<mjloggm ver="2.3"><GO type="97" lobby="0"/><UN n0="%74%61%6D%61%5F%74%61%6D" n1="%E3%81%8D%E3%81%9A%E3%81%9A" n2="%E3%81%99%E3%81%94%E3%81%84%E3%81%A4%E3%82%8A%E3%81%96%E3%81%8A%40" n3="%E5%B0%B1%E6%B4%BB%E7%94%9F%40%E5%B7%9D%E6%9D%91%E8%BB%8D%E5%9B%A3" dan="15,13,13,14" rate="2002.43,1904.64,1866.84,1944.12" sx="M,M,M,M"/><TAIKYOKU oya="0"/><INIT seed="0,0,0,0,5,21" ten="250,250,250,250" oya="0" hai0="20,55,22,126,32,90,76,14,2,106,49,62,35" hai1="78,71,123,95,103,54,120,92,99,53,102,104,84" hai2="1,125,100,28,26,7,74,115,4,77,6,124,3" hai3="82,40,47,42,45,10,80,97,91,17,101,38,8"/><T0/><D106/><N who="1" m="63839" /><E54/><V31/><F115/><W60/><G60/><T33/><D76/><U118/><E53/><V70/><F70/><W111/><G111/><T65/><D126/><N who="2" m="48746" /><F100/><W44/><G91/><T110/><D110/><U11/><E11/><V25/><F74/><W13/><G8/><T69/><D90/><N who="1" m="53319" /><E71/><V114/><F77/><W87/><G87/><T29/><D14/><U107/><E118/><V127/><F114/><W79/><G79/><T39/><D39/><U93/><E78/><V135/><F135/><W116/><G116/><T113/><D113/><U108/><E108/><V56/><F56/><W51/><REACH who="3" step="1"/><G44/><REACH who="3" ten="250,250,250,240" step="2"/><T23/><REACH who="0" step="1"/><D29/><REACH who="0" ten="240,250,250,240" step="2"/><N who="2" m="11338" /><F127/><W121/><G121/><N who="1" m="46666" /><E103/><V19/><F19/><W5/><G5/><T132/><D132/><U133/><E133/><V16/><F16/><W98/><G98/><T112/><D112/><U105/><AGARI ba="0,2" hai="93,95,104,105,107" m="46666,53319,63839" machi="105" ten="40,2700,0" yaku="34,2" doraHai="21" who="1" fromWho="1" sc="240,-13,250,47,250,-7,240,-7" /><INIT seed="1,0,0,3,2,8" ten="227,297,243,233" oya="1" hai0="135,41,123,105,33,38,61,30,103,76,80,109,5" hai1="11,64,133,87,85,50,17,69,28,111,118,78,59" hai2="125,62,53,97,94,74,128,44,132,129,0,60,107" hai3="96,101,7,9,71,119,104,134,36,92,16,120,121"/><U112/><E118/><V47/><F0/><W130/><G71/><T55/><D109/><U91/><E112/><V83/><F107/><W22/><G36/><T95/><D135/><U19/><E133/><V98/><F132/><W66/><G134/><T90/><D41/><U99/><E69/><V43/><F74/><W72/><G72/><T39/><D5/><U25/><E111/><V67/><F83/><W20/><G119/><T110/><D110/><U63/><E28/><V84/><F84/><N who="1" m="32329" /><E78/><V37/><F125/><W27/><G130/><N who="2" m="50281" /><F98/><W46/><G66/><T77/><D103/><U75/><E75/><V4/><F4/><W56/><G56/><N who="0" m="34975" /><D105/><U93/><E25/><V81/><F81/><W26/><G46/><T65/><D65/><U35/><E35/><V115/><F115/><W52/><G52/><T1/><D1/><U127/><E127/><V13/><F13/><W42/><G42/><T58/><D80/><U116/><E116/><V88/><F67/><W114/><G114/><T89/><D30/><U51/><E17/><V2/><F2/><W10/><G104/><T34/><D33/><U49/><E19/><V54/><F47/><W18/><G10/><AGARI ba="0,0" hai="10,11,49,50,51,59,63,64,91,93,99" m="32329" machi="10" ten="30,1500,0" yaku="8,1" doraHai="8" who="1" fromWho="3" sc="227,0,297,15,243,0,233,-15" /><INIT seed="1,1,0,4,0,73" ten="227,312,243,218" oya="1" hai0="33,11,13,122,53,32,16,43,38,83,41,14,48" hai1="51,27,52,100,54,69,129,3,31,80,34,119,56" hai2="128,66,90,99,24,106,105,95,5,123,135,58,78" hai3="6,23,92,19,86,35,131,134,111,118,112,130,109"/><U2/><E119/><V45/><F5/><W77/><G112/><T132/><D132/><U121/><E121/><V28/><F123/><W60/><G35/><T62/><D122/><U74/><E69/><V71/><F135/><W93/><G134/><T70/><D38/><U9/><E129/><N who="3" m="49162" /><G118/><T49/><D33/><U96/><E9/><V117/><F117/><W10/><G60/><T76/><D32/><U59/><E80/><V89/><F128/><W107/><G107/><T26/><D26/><U114/><E74/><V133/><F133/><W36/><G36/><T46/><D48/><U1/><E114/><V124/><F71/><W88/><G77/><T22/><D70/><U17/><E17/><V47/><F124/><W0/><G93/><T7/><REACH who="0" step="1"/><D62/><REACH who="0" ten="217,312,243,218" step="2"/><U97/><REACH who="1" step="1"/><E100/><REACH who="1" ten="217,302,243,218" step="2"/><V39/><F28/><W21/><G21/><T75/><AGARI ba="1,2" hai="7,11,13,14,16,22,41,43,46,49,53,75,76,83" machi="75" ten="20,12000,2" yaku="1,1,2,1,0,1,7,1,52,1,54,1,53,0" doraHai="73" doraHaiUra="126" who="0" fromWho="0" sc="217,143,302,-61,243,-31,218,-31" /><INIT seed="2,0,0,0,0,117" ten="360,241,212,187" oya="2" hai0="32,76,68,135,19,13,106,10,14,4,94,84,65" hai1="85,63,62,35,89,99,37,81,104,60,95,23,108" hai2="129,73,91,36,110,131,58,113,100,128,41,55,44" hai3="102,92,86,64,80,30,74,130,132,75,67,98,87"/><V133/><F100/><W24/><G130/><T116/><D32/><U82/><E35/><V57/><F73/><W38/><G38/><T27/><D106/><U101/><E108/><V2/><F2/><W54/><G132/><T69/><D135/><U1/><E1/><V71/><F133/><W8/><G86/><T96/><D27/><U21/><E37/><V107/><F107/><W3/><G3/><T9/><D65/><U70/><E70/><V17/><F17/><W123/><G123/><T114/><D114/><U42/><E42/><V121/><F113/><W118/><G118/><T22/><D116/><U51/><E51/><V124/><F91/><W48/><G8/><N who="0" m="4231" /><D68/><U18/><REACH who="1" step="1"/><E21/><REACH who="1" ten="360,231,212,187" step="2"/><V46/><F71/><W83/><G75/><T103/><D69/><U61/><N who="1" m="15872" /><DORA hai="52" /><U16/><E16/><V28/><F110/><W20/><G74/><T33/><D33/><U6/><E6/><V39/><F28/><W134/><G134/><T25/><D25/><AGARI ba="0,1" hai="18,23,25,81,82,85,89,95,99,101,104" m="15872" machi="25" ten="50,1600,0" yaku="1,1,53,0" doraHai="117,52" doraHaiUra="127,53" who="1" fromWho="0" sc="360,-16,231,26,212,0,187,0" /><INIT seed="3,0,0,1,1,11" ten="344,257,212,187" oya="3" hai0="87,97,1,18,63,30,125,73,61,81,77,75,66" hai1="51,110,4,94,89,26,49,33,42,105,48,104,96" hai2="120,17,35,14,95,121,86,119,92,40,131,69,19" hai3="109,99,85,102,12,43,67,98,55,117,70,133,135"/><W113/><G117/><T108/><D108/><U128/><E110/><V15/><F119/><W39/><G113/><T57/><D1/><U118/><E128/><V107/><F40/><W13/><G109/><T126/><D30/><U88/><E118/><V115/><F115/><W29/><G29/><T79/><D97/><N who="3" m="36873" /><G102/><T36/><D36/><U22/><E33/><V28/><F28/><W74/><G74/><T50/><D50/><N who="1" m="19563" /><E104/><V111/><F111/><W8/><G8/><T3/><D3/><U21/><E105/><V122/><F107/><W20/><G20/><N who="1" m="7786" /><E26/><V44/><F44/><N who="3" m="23679" /><G85/><T23/><D75/><U91/><E4/><V116/><F116/><W58/><G67/><T6/><D6/><U129/><E129/><V124/><F69/><W93/><G93/><N who="2" m="35913" /><F86/><W10/><G10/><T59/><D73/><U71/><E71/><V54/><F131/><W41/><G41/><T60/><D77/><U45/><AGARI ba="0,0" hai="42,45,51,88,89,91,94,96" m="7786,19563" machi="45" ten="30,2000,0" yaku="8,1,54,1" doraHai="11" who="1" fromWho="1" sc="344,-5,257,20,212,-5,187,-10" owari="339,43.0,277,8.0,207,-19.0,177,-32.0" /></mjloggm>