<mjloggm ver="2.3"><GO type="97" lobby="0"/><UN n0="%28%C2%B4%C2%B0%CF%89%C2%B0%EF%BD%80%29" n1="%E5%B0%B1%E6%B4%BB%E7%94%9F%40%E5%B7%9D%E6%9D%91%E8%BB%8D%E5%9B%A3" n2="%E2%98%86%4E%41%53%E2%98%86" n3="%E3%81%B2%E3%83%BC%E3%82%89%E3%83%BC" dan="13,15,15,13" rate="1915.24,2038.00,1989.59,1903.57" sx="M,M,F,M"/><TAIKYOKU oya="0"/><INIT seed="0,0,0,0,2,49" ten="250,250,250,250" oya="0" hai0="48,124,40,37,0,3,50,135,69,1,9,74,80" hai1="71,19,113,73,127,16,23,56,79,22,63,15,4" hai2="70,107,131,54,12,18,24,123,52,120,13,32,105" hai3="10,92,106,112,38,97,75,68,5,51,125,41,96"/><T110/><D124/><U104/><E104/><V57/><F70/><W72/><G112/><T7/><D135/><U116/><E71/><V128/><F32/><W94/><G125/><T44/><D110/><U83/><E127/><V108/><F108/><W8/><G106/><N who="2" m="40457" /><F24/><W2/><G68/><T45/><D69/><U111/><E116/><V59/><F57/><W99/><G38/><T122/><D122/><N who="2" m="46634" /><F59/><W115/><G115/><T81/><D81/><U60/><E111/><V27/><F27/><W93/><G10/><T129/><D129/><N who="2" m="49738" /><F12/><W43/><REACH who="3" step="1"/><G51/><REACH who="3" ten="250,250,250,240" step="2"/><N who="0" m="19499" /><D45/><U58/><E113/><V89/><F89/><W61/><G61/><T119/><D119/><U21/><E63/><V55/><F55/><W62/><G62/><T90/><D90/><U14/><E4/><V76/><F76/><AGARI ba="0,1" hai="0,1,3,7,9,37,40,44,74,76,80" m="19499" machi="76" ten="30,1500,0" yaku="25,1" doraHai="49" who="0" fromWho="2" sc="250,25,250,0,250,-15,240,0" /><INIT seed="0,1,0,1,0,128" ten="275,250,235,240" oya="0" hai0="27,47,2,57,49,11,60,1,112,13,109,90,3" hai1="101,121,14,134,21,15,85,104,56,105,93,78,52" hai2="53,9,125,39,89,99,20,88,100,115,6,68,122" hai3="65,119,24,120,40,103,22,129,131,107,42,67,96"/><T16/><D112/><U55/><E121/><V34/><F34/><W91/><G119/><T41/><D109/><U106/><E134/><V97/><F115/><W17/><G120/><T50/><D90/><U108/><E108/><V37/><F68/><W0/><G0/><T82/><D82/><U8/><E55/><V87/><F125/><W48/><G91/><T38/><REACH who="0" step="1"/><D27/><REACH who="0" ten="265,250,235,240" step="2"/><U10/><E78/><V79/><F79/><W130/><G40/><T23/><D23/><U132/><E132/><V73/><F20/><W126/><G126/><T43/><D43/><U64/><E21/><V70/><F89/><W117/><G117/><T75/><D75/><U26/><E26/><V32/><F88/><W45/><AGARI ba="1,1" hai="17,22,24,42,45,48,65,67,96,103,107,129,130,131" machi="45" ten="40,2700,0" yaku="0,1,19,1" doraHai="128" who="3" fromWho="3" sc="265,-14,250,-8,235,-8,240,40" /><INIT seed="1,0,0,2,5,3" ten="251,242,227,280" oya="1" hai0="88,134,81,106,79,19,14,16,77,1,50,43,18" hai1="40,94,42,70,22,71,23,21,61,119,95,74,124" hai2="28,13,91,117,57,36,62,60,103,26,102,114,87" hai3="118,108,65,44,89,110,31,100,69,82,78,85,55"/><U58/><E74/><V111/><F36/><W90/><G118/><T128/><D1/><U129/><E119/><V115/><F117/><W49/><G100/><T96/><D128/><U72/><E72/><V80/><F111/><W132/><G132/><T2/><D2/><U112/><E112/><N who="2" m="43051" /><F13/><W9/><G31/><T101/><D134/><U104/><E104/><V8/><F8/><W51/><G65/><T45/><REACH who="0" step="1"/><D14/><REACH who="0" ten="241,242,227,280" step="2"/><U47/><E129/><V131/><F131/><W97/><G110/><T73/><D73/><U24/><E24/><V109/><F109/><W15/><G108/><T84/><AGARI ba="0,1" hai="16,18,19,43,45,50,77,79,81,84,88,96,101,106" machi="84" ten="30,8000,1" yaku="1,1,0,1,54,2,53,1" doraHai="3" doraHaiUra="83" who="0" fromWho="0" sc="241,90,242,-40,227,-20,280,-20" /><INIT seed="2,0,0,3,3,62" ten="331,202,207,260" oya="2" hai0="131,21,110,52,56,43,91,60,100,87,25,65,17" hai1="3,61,11,23,16,86,0,98,44,109,74,71,13" hai2="135,26,82,46,24,117,54,30,85,69,79,39,75" hai3="94,8,66,124,77,97,120,80,57,95,118,90,115"/><V112/><F112/><W119/><G118/><T133/><D110/><U35/><E74/><V130/><F117/><W67/><G115/><T51/><D131/><U42/><E35/><V47/><F69/><W107/><G120/><T40/><D100/><U78/><E109/><V12/><F135/><W7/><G119/><T37/><D37/><U76/><E98/><V93/><F130/><W31/><G124/><T28/><D28/><U89/><E3/><V84/><F39/><W32/><G107/><T128/><D133/><U53/><E0/><V27/><F30/><W20/><G32/><T123/><D123/><U111/><E111/><V48/><F47/><W127/><G127/><T19/><D19/><U102/><E102/><V58/><F46/><W63/><G95/><N who="0" m="54783" /><D128/><U73/><E73/><V38/><F38/><W125/><G125/><T81/><D81/><N who="1" m="49359" /><E71/><V2/><F2/><W68/><G68/><T126/><D126/><U70/><E70/><V134/><F134/><W41/><G41/><T122/><D122/><U88/><E42/><V129/><F129/><W18/><G31/><T1/><D1/><U113/><E113/><V4/><REACH who="2" step="1"/><F93/><REACH who="2" ten="331,202,197,260" step="2"/><W83/><G80/><T96/><D96/><U121/><E121/><V50/><F50/><W22/><G83/><T5/><D51/><N who="1" m="28903" /><E61/><V103/><F103/><W99/><G99/><T34/><D60/><U10/><E88/><V105/><F105/><W49/><G97/><T6/><D56/><U72/><E72/><V45/><F45/><W106/><G106/><T101/><D43/><U59/><E59/><V55/><F55/><RYUUKYOKU ba="0,1" sc="331,-15,202,15,197,15,260,-15" hai1="10,11,13,16,23,76,78" hai2="4,12,24,26,27,48,54,58,75,79,82,84,85" /><INIT seed="2,1,1,1,0,57" ten="316,217,212,245" oya="2" hai0="4,50,56,62,41,0,44,53,79,51,97,100,87" hai1="45,98,94,133,89,135,109,107,10,130,90,126,91" hai2="30,88,8,46,49,105,123,85,34,122,121,128,36" hai3="99,12,58,116,6,21,66,114,35,40,25,118,132"/><V101/><F36/><W60/><G114/><T82/><D0/><U83/><E10/><V119/><F119/><W38/><G132/><N who="1" m="50762" /><E45/><V69/><F69/><W11/><G35/><T23/><D4/><U73/><E109/><V28/><F128/><W2/><G2/><T111/><D111/><U55/><E55/><V95/><F8/><W13/><G13/><T27/><D51/><U125/><E107/><V106/><F34/><W54/><G99/><T29/><D97/><U67/><E67/><V77/><F77/><W129/><G129/><T42/><REACH who="0" step="1"/><D100/><REACH who="0" ten="306,217,212,245" step="2"/><N who="1" m="60503" /><E130/><V59/><F101/><W33/><G118/><T52/><AGARI ba="1,2" hai="23,27,29,41,42,44,50,52,53,56,62,79,82,87" machi="52" ten="20,12000,2" yaku="1,1,0,1,7,1,8,1,52,1,54,1,53,0" doraHai="57" doraHaiUra="70" who="0" fromWho="0" sc="306,143,217,-31,212,-61,245,-31" /><INIT seed="3,0,0,4,2,27" ten="449,186,151,214" oya="3" hai0="105,66,50,84,67,114,98,123,55,8,17,14,89" hai1="133,120,129,113,9,108,128,32,33,26,107,87,24" hai2="25,94,77,56,41,10,20,122,73,115,48,132,13" hai3="85,111,61,106,39,74,60,102,121,0,3,18,116"/><W11/><G121/><T36/><D123/><U28/><E107/><V71/><F71/><W96/><G74/><T43/><D114/><U131/><E120/><V15/><F122/><W7/><G116/><T125/><D43/><U80/><E113/><V135/><F115/><W64/><G39/><T47/><D36/><U51/><E108/><V91/><F73/><W31/><G111/><T70/><D70/><U49/><E133/><V22/><F77/><W21/><G0/><T119/><D125/><U78/><E9/><V117/><F117/><W5/><G5/><T112/><D119/><U35/><E26/><V69/><F69/><W6/><G6/><T57/><D57/><U104/><E104/><V72/><F72/><W130/><G130/><T54/><D54/><U46/><E51/><V58/><F41/><AGARI ba="0,0" hai="24,28,32,33,35,41,46,49,78,80,87,128,129,131" machi="41" ten="40,2600,0" yaku="19,1,52,1" doraHai="27" who="1" fromWho="2" sc="449,0,186,26,151,-26,214,0" owari="449,55.0,212,-19.0,125,-37.0,214,1.0" /></mjloggm>