<mjloggm ver="2.3"><GO type="41" lobby="0"/><UN n0="%61%62%73%61" n1="%2D%46%49%58%45%52%2D" n2="%E5%B0%B1%E6%B4%BB%E7%94%9F%40%E5%B7%9D%E6%9D%91%E8%BB%8D%E5%9B%A3" n3="%E5%90%8D%E5%8F%A4%E5%B1%8B%E5%B8%9D%E9%83%BD%E5%8C%96%E8%A8%88%E7%94%BB" dan="13,14,16,13" rate="1862.17,1857.21,2079.51,1912.17" sx="M,M,M,M"/><TAIKYOKU oya="0"/><INIT seed="0,0,0,5,5,15" ten="250,250,250,250" oya="0" hai0="7,9,125,85,119,99,40,93,14,33,88,30,83" hai1="13,75,110,22,105,3,114,19,135,70,106,79,28" hai2="112,24,21,108,36,95,91,96,60,56,38,115,35" hai3="111,46,45,82,68,62,49,27,116,50,121,18,0"/><T58/><D119/><U44/><E3/><V23/><F35/><W61/><G0/><T118/><D125/><U17/><E70/><V66/><F108/><W43/><G116/><T51/><D33/><U87/><E110/><V64/><F64/><W77/><G111/><T130/><D130/><U97/><E75/><V131/><F131/><W48/><G121/><T34/><D34/><U72/><E72/><V103/><F23/><W1/><G1/><T20/><D118/><U53/><E114/><V37/><REACH who="2" step="1"/><F91/><REACH who="2" ten="250,250,240,250" step="2"/><W74/><G46/><T69/><D69/><U124/><E44/><V86/><F86/><W63/><G68/><T120/><D120/><U89/><E89/><V104/><F104/><W126/><G126/><T133/><D133/><U92/><E124/><V52/><F52/><W81/><G74/><T128/><D128/><U123/><E123/><V73/><F73/><W11/><G11/><T6/><D20/><U84/><E106/><V134/><F134/><W59/><G45/><T12/><D40/><U71/><E105/><V109/><F109/><W42/><G43/><T129/><D129/><U25/><E71/><V10/><F10/><W102/><G42/><T80/><D9/><N who="1" m="6319" /><E135/><V47/><F47/><W78/><G59/><T132/><D132/><U122/><E122/><V55/><F55/><W65/><G65/><T26/><D88/><N who="1" m="55431" /><E53/><V113/><F113/><W76/><G102/><T16/><D85/><U2/><E87/><V41/><F41/><W32/><G32/><T127/><D127/><U5/><E84/><V29/><AGARI ba="0,1" hai="21,24,29,36,37,38,56,60,66,95,96,103,112,115" machi="29" ten="30,7900,0" yaku="1,1,0,1,25,2,53,0" doraHai="15" doraHaiUra="107" who="2" fromWho="2" sc="250,-39,250,-20,240,89,250,-20" /><INIT seed="1,0,0,2,3,114" ten="211,230,329,230" oya="1" hai0="54,89,1,108,128,96,85,107,118,130,110,93,2" hai1="14,45,99,51,122,115,127,49,3,32,131,70,18" hai2="7,71,101,86,35,60,12,34,132,21,94,117,63" hai3="68,44,42,120,124,116,58,6,43,88,78,20,56"/><U129/><E122/><V5/><F71/><W66/><G120/><T28/><D28/><U33/><E70/><V48/><F48/><W73/><G124/><T36/><D36/><U61/><E3/><V82/><F132/><W19/><G6/><T76/><D1/><U105/><E127/><V79/><F117/><W23/><G68/><T74/><D54/><U22/><E115/><V65/><F35/><W90/><G73/><T57/><D57/><N who="3" m="22121" /><G78/><T72/><D2/><U10/><E61/><N who="2" m="23627" /><F34/><W39/><G39/><T123/><D123/><U15/><E49/><V4/><F65/><W41/><G116/><T95/><D118/><U126/><E126/><V13/><F21/><N who="3" m="8267" /><G19/><T69/><D69/><U27/><E33/><V121/><F121/><W26/><G26/><T38/><D38/><U133/><E32/><V119/><F119/><W40/><G44/><T64/><D64/><U80/><E27/><V25/><F25/><W113/><G113/><T29/><D29/><U62/><E62/><V103/><F103/><W134/><G66/><T8/><D8/><U16/><E105/><V67/><F67/><W112/><G112/><T46/><D46/><U100/><E45/><V125/><F125/><W55/><G134/><T111/><D107/><U75/><E75/><N who="0" m="28713" /><D76/><U37/><E37/><V106/><F106/><W83/><G90/><AGARI ba="0,0" hai="85,89,90,93,95,96,108,110,111,128,130" m="28713" machi="90" ten="40,5200,0" yaku="14,1,34,2" doraHai="114" who="0" fromWho="3" sc="211,52,230,0,329,0,230,-52" /><INIT seed="2,0,0,1,2,43" ten="263,230,329,178" oya="2" hai0="68,2,12,46,29,71,60,110,125,22,100,106,119" hai1="109,13,80,31,93,85,130,83,112,117,74,79,65" hai2="52,107,113,131,36,128,40,64,63,87,99,6,53" hai3="56,66,11,61,48,37,18,26,103,35,134,132,51"/><V23/><F113/><W90/><G37/><T3/><D110/><U116/><E112/><V47/><F6/><W81/><G103/><T123/><D123/><U25/><E109/><V124/><F124/><W95/><G81/><T111/><D111/><U105/><E105/><V127/><F127/><W69/><G35/><T86/><D125/><U77/><E130/><N who="2" m="49707" /><F87/><W50/><G69/><T133/><D133/><N who="3" m="51305" /><G11/><T14/><D119/><U67/><E93/><V49/><F23/><N who="3" m="13687" /><G50/><T96/><D2/><U84/><E74/><V70/><F36/><W98/><AGARI ba="0,0" hai="48,51,56,61,66,90,95,98" m="13687,51305" machi="98" ten="30,1100,0" yaku="20,1" doraHai="43" who="3" fromWho="3" sc="263,-3,230,-3,329,-5,178,11" /><INIT seed="3,0,0,4,2,8" ten="260,227,324,189" oya="3" hai0="131,50,15,84,40,109,113,125,3,29,119,5,18" hai1="38,26,17,48,114,53,52,87,69,80,132,75,83" hai2="117,130,64,110,19,67,60,93,133,77,34,32,92" hai3="59,105,112,62,86,12,118,55,21,35,108,76,49"/><W91/><G112/><T33/><D119/><U115/><E38/><V44/><F117/><W25/><G118/><T71/><D71/><U2/><E2/><V135/><F110/><W96/><G108/><T43/><D109/><U79/><E69/><V129/><F77/><W102/><G76/><T89/><D131/><N who="2" m="50186" /><F19/><W54/><G35/><N who="2" m="13353" /><F44/><W97/><G97/><T70/><D125/><U30/><E132/><N who="2" m="50763" /><F60/><W47/><G25/><T61/><D70/><U42/><E17/><V126/><F126/><W31/><G31/><T20/><D113/><U111/><E111/><V66/><AGARI ba="0,0" hai="64,66,67,92,93" m="50763,13353,50186" machi="66" ten="40,8000,1" yaku="28,2,19,1,20,1" doraHai="8" who="2" fromWho="2" sc="260,-20,227,-20,324,80,189,-40" /><INIT seed="4,0,0,4,0,40" ten="240,207,404,149" oya="0" hai0="33,19,70,99,125,129,17,104,87,67,64,5,35" hai1="116,126,15,86,11,71,29,111,91,60,118,23,41" hai2="25,114,50,66,34,134,62,73,10,101,58,6,89" hai3="38,24,39,76,8,74,61,68,109,72,44,21,128"/><T37/><D129/><U90/><E111/><V2/><F73/><W93/><G109/><T14/><D5/><U57/><E126/><V22/><F134/><W52/><G128/><T36/><D99/><U88/><E71/><V100/><F114/><W119/><G119/><T83/><D14/><U42/><E86/><V3/><F3/><W112/><G112/><T20/><D70/><U130/><E130/><V97/><F34/><W103/><G8/><T82/><D87/><U27/><E118/><V4/><F4/><W115/><G115/><T102/><D102/><U92/><E92/><V77/><F77/><W95/><G95/><T117/><D117/><U122/><E122/><V54/><F89/><W9/><G9/><T26/><D20/><U98/><E98/><V7/><F7/><W105/><G105/><T78/><D78/><U127/><E127/><V110/><F110/><W0/><G0/><T135/><D26/><U113/><E113/><V107/><F100/><W45/><G103/><T49/><D125/><U63/><E116/><V51/><F66/><N who="3" m="41039" /><G93/><T56/><D56/><U30/><E30/><AGARI ba="0,0" hai="2,6,10,22,25,30,50,51,54,58,62,97,101,107" machi="30" ten="30,1000,0" yaku="7,1" doraHai="40" who="2" fromWho="1" sc="240,0,207,-10,404,10,149,0" /><INIT seed="5,0,0,2,4,101" ten="240,197,414,149" oya="1" hai0="129,19,65,33,133,113,104,131,125,67,43,86,70" hai1="31,17,114,26,9,94,32,20,12,97,78,124,105" hai2="54,89,130,123,10,13,45,47,81,96,7,91,111" hai3="79,22,76,24,61,93,132,108,4,38,66,122,116"/><U102/><E114/><V128/><F111/><W15/><G122/><T88/><D33/><U109/><E109/><V64/><F123/><W60/><G108/><T55/><D43/><U83/><E124/><V77/><F64/><W53/><G38/><T68/><D113/><U75/><REACH who="1" step="1"/><E94/><REACH who="1" ten="240,187,414,149" step="2"/><V121/><F121/><W82/><G93/><T34/><D125/><U23/><AGARI ba="0,1" hai="9,12,17,20,23,26,31,32,75,78,83,97,102,105" machi="23" ten="30,11700,0" yaku="1,1,2,1,0,1,52,1,53,0" doraHai="101" doraHaiUra="80" who="1" fromWho="1" sc="240,-39,187,127,414,-39,149,-39" /><INIT seed="5,1,0,0,0,56" ten="201,314,375,110" oya="1" hai0="49,5,109,19,120,124,87,28,75,101,121,115,1" hai1="21,13,79,37,91,7,117,46,83,64,3,29,40" hai2="89,45,11,66,25,27,20,128,2,107,76,36,72" hai3="9,85,123,78,43,106,55,119,132,77,65,92,24"/><U31/><E117/><V16/><F107/><W99/><G123/><T133/><D75/><U59/><E91/><V116/><F116/><W118/><G119/><T63/><D101/><U86/><E3/><V15/><F128/><W32/><G118/><T104/><D109/><U127/><E127/><V135/><F135/><W23/><G32/><T84/><D104/><U54/><E64/><V103/><F103/><W51/><G106/><T98/><D124/><U22/><E22/><V97/><F66/><W82/><G132/><T114/><D28/><U68/><E68/><V113/><F113/><N who="0" m="43018" /><D49/><U69/><E69/><V38/><F2/><W41/><G77/><T95/><D133/><U8/><REACH who="1" step="1"/><E21/><REACH who="1" ten="201,304,375,110" step="2"/><V94/><F20/><W10/><G65/><T34/><D34/><U71/><E71/><V52/><F36/><W4/><G23/><T90/><D1/><U39/><E39/><V48/><F38/><W80/><G78/><T96/><D121/><U100/><E100/><V126/><F126/><W130/><G130/><T88/><D120/><U81/><E81/><V12/><F12/><W108/><G82/><T62/><D5/><U93/><E93/><V26/><F72/><W73/><G80/><N who="0" m="49159" /><D19/><U105/><E105/><V44/><F76/><W33/><G92/><T134/><D134/><U61/><AGARI ba="1,1" hai="7,8,13,29,31,37,40,46,54,59,61,79,83,86" machi="61" ten="20,7800,0" yaku="1,1,0,1,7,1,52,1,53,0" doraHai="56" doraHaiUra="110" who="1" fromWho="1" sc="201,-27,304,91,375,-27,110,-27" /><INIT seed="5,2,0,1,1,90" ten="174,395,348,83" oya="1" hai0="108,43,5,3,55,2,110,126,92,1,4,65,82" hai1="29,56,31,54,63,60,91,62,132,40,89,9,66" hai2="17,116,122,73,26,115,87,102,131,48,59,124,47" hai3="78,112,61,111,103,134,107,0,64,98,81,41,85"/><U80/><E132/><V68/><F73/><W121/><G112/><T22/><D43/><U58/><E40/><V88/><F68/><W14/><G134/><T7/><D82/><U129/><E129/><V24/><F116/><W18/><G121/><T34/><D34/><U79/><E62/><V76/><F122/><W101/><G111/><T71/><D126/><U83/><E9/><V49/><F76/><W20/><G0/><T120/><D55/><U27/><E29/><V99/><F124/><W13/><G41/><T97/><D22/><U125/><E125/><V74/><F74/><W52/><G103/><T67/><D71/><U19/><E19/><V95/><F115/><W127/><G127/><T6/><D120/><U10/><E10/><V69/><F69/><W119/><G119/><T70/><N who="0" m="1536" /><DORA hai="123" /><T75/><D75/><U53/><E66/><V42/><F17/><W32/><G32/><T57/><D57/><U28/><E79/><V109/><F109/><W128/><G128/><T45/><D45/><U105/><E105/><V77/><F77/><W86/><G64/><T84/><D84/><U33/><E33/><V11/><F11/><W15/><REACH who="3" step="1"/><G86/><REACH who="3" ten="174,395,348,73" step="2"/><T113/><D67/><U37/><E37/><V117/><F117/><W51/><G51/><T114/><D65/><U130/><E130/><V36/><F131/><W25/><G25/><AGARI ba="2,1" hai="25,27,28,31,53,54,56,58,60,63,80,83,89,91" machi="25" ten="25,4800,0" yaku="22,2,8,1" doraHai="90,123" who="1" fromWho="3" sc="174,0,395,64,348,0,73,-54" /><INIT seed="5,3,0,4,5,69" ten="174,459,348,19" oya="1" hai0="111,55,121,101,33,40,15,54,9,6,36,61,135" hai1="3,16,106,68,75,22,107,62,122,83,13,102,8" hai2="82,98,133,128,84,88,90,114,43,28,41,99,20" hai3="12,113,127,25,44,91,109,131,42,124,58,48,78"/><U51/><E122/><V10/><F128/><W45/><G113/><T70/><D33/><U7/><E102/><V76/><F133/><W47/><G109/><T35/><D111/><U46/><E62/><V37/><F114/><W132/><G131/><T21/><D35/><U105/><E68/><V49/><F37/><W89/><G132/><T60/><D135/><U64/><E64/><V32/><F32/><W97/><G78/><T134/><D134/><U50/><E75/><V116/><F116/><W85/><G25/><T100/><D121/><U57/><E83/><V96/><F10/><W123/><G123/><T110/><D110/><U30/><E30/><V87/><F49/><W81/><G12/><T129/><D129/><U94/><E94/><V125/><F125/><N who="3" m="48203" /><G58/><T59/><D70/><U112/><E112/><V115/><F115/><W119/><G119/><T86/><D86/><U29/><E29/><V71/><F71/><W104/><G91/><N who="2" m="34857" /><F87/><W72/><G72/><T4/><D4/><U73/><E73/><V2/><F2/><W77/><G89/><T52/><D21/><U17/><E106/><V14/><F14/><W103/><AGARI ba="3,0" hai="42,44,45,47,48,77,81,85,97,103,104" m="48203" machi="103" ten="30,1100,0" yaku="18,1" doraHai="69" who="3" fromWho="3" sc="174,-6,459,-8,348,-6,19,20" /><INIT seed="6,0,0,2,2,29" ten="168,451,342,39" oya="2" hai0="97,120,59,17,15,51,66,72,84,53,88,21,133" hai1="82,58,80,74,124,55,81,32,65,104,67,132,4" hai2="52,121,46,96,134,37,111,63,85,78,122,44,12" hai3="35,86,43,103,9,19,71,116,42,126,106,25,38"/><V113/><F111/><W7/><G116/><T28/><D120/><U31/><E104/><V114/><F96/><W128/><G128/><T6/><D133/><U62/><E74/><V130/><F12/><W83/><G126/><T1/><D72/><U24/><E124/><V89/><F78/><W40/><G71/><T60/><D97/><U87/><E132/><V115/><F130/><W47/><G106/><T23/><D1/><U33/><E4/><V92/><F134/><W54/><G103/><T49/><D6/><U79/><E33/><V123/><F37/><W105/><G105/><T13/><D28/><U119/><E119/><V127/><REACH who="2" step="1"/><F127/><REACH who="2" ten="168,451,332,39" step="2"/><W125/><G125/><T34/><D34/><U112/><E79/><V100/><F100/><W109/><G109/><T45/><D51/><U70/><E32/><V27/><F27/><W73/><G35/><T98/><D98/><U56/><E24/><V5/><F5/><W11/><G38/><T0/><D0/><U117/><E117/><V20/><F20/><W41/><G7/><T110/><D110/><U95/><E80/><V99/><F99/><W3/><G83/><N who="0" m="49183" /><D15/><U90/><E81/><V22/><F22/><AGARI ba="0,1" hai="13,17,21,22,23,45,49,53,59,60,66" m="49183" machi="22" ten="30,2000,0" yaku="8,1,54,1" doraHai="29" who="0" fromWho="2" sc="168,30,451,0,332,-20,39,0" /><INIT seed="7,0,0,2,4,51" ten="198,451,312,39" oya="3" hai0="119,30,101,35,79,110,5,124,65,126,86,15,68" hai1="66,58,45,41,38,114,76,2,36,93,18,48,54" hai2="77,22,74,73,64,32,44,62,13,128,42,82,10" hai3="27,55,108,96,16,95,97,23,113,34,17,123,46"/><W53/><G123/><T106/><D119/><U60/><E2/><V121/><F32/><W90/><G113/><T125/><D110/><U47/><E114/><V102/><F128/><W19/><G34/><T107/><D79/><U109/><E76/><V56/><F121/><W72/><G72/><T131/><D131/><U20/><E109/><V4/><F102/><N who="3" m="60703" /><G108/><T33/><D86/><U80/><E93/><V105/><F105/><N who="0" m="39946" /><D15/><U67/><E80/><V122/><F122/><W39/><G39/><T49/><D5/><U118/><E118/><V120/><F120/><W87/><G97/><T29/><D101/><U25/><E67/><V127/><F127/><W89/><G46/><T26/><D49/><AGARI ba="0,0" hai="18,20,25,36,38,41,45,47,48,49,54,58,60,66" machi="49" ten="30,2000,0" yaku="7,1,52,1" doraHai="51" who="1" fromWho="0" sc="198,-20,451,20,312,0,39,0" owari="178,-22.0,471,57.0,312,11.0,39,-46.0" /></mjloggm>