<mjloggm ver="2.3"><GO type="97" lobby="0"/><UN n0="%E5%B0%B1%E6%B4%BB%E7%94%9F%40%E5%B7%9D%E6%9D%91%E8%BB%8D%E5%9B%A3" n1="%74%6F%73%69%79%75%6B%69" n2="%E3%83%A0%E3%83%8A%E3%83%B3%E3%82%B0" n3="%64%65%72%74%68%6D%73%73" dan="14,15,14,13" rate="2002.07,2052.18,1894.41,1814.16" sx="M,M,M,M"/><TAIKYOKU oya="0"/><INIT seed="0,0,0,4,5,108" ten="250,250,250,250" oya="0" hai0="65,46,84,6,125,66,32,16,36,111,127,105,116" hai1="94,132,9,67,7,23,103,57,18,1,109,50,69" hai2="41,0,55,92,40,44,121,93,59,73,24,35,95" hai3="60,49,26,38,20,45,48,64,68,30,101,47,34"/><T78/><D105/><U107/><E107/><V135/><F135/><W75/><G38/><T63/><D32/><U74/><E74/><V80/><F121/><W58/><G75/><T128/><D116/><U56/><E69/><V110/><F110/><W19/><G101/><T123/><D111/><U51/><E109/><V70/><F0/><W113/><G113/><T130/><D123/><U54/><E132/><V129/><F70/><W114/><G114/><T124/><D6/><U29/><E29/><V89/><F129/><N who="0" m="49770" /><D78/><U8/><E8/><V22/><F35/><W43/><G68/><N who="0" m="42047" /><D84/><U106/><E106/><V62/><F73/><W82/><G82/><T87/><D87/><U27/><E67/><V52/><F80/><W100/><G100/><T14/><D66/><U25/><E25/><V102/><F102/><W126/><G126/><T85/><D85/><U122/><E122/><V115/><F115/><W81/><G81/><T31/><D31/><U53/><E103/><V134/><F134/><W79/><G79/><T12/><D16/><U61/><REACH who="1" step="1"/><E94/><REACH who="1" ten="250,240,250,250" step="2"/><V117/><F117/><W119/><G119/><T98/><D14/><U3/><E3/><V4/><F95/><W72/><G72/><T91/><D12/><U5/><E5/><V21/><F4/><W2/><G2/><T71/><D71/><U10/><E10/><V37/><F93/><W131/><G131/><T83/><D127/><U17/><E17/><V77/><F92/><W96/><G96/><T11/><D125/><U39/><E39/><V99/><F37/><N who="3" m="21743" /><G47/><T76/><D124/><U120/><E120/><RYUUKYOKU ba="0,1" sc="250,-15,240,15,250,-15,250,15" hai1="1,7,9,18,23,27,50,51,53,54,56,57,61" hai3="19,20,26,30,34,48,49,58,60,64" /><INIT seed="1,1,1,0,0,78" ten="235,255,235,265" oya="1" hai0="28,32,27,117,59,75,70,103,55,45,5,115,91" hai1="96,60,20,39,120,80,44,79,10,6,98,122,107" hai2="125,72,49,84,16,89,21,69,132,15,63,14,38" hai3="81,47,127,61,23,99,40,83,76,68,26,54,121"/><U102/><E20/><V90/><F132/><W104/><G121/><T131/><D75/><N who="1" m="43135" /><E96/><V34/><F34/><W58/><G127/><T24/><D117/><U48/><E60/><V123/><F72/><W11/><G11/><T71/><D115/><U18/><E48/><V66/><F38/><W82/><G76/><T29/><D131/><U93/><E18/><V119/><F119/><W74/><G74/><T106/><D5/><U7/><E7/><V124/><F90/><W35/><G35/><T0/><D0/><N who="1" m="327" /><E93/><V37/><F37/><W129/><G129/><T110/><D110/><U56/><E56/><V111/><F123/><W108/><G108/><T134/><D134/><U135/><E135/><V128/><F111/><W62/><G62/><T109/><D109/><U30/><E30/><V77/><F128/><W94/><G104/><T51/><D59/><U25/><E25/><V17/><F49/><N who="3" m="26855" /><G68/><T42/><D55/><U112/><E112/><V118/><F118/><W113/><G113/><T22/><D91/><U116/><E116/><V85/><F125/><W87/><G87/><T50/><D50/><U31/><E31/><V19/><F124/><W88/><G82/><T133/><D133/><U101/><E101/><V114/><F114/><W57/><G57/><T4/><D4/><U36/><E36/><V53/><F85/><W92/><G92/><T95/><D106/><U46/><E46/><V64/><F69/><N who="0" m="26122" /><D95/><U126/><E126/><V1/><F84/><W86/><G86/><T97/><D103/><U13/><E13/><V3/><F15/><W12/><G12/><RYUUKYOKU ba="1,1" sc="235,10,255,10,235,-30,265,10" hai0="22,24,27,28,29,32,42,45,51,97" hai1="39,44,98,102,107,120,122" hai3="23,26,54,58,61,81,83,88,94,99" /><INIT seed="1,2,1,2,3,50" ten="245,265,205,275" oya="1" hai0="42,119,111,26,125,55,108,123,114,130,40,23,25" hai1="2,51,69,101,106,68,9,96,64,72,92,109,4" hai2="132,49,71,104,80,30,12,66,102,107,31,88,112" hai3="11,105,135,98,37,121,129,85,84,44,3,87,33"/><U32/><E72/><V90/><F132/><W67/><G121/><T29/><D123/><U122/><E122/><V20/><F112/><W34/><G129/><T41/><D119/><U65/><E32/><V133/><F133/><W28/><G135/><T43/><D114/><U82/><E109/><N who="0" m="42057" /><D130/><U60/><E82/><V46/><F71/><W14/><G3/><T18/><D125/><U76/><E76/><V54/><F66/><W39/><G39/><T8/><N who="0" m="10752" /><DORA hai="83" /><T57/><D8/><U6/><E6/><V36/><F36/><W78/><G78/><T22/><D57/><U73/><E73/><V91/><F102/><W7/><G67/><T35/><D55/><U15/><E51/><V61/><F61/><W97/><G105/><T59/><D59/><U56/><E65/><V27/><F12/><W70/><G70/><T38/><D38/><U53/><E64/><V17/><REACH who="2" step="1"/><F80/><REACH who="2" ten="245,265,195,275" step="2"/><W1/><G14/><T103/><D103/><U21/><REACH who="1" step="1"/><E106/><AGARI ba="2,2" hai="17,20,27,30,31,46,49,54,88,90,91,104,106,107" machi="106" ten="40,8000,1" yaku="1,1,2,1,52,1,54,1,53,1" doraHai="50,83" doraHaiUra="63,45" who="2" fromWho="1" sc="245,0,265,-86,195,106,275,0" /><INIT seed="2,0,0,4,5,46" ten="245,179,301,275" oya="2" hai0="31,105,91,45,17,61,90,101,85,123,70,19,23" hai1="103,108,22,87,88,37,11,75,63,52,110,44,38" hai2="33,73,83,57,107,53,133,114,48,117,29,56,72" hai3="7,111,79,115,81,28,135,132,21,94,65,66,74"/><V124/><F117/><W3/><G111/><N who="1" m="42538" /><E75/><V95/><F114/><W67/><G115/><T59/><D123/><U27/><E103/><V99/><F133/><N who="3" m="51275" /><G94/><T18/><D70/><U49/><E63/><V9/><F124/><W76/><G76/><T39/><D105/><U77/><E77/><V34/><F29/><W125/><G125/><T93/><D101/><U82/><E11/><V25/><F107/><W86/><G74/><T98/><D39/><U60/><E60/><V0/><F25/><N who="3" m="16431" /><G7/><T80/><D45/><U13/><E13/><V47/><F73/><W134/><N who="3" m="51283" /><W113/><DORA hai="55" /><G113/><T68/><D68/><U106/><E106/><V112/><F112/><W24/><G24/><T35/><D35/><U64/><E64/><N who="3" m="16386" /><W130/><DORA hai="32" /><G130/><T51/><D31/><AGARI ba="0,0" hai="22,27,31,37,38,44,49,52,82,87,88" m="42538" machi="31" ten="30,7700,0" yaku="14,1,52,1,54,2" doraHai="46,55,32" who="1" fromWho="0" sc="245,-77,179,77,301,0,275,0" /><INIT seed="3,0,0,4,4,129" ten="168,256,301,275" oya="3" hai0="123,32,119,40,125,68,21,92,97,9,132,78,5" hai1="50,135,3,26,23,133,112,124,85,74,63,101,87" hai2="95,55,121,2,13,12,106,113,45,69,99,77,114" hai3="116,128,46,4,31,20,60,76,65,91,110,22,93"/><W34/><G116/><T134/><D32/><U15/><E3/><V28/><F69/><W25/><G4/><T70/><D123/><U126/><E112/><V94/><F2/><W67/><G128/><T89/><D119/><U109/><E74/><V103/><F28/><W81/><G110/><T71/><D125/><N who="1" m="48235" /><E101/><V56/><F45/><W72/><G46/><T14/><D78/><U8/><E63/><V27/><F27/><W57/><REACH who="3" step="1"/><G65/><REACH who="3" ten="168,256,301,265" step="2"/><T131/><D131/><U98/><E109/><V54/><F121/><W38/><G38/><T39/><D40/><U44/><E44/><V104/><F114/><W58/><G58/><T75/><D39/><U111/><E111/><V115/><F56/><W43/><G43/><T127/><D127/><U66/><E66/><V108/><F115/><W47/><G47/><T62/><D75/><U73/><E73/><V64/><F64/><W36/><G36/><T30/><REACH who="0" step="1"/><D62/><REACH who="0" ten="158,256,301,265" step="2"/><U118/><E118/><V6/><F108/><W16/><G16/><T42/><D42/><U61/><E61/><V100/><F113/><W83/><G83/><T41/><D41/><U24/><E50/><V0/><F6/><W120/><G120/><T10/><D10/><U96/><E8/><V84/><F0/><W105/><G105/><T107/><D107/><U48/><E48/><V49/><F49/><W88/><G88/><T86/><D86/><AGARI ba="0,2" hai="20,22,25,31,34,57,60,67,72,76,81,86,91,93" machi="86" ten="30,5800,0" yaku="1,1,7,1,53,1" doraHai="129" doraHaiUra="29" who="3" fromWho="0" sc="158,-58,256,0,301,0,265,78" owari="100,-40.0,256,-14.0,301,10.0,343,44.0" /></mjloggm>