<mjloggm ver="2.3"><GO type="41" lobby="0"/><UN n0="%E5%B0%B1%E6%B4%BB%E7%94%9F%40%E5%B7%9D%E6%9D%91%E8%BB%8D%E5%9B%A3" n1="%E3%81%88%E3%81%84%E3%81%98%E3%81%95%E3%82%93" n2="%68%61%6E%61%6B%6F%32" n3="%E3%82%B6%E3%83%BB%E3%82%AB%E3%82%AA%E3%82%B9" dan="16,13,13,13" rate="2105.08,1835.31,1889.96,1841.74" sx="M,M,F,M"/><TAIKYOKU oya="0"/><INIT seed="0,0,0,3,3,106" ten="250,250,250,250" oya="0" hai0="14,18,26,78,40,96,90,104,108,88,121,27,134" hai1="57,62,129,94,37,130,43,59,85,124,97,107,34" hai2="21,11,46,16,84,93,64,5,68,115,119,76,116" hai3="95,60,7,28,102,58,100,15,122,75,45,131,125"/><T71/><D121/><U80/><E34/><V54/><F115/><W52/><G125/><T32/><D71/><U103/><E43/><V13/><F64/><W118/><G118/><T79/><D134/><U114/><E37/><V135/><F68/><W74/><G131/><N who="1" m="50186" /><E114/><V35/><F35/><W82/><G82/><T31/><D108/><U55/><E59/><V66/><F66/><W19/><G122/><T91/><D40/><U6/><E6/><V98/><F135/><W44/><G28/><T20/><REACH who="0" step="1"/><D27/><REACH who="0" ten="240,250,250,250" step="2"/><U67/><E124/><V133/><F133/><W49/><G7/><T50/><D50/><U70/><E70/><V132/><F132/><W83/><G45/><T123/><D123/><U112/><E112/><V69/><F69/><W23/><G83/><T117/><D117/><U89/><E67/><V3/><F119/><W30/><G30/><T4/><D4/><U47/><E47/><V0/><F116/><W17/><G17/><T86/><D86/><U48/><E48/><V41/><F54/><W109/><G109/><T105/><D105/><AGARI ba="0,1" hai="55,57,62,80,85,89,94,97,103,105,107" m="50186" machi="105" ten="30,1000,0" yaku="19,1" doraHai="106" who="1" fromWho="0" sc="240,-10,250,20,250,0,250,0" /><INIT seed="1,0,0,4,4,37" ten="230,270,250,250" oya="1" hai0="106,22,125,75,101,69,17,32,78,4,20,112,113" hai1="57,43,132,107,76,62,134,53,105,26,7,84,129" hai2="81,100,9,123,1,89,92,33,71,63,0,108,80" hai3="45,118,35,5,24,23,124,77,41,6,122,74,59"/><U16/><E7/><V79/><F123/><W49/><G122/><T51/><D69/><U83/><E129/><V56/><F108/><W8/><G6/><T128/><D32/><U34/><E34/><V54/><F33/><W25/><G124/><T126/><D75/><U91/><E76/><V39/><F71/><W13/><G35/><T115/><D78/><U94/><E83/><V3/><F100/><W99/><G118/><T11/><D128/><U38/><E38/><V44/><F9/><W127/><G127/><N who="0" m="48651" /><D101/><U117/><E43/><V36/><F81/><W14/><G74/><T130/><D106/><U58/><E58/><V21/><F21/><N who="0" m="8298" /><D51/><U95/><E117/><V73/><REACH who="2" step="1"/><F44/><REACH who="2" ten="230,270,240,250" step="2"/><W93/><G23/><T15/><D130/><U10/><E26/><V109/><F109/><W46/><G45/><T98/><D98/><AGARI ba="0,1" hai="0,1,3,36,39,54,56,63,73,79,80,89,92,98" machi="98" ten="40,2600,0" yaku="1,1,53,1" doraHai="37" doraHaiUra="55" who="2" fromWho="0" sc="230,-26,270,0,240,36,250,0" /><INIT seed="2,0,0,3,1,103" ten="204,270,276,250" oya="2" hai0="87,81,85,130,2,111,35,95,110,66,5,64,65" hai1="93,102,91,54,134,44,4,16,34,72,57,96,58" hai2="100,113,112,0,12,31,62,73,30,42,51,101,23" hai3="7,14,13,17,39,116,21,19,47,32,104,94,46"/><V15/><F73/><W105/><G39/><T131/><D35/><U60/><E72/><V63/><F0/><W89/><G32/><T122/><D2/><U20/><E34/><V109/><F51/><W80/><G7/><T27/><D5/><U3/><E134/><V53/><F42/><W38/><G116/><T45/><D27/><U132/><E132/><V126/><F126/><W1/><G1/><T26/><D26/><U118/><E118/><V106/><F109/><N who="0" m="41482" /><D122/><U92/><E44/><V75/><F23/><W40/><G80/><T119/><D119/><U127/><E127/><V90/><F90/><W49/><G46/><T128/><D45/><U52/><E4/><V135/><F135/><W121/><G121/><T59/><D59/><U71/><E71/><V22/><F22/><W84/><G38/><T133/><D133/><U56/><E3/><V10/><F75/><W69/><G69/><T114/><D114/><U86/><E54/><V129/><F53/><W9/><AGARI ba="0,0" hai="9,13,14,17,19,21,40,47,49,84,89,94,104,105" machi="9" ten="20,5200,0" yaku="0,1,7,1,52,2" doraHai="103" who="3" fromWho="3" sc="204,-13,270,-13,276,-26,250,52" /><INIT seed="3,0,0,0,4,135" ten="191,257,250,302" oya="3" hai0="26,8,80,13,127,10,11,78,115,86,134,58,72" hai1="81,117,42,4,107,7,102,113,116,94,96,129,114" hai2="111,6,54,79,62,121,110,76,125,12,131,28,2" hai3="75,122,25,52,16,61,67,31,40,74,38,51,73"/><W15/><G122/><T84/><D115/><N who="1" m="44043" /><E42/><V112/><F112/><W0/><G0/><T123/><D134/><U132/><E7/><V19/><F131/><W29/><G40/><T97/><D123/><U24/><E24/><V5/><F121/><W98/><G38/><T56/><D13/><U22/><E22/><V60/><F28/><W77/><G25/><T126/><D26/><U104/><E4/><N who="2" m="1643" /><F2/><W53/><G98/><T70/><D70/><U17/><E17/><V34/><F34/><W50/><G77/><N who="2" m="29769" /><F54/><W85/><G85/><N who="0" m="32875" /><D97/><U82/><E129/><V46/><F46/><W88/><G88/><T27/><D27/><U9/><E9/><V118/><F118/><N who="1" m="45673" /><E132/><V63/><F12/><W105/><G105/><AGARI ba="0,0" hai="81,82,94,96,102,104,105,107" m="45673,44043" machi="105" ten="40,5200,0" yaku="12,1,34,2" doraHai="135" who="1" fromWho="3" sc="191,0,257,52,250,0,302,-52" /><INIT seed="4,0,0,0,0,20" ten="191,309,250,250" oya="0" hai0="96,91,9,6,84,13,52,10,95,7,102,35,42" hai1="131,132,89,105,101,134,23,41,104,85,94,25,30" hai2="74,78,12,124,26,4,87,60,66,19,120,111,79" hai3="63,75,69,129,86,130,72,106,61,133,135,36,83"/><T17/><D35/><U98/><E131/><N who="3" m="50186" /><G86/><T47/><D52/><U57/><E41/><V8/><F120/><W15/><G15/><T64/><D64/><U5/><E5/><V123/><F123/><W88/><G83/><T114/><D114/><U38/><E38/><V76/><F111/><W126/><G36/><T97/><D97/><U107/><REACH who="1" step="1"/><E57/><REACH who="1" ten="191,299,250,250" step="2"/><N who="2" m="37135" /><F124/><W22/><G69/><T115/><D115/><U21/><E21/><N who="2" m="13631" /><F74/><N who="3" m="28203" /><G22/><T65/><D65/><U121/><E121/><V53/><F53/><W29/><G29/><T113/><D113/><U49/><E49/><V93/><F93/><AGARI ba="0,1" hai="23,25,30,85,89,93,94,98,101,104,105,107,132,134" machi="93" ten="40,2600,0" yaku="1,1,52,1,53,0" doraHai="20" doraHaiUra="112" who="1" fromWho="2" sc="191,0,299,36,250,-26,250,0" /><INIT seed="5,0,0,4,2,34" ten="191,335,224,250" oya="1" hai0="57,49,106,36,41,121,123,7,134,59,54,19,120" hai1="29,94,62,131,20,2,77,92,86,4,110,16,3" hai2="73,104,66,6,126,93,53,75,48,98,1,133,95" hai3="130,99,97,65,69,105,82,58,43,72,5,30,90"/><U88/><E131/><V89/><F133/><W63/><G58/><N who="0" m="33103" /><D106/><U111/><E77/><V33/><F126/><W17/><G97/><T15/><D7/><U21/><E4/><V129/><F33/><W132/><G17/><T13/><D13/><U107/><E107/><V80/><F129/><W83/><G82/><T61/><D15/><U81/><E62/><V112/><F66/><W60/><G132/><T23/><D23/><U119/><E119/><V91/><F112/><W101/><G90/><T11/><D19/><U127/><E127/><V18/><F18/><W14/><G14/><T35/><D11/><U125/><E125/><V79/><F104/><W47/><G130/><T10/><D10/><U117/><E117/><V108/><F108/><N who="1" m="41513" /><E29/><V71/><F71/><W8/><G30/><T0/><D35/><U128/><E128/><V76/><F6/><W103/><G103/><T124/><D124/><U51/><E51/><V122/><F122/><W39/><G83/><T85/><D85/><U84/><E21/><V25/><F25/><W78/><G78/><N who="2" m="29737" /><F1/><N who="1" m="9" /><E84/><N who="2" m="50311" /><F53/><W27/><G27/><AGARI ba="0,0" hai="16,20,27,81,86,88,92,94" m="9,41513" machi="27" ten="30,18000,2" yaku="10,1,52,3,54,2" doraHai="34" who="1" fromWho="3" sc="191,0,335,180,224,0,250,-180" /><INIT seed="5,1,0,5,3,32" ten="191,515,224,70" oya="1" hai0="127,100,29,114,132,34,54,80,107,91,48,57,86" hai1="63,25,87,61,36,7,66,109,6,98,78,42,37" hai2="47,93,110,33,51,12,3,90,111,81,1,11,62" hai3="18,9,53,134,68,67,13,27,41,72,126,116,70"/><U77/><E98/><V10/><F33/><W65/><G27/><T43/><D114/><U88/><E25/><V103/><F81/><W17/><G9/><T79/><D132/><U64/><E42/><V69/><F103/><W76/><G13/><T102/><D127/><U21/><E21/><V40/><F69/><W135/><G41/><T117/><D117/><U112/><E112/><V26/><F26/><W83/><G76/><N who="1" m="29290" /><E109/><V23/><F62/><N who="1" m="23561" /><E88/><V22/><F111/><W55/><G83/><T125/><D125/><U52/><E87/><V35/><F35/><W45/><G126/><T60/><D107/><U129/><E52/><V14/><F110/><W44/><G72/><T84/><D29/><U71/><E71/><V49/><F40/><W75/><G75/><T58/><D34/><U74/><E74/><V92/><F90/><W97/><G97/><T96/><D96/><U2/><E2/><V5/><F5/><N who="1" m="1545" /><E129/><V128/><REACH who="2" step="1"/><F47/><REACH who="2" ten="191,515,214,70" step="2"/><W19/><G19/><T106/><D106/><U82/><E82/><V16/><F16/><W119/><G17/><T8/><D43/><U131/><E131/><AGARI ba="1,1" hai="1,3,10,11,12,14,22,23,49,51,92,93,128,131" machi="131" ten="25,8000,1" yaku="1,1,22,2,52,2,53,0" doraHai="32" doraHaiUra="113" who="2" fromWho="1" sc="191,0,515,-83,214,93,70,0" /><INIT seed="6,0,0,0,2,107" ten="191,432,307,70" oya="2" hai0="92,133,59,53,37,43,68,62,52,55,104,8,74" hai1="69,94,101,122,119,14,73,25,65,1,82,47,36" hai2="24,100,111,6,45,86,135,96,89,49,38,113,132" hai3="70,15,35,2,88,116,9,17,108,12,114,7,32"/><V110/><F38/><W106/><G88/><T84/><D104/><U42/><E119/><V72/><F72/><W125/><G106/><T121/><D121/><U48/><E122/><V120/><F120/><W63/><G63/><T78/><D133/><N who="2" m="51274" /><F24/><W83/><G83/><T99/><D68/><U75/><E25/><V103/><F6/><W51/><G51/><T95/><D37/><U56/><E82/><N who="2" m="49367" /><F113/><W22/><G70/><T67/><D43/><U117/><E1/><V76/><F76/><W130/><G116/><T40/><D40/><U131/><E14/><V28/><F28/><W98/><G98/><T129/><D129/><U124/><E131/><V46/><F46/><W112/><G130/><T118/><D74/><U26/><E26/><V19/><F19/><W16/><G108/><N who="2" m="41513" /><F96/><W33/><G125/><T4/><D99/><N who="1" m="59639" /><E124/><V109/><N who="2" m="41521" /><V91/><DORA hai="93" /><F91/><W61/><REACH who="3" step="1"/><G61/><REACH who="3" ten="191,432,307,60" step="2"/><N who="0" m="38335" /><D118/><U105/><E117/><V115/><F115/><W29/><G29/><T21/><D62/><N who="1" m="40119" /><E105/><V39/><F39/><W54/><G54/><AGARI ba="0,1" hai="36,42,47,48,54,56,73,75" m="40119,59639" machi="54" ten="30,7700,0" yaku="24,1,52,3" doraHai="107,93" who="1" fromWho="3" sc="191,0,432,87,307,0,60,-77" /><AGARI ba="0,0" hai="45,49,54,100,103" m="41521,49367,51274" machi="54" ten="40,3900,0" yaku="20,1,10,1" doraHai="107,93" who="2" fromWho="3" sc="191,0,519,0,307,39,-17,-39" owari="191,-21.0,519,62.0,346,15.0,-56,-56.0" /></mjloggm>