<mjloggm ver="2.3"><GO type="169" lobby="0"/><UN n0="%E6%96%B0%E5%AE%BF%E6%96%B9%E9%9D%A2" n1="%E3%82%A6%E3%83%AB%E3%83%88%E3%83%A9%E7%AB%8B%E7%9B%B4" n2="%72%6F%61%73%73%6F%32%38" n3="%69%73%63%6F%70%65" dan="17,17,16,16" rate="2142.52,2174.56,2076.98,2107.60" sx="M,M,M,M"/><TAIKYOKU oya="0"/><INIT seed="0,0,0,2,4,54" ten="250,250,250,250" oya="0" hai0="86,98,50,78,46,124,3,6,58,41,76,30,23" hai1="34,40,80,73,29,32,17,106,129,25,79,15,18" hai2="33,61,135,115,22,9,35,122,96,19,107,0,91" hai3="13,95,64,39,66,72,59,119,47,44,45,16,116"/><T43/><D43/><U53/><BYE who="0" /><E129/><V131/><F122/><W104/><G104/><T20/><D20/><U31/><E106/><V10/><F115/><W120/><G120/><T68/><D68/><U7/><E40/><V88/><F131/><W92/><G72/><T5/><D5/><U70/><E70/><V14/><F135/><W89/><G39/><T94/><D94/><U102/><E102/><V60/><F107/><W52/><G116/><UN n0="%E6%96%B0%E5%AE%BF%E6%96%B9%E9%9D%A2" /><T74/><D74/><U118/><E118/><V93/><F91/><W69/><G69/><T24/><D124/><U85/><E73/><V48/><F10/><N who="3" m="6199" /><G119/><T65/><D98/><U128/><E128/><V103/><F103/><W101/><G101/><T133/><D133/><U67/><E67/><N who="3" m="25642" /><G89/><T121/><D121/><U71/><E71/><V2/><F2/><W36/><G36/><T27/><D3/><U51/><E15/><V1/><F0/><W28/><G28/><T8/><D78/><U126/><E7/><V97/><F33/><W81/><G81/><N who="0" m="47399" /><D30/><U37/><E37/><V55/><F35/><W99/><G99/><T87/><D87/><U38/><E38/><V56/><REACH who="2" step="1"/><F96/><REACH who="2" ten="250,250,240,250" step="2"/><W75/><G75/><T90/><D90/><U57/><REACH who="1" step="1"/><E126/><REACH who="1" ten="250,240,240,250" step="2"/><V12/><F12/><W113/><G113/><T125/><D125/><U26/><AGARI ba="0,2" hai="17,18,25,26,29,31,32,34,51,53,57,79,80,85" machi="26" ten="30,8000,1" yaku="1,1,2,1,0,1,9,1,52,1,53,0" doraHai="54" doraHaiUra="123" who="1" fromWho="1" sc="250,-40,240,100,240,-20,250,-20" /><INIT seed="1,0,0,2,4,105" ten="210,340,220,230" oya="1" hai0="57,93,47,45,37,20,96,51,8,110,72,77,76" hai1="111,100,108,119,63,80,18,27,85,107,23,130,98" hai2="84,116,78,60,75,131,42,44,88,126,113,48,26" hai3="3,95,70,4,39,2,106,114,61,21,36,115,67"/><U6/><E130/><V28/><F116/><W31/><G95/><T125/><D125/><U117/><E6/><V104/><F131/><W101/><G21/><T133/><D133/><U135/><E135/><V30/><F126/><W1/><G4/><T74/><D57/><U92/><E107/><V97/><F113/><N who="3" m="43019" /><G31/><T128/><D128/><U11/><E63/><V127/><F127/><W9/><G9/><T102/><D37/><U79/><REACH who="1" step="1"/><E11/><REACH who="1" ten="210,330,220,230" step="2"/><V58/><F104/><W0/><G0/><T34/><D8/><U62/><E62/><V83/><F97/><AGARI ba="0,1" hai="1,2,3,36,39,61,67,70,97,101,106" m="43019" machi="97" ten="40,1300,0" yaku="23,1" doraHai="105" who="3" fromWho="2" sc="210,0,330,0,220,-13,230,23" /><INIT seed="2,0,0,1,3,24" ten="210,330,207,253" oya="2" hai0="48,34,106,130,30,68,29,83,7,99,97,70,100" hai1="98,82,77,64,1,105,50,13,93,44,62,84,0" hai2="17,88,31,15,26,134,14,57,133,42,58,128,18" hai3="135,69,38,66,79,122,90,39,118,108,54,113,35"/><V126/><F42/><W41/><G122/><T80/><D34/><U19/><E105/><V96/><F128/><W124/><G118/><T117/><D130/><U45/><E1/><V123/><F123/><W21/><G35/><T91/><D7/><U56/><E50/><V81/><F126/><W107/><G107/><T94/><D117/><U11/><REACH who="1" step="1"/><E0/><REACH who="1" ten="210,320,207,253" step="2"/><V120/><F120/><W40/><G124/><T127/><D127/><U95/><E95/><N who="2" m="56423" /><F81/><W67/><G38/><T52/><D83/><U46/><E46/><V33/><F15/><W9/><G39/><T78/><D70/><U86/><E86/><V92/><F92/><W63/><G69/><T129/><D68/><U74/><E74/><V10/><F17/><W110/><G41/><T121/><D129/><U87/><E87/><V59/><F133/><W75/><G40/><T51/><D121/><U8/><E8/><V76/><F134/><W5/><G135/><T36/><D51/><U43/><E43/><V72/><F72/><W27/><G75/><T23/><D36/><U49/><E49/><V6/><F6/><W114/><G9/><T112/><D112/><U115/><E115/><V28/><F28/><W2/><G5/><T60/><D48/><U16/><E16/><V73/><F73/><W55/><G114/><T132/><D132/><U37/><E37/><V104/><F104/><W32/><G113/><T102/><D30/><U71/><E71/><V47/><F47/><W53/><G2/><T12/><D29/><U4/><E4/><V131/><F131/><W125/><G125/><T116/><D106/><RYUUKYOKU ba="0,1" sc="210,-15,320,15,207,15,253,-15" hai1="11,13,19,44,45,56,62,64,77,82,84,93,98" hai2="10,14,18,26,31,33,57,58,59,76" /><INIT seed="2,1,1,1,0,78" ten="195,335,222,238" oya="2" hai0="72,129,85,35,105,91,124,117,120,45,32,37,15" hai1="56,31,69,30,95,7,64,84,104,66,102,59,8" hai2="22,114,88,43,115,80,41,133,86,75,92,52,4" hai3="65,123,36,46,27,81,106,125,53,5,110,67,50"/><V112/><F133/><W1/><G123/><T2/><RYUUKYOKU type="yao9" ba="1,1" sc="195,0,335,0,222,0,238,0" hai0="2,15,32,35,37,45,72,85,91,105,117,120,124,129" /><INIT seed="2,2,1,3,1,22" ten="195,335,222,238" oya="2" hai0="57,130,47,13,49,36,18,62,132,79,34,131,102" hai1="11,129,63,12,29,85,91,75,53,61,58,16,2" hai2="9,116,88,55,126,81,68,50,124,84,14,4,65" hai3="120,33,90,95,17,52,15,23,112,37,98,73,54"/><V106/><F116/><W134/><G120/><T44/><D34/><U105/><E129/><V27/><F106/><W71/><G73/><T0/><D0/><U77/><E105/><V70/><F65/><W39/><G134/><T72/><D102/><U135/><E135/><V80/><F80/><W30/><G71/><T10/><D132/><U110/><E110/><V119/><F119/><W125/><G125/><N who="2" m="48233" /><F27/><W117/><G117/><T122/><D122/><U56/><E29/><V133/><F133/><W19/><G112/><T74/><D79/><U78/><E75/><V32/><F32/><W108/><G108/><T104/><D104/><U99/><E2/><V5/><F5/><W67/><G67/><N who="0" m="39375" /><D72/><U59/><E59/><AGARI ba="2,1" hai="4,9,14,50,55,59,68,70,81,84,88" m="48233" machi="59" ten="30,2900,0" yaku="18,1,54,1" doraHai="22" who="2" fromWho="1" sc="195,0,335,-35,222,45,238,0" /><INIT seed="2,3,0,5,4,83" ten="195,300,267,238" oya="2" hai0="0,79,39,105,43,59,63,64,17,34,116,26,103" hai1="84,9,66,3,94,23,97,53,121,110,125,62,65" hai2="21,28,126,55,81,35,52,27,36,48,109,134,135" hai3="71,90,67,44,104,131,107,20,31,77,24,14,19"/><V118/><F118/><W129/><G77/><T45/><D116/><U54/><E121/><V41/><F126/><W124/><G124/><T37/><D79/><U51/><E125/><V123/><F123/><W106/><G44/><T56/><D0/><U10/><E110/><V16/><F109/><W101/><G67/><T102/><D39/><U40/><E23/><V92/><F36/><W113/><G71/><T7/><D7/><U2/><E40/><V89/><F81/><W74/><G74/><T78/><D78/><U93/><E97/><V4/><F4/><W99/><G90/><T69/><D17/><U22/><E22/><V70/><F41/><W32/><REACH who="3" step="1"/><G113/><REACH who="3" ten="195,300,267,228" step="2"/><T60/><D69/><U132/><E66/><V61/><F70/><W58/><G58/><T108/><D108/><U12/><E65/><V29/><F134/><W42/><G42/><T30/><D105/><AGARI ba="3,1" hai="14,19,20,24,31,32,99,101,104,105,106,107,129,131" machi="105" ten="40,1300,0" yaku="1,1,53,0" doraHai="83" doraHaiUra="33" who="3" fromWho="0" sc="195,-22,300,0,267,0,228,32" /><INIT seed="3,0,0,4,1,105" ten="173,300,267,260" oya="3" hai0="124,107,121,0,31,118,114,102,115,5,63,50,8" hai1="19,97,65,104,84,38,70,62,45,79,14,109,89" hai2="15,66,71,46,41,42,33,125,111,64,13,131,93" hai3="32,40,2,61,106,91,43,47,94,37,16,119,127"/><W27/><G119/><T112/><D50/><U7/><E109/><V135/><F33/><W22/><G106/><T133/><D63/><U52/><E7/><V12/><F111/><W54/><G2/><T76/><D118/><U3/><E3/><V78/><F71/><W87/><G127/><T108/><D108/><U92/><E38/><V90/><F125/><W48/><G32/><T129/><D124/><U103/><E79/><V11/><F135/><W18/><G61/><T120/><D133/><U57/><E45/><V130/><F78/><W81/><G37/><T74/><D31/><U26/><E26/><V10/><F11/><W4/><G4/><T28/><D28/><U20/><REACH who="1" step="1"/><E70/><REACH who="1" ten="173,290,267,260" step="2"/><V88/><F46/><W1/><G1/><T68/><D68/><U122/><E122/><V58/><F10/><W6/><G6/><T75/><D129/><N who="2" m="49162" /><F58/><W30/><G30/><T51/><D76/><U35/><E35/><V80/><F15/><W72/><G72/><N who="0" m="27691" /><D51/><U95/><E95/><V9/><F13/><W60/><G60/><T99/><AGARI ba="0,1" hai="0,5,8,99,102,107,112,114,115,120,121" m="27691" machi="99" ten="40,8000,1" yaku="11,1,23,1,52,3" doraHai="105" who="0" fromWho="0" sc="173,90,290,-20,267,-20,260,-40" /><INIT seed="4,0,0,0,4,80" ten="263,270,247,220" oya="0" hai0="97,19,103,77,100,83,36,85,32,63,68,59,52" hai1="90,1,55,127,28,35,93,2,8,25,24,110,13" hai2="27,21,70,126,39,135,91,106,74,117,115,47,131" hai3="75,129,95,82,3,16,78,50,31,6,125,15,81"/><T101/><D36/><U119/><E110/><V5/><RYUUKYOKU type="yao9" ba="0,0" sc="263,0,270,0,247,0,220,0" hai2="5,21,27,39,47,70,74,91,106,115,117,126,131,135" /><INIT seed="4,1,0,5,0,42" ten="263,270,247,220" oya="0" hai0="17,128,74,57,89,100,106,105,27,103,77,70,64" hai1="26,37,109,129,33,12,118,66,76,123,43,6,14" hai2="30,79,125,120,114,1,52,85,78,97,4,58,72" hai3="135,23,9,81,11,47,116,134,65,115,40,75,32"/><T46/><D70/><U59/><E109/><V83/><F120/><W48/><G32/><T111/><D111/><U49/><E118/><V50/><F125/><W5/><G116/><T51/><D128/><U19/><E123/><V132/><F132/><N who="3" m="50731" /><G115/><T133/><D133/><U91/><E129/><V112/><F30/><W54/><G65/><T61/><D89/><U15/><E76/><N who="2" m="46311" /><F97/><W55/><G23/><N who="0" m="13807" /><D74/><U25/><E37/><V124/><F72/><W99/><G99/><T44/><D106/><U38/><E38/><V110/><F124/><W8/><G5/><T94/><D105/><U3/><E33/><V104/><F104/><W16/><G16/><T21/><D21/><U87/><E19/><V20/><F20/><W80/><G80/><T56/><D77/><AGARI ba="1,0" hai="8,9,11,40,47,48,54,55,75,77,81" m="50731" machi="77" ten="30,2000,0" yaku="20,1,52,1" doraHai="42" who="3" fromWho="0" sc="263,-23,270,0,247,0,220,23" /><INIT seed="5,0,0,1,5,92" ten="240,270,247,243" oya="1" hai0="77,19,59,48,132,49,116,81,97,21,114,5,76" hai1="45,106,60,63,3,122,94,128,33,72,87,23,55" hai2="112,12,102,58,113,6,65,105,125,34,111,108,123" hai3="4,96,37,85,121,133,50,71,135,110,118,64,78"/><U44/><E33/><V120/><F34/><W38/><G121/><N who="2" m="46665" /><F6/><W41/><G4/><T28/><D116/><U24/><E3/><V46/><F12/><W91/><G118/><T80/><D132/><N who="3" m="50761" /><G110/><N who="2" m="42025" /><F46/><N who="3" m="25935" /><G78/><N who="0" m="30315" /><D114/><N who="2" m="44138" /><F58/><W47/><G47/><T13/><D59/><U31/><E45/><V20/><F65/><W84/><G37/><T82/><D28/><U42/><E44/><V27/><F125/><W95/><G38/><T129/><D129/><U32/><E128/><V99/><F20/><W15/><G15/><T107/><D107/><U74/><E106/><V14/><F14/><W115/><G115/><T39/><D39/><U7/><E23/><V53/><F27/><W22/><G22/><T66/><D66/><U101/><E24/><V67/><F67/><W88/><G91/><T26/><D5/><U86/><E7/><V1/><F53/><W16/><G16/><T93/><D26/><U117/><E55/><V89/><F89/><AGARI ba="0,0" hai="13,19,21,48,49,80,81,82,89,93,97" m="30315" machi="89" ten="30,2000,0" yaku="8,1,52,1" doraHai="92" who="0" fromWho="2" sc="240,20,270,0,247,-20,243,0" /><INIT seed="6,0,0,1,1,4" ten="260,270,227,243" oya="2" hai0="95,47,83,79,52,71,134,61,124,107,21,20,39" hai1="38,101,104,106,114,93,35,62,115,68,128,51,29" hai2="44,32,14,105,75,45,26,112,102,48,130,11,86" hai3="92,37,63,90,80,50,6,118,43,55,120,15,46"/><V76/><F75/><W116/><G120/><T81/><D107/><U125/><E38/><V117/><F117/><W77/><G63/><T18/><D134/><U100/><E125/><V59/><F130/><W70/><G70/><T9/><D124/><U113/><E128/><V121/><F121/><W16/><G6/><T25/><D71/><U108/><E108/><V82/><F112/><W94/><G94/><T89/><D39/><U23/><E35/><V28/><F105/><N who="1" m="40553" /><E51/><V56/><F102/><W42/><G42/><T73/><D83/><U69/><E93/><V3/><F45/><W8/><G43/><T1/><D1/><U123/><E123/><V67/><F67/><W98/><REACH who="3" step="1"/><G37/><REACH who="3" ten="260,270,227,233" step="2"/><T36/><D36/><U72/><E69/><V97/><F3/><W27/><G27/><T126/><D126/><U7/><E7/><N who="2" m="3455" /><F97/><W133/><G133/><T53/><D25/><N who="1" m="16575" /><E72/><AGARI ba="0,1" hai="8,15,16,46,50,55,72,77,80,90,92,98,116,118" machi="72" ten="30,7700,0" yaku="1,1,7,1,52,1,54,1,53,0" doraHai="4" doraHaiUra="34" who="3" fromWho="1" sc="260,0,270,-77,227,0,233,87" /><INIT seed="7,0,0,0,2,118" ten="260,193,227,320" oya="3" hai0="9,39,51,48,4,28,45,38,93,130,2,66,46" hai1="75,99,17,18,41,72,73,13,32,59,79,29,109" hai2="116,87,106,44,49,26,92,84,104,61,3,100,35" hai3="69,124,88,36,82,10,110,95,74,62,14,6,53"/><W33/><G33/><T16/><D130/><U34/><E109/><V42/><F3/><W81/><G36/><T30/><D66/><U31/><E79/><V23/><F35/><W70/><G110/><T103/><D39/><U1/><E1/><V55/><F116/><W67/><G70/><T131/><D38/><U50/><E34/><V90/><F106/><W76/><G81/><T22/><D131/><U47/><E32/><V12/><F104/><W54/><G124/><T21/><D21/><U77/><E77/><V85/><F100/><W123/><G123/><T122/><D122/><U27/><E99/><AGARI ba="0,0" hai="6,10,14,53,54,62,67,69,74,76,82,88,95,99" machi="99" ten="30,2900,0" yaku="7,1,54,1" doraHai="118" who="3" fromWho="1" sc="260,0,193,-29,227,0,320,29" owari="260,6.0,164,-34.0,227,-17.0,349,45.0" /></mjloggm>