<mjloggm ver="2.3"><GO type="97" lobby="0"/><UN n0="%52%69%6E%67%79%69" n1="%E5%B0%B1%E6%B4%BB%E7%94%9F%40%E5%B7%9D%E6%9D%91%E8%BB%8D%E5%9B%A3" n2="%59%6F%72%6F%6B%69%61" n3="%E7%8C%AB%E3%81%9F%E3%82%93%E3%81%BD" dan="14,14,14,14" rate="1841.90,1953.49,1906.09,1986.48" sx="F,M,M,F"/><TAIKYOKU oya="0"/><INIT seed="0,0,0,5,0,19" ten="250,250,250,250" oya="0" hai0="88,26,14,57,87,33,54,7,128,85,9,84,127" hai1="17,53,45,6,35,80,56,114,100,5,22,10,16" hai2="111,71,62,101,61,29,110,48,109,95,55,15,108" hai3="3,78,118,11,23,20,60,77,89,123,122,50,94"/><T70/><D70/><U51/><E35/><V67/><N who="2" m="28160" /><DORA hai="79" /><V42/><F29/><W102/><G118/><T76/><D128/><U134/><E134/><V130/><F130/><W68/><G102/><T58/><D127/><U93/><E114/><V106/><F106/><W90/><G3/><T96/><D76/><N who="3" m="29289" /><G11/><T36/><D36/><U43/><E80/><V131/><F131/><W135/><G135/><T27/><D33/><U115/><E115/><V40/><F15/><W126/><G126/><T121/><D121/><N who="3" m="46089" /><G50/><T21/><D21/><N who="3" m="8265" /><G94/><N who="0" m="56391" /><D58/><U119/><E119/><V37/><F95/><W133/><G133/><T99/><D99/><U86/><E100/><V4/><F101/><W113/><G113/><T12/><D12/><U25/><E93/><V49/><F4/><W125/><G125/><T65/><D65/><AGARI ba="0,0" hai="60,65,68,89,90" m="8265,46089,29289" machi="65" ten="30,7700,0" yaku="13,1,52,3" doraHai="19,79" who="3" fromWho="0" sc="250,-77,250,0,250,0,250,77" /><INIT seed="1,0,0,0,4,93" ten="173,250,250,327" oya="1" hai0="73,12,92,43,98,10,50,112,48,3,108,17,29" hai1="7,99,116,6,110,97,72,111,125,5,35,33,28" hai2="121,103,126,19,53,86,81,58,4,122,1,90,69" hai3="65,41,120,0,61,27,60,80,51,68,91,71,117"/><U128/><E116/><V134/><F69/><W32/><G117/><T66/><D108/><N who="1" m="41515" /><E72/><V37/><F37/><W25/><G120/><T100/><D112/><U70/><E70/><V49/><F134/><W83/><G0/><T118/><D118/><U74/><E74/><V9/><F126/><W82/><G91/><T57/><D73/><U23/><E125/><V55/><F103/><W127/><G127/><T2/><D29/><U38/><E38/><V26/><F26/><W76/><G76/><T107/><D50/><U30/><E128/><V79/><F19/><W22/><G32/><N who="1" m="12362" /><E23/><V20/><F20/><W106/><G106/><T56/><D56/><U102/><E102/><V78/><REACH who="2" step="1"/><F55/><REACH who="2" ten="173,250,240,327" step="2"/><W21/><G21/><T36/><D36/><U87/><E87/><V124/><F124/><W75/><G75/><T34/><D34/><U63/><E30/><V88/><F88/><W130/><G130/><T135/><D135/><U39/><E28/><V109/><F109/><W14/><G22/><T54/><D43/><U115/><E39/><V64/><F64/><W44/><G25/><T59/><REACH who="0" step="1"/><D107/><REACH who="0" ten="163,250,240,327" step="2"/><U40/><E40/><V123/><AGARI ba="0,2" hai="1,4,9,49,53,58,78,79,81,86,90,121,122,123" machi="123" ten="30,2000,0" yaku="1,1,0,1,53,0" doraHai="93" doraHaiUra="24" who="2" fromWho="2" sc="163,-5,250,-10,240,40,327,-5" /><INIT seed="2,0,0,3,5,34" ten="158,240,280,322" oya="2" hai0="51,102,81,80,28,5,55,14,10,22,122,77,105" hai1="97,59,108,9,124,71,63,115,48,96,32,57,131" hai2="60,18,87,95,40,25,128,82,24,19,76,11,93" hai3="33,134,38,65,127,36,101,75,121,17,99,62,117"/><V1/><F128/><W129/><G117/><T4/><D122/><U53/><E71/><V3/><F40/><W70/><G121/><T20/><D102/><U118/><E118/><V107/><F107/><W31/><G129/><T113/><D105/><U13/><E32/><V103/><F60/><W91/><G127/><T50/><D113/><U120/><E115/><V94/><F103/><W37/><G134/><T56/><D4/><U49/><E131/><V132/><F132/><W83/><G17/><T79/><D28/><U61/><E124/><V29/><F25/><N who="3" m="18671" /><G91/><T66/><D66/><U104/><E108/><V135/><F135/><W58/><G58/><T116/><D116/><U133/><E133/><V126/><F126/><W68/><G68/><T110/><D110/><U89/><E120/><V114/><F114/><W54/><G54/><T123/><D123/><U86/><E104/><V42/><F42/><W52/><G52/><T43/><D43/><U130/><E130/><V78/><F78/><N who="3" m="44511" /><G36/><T73/><REACH who="0" step="1"/><D51/><REACH who="0" ten="148,240,280,322" step="2"/><U26/><E49/><V8/><F18/><W16/><G16/><T109/><D109/><U2/><E48/><V84/><F19/><W27/><G37/><T23/><D23/><U72/><E61/><V92/><F11/><W112/><G38/><T30/><D30/><U21/><E63/><V69/><F8/><W44/><G112/><T0/><D0/><U6/><E2/><V15/><F1/><W12/><G62/><T90/><D90/><U7/><E9/><V100/><F3/><W111/><G101/><T35/><D35/><U45/><E21/><RYUUKYOKU ba="0,1" sc="148,30,240,-10,280,-10,322,-10" hai0="5,10,14,20,22,50,55,56,73,77,79,80,81" /><INIT seed="3,1,1,3,4,52" ten="178,230,270,312" oya="3" hai0="89,6,54,133,124,78,4,9,5,104,67,81,21" hai1="71,88,122,85,20,16,32,109,115,19,34,95,96" hai2="11,61,90,98,83,113,68,48,46,35,3,51,93" hai3="107,31,49,121,117,74,26,118,135,82,15,129,65"/><W100/><G121/><T114/><D124/><U134/><E71/><V63/><F35/><W119/><G129/><T125/><D125/><U29/><E122/><V57/><F113/><W84/><G74/><T33/><D133/><U28/><E115/><V128/><F128/><W116/><G135/><T127/><D127/><U24/><E134/><V111/><F111/><W80/><G80/><T92/><D33/><U99/><E109/><V42/><F68/><W102/><G107/><T108/><D104/><U36/><E36/><V72/><F72/><W47/><G65/><T91/><D108/><U56/><E34/><V106/><F106/><W75/><G75/><T123/><D67/><U22/><E32/><V37/><F83/><W8/><G26/><T62/><D123/><U120/><E120/><V44/><F37/><W97/><G97/><N who="1" m="37450" /><E56/><V38/><F38/><W70/><G70/><T110/><D110/><U7/><E7/><V40/><F57/><W66/><G66/><T18/><D114/><U25/><AGARI ba="1,1" hai="16,19,20,22,24,25,28,29,85,88,95" m="37450" machi="25" ten="30,4000,0" yaku="8,1,54,2" doraHai="52" who="1" fromWho="1" sc="178,-11,230,53,270,-11,312,-21" /><INIT seed="4,0,0,4,3,76" ten="167,283,259,291" oya="0" hai0="104,105,102,43,125,95,9,94,11,126,21,42,128" hai1="4,111,131,130,48,65,12,60,40,63,18,17,5" hai2="122,87,72,133,109,16,23,114,41,98,127,25,38" hai3="82,117,106,120,44,7,69,99,132,86,91,46,0"/><T8/><D128/><N who="1" m="49195" /><E111/><V50/><F109/><W85/><G117/><T67/><D21/><U47/><E17/><V83/><F122/><W1/><G120/><T134/><D67/><U54/><E40/><N who="0" m="15401" /><D102/><U19/><E19/><V107/><F114/><W39/><G39/><T13/><D13/><U75/><E75/><V110/><F110/><W27/><G69/><T88/><D134/><U22/><E63/><V70/><F70/><AGARI ba="0,0" hai="4,5,12,18,22,47,48,54,60,65,70" m="49195" machi="70" ten="30,1000,0" yaku="19,1" doraHai="76" who="1" fromWho="2" sc="167,0,283,10,259,-10,291,0" /><INIT seed="5,0,0,1,4,24" ten="167,293,249,291" oya="1" hai0="26,119,81,127,79,115,111,12,3,16,80,104,35" hai1="78,130,48,85,94,114,57,46,0,66,83,95,54" hai2="25,90,74,69,10,131,124,133,53,76,120,134,105" hai3="34,8,98,6,2,102,55,22,9,29,112,5,68"/><U96/><E0/><V4/><F120/><W101/><G68/><T37/><D111/><U77/><E114/><V40/><F124/><W42/><G112/><T100/><D119/><U117/><E117/><V31/><F131/><W72/><G72/><T113/><D127/><U52/><E130/><V121/><F121/><W129/><G129/><T122/><D37/><U63/><E78/><V49/><F69/><W43/><G34/><T110/><D3/><U11/><E11/><V109/><F105/><W108/><G108/><T59/><D110/><U84/><E84/><V65/><F65/><W123/><G123/><T86/><D122/><U56/><E96/><V45/><F109/><W15/><G55/><T75/><D100/><U28/><E28/><V44/><F90/><W93/><G102/><T14/><D104/><U67/><E67/><V41/><F74/><W97/><G97/><T50/><D14/><U107/><E107/><V13/><F76/><W21/><G21/><T61/><D50/><AGARI ba="0,0" hai="46,48,50,52,54,56,57,63,66,77,83,85,94,95" machi="50" ten="30,5800,0" yaku="7,1,8,1,54,1" doraHai="24" who="1" fromWho="0" sc="167,-58,293,58,249,0,291,0" owari="109,-39.0,351,45.0,249,-15.0,291,9.0" /></mjloggm>