<mjloggm ver="2.3"><GO type="97" lobby="0"/><UN n0="%65%72%65%63%74%4C%4F" n1="%28%2B%6F%2B%29" n2="%E3%82%AB%E3%83%A9%E3%82%B9%E3%81%AE%E5%AD%90" n3="%E5%B0%B1%E6%B4%BB%E7%94%9F%40%E5%B7%9D%E6%9D%91%E8%BB%8D%E5%9B%A3" dan="14,14,14,14" rate="1930.23,1971.21,1958.01,1930.88" sx="M,M,M,M"/><TAIKYOKU oya="0"/><INIT seed="0,0,0,0,2,46" ten="250,250,250,250" oya="0" hai0="31,66,59,88,106,134,32,128,119,23,104,126,28" hai1="52,63,8,68,127,9,58,91,30,123,64,38,61" hai2="7,92,36,81,79,20,102,90,42,133,70,56,54" hai3="43,83,25,24,2,49,118,16,53,35,84,111,50"/><T44/><D119/><U109/><E123/><V29/><F70/><W0/><G118/><T98/><D126/><U132/><E127/><V130/><F133/><W76/><G111/><T26/><D134/><U21/><E132/><V17/><F130/><W4/><G0/><T117/><D117/><U34/><E34/><V45/><F7/><W80/><G2/><T100/><D128/><U37/><E109/><V103/><F29/><W74/><G4/><T99/><D31/><U93/><E37/><V75/><F90/><W94/><G35/><T113/><D113/><U120/><E38/><V55/><F55/><W18/><G94/><T65/><D44/><U57/><E68/><V121/><F92/><W129/><G129/><T110/><D110/><U89/><E120/><V82/><F81/><W97/><G97/><T27/><D27/><N who="3" m="10313" /><G83/><T69/><D69/><U116/><E116/><V101/><F121/><W62/><G74/><T72/><D72/><U6/><E6/><V71/><F71/><W67/><G67/><T48/><D32/><U14/><E30/><V124/><F124/><W115/><G115/><T108/><D108/><U47/><E47/><V107/><F107/><W10/><G43/><T60/><D66/><U73/><E73/><V12/><REACH who="2" step="1"/><F103/><REACH who="2" ten="250,250,240,250" step="2"/><W78/><G78/><T77/><D77/><U33/><E89/><V22/><F22/><W13/><G18/><T5/><D5/><U39/><E33/><V3/><F3/><W85/><G85/><T112/><D112/><U87/><E39/><V96/><F96/><W19/><G19/><AGARI ba="0,1" hai="8,9,14,19,21,52,57,58,61,63,64,87,91,93" machi="19" ten="40,2600,0" yaku="8,1,54,1" doraHai="46" who="1" fromWho="3" sc="250,0,250,36,240,0,250,-26" /><INIT seed="1,0,0,0,3,48" ten="250,286,240,224" oya="1" hai0="116,62,110,12,51,20,121,101,117,45,88,120,19" hai1="9,105,33,31,98,25,29,16,3,135,96,109,81" hai2="26,44,90,23,60,46,118,18,21,111,112,58,74" hai3="8,132,34,76,53,124,72,17,52,55,91,107,125"/><U2/><E135/><V69/><F118/><W63/><G34/><T131/><D101/><U22/><E105/><V59/><F69/><W14/><G107/><T119/><D131/><U115/><E115/><V67/><F112/><W85/><G132/><T32/><D32/><U114/><E114/><V89/><F74/><W13/><G72/><T15/><D62/><U10/><E81/><V113/><F113/><W50/><G76/><T122/><D110/><U70/><E70/><V134/><F111/><W5/><G63/><T102/><D102/><U106/><E106/><V78/><F78/><W40/><G40/><T79/><D79/><U82/><E82/><V11/><F134/><W24/><G24/><T27/><REACH who="0" step="1"/><D88/><REACH who="0" ten="240,286,240,224" step="2"/><U83/><E109/><V77/><F77/><W71/><G71/><T49/><D49/><U86/><E33/><V80/><F90/><W39/><G39/><T97/><D97/><N who="1" m="37483" /><E2/><V43/><F89/><W95/><REACH who="3" step="1"/><G50/><REACH who="3" ten="240,286,240,214" step="2"/><T129/><D129/><U1/><E3/><V126/><F60/><W56/><G56/><T6/><D6/><U92/><E1/><V47/><F59/><W57/><G57/><T99/><D99/><U54/><E86/><V36/><F58/><W108/><G108/><T84/><D84/><U75/><E75/><V4/><F36/><W93/><G93/><T28/><D28/><U128/><E92/><V7/><F4/><W66/><G66/><T133/><D133/><U104/><E29/><V41/><F67/><W0/><G0/><T94/><D94/><U103/><E31/><V123/><F7/><W38/><G38/><RYUUKYOKU ba="0,2" sc="240,15,286,-15,240,-15,214,15" hai0="12,15,19,20,27,45,51,116,117,119,120,121,122" hai3="5,8,13,14,17,52,53,55,85,91,95,124,125" /><INIT seed="2,1,2,4,2,24" ten="255,271,225,229" oya="2" hai0="79,75,56,12,96,133,16,6,37,19,22,3,81" hai1="29,8,90,122,130,18,121,97,103,13,4,61,70" hai2="126,2,43,71,9,91,69,58,44,21,88,11,52" hai3="57,33,10,113,66,120,82,40,84,51,39,1,30"/><V31/><F126/><W38/><G120/><N who="1" m="46186" /><E130/><V129/><F71/><W134/><G134/><T35/><D133/><U110/><E110/><V93/><F69/><W34/><G113/><T62/><D37/><U50/><E29/><V119/><F119/><W111/><G111/><T15/><D35/><U107/><E50/><N who="2" m="26911" /><F2/><W123/><G123/><T115/><D115/><U48/><E48/><N who="2" m="30983" /><F129/><W28/><G34/><T125/><D125/><U114/><E114/><V74/><F74/><W131/><G33/><T0/><D6/><U99/><E99/><N who="2" m="57767" /><F91/><N who="3" m="51607" /><G38/><T87/><D75/><U41/><E41/><V101/><F101/><W5/><G39/><T98/><D3/><U63/><E90/><V14/><F14/><N who="3" m="5455" /><G131/><T92/><D0/><N who="1" m="7" /><E70/><V102/><F102/><W49/><G1/><T118/><D118/><U64/><E64/><V77/><F77/><W47/><G66/><N who="0" m="39239" /><D92/><U26/><E26/><AGARI ba="1,2" hai="9,11,21,26,31" m="57767,30983,26911" machi="26" ten="30,11600,0" yaku="8,1,52,1,54,2" doraHai="24" who="2" fromWho="1" sc="255,0,271,-119,225,139,229,0" /><INIT seed="2,2,0,4,1,67" ten="255,152,364,229" oya="2" hai0="43,57,133,128,104,124,7,87,27,121,1,84,131" hai1="19,51,4,91,105,0,115,8,36,90,98,26,60" hai2="56,132,79,25,96,100,40,73,58,16,5,54,72" hai3="48,42,34,47,38,11,118,77,107,21,15,37,135"/><V2/><F132/><W29/><G118/><T130/><D121/><U39/><E115/><V22/><F40/><W126/><G107/><T94/><D104/><U33/><E51/><V83/><F5/><W17/><G34/><T3/><D43/><U75/><E75/><V92/><F2/><W66/><G135/><T14/><D133/><U71/><E90/><V134/><F134/><W46/><G126/><T112/><D124/><U55/><E55/><V61/><F58/><W35/><G35/><T28/><D57/><U12/><E91/><V127/><F127/><W18/><G77/><T95/><D112/><U76/><E76/><V89/><F100/><W103/><G103/><T68/><D68/><U32/><E32/><V114/><F114/><W63/><G29/><T41/><D41/><U111/><E111/><V65/><F65/><W10/><G47/><T101/><D14/><U122/><E122/><V86/><AGARI ba="2,0" hai="16,22,25,54,56,61,72,73,79,83,86,89,92,96" machi="86" ten="20,12000,1" yaku="0,1,7,1,25,2,54,1" doraHai="67" who="2" fromWho="2" sc="255,-42,152,-42,364,126,229,-42" /><INIT seed="2,3,0,3,4,4" ten="213,110,490,187" oya="2" hai0="100,48,24,6,21,37,38,79,75,52,36,2,70" hai1="65,96,57,98,40,39,19,25,56,11,3,126,26" hai2="129,134,68,97,120,44,82,32,59,58,16,84,94" hai3="131,15,13,17,62,89,135,85,45,130,54,23,20"/><V122/><F68/><W50/><G135/><T121/><D70/><U12/><E126/><V22/><F32/><W110/><G110/><T119/><D121/><U104/><E39/><V64/><F134/><W53/><G62/><T108/><D100/><U67/><E40/><V43/><F129/><N who="3" m="49163" /><G54/><T90/><D108/><U128/><E104/><V51/><F122/><W105/><G105/><T125/><D125/><U117/><E3/><V111/><F64/><N who="1" m="24649" /><E117/><V93/><F120/><W123/><G123/><T99/><D79/><U109/><E109/><V77/><F111/><W112/><G112/><T60/><D60/><U72/><E72/><V87/><F87/><W63/><G63/><T91/><D75/><U132/><E132/><V31/><F31/><W71/><G71/><T115/><D115/><U49/><E128/><V35/><F35/><W46/><G46/><T69/><D69/><U28/><E28/><V101/><F94/><N who="3" m="54575" /><G15/><AGARI ba="3,0" hai="15,16,22,43,44,51,58,59,77,82,84,93,97,101" machi="15" ten="30,5800,0" yaku="7,1,8,1,54,1" doraHai="4" who="2" fromWho="3" sc="213,0,110,0,490,67,187,-67" /><INIT seed="2,4,0,5,4,62" ten="213,110,557,120" oya="2" hai0="109,59,7,83,66,74,127,26,118,92,64,23,52" hai1="12,67,49,39,54,42,31,113,24,102,125,117,78" hai2="29,128,21,79,35,50,96,135,5,32,111,45,131" hai3="55,123,110,11,43,80,120,94,4,133,75,84,122"/><V81/><F5/><W36/><G110/><T77/><D109/><U2/><E113/><V34/><F111/><W48/><G133/><T13/><D118/><U115/><E115/><V8/><F8/><W1/><G94/><T106/><D106/><U40/><E117/><V38/><F38/><W63/><G63/><T71/><D71/><U121/><E2/><V51/><F135/><W16/><G75/><T129/><D129/><N who="2" m="49738" /><F96/><W126/><G126/><T33/><D127/><U114/><E114/><V22/><F29/><W76/><G36/><T19/><D92/><U68/><E125/><V6/><F6/><W97/><G97/><T56/><D56/><N who="1" m="32847" /><E121/><V103/><F103/><W27/><G43/><N who="1" m="16426" /><E39/><V10/><F10/><W85/><G85/><T130/><D130/><U28/><E68/><V93/><F93/><W3/><G3/><T73/><D7/><U112/><E112/><V37/><F37/><W99/><G99/><T41/><D41/><U18/><E102/><V116/><F116/><W101/><G101/><T44/><D44/><U15/><E78/><V60/><F45/><W58/><G123/><T108/><D108/><U57/><E24/><V89/><F79/><W53/><G53/><T88/><D73/><U134/><E134/><V20/><F60/><W95/><G95/><T91/><D33/><U47/><E47/><V107/><F107/><W69/><G69/><T119/><D119/><U72/><E72/><V46/><F46/><W25/><G25/><T124/><D124/><U0/><E0/><V132/><F132/><W14/><G27/><T104/><D74/><RYUUKYOKU ba="4,0" sc="213,-15,110,-15,557,15,120,15" hai2="20,21,22,32,34,35,50,51,81,89" hai3="1,4,11,14,16,48,55,58,76,80,84,120,122" /><INIT seed="2,5,0,2,5,89" ten="198,95,572,135" oya="2" hai0="71,103,91,112,110,99,28,15,63,49,113,12,10" hai1="94,79,54,90,100,32,102,24,67,69,135,114,46" hai2="88,3,17,14,111,60,92,126,9,47,16,53,70" hai3="115,42,5,117,125,74,97,6,22,21,55,120,58"/><V78/><F126/><W106/><G74/><T27/><D110/><U35/><E114/><V33/><F33/><W37/><G120/><T30/><D91/><U132/><E79/><V101/><F3/><W72/><G72/><T57/><D30/><N who="1" m="19527" /><E35/><V109/><F70/><W20/><G117/><T29/><D29/><U127/><E127/><V48/><F78/><W122/><G125/><T121/><D121/><U116/><E116/><V7/><F60/><W8/><G115/><T128/><D71/><U123/><E123/><V4/><F101/><W56/><G122/><T18/><D49/><N who="1" m="28983" /><E67/><V84/><REACH who="2" step="1"/><F17/><REACH who="2" ten="198,95,562,135" step="2"/><W134/><G106/><T93/><D112/><U34/><E69/><V130/><F130/><W65/><G65/><T52/><D113/><U108/><E34/><V41/><F41/><W86/><G42/><T118/><D118/><U26/><E108/><AGARI ba="5,1" hai="4,7,9,14,16,47,48,53,84,88,92,108,109,111" machi="108" ten="40,18000,2" yaku="1,1,14,1,10,1,52,1,54,2,53,0" doraHai="89" doraHaiUra="124" who="2" fromWho="1" sc="198,0,95,-195,562,205,135,0" owari="198,0.0,-100,-60.0,767,86.0,135,-26.0" /></mjloggm>