<mjloggm ver="2.3"><GO type="97" lobby="0"/><UN n0="%79%6F%79%79%61" n1="%7E%2D%79%75%75%2D%7E" n2="%6D%69%73%63%61%73%74" n3="%E5%B0%B1%E6%B4%BB%E7%94%9F%40%E5%B7%9D%E6%9D%91%E8%BB%8D%E5%9B%A3" dan="13,13,15,15" rate="1844.66,1803.78,1895.51,1966.46" sx="M,M,M,M"/><TAIKYOKU oya="0"/><INIT seed="0,0,0,0,3,98" ten="250,250,250,250" oya="0" hai0="22,48,8,12,85,42,114,90,89,94,93,56,1" hai1="96,71,18,43,117,36,132,59,72,133,45,2,64" hai2="78,126,95,29,120,108,105,110,24,63,9,79,53" hai3="38,16,65,113,101,50,83,7,127,33,77,86,46"/><T20/><D114/><U51/><E72/><V62/><F105/><W123/><G113/><T109/><D1/><U19/><E2/><V73/><F120/><W107/><G38/><T74/><D74/><U17/><E117/><V41/><F126/><W88/><G33/><T21/><D109/><N who="2" m="42090" /><F41/><W68/><G127/><T40/><D56/><U75/><E96/><V102/><F9/><W84/><G7/><T106/><D106/><U97/><E97/><N who="2" m="59711" /><F53/><W6/><G6/><T80/><D80/><U115/><E75/><V58/><F73/><W13/><G123/><T81/><D48/><U112/><E115/><V118/><F118/><W39/><G39/><T54/><D54/><N who="1" m="32223" /><E112/><V128/><F128/><W100/><G107/><T4/><REACH who="0" step="1"/><D81/><REACH who="0" ten="240,250,250,250" step="2"/><U91/><E132/><V82/><F82/><N who="3" m="49175" /><G68/><T27/><D27/><U131/><E133/><V70/><F70/><W49/><G65/><T66/><D66/><U119/><E131/><V5/><F58/><W60/><G60/><T52/><D52/><U30/><E119/><V92/><F63/><W67/><G67/><T129/><D129/><U121/><E121/><V44/><F62/><W76/><G76/><T87/><AGARI ba="0,1" hai="4,8,12,20,21,22,40,42,85,87,89,90,93,94" machi="87" ten="30,11700,0" yaku="1,1,0,1,9,1,8,1,53,0" doraHai="98" doraHaiUra="14" who="0" fromWho="0" sc="240,127,250,-39,250,-39,250,-39" /><INIT seed="0,1,0,1,1,97" ten="367,211,211,211" oya="0" hai0="134,118,95,48,107,125,128,60,59,52,132,26,12" hai1="57,116,27,130,39,47,68,81,69,51,119,25,3" hai2="20,72,88,109,29,129,21,124,43,87,70,113,126" hai3="50,32,36,56,41,71,123,40,49,8,104,67,42"/><T45/><D118/><U115/><E3/><V13/><F70/><W110/><G32/><T102/><D128/><U99/><E115/><V89/><F72/><W105/><G8/><T17/><D125/><N who="2" m="48234" /><F113/><W0/><G0/><T11/><D95/><U15/><E130/><V1/><F1/><W35/><G35/><T98/><REACH who="0" step="1"/><D26/><REACH who="0" ten="357,211,211,211" step="2"/><U30/><E27/><V77/><F129/><W80/><G105/><T84/><D84/><U74/><E116/><V114/><F87/><W76/><G104/><T117/><D117/><U112/><E119/><V94/><F94/><W65/><G123/><T90/><D90/><U103/><E112/><V79/><F88/><W58/><G76/><T54/><AGARI ba="1,1" hai="11,12,17,45,48,52,54,59,60,98,102,107,132,134" machi="54" ten="30,11700,0" yaku="1,1,0,1,52,1,54,1,53,0" doraHai="97" doraHaiUra="37" who="0" fromWho="0" sc="357,130,211,-40,211,-40,211,-40" /><INIT seed="0,2,0,0,4,77" ten="487,171,171,171" oya="0" hai0="127,89,37,63,32,28,64,49,18,51,79,20,87" hai1="91,124,135,97,42,44,108,76,72,110,8,35,43" hai2="69,50,36,68,92,105,34,56,17,2,103,16,67" hai3="112,125,38,65,19,80,93,70,25,133,104,54,116"/><T1/><D37/><U3/><E35/><V48/><F2/><W114/><G104/><T96/><D1/><U82/><E124/><V13/><F36/><W99/><G38/><T78/><D127/><U24/><E24/><V33/><F105/><W39/><G125/><T129/><D32/><U59/><E59/><V46/><F56/><W131/><G39/><T4/><D28/><U102/><E91/><V134/><F13/><W90/><G116/><T22/><D4/><N who="1" m="1055" /><E135/><V95/><F46/><W52/><G133/><T120/><D120/><U101/><E101/><V126/><F126/><W57/><G131/><T15/><D129/><U12/><E12/><V55/><F55/><W23/><G54/><T10/><D79/><U27/><E27/><V111/><F111/><N who="1" m="42537" /><E44/><V11/><F11/><W121/><G121/><T30/><D78/><U94/><AGARI ba="2,0" hai="42,43,72,76,82,94,97,102" m="42537,1055" machi="94" ten="30,2000,0" yaku="14,1,52,1" doraHai="77" who="1" fromWho="1" sc="487,-12,171,26,171,-7,171,-7" /><INIT seed="1,0,0,4,2,36" ten="475,197,164,164" oya="1" hai0="31,120,2,26,78,47,111,30,5,72,114,59,106" hai1="21,53,105,34,92,13,63,94,73,110,84,42,38" hai2="103,40,131,49,93,119,43,64,19,3,23,86,87" hai3="134,71,122,104,46,82,9,121,108,74,124,66,88"/><U101/><E34/><V39/><F3/><W22/><G104/><T81/><D111/><U58/><E73/><V126/><F119/><W96/><G108/><T118/><D118/><U62/><E110/><V0/><F0/><W27/><G124/><T80/><D114/><U125/><E125/><V132/><F39/><W116/><G116/><T67/><D106/><U8/><E21/><V55/><F126/><W11/><G134/><T89/><D89/><U133/><E133/><V29/><F29/><W70/><G74/><T83/><D120/><U117/><E117/><V44/><F131/><W37/><G71/><T25/><D26/><U135/><E135/><V41/><F64/><W109/><G109/><T128/><D128/><U24/><E24/><N who="2" m="14463" /><F132/><W51/><G37/><T4/><D4/><N who="1" m="3207" /><E105/><V60/><F60/><W6/><G70/><T91/><D5/><U1/><E1/><V35/><F35/><W32/><G32/><T52/><D2/><U69/><E69/><V57/><F44/><W54/><G66/><T10/><D67/><U97/><E62/><V127/><F127/><W7/><G121/><T85/><D78/><U77/><E38/><V20/><F20/><W112/><G112/><T65/><D10/><N who="3" m="3593" /><G122/><T28/><D65/><U129/><E129/><V95/><F95/><N who="3" m="56423" /><G82/><N who="0" m="31851" /><D72/><U50/><E63/><V123/><F123/><W68/><G68/><T115/><D115/><U48/><E77/><V45/><F45/><W99/><G99/><AGARI ba="0,0" hai="40,41,43,49,55,57,86,87,93,99,103" m="14463" machi="99" ten="30,7700,0" yaku="8,1,52,3" doraHai="36" who="2" fromWho="3" sc="475,0,197,0,164,77,164,-77" /><INIT seed="2,0,0,1,5,97" ten="475,197,241,87" oya="2" hai0="53,105,124,122,102,121,34,130,12,99,92,87,98" hai1="36,10,56,89,39,106,3,80,17,15,44,27,1" hai2="126,19,104,133,96,90,48,24,91,82,108,29,18" hai3="107,86,68,9,22,57,46,58,63,7,4,69,11"/><V127/><F133/><W40/><G107/><T33/><D53/><U5/><E106/><V118/><F118/><W0/><G86/><T45/><D45/><U14/><E56/><V43/><F108/><W16/><G68/><T110/><D12/><U75/><E44/><V135/><F135/><W94/><G69/><T21/><D21/><U128/><E128/><V88/><F82/><W117/><G117/><T101/><D110/><U134/><E134/><V131/><F131/><W51/><G94/><N who="0" m="58583" /><D130/><U61/><E61/><V70/><F70/><W8/><G7/><T6/><D33/><U30/><E75/><V76/><F76/><W31/><G31/><T83/><D34/><N who="1" m="20831" /><E36/><V129/><F129/><W115/><G115/><T38/><D6/><U64/><E39/><V55/><F43/><W66/><REACH who="3" step="1"/><G57/><REACH who="3" ten="475,197,241,77" step="2"/><T112/><D112/><U37/><E5/><V119/><F119/><W42/><G42/><T2/><D105/><U73/><E73/><V125/><F29/><W60/><G60/><T26/><D92/><U32/><E17/><V100/><F19/><W72/><G72/><T84/><D87/><U123/><E123/><V113/><F113/><W67/><G67/><T35/><D84/><N who="1" m="50311" /><E64/><V25/><F18/><W77/><G77/><T120/><D121/><U13/><E37/><V85/><F85/><W74/><G74/><T59/><D38/><U52/><E10/><V109/><F109/><W95/><G95/><T132/><D122/><U65/><E65/><V116/><F116/><W23/><G23/><T54/><D120/><U28/><E52/><V114/><F114/><RYUUKYOKU ba="0,1" sc="475,-30,197,10,241,10,77,10" hai1="1,3,13,14,15,28,32" hai2="24,25,48,55,88,90,91,96,100,104,125,126,127" hai3="0,4,8,9,11,16,22,40,46,51,58,63,66" /><INIT seed="2,1,1,2,2,88" ten="445,207,251,87" oya="2" hai0="30,81,54,48,68,78,85,94,129,98,105,18,128" hai1="76,41,109,63,35,24,135,44,112,124,70,53,17" hai2="4,55,50,117,61,93,71,56,130,80,60,22,13" hai3="89,34,100,2,43,0,83,16,6,40,86,90,49"/><V102/><F117/><W31/><G100/><N who="0" m="60503" /><D68/><U110/><E112/><V19/><F130/><N who="0" m="50282" /><D18/><U92/><E124/><V120/><F120/><W131/><G131/><T73/><D30/><U37/><E135/><V115/><F115/><W32/><G31/><T57/><D105/><U69/><E76/><V26/><F71/><W104/><G104/><T122/><D122/><U8/><E8/><N who="2" m="4231" /><F80/><W87/><G49/><T42/><D42/><U15/><E15/><V82/><F82/><W23/><G6/><T72/><AGARI ba="1,1" hai="48,54,57,72,73,78,81,85" m="50282,60503" machi="72" ten="30,2000,0" yaku="19,1,52,1" doraHai="88" who="0" fromWho="0" sc="445,33,207,-6,251,-11,87,-6" /><INIT seed="3,0,0,4,1,13" ten="478,201,240,81" oya="3" hai0="59,12,78,94,128,29,86,57,8,48,36,21,88" hai1="73,56,31,71,105,117,111,132,10,58,45,114,66" hai2="130,17,70,119,40,124,46,96,82,51,113,39,131" hai3="83,74,20,35,3,75,87,108,62,43,102,47,120"/><W79/><G120/><T121/><D36/><U52/><E114/><V53/><F119/><W103/><G35/><T115/><D121/><U32/><E117/><V2/><F2/><W30/><G3/><T4/><D128/><U65/><E73/><V95/><F70/><W26/><G108/><T133/><D115/><U22/><E111/><V41/><F124/><W34/><G34/><T134/><D48/><N who="1" m="28687" /><E71/><V80/><F17/><W135/><G135/><N who="0" m="51723" /><D78/><U44/><E132/><V11/><F11/><W127/><G127/><T69/><D69/><U123/><E105/><V28/><F28/><W27/><G27/><AGARI ba="0,0" hai="4,8,12,21,27,29,57,59,86,88,94" m="51723" machi="27" ten="30,2000,0" yaku="20,1,54,1" doraHai="13" who="0" fromWho="3" sc="478,20,201,0,240,0,81,-20" owari="498,60.0,201,-20.0,240,4.0,61,-44.0" /></mjloggm>