<mjloggm ver="2.3"><GO type="97" lobby="0"/><UN n0="%E5%B5%AF%E5%B3%A8%E6%94%BF%E5%AE%97" n1="%E3%83%88%E3%83%88%E3%83%AA%E5%85%88%E7%94%9F%31%39%E6%AD%B3" n2="%E3%81%B2%E3%82%8D%E3%81%97%E3%81%BE" n3="%E3%81%86%E3%81%95%E3%81%8E%E3%81%BE%E3%81%8D" dan="15,14,14,13" rate="2078.11,2030.85,1897.10,1886.55" sx="M,F,M,M"/><TAIKYOKU oya="0"/><INIT seed="0,0,0,2,0,40" ten="250,250,250,250" oya="0" hai0="57,94,127,132,55,82,7,39,20,66,115,96,48" hai1="71,12,106,116,41,38,89,5,52,108,43,29,47" hai2="76,101,37,14,98,100,18,125,0,95,130,34,134" hai3="30,97,31,69,6,104,111,24,107,1,122,92,121"/><T49/><D115/><U105/><E116/><V3/><F134/><W131/><G69/><T15/><D39/><U109/><E71/><V2/><F34/><W26/><G1/><T123/><D123/><N who="3" m="47113" /><G6/><T56/><D132/><U53/><E29/><N who="3" m="10762" /><G131/><T17/><D127/><U19/><E43/><V86/><F130/><W13/><G13/><T113/><D113/><U51/><E89/><V68/><F68/><W46/><G46/><T85/><D7/><U21/><E53/><V4/><F4/><W70/><G70/><T103/><D66/><U10/><E41/><V59/><F37/><W118/><G118/><T93/><D49/><U44/><E44/><V42/><F42/><W33/><G33/><T28/><D28/><U73/><E73/><V79/><F125/><W126/><G126/><T119/><D119/><U117/><E38/><V124/><F124/><W64/><G111/><N who="1" m="42570" /><E117/><V61/><F101/><N who="3" m="60583" /><G64/><T112/><D112/><U32/><E32/><V54/><REACH who="2" step="1"/><F86/><REACH who="2" ten="250,250,240,250" step="2"/><W60/><G60/><T74/><D74/><U75/><E75/><V25/><F25/><AGARI ba="0,1" hai="24,25,26,104,107" m="60583,10762,47113" machi="25" ten="30,1000,0" yaku="13,1" doraHai="40" who="3" fromWho="2" sc="250,0,250,0,240,-10,250,20" /><AGARI ba="0,0" hai="5,10,12,19,21,25,47,51,52,105,106" m="42570" machi="25" ten="30,3900,0" yaku="14,1,52,1,54,1" doraHai="40" who="1" fromWho="2" sc="250,0,250,39,230,-39,270,0" /><INIT seed="1,0,0,0,1,102" ten="250,289,191,270" oya="1" hai0="39,58,117,101,2,85,50,16,8,92,59,106,23" hai1="0,60,13,77,91,5,25,83,22,124,57,120,55" hai2="7,26,9,107,31,35,45,61,75,89,127,11,108" hai3="113,21,14,17,133,33,15,49,67,129,86,100,64"/><U63/><E120/><V87/><F75/><W82/><G113/><T68/><D68/><U65/><E124/><V96/><F127/><W43/><G33/><T121/><D39/><U32/><E0/><V116/><F116/><W62/><G129/><T90/><D117/><U28/><E91/><V38/><F108/><W66/><G133/><T135/><D135/><U44/><E44/><V93/><F7/><W46/><G100/><T70/><D70/><U125/><E125/><V69/><F45/><W72/><G72/><T110/><D110/><U40/><E40/><V52/><F38/><W71/><REACH who="3" step="1"/><G14/><REACH who="3" ten="250,289,191,260" step="2"/><T111/><D111/><U112/><E112/><V132/><F132/><W78/><AGARI ba="0,1" hai="15,17,21,43,46,49,62,64,66,67,71,78,82,86" machi="78" ten="20,5200,0" yaku="1,1,2,1,0,1,7,1,53,0" doraHai="102" doraHaiUra="97" who="3" fromWho="3" sc="250,-13,289,-26,191,-13,260,62" /><INIT seed="2,0,0,1,4,40" ten="237,263,178,322" oya="2" hai0="3,99,33,0,20,96,21,116,55,74,87,88,65" hai1="72,90,114,115,62,83,106,78,64,37,57,48,46" hai2="95,126,70,10,17,76,117,9,102,132,6,7,66" hai3="111,29,60,24,56,120,77,16,68,110,12,104,52"/><V133/><F117/><W15/><G104/><T23/><D116/><U5/><E106/><V97/><F76/><W84/><G68/><T108/><D74/><U103/><E103/><V128/><F70/><W8/><G120/><T2/><D33/><U82/><E37/><V94/><F66/><W59/><G59/><T49/><D65/><U47/><E5/><V69/><F69/><W19/><G84/><T79/><D79/><U129/><E129/><V39/><F39/><W4/><G77/><T85/><D108/><N who="3" m="41513" /><G15/><T34/><D34/><AGARI ba="0,0" hai="4,8,12,16,19,24,29,34,52,56,60" m="41513" machi="34" ten="30,3900,0" yaku="14,1,54,2" doraHai="40" who="3" fromWho="0" sc="237,-39,263,0,178,0,322,39" /><INIT seed="3,0,0,5,3,55" ten="198,263,178,361" oya="3" hai0="115,79,44,129,61,9,13,22,53,102,74,87,56" hai1="20,124,42,91,0,25,71,114,88,48,127,122,72" hai2="133,46,126,41,34,109,37,27,3,10,36,98,135" hai3="107,92,70,60,67,78,76,86,35,43,51,17,33"/><W117/><G117/><T65/><D74/><U99/><E114/><V100/><F109/><W121/><G107/><T54/><D115/><U50/><E122/><V15/><F37/><W103/><G121/><T21/><D129/><U47/><E72/><V81/><F126/><W18/><G35/><T123/><D102/><U82/><E71/><V84/><F3/><W14/><G33/><T23/><D123/><U106/><E0/><V19/><F27/><W101/><G18/><T116/><D44/><U105/><E50/><V66/><F34/><W45/><G76/><T16/><D116/><U95/><E82/><AGARI ba="0,0" hai="9,13,16,21,22,23,53,54,56,61,65,79,82,87" machi="82" ten="40,5200,0" yaku="8,1,52,1,54,1" doraHai="55" who="0" fromWho="1" sc="198,52,263,-52,178,0,361,0" owari="250,5.0,211,-19.0,178,-32.0,361,46.0" /></mjloggm>