<mjloggm ver="2.3"><GO type="97" lobby="0"/><UN n0="%4B%61%79%73%65%72%69" n1="%E3%83%A2%E3%83%A2%E7%99%BE%E7%94%B0" n2="%E5%B0%B1%E6%B4%BB%E7%94%9F%40%E5%B7%9D%E6%9D%91%E8%BB%8D%E5%9B%A3" n3="%E3%81%AE%E3%83%BC%E3%82%8A%E3%83%BC" dan="14,14,14,15" rate="1930.08,1892.91,1920.64,1983.35" sx="F,M,M,M"/><TAIKYOKU oya="0"/><INIT seed="0,0,0,2,4,106" ten="250,250,250,250" oya="0" hai0="108,31,72,53,34,94,114,125,85,40,75,105,129" hai1="99,123,14,5,97,71,19,22,13,26,63,88,10" hai2="113,112,103,51,49,111,47,36,52,109,82,66,62" hai3="50,43,54,15,83,46,24,118,87,78,44,92,116"/><T84/><D114/><N who="2" m="44138" /><F103/><W25/><G92/><T12/><D105/><U110/><E123/><V58/><F82/><W101/><G101/><T107/><D107/><U17/><E110/><N who="2" m="41995" /><F49/><W28/><G15/><T6/><D108/><U135/><E135/><V41/><F36/><W33/><REACH who="3" step="1"/><G24/><REACH who="3" ten="250,250,250,240" step="2"/><T80/><D129/><U77/><E99/><V132/><F132/><W61/><G61/><T11/><D125/><U16/><E77/><V134/><F134/><W102/><G102/><T68/><D68/><U32/><E71/><V65/><AGARI ba="0,1" hai="41,47,51,52,58,62,65,66" m="41995,44138" machi="65" ten="40,8000,1" yaku="14,1,34,2,54,1" doraHai="106" who="2" fromWho="2" sc="250,-40,250,-20,250,90,240,-20" /><INIT seed="1,0,0,0,0,84" ten="210,230,340,220" oya="1" hai0="8,69,15,10,53,129,125,35,124,115,28,25,12" hai1="24,63,122,56,98,20,114,95,30,66,75,61,118" hai2="36,23,71,14,0,76,59,6,80,86,73,116,93" hai3="113,1,7,33,62,57,3,50,51,22,92,127,16"/><U37/><E122/><V87/><F116/><W48/><G33/><T101/><D69/><U64/><E118/><V52/><F71/><W5/><G113/><T88/><D101/><U38/><E114/><V119/><F36/><W13/><G127/><N who="0" m="48715" /><D115/><U41/><E75/><V11/><F119/><W78/><G3/><T108/><D53/><U72/><E72/><V70/><F70/><W106/><G106/><T68/><D68/><U85/><E85/><V83/><F93/><W117/><G117/><T90/><D108/><U109/><E109/><V18/><REACH who="2" step="1"/><F83/><REACH who="2" ten="210,230,330,220" step="2"/><W32/><G92/><T82/><D129/><U34/><E38/><V128/><F128/><W133/><G133/><T49/><D82/><U97/><E34/><V110/><F110/><W77/><G32/><T44/><D49/><AGARI ba="0,1" hai="0,6,11,14,18,23,49,52,59,73,76,80,86,87" machi="49" ten="30,3900,0" yaku="1,1,7,1,54,1,53,0" doraHai="84" doraHaiUra="103" who="2" fromWho="0" sc="210,-39,230,0,330,49,220,0" /><INIT seed="2,0,0,3,1,123" ten="171,230,379,220" oya="2" hai0="130,4,10,104,43,14,72,79,23,93,111,59,13" hai1="40,81,117,45,30,28,7,3,52,120,38,84,21" hai2="107,97,64,128,108,73,124,101,50,83,29,122,118" hai3="42,131,94,20,125,35,2,80,46,109,82,9,132"/><V47/><F118/><W119/><G35/><T103/><D104/><U129/><E117/><V58/><F122/><W134/><G119/><T49/><D130/><U75/><E75/><V121/><F121/><W105/><G105/><T114/><D114/><U92/><E120/><V24/><F128/><W48/><G131/><T25/><D79/><U5/><E129/><V37/><F37/><W66/><G66/><T116/><D72/><U70/><E70/><V95/><F124/><W112/><G112/><T56/><D116/><U71/><E71/><V61/><F73/><W78/><G125/><T91/><D103/><U18/><E92/><V27/><F83/><W44/><G94/><T41/><D14/><U33/><E3/><V39/><F39/><W126/><G126/><T65/><D65/><U77/><E33/><V17/><F17/><W36/><G20/><T12/><D12/><U57/><E7/><V96/><F108/><W67/><G67/><T86/><D111/><U98/><E98/><V102/><REACH who="2" step="1"/><F29/><REACH who="2" ten="171,230,369,220" step="2"/><W100/><G109/><T51/><D51/><N who="1" m="27047" /><E5/><V115/><F115/><W34/><G82/><T89/><D49/><N who="1" m="30863" /><E38/><V106/><F106/><W15/><G36/><T6/><D6/><U127/><E127/><V88/><F88/><W8/><G2/><T1/><D91/><U113/><E113/><V54/><AGARI ba="0,1" hai="24,27,47,50,54,58,61,64,95,96,97,101,102,107" machi="54" ten="20,3900,0" yaku="1,1,0,1,7,1,53,0" doraHai="123" doraHaiUra="87" who="2" fromWho="2" sc="171,-13,230,-13,369,49,220,-13" /><INIT seed="2,1,0,3,2,130" ten="158,217,418,207" oya="2" hai0="18,2,64,44,34,41,66,6,31,122,26,97,106" hai1="23,123,74,11,51,3,114,120,115,132,61,75,37" hai2="50,89,119,118,67,82,47,1,104,9,16,87,45" hai3="35,72,27,10,43,125,22,80,116,95,5,113,4"/><V8/><F104/><W52/><G116/><T40/><D122/><N who="1" m="46635" /><E23/><V103/><F103/><W126/><G43/><T93/><D106/><U107/><E107/><V55/><F67/><W92/><G113/><N who="1" m="43018" /><E37/><V110/><F110/><W56/><G35/><T124/><D124/><N who="3" m="47721" /><G80/><T48/><D40/><U14/><E3/><V73/><F73/><W133/><G72/><T85/><D85/><U81/><E51/><V68/><F68/><W100/><G100/><T59/><D2/><U83/><E83/><V12/><F47/><W112/><G112/><T84/><D6/><AGARI ba="1,0" hai="1,6,8,9,12,16,45,50,55,82,87,89,118,119" machi="6" ten="40,7700,0" yaku="25,2,54,1" doraHai="130" who="2" fromWho="0" sc="158,-80,217,0,418,80,207,0" /><INIT seed="2,2,0,1,3,3" ten="78,217,498,207" oya="2" hai0="21,87,110,94,7,63,112,96,33,133,85,28,20" hai1="106,64,49,117,51,30,104,57,103,74,15,61,120" hai2="83,108,26,52,129,118,81,45,89,42,125,41,14" hai3="13,115,75,56,60,100,50,92,25,130,32,123,40"/><V38/><F118/><W86/><G75/><T70/><D112/><U107/><E74/><V111/><F42/><W113/><G123/><T1/><D133/><U39/><E39/><V46/><F125/><W8/><G130/><T11/><D110/><N who="2" m="42026" /><F129/><W95/><G100/><T48/><D48/><U17/><E117/><V53/><F26/><W98/><G98/><T66/><D33/><U128/><E128/><V6/><F46/><N who="3" m="25927" /><G86/><T23/><REACH who="0" step="1"/><D28/><REACH who="0" ten="68,217,498,207" step="2"/><U69/><E30/><V37/><F37/><W90/><G32/><T99/><D99/><U2/><E120/><V121/><F121/><W47/><G115/><T91/><AGARI ba="2,1" hai="1,7,11,20,21,23,63,66,70,85,87,91,94,96" machi="91" ten="30,4000,0" yaku="1,1,0,1,52,1,53,0" doraHai="3" doraHaiUra="102" who="0" fromWho="0" sc="68,56,217,-12,498,-22,207,-12" /><INIT seed="3,0,0,5,5,129" ten="124,205,476,195" oya="3" hai0="64,31,49,103,72,61,69,28,35,67,119,98,92" hai1="100,86,38,118,88,131,87,3,53,13,97,52,83" hai2="85,135,122,14,43,26,117,10,115,15,48,125,128" hai3="56,90,79,110,18,104,99,91,54,2,46,50,1"/><W93/><G110/><T45/><D119/><U42/><E3/><V59/><F117/><W24/><G79/><T57/><D72/><U44/><E118/><V11/><F128/><W39/><G104/><T134/><D64/><U108/><E108/><V36/><F36/><W114/><G114/><T12/><D12/><U30/><E131/><V0/><F0/><W111/><G111/><T80/><D80/><U66/><E66/><V58/><F125/><W70/><G70/><T106/><D92/><U112/><E112/><V132/><F122/><W21/><G90/><T75/><D75/><U29/><E29/><V105/><F105/><W77/><G77/><T17/><D17/><U81/><E30/><V7/><F115/><W89/><G89/><T113/><D113/><U23/><E23/><V102/><F102/><W9/><G9/><T107/><D107/><U127/><E13/><V60/><F26/><W68/><G68/><T82/><D82/><U94/><E127/><V40/><F85/><W124/><G124/><T55/><D134/><N who="2" m="51242" /><F48/><W130/><G130/><T16/><D16/><U116/><E116/><V6/><F59/><W63/><G39/><T27/><REACH who="0" step="1"/><D28/><REACH who="0" ten="114,205,476,195" step="2"/><U20/><E83/><V32/><F32/><W41/><AGARI ba="0,1" hai="1,2,18,21,24,41,46,50,54,56,63,91,93,99" machi="41" ten="20,7800,0" yaku="0,1,7,1,25,2" doraHai="129" who="3" fromWho="3" sc="114,-26,205,-26,476,-26,195,88" /><INIT seed="3,1,0,1,2,128" ten="88,179,450,283" oya="3" hai0="100,65,83,67,61,118,60,110,89,99,125,39,96" hai1="55,2,50,28,120,6,76,107,72,112,38,25,130" hai2="10,68,29,57,132,87,90,92,93,13,135,36,64" hai3="1,103,115,88,34,16,49,7,45,114,81,17,20"/><W75/><G34/><T23/><D110/><U122/><E107/><V124/><F36/><W8/><G103/><T73/><D118/><U84/><E112/><V5/><F124/><W104/><G104/><T126/><D39/><U79/><E130/><V95/><F68/><W85/><G75/><T42/><D42/><U97/><E38/><V24/><F64/><W86/><G86/><T111/><D111/><U113/><E113/><V56/><F56/><W47/><G47/><T46/><D46/><U41/><E72/><V119/><F119/><W134/><G17/><T31/><D73/><U52/><E97/><V106/><F106/><W21/><G21/><T12/><D12/><U82/><E76/><V15/><F15/><W71/><G71/><T27/><D83/><U123/><E50/><V3/><F3/><W26/><REACH who="3" step="1"/><G134/><REACH who="3" ten="88,179,450,273" step="2"/><N who="2" m="51241" /><F57/><W40/><AGARI ba="1,1" hai="1,7,8,16,20,26,40,45,49,81,85,88,114,115" machi="40" ten="20,12000,1" yaku="1,1,0,1,7,1,54,2,53,0" doraHai="128" doraHaiUra="91" who="3" fromWho="3" sc="88,-41,179,-41,450,-41,273,133" /><INIT seed="3,2,0,3,2,35" ten="47,138,409,406" oya="3" hai0="100,73,64,17,47,0,131,22,132,30,66,88,26" hai1="9,77,36,80,1,7,54,119,124,10,93,44,76" hai2="58,59,107,83,43,27,87,97,116,62,20,108,130" hai3="61,29,21,63,111,70,120,109,74,89,134,23,67"/><W104/><G120/><T56/><D73/><U94/><E124/><V33/><F116/><W50/><G74/><T14/><D132/><U24/><E77/><V45/><F108/><N who="3" m="41547" /><G104/><T129/><D100/><U12/><E24/><V11/><F130/><W126/><G126/><T55/><D47/><U5/><E119/><V106/><F106/><W40/><G134/><T118/><D118/><U112/><E112/><V91/><F107/><W13/><G89/><T99/><D129/><U115/><E115/><V25/><F33/><W8/><G63/><T68/><D131/><U39/><E39/><V105/><F105/><W86/><G86/><T122/><D68/><U69/><E69/><V95/><F11/><W65/><G65/><T71/><D71/><U135/><E135/><V96/><F96/><W72/><G72/><T98/><D98/><U16/><E7/><V37/><F62/><W117/><G117/><T114/><D114/><U52/><E54/><V4/><F4/><N who="3" m="3207" /><G29/><T2/><D122/><U113/><E113/><V3/><F3/><W57/><G57/><T110/><D110/><U18/><E18/><V48/><F37/><W32/><G32/><T28/><D28/><U102/><E102/><N who="2" m="60735" /><F20/><W60/><G60/><T49/><D66/><U15/><E15/><V46/><F46/><AGARI ba="2,0" hai="21,23,40,46,50,61,67,70" m="3207,41547" machi="46" ten="30,2900,0" yaku="14,1,10,1" doraHai="35" who="3" fromWho="2" sc="47,0,138,0,409,-35,406,35" owari="47,-45.0,138,-26.0,374,17.0,441,54.0" /></mjloggm>