<mjloggm ver="2.3"><GO type="169" lobby="0"/><UN n0="%E3%83%AD%E3%83%B3%E3%82%88%E3%82%8A%E8%A8%BC%E6%8B%A0" n1="%E5%BB%83%E4%BA%BA%E9%81%94%E9%9B%86%E5%90%88" n2="%E3%81%AB%E3%81%9B%E6%82%9F%E7%A9%BA" n3="%E5%B0%B1%E6%B4%BB%E7%94%9F%40%E5%B7%9D%E6%9D%91%E8%BB%8D%E5%9B%A3" dan="16,16,16,17" rate="2119.73,2085.86,2115.82,2201.67" sx="M,M,M,M"/><TAIKYOKU oya="0"/><INIT seed="0,0,0,3,2,12" ten="250,250,250,250" oya="0" hai0="35,101,82,109,105,52,19,55,41,0,91,102,53" hai1="128,75,42,28,20,114,67,44,36,90,120,112,14" hai2="76,51,24,69,21,25,126,7,5,29,129,99,87" hai3="2,10,32,43,38,88,113,68,124,97,72,133,54"/><T26/><D0/><U17/><E120/><V92/><F69/><W18/><G113/><T111/><D41/><U3/><E3/><V131/><F126/><W49/><G32/><T130/><D130/><N who="2" m="49674" /><F51/><W58/><G68/><T66/><D66/><U9/><E128/><V23/><F87/><W46/><G72/><T13/><D105/><U80/><E67/><V15/><F76/><W56/><G124/><T63/><D63/><U93/><E75/><V8/><F92/><W65/><G133/><T116/><D116/><U79/><E79/><V27/><F99/><W50/><G2/><T22/><D82/><U1/><E80/><V86/><F86/><W104/><G104/><T39/><D91/><U117/><E117/><V61/><F61/><N who="3" m="38055" /><G38/><T115/><D39/><U96/><E28/><N who="2" m="17423" /><F27/><W94/><G49/><T30/><REACH who="0" step="1"/><D115/><REACH who="0" ten="240,250,250,250" step="2"/><U71/><E71/><V60/><F60/><W89/><G89/><T110/><AGARI ba="0,1" hai="13,19,22,26,30,35,52,53,55,101,102,109,110,111" machi="110" ten="40,18000,2" yaku="1,1,2,1,0,1,14,1,10,1,52,1,54,1,53,0" doraHai="12" doraHaiUra="64" who="0" fromWho="0" sc="240,190,250,-60,250,-60,250,-60" /><INIT seed="0,1,0,4,2,117" ten="430,190,190,190" oya="0" hai0="45,8,64,105,100,135,22,120,63,92,14,95,57" hai1="77,10,56,0,112,132,129,33,30,87,19,96,119" hai2="16,76,65,50,131,20,75,128,60,127,114,5,107" hai3="133,106,55,58,134,90,34,123,66,86,68,74,110"/><T98/><D135/><N who="3" m="51721" /><G74/><T94/><D22/><U7/><E132/><V70/><F114/><W121/><G34/><T4/><REACH who="0" step="1"/><D45/><REACH who="0" ten="420,190,190,190" step="2"/><U116/><E116/><V47/><F20/><W125/><G125/><T31/><D31/><U71/><E119/><V83/><F47/><W113/><G113/><T23/><D23/><U78/><E112/><V89/><F127/><W99/><G110/><T84/><D84/><U35/><E87/><V44/><F44/><W130/><G130/><T29/><D29/><U36/><E30/><V67/><F131/><W126/><G126/><T118/><D118/><U42/><E129/><V111/><F128/><W124/><G124/><T52/><D52/><U51/><E35/><V28/><F28/><W93/><G66/><T101/><D101/><U3/><E33/><V12/><F67/><W103/><G68/><T48/><D48/><AGARI ba="1,1" hai="48,55,58,86,90,93,99,103,106,121,123" m="51721" machi="48" ten="30,3900,0" yaku="20,1,52,2" doraHai="117" who="3" fromWho="0" sc="420,-42,190,0,190,0,190,52" /><INIT seed="1,0,0,3,3,17" ten="378,190,190,242" oya="1" hai0="103,24,133,86,91,57,13,22,30,11,73,96,69" hai1="48,28,2,83,55,78,66,82,3,122,0,23,40" hai2="132,56,14,15,53,43,76,123,12,4,93,67,51" hai3="49,52,120,77,62,99,46,61,44,18,119,6,135"/><U88/><E122/><V125/><F123/><W95/><G120/><T104/><D133/><U124/><E66/><V47/><F132/><W94/><G135/><T35/><D69/><U21/><E40/><V113/><F113/><W59/><G119/><T64/><D73/><U107/><E107/><V90/><F125/><W8/><G77/><T7/><D57/><U34/><E124/><V102/><F102/><W108/><G108/><T112/><D64/><U68/><E68/><V58/><F76/><W63/><G94/><T79/><D79/><U42/><E42/><V60/><F4/><W115/><G115/><T38/><D38/><U114/><E114/><V101/><F101/><N who="3" m="60671" /><G6/><T80/><REACH who="0" step="1"/><D112/><REACH who="0" ten="368,190,190,242" step="2"/><U84/><E78/><V33/><F33/><AGARI ba="0,1" hai="7,11,13,22,24,30,33,35,80,86,91,96,103,104" machi="33" ten="40,5200,0" yaku="1,1,2,1,52,1,53,0" doraHai="17" doraHaiUra="105" who="0" fromWho="2" sc="368,62,190,0,190,-52,242,0" /><INIT seed="2,0,0,2,0,70" ten="430,190,138,242" oya="2" hai0="7,3,132,5,44,20,27,1,58,84,133,59,34" hai1="131,101,107,104,74,62,81,11,96,88,121,105,122" hai2="73,37,15,128,12,71,115,0,51,67,36,32,126" hai3="94,124,43,109,113,48,40,83,68,129,54,65,64"/><V29/><F0/><W85/><G109/><T89/><D34/><U120/><E62/><N who="2" m="40439" /><F12/><W52/><G124/><T118/><D118/><U127/><E11/><V134/><F15/><W46/><G129/><T92/><D3/><U22/><E22/><V49/><F73/><W24/><G113/><T61/><D1/><U80/><E127/><V35/><F29/><W2/><G2/><T103/><D103/><U66/><E66/><N who="3" m="25706" /><G68/><T50/><D133/><U98/><E131/><V72/><F72/><W86/><G24/><T47/><D47/><U31/><E31/><V33/><F126/><W99/><G54/><N who="0" m="34039" /><D58/><U45/><E45/><V82/><F128/><W77/><G86/><T108/><D108/><U117/><E117/><V17/><F17/><W110/><G110/><T57/><D57/><U106/><E74/><V87/><F115/><W56/><G56/><T28/><D132/><U8/><E8/><V6/><F134/><W119/><G119/><T4/><D4/><U10/><E10/><V102/><F6/><W116/><G116/><T39/><D39/><N who="2" m="14922" /><F102/><AGARI ba="0,0" hai="40,43,46,48,52,77,83,85,94,99,102" m="25706" machi="102" ten="30,2000,0" yaku="8,1,54,1" doraHai="70" who="3" fromWho="2" sc="430,0,190,0,138,-20,242,20" /><INIT seed="3,0,0,0,2,120" ten="430,190,118,262" oya="3" hai0="36,39,66,104,75,109,85,17,48,111,129,25,91" hai1="61,45,133,112,35,8,79,95,92,121,7,124,80" hai2="67,15,108,4,65,44,114,47,84,83,86,54,52" hai3="88,113,53,11,119,12,30,76,28,42,68,81,131"/><W33/><G113/><T5/><D75/><U24/><E112/><V77/><F114/><W122/><G122/><T50/><D104/><U19/><E121/><V56/><F108/><N who="0" m="41546" /><D129/><U105/><E105/><V14/><F4/><W41/><G68/><T101/><D101/><U100/><E100/><V37/><F37/><N who="0" m="14410" /><D66/><U93/><E133/><V16/><F86/><W63/><G33/><T46/><D5/><U23/><E124/><V55/><F14/><W132/><G12/><T125/><D125/><U102/><E102/><V128/><F128/><W117/><G132/><T87/><D87/><U43/><E7/><V98/><F98/><W22/><G119/><T59/><D59/><U96/><E96/><V38/><F38/><W90/><G131/><T106/><D106/><U20/><E45/><N who="2" m="17483" /><F56/><W70/><G70/><T40/><D50/><U134/><E134/><V97/><F97/><W49/><G49/><T10/><D10/><AGARI ba="0,0" hai="10,15,16,52,54,55,65,67,77,83,84" m="17483" machi="10" ten="30,3900,0" yaku="8,1,54,2" doraHai="120" who="2" fromWho="0" sc="430,-39,190,0,118,39,262,0" /><INIT seed="4,0,0,3,4,43" ten="391,190,157,262" oya="0" hai0="73,37,44,131,38,135,110,123,27,23,101,98,50" hai1="117,54,46,84,77,113,82,18,21,26,121,94,104" hai2="115,125,3,29,70,86,30,99,78,133,90,62,59" hai3="22,14,20,45,88,120,111,0,95,127,96,64,28"/><T91/><D123/><U109/><E121/><V105/><F70/><W41/><G0/><T63/><D73/><U6/><E109/><V72/><F3/><W32/><G120/><T107/><D135/><U17/><E104/><V106/><F133/><W1/><G1/><T47/><D131/><U75/><E117/><V85/><F115/><W134/><G111/><T61/><D110/><U130/><E130/><V67/><F125/><W33/><G134/><T58/><D91/><U108/><E108/><V116/><F86/><W31/><G127/><T80/><D80/><U118/><E118/><V13/><F116/><W16/><G64/><T128/><D128/><U35/><E6/><V19/><F78/><W9/><G33/><T5/><D5/><U132/><E132/><V100/><F106/><W66/><G66/><T57/><D50/><U53/><E35/><V76/><F76/><W79/><G79/><T126/><D38/><U102/><E113/><V69/><F69/><W124/><G124/><T25/><D37/><U83/><E17/><V122/><F72/><W112/><G112/><T55/><D126/><U39/><E83/><N who="2" m="49471" /><F122/><W40/><G40/><T119/><D119/><U4/><E4/><V129/><F129/><W65/><G65/><T51/><D27/><U81/><E81/><V74/><F74/><W15/><G32/><T11/><D11/><U68/><E68/><V34/><F34/><W60/><G60/><T49/><D63/><U12/><E26/><V87/><F87/><W2/><G2/><T8/><D61/><U103/><E75/><V7/><F7/><RYUUKYOKU ba="0,0" sc="391,-10,190,-10,157,30,262,-10" hai2="13,19,29,30,59,62,67,99,100,105" /><INIT seed="5,1,0,2,2,122" ten="381,180,187,252" oya="1" hai0="34,127,69,115,4,45,51,29,5,97,25,134,96" hai1="21,1,68,27,128,83,84,129,95,88,30,2,59" hai2="103,44,38,89,85,73,31,99,23,52,36,123,13" hai3="116,18,81,110,87,124,67,65,98,75,9,6,11"/><U61/><E68/><V64/><F73/><W125/><G110/><T86/><D69/><U40/><E40/><V49/><F64/><W113/><G75/><T39/><D39/><U33/><E33/><V102/><F123/><W91/><G113/><T106/><D115/><U76/><E129/><V48/><F103/><W8/><G116/><T26/><D134/><U82/><E128/><V3/><F3/><W56/><G56/><T17/><D127/><N who="3" m="48713" /><G6/><T78/><D5/><U109/><E109/><V58/><F99/><W104/><G18/><T130/><D4/><U93/><E93/><V22/><F22/><W16/><G16/><T114/><D114/><U92/><E92/><V94/><F102/><AGARI ba="1,0" hai="8,9,11,65,67,81,87,91,98,102,104" m="48713" machi="102" ten="30,1000,0" yaku="18,1" doraHai="122" who="3" fromWho="2" sc="381,0,180,0,187,-13,252,13" /><INIT seed="6,0,0,2,5,130" ten="381,180,174,265" oya="2" hai0="48,105,9,52,81,118,27,113,36,77,43,115,29" hai1="103,21,112,84,70,34,12,6,24,128,74,57,89" hai2="5,40,88,61,65,15,18,119,16,75,45,106,104" hai3="41,8,71,121,32,132,62,131,20,96,25,51,87"/><V31/><F75/><W76/><G32/><T100/><D118/><U33/><E74/><V135/><F119/><W94/><G121/><T55/><D43/><U13/><E70/><V69/><F31/><W97/><G131/><T68/><D36/><U85/><E128/><V30/><F30/><W134/><G8/><T120/><D68/><U58/><E103/><V10/><F135/><N who="3" m="51755" /><G71/><T122/><D9/><U73/><E73/><V124/><F124/><W72/><G62/><T95/><D105/><U93/><E112/><V110/><F110/><W66/><G66/><T83/><D122/><U7/><E21/><V35/><F35/><W26/><G72/><T111/><D111/><U126/><E126/><V123/><F123/><W47/><G26/><T17/><D27/><U39/><E24/><V116/><F116/><W127/><G127/><T90/><D120/><U28/><E39/><V38/><REACH who="2" step="1"/><F88/><REACH who="2" ten="381,180,164,265" step="2"/><N who="3" m="53535" /><G76/><T133/><D77/><U50/><E28/><AGARI ba="0,1" hai="20,25,28,41,47,51,96,97" m="53535,51755" machi="28" ten="30,8000,1" yaku="20,1,52,3,54,1" doraHai="130" who="3" fromWho="1" sc="381,0,180,-80,164,0,265,90" /><INIT seed="7,0,0,5,4,58" ten="381,100,164,355" oya="3" hai0="125,98,37,2,133,3,124,16,77,63,135,129,65" hai1="36,102,20,118,123,57,113,108,119,12,29,31,0" hai2="18,95,78,75,121,40,115,14,11,100,87,39,23" hai3="83,1,74,106,82,103,4,85,109,122,68,73,8"/><W59/><G122/><T66/><D37/><U94/><E36/><V26/><F121/><W130/><G68/><N who="0" m="42047" /><D66/><U97/><E123/><V132/><F115/><W96/><G109/><T91/><D77/><U51/><E113/><V50/><F132/><N who="0" m="50762" /><D129/><U76/><E108/><V120/><F39/><W25/><G130/><T9/><D91/><U104/><E0/><N who="0" m="41" /><D98/><U116/><E76/><V105/><F78/><W32/><G59/><T80/><D80/><U45/><E104/><V126/><F105/><W60/><G60/><T24/><D24/><U15/><E57/><V46/><F75/><W71/><G71/><T88/><D88/><U43/><REACH who="1" step="1"/><E20/><REACH who="1" ten="381,90,164,355" step="2"/><N who="2" m="11351" /><F120/><W6/><G6/><T72/><D72/><U56/><E56/><V111/><F111/><W27/><G32/><T35/><D35/><U44/><E44/><V112/><F112/><W69/><G69/><T55/><D125/><U67/><E67/><V49/><F126/><W30/><G74/><T93/><D124/><U53/><E53/><V41/><F46/><W90/><G30/><AGARI ba="0,1" hai="12,15,29,30,31,43,45,51,94,97,102,116,118,119" machi="30" ten="40,8000,1" yaku="1,1,12,1,53,2" doraHai="58" doraHaiUra="10" who="1" fromWho="3" sc="381,0,90,90,164,0,355,-80" owari="381,48.0,180,-22.0,164,-34.0,275,8.0" /></mjloggm>