<mjloggm ver="2.3"><GO type="97" lobby="0"/><UN n0="%42%69%6C%6C%69%6F%6E%57" n1="%66%61%6C%6C%38%32%35" n2="%E3%83%A8%E3%82%B9%E3%82%AC%E3%83%8E%E3%83%A4%E3%83%A4" n3="%E5%B0%B1%E6%B4%BB%E7%94%9F%40%E5%B7%9D%E6%9D%91%E8%BB%8D%E5%9B%A3" dan="14,13,13,14" rate="1861.54,1835.61,1947.02,1946.72" sx="M,F,M,M"/><TAIKYOKU oya="0"/><INIT seed="0,0,0,2,0,103" ten="250,250,250,250" oya="0" hai0="33,10,67,13,88,108,4,44,116,15,99,90,24" hai1="77,72,134,35,75,130,126,58,27,40,51,25,42" hai2="56,31,132,73,110,3,53,97,16,26,23,34,101" hai3="0,114,91,98,60,22,49,87,65,81,52,113,8"/><T112/><D116/><U128/><E35/><V48/><F110/><W120/><G120/><T124/><D112/><U41/><E77/><V30/><F132/><W57/><G98/><T100/><D108/><U83/><E83/><V125/><F125/><W68/><REACH who="3" step="1"/><G22/><REACH who="3" ten="250,250,250,240" step="2"/><T86/><D124/><U135/><E126/><V74/><F34/><W117/><G117/><T6/><D33/><U28/><E135/><V66/><F97/><W115/><G115/><T133/><D133/><U47/><E134/><V62/><F23/><W78/><G78/><T14/><D67/><U127/><E127/><V7/><F66/><W123/><G123/><T85/><D44/><U63/><E27/><V19/><F26/><W102/><G102/><T118/><D118/><U89/><E75/><V94/><F73/><W64/><G64/><T21/><D100/><U61/><E72/><V55/><F74/><W39/><G39/><T38/><D99/><U5/><E130/><V18/><F101/><W95/><G95/><T111/><D111/><U17/><E128/><V93/><F94/><W43/><G43/><T104/><D104/><U9/><E42/><V119/><F93/><W32/><G32/><T80/><D38/><U54/><E41/><V69/><F119/><W59/><G59/><T76/><D90/><U122/><E89/><V96/><F96/><W70/><G70/><T84/><D84/><U131/><E122/><V12/><F69/><W107/><G107/><T121/><D121/><U20/><E131/><V29/><F56/><W1/><G1/><T37/><D37/><N who="1" m="21903" /><E28/><V105/><F105/><RYUUKYOKU ba="0,1" sc="250,-15,250,15,250,-15,240,15" hai1="5,9,17,20,25,51,54,58,61,63" hai3="0,8,49,52,57,60,65,68,81,87,91,113,114" /><INIT seed="1,1,1,1,0,29" ten="235,265,235,255" oya="1" hai0="106,12,108,53,27,0,87,122,34,26,81,54,61" hai1="66,18,3,9,44,69,92,4,25,13,134,50,131" hai2="22,11,52,41,103,80,49,86,85,119,135,58,77" hai3="8,127,51,74,71,91,59,5,97,21,132,112,125"/><U107/><E107/><V95/><F119/><W42/><G71/><T32/><D0/><U40/><E131/><V118/><F118/><W128/><G74/><T35/><D106/><U102/><E134/><V73/><F135/><W117/><G112/><T115/><D115/><U56/><E69/><V67/><F67/><W7/><G132/><T62/><D12/><U36/><E3/><V114/><F114/><W90/><G117/><T60/><D108/><U20/><E36/><V121/><F121/><W17/><G128/><T72/><D72/><U57/><REACH who="1" step="1"/><E66/><REACH who="1" ten="235,255,235,255" step="2"/><V15/><F73/><W78/><G127/><T63/><D122/><U24/><E24/><V83/><F15/><W129/><G125/><T111/><D111/><U1/><E1/><V82/><F77/><W45/><G78/><T28/><N who="0" m="15872" /><DORA hai="126" /><T130/><D28/><U133/><E133/><V96/><F82/><W123/><G129/><T65/><D130/><U104/><E104/><V84/><F80/><W46/><G123/><T116/><D65/><U100/><E100/><V93/><F83/><W30/><G91/><T68/><D68/><U38/><E38/><V2/><F103/><W101/><G90/><T110/><D110/><U94/><E94/><V105/><F93/><W55/><G101/><T98/><D116/><U113/><E113/><V39/><F2/><W23/><G97/><AGARI ba="1,2" hai="4,9,13,18,20,25,40,44,50,56,57,92,97,102" machi="97" ten="40,7700,0" yaku="1,1,8,1,53,1" doraHai="29,126" doraHaiUra="14,70" who="1" fromWho="3" sc="235,0,255,100,235,0,255,-80" /><INIT seed="1,2,0,2,5,131" ten="235,355,235,175" oya="1" hai0="20,32,112,79,93,22,63,34,82,54,43,86,85" hai1="46,28,39,74,51,5,89,17,40,114,75,60,33" hai2="11,12,94,14,129,36,117,120,72,97,71,113,103" hai3="90,118,105,107,38,116,47,26,61,3,123,16,69"/><U124/><E114/><V111/><F113/><W95/><G3/><T125/><D112/><U98/><E5/><V96/><F117/><N who="3" m="45163" /><G123/><T78/><D125/><U77/><E124/><V102/><F120/><W66/><G47/><T122/><D122/><U23/><E77/><V67/><F129/><W58/><G38/><T1/><D1/><U6/><E6/><V18/><F36/><W87/><G69/><T127/><D127/><U83/><E39/><V70/><F111/><W84/><G84/><T100/><D43/><U134/><E134/><V50/><F67/><W130/><G130/><T126/><D126/><U45/><E45/><V88/><F72/><W27/><G27/><T49/><D63/><U44/><E44/><V56/><F12/><W92/><G92/><T135/><D100/><U4/><E4/><V55/><REACH who="2" step="1"/><F102/><REACH who="2" ten="235,355,225,175" step="2"/><W121/><G121/><T48/><D82/><U15/><E75/><V29/><F29/><W115/><G115/><T41/><D41/><U31/><E74/><V57/><F57/><W19/><G26/><T133/><D54/><U2/><E33/><V53/><F53/><W9/><G9/><T104/><REACH who="0" step="1"/><D93/><AGARI ba="2,1" hai="11,14,18,50,55,56,70,71,88,93,94,96,97,103" machi="93" ten="30,3900,0" yaku="1,1,7,1,54,1,53,0" doraHai="131" doraHaiUra="119" who="2" fromWho="0" sc="235,-45,355,0,225,55,175,0" /><INIT seed="2,0,0,1,3,58" ten="190,355,280,175" oya="2" hai0="37,86,36,24,1,98,75,63,103,20,14,73,116" hai1="60,102,13,10,59,92,53,105,81,64,56,70,57" hai2="55,133,65,111,30,95,89,104,45,22,66,79,7" hai3="128,33,120,23,117,42,82,31,6,114,32,110,43"/><V107/><F133/><W28/><G117/><T48/><D1/><U62/><E105/><V115/><F115/><W77/><G120/><T38/><D116/><U40/><E81/><V15/><F107/><W124/><G114/><T125/><D125/><U99/><REACH who="1" step="1"/><E40/><REACH who="1" ten="190,345,280,175" step="2"/><V18/><F104/><W4/><G124/><T108/><D108/><U94/><E94/><V72/><F95/><W44/><G110/><T2/><D2/><U67/><E67/><V88/><F66/><W130/><G82/><T39/><N who="0" m="9728" /><DORA hai="90" /><T109/><D109/><U50/><E50/><V29/><F65/><W87/><G77/><T76/><D48/><U83/><E83/><V71/><F79/><W68/><G68/><T126/><D126/><U16/><AGARI ba="0,1" hai="10,13,16,53,56,57,59,60,62,64,70,92,99,102" machi="16" ten="20,12000,2" yaku="1,1,0,1,7,1,52,3,54,1,53,0" doraHai="58,90" doraHaiUra="80,118" who="1" fromWho="1" sc="190,-30,345,130,280,-60,175,-30" /><INIT seed="3,0,0,0,5,93" ten="160,475,220,145" oya="3" hai0="96,28,125,84,51,83,92,43,116,21,90,12,0" hai1="113,22,32,124,131,72,42,89,6,118,14,97,4" hai2="107,16,81,61,7,99,13,36,10,63,30,127,3" hai3="119,105,94,23,66,121,40,35,104,88,52,76,37"/><W126/><G121/><T55/><D116/><U18/><E72/><V39/><F36/><W133/><G119/><T87/><D0/><U48/><E32/><V34/><F39/><W74/><G35/><T5/><D125/><U102/><E118/><V29/><F127/><W70/><G126/><T78/><D28/><U33/><E33/><V11/><F30/><W56/><G74/><T100/><D43/><U57/><E124/><V9/><F81/><W24/><G76/><T41/><D41/><U111/><E89/><V17/><F17/><N who="3" m="12399" /><G133/><T106/><D5/><U122/><E131/><V31/><F31/><W62/><G37/><T85/><D12/><U68/><E68/><V19/><F19/><W20/><G40/><T110/><D21/><U8/><E111/><V15/><F15/><W27/><G70/><T65/><D65/><U112/><E122/><V117/><F117/><W130/><G130/><T44/><REACH who="0" step="1"/><D110/><REACH who="0" ten="150,475,220,145" step="2"/><U25/><E6/><V120/><F13/><W1/><G1/><T64/><D64/><U49/><E42/><V80/><F7/><W60/><G66/><T53/><D53/><U98/><E113/><V134/><F34/><W59/><G59/><T101/><D101/><U128/><E112/><V2/><F2/><W115/><G115/><T82/><D82/><U45/><E102/><V75/><F3/><W114/><G114/><T69/><D69/><U73/><E73/><AGARI ba="0,1" hai="44,51,55,73,78,83,84,85,87,90,92,96,100,106" machi="73" ten="30,12000,2" yaku="1,1,7,1,24,2,52,1,53,1" doraHai="93" doraHaiUra="91" who="0" fromWho="1" sc="150,130,475,-120,220,0,145,0" owari="280,8.0,355,45.0,220,-18.0,145,-35.0" /></mjloggm>