<mjloggm ver="2.3"><GO type="169" lobby="0"/><UN n0="%74%6A%2D%6D%69%63%72%6F" n1="%E3%82%A6%E3%83%AB%E3%83%88%E3%83%A9%E7%AB%8B%E7%9B%B4" n2="%73%68%61%6F" n3="%E3%83%89%E3%83%90%E3%82%AF%E3%83%81%E5%A4%A7%E9%87%8E" dan="16,17,17,16" rate="2164.76,2185.73,2189.61,2102.52" sx="M,M,M,M"/><TAIKYOKU oya="0"/><INIT seed="0,0,0,1,0,92" ten="250,250,250,250" oya="0" hai0="56,52,36,100,85,71,122,99,75,133,80,48,125" hai1="109,61,118,107,129,12,132,95,3,134,103,128,41" hai2="108,86,72,101,19,69,88,39,29,78,60,67,49" hai3="28,113,106,87,11,37,5,34,131,25,111,97,130"/><T110/><D122/><U84/><E41/><V79/><F39/><W24/><G113/><T82/><D125/><U18/><E61/><V81/><F108/><W32/><G37/><T117/><D117/><U64/><E64/><V15/><F29/><N who="3" m="19495" /><G87/><T1/><D1/><U74/><E18/><V22/><F72/><W94/><G111/><T38/><D133/><N who="1" m="51307" /><E12/><V70/><F70/><W105/><G94/><T13/><D71/><U57/><E57/><V90/><F101/><N who="3" m="62639" /><G106/><T31/><D110/><U68/><E68/><V42/><REACH who="2" step="1"/><F90/><REACH who="2" ten="250,250,240,250" step="2"/><W44/><G44/><AGARI ba="0,1" hai="15,19,22,42,44,49,60,67,69,78,79,81,86,88" machi="44" ten="40,5200,0" yaku="1,1,2,1,54,1,53,0" doraHai="92" doraHaiUra="35" who="2" fromWho="3" sc="250,0,250,0,240,62,250,-52" /><INIT seed="1,0,0,5,4,36" ten="250,250,302,198" oya="1" hai0="29,14,41,35,55,114,111,119,22,21,79,18,33" hai1="12,52,108,56,72,2,59,81,128,47,118,64,9" hai2="77,92,26,16,54,34,91,57,96,88,1,53,122" hai3="5,43,121,13,0,105,86,45,126,38,107,117,27"/><U7/><E128/><V104/><F122/><W83/><G121/><T110/><D79/><U125/><E118/><V4/><F104/><W123/><G123/><T20/><D55/><U11/><E125/><V69/><F69/><W37/><G117/><T73/><D73/><U25/><E108/><N who="0" m="41513" /><D119/><U24/><E47/><V48/><F77/><W90/><G126/><T40/><D114/><U135/><E135/><V131/><F131/><W120/><G120/><T99/><D99/><U74/><E64/><V115/><F115/><W103/><G0/><T97/><D97/><U17/><E56/><N who="2" m="32807" /><F34/><N who="0" m="12810" /><D29/><U31/><E81/><V60/><F1/><W50/><G27/><T30/><D30/><U10/><E31/><V32/><F32/><W95/><G38/><T70/><D70/><U76/><E76/><V66/><F4/><W28/><G28/><T100/><D100/><U116/><E116/><V84/><F66/><W42/><G37/><T58/><D58/><U61/><E72/><V75/><F75/><W133/><G133/><T102/><D102/><U15/><E74/><V82/><F26/><W94/><G105/><T62/><D62/><U87/><E87/><V98/><F98/><N who="3" m="59863" /><G107/><T3/><D3/><U134/><E134/><V129/><F129/><W19/><G5/><AGARI ba="0,0" hai="2,5,7,9,10,11,12,15,17,24,25,52,59,61" machi="5" ten="30,2900,0" yaku="7,1,54,1" doraHai="36" who="1" fromWho="3" sc="250,0,250,29,302,0,198,-29" /><INIT seed="1,1,0,0,0,86" ten="250,279,302,169" oya="1" hai0="33,75,46,96,85,104,60,40,98,26,9,21,92" hai1="62,55,113,39,42,49,16,11,5,18,13,118,45" hai2="35,76,66,27,132,61,116,22,109,1,105,68,128" hai3="63,114,58,51,10,125,17,7,91,41,88,74,103"/><U54/><E118/><V102/><F116/><W78/><G114/><T110/><D75/><U19/><E113/><V67/><F22/><W25/><G125/><T71/><D110/><U77/><E39/><V29/><F109/><W6/><G103/><T64/><D9/><U134/><E134/><V72/><F67/><N who="3" m="39415" /><G74/><T65/><D65/><U4/><E4/><N who="3" m="1578" /><G78/><T107/><D85/><U129/><E129/><V53/><F53/><W127/><G127/><T126/><D98/><U99/><E77/><V94/><F94/><W95/><G95/><T69/><D33/><U30/><E30/><V80/><F128/><W120/><G120/><T101/><D71/><U115/><E115/><V28/><F28/><W0/><G0/><T23/><D126/><U93/><E62/><V106/><F132/><W119/><G119/><T38/><D21/><U97/><E97/><N who="2" m="61647" /><F106/><W3/><G3/><AGARI ba="1,0" hai="1,3,27,29,35,61,66,68,72,76,80" m="61647" machi="3" ten="30,3900,0" yaku="25,1,33,2" doraHai="86" who="2" fromWho="3" sc="250,0,279,0,302,42,169,-42" /><INIT seed="2,0,0,2,2,12" ten="250,279,344,127" oya="2" hai0="24,17,0,123,122,36,68,38,121,31,71,124,110" hai1="85,45,19,14,15,22,84,53,5,127,4,72,108" hai2="99,37,89,133,77,95,56,60,32,61,81,134,7" hai3="120,11,40,26,67,98,78,28,88,48,70,115,44"/><V57/><F37/><W93/><G120/><T75/><D17/><N who="1" m="10551" /><E72/><V117/><F32/><W55/><G115/><T50/><D50/><N who="1" m="28879" /><E127/><V21/><F117/><W64/><G78/><T16/><D75/><U47/><E108/><V25/><F7/><N who="1" m="2633" /><E47/><V80/><F133/><W131/><G131/><T125/><D0/><U112/><E112/><V46/><F46/><W86/><G11/><AGARI ba="0,0" hai="11,15,19,84,85" m="2633,28879,10551" machi="11" ten="30,3900,0" yaku="8,1,52,2" doraHai="12" who="1" fromWho="3" sc="250,0,279,39,344,0,127,-39" /><INIT seed="3,0,0,4,3,115" ten="250,318,344,88" oya="3" hai0="123,85,23,87,66,48,53,44,62,54,20,33,14" hai1="82,64,59,134,12,61,72,27,130,88,112,103,6" hai2="13,2,19,90,68,45,76,117,37,42,73,60,99" hai3="128,57,55,39,108,109,96,46,56,104,50,3,32"/><W70/><G3/><T10/><D33/><U43/><E112/><V0/><F73/><W100/><G32/><T132/><D132/><U91/><E134/><V41/><F76/><W34/><G34/><T125/><D125/><U119/><E130/><V38/><F68/><W97/><G128/><T107/><D107/><U114/><E114/><V36/><F60/><W15/><G70/><T52/><D123/><U106/><E119/><V93/><F117/><W113/><G113/><T58/><D23/><U71/><E43/><V24/><F24/><W49/><G39/><T127/><D20/><U131/><E59/><V26/><F26/><W9/><G96/><T101/><D101/><U47/><E47/><V63/><F63/><W21/><G21/><T22/><D22/><U89/><E131/><V35/><F35/><W121/><G121/><T25/><D25/><U74/><E27/><V83/><F83/><W7/><REACH who="3" step="1"/><G50/><REACH who="3" ten="250,318,344,78" step="2"/><T4/><D127/><U102/><E71/><V69/><F69/><W67/><G67/><T126/><D126/><U81/><E64/><V75/><F38/><W122/><G122/><T116/><D116/><U118/><E118/><V11/><F2/><W105/><G105/><T79/><D87/><U84/><E106/><V80/><F0/><W17/><G17/><T31/><D31/><U28/><E28/><V95/><F37/><W78/><G78/><T1/><D1/><U129/><E129/><V98/><F36/><W5/><G5/><T120/><D120/><U8/><E84/><V18/><F18/><W30/><G30/><T16/><D4/><RYUUKYOKU ba="0,1" sc="250,15,318,-15,344,-15,78,15" hai0="10,14,16,44,48,52,53,54,58,62,66,79,85" hai3="7,9,15,46,49,55,56,57,97,100,104,108,109" /><INIT seed="3,1,1,4,4,126" ten="265,303,329,93" oya="3" hai0="58,104,44,43,128,106,93,17,75,19,130,2,25" hai1="101,132,118,52,124,59,81,113,66,70,129,28,123" hai2="6,84,109,34,11,12,41,62,60,8,33,0,32" hai3="39,135,29,85,97,14,36,40,51,87,133,61,73"/><W9/><G73/><T89/><D2/><U114/><E81/><V23/><F109/><W3/><G3/><T31/><D75/><U117/><E101/><V119/><F119/><N who="1" m="45577" /><E28/><V80/><F41/><W27/><G97/><N who="0" m="57519" /><D58/><U98/><E98/><V95/><F95/><W76/><G61/><T90/><D90/><U20/><E20/><V15/><F23/><N who="3" m="15615" /><G51/><N who="0" m="27039" /><D104/><U13/><E13/><V116/><F116/><W134/><G76/><T112/><D106/><U37/><E37/><N who="3" m="14410" /><G40/><T65/><D65/><U111/><E123/><V107/><F107/><W127/><G127/><T71/><D71/><U35/><E124/><V67/><F0/><W26/><G26/><T92/><D92/><U102/><E102/><V64/><F64/><W91/><G91/><T86/><D86/><U54/><E35/><V1/><F67/><W57/><G57/><T122/><D112/><U77/><E77/><V79/><F1/><W99/><G99/><T96/><D96/><U94/><E94/><V88/><F79/><W18/><AGARI ba="1,1" hai="9,14,18,85,87,133,134,135" m="14410,15615" machi="18" ten="40,2100,0" yaku="20,1" doraHai="126" who="3" fromWho="3" sc="265,-8,303,-8,329,-8,93,34" /><INIT seed="3,2,0,5,5,12" ten="257,295,321,127" oya="3" hai0="56,128,78,135,111,51,23,131,32,92,94,30,28" hai1="62,24,9,67,82,130,107,134,7,93,0,6,36" hai2="52,2,58,40,123,81,13,10,116,14,115,126,117" hai3="44,45,20,103,21,18,42,72,8,74,83,79,22"/><W61/><G74/><T75/><D111/><U69/><E130/><V66/><F115/><W34/><G34/><T95/><D135/><U122/><E122/><V125/><F123/><W118/><G118/><T109/><D109/><U100/><E134/><V105/><F105/><W16/><G103/><T63/><D32/><U11/><E24/><V76/><F40/><W4/><G61/><T114/><D51/><U124/><E82/><V64/><F2/><N who="3" m="23" /><G44/><T73/><D114/><U132/><E93/><V54/><F10/><W87/><G87/><T38/><D38/><AGARI ba="2,0" hai="16,18,20,21,22,38,42,45,72,79,83" m="23" machi="38" ten="30,11600,0" yaku="25,1,52,2,54,1" doraHai="12" who="3" fromWho="0" sc="257,-122,295,0,321,0,127,122" /><INIT seed="3,3,0,4,2,13" ten="135,295,321,249" oya="3" hai0="124,119,29,115,69,94,72,42,19,105,2,81,39" hai1="107,128,1,14,99,125,78,61,44,98,4,83,5" hai2="52,85,118,106,86,133,11,63,129,88,102,46,27" hai3="100,0,122,26,16,25,62,28,23,127,110,95,24"/><W8/><G122/><T104/><D94/><U30/><E1/><V50/><F118/><W37/><G37/><T35/><D29/><U15/><E125/><V6/><F133/><W58/><G127/><T18/><D81/><U68/><E128/><V126/><F129/><W45/><G45/><T59/><D59/><U109/><E109/><V70/><F126/><W53/><G110/><T40/><D40/><U91/><E30/><V73/><F73/><W60/><G60/><T47/><D47/><U66/><E44/><V33/><F86/><W134/><G134/><T64/><D42/><U22/><E107/><V96/><F33/><W74/><G74/><T103/><D103/><U48/><E48/><V75/><F75/><W38/><G38/><T43/><D43/><U77/><E91/><V10/><F27/><N who="3" m="10315" /><G0/><T92/><D64/><U97/><E83/><V108/><F108/><W82/><G82/><T117/><D39/><U112/><E112/><V36/><F36/><W55/><G55/><T121/><D72/><U65/><E65/><V7/><F70/><W3/><G3/><T67/><D69/><U84/><E68/><V132/><F132/><W54/><G54/><T31/><D124/><U111/><E111/><V76/><F63/><W135/><G135/><T120/><D115/><U41/><E61/><V56/><F46/><W130/><G130/><T20/><D121/><U21/><E41/><V101/><F106/><W51/><G62/><T90/><D120/><U57/><E66/><V12/><F76/><W93/><G100/><T9/><D119/><U123/><E123/><RYUUKYOKU ba="3,0" sc="135,-10,295,-10,321,-10,249,30" hai3="8,16,23,26,28,51,53,58,93,95" /><INIT seed="3,4,0,0,4,119" ten="125,285,311,279" oya="3" hai0="33,97,107,3,50,121,111,110,7,80,77,10,72" hai1="96,61,27,0,40,59,98,125,89,126,117,100,135" hai2="23,124,88,82,70,24,106,31,75,116,47,41,38" hai3="64,129,32,105,16,5,52,102,122,104,51,95,108"/><W26/><G122/><T62/><D50/><U57/><E0/><V45/><F116/><W130/><G108/><N who="0" m="41515" /><D62/><U55/><E117/><V25/><F70/><W30/><G64/><T85/><D85/><U60/><E135/><V17/><F106/><W127/><G127/><N who="1" m="48650" /><E40/><V76/><F124/><W91/><G102/><N who="0" m="62927" /><D33/><U120/><E120/><AGARI ba="4,0" hai="3,7,10,72,77,80,120,121" m="62927,41515" machi="120" ten="30,7700,0" yaku="14,1,23,1,52,2" doraHai="119" who="0" fromWho="1" sc="125,89,285,-89,311,0,279,0" /><INIT seed="4,0,0,3,0,125" ten="214,196,311,279" oya="0" hai0="112,56,57,116,68,92,59,25,40,127,15,79,23" hai1="24,2,58,97,16,120,107,69,104,34,131,95,121" hai2="113,63,47,74,14,1,77,35,111,115,5,85,8" hai3="86,29,17,132,12,38,62,134,72,123,109,114,130"/><T73/><D68/><U99/><E69/><V94/><F111/><W36/><G72/><T60/><D116/><U49/><E2/><V90/><F35/><W96/><G114/><N who="2" m="43529" /><F63/><W48/><G109/><T43/><D112/><U75/><E58/><V66/><F66/><W71/><G29/><T3/><D3/><U52/><E52/><V133/><F133/><N who="3" m="51307" /><G123/><N who="1" m="47178" /><E49/><V124/><F124/><W118/><G118/><T67/><D127/><U4/><E16/><V64/><F64/><N who="3" m="41367" /><G48/><T106/><D73/><U88/><E24/><V11/><F47/><W102/><G86/><T87/><D106/><N who="1" m="40491" /><E34/><V98/><F1/><W0/><G0/><T70/><D15/><U110/><E110/><V18/><F74/><W80/><G38/><T44/><D44/><U126/><E126/><V46/><F46/><W108/><G36/><T33/><D33/><U103/><E4/><V101/><F11/><W84/><G108/><T128/><D43/><U26/><E26/><V78/><F18/><W9/><G17/><T55/><D40/><U76/><E75/><V22/><F22/><W93/><G9/><T105/><D23/><U82/><E76/><V7/><F5/><W19/><G19/><T42/><D25/><U32/><E32/><V91/><F78/><N who="3" m="46103" /><G12/><T89/><D79/><U45/><E45/><V53/><F53/><W21/><G21/><T28/><D42/><U65/><E65/><V31/><F31/><W13/><G13/><T135/><D55/><U41/><E41/><V39/><F39/><W122/><G122/><T54/><D135/><U100/><E82/><AGARI ba="0,0" hai="7,8,14,77,82,85,90,91,94,98,101" m="43529" machi="82" ten="30,1000,0" yaku="15,1" doraHai="125" who="2" fromWho="1" sc="214,0,196,-10,311,10,279,0" /><INIT seed="5,0,0,2,1,111" ten="214,186,321,279" oya="1" hai0="10,65,32,6,64,71,81,54,47,38,127,95,75" hai1="42,128,118,28,52,55,0,103,85,25,4,56,19" hai2="125,73,74,44,35,40,72,82,79,14,51,17,21" hai3="116,134,77,101,105,117,22,23,33,67,36,63,39"/><U100/><E118/><N who="3" m="45674" /><G33/><T76/><D127/><U87/><E128/><V57/><F125/><W108/><G108/><T84/><D32/><U2/><E42/><V114/><F35/><W70/><G134/><T29/><D29/><U5/><E19/><V98/><F114/><W26/><G77/><T96/><D84/><U129/><E28/><V83/><F98/><N who="3" m="61623" /><G22/><T90/><D71/><U9/><E129/><V113/><F113/><W1/><G1/><T115/><D115/><U69/><E69/><V112/><F112/><W12/><G12/><T120/><D120/><U91/><E25/><V49/><F82/><W107/><G107/><T58/><D38/><U97/><E97/><V15/><F15/><W48/><G48/><T61/><REACH who="0" step="1"/><D47/><REACH who="0" ten="204,186,321,279" step="2"/><U7/><E87/><V80/><F73/><W62/><G36/><T93/><D93/><N who="1" m="54511" /><E2/><AGARI ba="0,1" hai="2,6,10,54,58,61,64,65,75,76,81,90,95,96" machi="2" ten="30,2000,0" yaku="1,1,7,1,53,0" doraHai="111" doraHaiUra="99" who="0" fromWho="1" sc="204,30,186,-20,321,0,279,0" /><INIT seed="6,0,0,1,5,123" ten="234,166,321,279" oya="2" hai0="68,17,28,76,42,25,96,45,22,121,38,101,36" hai1="126,120,105,49,74,88,92,3,135,116,41,37,102" hai2="122,90,130,109,16,15,78,112,30,7,61,6,72" hai3="71,9,81,11,108,13,20,1,60,10,94,93,131"/><V59/><F122/><W118/><G118/><T51/><D121/><U18/><E120/><V65/><F112/><W79/><G131/><T14/><D68/><U4/><E126/><V100/><F130/><W99/><G108/><T75/><D75/><U0/><E135/><V133/><F133/><W115/><G115/><T127/><D76/><U27/><E116/><V73/><F30/><W87/><G1/><T52/><D42/><U40/><E74/><V53/><F100/><W86/><G71/><T125/><D125/><U8/><E3/><V134/><F134/><W132/><G20/><T67/><D67/><U69/><E69/><V107/><F107/><W89/><G60/><T91/><D91/><U56/><E37/><V119/><F109/><W113/><G113/><T84/><D84/><U111/><E111/><V104/><F104/><W95/><G132/><T23/><REACH who="0" step="1"/><D127/><REACH who="0" ten="224,166,321,279" step="2"/><U124/><E124/><V77/><F73/><W54/><G54/><T43/><D43/><U106/><E41/><V114/><F114/><W80/><REACH who="3" step="1"/><G99/><REACH who="3" ten="224,166,321,269" step="2"/><T64/><D64/><U70/><E70/><V128/><F128/><W98/><G98/><T31/><D31/><U62/><E40/><V97/><F65/><W103/><G103/><T66/><D66/><N who="1" m="39239" /><E102/><V33/><F119/><W19/><AGARI ba="0,2" hai="9,10,11,13,19,79,80,81,86,87,89,93,94,95" machi="19" ten="30,4000,0" yaku="1,1,0,1,8,1,53,0" doraHai="123" doraHaiUra="24" who="3" fromWho="3" sc="224,-10,166,-10,321,-20,269,60" /><INIT seed="7,0,0,1,0,78" ten="214,156,301,329" oya="3" hai0="103,123,86,109,75,13,113,29,67,115,8,130,132" hai1="5,9,10,87,135,82,23,85,58,4,50,81,20" hai2="56,32,102,131,6,72,89,124,83,46,39,59,52" hai3="97,19,98,36,15,117,38,34,66,26,1,104,101"/><W107/><G1/><T125/><D75/><U118/><E135/><V108/><F32/><W90/><G117/><T2/><D123/><U43/><E43/><V3/><F108/><W110/><G110/><T55/><D2/><U133/><E133/><V53/><F102/><W73/><G73/><T61/><D109/><U127/><E50/><V57/><F124/><W51/><G66/><T112/><D132/><U25/><E58/><V63/><F131/><W106/><G51/><T69/><D130/><U64/><E64/><V45/><F45/><W68/><G68/><T119/><D119/><U7/><E118/><V91/><F89/><W31/><G90/><T76/><D125/><U48/><E48/><V95/><F91/><W116/><G116/><T88/><D29/><U12/><E127/><V21/><F21/><N who="1" m="8265" /><E25/><V47/><F63/><W100/><G106/><T84/><D103/><U77/><E12/><V105/><F105/><W65/><G65/><T35/><D35/><U11/><E77/><N who="2" m="44455" /><F47/><W121/><G121/><T62/><D55/><U30/><E30/><V114/><F95/><W44/><G44/><T54/><D54/><U33/><E33/><V134/><F134/><W128/><G128/><T120/><D120/><U94/><E94/><V37/><F37/><W111/><G111/><T14/><D69/><U42/><E42/><N who="2" m="22879" /><F114/><W28/><G28/><T93/><D67/><U0/><E0/><V92/><F92/><W129/><G129/><T18/><D14/><U49/><E49/><V122/><F122/><W79/><G79/><T74/><D74/><U17/><E17/><RYUUKYOKU ba="0,0" sc="214,0,156,0,301,0,329,0" hai0="8,13,18,61,62,76,84,86,88,93,112,113,115" hai1="4,5,7,9,10,11,81,82,85,87" hai2="3,6,52,53,56,57,59" hai3="15,19,26,31,34,36,38,97,98,100,101,104,107" owari="214,-19.0,156,-34.0,301,10.0,329,43.0" /></mjloggm>