<mjloggm ver="2.3"><GO type="41" lobby="0"/><UN n0="%E3%81%8A%E3%81%A3%E3%81%8F" n1="%6D%6B%30%34%31%30" n2="%E5%B0%B1%E6%B4%BB%E7%94%9F%40%E5%B7%9D%E6%9D%91%E8%BB%8D%E5%9B%A3" n3="%E5%BE%A1%E7%94%A3%E5%B7%A3%E6%97%A5" dan="13,16,16,13" rate="1804.92,2118.49,2171.83,1870.62" sx="M,M,M,M"/><TAIKYOKU oya="0"/><INIT seed="0,0,0,0,4,79" ten="250,250,250,250" oya="0" hai0="14,13,98,74,8,102,16,73,80,119,11,27,26" hai1="20,55,22,40,106,110,65,4,111,121,52,132,97" hai2="133,46,72,104,18,62,78,127,93,59,15,31,112" hai3="41,122,83,60,85,68,45,44,57,115,92,23,19"/><T5/><D119/><U48/><E121/><V29/><F104/><W90/><G68/><T76/><REACH who="0" step="1"/><D74/><REACH who="0" ten="240,250,250,250" step="2"/><U94/><E132/><V54/><F72/><W61/><G122/><T21/><D21/><U50/><E22/><V49/><F133/><W58/><G115/><T9/><D9/><U17/><E20/><V32/><F112/><W124/><G124/><T89/><D89/><U2/><E110/><V6/><F32/><W0/><G0/><T135/><D135/><U105/><E111/><V82/><F127/><W70/><G70/><T24/><D24/><U69/><E2/><V81/><F6/><W77/><G41/><T7/><D7/><U53/><E4/><V86/><F31/><W43/><G43/><T99/><D99/><U30/><E30/><V87/><F29/><W39/><G39/><T51/><D51/><U114/><E114/><V123/><F123/><W28/><G28/><T35/><D35/><U47/><E50/><V37/><F37/><W107/><G23/><T66/><D66/><U125/><E125/><V67/><F78/><W101/><G19/><T88/><D88/><U42/><E17/><V130/><F130/><W108/><G108/><T96/><D96/><U25/><E25/><V75/><F75/><W3/><G3/><T103/><D103/><U33/><E40/><V109/><F109/><W95/><G107/><AGARI ba="0,1" hai="5,8,11,13,14,16,26,27,73,76,80,98,102,107" machi="107" ten="30,11600,0" yaku="1,1,7,1,52,1,54,1,53,0" doraHai="79" doraHaiUra="64" who="0" fromWho="3" sc="240,126,250,0,250,0,250,-116" /><INIT seed="0,1,0,2,0,75" ten="366,250,250,134" oya="0" hai0="49,46,53,94,129,68,131,44,27,73,107,130,116" hai1="1,112,74,20,86,77,132,78,115,103,133,9,67" hai2="6,40,104,97,80,66,29,110,34,39,45,63,121" hai3="87,35,16,58,83,113,50,135,57,69,106,95,91"/><T55/><D107/><U72/><E67/><V102/><F110/><W99/><G69/><T61/><D116/><U38/><E38/><V19/><F121/><W128/><G35/><T30/><D73/><N who="1" m="28267" /><E20/><V89/><F6/><W70/><G70/><T76/><D76/><N who="1" m="29291" /><E1/><V56/><F19/><W100/><G113/><N who="1" m="43594" /><E9/><V120/><F120/><W21/><G128/><T88/><D68/><U41/><E41/><V84/><F29/><W134/><G50/><N who="0" m="28871" /><D61/><U127/><E127/><V47/><F47/><W109/><G106/><T22/><D94/><U10/><E10/><V12/><F12/><W126/><G109/><T31/><D31/><U48/><E48/><V82/><F34/><W60/><G126/><T15/><D15/><U125/><E125/><V117/><F117/><W108/><G108/><T18/><D30/><U123/><E123/><V101/><F66/><W25/><REACH who="3" step="1"/><G60/><REACH who="3" ten="366,250,250,124" step="2"/><T24/><D131/><U7/><E7/><V118/><F63/><W92/><G92/><T2/><D130/><U3/><E3/><V81/><F39/><W17/><G17/><T23/><D129/><U59/><E103/><V37/><F102/><W36/><G36/><T96/><D18/><U26/><E59/><AGARI ba="1,1" hai="16,21,25,57,58,59,83,87,91,95,99,100,134,135" machi="59" ten="40,2600,0" yaku="1,1,54,1,53,0" doraHai="75" doraHaiUra="111" who="3" fromWho="1" sc="366,0,250,-29,250,0,124,39" /><INIT seed="1,0,0,5,1,90" ten="366,221,250,163" oya="1" hai0="76,26,62,1,107,120,36,60,108,115,4,126,21" hai1="99,109,129,85,39,28,56,93,116,23,17,51,18" hai2="42,47,40,102,112,67,78,37,73,79,43,128,19" hai3="132,38,80,34,6,135,55,68,114,3,22,52,87"/><U45/><E39/><V110/><F128/><W131/><G114/><T64/><D126/><U122/><E116/><V29/><F112/><W24/><G38/><T15/><D115/><U125/><E122/><V8/><F110/><W44/><G68/><T94/><D108/><U13/><E109/><V82/><F79/><W66/><G66/><T127/><D127/><U49/><E125/><V106/><F67/><W123/><G123/><T92/><D1/><U71/><E71/><V70/><F70/><W31/><G44/><T98/><D36/><U65/><E85/><V130/><F29/><W105/><G105/><T134/><D134/><N who="3" m="51241" /><G131/><T74/><D107/><U41/><E129/><V100/><F130/><W5/><G34/><T84/><D120/><U101/><E18/><V118/><F118/><W46/><G46/><T63/><D64/><U54/><E65/><V89/><F42/><W20/><G20/><T117/><D117/><U77/><E77/><V69/><F43/><W9/><G6/><T61/><D4/><U57/><E28/><V113/><F69/><W83/><G83/><T33/><D21/><U103/><E57/><V133/><F106/><W50/><G50/><T88/><D60/><U72/><REACH who="1" step="1"/><E72/><REACH who="1" ten="366,211,250,163" step="2"/><N who="2" m="43335" /><F133/><W16/><G31/><T95/><D74/><U119/><E119/><V96/><F113/><W111/><G111/><T124/><D124/><U86/><E86/><V35/><F73/><W11/><G11/><T48/><D84/><U2/><E2/><V25/><F37/><W7/><G7/><T104/><D76/><AGARI ba="0,1" hai="3,5,9,16,22,24,52,55,76,80,87" m="51241" machi="76" ten="30,3900,0" yaku="20,1,54,2" doraHai="90" who="3" fromWho="0" sc="366,-39,211,0,250,0,163,49" /><INIT seed="2,0,0,5,4,123" ten="327,211,250,212" oya="2" hai0="37,8,133,111,31,76,62,101,50,106,35,29,103" hai1="28,131,30,92,64,120,49,17,119,12,88,16,32" hai2="36,13,116,43,38,113,41,107,6,77,95,127,89" hai3="85,21,63,132,72,40,2,9,66,47,10,125,90"/><V91/><F107/><W59/><G72/><T128/><D37/><U67/><E119/><V112/><F116/><W70/><G132/><T57/><D133/><U25/><E120/><V117/><F117/><W11/><G125/><T42/><D128/><U130/><E30/><V74/><F127/><W27/><G70/><T33/><D111/><U5/><E5/><V24/><F24/><W3/><G2/><T15/><D76/><U18/><E12/><V19/><F6/><W22/><G3/><T46/><D106/><U115/><E115/><V20/><F74/><W23/><G27/><T109/><D109/><U7/><E7/><V80/><F77/><W105/><G105/><T39/><D39/><U48/><E64/><V79/><F79/><W14/><G14/><T75/><D75/><U52/><E67/><V78/><F78/><W86/><REACH who="3" step="1"/><G90/><REACH who="3" ten="327,211,250,202" step="2"/><T126/><D126/><U84/><REACH who="1" step="1"/><E48/><AGARI ba="0,1" hai="9,10,11,21,22,23,40,47,48,59,63,66,85,86" machi="48" ten="40,5200,0" yaku="1,1,2,1,8,1,53,0" doraHai="123" doraHaiUra="102" who="3" fromWho="1" sc="327,0,211,-52,250,0,202,62" /><INIT seed="3,0,0,0,5,125" ten="327,159,250,264" oya="3" hai0="76,6,42,118,131,14,128,7,59,95,80,98,106" hai1="30,84,64,86,15,119,51,94,127,91,117,60,105" hai2="22,63,45,5,115,16,110,38,104,108,67,133,46" hai3="107,102,126,101,39,48,26,122,71,69,43,61,109"/><W83/><G122/><T24/><D118/><N who="1" m="45067" /><E127/><V12/><F104/><W72/><G126/><T85/><D106/><U77/><E105/><V120/><F115/><W55/><G109/><N who="2" m="42089" /><F120/><W78/><G102/><N who="0" m="60767" /><D42/><U21/><E51/><V89/><F38/><W29/><G43/><T112/><D112/><U113/><E113/><V8/><F89/><W73/><G39/><T44/><D44/><U111/><E111/><V66/><F133/><W34/><G72/><T124/><D124/><U123/><E123/><V41/><F41/><W88/><G88/><T114/><D114/><U52/><E77/><V3/><F67/><W37/><G37/><T79/><D24/><N who="1" m="16655" /><E15/><V96/><F96/><W40/><G40/><T87/><D59/><AGARI ba="0,0" hai="3,5,8,12,16,22,45,46,59,63,66" m="42089" machi="59" ten="30,2000,0" yaku="14,1,54,1" doraHai="125" who="2" fromWho="0" sc="327,-20,159,0,250,20,264,0" /><INIT seed="4,0,0,3,4,37" ten="307,159,270,264" oya="0" hai0="35,1,103,59,7,92,100,43,53,74,20,87,120" hai1="68,16,81,42,40,25,13,116,46,89,76,47,135" hai2="117,109,23,85,72,58,12,34,10,29,31,94,67" hai3="132,105,9,19,65,8,73,44,56,55,134,130,107"/><T97/><D120/><U39/><E116/><V77/><F72/><W93/><G73/><T128/><D35/><U127/><E68/><V64/><F117/><W2/><G130/><T21/><D74/><U98/><E135/><N who="3" m="51754" /><G93/><T66/><D43/><U114/><E25/><V104/><F34/><W15/><G65/><N who="2" m="25161" /><F104/><N who="3" m="40011" /><G44/><T27/><D128/><U101/><E127/><V36/><F36/><W50/><G2/><T90/><D66/><U131/><E114/><V0/><F0/><W122/><G8/><T91/><D20/><U88/><E131/><V119/><F109/><W26/><G26/><T113/><D7/><U75/><E101/><V30/><F58/><W3/><G3/><T124/><D1/><U54/><E98/><V126/><F126/><W115/><G115/><T123/><D123/><AGARI ba="0,0" hai="9,15,19,50,55,56,122,123" m="40011,51754" machi="123" ten="40,1300,0" yaku="20,1" doraHai="37" who="3" fromWho="0" sc="307,-13,159,0,270,0,264,13" /><INIT seed="5,0,0,4,4,112" ten="294,159,270,277" oya="1" hai0="117,121,122,24,19,54,33,90,68,62,44,115,110" hai1="11,22,72,133,14,80,74,69,97,84,16,20,63" hai2="114,66,12,27,101,64,129,70,128,6,52,43,126" hai3="65,134,124,8,107,34,4,40,132,125,56,123,81"/><U127/><E127/><N who="3" m="48714" /><G123/><N who="0" m="47115" /><D110/><U45/><E133/><N who="3" m="51306" /><G107/><T94/><D115/><U9/><E97/><V87/><F114/><W50/><G34/><T118/><D68/><U89/><E9/><N who="2" m="4151" /><F43/><W29/><G29/><N who="0" m="19623" /><D19/><U41/><E72/><V119/><F70/><W131/><G81/><T93/><D93/><U77/><E69/><V104/><F104/><W26/><G26/><T47/><D62/><U18/><E63/><V31/><F101/><W76/><G76/><T53/><D53/><U88/><E74/><V86/><F52/><N who="3" m="31767" /><G40/><T21/><D21/><U103/><E103/><V111/><F111/><W73/><G73/><T98/><D54/><U96/><E96/><V36/><F36/><W38/><G38/><T13/><D13/><U109/><E109/><V108/><F108/><W5/><G5/><T30/><D30/><U85/><E77/><V1/><F1/><W130/><G65/><T2/><D2/><AGARI ba="0,0" hai="2,4,8,130,131" m="31767,51306,48714" machi="2" ten="30,8000,1" yaku="30,2,18,1,20,1,54,1" doraHai="112" who="3" fromWho="0" sc="294,-80,159,0,270,0,277,80" /><INIT seed="6,0,0,5,1,81" ten="214,159,270,357" oya="2" hai0="114,33,31,18,131,66,36,50,25,17,95,5,74" hai1="109,12,134,29,0,20,62,72,125,53,67,120,118" hai2="105,86,61,23,100,42,34,51,21,4,101,65,135" hai3="117,63,99,106,76,11,30,87,70,103,43,80,64"/><V1/><F34/><W28/><G117/><T127/><D131/><U57/><E72/><V115/><F115/><W108/><G108/><T97/><D127/><U6/><E109/><V39/><F39/><W56/><G43/><T26/><D74/><U93/><E118/><V68/><F135/><W94/><G11/><T110/><D36/><U13/><E134/><V102/><F105/><W60/><G106/><T9/><D110/><U15/><E125/><V38/><F38/><W111/><G111/><T78/><D114/><U47/><E120/><V58/><F4/><W16/><G16/><T59/><D78/><U55/><E0/><V129/><F1/><W84/><G87/><T19/><D26/><U14/><E47/><V10/><F10/><W22/><G22/><T24/><D24/><N who="1" m="16519" /><E93/><V88/><F129/><W123/><G123/><T52/><D66/><AGARI ba="0,0" hai="28,30,56,60,63,64,66,70,76,80,84,94,99,103" machi="66" ten="30,2000,0" yaku="7,1,52,1" doraHai="81" who="3" fromWho="0" sc="214,-20,159,0,270,0,357,20" /><INIT seed="7,0,0,0,0,123" ten="194,159,270,377" oya="3" hai0="127,43,39,66,82,110,109,21,27,37,124,68,113" hai1="83,106,99,84,77,38,130,12,88,6,90,23,79" hai2="91,60,18,7,70,108,35,19,24,76,129,10,69" hai3="133,102,0,101,126,15,62,80,30,119,25,64,134"/><W49/><G119/><T48/><D82/><U121/><E38/><N who="0" m="14345" /><D21/><U14/><E121/><V44/><F108/><N who="0" m="41578" /><D113/><U107/><E130/><V132/><F129/><W97/><G0/><T41/><D27/><U57/><E106/><V120/><F132/><N who="3" m="50795" /><G80/><T33/><D33/><U45/><E14/><V51/><F91/><W55/><G126/><N who="0" m="48171" /><D48/><U114/><E114/><V115/><F51/><W67/><G15/><T71/><D66/><N who="3" m="25129" /><G97/><T95/><D95/><U50/><E57/><V13/><F24/><W36/><G36/><T29/><D29/><U85/><E107/><V72/><F35/><N who="3" m="20943" /><G62/><T4/><D4/><U111/><E111/><V78/><F60/><W28/><G28/><T54/><D54/><U2/><E2/><V46/><F7/><W117/><G117/><T100/><D100/><U40/><E99/><V58/><F120/><W56/><AGARI ba="0,0" hai="49,55,56,101,102" m="20943,25129,50795" machi="56" ten="30,1500,0" yaku="20,1" doraHai="123" who="3" fromWho="3" sc="194,-5,159,-5,270,-5,377,15" owari="189,-21.0,154,-35.0,265,7.0,392,49.0" /></mjloggm>