<mjloggm ver="2.3"><GO type="97" lobby="0"/><UN n0="%63%6F%6C%6C%6F" n1="%70%64%6F%71" n2="%E5%B0%B1%E6%B4%BB%E7%94%9F%40%E5%B7%9D%E6%9D%91%E8%BB%8D%E5%9B%A3" n3="%E3%83%9E%E3%83%AB%E3%82%B2%E3%83%AA%E3%83%BC%E3%82%BF" dan="14,14,15,13" rate="1896.97,1985.01,2052.06,1868.30" sx="M,M,M,M"/><TAIKYOKU oya="0"/><INIT seed="0,0,0,4,4,17" ten="250,250,250,250" oya="0" hai0="71,15,135,106,5,68,14,91,32,99,130,34,22" hai1="53,126,28,79,7,108,12,51,35,70,78,38,115" hai2="42,82,107,8,97,109,21,92,133,33,37,4,113" hai3="96,9,89,87,23,117,94,58,67,54,75,59,77"/><T74/><BYE who="3" /><D74/><U85/><E70/><UN n3="%E3%83%9E%E3%83%AB%E3%82%B2%E3%83%AA%E3%83%BC%E3%82%BF" /><V25/><F33/><W57/><G117/><T26/><D135/><U48/><E38/><V90/><F113/><W93/><G75/><T0/><D130/><U1/><E115/><V6/><F109/><W63/><G77/><T131/><D131/><U65/><E108/><V121/><F133/><W118/><G118/><T36/><D36/><U119/><E1/><V55/><F121/><W132/><G132/><T30/><D14/><U98/><E119/><V110/><F110/><W123/><G123/><T114/><D114/><U88/><E126/><V124/><F124/><W72/><G72/><T18/><D34/><U13/><E98/><V64/><F64/><W16/><G9/><N who="0" m="2215" /><D91/><U84/><E65/><V112/><F112/><W10/><G10/><T116/><D116/><U100/><E100/><AGARI ba="0,0" hai="15,18,22,26,30,32,68,71,99,100,106" m="2215" machi="100" ten="30,2900,0" yaku="24,1,52,1" doraHai="17" who="0" fromWho="1" sc="250,29,250,-29,250,0,250,0" /><INIT seed="0,1,0,3,4,112" ten="279,221,250,250" oya="0" hai0="24,72,110,2,75,117,129,77,33,43,27,21,68" hai1="9,46,8,13,44,99,40,113,69,90,96,39,41" hai2="92,55,123,104,22,108,131,85,94,0,83,16,49" hai3="18,120,95,81,91,88,67,103,130,1,7,106,125"/><T32/><D68/><U20/><E69/><V132/><F123/><W59/><G1/><T115/><D115/><U71/><E71/><V23/><F104/><W38/><G38/><T63/><D129/><U66/><E66/><V48/><F0/><W34/><G34/><T15/><D2/><U26/><E90/><N who="2" m="51519" /><F131/><W17/><G7/><T14/><D43/><U84/><E84/><V74/><F74/><W35/><G35/><T109/><D63/><U51/><E113/><V58/><F108/><N who="0" m="41578" /><D77/><U52/><E9/><V134/><F23/><W100/><G120/><T127/><D72/><U65/><E65/><V54/><F134/><W78/><G106/><T57/><D75/><U135/><E135/><V98/><F98/><W116/><G67/><T82/><D32/><U28/><REACH who="1" step="1"/><E40/><REACH who="1" ten="279,211,250,250" step="2"/><V97/><F132/><W105/><G130/><T29/><D33/><U42/><E42/><V6/><F6/><AGARI ba="1,1" hai="6,8,13,20,26,28,39,41,44,46,51,52,96,99" machi="6" ten="30,3900,0" yaku="1,1,7,1,54,1,53,0" doraHai="112" doraHaiUra="119" who="1" fromWho="2" sc="279,0,211,52,250,-42,250,0" /><INIT seed="1,0,0,3,4,47" ten="279,263,208,250" oya="1" hai0="54,51,131,28,60,113,21,76,75,119,12,99,117" hai1="37,39,94,95,32,77,122,36,67,27,50,79,101" hai2="116,83,105,24,44,56,104,0,70,127,1,20,81" hai3="66,22,5,34,73,23,26,93,100,108,35,30,106"/><U114/><E122/><V25/><F70/><W88/><G73/><T6/><D113/><U18/><E114/><V112/><F116/><W42/><G42/><T118/><D131/><U96/><E67/><V89/><F112/><W134/><G134/><T80/><D99/><U92/><E50/><V103/><F127/><W3/><G66/><T14/><D60/><U16/><E32/><V40/><F56/><W78/><G78/><T62/><D62/><U58/><E58/><V52/><F25/><W13/><G88/><T64/><D64/><U102/><E27/><V49/><F40/><W84/><G93/><T7/><D14/><U33/><E33/><N who="3" m="12298" /><G84/><T59/><REACH who="0" step="1"/><D12/><REACH who="0" ten="269,263,208,250" step="2"/><U4/><E96/><V71/><F71/><W15/><G100/><N who="1" m="38506" /><E4/><V41/><F103/><W31/><G106/><T53/><D53/><U38/><N who="1" m="9728" /><DORA hai="90" /><U91/><E91/><V72/><F105/><W133/><G133/><T69/><D69/><U121/><E121/><V48/><F104/><W129/><G129/><T107/><D107/><U87/><E87/><V2/><F72/><W124/><G124/><T135/><D135/><U8/><E8/><V82/><F89/><W9/><G108/><T11/><D11/><U45/><E45/><V126/><F126/><W46/><G46/><T86/><D86/><U109/><E109/><V110/><F110/><W43/><G43/><T55/><D55/><U132/><E132/><V115/><F115/><W97/><G97/><T125/><D125/><U68/><E68/><V120/><F120/><W111/><G111/><T123/><D123/><U57/><E57/><RYUUKYOKU ba="0,1" sc="269,10,263,10,208,-30,250,10" hai0="6,7,21,28,51,54,59,75,76,80,117,118,119" hai1="16,18,77,79,92,94,95" hai3="3,5,9,13,15,22,23,26,30,31" /><INIT seed="1,1,1,5,3,105" ten="279,273,178,260" oya="1" hai0="93,73,60,52,10,101,19,88,0,95,89,62,74" hai1="12,23,36,108,111,21,46,80,94,57,14,102,22" hai2="45,41,124,56,126,27,55,92,38,131,9,11,81" hai3="91,6,40,133,83,113,72,87,127,2,115,125,99"/><U114/><E114/><N who="3" m="43530" /><G2/><T69/><D101/><U84/><E36/><V117/><F117/><W110/><G6/><T64/><D0/><U71/><E71/><V98/><F131/><W7/><G7/><T76/><D76/><U30/><E30/><V130/><F130/><W58/><G58/><T79/><D79/><U104/><E104/><V24/><F81/><W8/><G8/><T15/><D60/><U129/><E46/><V28/><F11/><W1/><G1/><T32/><D32/><U68/><E68/><V48/><F9/><W34/><G40/><T118/><D52/><U97/><E57/><V39/><F38/><W78/><G34/><T16/><D19/><U4/><E4/><V96/><F96/><W122/><G110/><N who="1" m="42026" /><E129/><V25/><REACH who="2" step="1"/><F28/><REACH who="2" ten="279,273,168,260" step="2"/><W61/><G122/><T103/><D118/><U77/><AGARI ba="1,2" hai="12,14,21,22,23,77,80,84,94,97,102" m="42026" machi="77" ten="30,3000,0" yaku="14,1,10,1" doraHai="105" who="1" fromWho="1" sc="279,-11,273,53,168,-11,260,-11" /><INIT seed="1,2,0,2,1,65" ten="268,326,157,249" oya="1" hai0="100,25,6,42,29,77,97,134,32,48,105,81,5" hai1="113,31,20,62,37,64,87,41,15,66,93,74,30" hai2="120,123,129,85,107,16,135,45,40,21,7,121,27" hai3="63,17,96,49,57,19,68,101,131,92,112,51,126"/><U90/><E113/><V4/><F107/><W50/><G112/><T34/><D134/><U54/><E74/><V0/><F135/><W125/><G131/><T132/><D34/><U117/><E117/><V82/><F129/><W124/><G57/><T91/><D91/><U67/><E37/><V23/><F0/><W76/><G76/><T78/><D78/><U18/><E41/><V43/><F23/><W116/><G116/><T33/><D33/><U28/><REACH who="1" step="1"/><E54/><REACH who="1" ten="268,316,157,249" step="2"/><V52/><F43/><W95/><G95/><T98/><D132/><U80/><E80/><V46/><F46/><W104/><G92/><T58/><D42/><U11/><E11/><V128/><F128/><W8/><G8/><T36/><D36/><U84/><E84/><V108/><F108/><W88/><G88/><T133/><D81/><U9/><E9/><V130/><F130/><W122/><G122/><T60/><D133/><U69/><AGARI ba="2,1" hai="15,18,20,28,30,31,62,64,66,67,69,87,90,93" machi="69" ten="30,6000,0" yaku="1,1,0,1,52,1,53,0" doraHai="65" doraHaiUra="55" who="1" fromWho="1" sc="268,-22,316,76,157,-22,249,-22" /><INIT seed="1,3,0,0,4,76" ten="246,392,135,227" oya="1" hai0="47,123,65,77,5,45,114,30,91,57,4,71,118" hai1="64,58,115,40,12,110,125,51,18,53,82,36,27" hai2="132,55,107,42,68,22,75,46,43,23,78,106,103" hai3="21,133,69,102,89,52,127,135,62,35,85,24,94"/><U72/><E115/><V92/><F68/><W122/><G122/><T73/><D71/><U126/><E27/><V88/><F132/><N who="3" m="50763" /><G127/><N who="1" m="48650" /><E64/><V20/><F103/><W31/><G102/><T41/><D30/><U13/><E110/><V74/><F55/><W97/><G97/><T34/><D34/><U130/><E130/><V101/><F101/><W38/><G38/><T90/><D118/><U128/><E128/><V3/><F3/><W26/><G26/><T104/><D65/><U124/><E18/><V61/><F61/><W67/><G21/><T39/><D4/><U17/><E17/><V37/><F43/><W83/><G52/><T0/><D41/><U60/><E124/><V86/><REACH who="2" step="1"/><F75/><REACH who="2" ten="246,392,125,227" step="2"/><W95/><AGARI ba="3,1" hai="24,31,35,62,67,69,83,85,89,94,95" m="50763" machi="95" ten="30,2000,0" yaku="20,1,52,1" doraHai="76" who="3" fromWho="3" sc="246,-8,392,-13,125,-8,227,39" /><INIT seed="2,0,0,4,4,0" ten="238,379,117,266" oya="2" hai0="81,94,92,104,105,61,23,95,62,126,16,38,42" hai1="102,120,41,121,70,83,8,122,31,52,22,10,76" hai2="106,128,79,78,28,132,80,63,21,5,57,55,69" hai3="135,53,134,29,90,99,107,66,37,98,87,51,119"/><V45/><F106/><W34/><G37/><T71/><D126/><U113/><E113/><V15/><F128/><W110/><G119/><T127/><D127/><U30/><E70/><V13/><F132/><W112/><G112/><T54/><D62/><U48/><E41/><V82/><F69/><W68/><G110/><T43/><D81/><U60/><E60/><V26/><F45/><W3/><G3/><T50/><D38/><U123/><E123/><V67/><F67/><W17/><G17/><T14/><D105/><U64/><E64/><V124/><F124/><W20/><G20/><T56/><D104/><U88/><E88/><V130/><F130/><W27/><G99/><T49/><D71/><U25/><E102/><V129/><F129/><W85/><G85/><T47/><REACH who="0" step="1"/><D50/><REACH who="0" ten="228,379,117,266" step="2"/><U39/><E39/><V73/><REACH who="2" step="1"/><F5/><REACH who="2" ten="228,379,107,266" step="2"/><W93/><G134/><T72/><D72/><AGARI ba="0,2" hai="13,15,21,26,28,55,57,63,72,73,78,79,80,82" machi="72" ten="30,11600,0" yaku="1,1,2,1,7,1,9,1,53,0" doraHai="0" doraHaiUra="1" who="2" fromWho="0" sc="228,-116,379,0,107,136,266,0" /><INIT seed="2,1,0,0,5,115" ten="112,379,243,266" oya="2" hai0="126,125,90,22,104,130,128,16,11,60,15,62,94" hai1="42,99,51,66,17,52,29,5,6,67,65,71,110" hai2="25,64,44,84,7,98,105,123,30,114,135,28,74" hai3="37,82,121,107,21,118,75,117,108,81,58,112,93"/><V26/><F123/><W101/><G37/><T0/><D0/><U85/><E110/><V54/><F74/><W69/><G69/><T47/><D104/><U18/><E71/><V95/><F114/><W79/><G58/><T113/><D47/><N who="1" m="27775" /><E42/><V76/><F135/><W78/><G21/><T120/><D11/><U102/><E29/><N who="2" m="11371" /><F105/><W9/><G9/><T35/><D35/><U1/><E1/><V124/><F7/><N who="1" m="2569" /><E85/><V19/><F64/><W77/><G121/><T92/><D92/><AGARI ba="1,0" hai="17,18,65,66,67,92,99,102" m="2569,27775" machi="92" ten="30,2000,0" yaku="8,1,54,1" doraHai="115" who="1" fromWho="0" sc="112,-23,379,23,243,0,266,0" /><INIT seed="3,0,0,0,5,132" ten="89,402,243,266" oya="3" hai0="17,101,49,103,23,65,75,22,39,97,98,106,16" hai1="111,46,47,55,69,94,1,81,61,113,100,115,71" hai2="54,56,118,64,48,34,87,96,110,91,12,18,82" hai3="40,99,77,14,119,80,104,131,11,123,0,92,133"/><W125/><G119/><T68/><D39/><U76/><E111/><V79/><F34/><W108/><G123/><T88/><D75/><U93/><E1/><V13/><F118/><W89/><G0/><T43/><D68/><U8/><E8/><V7/><F110/><W20/><G108/><T24/><D65/><U3/><E3/><V122/><F122/><W28/><G133/><T50/><D43/><U84/><E71/><V127/><F127/><W57/><G104/><T78/><D78/><U53/><E69/><V109/><F109/><W5/><G40/><T36/><D36/><U85/><E61/><V35/><F35/><W58/><G131/><T130/><D130/><U38/><E38/><V72/><F64/><W45/><G125/><T126/><D106/><U30/><E30/><V83/><F7/><W41/><G20/><T52/><D126/><U4/><E4/><V107/><F18/><W29/><G29/><T10/><D10/><U32/><E32/><V124/><F124/><W117/><G28/><T25/><D52/><U26/><E26/><V44/><F44/><W90/><G90/><AGARI ba="0,0" hai="16,17,22,23,24,25,49,50,88,90,97,98,101,103" machi="90" ten="25,8000,1" yaku="22,2,8,1,54,2" doraHai="132" who="0" fromWho="3" sc="89,80,402,0,243,0,266,-80" owari="169,-33.0,402,50.0,243,4.0,186,-21.0" /></mjloggm>