<mjloggm ver="2.3"><GO type="97" lobby="0"/><UN n0="%67%61%6C%65%72%69%61" n1="%E3%82%AD%E3%83%83%E3%83%9D" n2="%E5%B0%B1%E6%B4%BB%E7%94%9F%40%E5%B7%9D%E6%9D%91%E8%BB%8D%E5%9B%A3" n3="%E3%81%B9%E3%81%9F%E3%81%8A%E3%82%8A%E5%90%9B" dan="13,13,15,14" rate="1887.30,1837.33,2088.44,1947.90" sx="M,M,M,M"/><TAIKYOKU oya="0"/><INIT seed="0,0,0,0,3,86" ten="250,250,250,250" oya="0" hai0="16,89,60,91,76,126,64,1,90,40,32,31,87" hai1="62,96,67,0,77,118,119,53,18,19,42,5,35" hai2="23,72,134,117,39,38,2,47,99,101,50,104,129" hai3="44,56,20,51,98,108,10,131,22,26,135,74,68"/><T17/><D1/><U21/><E35/><V58/><F117/><W73/><G68/><T82/><D40/><U103/><E77/><V132/><F2/><W106/><G135/><N who="2" m="51753" /><F72/><W63/><G131/><T114/><D114/><U111/><E111/><V3/><F3/><W48/><G108/><T105/><D105/><U29/><E42/><N who="2" m="24951" /><F129/><W127/><G127/><T13/><D126/><U41/><E41/><V122/><F122/><W116/><G116/><T100/><D100/><U11/><E29/><V121/><F121/><W12/><G74/><T110/><D110/><U107/><E19/><V4/><F4/><W115/><G115/><T97/><D97/><U15/><REACH who="1" step="1"/><E53/><REACH who="1" ten="250,240,250,250" step="2"/><V36/><F23/><W71/><G22/><T61/><D13/><U83/><E83/><V130/><F130/><W88/><G20/><T6/><D6/><U30/><E30/><V37/><F37/><W124/><G124/><T34/><D34/><U28/><E28/><V24/><F24/><W102/><G26/><T66/><D31/><U85/><E85/><V125/><F125/><W33/><G33/><T25/><D25/><U27/><E27/><V69/><F39/><W52/><G71/><AGARI ba="0,1" hai="0,5,11,15,18,21,62,67,71,96,103,107,118,119" machi="71" ten="30,2000,0" yaku="1,1,7,1,53,0" doraHai="86" doraHaiUra="49" who="1" fromWho="3" sc="250,0,240,30,250,0,250,-20" /><INIT seed="1,0,0,3,3,98" ten="250,270,250,230" oya="1" hai0="108,29,123,103,105,48,73,7,80,124,59,60,87" hai1="57,20,112,70,96,115,85,21,23,82,18,81,109" hai2="129,122,83,51,119,100,28,39,19,47,0,53,11" hai3="76,84,1,104,45,4,88,31,68,12,52,86,118"/><U121/><E121/><V71/><F122/><W32/><G118/><T58/><D123/><U99/><E70/><V6/><F119/><W67/><G104/><T75/><D7/><U64/><E64/><V63/><F129/><W77/><G1/><T92/><D29/><U41/><E41/><V130/><F130/><W50/><G86/><T33/><D33/><U79/><E57/><V14/><F28/><W34/><G34/><T13/><D13/><U25/><E109/><V128/><F128/><W36/><G36/><T35/><D35/><U89/><E18/><V90/><F39/><W66/><G68/><T16/><D108/><U113/><REACH who="1" step="1"/><E25/><REACH who="1" ten="250,260,250,230" step="2"/><V120/><F120/><W61/><G67/><T72/><D59/><U30/><E30/><V106/><F71/><W131/><G66/><T125/><D58/><U8/><E8/><V135/><F63/><W10/><G61/><T24/><D60/><U44/><E44/><V107/><F47/><W65/><G65/><T22/><D48/><U3/><E3/><V69/><F51/><W2/><G2/><T62/><D62/><U17/><E17/><V117/><F19/><W49/><G131/><T26/><D26/><U110/><E110/><V111/><F11/><W46/><G31/><T40/><D40/><U9/><E9/><V54/><F69/><W127/><G127/><T15/><D24/><U93/><E93/><V74/><F0/><W5/><G46/><T43/><D43/><U101/><E101/><V91/><F111/><W97/><G45/><T116/><D116/><U38/><E38/><V133/><F117/><RYUUKYOKU ba="0,1" sc="250,-10,260,30,250,-10,230,-10" hai1="20,21,23,79,81,82,85,89,96,99,112,113,115" /><INIT seed="1,1,1,1,3,122" ten="240,290,240,220" oya="1" hai0="78,43,38,45,110,121,88,63,10,46,111,74,49" hai1="130,73,40,15,93,75,11,96,20,91,132,72,44" hai2="48,97,114,34,0,62,79,33,5,101,70,8,31" hai3="23,92,3,25,52,7,30,83,16,131,123,80,54"/><U68/><E68/><V109/><F114/><W100/><G123/><T71/><D121/><U61/><E132/><V69/><F48/><W26/><G131/><T119/><D119/><U14/><E130/><V82/><F109/><N who="0" m="41482" /><D78/><U32/><E32/><N who="2" m="12395" /><F31/><W57/><G3/><T24/><D74/><U103/><E61/><V84/><F84/><W4/><G54/><N who="0" m="29999" /><D24/><U89/><E75/><N who="2" m="43391" /><F62/><N who="3" m="36135" /><G80/><T90/><D10/><U56/><E73/><V85/><F85/><W112/><G83/><T77/><D77/><U29/><E72/><V86/><F86/><W37/><G37/><T55/><D55/><U2/><E11/><V67/><F67/><AGARI ba="1,1" hai="38,43,46,63,67,71,88,90" m="29999,41482" machi="67" ten="30,8000,1" yaku="14,1,52,3,54,1" doraHai="122" who="0" fromWho="2" sc="240,93,290,0,240,-83,220,0" /><INIT seed="2,0,0,2,2,31" ten="333,290,157,220" oya="2" hai0="6,26,68,69,76,108,124,30,84,111,113,56,65" hai1="77,58,95,98,37,72,20,131,23,19,7,128,21" hai2="28,127,119,74,112,116,5,114,91,18,24,88,67" hai3="110,79,45,55,122,3,61,35,101,60,53,49,32"/><V1/><F74/><W70/><G122/><T13/><D113/><U64/><E37/><V42/><F42/><W10/><G110/><N who="0" m="42027" /><D124/><U14/><E7/><V34/><F67/><W93/><G79/><T36/><D36/><U120/><E120/><V66/><F66/><W73/><G73/><T129/><D129/><N who="1" m="49739" /><E77/><V2/><F127/><W133/><G133/><T39/><D39/><U40/><E40/><V8/><F1/><W17/><G70/><T100/><D100/><N who="1" m="60511" /><E72/><V86/><F18/><W109/><G109/><T71/><D76/><U44/><E44/><V12/><F2/><W87/><G61/><AGARI ba="0,0" hai="14,19,20,21,23,58,61,64" m="60511,49739" machi="61" ten="30,1000,0" yaku="19,1" doraHai="31" who="1" fromWho="3" sc="333,0,290,10,157,0,220,-10" /><INIT seed="3,0,0,2,2,23" ten="333,300,157,210" oya="3" hai0="39,40,69,127,46,95,134,111,11,19,10,119,129" hai1="67,75,33,77,108,37,92,74,94,100,25,62,28" hai2="16,36,56,54,97,87,57,102,52,47,115,99,112" hai3="76,17,4,24,113,116,7,114,124,90,64,80,26"/><W66/><G116/><T55/><D69/><U12/><E37/><V22/><F36/><W59/><G124/><T133/><D119/><U85/><E108/><V20/><F47/><W130/><G130/><T120/><D120/><U91/><E12/><N who="2" m="9223" /><F115/><W109/><G109/><T93/><D111/><U2/><E2/><V48/><F112/><W79/><G90/><T117/><D117/><U104/><E77/><V49/><F102/><W29/><G17/><T27/><D127/><U101/><E94/><V51/><F87/><W73/><G59/><N who="2" m="22601" /><F22/><W84/><G84/><T88/><D55/><U121/><E121/><V50/><N who="2" m="12800" /><DORA hai="32" /><V105/><F105/><W96/><G96/><AGARI ba="0,0" hai="52,54,96,97,99" m="12800,22601,9223" machi="96" ten="40,5200,0" yaku="8,1,54,2" doraHai="23,32" who="2" fromWho="3" sc="333,0,300,0,157,52,210,-52" owari="333,43.0,300,10.0,209,-19.0,158,-34.0" /></mjloggm>