<mjloggm ver="2.3"><GO type="41" lobby="0"/><UN n0="%E7%9C%9F%E7%90%86%E5%AD%A6" n1="%E3%81%95%E3%82%8A%E3%83%BC%E3%81%99%E3%81%93%E3%81%A3%E3%81%A8" n2="%E5%B0%B1%E6%B4%BB%E7%94%9F%40%E5%B7%9D%E6%9D%91%E8%BB%8D%E5%9B%A3" n3="%E4%B8%B8" dan="15,15,15,13" rate="1981.09,1975.23,1963.86,1884.85" sx="M,F,M,M"/><TAIKYOKU oya="0"/><INIT seed="0,0,0,5,0,9" ten="250,250,250,250" oya="0" hai0="68,112,15,120,77,8,102,42,53,36,107,65,30" hai1="61,62,64,126,19,40,79,98,38,72,109,128,11" hai2="85,69,31,111,117,32,54,89,48,135,20,80,124" hai3="84,88,43,110,70,122,58,44,121,16,57,90,115"/><T129/><D120/><U27/><E109/><V130/><F32/><W28/><G70/><T18/><D112/><U99/><E128/><V49/><F111/><W118/><G110/><T35/><D129/><U67/><E40/><V123/><F130/><W127/><G28/><T56/><D77/><U5/><E38/><V95/><F69/><W14/><G118/><T106/><D68/><U51/><E51/><V74/><F135/><W87/><G115/><T10/><D65/><U21/><E62/><V96/><F124/><W81/><G127/><T46/><D102/><U29/><E64/><V101/><F117/><W86/><G86/><T133/><D133/><U0/><E126/><V83/><F123/><N who="3" m="47115" /><G87/><T33/><D33/><U94/><E94/><V3/><F3/><W108/><G90/><T24/><REACH who="0" step="1"/><D10/><REACH who="0" ten="240,250,250,250" step="2"/><U13/><E79/><V75/><F75/><W105/><G108/><T59/><D59/><U37/><E72/><V4/><F74/><W25/><G105/><T55/><D55/><U2/><E2/><V7/><F54/><W104/><G104/><T1/><D1/><U131/><E131/><V17/><F101/><W103/><G103/><T34/><D34/><N who="1" m="20799" /><E37/><V119/><F119/><W6/><G25/><T92/><D92/><U23/><E23/><V39/><F95/><W76/><G76/><T50/><AGARI ba="0,1" hai="8,15,18,24,30,35,36,42,46,50,53,56,106,107" machi="50" ten="20,7800,0" yaku="1,1,0,1,7,1,52,1,53,0" doraHai="9" doraHaiUra="97" who="0" fromWho="0" sc="240,88,250,-26,250,-26,250,-26" /><INIT seed="0,1,0,4,2,11" ten="328,224,224,224" oya="0" hai0="70,114,23,66,59,118,51,0,65,77,69,49,129" hai1="91,58,50,48,15,127,40,4,98,125,21,124,128" hai2="45,13,90,24,19,101,5,88,85,109,86,83,67" hai3="57,73,135,111,8,82,52,84,81,74,44,96,115"/><T79/><D0/><U119/><E119/><V113/><F109/><W89/><G74/><T2/><D2/><U29/><E128/><V122/><F113/><W42/><G111/><T93/><D118/><U134/><E134/><V80/><F122/><W56/><G115/><T87/><D114/><U61/><E40/><V35/><F101/><W20/><G20/><T123/><D129/><U25/><E98/><V54/><F67/><W97/><G57/><T92/><D23/><U71/><E71/><V47/><F5/><W106/><G106/><T1/><D1/><U112/><E91/><V62/><F24/><W9/><G73/><T131/><D131/><U3/><E3/><V64/><F35/><W116/><G116/><T7/><D59/><U28/><E28/><V72/><F72/><W32/><G32/><T10/><D10/><N who="3" m="4201" /><G135/><T46/><D87/><U120/><E120/><V39/><F39/><W6/><G6/><T17/><D7/><U94/><E112/><V133/><F133/><W31/><G31/><T121/><REACH who="0" step="1"/><D17/><REACH who="0" ten="318,224,224,224" step="2"/><N who="1" m="10431" /><E4/><V110/><F110/><W41/><G56/><T37/><D37/><U27/><E58/><N who="2" m="35159" /><F64/><W130/><G130/><T12/><D12/><U36/><E36/><V117/><F117/><W76/><G97/><T108/><D108/><U126/><E126/><V68/><F68/><W105/><G96/><T63/><D63/><U34/><E61/><V14/><F19/><W102/><G105/><T18/><D18/><U55/><E25/><V95/><F83/><W100/><G81/><T78/><D78/><U99/><E127/><V38/><F38/><RYUUKYOKU ba="1,1" sc="318,15,224,-15,224,15,224,-15" hai0="46,49,51,65,66,69,70,77,79,92,93,121,123" hai2="13,14,45,47,80,85,86,88,90,95" /><INIT seed="0,2,1,4,4,78" ten="333,209,239,209" oya="0" hai0="92,6,22,16,1,129,53,21,90,91,48,57,75" hai1="130,107,63,54,4,109,5,83,132,84,38,110,88" hai2="14,2,24,49,131,20,31,81,15,133,70,51,44" hai3="45,113,65,35,102,61,9,25,108,76,104,32,19"/><T135/><D135/><U122/><E122/><V89/><F70/><W123/><G35/><T73/><D129/><U56/><E132/><V23/><F2/><W97/><G113/><T85/><D22/><U120/><E120/><V37/><F133/><W95/><G45/><T74/><D74/><U62/><E130/><V99/><F131/><W66/><G66/><T39/><D39/><U105/><E38/><V50/><F37/><W27/><G27/><T126/><D126/><U26/><E26/><N who="2" m="16839" /><F44/><W116/><G116/><T17/><D17/><U36/><E36/><V0/><F0/><W67/><G67/><T86/><D6/><N who="1" m="2667" /><E63/><V125/><F125/><W34/><G34/><T114/><D1/><U28/><E28/><N who="2" m="17439" /><F99/><W42/><G42/><T82/><D114/><U134/><E134/><V29/><F29/><N who="3" m="19503" /><G19/><T52/><REACH who="0" step="1"/><D53/><REACH who="0" ten="323,209,239,209" step="2"/><U10/><E10/><V7/><F7/><W111/><G9/><T121/><D121/><U11/><E11/><V127/><F127/><W72/><G72/><T112/><D112/><U33/><E33/><V59/><F59/><W30/><G30/><T103/><D103/><U124/><E124/><V117/><F117/><W18/><G18/><T68/><D68/><U119/><E119/><V118/><F118/><W128/><G123/><T41/><D41/><U98/><E110/><V101/><F101/><W8/><G8/><T13/><AGARI ba="2,2" hai="13,16,21,48,52,57,73,75,82,85,86,90,91,92" machi="13" ten="20,24000,3" yaku="1,1,0,1,7,1,25,2,52,1,54,2,53,0" doraHai="78" doraHaiUra="115" who="0" fromWho="0" sc="323,266,209,-82,239,-82,209,-82" /><INIT seed="0,3,0,5,3,99" ten="589,127,157,127" oya="0" hai0="59,92,23,91,87,112,47,42,17,93,61,113,46" hai1="11,83,14,50,8,33,20,114,2,25,55,18,74" hai2="90,58,117,118,106,16,95,76,27,126,31,54,0" hai3="49,15,119,72,44,64,115,131,45,1,85,104,5"/><T26/><D92/><U109/><E109/><V19/><F106/><W34/><G72/><T28/><D28/><U102/><E114/><V88/><F0/><W128/><G1/><T38/><D47/><U82/><E33/><N who="2" m="20735" /><F76/><W65/><G34/><T32/><D32/><U66/><E66/><AGARI ba="3,0" hai="17,23,26,38,42,46,59,61,66,87,91,93,112,113" machi="66" ten="30,1500,0" yaku="7,1" doraHai="99" who="0" fromWho="1" sc="589,24,127,-24,157,0,127,0" /><INIT seed="0,4,0,5,2,111" ten="613,103,157,127" oya="0" hai0="88,36,20,25,135,4,120,21,35,17,47,97,129" hai1="117,81,94,95,105,64,58,78,9,68,103,119,127" hai2="124,86,43,27,121,48,130,13,79,23,22,100,131" hai3="76,98,71,90,26,31,75,18,107,84,32,115,41"/><T108/><D120/><U5/><E105/><V67/><F121/><W57/><G41/><T16/><D108/><U93/><E68/><V73/><F73/><W7/><G57/><T38/><D129/><N who="2" m="49162" /><F124/><W56/><G56/><T91/><D135/><U52/><E103/><V123/><F123/><W87/><G87/><T61/><D35/><U74/><E64/><V19/><F100/><W53/><G53/><T114/><D61/><U11/><E127/><V24/><F67/><W132/><G18/><T60/><D60/><U77/><E77/><V33/><F33/><W110/><G110/><T96/><D47/><U122/><E122/><V106/><F106/><W34/><G34/><T28/><D4/><U15/><REACH who="1" step="1"/><E11/><REACH who="1" ten="613,93,157,127" step="2"/><V46/><F23/><W133/><G71/><T37/><D21/><U63/><AGARI ba="4,1" hai="5,9,15,52,58,63,74,78,81,93,94,95,117,119" machi="63" ten="30,8000,1" yaku="1,1,2,1,0,1,54,1,53,1" doraHai="111" doraHaiUra="49" who="1" fromWho="1" sc="613,-44,93,102,157,-24,127,-24" /><INIT seed="1,0,0,5,3,15" ten="569,195,133,103" oya="1" hai0="46,133,9,82,19,67,84,101,73,56,102,48,87" hai1="118,35,12,11,75,124,105,94,97,58,88,32,47" hai2="63,85,119,3,51,98,107,76,72,83,66,2,38" hai3="90,120,123,91,30,53,25,7,4,64,54,114,1"/><U135/><E118/><V52/><F119/><W86/><G1/><T0/><D73/><U60/><E135/><V74/><F38/><W29/><G86/><T110/><D110/><U71/><E124/><V104/><F74/><W8/><G8/><T113/><D113/><U41/><E71/><V127/><F127/><W126/><G126/><T96/><D0/><U125/><E105/><V108/><F108/><W16/><G25/><T6/><D6/><U10/><E75/><V42/><F42/><W115/><G64/><T122/><D122/><U68/><E68/><V27/><F27/><W17/><AGARI ba="0,0" hai="4,7,16,17,29,30,53,54,90,91,114,115,120,123" machi="17" ten="25,12000,2" yaku="0,1,22,2,52,2,54,1" doraHai="15" who="3" fromWho="3" sc="569,-30,195,-60,133,-30,103,120" /><INIT seed="2,0,0,4,3,24" ten="539,135,103,223" oya="2" hai0="73,47,63,117,102,42,50,132,79,100,11,64,9" hai1="7,26,18,20,110,36,71,44,61,106,30,41,97" hai2="74,82,70,29,87,43,83,69,99,115,127,93,60" hai3="109,34,135,86,133,1,124,68,33,27,6,116,94"/><V129/><F115/><W122/><G68/><T12/><D117/><U58/><E110/><V126/><F74/><W130/><G94/><T85/><D73/><U107/><E71/><V0/><F129/><W98/><G86/><T37/><D37/><U25/><E7/><V96/><F0/><W78/><G98/><T54/><D42/><U101/><E106/><V10/><F10/><N who="0" m="3594" /><D12/><U32/><E58/><V108/><F108/><W104/><G78/><T77/><D132/><U46/><E46/><V113/><F43/><W112/><G104/><T15/><D15/><U13/><E13/><V128/><F113/><W80/><G80/><N who="0" m="47247" /><D79/><U35/><REACH who="1" step="1"/><E61/><REACH who="1" ten="539,125,103,223" step="2"/><V90/><F60/><W39/><G109/><T76/><D63/><U21/><AGARI ba="0,1" hai="18,20,21,25,26,30,32,35,36,41,44,97,101,107" machi="21" ten="20,8000,1" yaku="1,1,2,1,0,1,7,1,52,1,53,0" doraHai="24" doraHaiUra="121" who="1" fromWho="1" sc="539,-20,125,90,103,-40,223,-20" /><INIT seed="3,0,0,2,0,45" ten="519,215,63,203" oya="3" hai0="80,11,134,14,108,4,117,83,54,119,118,116,123" hai1="13,38,3,105,112,24,5,62,57,111,20,10,29" hai2="12,60,31,51,132,104,6,82,70,58,128,43,2" hai3="30,22,67,63,85,21,32,126,9,133,97,15,78"/><W65/><G65/><T127/><D116/><U73/><E111/><V46/><F70/><W1/><G1/><T101/><D108/><U42/><E73/><V34/><F2/><W27/><G126/><T77/><D123/><U48/><E105/><V47/><F104/><W64/><G64/><T19/><D127/><U87/><E38/><V120/><F120/><W40/><G40/><T72/><D134/><U92/><E112/><V103/><F132/><W25/><G133/><T84/><D101/><U89/><E3/><V44/><F128/><W68/><G27/><T81/><D81/><U115/><E115/><V107/><F34/><W86/><G86/><T74/><D74/><U96/><E96/><V7/><F31/><W109/><G109/><T56/><D4/><U50/><E42/><V66/><F82/><W124/><G124/><T33/><D33/><U59/><E59/><V125/><F125/><W36/><G36/><T88/><D117/><U49/><E50/><AGARI ba="0,0" hai="11,14,19,50,54,56,72,77,80,83,84,88,118,119" machi="50" ten="30,3900,0" yaku="7,1,52,1,54,1" doraHai="45" who="0" fromWho="1" sc="519,39,215,-39,63,0,203,0" /><INIT seed="4,0,0,4,5,52" ten="558,176,63,203" oya="0" hai0="6,0,27,110,109,96,9,79,104,76,61,35,87" hai1="30,43,118,2,31,5,83,121,38,66,80,77,53" hai2="12,95,65,81,105,115,3,68,100,57,13,91,37" hai3="102,84,10,51,128,93,69,85,42,98,103,22,40"/><T101/><D61/><U111/><E111/><N who="0" m="42505" /><D87/><U132/><E77/><V25/><F3/><W7/><G69/><T59/><D59/><U45/><E5/><V112/><F37/><W120/><G128/><T125/><D125/><U92/><E2/><V123/><F68/><W16/><G120/><T47/><D47/><U134/><E118/><V108/><F108/><W60/><G103/><T54/><D54/><U41/><E66/><V117/><F117/><W63/><G10/><T39/><D39/><U135/><E121/><V130/><F130/><W56/><G7/><T15/><D15/><N who="2" m="5706" /><F25/><N who="3" m="14535" /><G60/><T72/><D72/><U90/><E53/><V28/><F123/><W33/><G33/><T126/><D126/><U74/><E43/><N who="3" m="16426" /><G51/><T67/><D67/><AGARI ba="0,0" hai="56,63,67,84,85,93,98,102" m="16426,14535" machi="67" ten="30,3900,0" yaku="8,1,52,1,54,1" doraHai="52" who="3" fromWho="0" sc="558,-39,176,0,63,0,203,39" /><INIT seed="5,0,0,3,2,95" ten="519,176,63,242" oya="1" hai0="88,66,7,49,70,73,92,108,59,123,68,64,58" hai1="38,35,119,42,62,14,17,110,132,45,13,9,99" hai2="12,79,84,25,0,80,107,74,26,78,106,135,46" hai3="129,109,121,15,82,40,23,112,102,55,116,16,120"/><U65/><E119/><V124/><F0/><W54/><G40/><T50/><D73/><U133/><E35/><V104/><F124/><W53/><G109/><T8/><D108/><U134/><E110/><V24/><F135/><W41/><G116/><T6/><D123/><U34/><E34/><V127/><F127/><W72/><G41/><T103/><D103/><U117/><E14/><V2/><F2/><W101/><G112/><T20/><D20/><U1/><E117/><V111/><F111/><W48/><G48/><T115/><D92/><U44/><E44/><V81/><F12/><W39/><G39/><T19/><D19/><U60/><E1/><V27/><N who="2" m="6144" /><DORA hai="3" /><V118/><F118/><W75/><G129/><T125/><D125/><U5/><E5/><V94/><F46/><W126/><G126/><T98/><D8/><U57/><E62/><V43/><F43/><W4/><G4/><T100/><D100/><U76/><E76/><V67/><F67/><W61/><G61/><T21/><D21/><U114/><E114/><V96/><REACH who="2" step="1"/><F107/><REACH who="2" ten="519,176,53,242" step="2"/><W71/><G121/><T22/><D115/><U91/><E134/><V63/><F63/><W30/><G120/><T128/><D66/><U33/><E33/><V93/><F93/><W69/><G15/><T83/><D64/><U90/><E133/><V85/><F85/><W31/><G72/><T89/><D83/><U28/><E132/><V10/><F10/><W56/><G82/><T36/><D36/><U11/><E11/><V77/><F77/><W122/><G122/><T113/><D113/><U87/><E87/><RYUUKYOKU ba="0,1" sc="519,-10,176,-10,53,30,242,-10" hai2="74,78,79,80,81,84,94,96,104,106" /><INIT seed="6,1,1,1,4,18" ten="509,166,83,232" oya="2" hai0="134,12,133,33,14,111,24,69,117,62,51,97,56" hai1="57,50,8,98,52,46,16,102,104,105,99,128,30" hai2="85,71,79,65,9,77,83,74,114,44,75,110,66" hai3="36,26,60,91,20,122,7,93,55,108,29,131,31"/><V125/><F110/><W23/><G36/><T3/><D3/><U37/><E128/><V58/><F114/><W38/><G38/><T82/><D111/><U107/><E30/><V130/><F71/><W45/><G122/><T63/><D117/><U84/><E84/><V135/><F130/><W120/><G120/><T28/><D82/><U127/><E127/><V17/><F125/><W6/><G131/><T4/><D97/><U132/><E132/><N who="0" m="50793" /><D69/><U42/><E99/><V10/><F135/><W35/><G35/><T124/><D124/><U47/><E47/><V40/><F58/><W0/><G0/><T68/><D68/><U70/><E70/><V41/><F17/><W13/><G108/><T121/><D121/><U90/><E90/><V34/><F34/><W54/><G54/><N who="0" m="31839" /><D4/><U22/><E8/><V92/><F92/><W67/><G67/><T116/><D116/><U11/><E11/><V94/><F94/><W112/><G112/><T109/><D109/><U89/><E89/><V5/><F5/><W43/><G6/><T80/><D80/><U19/><E19/><V72/><F79/><W2/><G2/><T126/><D126/><U101/><E101/><V100/><F100/><W39/><G7/><T123/><D123/><U86/><E86/><V25/><F25/><AGARI ba="1,1" hai="16,22,25,37,42,46,50,52,57,98,102,104,105,107" machi="25" ten="30,7700,0" yaku="7,1,52,1,54,2" doraHai="18" who="1" fromWho="2" sc="509,0,166,90,83,-80,232,0" /><INIT seed="7,0,0,5,1,131" ten="509,256,3,232" oya="3" hai0="78,94,0,58,126,30,55,47,81,14,1,70,45" hai1="110,46,112,130,107,104,42,77,71,121,35,44,68" hai2="17,80,20,67,18,128,26,53,105,100,7,63,21" hai3="115,33,15,61,9,65,96,129,28,76,39,118,66"/><W25/><G39/><T11/><D70/><U116/><E110/><V50/><F100/><W59/><G118/><T38/><D126/><U120/><E77/><V16/><F105/><W74/><G129/><T88/><D30/><U2/><E2/><V75/><F128/><W117/><G117/><T95/><D95/><U82/><E82/><V133/><F75/><W119/><G119/><T135/><D135/><U83/><E83/><V87/><F7/><W32/><G115/><T85/><D1/><U51/><E116/><V57/><F133/><W102/><G76/><T41/><D0/><U72/><E72/><V19/><N who="2" m="4096" /><DORA hai="90" /><V89/><F26/><W99/><G74/><T123/><D123/><U13/><E13/><V127/><F127/><W5/><G99/><T132/><D132/><U37/><E104/><V56/><F80/><W125/><G125/><T40/><D14/><U79/><E107/><V12/><F12/><W98/><G98/><T10/><D81/><U64/><E130/><V84/><F89/><W54/><G33/><T93/><D93/><AGARI ba="0,0" hai="5,9,15,25,28,32,54,59,61,65,66,93,96,102" machi="93" ten="30,2900,0" yaku="7,1,52,1" doraHai="131,90" who="3" fromWho="0" sc="509,-29,256,0,3,0,232,29" /><INIT seed="7,1,0,5,4,30" ten="480,256,3,261" oya="3" hai0="113,13,117,18,48,31,97,122,116,121,74,87,56" hai1="26,83,35,8,36,34,44,73,53,132,104,102,1" hai2="95,130,22,54,71,90,17,27,62,57,9,124,119" hai3="93,101,66,84,98,14,7,12,115,60,43,106,40"/><W47/><G7/><T39/><D74/><U110/><E110/><V77/><F119/><W118/><G118/><T42/><D39/><U94/><E132/><V33/><F124/><W61/><G115/><T38/><D38/><U68/><E68/><V45/><F130/><W135/><G135/><T96/><D31/><U89/><E26/><V100/><F71/><W128/><G128/><T92/><D116/><U16/><E16/><V20/><F100/><W82/><G106/><T123/><D117/><U76/><E53/><V67/><F77/><W112/><G112/><T19/><D19/><U133/><E133/><V29/><F9/><W10/><G14/><T103/><D103/><U28/><E28/><V46/><F67/><W37/><G40/><T114/><D87/><N who="1" m="52543" /><E44/><V50/><F33/><W11/><G12/><T80/><D80/><U78/><E78/><V49/><F49/><W88/><G60/><T111/><D111/><U108/><E36/><V129/><F129/><W55/><G55/><N who="0" m="31847" /><D42/><U0/><E108/><V69/><F69/><AGARI ba="1,0" hai="10,11,37,43,47,61,66,69,82,84,88,93,98,101" machi="69" ten="30,2900,0" yaku="7,1,54,1" doraHai="30" who="3" fromWho="2" sc="480,0,256,0,3,-32,261,32" owari="480,58.0,256,-14.0,-29,-53.0,293,9.0" /></mjloggm>