<mjloggm ver="2.3"><GO type="97" lobby="0"/><UN n0="%6D%69%70%70%6F" n1="%48%52%50%4E" n2="%E3%83%95%E3%83%A9%E3%83%B3%E3%83%84%E5%8D%BF" n3="%E5%B0%B1%E6%B4%BB%E7%94%9F%40%E5%B7%9D%E6%9D%91%E8%BB%8D%E5%9B%A3" dan="14,14,14,15" rate="1952.27,1912.36,1905.05,2037.40" sx="M,M,M,M"/><TAIKYOKU oya="0"/><INIT seed="0,0,0,1,0,54" ten="250,250,250,250" oya="0" hai0="6,128,105,71,70,103,45,35,33,41,18,79,17" hai1="0,72,37,132,31,113,88,85,127,97,95,76,4" hai2="12,64,2,86,44,111,96,3,46,74,40,126,38" hai3="112,19,131,81,5,56,116,129,90,101,106,91,15"/><T32/><D6/><U124/><E37/><V53/><F74/><W47/><G116/><T73/><D128/><N who="3" m="49225" /><G112/><T20/><D20/><U29/><E72/><V121/><F121/><W52/><G5/><T114/><D114/><U120/><E120/><V89/><F111/><W104/><G47/><T60/><D79/><U110/><E110/><V115/><F115/><W82/><G101/><T93/><D105/><N who="3" m="40553" /><G82/><T14/><D73/><U75/><E75/><V55/><F126/><N who="1" m="48169" /><E132/><V119/><F119/><W109/><G81/><T100/><D14/><U92/><E113/><V77/><F12/><W117/><G117/><T13/><D13/><U133/><E76/><V43/><F77/><W134/><G134/><T30/><D30/><U25/><E133/><V28/><F28/><W63/><G109/><T51/><D100/><N who="1" m="60455" /><E25/><V68/><F2/><W66/><G66/><T69/><REACH who="0" step="1"/><D60/><REACH who="0" ten="240,250,250,250" step="2"/><U42/><E4/><V9/><F3/><W10/><AGARI ba="0,1" hai="10,15,19,52,56,63,90,91" m="40553,49225" machi="10" ten="30,4000,0" yaku="19,1,52,1,54,1" doraHai="54" who="3" fromWho="3" sc="240,-20,250,-10,250,-10,250,50" /><INIT seed="1,0,0,1,2,62" ten="220,240,240,300" oya="1" hai0="23,59,41,104,92,97,122,7,95,72,43,73,117" hai1="51,61,80,83,115,75,110,101,21,63,90,17,31" hai2="19,50,18,65,87,132,28,119,5,111,69,88,35" hai3="129,81,24,125,76,93,77,11,130,15,6,14,60"/><U56/><E115/><V89/><F119/><W131/><G125/><T27/><D117/><U16/><E101/><V126/><F126/><W79/><G24/><T67/><D104/><U109/><E31/><V29/><F111/><N who="1" m="42505" /><E17/><N who="2" m="6155" /><F69/><W121/><G121/><T26/><D122/><U8/><E8/><V25/><F35/><W84/><G15/><T78/><D7/><U34/><E34/><V54/><F5/><W10/><G10/><T2/><D2/><U52/><E90/><V48/><F132/><W86/><G60/><N who="1" m="23114" /><E75/><V55/><F65/><W100/><G100/><T53/><D67/><U74/><E74/><V45/><F89/><AGARI ba="0,0" hai="6,11,14,76,77,79,81,84,86,89,93,129,130,131" machi="89" ten="40,1300,0" yaku="19,1" doraHai="62" who="3" fromWho="2" sc="220,0,240,0,240,-13,300,13" /><INIT seed="2,0,0,0,0,54" ten="220,240,227,313" oya="2" hai0="12,27,111,68,124,80,98,74,103,15,125,5,96" hai1="9,1,126,94,32,67,122,4,45,133,14,39,57" hai2="23,87,131,47,117,93,26,21,13,128,16,130,83" hai3="62,31,18,85,84,46,36,66,114,105,28,8,102"/><V69/><F117/><W88/><G105/><T22/><D68/><U34/><E126/><N who="0" m="48745" /><D111/><U42/><E133/><V108/><F69/><W10/><G102/><T38/><D38/><U107/><E107/><V3/><F3/><W63/><G114/><T113/><D113/><U90/><E122/><V72/><F108/><W41/><G84/><T59/><D5/><U109/><E109/><V104/><F104/><W77/><G77/><N who="0" m="44087" /><D59/><U48/><E1/><V134/><F134/><W78/><G78/><T65/><D65/><U132/><E132/><V56/><F72/><W40/><G40/><T135/><D135/><U33/><E39/><V19/><F47/><W29/><G18/><N who="0" m="12759" /><D96/><U75/><E75/><V82/><REACH who="2" step="1"/><F56/><REACH who="2" ten="220,240,217,313" step="2"/><W120/><G120/><T71/><D71/><U53/><E57/><V81/><F81/><W6/><G66/><T101/><D101/><U35/><E67/><V116/><F116/><W37/><G37/><T11/><D11/><U51/><N who="1" m="8704" /><DORA hai="110" /><U60/><E60/><V25/><F25/><W30/><G10/><T20/><D20/><U0/><E0/><V86/><F86/><W7/><N who="3" m="7680" /><DORA hai="123" /><W115/><G115/><T52/><D52/><U2/><E2/><V95/><F95/><AGARI ba="0,1" hai="12,15,95,98,103" m="12759,44087,48745" machi="95" ten="30,1000,0" yaku="18,1" doraHai="54,110,123" who="0" fromWho="2" sc="220,20,240,0,217,-10,313,0" /><INIT seed="3,0,0,2,3,84" ten="240,240,207,313" oya="3" hai0="100,90,47,62,60,64,15,59,31,128,95,32,74" hai1="29,25,80,34,61,132,3,85,22,14,63,65,115" hai2="122,56,125,16,99,124,102,110,111,112,101,53,86" hai3="83,127,69,39,116,88,6,106,52,107,93,91,70"/><W130/><G39/><T23/><D74/><U35/><E115/><V4/><F4/><W18/><G116/><T58/><D128/><U19/><E132/><V108/><F112/><W9/><G130/><T48/><D32/><U78/><E3/><V49/><F122/><W20/><G127/><N who="2" m="48713" /><F99/><W0/><G70/><T44/><D100/><U87/><E87/><V94/><F94/><W75/><G69/><T37/><D37/><U45/><E45/><V92/><F92/><W79/><G52/><N who="0" m="33863" /><D48/><U82/><E82/><V33/><F33/><W133/><G133/><T8/><D23/><U55/><E55/><V119/><F119/><W10/><G10/><T2/><D31/><U118/><E118/><V21/><F86/><W104/><REACH who="3" step="1"/><G93/><REACH who="3" ten="240,240,207,303" step="2"/><T96/><D2/><U42/><E42/><V117/><F117/><W73/><G73/><T135/><D135/><U51/><E51/><V123/><F123/><W11/><G11/><T12/><D12/><AGARI ba="0,1" hai="12,16,21,49,53,56,101,102,108,110,111" m="48713" machi="12" ten="40,5200,0" yaku="14,1,18,1,54,1" doraHai="84" who="2" fromWho="0" sc="240,-52,240,0,207,62,303,0" /><AGARI ba="0,0" hai="0,6,9,12,18,20,75,79,83,88,91,104,106,107" machi="12" ten="40,12000,1" yaku="1,1,52,2,54,1,53,0" doraHai="84" doraHaiUra="27" who="3" fromWho="0" sc="188,-120,240,0,269,0,303,120" owari="68,-43.0,240,-16.0,269,7.0,423,52.0" /></mjloggm>