<mjloggm ver="2.3"><GO type="97" lobby="0"/><UN n0="%59%6F%70%70%59" n1="%E5%B0%B1%E6%B4%BB%E7%94%9F%40%E5%B7%9D%E6%9D%91%E8%BB%8D%E5%9B%A3" n2="%E9%9B%80%E9%AC%BC%E8%94%B5%E6%88%B8" n3="%E8%8A%B8%E8%A1%93%E7%82%B9%E9%87%8D%E8%A6%96" dan="15,15,13,14" rate="1958.84,2086.03,1868.30,1923.70" sx="F,M,M,M"/><TAIKYOKU oya="0"/><INIT seed="0,0,0,0,4,50" ten="250,250,250,250" oya="0" hai0="18,93,112,119,2,82,42,127,52,8,5,125,131" hai1="48,135,58,69,94,79,78,1,80,17,6,39,40" hai2="0,51,96,70,120,24,20,71,90,55,28,37,67" hai3="85,7,10,124,68,129,122,110,26,59,105,4,126"/><T86/><D112/><U19/><E69/><V114/><F37/><W98/><G68/><T27/><D119/><U84/><E135/><V46/><F0/><W31/><G110/><T56/><D42/><U104/><E104/><V106/><F114/><W21/><G129/><T45/><D45/><N who="1" m="25639" /><E39/><V92/><F120/><W77/><G122/><T118/><D93/><U95/><E1/><V132/><F132/><W116/><G116/><T89/><D118/><U65/><E6/><V87/><F70/><W49/><G77/><T81/><D81/><U107/><E107/><V123/><F123/><W44/><G59/><T83/><D83/><U57/><E57/><V91/><F106/><W88/><G98/><T35/><D131/><U14/><E79/><V103/><REACH who="2" step="1"/><F87/><REACH who="2" ten="250,250,240,250" step="2"/><W34/><G105/><T76/><D76/><U102/><E84/><V13/><F13/><W121/><G121/><T74/><D74/><U12/><E14/><V33/><F33/><W72/><G34/><T61/><REACH who="0" step="1"/><D18/><REACH who="0" ten="240,250,240,250" step="2"/><U41/><E19/><V63/><AGARI ba="0,2" hai="20,24,28,46,51,55,63,67,71,90,91,92,96,103" machi="63" ten="30,7900,0" yaku="1,1,0,1,52,1,53,1" doraHai="50" doraHaiUra="64" who="2" fromWho="2" sc="240,-39,250,-20,240,99,250,-20" /><INIT seed="1,0,0,0,4,68" ten="201,230,339,230" oya="1" hai0="127,112,7,100,37,106,94,84,104,25,46,103,47" hai1="63,58,49,66,77,101,55,0,11,93,117,79,50" hai2="53,5,35,56,12,17,78,90,18,116,126,74,2" hai3="43,92,96,19,131,8,132,30,98,38,57,99,89"/><U91/><E117/><V6/><F35/><W105/><G132/><T9/><D112/><U76/><E101/><V118/><F126/><W36/><G131/><T95/><D127/><U22/><E22/><V4/><F2/><W24/><G57/><T102/><D84/><U31/><E31/><V28/><F28/><W82/><G82/><T16/><D25/><U108/><E108/><V62/><F74/><W120/><G120/><T48/><D48/><U73/><E73/><V119/><F78/><W34/><G105/><T114/><D114/><U54/><E11/><V128/><F128/><W15/><REACH who="3" step="1"/><G43/><REACH who="3" ten="201,230,339,220" step="2"/><T23/><D104/><U60/><E0/><V83/><F119/><W80/><G80/><T13/><D106/><U111/><E111/><V1/><F83/><W26/><G26/><T123/><D123/><U124/><E124/><V39/><F56/><W51/><G51/><N who="1" m="19466" /><E63/><V110/><F62/><W52/><G52/><N who="1" m="20010" /><E76/><V21/><F53/><W32/><G32/><T135/><D135/><U20/><E79/><V70/><F110/><W71/><G71/><T33/><D33/><U64/><E77/><V59/><F70/><W10/><G10/><T107/><D107/><U29/><E66/><V88/><F118/><W69/><G69/><T129/><D129/><U87/><E20/><V85/><F21/><W115/><G115/><T121/><D121/><U97/><E29/><V14/><F116/><W41/><G41/><N who="0" m="22831" /><D23/><U122/><E122/><V44/><F1/><W125/><G125/><T27/><D27/><U86/><AGARI ba="0,1" hai="58,60,64,86,87,91,93,97" m="20010,19466" machi="86" ten="30,3000,0" yaku="8,1,54,1" doraHai="68" who="1" fromWho="1" sc="201,-10,230,40,339,-10,220,-10" /><INIT seed="1,1,0,4,3,90" ten="191,270,329,210" oya="1" hai0="131,110,80,71,62,35,68,70,21,134,31,32,130" hai1="127,38,26,56,45,74,27,46,54,37,124,12,0" hai2="52,86,51,5,65,129,103,115,58,57,107,133,102" hai3="50,17,116,23,30,73,126,25,87,123,24,7,96"/><U42/><E0/><V33/><F129/><N who="0" m="49162" /><D80/><U77/><E74/><V4/><F133/><W91/><G73/><T34/><D21/><U29/><E77/><V69/><F69/><W84/><G123/><T19/><D19/><U113/><E113/><V112/><F33/><W98/><G126/><N who="1" m="48170" /><E12/><V2/><F2/><W13/><G116/><T15/><D15/><U41/><E29/><V128/><F128/><W78/><G7/><T72/><D72/><U114/><E114/><N who="2" m="43563" /><F86/><W43/><G78/><T105/><D31/><U122/><E122/><V16/><F16/><W106/><G106/><T108/><D62/><AGARI ba="1,0" hai="26,27,37,38,41,42,45,46,54,56,62" m="48170" machi="62" ten="30,1500,0" yaku="18,1" doraHai="90" who="1" fromWho="0" sc="191,-18,270,18,329,0,210,0" /><INIT seed="1,2,0,1,4,24" ten="173,288,329,210" oya="1" hai0="110,59,116,127,83,135,35,132,31,11,124,87,20" hai1="44,53,117,3,93,37,111,120,77,9,123,27,38" hai2="50,126,63,122,19,85,106,114,57,18,12,22,29" hai3="79,84,6,129,97,14,0,119,2,67,8,48,130"/><U80/><E117/><V113/><F106/><W96/><G119/><T118/><D59/><U75/><E111/><V40/><F126/><N who="0" m="48170" /><D83/><U33/><E93/><V36/><F36/><W28/><G67/><T128/><D87/><U109/><E109/><V7/><F7/><W55/><G28/><T25/><D110/><U13/><E38/><V26/><F122/><W90/><G79/><T91/><D91/><U32/><E53/><V56/><F19/><W92/><G97/><T65/><D65/><U4/><E13/><V43/><F85/><W73/><G73/><T82/><D82/><U51/><E51/><V10/><F50/><W21/><G96/><T58/><D58/><N who="2" m="22634" /><F63/><W81/><G81/><T76/><D76/><U41/><REACH who="1" step="1"/><E27/><REACH who="1" ten="173,278,329,210" step="2"/><V103/><F114/><W134/><G0/><T108/><D108/><U46/><E46/><V72/><F113/><W121/><G2/><T125/><D125/><U60/><E60/><V71/><F12/><W133/><G133/><N who="0" m="51275" /><D128/><U15/><E15/><V104/><F26/><W5/><G129/><T52/><D52/><U54/><E54/><V74/><F43/><W61/><G130/><T16/><D11/><U98/><E98/><V62/><F10/><W47/><G61/><T69/><D69/><U1/><E1/><V99/><F40/><W105/><G134/><T100/><D100/><U39/><E39/><V131/><F103/><W107/><G107/><T101/><D101/><U70/><E70/><V66/><F131/><W30/><G105/><T86/><D118/><U88/><E88/><V115/><F104/><W64/><G90/><RYUUKYOKU ba="2,1" sc="173,-10,278,30,329,-10,210,-10" hai1="3,4,9,32,33,37,41,44,75,77,80,120,123" /><INIT seed="1,3,1,4,4,74" ten="163,308,319,200" oya="1" hai0="119,79,66,117,67,25,121,34,6,49,109,11,2" hai1="130,17,4,45,50,42,122,44,18,30,129,97,55" hai2="40,91,76,19,98,89,104,103,80,63,22,0,62" hai3="94,71,20,39,81,59,106,77,72,21,51,110,57"/><U134/><E122/><V26/><F0/><W53/><G39/><T107/><D107/><U114/><E114/><V15/><F40/><W113/><G106/><T83/><D121/><U47/><E134/><V9/><F63/><W135/><G71/><T38/><D109/><U92/><E30/><V29/><F62/><W54/><G110/><T118/><D49/><U90/><E4/><V43/><F43/><W13/><G113/><T85/><D34/><U100/><E100/><V127/><F127/><W27/><G135/><T61/><D25/><U131/><REACH who="1" step="1"/><E42/><REACH who="1" ten="163,298,319,200" step="2"/><V68/><F68/><W56/><G53/><T93/><D118/><U132/><E132/><V124/><F124/><W10/><G54/><T33/><D119/><U60/><E60/><V105/><F105/><W7/><G7/><T99/><D117/><U32/><E32/><V48/><F48/><W128/><G51/><T75/><D61/><U16/><AGARI ba="3,2" hai="16,17,18,44,45,47,50,55,90,92,97,129,130,131" machi="16" ten="40,12000,1" yaku="1,1,0,1,19,1,54,1,53,0" doraHai="74" doraHaiUra="69" who="1" fromWho="1" sc="163,-43,298,149,319,-43,200,-43" /><INIT seed="1,4,0,2,5,29" ten="120,447,276,157" oya="1" hai0="7,123,0,39,67,118,31,33,116,32,88,22,100" hai1="61,10,13,3,71,59,28,25,95,46,2,16,129" hai2="132,121,12,105,35,128,64,43,96,134,93,48,37" hai3="102,91,79,14,94,98,27,1,53,40,107,108,113"/><U45/><E71/><V50/><F105/><W49/><G1/><T47/><D67/><U101/><E129/><V23/><F35/><W126/><G113/><T120/><D100/><U106/><E106/><V80/><F80/><W65/><G108/><T36/><D7/><U19/><E3/><V66/><F37/><W21/><G126/><T130/><D0/><U104/><E104/><V60/><F66/><W122/><G122/><N who="0" m="46635" /><D130/><U62/><E2/><V86/><F43/><W72/><G65/><T87/><D22/><N who="1" m="15415" /><E19/><V124/><F23/><W24/><G40/><N who="0" m="22919" /><D31/><U9/><E9/><V44/><F124/><W85/><G14/><T83/><D39/><U99/><E61/><V55/><F12/><W56/><REACH who="3" step="1"/><G21/><REACH who="3" ten="120,447,276,147" step="2"/><T70/><D70/><U73/><E73/><V58/><F128/><W114/><G114/><T131/><D131/><U84/><E13/><V68/><F64/><W11/><G11/><T26/><D26/><U17/><E10/><V41/><F121/><W110/><G110/><T133/><D133/><U82/><E17/><V57/><F134/><W90/><G90/><T69/><D69/><U15/><E16/><V103/><F68/><W92/><G92/><T74/><D74/><U75/><E15/><V54/><F132/><W8/><G8/><T127/><D127/><U20/><E75/><V18/><F93/><W63/><G63/><T42/><D42/><U111/><E20/><V117/><F41/><W135/><G135/><T38/><D38/><U125/><E111/><V119/><F60/><W51/><G51/><T30/><D30/><U6/><E125/><RYUUKYOKU ba="4,1" sc="120,15,447,-15,276,-15,147,15" hai0="32,33,83,87,88,116,118" hai3="24,27,49,53,56,72,79,85,91,94,98,102,107" /><INIT seed="2,5,1,2,3,110" ten="135,432,261,162" oya="2" hai0="93,21,0,16,74,42,37,96,92,28,111,57,116" hai1="11,66,60,52,63,126,39,13,77,97,122,114,82" hai2="18,9,73,124,53,27,80,118,25,5,79,19,120" hai3="128,46,24,51,84,133,65,130,105,109,127,56,35"/><V47/><F19/><W131/><G109/><T100/><D111/><U113/><E39/><V36/><F124/><W26/><G105/><T125/><D0/><U72/><E122/><V50/><F18/><W83/><G127/><T2/><D2/><U69/><E126/><V61/><F118/><W89/><G133/><T119/><D125/><U29/><E29/><V68/><F36/><W99/><G35/><T78/><D28/><U10/><E97/><V43/><F68/><W134/><G134/><T45/><D78/><U103/><E103/><V44/><F61/><N who="3" m="38055" /><G99/><T123/><D74/><U8/><E13/><V33/><F33/><W86/><G86/><T17/><D123/><U15/><E15/><V54/><F54/><AGARI ba="5,1" hai="24,26,46,51,54,83,84,89,128,130,131" m="38055" machi="54" ten="30,1000,0" yaku="19,1" doraHai="110" who="3" fromWho="2" sc="135,0,432,0,261,-25,162,35" /><INIT seed="3,0,0,1,2,100" ten="135,432,236,197" oya="3" hai0="54,30,88,79,104,105,76,108,27,47,4,109,113" hai1="1,93,98,111,72,85,49,128,120,6,65,18,119" hai2="82,132,66,0,131,92,52,130,71,107,16,22,21" hai3="102,33,80,84,89,50,118,117,25,91,17,13,122"/><W26/><G122/><T32/><D113/><U73/><E120/><V101/><F0/><W44/><G102/><T24/><D4/><U62/><E119/><V42/><F42/><W45/><G91/><T75/><D75/><U74/><E128/><V68/><F66/><W23/><G44/><T126/><D27/><U36/><E111/><N who="0" m="42569" /><D126/><U39/><E85/><V77/><F92/><W115/><G115/><T56/><D47/><U59/><E49/><V31/><F52/><W10/><G33/><T7/><D7/><U127/><E127/><V28/><F28/><W83/><G83/><T78/><D56/><U43/><E43/><V58/><F82/><W40/><REACH who="3" step="1"/><G26/><REACH who="3" ten="135,432,236,187" step="2"/><T87/><D54/><U57/><E36/><V37/><F130/><W60/><G60/><T61/><D61/><U38/><E39/><V86/><F101/><W135/><G135/><T97/><D97/><U63/><E38/><V96/><F37/><W125/><G125/><T19/><D19/><AGARI ba="0,1" hai="10,13,17,19,23,25,40,45,50,80,84,89,117,118" machi="19" ten="30,2900,0" yaku="1,1,7,1,53,0" doraHai="100" doraHaiUra="51" who="3" fromWho="0" sc="135,-29,432,0,236,0,187,39" /><INIT seed="3,1,0,1,5,127" ten="106,432,236,226" oya="3" hai0="31,79,10,90,12,68,72,26,78,122,80,128,64" hai1="129,34,75,114,95,107,101,19,8,35,17,61,4" hai2="85,83,130,44,49,62,18,74,22,125,121,56,9" hai3="135,98,134,7,126,60,13,42,55,120,116,92,33"/><W118/><G120/><T57/><D68/><U50/><E129/><V88/><F130/><W5/><G33/><T84/><D122/><U87/><E107/><V28/><F125/><W94/><G126/><T71/><D71/><U2/><E75/><V48/><F74/><W100/><G42/><T102/><D128/><U54/><E114/><V46/><F28/><W111/><G111/><T131/><D131/><U132/><E132/><N who="3" m="50730" /><G92/><T53/><D72/><U47/><E35/><V81/><F81/><W1/><G1/><T97/><D12/><U30/><E34/><V117/><F9/><N who="3" m="4271" /><G7/><T86/><D86/><U105/><E105/><V67/><F121/><W99/><G99/><T14/><D53/><U109/><E30/><V0/><F0/><W63/><G55/><T96/><D96/><U113/><E113/><V24/><F117/><AGARI ba="1,0" hai="60,63,94,98,100,116,117,118" m="4271,50730" machi="117" ten="30,1500,0" yaku="20,1" doraHai="127" who="3" fromWho="2" sc="106,0,432,0,236,-18,226,18" /><INIT seed="3,2,0,3,3,89" ten="106,432,218,244" oya="3" hai0="94,131,116,83,106,10,34,43,98,119,35,58,102" hai1="29,129,44,105,40,135,69,107,38,124,5,81,76" hai2="92,7,75,96,41,47,51,55,65,8,3,33,70" hai3="120,49,66,6,114,45,80,77,14,2,99,20,27"/><W85/><G114/><T1/><D131/><U67/><E129/><V23/><F75/><W128/><G128/><T64/><D43/><U24/><E124/><V62/><F33/><W113/><G113/><T56/><D56/><U109/><E109/><V61/><F61/><W121/><G2/><T22/><D83/><U53/><E135/><V4/><F4/><W118/><G118/><T133/><D106/><U68/><E5/><V104/><F104/><N who="1" m="40009" /><E53/><V63/><F63/><W93/><G66/><T115/><D115/><U17/><E17/><V37/><F23/><W19/><G6/><T84/><D84/><U39/><E39/><V103/><F55/><N who="3" m="30127" /><G121/><T73/><D73/><N who="1" m="43151" /><E67/><V123/><REACH who="2" step="1"/><F37/><REACH who="2" ten="106,432,208,244" step="2"/><W125/><G120/><AGARI ba="2,1" hai="3,7,8,41,47,51,62,65,70,92,96,103,120,123" machi="120" ten="40,5200,0" yaku="1,1,2,1,52,1,53,0" doraHai="89" doraHaiUra="12" who="2" fromWho="3" sc="106,0,432,0,208,68,244,-58" owari="106,-39.0,432,52.0,276,8.0,186,-21.0" /></mjloggm>