<mjloggm ver="2.3"><GO type="41" lobby="0"/><UN n0="%E5%B0%B1%E6%B4%BB%E7%94%9F%40%E5%B7%9D%E6%9D%91%E8%BB%8D%E5%9B%A3" n1="%63%6B%62" n2="%E5%A7%AB%E6%88%B8%E4%BA%BA" n3="%E4%B8%83%E7%8E%8B%E5%AD%90" dan="15,13,14,14" rate="1983.36,1867.67,1888.87,1816.39" sx="M,M,M,M"/><TAIKYOKU oya="0"/><INIT seed="0,0,0,5,3,89" ten="250,250,250,250" oya="0" hai0="86,103,16,121,52,47,81,73,100,96,60,104,37" hai1="7,108,65,76,126,17,6,125,66,40,117,130,31" hai2="106,8,18,93,111,67,132,119,95,63,22,56,131" hai3="123,77,1,134,74,32,57,88,79,43,44,45,35"/><T71/><D121/><U26/><E117/><V116/><F111/><W39/><G1/><T19/><D73/><U113/><E108/><V5/><F106/><W78/><G123/><T102/><D104/><U30/><E76/><V33/><F33/><W85/><G74/><T27/><D71/><U53/><E113/><V41/><F41/><W62/><G44/><T114/><D114/><U2/><E40/><V128/><F132/><W38/><G38/><T98/><D37/><U69/><E69/><V83/><F83/><W14/><G14/><T109/><D109/><U64/><E2/><V105/><F105/><W50/><G39/><T87/><D87/><U120/><E120/><V72/><F72/><W36/><G36/><T112/><D112/><U0/><E0/><V94/><F5/><N who="1" m="1545" /><E53/><V20/><F8/><W124/><G124/><N who="1" m="47722" /><E130/><N who="2" m="49707" /><F22/><AGARI ba="0,0" hai="17,22,26,30,31,64,65,66" m="47722,1545" machi="22" ten="40,1300,0" yaku="18,1" doraHai="89" who="1" fromWho="2" sc="250,0,250,13,250,-13,250,0" /><INIT seed="1,0,0,0,1,128" ten="250,263,237,250" oya="1" hai0="28,36,20,34,95,98,30,71,37,68,103,83,115" hai1="52,38,132,42,0,41,46,64,70,123,69,82,60" hai2="49,22,31,116,88,79,101,54,107,17,81,35,11" hai3="14,80,6,67,99,118,135,112,109,133,100,8,72"/><U126/><E0/><V45/><F116/><W47/><G118/><T2/><D115/><U18/><E82/><V104/><F101/><W110/><G67/><T15/><D34/><U131/><E18/><V33/><F11/><W44/><G112/><T53/><D2/><U63/><E131/><V58/><F31/><W105/><G72/><T13/><D71/><N who="1" m="42375" /><E123/><V10/><F10/><W32/><G32/><T76/><D68/><N who="1" m="26219" /><E126/><V23/><F35/><W74/><G74/><T96/><D96/><U66/><E66/><V121/><F121/><W9/><G80/><T19/><D36/><U89/><E89/><V48/><F33/><W97/><G9/><T16/><D37/><U85/><E85/><V87/><F79/><W108/><G108/><T27/><D27/><U120/><E120/><V57/><F23/><W40/><G97/><T122/><D122/><U61/><E132/><N who="3" m="50762" /><G47/><T24/><D24/><U55/><E42/><V59/><REACH who="2" step="1"/><F49/><AGARI ba="0,0" hai="6,8,14,40,44,49,99,100,105,109,110" m="50762" machi="49" ten="30,7700,0" yaku="20,1,52,3" doraHai="128" who="3" fromWho="2" sc="250,0,263,0,237,-77,250,77" /><INIT seed="2,0,0,3,0,53" ten="250,263,160,327" oya="2" hai0="39,119,10,33,124,86,129,98,62,15,88,37,44" hai1="46,0,72,115,52,30,60,87,97,47,22,12,110" hai2="51,127,73,79,8,123,134,32,107,31,20,69,80" hai3="84,2,63,113,43,29,111,102,81,58,118,125,96"/><V7/><F123/><W94/><G2/><T4/><D33/><U21/><E0/><V35/><F69/><W48/><G118/><T50/><D119/><U9/><E72/><V64/><F64/><W130/><G29/><T126/><D98/><U3/><E3/><V55/><F107/><W83/><G125/><N who="0" m="48235" /><D62/><U128/><E115/><V82/><F127/><W112/><G111/><T92/><D129/><U34/><E110/><V56/><F134/><W71/><G130/><T18/><D4/><U95/><E128/><V25/><REACH who="2" step="1"/><F82/><REACH who="2" ten="250,263,150,327" step="2"/><W78/><G71/><T42/><AGARI ba="0,1" hai="10,15,18,37,39,42,44,50,86,88,92" m="48235" machi="42" ten="30,2000,0" yaku="18,1,54,1" doraHai="53" who="0" fromWho="0" sc="250,30,263,-5,150,-10,327,-5" /><INIT seed="3,0,0,0,1,18" ten="280,258,140,322" oya="3" hai0="31,27,25,57,129,109,6,127,64,126,24,38,48" hai1="113,125,54,46,134,30,21,58,124,130,86,14,4" hai2="67,79,82,87,19,13,76,89,43,41,5,111,118" hai3="99,120,71,135,62,28,84,12,49,108,11,37,122"/><W22/><G37/><T101/><D38/><U3/><E3/><V32/><F118/><W90/><G99/><T88/><D101/><U112/><E46/><V74/><F111/><W98/><G98/><T59/><D6/><U33/><E86/><V36/><F32/><W68/><G49/><T95/><D109/><U55/><E58/><V10/><F67/><W17/><G108/><T51/><D129/><U56/><E56/><N who="0" m="21577" /><D64/><U63/><E63/><V123/><F123/><W1/><G135/><T44/><D31/><U128/><E55/><V42/><F79/><W45/><G45/><T104/><D104/><U60/><E33/><V93/><F36/><W75/><G75/><T39/><D39/><U8/><E54/><V23/><F74/><W16/><G122/><T65/><D65/><U105/><E60/><V110/><F110/><W85/><G120/><T52/><D51/><U97/><E97/><V29/><F29/><W91/><G1/><T131/><D131/><N who="1" m="50219" /><E105/><V26/><F76/><W114/><G114/><N who="1" m="44138" /><E134/><V80/><AGARI ba="0,0" hai="5,10,13,19,23,26,41,42,43,80,82,87,89,93" machi="80" ten="30,4000,0" yaku="0,1,8,1,52,1" doraHai="18" who="2" fromWho="2" sc="280,-10,258,-10,140,40,322,-20" /><INIT seed="4,0,0,5,3,45" ten="270,248,180,302" oya="0" hai0="121,116,8,41,100,76,73,4,10,49,38,70,59" hai1="32,42,48,50,15,62,14,29,68,22,34,95,103" hai2="115,101,6,77,61,133,13,119,46,25,51,108,114" hai3="57,28,24,53,47,74,122,75,64,92,134,80,113"/><T83/><D116/><U81/><E34/><V125/><F108/><W11/><G113/><T20/><D121/><U5/><E32/><V71/><F125/><W31/><G122/><T72/><D70/><U9/><E68/><V0/><F0/><W40/><G134/><T109/><D109/><U91/><E62/><V17/><F133/><W84/><G11/><T12/><D100/><U88/><E42/><V111/><F111/><W67/><G92/><T52/><D20/><U56/><E56/><V23/><F119/><W112/><G112/><N who="2" m="43049" /><F77/><W110/><G110/><T16/><D41/><U132/><E132/><V123/><F123/><W19/><G74/><T87/><REACH who="0" step="1"/><D38/><REACH who="0" ten="260,248,180,302" step="2"/><U7/><E103/><V86/><F101/><W1/><G40/><T3/><AGARI ba="0,1" hai="3,4,8,10,12,16,49,52,59,72,73,76,83,87" machi="3" ten="20,24000,3" yaku="1,1,2,1,0,1,7,1,52,1,54,2,53,2" doraHai="45" doraHaiUra="105" who="0" fromWho="0" sc="260,250,248,-80,180,-80,302,-80" /><INIT seed="4,1,0,3,3,122" ten="510,168,100,222" oya="0" hai0="61,23,30,134,135,118,39,14,45,80,77,54,114" hai1="21,60,0,32,69,18,102,41,49,29,90,24,40" hai2="117,128,109,126,68,59,104,99,65,92,64,74,85" hai3="50,119,96,38,98,82,95,42,113,75,56,57,125"/><T108/><D118/><U20/><E0/><V72/><F104/><W51/><G38/><T103/><D103/><U28/><E102/><V130/><F117/><W8/><G119/><T31/><D114/><U55/><E69/><V35/><F35/><W133/><G8/><T107/><D107/><U88/><E60/><V76/><F126/><W19/><G125/><T34/><D34/><U123/><E32/><V11/><F68/><W115/><G42/><N who="1" m="16490" /><E123/><V91/><F11/><W62/><G75/><N who="2" m="28713" /><F59/><W25/><G82/><T9/><D39/><U36/><E36/><V124/><F64/><W5/><G5/><T27/><D31/><N who="1" m="11851" /><E20/><V116/><F124/><W83/><G83/><T79/><D108/><U53/><E53/><V66/><F66/><W67/><G67/><T63/><D134/><U70/><E70/><V1/><F1/><W105/><G133/><T3/><D3/><U47/><AGARI ba="1,0" hai="18,21,24,47,49,55,88,90" m="11851,16490" machi="47" ten="30,2000,0" yaku="8,1,54,1" doraHai="122" who="1" fromWho="1" sc="510,-11,168,23,100,-6,222,-6" /><INIT seed="5,0,0,4,0,54" ten="499,191,94,216" oya="1" hai0="69,82,130,101,9,123,67,85,117,79,70,61,86" hai1="95,113,68,94,73,8,12,59,124,89,4,17,28" hai2="11,26,46,31,41,127,42,18,48,87,84,88,91" hai3="108,77,103,40,114,30,112,33,29,66,51,65,3"/><U99/><E68/><V36/><F127/><W92/><G3/><T14/><D117/><U32/><E73/><V38/><F42/><W1/><G1/><T105/><D130/><U21/><E124/><V126/><F126/><W43/><G108/><T132/><D132/><U118/><E118/><V60/><F60/><W102/><G77/><T44/><D123/><U45/><E45/><V75/><F75/><W24/><G92/><T10/><D10/><U129/><E129/><V100/><F100/><N who="3" m="38443" /><G24/><T39/><D86/><U90/><E113/><N who="3" m="43626" /><G51/><T110/><D101/><U58/><E32/><V49/><F38/><W52/><G52/><T34/><D105/><U116/><E28/><N who="3" m="10858" /><G33/><T55/><D34/><U121/><E121/><V53/><F11/><W6/><G6/><T80/><D55/><U72/><E72/><V97/><F18/><W22/><G22/><T13/><D9/><U122/><E122/><V78/><F78/><W76/><G76/><T109/><D79/><U119/><E119/><V62/><F97/><W20/><G20/><T50/><D50/><U135/><E135/><V2/><F2/><W57/><G57/><T115/><D115/><U7/><E116/><V74/><F74/><W134/><G134/><T15/><D70/><U131/><E131/><V133/><F133/><W64/><AGARI ba="0,0" hai="40,43,64,65,66" m="10858,43626,38443" machi="64" ten="40,8000,1" yaku="28,2,26,2,15,1" doraHai="54" who="3" fromWho="3" sc="499,-20,191,-40,94,-20,216,80" /><INIT seed="6,0,0,1,1,18" ten="479,151,74,296" oya="2" hai0="57,86,123,78,55,83,58,117,17,13,53,0,46" hai1="9,32,111,135,34,43,37,11,94,27,7,30,90" hai2="8,61,36,22,132,52,48,98,108,107,3,131,93" hai3="102,95,121,116,99,54,50,97,105,124,80,125,28"/><V41/><F36/><W10/><G121/><T39/><D0/><U5/><E111/><V63/><F131/><W47/><G116/><T106/><D106/><U25/><E90/><V73/><F73/><W120/><G120/><T51/><D123/><U20/><E94/><V72/><F72/><W87/><G28/><T113/><D113/><U101/><E43/><V62/><F132/><W2/><G2/><T82/><D117/><U1/><E101/><V31/><F107/><W59/><G10/><T84/><D39/><U60/><E60/><V23/><F108/><W110/><G110/><T89/><D55/><U68/><E68/><V79/><F79/><W88/><REACH who="3" step="1"/><G47/><REACH who="3" ten="479,151,74,286" step="2"/><T85/><D85/><U109/><E109/><V115/><F115/><W6/><G6/><T96/><D96/><U29/><E135/><V64/><F3/><W49/><G49/><T12/><D12/><N who="1" m="5167" /><E37/><V103/><F8/><AGARI ba="0,1" hai="8,13,17,46,51,53,57,58,78,82,83,84,86,89" machi="8" ten="30,7700,0" yaku="7,1,25,2,8,1" doraHai="18" who="0" fromWho="2" sc="479,87,151,0,74,-77,286,0" owari="566,66.0,151,-25.0,-3,-50.0,286,9.0" /></mjloggm>