<mjloggm ver="2.3"><GO type="97" lobby="0"/><UN n0="%E3%81%A9%E3%81%90%E3%81%95%E3%82%8C%E3%81%86%E3%81%AA%E3%81%8E" n1="%E3%83%99%E3%83%9B%E3%82%A4%E3%83%9F" n2="%6C%65%74%69%74%62%65" n3="%E5%B0%B1%E6%B4%BB%E7%94%9F%40%E5%B7%9D%E6%9D%91%E8%BB%8D%E5%9B%A3" dan="15,14,15,14" rate="1943.53,1908.34,1986.72,1914.58" sx="M,M,F,M"/><TAIKYOKU oya="0"/><INIT seed="0,0,0,3,2,9" ten="250,250,250,250" oya="0" hai0="120,98,89,48,79,8,90,117,87,122,5,134,73" hai1="119,27,97,69,131,26,95,24,45,111,93,41,17" hai2="23,104,86,42,71,0,11,15,70,135,6,123,84" hai3="37,124,62,92,66,100,103,14,63,18,2,77,105"/><T33/><D33/><U34/><E111/><V39/><F123/><W85/><G2/><T107/><D117/><U36/><E119/><V126/><F104/><W113/><G105/><T106/><D48/><U20/><E69/><V129/><F129/><W128/><G37/><T3/><D134/><U38/><E131/><V109/><F109/><W57/><G113/><T7/><D7/><U67/><E67/><V82/><F135/><W94/><G128/><T64/><D64/><U4/><E4/><V53/><F126/><W108/><G108/><T74/><D74/><U88/><E34/><V83/><F53/><W115/><G124/><T16/><D90/><U81/><E81/><V40/><F39/><W50/><G50/><T101/><D107/><U68/><E68/><V21/><F0/><W121/><G121/><T25/><D25/><U51/><REACH who="1" step="1"/><E95/><REACH who="1" ten="250,240,250,250" step="2"/><V12/><F6/><W65/><G94/><N who="0" m="54591" /><D120/><U61/><E61/><V58/><F58/><N who="3" m="37079" /><G115/><T118/><D122/><U19/><E19/><V10/><AGARI ba="0,1" hai="10,11,12,15,21,23,40,42,70,71,82,83,84,86" machi="10" ten="25,8000,1" yaku="0,1,22,2,52,2" doraHai="9" who="2" fromWho="2" sc="250,-40,240,-20,250,90,250,-20" /><INIT seed="1,0,0,1,5,6" ten="210,220,340,230" oya="1" hai0="14,39,3,2,52,109,112,122,15,115,21,54,89" hai1="44,60,13,30,127,20,50,18,75,23,63,53,130" hai2="65,92,34,100,55,123,24,19,29,78,33,61,83" hai3="16,113,25,56,91,111,108,120,59,134,4,88,85"/><U95/><E127/><V121/><F55/><N who="0" m="21034" /><D39/><U43/><E130/><V35/><F19/><W84/><G113/><N who="0" m="43595" /><D21/><U125/><E125/><V105/><F92/><N who="3" m="54279" /><G4/><T135/><D89/><U27/><E75/><N who="2" m="43487" /><F123/><W96/><G134/><T5/><D5/><U48/><REACH who="1" step="1"/><E95/><REACH who="1" ten="210,210,340,230" step="2"/><V74/><F121/><W82/><G120/><T93/><D93/><U124/><E124/><V7/><F74/><W79/><G111/><T73/><D73/><U45/><AGARI ba="0,1" hai="13,18,20,23,27,30,43,44,45,48,50,53,60,63" machi="45" ten="20,7800,0" yaku="1,1,0,1,7,1,8,1,53,0" doraHai="6" doraHaiUra="116" who="1" fromWho="1" sc="210,-26,210,88,340,-26,230,-26" /><INIT seed="1,1,0,0,5,131" ten="184,298,314,204" oya="1" hai0="72,62,88,114,34,102,26,96,64,115,28,107,24" hai1="66,13,112,126,55,75,97,18,29,65,99,111,3" hai2="25,49,63,134,8,50,54,76,106,22,92,80,70" hai3="42,117,93,48,39,100,120,110,85,121,2,45,38"/><U71/><E112/><V40/><F106/><W128/><G2/><T10/><D72/><U0/><E75/><V105/><F105/><W82/><G117/><T77/><D77/><U59/><E3/><V27/><F134/><W79/><G110/><T12/><D24/><U81/><E0/><V33/><F8/><W135/><G128/><T58/><REACH who="0" step="1"/><D88/><REACH who="0" ten="174,298,314,204" step="2"/><U69/><E111/><V20/><F76/><W31/><G135/><T118/><D118/><U90/><E90/><V60/><F27/><W104/><G121/><T125/><D125/><U19/><E126/><V83/><F25/><W95/><G120/><T133/><D133/><U41/><E81/><V35/><F80/><W7/><G31/><T89/><D89/><U108/><E29/><V44/><F83/><W123/><G123/><T87/><D87/><U73/><E73/><V52/><F35/><W43/><G85/><T14/><D14/><U122/><E108/><V119/><F33/><W32/><G32/><T74/><D74/><U46/><E122/><V47/><F119/><W23/><G79/><T51/><D51/><N who="1" m="27087" /><E99/><V129/><F129/><W91/><G82/><T113/><D113/><U4/><E97/><V109/><F109/><W1/><G91/><T30/><D30/><U21/><E13/><V124/><F124/><W127/><G127/><T56/><D56/><U16/><E4/><AGARI ba="1,1" hai="4,10,12,26,28,34,58,62,64,96,102,107,114,115" machi="4" ten="30,2000,0" yaku="1,1,7,1,53,0" doraHai="131" doraHaiUra="67" who="0" fromWho="1" sc="174,33,298,-23,314,0,204,0" /><INIT seed="2,0,0,1,5,103" ten="207,275,314,204" oya="2" hai0="65,110,101,128,32,18,40,53,59,93,26,111,117" hai1="49,48,94,21,23,57,97,124,28,39,7,66,69" hai2="102,45,127,19,108,100,1,0,116,27,33,54,22" hai3="105,56,11,86,38,30,20,10,134,9,41,88,80"/><V67/><F116/><W8/><G134/><T107/><D128/><U85/><E39/><V132/><F132/><W13/><N who="3" m="2560" /><DORA hai="120" /><W122/><G122/><T16/><D117/><U29/><E7/><V126/><F67/><W125/><G125/><N who="2" m="47625" /><F33/><W60/><G105/><T44/><D65/><U75/><E75/><V115/><F115/><W58/><G60/><T130/><D130/><U25/><E69/><V70/><F70/><W92/><G41/><T83/><D83/><U5/><E5/><V98/><F108/><N who="0" m="41514" /><D107/><U51/><E85/><V55/><F100/><W79/><G38/><N who="0" m="21527" /><D26/><N who="1" m="16463" /><E124/><V34/><F0/><W42/><G42/><T96/><D32/><U31/><E66/><V135/><F34/><W12/><G12/><T121/><D121/><U15/><E25/><V37/><F1/><W43/><G43/><T109/><N who="0" m="41522" /><T17/><DORA hai="118" /><D17/><U89/><E31/><V113/><F37/><W63/><G63/><AGARI ba="0,0" hai="16,18,53,59,63,93,96,101" m="21527,41522" machi="63" ten="40,12000,2" yaku="14,1,52,4,54,1" doraHai="103,120,118" who="0" fromWho="3" sc="207,120,275,0,314,0,204,-120" /><INIT seed="3,0,0,5,1,95" ten="327,275,314,84" oya="3" hai0="135,103,77,33,13,5,9,86,25,97,124,79,14" hai1="50,134,52,67,2,116,122,84,29,32,44,114,17" hai2="3,7,96,64,108,36,4,47,131,22,16,15,130" hai3="111,31,60,63,12,71,123,1,35,72,53,70,121"/><W98/><G1/><T40/><D124/><U73/><E73/><V104/><F64/><W62/><G72/><T28/><D135/><U55/><E114/><V34/><F34/><W76/><G76/><T81/><D40/><U20/><E2/><V59/><F59/><W128/><G128/><N who="2" m="49193" /><F108/><W10/><G111/><T82/><D14/><U43/><E122/><V41/><F3/><W66/><G31/><T132/><D132/><U133/><E116/><V126/><F126/><W100/><G35/><T11/><D11/><U91/><E67/><V58/><F58/><W24/><G24/><T119/><D119/><U21/><E32/><V74/><F74/><W125/><G125/><T115/><D115/><U37/><E37/><V106/><F96/><W39/><G39/><T45/><D45/><U26/><E134/><V105/><AGARI ba="0,0" hai="4,7,15,16,22,36,41,47,104,105,106" m="49193" machi="105" ten="40,2700,0" yaku="19,1,54,1" doraHai="95" who="2" fromWho="2" sc="327,-7,275,-7,314,27,84,-13" owari="320,12.0,268,-13.0,341,44.0,71,-43.0" /></mjloggm>