<mjloggm ver="2.3"><GO type="193" lobby="0"/><UN n0="%E6%B0%B4%E8%8D%89" n1="%E3%83%88%E3%83%88%E3%83%AA%E5%85%88%E7%94%9F%31%39%E6%AD%B3" n2="%6A%65%72%6B%79" n3="%E8%B5%A4%E9%96%93%E9%81%8A%E5%85%8E" dan="11,12,10,12" rate="1578.35,1864.89,1498.20,1678.31" sx="M,F,M,M"/><TAIKYOKU oya="0"/><INIT seed="0,0,0,1,3,110" ten="250,250,250,250" oya="0" hai0="90,130,68,103,108,76,50,131,129,38,102,55,105" hai1="122,113,14,121,37,116,100,61,10,15,79,107,73" hai2="57,75,1,35,97,5,104,26,95,123,89,4,34" hai3="98,66,23,127,12,64,106,22,32,0,87,112,74"/><T59/><D68/><U28/><E116/><V96/><F123/><W43/><G32/><T60/><D38/><U33/><E37/><V117/><F75/><W49/><G74/><T63/><D108/><U125/><E125/><V9/><F117/><W25/><G0/><T92/><D76/><U65/><E15/><V45/><F45/><W69/><G127/><T72/><D72/><U133/><E133/><V77/><F77/><W6/><G23/><T124/><D124/><U24/><E113/><V51/><F51/><W86/><G86/><N who="0" m="52311" /><D105/><U67/><E67/><V91/><F57/><W88/><G112/><T20/><D20/><U109/><E109/><V99/><F26/><W19/><G69/><T83/><D83/><U48/><E48/><V78/><F78/><W84/><G98/><T8/><D8/><U18/><E79/><V93/><F104/><W126/><G84/><T42/><D42/><U17/><E73/><V111/><F111/><W3/><G106/><T21/><D21/><U46/><E121/><V114/><F99/><W2/><G126/><T11/><D11/><U58/><E122/><V40/><F40/><W29/><G2/><T82/><D82/><U27/><E107/><V30/><F30/><W36/><G3/><T31/><D31/><U132/><E28/><V53/><F53/><W44/><G29/><T16/><D16/><U56/><E18/><V7/><F114/><W47/><G44/><T13/><D13/><U52/><E14/><V134/><F134/><W115/><G36/><T85/><D85/><U54/><E132/><V81/><F81/><RYUUKYOKU ba="0,0" sc="250,15,250,-15,250,15,250,-15" hai0="50,55,59,60,63,102,103,129,130,131" hai2="1,4,5,7,9,34,35,89,91,93,95,96,97" /><INIT seed="0,1,0,4,3,127" ten="265,235,265,235" oya="0" hai0="103,92,21,4,77,123,63,130,59,116,38,43,120" hai1="83,45,133,112,67,33,132,0,46,35,98,95,28" hai2="29,49,93,32,131,65,47,82,7,40,96,12,70" hai3="16,1,37,72,80,97,73,78,18,61,54,62,19"/><T60/><D116/><U119/><E119/><V36/><F82/><W20/><G37/><T107/><D77/><U102/><E0/><V90/><F131/><W108/><G1/><T22/><D130/><U91/><E112/><V85/><F29/><W88/><G108/><T117/><D117/><U89/><E67/><V135/><F135/><W52/><G72/><T44/><D107/><U6/><E6/><V41/><F41/><W39/><G39/><T75/><D75/><U31/><E83/><V5/><F32/><W106/><G20/><T34/><D34/><U94/><E98/><V111/><F111/><W51/><G54/><T13/><D123/><U125/><REACH who="1" step="1"/><E102/><REACH who="1" ten="265,225,265,235" step="2"/><V129/><F129/><W76/><G76/><T134/><D120/><U27/><E27/><V58/><F70/><W122/><G122/><T64/><D103/><U81/><E81/><V55/><F65/><W3/><G3/><T74/><D64/><U121/><E121/><V30/><F30/><W84/><G106/><T101/><D101/><U124/><AGARI ba="1,1" hai="28,31,33,35,45,46,89,91,94,95,124,125,132,133" machi="124" ten="25,6400,0" yaku="1,1,0,1,22,2,53,0" doraHai="127" doraHaiUra="8" who="1" fromWho="1" sc="265,-33,225,77,265,-17,235,-17" /><INIT seed="1,0,0,0,4,103" ten="232,302,248,218" oya="1" hai0="125,39,5,53,102,20,8,133,38,101,48,26,12" hai1="113,33,22,24,76,88,79,36,93,108,54,132,49" hai2="83,127,84,0,63,97,41,100,87,104,80,117,14" hai3="15,135,3,51,94,6,77,121,40,75,47,119,32"/><U115/><E36/><V72/><F0/><W19/><G121/><T25/><D38/><U90/><E33/><V106/><F14/><W56/><G32/><T131/><D39/><U107/><E107/><V96/><F41/><W74/><G135/><T95/><D133/><U71/><E71/><V55/><F55/><W114/><G114/><T66/><D131/><U43/><E43/><V73/><F63/><W70/><G70/><T78/><D125/><U91/><E132/><V18/><F18/><W17/><G119/><T44/><D66/><U116/><E116/><V65/><F65/><W92/><G3/><T130/><D130/><U85/><E108/><V9/><F9/><W99/><G94/><T7/><D78/><N who="1" m="29739" /><E115/><V52/><F52/><W134/><G134/><T10/><D26/><U67/><E67/><V110/><F110/><W31/><G31/><N who="0" m="17831" /><D95/><U111/><E113/><V28/><F28/><W126/><G126/><T16/><D8/><U112/><E111/><V86/><F86/><W34/><G34/><T46/><D44/><N who="1" m="27943" /><E112/><V4/><F4/><AGARI ba="0,0" hai="4,5,7,10,12,16,46,48,53,101,102" m="17831" machi="4" ten="30,2000,0" yaku="8,1,54,1" doraHai="103" who="0" fromWho="2" sc="232,20,302,0,248,-20,218,0" /><INIT seed="2,0,0,2,3,8" ten="252,302,228,218" oya="2" hai0="37,111,47,33,55,43,61,14,114,124,57,78,54" hai1="5,77,48,109,2,69,27,119,87,92,1,135,83" hai2="34,40,18,107,132,44,16,101,13,66,108,105,82" hai3="35,51,121,76,53,64,130,116,0,110,52,106,117"/><V100/><F34/><W59/><G121/><T41/><D114/><U70/><E119/><V49/><F66/><W96/><G110/><T62/><D33/><U91/><E109/><V128/><F108/><W126/><G130/><T90/><D111/><U125/><E125/><V99/><F128/><W103/><G126/><T38/><D124/><U39/><E39/><N who="0" m="14857" /><D14/><U84/><E135/><V28/><F132/><W23/><G0/><T85/><D78/><U113/><E113/><V75/><F28/><W15/><G35/><T22/><D22/><U118/><E118/><V3/><F3/><W60/><G53/><N who="0" m="19979" /><D85/><U32/><E48/><V63/><F63/><W133/><G133/><T74/><D90/><U46/><E46/><V134/><F134/><W112/><G112/><T42/><D74/><U94/><E94/><V45/><F45/><W36/><G36/><N who="0" m="21927" /><D62/><U102/><E102/><V97/><REACH who="2" step="1"/><F13/><REACH who="2" ten="252,302,218,218" step="2"/><W31/><G31/><T86/><D86/><N who="1" m="48495" /><E2/><V24/><F24/><W122/><G122/><T115/><D115/><U30/><E84/><V50/><F50/><W88/><G116/><T58/><D61/><U127/><E127/><V4/><F4/><W67/><G117/><T65/><D65/><U20/><E32/><V93/><F93/><W17/><G67/><T26/><D26/><U71/><E5/><V10/><F10/><W29/><G64/><T11/><D11/><U120/><E1/><V131/><F131/><W25/><G29/><T7/><D7/><U73/><E120/><V21/><F21/><W81/><G25/><T56/><AGARI ba="0,1" hai="42,43,56,57,58" m="21927,19979,14857" machi="56" ten="40,8000,1" yaku="35,5" doraHai="8" who="0" fromWho="0" sc="252,90,302,-20,218,-40,218,-20" /><INIT seed="3,0,0,5,2,38" ten="342,282,178,198" oya="3" hai0="51,6,81,66,122,100,16,125,9,102,76,120,71" hai1="30,36,101,82,48,49,19,94,135,119,32,108,73" hai2="39,41,15,42,109,106,69,13,129,68,67,14,58" hai3="123,4,97,34,126,98,12,27,45,5,26,40,50"/><W86/><G123/><T124/><D51/><U37/><E108/><V2/><F2/><W80/><G126/><N who="0" m="48747" /><D16/><U54/><E135/><V55/><F129/><W29/><G27/><T62/><D102/><U92/><E119/><V112/><F112/><W20/><G4/><T90/><D90/><U78/><E49/><V131/><F131/><W3/><G3/><N who="0" m="223" /><D100/><U47/><E32/><V84/><F106/><W52/><G34/><T105/><D105/><U96/><E30/><V10/><F10/><N who="3" m="4175" /><G52/><T134/><D134/><U21/><REACH who="1" step="1"/><E92/><REACH who="1" ten="342,272,178,198" step="2"/><V118/><F118/><W77/><AGARI ba="0,1" hai="20,26,29,40,45,50,77,80,86,97,98" m="4175" machi="77" ten="30,6000,0" yaku="25,1,8,1,52,1" doraHai="38" who="3" fromWho="3" sc="342,-20,272,-20,178,-20,198,70" /><INIT seed="3,1,0,5,1,3" ten="322,252,158,268" oya="3" hai0="82,35,95,104,75,127,45,18,85,135,84,117,112" hai1="31,80,48,56,60,0,4,109,37,69,47,59,107" hai2="62,28,40,15,108,100,96,72,114,46,26,54,88" hai3="113,118,30,102,125,8,105,21,42,71,43,5,74"/><W126/><G118/><T111/><D117/><U98/><E109/><V63/><F114/><W14/><G113/><T110/><D35/><U89/><E37/><V122/><F122/><W120/><G71/><T94/><D45/><U58/><E31/><V132/><F72/><W87/><G74/><T78/><D18/><U41/><E69/><V123/><F123/><W73/><G73/><T12/><D112/><U33/><E33/><V93/><F108/><N who="0" m="41514" /><D12/><U91/><E80/><V66/><F132/><W83/><G120/><T116/><D135/><U129/><E129/><V65/><F15/><W20/><G102/><T23/><D23/><N who="3" m="8777" /><G30/><T124/><D116/><U17/><E17/><V79/><F79/><N who="3" m="46591" /><G105/><T29/><D29/><U70/><E70/><V97/><F54/><W36/><G36/><T77/><D104/><U115/><E115/><V13/><F13/><W49/><G49/><T57/><D57/><U64/><E107/><V53/><F40/><W134/><G134/><T99/><D78/><U86/><E59/><V9/><F9/><W50/><G50/><T101/><D94/><N who="1" m="56671" /><E58/><V90/><F46/><W1/><G1/><T130/><D130/><U76/><E76/><V67/><F53/><W22/><G22/><T7/><D7/><U51/><E0/><V44/><F44/><W19/><G19/><T131/><D131/><U39/><E4/><V32/><REACH who="2" step="1"/><F100/><REACH who="2" ten="322,252,148,268" step="2"/><W10/><G8/><T27/><D27/><U106/><E39/><V38/><F38/><W25/><G25/><T128/><D128/><U133/><E133/><V119/><F119/><W11/><G10/><RYUUKYOKU ba="1,1" sc="322,10,252,-30,148,10,268,10" hai0="75,77,82,84,85,95,99,101,124,127" hai2="26,28,32,62,63,65,66,67,88,90,93,96,97" hai3="5,11,14,42,43,125,126" /><INIT seed="3,2,1,2,2,30" ten="332,222,158,278" oya="3" hai0="15,0,9,87,99,98,71,122,12,6,63,96,125" hai1="54,110,25,11,77,79,127,88,24,36,69,62,67" hai2="2,75,31,89,128,80,53,118,100,133,84,28,126" hai3="61,66,59,120,41,81,131,33,115,130,101,29,51"/><W58/><G120/><T32/><D122/><U123/><E123/><V112/><F2/><W94/><G115/><T44/><D125/><U121/><E121/><V129/><F118/><W40/><G81/><T134/><D134/><U132/><E36/><V52/><F112/><W47/><G33/><T92/><D44/><U135/><E127/><V113/><F113/><W95/><G29/><T116/><D116/><U124/><E124/><V1/><F100/><W56/><G101/><T50/><D32/><U8/><E110/><V17/><F17/><W35/><G35/><T39/><D39/><U43/><E43/><N who="3" m="16458" /><G94/><T93/><D50/><U68/><E54/><V27/><F27/><W74/><G95/><T70/><D70/><U107/><E62/><V48/><F126/><W42/><G74/><T102/><D71/><AGARI ba="2,1" hai="42,47,51,56,58,59,61,66,71,130,131" m="16458" machi="71" ten="30,2900,0" yaku="34,2" doraHai="30" who="3" fromWho="0" sc="332,-35,222,0,158,0,278,45" owari="297,10.0,222,-18.0,158,-34.0,323,42.0" /></mjloggm>