<mjloggm ver="2.3"><GO type="169" lobby="0"/><UN n0="%46%75%62%46%69%76%65" n1="%E3%81%84%E3%81%AC%E3%81%98%E3%82%83%E3%82%89%EF%BC%94" n2="%68%6F%6D%6F%64%61%74%69" n3="%E3%82%A6%E3%83%AB%E3%83%88%E3%83%A9%E7%AB%8B%E7%9B%B4" dan="16,19,16,17" rate="2083.84,2298.46,2013.19,2218.48" sx="F,M,M,M"/><TAIKYOKU oya="0"/><INIT seed="0,0,0,5,5,113" ten="250,250,250,250" oya="0" hai0="93,16,28,7,27,43,104,90,3,0,30,85,135" hai1="121,4,105,116,129,13,131,106,81,119,89,56,115" hai2="100,47,49,96,52,63,53,51,88,8,36,12,80" hai3="23,19,78,79,39,114,123,14,109,21,54,65,130"/><T11/><D135/><U17/><E4/><V1/><F1/><W42/><G123/><T6/><D104/><N who="1" m="40043" /><E121/><V67/><F36/><W41/><G114/><T20/><REACH who="0" step="1"/><D43/><REACH who="0" ten="240,250,250,250" step="2"/><U75/><E115/><V103/><F67/><W124/><G65/><T18/><D18/><U95/><E17/><N who="2" m="8327" /><F63/><W118/><G19/><T108/><D108/><U10/><E131/><V91/><F91/><W86/><G109/><T117/><D117/><U73/><E119/><V77/><F77/><W48/><G118/><T97/><D97/><U82/><E116/><V126/><F126/><W102/><G124/><T32/><D32/><U72/><E129/><V74/><F74/><W120/><G130/><T112/><D112/><U107/><E107/><V40/><F40/><W84/><G42/><T46/><D46/><U68/><E73/><V35/><F35/><W25/><G79/><T71/><D71/><U58/><E68/><V101/><F96/><W64/><G78/><T98/><D98/><U122/><E122/><V99/><F99/><W26/><G41/><T5/><D5/><U38/><E75/><V59/><F103/><W57/><G102/><T33/><D33/><U62/><E72/><V44/><F44/><W87/><G120/><T127/><D127/><U9/><E89/><V128/><F128/><W22/><G39/><T37/><D37/><U83/><E38/><V76/><F76/><W69/><G69/><T92/><D92/><U2/><E95/><V29/><F29/><W134/><G134/><T31/><D31/><U110/><E110/><V133/><F133/><W55/><G57/><RYUUKYOKU ba="0,1" sc="240,15,250,-15,250,15,250,-15" hai0="0,3,6,7,11,16,20,27,28,30,85,90,93" hai2="47,49,51,52,53,59,80,88,100,101" /><INIT seed="0,1,1,2,0,31" ten="255,235,265,235" oya="0" hai0="75,102,120,21,2,116,41,67,122,69,132,87,30" hai1="107,66,35,49,23,0,28,118,115,117,45,12,64" hai2="33,135,86,19,39,48,51,98,73,127,100,55,131" hai3="1,18,13,38,130,106,25,16,109,43,93,128,58"/><T8/><D75/><U76/><E0/><V44/><F39/><W24/><G106/><T114/><D41/><U96/><E76/><V10/><F127/><W90/><G1/><T104/><D21/><U40/><E115/><V126/><F126/><W77/><G77/><T92/><D87/><U124/><E124/><V6/><F73/><W89/><G109/><T101/><D92/><U54/><E35/><V61/><F33/><W20/><G43/><T134/><D30/><U37/><E107/><V56/><F131/><N who="3" m="50219" /><G38/><T15/><D116/><U84/><E84/><V65/><F135/><N who="0" m="51754" /><D2/><U52/><E96/><V123/><F123/><W7/><G93/><T88/><D114/><U3/><E3/><V129/><F86/><W81/><G81/><T110/><D110/><U112/><E112/><V22/><F129/><W97/><G97/><N who="0" m="61519" /><D101/><U70/><E37/><V60/><F100/><W50/><G90/><T34/><D88/><U4/><E118/><V71/><F98/><W53/><G89/><T111/><D111/><U47/><E28/><V105/><F105/><W80/><G80/><T59/><D69/><U95/><E95/><V79/><F79/><W74/><G74/><T125/><D125/><U32/><E70/><V29/><F29/><N who="3" m="17543" /><G25/><T108/><D108/><U9/><E117/><V46/><F22/><W99/><G99/><T36/><D36/><N who="1" m="21639" /><E23/><V121/><F121/><W42/><G42/><T63/><D34/><U91/><E32/><V14/><F6/><AGARI ba="1,1" hai="6,8,15,59,63,67,120,122" m="61519,51754" machi="6" ten="30,1500,0" yaku="20,1" doraHai="31" who="0" fromWho="2" sc="255,28,235,0,265,-18,235,0" /><INIT seed="0,2,0,4,5,42" ten="283,235,247,235" oya="0" hai0="131,87,125,97,6,52,60,110,61,108,66,73,76" hai1="116,48,57,134,85,5,79,65,94,84,129,19,82" hai2="112,1,4,71,36,115,21,20,16,132,98,124,69" hai3="123,122,29,126,2,62,13,27,9,128,67,78,7"/><T109/><D125/><U75/><E116/><V11/><F124/><W70/><G126/><T39/><D131/><U95/><E129/><V31/><F132/><W135/><G128/><T90/><D39/><U91/><E134/><V99/><F36/><W133/><G13/><T25/><D6/><U55/><E5/><V41/><F41/><W43/><G43/><T127/><D127/><U114/><E114/><V8/><F31/><W28/><G28/><T45/><D97/><U121/><E121/><N who="3" m="46090" /><G78/><T40/><D25/><U44/><E19/><V102/><F4/><W33/><AGARI ba="2,0" hai="2,7,9,27,29,33,62,67,70,133,135" m="46090" machi="33" ten="30,2000,0" yaku="13,1,23,1" doraHai="42" who="3" fromWho="3" sc="283,-12,235,-7,247,-7,235,26" /><INIT seed="1,0,0,5,2,18" ten="271,228,240,261" oya="1" hai0="77,98,4,55,129,53,19,30,103,35,91,71,80" hai1="100,69,52,14,44,89,65,22,68,54,17,84,16" hai2="42,5,111,45,95,31,48,24,26,135,131,121,106" hai3="97,107,11,51,115,47,2,64,124,87,99,8,61"/><U94/><E65/><V75/><F75/><W27/><G115/><T57/><D71/><U20/><E100/><V39/><F106/><W90/><G124/><T122/><D4/><U12/><E44/><V88/><F135/><W38/><G38/><T7/><D7/><U116/><E116/><V96/><F121/><W123/><G123/><T76/><D122/><U132/><E132/><V101/><F111/><W29/><G2/><T59/><D129/><U58/><E54/><V105/><F131/><W70/><G99/><T43/><D43/><U102/><E102/><V119/><F119/><W126/><G126/><T93/><D30/><U86/><E86/><V56/><F5/><W33/><G87/><N who="0" m="50663" /><D35/><U36/><E36/><V25/><F56/><N who="0" m="21578" /><D19/><U1/><E1/><V85/><REACH who="2" step="1"/><F39/><REACH who="2" ten="271,228,230,261" step="2"/><W130/><G130/><T67/><D67/><U28/><E28/><AGARI ba="0,1" hai="24,25,26,28,31,42,45,48,85,88,95,96,101,105" machi="28" ten="40,5200,0" yaku="1,1,2,1,54,1,53,0" doraHai="18" doraHaiUra="49" who="2" fromWho="1" sc="271,0,228,-52,230,62,261,0" /><INIT seed="2,0,0,0,0,19" ten="271,176,292,261" oya="2" hai0="22,96,50,118,115,105,110,114,86,4,75,24,92" hai1="77,42,8,82,122,3,113,45,98,132,74,103,27" hai2="87,95,116,131,20,66,112,70,55,79,36,25,90" hai3="12,11,76,18,67,10,84,120,15,89,69,109,30"/><V107/><F36/><W59/><G120/><T124/><D75/><U54/><E122/><V135/><F107/><W83/><G109/><T48/><D110/><U31/><E113/><V46/><F112/><W57/><G69/><T53/><D124/><U13/><E132/><V34/><F34/><W60/><G30/><T7/><D105/><U0/><E54/><V43/><F135/><W81/><G59/><T85/><D118/><U40/><E13/><V80/><F131/><W100/><G100/><N who="0" m="60423" /><D50/><U29/><E29/><V61/><F116/><W117/><G117/><T9/><D114/><U99/><E42/><V26/><F55/><W6/><REACH who="3" step="1"/><G76/><REACH who="3" ten="271,176,292,251" step="2"/><T23/><D115/><U5/><E103/><V2/><F79/><W123/><G123/><T49/><D4/><U32/><REACH who="1" step="1"/><E3/><REACH who="1" ten="271,166,292,251" step="2"/><V41/><F2/><W127/><G127/><T97/><D7/><U16/><E16/><V106/><F43/><W56/><G56/><T37/><D53/><U58/><E58/><V88/><F41/><W78/><G78/><T33/><D33/><U71/><E71/><V130/><F70/><W35/><G35/><T104/><D104/><U91/><E91/><V101/><F88/><W72/><G72/><T93/><D93/><AGARI ba="0,2" hai="6,10,11,12,15,18,57,60,67,81,83,84,89,93" machi="93" ten="30,3900,0" yaku="1,1,7,1,8,1,53,0" doraHai="19" doraHaiUra="64" who="3" fromWho="0" sc="271,-39,166,0,292,0,251,59" /><INIT seed="3,0,0,1,2,12" ten="232,166,292,310" oya="3" hai0="125,127,111,1,103,108,81,21,54,66,58,122,78" hai1="37,129,64,22,10,116,120,130,62,115,23,44,18" hai2="46,31,107,42,0,133,45,40,38,15,41,134,99" hai3="61,113,83,104,79,109,117,6,71,14,131,29,43"/><W132/><G117/><T50/><D1/><U85/><E115/><V8/><F0/><W112/><G104/><T96/><D66/><U92/><E120/><V55/><F31/><W94/><G131/><N who="1" m="50186" /><E116/><V11/><F55/><W88/><G132/><N who="2" m="50793" /><F41/><W48/><G109/><N who="0" m="42059" /><D21/><U32/><E32/><V128/><F128/><W16/><G6/><T75/><D122/><U97/><E85/><V57/><F57/><W106/><G106/><AGARI ba="0,0" hai="50,54,58,75,78,81,96,103,106,125,127" m="42059" machi="106" ten="30,1000,0" yaku="14,1" doraHai="12" who="0" fromWho="3" sc="232,10,166,0,292,0,310,-10" /><INIT seed="4,0,0,4,5,12" ten="242,166,292,300" oya="0" hai0="103,135,63,120,94,105,108,58,33,125,73,71,68" hai1="72,35,53,100,109,113,101,55,87,70,37,32,17" hai2="51,16,98,7,42,43,1,47,76,4,18,49,79" hai3="124,107,111,39,11,10,90,13,57,69,9,93,26"/><T80/><D120/><U131/><E109/><V81/><F98/><W5/><G69/><T27/><D108/><U115/><E72/><V20/><F1/><W44/><G111/><T88/><D135/><U99/><E70/><V126/><F20/><W134/><G107/><T0/><D0/><U61/><E37/><V104/><F104/><W82/><G124/><T75/><D125/><U56/><E131/><V123/><F123/><W2/><G134/><T133/><D133/><U102/><E99/><V92/><F92/><W106/><G106/><T114/><D114/><N who="1" m="43531" /><E87/><N who="2" m="48575" /><F126/><W65/><G39/><T84/><D105/><U40/><E40/><V62/><F76/><W25/><G2/><T15/><D103/><N who="1" m="26371" /><U64/><DORA hai="91" /><E17/><N who="2" m="6763" /><F62/><W86/><G86/><T83/><D84/><U23/><E23/><V60/><F60/><W112/><G112/><T6/><D63/><U74/><E74/><V14/><F14/><W48/><G13/><T50/><D15/><U77/><E77/><V3/><F3/><W28/><G10/><T95/><D75/><U19/><E19/><V116/><F116/><W22/><G11/><T89/><D73/><U52/><AGARI ba="0,0" hai="32,35,52,53,55,56,61,64" m="26371,43531" machi="52" ten="40,5200,0" yaku="15,1,11,1,54,1" doraHai="12,91" who="1" fromWho="1" sc="242,-26,166,52,292,-13,300,-13" /><INIT seed="5,0,0,3,4,14" ten="216,218,279,287" oya="1" hai0="13,126,130,74,68,109,9,26,17,58,47,7,41" hai1="118,85,79,66,67,76,123,121,42,78,133,111,132" hai2="45,65,117,128,5,29,88,80,125,23,83,90,104" hai3="43,21,39,93,119,82,92,28,89,15,24,38,22"/><U116/><E42/><V46/><F104/><W1/><G1/><T71/><D109/><U99/><E99/><V87/><F117/><N who="1" m="45161" /><E111/><V33/><F33/><W62/><G119/><T115/><D74/><U52/><E52/><V94/><F65/><N who="1" m="24585" /><E85/><V44/><F5/><W110/><G110/><T108/><D108/><U60/><E60/><V131/><F125/><W107/><G107/><T91/><D126/><U16/><E16/><V53/><F53/><W31/><G43/><T63/><D17/><U54/><E54/><V10/><F10/><W101/><G62/><T34/><D9/><U72/><E72/><V27/><REACH who="2" step="1"/><F80/><REACH who="2" ten="216,218,269,287" step="2"/><W124/><G82/><T4/><D4/><U113/><E113/><V35/><F35/><W20/><G124/><T95/><D7/><U120/><AGARI ba="0,1" hai="76,78,79,120,121,123,132,133" m="24585,45161" machi="120" ten="50,4800,0" yaku="28,2" doraHai="14" who="1" fromWho="1" sc="216,-16,218,58,269,-16,287,-16" /><INIT seed="5,1,0,4,5,51" ten="200,276,253,271" oya="1" hai0="71,101,102,98,132,48,87,52,40,110,84,120,46" hai1="26,53,97,79,109,130,29,17,3,34,122,10,129" hai2="106,94,112,21,64,60,9,42,15,123,49,11,134" hai3="35,81,5,131,19,85,43,103,58,86,105,38,32"/><U126/><E122/><V23/><F106/><W115/><G131/><N who="1" m="50186" /><E126/><V1/><F1/><W50/><G115/><T88/><D110/><U135/><E109/><V73/><F112/><W108/><G108/><T47/><D132/><U119/><E119/><V33/><F134/><W89/><G5/><T104/><D120/><U2/><E79/><V7/><F73/><W78/><G38/><T30/><D30/><U12/><E135/><V133/><F33/><W16/><G35/><T22/><D71/><U111/><E111/><V27/><F123/><W107/><G32/><T93/><D22/><N who="1" m="11559" /><E97/><V4/><F133/><W125/><G125/><T66/><D66/><U36/><E36/><V118/><F118/><W0/><G0/><N who="1" m="42" /><E53/><V14/><F42/><W116/><G116/><T44/><D40/><U113/><E113/><V6/><F64/><W28/><G43/><T45/><REACH who="0" step="1"/><D102/><REACH who="0" ten="190,276,253,271" step="2"/><U96/><E96/><AGARI ba="1,1" hai="44,45,46,47,48,52,84,87,88,93,96,98,101,104" machi="96" ten="40,8000,1" yaku="1,1,2,1,52,1,54,2,53,0" doraHai="51" doraHaiUra="62" who="0" fromWho="1" sc="190,93,276,-83,253,0,271,0" /><INIT seed="6,0,0,0,5,31" ten="283,193,253,271" oya="2" hai0="123,101,96,109,6,111,49,126,43,29,45,17,99" hai1="53,82,18,8,114,52,35,132,64,74,112,25,93" hai2="56,117,33,127,27,134,122,102,24,44,42,12,26" hai3="120,73,67,58,34,119,95,121,98,85,131,55,135"/><V46/><F117/><W57/><G73/><T107/><D123/><U2/><E64/><V77/><F122/><W83/><G34/><T40/><D126/><U7/><E132/><V15/><F134/><W61/><G119/><T90/><D6/><U87/><E74/><V84/><F127/><W59/><G131/><T81/><D29/><N who="1" m="19887" /><E93/><V88/><F33/><W3/><G3/><T128/><D128/><U23/><E87/><V100/><F56/><W16/><G135/><T116/><D116/><U110/><E82/><V11/><F77/><W125/><G125/><T106/><D43/><U115/><E110/><V65/><F65/><W30/><G58/><T38/><D38/><U124/><E124/><V51/><F46/><W86/><G86/><T130/><D130/><U19/><E19/><N who="2" m="8607" /><F15/><AGARI ba="0,0" hai="2,7,8,15,18,23,52,53,112,114,115" m="19887" machi="15" ten="30,7700,0" yaku="24,1,15,1,52,1,54,1" doraHai="31" who="1" fromWho="2" sc="283,0,193,77,253,-77,271,0" /><INIT seed="7,0,0,5,0,41" ten="283,270,176,271" oya="3" hai0="17,26,64,32,30,23,44,80,110,40,104,6,114" hai1="22,131,133,109,89,66,74,113,95,67,4,3,122" hai2="124,7,90,96,120,83,0,36,77,130,105,72,2" hai3="76,18,118,24,100,5,19,134,48,84,31,60,55"/><W115/><G118/><T20/><D110/><U43/><E122/><V81/><F120/><W99/><G115/><T33/><D104/><U49/><E109/><V129/><F2/><W8/><G60/><T111/><D111/><U51/><E74/><V85/><F7/><W34/><G134/><T25/><D114/><U38/><E38/><V11/><F11/><W45/><G84/><T59/><D6/><U28/><E133/><V46/><F0/><W57/><G76/><T65/><D80/><U70/><E131/><N who="2" m="50187" /><F124/><W93/><G57/><T112/><D112/><U102/><E102/><N who="2" m="62663" /><F46/><W29/><G29/><T119/><D119/><U88/><E4/><V16/><F16/><W13/><AGARI ba="0,0" hai="5,8,13,18,19,24,31,34,45,48,55,93,99,100" machi="13" ten="20,3900,0" yaku="0,1,7,1,52,1" doraHai="41" who="3" fromWho="3" sc="283,-13,270,-13,176,-13,271,39" owari="270,7.0,257,-14.0,163,-34.0,310,41.0" /></mjloggm>