<mjloggm ver="2.3"><GO type="97" lobby="0"/><UN n0="%E5%91%B3%E5%B9%B3" n1="%E5%B0%B1%E6%B4%BB%E7%94%9F%40%E5%B7%9D%E6%9D%91%E8%BB%8D%E5%9B%A3" n2="%E3%81%8D%E3%82%8C%E3%81%BE%E3%81%99%E3%82%88" n3="%EF%BC%A1%EF%BC%AB%EF%BC%B2%33%2E%37" dan="15,15,16,14" rate="1937.65,2006.39,2011.21,1904.13" sx="M,M,F,M"/><TAIKYOKU oya="0"/><INIT seed="0,0,0,0,2,56" ten="250,250,250,250" oya="0" hai0="22,63,14,37,75,80,91,76,66,99,113,38,114" hai1="117,2,115,52,49,57,9,24,31,109,77,16,10" hai2="131,45,79,116,19,55,95,26,60,7,12,17,87" hai3="5,15,118,48,78,132,3,96,128,18,43,47,28"/><T53/><D53/><U59/><E117/><V125/><F131/><W133/><G118/><T70/><D38/><U41/><E115/><V32/><F125/><W119/><G119/><T107/><D37/><U98/><E109/><V84/><F32/><W71/><G71/><T23/><D23/><N who="1" m="13415" /><E2/><V29/><F29/><W127/><G28/><T112/><D22/><U104/><E104/><V13/><F26/><W81/><G127/><T21/><D21/><U64/><E41/><V30/><F30/><W39/><G96/><T130/><D14/><U94/><E77/><V89/><F12/><W40/><G128/><T11/><D11/><N who="1" m="4107" /><E31/><V82/><F7/><W122/><G122/><T108/><D130/><U88/><E64/><V20/><F19/><W97/><G3/><T100/><D91/><U42/><E42/><V120/><F120/><W83/><G5/><T121/><REACH who="0" step="1"/><D108/><REACH who="0" ten="240,250,250,250" step="2"/><U105/><E105/><V69/><F116/><W111/><G111/><T4/><D4/><U126/><E126/><V58/><F69/><W93/><G39/><T8/><D8/><U68/><E68/><V106/><F106/><W27/><G27/><T44/><D44/><AGARI ba="0,1" hai="44,49,52,57,59,88,94,98" m="4107,13415" machi="44" ten="30,7700,0" yaku="8,1,54,3" doraHai="56" who="1" fromWho="0" sc="240,-77,250,87,250,0,250,0" /><AGARI ba="0,0" hai="13,17,20,44,45,55,58,60,79,82,84,87,89,95" machi="44" ten="40,2600,0" yaku="8,1,52,1" doraHai="56" who="2" fromWho="0" sc="163,-26,337,0,250,26,250,0" /><INIT seed="1,0,0,3,1,81" ten="137,337,276,250" oya="1" hai0="109,8,104,9,85,130,65,127,75,32,0,86,93" hai1="59,74,111,105,51,124,16,100,129,28,31,3,30" hai2="114,37,24,12,48,84,11,110,121,92,45,13,1" hai3="10,94,131,49,72,63,116,7,96,115,73,41,6"/><U35/><E35/><V53/><F121/><W78/><G115/><T26/><D104/><U80/><E3/><V91/><F37/><W133/><G116/><T20/><D75/><U55/><E124/><V113/><F110/><W38/><G133/><T29/><D127/><U50/><E111/><V106/><F106/><W76/><G63/><T39/><D109/><U62/><E129/><V67/><F67/><W112/><G112/><N who="2" m="43113" /><F24/><W134/><G131/><T17/><D130/><U88/><E105/><V128/><F128/><W87/><G49/><T5/><D39/><U60/><E100/><V119/><F119/><W103/><G134/><T120/><D120/><U126/><E126/><V82/><F1/><W117/><G117/><T98/><D9/><U70/><E74/><V125/><F125/><W83/><G6/><T58/><D58/><U61/><E70/><V44/><F44/><W25/><G25/><T102/><REACH who="0" step="1"/><D65/><REACH who="0" ten="127,337,276,250" step="2"/><U77/><E59/><V19/><F11/><W40/><G38/><T2/><D2/><U47/><E47/><V122/><F122/><W95/><G73/><T101/><D101/><U57/><E57/><V15/><F19/><W108/><G108/><T118/><D118/><U107/><E107/><V22/><F22/><W99/><G72/><T79/><D79/><U66/><E66/><V89/><F12/><AGARI ba="0,1" hai="0,5,8,12,17,20,26,29,32,85,86,93,98,102" machi="12" ten="30,12000,2" yaku="1,1,7,1,24,2,52,2,53,1" doraHai="81" doraHaiUra="21" who="0" fromWho="2" sc="127,130,337,0,276,-120,250,0" /><INIT seed="2,0,0,2,4,117" ten="257,337,156,250" oya="2" hai0="92,40,32,95,98,79,39,38,41,65,102,86,5" hai1="100,89,58,133,118,103,83,129,104,124,56,35,6" hai2="77,50,70,69,1,111,112,21,76,51,36,19,67" hai3="106,66,3,94,13,55,122,107,34,68,27,93,45"/><V18/><F112/><W12/><G3/><T84/><D32/><U130/><E35/><V22/><F1/><W7/><G66/><T16/><D5/><U46/><E118/><V120/><F67/><W37/><G68/><T15/><D65/><U113/><E113/><V99/><F99/><W131/><G131/><N who="1" m="50186" /><E124/><V71/><F71/><W127/><G127/><T25/><D25/><U134/><E6/><V20/><F20/><W72/><G72/><T57/><D57/><N who="1" m="22123" /><E46/><V17/><F17/><W64/><G64/><T8/><D39/><U31/><E31/><V9/><F9/><W28/><G7/><T11/><D11/><U14/><E14/><V47/><F47/><W123/><G37/><T88/><D38/><U132/><E104/><V24/><F36/><W54/><G45/><T63/><D63/><U26/><E26/><V116/><F116/><W49/><G34/><T110/><D110/><U105/><E105/><V60/><F24/><W52/><G27/><T96/><D96/><U62/><E62/><V135/><F60/><W119/><G28/><T128/><D128/><U61/><E61/><V23/><F23/><W0/><G0/><T87/><D87/><AGARI ba="0,0" hai="83,87,89,100,103,132,133,134" m="22123,50186" machi="87" ten="40,2600,0" yaku="20,1,19,1" doraHai="117" who="1" fromWho="0" sc="257,-26,337,26,156,0,250,0" /><INIT seed="3,0,0,4,0,1" ten="231,363,156,250" oya="3" hai0="64,58,73,29,125,66,15,54,17,75,79,123,90" hai1="6,129,56,78,108,46,134,65,44,11,49,16,135" hai2="38,14,62,102,83,24,93,81,4,88,48,98,115" hai3="74,37,95,133,41,51,61,33,76,87,100,10,0"/><W72/><G33/><T35/><D123/><U27/><E108/><V71/><F38/><W110/><G133/><N who="1" m="50698" /><E78/><V120/><F115/><W18/><G110/><T105/><D105/><U13/><E129/><V99/><F120/><W117/><G117/><T55/><D125/><U127/><E127/><V57/><F71/><W60/><G51/><T42/><D42/><U30/><E16/><V31/><F48/><W106/><G18/><T28/><D90/><U2/><E2/><V109/><F109/><W7/><G106/><T34/><D58/><U50/><E50/><V80/><F31/><W69/><G69/><T22/><D17/><U82/><E82/><V114/><F114/><W122/><G122/><T70/><D70/><U9/><E9/><V47/><F47/><N who="3" m="23983" /><G72/><T39/><D22/><N who="1" m="15735" /><E49/><V85/><F24/><W59/><G59/><T104/><D104/><U111/><E111/><V119/><F119/><W96/><G87/><T91/><D91/><U94/><E94/><V77/><F77/><W21/><G21/><T19/><D19/><U5/><E5/><V63/><F99/><W36/><G36/><T124/><D39/><U8/><E8/><V118/><F118/><W92/><G92/><T53/><D53/><U89/><E89/><V43/><F43/><W67/><G67/><T86/><D124/><U23/><E23/><V40/><F40/><W84/><G84/><T25/><D79/><U20/><E20/><V3/><F3/><W116/><G116/><T45/><D86/><U26/><E26/><V12/><F12/><W121/><G121/><T101/><D15/><RYUUKYOKU ba="0,0" sc="231,-15,363,15,156,-15,250,15" hai1="6,11,13,44,46,56,65" hai3="0,7,10,60,61,74,76,95,96,100" /><INIT seed="3,1,0,1,5,74" ten="216,378,141,265" oya="3" hai0="81,75,122,27,17,80,2,38,69,123,11,78,67" hai1="72,35,28,100,16,36,39,118,57,45,68,103,124" hai2="129,87,15,23,104,83,128,105,79,114,37,43,120" hai3="127,102,48,96,12,121,32,65,22,42,101,70,56"/><W113/><G32/><T20/><D38/><U19/><E72/><N who="2" m="43495" /><F23/><W6/><G121/><T71/><D81/><U61/><E68/><V90/><F15/><W76/><G113/><T40/><D40/><U73/><E73/><V98/><F43/><W93/><G70/><T58/><D71/><U91/><E91/><V86/><F37/><W84/><G127/><T109/><D109/><U9/><E124/><V88/><F114/><W51/><G102/><T26/><D69/><U53/><E118/><V7/><F7/><W119/><G119/><T107/><D107/><N who="2" m="41034" /><F120/><W116/><G116/><T82/><D82/><U34/><E39/><V5/><F5/><W55/><G65/><T133/><D133/><U10/><E35/><V33/><F33/><W94/><G42/><T85/><D75/><U8/><E28/><V134/><F134/><W66/><G66/><T44/><D44/><U31/><E31/><V99/><F90/><W25/><G12/><T46/><D46/><U59/><E59/><V125/><F125/><W0/><G6/><T106/><D2/><U115/><E115/><V110/><F110/><W111/><G0/><T95/><D11/><U64/><E34/><V60/><F60/><W29/><G111/><T132/><D132/><U62/><E36/><V117/><F117/><W14/><G14/><T54/><D26/><U24/><E24/><V89/><F89/><N who="3" m="53415" /><G48/><T18/><D123/><U135/><E135/><V97/><F88/><W92/><G92/><T13/><D95/><U112/><E112/><V3/><F3/><W4/><G4/><T108/><D122/><RYUUKYOKU ba="1,0" sc="216,-15,378,-15,141,15,265,15" hai2="86,87,97,98,99,128,129" hai3="22,25,29,51,55,56,76,94,96,101" /><INIT seed="3,2,0,1,0,85" ten="201,363,156,280" oya="3" hai0="78,40,21,102,68,10,22,39,45,135,24,79,51" hai1="84,128,57,97,76,34,4,56,82,60,63,47,107" hai2="134,6,58,18,31,91,44,32,41,9,30,96,55" hai3="115,90,52,69,105,126,95,42,8,122,27,86,20"/><W80/><G69/><T28/><D68/><U5/><E34/><V49/><F134/><W38/><G122/><T59/><D135/><U12/><E128/><V61/><F32/><W99/><G115/><T125/><D125/><U2/><E2/><V33/><F33/><W70/><G70/><T119/><D119/><U124/><E124/><V127/><F127/><W106/><G126/><T111/><D111/><U101/><E47/><V71/><F18/><W1/><G42/><T132/><D132/><U19/><E57/><V116/><F116/><W83/><G38/><T87/><D102/><U37/><E37/><V13/><REACH who="2" step="1"/><F71/><REACH who="2" ten="201,363,146,280" step="2"/><W11/><G1/><T103/><D103/><U36/><E101/><V112/><F112/><W113/><G113/><T14/><D87/><U66/><E84/><V114/><F114/><W109/><G109/><T0/><D0/><U62/><E19/><V16/><F16/><W110/><G110/><T123/><D123/><U7/><E7/><V17/><F17/><W46/><G8/><T88/><D10/><U67/><E5/><V118/><F118/><W89/><G11/><T104/><D14/><U35/><E12/><V26/><F26/><W108/><G108/><T75/><D24/><U25/><E25/><V117/><F117/><W64/><G27/><T43/><D21/><U81/><E4/><V121/><F121/><W50/><G20/><T65/><D22/><U98/><E35/><V53/><F53/><W129/><G64/><T133/><D65/><U48/><E67/><V100/><F100/><W23/><G23/><T54/><D133/><RYUUKYOKU ba="2,1" sc="201,-10,363,-10,146,30,280,-10" hai2="6,9,13,30,31,41,44,49,55,58,61,91,96" owari="191,-21.0,363,46.0,176,-32.0,270,7.0" /></mjloggm>