<mjloggm ver="2.3"><GO type="97" lobby="0"/><UN n0="%E3%82%A2%E3%82%BE%E3%83%AC%E3%82%B9%E8%AB%B8%E5%B3%B6" n1="%E3%83%8A%E3%83%8F%E3%83%A9%E3%82%B8%E3%83%A3" n2="%69%74%74%75%64%65%6D%69" n3="%E5%B0%B1%E6%B4%BB%E7%94%9F%40%E5%B7%9D%E6%9D%91%E8%BB%8D%E5%9B%A3" dan="13,14,14,15" rate="1911.61,1926.48,1950.03,1982.52" sx="M,M,M,M"/><TAIKYOKU oya="0"/><INIT seed="0,0,0,2,4,109" ten="250,250,250,250" oya="0" hai0="42,107,94,25,122,132,129,65,1,123,110,39,54" hai1="131,28,82,96,99,32,13,93,120,74,104,70,87" hai2="106,72,90,20,9,119,49,89,76,15,31,4,71" hai3="78,16,113,67,11,56,21,19,23,98,6,17,100"/><T117/><D107/><U34/><E74/><V8/><F71/><W116/><G116/><T0/><D117/><U88/><E70/><V44/><F106/><W53/><G67/><T12/><D65/><U48/><E120/><V30/><F119/><W59/><G113/><T81/><D110/><U134/><E131/><V62/><F72/><W47/><G47/><T22/><D129/><U3/><E3/><V95/><F76/><W73/><G78/><T115/><D132/><U52/><E134/><V24/><F31/><W51/><G59/><T80/><D12/><U127/><E127/><V27/><F27/><W91/><G91/><T126/><D126/><U58/><E28/><V118/><F118/><W7/><G7/><T43/><D22/><U133/><E133/><V112/><F9/><W125/><G125/><T105/><D105/><U102/><REACH who="1" step="1"/><E13/><REACH who="1" ten="250,240,250,250" step="2"/><V121/><F121/><W101/><G73/><T46/><D25/><U84/><E84/><V33/><F33/><W79/><G79/><AGARI ba="0,1" hai="32,34,48,52,58,79,82,87,88,93,96,99,102,104" machi="79" ten="30,7700,0" yaku="1,1,7,1,54,2,53,0" doraHai="109" doraHaiUra="111" who="1" fromWho="3" sc="250,0,240,87,250,0,250,-77" /><INIT seed="1,0,0,5,4,30" ten="250,327,250,173" oya="1" hai0="84,124,12,50,4,52,24,34,64,125,131,89,117" hai1="37,32,23,20,108,65,109,44,49,116,74,5,103" hai2="112,107,128,134,88,69,115,36,15,85,75,25,47" hai3="129,8,133,122,26,72,83,22,59,9,94,51,135"/><U120/><E37/><V60/><F107/><W87/><G72/><T123/><D123/><U2/><E120/><V13/><F75/><W68/><G68/><T70/><D117/><U39/><E39/><V31/><F128/><W62/><G122/><T76/><D76/><U73/><E116/><V35/><F134/><N who="3" m="51211" /><G129/><T28/><D131/><U105/><E65/><N who="2" m="41127" /><F47/><W18/><G94/><T46/><D64/><U80/><E73/><V130/><F36/><W100/><G100/><T11/><REACH who="0" step="1"/><D70/><REACH who="0" ten="240,327,250,173" step="2"/><U127/><E109/><V14/><F130/><W97/><G97/><T121/><D121/><U63/><E108/><V106/><F106/><W42/><G42/><T86/><D86/><U10/><E105/><V54/><F54/><N who="3" m="32223" /><G62/><T104/><D104/><U55/><E63/><V57/><F57/><W1/><G1/><T91/><D91/><AGARI ba="0,1" hai="8,9,18,22,26,83,87,91" m="32223,51211" machi="91" ten="30,1000,0" yaku="20,1" doraHai="30" who="3" fromWho="0" sc="240,-10,327,0,250,0,173,20" /><INIT seed="2,0,0,2,4,49" ten="230,327,250,193" oya="2" hai0="113,19,2,106,44,13,43,46,30,68,126,123,33" hai1="56,70,4,82,40,3,77,130,104,9,129,59,135" hai2="65,85,8,105,14,32,83,81,95,27,89,67,127" hai3="47,10,108,87,55,17,26,98,109,35,39,94,93"/><V92/><F105/><W50/><G39/><T115/><D123/><U15/><E70/><V51/><F127/><W84/><G35/><T18/><D106/><U28/><E104/><V41/><F32/><W119/><G119/><T34/><D2/><U23/><E135/><V100/><F27/><W86/><G98/><T116/><D68/><U31/><E31/><V0/><F0/><W102/><G102/><T103/><D103/><U96/><E96/><V128/><F128/><W120/><G120/><T73/><D73/><U12/><E12/><V122/><F122/><W117/><G117/><T7/><D116/><U80/><E80/><V88/><F100/><W52/><G108/><T74/><D74/><U132/><E132/><V58/><F67/><W121/><G121/><T38/><D13/><U21/><E21/><V71/><F71/><W20/><G109/><T101/><D101/><U36/><E15/><V22/><F65/><W78/><G78/><T134/><D43/><U29/><E29/><V75/><F75/><W54/><REACH who="3" step="1"/><G10/><REACH who="3" ten="230,327,250,183" step="2"/><T112/><D134/><U61/><E9/><V48/><F48/><W125/><G125/><T76/><D126/><U6/><E36/><V90/><F90/><W131/><G131/><T99/><D76/><U79/><E77/><V57/><F22/><W66/><G66/><T124/><D38/><U42/><E23/><V107/><F107/><W114/><G114/><T133/><D124/><U72/><E79/><V16/><F83/><W69/><G69/><T63/><D115/><U97/><E82/><V64/><F81/><W11/><G11/><RYUUKYOKU ba="0,1" sc="230,-10,327,-10,250,-10,183,30" hai3="17,20,26,47,50,52,54,55,84,86,87,93,94" /><INIT seed="3,1,1,2,3,1" ten="220,317,240,213" oya="3" hai0="14,19,76,70,75,112,64,8,122,67,51,121,119" hai1="31,72,97,40,118,55,18,54,128,28,82,130,47" hai2="61,3,95,63,77,29,48,24,123,2,34,88,92" hai3="66,87,37,68,35,44,96,74,73,60,120,46,43"/><W38/><G120/><T36/><D119/><U81/><E118/><V108/><F123/><W98/><G87/><T9/><D36/><U111/><E97/><V22/><F108/><W4/><G4/><T107/><D107/><U62/><E111/><V90/><F77/><W26/><G96/><T53/><D112/><U85/><E72/><V23/><F29/><N who="1" m="11337" /><E18/><V131/><F24/><W17/><G98/><T101/><D101/><U127/><E127/><V58/><F58/><W11/><G11/><T104/><D104/><U13/><E13/><V133/><F133/><W32/><G17/><T99/><D99/><U71/><E71/><V102/><F102/><W100/><G100/><T39/><D39/><U125/><E125/><V25/><F25/><W105/><G105/><T135/><D135/><U103/><E103/><V69/><F69/><W80/><G26/><T49/><D70/><U27/><E27/><V41/><F41/><N who="3" m="22575" /><G73/><T113/><D113/><U83/><E85/><V56/><F56/><W79/><AGARI ba="1,1" hai="32,35,38,43,46,60,66,68,74,79,80" m="22575" machi="79" ten="30,3000,0" yaku="33,2" doraHai="1" who="3" fromWho="3" sc="220,-11,317,-11,240,-11,213,43" /><INIT seed="3,2,0,3,1,59" ten="209,306,229,256" oya="3" hai0="64,5,45,12,21,48,57,104,130,74,134,128,27" hai1="132,35,1,10,41,127,120,7,4,79,84,65,22" hai2="81,110,29,100,20,116,31,72,60,124,88,52,61" hai3="46,105,114,36,107,108,87,14,11,25,113,89,26"/><W91/><G108/><T93/><D74/><U13/><E35/><V0/><F116/><W76/><G76/><T39/><D39/><U19/><E120/><V118/><F118/><W58/><G58/><T135/><D104/><U129/><E129/><N who="0" m="49769" /><D93/><U75/><E75/><V17/><F0/><W96/><G26/><T99/><D99/><U126/><E132/><N who="0" m="50729" /><D57/><U23/><E41/><V40/><F40/><W43/><G25/><T97/><D97/><U24/><E65/><V83/><F100/><W82/><G107/><T2/><D64/><U80/><E4/><V69/><F69/><W106/><G106/><T8/><D45/><U66/><E66/><V122/><F122/><W33/><G33/><T92/><D48/><U71/><E71/><V125/><F72/><W51/><G36/><T123/><D92/><U37/><E37/><V94/><F110/><W16/><G105/><T9/><D123/><U86/><E86/><V85/><F29/><W42/><G114/><T131/><N who="0" m="49777" /><T133/><N who="0" m="50737" /><DORA hai="102" /><T49/><DORA hai="67" /><D49/><U73/><E73/><V101/><F31/><W111/><G113/><T3/><D9/><U6/><E10/><V62/><F101/><W18/><G111/><T55/><D55/><U109/><E109/><V103/><F52/><W98/><G98/><T56/><D56/><U117/><E84/><V115/><F115/><W53/><G53/><T15/><D15/><U77/><E13/><N who="2" m="9263" /><F103/><W78/><G43/><T30/><AGARI ba="2,0" hai="2,3,5,8,12,21,27,30" m="50737,49777" machi="30" ten="60,8000,1" yaku="19,1,20,1,34,2" doraHai="59,102,67" who="0" fromWho="0" sc="209,86,306,-22,229,-22,256,-42" /><INIT seed="4,0,0,0,2,53" ten="295,284,207,214" oya="0" hai0="39,59,113,128,56,36,49,7,133,84,37,126,80" hai1="132,14,26,95,9,93,15,47,89,116,62,66,88" hai2="112,123,40,54,98,85,32,1,70,17,16,51,18" hai3="73,91,77,22,33,0,34,108,8,131,41,79,20"/><T86/><D7/><U101/><E116/><V38/><F70/><W130/><G108/><T13/><D13/><U30/><E132/><V76/><F123/><W55/><G41/><T68/><D68/><U124/><E124/><V122/><F1/><W45/><G91/><T43/><D126/><U6/><E15/><V129/><F32/><N who="3" m="12395" /><G45/><T50/><D133/><U114/><E114/><V90/><F122/><W107/><G107/><T4/><D4/><U67/><E47/><V111/><F111/><W120/><G120/><T46/><D128/><N who="3" m="49193" /><G55/><T12/><D12/><U58/><E67/><V27/><F129/><W125/><G125/><T25/><D113/><U104/><E104/><V3/><F3/><W11/><G73/><T97/><D97/><N who="1" m="59567" /><E95/><V105/><F112/><W134/><G134/><T119/><D119/><U23/><AGARI ba="0,0" hai="6,9,14,23,26,30,58,62,66,88,89" m="59567" machi="23" ten="30,7900,0" yaku="25,1,8,1,52,1,54,1" doraHai="53" who="1" fromWho="1" sc="295,-39,284,79,207,-20,214,-20" owari="256,6.0,363,46.0,187,-31.0,194,-21.0" /></mjloggm>