<mjloggm ver="2.3"><GO type="169" lobby="0"/><UN n0="%72%63%70%62" n1="%E3%82%8A%E3%82%87%E3%83%BC%E3%81%A1%32%30%58%58" n2="%E2%98%86%EF%BC%B2%EF%BC%8E%EF%BC%A4%EF%BC%8E%E2%98%85" n3="%E5%B0%B1%E6%B4%BB%E7%94%9F%40%E5%B7%9D%E6%9D%91%E8%BB%8D%E5%9B%A3" dan="16,17,16,17" rate="2070.73,2158.65,2115.16,2105.54" sx="M,M,M,M"/><TAIKYOKU oya="0"/><INIT seed="0,0,0,1,5,106" ten="250,250,250,250" oya="0" hai0="22,131,91,134,2,67,107,44,68,86,120,59,18" hai1="93,5,63,129,88,24,73,111,34,46,90,103,9" hai2="72,122,96,58,31,89,121,85,3,41,76,65,8" hai3="57,30,26,123,80,52,99,119,95,33,110,15,40"/><T105/><D2/><U23/><E34/><V25/><F41/><W13/><G110/><T130/><D68/><U113/><E113/><V32/><F96/><W77/><G123/><T97/><D120/><U1/><E111/><V43/><F43/><W118/><G40/><T53/><D134/><U94/><E129/><N who="0" m="49161" /><D67/><U28/><E73/><V101/><F101/><W71/><G71/><T39/><D97/><U109/><E109/><V108/><F108/><W124/><G124/><T62/><D44/><U12/><E46/><V17/><F58/><W84/><G119/><T79/><D79/><U66/><E1/><V112/><F65/><W4/><G4/><T126/><D39/><U27/><E27/><V54/><F54/><W16/><G118/><T104/><D126/><U98/><E94/><V115/><F121/><W127/><G127/><T81/><D105/><U35/><E35/><V75/><F122/><W117/><G117/><T7/><D7/><U21/><E21/><V74/><F76/><W61/><REACH who="3" step="1"/><G16/><REACH who="3" ten="250,250,250,240" step="2"/><T0/><D0/><U38/><E38/><V56/><F3/><W51/><G51/><T133/><D133/><U92/><E92/><V114/><F17/><W116/><G116/><T11/><D11/><U135/><E135/><V83/><REACH who="2" step="1"/><F8/><REACH who="2" ten="250,250,240,240" step="2"/><W64/><G64/><T69/><D69/><AGARI ba="0,2" hai="5,9,12,23,24,28,63,66,69,88,90,93,98,103" machi="69" ten="30,2000,0" yaku="7,1,54,1" doraHai="106" who="1" fromWho="0" sc="250,-20,250,40,240,0,240,0" /><INIT seed="1,0,0,4,1,129" ten="230,290,240,240" oya="1" hai0="115,135,10,32,25,80,9,29,134,24,40,1,11" hai1="82,18,36,6,66,113,79,105,4,51,102,99,77" hai2="117,85,108,81,93,89,26,31,111,114,75,52,98" hai3="123,63,61,68,124,125,8,27,39,49,122,58,17"/><U35/><E36/><V65/><F117/><W48/><G27/><T103/><D103/><U119/><E119/><V78/><F114/><W72/><G72/><T15/><D40/><U132/><E113/><V47/><F65/><N who="3" m="41007" /><G17/><N who="0" m="8447" /><D80/><U120/><E120/><N who="3" m="46122" /><G39/><T5/><D115/><U87/><E132/><N who="0" m="50729" /><D10/><U92/><E35/><V23/><F47/><W127/><G8/><T34/><D25/><U42/><E66/><AGARI ba="0,0" hai="48,49,58,63,66,124,125,127" m="46122,41007" machi="66" ten="40,5200,0" yaku="18,1,34,2" doraHai="129" who="3" fromWho="1" sc="230,0,290,-52,240,0,240,52" /><INIT seed="2,0,0,0,0,72" ten="230,238,240,292" oya="2" hai0="66,128,38,110,15,62,84,78,69,112,26,77,122" hai1="34,106,91,83,68,8,104,114,133,41,125,29,47" hai2="12,71,130,127,80,61,107,108,89,24,55,94,57" hai3="119,117,1,124,27,14,88,76,21,44,2,37,10"/><V49/><F107/><W86/><G124/><T64/><D112/><U18/><E114/><V43/><F127/><W100/><G100/><T35/><D122/><U0/><E125/><V20/><F130/><W109/><G109/><T121/><D38/><U92/><E68/><V52/><F108/><W115/><G115/><T48/><D121/><U103/><E133/><V65/><F12/><W87/><G37/><T131/><D110/><U51/><E83/><V9/><F9/><W116/><G44/><T95/><D66/><U81/><E81/><V58/><F43/><W32/><G32/><T50/><D15/><U134/><E103/><V99/><F80/><W40/><G40/><T5/><D5/><U129/><E129/><N who="0" m="49737" /><D95/><U118/><E118/><V82/><F82/><W46/><G46/><T85/><D35/><U126/><E134/><V120/><F120/><W74/><G74/><T73/><D26/><U93/><E93/><V25/><REACH who="2" step="1"/><F20/><REACH who="2" ten="230,238,230,292" step="2"/><W102/><G10/><T101/><D73/><U59/><E126/><V67/><F67/><W105/><G14/><T3/><D3/><U19/><E106/><V7/><F7/><W31/><G2/><T98/><D64/><U113/><E104/><V75/><F75/><W90/><G1/><T28/><D101/><U45/><E113/><V42/><F42/><W60/><G105/><T33/><D33/><U17/><E41/><V135/><F135/><W56/><G102/><T23/><D23/><U54/><E0/><V11/><F11/><W22/><G21/><T70/><D28/><U30/><E30/><V123/><F123/><RYUUKYOKU ba="0,1" sc="230,-10,238,-10,230,30,292,-10" hai2="24,25,49,52,55,57,58,61,65,71,89,94,99" /><INIT seed="2,1,1,2,3,17" ten="220,228,260,282" oya="2" hai0="85,39,35,127,15,96,100,113,84,77,92,34,106" hai1="76,71,119,9,56,33,6,14,95,4,94,72,20" hai2="101,115,27,43,120,60,23,40,89,110,61,121,48" hai3="125,103,46,26,118,128,69,24,1,81,64,53,47"/><V28/><F115/><W2/><G118/><T63/><D39/><U91/><E33/><V132/><F101/><W80/><G103/><T12/><D113/><U123/><E71/><V75/><F75/><W25/><G125/><T99/><D127/><U108/><E119/><V131/><F132/><W102/><G102/><T112/><D112/><U19/><E123/><V124/><F124/><W3/><G128/><T57/><D35/><U133/><E108/><V79/><F79/><W111/><G111/><T41/><D41/><U117/><E117/><V16/><F131/><W37/><G37/><T7/><D34/><U59/><E133/><V130/><F130/><W29/><G29/><T32/><D32/><U21/><E76/><V44/><F110/><W62/><REACH who="3" step="1"/><G53/><REACH who="3" ten="220,228,260,272" step="2"/><T105/><D100/><U18/><E72/><V88/><F121/><W50/><G50/><T97/><D106/><U68/><E68/><V11/><F120/><W10/><G10/><N who="0" m="4191" /><D105/><U55/><E55/><N who="2" m="30087" /><F11/><W58/><G58/><T65/><D57/><U49/><E49/><V67/><F28/><W98/><G98/><T134/><D99/><U70/><E70/><V126/><F126/><W73/><G73/><T90/><D97/><U107/><E9/><V86/><F60/><W82/><AGARI ba="1,2" hai="1,2,3,24,25,26,46,47,62,64,69,80,81,82" machi="82" ten="40,8000,1" yaku="1,1,0,1,29,2,53,0" doraHai="17" doraHaiUra="36" who="3" fromWho="3" sc="220,-21,228,-21,260,-41,272,103" /><INIT seed="3,0,0,3,2,127" ten="199,207,219,375" oya="3" hai0="52,5,0,116,40,135,133,57,62,60,68,18,7" hai1="79,126,125,9,104,130,16,55,28,77,70,65,29" hai2="86,15,106,76,13,134,105,23,46,131,90,32,53" hai3="45,64,120,54,96,122,73,42,43,67,110,92,84"/><W124/><G124/><N who="1" m="47722" /><E104/><V66/><F32/><W17/><G73/><T33/><D33/><U109/><E109/><V10/><F134/><N who="0" m="51210" /><D116/><U80/><E130/><V101/><F76/><N who="1" m="29257" /><E80/><V98/><F106/><W119/><G84/><T37/><D0/><U59/><E65/><V132/><F66/><W50/><G17/><T63/><D68/><U97/><E97/><V51/><F132/><W115/><G96/><T113/><D113/><U111/><E70/><V93/><F131/><W20/><G92/><T85/><D85/><U31/><E111/><V1/><F1/><W108/><G20/><T35/><D35/><U21/><E9/><V4/><F23/><W87/><G87/><T3/><D18/><U6/><E6/><N who="0" m="2057" /><D3/><U94/><E94/><N who="2" m="54615" /><F105/><W75/><G75/><T69/><D69/><U103/><E103/><V107/><F107/><W71/><G119/><T72/><D72/><U30/><E30/><V2/><F2/><W89/><G115/><T8/><D8/><U12/><E31/><V100/><F100/><W74/><G74/><T121/><D121/><U26/><E26/><V48/><F13/><W36/><G71/><T118/><D118/><U22/><E22/><V34/><F34/><W123/><G108/><T102/><D102/><U24/><E24/><V27/><F27/><W128/><G110/><T117/><D117/><U56/><E56/><V83/><F83/><W39/><G120/><T19/><D19/><U112/><E112/><V49/><AGARI ba="0,0" hai="4,10,15,46,48,49,51,53,93,98,101" m="54615" machi="49" ten="30,1100,0" yaku="8,1" doraHai="127" who="2" fromWho="2" sc="199,-3,207,-3,219,11,375,-5" /><INIT seed="4,0,0,5,0,68" ten="196,204,230,370" oya="0" hai0="83,57,40,80,135,14,19,132,34,9,126,119,49" hai1="50,111,0,18,79,48,115,81,124,56,12,97,129" hai2="73,61,38,76,22,11,31,1,100,67,29,37,99" hai3="101,82,70,51,16,45,104,27,102,87,55,23,33"/><T113/><D119/><U93/><E111/><V41/><F41/><W72/><G72/><T32/><D113/><U4/><E115/><V123/><F123/><W5/><G70/><T20/><D126/><U134/><E124/><V128/><F128/><W30/><G104/><T133/><D9/><U130/><E134/><V117/><F117/><W114/><G5/><T62/><D49/><U107/><E107/><V69/><F1/><W13/><REACH who="3" step="1"/><G114/><REACH who="3" ten="196,204,230,360" step="2"/><T90/><D133/><U92/><E4/><V116/><F73/><W71/><G71/><T91/><D135/><U85/><E129/><V52/><F69/><W65/><G65/><T2/><D132/><U8/><E130/><V84/><F67/><W96/><G96/><T109/><D109/><U63/><E0/><V54/><F99/><W74/><G74/><T89/><D2/><U94/><E97/><V108/><F108/><W25/><G25/><T7/><D7/><U47/><E47/><V75/><F75/><W6/><G6/><T106/><D106/><U78/><E78/><AGARI ba="0,1" hai="13,16,23,27,30,33,45,51,55,78,82,87,101,102" machi="78" ten="30,8000,1" yaku="1,1,7,1,54,1,53,2" doraHai="68" doraHaiUra="98" who="3" fromWho="1" sc="196,0,204,-80,230,0,360,90" /><INIT seed="5,0,0,4,3,11" ten="196,124,230,450" oya="1" hai0="18,75,8,39,57,46,41,61,59,17,24,25,36" hai1="110,98,121,5,119,31,95,100,70,78,63,114,14" hai2="131,40,32,16,0,130,82,23,33,45,20,71,135" hai3="34,9,72,30,56,96,80,2,38,118,60,90,47"/><U7/><E119/><V106/><F135/><W27/><G118/><T22/><D75/><U126/><E121/><V44/><F0/><W113/><G113/><T94/><D39/><U108/><E114/><V103/><F71/><W117/><G117/><T127/><D127/><U28/><E126/><V109/><F109/><N who="1" m="42089" /><E78/><V73/><F73/><W101/><G38/><T84/><D61/><U29/><E14/><N who="2" m="9239" /><F82/><W68/><G68/><T112/><D112/><U37/><E37/><N who="2" m="21519" /><F45/><W105/><G47/><T92/><D25/><U93/><E93/><V89/><F23/><W43/><G43/><T58/><REACH who="0" step="1"/><D84/><REACH who="0" ten="186,124,230,450" step="2"/><U107/><E107/><V4/><F106/><W125/><G105/><T67/><D67/><AGARI ba="0,1" hai="5,7,28,29,31,63,67,70,95,98,100" m="42089" machi="67" ten="30,1500,0" yaku="10,1" doraHai="11" who="1" fromWho="0" sc="186,-15,124,25,230,0,450,0" /><INIT seed="5,1,0,5,2,53" ten="171,149,230,450" oya="1" hai0="14,67,27,33,105,74,130,48,71,118,97,24,10" hai1="95,64,54,86,21,109,50,61,11,128,2,108,52" hai2="46,63,55,76,79,4,126,135,120,39,60,26,122" hai3="117,77,114,133,94,7,129,30,56,38,9,23,8"/><U28/><E128/><V92/><F126/><W19/><G38/><T99/><D74/><U35/><E35/><V31/><F135/><W5/><G114/><T32/><D118/><U13/><E2/><V18/><F4/><N who="3" m="1611" /><G133/><T104/><D130/><U1/><E1/><V84/><F18/><W25/><G77/><T110/><D67/><U22/><E108/><V91/><F60/><W123/><G123/><T43/><D71/><U68/><E109/><V124/><F124/><W78/><G78/><T102/><D110/><U16/><E28/><V42/><F76/><W119/><G56/><T57/><D43/><U82/><E95/><V83/><F55/><W125/><G94/><T75/><D75/><U112/><E112/><V111/><F63/><W41/><G41/><T0/><D0/><U115/><E115/><V73/><REACH who="2" step="1"/><F111/><REACH who="2" ten="171,149,220,450" step="2"/><W3/><G125/><T29/><D29/><U113/><E113/><V85/><F85/><W101/><G129/><T69/><D69/><U106/><E54/><V59/><F59/><W81/><G19/><T37/><D57/><N who="1" m="36911" /><E106/><V66/><F66/><W34/><G3/><T17/><D105/><U80/><E68/><V93/><F93/><W12/><G81/><N who="1" m="31338" /><E86/><V131/><F131/><W103/><G119/><T6/><D104/><U15/><E15/><V88/><F88/><W58/><G117/><T121/><D14/><U107/><E107/><V47/><F47/><AGARI ba="1,1" hai="11,13,16,21,22,47,50,52" m="31338,36911" machi="47" ten="30,11600,0" yaku="8,1,52,1,54,2" doraHai="53" who="1" fromWho="2" sc="171,0,149,129,220,-119,450,0" /><INIT seed="5,2,0,5,0,45" ten="171,278,101,450" oya="1" hai0="69,66,31,22,36,46,38,51,97,130,20,3,56" hai1="59,96,5,24,65,17,82,55,37,34,64,90,93" hai2="43,88,116,4,114,124,110,118,122,126,28,32,50" hai3="30,134,92,131,19,10,100,125,44,74,72,115,84"/><U41/><E5/><V129/><F110/><W29/><G74/><T57/><D3/><U86/><E41/><V79/><F122/><W49/><G72/><T107/><D107/><U42/><E42/><V39/><F39/><N who="0" m="14890" /><D97/><U52/><E37/><V89/><F129/><W112/><G125/><N who="2" m="48233" /><F79/><W71/><G71/><T98/><D98/><U47/><E34/><V119/><F4/><W128/><G134/><T76/><D31/><N who="3" m="11785" /><G19/><T2/><D20/><N who="1" m="13327" /><E47/><N who="2" m="25983" /><F114/><N who="3" m="43563" /><G10/><T26/><D130/><U105/><E105/><V9/><F9/><W11/><G11/><T63/><D76/><N who="1" m="46407" /><E55/><V58/><F58/><W117/><G117/><N who="2" m="29953" /><V7/><DORA hai="135" /><F7/><W94/><G131/><T61/><D57/><U16/><E16/><V121/><F121/><W23/><G128/><T6/><D56/><U77/><E77/><V85/><F85/><W103/><G84/><T80/><D6/><U1/><E1/><V104/><F104/><W60/><G60/><AGARI ba="2,0" hai="52,59,60,64,65,90,93,96" m="46407,13327" machi="60" ten="30,5800,0" yaku="25,1,8,1,54,1" doraHai="45,135" who="1" fromWho="3" sc="171,0,278,64,101,0,450,-64" /><INIT seed="5,3,0,4,4,121" ten="171,342,101,386" oya="1" hai0="114,0,73,39,95,37,2,84,107,86,61,13,81" hai1="116,64,43,59,87,89,14,82,75,72,117,23,45" hai2="131,3,135,17,10,77,19,49,78,79,128,101,67" hai3="129,31,123,57,68,26,130,69,66,21,51,97,25"/><U102/><E102/><V125/><F125/><W18/><G123/><T122/><D107/><U85/><E72/><V52/><F135/><W74/><G74/><T7/><D114/><U4/><E75/><V33/><F33/><N who="3" m="20719" /><G97/><T28/><D28/><U47/><E47/><N who="2" m="27711" /><F67/><W110/><G110/><T22/><D73/><U104/><E104/><V5/><F101/><W34/><G34/><T6/><D61/><N who="1" m="37951" /><E116/><V109/><F109/><W58/><G51/><T50/><D22/><U55/><E43/><V127/><F127/><W62/><G68/><T106/><D95/><U119/><E119/><V70/><F70/><W115/><G115/><T44/><D50/><N who="1" m="29135" /><E117/><V133/><F133/><W94/><G94/><T83/><D106/><U24/><E87/><V56/><F56/><W124/><G124/><T108/><D122/><U91/><E4/><V15/><F3/><W71/><G71/><T105/><D105/><U65/><E65/><V1/><F1/><W111/><G111/><T99/><D108/><U96/><E14/><V118/><F118/><W54/><G54/><T20/><D13/><U112/><E112/><V93/><F93/><W103/><G103/><T12/><D12/><U80/><E96/><V11/><F11/><W60/><G60/><T76/><D99/><U126/><E126/><V9/><F9/><W30/><G30/><T29/><D29/><N who="1" m="17567" /><E82/><V53/><F53/><W36/><G36/><T63/><D39/><U42/><E42/><V40/><F40/><W38/><G38/><T132/><D37/><U16/><E16/><N who="2" m="6219" /><F10/><W41/><G41/><T35/><D0/><RYUUKYOKU ba="3,0" sc="171,-30,342,10,101,10,386,10" hai1="80,85,89,91" hai2="5,15,77,78,79,128,131" hai3="18,21,26,57,58,62,66,69,129,130" /><INIT seed="5,4,0,3,4,132" ten="141,352,111,396" oya="1" hai0="62,70,55,81,1,99,11,68,104,10,95,51,76" hai1="48,79,64,25,33,5,102,8,2,28,34,42,86" hai2="65,128,107,89,40,39,63,97,4,53,43,77,116" hai3="27,105,134,6,123,32,23,12,75,60,73,115,133"/><U49/><E102/><V111/><F111/><W16/><G105/><T52/><D104/><U50/><E64/><V46/><F116/><W31/><G123/><T17/><D1/><U129/><E129/><V22/><F128/><W82/><G115/><T19/><D70/><U84/><E42/><V74/><F40/><W125/><G125/><T131/><D131/><U100/><E100/><V0/><F107/><W44/><G44/><T94/><D68/><U85/><REACH who="1" step="1"/><E33/><REACH who="1" ten="141,342,111,396" step="2"/><V20/><F65/><W110/><G110/><T127/><D55/><U88/><E88/><V18/><F89/><W29/><G133/><T36/><D52/><U41/><E41/><V114/><F43/><W59/><G134/><T78/><D36/><U96/><E96/><V9/><F97/><W124/><G124/><T91/><D127/><U108/><E108/><V58/><F39/><W113/><G113/><T13/><D99/><U61/><E61/><V54/><F114/><W80/><G32/><T112/><D62/><U93/><E93/><V98/><F98/><W121/><G121/><T103/><D103/><U122/><E122/><V87/><F53/><N who="3" m="33903" /><G73/><T106/><D112/><U47/><E47/><V38/><F74/><W24/><G75/><T135/><D135/><U14/><E14/><N who="2" m="9303" /><F46/><W117/><G117/><T71/><D95/><U57/><E57/><V83/><F38/><W66/><G66/><T119/><D94/><U37/><E37/><V3/><F3/><W90/><G90/><T21/><D91/><U30/><E30/><N who="3" m="11274" /><G27/><T109/><D109/><U35/><E35/><V45/><F45/><RYUUKYOKU ba="4,1" sc="141,-30,342,10,111,10,396,10" hai1="2,5,8,25,28,34,48,49,50,79,84,85,86" hai2="0,4,9,22,54,58,63,77,83,87" hai3="6,12,16,23,24,80,82" /><INIT seed="5,5,1,0,0,73" ten="111,352,121,406" oya="1" hai0="124,24,108,113,93,53,37,1,56,36,101,120,26" hai1="115,86,109,76,118,114,6,8,41,112,131,17,38" hai2="46,5,92,57,96,98,44,10,79,29,52,110,105" hai3="83,12,11,40,84,27,66,133,28,89,25,82,19"/><U74/><E118/><V23/><F110/><W75/><G133/><T106/><D106/><U97/><E109/><V31/><F105/><W47/><G66/><T69/><D69/><U49/><E74/><V125/><F125/><W95/><G75/><T134/><D108/><U2/><E38/><V123/><F123/><W67/><G67/><T32/><D1/><U129/><E97/><N who="2" m="37483" /><F79/><W59/><G59/><T103/><D93/><U15/><E41/><V126/><F92/><W63/><G63/><T65/><D65/><U130/><E49/><N who="2" m="30863" /><F126/><W7/><G7/><T48/><D37/><U42/><E42/><V4/><F23/><W70/><G70/><T62/><D36/><U71/><E71/><V51/><F10/><W135/><G135/><T90/><D134/><U88/><E76/><V77/><F77/><W72/><G72/><T122/><D124/><U43/><E43/><N who="2" m="24991" /><F46/><W81/><G28/><AGARI ba="5,1" hai="4,5,28,29,31" m="24991,30863,37483" machi="28" ten="30,2000,0" yaku="8,1,54,1" doraHai="73" who="2" fromWho="3" sc="111,0,352,0,121,45,406,-35" /><INIT seed="6,0,0,0,5,43" ten="111,352,166,371" oya="2" hai0="30,86,74,118,108,11,135,9,24,81,132,92,18" hai1="49,54,39,87,78,104,2,73,1,123,57,124,31" hai2="105,16,56,103,121,102,4,99,114,66,34,47,41" hai3="32,106,33,42,17,75,98,129,80,36,90,59,51"/><V29/><F121/><W79/><G129/><T52/><D108/><U14/><E73/><V133/><F102/><W101/><G36/><T7/><D74/><U120/><E104/><V50/><F114/><W60/><G90/><T15/><D118/><U68/><E68/><V88/><F133/><N who="0" m="51274" /><D92/><U19/><E39/><V93/><F4/><W55/><REACH who="3" step="1"/><G17/><REACH who="3" ten="111,352,166,361" step="2"/><T82/><D86/><U97/><E97/><V65/><F16/><W131/><G131/><T48/><D18/><U100/><E100/><V20/><F88/><W130/><G130/><T89/><D89/><U10/><E31/><V117/><F29/><W91/><G91/><T109/><D109/><U8/><E124/><V64/><F103/><W96/><G96/><T69/><D11/><U0/><REACH who="1" step="1"/><E10/><REACH who="1" ten="111,342,166,361" step="2"/><V72/><F99/><W67/><G67/><T45/><D69/><U61/><E61/><V77/><F64/><W71/><G71/><T22/><AGARI ba="0,2" hai="7,9,15,22,24,30,45,48,52,81,82" m="51274" machi="22" ten="30,4000,0" yaku="20,1,52,1,54,1" doraHai="43" who="0" fromWho="0" sc="111,60,342,-10,166,-20,361,-10" /><INIT seed="7,0,0,1,5,35" ten="171,332,146,351" oya="3" hai0="82,112,87,59,17,123,32,6,102,49,5,9,106" hai1="48,83,129,64,25,74,128,73,116,13,99,134,121" hai2="93,46,57,33,61,40,108,126,18,54,21,107,47" hai3="133,66,104,27,80,39,96,44,12,69,124,71,37"/><W98/><G124/><T100/><D32/><U132/><E121/><V28/><F108/><W8/><G133/><N who="1" m="51306" /><E116/><V16/><F107/><W97/><G104/><T78/><D123/><U14/><E64/><V131/><F126/><W4/><G66/><T117/><D112/><U122/><E122/><V86/><F131/><N who="1" m="50249" /><E99/><V105/><F105/><W120/><G120/><T118/><D17/><N who="2" m="6762" /><F33/><W29/><G80/><T111/><D111/><U7/><E25/><N who="2" m="16431" /><F40/><W88/><G88/><T53/><D118/><U10/><E48/><V81/><F93/><W38/><REACH who="3" step="1"/><G44/><REACH who="3" ten="171,332,146,341" step="2"/><T113/><D117/><U109/><E109/><V31/><F31/><W89/><G89/><AGARI ba="0,1" hai="46,47,54,57,61,81,86,89" m="16431,6762" machi="89" ten="30,2000,0" yaku="8,1,54,1" doraHai="35" who="2" fromWho="3" sc="171,0,332,0,146,30,341,-20" owari="171,-33.0,332,43.0,176,-22.0,321,12.0" /></mjloggm>