<mjloggm ver="2.3"><GO type="97" lobby="0"/><UN n0="%6F%72%7A%2D%6F%72%7A" n1="%E5%B0%B1%E6%B4%BB%E7%94%9F%40%E5%B7%9D%E6%9D%91%E8%BB%8D%E5%9B%A3" n2="%54%40%4B%79%6F%79%61" n3="%E3%83%94%E3%83%B3%E3%82%AF%E7%88%BA" dan="13,15,14,13" rate="1897.58,1962.87,1994.63,1866.67" sx="M,M,M,M"/><TAIKYOKU oya="0"/><INIT seed="0,0,0,1,1,34" ten="250,250,250,250" oya="0" hai0="20,8,55,72,88,85,96,98,30,114,90,101,59" hai1="135,121,79,87,27,124,129,99,36,42,66,86,40" hai2="46,133,120,43,0,113,38,76,32,134,60,94,41" hai3="80,25,130,52,116,112,45,109,78,53,24,84,7"/><T111/><D72/><U61/><E121/><V22/><F120/><W26/><G116/><T62/><D114/><U16/><E129/><V97/><F32/><W37/><G112/><T132/><D8/><U17/><E124/><V115/><F43/><N who="1" m="16425" /><E36/><V10/><F22/><W31/><G130/><T75/><D75/><U21/><E135/><N who="2" m="51723" /><F76/><W58/><G109/><T57/><D132/><U14/><E99/><N who="0" m="37929" /><D101/><U118/><E118/><V117/><F60/><W63/><G7/><T49/><D111/><U102/><E102/><N who="2" m="60727" /><F117/><W119/><G119/><T50/><D20/><N who="1" m="11287" /><E79/><V67/><F67/><W5/><G5/><AGARI ba="0,0" hai="0,5,10,38,41,46,113,115" m="60727,51723" machi="5" ten="30,2000,0" yaku="20,1,52,1" doraHai="34" who="2" fromWho="3" sc="250,0,250,0,250,20,250,-20" /><INIT seed="1,0,0,4,3,69" ten="250,250,270,230" oya="1" hai0="24,8,27,61,121,80,36,115,22,52,104,55,78" hai1="43,70,77,53,1,32,120,57,110,76,97,124,31" hai2="47,56,122,126,128,106,4,134,127,72,93,33,89" hai3="75,96,71,73,88,29,11,23,67,123,13,14,18"/><U82/><E120/><V109/><F122/><W62/><G123/><T83/><D121/><RYUUKYOKU type="kaze4" ba="0,0" sc="250,0,250,0,270,0,230,0" /><INIT seed="1,1,0,0,1,118" ten="250,250,270,230" oya="1" hai0="72,60,20,128,17,12,3,100,33,107,46,32,13" hai1="34,19,50,49,105,102,97,96,109,18,6,67,129" hai2="115,111,94,101,58,22,62,121,37,133,106,99,57" hai3="48,55,30,88,84,39,54,70,26,130,113,51,64"/><U2/><E34/><V53/><F37/><W38/><G113/><T93/><D107/><U98/><E129/><V35/><F35/><W127/><G130/><T131/><D72/><U0/><E67/><V66/><F115/><W82/><G127/><T41/><D3/><U119/><E119/><V78/><F78/><W56/><G64/><T77/><D77/><U59/><E109/><V79/><F79/><W125/><G70/><T75/><D75/><U1/><E6/><V135/><F111/><W29/><G125/><T87/><D33/><U23/><E19/><V112/><F112/><W108/><G108/><T95/><D32/><U21/><E21/><V81/><F81/><W42/><G42/><T25/><D60/><U24/><REACH who="1" step="1"/><E50/><REACH who="1" ten="250,240,270,230" step="2"/><V132/><F22/><W124/><G124/><T73/><D131/><U91/><E91/><V83/><F66/><W4/><G4/><T92/><D128/><U40/><E40/><V10/><F135/><W114/><G114/><T28/><D28/><U122/><E122/><V52/><F121/><W44/><G30/><T120/><D120/><U65/><E65/><V31/><F31/><W110/><G110/><T7/><D7/><U11/><E11/><V86/><F10/><W63/><G63/><T69/><D69/><U117/><E117/><V76/><F133/><W14/><G38/><T27/><D100/><U36/><E36/><V45/><F132/><W104/><G39/><T15/><D41/><U9/><E9/><V16/><F16/><W126/><G126/><T85/><D17/><U134/><E134/><V123/><F123/><RYUUKYOKU ba="1,1" sc="250,-10,240,30,270,-10,230,-10" hai1="0,1,2,18,23,24,49,59,96,97,98,102,105" /><INIT seed="1,2,1,4,1,64" ten="240,270,260,220" oya="1" hai0="33,78,4,117,60,89,102,119,55,126,37,18,75" hai1="27,135,87,112,86,96,72,79,104,39,10,122,20" hai2="41,28,13,30,54,66,80,109,65,49,45,108,24" hai3="116,113,58,101,125,44,16,76,130,128,120,107,50"/><U51/><E39/><V38/><F13/><W43/><G120/><T90/><D37/><U103/><E122/><V11/><F11/><W5/><G113/><T98/><D33/><U118/><E112/><V21/><F80/><W110/><G116/><N who="0" m="44619" /><D4/><U84/><E118/><V106/><F106/><W57/><G110/><N who="2" m="42601" /><F30/><W81/><G125/><T1/><D1/><U132/><E10/><V93/><F93/><W134/><G134/><N who="1" m="51242" /><E51/><V105/><F105/><W47/><G5/><T0/><D0/><U85/><E85/><V23/><F23/><W40/><G107/><N who="0" m="63959" /><D18/><N who="1" m="12695" /><E72/><V97/><F97/><W35/><G16/><T99/><D126/><U29/><E29/><V61/><F61/><W31/><G101/><T48/><D60/><U62/><E62/><V70/><F70/><W32/><G31/><T56/><D75/><U17/><E17/><V9/><F9/><W111/><G111/><T68/><D78/><AGARI ba="2,1" hai="78,79,84,86,87,96,103,104" m="12695,51242" machi="78" ten="30,1500,0" yaku="20,1" doraHai="64" who="1" fromWho="0" sc="240,-21,270,31,260,0,220,0" /><INIT seed="1,3,0,3,0,128" ten="219,301,260,220" oya="1" hai0="94,134,101,120,47,122,92,111,84,117,113,42,27" hai1="59,11,123,26,115,87,91,77,9,23,57,35,52" hai2="13,34,96,109,36,95,20,118,107,79,16,74,51" hai3="3,7,24,40,110,108,30,38,5,21,53,82,4"/><U127/><E123/><N who="0" m="47145" /><D117/><U132/><E35/><V103/><F118/><W80/><G3/><T1/><D113/><U124/><E115/><V8/><F36/><W64/><G64/><T66/><D1/><U106/><E77/><V90/><F34/><W86/><G86/><T126/><D66/><U55/><E106/><V130/><F130/><W32/><G32/><T48/><D126/><N who="1" m="48171" /><E132/><V62/><F109/><N who="3" m="42091" /><G53/><N who="1" m="20554" /><E57/><V112/><F112/><W65/><G65/><T99/><D111/><U33/><E33/><V72/><F62/><W43/><G43/><T102/><D27/><U116/><E59/><V73/><F51/><W12/><G12/><T58/><D58/><U61/><E61/><V71/><F71/><W54/><G54/><T129/><D129/><U89/><E116/><V98/><F79/><W2/><G2/><T25/><D25/><U22/><E26/><V78/><F78/><W119/><G119/><T83/><D102/><U41/><E41/><V18/><F74/><W63/><G63/><T49/><D49/><U37/><E37/><V88/><F90/><N who="1" m="34313" /><E87/><V15/><AGARI ba="3,0" hai="8,13,15,16,18,20,72,73,88,95,96,98,103,107" machi="15" ten="20,5200,0" yaku="0,1,7,1,54,2" doraHai="128" who="2" fromWho="2" sc="219,-16,301,-29,260,61,220,-16" /><INIT seed="2,0,0,4,2,65" ten="203,272,321,204" oya="2" hai0="134,104,101,53,55,31,68,58,100,21,79,59,33" hai1="90,122,132,107,105,119,81,112,23,103,19,17,73" hai2="13,5,99,64,14,42,36,12,25,3,109,86,115" hai3="128,47,83,108,0,78,39,50,121,45,67,49,87"/><V124/><F115/><W11/><G121/><T133/><D33/><U4/><E119/><V29/><F42/><W131/><G39/><T95/><D104/><U37/><E112/><V60/><F36/><W89/><G108/><T20/><D79/><U15/><E37/><V125/><F109/><W80/><G67/><T96/><D31/><U71/><E4/><V69/><F86/><W70/><G70/><T30/><D30/><U62/><E132/><V7/><F99/><W92/><G83/><T43/><D43/><U102/><E122/><V24/><F24/><W123/><G123/><T77/><D77/><U94/><E105/><V22/><REACH who="2" step="1"/><F3/><REACH who="2" ten="203,272,311,204" step="2"/><W66/><G0/><T54/><D134/><U48/><E73/><V82/><F82/><W34/><G131/><T118/><D133/><U110/><E81/><V16/><F16/><W93/><G128/><T135/><D135/><U63/><E19/><V120/><F120/><W52/><G80/><T41/><D118/><U129/><E129/><V2/><F2/><W57/><G87/><T84/><D41/><U1/><E1/><V116/><F116/><W72/><G72/><T38/><D84/><U32/><E110/><V114/><F114/><W75/><G75/><T76/><D38/><U46/><E17/><V35/><F35/><W127/><G34/><T18/><D18/><U9/><E32/><V8/><F8/><W97/><G11/><T28/><D76/><U56/><E9/><V44/><F44/><W74/><G74/><T40/><D40/><U98/><E46/><V10/><F10/><W106/><G45/><RYUUKYOKU ba="0,1" sc="203,-10,272,-10,311,30,204,-10" hai2="5,7,12,13,14,22,25,29,60,64,69,124,125" /><INIT seed="2,1,1,5,1,60" ten="193,262,341,194" oya="2" hai0="64,77,47,29,120,31,73,118,82,74,54,65,37" hai1="53,116,96,125,134,58,39,18,1,135,86,132,33" hai2="0,93,17,111,35,115,94,25,28,98,27,32,124" hai3="109,13,89,85,24,78,114,130,87,83,95,121,129"/><V61/><F115/><W81/><G24/><T48/><D120/><U69/><E116/><V44/><F0/><W112/><G13/><T46/><D118/><U62/><E125/><V12/><F124/><W102/><G121/><T128/><D128/><N who="3" m="49257" /><G109/><T79/><D37/><U91/><E39/><V34/><F111/><W66/><G66/><T3/><D3/><U56/><E1/><V105/><F27/><W50/><G50/><T80/><D48/><U55/><E33/><V131/><F131/><W113/><G102/><T106/><D106/><U107/><E69/><V108/><F108/><W59/><G59/><T104/><D104/><U51/><E18/><V122/><F122/><W49/><G49/><T110/><D110/><U36/><E36/><V127/><F127/><W40/><G40/><T67/><REACH who="0" step="1"/><D64/><REACH who="0" ten="183,262,341,194" step="2"/><U76/><E107/><V70/><F105/><W19/><G19/><T72/><D72/><U88/><E96/><V97/><F98/><N who="3" m="57711" /><G81/><AGARI ba="1,2" hai="51,53,55,56,58,62,76,81,86,88,91,132,134,135" machi="81" ten="40,2600,0" yaku="20,1,54,1" doraHai="60" who="1" fromWho="3" sc="183,0,262,49,341,0,194,-29" /><INIT seed="3,0,0,1,1,90" ten="183,311,341,165" oya="3" hai0="9,85,12,7,21,8,20,116,63,48,67,37,120" hai1="119,130,81,56,68,72,96,33,79,51,19,122,60" hai2="24,45,131,49,40,3,50,82,95,62,0,2,127" hai3="30,89,71,36,109,16,84,25,115,118,10,128,83"/><W102/><G118/><T44/><D116/><U34/><E122/><V69/><F127/><W101/><G115/><T35/><D37/><U66/><E130/><V86/><F131/><W41/><G128/><T1/><D120/><U38/><E38/><V47/><F24/><W43/><G71/><T104/><D104/><U54/><E119/><V6/><F6/><W46/><G109/><T59/><D35/><U74/><E74/><V22/><F22/><W17/><G41/><T18/><D85/><U31/><E31/><V61/><F69/><W99/><G10/><T100/><D100/><U91/><E19/><V125/><F125/><W73/><G73/><T78/><D78/><U27/><E27/><V88/><REACH who="2" step="1"/><F82/><REACH who="2" ten="183,311,331,165" step="2"/><W92/><REACH who="3" step="1"/><G102/><REACH who="3" ten="183,311,331,155" step="2"/><T124/><REACH who="0" step="1"/><D124/><REACH who="0" ten="173,311,331,155" step="2"/><U123/><E123/><V5/><F5/><W39/><G39/><T58/><D58/><U55/><E68/><V80/><F80/><W11/><G11/><T26/><D26/><U134/><E56/><V121/><F121/><W103/><G103/><T15/><D15/><U135/><E72/><V32/><F32/><AGARI ba="0,3" hai="16,17,25,30,32,36,43,46,83,84,89,92,99,101" machi="32" ten="30,11600,0" yaku="1,1,7,1,52,1,54,1,53,0" doraHai="90" doraHaiUra="52" who="3" fromWho="2" sc="173,0,311,0,331,-116,155,146" /><INIT seed="3,1,0,3,5,42" ten="173,311,215,301" oya="3" hai0="84,7,12,101,116,115,90,64,32,28,31,14,49" hai1="34,72,52,26,43,56,89,17,9,126,24,48,0" hai2="83,15,100,68,62,81,3,61,71,117,6,110,69" hai3="112,19,51,107,86,85,124,108,114,8,50,128,46"/><W57/><G107/><T38/><D38/><U29/><E72/><V1/><F100/><W104/><G104/><T82/><D82/><U121/><E121/><V88/><F117/><W18/><G114/><T133/><D133/><U127/><E43/><V113/><F113/><W119/><G119/><T129/><D129/><U97/><E0/><V4/><F15/><N who="3" m="7527" /><G112/><T60/><D60/><U40/><E40/><V11/><F71/><W36/><G36/><T25/><D25/><U134/><E134/><V55/><F110/><W105/><G105/><T65/><D116/><U78/><E78/><V27/><F27/><W70/><G70/><T118/><D115/><U79/><E79/><V10/><REACH who="2" step="1"/><F55/><REACH who="2" ten="173,311,205,301" step="2"/><N who="3" m="31991" /><G128/><T122/><D118/><U106/><E26/><V23/><F23/><W33/><G33/><T73/><D32/><U16/><E9/><V37/><F37/><W30/><G108/><T35/><D122/><U21/><E34/><V102/><F102/><W96/><G124/><N who="1" m="47658" /><E106/><V92/><F92/><AGARI ba="1,1" hai="16,17,21,24,29,48,52,56,89,92,97" m="47658" machi="92" ten="30,3900,0" yaku="18,1,54,2" doraHai="42" who="1" fromWho="2" sc="173,0,311,52,205,-42,301,0" owari="173,-23.0,363,47.0,163,-34.0,301,10.0" /></mjloggm>