<mjloggm ver="2.3"><GO type="41" lobby="0"/><UN n0="%E8%8A%B1%E3%81%B3%E3%82%89%E5%A4%A7%E5%9B%9E%E8%BB%A2" n1="%43%55%42%45%2D%4A" n2="%E5%B0%B1%E6%B4%BB%E7%94%9F%40%E5%B7%9D%E6%9D%91%E8%BB%8D%E5%9B%A3" n3="%67%61%72%75%63%69%61" dan="13,13,15,13" rate="1829.48,1900.43,2015.78,1852.11" sx="M,M,M,M"/><TAIKYOKU oya="0"/><INIT seed="0,0,0,2,1,68" ten="250,250,250,250" oya="0" hai0="135,43,87,29,132,106,52,65,51,3,122,115,134" hai1="105,28,124,33,127,119,42,41,21,71,45,101,5" hai2="117,126,15,46,7,121,59,131,113,76,74,73,8" hai3="104,11,118,86,53,84,90,130,35,85,30,37,60"/><T95/><D115/><U54/><E71/><V47/><F113/><W96/><G118/><T75/><D122/><U61/><E33/><V91/><F117/><W38/><G130/><T93/><D106/><U27/><E42/><V23/><F131/><W63/><G35/><T1/><D75/><U78/><E78/><V6/><F121/><W112/><G112/><T44/><D65/><U64/><E54/><V110/><F110/><W56/><G30/><T72/><D72/><U88/><E5/><V83/><F126/><W50/><G11/><T26/><D87/><U32/><E21/><V10/><F74/><W81/><G63/><T70/><D70/><N who="1" m="42255" /><E119/><V57/><F91/><W36/><REACH who="3" step="1"/><G60/><REACH who="3" ten="250,250,250,240" step="2"/><T107/><D29/><U24/><E28/><V9/><F23/><W14/><G14/><T66/><D3/><U2/><E2/><V34/><F34/><W108/><G108/><T100/><D1/><U18/><E32/><V98/><F9/><W31/><G31/><T123/><D123/><U39/><E27/><V16/><F8/><W97/><G97/><N who="0" m="61839" /><D26/><U111/><E111/><V129/><F98/><W80/><G80/><T4/><D4/><U125/><E24/><V17/><F129/><W12/><G12/><T49/><D66/><U58/><E127/><V22/><F6/><W114/><G114/><T20/><D20/><U79/><E125/><V19/><REACH who="2" step="1"/><F22/><REACH who="2" ten="250,250,240,240" step="2"/><W103/><AGARI ba="0,2" hai="36,37,38,50,53,56,81,84,85,86,90,96,103,104" machi="103" ten="40,16000,3" yaku="1,1,0,1,52,3,53,3" doraHai="68" doraHaiUra="82" who="3" fromWho="3" sc="250,-80,250,-40,240,-40,240,180" /><INIT seed="1,0,0,4,4,100" ten="170,210,200,420" oya="1" hai0="21,99,119,80,34,83,30,11,109,91,27,87,20" hai1="85,89,131,15,46,102,24,129,33,40,16,52,71" hai2="54,103,106,122,86,118,63,36,38,67,6,107,55" hai3="78,39,66,115,44,70,28,130,127,25,12,132,60"/><U53/><E71/><V14/><F118/><W31/><G115/><T113/><D119/><U74/><E74/><V98/><F122/><W125/><G78/><T9/><D113/><U7/><E7/><V4/><F86/><W35/><G12/><T13/><D109/><U42/><E102/><V84/><F84/><W79/><G79/><T41/><D41/><U133/><E133/><V81/><F81/><W62/><G132/><T58/><D58/><U117/><E40/><V68/><F107/><W22/><G130/><N who="1" m="49674" /><E24/><V59/><F54/><W26/><G62/><T32/><D99/><U17/><E33/><V111/><F111/><W114/><G114/><T61/><D61/><U77/><E17/><V121/><F121/><W19/><G19/><N who="0" m="10351" /><D32/><U75/><E75/><V2/><F2/><W112/><G112/><T97/><D34/><U128/><E77/><V1/><F1/><W124/><G44/><T47/><D47/><U73/><E73/><V76/><F76/><W134/><G134/><T37/><D37/><AGARI ba="0,0" hai="22,25,26,28,31,35,37,39,60,66,70,124,125,127" machi="37" ten="40,1300,0" yaku="18,1" doraHai="100" who="3" fromWho="0" sc="170,-13,210,0,200,0,420,13" /><INIT seed="2,0,0,3,2,106" ten="157,210,200,433" oya="2" hai0="94,72,111,23,91,126,7,54,112,34,77,104,55" hai1="61,124,134,120,42,10,108,45,8,2,6,105,119" hai2="1,18,86,102,95,35,56,57,98,63,78,62,5" hai3="70,3,73,109,129,71,22,113,131,0,82,123,68"/><V133/><F35/><W116/><G123/><T11/><D34/><U17/><E105/><V30/><F133/><W101/><G116/><T96/><D112/><U33/><E134/><V135/><F135/><W65/><G65/><T84/><D111/><U79/><E33/><V92/><F1/><N who="3" m="587" /><G101/><N who="0" m="62503" /><D126/><U4/><E124/><V27/><F5/><W36/><G22/><T99/><D99/><U43/><E108/><V16/><F30/><W114/><G109/><T13/><D23/><U12/><E61/><V87/><F27/><W14/><G14/><T75/><D75/><U41/><E119/><V80/><F86/><W58/><G58/><T44/><D44/><U31/><E31/><V49/><F92/><W100/><G100/><T51/><D51/><U103/><E17/><V52/><F49/><W32/><G32/><T26/><D26/><U88/><E103/><V21/><F21/><W20/><G20/><T128/><D128/><N who="3" m="49225" /><G36/><T122/><D122/><U90/><E79/><AGARI ba="0,0" hai="68,70,71,73,79,82,113,114" m="49225,587" machi="79" ten="40,5200,0" yaku="19,1,23,1,52,1" doraHai="106" who="3" fromWho="1" sc="157,0,210,-52,200,0,433,52" /><INIT seed="3,0,0,0,5,35" ten="157,158,200,485" oya="3" hai0="109,32,83,13,61,119,99,127,45,37,131,92,116" hai1="14,115,72,94,47,63,22,107,74,39,53,104,28" hai2="71,85,2,56,73,64,87,77,88,118,68,101,128" hai3="70,10,11,79,58,113,75,97,96,4,112,16,121"/><W111/><G70/><T103/><D32/><U122/><E122/><V49/><F118/><W93/><G121/><T27/><D27/><U29/><E39/><V25/><F128/><W21/><G111/><T76/><D131/><U66/><E115/><V59/><F101/><W110/><G110/><T23/><D109/><U90/><E47/><V106/><F106/><W114/><G97/><T41/><D127/><U132/><E53/><V42/><F2/><W133/><G133/><T78/><D78/><U52/><E66/><V105/><F105/><W55/><G79/><T86/><D61/><U91/><E14/><V62/><F73/><W1/><G75/><T124/><D124/><U57/><E22/><V98/><F77/><W43/><G43/><T80/><D80/><U50/><E132/><V19/><F85/><W100/><G11/><T81/><D81/><U54/><E63/><V60/><F98/><W0/><G10/><T120/><D120/><U17/><E57/><V84/><F84/><W7/><G7/><T95/><D95/><U26/><E50/><V134/><F134/><W126/><G4/><T89/><D76/><U6/><E94/><V65/><F49/><N who="3" m="31087" /><G126/><T3/><D3/><U15/><E6/><V102/><F42/><W123/><G123/><T12/><D12/><U8/><E8/><V46/><F46/><W5/><G5/><T44/><D44/><U9/><E9/><V31/><F102/><W135/><G135/><T82/><D82/><U36/><E15/><V51/><F51/><W129/><G129/><T34/><D34/><U18/><E36/><RYUUKYOKU ba="0,0" sc="157,10,158,10,200,-30,485,10" hai0="13,23,37,41,45,83,86,89,92,99,103,116,119" hai1="17,18,26,28,29,52,54,72,74,90,91,104,107" hai3="0,1,16,21,93,96,100,112,113,114" /><INIT seed="3,1,0,4,5,29" ten="167,168,170,495" oya="3" hai0="26,71,117,23,24,5,11,36,123,90,55,56,130" hai1="4,132,85,52,113,94,68,125,44,89,102,34,39" hai2="105,6,112,1,0,46,107,51,133,110,54,41,86" hai3="128,48,15,45,79,109,97,93,40,60,80,111,35"/><W124/><G128/><T12/><D130/><U119/><E68/><V101/><F112/><W53/><G124/><T84/><D117/><U9/><E125/><V63/><F110/><N who="3" m="41995" /><G15/><T49/><D123/><U2/><E119/><V75/><F75/><N who="3" m="43135" /><G35/><T127/><D71/><U120/><E120/><V100/><F133/><W18/><G18/><T14/><D36/><U33/><E132/><V77/><F107/><W88/><G60/><T10/><D127/><U126/><E126/><V66/><F105/><W65/><G65/><T116/><D23/><U57/><E102/><V67/><F67/><W87/><G97/><T8/><D116/><U31/><E31/><V104/><F104/><W69/><G69/><T121/><D121/><U134/><E113/><V131/><F131/><W135/><G135/><T108/><D108/><U83/><E134/><V30/><F30/><W22/><G22/><T96/><D96/><U42/><E83/><V114/><F114/><W122/><G122/><T50/><D50/><AGARI ba="1,0" hai="2,4,9,33,34,39,42,44,50,52,57,85,89,94" machi="50" ten="30,7700,0" yaku="7,1,52,2,54,1" doraHai="29" who="1" fromWho="0" sc="167,-80,168,80,170,0,495,0" /><INIT seed="4,0,0,5,5,23" ten="87,248,170,495" oya="0" hai0="128,65,8,31,10,7,124,70,87,94,22,47,118" hai1="17,64,98,78,117,109,114,96,25,4,38,131,28" hai2="97,80,40,125,55,69,91,93,2,36,73,27,76" hai3="56,42,63,19,21,9,3,39,49,33,6,127,74"/><T32/><D118/><U58/><E38/><V20/><F125/><W81/><G33/><T48/><D124/><U53/><E117/><V35/><F35/><W86/><G74/><T0/><D32/><U108/><E64/><V102/><F2/><W89/><G39/><T95/><D70/><U111/><E4/><V71/><F55/><W77/><G127/><T134/><D65/><U61/><E17/><V84/><F40/><W24/><G77/><T12/><D128/><U83/><E131/><V57/><F57/><W18/><G49/><T34/><D34/><U104/><E114/><V11/><F11/><W14/><G42/><T103/><D134/><U101/><E98/><V129/><F36/><W116/><G116/><T82/><D103/><U99/><E99/><V113/><F113/><W62/><G56/><T67/><D67/><U13/><E13/><V75/><F75/><W50/><G50/><T46/><D0/><U30/><E30/><V119/><F119/><W130/><G130/><T106/><D106/><U132/><E132/><V92/><F129/><W45/><G45/><N who="0" m="16907" /><D48/><U105/><E104/><V133/><F133/><W16/><G3/><T107/><D107/><U44/><E44/><V60/><F60/><AGARI ba="0,0" hai="6,9,14,16,18,19,21,24,60,62,63,81,86,89" machi="60" ten="40,5200,0" yaku="8,1,52,1,54,1" doraHai="23" who="3" fromWho="2" sc="87,0,248,0,170,-52,495,52" /><INIT seed="5,0,0,2,2,116" ten="87,248,118,547" oya="1" hai0="35,93,43,92,81,15,16,5,40,69,19,104,96" hai1="41,12,129,128,8,20,3,71,112,25,64,30,37" hai2="134,83,73,79,127,48,36,10,17,23,91,78,130" hai3="77,28,7,125,113,99,0,38,133,26,68,13,86"/><U57/><E71/><V72/><F36/><W114/><G38/><T85/><D69/><U75/><E75/><V118/><F118/><W2/><G68/><T124/><D35/><U21/><E112/><V98/><F130/><N who="1" m="50281" /><E41/><V74/><F127/><W59/><G125/><T65/><D65/><U120/><E37/><V111/><F134/><W44/><G44/><T34/><D34/><N who="1" m="20815" /><E57/><V132/><F111/><W122/><G122/><T106/><D106/><U58/><E58/><V6/><F132/><W24/><G133/><T108/><D108/><U55/><E64/><V82/><F48/><W66/><G13/><T119/><D119/><U94/><E55/><V102/><F73/><W135/><G7/><T54/><D54/><U95/><E3/><N who="3" m="1066" /><G28/><T45/><D104/><U42/><E42/><V117/><F117/><W97/><G135/><T46/><D43/><U100/><E100/><V62/><F62/><N who="3" m="38239" /><G99/><T61/><D40/><U1/><E1/><V121/><F6/><W47/><G97/><T103/><D96/><U131/><E120/><V33/><F33/><W18/><G47/><T56/><D103/><U110/><E110/><V63/><F63/><W67/><G67/><T88/><D46/><U126/><E126/><V90/><F10/><W109/><G109/><T11/><D45/><U60/><E60/><V76/><F74/><W27/><G18/><N who="0" m="6699" /><D124/><U29/><N who="1" m="50289" /><U39/><DORA hai="101" /><E39/><V52/><F72/><W49/><G49/><T51/><D51/><U4/><E29/><V22/><F52/><W9/><G9/><T32/><D11/><U80/><E80/><AGARI ba="0,0" hai="24,26,27,77,80,86,113,114" m="38239,1066" machi="80" ten="40,1300,0" yaku="6,1" doraHai="116,101" who="3" fromWho="1" sc="87,0,248,-13,118,0,547,13" /><INIT seed="6,0,0,4,1,12" ten="87,235,118,560" oya="2" hai0="101,121,85,133,82,115,39,31,32,47,122,24,6" hai1="26,99,63,7,58,51,35,125,124,16,56,104,18" hai2="100,109,10,68,88,83,76,1,120,34,79,110,71" hai3="81,59,45,48,20,119,53,128,25,28,37,2,80"/><V62/><F120/><W73/><G119/><T89/><D115/><U132/><E7/><N who="2" m="1391" /><F34/><W72/><G2/><T97/><D133/><U41/><E132/><V19/><F100/><W36/><G128/><T113/><D113/><U0/><E0/><V92/><F19/><N who="1" m="7209" /><E104/><V61/><F61/><W134/><G134/><T107/><REACH who="0" step="1"/><D6/><REACH who="0" ten="77,235,118,560" step="2"/><U44/><E99/><N who="2" m="57735" /><F62/><N who="3" m="36207" /><G36/><T38/><D38/><U46/><E63/><V135/><F135/><W129/><G37/><T98/><D98/><U52/><E35/><V123/><F123/><W22/><G73/><T130/><D130/><U84/><E84/><N who="2" m="48231" /><F79/><W111/><G72/><T33/><D33/><U75/><E75/><V105/><F105/><W78/><G129/><T118/><D118/><U94/><E94/><V74/><F74/><W50/><G78/><T3/><D3/><U67/><E67/><V49/><F49/><W17/><G50/><T108/><D108/><AGARI ba="0,1" hai="68,71,108,109,110" m="48231,57735,1391" machi="108" ten="30,2900,0" yaku="10,1,54,1" doraHai="12" who="2" fromWho="0" sc="77,-29,235,0,118,39,560,0" /><INIT seed="6,1,0,3,0,60" ten="48,235,157,560" oya="2" hai0="35,129,75,59,8,52,7,133,94,48,27,92,24" hai1="118,81,93,61,104,0,28,53,135,1,31,84,29" hai2="9,79,14,11,115,116,34,74,124,63,18,117,33" hai3="12,86,102,107,42,41,90,111,100,80,122,134,113"/><V44/><F74/><W10/><G122/><T123/><D123/><U88/><E104/><V54/><F79/><W15/><G111/><T82/><D75/><U119/><E135/><V20/><F115/><W105/><G134/><T85/><D133/><U130/><E130/><V69/><F124/><W21/><G113/><T6/><D129/><U43/><E43/><N who="3" m="16394" /><G107/><T125/><D125/><U101/><E101/><N who="3" m="39018" /><G105/><T64/><D64/><U72/><E72/><V39/><F39/><W40/><G40/><T2/><D6/><U96/><E53/><V131/><F131/><W65/><G65/><T19/><D19/><U49/><E49/><V62/><F34/><W114/><G114/><T110/><D110/><U37/><E61/><V55/><F33/><W17/><G15/><T95/><REACH who="0" step="1"/><D35/><REACH who="0" ten="38,235,157,560" step="2"/><U97/><E37/><V103/><F117/><W3/><G3/><T120/><D120/><U68/><E1/><V78/><F116/><W16/><G17/><T67/><D67/><U36/><E0/><V89/><F69/><W5/><G5/><T22/><D22/><AGARI ba="1,1" hai="10,12,16,21,22,80,86,90" m="39018,16394" machi="22" ten="30,2000,0" yaku="8,1,54,1" doraHai="60" who="3" fromWho="0" sc="38,-23,235,0,157,0,560,33" /><INIT seed="7,0,0,1,1,112" ten="15,235,157,593" oya="3" hai0="47,72,43,96,6,63,76,125,69,18,59,36,105" hai1="118,4,113,15,135,30,114,66,2,41,101,11,98" hai2="62,111,14,27,115,74,110,9,99,85,122,17,131" hai3="92,89,51,109,45,23,38,124,71,16,60,65,120"/><W21/><G120/><T52/><D125/><U73/><E73/><V49/><F74/><W77/><G38/><T116/><D116/><U103/><E41/><V94/><F115/><N who="1" m="44041" /><E66/><V106/><F131/><W50/><G124/><T53/><D6/><U54/><E135/><V7/><F122/><W29/><G77/><T26/><D26/><U34/><E118/><V20/><F106/><W48/><G109/><T61/><D105/><N who="1" m="63671" /><E103/><V24/><F85/><W39/><G29/><T68/><D96/><U126/><E126/><V130/><F130/><W55/><G39/><T25/><D25/><N who="1" m="18767" /><E54/><V82/><F82/><W86/><G23/><T84/><D72/><U67/><E67/><V121/><F121/><W64/><G64/><T57/><D18/><U83/><E83/><V79/><F79/><W90/><G90/><T75/><D75/><U81/><E81/><V102/><F62/><W37/><G37/><T107/><D107/><U80/><E80/><V117/><F117/><W32/><G32/><T46/><D84/><U22/><E22/><V1/><F49/><W3/><G3/><AGARI ba="0,0" hai="2,3,4,11,15" m="18767,63671,44041" machi="3" ten="30,1000,0" yaku="15,1" doraHai="112" who="1" fromWho="3" sc="15,0,235,10,157,0,593,-10" owari="15,-48.0,245,5.0,157,-24.0,583,67.0" /></mjloggm>