<mjloggm ver="2.3"><GO type="41" lobby="0"/><UN n0="%EF%BC%BC%E3%82%84%E3%81%B9%E3%81%87%EF%BC%8F" n1="%E3%82%BD%E3%83%90%E3%81%A1%E3%82%83%E3%82%93" n2="%E5%B0%B1%E6%B4%BB%E7%94%9F%40%E5%B7%9D%E6%9D%91%E8%BB%8D%E5%9B%A3" n3="%61%61%61%66%78" dan="13,13,16,14" rate="1884.47,1848.78,2152.86,2001.75" sx="M,F,M,F"/><TAIKYOKU oya="0"/><INIT seed="0,0,0,2,0,87" ten="250,250,250,250" oya="0" hai0="38,31,119,127,83,89,5,16,69,120,74,77,3" hai1="80,75,23,103,128,132,99,101,117,21,15,126,33" hai2="64,124,42,114,49,46,7,108,11,97,48,88,0" hai3="111,109,17,129,92,60,39,61,37,51,106,78,32"/><T65/><D119/><U14/><E33/><V40/><F114/><W9/><G106/><T115/><D115/><U2/><E2/><V28/><F124/><W96/><G32/><T135/><D120/><U26/><E117/><V107/><F108/><W63/><G78/><T134/><D127/><U30/><E126/><V13/><F64/><W1/><G129/><T86/><D31/><U85/><E75/><V94/><F107/><W118/><G118/><T55/><D38/><U36/><E36/><V47/><REACH who="2" step="1"/><F28/><REACH who="2" ten="250,250,240,250" step="2"/><W122/><G109/><T73/><D65/><U27/><E128/><V123/><F123/><W113/><G111/><T130/><D69/><U70/><E70/><V22/><F22/><W100/><G113/><T68/><D68/><U53/><E132/><N who="0" m="50729" /><D130/><U6/><E23/><V95/><F95/><W35/><G92/><N who="0" m="54327" /><D74/><U110/><E110/><V98/><F98/><W20/><G96/><T58/><D3/><AGARI ba="0,1" hai="0,3,7,11,13,40,42,46,47,48,49,88,94,97" machi="3" ten="40,8000,1" yaku="1,1,9,1,52,1,54,1,53,0" doraHai="87" doraHaiUra="56" who="2" fromWho="0" sc="250,-80,250,0,240,90,250,0" /><INIT seed="1,0,0,5,5,32" ten="170,250,330,250" oya="1" hai0="15,26,72,0,93,84,124,65,98,56,22,39,47" hai1="126,128,52,31,10,29,38,104,24,19,51,68,67" hai2="54,1,48,92,70,81,37,106,30,122,44,76,105" hai3="125,119,134,120,36,101,41,85,113,127,2,132,80"/><U82/><E38/><V95/><F122/><W14/><G101/><T83/><D72/><U28/><E126/><N who="3" m="48138" /><G41/><T94/><D124/><U3/><E128/><V116/><F116/><W55/><G36/><T35/><D35/><U90/><E104/><V59/><F70/><W79/><G120/><T118/><D118/><U91/><E24/><V27/><F1/><W50/><G14/><T78/><D94/><U4/><E19/><V131/><F131/><W17/><G17/><T8/><D0/><U123/><E123/><V74/><F92/><W40/><G119/><T13/><D39/><U43/><E43/><V110/><F110/><W57/><G40/><T34/><D34/><U6/><E6/><V16/><F95/><W20/><G20/><T96/><D47/><U9/><E9/><V25/><F37/><W107/><G107/><T111/><D111/><U130/><E130/><V77/><F77/><W63/><G113/><T117/><D117/><U88/><E67/><V42/><F42/><W11/><G50/><T115/><D115/><U97/><E97/><V121/><F121/><W53/><G53/><T33/><D33/><U99/><E99/><V112/><F112/><W135/><G11/><T86/><D86/><U87/><REACH who="1" step="1"/><E68/><REACH who="1" ten="170,240,330,250" step="2"/><V21/><F105/><W73/><G2/><T46/><D98/><U129/><E129/><V69/><F106/><W58/><G58/><AGARI ba="0,1" hai="3,4,10,28,29,31,51,52,58,82,87,88,90,91" machi="58" ten="40,12000,1" yaku="1,1,52,1,54,2,53,1" doraHai="32" doraHaiUra="45" who="1" fromWho="3" sc="170,0,240,130,330,0,250,-120" /><INIT seed="1,1,0,4,1,78" ten="170,370,330,130" oya="1" hai0="46,58,108,129,123,59,21,64,79,102,71,39,95" hai1="77,104,113,14,90,1,128,109,50,99,118,63,47" hai2="10,60,31,85,24,125,82,135,35,55,22,119,86" hai3="134,20,56,37,5,67,88,94,25,73,105,110,28"/><U84/><E1/><V42/><F119/><W29/><G37/><T33/><D33/><U121/><E118/><V112/><F112/><W18/><G105/><T44/><D71/><U32/><E113/><V51/><F125/><W43/><G73/><T131/><D108/><U19/><E32/><V9/><F135/><W26/><G110/><T130/><D123/><U34/><E34/><V48/><F35/><W97/><G134/><T45/><D79/><U87/><E121/><V83/><F42/><W111/><G111/><T49/><D21/><U98/><E109/><V23/><F23/><W100/><G5/><T53/><D95/><U7/><E7/><V93/><F93/><W126/><G126/><T92/><D92/><N who="1" m="54343" /><E104/><V72/><F72/><W75/><G75/><T116/><D102/><U68/><E68/><V120/><F60/><N who="3" m="38279" /><G43/><T103/><D103/><U3/><E63/><V133/><F133/><W122/><G122/><T15/><D15/><U114/><E128/><V80/><F120/><W16/><G100/><T70/><D116/><U117/><E3/><V8/><F51/><W4/><G4/><T107/><D107/><U91/><E77/><V106/><F106/><W115/><G115/><T127/><D127/><U36/><E36/><V11/><N who="2" m="2560" /><DORA hai="101" /><V52/><REACH who="2" step="1"/><F52/><REACH who="2" ten="170,370,320,130" step="2"/><W61/><G61/><N who="0" m="40207" /><D39/><U76/><E117/><V38/><F38/><W54/><G54/><T6/><D6/><U41/><E114/><V132/><F132/><W27/><G20/><T40/><D40/><U89/><E41/><V62/><F62/><W124/><G124/><T12/><D131/><RYUUKYOKU ba="1,1" sc="170,-15,370,-15,320,15,130,15" hai2="22,24,31,48,55,80,82,83,85,86" hai3="16,18,25,26,27,28,29,88,94,97" /><INIT seed="2,2,1,0,3,94" ten="155,355,335,145" oya="2" hai0="88,127,32,44,86,68,91,111,96,11,61,71,87" hai1="9,5,120,8,17,69,125,23,39,58,89,15,77" hai2="102,55,78,19,24,129,42,105,67,82,10,83,35" hai3="27,118,43,114,72,12,73,115,30,112,13,18,4"/><V21/><F129/><W25/><G43/><T37/><D111/><U106/><E39/><V47/><F35/><N who="3" m="20959" /><G73/><T131/><D131/><U59/><E69/><V16/><F67/><W34/><G72/><T53/><D32/><U97/><E125/><V113/><F113/><W36/><G36/><T6/><D127/><U2/><E77/><V108/><F108/><W81/><G81/><T74/><D74/><U80/><E120/><V0/><F55/><W56/><G56/><T1/><D68/><U84/><E8/><V40/><F40/><W126/><G126/><T29/><D29/><U117/><E117/><V52/><F105/><W20/><G118/><T98/><D71/><U48/><E48/><N who="2" m="28703" /><F0/><W14/><G34/><T66/><D66/><U31/><E31/><V132/><F132/><W38/><G38/><T22/><D22/><U7/><E5/><AGARI ba="2,1" hai="4,5,12,13,14,18,20,25,112,114,115" m="20959" machi="5" ten="40,5200,0" yaku="11,1,34,2" doraHai="94" who="3" fromWho="1" sc="155,0,355,-58,335,0,145,68" /><INIT seed="3,0,0,2,1,30" ten="155,297,335,213" oya="3" hai0="55,116,68,120,6,49,66,62,134,90,32,74,52" hai1="0,135,102,31,114,54,2,40,131,127,64,41,83" hai2="50,37,92,109,47,119,56,97,59,129,27,128,122" hai3="73,61,93,19,60,58,112,91,111,20,38,42,51"/><W14/><G73/><T106/><D116/><U105/><E114/><V126/><F119/><W124/><G112/><T78/><D120/><U53/><E127/><V95/><F122/><W71/><G124/><T125/><D125/><U70/><E131/><N who="2" m="50251" /><F126/><W11/><G38/><T1/><D106/><U29/><E135/><V98/><F109/><W18/><G71/><T7/><D134/><U46/><E105/><V28/><F37/><W133/><G133/><T23/><D55/><U108/><E102/><N who="2" m="60711" /><F50/><W3/><G3/><T69/><D69/><U123/><E70/><V63/><F47/><N who="3" m="26103" /><G58/><T35/><D23/><U118/><E123/><V72/><F72/><W107/><G107/><T121/><D121/><U100/><E118/><V57/><F63/><N who="3" m="24139" /><G111/><T12/><D1/><U26/><E100/><N who="2" m="60511" /><F59/><W94/><G91/><T87/><D74/><U67/><E46/><V15/><F15/><AGARI ba="0,0" hai="11,14,15,18,19,20,93,94" m="24139,26103" machi="15" ten="30,1500,0" yaku="8,1" doraHai="30" who="3" fromWho="2" sc="155,0,297,0,335,-15,213,15" /><INIT seed="3,1,0,5,1,126" ten="155,297,320,228" oya="3" hai0="35,112,22,95,60,23,82,124,71,38,6,88,57" hai1="85,68,118,79,42,107,91,28,106,50,26,51,24" hai2="120,44,74,77,10,2,21,47,100,55,116,83,98" hai3="43,119,75,93,52,66,29,63,104,92,54,115,49"/><W131/><G104/><T58/><D124/><U94/><E68/><V9/><F116/><W96/><G75/><T61/><D71/><U72/><E118/><V7/><F120/><W41/><G115/><T56/><D35/><U14/><E26/><V30/><F10/><W89/><G119/><T45/><D112/><U69/><E69/><V132/><F132/><W37/><G37/><T90/><D6/><U87/><E72/><V16/><F30/><W110/><G29/><T130/><D130/><U111/><E111/><V33/><F55/><W48/><G110/><T86/><D38/><U0/><E0/><V19/><F19/><W97/><G131/><T122/><D122/><U135/><E135/><V114/><F114/><W4/><G4/><T67/><D45/><U8/><E42/><N who="3" m="15882" /><G66/><T25/><D67/><U125/><E106/><V65/><F65/><W11/><G11/><T5/><D5/><U105/><E105/><V12/><REACH who="2" step="1"/><F33/><REACH who="2" ten="155,297,310,228" step="2"/><W62/><G54/><T13/><D23/><N who="1" m="15391" /><E125/><V128/><F128/><W101/><G48/><T73/><D22/><U127/><E127/><V113/><F113/><W80/><G80/><T121/><D82/><N who="1" m="47327" /><E107/><AGARI ba="1,1" hai="2,7,9,12,16,21,44,47,74,77,83,98,100,107" machi="107" ten="30,7700,0" yaku="1,1,7,1,54,1,53,1" doraHai="126" doraHaiUra="32" who="2" fromWho="1" sc="155,0,297,-80,310,90,228,0" /><INIT seed="4,0,0,1,4,41" ten="155,217,400,228" oya="0" hai0="56,99,133,102,49,109,22,24,32,93,8,34,129" hai1="45,98,16,17,116,18,95,120,53,39,60,111,3" hai2="134,57,55,26,123,23,91,104,83,37,94,125,115" hai3="107,131,80,113,1,68,85,66,124,36,64,59,135"/><T114/><D114/><U44/><E3/><V87/><F104/><W74/><RYUUKYOKU type="yao9" ba="0,0" sc="155,0,217,0,400,0,228,0" hai3="1,36,59,64,66,68,74,80,85,107,113,124,131,135" /><INIT seed="4,1,0,4,3,25" ten="155,217,400,228" oya="0" hai0="69,64,92,93,97,54,49,124,103,108,85,21,3" hai1="46,59,33,128,79,2,86,111,75,36,135,58,65" hai2="105,5,8,133,125,88,9,55,67,35,34,42,127" hai3="40,73,15,104,26,132,63,77,114,113,70,126,48"/><T72/><D72/><U47/><E75/><V6/><F105/><W95/><G104/><T10/><D124/><N who="2" m="47690" /><F42/><W52/><G126/><T13/><D108/><U7/><E33/><N who="2" m="12299" /><F67/><N who="3" m="41343" /><G40/><T27/><D3/><U118/><E2/><V106/><F106/><W1/><G1/><T82/><D92/><U120/><E36/><V94/><F55/><W122/><G122/><T50/><D69/><U45/><E120/><V43/><F43/><W68/><G68/><T131/><D131/><U112/><E128/><V56/><F56/><W41/><G41/><T78/><D64/><U84/><E65/><V20/><F20/><W90/><G132/><T116/><D54/><U24/><E135/><V121/><F121/><W102/><G102/><T14/><D116/><U38/><E38/><V60/><F60/><W83/><G15/><N who="0" m="5643" /><D10/><N who="2" m="4202" /><F133/><W19/><G90/><T32/><D32/><U109/><E79/><V18/><F18/><AGARI ba="1,0" hai="18,21,27,49,50,78,82,85,93,97,103" m="5643" machi="18" ten="30,1500,0" yaku="8,1" doraHai="25" who="0" fromWho="2" sc="155,18,217,0,400,-18,228,0" /><INIT seed="4,2,0,1,3,78" ten="173,217,382,228" oya="0" hai0="33,16,112,24,94,82,18,37,85,127,87,58,128" hai1="99,49,101,62,89,120,80,11,98,79,38,122,117" hai2="32,75,123,27,56,36,77,68,90,97,44,69,116" hai3="67,109,45,31,70,3,130,28,10,8,124,41,53"/><T66/><D127/><U35/><E38/><V83/><F116/><W74/><G74/><T39/><D112/><U134/><E35/><V5/><F123/><W61/><G109/><T102/><D128/><U9/><E117/><V65/><F5/><W47/><G124/><T23/><D33/><U52/><E62/><V12/><F12/><W0/><G130/><T103/><D18/><U51/><E134/><V48/><F36/><W2/><G53/><T59/><D39/><U72/><E49/><V6/><F6/><W125/><G125/><T107/><D107/><U40/><E40/><V96/><F56/><N who="0" m="21546" /><D37/><U43/><E43/><V110/><F110/><W86/><G86/><T115/><D115/><U93/><E122/><V119/><F119/><W129/><G129/><T105/><D105/><U17/><E17/><V132/><F132/><W34/><G41/><T46/><D66/><U1/><E1/><V91/><F65/><W108/><G108/><T114/><D114/><U50/><E51/><V71/><F27/><W95/><G95/><T22/><D46/><U54/><E120/><V13/><F32/><W92/><G92/><T42/><D42/><U73/><E72/><V113/><F113/><W81/><G81/><T7/><D7/><U19/><E19/><V21/><F21/><W55/><G55/><T133/><D23/><U121/><E121/><V26/><F26/><N who="3" m="18807" /><G28/><T14/><D133/><U76/><E79/><V106/><F13/><W25/><G25/><T4/><D24/><U15/><E54/><N who="2" m="29959" /><F106/><W131/><G131/><T84/><D14/><U135/><E135/><RYUUKYOKU ba="2,0" sc="173,-15,217,-15,382,15,228,15" hai2="68,69,71,75,77,83,90,91,96,97" hai3="0,2,3,8,10,45,47,61,67,70" /><INIT seed="5,3,0,4,4,116" ten="158,202,397,243" oya="1" hai0="47,124,75,67,64,106,110,122,40,86,2,35,132" hai1="68,113,102,74,127,108,131,111,43,65,1,125,53" hai2="95,9,70,21,13,30,120,29,87,62,126,115,60" hai3="54,121,97,37,42,34,22,73,82,98,114,100,3"/><U8/><E102/><V36/><F120/><W77/><G34/><T134/><D86/><U33/><E33/><V12/><F36/><W119/><G3/><T94/><D94/><U14/><E1/><V118/><F118/><W109/><G119/><T66/><D75/><U59/><E74/><V48/><F70/><W57/><G109/><N who="1" m="42058" /><E43/><V112/><F126/><N who="1" m="48137" /><E8/><V84/><F48/><W91/><G114/><N who="2" m="43561" /><F21/><W123/><G91/><T69/><D110/><U38/><E14/><N who="2" m="5739" /><F9/><W4/><G4/><T133/><D2/><U25/><E25/><V99/><F84/><W130/><G22/><T55/><D106/><U20/><E20/><V103/><F87/><W128/><G42/><T117/><D35/><U46/><E113/><V26/><F26/><W63/><G37/><N who="0" m="21903" /><D124/><U96/><E38/><V90/><F103/><W11/><G11/><T49/><D117/><U56/><E96/><N who="3" m="36970" /><G100/><T18/><D18/><U27/><E27/><V93/><F93/><W101/><G101/><T58/><D122/><U79/><E79/><V89/><F89/><W45/><G45/><T52/><D55/><U76/><E76/><V80/><F80/><W41/><G41/><T88/><D88/><U6/><E6/><V31/><AGARI ba="3,0" hai="29,30,31,60,62,90,95,99" m="5739,43561" machi="31" ten="40,2700,0" yaku="15,1,11,1" doraHai="116" who="2" fromWho="2" sc="158,-10,202,-16,397,36,243,-10" /><INIT seed="6,0,0,3,0,111" ten="148,186,433,233" oya="2" hai0="16,119,110,103,132,73,8,41,83,126,133,100,91" hai1="62,72,30,47,90,117,39,53,0,108,36,82,109" hai2="120,112,106,129,59,32,74,81,44,48,135,96,24" hai3="69,78,3,54,98,77,79,25,105,56,102,85,21"/><V134/><F112/><W101/><G69/><T66/><D110/><U43/><E30/><V114/><F114/><W131/><G3/><T51/><D66/><U34/><E117/><V58/><F24/><W4/><G4/><T33/><D33/><U121/><E34/><V38/><F96/><W86/><G102/><T23/><D119/><U5/><E36/><V60/><F81/><W61/><REACH who="3" step="1"/><G131/><REACH who="3" ten="148,186,433,223" step="2"/><T95/><D132/><U71/><E5/><V63/><F129/><W75/><G75/><T19/><D73/><U128/><E0/><V97/><F74/><W107/><G107/><T130/><D133/><U13/><E128/><V7/><F106/><W9/><G9/><T80/><D130/><U10/><E71/><V89/><F7/><W116/><G116/><T84/><D126/><U118/><E118/><V87/><F135/><W55/><G55/><T29/><D8/><U37/><E108/><V27/><F134/><W125/><G125/><T124/><D124/><U1/><E1/><V26/><F120/><W11/><G11/><T52/><D103/><U17/><E121/><V14/><F59/><W18/><AGARI ba="0,1" hai="18,21,25,54,56,61,77,78,79,85,86,98,101,105" machi="18" ten="30,2000,0" yaku="1,1,0,1,53,0" doraHai="111" doraHaiUra="127" who="3" fromWho="3" sc="148,-5,186,-5,433,-10,223,30" /><INIT seed="7,0,0,3,1,70" ten="143,181,423,253" oya="3" hai0="47,61,62,1,56,24,120,67,124,76,6,117,40" hai1="110,59,46,75,52,15,54,13,119,78,91,51,104" hai2="133,83,32,48,64,125,25,43,33,53,58,95,87" hai3="23,107,134,111,112,102,74,100,68,82,31,34,14"/><W42/><G68/><T45/><D117/><U128/><E104/><V135/><F125/><W121/><G121/><T49/><D120/><U81/><E119/><V114/><F114/><W2/><G2/><T20/><D124/><U99/><E128/><V109/><F109/><W38/><G34/><N who="2" m="13417" /><F25/><W115/><G134/><N who="2" m="51209" /><F95/><W80/><G111/><T27/><D76/><U19/><E110/><V0/><F0/><W72/><G42/><T7/><D1/><U96/><E91/><N who="2" m="51711" /><F43/><W122/><G38/><T41/><D62/><U29/><E29/><V11/><F11/><W89/><G122/><T93/><D93/><U108/><E108/><V103/><F103/><N who="3" m="39467" /><G107/><T84/><D84/><U9/><REACH who="1" step="1"/><E13/><REACH who="1" ten="143,171,423,253" step="2"/><V123/><F123/><W73/><G14/><T3/><D3/><U71/><E71/><V35/><F35/><W106/><G106/><T130/><D130/><U86/><E86/><V5/><F64/><W97/><G31/><T77/><D24/><U94/><E94/><V30/><F30/><W105/><G23/><T26/><D26/><U50/><AGARI ba="0,1" hai="9,15,19,46,50,51,52,54,59,75,78,81,96,99" machi="50" ten="20,5200,0" yaku="1,1,0,1,7,1,54,1,53,0" doraHai="70" doraHaiUra="131" who="1" fromWho="1" sc="143,-13,171,62,423,-13,253,-26" owari="130,-37.0,233,3.0,410,51.0,227,-17.0" /></mjloggm>