<mjloggm ver="2.3"><GO type="193" lobby="0"/><UN n0="%7A%6F%6F%76" n1="%E3%83%88%E3%83%88%E3%83%AA%E5%85%88%E7%94%9F%31%39%E6%AD%B3" n2="%E5%9D%82%EF%BC%94" n3="%52%58%2D%52" dan="12,10,13,13" rate="1702.08,1818.02,1681.34,1755.00" sx="F,F,M,F"/><TAIKYOKU oya="0"/><INIT seed="0,0,0,4,3,109" ten="250,250,250,250" oya="0" hai0="20,28,100,15,42,40,56,34,21,114,105,35,82" hai1="31,95,61,12,69,120,53,29,89,81,57,4,104" hai2="80,36,98,87,44,51,118,126,66,38,72,116,46" hai3="22,48,78,79,123,133,125,130,86,131,76,101,3"/><T5/><D82/><U74/><E120/><V6/><F72/><W16/><G3/><T108/><D105/><U43/><E104/><V134/><F126/><W91/><G48/><T93/><D108/><U55/><E69/><V127/><F127/><W25/><G125/><T50/><D35/><U111/><E111/><V23/><F134/><W54/><G123/><T63/><D34/><U97/><E43/><V73/><F73/><W121/><G121/><T10/><D114/><U41/><E41/><N who="0" m="15977" /><D50/><U18/><E4/><V67/><F6/><W27/><G133/><T47/><D47/><U33/><E33/><V26/><F98/><W132/><G101/><T71/><D71/><U107/><E107/><V49/><F116/><W65/><G65/><N who="0" m="39143" /><D28/><U30/><E74/><V32/><F32/><W37/><G37/><T19/><D5/><U0/><E0/><V7/><F7/><W13/><G132/><T92/><D92/><U52/><REACH who="1" step="1"/><E81/><REACH who="1" ten="250,240,250,250" step="2"/><V103/><F118/><W17/><G131/><T2/><D2/><U8/><AGARI ba="0,1" hai="8,12,18,29,30,31,52,53,55,57,61,89,95,97" machi="8" ten="30,8000,1" yaku="1,1,2,1,0,1,8,1,54,1,53,0" doraHai="109" doraHaiUra="99" who="1" fromWho="1" sc="250,-40,240,90,250,-20,250,-20" /><INIT seed="1,0,0,2,4,4" ten="210,330,230,230" oya="1" hai0="52,62,69,74,110,26,80,119,104,51,2,81,48" hai1="5,65,54,55,77,53,66,16,84,39,24,127,88" hai2="32,122,0,120,85,1,57,90,37,33,115,91,130" hai3="25,109,71,131,72,70,79,11,124,44,6,117,68"/><U63/><E39/><V121/><F37/><W82/><G109/><T133/><D119/><U64/><E127/><V17/><F130/><W135/><G25/><T86/><D110/><U60/><E77/><V134/><F134/><W103/><G135/><T101/><D133/><U113/><E5/><V129/><F129/><W108/><G108/><T43/><D2/><U111/><E113/><V59/><F17/><W89/><G89/><N who="2" m="33801" /><F85/><W105/><G131/><T112/><D112/><U3/><E3/><N who="2" m="1099" /><F115/><W58/><G124/><T14/><D26/><U29/><E111/><V107/><F107/><W97/><G117/><T123/><D123/><N who="2" m="31490" /><V116/><DORA hai="128" /><F116/><W19/><G6/><T56/><D69/><U23/><REACH who="1" step="1"/><E29/><REACH who="1" ten="210,320,230,230" step="2"/><V96/><F96/><W22/><G44/><T9/><D74/><U45/><E45/><V38/><F38/><W13/><REACH who="3" step="1"/><G58/><AGARI ba="0,1" hai="32,33,57,58,59" m="31490,1099,33801" machi="58" ten="50,3200,0" yaku="28,2" doraHai="4,128" who="2" fromWho="3" sc="210,0,320,0,230,42,230,-32" /><INIT seed="2,0,0,2,0,7" ten="210,320,272,198" oya="2" hai0="111,17,4,23,6,1,59,118,100,49,129,91,20" hai1="33,55,65,127,37,78,101,97,84,102,133,26,103" hai2="13,125,73,51,110,71,11,104,64,62,43,81,2" hai3="52,41,135,46,53,38,115,44,67,124,42,77,89"/><V66/><F104/><W48/><G77/><T96/><D111/><U36/><E133/><V70/><F2/><W18/><G18/><T80/><D118/><U87/><E127/><V108/><F125/><W9/><G89/><T10/><D129/><U86/><E78/><V92/><F92/><W22/><G124/><T134/><D134/><U109/><E109/><N who="2" m="42091" /><F73/><W126/><G126/><T30/><D30/><U29/><E97/><V131/><F81/><W61/><G22/><T105/><D23/><U60/><REACH who="1" step="1"/><E55/><REACH who="1" ten="210,310,272,198" step="2"/><N who="3" m="21066" /><G9/><T130/><D130/><U21/><E21/><V27/><F131/><W74/><G74/><T94/><D20/><U3/><E3/><V90/><F27/><W99/><G135/><T50/><D1/><U15/><E15/><V75/><F75/><W112/><G99/><T25/><D105/><U113/><E113/><N who="3" m="43594" /><G61/><T76/><D76/><U116/><E116/><V120/><F120/><W54/><N who="3" m="21074" /><W28/><DORA hai="16" /><G28/><T32/><D10/><U35/><E35/><V47/><F90/><W95/><G95/><T107/><D32/><U114/><E114/><V12/><F11/><W128/><G128/><T123/><D107/><U69/><AGARI ba="0,1" hai="26,29,33,36,37,60,65,69,84,86,87,101,102,103" machi="69" ten="30,2000,0" yaku="1,1,0,1,53,0" doraHai="7,16" doraHaiUra="106,132" who="1" fromWho="1" sc="210,-5,310,30,272,-10,198,-5" /><INIT seed="3,0,0,1,3,75" ten="205,340,262,193" oya="3" hai0="17,37,90,64,97,6,39,72,44,8,116,13,38" hai1="82,25,87,118,74,41,93,47,113,73,3,99,122" hai2="10,16,127,26,115,9,49,53,108,121,42,78,15" hai3="88,70,46,110,23,30,32,131,77,31,91,111,54"/><W14/><G70/><T130/><D116/><U50/><E122/><V55/><F115/><W98/><G131/><T135/><D130/><U83/><E113/><V120/><F108/><N who="3" m="41515" /><G32/><T60/><D135/><U27/><E3/><V34/><F127/><W76/><G98/><T66/><D72/><U92/><E118/><V126/><F126/><W79/><G46/><T40/><D66/><U36/><E73/><V103/><F103/><W104/><G104/><T109/><D109/><U5/><E5/><V114/><F114/><W71/><G71/><T2/><D90/><N who="3" m="34345" /><G54/><T12/><D97/><U67/><E67/><V69/><F69/><W52/><G52/><T58/><D2/><U29/><E99/><V0/><F42/><W80/><G80/><T63/><D63/><U48/><E82/><V21/><F55/><W20/><G14/><T81/><D81/><U19/><E74/><V24/><F78/><N who="3" m="19971" /><W62/><DORA hai="101" /><G62/><T1/><D1/><U4/><E83/><V89/><F89/><W59/><G59/><T45/><D45/><U105/><E47/><V22/><F53/><W129/><G129/><T100/><D100/><U117/><E105/><V95/><F95/><W65/><G65/><T112/><D112/><U133/><E93/><V107/><F49/><W51/><G51/><T124/><D124/><U102/><E48/><V11/><F107/><W18/><G18/><T7/><D17/><U33/><E50/><V68/><F68/><W123/><G123/><N who="2" m="47177" /><F34/><W43/><G43/><T85/><D85/><U56/><E87/><V57/><F57/><W106/><G106/><RYUUKYOKU ba="0,0" sc="205,15,340,-15,262,-15,193,15" hai0="6,7,8,12,13,37,38,39,40,44,58,60,64" hai3="20,23,30,31" /><INIT seed="3,1,0,0,0,107" ten="220,325,247,208" oya="3" hai0="89,117,26,60,19,36,98,37,108,116,41,5,111" hai1="83,16,82,46,1,15,76,135,58,44,90,131,40" hai2="50,8,9,129,28,27,92,75,103,104,3,48,23" hai3="25,17,88,134,63,35,34,128,11,115,49,118,67"/><W100/><G118/><T18/><D5/><U87/><E1/><V84/><F129/><W112/><G100/><T122/><D122/><U14/><E131/><V2/><F104/><W70/><G128/><T6/><D6/><U61/><E135/><V24/><F75/><W81/><G134/><T10/><D60/><U101/><E101/><V132/><F132/><W72/><G49/><T64/><D64/><N who="1" m="38967" /><E40/><V99/><F3/><W57/><G70/><T62/><D62/><U97/><E16/><V114/><F114/><W124/><G124/><T21/><D41/><U45/><E83/><V94/><F2/><W42/><G42/><T0/><D0/><U73/><E73/><V66/><F66/><W54/><G35/><T12/><D98/><U106/><E106/><V91/><F48/><W121/><G121/><T113/><D89/><U29/><E29/><V51/><F51/><W59/><G34/><T43/><D113/><U13/><E97/><V32/><REACH who="2" step="1"/><F50/><REACH who="2" ten="220,325,237,208" step="2"/><N who="3" m="30935" /><G72/><T105/><D105/><U68/><E68/><V71/><F71/><W78/><G115/><T77/><D117/><U33/><E33/><V39/><F39/><W20/><G112/><T130/><D116/><U53/><E53/><V69/><F69/><W93/><G11/><T96/><D130/><U127/><E127/><V120/><F120/><W38/><G38/><T55/><D37/><U7/><E7/><V125/><F125/><W79/><G81/><T126/><D36/><U22/><E22/><V31/><AGARI ba="1,1" hai="8,9,23,24,27,28,31,32,84,91,92,94,99,103" machi="31" ten="20,2700,0" yaku="1,1,0,1,7,1,53,0" doraHai="107" doraHaiUra="56" who="2" fromWho="2" sc="220,-8,325,-8,237,40,208,-14" owari="212,-19.0,317,42.0,277,8.0,194,-31.0" /></mjloggm>