<mjloggm ver="2.3"><GO type="41" lobby="0"/><UN n0="%E5%B5%8C%E5%BC%B5%E3%81%AE%E4%B8%8B%E6%9D%91" n1="%72%61%6B%75%E6%9D%B1%E9%A2%A8%E8%8D%98" n2="%E7%99%BD%37%53" n3="%E5%B0%B1%E6%B4%BB%E7%94%9F%40%E5%B7%9D%E6%9D%91%E8%BB%8D%E5%9B%A3" dan="13,13,14,15" rate="1855.48,1871.30,1811.89,2000.42" sx="M,M,M,M"/><TAIKYOKU oya="0"/><INIT seed="0,0,0,1,1,9" ten="250,250,250,250" oya="0" hai0="31,79,106,32,12,7,25,105,13,4,75,89,109" hai1="121,10,99,64,73,16,19,65,113,100,28,33,117" hai2="36,37,46,131,20,8,76,114,90,83,94,110,134" hai3="22,63,108,24,135,69,126,52,68,45,81,57,72"/><T66/><D109/><U21/><E121/><V55/><F110/><W39/><G108/><T70/><D105/><U59/><E73/><V85/><F114/><W115/><G115/><T11/><D106/><U74/><E74/><V2/><F134/><W18/><G135/><T92/><D75/><U14/><E113/><V43/><F131/><W30/><G126/><T77/><D66/><U91/><E91/><V133/><F133/><W122/><G122/><T50/><D70/><U35/><E117/><V127/><F127/><W107/><G107/><T23/><D32/><U78/><E78/><V29/><F55/><W51/><G39/><T125/><D50/><U62/><E28/><V44/><F2/><W124/><G124/><T112/><D112/><U5/><E19/><V54/><F8/><W101/><G101/><T84/><D125/><U15/><REACH who="1" step="1"/><E64/><REACH who="1" ten="250,240,250,250" step="2"/><V104/><F29/><W130/><G130/><T116/><D116/><U96/><E96/><V128/><F90/><W60/><G30/><T34/><D34/><U67/><E67/><V3/><F128/><W17/><G18/><T49/><D31/><U132/><E132/><V1/><F76/><W87/><G72/><T119/><D119/><U61/><E61/><V123/><F123/><W42/><G63/><T38/><D79/><AGARI ba="0,1" hai="17,22,24,42,45,51,52,57,60,68,69,79,81,87" machi="79" ten="30,2000,0" yaku="7,1,54,1" doraHai="9" who="3" fromWho="0" sc="250,-20,240,0,250,0,250,30" /><INIT seed="1,0,0,1,2,93" ten="230,240,250,280" oya="1" hai0="100,72,23,30,122,31,87,53,82,21,69,35,121" hai1="115,132,68,80,6,107,75,25,116,40,92,0,112" hai2="106,62,67,101,81,98,103,47,111,105,123,102,85" hai3="133,7,114,49,28,41,94,83,130,56,15,127,135"/><U73/><E92/><V10/><F123/><W95/><G114/><T134/><D35/><U52/><E116/><V60/><F111/><W57/><G28/><T91/><D100/><U88/><E107/><V2/><F47/><N who="3" m="25839" /><G127/><T89/><D69/><U129/><E129/><V18/><F106/><W54/><G130/><T74/><D134/><N who="3" m="51209" /><G83/><T48/><D48/><U120/><E120/><V79/><F62/><N who="3" m="36119" /><G57/><T55/><D82/><U20/><E68/><V27/><F27/><W108/><G108/><T44/><D87/><U8/><E40/><V76/><F76/><W110/><G110/><T125/><D125/><U65/><E65/><V61/><F2/><W38/><G38/><T45/><AGARI ba="0,0" hai="21,23,30,31,44,45,53,55,72,74,89,91,121,122" machi="45" ten="25,3200,0" yaku="0,1,22,2" doraHai="93" who="0" fromWho="0" sc="230,32,240,-16,250,-8,280,-8" /><INIT seed="2,0,0,5,5,54" ten="262,224,242,272" oya="2" hai0="82,0,52,42,87,93,114,9,48,95,45,108,56" hai1="115,7,109,49,27,110,83,133,84,127,25,41,106" hai2="8,28,14,33,98,126,1,131,76,111,88,113,135" hai3="102,78,51,70,99,129,96,59,101,73,23,35,34"/><V74/><F113/><W67/><G129/><T43/><D114/><U92/><E106/><V26/><F131/><W75/><G78/><T17/><D108/><U94/><E115/><V13/><F111/><N who="1" m="42505" /><E127/><V77/><F126/><W117/><G117/><T58/><D43/><U122/><E122/><V123/><F123/><W57/><G51/><T32/><D32/><N who="3" m="12329" /><G23/><T118/><D118/><U104/><E104/><V128/><F128/><W116/><G67/><T30/><D30/><U5/><E133/><V134/><F1/><W3/><G70/><T66/><D0/><U103/><E41/><V97/><F97/><N who="3" m="37451" /><G3/><T37/><D9/><U63/><E49/><V79/><F74/><N who="3" m="28171" /><G116/><T132/><D132/><N who="2" m="50730" /><F8/><W72/><G72/><T36/><D17/><U10/><E103/><AGARI ba="0,0" hai="57,59,101,102,103" m="28171,37451,12329" machi="103" ten="40,8000,1" yaku="28,2,52,2" doraHai="54" who="3" fromWho="1" sc="262,0,224,-80,242,0,272,80" /><INIT seed="3,0,0,4,2,33" ten="262,144,242,352" oya="3" hai0="118,86,42,41,54,65,131,10,14,39,96,134,95" hai1="13,76,124,64,73,84,101,87,126,58,117,79,50" hai2="21,123,12,38,97,23,5,35,111,17,125,7,32" hai3="120,56,105,8,26,70,122,36,135,59,82,114,72"/><W9/><G70/><T29/><D118/><U53/><E117/><V34/><F38/><W80/><G36/><T3/><D3/><U16/><E101/><V119/><F119/><W116/><G26/><T91/><D134/><U48/><E73/><V63/><F111/><W93/><G93/><T106/><D131/><U60/><E50/><V90/><F125/><W18/><G18/><T110/><D110/><U45/><E87/><V52/><F123/><W89/><G89/><T68/><D39/><U67/><E67/><V15/><F15/><W130/><G72/><T99/><D29/><U83/><REACH who="1" step="1"/><E76/><REACH who="1" ten="262,134,242,352" step="2"/><V129/><F129/><W62/><G116/><T44/><D65/><U104/><E104/><V27/><F97/><W40/><G130/><T4/><D99/><U37/><E37/><V132/><F90/><W108/><G105/><T127/><D96/><U2/><E2/><V31/><F132/><W98/><G98/><T109/><D106/><U51/><E51/><V85/><F85/><W25/><G135/><T46/><D86/><U19/><E19/><V30/><F30/><W100/><G108/><T6/><D109/><U103/><E103/><V94/><F17/><W102/><G100/><T55/><D91/><U92/><E92/><V20/><F94/><W57/><G102/><T112/><D95/><U115/><E115/><V47/><F31/><W11/><G114/><T77/><D112/><U121/><E121/><V113/><F113/><W0/><G120/><T71/><D77/><U74/><E74/><V81/><F81/><W24/><G122/><T43/><D127/><RYUUKYOKU ba="0,1" sc="262,-10,134,30,242,-10,352,-10" hai1="13,16,45,48,53,58,60,64,79,83,84,124,126" /><INIT seed="4,1,1,3,2,71" ten="252,164,232,342" oya="0" hai0="68,59,99,77,62,61,25,83,55,17,101,44,114" hai1="80,97,123,85,92,3,64,129,14,29,110,27,41" hai2="98,15,91,49,19,30,100,57,128,87,108,130,104" hai3="7,132,60,115,9,21,95,56,124,72,8,78,63"/><T31/><D114/><U126/><E110/><V13/><F108/><W116/><G116/><T121/><D121/><U26/><E129/><N who="2" m="49771" /><F30/><W113/><G72/><T102/><D17/><U134/><E126/><V69/><F69/><W93/><G78/><T86/><D44/><U43/><E134/><V109/><F109/><W35/><G35/><T119/><D119/><U96/><E3/><V48/><F57/><W107/><G107/><T133/><D133/><U51/><E64/><V117/><F117/><W6/><G124/><T32/><REACH who="0" step="1"/><D99/><REACH who="0" ten="242,164,232,342" step="2"/><U111/><E111/><V1/><F98/><W88/><G132/><T10/><D10/><U40/><E97/><V120/><F19/><W125/><G125/><T37/><D37/><U53/><E123/><V75/><F120/><W22/><G113/><T112/><D112/><U42/><E29/><V52/><F87/><W135/><G115/><T18/><D18/><U54/><E51/><V90/><F49/><W105/><G135/><T33/><D33/><U0/><E0/><V50/><F1/><W11/><G9/><T58/><D58/><U106/><E106/><V5/><F104/><W39/><G105/><T16/><D16/><U81/><E14/><V67/><F15/><W20/><G56/><T74/><D74/><U12/><E12/><V122/><F13/><W79/><G39/><T65/><AGARI ba="1,2" hai="25,31,32,55,59,61,62,65,68,77,83,86,101,102" machi="65" ten="30,3000,0" yaku="1,1,0,1,53,0" doraHai="71" doraHaiUra="103" who="0" fromWho="0" sc="242,53,164,-11,232,-11,342,-11" /><INIT seed="4,2,0,3,2,63" ten="295,153,221,331" oya="0" hai0="88,123,5,116,86,38,111,126,13,1,125,57,109" hai1="107,72,45,114,46,113,132,103,82,43,104,19,6" hai2="78,56,17,105,55,23,2,64,9,25,83,67,51" hai3="60,74,87,94,37,12,77,99,10,50,44,76,49"/><T117/><D1/><U32/><E32/><V90/><F105/><W26/><G74/><T62/><D38/><U52/><E132/><V119/><F119/><N who="0" m="45642" /><D123/><U68/><E68/><V69/><F90/><W118/><G118/><T22/><D22/><U4/><E19/><V71/><F71/><W30/><G60/><T100/><D13/><U97/><E104/><V8/><F69/><W95/><G37/><T7/><D100/><U15/><E15/><V133/><F133/><W122/><G122/><T41/><D41/><U79/><E45/><V121/><F121/><W70/><G70/><T54/><D7/><U128/><E43/><V93/><F93/><W21/><G94/><N who="0" m="54551" /><D5/><U108/><E108/><AGARI ba="2,0" hai="54,57,62,108,109,111,125,126" m="54551,45642" machi="108" ten="30,2900,0" yaku="10,1,54,1" doraHai="63" who="0" fromWho="1" sc="295,35,153,-35,221,0,331,0" /><INIT seed="4,3,0,0,2,72" ten="330,118,221,331" oya="0" hai0="132,110,50,117,118,44,17,96,92,103,134,122,8" hai1="83,77,82,93,23,33,112,105,69,64,36,48,54" hai2="12,79,114,101,116,60,61,53,14,57,63,88,5" hai3="56,29,120,2,45,71,0,121,20,89,81,66,30"/><T21/><D122/><N who="3" m="47209" /><G71/><T55/><D110/><U97/><E83/><V73/><F101/><W24/><G30/><T80/><D8/><U135/><E105/><V4/><F114/><W58/><G45/><T59/><D80/><U126/><E135/><N who="0" m="51753" /><D44/><U107/><E107/><V85/><F116/><W16/><G29/><T98/><D96/><U67/><E126/><V13/><F79/><W86/><G66/><T22/><D22/><U43/><E69/><V104/><F73/><W94/><G94/><T1/><D1/><AGARI ba="3,0" hai="0,1,2,16,20,24,56,58,81,86,89" m="47209" machi="1" ten="30,2000,0" yaku="13,1,54,1" doraHai="72" who="3" fromWho="0" sc="330,-29,118,0,221,0,331,29" /><INIT seed="5,0,0,2,4,94" ten="301,118,221,360" oya="1" hai0="47,61,74,39,118,122,82,131,98,38,69,103,100" hai1="32,135,42,14,76,126,79,6,97,35,93,56,120" hai2="52,53,109,124,46,89,10,107,25,49,121,16,132" hai3="12,54,15,90,71,45,31,117,20,44,36,68,77"/><U75/><E120/><V99/><F121/><W51/><G77/><T30/><D122/><U80/><E126/><V113/><F124/><W105/><G105/><T86/><D118/><U58/><E135/><V67/><F132/><W2/><G2/><T29/><D74/><U78/><E42/><V66/><F109/><W104/><G104/><T95/><D100/><U128/><E128/><V55/><F113/><W116/><G90/><T13/><D131/><U27/><E80/><V134/><F134/><W127/><G127/><T115/><D115/><U57/><E75/><V106/><F106/><W64/><G64/><T133/><D133/><U72/><E72/><V23/><F10/><W33/><G33/><T28/><D13/><N who="3" m="5193" /><G44/><T9/><D9/><U85/><E85/><V7/><F7/><W21/><G36/><T96/><D47/><U125/><E27/><V91/><F107/><W114/><G114/><T3/><D3/><U81/><E81/><V88/><REACH who="2" step="1"/><F99/><REACH who="2" ten="301,118,211,360" step="2"/><W70/><G31/><T108/><D96/><U22/><E125/><V123/><F123/><W129/><G129/><T0/><D108/><U60/><E60/><V112/><F112/><W19/><G19/><T102/><D61/><U1/><E1/><V101/><F101/><W119/><AGARI ba="0,1" hai="20,21,45,51,54,68,70,71,116,117,119" m="5193" machi="119" ten="40,1500,0" yaku="12,1" doraHai="94" who="3" fromWho="3" sc="301,-4,118,-7,211,-4,360,25" /><INIT seed="6,0,0,2,4,103" ten="297,111,207,385" oya="2" hai0="75,12,83,72,27,129,24,61,29,32,23,63,111" hai1="91,21,117,60,124,99,133,8,39,107,101,14,79" hai2="13,41,3,118,28,7,52,37,40,98,77,6,120" hai3="4,57,109,68,20,38,86,15,126,43,119,94,113"/><V33/><F118/><W48/><G68/><T96/><D111/><U112/><E124/><V95/><F120/><W44/><G109/><T121/><D121/><U66/><E133/><V10/><F77/><W122/><G119/><T11/><D129/><U30/><E112/><V128/><F128/><W2/><G2/><T45/><D45/><U135/><E135/><V82/><F82/><W53/><G122/><T19/><D96/><U67/><E67/><V50/><F3/><W71/><G71/><T78/><REACH who="0" step="1"/><D72/><REACH who="0" ten="287,111,207,385" step="2"/><U31/><E117/><V65/><F98/><W35/><G44/><T56/><D56/><U16/><E39/><V97/><F97/><W22/><G57/><T89/><D89/><U127/><E127/><V100/><F100/><W58/><G38/><T131/><D131/><U115/><E115/><V70/><F70/><W54/><G58/><T69/><D69/><U0/><E91/><V93/><F37/><W108/><G108/><T114/><D114/><U76/><E79/><V47/><F47/><W123/><G113/><T106/><D106/><U74/><E76/><V51/><F95/><W64/><G94/><T134/><D134/><U80/><E80/><V49/><F93/><W46/><G46/><T59/><D59/><U17/><E74/><V34/><F65/><W25/><G123/><T55/><D55/><U81/><E0/><V1/><F1/><W105/><G54/><T125/><D125/><U88/><E60/><V73/><F73/><W132/><G53/><T62/><D62/><U104/><E66/><V9/><F52/><W87/><G132/><RYUUKYOKU ba="0,1" sc="287,30,111,-10,207,-10,385,-10" hai0="11,12,19,23,24,27,29,32,61,63,75,78,83" /><INIT seed="7,1,1,2,2,39" ten="317,101,197,375" oya="3" hai0="70,22,14,71,24,28,69,104,130,103,116,13,81" hai1="58,80,133,23,59,18,4,86,42,105,127,129,102" hai2="121,36,66,125,108,124,1,51,26,106,48,37,87" hai3="8,97,75,134,44,128,55,126,0,16,15,34,78"/><W63/><BYE who="2" /><G128/><T9/><D130/><U61/><E133/><V118/><F118/><W67/><G134/><T91/><D116/><U79/><E129/><V115/><F115/><W7/><G126/><T5/><D104/><UN n2="%E7%99%BD%37%53" /><U98/><E127/><N who="2" m="48715" /><F108/><W114/><G34/><T29/><D103/><U60/><E4/><V57/><F106/><W88/><G114/><T49/><D49/><U92/><E105/><V76/><F1/><W94/><G75/><T30/><D81/><U25/><E59/><V50/><F26/><W3/><G78/><T132/><D132/><U117/><E117/><V11/><F11/><W90/><G90/><T74/><D74/><U120/><E120/><V135/><F135/><W2/><G55/><T6/><D91/><U111/><E111/><V52/><F66/><W17/><G44/><T84/><D84/><U35/><E35/><V82/><F121/><W47/><G47/><T21/><D21/><U43/><REACH who="1" step="1"/><E61/><AGARI ba="1,1" hai="36,37,48,50,51,52,57,61,76,82,87" m="48715" machi="61" ten="30,2000,0" yaku="18,1,54,1" doraHai="39" who="2" fromWho="1" sc="317,0,101,-23,197,33,375,0" owari="317,12.0,78,-42.0,230,-17.0,375,47.0" /></mjloggm>