<mjloggm ver="2.3"><GO type="97" lobby="0"/><UN n0="%E7%B7%8B%E3%81%84%E7%8C%AB%EF%BC%9E%EF%BC%9C%EF%BC%81" n1="%E5%B0%8F%E5%B3%B0%E3%82%B7%E3%83%AD" n2="%E3%83%88%E3%83%88%E3%83%AA%E5%85%88%E7%94%9F%31%39%E6%AD%B3" n3="%48%41%4E%41%4E%4F" dan="15,15,15,15" rate="2058.46,1941.26,2037.74,2014.22" sx="F,F,F,M"/><TAIKYOKU oya="0"/><INIT seed="0,0,0,1,3,121" ten="250,250,250,250" oya="0" hai0="103,24,88,112,135,26,54,108,87,2,45,9,13" hai1="0,39,91,79,119,77,27,59,4,57,84,129,117" hai2="58,104,125,49,109,20,22,76,42,94,48,64,8" hai3="72,114,75,28,40,61,122,62,89,82,106,6,81"/><T1/><D112/><U85/><E39/><V132/><F104/><W33/><G114/><T73/><D73/><U70/><E70/><V134/><F125/><W102/><G122/><T71/><D71/><U97/><E0/><V18/><F76/><W21/><G33/><T74/><D74/><U124/><E4/><V128/><F128/><W7/><G40/><T52/><D135/><U31/><E129/><V63/><F8/><W83/><G28/><T60/><D103/><U130/><E130/><V25/><F109/><W50/><G50/><N who="0" m="28751" /><D108/><U38/><E38/><V105/><F105/><W44/><G44/><T15/><D1/><U69/><E69/><V110/><F110/><W80/><G80/><N who="0" m="49255" /><D2/><U123/><E124/><V30/><F42/><W131/><G131/><T11/><D11/><U19/><E123/><V113/><F113/><W68/><G106/><T14/><D9/><U47/><E119/><V65/><F65/><W78/><G83/><T51/><D60/><U95/><E117/><V118/><F118/><W98/><G102/><T46/><AGARI ba="0,0" hai="13,14,15,24,26,46,51,54" m="49255,28751" machi="46" ten="30,6000,0" yaku="8,1,54,2" doraHai="121" who="0" fromWho="0" sc="250,60,250,-20,250,-20,250,-20" /><INIT seed="0,1,0,4,0,60" ten="310,230,230,230" oya="0" hai0="45,67,93,133,77,0,106,11,59,42,49,71,135" hai1="112,105,30,54,75,130,27,10,26,113,28,109,88" hai2="44,120,94,124,3,23,21,108,84,55,72,64,12" hai3="126,33,89,8,53,97,86,34,107,1,58,131,16"/><T24/><D106/><U19/><E105/><V116/><F120/><W111/><G111/><T82/><D24/><N who="1" m="9259" /><E109/><V6/><F72/><W56/><G131/><T17/><D93/><U81/><E130/><V73/><F73/><W100/><G126/><T46/><D46/><U110/><E110/><V25/><F108/><W7/><G58/><T51/><D71/><U39/><E39/><V118/><F3/><W62/><REACH who="3" step="1"/><G16/><REACH who="3" ten="310,230,230,220" step="2"/><T80/><D17/><U85/><E19/><N who="2" m="10471" /><F124/><W79/><G79/><T123/><D59/><U52/><E30/><V40/><F118/><W121/><G121/><T20/><D77/><N who="1" m="44223" /><E28/><V31/><F116/><W48/><G48/><T115/><D51/><U117/><E117/><V13/><F31/><W37/><G37/><T114/><D49/><U127/><E127/><V47/><F25/><W14/><G14/><T63/><D0/><U50/><E50/><N who="2" m="29151" /><F23/><W91/><G91/><T70/><D20/><U4/><E10/><V29/><F29/><W22/><G22/><T92/><D11/><U2/><E4/><V102/><F13/><W36/><G36/><T57/><D70/><U95/><E2/><V128/><F6/><W5/><G5/><T43/><D123/><U68/><E68/><V132/><F128/><W65/><G65/><T125/><D125/><U74/><E74/><V83/><F64/><W61/><G61/><T18/><D18/><U119/><E119/><V101/><F101/><W69/><G69/><T15/><D15/><U99/><E112/><V96/><F102/><W78/><G78/><T122/><D115/><U90/><E113/><RYUUKYOKU ba="1,1" sc="310,-15,230,15,230,-15,220,15" hai1="52,54,85,88,90,95,99" hai3="1,7,8,33,34,53,56,62,86,89,97,100,107" /><INIT seed="1,2,1,0,5,14" ten="295,245,215,235" oya="1" hai0="71,134,133,15,125,65,50,121,41,26,67,131,108" hai1="77,135,37,70,97,38,59,42,56,106,104,11,93" hai2="55,45,92,123,103,58,94,64,51,124,101,9,34" hai3="66,116,19,54,90,89,3,118,102,21,88,53,73"/><U60/><E135/><N who="0" m="51721" /><D131/><U127/><E127/><V81/><F123/><W82/><G3/><T130/><D130/><U113/><E113/><V52/><F34/><W86/><G73/><T57/><D125/><U120/><E120/><V43/><F124/><W107/><G66/><N who="0" m="25099" /><D121/><U111/><E111/><V110/><F110/><W32/><G32/><T80/><D71/><U69/><E77/><V48/><F81/><W13/><G102/><N who="2" m="38921" /><F64/><W16/><G19/><T30/><D80/><U20/><E60/><N who="2" m="35911" /><F9/><W22/><G107/><T119/><D119/><N who="3" m="45609" /><G22/><T4/><D108/><U109/><E20/><V18/><F18/><W10/><G21/><T25/><D30/><U12/><E109/><V5/><F5/><W68/><G68/><T47/><D57/><AGARI ba="2,1" hai="43,45,48,51,55,57,92,94" m="35911,38921" machi="57" ten="30,2000,0" yaku="8,1,54,1" doraHai="14" who="2" fromWho="0" sc="295,-26,245,0,215,36,235,0" /><INIT seed="2,0,0,0,5,2" ten="269,245,251,235" oya="2" hai0="51,6,60,9,11,112,132,87,36,92,72,95,41" hai1="71,119,61,80,100,67,118,101,19,1,81,130,105" hai2="3,120,77,107,111,25,99,89,17,55,14,30,38" hai3="10,128,108,49,32,78,94,48,40,37,35,85,109"/><V76/><F120/><W74/><G128/><T97/><D72/><U129/><E1/><V82/><F38/><W125/><G125/><T63/><D36/><U31/><E31/><V127/><F127/><W22/><G74/><T8/><D112/><U45/><E19/><V83/><F3/><W23/><G10/><T90/><D132/><U12/><E12/><V70/><F70/><W4/><G4/><T69/><D69/><U91/><E45/><V68/><F68/><W86/><G37/><T56/><D6/><U0/><E0/><V5/><F111/><N who="3" m="42571" /><G94/><T106/><D106/><U114/><E91/><V131/><F131/><N who="1" m="50185" /><E114/><V103/><F5/><W52/><G40/><T28/><D28/><U88/><E105/><V93/><F55/><W15/><G15/><T27/><D27/><U24/><E24/><V96/><F82/><N who="1" m="31849" /><E88/><V122/><F122/><W26/><G78/><T58/><D41/><U124/><E124/><V116/><F83/><W44/><G49/><T7/><D51/><U66/><E66/><V54/><F54/><W133/><G133/><T121/><D121/><U53/><E53/><V34/><REACH who="2" step="1"/><F116/><AGARI ba="0,0" hai="61,67,71,100,101,116,118,119" m="31849,50185" machi="116" ten="30,1000,0" yaku="19,1" doraHai="2" who="1" fromWho="2" sc="269,0,245,10,251,-10,235,0" /><INIT seed="3,0,0,1,4,73" ten="269,255,241,235" oya="3" hai0="72,90,14,89,60,79,134,115,6,43,109,87,94" hai1="35,32,9,33,81,53,52,112,74,23,68,101,102" hai2="62,97,80,126,19,8,103,36,58,108,50,96,118" hai3="110,83,95,100,105,99,123,57,122,15,26,76,70"/><W13/><G70/><T116/><D116/><U28/><E68/><V7/><F118/><W11/><G110/><T71/><D109/><U40/><E40/><V91/><F36/><W51/><G26/><T113/><D134/><U2/><E112/><N who="0" m="43081" /><D43/><U5/><E101/><V39/><F39/><W55/><G105/><T18/><D6/><U130/><E102/><V132/><F126/><W0/><G15/><T29/><D29/><U75/><E75/><V49/><F108/><W4/><REACH who="3" step="1"/><G13/><REACH who="3" ten="269,255,241,225" step="2"/><T1/><D71/><U88/><E130/><V106/><F132/><W47/><G47/><T92/><D14/><U34/><E34/><V78/><F19/><W54/><G54/><T66/><D18/><U48/><E53/><V27/><F27/><W129/><G129/><T63/><D1/><U133/><E133/><V86/><F8/><W93/><G93/><T22/><D92/><U24/><E32/><V10/><F97/><W69/><G69/><T128/><D94/><U65/><E35/><V135/><F135/><W124/><G124/><T127/><D127/><U67/><E33/><V107/><F107/><W77/><G77/><T12/><D79/><U111/><E111/><V59/><F91/><W38/><G38/><T17/><D90/><U64/><E88/><V45/><F45/><W119/><G119/><T20/><D128/><U82/><E74/><AGARI ba="0,1" hai="0,4,11,51,55,57,74,76,83,95,99,100,122,123" machi="74" ten="30,5800,0" yaku="1,1,7,1,52,1,53,0" doraHai="73" doraHaiUra="41" who="3" fromWho="1" sc="269,0,255,-58,241,0,225,68" /><INIT seed="3,1,0,5,2,108" ten="269,197,241,293" oya="3" hai0="60,82,7,81,10,66,75,57,22,50,89,12,110" hai1="104,67,17,101,119,85,39,23,133,32,59,111,100" hai2="114,40,116,76,6,72,62,134,4,26,131,48,21" hai3="90,13,129,98,11,36,122,14,65,35,91,74,135"/><W38/><G122/><T106/><D106/><U34/><E39/><V51/><F116/><W95/><G35/><T125/><D125/><U58/><E119/><V86/><F72/><W109/><G129/><T64/><D110/><U103/><E111/><V130/><F134/><W83/><G109/><T92/><D66/><U16/><E133/><V43/><F62/><W102/><G135/><T20/><D50/><U3/><E3/><V127/><F86/><N who="3" m="50527" /><G74/><T69/><D69/><U121/><E121/><V27/><F21/><N who="0" m="8298" /><D75/><U105/><E23/><V107/><F76/><W87/><G38/><T132/><D132/><U30/><E85/><AGARI ba="1,0" hai="7,10,12,57,60,64,81,82,85,89,92" m="8298" machi="85" ten="30,1000,0" yaku="8,1" doraHai="108" who="0" fromWho="1" sc="269,13,197,-13,241,0,293,0" /><BYE who="2" /><INIT seed="4,0,0,4,2,91" ten="282,184,241,293" oya="0" hai0="8,41,19,65,122,14,123,119,57,82,106,76,54" hai1="21,117,64,84,103,3,102,69,115,92,30,97,9" hai2="94,118,72,35,38,121,22,85,98,132,120,75,10" hai3="12,78,135,128,108,29,32,70,26,79,88,55,111"/><T53/><D106/><U56/><E117/><V126/><F126/><W7/><G70/><T61/><D119/><U63/><E69/><V127/><F127/><W2/><G135/><T134/><D134/><U20/><E115/><V100/><F100/><W48/><G128/><T1/><D1/><U24/><E103/><V6/><F6/><W58/><G2/><T113/><D113/><U71/><E71/><V67/><F67/><W74/><G74/><T40/><D122/><U62/><E62/><V18/><F18/><W80/><G111/><T51/><D54/><U31/><E84/><V33/><F33/><W37/><G37/><T110/><D110/><U96/><E96/><V52/><F52/><W87/><REACH who="3" step="1"/><G108/><REACH who="3" ten="282,184,241,283" step="2"/><T17/><D123/><U95/><E3/><V90/><F90/><W130/><G130/><T68/><D19/><U25/><REACH who="1" step="1"/><E9/><AGARI ba="0,1" hai="7,9,12,26,29,32,48,55,58,78,79,80,87,88" machi="9" ten="40,2600,0" yaku="1,1,54,1,53,0" doraHai="91" doraHaiUra="15" who="3" fromWho="1" sc="282,0,184,-26,241,0,283,36" owari="282,8.0,158,-34.0,241,-16.0,319,42.0" /></mjloggm>