<mjloggm ver="2.3"><GO type="41" lobby="0"/><UN n0="%69%73%69%79%61%6B%69" n1="%79%75%74%61%6B%61%32%34" n2="%53%6C%6C%69%76%69%61%6E" n3="%E5%B0%B1%E6%B4%BB%E7%94%9F%40%E5%B7%9D%E6%9D%91%E8%BB%8D%E5%9B%A3" dan="15,14,14,14" rate="1895.43,1923.67,1912.49,1921.58" sx="M,M,M,M"/><TAIKYOKU oya="0"/><INIT seed="0,0,0,3,4,105" ten="250,250,250,250" oya="0" hai0="64,93,106,109,13,86,58,51,120,32,85,21,128" hai1="29,4,20,129,135,24,79,15,67,134,52,130,103" hai2="54,125,41,68,8,26,27,16,2,3,28,111,108" hai3="82,14,72,25,45,96,70,100,10,124,73,117,35"/><T49/><D120/><U127/><E103/><V131/><F68/><W133/><G117/><T11/><D106/><U114/><E67/><V60/><F41/><W76/><G70/><T36/><D32/><U92/><E79/><V89/><F125/><W121/><G121/><T5/><D36/><U55/><E92/><V87/><F131/><N who="1" m="50185" /><E114/><V7/><F3/><W53/><G124/><T74/><D128/><U42/><E42/><V115/><F115/><W43/><G133/><N who="1" m="50698" /><E127/><V101/><F101/><W104/><G53/><N who="1" m="20554" /><E15/><V94/><F54/><W30/><G82/><T6/><D13/><U83/><E4/><V118/><F118/><W46/><G76/><T65/><D93/><U39/><E83/><V47/><F94/><W107/><G107/><T81/><D81/><U84/><E84/><V12/><F87/><W88/><G88/><T116/><D116/><U48/><E48/><V75/><F89/><W61/><G61/><T23/><D109/><U95/><E95/><V132/><F132/><W102/><G102/><T37/><D37/><AGARI ba="0,0" hai="20,24,29,37,39" m="20554,50698,50185" machi="37" ten="40,5200,0" yaku="19,1,20,1,54,1" doraHai="105" who="1" fromWho="0" sc="250,-52,250,52,250,0,250,0" /><INIT seed="1,0,0,1,2,71" ten="198,302,250,250" oya="1" hai0="106,39,30,129,112,82,9,91,24,77,101,33,132" hai1="103,54,8,98,66,7,60,70,122,121,19,63,79" hai2="124,48,23,42,113,89,0,41,59,134,68,50,88" hai3="40,13,114,6,36,73,53,17,130,55,10,87,78"/><U83/><E19/><V104/><F68/><W84/><G114/><T110/><D112/><U97/><E54/><V128/><F113/><W69/><G69/><T81/><D9/><U47/><E63/><V16/><F124/><W32/><G130/><T64/><D129/><U15/><E98/><V29/><F134/><W52/><G32/><T28/><D64/><U46/><E46/><V22/><F128/><W58/><G58/><T51/><D132/><U21/><E47/><V14/><F104/><W1/><G73/><T120/><D30/><U133/><E21/><V115/><F0/><W94/><G94/><T65/><D65/><U20/><E20/><V102/><F102/><W119/><G119/><T4/><D4/><U72/><E133/><V80/><F115/><W90/><G90/><N who="2" m="34921" /><F80/><W108/><G108/><T126/><D110/><U11/><E11/><N who="2" m="6239" /><F59/><W2/><G78/><T123/><D82/><U61/><E61/><V95/><F95/><AGARI ba="0,0" hai="7,8,15,60,66,70,72,79,83,95,97,103,121,122" machi="95" ten="30,1500,0" yaku="7,1" doraHai="71" who="1" fromWho="2" sc="198,0,302,15,250,-15,250,0" /><INIT seed="1,1,0,4,2,88" ten="198,317,235,250" oya="1" hai0="121,79,33,16,23,112,87,127,105,41,84,56,67" hai1="11,30,62,50,85,111,19,51,107,32,43,126,26" hai2="102,39,120,53,108,91,20,7,59,48,44,106,42" hai3="1,116,89,72,22,17,70,66,100,74,124,3,40"/><U75/><E75/><V131/><F108/><W99/><G116/><T134/><D33/><U113/><E107/><V8/><F120/><W47/><G124/><T90/><D112/><U49/><E113/><V0/><F131/><W24/><G74/><T9/><D127/><U60/><E126/><V46/><F20/><W80/><G66/><T77/><D105/><U110/><E43/><V96/><REACH who="2" step="1"/><F91/><REACH who="2" ten="198,317,225,250" step="2"/><W5/><G22/><T2/><D90/><U38/><E110/><V94/><F94/><W6/><G89/><T83/><D23/><U45/><E111/><V92/><F92/><W27/><G27/><T37/><D121/><U15/><E45/><AGARI ba="1,1" hai="0,7,8,39,42,44,45,46,48,53,59,96,102,106" machi="45" ten="40,1300,0" yaku="1,1,53,0" doraHai="88" doraHaiUra="63" who="2" fromWho="1" sc="198,0,317,-16,225,26,250,0" /><INIT seed="2,0,0,2,0,120" ten="198,301,251,250" oya="2" hai0="49,92,97,111,129,37,41,66,38,1,69,9,95" hai1="4,135,121,86,61,25,34,7,119,31,46,5,77" hai2="128,20,53,127,85,40,67,125,78,54,112,102,106" hai3="44,65,30,47,19,89,122,13,123,81,79,18,21"/><V82/><F112/><W105/><G105/><T130/><D92/><U131/><E119/><V12/><F128/><N who="0" m="49258" /><D95/><U62/><E131/><V83/><F40/><W42/><G30/><T114/><D97/><U23/><E121/><V80/><F67/><W63/><G89/><T133/><D9/><U116/><E135/><V14/><F102/><W29/><G29/><T126/><D1/><U24/><E116/><V93/><F106/><W94/><G94/><T39/><D114/><U17/><E46/><V110/><F93/><W57/><G44/><N who="0" m="25743" /><D133/><U0/><E0/><V22/><F78/><W51/><REACH who="3" step="1"/><G18/><REACH who="3" ten="198,301,251,240" step="2"/><T52/><D126/><U109/><E77/><V108/><REACH who="2" step="1"/><F82/><REACH who="2" ten="198,301,241,240" step="2"/><W76/><G76/><T35/><D66/><U134/><E134/><V75/><F75/><AGARI ba="0,2" hai="13,19,21,42,47,51,57,63,65,75,79,81,122,123" machi="75" ten="30,2000,0" yaku="1,1,7,1,53,0" doraHai="120" doraHaiUra="26" who="3" fromWho="2" sc="198,0,301,0,241,-20,240,40" /><INIT seed="3,0,0,3,4,67" ten="198,301,221,280" oya="3" hai0="129,131,115,8,80,114,72,65,45,24,125,83,124" hai1="88,58,2,25,51,99,66,103,127,38,9,94,1" hai2="11,29,120,48,7,60,133,132,13,54,61,14,75" hai3="91,49,105,40,110,128,122,22,73,27,89,39,20"/><W107/><G73/><T101/><D45/><U119/><E38/><V12/><F75/><W79/><G122/><T57/><D65/><U41/><E127/><N who="0" m="48713" /><D57/><U64/><E119/><V74/><F74/><W100/><G39/><T16/><D16/><U118/><E118/><V113/><F113/><N who="0" m="43018" /><D24/><U4/><E2/><N who="2" m="503" /><F120/><W17/><G128/><N who="0" m="49227" /><D8/><U26/><E66/><V85/><F60/><W47/><G27/><T98/><D72/><U90/><E64/><V15/><F15/><W32/><G17/><T123/><D123/><U81/><E26/><V93/><F61/><W52/><G32/><T36/><D36/><U111/><E25/><V10/><F10/><W84/><G40/><T55/><D55/><U95/><E41/><V109/><F54/><W6/><G6/><T42/><D42/><U104/><E58/><V69/><F14/><W92/><G22/><T44/><D44/><U86/><E51/><V117/><F48/><W37/><G20/><T130/><N who="0" m="49235" /><T5/><DORA hai="70" /><D5/><U33/><E33/><V71/><F13/><W19/><G37/><T35/><D35/><U78/><E9/><V96/><F12/><W30/><G19/><T28/><D28/><U0/><E4/><V87/><F29/><W108/><G30/><T126/><N who="0" m="48721" /><T106/><AGARI ba="0,0" hai="80,83,98,101,106" m="49235,43018,48721" machi="106" ten="60,12000,2" yaku="4,1,18,1,11,1,19,1,34,2" doraHai="67,70" who="0" fromWho="0" sc="198,120,301,-30,221,-30,280,-60" /><INIT seed="4,0,0,3,1,34" ten="318,271,191,220" oya="0" hai0="62,65,72,16,103,38,129,89,32,1,4,36,17" hai1="81,69,53,79,5,98,3,47,46,35,21,135,71" hai2="28,50,51,78,91,49,33,2,19,55,18,48,130" hai3="132,133,122,118,57,8,112,44,117,74,67,94,109"/><T31/><D72/><U115/><E35/><V97/><F130/><W108/><G74/><T106/><D129/><U119/><E119/><N who="3" m="45578" /><G8/><N who="0" m="2063" /><D89/><U9/><E135/><N who="3" m="51786" /><G94/><T107/><D16/><U120/><E21/><V80/><F78/><W104/><G104/><N who="0" m="39979" /><D17/><U99/><E120/><V87/><F2/><W126/><G122/><T63/><D103/><U52/><E98/><V66/><F28/><W43/><G126/><T88/><D88/><U124/><E99/><V70/><F97/><W58/><G112/><T127/><D62/><U113/><E124/><V64/><F33/><W76/><G76/><T96/><D96/><U116/><E81/><V123/><F123/><W93/><G93/><T114/><D114/><N who="1" m="43531" /><E79/><V105/><F105/><W73/><G73/><T29/><D29/><U101/><E101/><V39/><F19/><W27/><G27/><N who="0" m="18559" /><D127/><U121/><E116/><V41/><F18/><W22/><G22/><T24/><D24/><U60/><E121/><V90/><F90/><W83/><G83/><T26/><D26/><U12/><E12/><V59/><F80/><W82/><G82/><T85/><D85/><U42/><E60/><N who="2" m="40263" /><F87/><W95/><G95/><T68/><AGARI ba="0,0" hai="36,38,63,65,68" m="18559,39979,2063" machi="68" ten="30,6000,0" yaku="33,2,52,1" doraHai="34" who="0" fromWho="0" sc="318,60,271,-20,191,-20,220,-20" /><INIT seed="4,1,0,2,2,96" ten="378,251,171,200" oya="0" hai0="37,115,117,42,112,103,21,5,113,56,130,77,128" hai1="30,20,59,45,71,80,102,35,122,16,9,123,6" hai2="82,26,50,47,61,89,99,3,133,81,64,60,14" hai3="78,36,100,66,33,54,118,94,48,43,8,22,28"/><T11/><D103/><U39/><E71/><V27/><F3/><W15/><G33/><T132/><D77/><U73/><E59/><N who="2" m="36895" /><F61/><W116/><G78/><T120/><D56/><U110/><E110/><V135/><F14/><W46/><G66/><T67/><D67/><U107/><E35/><V25/><F99/><W98/><G22/><T65/><D65/><U40/><E30/><V18/><F18/><W62/><G28/><T76/><D76/><U52/><E73/><V88/><F133/><W84/><G84/><T97/><D97/><U53/><E80/><N who="2" m="30827" /><F135/><W131/><G54/><AGARI ba="1,0" hai="25,26,27,47,50,54,88,89" m="30827,36895" machi="54" ten="30,2000,0" yaku="8,1,54,1" doraHai="96" who="2" fromWho="3" sc="378,0,251,0,171,23,200,-23" /><INIT seed="5,0,0,4,3,10" ten="378,251,194,177" oya="1" hai0="25,75,32,24,53,128,126,27,123,135,19,23,66" hai1="3,111,51,5,118,67,61,41,125,92,97,58,101" hai2="15,33,45,65,34,132,62,31,60,29,113,73,114" hai3="100,35,55,63,40,96,122,105,116,112,14,89,39"/><U130/><E118/><V104/><F132/><W134/><G35/><N who="2" m="13321" /><F73/><W72/><G72/><T76/><D135/><U110/><E130/><V50/><F104/><W9/><G134/><T36/><D128/><U84/><E125/><V129/><F129/><W103/><G116/><T131/><D131/><U102/><E84/><V94/><F94/><W16/><G122/><T68/><D126/><U57/><E102/><V0/><F0/><W20/><G112/><N who="2" m="43113" /><F15/><W42/><G39/><T85/><D36/><U74/><E74/><V88/><F88/><W48/><G63/><N who="2" m="24105" /><F65/><W91/><G9/><T117/><D66/><U52/><E41/><AGARI ba="0,0" hai="29,31,41,45,50" m="24105,43113,13321" machi="41" ten="30,2000,0" yaku="15,1,11,1" doraHai="10" who="2" fromWho="1" sc="378,0,251,-20,194,20,177,0" /><INIT seed="6,0,0,5,0,12" ten="378,231,214,177" oya="2" hai0="17,135,125,119,64,5,85,108,30,58,100,11,13" hai1="18,32,54,29,115,94,45,78,59,106,69,93,53" hai2="41,61,43,99,34,47,39,105,117,131,70,83,102" hai3="8,3,118,95,38,37,52,127,79,28,103,80,49"/><V87/><F117/><W21/><G118/><T26/><D108/><U15/><E69/><V104/><F131/><W71/><G71/><T36/><D119/><U20/><E106/><V7/><F43/><W113/><G113/><T126/><D135/><U33/><E78/><V68/><F34/><W86/><G127/><N who="0" m="48651" /><D36/><U124/><E124/><V114/><F114/><W24/><G3/><T51/><D100/><U22/><E45/><V92/><F7/><W74/><G8/><T66/><D85/><U112/><E29/><V44/><F70/><W101/><G101/><T81/><D81/><U60/><E60/><V42/><F61/><W1/><G1/><T128/><D128/><U82/><E15/><V123/><F123/><W0/><G0/><T46/><D58/><U57/><E82/><V73/><F73/><W6/><G6/><T116/><D116/><U89/><E89/><V110/><F110/><W97/><REACH who="3" step="1"/><G74/><REACH who="3" ten="378,231,214,167" step="2"/><T10/><D10/><U16/><AGARI ba="0,1" hai="16,18,20,22,32,33,53,54,57,59,93,94,112,115" machi="16" ten="25,12000,2" yaku="0,1,22,2,52,2,54,1" doraHai="12" who="1" fromWho="1" sc="378,-30,231,130,214,-60,167,-30" /><INIT seed="7,0,0,4,1,27" ten="348,361,154,137" oya="3" hai0="76,53,77,7,16,38,30,84,8,15,46,18,119" hai1="50,123,9,14,60,110,58,88,125,29,40,39,66" hai2="35,91,94,78,12,120,71,116,135,79,83,41,69" hai3="44,124,97,118,111,121,36,43,48,26,47,131,130"/><W13/><G118/><T10/><D119/><U74/><E74/><V86/><F116/><W72/><G121/><T33/><D38/><U20/><E110/><V112/><F120/><W28/><G72/><T49/><D84/><U133/><E39/><V108/><F108/><W73/><G73/><T11/><D7/><U95/><E133/><V19/><F35/><W103/><G111/><T17/><REACH who="0" step="1"/><D15/><REACH who="0" ten="338,361,154,137" step="2"/><U106/><E123/><V68/><F12/><W67/><G124/><T57/><D57/><U64/><E125/><V122/><F69/><W34/><G13/><T102/><D102/><U129/><E14/><V81/><F71/><W117/><G117/><T80/><D80/><U2/><E58/><V132/><F68/><W82/><G82/><T62/><D62/><U25/><E60/><V85/><F122/><W1/><G1/><T51/><D51/><U126/><E126/><V37/><F37/><W127/><G127/><T109/><D109/><U90/><E50/><V70/><F70/><W89/><G89/><T100/><D100/><U61/><E61/><V128/><F86/><W24/><G24/><AGARI ba="0,1" hai="8,10,11,16,17,18,24,30,33,46,49,53,76,77" machi="24" ten="40,5200,0" yaku="1,1,52,1,54,1,53,0" doraHai="27" doraHaiUra="63" who="0" fromWho="3" sc="338,62,361,0,154,0,137,-52" owari="400,50.0,361,16.0,154,-25.0,85,-41.0" /></mjloggm>