<mjloggm ver="2.3"><GO type="225" lobby="0"/><UN n0="%E3%81%BF%E3%81%A3%E3%81%A4%E3%81%83%EF%BD%9E" n1="%E5%B0%B1%E6%B4%BB%E7%94%9F%40%E5%B7%9D%E6%9D%91%E8%BB%8D%E5%9B%A3" n2="%E7%99%BE%E5%BC%8F%E8%A6%B3%E9%9F%B3" n3="%E2%98%86%E9%BB%84%E7%80%AC%E3%82%84%E3%82%88%E3%81%84%E2%98%86" dan="16,16,17,17" rate="2150.27,2062.59,2178.40,2225.37" sx="F,M,M,M"/><TAIKYOKU oya="0"/><INIT seed="0,0,0,2,4,113" ten="250,250,250,250" oya="0" hai0="36,78,75,48,123,124,109,107,30,85,24,51,19" hai1="96,67,110,83,101,87,58,135,47,11,37,90,18" hai2="115,132,99,15,64,16,70,68,105,125,122,27,20" hai3="12,41,69,66,60,7,114,38,94,128,76,134,8"/><T54/><D36/><U5/><E135/><V72/><F132/><W106/><G114/><T0/><D0/><U119/><E110/><V17/><F122/><W91/><G128/><T65/><D75/><U103/><E119/><V88/><F72/><W56/><G106/><T79/><D107/><U82/><E37/><V126/><F115/><W61/><G134/><T31/><D123/><U52/><E47/><V43/><F43/><W129/><G129/><T108/><D65/><U118/><E118/><V100/><F64/><W45/><G76/><N who="0" m="29227" /><D85/><N who="1" m="50487" /><E67/><V40/><F40/><W49/><G38/><T104/><D104/><U63/><E96/><V86/><F70/><W13/><G61/><T73/><D73/><U120/><E5/><V80/><REACH who="2" step="1"/><F68/><REACH who="2" ten="250,250,240,250" step="2"/><W77/><G69/><T89/><D54/><U10/><E120/><V81/><F81/><W6/><G77/><T1/><D109/><U46/><E83/><V127/><F127/><W21/><G21/><AGARI ba="0,1" hai="15,16,17,20,21,27,80,86,88,99,100,105,125,126" machi="21" ten="40,5200,0" yaku="1,1,54,2,53,0" doraHai="113" doraHaiUra="57" who="2" fromWho="3" sc="250,0,250,0,240,62,250,-52" /><INIT seed="1,0,0,2,5,2" ten="250,250,302,198" oya="1" hai0="85,28,62,104,112,86,84,67,48,59,79,7,72" hai1="83,93,95,42,98,102,43,82,129,33,39,8,114" hai2="64,52,115,36,100,89,111,50,63,110,88,75,121" hai3="34,37,90,46,123,99,18,77,113,41,0,109,44"/><U127/><E33/><V21/><F36/><W14/><G123/><T40/><D112/><U55/><E114/><V70/><F115/><W27/><G113/><T132/><D104/><U122/><E39/><V9/><F75/><W119/><G109/><N who="2" m="41481" /><F121/><W76/><G119/><T107/><D107/><U58/><E122/><V1/><F100/><W65/><G0/><T49/><D132/><U20/><E127/><V16/><F9/><W117/><G117/><T10/><D28/><U25/><E129/><V96/><F96/><W13/><G65/><T69/><D40/><N who="1" m="15403" /><E8/><V108/><N who="2" m="41489" /><V103/><DORA hai="92" /><F103/><W11/><G46/><T74/><D69/><U94/><E102/><V131/><F1/><W60/><G60/><T29/><D29/><N who="1" m="17575" /><E98/><V47/><F131/><W61/><G34/><T73/><REACH who="0" step="1"/><D79/><REACH who="0" ten="240,250,302,198" step="2"/><U124/><E124/><V26/><AGARI ba="0,1" hai="16,21,26,47,50,52,63,64,70,88,89" m="41489" machi="26" ten="40,8000,1" yaku="14,1,54,3" doraHai="2,92" who="2" fromWho="2" sc="240,-20,250,-40,302,90,198,-20" /><INIT seed="2,0,0,2,2,120" ten="220,210,392,178" oya="2" hai0="80,67,40,96,13,54,100,64,31,56,102,12,89" hai1="131,128,29,24,83,134,5,59,23,6,87,97,117" hai2="32,21,84,73,65,129,4,92,105,36,42,110,130" hai3="76,75,98,35,109,99,106,123,66,7,116,10,78"/><V74/><F32/><W15/><G123/><T45/><D31/><U119/><E97/><V30/><F105/><W71/><G116/><N who="1" m="44618" /><E59/><V17/><F30/><W11/><G35/><T88/><D67/><U14/><E134/><V69/><F69/><W112/><G112/><T132/><D64/><U1/><E1/><V47/><F65/><W8/><G106/><T68/><D68/><U3/><E3/><V135/><F4/><N who="1" m="1641" /><E87/><V104/><F104/><W114/><G114/><T61/><D132/><U55/><E55/><V118/><F135/><W58/><G71/><T25/><D89/><U62/><E83/><V53/><F118/><W19/><G75/><T34/><D100/><U38/><E62/><V22/><F84/><W48/><G99/><T95/><D102/><U20/><E38/><V57/><F53/><N who="3" m="32039" /><G66/><T101/><D80/><U26/><E14/><V46/><F46/><W81/><G98/><T18/><D101/><U77/><E77/><N who="3" m="29802" /><G81/><T93/><D95/><U60/><E60/><V124/><F92/><W107/><G107/><T125/><D34/><U82/><E82/><V70/><F70/><W108/><G7/><T91/><D91/><U127/><E127/><V0/><F124/><W43/><G43/><T9/><D125/><U103/><E103/><V126/><F42/><W39/><G39/><T52/><D40/><U111/><E111/><AGARI ba="0,0" hai="8,10,11,15,19,108,109,111" m="29802,32039" machi="111" ten="30,7700,0" yaku="14,1,52,3" doraHai="120" who="3" fromWho="1" sc="220,0,210,-77,392,0,178,77" /><INIT seed="3,0,0,5,0,6" ten="220,133,392,255" oya="3" hai0="82,90,123,102,29,125,76,129,119,42,12,28,128" hai1="112,130,35,79,104,9,116,59,49,114,50,53,54" hai2="124,46,110,60,19,52,106,55,11,15,33,13,134" hai3="88,121,97,109,41,126,80,87,101,93,48,20,89"/><W99/><G121/><T83/><D42/><U7/><E35/><V4/><F106/><N who="3" m="63791" /><G20/><T105/><D29/><U27/><E104/><V36/><F33/><W75/><G41/><T96/><D28/><U57/><E79/><V0/><F110/><W51/><G126/><T39/><D12/><U10/><E116/><V14/><F124/><W74/><G48/><T40/><D125/><U78/><E78/><V135/><F36/><W3/><G51/><T111/><D40/><U23/><E130/><N who="0" m="50281" /><D39/><U132/><E132/><N who="2" m="50731" /><F55/><W73/><G3/><T30/><D30/><U32/><E32/><V45/><F45/><W67/><G67/><T47/><D47/><U68/><E68/><V44/><F44/><W120/><G120/><T107/><D123/><U95/><E95/><V113/><F113/><W98/><G109/><T61/><D61/><U16/><REACH who="1" step="1"/><E10/><REACH who="1" ten="220,123,392,255" step="2"/><N who="2" m="6647" /><F46/><W65/><G65/><T5/><D111/><U92/><E92/><V2/><F2/><AGARI ba="0,1" hai="2,7,9,16,23,27,49,50,53,54,57,59,112,114" machi="2" ten="30,12000,2" yaku="1,1,7,1,9,1,52,1,54,1,53,2" doraHai="6" doraHaiUra="108" who="1" fromWho="2" sc="220,0,123,130,392,-120,255,0" /><INIT seed="4,0,0,5,4,98" ten="220,253,272,255" oya="0" hai0="4,83,131,82,64,58,44,28,80,111,23,42,108" hai1="2,76,114,109,3,13,39,0,27,30,74,102,65" hai2="88,37,77,15,117,55,32,26,129,118,93,66,49" hai3="17,107,100,116,113,47,84,73,95,61,48,92,52"/><T9/><D131/><U85/><E109/><N who="0" m="42057" /><D64/><U60/><E39/><V34/><F37/><W105/><G73/><T20/><D58/><U89/><E114/><V5/><F129/><W133/><G116/><N who="2" m="44649" /><F77/><W53/><G113/><T81/><N who="0" m="20480" /><DORA hai="115" /><T119/><D28/><U19/><E102/><V134/><F134/><W56/><G133/><T75/><D119/><U16/><E76/><V130/><F130/><W22/><G84/><T127/><D75/><U69/><E74/><V78/><F78/><W86/><G86/><T126/><D23/><U110/><E110/><V36/><F36/><W51/><G61/><T1/><D20/><U96/><E96/><N who="2" m="57383" /><F66/><W29/><G29/><T120/><D120/><U62/><E65/><V132/><F132/><W41/><G105/><T71/><D71/><U8/><E69/><V121/><F121/><W106/><G107/><T122/><D122/><U6/><E89/><V125/><F26/><N who="3" m="14671" /><G106/><T46/><D42/><U50/><E85/><V33/><F33/><W18/><G41/><T59/><D59/><U97/><E97/><V43/><F43/><W94/><G100/><T72/><D72/><U99/><E99/><V128/><F128/><W91/><G91/><T24/><D24/><U103/><E103/><V45/><F125/><AGARI ba="0,0" hai="1,4,9,44,46,125,126,127" m="20480,42057" machi="125" ten="50,4800,0" yaku="18,1,10,1" doraHai="98,115" who="0" fromWho="2" sc="220,48,253,0,272,-48,255,0" /><INIT seed="4,1,0,0,3,8" ten="268,253,224,255" oya="0" hai0="2,88,101,17,70,106,75,91,50,62,22,114,24" hai1="54,29,127,73,82,113,93,94,65,35,83,69,63" hai2="21,68,108,60,120,31,34,100,79,28,5,23,36" hai3="40,96,13,124,126,55,76,57,30,121,85,86,97"/><T135/><D75/><U67/><E127/><N who="3" m="48682" /><G30/><N who="2" m="11305" /><F36/><W51/><G121/><T16/><D2/><U18/><E67/><V26/><F120/><W112/><G112/><T7/><D7/><U89/><E113/><V134/><F108/><W39/><G13/><N who="0" m="9487" /><D106/><U72/><E29/><N who="2" m="19767" /><F100/><W41/><G39/><T10/><D70/><U46/><E35/><V12/><F79/><W130/><G130/><T119/><D119/><U105/><E105/><V128/><F60/><W33/><G76/><T132/><D114/><U1/><E1/><V87/><F87/><N who="3" m="33291" /><G33/><T45/><D62/><U61/><E73/><V80/><F80/><W59/><G59/><T81/><D81/><U48/><E72/><V71/><F71/><W64/><G64/><T56/><D56/><U111/><E111/><V43/><F68/><W109/><G109/><T27/><D101/><U58/><E82/><V84/><F84/><W117/><G117/><T125/><D125/><U102/><E83/><V98/><F98/><AGARI ba="1,0" hai="40,41,51,55,57,96,97,98" m="33291,48682" machi="98" ten="30,1000,0" yaku="18,1" doraHai="8" who="3" fromWho="2" sc="268,0,253,0,224,-13,255,13" /><INIT seed="5,0,0,4,0,133" ten="268,253,211,268" oya="1" hai0="135,113,101,19,65,39,66,48,20,105,99,24,118" hai1="123,106,45,70,51,128,4,42,100,38,35,120,132" hai2="34,102,85,47,78,98,31,18,63,104,69,64,50" hai3="6,72,108,112,28,10,125,93,22,41,16,103,25"/><U87/><E35/><V30/><F18/><W86/><G72/><T80/><D39/><U27/><E128/><V111/><F111/><W26/><G41/><T73/><D118/><U40/><E132/><V11/><F11/><W126/><G108/><T79/><D135/><U117/><E4/><V95/><F34/><N who="3" m="20751" /><G103/><T84/><D113/><U71/><E27/><V15/><F15/><N who="3" m="5591" /><G86/><T29/><D48/><U13/><E87/><V82/><REACH who="2" step="1"/><F104/><REACH who="2" ten="268,253,201,268" step="2"/><W121/><G112/><T57/><D19/><U107/><E106/><V74/><F74/><W8/><G93/><N who="0" m="58607" /><D73/><U17/><E107/><V44/><F44/><W61/><G121/><T58/><D105/><U49/><E120/><V59/><F59/><AGARI ba="0,1" hai="20,24,29,57,58,59,65,66,79,80,84" m="58607" machi="59" ten="30,1000,0" yaku="8,1" doraHai="133" who="0" fromWho="2" sc="268,20,253,0,201,-10,268,0" /><INIT seed="6,0,0,5,1,23" ten="288,253,191,268" oya="2" hai0="57,4,118,115,85,52,60,99,112,84,2,107,79" hai1="59,1,111,28,42,124,47,51,29,93,27,67,86" hai2="6,98,35,9,125,129,87,37,131,69,81,100,65" hai3="20,0,64,82,11,126,17,66,74,26,44,56,80"/><V21/><F35/><W30/><G126/><T78/><D2/><U108/><E1/><V53/><F37/><W63/><G74/><T14/><D118/><U12/><E124/><V49/><F125/><W16/><G0/><T116/><D116/><U134/><E134/><V113/><F113/><N who="0" m="43594" /><D107/><U114/><E114/><V94/><F65/><N who="3" m="25195" /><G44/><T110/><D110/><U104/><E104/><V13/><F21/><N who="3" m="15695" /><G11/><N who="0" m="4455" /><D99/><U101/><E12/><V73/><F73/><W22/><G22/><T120/><D120/><U40/><E40/><V62/><F62/><W39/><G39/><T77/><AGARI ba="0,0" hai="52,57,60,77,78,79,84,85" m="4455,43594" machi="77" ten="30,2000,0" yaku="15,1,54,1" doraHai="23" who="0" fromWho="0" sc="288,20,253,-5,191,-10,268,-5" owari="308,41.0,248,-15.0,181,-32.0,263,6.0" /></mjloggm>