<mjloggm ver="2.3"><GO type="105" lobby="0"/><UN n0="%E5%B0%B1%E6%B4%BB%E7%94%9F%40%E5%B7%9D%E6%9D%91%E8%BB%8D%E5%9B%A3" n1="%EF%BC%BC%28%EF%BC%9E%E3%83%AE%EF%BC%9C%29%EF%BC%8F" n2="%E5%B0%8F%E3%81%95%E3%81%98%E2%99%AA" n3="%E5%B7%9D%E6%9D%91%E6%99%83%E8%A3%95%EF%BC%88%E4%B8%A1%E6%96%B9%EF%BC%89" dan="16,14,15,16" rate="2116.74,1914.83,2006.12,2085.86" sx="M,M,M,M"/><TAIKYOKU oya="0"/><INIT seed="0,0,0,2,5,114" ten="250,250,250,250" oya="0" hai0="110,124,83,39,108,128,65,109,103,0,73,1,66" hai1="50,120,51,11,9,86,47,32,91,123,15,80,96" hai2="20,14,35,72,55,6,69,106,42,16,54,24,134" hai3="43,104,75,121,2,132,131,28,57,87,129,68,107"/><T7/><D39/><U119/><E119/><V126/><F72/><W125/><G68/><T40/><D128/><N who="3" m="49225" /><G75/><T81/><D124/><U61/><E32/><V10/><F69/><W19/><G2/><N who="0" m="1131" /><D7/><U5/><E61/><V22/><F106/><N who="3" m="40491" /><G28/><T82/><D103/><U48/><E96/><V58/><F126/><W56/><G43/><T13/><D73/><U99/><E99/><V92/><F42/><W21/><G125/><T59/><D40/><U85/><E47/><V8/><F35/><W53/><G121/><T44/><D44/><U113/><E113/><V111/><F92/><W95/><G53/><T45/><D45/><U49/><E123/><V3/><F55/><W41/><G41/><T88/><D13/><N who="1" m="5295" /><E120/><V100/><F100/><W90/><G132/><T36/><D36/><U97/><E51/><V30/><F134/><W23/><G23/><T18/><D18/><N who="1" m="8575" /><E80/><N who="0" m="30825" /><D59/><U115/><E115/><V63/><REACH who="2" step="1"/><F22/><REACH who="2" ten="250,250,240,250" step="2"/><W52/><G52/><T101/><D101/><U130/><E130/><V122/><F122/><W102/><G102/><T33/><D33/><U112/><E112/><V67/><F67/><W4/><G4/><T118/><D118/><U60/><E60/><V62/><F62/><W116/><G116/><T27/><D66/><U135/><E135/><V89/><F89/><W93/><G93/><AGARI ba="0,1" hai="48,49,50,85,86,91,93,97" m="8575,5295" machi="93" ten="30,1000,0" yaku="8,1" doraHai="114" who="1" fromWho="3" sc="250,0,250,20,240,0,250,-10" /><INIT seed="1,0,0,4,5,29" ten="250,270,240,240" oya="1" hai0="103,129,126,125,35,88,77,45,110,39,21,131,30" hai1="4,31,38,63,115,66,27,72,87,95,74,33,8" hai2="111,2,57,18,85,91,120,0,82,22,73,3,100" hai3="108,10,67,43,23,109,59,52,44,80,92,64,79"/><U37/><E115/><V13/><F120/><W113/><G113/><T89/><D35/><U133/><E133/><V124/><F124/><N who="0" m="47722" /><D103/><U118/><E118/><V75/><F111/><N who="3" m="42571" /><G92/><T16/><D110/><U106/><E106/><V6/><F100/><W107/><G107/><T7/><D7/><U32/><E32/><V94/><F6/><W42/><G10/><T105/><D30/><U112/><E112/><V96/><F96/><W24/><G44/><T135/><D77/><U90/><E63/><V56/><REACH who="2" step="1"/><F94/><REACH who="2" ten="250,270,230,240" step="2"/><W51/><G80/><T65/><D105/><U11/><E4/><V97/><F97/><W102/><G102/><T60/><D135/><U84/><E95/><V71/><F71/><W15/><G79/><T121/><D121/><U54/><E90/><N who="0" m="34921" /><D45/><U130/><E130/><V36/><F36/><W28/><G15/><N who="0" m="9375" /><D39/><U58/><E38/><V46/><F46/><W17/><G28/><T5/><D5/><U20/><E37/><V99/><F99/><W70/><G70/><AGARI ba="0,1" hai="60,65,70,129,131" m="9375,34921,47722" machi="70" ten="30,3900,0" yaku="18,1,54,2" doraHai="29" who="0" fromWho="3" sc="250,49,270,0,230,0,240,-39" /><INIT seed="2,0,0,1,1,60" ten="299,270,230,201" oya="2" hai0="96,80,24,46,100,16,62,132,48,77,22,126,29" hai1="103,23,5,91,113,88,112,19,15,119,133,30,71" hai2="47,111,8,35,59,12,76,93,4,65,89,68,11" hai3="45,43,18,38,36,39,108,17,14,57,33,6,50"/><V52/><F35/><W32/><G108/><T67/><D132/><U27/><E119/><V86/><F111/><W63/><G6/><T42/><D126/><U116/><E116/><V107/><F107/><W66/><REACH who="3" step="1"/><G18/><REACH who="3" ten="299,270,230,191" step="2"/><T102/><D29/><U104/><E133/><V117/><F117/><W118/><G118/><T81/><D77/><U94/><E5/><V135/><F135/><W110/><G110/><T53/><D42/><U70/><E112/><V114/><F114/><W125/><G125/><T74/><D74/><U129/><E113/><V120/><F120/><W2/><G2/><T44/><D44/><U69/><E129/><V95/><F4/><W79/><G79/><T134/><D134/><U20/><REACH who="1" step="1"/><E104/><REACH who="1" ten="299,260,230,191" step="2"/><V121/><F121/><W130/><G130/><T123/><D123/><U13/><E13/><V55/><F12/><W0/><G0/><T1/><D1/><U75/><E75/><V64/><F47/><W90/><G90/><T49/><D102/><U7/><E7/><V73/><F89/><W82/><G82/><T28/><D81/><U115/><E115/><V131/><F131/><W10/><AGARI ba="0,2" hai="10,14,17,32,33,36,38,39,43,45,50,57,63,66" machi="10" ten="30,4000,0" yaku="1,1,0,1,52,1,53,0" doraHai="60" doraHaiUra="51" who="3" fromWho="3" sc="299,-10,260,-10,230,-20,191,60" /><INIT seed="3,0,0,2,5,107" ten="289,250,210,251" oya="3" hai0="18,88,135,75,134,87,96,6,0,1,60,7,4" hai1="57,13,121,119,24,83,131,5,85,86,115,116,76" hai2="22,25,40,26,64,54,132,111,124,72,56,21,3" hai3="91,74,45,23,16,31,33,106,35,108,82,55,93"/><W61/><G106/><T53/><D75/><N who="1" m="43423" /><E121/><V37/><F3/><W27/><G108/><T126/><D126/><U2/><E2/><V49/><F124/><W105/><G105/><T42/><D42/><U113/><E24/><V66/><F111/><W133/><G133/><N who="0" m="50699" /><D96/><U44/><E44/><V92/><F132/><W43/><G31/><T34/><D34/><U125/><E57/><V62/><F72/><W120/><G120/><T15/><D53/><U9/><E125/><V122/><F122/><W117/><G117/><N who="1" m="45130" /><E131/><V95/><F37/><W12/><G12/><T97/><D97/><U29/><E29/><N who="2" m="17583" /><F40/><W8/><G8/><N who="0" m="6503" /><D60/><U103/><E103/><V81/><F81/><AGARI ba="0,0" hai="0,1,4,6,7,81,87,88" m="6503,50699" machi="81" ten="30,2000,0" yaku="20,1,54,1" doraHai="107" who="0" fromWho="2" sc="289,20,250,0,210,-20,251,0" /><INIT seed="4,0,0,0,0,84" ten="309,250,190,251" oya="0" hai0="112,68,20,125,30,25,31,51,75,10,101,21,103" hai1="122,114,132,16,58,86,28,85,126,49,52,33,116" hai2="15,90,121,127,76,2,133,66,78,60,104,82,92" hai3="93,41,64,105,12,135,98,106,38,74,83,124,94"/><T32/><D75/><U47/><E116/><V95/><F2/><W53/><G64/><T34/><D68/><U35/><E122/><V102/><F121/><W13/><G53/><T110/><D110/><U67/><E126/><V97/><F127/><W130/><G41/><T24/><D125/><U59/><E132/><V108/><F108/><W42/><G42/><T23/><D112/><U77/><E114/><V81/><F15/><W120/><G38/><T117/><D117/><U88/><E28/><V36/><F36/><W19/><G124/><T22/><N who="0" m="5632" /><DORA hai="123" /><T119/><D119/><U9/><E33/><V45/><F45/><W113/><G19/><T44/><REACH who="0" step="1"/><D10/><REACH who="0" ten="299,250,190,251" step="2"/><U107/><E67/><V6/><F133/><W40/><G74/><T80/><D80/><N who="1" m="47247" /><E35/><V61/><F66/><W71/><G83/><T87/><D87/><U69/><E69/><V3/><F82/><W43/><G71/><T1/><D1/><U70/><E70/><V18/><F81/><W62/><G113/><T134/><D134/><U48/><E9/><V50/><F3/><W29/><G135/><T55/><AGARI ba="0,1" hai="24,25,30,31,32,34,44,51,55,101,103" m="5632" machi="55" ten="40,12000,1" yaku="1,1,0,1,9,1,53,2" doraHai="84,123" doraHaiUra="99,109" who="0" fromWho="0" sc="299,130,250,-40,190,-40,251,-40" /><INIT seed="4,1,0,0,1,1" ten="429,210,150,211" oya="0" hai0="102,117,25,90,29,60,131,39,108,13,95,123,2" hai1="68,11,81,47,107,21,15,71,92,105,113,134,85" hai2="50,78,53,115,32,5,61,72,18,16,41,7,97" hai3="106,75,44,17,34,26,20,63,42,101,103,119,84"/><T62/><D2/><U96/><E21/><V49/><F32/><W48/><G75/><T127/><D117/><U28/><E28/><V27/><F72/><W79/><G119/><T130/><D39/><U36/><E134/><V120/><F120/><W118/><G118/><T51/><D123/><U14/><E113/><V128/><F128/><W58/><G34/><T54/><D102/><N who="3" m="38921" /><G106/><T116/><D13/><U12/><E107/><V45/><F78/><W82/><G58/><T33/><D108/><U74/><E105/><V114/><F97/><W23/><G23/><T65/><D127/><U64/><E74/><V3/><F3/><W80/><G82/><T88/><D90/><U98/><E64/><V35/><F61/><AGARI ba="1,0" hai="17,20,26,42,44,48,61,63,79,80,84" m="38921" machi="61" ten="30,1000,0" yaku="8,1" doraHai="1" who="3" fromWho="2" sc="429,0,210,0,150,-13,211,13" /><INIT seed="5,0,0,0,5,30" ten="429,210,137,224" oya="1" hai0="57,21,56,90,40,52,76,71,99,128,6,80,114" hai1="1,73,133,130,43,103,110,93,96,44,102,36,101" hai2="2,59,131,39,37,60,125,55,115,19,10,116,8" hai3="86,111,7,64,12,47,20,105,126,113,68,79,66"/><U132/><E130/><V28/><F116/><W118/><G66/><T94/><D71/><U9/><E110/><V22/><F131/><W124/><G105/><T112/><D40/><U85/><E73/><V117/><F117/><W72/><G72/><T18/><D6/><U87/><E9/><V81/><F125/><W4/><G7/><T104/><D104/><U42/><E1/><V98/><F98/><W38/><G4/><T70/><D70/><U67/><E67/><V108/><F108/><W41/><G38/><T35/><D35/><U50/><E36/><V107/><F107/><W74/><G41/><T84/><D128/><U65/><E65/><V106/><F106/><W31/><G47/><T69/><D69/><U58/><E58/><V127/><F127/><W51/><G86/><T46/><D46/><U24/><E24/><V135/><F135/><N who="1" m="51785" /><E43/><V92/><F115/><N who="0" m="44074" /><D52/><U3/><E3/><V88/><F81/><W95/><G74/><T53/><D53/><U11/><E11/><N who="2" m="4139" /><F2/><W89/><G68/><T14/><AGARI ba="0,0" hai="14,18,21,56,57,76,80,84,90,94,99" m="44074" machi="14" ten="30,1100,0" yaku="15,1" doraHai="30" who="0" fromWho="0" sc="429,11,210,-5,137,-3,224,-3" /><INIT seed="6,0,0,1,1,3" ten="440,205,134,221" oya="2" hai0="116,106,101,42,75,24,28,10,16,77,8,46,114" hai1="98,83,18,91,0,15,60,94,56,19,59,2,68" hai2="100,119,134,90,93,76,55,36,32,34,35,21,123" hai3="127,104,6,108,131,80,72,17,122,118,135,22,5"/><V29/><F119/><W126/><G118/><T96/><D114/><U45/><E68/><V53/><F123/><W99/><G108/><T113/><D113/><U25/><E45/><V14/><F36/><W130/><G122/><T79/><D116/><U110/><E110/><V48/><F76/><N who="3" m="44039" /><G135/><T125/><D125/><N who="3" m="47625" /><G99/><T40/><D40/><U111/><E111/><V86/><F134/><W120/><G104/><T54/><D54/><U4/><E0/><V112/><F112/><W12/><G120/><T66/><D66/><N who="1" m="39175" /><E2/><V97/><F48/><W85/><G85/><T105/><D105/><U67/><E83/><V121/><F121/><W37/><G37/><T88/><D88/><U89/><E89/><V50/><F50/><W9/><G5/><T74/><D74/><U64/><E25/><AGARI ba="0,0" hai="6,9,12,17,22,25,130,131" m="47625,44039" machi="25" ten="30,2000,0" yaku="18,1,52,1" doraHai="3" who="3" fromWho="1" sc="440,0,205,-20,134,0,221,20" /><INIT seed="7,0,0,2,2,112" ten="440,185,134,241" oya="3" hai0="67,1,63,45,105,18,132,90,58,102,87,39,70" hai1="131,11,29,6,89,30,44,81,78,65,103,35,8" hai2="54,19,115,111,60,96,101,32,108,85,124,5,59" hai3="31,13,123,125,25,62,68,119,130,51,43,38,34"/><W117/><G123/><T66/><D132/><U48/><E131/><V46/><F32/><W94/><G51/><T118/><D1/><U109/><E109/><V23/><F5/><W50/><G50/><T7/><D7/><U20/><E35/><V84/><F124/><W22/><G94/><T120/><D120/><U97/><E89/><V107/><F115/><W92/><G92/><T95/><D118/><U126/><E126/><V2/><F2/><W14/><G13/><T71/><D66/><U75/><E65/><V82/><F46/><N who="3" m="23927" /><G14/><T9/><D39/><U57/><E57/><V134/><F134/><W28/><G22/><T53/><D45/><U135/><E135/><V69/><F69/><W12/><G12/><T104/><D102/><U106/><E20/><V113/><F113/><W4/><G28/><T128/><D128/><U114/><E114/><V122/><F122/><W55/><G4/><T74/><D74/><U99/><E99/><V10/><F10/><W73/><G73/><T41/><D41/><N who="1" m="24591" /><E8/><V86/><REACH who="2" step="1"/><F82/><REACH who="2" ten="440,185,124,241" step="2"/><W91/><G125/><T88/><D71/><U16/><E6/><V26/><AGARI ba="0,1" hai="19,23,26,54,59,60,84,85,86,96,101,107,108,111" machi="26" ten="30,8000,1" yaku="1,1,2,1,0,1,53,2" doraHai="112" doraHaiUra="121" who="2" fromWho="2" sc="440,-20,185,-20,124,90,241,-40" owari="420,52.0,165,-33.0,214,1.0,201,-20.0" /></mjloggm>