<mjloggm ver="2.3"><GO type="97" lobby="0"/><UN n0="%6F%6E%69%72%6F%6B%75" n1="%E5%98%98%E3%81%AF%E7%BD%AA" n2="%E5%B0%B1%E6%B4%BB%E7%94%9F%40%E5%B7%9D%E6%9D%91%E8%BB%8D%E5%9B%A3" n3="%41%6C%66%68%65%69%6D" dan="14,13,15,14" rate="1988.23,1860.00,1985.45,1895.07" sx="M,M,M,M"/><TAIKYOKU oya="0"/><INIT seed="0,0,0,2,1,1" ten="250,250,250,250" oya="0" hai0="71,53,133,25,68,97,44,125,33,39,135,86,85" hai1="134,10,5,106,9,130,50,74,11,57,101,60,21" hai2="35,34,111,90,82,17,113,114,61,110,37,52,66" hai3="26,118,16,12,38,75,109,8,14,32,31,95,64"/><T122/><D122/><U124/><E130/><V121/><F121/><W18/><G38/><T94/><D125/><U29/><E124/><V41/><F35/><W76/><G118/><T23/><D33/><U63/><E74/><V84/><F34/><W126/><G126/><T96/><D86/><U69/><E134/><N who="0" m="51209" /><D85/><U123/><E123/><V59/><F17/><W108/><G64/><T46/><D39/><U93/><E106/><V45/><REACH who="2" step="1"/><F66/><REACH who="2" ten="250,250,240,250" step="2"/><W36/><G108/><AGARI ba="0,1" hai="37,41,45,52,59,61,82,84,90,108,110,111,113,114" machi="108" ten="40,8000,1" yaku="1,1,2,1,14,1,54,1,53,1" doraHai="1" doraHaiUra="87" who="2" fromWho="3" sc="250,0,250,0,240,90,250,-80" /><INIT seed="1,0,0,0,0,99" ten="250,250,330,170" oya="1" hai0="12,91,23,125,76,89,57,112,63,17,33,47,79" hai1="92,4,119,126,32,5,103,56,29,101,20,114,124" hai2="6,81,115,66,67,78,94,80,118,21,77,13,86" hai3="59,64,31,52,7,28,123,102,26,3,9,87,41"/><U54/><E119/><V82/><F118/><W122/><G64/><N who="2" m="24617" /><F115/><W30/><G26/><T18/><D33/><U100/><E114/><V130/><F130/><W35/><G35/><T44/><D125/><N who="1" m="48235" /><E32/><V16/><F6/><N who="1" m="2665" /><E29/><V128/><F128/><W19/><G19/><N who="0" m="7179" /><D23/><U108/><E108/><V46/><F46/><N who="0" m="17450" /><D12/><U2/><E20/><V117/><F117/><W95/><G41/><T75/><D75/><U135/><E135/><V113/><F113/><W11/><G11/><T14/><D14/><U71/><E71/><V68/><F68/><W109/><G109/><T110/><D112/><U62/><E2/><V36/><F36/><W83/><G83/><N who="2" m="31817" /><F94/><AGARI ba="0,0" hai="54,56,62,92,94,100,101,103" m="2665,48235" machi="94" ten="40,12000,1" yaku="18,1,52,3" doraHai="99" who="1" fromWho="2" sc="250,0,250,120,330,-120,170,0" /><INIT seed="1,1,0,0,5,34" ten="250,370,210,170" oya="1" hai0="9,128,97,30,95,70,109,18,117,43,4,23,132" hai1="92,78,79,125,106,122,27,82,59,75,93,90,87" hai2="62,53,115,64,44,46,7,103,11,54,16,38,67" hai3="71,84,40,26,102,116,49,80,108,98,10,130,86"/><U51/><E122/><V35/><F115/><W37/><G37/><T89/><D70/><U58/><E125/><V94/><F35/><W77/><G71/><T22/><D117/><U119/><E119/><V0/><F38/><W1/><G116/><T60/><D132/><U52/><E106/><V118/><F118/><W33/><G108/><T135/><D128/><U65/><E79/><V91/><F103/><W19/><G130/><T100/><D109/><U55/><E65/><V20/><F54/><W5/><G40/><T25/><D135/><U36/><E36/><V123/><F123/><W21/><G49/><T99/><D60/><U45/><E27/><V24/><F64/><W74/><REACH who="3" step="1"/><G33/><REACH who="3" ten="250,370,210,160" step="2"/><T2/><D43/><U3/><E3/><V12/><F53/><W31/><G31/><T41/><D41/><U69/><E69/><V48/><F48/><W114/><G114/><T110/><D110/><U42/><E42/><V6/><F62/><W29/><G29/><T127/><D127/><U104/><E55/><V81/><F67/><W8/><G8/><T88/><REACH who="0" step="1"/><D99/><REACH who="0" ten="240,370,210,160" step="2"/><U76/><E45/><V17/><F46/><W83/><G83/><T124/><D124/><U13/><E51/><V85/><F44/><W47/><G47/><T15/><AGARI ba="1,2" hai="2,4,9,15,18,22,23,25,30,88,89,95,97,100" machi="15" ten="20,12000,2" yaku="1,1,0,1,7,1,52,1,54,1,53,1" doraHai="34" doraHaiUra="32" who="0" fromWho="0" sc="240,143,370,-61,210,-31,160,-31" /><INIT seed="2,0,0,1,2,132" ten="383,309,179,129" oya="2" hai0="81,85,116,4,67,56,29,96,35,112,33,6,7" hai1="64,78,114,129,69,40,20,79,68,0,107,11,15" hai2="99,12,115,46,25,36,118,50,71,53,102,60,111" hai3="54,61,16,38,87,22,41,100,47,84,66,88,45"/><V74/><F115/><W124/><G100/><T98/><D112/><U2/><E114/><V23/><F118/><W104/><G104/><T76/><D35/><U108/><E107/><V1/><F74/><W83/><G124/><T80/><D33/><U14/><E108/><V86/><F1/><W3/><G3/><T123/><D123/><U18/><E129/><V128/><F128/><W120/><G120/><T113/><D113/><U101/><E101/><V8/><F111/><W82/><G54/><T44/><D29/><U125/><E125/><V131/><F131/><W72/><G72/><T110/><D110/><U57/><E40/><V49/><F36/><W134/><G134/><T119/><D44/><U75/><E75/><V109/><F109/><W27/><G45/><T10/><D10/><U5/><E57/><V21/><F86/><W28/><G28/><T106/><D106/><U97/><E97/><V24/><F50/><W92/><REACH who="3" step="1"/><G84/><REACH who="3" ten="383,309,179,119" step="2"/><N who="0" m="48135" /><D119/><U105/><E2/><V127/><F127/><W89/><G89/><N who="0" m="51375" /><D116/><U48/><E0/><V62/><F99/><W130/><G130/><T94/><D94/><U37/><E105/><V55/><F102/><W65/><G65/><T51/><D67/><U121/><E64/><V133/><F71/><AGARI ba="0,1" hai="16,22,27,38,41,47,61,66,71,82,83,87,88,92" machi="71" ten="30,8000,1" yaku="1,1,7,1,54,2,53,1" doraHai="132" doraHaiUra="19" who="3" fromWho="2" sc="383,0,309,0,179,-80,119,90" /><INIT seed="3,0,0,0,0,130" ten="383,309,99,209" oya="3" hai0="48,88,49,45,35,72,99,69,98,131,128,9,68" hai1="127,43,47,85,24,61,13,28,0,54,14,8,53" hai2="22,106,93,83,26,63,86,108,102,10,42,19,30" hai3="91,60,18,100,92,82,16,21,4,31,6,55,37"/><W90/><G37/><T113/><D72/><U52/><E127/><V119/><F106/><W74/><G100/><T17/><D35/><U32/><E0/><V118/><F108/><W67/><G55/><T111/><D111/><U79/><E14/><V76/><F118/><W1/><G31/><T126/><D126/><U27/><E27/><V71/><F119/><W51/><G51/><N who="0" m="19531" /><D45/><U135/><E135/><V84/><F71/><N who="0" m="27210" /><D17/><U96/><E96/><N who="0" m="36905" /><D9/><U58/><E79/><V105/><F105/><W23/><G1/><T56/><D88/><N who="3" m="33833" /><G74/><T75/><D56/><U12/><E12/><V38/><F38/><W110/><G82/><T123/><D75/><U103/><E103/><V40/><F102/><W36/><G36/><T115/><D123/><U132/><E132/><V120/><F120/><W87/><G87/><T41/><D41/><U124/><E85/><V129/><F129/><AGARI ba="0,0" hai="113,115,128,129,131" m="36905,27210,19531" machi="129" ten="40,5200,0" yaku="28,2,19,1" doraHai="130" who="0" fromWho="2" sc="383,52,309,0,99,-52,209,0" owari="435,53.0,309,11.0,47,-45.0,209,-19.0" /></mjloggm>