<mjloggm ver="2.3"><GO type="41" lobby="0"/><UN n0="%E5%BC%A5%E5%85%B5%E8%A1%9B" n1="%73%68%69%6E%6A%69%6D%65" n2="%79%61%6D%61%36%31%39" n3="%E5%B0%B1%E6%B4%BB%E7%94%9F%40%E5%B7%9D%E6%9D%91%E8%BB%8D%E5%9B%A3" dan="14,14,14,14" rate="1906.48,1885.41,1836.43,1924.33" sx="M,M,M,M"/><TAIKYOKU oya="0"/><INIT seed="0,0,0,1,5,129" ten="250,250,250,250" oya="0" hai0="132,14,131,23,63,31,122,115,13,19,118,124,24" hai1="80,87,66,16,109,41,18,7,82,50,58,44,85" hai2="12,119,10,3,117,55,71,25,46,70,83,17,28" hai3="30,0,128,84,5,52,68,123,110,79,98,88,29"/><T65/><D122/><U92/><E109/><V105/><F105/><W11/><G68/><T72/><D118/><N who="2" m="45066" /><F83/><W93/><G123/><T56/><D72/><U49/><E92/><V45/><F3/><W67/><G110/><T97/><D115/><U51/><E7/><V9/><F9/><W126/><G126/><T4/><D131/><U43/><E66/><V100/><F100/><W73/><G128/><T38/><D124/><U121/><E121/><V95/><F95/><W94/><G67/><T47/><D4/><U40/><E58/><V91/><F91/><W61/><G73/><T15/><D97/><U69/><E69/><N who="2" m="26123" /><F55/><W130/><G130/><T37/><D47/><U32/><E32/><AGARI ba="0,0" hai="10,12,17,25,28,32,45,46" m="26123,45066" machi="32" ten="30,1000,0" yaku="12,1" doraHai="129" who="2" fromWho="1" sc="250,0,250,-10,250,10,250,0" /><INIT seed="1,0,0,3,4,62" ten="250,240,260,250" oya="1" hai0="81,49,14,66,73,24,16,90,95,117,1,98,112" hai1="64,80,29,13,124,103,59,0,21,83,115,106,89" hai2="97,92,30,94,116,128,86,36,132,19,54,131,110" hai3="70,79,101,57,114,22,35,44,75,41,12,76,100"/><U120/><E115/><V55/><F36/><W67/><G70/><T46/><D112/><U25/><E120/><V87/><F30/><W27/><G114/><T7/><D117/><U52/><E0/><V8/><F8/><W3/><G35/><T130/><D130/><U11/><E124/><V96/><F19/><W39/><G3/><T121/><D121/><U71/><E106/><V50/><F50/><W23/><G12/><T88/><D1/><U56/><E71/><V126/><F126/><W72/><G72/><T53/><D24/><U17/><E103/><V63/><F63/><W9/><G9/><T60/><D7/><U78/><E78/><V82/><F82/><W107/><G107/><T127/><D127/><U134/><E134/><V125/><F125/><W20/><G27/><T43/><D81/><U69/><E69/><V51/><F51/><W104/><G104/><T122/><D122/><U18/><E29/><V45/><F45/><W65/><G57/><N who="0" m="37135" /><D73/><U33/><E33/><V68/><F68/><W85/><G75/><T119/><D119/><U2/><E2/><V61/><F61/><W48/><G39/><T34/><D34/><U113/><E113/><V129/><F128/><W91/><G79/><T15/><D15/><U4/><E4/><V93/><F116/><W37/><G76/><T74/><D74/><U6/><E6/><V40/><F132/><W84/><G37/><T108/><D90/><U135/><E135/><V5/><F5/><W109/><G109/><T47/><D108/><U26/><E25/><V31/><F110/><W77/><G77/><RYUUKYOKU ba="0,0" sc="250,0,240,0,260,0,250,0" /><INIT seed="2,1,0,2,3,87" ten="250,240,260,250" oya="2" hai0="19,61,43,89,51,66,114,85,118,36,21,35,29" hai1="105,25,109,132,91,93,28,8,46,9,111,127,13" hai2="106,77,74,3,15,97,62,39,16,52,65,101,58" hai3="10,84,123,59,75,78,44,131,116,81,76,108,107"/><V1/><F39/><W22/><G107/><T41/><D114/><U129/><E105/><V135/><F135/><W7/><G123/><T110/><D36/><U117/><E117/><V32/><F32/><W68/><G108/><N who="1" m="41546" /><E132/><V69/><F77/><W48/><G116/><T12/><D110/><U70/><E70/><V71/><F74/><W50/><G131/><T104/><D104/><U125/><E129/><V60/><REACH who="2" step="1"/><F71/><REACH who="2" ten="250,240,250,250" step="2"/><W99/><G68/><T80/><D118/><U56/><E46/><V96/><F96/><W11/><G76/><T115/><D115/><U120/><E120/><V6/><F6/><W45/><G75/><T63/><D35/><N who="1" m="20879" /><E56/><V23/><AGARI ba="1,1" hai="1,3,15,16,23,52,58,60,62,65,69,97,101,106" machi="23" ten="20,12000,1" yaku="1,1,0,1,7,1,54,2,53,0" doraHai="87" doraHaiUra="27" who="2" fromWho="2" sc="250,-41,240,-41,250,133,250,-41" /><INIT seed="2,2,0,1,4,75" ten="209,199,383,209" oya="2" hai0="44,15,49,82,3,16,129,25,88,11,132,18,135" hai1="62,76,55,122,89,107,17,110,123,101,48,5,61" hai2="65,68,24,63,127,103,116,67,13,43,118,56,87" hai3="79,133,100,72,117,19,106,78,30,128,114,99,46"/><V2/><F2/><W58/><G117/><N who="2" m="45161" /><F24/><W0/><G0/><T97/><D3/><U52/><E110/><V40/><F103/><W54/><G114/><T98/><D25/><U70/><E5/><V53/><F13/><W96/><G72/><T80/><D18/><U35/><E35/><V86/><F86/><W22/><G128/><T7/><D129/><U102/><E89/><V113/><F87/><W28/><G133/><N who="0" m="51275" /><D7/><U126/><E126/><V41/><F113/><W59/><G46/><T94/><D98/><N who="3" m="37417" /><G100/><N who="1" m="38506" /><E107/><V93/><F93/><W64/><G64/><N who="2" m="24649" /><F127/><W77/><G106/><T125/><D125/><U27/><E70/><AGARI ba="2,0" hai="40,41,43,53,56,63,68,70" m="24649,45161" machi="70" ten="40,3900,0" yaku="34,2" doraHai="75" who="2" fromWho="1" sc="209,0,199,-45,383,45,209,0" /><INIT seed="2,3,0,2,2,66" ten="209,154,428,209" oya="2" hai0="18,128,46,107,36,71,72,48,78,37,118,10,42" hai1="96,102,16,44,109,55,97,9,110,67,98,34,120" hai2="35,85,8,124,33,29,113,82,3,38,73,47,43" hai3="5,28,27,135,86,58,56,24,17,79,7,15,64"/><V119/><F29/><W83/><G135/><T115/><D107/><U11/><E34/><V117/><F113/><W91/><G27/><T51/><D115/><U40/><E120/><V122/><F122/><W125/><G125/><T100/><D100/><U54/><E102/><V90/><F124/><W53/><G64/><T80/><D118/><U65/><E40/><V60/><F60/><W14/><G14/><T116/><D116/><U20/><E44/><V74/><F119/><W129/><G129/><T57/><D128/><U45/><E45/><V0/><F117/><W103/><G103/><T39/><D57/><U87/><E87/><V1/><REACH who="2" step="1"/><F8/><REACH who="2" ten="209,154,418,209" step="2"/><N who="1" m="3145" /><E65/><V70/><F70/><W127/><G28/><T52/><D71/><U75/><E67/><V92/><F92/><W121/><G121/><T126/><D126/><U32/><E32/><AGARI ba="3,1" hai="0,1,3,32,33,35,38,43,47,73,74,82,85,90" machi="32" ten="50,2400,0" yaku="1,1,53,0" doraHai="66" doraHaiUra="23" who="2" fromWho="1" sc="209,0,154,-33,418,43,209,0" /><INIT seed="2,4,0,5,3,57" ten="209,121,461,209" oya="2" hai0="37,113,112,56,110,103,69,61,66,80,105,22,118" hai1="21,104,28,9,58,48,76,77,32,98,84,51,40" hai2="78,15,10,20,100,55,108,67,68,89,106,127,60" hai3="24,101,131,52,1,83,71,134,5,111,126,70,96"/><V14/><F78/><W50/><G111/><T39/><D80/><U128/><E32/><V41/><F41/><W121/><G121/><T86/><D86/><U72/><E72/><V0/><F0/><W59/><G126/><T54/><D103/><U23/><E128/><V46/><F15/><W34/><G131/><T92/><D92/><U26/><E104/><V75/><F75/><W74/><G134/><T53/><D105/><U73/><E73/><V62/><F20/><W97/><G1/><T125/><D69/><U120/><E120/><V90/><F108/><W45/><G5/><T129/><D110/><U102/><E102/><V130/><F130/><W64/><G74/><T25/><D129/><U4/><E98/><V79/><F79/><W11/><G83/><T133/><D25/><U3/><E23/><V91/><F127/><W87/><G87/><T124/><D22/><U43/><E43/><V81/><F81/><W8/><G71/><T63/><D66/><U49/><E40/><V17/><F46/><W132/><G70/><T95/><D95/><U19/><E84/><V107/><REACH who="2" step="1"/><F100/><REACH who="2" ten="209,121,451,209" step="2"/><W33/><G101/><T27/><D27/><U2/><E2/><V99/><F99/><W82/><G24/><T135/><D56/><AGARI ba="4,1" hai="10,14,17,55,56,60,62,67,68,89,90,91,106,107" machi="56" ten="40,7700,0" yaku="1,1,52,2,53,0" doraHai="57" doraHaiUra="88" who="2" fromWho="0" sc="209,-89,121,0,451,99,209,0" /><INIT seed="2,5,0,4,5,72" ten="120,121,550,209" oya="2" hai0="119,85,61,116,86,126,44,47,5,66,104,65,14" hai1="60,124,20,33,74,81,94,134,16,25,135,37,4" hai2="113,90,51,87,38,8,12,111,46,9,59,79,52" hai3="108,54,17,18,28,95,49,80,64,103,106,36,34"/><V68/><F68/><W57/><G36/><T70/><D104/><U67/><E124/><V71/><F71/><W30/><G108/><T91/><D126/><U114/><E114/><V43/><F111/><W23/><G106/><T58/><D14/><U29/><E37/><V84/><F113/><W21/><G34/><T131/><D5/><U82/><E4/><V50/><F38/><W112/><G64/><T56/><D131/><U31/><E31/><N who="3" m="11818" /><G80/><T41/><D91/><U48/><E48/><V53/><F43/><W32/><G32/><T35/><D35/><U40/><E40/><V128/><F128/><W121/><G121/><T22/><D41/><U101/><E74/><V45/><F59/><N who="0" m="22570" /><D85/><U92/><E92/><N who="2" m="54343" /><F12/><W109/><G109/><T105/><D22/><N who="3" m="8201" /><G112/><T62/><D86/><U117/><E117/><N who="0" m="45129" /><D105/><U27/><E60/><N who="0" m="23145" /><D70/><U63/><E94/><V42/><F42/><W122/><G122/><T26/><D26/><U10/><E101/><V75/><F75/><W1/><G1/><T24/><D24/><U127/><E127/><V120/><F120/><W15/><G15/><T100/><D100/><U78/><E10/><V2/><F2/><W132/><G103/><T0/><D0/><U93/><E93/><V55/><F55/><W107/><G95/><T99/><D99/><U69/><REACH who="1" step="1"/><E78/><REACH who="1" ten="120,111,550,209" step="2"/><V102/><F102/><W125/><G107/><T76/><D76/><U115/><E115/><V110/><F110/><W3/><G125/><T129/><D129/><U98/><E98/><V96/><F96/><W19/><G3/><T123/><D123/><U77/><E77/><RYUUKYOKU ba="5,1" sc="120,0,111,0,550,0,209,0" hai0="44,47,65,66" hai1="16,20,25,27,29,33,63,67,69,81,82,134,135" hai2="8,9,45,46,50,51,52,53,79,87" hai3="17,18,19,49,54,57,132" /><INIT seed="2,6,1,4,2,73" ten="120,111,550,209" oya="2" hai0="98,94,84,87,28,112,13,132,100,80,77,75,135" hai1="23,90,121,36,47,6,32,120,114,64,110,89,2" hai2="38,49,19,1,116,83,96,29,40,5,44,86,22" hai3="133,20,81,61,54,60,56,119,126,72,130,14,79"/><V95/><F29/><W7/><G119/><T48/><D28/><U37/><E114/><V91/><F1/><W68/><G130/><T93/><D13/><U63/><E32/><V59/><F116/><W67/><G133/><N who="0" m="51275" /><D48/><U128/><E128/><V109/><F5/><W30/><G126/><T129/><D129/><U33/><E33/><V26/><F109/><W123/><G123/><N who="1" m="47178" /><E110/><V10/><F10/><W45/><G45/><T131/><D131/><U125/><E125/><V78/><REACH who="2" step="1"/><F59/><REACH who="2" ten="120,111,540,209" step="2"/><W102/><G7/><T62/><D112/><U8/><E23/><V117/><F117/><W115/><G115/><T76/><D62/><U51/><E37/><AGARI ba="6,2" hai="19,22,26,37,38,40,44,49,78,83,86,91,95,96" machi="37" ten="40,7700,0" yaku="1,1,52,1,53,1" doraHai="73" doraHaiUra="12" who="2" fromWho="1" sc="120,0,111,-95,540,115,209,0" /><INIT seed="2,7,0,0,5,74" ten="120,16,655,209" oya="2" hai0="59,75,65,71,44,67,98,113,125,32,81,82,124" hai1="93,64,56,78,109,92,70,26,49,111,37,104,135" hai2="0,114,63,14,127,61,39,97,120,62,112,42,34" hai3="132,1,45,119,126,110,108,51,9,43,11,12,18"/><V86/><F0/><W79/><G119/><T23/><D32/><U129/><E104/><V68/><F34/><W8/><G126/><N who="0" m="48747" /><D113/><N who="2" m="43626" /><F97/><W20/><G132/><T121/><D121/><U89/><E37/><V55/><F86/><W48/><G1/><T128/><D71/><U53/><E135/><V30/><F30/><W60/><G60/><N who="2" m="23145" /><F14/><W10/><N who="3" m="2560" /><DORA hai="2" /><W72/><REACH who="3" step="1"/><G51/><REACH who="3" ten="120,16,655,199" step="2"/><T99/><D128/><U58/><E129/><V115/><F127/><W47/><G47/><T116/><D44/><U36/><E36/><V21/><F115/><W102/><G102/><T15/><D116/><U50/><E70/><V100/><F100/><W130/><G130/><T122/><D122/><U84/><E64/><N who="2" m="40991" /><F120/><W103/><G103/><T106/><D67/><U31/><E31/><V28/><F28/><W91/><G91/><T46/><D65/><U7/><E7/><V107/><F107/><W13/><G13/><T41/><D15/><U80/><E26/><V94/><F39/><W6/><G6/><T35/><D106/><U83/><E111/><V105/><F105/><W54/><G54/><T131/><D131/><U118/><E109/><V66/><F66/><W85/><G85/><T57/><D75/><U16/><E118/><V33/><F55/><W17/><G17/><T69/><D69/><U87/><E16/><V77/><F42/><W40/><G40/><T38/><D41/><U29/><E29/><V52/><F52/><AGARI ba="7,1" hai="49,50,52,53,56,58,78,80,83,84,87,89,92,93" machi="52" ten="40,8000,1" yaku="9,1,8,1,52,1,54,1" doraHai="74,2" who="1" fromWho="2" sc="120,0,16,111,655,-101,199,0" /><INIT seed="3,0,0,4,3,123" ten="120,127,554,199" oya="3" hai0="103,128,70,2,21,31,115,82,52,92,88,117,47" hai1="129,28,34,41,110,63,35,61,1,113,112,55,122" hai2="91,89,99,76,36,20,19,109,85,54,116,72,71" hai3="66,13,42,3,32,7,79,83,65,8,29,50,69"/><W30/><G69/><T27/><D117/><U5/><E122/><V84/><F36/><W131/><G131/><T59/><D70/><U33/><E41/><V62/><F71/><W22/><G32/><N who="1" m="12394" /><E55/><V134/><F116/><W120/><G3/><T51/><D2/><U75/><E75/><V53/><F72/><W105/><G105/><T48/><D128/><U100/><E100/><V130/><F76/><W114/><G114/><T6/><D6/><U0/><E63/><V14/><F130/><W49/><G120/><T102/><D82/><U121/><E61/><V24/><F99/><W74/><G49/><T25/><D25/><N who="1" m="18831" /><E121/><V87/><F62/><W101/><G101/><T80/><D80/><U11/><E129/><V64/><F53/><W104/><G104/><T98/><D115/><N who="1" m="44107" /><E0/><V23/><F54/><AGARI ba="0,0" hai="21,27,31,47,48,51,52,54,59,88,92,98,102,103" machi="54" ten="30,7700,0" yaku="7,1,8,1,54,2" doraHai="123" who="0" fromWho="2" sc="120,77,127,0,554,-77,199,0" /><INIT seed="4,0,0,3,2,31" ten="197,127,477,199" oya="0" hai0="90,127,69,84,22,99,58,118,30,19,68,21,40" hai1="24,67,48,135,20,116,52,3,36,126,54,53,83" hai2="26,120,18,41,17,51,125,78,45,115,15,64,107" hai3="130,93,81,121,7,66,94,86,97,61,57,98,1"/><T23/><D118/><U113/><E116/><V4/><F107/><W28/><G121/><T8/><D69/><U77/><E3/><V49/><F120/><W72/><G72/><T71/><D71/><U38/><E126/><V82/><F4/><W42/><G130/><T47/><D68/><U122/><E122/><V104/><F104/><W132/><G132/><T110/><D127/><U59/><E135/><V79/><F64/><W88/><G42/><T10/><D99/><U13/><E67/><V108/><F26/><W44/><G44/><T131/><D131/><U105/><E105/><V25/><F25/><W33/><G7/><T63/><D30/><U32/><E113/><V43/><F115/><W123/><G1/><T87/><D110/><U95/><E38/><V73/><F79/><W56/><G123/><T103/><D103/><U5/><E36/><V85/><F18/><W117/><G117/><T111/><D111/><U39/><E39/><V119/><F108/><W76/><G28/><T133/><D133/><U74/><E95/><V11/><F119/><W106/><G106/><T102/><D102/><U37/><E37/><V16/><F17/><W89/><G57/><T75/><D75/><U128/><E128/><V6/><F6/><W2/><G2/><T50/><D19/><N who="1" m="10351" /><E5/><V100/><F100/><W112/><G112/><T35/><D35/><AGARI ba="0,0" hai="33,35,56,61,66,76,81,86,88,89,93,94,97,98" machi="35" ten="40,8000,1" yaku="9,1,52,2,54,1" doraHai="31" who="3" fromWho="0" sc="197,-80,127,0,477,0,199,80" /><INIT seed="5,0,0,5,4,28" ten="117,127,477,279" oya="1" hai0="81,40,127,16,99,117,0,87,18,75,50,93,60" hai1="4,52,39,103,30,15,14,125,23,108,58,85,98" hai2="33,71,62,38,19,3,8,48,109,124,7,95,25" hai3="82,29,116,53,55,111,91,135,42,44,115,27,114"/><U130/><E39/><V35/><F38/><W120/><G111/><T128/><D117/><U70/><E70/><V17/><F109/><W41/><G120/><T22/><D75/><U32/><E108/><V47/><F48/><W64/><G116/><T80/><D0/><U26/><E125/><V72/><F47/><W133/><G64/><T13/><D127/><U101/><E130/><V12/><F72/><W66/><G66/><T88/><D128/><U110/><E110/><V56/><F71/><W97/><G53/><T106/><D106/><U100/><E85/><V112/><F95/><N who="3" m="56575" /><G55/><T84/><D60/><U118/><E118/><V49/><F62/><W132/><G82/><T5/><D5/><U1/><E1/><V113/><F56/><W105/><G105/><T45/><D18/><N who="2" m="6666" /><F49/><N who="3" m="26767" /><G42/><T76/><D76/><U46/><E46/><V54/><F54/><W129/><G129/><T78/><D78/><U61/><E4/><V21/><F124/><W74/><G74/><T92/><D92/><U67/><E67/><V24/><F3/><W86/><G86/><AGARI ba="0,0" hai="13,16,22,40,45,50,80,81,84,86,87,88,93,99" machi="86" ten="40,5200,0" yaku="8,1,54,2" doraHai="28" who="0" fromWho="3" sc="117,52,127,0,477,0,279,-52" /><INIT seed="6,0,0,1,5,128" ten="169,127,477,227" oya="2" hai0="59,43,58,129,52,80,126,92,64,98,0,18,99" hai1="86,78,34,14,45,8,118,85,127,56,108,93,61" hai2="50,125,83,102,133,27,101,89,21,91,106,40,115" hai3="113,46,94,116,69,33,30,37,90,5,134,114,26"/><V75/><F40/><N who="3" m="22799" /><G116/><T60/><D0/><U70/><E108/><V35/><F35/><W55/><G55/><T44/><D129/><U81/><E118/><V96/><F50/><W100/><G100/><T57/><D126/><U77/><E34/><V25/><F25/><W73/><G5/><T104/><D104/><U7/><E70/><V67/><F67/><W79/><G79/><T31/><D31/><U132/><E127/><V62/><F62/><W28/><G28/><T29/><D29/><U47/><E132/><V87/><F133/><W38/><G73/><T110/><D110/><U54/><E93/><V66/><F66/><W39/><G69/><T95/><D58/><U119/><E119/><V12/><F12/><W74/><G74/><T97/><D80/><AGARI ba="0,0" hai="7,8,14,45,47,54,56,61,77,78,80,81,85,86" machi="80" ten="40,2600,0" yaku="9,1,8,1" doraHai="128" who="1" fromWho="0" sc="169,-26,127,26,477,0,227,0" /><INIT seed="7,0,0,3,4,112" ten="143,153,477,227" oya="3" hai0="129,78,6,102,49,54,118,74,131,7,25,109,120" hai1="110,5,35,95,45,56,105,124,133,77,0,63,96" hai2="51,117,94,40,55,58,93,36,98,100,80,30,72" hai3="123,128,90,3,107,42,22,65,134,87,83,24,130"/><W16/><G3/><T44/><D120/><U8/><E110/><V127/><F36/><W113/><G107/><T99/><D109/><U64/><E133/><V82/><F40/><W10/><G113/><T62/><D78/><U20/><E124/><V103/><F127/><W92/><G123/><T88/><D74/><U89/><E35/><V68/><F68/><W15/><G42/><T2/><D62/><U69/><E105/><V43/><F43/><W106/><G106/><T104/><D25/><U19/><E45/><V14/><F30/><W50/><G65/><T57/><D57/><U1/><E77/><V81/><F14/><W114/><G114/><T116/><D88/><U108/><E108/><V41/><F41/><W121/><G134/><T18/><D18/><U97/><E0/><V27/><F27/><W119/><G121/><T73/><D73/><U46/><E46/><V13/><F13/><W135/><G135/><T122/><D122/><U17/><E17/><V67/><F67/><W84/><G16/><T85/><D85/><U28/><E28/><V21/><F21/><W52/><G84/><T12/><D12/><U26/><E69/><V39/><F39/><W125/><G22/><T60/><D60/><U33/><E33/><V59/><F59/><W34/><G24/><T66/><D66/><U70/><E70/><V79/><F79/><W71/><G125/><T23/><D23/><U132/><E132/><V115/><F72/><W37/><G34/><T91/><D91/><U61/><E63/><V11/><F115/><W126/><G90/><T48/><D116/><RYUUKYOKU ba="0,0" sc="143,-10,153,30,477,-10,227,-10" hai1="1,5,8,19,20,26,56,61,64,89,95,96,97" owari="133,-37.0,183,-22.0,467,57.0,217,2.0" /></mjloggm>