<mjloggm ver="2.3"><GO type="169" lobby="0"/><UN n0="%73%6F%64%6F%72" n1="%E2%80%A0%58%54%45%4E%44%E2%80%A0" n2="%47%45%59%55" n3="%E3%83%88%E3%83%88%E3%83%AA%E5%85%88%E7%94%9F%31%39%E6%AD%B3" dan="16,16,16,18" rate="2074.67,2072.81,2049.89,2183.54" sx="M,F,M,F"/><TAIKYOKU oya="0"/><INIT seed="0,0,0,2,4,5" ten="250,250,250,250" oya="0" hai0="11,110,48,36,93,79,130,96,26,57,43,27,62" hai1="31,66,37,99,13,119,102,16,59,68,54,65,122" hai2="23,72,85,33,53,123,39,40,69,7,76,20,35" hai3="78,98,24,131,100,109,63,55,8,90,3,71,75"/><T52/><D36/><U58/><E122/><V104/><F72/><W111/><G131/><T77/><D130/><U86/><E119/><V56/><F69/><W38/><G38/><T89/><D110/><U95/><E37/><V107/><F7/><N who="3" m="1151" /><G90/><T134/><D134/><U2/><E2/><V6/><F6/><W47/><G55/><T113/><D113/><U91/><E31/><V87/><F39/><W50/><G24/><N who="0" m="9259" /><D11/><N who="1" m="6207" /><E68/><V92/><F40/><W82/><G50/><T116/><D116/><U28/><E28/><V74/><F74/><W32/><G47/><AGARI ba="0,0" hai="43,47,48,52,57,62,77,79,89,93,96" m="9259" machi="47" ten="30,2900,0" yaku="8,1,54,1" doraHai="5" who="0" fromWho="3" sc="250,29,250,0,250,0,250,-29" /><INIT seed="0,1,0,3,0,80" ten="279,250,250,221" oya="0" hai0="92,134,78,104,65,21,6,54,95,75,85,9,52" hai1="20,39,28,23,61,67,84,5,68,12,117,41,25" hai2="50,10,31,91,38,7,77,11,81,116,118,98,99" hai3="108,19,82,103,32,42,69,0,120,16,132,30,29"/><T73/><D104/><U15/><E117/><N who="2" m="45163" /><F38/><W27/><G69/><T53/><D65/><U47/><E5/><V4/><F31/><W26/><G108/><T34/><D34/><U55/><E23/><V112/><F112/><W119/><G119/><T13/><D134/><U133/><E133/><V111/><F91/><W44/><G0/><T45/><D45/><U33/><E33/><V130/><F130/><W90/><G132/><T89/><D78/><U43/><E43/><V110/><F50/><W18/><G120/><T22/><REACH who="0" step="1"/><D95/><REACH who="0" ten="269,250,250,221" step="2"/><U135/><E135/><V63/><F111/><W49/><G32/><T123/><D123/><U3/><E3/><N who="2" m="287" /><F110/><W51/><G44/><T70/><D70/><U62/><E55/><V57/><F57/><W126/><G42/><T66/><D66/><U64/><E64/><V58/><F58/><W8/><G126/><T114/><D114/><U59/><E68/><V48/><F63/><W125/><G125/><T1/><D1/><U109/><E109/><V101/><F48/><W24/><G51/><T97/><D97/><U106/><E106/><V36/><F36/><W83/><G49/><T71/><D71/><U131/><E61/><V121/><F121/><W88/><G8/><T76/><D76/><U17/><E131/><V46/><F46/><W96/><G29/><T87/><D87/><U128/><E128/><V14/><F99/><W72/><G30/><T113/><D113/><U100/><E84/><N who="2" m="48175" /><F98/><W129/><G129/><T127/><D127/><U115/><E115/><V40/><F40/><W35/><G96/><T60/><D60/><RYUUKYOKU ba="1,1" sc="269,15,250,-15,250,15,221,-15" hai0="6,9,13,21,22,52,53,54,73,75,85,89,92" hai2="7,11,14,101" /><INIT seed="0,2,1,5,4,7" ten="284,235,265,206" oya="0" hai0="16,24,70,38,102,84,109,22,123,19,63,98,53" hai1="117,122,119,40,27,75,36,48,130,64,61,133,132" hai2="4,128,76,85,62,110,58,87,95,86,103,120,83" hai3="21,10,66,116,42,112,97,89,8,33,105,91,82"/><T0/><D38/><U15/><E75/><V127/><F120/><W121/><G112/><T25/><D123/><U65/><E122/><V23/><F110/><W107/><G33/><T101/><D0/><U93/><E27/><V74/><F128/><W108/><G121/><T104/><D109/><U49/><E93/><V100/><F127/><W114/><G108/><T31/><D84/><U30/><E30/><V81/><F4/><W126/><G114/><T37/><D102/><U45/><E15/><V59/><F23/><W67/><G126/><T2/><D2/><U26/><E26/><V134/><F134/><N who="1" m="51817" /><E130/><V113/><F113/><W69/><G116/><N who="1" m="44618" /><E64/><N who="3" m="24618" /><G69/><AGARI ba="2,1" hai="36,40,45,48,49,61,65,69" m="44618,51817" machi="69" ten="30,3900,0" yaku="20,1,34,2" doraHai="7" who="1" fromWho="3" sc="284,0,235,55,265,0,206,-45" /><INIT seed="1,0,0,0,2,5" ten="284,290,265,161" oya="1" hai0="72,6,118,58,129,77,15,125,85,44,46,29,3" hai1="10,82,23,13,130,121,104,21,49,83,100,68,37" hai2="135,111,122,66,2,36,31,65,114,133,116,106,56" hai3="80,90,52,48,60,119,113,32,38,34,134,42,45"/><U112/><E121/><V18/><F122/><W39/><G113/><T103/><D118/><U22/><E37/><V33/><F36/><W95/><G119/><T110/><D72/><U7/><E112/><V62/><F114/><W1/><G1/><T102/><D3/><U96/><E68/><V54/><F111/><W70/><G134/><N who="2" m="51209" /><F106/><W40/><G80/><N who="0" m="47247" /><D110/><U27/><E130/><V89/><F2/><W75/><G75/><T124/><D29/><U35/><REACH who="1" step="1"/><E49/><REACH who="1" ten="284,280,265,161" step="2"/><V25/><F116/><W76/><G38/><T123/><D129/><U43/><E43/><V12/><F89/><W86/><G42/><T59/><D123/><U93/><E93/><V4/><F4/><W55/><G76/><T120/><D120/><U47/><E47/><V17/><F17/><W24/><G39/><T41/><D46/><U16/><E16/><V131/><F131/><W101/><G40/><T53/><D44/><U74/><E74/><V0/><F18/><W26/><G70/><T79/><D41/><U78/><E78/><V50/><F50/><W126/><G48/><N who="0" m="31015" /><D79/><U63/><E63/><V64/><F62/><W105/><G60/><T107/><D107/><U91/><E91/><V115/><F115/><W132/><G45/><T97/><D59/><U88/><E88/><V108/><F56/><W28/><G132/><T81/><D81/><U51/><E51/><V30/><F108/><W99/><G105/><N who="0" m="63695" /><D103/><U73/><E73/><V128/><F128/><W67/><G101/><T57/><D57/><U20/><N who="1" m="5120" /><DORA hai="61" /><U92/><E92/><V94/><F94/><W109/><G95/><RYUUKYOKU ba="0,1" sc="284,15,280,15,265,-15,161,-15" hai0="6,15,124,125" hai1="7,10,13,27,35,82,83,96,100,104" /><INIT seed="1,1,1,4,2,73" ten="299,295,250,146" oya="1" hai0="112,30,7,54,9,15,111,95,36,0,128,133,39" hai1="108,20,26,58,59,76,92,21,135,113,91,99,110" hai2="23,109,49,87,17,63,78,72,117,70,50,100,51" hai3="24,80,2,79,66,94,89,83,90,32,120,3,125"/><U123/><E123/><V5/><F117/><W116/><G120/><T56/><D112/><U130/><E113/><V104/><F109/><N who="1" m="42089" /><E135/><V6/><F72/><W93/><G116/><T103/><D111/><U84/><E130/><V25/><F104/><W131/><G131/><T132/><D128/><U134/><E134/><N who="0" m="51817" /><D30/><N who="1" m="17735" /><E21/><V101/><F70/><W53/><G125/><T88/><D103/><N who="2" m="39498" /><F63/><W48/><G66/><T28/><D28/><U119/><E119/><V124/><F124/><W40/><G32/><T105/><D105/><U64/><E64/><V74/><F74/><W44/><G2/><T37/><D0/><U55/><E55/><V82/><AGARI ba="1,1" hai="5,6,17,23,25,49,50,51,78,82,87" m="39498" machi="82" ten="30,2000,0" yaku="8,1,52,1" doraHai="73" who="2" fromWho="2" sc="299,-6,295,-11,250,33,146,-6" /><INIT seed="2,0,0,0,0,46" ten="293,284,283,140" oya="2" hai0="21,42,104,49,16,87,39,61,107,38,80,93,116" hai1="27,63,69,126,50,131,17,48,84,108,6,100,24" hai2="106,134,7,59,51,109,91,117,5,58,30,94,28" hai3="34,53,120,79,11,52,57,98,129,60,115,124,103"/><V121/><F117/><W102/><G120/><T26/><D116/><U101/><E131/><V41/><F106/><W112/><G34/><T113/><D113/><N who="3" m="43593" /><G129/><T15/><D104/><U76/><E108/><V23/><F109/><W35/><G35/><T44/><D107/><U37/><E37/><V96/><F134/><W40/><G124/><T119/><D119/><U25/><E126/><V111/><F121/><W95/><G79/><T70/><D93/><U135/><E135/><V132/><F132/><W88/><G40/><T18/><D61/><U105/><E6/><N who="2" m="2059" /><F111/><W29/><G29/><N who="2" m="11369" /><F23/><W64/><G11/><T89/><REACH who="0" step="1"/><D70/><REACH who="0" ten="283,284,283,140" step="2"/><U55/><E69/><V71/><F71/><N who="3" m="42375" /><G53/><T9/><AGARI ba="0,1" hai="9,15,16,18,21,26,38,39,42,44,49,80,87,89" machi="9" ten="20,12000,2" yaku="1,1,0,1,7,1,52,1,54,1,53,1" doraHai="46" doraHaiUra="45" who="0" fromWho="0" sc="283,130,284,-30,283,-60,140,-30" /><INIT seed="3,0,0,2,0,119" ten="413,254,223,110" oya="3" hai0="7,63,66,27,77,68,134,85,99,47,130,86,28" hai1="122,11,84,38,51,121,133,4,69,36,12,15,93" hai2="103,31,29,59,127,87,25,71,67,8,0,57,72" hai3="118,110,44,5,107,37,96,98,81,52,95,33,89"/><W106/><G118/><T43/><D130/><U80/><E69/><V32/><F72/><W91/><G33/><T128/><D128/><U30/><E133/><V35/><F127/><W78/><G110/><T2/><D134/><U39/><E30/><V20/><F87/><W1/><G1/><T75/><D99/><U49/><E93/><V23/><F31/><W112/><G5/><T115/><D115/><U18/><E51/><V109/><F35/><W10/><G10/><T41/><D2/><U83/><E49/><V24/><F24/><W79/><G112/><T50/><D7/><U42/><E42/><V120/><F8/><W21/><G21/><T104/><D104/><N who="3" m="39977" /><G52/><T64/><D64/><U88/><REACH who="1" step="1"/><E83/><REACH who="1" ten="413,244,223,110" step="2"/><V124/><F29/><W17/><G81/><T62/><D28/><U117/><E117/><V55/><F71/><W94/><G44/><T53/><D47/><U26/><E26/><V14/><F25/><W116/><G116/><T73/><D27/><U19/><E19/><V101/><F32/><W46/><G17/><T54/><D50/><U111/><E111/><V108/><F109/><W16/><G16/><T70/><D43/><U45/><E45/><V132/><F108/><W22/><G22/><AGARI ba="0,1" hai="4,11,12,15,18,22,36,38,39,80,84,88,121,122" machi="22" ten="40,8000,1" yaku="1,1,52,2,54,1,53,0" doraHai="119" doraHaiUra="90" who="1" fromWho="3" sc="413,0,244,90,223,0,110,-80" /><INIT seed="4,0,0,4,5,10" ten="413,334,223,30" oya="0" hai0="100,77,7,25,44,98,16,37,78,83,97,110,70" hai1="66,50,81,15,99,69,135,71,114,46,133,105,124" hai2="109,115,42,104,79,118,45,65,31,131,11,101,63" hai3="41,36,123,55,68,126,57,90,76,0,92,134,67"/><T87/><D70/><U62/><E124/><V21/><F109/><W18/><G0/><T60/><D110/><U5/><E81/><V6/><F115/><W23/><G126/><T93/><D7/><U20/><E71/><V22/><F131/><W58/><G123/><T9/><D60/><U91/><E114/><V51/><F118/><W32/><G32/><T24/><D78/><U38/><E38/><V28/><F79/><W94/><G134/><N who="1" m="51210" /><E91/><V107/><F22/><W2/><G2/><T116/><D116/><U54/><E5/><V106/><F21/><W84/><G76/><T82/><D82/><U108/><E108/><V120/><F101/><W103/><G68/><T29/><D29/><U95/><E105/><V30/><F120/><W130/><G130/><T125/><D125/><U47/><E20/><V127/><F127/><W96/><G67/><T8/><D8/><U112/><E112/><V72/><F72/><W53/><G36/><T121/><D121/><U88/><E47/><V35/><F35/><W73/><G73/><T14/><REACH who="0" step="1"/><D98/><REACH who="0" ten="403,334,223,30" step="2"/><U1/><E1/><V4/><F11/><W17/><G41/><AGARI ba="0,1" hai="9,14,16,24,25,37,41,44,77,83,87,93,97,100" machi="41" ten="40,12000,1" yaku="1,1,2,1,52,1,54,1,53,0" doraHai="10" doraHaiUra="119" who="0" fromWho="3" sc="403,130,334,0,223,0,30,-120" owari="533,64.0,334,13.0,223,-18.0,-90,-59.0" /></mjloggm>