<mjloggm ver="2.3"><GO type="41" lobby="0"/><UN n0="%E5%B0%B1%E6%B4%BB%E7%94%9F%40%E5%B7%9D%E6%9D%91%E8%BB%8D%E5%9B%A3" n1="%E3%82%BF%E3%83%AA%E3%83%BC%E3%82%B2%E3%82%B9" n2="%E8%B2%A0%E3%81%91%E7%8A%AC%E3%81%98%E3%82%85%E3%82%93" n3="%73%73%61%61%74%74" dan="14,13,15,13" rate="1955.30,1888.77,1957.86,1839.18" sx="M,M,M,M"/><TAIKYOKU oya="0"/><INIT seed="0,0,0,1,2,63" ten="250,250,250,250" oya="0" hai0="96,51,72,33,34,40,98,114,53,10,3,42,45" hai1="104,17,129,93,107,1,31,77,59,113,88,86,122" hai2="92,126,119,0,100,127,71,23,14,47,22,74,85" hai3="79,11,89,67,49,91,21,16,87,64,28,19,73"/><T83/><D114/><U112/><E1/><V105/><F71/><W134/><G73/><T55/><D72/><U60/><E31/><V52/><F0/><W13/><G134/><T48/><D83/><U41/><E122/><V120/><F74/><W7/><G49/><T123/><D123/><U133/><E133/><V54/><F120/><W110/><G110/><T6/><D40/><U70/><E70/><V44/><F105/><W15/><G28/><T118/><D118/><U29/><E29/><V109/><F109/><W121/><G121/><T95/><D42/><U27/><E41/><V101/><F92/><W84/><G79/><T131/><D131/><U66/><E77/><V108/><F108/><W18/><G7/><T78/><D78/><U135/><E135/><V9/><F14/><W57/><G57/><T130/><D130/><U5/><E5/><V80/><F9/><W102/><G102/><T8/><D8/><U116/><E116/><V25/><F85/><N who="3" m="32843" /><G19/><T38/><D38/><U46/><E46/><V99/><F99/><W2/><G2/><T82/><D82/><U65/><E129/><V50/><F80/><W94/><G94/><T56/><REACH who="0" step="1"/><D98/><REACH who="0" ten="240,250,250,250" step="2"/><U128/><E128/><V12/><F119/><W124/><G124/><T69/><D69/><U39/><E39/><V90/><F127/><W62/><G62/><T97/><D97/><U61/><E113/><V26/><F126/><W75/><G75/><T43/><D43/><U30/><E112/><V32/><F32/><W36/><G36/><T125/><D125/><U115/><E115/><V106/><F106/><RYUUKYOKU ba="0,1" sc="240,15,250,-15,250,-15,250,15" hai0="3,6,10,33,34,45,48,51,53,55,56,95,96" hai3="11,13,15,16,18,21,64,67,89,91" /><INIT seed="0,1,1,0,0,101" ten="255,235,235,265" oya="0" hai0="114,33,41,78,35,122,124,28,74,94,108,18,39" hai1="79,46,93,19,10,66,134,56,120,58,50,22,127" hai2="30,2,95,53,76,13,72,7,91,16,17,99,135" hai3="103,126,51,92,52,40,118,60,89,80,90,8,102"/><T105/><D122/><U12/><E134/><V26/><F135/><W132/><G118/><T115/><D94/><U42/><E127/><V82/><F53/><W44/><G132/><T110/><D124/><U15/><E66/><V11/><REACH who="2" step="1"/><F2/><REACH who="2" ten="255,235,225,265" step="2"/><W121/><G126/><T4/><D115/><U131/><E120/><V75/><F75/><W113/><G113/><T3/><D114/><U73/><E131/><V81/><F81/><W104/><G121/><T129/><D129/><U96/><E73/><V49/><F49/><W97/><G60/><T20/><D39/><U25/><E50/><V38/><F38/><W0/><G0/><T61/><D41/><U69/><E42/><V27/><F27/><W37/><G8/><T64/><D74/><U84/><E10/><V117/><F117/><W87/><REACH who="3" step="1"/><G104/><REACH who="3" ten="255,235,225,255" step="2"/><T70/><D105/><U31/><E15/><V88/><F88/><W71/><G71/><T21/><D3/><U111/><E69/><V54/><F54/><W63/><G63/><T65/><D70/><U57/><E12/><V6/><F6/><W62/><G62/><T119/><D61/><U29/><E79/><V106/><F106/><W112/><G112/><T123/><D78/><U85/><E25/><V109/><F109/><W47/><AGARI ba="1,3" hai="37,40,44,47,51,52,80,87,89,90,92,97,102,103" machi="47" ten="20,12000,2" yaku="1,1,0,1,7,1,54,1,53,2" doraHai="101" doraHaiUra="86" who="3" fromWho="3" sc="255,-61,235,-31,225,-31,255,153" /><INIT seed="1,0,0,1,4,66" ten="194,204,194,408" oya="1" hai0="112,54,55,81,71,100,35,121,2,40,20,63,5" hai1="87,93,19,31,6,53,68,56,123,72,25,47,59" hai2="132,120,18,13,113,114,67,1,21,117,129,23,118" hai3="60,116,111,88,17,30,78,97,91,106,12,27,109"/><U83/><E72/><V126/><F67/><W104/><G78/><T38/><D35/><U14/><E123/><V75/><F75/><W125/><G125/><T86/><D112/><N who="2" m="43114" /><F120/><W26/><G116/><N who="2" m="44649" /><F126/><W4/><G4/><T8/><D121/><U96/><E6/><V82/><F82/><W64/><G104/><T45/><D100/><U98/><E68/><V128/><F1/><W0/><G0/><T58/><D20/><N who="2" m="7754" /><F132/><W33/><G26/><T39/><D39/><U46/><E25/><V77/><F77/><W48/><G48/><T28/><D28/><U61/><E31/><V134/><F134/><W34/><G34/><T101/><D101/><N who="1" m="60559" /><E98/><V85/><F85/><W108/><G12/><T44/><D44/><U94/><E94/><V122/><F122/><W73/><G17/><T124/><D124/><U51/><E47/><V65/><F65/><W127/><G127/><T131/><D71/><U3/><E61/><V80/><F80/><W16/><G16/><T9/><D63/><U115/><E3/><V119/><N who="2" m="44657" /><V15/><DORA hai="95" /><F15/><W133/><G133/><T32/><D2/><U7/><E115/><V52/><F52/><W37/><G73/><T42/><D40/><U10/><E7/><V11/><AGARI ba="0,0" hai="11,13,18,128,129" m="7754,44657,43114" machi="11" ten="50,6400,0" yaku="11,1,34,2" doraHai="66,95" who="2" fromWho="2" sc="194,-16,204,-32,194,64,408,-16" /><INIT seed="2,0,0,0,5,133" ten="178,172,258,392" oya="2" hai0="73,39,41,52,9,132,45,37,82,106,99,107,110" hai1="91,5,51,78,66,88,50,16,122,3,76,101,117" hai2="62,92,33,44,111,121,118,28,130,100,129,12,14" hai3="18,31,8,29,58,21,96,30,131,72,7,120,69"/><V11/><F121/><W81/><G69/><T48/><D132/><U77/><E117/><V86/><F118/><W79/><G120/><T97/><D110/><U54/><E122/><V113/><F113/><W135/><G135/><T105/><D39/><U6/><E3/><V13/><F111/><W109/><G109/><T57/><REACH who="0" step="1"/><D9/><REACH who="0" ten="168,172,258,392" step="2"/><U0/><E0/><V67/><F11/><W93/><G131/><N who="2" m="50185" /><F44/><W19/><G21/><T87/><D87/><U22/><E66/><V63/><F86/><W4/><G4/><T94/><D94/><U65/><E65/><V74/><F67/><W108/><G108/><T40/><D40/><U53/><E22/><V2/><F74/><W34/><G34/><T126/><D126/><U95/><E95/><V127/><F127/><W46/><G8/><T23/><D23/><U59/><E5/><V38/><F38/><W55/><G7/><T10/><D10/><U42/><E6/><V25/><F2/><W15/><G46/><T134/><D134/><U61/><E42/><V115/><F115/><W85/><G72/><T36/><D36/><U80/><E80/><V123/><F123/><W114/><G114/><T128/><D128/><U103/><E51/><V112/><F112/><W104/><G104/><T119/><D119/><U24/><E50/><V89/><F100/><W83/><G83/><T56/><D56/><U64/><E59/><V75/><F75/><W27/><G58/><T35/><D35/><U47/><E64/><V43/><F43/><W26/><G93/><T125/><D125/><U124/><E124/><V102/><F102/><RYUUKYOKU ba="0,1" sc="168,15,172,-15,258,15,392,-15" hai0="37,41,45,48,52,57,73,82,97,99,105,106,107" hai2="12,13,14,25,28,33,62,63,89,92" /><INIT seed="2,1,1,3,2,30" ten="183,157,273,377" oya="2" hai0="54,73,124,127,59,71,123,66,29,0,42,56,21" hai1="119,99,117,118,84,74,46,61,45,34,32,31,89" hai2="37,122,92,5,10,98,116,57,135,18,107,128,75" hai3="24,85,12,22,100,133,51,110,16,64,14,39,77"/><V25/><F122/><W111/><G39/><T49/><D0/><U67/><E74/><V81/><F107/><W86/><G64/><T55/><D73/><U2/><E2/><V41/><F116/><W33/><G100/><T63/><D29/><U76/><E31/><V3/><F57/><N who="0" m="22090" /><D21/><U7/><E7/><V121/><F121/><W83/><G133/><T131/><D131/><U20/><E20/><V36/><F128/><W68/><G68/><T95/><D95/><U134/><E134/><V129/><F41/><W79/><G51/><T62/><D123/><U93/><E76/><V101/><F135/><W106/><G106/><T78/><D78/><U104/><E104/><V109/><F129/><W26/><G83/><T1/><D1/><U35/><REACH who="1" step="1"/><E99/><REACH who="1" ten="183,147,273,377" step="2"/><V105/><F105/><W60/><G79/><T94/><D63/><U96/><E96/><V108/><F98/><W17/><G77/><T80/><D80/><U28/><E28/><V88/><F81/><W40/><G60/><T52/><D94/><U43/><E43/><V11/><F75/><W19/><G40/><T115/><D115/><U112/><E112/><V44/><F101/><W50/><G85/><T97/><D97/><U114/><E114/><V72/><F72/><W69/><G86/><T103/><D103/><U6/><E6/><V15/><F25/><W53/><G26/><T130/><D130/><U27/><E27/><V23/><F23/><W47/><G22/><T9/><D9/><U65/><E65/><V70/><F11/><W87/><G87/><T82/><D82/><U90/><E90/><RYUUKYOKU ba="1,2" sc="183,15,147,15,273,-15,377,-15" hai0="42,49,52,54,55,62,66,71,124,127" hai1="32,34,35,45,46,61,67,84,89,93,117,118,119" /><INIT seed="3,2,2,5,2,5" ten="198,162,258,362" oya="3" hai0="28,15,13,132,131,86,24,107,94,47,130,30,128" hai1="87,89,102,34,124,114,82,115,109,46,67,58,96" hai2="123,73,52,133,2,70,113,23,100,41,119,127,111" hai3="3,106,80,38,59,122,26,42,75,51,74,97,117"/><W110/><G122/><T72/><D107/><U22/><E34/><V61/><RYUUKYOKU type="yao9" ba="2,2" sc="198,0,162,0,258,0,362,0" hai2="2,23,41,52,61,70,73,100,111,113,119,123,127,133" /><INIT seed="3,3,2,4,0,0" ten="198,162,258,362" oya="3" hai0="124,68,95,81,98,33,21,69,96,82,129,22,9" hai1="111,28,42,44,35,91,37,99,87,65,24,106,64" hai2="16,32,83,45,114,12,72,110,53,4,93,20,125" hai3="100,39,104,29,71,77,74,133,84,86,73,40,2"/><W63/><G133/><T59/><D33/><U70/><E111/><V131/><F114/><W85/><G29/><T90/><D124/><U121/><E121/><V80/><F110/><W134/><G134/><T34/><D34/><U47/><E70/><V15/><F32/><W61/><G71/><T115/><D115/><U75/><E75/><V117/><F117/><W48/><G2/><T107/><D69/><U17/><E17/><V130/><F125/><W43/><G39/><T112/><D68/><U19/><E19/><N who="2" m="10343" /><F93/><W108/><G104/><T105/><D112/><U102/><REACH who="1" step="1"/><E47/><REACH who="1" ten="198,152,258,362" step="2"/><V26/><F45/><W54/><G108/><T135/><D135/><U60/><E60/><N who="3" m="23114" /><G74/><T5/><D129/><U38/><E38/><V79/><F131/><W31/><G73/><T8/><D59/><U57/><E57/><V6/><F130/><W101/><G31/><T62/><D62/><U14/><E14/><V76/><F72/><W126/><G126/><T58/><D58/><U56/><E56/><V116/><F15/><W3/><G3/><T113/><D113/><U66/><E66/><V103/><F116/><W127/><G127/><T46/><D46/><U41/><E41/><N who="3" m="15946" /><G77/><T67/><D67/><U89/><E89/><V51/><F79/><W118/><G118/><T122/><D122/><U10/><E10/><V128/><F76/><W25/><G25/><T36/><D36/><U23/><E23/><V55/><F26/><W120/><G120/><T94/><D90/><U88/><E88/><V97/><F128/><W27/><G27/><T119/><D119/><U13/><E13/><RYUUKYOKU ba="3,3" sc="198,10,152,10,258,-30,362,10" hai0="5,8,9,21,22,81,82,94,95,96,98,105,107" hai1="24,28,35,37,42,44,64,65,87,91,99,102,106" hai3="48,54,84,85,86,100,101" /><INIT seed="3,4,3,2,1,2" ten="208,162,228,372" oya="3" hai0="9,1,70,133,37,62,120,124,131,19,60,80,99" hai1="42,18,112,22,8,55,75,106,61,128,93,91,102" hai2="95,113,21,0,88,110,94,64,69,54,82,104,25" hai3="71,96,84,41,6,67,57,119,116,40,46,117,105"/><W122/><G122/><T66/><D120/><U89/><E75/><V97/><F0/><W34/><G84/><T127/><D37/><U76/><E76/><V43/><F113/><W7/><G34/><T36/><D36/><U39/><E112/><V35/><F35/><W3/><G3/><T134/><D62/><U121/><E121/><V78/><F43/><W44/><G71/><T13/><D1/><U16/><E106/><V15/><F104/><W27/><G105/><T98/><D80/><U23/><E39/><V115/><F15/><W73/><G73/><T123/><D123/><U132/><E42/><N who="3" m="16490" /><G27/><T30/><D30/><U4/><E128/><V31/><F115/><W90/><G67/><T56/><D70/><U10/><E132/><N who="0" m="50793" /><D131/><U49/><E61/><V130/><F130/><W107/><G107/><T103/><D103/><U53/><E102/><V32/><F32/><W52/><G90/><N who="1" m="34314" /><E93/><N who="2" m="56487" /><F64/><W83/><G96/><AGARI ba="4,3" hai="9,13,19,56,60,66,96,98,99,124,127" m="50793" machi="96" ten="30,1000,0" yaku="20,1" doraHai="2" who="0" fromWho="3" sc="208,52,162,0,228,0,372,-22" /><INIT seed="4,0,0,0,4,12" ten="260,162,228,350" oya="0" hai0="60,125,32,26,48,11,40,76,70,90,130,58,1" hai1="98,75,10,113,127,24,73,39,79,95,42,21,25" hai2="83,7,94,126,16,134,15,118,37,102,22,6,41" hai3="49,38,56,115,133,29,111,44,80,3,82,35,47"/><T109/><D70/><U55/><E79/><V100/><F134/><W86/><G111/><T52/><D109/><U120/><E120/><V105/><F105/><W110/><G110/><T112/><D112/><U18/><E127/><V43/><F126/><W20/><G35/><T46/><D125/><U57/><E113/><V99/><F102/><W81/><G3/><T131/><D76/><U93/><E10/><V30/><F37/><W51/><G38/><T9/><D1/><U92/><E98/><V84/><F30/><W78/><G115/><T104/><D104/><U107/><E107/><V87/><F118/><W101/><G133/><T132/><D132/><U28/><E42/><N who="2" m="15883" /><F87/><W34/><G34/><T128/><D90/><AGARI ba="0,0" hai="6,7,15,16,22,83,84,90,94,99,100" m="15883" machi="90" ten="30,3900,0" yaku="8,1,52,1,54,1" doraHai="12" who="2" fromWho="0" sc="260,-39,162,0,228,39,350,0" /><INIT seed="5,0,0,2,3,103" ten="221,162,267,350" oya="1" hai0="100,78,109,99,8,47,70,0,111,60,125,123,38" hai1="112,64,105,4,13,101,53,122,42,129,7,92,76" hai2="41,120,17,49,124,57,37,102,12,51,128,10,126" hai3="61,96,36,6,20,121,59,116,90,133,85,23,65"/><U27/><E122/><V97/><F120/><W25/><G36/><T55/><D123/><U135/><E105/><V33/><F33/><W87/><G121/><T113/><D125/><N who="2" m="48234" /><F128/><W50/><G133/><T58/><D113/><U28/><E135/><V66/><F66/><W93/><G116/><T1/><D78/><U34/><E129/><V130/><F130/><W43/><G6/><T94/><D70/><U77/><E112/><V83/><F83/><W74/><G74/><T110/><D8/><U9/><E42/><V5/><F57/><W127/><G127/><T67/><REACH who="0" step="1"/><D55/><REACH who="0" ten="211,162,267,350" step="2"/><U107/><E64/><V108/><F10/><W18/><G23/><T114/><D114/><U31/><E31/><V68/><F68/><W46/><AGARI ba="0,1" hai="18,20,25,43,46,50,59,61,65,85,87,90,93,96" machi="46" ten="30,2000,0" yaku="0,1,8,1" doraHai="103" who="3" fromWho="3" sc="211,-5,162,-10,267,-5,350,30" /><INIT seed="6,0,0,5,0,109" ten="206,152,262,380" oya="2" hai0="49,8,30,128,41,54,34,11,99,61,18,111,45" hai1="46,42,57,124,15,82,112,89,13,83,7,77,33" hai2="67,37,117,1,84,91,115,20,125,87,22,126,73" hai3="51,3,110,65,94,132,96,2,19,32,74,17,104"/><V135/><F115/><W26/><G104/><T10/><D111/><U53/><E33/><V59/><F37/><W12/><G110/><T25/><D128/><U127/><E112/><V43/><F117/><W123/><G123/><T14/><D99/><U55/><E7/><V63/><F43/><W69/><G74/><T121/><D121/><U130/><E130/><V108/><F1/><W39/><G39/><T101/><D101/><U28/><E28/><V129/><F135/><W4/><G132/><T6/><D6/><U71/><E71/><V118/><F118/><W76/><G76/><T72/><D72/><U114/><E114/><V106/><F129/><W27/><G69/><T58/><AGARI ba="0,0" hai="8,10,11,14,18,25,30,34,41,45,49,54,58,61" machi="58" ten="30,1100,0" yaku="0,1" doraHai="109" who="0" fromWho="0" sc="206,11,152,-3,262,-5,380,-3" /><INIT seed="7,0,0,0,3,17" ten="217,149,257,377" oya="3" hai0="16,68,85,53,102,114,29,93,32,111,119,45,2" hai1="63,55,65,83,122,13,22,5,82,28,37,113,87" hai2="48,135,124,52,108,14,118,64,42,134,86,115,129" hai3="78,1,27,106,99,79,71,10,24,34,95,23,117"/><W74/><G117/><T50/><D111/><U121/><E37/><V100/><F115/><W127/><G106/><T116/><D2/><U84/><E113/><V72/><F72/><W80/><G78/><T40/><D68/><U91/><E55/><V47/><F118/><W44/><G71/><T133/><D133/><N who="2" m="50698" /><F129/><W125/><G1/><T19/><D114/><U62/><E5/><V8/><F124/><N who="3" m="47691" /><G10/><T110/><D110/><U94/><E122/><V61/><F100/><N who="3" m="60543" /><G34/><T120/><D120/><U126/><E121/><V7/><F108/><W130/><G44/><T59/><D32/><U66/><E126/><V103/><F103/><W36/><G36/><T132/><D132/><U25/><E13/><V58/><F86/><W81/><G80/><T11/><D29/><U76/><REACH who="1" step="1"/><E83/><REACH who="1" ten="217,139,257,377" step="2"/><V104/><F64/><AGARI ba="0,1" hai="22,25,28,62,63,64,65,66,76,82,84,87,91,94" machi="64" ten="40,8000,1" yaku="1,1,2,1,8,1,52,1,53,1" doraHai="17" doraHaiUra="77" who="1" fromWho="2" sc="217,0,139,90,257,-80,377,0" owari="217,-18.0,229,3.0,177,-32.0,377,47.0" /></mjloggm>