<mjloggm ver="2.3"><GO type="225" lobby="0"/><UN n0="%46%4C%41%4D%45" n1="%E5%B0%B1%E6%B4%BB%E7%94%9F%40%E5%B7%9D%E6%9D%91%E8%BB%8D%E5%9B%A3" n2="%E3%81%A4%E3%81%AE%E3%81%A0%E2%98%86%E3%81%B2%E3%82%8D" n3="%E9%BA%A6%E9%87%8E%E6%B2%88%E5%88%A9" dan="17,16,16,16" rate="2125.04,2110.22,2069.47,2116.56" sx="M,M,F,F"/><TAIKYOKU oya="0"/><INIT seed="0,0,0,5,3,124" ten="250,250,250,250" oya="0" hai0="62,20,45,111,77,22,19,131,10,81,70,66,25" hai1="44,90,13,37,96,2,119,122,36,104,57,128,113" hai2="100,91,79,99,102,120,116,21,35,108,101,55,106" hai3="50,69,118,16,125,72,74,71,58,94,114,34,112"/><T135/><D135/><U85/><E2/><V48/><F35/><W67/><G94/><T53/><D10/><U18/><E122/><V134/><F120/><W54/><G118/><T11/><D11/><U38/><E119/><V52/><F116/><W107/><G107/><T42/><D111/><U29/><E113/><V68/><F68/><W76/><G34/><T88/><D53/><U7/><E7/><V115/><F115/><W8/><G69/><T3/><D3/><U126/><E29/><V121/><F121/><W86/><G86/><T64/><D64/><U1/><E1/><V6/><F134/><W123/><G123/><T83/><D83/><U46/><E126/><V63/><F108/><W24/><G67/><T17/><D88/><U127/><E57/><N who="2" m="35239" /><F106/><W80/><G71/><T75/><D131/><U30/><E30/><V87/><F21/><W84/><G8/><T39/><D22/><U105/><E128/><V132/><F132/><W26/><G125/><T23/><D23/><U92/><E127/><V78/><F99/><W129/><G129/><T59/><D70/><U51/><E96/><V110/><F6/><W47/><G112/><T49/><D39/><U4/><E4/><V61/><F61/><W56/><G114/><T41/><D41/><U15/><E105/><V103/><N who="2" m="25600" /><DORA hai="5" /><V117/><F117/><W133/><G133/><T89/><REACH who="0" step="1"/><D89/><REACH who="0" ten="240,250,250,250" step="2"/><U33/><E33/><V31/><F110/><W130/><G130/><T14/><D14/><U65/><E13/><V28/><F91/><W97/><G80/><T95/><D95/><N who="1" m="54735" /><E37/><V60/><F55/><RYUUKYOKU ba="0,1" sc="240,30,250,-10,250,-10,250,-10" hai0="17,19,20,25,42,45,49,59,62,66,75,77,81" /><INIT seed="0,1,1,3,4,54" ten="270,240,240,240" oya="0" hai0="92,41,32,104,79,130,86,28,75,123,97,31,103" hai1="57,121,83,10,18,16,110,80,39,8,21,37,126" hai2="134,129,87,43,78,58,30,120,50,101,48,7,3" hai3="124,84,89,64,12,74,53,47,19,67,66,45,69"/><T115/><D115/><U111/><E121/><V122/><F134/><W107/><G74/><T133/><D123/><U62/><E126/><V108/><F129/><W2/><G2/><T88/><D130/><U135/><E135/><V40/><F40/><W76/><G107/><T106/><D133/><U11/><E83/><V85/><F30/><W98/><G124/><T94/><D41/><U22/><E80/><V4/><F43/><W128/><G128/><T26/><REACH who="0" step="1"/><D28/><REACH who="0" ten="260,240,240,240" step="2"/><U15/><E39/><V20/><F122/><W116/><G116/><T29/><D29/><U24/><REACH who="1" step="1"/><E37/><REACH who="1" ten="260,230,240,240" step="2"/><V71/><F120/><W1/><G69/><T65/><D65/><AGARI ba="1,3" hai="8,10,11,15,16,18,21,22,24,57,62,65,110,111" machi="65" ten="40,8000,1" yaku="1,1,2,1,52,1,54,1,53,0" doraHai="54" doraHaiUra="114" who="1" fromWho="0" sc="260,-83,230,113,240,0,240,0" /><INIT seed="1,0,0,4,2,99" ten="177,343,240,240" oya="1" hai0="61,34,31,125,0,21,10,83,9,86,57,122,30" hai1="15,56,29,51,47,126,50,84,89,60,90,27,116" hai2="80,74,81,91,92,63,120,53,134,67,32,42,77" hai3="105,2,118,41,104,66,58,20,103,3,37,43,109"/><U127/><E116/><V131/><F32/><W48/><G118/><T40/><D34/><U22/><E15/><V93/><F120/><W75/><G75/><T107/><D122/><U115/><E115/><V78/><F42/><W6/><G109/><T112/><D112/><U111/><E111/><V72/><F134/><W96/><G104/><T73/><D73/><U11/><E11/><N who="0" m="4105" /><D0/><U17/><E29/><V101/><F131/><W49/><G6/><T100/><D107/><U64/><E51/><V102/><F53/><W113/><G113/><T98/><D40/><U119/><E119/><V55/><F55/><W128/><G128/><T1/><D1/><U70/><E70/><V44/><F44/><W108/><G108/><T5/><D5/><U36/><E36/><V46/><F46/><W8/><G8/><T85/><D125/><N who="1" m="47627" /><E84/><V87/><F92/><W94/><G105/><T14/><D14/><U28/><E28/><V124/><F124/><W123/><G123/><T25/><D31/><U13/><E13/><V35/><F35/><W45/><G3/><T106/><D83/><U23/><E23/><V18/><F18/><W117/><G117/><T135/><D135/><U54/><AGARI ba="0,0" hai="17,22,27,47,50,54,56,60,64,89,90" m="47627" machi="54" ten="30,1500,0" yaku="18,1" doraHai="99" who="1" fromWho="1" sc="177,-5,343,15,240,-5,240,-5" /><INIT seed="1,1,0,4,5,104" ten="172,358,235,235" oya="1" hai0="74,56,115,81,41,30,19,102,105,15,10,73,64" hai1="78,68,58,26,117,123,84,54,27,122,95,31,97" hai2="29,37,59,38,46,132,107,36,89,86,34,4,18" hai3="55,57,127,22,99,0,101,133,90,24,45,128,66"/><U62/><E117/><V71/><F71/><W9/><G133/><T5/><D115/><U7/><E7/><V53/><F107/><W21/><G128/><T61/><D30/><U52/><E68/><V1/><F132/><W98/><G127/><T134/><D134/><U85/><E27/><V121/><F121/><W25/><G0/><T69/><D41/><U77/><E54/><V2/><F18/><W135/><G9/><T103/><D81/><U76/><E122/><V96/><F96/><W130/><G130/><T119/><D119/><U75/><E75/><V23/><F46/><W60/><G90/><T48/><D105/><U35/><REACH who="1" step="1"/><E123/><REACH who="1" ten="172,348,235,235" step="2"/><V94/><F4/><W16/><G135/><T93/><D5/><U67/><E67/><V88/><F53/><W131/><G131/><T51/><D69/><U12/><E12/><V126/><F2/><W118/><G118/><T28/><D74/><U106/><E106/><V11/><F1/><W8/><G55/><T120/><D73/><U108/><E108/><V110/><F110/><W83/><G25/><T50/><D120/><U40/><E40/><V43/><F43/><W87/><G24/><T109/><D109/><U129/><E129/><V17/><F126/><W3/><G66/><T39/><D39/><U6/><E6/><V49/><F38/><W42/><G3/><T65/><D65/><U92/><E92/><V114/><F37/><W72/><G72/><T63/><D93/><U91/><AGARI ba="1,1" hai="26,31,35,52,58,62,76,77,78,84,85,91,95,97" machi="91" ten="30,6000,0" yaku="1,1,0,1,54,1,53,0" doraHai="104" doraHaiUra="14" who="1" fromWho="1" sc="172,-21,348,73,235,-21,235,-21" /><INIT seed="1,2,0,4,3,56" ten="151,421,214,214" oya="1" hai0="93,72,21,129,15,45,109,44,39,116,92,6,65" hai1="134,74,127,57,27,89,75,124,63,91,135,117,95" hai2="121,62,125,78,40,30,132,68,60,123,34,98,38" hai3="55,4,48,84,47,106,108,13,19,49,81,26,77"/><U28/><E117/><V46/><F125/><W131/><G108/><T69/><D116/><U54/><E75/><V86/><F132/><N who="1" m="50729" /><E74/><V33/><F98/><W94/><G106/><T90/><D45/><U2/><E2/><V29/><F78/><W20/><G131/><T100/><D93/><U17/><E17/><V107/><F86/><W80/><G94/><T110/><D21/><N who="1" m="15471" /><E89/><V18/><F18/><W119/><G119/><T61/><D90/><U7/><E7/><V126/><F126/><W42/><G81/><T32/><D72/><U118/><E118/><V31/><F107/><W37/><G4/><T96/><D129/><U79/><E79/><V0/><F0/><W58/><REACH who="3" step="1"/><G26/><REACH who="3" ten="151,421,214,204" step="2"/><T97/><D6/><U130/><E130/><V85/><F34/><W10/><G10/><T99/><D32/><U11/><E11/><V64/><F33/><W52/><G52/><T36/><D15/><U16/><E95/><V59/><REACH who="2" step="1"/><F85/><REACH who="2" ten="151,421,204,204" step="2"/><W122/><G122/><T87/><D87/><U111/><E124/><V128/><F128/><W22/><G22/><T102/><D110/><U9/><E111/><V53/><AGARI ba="2,2" hai="29,30,31,38,40,46,53,59,60,62,64,68,121,123" machi="53" ten="30,7900,0" yaku="1,1,0,1,52,2,53,0" doraHai="56" doraHaiUra="112" who="2" fromWho="2" sc="151,-22,421,-41,204,105,204,-22" /><INIT seed="2,0,0,3,4,108" ten="129,380,309,182" oya="2" hai0="93,89,43,50,17,76,31,29,74,102,83,133,23" hai1="66,33,92,46,26,113,47,37,71,103,4,77,96" hai2="45,8,119,100,94,129,61,48,104,14,60,90,24" hai3="54,121,38,34,132,39,126,6,32,70,80,131,111"/><V86/><F119/><W21/><G21/><T52/><D133/><U109/><E109/><V106/><F129/><W128/><G111/><T25/><D43/><U27/><E113/><V72/><F72/><W64/><G121/><T78/><D78/><U7/><E71/><V56/><F24/><W116/><G116/><T1/><D102/><U130/><E130/><N who="3" m="49706" /><G132/><T97/><REACH who="0" step="1"/><D1/><REACH who="0" ten="119,380,309,182" step="2"/><U18/><E77/><V13/><F100/><W127/><G127/><T98/><D98/><U88/><E103/><V20/><F104/><W69/><G126/><T15/><D15/><U41/><E41/><V99/><F106/><W62/><G38/><T82/><D82/><U84/><E37/><V35/><F99/><W53/><G39/><T51/><D51/><U125/><E125/><V115/><F14/><W91/><G80/><T81/><D81/><U135/><E96/><V11/><F13/><W110/><G110/><T9/><D9/><U16/><E135/><V57/><F11/><W120/><G120/><T95/><D95/><U5/><E92/><V117/><F8/><W107/><G107/><T105/><D105/><U73/><E73/><V79/><F117/><W101/><G101/><T67/><D67/><U122/><E122/><V28/><F94/><W85/><G64/><T36/><D36/><U112/><E66/><V40/><F79/><W30/><G91/><T114/><D114/><U118/><E112/><V10/><F115/><W87/><G87/><T44/><AGARI ba="0,1" hai="17,23,25,29,31,44,50,52,74,76,83,89,93,97" machi="44" ten="20,8000,1" yaku="1,1,0,1,7,1,54,1,53,1" doraHai="108" doraHaiUra="49" who="0" fromWho="0" sc="119,90,380,-20,309,-40,182,-20" /><INIT seed="3,0,0,2,2,105" ten="209,360,269,162" oya="3" hai0="133,50,126,82,70,134,97,85,92,31,34,20,67" hai1="30,4,24,95,77,73,35,84,128,44,16,62,131" hai2="27,47,25,89,65,28,48,72,63,57,106,43,88" hai3="46,7,5,123,58,115,76,127,103,108,36,93,49"/><W55/><G115/><T9/><D34/><U112/><E4/><V68/><F106/><W0/><G123/><T19/><D126/><U120/><E120/><V135/><F135/><N who="0" m="51722" /><D31/><U13/><E112/><V11/><F11/><W52/><G127/><T114/><D9/><U37/><E62/><V59/><F72/><W104/><G104/><T99/><D114/><U80/><E37/><V1/><F1/><W129/><G0/><T94/><D50/><U90/><REACH who="1" step="1"/><E44/><REACH who="1" ten="209,350,269,162" step="2"/><V83/><F47/><W122/><G122/><T8/><D8/><AGARI ba="0,1" hai="8,13,16,24,30,35,73,77,80,84,90,95,128,131" machi="8" ten="40,8000,1" yaku="1,1,2,1,52,1,54,1,53,0" doraHai="105" doraHaiUra="53" who="1" fromWho="0" sc="209,-80,350,90,269,0,162,0" owari="129,-37.0,440,54.0,269,7.0,162,-24.0" /></mjloggm>