<mjloggm ver="2.3"><GO type="97" lobby="0"/><UN n0="%54%41%42%4F%53%55%4B%45" n1="%4C%6F%63%6F%64%6F%63%6F" n2="%E9%87%98%E5%AE%AE%E7%97%85%E6%82%A3%E8%80%85" n3="%E5%B0%B1%E6%B4%BB%E7%94%9F%40%E5%B7%9D%E6%9D%91%E8%BB%8D%E5%9B%A3" dan="15,13,15,15" rate="1979.67,1985.86,2051.22,1992.89" sx="M,M,F,M"/><TAIKYOKU oya="0"/><INIT seed="0,0,0,0,2,59" ten="250,250,250,250" oya="0" hai0="47,102,96,97,109,17,134,42,124,21,66,24,108" hai1="121,119,58,52,63,13,30,72,98,51,0,86,125" hai2="19,7,46,106,49,56,128,68,31,8,5,4,101" hai3="71,44,16,61,14,113,74,132,57,12,129,73,105"/><T135/><D124/><U94/><E121/><V70/><F31/><W114/><G71/><T131/><D66/><U87/><E119/><V117/><F128/><W88/><G105/><T122/><D122/><U3/><E72/><V54/><F117/><W6/><G129/><T62/><D131/><U22/><E125/><V20/><F8/><W69/><G69/><T85/><D85/><U27/><E3/><V23/><F23/><W83/><G132/><N who="0" m="50731" /><D102/><N who="1" m="60759" /><E0/><V34/><F34/><W32/><G32/><T120/><D120/><U90/><E13/><V39/><F101/><W84/><G74/><T92/><D92/><N who="1" m="54359" /><E87/><V45/><F106/><W75/><G75/><T100/><D100/><U40/><E40/><V126/><F126/><W53/><G73/><T65/><D47/><U64/><E51/><V55/><F39/><W111/><G111/><N who="0" m="42571" /><D42/><U127/><E127/><V103/><F103/><W43/><G113/><T35/><D35/><U25/><E25/><N who="2" m="14495" /><F70/><AGARI ba="0,0" hai="17,21,24,62,65,70,96,97" m="42571,50731" machi="70" ten="30,11600,0" yaku="20,1,14,1,10,1,52,1" doraHai="59" who="0" fromWho="2" sc="250,116,250,0,250,-116,250,0" /><INIT seed="0,1,0,5,2,85" ten="366,250,134,250" oya="0" hai0="3,66,114,108,37,77,75,70,129,41,124,29,15" hai1="26,2,131,105,133,4,102,67,36,135,0,115,89" hai2="110,94,12,132,97,30,61,18,21,48,64,79,25" hai3="47,92,69,55,44,71,83,118,122,31,11,68,117"/><T20/><D114/><U120/><E120/><V130/><F110/><W88/><G122/><T121/><D121/><U46/><E115/><V45/><F132/><N who="1" m="50761" /><E131/><V86/><F130/><W7/><G31/><T42/><D129/><U59/><E89/><N who="2" m="55503" /><F64/><W125/><G125/><T93/><D108/><U22/><E4/><V111/><F111/><W5/><G83/><T23/><D3/><U112/><E112/><V54/><F61/><W17/><G17/><T107/><D107/><U49/><E36/><V72/><F72/><W51/><G44/><T98/><D124/><U76/><E76/><V28/><F12/><W99/><REACH who="3" step="1"/><G5/><REACH who="3" ten="366,250,134,240" step="2"/><T60/><D29/><U39/><E39/><V52/><F54/><W16/><G16/><T95/><D37/><U65/><E65/><V57/><F45/><W81/><G81/><AGARI ba="1,1" hai="18,21,25,28,30,48,52,57,79,81,86" m="55503" machi="81" ten="30,3900,0" yaku="8,1,52,1,54,1" doraHai="85" who="2" fromWho="3" sc="366,0,250,0,134,52,240,-42" /><INIT seed="1,0,0,1,2,27" ten="366,250,186,198" oya="1" hai0="30,23,19,60,130,1,74,59,131,25,133,121,61" hai1="63,112,20,105,12,10,96,14,125,82,88,97,71" hai2="79,102,80,108,18,85,36,28,5,24,17,83,90" hai3="11,113,4,98,43,101,37,64,58,46,62,32,55"/><U91/><E112/><V57/><F36/><W50/><G113/><T52/><D74/><U40/><E40/><V94/><F108/><W42/><G32/><T34/><D121/><U129/><E129/><N who="0" m="49161" /><D1/><U122/><E122/><V66/><F5/><W99/><G101/><T93/><D133/><U3/><E3/><V120/><F120/><W77/><G77/><T39/><D39/><U128/><E128/><V15/><F102/><W124/><G124/><T53/><D93/><U119/><E119/><V81/><F79/><W31/><G31/><T78/><D78/><U48/><E125/><V0/><F0/><W95/><G95/><T6/><D6/><U54/><E105/><V9/><F17/><W38/><G38/><T114/><D114/><U111/><E111/><V51/><F66/><W65/><G43/><T2/><D2/><U49/><E71/><V70/><F70/><N who="3" m="42263" /><G65/><N who="0" m="39071" /><D61/><U68/><E68/><V126/><F126/><W118/><G118/><T109/><D109/><U104/><E104/><V45/><F57/><W106/><G106/><T7/><D7/><N who="1" m="3167" /><E63/><V127/><F127/><W115/><G115/><T26/><AGARI ba="0,0" hai="19,23,25,26,30,34,52,53" m="39071,49161" machi="26" ten="30,4000,0" yaku="19,1,52,1,54,1" doraHai="27" who="0" fromWho="0" sc="366,40,250,-20,186,-10,198,-10" /><INIT seed="2,0,0,5,4,61" ten="406,230,176,188" oya="2" hai0="54,10,73,130,57,86,113,71,9,122,52,133,60" hai1="58,92,45,74,29,82,56,68,44,48,35,112,25" hai2="42,15,129,80,109,121,41,67,101,87,37,18,32" hai3="55,6,11,107,106,89,47,90,104,34,16,26,102"/><V75/><F121/><W33/><G102/><T103/><D122/><U17/><E68/><V59/><F75/><W99/><G34/><T27/><D73/><U51/><E112/><V132/><F32/><W28/><G99/><T22/><D113/><U3/><E3/><V40/><F132/><W128/><G128/><T125/><D130/><U79/><E17/><V96/><F129/><W0/><G47/><T62/><D133/><U77/><E77/><N who="2" m="46479" /><F37/><W39/><G39/><T97/><D125/><U93/><E56/><V46/><F109/><W8/><REACH who="3" step="1"/><G55/><REACH who="3" ten="406,230,176,178" step="2"/><T83/><D97/><U123/><E123/><V12/><F46/><W84/><G84/><T111/><D103/><U65/><E65/><V38/><F38/><W36/><G36/><T53/><D111/><U24/><E58/><V135/><F135/><W114/><G114/><T63/><D71/><U88/><E92/><N who="2" m="58503" /><F18/><W43/><G43/><T98/><D98/><U20/><E45/><V13/><F59/><W91/><G91/><N who="0" m="51679" /><D57/><U4/><E44/><V64/><AGARI ba="0,1" hai="12,13,15,40,41,42,64,67" m="58503,46479" machi="64" ten="40,7800,0" yaku="8,1,52,2" doraHai="61" who="2" fromWho="2" sc="406,-26,230,-26,176,88,178,-26" /><INIT seed="2,1,0,0,3,126" ten="380,204,264,152" oya="2" hai0="16,131,129,101,20,86,24,102,43,79,112,76,81" hai1="13,30,100,120,19,118,69,26,47,9,75,2,121" hai2="61,106,39,98,104,84,5,42,115,3,93,29,87" hai3="130,83,132,78,85,123,50,0,41,68,22,51,37"/><V18/><F115/><W64/><G123/><N who="1" m="47178" /><E69/><V116/><F29/><W96/><G0/><T49/><D112/><U33/><E75/><V23/><F116/><W7/><G132/><T46/><D79/><U89/><E118/><V90/><F106/><W60/><G7/><T80/><D80/><U99/><E89/><V91/><F104/><W82/><G96/><T113/><D113/><U109/><E47/><V66/><F3/><W11/><G11/><T73/><D73/><U63/><E63/><V52/><F5/><W58/><G37/><T45/><D46/><U34/><E99/><V1/><F1/><W127/><G127/><T135/><D135/><U105/><E105/><V65/><F42/><W62/><G130/><AGARI ba="1,0" hai="16,20,24,43,45,49,76,81,86,101,102,129,130,131" machi="130" ten="40,8000,1" yaku="19,1,52,3,54,1" doraHai="126" who="0" fromWho="3" sc="380,83,204,0,264,0,152,-83" /><INIT seed="3,0,0,4,5,51" ten="463,204,264,69" oya="3" hai0="97,84,109,96,81,9,61,46,37,47,107,66,135" hai1="73,131,128,122,13,21,34,88,58,52,28,77,86" hai2="40,23,110,67,76,50,8,63,119,3,64,82,31" hai3="89,0,117,16,83,103,113,118,93,18,133,72,79"/><W56/><G0/><T45/><D37/><U14/><E122/><V53/><F119/><W5/><G5/><T30/><D109/><U112/><E112/><V91/><F110/><W125/><G113/><T65/><D135/><U104/><E104/><V2/><F40/><W44/><G125/><T27/><D107/><U74/><E34/><V98/><F8/><W22/><G133/><T29/><D9/><U60/><E77/><V41/><F41/><W7/><G7/><T75/><D75/><N who="1" m="28683" /><E28/><N who="0" m="10857" /><D27/><U10/><E21/><V90/><F3/><W57/><G103/><T95/><D61/><U35/><E10/><V106/><F106/><W85/><G44/><T25/><D25/><U38/><E38/><V120/><F120/><W69/><G69/><T20/><D20/><U78/><E78/><V19/><F31/><W130/><G130/><N who="1" m="49706" /><E35/><V134/><F98/><N who="0" m="37994" /><D95/><AGARI ba="0,0" hai="13,14,52,58,60,86,88,95" m="49706,28683" machi="95" ten="30,7700,0" yaku="19,1,52,1,54,2" doraHai="51" who="1" fromWho="0" sc="463,-77,204,77,264,0,69,0" owari="386,49.0,281,8.0,264,-14.0,69,-43.0" /></mjloggm>