<mjloggm ver="2.3"><GO type="169" lobby="0"/><UN n0="%E3%83%88%E3%83%88%E3%83%AA%E5%85%88%E7%94%9F%31%39%E6%AD%B3" n1="%E3%82%A2%E3%82%AB%E3%82%AE%EF%BC%A0%E5%B7%9D%E6%9D%91%E8%BB%8D%E5%9B%A3" n2="%73%6F%64%6F%72" n3="%E3%81%8D%E3%81%A4%E3%83%BC%E3%81%AD" dan="18,16,16,16" rate="2168.65,2187.07,2079.39,2064.64" sx="F,M,M,M"/><TAIKYOKU oya="0"/><INIT seed="0,0,0,1,3,115" ten="250,250,250,250" oya="0" hai0="51,28,121,113,77,109,47,21,71,91,36,87,38" hai1="88,116,39,92,106,27,128,75,74,120,105,114,90" hai2="99,57,107,12,35,33,72,85,53,82,26,80,11" hai3="67,123,56,69,2,43,129,40,52,1,61,65,122"/><T83/><D113/><U4/><E39/><V9/><F72/><N who="1" m="27689" /><E4/><V13/><F107/><N who="1" m="40969" /><E27/><V73/><F73/><W42/><G129/><T127/><D121/><N who="3" m="46089" /><G1/><T18/><D71/><U76/><E120/><V55/><F99/><W100/><G100/><T29/><D127/><U5/><E5/><V111/><F85/><W48/><G2/><T63/><D109/><U37/><E37/><V70/><F57/><N who="3" m="32903" /><G65/><T135/><D135/><U104/><E128/><V10/><F111/><W50/><G50/><T6/><D6/><U126/><E114/><V14/><F70/><AGARI ba="0,0" hai="40,42,43,56,61,67,69,70" m="32903,46089" machi="70" ten="30,7700,0" yaku="13,1,34,2,54,1" doraHai="115" who="3" fromWho="2" sc="250,0,250,0,250,-77,250,77" /><INIT seed="1,0,0,0,5,108" ten="250,250,173,327" oya="1" hai0="76,48,19,110,68,101,71,45,63,22,31,24,72" hai1="89,84,93,98,127,62,109,26,96,102,21,74,18" hai2="106,77,91,46,81,8,116,82,132,134,95,23,51" hai3="105,16,99,92,60,3,118,10,37,33,107,97,15"/><U61/><E127/><V114/><F8/><W17/><G33/><T90/><D110/><U25/><E109/><V52/><F114/><W135/><G37/><T111/><D111/><U128/><E128/><V41/><F106/><W80/><G3/><T78/><D101/><U54/><E74/><V73/><F116/><W0/><G0/><T14/><D90/><U117/><E117/><V124/><F124/><W29/><G29/><T94/><D94/><U121/><E121/><V1/><F1/><W59/><G118/><T119/><D119/><U49/><E26/><V85/><F23/><W64/><G135/><N who="2" m="51753" /><F82/><W40/><G40/><AGARI ba="0,0" hai="40,41,46,51,52,73,77,81,85,91,95" m="51753" machi="40" ten="30,2000,0" yaku="20,1,54,1" doraHai="108" who="2" fromWho="3" sc="250,0,250,0,173,20,327,-20" /><INIT seed="2,0,0,3,0,6" ten="250,250,193,307" oya="2" hai0="10,109,131,30,11,8,79,118,62,77,122,104,85" hai1="128,5,101,130,21,115,89,93,87,72,41,9,110" hai2="68,105,70,125,117,114,108,64,121,48,95,73,40" hai3="123,116,66,63,18,119,76,35,107,56,97,3,47"/><V29/><F105/><W38/><G3/><T132/><D122/><U80/><E115/><V32/><F73/><W44/><G35/><T84/><D104/><U0/><E110/><V22/><F121/><W96/><G123/><T94/><D109/><U133/><E133/><V54/><F108/><W86/><G116/><T50/><D132/><U37/><E21/><V27/><F117/><W135/><G135/><T74/><D74/><U90/><E101/><V112/><F114/><W57/><G107/><T99/><D118/><U51/><E51/><V4/><F112/><W45/><G38/><T55/><D62/><U98/><REACH who="1" step="1"/><E72/><REACH who="1" ten="250,240,193,307" step="2"/><V36/><F36/><W1/><G119/><T111/><D111/><U127/><E127/><V61/><F125/><W26/><G1/><T91/><D131/><U126/><E126/><V75/><F75/><W83/><G63/><T25/><D79/><U58/><E58/><N who="3" m="22634" /><G66/><T69/><D77/><U2/><E2/><V39/><F70/><W24/><G24/><T82/><D69/><U100/><E100/><V59/><F32/><W60/><G60/><T102/><D102/><U33/><E33/><V23/><F61/><W49/><G49/><T15/><D15/><U65/><E65/><V81/><F64/><W52/><G26/><T14/><D14/><U124/><E124/><V67/><F27/><W92/><G47/><AGARI ba="0,1" hai="0,5,9,37,41,47,80,87,89,90,93,98,128,130" machi="47" ten="40,5200,0" yaku="1,1,52,1,53,1" doraHai="6" doraHaiUra="78" who="1" fromWho="3" sc="250,0,240,62,193,0,307,-52" /><INIT seed="3,0,0,3,2,71" ten="250,302,193,255" oya="3" hai0="66,4,80,15,77,47,28,51,84,86,17,124,53" hai1="0,11,30,16,37,40,82,90,79,125,56,102,121" hai2="122,54,52,108,83,98,85,74,19,100,24,106,110" hai3="59,69,62,63,65,116,2,120,55,107,29,31,73"/><W61/><G116/><T22/><D124/><U109/><E121/><V8/><F122/><W5/><G120/><T38/><D66/><U89/><E102/><V92/><F74/><W14/><G107/><T96/><D38/><U93/><E30/><V113/><F106/><W70/><G73/><T10/><D28/><U114/><E114/><V6/><F113/><W27/><G2/><T13/><D96/><U76/><E76/><V117/><F117/><W33/><G31/><T130/><D130/><U132/><E132/><V105/><F105/><W68/><G65/><T135/><D135/><U44/><E125/><V99/><F99/><W64/><G64/><T1/><REACH who="0" step="1"/><D84/><REACH who="0" ten="240,302,193,255" step="2"/><U101/><E37/><V95/><F98/><W104/><G104/><T115/><D115/><U133/><E133/><V126/><F126/><W45/><G70/><T128/><D128/><U118/><E118/><V9/><F85/><W60/><G69/><T72/><D72/><U36/><E36/><V57/><F110/><W97/><G68/><T35/><D35/><U112/><E109/><V39/><F39/><W91/><G97/><T42/><D42/><U119/><E40/><V7/><F108/><W20/><G33/><T43/><D43/><U50/><E112/><V134/><F134/><W34/><G34/><T87/><D87/><U49/><E119/><V81/><F100/><W75/><G75/><T12/><AGARI ba="0,1" hai="1,4,10,12,13,15,17,22,47,51,53,77,80,86" machi="12" ten="20,5200,0" yaku="1,1,0,1,7,1,53,1" doraHai="71" doraHaiUra="32" who="0" fromWho="0" sc="240,62,302,-13,193,-13,255,-26" /><INIT seed="4,0,0,1,5,86" ten="302,289,180,229" oya="0" hai0="98,72,115,46,91,75,0,53,112,50,12,51,39" hai1="74,97,36,102,113,67,90,43,20,96,127,129,88" hai2="85,25,109,110,31,29,3,6,83,69,59,24,105" hai3="41,122,128,9,55,23,125,38,15,2,19,34,7"/><T45/><D0/><U107/><E74/><V119/><F69/><W79/><G122/><T48/><D39/><U63/><E127/><V66/><F105/><W37/><G125/><T135/><D135/><U77/><E77/><V131/><F119/><W68/><G68/><T99/><D51/><U117/><E117/><V28/><F131/><W126/><G128/><T94/><D12/><U124/><E124/><V104/><F104/><W21/><G126/><T57/><D57/><U22/><E129/><V65/><F6/><W111/><G34/><T80/><D99/><U70/><E113/><V78/><F3/><W33/><G33/><T58/><D58/><U82/><E82/><V61/><REACH who="2" step="1"/><F66/><REACH who="2" ten="302,289,170,229" step="2"/><W100/><G2/><T62/><D62/><U26/><E67/><V49/><F49/><W54/><G38/><T42/><REACH who="0" step="1"/><D80/><REACH who="0" ten="292,289,170,229" step="2"/><U16/><E63/><V40/><F40/><W130/><G41/><T73/><AGARI ba="0,2" hai="42,45,46,48,50,53,72,73,75,91,94,98,112,115" machi="73" ten="40,12000,1" yaku="1,1,2,1,0,1,52,1,53,0" doraHai="86" doraHaiUra="32" who="0" fromWho="0" sc="292,140,289,-40,170,-40,229,-40" /><INIT seed="4,1,0,5,2,61" ten="432,249,130,189" oya="0" hai0="26,88,126,134,98,89,53,32,79,13,93,54,37" hai1="39,81,14,74,33,34,29,31,96,46,132,113,57" hai2="82,48,28,21,118,92,11,115,12,124,16,112,109" hai3="42,108,77,22,85,44,15,135,25,100,65,18,117"/><T80/><D37/><U7/><E132/><V6/><F109/><W91/><G117/><T121/><D121/><U84/><E74/><V2/><F118/><W64/><G135/><T51/><D134/><U83/><E113/><N who="2" m="43595" /><F82/><W59/><G108/><T56/><D126/><U27/><E96/><V110/><F110/><W97/><G77/><T10/><D53/><U41/><E57/><V70/><F70/><W8/><G59/><T87/><D26/><U116/><E116/><V4/><F124/><W66/><G44/><T0/><D0/><U78/><E83/><V102/><F48/><W106/><G42/><T133/><D32/><U114/><E114/><V35/><F92/><W94/><REACH who="3" step="1"/><G66/><REACH who="3" ten="432,249,130,179" step="2"/><T3/><D133/><U58/><E46/><V62/><F62/><W72/><G72/><T1/><REACH who="0" step="1"/><D79/><REACH who="0" ten="422,249,130,179" step="2"/><U103/><E78/><V69/><F69/><W122/><G122/><T73/><D73/><U36/><E41/><V5/><F102/><W75/><G75/><T101/><D101/><U19/><E103/><V17/><F2/><W127/><G127/><T125/><D125/><U45/><E39/><V130/><F35/><W63/><G63/><T99/><D99/><U9/><E36/><V128/><F28/><AGARI ba="1,2" hai="8,15,18,22,25,28,64,65,85,91,94,97,100,106" machi="28" ten="30,7700,0" yaku="1,1,7,1,52,2,53,0" doraHai="61" doraHaiUra="71" who="3" fromWho="2" sc="422,0,249,0,130,-80,179,100" /><INIT seed="5,0,0,4,0,8" ten="422,249,50,279" oya="1" hai0="51,107,64,73,81,109,70,126,72,35,76,26,5" hai1="16,91,90,57,52,121,94,39,71,68,21,115,31" hai2="105,82,46,58,100,93,132,4,130,0,92,20,97" hai3="54,110,42,30,99,117,118,119,61,135,47,36,111"/><U34/><E121/><V6/><F130/><W2/><G2/><T22/><D35/><U15/><E39/><V19/><F132/><W98/><G30/><T116/><D109/><N who="3" m="41481" /><G135/><T128/><D116/><U17/><E115/><V75/><F0/><W96/><G96/><T69/><D107/><U53/><E53/><V66/><F46/><W63/><G63/><T28/><D128/><U74/><E74/><V79/><F105/><W45/><G45/><T24/><D126/><U44/><E44/><V83/><F83/><W10/><G10/><T123/><D123/><U62/><E90/><V3/><F93/><W14/><G14/><T114/><D114/><U11/><E31/><V113/><F113/><W88/><G88/><T50/><D72/><U103/><E103/><V85/><F3/><W38/><G38/><T9/><D26/><N who="1" m="14639" /><E34/><V29/><F29/><W129/><G129/><T43/><D43/><U59/><E59/><AGARI ba="0,0" hai="36,42,47,54,59,61,98,99,117,118,119" m="41481" machi="59" ten="40,1300,0" yaku="12,1" doraHai="8" who="3" fromWho="1" sc="422,0,249,-13,50,0,279,13" /><INIT seed="6,0,0,5,5,22" ten="422,236,50,292" oya="2" hai0="111,128,74,46,116,119,40,5,98,38,82,121,132" hai1="1,21,23,91,135,79,20,70,78,93,59,30,60" hai2="68,125,35,55,57,26,49,9,99,97,106,11,48" hai3="41,75,54,42,127,51,134,52,27,36,62,104,33"/><V94/><F68/><W76/><G104/><T113/><D111/><U131/><E1/><V50/><F106/><W44/><G127/><T87/><D121/><U85/><E70/><V8/><F125/><W2/><G2/><T61/><D74/><U31/><E135/><V0/><F0/><W16/><G134/><T7/><D132/><U118/><E131/><V83/><F83/><W123/><G123/><T133/><D133/><U25/><E118/><N who="0" m="45097" /><D128/><U103/><E103/><V108/><F108/><W88/><G75/><T105/><D113/><U72/><E72/><V124/><F124/><W65/><G76/><N who="1" m="29226" /><E31/><V89/><REACH who="2" step="1"/><F99/><REACH who="2" ten="422,236,40,292" step="2"/><W126/><G126/><T84/><D82/><U15/><E15/><V4/><F4/><W130/><G130/><T17/><D5/><U10/><E10/><V86/><F86/><W81/><G81/><T100/><D7/><U28/><E28/><AGARI ba="0,1" hai="8,9,11,26,28,35,48,49,50,55,57,89,94,97" machi="28" ten="40,12000,1" yaku="1,1,52,1,53,3" doraHai="22" doraHaiUra="47" who="2" fromWho="1" sc="422,0,236,-120,40,130,292,0" /><INIT seed="6,1,0,0,0,10" ten="422,116,170,292" oya="2" hai0="61,69,98,47,19,45,56,37,131,72,9,94,13" hai1="20,26,50,109,122,104,32,44,80,83,42,96,24" hai2="76,91,95,22,123,3,79,119,89,34,130,17,55" hai3="63,128,88,132,43,30,86,4,41,23,126,101,71"/><V59/><F34/><W110/><G110/><T77/><D131/><U113/><E109/><V121/><F119/><W92/><G128/><T12/><D69/><U118/><E118/><V27/><F130/><W66/><G132/><T75/><D37/><U87/><E122/><V73/><F3/><W62/><G126/><T58/><D77/><U93/><E104/><V48/><F73/><W78/><G4/><N who="0" m="3111" /><D72/><U5/><E113/><V127/><F127/><W117/><G117/><T105/><D105/><U18/><E5/><V39/><F39/><W85/><G101/><N who="0" m="60631" /><D58/><U25/><E32/><V134/><F134/><W38/><G38/><T103/><D75/><U120/><E120/><V36/><F36/><W1/><G1/><T57/><D56/><U82/><REACH who="1" step="1"/><E87/><REACH who="1" ten="422,106,170,292" step="2"/><N who="2" m="52735" /><F121/><W133/><G133/><T53/><D103/><AGARI ba="1,1" hai="18,20,24,25,26,42,44,50,80,82,83,93,96,103" machi="103" ten="40,2600,0" yaku="1,1,8,1,53,0" doraHai="10" doraHaiUra="8" who="1" fromWho="0" sc="422,-29,106,39,170,0,292,0" /><INIT seed="7,0,0,0,5,90" ten="393,145,170,292" oya="3" hai0="20,25,60,35,48,7,94,5,29,56,16,79,51" hai1="36,87,58,10,38,77,24,101,54,82,41,61,89" hai2="126,43,125,102,47,135,55,76,11,84,69,63,18" hai3="127,65,134,67,114,121,98,80,103,91,17,122,23"/><W131/><G114/><T46/><D79/><U93/><E101/><V107/><F135/><W42/><G134/><T27/><D94/><U100/><E100/><V2/><F107/><W28/><G28/><T118/><D118/><U50/><E24/><V62/><F102/><W132/><G132/><T49/><REACH who="0" step="1"/><D46/><REACH who="0" ten="383,145,170,292" step="2"/><U128/><E128/><V40/><F76/><W26/><G131/><T14/><D14/><U123/><E123/><V4/><F125/><W83/><G127/><T0/><D0/><U110/><E110/><V19/><F2/><W97/><G42/><T112/><D112/><U75/><REACH who="1" step="1"/><E10/><REACH who="1" ten="383,135,170,292" step="2"/><V9/><F9/><W108/><G108/><T116/><D116/><U88/><E88/><V32/><F11/><W115/><G115/><T33/><D33/><U99/><E99/><V109/><F32/><W6/><G97/><T57/><D57/><U74/><E74/><V70/><F126/><W105/><G91/><T44/><D44/><AGARI ba="0,2" hai="36,38,41,44,50,54,58,61,75,77,82,87,89,93" machi="44" ten="40,2600,0" yaku="1,1,52,1,53,0" doraHai="90" doraHaiUra="124" who="1" fromWho="0" sc="383,-26,135,46,170,0,292,0" owari="357,46.0,181,-22.0,170,-33.0,292,9.0" /></mjloggm>