<mjloggm ver="2.3"><GO type="169" lobby="0"/><UN n0="%E3%82%AB%E3%83%9D%E3%83%8D%E5%9B%A3%E3%81%AE%E5%85%84%E8%B2%B4" n1="%E3%82%A6%E3%83%AB%E3%83%88%E3%83%A9%E7%AB%8B%E7%9B%B4" n2="%E3%83%90%E3%83%88%E3%83%AB%E3%83%89%E3%83%BC%E3%83%A0%EF%BC%81" n3="%E6%AF%94%E5%98%89%E7%A7%80%E4%BB%81" dan="18,17,16,17" rate="2217.19,2171.51,2055.47,2148.32" sx="M,M,M,M"/><TAIKYOKU oya="0"/><INIT seed="0,0,0,2,5,128" ten="250,250,250,250" oya="0" hai0="123,51,84,33,34,65,121,72,36,67,111,109,12" hai1="126,75,103,125,79,116,62,86,98,119,85,76,133" hai2="37,25,48,102,74,30,44,94,105,8,80,110,18" hai3="2,89,1,91,35,135,127,0,52,45,10,131,99"/><T106/><D72/><U46/><E62/><V32/><F110/><N who="0" m="41994" /><D36/><U3/><E46/><V43/><F105/><W16/><G131/><T118/><D118/><U120/><E3/><V61/><F61/><W47/><G127/><N who="1" m="48650" /><E120/><N who="0" m="46153" /><D106/><N who="1" m="63863" /><E133/><V88/><F102/><W70/><G135/><T22/><D84/><N who="1" m="32363" /><E75/><V29/><F37/><W17/><G70/><T5/><D51/><U108/><E108/><V117/><F48/><W97/><G35/><N who="0" m="13323" /><D5/><U66/><E66/><N who="0" m="25097" /><D22/><U56/><E56/><V63/><F74/><W31/><G10/><T9/><D9/><U115/><E115/><V55/><F8/><W132/><G132/><T81/><D81/><U58/><E58/><V24/><F24/><W122/><G122/><T7/><D7/><U38/><E38/><V92/><F25/><W53/><REACH who="3" step="1"/><G0/><REACH who="3" ten="250,250,250,240" step="2"/><T41/><D41/><U93/><E119/><V114/><F43/><W77/><G77/><T13/><AGARI ba="0,1" hai="12,13" m="25097,13323,46153,41994" machi="13" ten="40,12000,1" yaku="28,2,14,1,10,1" doraHai="128" who="0" fromWho="0" sc="250,130,250,-40,250,-40,240,-40" /><INIT seed="0,1,0,4,0,128" ten="380,210,210,200" oya="0" hai0="119,86,19,32,12,81,126,113,76,57,22,110,33" hai1="9,114,62,14,41,44,37,65,116,134,35,73,5" hai2="80,13,105,11,123,95,104,72,83,77,55,40,117" hai3="74,124,59,78,90,131,25,50,45,129,64,17,42"/><T0/><D119/><U46/><E116/><V36/><F123/><W87/><G124/><T48/><D113/><U112/><E73/><V34/><F117/><W18/><G74/><T84/><D126/><U68/><E35/><V100/><F34/><W51/><G78/><T26/><D0/><U135/><REACH who="1" step="1"/><E46/><REACH who="1" ten="380,200,210,200" step="2"/><V102/><F72/><W121/><G121/><T70/><D110/><U69/><E69/><V67/><F104/><W10/><G131/><T20/><D70/><U56/><E56/><V111/><F105/><W118/><G129/><T79/><D57/><U109/><E109/><V92/><F111/><W98/><G59/><T93/><D33/><U132/><AGARI ba="1,1" hai="5,9,14,37,41,44,62,65,68,112,114,132,134,135" machi="132" ten="40,12000,2" yaku="1,1,0,1,20,1,52,3,53,0" doraHai="128" doraHaiUra="54" who="1" fromWho="1" sc="380,-61,200,133,210,-31,200,-31" /><INIT seed="1,0,0,3,1,76" ten="319,333,179,169" oya="1" hai0="16,84,20,22,53,54,103,41,59,48,111,24,107" hai1="120,92,62,102,13,83,15,89,119,116,60,99,19" hai2="110,95,30,31,130,8,1,81,17,77,105,46,7" hai3="113,122,126,55,114,34,75,52,2,26,117,108,12"/><U57/><E120/><V70/><F105/><W133/><RYUUKYOKU type="yao9" ba="0,0" sc="319,0,333,0,179,0,169,0" hai3="2,12,26,34,52,55,75,108,113,114,117,122,126,133" /><INIT seed="1,1,0,3,5,30" ten="319,333,179,169" oya="1" hai0="57,121,6,49,36,45,29,1,116,133,72,44,93" hai1="39,76,84,14,135,124,52,12,87,75,109,82,73" hai2="130,97,43,107,113,33,40,98,32,2,47,58,62" hai3="50,16,92,67,65,61,114,42,48,63,46,3,125"/><U112/><E112/><V128/><F2/><W83/><G114/><T118/><D133/><U19/><E135/><V56/><F113/><W103/><G3/><T102/><D121/><U37/><E124/><V127/><F127/><W51/><G125/><T90/><D72/><U31/><E31/><V134/><F134/><W55/><G83/><T8/><D102/><U79/><E109/><V69/><F69/><N who="3" m="42159" /><G103/><T35/><D57/><N who="2" m="22122" /><F62/><W41/><G92/><T131/><D36/><U9/><E52/><V0/><F0/><W21/><G16/><T89/><D44/><U132/><E132/><V23/><F23/><W17/><G17/><T38/><D38/><U119/><E119/><V4/><F4/><W68/><G21/><T7/><D7/><U59/><E59/><V120/><F120/><W74/><G74/><T80/><D80/><U34/><E82/><V104/><F47/><W126/><G126/><T71/><D71/><U85/><E87/><V64/><F64/><W110/><G110/><T101/><D101/><U24/><E19/><V78/><F78/><W122/><G122/><T106/><D106/><N who="2" m="40490" /><F43/><AGARI ba="1,0" hai="41,42,43,46,48,50,51,55,63,67,68" m="42159" machi="43" ten="30,8000,1" yaku="35,5" doraHai="30" who="3" fromWho="2" sc="319,0,333,0,179,-83,169,83" /><INIT seed="2,0,0,1,0,22" ten="319,333,96,252" oya="2" hai0="110,46,122,121,3,63,59,1,16,92,53,124,23" hai1="85,132,65,109,111,100,125,33,130,25,21,28,45" hai2="101,73,19,51,106,6,61,36,4,76,78,20,32" hai3="50,60,112,48,131,57,26,94,117,71,56,18,97"/><V75/><F36/><W52/><G131/><T0/><D110/><N who="1" m="41995" /><E130/><V72/><F32/><W102/><G71/><T5/><D5/><U35/><E125/><V99/><F51/><W40/><G117/><T126/><D46/><U118/><E118/><V103/><F103/><W133/><G133/><T83/><D83/><U47/><E132/><V8/><F61/><N who="3" m="35975" /><G40/><T42/><D92/><U14/><E65/><V95/><F106/><W98/><G98/><T31/><D31/><U29/><E100/><V41/><F41/><W87/><G87/><T12/><REACH who="0" step="1"/><D42/><REACH who="0" ten="309,333,96,252" step="2"/><U39/><E47/><V120/><F120/><AGARI ba="0,1" hai="0,1,3,12,16,23,53,59,63,120,121,122,124,126" machi="120" ten="50,8000,1" yaku="1,1,2,1,54,1,53,1" doraHai="22" doraHaiUra="17" who="0" fromWho="2" sc="309,90,333,0,96,-80,252,0" /><INIT seed="3,0,0,3,3,34" ten="399,333,16,252" oya="3" hai0="18,99,84,94,5,127,50,126,71,25,0,91,133" hai1="72,32,119,15,44,22,98,20,96,40,117,131,37" hai2="89,54,42,81,14,114,93,24,56,45,105,29,88" hai3="8,46,16,73,28,121,67,109,83,108,113,57,118"/><W9/><G121/><T87/><D71/><U134/><E32/><V17/><F114/><W122/><G122/><T102/><D133/><U21/><E134/><V7/><F105/><W100/><G113/><T59/><D18/><U23/><E72/><V12/><F7/><W90/><G100/><T86/><D25/><U43/><E131/><V85/><F89/><W128/><G28/><T61/><D50/><U65/><E65/><V69/><F69/><W132/><G118/><N who="1" m="45066" /><E43/><V95/><F29/><W49/><G132/><T124/><D5/><U76/><E76/><V4/><F4/><W35/><G35/><T125/><D0/><U64/><E64/><V77/><F24/><W33/><G33/><T103/><N who="0" m="31744" /><DORA hai="38" /><T26/><D26/><U27/><E15/><V19/><F12/><N who="3" m="7175" /><G9/><T13/><D13/><U111/><E111/><N who="3" m="42570" /><G128/><T52/><AGARI ba="0,0" hai="52,59,61,84,86,87,91,94,99,102,103" m="31744" machi="52" ten="60,7900,0" yaku="0,1,18,1,54,1" doraHai="34,38" who="0" fromWho="0" sc="399,79,333,-20,16,-20,252,-39" owari="478,58.0,313,11.0,-4,-50.0,213,-19.0" /></mjloggm>