<mjloggm ver="2.3"><GO type="169" lobby="0"/><UN n0="%E3%82%BF%E3%82%AD%E3%83%88%E3%83%BC%E3%83%AB" n1="%E3%82%A6%E3%83%AB%E3%83%88%E3%83%A9%E7%AB%8B%E7%9B%B4" n2="%E7%99%BD%E9%BB%92%E7%A5%9E" n3="%79%61%6E%6F%70%61%6E" dan="16,17,16,16" rate="2110.20,2132.08,2152.63,2133.76" sx="M,M,F,M"/><TAIKYOKU oya="0"/><INIT seed="0,0,0,1,5,84" ten="250,250,250,250" oya="0" hai0="76,68,85,75,13,86,43,56,115,10,70,77,119" hai1="128,78,69,53,49,97,64,100,8,29,67,80,108" hai2="1,44,30,38,26,91,12,114,28,63,15,7,33" hai3="47,31,39,135,101,72,125,83,14,112,61,109,55"/><T46/><D115/><U65/><E108/><V89/><F114/><W9/><G112/><T57/><D119/><U50/><E128/><V118/><F118/><W66/><G109/><T40/><D75/><U34/><E69/><V96/><F30/><W2/><G135/><T121/><D46/><U113/><E113/><V18/><F63/><W23/><G125/><T37/><D13/><U88/><E8/><V87/><F96/><W73/><G101/><T103/><D103/><U124/><E124/><V98/><F98/><W92/><G92/><T16/><D10/><U20/><E34/><V99/><F99/><W79/><G2/><T17/><REACH who="0" step="1"/><D37/><REACH who="0" ten="240,250,250,250" step="2"/><U22/><E100/><V131/><F15/><W0/><G73/><T32/><D32/><U111/><E111/><V82/><F131/><W81/><G39/><T123/><AGARI ba="0,1" hai="16,17,40,43,56,57,68,70,76,77,85,86,121,123" machi="123" ten="25,18000,2" yaku="1,1,0,1,22,2,54,1,53,2" doraHai="84" doraHaiUra="54" who="0" fromWho="0" sc="240,190,250,-60,250,-60,250,-60" /><INIT seed="0,1,0,0,4,43" ten="430,190,190,190" oya="0" hai0="119,0,57,33,8,69,49,3,45,27,37,32,78" hai1="70,99,11,42,111,84,85,134,74,128,100,114,129" hai2="47,83,44,72,46,24,109,51,79,64,130,31,116" hai3="117,18,68,29,110,132,61,41,9,101,75,23,56"/><T125/><D69/><U58/><E70/><V55/><F109/><W10/><G117/><T59/><D119/><U26/><E74/><V81/><F116/><W19/><G75/><T4/><D37/><U93/><E111/><V30/><F130/><N who="1" m="50281" /><E134/><V103/><F83/><W94/><G68/><T80/><D0/><U5/><E114/><V16/><F64/><W97/><G132/><T131/><D125/><U91/><E26/><V106/><F103/><W54/><G41/><T108/><D108/><U40/><E58/><V39/><F106/><W52/><G110/><T124/><D124/><U102/><E85/><V36/><F36/><W113/><G113/><T28/><D33/><U98/><E98/><V92/><F92/><W104/><G104/><T48/><D48/><U133/><E102/><V105/><F39/><W63/><G29/><T89/><D89/><U66/><E66/><V17/><F105/><W7/><G7/><T86/><REACH who="0" step="1"/><D131/><REACH who="0" ten="420,190,190,190" step="2"/><U87/><E133/><V38/><F38/><W122/><G122/><T76/><D76/><U25/><E91/><V13/><F31/><W71/><G71/><T90/><D90/><U95/><E100/><V12/><F30/><W20/><G63/><T82/><D82/><U96/><E99/><V67/><F81/><W77/><G77/><T73/><D73/><U14/><E96/><V118/><F79/><W15/><REACH who="3" step="1"/><G54/><AGARI ba="1,1" hai="3,4,8,27,28,32,45,49,54,57,59,78,80,86" machi="54" ten="30,11600,0" yaku="1,1,7,1,52,1,53,1" doraHai="43" doraHaiUra="50" who="0" fromWho="3" sc="420,129,190,0,190,0,190,-119" /><INIT seed="0,2,0,4,0,15" ten="549,190,190,71" oya="0" hai0="118,128,127,107,50,119,77,83,125,3,112,38,26" hai1="65,103,28,13,40,32,116,124,76,24,25,104,62" hai2="17,48,19,57,86,98,60,36,69,122,102,8,33" hai3="113,56,68,55,117,31,30,126,96,51,39,85,88"/><T59/><D38/><U108/><E40/><V97/><F33/><W46/><G117/><T29/><D3/><U75/><E24/><V110/><F36/><W27/><G113/><T0/><D0/><U16/><E116/><V20/><F110/><W101/><G126/><N who="0" m="48139" /><D107/><U6/><E6/><V44/><F122/><W67/><G27/><T7/><D7/><U95/><E95/><V23/><F69/><W47/><G96/><N who="2" m="36969" /><F8/><W71/><G101/><T66/><D128/><U94/><E94/><V45/><F86/><W109/><G109/><T120/><D112/><U21/><E108/><V91/><F91/><W73/><G73/><T114/><D114/><U54/><E124/><V52/><F102/><W106/><G106/><T115/><D120/><U111/><E111/><V93/><F93/><W82/><G71/><T4/><D4/><U131/><E131/><V61/><F61/><W63/><REACH who="3" step="1"/><G46/><REACH who="3" ten="549,190,190,61" step="2"/><N who="2" m="18025" /><F60/><W10/><G10/><T81/><D115/><U18/><E103/><V79/><F79/><W105/><G105/><T84/><D118/><U58/><E104/><V43/><F43/><AGARI ba="2,1" hai="30,31,39,43,47,51,55,56,63,67,68,82,85,88" machi="43" ten="40,8000,1" yaku="1,1,24,2,54,1,53,0" doraHai="15" doraHaiUra="121" who="3" fromWho="2" sc="549,0,190,0,190,-86,61,96" /><INIT seed="1,0,0,2,3,8" ten="549,190,104,157" oya="1" hai0="57,4,118,5,29,31,90,3,98,26,50,124,77" hai1="32,15,55,84,37,22,23,80,101,81,105,119,65" hai2="30,132,39,102,18,79,35,130,87,110,88,61,49" hai3="19,63,125,134,52,122,66,76,10,27,85,9,42"/><U59/><E37/><V70/><F39/><W91/><G122/><T74/><D118/><U106/><E32/><V28/><F110/><W135/><G125/><T120/><D3/><U12/><E119/><V107/><F130/><W38/><G76/><T103/><D31/><U34/><E34/><V11/><F132/><N who="3" m="50731" /><G52/><T2/><D2/><U33/><E33/><V25/><F79/><W53/><G53/><T116/><D77/><U36/><E36/><V64/><F30/><W96/><G96/><T13/><D74/><U127/><E127/><V73/><F73/><W133/><G133/><T47/><D57/><U82/><E65/><V115/><F115/><W86/><G86/><T56/><D56/><U112/><E84/><V117/><F117/><W109/><G109/><T75/><D75/><U67/><E67/><V72/><F72/><W58/><G42/><T62/><D98/><U6/><E101/><V99/><F49/><W126/><G38/><T46/><D103/><U129/><E112/><V14/><F87/><W24/><G126/><T60/><D120/><U17/><E129/><V94/><REACH who="2" step="1"/><F88/><REACH who="2" ten="549,190,94,157" step="2"/><W44/><G85/><T100/><D124/><U69/><E80/><V1/><F1/><W54/><G91/><T114/><D90/><U111/><E82/><V71/><F71/><W78/><G78/><T128/><D128/><U83/><E69/><V41/><F41/><W51/><G27/><T104/><D116/><U40/><E83/><V93/><AGARI ba="0,1" hai="11,14,18,25,28,35,61,64,70,93,94,99,102,107" machi="93" ten="30,12000,2" yaku="1,1,0,1,25,2,52,1,53,1" doraHai="8" doraHaiUra="21" who="2" fromWho="2" sc="549,-30,190,-60,94,130,157,-30" /><INIT seed="2,0,0,3,0,22" ten="519,130,224,127" oya="2" hai0="70,72,94,21,18,92,47,85,56,24,13,42,32" hai1="33,65,105,19,124,59,74,131,108,50,78,69,20" hai2="34,117,98,90,121,38,54,55,1,58,128,31,112" hai3="57,134,35,37,67,100,123,2,14,4,109,86,45"/><V9/><BYE who="1" /><F38/><W43/><G123/><T60/><D70/><U53/><E53/><UN n1="%E3%82%A6%E3%83%AB%E3%83%88%E3%83%A9%E7%AB%8B%E7%9B%B4" /><V48/><F112/><W29/><G2/><T11/><D32/><U36/><E50/><V102/><F128/><W66/><G109/><T41/><D72/><U61/><E59/><V107/><F117/><W71/><G71/><T96/><D85/><U28/><E105/><V23/><F121/><W52/><G134/><T87/><D87/><U95/><E36/><V7/><F55/><W119/><G119/><T80/><D80/><U75/><E108/><V127/><F90/><W16/><G4/><N who="0" m="3303" /><D47/><U118/><E118/><V110/><F110/><W129/><G129/><T93/><D96/><U82/><E75/><V106/><F127/><W132/><G132/><T15/><D15/><U46/><E95/><V113/><F113/><W40/><G86/><T77/><D77/><U89/><E46/><V5/><F5/><W130/><G40/><T79/><D79/><U99/><E89/><V51/><F107/><W122/><G122/><T6/><D6/><U133/><E99/><V111/><F111/><W126/><G126/><T49/><D49/><U0/><E124/><V81/><F81/><W135/><G135/><T115/><D115/><U39/><E133/><V101/><F102/><W103/><G130/><T44/><D44/><U17/><E131/><V10/><F51/><N who="3" m="30879" /><G103/><T83/><D83/><U120/><E39/><V97/><F98/><W114/><G114/><T104/><D104/><U62/><E120/><V73/><F73/><W68/><G68/><T91/><D91/><U12/><E74/><RYUUKYOKU ba="0,0" sc="519,30,130,-10,224,-10,127,-10" hai0="18,21,24,41,42,56,60,92,93,94" /><INIT seed="3,1,0,2,5,70" ten="549,120,214,117" oya="3" hai0="8,86,57,111,74,131,29,96,28,17,88,3,108" hai1="123,118,66,113,120,12,19,109,7,52,27,62,73" hai2="39,135,25,101,133,33,91,82,61,92,124,104,60" hai3="67,65,107,128,13,80,76,46,69,75,6,43,110"/><W84/><G128/><T94/><D74/><U89/><E73/><V35/><F124/><W50/><G107/><T78/><D131/><U68/><E113/><V30/><F35/><W134/><G134/><N who="2" m="51209" /><F82/><W2/><G110/><N who="0" m="42027" /><D57/><U14/><E109/><V64/><F39/><W54/><G69/><T31/><D78/><U100/><E118/><V44/><F44/><W121/><G121/><T58/><D58/><U72/><E72/><V32/><F32/><W90/><G2/><T132/><D132/><U102/><E89/><V21/><F33/><W55/><G75/><T16/><D96/><U119/><E119/><V41/><F41/><W97/><G67/><T24/><D24/><U38/><E27/><V53/><F53/><W77/><G65/><T112/><D112/><U116/><E52/><N who="3" m="20010" /><G97/><T40/><D40/><U98/><E98/><N who="2" m="61495" /><F64/><W129/><G129/><T56/><D56/><U79/><E116/><V11/><F11/><AGARI ba="1,0" hai="6,11,13,43,46,50,76,77,80,84,90" m="20010" machi="11" ten="30,2900,0" yaku="8,1,54,1" doraHai="70" who="3" fromWho="2" sc="549,0,120,0,214,-32,117,32" /><INIT seed="3,2,0,0,1,6" ten="549,120,182,149" oya="3" hai0="22,19,10,62,78,43,86,50,38,16,21,125,36" hai1="74,0,61,60,47,97,104,42,58,95,30,44,4" hai2="40,96,72,15,77,14,11,83,57,87,48,71,118" hai3="102,34,100,23,120,114,28,126,92,53,124,107,85"/><W129/><G120/><T1/><D125/><N who="3" m="48233" /><G114/><T54/><D62/><U59/><E74/><V18/><F118/><W110/><G107/><T29/><D29/><U76/><E104/><V66/><F71/><W134/><G134/><T115/><D115/><U128/><E128/><V116/><F116/><W12/><G129/><T73/><D73/><U20/><E76/><V90/><F96/><W67/><G67/><T49/><D1/><U108/><E108/><V17/><F66/><W68/><G68/><T93/><D38/><U2/><E20/><N who="2" m="11327" /><F72/><W37/><G37/><T26/><D36/><U111/><E30/><V121/><F121/><W101/><G110/><T39/><D39/><U91/><E111/><V133/><F133/><W32/><G53/><T46/><D54/><U7/><E42/><V64/><F64/><W80/><G92/><T106/><D106/><U8/><E95/><V88/><F57/><W13/><G28/><T45/><D93/><U56/><E97/><V79/><F79/><N who="3" m="46239" /><G23/><T69/><D22/><U132/><E132/><V25/><F25/><W135/><G135/><T3/><D69/><U99/><E99/><V117/><F117/><W122/><G122/><T119/><D119/><U127/><E127/><V75/><F75/><W113/><G113/><T82/><D43/><U123/><E123/><V112/><F112/><W103/><N who="3" m="25600" /><DORA hai="81" /><W70/><G70/><T33/><D78/><U35/><E58/><V65/><F65/><W55/><G55/><T5/><D21/><U63/><E59/><V130/><F130/><W94/><G94/><T9/><D82/><RYUUKYOKU ba="2,0" sc="549,-15,120,-15,182,15,149,15" hai2="11,14,18,40,48,77,83,87,88,90" hai3="12,13,32,34" /><INIT seed="3,3,0,2,3,119" ten="534,105,197,164" oya="3" hai0="92,87,67,134,39,115,69,17,45,47,7,48,30" hai1="38,9,26,116,13,113,125,32,78,42,46,93,8" hai2="77,127,60,130,41,15,123,3,106,80,105,76,54" hai3="0,61,79,63,11,33,5,6,128,49,66,2,81"/><W111/><G128/><T19/><D115/><U95/><E113/><V132/><F3/><W51/><G111/><T122/><D30/><U27/><E125/><V57/><F130/><W83/><G33/><T21/><D7/><U102/><E116/><V85/><F127/><W58/><G83/><T28/><D28/><U71/><E71/><V10/><F132/><W133/><G133/><T90/><D134/><U82/><E9/><V99/><F77/><W44/><G44/><T72/><D72/><U121/><E32/><V118/><F118/><W64/><G5/><T107/><D107/><U103/><E121/><V50/><F99/><W120/><G120/><T23/><D39/><U109/><E109/><V20/><F20/><W89/><G89/><T55/><D122/><U131/><E131/><V4/><REACH who="2" step="1"/><F123/><REACH who="2" ten="534,105,187,164" step="2"/><W29/><G0/><T37/><D23/><U16/><E103/><V65/><F65/><W101/><G101/><T25/><D21/><U40/><E102/><V74/><F74/><W73/><REACH who="3" step="1"/><G29/><REACH who="3" ten="534,105,187,154" step="2"/><T126/><D126/><U110/><E110/><V31/><F31/><W12/><G12/><T35/><D35/><U62/><E13/><V108/><F108/><W36/><G36/><T1/><D37/><U91/><E38/><V94/><F94/><W34/><G34/><T96/><D92/><U53/><E95/><V52/><F52/><W112/><G112/><T22/><D55/><U129/><E53/><V124/><F124/><W14/><G14/><T104/><D1/><U100/><E93/><V86/><F86/><W18/><G18/><T56/><D17/><RYUUKYOKU ba="3,2" sc="534,-15,105,-15,187,15,154,15" hai2="4,10,15,41,50,54,57,60,76,80,85,105,106" hai3="2,6,11,49,51,58,61,63,64,66,73,79,81" /><INIT seed="3,4,2,0,2,99" ten="519,90,202,169" oya="3" hai0="13,36,39,46,103,126,21,117,6,76,69,93,98" hai1="17,78,61,135,77,41,64,72,74,87,92,75,90" hai2="128,35,107,97,106,8,130,9,57,82,112,59,2" hai3="134,54,3,68,5,43,60,20,116,100,55,109,118"/><W88/><G43/><T18/><D69/><U15/><E41/><V26/><F112/><W115/><G115/><T34/><D34/><U25/><E25/><V48/><F82/><W129/><G3/><T124/><D117/><U83/><E135/><V44/><F2/><W80/><G5/><T121/><D121/><U86/><E77/><V58/><F35/><W49/><G134/><T7/><D76/><U27/><E27/><V16/><F97/><W56/><G129/><N who="2" m="49769" /><F26/><W125/><G125/><N who="0" m="48235" /><D46/><U67/><REACH who="1" step="1"/><E61/><REACH who="1" ten="519,80,202,169" step="2"/><V50/><F48/><W29/><G116/><T119/><D119/><U47/><E47/><V38/><F38/><AGARI ba="4,3" hai="6,7,13,18,21,36,38,39,93,98,103" m="48235" machi="38" ten="30,2000,0" yaku="18,1,52,1" doraHai="99" who="0" fromWho="2" sc="519,62,80,0,202,-32,169,0" /><INIT seed="4,0,0,1,5,38" ten="581,80,170,169" oya="0" hai0="83,116,64,119,39,130,132,7,14,9,26,135,105" hai1="101,92,72,74,55,124,118,86,12,25,21,16,126" hai2="90,69,44,57,4,32,6,35,121,108,31,29,40" hai3="109,115,106,93,11,47,59,117,88,18,99,63,62"/><T30/><D105/><U17/><E118/><V28/><F69/><W123/><G109/><T110/><D64/><U127/><E55/><V51/><F108/><W113/><G117/><T77/><D110/><U111/><E111/><V96/><F121/><W5/><G123/><T75/><D39/><U70/><E70/><V97/><F57/><W129/><G129/><T107/><D107/><U84/><E84/><V41/><F90/><W53/><G18/><T89/><D89/><U56/><E56/><V48/><F31/><W66/><G106/><T122/><D130/><U43/><E43/><V46/><AGARI ba="0,0" hai="4,6,28,29,32,35,40,41,44,46,48,51,96,97" machi="46" ten="25,8000,1" yaku="0,1,22,2,52,2" doraHai="38" who="2" fromWho="2" sc="581,-40,80,-20,170,80,169,-20" /><INIT seed="5,0,0,2,0,78" ten="541,60,250,149" oya="1" hai0="57,82,130,8,73,117,72,129,114,48,0,1,122" hai1="7,124,120,26,119,28,23,68,123,128,80,31,110" hai2="66,17,35,15,115,61,43,101,24,87,49,106,22" hai3="29,30,44,113,69,133,42,9,97,60,84,4,10"/><U63/><E119/><V99/><F115/><W40/><G113/><T2/><D114/><U67/><E124/><V86/><F49/><W100/><G133/><T102/><D102/><U131/><E110/><V91/><F43/><W19/><G84/><T21/><D117/><U95/><E7/><V53/><F53/><W64/><G19/><T81/><D8/><U51/><E95/><V50/><F50/><W56/><G69/><T88/><D21/><U92/><E92/><V65/><F65/><W112/><G112/><T13/><D13/><U45/><E31/><N who="2" m="19943" /><F91/><W25/><G44/><T27/><D27/><U89/><E89/><V34/><F34/><W98/><G98/><T3/><D3/><U125/><E125/><V105/><F105/><W121/><G42/><T33/><D33/><U126/><E126/><V83/><F83/><N who="0" m="31754" /><D88/><U62/><E80/><V127/><F127/><W18/><G100/><T47/><D57/><U75/><E75/><V94/><F94/><W39/><G56/><T104/><D104/><U74/><E74/><V37/><F37/><W6/><G39/><T5/><D5/><U16/><E63/><V96/><F99/><W32/><G60/><T46/><D46/><U12/><E45/><V132/><F132/><W118/><G118/><T54/><D122/><N who="1" m="46635" /><E51/><V52/><F52/><W55/><G55/><T58/><D47/><U20/><E68/><AGARI ba="0,0" hai="15,17,22,61,66,68,86,87,96,101,106" m="19943" machi="68" ten="30,1000,0" yaku="25,1" doraHai="78" who="2" fromWho="1" sc="541,0,60,-10,250,10,149,0" /><INIT seed="6,0,0,4,0,31" ten="541,50,260,149" oya="2" hai0="2,61,120,105,52,134,82,113,5,54,132,23,86" hai1="33,68,24,88,91,116,127,53,112,93,72,45,98" hai2="81,21,8,41,46,9,78,117,25,109,84,128,87" hai3="83,108,40,73,17,110,89,75,66,69,20,104,1"/><V126/><F117/><W18/><G104/><T49/><D105/><U77/><E72/><V76/><F128/><W121/><BYE who="1" /><G121/><T111/><D120/><U114/><E114/><V79/><F126/><W65/><G1/><UN n1="%E3%82%A6%E3%83%AB%E3%83%88%E3%83%A9%E7%AB%8B%E7%9B%B4" /><T51/><D113/><U3/><E112/><V101/><F109/><W67/><G69/><T115/><D115/><U60/><E68/><V6/><F101/><W64/><G64/><T124/><D23/><U27/><E116/><V29/><F87/><W55/><G40/><T34/><D34/><U13/><E127/><V43/><F43/><W125/><G125/><T96/><D96/><U95/><E3/><V10/><REACH who="2" step="1"/><F6/><REACH who="2" ten="541,50,250,149" step="2"/><W11/><G108/><T14/><D124/><U85/><E77/><V26/><F26/><W0/><G110/><T129/><D111/><U22/><E13/><V106/><F106/><W107/><G107/><T16/><D129/><U30/><E27/><V50/><AGARI ba="0,1" hai="8,9,10,21,25,29,41,46,50,76,78,79,81,84" machi="50" ten="30,6000,0" yaku="1,1,0,1,8,1,53,0" doraHai="31" doraHaiUra="118" who="2" fromWho="2" sc="541,-20,50,-20,250,70,149,-20" /><INIT seed="6,1,0,1,2,48" ten="521,30,320,129" oya="2" hai0="50,39,73,28,6,18,97,29,89,126,123,31,87" hai1="40,55,122,78,35,10,62,124,17,125,27,103,96" hai2="75,72,61,129,66,43,7,20,93,79,99,128,115" hai3="41,76,51,34,111,94,1,53,67,47,25,104,105"/><V33/><F33/><W19/><G111/><T21/><D39/><U71/><E78/><V44/><F115/><W37/><G1/><T68/><D68/><U32/><E40/><V119/><F7/><W90/><G76/><T30/><D73/><U54/><E122/><V4/><F4/><W130/><G130/><N who="2" m="50281" /><F119/><W88/><G67/><T26/><D97/><U64/><E32/><V23/><F79/><W84/><G90/><T118/><D123/><U74/><E74/><N who="2" m="28203" /><F66/><W65/><G65/><T56/><D126/><N who="1" m="48747" /><E10/><V60/><F61/><W45/><REACH who="3" step="1"/><G19/><REACH who="3" ten="521,30,320,119" step="2"/><T101/><D18/><U22/><E35/><V9/><F93/><AGARI ba="1,1" hai="17,22,27,54,55,62,64,71,93,96,103" m="48747" machi="93" ten="30,3900,0" yaku="18,1,52,2" doraHai="48" who="1" fromWho="2" sc="521,0,30,52,320,-42,119,0" /><INIT seed="7,0,0,2,5,103" ten="521,82,278,119" oya="3" hai0="5,110,37,59,1,128,70,116,60,19,123,18,133" hai1="57,73,96,112,80,104,42,58,111,51,115,108,8" hai2="95,129,52,53,86,65,106,48,46,17,77,14,20" hai3="61,97,88,99,126,50,87,109,35,85,131,89,49"/><W9/><G35/><T54/><D123/><U119/><E8/><V43/><F106/><W62/><G126/><T66/><D116/><U30/><E30/><V41/><F129/><W120/><G120/><T38/><D110/><N who="1" m="42027" /><E42/><N who="2" m="15883" /><F65/><W39/><G109/><T78/><D78/><N who="1" m="44111" /><E51/><V15/><F53/><W26/><G39/><T63/><D133/><U47/><E47/><V93/><F15/><W27/><REACH who="3" step="1"/><G9/><REACH who="3" ten="521,82,278,109" step="2"/><T55/><D38/><U114/><E119/><V102/><F20/><W105/><G105/><T79/><D37/><U84/><E84/><V31/><F86/><W21/><G21/><T3/><D128/><AGARI ba="0,1" hai="26,27,49,50,61,62,85,87,88,89,97,99,128,131" machi="128" ten="25,18000,2" yaku="1,1,22,2,54,1,53,2" doraHai="103" doraHaiUra="127" who="3" fromWho="0" sc="521,-180,82,0,278,0,109,190" /><INIT seed="7,1,0,1,3,45" ten="341,82,278,299" oya="3" hai0="112,61,99,9,96,84,94,130,23,14,75,56,24" hai1="19,44,71,68,4,26,102,78,1,69,30,15,36" hai2="80,133,50,57,117,90,21,62,88,92,37,135,89" hai3="101,104,95,125,63,82,116,110,41,76,85,122,59"/><W106/><G116/><T114/><D75/><U40/><E102/><V66/><F117/><W103/><G122/><T132/><D132/><N who="2" m="50762" /><F37/><W109/><G125/><T22/><D130/><U108/><E108/><N who="3" m="41578" /><G41/><T79/><D114/><U6/><E78/><V98/><F21/><N who="0" m="7690" /><D24/><U87/><E87/><N who="2" m="50279" /><F90/><N who="3" m="53711" /><G59/><T49/><D49/><AGARI ba="1,0" hai="49,50,57,62,66,89,92,98" m="50279,50762" machi="49" ten="30,7700,0" yaku="20,1,52,2,54,1" doraHai="45" who="2" fromWho="0" sc="341,-80,82,0,278,80,299,0" owari="261,-14.0,82,-42.0,358,46.0,299,10.0" /></mjloggm>