<mjloggm ver="2.3"><GO type="97" lobby="0"/><UN n0="%E5%B7%A1%E9%9F%B3%E6%B5%81%E6%AD%8C" n1="%E3%83%AA%E3%83%81%E3%83%A3%21%21" n2="%E6%9D%BE%E6%9C%AC%E5%B1%B1%E9%9B%85" n3="%E5%B0%B1%E6%B4%BB%E7%94%9F%40%E5%B7%9D%E6%9D%91%E8%BB%8D%E5%9B%A3" dan="15,15,13,14" rate="2002.23,2055.93,1832.35,1949.15" sx="F,M,M,M"/><TAIKYOKU oya="0"/><INIT seed="0,0,0,4,2,50" ten="250,250,250,250" oya="0" hai0="108,56,26,116,83,124,122,2,74,73,88,12,76" hai1="17,96,13,65,92,30,135,37,18,77,81,61,10" hai2="33,7,64,103,105,54,134,58,125,80,57,106,117" hai3="109,131,38,20,42,35,82,47,115,25,36,111,15"/><T59/><D116/><U102/><E37/><V63/><F117/><W55/><G115/><T121/><D2/><U113/><E135/><V104/><F134/><W22/><G131/><T71/><D71/><U62/><E113/><V40/><F33/><W52/><G36/><T90/><D124/><U44/><E30/><V98/><F125/><W95/><G82/><T94/><D108/><N who="3" m="41545" /><G95/><T31/><D12/><U39/><E18/><V8/><F40/><W126/><G126/><T87/><D90/><U100/><E100/><V45/><F45/><W110/><G110/><T86/><D73/><U46/><E39/><V130/><F80/><W84/><G84/><T68/><D68/><U23/><E10/><V129/><F129/><W120/><G120/><T79/><D79/><U119/><E119/><V27/><F27/><W48/><G15/><T97/><D74/><U69/><REACH who="1" step="1"/><E61/><REACH who="1" ten="250,240,250,250" step="2"/><V16/><F130/><W75/><G35/><T112/><D112/><U41/><E41/><V11/><F11/><W49/><G38/><T24/><D122/><U66/><E66/><V128/><F128/><W78/><G42/><T60/><D121/><U28/><E28/><V70/><F64/><W132/><G132/><T4/><D60/><U1/><E1/><V21/><F63/><W53/><G48/><T101/><D4/><U123/><E123/><V72/><F8/><W114/><G114/><T91/><D101/><U19/><E19/><V14/><F16/><N who="3" m="12423" /><G22/><N who="0" m="15767" /><D26/><U127/><E127/><V29/><F21/><W51/><G51/><T0/><D0/><U93/><E93/><AGARI ba="0,1" hai="56,59,76,83,86,87,88,91,93,94,97" m="15767" machi="93" ten="30,2900,0" yaku="8,1,54,1" doraHai="50" who="0" fromWho="1" sc="250,39,240,-29,250,0,250,0" /><INIT seed="0,1,0,5,5,130" ten="289,211,250,250" oya="0" hai0="17,109,124,67,83,87,21,24,10,106,126,14,125" hai1="134,38,25,11,111,1,4,6,113,37,128,78,3" hai2="127,13,86,42,118,56,81,7,9,31,96,34,15" hai3="85,122,41,97,92,84,77,26,45,70,46,48,0"/><T71/><D106/><U23/><E78/><V102/><F127/><W105/><G70/><T16/><D109/><U55/><E55/><V66/><F42/><W54/><G0/><T2/><D2/><U88/><E111/><V27/><F118/><W32/><G105/><T73/><D73/><U132/><E128/><V104/><F66/><W52/><G122/><T93/><D93/><U35/><E113/><V19/><F56/><W63/><G77/><N who="0" m="46575" /><D67/><U40/><E35/><V115/><F115/><W110/><G110/><T99/><D99/><U95/><E40/><V76/><REACH who="2" step="1"/><F19/><REACH who="2" ten="289,211,240,250" step="2"/><W18/><G63/><T39/><D39/><U47/><E47/><V108/><F108/><W68/><G68/><AGARI ba="1,1" hai="10,14,16,17,21,24,68,71,124,125,126" m="46575" machi="68" ten="30,2900,0" yaku="18,1,54,1" doraHai="130" who="0" fromWho="3" sc="289,42,211,0,240,0,250,-32" /><INIT seed="0,2,0,0,4,124" ten="331,211,240,218" oya="0" hai0="94,101,135,116,44,43,132,25,59,122,86,127,123" hai1="16,33,134,53,7,121,9,64,55,100,106,65,125" hai2="99,119,68,83,93,110,120,70,51,81,10,92,82" hai3="47,102,46,1,0,27,6,112,84,35,24,90,32"/><T31/><D116/><U18/><E121/><V108/><F120/><W3/><G112/><T96/><D127/><U126/><E33/><V73/><F119/><W42/><G102/><T104/><D59/><U131/><E134/><N who="0" m="51241" /><D86/><U91/><E125/><V66/><F66/><W105/><G105/><T40/><D40/><U98/><E126/><V87/><F10/><W50/><G6/><T15/><D15/><U5/><E91/><N who="2" m="53375" /><F51/><W111/><G111/><N who="2" m="42537" /><F68/><W29/><G47/><T72/><D72/><U61/><E5/><V95/><F70/><W129/><G27/><T97/><D44/><U57/><E131/><V28/><F28/><W38/><G129/><T21/><D43/><U75/><E75/><V109/><N who="2" m="42545" /><V85/><DORA hai="23" /><F73/><W107/><G107/><T74/><D74/><U117/><E117/><V8/><F8/><W4/><G4/><T39/><D39/><U58/><E65/><V37/><F37/><W48/><REACH who="3" step="1"/><G32/><REACH who="3" ten="331,211,240,208" step="2"/><T77/><D123/><U115/><E115/><V78/><F93/><AGARI ba="2,1" hai="0,1,3,24,29,35,38,42,46,48,50,84,90,93" machi="93" ten="40,5200,0" yaku="1,1,2,1,52,1,53,0" doraHai="124,23" doraHaiUra="79,128" who="3" fromWho="2" sc="331,0,211,0,240,-58,208,68" /><INIT seed="1,0,0,1,2,74" ten="331,211,182,276" oya="1" hai0="36,105,126,5,95,38,61,23,27,53,135,25,96" hai1="118,106,21,114,67,87,8,31,109,72,103,9,57" hai2="51,130,46,68,15,47,117,2,73,113,110,26,84" hai3="18,43,45,101,83,92,59,129,112,28,58,122,97"/><U75/><E118/><V50/><F113/><W70/><G122/><T34/><D105/><U79/><E114/><V93/><F117/><W100/><G112/><T22/><D135/><U111/><E106/><V10/><F2/><W89/><G70/><T14/><D126/><U54/><E67/><V121/><F73/><W16/><G129/><T99/><D34/><U125/><E103/><N who="3" m="39498" /><G28/><T49/><D61/><U41/><E41/><V104/><F121/><W128/><G128/><T69/><D69/><U131/><E125/><V12/><F104/><W40/><G83/><T55/><D95/><U82/><E131/><V64/><F68/><W76/><G76/><T98/><D5/><U48/><E72/><V123/><F123/><W102/><G102/><T7/><D7/><U13/><E75/><V30/><F130/><W119/><G119/><T81/><D81/><U62/><E62/><V107/><F110/><N who="1" m="41993" /><E13/><V32/><F107/><W120/><G120/><T52/><D14/><U116/><E116/><V65/><F93/><W3/><G3/><T6/><D6/><U88/><E79/><V35/><F84/><W132/><G132/><T37/><REACH who="0" step="1"/><D49/><REACH who="0" ten="321,211,182,276" step="2"/><U4/><E4/><V42/><F35/><W66/><G92/><T44/><D44/><U17/><E17/><V86/><F15/><W85/><G18/><T133/><D133/><U11/><E31/><V0/><F47/><W77/><G45/><T127/><D127/><U63/><E48/><V19/><F51/><W33/><G16/><T115/><D115/><U90/><E90/><V80/><F0/><W39/><G89/><AGARI ba="0,1" hai="10,12,19,26,30,32,42,46,50,64,65,80,86,89" machi="89" ten="30,2000,0" yaku="6,1,7,1" doraHai="74" who="2" fromWho="3" sc="321,0,211,0,182,30,276,-20" /><INIT seed="2,0,0,5,2,26" ten="321,211,212,256" oya="2" hai0="33,125,129,47,61,119,86,90,9,103,53,106,108" hai1="114,45,44,46,72,60,21,87,57,27,77,11,14" hai2="83,42,95,6,37,99,66,73,115,135,70,16,50" hai3="102,84,109,36,32,1,92,34,100,101,104,2,40"/><V127/><F115/><W120/><G104/><T78/><D108/><U88/><E72/><V17/><F37/><W59/><G120/><T76/><D9/><U118/><E77/><V112/><F112/><W105/><G105/><T58/><D33/><U18/><E118/><V131/><F6/><W85/><G109/><T31/><D31/><N who="1" m="17903" /><E114/><V94/><F70/><W132/><G132/><T122/><D58/><U12/><E12/><V82/><F66/><W69/><G69/><T89/><D53/><N who="1" m="33839" /><E44/><N who="2" m="25879" /><F135/><W67/><G40/><T25/><D119/><U98/><E98/><V15/><F73/><W128/><G36/><T38/><D106/><U30/><E30/><V5/><F131/><W24/><G2/><T22/><D122/><U123/><E123/><V111/><F127/><W110/><G1/><T107/><D125/><U74/><E74/><V41/><F41/><W23/><G110/><T65/><D129/><U63/><E63/><V124/><F124/><W54/><G128/><T79/><D61/><U126/><E126/><V81/><F111/><W113/><G113/><T56/><D107/><U133/><E133/><V49/><F49/><N who="3" m="31183" /><G34/><T55/><D38/><U121/><E121/><V97/><F5/><W43/><G32/><T62/><D62/><U19/><E19/><N who="2" m="7243" /><F15/><W0/><G0/><T28/><D47/><U3/><E3/><V75/><F75/><W80/><G43/><T116/><D116/><U71/><E71/><V52/><F52/><W93/><G67/><T96/><D55/><U51/><E51/><V64/><F64/><W48/><G48/><T8/><D65/><RYUUKYOKU ba="0,0" sc="321,-15,211,15,212,15,256,-15" hai1="11,14,18,45,46,87,88" hai2="81,82,83,94,95,97,99" /><INIT seed="2,1,0,0,3,71" ten="306,226,227,241" oya="2" hai0="69,22,24,74,40,43,110,81,41,10,70,122,7" hai1="82,21,120,1,19,61,79,16,35,52,25,34,49" hai2="101,60,56,5,67,104,9,109,134,11,75,18,28" hai3="84,2,124,125,97,92,51,57,87,31,121,106,26"/><V39/><F75/><W133/><G2/><T27/><D122/><U62/><E1/><V50/><F39/><W48/><G121/><T66/><D110/><U129/><E120/><V29/><F109/><W32/><G106/><T91/><D66/><U36/><E36/><V64/><F134/><W45/><G51/><T12/><D27/><U17/><E129/><V119/><F119/><W94/><G57/><T135/><D135/><U13/><E35/><V130/><F130/><W44/><G133/><T117/><D117/><U77/><E34/><V65/><F104/><W55/><G45/><T83/><D83/><U63/><E82/><V15/><F101/><N who="3" m="60583" /><G94/><T47/><D47/><N who="1" m="27711" /><E13/><N who="2" m="5295" /><F50/><W123/><G123/><T76/><D91/><U68/><E68/><V33/><F33/><W59/><G44/><T3/><D3/><U105/><E105/><V86/><F86/><W8/><G8/><T108/><D108/><U72/><E72/><V98/><F98/><W30/><G30/><AGARI ba="1,0" hai="16,17,19,21,25,30,61,62,63,77,79" m="27711" machi="30" ten="30,3900,0" yaku="8,1,54,2" doraHai="71" who="1" fromWho="3" sc="306,0,226,42,227,0,241,-42" /><AGARI ba="1,0" hai="11,15,18,28,29,30,56,60,64,65,67" m="5295" machi="30" ten="30,1500,0" yaku="8,1" doraHai="71" who="2" fromWho="3" sc="306,0,268,0,227,15,199,-15" /><INIT seed="2,2,0,5,2,20" ten="306,268,242,184" oya="2" hai0="99,16,88,33,70,7,10,64,28,86,131,71,43" hai1="2,90,44,93,104,115,73,0,50,32,80,67,24" hai2="15,55,102,59,78,61,92,126,134,112,109,113,114" hai3="96,26,14,100,18,72,41,46,85,19,36,130,89"/><V1/><F1/><W119/><G72/><T25/><D131/><U83/><E104/><V35/><F35/><W68/><G130/><T8/><D99/><U84/><E115/><V3/><F3/><W11/><G119/><T12/><D43/><U94/><E67/><V21/><F134/><W87/><G68/><T52/><D52/><U45/><E45/><V22/><F126/><W39/><G39/><T54/><D54/><U106/><E106/><V132/><F132/><W48/><G36/><T5/><D64/><U77/><E94/><V40/><F40/><W47/><G47/><T6/><REACH who="0" step="1"/><D8/><REACH who="0" ten="296,268,242,184" step="2"/><U69/><E44/><V135/><F135/><W13/><G89/><T27/><D27/><U9/><E24/><V60/><F114/><W66/><G66/><T123/><D123/><U95/><E9/><V110/><F113/><W82/><G26/><T124/><D124/><U34/><E90/><V133/><F112/><W128/><G128/><T58/><D58/><U111/><E77/><V56/><F133/><W118/><G118/><T29/><D29/><U117/><E117/><V37/><F78/><W129/><G129/><T101/><D101/><U81/><E69/><V62/><F37/><W75/><G96/><T121/><D121/><U49/><E111/><N who="2" m="42507" /><F102/><W105/><G100/><T31/><D31/><U127/><E127/><V63/><F92/><AGARI ba="2,1" hai="5,6,7,10,12,16,25,28,33,70,71,86,88,92" machi="92" ten="40,8000,1" yaku="1,1,52,1,54,2,53,0" doraHai="20" doraHaiUra="125" who="0" fromWho="2" sc="296,96,268,0,242,-86,184,0" /><INIT seed="3,0,0,4,5,98" ten="392,268,156,184" oya="3" hai0="2,81,53,50,105,92,38,18,79,76,118,129,47" hai1="135,80,51,46,37,55,39,65,95,117,109,116,35" hai2="14,120,90,63,48,25,99,42,30,33,69,61,40" hai3="132,1,128,84,16,73,49,82,74,127,130,83,91"/><W36/><G36/><T21/><D118/><N who="1" m="45675" /><E109/><V75/><F120/><W59/><G1/><T64/><D2/><U87/><E135/><V102/><F75/><W41/><G132/><T45/><D105/><U86/><E35/><V34/><F34/><W124/><G41/><T88/><D129/><N who="3" m="49769" /><G49/><N who="0" m="28847" /><D81/><N who="3" m="30729" /><G59/><T19/><D64/><U94/><E65/><V52/><F90/><W29/><G29/><T26/><D18/><U23/><E23/><V100/><F14/><W96/><G16/><T68/><D68/><U13/><E13/><V110/><F110/><W101/><G74/><T27/><D27/><U57/><E39/><V93/><F102/><W97/><G73/><T62/><D62/><N who="1" m="36159" /><E37/><V0/><F0/><W20/><G20/><T66/><D66/><U103/><E87/><V54/><F69/><W4/><G4/><T28/><D19/><U114/><E103/><V71/><F71/><W24/><G24/><T32/><D32/><U67/><E67/><V107/><F107/><N who="3" m="63911" /><G97/><N who="0" m="57479" /><D38/><U5/><E5/><V115/><F33/><W11/><G11/><T17/><D17/><U122/><E51/><V43/><F48/><W104/><G104/><T15/><D15/><U56/><E46/><V113/><F30/><W12/><G12/><T106/><D106/><U70/><E56/><V112/><F25/><W133/><G133/><T134/><D134/><U44/><E70/><V131/><F131/><W60/><G60/><T123/><D21/><U22/><E44/><V111/><F111/><W121/><G121/><T10/><D123/><U72/><E22/><V31/><F31/><W108/><G108/><RYUUKYOKU ba="0,0" sc="392,-15,268,-15,156,15,184,15" hai2="40,42,43,52,54,61,63,93,99,100,112,113,115" hai3="84,91,124,127" /><INIT seed="3,1,0,3,1,73" ten="377,253,171,199" oya="3" hai0="106,63,18,35,17,23,72,83,134,39,61,117,13" hai1="78,6,118,24,51,56,15,125,28,11,4,127,67" hai2="85,58,20,75,87,97,65,48,71,26,116,120,59" hai3="124,2,111,88,40,53,52,54,30,60,47,25,31"/><W0/><G124/><N who="1" m="47690" /><E118/><V115/><F116/><W36/><G111/><T93/><D18/><N who="1" m="8575" /><E78/><V91/><F115/><W80/><G60/><T109/><D83/><U10/><E10/><V132/><F132/><W130/><G130/><T76/><D63/><N who="1" m="38375" /><E51/><V105/><F75/><W123/><G123/><T133/><D76/><U1/><E1/><V121/><F71/><W57/><G57/><T5/><D134/><U131/><E131/><V82/><F85/><W112/><G112/><T86/><D93/><U79/><E79/><V27/><F27/><W126/><G126/><T96/><D13/><U101/><E101/><V14/><F14/><W74/><G31/><T98/><D17/><U55/><E55/><V122/><F65/><W41/><G41/><T3/><D61/><U104/><E104/><V19/><REACH who="2" step="1"/><F48/><REACH who="2" ten="377,253,161,199" step="2"/><W114/><G114/><T119/><D119/><U107/><E24/><V12/><F12/><W113/><G113/><T16/><D117/><U94/><E4/><V77/><F77/><W90/><G74/><T42/><D5/><U21/><E6/><V128/><F128/><W32/><REACH who="3" step="1"/><G80/><REACH who="3" ten="377,253,161,189" step="2"/><T62/><D62/><U49/><E28/><V29/><F29/><W50/><G50/><T37/><D133/><U9/><E49/><V81/><F81/><W38/><G38/><T102/><D39/><U66/><E66/><V22/><F22/><W99/><G99/><T44/><D37/><U33/><E21/><V46/><F46/><W95/><G95/><T70/><D96/><U34/><E94/><V84/><F84/><W100/><G100/><AGARI ba="1,2" hai="19,20,26,58,59,82,87,91,97,100,105,120,121,122" machi="100" ten="40,2600,0" yaku="1,1,13,1,53,0" doraHai="73" doraHaiUra="108" who="2" fromWho="3" sc="377,0,253,0,161,49,189,-29" owari="377,48.0,253,5.0,210,-19.0,160,-34.0" /></mjloggm>