<mjloggm ver="2.3"><GO type="41" lobby="0"/><UN n0="%E5%B0%B1%E6%B4%BB%E7%94%9F%40%E5%B7%9D%E6%9D%91%E8%BB%8D%E5%9B%A3" n1="%68%61%79%61%63%68%61%6E" n2="%E3%81%93%E3%83%BC%E3%82%81%E3%83%BC%E3%81%95%E3%82%93%32%E5%8F%B7" n3="%E6%A0%97%E6%9E%97%E9%87%8C%E8%8E%89" dan="15,13,13,15" rate="1987.45,1852.97,1838.44,1932.02" sx="M,M,M,M"/><TAIKYOKU oya="0"/><INIT seed="0,0,0,2,4,128" ten="250,250,250,250" oya="0" hai0="66,86,46,79,127,6,80,99,111,73,91,98,65" hai1="104,89,17,20,100,27,49,119,74,97,135,81,53" hai2="56,48,123,7,90,116,14,35,126,12,2,57,88" hai3="124,52,69,24,102,11,101,61,131,59,92,21,83"/><T29/><D127/><U129/><E129/><V72/><F35/><W68/><G131/><T43/><D29/><U22/><E119/><V62/><F72/><W26/><G11/><T132/><D6/><U25/><E74/><V63/><F123/><W4/><G4/><T77/><D77/><U50/><E50/><V45/><F2/><W106/><G106/><T71/><D132/><U60/><E60/><V34/><F34/><W134/><G134/><T130/><D130/><U115/><E115/><V47/><F7/><W38/><G38/><T108/><D71/><U110/><E110/><N who="0" m="42025" /><D65/><U93/><E81/><V64/><F126/><W114/><G114/><T31/><D31/><U40/><E40/><V19/><F116/><W16/><G124/><T10/><D10/><U70/><E70/><V96/><F96/><W95/><G69/><T117/><D66/><U1/><E1/><V103/><F103/><N who="3" m="39435" /><G68/><T122/><D122/><U55/><E135/><V9/><F14/><N who="3" m="9367" /><G83/><N who="0" m="49631" /><D117/><U42/><E42/><N who="2" m="24631" /><F47/><W78/><G78/><T58/><D58/><U82/><E82/><V28/><F28/><W109/><G109/><T32/><D32/><U107/><E107/><V121/><F121/><W67/><G67/><AGARI ba="0,0" hai="9,12,19,56,57,62,63,64,67,88,90" m="24631" machi="67" ten="30,2000,0" yaku="8,1,54,1" doraHai="128" who="2" fromWho="3" sc="250,0,250,0,250,20,250,-20" /><INIT seed="1,0,0,5,4,122" ten="250,250,270,230" oya="1" hai0="109,0,117,5,131,94,22,123,127,89,9,121,25" hai1="90,133,132,91,82,126,107,80,2,124,61,51,59" hai2="86,130,111,128,14,114,103,45,101,26,115,70,125" hai3="21,81,118,6,96,135,1,44,46,73,12,36,84"/><U69/><E69/><V67/><F70/><W32/><G32/><T34/><D34/><U15/><E2/><V63/><F125/><N who="1" m="48233" /><E51/><V10/><F26/><W55/><G1/><T37/><D37/><U30/><E30/><V92/><F45/><W57/><G73/><T13/><D117/><U53/><E15/><V50/><F50/><W105/><G135/><N who="1" m="51786" /><E107/><V102/><F14/><W58/><G36/><T134/><D127/><U75/><E75/><V76/><F10/><W85/><G118/><T19/><D134/><U71/><E71/><V64/><F63/><W100/><G57/><T56/><D56/><U66/><E66/><V119/><F119/><W77/><G6/><T129/><D0/><U93/><E91/><V106/><F64/><W97/><G12/><T39/><D39/><U28/><E28/><V99/><F67/><W88/><G21/><T24/><D24/><U41/><E41/><V68/><F68/><W18/><G18/><T120/><D109/><U48/><E61/><V83/><F111/><W78/><G105/><T38/><D38/><U113/><E113/><N who="2" m="43019" /><F106/><W72/><G46/><T112/><D112/><U54/><E53/><V42/><F42/><W35/><G44/><T27/><D27/><U20/><E20/><V95/><F92/><W7/><G35/><T60/><D60/><U110/><E110/><V29/><F29/><W79/><G7/><T31/><D31/><U108/><E108/><V17/><F17/><W11/><G11/><T104/><D104/><U23/><E23/><V49/><F49/><W43/><G43/><T8/><D8/><RYUUKYOKU ba="0,0" sc="250,10,250,10,270,10,230,-30" hai0="5,9,13,19,22,25,89,94,120,121,123,129,131" hai1="48,54,59,80,82,90,93" hai2="76,83,86,95,99,101,102,103,128,130" /><INIT seed="1,1,0,0,1,34" ten="260,260,280,200" oya="1" hai0="5,38,111,22,28,115,108,92,56,90,100,50,133" hai1="95,48,106,1,61,32,35,63,39,40,30,130,7" hai2="66,127,84,65,15,6,4,62,36,81,68,67,10" hai3="73,104,75,110,99,42,105,123,49,47,128,70,89"/><U45/><E106/><V18/><F36/><W72/><G123/><T135/><D38/><U98/><E130/><V122/><F122/><W20/><G70/><T119/><D119/><U0/><E7/><V8/><F127/><W88/><G128/><T107/><D107/><U97/><E97/><V77/><REACH who="2" step="1"/><F18/><REACH who="2" ten="260,260,270,200" step="2"/><W53/><G110/><T102/><D111/><U76/><E39/><V69/><F69/><W117/><G117/><T58/><D108/><U74/><E30/><V29/><F29/><W31/><G31/><T91/><D115/><U24/><E35/><V126/><F126/><W83/><G105/><T11/><D28/><U109/><E109/><V87/><F87/><W55/><G104/><T59/><D133/><U17/><E32/><V94/><F94/><N who="3" m="56775" /><G75/><T25/><D135/><U85/><E74/><V21/><F21/><W121/><G73/><T71/><D71/><U112/><E112/><V113/><F113/><W60/><G121/><T46/><D92/><U64/><E17/><V114/><F114/><W132/><G72/><T93/><D93/><U120/><E120/><V80/><F80/><W44/><G132/><T131/><D131/><U12/><E85/><V16/><F16/><W37/><G20/><T86/><D86/><U3/><E98/><V78/><F78/><W33/><G83/><T27/><D22/><U103/><E95/><V116/><F116/><W57/><G33/><T118/><D118/><U43/><E76/><V41/><F41/><W13/><G89/><T14/><D91/><U23/><E43/><V26/><F26/><N who="0" m="9738" /><D90/><U54/><E103/><RYUUKYOKU ba="1,1" sc="260,10,260,-30,270,10,200,10" hai0="5,11,14,46,50,56,58,59,100,102" hai2="4,6,8,10,15,62,65,66,67,68,77,81,84" hai3="13,37,42,44,47,49,53,55,57,60" /><INIT seed="2,2,1,2,4,103" ten="270,230,280,210" oya="2" hai0="39,17,37,121,5,62,3,21,68,101,128,47,85" hai1="48,10,83,106,98,15,105,77,72,12,56,95,58" hai2="71,16,123,32,53,114,30,24,100,11,55,126,97" hai3="79,110,107,28,63,69,129,38,135,80,113,133,87"/><V7/><F71/><W112/><G38/><T25/><D121/><U134/><E15/><V92/><F126/><W74/><G28/><T22/><D128/><U130/><E130/><V50/><F114/><N who="3" m="44139" /><G129/><T67/><D101/><U81/><E81/><V65/><F123/><W122/><G122/><T14/><D3/><U96/><E96/><V45/><F65/><N who="3" m="41151" /><G110/><T60/><D60/><U18/><E134/><N who="3" m="51210" /><G87/><T132/><D132/><U29/><E29/><V57/><F16/><W31/><G31/><T116/><D116/><U94/><E94/><V0/><REACH who="2" step="1"/><F57/><REACH who="2" ten="270,230,270,210" step="2"/><W127/><G127/><T73/><D68/><U76/><E58/><V78/><F78/><W111/><G111/><T23/><D67/><U61/><E77/><V90/><F90/><W124/><G124/><T41/><D17/><U27/><E27/><V125/><F125/><W66/><G66/><T75/><D5/><U8/><E8/><V2/><F2/><W54/><G54/><AGARI ba="2,2" hai="0,7,11,24,30,32,45,50,53,54,55,92,97,100" machi="54" ten="30,2900,0" yaku="1,1,7,1,53,0" doraHai="103" doraHaiUra="70" who="2" fromWho="3" sc="270,0,230,0,270,55,210,-35" /><INIT seed="2,3,0,5,4,60" ten="270,230,325,175" oya="2" hai0="123,93,90,127,7,63,64,32,75,124,16,59,112" hai1="26,77,82,71,12,11,36,44,111,1,48,130,98" hai2="79,56,39,109,121,58,88,85,17,20,38,24,0" hai3="2,86,81,3,13,33,76,65,129,118,100,50,69"/><V125/><F0/><W9/><G118/><T74/><D32/><U126/><E36/><V128/><F121/><W31/><G129/><T66/><D7/><U114/><E1/><V106/><F106/><W41/><G100/><T43/><D43/><U49/><E114/><V80/><F128/><W117/><G117/><T103/><D103/><U57/><E130/><V68/><F68/><W6/><G31/><T54/><D123/><U91/><E71/><V14/><F125/><N who="0" m="48202" /><D112/><U18/><E126/><V30/><F109/><W67/><G33/><T47/><D47/><U37/><E37/><V120/><F120/><W29/><G29/><T19/><D75/><U78/><E111/><V5/><F5/><W119/><G119/><T102/><D102/><U62/><E49/><V110/><F110/><W21/><G69/><T53/><D53/><U72/><E26/><V51/><F79/><W96/><G96/><N who="0" m="57399" /><D74/><U108/><E108/><V97/><F97/><W52/><G41/><T34/><D34/><U27/><E27/><V40/><F39/><W8/><G3/><T94/><D94/><U101/><E91/><V132/><F38/><W133/><G21/><T95/><D95/><U116/><E116/><V55/><F40/><W83/><G83/><T134/><D134/><U115/><E115/><V35/><F132/><W99/><G99/><T22/><D19/><U28/><E28/><V113/><F113/><W70/><G133/><T15/><AGARI ba="3,0" hai="15,16,22,54,59,63,64,66" m="57399,48202" machi="15" ten="30,7900,0" yaku="18,1,52,2,54,1" doraHai="60" who="0" fromWho="0" sc="270,88,230,-23,325,-42,175,-23" /><INIT seed="3,0,0,4,5,41" ten="358,207,283,152" oya="3" hai0="81,70,64,40,84,52,116,1,76,117,43,92,31" hai1="71,21,22,5,53,120,94,50,30,15,58,6,79" hai2="0,18,61,118,39,28,128,88,74,17,14,66,69" hai3="46,105,86,109,108,48,98,24,126,113,110,36,33"/><W90/><G113/><T25/><D1/><U119/><E120/><V55/><F0/><W87/><G36/><T27/><D70/><U8/><E71/><V34/><F74/><W16/><G126/><T29/><D64/><U56/><E119/><V93/><F128/><W111/><N who="3" m="28160" /><DORA hai="130" /><W26/><G33/><T45/><D92/><U112/><E112/><V65/><F118/><W135/><G135/><T73/><D43/><U122/><E122/><V32/><F39/><W72/><G72/><T10/><D10/><U114/><E114/><V3/><F3/><W101/><G90/><T96/><D96/><U123/><E123/><V97/><F65/><W44/><G24/><T127/><D127/><U133/><E133/><V20/><F28/><W75/><G75/><T2/><D2/><U89/><E79/><V7/><F7/><W129/><G129/><T134/><D134/><U62/><E6/><V9/><REACH who="2" step="1"/><F55/><REACH who="2" ten="358,207,273,152" step="2"/><N who="3" m="30087" /><G46/><T47/><D47/><U124/><E124/><V100/><F100/><W68/><G68/><T77/><D73/><U11/><E30/><V49/><F49/><W121/><G121/><T95/><D31/><U99/><REACH who="1" step="1"/><E11/><REACH who="1" ten="358,197,273,152" step="2"/><V132/><F132/><W42/><G42/><T51/><D29/><U67/><AGARI ba="0,2" hai="5,8,15,21,22,50,53,56,58,62,67,89,94,99" machi="67" ten="20,12000,2" yaku="1,1,2,1,0,1,7,1,8,1,53,1" doraHai="41,130" doraHaiUra="106,91" who="1" fromWho="1" sc="358,-30,197,140,273,-30,152,-60" /><INIT seed="4,0,0,4,1,118" ten="328,337,243,92" oya="0" hai0="109,112,35,102,96,51,31,74,0,58,79,122,42" hai1="70,88,94,13,65,34,4,47,82,90,135,129,45" hai2="26,56,132,125,57,53,44,81,117,30,63,93,11" hai3="128,100,24,124,16,105,29,113,38,116,1,110,39"/><T71/><D71/><U106/><E34/><V5/><F117/><W80/><G116/><T6/><D112/><U17/><E106/><V40/><F125/><W85/><G113/><T54/><D109/><U89/><E4/><V115/><F132/><W8/><G110/><T99/><D122/><U134/><E129/><V25/><F115/><W104/><G128/><T69/><D69/><U55/><E82/><V130/><F130/><W95/><G124/><T22/><D35/><U43/><E55/><V18/><F81/><W2/><G2/><T36/><D31/><U23/><E94/><V83/><F83/><W75/><G75/><T21/><D96/><U97/><E97/><V67/><F18/><W60/><G60/><T86/><D86/><U48/><E47/><V133/><F133/><N who="1" m="50697" /><E70/><V7/><F11/><W76/><G104/><T9/><D79/><U77/><E65/><V107/><F107/><W84/><G105/><T131/><D74/><U91/><E91/><V108/><F108/><W111/><G111/><T15/><D131/><U114/><E114/><V61/><F93/><W103/><G1/><T19/><D42/><U101/><E101/><V12/><F12/><N who="3" m="7175" /><G100/><T62/><D36/><U73/><E73/><V52/><F26/><W126/><G126/><T68/><D68/><U119/><E119/><V78/><F78/><AGARI ba="0,0" hai="13,17,23,43,45,48,77,78,88,89,90" m="50697" machi="78" ten="30,2000,0" yaku="20,1,54,1" doraHai="118" who="1" fromWho="2" sc="328,0,337,20,243,-20,92,0" /><INIT seed="5,0,0,5,1,65" ten="328,357,223,92" oya="1" hai0="30,127,120,112,52,104,22,107,70,85,36,101,37" hai1="135,75,109,34,28,63,56,102,92,20,18,72,114" hai2="113,26,94,39,8,98,131,0,76,128,25,93,84" hai3="32,59,6,103,11,51,125,14,80,3,67,55,13"/><U123/><E123/><V64/><F39/><W35/><G125/><T119/><D119/><U42/><E34/><V111/><F111/><W38/><G38/><T96/><D107/><U74/><E42/><V97/><F64/><W122/><G122/><T124/><D112/><U68/><E109/><V100/><F0/><W43/><G103/><T10/><D10/><U4/><E4/><V86/><F8/><W91/><G43/><T126/><D120/><U110/><E110/><V5/><F5/><W118/><G118/><T121/><D85/><U47/><E47/><V15/><F15/><W81/><G35/><T9/><D9/><U66/><E114/><V48/><F48/><W27/><G3/><T12/><D121/><U16/><E135/><V89/><F113/><W71/><G13/><T88/><D88/><U21/><E21/><V40/><F40/><W61/><REACH who="3" step="1"/><G91/><REACH who="3" ten="328,357,223,82" step="2"/><T33/><D33/><U53/><E102/><N who="2" m="60719" /><F26/><W45/><G45/><T132/><D12/><U105/><E105/><N who="2" m="63639" /><F25/><W106/><G106/><T95/><D104/><U17/><E92/><V44/><F44/><W130/><G130/><N who="2" m="49705" /><F76/><W78/><G78/><T69/><D37/><U29/><REACH who="1" step="1"/><E20/><REACH who="1" ten="328,347,223,82" step="2"/><V54/><F94/><W41/><G41/><T77/><D95/><U79/><E79/><V49/><F89/><W24/><G24/><N who="0" m="16663" /><D77/><U31/><E31/><AGARI ba="0,2" hai="6,11,14,27,31,32,51,55,59,61,67,71,80,81" machi="31" ten="40,5200,0" yaku="1,1,52,1,53,1" doraHai="65" doraHaiUra="50" who="3" fromWho="1" sc="328,0,347,-52,223,0,82,72" /><INIT seed="6,0,0,3,4,114" ten="328,295,223,154" oya="2" hai0="100,27,56,79,130,110,53,43,83,29,3,76,48" hai1="41,63,84,77,7,101,34,74,54,65,59,62,23" hai2="20,1,26,61,16,85,126,42,97,38,37,92,33" hai3="22,94,99,19,21,91,120,57,30,96,86,11,121"/><V75/><F75/><W4/><G121/><T134/><D110/><U124/><E74/><V14/><F1/><W98/><G120/><T102/><D3/><U10/><E34/><V66/><F126/><W58/><G30/><T49/><D130/><U6/><E124/><V39/><F85/><W87/><G87/><N who="0" m="48615" /><D79/><U128/><E128/><V31/><F42/><W24/><REACH who="3" step="1"/><G22/><REACH who="3" ten="328,295,223,144" step="2"/><N who="0" m="15607" /><D134/><U127/><E127/><V64/><REACH who="2" step="1"/><F61/><REACH who="2" ten="328,295,213,144" step="2"/><W5/><G5/><T113/><D113/><U73/><E6/><V52/><F52/><W60/><G60/><T9/><D43/><U111/><E41/><V44/><F44/><W132/><G132/><T106/><D53/><U35/><E73/><V13/><F13/><AGARI ba="0,2" hai="4,11,13,19,21,24,57,58,86,91,94,96,98,99" machi="13" ten="40,5200,0" yaku="1,1,8,1,53,1" doraHai="114" doraHaiUra="12" who="3" fromWho="2" sc="328,0,295,0,213,-52,144,72" /><INIT seed="7,0,0,5,0,130" ten="328,295,161,216" oya="3" hai0="88,118,23,81,30,129,83,122,2,99,115,4,100" hai1="10,66,120,98,46,125,15,105,135,127,41,72,39" hai2="106,104,44,133,6,12,36,34,52,123,62,51,60" hai3="42,14,17,87,101,128,57,11,54,53,3,61,28"/><W67/><G128/><T108/><D108/><U75/><E120/><V47/><F123/><W112/><G112/><T65/><D122/><U107/><E66/><V16/><F34/><W92/><G3/><T79/><D115/><U86/><E86/><V70/><F6/><W69/><G42/><T43/><D43/><U5/><E98/><V31/><F31/><W33/><G69/><T71/><D4/><U93/><E93/><V82/><F82/><W85/><G33/><T37/><D37/><U25/><E25/><V22/><F70/><W90/><G87/><T63/><D2/><U91/><E91/><V13/><F13/><W77/><G77/><T64/><D64/><U26/><E26/><V94/><F94/><N who="3" m="54607" /><G28/><T9/><D9/><U56/><E56/><V73/><F73/><W84/><G84/><T40/><D40/><U29/><E29/><V124/><F124/><W132/><G132/><T59/><D71/><U110/><E110/><V38/><F44/><W131/><G131/><T95/><D118/><U117/><E117/><V78/><F78/><W19/><G19/><T32/><D32/><U27/><E135/><V102/><F133/><W113/><G113/><T20/><D30/><U80/><E80/><V76/><F76/><W0/><G0/><T103/><D129/><U126/><REACH who="1" step="1"/><E27/><REACH who="1" ten="328,285,161,216" step="2"/><V45/><F45/><W18/><G92/><T8/><D83/><U49/><E49/><V97/><REACH who="2" step="1"/><F106/><AGARI ba="0,1" hai="5,10,15,39,41,46,72,75,105,106,107,125,126,127" machi="106" ten="50,8000,1" yaku="1,1,18,1,53,3" doraHai="130" doraHaiUra="134" who="1" fromWho="2" sc="328,0,285,90,161,-80,216,0" owari="328,13.0,375,47.0,81,-42.0,216,-18.0" /></mjloggm>