<mjloggm ver="2.3"><GO type="169" lobby="0"/><UN n0="%E5%B0%8F%E7%AC%A0%E5%8E%9F%E7%89%B9%E6%80%A5" n1="%E3%83%91%E3%83%B3%E5%8D%93%E3%81%AE%E6%94%AF%E9%85%8D%E8%80%85" n2="%E3%82%A6%E3%83%AB%E3%83%88%E3%83%A9%E7%AB%8B%E7%9B%B4" n3="%E3%81%BD%E3%81%BF%E3%82%85" dan="16,17,17,16" rate="2083.74,2130.31,2182.19,2064.15" sx="F,M,M,F"/><TAIKYOKU oya="0"/><INIT seed="0,0,0,4,1,36" ten="250,250,250,250" oya="0" hai0="32,52,95,112,10,46,97,71,57,50,68,126,59" hai1="109,31,65,35,37,54,13,117,1,101,44,2,11" hai2="120,115,116,99,4,76,18,70,100,16,73,93,79" hai3="114,24,22,3,74,91,125,30,38,15,110,80,85"/><T40/><D32/><U20/><E117/><V96/><F70/><W60/><G3/><T124/><D112/><U88/><E101/><V121/><F4/><W108/><G114/><T87/><D87/><U7/><E65/><V119/><F73/><W39/><G74/><T75/><D75/><U21/><E109/><N who="3" m="42090" /><G125/><N who="0" m="48235" /><D10/><U0/><E54/><V43/><F115/><W6/><G60/><N who="0" m="35879" /><D59/><U81/><E35/><V78/><F121/><W53/><G53/><T5/><D5/><U129/><E2/><V48/><F120/><W58/><G58/><T111/><D111/><U8/><E1/><V98/><F119/><W66/><G66/><T28/><D28/><U84/><E31/><V55/><F116/><W19/><G6/><T133/><D133/><U67/><E67/><V134/><F55/><W41/><G41/><T122/><D122/><U42/><E129/><V113/><F134/><W27/><G30/><T29/><D29/><U103/><E103/><AGARI ba="0,0" hai="40,46,50,68,71,95,97,103" m="35879,48235" machi="103" ten="30,5800,0" yaku="18,1,52,1,54,1" doraHai="36" who="0" fromWho="1" sc="250,58,250,-58,250,0,250,0" /><INIT seed="0,1,0,3,3,14" ten="308,192,250,250" oya="0" hai0="19,125,60,40,24,98,58,108,17,101,45,18,61" hai1="53,57,74,2,130,20,59,11,89,103,42,16,52" hai2="95,21,79,51,80,135,27,115,104,119,46,117,68" hai3="123,50,44,34,100,92,78,110,120,113,122,131,99"/><T30/><D125/><U28/><E74/><V25/><F104/><W96/><G34/><T43/><D108/><U83/><E130/><V82/><F68/><W121/><G113/><T9/><D9/><U5/><E42/><N who="0" m="15913" /><D45/><U63/><E103/><V97/><F135/><W31/><G31/><T106/><D106/><U102/><E102/><V111/><F111/><W6/><G6/><T112/><D112/><U132/><E132/><V64/><F64/><W90/><G50/><T75/><D75/><U4/><E28/><V66/><F66/><W13/><G44/><T72/><D72/><U91/><E83/><V62/><F51/><W109/><G13/><T26/><D30/><U86/><E86/><V8/><F8/><W77/><N who="3" m="30720" /><DORA hai="1" /><W22/><G22/><T41/><D41/><U10/><E59/><V35/><F21/><W56/><G56/><T127/><D127/><U7/><E53/><V93/><F46/><W36/><G131/><T76/><D76/><N who="3" m="29289" /><G36/><T94/><D60/><U124/><E124/><V15/><F62/><W105/><AGARI ba="1,0" hai="90,92,96,99,100,105,109,110" m="29289,30720" machi="105" ten="60,7900,0" yaku="13,1,34,2" doraHai="14,1" who="3" fromWho="3" sc="308,-40,192,-21,250,-21,250,82" /><INIT seed="1,0,0,5,3,76" ten="268,171,229,332" oya="1" hai0="30,82,49,74,96,68,108,15,58,57,110,62,130" hai1="21,0,135,123,8,105,90,52,37,86,46,125,131" hai2="50,109,102,43,89,41,121,13,63,19,14,85,115" hai3="97,107,40,56,64,81,42,88,126,60,17,3,61"/><U65/><E123/><V11/><F109/><N who="0" m="42090" /><D130/><U18/><E105/><V99/><F121/><W9/><G126/><T122/><D122/><U1/><E65/><V67/><F50/><W66/><G107/><T10/><D30/><U69/><E69/><V79/><F79/><W2/><G2/><T4/><D96/><U101/><E101/><V38/><F38/><W5/><G17/><T6/><D49/><U53/><E125/><V54/><F54/><W128/><G128/><T98/><D98/><U22/><E131/><V116/><F116/><W25/><G25/><T59/><D68/><U51/><E37/><V12/><F12/><W91/><G91/><T29/><D29/><U103/><E103/><V106/><F14/><W133/><G133/><T77/><D4/><U129/><E129/><V117/><F117/><W27/><G27/><T16/><D6/><U71/><E71/><V33/><F33/><W83/><G42/><T24/><D24/><U93/><E135/><V34/><F34/><W104/><G40/><T94/><D94/><U127/><E127/><V113/><F113/><W28/><G28/><T75/><D75/><U132/><E132/><V80/><REACH who="2" step="1"/><F115/><REACH who="2" ten="268,171,219,332" step="2"/><W87/><G66/><AGARI ba="0,1" hai="10,15,16,57,58,59,62,66,74,77,82" m="42090" machi="66" ten="30,3900,0" yaku="14,1,52,1,54,1" doraHai="76" who="0" fromWho="3" sc="268,49,171,0,219,0,332,-39" /><INIT seed="2,0,0,3,5,125" ten="317,171,219,293" oya="2" hai0="89,120,46,1,109,40,49,36,60,68,25,43,51" hai1="39,29,97,42,45,95,121,41,103,31,64,12,65" hai2="72,131,58,93,9,133,50,114,62,32,4,74,117" hai3="61,3,13,101,70,33,69,76,0,24,105,124,132"/><V71/><F32/><W78/><G124/><T47/><D1/><U56/><E121/><V18/><F117/><W59/><G132/><T20/><D120/><U94/><E42/><V80/><F114/><W130/><G13/><T28/><D109/><U16/><E94/><V11/><F133/><W134/><G134/><T7/><D7/><U21/><REACH who="1" step="1"/><E56/><REACH who="1" ten="317,161,219,293" step="2"/><V19/><F93/><W99/><G59/><T81/><D43/><U88/><E88/><V115/><F58/><W91/><G91/><T6/><D89/><U44/><E44/><V108/><F108/><W113/><G70/><T27/><D47/><U23/><E23/><V2/><F71/><W90/><G90/><T128/><D20/><U10/><E10/><V87/><F11/><W92/><G113/><T54/><D46/><U111/><E111/><V5/><F9/><W8/><G92/><T66/><D40/><U55/><E55/><V53/><F53/><W86/><G8/><T107/><D54/><U73/><E73/><V118/><F74/><W52/><G52/><T104/><D68/><U100/><E100/><V35/><F72/><W135/><G135/><T34/><D104/><U75/><E75/><V129/><F5/><W82/><G76/><T38/><D107/><U119/><E119/><V48/><F4/><W85/><G3/><T110/><D110/><U123/><E123/><V116/><F2/><W96/><G0/><T98/><D6/><U102/><E102/><V83/><F115/><W14/><G105/><T30/><D38/><U122/><E122/><V126/><F116/><W84/><G101/><RYUUKYOKU ba="0,1" sc="317,-10,161,30,219,-10,293,-10" hai1="12,16,21,29,31,39,41,45,64,65,95,97,103" /><INIT seed="3,1,1,0,0,3" ten="307,191,209,283" oya="3" hai0="27,20,127,28,44,120,10,63,102,9,88,101,94" hai1="92,13,43,41,129,78,86,100,29,93,32,34,89" hai2="1,90,2,54,68,36,17,0,84,115,116,38,8" hai3="45,15,73,114,81,49,25,40,55,135,52,132,133"/><W130/><G114/><T22/><D120/><U39/><E39/><V50/><F68/><W7/><G130/><T53/><D127/><U134/><E134/><V119/><F115/><W117/><G117/><T83/><D83/><U23/><E34/><V113/><F113/><W75/><G25/><N who="0" m="16439" /><D102/><U125/><E32/><V85/><F85/><W24/><G24/><T64/><D101/><U11/><E125/><V57/><F38/><W103/><G103/><T18/><D64/><U14/><E78/><V42/><F42/><N who="1" m="15881" /><E129/><V107/><F107/><W51/><G81/><T56/><D44/><U91/><E100/><V60/><F60/><W30/><G30/><T19/><D19/><N who="1" m="10743" /><E29/><V98/><F36/><W105/><G105/><T70/><D70/><U21/><E21/><V122/><F122/><W124/><G124/><T74/><D74/><N who="3" m="28169" /><G51/><T47/><D47/><U48/><E48/><V62/><F50/><W26/><G26/><T106/><D106/><U72/><E72/><V31/><F31/><W97/><G97/><AGARI ba="1,1" hai="9,10,18,20,27,53,56,63,88,94,97" m="16439" machi="97" ten="30,3900,0" yaku="25,1,8,1,54,1" doraHai="3" who="0" fromWho="3" sc="307,52,191,0,209,0,283,-42" /><INIT seed="4,0,0,0,1,128" ten="359,191,209,241" oya="0" hai0="43,54,24,61,7,77,103,63,108,22,90,79,74" hai1="37,94,127,135,20,1,6,110,58,121,70,45,81" hai2="122,4,91,31,14,18,68,10,105,130,112,26,8" hai3="35,13,50,125,16,78,84,86,99,101,47,21,88"/><T41/><D103/><U53/><E70/><V107/><F68/><W72/><G125/><T23/><D7/><U132/><E121/><V36/><F36/><W89/><G35/><T92/><D74/><U96/><E127/><V12/><F122/><W42/><G72/><T27/><D108/><U119/><E119/><V73/><F73/><W28/><G28/><T55/><D90/><U17/><E81/><V104/><F130/><W57/><G57/><T123/><D123/><U80/><E80/><V129/><F129/><W64/><G64/><T40/><D40/><N who="1" m="22671" /><E6/><V124/><F124/><W95/><G78/><T120/><D120/><U85/><E85/><AGARI ba="0,0" hai="13,16,21,42,47,50,84,85,86,88,89,95,99,101" machi="85" ten="40,5200,0" yaku="8,1,54,2" doraHai="128" who="3" fromWho="1" sc="359,0,191,-52,209,0,241,52" /><INIT seed="5,0,0,2,3,67" ten="359,139,209,293" oya="1" hai0="101,96,28,75,79,102,50,81,15,131,93,83,18" hai1="47,87,37,112,120,125,105,90,89,27,29,61,85" hai2="3,21,17,0,68,55,95,11,97,88,84,104,2" hai3="132,114,73,69,94,36,24,48,77,91,16,25,106"/><U52/><E120/><V70/><F11/><W20/><G36/><T51/><D28/><U118/><E118/><V5/><F5/><W13/><G106/><T103/><D131/><U122/><E105/><V74/><F74/><W113/><G132/><T4/><D4/><U123/><E112/><N who="3" m="43114" /><G48/><T31/><D31/><U100/><E100/><V49/><F97/><N who="3" m="57567" /><G69/><T14/><D14/><U128/><E128/><V71/><F104/><W129/><G129/><T80/><D79/><U53/><E125/><V46/><REACH who="2" step="1"/><F0/><REACH who="2" ten="359,139,199,293" step="2"/><W42/><G73/><T59/><D75/><U33/><E122/><V39/><F39/><W23/><G42/><T19/><D96/><U121/><E121/><V99/><F99/><W133/><G133/><T35/><D103/><U115/><E115/><V10/><F10/><N who="3" m="6199" /><G77/><T32/><D102/><U12/><E123/><V78/><F78/><W117/><G117/><T119/><D101/><U38/><E38/><V109/><F109/><W111/><G111/><T22/><D119/><U9/><E37/><V64/><F64/><W130/><G130/><T76/><D76/><U7/><E47/><V116/><F116/><W134/><G134/><T41/><D41/><U60/><E60/><V26/><AGARI ba="0,1" hai="2,3,17,21,26,46,49,55,68,70,71,84,88,95" machi="26" ten="30,12000,2" yaku="1,1,0,1,52,3,54,1,53,0" doraHai="67" doraHaiUra="92" who="2" fromWho="2" sc="359,-30,139,-60,199,130,293,-30" /><INIT seed="6,0,0,4,2,13" ten="329,79,329,263" oya="2" hai0="127,115,81,29,12,57,121,40,27,85,25,65,6" hai1="11,53,131,88,44,95,111,49,41,1,89,68,5" hai2="82,102,7,47,64,55,48,76,108,78,91,24,58" hai3="70,72,50,37,19,46,109,80,59,134,26,62,4"/><V71/><F108/><W33/><G109/><T56/><D121/><U75/><E111/><V23/><F102/><W52/><G134/><T122/><D122/><U86/><E68/><V97/><F71/><W36/><G4/><T133/><D115/><U38/><E131/><V21/><F7/><W39/><G70/><T67/><D127/><U114/><E114/><V17/><F64/><N who="0" m="24650" /><D40/><U77/><E86/><N who="2" m="50647" /><F97/><W22/><G33/><T123/><D133/><U124/><E95/><V83/><F83/><W20/><G72/><T79/><D29/><U94/><E94/><V135/><F135/><W99/><G99/><T129/><D129/><U61/><E61/><N who="2" m="36063" /><F23/><W117/><G117/><T14/><D123/><U104/><E104/><V69/><F69/><W74/><G74/><T101/><D101/><U0/><E0/><V10/><F10/><W31/><G80/><T100/><D100/><U28/><E28/><V51/><F51/><W105/><G105/><T87/><D87/><U112/><E112/><V128/><F128/><W32/><REACH who="3" step="1"/><G19/><REACH who="3" ten="329,79,329,253" step="2"/><T98/><D98/><U130/><E130/><V54/><AGARI ba="0,1" hai="17,21,24,47,48,54,76,78" m="36063,50647" machi="54" ten="30,3000,0" yaku="8,1,52,1" doraHai="13" who="2" fromWho="2" sc="329,-10,79,-10,329,40,253,-10" /><INIT seed="6,1,0,4,0,17" ten="319,69,369,243" oya="2" hai0="134,10,67,91,31,27,128,44,83,36,65,109,88" hai1="121,89,18,113,108,33,11,2,100,53,68,56,117" hai2="115,49,111,54,9,4,86,97,58,98,25,106,127" hai3="47,34,110,12,70,48,52,124,59,8,93,81,96"/><V29/><F127/><W16/><G124/><T57/><D109/><U15/><E108/><V26/><F115/><W119/><G119/><T104/><D104/><U135/><E117/><V80/><F106/><W107/><G110/><T28/><D134/><U24/><E68/><V126/><F126/><W19/><G107/><T35/><D128/><U23/><E113/><V45/><F58/><W46/><G34/><T102/><D102/><U7/><E100/><V103/><F103/><W77/><G70/><T66/><D31/><U14/><E89/><V76/><F26/><W105/><G19/><T6/><D83/><U13/><E53/><V20/><REACH who="2" step="1"/><F111/><REACH who="2" ten="319,69,359,243" step="2"/><W94/><G105/><T133/><D57/><U123/><E56/><V61/><F61/><W72/><REACH who="3" step="1"/><G94/><REACH who="3" ten="319,69,359,233" step="2"/><T3/><REACH who="0" step="1"/><D133/><REACH who="0" ten="309,69,359,233" step="2"/><U30/><REACH who="1" step="1"/><E135/><REACH who="1" ten="309,59,359,233" step="2"/><RYUUKYOKU type="reach4" ba="1,4" sc="309,0,59,0,359,0,233,0" hai0="3,6,10,27,28,35,36,44,65,66,67,88,91" hai1="2,7,11,13,14,15,18,23,24,30,33,121,123" hai2="4,9,20,25,29,45,49,54,76,80,86,97,98" hai3="8,12,16,46,47,48,52,59,72,77,81,93,96" /><INIT seed="6,2,4,5,4,14" ten="309,59,359,233" oya="2" hai0="115,130,70,66,133,116,58,21,91,7,88,104,43" hai1="48,31,53,34,13,27,121,49,15,124,95,96,36" hai2="39,105,40,128,98,109,0,29,67,54,82,106,83" hai3="127,17,102,12,118,132,93,122,42,74,120,69,73"/><V25/><F0/><W30/><G69/><T4/><D70/><U24/><E36/><V87/><F67/><W101/><G118/><T59/><D104/><U3/><E3/><V125/><F40/><W123/><G30/><T79/><D116/><U51/><E124/><V126/><F39/><W45/><G127/><N who="2" m="48649" /><F109/><W90/><G132/><T72/><D133/><U78/><E78/><N who="2" m="46551" /><F98/><W60/><G60/><T112/><D130/><U11/><E96/><V103/><F103/><W33/><G33/><T19/><D43/><U110/><E53/><V38/><F38/><W80/><G102/><T61/><D59/><U44/><E110/><V47/><F83/><W84/><G101/><T28/><D112/><U35/><E44/><V65/><F65/><W5/><G80/><T99/><D99/><U22/><E121/><V1/><F1/><W10/><REACH who="3" step="1"/><G5/><REACH who="3" ten="309,59,359,223" step="2"/><T52/><D4/><U134/><E134/><V77/><F128/><W97/><G97/><T119/><D7/><U86/><E35/><N who="2" m="20911" /><F77/><W57/><G57/><T56/><D115/><U62/><E34/><V94/><F94/><W117/><G117/><T23/><D119/><U113/><E95/><V107/><F107/><W68/><G68/><T63/><D61/><U114/><E114/><V2/><F106/><W41/><G41/><T64/><D63/><U55/><E113/><V6/><F105/><W46/><G46/><T20/><D56/><N who="1" m="35103" /><E31/><V37/><F6/><W81/><G81/><T18/><D28/><U32/><E32/><V135/><F135/><W92/><G92/><T71/><D71/><U108/><E108/><RYUUKYOKU ba="2,5" sc="309,-10,59,-10,359,-10,223,30" hai3="10,12,17,42,45,73,74,84,90,93,120,122,123" /><INIT seed="7,3,5,0,4,69" ten="299,49,349,253" oya="3" hai0="11,80,121,76,103,104,20,111,54,29,33,28,41" hai1="18,21,87,114,75,101,82,50,65,12,125,26,123" hai2="91,30,61,24,122,4,94,93,19,9,70,71,109" hai3="105,32,10,88,52,132,31,64,110,39,92,6,129"/><W3/><G105/><T34/><D111/><U23/><E123/><V47/><F109/><W84/><G110/><T35/><D121/><U77/><E114/><V42/><F19/><W118/><G118/><T72/><D41/><U74/><E125/><V40/><F40/><W120/><G120/><T0/><D20/><U2/><E2/><V89/><F61/><W108/><G108/><T106/><D54/><U43/><E101/><V124/><F93/><W45/><G64/><T63/><D63/><U51/><E51/><V83/><F91/><W135/><G129/><T99/><REACH who="0" step="1"/><D106/><REACH who="0" ten="289,49,349,253" step="2"/><U38/><E65/><V78/><F122/><W16/><G39/><T27/><D27/><U62/><E62/><V58/><F24/><W90/><G32/><T1/><D1/><U48/><E48/><V81/><F30/><W134/><G31/><T68/><D68/><U7/><E23/><V37/><F70/><W128/><G128/><T116/><D116/><U46/><REACH who="1" step="1"/><E38/><REACH who="1" ten="289,39,349,253" step="2"/><V22/><F22/><W98/><G3/><T97/><D97/><U113/><E113/><V130/><F37/><W17/><G132/><T127/><D127/><U117/><E117/><V5/><F124/><W60/><G134/><T44/><D44/><U56/><E56/><V55/><F58/><N who="3" m="34887" /><G135/><T107/><D107/><U15/><E15/><V8/><F130/><W100/><G45/><T49/><D49/><U66/><E66/><V96/><F47/><W13/><G100/><T86/><D86/><U131/><E131/><V79/><F71/><W119/><G119/><T73/><D73/><U133/><E133/><RYUUKYOKU ba="3,7" sc="289,10,39,10,349,-30,253,10" hai0="0,11,28,29,33,34,35,72,76,80,99,103,104" hai1="7,12,18,21,26,43,46,50,74,75,77,82,87" hai3="6,10,13,16,17,84,88,90,92,98" /><INIT seed="7,4,7,1,5,53" ten="299,49,319,263" oya="3" hai0="95,114,44,10,43,56,18,31,58,66,127,112,121" hai1="113,8,5,86,101,15,13,116,49,106,97,123,3" hai2="87,126,23,52,64,46,124,79,2,76,0,1,29" hai3="11,109,84,67,4,55,96,98,9,54,48,17,105"/><W65/><G105/><T26/><D121/><U85/><E113/><N who="0" m="43625" /><D127/><N who="2" m="48682" /><F64/><N who="3" m="24651" /><G109/><T117/><D66/><U42/><E123/><V135/><F135/><W72/><G72/><T71/><D71/><U73/><E116/><V80/><F76/><W35/><G35/><N who="0" m="20983" /><D117/><U88/><E73/><V60/><F60/><W6/><G84/><T120/><D120/><U61/><E86/><V90/><F79/><W128/><G128/><T110/><D110/><U27/><E27/><N who="2" m="16639" /><F52/><N who="3" m="20011" /><G48/><N who="0" m="26655" /><D95/><U19/><E61/><V57/><F57/><W129/><G129/><T24/><D24/><U45/><REACH who="1" step="1"/><E19/><REACH who="1" ten="299,39,319,263" step="2"/><V99/><F99/><N who="3" m="37931" /><G17/><T30/><D30/><U102/><E102/><V37/><F46/><W130/><G130/><T51/><D51/><U118/><E118/><V32/><F37/><W75/><G75/><T107/><D107/><U132/><E132/><V21/><F32/><W69/><G69/><T14/><AGARI ba="4,8" hai="10,14,18,56,58" m="26655,20983,43625" machi="14" ten="30,7900,0" yaku="15,1,11,1,52,2" doraHai="53" who="0" fromWho="0" sc="299,171,39,-24,319,-24,263,-43" owari="470,56.0,15,-48.0,295,10.0,220,-18.0" /></mjloggm>