<mjloggm ver="2.3"><GO type="41" lobby="0"/><UN n0="%79%61%6D%61%67%61" n1="%79%75%31%33%30" n2="%E5%B0%B1%E6%B4%BB%E7%94%9F%40%E5%B7%9D%E6%9D%91%E8%BB%8D%E5%9B%A3" n3="%E3%81%AA%E3%82%8A%E3%81%B6%E3%83%BC%E3%80%82" dan="14,14,15,14" rate="1915.94,1858.72,1952.48,1919.23" sx="M,M,M,M"/><TAIKYOKU oya="0"/><INIT seed="0,0,0,1,5,34" ten="250,250,250,250" oya="0" hai0="75,129,77,96,44,106,64,73,125,122,46,87,78" hai1="8,65,4,67,134,62,86,59,32,15,121,109,40" hai2="115,47,128,63,39,90,80,28,48,3,132,95,114" hai3="66,11,31,23,105,112,30,33,124,123,52,19,0"/><T37/><D64/><U81/><E109/><V51/><F39/><W99/><G123/><T98/><D37/><U58/><E134/><V84/><F132/><W16/><G112/><T133/><D133/><U14/><E32/><V22/><F128/><W83/><G19/><T1/><D129/><U107/><E107/><V72/><F3/><W135/><G66/><T108/><D108/><U20/><E40/><V111/><F111/><W36/><G36/><T29/><D29/><U13/><E121/><V5/><F5/><N who="3" m="1447" /><G135/><T18/><D18/><U91/><REACH who="1" step="1"/><E20/><REACH who="1" ten="250,240,250,250" step="2"/><V68/><F22/><W41/><G41/><T43/><D106/><U7/><E7/><V113/><F113/><W85/><G105/><T93/><D43/><U130/><E130/><V26/><F114/><W79/><G31/><T57/><D122/><U6/><E6/><V2/><F115/><W42/><G42/><T100/><D125/><U92/><E92/><V12/><F95/><W10/><G124/><T82/><D75/><U35/><E35/><V97/><F28/><W118/><G118/><T9/><D73/><U24/><E24/><V119/><F72/><W110/><G110/><T89/><D57/><U103/><E103/><V71/><F26/><W50/><G30/><T88/><D46/><U131/><E131/><V45/><F47/><W76/><G33/><T53/><D44/><U70/><E70/><V25/><F45/><N who="3" m="27727" /><G23/><T55/><D100/><U54/><E54/><V17/><F119/><W104/><G104/><T117/><D55/><U60/><AGARI ba="0,1" hai="4,8,13,14,15,58,59,60,62,65,67,81,86,91" machi="60" ten="30,7900,0" yaku="1,1,0,1,9,1,8,1,53,0" doraHai="34" doraHaiUra="69" who="1" fromWho="1" sc="250,-39,240,89,250,-20,250,-20" /><INIT seed="1,0,0,2,2,98" ten="211,329,230,230" oya="1" hai0="35,29,52,108,34,110,117,94,74,104,130,19,51" hai1="47,78,22,93,128,38,31,62,21,64,11,68,73" hai2="106,70,127,48,18,80,92,41,5,27,100,126,69" hai3="0,133,44,10,135,86,40,125,17,83,3,105,82"/><U111/><E128/><V103/><F106/><W56/><G105/><T55/><D130/><U119/><E119/><V1/><F1/><W131/><G56/><T33/><D104/><U120/><E120/><V95/><F5/><W66/><G66/><T14/><D74/><U20/><E111/><V81/><F27/><W26/><G131/><T85/><D117/><U13/><E93/><N who="2" m="35915" /><F18/><W124/><G83/><N who="2" m="31817" /><F48/><W102/><G102/><N who="2" m="38953" /><F41/><W59/><G0/><T116/><D116/><U36/><E31/><V43/><F43/><W46/><G3/><T8/><D29/><U96/><E38/><V132/><F132/><N who="3" m="50763" /><G40/><T37/><D37/><U77/><E36/><V99/><F99/><W15/><G26/><T16/><D110/><U24/><E96/><V67/><F67/><W25/><G25/><T7/><D108/><U97/><E97/><V65/><F65/><W114/><G114/><T49/><D35/><U53/><E24/><V122/><F122/><W2/><G2/><T6/><D33/><U61/><E64/><V58/><F58/><W72/><G59/><T9/><D34/><U89/><E73/><V57/><F57/><W88/><G72/><T84/><D51/><U76/><E68/><AGARI ba="0,0" hai="68,69,70,126,127" m="38953,31817,35915" machi="68" ten="40,8000,1" yaku="28,2,52,3" doraHai="98" who="2" fromWho="1" sc="211,0,329,-80,230,80,230,0" /><INIT seed="2,0,0,3,2,125" ten="211,249,310,230" oya="2" hai0="64,46,34,88,59,111,3,97,69,102,130,53,22" hai1="0,95,91,72,39,84,6,36,132,127,41,121,67" hai2="106,119,40,114,65,9,98,113,2,37,96,14,123" hai3="75,83,35,116,17,18,74,122,87,77,24,133,124"/><V20/><F119/><W43/><G116/><T71/><D34/><U109/><E109/><V55/><F123/><W10/><G122/><T117/><D3/><U78/><E127/><V89/><F65/><W101/><G124/><T76/><D76/><U15/><E15/><V25/><F2/><W63/><G18/><T26/><D111/><U79/><E132/><V48/><F40/><W4/><G133/><T50/><D117/><U68/><E121/><V105/><F37/><W47/><G63/><T92/><D130/><U38/><E67/><V131/><F131/><W28/><G17/><T33/><D33/><U32/><E32/><V62/><F62/><W66/><G66/><T21/><D21/><U52/><E68/><V31/><F98/><W27/><G101/><T85/><D59/><U82/><E78/><V128/><F128/><W5/><G5/><T1/><D64/><U81/><E81/><V29/><F29/><W56/><G56/><T135/><D1/><U80/><E80/><V110/><F110/><W100/><G100/><T107/><REACH who="0" step="1"/><D135/><REACH who="0" ten="201,249,310,230" step="2"/><U134/><E134/><V61/><F113/><W99/><G27/><T93/><D93/><U12/><E0/><V108/><F114/><W70/><G70/><T8/><D8/><U23/><E23/><V104/><F108/><W73/><G35/><T54/><D54/><U49/><E52/><V13/><F9/><W86/><G10/><T45/><D45/><U129/><E129/><V16/><F55/><W120/><G120/><T58/><D58/><U94/><E79/><V126/><F126/><W118/><G77/><RYUUKYOKU ba="0,1" sc="201,30,249,-10,310,-10,230,-10" hai0="22,26,46,50,53,69,71,85,88,92,97,102,107" /><INIT seed="3,1,1,2,5,26" ten="231,239,300,220" oya="3" hai0="104,4,36,107,61,93,60,113,54,91,74,85,87" hai1="9,98,11,83,70,1,15,16,69,33,95,125,53" hai2="28,30,88,108,23,106,123,126,8,129,73,68,27" hai3="65,94,10,66,119,112,75,80,12,89,97,102,127"/><W18/><G119/><T5/><D36/><U67/><E125/><V72/><F106/><W99/><G127/><T128/><D74/><U34/><E83/><V3/><F68/><W82/><G112/><T13/><D113/><U122/><E122/><V0/><F126/><W51/><G82/><T77/><D128/><U90/><E69/><V29/><F129/><W64/><G97/><T132/><D132/><U40/><E40/><V2/><F123/><W43/><G75/><T31/><D13/><U48/><E67/><V42/><F42/><W59/><G80/><T24/><D107/><U105/><E70/><V120/><F120/><W114/><G114/><T96/><D104/><U14/><E105/><V20/><F108/><W79/><G79/><T133/><D133/><U118/><E1/><V110/><F110/><W46/><REACH who="3" step="1"/><G59/><REACH who="3" ten="231,239,300,210" step="2"/><T38/><D77/><U121/><E118/><V49/><F73/><W100/><AGARI ba="1,2" hai="10,12,18,43,46,51,64,65,66,89,94,99,100,102" machi="100" ten="30,11700,0" yaku="1,1,2,1,0,1,8,1,53,0" doraHai="26" doraHaiUra="56" who="3" fromWho="3" sc="231,-40,239,-40,300,-40,210,140" /><INIT seed="3,2,0,3,2,31" ten="191,199,260,350" oya="3" hai0="85,18,123,106,37,65,68,61,44,63,92,0,24" hai1="120,60,86,26,30,14,25,83,129,115,134,80,38" hai2="64,5,4,104,66,46,133,81,42,97,16,75,23" hai3="56,135,11,1,87,112,41,118,130,125,2,113,116"/><W114/><G41/><T103/><D0/><U33/><E38/><V107/><F133/><W100/><G135/><T73/><D73/><U108/><E108/><V34/><F34/><W74/><G74/><T95/><D123/><U9/><E120/><V32/><F32/><W48/><G48/><T110/><D106/><U127/><E134/><V20/><F75/><W126/><G56/><T62/><D110/><U102/><E115/><V98/><F81/><W78/><G78/><T109/><D109/><U91/><E129/><V49/><F23/><W10/><G87/><T12/><D24/><U15/><E127/><N who="3" m="48650" /><G100/><T69/><D95/><U67/><E102/><V89/><F107/><W47/><G47/><T7/><D7/><N who="2" m="2634" /><F104/><W35/><G35/><T36/><D44/><U50/><E50/><V121/><F121/><W119/><G130/><T58/><D63/><U17/><E26/><N who="2" m="14599" /><F89/><W29/><G29/><T59/><D85/><U19/><E83/><V111/><F111/><W96/><G96/><AGARI ba="2,0" hai="42,46,49,64,66,96,97,98" m="14599,2634" machi="96" ten="30,2000,0" yaku="8,1,54,1" doraHai="31" who="2" fromWho="3" sc="191,0,199,0,260,26,350,-26" /><INIT seed="4,0,0,0,0,108" ten="191,199,286,324" oya="0" hai0="43,21,20,120,32,13,118,111,57,60,127,93,38" hai1="96,65,61,4,102,29,31,71,91,36,87,112,86" hai2="82,79,119,104,3,48,77,124,94,133,54,23,5" hai3="2,123,113,132,15,114,55,122,84,74,131,28,53"/><T125/><D120/><N who="3" m="46121" /><G74/><T80/><D118/><U49/><E36/><V89/><F104/><W134/><G2/><T25/><D32/><U51/><E4/><V42/><F119/><W100/><G28/><T92/><D111/><U63/><E87/><V30/><F42/><W58/><G131/><T11/><D80/><U35/><E63/><V85/><F124/><N who="0" m="47690" /><D43/><U8/><E8/><V72/><F133/><N who="3" m="51307" /><G100/><T41/><D41/><U109/><E109/><V34/><F34/><W69/><G69/><T90/><D38/><U135/><E135/><V130/><F130/><W126/><G126/><T97/><D92/><U99/><E31/><V105/><F105/><W59/><G84/><T95/><D95/><U73/><E73/><V66/><F66/><W52/><G15/><T128/><D25/><U19/><E29/><V39/><F39/><W78/><G78/><T70/><D70/><U62/><E71/><V116/><F116/><W117/><G117/><T9/><D128/><U107/><E102/><V27/><F79/><W121/><N who="3" m="46129" /><W45/><DORA hai="1" /><G45/><T88/><D90/><U67/><E91/><V26/><F26/><W44/><G44/><T37/><D37/><U0/><E0/><V81/><F3/><W98/><G98/><T75/><D75/><U101/><E99/><V40/><F40/><W7/><G7/><N who="0" m="3263" /><D11/><U12/><E96/><V106/><F5/><W18/><G18/><T16/><D16/><U14/><E19/><V10/><F106/><W83/><G83/><T22/><D22/><U110/><E107/><V47/><F10/><W33/><G33/><RYUUKYOKU ba="0,0" sc="191,10,199,-30,286,10,324,10" hai0="20,21,57,60,88,93,97" hai2="23,27,30,47,48,54,72,77,81,82,85,89,94" hai3="52,53,55,58,59,113,114" /><INIT seed="4,1,0,1,4,6" ten="201,169,296,334" oya="0" hai0="45,19,3,17,62,48,9,33,84,125,100,103,25" hai1="89,105,78,112,113,108,16,99,46,57,4,118,8" hai2="51,88,20,114,69,11,32,37,13,26,12,2,129" hai3="75,95,58,22,71,7,121,107,81,104,92,91,60"/><T122/><D122/><U0/><E118/><V59/><F37/><W87/><G71/><T131/><D131/><U15/><E108/><V109/><F69/><W28/><G121/><T119/><D119/><U123/><E123/><V39/><F39/><W30/><G107/><T55/><D125/><U36/><E78/><V77/><F109/><W96/><G104/><T124/><D124/><U50/><E57/><V106/><F106/><W63/><G7/><T53/><D84/><U38/><E89/><V90/><F32/><W23/><G75/><T101/><D33/><U40/><E99/><V85/><F129/><W56/><G81/><T128/><D128/><U52/><E105/><V64/><F2/><W127/><G127/><T97/><D25/><U29/><E29/><N who="2" m="17607" /><F13/><W47/><G47/><T49/><D62/><U54/><E38/><V135/><F114/><N who="1" m="44137" /><E36/><V66/><F135/><W80/><G80/><T79/><D79/><U18/><E18/><N who="2" m="8479" /><F77/><W116/><G116/><T130/><D130/><U5/><E5/><V94/><F90/><N who="3" m="55319" /><G30/><T126/><D126/><U35/><E35/><V34/><F34/><W102/><G28/><T93/><D97/><U133/><E133/><V67/><F51/><W68/><G68/><T98/><D98/><U82/><E82/><V117/><F117/><W73/><G73/><T44/><D93/><U24/><E24/><V74/><F74/><W70/><G70/><T83/><D83/><U31/><E31/><V43/><F43/><W1/><G1/><T41/><D41/><U27/><E27/><V42/><F42/><W86/><G60/><AGARI ba="1,0" hai="59,60,64,66,67,85,88,94" m="8479,17607" machi="60" ten="30,7700,0" yaku="6,1,8,1,52,1,54,1" doraHai="6" who="2" fromWho="3" sc="201,0,169,0,296,80,334,-80" /><INIT seed="5,0,0,2,0,19" ten="201,169,376,254" oya="1" hai0="79,41,7,34,90,47,97,29,108,55,111,5,88" hai1="20,135,44,49,110,65,63,53,39,114,26,43,36" hai2="101,113,121,130,133,124,91,8,59,42,40,98,50" hai3="10,23,89,109,78,86,51,70,17,71,66,24,16"/><U131/><E114/><V56/><F121/><W100/><G100/><T105/><D79/><U33/><E33/><V83/><F113/><W6/><G109/><T62/><D29/><U52/><E110/><V94/><F130/><W95/><G17/><T134/><D34/><U12/><E12/><V11/><F124/><W58/><G78/><T38/><D134/><U72/><E72/><V67/><F133/><W103/><G103/><T120/><D120/><U92/><E135/><V106/><F67/><W1/><REACH who="3" step="1"/><G51/><REACH who="3" ten="201,169,376,244" step="2"/><T25/><D111/><U125/><E125/><V107/><F50/><W15/><G15/><T81/><D108/><U117/><E117/><V127/><F127/><W0/><G0/><T116/><D38/><U54/><E131/><V119/><F119/><W64/><G64/><T85/><D116/><U14/><E14/><V2/><F2/><W60/><AGARI ba="0,1" hai="1,6,10,16,23,24,58,60,66,70,71,86,89,95" machi="60" ten="30,8000,1" yaku="1,1,0,1,52,1,54,1,53,1" doraHai="19" doraHaiUra="84" who="3" fromWho="3" sc="201,-20,169,-40,376,-20,244,90" /><INIT seed="6,0,0,2,4,11" ten="181,129,356,334" oya="2" hai0="6,81,133,103,94,130,76,64,8,49,19,3,93" hai1="26,31,113,88,24,54,41,102,34,9,121,92,114" hai2="119,43,44,30,7,122,48,109,87,123,83,37,105" hai3="90,25,78,38,134,111,98,75,70,61,71,118,72"/><V52/><F105/><W56/><G118/><T82/><D133/><U127/><E121/><V62/><F119/><W73/><G134/><T35/><D130/><U29/><E127/><V117/><F117/><W128/><G111/><T13/><D35/><U63/><E102/><V85/><F109/><W69/><G38/><T14/><D64/><U32/><E41/><V51/><F30/><W116/><G116/><T0/><D0/><U131/><E131/><V120/><F7/><W46/><G46/><T1/><D81/><U125/><E125/><V21/><F21/><W15/><G25/><T59/><D94/><U10/><E63/><V17/><F17/><W5/><G90/><T18/><D6/><U20/><E54/><V112/><F112/><N who="1" m="43113" /><E88/><V23/><F23/><W60/><G98/><T2/><D93/><U16/><E92/><V104/><F104/><W67/><G128/><T4/><D103/><U110/><E110/><V84/><F83/><W74/><G78/><T135/><D135/><U89/><E89/><V12/><F12/><AGARI ba="0,0" hai="9,10,12,16,20,24,26,29,31,32,34" m="43113" machi="12" ten="30,8000,1" yaku="15,1,34,2,52,1,54,1" doraHai="11" who="1" fromWho="2" sc="181,0,129,80,356,-80,334,0" /><INIT seed="7,0,0,0,2,116" ten="181,209,276,334" oya="3" hai0="54,5,37,51,28,56,55,111,102,97,45,21,119" hai1="105,88,113,87,40,46,3,63,9,47,125,43,67" hai2="76,101,109,16,1,15,69,2,130,20,99,124,120" hai3="32,80,49,78,108,134,52,68,13,23,41,8,17"/><W38/><G108/><T107/><D111/><U27/><E105/><V131/><F109/><W0/><G68/><T128/><D128/><N who="2" m="49194" /><F69/><W62/><G134/><T36/><D119/><U31/><E125/><V11/><F76/><W24/><G62/><T127/><D127/><U71/><E113/><V42/><F42/><W73/><G0/><N who="2" m="105" /><F124/><W106/><G32/><T104/><D5/><U79/><E79/><V90/><F90/><W61/><G61/><T86/><D107/><U59/><E71/><V123/><F11/><W133/><G133/><T110/><D110/><U10/><E3/><V4/><F4/><W29/><G106/><AGARI ba="0,0" hai="15,16,20,99,101,106,120,123" m="105,49194" machi="106" ten="30,7700,0" yaku="19,1,52,2,54,1" doraHai="116" who="2" fromWho="3" sc="181,0,209,0,276,77,334,-77" owari="181,-32.0,209,-19.0,353,45.0,257,6.0" /></mjloggm>