<mjloggm ver="2.3"><GO type="169" lobby="0"/><UN n0="%E3%82%A6%E3%83%AB%E3%83%88%E3%83%A9%E7%AB%8B%E7%9B%B4" n1="%E3%82%AB%E3%83%AA%E3%83%95%E3%82%A9%E3%83%AB%E3%83%8B%E3%82%A2%E9%A2%A8" n2="%74%61%74%73%75%37%30%32" n3="%E3%81%A8%E3%82%8C%E3%82%82%E3%82%8D" dan="17,17,16,17" rate="2122.99,2123.15,2175.63,2179.90" sx="M,M,M,M"/><TAIKYOKU oya="0"/><INIT seed="0,0,0,1,2,81" ten="250,250,250,250" oya="0" hai0="84,51,104,95,99,114,33,31,106,121,8,25,113" hai1="117,60,118,16,41,109,96,87,129,48,29,20,39" hai2="14,43,5,82,10,22,69,7,100,66,116,40,122" hai3="19,110,21,24,18,88,86,89,131,64,57,47,97"/><T52/><D121/><U85/><E39/><V9/><F9/><W0/><BYE who="2" /><G0/><T134/><D134/><U133/><E133/><V53/><F53/><W72/><G72/><T74/><D74/><U125/><E29/><V32/><F32/><W35/><G35/><T108/><D108/><U68/><E109/><V101/><F101/><W58/><G131/><T6/><D104/><U54/><E129/><V28/><F28/><W23/><G47/><T11/><D106/><U83/><E125/><V27/><F27/><W42/><G42/><T1/><D8/><U93/><E83/><V63/><F63/><N who="3" m="37999" /><G58/><UN n2="%74%61%74%73%75%37%30%32" /><T37/><D37/><U128/><E128/><V12/><F116/><W3/><G3/><T4/><D4/><U123/><E123/><V13/><F122/><W36/><G36/><T49/><D49/><U55/><E118/><V103/><F7/><W130/><G130/><T38/><D38/><U78/><E78/><V65/><F69/><W70/><G70/><T127/><D127/><U61/><E117/><V119/><F119/><W77/><G97/><T15/><D1/><U2/><E2/><V112/><F112/><W126/><G126/><T124/><D124/><U17/><E17/><V107/><F107/><W98/><G98/><T56/><REACH who="0" step="1"/><D84/><REACH who="0" ten="240,250,250,250" step="2"/><N who="1" m="32331" /><E61/><V67/><F10/><W26/><G110/><T80/><D80/><AGARI ba="0,1" hai="18,19,21,23,24,26,77,80,86,88,89" m="37999" machi="80" ten="30,3900,0" yaku="8,1,52,1,54,1" doraHai="81" who="3" fromWho="0" sc="240,-39,250,0,250,0,250,49" /><INIT seed="1,0,0,3,0,48" ten="201,250,250,299" oya="1" hai0="5,11,108,106,45,102,107,56,50,87,135,128,104" hai1="121,60,4,94,91,120,37,22,89,125,42,21,101" hai2="95,113,118,38,55,27,85,90,98,57,66,103,16" hai3="69,23,54,80,116,134,36,20,63,71,96,117,79"/><U67/><E4/><V82/><F113/><W84/><G36/><T24/><D108/><U34/><E34/><V123/><F123/><W114/><G114/><T25/><D128/><U9/><E9/><V64/><F38/><W127/><G127/><T115/><D135/><U52/><E125/><V49/><F118/><N who="3" m="45675" /><G134/><T30/><D115/><U6/><E6/><V111/><REACH who="2" step="1"/><F111/><REACH who="2" ten="201,250,240,299" step="2"/><W131/><G131/><T26/><D30/><U31/><E31/><V129/><F129/><W86/><G69/><T33/><D33/><U18/><E121/><V15/><F15/><W43/><G71/><T17/><D17/><U19/><E19/><V133/><F133/><W14/><G14/><T8/><D5/><U81/><E18/><V59/><F59/><W73/><G73/><T3/><D56/><U7/><E37/><V132/><F132/><W65/><G20/><AGARI ba="0,1" hai="16,20,27,49,55,57,64,66,82,85,90,95,98,103" machi="20" ten="40,8000,1" yaku="1,1,8,1,52,1,54,1,53,0" doraHai="48" doraHaiUra="32" who="2" fromWho="3" sc="201,0,250,0,240,90,299,-80" /><INIT seed="2,0,0,0,1,45" ten="201,250,330,219" oya="2" hai0="126,108,10,88,129,70,18,76,54,130,23,14,71" hai1="83,109,59,82,98,60,29,127,132,118,61,31,97" hai2="100,24,115,119,111,65,58,4,120,5,85,102,121" hai3="93,27,20,41,133,39,67,73,37,89,32,116,1"/><V124/><F115/><W92/><G32/><T107/><D107/><U47/><E118/><V52/><F119/><W110/><G73/><T91/><D76/><U99/><E109/><V72/><F72/><W17/><G1/><T62/><D108/><U80/><E127/><V49/><F124/><W86/><G110/><T77/><D77/><U84/><E132/><V46/><F111/><W96/><G133/><T128/><D126/><U105/><E105/><V68/><F68/><N who="0" m="26154" /><D23/><U8/><E84/><V131/><F131/><W81/><G67/><T40/><D40/><U7/><E47/><V63/><F24/><W90/><G116/><T87/><D87/><U16/><E7/><N who="2" m="2635" /><F121/><W33/><G33/><T135/><D135/><U36/><E36/><V53/><F120/><W12/><G41/><T13/><D13/><N who="1" m="7207" /><E61/><V26/><F26/><W22/><REACH who="3" step="1"/><G81/><REACH who="3" ten="201,250,330,209" step="2"/><T21/><D10/><U123/><E123/><V74/><F74/><W103/><G103/><N who="2" m="39465" /><F85/><W101/><G101/><T48/><D62/><U34/><E34/><V15/><F15/><W11/><G11/><T19/><D19/><AGARI ba="0,1" hai="12,17,19,20,22,27,37,39,86,89,90,92,93,96" machi="19" ten="30,2000,0" yaku="1,1,7,1,53,0" doraHai="45" doraHaiUra="134" who="3" fromWho="0" sc="201,-20,250,0,330,0,209,30" /><INIT seed="3,0,0,2,5,122" ten="181,250,330,239" oya="3" hai0="62,47,128,23,70,29,81,24,97,73,68,104,20" hai1="15,121,52,78,94,125,58,36,83,28,8,16,38" hai2="96,109,103,100,99,6,131,26,39,106,67,69,119" hai3="40,55,48,84,3,1,92,82,117,2,132,0,80"/><W14/><G117/><T91/><D128/><U90/><E121/><V42/><F6/><W60/><G132/><T5/><D5/><U63/><E28/><V45/><F26/><W126/><G126/><T10/><D10/><U74/><REACH who="1" step="1"/><E125/><REACH who="1" ten="181,240,330,239" step="2"/><V34/><F119/><W88/><G1/><T134/><D29/><U127/><E127/><V17/><F34/><W79/><G2/><T44/><D134/><U113/><E113/><V25/><F131/><W37/><G0/><T33/><D33/><U19/><E19/><V18/><F17/><W61/><G3/><T46/><D24/><U87/><AGARI ba="0,1" hai="8,15,16,36,38,52,58,63,74,78,83,87,90,94" machi="87" ten="20,12000,2" yaku="1,1,0,1,7,1,54,2,53,1" doraHai="122" doraHaiUra="51" who="1" fromWho="1" sc="181,-30,240,130,330,-30,239,-60" /><INIT seed="4,0,0,3,1,19" ten="151,370,300,179" oya="0" hai0="11,124,24,5,122,81,87,75,38,95,13,50,74" hai1="106,102,57,59,43,69,123,79,4,119,131,3,0" hai2="23,82,67,53,96,46,58,92,86,31,80,40,44" hai3="6,105,130,113,83,42,61,27,26,20,41,8,88"/><T90/><D38/><U120/><E43/><V116/><F116/><W99/><G113/><T70/><D70/><U15/><E79/><V89/><F82/><W49/><G61/><T63/><D124/><U98/><E69/><V118/><F40/><W64/><G64/><T28/><D122/><U133/><E15/><V52/><F118/><W56/><G27/><T54/><D63/><U128/><E119/><V39/><F39/><W93/><G105/><T30/><D95/><U66/><E66/><V47/><F67/><W114/><G114/><T77/><D77/><U37/><E37/><V35/><F35/><W97/><G83/><T109/><D109/><U115/><E115/><V7/><F7/><W85/><G130/><N who="1" m="49706" /><E133/><V21/><F31/><N who="3" m="17863" /><G41/><T10/><D10/><N who="1" m="2311" /><E3/><V94/><F94/><W32/><G32/><T111/><D111/><U112/><E112/><V17/><F17/><W91/><G91/><T33/><D28/><U135/><E135/><V55/><REACH who="2" step="1"/><F58/><AGARI ba="0,0" hai="5,11,13,24,30,33,50,54,58,74,75,81,87,90" machi="58" ten="30,1500,0" yaku="7,1" doraHai="19" who="0" fromWho="2" sc="151,15,370,0,300,-15,179,0" /><AGARI ba="0,0" hai="57,58,59,98,102,106,120,123" m="2311,49706" machi="58" ten="30,1000,0" yaku="19,1" doraHai="19" who="1" fromWho="2" sc="166,0,370,10,285,-10,179,0" /><INIT seed="4,1,0,5,4,40" ten="166,380,275,179" oya="0" hai0="103,135,0,116,80,19,83,70,1,100,89,15,9" hai1="72,128,107,120,119,53,26,20,21,56,51,38,54" hai2="97,108,12,78,49,7,39,66,65,68,29,34,62" hai3="129,127,109,30,46,110,10,106,105,5,25,23,69"/><T123/><D123/><U87/><E38/><V124/><F108/><W111/><G69/><T115/><D116/><U90/><E72/><V74/><F124/><W122/><G127/><T11/><D70/><U8/><E107/><V13/><F66/><W43/><G129/><T57/><D115/><U33/><E128/><V16/><F39/><W131/><G131/><T86/><D135/><U27/><E33/><V112/><F112/><W79/><G79/><T60/><D80/><U14/><E119/><V36/><F36/><W117/><G117/><T84/><D84/><U61/><E21/><V73/><F12/><W2/><REACH who="3" step="1"/><G122/><REACH who="3" ten="166,380,275,169" step="2"/><T102/><REACH who="0" step="1"/><D11/><REACH who="0" ten="156,380,275,169" step="2"/><U71/><E8/><N who="2" m="6183" /><F68/><W125/><G125/><T104/><D104/><U94/><E71/><V93/><F73/><W126/><G126/><T32/><D32/><U50/><E120/><V42/><F34/><W81/><G81/><T24/><D24/><U96/><E26/><V88/><F74/><W76/><G76/><T77/><D77/><U134/><E27/><V130/><F78/><W113/><G113/><T101/><N who="0" m="25600" /><DORA hai="85" /><T3/><D3/><U75/><E75/><V4/><F130/><W6/><G6/><T133/><D133/><U121/><E134/><V47/><F29/><W92/><G92/><T58/><D58/><U132/><E56/><N who="2" m="37063" /><F7/><W59/><G59/><T63/><D63/><U99/><E61/><V31/><F31/><W41/><G41/><T18/><D18/><N who="1" m="10327" /><E132/><V95/><F4/><W64/><G64/><AGARI ba="1,2" hai="0,1,9,15,19,57,60,64,83,86,89" m="25600" machi="64" ten="50,4800,0" yaku="1,1,52,1,53,0" doraHai="40,85" doraHaiUra="37,67" who="0" fromWho="3" sc="156,71,380,0,275,0,169,-51" /><INIT seed="4,2,0,1,0,1" ten="227,380,275,118" oya="0" hai0="115,114,110,73,41,48,126,18,105,12,80,85,8" hai1="35,16,89,6,0,69,11,62,7,61,108,45,127" hai2="64,117,100,36,107,74,32,52,26,106,76,58,4" hai3="125,13,79,63,51,59,99,116,86,88,101,131,72"/><T82/><D105/><U70/><E35/><V55/><F36/><W54/><G116/><T83/><D73/><U111/><E89/><V130/><F117/><W33/><G33/><T81/><D126/><U56/><E45/><V43/><F43/><W34/><G34/><T2/><D2/><U119/><E119/><V10/><F55/><W134/><G134/><T29/><D29/><U53/><E127/><V67/><F76/><W113/><G113/><N who="0" m="43019" /><D110/><U24/><E24/><V124/><F74/><W93/><G131/><T37/><D37/><U103/><E103/><V23/><F32/><W66/><G125/><T118/><D118/><U97/><E97/><V3/><F130/><W60/><G13/><T122/><D122/><U49/><E0/><V135/><F135/><W129/><G129/><T96/><D96/><U112/><E112/><V133/><F133/><W22/><G22/><T30/><D30/><U9/><E108/><V123/><F123/><W98/><G98/><T28/><D28/><U95/><E11/><V132/><F132/><W17/><G17/><T50/><D41/><U42/><E42/><V120/><F120/><W44/><G72/><T5/><D18/><U90/><E111/><V15/><F3/><W92/><G79/><AGARI ba="2,0" hai="5,8,12,48,50,79,80,81,82,83,85" m="43019" machi="79" ten="30,2900,0" yaku="15,1,52,1" doraHai="1" who="0" fromWho="3" sc="227,35,380,0,275,0,118,-35" /><INIT seed="4,3,0,5,3,18" ten="262,380,275,83" oya="0" hai0="13,62,9,15,123,101,56,29,54,70,75,37,57" hai1="30,51,68,55,77,31,60,103,82,98,113,16,131" hai2="129,111,8,44,42,52,0,121,133,24,118,89,71" hai3="74,23,97,92,26,38,99,108,87,95,134,28,1"/><T63/><D37/><U94/><E131/><V135/><F111/><W83/><G108/><T53/><D70/><U114/><E60/><V128/><F71/><W124/><G124/><T34/><D75/><U61/><E61/><V64/><F64/><W67/><G74/><T22/><D34/><U76/><E68/><V2/><F121/><W19/><G134/><N who="2" m="51209" /><F118/><W46/><G1/><N who="2" m="617" /><F8/><W66/><G46/><T109/><D123/><U48/><E77/><V11/><F11/><W106/><G106/><T122/><D122/><U81/><E81/><V110/><F110/><W126/><G38/><T93/><D109/><U105/><E105/><V10/><F10/><W65/><G126/><T130/><D130/><N who="2" m="50282" /><F24/><W47/><G47/><T88/><D101/><U32/><E82/><V69/><F69/><W21/><G95/><T50/><D9/><U125/><E76/><V40/><F89/><N who="3" m="51455" /><G92/><T104/><D104/><U14/><E94/><V107/><F107/><W4/><G4/><T90/><D90/><U80/><E80/><V35/><F35/><W5/><G5/><T43/><D43/><U73/><E32/><V36/><F36/><W12/><AGARI ba="3,0" hai="12,19,21,23,26,28,65,66,67,97,99" m="51455" machi="12" ten="30,4000,0" yaku="8,1,52,2" doraHai="18" who="3" fromWho="3" sc="262,-23,380,-13,275,-13,83,49" /><INIT seed="5,0,0,3,3,22" ten="239,367,262,132" oya="1" hai0="71,122,5,36,47,72,44,7,127,89,25,33,52" hai1="131,14,40,23,120,104,135,31,106,100,125,69,12" hai2="129,18,63,66,86,67,28,37,70,4,128,68,92" hai3="112,38,34,134,26,133,2,30,121,93,109,42,82"/><U35/><E120/><V95/><F37/><W116/><G109/><T90/><D71/><N who="2" m="27178" /><F18/><W41/><G121/><T11/><D72/><U114/><E35/><V78/><F28/><W88/><G2/><T98/><D127/><U124/><E69/><N who="2" m="42207" /><F4/><W118/><G82/><T3/><D122/><U62/><E40/><N who="3" m="15466" /><G112/><T55/><D7/><U91/><E114/><V45/><F45/><W6/><G6/><T27/><D33/><U81/><E81/><N who="2" m="47415" /><F67/><W75/><G75/><T73/><D73/><U108/><E106/><V49/><F49/><W17/><G17/><T56/><D36/><U61/><E61/><V0/><F0/><W8/><G8/><T130/><D3/><U79/><E62/><V85/><F85/><N who="3" m="52367" /><G38/><T15/><D130/><AGARI ba="0,0" hai="92,95,128,129,130" m="47415,42207,27178" machi="130" ten="30,1000,0" yaku="19,1" doraHai="22" who="2" fromWho="0" sc="239,-10,367,0,262,10,132,0" /><INIT seed="6,0,0,0,2,30" ten="229,367,272,132" oya="2" hai0="55,93,64,82,132,15,45,91,130,100,101,4,5" hai1="34,31,62,63,29,88,87,129,121,113,98,23,114" hai2="116,73,67,11,17,16,50,78,13,124,68,119,35" hai3="21,37,133,14,60,49,105,47,40,125,99,104,122"/><V112/><F35/><W41/><G122/><T110/><D110/><U54/><E121/><V66/><F112/><N who="1" m="43113" /><E98/><V76/><F124/><W95/><G125/><T20/><D130/><U103/><E103/><V43/><F73/><W123/><G133/><T42/><D132/><U84/><E84/><V22/><F68/><W69/><G123/><T102/><D64/><N who="2" m="24618" /><F119/><W109/><G109/><T94/><D55/><U46/><E31/><V131/><F131/><W58/><G69/><T44/><D82/><U33/><E129/><V2/><F2/><W28/><G37/><T7/><D42/><U92/><E62/><V77/><F116/><W51/><G105/><T118/><D118/><U32/><E63/><V120/><F120/><W61/><G104/><T86/><D94/><U38/><E54/><V6/><F22/><W111/><G111/><T79/><D79/><N who="2" m="20226" /><V71/><DORA hai="48" /><F71/><W19/><G28/><T96/><D86/><U27/><E23/><V26/><F26/><W85/><G85/><T83/><D83/><U3/><E3/><V90/><F90/><W52/><G40/><AGARI ba="0,0" hai="27,29,32,33,34,38,40,46,87,88,92" m="43113" machi="40" ten="30,8000,1" yaku="15,1,52,3,54,1" doraHai="30,48" who="1" fromWho="3" sc="229,0,367,80,272,0,132,-80" /><INIT seed="7,0,0,0,3,113" ten="229,447,272,52" oya="3" hai0="131,32,133,72,104,39,115,74,24,83,109,128,85" hai1="88,68,79,124,47,91,87,64,23,46,50,44,90" hai2="34,130,1,125,105,48,77,118,42,2,127,71,26" hai3="20,56,81,0,94,11,19,13,37,29,66,36,82"/><W45/><G94/><T27/><D27/><U38/><E38/><V98/><F77/><W35/><G66/><T122/><D24/><U126/><E23/><V97/><F130/><W132/><G132/><T76/><D85/><U60/><E79/><V9/><F71/><W78/><G56/><T116/><D83/><N who="1" m="49279" /><E50/><V111/><F111/><W120/><G120/><T84/><D84/><U16/><E16/><V114/><F114/><W67/><G67/><T22/><D22/><U51/><E51/><V117/><F48/><W73/><G82/><T86/><D86/><U3/><E3/><N who="2" m="1035" /><F9/><W63/><G63/><T123/><D76/><U70/><E68/><V49/><F49/><W52/><G52/><T134/><D32/><U108/><E108/><V40/><F26/><N who="3" m="18871" /><G45/><T99/><D39/><U112/><E112/><V75/><F75/><N who="0" m="28714" /><D115/><U69/><E69/><V59/><F59/><W92/><G92/><T43/><D43/><N who="2" m="16426" /><F105/><W15/><G15/><T95/><D109/><U12/><E12/><V121/><F34/><W96/><G96/><N who="2" m="36969" /><F121/><N who="0" m="46090" /><D104/><U106/><E106/><V17/><F17/><W103/><G103/><N who="0" m="60927" /><D133/><U102/><E102/><V8/><F8/><W80/><G80/><T7/><D134/><U107/><E107/><V28/><F28/><W4/><AGARI ba="0,0" hai="0,4,11,13,19,20,36,37,73,78,81" m="18871" machi="4" ten="30,1500,0" yaku="24,1" doraHai="113" who="3" fromWho="3" sc="229,-5,447,-5,272,-5,52,15" /><INIT seed="7,1,0,5,3,29" ten="224,442,267,67" oya="3" hai0="83,120,94,36,26,15,122,13,92,115,18,0,85" hai1="93,48,63,108,118,134,135,50,91,110,66,106,98" hai2="84,10,39,21,54,100,6,22,52,56,30,127,64" hai3="121,72,7,116,14,57,16,3,53,133,107,109,117"/><W74/><G121/><T131/><D36/><U130/><E106/><V24/><F39/><W49/><G107/><T75/><D0/><U5/><E5/><V70/><F70/><W123/><G123/><T33/><D85/><U2/><E2/><V76/><F127/><W112/><G112/><T77/><D18/><U37/><E37/><V69/><F69/><W67/><G133/><N who="1" m="50698" /><E130/><V78/><F100/><W35/><G35/><T88/><D33/><U42/><E118/><V60/><F22/><W17/><G17/><T86/><D88/><U101/><E91/><V113/><F113/><W46/><G109/><T105/><D15/><U61/><E61/><V114/><F114/><W34/><G34/><T89/><D94/><U11/><E11/><V40/><F40/><W104/><G104/><T44/><D44/><N who="1" m="25623" /><E50/><V20/><F20/><W4/><G117/><T90/><D75/><U28/><E28/><V102/><F102/><W58/><G116/><T111/><D26/><U97/><E97/><V129/><F129/><W41/><G3/><T125/><D125/><U43/><E43/><V23/><F23/><N who="3" m="11671" /><G74/><T128/><D13/><U79/><E79/><V95/><F78/><W55/><G72/><N who="0" m="43431" /><D111/><U119/><E119/><V65/><F76/><W96/><G96/><N who="0" m="57359" /><D105/><U9/><E9/><V1/><F65/><W27/><G27/><T71/><D71/><AGARI ba="1,0" hai="63,66,71,93,98,101,108,110" m="25623,50698" machi="71" ten="30,1000,0" yaku="20,1" doraHai="29" who="1" fromWho="0" sc="224,-13,442,13,267,0,67,0" owari="211,-19.0,455,55.0,267,7.0,67,-43.0" /></mjloggm>