<mjloggm ver="2.3"><GO type="169" lobby="0"/><UN n0="%E3%83%94%E3%82%AB%E5%90%BE%E9%83%8E" n1="%E3%83%88%E3%83%88%E3%83%AA%E5%85%88%E7%94%9F%31%39%E6%AD%B3" n2="%E8%B1%86%E7%89%B9%EF%BC%A0%E6%B2%B3%E6%9D%91%E8%BB%8D%E5%9B%A3" n3="%E3%82%B5%E3%83%B3%E3%83%9E%E9%81%93%E6%A5%BD%E4%BB%A3%E8%A1%A8" dan="16,18,18,18" rate="2127.97,2262.83,2189.29,2235.57" sx="M,F,M,M"/><TAIKYOKU oya="0"/><INIT seed="0,0,0,5,4,108" ten="250,250,250,250" oya="0" hai0="65,105,122,121,128,80,126,42,89,93,35,103,34" hai1="7,84,13,125,59,100,124,16,119,55,51,32,85" hai2="2,49,60,83,1,40,24,134,113,107,31,22,4" hai3="78,96,14,67,30,101,46,26,57,104,88,129,58"/><T72/><D42/><U48/><E119/><V63/><F107/><W38/><G78/><N who="0" m="44103" /><D65/><U73/><E73/><V102/><F102/><W95/><G14/><T135/><D35/><U52/><E32/><V36/><F36/><W123/><G123/><T79/><D34/><U118/><E118/><V29/><F49/><W37/><G129/><T109/><D128/><U71/><E71/><V41/><F83/><W45/><G45/><T114/><D79/><U15/><E100/><V120/><F120/><W112/><G112/><T69/><D69/><U75/><E75/><V53/><F53/><W131/><G131/><T68/><D68/><U25/><E25/><V90/><F24/><W70/><G58/><T66/><D66/><U111/><E111/><V116/><F113/><W92/><G57/><T86/><D109/><U43/><E43/><V91/><F22/><W61/><G92/><T77/><D77/><U98/><E98/><V20/><F20/><W3/><G46/><T76/><D76/><U64/><E64/><V33/><F33/><N who="3" m="20695" /><G3/><T127/><D114/><U54/><E59/><V133/><F4/><W5/><G5/><T0/><D0/><U17/><E54/><V44/><F44/><W74/><G74/><T18/><D18/><U117/><E7/><V97/><F97/><AGARI ba="0,0" hai="37,38,61,67,70,88,95,96,97,101,104" m="20695" machi="97" ten="30,2000,0" yaku="25,1,54,1" doraHai="108" who="3" fromWho="2" sc="250,0,250,0,250,-20,250,20" /><INIT seed="1,0,0,2,1,41" ten="250,250,230,270" oya="1" hai0="89,51,82,80,130,97,66,123,92,67,81,131,1" hai1="134,39,115,21,83,84,43,104,13,9,129,30,19" hai2="100,110,37,62,27,111,77,96,38,40,15,108,86" hai3="23,90,49,75,24,44,133,124,4,122,118,20,105"/><U117/><E115/><V12/><F62/><W53/><G122/><T17/><D1/><U33/><E117/><V128/><F128/><N who="0" m="49194" /><D123/><U29/><E104/><V56/><F56/><W76/><G105/><T116/><D116/><U11/><E129/><V94/><F27/><W101/><G101/><T120/><D120/><U54/><E134/><V0/><F0/><W73/><G133/><T36/><D36/><U8/><E33/><V61/><F61/><W50/><G4/><T127/><D127/><U103/><E103/><V65/><F65/><W70/><G70/><T109/><D109/><U47/><REACH who="1" step="1"/><E54/><REACH who="1" ten="250,240,230,270" step="2"/><V59/><F108/><W135/><G135/><T52/><D17/><U68/><E68/><V93/><F111/><W18/><G124/><T63/><D63/><U125/><E125/><V106/><F110/><W16/><G118/><T6/><D6/><U25/><E25/><V69/><F69/><W31/><G18/><T42/><D42/><U14/><E14/><V60/><F12/><W91/><G16/><T87/><D67/><U46/><E46/><N who="2" m="23823" /><F15/><W112/><G112/><T79/><D66/><U26/><E26/><V57/><F106/><W74/><G24/><T119/><D119/><U10/><N who="1" m="2048" /><DORA hai="98" /><U107/><E107/><V95/><F100/><W45/><G31/><T2/><D2/><U72/><E72/><V132/><F132/><W3/><G3/><T85/><D79/><AGARI ba="0,1" hai="13,19,21,29,30,39,43,47,79,83,84" m="2048" machi="79" ten="50,4800,0" yaku="1,1,52,1,53,0" doraHai="41,98" doraHaiUra="88,48" who="1" fromWho="0" sc="250,-48,240,58,230,0,270,0" /><INIT seed="1,1,0,5,3,108" ten="202,298,230,270" oya="1" hai0="121,25,59,74,73,119,133,5,110,2,19,82,20" hai1="48,67,6,113,112,42,7,131,125,3,46,93,77" hai2="75,95,123,63,13,100,85,86,71,4,27,33,41" hai3="8,31,9,99,1,54,103,37,24,53,70,72,98"/><U64/><E131/><V135/><F75/><W17/><G70/><T129/><D119/><U0/><E125/><V60/><F123/><W96/><G72/><T15/><D2/><U49/><E93/><V47/><F135/><W102/><G37/><T44/><D133/><U97/><E97/><N who="2" m="59455" /><F33/><W120/><G120/><T40/><D121/><U134/><E134/><V89/><F71/><W106/><G1/><T36/><D110/><U11/><E77/><V124/><F124/><W32/><G17/><T92/><D82/><U101/><E101/><V118/><F118/><W122/><G122/><T52/><D92/><U94/><E94/><V69/><F27/><W84/><G84/><T45/><D45/><U26/><E26/><V65/><F65/><W22/><G98/><T88/><D88/><U55/><E64/><V50/><F69/><W126/><G126/><T21/><D129/><U105/><E67/><V39/><F39/><W66/><G66/><T78/><D78/><U18/><E18/><V68/><F68/><W14/><G32/><T79/><D79/><U111/><E105/><V56/><F56/><W87/><G87/><N who="2" m="33289" /><F89/><W130/><G130/><T81/><D81/><U30/><E30/><V91/><F91/><W58/><G14/><T116/><D116/><U109/><E109/><V80/><F80/><W90/><G90/><T23/><D5/><U132/><E111/><V16/><F4/><W76/><G76/><T128/><D128/><U61/><E132/><V83/><F83/><W38/><G38/><T117/><D117/><U104/><E0/><V12/><F16/><RYUUKYOKU ba="1,0" sc="202,-10,298,-10,230,30,270,-10" hai2="12,13,41,47,50,60,63" /><INIT seed="2,2,0,1,5,102" ten="192,288,260,260" oya="2" hai0="12,58,89,37,52,29,70,84,63,94,15,0,22" hai1="33,8,72,101,31,104,38,7,114,96,65,95,41" hai2="83,87,67,10,53,2,130,3,109,24,78,105,66" hai3="32,110,59,124,99,126,125,57,69,122,75,129,120"/><V43/><F130/><W6/><G75/><T98/><D0/><U64/><E114/><V106/><F43/><W76/><G76/><T133/><D133/><U25/><E72/><V103/><F103/><W85/><G85/><T36/><D70/><U56/><E56/><N who="3" m="21578" /><G99/><T92/><D37/><U20/><E95/><V16/><F53/><W4/><G32/><T119/><D36/><U68/><E68/><V88/><F78/><W80/><G80/><T30/><D119/><U86/><E86/><V134/><F134/><W97/><G97/><T115/><D115/><U48/><E48/><V116/><F116/><W46/><G46/><T26/><REACH who="0" step="1"/><D30/><REACH who="0" ten="182,288,260,260" step="2"/><U71/><E71/><V108/><F3/><W123/><G69/><T17/><D17/><U9/><E38/><V121/><F2/><W100/><G129/><T61/><D61/><U127/><E7/><N who="3" m="2602" /><G100/><AGARI ba="2,1" hai="12,15,22,26,29,52,58,63,84,89,92,94,98,100" machi="100" ten="30,7700,0" yaku="1,1,7,1,8,1,54,1,53,0" doraHai="102" doraHaiUra="107" who="0" fromWho="3" sc="182,93,288,0,260,0,260,-83" /><INIT seed="3,0,0,3,2,23" ten="275,288,260,177" oya="3" hai0="122,38,55,54,21,41,96,19,46,17,130,69,64" hai1="37,82,47,74,132,40,105,66,36,52,110,25,104" hai2="31,117,35,112,28,61,98,1,90,62,60,75,76" hai3="68,33,2,107,99,71,29,118,39,15,58,63,95"/><W111/><G2/><T0/><D122/><U80/><E110/><V57/><F1/><W135/><G39/><T103/><D0/><U113/><E113/><V43/><F117/><W65/><G118/><T13/><D130/><U56/><E132/><V34/><F112/><W70/><G15/><T50/><D64/><U30/><E66/><V133/><F43/><W119/><G119/><T116/><D69/><U131/><E37/><V49/><F133/><W8/><G8/><T87/><D116/><U127/><E127/><V88/><F75/><W24/><G135/><T94/><D38/><U86/><E74/><V51/><F62/><W27/><G107/><T115/><D115/><U26/><E82/><V42/><F42/><W92/><G111/><T3/><D3/><U45/><E45/><V89/><F89/><W73/><G73/><T59/><D59/><U102/><E131/><V32/><F32/><W128/><G128/><T85/><D19/><U101/><E104/><V20/><F20/><W114/><G114/><T5/><D5/><U53/><E30/><V14/><F57/><W134/><G134/><T121/><D121/><U84/><E84/><AGARI ba="0,0" hai="13,17,21,41,46,50,54,55,84,85,87,94,96,103" machi="84" ten="40,1300,0" yaku="8,1" doraHai="23" who="0" fromWho="1" sc="275,13,288,-13,260,0,177,0" /><INIT seed="4,0,0,1,1,71" ten="288,275,260,177" oya="0" hai0="97,101,118,98,132,33,39,117,120,60,44,52,4" hai1="28,1,53,38,34,43,29,19,125,128,87,115,42" hai2="6,46,13,76,66,81,64,82,74,75,68,31,20" hai3="25,8,102,67,79,90,86,112,56,50,88,78,106"/><T22/><D33/><U134/><E1/><V37/><F31/><W70/><G70/><T93/><D120/><U15/><E128/><V10/><F20/><W17/><G90/><T18/><D4/><U104/><E104/><V89/><F68/><W21/><G112/><T24/><D132/><U36/><E134/><V73/><F89/><W92/><G8/><T100/><D39/><N who="1" m="14891" /><E87/><V26/><F26/><W94/><G106/><T110/><D110/><U133/><E53/><V126/><F126/><W127/><G127/><T16/><D18/><U5/><E5/><V107/><F107/><W59/><G59/><T35/><D35/><U114/><E34/><V69/><F69/><W96/><REACH who="3" step="1"/><G50/><REACH who="3" ten="288,275,260,167" step="2"/><T99/><D117/><U51/><E51/><V122/><F37/><W124/><G124/><T3/><D118/><U61/><E125/><V85/><F10/><W57/><G57/><N who="0" m="34855" /><D3/><U109/><E133/><V108/><F108/><W129/><G129/><T40/><D100/><U27/><E109/><V63/><F122/><W111/><G111/><T54/><D40/><U80/><E43/><V103/><F75/><W49/><G49/><AGARI ba="0,1" hai="16,22,24,44,49,54,93,97,98,99,101" m="34855" machi="49" ten="30,5800,0" yaku="8,1,54,2" doraHai="71" who="0" fromWho="3" sc="288,68,275,0,260,0,167,-58" /><INIT seed="4,1,0,2,4,79" ten="356,275,260,109" oya="0" hai0="117,12,70,48,39,67,43,50,89,10,122,108,135" hai1="55,103,82,16,33,131,34,88,47,54,76,29,78" hai2="2,0,35,104,17,51,98,6,42,126,53,102,22" hai3="91,97,56,28,62,77,14,71,94,96,132,113,9"/><T61/><D117/><U13/><E131/><V18/><F35/><W49/><G113/><T7/><D122/><U21/><E103/><V125/><F42/><W30/><G71/><T93/><D135/><U111/><E111/><V63/><F63/><W24/><G49/><T57/><D108/><U5/><E34/><V114/><F114/><W92/><G77/><N who="1" m="29802" /><E33/><V100/><F100/><W46/><G46/><T36/><D70/><U75/><E75/><V37/><F37/><W133/><G24/><T1/><D39/><U118/><E118/><V58/><F17/><W84/><G133/><T64/><D1/><U80/><E29/><V109/><F109/><W69/><G69/><T44/><D64/><U73/><E73/><V120/><F120/><W107/><G107/><T11/><D10/><N who="1" m="4303" /><E88/><V110/><F110/><W123/><G123/><T41/><D43/><U15/><E54/><V65/><F65/><N who="3" m="39111" /><G132/><T3/><D3/><U127/><E127/><N who="2" m="48651" /><F2/><W124/><G124/><T83/><D93/><U101/><E101/><V68/><F68/><W90/><G97/><T32/><D32/><U116/><E116/><V20/><F0/><W40/><G40/><T59/><D36/><U99/><E99/><V31/><F98/><W60/><G60/><T25/><D61/><U129/><E129/><V134/><F104/><W119/><G119/><T26/><D50/><AGARI ba="1,0" hai="15,16,21,47,50,55,80,82" m="4303,29802" machi="50" ten="30,7700,0" yaku="8,1,52,2,54,1" doraHai="79" who="1" fromWho="0" sc="356,-80,275,80,260,0,109,0" /><INIT seed="5,0,0,4,2,14" ten="276,355,260,109" oya="1" hai0="128,118,110,96,27,22,80,73,72,81,52,70,101" hai1="108,105,77,129,134,90,9,123,3,12,71,31,102" hai2="39,100,88,29,59,68,19,85,98,115,55,30,4" hai3="124,41,65,127,60,63,113,17,99,87,126,121,28"/><U61/><E123/><V119/><F68/><W76/><G28/><T1/><D70/><U117/><E117/><V36/><F119/><W135/><G121/><T42/><D1/><U67/><E3/><V112/><F4/><W104/><G41/><T131/><D42/><U24/><E129/><N who="0" m="49737" /><D110/><U35/><E134/><V37/><F19/><W7/><G7/><T83/><D118/><U130/><E130/><V43/><F43/><W56/><G63/><T120/><D120/><U20/><E108/><V33/><F33/><W26/><G135/><T58/><D96/><N who="1" m="61639" /><E90/><V95/><F30/><W78/><G87/><T111/><D101/><U44/><E20/><V50/><REACH who="2" step="1"/><F29/><REACH who="2" ten="276,355,250,109" step="2"/><W93/><G113/><T66/><D111/><U34/><E34/><V107/><AGARI ba="0,1" hai="36,37,39,50,55,59,85,88,95,98,100,107,112,115" machi="107" ten="40,8000,1" yaku="1,1,2,1,0,1,54,1,53,0" doraHai="14" doraHaiUra="32" who="2" fromWho="2" sc="276,-20,355,-40,250,90,109,-20" /><INIT seed="6,0,0,0,0,27" ten="256,315,340,89" oya="2" hai0="83,31,43,115,47,121,18,34,29,16,78,46,103" hai1="127,37,102,80,116,91,86,62,14,119,129,8,89" hai2="100,30,87,81,132,74,56,42,61,114,39,54,88" hai3="52,82,118,44,38,85,67,90,6,126,45,101,5"/><V19/><F132/><W64/><G118/><T10/><D34/><U9/><E37/><V108/><F114/><W11/><G101/><T105/><D105/><U40/><E129/><V25/><F108/><W122/><G122/><T2/><D103/><U21/><E40/><V125/><F125/><W93/><G126/><T65/><D121/><U13/><E127/><V76/><F100/><W28/><G6/><T55/><D65/><U49/><E102/><V84/><F74/><W69/><G69/><T134/><D115/><U58/><E49/><V123/><F123/><W1/><G93/><T4/><D55/><U106/><E106/><V133/><F19/><N who="0" m="7210" /><D47/><U131/><E21/><N who="2" m="15663" /><F39/><W96/><G96/><T22/><D22/><U73/><E131/><V107/><F107/><W24/><G45/><T113/><D134/><U17/><E73/><V20/><F20/><W66/><G38/><N who="0" m="21879" /><D113/><U7/><E91/><V63/><F133/><W60/><G60/><T110/><D110/><U41/><E41/><V111/><F111/><W120/><G120/><T104/><D104/><U117/><E117/><V50/><F42/><W12/><G1/><T36/><D36/><U75/><E75/><AGARI ba="0,0" hai="2,4,10,29,31,75,78,83" m="21879,7210" machi="75" ten="30,7700,0" yaku="25,1,52,2,54,1" doraHai="27" who="0" fromWho="1" sc="256,77,315,-77,340,0,89,0" /><INIT seed="7,0,0,4,2,90" ten="333,238,340,89" oya="3" hai0="64,77,26,15,28,100,86,104,43,68,31,69,99" hai1="75,126,114,18,23,7,57,101,36,35,62,19,38" hai2="8,85,76,42,65,74,25,55,80,60,123,40,127" hai3="1,39,119,124,66,97,95,82,109,115,47,83,134"/><W72/><G119/><T59/><D31/><U17/><E75/><V105/><F105/><W89/><G66/><T67/><D43/><U113/><E35/><V78/><F127/><W3/><G124/><T130/><D130/><U112/><E126/><V46/><F123/><W50/><G115/><T30/><D30/><U53/><E23/><V107/><F107/><W121/><G121/><T110/><D110/><U9/><REACH who="1" step="1"/><E101/><REACH who="1" ten="333,228,340,89" step="2"/><V87/><F74/><W102/><G109/><T6/><D69/><U118/><E118/><V92/><F8/><W21/><G134/><T56/><D68/><U34/><E34/><V98/><F42/><W2/><G39/><T14/><D100/><U4/><E4/><V5/><F5/><W103/><G21/><N who="0" m="15439" /><D104/><U117/><E117/><V61/><F40/><W52/><REACH who="3" step="1"/><G83/><REACH who="3" ten="333,228,340,79" step="2"/><N who="0" m="47471" /><D67/><U45/><E45/><V73/><F46/><W91/><G91/><T51/><D6/><U108/><E108/><V41/><F65/><W0/><N who="3" m="0" /><DORA hai="13" /><W94/><G94/><T116/><D116/><U71/><E71/><V129/><F92/><W24/><G24/><T125/><D125/><U12/><AGARI ba="0,2" hai="7,9,12,17,18,19,36,38,53,57,62,112,113,114" machi="12" ten="40,12000,2" yaku="1,1,0,1,15,1,52,3,53,0" doraHai="90,13" doraHaiUra="27,122" who="1" fromWho="1" sc="333,-30,228,140,340,-30,79,-60" owari="303,-10.0,368,47.0,310,11.0,19,-48.0" /></mjloggm>