<mjloggm ver="2.3"><GO type="97" lobby="0"/><UN n0="%E3%81%B5%E3%82%8F%E3%81%B5%E3%82%8F%E3%81%BE%E3%82%8A%E3%82%82" n1="%E5%B0%B1%E6%B4%BB%E7%94%9F%40%E5%B7%9D%E6%9D%91%E8%BB%8D%E5%9B%A3" n2="%E3%83%96%E3%83%AB%E3%83%BC%E3%81%AD%E3%81%93" n3="%4D%55%4B%41%42%55%4B%49" dan="15,15,15,14" rate="2006.71,2058.53,1968.23,1941.54" sx="M,M,F,M"/><TAIKYOKU oya="0"/><INIT seed="0,0,0,0,0,43" ten="250,250,250,250" oya="0" hai0="89,133,121,31,109,14,39,71,48,74,37,26,28" hai1="67,64,19,114,130,70,22,111,118,7,47,76,24" hai2="88,55,50,59,81,135,91,57,124,32,17,27,84" hai3="63,128,11,52,29,25,73,94,116,60,123,34,61"/><T115/><D71/><U66/><E111/><V119/><F119/><W108/><G116/><T38/><D74/><U101/><E130/><V83/><F135/><W4/><G108/><T53/><D109/><U62/><E118/><V127/><F32/><W75/><G128/><T65/><D115/><U44/><E114/><V107/><F107/><W100/><G52/><T16/><D121/><U42/><E76/><V12/><F27/><W41/><G41/><T98/><D65/><U103/><E70/><V5/><F5/><W54/><G54/><T15/><D133/><U122/><E122/><V104/><F104/><W18/><G18/><T9/><D15/><U2/><E62/><V78/><F59/><W93/><G100/><N who="1" m="38474" /><E2/><V20/><REACH who="2" step="1"/><F81/><REACH who="2" ten="250,250,240,250" step="2"/><W131/><G34/><T21/><D31/><U51/><E7/><V96/><F96/><W85/><G29/><T80/><D80/><U110/><E110/><V33/><F33/><W82/><G25/><T69/><D69/><U3/><E3/><V125/><AGARI ba="0,1" hai="12,17,20,50,55,57,78,83,84,88,91,124,125,127" machi="125" ten="30,7900,0" yaku="1,1,0,1,18,1,54,1,53,0" doraHai="43" doraHaiUra="0" who="2" fromWho="2" sc="250,-39,250,-20,240,89,250,-20" /><INIT seed="1,0,0,1,1,58" ten="211,230,329,230" oya="1" hai0="25,102,90,79,4,125,115,6,46,114,28,111,8" hai1="73,110,77,107,120,57,20,126,0,78,95,32,99" hai2="19,56,26,66,52,38,5,82,98,27,85,33,41" hai3="119,129,83,31,105,3,121,76,36,14,7,87,128"/><U134/><E32/><V74/><F74/><W43/><G121/><T103/><D111/><U50/><E0/><V42/><F38/><W2/><G105/><T67/><D125/><U29/><E107/><V11/><F33/><W123/><G123/><T18/><D79/><U124/><E120/><V51/><F98/><W21/><G119/><T86/><D114/><U108/><E73/><V75/><F75/><W112/><G112/><T63/><D115/><U97/><E134/><V54/><F66/><W30/><G14/><N who="0" m="7495" /><D46/><U65/><E29/><N who="3" m="10762" /><G21/><N who="0" m="15407" /><D102/><N who="1" m="60735" /><E20/><V61/><F5/><W96/><G96/><T13/><D103/><U101/><E77/><N who="2" m="46287" /><F11/><W22/><G22/><T132/><D13/><U130/><E78/><V109/><F109/><N who="1" m="42089" /><E130/><N who="3" m="50282" /><G7/><T45/><D132/><U84/><E84/><V127/><F127/><W37/><G3/><T10/><D10/><U1/><E1/><V71/><F71/><W34/><G2/><T92/><D45/><U91/><E91/><V15/><F15/><W64/><G34/><T49/><D4/><U69/><E69/><V116/><F116/><W23/><G23/><T17/><D6/><U93/><E65/><V117/><F117/><W9/><G9/><T16/><D67/><U40/><E40/><N who="2" m="15467" /><F19/><W35/><G35/><T70/><D70/><U135/><E135/><V24/><F24/><W47/><G64/><T72/><D72/><U89/><E101/><V122/><F122/><W39/><AGARI ba="0,0" hai="36,37,39,43,47,76,83,87" m="50282,10762" machi="39" ten="30,1100,0" yaku="19,1" doraHai="58" who="3" fromWho="3" sc="211,-3,230,-5,329,-3,230,11" /><INIT seed="2,0,0,0,4,70" ten="208,225,326,241" oya="2" hai0="52,7,6,36,5,111,35,23,118,86,28,76,127" hai1="46,26,63,2,123,133,110,59,131,101,80,41,95" hai2="66,99,104,103,62,78,116,65,16,25,1,75,91" hai3="22,92,74,117,33,30,9,42,24,18,109,112,61"/><V44/><F116/><W102/><G74/><T58/><D58/><U129/><E2/><V114/><F1/><W0/><G109/><T40/><D35/><U29/><E110/><V37/><F114/><W89/><G117/><T15/><D111/><U11/><E133/><V51/><F37/><W4/><G102/><T45/><D118/><U12/><E123/><V43/><F91/><W69/><G42/><T87/><D127/><U132/><E80/><V85/><F75/><W10/><G10/><T88/><D76/><U21/><E132/><V113/><F113/><W130/><G130/><T96/><D52/><U126/><E126/><V47/><F47/><W107/><G107/><T93/><REACH who="0" step="1"/><D15/><REACH who="0" ten="198,225,326,241" step="2"/><U82/><E59/><V3/><F3/><W13/><G112/><T73/><D73/><U32/><E12/><V64/><F78/><W39/><G69/><T106/><D106/><U20/><E32/><V49/><F44/><W19/><G61/><T94/><D94/><U81/><E63/><V105/><F62/><W8/><G92/><T100/><D100/><U90/><E101/><V121/><F105/><W56/><G56/><T57/><D57/><U50/><E129/><V31/><F43/><W77/><G77/><T48/><D48/><U83/><E131/><V54/><F49/><W34/><G89/><T67/><D67/><U55/><E41/><V119/><F119/><W124/><G124/><T71/><D71/><U135/><E135/><V17/><F51/><W134/><G134/><T72/><D72/><U115/><E115/><V14/><F104/><W108/><G108/><RYUUKYOKU ba="0,1" sc="198,30,225,-10,326,-10,241,-10" hai0="5,6,7,23,28,36,40,45,86,87,88,93,96" /><INIT seed="3,1,1,5,2,112" ten="228,215,316,231" oya="3" hai0="99,62,46,91,52,3,108,61,48,47,5,14,20" hai1="110,111,31,38,63,41,1,44,66,0,121,11,42" hai2="22,25,75,9,2,64,45,33,19,10,82,71,87" hai3="135,100,109,103,89,105,51,80,8,72,96,58,130"/><W77/><G130/><T30/><D108/><N who="1" m="41515" /><E121/><V120/><F120/><W56/><G135/><T124/><D124/><U54/><E42/><V73/><F2/><N who="1" m="1129" /><E54/><V53/><F33/><W26/><G109/><T55/><D3/><U4/><E31/><V119/><F119/><W60/><G103/><T40/><D30/><U65/><E63/><N who="0" m="24073" /><D47/><U78/><E78/><N who="2" m="46551" /><F64/><N who="1" m="24681" /><E11/><N who="2" m="4107" /><F71/><W90/><G8/><N who="0" m="4367" /><D20/><U115/><E115/><V59/><F73/><W132/><G132/><T39/><D39/><U83/><E83/><V35/><F75/><W81/><G81/><T13/><D13/><U95/><E95/><AGARI ba="1,1" hai="40,46,48,52,55,91,95,99" m="4367,24073" machi="95" ten="30,2000,0" yaku="8,1,54,1" doraHai="112" who="0" fromWho="1" sc="228,33,215,-23,316,0,231,0" owari="261,6.0,192,-31.0,316,42.0,231,-17.0" /></mjloggm>