<mjloggm ver="2.3"><GO type="225" lobby="0"/><UN n0="%E9%AC%BC%E7%95%9C%E6%88%A6%E5%A3%AB" n1="%70%61%78%65%6C%6C" n2="%E3%83%88%E3%83%88%E3%83%AA%E5%85%88%E7%94%9F%31%39%E6%AD%B3" n3="%73%61%72%61%6B" dan="16,16,18,16" rate="2022.25,2111.98,2272.00,2093.13" sx="M,M,F,M"/><TAIKYOKU oya="0"/><INIT seed="0,0,0,4,2,21" ten="250,250,250,250" oya="0" hai0="9,28,25,96,46,86,49,55,66,89,37,8,14" hai1="58,78,79,87,36,93,1,42,17,73,11,72,62" hai2="52,132,59,118,6,134,75,102,135,84,32,125,115" hai3="121,24,129,61,82,5,91,45,54,88,50,47,104"/><T110/><D110/><U31/><E31/><V20/><F115/><W51/><G104/><T97/><D37/><U41/><E93/><V48/><F32/><W64/><G129/><T7/><D66/><U77/><E87/><V83/><F75/><W67/><G121/><T92/><REACH who="0" step="1"/><D9/><REACH who="0" ten="240,250,250,250" step="2"/><U124/><E36/><V44/><F135/><W33/><G67/><T105/><D105/><U3/><E11/><V123/><F132/><W108/><G108/><T22/><AGARI ba="0,1" hai="7,8,14,22,25,28,46,49,55,86,89,92,96,97" machi="22" ten="20,12000,1" yaku="1,1,0,1,7,1,8,1,52,1,53,0" doraHai="21" doraHaiUra="128" who="0" fromWho="0" sc="240,130,250,-40,250,-40,250,-40" /><INIT seed="0,1,0,5,0,70" ten="370,210,210,210" oya="0" hai0="108,63,59,28,66,131,22,0,58,12,79,2,106" hai1="120,94,68,133,124,118,64,24,69,78,97,52,43" hai2="32,112,20,75,65,53,116,134,99,50,62,104,96" hai3="71,93,17,34,77,13,8,35,119,91,101,87,98"/><T83/><D106/><U6/><E118/><V9/><F112/><W73/><G119/><T39/><D39/><U74/><E120/><V25/><F116/><W4/><G71/><T135/><D131/><U36/><E6/><V38/><F75/><W80/><REACH who="3" step="1"/><G4/><REACH who="3" ten="370,210,210,200" step="2"/><T48/><D135/><U42/><E69/><V85/><F134/><W27/><G27/><T105/><D108/><U7/><E7/><V55/><F25/><W125/><G125/><T128/><D128/><U29/><E68/><V88/><F32/><W21/><G21/><T76/><D22/><U115/><E24/><V18/><F20/><W44/><G44/><T54/><D2/><U41/><E124/><V1/><F1/><W16/><G16/><T23/><D0/><U40/><E133/><V14/><F18/><W60/><G60/><T84/><D63/><U37/><E115/><V57/><F9/><W129/><G129/><T92/><D23/><U102/><E37/><V46/><F38/><W3/><G3/><T114/><D114/><U56/><E36/><V130/><F130/><W81/><AGARI ba="1,1" hai="8,13,17,34,35,73,77,80,81,87,91,93,98,101" machi="81" ten="20,2700,0" yaku="1,1,0,1,7,1,53,0" doraHai="70" doraHaiUra="127" who="3" fromWho="3" sc="370,-14,210,-8,210,-8,200,40" /><INIT seed="1,0,0,1,3,2" ten="356,202,202,240" oya="1" hai0="23,78,131,43,68,65,80,16,34,90,8,64,125" hai1="47,55,83,92,35,108,5,74,44,39,105,69,26" hai2="135,122,59,130,109,14,110,17,73,49,100,10,66" hai3="114,33,63,52,104,46,121,116,57,30,37,36,76"/><U19/><E105/><V38/><F122/><W58/><G104/><T133/><D34/><U85/><E69/><V86/><F38/><N who="3" m="14955" /><G30/><T98/><D131/><U21/><E108/><N who="2" m="41579" /><F73/><W115/><G76/><T31/><D133/><U93/><E74/><V102/><F135/><W77/><G77/><T129/><D125/><U20/><E35/><V84/><F130/><W87/><G87/><N who="2" m="33321" /><F49/><N who="3" m="28727" /><G33/><T79/><D129/><U124/><E39/><V71/><F71/><W67/><G121/><T13/><D68/><U120/><E124/><V15/><F15/><W107/><G107/><T126/><D126/><U62/><E120/><V101/><F102/><W45/><G116/><T12/><D79/><U95/><E21/><V123/><F123/><W28/><G28/><T4/><D31/><U94/><E20/><V88/><F88/><W41/><G58/><T11/><D90/><U40/><E26/><V72/><F72/><W97/><G97/><T99/><D98/><U96/><E96/><V29/><F29/><W82/><G82/><T1/><D99/><U119/><E83/><V106/><F106/><W134/><G134/><T81/><D80/><U6/><E119/><V53/><F101/><W22/><G22/><T112/><D81/><U51/><E85/><V56/><F100/><W25/><G25/><T118/><D78/><U0/><E0/><V42/><F59/><W48/><AGARI ba="0,0" hai="41,45,48,57,63,67,114,115" m="28727,14955" machi="48" ten="30,4000,0" yaku="34,2,54,1" doraHai="2" who="3" fromWho="3" sc="356,-10,202,-20,202,-10,240,40" /><INIT seed="2,0,0,4,0,126" ten="346,182,192,280" oya="2" hai0="94,119,48,30,116,108,80,46,39,99,47,72,2" hai1="26,127,106,73,135,83,61,68,71,51,91,50,77" hai2="130,78,123,20,120,118,87,37,76,56,100,81,107" hai3="3,11,28,34,89,75,36,62,35,128,21,14,98"/><V97/><F37/><W92/><G75/><T22/><D108/><U27/><E106/><V101/><F20/><W0/><G36/><T5/><D39/><U42/><E127/><V134/><F56/><W93/><G93/><T45/><D5/><U112/><E112/><V124/><F124/><W57/><G21/><T79/><D2/><U58/><E51/><V55/><F55/><W15/><G15/><T131/><D131/><U105/><E105/><N who="2" m="63631" /><F118/><N who="0" m="45098" /><D22/><U129/><E135/><V32/><F32/><W121/><G128/><T102/><D30/><U70/><E129/><V109/><F130/><W132/><G132/><T64/><D64/><U125/><E125/><V25/><F25/><W49/><G49/><AGARI ba="0,0" hai="45,46,47,48,49,72,79,80,94,99,102" m="45098" machi="49" ten="30,1000,0" yaku="12,1" doraHai="126" who="0" fromWho="3" sc="346,10,182,0,192,0,280,-10" /><INIT seed="3,0,0,1,0,59" ten="356,182,192,270" oya="3" hai0="89,32,24,57,72,35,38,112,95,4,77,80,0" hai1="87,20,56,104,97,125,110,73,67,1,103,30,61" hai2="43,82,129,79,33,130,37,128,102,113,46,70,69" hai3="114,109,28,81,11,90,119,41,16,7,8,17,124"/><W98/><G119/><T118/><D118/><U12/><E73/><V62/><F113/><W18/><G114/><T13/><D112/><U54/><E1/><V108/><F33/><W100/><G124/><T64/><D38/><U88/><E125/><V135/><F108/><W85/><G109/><T121/><D121/><U52/><E110/><V93/><F135/><W22/><G41/><T131/><D131/><U23/><E12/><V75/><F62/><W29/><G22/><T122/><D0/><U6/><E6/><V86/><F102/><W92/><REACH who="3" step="1"/><G7/><REACH who="3" ten="356,182,192,260" step="2"/><T68/><D4/><U74/><E20/><V44/><F43/><W55/><G55/><T40/><D40/><U2/><E74/><V48/><F75/><W66/><G66/><T117/><D64/><U134/><E134/><V84/><F128/><W60/><G60/><T36/><D72/><U99/><E2/><V83/><F129/><W106/><G106/><T126/><D117/><U45/><E45/><V47/><F130/><W96/><G96/><N who="1" m="36938" /><E104/><V94/><F37/><W101/><G101/><T132/><D126/><U51/><E103/><V127/><F127/><W133/><G133/><T3/><D132/><U26/><E51/><V123/><F48/><W105/><G105/><T39/><D3/><U14/><E14/><V111/><F111/><W42/><G42/><T25/><D39/><U50/><E50/><V15/><F123/><W49/><G49/><T21/><D36/><U9/><E9/><AGARI ba="0,1" hai="8,9,11,16,17,18,28,29,81,85,90,92,98,100" machi="9" ten="40,7700,0" yaku="1,1,8,1,54,1,53,0" doraHai="59" doraHaiUra="34" who="3" fromWho="1" sc="356,0,182,-77,192,0,260,87" /><INIT seed="3,1,0,1,1,53" ten="356,105,192,347" oya="3" hai0="93,115,98,51,66,34,4,8,81,72,55,58,73" hai1="10,101,82,128,121,76,16,38,30,89,135,11,17" hai2="50,27,120,49,31,108,84,88,35,28,97,74,70" hai3="117,22,68,107,64,106,95,3,126,131,116,71,122"/><W21/><G122/><T102/><D115/><U56/><E121/><V26/><F120/><W79/><G3/><T69/><D34/><U7/><E38/><V124/><F74/><W1/><G1/><T48/><D48/><U20/><E135/><V46/><F70/><W112/><G79/><T42/><D42/><U94/><E128/><V24/><F108/><W57/><G112/><T134/><D134/><U19/><E101/><V119/><F119/><W2/><G2/><T109/><D109/><U83/><E76/><V52/><F124/><W32/><G32/><T6/><D81/><U40/><E40/><V9/><F9/><W54/><G64/><T33/><D33/><U127/><E127/><V96/><F35/><W15/><G126/><T100/><D100/><U67/><E30/><N who="2" m="11307" /><F50/><N who="3" m="30935" /><G95/><AGARI ba="1,0" hai="24,26,27,46,49,52,84,88,95,96,97" m="11307" machi="95" ten="30,3900,0" yaku="8,1,54,2" doraHai="53" who="2" fromWho="3" sc="356,0,105,0,192,42,347,-42" owari="356,45.0,105,-39.0,234,-17.0,305,11.0" /></mjloggm>