<mjloggm ver="2.3"><GO type="169" lobby="0"/><UN n0="%E2%91%A3%E3%82%BB%E3%83%B3%E3%83%81" n1="%52%4F%4C%4C%59" n2="%E3%82%88%E3%81%A4%E3%81%B0%E3%81%A8%EF%BC%81" n3="%E3%83%88%E3%83%88%E3%83%AA%E5%85%88%E7%94%9F%31%39%E6%AD%B3" dan="18,17,17,18" rate="2179.13,2199.21,2161.69,2279.34" sx="M,M,F,F"/><TAIKYOKU oya="0"/><INIT seed="0,0,0,4,5,133" ten="250,250,250,250" oya="0" hai0="73,119,12,60,72,117,30,76,37,24,35,89,105" hai1="16,110,127,71,135,88,107,77,129,5,101,111,130" hai2="106,45,95,128,109,87,0,65,2,83,86,8,62" hai3="13,49,91,90,118,121,59,7,103,34,61,21,100"/><T94/><D105/><U132/><E71/><V56/><F106/><W29/><G118/><T68/><D37/><U50/><E5/><V4/><F109/><N who="1" m="41481" /><E77/><V96/><F128/><N who="1" m="49257" /><E50/><V104/><F104/><W27/><G121/><T43/><D76/><U1/><E1/><V112/><F112/><W63/><G34/><T114/><D114/><U80/><E16/><V131/><F131/><W115/><G115/><T42/><D12/><U92/><E80/><V22/><F2/><W53/><G7/><T28/><D119/><U33/><E33/><V47/><F22/><W78/><G78/><T116/><D116/><U113/><E113/><V70/><F70/><W10/><G13/><T85/><D117/><U57/><E57/><V75/><F47/><W102/><G10/><T46/><D46/><U98/><E127/><V18/><F45/><N who="3" m="27823" /><G63/><T69/><D30/><U15/><E15/><V9/><F8/><W125/><G125/><T38/><D38/><U79/><E79/><V123/><F18/><W84/><G59/><T48/><D48/><U31/><E31/><V41/><F9/><W36/><G61/><T74/><D69/><U14/><E14/><V122/><F56/><W19/><G36/><T134/><D43/><U97/><AGARI ba="0,0" hai="88,92,97,98,101,107,132,135" m="49257,41481" machi="97" ten="40,8000,1" yaku="14,1,19,1,34,2,54,1" doraHai="133" who="1" fromWho="1" sc="250,-40,250,80,250,-20,250,-20" /><INIT seed="1,0,0,0,3,47" ten="210,330,230,230" oya="1" hai0="17,68,81,18,67,109,39,54,15,37,107,7,29" hai1="101,128,2,62,134,53,46,111,96,71,126,20,133" hai2="93,114,115,73,129,120,119,112,36,99,55,38,41" hai3="108,113,100,98,56,26,103,121,86,14,61,125,72"/><U24/><E2/><V104/><F119/><W60/><G113/><T9/><D107/><U4/><E4/><V28/><F120/><W77/><G121/><T91/><D109/><U8/><E8/><V117/><F117/><W66/><G72/><T30/><D39/><U83/><E111/><V70/><F73/><W82/><G108/><T25/><D37/><U75/><E128/><V16/><F70/><W35/><G125/><T92/><D81/><U106/><E126/><V123/><F104/><W135/><G135/><T23/><D67/><U127/><E127/><V31/><F123/><W80/><G80/><T45/><D68/><U59/><E71/><V84/><F84/><W69/><G98/><T105/><D105/><U95/><E106/><V52/><F38/><W116/><G116/><T1/><D1/><U124/><E46/><N who="2" m="23847" /><F129/><W63/><G63/><T87/><REACH who="0" step="1"/><D30/><REACH who="0" ten="200,330,230,230" step="2"/><U122/><E124/><V51/><F28/><W34/><G69/><T118/><D118/><U88/><E122/><V90/><F31/><W79/><G82/><T21/><D21/><U110/><E110/><V50/><F16/><W11/><G66/><T89/><D89/><U131/><E131/><V48/><AGARI ba="0,1" hai="48,50,51,52,55,90,93,99,112,114,115" m="23847" machi="48" ten="40,8000,1" yaku="11,1,52,3,54,1" doraHai="47" who="2" fromWho="2" sc="200,-20,330,-40,230,90,230,-20" /><INIT seed="2,0,0,2,5,93" ten="180,290,320,210" oya="2" hai0="51,107,6,58,106,31,69,5,39,36,38,56,131" hai1="12,13,27,26,132,10,98,59,127,135,129,30,64" hai2="7,71,125,53,85,105,101,68,113,88,82,25,102" hai3="55,83,48,52,119,128,91,78,124,74,34,108,22"/><V42/><F113/><W37/><G119/><T104/><D51/><U100/><E129/><V47/><F7/><N who="0" m="2570" /><D31/><U32/><E127/><V0/><F0/><W65/><G34/><T16/><D131/><U76/><E76/><V110/><F125/><W54/><G37/><T24/><D24/><U77/><E77/><V122/><F122/><W4/><G108/><T41/><D41/><U8/><E27/><V23/><F53/><W114/><G114/><T72/><D69/><U120/><E120/><V3/><F3/><W40/><G128/><T33/><D33/><U97/><E100/><V94/><F105/><W75/><G124/><T18/><D72/><U45/><E45/><V103/><F82/><W57/><G74/><T96/><D96/><N who="1" m="36971" /><E10/><V35/><F35/><W134/><G78/><T92/><D92/><U44/><E44/><V21/><F21/><W111/><G22/><T61/><D107/><U130/><E8/><V123/><F110/><W50/><G111/><T14/><D106/><U29/><E29/><V1/><F1/><W112/><G75/><T46/><D46/><U9/><E9/><V117/><F123/><W70/><G112/><T84/><D104/><U99/><N who="1" m="36979" /><U118/><DORA hai="89" /><E118/><V28/><REACH who="2" step="1"/><F117/><REACH who="2" ten="180,290,310,210" step="2"/><W15/><G83/><T90/><D18/><U2/><E2/><V109/><F109/><W49/><G4/><T86/><D16/><U62/><E130/><V17/><F17/><W67/><G55/><T126/><D126/><U87/><E87/><V133/><F133/><AGARI ba="0,1" hai="12,13,26,30,32,59,62,64,132,133,135" m="36979" machi="133" ten="40,8000,1" yaku="20,1,52,4" doraHai="93,89" who="1" fromWho="2" sc="180,0,290,90,310,-80,210,0" /><INIT seed="3,0,0,0,0,113" ten="180,380,230,210" oya="3" hai0="58,63,66,8,121,26,30,55,93,112,50,89,81" hai1="61,98,109,54,0,74,46,45,32,41,92,80,122" hai2="102,10,95,101,19,78,42,52,85,105,116,64,1" hai3="68,110,27,94,9,72,115,90,31,82,7,69,73"/><W67/><G115/><T97/><D112/><U128/><E32/><V47/><F105/><W134/><G134/><T38/><D121/><U28/><E0/><V14/><F116/><W135/><G135/><T57/><D38/><U118/><E122/><V51/><F64/><W59/><G110/><T87/><D8/><U123/><E109/><V6/><F42/><W49/><G82/><T119/><D119/><U5/><E5/><V34/><F34/><W84/><G69/><T60/><D58/><U40/><E28/><V129/><F129/><W76/><G68/><T37/><D37/><U133/><E118/><V2/><F2/><W18/><G76/><T70/><D70/><U120/><E80/><V125/><F125/><W16/><G73/><T23/><REACH who="0" step="1"/><D66/><REACH who="0" ten="170,380,230,210" step="2"/><U96/><E123/><V126/><F10/><W48/><G67/><T114/><D114/><U124/><E120/><V22/><F126/><W88/><G59/><T130/><D130/><U53/><E128/><V108/><F108/><W39/><G39/><T15/><D15/><U86/><E124/><V100/><F14/><W75/><G9/><T131/><D131/><U104/><E133/><V12/><F1/><W4/><G7/><T3/><D3/><U11/><E11/><V65/><F6/><W56/><G4/><T107/><D107/><U77/><E104/><V71/><F65/><W132/><G56/><T25/><D25/><U29/><E46/><V24/><F71/><W35/><G132/><T83/><D83/><U13/><E45/><V103/><N who="2" m="25600" /><DORA hai="17" /><V21/><F24/><W33/><G27/><RYUUKYOKU ba="0,1" sc="170,30,380,-10,230,-10,210,-10" hai0="23,26,30,50,55,57,60,63,81,87,89,93,97" /><INIT seed="4,1,1,1,2,74" ten="200,370,220,200" oya="0" hai0="134,49,69,116,100,115,2,99,53,123,20,4,58" hai1="124,64,71,23,14,75,126,1,12,131,76,38,127" hai2="98,108,55,15,101,78,82,40,35,81,97,77,80" hai3="125,29,118,60,104,3,102,121,59,24,87,21,95"/><T120/><D116/><U22/><E1/><V70/><F35/><W133/><G118/><T17/><D69/><U43/><E131/><V88/><F70/><W34/><G3/><T119/><D119/><U7/><E64/><V111/><F40/><W47/><G133/><T9/><D115/><U106/><E106/><N who="2" m="63791" /><F55/><W73/><G73/><T61/><D134/><U57/><E57/><V62/><F15/><N who="1" m="5673" /><E71/><V41/><F62/><W50/><G125/><T30/><D30/><U86/><E75/><V56/><F56/><W31/><G104/><T5/><D5/><U6/><E6/><V128/><F41/><N who="3" m="24943" /><G121/><T72/><D72/><U114/><E7/><V117/><F117/><W96/><G87/><T13/><REACH who="0" step="1"/><D61/><REACH who="0" ten="190,370,220,200" step="2"/><U10/><E114/><V46/><F128/><W33/><G31/><T44/><D44/><U25/><E126/><V51/><F46/><W18/><G18/><T85/><D85/><U26/><E124/><V79/><F51/><W122/><G122/><T37/><D37/><U107/><E127/><V54/><F54/><W110/><G33/><T48/><D48/><U0/><E38/><V113/><F113/><W28/><G34/><T129/><D129/><U84/><E86/><V103/><F103/><W65/><G28/><T93/><AGARI ba="1,2" hai="2,4,9,13,17,20,49,53,58,93,99,100,120,123" machi="93" ten="20,7800,0" yaku="1,1,0,1,7,1,53,1" doraHai="74" doraHaiUra="91" who="0" fromWho="0" sc="190,101,370,-27,220,-27,200,-27" /><INIT seed="4,2,0,0,1,90" ten="291,343,193,173" oya="0" hai0="18,130,34,107,46,17,35,44,30,59,131,117,109" hai1="14,132,56,65,124,105,69,93,24,100,71,84,77" hai2="1,47,19,106,49,26,108,91,85,128,15,64,123" hai3="55,67,40,98,102,97,45,20,22,74,50,112,33"/><T125/><D107/><U36/><E36/><V10/><F123/><W27/><G74/><T42/><D117/><U76/><E132/><V104/><F108/><W5/><G112/><T63/><D109/><U68/><E105/><V7/><F64/><W103/><G33/><N who="0" m="12299" /><D30/><U61/><E124/><V12/><F26/><W83/><G5/><T11/><D125/><U121/><E121/><V129/><F1/><W78/><G67/><T41/><D46/><U113/><E113/><V32/><F32/><W52/><G83/><T82/><D82/><U95/><E14/><V111/><F111/><W92/><G78/><T81/><D81/><U0/><E0/><V25/><F25/><W16/><G22/><T58/><D58/><U54/><E54/><V79/><F79/><W2/><G2/><T110/><D11/><U57/><E57/><V99/><F104/><AGARI ba="2,0" hai="16,20,27,40,45,50,52,55,92,97,98,102,103,104" machi="104" ten="30,7700,0" yaku="7,1,52,1,54,2" doraHai="90" who="3" fromWho="2" sc="291,0,343,0,193,-83,173,83" /><INIT seed="5,0,0,1,1,26" ten="291,343,110,256" oya="1" hai0="60,5,17,82,43,46,70,90,119,7,42,133,75" hai1="111,29,124,116,74,37,126,14,20,89,118,93,41" hai2="36,125,120,83,52,135,112,68,86,21,128,34,18" hai3="44,105,39,95,91,66,104,53,3,99,51,24,88"/><U32/><E74/><V61/><F120/><W12/><G3/><T87/><D119/><U0/><E0/><V56/><F34/><W35/><G39/><T107/><D107/><U31/><E32/><V54/><F125/><N who="1" m="48233" /><E111/><V23/><F128/><W47/><G66/><T97/><D133/><U38/><E14/><V109/><F36/><N who="1" m="13929" /><E41/><V55/><F135/><W28/><G47/><T63/><D75/><U8/><E8/><V57/><F112/><W16/><REACH who="3" step="1"/><G91/><REACH who="3" ten="291,343,110,246" step="2"/><T115/><D90/><U11/><E116/><V117/><F109/><W127/><G127/><T48/><D46/><U94/><E118/><V113/><F117/><W4/><G4/><T101/><D5/><U1/><E89/><V85/><F113/><W9/><AGARI ba="0,1" hai="9,12,16,24,28,35,44,51,53,88,95,99,104,105" machi="9" ten="20,12000,2" yaku="1,1,0,1,7,1,52,1,54,2,53,0" doraHai="26" doraHaiUra="59" who="3" fromWho="3" sc="291,-30,343,-60,110,-30,246,130" /><INIT seed="6,0,0,0,3,7" ten="261,283,80,376" oya="2" hai0="118,22,112,83,69,48,110,65,121,15,135,104,66" hai1="50,3,71,10,107,97,36,92,72,45,31,57,41" hai2="133,79,12,26,60,105,16,4,113,25,87,2,32" hai3="130,111,125,81,94,39,68,54,6,19,109,46,127"/><V56/><F105/><W115/><G68/><T11/><D104/><U134/><E31/><V5/><F133/><W58/><G130/><T114/><D69/><U98/><E72/><V64/><F113/><N who="0" m="43626" /><D110/><U102/><E134/><V28/><F25/><W80/><G115/><T124/><D124/><N who="3" m="47689" /><G6/><T42/><D121/><U33/><E33/><V132/><F132/><W86/><G94/><T119/><D22/><U126/><E126/><V95/><F2/><W62/><G80/><T53/><D83/><U106/><E71/><V117/><F117/><N who="0" m="44554" /><D42/><U120/><E120/><V49/><F49/><W67/><G19/><N who="0" m="8703" /><D135/><U74/><E74/><V55/><F64/><W85/><G81/><T51/><D51/><U122/><E122/><V90/><REACH who="2" step="1"/><F79/><REACH who="2" ten="261,283,70,376" step="2"/><W84/><G67/><T61/><D61/><U35/><E50/><V93/><F93/><W21/><G109/><T59/><AGARI ba="0,1" hai="48,53,59,65,66" m="8703,44554,43626" machi="59" ten="30,4000,0" yaku="15,1,12,1,52,1" doraHai="7" who="0" fromWho="0" sc="261,50,283,-10,70,-20,376,-10" /><INIT seed="7,0,0,3,4,19" ten="311,273,50,366" oya="3" hai0="0,2,86,51,36,52,3,98,73,30,79,46,16" hai1="55,77,84,13,90,124,133,59,113,118,112,109,88" hai2="38,103,4,23,95,65,128,1,108,102,114,49,28" hai3="27,47,7,120,21,5,97,100,34,101,22,104,12"/><W57/><G120/><T18/><D73/><U105/><E109/><V99/><F65/><W9/><G100/><T14/><D36/><U53/><E105/><V11/><F38/><W25/><G7/><T126/><D126/><U24/><E124/><V15/><F49/><W129/><G129/><T81/><D30/><U94/><E77/><V89/><F108/><W71/><G71/><T37/><D37/><U33/><E133/><V42/><F114/><N who="1" m="44137" /><E118/><V115/><F42/><W56/><G47/><T62/><D14/><U67/><E13/><V35/><F115/><W78/><G78/><T83/><D83/><N who="1" m="49183" /><E33/><V131/><F89/><W68/><G68/><T44/><D44/><U60/><E24/><V93/><F95/><N who="3" m="58559" /><G34/><T50/><D50/><U43/><E43/><V72/><F72/><W63/><G104/><T31/><D31/><U66/><E55/><V61/><F61/><W96/><G63/><T45/><D45/><U41/><E41/><V8/><F102/><W92/><G25/><T74/><D74/><U64/><E53/><V39/><F39/><W122/><G27/><T85/><D62/><U17/><E17/><V91/><F103/><N who="3" m="60807" /><G122/><T117/><D117/><U135/><E135/><V130/><F35/><W76/><G76/><N who="0" m="46247" /><D98/><AGARI ba="0,0" hai="59,60,64,66,67,90,94,98" m="49183,44137" machi="98" ten="30,2000,0" yaku="15,1,54,1" doraHai="19" who="1" fromWho="0" sc="311,-20,273,20,50,0,366,0" owari="291,-11.0,293,9.0,50,-45.0,366,47.0" /></mjloggm>