<mjloggm ver="2.3"><GO type="105" lobby="0"/><UN n0="%E5%B0%B1%E6%B4%BB%E7%94%9F%40%E5%B7%9D%E6%9D%91%E8%BB%8D%E5%9B%A3" n1="%E3%81%8C%E3%83%BC%E3%81%AD%E3%81%A3%E3%81%A8" n2="%64%61%6E%6E%63%68%69" n3="%E3%82%BB%E3%82%A4%E3%83%A8%E3%82%A6%E3%83%AA%E3%83%B3%E3%82%B4" dan="15,15,16,15" rate="2017.63,2019.00,2027.62,1914.31" sx="M,F,M,M"/><TAIKYOKU oya="0"/><INIT seed="0,0,0,2,0,118" ten="250,250,250,250" oya="0" hai0="37,83,135,4,87,130,108,134,25,38,31,50,23" hai1="90,32,123,34,79,21,94,58,43,127,0,112,36" hai2="104,59,69,2,96,30,3,20,95,93,91,101,49" hai3="131,8,100,47,42,72,84,35,1,114,22,107,82"/><T89/><D4/><U99/><E0/><V74/><F69/><W51/><G114/><T111/><D50/><U88/><E123/><V63/><F74/><W117/><G117/><T57/><D57/><U46/><E127/><V129/><F129/><W62/><G35/><T124/><D124/><U81/><E112/><V44/><F30/><W76/><G131/><T98/><D98/><U26/><E90/><V5/><F20/><W55/><G107/><T132/><REACH who="0" step="1"/><D130/><REACH who="0" ten="240,250,250,250" step="2"/><U33/><E33/><V52/><F5/><W75/><G51/><T109/><AGARI ba="0,1" hai="23,25,31,37,38,83,87,89,108,109,111,132,134,135" machi="109" ten="40,18000,2" yaku="1,1,2,1,0,1,14,1,10,1,20,1,53,0" doraHai="118" doraHaiUra="67" who="0" fromWho="0" sc="240,190,250,-60,250,-60,250,-60" /><INIT seed="0,1,0,1,4,66" ten="430,190,190,190" oya="0" hai0="88,123,32,70,34,118,33,40,96,134,135,112,74" hai1="47,107,56,122,62,65,64,115,60,2,24,45,125" hai2="128,76,99,108,42,19,98,86,91,53,35,38,16" hai3="81,85,12,72,27,21,84,5,54,6,39,51,31"/><T131/><D74/><U113/><E107/><V61/><F35/><W57/><G39/><T4/><D118/><U43/><E2/><V63/><F108/><W126/><G126/><T78/><D78/><U37/><E122/><V100/><F76/><W95/><G72/><T55/><D4/><U79/><E79/><V69/><F128/><W8/><G5/><T48/><D123/><U121/><E121/><V9/><F42/><W13/><G81/><T119/><D119/><U103/><E125/><V7/><F38/><W133/><G133/><N who="0" m="50699" /><D112/><N who="1" m="43083" /><E103/><V20/><F63/><W83/><G83/><T23/><D131/><U44/><E24/><V41/><F41/><W111/><G111/><T75/><D75/><U106/><E106/><V30/><F30/><W1/><REACH who="3" step="1"/><G95/><REACH who="3" ten="430,190,190,180" step="2"/><N who="0" m="56423" /><D40/><U50/><E37/><V26/><F98/><W80/><G80/><T110/><D110/><U117/><E117/><V92/><F99/><W127/><G127/><T3/><D3/><U77/><E77/><V102/><F92/><W25/><G25/><T89/><D89/><U73/><E73/><V132/><F91/><W52/><G52/><T94/><D94/><U109/><E109/><V29/><F53/><W49/><G49/><T71/><D23/><U105/><E105/><V17/><F132/><W28/><G28/><T130/><D130/><U124/><E124/><V120/><F120/><W46/><G46/><AGARI ba="1,1" hai="32,33,34,46,48,55,70,71" m="56423,50699" machi="46" ten="40,12000,1" yaku="20,1,52,2,54,1" doraHai="66" who="0" fromWho="3" sc="430,133,190,0,190,0,180,-123" /><INIT seed="0,2,0,5,2,29" ten="563,190,190,57" oya="0" hai0="135,121,96,84,71,12,124,58,72,5,63,92,41" hai1="10,101,129,94,118,93,11,88,33,56,42,78,48" hai2="69,46,77,13,108,106,79,31,123,27,83,17,1" hai3="30,99,112,59,2,132,125,55,86,68,70,119,32"/><T6/><D71/><U40/><E118/><V110/><F69/><W3/><G112/><T20/><D72/><U18/><E33/><N who="2" m="20735" /><F106/><W107/><G119/><T89/><D41/><U113/><E129/><V103/><F103/><W23/><G132/><T65/><D135/><U44/><E113/><V35/><F46/><W51/><G125/><T8/><D124/><U47/><E78/><V38/><F38/><W100/><G23/><T25/><D121/><U91/><E56/><V120/><F83/><W126/><G126/><T114/><D114/><U16/><E48/><V128/><F79/><W43/><G86/><T122/><D122/><N who="2" m="46634" /><F77/><W76/><G76/><T24/><D5/><U54/><E54/><V34/><F1/><W67/><G43/><T90/><D20/><U45/><E45/><V60/><F60/><N who="3" m="40039" /><G70/><T98/><D98/><U61/><E61/><V82/><F82/><AGARI ba="2,0" hai="6,8,12,24,25,58,63,65,82,84,89,90,92,96" machi="82" ten="30,2900,0" yaku="7,1,8,1" doraHai="29" who="0" fromWho="2" sc="563,35,190,0,190,-35,57,0" /><INIT seed="0,3,0,2,2,62" ten="598,190,155,57" oya="0" hai0="22,81,91,11,61,36,128,34,68,27,23,123,109" hai1="67,8,30,53,83,57,40,46,85,1,12,9,89" hai2="39,21,93,54,50,120,14,100,28,103,10,38,88" hai3="113,17,33,125,124,45,47,13,69,31,51,24,0"/><T87/><D36/><U78/><E30/><V15/><F120/><W2/><G69/><T94/><D123/><U63/><E1/><V6/><F39/><W42/><G113/><T32/><D128/><U110/><E110/><V35/><F38/><W79/><G79/><T90/><D109/><U97/><E40/><V102/><F35/><W82/><G82/><T66/><D11/><U25/><E25/><V118/><F118/><W70/><G47/><T7/><D7/><U60/><E46/><V74/><F74/><W48/><G48/><T76/><D23/><U26/><E26/><N who="2" m="16463" /><F15/><W5/><G70/><T126/><D91/><U41/><E41/><V135/><F135/><W131/><G131/><T106/><D106/><U86/><E97/><N who="2" m="57511" /><F102/><W129/><G129/><T92/><D92/><N who="1" m="54319" /><E12/><V16/><F6/><W105/><G105/><T121/><D121/><U134/><E134/><V122/><F122/><W104/><G104/><T114/><D114/><U107/><E107/><V95/><F95/><W20/><REACH who="3" step="1"/><G2/><REACH who="3" ten="598,190,155,47" step="2"/><T18/><REACH who="0" step="1"/><D126/><REACH who="0" ten="588,190,155,47" step="2"/><U116/><E116/><V75/><F75/><AGARI ba="3,2" hai="18,22,27,32,34,61,66,68,75,76,81,87,90,94" machi="75" ten="30,11600,0" yaku="1,1,2,1,7,1,52,1,53,0" doraHai="62" doraHaiUra="98" who="0" fromWho="2" sc="588,145,190,0,155,-125,47,0" /><INIT seed="0,4,0,0,2,135" ten="733,190,30,47" oya="0" hai0="54,80,75,69,3,93,99,60,37,132,71,114,27" hai1="67,107,7,88,134,81,123,68,26,21,96,103,34" hai2="102,89,62,43,19,33,126,41,97,46,13,42,63" hai3="61,77,79,18,15,84,30,105,78,70,108,74,121"/><T125/><D3/><U29/><E123/><V124/><F89/><W14/><G108/><T94/><D37/><U56/><E7/><V131/><F33/><W39/><G39/><T53/><D114/><U12/><E134/><V120/><F46/><W95/><G105/><T58/><D132/><U8/><E56/><V36/><F36/><W86/><G74/><T31/><D93/><U45/><E45/><V129/><F120/><W110/><G110/><T113/><D113/><U4/><E21/><N who="2" m="11503" /><F63/><W40/><G40/><T64/><D80/><U17/><E4/><V52/><F52/><W111/><G111/><T22/><D75/><U119/><E119/><V115/><F62/><W50/><G121/><T0/><D0/><U44/><E44/><V59/><F59/><W98/><G30/><T82/><D82/><U38/><E38/><V116/><F116/><W87/><G50/><T104/><D104/><U133/><E133/><V6/><F6/><W122/><G122/><T76/><D76/><U35/><E35/><V57/><F57/><W10/><G15/><T51/><D54/><U90/><E81/><V28/><F28/><W112/><G112/><T23/><D23/><U65/><E65/><V49/><F49/><W118/><G118/><T55/><D55/><U24/><E24/><V48/><F48/><W91/><REACH who="3" step="1"/><G61/><AGARI ba="4,0" hai="8,12,17,26,29,34,61,67,68,88,90,96,103,107" machi="61" ten="40,5200,0" yaku="25,2,54,1" doraHai="135" who="1" fromWho="3" sc="733,0,190,64,30,0,47,-64" owari="733,84.0,254,5.0,30,-37.0,-17,-52.0" /></mjloggm>