<mjloggm ver="2.3"><GO type="97" lobby="0"/><UN n0="%E5%B0%B1%E6%B4%BB%E7%94%9F%40%E5%B7%9D%E6%9D%91%E8%BB%8D%E5%9B%A3" n1="%67%72%61%64%6C%69%6E%65" n2="%E9%83%A1%E5%B1%B1%E7%83%88%E7%81%AB" n3="%E3%82%81%E3%82%8D%E2%98%86%E3%81%93%E3%81%82" dan="14,14,15,13" rate="1984.23,2040.99,1952.65,1928.85" sx="M,M,M,M"/><TAIKYOKU oya="0"/><INIT seed="0,0,0,3,5,79" ten="250,250,250,250" oya="0" hai0="72,9,73,65,119,55,24,6,74,132,39,30,51" hai1="14,23,67,85,46,2,70,82,26,40,115,97,92" hai2="61,117,127,27,130,17,1,21,99,54,19,4,126" hai3="114,22,44,80,83,5,77,116,18,101,128,91,8"/><T60/><D119/><U121/><E2/><V75/><F130/><W124/><G116/><T95/><D39/><U10/><E121/><V41/><F41/><W38/><G128/><T81/><D132/><U11/><E67/><V31/><F75/><W37/><G114/><T103/><D103/><U3/><E70/><V71/><F117/><W32/><G32/><T98/><D98/><U66/><E3/><V16/><F99/><W109/><G101/><T112/><D95/><U48/><E66/><V36/><F36/><W15/><G109/><T50/><D112/><U34/><E34/><V111/><F111/><W47/><G124/><N who="2" m="47657" /><F71/><W106/><G106/><T134/><D134/><U131/><E14/><V84/><F84/><N who="3" m="48143" /><G38/><T63/><D51/><U96/><E115/><V129/><F129/><W7/><G37/><T88/><D65/><U28/><E97/><V33/><F61/><W76/><G76/><T45/><D9/><U108/><E108/><V78/><F78/><W86/><G7/><T110/><D6/><U69/><E69/><V105/><F54/><W42/><G42/><T25/><D110/><U87/><E131/><V57/><F57/><W64/><G64/><T12/><D63/><U102/><E87/><V68/><F105/><W133/><G133/><T58/><D60/><U29/><E28/><V56/><F56/><W94/><G94/><T53/><D30/><U107/><E107/><V93/><F93/><W100/><G100/><T125/><D73/><U0/><E0/><V43/><F68/><W135/><G135/><T59/><D125/><U89/><AGARI ba="0,0" hai="10,11,23,26,29,40,46,48,82,85,89,92,96,102" machi="89" ten="20,8000,1" yaku="5,1,0,1,7,1,8,1,52,1" doraHai="79" who="1" fromWho="1" sc="250,-40,250,80,250,-20,250,-20" /><INIT seed="1,0,0,5,0,110" ten="210,330,230,230" oya="1" hai0="42,118,60,22,81,97,123,68,25,38,79,6,117" hai1="45,51,40,101,94,127,72,50,109,26,57,130,107" hai2="100,4,62,129,47,124,84,17,71,128,119,52,41" hai3="30,114,67,74,54,2,58,7,70,116,13,95,106"/><U135/><E107/><V5/><F119/><W55/><G106/><T63/><D123/><U85/><E72/><V53/><F100/><W82/><G116/><T131/><D131/><N who="2" m="50250" /><F124/><W86/><G2/><T48/><D38/><U111/><E130/><V61/><F17/><W87/><G30/><T134/><D134/><U98/><E135/><V33/><F33/><W112/><G70/><T125/><D6/><N who="2" m="2666" /><F84/><W46/><G74/><T64/><D125/><U103/><E127/><V78/><F78/><W12/><G95/><T24/><D97/><U34/><E85/><V83/><F83/><W113/><G67/><T80/><D80/><U77/><E77/><V102/><F102/><W133/><G133/><T99/><D99/><U37/><E57/><V90/><F90/><W93/><G93/><T18/><D25/><U39/><E103/><V115/><F71/><W29/><G29/><T16/><D18/><U15/><E39/><N who="2" m="21951" /><F115/><W8/><G13/><T132/><D132/><U121/><E15/><V66/><F66/><W36/><G82/><T23/><D23/><U96/><E96/><V104/><F104/><W120/><G120/><T56/><D81/><U19/><E121/><V35/><F35/><W1/><G1/><T14/><D79/><U27/><E34/><V89/><F89/><W76/><G76/><T20/><D20/><N who="1" m="13599" /><E27/><V31/><F31/><W73/><G73/><T9/><D24/><U10/><E10/><V32/><F32/><W44/><G36/><T0/><D9/><U126/><E126/><V69/><F69/><W88/><G112/><T91/><D0/><RYUUKYOKU ba="0,0" sc="210,-15,330,15,230,15,230,-15" hai1="37,40,45,50,51,94,98,101,109,111" hai2="52,53,61,62" /><INIT seed="1,1,0,3,3,96" ten="195,345,245,215" oya="1" hai0="91,31,135,73,44,19,92,10,35,104,48,17,102" hai1="128,119,97,12,132,109,107,84,83,64,16,40,41" hai2="70,51,43,103,74,99,13,65,4,134,36,98,58" hai3="78,130,68,9,27,122,133,53,120,100,106,129,81"/><U29/><E119/><V87/><F74/><N who="3" m="43223" /><G68/><T42/><D135/><U11/><E132/><V88/><F134/><W46/><G133/><T116/><D73/><U15/><E128/><N who="3" m="49258" /><G9/><T55/><D116/><U39/><E39/><V101/><F70/><W127/><G127/><T3/><D35/><U32/><E64/><V20/><F36/><W0/><G0/><T26/><D31/><U21/><E29/><V54/><F65/><W85/><G46/><T82/><D3/><U79/><E32/><V49/><F43/><W110/><G53/><T34/><D34/><U117/><E117/><V124/><F49/><W18/><G110/><T59/><D104/><U33/><E33/><V114/><F124/><W125/><G125/><T75/><D75/><U67/><E67/><V71/><F71/><W37/><G37/><T77/><D26/><U47/><E47/><V69/><F69/><W5/><G5/><T22/><D22/><U30/><E109/><V25/><F4/><W52/><G52/><T94/><D10/><U45/><E45/><V115/><F13/><W95/><G27/><T14/><D14/><U63/><E63/><V66/><F66/><W105/><G18/><T86/><D42/><U121/><E121/><N who="3" m="46698" /><G85/><N who="0" m="48335" /><D44/><U1/><E1/><V7/><F7/><W57/><G57/><T80/><D19/><N who="1" m="8607" /><E30/><V28/><F115/><W108/><G108/><T23/><D17/><U8/><E8/><V38/><F114/><W56/><G56/><T123/><D23/><U50/><E50/><V90/><F38/><W2/><G2/><T113/><D123/><U62/><E62/><RYUUKYOKU ba="1,0" sc="195,-15,345,15,245,-15,215,15" hai1="15,16,21,40,41,79,83,84,97,107" hai3="95,100,105,106" /><INIT seed="1,2,0,0,0,22" ten="180,360,230,230" oya="1" hai0="115,62,101,36,19,34,31,38,109,52,57,111,90" hai1="114,27,105,64,118,44,4,106,78,84,135,102,93" hai2="37,77,88,61,96,127,129,59,121,104,9,113,55" hai3="99,66,70,83,122,17,128,41,11,56,116,5,26"/><U134/><E64/><V7/><F121/><W108/><G122/><T85/><D115/><U12/><E44/><V73/><F129/><W76/><G128/><T75/><D75/><U3/><E3/><V50/><F127/><W87/><G108/><N who="0" m="41547" /><D101/><U92/><E12/><V42/><F113/><W25/><G70/><T130/><D130/><U16/><E16/><V131/><F131/><W18/><G41/><T32/><D19/><N who="3" m="7177" /><G116/><T79/><D79/><U46/><E27/><N who="3" m="10250" /><G99/><T80/><D31/><U82/><E46/><V120/><F120/><W23/><G23/><T6/><D6/><U74/><E4/><V39/><F104/><N who="1" m="40041" /><E114/><V63/><F39/><AGARI ba="2,0" hai="32,34,36,38,39,52,57,62,80,85,90" m="41547" machi="39" ten="30,2000,0" yaku="14,1,54,1" doraHai="22" who="0" fromWho="2" sc="180,26,360,0,230,-26,230,0" /><INIT seed="2,0,0,1,2,121" ten="206,360,204,230" oya="2" hai0="59,91,50,89,4,17,41,93,119,106,86,40,83" hai1="44,68,94,66,43,125,26,124,7,45,39,46,5" hai2="47,31,58,133,116,75,77,54,87,29,48,12,53" hai3="80,95,37,98,21,107,19,127,14,115,67,79,97"/><V3/><F116/><W22/><G115/><T55/><D106/><U113/><E113/><V110/><F75/><W34/><G127/><N who="1" m="48714" /><E94/><V118/><F118/><W96/><G37/><T85/><D119/><U27/><E66/><V88/><F3/><W101/><G34/><T72/><D72/><U84/><E68/><V92/><F133/><W102/><G67/><T32/><D32/><U1/><E84/><V130/><F130/><W117/><G117/><T64/><D4/><N who="1" m="1611" /><E1/><V60/><F77/><W23/><REACH who="3" step="1"/><G98/><REACH who="3" ten="206,360,204,220" step="2"/><T126/><D126/><U78/><E39/><V56/><F56/><W30/><G30/><T10/><D64/><U25/><E43/><V109/><REACH who="2" step="1"/><F12/><AGARI ba="0,1" hai="10,12,17,40,41,50,55,59,83,85,86,89,91,93" machi="12" ten="40,1300,0" yaku="8,1" doraHai="121" who="0" fromWho="2" sc="206,23,360,0,204,-13,220,0" /><INIT seed="3,0,0,3,1,114" ten="229,360,191,220" oya="3" hai0="92,9,22,64,5,134,72,98,89,50,135,56,17" hai1="80,0,60,112,122,66,102,27,24,52,115,45,63" hai2="21,39,13,69,132,67,47,108,86,133,15,120,105" hai3="87,82,4,7,18,12,109,111,74,101,14,104,76"/><W10/><G74/><T41/><D72/><U53/><E0/><V110/><F105/><W61/><G61/><N who="0" m="37927" /><D50/><U36/><E102/><V30/><F30/><W54/><G54/><T117/><D41/><U107/><E107/><V129/><F86/><W11/><G18/><T42/><D42/><U121/><E80/><V95/><F95/><W90/><G76/><T49/><D49/><U88/><E88/><V77/><F77/><W16/><REACH who="3" step="1"/><G4/><REACH who="3" ten="229,360,191,210" step="2"/><T19/><D5/><U32/><E53/><V94/><F120/><W65/><G65/><T97/><D19/><U40/><E52/><V131/><F94/><W124/><G124/><T57/><D17/><U78/><E66/><V103/><F103/><W125/><G125/><T85/><D92/><U113/><E78/><V37/><F21/><W116/><G116/><T68/><D22/><U99/><E122/><V118/><F118/><W59/><G59/><T28/><D117/><U84/><E121/><V1/><F67/><W6/><G6/><T3/><D57/><U35/><E112/><V93/><F93/><W26/><G26/><T75/><D75/><U123/><E24/><V23/><F23/><W38/><G38/><T91/><D98/><AGARI ba="0,1" hai="7,10,11,12,14,16,82,87,90,98,101,104,109,111" machi="98" ten="40,3900,0" yaku="1,1,54,1,53,0" doraHai="114" doraHaiUra="62" who="3" fromWho="0" sc="229,-39,360,0,191,0,210,49" /><INIT seed="3,1,0,2,0,90" ten="190,360,191,259" oya="3" hai0="54,24,49,92,7,128,104,43,93,15,98,126,89" hai1="97,48,27,16,121,47,118,117,42,28,71,6,12" hai2="40,106,59,115,56,39,131,116,14,76,11,2,30" hai3="69,70,135,102,88,37,77,113,101,85,86,17,114"/><W111/><G37/><T58/><D126/><U64/><E121/><V96/><F116/><N who="1" m="44649" /><E6/><V65/><F115/><N who="3" m="44043" /><G17/><T38/><D128/><U63/><E97/><V67/><F76/><W60/><G60/><N who="0" m="35927" /><D38/><U55/><E16/><V132/><F131/><W124/><G124/><T22/><D104/><U133/><E12/><V0/><F132/><W19/><G19/><N who="0" m="12383" /><D92/><U103/><E103/><N who="3" m="39434" /><G70/><T10/><D49/><U78/><E78/><V9/><F106/><W50/><G50/><T122/><D122/><U125/><E133/><V51/><F39/><W53/><G53/><T75/><D75/><U3/><E3/><V46/><F2/><W80/><G69/><T120/><D120/><U119/><E119/><V45/><F0/><W79/><G135/><T44/><D44/><U13/><E13/><V68/><F68/><W99/><G111/><T5/><D43/><U105/><E125/><V130/><F46/><W81/><G99/><T129/><D129/><U23/><E105/><V94/><F130/><W108/><G108/><T8/><D8/><U134/><E134/><V52/><F9/><W1/><G1/><T91/><D7/><U82/><E42/><V62/><F30/><W100/><N who="3" m="39442" /><AGARI ba="1,0" hai="5,10,15,89,91,93,98,100" m="12383,35927" machi="100" ten="30,3900,0" yaku="3,1,8,1,52,1" doraHai="90" who="0" fromWho="3" sc="190,42,360,0,191,0,259,-42" owari="232,3.0,360,46.0,191,-31.0,217,-18.0" /></mjloggm>