<mjloggm ver="2.3"><GO type="169" lobby="0"/><UN n0="%E5%B0%B1%E6%B4%BB%E7%94%9F%40%E5%B7%9D%E6%9D%91%E8%BB%8D%E5%9B%A3" n1="%E3%82%A8%E3%82%B3%E3%81%BF%E3%83%BC" n2="%E7%B4%A0%E6%9C%B4%E3%81%AA%E5%91%B3%E3%82%8F%E3%81%84" n3="%E3%81%BE%E3%81%AA%E3%81%84%E3%81%9F%E3%82%88%E3%81%86%E3%81%98%E3%82%87" dan="16,16,16,16" rate="2057.04,2040.52,2107.17,2075.75" sx="M,M,M,M"/><TAIKYOKU oya="0"/><INIT seed="0,0,0,5,5,64" ten="250,250,250,250" oya="0" hai0="17,7,108,30,21,87,117,116,37,90,67,94,101" hai1="82,56,127,88,72,0,92,95,113,135,6,47,12" hai2="81,24,2,100,52,99,110,121,53,97,32,74,40" hai3="46,50,60,76,80,73,122,45,111,114,106,131,107"/><T19/><D37/><U57/><E0/><V66/><F121/><W20/><G114/><T69/><D7/><U77/><E113/><V118/><F2/><W28/><G122/><T5/><D5/><U89/><E135/><V39/><F110/><W43/><G111/><T16/><D108/><U83/><E127/><V9/><F66/><W128/><G60/><T25/><REACH who="0" step="1"/><D101/><REACH who="0" ten="240,250,250,250" step="2"/><U31/><E6/><V70/><F100/><W35/><G128/><T119/><D119/><U103/><E103/><V78/><F39/><W130/><G131/><T26/><D26/><U38/><E38/><V93/><F24/><W33/><G130/><T13/><D13/><U120/><E12/><V65/><F118/><W98/><G43/><T79/><D79/><U41/><E77/><V14/><F78/><W55/><G76/><T22/><D22/><U34/><E41/><V85/><F40/><W18/><G20/><T129/><D129/><U36/><E36/><V75/><F32/><W49/><G33/><T109/><D109/><U105/><E34/><V29/><F74/><W134/><G35/><T91/><D91/><U124/><E88/><V3/><F75/><W126/><G73/><T96/><D96/><U27/><E89/><V8/><F97/><W112/><G98/><T48/><D48/><U54/><E72/><V102/><F99/><W68/><G49/><T123/><D123/><U15/><E27/><V133/><F102/><W62/><G50/><T132/><D132/><U11/><E15/><V84/><F133/><W10/><G134/><T42/><D42/><U71/><E120/><RYUUKYOKU ba="0,1" sc="240,30,250,-10,250,-10,250,-10" hai0="16,17,19,21,25,30,67,69,87,90,94,116,117" /><INIT seed="0,1,1,4,2,113" ten="270,240,240,240" oya="0" hai0="2,39,115,82,23,0,133,112,125,80,107,91,9" hai1="8,79,30,29,74,69,66,118,50,5,106,123,85" hai2="67,117,130,77,78,121,58,32,49,20,63,27,132" hai3="68,45,55,17,38,13,103,42,60,135,33,129,4"/><T120/><D107/><U127/><E123/><V128/><F121/><W43/><G33/><T90/><D120/><U46/><E74/><V109/><F32/><W73/><G73/><T92/><D39/><U31/><E106/><V102/><F109/><W83/><G129/><N who="2" m="49769" /><F132/><W62/><G135/><T21/><D133/><U28/><E127/><V6/><F102/><W104/><G104/><T124/><D92/><U25/><E118/><V37/><F37/><W96/><G4/><T59/><D59/><U34/><E69/><V65/><F6/><W93/><G83/><T7/><D7/><U95/><E66/><N who="2" m="39287" /><F49/><N who="3" m="29103" /><G68/><T84/><D9/><U52/><E79/><N who="2" m="30219" /><F117/><W3/><G3/><T1/><REACH who="0" step="1"/><D2/><REACH who="0" ten="260,240,240,240" step="2"/><U44/><E46/><V10/><F10/><N who="3" m="6327" /><G38/><T57/><D57/><U61/><E5/><V98/><F98/><W56/><G62/><T119/><D119/><U19/><E61/><V12/><F12/><W101/><G101/><T126/><D126/><U108/><E8/><V40/><F40/><W97/><G97/><T76/><D76/><U22/><E44/><V16/><AGARI ba="1,2" hai="16,20,27,65,67" m="30219,39287,49769" machi="16" ten="30,2000,0" yaku="19,1,54,1" doraHai="113" who="2" fromWho="2" sc="260,-11,240,-6,240,43,240,-6" /><INIT seed="1,0,0,3,4,38" ten="249,234,283,234" oya="1" hai0="49,128,97,66,127,134,84,119,72,4,60,131,15" hai1="61,0,113,27,98,25,71,123,2,6,41,76,20" hai2="101,87,96,70,124,11,115,42,59,47,112,67,24" hai3="34,35,104,45,91,43,14,95,7,110,78,64,26"/><U121/><E113/><V111/><F111/><W81/><G104/><T88/><D72/><U103/><E27/><V57/><F124/><W92/><G64/><T29/><D119/><U31/><E76/><V126/><F126/><W117/><G110/><T18/><D127/><U122/><E6/><V90/><F11/><N who="3" m="4479" /><G117/><T56/><D29/><U73/><E73/><V116/><F24/><W53/><G53/><T54/><D134/><U105/><E71/><V89/><F70/><W120/><G120/><T37/><D4/><U68/><E68/><V82/><F89/><W85/><G92/><T107/><D97/><U39/><REACH who="1" step="1"/><E61/><REACH who="1" ten="249,224,283,234" step="2"/><V100/><F116/><W23/><G35/><T130/><D107/><U32/><E32/><V55/><F112/><W3/><G34/><T62/><D66/><U22/><E22/><V44/><F67/><W77/><G77/><T19/><D62/><U93/><E93/><V36/><F115/><W83/><G95/><N who="0" m="54663" /><D60/><U50/><E50/><V102/><F36/><W10/><G23/><N who="0" m="11743" /><D19/><U52/><E52/><V28/><F55/><W135/><G26/><T17/><D17/><U8/><E8/><V129/><F28/><W58/><G10/><T12/><D12/><U5/><E5/><V51/><F51/><W114/><G114/><T63/><D63/><U86/><E86/><V33/><F87/><N who="3" m="50687" /><G78/><T132/><D37/><U74/><E74/><V94/><F94/><W16/><G85/><T13/><D13/><U125/><E125/><V106/><F106/><W65/><G65/><T99/><D132/><U69/><E69/><V75/><F75/><RYUUKYOKU ba="0,1" sc="249,15,224,15,283,-15,234,-15" hai0="49,54,56,99,128,130,131" hai1="0,2,20,25,31,39,41,98,103,105,121,122,123" /><INIT seed="1,1,1,0,2,13" ten="264,239,268,219" oya="1" hai0="14,64,58,133,54,35,40,4,44,48,127,98,63" hai1="84,132,5,68,74,47,93,56,27,111,125,59,117" hai2="55,75,57,62,109,76,95,3,60,8,91,116,43" hai3="113,53,80,7,130,89,118,67,105,102,128,82,79"/><U124/><E117/><V61/><F116/><W122/><G67/><T1/><D35/><U9/><E74/><V38/><F109/><W10/><G122/><T121/><D127/><N who="1" m="48715" /><E68/><V83/><F43/><W92/><G113/><T36/><D133/><U23/><E132/><V110/><F38/><W19/><G118/><T115/><D115/><U71/><E71/><V119/><F119/><W25/><G53/><T28/><D121/><U12/><E111/><V29/><F110/><W97/><G25/><T16/><D28/><N who="1" m="17535" /><E47/><V22/><F29/><W45/><G45/><T24/><D24/><U37/><E37/><V88/><F22/><W66/><G66/><T135/><D135/><U69/><E69/><V30/><F30/><W103/><G103/><T129/><D129/><N who="3" m="49769" /><G19/><T99/><D4/><U2/><E2/><V70/><F70/><W108/><G79/><T42/><D1/><U107/><E107/><V0/><F3/><N who="3" m="383" /><G108/><T31/><D31/><U96/><E84/><AGARI ba="1,1" hai="80,82,84,89,92,97,102,105" m="383,49769" machi="84" ten="30,1000,0" yaku="19,1" doraHai="13" who="3" fromWho="1" sc="264,0,239,-13,268,0,219,23" /><INIT seed="2,0,0,5,0,15" ten="264,226,268,242" oya="2" hai0="59,130,53,131,29,66,124,119,9,18,95,97,21" hai1="101,71,88,24,37,13,44,108,42,103,96,133,91" hai2="102,113,120,10,76,32,63,67,94,0,77,49,12" hai3="16,11,57,22,43,112,26,87,27,104,79,81,40"/><V135/><F113/><W99/><G112/><T68/><D68/><U92/><E108/><V47/><F120/><W85/><G85/><T125/><D66/><U7/><E133/><V58/><F0/><W123/><G123/><T23/><D29/><U36/><E71/><V73/><F32/><W31/><G57/><T72/><D72/><U64/><E64/><V132/><F102/><W83/><G83/><T82/><D82/><U56/><E36/><V69/><F94/><W62/><G62/><N who="0" m="36207" /><D9/><U109/><E109/><V30/><F30/><W4/><G104/><T55/><D55/><U116/><E116/><V126/><F126/><N who="0" m="48746" /><D119/><U122/><E122/><V54/><F73/><W78/><G78/><T80/><D80/><U39/><E39/><V117/><F117/><W118/><G118/><T28/><D28/><U35/><E56/><V17/><REACH who="2" step="1"/><F69/><REACH who="2" ten="264,226,258,242" step="2"/><W134/><G134/><AGARI ba="0,1" hai="10,12,17,47,49,54,58,63,67,76,77,132,134,135" machi="134" ten="40,12000,1" yaku="1,1,2,1,20,1,52,1,53,1" doraHai="15" doraHaiUra="8" who="2" fromWho="3" sc="264,0,226,0,258,130,242,-120" /><INIT seed="2,1,0,4,3,7" ten="264,226,388,122" oya="2" hai0="27,98,58,61,127,102,108,32,40,44,53,34,110" hai1="37,5,101,80,117,84,94,72,120,100,114,106,69" hai2="60,130,109,18,104,14,134,118,39,73,66,49,24" hai3="9,54,45,74,132,15,125,3,25,121,50,65,70"/><V8/><F39/><W48/><G121/><T81/><D127/><U31/><E120/><V38/><F38/><W2/><G74/><T46/><D81/><U0/><E114/><V64/><F104/><W95/><G125/><T107/><D46/><U23/><E106/><V133/><F73/><W135/><G25/><T91/><D91/><U36/><E72/><V47/><F118/><W51/><G95/><T43/><D40/><U112/><E69/><V19/><F130/><W86/><G86/><T92/><D107/><U33/><E33/><V99/><F99/><W10/><G65/><T77/><D77/><U97/><E101/><V105/><F105/><W30/><G30/><T75/><D75/><U124/><E112/><V17/><F109/><N who="0" m="42090" /><D27/><U89/><E117/><V28/><F134/><N who="3" m="51243" /><G70/><T128/><D128/><U96/><E96/><V88/><F88/><W123/><G123/><T56/><D56/><U78/><E78/><V103/><F103/><W21/><G21/><T59/><D59/><U116/><E116/><V67/><F60/><W71/><G71/><T129/><D129/><U26/><REACH who="1" step="1"/><E124/><REACH who="1" ten="264,216,388,122" step="2"/><V115/><F133/><W13/><G45/><T85/><D85/><U22/><E22/><N who="2" m="15383" /><F115/><W90/><G90/><T11/><D34/><U29/><E29/><V113/><F113/><W12/><G54/><AGARI ba="1,1" hai="8,14,17,18,19,47,49,54,64,66,67" m="15383" machi="54" ten="30,2900,0" yaku="8,1,52,1" doraHai="7" who="2" fromWho="3" sc="264,0,216,0,388,42,122,-32" /><INIT seed="2,2,0,4,4,82" ten="264,216,430,90" oya="2" hai0="33,4,39,56,111,53,71,67,46,113,6,104,102" hai1="79,2,80,108,103,11,134,42,85,60,64,35,125" hai2="24,45,107,15,122,89,58,10,48,28,83,38,97" hai3="27,87,44,8,5,55,66,129,13,70,94,12,78"/><V23/><F38/><W95/><G129/><T41/><D33/><U52/><E35/><V131/><F131/><W76/><G27/><T34/><D113/><U84/><E108/><V20/><F58/><W68/><G66/><T88/><D34/><U77/><E42/><V110/><F110/><W75/><G75/><T120/><D120/><U100/><E134/><V54/><F23/><W47/><G55/><T81/><D104/><U65/><E125/><V74/><F74/><W63/><G63/><N who="0" m="40447" /><D102/><U93/><E2/><V92/><F107/><W106/><G106/><T112/><D112/><U128/><E128/><V117/><F117/><W32/><G32/><T126/><D126/><U29/><E29/><V25/><F25/><W127/><G127/><T26/><D26/><U124/><E11/><V69/><F69/><W91/><G8/><T49/><D111/><U1/><E1/><V31/><F83/><W72/><G72/><T115/><D115/><U119/><E119/><V99/><F122/><W86/><G5/><T62/><D62/><U37/><E37/><V116/><F116/><W135/><REACH who="3" step="1"/><G91/><REACH who="3" ten="264,216,430,80" step="2"/><T123/><D123/><U109/><E124/><V22/><F20/><W90/><G90/><T14/><D14/><U16/><E65/><V36/><F22/><W114/><G114/><T105/><D105/><U130/><E64/><V96/><F24/><W133/><AGARI ba="2,1" hai="12,13,44,47,68,70,76,78,86,87,94,95,133,135" machi="133" ten="25,12000,2" yaku="1,1,0,1,22,2,52,2,53,0" doraHai="82" doraHaiUra="18" who="3" fromWho="3" sc="264,-32,216,-32,430,-62,80,136" /><INIT seed="3,0,0,1,3,126" ten="232,184,368,216" oya="3" hai0="79,32,42,109,124,50,94,112,99,44,122,29,75" hai1="73,111,68,37,77,17,92,130,58,5,65,64,82" hai2="129,106,117,102,85,31,38,76,51,19,134,128,9" hai3="91,40,88,135,121,52,61,114,53,125,104,108,8"/><W110/><G114/><T63/><D122/><U4/><E68/><V81/><F38/><W45/><G121/><T2/><D112/><U30/><E111/><N who="3" m="42538" /><G104/><T78/><D2/><U115/><E115/><V26/><F134/><W56/><G135/><T10/><D75/><U13/><E37/><V59/><F117/><W24/><G125/><T120/><D120/><U105/><E105/><V33/><F102/><W7/><G53/><T39/><D39/><U116/><E116/><V1/><F106/><W55/><G55/><T46/><D124/><U41/><E41/><V47/><F59/><W100/><G100/><T16/><D109/><U90/><E30/><V23/><F9/><W18/><G18/><T97/><D46/><U93/><E65/><V14/><REACH who="2" step="1"/><F1/><REACH who="2" ten="232,184,358,216" step="2"/><N who="3" m="111" /><G24/><T133/><D63/><U22/><E64/><V36/><F36/><AGARI ba="0,1" hai="36,40,45,52,56,61,88,91" m="111,42538" machi="36" ten="30,11600,0" yaku="14,1,10,1,54,2" doraHai="126" who="3" fromWho="2" sc="232,0,184,0,358,-116,216,126" /><INIT seed="3,1,0,3,1,120" ten="232,184,242,342" oya="3" hai0="14,25,34,38,81,27,117,55,45,75,98,44,58" hai1="118,106,129,61,41,49,123,64,85,103,35,4,47" hai2="105,18,39,21,7,90,133,82,28,57,51,60,1" hai3="89,95,29,33,130,63,54,122,56,102,78,16,132"/><W8/><G122/><T96/><D117/><U2/><E123/><V65/><F105/><W125/><G130/><T43/><D44/><U93/><E129/><V68/><F39/><W30/><G33/><T135/><D135/><U9/><E118/><V36/><F36/><W128/><G128/><T110/><D110/><U79/><E106/><V113/><F113/><W119/><G119/><T77/><D14/><U12/><E35/><V101/><F101/><W11/><G132/><T91/><D34/><U50/><E2/><V31/><F133/><W99/><G125/><T17/><D17/><U59/><E50/><V84/><F7/><W134/><G134/><T111/><D111/><U97/><E79/><V114/><F1/><W48/><G78/><T46/><D46/><U20/><E20/><V6/><F6/><W131/><G131/><T83/><D83/><U88/><REACH who="1" step="1"/><E103/><REACH who="1" ten="232,174,242,342" step="2"/><V19/><F114/><W104/><G48/><T87/><D77/><U124/><E124/><V53/><REACH who="2" step="1"/><F18/><REACH who="2" ten="232,174,232,342" step="2"/><W126/><G16/><T69/><D38/><U70/><E70/><V127/><F127/><W23/><G126/><T74/><D69/><U32/><E32/><V0/><F0/><W72/><G102/><T109/><D109/><U13/><E13/><AGARI ba="1,2" hai="13,19,21,28,31,51,53,57,60,65,68,82,84,90" machi="13" ten="30,3900,0" yaku="1,1,7,1,53,1" doraHai="120" doraHaiUra="15" who="2" fromWho="1" sc="232,0,174,-42,232,62,342,0" /><INIT seed="4,0,0,1,2,44" ten="232,132,294,342" oya="0" hai0="67,94,47,65,107,32,130,113,86,1,31,64,34" hai1="5,66,56,123,27,54,52,36,75,83,127,39,121" hai2="120,134,35,79,88,78,6,114,69,102,76,30,95" hai3="40,70,45,15,117,89,104,48,72,26,49,2,25"/><T109/><D107/><U59/><E75/><V119/><F120/><N who="1" m="46153" /><E83/><V24/><F119/><W80/><G2/><T57/><D113/><U87/><E87/><V122/><F122/><W103/><G70/><T38/><D109/><U50/><E5/><V97/><F69/><W58/><G117/><T106/><D106/><U125/><E66/><V53/><F53/><N who="3" m="32047" /><G72/><T84/><D130/><U0/><E0/><V46/><F46/><W91/><G104/><T7/><D7/><U101/><E101/><V132/><F6/><W116/><G116/><T10/><D1/><U99/><E99/><V108/><F108/><W77/><G103/><T21/><D84/><U63/><E27/><N who="3" m="10250" /><G77/><T18/><D86/><U73/><E73/><V131/><F131/><W135/><G135/><N who="2" m="51753" /><F102/><W129/><G129/><T23/><D94/><U93/><E93/><V90/><F90/><N who="3" m="34315" /><G15/><T128/><D128/><U14/><E14/><V71/><F71/><W12/><G12/><T51/><D34/><U42/><E42/><V115/><AGARI ba="0,0" hai="24,30,35,76,78,79,88,95,97,114,115" m="51753" machi="115" ten="40,2700,0" yaku="20,1,54,1" doraHai="44" who="2" fromWho="2" sc="232,-13,132,-7,294,27,342,-7" /><INIT seed="5,0,0,3,2,22" ten="219,125,321,335" oya="1" hai0="131,110,125,26,21,62,34,87,85,111,56,65,28" hai1="88,37,57,115,38,61,24,108,112,103,25,106,126" hai2="67,122,46,17,19,59,0,30,69,117,8,127,120" hai3="96,41,97,18,105,98,5,36,31,75,76,44,89"/><U27/><E126/><V1/><F117/><W16/><G105/><T33/><D125/><U58/><E108/><V49/><F69/><W50/><G31/><T77/><D131/><U63/><E106/><V13/><F127/><W121/><G121/><T124/><D124/><U42/><E103/><V10/><F30/><W129/><G129/><T93/><D87/><U73/><E73/><V94/><F1/><W134/><G134/><T82/><REACH who="0" step="1"/><D93/><REACH who="0" ten="209,125,321,335" step="2"/><U11/><E11/><V35/><F94/><N who="3" m="56399" /><G75/><T55/><D55/><N who="1" m="33983" /><E88/><V7/><F10/><W86/><G86/><T3/><D3/><U123/><E123/><V70/><F0/><W66/><G76/><T90/><D90/><U132/><E42/><V12/><F8/><W114/><G41/><T92/><D92/><U119/><E119/><V101/><F120/><W81/><G81/><T9/><D9/><U113/><E132/><V53/><F122/><W23/><G5/><T47/><D47/><U32/><E32/><AGARI ba="0,1" hai="21,26,28,32,33,34,56,62,65,77,82,85,110,111" machi="32" ten="40,2600,0" yaku="1,1,52,1,53,0" doraHai="22" doraHaiUra="107" who="0" fromWho="1" sc="209,36,125,-26,321,0,335,0" /><INIT seed="6,0,0,2,4,73" ten="245,99,321,335" oya="2" hai0="88,6,96,119,104,72,30,1,16,86,89,7,115" hai1="63,135,91,5,111,132,54,90,57,34,100,12,66" hai2="45,65,110,109,116,59,48,27,52,43,50,123,32" hai3="98,92,38,118,2,51,94,41,77,62,128,80,131"/><V126/><F27/><W24/><G118/><T87/><D72/><U133/><E111/><N who="2" m="42507" /><F32/><W19/><G2/><T18/><D1/><U103/><E34/><V8/><F8/><W55/><G41/><T93/><D115/><U79/><E5/><N who="0" m="1545" /><D104/><U37/><E37/><N who="2" m="21743" /><F123/><W124/><G38/><T117/><D30/><U95/><E12/><V23/><F23/><N who="3" m="13439" /><G124/><T102/><D102/><U121/><E121/><V97/><F97/><W29/><G29/><T9/><D9/><U112/><E112/><V81/><F81/><W61/><G128/><T31/><D31/><U33/><E33/><V99/><F99/><W78/><G131/><T101/><D117/><U17/><E17/><N who="0" m="6761" /><D119/><U107/><E107/><V108/><F116/><W25/><G25/><T75/><D75/><U74/><E66/><V125/><F108/><W64/><G64/><T68/><D68/><U58/><E58/><N who="2" m="33031" /><F50/><W106/><G106/><T76/><D87/><U3/><E3/><V127/><F127/><W4/><G4/><T44/><D101/><U0/><E0/><V35/><F35/><W21/><G21/><T56/><D96/><U71/><E100/><V11/><F11/><W130/><G130/><T105/><D105/><U14/><E103/><V36/><F36/><W53/><G80/><N who="0" m="47367" /><D93/><U114/><E95/><V70/><F70/><W20/><G94/><T113/><D113/><U39/><E71/><V47/><F47/><W46/><G20/><T129/><D44/><U82/><E114/><V67/><F67/><W122/><G122/><T13/><D129/><U84/><E39/><V22/><F22/><RYUUKYOKU ba="0,0" sc="245,-10,99,-10,321,30,335,-10" hai2="59,65,125,126" /><INIT seed="6,1,0,2,5,127" ten="235,89,351,325" oya="2" hai0="101,17,34,28,93,106,24,123,103,82,42,124,125" hai1="76,109,80,5,10,30,111,105,115,54,118,90,18" hai2="110,98,8,37,72,85,2,92,31,86,46,116,38" hai3="0,129,50,117,59,122,48,60,29,7,88,53,70"/><V44/><F116/><W102/><G117/><T3/><D106/><U68/><E68/><V13/><F72/><W52/><G122/><T87/><D3/><U58/><E105/><V41/><F2/><W84/><G102/><T4/><D4/><U134/><E134/><V91/><F31/><W131/><G29/><T19/><D123/><U74/><E115/><V51/><F38/><W36/><G36/><T57/><D42/><U27/><E18/><V96/><F96/><W94/><G0/><T25/><D57/><U120/><E90/><V112/><F112/><W75/><G75/><T67/><D67/><U61/><E120/><V43/><F110/><W49/><G7/><AGARI ba="1,0" hai="7,8,13,37,41,43,44,46,51,85,86,91,92,98" machi="7" ten="30,1500,0" yaku="7,1" doraHai="127" who="2" fromWho="3" sc="235,0,89,0,351,18,325,-18" /><INIT seed="6,2,0,2,0,129" ten="235,89,369,307" oya="2" hai0="41,85,65,97,58,1,26,9,12,49,27,73,60" hai1="74,128,125,83,72,109,90,55,56,7,6,30,22" hai2="123,127,126,113,95,94,75,110,101,57,100,23,50" hai3="15,77,52,84,87,111,19,38,121,69,53,105,89"/><V120/><F23/><W51/><G111/><T48/><D73/><U79/><E125/><N who="2" m="47627" /><F50/><W16/><G38/><T92/><D1/><U3/><E74/><V70/><F57/><W102/><G121/><N who="2" m="46665" /><F70/><W115/><G69/><T32/><D85/><U124/><E72/><V43/><F43/><W134/><G115/><T37/><D37/><U45/><E90/><V98/><F113/><W131/><G131/><T122/><D122/><U78/><E78/><V44/><F44/><W99/><G77/><T132/><D132/><U81/><E3/><V17/><F17/><W104/><G134/><T119/><D119/><U21/><E30/><V67/><F67/><W31/><G31/><T86/><D86/><U118/><E45/><V91/><F75/><W2/><G2/><T82/><D32/><U61/><E56/><V36/><F36/><W18/><G15/><T103/><D48/><U20/><E20/><V135/><F135/><W133/><G133/><T71/><D71/><U42/><E42/><V47/><F47/><W59/><G53/><T13/><D49/><U33/><E55/><V63/><F63/><W25/><G25/><N who="0" m="9227" /><D41/><U112/><E33/><V93/><F110/><W11/><G11/><T29/><D29/><U40/><E40/><V116/><F116/><W8/><G8/><T24/><D24/><U108/><E118/><V130/><F130/><W114/><G114/><T5/><D13/><U76/><E124/><V39/><F39/><W107/><G89/><T46/><D46/><U106/><E128/><V62/><F62/><W14/><G14/><T66/><D66/><RYUUKYOKU ba="2,0" sc="235,10,89,-30,369,10,307,10" hai0="5,9,12,58,60,65,82,92,97,103" hai2="91,93,94,95,98,100,101" hai3="16,18,19,51,52,59,84,87,99,102,104,105,107" /><INIT seed="6,3,0,0,0,129" ten="245,59,379,317" oya="2" hai0="19,102,36,77,37,8,3,5,45,69,17,73,34" hai1="38,66,122,13,90,24,31,126,87,52,67,54,42" hai2="68,84,111,85,35,0,74,49,81,26,95,4,60" hai3="83,82,14,128,2,79,12,43,130,88,1,124,101"/><V9/><F49/><W6/><G101/><T113/><D113/><U125/><E122/><V44/><F44/><W96/><G43/><T57/><D69/><U32/><E38/><V135/><F135/><W98/><G79/><T39/><D34/><U104/><E104/><V107/><F95/><W58/><G58/><T112/><D112/><U59/><E42/><V15/><F15/><W89/><REACH who="3" step="1"/><G6/><REACH who="3" ten="245,59,379,307" step="2"/><T93/><D57/><U92/><E54/><V80/><F68/><W33/><G33/><T63/><D45/><U119/><E119/><V117/><F35/><W123/><G123/><T65/><D77/><U22/><E66/><V76/><F76/><W47/><G47/><T115/><D115/><U100/><E67/><V30/><F117/><W118/><G118/><T53/><D65/><U109/><E100/><V64/><F111/><W41/><G41/><T61/><D5/><U29/><E109/><V121/><F64/><W25/><G25/><T134/><D102/><U114/><E114/><V106/><F4/><W103/><G103/><T75/><D39/><U94/><E94/><V20/><F121/><W23/><G23/><T16/><D93/><U11/><E32/><V51/><F20/><W86/><G86/><T50/><D37/><U7/><REACH who="1" step="1"/><E29/><REACH who="1" ten="245,49,379,307" step="2"/><V99/><F30/><W110/><G110/><T21/><D36/><U97/><E97/><V105/><F99/><W133/><G133/><T27/><D134/><U18/><E18/><V91/><F106/><W70/><G70/><T116/><D19/><U132/><E132/><V120/><F107/><W56/><G56/><RYUUKYOKU ba="3,2" sc="245,-15,49,15,379,-15,307,15" hai1="7,11,13,22,24,31,52,59,87,90,92,125,126" hai3="1,2,12,14,82,83,88,89,96,98,124,128,130" /><INIT seed="7,4,2,3,5,130" ten="230,64,364,322" oya="3" hai0="62,101,125,126,67,46,90,124,60,66,4,34,116" hai1="31,127,13,15,102,70,110,122,99,76,59,84,121" hai2="103,27,98,11,57,79,73,85,55,21,6,33,95" hai3="117,96,44,118,105,80,112,104,129,77,53,133,111"/><W40/><G129/><T92/><D34/><U9/><E127/><V83/><F33/><W10/><G112/><T45/><D116/><U37/><E110/><V7/><F11/><W114/><G114/><T74/><D74/><U119/><E119/><N who="3" m="45578" /><G53/><T64/><D101/><U108/><E108/><V135/><F135/><W22/><G22/><T38/><D4/><U61/><E37/><V41/><F41/><W51/><G111/><T106/><D106/><U131/><E131/><V65/><F65/><W113/><G113/><T71/><D71/><U107/><E70/><V91/><F73/><W25/><G25/><T5/><D5/><U24/><E76/><V52/><F79/><W16/><G96/><T87/><D38/><U49/><E49/><N who="2" m="30863" /><F55/><W50/><G50/><T30/><D30/><AGARI ba="4,2" hai="6,7,21,27,30,83,85,91,95,98,103" m="30863" machi="30" ten="30,2000,0" yaku="8,1,54,1" doraHai="130" who="2" fromWho="0" sc="230,-32,64,0,364,52,322,0" owari="198,-20.0,64,-44.0,416,52.0,322,12.0" /></mjloggm>