<mjloggm ver="2.3"><GO type="97" lobby="0"/><UN n0="%68%69%74%69%6B%61%7A%75" n1="%E5%B0%B1%E6%B4%BB%E7%94%9F%40%E5%B7%9D%E6%9D%91%E8%BB%8D%E5%9B%A3" n2="%74%6F%79%74%6F%79%32" n3="%E3%81%97%E3%82%8D%E3%81%AA%E3%81%8C%E3%81%99%E3%81%8F%E3%81%98%E3%82%89" dan="14,15,13,13" rate="1930.05,2057.85,1863.89,1880.24" sx="M,M,M,M"/><TAIKYOKU oya="0"/><INIT seed="0,0,0,0,3,14" ten="250,250,250,250" oya="0" hai0="81,85,36,46,13,78,124,27,62,28,43,105,66" hai1="23,38,130,113,35,86,111,11,65,91,97,56,2" hai2="63,34,6,132,103,123,110,117,55,41,20,95,57" hai3="122,74,96,107,48,73,99,3,53,69,9,119,70"/><T129/><D105/><U120/><E38/><V127/><F123/><W52/><G122/><T101/><D129/><U100/><E35/><V49/><F117/><W77/><G119/><T92/><D124/><U135/><E135/><V50/><F34/><W51/><G107/><T31/><D27/><U114/><E23/><V64/><F127/><W108/><G108/><T88/><D101/><U67/><E111/><V10/><F132/><W106/><G106/><T1/><D1/><U80/><E56/><V0/><F41/><W24/><G3/><T75/><REACH who="0" step="1"/><D13/><REACH who="0" ten="240,250,250,250" step="2"/><U98/><E130/><V131/><F131/><W8/><REACH who="3" step="1"/><G77/><REACH who="3" ten="240,250,250,240" step="2"/><T71/><AGARI ba="0,2" hai="28,31,36,43,46,62,66,71,75,78,81,85,88,92" machi="71" ten="20,12000,1" yaku="1,1,2,1,0,1,7,1,54,1,53,0" doraHai="14" doraHaiUra="54" who="0" fromWho="0" sc="240,140,250,-40,250,-40,240,-40" /><INIT seed="0,1,0,5,3,12" ten="380,210,210,200" oya="0" hai0="52,35,76,95,6,116,107,131,36,114,88,121,74" hai1="109,124,96,29,112,86,5,84,111,120,44,20,66" hai2="129,19,32,48,62,43,18,64,30,83,115,46,123" hai3="92,1,3,117,0,28,42,97,68,135,23,78,73"/><T11/><D121/><U60/><E120/><V24/><F123/><W79/><G68/><T54/><D116/><U72/><E72/><V16/><F115/><W61/><G117/><T105/><D36/><U127/><E5/><V99/><F129/><W94/><G135/><T38/><D38/><U91/><E44/><V71/><F99/><W67/><G73/><T8/><D114/><U45/><E45/><V14/><REACH who="2" step="1"/><F83/><REACH who="2" ten="380,210,200,200" step="2"/><W69/><G97/><T118/><D131/><U132/><E96/><V80/><F80/><W55/><G0/><T98/><D118/><U93/><E112/><V104/><F104/><W82/><G82/><T17/><D107/><U47/><E132/><V77/><F77/><W26/><G79/><T59/><D105/><U128/><E128/><V100/><F100/><W103/><G78/><T57/><D76/><U81/><E81/><V13/><AGARI ba="1,1" hai="13,14,16,18,19,24,30,32,43,46,48,62,64,71" machi="13" ten="30,12000,2" yaku="1,1,0,1,52,3,54,1,53,0" doraHai="12" doraHaiUra="89" who="2" fromWho="2" sc="380,-61,210,-31,200,133,200,-31" /><INIT seed="1,0,0,1,0,68" ten="319,179,333,169" oya="1" hai0="69,117,122,51,16,8,115,85,105,78,59,114,24" hai1="35,135,91,70,116,109,48,126,43,103,41,37,29" hai2="27,61,6,33,60,100,47,39,74,50,130,40,58" hai3="83,21,17,97,76,4,19,15,72,119,5,23,131"/><U94/><E37/><V98/><F74/><W81/><G119/><T30/><D117/><U67/><E116/><V64/><F130/><W38/><G131/><T111/><D122/><U63/><E103/><V89/><F89/><W34/><G38/><T36/><D36/><U90/><E126/><V54/><F6/><W12/><G34/><T77/><D105/><U52/><E135/><V133/><F133/><W110/><G110/><T125/><D69/><U49/><E49/><V3/><F3/><W46/><G46/><T57/><D125/><U121/><E121/><V79/><F79/><W106/><G106/><T86/><D111/><U56/><E91/><V123/><F123/><W20/><G20/><T101/><D101/><U108/><E108/><V88/><F88/><W66/><G66/><T124/><D124/><U13/><E109/><V55/><F55/><W93/><REACH who="3" step="1"/><G81/><REACH who="3" ten="319,179,333,159" step="2"/><T44/><D115/><U26/><REACH who="1" step="1"/><E13/><REACH who="1" ten="319,169,333,159" step="2"/><V127/><F127/><W11/><G11/><T71/><D114/><U22/><E22/><V96/><F64/><W132/><G132/><T73/><D8/><U99/><AGARI ba="0,2" hai="26,29,35,41,43,48,52,56,63,67,70,90,94,99" machi="99" ten="20,12000,1" yaku="1,1,0,1,7,1,54,1,53,1" doraHai="68" doraHaiUra="62" who="1" fromWho="1" sc="319,-40,169,140,333,-40,159,-40" /><INIT seed="1,1,0,4,3,26" ten="279,309,293,119" oya="1" hai0="25,114,117,22,132,67,55,64,102,115,49,73,69" hai1="37,122,72,53,87,35,100,31,71,20,40,12,9" hai2="116,57,17,68,1,66,56,7,62,93,108,59,110" hai3="92,50,96,18,8,43,70,30,131,135,34,88,106"/><U112/><E72/><V63/><F116/><W13/><G70/><T129/><D117/><U27/><E71/><V14/><F7/><W61/><G131/><T98/><D132/><U39/><E122/><V120/><F1/><W2/><G135/><T36/><D129/><U118/><E118/><V60/><F120/><W45/><G2/><T58/><D73/><U23/><E100/><V32/><F32/><W0/><G0/><T65/><D36/><U77/><E53/><V28/><F93/><W44/><G106/><T123/><D123/><U97/><E97/><V21/><REACH who="2" step="1"/><F28/><REACH who="2" ten="279,309,283,119" step="2"/><W84/><G34/><T3/><D3/><U103/><E31/><V82/><F82/><W46/><G30/><T19/><REACH who="0" step="1"/><D69/><REACH who="0" ten="269,309,283,119" step="2"/><U80/><E35/><V125/><F125/><W79/><REACH who="3" step="1"/><G61/><AGARI ba="1,2" hai="14,17,21,56,57,59,60,61,62,63,66,68,108,110" machi="61" ten="50,1600,0" yaku="1,1,53,0" doraHai="26" doraHaiUra="99" who="2" fromWho="3" sc="269,0,309,0,283,39,119,-19" /><INIT seed="2,0,0,1,2,81" ten="269,309,322,100" oya="2" hai0="134,28,86,69,9,76,120,122,92,41,19,1,63" hai1="38,53,14,31,18,54,13,109,135,80,67,94,91" hai2="117,0,40,59,72,74,111,83,113,34,66,96,115" hai3="102,108,112,58,39,116,75,88,95,103,4,97,129"/><V79/><F117/><W48/><G39/><T22/><D134/><U15/><E38/><V84/><F34/><W24/><G116/><T32/><D41/><U114/><E135/><V8/><F40/><W104/><G108/><T26/><D63/><U87/><E109/><V47/><F47/><W33/><G112/><T2/><D69/><U127/><E127/><V126/><F126/><W90/><G75/><T101/><D101/><U123/><E123/><V82/><F111/><W61/><G129/><T121/><D9/><U105/><E105/><V110/><F110/><W56/><G103/><T42/><D42/><U17/><E31/><V55/><F66/><W124/><G124/><T20/><D32/><U64/><E80/><V45/><F45/><W98/><G90/><T7/><D7/><U21/><E114/><V77/><F96/><W27/><G33/><T36/><D36/><U46/><E15/><V99/><F99/><W89/><G89/><T73/><D73/><U11/><E53/><V62/><F0/><W52/><REACH who="3" step="1"/><G4/><REACH who="3" ten="269,309,322,90" step="2"/><T49/><D120/><U60/><E46/><V6/><F115/><W119/><G119/><T85/><D121/><U51/><E91/><V107/><F113/><W70/><G70/><T118/><D122/><U128/><E128/><V100/><F74/><W29/><G29/><T37/><D28/><U16/><E18/><V25/><F100/><W106/><G106/><T50/><D37/><U43/><E17/><V130/><F107/><W133/><G133/><T65/><D118/><U132/><E16/><V3/><F130/><W78/><G78/><RYUUKYOKU ba="0,1" sc="269,-15,309,-15,322,15,90,15" hai2="3,6,8,25,55,59,62,72,77,79,82,83,84" hai3="24,27,48,52,56,58,61,88,95,97,98,102,104" /><INIT seed="2,1,1,4,3,132" ten="254,294,337,105" oya="2" hai0="20,111,72,107,92,60,112,71,96,28,128,133,97" hai1="91,25,94,109,44,22,87,43,14,50,59,24,131" hai2="66,55,45,3,2,106,114,53,9,39,4,85,54" hai3="52,93,125,5,129,81,90,23,37,27,15,115,0"/><V105/><F114/><W11/><G37/><T31/><D112/><U21/><E131/><V121/><F121/><W99/><G115/><T56/><D111/><U80/><E109/><V48/><F66/><W134/><G134/><T65/><D72/><U77/><E59/><V36/><F3/><W98/><G129/><T10/><D133/><U29/><E14/><V38/><REACH who="2" step="1"/><F85/><REACH who="2" ten="254,294,327,105" step="2"/><W76/><G0/><T78/><D128/><U126/><E126/><V75/><F75/><W30/><G125/><T1/><D65/><U130/><E130/><V32/><F32/><W47/><G47/><T7/><D1/><U127/><E127/><V74/><F74/><W82/><G99/><T110/><D97/><U46/><E46/><V79/><F79/><W119/><G119/><T86/><D96/><U57/><E57/><V40/><AGARI ba="1,2" hai="2,4,9,36,38,39,40,45,48,53,54,55,105,106" machi="40" ten="40,3900,0" yaku="1,1,0,1,53,0" doraHai="132" doraHaiUra="108" who="2" fromWho="2" sc="254,-14,294,-14,327,62,105,-14" /><INIT seed="2,2,0,3,3,125" ten="240,280,389,91" oya="2" hai0="60,3,12,49,92,32,1,117,100,110,71,96,103" hai1="67,104,85,51,66,113,82,94,31,88,36,62,105" hai2="29,37,45,39,4,132,69,108,83,115,116,61,75" hai3="17,81,99,97,80,111,123,50,18,15,93,57,119"/><V28/><F116/><W25/><G111/><T58/><D117/><U27/><E36/><V2/><F115/><W8/><G119/><T41/><D32/><U79/><E113/><V40/><F29/><W76/><G123/><T134/><D110/><U55/><E104/><V38/><F132/><W73/><G80/><T127/><D127/><U26/><E105/><V74/><F28/><W59/><G97/><T133/><D103/><U77/><E77/><V33/><F33/><W14/><G25/><T107/><D71/><U43/><E43/><V44/><F44/><W131/><G131/><T52/><D107/><U109/><E109/><V10/><F108/><W35/><G35/><T70/><D12/><U9/><E9/><V128/><F128/><W0/><G50/><T42/><D70/><U54/><E54/><V120/><F120/><W63/><G0/><N who="0" m="75" /><D60/><U112/><E112/><V84/><F84/><W78/><G78/><T7/><D7/><U20/><E62/><V122/><F122/><W118/><G118/><T65/><D65/><U90/><E27/><V53/><F53/><W114/><G114/><T89/><D100/><U135/><E135/><AGARI ba="2,0" hai="41,42,49,52,58,89,92,96,133,134,135" m="75" machi="135" ten="30,2000,0" yaku="20,1,54,1" doraHai="125" who="0" fromWho="1" sc="240,26,280,-26,389,0,91,0" /><INIT seed="3,0,0,4,4,33" ten="266,254,389,91" oya="3" hai0="76,35,49,12,18,32,46,128,113,28,126,62,101" hai1="124,133,99,107,40,127,10,117,78,27,116,56,44" hai2="79,134,83,31,135,59,120,100,111,23,48,52,0" hai3="69,66,5,22,123,74,17,38,50,37,51,109,77"/><W75/><G123/><T86/><D113/><U15/><E78/><V8/><F120/><W19/><G77/><T94/><D126/><N who="1" m="48171" /><E27/><V9/><F111/><W14/><G109/><T60/><D28/><U20/><E20/><V24/><F100/><W96/><G5/><T93/><D32/><U81/><E81/><V26/><F26/><W125/><G125/><T72/><D35/><U88/><E56/><V55/><F55/><W70/><G96/><T54/><D72/><N who="3" m="27689" /><G66/><T103/><D128/><U73/><E73/><N who="2" m="43503" /><F0/><W1/><G22/><T132/><D132/><AGARI ba="0,0" hai="8,9,23,24,31,48,52,59,132,134,135" m="43503" machi="132" ten="30,2000,0" yaku="20,1,54,1" doraHai="33" who="2" fromWho="0" sc="266,-20,254,0,389,20,91,0" owari="246,-15.0,254,5.0,409,51.0,91,-41.0" /></mjloggm>