<mjloggm ver="2.3"><GO type="169" lobby="0"/><UN n0="%35%79%61" n1="%36%31%2E%38%EF%BC%85" n2="%E3%82%A6%E3%83%AB%E3%83%88%E3%83%A9%E7%AB%8B%E7%9B%B4" n3="%E3%81%A8%E3%81%BE%E3%81%A8%E3%81%BE%E5%90%9B" dan="16,17,17,16" rate="2124.34,2184.03,2144.50,2173.34" sx="M,M,M,M"/><TAIKYOKU oya="0"/><INIT seed="0,0,0,5,3,94" ten="250,250,250,250" oya="0" hai0="57,16,51,113,20,33,81,115,78,59,1,50,120" hai1="58,31,88,40,100,90,41,126,134,15,75,44,42" hai2="116,9,86,5,14,26,62,27,39,19,130,18,118" hai3="121,96,48,125,133,43,70,21,38,98,32,73,127"/><T104/><D120/><U77/><E126/><N who="3" m="48138" /><G32/><T92/><D104/><U107/><E134/><V54/><F39/><W4/><G121/><T13/><D33/><U34/><E44/><V11/><F86/><W23/><G73/><T89/><D1/><U87/><E75/><V123/><F54/><W24/><G70/><T72/><D59/><U114/><E114/><V109/><F62/><W83/><G133/><T110/><D110/><U71/><E71/><V122/><F109/><W65/><G65/><T17/><D17/><U53/><E15/><V56/><F56/><W28/><G4/><T30/><D30/><U132/><E132/><V95/><F95/><W108/><G108/><T93/><D93/><U101/><E101/><V66/><F66/><W74/><G38/><T119/><D119/><U36/><E36/><V111/><F111/><W67/><G21/><T128/><D128/><U47/><E47/><V63/><F63/><W79/><G67/><T45/><D57/><U69/><E69/><V49/><F49/><W3/><G3/><T102/><D102/><U112/><E112/><V55/><F55/><W99/><G48/><T117/><D117/><N who="2" m="45162" /><F130/><W10/><G10/><T131/><D131/><U105/><E53/><V97/><F123/><W46/><G46/><T0/><D51/><U64/><E58/><V68/><F68/><W37/><G37/><T84/><D0/><U82/><E64/><V35/><F35/><W2/><G2/><T6/><D6/><U52/><E34/><V135/><F5/><W22/><G43/><AGARI ba="0,0" hai="13,16,20,43,45,50,72,78,81,84,89,92,113,115" machi="43" ten="30,2900,0" yaku="7,1,54,1" doraHai="94" who="0" fromWho="3" sc="250,29,250,0,250,0,250,-29" /><INIT seed="0,1,0,5,4,85" ten="279,250,250,221" oya="0" hai0="121,119,35,61,80,128,83,92,18,56,91,51,77" hai1="110,130,108,59,49,29,90,1,129,16,71,107,15" hai2="78,58,84,52,20,45,113,88,38,117,70,60,66" hai3="82,112,27,36,10,95,41,97,73,89,134,81,122"/><T114/><D119/><U26/><E107/><V115/><F78/><W125/><G112/><T55/><D121/><U34/><E71/><V0/><F0/><W32/><G122/><T69/><D114/><U48/><E1/><V87/><F87/><W37/><G134/><T103/><D128/><N who="1" m="49259" /><E59/><V12/><F117/><W22/><G32/><T39/><D39/><U33/><E33/><V14/><F14/><W43/><G36/><T23/><D35/><U30/><E30/><V7/><F7/><W99/><G125/><T98/><D77/><U24/><E24/><V67/><F67/><W17/><G73/><T100/><D69/><U47/><E49/><N who="2" m="30991" /><F20/><W74/><G74/><T31/><D31/><U133/><E133/><V96/><F96/><W124/><G124/><T126/><D126/><U62/><E62/><V6/><F12/><N who="3" m="7319" /><G22/><T116/><D116/><U106/><E106/><V8/><F8/><W79/><G37/><T28/><D28/><U75/><E26/><V54/><F6/><W105/><G99/><T135/><D135/><U40/><E29/><V65/><F65/><W102/><G97/><T46/><D83/><U13/><E13/><V94/><F54/><W104/><G82/><T68/><D68/><U76/><E75/><V101/><F101/><W123/><G81/><T9/><D80/><U111/><E76/><V57/><F57/><W3/><G79/><T120/><D120/><U21/><E34/><V11/><F11/><W25/><G123/><T50/><D9/><U2/><E2/><V86/><F86/><W72/><G3/><T63/><D103/><RYUUKYOKU ba="1,0" sc="279,-15,250,15,250,15,221,-15" hai1="15,16,21,40,47,48,90,108,110,111" hai2="38,45,60,66,70,84,88,94,113,115" /><INIT seed="1,2,0,2,5,102" ten="264,265,265,206" oya="1" hai0="68,9,116,25,35,82,105,77,83,56,107,130,52" hai1="21,133,96,3,47,118,7,16,40,128,34,28,10" hai2="50,22,5,67,134,73,8,100,79,61,29,97,93" hai3="135,124,123,13,11,119,99,53,91,111,39,51,84"/><U23/><E118/><V26/><F134/><W20/><G123/><T110/><D116/><U127/><E133/><V81/><F50/><W109/><G119/><T32/><D68/><U69/><E69/><V36/><F36/><W0/><G135/><T94/><D110/><N who="3" m="41993" /><G39/><T92/><D130/><U65/><E65/><V55/><F55/><W46/><G0/><T14/><D92/><U98/><E128/><V126/><F126/><W1/><G1/><T6/><D94/><U41/><E23/><V88/><F100/><W72/><G72/><T125/><D125/><U17/><E17/><V106/><F106/><W49/><G49/><T132/><D132/><U74/><E74/><V15/><F61/><W37/><G37/><T85/><D82/><U18/><E18/><V76/><F79/><W101/><G20/><T60/><REACH who="0" step="1"/><D25/><REACH who="0" ten="254,265,265,206" step="2"/><U12/><E127/><V86/><REACH who="2" step="1"/><F67/><REACH who="2" ten="254,265,255,206" step="2"/><W78/><G124/><T113/><D113/><U54/><E98/><AGARI ba="2,2" hai="5,8,15,22,26,29,73,76,81,86,88,93,97,98" machi="98" ten="40,8000,1" yaku="1,1,2,1,54,1,53,1" doraHai="102" doraHaiUra="89" who="2" fromWho="1" sc="254,0,265,-86,255,106,206,0" /><INIT seed="2,0,0,3,0,130" ten="254,179,361,206" oya="2" hai0="119,67,75,16,31,43,49,59,114,118,34,12,65" hai1="88,109,111,107,102,1,91,38,123,70,4,113,126" hai2="57,84,22,103,40,9,117,25,122,62,89,101,10" hai3="92,116,18,128,61,120,68,78,96,41,110,47,0"/><V94/><F40/><W64/><G0/><T124/><D75/><U29/><E70/><V32/><F32/><W85/><G120/><T3/><D3/><U39/><E113/><V71/><F71/><W108/><G116/><N who="0" m="44587" /><D114/><U27/><E123/><V81/><F117/><W13/><G128/><T19/><D124/><U60/><E60/><V105/><F105/><W36/><G78/><T72/><D72/><U11/><E126/><V135/><F135/><W66/><G85/><T52/><D43/><U132/><E102/><V24/><F24/><W131/><G131/><T37/><D37/><U45/><E107/><V77/><F103/><W99/><G64/><N who="0" m="24651" /><D12/><U90/><E132/><V87/><F101/><W17/><G92/><T15/><D15/><U33/><REACH who="1" step="1"/><E45/><REACH who="1" ten="254,169,361,206" step="2"/><V6/><F122/><W55/><G47/><T35/><D31/><U73/><E73/><V54/><F6/><W97/><G68/><T86/><D86/><U7/><E7/><V104/><F104/><W76/><G18/><AGARI ba="0,1" hai="16,18,19,34,35,49,52,59" m="24651,44587" machi="18" ten="30,3900,0" yaku="12,1,54,2" doraHai="130" who="0" fromWho="3" sc="254,49,169,0,361,0,206,-39" /><AGARI ba="0,0" hai="9,10,18,22,25,54,57,62,77,81,84,87,89,94" machi="18" ten="30,2900,0" yaku="7,1,8,1" doraHai="130" who="2" fromWho="3" sc="303,0,169,0,361,29,167,-29" /><INIT seed="2,1,0,2,5,93" ten="303,169,390,138" oya="2" hai0="2,54,91,15,27,16,8,89,125,107,86,56,42" hai1="65,122,28,98,77,0,115,43,62,73,120,72,22" hai2="20,128,78,104,40,61,75,114,81,111,79,108,39" hai3="57,41,102,132,127,103,7,52,100,69,34,95,83"/><V119/><F119/><W32/><G69/><T30/><D125/><U66/><E0/><V67/><F114/><W36/><G127/><T135/><D135/><U129/><E115/><V123/><F123/><W113/><G113/><T31/><D107/><U90/><E43/><V17/><F79/><W64/><G132/><T46/><D2/><U45/><E45/><V50/><F39/><W5/><G64/><T116/><D116/><U109/><E109/><N who="2" m="42059" /><F104/><W6/><G83/><T38/><D86/><U53/><E53/><V11/><F11/><W97/><G41/><T60/><REACH who="0" step="1"/><D31/><REACH who="0" ten="293,169,390,138" step="2"/><U82/><E28/><V49/><F40/><W94/><G36/><T84/><D84/><U55/><E122/><V70/><F128/><W44/><G44/><T71/><D71/><U35/><E129/><V92/><F92/><W47/><G47/><T117/><D117/><U3/><E120/><V48/><F75/><W26/><G95/><T33/><AGARI ba="1,1" hai="8,15,16,27,30,33,38,42,46,54,56,60,89,91" machi="33" ten="20,12000,2" yaku="1,1,0,1,7,1,54,1,53,2" doraHai="93" doraHaiUra="87" who="0" fromWho="0" sc="293,133,169,-31,390,-61,138,-31" /><INIT seed="3,0,0,4,1,124" ten="426,138,329,107" oya="3" hai0="18,104,131,26,96,2,68,117,85,33,93,70,48" hai1="11,118,44,107,132,34,91,14,77,69,28,79,126" hai2="78,114,64,89,95,74,80,123,65,36,108,56,55" hai3="66,21,94,9,12,72,45,115,24,87,98,63,83"/><W84/><G115/><T134/><D117/><U43/><E107/><V60/><F36/><W92/><G45/><T86/><D134/><U42/><E69/><V130/><F114/><W29/><G72/><T105/><D131/><U10/><E118/><V13/><F108/><W67/><G83/><T23/><D2/><U75/><E43/><V20/><F130/><W61/><G61/><T73/><D73/><U113/><E11/><V54/><F123/><W6/><G92/><T53/><D33/><U40/><E40/><V25/><F13/><W37/><G37/><T3/><D3/><U58/><E126/><V31/><F55/><W128/><G128/><T71/><D105/><U101/><E101/><V135/><F135/><W46/><G46/><T103/><REACH who="0" step="1"/><D104/><REACH who="0" ten="416,138,329,107" step="2"/><U62/><E75/><V51/><F51/><W106/><G106/><T22/><D22/><U50/><E132/><V5/><F31/><W0/><G0/><T30/><D30/><U35/><E28/><V16/><REACH who="2" step="1"/><F5/><REACH who="2" ten="416,138,319,107" step="2"/><W57/><REACH who="3" step="1"/><G66/><REACH who="3" ten="416,138,319,97" step="2"/><T17/><D17/><N who="1" m="8407" /><E113/><V125/><F125/><W100/><AGARI ba="0,3" hai="6,9,12,21,24,29,57,63,67,84,87,94,98,100" machi="100" ten="20,24000,3" yaku="1,1,0,1,7,1,25,2,8,1,53,2" doraHai="124" doraHaiUra="81" who="3" fromWho="3" sc="416,-80,138,-80,319,-80,97,270" /><INIT seed="3,1,0,3,4,56" ten="336,58,239,367" oya="3" hai0="82,25,2,112,131,91,121,109,98,35,51,87,28" hai1="0,33,55,12,45,43,44,32,59,17,130,133,5" hai2="69,108,14,68,39,57,70,94,92,123,73,30,76" hai3="23,19,74,114,64,22,67,99,88,122,38,93,13"/><W96/><G74/><T118/><D121/><U102/><E133/><V128/><F76/><W77/><G114/><T49/><D118/><U62/><E130/><V75/><F39/><W79/><G38/><T90/><D109/><U40/><E5/><V42/><F42/><W58/><G122/><T60/><D131/><U85/><E102/><V89/><F128/><W15/><G99/><T126/><D112/><U106/><E106/><V11/><F30/><W134/><G134/><T6/><D126/><U36/><E85/><V129/><F129/><W116/><G116/><T135/><D135/><U20/><REACH who="1" step="1"/><E0/><REACH who="1" ten="336,48,239,367" step="2"/><V78/><F123/><W4/><G4/><T105/><D6/><U119/><E119/><V101/><F101/><W111/><G111/><T127/><D2/><U21/><E21/><V34/><F75/><W97/><G96/><T110/><D105/><U46/><E46/><V100/><F73/><W31/><G23/><T26/><D98/><U120/><E120/><V86/><F100/><W18/><G22/><T24/><D87/><U72/><E72/><V53/><F108/><W1/><G97/><T50/><D110/><U107/><E107/><V115/><F115/><W66/><G1/><T84/><D84/><U9/><E9/><V125/><F11/><W95/><G77/><T61/><D35/><U47/><E47/><V3/><F86/><W132/><G79/><T71/><D28/><U41/><E41/><V8/><F3/><W29/><G132/><T80/><D80/><U54/><E54/><V113/><F34/><W16/><G31/><T83/><D82/><RYUUKYOKU ba="1,1" sc="336,-10,48,30,239,-10,367,-10" hai1="12,17,20,32,33,36,40,43,44,45,55,59,62" /><INIT seed="4,2,1,2,5,134" ten="326,78,229,357" oya="0" hai0="130,27,89,50,79,52,19,10,124,76,72,85,75" hai1="113,122,1,107,99,18,94,54,25,65,105,37,43" hai2="88,96,108,111,63,120,119,64,33,95,5,32,68" hai3="82,55,86,112,57,92,62,17,73,39,51,45,22"/><T3/><D130/><U15/><E122/><V90/><F120/><W132/><G132/><T59/><D124/><U121/><E1/><V71/><F119/><W80/><G39/><T117/><D117/><U67/><E121/><V84/><F68/><W30/><G73/><T9/><D75/><U60/><E54/><V26/><F5/><W109/><G109/><T125/><D125/><U101/><E67/><V13/><F13/><W135/><G30/><T31/><D72/><U61/><E61/><V93/><REACH who="2" step="1"/><F26/><REACH who="2" ten="326,78,219,357" step="2"/><W16/><G135/><T42/><D27/><U123/><E123/><V127/><F127/><W6/><G6/><T36/><D3/><U106/><E25/><V126/><F126/><W91/><G112/><T11/><D31/><U14/><E113/><V77/><F77/><W100/><G17/><T102/><D76/><U34/><E18/><V44/><F44/><W20/><G22/><T40/><D79/><U83/><E15/><V53/><F53/><N who="3" m="34095" /><G100/><T12/><D52/><U110/><E101/><V47/><F47/><W133/><G133/><T69/><D102/><U115/><E115/><V104/><F104/><W81/><G16/><T98/><D69/><U21/><E107/><V23/><F23/><W114/><G20/><T28/><D28/><U4/><E105/><V24/><F24/><W97/><G114/><T66/><D12/><U87/><E14/><V56/><F56/><W7/><G7/><T0/><D19/><U38/><E106/><V58/><F58/><W2/><G2/><T103/><D59/><N who="1" m="37023" /><E4/><V70/><F70/><W129/><G55/><RYUUKYOKU ba="2,2" sc="326,-10,78,-10,219,30,357,-10" hai2="32,33,63,64,71,84,88,90,93,95,96,108,111" /><INIT seed="5,3,2,5,2,25" ten="316,68,249,347" oya="1" hai0="72,59,17,130,30,55,13,32,64,20,96,38,21" hai1="50,113,74,48,46,6,44,43,29,86,91,128,12" hai2="71,18,62,118,125,28,56,2,42,0,70,22,133" hai3="131,106,124,115,16,41,87,108,100,73,58,134,105"/><U39/><E74/><V40/><F118/><W93/><G73/><T78/><D38/><U120/><E120/><V34/><F34/><W67/><G108/><T75/><D130/><U107/><E107/><V111/><F111/><W54/><G41/><T51/><D64/><U109/><E109/><V10/><F2/><W102/><G67/><T49/><D96/><U98/><E128/><V129/><F0/><W82/><G106/><T7/><D7/><U135/><E135/><V37/><F37/><W117/><G105/><T47/><D32/><U79/><E113/><V19/><F70/><W112/><G117/><T110/><D78/><U119/><E119/><V114/><F71/><W104/><G104/><T14/><D110/><U83/><E39/><V27/><F133/><W123/><G134/><T81/><D81/><U15/><E6/><V31/><F129/><W77/><G131/><T69/><D69/><U24/><E98/><V5/><F125/><W94/><G124/><T35/><D35/><U65/><E65/><N who="2" m="39111" /><F5/><W33/><G33/><T92/><D92/><U84/><E79/><V8/><F114/><W90/><G123/><T99/><D99/><U1/><E1/><V76/><F76/><W116/><G77/><T52/><D30/><N who="2" m="11306" /><F19/><AGARI ba="3,2" hai="13,14,17,19,20,21,47,49,51,52,55,59,72,75" machi="19" ten="40,2600,0" yaku="9,1,54,1" doraHai="25" who="0" fromWho="2" sc="316,55,68,0,249,-35,347,0" /><INIT seed="6,0,0,3,2,38" ten="371,68,214,347" oya="2" hai0="102,41,71,76,86,10,75,22,81,32,90,3,43" hai1="79,105,68,47,73,134,8,56,85,46,92,135,59" hai2="7,107,25,101,51,103,69,133,60,1,124,88,29" hai3="9,97,87,35,129,67,108,61,82,95,55,27,104"/><V26/><F124/><W122/><G108/><T33/><D71/><U110/><E110/><V114/><F114/><W18/><G104/><T113/><D113/><U128/><E68/><V24/><F133/><W4/><G55/><T89/><D102/><U70/><E70/><V40/><F7/><W111/><G111/><T132/><D132/><U65/><E105/><V49/><F1/><W50/><G50/><T2/><D22/><U0/><E73/><V66/><F51/><W96/><G95/><T131/><D131/><U123/><E123/><V130/><F130/><W126/><G122/><T106/><D106/><U28/><E92/><V52/><F40/><W11/><G4/><T31/><D31/><U117/><E128/><V125/><F125/><W112/><G11/><T54/><D54/><U57/><E8/><V99/><F101/><W118/><G35/><T58/><D58/><U42/><E57/><V109/><F88/><W120/><G118/><T30/><D30/><U83/><E0/><V77/><F77/><W44/><G120/><T15/><D10/><U34/><E117/><V36/><F36/><W115/><G9/><T84/><D76/><U23/><E34/><N who="2" m="20775" /><F109/><W20/><G126/><T121/><D121/><U53/><E59/><AGARI ba="0,0" hai="25,26,49,52,59,60,66,69,99,103,107" m="20775" machi="59" ten="30,2900,0" yaku="25,1,54,1" doraHai="38" who="2" fromWho="1" sc="371,0,68,-29,214,29,347,0" /><INIT seed="6,1,0,5,2,135" ten="371,39,243,347" oya="2" hai0="63,103,115,118,107,57,84,102,12,18,78,121,131" hai1="106,128,67,108,7,89,6,59,16,37,3,129,13" hai2="122,81,134,66,23,93,91,36,22,74,95,49,47" hai3="30,69,1,24,61,105,124,43,62,38,19,125,65"/><V72/><F36/><W55/><G105/><T71/><D121/><U120/><E108/><V94/><F134/><W77/><G1/><T53/><D115/><U113/><E106/><V123/><F66/><N who="3" m="41167" /><G77/><T21/><D131/><U40/><E113/><V114/><F114/><W73/><G73/><T88/><D118/><U46/><E120/><V42/><F72/><W133/><G19/><T92/><D107/><U56/><E6/><V76/><F22/><W116/><G116/><T86/><D71/><U75/><E67/><V11/><F91/><W127/><G55/><T96/><D78/><U82/><E89/><V80/><F80/><W58/><G133/><T68/><D68/><U54/><E54/><V39/><F49/><W26/><G30/><T51/><D51/><U10/><E128/><V109/><F109/><W4/><G4/><T104/><D104/><U112/><E112/><V9/><F9/><W99/><G99/><T52/><D53/><U132/><E132/><V2/><REACH who="2" step="1"/><F23/><REACH who="2" ten="371,39,233,347" step="2"/><W97/><G97/><T28/><D28/><U8/><REACH who="1" step="1"/><E129/><REACH who="1" ten="371,29,233,347" step="2"/><V101/><F101/><AGARI ba="1,2" hai="12,18,21,52,57,63,84,86,88,92,96,101,102,103" machi="101" ten="40,5200,0" yaku="8,1,54,2" doraHai="135" who="0" fromWho="2" sc="371,75,29,0,233,-55,347,0" /><INIT seed="7,0,0,3,4,34" ten="446,29,178,347" oya="3" hai0="19,131,7,86,4,18,116,133,69,67,114,60,123" hai1="38,3,14,103,23,58,111,115,46,91,70,130,21" hai2="63,74,108,41,64,53,16,54,118,31,13,11,50" hai3="20,110,0,26,37,29,76,71,30,61,57,101,49"/><W94/><G37/><T125/><D123/><U24/><E111/><V85/><F74/><W77/><G71/><T102/><D116/><U22/><E70/><V134/><F134/><W73/><G73/><T65/><D133/><U129/><E103/><V72/><F72/><W66/><G30/><T126/><D131/><U82/><E46/><V17/><F31/><W36/><G36/><T90/><D102/><U83/><E38/><V43/><F64/><W96/><G110/><T48/><D114/><U79/><E115/><V40/><F118/><W5/><G49/><T122/><D67/><U9/><E79/><V127/><F127/><N who="0" m="48650" /><D122/><U93/><E58/><N who="2" m="35279" /><F85/><W33/><G33/><T119/><D48/><U100/><E129/><V104/><F104/><W68/><G68/><T55/><D55/><U12/><E130/><V10/><F10/><AGARI ba="0,0" hai="0,5,10,20,26,29,57,61,66,76,77,94,96,101" machi="10" ten="40,7700,0" yaku="25,2,52,1" doraHai="34" who="3" fromWho="2" sc="446,0,29,0,178,-77,347,77" /><INIT seed="7,1,0,3,1,106" ten="446,29,101,424" oya="3" hai0="29,10,113,122,28,15,109,98,21,2,41,79,49" hai1="51,95,118,56,94,97,64,82,46,44,84,48,7" hai2="131,75,105,13,70,83,99,34,19,71,80,93,116" hai3="126,24,4,5,67,39,130,87,6,102,135,92,72"/><W128/><G126/><T133/><D122/><U27/><E118/><V115/><F83/><W121/><G121/><T123/><D109/><U88/><E7/><V74/><F93/><W57/><G39/><T14/><D123/><U63/><E27/><V91/><F13/><W127/><G127/><T77/><D133/><U26/><E26/><V18/><F91/><N who="3" m="53375" /><G102/><T60/><D2/><U22/><E22/><V32/><F18/><W47/><G47/><N who="0" m="25839" /><D60/><U3/><E3/><V76/><F99/><W110/><G24/><T20/><D98/><U23/><E23/><N who="0" m="8777" /><D113/><U58/><E51/><V90/><F19/><W42/><G135/><T89/><D89/><U50/><E48/><V25/><F90/><W55/><G110/><T12/><D10/><U120/><E120/><V66/><F25/><W45/><G67/><T73/><D73/><N who="2" m="27658" /><F66/><W103/><G103/><T117/><D117/><U35/><E35/><V8/><F8/><W85/><G72/><T104/><D104/><U78/><REACH who="1" step="1"/><E95/><REACH who="1" ten="446,19,101,424" step="2"/><V11/><F32/><W129/><G42/><T65/><D65/><U54/><AGARI ba="1,1" hai="44,46,50,54,56,58,63,64,78,82,84,88,94,97" machi="54" ten="30,12000,2" yaku="1,1,2,1,0,1,8,1,54,1,53,1" doraHai="106" doraHaiUra="62" who="1" fromWho="1" sc="446,-31,19,133,101,-31,424,-61" owari="415,52.0,152,-25.0,70,-43.0,363,16.0" /></mjloggm>