<mjloggm ver="2.3"><GO type="97" lobby="0"/><UN n0="%6B%61%6D%65%6E%61%6E%6E" n1="%E5%B0%B1%E6%B4%BB%E7%94%9F%40%E5%B7%9D%E6%9D%91%E8%BB%8D%E5%9B%A3" n2="%31%33%36%30" n3="%63%6F%6D%6D%6F%6E%73" dan="13,15,14,13" rate="1831.07,2077.96,1965.37,1857.98" sx="M,M,M,M"/><TAIKYOKU oya="0"/><INIT seed="0,0,0,1,1,112" ten="250,250,250,250" oya="0" hai0="61,29,70,121,41,38,15,50,114,116,129,92,13" hai1="122,108,58,25,10,30,56,47,69,77,1,132,109" hai2="106,98,134,131,8,20,51,62,28,63,27,54,83" hai3="87,128,64,93,81,18,16,46,32,49,43,12,48"/><T14/><D114/><U86/><E69/><V103/><F131/><W101/><G32/><T79/><D121/><U102/><E122/><V44/><F134/><W75/><G75/><T11/><D38/><U119/><E102/><V0/><F83/><W105/><G105/><T21/><D129/><U34/><E132/><V117/><F117/><W5/><G128/><T82/><D116/><U96/><E119/><V91/><F91/><W127/><G127/><T68/><D92/><U107/><E47/><V24/><F8/><N who="3" m="4111" /><G64/><T55/><D70/><U130/><E130/><V67/><F67/><W80/><G49/><T42/><D68/><U59/><E10/><V85/><F85/><W17/><G87/><T115/><D61/><U88/><E1/><V19/><REACH who="2" step="1"/><F0/><REACH who="2" ten="250,250,240,250" step="2"/><W2/><G2/><T89/><D115/><U22/><E77/><V120/><F120/><W78/><G78/><T71/><D11/><U9/><E9/><V113/><F113/><W7/><G7/><T76/><D71/><U133/><E133/><V84/><F84/><W3/><G3/><T72/><D89/><U135/><E135/><V74/><F74/><W60/><G81/><T65/><D65/><U52/><E86/><V123/><F123/><W124/><G80/><T99/><D79/><U4/><E88/><V57/><F57/><W126/><G126/><T40/><D99/><U31/><E96/><V97/><F97/><N who="3" m="59567" /><G124/><T94/><D94/><U90/><E90/><V45/><F45/><W110/><G110/><N who="1" m="42602" /><E107/><V73/><F73/><W33/><G33/><AGARI ba="0,1" hai="19,20,24,27,28,33,44,51,54,62,63,98,103,106" machi="33" ten="30,2000,0" yaku="1,1,7,1,53,0" doraHai="112" doraHaiUra="37" who="2" fromWho="3" sc="250,0,250,0,240,30,250,-20" /><INIT seed="1,0,0,0,4,92" ten="250,250,270,230" oya="1" hai0="70,3,120,103,41,83,95,10,42,90,33,106,8" hai1="24,110,23,9,16,111,21,26,5,73,36,105,84" hai2="134,130,89,0,108,123,46,18,99,63,51,22,67" hai3="68,40,28,129,53,2,133,96,74,15,124,71,125"/><U114/><E73/><V35/><F0/><W43/><G2/><T94/><D70/><N who="3" m="26665" /><G74/><T49/><D33/><U58/><E36/><V82/><F123/><W127/><G129/><T118/><D118/><U79/><E105/><V34/><F130/><W88/><G133/><T37/><D37/><U131/><E131/><V52/><F134/><W69/><N who="3" m="26673" /><W116/><DORA hai="39" /><G116/><T6/><D120/><U7/><E58/><V117/><F117/><W76/><G76/><T98/><D83/><U59/><E59/><V77/><F108/><N who="1" m="41513" /><E114/><V56/><F77/><W31/><G53/><T14/><D106/><U72/><E72/><V29/><F29/><N who="3" m="11339" /><G15/><T115/><D49/><U11/><E84/><V109/><F109/><W54/><G54/><T13/><D3/><N who="1" m="191" /><E79/><V100/><F82/><W128/><G128/><T60/><D115/><U47/><E47/><V119/><F119/><W30/><N who="3" m="11347" /><W93/><AGARI ba="0,0" hai="40,43,88,93,96,124,125,127" m="11347,26673" machi="93" ten="60,12000,2" yaku="4,1,18,1,52,3,54,1" doraHai="92,39" who="3" fromWho="3" sc="250,-30,250,-60,270,-30,230,120" /><INIT seed="2,0,0,1,3,70" ten="220,190,240,350" oya="2" hai0="82,125,111,109,25,104,66,62,42,64,74,43,41" hai1="23,133,19,30,73,131,100,90,7,58,46,115,8" hai2="0,110,124,94,20,83,11,91,75,3,54,88,44" hai3="84,120,36,67,117,16,79,102,40,18,93,61,135"/><V9/><F124/><W69/><G117/><T29/><D104/><U50/><E73/><V89/><F94/><W5/><G120/><T77/><D125/><U113/><E30/><V68/><F68/><W52/><G135/><T106/><D106/><U119/><E119/><V49/><F20/><W39/><G40/><T76/><D77/><U95/><E131/><V118/><F118/><W27/><G5/><T72/><D72/><U126/><E126/><V56/><F110/><N who="0" m="41994" /><D62/><U81/><E100/><V55/><F75/><W92/><G27/><T21/><AGARI ba="0,0" hai="21,25,29,41,42,43,64,66,74,76,82" m="41994" machi="21" ten="30,1100,0" yaku="14,1" doraHai="70" who="0" fromWho="0" sc="220,11,190,-3,240,-5,350,-3" /><INIT seed="3,0,0,5,0,65" ten="231,187,235,347" oya="3" hai0="78,70,30,133,44,29,24,14,85,68,132,77,59" hai1="23,46,97,126,18,115,62,15,109,76,4,91,82" hai2="2,125,27,87,127,73,10,93,121,100,92,102,113" hai3="96,90,66,131,122,17,53,74,0,11,45,128,84"/><W28/><G74/><T80/><D77/><U104/><E104/><V83/><F27/><W101/><G122/><T118/><D118/><U54/><E115/><V26/><F26/><W9/><G66/><T58/><D44/><U56/><E126/><N who="2" m="48139" /><F2/><W12/><G28/><T111/><D111/><U135/><E109/><V55/><F10/><W8/><G0/><T36/><D36/><U38/><E135/><N who="0" m="51785" /><D14/><U103/><E4/><V35/><F35/><W71/><G71/><N who="0" m="27179" /><D29/><U33/><E33/><AGARI ba="0,0" hai="24,30,33,58,59,78,80,85" m="27179,51785" machi="33" ten="30,7700,0" yaku="20,1,52,3" doraHai="65" who="0" fromWho="1" sc="231,77,187,-77,235,0,347,0" owari="308,11.0,110,-39.0,235,-16.0,347,44.0" /></mjloggm>