<mjloggm ver="2.3"><GO type="225" lobby="0"/><UN n0="%E7%99%BE%E5%BC%8F%E8%A6%B3%E9%9F%B3" n1="%E6%96%B0%E4%B8%96%E7%95%8C%E3%81%AE%E7%B4%99" n2="%E5%B0%B1%E6%B4%BB%E7%94%9F%40%E5%B7%9D%E6%9D%91%E8%BB%8D%E5%9B%A3" n3="%E5%8D%81%E5%BC%90%E7%BE%8E%E7%80%AC%E3%81%AA%E3%81%AA" dan="17,18,17,16" rate="2163.90,2183.98,2101.16,2057.34" sx="M,M,M,F"/><TAIKYOKU oya="0"/><INIT seed="0,0,0,1,1,48" ten="250,250,250,250" oya="0" hai0="56,66,9,62,135,101,71,133,94,8,80,95,102" hai1="57,76,113,78,13,60,129,29,22,122,32,109,27" hai2="36,68,106,67,104,79,116,96,77,117,93,103,12" hai3="87,26,45,119,30,121,3,47,33,127,34,28,70"/><T128/><D128/><U35/><E122/><V86/><F36/><W98/><G127/><T16/><D80/><U130/><E109/><V41/><F41/><W59/><G119/><N who="2" m="45641" /><F68/><W107/><G70/><T39/><D39/><U74/><E113/><V6/><F67/><W99/><G3/><T61/><D8/><U14/><E35/><V10/><F86/><W115/><G115/><T64/><D95/><U72/><E76/><AGARI ba="0,0" hai="6,10,12,76,77,79,93,96,103,104,106" m="45641" machi="76" ten="30,1000,0" yaku="12,1" doraHai="48" who="2" fromWho="1" sc="250,0,250,-10,250,10,250,0" /><INIT seed="1,0,0,1,1,114" ten="250,240,260,250" oya="1" hai0="105,16,69,55,63,27,122,40,15,72,29,46,82" hai1="53,61,58,44,83,11,121,128,100,48,23,17,118" hai2="25,49,124,32,79,2,93,19,3,131,96,34,6" hai3="52,24,70,66,4,129,54,113,42,31,73,67,51"/><U110/><E121/><V86/><F124/><W119/><G113/><T26/><D105/><U74/><E128/><V14/><F131/><W59/><G129/><T21/><D122/><U133/><E133/><V123/><F123/><W30/><G73/><T135/><D135/><U109/><E100/><V107/><F107/><W94/><G42/><T35/><D26/><U39/><E39/><V64/><F64/><N who="3" m="24619" /><G70/><T104/><D104/><U57/><E11/><V0/><F6/><W127/><G127/><T60/><D55/><U8/><E8/><V5/><F5/><W85/><G4/><T41/><D69/><U84/><E74/><V102/><F49/><N who="3" m="31119" /><G24/><T98/><D41/><U125/><E125/><V33/><F25/><W88/><G119/><T38/><REACH who="0" step="1"/><D98/><REACH who="0" ten="240,240,260,250" step="2"/><U134/><E134/><V12/><F34/><W76/><G76/><AGARI ba="0,1" hai="15,16,21,27,29,35,38,40,46,60,63,72,76,82" machi="76" ten="40,8000,1" yaku="1,1,2,1,54,1,53,1" doraHai="114" doraHaiUra="18" who="0" fromWho="3" sc="240,90,240,0,260,0,250,-80" /><INIT seed="2,0,0,0,5,81" ten="330,240,260,170" oya="2" hai0="117,70,47,93,8,64,86,49,36,99,106,73,63" hai1="103,65,60,50,7,41,61,57,30,39,91,38,75" hai2="130,22,108,56,35,62,85,134,131,115,13,129,135" hai3="34,90,48,9,74,84,54,16,67,4,77,97,88"/><V107/><F107/><W25/><G74/><T71/><D73/><U126/><E75/><V29/><F35/><W105/><G67/><T120/><D120/><U17/><E126/><V58/><F115/><W32/><G77/><T89/><D117/><U72/><E72/><V83/><F108/><W40/><G40/><T78/><D36/><U27/><E103/><V79/><F58/><W114/><G114/><T102/><D8/><U119/><E119/><V43/><F43/><W53/><G34/><T46/><D78/><U96/><E17/><N who="2" m="10543" /><F29/><W15/><G32/><T45/><REACH who="0" step="1"/><D71/><REACH who="0" ten="320,240,260,170" step="2"/><U52/><E39/><V28/><F28/><W24/><G4/><T124/><D124/><U10/><E38/><V128/><N who="2" m="33280" /><DORA hai="18" /><V133/><F135/><W112/><G112/><T116/><D116/><U31/><E31/><V110/><F110/><W21/><G9/><T100/><D100/><U92/><E10/><V109/><F109/><W111/><G111/><T12/><D12/><U1/><E7/><V94/><F94/><N who="3" m="56519" /><G105/><T51/><AGARI ba="0,1" hai="45,46,47,49,51,63,64,70,86,89,93,99,102,106" machi="51" ten="30,12000,2" yaku="1,1,0,1,52,1,53,3" doraHai="81,18" doraHaiUra="44,95" who="0" fromWho="0" sc="320,130,240,-30,260,-60,170,-30" /><INIT seed="3,0,0,2,2,129" ten="450,210,200,140" oya="3" hai0="45,33,53,13,39,23,25,79,125,115,124,1,41" hai1="97,67,99,106,58,105,12,130,7,63,102,28,109" hai2="48,89,4,85,6,128,132,131,108,110,100,29,62" hai3="104,66,56,35,69,72,61,73,59,27,14,49,86"/><W36/><G104/><T68/><D1/><U70/><E109/><N who="2" m="42091" /><F132/><W123/><G123/><T18/><D68/><U54/><E130/><N who="2" m="49707" /><F100/><W87/><G36/><T126/><D115/><U91/><E28/><V17/><F29/><W38/><G38/><T96/><D79/><U21/><E105/><V95/><F62/><N who="3" m="38239" /><G69/><T9/><D96/><U101/><E101/><V93/><F93/><W16/><G73/><T121/><D121/><U8/><E21/><V119/><F119/><W24/><G72/><T50/><D33/><U103/><E103/><V92/><F92/><W11/><G49/><T3/><D3/><U88/><E99/><V5/><F17/><N who="3" m="8415" /><G35/><T122/><D122/><U107/><E107/><V78/><F78/><W65/><G27/><T43/><D39/><U52/><E54/><V47/><F6/><AGARI ba="0,0" hai="6,9,13,18,23,25,41,43,45,50,53,124,125,126" machi="6" ten="40,1300,0" yaku="18,1" doraHai="129" who="0" fromWho="2" sc="450,13,210,0,200,-13,140,0" owari="463,56.0,210,1.0,187,-21.0,140,-36.0" /></mjloggm>