<mjloggm ver="2.3"><GO type="97" lobby="0"/><UN n0="%E5%B0%B1%E6%B4%BB%E7%94%9F%40%E5%B7%9D%E6%9D%91%E8%BB%8D%E5%9B%A3" n1="%6A%61%6E%67%61" n2="%68%69%6D%75%72%6F%33%39" n3="%E5%9B%B0%E3%81%AC%E3%81%93" dan="14,14,13,14" rate="1991.71,1944.40,1822.04,1893.04" sx="M,M,M,M"/><TAIKYOKU oya="0"/><INIT seed="0,0,0,3,4,92" ten="250,250,250,250" oya="0" hai0="6,78,96,72,121,126,23,116,27,19,94,46,8" hai1="39,47,13,131,104,82,101,31,41,15,108,62,86" hai2="130,128,33,100,134,84,74,26,114,12,2,35,45" hai3="102,107,123,89,20,79,98,50,80,122,125,97,24"/><T0/><D121/><U61/><E108/><V5/><F2/><W43/><G125/><T38/><D116/><U40/><E131/><N who="2" m="50219" /><F74/><W81/><G50/><T90/><D126/><U59/><E41/><V133/><F114/><W21/><G43/><T56/><D56/><U103/><E31/><N who="2" m="19703" /><F45/><W64/><G64/><T73/><D38/><U22/><E22/><N who="3" m="8810" /><G24/><T118/><D118/><U28/><E28/><V66/><F84/><N who="3" m="50311" /><G107/><T93/><D78/><U30/><E30/><V65/><F100/><W109/><G102/><T129/><D129/><U85/><E85/><V76/><F76/><W36/><G36/><T117/><D117/><U63/><E59/><V71/><F35/><W110/><G81/><T112/><D112/><U44/><E44/><V70/><F12/><W7/><G7/><T18/><D46/><U95/><E103/><V48/><F5/><W91/><G91/><T69/><D69/><N who="2" m="26122" /><F48/><W68/><G68/><T124/><D124/><U111/><E104/><V16/><F16/><W135/><G79/><T113/><D113/><U105/><E105/><V88/><F88/><W32/><G32/><T60/><D94/><U4/><E4/><V106/><F106/><W42/><G42/><T127/><D127/><U120/><E15/><V87/><F87/><W51/><G51/><T99/><D19/><U17/><E13/><V37/><F37/><W83/><G83/><T29/><D18/><U119/><E17/><V1/><F1/><W9/><G123/><T49/><D49/><U57/><E120/><V55/><F55/><W115/><G122/><T52/><D96/><RYUUKYOKU ba="0,0" sc="250,15,250,-15,250,15,250,-15" hai0="0,6,8,23,27,29,52,60,72,73,90,93,99" hai2="65,66,133,134" /><INIT seed="0,1,0,2,2,121" ten="265,235,265,235" oya="0" hai0="27,106,35,113,75,118,129,114,124,102,89,2,100" hai1="57,43,47,87,68,62,82,119,21,31,19,91,18" hai2="64,28,20,123,127,112,5,74,105,63,1,7,78" hai3="103,41,51,8,9,37,71,115,52,130,88,134,98"/><T84/><D2/><U42/><E68/><V99/><F123/><W79/><G71/><T22/><D75/><U94/><E119/><V40/><F112/><W77/><G115/><T86/><D118/><U45/><E31/><V104/><F127/><W46/><G134/><T122/><D122/><U133/><E133/><V76/><F40/><N who="1" m="15401" /><E82/><V32/><F20/><W56/><G130/><T53/><D35/><U92/><E92/><V55/><F55/><W109/><G109/><T70/><D70/><U116/><E116/><V36/><F7/><W13/><G8/><T72/><D72/><U101/><E101/><N who="2" m="62527" /><F105/><W80/><G103/><T0/><D0/><U25/><E19/><V60/><F36/><W39/><G39/><T26/><D124/><U96/><E87/><V125/><F60/><W90/><G98/><T107/><D129/><U6/><E6/><V59/><F125/><W131/><G131/><T126/><D126/><U10/><E10/><N who="2" m="2351" /><F74/><W61/><G37/><T44/><D89/><N who="3" m="34409" /><G80/><T108/><D22/><U120/><E120/><V93/><F93/><W58/><G58/><T48/><D107/><U65/><AGARI ba="1,0" hai="18,21,25,45,47,57,62,65,91,94,96" m="15401" machi="65" ten="30,1100,0" yaku="8,1" doraHai="121" who="1" fromWho="1" sc="265,-6,235,14,265,-4,235,-4" /><INIT seed="1,0,0,0,4,98" ten="259,249,261,231" oya="1" hai0="59,31,40,123,68,8,134,99,78,71,95,54,80" hai1="42,21,20,85,3,110,63,39,23,93,81,44,102" hai2="43,57,11,119,114,129,16,112,33,83,18,79,117" hai3="9,76,45,106,104,92,122,34,89,24,58,105,74"/><U13/><E3/><V0/><F43/><W47/><G122/><T64/><D123/><U61/><E110/><V53/><F57/><W67/><G9/><T37/><D134/><U35/><E35/><V55/><F83/><W12/><G12/><T69/><D31/><U48/><E39/><V52/><F79/><W4/><G4/><T91/><D64/><U127/><E127/><V118/><F33/><W29/><G74/><T1/><D1/><U2/><E2/><V66/><F66/><W6/><G6/><T120/><D120/><U14/><E63/><V56/><F56/><W41/><G76/><T97/><D8/><U125/><E61/><V133/><F133/><W77/><G77/><T124/><D124/><U128/><E125/><V51/><F51/><W115/><G115/><N who="2" m="44073" /><F129/><W65/><G58/><T132/><D132/><U101/><E93/><V5/><AGARI ba="0,0" hai="0,5,11,16,18,52,53,55,117,118,119" m="44073" machi="5" ten="40,5200,0" yaku="11,1,54,2" doraHai="98" who="2" fromWho="2" sc="259,-13,249,-26,261,52,231,-13" /><INIT seed="2,0,0,4,4,96" ten="246,223,313,218" oya="2" hai0="9,25,127,134,6,5,109,82,133,122,110,118,112" hai1="51,55,47,120,60,22,14,102,87,77,34,132,62" hai2="69,37,107,27,130,58,125,19,18,8,44,21,116" hai3="26,20,30,114,76,117,59,123,29,24,16,105,54"/><V46/><F116/><W42/><G105/><T124/><D82/><N who="1" m="47567" /><E34/><V97/><F69/><W79/><G117/><T38/><D38/><U126/><E120/><V81/><F125/><N who="0" m="48202" /><D118/><U10/><E132/><N who="0" m="50793" /><D122/><U113/><E113/><V98/><F37/><W70/><G70/><T67/><D67/><U95/><E22/><V100/><F97/><W35/><G123/><T52/><D112/><U89/><E126/><V128/><F81/><W115/><G42/><T12/><D52/><N who="1" m="29823" /><E89/><V39/><F58/><W13/><G115/><T23/><D6/><N who="1" m="3415" /><E55/><V84/><F84/><W56/><G114/><T2/><D2/><U31/><E31/><AGARI ba="0,0" hai="5,9,12,23,25,31,109,110" m="50793,48202" machi="31" ten="30,7700,0" yaku="18,1,20,1,34,2" doraHai="96" who="0" fromWho="1" sc="246,77,223,-77,313,0,218,0" /><INIT seed="3,0,0,1,5,96" ten="323,146,313,218" oya="3" hai0="69,103,75,0,57,63,131,13,107,109,7,61,118" hai1="33,44,56,77,135,123,83,89,62,4,23,64,10" hai2="48,120,70,125,29,73,54,126,113,106,94,60,105" hai3="53,67,112,98,110,11,122,92,101,31,82,6,66"/><W38/><G122/><T91/><D0/><U127/><E135/><V24/><F120/><W8/><G38/><T14/><D75/><U68/><E127/><N who="2" m="48651" /><F113/><W79/><G112/><T86/><D118/><U102/><E33/><N who="2" m="20647" /><F73/><W93/><G110/><T58/><D131/><U51/><E89/><V17/><F17/><W84/><G31/><T46/><D109/><U36/><E23/><V97/><F60/><N who="0" m="23114" /><D103/><U85/><E123/><V111/><F70/><W27/><G27/><T99/><D99/><U2/><E36/><V90/><F111/><W88/><G53/><T133/><D107/><U119/><E68/><V134/><F134/><W117/><G117/><T40/><D69/><U124/><E119/><V100/><F90/><W15/><REACH who="3" step="1"/><G11/><REACH who="3" ten="323,146,313,208" step="2"/><N who="0" m="4351" /><D133/><U55/><REACH who="1" step="1"/><E124/><REACH who="1" ten="323,136,313,208" step="2"/><V104/><F104/><W59/><G59/><AGARI ba="0,2" hai="48,54,59,94,97,100,105,106" m="20647,48651" machi="59" ten="30,2000,0" yaku="18,1,52,1" doraHai="96" who="2" fromWho="3" sc="323,0,136,0,313,40,208,-20" owari="323,12.0,136,-36.0,353,45.0,188,-21.0" /></mjloggm>