<mjloggm ver="2.3"><GO type="97" lobby="0"/><UN n0="%E5%B0%B1%E6%B4%BB%E7%94%9F%40%E5%B7%9D%E6%9D%91%E8%BB%8D%E5%9B%A3" n1="%74%61%6B%61%72%69%6E%61" n2="%E3%81%9C%E3%82%93" n3="%E3%81%BE%E3%81%AA%E3%81%BE%E3%81%AA" dan="15,13,16,15" rate="1932.15,2075.75,2027.46,1916.57" sx="M,M,M,M"/><TAIKYOKU oya="0"/><INIT seed="0,0,0,0,1,106" ten="250,250,250,250" oya="0" hai0="75,0,104,18,100,70,73,51,89,57,118,123,40" hai1="48,42,4,9,56,121,126,127,92,59,54,132,112" hai2="55,95,76,125,43,24,86,36,13,61,111,114,17" hai3="91,113,133,53,26,5,12,116,71,84,131,85,79"/><T35/><D118/><U50/><E121/><V96/><F114/><W20/><G71/><T63/><D123/><U66/><E112/><V120/><F36/><W72/><G113/><T21/><D35/><U130/><E92/><V129/><F43/><W32/><G32/><T69/><D0/><U64/><E9/><V8/><F120/><W78/><G116/><T110/><D110/><U37/><E4/><V108/><F125/><N who="1" m="47625" /><E37/><V115/><F115/><W107/><G107/><T41/><D89/><U33/><E33/><V34/><F129/><W28/><G131/><T6/><D6/><U46/><E130/><V83/><F55/><W67/><G53/><T1/><D1/><U3/><E3/><V93/><F61/><W31/><G5/><T29/><D29/><U119/><E119/><V39/><F39/><W97/><G31/><T103/><D104/><U128/><E128/><V14/><F14/><W7/><G12/><T109/><D109/><N who="2" m="42058" /><F96/><W62/><G97/><T82/><D82/><U38/><E132/><V27/><F27/><W44/><G26/><T90/><D103/><U10/><E10/><V101/><F101/><W25/><G25/><T30/><D100/><U23/><E23/><N who="2" m="13423" /><F34/><W124/><G124/><T68/><D30/><U22/><E22/><V81/><F81/><W87/><G28/><T52/><D21/><U15/><E15/><V80/><F80/><W135/><G20/><T58/><D18/><AGARI ba="0,0" hai="8,13,18,76,83,86,93,95" m="13423,42058" machi="18" ten="30,1000,0" yaku="14,1" doraHai="106" who="2" fromWho="0" sc="250,-10,250,0,250,10,250,0" /><INIT seed="1,0,0,3,2,36" ten="240,250,260,250" oya="1" hai0="37,35,97,83,108,121,91,118,133,77,84,7,43" hai1="114,2,113,70,128,67,119,30,76,57,135,47,64" hai2="68,55,129,31,79,3,107,6,65,50,16,32,81" hai3="87,52,101,98,19,33,45,21,60,110,62,66,0"/><U99/><E119/><V39/><F107/><W112/><G0/><T34/><D118/><U63/><E2/><V46/><F31/><W127/><G33/><T44/><D121/><U9/><E76/><V94/><F32/><W56/><G112/><T5/><D133/><U20/><E135/><V26/><F94/><W88/><G127/><T100/><D108/><U27/><E128/><V85/><F65/><W105/><G45/><T14/><D91/><U123/><E123/><V78/><F68/><W122/><G110/><T75/><D75/><U90/><E9/><V4/><F39/><W72/><G72/><T104/><REACH who="0" step="1"/><D7/><REACH who="0" ten="230,250,260,250" step="2"/><U8/><E113/><V126/><F126/><W73/><G73/><T13/><D13/><U125/><E114/><V42/><F129/><W15/><G122/><T96/><D96/><U120/><E120/><V29/><F6/><W53/><REACH who="3" step="1"/><G62/><REACH who="3" ten="230,250,260,240" step="2"/><T111/><D111/><U95/><E125/><V40/><F3/><W22/><G22/><T25/><D25/><U115/><E115/><V28/><F4/><W74/><G74/><T103/><D103/><U18/><E90/><V132/><F132/><W10/><G10/><AGARI ba="0,2" hai="5,10,14,34,35,37,43,44,77,83,84,97,100,104" machi="10" ten="40,2600,0" yaku="1,1,52,1,53,0" doraHai="36" doraHaiUra="109" who="0" fromWho="3" sc="230,46,250,0,260,0,240,-26" /><INIT seed="2,0,0,2,3,16" ten="276,250,260,214" oya="2" hai0="19,118,60,86,62,89,72,28,83,98,59,128,84" hai1="103,135,77,44,66,114,73,113,99,47,61,40,38" hai2="63,92,102,125,64,31,65,90,24,39,53,0,123" hai3="91,96,100,23,6,67,15,79,3,22,26,122,8"/><V131/><F0/><W116/><G122/><T130/><D72/><U121/><E121/><V57/><F39/><W4/><G116/><T109/><D118/><U48/><E135/><V51/><F125/><W110/><G79/><T106/><D109/><U129/><E77/><V9/><F9/><W94/><G110/><T55/><D28/><U134/><E73/><V127/><F127/><W74/><G74/><T29/><D29/><U85/><E85/><V81/><F81/><W120/><G120/><T11/><D62/><U41/><E134/><V33/><F131/><N who="0" m="50218" /><D86/><U115/><E129/><V35/><F64/><W71/><G26/><T1/><D1/><U133/><E133/><V30/><F30/><W45/><G3/><T117/><D117/><U5/><E5/><V112/><F112/><W58/><G71/><T93/><D106/><U80/><E80/><V52/><F102/><W17/><G100/><N who="0" m="60495" /><D19/><U2/><E2/><V75/><F75/><W76/><G76/><T25/><D25/><U7/><E7/><N who="3" m="2602" /><G45/><T37/><D11/><U119/><E119/><V78/><F78/><W54/><G67/><T95/><D37/><U18/><E18/><V36/><F36/><W12/><G15/><T27/><D27/><U34/><E114/><V69/><F123/><W88/><G91/><T126/><D126/><U42/><E113/><V43/><F33/><W32/><G32/><T104/><D104/><N who="1" m="63615" /><E115/><V111/><F111/><W10/><G8/><T97/><D97/><U132/><E34/><V124/><F124/><W50/><AGARI ba="0,0" hai="10,12,17,22,23,50,54,58,88,94,96" m="2602" machi="50" ten="30,7900,0" yaku="8,1,52,2,54,1" doraHai="16" who="3" fromWho="3" sc="276,-20,250,-20,260,-39,214,79" /><INIT seed="3,0,0,4,1,35" ten="256,230,221,293" oya="3" hai0="6,76,91,85,74,133,123,125,72,73,127,50,75" hai1="30,106,2,27,126,132,103,100,69,67,129,62,14" hai2="46,11,24,48,16,21,49,25,111,32,84,118,44" hai3="41,38,135,57,79,65,82,55,18,107,101,70,63"/><W92/><G107/><T40/><D125/><U51/><E126/><V58/><F118/><W37/><G18/><T54/><D127/><U114/><E114/><V4/><F111/><W60/><G135/><T98/><D123/><U9/><E132/><V83/><F32/><W93/><G101/><T61/><D133/><U124/><E124/><V89/><F24/><W42/><G38/><T88/><D6/><U116/><E116/><V104/><F104/><W47/><G42/><T115/><D115/><U31/><E31/><V87/><F87/><AGARI ba="0,0" hai="37,41,47,55,57,60,63,65,70,79,82,87,92,93" machi="87" ten="30,1500,0" yaku="7,1" doraHai="35" who="3" fromWho="2" sc="256,0,230,0,221,-15,293,15" owari="256,6.0,230,-17.0,206,-29.0,308,40.0" /></mjloggm>