<mjloggm ver="2.3"><GO type="169" lobby="0"/><UN n0="%E3%82%A6%E3%83%AB%E3%83%88%E3%83%A9%E7%AB%8B%E7%9B%B4" n1="%74%61%6E%61%4B%61%E8%8A%8B%E5%AD%90" n2="%E3%82%B1%E3%82%A4%EF%BC%91%EF%BC%93" n3="%E3%81%AE%E3%81%A9%E3%81%94%E3%81%97%E3%80%88%E7%94%9F%E3%80%89" dan="17,16,16,17" rate="2153.29,2041.77,2071.58,2082.31" sx="M,F,M,M"/><TAIKYOKU oya="0"/><INIT seed="0,0,0,1,1,24" ten="250,250,250,250" oya="0" hai0="116,111,27,78,106,10,5,122,118,32,41,134,120" hai1="58,94,62,43,89,91,46,57,112,135,99,9,66" hai2="98,83,97,123,52,18,21,104,34,48,95,88,129" hai3="30,110,63,76,11,93,119,54,17,39,70,101,50"/><T131/><D106/><U74/><E135/><V107/><F34/><W8/><G39/><T105/><D105/><U49/><E74/><V100/><F123/><W0/><G76/><T56/><D41/><U13/><E112/><V130/><F83/><W67/><G17/><T51/><D78/><U6/><REACH who="1" step="1"/><E91/><REACH who="1" ten="250,240,250,250" step="2"/><V40/><F40/><W28/><G119/><T2/><D134/><U69/><AGARI ba="0,1" hai="6,9,13,43,46,49,57,58,62,66,69,89,94,99" machi="69" ten="20,8000,1" yaku="1,1,2,1,0,1,7,1,53,1" doraHai="24" doraHaiUra="3" who="1" fromWho="1" sc="250,-40,240,90,250,-20,250,-20" /><INIT seed="1,0,0,0,0,49" ten="210,330,230,230" oya="1" hai0="47,89,87,98,115,26,75,103,101,113,52,12,5" hai1="25,55,15,6,121,78,39,67,81,35,2,96,125" hai2="46,77,107,109,97,135,8,59,72,34,58,118,114" hai3="57,86,111,76,129,24,54,61,60,29,84,62,31"/><U7/><E121/><V74/><F34/><W131/><G111/><T127/><D75/><U105/><E125/><V22/><F77/><W102/><G102/><T92/><D103/><U51/><E39/><V56/><F97/><W43/><G43/><T16/><D26/><U90/><E105/><V9/><F22/><W68/><G68/><T130/><D5/><U45/><E67/><V69/><F46/><W48/><G76/><T40/><D130/><N who="3" m="49673" /><G31/><T36/><D127/><U106/><E106/><V94/><F107/><W88/><G29/><T20/><REACH who="0" step="1"/><D52/><REACH who="0" ten="200,330,230,230" step="2"/><U10/><E6/><V17/><F72/><W108/><G24/><T80/><AGARI ba="0,1" hai="12,16,20,36,40,47,80,87,89,92,98,101,113,115" machi="80" ten="20,8000,1" yaku="1,1,2,1,0,1,7,1,54,1,53,0" doraHai="49" doraHaiUra="104" who="0" fromWho="0" sc="200,90,330,-40,230,-20,230,-20" /><INIT seed="2,0,0,5,3,75" ten="290,290,210,210" oya="2" hai0="89,46,50,12,83,123,24,99,84,29,13,22,87" hai1="47,130,49,118,104,17,64,122,44,18,45,34,30" hai2="62,3,1,112,117,133,65,33,78,37,111,21,71" hai3="70,56,134,126,100,25,132,16,68,110,92,38,55"/><V72/><RYUUKYOKU type="yao9" ba="0,0" sc="290,0,290,0,210,0,210,0" hai2="1,3,21,33,37,62,65,71,72,78,111,112,117,133" /><INIT seed="2,1,0,0,2,96" ten="290,290,210,210" oya="2" hai0="109,72,67,97,34,110,124,73,14,65,56,36,91" hai1="98,89,48,117,59,27,90,3,125,105,19,53,112" hai2="6,84,108,44,135,42,74,23,1,11,119,49,102" hai3="37,8,131,83,76,51,107,5,63,62,52,88,15"/><V115/><F74/><W103/><G37/><T114/><D34/><U2/><E117/><V17/><F119/><W25/><G131/><T26/><D26/><U7/><E112/><V24/><F115/><W79/><G25/><T86/><D36/><U61/><E125/><V116/><F116/><W29/><G29/><T122/><D124/><U30/><E19/><V10/><F10/><W33/><G33/><T133/><D133/><U127/><E127/><V129/><F135/><W132/><G132/><T12/><D97/><U82/><E61/><V41/><F129/><W39/><G39/><T113/><D56/><U22/><E82/><V75/><F75/><W68/><G68/><T128/><D128/><U69/><E69/><V93/><F108/><W123/><G123/><T111/><D111/><U4/><E4/><V54/><REACH who="2" step="1"/><F84/><REACH who="2" ten="290,290,200,210" step="2"/><W31/><G8/><T120/><D86/><U100/><REACH who="1" step="1"/><E7/><REACH who="1" ten="290,280,200,210" step="2"/><V94/><F94/><W95/><G5/><T92/><D92/><U38/><E38/><V40/><F40/><W20/><G83/><T55/><D114/><U118/><E118/><V101/><F101/><W130/><G130/><T126/><D113/><U21/><E21/><V80/><F80/><W70/><G103/><T60/><D126/><U106/><E106/><V47/><F47/><W9/><G107/><T77/><D110/><U28/><E28/><V32/><F32/><W81/><G81/><T50/><D109/><U71/><E71/><V13/><F13/><W85/><G70/><T66/><D12/><U0/><AGARI ba="1,2" hai="0,2,3,22,27,30,48,53,59,89,90,98,100,105" machi="0" ten="30,4000,0" yaku="1,1,0,1,52,1,53,0" doraHai="96" doraHaiUra="104" who="1" fromWho="1" sc="290,-11,280,63,200,-21,210,-11" /><INIT seed="3,0,0,3,4,56" ten="279,343,179,199" oya="3" hai0="75,48,35,124,100,31,5,40,28,60,15,130,21" hai1="37,19,18,119,58,78,114,16,94,125,50,103,93" hai2="107,105,95,55,113,51,120,70,13,86,1,91,111" hai3="6,17,54,127,132,4,62,97,11,64,90,39,110"/><W66/><G39/><T49/><D75/><U68/><E114/><V108/><F113/><W87/><G127/><T99/><D35/><U53/><E125/><V38/><F1/><W44/><G132/><T36/><D36/><U79/><E37/><V85/><F38/><W121/><G97/><T92/><D130/><U45/><E68/><V43/><F43/><W131/><G121/><T89/><D89/><U52/><E119/><V24/><F70/><W74/><G74/><T65/><D124/><U115/><E115/><V0/><F0/><W96/><G96/><T47/><D49/><N who="1" m="30991" /><E103/><V12/><F24/><W109/><G131/><T29/><D5/><N who="3" m="2153" /><G44/><T46/><D46/><U126/><E126/><V34/><F85/><W84/><G84/><T88/><D100/><U30/><E30/><V7/><F34/><W23/><G11/><T57/><D15/><N who="2" m="5706" /><F7/><W20/><G20/><AGARI ba="0,0" hai="20,21,28,29,31,40,47,48,57,60,65,88,92,99" machi="20" ten="40,5200,0" yaku="8,1,52,1,54,1" doraHai="56" who="0" fromWho="3" sc="279,52,343,0,179,0,199,-52" /><INIT seed="4,0,0,2,2,21" ten="331,343,179,147" oya="0" hai0="4,44,71,37,99,83,29,47,51,52,8,80,103" hai1="65,108,20,104,9,31,38,14,119,122,59,5,3" hai2="115,127,12,57,84,102,30,39,41,126,130,132,110" hai3="66,105,134,46,67,74,92,27,118,33,18,129,87"/><T48/><D71/><U60/><E108/><V0/><F110/><W63/><G74/><T121/><D37/><U116/><E122/><V114/><F0/><W49/><G105/><T109/><D29/><U76/><E104/><V133/><F102/><W53/><G118/><T19/><D19/><U25/><E38/><V43/><F84/><W88/><G129/><T90/><D90/><U36/><E36/><V56/><F12/><W45/><G134/><N who="2" m="51817" /><F39/><W78/><G78/><T54/><D121/><U106/><E106/><V55/><F56/><W85/><G33/><T97/><D109/><U13/><E76/><V50/><F30/><W128/><G128/><T96/><REACH who="0" step="1"/><D103/><REACH who="0" ten="321,343,179,147" step="2"/><U2/><E116/><V82/><F130/><W16/><G18/><T117/><D117/><U70/><E119/><V73/><F82/><W112/><G112/><N who="2" m="43049" /><F73/><W69/><G69/><T91/><D91/><U42/><E70/><V58/><F58/><W24/><G45/><T125/><D125/><AGARI ba="0,1" hai="41,43,50,55,57,125,126,127" m="43049,51817" machi="125" ten="40,8000,1" yaku="18,1,20,1,15,1,34,2" doraHai="21" who="2" fromWho="0" sc="321,-80,343,0,179,90,147,0" /><INIT seed="5,0,0,3,3,2" ten="241,343,269,147" oya="1" hai0="53,128,103,129,54,94,31,70,120,42,123,93,81" hai1="45,17,118,90,88,74,97,107,63,12,51,11,99" hai2="66,59,48,24,71,32,49,87,46,113,14,76,29" hai3="23,112,50,47,62,82,92,102,57,36,78,125,16"/><U15/><E118/><V8/><F113/><W104/><G104/><T60/><D42/><N who="1" m="25015" /><E74/><V96/><F71/><W56/><G112/><T85/><D31/><U9/><E107/><V33/><F33/><W130/><G36/><T83/><D60/><U3/><E3/><V4/><F66/><W119/><G119/><T80/><D70/><U108/><E108/><V100/><F87/><W135/><G135/><T19/><D19/><N who="1" m="8591" /><E63/><V126/><F126/><W127/><G130/><N who="0" m="50283" /><D54/><U89/><AGARI ba="0,0" hai="11,15,17,88,89,90,97,99" m="8591,25015" machi="89" ten="30,3000,0" yaku="8,1,54,1" doraHai="2" who="1" fromWho="1" sc="241,-10,343,30,269,-10,147,-10" /><INIT seed="5,1,0,3,4,90" ten="231,373,259,137" oya="1" hai0="20,120,67,105,19,126,38,91,79,4,7,24,10" hai1="66,77,106,3,6,32,34,27,18,16,132,101,110" hai2="9,25,46,53,111,129,64,47,23,0,94,115,116" hai3="103,45,70,87,13,118,92,128,84,125,17,36,127"/><U15/><E66/><V78/><F64/><W43/><G70/><T11/><D38/><U5/><E77/><V80/><F115/><W55/><G55/><T68/><D105/><U74/><E101/><V98/><F129/><W28/><G28/><T95/><D79/><U85/><E85/><V130/><F111/><W124/><G128/><T96/><D126/><U113/><E106/><V104/><F104/><W134/><G134/><T86/><D120/><U35/><E74/><V33/><F33/><N who="1" m="12905" /><E110/><V71/><F116/><W69/><G69/><T22/><D68/><U131/><E113/><V51/><F130/><W2/><G2/><T93/><D67/><U81/><E81/><V30/><F71/><W56/><G56/><T119/><D119/><U97/><E97/><V48/><F9/><N who="0" m="3082" /><D22/><N who="1" m="13767" /><E132/><V52/><F0/><W44/><G44/><T112/><D112/><U109/><E109/><V54/><F78/><W122/><G122/><T60/><D60/><U39/><E39/><V1/><F1/><W29/><G118/><T83/><D83/><U135/><E3/><V37/><F37/><W8/><REACH who="3" step="1"/><G29/><REACH who="3" ten="231,373,259,127" step="2"/><T75/><D75/><U114/><E135/><V21/><F54/><W133/><G133/><T14/><D96/><AGARI ba="1,1" hai="8,13,17,36,43,45,84,87,92,96,103,124,125,127" machi="96" ten="40,5200,0" yaku="1,1,18,1,52,1,53,0" doraHai="90" doraHaiUra="73" who="3" fromWho="0" sc="231,-55,373,0,259,0,127,65" /><INIT seed="6,0,0,2,0,111" ten="176,373,259,192" oya="2" hai0="36,66,24,59,98,53,23,52,22,18,27,29,47" hai1="99,104,11,125,1,14,67,107,17,135,80,54,124" hai2="114,64,40,132,100,118,74,51,71,61,46,70,72" hai3="10,127,90,119,87,69,76,75,68,41,12,86,37"/><V128/><F118/><W112/><G119/><T126/><D126/><N who="1" m="48747" /><E135/><V110/><F132/><W42/><G75/><T73/><D73/><U84/><E67/><V62/><F110/><W55/><G55/><T78/><D78/><N who="1" m="46103" /><E54/><V109/><F109/><W19/><G76/><T60/><REACH who="0" step="1"/><D98/><REACH who="0" ten="166,373,259,192" step="2"/><U20/><E99/><V30/><F74/><W82/><G87/><T116/><D116/><U65/><E65/><V44/><F64/><W95/><G127/><T130/><D130/><U105/><E1/><V133/><F128/><W83/><G86/><T45/><D45/><U97/><E97/><V58/><F44/><W134/><G134/><T129/><D129/><U9/><AGARI ba="0,1" hai="9,11,14,17,20,104,105,107" m="46103,48747" machi="9" ten="40,1500,0" yaku="18,1" doraHai="111" who="1" fromWho="1" sc="166,-4,373,25,259,-7,192,-4" /><INIT seed="7,0,0,4,3,23" ten="162,398,252,188" oya="3" hai0="102,11,96,113,47,101,110,135,87,49,104,51,20" hai1="134,43,34,42,36,94,17,56,59,12,85,13,118" hai2="86,98,129,60,52,80,99,124,50,53,123,120,45" hai3="37,5,46,107,44,8,81,119,72,111,115,4,67"/><W130/><G107/><T70/><D70/><U22/><E34/><V33/><F33/><W126/><G119/><T41/><D110/><U61/><E118/><V48/><F60/><W75/><G111/><T100/><D135/><U31/><E134/><V27/><F129/><W131/><G67/><T64/><D64/><N who="1" m="38951" /><E31/><V28/><F124/><W71/><G71/><T116/><D116/><U58/><E36/><V65/><F65/><W127/><G37/><T57/><D113/><U3/><E3/><V25/><F28/><W14/><G115/><T79/><D11/><U106/><E106/><V122/><F98/><W83/><G14/><T73/><D73/><U16/><E85/><V68/><F99/><W69/><G69/><T0/><D0/><U84/><E84/><V10/><F10/><AGARI ba="0,0" hai="4,5,8,10,44,46,72,75,81,83,126,127,130,131" machi="10" ten="25,2400,0" yaku="22,2" doraHai="23" who="3" fromWho="2" sc="162,0,398,0,252,-24,188,24" /><INIT seed="7,1,0,3,3,9" ten="162,398,228,212" oya="3" hai0="18,19,30,74,48,69,116,56,102,2,4,46,125" hai1="103,55,70,61,90,78,73,14,24,28,105,81,50" hai2="122,124,117,33,101,32,43,118,53,23,8,126,71" hai3="128,79,66,108,91,109,21,85,62,96,59,57,49"/><W86/><G96/><T26/><D69/><U5/><E90/><V15/><F101/><W39/><G39/><T107/><D74/><U127/><E127/><N who="2" m="48683" /><F43/><W64/><G21/><T40/><D125/><U97/><E5/><N who="2" m="3471" /><F71/><W10/><G10/><T111/><D111/><N who="3" m="42569" /><G128/><T68/><D68/><U11/><E50/><V82/><F122/><W27/><G27/><T98/><D116/><N who="2" m="44650" /><F23/><W1/><G79/><T135/><D135/><U65/><E55/><V20/><F20/><W22/><G22/><T77/><D4/><U95/><E11/><V100/><F100/><W106/><G106/><T16/><D2/><U93/><E95/><V38/><F38/><W58/><G1/><T25/><D77/><U47/><E93/><V88/><F53/><W44/><G66/><T130/><D130/><U94/><E94/><V0/><F0/><W41/><G86/><AGARI ba="1,0" hai="32,33,82,86,88" m="44650,3471,48683" machi="86" ten="30,3900,0" yaku="18,1,52,1,54,1" doraHai="9" who="2" fromWho="3" sc="162,0,398,0,228,42,212,-42" owari="162,-34.0,398,50.0,270,7.0,170,-23.0" /></mjloggm>