<mjloggm ver="2.3"><GO type="97" lobby="0"/><UN n0="%E5%B0%B1%E6%B4%BB%E7%94%9F%40%E5%B7%9D%E6%9D%91%E8%BB%8D%E5%9B%A3" n1="%74%6F%79%6F%31%36" n2="%E3%82%AD%E3%82%A8%E3%83%AB%E3%83%BB%E3%83%8F%E3%82%A4%E3%83%A0" n3="%75%6F%6B%6B%61%34%39%34" dan="15,14,15,14" rate="2035.13,1899.43,1987.96,1883.45" sx="M,M,M,M"/><TAIKYOKU oya="0"/><INIT seed="0,0,0,4,4,46" ten="250,250,250,250" oya="0" hai0="84,112,40,81,51,124,93,2,80,86,70,135,20" hai1="75,28,39,62,115,110,0,8,13,117,71,95,114" hai2="21,23,127,98,34,131,31,53,4,132,83,126,14" hai3="17,43,65,118,42,89,77,25,32,6,48,7,11"/><T54/><D112/><U90/><E117/><V5/><F83/><W35/><G118/><T18/><D70/><U85/><E75/><V79/><F79/><W121/><G121/><T15/><D2/><U134/><E134/><V87/><F87/><W10/><G77/><T113/><D113/><N who="1" m="43019" /><E110/><V99/><F99/><W41/><G65/><T55/><D135/><U125/><E125/><N who="2" m="47627" /><F98/><W49/><G89/><N who="0" m="53415" /><D124/><U76/><E76/><V26/><F132/><W30/><G17/><T96/><D96/><U66/><E39/><V78/><F78/><W130/><G130/><T88/><D80/><U33/><E0/><V44/><F131/><W128/><G128/><T91/><D91/><U9/><E13/><V105/><F105/><W129/><G129/><T3/><D3/><U64/><E66/><V97/><F97/><W50/><REACH who="3" step="1"/><G35/><REACH who="3" ten="250,250,250,240" step="2"/><T67/><D67/><U58/><E71/><V73/><F34/><W122/><G122/><T74/><D74/><U36/><E36/><V47/><F73/><W116/><G116/><T100/><D100/><U22/><E33/><V120/><F120/><W94/><G94/><T102/><D102/><U45/><E45/><AGARI ba="0,1" hai="15,18,20,40,45,51,54,55,81,86,88" m="53415" machi="45" ten="30,5800,0" yaku="8,1,52,1,54,1" doraHai="46" who="0" fromWho="1" sc="250,68,250,-58,250,0,240,0" /><INIT seed="0,1,0,1,1,14" ten="318,192,250,240" oya="0" hai0="121,66,28,60,8,41,127,1,11,19,97,108,111" hai1="129,100,33,45,130,101,48,131,58,47,38,107,76" hai2="54,124,133,22,77,36,91,90,64,134,118,6,50" hai3="70,62,17,126,44,98,53,18,29,43,116,87,57"/><T105/><D121/><U123/><E33/><V65/><F36/><W125/><G116/><T120/><D120/><U115/><E123/><V94/><F118/><W99/><G70/><T61/><D127/><N who="3" m="48649" /><G29/><T86/><D41/><U3/><E3/><V112/><F124/><W132/><G132/><N who="2" m="50793" /><F112/><W46/><G87/><T79/><D28/><U30/><E30/><V82/><F6/><W104/><G46/><T80/><D105/><U93/><E115/><V110/><F110/><N who="0" m="42026" /><D97/><N who="3" m="36873" /><G104/><T49/><D49/><AGARI ba="1,0" hai="17,18,43,44,49,53,57,62" m="36873,48649" machi="49" ten="30,3900,0" yaku="18,1,52,2" doraHai="14" who="3" fromWho="0" sc="318,-42,192,0,250,0,240,42" /><INIT seed="1,0,0,0,0,46" ten="276,192,250,282" oya="1" hai0="88,92,84,16,47,82,126,105,86,48,93,122,14" hai1="61,98,124,74,23,34,49,18,114,81,119,26,6" hai2="120,100,102,77,2,60,71,4,96,38,107,11,104" hai3="42,76,59,80,27,108,113,131,57,127,91,29,56"/><U89/><E119/><V25/><F120/><W115/><G127/><T130/><D122/><U121/><E121/><V95/><F95/><W129/><G91/><N who="0" m="51607" /><D105/><U13/><E124/><V54/><F77/><W17/><G17/><T24/><D130/><N who="3" m="49673" /><G42/><N who="0" m="24695" /><D126/><U22/><E114/><V9/><F9/><W97/><G97/><T30/><D30/><U132/><E34/><V135/><F135/><W117/><G108/><T37/><D37/><U5/><E132/><V67/><F54/><W103/><G103/><T116/><D24/><U70/><E74/><V52/><F52/><W41/><G41/><T87/><D116/><U133/><E133/><V68/><F25/><W55/><G55/><T125/><D125/><U73/><E73/><V21/><F21/><N who="3" m="15599" /><G117/><T32/><D32/><U79/><E79/><V69/><F38/><W123/><G123/><T7/><D7/><U66/><E49/><V36/><F36/><W31/><G31/><T63/><D63/><U94/><REACH who="1" step="1"/><E81/><REACH who="1" ten="276,182,250,282" step="2"/><V10/><F107/><W39/><G39/><T65/><D65/><U12/><E12/><V110/><F67/><W111/><G111/><T128/><D128/><U90/><E90/><V58/><F110/><W15/><G15/><T53/><D53/><U8/><E8/><V75/><F11/><W3/><G3/><T118/><D118/><U44/><E44/><V101/><F75/><AGARI ba="0,1" hai="56,57,59,75,76,80,113,115" m="15599,49673" machi="75" ten="30,1000,0" yaku="19,1" doraHai="46" who="3" fromWho="2" sc="276,0,182,0,250,-10,282,20" /><INIT seed="2,0,0,3,4,2" ten="276,182,240,302" oya="2" hai0="49,99,108,135,100,98,31,62,88,101,6,67,96" hai1="75,51,84,129,131,19,87,82,17,70,105,54,63" hai2="117,37,104,44,68,22,74,81,123,132,113,21,95" hai3="3,120,30,86,115,43,71,52,133,119,93,40,124"/><V41/><F113/><W34/><G120/><T45/><D108/><U12/><E105/><V83/><F117/><W121/><G119/><T110/><D110/><U92/><E75/><V76/><F123/><W66/><G121/><T35/><D135/><U125/><E125/><V27/><F104/><W8/><G115/><T29/><D6/><U39/><E39/><V78/><F68/><W102/><G133/><T126/><D126/><U18/><E92/><V32/><F132/><W72/><G72/><T15/><D15/><U69/><E87/><V79/><F95/><W112/><G112/><T94/><D62/><U134/><E134/><V11/><F11/><W46/><G124/><T13/><D67/><U24/><E24/><V36/><F36/><W57/><G66/><T38/><D13/><U127/><E127/><V1/><F1/><W7/><G71/><T116/><D38/><U64/><E70/><V5/><F5/><W60/><G34/><T97/><D116/><U26/><E26/><V50/><F37/><W33/><G33/><T9/><D9/><U59/><REACH who="1" step="1"/><E12/><REACH who="1" ten="276,172,240,302" step="2"/><V23/><REACH who="2" step="1"/><F74/><REACH who="2" ten="276,172,230,302" step="2"/><W89/><G3/><T114/><D114/><U14/><E14/><V73/><F73/><W48/><G93/><T42/><D94/><U91/><AGARI ba="0,2" hai="17,18,19,51,54,59,63,64,69,82,84,91,129,131" machi="91" ten="30,2000,0" yaku="1,1,0,1,53,0" doraHai="2" doraHaiUra="4" who="1" fromWho="1" sc="276,-5,172,40,230,-10,302,-5" /><INIT seed="3,0,0,2,1,128" ten="271,212,220,297" oya="3" hai0="117,40,39,122,68,71,63,135,50,101,2,102,37" hai1="119,73,85,127,106,124,90,52,112,5,129,82,80" hai2="33,17,48,25,76,10,18,123,8,21,41,32,16" hai3="93,132,70,67,94,3,45,24,20,62,104,31,108"/><W59/><G104/><T11/><D122/><U27/><E112/><V98/><F123/><W42/><G3/><T51/><D117/><U47/><E119/><V43/><F76/><W65/><G132/><T96/><D135/><U64/><E64/><V111/><F98/><W22/><G108/><T72/><D72/><U57/><E47/><V55/><F111/><W100/><G70/><T126/><D126/><N who="1" m="48171" /><E106/><V61/><F61/><W131/><G131/><T84/><D2/><U15/><E129/><V105/><F105/><W115/><G115/><T19/><D68/><U56/><E27/><V95/><F95/><W88/><G67/><T91/><D63/><N who="1" m="36231" /><E57/><N who="2" m="32999" /><F33/><W78/><G78/><T77/><D71/><U109/><E109/><V4/><F32/><W87/><G24/><T66/><D66/><U89/><E73/><V107/><F107/><W35/><G31/><T46/><D39/><U121/><E121/><V118/><F118/><W103/><G35/><T30/><D50/><U116/><E116/><V58/><F58/><W23/><REACH who="3" step="1"/><G94/><REACH who="3" ten="271,212,220,287" step="2"/><T120/><D30/><U114/><E114/><V28/><F4/><W34/><G34/><T60/><D77/><N who="1" m="46223" /><E82/><V14/><F28/><W13/><G13/><AGARI ba="0,1" hai="8,10,13,14,16,17,18,21,25,41,43" m="32999" machi="13" ten="30,2000,0" yaku="8,1,54,1" doraHai="128" who="2" fromWho="3" sc="271,0,212,0,220,30,287,-20" /><INIT seed="4,0,0,0,0,119" ten="271,212,250,267" oya="0" hai0="83,133,31,118,71,50,59,24,39,101,109,67,25" hai1="130,94,14,58,113,54,21,8,34,91,1,23,95" hai2="65,124,102,108,61,52,4,53,51,105,42,41,121" hai3="81,40,92,89,62,98,80,27,26,93,106,74,9"/><T7/><D118/><U132/><E130/><V46/><F4/><W78/><G106/><T135/><D39/><U127/><E127/><V76/><F76/><W111/><G111/><T64/><D109/><U90/><E132/><N who="0" m="50761" /><D71/><U6/><E34/><V13/><F108/><W123/><G123/><T29/><D7/><U114/><E1/><V84/><F84/><W129/><G129/><T11/><D11/><U37/><E37/><V86/><F86/><W110/><G110/><T88/><D101/><U103/><E103/><V131/><F13/><W43/><G9/><T112/><D50/><U44/><E44/><N who="2" m="26007" /><F102/><N who="3" m="60743" /><G74/><T87/><D59/><U20/><E94/><V55/><F105/><W85/><G62/><T125/><D112/><N who="1" m="43115" /><E95/><V128/><F124/><W120/><G120/><T19/><D19/><U115/><N who="1" m="43123" /><U99/><DORA hai="77" /><E99/><V18/><F121/><W2/><G2/><T48/><D48/><AGARI ba="0,0" hai="6,8,14,20,21,23,48,54,58,90,91" m="43123" machi="48" ten="40,2600,0" yaku="15,1,11,1" doraHai="119,77" who="1" fromWho="0" sc="271,-26,212,26,250,0,267,0" /><INIT seed="5,0,0,1,0,8" ten="245,238,250,267" oya="1" hai0="1,29,86,87,33,49,61,11,102,120,97,44,110" hai1="84,112,109,57,131,34,19,93,66,51,134,75,89" hai2="104,106,135,28,79,22,21,5,100,103,123,35,128" hai3="52,78,77,43,76,14,59,4,121,65,64,122,101"/><U85/><E134/><V42/><F135/><W96/><G43/><T48/><D110/><U98/><E75/><V125/><F42/><W72/><G72/><T118/><D118/><U54/><E131/><V23/><F123/><W16/><G4/><T40/><D120/><U114/><E109/><V30/><F128/><W9/><G122/><T36/><D33/><U17/><E34/><V111/><F111/><W90/><G90/><T46/><D29/><N who="2" m="11370" /><F35/><W53/><G121/><T107/><D61/><U115/><E66/><N who="3" m="25706" /><G59/><T70/><D70/><U91/><REACH who="1" step="1"/><E98/><REACH who="1" ten="245,228,250,267" step="2"/><V124/><F125/><W45/><G45/><T20/><D44/><U95/><AGARI ba="0,1" hai="17,19,51,54,57,84,85,89,91,93,95,112,114,115" machi="95" ten="30,18000,2" yaku="1,1,2,1,0,1,9,1,15,1,53,2" doraHai="8" doraHaiUra="83" who="1" fromWho="1" sc="245,-60,228,190,250,-60,267,-60" owari="185,-31.0,418,51.0,190,-21.0,207,1.0" /></mjloggm>