<mjloggm ver="2.3"><GO type="41" lobby="0"/><UN n0="%E3%82%BF%E3%82%B9%E3%82%B1" n1="%E3%82%82%E3%81%A3%E3%81%A1%E3%82%87" n2="%E5%B0%B1%E6%B4%BB%E7%94%9F%40%E5%B7%9D%E6%9D%91%E8%BB%8D%E5%9B%A3" n3="%62%61%6E%74%65%31" dan="13,14,15,13" rate="1857.70,1917.62,2015.81,1860.38" sx="M,M,M,M"/><TAIKYOKU oya="0"/><INIT seed="0,0,0,1,3,94" ten="250,250,250,250" oya="0" hai0="5,72,89,7,120,115,12,73,41,111,90,74,18" hai1="65,126,63,24,56,40,81,0,125,29,3,134,57" hai2="114,9,96,4,99,28,127,103,109,85,101,117,110" hai3="43,71,80,26,23,100,112,15,130,98,88,54,11"/><T55/><D120/><U60/><E134/><V92/><F114/><W16/><G112/><T87/><D115/><U82/><E40/><V107/><F117/><W97/><G71/><T35/><D35/><U116/><E116/><V31/><F127/><N who="1" m="48649" /><E81/><V22/><F85/><N who="3" m="50215" /><G100/><T131/><D131/><U78/><E57/><V95/><F107/><W51/><G43/><T2/><D2/><U79/><E63/><V38/><F38/><W45/><G130/><T50/><D41/><U77/><E82/><V106/><F106/><W76/><G76/><T113/><D113/><U6/><E6/><AGARI ba="0,0" hai="6,11,15,16,23,26,45,51,54,97,98" m="50215" machi="6" ten="30,8000,1" yaku="8,1,52,2,54,2" doraHai="94" who="3" fromWho="1" sc="250,0,250,-80,250,0,250,80" /><INIT seed="1,0,0,2,5,50" ten="250,170,250,330" oya="1" hai0="97,5,71,2,26,52,24,106,68,109,108,118,32" hai1="95,56,49,61,65,13,100,128,130,38,90,105,122" hai2="123,29,74,40,31,41,88,85,112,66,36,27,6" hai3="20,7,4,113,23,83,116,9,53,12,33,39,115"/><U133/><E38/><V70/><F74/><W78/><G39/><T64/><D118/><U91/><E122/><V117/><F123/><W124/><G83/><T107/><D2/><U59/><E133/><V75/><F75/><W129/><G53/><T72/><D5/><U11/><E105/><V69/><F117/><W93/><G93/><T47/><D72/><U0/><E0/><V73/><F73/><W86/><G86/><T110/><D64/><U132/><E132/><V44/><F112/><N who="3" m="43083" /><G78/><T127/><D127/><U135/><E135/><V87/><F6/><N who="3" m="3127" /><G116/><T125/><D125/><U35/><E35/><V22/><F41/><W76/><G76/><T63/><D26/><U102/><E91/><V62/><F85/><W81/><G81/><T10/><D10/><U114/><E114/><V46/><F46/><W8/><G124/><T25/><D25/><U55/><E100/><V96/><F96/><W57/><G57/><N who="0" m="35239" /><D47/><U120/><E102/><V34/><F70/><N who="0" m="26666" /><D97/><U43/><E43/><V15/><F15/><N who="3" m="5511" /><G129/><T14/><D14/><U51/><E120/><V67/><F67/><W28/><G7/><T121/><D121/><U58/><E130/><V94/><REACH who="2" step="1"/><F34/><REACH who="2" ten="250,170,240,330" step="2"/><W104/><G104/><T126/><D126/><U80/><E128/><V131/><F131/><W84/><G84/><T42/><D42/><U21/><E80/><V89/><F89/><W18/><G18/><AGARI ba="0,1" hai="18,22,27,29,31,36,40,44,62,66,69,87,88,94" machi="18" ten="30,3900,0" yaku="1,1,7,1,54,1,53,0" doraHai="50" doraHaiUra="103" who="2" fromWho="3" sc="250,0,170,0,240,49,330,-39" /><INIT seed="2,0,0,0,1,92" ten="250,170,289,291" oya="2" hai0="126,100,131,68,89,47,16,113,127,2,74,62,134" hai1="32,12,77,84,59,63,65,76,130,24,54,94,58" hai2="18,116,67,15,40,85,105,42,21,28,39,98,33" hai3="132,90,103,20,118,14,25,97,45,79,78,53,111"/><V104/><F116/><W3/><G118/><T72/><D113/><U93/><E130/><V102/><F105/><W6/><G3/><T46/><D131/><U10/><E32/><V73/><F73/><N who="0" m="28266" /><D2/><U128/><E24/><V61/><F39/><W27/><G111/><T114/><D114/><U34/><E34/><V129/><F129/><W17/><G132/><T37/><D100/><U51/><E128/><V48/><F48/><N who="3" m="28815" /><G103/><T120/><D120/><U91/><REACH who="1" step="1"/><E94/><REACH who="1" ten="250,160,289,291" step="2"/><V112/><F112/><W43/><G43/><T71/><D134/><U13/><E13/><V7/><F33/><W95/><G27/><T119/><D119/><U110/><E110/><V49/><F28/><N who="3" m="17447" /><G6/><AGARI ba="0,1" hai="6,10,12,51,54,58,59,63,65,76,77,84,91,93" machi="6" ten="30,3900,0" yaku="1,1,7,1,8,1,53,0" doraHai="92" doraHaiUra="31" who="1" fromWho="3" sc="250,0,160,49,289,0,291,-39" /><INIT seed="3,0,0,0,5,8" ten="250,209,289,252" oya="3" hai0="88,63,119,86,7,104,98,36,107,12,64,134,97" hai1="70,0,65,100,10,28,122,20,29,89,53,110,101" hai2="19,135,83,125,71,35,66,22,44,6,131,50,105" hai3="84,133,1,59,55,15,49,33,112,48,117,38,43"/><W80/><G1/><T30/><D119/><U34/><E122/><V76/><F35/><W128/><G117/><T130/><D130/><U57/><E65/><V109/><F105/><W124/><G38/><T111/><D134/><U69/><E34/><V127/><F109/><W77/><G133/><T103/><D111/><U132/><E132/><V94/><F135/><W58/><G33/><T37/><D30/><U85/><E69/><V16/><F131/><W113/><G128/><T96/><D96/><U115/><E70/><V52/><F6/><W120/><G120/><T47/><D47/><U56/><E115/><V74/><F94/><W31/><G31/><T99/><D99/><U13/><E0/><V9/><F9/><W79/><G79/><T39/><D98/><U18/><E57/><V108/><F108/><W81/><G81/><T14/><D7/><U116/><E116/><V126/><F22/><W42/><G124/><T21/><D21/><U3/><E29/><V102/><F102/><W23/><G113/><T27/><D27/><N who="1" m="16487" /><E3/><V91/><F91/><W5/><G112/><T129/><D129/><U24/><E24/><V61/><AGARI ba="0,0" hai="16,19,44,50,52,61,66,71,74,76,83,125,126,127" machi="61" ten="40,8000,1" yaku="0,1,18,1,54,2" doraHai="8" who="2" fromWho="2" sc="250,-20,209,-20,289,80,252,-40" /><INIT seed="4,0,0,5,4,106" ten="230,189,369,212" oya="0" hai0="4,83,15,98,121,109,45,88,17,117,92,2,65" hai1="116,118,115,42,93,10,133,128,5,6,96,39,78" hai2="64,57,86,28,105,49,107,48,85,97,14,91,100" hai3="8,25,127,38,0,44,31,120,79,113,27,130,75"/><T70/><D121/><U62/><E133/><V56/><F107/><W73/><G120/><T50/><D117/><U1/><E128/><V94/><F28/><W125/><G130/><T129/><D129/><U3/><E62/><V30/><F30/><W132/><G79/><T103/><D109/><U101/><E78/><V95/><F14/><W90/><G90/><T9/><D65/><U46/><REACH who="1" step="1"/><E115/><REACH who="1" ten="230,179,369,212" step="2"/><V72/><F72/><N who="3" m="27723" /><G113/><T47/><D70/><U126/><E126/><N who="3" m="48138" /><G132/><T53/><D45/><U87/><E87/><V134/><F134/><W51/><G38/><T19/><D2/><U123/><E123/><V58/><F64/><W34/><G27/><T122/><D122/><U71/><E71/><V16/><F86/><AGARI ba="0,1" hai="4,9,15,17,19,47,50,53,83,86,88,92,98,103" machi="86" ten="40,3900,0" yaku="8,1,54,1" doraHai="106" who="0" fromWho="2" sc="230,49,179,0,369,-39,212,0" /><INIT seed="4,1,0,0,4,11" ten="279,179,330,212" oya="0" hai0="23,95,92,40,1,48,14,58,112,41,15,73,36" hai1="117,127,54,84,42,31,6,96,13,76,56,0,108" hai2="121,122,79,47,12,102,82,46,60,49,71,62,30" hai3="33,72,89,80,64,61,7,37,16,29,105,106,21"/><T109/><D1/><U125/><E108/><V75/><F30/><W8/><G37/><T133/><D109/><U88/><E117/><V74/><F74/><W128/><G128/><T4/><D36/><U17/><E42/><V77/><F77/><W19/><G33/><T51/><D133/><U78/><E31/><V70/><F102/><W9/><G29/><T83/><D112/><U110/><E96/><V68/><F47/><W38/><G38/><T93/><D4/><U100/><E100/><V43/><REACH who="2" step="1"/><F12/><REACH who="2" ten="279,179,320,212" step="2"/><W50/><G72/><T99/><D15/><U24/><E110/><V111/><F111/><W123/><G123/><AGARI ba="1,1" hai="43,46,49,60,62,68,70,71,75,79,82,121,122,123" machi="123" ten="50,1600,0" yaku="1,1,53,0" doraHai="11" doraHaiUra="27" who="2" fromWho="3" sc="279,0,179,0,320,29,212,-19" /><INIT seed="5,0,0,4,3,31" ten="279,179,349,193" oya="1" hai0="8,135,11,7,116,0,71,2,15,9,76,67,104" hai1="83,69,122,78,130,10,91,48,133,73,45,60,79" hai2="127,132,103,55,66,102,88,85,14,94,65,23,75" hai3="28,112,87,6,18,81,98,68,105,43,123,108,56"/><U39/><E122/><V59/><F75/><W50/><G108/><T89/><D104/><U52/><E133/><V33/><F33/><W25/><G68/><T124/><D76/><U3/><E130/><V129/><F127/><W1/><G123/><T106/><D106/><U120/><E120/><V40/><F40/><W72/><G72/><T119/><D71/><U80/><E91/><V82/><F129/><W128/><G128/><T117/><D67/><N who="2" m="25610" /><F132/><W121/><G121/><T4/><D135/><U111/><E111/><V30/><F82/><W49/><G112/><T27/><D89/><U107/><E107/><V113/><F113/><W5/><G1/><T36/><D36/><U57/><E69/><V17/><F30/><W96/><G105/><T86/><D86/><U77/><E39/><V20/><F20/><N who="3" m="15399" /><G18/><N who="0" m="8551" /><D27/><U47/><E83/><V26/><F26/><W12/><G50/><AGARI ba="0,0" hai="14,17,23,50,55,59,85,88,94,102,103" m="25610" machi="50" ten="30,3900,0" yaku="25,1,8,1,54,1" doraHai="31" who="2" fromWho="3" sc="279,0,179,0,349,39,193,-39" /><INIT seed="6,0,0,0,3,5" ten="279,179,388,154" oya="2" hai0="10,31,123,89,83,27,6,84,60,21,85,16,18" hai1="87,13,90,64,36,105,52,100,76,14,54,91,68" hai2="57,73,88,8,78,69,55,1,61,0,70,9,132" hai3="96,102,72,97,3,34,86,127,77,119,113,80,106"/><V82/><F132/><W79/><G34/><T37/><D123/><U19/><E36/><V99/><F1/><W107/><G3/><T48/><D37/><U40/><E40/><V135/><F135/><W98/><G119/><T74/><D74/><U24/><E76/><V131/><F131/><W120/><G120/><T125/><D125/><U114/><E114/><V39/><F39/><W67/><G67/><T47/><D60/><U32/><E13/><V51/><F0/><W104/><G127/><T58/><D58/><U121/><E121/><V103/><F88/><N who="3" m="51271" /><G113/><T62/><D62/><U49/><E64/><V20/><F20/><W94/><G79/><T124/><D85/><U128/><E68/><V133/><F133/><W33/><G33/><T26/><D124/><U44/><E54/><V122/><F122/><W22/><G22/><T112/><D112/><U53/><E53/><V30/><F30/><W25/><G25/><T11/><D6/><U29/><E87/><V56/><F70/><W66/><G66/><T41/><REACH who="0" step="1"/><D27/><REACH who="0" ten="269,179,388,154" step="2"/><U108/><E128/><V12/><F57/><W81/><AGARI ba="0,1" hai="72,77,81,94,96,97,98,102,104,106,107" m="51271" machi="81" ten="40,12000,2" yaku="35,5,54,1" doraHai="5" who="3" fromWho="3" sc="269,-30,179,-30,388,-60,154,130" /><INIT seed="7,0,0,0,3,58" ten="239,149,328,284" oya="3" hai0="25,36,89,22,40,100,41,99,117,124,123,134,129" hai1="27,116,135,31,13,9,35,101,0,102,74,79,43" hai2="71,70,118,114,108,26,105,20,33,126,122,28,18" hai3="45,106,6,103,130,54,113,34,91,73,50,62,88"/><W47/><G73/><T132/><D123/><U82/><E135/><N who="0" m="51753" /><D117/><U63/><E116/><V23/><F108/><W119/><G34/><T128/><D89/><U120/><E120/><V42/><F122/><W60/><G119/><T55/><D55/><U131/><E131/><N who="0" m="50249" /><D36/><U67/><E43/><N who="0" m="16457" /><D25/><U57/><REACH who="1" step="1"/><E0/><REACH who="1" ten="239,139,328,284" step="2"/><V21/><F118/><W52/><G130/><T77/><D77/><U24/><E24/><V29/><F26/><W78/><G78/><T1/><D1/><U11/><E11/><V112/><F112/><W125/><G113/><T95/><D22/><U66/><E66/><V80/><F114/><W8/><G8/><T127/><AGARI ba="0,1" hai="95,99,100,124,127" m="16457,50249,51753" machi="127" ten="40,8000,1" yaku="30,2,20,1,19,1" doraHai="58" who="0" fromWho="0" sc="239,90,139,-20,328,-20,284,-40" owari="329,43.0,119,-38.0,308,11.0,244,-16.0" /></mjloggm>