<mjloggm ver="2.3"><GO type="97" lobby="0"/><UN n0="%E7%89%9B%E4%B9%B3%E4%B8%80%E6%B0%97%E9%A3%B2%E3%81%BF" n1="%E7%94%B0%E4%B8%AD%E5%84%AA%E7%BE%8E%E6%B8%85%E4%B8%80%E8%89%B2" n2="%E4%B8%8A%E9%87%8D%E6%BC%AB" n3="%E5%B0%B1%E6%B4%BB%E7%94%9F%40%E5%B7%9D%E6%9D%91%E8%BB%8D%E5%9B%A3" dan="15,13,14,14" rate="1976.48,1911.29,1931.35,1931.34" sx="M,F,F,M"/><TAIKYOKU oya="0"/><INIT seed="0,0,0,2,1,124" ten="250,250,250,250" oya="0" hai0="115,117,82,68,133,73,53,86,65,67,80,21,72" hai1="34,114,101,19,42,112,120,109,75,59,24,26,10" hai2="66,134,31,12,77,15,81,130,3,85,127,46,129" hai3="17,84,61,116,36,94,123,106,76,48,107,97,100"/><T39/><D117/><U52/><E75/><V37/><F127/><W6/><G36/><T87/><D39/><U1/><E109/><V9/><F31/><W102/><G123/><T119/><D119/><U126/><E126/><V78/><F66/><W135/><G116/><T89/><D115/><N who="1" m="44075" /><E120/><V105/><F105/><W90/><G135/><T4/><D133/><U13/><E42/><N who="2" m="22863" /><F77/><W62/><G6/><T51/><D4/><N who="1" m="1295" /><E101/><V98/><F98/><W30/><G30/><T111/><D111/><U49/><E34/><V0/><F0/><W104/><G17/><T35/><D35/><U43/><E43/><V44/><F44/><W131/><G131/><N who="2" m="50185" /><F134/><W7/><G7/><AGARI ba="0,0" hai="3,7,9,12,15,78,81,85" m="50185,22863" machi="7" ten="30,7700,0" yaku="19,1,52,3" doraHai="124" who="2" fromWho="3" sc="250,0,250,0,250,77,250,-77" /><INIT seed="1,0,0,5,0,68" ten="250,250,327,173" oya="1" hai0="80,72,28,84,128,55,41,11,107,108,22,5,24" hai1="47,60,35,42,32,8,113,12,26,127,93,51,43" hai2="48,79,86,116,4,2,104,7,94,119,83,53,110" hai3="97,111,102,21,70,34,44,27,13,14,39,52,3"/><U135/><E113/><V91/><F104/><W103/><G70/><T105/><D128/><U0/><E0/><V67/><F110/><W134/><G3/><T118/><D108/><U87/><E127/><V90/><F67/><W81/><G111/><T73/><D118/><U121/><E121/><V120/><F90/><W23/><G34/><T109/><D109/><U85/><E135/><V1/><F120/><W106/><G134/><T125/><D125/><U17/><E43/><V98/><F2/><W96/><G81/><T36/><D55/><U114/><E114/><V77/><F77/><W33/><G33/><T40/><D40/><U129/><E129/><V76/><F76/><W63/><G63/><T101/><D101/><U131/><E131/><V31/><F31/><W71/><G71/><T50/><D73/><U112/><E112/><V20/><F20/><W88/><G88/><T126/><D126/><U133/><E133/><V82/><F82/><W130/><G130/><T100/><D100/><U19/><E60/><V59/><REACH who="2" step="1"/><F1/><REACH who="2" ten="250,250,317,173" step="2"/><W38/><G27/><T49/><D107/><U92/><E32/><V65/><F65/><W45/><REACH who="3" step="1"/><G106/><REACH who="3" ten="250,250,317,163" step="2"/><T57/><D105/><U132/><E132/><V117/><AGARI ba="0,2" hai="4,7,48,53,59,79,83,86,91,94,98,116,117,119" machi="117" ten="30,2000,0" yaku="1,1,0,1,53,0" doraHai="68" doraHaiUra="9" who="2" fromWho="2" sc="250,-5,250,-10,317,40,163,-5" /><INIT seed="2,0,0,3,3,69" ten="245,240,357,158" oya="2" hai0="116,101,39,36,58,132,85,80,22,89,60,44,42" hai1="71,8,95,102,135,46,66,49,43,67,64,52,19" hai2="61,18,97,50,88,73,119,21,14,37,29,77,92" hai3="130,124,103,129,30,10,125,112,5,114,121,126,105"/><V20/><F119/><W83/><G105/><T70/><D116/><U93/><E71/><V35/><F35/><W11/><G103/><T38/><D132/><U59/><E135/><V128/><F128/><N who="3" m="49259" /><G83/><T51/><D101/><U79/><E79/><V12/><F37/><W106/><G106/><T72/><D72/><U111/><E111/><V17/><F29/><W32/><G121/><T1/><D1/><U99/><E19/><V109/><F109/><W15/><G11/><T68/><REACH who="0" step="1"/><D22/><REACH who="0" ten="235,240,357,158" step="2"/><U57/><E8/><V94/><F73/><W41/><G41/><T31/><D31/><U96/><E43/><V76/><F21/><W54/><G54/><AGARI ba="0,1" hai="36,38,39,42,44,51,54,58,60,68,70,80,85,89" machi="54" ten="40,8000,1" yaku="1,1,52,3,53,1" doraHai="69" doraHaiUra="84" who="0" fromWho="3" sc="235,90,240,0,357,0,158,-80" /><INIT seed="3,0,0,0,2,65" ten="325,240,357,78" oya="3" hai0="88,0,10,16,126,106,39,69,46,62,73,123,59" hai1="32,8,95,110,102,52,2,4,71,124,60,112,134" hai2="78,83,80,15,31,55,13,122,19,91,27,128,3" hai3="58,63,51,36,127,47,24,120,9,38,44,25,104"/><W54/><G104/><T61/><D123/><U50/><E112/><V33/><F122/><W85/><G120/><T11/><D106/><U34/><E110/><V81/><F128/><W99/><G127/><T107/><D107/><U100/><E134/><V103/><F3/><W12/><G38/><T23/><D73/><U132/><E132/><V77/><F103/><W75/><G75/><T56/><D126/><U135/><E135/><V92/><F55/><W96/><G36/><T26/><D69/><U98/><E100/><V48/><F48/><W29/><G85/><T64/><D0/><U119/><E119/><V21/><REACH who="2" step="1"/><F15/><REACH who="2" ten="325,240,347,78" step="2"/><W117/><G117/><T18/><D39/><U53/><E124/><V76/><F76/><W108/><G108/><T116/><D116/><U84/><E53/><V43/><F43/><W7/><G44/><T90/><D46/><U1/><E2/><V28/><F28/><W118/><G118/><T30/><D30/><U97/><E84/><AGARI ba="0,1" hai="13,19,21,27,31,33,77,78,80,81,83,84,91,92" machi="84" ten="40,1300,0" yaku="1,1,53,0" doraHai="65" doraHaiUra="115" who="2" fromWho="1" sc="325,0,240,-13,347,23,78,0" owari="325,13.0,227,-17.0,370,46.0,78,-42.0" /></mjloggm>