<mjloggm ver="2.3"><GO type="169" lobby="0"/><UN n0="%E5%B0%B1%E6%B4%BB%E7%94%9F%40%E5%B7%9D%E6%9D%91%E8%BB%8D%E5%9B%A3" n1="%61%62%61%6E%74%65%73" n2="%E3%82%89%E3%81%84%E3%81%A1%E3%82%87%E3%81%86" n3="%E9%A7%84%E5%A6%B9" dan="17,17,17,16" rate="2137.48,2169.17,2153.18,2068.90" sx="M,M,M,F"/><TAIKYOKU oya="0"/><INIT seed="0,0,0,3,4,108" ten="250,250,250,250" oya="0" hai0="88,109,44,127,51,50,13,63,89,70,84,18,117" hai1="116,23,76,36,113,78,17,59,32,37,9,107,11" hai2="110,135,53,103,105,60,52,100,25,101,14,111,56" hai3="124,72,62,81,130,48,22,61,31,85,97,1,79"/><T98/><D117/><U112/><E32/><V41/><F105/><W5/><G124/><T55/><D127/><U83/><E107/><V128/><F128/><W2/><G130/><T77/><D109/><N who="2" m="41482" /><F135/><W3/><G5/><T99/><D70/><U19/><E59/><N who="2" m="34919" /><F41/><W96/><G72/><T42/><D77/><U34/><E34/><V40/><F40/><W118/><G118/><T121/><D89/><U80/><E23/><V67/><F67/><W58/><G48/><T38/><D63/><U119/><AGARI ba="0,0" hai="9,11,17,19,36,37,76,78,80,83,112,113,116,119" machi="119" ten="25,8000,1" yaku="0,1,22,2,52,2" doraHai="108" who="1" fromWho="1" sc="250,-40,250,80,250,-20,250,-20" /><INIT seed="1,0,0,3,0,61" ten="210,330,230,230" oya="1" hai0="54,121,48,62,87,131,37,85,96,80,113,21,33" hai1="122,59,84,102,99,64,44,2,7,116,117,31,111" hai2="72,26,16,47,95,38,45,42,19,94,120,41,39" hai3="74,18,76,75,107,91,56,97,65,51,82,3,71"/><U12/><E122/><V77/><F120/><W93/><G3/><T135/><D37/><U125/><E2/><V101/><F101/><W130/><G130/><T89/><D33/><U27/><E125/><V57/><F57/><W13/><G71/><T86/><D121/><U79/><E111/><V128/><F128/><W66/><G74/><T35/><D35/><U40/><E117/><V114/><F114/><W78/><G78/><T32/><D32/><U134/><E134/><V20/><REACH who="2" step="1"/><F19/><REACH who="2" ten="210,330,220,230" step="2"/><W0/><G107/><T110/><D131/><U46/><E116/><V124/><F124/><W4/><G4/><T106/><D113/><U25/><E59/><V126/><F126/><W60/><G0/><T83/><D135/><U23/><E7/><V49/><F49/><W22/><REACH who="3" step="1"/><G51/><REACH who="3" ten="210,330,220,220" step="2"/><T127/><D48/><U69/><E69/><V100/><F100/><W109/><G109/><T104/><D110/><U119/><E102/><V70/><F70/><W63/><G63/><T132/><D62/><U28/><E119/><V108/><F108/><W53/><AGARI ba="0,2" hai="13,18,22,53,56,60,65,66,75,76,82,91,93,97" machi="53" ten="20,8000,1" yaku="1,1,0,1,7,1,52,2,53,0" doraHai="61" doraHaiUra="133" who="3" fromWho="3" sc="210,-20,330,-40,220,-20,220,100" /><INIT seed="2,0,0,0,2,1" ten="190,290,200,320" oya="2" hai0="33,105,111,89,109,63,122,88,21,50,94,67,9" hai1="79,45,91,61,0,90,120,129,84,76,127,125,52" hai2="49,6,121,135,58,37,5,69,7,112,36,4,57" hai3="42,117,124,41,80,17,13,29,70,77,56,132,19"/><V2/><F112/><W86/><G70/><T134/><D105/><U87/><E129/><V96/><F121/><W47/><G117/><T32/><D122/><U83/><E120/><V115/><F115/><W113/><G113/><T35/><D134/><U54/><E0/><V81/><F69/><W65/><G132/><T14/><D21/><U23/><E23/><V15/><F135/><W98/><G29/><T118/><D50/><N who="1" m="28751" /><E127/><V85/><F2/><W53/><G65/><T123/><D123/><U55/><E125/><V66/><F37/><W8/><G124/><T59/><D118/><U20/><E20/><V44/><F36/><W26/><G98/><T97/><REACH who="0" step="1"/><D89/><REACH who="0" ten="180,290,200,320" step="2"/><U30/><E30/><V25/><F25/><W128/><G26/><T126/><D126/><U133/><E133/><V110/><F110/><W3/><G128/><T68/><D68/><U10/><E61/><N who="2" m="38191" /><F58/><W64/><G56/><T38/><D38/><U99/><E90/><N who="2" m="51503" /><F96/><W73/><G41/><T48/><D48/><U95/><E99/><V11/><F4/><AGARI ba="0,1" hai="4,9,14,32,33,35,59,63,67,88,94,97,109,111" machi="4" ten="40,5200,0" yaku="1,1,52,1,54,1,53,0" doraHai="1" doraHaiUra="107" who="0" fromWho="2" sc="180,62,290,0,200,-52,320,0" /><INIT seed="3,0,0,0,5,67" ten="242,290,148,320" oya="3" hai0="79,25,31,22,89,23,12,105,94,4,41,50,66" hai1="116,64,104,121,132,110,99,103,35,54,114,76,130" hai2="96,16,63,73,108,40,56,2,8,3,107,43,106" hai3="42,27,5,118,77,126,68,30,48,81,98,100,128"/><W84/><G118/><T71/><D105/><U135/><E35/><V109/><F73/><W34/><G126/><T85/><D79/><U19/><E121/><V47/><F2/><W44/><G128/><T59/><D71/><U33/><E33/><V61/><F3/><W69/><REACH who="3" step="1"/><G5/><REACH who="3" ten="242,290,148,310" step="2"/><T117/><D117/><U14/><E116/><V38/><F109/><W74/><G74/><T112/><D112/><U72/><E114/><V15/><F108/><W32/><G32/><T134/><D134/><U83/><E110/><V46/><F96/><W60/><G60/><T57/><D4/><U123/><E130/><V91/><F63/><W82/><G82/><T10/><D85/><U127/><E127/><V92/><F61/><W9/><G9/><T125/><D10/><N who="1" m="6615" /><E123/><V37/><F8/><W51/><G51/><T1/><D50/><U55/><E135/><V75/><F75/><W119/><G119/><T52/><D125/><U26/><E132/><V58/><F38/><W7/><G7/><T24/><D23/><U102/><E72/><V95/><F37/><W18/><G18/><T20/><D22/><U97/><E83/><V36/><F36/><W11/><G11/><T93/><D20/><U17/><E17/><V78/><F16/><W29/><G29/><T53/><D31/><U86/><E99/><V88/><REACH who="2" step="1"/><F15/><REACH who="2" ten="242,290,138,310" step="2"/><W49/><G49/><N who="0" m="30863" /><D12/><U113/><E97/><V21/><F21/><W111/><G111/><T13/><D13/><U90/><E113/><V131/><F131/><W133/><G133/><T87/><D1/><U124/><E124/><V28/><F28/><RYUUKYOKU ba="0,2" sc="242,-15,290,-15,138,15,310,15" hai2="40,43,46,47,56,58,78,88,91,92,95,106,107" hai3="27,30,34,42,44,48,68,69,77,81,84,98,100" /><INIT seed="3,1,2,4,4,69" ten="227,275,153,325" oya="3" hai0="120,90,103,20,132,72,45,2,129,23,98,22,66" hai1="102,75,28,95,32,15,63,43,49,89,97,109,9" hai2="88,14,57,112,117,12,38,29,26,113,42,17,65" hai3="62,39,54,25,13,61,83,60,31,50,80,94,48"/><W46/><G39/><T4/><D72/><U55/><E75/><V125/><F117/><W47/><G94/><T34/><D120/><U128/><E128/><V79/><F125/><W99/><G99/><T41/><D129/><U105/><E109/><V91/><F79/><W71/><G13/><T76/><D34/><U77/><E77/><V37/><F57/><W67/><G61/><T70/><D132/><U118/><E43/><V111/><F42/><W1/><G60/><T36/><D76/><U59/><E118/><V6/><F17/><W96/><G96/><T56/><D70/><U24/><E49/><V131/><F131/><W18/><G18/><T44/><D90/><U134/><E134/><V121/><F26/><W0/><G0/><T58/><D44/><U33/><E33/><V73/><F73/><W51/><G51/><T81/><D81/><U82/><E82/><V114/><F121/><W93/><G93/><T30/><D30/><U8/><E15/><N who="2" m="5675" /><F29/><W100/><G1/><T64/><D58/><U85/><AGARI ba="1,2" hai="8,9,24,28,32,55,59,63,85,89,95,97,102,105" machi="85" ten="20,1500,0" yaku="0,1,7,1" doraHai="69" who="1" fromWho="1" sc="227,-5,275,38,153,-5,325,-8" /><INIT seed="4,0,0,0,4,118" ten="222,313,148,317" oya="0" hai0="78,58,86,33,129,63,51,44,9,82,75,125,109" hai1="97,94,34,12,106,20,99,131,54,18,81,95,60" hai2="114,19,115,120,104,26,36,4,37,130,41,98,128" hai3="64,29,112,121,61,57,46,17,3,59,14,53,22"/><T132/><D109/><U122/><E34/><V110/><F4/><W62/><G112/><N who="2" m="43049" /><F110/><W90/><G3/><T89/><D33/><U74/><E131/><N who="2" m="50219" /><F26/><W77/><G121/><T101/><D125/><U40/><E122/><V52/><F19/><W80/><G90/><T27/><D132/><U83/><E106/><V28/><F28/><W39/><G29/><T1/><D129/><U133/><E133/><V135/><F135/><W15/><G46/><T16/><D101/><N who="1" m="60599" /><E40/><V134/><F134/><W45/><G45/><T79/><D1/><U68/><E68/><V111/><F111/><W76/><G39/><N who="2" m="14921" /><F41/><W38/><G38/><T50/><D75/><U30/><E74/><V127/><F127/><W65/><G14/><N who="0" m="7247" /><D27/><U31/><E31/><V11/><F11/><W93/><G15/><T126/><D126/><U88/><E30/><V24/><F24/><W42/><G17/><T69/><D79/><U8/><E8/><V102/><F120/><W103/><G42/><T71/><D78/><U48/><E83/><V73/><F73/><W56/><G77/><T100/><D100/><U117/><E81/><V96/><F96/><W0/><G76/><T72/><D72/><U25/><E25/><V43/><F43/><W5/><G5/><T70/><D89/><U23/><E88/><V7/><F7/><W66/><G103/><T113/><D86/><U55/><E99/><V119/><F119/><W85/><G85/><T47/><D113/><U116/><E116/><V124/><F124/><W108/><G108/><T91/><D82/><U13/><E117/><V21/><F21/><RYUUKYOKU ba="0,0" sc="222,-10,313,-10,148,30,317,-10" hai2="52,98,102,104" /><INIT seed="5,1,0,4,4,135" ten="212,303,178,307" oya="1" hai0="11,123,1,127,128,48,130,18,95,86,9,71,40" hai1="29,80,75,16,44,49,85,2,19,107,94,68,27" hai2="99,81,25,14,105,125,89,60,112,32,61,66,115" hai3="91,55,36,30,21,98,120,119,97,37,114,20,63"/><U100/><E2/><V116/><F116/><W13/><G120/><T65/><D123/><U110/><E68/><N who="2" m="42055" /><F61/><W53/><G114/><N who="2" m="43561" /><F14/><W74/><G74/><T56/><D71/><U24/><E75/><V93/><F81/><W106/><G119/><T4/><D127/><U70/><E107/><V121/><F121/><W90/><G13/><N who="0" m="7471" /><D65/><U57/><E57/><V34/><F105/><W38/><G63/><T104/><D104/><U108/><E70/><V28/><F34/><W33/><G33/><T78/><D56/><U46/><E46/><V113/><N who="2" m="43569" /><V129/><DORA hai="0" /><F129/><N who="0" m="49770" /><D78/><N who="1" m="46231" /><E110/><V111/><F111/><W45/><G106/><T117/><D117/><U15/><E108/><V84/><F99/><W82/><G45/><N who="0" m="25639" /><D86/><U118/><E118/><V42/><F42/><W5/><G82/><T62/><D62/><U39/><E15/><V23/><F32/><W83/><G83/><T102/><D95/><U51/><E39/><V132/><F132/><W134/><G134/><T17/><D17/><N who="1" m="6731" /><E29/><V103/><F103/><AGARI ba="1,0" hai="1,4,11,102,103" m="25639,49770,7471" machi="103" ten="30,2000,0" yaku="19,1,52,1" doraHai="135,0" who="0" fromWho="2" sc="212,23,303,0,178,-23,307,0" /><INIT seed="6,0,0,0,4,83" ten="235,303,155,307" oya="2" hai0="49,80,37,65,77,15,23,42,45,122,128,8,94" hai1="16,121,91,18,14,22,111,79,30,61,26,48,52" hai2="68,74,115,25,103,12,20,51,126,76,10,72,75" hai3="134,105,64,43,54,95,21,85,84,87,129,60,55"/><V125/><F68/><W116/><G105/><T35/><D122/><U50/><E111/><V78/><F103/><W53/><G116/><T56/><D35/><U3/><E3/><V24/><F51/><N who="1" m="19497" /><E79/><N who="2" m="30251" /><F20/><W110/><G110/><T97/><D128/><U27/><E121/><V98/><F98/><W63/><G129/><T69/><D23/><N who="1" m="15711" /><E91/><V67/><F67/><W130/><G130/><T34/><D34/><U117/><E117/><V38/><F38/><W71/><G134/><T9/><D69/><U4/><E4/><N who="2" m="3143" /><F115/><W66/><G43/><T114/><D15/><U70/><E70/><V59/><F59/><W90/><G21/><T6/><D6/><U86/><E14/><V58/><F58/><W119/><G119/><T73/><D114/><U40/><E40/><V17/><F17/><W109/><G109/><T118/><D118/><U104/><E104/><V36/><F36/><W93/><G90/><T113/><D113/><U33/><E33/><V102/><F102/><W135/><G135/><T131/><D131/><U120/><E120/><V5/><F5/><W81/><G71/><T29/><D29/><U100/><E100/><V101/><F101/><W62/><G81/><T106/><D106/><U88/><E22/><V13/><F13/><W41/><G41/><T99/><D99/><U57/><E27/><V44/><F44/><W107/><G107/><T46/><D46/><U108/><E108/><V124/><AGARI ba="0,0" hai="24,25,72,74,75,124,125,126" m="3143,30251" machi="124" ten="40,2100,0" yaku="18,1" doraHai="83" who="2" fromWho="2" sc="235,-7,303,-7,155,21,307,-7" /><INIT seed="6,1,0,4,0,129" ten="228,296,176,300" oya="2" hai0="21,56,10,13,66,88,63,80,39,48,107,53,52" hai1="68,93,54,115,74,89,119,122,2,71,77,6,51" hai2="114,92,97,83,100,84,31,38,36,40,78,37,28" hai3="11,106,0,75,24,17,67,131,58,69,102,128,29"/><V112/><REACH who="2" step="1"/><F40/><REACH who="2" ten="228,296,166,300" step="2"/><W98/><G131/><T79/><D107/><U96/><E119/><V101/><F101/><W42/><G128/><T117/><D117/><U5/><E122/><V91/><F91/><W103/><G42/><T60/><D39/><U4/><E89/><V30/><AGARI ba="1,1" hai="28,30,31,36,37,38,78,83,84,92,97,100,112,114" machi="30" ten="40,7800,0" yaku="21,2,0,1,53,0" doraHai="129" doraHaiUra="133" who="2" fromWho="2" sc="228,-27,296,-27,166,91,300,-27" /><INIT seed="6,2,0,0,4,103" ten="201,269,257,273" oya="2" hai0="21,66,37,95,79,40,38,9,129,105,97,98,80" hai1="8,62,93,55,107,26,31,84,27,2,47,101,116" hai2="92,91,64,16,126,56,48,50,121,22,133,108,134" hai3="41,35,71,13,68,99,132,42,112,18,43,115,104"/><V63/><F121/><W90/><G35/><T58/><D129/><U102/><E116/><V44/><F126/><W73/><G73/><T85/><D9/><U128/><E107/><V45/><F108/><W36/><G36/><T29/><D97/><U125/><E125/><V5/><F5/><W89/><G132/><N who="2" m="50793" /><F45/><W10/><G89/><T74/><D40/><U69/><E69/><V34/><F44/><W0/><G0/><T32/><D32/><U109/><E109/><V30/><F30/><W12/><G12/><T119/><D119/><U39/><E39/><V131/><F34/><W130/><G130/><T53/><D105/><U70/><E70/><V111/><F111/><W52/><G90/><T6/><D6/><U88/><E2/><V25/><F131/><W83/><G83/><T46/><D74/><U72/><E72/><V123/><F123/><W24/><G24/><N who="1" m="9258" /><E31/><V94/><F94/><W15/><G15/><T54/><D29/><U28/><E28/><V75/><F75/><W17/><G71/><T65/><D38/><U110/><E110/><V117/><F117/><W61/><G68/><T76/><D37/><U120/><E120/><V113/><F113/><N who="3" m="43595" /><G18/><T81/><D76/><U106/><E128/><V118/><F118/><W122/><G122/><T86/><D79/><U87/><E47/><V67/><F67/><W124/><G124/><T77/><D46/><U20/><E93/><V3/><F3/><W78/><G78/><T23/><D77/><U127/><E106/><V82/><F92/><W7/><G104/><T11/><D95/><N who="1" m="54663" /><E127/><V33/><F33/><RYUUKYOKU ba="2,0" sc="201,-10,269,-10,257,30,273,-10" hai2="16,22,25,48,50,56,63,64,82,91" /><INIT seed="6,3,0,2,5,51" ten="191,259,287,263" oya="2" hai0="77,62,61,45,111,56,79,49,90,26,44,131,127" hai1="66,18,91,73,36,97,32,10,81,9,27,30,28" hai2="103,71,104,40,58,19,72,3,59,8,122,78,87" hai3="76,65,13,107,25,43,68,22,98,31,38,29,35"/><V14/><F122/><W46/><G76/><N who="0" m="29259" /><D111/><U129/><E73/><V130/><F71/><W135/><G135/><T1/><D1/><U99/><E36/><V118/><F118/><W5/><G29/><N who="1" m="11370" /><E32/><V85/><F130/><W92/><G107/><T48/><D131/><U112/><E129/><V53/><F40/><W2/><G2/><T125/><D90/><U6/><E66/><V82/><F59/><W120/><G120/><T101/><D26/><U93/><E112/><V64/><F64/><W39/><G65/><T16/><D101/><U70/><E70/><V110/><F110/><W12/><G68/><T75/><D75/><U34/><E81/><V123/><F123/><W47/><G5/><T109/><D109/><U23/><E34/><V7/><F103/><W88/><G35/><T80/><D80/><U133/><E133/><V17/><F104/><W121/><G121/><T132/><D16/><N who="1" m="12775" /><E6/><V119/><F119/><W52/><REACH who="3" step="1"/><G38/><REACH who="3" ten="191,259,287,253" step="2"/><T106/><D106/><U24/><E99/><V83/><F3/><W113/><G113/><T37/><D37/><U41/><E41/><V102/><F72/><W15/><G15/><T96/><D96/><U95/><E95/><V134/><F134/><W54/><G54/><N who="0" m="29959" /><D132/><U63/><E24/><V115/><F115/><W117/><G117/><T74/><D74/><U67/><E18/><V4/><F19/><W21/><G21/><T42/><D56/><N who="1" m="37351" /><E10/><V60/><F4/><W126/><G126/><AGARI ba="3,1" hai="42,45,49,61,62,125,126,127" m="29959,29259" machi="126" ten="30,2000,0" yaku="18,1,52,1" doraHai="51" who="0" fromWho="3" sc="191,39,259,0,287,0,253,-29" /><INIT seed="7,0,0,1,1,67" ten="230,259,287,224" oya="3" hai0="18,23,40,32,81,82,45,86,105,115,51,87,10" hai1="54,122,125,38,95,25,16,50,101,49,69,89,128" hai2="79,64,132,62,53,71,5,80,112,114,15,56,12" hai3="84,94,121,31,47,92,102,11,4,9,134,21,68"/><W22/><G121/><T20/><D32/><U43/><E122/><V39/><F39/><W2/><G68/><T131/><D105/><U100/><E69/><V119/><F132/><W106/><G134/><T24/><D131/><U126/><E128/><V59/><F119/><W36/><G106/><T111/><D115/><N who="2" m="44074" /><F5/><W76/><G36/><T63/><D111/><U48/><E54/><V33/><F33/><W127/><G127/><N who="1" m="48650" /><E25/><V120/><F120/><W117/><G117/><T1/><D1/><U97/><E16/><V6/><F6/><W90/><G31/><T104/><D104/><U29/><E29/><V88/><F88/><W35/><G35/><T3/><D3/><U66/><E66/><V129/><F129/><W27/><G27/><T83/><D10/><U46/><AGARI ba="0,0" hai="38,43,46,48,49,50,89,95,97,100,101" m="48650" machi="46" ten="40,1500,0" yaku="18,1" doraHai="67" who="1" fromWho="1" sc="230,-4,259,15,287,-4,224,-7" /><INIT seed="8,0,0,3,2,95" ten="226,274,283,217" oya="0" hai0="50,69,29,18,119,4,114,54,88,35,129,94,53" hai1="52,80,0,1,7,131,58,120,100,112,25,26,63" hai2="67,125,62,9,64,5,83,82,43,85,24,113,17" hai3="91,66,2,56,8,116,72,110,15,124,55,51,86"/><T102/><D119/><U33/><E120/><V68/><F113/><W106/><G110/><T32/><D114/><U49/><E112/><V10/><F125/><W77/><G106/><T21/><D69/><U89/><E131/><V115/><F115/><W130/><G2/><T11/><D102/><U93/><E33/><V36/><F67/><W71/><G124/><T60/><D29/><U28/><E7/><V134/><F134/><W132/><G130/><T98/><D54/><U117/><E117/><V111/><F111/><W14/><G132/><T40/><D40/><U39/><E39/><V57/><F68/><W81/><G116/><T12/><D129/><U76/><E100/><V75/><F75/><W79/><G72/><T97/><D60/><U101/><E101/><V74/><F74/><W105/><G105/><T46/><REACH who="0" step="1"/><D98/><REACH who="0" ten="216,274,283,217" step="2"/><U90/><E63/><V96/><F96/><W38/><G71/><T70/><D70/><U41/><E41/><V92/><F43/><W47/><G66/><T59/><D59/><U22/><E28/><V45/><F57/><W34/><G34/><T109/><D109/><U73/><E58/><V61/><F64/><W16/><G56/><T87/><D87/><U103/><E52/><V84/><F84/><W31/><G31/><T27/><AGARI ba="0,1" hai="4,11,12,18,21,27,32,35,46,50,53,88,94,97" machi="27" ten="20,18000,2" yaku="1,1,0,1,7,1,52,1,54,1,53,1" doraHai="95" doraHaiUra="3" who="0" fromWho="0" sc="216,190,274,-60,283,-60,217,-60" owari="406,51.0,214,-19.0,223,2.0,157,-34.0" /></mjloggm>