<mjloggm ver="2.3"><GO type="97" lobby="0"/><UN n0="%E5%B0%B1%E6%B4%BB%E7%94%9F%40%E5%B7%9D%E6%9D%91%E8%BB%8D%E5%9B%A3" n1="%74%61%6B%65%72%75%62" n2="%49%42%41%5A%41%53" n3="%6B%65%6E%70%72%61%74%6F" dan="15,13,13,14" rate="2038.97,1813.69,1848.26,1934.72" sx="M,F,M,M"/><TAIKYOKU oya="0"/><INIT seed="0,0,0,3,5,43" ten="250,250,250,250" oya="0" hai0="15,62,71,60,112,126,127,2,84,97,113,28,100" hai1="72,10,119,26,70,90,108,52,82,44,102,132,87" hai2="24,20,11,125,65,109,83,66,59,36,53,14,93" hai3="92,124,79,103,75,122,74,64,18,40,45,85,35"/><T76/><D2/><U61/><E119/><V42/><F109/><W19/><G35/><T54/><D28/><U133/><E72/><V73/><F125/><N who="0" m="47626" /><D15/><U49/><E108/><V96/><F73/><W38/><G124/><T123/><D123/><U57/><E26/><V116/><F83/><W78/><G64/><T17/><D17/><U107/><E70/><V29/><F42/><W98/><G122/><T47/><D71/><U50/><E50/><N who="2" m="31159" /><F36/><W58/><G75/><T105/><D84/><U129/><E129/><V21/><F21/><W106/><G58/><T13/><D13/><U120/><E120/><V95/><F116/><W69/><G79/><T80/><D80/><U121/><E121/><V114/><F114/><N who="0" m="44138" /><D76/><U41/><REACH who="1" step="1"/><E10/><REACH who="1" ten="250,240,250,250" step="2"/><V34/><F34/><W67/><G69/><T55/><D55/><U46/><E46/><V51/><F66/><W81/><REACH who="3" step="1"/><G67/><REACH who="3" ten="250,240,250,240" step="2"/><T91/><D47/><U48/><E48/><V131/><F51/><W7/><G7/><T88/><D60/><U31/><E31/><V115/><F65/><W1/><G1/><T32/><D32/><U16/><E16/><N who="2" m="8287" /><F115/><W37/><G37/><T104/><D62/><U4/><E4/><V3/><F3/><W30/><G30/><T94/><D54/><U135/><E135/><V6/><F6/><W86/><G86/><T0/><D0/><U25/><E25/><V128/><F131/><W27/><G27/><T117/><D117/><U23/><E23/><V111/><F128/><W9/><G9/><T99/><D99/><AGARI ba="0,2" hai="41,44,49,52,57,61,82,87,90,99,102,107,132,133" machi="99" ten="40,8000,1" yaku="1,1,52,1,54,1,53,1" doraHai="43" doraHaiUra="101" who="1" fromWho="0" sc="250,-80,240,100,250,0,240,0" /><INIT seed="1,0,0,2,0,92" ten="170,340,250,240" oya="1" hai0="115,80,37,103,10,40,127,53,91,52,1,24,116" hai1="131,97,111,64,19,114,17,119,22,50,130,16,21" hai2="51,4,76,85,96,95,55,129,30,11,61,0,54" hai3="23,43,29,88,68,132,107,109,20,32,2,118,46"/><U56/><E119/><V65/><F129/><N who="1" m="49161" /><E114/><V35/><F35/><W47/><G109/><T120/><D115/><U121/><E121/><V98/><F30/><W113/><G29/><T26/><D120/><U62/><E111/><V108/><F108/><W71/><G113/><T9/><D116/><U7/><E7/><V59/><F55/><W87/><G107/><T31/><D127/><U33/><E33/><V74/><F74/><W48/><G32/><T117/><D117/><U83/><E83/><V49/><F49/><W60/><G118/><T69/><D69/><U124/><E124/><V77/><F95/><W45/><G2/><T12/><D103/><U89/><E50/><V106/><F106/><W67/><G71/><T94/><D1/><U90/><E97/><V78/><REACH who="2" step="1"/><F85/><REACH who="2" ten="170,340,240,240" step="2"/><W105/><G105/><T112/><D112/><U133/><E133/><V123/><F123/><W100/><G132/><T66/><D80/><U13/><E19/><V86/><F86/><W57/><G68/><AGARI ba="0,1" hai="0,4,11,51,54,59,61,65,68,76,77,78,96,98" machi="68" ten="40,5200,0" yaku="1,1,52,2,53,0" doraHai="92" doraHaiUra="82" who="2" fromWho="3" sc="170,0,340,0,240,62,240,-52" /><INIT seed="2,0,0,4,4,120" ten="170,340,302,188" oya="2" hai0="99,25,40,36,97,10,68,47,93,123,101,22,132" hai1="32,102,1,76,78,26,95,59,37,88,0,73,4" hai2="43,107,57,130,12,62,54,64,108,45,133,69,83" hai3="6,35,94,71,48,60,104,119,7,9,122,134,72"/><V52/><F107/><W82/><G122/><T34/><D123/><U84/><E37/><N who="2" m="21743" /><F83/><W111/><G94/><T14/><D132/><U106/><E4/><V128/><F133/><W27/><G48/><T15/><D68/><U113/><E113/><V96/><F96/><W55/><G55/><N who="2" m="21033" /><F108/><W41/><G134/><T66/><D66/><U79/><E26/><V44/><F12/><W17/><G7/><T28/><D14/><U129/><E32/><V70/><F44/><W56/><G41/><T81/><D81/><N who="1" m="45199" /><E0/><V117/><F117/><W16/><G111/><T121/><D121/><U30/><E30/><V92/><F92/><W112/><G104/><T23/><REACH who="0" step="1"/><D99/><REACH who="0" ten="160,340,302,188" step="2"/><N who="1" m="61791" /><E1/><V116/><F116/><W118/><G119/><T29/><D29/><U42/><E42/><V77/><F77/><W87/><G118/><T86/><D86/><U74/><E74/><V11/><F11/><W13/><G87/><T80/><D80/><U110/><E110/><V31/><F31/><W65/><G82/><T75/><D75/><U105/><E79/><V125/><F125/><W58/><G72/><T38/><D38/><U33/><E78/><V90/><F90/><W103/><G112/><T85/><D85/><U50/><E84/><V61/><F70/><W49/><G103/><T135/><D135/><U46/><E33/><V67/><AGARI ba="0,1" hai="57,61,62,64,67,69,128,130" m="21033,21743" machi="67" ten="30,6000,0" yaku="34,2,54,1" doraHai="120" who="2" fromWho="2" sc="160,-20,340,-20,302,70,188,-20" /><INIT seed="2,1,0,3,0,108" ten="140,320,372,168" oya="2" hai0="48,83,101,85,57,113,21,127,7,18,46,58,3" hai1="77,4,86,20,87,70,123,53,9,38,22,81,100" hai2="62,124,2,19,34,84,49,55,31,131,98,52,63" hai3="42,134,110,60,119,103,132,106,26,104,25,12,75"/><V112/><F112/><W121/><G110/><T82/><D127/><U10/><E70/><V54/><F2/><W32/><G121/><T96/><D113/><U66/><E66/><V37/><F37/><W133/><G32/><T0/><D0/><U41/><E123/><V90/><F124/><W24/><G12/><T91/><D7/><U73/><E100/><V29/><F98/><W45/><G103/><T79/><D3/><N who="1" m="159" /><E10/><V117/><F131/><W65/><G75/><T129/><D129/><U114/><E53/><N who="2" m="20587" /><F117/><W71/><REACH who="3" step="1"/><G119/><REACH who="3" ten="140,320,372,158" step="2"/><T94/><D101/><U11/><E114/><V67/><F34/><W89/><G89/><T97/><D97/><U88/><E87/><V36/><F84/><W107/><G107/><T14/><REACH who="0" step="1"/><D83/><REACH who="0" ten="130,320,372,158" step="2"/><U68/><E81/><V30/><F90/><W116/><G116/><T78/><D78/><U15/><E88/><V40/><F36/><AGARI ba="1,2" hai="24,25,26,36,42,45,60,65,71,104,106,132,133,134" machi="36" ten="50,6400,0" yaku="1,1,20,1,53,1" doraHai="108" doraHaiUra="59" who="3" fromWho="2" sc="130,0,320,0,372,-67,158,87" /><INIT seed="3,0,0,0,5,44" ten="130,320,305,245" oya="3" hai0="57,36,75,106,72,53,35,134,39,120,97,15,115" hai1="49,74,121,26,78,9,37,34,70,96,52,28,80" hai2="93,0,48,17,119,59,69,128,21,100,129,107,112" hai3="127,11,104,20,105,109,18,73,22,135,102,32,51"/><W62/><G73/><T38/><D35/><U19/><E70/><V81/><F119/><W41/><G32/><T5/><D120/><U123/><E37/><V130/><F112/><W30/><G127/><T92/><D115/><U103/><E19/><V76/><F107/><W113/><G113/><T14/><D134/><U131/><E9/><V31/><F69/><W79/><G79/><T89/><D106/><U67/><E67/><V83/><F31/><W111/><G62/><T25/><D25/><U64/><E64/><V12/><F0/><W58/><G135/><T91/><D91/><U77/><E77/><V42/><F76/><W95/><G95/><T66/><D66/><U13/><E13/><V8/><F8/><W16/><G30/><T114/><D114/><U98/><E98/><N who="2" m="59471" /><F42/><W86/><G86/><T56/><D56/><U46/><E131/><V29/><F29/><W1/><G11/><T117/><D117/><U54/><E54/><AGARI ba="0,0" hai="12,17,21,48,54,59,81,83,128,129,130" m="59471" machi="54" ten="30,2000,0" yaku="19,1,52,1" doraHai="44" who="2" fromWho="1" sc="130,0,320,-20,305,20,245,0" owari="130,-37.0,300,10.0,325,42.0,245,-15.0" /></mjloggm>