<mjloggm ver="2.3"><GO type="97" lobby="0"/><UN n0="%E5%B0%B1%E6%B4%BB%E7%94%9F%40%E5%B7%9D%E6%9D%91%E8%BB%8D%E5%9B%A3" n1="%E8%81%96%E7%87%90" n2="%28%2B%6F%2B%29" n3="%79%61%6D%61%64%61%35%35" dan="14,15,14,14" rate="1958.33,2023.29,1975.25,2024.91" sx="M,F,M,M"/><TAIKYOKU oya="0"/><INIT seed="0,0,0,0,2,27" ten="250,250,250,250" oya="0" hai0="107,17,84,25,33,129,48,36,94,39,56,123,76" hai1="116,38,0,59,121,3,7,104,69,21,50,14,8" hai2="98,88,66,106,10,62,55,80,118,26,18,122,2" hai3="124,97,11,29,135,89,127,91,16,9,32,132,20"/><T13/><D123/><U63/><E121/><V117/><F122/><W4/><G97/><T15/><D107/><U100/><E116/><N who="2" m="44651" /><F106/><W22/><G91/><N who="0" m="53607" /><D129/><U67/><E38/><V34/><F55/><W83/><G83/><T77/><D39/><U110/><E110/><V53/><F53/><W23/><G89/><T57/><D36/><U71/><E50/><V12/><F2/><N who="3" m="151" /><G32/><T105/><D105/><U60/><E21/><N who="2" m="13623" /><F34/><W112/><G112/><T119/><D119/><U46/><E46/><V131/><F131/><W74/><G74/><T37/><D37/><U42/><E42/><V6/><F98/><W47/><G47/><T35/><D35/><U49/><E49/><V93/><F93/><W51/><G51/><T52/><D57/><U113/><E113/><V79/><F88/><W81/><G81/><T73/><D73/><U95/><E104/><V19/><F80/><W115/><G115/><T24/><D15/><U54/><E71/><N who="2" m="42455" /><F79/><N who="0" m="30282" /><D33/><U101/><E95/><V111/><F111/><W70/><G70/><T64/><D64/><U82/><E82/><V5/><AGARI ba="0,0" hai="5,6,10,12,19" m="42455,13623,44651" machi="5" ten="30,1100,0" yaku="12,1" doraHai="27" who="2" fromWho="2" sc="250,-5,250,-3,250,11,250,-3" /><INIT seed="1,0,0,3,4,119" ten="245,247,261,247" oya="1" hai0="34,126,66,115,82,117,75,53,42,91,65,50,17" hai1="30,134,96,89,127,11,41,23,60,67,68,97,86" hai2="46,37,21,123,92,27,1,76,62,47,98,104,55" hai3="116,44,132,94,105,7,4,103,58,112,18,80,71"/><U31/><E127/><V74/><F104/><W3/><G71/><T6/><D117/><U45/><E134/><V110/><F1/><W61/><G105/><T128/><D115/><U28/><E11/><V121/><F110/><W54/><G112/><T5/><D34/><U77/><E23/><V12/><F74/><W129/><G116/><T43/><D126/><U33/><E77/><V36/><F76/><W40/><G132/><T51/><D128/><U114/><E114/><V26/><F12/><W48/><G129/><T16/><D75/><U135/><E33/><V81/><F81/><W72/><G3/><T131/><D131/><U124/><E124/><V15/><F15/><W73/><G73/><T102/><D102/><U109/><E109/><V10/><F10/><W24/><G72/><T14/><D82/><U85/><E135/><V125/><F125/><W87/><G103/><T95/><D65/><U70/><E70/><V122/><F62/><W78/><REACH who="3" step="1"/><G94/><REACH who="3" ten="245,247,261,237" step="2"/><T22/><D66/><U120/><E68/><V133/><F133/><W99/><G99/><N who="0" m="57855" /><D6/><U79/><E97/><V8/><F98/><W90/><G90/><T118/><D5/><U107/><E96/><V88/><F92/><W56/><G56/><N who="0" m="32823" /><D118/><U106/><E107/><V59/><F121/><W64/><G64/><T13/><D51/><N who="1" m="27055" /><E120/><V101/><F123/><W29/><G29/><T49/><D49/><U20/><E106/><V108/><F101/><W63/><G63/><T100/><D100/><U57/><E89/><V2/><F122/><W39/><G39/><T38/><D38/><U52/><E67/><RYUUKYOKU ba="0,1" sc="245,15,247,-15,261,-15,237,15" hai0="13,14,16,17,22,42,43" hai3="4,7,18,24,40,44,48,54,58,61,78,80,87" /><INIT seed="2,1,1,4,1,93" ten="260,232,246,252" oya="2" hai0="83,27,107,6,82,37,130,135,132,65,14,87,16" hai1="126,46,123,42,58,38,40,101,112,15,92,134,79" hai2="10,20,110,103,122,11,25,119,102,52,49,55,64" hai3="57,68,91,120,77,43,67,117,72,62,9,36,96"/><V32/><F119/><W8/><G117/><T39/><D107/><U95/><E126/><V0/><F32/><W31/><G120/><T133/><D130/><U99/><E134/><V41/><F122/><W44/><G31/><T23/><D65/><U90/><E112/><V100/><F110/><W85/><G57/><T115/><D115/><U60/><E123/><V71/><F0/><W97/><G72/><T89/><D82/><U114/><E114/><V129/><F129/><W118/><G118/><T2/><D2/><U127/><E127/><V4/><F71/><W128/><G77/><T73/><D73/><U29/><E29/><N who="2" m="17575" /><F64/><W3/><G128/><T33/><D33/><U76/><E15/><N who="2" m="5575" /><F11/><AGARI ba="1,1" hai="6,11,14,16,23,27,37,39,83,87,89,132,133,135" machi="11" ten="40,2600,0" yaku="20,1,54,1" doraHai="93" who="0" fromWho="2" sc="260,39,232,0,246,-29,252,0" /><INIT seed="3,0,0,1,5,25" ten="299,232,217,252" oya="3" hai0="50,117,105,71,114,1,123,128,18,2,53,57,4" hai1="107,37,75,65,47,38,118,113,90,77,34,56,0" hai2="48,6,97,99,80,3,112,94,19,135,13,89,60" hai3="125,64,124,32,7,130,45,14,119,121,17,22,44"/><W120/><G119/><T61/><D123/><N who="3" m="47177" /><G32/><T68/><D117/><U35/><E113/><V10/><F112/><W23/><G64/><T134/><D105/><U116/><E0/><V29/><F135/><W81/><G81/><T110/><D114/><U79/><E90/><V85/><F60/><W96/><G96/><T103/><D103/><U104/><E56/><V122/><F122/><W49/><G130/><T106/><D106/><U52/><E65/><V72/><F48/><W100/><G100/><T21/><D134/><U33/><E47/><N who="3" m="17994" /><G49/><T127/><D127/><N who="3" m="48713" /><G7/><T15/><D128/><U108/><E34/><V132/><F132/><W55/><G55/><T126/><D126/><U70/><E70/><V42/><F42/><W91/><G91/><T27/><D4/><U109/><E75/><V92/><F72/><W76/><G76/><T24/><D71/><U84/><E84/><V41/><F41/><W73/><G73/><T88/><D68/><U133/><E133/><V9/><F3/><W101/><G101/><T36/><D2/><U30/><E52/><V39/><F39/><W28/><G28/><AGARI ba="0,0" hai="28,30,33,35,37,38,77,79,104,107,108,109,116,118" machi="28" ten="25,6400,0" yaku="22,2,52,2" doraHai="25" who="1" fromWho="3" sc="299,0,232,64,217,0,252,-64" /><INIT seed="4,0,0,5,2,57" ten="299,296,217,188" oya="0" hai0="93,55,79,33,67,68,106,10,34,103,53,11,73" hai1="120,72,116,21,119,56,16,43,65,49,25,112,83" hai2="47,110,31,23,24,78,40,35,96,133,129,2,22" hai3="125,77,102,37,114,4,50,30,51,69,20,36,64"/><T111/><D106/><U17/><E120/><V54/><F110/><W32/><G32/><T97/><D111/><U128/><E128/><V12/><F2/><W101/><G114/><T87/><D73/><U9/><E112/><V121/><F121/><W13/><G77/><T39/><D39/><U14/><E72/><V89/><F129/><W52/><G125/><T7/><D34/><U90/><E116/><V81/><F133/><W85/><G85/><T42/><D33/><U5/><E119/><V127/><F127/><W130/><G130/><T86/><D68/><U105/><E105/><V95/><F54/><N who="0" m="20490" /><D67/><U91/><E83/><V41/><F12/><W108/><G108/><T28/><D79/><U19/><E65/><V115/><F115/><W59/><G50/><T66/><D66/><U80/><E80/><V15/><F15/><W70/><G30/><T99/><D42/><U38/><E38/><V29/><F29/><W76/><G76/><T126/><D126/><U113/><E113/><V124/><F40/><W134/><G134/><T46/><D46/><N who="1" m="25823" /><E56/><V104/><F104/><W3/><G3/><T1/><D1/><U122/><E122/><V8/><F124/><W60/><G69/><T0/><D0/><U62/><E62/><V82/><F82/><W100/><REACH who="3" step="1"/><G20/><REACH who="3" ten="299,296,217,178" step="2"/><T88/><D28/><AGARI ba="0,1" hai="5,9,14,16,17,19,21,25,28,90,91" m="25823" machi="28" ten="30,2000,0" yaku="8,1,54,1" doraHai="57" who="1" fromWho="0" sc="299,-20,296,30,217,0,178,0" owari="279,8.0,326,42.0,217,-18.0,178,-32.0" /></mjloggm>