<mjloggm ver="2.3"><GO type="169" lobby="0"/><UN n0="%E8%B5%A4%E6%9C%A8%E3%81%97%E3%81%92%E3%82%8C" n1="%79%6F%6A%6F" n2="%56%4F%4E%41%50%41%4C%54" n3="%E3%82%A6%E3%83%AB%E3%83%88%E3%83%A9%E7%AB%8B%E7%9B%B4" dan="17,16,16,18" rate="2176.71,2201.81,2073.46,2188.75" sx="M,F,M,M"/><TAIKYOKU oya="0"/><INIT seed="0,0,0,4,0,7" ten="250,250,250,250" oya="0" hai0="51,109,56,113,21,45,76,54,37,116,96,115,82" hai1="30,16,64,79,68,117,57,86,106,24,80,53,3" hai2="114,102,131,110,118,84,11,122,87,32,81,120,97" hai3="35,14,92,126,19,48,36,12,22,135,5,58,63"/><T75/><D116/><U108/><E106/><V18/><F32/><W67/><G35/><T40/><D109/><U23/><E117/><V46/><F46/><W91/><G36/><T88/><REACH who="0" step="1"/><D21/><REACH who="0" ten="240,250,250,250" step="2"/><U49/><E108/><V127/><F110/><W104/><G126/><T60/><D60/><U128/><E128/><V94/><F118/><W66/><G135/><T93/><AGARI ba="0,1" hai="37,40,45,51,54,56,75,76,82,88,93,96,113,115" machi="93" ten="30,11700,0" yaku="1,1,0,1,54,1,53,1" doraHai="7" doraHaiUra="50" who="0" fromWho="0" sc="240,127,250,-39,250,-39,250,-39" /><INIT seed="0,1,0,4,2,132" ten="367,211,211,211" oya="0" hai0="105,15,28,99,122,97,39,78,64,21,75,83,109" hai1="27,56,67,49,65,10,9,33,69,90,42,135,128" hai2="123,60,38,51,17,47,104,95,43,3,84,121,50" hai3="46,70,20,44,45,52,134,35,74,115,89,77,6"/><T11/><D122/><U108/><E69/><V125/><F104/><W22/><G115/><T37/><D109/><U66/><E108/><V131/><F3/><W80/><G134/><T103/><D64/><U94/><E135/><V41/><F131/><W30/><G70/><T4/><REACH who="0" step="1"/><D99/><REACH who="0" ten="357,211,211,211" step="2"/><N who="1" m="57815" /><E128/><V7/><F121/><W120/><G120/><T118/><D118/><U53/><E33/><V91/><F123/><W73/><G35/><T63/><D63/><N who="1" m="36239" /><E27/><AGARI ba="1,1" hai="4,11,15,21,27,28,37,39,75,78,83,97,103,105" machi="27" ten="40,2000,0" yaku="1,1,53,0" doraHai="132" doraHaiUra="34" who="0" fromWho="1" sc="357,33,211,-23,211,0,211,0" /><INIT seed="0,2,0,3,3,118" ten="390,188,211,211" oya="0" hai0="99,50,66,19,75,70,85,122,89,93,135,6,86" hai1="91,62,5,63,100,129,88,44,61,17,32,114,134" hai2="49,121,126,87,24,45,37,23,123,98,26,124,78" hai3="71,97,130,12,80,117,57,55,2,69,65,81,25"/><T43/><D122/><U34/><E100/><V4/><F37/><W95/><G2/><T11/><D75/><U64/><E5/><V109/><F109/><W83/><G117/><T90/><D135/><U41/><E64/><V74/><F74/><W60/><G130/><T112/><D112/><U10/><E129/><V56/><F4/><W120/><G120/><N who="2" m="46153" /><F23/><W104/><G104/><T68/><D19/><U39/><E134/><V108/><F108/><W0/><G0/><T42/><D99/><U46/><E114/><V67/><F98/><W72/><G72/><T47/><D42/><U54/><E34/><V76/><F56/><W128/><G128/><T21/><D21/><U58/><E32/><V48/><F67/><W7/><G25/><N who="2" m="9833" /><F87/><W3/><G12/><T35/><D66/><U30/><E30/><V94/><F94/><W27/><G27/><T31/><D31/><U96/><E96/><V102/><F102/><W22/><G22/><T110/><D110/><U16/><E39/><V84/><F84/><W20/><G20/><T105/><D35/><U132/><E132/><V113/><F113/><W116/><G116/><T101/><D101/><U29/><E29/><V8/><F8/><N who="3" m="2175" /><G65/><T119/><D119/><U131/><E10/><V28/><F28/><W14/><G14/><N who="0" m="5495" /><D105/><U52/><E131/><V53/><F48/><W1/><G1/><T106/><D106/><U77/><E58/><V18/><F18/><W82/><N who="3" m="20480" /><DORA hai="40" /><W38/><G38/><T51/><D51/><U107/><E17/><V79/><F49/><W111/><G111/><T133/><D133/><RYUUKYOKU ba="2,0" sc="390,10,188,-30,211,10,211,10" hai0="43,47,50,68,70,85,86,89,90,93" hai2="45,53,76,78,79,124,126" hai3="55,57,60,69,71,95,97" /><INIT seed="0,3,0,5,1,130" ten="400,158,221,221" oya="0" hai0="124,86,94,57,73,18,115,6,24,16,111,64,108" hai1="112,45,46,39,125,13,91,7,74,90,28,117,85" hai2="49,99,80,105,81,107,34,134,51,50,47,87,97" hai3="10,106,121,0,4,60,9,17,30,135,42,83,122"/><T71/><D115/><U98/><E74/><V44/><F34/><W101/><G42/><T77/><D124/><U96/><E117/><V133/><F49/><W59/><G83/><N who="0" m="47471" /><D71/><U128/><E28/><V123/><REACH who="2" step="1"/><F87/><REACH who="2" ten="400,158,211,221" step="2"/><W68/><G121/><AGARI ba="3,1" hai="44,47,50,51,80,81,97,99,105,107,121,123,133,134" machi="121" ten="25,12000,2" yaku="1,1,2,1,22,2,52,2,53,0" doraHai="130" doraHaiUra="72" who="2" fromWho="3" sc="400,0,158,0,211,139,221,-129" /><INIT seed="1,0,0,0,1,35" ten="400,158,350,92" oya="1" hai0="93,7,33,55,85,131,61,134,40,122,76,133,65" hai1="36,132,11,104,58,62,48,120,123,3,13,45,52" hai2="23,68,87,116,135,30,25,43,57,102,106,54,97" hai3="88,100,74,83,129,128,50,115,117,41,24,111,47"/><U77/><E104/><V127/><F116/><W16/><G115/><T63/><D33/><U130/><E77/><V2/><F68/><W69/><G69/><T5/><D40/><U8/><E130/><N who="3" m="50282" /><G111/><T110/><D131/><U80/><E80/><V28/><F135/><N who="0" m="51722" /><D110/><U96/><E132/><V112/><F2/><W39/><G100/><T70/><D122/><U34/><E34/><V21/><F127/><W31/><G117/><T42/><D42/><U29/><E36/><V60/><F43/><W6/><G6/><T44/><D76/><U99/><E29/><V82/><F112/><W79/><G31/><T107/><D107/><U94/><E3/><V51/><F60/><W121/><G121/><T119/><D119/><U56/><E123/><V22/><F30/><W32/><G32/><T66/><D55/><N who="1" m="30095" /><E120/><V81/><REACH who="2" step="1"/><F81/><REACH who="2" ten="400,158,340,92" step="2"/><W64/><G39/><T14/><D61/><N who="1" m="35975" /><E94/><V73/><F73/><W105/><G105/><T118/><D93/><U108/><E108/><V114/><F114/><W17/><G64/><T92/><D66/><N who="1" m="39255" /><E11/><V72/><F72/><W15/><G74/><T95/><D95/><U75/><E75/><V126/><F126/><W27/><G83/><T86/><D92/><U103/><E103/><V49/><F49/><W90/><G50/><T89/><D118/><U0/><E0/><V20/><F20/><W26/><G41/><T125/><D125/><U59/><E59/><V109/><F109/><W84/><G47/><T78/><D70/><U98/><E98/><V12/><F12/><W38/><G15/><T1/><D14/><U19/><AGARI ba="0,1" hai="8,13,19,96,99" m="39255,35975,30095" machi="19" ten="30,6000,0" yaku="5,1,8,1,54,1" doraHai="35" who="1" fromWho="1" sc="400,-20,158,70,340,-20,92,-20" /><INIT seed="1,1,0,1,5,2" ten="380,228,320,72" oya="1" hai0="53,83,12,13,55,28,14,108,73,103,0,102,131" hai1="113,135,20,59,101,97,51,44,7,45,109,49,60" hai2="76,127,29,48,46,116,90,35,86,125,43,64,38" hai3="16,3,67,40,88,69,105,41,50,30,4,1,104"/><U126/><E113/><V128/><F116/><W71/><G30/><T5/><D108/><U54/><E135/><V6/><F128/><W70/><G67/><T62/><D28/><U89/><E126/><N who="2" m="48139" /><F64/><W122/><G122/><T96/><D131/><U72/><E72/><V34/><F29/><W68/><N who="3" m="17408" /><DORA hai="95" /><W118/><G118/><T37/><D37/><U129/><E129/><V24/><F24/><W120/><G120/><T65/><D65/><U87/><E109/><V57/><F76/><W81/><G3/><T47/><D62/><U9/><E20/><V31/><F31/><W115/><G115/><T117/><D117/><U52/><E101/><V78/><F6/><W10/><G16/><T82/><D103/><U91/><E87/><V25/><F25/><W42/><REACH who="3" step="1"/><G50/><REACH who="3" ten="380,228,320,62" step="2"/><T134/><D0/><U61/><E60/><V100/><F48/><W36/><G36/><T63/><D63/><U19/><E61/><V123/><F38/><W26/><G26/><T106/><D5/><U121/><E121/><V79/><F123/><W112/><G112/><T58/><D134/><U23/><E7/><V77/><F34/><W114/><G114/><T98/><D14/><N who="1" m="7631" /><E23/><V119/><F35/><W85/><AGARI ba="1,1" hai="1,4,10,40,41,42,81,85,88,104,105" m="17408" machi="85" ten="60,12000,2" yaku="1,1,0,1,52,1,54,1,53,2" doraHai="2,95" doraHaiUra="33,32" who="3" fromWho="3" sc="380,-31,228,-61,320,-31,62,133" /><INIT seed="2,0,0,4,1,128" ten="349,167,289,195" oya="2" hai0="34,17,125,15,30,48,99,19,101,13,134,135,9" hai1="72,76,80,119,110,31,42,69,109,66,3,53,81" hai2="103,122,38,7,74,51,41,62,35,28,64,22,127" hai3="54,114,16,11,0,63,50,83,18,106,73,130,82"/><V25/><F122/><W1/><G106/><T20/><D125/><U92/><E3/><V29/><F74/><W65/><G130/><T59/><D34/><U70/><E119/><V117/><F117/><W100/><G100/><T60/><D48/><U123/><E42/><V14/><F38/><W94/><G94/><T4/><D30/><U118/><E118/><V116/><F116/><W68/><G114/><T5/><D5/><U36/><E36/><V77/><F77/><W78/><G83/><T61/><D4/><U79/><E31/><V55/><F103/><W108/><G108/><N who="1" m="41578" /><E123/><V131/><F131/><W104/><G104/><T105/><REACH who="0" step="1"/><D61/><REACH who="0" ten="339,167,289,195" step="2"/><U45/><E45/><V102/><F29/><W6/><REACH who="3" step="1"/><G0/><REACH who="3" ten="339,167,289,185" step="2"/><T96/><D96/><U67/><E72/><V95/><F127/><W124/><G124/><T23/><D23/><U90/><E79/><V12/><F22/><W33/><G33/><T57/><D57/><AGARI ba="0,2" hai="1,6,11,16,18,50,54,57,63,65,68,73,78,82" machi="57" ten="30,7700,0" yaku="1,1,7,1,54,1,53,1" doraHai="128" doraHaiUra="49" who="3" fromWho="0" sc="339,-77,167,0,289,0,185,97" /><INIT seed="3,0,0,4,4,36" ten="262,167,289,282" oya="3" hai0="101,83,58,93,87,80,22,48,114,104,112,113,74" hai1="120,0,129,12,105,77,33,5,52,14,134,131,46" hai2="82,44,133,43,3,98,31,16,130,85,86,100,127" hai3="34,128,65,124,99,108,56,135,71,66,13,123,132"/><W110/><G34/><T126/><D126/><U8/><E105/><V97/><F127/><W7/><G124/><T75/><D22/><U84/><E33/><V40/><F3/><W89/><G123/><T68/><D68/><U9/><E120/><V50/><F133/><N who="3" m="51275" /><G71/><T81/><D58/><U106/><E106/><V109/><F31/><W70/><G70/><T51/><D51/><N who="1" m="28791" /><E134/><V45/><F109/><N who="3" m="42091" /><G56/><T102/><D48/><U92/><E8/><V122/><F130/><N who="1" m="49673" /><E92/><V111/><F50/><W53/><G53/><T28/><D28/><U25/><E25/><V119/><F111/><W64/><G128/><T35/><D35/><U78/><E78/><V63/><F122/><W29/><G29/><T6/><D6/><U69/><E69/><V41/><F63/><W4/><G13/><T49/><D49/><U125/><E125/><V39/><F39/><W76/><G76/><T38/><D38/><U55/><E55/><V23/><F119/><W18/><G18/><T94/><D104/><U59/><E59/><V115/><F45/><W62/><G62/><T117/><D117/><U2/><E14/><V121/><F44/><W26/><G26/><T1/><D1/><U96/><E96/><V107/><F97/><W11/><G11/><T32/><D32/><U21/><E21/><V60/><F121/><W57/><G57/><T10/><D10/><U37/><E37/><V116/><F116/><W88/><G99/><N who="0" m="59639" /><D87/><U72/><E84/><N who="2" m="32363" /><F60/><W20/><G20/><T17/><D17/><U42/><E2/><V103/><F23/><W30/><G30/><T67/><D67/><RYUUKYOKU ba="0,0" sc="262,15,167,-15,289,-15,282,15" hai0="74,75,80,81,83,93,102,112,113,114" hai3="4,7,64,65,66,88,89" /><INIT seed="3,1,0,3,0,105" ten="277,152,274,297" oya="3" hai0="27,100,91,121,47,25,62,93,1,99,128,94,13" hai1="45,22,31,120,130,54,126,127,69,122,83,133,41" hai2="98,4,8,66,75,65,119,110,79,72,96,64,68" hai3="63,107,10,77,71,97,0,59,34,88,58,87,125"/><W131/><G34/><T101/><D1/><U2/><E2/><V60/><F119/><W26/><G125/><N who="1" m="47626" /><E69/><V20/><F110/><W84/><G131/><T118/><D118/><U56/><E83/><V103/><F20/><W24/><G71/><T113/><D121/><N who="1" m="46699" /><E31/><V55/><F55/><W74/><G87/><T42/><D128/><U117/><E117/><V28/><F28/><W19/><G59/><T21/><D113/><U49/><E22/><V15/><F98/><W38/><G19/><T132/><D132/><U123/><N who="1" m="46707" /><U12/><DORA hai="108" /><E12/><V37/><F37/><W109/><G38/><T82/><D13/><U102/><E102/><V35/><F35/><W80/><G0/><T16/><D101/><U18/><E18/><V33/><F33/><W7/><G7/><T115/><D115/><U86/><E86/><V135/><F135/><W11/><G109/><T89/><D27/><U53/><E133/><V85/><F85/><W81/><G26/><T46/><D82/><U114/><E114/><V116/><F116/><W104/><G24/><T111/><D111/><U9/><E9/><V39/><F39/><W5/><G11/><T6/><D6/><U3/><E3/><V76/><F76/><N who="3" m="44055" /><G10/><T61/><D100/><U52/><E130/><V73/><REACH who="2" step="1"/><F79/><REACH who="2" ten="277,152,264,297" step="2"/><W78/><G78/><T51/><D21/><U23/><E23/><V43/><F43/><W57/><G77/><T134/><D134/><U48/><AGARI ba="1,1" hai="41,45,48,49,52,53,54,56" m="46707,47626" machi="48" ten="50,8000,1" yaku="18,1,34,2,54,1" doraHai="105,108" who="1" fromWho="1" sc="277,-21,152,93,264,-21,297,-41" /><INIT seed="4,0,0,5,3,2" ten="256,245,243,256" oya="0" hai0="31,90,88,0,103,42,78,5,6,123,76,119,91" hai1="35,112,54,99,110,134,135,89,53,131,102,85,4" hai2="109,1,106,36,18,128,66,10,68,17,27,97,117" hai3="130,95,127,65,83,49,69,14,21,52,93,11,133"/><T32/><D119/><U113/><E35/><V129/><F36/><W59/><G127/><T101/><D123/><U94/><E110/><V26/><F117/><W121/><G130/><N who="2" m="50281" /><F109/><W67/><G133/><N who="1" m="50698" /><E4/><N who="0" m="1641" /><D0/><U61/><E131/><V8/><F1/><W30/><G83/><T100/><D32/><U84/><E85/><V111/><F111/><W107/><G69/><T34/><D34/><U19/><E19/><N who="2" m="7179" /><F66/><N who="3" m="25099" /><G107/><T82/><D42/><U124/><E61/><V25/><F68/><W87/><G121/><T22/><D82/><N who="1" m="49303" /><E124/><V118/><F118/><W116/><G116/><T43/><D43/><U41/><E41/><V72/><F72/><W105/><G105/><T114/><D114/><AGARI ba="0,0" hai="53,54,94,99,102,112,113,114" m="49303,50698" machi="114" ten="30,3900,0" yaku="15,1,11,1,20,1" doraHai="2" who="1" fromWho="0" sc="256,-39,245,39,243,0,256,0" /><INIT seed="5,0,0,1,5,61" ten="217,284,243,256" oya="1" hai0="11,58,113,25,20,110,28,57,84,60,33,98,91" hai1="89,95,2,107,42,101,30,12,9,83,16,108,35" hai2="126,41,117,26,47,86,71,99,77,62,72,111,105" hai3="14,79,68,21,23,29,34,65,64,24,75,0,87"/><U78/><E42/><V7/><F117/><W32/><G75/><T88/><D110/><U115/><E115/><V4/><F111/><W93/><G0/><T103/><D113/><U127/><E108/><V49/><F72/><W63/><G14/><T119/><D119/><U69/><E69/><V15/><F26/><W102/><G21/><T39/><D39/><U130/><E2/><V116/><F126/><W59/><G68/><T53/><D11/><U90/><E127/><V135/><F135/><W121/><G121/><T40/><D40/><U54/><E54/><V44/><F44/><W43/><G43/><T100/><D33/><U134/><E134/><V92/><F105/><W118/><G118/><T132/><D132/><U51/><E51/><V37/><F37/><W13/><G13/><T27/><D27/><U133/><E133/><V76/><F15/><W3/><G3/><T125/><D125/><U52/><E35/><V85/><F71/><W8/><G8/><T97/><D58/><U48/><E30/><V31/><F31/><W67/><G34/><T22/><D22/><U129/><E107/><V124/><F124/><W46/><G46/><T96/><REACH who="0" step="1"/><D91/><REACH who="0" ten="207,284,243,256" step="2"/><N who="1" m="34827" /><E9/><V5/><F116/><W80/><G32/><T36/><D36/><U131/><E131/><V1/><F1/><W112/><G112/><T55/><D55/><U74/><E52/><V123/><F123/><W82/><G82/><AGARI ba="0,1" hai="20,25,28,53,57,60,82,84,88,96,97,98,100,103" machi="82" ten="40,5200,0" yaku="1,1,8,1,54,1,53,0" doraHai="61" doraHaiUra="106" who="0" fromWho="3" sc="207,62,284,0,243,0,256,-52" /><INIT seed="6,0,0,5,0,90" ten="269,284,243,204" oya="2" hai0="73,79,74,40,130,124,7,10,20,78,119,108,70" hai1="94,126,107,12,54,103,55,64,37,125,127,39,63" hai2="27,2,96,121,19,49,112,5,117,134,109,95,66" hai3="51,133,16,56,33,62,115,48,72,98,69,6,38"/><V43/><F117/><W32/><G38/><N who="1" m="14346" /><E107/><V53/><F121/><W9/><G72/><T45/><D124/><U22/><E22/><N who="2" m="13791" /><F112/><W84/><G69/><T76/><D130/><U28/><E28/><V18/><F2/><W3/><G115/><T71/><D108/><U36/><E12/><V81/><F5/><W105/><G133/><T67/><D119/><U132/><E132/><V122/><F122/><W123/><G123/><T135/><D20/><U4/><E4/><V110/><F66/><W80/><G16/><T11/><D135/><U128/><E36/><V42/><F81/><W82/><G82/><T15/><D11/><U102/><E102/><N who="2" m="60703" /><F18/><W101/><G33/><T68/><D67/><U131/><E103/><V88/><F88/><W30/><G30/><T26/><D26/><U61/><E94/><V65/><F65/><W59/><G32/><T116/><D116/><U129/><E63/><V92/><F92/><W77/><G62/><T93/><D93/><U23/><E23/><V44/><F134/><W99/><G99/><T52/><REACH who="0" step="1"/><D40/><REACH who="0" ten="259,284,243,204" step="2"/><U113/><E113/><V91/><F110/><W41/><G41/><T34/><D34/><U120/><E120/><V17/><F109/><W14/><G3/><T100/><D100/><U29/><E29/><V58/><F42/><W13/><G14/><T104/><D104/><U50/><E64/><V25/><F43/><W8/><G9/><T0/><D0/><U97/><E127/><V106/><F106/><W114/><G114/><T86/><D86/><U85/><E125/><V31/><F25/><W47/><G47/><RYUUKYOKU ba="0,1" sc="259,15,284,-15,243,-15,204,15" hai0="7,10,15,45,52,68,70,71,73,74,76,78,79" hai3="6,8,13,48,51,56,59,77,80,84,98,101,105" /><INIT seed="7,1,1,0,2,17" ten="274,269,228,219" oya="3" hai0="122,53,108,49,91,31,113,82,130,81,12,129,71" hai1="56,5,132,16,126,35,14,20,105,89,124,73,109" hai2="121,57,48,135,46,1,44,77,34,104,123,13,21" hai3="24,30,92,94,11,128,67,32,61,33,86,118,62"/><W38/><G38/><T99/><D71/><U97/><E109/><V103/><F1/><W134/><G118/><T52/><D108/><U66/><E35/><V120/><F34/><W4/><G33/><T28/><D12/><U65/><E73/><V111/><F111/><W0/><G128/><N who="0" m="49259" /><D122/><U8/><E132/><V112/><F112/><W60/><G134/><T100/><D113/><U47/><E47/><V58/><F135/><W7/><G7/><T75/><D91/><U70/><E70/><V27/><F77/><W9/><G9/><T2/><D2/><U93/><E56/><N who="2" m="21611" /><F13/><W110/><G110/><T85/><D75/><U15/><E105/><V18/><F48/><W43/><G43/><T19/><D19/><U68/><E68/><V102/><F104/><W125/><G125/><AGARI ba="1,1" hai="5,8,14,15,16,20,65,66,89,93,97,124,125,126" machi="125" ten="40,5200,0" yaku="18,1,52,1,54,1" doraHai="17" who="1" fromWho="3" sc="274,0,269,65,228,0,219,-55" owari="274,7.0,334,44.0,228,-17.0,164,-34.0" /></mjloggm>