<mjloggm ver="2.3"><GO type="169" lobby="0"/><UN n0="%E3%83%A4%E3%82%AD%E3%83%B3" n1="%E3%82%AE%E3%82%AC%E3%83%9E%E3%82%A4%E3%83%B3" n2="%E3%82%A2%E3%82%B9%E3%82%BF%E3%83%8A" n3="%E3%82%A6%E3%83%AB%E3%83%88%E3%83%A9%E7%AB%8B%E7%9B%B4" dan="18,16,18,17" rate="2194.15,2115.62,2216.03,2138.06" sx="M,M,M,M"/><TAIKYOKU oya="0"/><INIT seed="0,0,0,5,0,32" ten="250,250,250,250" oya="0" hai0="37,90,135,74,15,34,58,119,28,11,66,27,22" hai1="93,96,111,128,13,25,71,14,5,116,115,12,53" hai2="123,8,91,134,59,64,117,51,106,9,101,57,100" hai3="79,10,6,4,78,54,87,68,35,29,43,83,118"/><T129/><D119/><U21/><E111/><V114/><F114/><W73/><G118/><T130/><D37/><U85/><E116/><V98/><F117/><W23/><G68/><T31/><D74/><U126/><E115/><V65/><F123/><W2/><G35/><T38/><D38/><U40/><E128/><N who="0" m="49257" /><D90/><U110/><E110/><V33/><F33/><W99/><G43/><T97/><D97/><U48/><E126/><V113/><F113/><W63/><G99/><T67/><D58/><N who="1" m="33063" /><E71/><V39/><F39/><W26/><G6/><N who="0" m="3575" /><D135/><U124/><E124/><V49/><F91/><W16/><G73/><T132/><D132/><U45/><E85/><V82/><F98/><W92/><G78/><T56/><D56/><U104/><E104/><V107/><REACH who="2" step="1"/><F82/><REACH who="2" ten="250,250,240,250" step="2"/><W3/><G92/><T102/><D102/><U121/><E121/><V84/><F84/><W42/><G87/><T47/><D34/><U55/><E5/><V105/><F105/><W80/><G4/><T108/><D108/><U0/><E96/><V75/><F75/><W103/><G83/><T89/><D89/><U109/><E109/><V7/><F7/><W18/><G80/><T20/><D47/><U1/><E45/><V52/><F52/><W41/><G54/><T81/><D81/><U86/><E55/><V125/><F125/><W88/><G88/><T131/><D131/><U95/><E40/><V72/><F72/><W62/><G103/><T44/><D44/><U61/><E86/><V50/><F50/><W60/><G42/><T70/><D70/><U122/><E122/><V120/><F120/><RYUUKYOKU ba="0,1" sc="250,15,250,-15,240,15,250,-15" hai0="20,22,27,28,31,66,67" hai2="8,9,49,51,57,59,64,65,100,101,106,107,134" /><INIT seed="0,1,1,5,4,126" ten="265,235,255,235" oya="0" hai0="118,87,9,124,88,70,13,46,21,76,44,75,97" hai1="4,28,37,43,16,134,82,5,58,73,98,78,79" hai2="89,27,111,25,20,112,7,86,104,29,69,94,80" hai3="110,103,102,66,117,123,31,42,17,65,56,47,106"/><T33/><D33/><U34/><E134/><V2/><F104/><W62/><G117/><T45/><D118/><U90/><E79/><V92/><F112/><W108/><G123/><T11/><D70/><U91/><E58/><V81/><F69/><W24/><G17/><N who="0" m="10415" /><D75/><U67/><E67/><V84/><F111/><N who="3" m="42539" /><G66/><T6/><D124/><U85/><E98/><V30/><F7/><W109/><G106/><T15/><D11/><U64/><E64/><V36/><F36/><N who="3" m="21959" /><G109/><T131/><D131/><U60/><E60/><V38/><F38/><W26/><G26/><T59/><D59/><U51/><E37/><V71/><F2/><W113/><G113/><T14/><D14/><U119/><E119/><V52/><F71/><W115/><G115/><T77/><D97/><U72/><E72/><V122/><F122/><W39/><G39/><T100/><D100/><U116/><E116/><V99/><F52/><W54/><G54/><T120/><D120/><U96/><E73/><V132/><F132/><W35/><AGARI ba="1,1" hai="24,31,35,56,62,65,102,103" m="21959,42539" machi="35" ten="30,1100,0" yaku="14,1" doraHai="126" who="3" fromWho="3" sc="265,-6,235,-4,255,-4,235,24" /><INIT seed="1,0,0,1,2,70" ten="259,231,251,259" oya="1" hai0="45,79,25,98,118,53,130,28,111,109,65,86,134" hai1="94,125,30,15,47,93,99,127,104,131,112,69,84" hai2="57,52,75,39,29,13,37,107,105,33,10,82,24" hai3="46,64,62,35,123,31,89,133,16,55,51,9,120"/><U115/><E69/><V103/><F103/><W2/><G133/><T71/><D118/><U23/><E131/><V90/><F105/><W76/><G76/><T41/><D130/><U43/><E104/><V88/><F107/><W87/><G31/><T78/><D98/><U40/><E84/><V80/><F80/><W119/><G35/><T36/><D134/><U106/><E106/><V8/><F8/><W108/><G108/><N who="0" m="41547" /><D53/><U116/><E116/><V102/><F102/><W12/><G2/><T96/><D96/><U14/><E99/><V27/><F27/><W19/><G19/><T73/><D86/><U122/><E47/><V4/><F75/><W48/><G48/><T38/><D73/><U22/><REACH who="1" step="1"/><E30/><REACH who="1" ten="259,221,251,259" step="2"/><V60/><REACH who="2" step="1"/><F82/><REACH who="2" ten="259,221,241,259" step="2"/><N who="3" m="49399" /><G119/><T74/><D74/><U34/><E34/><V126/><F126/><W66/><G123/><AGARI ba="0,2" hai="14,15,22,23,40,43,93,94,112,115,122,123,125,127" machi="123" ten="25,4800,0" yaku="1,1,22,2,53,0" doraHai="70" doraHaiUra="59" who="1" fromWho="3" sc="259,0,221,68,241,0,259,-48" /><INIT seed="1,1,0,0,3,9" ten="259,289,241,211" oya="1" hai0="6,90,120,24,0,96,15,95,93,94,104,113,88" hai1="10,114,97,38,84,53,123,47,55,76,33,23,36" hai2="46,133,65,71,27,44,72,109,70,16,48,122,57" hai3="117,52,49,91,115,86,77,73,102,19,128,13,43"/><U18/><E33/><V37/><F72/><W45/><G115/><T119/><D119/><U20/><E114/><V80/><F122/><W39/><G117/><T17/><D113/><U7/><E123/><V112/><F112/><W34/><G34/><T83/><D0/><U132/><E132/><V81/><F133/><W121/><G121/><T103/><D120/><U62/><E97/><V75/><F109/><W5/><G128/><T106/><D106/><U105/><E105/><V54/><F75/><W127/><G127/><T118/><D118/><U125/><E125/><V99/><F99/><W35/><G35/><T11/><REACH who="0" step="1"/><D83/><REACH who="0" ten="249,289,241,211" step="2"/><U130/><E130/><V2/><F2/><W68/><G102/><T8/><D8/><U12/><E10/><V74/><F81/><W60/><G5/><T79/><D79/><U110/><E7/><V85/><F80/><W64/><G77/><T98/><D98/><U135/><E76/><V134/><F134/><W41/><G39/><T126/><D126/><U21/><E38/><V58/><F37/><W78/><G78/><T92/><N who="0" m="24064" /><DORA hai="116" /><T28/><D28/><U100/><E36/><V107/><F107/><W101/><G73/><T67/><D67/><U129/><E135/><V1/><F65/><W42/><G101/><T4/><D4/><U51/><E100/><V25/><F74/><W124/><G124/><T87/><D87/><U22/><E129/><V59/><F85/><W26/><G86/><T63/><D63/><U31/><E31/><V89/><F1/><W50/><G91/><T32/><D32/><U82/><E84/><RYUUKYOKU ba="1,1" sc="249,30,289,-10,241,-10,211,-10" hai0="6,11,15,17,24,88,90,96,103,104" /><INIT seed="2,2,1,1,2,61" ten="279,279,231,201" oya="2" hai0="86,58,54,5,123,59,92,15,95,116,25,93,29" hai1="91,40,83,82,31,75,50,17,24,103,12,115,134" hai2="108,112,131,63,42,45,51,96,20,114,109,100,35" hai3="4,105,23,121,73,126,28,14,97,46,13,34,110"/><V127/><F35/><W84/><G73/><T81/><D123/><U106/><E115/><V0/><F0/><W130/><G121/><T135/><D135/><U27/><E134/><V125/><F20/><W119/><G119/><T16/><D5/><U52/><E40/><V9/><F9/><N who="3" m="4263" /><G105/><T39/><D39/><U90/><E106/><V44/><F131/><W129/><G97/><T66/><D116/><U101/><E75/><V111/><F96/><W36/><G84/><T2/><D2/><U118/><E118/><V120/><F100/><N who="1" m="38473" /><E83/><V48/><F63/><W3/><G3/><T79/><D54/><U26/><E31/><V133/><F133/><W10/><G34/><T11/><REACH who="0" step="1"/><D66/><REACH who="0" ten="269,279,231,201" step="2"/><U7/><E7/><V22/><F120/><W107/><G36/><T76/><D76/><U67/><E67/><V30/><F30/><W87/><G28/><T8/><D8/><N who="1" m="6279" /><E82/><V60/><F60/><W57/><G129/><T102/><D102/><U65/><E65/><V104/><F104/><W70/><G107/><T85/><D85/><U49/><E49/><V55/><REACH who="2" step="1"/><F22/><AGARI ba="2,2" hai="11,15,16,22,25,29,58,59,79,81,86,92,93,95" machi="22" ten="40,8000,1" yaku="1,1,8,1,54,1,53,1" doraHai="61" doraHaiUra="78" who="0" fromWho="2" sc="269,106,279,0,231,-86,201,0" /><INIT seed="3,0,0,5,3,12" ten="375,279,145,201" oya="3" hai0="80,51,27,1,64,71,39,52,77,83,128,25,58" hai1="46,70,74,13,86,104,79,121,73,108,135,53,126" hai2="47,134,68,72,102,84,34,6,117,96,120,91,11" hai3="28,22,3,99,111,23,87,45,44,122,76,131,0"/><W35/><G122/><T37/><D1/><U36/><E104/><V55/><F117/><W48/><G35/><T101/><D101/><U21/><E121/><V9/><F120/><W18/><G0/><T88/><D128/><U4/><E108/><V89/><F72/><W81/><G3/><T61/><D39/><U26/><E126/><V107/><F34/><W105/><G131/><T38/><D38/><U112/><E112/><V31/><F31/><W132/><G111/><T85/><REACH who="0" step="1"/><D37/><REACH who="0" ten="365,279,145,201" step="2"/><U8/><E36/><V30/><F102/><W19/><G132/><T5/><D5/><U113/><E4/><V110/><F6/><W92/><G105/><T24/><D24/><U114/><E26/><V49/><F134/><W10/><G28/><T57/><D57/><U103/><E135/><V16/><F30/><W94/><G44/><T116/><D116/><U90/><E46/><V124/><F107/><W123/><G123/><T32/><D32/><U75/><E103/><V125/><F110/><W78/><G45/><T62/><D62/><U50/><E114/><V65/><F47/><W2/><G2/><T7/><D7/><U60/><E113/><V97/><F68/><W130/><G130/><T66/><D66/><U29/><E60/><V127/><F65/><W115/><G115/><T119/><D119/><U69/><E70/><V93/><F125/><W82/><G48/><T129/><D129/><U95/><E50/><V43/><F49/><W41/><G41/><T118/><D118/><U56/><E69/><V100/><F124/><W42/><G42/><T98/><D98/><RYUUKYOKU ba="0,1" sc="365,30,279,-10,145,-10,201,-10" hai0="25,27,51,52,58,61,64,71,77,80,83,85,88" /><INIT seed="4,1,1,5,2,24" ten="395,269,135,191" oya="0" hai0="112,10,9,122,66,120,16,73,32,19,115,87,109" hai1="80,116,44,92,106,21,5,33,34,51,91,134,95" hai2="63,90,135,56,132,125,75,64,97,107,89,17,78" hai3="26,41,72,79,3,81,28,18,102,108,12,2,22"/><T119/><D73/><U84/><E106/><V57/><F125/><W53/><G108/><T130/><D87/><U96/><E116/><V67/><F17/><N who="0" m="6730" /><D66/><U43/><E134/><N who="2" m="51243" /><F78/><W38/><G102/><T94/><D94/><U29/><E5/><V65/><F75/><W76/><G76/><T83/><D83/><U131/><E131/><V117/><F117/><W103/><G103/><T100/><D100/><U70/><E70/><V20/><F20/><W7/><G7/><T14/><D119/><U82/><E34/><V133/><N who="2" m="51251" /><V54/><DORA hai="104" /><F57/><W1/><G53/><T69/><D69/><U71/><E33/><V48/><F48/><W50/><G50/><T35/><D130/><U25/><E71/><V93/><F107/><W49/><G49/><T86/><D86/><U39/><E39/><V85/><F85/><W128/><G128/><T31/><D35/><U45/><E45/><V15/><F15/><W59/><G59/><T68/><D68/><U46/><E46/><V61/><F63/><W118/><G118/><T30/><D32/><U37/><E37/><V40/><F40/><W111/><G38/><T60/><D60/><U127/><E127/><V121/><F121/><N who="0" m="46698" /><D109/><U74/><E74/><V6/><F6/><W11/><REACH who="3" step="1"/><G111/><REACH who="3" ten="395,269,135,181" step="2"/><T101/><D101/><AGARI ba="1,2" hai="21,25,29,43,44,51,80,82,84,91,92,95,96,101" machi="101" ten="30,3900,0" yaku="7,1,8,1,52,1" doraHai="24,104" who="1" fromWho="0" sc="395,-42,269,62,135,0,181,0" /><AGARI ba="1,0" hai="54,56,61,64,65,67,89,90,93,97,101" m="51251" machi="101" ten="40,1300,0" yaku="20,1" doraHai="24,104" who="2" fromWho="0" sc="353,-13,331,0,135,13,181,0" /><INIT seed="5,0,0,3,4,8" ten="340,331,148,181" oya="1" hai0="89,78,61,124,17,16,67,102,50,45,112,110,74" hai1="36,100,87,97,111,52,13,63,88,2,56,134,0" hai2="46,31,4,90,27,1,103,129,92,119,37,73,32" hai3="117,33,48,118,57,26,86,14,83,66,51,99,53"/><U9/><E36/><V122/><F122/><W131/><G131/><T40/><D110/><U23/><E23/><V115/><F119/><N who="3" m="45579" /><G99/><T5/><D102/><U101/><E134/><V3/><F129/><W76/><G66/><T64/><D64/><U69/><E69/><V77/><F103/><W84/><G14/><T79/><D112/><U43/><E43/><V80/><F115/><W96/><G96/><T47/><D5/><U24/><E24/><V68/><F68/><W34/><G26/><T7/><D7/><U70/><E70/><V104/><F104/><W41/><G86/><T28/><D74/><U116/><E116/><V15/><F37/><W38/><G38/><T60/><D67/><U18/><E111/><V21/><F46/><AGARI ba="0,0" hai="33,34,41,46,48,51,53,57,76,83,84" m="45579" machi="46" ten="30,1000,0" yaku="12,1" doraHai="8" who="3" fromWho="2" sc="340,0,331,0,148,-10,181,10" /><INIT seed="6,0,0,1,4,37" ten="340,331,138,191" oya="2" hai0="126,28,49,86,121,133,48,67,58,42,17,9,52" hai1="75,95,125,41,112,91,111,47,92,131,46,19,1" hai2="132,124,122,36,93,60,120,134,11,72,123,30,62" hai3="97,94,83,71,65,43,61,34,13,32,22,128,135"/><V77/><F124/><W115/><G128/><T81/><D121/><U66/><E111/><V116/><F116/><W39/><G135/><N who="2" m="51753" /><F36/><W56/><G115/><T6/><D126/><U110/><E110/><V38/><F38/><W106/><G106/><T109/><D109/><U113/><E125/><V20/><F11/><W82/><G71/><T59/><D28/><U103/><E131/><V104/><F104/><W18/><G34/><T79/><D133/><U24/><E1/><V45/><F45/><W87/><G32/><T63/><D17/><U53/><E75/><V119/><F119/><W100/><G39/><T25/><D25/><U54/><E66/><V31/><F93/><N who="1" m="35913" /><E103/><V68/><F20/><W33/><G33/><T16/><D6/><U85/><E112/><V44/><F44/><N who="1" m="16937" /><E41/><V70/><F72/><W101/><G43/><T21/><D42/><U3/><E3/><V127/><F127/><W4/><G4/><T96/><D21/><N who="1" m="13375" /><E113/><V27/><F77/><N who="3" m="46543" /><G101/><T89/><D79/><U0/><E0/><V7/><F7/><W69/><G69/><N who="2" m="26729" /><F27/><W102/><G102/><T74/><D74/><U90/><E90/><V117/><F117/><W12/><G12/><N who="0" m="7183" /><D96/><U76/><E76/><V40/><F40/><W73/><G73/><T129/><D129/><U26/><E26/><V108/><F108/><W55/><G83/><AGARI ba="0,0" hai="53,54,83,85,91" m="13375,16937,35913" machi="83" ten="30,1000,0" yaku="8,1" doraHai="37" who="1" fromWho="3" sc="340,0,331,10,138,0,191,-10" /><INIT seed="7,0,0,1,1,63" ten="340,341,138,181" oya="3" hai0="117,46,126,71,113,51,14,27,69,88,37,77,109" hai1="29,57,99,85,65,95,3,40,28,108,83,31,96" hai2="102,110,133,97,26,100,0,93,104,18,128,112,74" hai3="52,107,50,45,125,118,122,64,54,5,25,4,84"/><W49/><G107/><T105/><D117/><U98/><E3/><V13/><F110/><W106/><G106/><T123/><D123/><U92/><E108/><V41/><F0/><W7/><G118/><T17/><D77/><N who="1" m="46319" /><E40/><V89/><F74/><W32/><G122/><T47/><D126/><U131/><E131/><V91/><F128/><W81/><G125/><T58/><D27/><U90/><E95/><V101/><F112/><W12/><G12/><T11/><D109/><U24/><E24/><V134/><F41/><W135/><G135/><T59/><D37/><U34/><E34/><V124/><F124/><W35/><G25/><T75/><D75/><U2/><E2/><V114/><F114/><W86/><G86/><T20/><D71/><U94/><E94/><V23/><F104/><W70/><G70/><T22/><D69/><U56/><E65/><V55/><F13/><W1/><G1/><T129/><D129/><U115/><E115/><V62/><F91/><W119/><G119/><T43/><D113/><U44/><E44/><V132/><F133/><W72/><G72/><T116/><D116/><U9/><E9/><V8/><F8/><W36/><G36/><N who="0" m="21863" /><D88/><U79/><E79/><V82/><F82/><W61/><G81/><T111/><D111/><U130/><E130/><V38/><F38/><W39/><G39/><T19/><D105/><U33/><E33/><V21/><F21/><N who="0" m="8298" /><D19/><U42/><E42/><V66/><F66/><W10/><G35/><T6/><D6/><U68/><E68/><V120/><F120/><W76/><G32/><T73/><D73/><RYUUKYOKU ba="0,0" sc="340,10,341,10,138,10,181,-30" hai0="11,14,17,47,51,58,59" hai1="28,29,31,56,57,90,92,96,98,99" hai2="18,23,26,55,62,89,93,97,100,101,102,132,134" owari="350,15.0,351,45.0,148,-35.0,151,-25.0" /></mjloggm>