<mjloggm ver="2.3"><GO type="193" lobby="0"/><UN n0="%E3%83%88%E3%83%88%E3%83%AA%E5%85%88%E7%94%9F%31%39%E6%AD%B3" n1="%69%7A%75%74%61%6B%69" n2="%E3%81%9F%E3%82%8A" n3="%E9%9B%80%E3%82%AD%E3%83%81" dan="12,12,12,12" rate="1900.14,1686.08,1649.87,1648.15" sx="F,M,M,M"/><TAIKYOKU oya="0"/><INIT seed="0,0,0,3,2,54" ten="250,250,250,250" oya="0" hai0="25,47,132,63,123,69,28,35,72,48,10,131,130" hai1="86,21,7,111,106,88,5,65,3,40,8,100,23" hai2="90,125,95,74,57,112,94,122,91,34,33,73,55" hai3="89,105,98,77,50,12,78,46,79,49,62,103,52"/><T4/><D123/><U37/><E111/><V60/><F122/><W0/><G0/><T51/><D72/><U15/><E37/><V129/><F112/><W56/><G12/><T19/><D132/><U84/><E40/><V6/><F129/><N who="0" m="49162" /><D19/><U124/><E124/><V11/><F125/><W135/><G135/><T134/><D134/><U38/><E38/><V117/><F117/><W2/><G2/><N who="0" m="279" /><D47/><U45/><E45/><V99/><F73/><W29/><G29/><T42/><D42/><U59/><E5/><V104/><F104/><W16/><G16/><T126/><D126/><U32/><E32/><V20/><F20/><W116/><G116/><T41/><D41/><U70/><E70/><V31/><F31/><W115/><G115/><T80/><D80/><U1/><E86/><V96/><F74/><W75/><G75/><T61/><D61/><U71/><E71/><V30/><F30/><W14/><G14/><AGARI ba="0,0" hai="6,11,14,33,34,55,57,60,90,91,94,95,96,99" machi="14" ten="30,3900,0" yaku="7,1,9,1,52,1" doraHai="54" who="2" fromWho="3" sc="250,0,250,0,250,39,250,-39" /><INIT seed="1,0,0,4,4,37" ten="250,250,289,211" oya="1" hai0="76,42,103,25,130,30,46,121,73,127,0,87,31" hai1="102,1,129,85,18,133,91,39,84,50,64,90,21" hai2="112,93,120,86,9,88,29,32,70,74,59,111,101" hai3="40,16,110,122,53,78,75,114,98,36,116,80,11"/><U79/><E1/><V66/><F120/><W20/><G110/><T72/><D0/><U113/><E113/><V128/><F111/><W132/><G132/><T8/><D121/><U94/><E133/><V77/><F112/><W2/><G116/><T123/><D123/><U23/><E129/><V63/><F128/><W57/><G122/><T83/><D130/><U4/><E4/><V10/><F101/><W96/><G114/><T28/><D127/><U99/><E39/><V107/><F107/><W19/><G19/><T7/><D103/><U92/><E64/><V118/><F118/><W108/><G108/><T97/><D97/><U69/><E69/><V82/><F70/><W15/><G57/><T131/><D131/><U95/><E79/><V24/><AGARI ba="0,0" hai="9,10,24,29,32,59,63,66,74,77,82,86,88,93" machi="24" ten="30,2000,0" yaku="0,1,54,1" doraHai="37" who="2" fromWho="2" sc="250,-5,250,-10,289,20,211,-5" /><INIT seed="2,0,0,2,4,13" ten="245,240,309,206" oya="2" hai0="46,26,57,78,129,118,20,41,133,67,30,79,109" hai1="27,35,121,87,45,126,61,63,22,73,43,134,1" hai2="125,53,33,82,4,3,36,9,117,120,14,44,84" hai3="0,48,123,24,52,75,6,122,55,70,88,10,65"/><V71/><F120/><W39/><G75/><T96/><D109/><U95/><E121/><V23/><F117/><W135/><G39/><T66/><D129/><U25/><E73/><V99/><F125/><W89/><G135/><T21/><D133/><U47/><E134/><V59/><F33/><W86/><G24/><T92/><D118/><U127/><E1/><V112/><F112/><W62/><G55/><T8/><D21/><U80/><E95/><V104/><F71/><W103/><G89/><T124/><D8/><U113/><E113/><V16/><F36/><W37/><G103/><N who="0" m="60807" /><D124/><U5/><E5/><V76/><F44/><W81/><REACH who="3" step="1"/><G37/><REACH who="3" ten="245,240,309,196" step="2"/><N who="0" m="21807" /><D67/><U128/><E128/><V114/><F114/><W100/><G100/><T107/><D79/><U11/><E43/><V60/><F104/><W49/><G49/><T102/><D78/><U2/><E126/><V85/><REACH who="2" step="1"/><F99/><REACH who="2" ten="245,240,299,196" step="2"/><W130/><G130/><T64/><D107/><U34/><E127/><V19/><F19/><W18/><G18/><T108/><D30/><U58/><E45/><AGARI ba="0,2" hai="0,6,10,45,48,52,62,65,70,81,86,88,122,123" machi="45" ten="30,7700,0" yaku="1,1,7,1,54,2,53,0" doraHai="13" doraHaiUra="111" who="3" fromWho="1" sc="245,0,240,-77,299,0,196,97" /><INIT seed="3,0,0,3,4,88" ten="245,163,299,293" oya="3" hai0="46,5,76,49,120,2,75,59,91,111,10,15,98" hai1="7,109,39,126,54,3,95,73,11,69,90,114,36" hai2="13,42,29,112,16,52,68,99,65,83,82,131,67" hai3="134,25,60,116,94,122,48,78,41,21,118,18,24"/><W30/><G122/><T40/><D120/><U124/><E114/><V33/><F112/><W77/><G134/><T22/><D111/><U57/><E109/><V0/><F131/><W133/><G133/><T104/><D75/><U87/><E69/><V135/><F135/><W47/><G60/><T113/><D113/><U117/><E73/><V128/><F128/><W51/><G48/><T115/><D115/><U66/><E66/><V71/><F0/><W81/><G81/><T127/><D127/><N who="1" m="48683" /><E117/><V62/><F42/><W105/><G105/><T125/><D125/><U44/><E44/><V27/><F99/><W85/><G118/><T106/><D76/><U103/><E103/><V97/><F97/><W1/><G1/><T61/><D2/><U9/><E9/><V19/><F19/><W12/><G25/><T26/><D91/><U63/><AGARI ba="0,0" hai="3,7,11,36,39,54,57,63,87,90,95" m="48683" machi="63" ten="30,2000,0" yaku="18,1,52,1" doraHai="88" who="1" fromWho="1" sc="245,-5,163,20,299,-5,293,-10" /><INIT seed="4,0,0,0,0,46" ten="240,183,294,283" oya="0" hai0="89,59,87,133,95,7,5,118,129,123,52,79,1" hai1="82,109,47,51,69,37,127,78,15,43,49,75,130" hai2="115,57,2,42,29,80,106,11,71,4,99,126,134" hai3="85,26,114,117,14,61,38,21,94,56,90,83,27"/><T102/><D118/><U55/><E109/><V116/><F115/><W30/><G38/><T6/><D123/><U68/><E130/><V20/><F116/><W22/><G117/><T131/><D133/><U132/><E132/><V66/><F134/><W110/><G110/><T35/><D35/><U3/><E3/><V121/><F121/><W111/><G111/><T125/><D125/><U53/><E127/><V93/><F126/><W88/><G114/><T25/><D25/><U23/><E37/><V112/><F112/><W33/><G33/><T72/><D102/><U70/><E43/><V54/><F42/><W104/><G104/><T119/><D119/><U92/><E92/><V9/><F9/><W91/><G14/><T16/><D16/><U103/><E103/><V98/><F80/><W50/><G50/><N who="0" m="31127" /><D79/><U24/><E15/><V63/><F106/><W73/><G73/><T40/><D40/><U34/><E34/><V128/><F128/><N who="0" m="49226" /><D72/><U84/><E75/><V81/><F81/><W44/><G44/><T58/><D58/><U64/><E64/><V8/><F8/><AGARI ba="0,0" hai="1,5,6,7,8,87,89,95" m="49226,31127" machi="8" ten="30,5800,0" yaku="19,1,52,1,54,1" doraHai="46" who="0" fromWho="2" sc="240,58,183,0,294,-58,283,0" /><INIT seed="4,1,0,2,0,58" ten="298,183,236,283" oya="0" hai0="9,79,61,14,8,34,134,69,74,36,104,108,97" hai1="22,3,76,92,135,46,60,7,13,30,88,116,121" hai2="53,71,122,70,63,77,27,62,54,112,85,115,93" hai3="84,133,51,82,18,95,52,17,45,66,0,59,103"/><T124/><D36/><U37/><E121/><V128/><F122/><W12/><G0/><T15/><D34/><U38/><E116/><V68/><F128/><W94/><G133/><T67/><D134/><U24/><E135/><V6/><F6/><W32/><G32/><T130/><D130/><U16/><E76/><V28/><F77/><W1/><G1/><T47/><D47/><U65/><E46/><V107/><F107/><W73/><G73/><T42/><D42/><U23/><E3/><V41/><F41/><W4/><G4/><T55/><D55/><U120/><E7/><V78/><F78/><N who="3" m="46167" /><G18/><T118/><D118/><U119/><E119/><V114/><F85/><W10/><G103/><N who="0" m="62575" /><D79/><U105/><E105/><V56/><F93/><W81/><G81/><T43/><D43/><U96/><REACH who="1" step="1"/><E120/><REACH who="1" ten="298,173,236,283" step="2"/><V21/><REACH who="2" step="1"/><F56/><AGARI ba="1,1" hai="13,16,22,23,24,30,37,38,56,60,65,88,92,96" machi="56" ten="30,12000,2" yaku="1,1,2,1,7,1,52,1,54,2,53,0" doraHai="58" doraHaiUra="102" who="1" fromWho="2" sc="298,0,173,133,236,-123,283,0" owari="298,10.0,306,41.0,113,-39.0,283,-12.0" /></mjloggm>