<mjloggm ver="2.3"><GO type="97" lobby="0"/><UN n0="%66%69%6E%76%65%73" n1="%E5%85%A8%E3%83%84%E5%85%A8%E9%B3%B4%E3%81%8D%E3%81%AE%E7%A5%9E" n2="%68%61%6E%65%79%75%6D%61" n3="%E5%B0%B1%E6%B4%BB%E7%94%9F%40%E5%B7%9D%E6%9D%91%E8%BB%8D%E5%9B%A3" dan="13,15,13,15" rate="1800.54,1976.73,1886.96,1980.33" sx="M,M,M,M"/><TAIKYOKU oya="0"/><INIT seed="0,0,0,3,5,3" ten="250,250,250,250" oya="0" hai0="86,101,28,14,114,133,120,70,73,129,8,20,77" hai1="134,17,43,103,10,131,71,44,76,104,112,23,85" hai2="69,96,125,113,53,32,132,94,38,80,107,74,57" hai3="91,18,92,13,5,49,4,48,102,81,51,41,12"/><T93/><D70/><U128/><E71/><V55/><F113/><W47/><G102/><T56/><D120/><U106/><E134/><V7/><F38/><W65/><G65/><T35/><D114/><U54/><E112/><V89/><F69/><W1/><G1/><T123/><D123/><U39/><E103/><V98/><F32/><W34/><G34/><T19/><D133/><U27/><E54/><V33/><F33/><W83/><G47/><T46/><D129/><N who="1" m="49739" /><E10/><V119/><F119/><W50/><G41/><T64/><D46/><U115/><E115/><V118/><F118/><W110/><G110/><T29/><D35/><U9/><E9/><V109/><F132/><W126/><G126/><T21/><D73/><U66/><E66/><V105/><F7/><N who="3" m="2635" /><G49/><T78/><D86/><U95/><E95/><N who="2" m="56431" /><F55/><W2/><G2/><T36/><D36/><U130/><E130/><V111/><F53/><W58/><G58/><T52/><D64/><U0/><E0/><V90/><F57/><W87/><G13/><T97/><D21/><AGARI ba="0,0" hai="12,18,21,48,50,51,81,83,87,91,92" m="2635" machi="21" ten="30,7700,0" yaku="8,1,52,3" doraHai="3" who="3" fromWho="0" sc="250,-77,250,0,250,0,250,77" /><INIT seed="1,0,0,1,5,49" ten="173,250,250,327" oya="1" hai0="17,64,122,55,76,87,129,96,51,26,110,91,31" hai1="128,30,18,103,9,0,75,23,20,67,40,29,93" hai2="46,78,133,63,102,16,10,2,15,44,34,123,6" hai3="41,13,5,62,71,109,58,38,94,125,100,66,106"/><U82/><E128/><V4/><F123/><W80/><G106/><T11/><D122/><U134/><E134/><V121/><F121/><W119/><G119/><T98/><D64/><U81/><E67/><V73/><F133/><W37/><G125/><T83/><D129/><U79/><E40/><V118/><F118/><W24/><G109/><T74/><D110/><U50/><E50/><V124/><F34/><W116/><G116/><T7/><D17/><U61/><E61/><V60/><F124/><W57/><G80/><T19/><D19/><U113/><E113/><V101/><F73/><W1/><G1/><T47/><D74/><U126/><E126/><V99/><F78/><W12/><G24/><T22/><REACH who="0" step="1"/><D76/><REACH who="0" ten="163,250,250,327" step="2"/><U35/><E79/><V104/><F102/><W90/><G66/><T130/><D130/><U52/><E75/><V33/><F33/><W120/><G100/><T114/><D114/><U54/><E35/><V72/><F72/><W65/><G65/><T112/><D112/><U92/><E103/><V108/><F108/><W59/><G71/><T70/><D70/><U115/><E115/><V53/><F4/><W48/><G5/><T88/><D88/><U97/><E18/><V111/><F111/><W135/><G90/><T28/><D28/><U14/><E9/><V89/><F89/><W43/><G120/><T105/><D105/><U25/><E25/><V27/><F27/><W85/><G135/><T69/><D69/><U39/><E30/><V3/><F6/><W45/><G62/><N who="2" m="23593" /><F3/><AGARI ba="0,1" hai="3,7,11,22,26,31,47,51,55,83,87,91,96,98" machi="3" ten="30,3900,0" yaku="1,1,7,1,52,1,53,0" doraHai="49" doraHaiUra="127" who="0" fromWho="2" sc="163,49,250,0,250,-39,327,0" /><INIT seed="2,0,0,4,2,31" ten="212,250,211,327" oya="2" hai0="21,83,82,32,121,69,107,3,78,15,47,103,88" hai1="75,113,49,37,29,99,128,132,129,120,68,73,87" hai2="115,9,112,67,133,114,110,12,118,95,106,40,22" hai3="76,72,48,119,125,57,116,19,94,98,71,30,41"/><V53/><F106/><W6/><G71/><T27/><D69/><U36/><E113/><V59/><F118/><W90/><G125/><T124/><D3/><U100/><E68/><V104/><F104/><W108/><G108/><T66/><D121/><U8/><E120/><V4/><F133/><W92/><G6/><T60/><D124/><U96/><E132/><V18/><F110/><W91/><G30/><T64/><D107/><U101/><E29/><V89/><F40/><W79/><G19/><T117/><D103/><N who="1" m="39499" /><E49/><V13/><F67/><W24/><G24/><T1/><D1/><U38/><E87/><V127/><F127/><W25/><G25/><T52/><D15/><U111/><E8/><V39/><F39/><W130/><G130/><N who="1" m="50282" /><E111/><V20/><F20/><W93/><G48/><T43/><D117/><U134/><E134/><V65/><F65/><W86/><G41/><T44/><D64/><U56/><E56/><V97/><REACH who="2" step="1"/><F115/><REACH who="2" ten="212,250,201,327" step="2"/><W0/><G116/><T80/><D21/><U63/><E63/><AGARI ba="0,1" hai="4,9,12,13,18,22,53,59,63,89,95,97,112,114" machi="63" ten="30,11600,0" yaku="1,1,2,1,7,1,53,1" doraHai="31" doraHaiUra="17" who="2" fromWho="1" sc="212,0,250,-116,201,126,327,0" /><INIT seed="2,1,0,4,4,120" ten="212,134,327,327" oya="2" hai0="100,107,97,46,119,38,36,87,109,130,50,83,3" hai1="14,66,103,40,48,18,64,104,84,118,59,63,98" hai2="26,128,125,99,6,15,96,35,54,44,68,93,81" hai3="30,78,85,132,58,112,92,42,75,110,2,56,126"/><V67/><F67/><W31/><G110/><T27/><D3/><U135/><E118/><V89/><F68/><W86/><G2/><T25/><D119/><U134/><E66/><V106/><F106/><W47/><G75/><T37/><D130/><U65/><E65/><V49/><F128/><W61/><G112/><T71/><D71/><U9/><E84/><V43/><F125/><W7/><G7/><T115/><D115/><U129/><E129/><V111/><F111/><W12/><G126/><T133/><D133/><U17/><E17/><V76/><F35/><W1/><G1/><T108/><D27/><U52/><REACH who="1" step="1"/><E40/><REACH who="1" ten="212,124,327,327" step="2"/><V55/><F96/><W62/><G86/><T32/><D32/><U13/><E13/><V8/><F26/><W0/><G85/><AGARI ba="1,1" hai="6,8,15,43,44,49,54,55,76,81,85,89,93,99" machi="85" ten="30,11600,0" yaku="7,1,25,2,8,1" doraHai="120" who="2" fromWho="3" sc="212,0,124,0,327,129,327,-119" /><INIT seed="2,2,0,3,2,106" ten="212,124,456,208" oya="2" hai0="131,64,45,134,61,66,68,103,26,48,85,112,49" hai1="78,7,47,125,31,73,4,24,75,29,50,120,74" hai2="113,52,20,56,79,104,55,80,130,97,102,30,110" hai3="117,14,43,0,101,127,91,11,108,63,62,116,109"/><V124/><F113/><W132/><G0/><T10/><D112/><U41/><E120/><V133/><F124/><W21/><G127/><T37/><D37/><U65/><E125/><V98/><F130/><W100/><G132/><T119/><D119/><N who="3" m="45641" /><G21/><T94/><D131/><U122/><E122/><V13/><F133/><W38/><G43/><T76/><D48/><U23/><E65/><V107/><F110/><N who="3" m="42603" /><G38/><T96/><D26/><U8/><E31/><V27/><F13/><W88/><G14/><T58/><D10/><U69/><E69/><V105/><F98/><W114/><G11/><T93/><D68/><U71/><E71/><V128/><F128/><W82/><G82/><T86/><D93/><U87/><REACH who="1" step="1"/><E8/><REACH who="1" ten="212,114,456,208" step="2"/><V3/><F3/><W28/><G28/><T70/><D66/><U5/><E5/><V135/><F135/><W25/><G25/><T17/><D70/><U121/><E121/><V40/><F40/><W90/><G114/><T118/><D118/><U83/><AGARI ba="2,1" hai="4,7,23,24,29,41,47,50,73,74,75,78,83,87" machi="83" ten="40,8000,1" yaku="1,1,0,1,52,3,53,0" doraHai="106" doraHaiUra="59" who="1" fromWho="1" sc="212,-22,114,96,456,-42,208,-22" /><INIT seed="3,0,0,3,3,120" ten="190,210,414,186" oya="3" hai0="68,2,19,115,112,132,60,36,48,82,41,3,30" hai1="39,20,127,99,131,95,7,123,34,10,88,56,113" hai2="76,114,126,119,45,78,77,4,29,118,93,124,87" hai3="49,72,79,70,116,89,0,35,16,53,51,117,107"/><W69/><G35/><T74/><D30/><U9/><E123/><V102/><F4/><W55/><G0/><T40/><D40/><U100/><E113/><N who="0" m="43593" /><D48/><U91/><E39/><V135/><F29/><W59/><G107/><T42/><D42/><U32/><E131/><V54/><F45/><W52/><G72/><T14/><D132/><U50/><E127/><N who="2" m="48683" /><F54/><N who="3" m="21099" /><G79/><N who="0" m="44407" /><D19/><U57/><E34/><V110/><F114/><W5/><G16/><T12/><D12/><N who="1" m="5183" /><E32/><V104/><F135/><W86/><G5/><T44/><D14/><U71/><E71/><N who="3" m="27146" /><G89/><N who="1" m="34378" /><E50/><N who="3" m="18954" /><G86/><T90/><D90/><U24/><E10/><V38/><F104/><W15/><G15/><T64/><AGARI ba="0,0" hai="2,3,36,41,44,60,64,68" m="44407,43593" machi="64" ten="30,2000,0" yaku="11,1,23,1" doraHai="120" who="0" fromWho="0" sc="190,20,210,-5,414,-5,186,-10" owari="210,1.0,205,-19.0,409,50.0,176,-32.0" /></mjloggm>