<mjloggm ver="2.3"><GO type="97" lobby="0"/><UN n0="%E3%81%B4%E3%81%8B%E3%83%BC%E3%81%A9" n1="%E3%83%88%E3%83%88%E3%83%AA%E5%85%88%E7%94%9F%31%39%E6%AD%B3" n2="%E6%9F%8F%E6%9C%A8%E3%82%A7%E3%82%A7" n3="%CF%80" dan="14,14,15,13" rate="1885.67,2013.59,1969.33,1879.06" sx="M,F,M,M"/><TAIKYOKU oya="0"/><INIT seed="0,0,0,2,0,35" ten="250,250,250,250" oya="0" hai0="0,40,25,110,69,73,48,95,67,24,45,116,120" hai1="112,122,4,117,115,70,34,54,72,99,7,46,84" hai2="52,36,19,128,119,101,77,106,8,28,93,75,86" hai3="10,23,16,18,83,78,32,29,3,66,41,33,82"/><T1/><D116/><U111/><E84/><V39/><F28/><W108/><G108/><T113/><D120/><U20/><E20/><V131/><F119/><W85/><G66/><T94/><D113/><U80/><E54/><V133/><F133/><W123/><G123/><T79/><D110/><U27/><E46/><V42/><F42/><W30/><G41/><T5/><D73/><U2/><E99/><N who="2" m="59631" /><F106/><W121/><G121/><T91/><D79/><U38/><E80/><N who="2" m="47375" /><F75/><W103/><G103/><T17/><D95/><U100/><E100/><V62/><F19/><W59/><G33/><T124/><D5/><U60/><E7/><V13/><F13/><N who="3" m="9615" /><G18/><T118/><D124/><U68/><E111/><V127/><F127/><W63/><G30/><T76/><D76/><U130/><E117/><V125/><F125/><W87/><G63/><T107/><D107/><U6/><E122/><V102/><F102/><W21/><G59/><T92/><D92/><U105/><E105/><V88/><F8/><W12/><G12/><T15/><D118/><U71/><E72/><V129/><F88/><W9/><G9/><T22/><D25/><U126/><E126/><V109/><F109/><W74/><G74/><T98/><REACH who="0" step="1"/><D24/><REACH who="0" ten="240,250,250,250" step="2"/><U64/><E6/><V47/><F131/><W81/><G78/><T49/><D49/><U43/><E130/><V56/><F129/><W44/><G10/><T61/><AGARI ba="0,1" hai="0,1,15,17,22,40,45,48,61,67,69,91,94,98" machi="61" ten="30,11700,0" yaku="1,1,0,1,52,2,53,0" doraHai="35" doraHaiUra="135" who="0" fromWho="0" sc="240,127,250,-39,250,-39,250,-39" /><INIT seed="0,1,0,3,2,132" ten="367,211,211,211" oya="0" hai0="6,50,36,54,41,90,48,4,15,131,39,46,129" hai1="43,3,73,91,69,14,55,85,102,44,123,26,104" hai2="0,77,111,88,108,109,78,68,47,94,49,21,75" hai3="7,62,134,101,18,27,114,130,99,106,65,135,9"/><T22/><D90/><U57/><E123/><V74/><F68/><W24/><G114/><T45/><D22/><U82/><E69/><V33/><F33/><W52/><G130/><T31/><D31/><U29/><E3/><V61/><F61/><W100/><G100/><T16/><D16/><U116/><E116/><V95/><F0/><N who="3" m="231" /><G18/><T119/><D119/><U1/><E1/><V35/><F35/><W124/><G124/><T40/><D54/><U81/><E14/><AGARI ba="1,0" hai="4,6,14,15,36,39,40,41,45,46,48,50,129,131" machi="14" ten="25,2400,0" yaku="22,2" doraHai="132" who="0" fromWho="1" sc="367,27,211,-27,211,0,211,0" /><INIT seed="0,2,0,1,1,131" ten="394,184,211,211" oya="0" hai0="129,70,1,53,16,34,37,8,134,15,2,13,65" hai1="106,18,107,11,109,50,89,96,117,0,21,125,35" hai2="30,71,67,111,80,133,75,74,135,83,94,118,61" hai3="49,103,123,79,43,42,23,113,55,122,101,24,128"/><T46/><D34/><U97/><E117/><V25/><F118/><W86/><G113/><T88/><D129/><U112/><E35/><V62/><F94/><W66/><G128/><T119/><D119/><U38/><E38/><V130/><F130/><W76/><G66/><T6/><D70/><U126/><E112/><V14/><F14/><W12/><G12/><T22/><D65/><U9/><E109/><V105/><F105/><N who="1" m="39945" /><E50/><V82/><F111/><W77/><G86/><T87/><D37/><U110/><E110/><V99/><F99/><N who="1" m="37961" /><E89/><V48/><F48/><W40/><G123/><T116/><D116/><U26/><E0/><V114/><F62/><W98/><G122/><T45/><D2/><U92/><E92/><V47/><F47/><N who="3" m="28095" /><G98/><T63/><D1/><U68/><E68/><V104/><F104/><W28/><AGARI ba="2,0" hai="23,24,28,40,42,43,76,77,79,101,103" m="28095" machi="28" ten="30,1100,0" yaku="8,1" doraHai="131" who="3" fromWho="3" sc="394,-7,184,-5,211,-5,211,17" /><INIT seed="1,0,0,5,0,35" ten="387,179,206,228" oya="1" hai0="45,12,15,99,92,90,106,109,111,79,46,133,117" hai1="127,107,4,54,113,120,19,20,104,25,118,71,130" hai2="49,0,70,94,14,81,34,32,8,95,43,87,72" hai3="93,1,88,128,16,116,108,77,115,67,10,38,132"/><U23/><E113/><V61/><F72/><W44/><G115/><T57/><D117/><U65/><E118/><V30/><F0/><W134/><G116/><T33/><D33/><U56/><E120/><V124/><F124/><W85/><G108/><N who="0" m="41547" /><D133/><N who="3" m="51305" /><G128/><T84/><D57/><U62/><E127/><V11/><F11/><W17/><G67/><T69/><D69/><U5/><E130/><V13/><F13/><N who="0" m="5194" /><D79/><U47/><E47/><N who="2" m="25855" /><F61/><W21/><G77/><T48/><D48/><U78/><E78/><N who="2" m="46519" /><F70/><W2/><G10/><T36/><D36/><U73/><E73/><V52/><F34/><W42/><G17/><T96/><D96/><U101/><E20/><V68/><F68/><W112/><G112/><T76/><D106/><U29/><E19/><V102/><F102/><W129/><G129/><T122/><D122/><U82/><E101/><V125/><F125/><W27/><AGARI ba="0,0" hai="1,2,16,21,27,38,42,44,85,88,93" m="51305" machi="27" ten="30,8000,1" yaku="20,1,52,2,54,2" doraHai="35" who="3" fromWho="3" sc="387,-20,179,-40,206,-20,228,80" /><INIT seed="2,0,0,1,5,17" ten="367,139,186,308" oya="2" hai0="3,132,120,93,70,67,33,45,115,54,134,82,63" hai1="15,78,23,66,1,87,69,129,124,42,14,57,61" hai2="92,85,100,9,10,128,107,112,58,53,68,24,121" hai3="19,90,104,126,55,35,65,27,64,37,123,127,28"/><V86/><F112/><W13/><G123/><T49/><D120/><U125/><E1/><V77/><F68/><W109/><G109/><T41/><D115/><U7/><E129/><V46/><F121/><W89/><G37/><T97/><D33/><U22/><E42/><V117/><F117/><W108/><G108/><T80/><D3/><U74/><E74/><V32/><F128/><W116/><G116/><T103/><REACH who="0" step="1"/><D41/><REACH who="0" ten="357,139,186,308" step="2"/><U118/><E118/><V60/><F32/><W99/><G127/><N who="1" m="48714" /><E69/><V30/><F107/><W135/><G126/><T2/><D2/><U6/><E14/><V62/><F46/><W73/><G135/><AGARI ba="0,1" hai="45,49,54,63,67,70,80,82,93,97,103,132,134,135" machi="135" ten="40,2600,0" yaku="1,1,20,1,53,0" doraHai="17" doraHaiUra="20" who="0" fromWho="3" sc="357,36,139,0,186,0,308,-26" /><INIT seed="3,0,0,2,4,88" ten="393,139,186,282" oya="3" hai0="49,36,72,109,107,28,43,89,103,6,86,102,29" hai1="15,83,78,121,3,80,37,42,7,124,5,17,52" hai2="93,91,35,120,12,122,101,64,82,54,90,9,33" hai3="56,111,135,125,61,31,55,57,123,126,30,132,23"/><W34/><G123/><N who="2" m="47145" /><F64/><N who="3" m="38951" /><G111/><T106/><D36/><U62/><E121/><V98/><F54/><W74/><G74/><T2/><D72/><U48/><E124/><N who="3" m="47722" /><G34/><N who="2" m="12809" /><F82/><W19/><G19/><AGARI ba="0,0" hai="9,12,19,90,91,93,98,101" m="12809,47145" machi="19" ten="30,2000,0" yaku="13,1,52,1" doraHai="88" who="2" fromWho="3" sc="393,0,139,0,186,20,282,-20" owari="393,49.0,139,-36.0,206,-19.0,262,6.0" /></mjloggm>