<mjloggm ver="2.3"><GO type="41" lobby="0"/><UN n0="%E3%82%82%E3%81%A7%E3%82%93" n1="%79%38%78%38%79" n2="%E3%81%B2%E3%81%AA%E3%81%8B" n3="%E3%83%88%E3%83%88%E3%83%AA%E5%85%88%E7%94%9F%31%39%E6%AD%B3" dan="13,14,15,14" rate="1866.56,1912.39,1971.22,2018.65" sx="M,M,M,F"/><TAIKYOKU oya="0"/><INIT seed="0,0,0,1,0,119" ten="250,250,250,250" oya="0" hai0="79,96,98,111,27,46,82,66,17,102,38,75,13" hai1="16,72,106,87,86,50,135,69,74,92,100,11,43" hai2="133,104,28,56,7,117,23,132,127,121,114,131,80" hai3="83,94,129,15,128,59,105,67,53,134,91,115,123"/><T58/><D111/><U97/><E69/><V120/><F104/><W63/><G105/><T33/><D96/><U125/><E135/><N who="2" m="51787" /><F117/><W108/><G115/><T124/><D124/><U60/><E125/><V36/><F127/><W1/><G1/><T45/><D38/><U21/><E60/><V12/><F114/><W68/><G108/><T85/><D75/><U8/><E74/><V57/><F36/><W77/><G134/><T0/><D0/><U101/><E72/><V73/><F131/><N who="3" m="50251" /><G15/><T32/><D27/><N who="1" m="14759" /><E101/><V81/><F7/><W126/><G83/><N who="2" m="31817" /><F73/><W78/><G123/><N who="2" m="47177" /><F12/><W44/><G126/><T118/><D118/><U103/><E103/><V10/><F10/><N who="1" m="3625" /><E106/><V4/><F4/><W70/><G78/><T89/><D79/><U90/><E100/><V24/><AGARI ba="0,0" hai="23,24,28,56,57" m="47177,31817,51787" machi="24" ten="40,8000,1" yaku="20,1,52,3" doraHai="119" who="2" fromWho="2" sc="250,-40,250,-20,250,80,250,-20" /><INIT seed="1,0,0,3,0,27" ten="210,230,330,230" oya="1" hai0="35,135,19,76,104,23,59,7,49,13,98,48,41" hai1="91,85,22,88,5,33,115,126,62,60,10,109,77" hai2="36,46,110,18,101,15,30,125,2,31,130,29,56" hai3="44,89,93,120,108,66,42,81,95,74,1,112,40"/><U132/><E115/><V26/><F130/><W78/><G112/><T107/><D135/><U122/><E33/><V72/><F72/><W24/><G120/><T105/><D35/><U6/><E122/><V84/><F110/><W119/><G1/><T43/><D76/><U131/><E132/><V96/><F2/><W113/><G113/><T121/><D121/><U54/><E131/><V17/><F125/><W124/><G124/><T111/><D111/><U79/><E109/><V71/><F71/><W94/><G108/><T106/><D7/><N who="1" m="2571" /><E10/><V99/><F84/><W82/><G119/><T11/><N who="0" m="27136" /><DORA hai="28" /><T69/><D69/><U80/><E126/><V61/><F36/><W73/><G66/><T63/><D98/><U9/><E9/><N who="2" m="6383" /><F46/><W12/><G12/><T53/><REACH who="0" step="1"/><D11/><REACH who="0" ten="200,230,330,230" step="2"/><U90/><E79/><V16/><F101/><W134/><G134/><T0/><D0/><U20/><E54/><N who="2" m="33943" /><F26/><W117/><G78/><T65/><D65/><U38/><E38/><V68/><F68/><W51/><G24/><T52/><D52/><U116/><E116/><V86/><F86/><W64/><G117/><T102/><D102/><U70/><E70/><V118/><F118/><W45/><G64/><T128/><D128/><U14/><E14/><V97/><AGARI ba="0,1" hai="16,18,29,30,31,96,97,99" m="33943,6383" machi="97" ten="30,8000,1" yaku="8,1,52,3,54,1" doraHai="27,28" who="2" fromWho="2" sc="200,-20,230,-40,330,90,230,-20" /><INIT seed="2,0,0,3,4,115" ten="180,190,420,210" oya="2" hai0="99,44,78,40,106,88,2,58,37,46,117,30,111" hai1="16,25,4,134,12,34,69,43,67,54,15,91,74" hai2="108,18,121,61,107,109,29,72,7,110,14,48,51" hai3="32,125,35,132,33,73,96,82,19,97,130,45,126"/><V52/><F107/><W98/><G45/><T53/><D111/><U83/><E134/><V92/><F72/><W95/><G132/><T71/><D78/><U1/><E43/><V70/><F121/><W21/><G130/><T3/><D30/><U118/><E118/><V55/><F29/><W56/><G56/><T27/><D27/><U75/><E54/><N who="2" m="20523" /><F7/><W11/><G11/><T85/><D46/><U66/><E1/><V119/><F92/><W102/><G82/><T8/><D71/><U39/><E39/><V41/><F41/><W28/><G28/><T76/><D76/><U84/><E34/><V135/><F135/><W64/><G64/><T101/><D8/><U89/><E67/><N who="2" m="41327" /><F119/><W31/><G31/><T122/><D122/><U42/><E42/><V116/><F116/><W105/><G73/><T127/><D127/><N who="3" m="48649" /><G105/><T87/><D117/><U0/><E0/><V104/><F104/><W103/><G95/><T124/><D87/><U17/><E4/><V50/><F50/><W120/><G120/><T112/><D112/><U13/><E89/><V23/><AGARI ba="0,0" hai="14,18,23,48,51,108,109,110" m="41327,20523" machi="23" ten="40,7800,0" yaku="14,1,10,1,54,1" doraHai="115" who="2" fromWho="2" sc="180,-26,190,-26,420,78,210,-26" /><INIT seed="2,1,0,1,2,37" ten="154,164,498,184" oya="2" hai0="99,112,64,108,4,125,111,126,78,13,88,57,21" hai1="11,6,43,72,5,96,82,9,123,65,42,84,36" hai2="127,2,8,129,105,40,90,34,30,81,1,44,116" hai3="19,107,122,15,75,128,131,89,23,7,31,117,62"/><V79/><F116/><W118/><G122/><T12/><D78/><U71/><E123/><V25/><F129/><N who="3" m="49739" /><G107/><T32/><D32/><U104/><E72/><V14/><F127/><N who="0" m="48650" /><D112/><U115/><E115/><V58/><F105/><W50/><G75/><T103/><D4/><N who="1" m="1643" /><E71/><V26/><F90/><W3/><G89/><T87/><D64/><U46/><E36/><V52/><F25/><N who="3" m="16831" /><G62/><T27/><D57/><U47/><E65/><V49/><F81/><W0/><G50/><T55/><D55/><U45/><E96/><V109/><F79/><W124/><G124/><T97/><D103/><U69/><E69/><V113/><F113/><W70/><G70/><T76/><D76/><N who="1" m="46151" /><E104/><V56/><F56/><W121/><G121/><T135/><D135/><U86/><E86/><V24/><F24/><W20/><G7/><T130/><D130/><U133/><E133/><V22/><F1/><AGARI ba="1,0" hai="0,1,3,15,19,20,117,118" m="16831,49739" machi="1" ten="30,3900,0" yaku="19,1,34,2" doraHai="37" who="3" fromWho="2" sc="154,0,164,0,498,-42,184,42" /><INIT seed="3,0,0,4,0,128" ten="154,164,456,226" oya="3" hai0="45,66,88,67,130,118,21,73,110,119,5,90,17" hai1="55,92,2,22,101,71,11,103,59,35,53,62,134" hai2="83,58,121,108,16,12,70,79,131,125,82,19,18" hai3="64,104,10,13,85,65,80,76,51,39,105,129,37"/><W47/><G129/><T87/><D130/><U94/><E35/><V32/><F70/><W99/><G39/><T56/><D73/><U43/><E71/><V49/><F32/><W116/><G37/><T111/><D5/><U97/><E43/><V46/><F131/><W127/><G127/><T68/><D68/><U61/><E22/><V112/><F125/><W78/><G78/><T30/><D30/><U123/><E123/><V122/><F112/><W4/><G116/><T109/><D45/><U40/><E40/><V69/><F69/><W107/><REACH who="3" step="1"/><G99/><REACH who="3" ten="154,164,456,216" step="2"/><T93/><D119/><U54/><E97/><V81/><F122/><W29/><G29/><T135/><D118/><U120/><E120/><V60/><F121/><W106/><N who="3" m="26624" /><DORA hai="48" /><W9/><G9/><T31/><D31/><U115/><E11/><V117/><F79/><W124/><G124/><T102/><D135/><U95/><E134/><V34/><F117/><W114/><G114/><T133/><D133/><U26/><E115/><V33/><F33/><W15/><G15/><T14/><D102/><N who="1" m="38923" /><E2/><V89/><F34/><W57/><G57/><T0/><D0/><U75/><E75/><V1/><F12/><W27/><G27/><T77/><D77/><U38/><E38/><V42/><F1/><W52/><AGARI ba="0,1" hai="4,10,13,47,51,52,64,65,76,80,85" m="26624" machi="52" ten="60,12000,1" yaku="1,1,0,1,52,1,54,1,53,1" doraHai="128,48" doraHaiUra="24,6" who="3" fromWho="3" sc="154,-40,164,-40,456,-40,216,130" /><INIT seed="3,1,0,4,5,56" ten="114,124,416,346" oya="3" hai0="42,120,133,69,107,60,109,45,29,3,9,61,87" hai1="101,27,17,85,129,51,62,16,127,10,77,135,33" hai2="31,52,25,2,82,132,38,28,114,47,134,131,128" hai3="116,104,39,75,83,110,6,1,0,72,12,59,67"/><W20/><G116/><T89/><D120/><U84/><E127/><V88/><F114/><W76/><G39/><T21/><D107/><U121/><E121/><V5/><F38/><W123/><G123/><T90/><D69/><U26/><E129/><N who="2" m="49739" /><F5/><W15/><G104/><T74/><D74/><U37/><E37/><V92/><F82/><W102/><G110/><T50/><D109/><U23/><E135/><N who="2" m="51755" /><F2/><W112/><G102/><T94/><D133/><U98/><E33/><V126/><F25/><W66/><G112/><T115/><D115/><U99/><E51/><N who="2" m="28799" /><F126/><W35/><G72/><T81/><D3/><U97/><E101/><V111/><F111/><W49/><G1/><T100/><D100/><U48/><E48/><V71/><F71/><W24/><G35/><T41/><D41/><U7/><E27/><V80/><F80/><W68/><G0/><T34/><D34/><U18/><E77/><V93/><F93/><W57/><G68/><T46/><D46/><U19/><E7/><V44/><F44/><W95/><G95/><T63/><D9/><U124/><E10/><V4/><F4/><W40/><G6/><T125/><D125/><U8/><E8/><V105/><F105/><W122/><G122/><T70/><D70/><U130/><E124/><V73/><F73/><W118/><G12/><T65/><D65/><N who="3" m="24585" /><G15/><T91/><D94/><U96/><N who="1" m="24576" /><DORA hai="11" /><U22/><E130/><V14/><F14/><W78/><G78/><T103/><D103/><U79/><E79/><V113/><F113/><W58/><G76/><T53/><D42/><U36/><E36/><RYUUKYOKU ba="1,0" sc="114,15,124,-15,416,15,346,-15" hai0="21,29,45,50,53,60,61,63,81,87,89,90,91" hai2="28,31,88,92" /><INIT seed="4,2,0,4,4,118" ten="129,109,431,331" oya="0" hai0="125,37,95,49,120,21,63,119,69,98,89,26,135" hai1="75,117,79,57,130,80,31,92,70,114,123,99,88" hai2="36,56,72,84,93,106,86,101,121,5,104,33,83" hai3="24,47,134,113,108,41,45,60,109,52,74,19,110"/><T129/><D37/><U46/><E117/><V44/><F33/><W9/><G74/><T54/><D119/><U28/><E70/><V127/><F5/><W53/><G113/><T111/><D111/><U116/><E116/><V105/><F56/><N who="3" m="34823" /><G9/><T67/><D129/><U8/><E130/><V126/><F44/><N who="3" m="16971" /><G19/><T82/><D135/><U0/><E114/><V4/><F36/><W87/><G87/><N who="2" m="33321" /><F4/><W65/><G24/><T68/><D125/><N who="2" m="47626" /><F121/><W107/><G107/><T34/><D34/><U18/><E123/><V50/><F50/><W10/><G10/><T77/><D120/><U20/><E46/><V102/><F93/><W51/><G41/><T131/><D131/><U66/><E8/><V81/><F72/><W90/><G90/><T78/><D69/><U42/><E42/><V43/><F43/><W6/><G6/><T76/><D82/><AGARI ba="2,0" hai="81,82,83,101,102,104,105,106" m="47626,33321" machi="82" ten="40,8000,1" yaku="28,2,18,1,34,2" doraHai="118" who="2" fromWho="0" sc="129,-86,109,0,431,86,331,0" /><INIT seed="5,0,0,2,0,104" ten="43,109,517,331" oya="1" hai0="40,92,22,49,15,120,28,26,133,11,81,94,44" hai1="69,76,42,47,91,77,39,103,12,84,97,134,100" hai2="118,90,102,80,1,8,43,78,132,0,119,55,72" hai3="135,66,58,2,18,108,124,109,46,110,53,93,21"/><U122/><E122/><V121/><F132/><W98/><G2/><T86/><D133/><U3/><E134/><V9/><F121/><W113/><G135/><T111/><D120/><U23/><E3/><V34/><F34/><W59/><G113/><T107/><D107/><U60/><E69/><V79/><F55/><W41/><G124/><T61/><D61/><U30/><E60/><V57/><F57/><W70/><G53/><T125/><D125/><U6/><E100/><V25/><F25/><W20/><G70/><T114/><D114/><U68/><E68/><V45/><F90/><W14/><G21/><T115/><D115/><U116/><E116/><V24/><F24/><W56/><G66/><T123/><D123/><U54/><E54/><V29/><F29/><W16/><G18/><T50/><D50/><U106/><E30/><V5/><F102/><W74/><G74/><T37/><D37/><U117/><E117/><V13/><F79/><W32/><G32/><T17/><REACH who="0" step="1"/><D111/><REACH who="0" ten="33,109,517,331" step="2"/><U63/><E63/><V131/><F119/><W52/><G41/><T75/><D75/><U48/><E39/><N who="2" m="21759" /><F118/><W82/><G108/><T7/><D7/><U31/><E6/><N who="2" m="1095" /><F13/><W127/><G127/><T64/><D64/><U51/><E51/><V83/><F83/><W67/><G82/><T105/><D105/><U129/><E129/><AGARI ba="0,1" hai="1,5,9,72,78,80,129,131" m="1095,21759" machi="129" ten="30,3900,0" yaku="25,1,23,1,52,1" doraHai="104" who="2" fromWho="1" sc="33,0,109,-39,517,49,331,0" /><INIT seed="6,0,0,4,0,116" ten="33,70,566,331" oya="2" hai0="98,102,15,17,40,97,64,86,83,31,23,113,59" hai1="72,85,11,65,110,6,73,3,93,36,122,115,5" hai2="13,128,109,105,20,57,49,27,133,7,8,47,99" hai3="4,94,89,79,21,68,88,120,18,126,53,108,14"/><V60/><F128/><W39/><G108/><T10/><D113/><U48/><E110/><V121/><F109/><W87/><G126/><T44/><D64/><U84/><E115/><V50/><F133/><W29/><G68/><T38/><D59/><U75/><E65/><V100/><F121/><W2/><G39/><T41/><D31/><U32/><E36/><V46/><F47/><W22/><G120/><T127/><D127/><U112/><E112/><V135/><F46/><W16/><G2/><T131/><D131/><U74/><N who="1" m="18432" /><DORA hai="130" /><U96/><E32/><V63/><F135/><W33/><G33/><T81/><D81/><U76/><E122/><V119/><F119/><W12/><G29/><T62/><D62/><U80/><E6/><V52/><REACH who="2" step="1"/><F63/><REACH who="2" ten="33,70,556,331" step="2"/><W56/><G4/><T106/><D41/><U71/><E48/><V43/><F43/><W134/><G134/><T58/><D58/><U114/><E71/><V107/><F107/><W0/><G0/><T55/><D55/><U123/><E114/><V132/><F132/><W124/><G124/><T28/><D106/><U45/><E123/><V118/><F118/><W37/><G37/><T66/><D38/><U24/><E45/><V95/><F95/><W35/><G35/><T25/><D40/><U111/><E111/><V77/><F77/><W82/><REACH who="3" step="1"/><G94/><REACH who="3" ten="33,70,556,321" step="2"/><T117/><D117/><U67/><E93/><V91/><F91/><W78/><G78/><T26/><D102/><U42/><E76/><V51/><F51/><AGARI ba="0,2" hai="12,14,16,18,21,22,51,53,56,79,82,87,88,89" machi="51" ten="30,12000,2" yaku="1,1,7,1,9,1,8,1,54,2,53,0" doraHai="116,130" doraHaiUra="103,1" who="3" fromWho="2" sc="33,0,70,0,556,-120,321,140" /><INIT seed="7,0,0,1,0,1" ten="33,70,436,461" oya="3" hai0="120,17,100,106,78,29,47,0,128,26,97,75,105" hai1="12,69,59,125,40,81,5,51,84,22,112,33,86" hai2="82,103,134,116,28,67,71,39,95,46,58,118,53" hai3="41,63,108,113,36,74,16,68,117,44,76,61,2"/><W52/><G117/><T104/><D120/><U43/><E69/><V8/><F134/><W48/><G2/><T56/><D128/><U111/><E33/><V70/><F28/><W4/><G4/><T7/><D17/><N who="1" m="10535" /><E111/><V79/><F103/><W124/><G108/><T88/><D56/><U42/><E125/><V32/><F95/><W9/><G124/><T49/><D78/><N who="1" m="46135" /><E5/><V87/><F32/><W114/><G76/><T130/><D75/><U20/><E112/><N who="3" m="43114" /><G74/><T132/><D130/><U54/><E86/><V91/><F79/><W92/><G68/><T15/><D132/><U99/><E20/><V98/><F98/><AGARI ba="0,0" hai="40,42,43,51,54,59,98,99" m="46135,10535" machi="98" ten="30,1000,0" yaku="8,1" doraHai="1" who="1" fromWho="2" sc="33,0,70,10,436,-10,461,0" owari="33,-47.0,80,-32.0,426,23.0,461,56.0" /></mjloggm>