<mjloggm ver="2.3"><GO type="97" lobby="0"/><UN n0="%E3%83%88%E3%83%88%E3%83%AA%E5%85%88%E7%94%9F%31%39%E6%AD%B3" n1="%E3%83%88%E3%83%AA%E3%82%A2%E3%83%8E%E3%83%B3%E2%99%AA" n2="%E7%B7%8B%E7%89%A1%E4%B8%B9%E3%83%90%E3%83%AB%E3%82%AB%E3%83%B3" n3="%61%6D%6F%6B%69%6E%34%34" dan="13,16,15,13" rate="1918.05,2003.77,2029.38,1917.01" sx="F,M,M,M"/><TAIKYOKU oya="0"/><INIT seed="0,0,0,0,3,86" ten="250,250,250,250" oya="0" hai0="31,71,132,60,64,7,101,63,26,59,72,112,79" hai1="129,77,53,30,45,128,121,102,9,37,11,85,80" hai2="124,56,18,8,2,117,69,66,57,21,65,99,105" hai3="131,110,10,76,120,107,38,125,95,54,100,98,51"/><T68/><D112/><U34/><E121/><V135/><F135/><W27/><G120/><T96/><D132/><U62/><E102/><V116/><F124/><W44/><G125/><T49/><D7/><U12/><E9/><V97/><F69/><W17/><G131/><T83/><D49/><U19/><E30/><V108/><F108/><W46/><G110/><T84/><D63/><U52/><E34/><V92/><F105/><W58/><G76/><T91/><D72/><U3/><E3/><V15/><F8/><W130/><G130/><N who="1" m="50282" /><E62/><V94/><F2/><W14/><G38/><T115/><D115/><U13/><E13/><V133/><F133/><W78/><G78/><T119/><D119/><U29/><E29/><V82/><F15/><W104/><G104/><T114/><D114/><U33/><E33/><V67/><F82/><W6/><G27/><T20/><REACH who="0" step="1"/><D79/><REACH who="0" ten="240,250,250,250" step="2"/><U111/><E111/><V81/><F117/><W0/><G107/><AGARI ba="0,1" hai="20,26,31,59,60,64,68,71,83,84,91,96,101,107" machi="107" ten="30,11600,0" yaku="1,1,2,1,7,1,52,1,53,0" doraHai="86" doraHaiUra="32" who="0" fromWho="3" sc="240,126,250,0,250,0,250,-116" /><INIT seed="0,1,0,5,3,19" ten="366,250,250,134" oya="0" hai0="7,43,4,128,27,132,99,91,119,85,104,112,10" hai1="135,60,24,28,20,131,129,5,46,31,47,51,33" hai2="42,35,100,80,23,93,101,79,70,53,54,122,16" hai3="29,82,30,8,76,3,57,102,55,110,68,2,88"/><T66/><D112/><U69/><E135/><V86/><F70/><W124/><G68/><T117/><D132/><U89/><E5/><V37/><F35/><W121/><G121/><T107/><D128/><N who="1" m="49227" /><E89/><V98/><F101/><W114/><G114/><T65/><D43/><N who="1" m="25055" /><E47/><V34/><F34/><W108/><G102/><T21/><D117/><U0/><E0/><N who="3" m="42" /><G8/><T97/><D119/><U13/><E13/><V73/><F73/><W26/><G124/><T64/><D104/><U63/><E69/><V113/><F113/><W78/><G26/><AGARI ba="1,0" hai="20,24,26,28,31,33,60,63" m="25055,49227" machi="26" ten="30,2000,0" yaku="19,1,52,1" doraHai="19" who="1" fromWho="3" sc="366,0,250,23,250,0,134,-23" /><INIT seed="1,0,0,3,4,60" ten="366,273,250,111" oya="1" hai0="94,10,30,29,33,50,108,3,76,123,99,66,24" hai1="8,70,100,37,55,4,75,107,54,61,47,79,58" hai2="25,96,93,69,120,67,44,72,103,85,81,7,125" hai3="86,135,2,104,95,91,65,41,106,23,134,98,115"/><U122/><E122/><V114/><F120/><W20/><G2/><T1/><D123/><U133/><E133/><N who="3" m="50698" /><G41/><T110/><D30/><U101/><E107/><N who="3" m="41002" /><G115/><T130/><D130/><U128/><E128/><V22/><F125/><W131/><G20/><T116/><D116/><U87/><E70/><V52/><F7/><W21/><G21/><T80/><D50/><U42/><E87/><V35/><F35/><W90/><G23/><T126/><D66/><U89/><E89/><V48/><F72/><W127/><G127/><T119/><D119/><U82/><REACH who="1" step="1"/><E55/><REACH who="1" ten="366,263,250,111" step="2"/><V31/><F69/><W117/><G117/><T74/><D126/><U18/><E18/><V64/><F114/><W77/><G131/><T118/><D118/><U53/><E53/><V40/><F40/><W38/><G38/><T43/><D43/><U49/><E49/><V19/><F19/><W132/><G77/><AGARI ba="0,1" hai="22,25,31,44,48,52,64,67,77,81,85,93,96,103" machi="77" ten="30,8000,1" yaku="7,1,8,1,52,2,54,1" doraHai="60" who="2" fromWho="3" sc="366,0,263,0,250,90,111,-80" /><INIT seed="2,0,0,0,3,69" ten="366,263,340,31" oya="2" hai0="128,8,58,90,105,68,119,80,133,31,92,20,51" hai1="95,16,29,70,64,88,55,110,35,74,132,103,54" hai2="32,34,116,43,7,40,11,57,115,120,5,22,101" hai3="53,67,9,102,98,3,86,2,25,121,63,131,65"/><V94/><F120/><W113/><G121/><T60/><D105/><U17/><E74/><V83/><F116/><W135/><G113/><T104/><D104/><U71/><E103/><V91/><F101/><W106/><G135/><T125/><D133/><U85/><E132/><V117/><F117/><W127/><G131/><T38/><D68/><U126/><E110/><V76/><F57/><W27/><G127/><T108/><D38/><U30/><E126/><V72/><F22/><W19/><G86/><T118/><D125/><U123/><E123/><V61/><F61/><W99/><G99/><T56/><D108/><U18/><E70/><V107/><F107/><W66/><G53/><T78/><D128/><U46/><E35/><V122/><F122/><W81/><G81/><T93/><D51/><U47/><E64/><V48/><F48/><W89/><G89/><T24/><D58/><U13/><E13/><V0/><F5/><W96/><G96/><T97/><D93/><U45/><E71/><V50/><F115/><W109/><G109/><T75/><REACH who="0" step="1"/><D8/><REACH who="0" ten="356,263,340,31" step="2"/><U21/><E21/><V129/><F129/><W23/><G9/><T52/><AGARI ba="0,1" hai="20,24,31,52,56,60,75,78,80,90,92,97,118,119" machi="52" ten="30,7900,0" yaku="1,1,2,1,0,1,54,1,53,0" doraHai="69" doraHaiUra="10" who="0" fromWho="0" sc="356,89,263,-20,340,-39,31,-20" /><INIT seed="3,0,0,2,2,47" ten="445,243,301,11" oya="3" hai0="41,4,66,122,48,89,74,62,23,29,95,81,55" hai1="6,31,76,70,131,132,35,79,128,45,14,105,5" hai2="32,110,94,135,61,107,121,58,111,133,25,91,27" hai3="20,104,87,13,102,53,59,8,42,114,50,40,98"/><W10/><G114/><T124/><D122/><U0/><E105/><V115/><F107/><W56/><G10/><T90/><D124/><U109/><E70/><V16/><F115/><W123/><G123/><T57/><D41/><U97/><E97/><N who="2" m="57567" /><F32/><W49/><G20/><T73/><D4/><U11/><E109/><N who="2" m="41483" /><F121/><W85/><G42/><T125/><D125/><U83/><E132/><N who="2" m="50763" /><F16/><W69/><G69/><T92/><D23/><U108/><E108/><V113/><F113/><W103/><G103/><T7/><D7/><U22/><E45/><V65/><AGARI ba="0,0" hai="25,27,58,61,65" m="50763,41483,57567" machi="65" ten="30,2000,0" yaku="14,1,20,1" doraHai="47" who="2" fromWho="2" sc="445,-5,243,-5,301,20,11,-10" owari="440,54.0,238,-16.0,321,12.0,1,-50.0" /></mjloggm>