<mjloggm ver="2.3"><GO type="41" lobby="0"/><UN n0="%E5%B0%B1%E6%B4%BB%E7%94%9F%40%E5%B7%9D%E6%9D%91%E8%BB%8D%E5%9B%A3" n1="%E3%82%AD%E3%83%A3%E3%83%90%E3%82%AF%E3%83%A9%E5%B9%95%E5%BA%9C" n2="%E2%80%A0%41%71%75%61%E2%80%A0" n3="%66%75%6D%69%33" dan="16,15,14,14" rate="2172.93,1988.92,2030.95,1939.56" sx="M,M,M,M"/><TAIKYOKU oya="0"/><INIT seed="0,0,0,5,5,61" ten="250,250,250,250" oya="0" hai0="120,91,77,119,10,80,53,38,93,62,20,74,134" hai1="32,83,45,44,23,19,111,100,68,55,109,87,8" hai2="25,73,14,58,102,86,9,42,118,112,28,51,33" hai3="96,104,59,108,129,52,133,113,54,27,48,71,12"/><T126/><D38/><U64/><E32/><V92/><F73/><W110/><G71/><T17/><D120/><U13/><E100/><V106/><F112/><W11/><G113/><T35/><D119/><U82/><E83/><V22/><F118/><W81/><G27/><T79/><D35/><U103/><E103/><V116/><F116/><W39/><G39/><T29/><D134/><U67/><E68/><V128/><F128/><W40/><G40/><T46/><D126/><U69/><E69/><V89/><F106/><W1/><G1/><T90/><D79/><N who="1" m="46559" /><E111/><V37/><F102/><W101/><G81/><T88/><D29/><U122/><E122/><V63/><F37/><W0/><G0/><T18/><D10/><U60/><E109/><N who="3" m="42090" /><G54/><T107/><D107/><U2/><E2/><V26/><F26/><W132/><G129/><T7/><D7/><AGARI ba="0,0" hai="7,11,12,48,52,59,96,101,104,132,133" m="42090" machi="7" ten="30,2000,0" yaku="14,1,54,1" doraHai="61" who="3" fromWho="0" sc="250,-20,250,0,250,0,250,20" /><INIT seed="1,0,0,1,0,83" ten="230,250,250,270" oya="1" hai0="17,30,5,113,109,25,88,24,27,20,133,117,34" hai1="103,125,2,94,84,65,114,108,79,22,95,105,66" hai2="107,45,54,104,86,33,120,99,58,102,38,28,122" hai3="59,12,42,100,43,11,76,131,19,35,118,26,127"/><U75/><E2/><V85/><F107/><W82/><G131/><T32/><D117/><U91/><E114/><V115/><F115/><W93/><G127/><T129/><D113/><U7/><E7/><V37/><F33/><W111/><G111/><T130/><D109/><U4/><E4/><V51/><F28/><W29/><G118/><T15/><D133/><U73/><E73/><V55/><F37/><W106/><G106/><T18/><D88/><U49/><E125/><V16/><F16/><N who="0" m="6250" /><D129/><U110/><E110/><V126/><F126/><W69/><G69/><T74/><D74/><U128/><E128/><V6/><F6/><W134/><G134/><T70/><D70/><U135/><E135/><V57/><F38/><W62/><G93/><T52/><D52/><U44/><E95/><V47/><F47/><W9/><G9/><N who="0" m="4527" /><D130/><U68/><E68/><V87/><REACH who="2" step="1"/><F45/><REACH who="2" ten="230,250,240,270" step="2"/><W41/><G100/><T60/><D34/><U123/><E108/><V116/><F116/><W63/><REACH who="3" step="1"/><G59/><REACH who="3" ten="230,250,240,260" step="2"/><T98/><D32/><U40/><E105/><V31/><F31/><W112/><G112/><T39/><D30/><U46/><E46/><V53/><F53/><W124/><G124/><T14/><D39/><U13/><E103/><V78/><F78/><W36/><G36/><T77/><D27/><U56/><E56/><V48/><AGARI ba="0,2" hai="48,51,54,55,57,58,85,86,87,99,102,104,120,122" machi="48" ten="30,16000,3" yaku="1,1,0,1,9,1,52,3,53,3" doraHai="83" doraHaiUra="81" who="2" fromWho="2" sc="230,-40,250,-80,240,180,260,-40" /><INIT seed="2,0,0,4,2,16" ten="190,170,420,220" oya="2" hai0="38,129,50,25,23,86,15,102,53,89,128,19,94" hai1="13,21,121,79,3,93,132,83,90,31,30,103,64" hai2="74,69,107,6,35,5,51,114,39,1,75,80,26" hai3="43,113,32,131,87,60,56,91,85,11,8,108,68"/><V67/><F39/><W122/><G122/><T40/><D102/><U125/><E3/><V133/><F114/><W110/><G32/><T112/><D112/><U97/><E125/><V130/><F107/><W101/><G101/><T29/><D40/><U65/><E132/><V48/><F133/><W98/><G113/><T81/><D38/><U116/><E116/><V126/><F126/><W36/><G68/><T44/><REACH who="0" step="1"/><D94/><REACH who="0" ten="180,170,420,220" step="2"/><U34/><E121/><V119/><F119/><W63/><G43/><T99/><D99/><U96/><E96/><V92/><F92/><W105/><G36/><T52/><D52/><U49/><E103/><V82/><F130/><W55/><G131/><T76/><D76/><U41/><E41/><V42/><F42/><W33/><G105/><T135/><D135/><U37/><E79/><V0/><F67/><W120/><G120/><T123/><D123/><U20/><E97/><V117/><F117/><W27/><G98/><T62/><D62/><U100/><E100/><V115/><F115/><W73/><G63/><T72/><D72/><U18/><E93/><V12/><F74/><W124/><G73/><T95/><D95/><U70/><E37/><V7/><F75/><W54/><G54/><T127/><D127/><U88/><E64/><V10/><F51/><W17/><G124/><T109/><D109/><U4/><E49/><V134/><F48/><W45/><G110/><T118/><D118/><U46/><E65/><V71/><F134/><W57/><G108/><T24/><D24/><U2/><E83/><V58/><F82/><W61/><G60/><RYUUKYOKU ba="0,1" sc="180,30,170,-10,420,-10,220,-10" hai0="15,19,23,25,29,44,50,53,81,86,89,128,129" /><INIT seed="3,1,1,1,2,132" ten="210,160,410,210" oya="3" hai0="18,28,14,79,33,27,125,40,3,61,56,110,96" hai1="87,94,7,97,134,64,108,118,8,47,10,70,80" hai2="37,86,90,38,89,46,55,71,74,78,12,122,69" hai3="53,128,24,117,127,114,91,52,115,109,59,32,112"/><W99/><G117/><T42/><D3/><U66/><E108/><V73/><F122/><W13/><G128/><T131/><D110/><U16/><E134/><V44/><F12/><W72/><G72/><T67/><D131/><U5/><E47/><V106/><F86/><W57/><G109/><T23/><D79/><N who="1" m="46495" /><E70/><V85/><F85/><W124/><G13/><T123/><D123/><U102/><E118/><V107/><F55/><N who="3" m="21067" /><G24/><T83/><D83/><U75/><E75/><V9/><F9/><N who="1" m="3689" /><E16/><V58/><F58/><N who="3" m="22027" /><G91/><T48/><D125/><N who="3" m="48201" /><G99/><T77/><D77/><AGARI ba="1,1" hai="37,38,44,46,69,71,73,74,77,78,89,90,106,107" machi="77" ten="25,1600,0" yaku="22,2" doraHai="132" who="2" fromWho="0" sc="210,-19,160,0,410,29,210,0" /><INIT seed="4,0,0,0,2,70" ten="191,160,439,210" oya="0" hai0="97,50,34,116,103,23,65,8,72,77,16,30,132" hai1="4,114,37,90,106,51,112,104,101,38,46,135,63" hai2="107,14,61,43,35,64,24,3,102,54,58,100,7" hai3="125,71,118,86,36,39,99,1,2,55,27,119,115"/><T129/><D116/><N who="3" m="44585" /><G86/><T123/><D123/><U74/><E135/><V84/><F3/><N who="3" m="1035" /><G55/><T79/><D129/><U75/><E4/><V62/><F43/><W40/><G40/><T121/><D121/><U120/><E120/><V5/><F84/><W28/><G99/><T12/><D132/><U53/><E63/><V80/><F80/><W110/><G110/><T18/><D34/><U130/><E130/><V26/><F107/><N who="1" m="41001" /><E90/><V41/><F41/><W83/><G83/><T17/><D65/><U44/><E101/><N who="2" m="39019" /><F35/><N who="3" m="20895" /><G115/><N who="1" m="44074" /><E46/><V94/><F61/><W73/><G125/><T49/><D72/><AGARI ba="0,0" hai="37,38,44,51,53,72,74,75" m="44074,41001" machi="72" ten="40,8000,1" yaku="15,1,11,1,52,2" doraHai="70" who="1" fromWho="0" sc="191,-80,160,80,439,0,210,0" /><INIT seed="5,0,0,0,5,14" ten="111,240,439,210" oya="1" hai0="116,127,99,85,94,108,96,95,64,123,90,84,71" hai1="86,40,57,107,73,76,59,69,49,8,10,124,129" hai2="55,51,25,62,29,18,88,121,36,2,120,111,60" hai3="83,93,100,19,21,4,58,104,101,70,17,45,117"/><U105/><E69/><V80/><F111/><W113/><G70/><T46/><D71/><U20/><E73/><V53/><F36/><W32/><G32/><T50/><D108/><U66/><E129/><V67/><F2/><W72/><G104/><T128/><D128/><U109/><E109/><V12/><F121/><W7/><G72/><T79/><D123/><U13/><E124/><V102/><F102/><N who="3" m="39531" /><G113/><T43/><D127/><U134/><E134/><V54/><F120/><W103/><G83/><T75/><D116/><U47/><E105/><V125/><F125/><W38/><G38/><T34/><D34/><U24/><E66/><V5/><F5/><N who="3" m="2123" /><G45/><T97/><D64/><U1/><E1/><V30/><F51/><W81/><G81/><T6/><D6/><N who="1" m="3223" /><E10/><N who="2" m="6423" /><F25/><W26/><G58/><T126/><D126/><U27/><E27/><V0/><F0/><W52/><G117/><T135/><D135/><U44/><E44/><V39/><F39/><W112/><G112/><T42/><D75/><U28/><E107/><V68/><F68/><W118/><G118/><T33/><D33/><U37/><E37/><V16/><F67/><W41/><G41/><T22/><D22/><U130/><E130/><V35/><F35/><W9/><G9/><T78/><REACH who="0" step="1"/><D43/><REACH who="0" ten="101,240,439,210" step="2"/><U91/><E20/><V65/><F65/><W131/><G131/><T98/><N who="0" m="25088" /><DORA hai="56" /><T77/><D77/><U119/><E76/><V61/><F54/><W92/><G103/><T110/><D110/><U31/><E119/><V48/><F53/><W106/><G52/><T89/><AGARI ba="0,1" hai="42,46,50,78,79,84,85,89,90,94,95" m="25088" machi="89" ten="40,12000,2" yaku="1,1,0,1,9,1,8,1,53,2" doraHai="14,56" doraHaiUra="15,74" who="0" fromWho="0" sc="101,130,240,-60,439,-30,210,-30" /><INIT seed="6,0,0,2,4,29" ten="231,180,409,180" oya="2" hai0="56,61,92,129,110,45,3,123,133,15,70,120,89" hai1="132,63,82,75,47,52,135,72,77,111,22,69,84" hai2="41,44,109,16,1,10,115,117,125,114,49,105,79" hai3="100,86,103,48,62,34,57,85,9,127,73,14,116"/><V23/><F105/><W30/><G73/><T58/><D3/><U25/><E111/><V121/><F117/><W101/><G116/><T12/><D110/><U64/><E47/><V78/><F109/><W33/><G30/><T81/><D129/><U51/><E51/><V67/><F67/><W40/><G127/><T55/><D133/><N who="1" m="51275" /><E52/><V24/><F125/><W38/><G38/><T13/><D70/><U106/><E106/><V124/><F121/><W39/><G39/><T37/><D81/><U53/><E53/><V2/><F124/><W107/><G107/><T11/><D11/><U98/><E98/><V68/><F68/><W31/><G31/><AGARI ba="0,0" hai="22,25,31,63,64,69,72,75,77,82,84" m="51275" machi="31" ten="30,1000,0" yaku="20,1" doraHai="29" who="1" fromWho="3" sc="231,0,180,10,409,0,180,-10" /><INIT seed="7,0,0,4,0,99" ten="231,190,409,170" oya="3" hai0="91,8,54,83,118,127,93,23,48,18,46,117,1" hai1="47,51,121,111,97,109,88,28,123,0,44,12,125" hai2="100,78,27,30,34,3,66,31,75,120,53,86,35" hai3="16,33,124,26,36,69,131,20,61,126,62,49,113"/><W96/><G36/><T130/><D127/><N who="3" m="48681" /><G113/><T135/><D130/><U80/><E125/><V79/><F3/><W29/><G131/><T92/><D135/><U4/><E0/><V71/><F75/><W68/><G49/><T6/><D83/><U112/><E28/><V5/><F5/><W119/><G119/><T102/><D102/><U11/><E112/><V84/><F53/><W70/><G96/><T107/><D107/><U41/><E47/><V94/><F66/><W22/><G33/><T133/><D93/><U38/><E38/><V10/><F10/><W85/><G85/><T24/><D133/><U63/><E63/><V13/><F13/><AGARI ba="0,0" hai="13,16,20,22,26,29,61,62,68,69,70" m="48681" machi="13" ten="40,3900,0" yaku="18,1,54,1" doraHai="99" who="3" fromWho="2" sc="231,0,190,0,409,-39,170,39" /><INIT seed="7,1,0,4,0,106" ten="231,190,370,209" oya="3" hai0="120,67,50,52,66,117,111,0,63,45,89,72,104" hai1="85,41,127,119,24,131,26,101,80,60,11,68,19" hai2="91,96,78,130,49,122,79,93,35,135,65,83,64" hai3="33,123,77,39,23,114,6,2,134,57,43,76,70"/><W129/><G123/><T81/><D111/><U75/><E41/><V74/><F122/><W97/><G33/><T42/><D120/><U58/><E68/><V92/><F130/><W133/><G70/><T32/><D32/><U87/><E131/><V16/><F35/><W116/><G129/><T3/><D104/><U61/><E101/><V27/><F135/><N who="3" m="51723" /><G114/><T21/><D117/><U10/><E119/><V7/><F7/><W12/><G116/><T84/><D72/><U51/><E127/><V62/><F79/><N who="3" m="30283" /><G57/><N who="0" m="35239" /><D3/><U112/><E112/><V126/><F126/><W36/><G43/><T55/><D0/><U48/><E75/><V28/><F74/><W47/><G47/><T124/><D124/><U30/><E30/><V34/><F78/><W31/><G2/><T118/><D118/><U13/><E10/><V18/><F28/><W1/><G1/><T54/><D21/><U100/><E100/><V15/><F34/><W113/><G113/><T73/><D73/><U25/><E80/><V132/><F132/><W99/><G31/><T20/><D20/><U86/><REACH who="1" step="1"/><E60/><REACH who="1" ten="231,180,370,209" step="2"/><V128/><F62/><W69/><G69/><T121/><D121/><U110/><E110/><V37/><F83/><W71/><G71/><T4/><D4/><U53/><AGARI ba="1,1" hai="11,13,19,24,25,26,48,51,53,58,61,85,86,87" machi="53" ten="30,4000,0" yaku="1,1,0,1,8,1,53,0" doraHai="106" doraHaiUra="29" who="1" fromWho="1" sc="231,-11,180,53,370,-11,209,-21" owari="220,-18.0,233,3.0,359,46.0,188,-31.0" /></mjloggm>