<mjloggm ver="2.3"><GO type="41" lobby="0"/><UN n0="%E5%B0%B1%E6%B4%BB%E7%94%9F%40%E5%B7%9D%E6%9D%91%E8%BB%8D%E5%9B%A3" n1="%61%6E%61%72%61%73%61" n2="%E3%81%BC%E3%82%8B%E3%81%97%E3%81%A1" n3="%E6%98%8E%E9%87%8E%E7%BE%8E%E6%98%9F" dan="16,14,15,13" rate="2074.11,1952.75,1995.70,1877.50" sx="M,M,M,M"/><TAIKYOKU oya="0"/><INIT seed="0,0,0,3,3,39" ten="250,250,250,250" oya="0" hai0="122,29,106,34,35,102,117,2,24,30,119,124,68" hai1="131,88,65,83,56,51,133,67,13,59,41,95,69" hai2="77,110,25,129,91,78,38,82,85,60,10,52,62" hai3="72,47,76,108,14,63,123,134,17,105,1,79,84"/><T32/><D122/><U15/><E69/><V97/><F110/><W5/><G72/><T104/><D124/><U109/><E109/><V99/><F129/><W93/><G105/><T111/><D111/><U116/><E116/><V86/><F38/><W37/><G63/><T33/><D30/><U11/><E83/><V50/><F10/><W40/><G123/><T101/><D2/><U107/><E107/><V100/><F25/><W132/><G108/><T112/><D112/><U12/><E11/><V54/><F54/><W74/><G74/><T70/><D102/><U114/><E114/><V45/><F99/><W57/><G57/><N who="1" m="22090" /><E131/><V20/><F20/><N who="3" m="11319" /><G5/><T9/><D9/><U48/><E133/><N who="3" m="51306" /><G1/><T90/><D90/><AGARI ba="0,0" hai="37,40,47,76,79,84,90,93" m="51306,11319" machi="90" ten="30,2000,0" yaku="20,1,52,1" doraHai="39" who="3" fromWho="0" sc="250,-20,250,0,250,0,250,20" /><INIT seed="1,0,0,5,3,124" ten="230,250,250,270" oya="1" hai0="75,61,28,92,9,33,132,77,44,30,84,112,131" hai1="128,55,60,119,93,59,27,130,20,91,103,90,79" hai2="26,13,67,7,68,94,74,113,52,115,22,2,11" hai3="64,15,14,135,53,82,114,32,129,0,101,63,108"/><U98/><E119/><V42/><F74/><W43/><G32/><T8/><D75/><U104/><E79/><V81/><F81/><W118/><G0/><T35/><D112/><N who="2" m="43082" /><F42/><W121/><G43/><T17/><D132/><U56/><E59/><V111/><F111/><W36/><G36/><T87/><D61/><U37/><E37/><V70/><F67/><W34/><G34/><T120/><D120/><U4/><E4/><V3/><F94/><W95/><G95/><T51/><D92/><U38/><E38/><V45/><F3/><W102/><G53/><T100/><D100/><U57/><E56/><V116/><F116/><W127/><G82/><T85/><D77/><U5/><E5/><V31/><F2/><W46/><G101/><T122/><D122/><U126/><E126/><V23/><F22/><W29/><G127/><T83/><D83/><U12/><E12/><V117/><F117/><W97/><G102/><T21/><D35/><U54/><E55/><V25/><F25/><W80/><G80/><T48/><D33/><U58/><E57/><V40/><F40/><W10/><G46/><T16/><D44/><U6/><E6/><V133/><F133/><W78/><G135/><T99/><D85/><N who="1" m="52431" /><E91/><V73/><F73/><W107/><G78/><T110/><D110/><U41/><E41/><V105/><F105/><W50/><G107/><T49/><D99/><U76/><E76/><V89/><F89/><W123/><G108/><T69/><D69/><N who="2" m="26730" /><F45/><W88/><G118/><T1/><D1/><U47/><E47/><V24/><F24/><W106/><G114/><RYUUKYOKU ba="0,0" sc="230,-15,250,15,250,15,270,-15" hai1="20,27,54,58,60,98,103,104,128,130" hai2="7,11,13,23,26,31,52" /><INIT seed="1,1,0,5,4,98" ten="215,265,265,255" oya="1" hai0="40,127,15,126,59,30,79,97,100,80,21,45,93" hai1="106,105,11,34,60,104,94,70,74,128,2,42,41" hai2="13,31,63,96,101,129,125,109,65,54,44,88,99" hai3="102,16,90,22,117,32,71,29,87,25,66,72,46"/><U119/><E119/><V111/><F129/><W75/><G117/><T8/><D59/><U56/><E74/><V12/><F125/><W82/><G66/><T85/><D21/><U37/><E70/><V53/><F31/><W7/><G71/><T132/><D30/><U38/><E34/><V81/><F44/><W10/><G46/><T115/><D115/><U64/><E128/><V1/><F1/><W131/><G131/><T116/><D116/><U19/><E94/><N who="2" m="56391" /><F81/><W92/><G82/><T123/><D123/><U57/><E57/><N who="2" m="37103" /><F12/><W134/><G134/><T91/><D132/><U113/><E113/><V118/><F118/><W135/><G135/><T6/><REACH who="0" step="1"/><D91/><REACH who="0" ten="205,265,265,255" step="2"/><U69/><E56/><V52/><F109/><W122/><G122/><T83/><D83/><U112/><E112/><V18/><F111/><W61/><G61/><T124/><D124/><U5/><REACH who="1" step="1"/><E19/><REACH who="1" ten="205,255,265,255" step="2"/><V0/><F18/><W62/><G62/><T77/><D77/><U78/><E78/><V107/><F107/><W49/><G29/><T121/><D121/><U43/><AGARI ba="1,2" hai="2,5,11,37,38,41,42,43,60,64,69,104,105,106" machi="43" ten="40,3900,0" yaku="1,1,0,1,53,0" doraHai="98" doraHaiUra="9" who="1" fromWho="1" sc="205,-14,255,62,265,-14,255,-14" /><INIT seed="1,2,0,0,3,15" ten="191,317,251,241" oya="1" hai0="2,128,76,62,40,53,119,127,50,116,125,34,94" hai1="16,5,105,111,118,27,101,46,85,60,11,86,109" hai2="99,110,39,7,49,72,67,36,79,41,88,31,21" hai3="93,114,30,10,43,32,75,130,68,19,14,80,52"/><U121/><E118/><N who="0" m="45097" /><D76/><U69/><E121/><V61/><F110/><N who="1" m="41993" /><E101/><V0/><F72/><W126/><G68/><T9/><D34/><U90/><E105/><V117/><F79/><W104/><G104/><T95/><D2/><N who="1" m="439" /><E46/><V100/><F117/><W106/><G106/><T4/><D4/><U28/><E90/><V98/><F7/><W131/><G43/><T92/><D9/><U33/><E69/><V45/><F0/><W22/><G114/><T84/><D128/><U29/><E60/><V47/><F47/><W1/><G126/><N who="0" m="48139" /><D62/><U38/><E38/><V81/><F39/><W48/><G131/><T134/><D40/><U82/><E82/><V74/><F36/><W96/><G80/><T129/><D129/><U115/><E115/><V56/><F74/><W51/><G75/><T18/><D134/><U57/><E57/><V54/><F81/><W3/><G130/><T59/><D84/><N who="1" m="32363" /><E33/><V108/><F108/><W135/><G32/><T132/><D132/><U71/><E71/><V64/><F41/><W58/><G135/><T113/><D113/><U35/><E35/><V87/><F87/><W20/><G51/><T133/><D133/><U12/><E27/><N who="2" m="16879" /><F49/><W102/><G1/><T73/><D73/><U70/><E70/><V123/><F45/><W77/><G3/><T66/><D66/><U44/><E44/><V13/><F67/><W23/><G77/><T65/><D65/><U103/><E103/><V6/><F64/><W17/><G30/><T26/><D26/><AGARI ba="2,0" hai="10,14,17,19,20,22,23,26,48,52,58,93,96,102" machi="26" ten="30,8000,1" yaku="7,1,8,1,52,2,54,1" doraHai="15" who="3" fromWho="0" sc="191,-86,317,0,251,0,241,86" /><INIT seed="2,0,0,3,3,28" ten="105,317,251,327" oya="2" hai0="67,85,51,103,7,89,128,14,0,1,13,77,97" hai1="55,113,119,107,130,62,96,127,83,111,43,117,8" hai2="75,79,32,91,57,61,11,112,12,48,114,94,82" hai3="120,100,35,74,84,95,109,76,122,45,105,53,39"/><V36/><F36/><W132/><G39/><T49/><D128/><U37/><E113/><V18/><F48/><W56/><G45/><T17/><D77/><U42/><E107/><V44/><F44/><W34/><G132/><T21/><D67/><U22/><E43/><V98/><REACH who="2" step="1"/><F32/><REACH who="2" ten="105,317,241,327" step="2"/><W41/><G34/><T123/><D123/><U124/><E37/><V9/><F9/><W60/><G35/><T58/><D58/><U15/><E8/><V116/><F116/><W72/><G122/><T104/><D51/><U4/><E119/><V63/><F63/><W40/><G120/><T92/><D49/><U87/><E117/><V81/><F81/><W108/><G60/><T30/><D30/><U70/><E42/><V10/><F10/><W31/><G56/><T46/><D46/><U80/><E80/><V99/><F99/><W47/><G40/><T134/><D134/><U115/><E96/><V16/><F16/><W88/><G41/><T131/><D131/><U27/><E62/><V59/><F59/><W68/><G47/><T38/><D38/><U90/><E83/><V102/><F102/><W135/><G135/><T54/><D54/><AGARI ba="0,1" hai="11,12,18,54,57,61,75,79,82,91,94,98,112,114" machi="54" ten="30,2900,0" yaku="1,1,7,1,53,0" doraHai="28" doraHaiUra="20" who="2" fromWho="0" sc="105,-29,317,0,241,39,327,0" /><INIT seed="2,1,0,0,5,82" ten="76,317,280,327" oya="2" hai0="108,3,22,16,105,33,130,133,29,37,102,10,85" hai1="99,123,76,113,47,75,95,70,68,27,57,93,86" hai2="114,64,112,25,74,30,21,131,90,98,65,115,48" hai3="103,84,32,59,71,56,45,91,28,53,135,13,129"/><V72/><F131/><W127/><G71/><T79/><D37/><U100/><E113/><V132/><F132/><W0/><G0/><T121/><D121/><U77/><E123/><V69/><F48/><W35/><G135/><T96/><D133/><U11/><E70/><V39/><F39/><W80/><G129/><T128/><D108/><U2/><E68/><V50/><F50/><W42/><G103/><T49/><D33/><U87/><E75/><V104/><F65/><W44/><G28/><T36/><D36/><U109/><E2/><V63/><F104/><W118/><G118/><T38/><D38/><U20/><E47/><V97/><F98/><W119/><G119/><T51/><D29/><N who="1" m="17639" /><E109/><V17/><REACH who="2" step="1"/><F30/><REACH who="2" ten="76,317,270,327" step="2"/><W101/><G42/><T111/><D130/><U34/><E34/><V31/><F31/><W19/><G32/><T5/><D128/><U61/><E11/><V89/><F89/><W134/><G35/><T40/><D40/><U125/><E125/><V55/><F55/><W83/><G127/><T46/><D111/><U107/><E107/><V122/><F122/><W6/><G134/><T66/><D66/><N who="1" m="39215" /><E95/><AGARI ba="1,1" hai="17,21,25,63,64,69,72,74,90,95,97,112,114,115" machi="95" ten="40,3900,0" yaku="1,1,53,1" doraHai="82" doraHaiUra="67" who="2" fromWho="1" sc="76,0,317,-42,270,52,327,0" /><INIT seed="2,2,0,4,2,53" ten="76,275,322,327" oya="2" hai0="99,83,40,128,5,67,27,15,88,94,119,133,75" hai1="33,35,104,87,126,25,10,38,45,36,23,63,66" hai2="118,89,76,46,74,124,108,11,131,96,90,12,37" hai3="17,79,121,125,77,49,111,64,130,92,1,120,114"/><V135/><F118/><W8/><G1/><T78/><D119/><U73/><E73/><V57/><F124/><W6/><G6/><T4/><D128/><U54/><E104/><V69/><F131/><W103/><G8/><T56/><D133/><U80/><E126/><V109/><F69/><W19/><G49/><T100/><D40/><U132/><E35/><V16/><F135/><W41/><G41/><T115/><D115/><U123/><E33/><V21/><F37/><W14/><G14/><T106/><D27/><U39/><E132/><V71/><F71/><W43/><G43/><T129/><D129/><U65/><E10/><V32/><F32/><W3/><G3/><T60/><REACH who="0" step="1"/><D15/><REACH who="0" ten="66,275,322,327" step="2"/><U116/><E116/><V93/><F11/><W68/><G130/><T31/><D31/><N who="1" m="17855" /><E36/><V34/><F12/><W55/><G114/><T44/><D44/><U61/><E39/><V113/><F46/><W59/><G125/><T7/><D7/><U48/><E38/><V51/><F113/><W24/><G24/><T86/><AGARI ba="2,1" hai="4,5,56,60,67,75,78,83,86,88,94,99,100,106" machi="86" ten="20,16000,3" yaku="1,1,0,1,7,1,24,2,52,1,54,1,53,1" doraHai="53" doraHaiUra="101" who="0" fromWho="0" sc="66,176,275,-42,322,-82,327,-42" /><INIT seed="3,0,0,1,2,41" ten="242,233,240,285" oya="3" hai0="1,44,16,116,49,7,113,58,104,43,3,93,27" hai1="88,95,9,34,119,14,78,54,122,97,77,90,86" hai2="108,125,64,17,20,107,92,73,72,85,56,106,68" hai3="21,10,129,47,65,98,57,62,103,30,8,23,76"/><W112/><G112/><T89/><D104/><U4/><E122/><V105/><F68/><W84/><G129/><T2/><D116/><U123/><E34/><V12/><F108/><W111/><G111/><T11/><D113/><U120/><E119/><V115/><F115/><W32/><G32/><T31/><D58/><U6/><E120/><V74/><F125/><W29/><G29/><T55/><D43/><U35/><E35/><V52/><F64/><W70/><G70/><T121/><D121/><U67/><E123/><V133/><F133/><W71/><G71/><T94/><D94/><U18/><E67/><V0/><F0/><W91/><G76/><T117/><D117/><U5/><REACH who="1" step="1"/><E54/><REACH who="1" ten="242,223,240,285" step="2"/><V13/><F13/><W101/><G101/><T42/><D55/><U39/><E39/><V46/><F46/><W110/><G110/><T69/><D69/><U102/><E102/><V33/><F33/><W37/><G37/><T135/><D135/><U19/><E19/><V26/><F12/><W50/><G30/><T131/><D31/><U61/><E61/><V100/><F100/><W124/><G124/><T22/><REACH who="0" step="1"/><D131/><REACH who="0" ten="232,223,240,285" step="2"/><U130/><E130/><V66/><F66/><W40/><G103/><T82/><D82/><AGARI ba="0,2" hai="4,5,6,9,14,18,77,78,82,86,88,90,95,97" machi="82" ten="40,5200,0" yaku="1,1,8,1,54,1,53,0" doraHai="41" doraHaiUra="127" who="1" fromWho="0" sc="232,-52,223,72,240,0,285,0" /><INIT seed="4,0,0,4,0,35" ten="180,295,240,285" oya="0" hai0="20,31,91,14,72,40,101,97,111,86,63,77,15" hai1="116,56,44,109,76,84,45,119,67,33,114,64,83" hai2="129,93,80,128,75,103,96,131,17,73,13,107,55" hai3="1,134,12,19,117,30,36,48,81,5,37,118,3"/><T121/><D121/><U65/><E33/><V41/><F41/><W58/><G30/><T61/><D111/><U74/><E109/><V69/><F69/><W90/><G134/><T82/><D40/><U94/><E56/><V8/><F55/><W39/><G5/><T126/><D126/><U78/><E114/><V79/><F73/><W21/><G118/><T11/><D15/><U47/><E94/><AGARI ba="0,0" hai="8,13,17,75,79,80,93,94,96,103,107,128,129,131" machi="94" ten="40,1300,0" yaku="19,1" doraHai="35" who="2" fromWho="1" sc="180,0,295,-13,240,13,285,0" /><INIT seed="5,0,0,1,5,52" ten="180,282,253,285" oya="1" hai0="43,63,40,67,48,71,2,111,110,27,94,12,49" hai1="116,130,32,14,70,84,20,18,23,22,106,39,131" hai2="134,42,46,0,28,101,103,41,104,80,21,79,13" hai3="85,118,83,34,90,16,37,126,100,96,122,86,36"/><U92/><E106/><V127/><F0/><W105/><G34/><T60/><D2/><U119/><E70/><V128/><F128/><N who="1" m="49193" /><E39/><V47/><F127/><W35/><G35/><T53/><D27/><U97/><E84/><V69/><F134/><W59/><G122/><T9/><D94/><U133/><E92/><V113/><F113/><W56/><G86/><T132/><D12/><U66/><E66/><V93/><F69/><W51/><G118/><N who="1" m="45098" /><E97/><V73/><F104/><W17/><G126/><T125/><D9/><N who="1" m="6479" /><E32/><V45/><F93/><W61/><G105/><T55/><D125/><U76/><E76/><V10/><F42/><N who="0" m="15914" /><D132/><AGARI ba="0,0" hai="20,22,23,132,133" m="6479,45098,49193" machi="132" ten="40,7700,0" yaku="19,1,34,2" doraHai="52" who="1" fromWho="0" sc="180,-77,282,77,253,0,285,0" /><INIT seed="5,1,0,4,0,17" ten="103,359,253,285" oya="1" hai0="19,123,35,115,11,120,38,116,7,83,105,117,68" hai1="113,69,22,49,73,106,82,10,8,4,3,16,86" hai2="46,18,114,122,45,14,132,2,56,94,9,50,128" hai3="62,32,37,65,98,66,118,74,54,61,25,100,23"/><U60/><E106/><V112/><F122/><W34/><G74/><T131/><D83/><U102/><E102/><V12/><F2/><W130/><G37/><T87/><D87/><U92/><E8/><V99/><F128/><W90/><G118/><T55/><D55/><U111/><E73/><V24/><F132/><W58/><G130/><T6/><D105/><U42/><E92/><V97/><F56/><W44/><G44/><T0/><D68/><U104/><E104/><V51/><F24/><W127/><G127/><T91/><D91/><U126/><E126/><V36/><F36/><W79/><G79/><T72/><D72/><U5/><E5/><V33/><F33/><W39/><G39/><T52/><D52/><U110/><E113/><N who="2" m="43627" /><F14/><W84/><G66/><T133/><D38/><U77/><E69/><V67/><F67/><W70/><G100/><T134/><D115/><U1/><E1/><V85/><F85/><W43/><G43/><T95/><D95/><U31/><E31/><V119/><F119/><W71/><G71/><T21/><D35/><U75/><E75/><V27/><F99/><W81/><G98/><T53/><D53/><U48/><E60/><V26/><F46/><W63/><G63/><T15/><D131/><U76/><E42/><N who="2" m="24887" /><F51/><W109/><REACH who="3" step="1"/><G109/><REACH who="3" ten="103,359,253,275" step="2"/><N who="1" m="41482" /><E77/><V108/><F108/><W78/><G78/><T135/><REACH who="0" step="1"/><D7/><REACH who="0" ten="93,359,253,275" step="2"/><U59/><E59/><V101/><AGARI ba="1,2" hai="9,12,18,26,27,94,97,101" m="24887,43627" machi="101" ten="30,2000,0" yaku="15,1,11,1" doraHai="17" who="2" fromWho="2" sc="93,-6,359,-11,253,43,275,-6" /><INIT seed="6,0,0,5,3,108" ten="87,348,296,269" oya="2" hai0="91,33,77,133,36,94,20,0,24,117,51,37,23" hai1="71,30,50,16,87,18,111,2,44,43,134,53,85" hai2="9,97,116,112,17,63,54,6,123,113,88,26,110" hai3="84,115,99,129,60,90,93,38,89,73,47,46,27"/><V86/><F123/><W21/><G73/><T92/><D117/><U130/><E111/><V66/><F110/><W69/><G38/><T3/><D133/><U119/><E119/><V78/><F116/><W80/><G129/><T72/><D51/><N who="1" m="27039" /><E71/><V103/><F54/><W19/><G69/><T29/><D72/><U62/><E62/><V12/><F78/><W67/><G67/><T32/><D77/><U56/><E2/><V65/><F26/><W121/><G121/><T95/><D91/><U122/><E122/><V14/><F97/><W135/><G135/><T22/><D24/><U55/><E30/><V1/><F103/><W35/><G35/><T104/><D104/><U48/><E130/><V31/><F31/><W118/><G118/><T79/><D79/><U10/><E134/><V4/><F6/><W76/><G76/><T124/><D29/><U28/><E28/><V59/><F66/><W83/><G83/><T114/><D114/><N who="2" m="44138" /><F17/><N who="1" m="6761" /><E10/><V109/><F109/><W105/><G105/><T61/><D61/><U100/><E100/><V82/><AGARI ba="0,0" hai="1,4,9,12,14,59,63,65,82,86,88" m="44138" machi="82" ten="30,12000,1" yaku="15,1,52,3,54,1" doraHai="108" who="2" fromWho="2" sc="87,-40,348,-40,296,120,269,-40" /><INIT seed="6,1,0,5,4,14" ten="47,308,416,229" oya="2" hai0="72,74,103,81,104,66,115,9,89,82,50,25,86" hai1="46,96,105,68,98,61,35,65,15,113,114,27,134" hai2="67,21,4,88,119,130,5,19,109,45,60,55,107" hai3="78,52,118,99,129,8,48,120,43,123,125,76,29"/><V6/><F119/><W117/><G29/><T62/><D115/><N who="1" m="44043" /><E134/><V116/><F116/><W90/><G43/><T47/><D104/><U22/><E105/><V73/><F107/><W39/><G39/><T112/><D112/><U42/><E15/><V11/><F73/><W122/><G118/><T17/><D103/><U32/><E98/><V18/><F130/><W93/><G117/><T56/><D81/><U59/><E59/><N who="2" m="37279" /><F109/><W75/><G75/><T40/><D74/><U102/><E96/><V31/><F11/><W133/><G133/><T13/><D72/><U100/><E100/><V135/><F135/><W77/><G129/><T64/><REACH who="0" step="1"/><D25/><REACH who="0" ten="37,308,416,229" step="2"/><U12/><E102/><V51/><F88/><W83/><G83/><T30/><D30/><N who="1" m="17783" /><E12/><V94/><F94/><W87/><G123/><T33/><D33/><U23/><E23/><V127/><F31/><W37/><G122/><T85/><D85/><U92/><E92/><V80/><F80/><W128/><G99/><T95/><D95/><U10/><E10/><V7/><F21/><W38/><G120/><T108/><D108/><U16/><E35/><V91/><F91/><W131/><G8/><T49/><D49/><N who="1" m="26839" /><E32/><V44/><F51/><W0/><G0/><T1/><D1/><U3/><E3/><V132/><F132/><W20/><G20/><T110/><D110/><U84/><E84/><V71/><N who="2" m="1536" /><DORA hai="2" /><V121/><F121/><W28/><G28/><T41/><D41/><U36/><E36/><V54/><F45/><W106/><G37/><T79/><D79/><U63/><E63/><V69/><F44/><RYUUKYOKU ba="1,1" sc="37,15,308,15,416,-15,229,-15" hai0="9,13,17,40,47,50,56,62,64,66,82,86,89" hai1="16,61,65,68" /><INIT seed="7,2,1,2,4,77" ten="52,323,401,214" oya="3" hai0="6,15,61,21,133,53,49,83,3,116,96,129,9" hai1="105,56,100,119,63,86,22,74,72,118,99,2,125" hai2="38,34,132,88,5,40,47,111,43,48,78,60,13" hai3="93,71,59,26,84,0,98,17,1,95,128,35,12"/><W42/><G71/><T134/><D116/><N who="1" m="44587" /><E56/><V67/><F34/><W25/><G128/><T41/><D129/><U11/><E11/><V16/><F5/><W135/><G135/><T69/><D69/><U27/><E22/><V23/><F132/><W87/><G42/><T73/><D134/><U126/><E63/><V75/><F111/><W123/><G35/><T7/><D133/><U80/><E27/><N who="3" m="10250" /><G0/><T31/><D41/><U50/><E50/><V97/><F38/><W131/><G1/><T94/><D31/><U65/><E65/><V70/><F40/><W101/><G131/><T18/><D61/><U117/><N who="1" m="44595" /><U20/><DORA hai="76" /><E20/><V108/><F108/><W68/><G68/><T24/><D6/><U130/><E2/><V36/><F36/><W32/><G32/><T81/><D73/><N who="1" m="28267" /><E130/><V10/><F10/><N who="3" m="6295" /><G59/><T55/><D3/><U39/><E39/><V113/><F70/><W121/><G121/><T127/><D127/><U104/><E104/><V19/><F19/><W107/><G123/><T54/><REACH who="0" step="1"/><D49/><REACH who="0" ten="42,323,401,214" step="2"/><U37/><E37/><V85/><F48/><W33/><G33/><T64/><D64/><U90/><AGARI ba="2,2" hai="80,86,90,99,100,105,125,126" m="28267,44595" machi="90" ten="50,8000,1" yaku="12,1,34,2,52,2" doraHai="77,76" who="1" fromWho="1" sc="42,-22,323,106,401,-22,214,-42" owari="20,-48.0,429,53.0,379,18.0,172,-23.0" /></mjloggm>