<mjloggm ver="2.3"><GO type="169" lobby="0"/><UN n0="%62%75%74%69%74%61%6D%61" n1="%E3%82%A6%E3%83%AB%E3%83%88%E3%83%A9%E7%AB%8B%E7%9B%B4" n2="%E3%81%8D%E3%81%BF%E3%81%9F%E3%81%BE%E3%81%94" n3="%E9%BE%8D%E4%BC%AF" dan="17,18,16,16" rate="2143.36,2225.46,2151.41,2052.01" sx="M,M,M,M"/><TAIKYOKU oya="0"/><INIT seed="0,0,0,0,2,55" ten="250,250,250,250" oya="0" hai0="0,99,41,133,60,69,109,56,121,59,123,119,34" hai1="111,96,135,91,31,8,76,95,80,46,118,14,10" hai2="86,32,26,82,77,68,57,11,79,124,15,1,81" hai3="33,94,28,129,126,51,63,17,25,116,88,93,4"/><T16/><D0/><U67/><E118/><V72/><F68/><W61/><G129/><T114/><D119/><U54/><E111/><V127/><F1/><W104/><G104/><T113/><D34/><U52/><E135/><V19/><F57/><N who="0" m="22090" /><D99/><U42/><E31/><V23/><REACH who="2" step="1"/><F32/><REACH who="2" ten="250,250,240,250" step="2"/><W74/><G116/><T120/><D133/><U62/><E62/><V115/><F115/><W48/><G63/><T24/><D113/><U44/><E67/><V102/><F102/><W112/><G61/><T9/><D114/><U105/><E46/><V107/><F107/><W53/><G112/><T101/><D101/><U20/><E105/><V50/><F50/><W103/><G51/><T125/><D60/><U29/><E10/><V73/><F73/><W27/><G74/><T70/><D9/><U2/><E2/><V90/><F90/><W131/><G48/><T130/><D130/><U21/><E21/><V75/><F75/><W18/><G131/><T108/><D125/><U89/><E20/><V106/><F106/><W65/><G126/><T122/><D122/><U30/><E91/><V49/><F49/><W66/><G88/><T97/><D41/><U64/><E42/><V85/><F85/><W5/><G33/><T71/><D97/><U12/><E8/><V128/><F128/><W7/><G103/><T132/><D132/><U84/><E84/><V78/><F78/><W40/><G40/><T92/><D109/><U47/><E96/><V13/><F13/><W87/><G66/><T6/><D108/><U83/><E64/><V58/><F58/><W3/><G65/><RYUUKYOKU ba="0,1" sc="250,-10,250,-10,240,30,250,-10" hai2="11,15,19,23,26,72,77,79,81,82,86,124,127" /><INIT seed="1,1,1,1,0,19" ten="240,240,270,240" oya="1" hai0="23,28,84,115,105,9,112,131,1,110,71,47,38" hai1="29,95,133,104,31,30,97,22,78,52,106,76,8" hai2="51,42,107,13,4,27,66,123,126,14,114,59,41" hai3="128,93,53,34,116,134,33,85,57,24,96,3,87"/><U48/><E133/><V89/><F107/><W73/><G3/><T74/><D84/><U79/><E8/><V129/><F123/><W63/><G73/><T68/><D47/><N who="1" m="27679" /><E106/><V121/><F121/><W94/><G128/><T70/><D74/><U125/><E104/><V60/><F129/><W12/><G134/><T91/><D105/><U16/><E125/><V119/><F126/><W62/><G12/><T69/><D38/><U99/><E95/><V120/><F119/><W45/><G45/><T40/><D70/><U98/><E31/><V43/><F4/><W32/><G94/><T109/><D131/><U58/><E58/><V117/><F117/><W86/><G116/><T101/><D1/><U100/><E100/><V82/><F114/><W83/><G34/><T18/><D101/><U61/><E61/><V122/><F51/><W50/><G33/><T5/><D28/><U81/><E81/><V49/><F49/><W102/><G83/><T7/><D9/><U113/><E113/><V17/><F122/><W44/><G57/><T75/><D75/><U130/><E130/><V127/><F127/><W26/><G32/><T65/><D115/><U37/><E37/><V135/><F135/><W15/><G63/><T108/><D112/><U6/><E6/><V92/><F82/><W124/><G62/><T55/><D7/><U2/><E2/><V20/><F120/><W56/><G56/><T64/><D5/><U35/><E35/><V36/><F36/><W0/><G0/><T77/><D69/><U80/><E80/><V39/><F39/><W118/><G124/><RYUUKYOKU ba="1,1" sc="240,-15,240,15,270,15,240,-15" hai1="16,22,29,30,76,78,79,97,98,99" hai2="13,14,17,20,27,41,42,43,59,60,66,89,92" /><INIT seed="1,2,1,2,2,103" ten="225,255,285,225" oya="1" hai0="111,98,57,86,92,39,99,81,122,3,74,53,118" hai1="116,80,101,51,93,60,49,28,55,38,35,47,10" hai2="120,121,5,67,82,65,8,70,84,26,21,19,9" hai3="94,117,27,1,133,29,63,112,85,11,69,113,25"/><U119/><E38/><V48/><F70/><W75/><G75/><T91/><D3/><U124/><E124/><V104/><F104/><W16/><G133/><T78/><D39/><U106/><E106/><V107/><F107/><W134/><G134/><T128/><D118/><U125/><E125/><V110/><F110/><W13/><G117/><T62/><D111/><U54/><E60/><V58/><F120/><W44/><G44/><T41/><D41/><U64/><E64/><V20/><F20/><W18/><G63/><T127/><D127/><U30/><E35/><V77/><F121/><W2/><G94/><T45/><D45/><U22/><E10/><N who="2" m="4203" /><F5/><W108/><G85/><T96/><REACH who="0" step="1"/><D122/><REACH who="0" ten="215,255,285,225" step="2"/><U0/><E0/><V34/><F34/><W4/><G108/><T76/><D76/><U7/><E47/><V17/><F77/><W90/><G1/><T59/><D59/><U61/><E116/><V132/><F58/><W52/><G69/><T130/><AGARI ba="2,2" hai="53,57,62,74,78,81,86,91,92,96,98,99,128,130" machi="130" ten="30,2000,0" yaku="1,1,0,1,53,0" doraHai="103" doraHaiUra="31" who="0" fromWho="0" sc="215,46,255,-12,285,-7,225,-7" /><INIT seed="2,0,0,5,1,61" ten="261,243,278,218" oya="2" hai0="8,9,19,122,47,79,63,11,86,124,81,80,123" hai1="76,129,111,134,25,74,56,114,48,58,37,53,2" hai2="14,115,7,98,70,83,93,102,23,34,89,6,103" hai3="113,85,116,66,44,46,112,72,38,57,12,75,97"/><V21/><F34/><W110/><G116/><T42/><D124/><U65/><E2/><V31/><F70/><W5/><G97/><T13/><D63/><N who="1" m="38135" /><E25/><V121/><F115/><W104/><G104/><T82/><D123/><U106/><E76/><V3/><F3/><W60/><G85/><T118/><D118/><U0/><E74/><V43/><F43/><W127/><G5/><T117/><D122/><U96/><E96/><V16/><F121/><W64/><G12/><T125/><D125/><U131/><E106/><V108/><F108/><W109/><G127/><T40/><D117/><U94/><E94/><V130/><F130/><N who="1" m="49673" /><E0/><V135/><F135/><W32/><G32/><T36/><D42/><U27/><E27/><N who="2" m="16879" /><F83/><W92/><G92/><T35/><D35/><U4/><E4/><AGARI ba="0,0" hai="4,6,7,14,16,23,89,93,98,102,103" m="16879" machi="4" ten="30,2900,0" yaku="8,1,54,1" doraHai="61" who="2" fromWho="1" sc="261,0,243,-29,278,29,218,0" /><INIT seed="2,1,0,2,4,104" ten="261,214,307,218" oya="2" hai0="109,92,39,98,67,112,20,85,5,25,133,134,111" hai1="116,19,87,31,59,120,54,86,11,124,12,3,17" hai2="65,8,26,106,108,71,69,10,122,51,66,40,23" hai3="74,58,80,50,117,132,119,68,75,89,15,61,103"/><V49/><F106/><W130/><G68/><T73/><D39/><U48/><E116/><V22/><F26/><W7/><G103/><T18/><D112/><U88/><E124/><V56/><F108/><N who="0" m="41546" /><D67/><U128/><E128/><V4/><F56/><W94/><G80/><T38/><D38/><U90/><E120/><V77/><F4/><W123/><G123/><T43/><D43/><U100/><E100/><V129/><F40/><W127/><G50/><T63/><D63/><U60/><E31/><V0/><F122/><W55/><G130/><T118/><D85/><U53/><E3/><V33/><F129/><W2/><G2/><T126/><D126/><U32/><E32/><V37/><F0/><W24/><G127/><T30/><D5/><U82/><E19/><V121/><F37/><W52/><G119/><T47/><D47/><U45/><REACH who="1" step="1"/><E87/><REACH who="1" ten="261,204,307,218" step="2"/><V21/><F33/><W79/><G117/><T36/><D30/><U131/><E131/><V42/><F121/><W70/><G7/><T9/><D118/><U107/><E107/><V62/><F42/><W105/><G105/><T64/><D18/><U34/><E34/><V101/><F101/><W6/><G6/><T76/><D98/><U41/><E41/><V135/><F135/><W28/><G132/><T16/><D36/><U114/><E114/><V102/><F102/><W14/><G28/><T95/><D134/><U84/><E84/><V44/><F44/><W93/><G24/><T57/><D133/><U72/><E72/><V125/><F125/><W78/><G75/><T35/><D73/><U81/><E81/><RYUUKYOKU ba="1,1" sc="261,-10,204,30,307,-10,218,-10" hai1="11,12,17,45,48,53,54,59,60,82,86,88,90" /><INIT seed="3,2,1,4,3,6" ten="251,234,297,208" oya="3" hai0="38,93,114,1,52,109,88,116,127,101,81,121,27" hai1="98,10,92,46,90,133,22,64,126,16,71,7,120" hai2="12,62,66,20,36,124,55,77,11,72,68,35,79" hai3="63,119,61,132,47,95,84,94,112,100,87,32,134"/><W102/><G32/><T59/><D121/><U80/><E120/><V118/><F35/><W78/><G47/><T54/><D116/><U104/><E104/><V111/><F36/><W113/><G61/><T33/><D38/><U51/><E126/><V70/><F111/><W23/><G63/><T44/><D109/><U91/><E133/><V30/><F72/><W4/><G4/><T0/><D127/><U75/><E64/><V34/><F68/><W65/><G23/><T50/><D114/><U108/><E71/><V17/><F34/><W85/><G65/><T115/><D101/><N who="3" m="39017" /><G78/><T15/><D81/><U117/><E80/><V31/><F118/><W43/><G43/><T122/><D115/><N who="3" m="44105" /><G119/><T60/><D122/><U73/><E108/><V96/><F124/><W29/><G29/><N who="2" m="10761" /><F66/><W57/><G57/><T18/><D27/><U97/><E117/><V5/><F70/><W110/><G110/><T8/><REACH who="0" step="1"/><D33/><REACH who="0" ten="241,234,297,208" step="2"/><U83/><E75/><V125/><F125/><W86/><N who="3" m="21504" /><DORA hai="21" /><W76/><G76/><T56/><D56/><U48/><E73/><V135/><F77/><W9/><G9/><T19/><D19/><U69/><E83/><V45/><F79/><W42/><G42/><T26/><D26/><N who="1" m="14663" /><E69/><V106/><F11/><W128/><G128/><T89/><D89/><U99/><E91/><V3/><F17/><W39/><G39/><T67/><D67/><U82/><E82/><V129/><F129/><W131/><G131/><T28/><D28/><U24/><E24/><V123/><F123/><W130/><G130/><T53/><D53/><U49/><E46/><RYUUKYOKU ba="2,2" sc="241,10,234,10,297,-30,208,10" hai0="0,1,8,15,18,44,50,52,54,59,60,88,93" hai1="7,10,48,49,51,90,92,97,98,99" hai3="94,95,132,134" /><INIT seed="3,3,2,3,0,114" ten="251,244,267,218" oya="3" hai0="106,16,12,89,85,34,87,39,84,121,70,127,105" hai1="134,123,22,60,96,110,68,18,47,50,36,98,15" hai2="115,48,99,86,94,14,53,62,71,44,129,51,97" hai3="93,130,126,102,83,95,64,75,7,49,81,124,78"/><W0/><G64/><T26/><D39/><U23/><E123/><V91/><F129/><W104/><G7/><T54/><D70/><U5/><E110/><V45/><F115/><W120/><G49/><T24/><D121/><U117/><E134/><V56/><F71/><W65/><G65/><T2/><D2/><U131/><E36/><V116/><F116/><W38/><G0/><T63/><D89/><U1/><E131/><V42/><REACH who="2" step="1"/><F14/><REACH who="2" ten="251,244,257,218" step="2"/><W4/><G130/><T132/><D12/><U74/><E117/><V58/><F58/><W66/><G120/><T72/><D132/><U35/><E68/><V61/><F61/><W128/><G128/><T33/><D63/><U69/><E60/><V76/><F76/><W21/><G66/><AGARI ba="3,3" hai="42,44,45,48,51,53,56,62,66,86,91,94,97,99" machi="66" ten="30,3900,0" yaku="1,1,7,1,8,1,53,0" doraHai="114" doraHaiUra="113" who="2" fromWho="3" sc="251,0,244,0,257,78,218,-48" /><INIT seed="4,0,0,4,4,73" ten="251,244,335,170" oya="0" hai0="16,82,95,99,86,46,54,127,61,126,94,92,116" hai1="96,108,57,1,48,110,71,29,118,89,113,2,101" hai2="58,90,100,78,75,20,3,115,13,83,37,93,129" hai3="105,23,107,41,39,34,132,104,81,53,103,45,5"/><T88/><D116/><U36/><E118/><V135/><F3/><W56/><G34/><T60/><D99/><U8/><E36/><V12/><F37/><W15/><G132/><T26/><D46/><U32/><E71/><V72/><F115/><W87/><G103/><T98/><D98/><U25/><E113/><V121/><F100/><W44/><G44/><T79/><D79/><U43/><E89/><V124/><F72/><W114/><G114/><T117/><D117/><U120/><E120/><V47/><F129/><W85/><G85/><T65/><D54/><U17/><E2/><V64/><F124/><N who="0" m="47658" /><D65/><U21/><E57/><V133/><F47/><W123/><G123/><T77/><D77/><U14/><E48/><V18/><F121/><W7/><G107/><T106/><D106/><U80/><E43/><V19/><F58/><W30/><G105/><T84/><D84/><U10/><E80/><V131/><F64/><W62/><G104/><T76/><D76/><U4/><E96/><V111/><F131/><W9/><G87/><T74/><D74/><U59/><E59/><V97/><REACH who="2" step="1"/><F111/><REACH who="2" ten="251,244,325,170" step="2"/><W38/><G38/><T67/><D67/><U24/><E101/><V69/><F69/><W55/><G45/><T109/><D109/><U102/><E102/><V70/><F70/><W40/><G39/><T63/><D63/><U49/><E49/><V122/><F122/><W112/><G62/><T51/><D51/><U28/><AGARI ba="0,1" hai="1,4,8,10,14,17,21,24,25,28,29,32,108,110" machi="28" ten="20,8000,1" yaku="0,1,7,1,34,3" doraHai="73" who="1" fromWho="1" sc="251,-40,244,90,325,-20,170,-20" /><INIT seed="5,0,0,1,2,125" ten="211,334,305,150" oya="1" hai0="42,120,63,98,27,16,94,90,109,105,22,126,58" hai1="101,82,100,54,57,32,86,37,114,99,66,117,28" hai2="61,128,74,118,67,19,11,39,110,115,71,89,112" hai3="93,36,97,55,88,1,18,134,41,23,77,8,2"/><U9/><E37/><V69/><F74/><W26/><G134/><T75/><D126/><U21/><E117/><V56/><F39/><W119/><G119/><T52/><D109/><U87/><E32/><V51/><F110/><W70/><G70/><T34/><D120/><U35/><E35/><V85/><F118/><W123/><G123/><T33/><D105/><U65/><E9/><V130/><F19/><W7/><G77/><T50/><D75/><U31/><E87/><V95/><F11/><W29/><G41/><T68/><D68/><N who="2" m="26186" /><F51/><W49/><G36/><T76/><D76/><U129/><E21/><V113/><AGARI ba="0,0" hai="56,61,67,85,89,95,112,113,115,128,130" m="26186" machi="113" ten="40,8000,1" yaku="15,1,11,1,52,2" doraHai="125" who="2" fromWho="2" sc="211,-20,334,-40,305,80,150,-20" /><INIT seed="6,0,0,1,5,38" ten="191,294,385,130" oya="2" hai0="9,22,79,13,8,121,90,49,134,7,56,89,99" hai1="84,35,4,86,71,26,129,69,104,96,110,127,113" hai2="52,63,74,114,59,122,65,62,11,3,135,88,100" hai3="115,118,20,16,82,103,94,102,37,10,68,58,70"/><V46/><F74/><W116/><G10/><T24/><D121/><U73/><E73/><V125/><F100/><W39/><G82/><T130/><D134/><U108/><E4/><V6/><F122/><W45/><G39/><T85/><D130/><U101/><E86/><V54/><F114/><W21/><G21/><T77/><D99/><U91/><E129/><V66/><F135/><W107/><G107/><T124/><D124/><U53/><E127/><V44/><F125/><W42/><G58/><T97/><D97/><U15/><E15/><V17/><F17/><W128/><G128/><T34/><D34/><U87/><E87/><V109/><F88/><N who="0" m="33898" /><D9/><U5/><E113/><V19/><F19/><W92/><G115/><T29/><D85/><U60/><E5/><V40/><F46/><W117/><G103/><T1/><D1/><U2/><E2/><V105/><F105/><W95/><REACH who="3" step="1"/><G102/><REACH who="3" ten="191,294,385,120" step="2"/><T123/><D123/><U25/><E35/><V126/><F126/><W131/><G131/><T55/><AGARI ba="0,1" hai="7,8,13,22,24,29,49,55,56,77,79" m="33898" machi="55" ten="30,2000,0" yaku="8,1,54,1" doraHai="38" who="0" fromWho="0" sc="191,30,294,-5,385,-10,120,-5" /><INIT seed="7,0,0,1,5,13" ten="221,289,375,115" oya="3" hai0="85,63,57,40,105,115,18,8,33,118,28,79,112" hai1="30,43,94,26,107,68,89,110,21,135,55,134,111" hai2="88,131,70,132,7,123,1,71,6,87,92,77,109" hai3="15,133,32,20,45,49,17,36,14,75,64,51,11"/><W91/><G75/><T4/><D105/><U48/><E107/><V125/><F1/><W24/><G133/><N who="1" m="50698" /><E43/><V35/><F35/><W114/><G114/><N who="0" m="43563" /><D118/><U9/><E9/><V54/><F70/><W98/><G32/><T69/><D69/><U108/><E68/><V93/><F71/><W84/><G98/><T119/><D40/><U95/><E89/><V42/><F42/><W65/><G36/><T34/><D28/><U52/><E55/><V16/><F77/><W121/><G121/><T117/><D85/><U44/><AGARI ba="0,0" hai="21,26,30,44,48,52,94,95,108,110,111" m="50698" machi="44" ten="40,2700,0" yaku="20,1,54,1" doraHai="13" who="1" fromWho="1" sc="221,-7,289,27,375,-7,115,-13" owari="214,-19.0,316,12.0,368,47.0,102,-40.0" /></mjloggm>