<mjloggm ver="2.3"><GO type="169" lobby="0"/><UN n0="%E3%81%B1%E3%83%BC%E3%81%9D%E3%82%93" n1="%E3%83%AB%E3%82%BF%E3%82%B9%E3%82%B1" n2="%E3%81%9F%E3%81%BE%E3%82%89%E3%82%93%E3%82%AC%E3%83%83%E3%83%91" n3="%E5%B0%B1%E6%B4%BB%E7%94%9F%40%E5%B7%9D%E6%9D%91%E8%BB%8D%E5%9B%A3" dan="16,16,17,16" rate="2052.05,2105.38,2149.92,2066.87" sx="M,M,M,M"/><TAIKYOKU oya="0"/><INIT seed="0,0,0,0,0,48" ten="250,250,250,250" oya="0" hai0="35,75,5,97,39,80,105,32,101,53,92,2,99" hai1="51,110,43,54,24,132,133,94,115,21,58,69,18" hai2="37,55,7,93,49,62,38,87,88,15,119,60,89" hai3="25,23,83,0,117,22,14,98,78,3,46,50,29"/><T72/><D39/><U100/><E115/><V45/><F119/><W56/><G117/><T30/><D80/><U111/><E69/><V126/><F126/><W28/><G56/><T11/><D32/><U57/><E43/><V59/><F37/><W120/><G98/><T63/><D35/><U102/><E58/><V77/><F38/><W40/><G120/><T61/><D30/><U125/><E125/><V82/><F62/><W106/><G106/><T79/><D79/><U135/><REACH who="1" step="1"/><E94/><REACH who="1" ten="250,240,250,250" step="2"/><V26/><F93/><W96/><G96/><T130/><D130/><U112/><E112/><V103/><F59/><W90/><G40/><T1/><D61/><U84/><E84/><V4/><F60/><W66/><G46/><T64/><D63/><U95/><E95/><V81/><F82/><W70/><G66/><T17/><D64/><U12/><E12/><V47/><F47/><W76/><G14/><T127/><D127/><U91/><E91/><N who="2" m="34891" /><F103/><AGARI ba="0,1" hai="18,21,24,51,54,57,100,102,103,110,111,132,133,135" machi="103" ten="50,6400,0" yaku="1,1,20,1,52,1,53,0" doraHai="48" doraHaiUra="68" who="1" fromWho="2" sc="250,0,240,74,250,-64,250,0" /><INIT seed="1,0,0,4,2,18" ten="250,314,186,250" oya="1" hai0="61,92,60,29,57,1,23,20,39,133,33,113,116" hai1="89,121,111,103,129,38,78,98,83,93,30,0,125" hai2="101,4,97,62,102,66,134,105,51,24,54,35,128" hai3="88,68,91,28,32,55,110,12,25,118,40,8,117"/><U46/><E0/><V36/><F36/><W59/><G68/><T45/><D1/><U2/><E2/><V119/><F119/><N who="3" m="45579" /><G40/><T124/><D116/><U112/><E38/><V58/><F128/><W77/><G77/><T131/><D113/><U69/><E69/><V6/><F134/><W17/><G110/><T9/><D131/><U11/><E11/><V63/><F102/><W75/><G75/><T76/><D133/><U70/><E129/><V135/><F135/><W5/><G5/><T41/><D33/><U53/><E70/><V71/><REACH who="2" step="1"/><F63/><AGARI ba="0,0" hai="8,12,17,25,28,32,55,59,63,88,91" m="45579" machi="63" ten="30,2000,0" yaku="12,1,54,1" doraHai="18" who="3" fromWho="2" sc="250,0,314,0,186,-20,250,20" /><INIT seed="2,0,0,5,1,118" ten="250,314,166,270" oya="2" hai0="29,81,37,94,7,16,113,127,27,14,130,132,124" hai1="72,42,90,85,43,133,33,13,89,109,10,96,97" hai2="63,23,135,53,41,131,121,35,48,21,15,11,52" hai3="110,106,44,64,119,12,17,107,68,20,50,134,100"/><V83/><F35/><W39/><G110/><T80/><D37/><U60/><E33/><V30/><F131/><W51/><G134/><T25/><D113/><U2/><E133/><V117/><F135/><W22/><G119/><T65/><D132/><U45/><E72/><V55/><F117/><W47/><G39/><T112/><D112/><U31/><E31/><V116/><F116/><W111/><G111/><T103/><D130/><U38/><E2/><V92/><F121/><W69/><G64/><T70/><D7/><U87/><E109/><V4/><F30/><W125/><G125/><N who="0" m="48203" /><D70/><U49/><E60/><V82/><F63/><W98/><G107/><T62/><D62/><U0/><E42/><V114/><F92/><W56/><G56/><T104/><D104/><U73/><E73/><V40/><F114/><W122/><G22/><N who="2" m="8201" /><F40/><W18/><G18/><T102/><D65/><U95/><E0/><V34/><F34/><W8/><G20/><N who="0" m="11287" /><D103/><U26/><E38/><V84/><F84/><W1/><G1/><T78/><D29/><U71/><E71/><V9/><F9/><W126/><G126/><T77/><D27/><U79/><E79/><N who="0" m="30217" /><D25/><U59/><E26/><V88/><F88/><W120/><G69/><T28/><D28/><U75/><E75/><V5/><F5/><W99/><G68/><T32/><D32/><U54/><E97/><AGARI ba="0,0" hai="80,81,94,97,102" m="30217,11287,48203" machi="97" ten="30,2000,0" yaku="18,1,54,1" doraHai="118" who="0" fromWho="1" sc="250,20,314,-20,166,0,270,0" /><INIT seed="3,0,0,5,4,0" ten="270,294,166,270" oya="3" hai0="19,75,128,25,126,8,129,112,73,13,88,35,70" hai1="113,102,42,27,93,97,56,83,89,47,62,3,48" hai2="7,121,50,1,74,130,95,18,58,65,60,119,132" hai3="78,46,26,131,122,9,120,104,67,57,34,61,116"/><W135/><G104/><T4/><D112/><U16/><E113/><V44/><F119/><W133/><G34/><T36/><D36/><U86/><E3/><V84/><F74/><W31/><G78/><T49/><D70/><U51/><E51/><V111/><F111/><W22/><G116/><T29/><D126/><U109/><E109/><V23/><F130/><N who="0" m="50282" /><D49/><U110/><E110/><V64/><F132/><N who="3" m="50763" /><G131/><T43/><D43/><U63/><REACH who="1" step="1"/><E56/><REACH who="1" ten="270,284,166,270" step="2"/><V106/><F121/><W118/><G118/><T81/><D19/><U66/><E66/><V37/><F65/><W11/><G46/><T105/><D105/><U59/><E59/><V53/><F106/><W99/><G99/><T15/><D15/><U39/><E39/><V108/><F37/><W114/><G114/><T2/><D2/><U79/><E79/><V24/><F108/><W92/><G122/><T71/><D71/><U52/><E52/><N who="2" m="29767" /><F64/><W125/><G120/><T103/><D13/><U134/><E134/><V107/><F1/><W94/><G125/><T32/><D75/><U14/><E14/><V21/><F107/><W6/><G9/><T69/><D73/><U77/><E77/><V80/><F53/><W98/><G98/><T38/><D8/><U17/><E17/><V55/><F18/><W45/><G45/><T117/><D38/><U115/><E115/><V41/><F41/><W96/><G96/><T68/><D117/><U101/><E101/><V5/><F58/><W76/><G76/><T33/><D69/><U20/><AGARI ba="0,1" hai="16,20,27,42,47,48,62,63,83,86,89,93,97,102" machi="20" ten="30,8000,1" yaku="1,1,0,1,8,1,54,1,53,1" doraHai="0" doraHaiUra="90" who="1" fromWho="1" sc="270,-20,284,90,166,-20,270,-40" /><INIT seed="4,0,0,2,0,118" ten="250,374,146,230" oya="0" hai0="34,111,41,59,14,120,50,18,36,65,32,87,17" hai1="22,43,89,76,113,85,24,95,88,135,130,61,58" hai2="12,121,51,42,7,21,38,53,27,115,72,79,105" hai3="119,132,15,90,2,70,49,112,127,129,94,92,57"/><T99/><D120/><U75/><E113/><V125/><F115/><W98/><G2/><T100/><D36/><U67/><E43/><V4/><F105/><W93/><G70/><T91/><D111/><U45/><E45/><V103/><F103/><W33/><G33/><T28/><D28/><U134/><E130/><V11/><F125/><W73/><G112/><T83/><D18/><U8/><E8/><V78/><F72/><W102/><G73/><T77/><D77/><U29/><E75/><V5/><F38/><W23/><G119/><T13/><D13/><U97/><REACH who="1" step="1"/><E76/><REACH who="1" ten="250,364,146,230" step="2"/><V106/><F42/><W108/><G129/><T0/><D41/><U122/><E122/><V96/><F121/><W39/><G108/><T80/><D0/><U82/><AGARI ba="0,1" hai="22,24,29,58,61,67,82,85,88,89,95,97,134,135" machi="82" ten="30,8000,1" yaku="1,1,0,1,54,1,53,2" doraHai="118" doraHaiUra="131" who="1" fromWho="1" sc="250,-40,364,90,146,-20,230,-20" /><INIT seed="5,0,0,3,2,133" ten="210,454,126,210" oya="1" hai0="90,120,26,135,23,63,8,126,5,58,109,114,117" hai1="0,67,129,17,81,65,22,27,92,96,49,128,94" hai2="41,89,78,84,75,102,115,113,54,30,47,35,123" hai3="106,21,131,80,121,43,15,69,39,107,14,9,37"/><U104/><E0/><V2/><F2/><W57/><G69/><T44/><D117/><U68/><E81/><N who="2" m="45279" /><F54/><W77/><G121/><T110/><D109/><U119/><E119/><V83/><F123/><W32/><G32/><T61/><D135/><U116/><E116/><V93/><F30/><W76/><G131/><N who="1" m="50250" /><E49/><V7/><F7/><W18/><G57/><T82/><D63/><N who="1" m="39999" /><E67/><V74/><F35/><W85/><G76/><T100/><D110/><U13/><E13/><V134/><F134/><W16/><REACH who="3" step="1"/><G43/><REACH who="3" ten="210,454,126,200" step="2"/><T79/><D58/><U87/><E87/><V20/><F41/><W125/><G125/><T1/><D126/><U24/><E24/><V66/><F113/><W51/><G51/><T95/><D114/><U33/><E33/><V3/><F115/><W99/><G99/><T45/><D120/><U11/><E96/><V52/><F66/><W132/><G132/><T36/><D26/><U88/><E27/><V34/><F34/><W29/><G29/><T56/><D56/><U111/><E111/><V55/><F55/><W25/><G25/><T118/><D118/><U6/><E22/><V38/><F20/><W40/><G40/><T112/><D23/><U70/><E11/><V53/><F53/><W28/><G28/><T46/><D8/><U4/><E70/><V108/><F108/><W19/><G19/><T64/><D112/><U105/><E17/><V122/><F122/><W42/><G42/><T12/><D64/><U91/><E4/><V50/><F52/><W62/><G62/><T73/><D5/><U31/><E31/><V60/><F60/><RYUUKYOKU ba="0,1" sc="210,-10,454,-10,126,-10,200,30" hai3="9,14,15,16,18,21,37,39,77,80,85,106,107" /><INIT seed="6,1,1,0,4,134" ten="200,444,116,230" oya="2" hai0="94,43,91,109,128,106,27,48,73,80,6,57,54" hai1="24,127,132,49,12,21,62,20,100,51,5,7,105" hai2="115,58,77,29,98,113,60,97,46,38,40,18,131" hai3="8,124,2,41,1,42,32,79,0,14,129,120,84"/><V35/><F131/><W56/><G32/><T119/><D106/><U95/><E132/><V85/><F35/><W90/><G120/><T78/><D109/><U76/><E105/><V23/><F29/><W123/><G129/><T102/><D128/><U17/><E76/><V26/><F77/><W31/><G123/><T63/><D102/><U13/><E62/><V104/><F85/><W22/><G79/><T15/><D119/><U75/><E127/><V81/><F81/><W88/><G124/><T112/><D112/><N who="2" m="43082" /><F104/><W89/><G84/><T111/><D111/><U44/><E75/><V59/><F59/><W65/><G22/><T64/><D43/><N who="1" m="24735" /><E51/><V68/><F68/><W125/><G125/><T55/><D27/><U53/><E53/><AGARI ba="1,1" hai="18,23,26,38,40,46,53,58,60,97,98" m="43082" machi="53" ten="30,1500,0" yaku="15,1" doraHai="134" who="2" fromWho="1" sc="200,0,444,-18,116,28,230,0" /><INIT seed="6,2,0,2,2,60" ten="200,426,144,230" oya="2" hai0="108,16,9,118,63,15,64,132,44,10,34,75,110" hai1="11,49,20,74,66,130,97,102,128,4,119,17,72" hai2="122,103,6,114,78,111,85,62,70,116,124,31,117" hai3="89,131,42,95,88,39,90,100,123,81,93,50,13"/><V61/><F122/><W92/><G39/><T48/><D75/><U45/><E119/><V12/><F31/><W1/><G1/><T129/><D34/><U126/><E126/><V106/><F106/><W19/><G123/><T18/><D118/><U68/><E68/><V43/><F103/><W5/><G131/><N who="1" m="50218" /><E66/><N who="2" m="41295" /><F62/><W25/><G25/><T104/><D104/><N who="1" m="63567" /><E17/><V54/><F54/><W125/><G5/><T21/><D129/><U91/><E91/><V101/><F101/><W94/><G125/><T35/><D35/><U59/><E59/><V69/><F69/><W133/><G133/><T30/><D30/><U76/><E20/><V77/><F124/><W2/><G2/><T121/><D10/><U87/><E87/><V27/><F27/><W57/><G100/><T23/><D121/><U112/><E76/><N who="2" m="29291" /><F85/><N who="3" m="50223" /><G93/><T105/><D105/><U28/><E28/><V86/><F86/><W79/><G79/><T55/><D9/><U65/><E72/><V26/><F26/><W24/><G24/><T135/><D18/><U36/><E74/><V80/><F80/><W134/><G42/><T29/><D23/><U84/><E36/><V120/><F120/><W52/><G134/><N who="0" m="51243" /><D29/><U98/><E98/><V3/><F3/><W56/><G56/><AGARI ba="2,0" hai="15,16,21,44,48,55,56,63,64,108,110" m="51243" machi="56" ten="30,3900,0" yaku="20,1,52,1,54,1" doraHai="60" who="0" fromWho="3" sc="200,45,426,0,144,0,230,-45" /><INIT seed="7,0,0,5,3,29" ten="245,426,144,185" oya="3" hai0="11,16,91,103,74,33,60,38,122,54,123,118,96" hai1="21,22,99,126,133,130,12,111,68,4,76,46,69" hai2="79,93,26,37,78,95,35,9,70,63,102,106,124" hai3="7,5,121,120,28,42,8,64,98,110,73,67,0"/><W48/><G73/><T112/><D38/><U135/><E111/><V32/><F37/><W51/><G110/><T105/><D74/><U75/><E99/><V27/><F106/><W25/><G98/><T132/><D33/><U108/><E108/><V59/><F70/><W80/><G80/><T85/><D118/><U114/><E126/><V61/><F9/><W15/><G5/><T71/><D112/><U62/><E130/><V53/><F124/><W45/><G48/><T44/><D132/><U52/><E114/><V2/><F2/><W115/><G115/><T116/><D44/><U20/><E76/><V72/><F72/><W50/><G50/><T19/><D19/><U18/><E4/><V49/><F49/><W117/><G117/><T14/><D116/><U10/><E46/><V83/><F53/><W92/><G92/><T94/><D54/><U86/><E86/><V1/><F1/><W100/><G100/><T36/><D36/><U97/><E97/><V104/><F59/><W24/><G24/><T101/><D101/><U30/><E30/><V125/><F125/><W34/><G0/><T23/><D60/><U81/><E81/><V6/><F6/><W17/><REACH who="3" step="1"/><G7/><REACH who="3" ten="245,426,144,175" step="2"/><T43/><D96/><U90/><E75/><V89/><F102/><W13/><G13/><T88/><D103/><U107/><E107/><V131/><F104/><W31/><G31/><T41/><D105/><U129/><E133/><V113/><F113/><W119/><G119/><T55/><D14/><U58/><E135/><V65/><F83/><W128/><G128/><T40/><D94/><RYUUKYOKU ba="0,1" sc="245,-10,426,-10,144,-10,175,30" hai3="8,15,17,25,28,34,42,45,51,64,67,120,121" /><INIT seed="7,1,1,3,5,98" ten="235,416,134,205" oya="3" hai0="125,102,45,70,7,60,15,38,134,73,46,124,52" hai1="101,66,35,8,106,131,55,29,122,115,68,116,61" hai2="119,87,128,129,50,113,43,17,51,120,25,0,110" hai3="64,3,30,44,83,13,42,63,117,26,96,91,105"/><W114/><G117/><T6/><D73/><U77/><E122/><V27/><F119/><W132/><G3/><T21/><D134/><U86/><E115/><V1/><F110/><W130/><G114/><T104/><D38/><U107/><E131/><V89/><F113/><W56/><G130/><T59/><D70/><U72/><E72/><V28/><F120/><W34/><G132/><T12/><D102/><U121/><E121/><V71/><F71/><W9/><G83/><T65/><D104/><U76/><E107/><V37/><F37/><W79/><G79/><T84/><D84/><U24/><E8/><V23/><F87/><W123/><G123/><T4/><D21/><U48/><E86/><V16/><F23/><W67/><G91/><T10/><D65/><U75/><E75/><V33/><F89/><W103/><G67/><T31/><D31/><U90/><E90/><V112/><F112/><W2/><G2/><T18/><D12/><U118/><E118/><V85/><F85/><W111/><G111/><T92/><D92/><U49/><E116/><V80/><F80/><W22/><G34/><T95/><D95/><U11/><E11/><V62/><F62/><W69/><G69/><T47/><AGARI ba="1,1" hai="4,6,7,10,15,18,45,46,47,52,59,60,124,125" machi="47" ten="40,2700,0" yaku="0,1,54,1" doraHai="98" who="0" fromWho="0" sc="235,40,416,-8,134,-8,205,-14" owari="275,8.0,408,50.0,126,-37.0,191,-21.0" /></mjloggm>