<mjloggm ver="2.3"><GO type="97" lobby="0"/><UN n0="%E5%B0%B1%E6%B4%BB%E7%94%9F%40%E5%B7%9D%E6%9D%91%E8%BB%8D%E5%9B%A3" n1="%70%75%72%75%33%38%35" n2="%E3%81%8B%E3%81%BC%E3%81%A1%E3%82%83%E3%81%BC" n3="%E3%83%94%E3%82%B1%E3%83%91%E3%83%B3" dan="15,14,15,14" rate="2004.88,1920.13,1967.20,1972.15" sx="M,M,M,M"/><TAIKYOKU oya="0"/><INIT seed="0,0,0,4,0,42" ten="250,250,250,250" oya="0" hai0="32,113,133,45,122,63,129,131,41,18,73,62,47" hai1="1,127,36,79,132,92,74,90,77,105,98,59,102" hai2="46,30,29,52,135,19,130,50,4,134,91,12,118" hai3="103,10,68,40,78,114,60,3,93,66,38,69,81"/><T17/><D73/><U85/><E1/><V14/><F118/><W55/><G114/><T34/><D41/><U75/><E36/><V25/><F130/><W31/><G31/><T54/><D54/><U108/><E59/><V6/><F91/><W5/><G55/><T49/><D49/><U95/><E132/><N who="2" m="50731" /><F14/><W43/><G93/><T0/><D133/><U37/><E37/><V71/><F71/><N who="3" m="42439" /><G43/><T94/><D94/><U48/><E48/><V2/><F2/><W104/><G81/><T125/><D0/><U110/><E127/><V51/><F51/><W8/><G8/><T123/><REACH who="0" step="1"/><D113/><REACH who="0" ten="240,250,250,250" step="2"/><U7/><E95/><V65/><F65/><W88/><G40/><T107/><D107/><U57/><E57/><V96/><F96/><W56/><G3/><T128/><D128/><U20/><E75/><V35/><F30/><W84/><G104/><T61/><D61/><U28/><E74/><V72/><F72/><W27/><G69/><T97/><D97/><U121/><E121/><V115/><F115/><W116/><G68/><T89/><D89/><U11/><E79/><V70/><F70/><W87/><G78/><T126/><AGARI ba="0,1" hai="17,18,32,34,45,47,62,63,122,123,125,126,129,131" machi="126" ten="25,18000,2" yaku="1,1,0,1,22,2,52,2,53,0" doraHai="42" doraHaiUra="39" who="0" fromWho="0" sc="240,190,250,-60,250,-60,250,-60" /><INIT seed="0,1,0,4,1,45" ten="430,190,190,190" oya="0" hai0="121,129,110,6,58,134,44,14,103,91,54,32,61" hai1="4,5,98,11,40,47,115,36,112,12,122,63,81" hai2="42,93,39,92,94,28,30,65,79,78,15,17,114" hai3="82,131,1,123,125,105,133,10,71,41,33,102,62"/><T26/><D121/><U99/><E122/><V108/><F114/><N who="1" m="43561" /><E5/><V100/><F108/><W35/><G123/><T97/><D129/><U86/><E63/><V57/><F100/><W101/><G101/><T120/><D120/><U72/><E72/><V0/><F0/><W34/><G131/><T2/><D2/><U73/><E73/><V60/><F39/><W49/><G82/><T3/><D3/><U9/><E9/><V52/><F42/><W88/><G133/><T106/><D134/><U67/><E67/><V74/><F74/><W104/><G102/><T119/><D119/><U75/><E75/><V37/><F37/><W48/><G125/><T21/><D32/><U116/><E116/><V29/><REACH who="2" step="1"/><F65/><REACH who="2" ten="430,190,180,190" step="2"/><N who="3" m="41399" /><G105/><T20/><D103/><U85/><E85/><V59/><F59/><W66/><G104/><T127/><D58/><U77/><AGARI ba="1,1" hai="4,11,12,36,40,47,77,81,86,98,99" m="43561" machi="77" ten="30,1100,0" yaku="11,1" doraHai="45" who="1" fromWho="1" sc="430,-6,190,24,180,-4,190,-4" /><INIT seed="1,0,0,1,0,114" ten="424,214,176,186" oya="1" hai0="80,71,93,127,8,101,6,123,15,59,125,38,9" hai1="37,98,133,27,131,23,126,104,63,34,111,115,11" hai2="91,41,68,132,36,42,78,72,13,112,49,22,33" hai3="105,39,94,109,103,58,116,40,66,44,64,90,81"/><U87/><E115/><V122/><F112/><W32/><G32/><T74/><D71/><U3/><E133/><V65/><F122/><W100/><G109/><T106/><D106/><U18/><E111/><V117/><F117/><W129/><G129/><T50/><D38/><U2/><E131/><V14/><F33/><W25/><G81/><T4/><D123/><U75/><E75/><V35/><F35/><W21/><G116/><T77/><D101/><U130/><E130/><V118/><F36/><W79/><G79/><T83/><D83/><U54/><E37/><V84/><F118/><W124/><G124/><N who="0" m="47691" /><D93/><U5/><E126/><V119/><F119/><W55/><G105/><T43/><D43/><U16/><E34/><V0/><F0/><W110/><G110/><T26/><D26/><U67/><E3/><V76/><F72/><W29/><G100/><T73/><D73/><U134/><E134/><V53/><F68/><W92/><G103/><T12/><D59/><U97/><E104/><V10/><F42/><W85/><REACH who="3" step="1"/><G94/><REACH who="3" ten="424,214,176,176" step="2"/><T45/><D80/><U28/><E98/><V7/><F132/><W47/><G47/><T62/><D77/><U52/><E97/><V46/><F78/><W121/><G121/><T30/><D74/><U108/><E108/><V70/><F76/><W89/><G89/><T57/><D45/><U107/><E107/><V61/><F91/><W88/><G88/><T20/><D57/><U96/><E96/><V82/><F82/><W51/><AGARI ba="0,1" hai="21,25,29,39,40,44,51,55,58,64,66,85,90,92" machi="51" ten="20,2700,0" yaku="1,1,0,1,7,1,53,0" doraHai="114" doraHaiUra="99" who="3" fromWho="3" sc="424,-7,214,-13,176,-7,176,37" /><INIT seed="2,0,0,4,3,0" ten="417,201,169,213" oya="2" hai0="132,36,14,57,10,112,109,41,131,67,61,71,92" hai1="29,79,72,25,98,91,134,22,117,30,43,110,63" hai2="18,90,108,55,32,44,33,35,129,83,39,7,20" hai3="119,104,54,125,28,97,47,56,94,127,4,37,75"/><V1/><F129/><W99/><G75/><T130/><D109/><U123/><E117/><V42/><F108/><W48/><G119/><T53/><D132/><U87/><E123/><V122/><F122/><W133/><G133/><T52/><D112/><U24/><E134/><V11/><F55/><W6/><G28/><T13/><D92/><U106/><E110/><V118/><F118/><W9/><G104/><T100/><D100/><U21/><E43/><V116/><F116/><W38/><G99/><T46/><D14/><U19/><E72/><V95/><F83/><W26/><G26/><T23/><D23/><U3/><E3/><V115/><F115/><W82/><G82/><T65/><D65/><U59/><E106/><V77/><F77/><W70/><G70/><T111/><D111/><U103/><E79/><V8/><F8/><W40/><G38/><T105/><D105/><U2/><E2/><V101/><F101/><W107/><G107/><T96/><D96/><U85/><E103/><V114/><F114/><W45/><G45/><T81/><D81/><U89/><E98/><V34/><F34/><W121/><G121/><T50/><D53/><U74/><E74/><V16/><REACH who="2" step="1"/><F20/><REACH who="2" ten="417,201,159,213" step="2"/><W124/><G9/><T78/><D78/><U76/><E76/><V135/><F135/><W64/><G64/><T126/><D126/><U93/><E30/><V58/><F58/><W73/><G73/><T49/><D49/><U69/><E69/><V88/><F88/><AGARI ba="0,1" hai="4,6,37,40,47,48,54,56,88,94,97,124,125,127" machi="88" ten="40,8000,1" yaku="18,1,52,2,54,1" doraHai="0" who="3" fromWho="2" sc="417,0,201,0,159,-80,213,90" /><INIT seed="3,0,0,5,3,65" ten="417,201,79,303" oya="3" hai0="95,83,72,51,46,49,78,108,6,97,29,89,35" hai1="0,56,123,63,74,25,126,43,60,128,9,16,53" hai2="118,18,134,34,12,59,20,84,70,116,8,7,133" hai3="110,47,107,32,68,22,23,113,50,40,119,41,61"/><W96/><G113/><T88/><D108/><U62/><E74/><V26/><F84/><W33/><G119/><N who="2" m="45609" /><F59/><W135/><G110/><T42/><D6/><U3/><E123/><V106/><F106/><W10/><G135/><N who="2" m="51721" /><F70/><W31/><G40/><T100/><D29/><U111/><E111/><V75/><F75/><W52/><G10/><T27/><D27/><U87/><E128/><V80/><F80/><W14/><G14/><T121/><D35/><AGARI ba="0,0" hai="7,8,12,18,20,26,34,35" m="51721,45609" machi="35" ten="30,3900,0" yaku="20,1,34,2" doraHai="65" who="2" fromWho="0" sc="417,-39,201,0,79,39,303,0" owari="378,48.0,201,-20.0,118,-38.0,303,10.0" /></mjloggm>