<mjloggm ver="2.3"><GO type="97" lobby="0"/><UN n0="%69%2D%73%61%6E" n1="%49%77%61%6E" n2="%48%61%72%72%69%73%73" n3="%E5%B0%B1%E6%B4%BB%E7%94%9F%40%E5%B7%9D%E6%9D%91%E8%BB%8D%E5%9B%A3" dan="14,14,14,15" rate="1918.55,1829.24,1881.28,1997.44" sx="M,M,M,M"/><TAIKYOKU oya="0"/><INIT seed="0,0,0,3,0,75" ten="250,250,250,250" oya="0" hai0="29,135,103,90,89,88,98,81,49,76,106,122,107" hai1="126,118,59,93,61,26,62,92,80,10,37,4,69" hai2="105,134,133,40,25,53,24,100,73,43,3,95,86" hai3="120,102,116,78,94,55,129,111,127,1,115,21,22"/><T13/><D122/><U46/><E118/><V66/><F73/><W71/><G71/><T63/><D135/><N who="2" m="51722" /><F3/><W51/><G1/><T119/><D119/><U33/><E126/><V16/><F66/><W39/><G39/><T5/><D107/><U52/><E33/><V65/><F65/><W128/><G116/><T58/><D29/><U28/><E69/><V123/><F123/><W68/><G68/><T20/><D49/><U113/><E62/><V30/><F105/><W97/><G120/><T85/><D20/><U0/><E113/><V82/><F53/><W34/><G34/><T19/><D19/><U8/><E8/><V121/><F121/><W83/><G115/><T14/><REACH who="0" step="1"/><D5/><REACH who="0" ten="240,250,250,250" step="2"/><U99/><E28/><V35/><F100/><W110/><G127/><T57/><D57/><U48/><E37/><V74/><F74/><N who="3" m="43479" /><G22/><T64/><AGARI ba="0,1" hai="13,14,58,63,64,76,81,85,88,89,90,98,103,106" machi="64" ten="30,18000,2" yaku="1,1,0,1,52,1,54,1,53,2" doraHai="75" doraHaiUra="11" who="0" fromWho="0" sc="240,190,250,-60,250,-60,250,-60" /><INIT seed="0,1,0,1,3,84" ten="430,190,190,190" oya="0" hai0="77,18,37,134,8,102,60,56,103,74,44,5,111" hai1="22,29,124,10,11,39,30,72,125,31,43,14,33" hai2="3,55,24,100,109,113,28,34,101,50,12,83,48" hai3="49,116,80,1,131,6,87,63,98,79,108,26,81"/><T129/><D18/><U62/><E72/><V130/><F3/><W70/><G116/><T46/><D46/><U126/><E62/><V112/><F109/><W51/><G108/><T61/><D111/><U92/><E39/><V90/><F130/><W71/><G131/><T135/><D129/><U25/><E43/><V19/><F112/><W132/><G132/><N who="0" m="50731" /><D60/><U110/><E110/><V9/><F113/><W82/><G1/><N who="0" m="47" /><D77/><U118/><E92/><V0/><F0/><W93/><G6/><T53/><D74/><U89/><E89/><V88/><F50/><W114/><G114/><T67/><D67/><U15/><E118/><V64/><F64/><W7/><G7/><T73/><D73/><U78/><E78/><V86/><REACH who="2" step="1"/><F90/><REACH who="2" ten="430,190,180,190" step="2"/><W120/><G71/><T59/><D59/><AGARI ba="1,1" hai="9,12,19,24,28,34,48,55,59,83,86,88,100,101" machi="59" ten="30,8000,1" yaku="1,1,2,1,7,1,52,1,54,1,53,0" doraHai="84" doraHaiUra="58" who="2" fromWho="0" sc="430,-83,190,0,180,93,190,0" /><INIT seed="1,0,0,3,4,33" ten="347,190,273,190" oya="1" hai0="109,45,28,121,5,24,21,36,29,32,83,79,88" hai1="78,0,135,102,35,91,61,18,9,71,84,106,80" hai2="108,120,116,90,105,65,55,111,44,95,99,117,118" hai3="22,10,93,107,101,125,94,41,68,16,97,56,43"/><U89/><E135/><V122/><F65/><W30/><G125/><T3/><D121/><N who="2" m="46698" /><F55/><W6/><G68/><T63/><D63/><U119/><E119/><V62/><F62/><W59/><G107/><T114/><D114/><U132/><E132/><V51/><F51/><W74/><G74/><T58/><D58/><N who="3" m="22057" /><G30/><T98/><D109/><N who="2" m="42058" /><F44/><W12/><G94/><T11/><D21/><U64/><E35/><V82/><F82/><W67/><G67/><T15/><D15/><AGARI ba="0,0" hai="6,10,12,15,16,22,41,43,93,97,101" m="22057" machi="15" ten="30,2000,0" yaku="8,1,54,1" doraHai="33" who="3" fromWho="0" sc="347,-20,190,0,273,0,190,20" /><INIT seed="2,0,0,2,0,99" ten="327,190,273,210" oya="2" hai0="78,72,8,115,107,126,91,6,121,47,118,77,87" hai1="134,11,105,101,90,108,45,120,59,117,2,114,27" hai2="97,57,62,64,104,52,73,69,88,34,109,111,82" hai3="60,119,38,44,20,29,3,80,98,83,94,1,61"/><V48/><F34/><W10/><G119/><T103/><D121/><U133/><E117/><V9/><F9/><W131/><G131/><T110/><D118/><U14/><E2/><V16/><F16/><W24/><G3/><T84/><D115/><U74/><E114/><V68/><F73/><W46/><G1/><T15/><D72/><U7/><E45/><N who="3" m="17514" /><G10/><T76/><D107/><U127/><E120/><V30/><F30/><W135/><G135/><T106/><D106/><U39/><E39/><V128/><F128/><W22/><G22/><T35/><D35/><U18/><E74/><V33/><F33/><W55/><G38/><T13/><D13/><U63/><E90/><V53/><F69/><W25/><G25/><T113/><D113/><U116/><E116/><V93/><F104/><W102/><G55/><T65/><D47/><U21/><E127/><V40/><F40/><W123/><G123/><T124/><D65/><U132/><E108/><N who="2" m="41547" /><F53/><W43/><G43/><T129/><D110/><U49/><E134/><V37/><F82/><AGARI ba="0,0" hai="20,24,29,60,61,80,82,83,94,98,102" m="17514" machi="82" ten="30,2000,0" yaku="8,1,52,1" doraHai="99" who="3" fromWho="2" sc="327,0,190,0,273,-20,210,20" /><INIT seed="3,0,0,0,0,95" ten="327,190,253,230" oya="3" hai0="105,86,122,92,63,133,6,47,84,1,90,49,2" hai1="12,99,44,100,83,111,36,32,109,29,35,10,39" hai2="30,129,31,110,9,25,113,50,62,76,68,28,40" hai3="7,124,65,117,130,18,97,64,89,115,132,94,11"/><W42/><G117/><T72/><D122/><U20/><E83/><V81/><F113/><W43/><G115/><T131/><D105/><U80/><E80/><V8/><F110/><N who="1" m="41993" /><E20/><V82/><F129/><W5/><G124/><T52/><D72/><U48/><E29/><V106/><F106/><W69/><G132/><T98/><D131/><U22/><E22/><V19/><F68/><W56/><G69/><T67/><D133/><U21/><E21/><N who="2" m="13503" /><F62/><N who="3" m="37959" /><G65/><T33/><D33/><N who="1" m="12875" /><E48/><V77/><F50/><W58/><G58/><T118/><D118/><U103/><E44/><V45/><F82/><W53/><G53/><T46/><D1/><U126/><E126/><V71/><F71/><W88/><G89/><T23/><D47/><U101/><E12/><V59/><F45/><W26/><G130/><T91/><D23/><U116/><E10/><N who="2" m="4203" /><F40/><N who="3" m="15403" /><G26/><T85/><D2/><U104/><E116/><V78/><F81/><W134/><G134/><T93/><D6/><U102/><N who="1" m="26112" /><DORA hai="13" /><U107/><E99/><V14/><F59/><AGARI ba="0,0" hai="46,49,52,59,63,67,84,85,86,90,91,92,93,98" machi="59" ten="30,7700,0" yaku="7,1,8,1,52,1,54,1" doraHai="95,13" who="0" fromWho="2" sc="327,77,190,0,253,-77,230,0" owari="404,50.0,190,-21.0,176,-32.0,230,3.0" /></mjloggm>