<mjloggm ver="2.3"><GO type="97" lobby="0"/><UN n0="%36%36%31%36%30%36" n1="%6E%61%67%61%73%69%6D%65" n2="%E5%B0%B1%E6%B4%BB%E7%94%9F%40%E5%B7%9D%E6%9D%91%E8%BB%8D%E5%9B%A3" n3="%E5%8F%8B%47%46%49" dan="14,15,14,15" rate="1976.32,1966.70,1981.72,1961.88" sx="M,M,M,M"/><TAIKYOKU oya="0"/><INIT seed="0,0,0,0,0,84" ten="250,250,250,250" oya="0" hai0="46,122,127,32,86,93,56,18,60,11,82,129,101" hai1="117,27,0,1,73,67,85,135,134,53,98,128,131" hai2="95,13,99,28,96,36,63,124,125,42,12,40,45" hai3="59,37,10,112,68,52,55,77,44,31,8,33,119"/><T89/><D122/><U130/><E73/><V39/><F28/><W115/><G119/><T64/><D32/><U19/><E67/><V4/><F63/><W79/><G68/><T76/><D129/><U113/><E98/><V83/><F83/><W69/><G69/><T108/><D127/><N who="2" m="48714" /><F4/><W7/><G31/><T26/><D108/><U35/><E117/><V62/><F62/><W30/><G30/><T16/><D101/><U51/><E113/><V29/><F29/><W92/><G33/><T65/><D65/><U121/><E35/><V14/><F95/><W5/><G92/><T24/><D46/><AGARI ba="0,0" hai="12,13,14,36,39,40,42,45,46,96,99" m="48714" machi="46" ten="30,1000,0" yaku="18,1" doraHai="84" who="2" fromWho="0" sc="250,-10,250,0,250,10,250,0" /><INIT seed="1,0,0,2,4,106" ten="240,250,260,250" oya="1" hai0="122,38,98,19,71,49,8,4,102,83,89,92,52" hai1="18,15,110,113,134,20,78,62,44,121,91,70,72" hai2="21,127,32,26,60,100,61,29,97,108,116,114,119" hai3="50,84,67,16,80,124,103,94,35,0,22,81,42"/><U85/><E113/><V17/><F127/><W123/><G35/><T64/><D38/><U118/><E118/><V5/><F114/><W74/><G0/><T75/><D122/><U93/><E121/><V128/><F128/><W57/><G123/><T120/><D120/><U126/><E126/><V41/><F41/><W99/><G124/><T65/><D71/><U34/><E34/><V87/><F108/><W40/><G74/><T69/><D19/><U33/><E33/><V86/><F5/><W3/><G3/><T59/><D69/><U46/><E134/><V47/><F47/><W58/><G67/><T104/><D83/><U27/><E110/><V133/><F133/><W109/><G109/><T101/><D75/><U79/><E79/><V95/><F116/><W107/><G107/><T77/><D77/><U10/><E62/><V13/><F119/><W1/><G1/><T2/><REACH who="0" step="1"/><D102/><REACH who="0" ten="230,250,260,250" step="2"/><U129/><E70/><V112/><F112/><W25/><G80/><T6/><D6/><U23/><E129/><V117/><F117/><W135/><G135/><T132/><D132/><U76/><E72/><V105/><F105/><W125/><G125/><T11/><D11/><U66/><E78/><V73/><F73/><W14/><G25/><T30/><D30/><N who="1" m="17767" /><E76/><V43/><F100/><W55/><G58/><T48/><D48/><U111/><E111/><V56/><F56/><W36/><G36/><T90/><D90/><AGARI ba="0,1" hai="14,16,22,40,42,50,55,57,81,84,90,94,99,103" machi="90" ten="30,3900,0" yaku="7,1,8,1,54,1" doraHai="106" who="3" fromWho="0" sc="230,-39,250,0,260,0,250,49" /><INIT seed="2,0,0,2,5,106" ten="191,250,260,299" oya="2" hai0="50,55,78,127,72,2,35,4,41,132,13,103,130" hai1="120,135,124,66,125,89,91,32,38,60,71,77,45" hai2="1,123,126,56,76,57,14,108,74,61,63,113,22" hai3="105,102,117,20,84,64,69,18,19,86,104,27,85"/><V109/><F1/><W101/><G117/><T90/><D35/><U54/><E32/><V100/><F123/><W93/><G64/><T73/><D78/><U12/><E120/><V97/><F113/><W43/><G69/><T122/><D2/><U39/><E135/><V53/><F126/><N who="1" m="48745" /><E77/><V70/><F70/><W8/><G43/><T34/><D34/><U48/><E12/><V83/><F22/><W133/><G133/><T96/><D127/><U112/><E112/><V51/><F14/><N who="3" m="7495" /><G105/><T46/><D122/><U49/><E91/><V11/><F11/><W121/><G104/><T67/><D132/><U15/><E89/><V79/><F79/><W68/><G68/><T52/><D90/><U40/><E15/><V16/><F16/><W82/><G121/><T134/><D134/><U65/><E65/><V10/><F10/><W59/><G59/><AGARI ba="0,0" hai="38,39,40,45,48,49,54,59,60,66,71" m="48745" machi="59" ten="30,3900,0" yaku="18,1,34,2" doraHai="106" who="1" fromWho="3" sc="191,0,250,39,260,0,299,-39" /><INIT seed="3,0,0,2,1,3" ten="191,289,260,260" oya="3" hai0="14,11,88,111,92,79,80,53,78,9,82,99,41" hai1="68,36,65,75,123,51,70,43,42,106,19,96,125" hai2="115,54,34,108,89,62,40,135,8,84,48,20,38" hai3="5,24,29,6,55,133,18,0,124,26,63,90,32"/><W15/><G124/><T23/><D111/><U60/><E75/><V100/><F34/><W28/><G133/><T116/><D41/><U57/><E123/><V39/><F108/><W122/><G0/><T129/><D129/><U130/><E19/><V37/><F115/><W7/><G122/><T69/><D69/><N who="1" m="26731" /><E96/><V105/><F135/><W58/><G90/><T103/><D116/><U71/><E106/><V118/><F118/><W107/><G107/><T35/><D35/><U12/><E12/><V83/><F62/><W59/><G59/><T73/><D103/><U93/><E93/><V134/><F40/><N who="1" m="15401" /><E125/><V52/><F134/><W98/><G98/><T117/><D117/><U97/><E97/><V126/><F126/><W49/><G63/><T113/><D113/><U119/><E119/><V47/><F54/><W95/><G95/><T109/><D109/><U81/><E81/><V4/><F20/><N who="3" m="11359" /><G32/><T64/><D64/><U17/><E17/><V25/><F25/><AGARI ba="0,0" hai="5,6,7,24,25,26,28,29,49,55,58" m="11359" machi="25" ten="30,11600,0" yaku="8,1,52,3" doraHai="3" who="3" fromWho="2" sc="191,0,289,0,260,-116,260,116" owari="191,-21.0,289,9.0,144,-36.0,376,48.0" /></mjloggm>