<mjloggm ver="2.3"><GO type="97" lobby="0"/><UN n0="%E7%99%BE%E5%85%AB%E7%85%A9%E6%82%A9" n1="%63%6F%6E%75%6C%61" n2="%E3%83%88%E3%83%88%E3%83%AA%E5%85%88%E7%94%9F%31%39%E6%AD%B3" n3="%E3%81%A6%E3%81%91%E3%81%A8%E3%83%BC%E3%81%BF%E3%82%93%E2%98%86%E5%BD%A1" dan="14,13,14,13" rate="1910.43,1876.93,2039.80,1855.60" sx="M,M,F,F"/><TAIKYOKU oya="0"/><INIT seed="0,0,0,2,2,86" ten="250,250,250,250" oya="0" hai0="65,131,20,116,50,70,5,91,127,125,71,40,74" hai1="95,133,44,92,105,77,79,111,46,31,97,63,45" hai2="61,57,83,101,128,55,21,26,82,10,103,28,2" hai3="104,35,107,112,43,122,14,130,73,134,126,80,108"/><T15/><D116/><U68/><E105/><V60/><F128/><W106/><RYUUKYOKU type="yao9" ba="0,0" sc="250,0,250,0,250,0,250,0" hai3="14,35,43,73,80,104,106,107,108,112,122,126,130,134" /><INIT seed="0,1,0,0,2,18" ten="250,250,250,250" oya="0" hai0="65,124,12,16,7,84,58,23,66,81,92,19,134" hai1="60,25,37,91,109,47,11,76,101,54,116,33,34" hai2="115,14,135,105,29,68,127,5,24,35,61,44,129" hai3="106,28,48,2,88,95,67,27,59,0,62,130,73"/><T39/><D39/><U117/><E101/><V96/><F115/><W41/><G130/><T70/><D70/><U123/><E123/><V13/><F129/><W1/><G106/><T30/><D134/><U20/><E76/><V26/><F135/><W103/><G73/><T21/><D124/><U9/><E109/><V31/><F127/><W10/><G103/><T45/><D45/><U8/><E34/><V6/><F44/><W83/><G83/><T63/><D92/><U64/><E33/><N who="2" m="20647" /><F61/><W121/><G121/><T43/><D43/><U77/><E77/><V122/><F96/><W75/><G75/><T38/><D30/><U133/><E133/><V113/><F68/><W3/><G41/><T74/><D7/><N who="2" m="2570" /><F105/><W56/><G10/><T46/><D46/><U104/><E104/><V85/><F85/><W53/><G0/><T52/><D38/><U17/><E91/><V131/><F113/><W72/><G72/><T128/><D74/><U132/><E132/><V32/><F122/><W4/><G4/><T90/><D128/><U126/><E126/><V107/><F107/><W86/><REACH who="3" step="1"/><G1/><REACH who="3" ten="250,250,250,240" step="2"/><T82/><D82/><U102/><E102/><V42/><F42/><W80/><G80/><T78/><D78/><U71/><REACH who="1" step="1"/><E37/><REACH who="1" ten="250,240,250,240" step="2"/><V94/><F131/><W36/><G36/><T93/><REACH who="0" step="1"/><D81/><REACH who="0" ten="240,240,250,240" step="2"/><U49/><AGARI ba="1,3" hai="8,9,11,17,20,25,47,49,54,60,64,71,116,117" machi="49" ten="30,7900,0" yaku="1,1,2,1,0,1,52,1,53,0" doraHai="18" doraHaiUra="87" who="1" fromWho="1" sc="240,-40,240,112,250,-21,240,-21" /><INIT seed="1,0,0,2,0,104" ten="200,352,229,219" oya="1" hai0="117,76,96,42,127,2,49,119,121,118,89,115,95" hai1="112,56,126,71,9,110,45,22,6,23,81,116,69" hai2="102,98,88,85,101,40,7,1,32,86,19,35,105" hai3="92,93,72,120,128,87,47,51,83,16,103,94,134"/><U20/><E45/><V36/><F86/><W125/><G120/><T66/><D2/><U10/><E116/><V79/><F79/><N who="3" m="46591" /><G72/><T3/><D3/><U129/><E112/><V132/><F132/><W13/><G134/><T113/><D66/><U30/><E126/><V52/><F101/><W55/><G128/><T62/><D62/><U11/><E129/><V77/><F77/><W131/><G125/><T59/><D59/><U18/><E30/><V50/><F40/><W4/><G131/><T26/><D26/><U0/><E56/><V108/><F36/><W31/><G31/><T14/><D14/><U109/><E81/><V80/><F108/><N who="1" m="41577" /><E71/><V65/><F65/><W5/><G103/><T12/><D121/><U111/><E69/><V107/><F107/><W97/><G97/><T48/><D127/><U33/><E33/><V53/><F53/><W58/><G47/><T90/><D115/><U73/><E73/><V27/><F35/><W114/><G114/><T38/><D113/><U74/><E74/><V99/><F32/><W15/><G15/><T106/><D12/><N who="1" m="7439" /><E111/><V46/><F27/><W43/><G43/><T135/><D42/><U25/><E11/><AGARI ba="0,0" hai="4,5,11,13,16,51,55,58,92,93,94" m="46591" machi="11" ten="30,2000,0" yaku="8,1,54,1" doraHai="104" who="3" fromWho="1" sc="200,0,352,-20,229,0,219,20" /><INIT seed="2,0,0,1,0,124" ten="200,332,229,239" oya="2" hai0="13,31,3,81,26,87,8,6,129,47,111,112,101" hai1="62,78,132,125,33,96,120,117,103,57,74,64,94" hai2="7,123,23,66,38,92,0,73,109,24,127,59,128" hai3="29,131,58,89,126,99,19,60,119,80,39,116,48"/><V41/><F123/><W70/><G126/><T56/><D112/><U46/><E33/><V97/><F73/><W30/><G39/><T91/><D111/><U83/><E117/><V16/><F127/><W77/><G70/><T27/><D101/><U36/><E125/><V53/><F109/><W18/><G48/><T1/><D47/><U2/><E132/><V100/><F66/><N who="3" m="39191" /><G116/><T43/><D43/><U37/><E2/><V110/><F128/><W22/><G119/><T65/><D27/><U69/><E120/><V75/><F75/><W88/><G131/><T72/><D72/><U34/><E34/><V134/><F110/><W17/><G22/><T122/><D122/><U82/><E82/><V10/><F134/><W14/><G14/><T25/><D25/><U115/><E115/><V44/><F59/><W5/><G5/><T9/><D129/><U118/><E118/><V15/><REACH who="2" step="1"/><F53/><REACH who="2" ten="200,332,219,239" step="2"/><W42/><G42/><T71/><D56/><U95/><E57/><V76/><F76/><W12/><G77/><T108/><D108/><U55/><E55/><V130/><F130/><W90/><G12/><AGARI ba="0,1" hai="0,7,10,12,15,16,23,24,38,41,44,92,97,100" machi="12" ten="40,7700,0" yaku="1,1,54,1,53,1" doraHai="124" doraHaiUra="68" who="2" fromWho="3" sc="200,0,332,0,219,87,239,-77" /><INIT seed="2,1,0,3,1,48" ten="200,332,306,162" oya="2" hai0="18,84,47,29,70,19,78,131,114,89,22,86,112" hai1="1,15,115,23,33,79,65,121,135,3,107,74,81" hai2="126,77,82,85,105,11,56,71,64,2,92,8,119" hai3="106,40,7,41,125,49,37,98,123,4,9,96,16"/><V25/><F119/><W124/><G123/><T80/><D70/><U24/><E33/><V63/><F105/><W100/><G37/><T5/><D131/><U130/><E115/><V99/><F126/><N who="3" m="48747" /><G98/><T34/><D34/><U52/><E65/><V109/><F2/><W59/><G40/><T128/><D128/><U54/><E130/><V72/><F72/><W44/><G59/><T39/><D5/><U42/><E107/><V90/><F109/><W134/><G134/><T60/><D114/><U21/><E42/><V20/><REACH who="2" step="1"/><F71/><REACH who="2" ten="200,332,296,162" step="2"/><W31/><G31/><AGARI ba="1,1" hai="8,11,20,25,31,56,63,64,77,82,85,90,92,99" machi="31" ten="30,11600,0" yaku="1,1,2,1,7,1,8,1,53,0" doraHai="48" doraHaiUra="122" who="2" fromWho="3" sc="200,0,332,0,296,129,162,-119" /><INIT seed="2,2,0,0,5,101" ten="200,332,425,43" oya="2" hai0="40,17,118,10,30,52,39,61,75,103,49,56,16" hai1="97,112,81,120,127,4,9,13,19,50,121,113,77" hai2="126,98,135,131,27,117,129,99,95,35,88,51,134" hai3="84,5,106,82,124,102,46,12,133,91,79,62,2"/><V0/><F117/><W105/><G2/><T132/><D75/><U71/><E71/><V21/><F0/><W47/><G62/><T76/><D76/><U37/><E37/><V7/><F7/><W104/><G133/><N who="2" m="50697" /><F35/><W23/><G124/><T83/><D132/><U29/><E97/><N who="2" m="57575" /><F51/><W1/><G1/><T36/><D49/><U100/><E100/><V64/><F64/><W108/><G108/><T34/><D34/><U68/><E68/><V25/><F25/><W32/><G32/><T78/><D118/><U69/><E69/><V28/><F126/><W24/><G102/><T43/><D103/><U116/><E116/><V6/><F6/><W92/><G12/><T22/><D30/><U18/><E127/><V128/><AGARI ba="2,0" hai="21,27,28,98,99,128,129,131" m="57575,50697" machi="128" ten="40,7800,0" yaku="19,1,20,1,54,1" doraHai="101" who="2" fromWho="2" sc="200,-28,332,-28,425,84,43,-28" /><INIT seed="2,3,0,2,1,1" ten="172,304,509,15" oya="2" hai0="102,27,7,43,121,16,36,109,130,20,110,112,33" hai1="39,81,92,83,122,48,67,5,132,71,96,46,65" hai2="127,87,111,116,94,60,75,104,86,11,9,95,3" hai3="93,24,42,128,13,63,106,108,29,51,85,100,15"/><V17/><F104/><W68/><G108/><N who="0" m="41579" /><D102/><U41/><E41/><V53/><F60/><W54/><G128/><T77/><D77/><U73/><E73/><V14/><F3/><W28/><G106/><T37/><D43/><U107/><E107/><V125/><F111/><W91/><G100/><T19/><D37/><U135/><E135/><V35/><F14/><W23/><G29/><N who="0" m="19647" /><D36/><U90/><E90/><V30/><F53/><W74/><G74/><T66/><D66/><U105/><E105/><V119/><F30/><W34/><G34/><T38/><D38/><U84/><E84/><V59/><F35/><W101/><G101/><T103/><D103/><U58/><E58/><V4/><F59/><N who="3" m="35319" /><G68/><T88/><D88/><U70/><E70/><V61/><F61/><W120/><G120/><T0/><D121/><U31/><E31/><V115/><F75/><W82/><G82/><T129/><D112/><U12/><E12/><V80/><F80/><W79/><G79/><T2/><D2/><U123/><E123/><V78/><F78/><W22/><G22/><T133/><D133/><U21/><E21/><V62/><F115/><W98/><G85/><T131/><D20/><U97/><E97/><V44/><F86/><W72/><G72/><T56/><D56/><U55/><E55/><V114/><F87/><W76/><G76/><T52/><D52/><U40/><E40/><V45/><F114/><W57/><G57/><T47/><D47/><AGARI ba="3,0" hai="13,15,23,24,28,42,47,51,91,93,98" m="35319" machi="47" ten="30,1000,0" yaku="8,1" doraHai="1" who="3" fromWho="0" sc="172,-19,304,0,509,0,15,19" /><INIT seed="3,0,0,2,2,131" ten="153,304,509,34" oya="3" hai0="37,59,26,114,103,42,20,13,123,16,101,48,29" hai1="115,0,45,65,95,88,66,64,117,105,15,43,52" hai2="98,110,33,12,111,121,73,79,78,130,7,14,120" hai3="6,84,19,24,28,119,51,86,70,56,39,62,44"/><W77/><G119/><T40/><D114/><U1/><E105/><V76/><F33/><W21/><G70/><T99/><D123/><N who="2" m="47178" /><F130/><W127/><G127/><T126/><D126/><U27/><E115/><V22/><F73/><W38/><G6/><T9/><D37/><U2/><E117/><V129/><F129/><W34/><G39/><T118/><D118/><U49/><E43/><N who="0" m="16425" /><D99/><U60/><E15/><N who="2" m="5675" /><F7/><W55/><G38/><T89/><D89/><U46/><E27/><V57/><F22/><W63/><G77/><T90/><D90/><U102/><E102/><V8/><F8/><W4/><G4/><T132/><D132/><U17/><E17/><V81/><F81/><W113/><G113/><T74/><D74/><U122/><E122/><V135/><F135/><W32/><G62/><T41/><D41/><U104/><E104/><V83/><F83/><W54/><REACH who="3" step="1"/><G32/><REACH who="3" ten="153,304,509,24" step="2"/><T47/><D47/><U3/><N who="1" m="512" /><DORA hai="31" /><U108/><E108/><V71/><F71/><W91/><G91/><T30/><D30/><U109/><E109/><V112/><F112/><W93/><G93/><T69/><D69/><U96/><REACH who="1" step="1"/><E46/><REACH who="1" ten="153,294,509,24" step="2"/><V134/><F110/><W25/><AGARI ba="0,2" hai="19,21,24,25,28,34,44,51,54,55,56,63,84,86" machi="25" ten="20,12000,1" yaku="1,1,0,1,7,1,52,1,53,1" doraHai="131,31" doraHaiUra="18,100" who="3" fromWho="3" sc="153,-40,294,-40,509,-40,24,140" /><INIT seed="3,1,0,5,3,13" ten="113,254,469,164" oya="3" hai0="79,117,98,2,105,87,126,91,40,122,95,85,15" hai1="17,73,72,19,21,45,33,92,35,82,128,42,90" hai2="108,106,100,129,39,101,113,54,67,70,130,112,97" hai3="38,63,86,11,110,64,62,78,28,6,53,44,114"/><W51/><G114/><T25/><D2/><U24/><E19/><V83/><F39/><W120/><G120/><T80/><D122/><U31/><E128/><N who="2" m="49259" /><F108/><W88/><G110/><T103/><D117/><U52/><E52/><V60/><F101/><W16/><G38/><T125/><D40/><U74/><E82/><V12/><F12/><N who="3" m="5239" /><G28/><T26/><REACH who="0" step="1"/><D15/><REACH who="0" ten="103,254,469,164" step="2"/><U115/><E115/><V55/><F83/><N who="3" m="49247" /><G64/><T121/><D121/><U94/><E42/><V46/><F55/><W96/><G78/><T22/><D22/><U30/><E33/><V10/><F10/><W61/><G96/><T57/><D57/><U75/><E35/><V81/><F81/><W23/><G61/><T18/><D18/><U20/><E17/><V127/><F112/><W7/><G7/><T134/><D134/><U0/><E30/><V68/><F113/><W71/><G71/><T59/><D59/><U123/><E31/><V27/><F106/><W32/><G32/><T109/><D109/><U47/><E0/><V119/><F68/><W135/><G135/><T9/><D9/><U43/><E123/><V56/><F119/><W36/><G36/><T29/><D29/><U104/><E104/><V99/><F70/><W131/><G131/><T4/><D4/><U3/><E3/><V48/><F60/><W89/><G62/><T107/><D107/><U102/><E43/><V111/><F67/><W76/><G63/><T49/><D49/><U41/><E41/><V8/><F48/><W34/><G34/><T93/><D93/><U124/><E94/><V118/><F118/><W77/><G51/><RYUUKYOKU ba="1,1" sc="103,30,254,-10,469,-10,164,-10" hai0="25,26,79,80,85,87,91,95,98,103,105,125,126" owari="133,-37.0,244,4.0,469,58.0,154,-25.0" /></mjloggm>