<mjloggm ver="2.3"><GO type="97" lobby="0"/><UN n0="%E3%81%8A%E3%81%A3%E3%81%B1%E3%81%84%E5%85%88%E7%94%9F" n1="%E3%83%8B%E3%82%A6%E3%83%91%E3%83%AB%52" n2="%79%61%37%37%33%33" n3="%E5%B0%B1%E6%B4%BB%E7%94%9F%40%E5%B7%9D%E6%9D%91%E8%BB%8D%E5%9B%A3" dan="14,14,16,15" rate="1948.98,1960.72,2077.58,2024.57" sx="F,M,M,M"/><TAIKYOKU oya="0"/><INIT seed="0,0,0,3,5,29" ten="250,250,250,250" oya="0" hai0="89,133,71,99,91,132,134,57,110,26,74,0,87" hai1="39,86,106,17,49,90,30,112,31,113,6,98,5" hai2="114,21,108,88,55,107,73,20,24,27,102,72,131" hai3="56,16,117,9,54,41,116,14,34,51,124,44,75"/><T35/><D74/><U65/><E39/><V36/><F36/><W48/><G75/><T118/><D118/><U115/><E65/><V8/><F114/><W58/><G124/><T83/><D71/><U109/><E109/><V81/><F107/><W103/><G34/><T53/><D0/><U85/><E49/><V45/><F102/><W1/><G103/><T10/><D10/><U61/><E61/><V94/><F8/><W82/><G1/><T92/><D110/><U25/><E106/><V128/><F108/><W47/><G117/><T42/><D42/><U121/><E121/><V38/><F38/><W120/><G120/><T119/><D119/><U97/><E17/><V125/><F125/><W2/><G2/><T4/><D4/><N who="1" m="1643" /><E25/><V67/><F67/><W104/><G104/><T95/><D83/><N who="1" m="49471" /><E86/><V84/><F55/><W43/><G116/><T12/><D12/><U23/><E23/><V76/><F45/><W79/><G54/><T50/><D26/><N who="2" m="9770" /><F73/><W130/><G130/><AGARI ba="0,0" hai="20,21,72,76,81,84,88,94,128,130,131" m="9770" machi="130" ten="30,2000,0" yaku="19,1,54,1" doraHai="29" who="2" fromWho="3" sc="250,0,250,0,250,20,250,-20" /><INIT seed="1,0,0,0,3,104" ten="250,250,270,230" oya="1" hai0="54,23,87,5,36,71,108,129,130,111,32,75,57" hai1="12,3,70,56,31,98,110,84,16,43,121,94,103" hai2="7,77,6,15,92,131,107,13,20,118,85,100,114" hai3="27,89,83,53,120,48,80,122,50,30,101,66,67"/><U26/><E121/><V35/><F35/><W134/><G134/><T14/><D32/><U106/><E3/><V62/><F118/><W39/><G39/><T55/><D36/><U46/><E70/><V58/><F114/><W10/><G101/><T47/><D71/><U18/><E110/><N who="0" m="42025" /><D47/><U29/><E56/><V69/><F69/><W0/><G50/><T2/><D2/><U128/><E128/><N who="0" m="49257" /><D87/><U22/><E84/><V78/><F131/><W88/><G10/><N who="0" m="4431" /><D23/><N who="1" m="11655" /><E106/><V42/><F107/><W74/><G0/><T28/><D28/><N who="1" m="10827" /><E46/><V105/><F105/><W96/><G30/><T81/><D57/><U72/><E72/><V38/><F38/><W73/><G27/><T44/><D44/><U68/><E68/><V65/><F42/><AGARI ba="0,0" hai="18,22,26,42,43,94,98,103" m="10827,11655" machi="42" ten="30,2900,0" yaku="8,1,54,1" doraHai="104" who="1" fromWho="2" sc="250,0,250,29,270,-29,230,0" /><INIT seed="1,1,0,4,4,109" ten="250,279,241,230" oya="1" hai0="23,46,44,17,53,135,96,19,73,78,87,66,55" hai1="31,83,68,60,20,48,39,5,9,41,18,123,36" hai2="84,114,106,28,111,103,75,61,71,86,16,124,38" hai3="127,98,88,134,21,94,118,95,132,74,37,121,64"/><U6/><E123/><V105/><F38/><W115/><G37/><T10/><D73/><U0/><E6/><V77/><F111/><W49/><G74/><T40/><D135/><N who="3" m="51753" /><G121/><T29/><D66/><U110/><E110/><V101/><F28/><W2/><G2/><T4/><D96/><U104/><E104/><V45/><F45/><N who="0" m="17514" /><D40/><U82/><E31/><V129/><F61/><W25/><G118/><T47/><N who="0" m="17522" /><T126/><DORA hai="97" /><D126/><U85/><E41/><V93/><F71/><W32/><G32/><T100/><D29/><U54/><E48/><V125/><F16/><N who="0" m="6218" /><D23/><U26/><E83/><N who="2" m="45503" /><F114/><W119/><G119/><T112/><D112/><U52/><E54/><N who="0" m="20489" /><D87/><N who="2" m="33322" /><F129/><W35/><G35/><T27/><D78/><U22/><E20/><V34/><F34/><W12/><G64/><T79/><D79/><U62/><E22/><V51/><F51/><W24/><G127/><N who="2" m="48713" /><F93/><W113/><G94/><T99/><D27/><N who="3" m="10313" /><G49/><T69/><D69/><U81/><E26/><V33/><F33/><W131/><G131/><T91/><D4/><U80/><E68/><V70/><F70/><W14/><G21/><T89/><D10/><U1/><E9/><V59/><F59/><W128/><G128/><T130/><D130/><U120/><E5/><V117/><F117/><W3/><G3/><T42/><D42/><U63/><E0/><V116/><F116/><W7/><G7/><T13/><D13/><AGARI ba="1,0" hai="12,13,14,88,95,98,113,115" m="10313,51753" machi="13" ten="30,7700,0" yaku="20,1,52,2,54,1" doraHai="109,97" who="3" fromWho="0" sc="250,-80,279,0,241,0,230,80" /><INIT seed="2,0,0,2,0,2" ten="170,279,241,310" oya="2" hai0="90,122,54,63,75,112,100,21,58,4,13,91,111" hai1="98,56,113,71,49,50,123,1,48,66,120,26,89" hai2="109,60,77,55,119,0,133,86,5,15,87,117,105" hai3="131,82,128,108,85,22,35,129,114,118,51,106,102"/><V8/><F105/><W134/><G35/><T25/><D122/><N who="1" m="46635" /><E1/><V107/><F107/><W14/><G118/><T79/><D112/><U94/><E113/><V64/><F133/><W62/><G114/><T81/><D111/><U103/><E71/><V80/><F109/><W9/><G108/><T83/><D100/><U40/><E26/><V24/><F0/><W6/><G134/><T42/><D42/><U67/><E40/><V116/><F24/><W28/><G62/><T44/><D44/><U130/><E130/><V23/><F23/><W70/><G70/><T127/><D81/><U61/><E67/><V110/><F110/><W17/><G51/><T46/><D46/><U99/><E99/><V57/><REACH who="2" step="1"/><F64/><REACH who="2" ten="170,279,231,310" step="2"/><W68/><G106/><T88/><D127/><U72/><E72/><AGARI ba="0,1" hai="5,8,15,55,57,60,72,77,80,86,87,116,117,119" machi="72" ten="40,12000,1" yaku="1,1,2,1,52,1,53,1" doraHai="2" doraHaiUra="10" who="2" fromWho="1" sc="170,0,279,-120,231,130,310,0" /><INIT seed="2,1,0,3,1,6" ten="170,159,361,310" oya="2" hai0="101,131,2,100,94,71,135,13,89,116,59,95,110" hai1="109,65,123,30,39,67,92,27,26,88,15,23,113" hai2="78,11,90,3,76,69,119,4,66,46,107,121,79" hai3="63,86,25,98,55,52,128,126,133,74,8,102,118"/><V73/><F121/><W24/><G74/><T14/><D2/><U125/><E113/><V32/><F119/><W104/><G118/><T28/><D116/><U61/><E39/><V96/><F32/><W1/><G128/><T10/><D71/><U77/><E77/><V18/><F18/><W53/><G126/><T114/><D131/><U120/><E125/><V12/><F12/><W44/><G133/><T31/><D135/><U124/><E124/><V112/><F112/><W35/><G35/><T19/><D114/><U51/><E109/><V134/><F134/><W97/><G97/><T47/><D110/><U17/><E51/><V75/><F46/><W132/><G132/><T115/><D115/><U49/><E49/><V58/><F58/><W7/><G44/><T60/><D47/><U62/><E67/><V40/><F40/><W5/><G5/><T117/><D117/><U93/><E93/><V37/><F37/><W50/><G50/><T130/><D130/><U122/><E65/><V87/><F66/><W70/><G70/><T16/><D59/><U80/><E80/><V38/><F38/><W84/><REACH who="3" step="1"/><G63/><REACH who="3" ten="170,159,361,300" step="2"/><N who="1" m="24074" /><E30/><V0/><F69/><W82/><G82/><T99/><D60/><U111/><E111/><V29/><F29/><W22/><G22/><N who="0" m="11535" /><D101/><U108/><E108/><V41/><F41/><W21/><G21/><T57/><D57/><U81/><E81/><N who="2" m="49519" /><F0/><W68/><G68/><T20/><D20/><U72/><E72/><N who="2" m="27723" /><F96/><AGARI ba="1,1" hai="10,14,19,28,31,89,94,95,96,99,100" m="11535" machi="96" ten="30,3900,0" yaku="8,1,52,1,54,1" doraHai="6" who="0" fromWho="2" sc="170,52,159,0,361,-42,300,0" /><AGARI ba="1,0" hai="15,17,23,26,27,88,92,96,120,122,123" m="24074" machi="96" ten="30,2000,0" yaku="13,1,54,1" doraHai="6" who="1" fromWho="2" sc="222,0,159,20,319,-20,300,0" /><INIT seed="3,0,0,0,5,31" ten="222,179,299,300" oya="3" hai0="27,123,88,66,17,50,26,101,47,130,83,77,15" hai1="39,64,70,89,110,5,85,46,121,18,56,115,122" hai2="45,55,97,32,108,14,22,134,69,38,67,63,119" hai3="6,61,37,96,58,4,92,25,105,72,103,52,60"/><W112/><G37/><T51/><D123/><U84/><E115/><V43/><F32/><W94/><G72/><T95/><D130/><U131/><E5/><N who="3" m="2154" /><G112/><T109/><D101/><U79/><E70/><V129/><F119/><W21/><G105/><T7/><D66/><U106/><E106/><V28/><F129/><W44/><G44/><T65/><D65/><U48/><E131/><V120/><F120/><W118/><G118/><T19/><D7/><U33/><E110/><V36/><F108/><W34/><G34/><T81/><D109/><U40/><E33/><V24/><F134/><W90/><G61/><T127/><D127/><U1/><E1/><V74/><F74/><W91/><G92/><T30/><D30/><AGARI ba="0,0" hai="21,25,30,52,58,60,90,91,94,96,103" m="2154" machi="30" ten="30,2900,0" yaku="8,1,54,1" doraHai="31" who="3" fromWho="0" sc="222,-29,179,0,299,0,300,29" owari="193,-21.0,179,-32.0,299,10.0,329,43.0" /></mjloggm>