<mjloggm ver="2.3"><GO type="41" lobby="0"/><UN n0="%65%74%61%6B%61%32%34" n1="%79%6F%73%73%79%69%33%39" n2="%73%75%6E%61%30%30%30" n3="%E5%B0%B1%E6%B4%BB%E7%94%9F%40%E5%B7%9D%E6%9D%91%E8%BB%8D%E5%9B%A3" dan="14,14,13,15" rate="1923.98,1922.08,1937.42,1997.06" sx="M,M,M,M"/><TAIKYOKU oya="0"/><INIT seed="0,0,0,4,2,117" ten="250,250,250,250" oya="0" hai0="61,27,112,50,74,18,106,24,38,31,23,119,64" hai1="6,47,113,37,86,59,10,69,127,92,40,36,99" hai2="55,114,81,124,49,103,79,17,68,123,25,133,126" hai3="111,96,105,28,107,93,100,95,34,13,51,65,128"/><T29/><D119/><U102/><E127/><V135/><F68/><W48/><G111/><T41/><D112/><U84/><E113/><V78/><F103/><W94/><G128/><T53/><D74/><U0/><E69/><V87/><F114/><W115/><G115/><T80/><D106/><U8/><E37/><V60/><F79/><W52/><G65/><T43/><D38/><U91/><E10/><V109/><F60/><W54/><G107/><T44/><D80/><U98/><REACH who="1" step="1"/><E59/><REACH who="1" ten="250,240,250,250" step="2"/><V121/><F109/><W67/><G67/><T39/><D39/><U122/><E122/><N who="2" m="46603" /><F25/><W108/><G108/><T97/><D31/><U9/><E9/><V11/><F11/><W5/><G28/><T1/><D1/><U16/><E16/><V45/><F17/><W101/><G5/><T76/><D29/><U134/><E134/><AGARI ba="0,1" hai="45,49,55,78,81,87,124,126,133,134,135" m="46603" machi="134" ten="30,7700,0" yaku="20,1,52,3" doraHai="117" who="2" fromWho="1" sc="250,0,240,-77,250,87,250,0" /><INIT seed="1,0,0,0,0,72" ten="250,163,337,250" oya="1" hai0="13,101,6,120,33,112,7,29,122,97,65,32,129" hai1="102,40,28,19,43,39,0,111,38,68,113,35,58" hai2="26,134,53,56,8,51,80,91,93,75,90,12,83" hai3="55,125,37,41,36,127,126,74,17,100,131,135,21"/><U114/><E0/><V59/><F134/><W22/><G74/><T2/><D65/><U63/><E102/><V88/><F26/><W77/><G135/><T16/><D97/><U89/><E19/><V25/><F25/><W54/><G131/><T57/><D101/><U133/><E28/><V34/><F34/><N who="0" m="13418" /><D57/><U106/><E35/><V52/><F75/><W103/><G41/><T79/><D79/><U86/><E106/><V49/><F93/><W98/><G98/><T42/><D42/><U118/><E118/><V92/><F92/><W4/><G4/><AGARI ba="0,0" hai="4,8,12,49,51,52,53,56,59,80,83,88,90,91" machi="4" ten="40,8000,1" yaku="9,1,8,1,54,2" doraHai="72" who="2" fromWho="3" sc="250,0,163,0,337,80,250,-80" /><INIT seed="2,0,0,1,0,73" ten="250,163,417,170" oya="2" hai0="57,135,54,48,92,103,32,85,9,61,96,65,134" hai1="68,45,115,116,30,129,133,17,87,119,58,79,16" hai2="11,47,100,132,15,56,23,62,88,110,33,20,14" hai3="91,76,81,124,123,28,66,26,82,27,19,18,53"/><V104/><F33/><W0/><G123/><T90/><D32/><U42/><E68/><V127/><F132/><W120/><G0/><T74/><D74/><U34/><E115/><V97/><F127/><W46/><G120/><T106/><REACH who="0" step="1"/><D9/><REACH who="0" ten="240,163,417,170" step="2"/><U80/><E119/><V111/><F11/><W94/><G124/><T21/><D21/><U89/><E116/><V60/><F23/><W25/><G28/><T3/><D3/><U2/><E2/><V59/><F20/><W75/><G66/><T121/><D121/><U128/><E30/><V131/><F15/><W7/><G7/><T8/><D8/><U84/><E34/><V24/><F14/><W64/><G64/><T63/><D63/><U31/><E31/><V39/><F24/><W101/><G101/><T50/><D50/><U67/><E67/><V98/><F131/><W22/><G22/><T4/><D4/><U13/><E13/><V117/><F117/><W78/><G19/><T12/><D12/><U77/><E58/><AGARI ba="0,1" hai="48,54,57,58,61,65,85,90,92,96,103,106,134,135" machi="58" ten="40,1300,0" yaku="1,1,53,0" doraHai="73" doraHaiUra="105" who="0" fromWho="1" sc="240,23,163,-13,417,0,170,0" /><INIT seed="3,0,0,3,0,77" ten="263,150,417,170" oya="3" hai0="124,35,121,63,79,13,128,43,17,32,44,56,27" hai1="117,110,82,28,66,57,2,85,93,126,86,23,103" hai2="3,116,134,104,55,89,8,67,81,51,45,18,25" hai3="78,37,127,131,39,94,96,97,24,54,92,48,70"/><W59/><G70/><T33/><D121/><U47/><E2/><V5/><F116/><W58/><G78/><T98/><D124/><U4/><E110/><V73/><F104/><W83/><G127/><T29/><D128/><U72/><E126/><V65/><F134/><W22/><G131/><T109/><D109/><U20/><E4/><V41/><F73/><W50/><G22/><T99/><D79/><U11/><E11/><V107/><F107/><W12/><G12/><T76/><D76/><U36/><E72/><V133/><F133/><W46/><G24/><T106/><D99/><U120/><E120/><V7/><F7/><W112/><G112/><T118/><D118/><U101/><E36/><V114/><F114/><W34/><G34/><T15/><D15/><U74/><E74/><V122/><F122/><W49/><G83/><T108/><D108/><U75/><E75/><V68/><F68/><W125/><G125/><T53/><D98/><N who="3" m="37993" /><G39/><T42/><D106/><U135/><E135/><V111/><F111/><W9/><G9/><T61/><D63/><U6/><E6/><V91/><F91/><W21/><G37/><T87/><D87/><U52/><E93/><N who="3" m="35946" /><G21/><T16/><D17/><U113/><E113/><V95/><F95/><W38/><G38/><T31/><D31/><U69/><E69/><V132/><F132/><W0/><G0/><T64/><D64/><U100/><E66/><V123/><F67/><W1/><G1/><T60/><D61/><U80/><E117/><V14/><F65/><W40/><G40/><N who="0" m="15403" /><D44/><U88/><E47/><V84/><F123/><RYUUKYOKU ba="0,0" sc="263,15,150,-15,417,-15,170,15" hai0="13,16,27,29,32,33,35,53,56,60" hai3="46,48,49,50,54,58,59" /><INIT seed="3,1,0,4,4,121" ten="278,135,402,185" oya="3" hai0="97,84,55,81,7,72,13,90,39,61,66,16,56" hai1="42,65,118,30,49,28,40,135,62,93,1,112,67" hai2="94,12,60,2,110,41,46,74,105,114,125,59,79" hai3="24,47,95,64,57,15,44,104,127,14,0,83,92"/><W106/><G0/><T32/><D39/><U100/><E1/><V130/><F2/><W26/><G127/><T58/><D32/><U80/><E112/><V52/><F105/><N who="3" m="40555" /><G57/><T71/><D72/><U34/><E34/><V20/><F125/><W18/><G18/><T96/><D7/><U33/><E33/><V37/><F130/><W27/><G83/><T120/><D120/><U113/><E113/><V89/><F114/><W35/><G64/><T131/><D131/><U70/><E135/><V123/><F123/><W29/><G29/><T107/><D107/><U8/><E118/><V38/><F79/><W51/><G51/><T19/><D71/><U108/><E8/><V102/><F74/><W77/><G77/><T82/><D82/><U78/><E67/><V3/><F3/><W116/><G116/><T9/><REACH who="0" step="1"/><D19/><REACH who="0" ten="268,135,402,185" step="2"/><U73/><E70/><V126/><F38/><W109/><G35/><T124/><D124/><U17/><E17/><V134/><F126/><W54/><G54/><T111/><D111/><U85/><E108/><V133/><F110/><W50/><G109/><T117/><D117/><U63/><E73/><V69/><F69/><W98/><G98/><T129/><D129/><U87/><E80/><V10/><F37/><W4/><G4/><T75/><D75/><U115/><E115/><V99/><F99/><W21/><G21/><T68/><D68/><U11/><E11/><V23/><F20/><W132/><G132/><T101/><D101/><U31/><E100/><V128/><F102/><W43/><G47/><T45/><D45/><U6/><E6/><RYUUKYOKU ba="1,1" sc="268,15,135,-15,402,-15,185,15" hai0="9,13,16,55,56,58,61,66,81,84,90,96,97" hai3="14,15,24,26,27,43,44,50,92,95" /><INIT seed="3,2,1,3,0,55" ten="283,120,387,200" oya="3" hai0="31,72,75,133,58,63,85,66,9,109,99,54,82" hai1="107,68,73,16,100,26,64,44,48,110,83,37,40" hai2="4,18,123,79,102,70,7,116,122,6,105,45,84" hai3="23,113,57,92,74,13,42,65,96,62,117,101,88"/><W106/><G117/><T49/><D109/><U53/><E110/><V108/><F70/><W135/><G113/><T77/><D133/><U28/><E73/><V3/><F108/><W86/><G135/><T52/><D31/><U11/><E83/><V15/><F116/><W98/><G74/><T56/><D9/><U91/><E91/><V1/><F45/><W17/><G42/><T112/><D112/><U36/><E36/><V95/><F105/><W8/><REACH who="3" step="1"/><G98/><REACH who="3" ten="283,120,387,190" step="2"/><T121/><D121/><U35/><E40/><V94/><F3/><W93/><G93/><T30/><D99/><U20/><E37/><V124/><F1/><W80/><G80/><T39/><D39/><U46/><E107/><V134/><F95/><W38/><G38/><T125/><D125/><U97/><E97/><V50/><F134/><W61/><G61/><T60/><D30/><U131/><E100/><V126/><F94/><W78/><G78/><T89/><REACH who="0" step="1"/><D77/><REACH who="0" ten="273,120,387,190" step="2"/><U10/><E28/><V59/><F124/><W67/><G67/><T33/><D33/><U43/><E35/><V47/><F126/><W127/><G127/><T69/><AGARI ba="2,3" hai="49,52,54,56,58,60,63,66,69,72,75,82,85,89" machi="69" ten="20,12000,2" yaku="1,1,0,1,7,1,52,2,54,1,53,0" doraHai="55" doraHaiUra="27" who="0" fromWho="0" sc="273,156,120,-32,387,-32,190,-62" /><INIT seed="4,0,0,1,0,105" ten="429,88,355,128" oya="0" hai0="40,33,110,73,25,9,50,134,55,3,19,131,2" hai1="98,48,18,46,14,112,115,44,107,24,86,43,68" hai2="0,26,22,12,54,62,4,45,13,129,76,117,77" hai3="133,119,97,6,67,108,20,103,122,104,83,96,49"/><T32/><D73/><U34/><E68/><V128/><F117/><W125/><G119/><T61/><D40/><U94/><E34/><N who="0" m="13417" /><D61/><U42/><E24/><V85/><F0/><N who="0" m="42" /><D50/><U58/><E58/><V80/><F77/><W37/><G37/><T35/><D55/><U65/><E65/><V118/><F118/><W38/><G38/><T71/><D71/><U87/><E107/><V95/><F95/><W7/><G49/><T47/><D47/><U8/><E46/><V41/><F4/><W28/><G67/><T114/><D114/><N who="1" m="43563" /><E43/><V59/><F128/><W101/><G28/><N who="0" m="19855" /><D131/><U17/><E17/><N who="2" m="12623" /><F129/><W21/><G83/><T127/><D127/><U99/><E99/><V135/><F45/><W23/><G125/><T130/><D130/><U16/><E18/><V123/><F41/><W113/><G113/><T81/><D81/><U56/><E56/><V89/><F59/><W93/><G122/><T132/><D110/><U53/><E42/><V66/><F123/><W29/><G29/><T57/><D57/><U78/><E78/><V11/><F76/><W92/><G108/><T102/><D102/><AGARI ba="0,0" hai="8,14,16,44,48,53,86,87,94,98,102" m="43563" machi="102" ten="30,3900,0" yaku="15,1,11,1,54,1" doraHai="105" who="1" fromWho="0" sc="429,-39,88,39,355,0,128,0" /><INIT seed="5,0,0,5,3,78" ten="390,127,355,128" oya="1" hai0="41,11,134,16,82,63,89,108,30,131,110,80,107" hai1="87,27,102,61,91,18,120,86,29,10,5,106,93" hai2="104,23,133,56,22,73,90,17,76,68,49,2,37" hai3="26,45,69,113,64,65,97,111,0,47,15,3,19"/><U58/><E120/><V31/><F68/><W125/><G111/><T70/><D107/><U95/><E106/><V8/><F37/><W85/><G69/><T14/><D131/><U79/><E18/><V77/><F104/><W66/><G113/><T9/><D134/><U67/><E79/><V25/><F133/><W28/><G125/><T24/><D41/><U83/><E87/><V34/><F90/><W114/><G114/><T13/><D70/><U109/><E109/><V105/><F105/><W12/><G3/><T62/><D110/><U74/><E74/><V135/><F135/><W100/><G0/><T20/><D108/><U50/><E50/><V60/><F49/><W103/><G85/><N who="0" m="50343" /><D82/><U118/><E118/><V88/><F88/><W128/><G128/><T59/><D59/><U55/><E55/><V81/><F76/><W112/><G112/><T52/><D52/><U42/><E42/><V96/><F96/><W32/><G15/><T36/><D36/><U94/><E102/><V43/><F43/><W115/><G115/><T40/><D40/><U4/><REACH who="1" step="1"/><E10/><REACH who="1" ten="390,117,355,128" step="2"/><V117/><F17/><AGARI ba="0,1" hai="9,11,13,14,16,17,20,24,30,62,63" m="50343" machi="17" ten="30,3900,0" yaku="8,1,52,1,54,1" doraHai="78" who="0" fromWho="2" sc="390,49,117,0,355,-39,128,0" /><INIT seed="6,0,0,2,3,76" ten="439,117,316,128" oya="2" hai0="83,69,9,98,84,134,28,73,3,17,132,58,70" hai1="24,29,7,107,49,27,18,103,1,26,21,122,14" hai2="34,99,20,105,114,79,53,36,78,45,128,4,102" hai3="10,75,64,121,85,15,52,55,13,2,48,41,47"/><V96/><F34/><W0/><G75/><T63/><D73/><U56/><E103/><V89/><F128/><W35/><G121/><T62/><D28/><U44/><E107/><V125/><F114/><W86/><G35/><T126/><D126/><U50/><E122/><V100/><F125/><W94/><G2/><T60/><D98/><U72/><E72/><V40/><F89/><N who="3" m="53551" /><G0/><T37/><D37/><U118/><E118/><V33/><F33/><W124/><G124/><T108/><D108/><U112/><E112/><V90/><F90/><W82/><G64/><T131/><D58/><U23/><E1/><V123/><F123/><W66/><G66/><T120/><D120/><U67/><E7/><V57/><F4/><N who="3" m="3271" /><G15/><T80/><D131/><U46/><E67/><V93/><REACH who="2" step="1"/><F20/><REACH who="2" ten="439,117,306,128" step="2"/><W117/><G117/><T30/><D30/><U12/><E27/><V5/><F5/><W39/><G39/><T119/><D119/><U110/><E110/><V22/><F22/><W19/><G19/><T11/><D70/><U31/><E18/><V43/><F43/><W127/><G127/><T111/><D111/><U97/><E97/><V88/><F88/><AGARI ba="0,1" hai="41,47,48,52,55,82,86,88" m="3271,53551" machi="88" ten="30,7700,0" yaku="8,1,52,1,54,2" doraHai="76" who="3" fromWho="2" sc="439,0,117,0,306,-77,128,87" /><INIT seed="7,0,0,3,4,85" ten="439,117,229,215" oya="3" hai0="82,25,86,8,52,94,46,19,68,57,15,113,62" hai1="129,135,101,11,58,128,54,93,50,78,91,55,26" hai2="124,120,64,3,40,88,133,17,119,79,107,65,32" hai3="123,104,70,132,87,126,117,23,49,125,121,108,89"/><W33/><G33/><T69/><D113/><U75/><E135/><V115/><F119/><W97/><G70/><T10/><D10/><U13/><E101/><V42/><F120/><N who="3" m="46155" /><G49/><T43/><D94/><U122/><E122/><V92/><F107/><W76/><G23/><T114/><D25/><U56/><E78/><V20/><F32/><W60/><G60/><T21/><D8/><U38/><E75/><V67/><F133/><W103/><G76/><T35/><D35/><U1/><E1/><V36/><F115/><W37/><G37/><T5/><D5/><U44/><E38/><V90/><F3/><W74/><G74/><T51/><D114/><U106/><E106/><V80/><F36/><W12/><G12/><T45/><D46/><U39/><E26/><V28/><F28/><W110/><G117/><T7/><D7/><U109/><E109/><N who="3" m="42090" /><G132/><T100/><D100/><U63/><E39/><V2/><F124/><W131/><G131/><T127/><D127/><U0/><E0/><V81/><F2/><W98/><G98/><T41/><D41/><N who="2" m="15978" /><F79/><AGARI ba="0,0" hai="15,19,21,43,45,51,52,57,62,68,69,79,82,86" machi="79" ten="30,2000,0" yaku="7,1,54,1" doraHai="85" who="0" fromWho="2" sc="439,20,117,0,229,-20,215,0" owari="459,55.0,117,-38.0,209,-19.0,215,2.0" /></mjloggm>