<mjloggm ver="2.3"><GO type="169" lobby="0"/><UN n0="%43%52%41%5A%59%42%45%45" n1="%E5%B0%B1%E6%B4%BB%E7%94%9F%40%E5%B7%9D%E6%9D%91%E8%BB%8D%E5%9B%A3" n2="%E3%82%82%E3%82%81%E3%82%93%E3%81%AA%E3%81%A1%E3%82%83%E3%81%84" n3="%E5%B7%9D%E6%9D%91%E6%99%83%E8%A3%95%EF%BC%88%E4%B8%A1%E6%96%B9%EF%BC%89" dan="17,16,16,16" rate="2188.33,2021.53,2174.56,2108.38" sx="M,M,F,M"/><TAIKYOKU oya="0"/><INIT seed="0,0,0,4,4,40" ten="250,250,250,250" oya="0" hai0="29,45,123,84,76,27,53,106,125,46,32,51,35" hai1="88,75,65,101,118,6,87,73,116,34,99,59,90" hai2="1,97,119,77,114,24,23,41,103,79,98,112,96" hai3="8,134,12,85,91,25,64,49,30,124,13,16,72"/><T89/><D123/><U19/><E34/><V38/><F1/><W120/><G72/><T22/><D106/><U48/><E6/><V5/><F5/><W37/><G37/><T67/><D76/><U93/><E75/><V81/><F119/><W83/><G120/><T54/><D125/><U113/><E73/><V60/><F103/><W102/><G124/><T130/><D67/><U82/><E113/><V135/><F135/><W128/><G134/><T94/><D130/><U95/><E19/><V100/><F100/><W26/><G128/><T4/><D4/><U50/><E118/><V80/><F60/><W69/><G102/><T21/><D32/><U132/><E132/><V57/><F57/><W10/><G49/><AGARI ba="0,0" hai="21,22,27,29,35,45,46,49,51,53,54,84,89,94" machi="49" ten="40,7700,0" yaku="9,1,52,2" doraHai="40" who="0" fromWho="3" sc="250,77,250,0,250,0,250,-77" /><INIT seed="0,1,0,4,2,44" ten="327,250,250,173" oya="0" hai0="101,129,120,8,35,27,113,95,85,65,79,6,131" hai1="86,104,50,67,22,106,37,88,21,77,54,80,135" hai2="114,46,15,66,107,84,93,14,56,62,110,115,58" hai3="7,43,33,17,105,42,34,132,60,122,127,124,32"/><T57/><D120/><U118/><E37/><V47/><F107/><W83/><G105/><T25/><D113/><U102/><E118/><V41/><F110/><W126/><G122/><T12/><D35/><N who="3" m="8961" /><W94/><DORA hai="76" /><G132/><T92/><D95/><U9/><E135/><V87/><F41/><N who="3" m="15371" /><G7/><T52/><D65/><U53/><E53/><V130/><F130/><N who="0" m="49674" /><D101/><U97/><E67/><V30/><F66/><W45/><G45/><T75/><D75/><U91/><E9/><V116/><F30/><W3/><G3/><T24/><D92/><U111/><E106/><V98/><F93/><W29/><G94/><T69/><D69/><U38/><E38/><V78/><F116/><W2/><G2/><T18/><D6/><U36/><E36/><V11/><F62/><W13/><G29/><T16/><D18/><U0/><E0/><V112/><F112/><W51/><G60/><N who="0" m="35879" /><D27/><U70/><E70/><V96/><F11/><N who="3" m="6335" /><G83/><AGARI ba="1,0" hai="8,12,16,24,25,79,83,85" m="35879,49674" machi="83" ten="30,11600,0" yaku="19,1,52,1,54,2" doraHai="44,76" who="0" fromWho="3" sc="327,119,250,0,250,0,173,-119" /><INIT seed="0,2,0,2,3,59" ten="446,250,250,54" oya="0" hai0="22,72,124,17,129,34,15,100,85,18,55,116,94" hai1="46,127,8,131,7,78,30,39,9,65,110,36,51" hai2="126,37,16,53,77,28,58,118,69,109,31,122,113" hai3="60,87,108,89,103,74,73,92,27,48,75,43,47"/><T13/><D116/><U134/><E127/><V79/><F126/><W19/><G108/><T76/><D124/><U86/><E110/><V125/><F125/><W128/><G128/><T35/><D72/><U45/><E131/><V102/><F118/><W121/><G121/><T132/><D129/><U62/><E134/><V12/><F122/><W21/><REACH who="3" step="1"/><G103/><REACH who="3" ten="446,250,250,44" step="2"/><T10/><D100/><U80/><E30/><V63/><F109/><W114/><G114/><T95/><D132/><U111/><E111/><V70/><F113/><W82/><G82/><T1/><D1/><U98/><E98/><V52/><F102/><W44/><G44/><T83/><REACH who="0" step="1"/><D55/><REACH who="0" ten="436,250,250,44" step="2"/><U105/><E105/><V25/><F53/><W66/><G66/><T135/><D135/><U106/><E65/><V117/><F52/><W20/><G20/><T50/><D50/><U40/><E106/><V49/><F49/><W56/><G56/><T68/><D68/><U120/><E51/><V91/><F58/><W84/><G84/><T119/><D119/><U81/><E86/><V112/><F69/><W11/><G11/><T115/><D115/><U99/><E120/><V130/><F70/><W57/><G57/><T38/><D38/><U67/><E39/><V93/><F37/><W32/><G32/><AGARI ba="2,2" hai="10,13,15,17,18,22,32,34,35,76,83,85,94,95" machi="32" ten="40,2000,0" yaku="1,1,53,0" doraHai="59" doraHaiUra="26" who="0" fromWho="3" sc="436,46,250,0,250,0,44,-26" /><INIT seed="0,3,0,4,2,66" ten="482,250,250,18" oya="0" hai0="46,2,35,47,127,45,119,63,17,64,97,68,16" hai1="56,105,135,57,111,115,130,81,99,54,28,83,62" hai2="109,73,80,37,34,8,77,12,52,79,102,75,23" hai3="117,92,29,31,30,70,82,39,104,72,125,33,90"/><T49/><D119/><U71/><E111/><V44/><F34/><W4/><G117/><T60/><D35/><U0/><E0/><V32/><F32/><W9/><G104/><T58/><D2/><U101/><E115/><V106/><F109/><W69/><G33/><T7/><D7/><U95/><E130/><V67/><F67/><W123/><G39/><T88/><D127/><U19/><E135/><V24/><F102/><W134/><G134/><T15/><D15/><U85/><E28/><V124/><F106/><W133/><G133/><T108/><D108/><U25/><E71/><V48/><F37/><W53/><G125/><T132/><D132/><U112/><E112/><V22/><F124/><W43/><G43/><T96/><D49/><U121/><E121/><V103/><F103/><W94/><G123/><T128/><D128/><U78/><E83/><V126/><F126/><W129/><G129/><T131/><D131/><U40/><E40/><V74/><F79/><W84/><G53/><T113/><D113/><U87/><E56/><V18/><REACH who="2" step="1"/><F23/><REACH who="2" ten="482,250,240,18" step="2"/><W120/><G120/><T110/><D110/><U36/><E36/><V86/><F86/><W122/><G122/><T41/><D64/><U91/><E105/><V118/><F118/><W6/><G72/><T59/><D97/><U76/><E87/><V114/><F114/><W107/><G107/><T26/><D96/><U10/><E10/><V20/><F20/><AGARI ba="3,1" hai="19,20,25,54,57,62,76,78,81,85,91,95,99,101" machi="20" ten="40,1300,0" yaku="8,1" doraHai="66" who="1" fromWho="2" sc="482,0,250,32,240,-22,18,0" /><INIT seed="1,0,0,2,3,65" ten="482,282,218,18" oya="1" hai0="59,124,116,37,106,11,33,10,118,34,58,25,111" hai1="21,61,128,92,102,73,51,119,60,13,31,42,100" hai2="46,29,16,132,76,26,6,95,27,96,88,130,1" hai3="85,32,135,2,121,35,108,38,24,98,67,9,71"/><U68/><E73/><V72/><F132/><W28/><G121/><T17/><D37/><U0/><E119/><V80/><F130/><W131/><G131/><T83/><D106/><U57/><E0/><V122/><F122/><W91/><G38/><T69/><D111/><U47/><E128/><V39/><F29/><W15/><G108/><T93/><D93/><U8/><E68/><V50/><F39/><W123/><G123/><T133/><D133/><U82/><E82/><V78/><F78/><W107/><G2/><T97/><D97/><U105/><E105/><V94/><F94/><W43/><G43/><T86/><D124/><U79/><E79/><V87/><F72/><W49/><G49/><T74/><D74/><U84/><E84/><V115/><F115/><W109/><G109/><T126/><D126/><U54/><E92/><V101/><F76/><W22/><G135/><T125/><D125/><U44/><E61/><V23/><F6/><W90/><G107/><T53/><D118/><U81/><E81/><V4/><F4/><N who="3" m="3495" /><G98/><T70/><D116/><U52/><E21/><V99/><F99/><W19/><G85/><T112/><D86/><U103/><E31/><V20/><F1/><W30/><G28/><T75/><D75/><U18/><REACH who="1" step="1"/><E47/><REACH who="1" ten="482,272,218,18" step="2"/><V129/><F129/><W5/><G30/><N who="0" m="19663" /><D83/><U77/><E77/><V63/><F63/><N who="3" m="40447" /><G32/><T110/><D34/><U48/><E48/><V45/><F50/><W56/><G35/><T114/><D70/><U120/><E120/><V113/><F113/><N who="0" m="43626" /><D69/><U66/><AGARI ba="0,1" hai="8,13,18,42,44,51,52,54,57,60,66,100,102,103" machi="66" ten="30,11700,0" yaku="1,1,0,1,8,1,54,1,53,0" doraHai="65" doraHaiUra="64" who="1" fromWho="1" sc="482,-39,272,127,218,-39,18,-39" owari="443,54.0,399,20.0,179,-22.0,-21,-52.0" /></mjloggm>