<mjloggm ver="2.3"><GO type="97" lobby="0"/><UN n0="%E3%83%88%E3%83%88%E3%83%AA%E5%85%88%E7%94%9F%31%39%E6%AD%B3" n1="%E5%A4%89" n2="%EF%BC%AD%EF%BC%A6%E3%83%99%E3%83%83%E3%82%AB%E3%83%A0" n3="%35%39%33%30%39" dan="13,15,14,15" rate="1998.88,2083.97,1935.98,1894.45" sx="F,M,M,M"/><TAIKYOKU oya="0"/><INIT seed="0,0,0,5,2,94" ten="250,250,250,250" oya="0" hai0="18,59,130,36,131,19,47,135,8,22,52,104,85" hai1="78,49,92,20,11,63,24,77,82,103,109,14,26" hai2="95,23,120,80,93,105,132,69,86,46,97,30,68" hai3="111,119,90,7,25,101,61,99,98,126,9,129,35"/><T91/><D135/><U113/><E109/><V127/><F120/><W114/><G111/><T108/><D108/><U34/><E113/><V123/><F123/><W75/><G119/><T16/><D104/><U15/><E34/><V45/><F132/><W134/><G75/><T4/><D22/><U74/><E77/><V12/><F127/><W39/><G114/><T55/><D47/><U57/><E49/><V56/><F105/><W28/><G39/><T0/><D36/><U116/><E116/><V79/><F93/><W40/><G126/><T65/><D65/><N who="1" m="39151" /><E24/><N who="2" m="16671" /><F69/><W51/><G129/><N who="0" m="49163" /><D59/><U31/><E11/><V5/><F68/><W62/><G62/><T121/><D121/><U107/><E107/><V84/><F84/><W106/><G61/><T27/><D27/><U1/><E1/><V88/><F56/><W60/><G60/><T53/><D53/><U125/><E125/><V81/><F81/><AGARI ba="0,0" hai="0,4,8,16,18,19,52,55,81,85,91" m="49163" machi="81" ten="30,5800,0" yaku="19,1,54,2" doraHai="94" who="0" fromWho="2" sc="250,58,250,0,250,-58,250,0" /><INIT seed="0,1,0,5,0,11" ten="308,250,192,250" oya="0" hai0="107,112,110,88,81,98,134,67,23,3,102,75,37" hai1="60,111,45,1,33,119,9,27,99,77,106,91,100" hai2="58,68,4,109,105,17,114,116,131,128,103,82,18" hai3="34,20,16,132,7,87,62,22,43,84,13,24,59"/><T123/><D112/><U50/><E119/><V35/><F68/><W12/><G132/><T29/><D123/><U44/><E111/><V118/><F103/><W133/><G34/><T115/><D115/><U54/><E91/><V117/><F105/><W95/><G43/><T8/><D37/><U53/><E77/><V74/><F114/><W2/><G2/><T92/><D134/><U26/><E33/><V10/><F109/><W42/><G42/><T76/><D110/><U48/><REACH who="1" step="1"/><E60/><REACH who="1" ten="308,240,192,250" step="2"/><V49/><F35/><W39/><G133/><T52/><D88/><U124/><E124/><V6/><F74/><W130/><G130/><N who="2" m="49705" /><F82/><W19/><G95/><T0/><D92/><U94/><E94/><V125/><F125/><W104/><G104/><T46/><D81/><U90/><E90/><V79/><F79/><W85/><G39/><T101/><D76/><U126/><E126/><V15/><F6/><AGARI ba="1,1" hai="1,6,9,26,27,44,45,48,50,53,54,99,100,106" machi="6" ten="40,2600,0" yaku="1,1,9,1,53,0" doraHai="11" doraHaiUra="57" who="1" fromWho="2" sc="308,0,240,39,192,-29,250,0" /><INIT seed="1,0,0,5,5,124" ten="308,279,163,250" oya="1" hai0="113,77,134,43,127,94,3,97,115,58,71,82,114" hai1="96,66,41,56,24,25,60,1,116,63,69,105,89" hai2="130,126,62,133,75,5,110,101,103,50,26,59,87" hai3="30,102,65,72,109,111,52,129,64,80,34,4,54"/><U38/><E116/><V21/><F75/><W17/><G4/><T123/><D71/><U47/><E1/><V112/><F126/><W46/><G102/><T15/><D127/><U48/><E89/><V93/><F133/><W128/><G17/><T98/><D3/><U19/><E19/><V10/><F110/><N who="3" m="41995" /><G30/><T0/><D0/><U125/><E125/><V100/><F112/><W28/><G28/><T79/><D134/><U53/><REACH who="1" step="1"/><E60/><REACH who="1" ten="308,269,163,250" step="2"/><V106/><F106/><W107/><G107/><T57/><D113/><U14/><E14/><V117/><F117/><W131/><G34/><T135/><D15/><U88/><E88/><N who="2" m="53407" /><F130/><W23/><G23/><T118/><D118/><U2/><E2/><V99/><F10/><W74/><G74/><T132/><D135/><U37/><E37/><V83/><F5/><W78/><G46/><T16/><D132/><U104/><E104/><V6/><F6/><W35/><G35/><T45/><D115/><U121/><E121/><V32/><F32/><W119/><G119/><T31/><D123/><U20/><E20/><V86/><F50/><W76/><G78/><T120/><D120/><U7/><E7/><V84/><F99/><W108/><G108/><T70/><D98/><U42/><E42/><V12/><F12/><W68/><G68/><T90/><D70/><U36/><E36/><V29/><F83/><W91/><G91/><N who="0" m="55519" /><D114/><U22/><E22/><V55/><AGARI ba="0,1" hai="21,26,29,55,59,62,84,86,100,101,103" m="53407" machi="55" ten="30,2000,0" yaku="8,1,54,1" doraHai="124" who="2" fromWho="2" sc="308,-5,269,-10,163,30,250,-5" /><INIT seed="2,0,0,3,1,89" ten="303,259,193,245" oya="2" hai0="103,39,112,85,61,113,1,47,55,3,95,72,122" hai1="45,84,111,38,83,30,76,68,107,119,26,102,44" hai2="130,79,23,135,13,41,14,53,99,62,75,114,110" hai3="124,49,121,125,105,109,120,100,8,134,91,117,77"/><V20/><F114/><W101/><G109/><T94/><D122/><N who="3" m="47209" /><G8/><T127/><D72/><U123/><E111/><V16/><F110/><W128/><G117/><T18/><D127/><N who="3" m="48713" /><G49/><T71/><D18/><U63/><E119/><V33/><F33/><W12/><G12/><T35/><D35/><N who="1" m="20951" /><E38/><V106/><F135/><W118/><G118/><T17/><D17/><U29/><E29/><V126/><F126/><W93/><G134/><T115/><D39/><U96/><E123/><V59/><F130/><W67/><G67/><AGARI ba="0,0" hai="44,45,63,67,68,76,83,84,96,102,107" m="20951" machi="67" ten="30,1000,0" yaku="25,1" doraHai="89" who="1" fromWho="3" sc="303,0,259,10,193,0,245,-10" /><INIT seed="3,0,0,3,4,117" ten="303,269,193,235" oya="3" hai0="14,29,47,82,74,124,94,92,22,18,13,100,15" hai1="126,89,131,90,120,8,27,91,9,101,86,110,11" hai2="59,7,28,35,52,75,130,77,125,70,88,65,37" hai3="127,135,19,73,1,31,107,24,68,55,63,102,95"/><W114/><G107/><T23/><D124/><U119/><E86/><V60/><F37/><W4/><G73/><T103/><D74/><U87/><E87/><V43/><F43/><W39/><G39/><T69/><D69/><U45/><E126/><V17/><F125/><W54/><G127/><T48/><D82/><U132/><E45/><V123/><F130/><W78/><G78/><T83/><D83/><U72/><E72/><V51/><F7/><W99/><G99/><T116/><D29/><U58/><E101/><N who="0" m="38985" /><D116/><U76/><E76/><V112/><F112/><W96/><G135/><T25/><D23/><U98/><E119/><V34/><F28/><W67/><G114/><T80/><D80/><U111/><E131/><V115/><F115/><W30/><G30/><T129/><D129/><U46/><E46/><V53/><F53/><AGARI ba="0,0" hai="13,14,15,18,22,25,47,48,53,92,94" m="38985" machi="53" ten="30,1000,0" yaku="8,1" doraHai="117" who="0" fromWho="2" sc="303,10,269,0,193,-10,235,0" owari="313,41.0,269,7.0,183,-32.0,235,-16.0" /></mjloggm>