<mjloggm ver="2.3"><GO type="169" lobby="0"/><UN n0="%E3%83%AC%E3%83%87%E3%82%B9%E3%83%9E" n1="%E3%82%A6%E3%83%AB%E3%83%88%E3%83%A9%E7%AB%8B%E7%9B%B4" n2="%6E%65%75%74%72%6F%6E" n3="%73%75%6E%63%68%69%6C%64" dan="16,17,16,16" rate="2079.19,2161.19,2137.71,2053.77" sx="M,M,F,M"/><TAIKYOKU oya="0"/><INIT seed="0,0,0,0,4,42" ten="250,250,250,250" oya="0" hai0="101,10,87,74,105,44,26,33,77,64,48,58,36" hai1="115,127,47,99,71,21,104,120,0,46,17,65,4" hai2="132,122,31,84,135,28,133,118,121,83,129,92,41" hai3="14,56,34,29,27,7,113,106,32,119,86,9,93"/><T109/><D36/><U61/><E120/><N who="2" m="46187" /><F92/><W3/><G106/><T45/><D74/><U62/><E115/><V38/><F129/><W128/><G113/><T11/><D109/><U117/><E127/><V19/><F19/><W78/><G119/><T82/><D105/><U20/><E117/><V8/><F8/><W102/><G34/><T40/><D101/><U52/><E0/><V53/><F53/><W80/><G128/><T73/><D73/><U70/><E4/><V1/><F1/><W35/><G35/><T18/><D45/><U91/><E21/><V54/><F54/><W79/><G56/><T75/><D75/><U88/><E91/><N who="2" m="51615" /><F118/><W96/><G3/><T134/><D33/><U108/><E108/><V6/><F6/><W89/><AGARI ba="0,0" hai="7,9,14,27,29,32,78,79,80,86,89,93,96,102" machi="89" ten="20,1500,0" yaku="0,1,7,1" doraHai="42" who="3" fromWho="3" sc="250,-7,250,-4,250,-4,250,15" /><INIT seed="1,0,0,2,1,24" ten="243,246,246,265" oya="1" hai0="15,132,28,31,109,65,124,83,11,44,6,66,2" hai1="126,0,129,71,74,7,51,60,81,30,25,86,117" hai2="105,101,122,36,72,45,92,135,1,46,48,107,119" hai3="13,38,79,111,133,8,87,131,49,80,3,20,47"/><U96/><E117/><V134/><F1/><W54/><G131/><T90/><D109/><U68/><E129/><V94/><F72/><W85/><G133/><N who="2" m="50697" /><F119/><W97/><G3/><T41/><D132/><U58/><E74/><V19/><F19/><W34/><G34/><T52/><D124/><U61/><E126/><V130/><F130/><W125/><G111/><T56/><D2/><U95/><E0/><V39/><F101/><W22/><G38/><N who="2" m="14377" /><F122/><W64/><G64/><N who="0" m="24683" /><D44/><N who="2" m="17002" /><F48/><W70/><G70/><T102/><D102/><N who="1" m="60703" /><E71/><V37/><N who="2" m="14385" /><V50/><DORA hai="59" /><F50/><W120/><G120/><T98/><D41/><U89/><E68/><V128/><F128/><W42/><G42/><T75/><D75/><U16/><E7/><V18/><F18/><W69/><G69/><T14/><D14/><U78/><E16/><V43/><F43/><W93/><G125/><T33/><D33/><U113/><E51/><V100/><F100/><W27/><G27/><T116/><D116/><U82/><E25/><V77/><F77/><W84/><G20/><T5/><D5/><U108/><E78/><V121/><F121/><W115/><G22/><T103/><D103/><U106/><E106/><AGARI ba="0,0" hai="92,94,105,106,107" m="17002,14385,50697" machi="106" ten="50,6400,0" yaku="28,2,20,1" doraHai="24,59" who="2" fromWho="1" sc="243,0,246,-64,246,64,265,0" /><INIT seed="2,0,0,0,2,101" ten="243,182,310,265" oya="2" hai0="91,33,130,75,61,124,72,43,62,51,93,113,63" hai1="42,53,133,94,88,17,1,10,67,11,76,107,15" hai2="9,29,3,96,45,25,99,46,69,40,20,55,65" hai3="90,131,2,54,56,103,28,120,123,26,125,70,119"/><V104/><F69/><W4/><G70/><T128/><D113/><U115/><E115/><V5/><F65/><W13/><G131/><N who="0" m="50219" /><D33/><U85/><E133/><V39/><F104/><W27/><G103/><T102/><D102/><U86/><E107/><V18/><F55/><W80/><G90/><T122/><D122/><U132/><E132/><V109/><F109/><W32/><G80/><T35/><D35/><U58/><E42/><V7/><F46/><W44/><G26/><T77/><D77/><U6/><E67/><V105/><F105/><W59/><G44/><N who="0" m="26015" /><D124/><U74/><E74/><V126/><F126/><W89/><G56/><T49/><D49/><U24/><E24/><V52/><F52/><W127/><G27/><T16/><D16/><U66/><E66/><V47/><F47/><W30/><G54/><T108/><D108/><U87/><REACH who="1" step="1"/><E76/><REACH who="1" ten="243,172,310,265" step="2"/><V68/><F68/><W73/><G125/><T135/><D135/><U79/><E79/><V116/><F40/><W37/><G127/><T31/><D31/><U134/><E134/><V50/><F29/><W111/><G28/><T38/><D38/><U118/><E118/><V129/><F39/><W71/><G30/><T78/><D78/><U0/><E0/><V41/><F3/><W12/><G2/><T34/><D34/><U82/><E82/><V100/><F116/><W97/><G119/><T14/><D14/><U36/><E36/><V81/><F81/><W22/><G12/><T106/><D106/><U21/><E21/><V114/><F20/><W60/><G22/><T112/><D112/><U117/><E117/><RYUUKYOKU ba="0,1" sc="243,15,172,15,310,-15,265,-15" hai0="61,62,63,72,75,91,93" hai1="1,6,10,11,15,17,53,58,85,86,87,88,94" /><INIT seed="3,1,1,2,2,101" ten="258,187,295,250" oya="3" hai0="2,124,58,111,32,50,90,70,57,81,23,17,112" hai1="13,77,84,91,99,80,122,54,115,63,130,9,43" hai2="97,36,47,53,51,126,133,104,48,24,31,41,118" hai3="45,33,75,128,108,86,19,109,105,123,20,15,83"/><W73/><G123/><T88/><D70/><U110/><E115/><V125/><F118/><W61/><G33/><T89/><D32/><U25/><E122/><V52/><F133/><W72/><G128/><T56/><D112/><U135/><E130/><V39/><F24/><W4/><G4/><T65/><D2/><U132/><E110/><N who="3" m="42602" /><G61/><T16/><D111/><U131/><E131/><V102/><F31/><W30/><G30/><T107/><D107/><U76/><E43/><V12/><F12/><W106/><G45/><T27/><D124/><N who="2" m="47722" /><F41/><W62/><G62/><T60/><D17/><U79/><E25/><V78/><F78/><AGARI ba="1,1" hai="15,19,20,72,73,75,78,83,86,105,106" m="42602" machi="78" ten="40,12000,1" yaku="14,1,10,1,52,2" doraHai="101" who="3" fromWho="2" sc="258,0,187,0,295,-123,250,133" /><INIT seed="3,2,0,0,1,89" ten="258,187,172,383" oya="3" hai0="32,88,86,33,22,49,38,9,36,126,127,67,121" hai1="102,46,93,119,37,16,57,44,12,105,110,48,55" hai2="77,95,18,103,61,47,85,135,99,6,90,15,107" hai3="31,122,0,134,23,65,83,125,74,75,84,70,28"/><W123/><G0/><T1/><D121/><U130/><E110/><V26/><F135/><W60/><G125/><N who="0" m="47627" /><D67/><U43/><E130/><V87/><F6/><W117/><G117/><T91/><D22/><U59/><E105/><V82/><F26/><W19/><G134/><T100/><D100/><U76/><E76/><V92/><F61/><W54/><G54/><T21/><D21/><U118/><E57/><V96/><F47/><W111/><G111/><T7/><D49/><U109/><E109/><V132/><F132/><W106/><G106/><T79/><D79/><U66/><E66/><V13/><F18/><W115/><G115/><T112/><D112/><U10/><REACH who="1" step="1"/><E46/><REACH who="1" ten="258,177,172,383" step="2"/><V52/><REACH who="2" step="1"/><F52/><REACH who="2" ten="258,177,162,383" step="2"/><W114/><G65/><T53/><D53/><U128/><E128/><V98/><F98/><AGARI ba="2,2" hai="10,12,16,37,43,44,48,55,59,93,98,102,118,119" machi="98" ten="40,8000,1" yaku="1,1,52,1,54,1,53,1" doraHai="89" doraHaiUra="51" who="1" fromWho="2" sc="258,0,177,106,162,-86,383,0" /><INIT seed="4,0,0,1,5,54" ten="258,283,76,383" oya="0" hai0="43,97,77,14,67,93,104,41,34,59,100,103,38" hai1="11,128,1,47,18,122,75,62,29,65,46,132,6" hai2="83,69,4,120,92,19,109,87,123,7,94,134,127" hai3="60,33,135,17,63,50,24,5,42,8,31,22,118"/><T72/><D34/><U85/><E75/><V35/><F19/><W32/><G135/><T61/><D38/><U98/><E128/><V114/><F87/><W116/><G42/><T95/><D104/><U115/><E132/><V45/><F45/><W74/><G74/><T110/><D110/><U36/><E122/><V90/><F83/><W48/><G50/><T117/><D117/><U68/><E115/><V112/><F90/><W126/><G48/><T12/><D77/><U16/><E29/><V10/><F10/><W0/><G126/><T121/><D121/><U70/><E70/><V53/><F53/><W81/><G81/><T125/><D125/><U130/><E130/><V108/><F134/><W88/><G88/><T111/><D111/><U51/><E85/><V52/><F52/><W3/><G60/><T57/><D72/><U105/><E47/><V64/><F127/><W101/><G63/><T20/><D59/><U28/><E28/><V102/><F69/><W25/><G101/><T13/><D20/><U2/><E51/><V44/><F44/><W23/><G3/><T49/><D49/><U133/><E1/><V58/><F102/><W80/><G80/><T56/><D56/><U124/><E124/><V113/><F113/><W119/><AGARI ba="0,0" hai="0,5,8,17,22,23,24,25,31,32,33,116,118,119" machi="119" ten="30,7900,0" yaku="0,1,34,3" doraHai="54" who="3" fromWho="3" sc="258,-39,283,-20,76,-20,383,79" /><INIT seed="5,0,0,3,1,2" ten="219,263,56,462" oya="1" hai0="135,22,86,75,91,85,128,78,58,62,20,80,108" hai1="59,107,33,24,25,23,11,131,94,127,56,110,109" hai2="113,32,124,57,45,130,41,44,102,103,82,70,93" hai3="15,121,1,83,29,123,122,12,40,106,49,66,76"/><U26/><E107/><V116/><F82/><W105/><G66/><T96/><D108/><N who="1" m="41579" /><E127/><V46/><F93/><W52/><G1/><T114/><D114/><U30/><E131/><V51/><F32/><W7/><G40/><T68/><D68/><U6/><E94/><V64/><F102/><W35/><G29/><T133/><D128/><U8/><E8/><V101/><F103/><W72/><G35/><T98/><D75/><U60/><E33/><V71/><F101/><W42/><G42/><T17/><D20/><U125/><E125/><V112/><F130/><W95/><G95/><N who="0" m="54775" /><D135/><U117/><E117/><V38/><F124/><W3/><G15/><N who="0" m="9535" /><D133/><U37/><E37/><V129/><F129/><W73/><G49/><T18/><D18/><U55/><E59/><V21/><F21/><W69/><G69/><N who="2" m="26121" /><F116/><W67/><G105/><T99/><D99/><U115/><E115/><N who="2" m="44107" /><F64/><AGARI ba="0,0" hai="58,62,64,78,80,85,96,98" m="9535,54775" machi="64" ten="30,1000,0" yaku="8,1" doraHai="2" who="0" fromWho="2" sc="219,10,263,0,56,-10,462,0" /><INIT seed="6,0,0,1,5,4" ten="229,263,46,462" oya="2" hai0="68,3,92,81,78,10,80,51,52,103,60,5,38" hai1="127,108,6,72,43,62,109,125,0,54,36,90,66" hai2="39,73,55,32,130,21,119,100,114,59,89,118,12" hai3="120,87,106,40,49,53,34,20,14,56,86,22,50"/><V19/><F32/><W95/><G106/><T18/><D38/><U91/><E90/><V57/><F39/><W75/><G75/><T16/><D68/><N who="1" m="42071" /><E91/><V96/><F73/><W134/><G134/><T17/><D60/><U33/><E33/><V93/><F114/><W47/><G120/><T67/><D67/><U124/><E72/><V122/><F122/><W41/><G34/><T70/><D70/><U102/><E102/><V25/><F130/><W112/><G112/><T61/><D61/><U24/><E24/><V26/><F119/><W135/><G41/><T98/><REACH who="0" step="1"/><D78/><REACH who="0" ten="219,263,46,462" step="2"/><U115/><E115/><V37/><F37/><W29/><G135/><T74/><D74/><U84/><E36/><V94/><F118/><W110/><G49/><T88/><D88/><U129/><E129/><V85/><REACH who="2" step="1"/><F57/><AGARI ba="0,1" hai="3,5,10,16,17,18,51,52,57,80,81,92,98,103" machi="57" ten="40,8000,1" yaku="1,1,52,1,54,2,53,0" doraHai="4" doraHaiUra="27" who="0" fromWho="2" sc="219,90,263,0,46,-80,462,0" owari="309,11.0,263,-14.0,-34,-53.0,462,56.0" /></mjloggm>