<mjloggm ver="2.3"><GO type="193" lobby="0"/><UN n0="%E3%83%88%E3%83%88%E3%83%AA%E5%85%88%E7%94%9F%31%39%E6%AD%B3" n1="%72%6F%6F%6B%69%65%61%6E" n2="%E6%B8%9B%E6%90%8D%E3%81%AF%E5%8B%98%E5%BC%81" n3="%6D%61%73%61%6B%61%6E%65" dan="11,12,12,11" rate="1752.91,1738.64,1719.42,1579.89" sx="F,F,M,M"/><TAIKYOKU oya="0"/><INIT seed="0,0,0,5,1,61" ten="250,250,250,250" oya="0" hai0="82,111,71,99,76,62,54,63,86,129,31,114,68" hai1="12,23,89,113,3,77,93,22,41,28,100,102,58" hai2="125,39,7,18,97,112,101,104,127,80,45,51,116" hai3="81,29,110,64,43,75,37,108,118,120,27,42,35"/><T88/><D114/><U50/><E3/><V65/><F112/><W98/><G118/><T21/><D129/><U134/><E134/><V135/><F116/><W83/><G120/><T96/><D111/><N who="3" m="42537" /><G37/><T73/><D68/><U19/><E113/><V38/><F18/><W33/><G98/><N who="0" m="37419" /><D71/><U105/><E105/><V87/><F7/><W121/><G121/><T109/><D73/><U90/><E77/><V20/><F20/><W126/><G126/><N who="2" m="48137" /><F135/><W72/><G64/><T79/><D109/><U115/><E115/><V26/><F65/><W107/><G107/><T55/><D63/><U46/><E89/><N who="2" m="51431" /><F26/><W117/><G117/><T70/><D70/><U132/><E132/><V15/><F15/><W11/><G11/><T48/><D21/><N who="1" m="11495" /><E58/><V13/><F13/><W133/><G27/><T16/><D31/><U24/><E23/><V52/><AGARI ba="0,0" hai="38,39,45,51,52,97,101,104" m="51431,48137" machi="52" ten="30,2000,0" yaku="18,1,54,1" doraHai="61" who="2" fromWho="2" sc="250,-10,250,-5,250,20,250,-5" /><INIT seed="1,0,0,5,1,8" ten="240,245,270,245" oya="1" hai0="27,29,56,85,67,18,82,83,116,69,24,94,28" hai1="93,78,118,66,88,43,111,120,135,22,72,104,5" hai2="71,68,107,109,58,20,23,41,90,97,92,101,62" hai3="132,12,63,87,80,74,55,38,65,76,45,84,127"/><U77/><E120/><V73/><F41/><W128/><G127/><T1/><D1/><U110/><E118/><V108/><F73/><W13/><G128/><T133/><D116/><U70/><E43/><V16/><F23/><W98/><G132/><T126/><D69/><U57/><E104/><V46/><F46/><W114/><G114/><T7/><D7/><U129/><E70/><V61/><F68/><W125/><G125/><T47/><D133/><U15/><E135/><V49/><F49/><N who="3" m="29103" /><G38/><T134/><D134/><U25/><E72/><V14/><F71/><W3/><G3/><T119/><D119/><U9/><E57/><V2/><F2/><W42/><G74/><T48/><D126/><U17/><E66/><V54/><REACH who="2" step="1"/><F62/><REACH who="2" ten="240,245,260,245" step="2"/><W99/><G42/><T115/><D47/><U123/><E123/><V130/><F130/><W60/><G60/><T4/><D48/><U95/><E129/><V10/><F10/><W121/><G121/><T81/><D56/><U86/><REACH who="1" step="1"/><E95/><REACH who="1" ten="240,235,260,245" step="2"/><V30/><F30/><W21/><G65/><T35/><D67/><U122/><E122/><V106/><F106/><W50/><G63/><T105/><D105/><U102/><E102/><V79/><F79/><AGARI ba="0,2" hai="5,9,15,17,22,25,77,78,79,86,88,93,110,111" machi="79" ten="40,7700,0" yaku="1,1,52,1,54,1,53,0" doraHai="8" doraHaiUra="32" who="1" fromWho="2" sc="240,0,235,97,260,-77,245,0" /><INIT seed="1,1,0,2,1,135" ten="240,332,183,245" oya="1" hai0="122,106,60,25,11,119,63,23,27,12,107,28,80" hai1="1,70,98,118,26,7,51,132,100,123,83,99,109" hai2="110,88,18,40,13,133,17,0,45,20,68,3,61" hai3="30,131,86,79,117,95,6,16,81,46,24,29,105"/><U58/><E132/><V38/><F133/><W71/><G71/><T108/><D119/><U116/><E123/><V113/><F110/><W49/><G105/><T90/><D108/><U76/><E70/><V125/><F113/><W85/><G131/><T22/><D122/><U53/><E109/><V65/><F17/><W69/><G69/><T102/><D102/><U92/><E26/><V4/><F4/><W56/><G117/><T36/><D36/><U93/><E7/><V72/><F72/><W94/><G56/><T114/><D114/><U52/><E1/><V96/><REACH who="2" step="1"/><F125/><REACH who="2" ten="240,332,173,245" step="2"/><W62/><G6/><N who="0" m="3191" /><D107/><U134/><E134/><V55/><F55/><W77/><G16/><N who="0" m="12487" /><D106/><U37/><E53/><V128/><F128/><W21/><G30/><T82/><D82/><U89/><E37/><V115/><F115/><W66/><G79/><T35/><D35/><U50/><E51/><V59/><F59/><W5/><G5/><T8/><D8/><U97/><E99/><V33/><F33/><W74/><G74/><AGARI ba="1,1" hai="50,52,58,74,76,83,89,92,93,97,98,100,116,118" machi="74" ten="30,2900,0" yaku="7,1,54,1" doraHai="135" who="1" fromWho="3" sc="240,0,332,42,173,0,245,-32" /><INIT seed="1,2,0,3,2,0" ten="240,374,173,213" oya="1" hai0="16,66,92,46,68,90,62,67,45,36,64,96,17" hai1="55,56,13,112,126,25,23,43,47,127,110,79,82" hai2="101,134,93,9,35,19,122,123,30,132,133,20,114" hai3="40,44,129,58,54,81,8,77,49,80,3,87,5"/><U2/><E112/><V31/><F101/><W51/><G129/><T125/><D125/><N who="1" m="47627" /><E2/><V29/><F9/><W117/><G117/><T15/><D17/><N who="1" m="10671" /><E25/><N who="2" m="14495" /><F93/><W10/><G10/><T78/><D78/><U83/><E79/><V6/><F114/><W50/><REACH who="3" step="1"/><G81/><REACH who="3" ten="240,374,173,203" step="2"/><T70/><D70/><U115/><E115/><V32/><F6/><W34/><G34/><AGARI ba="2,1" hai="29,30,31,32,34,35,122,123,132,133,134" m="14495" machi="34" ten="40,5200,0" yaku="20,1,34,2" doraHai="0" who="2" fromWho="3" sc="240,0,374,0,173,68,203,-58" /><INIT seed="2,0,0,1,5,78" ten="240,374,241,145" oya="2" hai0="70,26,102,65,33,73,57,107,105,96,114,77,128" hai1="48,4,68,126,82,55,63,20,84,7,72,89,58" hai2="97,2,21,8,28,61,17,115,110,135,25,75,11" hai3="132,19,32,9,98,34,108,3,113,74,131,46,124"/><V45/><F115/><W101/><G108/><T99/><D114/><U15/><E126/><V53/><F75/><W71/><G113/><T133/><D57/><N who="1" m="32999" /><E72/><V14/><F110/><W35/><G124/><T109/><D109/><U36/><E36/><V104/><F104/><W76/><G131/><T18/><D18/><N who="1" m="10335" /><E68/><V125/><F125/><W93/><G132/><T5/><D5/><U123/><E123/><V111/><F135/><W38/><G19/><T86/><D86/><U43/><E43/><V91/><F111/><W80/><G71/><T41/><D41/><U87/><E87/><V51/><F2/><W118/><G118/><T0/><D133/><U90/><E90/><V119/><F119/><W1/><G9/><T12/><D12/><U29/><E29/><V49/><F11/><W23/><G23/><T30/><D128/><U6/><E6/><V81/><F61/><W62/><G62/><N who="0" m="40247" /><D99/><U85/><E84/><N who="2" m="50575" /><F51/><W47/><G47/><T44/><D44/><U116/><E116/><V66/><F97/><W67/><G67/><AGARI ba="0,0" hai="4,7,58,63,67,82,85,89" m="10335,32999" machi="67" ten="30,2000,0" yaku="8,1,52,1" doraHai="78" who="1" fromWho="3" sc="240,0,374,20,241,0,145,-20" /><AGARI ba="0,0" hai="8,14,17,21,25,28,45,49,53,66,67" m="50575" machi="67" ten="30,5800,0" yaku="25,1,8,1,52,1" doraHai="78" who="2" fromWho="3" sc="240,0,394,0,241,58,125,-58" /><INIT seed="2,1,0,1,0,104" ten="240,394,299,67" oya="2" hai0="92,21,101,59,58,70,121,73,15,93,2,90,123" hai1="7,3,50,112,102,4,16,30,125,71,113,25,49" hai2="13,64,32,81,39,6,78,46,34,127,67,5,124" hai3="31,41,72,94,88,68,82,63,47,74,57,117,33"/><V36/><F46/><W135/><G117/><T23/><D2/><U77/><E71/><V35/><F13/><W8/><G135/><T107/><D70/><U100/><E125/><N who="2" m="48203" /><F81/><W19/><G82/><T96/><D92/><U134/><E3/><V131/><F78/><W85/><G68/><T118/><D118/><U12/><E134/><V45/><F45/><W130/><G130/><T43/><D43/><U37/><E37/><N who="2" m="14411" /><F131/><W80/><G33/><N who="2" m="8449" /><V128/><DORA hai="108" /><F128/><W24/><G8/><T17/><D23/><U51/><E77/><V84/><F84/><W48/><G80/><T53/><D59/><U40/><E40/><V97/><F97/><W119/><G119/><T26/><D15/><U44/><E44/><V0/><F0/><W122/><G122/><T27/><D121/><U75/><E75/><V98/><F98/><W116/><G116/><T54/><D123/><U38/><E38/><V61/><F61/><W115/><G115/><N who="1" m="44106" /><E12/><V111/><F111/><W11/><G31/><T42/><D42/><U55/><E30/><V52/><F52/><W129/><G129/><T76/><D58/><U28/><E28/><V29/><F29/><W95/><G95/><T105/><D73/><U126/><E126/><V132/><F132/><W69/><G69/><T91/><D76/><U20/><E55/><V114/><F114/><W60/><G60/><T9/><D9/><U62/><E62/><V99/><F99/><W133/><G133/><T120/><D120/><U66/><E66/><AGARI ba="1,0" hai="5,6,64,66,67" m="8449,14411,48203" machi="66" ten="50,9600,0" yaku="28,2,18,1" doraHai="104,108" who="2" fromWho="1" sc="240,0,394,-99,299,99,67,0" /><INIT seed="2,2,0,4,3,87" ten="240,295,398,67" oya="2" hai0="131,52,16,132,129,82,88,77,118,81,120,38,34" hai1="11,18,74,68,1,71,22,24,119,23,121,7,32" hai2="94,96,44,30,122,108,95,6,13,43,80,110,56" hai3="97,134,20,42,109,28,67,75,36,99,86,92,35"/><V93/><F122/><W63/><G75/><T47/><D120/><U115/><E74/><V60/><F30/><W111/><G134/><T124/><D34/><U58/><E121/><V15/><F80/><W73/><G73/><N who="0" m="43183" /><D132/><U117/><E68/><V116/><F116/><W51/><G35/><T9/><D38/><U125/><E71/><V78/><F78/><W62/><G36/><T65/><D65/><U76/><E76/><V90/><F6/><W70/><G63/><T55/><D124/><U126/><E58/><V64/><F95/><W133/><G133/><T91/><D118/><U114/><E23/><V79/><F94/><W12/><G42/><T39/><D39/><U85/><E85/><V107/><F79/><W41/><G86/><N who="0" m="50263" /><D91/><U25/><E25/><V3/><F3/><W53/><G41/><T112/><D112/><U46/><E46/><V40/><F15/><W127/><G127/><N who="1" m="48650" /><E32/><V45/><F13/><W104/><G104/><T100/><D100/><U8/><E11/><V31/><F107/><W27/><G12/><N who="0" m="7183" /><D55/><U84/><E84/><V17/><F31/><W98/><REACH who="3" step="1"/><G92/><REACH who="3" ten="240,295,398,57" step="2"/><T101/><D101/><U66/><E66/><V14/><F64/><W48/><G48/><AGARI ba="2,1" hai="47,48,52,129,131" m="7183,50263,43183" machi="48" ten="30,8000,1" yaku="25,1,52,1,54,3" doraHai="87" who="0" fromWho="3" sc="240,96,295,0,398,0,57,-86" owari="336,14.0,295,-10.0,398,49.0,-29,-53.0" /></mjloggm>