<mjloggm ver="2.3"><GO type="41" lobby="0"/><UN n0="%E5%B0%B1%E6%B4%BB%E7%94%9F%40%E5%B7%9D%E6%9D%91%E8%BB%8D%E5%9B%A3" n1="%E3%81%B1%E3%81%9B%E3%82%8A" n2="%31%33%35%36" n3="%E3%81%BD%E3%82%80%E3%81%8B%E3%82%88" dan="15,14,14,14" rate="1965.59,1987.65,1837.75,1953.55" sx="M,F,M,F"/><TAIKYOKU oya="0"/><INIT seed="0,0,0,5,5,121" ten="250,250,250,250" oya="0" hai0="39,48,18,75,6,127,72,85,99,84,81,113,62" hai1="35,27,25,4,87,115,135,89,33,67,29,83,76" hai2="55,73,120,8,30,80,124,93,68,126,46,71,77" hai3="21,106,56,96,97,57,60,114,69,63,110,0,37"/><T36/><D113/><U7/><E115/><V65/><F120/><W101/><G114/><T52/><D127/><N who="2" m="48682" /><F65/><W134/><G69/><T86/><D6/><U34/><E67/><V53/><F30/><W51/><G0/><T118/><D118/><U59/><E59/><V13/><F93/><W90/><G37/><T50/><D99/><U128/><E128/><V117/><F117/><W11/><G51/><T1/><D1/><U133/><E76/><V12/><F12/><W123/><G123/><T125/><D125/><U95/><E95/><V9/><F9/><W15/><G11/><T112/><D112/><U107/><E107/><V44/><F44/><W42/><G15/><T102/><D102/><U70/><E70/><N who="2" m="26667" /><F46/><W74/><G106/><T108/><D81/><U31/><REACH who="1" step="1"/><E34/><REACH who="1" ten="250,240,250,250" step="2"/><V32/><F32/><W104/><G104/><T119/><D119/><U122/><E122/><V100/><F100/><W94/><G101/><T109/><D75/><U2/><E2/><V88/><F88/><W82/><G90/><T132/><D72/><U14/><E14/><V66/><F66/><W19/><G74/><T16/><D86/><U17/><E17/><AGARI ba="0,1" hai="8,13,17,53,55,73,77,80" m="26667,48682" machi="17" ten="30,1000,0" yaku="18,1" doraHai="121" who="2" fromWho="1" sc="250,0,240,-10,250,20,250,0" /><INIT seed="1,0,0,3,0,109" ten="250,230,270,250" oya="1" hai0="132,2,54,113,126,33,90,115,108,81,105,31,84" hai1="16,68,102,92,28,8,93,39,112,67,19,134,65" hai2="64,44,37,23,124,30,15,29,76,24,58,103,129" hai3="116,63,47,36,18,97,74,62,38,135,72,52,45"/><U125/><E39/><V118/><F118/><W61/><G116/><T9/><D108/><U130/><E130/><V34/><F129/><W131/><G131/><T49/><D105/><U83/><E125/><V7/><F76/><W10/><G97/><T53/><D126/><U50/><E28/><V99/><F124/><W1/><G1/><T59/><D132/><U55/><E134/><V43/><F7/><W40/><G135/><T17/><D53/><U104/><E104/><V14/><F34/><W121/><G121/><T128/><D128/><U122/><E122/><V0/><F0/><W22/><G10/><T87/><D87/><U119/><E19/><V86/><F86/><W25/><G52/><T77/><D77/><U5/><E68/><V101/><F101/><W3/><G3/><T70/><D70/><U117/><E117/><V20/><F20/><W56/><G56/><T106/><D106/><U85/><E65/><V123/><F30/><W73/><REACH who="3" step="1"/><G40/><REACH who="3" ten="250,230,270,240" step="2"/><T111/><D111/><U91/><E67/><V48/><F123/><W133/><G133/><T100/><D100/><U107/><E119/><V114/><F64/><W41/><G41/><T79/><D2/><U60/><E102/><V127/><F127/><W94/><G94/><T78/><D59/><U71/><E107/><V75/><F58/><W46/><AGARI ba="0,1" hai="18,22,25,36,38,45,46,47,61,62,63,72,73,74" machi="46" ten="40,12000,2" yaku="1,1,0,1,29,2,53,2" doraHai="109" doraHaiUra="69" who="3" fromWho="3" sc="250,-30,230,-60,270,-30,240,130" /><INIT seed="2,0,0,3,0,65" ten="220,170,240,370" oya="2" hai0="98,89,102,64,104,39,37,132,42,22,66,69,88" hai1="14,7,15,12,133,50,93,111,71,86,76,2,135" hai2="108,107,0,95,73,120,125,84,5,35,40,74,56" hai3="113,118,87,99,1,10,134,121,91,67,63,58,126"/><V47/><F120/><W19/><G121/><T85/><D132/><N who="1" m="50763" /><E111/><V33/><F107/><W8/><G118/><T4/><D4/><U101/><E76/><V81/><F108/><W75/><G75/><T90/><D85/><U62/><E50/><V72/><F95/><W106/><G1/><T105/><D105/><U34/><E34/><V127/><F5/><W9/><G134/><T36/><D42/><U116/><E116/><V96/><F96/><W48/><G106/><T122/><D122/><U28/><E28/><V6/><F56/><W46/><G113/><T123/><D123/><U45/><E45/><V119/><F119/><W30/><G99/><T54/><D54/><U26/><E26/><V124/><F84/><W27/><G30/><T23/><REACH who="0" step="1"/><D69/><REACH who="0" ten="210,170,240,370" step="2"/><U83/><E86/><V110/><F110/><W3/><G3/><T11/><D11/><U68/><E2/><V129/><F81/><W41/><G9/><T112/><D112/><U57/><E7/><V61/><F6/><W130/><G10/><T60/><D60/><U128/><E83/><V78/><F61/><W131/><G8/><T38/><N who="0" m="9216" /><DORA hai="77" /><T24/><D24/><U51/><E51/><N who="2" m="27111" /><F0/><W103/><G27/><T16/><D16/><U82/><E82/><N who="2" m="45383" /><F129/><W114/><G19/><T59/><D59/><U13/><E128/><V52/><F52/><W43/><G43/><T49/><D49/><U92/><N who="1" m="3584" /><DORA hai="80" /><U20/><E93/><V18/><F18/><W100/><G114/><T109/><D109/><U21/><E92/><V25/><F35/><W117/><G131/><T115/><D115/><RYUUKYOKU ba="0,1" sc="210,15,170,-15,240,15,370,-15" hai0="22,23,64,66,88,89,90,98,102,104" hai2="25,33,73,74,124,125,127" /><INIT seed="2,1,1,4,0,74" ten="225,155,255,355" oya="2" hai0="89,72,120,30,58,102,51,45,87,71,127,105,47" hai1="104,38,48,66,68,110,28,77,62,54,65,128,67" hai2="32,76,115,1,37,3,44,59,19,121,60,107,10" hai3="123,131,91,52,27,41,63,35,39,132,95,108,86"/><V113/><F121/><W40/><G123/><T90/><D71/><U18/><E104/><V26/><F107/><W42/><G108/><T53/><D72/><U7/><E7/><V0/><F37/><W126/><G126/><T135/><D127/><U13/><E28/><V49/><F32/><W78/><G132/><T119/><D135/><U24/><E24/><V9/><F9/><W5/><G131/><T73/><D73/><U14/><E128/><V80/><F26/><W69/><G5/><T21/><D120/><U22/><E110/><V96/><F96/><W16/><G35/><T20/><D119/><U31/><E31/><V4/><F19/><W114/><G69/><T25/><D89/><U23/><E38/><V50/><F50/><W12/><G27/><N who="0" m="16743" /><D102/><U93/><E93/><V70/><F70/><W97/><G39/><T100/><D100/><U124/><E124/><V56/><F56/><N who="3" m="35207" /><G114/><T134/><D105/><U85/><E68/><V99/><F99/><W101/><G101/><T109/><D109/><U83/><E62/><V46/><F46/><W94/><G97/><T34/><D34/><U11/><REACH who="1" step="1"/><E13/><REACH who="1" ten="225,145,255,355" step="2"/><V6/><F6/><W29/><G29/><N who="0" m="17583" /><D134/><U84/><E84/><V15/><F115/><W116/><G95/><AGARI ba="1,2" hai="45,47,51,53,58,87,90,95" m="17583,16743" machi="95" ten="30,1000,0" yaku="8,1" doraHai="74" who="0" fromWho="3" sc="225,33,145,0,255,0,355,-13" /><INIT seed="3,0,0,0,3,53" ten="258,145,255,342" oya="3" hai0="90,71,54,70,84,10,57,130,22,62,117,101,68" hai1="65,77,59,98,107,6,35,44,47,96,5,83,125" hai2="56,30,112,18,72,19,46,124,41,99,69,0,32" hai3="106,116,12,89,31,132,85,105,104,79,129,45,108"/><W20/><G116/><T61/><D130/><U121/><E121/><V131/><F69/><W38/><G129/><T123/><D123/><U3/><E35/><V42/><F131/><W15/><G79/><T66/><D117/><U28/><E28/><V64/><F72/><W49/><G38/><T75/><D75/><U95/><E125/><V110/><F0/><W60/><G132/><T102/><D10/><U48/><E107/><V55/><F124/><W86/><G31/><T7/><D7/><U97/><E95/><V52/><F32/><W111/><G20/><T119/><D119/><U8/><E6/><V87/><F64/><W74/><G74/><T127/><D127/><U126/><E126/><V103/><F87/><W88/><G60/><T114/><D114/><U122/><E122/><V80/><F80/><W50/><G105/><T13/><D13/><U14/><E3/><V39/><F42/><W120/><G120/><T43/><D43/><U36/><E36/><V100/><F55/><W33/><G33/><T26/><D101/><U76/><E83/><V113/><F103/><W133/><G133/><T63/><D102/><U29/><E29/><V128/><F30/><W135/><G135/><T93/><D62/><N who="1" m="38111" /><E47/><AGARI ba="0,0" hai="12,15,45,47,49,50,85,86,88,89,104,106,108,111" machi="47" ten="25,4800,0" yaku="22,2,54,1" doraHai="53" who="3" fromWho="1" sc="258,0,145,-48,255,0,342,48" /><INIT seed="3,1,0,5,2,35" ten="258,97,255,390" oya="3" hai0="126,114,29,53,109,127,5,133,129,34,62,118,111" hai1="103,56,76,122,47,42,72,24,28,84,89,68,78" hai2="65,110,75,102,79,97,19,95,82,39,107,128,66" hai3="61,13,6,46,112,83,40,93,113,43,17,73,134"/><W3/><G134/><T69/><D118/><U104/><E68/><V130/><F39/><W18/><G93/><T38/><D38/><U86/><E122/><V64/><F110/><N who="0" m="41994" /><D69/><U16/><E56/><V85/><F19/><W49/><G61/><T36/><D36/><U8/><E72/><V21/><F21/><W23/><G40/><T99/><D99/><U91/><E104/><V87/><F107/><W2/><G6/><T14/><D62/><U98/><E103/><V52/><F52/><W51/><G49/><T108/><D53/><U26/><E28/><V124/><F124/><N who="0" m="47658" /><D108/><U88/><E98/><V74/><F74/><W9/><G112/><T50/><D50/><N who="1" m="26999" /><E84/><V131/><AGARI ba="1,0" hai="64,65,66,75,79,82,85,87,95,97,102,128,130,131" machi="131" ten="40,2700,0" yaku="0,1,19,1" doraHai="35" who="2" fromWho="2" sc="258,-8,97,-8,255,30,390,-14" /><INIT seed="4,0,0,3,5,41" ten="250,89,285,376" oya="0" hai0="129,59,61,3,53,105,73,135,76,64,68,60,132" hai1="26,19,122,124,117,114,116,35,58,8,48,17,27" hai2="98,30,109,57,33,85,50,106,107,54,2,126,102" hai3="12,67,39,113,13,16,51,69,97,37,46,75,83"/><T43/><D3/><U23/><E58/><V20/><F109/><W84/><G75/><T104/><D129/><U38/><E38/><V81/><F33/><W49/><G113/><T134/><REACH who="0" step="1"/><D43/><REACH who="0" ten="240,89,285,376" step="2"/><U80/><E114/><V103/><F2/><W92/><G39/><T99/><D99/><U6/><E116/><V90/><F126/><W133/><G97/><T4/><D4/><U29/><E117/><V31/><F102/><W34/><G37/><T101/><D101/><U71/><E124/><V72/><F107/><W42/><G42/><T55/><D55/><U123/><E122/><V108/><F108/><W88/><G67/><T5/><D5/><U93/><E123/><V78/><REACH who="2" step="1"/><F20/><REACH who="2" ten="240,89,275,376" step="2"/><W52/><G34/><T45/><D45/><U18/><E35/><V28/><F28/><W115/><G46/><T79/><D79/><U11/><E29/><V130/><F130/><W118/><G118/><T63/><D63/><U111/><E111/><V25/><F25/><W89/><G115/><T9/><D9/><U87/><E11/><V95/><AGARI ba="0,2" hai="30,31,50,54,57,72,78,81,85,90,95,98,103,106" machi="95" ten="20,8000,1" yaku="1,1,0,1,7,1,24,2,53,0" doraHai="41" doraHaiUra="125" who="2" fromWho="2" sc="240,-40,89,-20,275,100,376,-20" /><INIT seed="5,0,0,5,1,56" ten="200,69,375,356" oya="1" hai0="54,110,69,103,129,36,26,70,50,116,44,29,62" hai1="47,32,45,133,39,73,77,64,68,31,89,59,83" hai2="28,35,15,78,87,94,4,118,76,72,52,124,57" hai3="115,23,100,91,125,86,24,67,6,111,61,109,51"/><U93/><E133/><V88/><F118/><W104/><G115/><T12/><D110/><U114/><E114/><V42/><F35/><W82/><G125/><T90/><D116/><U119/><E119/><V95/><F72/><W65/><G6/><T132/><D129/><U3/><E3/><V102/><F28/><W5/><G5/><T128/><D128/><U112/><E112/><V108/><F42/><W43/><G67/><T20/><D132/><U66/><E68/><V49/><F124/><W11/><G11/><T9/><D36/><U105/><E105/><V8/><F108/><W85/><G86/><T101/><D90/><U14/><E39/><V75/><F75/><W30/><G100/><T41/><D70/><U71/><E71/><V63/><F49/><W10/><G104/><T92/><D92/><U135/><E135/><V130/><F130/><W27/><G10/><T53/><D69/><U97/><E14/><V98/><AGARI ba="0,0" hai="4,8,15,52,57,63,76,78,87,88,94,95,98,102" machi="98" ten="30,8000,1" yaku="0,1,8,1,52,1,54,2" doraHai="56" who="2" fromWho="2" sc="200,-20,69,-40,375,80,356,-20" /><INIT seed="6,0,0,5,4,99" ten="180,29,455,336" oya="2" hai0="48,65,27,18,84,3,63,2,44,30,92,17,74" hai1="42,126,83,82,6,7,71,108,115,117,95,34,54" hai2="133,64,5,0,16,1,69,134,35,50,9,45,21" hai3="32,26,102,36,98,86,80,94,119,129,103,93,77"/><V56/><F69/><W38/><G119/><T25/><D74/><U41/><E34/><V91/><F35/><W90/><G129/><T29/><D3/><U47/><E115/><V79/><F79/><W28/><REACH who="3" step="1"/><G103/><REACH who="3" ten="180,29,455,326" step="2"/><T62/><D2/><U104/><E108/><V89/><F1/><W52/><G52/><T4/><D65/><U13/><E117/><V23/><F134/><W113/><G113/><T97/><D44/><U96/><E126/><V88/><F133/><W122/><G122/><T114/><D114/><U111/><E111/><V120/><F120/><W132/><G132/><T37/><D37/><U24/><E104/><V106/><F106/><W87/><AGARI ba="0,1" hai="26,28,32,36,38,77,80,86,87,90,93,94,98,102" machi="87" ten="20,5200,0" yaku="1,1,0,1,7,1,52,1,53,0" doraHai="99" doraHaiUra="8" who="3" fromWho="3" sc="180,-13,29,-13,455,-26,326,62" /><INIT seed="7,0,0,1,0,20" ten="167,16,429,388" oya="3" hai0="55,71,10,52,50,74,80,128,81,9,94,82,120" hai1="24,116,53,115,61,98,100,6,76,31,99,110,134" hai2="109,8,16,86,101,58,3,75,21,95,119,37,59" hai3="106,18,130,35,22,78,114,39,72,27,85,60,103"/><W125/><G72/><T29/><D71/><U108/><E115/><V36/><F75/><W93/><G114/><T105/><D105/><U12/><E116/><V89/><F119/><W127/><G39/><T43/><D74/><U34/><E134/><V111/><F36/><W2/><G2/><T66/><D66/><U57/><E76/><V42/><F101/><W0/><G0/><T91/><D29/><U19/><E108/><V67/><F42/><W32/><G106/><T49/><D43/><U87/><E110/><V11/><F37/><W65/><G130/><T102/><D102/><U124/><E124/><V51/><F3/><W4/><G4/><T83/><D120/><U104/><E6/><V26/><F111/><W88/><G78/><T112/><D80/><U84/><E98/><V126/><F126/><N who="3" m="48139" /><G103/><T129/><D112/><U92/><E104/><V14/><F109/><W132/><G132/><T56/><D128/><U25/><E25/><V77/><F77/><W135/><G135/><T33/><D129/><U15/><E15/><V44/><F67/><W47/><G47/><N who="0" m="27711" /><D33/><U17/><E17/><N who="2" m="12591" /><F11/><W63/><G63/><T69/><D69/><AGARI ba="0,0" hai="18,22,27,32,35,60,65,69,85,88,93" m="48139" machi="69" ten="30,5800,0" yaku="18,1,52,1,54,1" doraHai="20" who="3" fromWho="0" sc="167,-58,16,0,429,0,388,58" owari="109,-29.0,16,-48.0,429,23.0,446,54.0" /></mjloggm>