<mjloggm ver="2.3"><GO type="97" lobby="0"/><UN n0="%E5%B0%B1%E6%B4%BB%E7%94%9F%40%E5%B7%9D%E6%9D%91%E8%BB%8D%E5%9B%A3" n1="%E3%82%80%E3%81%8B%E3%81%8D%E3%82%93" n2="%74%61%65%72%75" n3="%4D%41%4E%4B%41%5A%55" dan="15,13,14,13" rate="2023.63,1962.62,1972.24,1836.12" sx="M,M,M,M"/><TAIKYOKU oya="0"/><INIT seed="0,0,0,2,5,61" ten="250,250,250,250" oya="0" hai0="126,101,92,57,119,127,22,100,58,27,75,109,121" hai1="133,118,78,97,63,68,85,56,40,18,88,4,128" hai2="135,34,104,71,114,41,24,73,125,17,79,123,132" hai3="53,14,45,13,76,20,112,86,117,47,54,116,87"/><T10/><D119/><U49/><E118/><V96/><F17/><W3/><G20/><T28/><D75/><U37/><E78/><V129/><F41/><W62/><G76/><T95/><D121/><U131/><E4/><V130/><F24/><W83/><G62/><T43/><D43/><U81/><E68/><V21/><F21/><W8/><G83/><T106/><D10/><U39/><E97/><V35/><F71/><W108/><G8/><T99/><D109/><U80/><E80/><N who="2" m="45167" /><F35/><W134/><G112/><T69/><D69/><U102/><E102/><N who="2" m="62535" /><F34/><W74/><G134/><N who="2" m="51241" /><F114/><W120/><G74/><T11/><D11/><U42/><E133/><V1/><F1/><W82/><G108/><T98/><REACH who="0" step="1"/><D106/><REACH who="0" ten="240,250,250,250" step="2"/><U124/><E40/><V103/><F123/><W12/><G120/><T51/><D51/><U77/><E42/><V91/><F103/><W33/><G3/><T66/><D66/><U72/><E49/><V90/><F125/><AGARI ba="0,1" hai="22,27,28,57,58,92,95,98,99,100,101,125,126,127" machi="125" ten="40,7700,0" yaku="1,1,9,1,18,1,53,0" doraHai="61" doraHaiUra="7" who="0" fromWho="2" sc="240,87,250,0,250,-77,250,0" /><INIT seed="0,1,0,2,3,102" ten="327,250,173,250" oya="0" hai0="96,65,120,32,68,134,38,111,19,34,100,31,109" hai1="56,7,92,126,130,4,5,63,9,94,124,86,85" hai2="45,83,133,58,93,1,123,87,2,16,46,52,28" hai3="17,76,26,84,13,90,101,99,60,37,57,27,22"/><T80/><D120/><U49/><E49/><V118/><F123/><W67/><G76/><T115/><D115/><U44/><E44/><V104/><F104/><W59/><G37/><T131/><D38/><U113/><E9/><V14/><F118/><W6/><G6/><T30/><D131/><U54/><E113/><V55/><F133/><W40/><G40/><T33/><D134/><U47/><E47/><V88/><F28/><W10/><G10/><T114/><D114/><U70/><E70/><V64/><F64/><W61/><G99/><T23/><D80/><U73/><E73/><V112/><F112/><W89/><G89/><T69/><D31/><U29/><E29/><V39/><F46/><W117/><G101/><T24/><D19/><U121/><E121/><V79/><F39/><W128/><G128/><T127/><D127/><N who="1" m="48683" /><E130/><V75/><F45/><W21/><G21/><T108/><D65/><U11/><E11/><V129/><F129/><W51/><G51/><T25/><D25/><U97/><E94/><AGARI ba="1,0" hai="23,24,30,32,33,34,68,69,94,96,100,108,109,111" machi="94" ten="50,4800,0" yaku="14,1,10,1" doraHai="102" who="0" fromWho="1" sc="327,51,250,-51,173,0,250,0" /><INIT seed="0,2,0,1,1,15" ten="378,199,173,250" oya="0" hai0="55,65,74,71,107,82,68,4,72,0,60,19,88" hai1="14,42,95,117,36,67,44,13,30,6,18,34,115" hai2="54,109,35,2,130,39,132,66,41,86,129,16,93" hai3="101,124,12,37,108,120,73,96,43,3,40,49,62"/><T81/><D107/><U57/><E117/><V23/><F35/><W123/><G3/><T27/><D71/><U9/><E115/><V76/><F2/><W53/><G73/><T58/><D0/><U20/><E95/><V11/><F11/><W17/><G62/><T61/><D4/><U102/><E102/><V106/><F106/><N who="3" m="63783" /><G37/><T47/><D47/><U31/><E34/><V90/><F66/><W110/><G124/><T7/><D7/><U114/><E114/><V33/><F33/><W127/><G127/><T128/><D128/><N who="2" m="49258" /><F132/><W51/><G43/><T118/><D118/><U94/><E94/><V97/><F54/><W112/><G40/><T64/><D55/><U131/><E131/><V77/><F109/><N who="3" m="42091" /><G112/><T133/><D133/><U126/><E126/><V83/><F41/><W103/><G103/><T119/><D119/><U105/><E105/><V29/><F29/><W21/><G21/><T26/><D58/><U135/><REACH who="1" step="1"/><E135/><REACH who="1" ten="378,189,173,250" step="2"/><V104/><F104/><W98/><G123/><T70/><D81/><U113/><E113/><V78/><F39/><W134/><G134/><T56/><D82/><U92/><E92/><V50/><F50/><W69/><G120/><T8/><D68/><U84/><E84/><V100/><F100/><W25/><G51/><T1/><D70/><U52/><E52/><V80/><F80/><W5/><G53/><T45/><D72/><U28/><E28/><V59/><F59/><W121/><G49/><T125/><D56/><U32/><E32/><V85/><F85/><W75/><G75/><T87/><D125/><U38/><E38/><RYUUKYOKU ba="2,1" sc="378,-15,189,15,173,15,250,-15" hai1="6,9,13,14,18,20,30,31,36,42,44,57,67" hai2="16,23,76,77,78,83,86,90,93,97" /><INIT seed="1,3,1,5,0,42" ten="363,204,188,235" oya="1" hai0="81,19,55,95,60,124,119,56,67,64,32,111,37" hai1="134,93,87,69,8,18,130,3,117,122,27,25,72" hai2="43,107,71,29,116,9,59,80,83,88,135,44,16" hai3="131,89,70,65,123,41,54,76,2,103,10,33,63"/><U57/><E122/><V39/><F71/><W47/><G47/><T102/><D32/><U13/><E69/><V45/><F107/><W7/><G7/><T53/><D37/><U30/><E72/><V21/><F116/><W17/><G17/><T35/><D35/><U34/><E117/><V79/><F135/><W104/><G104/><T62/><D119/><U73/><E73/><V115/><F115/><W50/><G50/><T51/><D111/><U31/><E134/><V132/><F132/><W1/><G1/><T109/><D109/><U58/><E130/><V94/><F29/><W14/><G14/><T28/><D28/><U46/><E3/><V114/><F114/><W49/><G49/><T38/><D38/><U85/><E93/><V108/><F108/><W68/><G68/><T90/><D124/><U36/><E58/><V23/><F59/><W118/><G118/><T20/><D102/><U52/><E36/><V99/><F45/><W112/><G112/><T128/><D81/><U11/><E11/><V121/><F121/><W77/><G77/><T6/><D6/><U4/><E4/><V96/><F96/><W91/><G91/><T110/><D110/><U129/><E129/><V0/><F80/><W66/><G66/><N who="0" m="25131" /><D55/><U125/><E125/><V12/><F0/><W133/><G133/><T98/><D128/><U127/><E127/><V15/><F15/><AGARI ba="3,1" hai="15,19,20,51,53,56,60,62,90,95,98" m="25131" machi="15" ten="30,1000,0" yaku="8,1" doraHai="42" who="0" fromWho="2" sc="363,29,204,0,188,-19,235,0" /><INIT seed="2,0,0,4,2,119" ten="392,204,169,235" oya="2" hai0="14,71,125,42,16,51,112,35,92,57,72,61,79" hai1="75,95,67,50,18,39,58,38,76,45,130,104,2" hai2="73,114,111,90,21,101,47,103,68,70,5,97,133" hai3="53,49,15,82,63,120,85,98,17,110,36,121,134"/><V83/><F114/><W87/><G87/><T29/><D125/><U105/><E2/><V1/><F133/><W19/><G19/><T23/><D112/><U60/><E75/><V88/><F111/><W25/><G25/><T26/><D71/><U9/><E76/><V94/><F5/><W78/><G78/><T59/><D72/><U31/><E31/><V13/><F1/><W107/><G107/><T132/><D79/><U52/><E130/><V0/><F0/><W126/><G126/><T124/><D124/><U62/><E62/><V44/><F73/><W20/><G20/><T34/><D34/><U28/><E28/><V37/><F70/><W99/><G99/><T10/><D35/><U81/><E81/><V91/><F68/><W128/><G128/><T8/><D8/><U127/><E127/><V32/><F32/><W11/><G11/><T12/><D12/><U109/><E109/><V123/><F123/><W41/><G41/><T3/><D3/><U48/><E39/><V129/><F129/><W106/><G106/><T117/><D117/><U122/><E122/><V56/><F37/><W108/><G108/><T118/><D118/><U4/><E38/><V33/><F33/><W77/><G77/><T102/><D132/><U86/><E4/><V96/><F83/><W116/><G116/><T46/><D61/><U64/><E105/><N who="2" m="63655" /><F56/><W66/><G66/><T131/><D131/><U84/><E58/><V65/><F65/><W55/><G55/><T24/><D24/><U27/><E67/><V40/><F40/><W113/><G113/><T22/><D10/><RYUUKYOKU ba="0,0" sc="392,15,204,-15,169,15,235,-15" hai0="14,16,22,23,26,29,42,46,51,57,59,92,102" hai2="13,21,44,47,88,90,91,94,97,103" /><INIT seed="2,1,0,1,1,45" ten="407,189,184,220" oya="2" hai0="54,43,90,3,134,121,0,78,40,110,91,18,128" hai1="67,118,35,62,47,26,39,132,53,120,123,130,85" hai2="59,23,1,19,113,9,49,126,24,6,75,41,79" hai3="38,112,44,81,124,27,131,125,28,57,48,7,30"/><V51/><F113/><W103/><G103/><T115/><D121/><N who="1" m="46667" /><E118/><V70/><F70/><W20/><G20/><T71/><D71/><N who="1" m="42487" /><E130/><V32/><F126/><W83/><G83/><T104/><D104/><U101/><E101/><V135/><F135/><W89/><G89/><T72/><D115/><U31/><E85/><V37/><F32/><W36/><G36/><T13/><D128/><U100/><E100/><V29/><F59/><W12/><G12/><T64/><D64/><U114/><E114/><V88/><F88/><W4/><G4/><T8/><D110/><U2/><E2/><V73/><F29/><W56/><G56/><T119/><D119/><U107/><E107/><V82/><REACH who="2" step="1"/><F75/><REACH who="2" ten="407,189,174,220" step="2"/><W92/><G92/><T52/><D134/><U108/><E108/><V17/><F17/><W97/><G97/><T42/><D91/><U116/><E116/><V99/><F99/><W15/><G15/><T58/><D90/><U33/><E132/><V21/><F21/><W10/><G10/><T60/><D72/><U127/><E127/><V129/><F129/><W34/><G34/><T109/><D109/><U11/><E11/><V105/><F105/><W106/><G106/><T98/><D98/><U87/><E87/><V55/><F55/><W111/><G111/><T5/><D18/><U95/><E95/><V86/><F86/><W22/><G22/><T16/><D16/><U46/><E35/><V66/><F66/><W61/><G61/><T77/><D54/><U94/><E94/><V84/><F84/><W14/><G14/><T65/><D52/><U102/><E53/><RYUUKYOKU ba="1,1" sc="407,15,189,-15,174,15,220,-15" hai0="0,3,5,8,13,40,42,43,58,60,65,77,78" hai2="1,6,9,19,23,24,37,41,49,51,73,79,82" /><INIT seed="2,2,1,4,4,66" ten="422,174,189,205" oya="2" hai0="38,77,84,6,40,97,37,7,49,135,12,87,76" hai1="19,2,91,115,5,90,93,59,57,121,15,68,127" hai2="73,106,122,24,67,62,45,79,23,126,124,29,107" hai3="28,55,26,132,14,34,16,61,83,22,116,32,101"/><V9/><F122/><W30/><G30/><T117/><D117/><U51/><E115/><V72/><F45/><W1/><G1/><T114/><D114/><U81/><E2/><V25/><F9/><W47/><G47/><N who="0" m="25831" /><D38/><U104/><E104/><N who="2" m="39979" /><F25/><W108/><G108/><T21/><D37/><U82/><E121/><V130/><F130/><W119/><G119/><T134/><D97/><N who="1" m="57527" /><E68/><N who="2" m="42103" /><F79/><N who="0" m="30282" /><D135/><U20/><E5/><N who="0" m="1545" /><D134/><U48/><E127/><AGARI ba="2,1" hai="23,24,29,72,73,124,126,127" m="42103,39979" machi="127" ten="30,2900,0" yaku="18,1,52,1" doraHai="66" who="2" fromWho="1" sc="422,0,174,-35,189,45,205,0" /><INIT seed="2,3,0,0,1,102" ten="422,139,234,205" oya="2" hai0="18,71,82,40,55,64,53,21,91,38,50,19,94" hai1="41,115,43,88,130,11,121,33,6,46,84,92,35" hai2="93,87,39,23,118,2,17,44,110,127,36,16,70" hai3="83,114,95,58,132,12,31,78,34,29,131,133,62"/><V124/><F118/><W45/><G45/><N who="0" m="25895" /><D71/><U117/><E115/><V54/><F2/><W129/><G129/><T59/><D38/><U8/><E130/><V65/><F70/><W105/><G105/><T86/><D19/><U37/><E117/><V28/><F65/><W80/><G80/><T24/><D82/><U135/><E121/><V96/><F87/><W98/><G98/><T4/><D4/><U77/><E135/><V49/><F28/><W126/><G126/><N who="2" m="48169" /><F110/><W42/><G42/><T69/><D69/><U10/><E43/><V1/><F1/><W123/><G123/><T113/><D113/><U27/><E77/><V57/><F44/><W89/><G89/><T90/><D90/><U108/><E108/><V63/><F63/><AGARI ba="3,0" hai="18,21,24,53,55,59,63,64,86,91,94" m="25895" machi="63" ten="30,1000,0" yaku="8,1" doraHai="102" who="0" fromWho="2" sc="422,19,139,0,234,-19,205,0" /><INIT seed="3,0,0,2,5,18" ten="441,139,215,205" oya="3" hai0="106,28,11,109,112,116,30,5,9,98,40,14,64" hai1="105,31,62,76,16,82,104,59,4,72,90,95,1" hai2="48,43,17,96,8,132,115,52,23,26,55,65,61" hai3="124,45,12,114,135,74,131,101,60,25,53,127,73"/><W128/><G128/><T44/><D116/><U10/><E31/><V123/><F115/><W108/><G108/><T129/><D112/><U0/><E0/><V100/><F123/><W34/><G34/><T35/><D35/><U107/><E59/><V54/><F132/><W77/><G77/><T71/><D109/><U84/><E62/><V27/><F8/><W78/><G78/><T99/><D129/><U29/><E29/><V32/><F32/><W49/><G49/><T80/><D71/><U85/><E85/><V89/><F27/><W41/><G41/><T66/><D80/><U93/><E93/><V81/><F81/><W130/><G130/><T13/><D106/><U86/><E86/><V113/><F89/><W50/><G50/><N who="0" m="26887" /><D30/><U75/><E75/><V39/><F39/><W7/><G7/><N who="0" m="3263" /><D28/><U91/><E91/><V21/><F43/><W24/><G24/><T126/><D126/><U125/><E125/><V6/><F6/><W87/><G87/><T117/><D117/><U3/><E3/><V122/><F122/><W134/><G134/><T118/><D118/><U83/><E83/><V2/><F2/><W19/><G19/><T79/><D79/><U15/><REACH who="1" step="1"/><E107/><REACH who="1" ten="441,129,215,205" step="2"/><V121/><F121/><W94/><G94/><T70/><D70/><U33/><E33/><V88/><F113/><W56/><G56/><T37/><D37/><U68/><E68/><V38/><F38/><W97/><G97/><AGARI ba="0,1" hai="5,11,14,64,66,97,98,99" m="3263,26887" machi="97" ten="30,1000,0" yaku="8,1" doraHai="18" who="0" fromWho="3" sc="441,20,129,0,215,0,205,-10" owari="461,55.0,129,-37.0,215,2.0,195,-20.0" /></mjloggm>