<mjloggm ver="2.3"><GO type="169" lobby="0"/><UN n0="%E3%83%88%E3%83%88%E3%83%AA%E5%85%88%E7%94%9F%31%39%E6%AD%B3" n1="%72%65%66%72%61%69%6E" n2="%61%69%73%79%6F" n3="%74%61%72%6F%6F" dan="18,16,18,18" rate="2158.05,2000.19,2249.97,2166.39" sx="F,M,M,M"/><TAIKYOKU oya="0"/><INIT seed="0,0,0,2,5,96" ten="250,250,250,250" oya="0" hai0="129,77,131,64,76,22,75,83,54,17,86,40,47" hai1="68,134,32,51,18,116,88,10,28,113,100,25,50" hai2="99,39,12,114,9,38,61,119,35,16,123,95,124" hai3="115,107,125,72,55,130,3,30,44,46,14,94,81"/><T26/><D64/><U127/><E116/><V82/><F35/><W11/><G107/><T20/><D54/><U97/><E68/><V57/><F123/><W104/><G104/><T67/><D67/><U135/><E127/><V53/><F124/><W33/><G3/><T37/><D76/><U62/><E113/><V66/><F114/><W41/><G30/><T58/><D58/><U6/><E62/><V120/><F119/><W109/><G81/><T92/><D75/><U80/><E18/><V4/><F120/><W52/><G72/><T84/><D84/><N who="1" m="50183" /><E10/><V108/><F82/><W133/><G115/><T69/><D69/><U70/><E6/><V56/><F108/><W8/><G8/><T5/><D5/><U71/><E71/><V31/><F31/><W24/><G11/><T110/><D110/><U34/><E70/><V111/><F111/><W105/><G125/><T0/><D0/><U59/><E59/><V117/><F117/><W73/><G73/><T63/><D63/><U118/><E34/><V89/><REACH who="2" step="1"/><F4/><REACH who="2" ten="250,250,240,250" step="2"/><W91/><G33/><T48/><D83/><U103/><E118/><V13/><F13/><W1/><G14/><N who="0" m="9271" /><D77/><U85/><E32/><V98/><F98/><W106/><G109/><T21/><D26/><U132/><E97/><V23/><F23/><N who="0" m="8714" /><D37/><U43/><E25/><V112/><F112/><W2/><G24/><T65/><D86/><U90/><E28/><V42/><F42/><W15/><G1/><T102/><D40/><U60/><E43/><V27/><F27/><W122/><G2/><T78/><D78/><U74/><E132/><RYUUKYOKU ba="0,1" sc="250,-10,250,-10,240,30,250,-10" hai2="9,12,16,38,39,53,56,57,61,66,89,95,99" /><INIT seed="1,1,1,1,5,55" ten="240,240,270,240" oya="1" hai0="61,107,11,36,105,46,82,85,76,124,26,48,65" hai1="9,77,111,109,35,34,98,132,25,63,116,67,10" hai2="94,110,29,81,95,69,104,51,100,31,49,24,39" hai3="21,45,19,64,79,40,28,130,30,4,70,52,47"/><U127/><E116/><V83/><F39/><W97/><G130/><T73/><D124/><U129/><E127/><V68/><F100/><W20/><G4/><T8/><D36/><U86/><E129/><V125/><F24/><W15/><G79/><T33/><D73/><U14/><E132/><V91/><F91/><W112/><G112/><T99/><D33/><U66/><E98/><V59/><F125/><W90/><G64/><N who="1" m="24618" /><E63/><V53/><F53/><W37/><G70/><T12/><D26/><U133/><E133/><V121/><F110/><N who="1" m="41993" /><E25/><V57/><REACH who="2" step="1"/><F104/><REACH who="2" ten="240,240,260,240" step="2"/><W62/><G90/><T135/><D135/><U17/><E10/><V50/><F50/><W87/><G37/><T5/><D11/><U3/><E3/><V27/><F27/><W93/><G28/><T2/><D2/><U56/><E9/><V32/><F32/><W44/><G30/><T71/><REACH who="0" step="1"/><D99/><REACH who="0" ten="230,240,260,240" step="2"/><U6/><E35/><V72/><F72/><W75/><G97/><T88/><D88/><U22/><E34/><V123/><AGARI ba="1,3" hai="29,31,49,51,57,59,68,69,81,83,94,95,121,123" machi="123" ten="25,12000,2" yaku="1,1,0,1,22,2,52,2,53,0" doraHai="55" doraHaiUra="92" who="2" fromWho="2" sc="230,-31,240,-61,260,153,240,-31" /><INIT seed="2,0,0,2,1,1" ten="199,179,413,209" oya="2" hai0="126,26,67,66,100,19,50,2,93,101,109,115,80" hai1="128,99,91,92,28,79,3,85,87,104,10,20,4" hai2="37,123,70,48,95,16,31,121,106,5,12,69,98" hai3="86,108,11,111,131,81,89,120,52,22,71,36,65"/><V34/><F37/><W88/><G120/><T63/><D115/><U46/><E128/><V7/><F106/><W60/><G36/><T90/><D2/><U42/><E104/><V38/><F38/><W27/><G131/><T49/><D109/><N who="3" m="42057" /><G11/><T8/><D126/><U39/><REACH who="1" step="1"/><E79/><REACH who="1" ten="199,169,413,209" step="2"/><V84/><F123/><W105/><G105/><T15/><D80/><U116/><E116/><V74/><F121/><W117/><G117/><T73/><D73/><U119/><E119/><V41/><F74/><W78/><G52/><T72/><D72/><U47/><E47/><N who="2" m="25711" /><F70/><W75/><G75/><T29/><D66/><U83/><E83/><V56/><F69/><W0/><G0/><T57/><D101/><U30/><E30/><AGARI ba="0,1" hai="22,27,30,60,65,71,78,81,86,88,89" m="42057" machi="30" ten="30,2000,0" yaku="14,1,54,1" doraHai="1" who="3" fromWho="1" sc="199,0,169,-20,413,0,209,30" /><INIT seed="3,0,0,5,2,83" ten="199,149,413,239" oya="3" hai0="20,39,61,18,116,22,40,68,121,35,15,89,120" hai1="48,47,28,111,108,86,55,11,134,49,44,112,105" hai2="80,135,17,124,109,33,79,100,60,104,27,101,117" hai3="93,115,78,4,126,62,9,119,34,125,37,43,41"/><W66/><G34/><T53/><D116/><U63/><E105/><V81/><F109/><N who="1" m="42057" /><E28/><V54/><F135/><W85/><G119/><T73/><D35/><U25/><E25/><V50/><F124/><N who="3" m="47723" /><G37/><T90/><D73/><U98/><E98/><V29/><F104/><W74/><G74/><T70/><D39/><U65/><E11/><V130/><F130/><W59/><G115/><T97/><D40/><N who="1" m="24583" /><E134/><V16/><F101/><W132/><G132/><T26/><D70/><N who="1" m="42303" /><E86/><V113/><F100/><W72/><G72/><T21/><D21/><U95/><E95/><V6/><F6/><W57/><G9/><T23/><D23/><U107/><E107/><V96/><F96/><W102/><G4/><T67/><D97/><U77/><E77/><V51/><F79/><W76/><G102/><T69/><D69/><U36/><E36/><V103/><F103/><W1/><G1/><T3/><D3/><U127/><E127/><V123/><F29/><W91/><G78/><T106/><D106/><U30/><E30/><V14/><F27/><W24/><G76/><T133/><D133/><U58/><E47/><V38/><F38/><W88/><G24/><T0/><D0/><U114/><AGARI ba="0,0" hai="49,55,58,112,114" m="42303,24583,42057" machi="114" ten="30,4000,0" yaku="14,1,34,2" doraHai="83" who="1" fromWho="1" sc="199,-10,149,40,413,-10,239,-20" /><INIT seed="4,0,0,5,2,12" ten="189,189,403,219" oya="0" hai0="127,16,128,111,86,75,54,61,51,82,29,98,97" hai1="87,64,102,85,92,104,1,131,28,14,120,10,135" hai2="30,8,103,93,90,9,106,132,15,83,108,25,67" hai3="125,71,41,42,100,43,73,27,47,58,22,129,49"/><T52/><D75/><U130/><E120/><V48/><F108/><W94/><G73/><T57/><D111/><U65/><E135/><V36/><F36/><W63/><G125/><T91/><D29/><U79/><E1/><V31/><F106/><W56/><G129/><N who="1" m="49162" /><E104/><V55/><F103/><W6/><G6/><T124/><D128/><U38/><E38/><V44/><F67/><N who="1" m="25673" /><E28/><V95/><F8/><W70/><G70/><T59/><D124/><U11/><E79/><V33/><F31/><N who="3" m="17911" /><G71/><T77/><D127/><U46/><E46/><V19/><F132/><W7/><G7/><T101/><D77/><U4/><E11/><V5/><F5/><W68/><G68/><T2/><D2/><U66/><N who="1" m="25681" /><U0/><DORA hai="107" /><E0/><V96/><F96/><AGARI ba="0,0" hai="4,10,14,85,87,92,96,102" m="25681,49162" machi="96" ten="40,1300,0" yaku="19,1" doraHai="12,107" who="1" fromWho="2" sc="189,0,189,13,403,-13,219,0" /><INIT seed="5,0,0,4,1,130" ten="189,202,390,219" oya="1" hai0="54,98,111,110,85,120,125,26,0,79,46,78,14" hai1="50,8,115,127,56,123,71,66,89,106,133,29,104" hai2="41,77,28,94,22,9,96,75,107,63,39,43,88" hai3="68,58,84,55,11,93,15,67,42,117,48,37,19"/><U105/><E123/><V76/><F107/><W59/><G117/><T24/><D0/><U124/><E115/><V103/><F39/><W126/><G126/><N who="1" m="48170" /><E133/><V60/><F75/><W61/><G58/><T34/><D125/><U73/><E71/><V131/><F131/><W86/><REACH who="3" step="1"/><G93/><REACH who="3" ten="189,202,390,209" step="2"/><T35/><D120/><U95/><E104/><V2/><F94/><W25/><G25/><T118/><D24/><U4/><E105/><V45/><F2/><W13/><G13/><T82/><D14/><U128/><E106/><V31/><F31/><W16/><G16/><T65/><D26/><U30/><E128/><V40/><F28/><W122/><G122/><T87/><D110/><U18/><E18/><V112/><F112/><W32/><G32/><T116/><D111/><U21/><E30/><V121/><F121/><W90/><G90/><T69/><D35/><U80/><E89/><V132/><F88/><W119/><G119/><T12/><D12/><U51/><E56/><V102/><F102/><W53/><G53/><T6/><D34/><U52/><E29/><V33/><F103/><W7/><G7/><T1/><D6/><U49/><E52/><V70/><F33/><W36/><G36/><T129/><D1/><U23/><E95/><V17/><F17/><W134/><G134/><T62/><D129/><U91/><E91/><V83/><F132/><W114/><G114/><T92/><D54/><U108/><E108/><V10/><F70/><W109/><G109/><T100/><D46/><AGARI ba="0,1" hai="11,15,19,37,42,46,48,55,59,61,67,68,84,86" machi="46" ten="40,5200,0" yaku="1,1,24,2,53,0" doraHai="130" doraHaiUra="27" who="3" fromWho="0" sc="189,-52,202,0,390,0,209,62" /><INIT seed="6,0,0,4,1,86" ten="137,202,390,271" oya="2" hai0="85,56,70,128,0,49,119,93,122,26,72,89,12" hai1="33,13,19,29,97,132,69,117,1,103,81,130,134" hai2="76,87,92,79,123,83,90,115,7,34,9,73,16" hai3="40,5,66,116,36,44,82,48,98,84,30,100,20"/><V45/><F34/><W95/><G116/><T110/><D122/><U63/><E117/><V62/><F115/><W58/><G5/><T129/><D110/><U74/><E1/><V38/><F123/><W112/><G112/><T67/><D72/><U106/><E130/><N who="0" m="50281" /><D0/><U32/><E74/><V60/><F79/><W14/><G36/><T114/><D114/><U28/><E81/><V6/><F6/><W118/><G118/><T52/><D119/><U65/><E32/><V4/><F4/><W8/><G8/><T2/><D2/><U77/><E77/><V78/><F16/><N who="3" m="10263" /><G30/><T125/><D125/><U21/><REACH who="1" step="1"/><E29/><REACH who="1" ten="137,192,390,271" step="2"/><V131/><F76/><W37/><G82/><T108/><D108/><U41/><E41/><N who="2" m="22711" /><F131/><W61/><G37/><T88/><D26/><AGARI ba="0,1" hai="13,19,21,26,28,33,63,65,69,97,103,106,132,134" machi="26" ten="40,8000,1" yaku="1,1,25,2,53,1" doraHai="86" doraHaiUra="99" who="1" fromWho="0" sc="137,-80,192,90,390,0,271,0" /><INIT seed="7,0,0,4,2,10" ten="57,282,390,271" oya="3" hai0="20,43,4,16,55,32,114,122,113,45,17,119,39" hai1="40,5,100,35,73,28,44,110,47,63,41,50,27" hai2="128,99,124,26,22,105,86,98,25,31,80,12,65" hai3="54,36,85,7,90,69,133,93,131,79,88,96,71"/><W97/><G36/><T103/><D55/><U83/><E110/><V112/><F105/><W117/><G117/><T116/><D45/><U33/><E100/><V92/><F65/><W135/><G131/><T87/><D87/><U125/><E125/><V3/><F3/><W21/><G7/><T127/><D43/><U91/><E5/><V58/><F112/><W57/><G79/><T15/><D103/><U121/><E121/><V115/><F115/><W106/><G106/><T60/><D60/><U81/><E63/><V9/><F26/><W6/><G6/><T107/><D107/><U95/><E35/><V1/><F1/><W118/><G118/><T67/><D67/><U38/><E73/><V104/><F124/><W84/><G21/><T46/><D46/><U66/><E66/><V111/><F111/><W49/><G71/><T68/><D39/><U23/><E33/><V24/><F24/><W14/><G14/><T53/><D53/><U42/><E42/><V61/><F128/><W76/><G76/><T13/><D68/><U56/><E56/><V129/><F129/><W130/><G69/><T126/><D4/><U94/><E94/><V11/><F92/><N who="3" m="54287" /><G130/><T8/><D32/><U62/><E62/><V59/><F61/><W2/><G2/><T72/><D122/><U78/><E78/><N who="2" m="46359" /><F104/><W109/><G109/><T74/><REACH who="0" step="1"/><D8/><REACH who="0" ten="47,282,390,271" step="2"/><U37/><E37/><V18/><F9/><W29/><G84/><AGARI ba="0,1" hai="23,27,28,38,40,41,44,47,50,81,83,84,91,95" machi="84" ten="30,1000,0" yaku="7,1" doraHai="10" who="1" fromWho="3" sc="47,0,282,20,390,0,271,-10" owari="47,-45.0,302,10.0,390,49.0,261,-14.0" /></mjloggm>