<mjloggm ver="2.3"><GO type="169" lobby="0"/><UN n0="%E5%B0%B1%E6%B4%BB%E7%94%9F%40%E5%B7%9D%E6%9D%91%E8%BB%8D%E5%9B%A3" n1="%EF%BC%A1%EF%BC%AB%EF%BC%AF" n2="%E3%83%8F%E3%83%AF%E3%82%A4%E3%82%A2%E3%83%B3" n3="%E3%81%A1%E3%81%B3%E3%81%B2%E3%82%88" dan="17,16,16,17" rate="2210.55,2074.79,2102.68,2163.03" sx="M,F,M,M"/><TAIKYOKU oya="0"/><INIT seed="0,0,0,2,0,70" ten="250,250,250,250" oya="0" hai0="101,135,43,59,60,48,52,50,119,28,29,128,94" hai1="34,92,4,10,5,13,53,117,108,65,95,38,83" hai2="134,79,90,47,82,18,6,77,51,30,2,41,3" hai3="9,61,72,124,25,130,87,80,81,7,63,26,67"/><T21/><D119/><U111/><E34/><V86/><F134/><W120/><G124/><T126/><D126/><U73/><E117/><V100/><F30/><N who="0" m="11882" /><D135/><U23/><E65/><V44/><F100/><W0/><G130/><T121/><D121/><U113/><E113/><V64/><F64/><W66/><G120/><T103/><D128/><U118/><E118/><V49/><F18/><W39/><G72/><T133/><D133/><U45/><E23/><V106/><F106/><W127/><G127/><T55/><D43/><N who="1" m="22775" /><E53/><V11/><REACH who="2" step="1"/><F2/><REACH who="2" ten="250,250,240,250" step="2"/><W129/><G129/><T31/><D94/><U22/><E95/><V62/><F62/><W102/><G63/><T109/><D109/><U57/><E92/><V107/><F107/><W32/><G61/><T96/><D60/><U75/><E111/><V105/><F105/><W99/><G0/><T74/><D103/><U97/><E108/><V46/><F46/><W20/><G102/><T42/><D101/><U56/><E56/><V15/><F15/><W14/><G14/><T8/><D59/><U69/><E57/><V19/><F19/><W68/><G67/><T104/><D31/><U24/><E13/><V37/><F37/><W76/><G66/><T85/><D104/><U84/><E69/><V35/><F35/><W33/><G68/><T123/><D123/><U58/><E58/><V93/><F93/><W125/><G32/><T88/><D50/><U71/><E71/><V114/><F114/><W112/><G33/><T16/><D48/><U36/><E36/><V116/><F116/><W91/><G112/><T78/><D16/><RYUUKYOKU ba="0,1" sc="250,-10,250,-10,240,30,250,-10" hai2="3,6,11,41,44,47,49,51,77,79,82,86,90" /><INIT seed="1,1,1,2,2,128" ten="240,240,270,240" oya="1" hai0="103,102,121,116,73,134,28,65,88,115,11,109,96" hai1="26,72,55,34,4,58,105,24,80,49,52,42,60" hai2="69,39,122,66,106,10,92,114,50,133,61,32,38" hai3="131,125,98,84,17,62,101,8,91,45,13,16,90"/><U135/><E105/><V110/><F106/><W126/><G131/><T9/><D73/><U120/><E42/><V48/><F32/><W22/><G62/><T100/><D115/><U132/><E120/><V47/><F10/><W51/><G98/><T124/><D116/><U19/><E4/><V59/><F92/><W113/><G113/><T75/><D75/><U79/><E19/><V82/><F82/><W68/><G68/><T117/><D117/><U29/><REACH who="1" step="1"/><E26/><REACH who="1" ten="240,230,270,240" step="2"/><V36/><F122/><W12/><G101/><T1/><D121/><U57/><AGARI ba="1,2" hai="24,29,34,49,52,55,57,58,60,72,79,80,132,135" machi="57" ten="30,18000,2" yaku="1,1,2,1,0,1,52,2,54,1,53,1" doraHai="128" doraHaiUra="30" who="1" fromWho="1" sc="240,-61,230,203,270,-61,240,-61" /><INIT seed="1,2,0,4,1,5" ten="179,433,209,179" oya="1" hai0="8,58,89,78,75,43,125,106,27,90,105,65,61" hai1="26,40,23,20,68,10,88,79,24,55,92,128,133" hai2="103,19,81,114,98,0,122,2,46,120,57,116,112" hai3="45,39,135,127,56,107,37,77,17,99,93,108,33"/><U110/><E133/><V67/><F116/><W12/><G33/><T113/><D113/><U51/><E40/><V102/><F19/><W38/><G107/><T14/><D125/><U54/><E68/><V1/><F81/><W34/><G34/><T28/><D43/><U130/><E79/><V123/><F46/><W49/><G108/><T117/><D117/><U134/><E134/><V83/><F83/><W94/><G135/><T115/><D115/><N who="2" m="44074" /><F98/><W84/><G56/><T48/><D48/><U129/><E110/><V64/><F57/><W111/><G111/><T29/><D78/><U82/><E10/><V95/><F95/><W4/><G4/><T15/><D75/><U22/><E82/><V9/><F9/><W59/><G59/><T35/><D28/><U18/><E51/><V30/><F30/><W97/><G127/><T44/><D44/><U60/><E60/><V118/><F118/><W76/><G94/><T72/><D72/><U36/><E36/><V6/><F6/><W62/><G62/><T132/><D132/><U121/><E121/><V101/><AGARI ba="2,0" hai="0,1,2,64,67,101,102,103,120,122,123" m="44074" machi="101" ten="50,8000,1" yaku="29,2,28,2,11,1" doraHai="5" who="2" fromWho="2" sc="179,-22,433,-42,209,86,179,-22" /><INIT seed="2,0,0,2,3,105" ten="157,391,295,157" oya="2" hai0="77,49,103,107,117,42,45,82,126,9,89,24,113" hai1="54,106,16,35,131,75,41,4,119,78,76,121,104" hai2="65,39,80,68,83,123,120,114,93,57,129,124,27" hai3="17,53,67,96,6,63,7,46,14,2,44,84,15"/><V85/><F68/><W25/><G2/><T29/><D113/><U134/><E41/><V101/><F39/><W71/><G96/><T31/><D117/><U109/><E4/><V99/><F114/><W110/><G110/><T22/><D126/><U127/><E54/><V52/><F65/><W66/><G25/><T10/><D31/><U21/><E35/><V30/><F129/><W112/><G112/><T108/><D108/><U97/><E109/><V111/><F124/><W61/><G84/><T11/><D89/><U88/><E119/><V28/><F28/><W132/><G132/><T23/><D107/><U102/><E127/><V86/><F111/><W70/><G17/><T56/><D103/><U8/><E8/><V125/><F125/><W48/><REACH who="3" step="1"/><G46/><REACH who="3" ten="157,391,295,147" step="2"/><T43/><D23/><U91/><E134/><V1/><F1/><W19/><G19/><T74/><REACH who="0" step="1"/><D56/><REACH who="0" ten="147,391,295,147" step="2"/><U0/><E21/><V12/><F57/><W37/><G37/><T3/><D3/><U38/><E0/><V50/><F101/><W135/><G135/><T79/><D79/><U128/><E76/><V58/><F58/><W51/><G51/><T87/><D87/><U5/><E78/><V62/><F50/><W81/><G81/><T33/><D33/><U34/><E34/><V64/><F85/><W69/><G69/><T26/><D26/><U73/><E38/><V13/><F83/><W90/><G90/><T130/><D130/><U116/><E116/><V98/><F86/><W72/><G72/><T133/><D133/><U92/><E131/><V40/><F80/><W94/><G94/><RYUUKYOKU ba="0,2" sc="147,15,391,-15,295,-15,147,15" hai0="9,10,11,22,24,29,42,43,45,49,74,77,82" hai3="6,7,14,15,44,48,53,61,63,66,67,70,71" /><INIT seed="3,1,2,1,2,22" ten="162,376,280,162" oya="3" hai0="120,117,126,61,59,88,99,57,122,8,134,127,42" hai1="15,34,97,131,65,91,0,7,23,48,46,10,9" hai2="75,84,114,14,93,54,112,52,58,13,111,116,27" hai3="64,68,103,63,72,38,18,69,33,109,123,94,41"/><W11/><G123/><N who="0" m="47147" /><D8/><U96/><E34/><V60/><F75/><W51/><G72/><T19/><D19/><U128/><E65/><V107/><F111/><W26/><G109/><T2/><D2/><U132/><E23/><V98/><F116/><W110/><G110/><T25/><D25/><U35/><E35/><V16/><F107/><W40/><G69/><T70/><D117/><U47/><E132/><V124/><F124/><N who="0" m="47658" /><D42/><U12/><E0/><V87/><F13/><W45/><G11/><T89/><D134/><U121/><E121/><V3/><F14/><W102/><G94/><N who="0" m="56775" /><D89/><U113/><E91/><V82/><F27/><W115/><G18/><T36/><D36/><U66/><E12/><V100/><F16/><W106/><G38/><T20/><D20/><U86/><E15/><V73/><F3/><W119/><G119/><T67/><AGARI ba="1,2" hai="57,59,61,67,70" m="56775,47658,47147" machi="67" ten="40,2700,0" yaku="18,1,54,1" doraHai="22" who="0" fromWho="0" sc="162,50,376,-8,280,-8,162,-14" /><INIT seed="4,0,0,2,5,75" ten="212,368,272,148" oya="0" hai0="91,34,115,3,65,129,47,99,14,4,49,66,22" hai1="93,56,28,119,127,38,76,98,21,40,122,57,32" hai2="50,5,106,39,55,96,121,24,58,114,135,25,110" hai3="105,77,62,83,1,74,87,26,41,123,95,20,131"/><T36/><D34/><U108/><E119/><V80/><F39/><W13/><G1/><T130/><D36/><U125/><E108/><V33/><F121/><W82/><G123/><T53/><D3/><U70/><E122/><V7/><F114/><W15/><G131/><N who="0" m="50187" /><D115/><U85/><E32/><V104/><F96/><W116/><G116/><T11/><D22/><U133/><E70/><V31/><F24/><W88/><G105/><T97/><D97/><U17/><E28/><V10/><F135/><W43/><G62/><T42/><D42/><U112/><E112/><V52/><F7/><W92/><G41/><T109/><D109/><U67/><E67/><V78/><F55/><W9/><G43/><T94/><AGARI ba="0,0" hai="4,11,14,47,49,53,65,66,91,94,99" m="50187" machi="94" ten="30,1500,0" yaku="19,1" doraHai="75" who="0" fromWho="0" sc="212,15,368,-5,272,-5,148,-5" /><INIT seed="4,1,0,0,4,101" ten="227,363,267,143" oya="0" hai0="31,117,112,115,63,87,94,46,104,111,73,49,51" hai1="107,124,108,126,119,22,41,59,6,53,131,43,90" hai2="62,78,84,11,77,28,82,85,134,135,75,45,121" hai3="98,56,42,71,132,114,100,93,130,8,13,55,35"/><T116/><D73/><U99/><E108/><V105/><F28/><W24/><G71/><T81/><D31/><U70/><E119/><N who="0" m="45641" /><D94/><N who="1" m="56791" /><E70/><V40/><F121/><W4/><G114/><N who="0" m="43563" /><D104/><U88/><E131/><V89/><F105/><W95/><G132/><T0/><D0/><U128/><E128/><V48/><F62/><W103/><G130/><T26/><D26/><U60/><E6/><V5/><F75/><W86/><G42/><N who="1" m="15882" /><E22/><V122/><F122/><W9/><G9/><T102/><D102/><U133/><E133/><N who="2" m="50699" /><F85/><W12/><G12/><AGARI ba="1,0" hai="5,11,12,40,45,48,77,78,82,84,89" m="50699" machi="12" ten="30,1000,0" yaku="20,1" doraHai="101" who="2" fromWho="3" sc="227,0,363,0,267,13,143,-13" /><INIT seed="5,0,0,5,2,58" ten="227,363,280,130" oya="1" hai0="81,105,65,46,118,127,130,48,60,104,36,59,56" hai1="108,40,11,107,82,47,55,89,43,53,114,120,101" hai2="2,23,12,10,88,27,75,80,109,29,71,128,4" hai3="117,119,62,90,68,132,125,63,111,14,85,67,9"/><U28/><E120/><V121/><F109/><W135/><G111/><T115/><D118/><N who="3" m="45065" /><G125/><T87/><D115/><U41/><E108/><V72/><F121/><W44/><G44/><T95/><D130/><U25/><E114/><V93/><F128/><W124/><G124/><T45/><D127/><U126/><E126/><V38/><F38/><W3/><G3/><T24/><D95/><U57/><E107/><V52/><F71/><W97/><G97/><T39/><D24/><U112/><E101/><V103/><F103/><W123/><G123/><T61/><D87/><N who="1" m="50423" /><E112/><V83/><F72/><W133/><G67/><N who="0" m="39303" /><D81/><U96/><E96/><V98/><F75/><W84/><G68/><N who="0" m="42031" /><D105/><U100/><E100/><V33/><F52/><N who="1" m="20041" /><E11/><V0/><F0/><W31/><G85/><T102/><D102/><U64/><E47/><N who="0" m="17929" /><D104/><U94/><E94/><V51/><F51/><W15/><G9/><T122/><D122/><U66/><E25/><V8/><F8/><W92/><G31/><T49/><D59/><U20/><E28/><V18/><AGARI ba="0,0" hai="2,4,10,12,18,23,27,29,33,80,83,88,93,98" machi="18" ten="30,7900,0" yaku="0,1,24,2,54,1" doraHai="58" who="2" fromWho="2" sc="227,-20,363,-39,280,79,130,-20" /><INIT seed="6,0,0,3,2,28" ten="207,324,359,110" oya="2" hai0="37,13,72,85,3,106,132,80,42,100,133,20,90" hai1="116,23,84,105,104,31,109,75,83,119,129,59,1" hai2="52,40,53,34,92,87,38,64,50,66,2,113,62" hai3="112,21,99,131,7,49,96,12,51,114,121,127,102"/><V0/><F113/><N who="3" m="43627" /><G121/><T97/><D3/><U128/><E109/><V41/><F34/><W122/><G122/><T26/><D13/><U60/><E75/><V55/><F0/><W29/><G127/><T77/><D42/><U54/><E1/><V46/><F2/><W134/><G134/><T88/><D37/><U86/><E105/><V111/><F92/><N who="3" m="58631" /><G131/><N who="1" m="50250" /><E104/><V82/><F111/><W61/><G61/><T63/><D63/><U30/><E84/><V33/><F33/><W8/><G99/><T9/><D9/><U98/><E98/><V15/><F15/><W93/><G93/><N who="0" m="54415" /><D90/><N who="1" m="51551" /><E23/><V69/><F87/><W76/><G76/><T107/><D107/><U125/><E125/><V25/><F82/><W68/><G68/><T27/><D20/><U57/><E59/><V35/><F35/><W6/><G6/><T117/><D117/><AGARI ba="0,0" hai="30,31,54,57,60,116,117,119" m="51551,50250" machi="117" ten="30,1000,0" yaku="19,1" doraHai="28" who="1" fromWho="0" sc="207,-10,324,10,359,0,110,0" /><INIT seed="7,0,0,4,4,79" ten="197,334,359,110" oya="3" hai0="47,128,120,2,29,64,15,98,40,119,45,12,36" hai1="88,102,93,52,72,132,101,78,63,100,43,135,21" hai2="59,124,27,71,108,49,25,125,30,44,82,48,134" hai3="31,116,56,127,110,0,51,121,106,131,81,35,11"/><W77/><G121/><T67/><D2/><U111/><E111/><V5/><F71/><W33/><G116/><T9/><D120/><U46/><E21/><V18/><F5/><W65/><G110/><T107/><D119/><U117/><E117/><V23/><F108/><W85/><G106/><T28/><D128/><U129/><E129/><V83/><F59/><W95/><G131/><T26/><D47/><U20/><E20/><N who="2" m="15719" /><F49/><W24/><G127/><N who="2" m="48713" /><F83/><W90/><G33/><T42/><D42/><U87/><E78/><V80/><F134/><N who="1" m="51241" /><E72/><V104/><F104/><W84/><G51/><T118/><D15/><U114/><E114/><V57/><F57/><W58/><REACH who="3" step="1"/><G65/><REACH who="3" ten="197,334,359,100" step="2"/><T112/><D107/><U123/><E123/><V91/><F48/><W10/><G10/><T32/><D112/><U4/><E63/><V105/><F23/><W115/><G115/><T76/><D118/><U109/><E109/><V16/><F105/><W61/><G61/><T53/><D64/><U74/><E43/><V6/><F44/><W92/><G92/><T8/><D67/><U50/><E46/><V66/><F66/><W103/><G103/><T68/><D9/><U1/><E102/><V99/><F18/><W69/><G69/><T37/><D68/><U89/><E101/><V17/><F16/><W39/><G39/><T94/><D37/><U60/><E100/><V54/><F17/><W122/><G122/><T113/><D113/><U38/><E60/><V75/><F54/><W19/><G19/><N who="0" m="8583" /><D36/><U34/><E38/><V86/><F25/><W22/><G22/><T70/><D70/><RYUUKYOKU ba="0,1" sc="197,-10,334,-10,359,-10,100,30" hai3="0,11,24,31,35,56,58,77,81,84,85,90,95" /><INIT seed="7,1,1,4,0,82" ten="187,324,349,130" oya="3" hai0="86,101,105,135,117,44,130,2,52,49,3,26,98" hai1="40,66,56,116,81,106,109,83,53,27,12,25,19" hai2="5,43,57,61,80,77,75,36,69,124,8,17,24" hai3="41,48,92,64,89,10,0,128,133,97,32,6,51"/><W94/><G32/><T111/><D117/><U1/><E106/><V91/><F69/><W9/><G133/><T99/><D111/><U29/><E1/><V74/><F91/><W120/><G120/><T110/><D110/><U121/><E109/><V11/><F75/><W7/><G128/><T70/><D70/><U39/><E121/><V45/><F124/><W126/><G126/><T65/><D65/><U23/><E66/><V79/><F79/><W4/><G64/><T129/><D99/><U87/><E116/><V85/><F85/><W107/><G107/><T103/><D103/><U114/><E114/><V95/><F95/><W96/><G41/><T118/><D118/><U47/><E83/><V28/><F17/><W78/><G78/><T16/><D86/><U55/><E56/><V123/><F123/><W33/><G33/><T134/><D16/><U102/><E102/><V38/><F38/><W113/><G113/><T35/><D26/><U122/><E122/><V84/><F74/><W59/><G59/><T68/><D68/><U20/><E27/><V13/><F8/><N who="3" m="3179" /><G0/><N who="0" m="43" /><D35/><U54/><E54/><N who="2" m="33975" /><F24/><W46/><G46/><T22/><D22/><U100/><E100/><AGARI ba="1,1" hai="4,6,7,48,51,89,92,94,96,97,100" m="3179" machi="100" ten="30,1500,0" yaku="8,1" doraHai="82" who="3" fromWho="1" sc="187,0,324,-18,349,0,130,28" /><INIT seed="7,2,0,3,0,120" ten="187,306,349,158" oya="3" hai0="34,129,14,40,22,61,126,72,96,70,90,21,9" hai1="87,10,123,68,119,122,45,30,133,59,31,101,69" hai2="42,95,99,118,51,92,115,89,11,16,60,65,130" hai3="80,79,121,53,100,54,98,82,78,62,29,7,117"/><W91/><G121/><T111/><D111/><U3/><E101/><V39/><F39/><W97/><G117/><T106/><D72/><U108/><E108/><V109/><F109/><W74/><G7/><T124/><D34/><U25/><E119/><V33/><F33/><W2/><G2/><T28/><D40/><U81/><E133/><V71/><F115/><W75/><G62/><T84/><D129/><U41/><E59/><V104/><F104/><W43/><G43/><T127/><D28/><U135/><E135/><V85/><F130/><W83/><G29/><T48/><D48/><U67/><E67/><V86/><F95/><W46/><G46/><T107/><D61/><U63/><E63/><V55/><F42/><W77/><G91/><T36/><D36/><U64/><E64/><V128/><F118/><W49/><G49/><T93/><D70/><U4/><E69/><V6/><F16/><W112/><G112/><T37/><D37/><N who="1" m="21679" /><E68/><V131/><F131/><W47/><G47/><T35/><D35/><N who="1" m="20943" /><E31/><V73/><F128/><W5/><G5/><N who="0" m="3375" /><D107/><U26/><E26/><V24/><F24/><W52/><G98/><T134/><D134/><U44/><E44/><V56/><F73/><W1/><G1/><AGARI ba="2,0" hai="1,6,11,51,55,56,60,65,71,85,86,89,92,99" machi="1" ten="30,1000,0" yaku="7,1" doraHai="120" who="2" fromWho="3" sc="187,0,306,0,349,16,158,-16" owari="187,-21.0,306,11.0,365,46.0,142,-36.0" /></mjloggm>