<mjloggm ver="2.3"><GO type="41" lobby="0"/><UN n0="%EF%BC%98%EF%BC%98%E5%BC%8F%E5%9C%B0%E5%AF%BE%E8%89%A6%E8%AA%98%E5%B0%8E" n1="%54%61%63%6F%66%75%7A%7A" n2="%E3%81%A4%E3%81%BE%E3%82%89%E3%83%BC%E3%82%93" n3="%E5%B0%B1%E6%B4%BB%E7%94%9F%40%E5%B7%9D%E6%9D%91%E8%BB%8D%E5%9B%A3" dan="14,13,14,14" rate="1901.08,1812.53,1922.84,1991.82" sx="M,M,M,M"/><TAIKYOKU oya="0"/><INIT seed="0,0,0,2,5,65" ten="250,250,250,250" oya="0" hai0="21,54,22,120,57,86,35,109,70,37,74,46,117" hai1="16,40,121,14,41,119,12,6,25,75,72,95,132" hai2="34,24,31,107,20,44,7,99,110,58,133,36,105" hai3="85,127,113,115,0,9,134,29,129,93,50,27,8"/><T32/><D117/><U39/><E119/><V62/><F110/><W55/><G129/><T38/><D74/><U68/><E68/><V122/><F133/><W43/><G134/><T19/><D120/><U76/><E132/><V33/><F122/><W23/><G127/><T67/><D109/><U66/><E121/><V64/><F7/><W97/><G43/><T52/><D22/><U124/><E66/><V83/><F83/><W114/><G85/><T53/><D86/><U92/><E124/><V13/><F13/><W131/><G131/><T1/><D1/><U60/><E60/><V69/><F58/><W10/><G0/><T30/><D57/><U98/><E76/><V135/><F107/><W126/><G126/><T51/><D30/><U84/><E39/><V5/><F5/><W130/><G130/><T49/><D32/><U96/><E25/><V3/><F3/><W87/><G87/><T89/><D89/><U102/><E84/><V61/><F61/><W48/><REACH who="3" step="1"/><G55/><REACH who="3" ten="250,250,250,240" step="2"/><T15/><D54/><U103/><E75/><V4/><F135/><W45/><G45/><T56/><REACH who="0" step="1"/><D35/><REACH who="0" ten="240,250,250,240" step="2"/><U11/><REACH who="1" step="1"/><E72/><REACH who="1" ten="240,240,250,240" step="2"/><V81/><F34/><W90/><AGARI ba="0,3" hai="8,9,10,23,27,29,48,50,90,93,97,113,114,115" machi="90" ten="40,5200,0" yaku="1,1,0,1,53,1" doraHai="65" doraHaiUra="26" who="3" fromWho="3" sc="240,-26,240,-13,250,-13,240,82" /><INIT seed="1,0,0,0,1,22" ten="214,227,237,322" oya="1" hai0="33,3,106,117,109,64,108,96,119,39,71,83,63" hai1="89,73,7,93,16,60,123,38,104,94,56,100,78" hai2="135,98,5,32,23,116,41,103,48,84,24,21,131" hai3="10,105,15,102,68,62,11,40,126,14,134,87,67"/><U66/><E38/><V8/><F116/><W79/><G126/><T45/><D3/><U128/><E123/><V29/><F131/><W124/><G124/><T91/><D91/><U80/><E7/><V125/><F135/><W107/><G134/><T77/><D33/><U59/><E128/><V30/><F125/><W27/><G40/><T122/><D122/><U75/><E75/><V130/><F130/><W81/><G102/><T88/><D45/><U36/><E36/><V17/><F84/><W4/><REACH who="3" step="1"/><G27/><REACH who="3" ten="214,227,237,312" step="2"/><T52/><D119/><U82/><E100/><V114/><F103/><W49/><G49/><T65/><D39/><U12/><E104/><V121/><F48/><W35/><G35/><T70/><D117/><U69/><E69/><V86/><F41/><W31/><G31/><T76/><D106/><U13/><E59/><V44/><F30/><W28/><G28/><T72/><D71/><U6/><E82/><V133/><F29/><W25/><G25/><T74/><D70/><U92/><E73/><V50/><F32/><W95/><G95/><N who="0" m="56423" /><D72/><U18/><E78/><V90/><F133/><W97/><G97/><T46/><D77/><U127/><E127/><V113/><F121/><W42/><G42/><T120/><D120/><U54/><E66/><N who="0" m="25705" /><D46/><U132/><E132/><V110/><F44/><W19/><AGARI ba="0,1" hai="4,10,11,14,15,19,62,67,68,79,81,87,105,107" machi="19" ten="20,5200,0" yaku="1,1,0,1,7,1,53,1" doraHai="22" doraHaiUra="57" who="3" fromWho="3" sc="214,-13,227,-26,237,-13,312,62" /><INIT seed="2,0,0,0,2,8" ten="201,201,224,374" oya="2" hai0="78,106,21,1,25,41,45,135,128,70,108,77,46" hai1="96,127,40,105,82,2,10,81,24,124,37,30,99" hai2="31,133,33,110,87,29,4,65,71,64,91,109,63" hai3="11,36,131,88,100,119,94,101,6,18,38,98,22"/><V27/><F133/><W23/><G119/><T123/><D123/><U74/><E82/><V72/><F72/><W122/><G122/><T95/><D106/><U66/><E66/><V126/><F65/><W17/><G131/><T49/><D70/><U117/><E117/><V26/><F4/><W134/><G134/><T129/><D135/><U67/><E67/><V58/><F126/><W75/><G75/><T76/><D1/><U0/><E10/><V111/><F71/><W5/><G11/><T89/><D46/><N who="1" m="23823" /><E99/><V52/><F64/><W61/><G61/><T57/><D57/><U85/><E85/><V73/><F73/><W125/><G125/><N who="1" m="48202" /><E96/><V112/><F112/><W92/><G98/><T107/><D107/><U3/><E105/><V62/><F62/><W44/><G44/><T20/><D108/><U69/><E81/><V118/><F118/><W103/><G103/><T84/><REACH who="0" step="1"/><D20/><REACH who="0" ten="191,201,224,374" step="2"/><N who="1" m="15623" /><E74/><V114/><F114/><W53/><G38/><T90/><D90/><U104/><E104/><V121/><F121/><W86/><G36/><T56/><D56/><U42/><E42/><V43/><F43/><W51/><G100/><T28/><AGARI ba="0,1" hai="21,25,28,41,45,49,76,77,78,84,89,95,128,129" machi="28" ten="30,2000,0" yaku="1,1,0,1,53,0" doraHai="8" doraHaiUra="15" who="0" fromWho="0" sc="191,30,201,-5,224,-10,374,-5" /><INIT seed="3,0,0,3,4,84" ten="221,196,214,369" oya="3" hai0="125,3,6,104,75,5,88,23,129,99,90,39,20" hai1="12,8,100,126,89,42,113,52,112,41,44,61,127" hai2="46,18,16,60,21,64,7,123,31,66,114,124,105" hai3="13,74,47,27,107,110,56,96,38,120,81,32,24"/><W117/><G120/><T131/><D39/><U82/><E100/><V106/><F114/><N who="1" m="44137" /><E61/><V51/><F124/><N who="1" m="47657" /><E44/><V91/><F123/><W22/><G117/><T115/><D75/><U87/><E52/><V19/><F7/><AGARI ba="0,0" hai="7,8,12,41,42,82,87,89" m="47657,44137" machi="7" ten="30,2000,0" yaku="18,1,52,1" doraHai="84" who="1" fromWho="2" sc="221,0,196,20,214,-20,369,0" /><INIT seed="4,0,0,0,5,50" ten="221,216,194,369" oya="0" hai0="69,123,19,66,107,36,104,82,114,71,118,79,44" hai1="65,22,41,21,38,121,127,16,52,85,4,40,63" hai2="49,106,30,64,105,109,77,2,15,97,13,61,1" hai3="76,9,59,48,131,25,129,86,34,5,74,14,53"/><T108/><D118/><U18/><E121/><V57/><F109/><W62/><G74/><T43/><D123/><U51/><E4/><V93/><F77/><W111/><G111/><T42/><D108/><U10/><E127/><V84/><F84/><W27/><G34/><T33/><D19/><U67/><E10/><V125/><F125/><W20/><G62/><T94/><D94/><U83/><E38/><V81/><F81/><N who="3" m="47399" /><G20/><T39/><D114/><U96/><E96/><V89/><F30/><W56/><G56/><T100/><D33/><U45/><E65/><V58/><F1/><W80/><G80/><T75/><D66/><U112/><E112/><V116/><F2/><W135/><G135/><T98/><D104/><U60/><E60/><V122/><F116/><W119/><G119/><T54/><D54/><U101/><E101/><V88/><F122/><W11/><G11/><T0/><D0/><U113/><E113/><V6/><F89/><W46/><G46/><AGARI ba="0,0" hai="36,39,42,43,44,46,69,71,75,79,82,98,100,107" machi="46" ten="40,12000,1" yaku="9,1,33,3" doraHai="50" who="0" fromWho="3" sc="221,120,216,0,194,0,369,-120" /><INIT seed="4,1,0,5,4,125" ten="341,216,194,249" oya="0" hai0="2,78,18,99,15,77,87,102,12,129,44,53,76" hai1="4,80,28,131,112,11,91,50,56,31,19,89,52" hai2="79,68,101,98,21,74,65,83,81,64,71,59,128" hai3="120,8,47,1,116,94,42,121,58,25,70,75,124"/><T29/><D2/><U10/><E131/><V117/><F59/><W23/><G124/><T84/><D29/><U20/><E112/><V14/><F128/><W26/><G70/><T34/><D34/><U38/><E38/><V45/><F45/><W104/><G104/><T60/><D129/><U114/><E114/><V32/><F32/><W82/><G116/><T39/><D39/><U9/><E4/><V103/><F117/><W133/><G58/><T127/><D127/><U0/><E0/><V35/><F35/><W24/><G94/><N who="0" m="58743" /><D60/><U111/><E111/><V134/><F134/><W135/><G1/><T115/><D115/><U72/><E72/><V51/><F71/><W118/><G118/><T108/><D108/><U100/><E100/><V17/><F68/><W92/><G92/><T95/><D95/><U40/><E40/><V106/><F103/><W63/><G63/><T85/><D18/><U6/><E6/><V107/><F107/><W113/><G113/><T27/><D27/><U43/><E43/><V86/><F51/><AGARI ba="1,0" hai="12,15,44,51,53,76,77,78,84,85,87" m="58743" machi="51" ten="30,1500,0" yaku="8,1" doraHai="125" who="0" fromWho="2" sc="341,18,216,0,194,-18,249,0" /><INIT seed="4,2,0,3,2,73" ten="359,216,176,249" oya="0" hai0="22,21,6,59,92,42,8,86,118,109,134,61,108" hai1="76,79,60,50,14,101,82,129,112,64,111,26,33" hai2="3,77,44,70,106,57,32,46,51,121,90,13,30" hai3="80,68,115,16,36,28,74,71,25,88,12,66,34"/><T116/><D134/><U132/><E111/><N who="0" m="42569" /><D42/><U55/><E132/><V83/><F121/><W133/><G133/><T45/><D45/><U102/><E129/><V63/><F3/><W72/><G36/><T69/><D69/><U119/><E119/><N who="0" m="45609" /><D92/><U89/><E33/><V29/><F106/><W23/><G115/><T53/><D86/><N who="1" m="50391" /><E26/><V120/><F120/><W40/><G40/><T9/><D9/><U127/><E127/><V43/><F70/><W7/><G71/><T31/><D31/><U41/><E41/><V113/><F113/><W94/><G80/><T114/><D114/><U10/><E60/><V122/><F122/><W1/><G68/><T81/><D81/><U117/><E117/><V87/><F32/><W97/><G66/><T56/><D56/><N who="1" m="32887" /><E64/><N who="2" m="39023" /><F46/><W93/><G93/><T17/><D17/><N who="1" m="8407" /><E112/><V131/><F131/><W19/><G19/><T105/><D105/><U98/><E98/><V125/><F125/><W128/><G128/><T107/><D107/><U37/><E37/><V103/><F103/><AGARI ba="2,0" hai="76,79,101,102,103" m="8407,32887,50391" machi="103" ten="30,3900,0" yaku="8,1,52,2" doraHai="73" who="1" fromWho="2" sc="359,0,216,45,176,-45,249,0" /><INIT seed="5,0,0,1,0,103" ten="359,261,131,249" oya="1" hai0="62,98,29,2,25,20,97,31,48,55,10,8,64" hai1="131,51,7,66,54,30,101,122,73,111,17,50,28" hai2="128,87,35,70,106,80,102,112,53,115,105,119,79" hai3="14,126,46,4,63,114,69,104,77,88,124,95,94"/><U116/><E122/><V76/><F53/><W81/><G114/><N who="2" m="43561" /><F70/><W99/><G46/><T5/><D31/><N who="1" m="11819" /><E116/><V90/><F35/><W91/><G104/><N who="2" m="40041" /><F119/><W18/><G4/><T58/><D10/><U130/><E73/><V57/><F57/><AGARI ba="0,0" hai="2,5,8,20,25,29,48,55,57,58,62,64,97,98" machi="57" ten="30,1000,0" yaku="7,1" doraHai="103" who="0" fromWho="2" sc="359,10,261,0,131,-10,249,0" /><INIT seed="6,0,0,3,4,52" ten="369,261,121,249" oya="2" hai0="48,113,102,56,9,133,55,77,2,112,22,15,111" hai1="64,30,59,107,119,81,18,54,114,125,75,51,25" hai2="10,44,71,73,27,62,11,94,36,87,108,86,105" hai3="121,50,110,0,116,16,122,135,99,76,43,80,70"/><V38/><F73/><W12/><G116/><T109/><D133/><U3/><E107/><V79/><F105/><W13/><G0/><T88/><D102/><U123/><E119/><V32/><F108/><W118/><G118/><T24/><D77/><U61/><E123/><V130/><F130/><W69/><G110/><T20/><D2/><U128/><E128/><V63/><F79/><W5/><G135/><T104/><D104/><U58/><E3/><V40/><F36/><W132/><G132/><T21/><D24/><U66/><E125/><V115/><F115/><N who="0" m="44106" /><D88/><U93/><E114/><V8/><F94/><W120/><G99/><T49/><D49/><U134/><E134/><V98/><F98/><W72/><G5/><AGARI ba="0,0" hai="5,9,15,20,21,22,48,55,56,109,111" m="44106" machi="5" ten="30,2000,0" yaku="15,1,52,1" doraHai="52" who="0" fromWho="3" sc="369,20,261,0,121,0,249,-20" /><INIT seed="7,0,0,1,1,122" ten="389,261,121,229" oya="3" hai0="32,50,80,54,133,66,86,123,76,13,15,34,91" hai1="74,41,39,85,81,25,109,78,20,16,30,10,102" hai2="105,0,128,106,119,58,57,9,84,33,96,64,48" hai3="46,134,113,126,22,2,117,26,40,56,3,1,77"/><W68/><G117/><T115/><D123/><U14/><E102/><V23/><F33/><W6/><G68/><T49/><D66/><U110/><E39/><V130/><F64/><W36/><G113/><T27/><D34/><U75/><REACH who="1" step="1"/><E41/><REACH who="1" ten="389,251,121,229" step="2"/><V61/><F119/><W118/><G118/><T52/><D115/><U45/><E45/><V7/><F128/><W47/><G134/><T98/><D133/><U12/><E12/><V124/><F130/><W67/><G126/><T42/><D15/><U131/><E131/><V120/><F124/><W37/><G77/><T95/><D13/><U111/><AGARI ba="0,1" hai="10,14,16,20,25,30,74,75,78,81,85,109,110,111" machi="111" ten="30,12000,2" yaku="1,1,0,1,52,3,54,1,53,0" doraHai="122" doraHaiUra="65" who="1" fromWho="1" sc="389,-30,251,130,121,-30,229,-60" owari="359,16.0,381,48.0,91,-41.0,169,-23.0" /></mjloggm>