<mjloggm ver="2.3"><GO type="169" lobby="0"/><UN n0="%E8%8C%82%E6%89%8B%E3%82%82%E3%81%A6%E5%A4%AB" n1="%E3%83%AB%E3%82%BF%E3%82%B9%E3%82%B1" n2="%E3%81%A7%E3%81%97%EF%BC%96" n3="%E3%82%A6%E3%83%AB%E3%83%88%E3%83%A9%E7%AB%8B%E7%9B%B4" dan="16,16,16,16" rate="2102.08,2118.42,2041.46,2124.04" sx="M,M,M,M"/><TAIKYOKU oya="0"/><INIT seed="0,0,0,1,4,51" ten="250,250,250,250" oya="0" hai0="134,131,34,24,38,40,66,86,72,44,90,43,78" hai1="36,23,97,125,75,91,122,121,113,55,53,2,9" hai2="31,132,95,100,26,70,0,33,67,106,10,133,129" hai3="20,130,112,118,46,124,96,69,60,114,19,15,27"/><T116/><D116/><U49/><E36/><V128/><F95/><W41/><G118/><T6/><D43/><U85/><E75/><V101/><F101/><W84/><G124/><T79/><D134/><N who="2" m="51818" /><F10/><W117/><G130/><N who="2" m="50281" /><F0/><W5/><G117/><T126/><D126/><U93/><E125/><V64/><F70/><W81/><G96/><AGARI ba="0,0" hai="26,31,33,64,67,96,100,106" m="50281,51818" machi="96" ten="30,2000,0" yaku="20,1,19,1" doraHai="51" who="2" fromWho="3" sc="250,0,250,0,250,20,250,-20" /><INIT seed="1,0,0,1,1,96" ten="250,250,270,230" oya="1" hai0="48,7,74,27,94,24,129,9,113,121,46,105,89" hai1="22,66,2,101,86,29,116,69,110,70,67,13,112" hai2="122,79,55,25,30,64,19,88,84,111,5,33,102" hai3="10,18,97,16,4,37,28,39,82,93,130,103,49"/><U23/><E2/><V73/><F122/><W134/><G130/><T76/><D113/><U8/><E112/><V99/><F111/><W75/><G134/><T62/><D129/><U32/><E32/><V45/><F5/><W115/><G115/><T100/><D62/><U107/><E116/><V68/><F19/><W119/><G119/><T17/><D17/><U56/><E69/><V124/><F124/><W127/><G127/><T65/><D65/><U63/><E70/><V61/><F73/><W44/><G28/><T135/><D135/><U120/><E120/><V21/><F79/><W108/><G108/><T42/><D121/><U40/><E40/><V58/><F45/><W92/><G92/><T80/><D105/><U125/><E125/><V87/><F33/><W38/><G82/><T14/><REACH who="0" step="1"/><D100/><REACH who="0" ten="240,250,270,230" step="2"/><U26/><E110/><V41/><F102/><W132/><G132/><T118/><D118/><U104/><E104/><V114/><F114/><W78/><G75/><T95/><D95/><U3/><E107/><V83/><F61/><W81/><G81/><T53/><D53/><N who="1" m="34191" /><E101/><V0/><F64/><W117/><G117/><T71/><D71/><U72/><E67/><V109/><F68/><W11/><G11/><T59/><D59/><U85/><E66/><V60/><F58/><W54/><REACH who="3" step="1"/><G78/><REACH who="3" ten="240,250,270,220" step="2"/><T123/><D123/><U52/><E8/><V131/><F131/><W50/><G50/><T43/><D43/><U47/><E29/><V77/><F30/><W133/><G133/><T57/><D57/><U126/><E126/><V51/><F51/><W1/><AGARI ba="0,2" hai="1,4,10,16,18,37,38,39,44,49,54,93,97,103" machi="1" ten="30,12000,2" yaku="1,1,5,1,0,1,52,1,54,1,53,1" doraHai="96" doraHaiUra="98" who="3" fromWho="3" sc="240,-30,250,-60,270,-30,220,140" /><INIT seed="2,0,0,4,1,30" ten="210,190,240,360" oya="2" hai0="75,111,28,101,29,126,119,74,58,60,78,39,100" hai1="55,41,12,86,102,96,54,71,40,81,72,115,130" hai2="68,91,76,34,24,15,73,83,92,4,53,135,61" hai3="84,10,108,125,120,57,85,82,93,94,121,129,13"/><V104/><F135/><W98/><G125/><T63/><D39/><U80/><E71/><V116/><F116/><W36/><G36/><T25/><D111/><U67/><E115/><V16/><F104/><W66/><G108/><T17/><D17/><U9/><E72/><V123/><F123/><W79/><G129/><T134/><D134/><U23/><E67/><V52/><F4/><W46/><G46/><T77/><D25/><U112/><E112/><V65/><F24/><W42/><G42/><N who="1" m="16490" /><E23/><V118/><F34/><W47/><G47/><T122/><D58/><U97/><E80/><V33/><F33/><W3/><G3/><T18/><D18/><N who="1" m="8463" /><E130/><V110/><F110/><W1/><G1/><T117/><REACH who="0" step="1"/><D126/><REACH who="0" ten="200,190,240,360" step="2"/><U59/><E59/><V31/><F31/><W124/><G57/><T105/><D105/><U43/><E43/><V11/><REACH who="2" step="1"/><F118/><REACH who="2" ten="200,190,230,360" step="2"/><W103/><G124/><T133/><D133/><U106/><E106/><V132/><F132/><W0/><G121/><AGARI ba="0,2" hai="28,29,60,63,74,75,77,78,100,101,117,119,121,122" machi="121" ten="25,3200,0" yaku="1,1,22,2,53,0" doraHai="30" doraHaiUra="8" who="0" fromWho="3" sc="200,52,190,0,230,0,360,-32" /><INIT seed="3,0,0,3,2,40" ten="252,190,230,328" oya="3" hai0="103,48,1,124,88,78,90,27,75,42,59,68,79" hai1="6,63,86,44,50,117,91,49,8,85,84,12,89" hai2="74,9,102,30,0,104,43,64,99,47,77,73,128" hai3="3,98,65,18,56,36,126,33,24,4,112,110,82"/><W132/><G112/><T120/><D120/><U108/><E117/><V37/><F128/><W28/><G126/><T38/><D38/><U72/><E72/><V32/><F77/><W15/><G132/><T123/><D123/><U57/><E108/><V106/><F106/><W80/><G110/><T135/><D68/><U111/><E111/><V70/><F9/><N who="3" m="2207" /><G98/><T7/><D103/><U94/><E50/><V76/><F76/><W22/><G36/><T118/><D118/><U119/><E119/><V29/><F29/><W17/><G17/><T83/><D79/><U69/><E69/><V10/><F10/><W16/><G18/><T5/><D5/><U20/><E20/><V58/><F58/><W125/><G125/><T96/><D124/><U95/><E57/><V54/><F54/><W116/><G116/><T131/><D135/><U130/><E130/><V19/><F19/><W35/><G35/><T55/><D131/><U97/><REACH who="1" step="1"/><E63/><AGARI ba="0,0" hai="15,16,22,24,28,33,56,63,65,80,82" m="2207" machi="63" ten="30,2900,0" yaku="24,1,54,1" doraHai="40" who="3" fromWho="1" sc="252,0,190,-29,230,0,328,29" /><INIT seed="3,1,0,2,5,72" ten="252,161,230,357" oya="3" hai0="82,45,37,64,135,41,67,121,32,36,28,75,59" hai1="7,87,60,103,97,50,95,21,96,61,22,98,101" hai2="116,124,102,113,12,94,54,58,132,51,120,88,5" hai3="29,53,115,44,99,19,39,80,81,40,112,77,76"/><W27/><G19/><T15/><D121/><U9/><E50/><V17/><F116/><W129/><G53/><T86/><D75/><U52/><E87/><V66/><F113/><W71/><G71/><T33/><D135/><U127/><E127/><V65/><F120/><W123/><G123/><T100/><D36/><U134/><E134/><V78/><F124/><W90/><G129/><T133/><D133/><U24/><E61/><V130/><F130/><W92/><G81/><T26/><D100/><U79/><E79/><V55/><F102/><N who="1" m="38921" /><E95/><V18/><F78/><W10/><G10/><T42/><D42/><U62/><E62/><V74/><F74/><W108/><G77/><T0/><D0/><U4/><E9/><N who="2" m="4143" /><F54/><W13/><G108/><T106/><D106/><U47/><E21/><V104/><F104/><W91/><G90/><T126/><D126/><U125/><E125/><V31/><F31/><W20/><REACH who="3" step="1"/><G13/><REACH who="3" ten="252,161,230,347" step="2"/><T1/><D15/><U70/><E70/><V110/><F110/><W122/><G122/><T89/><D1/><U111/><E111/><V35/><F132/><W84/><AGARI ba="1,1" hai="20,27,29,39,40,44,76,80,84,91,92,99,112,115" machi="84" ten="20,12000,1" yaku="1,1,0,1,7,1,52,1,53,1" doraHai="72" doraHaiUra="68" who="3" fromWho="3" sc="252,-41,161,-41,230,-41,347,133" /><INIT seed="3,2,0,4,0,119" ten="211,120,189,480" oya="3" hai0="17,81,130,96,20,41,10,127,48,69,123,9,70" hai1="133,92,45,132,78,28,57,99,129,94,82,26,91" hai2="54,35,93,85,90,32,43,111,120,8,47,60,74" hai3="105,38,42,106,118,27,3,7,84,101,16,44,128"/><W46/><G118/><T86/><D123/><U115/><E57/><V55/><F111/><W53/><G128/><T113/><D130/><U19/><E129/><V71/><F120/><W52/><G7/><T37/><D37/><U98/><E45/><V83/><F8/><W51/><G3/><T80/><D80/><U49/><E49/><V58/><F71/><W121/><G121/><T87/><D87/><N who="1" m="48599" /><E19/><V11/><F11/><W114/><G114/><T18/><D70/><U131/><E26/><V39/><REACH who="2" step="1"/><F54/><REACH who="2" ten="211,120,179,480" step="2"/><W68/><G53/><T73/><D69/><U125/><E131/><V126/><F126/><W56/><G52/><T2/><D10/><U64/><E64/><V66/><F66/><W23/><G68/><T65/><D127/><U1/><E125/><V135/><F135/><W104/><G56/><T109/><D65/><U50/><E132/><V21/><F21/><W40/><REACH who="3" step="1"/><G84/><REACH who="3" ten="211,120,179,470" step="2"/><T76/><D86/><U62/><E133/><V59/><F59/><W33/><G33/><T102/><D113/><U36/><E62/><V63/><F63/><W29/><G29/><T31/><D31/><U61/><E61/><V108/><F108/><W112/><G112/><T4/><D109/><U25/><E28/><V13/><F13/><W75/><G75/><T5/><D5/><U72/><E115/><V24/><F24/><W77/><G77/><AGARI ba="2,2" hai="32,35,39,43,47,55,58,60,74,77,83,85,90,93" machi="77" ten="40,1300,0" yaku="1,1,53,0" doraHai="119" doraHaiUra="67" who="2" fromWho="3" sc="211,0,120,0,179,39,470,-19" /><INIT seed="4,0,0,0,5,47" ten="211,120,218,451" oya="0" hai0="87,38,5,64,33,94,86,98,132,128,92,63,72" hai1="102,35,19,0,73,1,84,93,46,65,88,45,91" hai2="74,26,134,108,100,129,34,30,54,103,95,52,79" hai3="82,37,15,69,53,114,67,89,42,78,23,127,14"/><T109/><D72/><U107/><E73/><V125/><F108/><W24/><G127/><T85/><D33/><U130/><E35/><V60/><F125/><W115/><G89/><T10/><D38/><U111/><E111/><V131/><F134/><W29/><G67/><T12/><D109/><U106/><E65/><V59/><F54/><W70/><G42/><T81/><D132/><U104/><E19/><V119/><F119/><W61/><G37/><T49/><D128/><N who="2" m="49226" /><F95/><W57/><G14/><T117/><D117/><U105/><E130/><V118/><F118/><W75/><REACH who="3" step="1"/><G15/><REACH who="3" ten="211,120,218,441" step="2"/><T6/><D12/><U133/><E133/><V68/><F68/><AGARI ba="0,1" hai="23,24,29,53,57,61,68,69,70,75,78,82,114,115" machi="68" ten="40,5200,0" yaku="1,1,2,1,53,1" doraHai="47" doraHaiUra="58" who="3" fromWho="2" sc="211,0,120,0,218,-52,441,62" /><INIT seed="5,0,0,4,0,118" ten="211,120,166,503" oya="1" hai0="100,125,74,19,95,2,22,79,59,38,131,121,32" hai1="73,17,71,18,99,16,33,128,123,57,98,67,6" hai2="36,13,52,108,88,29,63,104,26,30,75,62,97" hai3="66,69,92,7,41,40,82,54,91,78,27,39,9"/><U107/><E71/><V90/><F108/><W47/><G41/><T96/><D38/><U105/><E73/><V94/><F104/><W134/><G134/><T58/><D32/><U4/><E33/><V132/><F132/><W127/><G127/><T120/><D2/><U37/><E37/><V28/><F36/><W56/><G27/><N who="0" m="14815" /><D125/><U34/><E34/><V86/><F75/><W129/><G129/><T84/><D74/><U50/><E50/><V85/><F26/><W42/><G42/><T70/><D70/><U80/><E128/><V44/><F13/><W60/><G91/><N who="0" m="53735" /><D79/><U24/><E24/><V109/><F109/><W45/><G92/><N who="0" m="58375" /><D131/><U102/><E80/><N who="2" m="49479" /><F97/><W77/><G47/><T106/><D106/><U20/><E20/><V51/><AGARI ba="0,0" hai="28,29,30,44,51,52,62,63,85,88,94" m="49479" machi="51" ten="30,4000,0" yaku="8,1,54,2" doraHai="118" who="2" fromWho="2" sc="211,-10,120,-20,166,40,503,-10" /><INIT seed="6,0,0,1,5,46" ten="201,100,206,493" oya="2" hai0="20,105,62,126,134,1,99,94,59,112,27,110,75" hai1="108,36,3,132,17,8,121,2,109,79,58,91,25" hai2="32,130,120,66,92,35,128,5,67,51,47,52,0" hai3="76,23,96,116,71,117,48,39,102,111,61,104,87"/><V68/><F120/><W98/><G39/><T127/><D1/><U122/><E79/><V22/><F22/><W15/><G111/><N who="1" m="42570" /><E91/><V14/><F0/><N who="1" m="41" /><E58/><V72/><F72/><W44/><G96/><T129/><D105/><U106/><E106/><V56/><F68/><W119/><G15/><T88/><D110/><U89/><E89/><V93/><F32/><W86/><G76/><T9/><D112/><U6/><E36/><V78/><F35/><W38/><G38/><T50/><D134/><U41/><E41/><V115/><F78/><W70/><G23/><T42/><D129/><N who="2" m="49770" /><F115/><W81/><G81/><T83/><D9/><U113/><E113/><V114/><F114/><W65/><REACH who="3" step="1"/><G71/><REACH who="3" ten="201,100,206,483" step="2"/><T100/><D83/><U53/><E132/><V118/><F118/><W63/><G63/><T107/><D62/><U85/><E85/><V40/><F93/><W131/><G131/><T29/><D75/><U18/><E53/><AGARI ba="0,1" hai="44,48,53,61,65,70,86,87,98,102,104,116,117,119" machi="53" ten="40,2600,0" yaku="1,1,52,1,53,0" doraHai="46" doraHaiUra="31" who="3" fromWho="1" sc="201,0,100,-26,206,0,483,36" /><INIT seed="7,0,0,2,3,76" ten="201,74,206,519" oya="3" hai0="102,1,26,130,53,39,48,121,11,91,78,93,82" hai1="36,27,79,31,30,81,10,45,68,52,64,19,90" hai2="4,63,74,127,73,92,7,62,49,96,128,14,43" hai3="135,129,13,40,95,109,12,20,34,80,71,110,42"/><W126/><G71/><T107/><D39/><U122/><E122/><V33/><F127/><W112/><G34/><T17/><D1/><U98/><E64/><V119/><F33/><W50/><G95/><T116/><D116/><U57/><E68/><V134/><F128/><W77/><G129/><T0/><D0/><U86/><E45/><V35/><F35/><W132/><G112/><T83/><D78/><U103/><E36/><V6/><F134/><N who="3" m="51243" /><G110/><T60/><D130/><U94/><E79/><V88/><F14/><W16/><G126/><T65/><D107/><U105/><E105/><V87/><F96/><W61/><G61/><T104/><D104/><U18/><E10/><V5/><F5/><W118/><G118/><T70/><D102/><U44/><E44/><V124/><F124/><W111/><G13/><N who="0" m="7359" /><D26/><U32/><REACH who="1" step="1"/><E30/><REACH who="1" ten="201,64,206,519" step="2"/><V117/><F119/><W133/><G133/><T69/><D121/><U106/><E106/><V22/><F117/><W113/><G113/><T28/><D28/><U54/><E54/><V9/><F9/><W47/><G42/><T3/><D70/><U23/><E23/><V66/><F22/><W21/><G21/><T131/><D131/><U15/><E15/><V41/><F43/><W85/><AGARI ba="0,1" hai="12,16,20,40,47,50,77,80,85,109,111" m="51243" machi="85" ten="30,6000,0" yaku="20,1,52,1,54,1" doraHai="76" who="3" fromWho="3" sc="201,-20,64,-20,206,-20,519,70" owari="181,-22.0,44,-46.0,186,-1.0,589,69.0" /></mjloggm>