<mjloggm ver="2.3"><GO type="225" lobby="0"/><UN n0="%E3%82%BD%E3%83%A9%E3%83%8A%E3%83%83%E3%82%AF%E3%82%B9" n1="%E5%B0%B1%E6%B4%BB%E7%94%9F%40%E5%B7%9D%E6%9D%91%E8%BB%8D%E5%9B%A3" n2="%47%E3%83%A8%E9%BE%8D%E9%96%80" n3="%E7%99%BE%E5%BC%8F%E8%A6%B3%E9%9F%B3" dan="16,16,17,17" rate="2071.27,2083.05,2120.79,2161.32" sx="M,M,M,M"/><TAIKYOKU oya="0"/><INIT seed="0,0,0,1,2,50" ten="250,250,250,250" oya="0" hai0="45,2,39,113,90,84,103,123,32,67,125,58,54" hai1="65,86,109,99,95,68,31,22,115,98,89,82,60" hai2="64,11,7,3,91,105,26,63,14,102,41,100,126" hai3="8,83,56,66,53,133,40,127,101,87,38,18,5"/><T96/><D123/><U48/><E115/><V80/><F126/><W118/><G127/><T76/><D113/><U0/><E0/><V52/><F105/><W119/><G66/><T120/><D120/><U20/><E109/><V122/><F122/><W94/><G133/><T23/><D32/><U34/><E99/><V24/><F3/><W4/><G18/><T49/><D125/><U131/><E131/><V42/><F26/><W92/><G40/><N who="2" m="15465" /><F64/><W134/><G38/><T130/><D2/><U29/><E48/><V59/><F24/><W73/><G73/><T51/><D130/><U44/><E44/><V16/><F7/><N who="3" m="2635" /><G134/><T69/><D76/><U43/><E43/><V104/><F104/><W25/><G25/><T74/><D74/><U78/><E34/><V6/><F6/><W121/><G121/><T93/><D39/><U46/><E46/><V117/><F117/><W19/><G101/><T61/><D23/><U112/><E112/><V57/><F57/><W111/><G119/><T9/><D9/><U36/><E36/><V88/><F91/><N who="3" m="51711" /><G118/><T71/><REACH who="0" step="1"/><D51/><REACH who="0" ten="240,250,250,250" step="2"/><U110/><E110/><V37/><F37/><W135/><G135/><T72/><D72/><U55/><E22/><V81/><F81/><AGARI ba="0,1" hai="45,49,54,58,61,67,69,71,81,84,90,93,96,103" machi="81" ten="30,5800,0" yaku="1,1,7,1,52,1,53,0" doraHai="50" doraHaiUra="27" who="0" fromWho="2" sc="240,68,250,0,250,-58,250,0" /><INIT seed="0,1,0,3,0,47" ten="308,250,192,250" oya="0" hai0="26,6,38,98,82,50,85,25,121,103,130,60,111" hai1="108,104,18,61,79,11,21,65,4,35,51,33,9" hai2="69,54,10,93,94,102,56,115,0,68,72,46,113" hai3="78,5,84,101,118,24,119,49,106,120,112,114,58"/><T15/><D121/><U122/><E104/><V133/><F133/><W80/><G5/><T12/><D38/><U135/><E122/><V126/><F72/><W110/><G120/><T124/><D124/><U8/><E135/><V20/><F126/><W81/><G110/><T116/><D116/><U87/><E108/><V1/><F20/><W55/><G101/><T74/><D74/><U37/><E37/><V127/><F46/><W134/><G106/><T89/><D111/><U2/><E35/><V30/><F30/><W75/><G134/><T57/><D130/><U77/><E33/><V107/><F107/><W16/><G119/><T17/><D6/><U123/><E123/><V88/><F102/><W100/><G100/><T41/><D98/><U64/><E64/><V63/><F127/><W76/><REACH who="3" step="1"/><G118/><REACH who="3" ten="308,250,192,240" step="2"/><T22/><D103/><U7/><E2/><V29/><F0/><W27/><G27/><T95/><D26/><U62/><E7/><N who="2" m="1391" /><F115/><W86/><G86/><T67/><D25/><N who="1" m="14519" /><E87/><N who="2" m="52383" /><F113/><W70/><G70/><T53/><D12/><U109/><E4/><V92/><F29/><W13/><G13/><T23/><D15/><U48/><E109/><V97/><F97/><W66/><G66/><T91/><D67/><U83/><E65/><V36/><F68/><W131/><G131/><T71/><D71/><U31/><E31/><V28/><F28/><W132/><G132/><T34/><D17/><U43/><E79/><V44/><F69/><W125/><G125/><T42/><D34/><U3/><E77/><V19/><F19/><W117/><G117/><T45/><D85/><RYUUKYOKU ba="1,1" sc="308,-15,250,-15,192,15,240,15" hai2="36,44,54,56,63,92,94" hai3="16,24,49,55,58,75,76,78,80,81,84,112,114" /><INIT seed="1,2,1,0,3,1" ten="293,235,207,255" oya="1" hai0="43,131,35,58,56,107,123,101,82,3,100,11,50" hai1="94,17,20,132,23,30,91,27,110,33,47,129,88" hai2="83,115,63,78,51,34,21,41,86,126,39,79,66" hai3="95,127,10,77,99,16,25,28,128,19,85,8,93"/><U49/><E129/><V114/><F34/><W9/><G128/><T32/><D131/><U15/><E132/><V12/><F39/><W106/><G127/><T31/><D82/><U48/><E110/><V98/><F126/><W74/><G74/><T62/><D123/><U61/><E61/><V130/><F130/><W54/><G106/><T29/><D3/><U92/><E33/><V75/><F98/><W69/><G69/><T108/><D108/><U81/><E81/><N who="2" m="47423" /><F51/><N who="1" m="19529" /><E47/><V121/><F121/><W96/><G54/><T103/><D50/><U70/><E70/><V111/><F41/><W72/><G72/><T89/><D43/><U134/><E134/><V71/><F12/><W97/><G93/><AGARI ba="2,1" hai="15,17,20,23,27,30,88,91,92,93,94" m="19529" machi="93" ten="30,2900,0" yaku="8,1,54,1" doraHai="1" who="1" fromWho="3" sc="293,0,235,45,207,0,255,-35" /><INIT seed="1,3,0,0,2,93" ten="293,280,207,220" oya="1" hai0="7,74,128,58,84,67,86,126,34,8,17,109,28" hai1="111,94,82,51,14,120,70,132,97,0,59,50,101" hai2="6,11,135,19,75,73,108,133,95,52,90,134,33" hai3="1,131,5,18,81,123,40,100,129,124,37,10,53"/><U107/><E0/><V79/><F108/><W41/><G123/><T117/><D74/><U22/><E70/><V112/><F112/><W3/><G37/><T106/><D117/><U48/><E120/><V114/><F114/><W46/><G124/><T72/><D72/><U60/><E132/><V29/><F19/><W80/><G1/><T113/><D113/><U25/><E111/><V65/><F65/><W45/><G18/><T21/><D109/><U76/><E14/><N who="2" m="5495" /><F79/><W15/><G3/><T102/><D126/><U56/><E107/><V115/><F115/><W71/><G71/><T47/><D47/><N who="3" m="17929" /><G53/><T63/><D106/><U55/><E59/><V119/><F52/><W68/><G68/><T26/><D102/><U43/><E43/><N who="3" m="16458" /><G100/><T27/><D128/><AGARI ba="3,0" hai="5,10,15,80,81,128,129,131" m="16458,17929" machi="128" ten="30,1000,0" yaku="19,1" doraHai="93" who="3" fromWho="0" sc="293,-19,280,0,207,0,220,19" /><INIT seed="2,0,0,5,1,29" ten="274,280,207,239" oya="2" hai0="62,20,75,129,89,23,102,13,124,84,65,15,101" hai1="90,126,93,76,18,71,127,103,123,85,49,24,69" hai2="115,119,95,47,122,6,34,63,125,55,134,94,86" hai3="79,99,61,31,104,72,30,44,70,80,98,59,96"/><V5/><F122/><W38/><G70/><T108/><D75/><U27/><E123/><V53/><F115/><W12/><G104/><T74/><D74/><U87/><E103/><V100/><F119/><W3/><G3/><T77/><D77/><U82/><E49/><N who="2" m="28863" /><F34/><W22/><G44/><T81/><D129/><U14/><E71/><V111/><F125/><N who="1" m="47625" /><E69/><V2/><F2/><W68/><G68/><T42/><D42/><U56/><E56/><N who="2" m="35231" /><F134/><W50/><G50/><T40/><D124/><U105/><E105/><V33/><F33/><W25/><G38/><T46/><D23/><AGARI ba="0,0" hai="14,18,23,24,27,76,82,85,87,90,93" m="47625" machi="23" ten="30,1000,0" yaku="18,1" doraHai="29" who="1" fromWho="0" sc="274,-10,280,10,207,0,239,0" /><INIT seed="3,0,0,2,4,89" ten="264,290,207,239" oya="3" hai0="6,4,58,69,125,2,120,34,60,24,14,12,130" hai1="127,129,78,114,30,87,100,61,63,46,98,45,25" hai2="104,96,56,109,11,94,65,133,50,38,21,5,117" hai3="7,17,64,31,72,85,9,113,126,10,29,27,49"/><W134/><G72/><T47/><D69/><U19/><E114/><V76/><F117/><W57/><G113/><T53/><D120/><U18/><E127/><V66/><F38/><W20/><G126/><T111/><D125/><U70/><E129/><V22/><F109/><W36/><G36/><T88/><D111/><U35/><E87/><V81/><F104/><W99/><G134/><T86/><D130/><U101/><E78/><V84/><F133/><W82/><G99/><T23/><D34/><U68/><E101/><V97/><F97/><W95/><G95/><N who="0" m="54679" /><D47/><U118/><E118/><V28/><F50/><W131/><G131/><T103/><D103/><U73/><E73/><V44/><F44/><W93/><G93/><T39/><D2/><U48/><E68/><V121/><F121/><W62/><G49/><T106/><D106/><N who="1" m="63767" /><E61/><N who="2" m="38055" /><F66/><W33/><G33/><T115/><D39/><U32/><E32/><V77/><F77/><N who="3" m="46287" /><G7/><N who="0" m="2603" /><D115/><U40/><E40/><V26/><F22/><W54/><G64/><T51/><D51/><U132/><E132/><V119/><F119/><W105/><G105/><T67/><D67/><N who="1" m="41343" /><E48/><V16/><F5/><W42/><G31/><AGARI ba="0,0" hai="12,14,23,24,31,53,58,60" m="2603,54679" machi="31" ten="30,3900,0" yaku="8,1,52,1,54,1" doraHai="89" who="0" fromWho="3" sc="264,39,290,0,207,0,239,-39" owari="303,40.0,290,9.0,207,-19.0,200,-30.0" /></mjloggm>