<mjloggm ver="2.3"><GO type="41" lobby="0"/><UN n0="%52%61%76%65%4E" n1="%E8%BD%9F%E7%8C%9B%E7%89%8C" n2="%E5%B0%B1%E6%B4%BB%E7%94%9F%40%E5%B7%9D%E6%9D%91%E8%BB%8D%E5%9B%A3" n3="%42%4A%E3%81%AE%54%59" dan="15,13,15,15" rate="1940.49,1924.30,2001.33,1953.63" sx="M,M,M,M"/><TAIKYOKU oya="0"/><INIT seed="0,0,0,3,5,88" ten="250,250,250,250" oya="0" hai0="58,77,46,104,94,67,99,8,26,81,0,133,90" hai1="76,16,57,82,108,64,52,111,98,13,43,40,33" hai2="78,65,102,96,130,28,37,97,23,41,107,53,123" hai3="1,72,131,22,32,2,71,42,124,106,44,91,128"/><T21/><D133/><U6/><E33/><V134/><F123/><W114/><G114/><T132/><D132/><U69/><E6/><V101/><F134/><W11/><G32/><T27/><D104/><U59/><E59/><V14/><F130/><W51/><G71/><T79/><D46/><U83/><E64/><V19/><F78/><W135/><G135/><T20/><D0/><U115/><E69/><V25/><F65/><W48/><G106/><T54/><D67/><U29/><E29/><V125/><F125/><W45/><G72/><T18/><D8/><N who="1" m="6183" /><E98/><V12/><F53/><W129/><G124/><T49/><REACH who="0" step="1"/><D81/><REACH who="0" ten="240,250,250,250" step="2"/><N who="1" m="30731" /><E115/><V119/><F119/><W120/><G131/><T3/><D3/><U66/><E66/><V122/><F122/><W39/><G1/><T116/><D116/><U24/><E108/><V121/><F121/><W10/><G2/><T103/><D103/><U127/><E127/><V61/><F37/><W50/><G39/><T113/><D113/><U112/><E112/><V87/><F101/><W60/><G120/><T85/><D85/><U7/><E111/><V47/><F87/><W110/><G110/><T75/><D75/><U118/><E118/><V62/><F102/><W89/><G129/><T73/><D73/><U63/><E76/><V109/><F107/><W55/><G128/><T15/><D15/><U105/><E105/><V34/><F109/><W93/><G45/><T117/><D117/><U31/><E7/><V80/><F14/><W74/><G74/><T30/><AGARI ba="0,1" hai="18,20,21,26,27,30,49,54,58,77,79,90,94,99" machi="30" ten="20,12000,1" yaku="1,1,0,1,7,1,8,1,52,1,53,0" doraHai="88" doraHaiUra="56" who="0" fromWho="0" sc="240,130,250,-40,250,-40,250,-40" /><INIT seed="0,1,0,0,5,72" ten="370,210,210,210" oya="0" hai0="13,11,131,100,71,45,135,87,133,125,81,102,46" hai1="37,16,115,123,119,134,48,21,14,18,22,103,68" hai2="110,38,67,33,85,118,59,23,36,6,106,108,95" hai3="99,62,2,10,58,116,101,30,117,4,124,55,74"/><T80/><D71/><U86/><E119/><V64/><F33/><W44/><G74/><T60/><D125/><U98/><E37/><V78/><F106/><W105/><G124/><T126/><D126/><U90/><E115/><V73/><F118/><W3/><G30/><T114/><D131/><U15/><E134/><N who="0" m="51209" /><D60/><U5/><E5/><V0/><F73/><W128/><G128/><T28/><D28/><U96/><E68/><V132/><F132/><W34/><G34/><T20/><D20/><U19/><E19/><V91/><F6/><W82/><G2/><T70/><D70/><U75/><E75/><V32/><F32/><W9/><G10/><T25/><D25/><U35/><E35/><V51/><F0/><W49/><REACH who="3" step="1"/><G82/><REACH who="3" ten="370,210,210,200" step="2"/><T121/><D81/><U54/><E123/><V94/><F23/><W8/><G8/><T39/><D11/><U77/><E103/><V83/><F108/><W41/><AGARI ba="1,1" hai="3,4,9,41,44,49,55,58,62,99,101,105,116,117" machi="41" ten="20,5200,0" yaku="1,1,0,1,7,1,53,1" doraHai="72" doraHaiUra="43" who="3" fromWho="3" sc="370,-27,210,-14,210,-14,200,65" /><INIT seed="1,0,0,2,3,8" ten="343,196,196,265" oya="1" hai0="67,7,94,100,109,102,105,18,46,77,49,129,96" hai1="12,125,115,134,87,118,29,66,108,35,14,82,130" hai2="73,76,75,22,80,92,113,93,0,13,78,97,32" hai3="19,25,39,71,51,11,36,63,47,91,41,61,57"/><U95/><E118/><V127/><F0/><W86/><G71/><T84/><D129/><U9/><E115/><V68/><F32/><W15/><G25/><T48/><D67/><U74/><E74/><V131/><F68/><W3/><G3/><T31/><D7/><U112/><E112/><V89/><F113/><W33/><G33/><T53/><D31/><U107/><E107/><V101/><F127/><W20/><G20/><T58/><D109/><U60/><E125/><V117/><F117/><W50/><G50/><T23/><D105/><U70/><E130/><V62/><F131/><W85/><G86/><T17/><D84/><U5/><E134/><V10/><F22/><W65/><REACH who="3" step="1"/><G63/><REACH who="3" ten="343,196,196,255" step="2"/><N who="0" m="36303" /><D23/><U6/><E108/><V104/><F62/><W37/><G37/><T28/><D49/><U4/><E35/><V55/><F55/><W114/><G114/><T111/><D48/><U56/><E70/><V38/><F38/><W128/><G128/><T126/><D111/><U26/><E26/><V72/><F76/><W90/><G90/><T110/><D77/><N who="1" m="46543" /><E29/><V88/><F89/><W64/><G64/><T42/><D110/><U52/><E66/><V40/><F40/><W121/><G121/><T69/><D28/><U116/><E116/><V120/><F120/><W16/><G16/><T1/><D69/><U21/><E95/><AGARI ba="0,1" hai="11,15,19,36,39,41,47,51,57,61,65,85,91,95" machi="95" ten="30,3900,0" yaku="1,1,7,1,52,1,53,0" doraHai="8" doraHaiUra="99" who="3" fromWho="1" sc="343,0,196,-39,196,0,255,49" /><INIT seed="2,0,0,4,3,110" ten="343,157,196,304" oya="2" hai0="121,3,82,36,116,123,55,88,54,131,38,102,8" hai1="47,10,128,108,61,58,18,112,97,9,124,135,37" hai2="46,91,104,52,39,27,64,21,73,100,70,49,66" hai3="22,93,114,125,19,106,15,41,62,23,11,51,74"/><V87/><F73/><W115/><G106/><T85/><D116/><U29/><E108/><V76/><F39/><W65/><G74/><T72/><D131/><U32/><E128/><V103/><F76/><W6/><G125/><T107/><D72/><U119/><E124/><V60/><F104/><W1/><G93/><T16/><D36/><U2/><E2/><V34/><F34/><W20/><G41/><T56/><D38/><U133/><E119/><V105/><F105/><W134/><G51/><T84/><D3/><U40/><E32/><V35/><F35/><W122/><G122/><T44/><D102/><U33/><E33/><V113/><F113/><N who="3" m="43019" /><G134/><T48/><D107/><U69/><E112/><V80/><REACH who="2" step="1"/><F66/><REACH who="2" ten="343,157,186,304" step="2"/><W99/><G99/><T28/><D123/><U77/><E97/><V75/><F75/><W109/><G109/><T42/><D121/><U45/><E133/><V130/><F130/><W94/><G94/><T96/><D96/><U30/><E135/><V90/><F90/><W111/><G111/><T132/><D88/><U43/><E77/><V50/><F50/><W4/><G4/><T5/><D48/><U53/><E37/><V86/><F86/><W120/><G120/><T78/><D85/><U118/><E118/><V13/><F13/><W92/><G92/><T101/><D5/><U0/><E0/><V68/><F68/><AGARI ba="0,1" hai="1,6,11,15,19,20,22,23,62,65,68" m="43019" machi="68" ten="30,7700,0" yaku="11,1,52,3" doraHai="110" who="3" fromWho="2" sc="343,0,157,0,186,-77,304,87" /><INIT seed="3,0,0,4,1,0" ten="343,157,109,391" oya="3" hai0="98,17,121,82,114,64,11,117,83,81,130,86,71" hai1="45,52,31,129,42,67,25,111,15,102,100,35,93" hai2="75,74,90,63,92,76,46,66,77,107,91,108,85" hai3="116,112,4,135,26,113,9,72,89,13,58,7,34"/><W84/><G72/><T123/><D117/><U2/><E2/><V21/><F107/><W97/><G116/><T59/><D130/><U96/><E111/><V22/><F108/><W32/><G135/><T39/><D71/><U1/><E1/><V16/><F21/><W65/><G97/><T132/><D39/><U55/><E67/><V6/><F6/><W44/><G44/><T3/><D3/><U105/><E129/><V78/><F46/><W69/><G69/><T68/><D68/><U30/><E30/><V80/><F75/><W50/><G4/><T10/><D132/><U104/><E104/><V120/><F120/><W33/><G26/><T73/><D73/><U19/><E102/><V124/><F124/><W43/><G43/><T79/><D114/><U57/><E57/><V118/><F118/><W14/><G13/><T106/><D106/><U70/><E105/><V5/><F5/><W60/><REACH who="3" step="1"/><G50/><REACH who="3" ten="343,157,109,381" step="2"/><T115/><D123/><U36/><REACH who="1" step="1"/><E70/><REACH who="1" ten="343,147,109,381" step="2"/><V20/><F74/><W126/><G126/><T95/><D121/><U54/><E54/><V110/><F110/><W41/><G41/><T61/><D115/><U99/><E99/><V101/><F66/><W49/><G49/><T62/><D98/><U37/><E37/><V128/><F128/><W51/><G51/><T103/><D64/><U87/><E87/><V47/><F47/><W23/><G23/><AGARI ba="0,2" hai="15,19,23,25,31,35,36,42,45,52,55,93,96,100" machi="23" ten="30,7700,0" yaku="1,1,7,1,54,1,53,1" doraHai="0" doraHaiUra="18" who="1" fromWho="3" sc="343,0,147,97,109,0,381,-77" /><INIT seed="4,0,0,2,3,93" ten="343,244,109,304" oya="0" hai0="116,83,107,112,1,73,120,2,66,71,82,114,5" hai1="67,77,41,40,24,25,43,109,28,106,121,59,20" hai2="126,16,8,31,108,54,9,33,53,79,26,19,44" hai3="34,30,39,46,113,102,96,11,36,88,27,63,60"/><T91/><D120/><U75/><E109/><V134/><F108/><W29/><G113/><N who="0" m="43627" /><D107/><U80/><E106/><V128/><F79/><W14/><G30/><T90/><D116/><U6/><E6/><V49/><F128/><W95/><G102/><T76/><D83/><U123/><E67/><V104/><F134/><W130/><G130/><T98/><D5/><U18/><REACH who="1" step="1"/><E59/><REACH who="1" ten="343,234,109,304" step="2"/><V115/><F104/><W111/><G111/><T15/><D66/><U17/><E17/><V48/><F115/><W38/><REACH who="3" step="1"/><G46/><REACH who="3" ten="343,234,109,294" step="2"/><T65/><D71/><U68/><E68/><V135/><F135/><W70/><G70/><T42/><D1/><U100/><E100/><V110/><F110/><W132/><G132/><T99/><D2/><U87/><E87/><V22/><F126/><W61/><G61/><T62/><D62/><U97/><E97/><V89/><F89/><W131/><G131/><T13/><D99/><U35/><AGARI ba="0,2" hai="18,20,24,25,28,35,40,41,43,75,77,80,121,123" machi="35" ten="30,8000,1" yaku="1,1,0,1,53,3" doraHai="93" doraHaiUra="37" who="1" fromWho="1" sc="343,-40,234,100,109,-20,294,-20" /><INIT seed="5,0,0,4,1,102" ten="303,334,89,274" oya="1" hai0="42,101,66,132,20,123,125,16,3,6,111,97,7" hai1="77,53,91,112,26,54,51,2,128,71,72,106,80" hai2="96,33,46,126,81,47,114,133,12,118,99,87,60" hai3="134,73,127,130,8,98,19,25,119,0,94,43,93"/><U56/><E112/><V37/><F33/><W14/><G0/><T70/><D125/><U22/><E71/><V61/><F118/><W52/><G127/><T15/><D132/><U24/><E2/><V74/><F126/><W10/><G134/><T100/><D111/><U48/><E128/><V1/><F1/><W9/><G130/><T41/><D100/><U28/><E91/><V108/><F133/><W36/><G119/><T38/><D38/><U84/><E72/><V44/><F108/><W21/><G73/><T115/><D115/><U95/><E95/><V105/><F74/><W4/><G36/><T39/><D123/><U27/><REACH who="1" step="1"/><E106/><REACH who="1" ten="303,324,89,274" step="2"/><V131/><F114/><W49/><G94/><T121/><D3/><U50/><E50/><V23/><F131/><W45/><REACH who="3" step="1"/><G43/><REACH who="3" ten="303,324,89,264" step="2"/><T103/><D41/><U78/><E78/><V57/><F37/><W117/><G117/><T65/><D42/><U86/><E86/><V116/><F116/><W124/><G124/><T120/><D120/><U32/><E32/><V67/><F105/><W58/><G58/><AGARI ba="0,2" hai="22,24,26,27,28,48,51,53,54,56,58,77,80,84" machi="58" ten="30,11600,0" yaku="1,1,7,1,9,1,8,1,53,0" doraHai="102" doraHaiUra="104" who="1" fromWho="3" sc="303,0,324,136,89,0,264,-116" /><INIT seed="5,1,0,1,5,73" ten="303,460,89,148" oya="1" hai0="110,114,23,34,33,25,81,15,95,55,85,36,0" hai1="119,115,121,93,52,125,112,12,17,7,94,132,133" hai2="77,105,76,122,50,126,116,59,120,19,5,80,78" hai3="72,53,97,82,64,61,56,32,70,39,89,48,2"/><U57/><E119/><V29/><F116/><W104/><G32/><T111/><D36/><U108/><E121/><V16/><F126/><W90/><G2/><T79/><D0/><U87/><E7/><V37/><F37/><W130/><G130/><T14/><D114/><N who="1" m="43563" /><E125/><V31/><F105/><W51/><G39/><T28/><D111/><U43/><E43/><V1/><F1/><W99/><G51/><T68/><D68/><U26/><E26/><V100/><F5/><W124/><G124/><T63/><D110/><U134/><E87/><N who="2" m="48519" /><F122/><W35/><G35/><T58/><D95/><U91/><E91/><V8/><F100/><W45/><G70/><T18/><REACH who="0" step="1"/><D14/><REACH who="0" ten="293,460,89,148" step="2"/><U49/><E108/><V3/><F3/><W118/><G118/><T106/><D106/><U42/><E94/><V103/><F103/><W44/><G104/><T92/><D92/><U22/><E93/><V84/><F120/><W10/><G82/><T135/><D135/><U128/><E128/><V41/><F8/><AGARI ba="1,1" hai="8,15,18,23,25,28,33,34,55,58,63,79,81,85" machi="8" ten="30,7700,0" yaku="1,1,7,1,52,1,53,1" doraHai="73" doraHaiUra="9" who="0" fromWho="2" sc="293,90,460,0,89,-80,148,0" /><INIT seed="6,0,0,2,1,62" ten="383,460,9,148" oya="2" hai0="78,53,36,30,51,89,38,35,49,66,100,12,43" hai1="121,95,7,111,68,105,94,73,125,120,41,92,110" hai2="113,42,61,32,106,1,47,97,60,45,130,90,79" hai3="44,37,102,27,127,29,55,133,67,86,119,107,135"/><V11/><F32/><W131/><G119/><T54/><D78/><U76/><E68/><V132/><F130/><W25/><G86/><T99/><D35/><U96/><E41/><V57/><F132/><N who="3" m="50763" /><G67/><T65/><D30/><U39/><E39/><N who="0" m="14889" /><D12/><U103/><E7/><V98/><F113/><W128/><G127/><T74/><D100/><U83/><E125/><V80/><F1/><W81/><G81/><T101/><D99/><N who="2" m="37898" /><F106/><W4/><G102/><T31/><D101/><U64/><E64/><N who="0" m="24681" /><D89/><U124/><E124/><V123/><F123/><AGARI ba="0,0" hai="73,76,83,92,94,95,96,103,105,110,111,120,121,123" machi="123" ten="40,8000,1" yaku="13,1,34,3" doraHai="62" who="1" fromWho="2" sc="383,0,460,80,9,-80,148,0" owari="383,18.0,540,64.0,-71,-57.0,148,-25.0" /></mjloggm>