<mjloggm ver="2.3"><GO type="225" lobby="0"/><UN n0="%E3%81%B5%E3%81%8B%E3%81%BF" n1="%E3%82%86%E3%81%86%E5%A0%95%E5%A4%A9%E4%BD%BF" n2="%E9%95%B7%E3%81%84%E5%A4%A2" n3="%E5%B0%B1%E6%B4%BB%E7%94%9F%40%E5%B7%9D%E6%9D%91%E8%BB%8D%E5%9B%A3" dan="17,16,16,16" rate="2155.55,2096.36,2117.85,2075.79" sx="F,F,M,M"/><TAIKYOKU oya="0"/><INIT seed="0,0,0,0,0,121" ten="250,250,250,250" oya="0" hai0="67,49,101,46,115,80,92,97,72,60,62,134,38" hai1="0,57,20,130,47,30,94,78,28,126,25,123,58" hai2="12,124,110,6,81,84,113,100,24,68,42,48,27" hai3="75,69,95,2,16,93,33,54,120,122,39,5,119"/><T56/><D115/><U111/><E0/><V131/><F113/><W116/><G75/><T83/><D134/><U4/><E123/><N who="3" m="47146" /><G69/><T135/><D135/><U32/><E78/><N who="2" m="46135" /><F68/><W14/><G39/><T82/><D38/><U132/><E4/><V99/><F131/><W74/><G74/><T104/><D72/><U55/><E94/><N who="3" m="35850" /><G33/><T79/><D104/><U112/><E32/><V44/><F124/><W34/><G34/><T51/><D79/><U53/><E126/><V66/><F66/><W105/><G105/><T43/><D51/><U108/><E130/><V106/><F110/><W103/><G103/><T133/><D133/><U70/><E70/><V127/><F127/><W98/><G98/><T63/><AGARI ba="0,0" hai="43,46,49,56,60,62,63,67,80,82,83,92,97,101" machi="63" ten="30,3000,0" yaku="0,1,8,1" doraHai="121" who="0" fromWho="0" sc="250,30,250,-10,250,-10,250,-10" /><INIT seed="0,1,0,3,0,135" ten="280,240,240,240" oya="0" hai0="23,15,131,97,44,114,81,34,6,46,74,67,71" hai1="116,32,125,134,26,92,59,63,68,132,37,35,105" hai2="121,58,3,102,106,66,70,129,104,99,124,50,113" hai3="40,30,11,88,107,61,13,112,49,48,94,90,60"/><T85/><D34/><U133/><E105/><V14/><F3/><W56/><G107/><T41/><D74/><U57/><E116/><V109/><F121/><W78/><G78/><T31/><D114/><U4/><E4/><V24/><F113/><W76/><G76/><T110/><D71/><U86/><E37/><V33/><F106/><W1/><G112/><T54/><D67/><N who="1" m="41087" /><E125/><V47/><F109/><W115/><G1/><T19/><D110/><U118/><E118/><V8/><F129/><W87/><G30/><T25/><D131/><U123/><E123/><V45/><F124/><W122/><G122/><T82/><D6/><U53/><E57/><V127/><F127/><W28/><G28/><T79/><D82/><U27/><E86/><V65/><F65/><N who="3" m="39047" /><G61/><T18/><D97/><U84/><E32/><V117/><F117/><W128/><G40/><T93/><D93/><U62/><E35/><V119/><F119/><W111/><G128/><T22/><D41/><U91/><AGARI ba="1,0" hai="26,27,53,59,62,84,91,92,132,133,134" m="41087" machi="91" ten="40,1500,0" yaku="20,1" doraHai="135" who="1" fromWho="1" sc="280,-8,240,18,240,-5,240,-5" /><INIT seed="1,0,0,0,3,20" ten="272,258,235,235" oya="1" hai0="88,81,111,22,74,26,23,47,39,104,82,11,3" hai1="96,30,8,18,107,68,52,115,85,117,0,89,59" hai2="10,129,75,28,72,9,13,44,119,71,43,55,122" hai3="84,54,29,32,90,24,69,31,102,34,17,21,105"/><U131/><E117/><V41/><F122/><W70/><G105/><T2/><D104/><U93/><E68/><V79/><F119/><W110/><G102/><T123/><D123/><U50/><E131/><V133/><F71/><W67/><G110/><T135/><D111/><U130/><E115/><V78/><F129/><W92/><G67/><T114/><D114/><U4/><E130/><V94/><F133/><W73/><G73/><T116/><D116/><U128/><E128/><V15/><F28/><W87/><G87/><T80/><D74/><U112/><E18/><V134/><F134/><W36/><G36/><T77/><D77/><U83/><E112/><V37/><F94/><W64/><G64/><T33/><D33/><U7/><E7/><V100/><F44/><W127/><G127/><T132/><D23/><U99/><E107/><V51/><F51/><W66/><G66/><T49/><D39/><U95/><E30/><V121/><F121/><W46/><G31/><N who="0" m="17879" /><D2/><U62/><E95/><V58/><F37/><W5/><G5/><N who="0" m="1471" /><D135/><U14/><E0/><V40/><F40/><W27/><REACH who="3" step="1"/><G32/><REACH who="3" ten="272,258,235,225" step="2"/><T126/><D126/><U48/><REACH who="1" step="1"/><E99/><REACH who="1" ten="272,248,235,225" step="2"/><V108/><F108/><W65/><G65/><T103/><D132/><U120/><E120/><V97/><F97/><W86/><G86/><T61/><D81/><U118/><E118/><V53/><F100/><AGARI ba="0,2" hai="4,8,14,48,50,52,59,62,83,85,89,93,96,100" machi="100" ten="30,11600,0" yaku="1,1,7,1,8,1,54,1,53,0" doraHai="20" doraHaiUra="124" who="1" fromWho="2" sc="272,0,248,136,235,-116,225,0" /><INIT seed="1,1,0,1,1,87" ten="272,384,119,225" oya="1" hai0="91,15,1,107,31,135,51,97,11,122,101,100,14" hai1="45,4,30,39,89,33,5,54,61,76,0,88,79" hai2="99,56,114,16,84,13,126,3,94,35,6,40,12" hai3="17,38,18,104,106,128,2,74,65,58,86,127,110"/><U132/><E132/><V59/><F114/><W115/><G74/><T103/><D135/><U125/><E125/><V116/><F35/><W102/><G2/><T70/><D70/><U23/><E33/><V7/><F126/><W55/><G38/><T60/><D122/><U111/><E111/><V75/><F75/><W131/><G115/><T41/><D31/><U90/><E39/><V129/><F129/><N who="3" m="49739" /><G110/><T28/><D28/><U32/><E32/><V66/><F116/><W109/><G65/><T50/><D1/><U82/><E0/><V21/><F3/><W73/><G73/><T108/><D108/><U92/><E92/><V98/><F40/><W24/><G109/><T48/><D41/><U26/><E82/><V117/><F117/><W121/><G121/><T96/><D60/><U20/><E20/><V69/><F69/><W63/><G127/><T124/><D124/><U52/><E61/><V22/><F84/><W8/><G102/><T49/><D49/><N who="1" m="28719" /><E54/><V120/><F120/><W133/><G133/><T83/><D107/><U64/><E64/><V53/><F53/><W85/><G104/><T47/><D47/><U43/><E43/><V123/><F123/><W95/><G106/><T27/><D83/><U119/><E119/><V37/><F37/><W93/><G95/><T29/><D50/><U68/><E68/><V77/><F94/><W113/><G93/><N who="0" m="56383" /><D51/><U19/><E30/><V36/><F36/><W34/><G113/><T67/><D48/><U71/><E71/><V80/><F80/><W78/><G34/><N who="0" m="20799" /><D67/><U112/><E112/><V118/><F66/><RYUUKYOKU ba="1,0" sc="272,-10,384,30,119,-10,225,-10" hai1="4,5,19,23,26,76,79,88,89,90" /><INIT seed="1,2,0,3,5,126" ten="262,414,109,215" oya="1" hai0="125,91,18,5,120,16,135,35,133,87,52,12,7" hai1="116,75,24,67,32,131,101,92,115,61,70,103,130" hai2="0,122,44,102,118,124,119,28,108,127,99,121,109" hai3="110,117,15,86,3,81,57,41,90,104,40,71,74"/><U60/><E116/><N who="2" m="44587" /><F44/><W83/><G71/><T14/><D120/><N who="2" m="46186" /><F28/><W68/><G68/><T129/><D125/><N who="2" m="48202" /><F0/><W53/><G3/><T46/><D35/><U84/><E75/><V51/><F51/><W20/><G117/><T132/><D129/><N who="1" m="49163" /><E115/><V54/><F54/><W27/><G74/><T66/><D66/><N who="1" m="41295" /><E24/><V128/><F128/><W69/><G69/><T106/><D106/><U100/><E32/><V17/><F17/><W97/><G104/><AGARI ba="2,0" hai="99,102,104,108,109" m="48202,46186,44587" machi="104" ten="40,8000,1" yaku="18,1,23,1,34,2" doraHai="126" who="2" fromWho="3" sc="262,0,414,0,109,86,215,-86" /><INIT seed="2,0,0,1,1,49" ten="262,414,195,129" oya="2" hai0="18,3,16,116,124,117,34,20,73,93,63,53,77" hai1="68,38,51,81,84,108,113,33,41,22,126,14,39" hai2="82,4,47,105,104,52,37,13,50,131,0,127,86" hai3="67,28,129,6,111,132,103,72,36,96,125,80,21"/><V15/><F131/><W89/><G36/><T24/><D3/><U1/><E33/><V102/><F37/><W46/><G129/><T114/><D114/><U115/><E1/><V100/><F0/><W71/><G125/><T123/><D123/><U7/><E68/><V87/><F127/><W122/><G132/><T42/><D124/><U10/><E126/><V59/><F105/><W101/><G122/><T74/><D42/><U121/><E108/><V43/><F104/><W26/><G111/><T69/><D34/><U57/><E22/><V95/><F87/><W107/><G6/><T119/><D77/><N who="1" m="46127" /><E57/><V83/><F83/><W35/><G101/><N who="2" m="39017" /><F95/><W5/><G5/><T12/><D93/><U75/><E75/><V58/><F4/><W76/><G46/><T19/><D69/><U62/><E62/><N who="2" m="36167" /><F59/><W106/><G21/><T54/><D63/><U78/><E78/><AGARI ba="0,0" hai="13,15,43,47,50,78,82,86" m="36167,39017" machi="78" ten="30,5800,0" yaku="8,1,52,1,54,1" doraHai="49" who="2" fromWho="1" sc="262,0,414,-58,195,58,129,0" /><INIT seed="2,1,0,2,5,48" ten="262,356,253,129" oya="2" hai0="95,64,13,98,118,56,104,5,69,99,101,39,114" hai1="67,124,33,3,103,63,97,79,25,27,105,16,70" hai2="40,135,36,91,81,131,86,110,11,71,17,43,115" hai3="88,121,28,54,116,107,15,112,74,72,41,61,84"/><V65/><F115/><W62/><G107/><T29/><D114/><U132/><E3/><V134/><F131/><W127/><G112/><T1/><D39/><U35/><E124/><V78/><F71/><W128/><G121/><T45/><D1/><U85/><E132/><N who="2" m="50731" /><F65/><W123/><G116/><T49/><D69/><U87/><E79/><V125/><F125/><W92/><G127/><T93/><D29/><U82/><E82/><N who="2" m="49623" /><F36/><W18/><G123/><T52/><D118/><U31/><E35/><V42/><F110/><W0/><G128/><T100/><D104/><U4/><E4/><V120/><F120/><W34/><G0/><T22/><D64/><U96/><E96/><V80/><F78/><W102/><G102/><T30/><D30/><U12/><E27/><V111/><F111/><W60/><G41/><T133/><D133/><U117/><E117/><V130/><F130/><W109/><G109/><T68/><D68/><U14/><E14/><AGARI ba="1,0" hai="11,14,17,40,42,43,80,81" m="49623,50731" machi="14" ten="30,1500,0" yaku="20,1" doraHai="48" who="2" fromWho="1" sc="262,0,356,-18,253,18,129,0" /><INIT seed="2,2,0,0,0,25" ten="262,338,271,129" oya="2" hai0="132,133,69,33,72,0,93,44,34,24,92,121,11" hai1="41,38,84,21,131,120,9,118,116,49,74,29,61" hai2="88,125,99,70,130,98,106,37,67,18,129,86,3" hai3="107,20,83,57,40,115,4,7,114,45,8,134,36"/><V128/><F125/><W82/><G107/><T58/><D69/><U76/><E74/><V104/><F37/><W62/><G134/><N who="0" m="51819" /><D72/><U89/><E38/><V71/><F3/><W81/><G20/><T94/><D121/><U56/><E76/><V110/><F18/><W55/><REACH who="3" step="1"/><G8/><REACH who="3" ten="262,338,271,119" step="2"/><T127/><D11/><U102/><E9/><V63/><F110/><W59/><G59/><T65/><D58/><U103/><E56/><V112/><F71/><W1/><G1/><T14/><D0/><U108/><E108/><V2/><F2/><W19/><G19/><T26/><D34/><U35/><E35/><V5/><F112/><AGARI ba="2,1" hai="4,7,36,40,45,55,57,62,81,82,83,112,114,115" machi="112" ten="40,2600,0" yaku="1,1,11,1,53,0" doraHai="25" doraHaiUra="66" who="3" fromWho="2" sc="262,0,338,0,271,-32,119,42" /><INIT seed="3,0,0,3,2,21" ten="262,338,239,161" oya="3" hai0="36,24,123,106,84,81,30,70,46,117,113,69,39" hai1="66,134,124,27,131,62,10,60,65,95,93,5,79" hai2="116,112,129,101,54,18,51,44,108,67,11,55,35" hai3="133,80,127,98,118,114,45,0,77,3,111,110,90"/><W119/><G3/><T29/><D117/><N who="3" m="44553" /><G45/><T91/><D123/><U43/><E79/><V109/><F116/><W103/><G0/><T92/><D106/><U13/><E124/><V49/><F112/><W50/><G114/><T1/><D1/><U20/><E131/><V38/><F129/><W78/><G50/><N who="2" m="18953" /><F101/><W89/><G127/><T22/><D113/><U99/><E134/><V47/><F35/><W34/><G34/><T31/><D81/><U130/><E43/><N who="2" m="22647" /><F67/><N who="1" m="25609" /><E130/><V100/><F100/><W61/><G61/><N who="1" m="23658" /><E99/><V82/><F82/><W126/><G126/><T71/><REACH who="0" step="1"/><D46/><REACH who="0" ten="252,338,239,161" step="2"/><U26/><E26/><V7/><F47/><W120/><G133/><T83/><D83/><U28/><AGARI ba="0,1" hai="5,10,13,20,27,28,93,95" m="23658,25609" machi="28" ten="30,2000,0" yaku="8,1,52,1" doraHai="21" who="1" fromWho="1" sc="252,-5,338,30,239,-5,161,-10" owari="247,5.0,368,47.0,234,-17.0,151,-35.0" /></mjloggm>