<mjloggm ver="2.3"><GO type="41" lobby="0"/><UN n0="%45%67%67%67%59" n1="%4E%6F%2C%4E%61%6D%65" n2="%E4%B8%89%E9%83%8E%44%58" n3="%E5%B0%B1%E6%B4%BB%E7%94%9F%40%E5%B7%9D%E6%9D%91%E8%BB%8D%E5%9B%A3" dan="14,13,15,15" rate="1882.63,1926.90,2069.26,2025.32" sx="M,M,M,M"/><TAIKYOKU oya="0"/><INIT seed="0,0,0,3,1,3" ten="250,250,250,250" oya="0" hai0="66,12,132,41,24,130,42,92,7,2,44,23,106" hai1="131,43,73,68,5,91,81,13,100,82,45,96,34" hai2="129,88,114,50,122,89,98,59,20,71,11,110,93" hai3="49,128,99,0,14,39,61,32,101,69,33,107,62"/><T18/><D106/><U102/><E131/><V133/><F122/><W117/><G117/><T115/><D115/><U126/><E126/><V109/><F114/><W79/><G128/><T124/><D130/><U19/><E34/><V67/><F129/><W51/><G39/><T94/><D124/><U118/><E118/><V125/><F71/><W86/><G0/><T22/><D132/><U60/><E73/><V78/><F125/><W134/><G134/><T28/><D66/><U54/><E91/><V21/><F133/><W121/><G121/><T74/><D74/><U38/><E102/><V83/><F11/><W119/><G119/><T31/><D42/><U87/><E87/><N who="2" m="48631" /><F89/><W17/><G33/><T135/><D135/><U8/><E19/><V84/><F98/><W111/><G111/><N who="2" m="42505" /><F50/><W80/><G32/><T36/><REACH who="0" step="1"/><D28/><REACH who="0" ten="240,250,250,250" step="2"/><U105/><REACH who="1" step="1"/><E54/><REACH who="1" ten="240,240,250,250" step="2"/><V10/><F67/><AGARI ba="0,2" hai="5,8,13,38,43,45,60,67,68,81,82,96,100,105" machi="67" ten="40,5200,0" yaku="1,1,2,1,52,1,53,0" doraHai="3" doraHaiUra="29" who="1" fromWho="2" sc="240,0,240,72,250,-52,250,0" /><INIT seed="1,0,0,1,3,81" ten="240,312,198,250" oya="1" hai0="46,5,90,4,51,3,103,45,104,37,135,80,89" hai1="55,15,101,54,39,22,133,61,52,134,57,131,26" hai2="49,93,21,120,17,62,75,113,97,25,66,13,59" hai3="68,36,50,18,108,112,98,12,10,127,19,42,48"/><U43/><E131/><V56/><F120/><W44/><G112/><T88/><D135/><N who="1" m="51723" /><E101/><V129/><F113/><W0/><G68/><T47/><D37/><U105/><E105/><V91/><F129/><W33/><G33/><T6/><D3/><U76/><E15/><V32/><F75/><W30/><G127/><T109/><D109/><U73/><E73/><V63/><F32/><W20/><G30/><T107/><D103/><U100/><E100/><V85/><F49/><W78/><G108/><T9/><D9/><U31/><E76/><V124/><F124/><W102/><G78/><T117/><D117/><U35/><E35/><V11/><F97/><W72/><G72/><T118/><D118/><U111/><E111/><V82/><F82/><W16/><G0/><T65/><D65/><U41/><E39/><V8/><F25/><W106/><REACH who="3" step="1"/><G19/><REACH who="3" ten="240,312,198,240" step="2"/><T60/><D60/><U27/><E27/><AGARI ba="0,1" hai="10,12,16,18,20,27,36,42,44,48,50,98,102,106" machi="27" ten="30,8000,1" yaku="1,1,2,1,7,1,54,1,53,1" doraHai="81" doraHaiUra="96" who="3" fromWho="1" sc="240,0,312,-80,198,0,240,90" /><INIT seed="2,0,0,1,3,117" ten="240,232,198,330" oya="2" hai0="52,28,95,91,101,9,110,115,38,57,16,1,65" hai1="0,51,54,114,120,130,67,64,27,73,8,133,55" hai2="53,63,39,109,78,72,2,14,105,58,125,4,131" hai3="20,62,81,18,106,121,89,24,49,12,68,129,126"/><V32/><F105/><W45/><G106/><T77/><D38/><U90/><E114/><V103/><F39/><W34/><G126/><T3/><D115/><U93/><E73/><V74/><F32/><W84/><G129/><T69/><D28/><U124/><E130/><V31/><F2/><W112/><G112/><T85/><D110/><U13/><E0/><V48/><F131/><W76/><G34/><T79/><D69/><U10/><E124/><V128/><F128/><W61/><G68/><T66/><D3/><U92/><E133/><V111/><F125/><W86/><G121/><T104/><D104/><U59/><E27/><V82/><F103/><W7/><G7/><T22/><D101/><U102/><E120/><V56/><F31/><W132/><G24/><N who="0" m="14407" /><D9/><U23/><E23/><V37/><F37/><W108/><G108/><N who="2" m="41545" /><F14/><W6/><G6/><T96/><D1/><U119/><E102/><V80/><F4/><W35/><G35/><T15/><D15/><U107/><E107/><V11/><F11/><W122/><G122/><T30/><D30/><U60/><E8/><V83/><F74/><W29/><G29/><T42/><D42/><U50/><E119/><V116/><F116/><W43/><G132/><T127/><D127/><U97/><E10/><V75/><F75/><W98/><G98/><T47/><D47/><N who="1" m="27999" /><E13/><V17/><F17/><W33/><G33/><T70/><D70/><U135/><E135/><V99/><F99/><W46/><G46/><T21/><D21/><U26/><E97/><V19/><F19/><W94/><AGARI ba="0,0" hai="12,18,20,43,45,49,61,62,76,81,84,86,89,94" machi="94" ten="20,2700,0" yaku="0,1,7,1,8,1" doraHai="117" who="3" fromWho="3" sc="240,-7,232,-7,198,-13,330,27" /><INIT seed="3,0,0,5,1,71" ten="233,225,185,357" oya="3" hai0="80,102,44,13,34,78,23,31,35,106,99,5,58" hai1="57,76,127,85,4,25,91,39,133,7,1,8,95" hai2="28,118,73,98,103,87,37,62,110,49,20,67,26" hai3="134,125,46,79,94,12,75,50,27,66,117,83,81"/><W84/><G84/><T54/><D44/><U43/><E127/><V70/><F118/><W120/><G117/><T59/><D58/><U131/><E131/><V41/><F73/><W32/><G120/><T64/><D64/><U116/><E133/><V100/><F110/><W21/><G125/><T126/><D126/><U53/><E116/><V122/><F122/><W129/><G32/><T45/><D45/><U123/><E123/><V2/><F2/><W82/><G129/><T68/><D68/><U36/><E43/><V48/><F103/><W132/><G66/><T16/><D5/><U18/><E76/><V11/><F11/><W17/><G132/><T112/><D112/><U77/><E77/><V86/><F37/><W111/><G111/><T92/><D106/><U55/><E4/><V63/><F63/><W96/><G134/><T9/><D9/><U97/><E55/><V56/><F70/><W101/><REACH who="3" step="1"/><G27/><REACH who="3" ten="233,225,185,347" step="2"/><T105/><D34/><U22/><REACH who="1" step="1"/><E85/><REACH who="1" ten="233,215,185,347" step="2"/><N who="2" m="32267" /><F41/><AGARI ba="0,2" hai="12,17,21,41,46,50,75,79,81,82,83,94,96,101" machi="41" ten="30,2900,0" yaku="1,1,7,1,53,0" doraHai="71" doraHaiUra="52" who="3" fromWho="2" sc="233,0,215,0,185,-29,347,49" /><INIT seed="3,1,0,1,1,39" ten="233,215,156,396" oya="3" hai0="50,104,105,0,125,29,26,131,14,91,28,122,2" hai1="53,84,120,71,38,49,118,15,19,8,48,12,127" hai2="92,97,54,87,62,30,135,41,98,83,63,7,44" hai3="47,22,132,133,99,111,114,59,129,68,56,102,42"/><W72/><G72/><T93/><D122/><U6/><E120/><V37/><F135/><N who="3" m="51787" /><G114/><T32/><D125/><U106/><E106/><V88/><F30/><W21/><G68/><T110/><D110/><U73/><E73/><V20/><F7/><W117/><G111/><T65/><D131/><U86/><E127/><V11/><F11/><W130/><G117/><T77/><D77/><U96/><E38/><V61/><F20/><N who="3" m="7787" /><G56/><T108/><D29/><U35/><E35/><V107/><F107/><N who="3" m="63967" /><G59/><T121/><D108/><U33/><E33/><V36/><F36/><AGARI ba="1,0" hai="36,42,47,129,130" m="63967,7787,51787" machi="36" ten="30,2900,0" yaku="20,1,52,1" doraHai="39" who="3" fromWho="2" sc="233,0,215,0,156,-32,396,32" /><INIT seed="3,2,0,4,0,81" ten="233,215,124,428" oya="3" hai0="111,121,89,40,70,65,119,132,62,87,129,43,116" hai1="85,48,68,28,123,72,105,21,24,9,95,100,7" hai2="117,18,4,69,127,128,122,103,19,76,32,83,1" hai3="77,75,51,106,120,26,38,56,113,31,99,42,84"/><W79/><G120/><T45/><D121/><U6/><E68/><V37/><F122/><W52/><G106/><T109/><D132/><U50/><E72/><V82/><F69/><W34/><G75/><T12/><D12/><U36/><E36/><V104/><F37/><W73/><G73/><T23/><D23/><U80/><E105/><V58/><F117/><W0/><G0/><T102/><D102/><U30/><E30/><V49/><F32/><W78/><G113/><T8/><D8/><U115/><E115/><V61/><F128/><W91/><G99/><T97/><D97/><N who="1" m="59455" /><E123/><V60/><F127/><W96/><G96/><T134/><D134/><U124/><E124/><V46/><F104/><W3/><G3/><T5/><D5/><N who="1" m="1547" /><E9/><V125/><F103/><W74/><G74/><T14/><D14/><U112/><E112/><V39/><F125/><W2/><G2/><T10/><D10/><U108/><E108/><N who="0" m="41545" /><D129/><U90/><AGARI ba="2,0" hai="21,24,28,48,50,80,85,90" m="1547,59455" machi="90" ten="30,2000,0" yaku="8,1,52,1" doraHai="81" who="1" fromWho="1" sc="233,-7,215,26,124,-7,428,-12" /><INIT seed="4,0,0,0,2,121" ten="226,241,117,416" oya="0" hai0="122,112,104,85,44,62,47,113,117,22,5,106,7" hai1="31,50,19,107,26,1,14,86,126,110,66,111,51" hai2="39,74,67,128,65,133,30,75,46,35,48,94,12" hai3="81,72,40,16,120,58,92,63,2,77,124,125,79"/><T70/><D122/><U23/><E107/><N who="0" m="41001" /><D85/><U91/><E126/><N who="3" m="48746" /><G120/><T102/><D102/><U33/><E66/><V83/><F39/><W108/><G2/><T17/><D117/><U54/><E1/><V41/><F133/><W118/><G118/><T71/><D62/><U131/><E131/><V130/><F35/><W64/><G77/><T25/><D47/><U32/><E33/><V68/><F30/><W13/><G40/><T60/><D60/><U69/><E69/><N who="0" m="26121" /><D44/><U87/><E86/><V57/><F68/><W134/><G92/><T73/><D73/><U135/><E135/><V96/><F12/><W9/><G134/><T53/><D53/><U55/><E54/><V0/><F0/><W28/><G28/><T123/><D123/><U34/><E32/><V89/><F83/><W20/><G20/><T80/><D80/><U103/><E103/><V49/><F67/><W8/><G8/><T95/><D95/><N who="1" m="54783" /><E50/><V15/><F15/><W76/><G76/><T132/><D132/><U3/><E3/><V38/><F38/><W4/><G4/><T21/><D21/><U90/><E90/><V56/><F65/><W10/><G10/><T115/><AGARI ba="0,0" hai="5,7,17,22,25,112,113,115" m="26121,41001" machi="115" ten="40,2100,0" yaku="15,1" doraHai="121" who="0" fromWho="0" sc="226,21,241,-7,117,-7,416,-7" /><INIT seed="4,1,0,1,5,113" ten="247,234,110,409" oya="0" hai0="96,90,56,31,38,134,64,119,48,4,2,103,84" hai1="72,73,108,135,34,128,13,130,30,61,24,89,33" hai2="81,54,120,74,16,117,69,17,115,121,63,118,19" hai3="129,70,80,76,88,47,125,41,11,100,97,20,3"/><T78/><D119/><N who="2" m="45578" /><F115/><W127/><G70/><T132/><D38/><U15/><E108/><V85/><F74/><N who="3" m="43031" /><G129/><N who="1" m="49770" /><E34/><V60/><F54/><W65/><G65/><T111/><D78/><U92/><E61/><N who="2" m="23627" /><F69/><W28/><G88/><AGARI ba="1,0" hai="16,17,19,81,85,88,120,121" m="23627,45578" machi="88" ten="30,12000,2" yaku="12,1,52,3,54,2" doraHai="113" who="2" fromWho="3" sc="247,0,234,0,110,123,409,-123" /><INIT seed="5,0,0,1,1,0" ten="247,234,233,286" oya="1" hai0="39,4,18,3,127,134,24,111,31,106,108,46,123" hai1="21,119,114,26,131,35,61,121,19,112,27,57,126" hai2="79,115,36,38,42,97,82,135,8,11,120,2,100" hai3="30,20,87,94,49,83,66,124,113,68,55,7,51"/><U33/><E121/><V86/><F120/><W128/><G124/><T89/><D123/><U29/><E119/><V117/><F117/><W103/><G128/><T116/><D89/><U91/><E131/><V74/><F135/><W22/><G113/><N who="1" m="43626" /><E91/><V14/><F115/><W110/><G68/><T95/><D95/><U105/><E105/><V5/><F42/><W88/><G66/><T50/><D116/><U72/><E72/><V69/><F69/><W15/><G51/><T60/><D106/><U48/><E48/><V102/><F74/><W10/><G30/><T77/><D77/><U96/><E96/><V43/><F43/><W54/><G54/><T109/><D127/><U101/><E101/><V37/><REACH who="2" step="1"/><F97/><REACH who="2" ten="247,234,223,286" step="2"/><N who="3" m="59831" /><G110/><T84/><D134/><U122/><E126/><V58/><F58/><AGARI ba="0,1" hai="7,10,15,20,22,49,55,58,83,87,88" m="59831" machi="58" ten="30,3900,0" yaku="8,1,52,1,54,1" doraHai="0" who="3" fromWho="2" sc="247,0,234,0,223,-39,286,49" /><INIT seed="6,0,0,0,5,101" ten="247,234,184,335" oya="2" hai0="104,4,109,106,84,7,45,9,99,19,75,54,61" hai1="32,41,12,8,71,23,92,134,37,133,116,48,52" hai2="131,29,82,64,27,87,22,24,107,119,15,36,30" hai3="3,42,108,126,73,5,6,97,88,66,93,80,111"/><V112/><F119/><W94/><G126/><T10/><D109/><U127/><E116/><V81/><F36/><W35/><G35/><T76/><D75/><U67/><E32/><V59/><F107/><W128/><G128/><T44/><D19/><U86/><E127/><V83/><F131/><W50/><G66/><T20/><D20/><U11/><E23/><N who="2" m="15519" /><F112/><W1/><G73/><T132/><D132/><U16/><E8/><V39/><F39/><W56/><G80/><T25/><D25/><U65/><E41/><V78/><F15/><W122/><G122/><T120/><D120/><U43/><E43/><V49/><F49/><W121/><G121/><T31/><D31/><U100/><E37/><V113/><F113/><W28/><G42/><T95/><D99/><N who="1" m="59495" /><E86/><V91/><F78/><W60/><G97/><T130/><D130/><U18/><E71/><V58/><F64/><N who="1" m="24649" /><E134/><V85/><F91/><W118/><G50/><T2/><D76/><U114/><E114/><V135/><F135/><W34/><G28/><T124/><D124/><U115/><E115/><V123/><F123/><W57/><G34/><T102/><D2/><U89/><E89/><V46/><F46/><W125/><G125/><T53/><D61/><U74/><E74/><V96/><F96/><W0/><G118/><T55/><D84/><AGARI ba="0,0" hai="22,27,30,58,59,81,82,83,84,85,87" m="15519" machi="84" ten="30,1500,0" yaku="8,1" doraHai="101" who="2" fromWho="0" sc="247,-15,234,0,184,15,335,0" /><INIT seed="6,1,0,0,2,120" ten="232,234,199,335" oya="2" hai0="84,4,20,59,134,98,124,8,82,101,107,76,95" hai1="1,87,67,28,79,97,35,14,57,73,15,22,65" hai2="75,93,72,88,9,16,104,41,92,61,90,74,32" hai3="114,83,51,17,24,49,56,100,71,125,133,48,19"/><V38/><F32/><W108/><G108/><T26/><D124/><U86/><E1/><V99/><F104/><W94/><G71/><T40/><D134/><U52/><E35/><V118/><F118/><W119/><G119/><T130/><D130/><U102/><E73/><V21/><F9/><W129/><G114/><T63/><D40/><U106/><E14/><V91/><F61/><W42/><G125/><T18/><D107/><U121/><E121/><V116/><F116/><W6/><G6/><T135/><D135/><U23/><E22/><V132/><F132/><W13/><G133/><T128/><D128/><U122/><E122/><V25/><REACH who="2" step="1"/><F99/><REACH who="2" ten="232,234,189,335" step="2"/><N who="3" m="59511" /><G129/><T77/><D8/><U34/><E34/><V62/><F62/><W78/><G49/><T127/><D127/><U47/><E106/><V103/><F103/><W117/><G51/><T66/><D4/><U3/><E102/><V111/><F111/><W10/><G48/><T11/><D11/><U115/><E97/><V0/><F0/><W96/><G96/><T37/><D37/><U29/><E3/><V39/><F39/><W105/><G105/><T109/><D109/><U110/><E110/><V44/><AGARI ba="1,1" hai="16,21,25,38,41,44,72,74,75,88,90,91,92,93" machi="44" ten="40,12000,1" yaku="1,1,0,1,54,2,53,1" doraHai="120" doraHaiUra="12" who="2" fromWho="2" sc="232,-41,234,-41,189,133,335,-41" /><INIT seed="6,2,0,0,4,61" ten="191,193,322,294" oya="2" hai0="39,98,87,80,19,104,27,105,53,43,65,64,73" hai1="133,106,8,97,17,54,45,75,0,14,28,123,101" hai2="130,70,57,86,60,84,88,107,115,81,90,71,44" hai3="131,122,35,66,82,15,83,119,63,135,10,32,52"/><V20/><F107/><W89/><G122/><T91/><D53/><U72/><E123/><V92/><F115/><W117/><G131/><T6/><D6/><U116/><E116/><V50/><F130/><W62/><G135/><T110/><D110/><U7/><E28/><V48/><F20/><W58/><G117/><T23/><D73/><U124/><E124/><V126/><F126/><W33/><G89/><T9/><D9/><U16/><E133/><V18/><F18/><W46/><G119/><T5/><D5/><U68/><E68/><V108/><F108/><W67/><G67/><T125/><D125/><U79/><E79/><V41/><F50/><W55/><G55/><AGARI ba="2,0" hai="41,44,48,55,57,60,70,71,81,84,86,88,90,92" machi="55" ten="30,2900,0" yaku="7,1,54,1" doraHai="61" who="2" fromWho="3" sc="191,0,193,0,322,35,294,-35" /><INIT seed="6,3,0,4,2,121" ten="191,193,357,259" oya="2" hai0="85,123,18,59,93,130,98,32,47,73,49,12,20" hai1="36,9,40,76,75,63,118,23,48,67,38,51,99" hai2="4,108,16,61,42,122,34,100,131,71,3,69,66" hai3="126,95,5,97,79,113,19,44,64,111,82,55,129"/><V58/><F122/><W116/><G116/><T39/><D123/><U26/><E118/><V107/><F34/><W70/><G111/><T46/><D130/><U30/><E75/><V134/><F134/><W2/><G129/><T117/><D117/><U80/><E9/><V86/><F131/><W65/><G113/><T33/><D73/><U103/><E80/><V114/><F114/><W83/><G126/><T13/><D13/><U0/><E76/><V84/><F42/><W106/><G106/><T24/><D39/><U115/><E0/><V104/><F104/><W127/><G127/><T110/><D110/><U35/><E115/><V21/><F108/><W109/><G109/><T15/><D15/><U88/><E35/><V77/><F77/><W11/><G19/><T105/><D105/><U102/><E102/><V52/><F71/><W17/><G17/><T29/><D33/><U31/><E31/><V74/><F74/><W43/><G55/><T120/><D120/><U128/><E103/><V6/><F3/><W50/><G70/><T57/><D85/><N who="2" m="32874" /><F100/><W37/><G82/><T28/><D28/><U22/><E128/><V62/><F107/><W101/><G50/><N who="1" m="18986" /><E40/><V119/><F119/><W112/><G112/><T124/><D124/><U94/><E23/><V54/><F54/><W53/><G53/><T90/><D47/><U27/><E27/><V92/><F92/><W81/><G81/><T14/><D14/><U10/><E10/><V1/><F1/><W91/><G101/><T72/><D72/><AGARI ba="3,0" hai="2,5,11,37,43,44,64,65,72,79,83,91,95,97" machi="72" ten="30,3900,0" yaku="7,1,25,2" doraHai="121" who="3" fromWho="0" sc="191,-48,193,0,357,0,259,48" /><INIT seed="7,0,0,4,5,71" ten="143,193,357,307" oya="3" hai0="106,100,7,129,14,27,61,123,8,93,55,12,103" hai1="131,26,22,134,120,59,60,57,37,77,2,47,38" hai2="67,85,48,29,19,69,90,64,110,21,17,73,53" hai3="127,42,130,65,126,88,11,117,76,111,95,56,99"/><W3/><G117/><T82/><D123/><U121/><E2/><V124/><F73/><W34/><G34/><T6/><D129/><U13/><E131/><V87/><F110/><W132/><G130/><T33/><D106/><U118/><E118/><V50/><F124/><N who="3" m="47659" /><G111/><T0/><D82/><U54/><E134/><V125/><F125/><W51/><G132/><T23/><D93/><U79/><E13/><N who="2" m="9391" /><F29/><W91/><G76/><T28/><D55/><U49/><E59/><N who="2" m="33191" /><F69/><W10/><G3/><N who="0" m="95" /><D61/><U39/><E121/><V35/><F35/><W122/><G122/><T75/><D75/><U30/><REACH who="1" step="1"/><E120/><REACH who="1" ten="143,183,357,307" step="2"/><V108/><F108/><W9/><G65/><AGARI ba="0,1" hai="22,26,30,37,38,39,47,49,54,57,60,65,77,79" machi="65" ten="40,8000,1" yaku="1,1,2,1,52,3,53,0" doraHai="71" doraHaiUra="36" who="1" fromWho="3" sc="143,0,183,90,357,0,307,-80" owari="143,-36.0,273,7.0,357,46.0,227,-17.0" /></mjloggm>