<mjloggm ver="2.3"><GO type="97" lobby="0"/><UN n0="%4E%41%52%49%30%31%33%31" n1="%E3%83%88%E3%83%88%E3%83%AA%E5%85%88%E7%94%9F%31%39%E6%AD%B3" n2="%6E%6F%6E%65%69%6D%75" n3="%6D%69%74%61" dan="13,13,13,14" rate="1808.75,2010.10,1839.17,1870.02" sx="M,F,M,M"/><TAIKYOKU oya="0"/><INIT seed="0,0,0,4,4,86" ten="250,250,250,250" oya="0" hai0="19,134,58,26,29,13,73,25,15,132,41,107,89" hai1="55,95,84,66,72,47,18,27,114,119,71,105,16" hai2="40,4,75,46,87,112,111,128,118,52,133,129,104" hai3="32,11,69,43,99,30,60,2,67,24,116,10,76"/><T3/><D107/><U45/><E119/><V53/><F75/><W0/><G116/><T57/><D73/><U131/><E72/><V39/><F104/><W63/><G76/><T54/><D3/><U7/><E105/><V28/><F28/><W96/><G43/><T34/><D41/><U100/><E131/><N who="2" m="50251" /><F118/><W14/><G60/><T109/><D54/><N who="2" m="21098" /><F4/><W103/><G99/><T127/><D19/><U6/><E114/><V48/><F87/><W31/><G31/><T36/><D29/><U65/><E71/><V80/><F80/><W35/><G35/><T88/><D34/><U64/><E27/><V33/><F33/><W83/><G83/><T50/><D50/><U122/><E122/><V59/><F112/><W49/><G49/><T123/><D123/><U117/><E117/><V120/><F120/><W12/><G12/><T81/><D81/><U21/><E7/><V91/><F91/><W94/><G11/><T101/><D101/><U20/><E6/><AGARI ba="0,0" hai="0,2,6,10,14,24,30,32,63,67,69,94,96,103" machi="6" ten="30,1000,0" yaku="7,1" doraHai="86" who="3" fromWho="1" sc="250,0,250,-10,250,0,250,10" /><INIT seed="1,0,0,0,4,23" ten="250,240,250,260" oya="1" hai0="109,57,69,68,36,47,90,132,30,16,41,29,15" hai1="101,21,107,129,55,126,28,27,17,133,85,106,102" hai2="114,72,19,8,0,50,40,34,6,53,9,113,38" hai3="56,125,64,3,32,127,1,118,4,26,5,54,33"/><U88/><E129/><V82/><F34/><N who="3" m="13419" /><G64/><T94/><D29/><U59/><E133/><V73/><F19/><W86/><G86/><T131/><D132/><U25/><E126/><N who="3" m="48138" /><G118/><T79/><D131/><U111/><E111/><V62/><F62/><W13/><G54/><T80/><D30/><U10/><E107/><V105/><F105/><W75/><G56/><T83/><D57/><U120/><E106/><V91/><F91/><W76/><G76/><T60/><D60/><N who="1" m="35967" /><E120/><V67/><F67/><W92/><G92/><T128/><D128/><U115/><E115/><N who="2" m="44043" /><F82/><W20/><G75/><T39/><D39/><U104/><E104/><V135/><F9/><N who="3" m="4263" /><G5/><T35/><D83/><N who="1" m="49215" /><E10/><V2/><F135/><W121/><G121/><T7/><D7/><U12/><E28/><AGARI ba="0,0" hai="1,3,20,26,28" m="4263,48138,13419" machi="28" ten="30,7700,0" yaku="18,1,34,2,52,1" doraHai="23" who="3" fromWho="1" sc="250,0,240,-77,250,0,260,77" /><INIT seed="2,0,0,1,1,30" ten="250,163,250,337" oya="2" hai0="78,57,9,63,109,101,67,48,132,129,25,43,85" hai1="134,125,108,13,40,103,96,38,32,111,17,73,88" hai2="120,89,27,131,53,79,60,123,42,99,106,65,39" hai3="82,130,92,97,107,51,98,69,55,36,133,93,128"/><V116/><F116/><W135/><G69/><T77/><D101/><U0/><E73/><V94/><F131/><N who="3" m="50219" /><G36/><T64/><D129/><U50/><E38/><V21/><F106/><W84/><G55/><T90/><D132/><N who="3" m="50761" /><G51/><T24/><D67/><U49/><E125/><V54/><F79/><W118/><G118/><T66/><D66/><U105/><E0/><V3/><F3/><W87/><G107/><T52/><D43/><U68/><E68/><V81/><F81/><W61/><G61/><T16/><D25/><U11/><E134/><V44/><F54/><W34/><G34/><T110/><D110/><U124/><E124/><V115/><F53/><W4/><G4/><T117/><D109/><N who="1" m="42059" /><E40/><V95/><F115/><W72/><G72/><T31/><D31/><U70/><E70/><V83/><F83/><W80/><G80/><N who="0" m="49447" /><D117/><U71/><E71/><V86/><F60/><W76/><G87/><T1/><D1/><U35/><E88/><V127/><F127/><W59/><G59/><N who="0" m="33159" /><D24/><U37/><E37/><V15/><F65/><W5/><G5/><T28/><D28/><U8/><E50/><V121/><F99/><AGARI ba="0,0" hai="76,82,84,92,93,97,98,99" m="50761,50219" machi="99" ten="30,7700,0" yaku="19,1,20,1,34,2" doraHai="30" who="3" fromWho="2" sc="250,0,163,0,250,-77,337,77" /><INIT seed="3,0,0,1,1,63" ten="250,163,173,414" oya="3" hai0="12,59,134,49,112,106,117,119,132,27,52,1,76" hai1="4,69,98,6,77,84,88,75,15,56,113,115,79" hai2="95,33,100,107,92,129,71,46,97,8,86,40,62" hai3="74,48,104,14,94,68,19,20,23,103,32,22,89"/><W133/><G74/><T55/><D106/><U122/><E69/><V93/><F129/><W123/><G32/><T110/><D76/><N who="1" m="29259" /><E122/><V85/><F33/><W72/><G123/><T43/><D1/><U45/><E113/><V120/><F120/><W28/><G68/><T96/><D96/><U21/><E115/><V9/><F9/><W18/><G72/><T17/><D27/><U31/><E75/><V26/><F26/><W39/><G39/><T73/><D73/><U82/><E45/><V114/><F114/><W35/><G133/><N who="0" m="51307" /><D112/><U121/><E121/><V29/><F29/><W51/><G103/><T60/><D110/><U130/><E130/><V81/><F81/><W65/><G104/><T10/><D43/><U58/><E98/><V66/><REACH who="2" step="1"/><F8/><REACH who="2" ten="250,163,163,414" step="2"/><N who="3" m="6471" /><G35/><T87/><D119/><U24/><E15/><V13/><F13/><N who="3" m="9327" /><G28/><T105/><D117/><U37/><E37/><AGARI ba="0,1" hai="37,40,46,62,66,71,85,86,92,93,95,97,100,107" machi="37" ten="40,2600,0" yaku="1,1,52,1,53,0" doraHai="63" doraHaiUra="16" who="2" fromWho="1" sc="250,0,163,-26,163,36,414,0" owari="250,5.0,137,-36.0,199,-20.0,414,51.0" /></mjloggm>