<mjloggm ver="2.3"><GO type="97" lobby="0"/><UN n0="%E5%B0%B1%E6%B4%BB%E7%94%9F%40%E5%B7%9D%E6%9D%91%E8%BB%8D%E5%9B%A3" n1="%4D%49%59%55%52%4F" n2="%E3%81%86%E3%81%A9%E3%82%93%E5%B1%8B" n3="%6B%6A%30%38%32%36" dan="14,15,17,13" rate="1964.24,1980.83,2155.42,1947.97" sx="M,M,M,M"/><TAIKYOKU oya="0"/><INIT seed="0,0,0,2,0,2" ten="250,250,250,250" oya="0" hai0="81,40,65,91,50,133,106,5,3,98,69,90,110" hai1="85,89,9,41,32,39,7,49,35,72,23,78,15" hai2="63,121,126,83,64,11,99,26,18,113,115,17,46" hai3="34,93,8,112,58,96,30,43,134,87,54,102,82"/><T120/><D120/><U45/><E72/><V73/><F121/><W36/><G112/><T61/><D133/><U25/><E78/><V13/><F126/><W56/><G134/><T29/><D29/><U60/><E60/><V71/><F99/><W76/><G30/><T88/><D110/><U125/><E39/><V51/><F73/><W33/><G56/><T75/><D75/><U22/><E125/><V1/><F1/><W104/><G43/><T127/><D127/><U130/><E130/><V27/><F83/><W44/><G44/><T84/><D106/><U12/><E12/><V79/><F79/><W103/><G36/><T0/><D98/><U55/><E55/><V77/><F77/><W16/><G102/><T4/><D3/><U48/><E48/><V53/><REACH who="2" step="1"/><F18/><REACH who="2" ten="250,250,240,250" step="2"/><W21/><G104/><T135/><D135/><U132/><E132/><V116/><F116/><W14/><REACH who="3" step="1"/><G8/><REACH who="3" ten="250,250,240,240" step="2"/><T118/><D118/><U74/><E74/><V68/><F68/><W66/><G66/><T97/><D65/><U114/><E114/><AGARI ba="0,2" hai="11,13,17,26,27,46,51,53,63,64,71,113,114,115" machi="114" ten="40,1300,0" yaku="1,1,53,0" doraHai="2" doraHaiUra="131" who="2" fromWho="1" sc="250,0,250,-13,240,33,240,0" /><INIT seed="1,0,0,2,5,112" ten="250,237,273,240" oya="1" hai0="48,11,66,76,134,135,52,45,77,32,35,106,22" hai1="57,4,78,86,64,92,24,18,36,93,90,26,120" hai2="123,63,19,98,131,128,87,33,113,104,116,75,132" hai3="67,94,30,60,114,28,118,84,2,31,71,129,109"/><U47/><E120/><V127/><RYUUKYOKU type="yao9" ba="0,0" sc="250,0,237,0,273,0,240,0" hai2="19,33,63,75,87,98,104,113,116,123,127,128,131,132" /><INIT seed="1,1,0,5,0,25" ten="250,237,273,240" oya="1" hai0="135,47,129,92,114,82,86,48,122,75,2,127,103" hai1="54,74,7,23,99,3,126,43,6,73,33,19,58" hai2="26,45,91,60,66,119,61,81,55,121,28,64,41" hai3="5,101,112,120,20,102,85,15,97,123,95,80,32"/><U109/><E33/><V78/><F121/><W12/><G32/><T36/><D2/><U31/><E126/><V18/><F119/><W34/><G34/><T21/><D36/><U46/><E109/><V105/><F105/><W89/><G112/><T4/><D114/><U84/><E99/><V96/><F18/><N who="3" m="10311" /><G123/><T1/><D75/><U93/><E73/><V22/><F96/><W57/><G120/><T0/><D122/><U35/><E74/><V69/><F91/><N who="3" m="51623" /><G57/><T87/><D127/><U24/><E3/><V8/><F8/><AGARI ba="1,0" hai="5,8,15,89,95,97,101,102" m="51623,10311" machi="8" ten="30,1000,0" yaku="8,1" doraHai="25" who="3" fromWho="2" sc="250,0,237,0,273,-13,240,13" /><INIT seed="2,0,0,3,3,107" ten="250,237,260,253" oya="2" hai0="38,9,26,87,120,106,2,57,110,100,7,131,98" hai1="101,31,13,118,94,66,12,105,86,48,24,65,50" hai2="30,15,132,75,47,53,91,74,102,81,124,68,8" hai3="45,22,21,34,51,119,35,104,4,52,133,83,25"/><V42/><F68/><W70/><G70/><T11/><D120/><U69/><E118/><V115/><F115/><W121/><G104/><T16/><D131/><U96/><E69/><V126/><F102/><W122/><G119/><T88/><D38/><U36/><E36/><V29/><F132/><W67/><G67/><T55/><D110/><U82/><E105/><V135/><F135/><W125/><G133/><T72/><D72/><N who="2" m="27690" /><F53/><W99/><G4/><T95/><D26/><U64/><E48/><N who="2" m="26743" /><F91/><W5/><G5/><T61/><D11/><U79/><REACH who="1" step="1"/><E50/><REACH who="1" ten="250,227,260,253" step="2"/><V134/><F134/><W97/><G51/><T80/><D106/><U84/><E84/><V6/><F81/><W37/><G83/><T116/><D116/><U77/><E77/><V111/><F111/><W46/><G37/><T19/><AGARI ba="0,1" hai="2,7,9,16,19,55,57,61,80,87,88,95,98,100" machi="19" ten="30,4000,0" yaku="0,1,54,2" doraHai="107" who="0" fromWho="0" sc="250,50,227,-10,260,-20,253,-10" /><INIT seed="3,0,0,5,0,55" ten="300,217,240,243" oya="3" hai0="84,22,2,50,15,97,78,37,42,79,96,117,63" hai1="113,65,135,68,74,59,80,40,106,86,134,71,57" hai2="109,5,127,72,47,61,111,99,121,10,132,101,73" hai3="30,91,133,34,33,6,92,66,38,98,51,26,23"/><W32/><G38/><T9/><D37/><U14/><E74/><V102/><F132/><N who="1" m="50729" /><E106/><V24/><F127/><W131/><G133/><T48/><D2/><U62/><E113/><V20/><F121/><W60/><G6/><N who="0" m="3511" /><D117/><U31/><E71/><V76/><F47/><W88/><G131/><T89/><D63/><U54/><E40/><V70/><F70/><W49/><REACH who="3" step="1"/><G91/><REACH who="3" ten="300,217,240,233" step="2"/><T110/><D89/><N who="1" m="51399" /><E31/><V128/><F128/><W44/><G44/><T0/><D79/><U1/><E1/><V53/><F76/><W58/><AGARI ba="0,1" hai="23,26,30,32,33,34,49,51,58,60,66,88,92,98" machi="58" ten="30,12000,1" yaku="1,1,0,1,52,1,54,1,53,1" doraHai="55" doraHaiUra="21" who="3" fromWho="3" sc="300,-40,217,-40,240,-40,233,130" owari="260,6.0,177,-32.0,200,-20.0,363,46.0" /></mjloggm>