<mjloggm ver="2.3"><GO type="169" lobby="0"/><UN n0="%E5%8F%A4%E5%B7%9D%E8%AA%A0%E5%A4%AA%E9%83%8E" n1="%E5%83%95%E3%83%A2%E3%83%8E%E3%82%AF%E3%83%9E%E3%81%86%E3%81%B7%E3%81%B7" n2="%E3%82%A6%E3%83%AB%E3%83%88%E3%83%A9%E7%AB%8B%E7%9B%B4" n3="%43%52%41%5A%59%42%45%45" dan="17,17,16,17" rate="2150.65,2185.10,2122.25,2139.28" sx="M,M,M,M"/><TAIKYOKU oya="0"/><INIT seed="0,0,0,2,5,38" ten="250,250,250,250" oya="0" hai0="84,41,66,65,101,130,113,93,16,135,86,48,15" hai1="10,80,116,95,105,88,37,39,44,103,104,67,9" hai2="46,96,36,45,83,33,6,49,72,119,90,18,70" hai3="132,60,126,28,115,122,47,43,107,22,73,85,75"/><T62/><D113/><U32/><E32/><V79/><F119/><W74/><G115/><T13/><D130/><U0/><E116/><V128/><F128/><W120/><G107/><T109/><D13/><U52/><E67/><N who="0" m="25609" /><D135/><U55/><E80/><V89/><F70/><W91/><G60/><T30/><D62/><U23/><E23/><V12/><F33/><W59/><G59/><T78/><D30/><U42/><E39/><V27/><F27/><N who="3" m="16503" /><G132/><T1/><D1/><U24/><E24/><V8/><F18/><W69/><G126/><T108/><D78/><U57/><E103/><V14/><F12/><W127/><G127/><T4/><D4/><U40/><E104/><V63/><F63/><W87/><G91/><T92/><D101/><U112/><E105/><V35/><F35/><W114/><G69/><T20/><D86/><N who="1" m="52631" /><E112/><V124/><F124/><W106/><G106/><T29/><D29/><U134/><E134/><V25/><F25/><W94/><G114/><T50/><D84/><N who="3" m="32329" /><G94/><N who="0" m="36459" /><D50/><N who="1" m="28743" /><E37/><V53/><F96/><W131/><G131/><T118/><D118/><U21/><E0/><V17/><F6/><W99/><G99/><T125/><D125/><U64/><E64/><V81/><F81/><W58/><G74/><T76/><D76/><U31/><E31/><V2/><F2/><W98/><G98/><T34/><D34/><U121/><E121/><V54/><F36/><N who="3" m="21991" /><G75/><T77/><D77/><U133/><E133/><V100/><F100/><W3/><G73/><T123/><D123/><N who="3" m="47145" /><G3/><T26/><D26/><U5/><E5/><V102/><F102/><W61/><G61/><RYUUKYOKU ba="0,0" sc="250,10,250,-30,250,10,250,10" hai0="15,16,20,41,48,108,109" hai2="8,14,17,45,46,49,53,54,72,79,83,89,90" hai3="58" /><INIT seed="0,1,0,4,5,38" ten="260,220,260,260" oya="0" hai0="48,36,67,10,35,6,86,21,11,94,118,71,64" hai1="110,80,81,60,61,16,104,112,51,82,85,40,134" hai2="24,28,89,43,121,91,25,46,53,114,65,131,34" hai3="50,87,75,37,18,123,90,20,107,56,129,26,39"/><T14/><D36/><U83/><E104/><V125/><F121/><W44/><G75/><T130/><D35/><U59/><E110/><V42/><F114/><W0/><G107/><T47/><D118/><U102/><E134/><V132/><F132/><W119/><G119/><T126/><D126/><U15/><E102/><V78/><F125/><W122/><G0/><T12/><D71/><U101/><E101/><V7/><F131/><W98/><G98/><T117/><D21/><U79/><E112/><V4/><F65/><W73/><G73/><T84/><D117/><U113/><E113/><V66/><F66/><N who="0" m="25130" /><D94/><U27/><E27/><N who="2" m="10315" /><F78/><W22/><G22/><T13/><D130/><U19/><E19/><V72/><F72/><W41/><G129/><T30/><D30/><U116/><E116/><V23/><F23/><W77/><G77/><T124/><D124/><U120/><E120/><N who="3" m="46122" /><G56/><T63/><D63/><U133/><E133/><V69/><F69/><W9/><G9/><N who="0" m="3083" /><D6/><N who="2" m="2090" /><F34/><W76/><G76/><T97/><D97/><U74/><E74/><V17/><F17/><W45/><G45/><T111/><D111/><U68/><E68/><V115/><F28/><W8/><G8/><T99/><D99/><U100/><E59/><V33/><F33/><W93/><AGARI ba="1,0" hai="18,20,26,37,39,41,44,50,87,90,93" m="46122" machi="93" ten="30,2000,0" yaku="13,1,52,1" doraHai="38" who="3" fromWho="3" sc="260,-11,220,-6,260,-6,260,23" /><INIT seed="1,0,0,1,5,4" ten="249,214,254,283" oya="1" hai0="87,1,45,51,128,27,19,89,26,44,125,124,73" hai1="82,32,121,18,91,38,15,72,62,67,117,81,46" hai2="57,65,79,70,86,103,10,47,123,13,60,97,105" hai3="112,59,88,101,135,102,114,53,12,25,99,94,116"/><U34/><E117/><V118/><F123/><W7/><G116/><T113/><D113/><U14/><E121/><V55/><F118/><W83/><G135/><T95/><D73/><U84/><E15/><V126/><F126/><N who="0" m="48746" /><D1/><U92/><E46/><V8/><F47/><W6/><G114/><T74/><D74/><U9/><E38/><V63/><REACH who="2" step="1"/><F13/><REACH who="2" ten="249,214,244,283" step="2"/><W64/><G12/><T111/><D45/><U54/><E54/><V39/><F39/><W56/><G112/><T120/><D120/><U37/><E37/><V80/><AGARI ba="0,1" hai="8,10,55,57,60,63,65,70,79,80,86,97,103,105" machi="80" ten="30,7900,0" yaku="1,1,0,1,52,2,53,0" doraHai="4" doraHaiUra="24" who="2" fromWho="2" sc="249,-20,214,-39,244,89,283,-20" /><INIT seed="2,0,0,5,2,99" ten="229,175,333,263" oya="2" hai0="125,47,88,82,17,56,60,20,75,42,13,15,32" hai1="53,92,29,105,66,132,87,95,14,50,71,129,77" hai2="68,116,51,85,44,54,31,123,49,63,106,97,39" hai3="80,122,36,46,58,89,115,90,28,84,43,59,76"/><V18/><F123/><W30/><G122/><T21/><D32/><U65/><E105/><V81/><F116/><W4/><G4/><T5/><D125/><U93/><E129/><V100/><F39/><W133/><G133/><T52/><D75/><U16/><E132/><V134/><F134/><W34/><G115/><T12/><D5/><U112/><E112/><V72/><F72/><W114/><G114/><T104/><D104/><U27/><E71/><V113/><F113/><W40/><G34/><T128/><D128/><U55/><E77/><V37/><F31/><W7/><G7/><T19/><D12/><U2/><E2/><V121/><F121/><W118/><G118/><T111/><D111/><U70/><E70/><V124/><F124/><W69/><G69/><T120/><D120/><U107/><E107/><V0/><F0/><W6/><G6/><T103/><D103/><U9/><E87/><V22/><F37/><W48/><G36/><T38/><REACH who="0" step="1"/><D88/><REACH who="0" ten="219,175,333,263" step="2"/><U23/><REACH who="1" step="1"/><E55/><REACH who="1" ten="219,165,333,263" step="2"/><V127/><F54/><N who="3" m="29975" /><G76/><T94/><D94/><U10/><E10/><V26/><F127/><W8/><G8/><T41/><D41/><U57/><AGARI ba="0,2" hai="9,14,16,23,27,29,50,53,57,65,66,92,93,95" machi="57" ten="30,7900,0" yaku="1,1,0,1,8,1,54,1,53,0" doraHai="99" doraHaiUra="131" who="1" fromWho="1" sc="219,-20,165,99,333,-39,263,-20" /><INIT seed="3,0,0,1,2,22" ten="199,264,294,243" oya="3" hai0="110,116,36,129,52,54,81,130,17,34,65,80,74" hai1="42,31,75,133,6,85,83,122,91,26,70,11,105" hai2="38,55,114,25,123,32,127,13,59,87,76,104,10" hai3="46,66,118,30,135,61,71,3,90,115,44,64,77"/><W43/><G118/><T58/><D34/><U14/><E122/><V97/><F38/><W89/><G115/><T45/><D110/><U108/><E108/><V56/><F114/><W0/><G77/><T79/><D116/><U72/><E105/><V131/><F56/><W106/><G106/><T132/><D132/><U63/><E133/><V94/><F104/><W2/><G135/><T88/><D17/><U40/><E75/><V100/><F127/><W103/><G103/><T84/><D65/><U53/><E72/><V86/><F131/><N who="0" m="50186" /><D58/><U124/><E124/><V99/><F99/><W48/><G66/><T41/><AGARI ba="0,0" hai="36,41,45,52,54,74,79,80,81,84,88" m="50186" machi="41" ten="30,4000,0" yaku="19,1,54,2" doraHai="22" who="0" fromWho="0" sc="199,40,264,-10,294,-10,243,-20" /><INIT seed="4,0,0,0,1,79" ten="239,254,284,223" oya="0" hai0="6,101,32,87,104,73,105,43,83,46,70,85,18" hai1="121,95,27,35,10,42,2,126,80,94,120,49,124" hai2="23,90,133,88,19,92,31,14,125,116,41,51,52" hai3="129,11,123,44,93,60,15,115,12,134,37,118,34"/><T53/><D70/><U127/><E42/><V0/><F0/><W72/><G118/><T63/><D32/><U82/><E49/><V112/><F125/><W62/><G34/><T108/><D87/><U78/><E78/><V26/><F133/><W55/><G72/><T54/><D73/><U68/><E68/><V20/><F116/><W38/><G115/><T5/><D108/><U86/><E86/><V130/><F112/><W21/><G129/><T106/><D18/><U17/><E95/><V16/><F130/><W109/><G109/><T66/><D101/><U107/><E94/><V132/><F132/><W22/><G134/><T111/><D66/><U69/><E69/><V57/><F41/><W30/><G123/><N who="1" m="47178" /><E107/><V36/><F36/><W81/><G93/><T64/><D64/><U7/><E17/><N who="2" m="10295" /><F90/><W59/><G38/><T131/><D131/><U48/><E48/><V117/><F117/><W113/><G37/><T91/><D111/><U98/><E98/><AGARI ba="0,0" hai="16,19,23,26,31,51,52,57,88,92,98" m="10295" machi="98" ten="30,7700,0" yaku="8,1,54,3" doraHai="79" who="2" fromWho="1" sc="239,0,254,-77,284,77,223,0" /><INIT seed="5,0,0,2,4,11" ten="239,177,361,223" oya="1" hai0="92,96,14,36,129,69,114,48,18,37,103,111,3" hai1="2,65,8,120,93,124,101,39,76,102,7,132,57" hai2="72,98,113,110,12,79,78,40,97,105,20,66,38" hai3="10,122,35,81,5,126,6,89,32,31,104,50,9"/><U125/><E120/><V123/><F123/><W30/><G122/><T135/><D111/><U46/><E132/><V16/><F110/><W44/><G104/><T82/><D3/><U80/><E65/><V67/><F113/><W34/><G81/><T24/><D69/><U91/><E57/><V1/><F1/><N who="3" m="175" /><G89/><T74/><D129/><U94/><E94/><V61/><F67/><W128/><G50/><T118/><D114/><U41/><E125/><V58/><F38/><W88/><G88/><T83/><D118/><U106/><E106/><V119/><F119/><W116/><G44/><T53/><D24/><U117/><E117/><V49/><F72/><W75/><G75/><T109/><D109/><U127/><E127/><V56/><F105/><W15/><G116/><T23/><D135/><U33/><E33/><N who="3" m="12906" /><G126/><T19/><D74/><U95/><E124/><V107/><F107/><W62/><G62/><T29/><D37/><U42/><E42/><V13/><F40/><W43/><G43/><T28/><D36/><U25/><E95/><V59/><F56/><W47/><G47/><N who="0" m="27807" /><D83/><U54/><E54/><V0/><F49/><W84/><G84/><T130/><D82/><U4/><E80/><V121/><F59/><W27/><G128/><T131/><D19/><U64/><E76/><V90/><F79/><W55/><G55/><T87/><D87/><N who="1" m="52479" /><E64/><V45/><F66/><W70/><G70/><T86/><D86/><U60/><E60/><V77/><F61/><W99/><G99/><N who="2" m="37897" /><F121/><W22/><G35/><T21/><D131/><U71/><E71/><V100/><F78/><RYUUKYOKU ba="0,0" sc="239,-10,177,-10,361,-10,223,30" hai3="6,10,15,22,27,30,31" /><INIT seed="6,1,0,5,1,24" ten="229,167,351,253" oya="2" hai0="87,17,72,128,91,25,66,2,86,73,6,77,83" hai1="51,130,40,85,69,94,129,47,39,117,38,90,15" hai2="127,43,76,88,11,123,122,5,124,28,103,80,10" hai3="132,96,84,110,45,116,109,26,98,93,113,14,119"/><V63/><F103/><W105/><G45/><T104/><D104/><U65/><E117/><N who="3" m="45130" /><G14/><T99/><D128/><U112/><E112/><V48/><F48/><W68/><G26/><T114/><D114/><U12/><E12/><V44/><F44/><W107/><G68/><T49/><D66/><U102/><E102/><V4/><F43/><W35/><G35/><T37/><D37/><U9/><E65/><V64/><F63/><W70/><G70/><T106/><D49/><U56/><E69/><V34/><F11/><W101/><G113/><T36/><D36/><U0/><E0/><V78/><F10/><W81/><G132/><T60/><D60/><U74/><E74/><V100/><F4/><W3/><G3/><T27/><D6/><U79/><E79/><V33/><F5/><W20/><G20/><T7/><D7/><U126/><E126/><V1/><F127/><W57/><G57/><T13/><D2/><U16/><REACH who="1" step="1"/><E39/><REACH who="1" ten="229,157,351,253" step="2"/><V54/><F124/><W125/><G125/><T21/><D73/><U121/><E121/><V115/><F123/><W133/><G101/><N who="0" m="62783" /><D72/><U52/><AGARI ba="1,1" hai="9,15,16,38,40,47,51,52,56,85,90,94,129,130" machi="52" ten="30,7900,0" yaku="1,1,0,1,54,2,53,0" doraHai="24" doraHaiUra="131" who="1" fromWho="1" sc="229,-21,157,92,351,-40,253,-21" /><INIT seed="7,0,0,2,5,28" ten="208,249,311,232" oya="3" hai0="76,6,123,94,17,62,24,1,32,118,30,39,101" hai1="35,46,129,31,113,104,65,131,103,33,23,97,36" hai2="107,109,19,100,90,66,83,130,7,61,124,34,53" hai3="40,72,63,22,88,114,71,49,132,91,92,2,57"/><W119/><G119/><T12/><D118/><U77/><E77/><V54/><F7/><W44/><G2/><T122/><D76/><U85/><E85/><V69/><F19/><W20/><G72/><T14/><D39/><U60/><E23/><N who="3" m="8746" /><G71/><T11/><D62/><U78/><E78/><V45/><F107/><W110/><G114/><T4/><D94/><U98/><E98/><V3/><F3/><W25/><G132/><T52/><D101/><U125/><E31/><V86/><F69/><W75/><G75/><T96/><D96/><U134/><E125/><V116/><F124/><W80/><G110/><T15/><D52/><U79/><E79/><V0/><F0/><W93/><G25/><N who="0" m="18511" /><D6/><U133/><E113/><V117/><F100/><W42/><G42/><T95/><D95/><N who="3" m="36425" /><G80/><T120/><D24/><U102/><E102/><V68/><F83/><W5/><G5/><T26/><D26/><U8/><E134/><V29/><F117/><W121/><G121/><T126/><D126/><U73/><E133/><V99/><F116/><W70/><G70/><T16/><AGARI ba="0,0" hai="1,4,11,12,14,15,16,17,120,122,123" m="18511" machi="16" ten="40,8000,1" yaku="34,2,52,1,54,1" doraHai="28" who="0" fromWho="0" sc="208,80,249,-20,311,-20,232,-40" /><INIT seed="8,0,0,2,2,96" ten="288,229,291,192" oya="0" hai0="4,60,89,116,58,91,117,53,109,13,46,26,35" hai1="118,85,90,33,126,22,77,8,32,93,66,76,31" hai2="75,28,27,113,94,61,127,87,40,124,65,86,73" hai3="42,54,1,84,103,29,52,19,98,47,57,3,104"/><T5/><D109/><U34/><E126/><N who="2" m="48171" /><F40/><W21/><G29/><T107/><D107/><U45/><E118/><V20/><F113/><W82/><G54/><T49/><D117/><U128/><E128/><V120/><F120/><W72/><G72/><N who="2" m="27721" /><F94/><W106/><G106/><T122/><D122/><U56/><E45/><V92/><F92/><W15/><G47/><T95/><D116/><U43/><E43/><V59/><AGARI ba="0,0" hai="20,27,28,59,61,65,86,87" m="27721,48171" machi="59" ten="30,1100,0" yaku="18,1" doraHai="96" who="2" fromWho="2" sc="288,-5,229,-3,291,11,192,-3" owari="283,8.0,226,-17.0,302,40.0,189,-31.0" /></mjloggm>