<mjloggm ver="2.3"><GO type="97" lobby="0"/><UN n0="%E5%B0%B1%E6%B4%BB%E7%94%9F%40%E5%B7%9D%E6%9D%91%E8%BB%8D%E5%9B%A3" n1="%E6%B6%88%E7%81%AB%E5%99%A8" n2="%5A%45%54%41%2E%2E" n3="%E4%B8%89%E3%83%B6%E5%B3%B6%E6%B2%99%E6%A8%B9" dan="16,16,15,14" rate="2073.11,1997.36,2004.40,1887.90" sx="M,M,M,F"/><TAIKYOKU oya="0"/><INIT seed="0,0,0,0,0,107" ten="250,250,250,250" oya="0" hai0="66,129,44,110,108,100,38,114,3,47,4,26,101" hai1="118,111,124,90,21,54,130,105,17,48,34,131,28" hai2="50,134,116,43,62,70,89,30,10,127,6,135,121" hai3="63,33,94,64,132,49,59,88,9,5,117,92,85"/><T83/><D114/><U71/><E111/><N who="0" m="42537" /><D129/><N who="1" m="49163" /><E124/><V19/><F121/><W42/><G117/><T77/><D66/><U95/><E105/><V25/><F127/><W113/><G113/><T112/><D112/><U35/><E28/><V80/><F116/><W45/><G33/><T56/><D56/><N who="1" m="32839" /><E71/><V120/><F120/><W106/><G106/><T72/><D26/><N who="1" m="14639" /><E118/><V74/><F70/><W126/><G132/><T20/><D20/><U39/><E39/><V14/><F19/><W96/><G126/><T125/><D125/><U128/><N who="1" m="49171" /><U91/><DORA hai="84" /><E91/><V123/><F123/><W7/><REACH who="3" step="1"/><G9/><REACH who="3" ten="250,250,250,240" step="2"/><N who="0" m="2207" /><D44/><U119/><E119/><V86/><F135/><W53/><G53/><T15/><D15/><U67/><E67/><V23/><F134/><W82/><G82/><T1/><D47/><U36/><E36/><V8/><F8/><W0/><G0/><T22/><D1/><U55/><E55/><V57/><F10/><W76/><G76/><T65/><D38/><U115/><E115/><V58/><F14/><W51/><G51/><T102/><D22/><U68/><E68/><V40/><F50/><W52/><G52/><T75/><D65/><U27/><E34/><V133/><F133/><W29/><G29/><T16/><D16/><U97/><E35/><V41/><F23/><W32/><G32/><T60/><D60/><U78/><E27/><V11/><F62/><W13/><G13/><T69/><D69/><U99/><E78/><V93/><F30/><W104/><G104/><T12/><D12/><U2/><E2/><N who="2" m="471" /><F25/><W18/><G18/><T122/><D122/><RYUUKYOKU ba="0,1" sc="250,0,250,0,250,0,240,0" hai0="72,75,77,83,100,101,102" hai1="90,95,97,99" hai2="40,41,43,57,58,74,80,86,89,93" hai3="5,7,42,45,49,59,63,64,85,88,92,94,96" /><INIT seed="0,1,1,0,3,33" ten="250,250,250,240" oya="0" hai0="30,5,104,109,70,26,103,61,112,7,53,41,73" hai1="101,97,0,82,89,126,48,76,57,63,88,54,113" hai2="135,118,66,96,65,80,12,74,95,40,107,17,120" hai3="90,68,20,75,31,34,81,130,69,100,77,4,9"/><T14/><D112/><U56/><E126/><V116/><F120/><W125/><G130/><T8/><D73/><U38/><E0/><V32/><F32/><W11/><G125/><T46/><D109/><U43/><E38/><V94/><F107/><W86/><G34/><T72/><D72/><U27/><E27/><V131/><F40/><W52/><G100/><T50/><D5/><U10/><E10/><V35/><F35/><W23/><G11/><T19/><D103/><U67/><E43/><V84/><F74/><W44/><G68/><T24/><D104/><U15/><E15/><V29/><F29/><W114/><G69/><T83/><D83/><U71/><E71/><V87/><F131/><W13/><G114/><T36/><D30/><U28/><E28/><V115/><F115/><W3/><G13/><T128/><D128/><U21/><E21/><V79/><F87/><W1/><G1/><T127/><D127/><U105/><E113/><V123/><F123/><W6/><G6/><T108/><D108/><U98/><E98/><V92/><F135/><W122/><G122/><T39/><D7/><U121/><E121/><V18/><F18/><W99/><G99/><T102/><D102/><U16/><E16/><V47/><F47/><W134/><G134/><T58/><D36/><U124/><E124/><V62/><F96/><W78/><G31/><T60/><D60/><U132/><E132/><V129/><F129/><W133/><G133/><T119/><D119/><N who="2" m="45610" /><F62/><W25/><G25/><T51/><D39/><U2/><E2/><V55/><F55/><W91/><G52/><RYUUKYOKU ba="1,1" sc="250,10,250,10,250,10,240,-30" hai0="8,14,19,24,26,41,46,50,51,53,58,61,70" hai1="48,54,56,57,63,67,76,82,88,89,97,101,105" hai2="12,17,65,66,79,80,84,92,94,95" /><INIT seed="0,2,1,3,4,22" ten="260,260,260,210" oya="0" hai0="23,11,63,53,96,39,14,20,34,87,109,41,67" hai1="43,48,121,113,133,97,81,134,21,105,46,132,102" hai2="77,65,124,88,10,58,57,90,44,108,83,66,84" hai3="80,120,49,38,60,89,75,119,61,37,112,50,26"/><T2/><D34/><U72/><E121/><V101/><F108/><W18/><G75/><T9/><D109/><U125/><E125/><V28/><F124/><W17/><G112/><T99/><D39/><U116/><E116/><V79/><F101/><W100/><G119/><T92/><D41/><U71/><E71/><V70/><F70/><W126/><G120/><T30/><D2/><U12/><E113/><V54/><F10/><W52/><G126/><T7/><D11/><U3/><E3/><V117/><F117/><W130/><G130/><T93/><D53/><U94/><E105/><V6/><F6/><W128/><G128/><T131/><D131/><U78/><E21/><V8/><F8/><W25/><G89/><T129/><D129/><U69/><E69/><V127/><F127/><W123/><G123/><T36/><D36/><N who="3" m="13929" /><G80/><T27/><D23/><U95/><E95/><N who="0" m="36425" /><D87/><U29/><E12/><V16/><F44/><N who="3" m="27687" /><G100/><T5/><D5/><U59/><E59/><AGARI ba="2,1" hai="7,9,14,20,27,30,59,63,67,96,99" m="36425" machi="59" ten="30,2900,0" yaku="8,1,52,1" doraHai="22" who="0" fromWho="1" sc="260,45,260,-35,260,0,210,0" /><INIT seed="0,3,0,1,0,16" ten="305,225,260,210" oya="0" hai0="14,3,26,12,18,10,6,58,78,102,122,88,105" hai1="120,55,110,32,5,80,59,60,108,30,75,114,121" hai2="79,111,69,67,20,132,92,36,8,54,9,125,86" hai3="77,41,130,15,25,97,134,106,64,127,13,28,103"/><T45/><D122/><U100/><E100/><V99/><F36/><W74/><G130/><T1/><D78/><N who="1" m="44127" /><E5/><V112/><F112/><W49/><G127/><T4/><D105/><U90/><E90/><V52/><F111/><N who="1" m="42537" /><E114/><V61/><F132/><W29/><G134/><T23/><D102/><U113/><E113/><V82/><F125/><W2/><G2/><T123/><D123/><U76/><E76/><V46/><F46/><N who="3" m="25807" /><G64/><T119/><D119/><U89/><E89/><V19/><F8/><W22/><G29/><T66/><D45/><U83/><E83/><V11/><F11/><W33/><G33/><T133/><D133/><U42/><E42/><V27/><F9/><W50/><G50/><T115/><D115/><U34/><E34/><V56/><F69/><W31/><G31/><T131/><D131/><U62/><E62/><V135/><F135/><W128/><G128/><T93/><D66/><U24/><AGARI ba="3,0" hai="24,30,32,55,59,60,120,121" m="42537,44127" machi="24" ten="30,1100,0" yaku="14,1" doraHai="16" who="1" fromWho="1" sc="305,-8,225,20,260,-6,210,-6" /><INIT seed="1,0,0,5,0,117" ten="297,245,254,204" oya="1" hai0="133,110,94,5,3,106,44,23,16,123,34,118,55" hai1="93,43,108,53,65,70,76,128,9,91,95,73,35" hai2="111,134,51,10,39,131,54,86,119,14,90,57,88" hai3="98,12,60,102,126,104,97,19,129,114,107,82,74"/><U72/><E35/><V30/><F119/><W67/><G114/><T84/><D106/><U99/><E128/><V56/><F39/><W81/><G129/><T8/><D118/><U49/><E43/><V7/><F131/><W68/><G126/><T63/><D110/><U127/><E127/><V75/><F75/><W24/><G74/><T78/><D34/><U2/><E108/><V79/><F111/><W80/><G24/><T40/><D133/><U33/><E33/><V85/><F134/><W58/><G68/><T11/><D11/><U87/><E65/><V100/><F100/><W15/><REACH who="3" step="1"/><G19/><REACH who="3" ten="297,245,254,194" step="2"/><T20/><D16/><U46/><E70/><V50/><F30/><W96/><G96/><T103/><D103/><AGARI ba="0,1" hai="12,15,58,60,67,80,81,82,97,98,102,103,104,107" machi="103" ten="40,2600,0" yaku="1,1,9,1,53,0" doraHai="117" doraHaiUra="26" who="3" fromWho="0" sc="297,-26,245,0,254,0,194,36" /><INIT seed="2,0,0,2,5,118" ten="271,245,254,230" oya="2" hai0="67,19,21,127,49,80,57,30,91,63,134,128,76" hai1="3,74,11,72,29,9,117,32,14,62,78,89,120" hai2="119,4,41,103,44,66,106,98,36,84,82,2,75" hai3="26,101,6,112,87,20,92,33,34,37,54,114,102"/><V5/><F119/><W129/><G37/><T61/><D128/><U86/><E117/><V31/><F66/><W46/><G6/><T56/><D134/><U68/><E78/><N who="2" m="44383" /><F31/><N who="3" m="17863" /><G129/><T71/><D127/><U107/><E107/><V60/><F60/><W58/><G46/><T22/><D30/><U51/><E3/><V0/><F5/><W110/><G110/><T27/><D91/><U116/><E116/><V45/><F84/><W77/><G33/><T23/><D49/><U42/><E51/><V123/><F45/><W124/><G34/><T111/><D111/><U10/><E42/><V73/><F73/><W59/><G124/><T121/><D121/><U18/><E72/><V55/><F55/><W132/><G132/><T126/><D126/><U81/><E74/><V52/><F52/><W15/><G15/><T50/><D50/><U70/><E120/><V115/><F115/><N who="3" m="44075" /><G58/><T95/><D71/><U28/><E68/><V7/><F7/><W131/><G131/><T135/><D135/><U122/><E122/><V125/><F125/><W47/><G47/><T38/><D57/><U43/><E43/><V12/><F12/><W25/><G25/><T53/><D56/><U97/><E32/><V13/><F13/><W40/><G40/><T88/><D27/><U24/><E24/><V69/><F123/><W93/><G93/><T90/><D95/><N who="1" m="56559" /><E29/><V85/><F69/><W17/><G17/><T94/><D94/><U109/><E28/><V83/><F4/><W48/><G92/><T16/><D38/><U104/><E70/><V100/><F100/><W79/><G79/><AGARI ba="0,0" hai="0,2,36,41,44,79,83,85,98,103,106" m="44383" machi="79" ten="30,1500,0" yaku="6,1" doraHai="118" who="2" fromWho="3" sc="271,0,245,0,254,15,230,-15" /><INIT seed="2,1,0,2,0,119" ten="271,245,269,215" oya="2" hai0="82,58,26,21,106,125,0,48,88,32,66,134,22" hai1="113,97,135,42,78,114,59,131,80,36,91,15,70" hai2="54,34,127,124,102,107,112,31,72,7,73,60,53" hai3="52,56,111,16,5,1,130,89,6,128,35,115,92"/><V14/><F112/><W67/><G115/><T129/><D106/><U96/><E70/><V3/><F3/><W45/><G35/><T109/><D0/><U75/><E59/><V87/><F87/><N who="3" m="52287" /><G1/><T29/><D109/><U4/><E36/><V65/><F14/><W117/><G117/><T99/><D129/><N who="3" m="49769" /><G111/><T38/><D38/><U47/><E15/><V68/><F7/><W19/><G67/><T103/><D125/><N who="2" m="48202" /><F54/><W63/><G45/><T121/><D134/><U43/><E47/><V44/><F44/><W41/><G41/><T39/><D39/><U55/><E55/><V77/><F53/><W49/><G49/><T108/><D48/><U126/><E126/><V104/><F77/><W110/><G110/><T57/><D66/><U2/><E131/><V93/><F93/><W37/><G37/><T74/><D108/><U12/><E2/><V10/><F10/><W23/><G19/><T11/><D58/><U133/><E113/><V25/><F107/><W51/><G63/><T123/><D57/><U76/><E114/><V27/><F27/><AGARI ba="1,0" hai="5,6,16,23,27,51,52,56" m="49769,52287" machi="27" ten="30,3900,0" yaku="19,1,54,2" doraHai="119" who="3" fromWho="2" sc="271,0,245,0,269,-42,215,42" /><INIT seed="3,0,0,5,2,68" ten="271,245,227,257" oya="3" hai0="55,95,26,122,127,63,105,3,48,82,124,101,56" hai1="24,108,90,71,72,39,128,110,61,134,119,117,1" hai2="86,120,12,106,58,84,30,38,69,73,9,118,91" hai3="135,104,111,65,76,129,11,8,17,43,99,92,52"/><W44/><G104/><T59/><D105/><U133/><E1/><V31/><F73/><W40/><G129/><T2/><D122/><U97/><E72/><V83/><F118/><N who="1" m="45065" /><E24/><V70/><F106/><W107/><G107/><T79/><D26/><U62/><E128/><V96/><F96/><W16/><G135/><N who="1" m="51722" /><E71/><V15/><F120/><W50/><G76/><T125/><D95/><N who="1" m="56567" /><E39/><V60/><F38/><W20/><G65/><N who="0" m="39143" /><D101/><U103/><E103/><V85/><F70/><W4/><G111/><AGARI ba="0,0" hai="61,62,108,110,111" m="56567,51722,45065" machi="111" ten="40,5200,0" yaku="14,1,12,1,20,1" doraHai="68" who="1" fromWho="3" sc="271,0,245,52,227,0,257,-52" /><INIT seed="4,0,0,3,3,76" ten="271,297,227,205" oya="0" hai0="9,120,43,124,64,38,54,39,58,89,95,133,104" hai1="53,86,56,5,85,26,92,79,62,35,111,66,97" hai2="0,115,130,20,51,45,67,55,18,84,119,63,112" hai3="105,14,16,71,132,127,121,102,65,125,75,60,24"/><T36/><D104/><U6/><E111/><V44/><F130/><W29/><G132/><T93/><D120/><U74/><E74/><V30/><F0/><W98/><G75/><T134/><D124/><U78/><E26/><V101/><F30/><W94/><G94/><T57/><D43/><U113/><E35/><V27/><F101/><W68/><G68/><T106/><D106/><U17/><E17/><V3/><F3/><W2/><G2/><T4/><D64/><U123/><E113/><N who="2" m="43595" /><F119/><W108/><G108/><T1/><D93/><U88/><E66/><V109/><F109/><W122/><G122/><T22/><D22/><U10/><E10/><V21/><F20/><W31/><G121/><T46/><D46/><U52/><E53/><V90/><F45/><W42/><G42/><T114/><D114/><U69/><E123/><V41/><F41/><W80/><G80/><T19/><D19/><U70/><E6/><V32/><F32/><N who="3" m="20519" /><G31/><T50/><REACH who="0" step="1"/><D57/><REACH who="0" ten="261,297,227,205" step="2"/><U61/><E69/><V87/><F90/><W72/><G72/><T37/><N who="0" m="9728" /><DORA hai="103" /><T49/><D49/><N who="1" m="30735" /><E70/><AGARI ba="0,1" hai="18,21,27,44,51,55,63,67,70,84,87" m="43595" machi="70" ten="30,1000,0" yaku="15,1" doraHai="76,103" who="2" fromWho="1" sc="261,0,297,-10,227,20,205,0" /><INIT seed="5,0,0,0,1,87" ten="261,287,247,205" oya="1" hai0="14,64,100,97,74,5,92,88,7,77,18,78,115" hai1="102,24,34,57,67,81,31,94,11,119,101,76,127" hai2="82,32,13,27,55,66,22,114,104,124,68,36,126" hai3="10,130,39,103,112,99,58,132,79,111,70,2,40"/><U113/><E119/><V95/><F104/><W47/><G130/><T60/><D115/><U65/><E113/><V91/><F36/><W105/><G112/><T85/><D74/><U133/><E133/><V15/><F114/><W80/><G132/><T38/><D38/><U71/><E71/><V125/><F32/><W53/><G111/><T123/><D123/><U1/><E127/><V23/><F82/><W59/><G70/><T26/><D26/><U37/><E37/><V98/><F55/><W3/><G10/><N who="0" m="6487" /><D60/><U75/><E57/><V41/><F41/><W122/><G122/><T17/><D17/><U73/><E73/><V16/><F23/><W35/><G35/><T44/><D44/><U56/><E56/><V52/><F52/><W69/><G69/><T86/><D64/><U25/><E25/><V93/><F95/><W117/><G117/><T30/><D30/><U62/><E94/><V6/><F6/><N who="0" m="2058" /><D85/><U106/><E106/><V61/><AGARI ba="0,0" hai="13,15,16,22,27,61,66,68,91,93,98,124,125,126" machi="61" ten="40,8000,1" yaku="0,1,18,1,52,1,54,1" doraHai="87" who="2" fromWho="2" sc="261,-20,287,-40,247,80,205,-20" owari="241,-16.0,247,5.0,327,42.0,185,-31.0" /></mjloggm>