<mjloggm ver="2.3"><GO type="97" lobby="0"/><UN n0="%E6%8F%9B%E6%8F%9B%E6%84%9B" n1="%E5%B0%8F%E7%80%AC%E5%B7%9D" n2="%79%75%2D%72%61" n3="%E5%B0%B1%E6%B4%BB%E7%94%9F%40%E5%B7%9D%E6%9D%91%E8%BB%8D%E5%9B%A3" dan="14,15,15,14" rate="1976.76,1957.13,1915.49,2011.14" sx="M,F,M,M"/><TAIKYOKU oya="0"/><INIT seed="0,0,0,2,2,40" ten="250,250,250,250" oya="0" hai0="47,101,26,4,123,71,125,135,64,102,126,56,9" hai1="88,21,12,42,41,122,108,2,124,81,79,92,6" hai2="49,127,66,70,84,27,28,11,33,18,55,93,3" hai3="120,37,65,69,23,31,96,53,1,0,117,110,74"/><T50/><D123/><U83/><E122/><V7/><F127/><N who="0" m="48650" /><D135/><U76/><E2/><V60/><F84/><W29/><G74/><T130/><D130/><U107/><E107/><V112/><F93/><W59/><G37/><T132/><D132/><U100/><E108/><V43/><F112/><W94/><G110/><T98/><D98/><U19/><E124/><V35/><F43/><N who="1" m="16393" /><E100/><V61/><F60/><W77/><G77/><N who="1" m="29770" /><E6/><V118/><F118/><W20/><G69/><T48/><D26/><U68/><E68/><V17/><REACH who="2" step="1"/><F35/><REACH who="2" ten="250,250,240,250" step="2"/><W54/><G117/><T45/><D71/><U119/><E119/><V114/><F114/><W22/><G120/><T121/><D121/><U75/><E75/><V67/><F67/><W73/><G73/><T85/><D85/><AGARI ba="0,1" hai="12,19,21,81,83,85,88,92" m="29770,16393" machi="85" ten="30,2000,0" yaku="8,1,54,1" doraHai="40" who="1" fromWho="0" sc="250,-20,250,30,240,0,250,0" /><INIT seed="1,0,0,0,4,49" ten="230,280,240,250" oya="1" hai0="34,13,60,28,20,57,40,48,105,133,127,106,33" hai1="95,86,129,120,47,78,132,101,46,123,56,58,2" hai2="41,6,98,118,82,116,71,126,21,29,62,93,94" hai3="26,100,17,63,1,135,102,64,112,69,83,11,4"/><U77/><E2/><V30/><F126/><W80/><G112/><T103/><D127/><U107/><E107/><V16/><F6/><W113/><G113/><T131/><D131/><U111/><E129/><V36/><F36/><W18/><G135/><T72/><D72/><U109/><E132/><V45/><F82/><W50/><G83/><T70/><D70/><U54/><E101/><V51/><F118/><W81/><G81/><T19/><D133/><U99/><E99/><V92/><F116/><W7/><G7/><T89/><D103/><U35/><E35/><V76/><F76/><N who="1" m="29289" /><E95/><V37/><F37/><W88/><G50/><T59/><D59/><N who="1" m="22571" /><E86/><V91/><F98/><W110/><G110/><N who="1" m="41994" /><E54/><V115/><F115/><W14/><G100/><T52/><D106/><U12/><E12/><V42/><F42/><W121/><G102/><T23/><D105/><U79/><N who="1" m="29297" /><U134/><DORA hai="39" /><E134/><V5/><F5/><W97/><G97/><T53/><D89/><U8/><E8/><V44/><F91/><W31/><G1/><T68/><D68/><U22/><E22/><V104/><F104/><W61/><G88/><T128/><D128/><U96/><E96/><V75/><F75/><W87/><G80/><T9/><D9/><U122/><AGARI ba="0,0" hai="46,47,120,122,123" m="41994,22571,29297" machi="122" ten="50,12000,1" yaku="28,2,14,1,10,1" doraHai="49,39" who="1" fromWho="1" sc="230,-40,280,120,240,-40,250,-40" /><INIT seed="1,1,0,2,5,65" ten="190,400,200,210" oya="1" hai0="60,17,14,85,79,1,59,47,0,127,27,105,48" hai1="38,122,104,12,70,123,67,34,81,29,75,108,92" hai2="5,19,35,53,107,125,58,99,82,84,86,11,49" hai3="72,114,2,7,16,33,23,124,24,103,3,71,118"/><U91/><E104/><V110/><F110/><W112/><G72/><T30/><D105/><U98/><E38/><V93/><F125/><W89/><G103/><T69/><D127/><U100/><E108/><V121/><F35/><W4/><G89/><T106/><D106/><N who="1" m="63767" /><E12/><V50/><F107/><W10/><G71/><T21/><D79/><N who="1" m="44287" /><E91/><V56/><F121/><W42/><G42/><T55/><D85/><U63/><E92/><V120/><F120/><W57/><G57/><T45/><D45/><U117/><E117/><V20/><F5/><N who="3" m="2123" /><G124/><T113/><D113/><N who="3" m="43625" /><G118/><T54/><REACH who="0" step="1"/><D69/><REACH who="0" ten="180,400,200,210" step="2"/><U61/><E122/><V43/><F56/><W18/><G33/><AGARI ba="1,1" hai="0,1,14,17,21,27,30,33,47,48,54,55,59,60" machi="33" ten="30,3900,0" yaku="1,1,2,1,7,1,53,0" doraHai="65" doraHaiUra="109" who="0" fromWho="3" sc="180,52,400,0,200,0,210,-42" /><INIT seed="2,0,0,0,4,128" ten="232,400,200,168" oya="2" hai0="111,67,68,113,134,71,36,15,12,20,96,63,29" hai1="121,66,23,10,58,51,54,16,132,62,57,72,2" hai2="21,87,115,65,86,112,88,64,14,106,32,31,22" hai3="110,3,76,116,109,4,33,24,83,100,102,44,59"/><V19/><F32/><W103/><G116/><T82/><D36/><U13/><E132/><V135/><F106/><W81/><G33/><T41/><D113/><U70/><E72/><V93/><F135/><W125/><G24/><T5/><D41/><U39/><E121/><V97/><F115/><W1/><G59/><T55/><D134/><U90/><E90/><N who="2" m="55479" /><F112/><W105/><G105/><T99/><D111/><N who="3" m="42505" /><G44/><T26/><D71/><U40/><E2/><N who="3" m="522" /><G4/><T50/><D15/><U11/><E58/><V9/><F87/><W130/><G130/><T48/><D50/><U28/><E28/><V123/><F123/><W7/><G7/><T114/><D114/><U85/><E85/><V35/><F35/><W34/><G34/><T75/><D75/><U94/><REACH who="1" step="1"/><E94/><REACH who="1" ten="232,390,200,168" step="2"/><N who="2" m="54551" /><F31/><W119/><G119/><T42/><D29/><U43/><E43/><V89/><F89/><W53/><G76/><T92/><D42/><U37/><E37/><V108/><F108/><W95/><G95/><T131/><D92/><U74/><E74/><V18/><F9/><W127/><G53/><T73/><D55/><U120/><E120/><V78/><F78/><W126/><AGARI ba="0,1" hai="81,83,100,102,103,125,126,127" m="522,42505" machi="126" ten="50,8000,1" yaku="28,2,18,1,14,1" doraHai="128" who="3" fromWho="3" sc="232,-20,390,-20,200,-40,168,90" /><INIT seed="3,0,0,4,5,42" ten="212,370,160,258" oya="3" hai0="67,25,87,135,26,98,38,71,120,22,16,55,75" hai1="96,9,78,79,63,125,50,93,6,28,97,18,53" hai2="100,8,41,46,23,130,89,108,57,133,90,95,30" hai3="49,62,107,118,56,81,82,20,31,117,116,113,10"/><W19/><G107/><T52/><D120/><U114/><E114/><V102/><F108/><W103/><G113/><T59/><D75/><U88/><E125/><V58/><F133/><W115/><G115/><T5/><D38/><U134/><E28/><V13/><F130/><W123/><G123/><T43/><D135/><U64/><E18/><V11/><F23/><W86/><G103/><T60/><D43/><U70/><E134/><V1/><F1/><W131/><G131/><T27/><D5/><U36/><E97/><V7/><F30/><W69/><G69/><T84/><D98/><U32/><E36/><V127/><F127/><W37/><G37/><T80/><D87/><U65/><E32/><V111/><F111/><W105/><G105/><T126/><D126/><U128/><E64/><V54/><F8/><W124/><G31/><T112/><D112/><U77/><E128/><V48/><F89/><W68/><G10/><T34/><D34/><U21/><E21/><V94/><F94/><W109/><G109/><T4/><D4/><U74/><E74/><V15/><F15/><W0/><G0/><T17/><D17/><U3/><E77/><V121/><F121/><W24/><G19/><T73/><D73/><U119/><E119/><V40/><F40/><W29/><G124/><T12/><REACH who="0" step="1"/><D71/><REACH who="0" ten="202,370,160,258" step="2"/><U14/><E3/><V83/><F83/><W110/><G118/><T2/><D2/><U33/><E33/><V132/><F132/><W122/><G117/><T106/><D106/><U72/><E72/><V76/><F41/><W129/><G116/><T101/><D101/><RYUUKYOKU ba="0,1" sc="202,15,370,15,160,-15,258,-15" hai0="12,16,22,25,26,27,52,55,59,60,67,80,84" hai1="6,9,14,50,53,63,65,70,78,79,88,93,96" owari="217,-18.0,395,49.0,145,-35.0,243,4.0" /></mjloggm>