<mjloggm ver="2.3"><GO type="169" lobby="0"/><UN n0="%E2%98%85%E3%83%9B%E3%83%BC%E3%82%B9%E2%98%85" n1="%68%61%79%61%74%6F%E2%98%86" n2="%E5%B0%B1%E6%B4%BB%E7%94%9F%40%E5%B7%9D%E6%9D%91%E8%BB%8D%E5%9B%A3" n3="%E3%83%95%E3%82%A7%E3%83%AB%E3%83%A1%E3%83%BC%E3%83%AB" dan="17,16,17,16" rate="2145.65,2083.03,2159.13,2136.25" sx="M,M,M,M"/><TAIKYOKU oya="0"/><INIT seed="0,0,0,5,5,118" ten="250,250,250,250" oya="0" hai0="124,106,48,92,122,85,40,3,90,25,0,120,14" hai1="116,76,21,131,27,43,108,8,69,83,104,79,47" hai2="93,114,29,52,119,112,1,15,109,13,101,44,19" hai3="70,68,81,2,50,22,46,126,51,117,9,63,45"/><T91/><D106/><U31/><E116/><V99/><F1/><W10/><G117/><T100/><D100/><U59/><E69/><V49/><F119/><W78/><G126/><T107/><D107/><U18/><E104/><V58/><F109/><W30/><G2/><T17/><D3/><U4/><E108/><V35/><F15/><W38/><G38/><T102/><D102/><U16/><E131/><V20/><REACH who="2" step="1"/><F44/><REACH who="2" ten="250,250,240,250" step="2"/><W36/><G36/><T67/><D0/><U130/><E130/><V135/><F135/><W125/><G125/><T37/><D124/><U71/><E71/><V97/><F97/><W98/><G98/><T61/><D37/><U23/><E59/><V32/><F32/><W7/><G45/><T62/><D25/><AGARI ba="0,1" hai="13,19,20,25,29,35,49,52,58,93,99,101,112,114" machi="25" ten="40,2600,0" yaku="1,1,54,1,53,0" doraHai="118" doraHaiUra="133" who="2" fromWho="0" sc="250,-26,250,0,240,36,250,0" /><INIT seed="1,0,0,4,4,98" ten="224,250,276,250" oya="1" hai0="20,101,45,13,0,99,44,89,14,23,124,24,49" hai1="105,34,96,17,81,57,19,58,93,29,15,22,72" hai2="87,7,6,48,109,92,73,116,106,41,82,75,28" hai3="61,54,79,83,56,104,102,121,37,46,80,25,63"/><U77/><E105/><V117/><F106/><W59/><G121/><T18/><D0/><U33/><E29/><V135/><F135/><W122/><G122/><T86/><D124/><U52/><E58/><V16/><F28/><W67/><G25/><T26/><D45/><U119/><E119/><V85/><F109/><W66/><G79/><T35/><D35/><U111/><E111/><V10/><F75/><W74/><G74/><T11/><D86/><U71/><E19/><V120/><F73/><W4/><G4/><T103/><D89/><U112/><E71/><V129/><F129/><W43/><G54/><N who="0" m="29991" /><D99/><AGARI ba="0,0" hai="37,43,46,56,59,61,63,66,67,80,83,99,102,104" machi="99" ten="40,2600,0" yaku="9,1,52,1" doraHai="98" who="3" fromWho="0" sc="224,-26,250,0,276,0,250,26" /><INIT seed="2,0,0,4,4,26" ten="198,250,276,276" oya="2" hai0="127,40,47,16,101,36,31,88,108,96,18,100,98" hai1="69,132,37,22,52,135,63,87,133,5,2,54,41" hai2="91,68,105,111,106,38,67,9,1,20,115,32,33" hai3="56,46,99,57,59,60,11,109,25,123,120,82,81"/><V45/><F115/><W89/><G109/><T6/><D108/><U19/><E5/><N who="2" m="1199" /><F111/><W112/><G112/><T48/><D127/><U122/><E2/><V75/><F20/><W10/><G60/><T134/><D134/><U70/><E122/><V35/><F91/><W65/><G65/><T39/><D6/><U103/><E103/><V121/><F121/><W85/><G81/><T17/><D101/><U3/><E3/><V76/><F67/><W49/><G120/><T51/><D39/><U97/><E97/><V43/><F68/><N who="1" m="26217" /><E87/><V113/><F113/><W27/><G99/><T58/><D58/><U104/><E104/><V44/><F44/><W72/><G72/><T0/><D0/><U73/><E73/><V61/><F61/><W94/><G123/><T95/><REACH who="0" step="1"/><D31/><REACH who="0" ten="188,250,276,276" step="2"/><U34/><E37/><V55/><F55/><W66/><G66/><T77/><D77/><U83/><E54/><V7/><F7/><W42/><G82/><AGARI ba="0,1" hai="32,33,35,38,43,45,75,76,82,105,106" m="1199" machi="82" ten="30,5800,0" yaku="25,1,33,2" doraHai="26" who="2" fromWho="3" sc="188,0,250,0,276,68,276,-58" /><INIT seed="2,1,0,1,3,115" ten="188,250,344,218" oya="2" hai0="129,80,5,35,83,47,125,69,130,2,110,95,16" hai1="100,4,65,118,79,32,127,128,81,31,37,60,29" hai2="27,97,72,56,116,94,122,104,98,96,126,90,101" hai3="39,84,88,19,70,106,26,109,120,12,92,1,7"/><V75/><F122/><W22/><G120/><T117/><D69/><U91/><E37/><V114/><F114/><W0/><G106/><T93/><D35/><U107/><E91/><V41/><F41/><W50/><G39/><T62/><D2/><U82/><E4/><V59/><F126/><W99/><G70/><T76/><D5/><U21/><E21/><V42/><F42/><W3/><G109/><T15/><D125/><U87/><E127/><V48/><F48/><W74/><G74/><N who="2" m="28201" /><F56/><W30/><G50/><T43/><D62/><U113/><E113/><V13/><F59/><W18/><G7/><T17/><D17/><U34/><E100/><N who="2" m="62471" /><F13/><W77/><G19/><T108/><D108/><U102/><E32/><V132/><F27/><W119/><G77/><T135/><D76/><U78/><E34/><V10/><F10/><W105/><G105/><T66/><D110/><U58/><E107/><N who="2" m="63919" /><F132/><W52/><G52/><T24/><D24/><U67/><E102/><V131/><F131/><W86/><REACH who="3" step="1"/><G119/><AGARI ba="1,0" hai="90,94,98,116,119" m="63919,62471,28201" machi="119" ten="30,11600,0" yaku="34,2,52,2" doraHai="115" who="2" fromWho="3" sc="188,0,250,0,344,119,218,-119" /><INIT seed="2,2,0,4,2,101" ten="188,250,463,99" oya="2" hai0="123,125,105,36,73,79,37,50,82,70,12,84,28" hai1="25,90,133,24,6,40,65,130,75,118,62,96,10" hai2="26,31,95,97,51,110,115,104,52,71,32,35,66" hai3="106,111,78,58,127,0,49,43,27,68,57,131,122"/><V88/><F115/><W93/><G122/><T74/><D123/><U3/><E118/><V20/><F110/><W108/><G68/><T22/><D70/><U41/><E75/><V89/><F89/><W1/><G131/><T5/><D125/><U100/><E130/><V21/><F35/><W54/><G127/><T116/><D116/><U81/><E133/><V107/><F32/><W33/><G43/><T60/><D60/><U86/><E40/><V16/><F66/><W59/><G78/><T38/><D105/><U114/><E41/><V44/><F71/><W76/><G76/><T67/><D67/><U30/><E30/><V112/><F112/><W102/><G93/><T69/><D69/><U85/><E85/><V11/><F11/><W23/><G33/><T15/><D50/><U124/><E124/><V55/><F55/><W83/><G83/><T99/><D99/><U7/><E7/><V8/><F8/><W119/><G119/><T29/><D5/><U94/><E114/><V9/><F9/><W128/><G128/><T19/><REACH who="0" step="1"/><D15/><AGARI ba="2,0" hai="15,16,20,21,26,31,44,51,52,88,95,97,104,107" machi="15" ten="30,18000,2" yaku="7,1,52,2,54,3" doraHai="101" who="2" fromWho="0" sc="188,-186,250,0,463,186,99,0" /><INIT seed="2,3,0,3,4,34" ten="2,250,649,99" oya="2" hai0="67,37,78,35,60,108,115,10,80,124,103,18,45" hai1="8,19,47,56,114,70,20,109,28,55,4,51,94" hai2="127,95,12,74,76,25,69,134,121,5,93,91,77" hai3="113,110,52,11,123,92,40,133,98,24,96,0,38"/><V120/><F69/><W129/><G123/><T111/><D115/><U26/><E70/><V71/><F71/><W87/><G113/><T102/><D35/><U125/><E114/><V105/><F25/><W13/><G110/><T81/><D124/><U16/><E125/><V84/><F5/><W73/><G73/><T104/><D104/><U90/><E109/><N who="0" m="42057" /><D10/><U131/><E131/><V50/><F50/><W22/><G129/><T107/><D18/><U119/><E119/><V15/><F15/><W39/><G133/><T130/><D130/><U72/><E72/><V79/><F12/><W42/><G87/><N who="0" m="48535" /><D107/><U17/><E47/><V48/><F48/><W135/><G135/><T9/><D9/><U43/><E43/><V31/><F31/><N who="3" m="17815" /><G39/><T86/><D45/><U118/><E118/><V61/><F105/><W7/><G38/><T59/><D37/><U57/><E57/><V112/><F112/><W32/><G32/><T83/><D83/><U44/><E44/><V27/><F134/><W88/><G0/><T68/><D68/><U6/><E8/><V100/><F127/><W101/><G52/><T54/><D54/><U30/><E30/><V128/><F128/><W132/><G132/><T29/><D29/><U36/><E36/><V49/><F120/><W33/><G33/><T65/><D65/><U99/><AGARI ba="3,0" hai="4,6,16,17,19,20,26,28,51,55,56,90,94,99" machi="99" ten="30,4000,0" yaku="0,1,8,1,54,1" doraHai="34" who="1" fromWho="1" sc="2,-13,250,49,649,-23,99,-13" owari="-11,-51.0,299,10.0,626,72.0,86,-31.0" /></mjloggm>