<mjloggm ver="2.3"><GO type="41" lobby="0"/><UN n0="%6A%69%6E%6B%61%69" n1="%E5%B0%B1%E6%B4%BB%E7%94%9F%40%E5%B7%9D%E6%9D%91%E8%BB%8D%E5%9B%A3" n2="%6D%65%72%72%61%6E" n3="%E3%81%BE%E3%82%8B%E3%81%88%E3%81%A4%E3%81%95%E3%82%93" dan="14,15,13,14" rate="1897.59,2034.91,1896.47,1847.41" sx="M,M,M,F"/><TAIKYOKU oya="0"/><INIT seed="0,0,0,3,4,131" ten="250,250,250,250" oya="0" hai0="133,109,97,40,20,13,32,37,33,114,96,57,26" hai1="95,84,123,92,1,29,72,74,38,135,11,77,66" hai2="107,12,0,9,132,86,100,67,36,99,42,56,108" hai3="25,21,52,78,45,60,24,82,53,55,129,39,2"/><T63/><D114/><U89/><E123/><V104/><F0/><W18/><G2/><T59/><D13/><U41/><E29/><V31/><F31/><W51/><G129/><T103/><D109/><U118/><E118/><V71/><F71/><W106/><G106/><T17/><D59/><U54/><E66/><V83/><F107/><W111/><G111/><T68/><D68/><U90/><E54/><V46/><F108/><W61/><G39/><T87/><D87/><U16/><E41/><V85/><F67/><W112/><G112/><T62/><D62/><N who="3" m="24169" /><G25/><T116/><D116/><U130/><E38/><V5/><F56/><W81/><G78/><T6/><D6/><U43/><E43/><AGARI ba="0,0" hai="18,21,24,43,45,51,52,53,55,81,82" m="24169" machi="43" ten="30,2000,0" yaku="8,1,54,1" doraHai="131" who="3" fromWho="1" sc="250,0,250,-20,250,0,250,20" /><INIT seed="1,0,0,3,0,107" ten="250,230,250,270" oya="1" hai0="9,110,20,52,22,111,76,83,53,99,21,89,41" hai1="60,126,80,104,65,121,35,84,28,129,14,63,74" hai2="31,71,92,3,69,5,100,6,19,135,75,16,93" hai3="40,25,48,77,50,98,72,132,23,82,47,122,116"/><U78/><E121/><V15/><F135/><W7/><G122/><T59/><D41/><U128/><E104/><V134/><F134/><W0/><G132/><T115/><D115/><U44/><E126/><V79/><F31/><W38/><G98/><T90/><D9/><U34/><E63/><V8/><F6/><W56/><G56/><T105/><D105/><U54/><E14/><V18/><F3/><W42/><G42/><T103/><D103/><U130/><E28/><V119/><F119/><W1/><G1/><T120/><D120/><U123/><E123/><V109/><F109/><N who="0" m="41482" /><D99/><U66/><E84/><V125/><F125/><W2/><G2/><T4/><D4/><U81/><E81/><V113/><F113/><W133/><G133/><T127/><D127/><U26/><E26/><V30/><F30/><N who="3" m="17727" /><G116/><T13/><D13/><U112/><E112/><V68/><REACH who="2" step="1"/><F100/><REACH who="2" ten="250,230,240,270" step="2"/><W97/><G7/><T102/><D102/><U17/><E17/><V61/><F61/><W91/><G0/><T55/><D59/><N who="1" m="34935" /><E44/><V95/><F95/><W67/><G50/><T11/><D11/><U106/><E106/><V57/><F57/><W46/><G48/><T101/><D101/><U62/><E62/><V51/><F51/><W96/><G47/><T29/><D29/><U117/><E117/><V36/><F36/><W33/><G38/><T124/><D124/><U49/><E49/><V10/><F10/><W58/><G58/><T85/><AGARI ba="0,1" hai="20,21,22,52,53,55,76,83,85,89,90" m="41482" machi="85" ten="40,2700,0" yaku="14,1,54,1" doraHai="107" who="0" fromWho="0" sc="250,37,230,-13,240,-7,270,-7" /><INIT seed="2,0,0,0,5,84" ten="287,217,233,263" oya="2" hai0="109,131,63,118,126,68,24,110,40,104,58,76,11" hai1="78,75,2,47,67,130,41,31,81,111,25,99,91" hai2="34,98,19,70,114,18,44,53,51,92,66,38,15" hai3="3,42,69,29,6,79,74,103,8,95,97,46,10"/><V115/><F34/><W57/><G69/><T32/><D68/><U62/><E2/><V59/><F115/><W48/><G29/><N who="0" m="19495" /><D104/><U129/><E111/><N who="0" m="42505" /><D118/><U37/><E99/><V0/><F0/><W132/><G10/><T45/><D11/><U71/><REACH who="1" step="1"/><E91/><REACH who="1" ten="287,207,233,263" step="2"/><N who="2" m="55583" /><F114/><W127/><G127/><T56/><D126/><U87/><E87/><V77/><F15/><W88/><G132/><T94/><D131/><U26/><E26/><V16/><F77/><W28/><G3/><T7/><D76/><U35/><AGARI ba="0,1" hai="25,31,35,37,41,47,62,67,71,75,78,81,129,130" machi="35" ten="30,7900,0" yaku="1,1,0,1,23,2,53,0" doraHai="84" doraHaiUra="13" who="1" fromWho="1" sc="287,-20,207,89,233,-39,263,-20" /><INIT seed="3,0,0,0,3,88" ten="267,296,194,243" oya="3" hai0="70,91,15,131,25,22,97,133,58,79,0,47,86" hai1="49,77,96,33,125,113,2,117,4,38,124,51,24" hai2="46,84,59,6,18,54,112,3,28,134,67,57,35" hai3="115,40,94,71,99,106,61,78,87,48,98,74,63"/><W11/><G115/><T55/><D0/><U76/><E38/><V109/><F112/><W103/><G74/><T45/><D70/><U82/><E117/><V122/><F18/><W13/><G71/><T62/><D131/><U5/><E113/><V135/><F46/><N who="3" m="25671" /><G99/><T119/><D119/><U92/><E33/><V36/><F36/><W126/><G106/><T32/><D32/><U44/><E24/><V30/><F122/><W121/><G121/><T42/><D42/><U90/><E49/><V120/><F120/><W73/><G73/><T12/><D133/><U81/><E2/><V104/><F104/><W27/><G27/><T20/><D20/><U21/><E21/><V132/><F35/><W23/><G23/><T9/><D79/><U19/><E19/><V89/><F67/><W16/><G126/><N who="1" m="48746" /><E77/><V60/><F59/><W64/><G64/><T108/><D97/><U66/><E66/><V80/><F6/><N who="1" m="2665" /><E76/><V1/><F1/><W37/><G37/><T8/><D25/><U72/><E72/><V10/><F3/><W17/><G17/><N who="0" m="10559" /><D12/><U95/><E95/><V130/><F130/><W26/><G26/><T100/><D100/><U123/><E123/><V128/><F128/><W101/><G101/><T34/><D34/><U127/><N who="1" m="48754" /><U39/><DORA hai="85" /><E39/><V68/><F68/><W111/><G111/><T43/><D108/><U50/><E50/><V14/><F109/><W41/><G41/><AGARI ba="0,0" hai="41,44,51,81,82,90,92,96" m="2665,48754" machi="41" ten="40,5200,0" yaku="18,1,52,2" doraHai="88,85" who="1" fromWho="3" sc="267,0,296,52,194,0,243,-52" /><INIT seed="4,0,0,1,0,102" ten="267,348,194,191" oya="0" hai0="24,3,93,47,9,42,99,122,108,103,115,6,28" hai1="116,135,61,107,34,117,131,57,59,30,73,121,86" hai2="74,14,37,13,68,10,22,94,126,26,23,105,95" hai3="80,21,41,106,82,12,46,128,25,1,44,133,120"/><T104/><D122/><U49/><E73/><V7/><F74/><W118/><G118/><T39/><D115/><U58/><E121/><V130/><F68/><W52/><G128/><T4/><D4/><U119/><E131/><V33/><F37/><W55/><G133/><T43/><D43/><U83/><E135/><V69/><F69/><W40/><G120/><T17/><D17/><U132/><E132/><V97/><F130/><W70/><G70/><T8/><D8/><U62/><E107/><V16/><F126/><W77/><G1/><T96/><D108/><U45/><E30/><V54/><F33/><W32/><G32/><T50/><D96/><U56/><E34/><V31/><REACH who="2" step="1"/><F54/><REACH who="2" ten="267,348,184,191" step="2"/><W109/><G55/><T112/><D112/><U66/><E66/><V127/><F127/><W124/><G52/><T18/><D39/><U89/><N who="1" m="14848" /><DORA hai="98" /><U29/><REACH who="1" step="1"/><E29/><REACH who="1" ten="267,338,184,191" step="2"/><V5/><F5/><W53/><G124/><T64/><D64/><U101/><E101/><AGARI ba="0,2" hai="7,10,13,14,16,22,23,26,31,94,95,97,101,105" machi="101" ten="40,12000,2" yaku="1,1,52,2,54,1,53,2" doraHai="102,98" doraHaiUra="134,91" who="2" fromWho="1" sc="267,0,338,-120,184,140,191,0" /><INIT seed="5,0,0,5,2,101" ten="267,218,324,191" oya="1" hai0="85,92,97,109,27,118,36,55,12,10,95,53,15" hai1="74,31,90,58,59,84,71,112,19,13,56,87,28" hai2="30,83,5,68,2,102,34,128,50,14,100,52,123" hai3="91,6,93,94,133,108,104,80,113,103,76,43,44"/><U60/><E74/><V49/><F123/><W111/><G6/><T9/><D36/><U22/><E112/><V45/><F68/><W63/><G63/><T65/><D65/><U119/><E119/><V89/><F2/><W82/><G44/><T121/><D118/><U67/><REACH who="1" step="1"/><E87/><REACH who="1" ten="267,208,324,191" step="2"/><N who="2" m="50431" /><F128/><W125/><G125/><T127/><D85/><U46/><E46/><V69/><F69/><W64/><G113/><T38/><D127/><U79/><E79/><V126/><F126/><W0/><G133/><T17/><D121/><U70/><E70/><V116/><F116/><W88/><G0/><T21/><D109/><N who="3" m="42057" /><G64/><T105/><D97/><U32/><E32/><V51/><F34/><W1/><G1/><T29/><D9/><U134/><E134/><V122/><F122/><W130/><G130/><T114/><D10/><U62/><E62/><V61/><F45/><W33/><G33/><T132/><D132/><U54/><E54/><V4/><F30/><W120/><G120/><T18/><D55/><U20/><E20/><V81/><F52/><W96/><G43/><T24/><D53/><U78/><E78/><V124/><F61/><W73/><G80/><AGARI ba="0,1" hai="13,19,22,28,31,56,58,59,60,67,71,80,84,90" machi="80" ten="40,2000,0" yaku="1,1,53,0" doraHai="101" doraHaiUra="75" who="1" fromWho="3" sc="267,0,208,30,324,0,191,-20" /><INIT seed="5,1,0,3,0,133" ten="267,238,324,171" oya="1" hai0="97,9,94,57,58,86,77,27,83,30,47,52,45" hai1="25,126,43,36,49,117,66,98,7,120,134,121,50" hai2="82,92,15,32,85,123,19,44,99,122,3,63,93" hai3="113,11,90,33,75,22,56,20,112,5,107,69,76"/><U87/><E117/><V53/><F3/><W37/><G107/><T17/><D9/><U80/><E134/><V28/><F123/><W34/><G56/><T89/><D17/><U96/><E36/><V110/><F122/><W130/><G90/><T14/><D14/><U70/><E7/><V6/><F32/><W109/><G76/><T124/><D124/><U13/><E13/><V131/><F28/><W1/><G75/><T64/><D64/><U128/><E128/><V10/><F131/><W24/><G69/><T127/><D127/><U54/><E49/><V105/><F105/><W100/><G100/><T114/><D114/><N who="3" m="44137" /><G37/><T102/><D102/><U51/><E50/><V104/><F110/><W65/><G65/><T79/><D79/><U111/><E43/><V48/><F104/><W12/><G130/><T35/><REACH who="0" step="1"/><D58/><REACH who="0" ten="257,238,324,171" step="2"/><U29/><E66/><V8/><F8/><N who="3" m="2095" /><G109/><T23/><D23/><N who="3" m="8745" /><G24/><T67/><D67/><U41/><E25/><V91/><F63/><AGARI ba="1,1" hai="27,30,35,45,47,52,57,63,77,83,86,89,94,97" machi="63" ten="30,7700,0" yaku="1,1,7,1,54,1,53,1" doraHai="133" doraHaiUra="73" who="0" fromWho="2" sc="257,90,238,0,324,-80,171,0" /><INIT seed="6,0,0,5,1,16" ten="347,238,244,171" oya="2" hai0="76,32,50,110,129,94,27,83,111,102,77,95,93" hai1="12,31,107,108,23,134,78,73,41,97,25,82,92" hai2="59,79,40,37,21,0,112,44,70,128,56,9,71" hai3="67,72,36,86,49,47,84,109,132,104,127,53,89"/><V100/><F112/><W133/><G109/><N who="0" m="41483" /><D27/><U4/><E108/><V35/><F35/><W34/><G34/><T38/><D50/><U125/><E125/><V116/><F116/><W52/><G104/><T43/><D43/><U62/><E134/><N who="3" m="51818" /><G72/><N who="0" m="43399" /><D32/><U11/><E107/><V42/><F100/><W120/><G120/><T123/><D38/><U24/><E41/><V46/><F128/><W19/><G127/><T101/><D129/><U45/><E45/><V80/><F42/><N who="3" m="22983" /><G67/><T61/><D61/><U28/><E62/><V51/><F51/><W105/><G105/><T6/><D6/><U119/><E119/><V14/><F46/><N who="3" m="27703" /><G53/><T87/><D123/><U17/><REACH who="1" step="1"/><E25/><REACH who="1" ten="347,228,244,171" step="2"/><V124/><F124/><W20/><G89/><AGARI ba="0,1" hai="4,11,12,17,23,24,28,31,73,78,82,89,92,97" machi="89" ten="30,8000,1" yaku="1,1,2,1,7,1,52,1,53,1" doraHai="16" doraHaiUra="15" who="1" fromWho="3" sc="347,0,228,90,244,0,171,-80" /><INIT seed="7,0,0,2,0,107" ten="347,318,244,91" oya="3" hai0="12,104,125,44,103,57,3,5,100,53,4,134,32" hai1="73,2,122,27,133,69,39,54,62,118,33,13,56" hai2="102,89,31,18,129,21,63,71,41,7,113,36,10" hai3="132,49,112,58,68,97,15,120,74,84,131,98,83"/><W94/><G120/><T90/><D32/><U0/><E122/><V99/><F31/><W45/><G112/><T86/><D3/><U96/><E39/><V93/><F129/><W77/><G131/><T6/><D104/><U34/><E118/><V72/><F113/><W85/><G132/><T79/><D79/><U105/><E133/><V11/><F102/><N who="0" m="38954" /><D134/><U75/><E13/><V55/><F36/><W70/><G58/><T50/><D125/><U66/><E56/><V101/><F41/><W115/><G115/><T65/><D12/><U121/><E54/><V82/><F101/><W128/><G128/><T23/><D23/><U123/><E123/><V19/><F19/><W1/><G1/><N who="1" m="618" /><E121/><V25/><F7/><W64/><G64/><T92/><D65/><U26/><E26/><V119/><F119/><W111/><G111/><T130/><D130/><U76/><E76/><V81/><F81/><N who="3" m="45239" /><G15/><T135/><D135/><U116/><E116/><V47/><F71/><N who="3" m="27179" /><G85/><T20/><D20/><U38/><E96/><V42/><F47/><AGARI ba="0,0" hai="4,5,6,44,47,50,53,57,86,90,92" m="38954" machi="47" ten="30,1000,0" yaku="8,1" doraHai="107" who="0" fromWho="2" sc="347,10,318,0,244,-10,91,0" owari="357,46.0,318,12.0,234,-17.0,91,-41.0" /></mjloggm>