<mjloggm ver="2.3"><GO type="193" lobby="0"/><UN n0="%E4%BD%B3" n1="%6E%65%6B%6F%6E%6F%61%6B" n2="%E3%83%88%E3%83%88%E3%83%AA%E5%85%88%E7%94%9F%31%39%E6%AD%B3" n3="%24%24%24%24" dan="11,11,9,12" rate="1653.13,1587.69,1857.30,1756.83" sx="M,M,F,M"/><TAIKYOKU oya="0"/><INIT seed="0,0,0,4,1,31" ten="250,250,250,250" oya="0" hai0="113,80,126,40,130,51,20,41,95,62,117,119,52" hai1="47,121,87,86,122,128,125,43,19,56,110,26,135" hai2="48,11,42,4,36,9,105,71,76,88,111,0,72" hai3="73,109,16,13,2,17,75,94,124,69,93,15,127"/><T12/><D113/><U107/><E56/><V53/><F105/><W81/><G69/><T23/><D126/><U74/><E74/><V49/><F71/><W32/><G2/><T89/><D130/><U78/><E128/><V85/><F111/><W45/><G81/><T132/><D132/><U29/><E125/><V6/><F76/><W123/><G45/><T97/><D119/><U131/><E131/><V21/><F72/><W70/><G70/><T99/><D117/><U82/><E135/><V96/><F96/><W120/><G109/><T25/><D80/><U84/><E107/><V58/><F36/><W129/><G129/><T33/><D62/><U38/><E110/><V67/><F67/><W91/><G91/><T7/><D33/><AGARI ba="0,0" hai="13,15,16,17,32,33,73,75,93,94,120,123,124,127" machi="33" ten="25,8000,1" yaku="22,2,52,2,54,1" doraHai="31" who="3" fromWho="0" sc="250,-80,250,0,250,0,250,80" /><INIT seed="1,0,0,2,5,106" ten="170,250,250,330" oya="1" hai0="111,0,88,76,16,84,34,30,57,39,81,26,98" hai1="59,117,1,51,68,121,4,8,123,125,127,107,116" hai2="21,41,61,19,90,33,95,92,17,52,102,85,48" hai3="63,126,54,124,31,18,3,40,38,114,135,10,101"/><U78/><E51/><V129/><F33/><W120/><G120/><N who="1" m="46154" /><E59/><N who="2" m="35047" /><F129/><W71/><G114/><T23/><D39/><U112/><E78/><V67/><F67/><W53/><G31/><T14/><D0/><U6/><E112/><V130/><F130/><W62/><G101/><T109/><D57/><U15/><E107/><V5/><F5/><N who="1" m="2153" /><E68/><V45/><F21/><W103/><G103/><T12/><D98/><AGARI ba="0,0" hai="17,19,41,45,48,85,90,92,95,98,102" m="35047" machi="98" ten="30,2000,0" yaku="8,1,54,1" doraHai="106" who="2" fromWho="0" sc="170,-20,250,0,250,20,330,0" /><INIT seed="2,0,0,3,1,22" ten="150,250,270,330" oya="2" hai0="111,65,47,3,67,74,76,91,119,63,112,132,135" hai1="69,93,110,9,124,35,68,114,16,14,59,104,66" hai2="20,97,28,128,109,49,64,1,33,62,24,121,73" hai3="36,46,19,38,95,78,42,105,84,87,86,94,77"/><V98/><F121/><W126/><G105/><T116/><D112/><U44/><E114/><V118/><F118/><N who="0" m="45098" /><D3/><U58/><E104/><V60/><F1/><W120/><G120/><T103/><D103/><U88/><E124/><V107/><F73/><W29/><G126/><T129/><D47/><U83/><E110/><V32/><F109/><W11/><G29/><T108/><D91/><U117/><E117/><V10/><F128/><W130/><G130/><T27/><D76/><U0/><E0/><V113/><F113/><W96/><G95/><T56/><D74/><U123/><E123/><V102/><F10/><W54/><G38/><T80/><D80/><U17/><E35/><V122/><F122/><W101/><G54/><T99/><D99/><U23/><E83/><V15/><F97/><W31/><G31/><T40/><D40/><U75/><E75/><V82/><F82/><W61/><G61/><T6/><D6/><U26/><E44/><V127/><F127/><W125/><G125/><T30/><D129/><U85/><REACH who="1" step="1"/><E66/><REACH who="1" ten="150,240,270,330" step="2"/><V131/><F131/><W45/><G45/><T134/><D67/><U70/><AGARI ba="0,1" hai="9,14,16,17,23,26,58,59,68,69,70,85,88,93" machi="70" ten="30,12000,2" yaku="1,1,2,1,0,1,52,1,54,2,53,1" doraHai="22" doraHaiUra="81" who="1" fromWho="1" sc="150,-30,240,130,270,-60,330,-30" /><INIT seed="3,0,0,3,5,11" ten="120,370,210,300" oya="3" hai0="88,76,77,51,80,93,101,12,22,36,56,1,89" hai1="72,69,128,4,85,105,135,3,2,114,39,66,83" hai2="15,37,107,23,111,132,108,0,116,99,16,58,47" hai3="129,13,60,126,54,18,68,61,133,25,112,98,31"/><W104/><G112/><T27/><D36/><U120/><RYUUKYOKU type="yao9" ba="0,0" sc="120,0,370,0,210,0,300,0" hai1="2,3,4,39,66,69,72,83,85,105,114,120,128,135" /><INIT seed="3,1,0,5,2,31" ten="120,370,210,300" oya="3" hai0="64,2,50,25,96,7,6,21,103,54,109,134,107" hai1="65,56,33,94,132,62,26,19,131,135,112,10,16" hai2="59,95,70,101,100,32,1,84,37,115,124,51,75" hai3="121,38,99,114,108,117,47,81,71,23,68,118,29"/><W4/><G81/><T18/><D134/><N who="1" m="51243" /><E112/><V128/><F70/><N who="3" m="26667" /><G99/><T77/><D109/><U106/><E106/><V86/><F37/><W15/><G23/><T28/><D77/><U11/><E94/><V60/><F1/><W126/><G15/><T88/><D64/><U130/><E56/><V129/><F75/><W80/><G80/><T102/><D102/><U61/><E65/><V46/><F124/><W27/><G4/><T57/><D2/><U30/><E62/><V98/><F115/><W90/><G90/><T34/><REACH who="0" step="1"/><D88/><REACH who="0" ten="110,370,210,300" step="2"/><U74/><E74/><V49/><F100/><W85/><G108/><T63/><D63/><U45/><E61/><V111/><F111/><W93/><G114/><T40/><D40/><U41/><E41/><V24/><F84/><W9/><G126/><T12/><AGARI ba="1,1" hai="6,7,12,18,21,25,28,34,50,54,57,96,103,107" machi="12" ten="20,5200,0" yaku="1,1,0,1,7,1,52,1,53,0" doraHai="31" doraHaiUra="104" who="0" fromWho="0" sc="110,65,370,-14,210,-14,300,-27" owari="175,-32.0,356,45.0,196,-20.0,273,7.0" /></mjloggm>