<mjloggm ver="2.3"><GO type="97" lobby="0"/><UN n0="%E5%B0%B1%E6%B4%BB%E7%94%9F%40%E5%B7%9D%E6%9D%91%E8%BB%8D%E5%9B%A3" n1="%E3%81%98%E3%81%87%E3%82%8B%E3%81%B5%E3%81%83%E3%83%BC%31%33" n2="%59%6F%72%6F%6B%69%61" n3="%31%30%30%31" dan="15,13,14,15" rate="2006.30,1862.39,1913.67,1982.77" sx="M,M,M,M"/><TAIKYOKU oya="0"/><INIT seed="0,0,0,3,1,7" ten="250,250,250,250" oya="0" hai0="128,55,129,110,67,10,113,42,92,23,21,99,51" hai1="35,43,50,97,12,132,90,79,131,0,62,16,114" hai2="125,27,84,17,28,44,116,45,53,64,74,103,4" hai3="33,93,124,59,101,40,133,96,77,2,36,19,78"/><T80/><D113/><U15/><E132/><V18/><F116/><W26/><G133/><T111/><D42/><U38/><E114/><V108/><F108/><N who="0" m="41514" /><D67/><U87/><E131/><N who="0" m="50249" /><D80/><U121/><E121/><V89/><F74/><W65/><G124/><T20/><D10/><U117/><E117/><V11/><F125/><W13/><G40/><T75/><D75/><U107/><E0/><V41/><F64/><W122/><G2/><T94/><D99/><U83/><E35/><V47/><F103/><W69/><G36/><T52/><D55/><U109/><E38/><V73/><F73/><W25/><G69/><T105/><D105/><U82/><E109/><V102/><F102/><W46/><G46/><AGARI ba="0,0" hai="20,21,23,46,51,52,92,94" m="50249,41514" machi="46" ten="40,12000,1" yaku="14,1,10,1,19,1,54,1" doraHai="7" who="0" fromWho="3" sc="250,120,250,0,250,0,250,-120" /><INIT seed="0,1,0,0,3,124" ten="370,250,250,130" oya="0" hai0="33,88,107,114,46,113,22,6,45,26,40,50,120" hai1="25,38,78,2,27,92,17,70,32,55,51,52,130" hai2="42,95,48,43,14,10,128,91,134,94,123,71,47" hai3="31,8,89,19,117,36,102,86,66,82,125,81,79"/><T7/><D107/><U24/><E38/><V69/><F123/><W18/><G36/><T56/><D33/><U28/><E70/><V135/><F128/><W127/><G117/><T109/><D120/><U104/><E2/><V9/><F43/><W64/><G31/><T3/><D109/><U106/><E130/><V131/><F131/><W20/><G102/><T68/><D68/><U108/><E108/><V97/><F94/><W35/><G35/><T5/><D3/><U119/><E78/><V54/><F54/><W23/><G8/><T13/><D13/><U44/><E119/><V75/><F75/><W57/><G57/><T90/><D56/><U132/><E132/><N who="2" m="50731" /><F10/><W59/><G59/><T16/><REACH who="0" step="1"/><D45/><REACH who="0" ten="360,250,250,130" step="2"/><U65/><E106/><V110/><F110/><W53/><G127/><T72/><D72/><U80/><E104/><V85/><F97/><W15/><G125/><T99/><D99/><U126/><E126/><V105/><F105/><W116/><G116/><T84/><D84/><U1/><E1/><V73/><F73/><W12/><G53/><T37/><D37/><U76/><E55/><V34/><F34/><W103/><G103/><T100/><D100/><U21/><E32/><V67/><F67/><W133/><G133/><T111/><D111/><U29/><E44/><V122/><F122/><W112/><G112/><AGARI ba="1,1" hai="5,6,7,16,22,26,40,46,50,88,90,112,113,114" machi="112" ten="40,7700,0" yaku="1,1,54,2,53,0" doraHai="124" doraHaiUra="4" who="0" fromWho="3" sc="360,90,250,0,250,0,130,-80" /><INIT seed="0,2,0,0,4,7" ten="450,250,250,50" oya="0" hai0="81,21,11,63,74,92,2,53,1,44,97,19,107" hai1="80,76,73,32,18,31,116,34,8,3,14,96,72" hai2="40,131,6,50,75,23,67,25,103,91,10,24,62" hai3="129,59,57,35,128,108,15,119,48,26,123,60,66"/><T54/><D107/><U47/><E116/><V90/><F75/><W95/><G119/><T4/><D1/><U111/><E111/><V56/><F131/><W118/><G118/><T12/><D63/><U126/><E126/><V5/><F103/><W94/><G108/><T68/><D68/><U79/><E3/><V64/><F64/><W134/><G134/><T109/><D109/><U93/><E31/><V105/><F105/><W16/><G123/><T86/><D74/><U121/><E121/><V133/><F133/><W9/><G35/><T114/><D114/><U45/><E79/><V22/><F50/><W42/><G26/><T17/><D44/><U0/><E73/><V39/><F40/><W61/><G129/><T89/><REACH who="0" step="1"/><D17/><REACH who="0" ten="440,250,250,50" step="2"/><U49/><E0/><V41/><F39/><W127/><G128/><T117/><D117/><U130/><E130/><V38/><F38/><W55/><G127/><T101/><AGARI ba="2,1" hai="2,4,11,12,19,21,53,54,81,86,89,92,97,101" machi="101" ten="20,7800,0" yaku="1,1,0,1,7,1,52,1,53,0" doraHai="7" doraHaiUra="28" who="0" fromWho="0" sc="440,94,250,-28,250,-28,50,-28" /><INIT seed="0,3,0,5,0,55" ten="534,222,222,22" oya="0" hai0="17,71,133,4,1,117,68,11,111,12,76,118,67" hai1="95,32,16,98,99,28,31,88,5,134,24,116,75" hai2="81,128,70,92,131,126,122,38,43,94,102,22,15" hai3="132,112,79,113,109,105,108,127,45,21,61,96,69"/><T77/><D133/><U52/><E116/><V46/><F122/><W103/><G21/><T80/><D111/><N who="3" m="42569" /><G45/><T53/><D77/><U93/><E134/><V40/><F70/><W54/><G132/><T36/><D36/><U6/><E75/><V20/><F126/><W30/><G127/><T25/><D25/><U9/><E31/><V39/><F81/><W35/><G79/><T91/><D91/><N who="1" m="55615" /><E32/><V120/><F120/><W125/><G125/><T90/><D90/><U66/><E66/><V7/><F7/><W135/><G135/><T59/><D67/><U86/><E28/><V50/><F50/><W85/><G85/><T13/><D1/><U8/><E99/><V63/><F63/><W74/><G74/><T27/><D27/><U64/><E64/><V114/><F114/><N who="3" m="44139" /><G69/><T89/><D89/><U44/><E9/><V29/><F15/><W101/><G101/><T56/><D71/><U73/><E73/><V42/><F102/><W65/><G65/><T130/><D68/><U26/><E26/><V48/><F48/><W97/><G97/><T87/><D130/><N who="2" m="49706" /><F29/><W110/><N who="3" m="42577" /><W10/><DORA hai="72" /><G10/><N who="0" m="6295" /><D118/><U18/><E18/><V58/><F58/><N who="0" m="22058" /><D117/><U84/><E84/><V51/><F51/><W121/><G121/><T107/><D107/><U119/><E119/><V100/><F100/><W82/><G82/><T62/><D62/><U33/><E33/><V37/><F46/><W83/><G83/><T41/><D53/><U115/><E115/><V78/><F78/><W49/><G61/><T124/><D124/><U2/><E2/><V19/><F19/><RYUUKYOKU ba="3,0" sc="534,15,222,-15,222,15,22,-15" hai0="4,11,13,41,76,80,87" hai2="20,22,37,38,39,40,42,43,92,94" /><INIT seed="0,4,0,2,2,109" ten="549,207,237,7" oya="0" hai0="77,4,8,134,61,0,13,36,114,108,83,49,112" hai1="105,57,23,25,44,22,113,42,56,119,72,24,131" hai2="96,62,38,76,64,103,46,70,93,37,2,1,95" hai3="87,85,71,117,102,111,17,41,69,110,58,123,100"/><T84/><D36/><U29/><E105/><V129/><F129/><W12/><G123/><T78/><D108/><N who="3" m="41513" /><G117/><T14/><D134/><U55/><E72/><V107/><F93/><W59/><G41/><T124/><D124/><U126/><E119/><V3/><F95/><W33/><G33/><T10/><D77/><U16/><E126/><V106/><F106/><W43/><G43/><T125/><D125/><U90/><E131/><V94/><F94/><W79/><G59/><T5/><D0/><U81/><E55/><V74/><REACH who="2" step="1"/><F46/><REACH who="2" ten="549,207,227,7" step="2"/><W65/><G58/><T80/><D80/><AGARI ba="4,1" hai="1,2,3,37,38,62,64,70,74,76,80,96,103,107" machi="80" ten="40,12000,2" yaku="1,1,2,1,33,3,53,1" doraHai="109" doraHaiUra="75" who="2" fromWho="0" sc="549,-132,207,0,227,142,7,0" /><INIT seed="1,0,0,0,3,40" ten="417,207,369,7" oya="1" hai0="9,41,77,112,20,38,98,61,11,47,99,97,15" hai1="46,116,127,119,83,86,44,16,34,14,51,118,105" hai2="82,42,124,66,133,24,88,128,126,79,23,19,109" hai3="85,48,45,129,25,2,121,87,27,58,100,3,71"/><U134/><E105/><V131/><F131/><W94/><G71/><T91/><D112/><U52/><E34/><V111/><F128/><W130/><G121/><T59/><D77/><U132/><E127/><N who="2" m="48683" /><F66/><W7/><G58/><T69/><D69/><U5/><E5/><V78/><F133/><N who="1" m="51305" /><E46/><V110/><F42/><W36/><G36/><T90/><D20/><N who="1" m="11287" /><E119/><V76/><F88/><AGARI ba="0,0" hai="44,51,52,83,86,88,116,118" m="11287,51305" machi="88" ten="30,12000,1" yaku="20,1,52,1,54,3" doraHai="40" who="1" fromWho="2" sc="417,0,207,120,369,-120,7,0" /><INIT seed="1,1,0,0,3,97" ten="417,327,249,7" oya="1" hai0="22,131,91,31,112,113,133,34,86,129,108,67,107" hai1="124,106,78,134,21,27,10,94,38,80,3,19,62" hai2="41,120,26,51,101,0,43,76,28,109,126,128,47" hai3="12,33,82,24,6,105,8,102,110,73,2,99,7"/><U52/><E106/><V11/><F120/><W32/><G110/><T39/><D34/><U123/><E38/><V50/><F109/><W57/><G57/><T16/><D108/><U5/><E123/><V118/><F118/><W85/><G7/><T14/><D39/><U69/><E134/><V74/><F126/><W59/><G12/><T104/><D31/><U45/><E124/><V63/><F128/><N who="0" m="49226" /><D67/><U54/><E69/><V111/><F111/><W135/><G135/><T48/><D48/><U71/><E71/><V121/><F121/><W98/><G98/><T92/><D133/><U23/><E23/><V61/><F101/><W36/><G59/><T100/><D100/><U127/><E127/><V20/><F74/><W103/><G103/><T117/><D117/><U53/><E94/><V1/><F76/><W75/><G75/><T70/><D70/><U64/><E64/><V130/><F130/><W115/><G115/><AGARI ba="1,0" hai="14,16,22,86,91,92,104,107,112,113,115" m="49226" machi="115" ten="30,2000,0" yaku="19,1,54,1" doraHai="97" who="0" fromWho="3" sc="417,23,327,0,249,0,7,-23" owari="440,54.0,327,13.0,249,-15.0,-16,-52.0" /></mjloggm>