<mjloggm ver="2.3"><GO type="97" lobby="0"/><UN n0="%E5%B0%B1%E6%B4%BB%E7%94%9F%40%E5%B7%9D%E6%9D%91%E8%BB%8D%E5%9B%A3" n1="%E3%81%A4%E3%82%A7%E3%81%A8" n2="%4A%61%6B%65%52" n3="%2D%E2%98%85%E7%8B%AC%E7%9C%BC%E9%89%84%E2%98%85%2D" dan="15,13,15,13" rate="2047.45,1848.21,1929.78,1849.90" sx="M,M,M,F"/><TAIKYOKU oya="0"/><INIT seed="0,0,0,5,2,124" ten="250,250,250,250" oya="0" hai0="47,14,93,25,36,67,95,78,53,120,127,80,98" hai1="118,71,29,79,51,44,4,12,66,123,130,38,70" hai2="42,90,75,116,74,43,83,24,30,91,135,102,56" hai3="48,126,108,131,46,61,129,18,20,10,117,125,85"/><T27/><D127/><N who="3" m="48649" /><G117/><T97/><D120/><U88/><E118/><V94/><F116/><W28/><G108/><T11/><D67/><U101/><E101/><V5/><F5/><W121/><G121/><T16/><D95/><U112/><E79/><V35/><F135/><W77/><G61/><T115/><D115/><U13/><E38/><V3/><F3/><W114/><G114/><T122/><D122/><U41/><E29/><V69/><F69/><W89/><G77/><T15/><D15/><U82/><E123/><V50/><F102/><W106/><G106/><T52/><D36/><U133/><E66/><V22/><F35/><W6/><G28/><T86/><D97/><U81/><E133/><V33/><F33/><W63/><G63/><T21/><D47/><U103/><E103/><V68/><F68/><W57/><G57/><T104/><D104/><U23/><E112/><V65/><F74/><W72/><G72/><T132/><D132/><U76/><E70/><V19/><F30/><W58/><G58/><T0/><D0/><U17/><E71/><V100/><F100/><W34/><G34/><T31/><D27/><U110/><E110/><V109/><F109/><W7/><G48/><T134/><D134/><U9/><E76/><N who="2" m="44447" /><F65/><W60/><G46/><T49/><D49/><U84/><REACH who="1" step="1"/><E82/><REACH who="1" ten="250,240,250,250" step="2"/><V96/><F91/><AGARI ba="0,1" hai="11,14,16,21,25,31,52,53,78,80,86,91,93,98" machi="91" ten="30,11600,0" yaku="7,1,8,1,54,2" doraHai="124" who="0" fromWho="2" sc="250,126,240,0,250,-116,250,0" /><INIT seed="0,1,0,4,0,55" ten="376,240,134,250" oya="0" hai0="43,1,78,35,59,93,72,94,126,36,75,89,80" hai1="113,8,24,19,63,82,39,121,20,106,17,64,46" hai2="135,12,14,5,77,30,56,61,27,125,107,102,117" hai3="28,115,70,71,4,15,99,26,53,68,128,86,95"/><T3/><D35/><U79/><E106/><V49/><F117/><W48/><G115/><T96/><D126/><U37/><E121/><V109/><F125/><W45/><G128/><T31/><D72/><U38/><E113/><V32/><F135/><W54/><G86/><T87/><D31/><U51/><E8/><V52/><F109/><W104/><G104/><T124/><D124/><U112/><E112/><V101/><F77/><W6/><G15/><T44/><REACH who="0" step="1"/><D59/><REACH who="0" ten="366,240,134,250" step="2"/><U23/><E38/><V110/><F110/><W105/><G71/><T62/><D62/><U122/><E122/><V76/><F76/><W92/><G70/><T90/><AGARI ba="1,1" hai="1,3,36,43,44,75,78,80,87,89,90,93,94,96" machi="90" ten="20,7800,0" yaku="1,1,0,1,7,1,53,1" doraHai="55" doraHaiUra="40" who="0" fromWho="0" sc="366,91,240,-27,134,-27,250,-27" /><INIT seed="0,2,0,2,2,74" ten="457,213,107,223" oya="0" hai0="8,93,56,29,118,7,100,106,9,55,116,124,127" hai1="111,90,88,64,80,26,73,87,91,62,2,4,82" hai2="52,132,44,30,92,35,115,81,47,66,61,20,113" hai3="117,22,85,24,53,69,94,0,110,78,18,63,45"/><T34/><D106/><U107/><E107/><V37/><F132/><W42/><G117/><T23/><D34/><U131/><E131/><V105/><F105/><W70/><G0/><T123/><D123/><U1/><E111/><V19/><F35/><W25/><G110/><T89/><D100/><U120/><E120/><V28/><F37/><W41/><G25/><N who="0" m="16575" /><D7/><U67/><E4/><V84/><F66/><W50/><G63/><N who="0" m="36255" /><D9/><U75/><E26/><N who="2" m="14623" /><F92/><W21/><G70/><T128/><D8/><U129/><E129/><V36/><F36/><W33/><G33/><T38/><D38/><U57/><E64/><V125/><F125/><N who="0" m="48202" /><D128/><U15/><E15/><V76/><F115/><W17/><G69/><T43/><D43/><U5/><E5/><V108/><F108/><W119/><G119/><T97/><AGARI ba="2,0" hai="89,93,97,116,118" m="48202,36255,16575" machi="97" ten="30,1500,0" yaku="18,1" doraHai="74" who="0" fromWho="0" sc="457,21,213,-7,107,-7,223,-7" /><INIT seed="0,3,0,3,3,92" ten="478,206,100,216" oya="0" hai0="133,34,41,62,58,127,67,21,63,55,46,105,93" hai1="89,1,9,111,25,117,73,37,108,6,91,36,116" hai2="113,84,123,40,52,81,85,135,126,14,97,130,100" hai3="61,49,65,128,98,134,79,39,124,19,131,71,104"/><T27/><D105/><U22/><E73/><V33/><F123/><W3/><G39/><T12/><D127/><U64/><E64/><V8/><F33/><W16/><G3/><T94/><D133/><U11/><E22/><V125/><F113/><W72/><G124/><N who="2" m="47721" /><F40/><W122/><G122/><T13/><D34/><U44/><E44/><V106/><F135/><W83/><G134/><T56/><D13/><U47/><E47/><V120/><F120/><W59/><G49/><T66/><D12/><U68/><E25/><V95/><F130/><N who="3" m="49707" /><G71/><T112/><D55/><U60/><E60/><V80/><F52/><W30/><G30/><T78/><D78/><U87/><E87/><N who="2" m="33355" /><F8/><N who="1" m="3145" /><E68/><V53/><F53/><W119/><G119/><N who="1" m="45642" /><E6/><V0/><F14/><W82/><G82/><N who="2" m="31849" /><F0/><W75/><G75/><T15/><D112/><U23/><E23/><V96/><F96/><W17/><G17/><T45/><D15/><U24/><E24/><V18/><F18/><W7/><G7/><T28/><D46/><U77/><E77/><V118/><F118/><W26/><G26/><T54/><D54/><U109/><E1/><V88/><F106/><W69/><G69/><T5/><D5/><U76/><E76/><V86/><N who="2" m="33363" /><V31/><DORA hai="32" /><F31/><W121/><G121/><T129/><D129/><U2/><E2/><V10/><F10/><W42/><G42/><T103/><D45/><U107/><E107/><V101/><AGARI ba="3,0" hai="88,95,97,100,101" m="31849,33363,47721" machi="101" ten="40,8000,1" yaku="18,1,34,2,52,1,54,1" doraHai="92,32" who="2" fromWho="2" sc="478,-43,206,-23,100,89,216,-23" /><INIT seed="1,0,0,2,5,21" ten="435,183,189,193" oya="1" hai0="47,62,24,57,3,123,23,66,103,17,120,124,55" hai1="22,41,9,117,113,37,26,86,101,132,98,115,108" hai2="51,105,74,109,48,102,100,119,75,54,0,5,30" hai3="121,49,20,13,64,79,29,71,131,91,27,14,61"/><U81/><E117/><V77/><F119/><W32/><G121/><N who="0" m="46667" /><D124/><U114/><E9/><V45/><F109/><W110/><G110/><T84/><D3/><U43/><E108/><V31/><F0/><W59/><G79/><T106/><D84/><U63/><E63/><V18/><F5/><W56/><G131/><T134/><D134/><U83/><E132/><V104/><F18/><W16/><G49/><N who="0" m="29119" /><D103/><U65/><E65/><V35/><F54/><W15/><REACH who="3" step="1"/><G91/><REACH who="3" ten="435,183,189,183" step="2"/><T133/><D133/><U125/><E37/><V52/><F77/><W60/><G60/><T126/><D126/><U78/><E125/><V12/><F48/><W107/><G107/><AGARI ba="0,1" hai="17,23,24,57,62,66,106,107" m="29119,46667" machi="107" ten="30,2000,0" yaku="13,1,52,1" doraHai="21" who="0" fromWho="3" sc="435,30,183,0,189,0,183,-20" /><INIT seed="2,0,0,3,5,3" ten="465,183,189,163" oya="2" hai0="12,5,59,45,114,91,52,128,81,46,77,7,28" hai1="23,118,61,75,96,0,82,129,71,16,99,87,124" hai2="86,48,20,85,1,56,90,65,88,109,19,92,49" hai3="108,70,119,31,127,33,60,39,83,10,112,18,79"/><V35/><F35/><W57/><G119/><T54/><D114/><U102/><E118/><V89/><F1/><W125/><G70/><T36/><D36/><U37/><E37/><V110/><F65/><W111/><G39/><T78/><D128/><U62/><E129/><V63/><F63/><W97/><G112/><T41/><D28/><U72/><E124/><N who="3" m="47690" /><G97/><N who="1" m="37450" /><E71/><V4/><F4/><N who="0" m="1610" /><D12/><N who="1" m="9607" /><E0/><V6/><F6/><W104/><G104/><T50/><D45/><U135/><E135/><V42/><F42/><W2/><G2/><T121/><D121/><U120/><E120/><V95/><F90/><W8/><G18/><T123/><D123/><U34/><E34/><V107/><F107/><W106/><G31/><T24/><D24/><U32/><E32/><V58/><F19/><W11/><G33/><T133/><D133/><U47/><E75/><V105/><F105/><W22/><G22/><AGARI ba="0,0" hai="20,22,48,49,56,58,85,86,88,89,92,95,109,110" machi="22" ten="25,4800,0" yaku="22,2,54,1" doraHai="3" who="2" fromWho="3" sc="465,0,183,0,189,48,163,-48" /><INIT seed="2,1,0,1,2,71" ten="465,183,237,115" oya="2" hai0="4,120,103,10,63,39,100,20,55,32,85,57,42" hai1="86,16,48,30,62,22,49,104,60,9,26,61,36" hai2="91,101,52,53,73,72,6,122,117,28,80,93,131" hai3="135,70,51,14,11,88,116,65,81,74,129,95,67"/><V124/><F117/><W18/><G116/><T121/><D32/><U87/><E36/><V82/><F122/><W83/><G135/><T44/><D20/><U109/><E109/><V12/><F28/><W102/><G74/><T3/><REACH who="0" step="1"/><D85/><REACH who="0" ten="455,183,237,115" step="2"/><U1/><E104/><V5/><F73/><W99/><G129/><T112/><D112/><U23/><E1/><V84/><F131/><W37/><G70/><T130/><D130/><U105/><E9/><N who="2" m="4143" /><F72/><W41/><G37/><T64/><D64/><N who="3" m="24649" /><G102/><AGARI ba="1,1" hai="3,4,10,39,42,44,55,57,63,100,102,103,120,121" machi="102" ten="40,2600,0" yaku="1,1,52,1,53,0" doraHai="71" doraHaiUra="47" who="0" fromWho="3" sc="455,39,183,0,237,0,115,-29" /><INIT seed="3,0,0,4,0,3" ten="494,183,237,86" oya="3" hai0="131,103,87,77,15,40,29,98,44,85,64,105,122" hai1="101,51,42,6,43,65,100,62,72,0,19,52,128" hai2="35,82,135,109,75,84,111,90,70,99,45,36,96" hai3="26,123,86,114,47,133,117,34,112,41,46,74,30"/><W39/><G117/><T14/><D122/><U33/><E72/><V94/><F70/><W59/><G123/><T92/><D131/><U9/><E33/><V50/><F36/><W69/><G69/><T102/><D64/><U25/><E128/><V79/><F35/><W18/><G74/><T126/><D126/><U124/><E124/><V31/><F31/><W95/><G133/><T17/><D29/><U130/><E130/><V61/><F61/><W21/><G47/><T121/><D121/><U53/><E53/><V23/><F23/><W110/><G110/><N who="2" m="41993" /><F135/><W118/><G118/><T16/><D77/><U132/><E132/><V48/><F48/><W134/><G134/><T5/><D5/><U7/><E0/><V1/><F1/><W73/><G73/><T8/><D103/><N who="1" m="39499" /><E65/><V4/><F4/><N who="1" m="1577" /><E62/><V27/><F27/><W10/><G10/><N who="0" m="6231" /><D105/><U78/><E78/><V116/><F116/><W127/><G127/><T49/><AGARI ba="0,0" hai="8,15,17,40,44,49,85,87,92,98,102" m="6231" machi="49" ten="30,2000,0" yaku="8,1,54,1" doraHai="3" who="0" fromWho="0" sc="494,20,183,-5,237,-5,86,-10" owari="514,61.0,178,-22.0,232,3.0,76,-42.0" /></mjloggm>