<mjloggm ver="2.3"><GO type="169" lobby="0"/><UN n0="%E3%82%A6%E3%83%AB%E3%83%88%E3%83%A9%E7%AB%8B%E7%9B%B4" n1="%E8%B5%A4%E8%A3%8F%E3%83%9B%E3%82%B7%E3%83%BC%E3%83%8E" n2="%E3%82%B7%E3%83%B3%E3%83%87%E3%83%AB%E3%83%A9" n3="%E6%96%B0%E4%B8%96%E7%95%8C%E3%81%AE%E7%B4%99" dan="17,16,17,18" rate="2181.04,2105.22,2079.18,2232.79" sx="M,M,M,M"/><TAIKYOKU oya="0"/><INIT seed="0,0,0,4,5,4" ten="250,250,250,250" oya="0" hai0="58,78,36,8,90,93,65,34,57,107,18,17,66" hai1="21,42,87,28,40,37,80,111,117,76,74,105,61" hai2="43,103,22,30,2,84,101,100,89,16,53,123,115" hai3="47,10,99,129,108,91,119,113,31,12,116,79,135"/><T63/><D107/><U128/><E117/><V14/><F123/><W98/><G113/><T120/><D120/><U0/><E105/><V49/><F115/><W41/><G108/><T45/><D34/><U7/><E87/><V109/><F109/><W5/><G135/><T112/><D78/><U114/><E42/><V32/><F2/><W55/><G129/><T35/><D35/><U121/><E121/><V26/><F43/><W92/><G79/><T94/><D112/><U110/><E114/><V118/><F118/><W134/><G134/><T13/><D36/><U48/><E48/><V52/><REACH who="2" step="1"/><F49/><REACH who="2" ten="250,250,240,250" step="2"/><W88/><G41/><T56/><D63/><U9/><E61/><V70/><F70/><W64/><G116/><T130/><D130/><U29/><E128/><V69/><F69/><W51/><G119/><T97/><D45/><N who="1" m="23695" /><E111/><V11/><F11/><W125/><G125/><T132/><D132/><U124/><E124/><V24/><F24/><W3/><G3/><T39/><D39/><U68/><E68/><V96/><F96/><W6/><G98/><T72/><D72/><U133/><E133/><V27/><F27/><W38/><G38/><T50/><D50/><U86/><E110/><V83/><AGARI ba="0,1" hai="14,16,22,26,30,32,52,53,83,84,89,100,101,103" machi="83" ten="30,7900,0" yaku="1,1,0,1,54,2,53,0" doraHai="4" doraHaiUra="46" who="2" fromWho="2" sc="250,-39,250,-20,240,89,250,-20" /><INIT seed="1,0,0,3,4,124" ten="211,230,329,230" oya="1" hai0="27,121,128,29,118,82,57,115,59,88,16,105,125" hai1="18,66,122,134,83,84,52,53,126,6,86,39,67" hai2="14,21,48,32,80,4,93,13,44,31,5,26,35" hai3="45,12,107,58,7,127,132,131,33,61,117,96,2"/><U19/><E39/><V74/><F93/><W102/><G33/><N who="2" m="12873" /><F48/><W113/><G113/><T24/><D105/><U89/><E126/><V11/><F44/><W90/><G127/><T103/><D103/><U79/><E122/><V71/><F80/><W109/><G109/><T97/><D118/><U76/><E134/><V50/><F50/><W17/><G132/><T22/><D115/><U8/><E89/><V10/><F71/><W111/><G111/><T41/><D125/><U47/><E47/><V85/><F85/><N who="1" m="32873" /><E83/><V68/><F68/><W78/><G78/><N who="1" m="29738" /><E6/><N who="2" m="3319" /><F74/><W91/><G117/><T130/><D121/><U64/><E8/><V77/><F77/><W1/><G45/><T36/><D41/><U69/><E69/><V101/><F101/><W104/><G7/><AGARI ba="0,0" hai="4,5,7,10,14,21,26,31" m="3319,12873" machi="7" ten="30,8000,1" yaku="35,5" doraHai="124" who="2" fromWho="3" sc="211,0,230,0,329,80,230,-80" /><INIT seed="2,0,0,5,5,11" ten="211,230,409,150" oya="2" hai0="116,21,132,83,97,129,115,23,118,47,38,89,109" hai1="37,102,41,135,65,35,16,45,114,107,84,36,62" hai2="15,51,68,2,94,58,134,4,56,126,8,53,44" hai3="121,42,125,13,69,80,86,101,76,46,77,108,63"/><V71/><F71/><W91/><G121/><T130/><D115/><U20/><E114/><V31/><F68/><W33/><G108/><T74/><D109/><U54/><E135/><V12/><F134/><W133/><G133/><T25/><D132/><U113/><E35/><V70/><F70/><W124/><G33/><T5/><D5/><U73/><E73/><V112/><F112/><W99/><G69/><T81/><D74/><U75/><E75/><V29/><F126/><N who="3" m="48747" /><G63/><T43/><D97/><U10/><E10/><N who="2" m="4167" /><F2/><W96/><G13/><T100/><D100/><U127/><E102/><V105/><F94/><N who="3" m="56415" /><G46/><T39/><D89/><U92/><E37/><V85/><F85/><W27/><G27/><T131/><D38/><U66/><E84/><V14/><F105/><N who="3" m="63679" /><G42/><T119/><REACH who="0" step="1"/><D21/><REACH who="0" ten="201,230,409,150" step="2"/><U55/><E20/><V7/><F15/><W88/><AGARI ba="0,1" hai="76,77,80,86,88" m="63679,56415,48747" machi="88" ten="30,7900,0" yaku="18,1,34,2,54,1" doraHai="11" who="3" fromWho="3" sc="201,-20,230,-20,409,-39,150,89" /><INIT seed="3,0,0,1,5,38" ten="181,210,370,239" oya="3" hai0="71,107,81,1,111,101,126,106,37,70,29,134,7" hai1="25,72,36,16,10,80,75,92,57,18,113,6,131" hai2="42,108,9,117,85,84,56,98,39,114,115,64,61" hai3="54,21,88,60,49,132,110,59,68,63,11,78,89"/><W27/><G132/><T69/><D126/><U125/><E36/><V35/><F35/><W20/><G78/><T122/><D134/><U46/><E125/><V19/><F117/><W124/><G124/><T24/><D122/><U26/><E131/><V129/><F129/><W13/><G110/><T33/><D111/><U103/><E113/><V17/><F108/><W87/><G89/><T12/><D12/><U45/><E80/><V91/><F115/><W79/><G79/><T100/><D81/><U112/><E112/><V31/><F114/><W41/><G68/><T102/><REACH who="0" step="1"/><D37/><REACH who="0" ten="171,210,370,239" step="2"/><U66/><E72/><V62/><F39/><W52/><G27/><T22/><D22/><U47/><E75/><V8/><F8/><AGARI ba="0,1" hai="1,7,8,24,29,33,69,70,71,100,101,102,106,107" machi="8" ten="50,8000,1" yaku="1,1,53,3" doraHai="38" doraHaiUra="97" who="0" fromWho="2" sc="171,90,210,0,370,-80,239,0" /><INIT seed="4,0,0,0,1,4" ten="261,210,290,239" oya="0" hai0="76,81,39,83,106,18,65,22,19,42,52,6,107" hai1="59,92,109,64,135,10,11,111,119,134,75,3,13" hai2="29,66,61,21,73,105,26,89,129,71,108,98,85" hai3="51,120,47,132,127,82,86,122,40,116,101,37,112"/><T77/><D65/><U102/><E75/><V58/><F108/><W31/><G116/><T30/><D6/><N who="1" m="1375" /><E119/><V14/><F73/><W110/><G110/><N who="1" m="41994" /><E64/><V113/><F71/><W57/><G101/><T131/><D42/><U79/><E59/><V25/><F105/><W34/><G112/><T36/><D52/><U60/><E60/><V16/><F113/><W88/><G127/><T117/><D117/><U100/><E92/><V43/><F43/><W99/><G132/><N who="1" m="50730" /><E79/><V1/><F98/><W84/><G99/><T17/><D77/><U27/><E27/><V49/><F26/><N who="3" m="18807" /><G57/><T128/><D76/><U74/><E74/><V69/><F69/><W28/><G86/><T130/><D107/><U121/><E121/><N who="3" m="46698" /><G28/><T35/><D106/><U126/><E126/><V80/><F29/><W23/><G37/><N who="0" m="14411" /><D35/><U123/><E123/><V133/><F133/><W50/><G50/><T72/><D72/><U114/><E114/><V55/><F49/><W24/><G24/><AGARI ba="0,0" hai="17,18,19,22,24,30,81,83,128,130,131" m="14411" machi="24" ten="40,2000,0" yaku="19,1" doraHai="4" who="0" fromWho="3" sc="261,20,210,0,290,0,239,-20" /><INIT seed="4,1,0,4,0,14" ten="281,210,290,219" oya="0" hai0="41,62,51,99,126,73,7,23,91,92,54,58,29" hai1="117,45,6,103,1,24,46,107,39,111,17,113,129" hai2="30,93,50,77,44,108,49,56,104,134,26,65,106" hai3="10,74,38,70,112,124,120,42,60,28,64,83,25"/><T88/><D126/><U80/><E80/><V15/><F108/><W100/><G124/><T98/><D73/><U85/><E85/><V40/><F134/><W96/><G112/><T109/><D109/><U13/><E103/><V43/><F77/><W34/><G120/><T101/><D7/><U86/><E86/><V110/><F110/><W102/><G10/><T21/><D29/><U115/><E46/><V84/><F15/><W37/><G42/><T31/><D31/><U95/><E45/><N who="2" m="25767" /><F106/><N who="3" m="63751" /><G102/><T118/><D118/><U97/><E95/><V133/><F104/><W32/><G32/><T71/><D91/><U5/><E97/><V4/><F4/><N who="1" m="1641" /><E39/><V61/><F133/><W33/><G33/><T123/><D123/><U16/><E107/><V52/><F84/><W18/><G18/><T19/><D19/><U125/><E125/><V132/><F132/><W87/><G87/><T135/><D135/><U68/><E111/><V128/><F93/><W48/><G48/><T2/><D41/><U89/><E89/><V9/><F43/><W90/><G90/><T47/><D88/><U75/><E75/><V35/><F65/><W53/><G53/><N who="0" m="29951" /><D99/><U81/><E81/><V114/><F50/><W69/><G69/><T36/><D36/><U82/><E68/><V66/><F66/><W127/><G127/><T130/><D71/><U63/><E82/><V57/><F57/><W79/><AGARI ba="1,0" hai="25,28,34,37,38,60,64,70,74,79,83" m="63751" machi="79" ten="30,4000,0" yaku="25,1,33,2" doraHai="14" who="3" fromWho="3" sc="281,-21,210,-11,290,-11,219,43" /><INIT seed="5,0,0,1,0,51" ten="260,199,279,262" oya="1" hai0="40,27,66,58,125,70,38,128,78,88,39,48,101" hai1="25,34,121,95,135,73,71,74,43,120,62,96,132" hai2="105,17,24,84,12,64,83,117,55,26,102,76,129" hai3="45,33,61,100,47,52,11,18,94,124,1,134,37"/><U87/><E43/><V89/><F117/><W30/><G124/><T44/><D101/><U59/><E71/><V113/><F129/><W111/><G111/><T92/><D78/><U14/><E14/><V6/><F113/><W114/><G114/><T116/><D116/><U32/><E25/><V41/><F41/><W127/><G127/><T123/><D125/><U82/><E34/><V69/><F6/><W54/><G134/><N who="1" m="51242" /><E59/><V109/><F109/><W28/><G37/><T23/><D128/><U99/><E62/><V97/><F64/><W126/><G126/><T75/><D123/><N who="1" m="47179" /><E32/><V2/><F69/><W63/><G33/><T46/><D70/><U57/><E57/><V20/><F2/><W35/><G35/><T10/><D10/><U72/><E95/><N who="2" m="54695" /><F55/><N who="3" m="21035" /><G1/><T13/><D39/><U106/><E106/><V91/><F91/><AGARI ba="0,0" hai="72,73,74,82,87,91,96,99" m="47179,51242" machi="91" ten="40,7700,0" yaku="20,1,34,2" doraHai="51" who="1" fromWho="2" sc="260,0,199,77,279,-77,262,0" /><INIT seed="5,1,0,3,0,10" ten="260,276,202,262" oya="1" hai0="71,84,115,34,63,46,130,35,14,40,114,65,49" hai1="116,118,85,12,99,112,82,20,58,64,54,30,5" hai2="44,81,90,121,95,132,124,110,119,51,27,126,47" hai3="60,128,131,92,56,104,107,43,73,94,21,59,11"/><U2/><E64/><V133/><F110/><W93/><G73/><T101/><D130/><N who="3" m="49705" /><G43/><T23/><D101/><U98/><E112/><N who="0" m="43049" /><D84/><U127/><E127/><N who="2" m="48683" /><F119/><W88/><G11/><T117/><D117/><U62/><E118/><V122/><F27/><W89/><G21/><T123/><D123/><N who="2" m="47114" /><F81/><W17/><G17/><AGARI ba="1,0" hai="14,17,23,34,35,40,46,49,63,65,71" m="43049" machi="17" ten="30,2000,0" yaku="15,1,52,1" doraHai="10" who="0" fromWho="3" sc="260,23,276,0,202,0,262,-23" /><INIT seed="6,0,0,1,0,71" ten="283,276,202,239" oya="2" hai0="85,1,101,67,111,110,45,23,25,112,117,63,98" hai1="54,11,113,131,56,130,49,22,124,66,105,55,40" hai2="43,104,14,82,97,52,18,12,20,81,60,84,126" hai3="26,114,121,123,91,118,88,46,120,70,51,30,132"/><V74/><F74/><W103/><G118/><T76/><D1/><U32/><E32/><V90/><F126/><W50/><G132/><T61/><D61/><U72/><E72/><V92/><F104/><W58/><G70/><T59/><D112/><U64/><E105/><V133/><F133/><W80/><G114/><T29/><D117/><U5/><E113/><V94/><F43/><W129/><G129/><N who="1" m="49162" /><E124/><V122/><F122/><W75/><G103/><T19/><D19/><U69/><E69/><V115/><F12/><W119/><G119/><T42/><D85/><U44/><E22/><V47/><F115/><W107/><G107/><T100/><D76/><U57/><E11/><V17/><F17/><W4/><G4/><T7/><D7/><U16/><E16/><V37/><F37/><W128/><G128/><T96/><D98/><U41/><E5/><V102/><REACH who="2" step="1"/><F60/><REACH who="2" ten="283,276,192,239" step="2"/><W3/><G3/><T73/><D73/><U27/><E41/><V134/><F134/><W116/><G116/><T36/><D101/><U78/><E40/><V125/><F125/><W68/><G120/><T35/><D100/><U48/><E48/><AGARI ba="0,1" hai="14,18,20,47,48,52,81,82,84,90,92,94,97,102" machi="48" ten="40,12000,1" yaku="1,1,8,1,54,1,53,1" doraHai="71" doraHaiUra="10" who="2" fromWho="1" sc="283,0,276,-120,192,130,239,0" /><INIT seed="6,1,0,2,4,119" ten="283,156,322,239" oya="2" hai0="70,101,56,121,107,41,132,36,16,49,11,25,117" hai1="75,0,100,30,31,27,7,12,94,122,80,77,96" hai2="113,99,58,54,112,64,82,1,15,55,124,131,22" hai3="20,84,104,73,127,129,130,18,48,71,43,95,110"/><V40/><F1/><W114/><G104/><T106/><D117/><U134/><E0/><V102/><F131/><N who="3" m="50187" /><G73/><T93/><D132/><U62/><E134/><V38/><F124/><W50/><G110/><T68/><D36/><U4/><E31/><V86/><F40/><W24/><G127/><T3/><D121/><U60/><E60/><N who="2" m="37911" /><F38/><W74/><G74/><T135/><D135/><U78/><E78/><N who="2" m="46423" /><F22/><W46/><G71/><T37/><D37/><U89/><E12/><V105/><F15/><W67/><G67/><T23/><D107/><U128/><E128/><V45/><F45/><W118/><G118/><T76/><D106/><U47/><E47/><V21/><F21/><W103/><G114/><AGARI ba="1,0" hai="54,55,99,102,105,112,113,114" m="46423,37911" machi="114" ten="30,1500,0" yaku="15,1" doraHai="119" who="2" fromWho="3" sc="283,0,156,0,322,18,239,-18" /><INIT seed="6,2,0,5,5,44" ten="283,156,340,221" oya="2" hai0="91,46,77,106,119,103,82,56,52,132,23,134,15" hai1="112,63,122,3,73,90,43,9,83,131,109,127,19" hai2="12,95,98,124,120,62,97,72,11,61,114,17,104" hai3="89,75,79,30,80,54,59,123,1,70,42,48,111"/><V57/><F120/><W118/><G123/><T51/><D119/><U93/><E63/><V2/><F72/><W33/><G118/><T117/><D117/><U84/><E43/><V28/><F2/><W129/><G111/><T69/><D69/><U13/><E122/><V67/><F28/><W65/><G1/><T88/><D103/><U76/><E109/><V49/><F104/><W96/><G129/><T66/><D106/><U107/><E131/><V100/><F114/><W126/><G126/><T94/><D66/><U16/><E127/><V0/><F0/><W135/><G135/><N who="0" m="51755" /><D94/><U85/><E112/><V78/><F124/><W34/><G30/><T116/><D46/><U22/><E107/><V31/><F67/><W8/><G8/><T133/><D133/><U45/><E45/><V71/><F95/><W87/><G96/><T113/><D113/><U40/><E40/><V108/><F97/><W60/><REACH who="3" step="1"/><G42/><REACH who="3" ten="283,156,340,211" step="2"/><T50/><D116/><U68/><E3/><V130/><F98/><W81/><AGARI ba="2,1" hai="33,34,48,54,59,60,65,70,75,79,80,81,87,89" machi="81" ten="20,8000,1" yaku="1,1,2,1,0,1,7,1,52,1,53,0" doraHai="44" doraHaiUra="25" who="3" fromWho="3" sc="283,-22,156,-22,340,-42,211,96" /><INIT seed="7,0,0,5,2,61" ten="261,134,298,307" oya="3" hai0="18,19,110,113,129,1,39,88,6,122,23,83,100" hai1="87,16,41,55,11,0,105,12,99,40,79,43,92" hai2="130,90,9,123,56,5,34,98,82,27,15,60,42" hai3="91,126,78,29,52,13,45,95,71,70,30,118,32"/><W53/><G118/><T7/><D110/><U46/><E105/><V31/><F123/><W134/><G78/><T58/><D122/><U97/><E0/><V108/><F108/><W22/><G32/><T104/><D39/><U115/><E115/><V62/><F130/><W3/><G3/><T102/><D129/><U124/><E124/><V103/><F42/><W10/><G70/><T107/><D113/><U81/><E55/><V37/><F37/><W51/><G71/><T96/><D58/><U94/><E99/><V33/><F33/><W47/><G134/><T14/><D1/><U77/><E94/><V75/><F56/><W131/><G126/><T69/><D69/><U112/><E112/><V50/><F50/><N who="3" m="28751" /><G22/><T73/><D73/><U35/><E35/><V59/><F59/><W109/><G109/><T93/><D104/><U114/><E114/><V25/><F75/><W127/><G127/><T57/><D57/><U120/><E120/><V64/><F34/><W20/><G20/><T24/><D107/><U76/><REACH who="1" step="1"/><E46/><REACH who="1" ten="261,124,298,307" step="2"/><V116/><F98/><N who="3" m="57727" /><G131/><T101/><D83/><U125/><E125/><V80/><F80/><W54/><G54/><T2/><D2/><U67/><E67/><V65/><F65/><W89/><G89/><AGARI ba="0,1" hai="11,12,16,40,41,43,76,77,79,81,87,89,92,97" machi="89" ten="40,12000,2" yaku="1,1,8,1,54,1,53,3" doraHai="61" doraHaiUra="36" who="1" fromWho="3" sc="261,0,124,130,298,0,307,-120" /><INIT seed="8,0,0,4,1,28" ten="261,254,298,187" oya="0" hai0="96,50,89,61,86,38,46,117,14,125,24,27,54" hai1="63,88,129,103,4,92,127,108,1,95,90,34,83" hai2="78,80,130,8,55,60,79,132,72,65,114,94,82" hai3="26,126,56,87,37,112,58,30,120,23,15,118,91"/><T59/><D117/><U9/><E108/><V131/><F114/><W123/><G118/><T64/><D125/><U20/><E127/><V25/><F132/><W99/><G126/><T100/><D38/><U35/><E103/><V29/><F8/><W13/><G112/><T115/><D115/><U66/><E83/><N who="2" m="31787" /><F55/><W42/><G99/><T133/><D133/><U21/><E129/><N who="2" m="49163" /><F94/><N who="3" m="54655" /><G42/><T0/><D0/><U31/><E31/><V2/><F2/><W122/><G37/><T101/><D86/><U19/><E21/><N who="2" m="15535" /><F72/><W41/><G41/><T113/><D113/><U5/><E5/><V18/><F18/><N who="3" m="10719" /><G13/><T93/><D14/><U102/><E102/><AGARI ba="0,0" hai="24,27,46,50,54,59,61,64,89,93,96,100,101,102" machi="102" ten="40,2000,0" yaku="8,1" doraHai="28" who="0" fromWho="1" sc="261,20,254,-20,298,0,187,0" /><INIT seed="8,1,0,1,0,16" ten="281,234,298,187" oya="0" hai0="127,104,65,91,17,18,113,95,119,117,132,36,13" hai1="73,118,33,82,50,3,40,14,133,63,130,53,44" hai2="32,25,60,115,38,20,46,12,105,92,68,2,10" hai3="106,131,66,34,67,123,84,29,129,103,90,22,134"/><T76/><D113/><U15/><E118/><N who="0" m="45065" /><D127/><U125/><E125/><V24/><F115/><W7/><G34/><T79/><D132/><U94/><E3/><V37/><F105/><W75/><G75/><T47/><D65/><U4/><E33/><V31/><F92/><W100/><G7/><T89/><D104/><U107/><E107/><V19/><F46/><W85/><G134/><T120/><D18/><U114/><E114/><V8/><F8/><W21/><G29/><T28/><D28/><U62/><E4/><N who="2" m="1303" /><F24/><W52/><G106/><T121/><D79/><U27/><E94/><V122/><F122/><W9/><G123/><T56/><D76/><U64/><E27/><V110/><F110/><W70/><G9/><N who="0" m="6319" /><D56/><U0/><E0/><V30/><F30/><W88/><G70/><T45/><D91/><U51/><E64/><AGARI ba="1,0" hai="12,19,20,25,31,32,37,38,60,64,68" m="1303" machi="64" ten="30,2000,0" yaku="24,1,52,1" doraHai="16" who="2" fromWho="1" sc="281,0,234,-23,298,23,187,0" owari="281,8.0,211,-19.0,321,42.0,187,-31.0" /></mjloggm>