<mjloggm ver="2.3"><GO type="97" lobby="0"/><UN n0="%E5%B0%B1%E6%B4%BB%E7%94%9F%40%E5%B7%9D%E6%9D%91%E8%BB%8D%E5%9B%A3" n1="%E2%98%86%E3%83%89%E3%83%8A%E3%83%AB%E3%83%89%E6%95%99%E5%BE%92%E2%98%86" n2="%73%65%6E%64%6F%75" n3="%30%2D%54%6F%6B%69" dan="14,14,13,14" rate="1977.76,1923.71,1807.16,2097.12" sx="M,M,M,M"/><TAIKYOKU oya="0"/><INIT seed="0,0,0,5,0,25" ten="250,250,250,250" oya="0" hai0="132,38,91,13,84,94,119,18,21,63,17,129,27" hai1="46,60,78,34,16,49,102,73,131,23,28,4,122" hai2="83,112,37,123,105,110,93,48,135,77,97,86,118" hai3="113,53,42,111,125,9,108,79,3,99,11,134,82"/><T14/><D38/><U22/><E122/><V36/><F123/><W128/><G113/><T103/><D119/><U109/><E109/><N who="3" m="42058" /><G42/><T40/><D40/><U95/><E131/><V104/><F112/><W15/><G53/><T35/><D129/><U88/><E4/><V127/><F135/><W70/><G70/><T72/><D72/><U54/><E102/><V12/><F127/><W7/><G128/><T126/><D126/><U75/><E60/><V39/><F118/><W41/><G41/><T80/><D132/><U24/><E78/><V98/><F98/><W29/><G125/><T44/><D44/><U8/><E8/><V133/><F133/><W89/><G134/><T5/><D5/><U52/><E54/><V81/><F81/><W6/><G99/><N who="0" m="59895" /><D35/><U43/><E43/><V85/><F85/><N who="3" m="50359" /><G79/><T30/><D63/><U120/><E120/><V10/><F48/><W47/><G47/><T33/><D33/><U61/><E61/><V26/><F26/><W19/><G6/><T124/><D124/><U114/><E114/><V71/><F71/><W65/><G65/><T59/><D59/><U31/><E34/><V121/><F121/><W0/><G0/><T56/><D56/><U55/><E55/><V87/><F87/><W20/><G9/><T130/><D130/><U58/><E46/><V96/><F96/><W106/><G106/><T1/><D1/><U69/><E69/><V76/><F76/><W115/><G115/><T62/><D62/><U92/><E92/><V50/><F50/><W45/><G45/><T66/><D66/><U57/><E57/><RYUUKYOKU ba="0,0" sc="250,15,250,-15,250,-15,250,15" hai0="13,14,17,18,21,27,30,80,84,91" hai3="3,7,11,15,19,20,29" /><INIT seed="0,1,0,3,2,0" ten="265,235,235,265" oya="0" hai0="99,109,124,81,27,103,12,25,34,62,35,56,119" hai1="134,75,1,126,122,18,68,3,121,22,10,97,114" hai2="90,101,66,95,8,52,72,46,86,58,108,71,50" hai3="130,88,117,24,26,47,21,53,87,32,131,76,107"/><T115/><D119/><U4/><E75/><V19/><F72/><W5/><G107/><T14/><D115/><U36/><E36/><V78/><F108/><W7/><G117/><T104/><D124/><U55/><E68/><V45/><F101/><W43/><G76/><T110/><D81/><U38/><E38/><V116/><F116/><W70/><G70/><T113/><D113/><U105/><E134/><V96/><F71/><W91/><G53/><T48/><D48/><U106/><E126/><V57/><F78/><W89/><G87/><T94/><D104/><U11/><E114/><V98/><F19/><N who="3" m="12351" /><G26/><N who="0" m="9739" /><D34/><U67/><E67/><V2/><F2/><W118/><G32/><T92/><D92/><U17/><E55/><V102/><F8/><W132/><G132/><T15/><D35/><U6/><E22/><V93/><F98/><AGARI ba="1,0" hai="1,3,4,6,10,11,17,18,97,98,105,106,121,122" machi="98" ten="25,6400,0" yaku="22,2,52,2" doraHai="0" who="1" fromWho="2" sc="265,0,235,67,235,-67,265,0" /><INIT seed="1,0,0,4,1,4" ten="265,302,168,265" oya="1" hai0="45,89,30,19,98,120,27,93,37,82,90,62,73" hai1="91,63,135,87,81,42,125,92,66,133,72,76,107" hai2="12,26,1,5,105,25,8,9,22,2,116,65,54" hai3="6,126,60,130,124,106,113,28,103,35,134,20,32"/><U64/><E107/><V86/><F54/><W68/><G113/><T44/><D120/><U3/><E42/><V23/><F65/><N who="1" m="25193" /><E63/><V79/><F105/><W52/><G68/><T84/><D84/><BYE who="0" /><U97/><E3/><N who="2" m="63" /><F79/><UN n0="%E5%B0%B1%E6%B4%BB%E7%94%9F%40%E5%B7%9D%E6%9D%91%E8%BB%8D%E5%9B%A3" /><W46/><G106/><T51/><D37/><U131/><E131/><V58/><F86/><W61/><G103/><T69/><D69/><U11/><E11/><V0/><F58/><N who="3" m="34887" /><G6/><T74/><D62/><U17/><E17/><N who="2" m="8335" /><F116/><W71/><G71/><T34/><D19/><U31/><E31/><V95/><F95/><W128/><G61/><T16/><D16/><U57/><E57/><V10/><F10/><W111/><G46/><T132/><D45/><U39/><E39/><V59/><F59/><W129/><G111/><T88/><D74/><U55/><E55/><V115/><F115/><W80/><G80/><T36/><D36/><U47/><E47/><V40/><F40/><W56/><G56/><T48/><D73/><U85/><E72/><V99/><F99/><W127/><G134/><N who="1" m="51210" /><E97/><V122/><F122/><W123/><G123/><T102/><D132/><U38/><E38/><V33/><F33/><W121/><G121/><T110/><D110/><U112/><E87/><V104/><F104/><W18/><G28/><T117/><D117/><U15/><E112/><V108/><F108/><W41/><G41/><N who="0" m="24591" /><D51/><U78/><E85/><V75/><F75/><W83/><G83/><T7/><D82/><U118/><E81/><V43/><F43/><W77/><G77/><T67/><D67/><U14/><E118/><V13/><F13/><AGARI ba="0,0" hai="13,18,20,32,35,124,126,127,128,129,130" m="34887" machi="13" ten="40,5200,0" yaku="18,1,19,1,54,1" doraHai="4" who="3" fromWho="2" sc="265,0,302,0,168,-52,265,52" /><INIT seed="2,0,0,1,5,126" ten="265,302,116,317" oya="2" hai0="49,6,98,24,30,111,42,110,105,4,16,119,135" hai1="1,28,134,5,23,78,85,61,89,19,80,15,41" hai2="38,113,43,128,52,100,88,124,26,53,79,129,17" hai3="101,32,130,54,82,22,44,106,68,8,58,73,115"/><V48/><F113/><W2/><G32/><T55/><D42/><U13/><E134/><V86/><F79/><W102/><G68/><T123/><D123/><U45/><E61/><V95/><F124/><W90/><G115/><T21/><D135/><U93/><E28/><V56/><F38/><W46/><G22/><T120/><D120/><U74/><E1/><V92/><F43/><W108/><G108/><N who="0" m="41515" /><D119/><U57/><E57/><V94/><F100/><W64/><G64/><T67/><D67/><U91/><E91/><V51/><F17/><W118/><G118/><T121/><D121/><U66/><E66/><V25/><F26/><W87/><G73/><T133/><D133/><U75/><E75/><V112/><F25/><W97/><G102/><N who="0" m="62679" /><D30/><U83/><E83/><V132/><F132/><W7/><REACH who="3" step="1"/><G130/><REACH who="3" ten="265,302,116,307" step="2"/><N who="2" m="50281" /><F112/><W35/><G35/><T122/><D122/><U9/><REACH who="1" step="1"/><E41/><REACH who="1" ten="265,292,116,307" step="2"/><V0/><F0/><W27/><G27/><T84/><D84/><U33/><E33/><V63/><F63/><AGARI ba="0,2" hai="2,7,8,44,46,54,58,63,82,87,90,97,101,106" machi="63" ten="30,2000,0" yaku="1,1,7,1,53,0" doraHai="126" doraHaiUra="36" who="3" fromWho="2" sc="265,0,292,0,116,-20,307,40" /><INIT seed="3,0,0,3,3,107" ten="265,292,96,347" oya="3" hai0="99,100,37,77,23,78,11,15,42,112,66,118,9" hai1="126,110,43,125,14,102,39,34,94,85,41,5,12" hai2="86,108,25,131,88,103,74,31,68,55,26,87,45" hai3="24,59,53,116,123,32,127,2,56,1,3,57,62"/><W22/><G123/><T13/><D118/><U114/><E34/><V0/><F0/><W33/><G127/><N who="1" m="48650" /><E114/><V58/><F68/><W71/><G116/><T75/><D112/><U128/><E102/><V106/><F26/><W52/><G71/><T69/><D69/><U49/><E39/><V124/><F108/><W105/><G105/><T50/><D37/><U115/><E115/><V36/><F124/><W61/><G57/><T63/><D23/><U29/><E29/><AGARI ba="0,0" hai="1,2,3,22,24,29,32,33,52,53,56,59,61,62" machi="29" ten="40,3900,0" yaku="9,1,54,1" doraHai="107" who="3" fromWho="1" sc="265,0,292,-39,96,0,347,39" owari="265,7.0,253,-15.0,96,-40.0,386,48.0" /></mjloggm>