<mjloggm ver="2.3"><GO type="169" lobby="0"/><UN n0="%E5%A4%A9%E5%B0%8A%E4%BD%8D" n1="%E3%82%A6%E3%83%AB%E3%83%88%E3%83%A9%E7%AB%8B%E7%9B%B4" n2="%E2%91%A3%E3%82%BB%E3%83%B3%E3%83%81" n3="%E3%82%86%E3%81%86%E3%81%B4" dan="16,17,18,16" rate="2066.59,2155.59,2239.09,2156.31" sx="F,M,M,M"/><TAIKYOKU oya="0"/><INIT seed="0,0,0,1,2,18" ten="250,250,250,250" oya="0" hai0="58,20,59,99,24,2,77,94,9,45,62,134,30" hai1="86,132,49,52,122,106,34,51,6,111,53,38,35" hai2="96,104,100,67,71,87,5,135,73,3,1,33,7" hai3="92,84,39,47,115,109,112,15,116,78,101,61,121"/><T102/><D134/><U17/><E38/><V50/><F7/><W130/><G116/><T55/><D77/><U0/><E106/><V120/><F50/><W110/><G130/><T22/><D45/><U113/><E122/><V44/><F87/><W82/><G61/><T95/><D58/><U128/><E6/><V64/><F64/><W76/><G15/><T40/><D40/><U42/><E0/><V90/><F90/><W46/><G46/><T89/><D9/><U10/><E42/><V27/><F120/><W79/><G47/><T28/><D2/><U41/><E41/><V126/><F44/><W108/><G39/><T93/><D102/><U75/><E75/><V97/><F97/><N who="3" m="59559" /><G121/><T48/><D62/><U68/><E68/><V88/><F3/><W83/><G84/><T32/><D32/><U16/><E86/><V98/><F73/><W11/><G11/><T80/><D80/><AGARI ba="0,0" hai="76,78,79,80,82,83,108,109,110,112,115" m="59559" machi="80" ten="40,5200,0" yaku="14,1,34,2" doraHai="18" who="3" fromWho="0" sc="250,-52,250,0,250,0,250,52" /><INIT seed="1,0,0,1,1,85" ten="198,250,250,302" oya="1" hai0="108,31,89,10,100,125,113,71,27,83,53,23,30" hai1="117,11,92,132,77,52,36,130,104,82,37,62,18" hai2="121,68,118,112,22,57,49,44,95,21,9,56,74" hai3="1,114,64,66,39,67,133,20,80,55,107,109,93"/><U59/><E104/><V128/><F74/><W42/><G114/><T2/><D113/><U28/><E117/><V73/><F73/><W50/><G107/><T115/><D71/><U101/><E130/><V102/><F68/><W97/><G1/><T65/><D115/><U120/><E120/><V79/><F79/><W60/><G80/><T34/><D65/><U6/><E132/><V33/><F33/><W51/><G133/><T35/><D108/><U4/><E28/><V69/><F69/><W5/><G5/><T75/><D100/><U46/><E18/><V24/><F121/><W105/><G105/><T126/><D53/><U3/><E6/><V119/><F128/><W61/><G20/><N who="2" m="7785" /><F24/><W63/><G93/><T123/><D123/><U15/><E3/><V98/><F112/><W54/><G97/><T72/><D75/><U8/><E8/><V87/><F119/><W29/><G29/><T40/><D72/><U131/><E131/><V110/><F110/><W14/><G14/><T76/><D76/><U88/><E101/><V103/><F102/><W32/><G32/><N who="0" m="12331" /><D30/><U135/><E135/><V13/><F87/><W111/><G39/><T43/><D2/><U99/><E46/><V90/><F103/><W0/><G0/><T7/><D7/><U129/><E129/><V38/><F38/><W134/><G134/><T12/><D10/><U122/><E122/><V127/><F118/><W116/><G116/><T19/><D12/><U78/><E78/><V70/><F70/><W84/><G111/><T124/><D31/><U26/><E26/><V48/><F44/><RYUUKYOKU ba="0,0" sc="198,15,250,15,250,-15,302,-15" hai0="19,23,27,40,43,83,89,124,125,126" hai1="4,11,15,36,37,52,59,62,77,82,88,92,99" /><INIT seed="1,1,0,1,4,48" ten="213,265,235,287" oya="1" hai0="40,34,5,18,33,107,131,66,126,83,110,17,80" hai1="45,56,73,113,91,97,37,6,35,62,82,0,105" hai2="50,119,98,23,89,127,59,100,115,27,87,133,29" hai3="117,101,109,10,69,104,86,128,70,51,31,92,43"/><U19/><E35/><V94/><F119/><W130/><G109/><T71/><D107/><U7/><E113/><V106/><F127/><W65/><G117/><T135/><D40/><U26/><E0/><V13/><F115/><W129/><G31/><T36/><D36/><U111/><E111/><V32/><F133/><W42/><G104/><T102/><D102/><U85/><E73/><V61/><F50/><W125/><G125/><T68/><D110/><U15/><E26/><V77/><F77/><W75/><G75/><T1/><D66/><U14/><E14/><V30/><F13/><W4/><G65/><T88/><D126/><U64/><E45/><V11/><F11/><W74/><G74/><T90/><D5/><U116/><E37/><V49/><F49/><W76/><G101/><T39/><D39/><U72/><E72/><V81/><F106/><W22/><G22/><T57/><D57/><U52/><E64/><N who="2" m="38975" /><F32/><W122/><G122/><T47/><D47/><U84/><E116/><V20/><F20/><W38/><G38/><T44/><D44/><U103/><E85/><V16/><AGARI ba="1,0" hai="16,23,27,29,30,81,87,89,94,98,100" m="38975" machi="16" ten="30,2000,0" yaku="8,1,54,1" doraHai="48" who="2" fromWho="2" sc="213,-6,265,-11,235,23,287,-6" /><INIT seed="2,0,0,3,5,51" ten="207,254,258,281" oya="2" hai0="100,1,16,106,39,115,24,95,76,53,15,41,77" hai1="64,108,91,29,18,132,43,86,118,8,35,25,114" hai2="96,20,11,113,54,120,45,37,98,22,89,17,7" hai3="109,79,87,119,2,82,122,5,97,129,99,121,90"/><V30/><F113/><W26/><G119/><T80/><D1/><U94/><E118/><V83/><F120/><W75/><G26/><T117/><D106/><U19/><E114/><V66/><F66/><W9/><G129/><T52/><D115/><U134/><E108/><V71/><F71/><W42/><G109/><T84/><D117/><U105/><E105/><V23/><F30/><W63/><G63/><T73/><D24/><U67/><E43/><V74/><F74/><W65/><G65/><N who="1" m="25162" /><E8/><V27/><F37/><W103/><G42/><T104/><D104/><U72/><E72/><V69/><F69/><W128/><G128/><T44/><D77/><U14/><E14/><N who="2" m="7391" /><F7/><W21/><G21/><N who="0" m="11423" /><D73/><U127/><E127/><V57/><F45/><W4/><G4/><T12/><D39/><U50/><E50/><N who="2" m="30935" /><F27/><W131/><G131/><T31/><D31/><U56/><E56/><V70/><F70/><W125/><G125/><T68/><D68/><U101/><E18/><V60/><F60/><W126/><G126/><T62/><D62/><U0/><E19/><V28/><F28/><W49/><G122/><T81/><D12/><U112/><E0/><V34/><F34/><W10/><G121/><T110/><D110/><U88/><E112/><V92/><F83/><N who="3" m="45567" /><G10/><T78/><D41/><U46/><E25/><V93/><F23/><W124/><G124/><T55/><D44/><U47/><E29/><V135/><F135/><N who="1" m="51753" /><E35/><V40/><F40/><W6/><G2/><T107/><D107/><U123/><E47/><V111/><F111/><W102/><G5/><T58/><D81/><RYUUKYOKU ba="0,0" sc="207,-10,254,-10,258,30,281,-10" hai2="20,22,89,92,93,96,98" /><INIT seed="2,1,0,0,2,61" ten="197,244,288,271" oya="2" hai0="69,25,13,110,4,64,12,122,96,63,112,102,62" hai1="74,65,30,121,70,50,113,5,39,130,15,45,93" hai2="111,20,108,79,57,106,76,103,60,84,42,100,10" hai3="55,28,125,115,0,134,51,119,48,78,95,31,116"/><V34/><F34/><W43/><G0/><T17/><D112/><U7/><E113/><V80/><F42/><W2/><G2/><T88/><D122/><U68/><E74/><V8/><F79/><W114/><G78/><T19/><D110/><N who="2" m="42026" /><F20/><W98/><G43/><T73/><D73/><U89/><E39/><V105/><F103/><W109/><G109/><T16/><D25/><U86/><E130/><V135/><F135/><W129/><G129/><T123/><D123/><U3/><E3/><V59/><F59/><W35/><G35/><T132/><D132/><U33/><E33/><V54/><F100/><W32/><G32/><T67/><D4/><U44/><E30/><V24/><F24/><W99/><G134/><T131/><D131/><U29/><E29/><V58/><F58/><W91/><G91/><T104/><REACH who="0" step="1"/><D88/><REACH who="0" ten="187,244,288,271" step="2"/><U117/><E89/><V90/><F90/><W94/><G115/><T92/><D92/><U71/><E93/><V133/><F133/><W107/><G114/><T46/><D46/><U38/><E45/><V82/><F82/><W126/><G107/><AGARI ba="1,1" hai="8,10,54,57,60,76,80,84,105,106,107" m="42026" machi="107" ten="30,2900,0" yaku="14,1,10,1" doraHai="61" who="2" fromWho="3" sc="187,0,244,0,288,42,271,-32" /><INIT seed="2,2,0,5,0,6" ten="187,244,330,239" oya="2" hai0="19,90,75,78,97,99,79,63,93,18,135,62,122" hai1="126,71,17,26,119,86,64,127,40,80,83,42,114" hai2="8,132,100,70,88,10,16,23,41,102,72,130,46" hai3="116,28,22,76,14,87,33,34,115,123,24,121,32"/><V52/><F72/><W133/><G76/><T53/><D122/><N who="3" m="46601" /><G87/><T60/><D135/><U20/><E114/><V77/><F70/><W50/><G50/><T29/><D29/><U7/><E119/><V134/><F77/><N who="0" m="29194" /><D75/><U108/><E108/><V38/><F130/><W51/><G51/><T84/><D53/><U112/><E112/><V55/><F88/><W25/><G116/><T15/><D19/><U49/><E7/><V66/><F66/><W74/><G74/><T59/><D59/><U45/><E42/><V103/><F52/><W3/><G3/><T95/><D95/><U91/><REACH who="1" step="1"/><E80/><REACH who="1" ten="187,234,330,239" step="2"/><V48/><F134/><W129/><G133/><T13/><D13/><U105/><E105/><V120/><F132/><W113/><G115/><T101/><D101/><U118/><E118/><V94/><F120/><W1/><G113/><T31/><D31/><U61/><AGARI ba="2,1" hai="17,20,26,40,45,49,61,64,71,83,86,91,126,127" machi="61" ten="30,2000,0" yaku="1,1,0,1,53,0" doraHai="6" doraHaiUra="11" who="1" fromWho="1" sc="187,-7,234,36,330,-12,239,-7" /><INIT seed="3,0,0,1,3,45" ten="180,270,318,232" oya="3" hai0="78,25,93,107,108,23,103,16,80,129,31,2,56" hai1="26,130,72,128,98,95,68,104,17,49,8,74,63" hai2="123,47,1,38,71,35,110,115,42,109,99,84,44" hai3="19,79,125,4,43,41,3,118,114,87,11,77,13"/><W61/><G118/><T83/><D107/><U121/><E104/><V54/><F1/><W32/><G114/><T133/><D2/><U14/><E121/><V62/><F35/><W91/><G125/><T5/><D5/><U7/><E63/><V81/><F99/><W127/><G127/><T65/><D108/><N who="2" m="41578" /><F84/><W96/><G32/><T9/><D129/><N who="1" m="49771" /><E68/><V48/><F81/><W135/><G135/><T92/><D133/><U46/><E26/><V37/><F123/><W89/><G61/><N who="0" m="38055" /><D78/><N who="3" m="29705" /><G3/><T94/><D103/><N who="1" m="60895" /><E7/><V39/><F115/><W22/><G4/><T15/><AGARI ba="0,0" hai="9,15,16,23,25,31,80,83,92,93,94" m="38055" machi="15" ten="30,2000,0" yaku="8,1,54,1" doraHai="45" who="0" fromWho="0" sc="180,20,270,-5,318,-5,232,-10" /><INIT seed="4,0,0,1,0,63" ten="200,265,313,222" oya="0" hai0="58,86,123,98,83,47,71,3,48,67,66,1,19" hai1="69,60,132,100,7,133,90,94,39,33,80,15,119" hai2="114,70,88,5,78,27,89,87,125,30,43,62,57" hai3="108,113,16,42,34,68,56,73,26,11,25,103,92"/><T72/><D123/><U4/><E33/><V10/><F70/><W13/><G68/><T111/><D71/><U79/><E39/><V109/><F109/><W115/><G73/><T134/><D72/><U21/><E100/><V112/><F43/><W31/><G108/><T120/><D120/><U97/><E119/><V75/><F78/><W41/><G56/><T128/><D111/><U44/><E44/><V23/><F75/><W74/><G74/><T53/><D128/><U0/><E0/><N who="2" m="295" /><F87/><W117/><G117/><T18/><D134/><N who="1" m="51819" /><E15/><V110/><F110/><W52/><G52/><N who="0" m="29727" /><D1/><U135/><E21/><V51/><F51/><W9/><G26/><T101/><D3/><U36/><E36/><V95/><F95/><W32/><G32/><T105/><D98/><U45/><E45/><V35/><F35/><W37/><G37/><T50/><D101/><U99/><E99/><V126/><F89/><W8/><G103/><T22/><D105/><U106/><E106/><V122/><F88/><W65/><G92/><T17/><D22/><U2/><E2/><V127/><F122/><W130/><G130/><T24/><D24/><U64/><E135/><V84/><F84/><AGARI ba="0,0" hai="4,7,60,64,69,79,80,84,90,94,97" m="51819" machi="84" ten="30,2000,0" yaku="20,1,52,1" doraHai="63" who="1" fromWho="2" sc="200,0,265,20,313,-20,222,0" /><INIT seed="5,0,0,3,0,0" ten="200,285,293,222" oya="1" hai0="1,47,26,132,116,124,94,9,126,77,119,27,8" hai1="37,91,135,115,117,10,62,13,95,4,46,114,108" hai2="118,65,14,53,28,83,19,66,32,82,121,100,129" hai3="5,75,22,21,97,79,36,61,16,109,88,113,11"/><U74/><E74/><V125/><F118/><N who="0" m="45098" /><D77/><U44/><E117/><V58/><F121/><W90/><G109/><T6/><D94/><U70/><E135/><V48/><F32/><W2/><G113/><N who="1" m="43018" /><E37/><V76/><F28/><W101/><G22/><T84/><D84/><N who="1" m="52711" /><E108/><V51/><F125/><N who="0" m="48234" /><D47/><U81/><E81/><N who="2" m="30731" /><F76/><W12/><G36/><T103/><D103/><U123/><E123/><V59/><F129/><W93/><G75/><T122/><D122/><U25/><E25/><N who="0" m="9225" /><D9/><U29/><E29/><V43/><F100/><W99/><G79/><T23/><D23/><U96/><E96/><V86/><F86/><W107/><G61/><T55/><D55/><U71/><E71/><V52/><F43/><W39/><G39/><T50/><D50/><U33/><E33/><V110/><F110/><W80/><G80/><T78/><D78/><U133/><E133/><AGARI ba="0,0" hai="1,6,8,132,133" m="9225,48234,45098" machi="133" ten="40,8000,1" yaku="18,1,34,2,52,1" doraHai="0" who="0" fromWho="1" sc="200,80,285,-80,293,0,222,0" /><INIT seed="6,0,0,1,1,2" ten="280,205,293,222" oya="2" hai0="111,85,94,100,82,88,78,48,44,92,10,109,65" hai1="8,107,15,7,131,66,125,60,4,41,133,98,104" hai2="54,58,63,0,38,91,134,56,39,93,120,67,123" hai3="29,17,1,34,61,127,119,105,64,124,76,5,36"/><V35/><F35/><W23/><G119/><T114/><D65/><U25/><E125/><V46/><F0/><W79/><G36/><N who="2" m="13865" /><F91/><W6/><G105/><T69/><D69/><U33/><E41/><V80/><F93/><W50/><G50/><T31/><D31/><N who="1" m="19695" /><E107/><V75/><F80/><W102/><G102/><T27/><D27/><U20/><E20/><V87/><F87/><W130/><G130/><T47/><D114/><U99/><E99/><V118/><F75/><W86/><G1/><T115/><D115/><U73/><E73/><V57/><F118/><W43/><G43/><T128/><D100/><N who="1" m="62487" /><E131/><V122/><F134/><W21/><G34/><T126/><D126/><N who="3" m="48169" /><G29/><T11/><D128/><U83/><E83/><V71/><F46/><W97/><G97/><T135/><D47/><U101/><E101/><V3/><F3/><W84/><G84/><N who="0" m="48215" /><D92/><U12/><E12/><V74/><F74/><W68/><G23/><T28/><D135/><U110/><E133/><V9/><F9/><W16/><G17/><T72/><D10/><U40/><E40/><V13/><F13/><N who="3" m="9359" /><G86/><T116/><D72/><U106/><E106/><V30/><F30/><W19/><G19/><T55/><D28/><U51/><E8/><V18/><F18/><W77/><AGARI ba="0,0" hai="5,6,61,64,68,76,77,79" m="9359,48169" machi="77" ten="30,7900,0" yaku="18,1,52,2,54,1" doraHai="2" who="3" fromWho="3" sc="280,-20,205,-20,293,-39,222,79" /><INIT seed="7,0,0,3,5,51" ten="260,185,254,301" oya="3" hai0="117,69,57,90,67,127,84,77,19,85,88,120,102" hai1="24,96,121,130,115,131,36,3,40,33,107,133,74" hai2="53,83,34,55,81,9,54,45,44,26,124,105,48" hai3="75,29,28,82,110,59,94,73,114,122,65,46,119"/><W93/><G119/><T58/><D69/><U111/><RYUUKYOKU type="yao9" ba="0,0" sc="260,0,185,0,254,0,301,0" hai1="3,24,33,36,40,74,96,107,111,115,121,130,131,133" /><INIT seed="7,1,0,4,2,101" ten="260,185,254,301" oya="3" hai0="64,69,4,84,71,36,118,66,74,24,119,102,92" hai1="106,7,57,100,9,63,97,128,117,123,33,72,65" hai2="82,29,5,77,105,26,111,83,116,62,85,127,44" hai3="11,109,133,13,120,79,39,50,130,98,56,38,91"/><W35/><G35/><T67/><D74/><U88/><E123/><V93/><F116/><W55/><G120/><T60/><D36/><U48/><E128/><V6/><F111/><W124/><G130/><T34/><D67/><U129/><E129/><V28/><F105/><W90/><G109/><T40/><D40/><U37/><E37/><V2/><F2/><W108/><G108/><T70/><D70/><U16/><E72/><V17/><F127/><W115/><G124/><T3/><D84/><U42/><E33/><V104/><F104/><W30/><G30/><N who="2" m="11881" /><F83/><W31/><G31/><N who="0" m="19815" /><D92/><U15/><E117/><V51/><F62/><W99/><G133/><T113/><D102/><U94/><E7/><V49/><F93/><W110/><G110/><T96/><D96/><U122/><E122/><V86/><F86/><W27/><G27/><T68/><D113/><U22/><E22/><N who="2" m="13647" /><F51/><W107/><G115/><T126/><D126/><U1/><E1/><V19/><F19/><W80/><G39/><T58/><D66/><U52/><E106/><V53/><AGARI ba="1,0" hai="5,6,44,49,53,77,82,85" m="13647,11881" machi="53" ten="30,1100,0" yaku="8,1" doraHai="101" who="2" fromWho="2" sc="260,-4,185,-4,254,14,301,-6" /><INIT seed="8,0,0,4,4,12" ten="256,181,268,295" oya="0" hai0="25,72,65,98,121,85,35,0,61,113,16,130,135" hai1="84,67,81,111,50,119,54,115,2,60,49,116,26" hai2="131,104,80,134,4,52,120,36,37,125,128,69,17" hai3="64,9,55,46,48,112,66,90,14,21,68,107,73"/><T51/><D121/><U82/><E2/><V99/><F69/><W101/><G112/><T32/><D72/><U97/><E111/><V88/><F120/><W87/><G73/><T108/><D0/><U122/><E122/><V95/><F104/><W118/><G68/><T86/><D113/><U22/><E115/><V62/><F4/><W129/><G129/><N who="2" m="49737" /><F125/><W31/><G118/><N who="1" m="45098" /><E97/><V7/><F7/><N who="3" m="3391" /><G101/><T44/><D108/><U15/><E15/><V126/><F17/><W33/><G33/><T63/><D135/><U23/><E23/><V38/><F126/><W56/><G46/><T41/><D130/><U6/><E6/><V58/><F80/><N who="1" m="30825" /><E84/><V132/><AGARI ba="0,0" hai="36,37,38,52,58,62,88,95,99,132,134" m="49737" machi="132" ten="40,5200,0" yaku="19,1,54,2" doraHai="12" who="2" fromWho="2" sc="256,-26,181,-13,268,52,295,-13" owari="230,-17.0,168,-33.0,320,42.0,282,8.0" /></mjloggm>