<mjloggm ver="2.3"><GO type="97" lobby="0"/><UN n0="%E4%BF%BA%E3%81%A8%E5%A6%96%E5%A4%A2" n1="%E6%88%90%E5%8A%9F%E2%98%85" n2="%E5%B0%B1%E6%B4%BB%E7%94%9F%40%E5%B7%9D%E6%9D%91%E8%BB%8D%E5%9B%A3" n3="%E3%83%88%E3%82%A4%E3%83%BC%E3%83%84%EF%BC%88%E7%AC%91%EF%BC%89" dan="14,13,15,15" rate="1923.84,1869.12,2057.32,2020.11" sx="F,M,M,M"/><TAIKYOKU oya="0"/><INIT seed="0,0,0,5,5,7" ten="250,250,250,250" oya="0" hai0="54,22,97,106,81,38,115,6,95,128,5,80,62" hai1="112,129,24,93,124,123,104,73,121,134,92,27,99" hai2="56,76,60,42,0,8,118,105,13,30,131,63,90" hai3="31,102,67,69,2,26,79,83,20,98,12,101,3"/><T10/><D115/><U116/><E116/><V77/><F0/><W15/><G102/><T29/><D106/><U34/><E73/><V18/><F105/><W59/><G69/><T58/><D38/><U100/><E112/><V35/><F131/><W122/><G122/><T130/><D29/><U111/><E129/><N who="0" m="49769" /><D22/><U53/><E111/><V21/><F35/><W114/><G114/><T74/><D74/><U96/><E124/><V45/><F90/><W103/><G103/><N who="0" m="60863" /><D5/><U117/><E117/><V126/><F126/><W41/><G41/><T109/><D109/><U87/><E134/><V89/><F89/><W125/><G125/><T9/><D9/><U49/><E87/><V68/><F68/><W19/><G31/><T71/><D71/><U120/><E34/><V135/><F135/><W39/><G39/><T40/><D40/><U4/><E4/><V113/><F113/><W127/><G127/><T55/><D55/><U47/><REACH who="1" step="1"/><E104/><REACH who="1" ten="250,240,250,250" step="2"/><V28/><F118/><W70/><G2/><AGARI ba="0,1" hai="2,6,10,54,58,62,80,81" m="60863,49769" machi="2" ten="30,2900,0" yaku="19,1,52,1" doraHai="7" who="0" fromWho="3" sc="250,39,240,0,250,0,250,-29" /><INIT seed="0,1,0,4,1,107" ten="289,240,250,221" oya="0" hai0="114,11,17,13,68,135,10,31,26,124,46,58,51" hai1="119,84,52,130,85,89,63,34,117,20,88,99,76" hai2="92,131,53,21,22,16,3,8,101,49,2,62,65" hai3="103,116,71,33,6,56,18,30,55,57,15,120,98"/><T72/><D114/><U112/><E34/><V39/><F39/><W110/><G71/><T50/><D68/><U118/><E112/><V41/><F41/><W61/><G116/><T12/><D135/><U132/><E132/><V105/><F105/><W9/><G120/><T121/><D121/><U60/><E130/><V93/><F131/><W36/><G36/><T48/><D124/><U77/><E99/><V42/><F42/><W81/><G110/><T45/><D58/><U80/><E20/><V14/><F3/><W0/><G81/><T125/><D125/><U59/><REACH who="1" step="1"/><E60/><REACH who="1" ten="289,230,250,221" step="2"/><V78/><F22/><W79/><G33/><T28/><D10/><U129/><E129/><V37/><F21/><W35/><G35/><T29/><D11/><U66/><E66/><V5/><F8/><W96/><G96/><T95/><D45/><U133/><E133/><V54/><F62/><W44/><G44/><T134/><D46/><U97/><E97/><V111/><F65/><W4/><G0/><T113/><D134/><U70/><E70/><V75/><F2/><W1/><G1/><T128/><D128/><U64/><E64/><V24/><F111/><W86/><G56/><T106/><D113/><U7/><E7/><V91/><F5/><W27/><G4/><T67/><D67/><U38/><E38/><V123/><F37/><W47/><G6/><T87/><D48/><U104/><E104/><V83/><F49/><W90/><G47/><T122/><D51/><U74/><E74/><V40/><F123/><W69/><G69/><T109/><D122/><U126/><E126/><RYUUKYOKU ba="1,1" sc="289,-10,230,30,250,-10,221,-10" hai1="52,59,63,76,77,80,84,85,88,89,117,118,119" /><INIT seed="1,2,1,0,2,37" ten="279,260,240,211" oya="1" hai0="101,111,67,133,17,48,105,98,90,76,13,29,132" hai1="23,115,95,26,61,86,10,69,93,78,25,75,4" hai2="56,12,124,112,27,41,58,57,50,28,121,117,64" hai3="30,126,130,73,3,88,14,45,42,9,53,52,102"/><U0/><E75/><V97/><F117/><W134/><G73/><T60/><D111/><U100/><E115/><V103/><F124/><W92/><G3/><T19/><D76/><U94/><E100/><V99/><F121/><W131/><G126/><T114/><D114/><U49/><E49/><V89/><F112/><W128/><G30/><T31/><D90/><U80/><REACH who="1" step="1"/><E23/><REACH who="1" ten="279,250,240,211" step="2"/><N who="2" m="15487" /><F103/><W91/><G102/><T123/><D48/><U39/><E39/><V21/><F64/><AGARI ba="2,2" hai="0,4,10,25,26,61,64,69,78,80,86,93,94,95" machi="64" ten="40,2000,0" yaku="1,1,53,0" doraHai="37" doraHaiUra="44" who="1" fromWho="2" sc="279,0,250,46,240,-26,211,0" /><INIT seed="1,3,0,2,4,81" ten="279,296,214,211" oya="1" hai0="128,133,42,21,27,29,109,10,4,93,129,126,31" hai1="20,77,38,2,59,116,65,18,3,78,97,32,74" hai2="80,72,11,127,62,91,119,43,131,120,46,79,69" hai3="48,134,45,125,14,117,89,122,25,103,39,7,57"/><U118/><E118/><V107/><F107/><W88/><G122/><T114/><D114/><U19/><E116/><V47/><F120/><W98/><G117/><T17/><D42/><U15/><E32/><V66/><F127/><W63/><G125/><T5/><D126/><U124/><E38/><V104/><F131/><N who="0" m="50250" /><D93/><U6/><E124/><V22/><F104/><W100/><G39/><T111/><D133/><U30/><E30/><N who="0" m="11273" /><D4/><U36/><E36/><V99/><F119/><W105/><G103/><T96/><D96/><U1/><E97/><V58/><F69/><W54/><G25/><T84/><D84/><U113/><E113/><V76/><F76/><W86/><G86/><T68/><D68/><U121/><E121/><V28/><F43/><W44/><G134/><T130/><N who="0" m="50258" /><T49/><DORA hai="0" /><D49/><U115/><E115/><V92/><F11/><W108/><G108/><T24/><D24/><U90/><E90/><V112/><F112/><W75/><G75/><T40/><D40/><U12/><E6/><V71/><F71/><W85/><G85/><T50/><D50/><U9/><REACH who="1" step="1"/><E74/><REACH who="1" ten="279,286,214,211" step="2"/><V51/><F72/><W106/><G106/><T123/><D123/><U34/><E34/><V64/><F91/><W37/><G37/><T110/><D110/><U56/><E56/><V52/><F99/><W82/><G98/><T26/><D26/><U73/><E73/><V101/><F101/><W135/><G135/><T94/><D94/><U61/><AGARI ba="3,1" hai="1,2,3,9,12,15,18,19,20,59,61,65,77,78" machi="61" ten="40,12000,1" yaku="1,1,0,1,53,3" doraHai="81,0" doraHaiUra="41,33" who="1" fromWho="1" sc="279,-43,286,139,214,-43,211,-43" /><INIT seed="1,4,0,5,3,119" ten="236,425,171,168" oya="1" hai0="7,8,39,15,52,34,68,121,60,105,100,9,61" hai1="30,19,133,31,18,6,106,10,22,116,73,12,132" hai2="87,37,49,94,43,102,36,114,109,42,71,23,91" hai3="83,124,21,4,66,64,53,117,128,131,111,54,14"/><U38/><E106/><V74/><F74/><W130/><G124/><T92/><D34/><U88/><E73/><V129/><F71/><W1/><G111/><T72/><D72/><U45/><E38/><V69/><F69/><W20/><G117/><T96/><D39/><U82/><E45/><V108/><F129/><W26/><G1/><T85/><D121/><U55/><E55/><V93/><F23/><W84/><G4/><T98/><D85/><N who="1" m="50231" /><E116/><V118/><F118/><W76/><G14/><T11/><D60/><U13/><E6/><V115/><F49/><W103/><G103/><T113/><D113/><N who="2" m="43018" /><F37/><W48/><G21/><T40/><D40/><N who="2" m="15402" /><F36/><W120/><G120/><T67/><REACH who="0" step="1"/><D52/><REACH who="0" ten="226,425,171,168" step="2"/><N who="3" m="20073" /><G48/><T65/><D65/><U99/><E99/><AGARI ba="4,1" hai="87,91,93,94,99,102,108,109" m="15402,43018" machi="99" ten="30,1000,0" yaku="11,1" doraHai="119" who="2" fromWho="1" sc="226,0,425,-22,171,32,168,0" /><INIT seed="2,0,0,0,0,45" ten="226,403,203,168" oya="2" hai0="18,57,76,1,92,13,112,4,108,31,121,2,61" hai1="85,26,55,65,14,38,72,6,36,37,66,17,105" hai2="16,134,129,9,84,103,94,5,62,124,30,7,109" hai3="77,119,89,115,12,28,25,34,70,83,29,39,48"/><V90/><F30/><W104/><G104/><T24/><D121/><U75/><E105/><V97/><F124/><W58/><G70/><T125/><D125/><U130/><E130/><V22/><F129/><W118/><G39/><T11/><D112/><U80/><E6/><V27/><F134/><W96/><G29/><T40/><D108/><U8/><E26/><V113/><F113/><W63/><G48/><T47/><D76/><U133/><E133/><V59/><F9/><W32/><G32/><T106/><D106/><U91/><REACH who="1" step="1"/><E55/><REACH who="1" ten="226,393,203,168" step="2"/><N who="2" m="34175" /><F109/><W98/><G115/><T132/><D132/><U95/><E95/><AGARI ba="0,1" hai="5,7,16,22,27,84,90,94,95,97,103" m="34175" machi="95" ten="30,2900,0" yaku="8,1,54,1" doraHai="45" who="2" fromWho="1" sc="226,0,393,-29,203,39,168,0" /><INIT seed="2,1,0,3,0,66" ten="226,364,242,168" oya="2" hai0="73,110,3,65,132,0,104,63,25,77,125,69,93" hai1="113,32,119,53,111,64,88,70,117,79,98,124,31" hai2="28,83,7,85,101,59,44,38,22,8,109,102,52" hai3="75,42,92,10,39,27,60,133,5,43,100,99,120"/><V82/><F38/><W1/><G120/><T107/><D93/><N who="1" m="56615" /><E113/><V103/><F109/><W105/><G75/><T127/><D110/><U17/><E79/><V49/><F28/><W48/><G133/><T72/><D25/><N who="1" m="18543" /><E111/><V37/><F22/><W78/><G78/><T71/><D132/><U122/><E17/><V95/><F37/><W33/><G39/><T24/><D24/><U45/><E45/><V81/><F44/><W116/><G116/><T21/><D21/><U121/><E53/><V58/><F59/><W80/><G80/><N who="0" m="45095" /><D73/><U13/><E13/><N who="2" m="5279" /><F95/><W106/><G92/><T134/><D134/><U96/><E96/><V4/><F4/><W89/><G106/><N who="0" m="40491" /><D69/><U56/><E56/><V84/><AGARI ba="1,0" hai="49,52,58,81,82,83,84,85,101,102,103" m="5279" machi="84" ten="40,3900,0" yaku="8,1,54,1" doraHai="66" who="2" fromWho="2" sc="226,-14,364,-14,242,42,168,-14" /><INIT seed="2,2,0,3,3,48" ten="212,350,284,154" oya="2" hai0="46,95,30,49,96,63,43,45,115,127,47,106,84" hai1="38,107,2,108,64,50,0,27,88,22,74,75,28" hai2="92,87,3,19,135,103,131,52,70,10,15,117,44" hai3="32,97,91,59,9,79,62,65,34,54,83,90,112"/><V93/><F70/><W17/><G112/><T100/><D115/><U24/><E38/><V67/><F117/><W68/><G34/><T12/><D127/><U130/><E107/><V132/><F3/><W120/><G32/><T129/><D129/><U121/><E0/><V18/><F67/><W61/><G120/><T51/><D30/><U89/><E2/><V57/><F44/><W123/><G123/><T81/><D106/><U25/><E121/><V109/><F109/><W119/><G119/><T71/><D12/><U85/><E108/><V116/><F116/><W8/><G17/><T56/><D71/><U29/><E130/><V124/><F124/><W66/><G66/><N who="0" m="39271" /><D43/><U69/><E50/><N who="2" m="30871" /><F103/><W23/><G23/><T99/><D99/><U78/><E78/><AGARI ba="2,0" hai="45,46,47,49,51,78,81,84,95,96,100" m="39271" machi="78" ten="30,1000,0" yaku="8,1" doraHai="48" who="0" fromWho="1" sc="212,16,350,-16,284,0,154,0" /><INIT seed="3,0,0,4,1,87" ten="228,334,284,154" oya="3" hai0="2,16,128,98,46,72,13,112,83,8,0,28,108" hai1="107,79,9,11,124,15,109,68,61,37,66,106,62" hai2="67,118,134,89,59,21,122,97,123,86,24,53,20" hai3="1,114,111,91,104,120,34,27,81,90,63,45,39"/><W131/><G120/><N who="2" m="46121" /><F118/><W32/><G114/><T94/><D112/><U7/><E37/><V5/><F5/><W69/><G104/><T41/><D108/><U57/><E109/><V23/><F134/><W74/><G1/><T18/><D128/><U93/><E124/><V38/><F38/><W17/><G111/><T126/><D126/><U119/><E119/><V73/><F73/><W110/><G110/><T30/><D2/><U64/><E79/><V4/><F4/><W65/><G131/><T77/><D18/><U88/><REACH who="1" step="1"/><E11/><REACH who="1" ten="228,324,284,154" step="2"/><V135/><F135/><W26/><G39/><T132/><D132/><U58/><E58/><V19/><F67/><W130/><G45/><T22/><D8/><U115/><E115/><V25/><F25/><W6/><G130/><T76/><D76/><U84/><AGARI ba="0,1" hai="7,9,15,57,61,62,64,66,68,84,88,93,106,107" machi="84" ten="20,8000,1" yaku="1,1,0,1,7,1,52,1,54,1,53,0" doraHai="87" doraHaiUra="127" who="1" fromWho="1" sc="228,-20,324,90,284,-20,154,-40" owari="208,-19.0,414,52.0,264,6.0,114,-39.0" /></mjloggm>