<mjloggm ver="2.3"><GO type="169" lobby="0"/><UN n0="%E7%A8%B2%E4%BD%9C%E3%83%B4%E3%82%A9%E3%83%AB%E3%82%B1%E3%82%A4%E3%83%8E" n1="%E2%98%86%EF%BC%B2%EF%BC%8E%EF%BC%A4%EF%BC%8E%E2%98%85" n2="%E3%82%A6%E3%83%AB%E3%83%88%E3%83%A9%E7%AB%8B%E7%9B%B4" n3="%E3%82%88%E3%83%BC%EF%BC%A0%E3%83%AD%E3%83%83%E3%82%AF" dan="17,16,17,16" rate="2126.55,2102.44,2163.01,2109.93" sx="M,M,M,M"/><TAIKYOKU oya="0"/><INIT seed="0,0,0,2,2,44" ten="250,250,250,250" oya="0" hai0="119,126,114,55,99,133,43,113,76,12,52,35,103" hai1="72,135,130,17,70,131,77,96,32,98,47,120,61" hai2="92,65,46,45,123,5,10,85,83,75,105,53,74" hai3="60,19,73,79,15,7,20,57,101,59,2,8,58"/><T108/><D119/><U88/><E120/><V18/><F105/><W14/><G101/><T68/><D35/><U112/><E135/><V69/><F123/><W40/><G40/><T34/><D34/><U81/><E112/><V37/><F18/><W0/><G79/><T38/><D68/><U128/><E32/><V116/><F116/><W66/><REACH who="3" step="1"/><G73/><REACH who="3" ten="250,250,250,240" step="2"/><T3/><D76/><U48/><E72/><V97/><F75/><W71/><AGARI ba="0,1" hai="0,2,7,8,14,15,19,20,57,58,59,60,66,71" machi="71" ten="30,4000,0" yaku="1,1,2,1,0,1,53,0" doraHai="44" doraHaiUra="94" who="3" fromWho="3" sc="250,-20,250,-10,250,-10,240,50" /><INIT seed="1,0,0,1,5,49" ten="230,240,240,290" oya="1" hai0="111,66,11,42,102,61,8,29,10,5,131,104,26" hai1="110,63,39,54,122,21,71,113,22,9,119,132,24" hai2="120,84,1,2,90,109,98,92,107,59,89,4,20" hai3="117,31,51,97,95,123,52,65,127,55,48,118,82"/><U23/><E113/><V68/><F120/><W19/><G127/><T128/><D111/><U32/><E122/><V115/><F109/><W50/><G123/><T80/><D42/><U58/><E110/><V91/><F115/><W15/><G31/><T101/><D5/><U134/><E119/><N who="3" m="45578" /><G82/><T41/><D41/><U88/><E39/><V37/><F68/><W99/><G65/><T75/><D80/><U27/><E32/><V96/><F37/><W28/><G28/><T53/><D75/><U46/><E71/><V6/><F20/><N who="3" m="11391" /><G99/><T3/><D3/><U121/><E121/><V129/><F129/><N who="0" m="49738" /><D104/><U64/><E9/><V12/><F107/><W124/><G124/><T81/><D81/><U73/><E73/><V44/><F96/><W0/><G0/><T86/><D86/><U79/><E79/><V25/><F98/><W114/><G114/><T100/><D53/><U69/><E46/><V56/><F44/><W7/><G7/><T83/><D83/><U103/><E103/><AGARI ba="0,0" hai="48,50,51,52,55,95,97,103" m="11391,45578" machi="103" ten="30,7700,0" yaku="12,1,52,2,54,1" doraHai="49" who="3" fromWho="1" sc="230,0,240,-77,240,0,290,77" /><INIT seed="2,0,0,3,3,121" ten="230,163,240,367" oya="2" hai0="5,102,135,88,84,132,17,134,35,119,15,36,122" hai1="23,31,90,54,69,51,64,56,2,114,18,99,127" hai2="131,80,11,41,42,100,70,116,44,37,19,59,58" hai3="117,52,78,120,93,92,91,66,25,32,9,55,103"/><V4/><F116/><W7/><G120/><T94/><D122/><U105/><E114/><V72/><F131/><W60/><G78/><T43/><D119/><U3/><E31/><V83/><F70/><W113/><G117/><T26/><D102/><U21/><E127/><V16/><F100/><W33/><G103/><T45/><D5/><U118/><E105/><V67/><F42/><W74/><G74/><T53/><D53/><U115/><E115/><V96/><F96/><W29/><G33/><T106/><D106/><U38/><E38/><V39/><F39/><W34/><G34/><T63/><D63/><U24/><E118/><V77/><F83/><W104/><G104/><T49/><D36/><U123/><E123/><V101/><F101/><W12/><G113/><T108/><D108/><U89/><E23/><V112/><F112/><W82/><G82/><T8/><D35/><U68/><E68/><V46/><F46/><W85/><REACH who="3" step="1"/><G93/><REACH who="3" ten="230,163,240,357" step="2"/><T50/><D134/><U48/><E90/><V73/><F72/><W62/><G62/><T126/><D132/><U98/><E89/><V95/><F95/><W109/><G109/><T22/><D135/><U57/><E48/><V0/><F67/><W47/><G47/><T40/><D126/><U110/><E110/><V75/><F75/><W61/><G61/><T128/><D128/><U130/><E130/><V133/><F133/><W1/><G1/><N who="1" m="10" /><E69/><AGARI ba="0,1" hai="7,9,12,25,29,32,52,55,60,66,69,85,91,92" machi="69" ten="30,3900,0" yaku="1,1,7,1,54,1,53,0" doraHai="121" doraHaiUra="71" who="3" fromWho="1" sc="230,0,163,-39,240,0,357,49" /><INIT seed="3,0,0,4,3,86" ten="230,124,240,406" oya="3" hai0="98,123,129,29,120,60,107,53,92,12,77,31,110" hai1="79,54,9,0,83,135,66,112,61,45,67,64,81" hai2="94,80,62,35,109,101,93,20,103,56,85,42,49" hai3="19,55,133,90,33,6,40,37,57,127,51,97,111"/><W39/><G33/><T14/><D107/><U116/><E116/><V52/><F35/><W8/><G127/><T28/><D110/><U104/><E112/><V47/><F109/><W21/><G133/><T46/><D129/><U38/><E135/><V34/><F34/><W113/><G40/><T108/><D108/><U122/><E122/><V131/><F131/><W3/><G113/><T4/><D77/><U24/><E104/><V63/><F20/><W126/><G126/><T124/><D124/><U23/><E38/><V13/><F13/><W114/><G114/><T87/><D87/><U73/><E83/><V134/><F134/><W11/><G11/><T69/><D69/><U7/><E45/><V36/><F36/><W76/><G76/><T128/><D128/><U65/><E54/><V72/><F72/><W17/><G17/><T2/><D2/><U100/><E100/><N who="2" m="38475" /><F63/><W121/><G111/><T96/><D60/><U15/><E0/><V75/><F75/><W41/><G41/><T43/><D53/><U84/><E73/><V10/><F10/><W78/><G37/><T89/><D4/><U32/><E32/><V59/><F59/><W115/><G39/><N who="0" m="21887" /><D123/><U68/><REACH who="1" step="1"/><E67/><REACH who="1" ten="230,114,240,406" step="2"/><V27/><F93/><N who="3" m="56503" /><G121/><T91/><D120/><U105/><E105/><V26/><F94/><W119/><G119/><T88/><D92/><U95/><E95/><V1/><F1/><W25/><G115/><T18/><D96/><U16/><AGARI ba="0,1" hai="7,9,15,16,23,24,61,64,65,66,68,79,81,84" machi="16" ten="20,5200,0" yaku="1,1,0,1,7,1,54,1,53,0" doraHai="86" doraHaiUra="70" who="1" fromWho="1" sc="230,-13,114,62,240,-13,406,-26" /><INIT seed="4,0,0,1,1,77" ten="217,176,227,380" oya="0" hai0="16,2,83,79,130,8,122,134,64,68,93,27,36" hai1="28,12,95,55,98,44,117,104,10,11,23,113,135" hai2="46,108,25,129,126,91,96,7,33,103,61,74,111" hai3="102,13,125,73,5,24,94,51,1,56,21,6,37"/><T76/><D122/><U18/><E117/><V57/><F126/><W20/><G37/><T39/><D130/><U50/><E104/><V89/><F129/><W43/><G1/><T92/><D134/><U34/><E135/><V41/><F7/><W70/><G70/><T116/><D116/><U78/><E113/><V119/><F119/><W127/><G73/><T82/><D2/><U105/><E105/><V52/><F74/><W60/><G13/><T87/><D64/><U48/><E78/><V75/><F75/><W81/><G21/><T31/><D68/><U32/><E32/><V107/><F25/><W114/><G114/><T124/><D124/><U84/><E84/><V38/><REACH who="2" step="1"/><F33/><REACH who="2" ten="217,176,217,380" step="2"/><W4/><G4/><T120/><D120/><U123/><E123/><V67/><F67/><W128/><G5/><T121/><D121/><U35/><E35/><V85/><F85/><W47/><G6/><T110/><D31/><U15/><E34/><V62/><F62/><W132/><G128/><T63/><D63/><U59/><E28/><V49/><F49/><W71/><G60/><T19/><D87/><U99/><E99/><V112/><F112/><W97/><G97/><T101/><D27/><U3/><E3/><V53/><F53/><W72/><G24/><T88/><D36/><U9/><E12/><V22/><F22/><W66/><G127/><T42/><D39/><U100/><E23/><V54/><F54/><AGARI ba="0,1" hai="9,10,11,15,18,44,48,50,54,55,59,95,98,100" machi="54" ten="30,2000,0" yaku="7,1,8,1" doraHai="77" who="1" fromWho="2" sc="217,0,176,30,217,-20,380,0" /><INIT seed="5,0,0,4,5,100" ten="217,206,197,380" oya="1" hai0="116,80,16,90,5,36,106,84,76,117,86,85,77" hai1="74,87,25,71,88,21,97,50,81,12,119,120,40" hai2="131,0,126,41,60,26,111,118,78,105,4,114,93" hai3="28,72,82,123,134,20,22,99,68,83,132,89,43"/><U64/><E119/><N who="0" m="45641" /><D5/><U54/><E120/><V61/><F111/><W15/><G68/><T98/><D16/><N who="1" m="12455" /><E71/><V31/><F118/><W75/><G43/><T17/><D17/><U52/><E74/><V44/><F105/><W18/><G123/><T104/><D36/><U69/><E69/><V14/><F131/><W42/><G42/><T13/><D13/><U67/><E12/><V6/><F126/><W65/><G65/><N who="1" m="25162" /><E97/><V37/><F114/><W94/><G75/><N who="0" m="43039" /><D77/><U19/><E19/><V3/><F78/><W113/><G113/><T49/><D49/><U45/><AGARI ba="0,0" hai="40,45,50,52,54,81,87,88" m="25162,12455" machi="45" ten="30,11700,0" yaku="8,1,54,3" doraHai="100" who="1" fromWho="1" sc="217,-39,206,117,197,-39,380,-39" /><INIT seed="5,1,0,0,0,39" ten="178,323,158,341" oya="1" hai0="74,34,95,113,111,130,114,62,50,64,48,78,30" hai1="132,135,105,2,16,127,123,21,79,96,81,97,98" hai2="58,5,100,53,70,23,122,33,47,67,69,112,93" hai3="124,72,13,84,80,19,126,17,106,134,109,38,101"/><U94/><E123/><V57/><F33/><W26/><G72/><T9/><D111/><U118/><E118/><V82/><F5/><W121/><G109/><T85/><D130/><U14/><E2/><V86/><F23/><W36/><G121/><T40/><D74/><N who="1" m="43255" /><E127/><N who="3" m="48682" /><G134/><N who="1" m="51242" /><E105/><V51/><F93/><AGARI ba="1,0" hai="14,16,21,93,94,96,97,98" m="51242,43255" machi="93" ten="30,2900,0" yaku="20,1,54,1" doraHai="39" who="1" fromWho="2" sc="178,0,323,32,158,-32,341,0" /><INIT seed="5,2,0,4,5,37" ten="178,355,126,341" oya="1" hai0="72,131,59,63,45,2,61,101,92,3,96,10,124" hai1="125,1,113,100,84,73,16,74,135,56,4,103,23" hai2="17,81,66,95,26,127,52,21,79,35,108,14,36" hai3="78,118,133,93,98,128,116,18,94,9,120,42,132"/><U49/><E113/><V82/><F108/><W54/><G120/><T32/><D32/><U58/><E125/><V46/><F127/><W64/><G128/><T88/><D124/><U91/><E135/><N who="3" m="51786" /><G64/><T65/><D131/><U111/><E111/><V12/><F66/><W57/><G78/><T97/><D72/><U80/><E73/><V90/><F35/><W40/><G18/><T134/><D134/><U102/><E74/><V51/><F36/><W34/><G9/><T110/><D110/><U89/><E1/><V29/><F79/><W60/><G34/><T129/><D129/><U68/><E68/><V5/><F5/><W53/><G53/><T7/><D63/><U87/><E49/><V83/><REACH who="2" step="1"/><F17/><REACH who="2" ten="178,355,116,341" step="2"/><W105/><G118/><T19/><D19/><U43/><E4/><V85/><AGARI ba="2,1" hai="12,14,21,26,29,46,51,52,81,82,83,85,90,95" machi="85" ten="30,12000,2" yaku="1,1,2,1,0,1,8,1,54,1,53,1" doraHai="37" doraHaiUra="48" who="2" fromWho="2" sc="178,-32,355,-62,116,136,341,-32" /><INIT seed="6,0,0,2,1,11" ten="146,293,252,309" oya="2" hai0="107,109,82,28,57,48,70,18,16,90,133,13,68" hai1="5,73,56,47,111,59,100,101,116,129,128,23,127" hai2="21,114,3,45,80,32,33,86,76,35,52,89,19" hai3="24,14,67,108,92,72,96,0,53,51,62,44,58"/><V88/><F3/><W65/><G108/><T29/><D107/><U125/><E111/><V40/><F114/><W20/><G0/><T120/><D109/><U22/><E116/><V124/><F124/><W46/><G72/><T41/><D120/><U2/><E73/><V112/><F112/><W4/><G4/><T134/><D82/><U54/><E2/><V126/><F126/><N who="1" m="48137" /><E5/><V61/><F61/><W10/><G10/><T118/><D118/><U39/><E22/><V106/><F106/><W81/><G81/><T36/><D36/><U30/><E30/><N who="0" m="11881" /><D90/><U99/><E23/><V1/><F1/><W117/><G117/><T15/><D41/><N who="1" m="22975" /><E100/><V69/><F69/><N who="0" m="26730" /><D48/><N who="1" m="30791" /><E59/><V37/><REACH who="2" step="1"/><F52/><REACH who="2" ten="146,293,242,309" step="2"/><W83/><G53/><T78/><D57/><U77/><E77/><V49/><F49/><W102/><G51/><T87/><D78/><U123/><E123/><V132/><F132/><N who="0" m="50794" /><D87/><U6/><E6/><V74/><F74/><W131/><G58/><T130/><D130/><U98/><E98/><V103/><F103/><W113/><G131/><T95/><D95/><AGARI ba="0,1" hai="95,99,101,128,129" m="30791,22975,48137" machi="95" ten="30,1000,0" yaku="18,1" doraHai="11" who="1" fromWho="0" sc="146,-10,293,20,242,0,309,0" /><INIT seed="7,0,0,0,3,80" ten="136,313,242,309" oya="3" hai0="134,16,129,43,66,115,64,32,40,76,52,63,20" hai1="135,107,88,111,91,57,61,97,98,74,50,79,128" hai2="71,122,30,21,1,132,24,81,10,109,4,17,44" hai3="86,90,6,68,54,0,26,75,70,35,11,120,100"/><W42/><G120/><T103/><D32/><U22/><E111/><V87/><F71/><W65/><G75/><T110/><D110/><U2/><E2/><V39/><F109/><W23/><G100/><T53/><D115/><U72/><E135/><V55/><F132/><W69/><G35/><T34/><D134/><U67/><E128/><V102/><F102/><W73/><G73/><T51/><D34/><U25/><E72/><V37/><F122/><W18/><G42/><T5/><D129/><U118/><E118/><V123/><F123/><W7/><G7/><T28/><D28/><U117/><E117/><V38/><F55/><W96/><G96/><N who="1" m="36970" /><E107/><V33/><F44/><W108/><G108/><T59/><D103/><U3/><E3/><V124/><F124/><W48/><G65/><T9/><D76/><U8/><E8/><V125/><F125/><W47/><G69/><T106/><D106/><U113/><E113/><V41/><F41/><W13/><G0/><T77/><D77/><U121/><E121/><V130/><F130/><W14/><G14/><T104/><D104/><U49/><E79/><V58/><F58/><W60/><G60/><T112/><D112/><U62/><E62/><V29/><F29/><W116/><G116/><T31/><D31/><N who="1" m="17847" /><E74/><V105/><F105/><W126/><G126/><T78/><D78/><U12/><E12/><V101/><F101/><W83/><AGARI ba="0,0" hai="6,11,13,18,23,26,47,48,54,68,70,83,86,90" machi="83" ten="20,3900,0" yaku="0,1,7,1,52,1" doraHai="80" who="3" fromWho="3" sc="136,-13,313,-13,242,-13,309,39" owari="123,-38.0,300,10.0,229,-17.0,348,45.0" /></mjloggm>