<mjloggm ver="2.3"><GO type="225" lobby="0"/><UN n0="%E3%81%8A%E3%83%BC%E3%81%8F%E3%82%8A%E3%83%BC%E2%99%AA" n1="%E9%9B%80%E9%BE%8D%E9%96%80%5F%59%75%74%69" n2="%E3%83%90%E3%82%B9%E3%82%BF%E3%83%BC%E5%90%9B" n3="%E5%B0%B1%E6%B4%BB%E7%94%9F%40%E5%B7%9D%E6%9D%91%E8%BB%8D%E5%9B%A3" dan="17,16,16,16" rate="2139.91,2124.33,2094.32,2085.19" sx="M,M,M,M"/><TAIKYOKU oya="0"/><INIT seed="0,0,0,5,0,70" ten="250,250,250,250" oya="0" hai0="23,35,46,113,130,119,6,69,44,61,109,29,112" hai1="114,51,2,131,95,27,71,107,53,134,82,76,49" hai2="58,4,26,72,28,77,103,79,89,56,16,78,97" hai3="108,52,8,105,20,88,96,115,104,116,1,117,118"/><T18/><D119/><U42/><E107/><V80/><F4/><W38/><G115/><T75/><D75/><U120/><E71/><V57/><F89/><W65/><G38/><T24/><D6/><U100/><E2/><V12/><F26/><W63/><G108/><T11/><D109/><U111/><E42/><V102/><F28/><W90/><G20/><T135/><D11/><U14/><E53/><V10/><REACH who="2" step="1"/><F103/><REACH who="2" ten="250,250,240,250" step="2"/><W127/><G90/><T62/><D112/><U21/><E100/><V33/><F33/><W124/><G88/><T99/><D113/><U55/><E27/><V7/><F7/><W110/><G110/><T54/><D35/><U64/><E114/><V50/><F50/><W31/><G31/><T17/><D29/><U45/><E51/><V122/><F122/><W87/><G117/><T101/><D101/><U98/><E49/><V93/><AGARI ba="0,1" hai="10,12,16,56,57,58,72,77,78,79,80,93,97,102" machi="93" ten="30,4000,0" yaku="1,1,0,1,54,1,53,0" doraHai="70" doraHaiUra="121" who="2" fromWho="2" sc="250,-20,250,-10,240,50,250,-10" /><INIT seed="1,0,0,3,0,30" ten="230,240,290,240" oya="1" hai0="132,86,34,83,7,94,2,8,122,14,77,102,135" hai1="127,109,20,12,9,87,78,70,118,68,0,82,76" hai2="100,71,111,51,117,91,17,22,116,49,44,106,113" hai3="85,115,110,25,99,38,5,134,40,123,37,103,48"/><U62/><E118/><V67/><F113/><W131/><G123/><T112/><D112/><U133/><E127/><V84/><F111/><W97/><G115/><T120/><D2/><U73/><E133/><N who="0" m="51273" /><D34/><U108/><E0/><V92/><F51/><W35/><G110/><N who="1" m="42602" /><E20/><V1/><F1/><W125/><G5/><T23/><D23/><U46/><E46/><V98/><F67/><W95/><G131/><T104/><D104/><U72/><E62/><V69/><F116/><W32/><G125/><T10/><D10/><U19/><E76/><V79/><F79/><W96/><G134/><T33/><D33/><U66/><E66/><V36/><F36/><W65/><G65/><T80/><D80/><U6/><E6/><V121/><F117/><W58/><G25/><T60/><D60/><U15/><E12/><V63/><F63/><W26/><G26/><T11/><D11/><U28/><E28/><V13/><F121/><W54/><G103/><T50/><D50/><U31/><E31/><V128/><F128/><W45/><REACH who="3" step="1"/><G37/><REACH who="3" ten="230,240,290,230" step="2"/><T39/><D39/><U101/><E101/><V53/><AGARI ba="0,1" hai="13,17,22,44,49,53,69,71,84,91,92,98,100,106" machi="53" ten="20,1500,0" yaku="0,1,7,1" doraHai="30" who="2" fromWho="2" sc="230,-4,240,-7,290,25,230,-4" /><INIT seed="2,0,0,2,2,9" ten="226,233,315,226" oya="2" hai0="108,10,18,66,24,21,44,110,53,59,87,103,120" hai1="0,16,104,76,135,6,12,25,79,111,114,93,88" hai2="89,13,127,90,116,45,85,101,27,121,46,43,95" hai3="105,83,30,26,94,124,58,86,84,134,49,51,5"/><V107/><F121/><W131/><G105/><T38/><D120/><U52/><E114/><V50/><F116/><W39/><G39/><T41/><D103/><U118/><E118/><V20/><F127/><W33/><G124/><T70/><D87/><U115/><E104/><V57/><F107/><W71/><G71/><T119/><D119/><U100/><E115/><V75/><F75/><W97/><G131/><T132/><D132/><U35/><E100/><V130/><F130/><W112/><G134/><T28/><D66/><U81/><E135/><V133/><F133/><W29/><G29/><T99/><D99/><U62/><E0/><V102/><F57/><W22/><G33/><T60/><D70/><U64/><E35/><V14/><F46/><W122/><G122/><T78/><D78/><U72/><E64/><V34/><F34/><W56/><G5/><T91/><D91/><U61/><E81/><N who="2" m="49327" /><F102/><N who="3" m="60727" /><G86/><T92/><D92/><U48/><E72/><V125/><F101/><W126/><G126/><T63/><REACH who="0" step="1"/><D60/><REACH who="0" ten="216,233,315,226" step="2"/><U4/><E61/><V106/><F125/><W109/><G112/><T65/><D65/><U128/><E62/><V68/><F68/><W11/><G109/><T23/><D23/><N who="1" m="13543" /><E111/><V74/><F106/><W36/><G36/><T42/><D42/><U47/><E128/><V117/><F117/><W113/><G113/><T67/><D67/><U31/><E76/><V19/><F74/><W8/><G51/><T123/><D123/><U98/><E79/><V1/><F50/><W15/><G49/><T2/><D2/><U54/><E48/><N who="2" m="26687" /><F1/><W82/><G84/><AGARI ba="0,1" hai="13,14,19,20,27,84,90,95" m="26687,49327" machi="84" ten="30,11600,0" yaku="6,1,8,1,52,2" doraHai="9" who="2" fromWho="3" sc="216,0,233,0,315,126,226,-116" /><INIT seed="2,1,0,2,4,116" ten="216,233,441,110" oya="2" hai0="4,8,68,128,110,92,2,103,112,108,1,78,95" hai1="93,56,40,97,115,63,29,132,126,99,113,133,19" hai2="71,84,42,11,91,45,65,66,5,127,9,130,24" hai3="16,88,59,21,94,39,124,14,96,46,15,48,30"/><V73/><F73/><W43/><G124/><T26/><D112/><U102/><E126/><V123/><F127/><W87/><G30/><T118/><D118/><U131/><E40/><V54/><F130/><W64/><G96/><T32/><D68/><U85/><E131/><V89/><F123/><W34/><G34/><T61/><D128/><U70/><E70/><V74/><F74/><W100/><G100/><T22/><D32/><U129/><E129/><V104/><F104/><W107/><G107/><T55/><D78/><U90/><E29/><V119/><F119/><W117/><G117/><T38/><D1/><U31/><E19/><V10/><F54/><W106/><G106/><T60/><D38/><U35/><E31/><V37/><F89/><W125/><G125/><T122/><D122/><U18/><E18/><V111/><F111/><N who="0" m="42538" /><D55/><N who="1" m="34207" /><E35/><V0/><F24/><W36/><REACH who="3" step="1"/><G14/><REACH who="3" ten="216,233,441,100" step="2"/><N who="0" m="5383" /><D103/><U27/><E102/><V69/><F69/><W77/><G77/><T72/><D2/><U53/><E115/><V41/><F71/><W28/><G28/><N who="0" m="17495" /><D72/><U76/><E113/><V80/><F0/><W57/><G57/><T120/><D120/><U67/><E76/><V33/><F33/><W7/><G7/><T98/><D98/><U114/><E99/><V109/><F5/><W75/><G75/><T6/><D6/><U82/><E97/><V23/><F109/><W105/><G105/><T25/><D25/><U81/><E114/><V134/><F37/><W58/><G58/><T13/><D13/><U47/><E85/><V51/><F84/><W135/><G135/><T101/><D101/><RYUUKYOKU ba="1,1" sc="216,15,233,-15,441,-15,100,15" hai0="60,61,92,95" hai3="15,16,21,36,39,43,46,48,59,64,87,88,94" /><INIT seed="3,2,1,5,3,104" ten="231,218,426,115" oya="3" hai0="40,41,16,24,66,2,114,82,11,44,125,95,135" hai1="102,60,59,14,51,106,64,33,72,70,83,115,122" hai2="90,10,63,123,98,35,43,36,8,21,7,94,112" hai3="30,15,50,79,126,113,27,75,87,6,32,12,85"/><W91/><G113/><T18/><D114/><U103/><E115/><V29/><F112/><RYUUKYOKU type="kaze4" ba="2,1" sc="231,0,218,0,426,0,115,0" /><INIT seed="3,3,1,5,1,94" ten="231,218,426,115" oya="3" hai0="46,33,106,1,129,42,108,25,50,9,31,133,56" hai1="14,35,76,59,115,77,17,61,95,11,28,8,3" hai2="39,123,99,128,96,74,13,15,90,51,21,68,114" hai3="27,88,127,52,113,103,86,36,32,44,83,81,122"/><W71/><G122/><T60/><D106/><U6/><E115/><V63/><F39/><W104/><G113/><T18/><D108/><U55/><E35/><V62/><F74/><W102/><G71/><T78/><D133/><U79/><E28/><V111/><F114/><W58/><G104/><T72/><D129/><U34/><E34/><V110/><F128/><W93/><G127/><T47/><D72/><U48/><REACH who="1" step="1"/><E95/><REACH who="1" ten="231,208,426,115" step="2"/><N who="2" m="56439" /><F123/><W19/><G36/><T16/><D78/><U84/><E84/><V97/><F68/><W121/><G44/><T98/><D47/><U20/><E20/><V82/><F82/><N who="3" m="31243" /><G32/><T131/><D131/><U73/><E73/><V29/><F51/><AGARI ba="3,2" hai="3,6,8,11,14,17,48,51,55,59,61,76,77,79" machi="51" ten="40,1300,0" yaku="1,1,53,0" doraHai="94" doraHaiUra="101" who="1" fromWho="2" sc="231,0,208,42,426,-22,115,0" owari="231,-17.0,250,5.0,404,50.0,115,-38.0" /></mjloggm>