<mjloggm ver="2.3"><GO type="225" lobby="0"/><UN n0="%E3%83%A9%E3%83%A0%E3%83%80%E3%81%95%E3%82%93" n1="%4C%61%73%6B%26%59%75" n2="%E3%83%88%E3%83%88%E3%83%AA%E5%85%88%E7%94%9F%31%39%E6%AD%B3" n3="%E5%A4%A7%E6%AD%A3%E7%BE%A9%E9%87%8E%E7%90%83%E5%A8%98" dan="16,16,17,16" rate="2061.01,2189.78,2250.03,2100.82" sx="M,M,F,F"/><TAIKYOKU oya="0"/><INIT seed="0,0,0,3,2,10" ten="250,250,250,250" oya="0" hai0="17,120,123,42,61,126,112,30,132,107,34,47,4" hai1="24,91,33,50,119,18,96,5,45,87,79,13,35" hai2="66,125,115,75,72,90,12,110,43,46,36,86,62" hai3="80,113,82,105,76,20,38,108,51,88,29,54,70"/><T100/><D112/><U129/><E119/><V98/><F115/><W117/><G38/><T63/><D132/><U89/><E129/><V130/><F130/><W57/><G113/><T77/><D126/><U14/><E35/><V109/><F125/><W71/><G117/><T128/><D128/><U74/><E74/><V41/><F98/><W85/><G105/><T64/><D77/><U49/><E33/><V133/><F41/><W1/><G1/><T65/><D17/><U102/><E79/><V52/><F133/><W121/><G108/><N who="2" m="41577" /><F12/><N who="1" m="4713" /><E5/><V60/><F52/><W8/><G8/><T16/><D4/><U118/><E118/><V48/><F36/><W99/><G121/><T78/><D34/><U56/><E56/><N who="2" m="37127" /><F62/><W53/><G71/><T22/><D63/><U58/><E58/><V25/><F25/><N who="3" m="16551" /><G70/><T116/><D61/><U134/><E134/><V6/><F6/><W39/><G39/><T92/><D116/><U0/><E0/><V94/><AGARI ba="0,0" hai="43,46,48,72,75,86,90,94" m="37127,41577" machi="94" ten="30,1100,0" yaku="14,1" doraHai="10" who="2" fromWho="2" sc="250,-5,250,-3,250,11,250,-3" /><INIT seed="1,0,0,1,0,105" ten="245,247,261,247" oya="1" hai0="50,23,123,76,2,70,55,45,54,38,80,7,37" hai1="13,133,59,113,42,129,58,122,124,135,114,62,6" hai2="106,66,72,77,16,68,15,100,51,73,84,0,4" hai3="120,19,108,43,44,52,94,85,119,125,36,92,60"/><U57/><E122/><V98/><F4/><W53/><G120/><T30/><D123/><U78/><E78/><V95/><F0/><W24/><G108/><T64/><D64/><U89/><E89/><V91/><F77/><W110/><G110/><T5/><D70/><U11/><E124/><V21/><REACH who="2" step="1"/><F51/><REACH who="2" ten="245,247,251,247" step="2"/><W104/><G125/><T82/><D50/><U87/><E6/><V88/><F88/><W35/><G119/><T128/><D2/><U67/><E114/><V130/><F130/><W3/><G3/><T118/><D76/><U63/><E113/><V99/><F99/><W69/><G36/><T90/><D128/><U29/><E129/><V115/><F115/><W126/><G126/><T34/><D118/><U28/><E133/><V65/><F65/><W26/><G60/><AGARI ba="0,1" hai="15,16,21,60,66,68,72,73,84,91,95,98,100,106" machi="60" ten="40,8000,1" yaku="1,1,52,2,54,1,53,0" doraHai="105" doraHaiUra="39" who="2" fromWho="3" sc="245,0,247,0,251,90,247,-80" /><INIT seed="2,0,0,5,3,32" ten="245,247,341,167" oya="2" hai0="35,44,4,20,36,7,117,125,18,34,60,104,5" hai1="38,85,79,126,46,132,10,133,102,47,6,96,114" hai2="62,9,33,14,80,17,107,118,111,49,27,45,70" hai3="75,112,25,98,77,131,41,108,134,123,86,52,40"/><V110/><F118/><W68/><G123/><T109/><D104/><U73/><E126/><V87/><F107/><W82/><G68/><T128/><D60/><U67/><E67/><V65/><F27/><W50/><G131/><T66/><D66/><U54/><E85/><V78/><REACH who="2" step="1"/><F33/><REACH who="2" ten="245,247,331,167" step="2"/><W116/><G116/><T53/><D35/><U48/><E132/><V43/><AGARI ba="0,1" hai="9,14,17,43,45,49,62,65,70,78,80,87,110,111" machi="43" ten="30,12000,1" yaku="1,1,2,1,0,1,53,2" doraHai="32" doraHaiUra="121" who="2" fromWho="2" sc="245,-40,247,-40,331,130,167,-40" /><INIT seed="2,1,0,4,1,17" ten="205,207,461,127" oya="2" hai0="9,43,22,72,34,101,94,86,33,87,116,23,29" hai1="37,103,67,102,97,108,3,11,126,46,5,110,20" hai2="10,99,49,115,54,118,98,121,50,71,79,120,112" hai3="122,105,85,134,109,106,96,93,74,131,92,31,89"/><V24/><F71/><W21/><G122/><T42/><D72/><U129/><E129/><V44/><F118/><W78/><G131/><T81/><D116/><U127/><E67/><V32/><F79/><W45/><G134/><T27/><D9/><U69/><E69/><V77/><F77/><W41/><G109/><N who="1" m="42090" /><E20/><N who="0" m="7721" /><D33/><U48/><E37/><V40/><F10/><W2/><G2/><T4/><D34/><U51/><E51/><V65/><F65/><W15/><G74/><T95/><D4/><U113/><E113/><V35/><F54/><W132/><G132/><T107/><D107/><N who="1" m="63951" /><E103/><V38/><F44/><W7/><G7/><T12/><D12/><U91/><E91/><V80/><F38/><W57/><G57/><T13/><D13/><U63/><E63/><V39/><F39/><W52/><G41/><AGARI ba="1,0" hai="3,5,11,41,46,48,126,127" m="63951,42090" machi="41" ten="30,1000,0" yaku="14,1" doraHai="17" who="1" fromWho="3" sc="205,0,207,13,461,0,127,-13" /><INIT seed="3,0,0,2,1,40" ten="205,220,461,114" oya="3" hai0="59,102,21,68,72,131,132,106,13,84,31,51,54" hai1="35,49,11,32,3,15,66,34,108,117,45,133,48" hai2="99,29,95,52,107,127,12,119,130,33,19,57,121" hai3="14,17,6,77,115,75,18,0,118,110,70,98,22"/><W61/><G110/><T39/><D72/><U25/><E3/><V76/><F107/><W86/><G115/><T38/><D68/><U93/><E108/><V4/><F119/><W37/><G118/><T96/><D131/><U46/><E66/><V129/><F76/><W16/><G37/><T1/><D1/><U28/><E117/><V10/><F127/><W83/><G98/><T90/><D132/><U81/><E81/><V97/><F121/><W126/><G126/><T120/><D120/><U53/><E93/><V20/><F29/><W125/><G125/><T100/><D100/><U87/><E87/><V64/><F64/><W124/><G124/><T105/><D105/><U47/><E133/><V135/><F33/><W69/><G75/><T116/><D116/><U43/><E47/><V56/><F56/><W67/><REACH who="3" step="1"/><G70/><REACH who="3" ten="205,220,461,104" step="2"/><T65/><D39/><U41/><E43/><V85/><F135/><W111/><G111/><T74/><D38/><U101/><E101/><V104/><F130/><W63/><G63/><T60/><D74/><U8/><E41/><V5/><F129/><W7/><G7/><T89/><D84/><U91/><E49/><N who="2" m="30863" /><F4/><W92/><G92/><T36/><D36/><U44/><E48/><V79/><F104/><W82/><G82/><T78/><D60/><U24/><E34/><V128/><F128/><W42/><G42/><T122/><D102/><U88/><E32/><V73/><F73/><W26/><G26/><T23/><D13/><U71/><E15/><N who="2" m="5583" /><F95/><W109/><G109/><T2/><D51/><U30/><E35/><V94/><F94/><RYUUKYOKU ba="0,1" sc="205,-15,220,-15,461,15,104,15" hai2="12,19,20,79,85,97,99" hai3="0,6,14,16,17,18,22,61,67,69,77,83,86" /><INIT seed="3,1,1,4,1,125" ten="190,205,476,119" oya="3" hai0="57,120,48,62,121,67,5,77,99,3,78,12,134" hai1="108,25,107,90,74,133,112,34,58,35,70,46,83" hai2="68,102,36,15,84,23,128,9,42,124,111,66,16" hai3="40,4,37,56,22,1,0,71,75,81,96,18,52"/><W106/><G71/><T119/><D3/><U105/><E112/><V100/><F124/><W110/><G4/><T51/><D119/><U98/><E70/><V26/><F128/><W38/><G110/><T131/><D131/><U7/><E7/><V92/><F111/><W69/><G69/><T13/><D134/><U72/><E46/><V8/><F8/><W115/><G115/><T94/><D121/><U44/><E44/><V116/><F116/><W73/><G40/><T14/><D5/><U135/><E58/><V118/><F118/><W50/><G0/><T95/><D120/><U101/><E108/><V127/><F127/><W30/><G30/><T114/><D114/><U41/><E41/><V132/><F132/><N who="1" m="50761" /><E107/><V60/><F42/><W6/><G6/><T28/><D28/><N who="1" m="19727" /><E35/><V27/><F36/><W104/><G1/><T2/><D2/><U29/><E29/><V103/><F9/><W80/><G106/><T126/><D126/><U53/><E53/><V54/><F54/><W49/><G49/><N who="0" m="19019" /><D94/><U55/><E55/><V43/><F43/><W63/><G50/><T113/><D113/><U123/><E123/><V97/><F84/><AGARI ba="1,1" hai="72,74,83,84,90,98,101,105" m="19727,50761" machi="84" ten="30,1000,0" yaku="20,1" doraHai="125" who="1" fromWho="2" sc="190,0,205,23,476,-13,119,0" owari="190,-21.0,228,3.0,463,56.0,119,-38.0" /></mjloggm>