<mjloggm ver="2.3"><GO type="225" lobby="0"/><UN n0="%E3%83%86%E3%82%A3%E3%82%AB%2D%CE%B3" n1="%E5%B0%B1%E6%B4%BB%E7%94%9F%40%E5%B7%9D%E6%9D%91%E8%BB%8D%E5%9B%A3" n2="%E9%88%B4%E4%BE%8D" n3="%73%61%74%65" dan="17,16,17,16" rate="2123.19,2095.72,2207.31,2048.00" sx="M,M,M,M"/><TAIKYOKU oya="0"/><INIT seed="0,0,0,0,1,117" ten="250,250,250,250" oya="0" hai0="106,126,70,73,85,94,66,42,80,107,44,43,111" hai1="72,81,64,61,47,116,45,7,71,36,134,10,1" hai2="98,110,89,127,19,92,104,25,48,21,0,125,4" hai3="59,2,30,53,90,46,34,5,124,77,74,105,37"/><T57/><D70/><U15/><E116/><V60/><F110/><W41/><G105/><T75/><D66/><U115/><E115/><V88/><F104/><W29/><G90/><T95/><D57/><U38/><E134/><V16/><F0/><W20/><G34/><T13/><D44/><U12/><E47/><V50/><F4/><W54/><G124/><N who="2" m="47689" /><F89/><W84/><G84/><T23/><D13/><U55/><E55/><V101/><F101/><W97/><G97/><T120/><D120/><U31/><E31/><V18/><F60/><W79/><G79/><N who="0" m="46239" /><D111/><U51/><E51/><AGARI ba="0,0" hai="16,18,19,21,25,48,50,51,88,92,98" m="47689" machi="51" ten="30,3900,0" yaku="18,1,54,2" doraHai="117" who="2" fromWho="1" sc="250,0,250,-39,250,39,250,0" /><INIT seed="1,0,0,1,0,132" ten="250,211,289,250" oya="1" hai0="37,24,38,91,0,34,72,124,67,35,105,65,57" hai1="101,1,93,86,3,11,127,121,73,31,97,87,54" hai2="92,68,15,84,81,116,112,13,6,85,102,26,120" hai3="7,63,99,70,59,77,42,33,74,16,20,14,104"/><U19/><E121/><V9/><F116/><W50/><G33/><T4/><D91/><U111/><E73/><V75/><F120/><W48/><G7/><T128/><D105/><U114/><E114/><V89/><F112/><W60/><G77/><T113/><D57/><U103/><E31/><V53/><F75/><W52/><G74/><T45/><D24/><U51/><E103/><V46/><F68/><W23/><G23/><T61/><D45/><U131/><E131/><V36/><F26/><W123/><G123/><T8/><D0/><U29/><E29/><V76/><F102/><W58/><G70/><T78/><D34/><U21/><E111/><V2/><F53/><W43/><G104/><T83/><D35/><U129/><E129/><V32/><F32/><W40/><REACH who="3" step="1"/><G99/><REACH who="3" ten="250,211,289,240" step="2"/><T69/><D72/><U119/><E119/><V41/><AGARI ba="0,1" hai="2,6,9,13,15,36,41,46,76,81,84,85,89,92" machi="41" ten="30,1100,0" yaku="0,1" doraHai="132" who="2" fromWho="2" sc="250,-3,211,-5,289,21,240,-3" /><INIT seed="2,0,0,3,5,54" ten="247,206,310,237" oya="2" hai0="79,15,109,60,36,42,34,70,43,80,86,62,24" hai1="111,66,49,84,25,87,67,72,0,58,13,17,91" hai2="46,3,132,44,74,12,28,114,5,71,113,89,8" hai3="99,133,116,30,6,112,52,56,94,103,115,26,106"/><V45/><F71/><W88/><G6/><T65/><D109/><U126/><E72/><V14/><F74/><W77/><G77/><T130/><D130/><U129/><E0/><V68/><F68/><W38/><G38/><T95/><D15/><U59/><E129/><V98/><F28/><W50/><G133/><T110/><D110/><U135/><E111/><V32/><F32/><W41/><G116/><T121/><D121/><U16/><E126/><V82/><F132/><W83/><G41/><T29/><D36/><U27/><E135/><V90/><F82/><W73/><G83/><T105/><D105/><U92/><E49/><V9/><F98/><W21/><REACH who="3" step="1"/><G73/><REACH who="3" ten="247,206,310,227" step="2"/><T102/><D43/><U97/><E67/><V11/><F5/><W127/><G127/><T10/><D42/><U134/><E66/><V23/><F3/><W124/><G124/><T7/><D65/><U108/><E134/><V18/><F113/><W128/><G128/><T107/><D7/><U48/><E108/><V1/><F114/><W117/><G117/><T35/><D79/><U51/><E51/><V118/><F1/><W53/><G53/><T47/><D80/><U119/><E48/><V96/><F118/><W20/><G20/><T122/><D35/><U57/><E119/><V31/><F8/><W69/><G69/><T104/><D10/><N who="1" m="6199" /><E17/><V22/><F9/><W33/><G33/><T131/><D34/><U64/><E64/><V40/><F11/><W75/><G75/><T19/><D131/><U2/><E2/><V4/><F40/><W78/><G78/><T81/><D70/><RYUUKYOKU ba="0,1" sc="247,-15,206,15,310,-15,227,15" hai1="25,27,57,58,59,84,87,91,92,97" hai3="21,26,30,50,52,56,88,94,99,103,106,112,115" /><INIT seed="3,1,1,5,4,40" ten="232,221,295,242" oya="3" hai0="69,89,103,110,6,46,80,133,101,107,68,52,82" hai1="130,60,77,59,41,115,95,1,12,81,104,83,94" hai2="86,91,98,27,3,122,100,2,28,79,32,16,5" hai3="65,114,99,129,9,38,74,71,26,113,118,23,8"/><W58/><G118/><T64/><D107/><U63/><E1/><V66/><F5/><W57/><G38/><T106/><D106/><U131/><E104/><V105/><F16/><W75/><G129/><N who="1" m="49162" /><E115/><V117/><F117/><W96/><G23/><T49/><D110/><U34/><E34/><V55/><F55/><W92/><G92/><N who="1" m="35370" /><E41/><V97/><F97/><W126/><G26/><T111/><D111/><U93/><N who="1" m="35378" /><U33/><DORA hai="85" /><E33/><V121/><F79/><W36/><G36/><T135/><D6/><U11/><E77/><V4/><F4/><W19/><G19/><T42/><D42/><U47/><E47/><V102/><F102/><N who="0" m="38922" /><D64/><N who="1" m="38943" /><E63/><V109/><F66/><W44/><G65/><T119/><D119/><U72/><E72/><V70/><F109/><W112/><G112/><T39/><D39/><U84/><E84/><V25/><F2/><W73/><G73/><T62/><D62/><U37/><E37/><V116/><F3/><W128/><G71/><T0/><D0/><U134/><E134/><N who="0" m="51209" /><D68/><U78/><E78/><V132/><F70/><W50/><G128/><T14/><D69/><U88/><E88/><V30/><F132/><W22/><G114/><T45/><D45/><U76/><E76/><V61/><F61/><W18/><G113/><T31/><D89/><U13/><E13/><V35/><F116/><W108/><G75/><T20/><D14/><U127/><E127/><V43/><F43/><W10/><G126/><T15/><D15/><U7/><AGARI ba="1,1" hai="7,11,12,81,83" m="38943,35378,49162" machi="7" ten="40,1500,0" yaku="19,1" doraHai="40,85" who="1" fromWho="1" sc="232,-5,221,28,295,-5,242,-8" /><INIT seed="4,0,0,5,4,68" ten="227,249,290,234" oya="0" hai0="58,45,30,74,133,89,97,0,9,42,86,53,13" hai1="31,63,56,122,28,3,33,7,114,21,43,83,61" hai2="47,48,120,62,115,25,18,2,88,40,100,20,84" hai3="123,80,111,77,57,52,65,23,90,46,87,113,24"/><T96/><D74/><U36/><E33/><V104/><F120/><W12/><G113/><T105/><D30/><U59/><E122/><V106/><F2/><W10/><G123/><T8/><D0/><U82/><E3/><V92/><F115/><W22/><G65/><T1/><D1/><U98/><E7/><V37/><F100/><W4/><G46/><T71/><D71/><U112/><E43/><V29/><F62/><W91/><G111/><T95/><D133/><U51/><E51/><V127/><F127/><W32/><G32/><T78/><D105/><U129/><E98/><V107/><F48/><W41/><G41/><T132/><D132/><U11/><E11/><V135/><F135/><W66/><G66/><T128/><D128/><U44/><E44/><V117/><F117/><W34/><G34/><T60/><D78/><U116/><E21/><V26/><F104/><W93/><G24/><T67/><D67/><U99/><E99/><V101/><F101/><W94/><G94/><T79/><D79/><U85/><E116/><V131/><F131/><W125/><G125/><T16/><REACH who="0" step="1"/><D9/><REACH who="0" ten="217,249,290,234" step="2"/><U70/><E129/><V110/><F110/><W54/><G23/><AGARI ba="0,1" hai="18,20,23,25,26,29,37,40,47,84,88,92,106,107" machi="23" ten="30,3900,0" yaku="7,1,52,1,54,1" doraHai="68" who="2" fromWho="3" sc="217,0,249,0,290,49,234,-39" owari="217,-18.0,249,5.0,339,43.0,195,-30.0" /></mjloggm>