<mjloggm ver="2.3"><GO type="41" lobby="0"/><UN n0="%E5%B0%B1%E6%B4%BB%E7%94%9F%40%E5%B7%9D%E6%9D%91%E8%BB%8D%E5%9B%A3" n1="%E8%9B%99%67%72%D1%91%D1%91%6E" n2="%73%68%6F%6E%61%6E%6A%69" n3="%6E%61%6F%2D%62%66%6D%76" dan="15,14,14,14" rate="2026.12,1901.07,1957.00,1866.52" sx="M,M,M,M"/><TAIKYOKU oya="0"/><INIT seed="0,0,0,3,5,107" ten="250,250,250,250" oya="0" hai0="110,68,120,52,19,94,55,97,133,30,37,92,79" hai1="41,29,84,66,128,17,31,65,116,78,0,105,39" hai2="47,99,40,34,91,95,53,7,103,121,24,72,69" hai3="75,135,27,126,124,4,73,61,113,33,93,28,87"/><T119/><D68/><U59/><E116/><V5/><F121/><W101/><G113/><T64/><D37/><U106/><E128/><V11/><F69/><W130/><G4/><T49/><D119/><U8/><E84/><V12/><F53/><W58/><G130/><T38/><D120/><U114/><E114/><V26/><F72/><W25/><G25/><T36/><D30/><U118/><E118/><V82/><F7/><W9/><G9/><T102/><D64/><U132/><E59/><V83/><F34/><W96/><G87/><T10/><D79/><U18/><E41/><V45/><F45/><W43/><G43/><T98/><D55/><U14/><E78/><V89/><F89/><W3/><G3/><T1/><D133/><U67/><E132/><V122/><F122/><W51/><G51/><T13/><D1/><U112/><E39/><V129/><F129/><W77/><G77/><T46/><REACH who="0" step="1"/><D110/><REACH who="0" ten="240,250,250,250" step="2"/><U81/><E112/><V21/><F103/><AGARI ba="0,1" hai="10,13,19,36,38,46,49,52,92,94,97,98,102,103" machi="103" ten="30,12000,1" yaku="1,1,2,1,7,1,9,1,54,1,53,0" doraHai="107" doraHaiUra="57" who="0" fromWho="2" sc="240,130,250,0,250,-120,250,0" /><INIT seed="0,1,0,2,3,69" ten="370,250,130,250" oya="0" hai0="52,72,108,65,67,59,102,127,100,9,31,71,115" hai1="11,58,30,21,97,44,101,81,33,34,14,84,75" hai2="19,109,77,62,2,16,118,105,61,50,93,20,40" hai3="63,24,47,87,36,60,68,129,130,54,103,66,5"/><T95/><D72/><U38/><E75/><V117/><F105/><W42/><G103/><T8/><D115/><U13/><E58/><V85/><F2/><W86/><G5/><T89/><D127/><U35/><E44/><V78/><F109/><W0/><G0/><T111/><D31/><U82/><E82/><V134/><F134/><W119/><G24/><T25/><D25/><U17/><E38/><V92/><F50/><W46/><G119/><T29/><D29/><U98/><E30/><V4/><F4/><W120/><G120/><T80/><D80/><U131/><E131/><N who="3" m="50186" /><G60/><N who="0" m="35943" /><D100/><U12/><E98/><V22/><F85/><W74/><G74/><T48/><D102/><U56/><E56/><V27/><F40/><W23/><G23/><T110/><D48/><AGARI ba="1,0" hai="36,42,46,47,48,54,63,66,68,86,87" m="50186" machi="48" ten="30,2000,0" yaku="19,1,52,1" doraHai="69" who="3" fromWho="0" sc="370,-23,250,0,130,0,250,23" /><INIT seed="1,0,0,2,4,9" ten="347,250,130,273" oya="1" hai0="54,134,76,118,74,110,46,53,100,6,128,47,92" hai1="30,58,106,23,114,94,97,61,1,90,27,15,86" hai2="66,102,29,5,35,77,51,60,16,14,127,22,107" hai3="62,52,113,41,49,109,130,111,31,18,126,48,10"/><U87/><E114/><V122/><F127/><W3/><G113/><T42/><D118/><U78/><E1/><V79/><F122/><W11/><G126/><T12/><D110/><N who="3" m="41993" /><G31/><T105/><D128/><U89/><E106/><V4/><F4/><N who="3" m="1311" /><G130/><T115/><D105/><U26/><E26/><N who="2" m="18871" /><F5/><W132/><G132/><T124/><D134/><U59/><E78/><V43/><F43/><W71/><G41/><T80/><D115/><U7/><E59/><V73/><F51/><W108/><G71/><T20/><D47/><U120/><E120/><V19/><F19/><W32/><G32/><T36/><D124/><U123/><E123/><V99/><F73/><W44/><N who="3" m="42001" /><W98/><DORA hai="131" /><G98/><T50/><D36/><U70/><E70/><AGARI ba="0,0" hai="14,16,22,60,66,70,77,79,99,102,107" m="18871" machi="70" ten="30,3900,0" yaku="25,1,52,1,54,1" doraHai="9,131" who="2" fromWho="1" sc="347,0,250,-39,130,39,273,0" /><INIT seed="2,0,0,1,0,56" ten="347,211,169,273" oya="2" hai0="70,55,16,45,72,40,85,130,83,79,100,0,5" hai1="51,66,107,65,9,91,92,2,14,121,26,133,10" hai2="124,90,127,86,102,63,117,84,125,87,131,41,118" hai3="67,13,81,8,99,77,71,47,30,94,126,116,24"/><V61/><F131/><W64/><G116/><N who="2" m="44649" /><F41/><W33/><G126/><N who="2" m="32257" /><V89/><DORA hai="54" /><F102/><W15/><G47/><T52/><D130/><U4/><E107/><V106/><F106/><W120/><G120/><T20/><D100/><U23/><E121/><V60/><AGARI ba="0,0" hai="60,61,63,84,86,87,89,90" m="32257,44649" machi="60" ten="50,18000,2" yaku="28,2,18,1,52,3" doraHai="56,54" who="2" fromWho="2" sc="347,-60,211,-60,169,180,273,-60" /><INIT seed="2,1,0,2,5,7" ten="287,151,349,213" oya="2" hai0="120,69,122,16,87,48,32,95,114,78,119,102,2" hai1="124,74,121,135,94,10,80,15,72,89,131,104,113" hai2="99,133,90,25,86,39,108,115,8,49,19,106,27" hai3="42,47,83,3,77,58,53,93,68,127,60,4,98"/><V109/><F39/><W11/><G127/><T132/><D32/><U82/><E113/><V54/><F115/><W97/><G68/><T36/><D36/><U31/><E124/><V73/><F73/><W85/><REACH who="3" step="1"/><G93/><REACH who="3" ten="287,151,349,203" step="2"/><T33/><D69/><U112/><E112/><V17/><F133/><W38/><AGARI ba="1,1" hai="3,4,11,38,42,47,53,58,60,77,83,85,97,98" machi="38" ten="20,8000,1" yaku="1,1,2,1,0,1,7,1,52,1,53,0" doraHai="7" doraHaiUra="30" who="3" fromWho="3" sc="287,-21,151,-21,349,-41,203,93" /><INIT seed="3,0,0,2,5,0" ten="266,130,308,296" oya="3" hai0="64,92,6,121,116,122,132,109,41,105,43,98,9" hai1="72,127,96,104,71,3,51,29,28,90,112,107,123" hai2="58,126,25,2,73,31,21,114,19,88,33,125,78" hai3="8,7,15,20,74,40,124,99,102,119,129,61,111"/><W11/><G74/><T113/><D105/><U37/><E123/><V45/><F114/><W48/><G119/><T118/><D64/><U39/><E112/><V53/><F2/><W56/><G111/><T32/><D32/><U100/><E127/><N who="2" m="48651" /><F45/><W27/><G129/><T44/><D113/><U46/><E71/><V47/><F47/><W91/><G124/><T83/><D109/><U80/><E3/><V5/><F5/><W26/><G91/><T77/><D132/><U87/><E107/><V13/><F78/><W110/><G48/><T18/><D18/><U17/><E17/><V120/><F73/><W133/><G110/><T108/><D108/><U14/><E14/><V117/><F117/><W50/><G50/><T4/><D122/><U65/><E65/><V34/><F120/><W93/><G40/><T68/><D121/><U84/><E72/><V79/><F79/><W69/><G69/><T85/><D68/><U66/><E66/><V16/><F19/><W36/><G36/><T76/><D76/><U81/><E39/><V38/><F38/><W94/><G133/><T42/><D44/><U95/><E37/><V62/><F88/><W54/><G93/><T89/><REACH who="0" step="1"/><D6/><REACH who="0" ten="256,130,308,296" step="2"/><U52/><E104/><V60/><F34/><W10/><REACH who="3" step="1"/><G27/><REACH who="3" ten="256,130,308,286" step="2"/><T86/><D86/><U59/><E46/><V82/><F82/><W103/><G103/><T55/><D55/><U49/><E49/><AGARI ba="0,2" hai="13,16,21,25,31,33,49,53,58,60,62" m="48651" machi="49" ten="30,2000,0" yaku="18,1,54,1" doraHai="0" who="2" fromWho="1" sc="256,0,130,-20,308,40,286,0" /><INIT seed="4,0,0,2,3,101" ten="256,110,348,286" oya="0" hai0="24,14,50,30,81,116,53,121,39,95,108,42,4" hai1="8,123,70,129,66,9,16,125,78,57,13,118,92" hai2="74,55,28,10,43,79,82,73,113,49,22,63,107" hai3="5,111,84,67,25,62,40,11,94,44,110,1,72"/><T46/><D116/><U85/><E123/><V52/><F113/><W31/><G72/><T115/><D121/><U105/><E118/><V19/><F107/><W102/><G102/><T104/><D115/><U68/><E129/><V86/><F43/><W37/><G94/><T122/><D122/><U93/><E125/><V27/><F63/><W76/><G84/><T100/><D108/><U21/><E105/><V29/><F55/><W6/><G76/><T126/><D126/><U77/><E70/><V12/><REACH who="2" step="1"/><F29/><REACH who="2" ten="256,110,338,286" step="2"/><W89/><G110/><T41/><D104/><U96/><E68/><V131/><F131/><W20/><G111/><T132/><D132/><U65/><E65/><V127/><F127/><W114/><G114/><T130/><D130/><U60/><E77/><V97/><F97/><W87/><G62/><T33/><D39/><U26/><E26/><V91/><F91/><W54/><G67/><T2/><D42/><U58/><E58/><AGARI ba="0,1" hai="10,12,19,22,27,28,49,52,58,73,74,79,82,86" machi="58" ten="30,7700,0" yaku="1,1,7,1,54,1,53,1" doraHai="101" doraHaiUra="15" who="2" fromWho="1" sc="256,0,110,-77,338,87,286,0" /><INIT seed="5,0,0,4,2,68" ten="256,33,425,286" oya="1" hai0="100,93,106,115,48,6,60,135,54,5,38,74,132" hai1="14,63,31,40,45,70,84,13,86,47,73,120,122" hai2="90,101,112,56,34,124,64,18,125,17,3,92,87" hai3="43,79,4,105,80,127,77,0,111,22,83,25,20"/><U133/><E73/><V129/><F34/><W42/><G111/><T62/><D106/><U26/><E133/><N who="0" m="51273" /><D74/><U89/><E84/><V128/><F3/><W94/><G105/><T30/><D30/><U27/><E27/><V50/><F112/><W28/><G22/><T61/><D115/><U126/><E126/><N who="2" m="48747" /><F101/><W113/><G127/><T71/><D71/><U103/><E103/><V66/><F66/><W118/><G118/><T16/><D38/><U49/><E122/><V116/><F116/><W35/><G113/><T69/><D69/><U108/><E120/><V1/><F1/><W2/><G94/><T104/><D104/><U98/><E108/><V24/><F50/><W55/><G35/><T21/><D93/><U59/><E70/><V134/><F134/><W58/><G2/><T44/><D100/><U81/><E98/><V119/><F119/><W85/><G4/><T29/><D29/><U65/><REACH who="1" step="1"/><E47/><REACH who="1" ten="256,23,425,286" step="2"/><V12/><F24/><AGARI ba="0,1" hai="5,6,16,21,24,44,48,54,60,61,62" m="51273" machi="24" ten="30,2000,0" yaku="20,1,54,1" doraHai="68" who="0" fromWho="2" sc="256,30,23,0,425,-20,286,0" /><INIT seed="6,0,0,1,3,1" ten="286,23,405,286" oya="2" hai0="108,72,10,67,54,103,83,113,79,112,86,97,13" hai1="58,37,6,75,43,40,84,32,11,44,38,15,81" hai2="22,76,25,105,130,16,93,30,14,45,24,88,121" hai3="127,34,23,116,71,89,21,41,5,87,120,68,18"/><V122/><F105/><W95/><G120/><T61/><D54/><U62/><E32/><V60/><F130/><W4/><G34/><T117/><D117/><U19/><E75/><V66/><F76/><W69/><G116/><T129/><D129/><U56/><E19/><V53/><F25/><W131/><G131/><T106/><D108/><U125/><E125/><V132/><F132/><W20/><G127/><T77/><D77/><U96/><E96/><V31/><F31/><W57/><G41/><T9/><D72/><U114/><E114/><V55/><F45/><W35/><G35/><T133/><D133/><U102/><E102/><V46/><F46/><W107/><G107/><T28/><D28/><U111/><E111/><V98/><F122/><W85/><G85/><T110/><D110/><U128/><E128/><V17/><F17/><W0/><G0/><T64/><D64/><U8/><E40/><V91/><F91/><W74/><G74/><T73/><D73/><U94/><E94/><V90/><F90/><W50/><REACH who="3" step="1"/><G18/><REACH who="3" ten="286,23,405,276" step="2"/><T63/><D112/><U59/><E37/><V3/><F3/><W101/><G101/><T80/><D113/><U82/><E84/><V2/><F2/><W65/><G65/><T49/><D67/><U36/><E36/><V104/><F104/><W92/><G92/><T47/><D86/><U7/><E62/><V52/><F121/><W118/><G118/><T124/><D124/><U33/><E33/><V39/><F39/><W29/><G29/><T109/><D63/><U78/><E78/><V134/><F134/><W48/><G48/><RYUUKYOKU ba="0,1" sc="286,-15,23,15,405,-15,276,15" hai1="6,7,8,11,15,38,43,44,56,58,59,81,82" hai3="4,5,20,21,23,50,57,68,69,71,87,89,95" /><INIT seed="7,1,1,3,5,108" ten="271,38,390,291" oya="3" hai0="34,61,95,81,75,87,42,101,119,26,72,0,131" hai1="97,110,88,57,122,62,56,104,23,68,94,93,91" hai2="103,32,80,133,121,59,10,38,85,82,79,106,102" hai3="41,54,60,69,111,16,58,76,74,36,28,127,29"/><W64/><G111/><T70/><D0/><U48/><E110/><V19/><F38/><W35/><G35/><T6/><D119/><U109/><E109/><V125/><F32/><W77/><G127/><T134/><D6/><U124/><E122/><V46/><F125/><W1/><G1/><T92/><D42/><U43/><E124/><V117/><F117/><W40/><G74/><N who="0" m="28203" /><D34/><U126/><E104/><V5/><F121/><W135/><G135/><T99/><D70/><U107/><E107/><V52/><F133/><W128/><G128/><T73/><D61/><U12/><E126/><V83/><F19/><W24/><G41/><T20/><D20/><U22/><E68/><V123/><F46/><N who="3" m="23815" /><G29/><T67/><D26/><U114/><E114/><V39/><F39/><W129/><G129/><T3/><D67/><U27/><E12/><N who="2" m="5199" /><F123/><W15/><G24/><T11/><D11/><U8/><E8/><V30/><F30/><W2/><G28/><T100/><D3/><U132/><E132/><V84/><F106/><W118/><G118/><T50/><D50/><U33/><E33/><V90/><F82/><W112/><G112/><T55/><D55/><N who="1" m="31847" /><E27/><V115/><F115/><W65/><G65/><T13/><D13/><U25/><E25/><V78/><F78/><W45/><G45/><T116/><D116/><U98/><E43/><V44/><F44/><W53/><G53/><T63/><D63/><AGARI ba="1,1" hai="52,59,63,79,80,83,84,85,90,102,103" m="5199" machi="63" ten="30,2000,0" yaku="8,1,54,1" doraHai="108" who="2" fromWho="0" sc="271,-23,38,0,390,33,291,0" owari="248,-15.0,38,-46.0,423,52.0,291,9.0" /></mjloggm>