<mjloggm ver="2.3"><GO type="97" lobby="0"/><UN n0="%E5%B7%9D%E6%9D%91%E8%BB%8D%E5%9B%A3%E8%BB%8D%E6%9D%91%E5%B7%9D" n1="%E4%BA%8B%E6%95%85" n2="%E5%B0%B1%E6%B4%BB%E7%94%9F%40%E5%B7%9D%E6%9D%91%E8%BB%8D%E5%9B%A3" n3="%E6%9C%9D%E9%A3%9F%E3%82%B7%E3%83%9E%E3%82%A6%E3%83%9E" dan="14,14,15,13" rate="1934.30,1976.59,2001.17,1997.01" sx="F,F,M,F"/><TAIKYOKU oya="0"/><INIT seed="0,0,0,2,3,16" ten="250,250,250,250" oya="0" hai0="44,118,31,33,37,79,83,116,15,4,135,106,85" hai1="94,6,75,38,30,105,65,103,3,62,58,39,90" hai2="42,127,32,26,131,93,115,48,29,132,91,112,102" hai3="110,120,113,1,59,86,36,20,111,107,117,13,52"/><T77/><D106/><U84/><E75/><V96/><F131/><W126/><G113/><T68/><D68/><U80/><E6/><V17/><F127/><W114/><G114/><T109/><D135/><U70/><E3/><V87/><F132/><W34/><G34/><T76/><D33/><U130/><E130/><V14/><F42/><W54/><G1/><T104/><D31/><U43/><E43/><V82/><REACH who="2" step="1"/><F48/><REACH who="2" ten="250,250,240,250" step="2"/><W124/><G124/><T24/><D37/><U98/><E39/><V61/><F61/><W47/><G126/><T55/><D44/><U12/><E38/><V66/><F66/><W99/><G36/><T108/><D116/><U129/><E129/><V45/><F45/><W88/><G117/><T92/><D118/><U71/><E71/><V122/><F122/><W78/><G120/><T50/><D55/><U72/><E70/><V21/><AGARI ba="0,1" hai="14,17,21,26,29,32,82,87,91,93,96,102,112,115" machi="21" ten="20,5200,0" yaku="1,1,0,1,7,1,52,1,53,0" doraHai="16" doraHaiUra="57" who="2" fromWho="2" sc="250,-26,250,-13,240,62,250,-13" /><INIT seed="1,0,0,5,1,52" ten="224,237,302,237" oya="1" hai0="47,24,17,6,5,121,9,19,120,21,108,100,89" hai1="87,50,31,110,22,10,18,25,53,112,77,65,14" hai2="36,67,7,64,83,56,13,114,34,45,103,0,127" hai3="15,33,57,23,104,116,118,80,111,105,128,84,131"/><U61/><E112/><V39/><F0/><W86/><G33/><T132/><D100/><U46/><E87/><V133/><F34/><W29/><G111/><T135/><D47/><U107/><E107/><N who="3" m="41034" /><G29/><N who="0" m="17551" /><D108/><U3/><E110/><V8/><F114/><W28/><G28/><T72/><D72/><U49/><E49/><V43/><F127/><W78/><G15/><N who="0" m="5559" /><D89/><U26/><E77/><V69/><F133/><N who="0" m="51274" /><D5/><U91/><E91/><V71/><F103/><W88/><G23/><T95/><D95/><U106/><E106/><V11/><F39/><W27/><G27/><T40/><D40/><U4/><REACH who="1" step="1"/><E31/><REACH who="1" ten="224,227,302,237" step="2"/><V81/><F36/><W58/><G78/><T66/><D66/><U12/><E12/><V90/><F67/><W41/><G86/><T68/><D68/><AGARI ba="0,1" hai="3,4,10,14,18,22,25,26,46,50,53,61,65,68" machi="68" ten="30,2900,0" yaku="1,1,7,1,53,0" doraHai="52" doraHaiUra="101" who="1" fromWho="0" sc="224,-29,227,39,302,0,237,0" /><INIT seed="1,1,0,2,4,87" ten="195,266,302,237" oya="1" hai0="83,41,56,17,74,47,118,81,76,82,48,124,32" hai1="110,39,13,21,88,29,52,14,68,23,67,112,63" hai2="50,98,33,43,126,46,72,58,4,97,129,11,114" hai3="25,94,70,61,100,59,107,71,95,80,8,10,49"/><U35/><E112/><V116/><F72/><W75/><G107/><T22/><D118/><U99/><E39/><V42/><F33/><W109/><G109/><T26/><D124/><U18/><E35/><V105/><F116/><W55/><G25/><T96/><D32/><U54/><E110/><V1/><F114/><W38/><G38/><T115/><D115/><U44/><E44/><V127/><F129/><W78/><G71/><T85/><D56/><U119/><E119/><V7/><F7/><W89/><G100/><T12/><D96/><U122/><E122/><V2/><F2/><W28/><G28/><T91/><REACH who="0" step="1"/><D26/><REACH who="0" ten="185,266,302,237" step="2"/><U65/><E99/><V57/><F97/><W106/><G70/><T36/><D36/><U64/><E68/><V121/><F98/><W53/><G106/><T66/><D66/><U0/><E67/><V15/><F105/><W90/><G94/><AGARI ba="1,1" hai="12,17,22,41,47,48,74,76,81,82,83,85,91,94" machi="94" ten="30,7700,0" yaku="1,1,7,1,52,1,53,1" doraHai="87" doraHaiUra="19" who="0" fromWho="3" sc="185,90,266,0,302,0,237,-80" /><INIT seed="2,0,0,1,2,27" ten="275,266,302,157" oya="2" hai0="101,80,78,3,12,114,9,33,67,121,34,20,89" hai1="131,84,59,61,130,123,7,119,16,113,39,79,55" hai2="68,50,115,124,95,82,74,86,1,37,135,112,111" hai3="134,126,76,96,0,87,65,41,47,85,15,48,58"/><V2/><F37/><W88/><G0/><T11/><D114/><U118/><E39/><V109/><F68/><W106/><G134/><T90/><D121/><U8/><E113/><V91/><F2/><W73/><G126/><T17/><D101/><U93/><E123/><V60/><F1/><W129/><G129/><N who="1" m="49162" /><E7/><V29/><F135/><W133/><G133/><T49/><D67/><U44/><E44/><V4/><F4/><W77/><G73/><T94/><D49/><U108/><E108/><N who="2" m="41547" /><F50/><W107/><G107/><T116/><D116/><U63/><E63/><V26/><F60/><N who="3" m="38039" /><G106/><T19/><D34/><U99/><E84/><N who="3" m="32330" /><G15/><T25/><D33/><U45/><E45/><V69/><F69/><W6/><G6/><T30/><D3/><U125/><E79/><N who="2" m="44407" /><F124/><W42/><G42/><T70/><D70/><U32/><E125/><V100/><F100/><W51/><G51/><T13/><D94/><AGARI ba="0,0" hai="41,47,48,76,77,88,94,96" m="32330,38039" machi="94" ten="30,2000,0" yaku="8,1,54,1" doraHai="27" who="3" fromWho="0" sc="275,-20,266,0,302,0,157,20" /><INIT seed="3,0,0,4,3,0" ten="255,266,302,177" oya="3" hai0="64,81,127,4,8,115,90,46,124,98,108,123,91" hai1="43,34,77,25,42,65,12,33,7,48,53,71,61" hai2="27,109,29,18,92,102,47,67,117,97,1,63,30" hai3="74,70,11,51,85,37,57,130,104,68,122,113,133"/><W23/><G74/><T22/><D123/><U58/><E77/><V5/><F117/><W6/><G104/><T82/><D64/><U135/><E135/><V32/><F109/><W87/><G37/><T89/><D115/><U128/><E128/><V86/><F1/><W62/><G122/><T9/><D108/><U134/><E134/><V49/><F5/><W55/><G113/><T26/><D46/><U17/><E34/><V3/><F3/><W79/><G133/><T99/><D4/><U75/><E75/><V105/><F86/><W84/><G130/><T106/><D26/><U31/><REACH who="1" step="1"/><E7/><REACH who="1" ten="255,256,302,177" step="2"/><V14/><F32/><W72/><G23/><AGARI ba="0,1" hai="12,17,23,25,31,33,42,43,48,53,58,61,65,71" machi="23" ten="30,7700,0" yaku="1,1,2,1,7,1,53,1" doraHai="0" doraHaiUra="24" who="1" fromWho="3" sc="255,0,256,87,302,0,177,-77" owari="255,-14.0,343,44.0,302,10.0,100,-40.0" /></mjloggm>