<mjloggm ver="2.3"><GO type="97" lobby="0"/><UN n0="%2D%E3%82%84%E3%81%AF%E3%81%8E%2D" n1="%E5%B0%B1%E6%B4%BB%E7%94%9F%40%E5%B7%9D%E6%9D%91%E8%BB%8D%E5%9B%A3" n2="%E3%83%A6%E3%83%AA%E3%82%B9" n3="%E5%A4%A9%E9%97%87%E4%BD%8D" dan="15,15,14,15" rate="1982.61,2055.29,1880.15,1962.07" sx="M,M,M,M"/><TAIKYOKU oya="0"/><INIT seed="0,0,0,4,2,34" ten="250,250,250,250" oya="0" hai0="10,121,52,106,48,37,99,70,116,115,3,114,14" hai1="38,15,77,6,25,68,21,102,122,67,73,71,19" hai2="35,134,93,118,79,104,29,63,100,45,105,107,129" hai3="32,20,76,112,126,75,40,91,108,0,30,42,51"/><T55/><D116/><U66/><E38/><V80/><F118/><W58/><G112/><T26/><D121/><U13/><E122/><V101/><F129/><W43/><G108/><T94/><D37/><U96/><E77/><V44/><F134/><W1/><G32/><T130/><D130/><U11/><E73/><V98/><F101/><W57/><G126/><T113/><D106/><U2/><E67/><V109/><F109/><W124/><G124/><T103/><D70/><U74/><E74/><V54/><F29/><W50/><G91/><T89/><D3/><U23/><E66/><V83/><F35/><W81/><G51/><T86/><D26/><U56/><E56/><V49/><F63/><W64/><G58/><T72/><D72/><U46/><E46/><V87/><F83/><W82/><G82/><T5/><REACH who="0" step="1"/><D48/><REACH who="0" ten="240,250,250,250" step="2"/><U36/><E36/><V27/><F27/><N who="3" m="16743" /><G50/><T47/><D47/><U53/><E68/><V97/><F44/><W62/><G1/><T125/><D125/><U17/><E71/><V41/><F41/><W84/><G0/><T59/><D59/><U8/><E53/><V95/><F107/><W16/><G75/><T117/><D117/><U119/><E119/><V92/><F105/><W7/><G43/><T127/><D127/><U88/><E25/><V123/><F123/><W31/><G40/><T65/><D65/><U85/><E2/><V18/><F104/><W4/><G42/><T78/><D78/><U69/><E69/><V61/><F45/><W39/><G39/><T28/><D28/><U24/><E24/><V33/><F49/><RYUUKYOKU ba="0,1" sc="240,30,250,-10,250,-10,250,-10" hai0="5,10,14,52,55,86,89,94,99,103,113,114,115" /><INIT seed="0,1,1,1,3,85" ten="270,240,240,240" oya="0" hai0="47,83,76,31,12,1,36,105,118,13,26,73,99" hai1="54,35,108,101,63,10,128,114,64,134,61,34,77" hai2="40,69,103,18,39,91,5,100,30,96,60,27,127" hai3="29,8,70,102,20,75,28,51,67,3,89,17,4"/><T80/><D118/><U0/><E134/><V79/><F127/><W82/><G102/><T78/><D1/><U6/><E128/><V25/><F79/><W52/><G75/><T133/><D133/><U72/><E108/><V41/><F5/><W135/><G135/><T130/><D130/><U120/><E120/><V42/><F39/><W22/><G22/><T66/><D66/><U32/><E114/><V124/><F124/><W106/><G106/><T119/><D119/><U94/><E54/><V23/><F69/><W97/><G70/><T81/><D105/><U59/><E63/><V45/><F60/><W104/><G104/><T125/><D125/><U7/><E7/><V58/><F58/><W9/><G9/><T11/><D99/><U71/><E59/><V16/><F45/><W123/><G123/><T33/><D11/><U122/><E122/><V115/><F115/><W38/><G38/><T93/><D93/><U131/><E131/><V132/><F132/><W84/><G97/><T109/><D109/><U68/><E68/><V113/><F113/><W43/><G43/><N who="0" m="23015" /><D73/><U117/><E117/><V56/><F56/><W14/><G67/><T90/><D90/><U24/><E94/><N who="2" m="56415" /><F27/><W65/><G65/><T110/><D110/><U55/><E101/><AGARI ba="1,1" hai="16,18,23,25,30,40,41,42,100,101,103" m="56415" machi="101" ten="30,3900,0" yaku="8,1,52,1,54,1" doraHai="85" who="2" fromWho="1" sc="270,0,240,-42,240,52,240,0" /><INIT seed="1,0,0,1,4,5" ten="270,198,292,240" oya="1" hai0="11,130,119,35,100,69,66,42,131,104,30,38,125" hai1="121,14,26,8,116,62,55,106,132,117,107,60,2" hai2="96,115,51,84,71,120,34,98,50,28,124,40,129" hai3="79,70,68,118,88,44,86,49,134,0,135,80,94"/><U97/><E2/><V91/><F71/><W85/><G0/><T74/><D119/><U37/><E37/><V20/><F34/><W75/><G75/><T93/><D125/><U63/><E121/><V3/><F3/><W7/><G7/><T29/><D74/><U39/><E39/><V90/><F120/><W36/><G36/><T127/><D127/><U45/><E132/><V52/><F124/><W53/><REACH who="3" step="1"/><G118/><REACH who="3" ten="270,198,292,230" step="2"/><T111/><D130/><U22/><E116/><V89/><F129/><W114/><G114/><T58/><D131/><U15/><E117/><V81/><F115/><W110/><G110/><T59/><D38/><U31/><E97/><V17/><F98/><W99/><G99/><T108/><D108/><U48/><REACH who="1" step="1"/><E15/><REACH who="1" ten="270,188,292,230" step="2"/><V73/><F96/><W25/><G25/><T102/><D111/><U101/><E101/><V18/><F73/><W21/><G21/><T67/><D100/><U65/><E65/><V33/><F33/><W23/><G23/><T64/><D35/><U24/><E24/><V9/><F20/><W47/><G47/><T126/><D66/><U56/><E56/><V6/><F28/><W78/><G78/><T122/><D122/><U4/><AGARI ba="0,2" hai="4,8,14,22,26,31,45,48,55,60,62,63,106,107" machi="4" ten="30,6000,0" yaku="1,1,0,1,52,1,53,0" doraHai="5" doraHaiUra="54" who="1" fromWho="1" sc="270,-20,188,80,292,-20,230,-20" /><INIT seed="1,1,0,4,0,101" ten="250,268,272,210" oya="1" hai0="3,90,0,75,15,78,115,76,93,68,18,50,103" hai1="77,1,12,124,57,84,81,55,62,41,132,122,66" hai2="97,85,2,20,47,112,54,117,53,30,83,133,96" hai3="67,22,82,48,28,111,87,79,6,44,104,129,65"/><U27/><E122/><V88/><F2/><W107/><G111/><T110/><D110/><U40/><E1/><V11/><F117/><W130/><G6/><T98/><D115/><U42/><E124/><V7/><F112/><W89/><G79/><T114/><D114/><U60/><E132/><V31/><F133/><W43/><G67/><T39/><D39/><U126/><E126/><V49/><F11/><W17/><G28/><T8/><D68/><U73/><E27/><V116/><F7/><W123/><G65/><T95/><D50/><U52/><E12/><V64/><F64/><W63/><G63/><T121/><D121/><U135/><E135/><V70/><F70/><W109/><G109/><T94/><D78/><U118/><E118/><V38/><F38/><W56/><G56/><T32/><D32/><U29/><E29/><N who="2" m="10763" /><F116/><W119/><G119/><T36/><D36/><U59/><REACH who="1" step="1"/><E66/><REACH who="1" ten="250,258,272,210" step="2"/><V37/><F37/><W13/><REACH who="3" step="1"/><G123/><REACH who="3" ten="250,258,272,200" step="2"/><T14/><D0/><U26/><E26/><V71/><F71/><W99/><G99/><T23/><D3/><U113/><E113/><V5/><F97/><W125/><G125/><T16/><D98/><U74/><AGARI ba="1,2" hai="40,41,42,52,55,57,59,60,62,73,74,77,81,84" machi="74" ten="30,11700,0" yaku="1,1,0,1,9,1,54,1,53,0" doraHai="101" doraHaiUra="24" who="1" fromWho="1" sc="250,-40,258,140,272,-40,200,-40" /><INIT seed="1,2,0,1,0,2" ten="210,398,232,160" oya="1" hai0="64,87,0,121,135,41,32,15,102,80,6,82,129" hai1="36,97,100,70,49,71,47,128,33,55,18,42,57" hai2="118,7,34,12,35,59,11,63,23,60,46,3,98" hai3="40,37,9,72,14,24,126,74,106,103,120,112,38"/><U27/><E128/><V68/><F118/><W31/><G120/><T89/><D129/><U1/><E1/><V95/><F68/><W133/><G112/><T51/><D121/><U86/><E86/><V26/><F3/><W8/><G133/><T30/><D0/><U122/><E122/><V125/><F46/><W53/><G53/><T10/><D135/><U65/><E65/><V132/><F132/><W91/><G91/><T124/><D124/><U48/><E36/><V29/><F125/><W123/><G123/><T69/><D102/><U99/><E99/><V114/><F114/><W96/><G126/><T90/><D32/><U115/><E115/><V45/><F45/><W39/><G40/><T111/><D111/><U117/><E117/><V44/><F44/><W52/><G52/><T61/><D30/><U22/><REACH who="1" step="1"/><E33/><REACH who="1" ten="210,388,232,160" step="2"/><V113/><F113/><W85/><G85/><T66/><D66/><U131/><E131/><V134/><F134/><W5/><REACH who="3" step="1"/><G9/><REACH who="3" ten="210,388,232,150" step="2"/><T73/><D87/><U56/><E56/><V93/><F59/><W92/><G92/><AGARI ba="2,2" hai="18,22,27,42,47,48,49,55,57,70,71,92,97,100" machi="92" ten="30,5800,0" yaku="1,1,7,1,53,1" doraHai="2" doraHaiUra="54" who="1" fromWho="3" sc="210,0,388,84,232,0,150,-64" /><INIT seed="1,3,0,5,4,67" ten="210,472,232,86" oya="1" hai0="61,21,65,46,133,63,117,20,99,40,98,111,58" hai1="96,55,122,69,135,47,77,128,102,81,94,110,34" hai2="74,62,84,76,115,105,29,91,86,100,88,68,73" hai3="60,101,56,134,49,27,50,112,71,1,3,22,19"/><U28/><E122/><V36/><F36/><W32/><G112/><T95/><D111/><U59/><E69/><V54/><F115/><W64/><G134/><T57/><D133/><U8/><E135/><V123/><F123/><W131/><G131/><T31/><D117/><U107/><E128/><V108/><F108/><W70/><G32/><T44/><D31/><U72/><E110/><V79/><F29/><W14/><G101/><T33/><D33/><U10/><E47/><N who="0" m="17961" /><D40/><U26/><REACH who="1" step="1"/><E107/><REACH who="1" ten="210,462,232,86" step="2"/><V104/><F68/><W30/><G71/><T4/><D58/><U23/><E23/><V9/><F9/><W125/><G125/><T90/><D21/><U78/><E78/><V129/><F129/><W97/><G56/><T24/><D20/><U75/><E75/><V17/><F74/><W37/><G70/><T103/><D57/><U80/><E80/><V83/><F76/><W82/><G82/><T130/><D130/><U12/><E12/><V113/><F113/><W52/><G14/><T132/><D132/><U6/><E6/><V51/><F105/><W53/><G22/><T106/><D4/><U127/><E127/><V109/><F104/><W15/><G15/><T38/><D24/><U0/><E0/><V25/><F109/><W120/><G27/><T66/><D106/><U45/><E45/><V35/><F25/><W39/><G3/><T124/><D124/><U16/><E16/><V87/><F17/><W85/><G1/><T93/><D38/><U13/><E13/><V92/><F79/><W121/><G120/><T48/><D48/><AGARI ba="3,1" hai="8,10,26,28,34,48,55,59,72,77,81,94,96,102" machi="48" ten="30,2900,0" yaku="1,1,7,1,53,0" doraHai="67" doraHaiUra="114" who="1" fromWho="0" sc="210,-38,462,48,232,0,86,0" /><INIT seed="1,4,0,3,2,36" ten="172,510,232,86" oya="1" hai0="105,63,49,115,116,50,110,124,57,96,12,120,92" hai1="68,102,70,52,73,18,17,5,88,9,103,4,33" hai2="74,127,23,37,8,99,80,100,131,48,72,121,75" hai3="55,11,16,111,64,98,3,32,134,29,133,38,79"/><U19/><E33/><V31/><F37/><W67/><G111/><T89/><D110/><U128/><E73/><V112/><F121/><W35/><G79/><T6/><D115/><U71/><E128/><V77/><F131/><W125/><G125/><T10/><D124/><U20/><E20/><V118/><F127/><W60/><G38/><T104/><D116/><U126/><E126/><V106/><F118/><W135/><G98/><T58/><D120/><U76/><E76/><V45/><F112/><W117/><G117/><T47/><D57/><U54/><E88/><V114/><F114/><W30/><G3/><T56/><D56/><U113/><E113/><V93/><F106/><W34/><G55/><N who="1" m="21034" /><E9/><V61/><F61/><W2/><G2/><T101/><D47/><U7/><AGARI ba="4,0" hai="4,5,7,17,18,19,68,70,71,102,103" m="21034" machi="7" ten="40,12000,1" yaku="29,2,28,2,54,1" doraHai="36" who="1" fromWho="1" sc="172,-44,510,132,232,-44,86,-44" /><INIT seed="1,5,0,5,5,44" ten="128,642,188,42" oya="1" hai0="65,16,72,91,3,118,59,4,37,39,20,36,25" hai1="69,47,84,40,97,108,11,112,131,123,9,104,127" hai2="117,35,86,68,101,31,13,57,58,42,95,34,133" hai3="134,5,27,10,110,29,70,80,82,7,12,99,116"/><U38/><E123/><V60/><F117/><W2/><G70/><T105/><D118/><U93/><E112/><V15/><F133/><W87/><G116/><T77/><D105/><U120/><E120/><V119/><F119/><W92/><G134/><T66/><D91/><U135/><E69/><V43/><F68/><W96/><G110/><T88/><D59/><U122/><E122/><V132/><F132/><W94/><G2/><T114/><D114/><U48/><E104/><V124/><F124/><W74/><G74/><T30/><D88/><U19/><E127/><V73/><F73/><W0/><G0/><T81/><D3/><U71/><E71/><V115/><F115/><W100/><G7/><T32/><REACH who="0" step="1"/><D4/><REACH who="0" ten="118,642,188,42" step="2"/><U130/><E108/><V128/><F58/><W26/><G100/><T113/><D113/><U52/><E135/><V49/><F101/><W126/><G126/><T54/><BYE who="3" /><D54/><U22/><E130/><V17/><F57/><W23/><G23/><T45/><D45/><U56/><E131/><V1/><F1/><W64/><G64/><T46/><D46/><U51/><E38/><V103/><F103/><W89/><G89/><T6/><D6/><U83/><E93/><V24/><F95/><W18/><G18/><T78/><D78/><N who="1" m="46199" /><E97/><V28/><F128/><W102/><G102/><T67/><D67/><U107/><E107/><V79/><F79/><W111/><G111/><T106/><D106/><U129/><E129/><V85/><F17/><W63/><G63/><T55/><D55/><U53/><E53/><V75/><F60/><W33/><G33/><RYUUKYOKU ba="5,1" sc="118,15,642,15,188,-15,42,-15" hai0="16,20,25,30,32,36,37,39,65,66,72,77,81" hai1="9,11,19,22,40,47,48,51,52,56" /><INIT seed="1,6,1,4,4,123" ten="133,657,173,27" oya="1" hai0="38,102,73,124,107,116,46,119,0,85,13,5,55" hai1="43,8,67,62,122,33,32,44,21,126,88,70,113" hai2="60,96,1,80,86,129,11,25,50,19,29,71,95" hai3="115,121,133,78,134,76,132,72,98,9,2,14,89"/><U54/><E113/><V83/><F129/><W109/><G109/><T91/><D73/><UN n3="%E5%A4%A9%E9%97%87%E4%BD%8D" /><U30/><E122/><V56/><F71/><W40/><G40/><T97/><D124/><U63/><E126/><V42/><F42/><W77/><G2/><T48/><D0/><U111/><E111/><V135/><F50/><W93/><G121/><T130/><D130/><U51/><E8/><V74/><F74/><W39/><G39/><T24/><D38/><U18/><E30/><V68/><F68/><W103/><G115/><T69/><D69/><U75/><E75/><V52/><F135/><W61/><G61/><T105/><D105/><U49/><E63/><V10/><F1/><W112/><G112/><T27/><D5/><U6/><E6/><V125/><F125/><W35/><G35/><T57/><D13/><U20/><E20/><N who="2" m="15527" /><F19/><W100/><REACH who="3" step="1"/><G72/><REACH who="3" ten="133,657,173,17" step="2"/><T81/><D116/><U131/><E131/><V53/><F60/><W16/><AGARI ba="6,2" hai="9,14,16,76,77,78,89,93,98,100,103,132,133,134" machi="16" ten="40,12000,2" yaku="1,1,2,1,0,1,20,1,54,1,53,1" doraHai="123" doraHaiUra="92" who="3" fromWho="3" sc="133,-36,657,-66,173,-36,17,158" /><INIT seed="2,0,0,5,5,56" ten="97,591,137,175" oya="2" hai0="119,79,87,80,62,101,106,114,125,16,43,30,105" hai1="8,52,112,4,48,65,27,118,70,20,9,110,95" hai2="93,111,99,32,74,60,57,41,50,94,53,29,33" hai3="3,98,108,6,15,5,66,22,127,103,31,134,135"/><V47/><F74/><W126/><G66/><T120/><D43/><U54/><E118/><V123/><F123/><W18/><G108/><T82/><D114/><U21/><E112/><V71/><F111/><W63/><G63/><T115/><D115/><U128/><E128/><V11/><F71/><W28/><G98/><T88/><D120/><U122/><E122/><V129/><F129/><W24/><G103/><T130/><D130/><U69/><E110/><V96/><F29/><N who="3" m="17559" /><G3/><T86/><D30/><N who="3" m="11305" /><G5/><T75/><D16/><U42/><E42/><V17/><F17/><W68/><G6/><T38/><D38/><U35/><E35/><V132/><F11/><N who="3" m="6527" /><G68/><T73/><D119/><U23/><E27/><V7/><F7/><W121/><G121/><T100/><D62/><U116/><E116/><V83/><F83/><W59/><G59/><T39/><D39/><U10/><E65/><V97/><F132/><AGARI ba="0,0" hai="126,127,132,134,135" m="6527,11305,17559" machi="132" ten="30,3900,0" yaku="20,1,34,2" doraHai="56" who="3" fromWho="2" sc="97,0,591,0,137,-39,175,39" /><INIT seed="3,0,0,5,0,23" ten="97,591,98,214" oya="3" hai0="95,44,39,124,110,86,64,67,133,28,125,84,35" hai1="24,59,17,61,106,63,12,2,57,51,128,102,58" hai2="21,36,87,76,52,38,103,82,108,18,50,69,15" hai3="121,74,96,31,119,72,114,1,81,70,55,4,22"/><W46/><G1/><T134/><D110/><U77/><E2/><V79/><F69/><W19/><G70/><T0/><D0/><U13/><E128/><V112/><F108/><W47/><G4/><T118/><D118/><U37/><E37/><V90/><F112/><W42/><G96/><T40/><D35/><U48/><E106/><V98/><F38/><W132/><G132/><N who="0" m="50795" /><D28/><U71/><E71/><V100/><F36/><W25/><G119/><T101/><D101/><N who="2" m="38986" /><F98/><W6/><G121/><T9/><D9/><U91/><E102/><V45/><AGARI ba="0,0" hai="15,18,21,45,50,52,76,79,82,87,90" m="38986" machi="45" ten="30,2000,0" yaku="8,1,54,1" doraHai="23" who="2" fromWho="2" sc="97,-5,591,-5,98,20,214,-10" owari="92,-41.0,586,69.0,118,-28.0,204,0.0" /></mjloggm>