<mjloggm ver="2.3"><GO type="41" lobby="0"/><UN n0="%E7%88%BD%E6%B8%93" n1="%52%59%54%48%45%4D" n2="%E5%B0%B1%E6%B4%BB%E7%94%9F%40%E5%B7%9D%E6%9D%91%E8%BB%8D%E5%9B%A3" n3="%54%45%41%74%69%6D%65" dan="14,13,15,14" rate="1906.11,1934.59,2038.94,1912.16" sx="M,F,M,M"/><TAIKYOKU oya="0"/><INIT seed="0,0,0,1,3,60" ten="250,250,250,250" oya="0" hai0="62,13,23,51,11,20,135,64,86,108,45,70,53" hai1="120,107,101,54,97,94,116,15,33,80,130,79,48" hai2="92,82,9,132,61,126,111,103,30,25,1,56,27" hai3="4,83,41,26,76,91,90,89,34,131,18,67,36"/><T22/><BYE who="1" /><D135/><U78/><E78/><V134/><F126/><W104/><G104/><UN n1="%52%59%54%48%45%4D" /><T113/><D113/><U24/><E116/><V16/><F111/><W59/><G4/><T2/><D2/><U118/><E118/><V32/><F82/><W117/><G117/><T115/><D115/><U38/><E38/><V10/><F10/><W14/><G131/><T74/><D74/><U129/><E15/><V69/><F69/><W102/><G102/><T112/><D112/><U52/><E120/><V87/><F1/><W8/><G41/><T88/><D108/><U100/><E54/><V0/><F0/><W121/><G121/><T68/><D68/><U12/><E12/><V114/><F114/><W29/><G36/><T73/><D73/><U96/><E24/><V6/><F6/><W58/><REACH who="3" step="1"/><G67/><REACH who="3" ten="250,250,250,240" step="2"/><T39/><D39/><U57/><REACH who="1" step="1"/><E33/><REACH who="1" ten="250,240,250,240" step="2"/><V35/><F32/><W42/><G42/><T44/><D22/><U37/><E37/><V119/><F35/><W125/><G125/><T5/><D23/><U99/><E99/><V66/><F119/><W81/><G81/><T72/><D20/><U63/><E63/><V85/><F132/><W21/><G21/><T71/><D62/><U127/><E127/><V109/><F134/><W105/><G105/><T49/><D64/><U50/><E50/><V47/><F109/><W98/><G98/><T19/><D51/><U28/><E28/><V128/><F128/><W7/><G7/><T3/><D49/><U110/><E110/><V65/><F61/><W122/><G122/><T95/><D5/><U17/><E17/><RYUUKYOKU ba="0,2" sc="250,-15,240,15,250,-15,240,15" hai1="48,52,57,79,80,94,96,97,100,101,107,129,130" hai3="8,14,18,26,29,34,58,59,76,83,89,90,91" /><INIT seed="1,1,2,5,4,130" ten="235,255,235,255" oya="1" hai0="87,61,111,97,91,46,12,42,74,109,64,50,113" hai1="127,31,121,60,123,103,114,40,81,88,70,56,41" hai2="134,80,27,112,117,25,6,95,18,5,14,128,82" hai3="72,57,8,55,15,66,75,4,53,133,77,11,90"/><U115/><E31/><V21/><F117/><W36/><G36/><T9/><D74/><U84/><E70/><V93/><F112/><W30/><G30/><T19/><D97/><U44/><E127/><V120/><F128/><W108/><G108/><T118/><D118/><U45/><E103/><V99/><F134/><W38/><G38/><T59/><REACH who="0" step="1"/><D113/><REACH who="0" ten="225,255,235,255" step="2"/><U102/><E115/><V69/><F120/><W110/><G75/><T58/><D58/><U101/><E114/><V78/><F69/><W48/><G72/><T39/><D39/><U37/><E123/><V63/><F63/><W49/><G57/><T71/><D71/><U100/><E121/><V0/><F0/><W116/><G49/><T83/><AGARI ba="1,3" hai="9,12,19,42,46,50,59,61,64,83,87,91,109,111" machi="83" ten="30,2000,0" yaku="1,1,0,1,53,0" doraHai="130" doraHaiUra="34" who="0" fromWho="0" sc="225,53,255,-11,235,-6,255,-6" /><INIT seed="2,0,0,1,5,126" ten="278,244,229,249" oya="2" hai0="30,123,55,8,75,105,0,132,82,72,74,1,130" hai1="53,120,87,65,29,19,96,24,90,9,107,81,80" hai2="128,28,27,98,25,35,69,7,111,45,31,63,110" hai3="4,47,40,16,20,51,84,56,67,76,57,23,64"/><V33/><F7/><W15/><G4/><T92/><D105/><U21/><E120/><V41/><F98/><W83/><REACH who="3" step="1"/><G23/><REACH who="3" ten="278,244,229,239" step="2"/><T13/><D123/><U124/><E124/><V46/><F128/><W62/><G62/><T3/><D130/><U99/><E107/><V101/><F101/><W26/><G26/><T48/><D1/><U37/><E29/><V121/><F121/><W52/><G52/><T14/><D0/><U86/><E65/><AGARI ba="0,1" hai="15,16,20,40,47,51,56,57,64,65,67,76,83,84" machi="65" ten="40,5200,0" yaku="1,1,8,1,54,1,53,0" doraHai="126" doraHaiUra="49" who="3" fromWho="1" sc="278,0,244,-52,229,0,239,62" /><INIT seed="3,0,0,5,2,40" ten="278,192,229,301" oya="3" hai0="18,113,105,81,13,25,39,60,116,34,21,29,22" hai1="35,26,130,38,117,41,90,32,82,101,16,17,57" hai2="65,87,44,89,91,129,92,106,111,123,52,95,0" hai3="14,86,4,128,54,50,122,75,118,88,126,8,94"/><W135/><G122/><T62/><D116/><U63/><E101/><V31/><F0/><W55/><G135/><T127/><D105/><U112/><E130/><V43/><F106/><W61/><G128/><T12/><D39/><U97/><E117/><V72/><F72/><W2/><G126/><T73/><D127/><U131/><E131/><V71/><F129/><W100/><G75/><T85/><D73/><U124/><E112/><V132/><F123/><W23/><G118/><T74/><D74/><U120/><E120/><V1/><F1/><W64/><G100/><T107/><D107/><U30/><E35/><V115/><F132/><W36/><G36/><T24/><D113/><U15/><E15/><N who="0" m="5705" /><D34/><U79/><E79/><AGARI ba="0,0" hai="18,21,22,24,25,29,60,62,79,81,85" m="5705" machi="79" ten="30,1000,0" yaku="8,1" doraHai="40" who="0" fromWho="1" sc="278,10,192,-10,229,0,301,0" /><INIT seed="4,0,0,0,4,46" ten="288,182,229,301" oya="0" hai0="38,19,32,79,64,55,51,122,109,47,85,34,107" hai1="76,6,83,99,84,100,126,95,40,41,33,90,87" hai2="125,20,116,25,26,88,60,120,11,105,121,43,113" hai3="59,9,21,31,128,74,35,63,94,135,86,133,44"/><T39/><D122/><U111/><E33/><V134/><F105/><W18/><G74/><T27/><D107/><U77/><E6/><V73/><F73/><W80/><G94/><T7/><D7/><U112/><E111/><V15/><F116/><W66/><G128/><T124/><D109/><U61/><E61/><V56/><F113/><W96/><G96/><T67/><D34/><U118/><E118/><V24/><F125/><W37/><G9/><T2/><D2/><U82/><E40/><V70/><F70/><W75/><G75/><T3/><D3/><U49/><E126/><V89/><F134/><N who="3" m="51211" /><G31/><T110/><D110/><U72/><E49/><V54/><F43/><N who="3" m="22639" /><G35/><T4/><D4/><U129/><E41/><V16/><REACH who="2" step="1"/><F11/><REACH who="2" ten="288,182,219,301" step="2"/><W103/><G103/><T0/><D124/><U132/><E112/><V127/><F127/><W98/><G98/><T130/><D130/><U115/><E132/><V81/><F81/><W68/><G80/><N who="0" m="47263" /><D38/><U104/><E115/><V29/><F29/><W71/><G86/><T45/><D39/><U8/><E8/><V119/><F119/><W36/><G36/><T17/><D0/><U108/><E108/><V123/><AGARI ba="0,1" hai="15,16,20,24,25,26,54,56,60,88,89,120,121,123" machi="123" ten="40,8000,1" yaku="1,1,0,1,54,2,53,0" doraHai="46" doraHaiUra="5" who="2" fromWho="2" sc="288,-40,182,-20,219,90,301,-20" /><INIT seed="5,0,0,0,5,75" ten="248,162,309,281" oya="1" hai0="135,39,87,16,88,68,18,44,94,105,113,90,37" hai1="31,0,92,62,45,125,95,33,67,57,111,19,69" hai2="98,35,120,55,63,14,112,108,84,106,8,91,22" hai3="97,121,41,1,122,52,86,123,115,80,38,70,13"/><U34/><E0/><V134/><F120/><W9/><G1/><T26/><D105/><U4/><E4/><V81/><F35/><W103/><G70/><T11/><D68/><U40/><E125/><V133/><F108/><W23/><G23/><T25/><D113/><U128/><E19/><N who="0" m="7209" /><D37/><U110/><E69/><V119/><F112/><W60/><G41/><T30/><D39/><U71/><E71/><V77/><F22/><W43/><G43/><T124/><D124/><U132/><E132/><N who="2" m="50795" /><F119/><W7/><G38/><T20/><D11/><U114/><E114/><V78/><F106/><W21/><G21/><N who="0" m="15663" /><D44/><U107/><E107/><V100/><F100/><W85/><G115/><T56/><D90/><U28/><E128/><V64/><F98/><W130/><G130/><T127/><D127/><U47/><E40/><V32/><F32/><W89/><G86/><T61/><D20/><U49/><E49/><V131/><F131/><W29/><G97/><T118/><D118/><U5/><E5/><N who="2" m="3343" /><F64/><W65/><G103/><T83/><D26/><U126/><E126/><V129/><F129/><W6/><G123/><T99/><D135/><U116/><E116/><V51/><F63/><W15/><G122/><T73/><D61/><U74/><E62/><V104/><F104/><W3/><G65/><T76/><D56/><AGARI ba="0,0" hai="51,55,56,77,78,81,84,91" m="3343,50795" machi="56" ten="30,3900,0" yaku="20,1,52,2" doraHai="75" who="2" fromWho="0" sc="248,-39,162,0,309,39,281,0" /><INIT seed="6,0,0,3,0,107" ten="209,162,348,281" oya="2" hai0="66,131,135,21,96,44,20,49,102,19,59,68,47" hai1="52,103,7,38,62,17,132,98,114,115,134,64,124" hai2="67,23,65,100,13,60,42,90,12,78,35,57,92" hai3="9,1,26,27,45,76,0,2,79,29,75,89,130"/><V80/><F35/><W93/><G130/><T32/><D32/><U99/><E7/><V111/><F42/><W85/><G45/><T117/><D117/><U40/><E17/><V112/><F112/><N who="1" m="43049" /><E103/><V82/><F100/><W84/><G84/><T41/><D68/><U104/><E104/><V48/><F111/><W125/><G125/><T113/><D131/><U56/><E124/><V63/><F48/><W6/><G27/><T128/><D128/><U83/><E83/><V81/><F23/><W58/><G58/><T101/><D113/><U116/><E99/><V50/><F50/><W36/><G36/><T11/><D101/><U39/><E98/><V37/><F37/><N who="1" m="13833" /><E40/><V106/><F106/><W94/><G94/><T118/><D118/><U43/><E43/><V34/><F34/><W70/><G70/><T133/><D11/><U71/><E116/><V10/><F78/><W126/><G126/><T8/><D8/><U77/><E77/><V54/><F10/><W51/><G51/><AGARI ba="0,0" hai="51,52,56,62,64,71,132,134" m="13833,43049" machi="51" ten="30,7700,0" yaku="15,1,34,2,54,1" doraHai="107" who="1" fromWho="3" sc="209,0,162,77,348,0,281,-77" /><INIT seed="7,0,0,5,3,10" ten="209,239,348,204" oya="3" hai0="17,48,51,98,96,6,74,71,63,30,40,117,80" hai1="62,28,36,85,19,55,94,4,110,45,15,54,114" hai2="133,7,39,53,112,134,81,60,24,100,102,32,70" hai3="108,69,37,123,66,113,14,61,68,104,95,21,73"/><W43/><G73/><T119/><D30/><U101/><E110/><V79/><F39/><W135/><G123/><T78/><D6/><U18/><E36/><V3/><F112/><W57/><G104/><T22/><D51/><U107/><E107/><V56/><F70/><W64/><G113/><T111/><D111/><U125/><E125/><V1/><F32/><W34/><G108/><T132/><D132/><N who="2" m="50794" /><F24/><W120/><G34/><T29/><D29/><U127/><E127/><V27/><F27/><W91/><G120/><T87/><D74/><U118/><E118/><V59/><F59/><W52/><G135/><T92/><D98/><U90/><E28/><V103/><F7/><W76/><G76/><T8/><D63/><U0/><E0/><V124/><F124/><W106/><G106/><T23/><D71/><U9/><E101/><V89/><F89/><W26/><G14/><N who="0" m="7367" /><D119/><U109/><E109/><V93/><F93/><W25/><G43/><T77/><D77/><U86/><E86/><AGARI ba="0,0" hai="1,3,53,56,60,79,81,86,100,102,103" m="50794" machi="86" ten="30,1000,0" yaku="20,1" doraHai="10" who="2" fromWho="1" sc="209,0,239,-10,348,10,204,0" owari="209,-19.0,229,3.0,358,46.0,204,-30.0" /></mjloggm>