<mjloggm ver="2.3"><GO type="169" lobby="0"/><UN n0="%E4%BC%9D%E8%AA%AC%E3%81%AE%E3%81%B2%E3%82%88%E3%81%93" n1="%E5%BC%B7%E6%AC%B2%E7%8B%82%E6%88%A6%E5%A3%AB" n2="%E5%B0%B1%E6%B4%BB%E7%94%9F%40%E5%B7%9D%E6%9D%91%E8%BB%8D%E5%9B%A3" n3="%61%74%79%61%6E" dan="16,17,16,18" rate="2044.68,2164.00,2030.82,2158.45" sx="F,M,M,M"/><TAIKYOKU oya="0"/><INIT seed="0,0,0,0,3,48" ten="250,250,250,250" oya="0" hai0="30,53,24,124,35,65,98,4,118,97,62,131,3" hai1="50,79,112,61,43,63,2,78,15,66,125,39,34" hai2="74,110,100,29,133,5,52,114,72,51,12,17,113" hai3="85,101,40,7,77,88,82,47,128,89,58,130,80"/><T25/><D118/><U11/><E125/><V21/><F110/><W120/><G120/><T55/><D124/><U87/><E2/><V56/><F133/><W18/><G7/><T106/><D131/><N who="3" m="50217" /><G101/><T9/><D25/><U10/><E39/><V76/><F100/><W6/><G6/><T44/><D44/><U129/><E34/><V123/><F123/><W37/><G18/><T54/><REACH who="0" step="1"/><D106/><REACH who="0" ten="240,250,250,250" step="2"/><U0/><E129/><V28/><F113/><W105/><G105/><T90/><D90/><U13/><E112/><V115/><F114/><W116/><G116/><T59/><AGARI ba="0,1" hai="3,4,9,24,30,35,53,54,55,59,62,65,97,98" machi="59" ten="30,12000,1" yaku="1,1,0,1,52,3,53,0" doraHai="48" doraHaiUra="134" who="0" fromWho="0" sc="240,130,250,-40,250,-40,250,-40" /><INIT seed="0,1,0,4,0,79" ten="370,210,210,210" oya="0" hai0="95,125,12,29,113,33,119,25,32,80,104,103,74" hai1="134,17,31,64,132,75,108,89,4,78,121,41,109" hai2="93,0,51,71,23,70,53,24,129,19,84,91,15" hai3="86,3,105,135,77,43,50,21,59,126,48,110,20"/><T100/><D113/><U92/><E31/><V114/><F129/><W72/><G72/><T45/><D119/><U81/><E4/><V7/><F114/><W63/><G105/><T102/><D33/><U69/><E41/><V60/><F60/><W98/><G3/><T106/><D125/><U38/><E17/><V107/><F107/><W27/><G126/><T62/><D95/><U1/><E1/><V61/><F61/><W90/><G110/><N who="1" m="42602" /><E38/><V47/><F0/><W116/><G116/><T123/><D123/><U131/><E64/><V11/><AGARI ba="1,0" hai="7,11,15,19,23,24,47,51,53,70,71,84,91,93" machi="11" ten="30,1100,0" yaku="0,1" doraHai="79" who="2" fromWho="2" sc="370,-6,210,-4,210,14,210,-4" /><INIT seed="1,0,0,0,4,70" ten="364,206,224,206" oya="1" hai0="57,77,4,78,123,11,43,127,9,109,104,117,89" hai1="33,105,98,133,31,135,39,54,67,14,119,17,46" hai2="121,124,100,95,84,51,91,20,130,97,36,73,24" hai3="115,106,10,94,25,132,90,56,13,69,21,134,29"/><U110/><E119/><V18/><F73/><W79/><G69/><T74/><D104/><U27/><E67/><V32/><F121/><W131/><G115/><T50/><D11/><U92/><E105/><V28/><F124/><W60/><G79/><T35/><D35/><U2/><E2/><V1/><F1/><W72/><G72/><T7/><D7/><U65/><E65/><V87/><F130/><W120/><G106/><T44/><D74/><U102/><E110/><V48/><F84/><W93/><G120/><T103/><D103/><U101/><E101/><V99/><F97/><W75/><G75/><T42/><D42/><U12/><E54/><V111/><F36/><W114/><G114/><T96/><D9/><U129/><E129/><V15/><REACH who="2" step="1"/><F111/><REACH who="2" ten="364,206,214,206" step="2"/><W49/><G131/><T68/><D109/><U23/><REACH who="1" step="1"/><E12/><REACH who="1" ten="364,196,214,206" step="2"/><V19/><F19/><W107/><G13/><T22/><D117/><U34/><E34/><V112/><F112/><W37/><G132/><T80/><D123/><U128/><E128/><V108/><F108/><W59/><G134/><T52/><D127/><U86/><E86/><V126/><F126/><W41/><G29/><T58/><D4/><U113/><E113/><V125/><F125/><W55/><G107/><AGARI ba="0,2" hai="15,18,20,24,28,32,48,51,87,91,95,99,100,107" machi="107" ten="30,2000,0" yaku="1,1,7,1,53,0" doraHai="70" doraHaiUra="66" who="2" fromWho="3" sc="364,0,196,0,214,40,206,-20" /><INIT seed="2,0,0,5,2,125" ten="364,196,254,186" oya="2" hai0="40,113,51,115,42,30,135,77,9,43,22,61,109" hai1="21,23,10,86,25,41,45,49,99,88,90,27,35" hai2="50,64,57,83,123,52,73,130,14,82,128,38,97" hai3="31,108,39,32,111,104,2,131,5,118,85,67,76"/><V48/><F38/><W65/><G118/><T59/><D109/><N who="3" m="42057" /><G39/><T58/><D77/><U55/><E10/><V121/><F64/><N who="3" m="24651" /><G104/><T37/><D37/><U69/><E69/><V18/><F97/><W94/><G5/><T4/><D51/><U20/><E99/><V106/><F106/><W112/><G2/><T107/><D107/><U72/><E72/><V132/><F132/><W116/><G116/><T103/><D103/><U53/><E90/><V100/><F100/><W33/><G112/><T11/><D135/><U15/><E15/><V120/><F50/><W47/><G47/><T24/><D11/><U133/><E133/><V12/><F12/><W95/><G31/><T0/><D59/><U75/><E75/><V110/><F110/><W96/><G96/><T3/><D3/><U8/><E8/><V46/><F57/><W126/><G126/><T114/><D43/><U28/><REACH who="1" step="1"/><E27/><REACH who="1" ten="364,186,254,186" step="2"/><V29/><F73/><W19/><G85/><T66/><AGARI ba="0,1" hai="0,4,9,22,24,30,40,42,58,61,66,113,114,115" machi="66" ten="30,1100,0" yaku="0,1" doraHai="125" who="0" fromWho="0" sc="364,21,186,-3,254,-5,186,-3" /><INIT seed="3,0,0,2,3,73" ten="385,183,249,183" oya="3" hai0="34,24,6,110,33,65,27,76,81,49,17,89,112" hai1="47,3,56,16,102,127,109,118,129,62,86,31,44" hai2="14,57,74,30,51,90,12,67,115,5,64,43,98" hai3="70,35,59,77,11,75,80,54,101,130,22,116,53"/><W26/><G116/><T104/><D104/><U63/><E3/><V20/><F74/><W40/><G70/><T2/><D65/><N who="2" m="25162" /><F115/><W121/><G121/><T66/><D66/><U29/><E109/><V32/><F32/><W68/><G68/><T82/><D89/><U61/><E118/><V107/><F107/><W119/><G35/><T39/><D17/><U50/><E102/><V105/><F105/><W88/><G119/><T13/><D13/><N who="2" m="5226" /><F5/><W18/><G101/><T106/><D49/><U69/><E69/><V4/><F4/><W97/><G11/><T122/><D6/><U96/><E96/><V94/><F43/><W128/><G40/><T85/><D106/><U60/><E127/><V8/><F8/><W99/><G99/><T1/><D39/><U79/><E16/><V10/><F10/><W92/><REACH who="3" step="1"/><G53/><REACH who="3" ten="385,183,249,173" step="2"/><T95/><D122/><U28/><E129/><V15/><F20/><W38/><G38/><T45/><D34/><U0/><E0/><V93/><F98/><W71/><G71/><T21/><D21/><U120/><E120/><V131/><F131/><W72/><G72/><T103/><D33/><U126/><E126/><V111/><F111/><W83/><G83/><T7/><D81/><U123/><E123/><V84/><F94/><W36/><G36/><T37/><D37/><U91/><E29/><V78/><F93/><W132/><G132/><T135/><D135/><U19/><E28/><V87/><F87/><W134/><G134/><T41/><D1/><U108/><E86/><V113/><F84/><W117/><G117/><T42/><D2/><RYUUKYOKU ba="0,1" sc="385,-10,183,-10,249,-10,173,30" hai3="18,22,26,54,59,75,77,80,88,92,97,128,130" /><INIT seed="3,1,1,4,5,115" ten="375,173,239,203" oya="3" hai0="48,114,134,106,102,111,55,1,130,120,50,29,107" hai1="30,77,44,14,2,80,54,92,23,32,15,123,99" hai2="93,121,39,112,31,85,28,38,101,105,11,17,116" hai3="79,46,128,8,96,40,36,26,108,113,94,62,20"/><W19/><G113/><T91/><D48/><U47/><E2/><V67/><F105/><W90/><G128/><T66/><D66/><U24/><E123/><V60/><F112/><W73/><G108/><T7/><D50/><U52/><E32/><V69/><F121/><W37/><G37/><T82/><D55/><N who="1" m="21035" /><E80/><V70/><F70/><W53/><G73/><T75/><D29/><U122/><E77/><V129/><F129/><W59/><G8/><T43/><D43/><U124/><E124/><V88/><F101/><W34/><G79/><N who="0" m="44415" /><D7/><U127/><E127/><V71/><F71/><W61/><G61/><T117/><D1/><U133/><E133/><V110/><F110/><W25/><REACH who="3" step="1"/><G34/><REACH who="3" ten="375,173,239,193" step="2"/><T78/><D114/><U27/><E122/><V81/><F39/><W22/><G22/><T5/><D78/><U135/><E135/><V0/><F38/><W118/><G118/><T86/><D117/><U49/><E49/><V126/><F116/><W51/><G51/><T12/><D134/><U100/><E23/><V56/><F126/><W35/><G35/><T87/><D111/><U41/><E41/><V45/><F11/><W65/><G65/><T64/><D64/><U83/><E30/><V125/><F31/><W18/><G18/><T103/><D130/><U58/><E47/><V97/><F17/><W10/><G10/><T84/><D120/><U109/><E44/><V21/><F28/><W9/><G9/><T4/><D4/><U131/><E131/><V3/><F45/><W132/><G132/><T98/><D5/><U16/><E109/><V74/><F125/><RYUUKYOKU ba="1,2" sc="375,-10,173,-10,239,-10,193,30" hai3="19,20,25,26,36,40,46,53,59,62,90,94,96" /><INIT seed="3,2,2,4,0,7" ten="365,163,229,223" oya="3" hai0="119,94,99,68,85,36,32,27,58,88,83,16,134" hai1="118,133,64,103,4,69,75,91,93,128,105,95,72" hai2="87,102,2,62,33,52,14,15,113,129,97,37,70" hai3="59,116,47,34,106,96,82,56,60,71,24,28,55"/><W29/><G116/><T115/><D119/><U65/><E69/><V126/><F2/><W22/><G82/><T132/><D68/><U21/><E4/><V122/><F37/><W48/><G29/><T10/><D36/><U57/><E57/><N who="2" m="35111" /><F70/><W23/><G59/><T131/><D131/><U54/><E54/><V77/><F113/><W117/><G117/><T13/><D58/><U125/><E64/><V8/><F33/><W76/><G76/><T112/><D27/><U19/><E65/><V80/><F122/><W109/><G109/><T41/><D41/><U1/><E1/><V107/><F129/><W42/><REACH who="3" step="1"/><G71/><REACH who="3" ten="365,163,229,213" step="2"/><T39/><D32/><U135/><E128/><V84/><F126/><W78/><G78/><N who="0" m="46327" /><D39/><U100/><E125/><V111/><F111/><W66/><G66/><T30/><D30/><U50/><E118/><V31/><F31/><W89/><G89/><T49/><D49/><U63/><E50/><V61/><F77/><W40/><G40/><T98/><D98/><N who="1" m="61687" /><E63/><V6/><F61/><W53/><G53/><T26/><D26/><N who="1" m="14655" /><E91/><V90/><F84/><W3/><G3/><T124/><D124/><U18/><E100/><AGARI ba="2,3" hai="22,23,24,28,34,42,47,48,55,56,60,96,100,106" machi="100" ten="40,2000,0" yaku="1,1,53,0" doraHai="7" doraHaiUra="0" who="3" fromWho="1" sc="365,0,163,-26,229,0,213,56" /><INIT seed="3,3,0,4,4,112" ten="365,137,229,269" oya="3" hai0="25,20,101,52,16,36,51,108,111,54,133,65,49" hai1="131,114,48,72,69,57,84,98,28,106,121,96,22" hai2="71,6,3,70,13,89,39,53,23,34,115,37,110" hai3="90,124,18,64,73,32,113,67,1,120,126,55,99"/><W91/><G113/><T81/><D36/><U41/><E69/><V63/><F34/><W125/><G120/><T123/><D123/><U82/><E114/><V97/><F115/><W116/><G73/><T122/><D122/><U80/><E28/><V76/><F3/><W59/><G32/><T95/><D65/><N who="3" m="25161" /><G1/><T132/><D81/><U4/><E4/><V74/><F71/><W77/><G77/><T127/><D127/><U46/><E121/><V68/><F76/><W42/><G42/><T61/><D61/><U43/><E131/><V24/><F74/><W47/><G47/><T100/><D95/><U58/><E72/><V12/><F70/><W9/><G99/><T62/><D62/><U50/><E106/><V44/><F68/><W5/><G5/><T128/><D128/><U103/><E103/><N who="0" m="39497" /><D54/><U15/><E15/><V104/><F6/><W2/><G2/><T26/><D51/><U33/><E33/><V29/><F39/><W117/><G90/><T83/><D26/><U14/><E14/><V105/><F105/><W118/><G91/><T79/><D79/><U135/><E135/><N who="0" m="51785" /><D83/><U93/><E93/><N who="2" m="56495" /><F104/><W27/><G27/><T31/><D31/><U11/><E46/><AGARI ba="3,0" hai="16,20,25,46,49,52,108,111" m="51785,39497" machi="46" ten="30,3900,0" yaku="20,1,54,2" doraHai="112" who="0" fromWho="1" sc="365,48,137,-48,229,0,269,0" /><INIT seed="4,0,0,0,0,54" ten="413,89,229,269" oya="0" hai0="31,37,42,88,106,67,132,109,20,75,71,100,2" hai1="118,78,13,133,82,1,92,3,108,35,16,107,128" hai2="57,34,23,26,39,121,112,97,14,46,5,120,27" hai3="25,48,127,28,122,123,45,124,103,66,90,63,51"/><T115/><D2/><U56/><E107/><V129/><F34/><W55/><G103/><T74/><D37/><U50/><E35/><V36/><F112/><W110/><G90/><T64/><D42/><U77/><E108/><V0/><F0/><W102/><G102/><T85/><D115/><U131/><E133/><V99/><F129/><N who="1" m="49737" /><E118/><V32/><F32/><W73/><G73/><T49/><D31/><U91/><E1/><V79/><F79/><W30/><G110/><T33/><D33/><U117/><E3/><V59/><F46/><N who="3" m="28055" /><G25/><T80/><D67/><U65/><E82/><V58/><F5/><W43/><G30/><T21/><D109/><U87/><E117/><V44/><F44/><W19/><G19/><T7/><D7/><U15/><E15/><V72/><F14/><W62/><G28/><T104/><D104/><U41/><E41/><V68/><F23/><W101/><G101/><T24/><D20/><N who="1" m="11279" /><E65/><V4/><F4/><W9/><G9/><T119/><D64/><U52/><AGARI ba="0,0" hai="50,52,56,77,78,87,91,92" m="11279,49737" machi="52" ten="30,8000,1" yaku="25,1,19,1,52,1,54,2" doraHai="54" who="1" fromWho="1" sc="413,-40,89,80,229,-20,269,-20" /><INIT seed="5,0,0,3,5,111" ten="373,169,209,249" oya="1" hai0="108,34,61,3,4,26,62,39,7,42,101,9,93" hai1="5,70,92,0,75,114,28,100,96,112,105,117,76" hai2="38,57,49,123,90,2,27,66,109,60,21,121,22" hai3="132,16,14,83,32,91,54,120,82,73,69,84,72"/><U128/><E117/><V104/><F38/><W81/><G120/><T95/><D4/><U89/><E28/><V71/><F109/><W6/><G32/><T29/><D108/><U74/><E70/><V37/><F2/><W46/><G69/><T59/><D62/><U86/><E5/><V63/><F37/><W135/><G6/><T43/><D39/><U125/><E0/><V110/><F110/><W99/><G99/><T25/><D95/><N who="1" m="54711" /><E125/><V47/><F104/><W20/><G46/><T77/><D77/><U45/><E45/><V51/><F90/><W44/><G54/><T122/><D122/><U35/><E35/><V118/><F118/><W1/><G44/><T12/><D25/><U36/><E36/><V131/><F131/><W24/><G1/><T87/><D3/><U17/><E17/><V18/><F49/><W48/><G48/><T10/><D10/><U8/><E8/><V19/><F60/><W107/><G24/><T40/><D40/><U56/><E56/><V94/><F94/><N who="3" m="54631" /><G107/><T55/><D34/><U88/><E128/><V116/><F71/><W113/><G14/><T13/><D13/><U58/><E58/><V98/><F116/><W80/><G20/><T129/><D129/><U68/><E68/><V11/><F11/><W52/><G16/><T23/><D42/><U102/><E76/><V130/><F130/><W133/><G52/><T15/><D43/><U30/><E30/><V31/><F31/><W124/><G124/><T65/><D12/><U97/><E102/><V127/><F127/><W106/><N who="3" m="20480" /><DORA hai="53" /><W67/><G133/><RYUUKYOKU ba="0,0" sc="373,-10,169,30,209,-10,249,-10" hai1="74,75,88,92,96,97,100,105,112,114" /><INIT seed="5,1,0,4,0,123" ten="363,199,199,239" oya="1" hai0="117,5,37,45,90,25,10,32,53,71,9,36,100" hai1="40,70,46,105,18,79,49,48,21,67,106,135,50" hai2="74,102,82,57,110,112,55,93,122,6,133,13,75" hai3="109,47,131,3,29,11,12,72,118,54,27,89,108"/><U38/><E79/><V30/><F122/><W129/><G3/><T61/><D9/><U56/><E135/><V96/><F133/><W7/><G118/><T95/><D100/><U41/><E105/><V52/><F112/><W103/><G72/><T81/><D81/><U78/><E78/><V42/><F42/><W24/><G103/><T68/><D68/><U124/><E106/><V4/><F110/><N who="3" m="42603" /><G89/><T19/><D19/><U86/><E86/><V51/><F30/><W28/><G54/><T15/><D53/><N who="1" m="31799" /><E18/><V101/><F101/><W134/><G47/><T88/><D90/><U59/><E21/><V128/><F128/><N who="3" m="49227" /><G134/><T60/><D45/><N who="1" m="23703" /><E124/><V1/><F1/><W16/><G27/><T132/><D25/><U77/><E77/><V69/><F13/><N who="3" m="5375" /><G24/><T94/><D88/><U80/><E80/><V31/><F82/><W35/><G35/><T116/><D32/><U120/><E120/><V62/><F75/><W22/><AGARI ba="1,0" hai="12,16,22,28,29" m="5375,49227,42603" machi="22" ten="30,12000,2" yaku="19,1,34,2,52,3,54,1" doraHai="123" who="3" fromWho="3" sc="363,-31,199,-61,199,-31,239,123" /><INIT seed="6,0,0,3,5,62" ten="332,138,168,362" oya="2" hai0="115,70,50,6,78,31,36,72,106,12,65,33,55" hai1="76,43,108,66,97,77,105,64,111,130,52,89,128" hai2="69,8,37,40,85,84,81,4,38,109,47,27,17" hai3="44,54,121,57,119,13,48,26,46,95,75,116,83"/><V100/><F109/><N who="1" m="42057" /><E43/><V92/><F69/><W0/><G121/><T114/><D36/><U118/><E118/><V117/><F117/><W58/><G0/><T15/><D106/><U29/><E29/><V99/><F38/><W25/><G13/><T24/><D6/><U11/><E11/><V21/><REACH who="2" step="1"/><F81/><REACH who="2" ten="332,138,158,362" step="2"/><W93/><G83/><T1/><D70/><U74/><E74/><V41/><F41/><W132/><G75/><T87/><D72/><U134/><E134/><V22/><F22/><W79/><G132/><T2/><D33/><U101/><E89/><V112/><F112/><W122/><G79/><T19/><D78/><U60/><E77/><V23/><F23/><W9/><G119/><T104/><D115/><U3/><E76/><V103/><F103/><W59/><G116/><T125/><D114/><U20/><E20/><V63/><F63/><W51/><G122/><T42/><D42/><U133/><E133/><V113/><F113/><W45/><G51/><T10/><D50/><U49/><E60/><V5/><F5/><W94/><G9/><T34/><D10/><U30/><E30/><V120/><F120/><W88/><G88/><T28/><D28/><U126/><E126/><V68/><F68/><W129/><G129/><N who="1" m="49770" /><E3/><AGARI ba="0,1" hai="3,4,8,17,21,27,37,40,47,84,85,92,99,100" machi="3" ten="30,2900,0" yaku="1,1,7,1,53,0" doraHai="62" doraHaiUra="124" who="2" fromWho="1" sc="332,0,138,-29,158,39,362,0" /><INIT seed="6,1,0,5,4,113" ten="332,109,197,362" oya="2" hai0="111,101,17,49,91,37,8,47,108,39,26,115,79" hai1="5,19,10,23,59,89,105,72,41,9,64,107,24" hai2="67,135,57,87,75,63,120,45,28,99,80,126,15" hai3="74,0,68,125,53,103,96,112,43,90,92,104,6"/><V36/><F75/><W128/><G68/><T27/><D27/><U18/><E72/><V119/><F120/><W34/><G34/><T122/><D122/><U129/><E129/><V30/><F126/><W95/><G125/><T50/><D50/><U118/><E41/><V70/><F135/><W69/><G69/><T29/><D79/><U123/><E123/><V46/><F70/><W31/><G31/><T3/><D101/><U60/><E19/><V35/><F119/><W54/><G128/><T117/><D115/><U33/><E33/><V132/><F132/><W77/><G43/><T21/><D91/><U133/><E133/><V78/><F35/><W86/><G92/><T85/><D85/><U131/><E131/><V106/><F15/><W61/><G61/><T88/><D39/><U83/><E10/><V38/><F38/><W100/><G100/><T76/><D29/><N who="2" m="11370" /><F106/><W84/><G84/><T16/><D3/><U56/><E118/><V109/><F36/><W102/><G102/><T44/><D117/><U97/><E59/><V121/><F121/><W124/><G124/><T134/><D37/><U11/><E11/><V73/><F109/><W58/><G58/><T40/><D134/><U48/><E48/><V32/><F32/><W93/><G104/><T51/><D111/><U116/><E116/><V2/><F2/><W130/><G130/><T62/><D51/><U94/><REACH who="1" step="1"/><E83/><REACH who="1" ten="332,99,197,362" step="2"/><N who="2" m="47607" /><F73/><W81/><G112/><T25/><D49/><U55/><E55/><V13/><F80/><W20/><G20/><T12/><D21/><U127/><E127/><V1/><F57/><RYUUKYOKU ba="1,1" sc="332,-15,99,15,197,-15,362,15" hai1="5,9,18,23,24,56,60,64,89,94,97,105,107" hai3="0,6,53,54,74,77,81,86,90,93,95,96,103" /><INIT seed="7,2,1,2,4,62" ten="317,114,182,377" oya="3" hai0="117,48,7,41,126,101,26,102,13,84,27,56,78" hai1="112,2,59,130,12,122,16,98,93,118,8,67,127" hai2="35,40,15,75,107,86,94,99,21,119,6,73,109" hai3="113,44,3,64,34,89,103,14,1,79,47,50,5"/><W132/><G34/><T45/><D117/><U31/><E122/><V125/><F35/><W133/><G113/><T120/><D120/><U38/><E118/><V105/><F109/><W100/><G79/><T51/><D126/><U128/><E38/><V57/><F86/><W83/><G14/><T17/><D7/><U9/><E112/><V49/><F105/><W58/><G83/><T61/><D51/><U46/><E127/><V77/><F107/><W110/><G89/><T4/><D4/><U95/><E31/><V37/><F37/><W33/><G33/><T114/><D114/><U10/><E46/><V76/><F73/><W129/><G129/><N who="1" m="49770" /><E2/><V19/><F75/><W52/><G110/><T87/><D87/><U121/><E121/><V115/><F115/><W42/><G3/><T65/><D27/><U80/><E80/><V124/><F124/><W25/><G25/><T134/><D26/><U72/><E72/><V11/><F119/><W0/><G5/><T66/><D134/><U23/><E98/><V91/><F125/><W55/><G1/><T28/><D28/><U74/><E74/><V18/><F18/><W20/><G0/><T53/><D102/><U24/><E24/><N who="2" m="14399" /><F40/><W69/><G100/><T43/><D43/><U36/><E36/><V82/><F82/><W60/><G103/><T68/><D68/><U39/><E39/><V90/><F90/><W135/><G42/><T92/><D78/><U81/><E81/><V54/><AGARI ba="2,1" hai="6,11,15,49,54,57,76,77,91,94,99" m="14399" machi="54" ten="30,1100,0" yaku="8,1" doraHai="62" who="2" fromWho="2" sc="317,-5,114,-5,182,27,377,-7" owari="312,11.0,109,-39.0,209,-19.0,370,47.0" /></mjloggm>