<mjloggm ver="2.3"><GO type="225" lobby="0"/><UN n0="%6B%79%6F%6E%6B%6F%31%31" n1="%E9%81%8A%E8%B5%B0" n2="%E2%98%86%E9%BB%84%E7%80%AC%E3%82%84%E3%82%88%E3%81%84%E2%98%86" n3="%E3%83%88%E3%83%88%E3%83%AA%E5%85%88%E7%94%9F%31%39%E6%AD%B3" dan="17,16,17,17" rate="2205.48,2158.35,2148.60,2240.78" sx="M,M,M,F"/><TAIKYOKU oya="0"/><INIT seed="0,0,0,3,3,79" ten="250,250,250,250" oya="0" hai0="95,92,133,94,0,68,98,81,87,112,93,113,5" hai1="114,8,28,123,46,110,34,50,26,120,108,54,107" hai2="63,71,106,51,129,47,75,85,130,82,135,57,118" hai3="11,33,126,97,10,32,127,41,90,96,128,36,40"/><T42/><D68/><U122/><E107/><V84/><F118/><W23/><G36/><T124/><D42/><U38/><E114/><N who="0" m="44137" /><D5/><U119/><E119/><V64/><F106/><W24/><G23/><T13/><D13/><U78/><E78/><N who="2" m="44383" /><F135/><W132/><G90/><N who="0" m="51567" /><D0/><U125/><E125/><V35/><F35/><W66/><G24/><T102/><D133/><U89/><E38/><V48/><F71/><W55/><G132/><T56/><D56/><U19/><REACH who="1" step="1"/><E89/><REACH who="1" ten="250,240,250,250" step="2"/><V109/><F109/><W14/><G127/><AGARI ba="0,1" hai="92,93,94,95,98,102,124,127" m="51567,44137" machi="127" ten="40,7700,0" yaku="34,2,52,1" doraHai="79" who="0" fromWho="3" sc="250,87,240,0,250,0,250,-77" /><INIT seed="0,1,0,0,5,128" ten="337,240,250,173" oya="0" hai0="9,70,87,66,132,84,61,3,117,27,7,65,34" hai1="50,73,6,53,91,57,31,119,23,123,37,42,77" hai2="62,99,60,115,24,109,83,26,36,35,120,10,12" hai3="107,41,8,92,76,38,113,19,133,67,69,134,108"/><T1/><D117/><U82/><E123/><V75/><F120/><W104/><G113/><T130/><D1/><U98/><E119/><V55/><F36/><W2/><G108/><T114/><D114/><U45/><E6/><V44/><F109/><W29/><G76/><T32/><D130/><U25/><E91/><V17/><F115/><W103/><G29/><T46/><D66/><U129/><REACH who="1" step="1"/><E98/><REACH who="1" ten="337,230,250,173" step="2"/><V100/><F99/><N who="3" m="59879" /><G2/><T85/><D27/><U121/><E121/><V118/><F24/><W5/><G5/><T28/><D28/><U33/><E33/><V22/><F35/><W106/><G19/><T95/><D34/><U102/><E102/><V112/><F100/><W59/><G104/><T52/><D32/><U13/><E13/><V15/><F112/><W79/><G107/><T96/><D96/><U72/><E72/><V21/><F118/><W54/><G106/><T4/><D4/><U101/><E101/><V81/><F75/><W47/><G79/><T110/><D110/><U51/><E51/><N who="2" m="29159" /><F15/><W20/><G20/><T18/><D87/><U16/><E16/><N who="2" m="12615" /><F21/><W86/><G8/><T111/><D111/><U56/><E56/><V127/><F127/><W78/><G78/><T89/><D18/><U97/><E97/><V131/><F131/><AGARI ba="1,1" hai="23,25,31,37,42,45,50,53,57,73,77,82,129,131" machi="131" ten="40,2600,0" yaku="1,1,53,1" doraHai="128" doraHaiUra="68" who="1" fromWho="2" sc="337,0,230,39,250,-29,173,0" /><INIT seed="1,0,0,2,1,71" ten="337,269,221,173" oya="1" hai0="89,80,131,91,42,66,96,83,30,88,47,82,24" hai1="101,97,33,53,135,46,100,125,50,116,102,94,6" hai2="35,12,29,59,2,20,76,130,32,10,112,9,111" hai3="0,103,1,40,26,37,128,38,19,64,16,126,134"/><U17/><E116/><V93/><F76/><W104/><G40/><T11/><D131/><U77/><E33/><N who="2" m="12875" /><F93/><W72/><G72/><T92/><D11/><N who="2" m="4106" /><F59/><W75/><G75/><T121/><D121/><U8/><E125/><V109/><F130/><W73/><G73/><T27/><D66/><U98/><E135/><V34/><N who="2" m="12883" /><V86/><DORA hai="81" /><F86/><W110/><G128/><T52/><D52/><U45/><E77/><V67/><F67/><W31/><G64/><T65/><D65/><U28/><E28/><V106/><F106/><W127/><G134/><T107/><D107/><U114/><E114/><V113/><F2/><N who="3" m="1131" /><G103/><T15/><D30/><U74/><E74/><V18/><F29/><W36/><G104/><T22/><D96/><U84/><E46/><V133/><F133/><W4/><G4/><T51/><D92/><U21/><E98/><V60/><F60/><W85/><G85/><T54/><D42/><U108/><E84/><V99/><F99/><W41/><G41/><T120/><D120/><U7/><E7/><V90/><F90/><W57/><G57/><T117/><D117/><U105/><E105/><V68/><F68/><W5/><G5/><T25/><D89/><U69/><E69/><V56/><F56/><W3/><N who="3" m="1139" /><W61/><DORA hai="124" /><G61/><T14/><D91/><U122/><E102/><V62/><F62/><W123/><G123/><T79/><D79/><U129/><E101/><V115/><AGARI ba="0,0" hai="12,18,20,109,111,112,113,115" m="4106,12883" machi="115" ten="50,6400,0" yaku="11,1,34,2" doraHai="71,81,124" who="2" fromWho="2" sc="337,-16,269,-32,221,64,173,-16" /><INIT seed="2,0,0,0,0,97" ten="321,237,285,157" oya="2" hai0="101,57,12,70,84,15,79,2,133,119,121,86,13" hai1="105,90,95,113,93,114,56,1,131,102,130,104,7" hai2="64,68,129,50,21,134,53,40,72,19,49,31,10" hai3="18,132,14,117,65,63,135,123,17,73,94,44,38"/><V75/><F68/><W103/><G117/><T76/><D70/><U98/><E7/><V67/><F134/><W45/><G123/><T59/><D2/><U26/><E1/><V20/><F129/><N who="1" m="49161" /><E56/><N who="0" m="21577" /><D121/><U43/><E43/><V66/><F72/><W47/><G73/><T111/><D133/><U109/><E26/><N who="2" m="16847" /><F75/><W91/><G38/><T78/><D111/><U39/><E109/><V25/><F40/><W36/><G36/><T33/><D33/><U83/><E83/><V69/><F69/><W23/><G132/><T30/><D30/><U87/><E39/><V29/><F53/><W0/><G0/><T77/><D119/><U127/><E127/><V16/><F10/><W82/><G135/><T115/><D115/><AGARI ba="0,0" hai="87,90,93,95,98,102,104,105,113,114,115" m="49161" machi="115" ten="30,7700,0" yaku="19,1,34,2,52,1" doraHai="97" who="1" fromWho="0" sc="321,-77,237,77,285,0,157,0" /><INIT seed="3,0,0,5,1,55" ten="244,314,285,157" oya="3" hai0="92,80,119,53,123,17,64,107,4,77,23,43,79" hai1="111,12,31,65,10,63,30,91,71,20,18,98,45" hai2="135,41,39,102,131,105,118,67,85,116,95,52,48" hai3="113,54,87,97,36,9,81,21,125,133,14,120,15"/><W130/><G113/><T110/><D107/><U75/><E75/><V124/><F105/><W34/><G120/><T90/><D119/><U59/><E111/><V0/><F0/><W127/><G34/><T94/><D110/><U128/><E128/><V84/><F131/><W38/><G130/><T72/><D79/><U121/><E121/><V78/><F135/><W7/><G133/><T57/><D123/><U103/><E71/><V88/><F124/><N who="3" m="47691" /><G97/><T19/><D43/><U89/><E45/><N who="2" m="25647" /><F39/><N who="3" m="14891" /><G54/><T25/><D64/><U69/><E69/><V8/><F118/><W101/><G101/><T58/><D4/><N who="1" m="3143" /><E103/><V44/><F102/><W22/><G15/><T47/><D17/><U99/><E99/><N who="2" m="57831" /><F67/><W70/><G70/><T82/><D82/><U117/><E117/><V76/><F116/><W68/><G68/><T40/><D53/><U49/><E98/><V93/><F8/><W5/><G5/><T51/><REACH who="0" step="1"/><D94/><REACH who="0" ten="234,314,285,157" step="2"/><U96/><E65/><V13/><F93/><W134/><G134/><T132/><D132/><U26/><E91/><AGARI ba="0,1" hai="7,9,14,21,22,81,87,91" m="14891,47691" machi="91" ten="30,1500,0" yaku="18,1" doraHai="55" who="3" fromWho="1" sc="234,0,314,-15,285,0,157,25" /><INIT seed="3,1,0,3,0,87" ten="234,299,285,182" oya="3" hai0="30,56,32,97,45,68,40,93,38,124,27,20,51" hai1="24,36,117,58,77,123,72,91,66,29,37,109,46" hai2="54,17,132,43,6,47,25,53,63,127,60,122,21" hai3="14,26,110,9,118,35,62,119,112,28,64,74,65"/><W69/><G112/><T39/><D68/><U96/><E123/><V19/><F122/><W52/><G74/><T3/><D3/><U102/><E109/><V134/><F6/><W116/><G110/><T50/><D124/><U81/><E117/><V120/><F120/><W23/><G35/><T86/><D32/><U104/><E46/><V121/><F121/><W115/><G115/><T34/><D34/><U88/><E58/><V13/><F127/><W11/><G65/><T16/><D86/><U57/><E57/><V83/><F83/><W101/><G101/><T44/><D56/><U131/><E66/><V111/><F111/><W89/><G14/><T108/><D30/><U41/><E131/><V1/><F1/><W73/><G73/><T85/><D85/><U99/><E99/><V7/><F7/><W18/><G28/><T125/><D108/><U33/><REACH who="1" step="1"/><E41/><REACH who="1" ten="234,289,285,182" step="2"/><V78/><F43/><W42/><G42/><T70/><D125/><U67/><E67/><V90/><F47/><W2/><G2/><T82/><D70/><U8/><E8/><V10/><F10/><W113/><G113/><T76/><D45/><U128/><E128/><V49/><F60/><W75/><G75/><T100/><D51/><U71/><E71/><V114/><F49/><W59/><REACH who="3" step="1"/><G89/><AGARI ba="1,1" hai="24,29,33,36,37,72,77,81,88,89,91,96,102,104" machi="89" ten="40,8000,1" yaku="1,1,52,3,54,1,53,0" doraHai="87" doraHaiUra="129" who="1" fromWho="3" sc="234,0,289,93,285,0,182,-83" owari="234,-17.0,382,48.0,285,9.0,99,-40.0" /></mjloggm>