<mjloggm ver="2.3"><GO type="97" lobby="0"/><UN n0="%E5%B0%B1%E6%B4%BB%E7%94%9F%40%E5%B7%9D%E6%9D%91%E8%BB%8D%E5%9B%A3" n1="%E4%B8%8A%E5%8D%93%E3%82%B9%E3%83%AC%E6%9C%80%E5%BC%B7" n2="%E3%83%BE%28%EF%BC%BE%E2%98%86%EF%BC%BE%29%E3%83%8E" n3="%E4%B8%AD%E5%85%83%E3%81%99%E3%81%9A%E9%A6%99" dan="16,14,13,15" rate="2080.90,2002.67,1880.82,1892.63" sx="M,M,M,F"/><TAIKYOKU oya="0"/><INIT seed="0,0,0,5,0,3" ten="250,250,250,250" oya="0" hai0="57,126,53,65,105,38,23,30,98,74,39,17,25" hai1="83,103,89,114,93,55,86,24,8,112,124,91,81" hai2="128,92,12,71,63,54,108,51,118,41,133,2,36" hai3="70,72,99,119,131,60,50,33,100,69,34,79,107"/><T115/><D74/><U85/><E124/><V129/><F118/><W104/><G119/><T14/><D115/><N who="1" m="44075" /><E24/><V111/><F2/><W1/><G131/><N who="2" m="50249" /><F133/><W20/><G107/><T77/><D126/><U78/><E55/><V27/><F27/><W32/><G1/><T62/><D77/><N who="1" m="46255" /><E8/><V113/><F92/><W130/><G130/><T35/><D105/><U58/><E58/><N who="2" m="33119" /><F12/><W73/><G70/><T120/><D120/><U56/><E56/><V116/><F113/><W4/><G69/><T135/><D135/><U6/><E6/><V84/><F84/><W64/><G4/><T132/><D132/><U5/><E5/><V134/><F134/><W42/><G73/><T95/><REACH who="0" step="1"/><D65/><REACH who="0" ten="240,250,250,250" step="2"/><U43/><E78/><V9/><F116/><W67/><G64/><T44/><D44/><U88/><E43/><V40/><F36/><W22/><G67/><T26/><D26/><U94/><E94/><V75/><F75/><W109/><G72/><T46/><D46/><U87/><E93/><V11/><F71/><W28/><G42/><N who="2" m="16489" /><F63/><W10/><G60/><T19/><D19/><U110/><E83/><V16/><F16/><W13/><G79/><T97/><D97/><U52/><E86/><V47/><F47/><W29/><G99/><T76/><D76/><U96/><E87/><V48/><F48/><W21/><G50/><T121/><D121/><U59/><E59/><V117/><F117/><W80/><G80/><T127/><D127/><U125/><E125/><V101/><F101/><AGARI ba="0,1" hai="14,17,23,25,30,35,38,39,53,57,62,95,98,101" machi="101" ten="30,5800,0" yaku="1,1,7,1,53,1" doraHai="3" doraHaiUra="31" who="0" fromWho="2" sc="240,68,250,0,250,-58,250,0" /><INIT seed="0,1,0,0,3,47" ten="308,250,192,250" oya="0" hai0="104,64,83,55,60,96,41,102,99,128,127,8,132" hai1="21,67,44,43,50,61,111,53,18,112,121,123,17" hai2="36,109,7,82,79,81,3,57,38,92,122,25,40" hai3="93,117,105,74,34,37,51,78,59,4,106,5,49"/><T2/><D127/><U110/><E112/><V90/><F122/><N who="1" m="46601" /><E21/><V66/><F109/><N who="1" m="41481" /><E18/><V95/><F25/><W28/><G93/><T80/><D128/><U71/><E17/><V77/><F66/><W39/><G59/><T48/><D132/><U70/><E43/><V29/><F29/><W129/><G78/><T1/><D41/><U14/><E14/><V63/><F63/><W75/><G28/><T12/><D96/><U9/><E9/><V86/><F57/><AGARI ba="1,0" hai="44,50,53,57,61,67,70,71" m="41481,46601" machi="57" ten="30,7700,0" yaku="14,1,34,2,52,1" doraHai="47" who="1" fromWho="2" sc="308,0,250,80,192,-80,250,0" /><INIT seed="1,0,0,2,0,11" ten="308,330,112,250" oya="1" hai0="4,49,65,25,28,135,84,47,32,61,57,38,120" hai1="100,53,35,129,127,91,64,111,125,7,62,1,105" hai2="71,104,27,36,70,75,48,54,76,67,50,126,68" hai3="73,98,77,15,92,30,134,74,82,122,81,101,99"/><U110/><E35/><V128/><F104/><N who="3" m="63543" /><G30/><T117/><D120/><U5/><E91/><V22/><F126/><N who="1" m="48137" /><E53/><V79/><F128/><W2/><G15/><T97/><D117/><U14/><E14/><V88/><F36/><W33/><G2/><T93/><D135/><U132/><E132/><V3/><F3/><W131/><G33/><T109/><D109/><N who="1" m="41483" /><E129/><V85/><F67/><W80/><G134/><T46/><D38/><U23/><E23/><V0/><F0/><W17/><G131/><T112/><D112/><U43/><E43/><V37/><F37/><W130/><G130/><T78/><D4/><U115/><E115/><V31/><F50/><W83/><G122/><T86/><D78/><U20/><E20/><V18/><F75/><N who="3" m="43071" /><G17/><T56/><D47/><U40/><E40/><V26/><F26/><W103/><AGARI ba="0,0" hai="73,74,81,82,83,92,99,103" m="43071,63543" machi="103" ten="30,8000,1" yaku="35,5" doraHai="11" who="3" fromWho="3" sc="308,-20,330,-40,112,-20,250,80" /><INIT seed="2,0,0,1,1,95" ten="288,290,92,330" oya="2" hai0="56,34,19,93,128,106,60,57,27,121,21,1,58" hai1="112,29,46,118,122,114,15,134,73,91,78,92,132" hai2="123,94,3,131,62,40,108,4,31,115,66,30,82" hai3="18,36,105,52,37,42,45,109,127,69,9,32,110"/><V24/><F123/><W51/><G105/><T71/><D106/><U113/><E29/><V99/><F115/><N who="1" m="29441" /><U53/><DORA hai="14" /><E15/><V23/><F131/><W10/><G32/><T35/><D121/><U64/><E64/><V67/><F40/><W44/><G127/><T48/><D128/><U47/><E118/><V81/><F108/><N who="3" m="41579" /><G69/><T39/><D1/><U79/><E122/><V54/><F3/><W61/><G61/><T101/><D39/><N who="3" m="14921" /><G18/><T76/><D76/><N who="1" m="29227" /><E73/><V89/><F4/><W74/><G74/><T65/><D48/><AGARI ba="0,0" hai="9,10,42,44,45,48,51,52" m="14921,41579" machi="48" ten="30,2000,0" yaku="14,1,54,1" doraHai="95,14" who="3" fromWho="0" sc="288,-20,290,0,92,0,330,20" /><INIT seed="3,0,0,0,3,122" ten="268,290,92,350" oya="3" hai0="35,54,23,30,76,10,87,72,29,95,24,128,118" hai1="70,64,90,15,79,88,103,117,89,123,101,115,99" hai2="19,48,45,25,112,9,113,120,34,41,100,16,22" hai3="129,127,18,2,8,102,55,44,26,13,38,46,5"/><W85/><G129/><T62/><D118/><U27/><E123/><V116/><F120/><W40/><G127/><T0/><D128/><U71/><E115/><V119/><F100/><W42/><G102/><T66/><D72/><U130/><E130/><V73/><F73/><W39/><G55/><T47/><D35/><U58/><E117/><V132/><F48/><W134/><G134/><T86/><D30/><U135/><E135/><V7/><F45/><W81/><G26/><T33/><D33/><U65/><E27/><V109/><F41/><W32/><G32/><T67/><D76/><U3/><E3/><V96/><F96/><W124/><G124/><T74/><D74/><U17/><E79/><V121/><F132/><W53/><G53/><T1/><D67/><N who="1" m="25675" /><E71/><V4/><F34/><W63/><G63/><T50/><D10/><N who="1" m="6391" /><E70/><V37/><F37/><W108/><G108/><T28/><D28/><U59/><E101/><V56/><F56/><N who="1" m="21545" /><E103/><V111/><F25/><W12/><G18/><T83/><D95/><AGARI ba="0,0" hai="88,89,90,95,99" m="21545,6391,25675" machi="95" ten="30,2000,0" yaku="8,1,54,1" doraHai="122" who="1" fromWho="0" sc="268,-20,290,20,92,0,350,0" owari="248,-15.0,310,11.0,92,-41.0,350,45.0" /></mjloggm>