<mjloggm ver="2.3"><GO type="41" lobby="0"/><UN n0="%E3%82%89%E3%81%8F%E3%81%A0%EF%BC%90%EF%BC%91%EF%BC%90%EF%BC%99" n1="%4E%61%75%69" n2="%E5%B0%B1%E6%B4%BB%E7%94%9F%40%E5%B7%9D%E6%9D%91%E8%BB%8D%E5%9B%A3" n3="%E9%9B%B7%E7%9B%B4%E6%92%83%E2%98%86%EF%BC%92%E5%9B%9E%E7%9B%AE" dan="14,15,15,14" rate="1962.65,2037.54,2045.39,1925.88" sx="M,M,M,M"/><TAIKYOKU oya="0"/><INIT seed="0,0,0,5,2,0" ten="250,250,250,250" oya="0" hai0="105,36,44,25,88,132,87,82,111,122,134,37,107" hai1="33,43,54,114,98,69,106,63,5,121,133,127,93" hai2="45,67,75,68,97,62,80,70,71,83,115,73,72" hai3="17,116,1,119,59,56,79,85,131,23,41,126,84"/><T76/><D122/><U94/><E121/><V30/><F115/><W124/><G41/><T64/><D64/><U19/><E33/><V57/><F30/><W31/><G31/><T27/><D111/><U108/><E43/><V117/><F117/><W10/><G131/><T12/><D12/><U100/><E108/><V29/><F29/><W104/><G104/><T16/><D107/><U60/><E60/><V53/><F97/><W125/><G119/><T95/><D105/><U38/><E38/><V102/><F102/><W13/><G116/><T120/><D120/><U7/><E114/><V118/><F118/><W42/><G42/><T90/><D90/><U48/><E19/><V49/><AGARI ba="0,0" hai="45,49,53,57,62,67,68,70,71,72,73,75,80,83" machi="49" ten="40,1500,0" yaku="0,1" doraHai="0" who="2" fromWho="2" sc="250,-7,250,-4,250,15,250,-4" /><INIT seed="1,0,0,3,0,8" ten="243,246,265,246" oya="1" hai0="129,21,38,92,51,3,35,53,31,33,121,90,133" hai1="111,122,47,56,96,76,91,87,11,125,37,70,81" hai2="7,113,78,4,41,42,30,20,106,0,49,24,130" hai3="23,117,95,103,67,19,116,134,54,112,71,13,40"/><U123/><E70/><V86/><F106/><W124/><G112/><T62/><D38/><U101/><E56/><V98/><F113/><W100/><G40/><T84/><D3/><U80/><E11/><V118/><F118/><N who="3" m="45675" /><G134/><T66/><D121/><N who="1" m="46091" /><E47/><V39/><F39/><W119/><G124/><T63/><D63/><U99/><E37/><V44/><F130/><W26/><G119/><T17/><D31/><U18/><E18/><V73/><F73/><W14/><G54/><T52/><D53/><U10/><E10/><V1/><F1/><W60/><G95/><T50/><D50/><U128/><E128/><V110/><F110/><W131/><G131/><T5/><D5/><U28/><E28/><V45/><F0/><W43/><G43/><T107/><D107/><N who="1" m="63911" /><E99/><V72/><F98/><W36/><G36/><T114/><D114/><U48/><E48/><N who="2" m="26639" /><F72/><W6/><G6/><T109/><D133/><U9/><E9/><V68/><F68/><W16/><G26/><T46/><D109/><U34/><E34/><V74/><F74/><W59/><G71/><T25/><D129/><U2/><E2/><V89/><F78/><W15/><G23/><T61/><D61/><U102/><E111/><V97/><F97/><W22/><G22/><T79/><D79/><U57/><E76/><V27/><F27/><W64/><G64/><T104/><D104/><U82/><E102/><AGARI ba="0,0" hai="13,14,15,16,19,59,60,67,100,102,103" m="45675" machi="102" ten="30,8000,1" yaku="12,1,52,3,54,1" doraHai="8" who="3" fromWho="1" sc="243,0,246,-80,265,0,246,80" /><INIT seed="2,0,0,5,0,109" ten="243,166,265,326" oya="2" hai0="94,111,115,119,27,127,43,51,89,103,19,110,90" hai1="13,108,97,16,83,112,116,98,135,117,38,86,21" hai2="93,76,45,64,79,55,60,121,70,123,35,10,48" hai3="120,106,74,8,37,57,122,100,87,56,114,113,118"/><V88/><F35/><W3/><G37/><T69/><D69/><U126/><E38/><V85/><REACH who="2" step="1"/><F10/><REACH who="2" ten="243,166,255,326" step="2"/><W5/><G118/><T29/><D119/><U129/><E117/><V26/><F26/><W63/><G122/><AGARI ba="0,1" hai="45,48,55,60,64,70,76,79,85,88,93,121,122,123" machi="122" ten="40,3900,0" yaku="1,1,54,1,53,0" doraHai="109" doraHaiUra="2" who="2" fromWho="3" sc="243,0,166,0,255,49,326,-39" /><INIT seed="2,1,0,4,1,111" ten="243,166,304,287" oya="2" hai0="68,66,43,27,81,87,5,16,104,8,52,57,113" hai1="7,71,41,44,114,134,109,94,93,60,85,89,19" hai2="28,0,49,35,65,74,31,99,128,101,110,79,108" hai3="59,51,53,77,135,72,30,80,107,54,32,121,36"/><V92/><F0/><W10/><G121/><T20/><D104/><U3/><E109/><N who="2" m="42091" /><F128/><W100/><G36/><T22/><D22/><U112/><E3/><V14/><F35/><W76/><G76/><T45/><D113/><U102/><E7/><V120/><F120/><W124/><G10/><T123/><D123/><U15/><E134/><V95/><F65/><W96/><G135/><T55/><D68/><U129/><E129/><V132/><F132/><W29/><G124/><T46/><D66/><U133/><E133/><V131/><F131/><W6/><G6/><T23/><D23/><U103/><E71/><V9/><F92/><W40/><G40/><T17/><D17/><U12/><E60/><V130/><F130/><W122/><G122/><T69/><D69/><U86/><E89/><V90/><F90/><W56/><G32/><T4/><D4/><U117/><E117/><V73/><F49/><AGARI ba="1,0" hai="29,30,49,51,53,54,56,59,72,77,80,96,100,107" machi="49" ten="30,2000,0" yaku="7,1,9,1" doraHai="111" who="3" fromWho="2" sc="243,0,166,0,304,-23,287,23" /><INIT seed="3,0,0,3,2,134" ten="243,166,281,310" oya="3" hai0="55,45,13,80,133,78,30,16,97,92,98,1,33" hai1="106,43,57,126,40,84,61,58,71,91,76,47,36" hai2="17,81,89,60,125,87,112,53,130,31,59,50,63" hai3="4,56,10,103,5,107,24,102,109,37,95,79,86"/><W7/><G37/><T18/><D1/><U22/><E106/><V90/><F112/><W129/><G129/><T116/><D116/><U88/><E43/><V100/><F130/><W52/><G109/><T49/><D133/><U28/><E71/><V128/><F128/><W94/><G107/><T34/><D30/><U82/><E58/><V65/><F100/><N who="3" m="38443" /><G10/><T73/><D18/><U93/><E28/><V15/><F31/><W70/><G70/><T46/><D46/><U85/><E22/><V3/><F3/><W104/><G104/><T122/><D122/><U72/><E72/><V99/><F125/><W8/><G8/><T12/><D12/><U83/><E83/><V26/><F26/><W105/><G105/><T6/><D6/><U9/><E9/><V41/><F41/><W23/><G86/><T121/><D121/><U66/><REACH who="1" step="1"/><E76/><REACH who="1" ten="243,156,281,310" step="2"/><V123/><F123/><W113/><G79/><T62/><D34/><U54/><E54/><V120/><F120/><W135/><G135/><T39/><D33/><U32/><E32/><V110/><F110/><W108/><G108/><T68/><D92/><U51/><E51/><V132/><F132/><W124/><G95/><T29/><D29/><U44/><E44/><V74/><F74/><W19/><G94/><T35/><D35/><U67/><E67/><V69/><F99/><W118/><G23/><N who="0" m="11663" /><D39/><U96/><E96/><V114/><F114/><W127/><G113/><T131/><D131/><U64/><E64/><V48/><F90/><W27/><G27/><T38/><D38/><U111/><E111/><V25/><F25/><RYUUKYOKU ba="0,1" sc="243,10,156,10,281,10,310,-30" hai0="45,49,55,62,68,73,78,80,97,98" hai1="36,40,47,57,61,66,82,84,85,88,91,93,126" hai2="15,17,48,50,53,59,60,63,65,69,81,87,89" /><INIT seed="4,1,1,4,0,92" ten="253,166,291,280" oya="0" hai0="128,121,84,22,61,39,83,79,108,91,38,0,21" hai1="134,65,44,81,75,34,69,60,105,36,114,32,62" hai2="95,85,4,54,28,123,13,80,119,118,86,42,67" hai3="41,110,72,111,94,51,59,64,98,20,19,58,113"/><T49/><D0/><U50/><E62/><V14/><F123/><W103/><G72/><T131/><D121/><U31/><E134/><V16/><F28/><W27/><G113/><T66/><D108/><U33/><E114/><V29/><F29/><W3/><G3/><T122/><D122/><U88/><E105/><V40/><F67/><W93/><G93/><T73/><D49/><U104/><E104/><V90/><F4/><W129/><G129/><N who="0" m="49739" /><D38/><U63/><E63/><V126/><F14/><W71/><G71/><N who="0" m="42447" /><D39/><U101/><E36/><V124/><F54/><W127/><G64/><T55/><D55/><U35/><E35/><V109/><F109/><W17/><G110/><T125/><D125/><N who="2" m="48234" /><F42/><W57/><G127/><T120/><D120/><U53/><E101/><V43/><F43/><W45/><G111/><T11/><D11/><U10/><E10/><N who="2" m="6199" /><F40/><W68/><G68/><T117/><D117/><N who="2" m="44554" /><F86/><W99/><G41/><T70/><D70/><U102/><E69/><V9/><F9/><W5/><G51/><T106/><D106/><U18/><E65/><V132/><F132/><W56/><G5/><T97/><D73/><U8/><E75/><V77/><F77/><W116/><G116/><T115/><D115/><U96/><E8/><V133/><F133/><W47/><G47/><T25/><D25/><U2/><E44/><V26/><F26/><W82/><G45/><T76/><D76/><U7/><E2/><V30/><F30/><W48/><G56/><T78/><D78/><U24/><E24/><V12/><F12/><W6/><G59/><T112/><D112/><RYUUKYOKU ba="1,1" sc="253,15,166,-15,291,15,280,-15" hai0="21,22,79,83,84,91,97" hai2="80,85,90,95" /><INIT seed="4,2,1,1,2,62" ten="268,151,306,265" oya="0" hai0="118,111,74,24,96,16,43,99,40,104,39,81,55" hai1="52,135,116,108,35,63,126,103,18,95,114,85,106" hai2="28,2,36,68,60,23,1,34,47,22,64,50,11" hai3="117,82,42,6,20,125,92,79,134,112,13,72,113"/><T122/><D122/><U86/><E108/><V80/><F36/><W7/><G117/><T56/><D118/><U91/><E116/><V59/><F68/><W0/><G0/><T54/><D104/><U17/><E35/><V29/><F2/><W61/><G134/><T87/><D74/><U90/><E106/><V128/><F128/><W53/><G42/><N who="0" m="15915" /><D39/><U109/><E109/><V66/><F1/><W70/><G125/><T129/><D129/><U76/><E76/><V67/><F11/><W105/><G105/><T5/><D5/><U132/><E103/><V78/><F34/><W3/><G3/><T127/><D127/><U88/><E126/><V32/><F32/><W44/><G7/><T58/><D111/><U75/><E75/><V124/><F124/><W21/><G6/><T41/><N who="0" m="15923" /><T65/><DORA hai="89" /><D65/><N who="2" m="25194" /><F50/><W119/><G119/><T123/><D123/><U131/><E131/><V83/><F47/><W49/><G70/><T102/><D102/><U84/><E114/><V130/><F130/><W46/><G113/><T121/><D121/><U97/><E135/><V15/><F23/><W9/><G112/><T26/><D56/><N who="1" m="35207" /><E132/><V4/><F4/><W8/><G72/><T115/><D115/><U93/><E97/><N who="0" m="37449" /><D16/><AGARI ba="2,1" hai="16,17,18,84,85,86,88,90,91,93,95" m="35207" machi="16" ten="30,12000,2" yaku="8,1,52,2,54,3" doraHai="62,89" who="1" fromWho="0" sc="268,-126,151,136,306,0,265,0" /><INIT seed="5,0,0,1,3,88" ten="142,287,306,265" oya="1" hai0="15,77,36,64,72,27,14,21,0,51,42,2,59" hai1="13,32,71,6,68,114,124,56,52,9,130,12,34" hai2="26,57,93,8,74,60,86,30,33,10,92,134,97" hai3="126,45,62,20,113,103,4,46,25,53,70,11,67"/><U108/><E114/><V82/><F74/><W48/><G113/><T47/><D0/><U80/><E124/><V28/><F134/><W102/><G126/><T50/><D2/><U132/><E132/><V87/><F30/><W94/><G46/><T35/><D35/><U65/><E130/><V100/><F87/><W5/><G5/><T120/><D120/><U29/><E13/><V123/><F123/><W118/><G118/><T40/><D36/><U125/><E125/><V69/><F69/><W81/><G81/><T7/><D7/><U112/><E112/><V116/><F116/><W135/><G135/><T106/><D106/><U83/><E68/><V109/><F109/><W19/><G94/><T43/><D72/><U16/><E6/><V78/><REACH who="2" step="1"/><F93/><REACH who="2" ten="142,287,296,265" step="2"/><W75/><G75/><T99/><D77/><U66/><E71/><V117/><F117/><W122/><G122/><T84/><D84/><U129/><E108/><V89/><F89/><W24/><G103/><T37/><D37/><U95/><E95/><V22/><F22/><W18/><G102/><T105/><D105/><U107/><E107/><V61/><F61/><W90/><G90/><T49/><D99/><U54/><E29/><V98/><F98/><W91/><G91/><T96/><D96/><U85/><E34/><V101/><F101/><W76/><G70/><T3/><D3/><U131/><E32/><V63/><F63/><W38/><G62/><N who="0" m="37983" /><D47/><U121/><E131/><V41/><F41/><N who="0" m="10498" /><T39/><DORA hai="23" /><D39/><U111/><E129/><V79/><F79/><W127/><G76/><T128/><D128/><RYUUKYOKU ba="0,1" sc="142,15,287,-15,296,15,265,-15" hai0="14,15,21,27,49,50,51" hai2="8,10,26,28,33,57,60,78,82,86,92,97,100" /><INIT seed="6,1,1,4,0,50" ten="157,272,311,250" oya="2" hai0="117,96,111,17,134,99,122,59,41,40,9,133,79" hai1="43,12,70,55,57,33,29,130,11,109,115,53,83" hai2="22,85,98,87,77,128,60,80,42,5,54,113,91" hai3="131,97,104,24,112,114,101,69,127,34,116,93,61"/><V23/><F113/><N who="3" m="43627" /><G127/><T123/><D79/><U126/><E115/><V48/><F128/><W132/><G131/><T66/><D9/><U124/><E109/><V100/><F5/><W63/><G132/><N who="0" m="50795" /><D17/><U62/><E70/><V38/><F38/><W121/><G121/><N who="0" m="46091" /><D111/><U6/><E43/><N who="0" m="16457" /><D117/><U14/><E130/><V102/><F42/><W21/><G116/><T78/><D78/><U107/><E107/><V119/><F119/><W4/><G4/><T19/><D19/><U71/><E71/><V95/><F60/><AGARI ba="1,1" hai="59,60,66,96,99" m="16457,46091,50795" machi="60" ten="40,1300,0" yaku="20,1" doraHai="50" who="0" fromWho="2" sc="157,26,272,0,311,-16,250,0" /><INIT seed="7,0,0,0,3,79" ten="183,272,295,250" oya="3" hai0="67,28,27,83,40,114,44,38,106,124,0,2,69" hai1="99,112,104,73,96,42,109,63,105,74,54,82,76" hai2="9,30,36,129,4,61,80,51,41,110,68,71,135" hai3="35,53,20,15,8,95,101,7,29,13,133,25,26"/><W119/><G119/><T117/><D117/><U108/><E42/><V12/><F110/><N who="1" m="42601" /><E54/><V60/><F36/><W89/><G101/><T125/><D114/><U16/><E16/><V24/><F129/><W100/><G100/><T116/><D116/><U88/><E63/><V97/><F135/><W131/><G133/><T75/><D106/><N who="1" m="41067" /><E112/><V10/><F97/><N who="1" m="37449" /><E88/><V120/><F10/><W59/><G131/><T84/><D84/><AGARI ba="0,0" hai="73,74,76,82,84" m="37449,41067,42601" machi="84" ten="30,3900,0" yaku="34,2,52,1" doraHai="79" who="1" fromWho="0" sc="183,-39,272,39,295,0,250,0" owari="144,-36.0,311,41.0,295,10.0,250,-15.0" /></mjloggm>