<mjloggm ver="2.3"><GO type="97" lobby="0"/><UN n0="%E3%8C%A7%E3%81%BE" n1="%E5%B0%B1%E6%B4%BB%E7%94%9F%40%E5%B7%9D%E6%9D%91%E8%BB%8D%E5%9B%A3" n2="%E6%9D%8E%E8%B3%80" n3="%E3%81%82%E3%81%A4%E3%81%82%E3%81%A4%E6%B9%AF%E5%A9%86%E5%A9%86" dan="15,14,13,15" rate="1975.70,1942.44,1903.65,1899.66" sx="M,M,M,M"/><TAIKYOKU oya="0"/><INIT seed="0,0,0,4,5,75" ten="250,250,250,250" oya="0" hai0="55,64,58,111,17,92,45,33,77,14,12,42,112" hai1="99,122,21,105,81,113,20,44,39,69,127,96,19" hai2="67,110,6,100,46,35,49,66,22,95,0,62,28" hai3="133,65,74,43,47,134,68,70,36,129,73,25,103"/><T29/><D112/><U83/><E69/><V94/><F35/><W1/><G103/><T101/><D64/><U130/><E122/><V78/><F110/><W38/><G129/><T80/><D12/><U114/><E130/><V125/><F125/><W54/><G1/><T16/><D111/><U63/><E127/><V11/><F100/><W61/><G25/><T59/><D29/><U118/><E118/><V56/><F66/><W106/><G106/><T84/><D17/><U9/><E9/><V50/><F50/><W90/><G90/><T89/><D33/><U60/><E19/><V5/><F5/><W13/><G13/><T98/><D55/><U88/><E44/><V97/><F97/><W2/><G2/><T135/><D135/><N who="3" m="51721" /><G70/><T115/><D115/><U53/><E53/><V26/><REACH who="2" step="1"/><F78/><REACH who="2" ten="250,250,240,250" step="2"/><W51/><G36/><T3/><D101/><U107/><E39/><V8/><F8/><W72/><G38/><T117/><D117/><U128/><E128/><V126/><F126/><W124/><G124/><T82/><D3/><U76/><E88/><V48/><F48/><W132/><G132/><T131/><D131/><U121/><E121/><V41/><AGARI ba="0,1" hai="0,6,11,22,26,28,41,46,49,56,62,67,94,95" machi="41" ten="20,2700,0" yaku="1,1,0,1,7,1,53,0" doraHai="75" doraHaiUra="104" who="2" fromWho="2" sc="250,-13,250,-7,240,37,250,-7" /><INIT seed="1,0,0,5,0,118" ten="237,243,277,243" oya="1" hai0="46,59,36,68,107,40,49,88,122,5,108,8,76" hai1="93,104,70,3,82,98,39,51,35,99,94,47,135" hai2="26,16,54,50,48,117,0,134,10,86,7,44,57" hai3="89,43,126,11,83,114,97,123,9,125,45,12,96"/><U64/><E35/><V53/><F117/><W30/><G30/><T18/><D107/><U105/><E3/><V4/><F134/><W6/><G114/><T120/><D76/><U19/><E135/><V72/><F72/><W129/><G129/><T80/><D18/><U128/><E39/><V60/><F7/><W38/><G11/><T130/><D108/><U116/><E116/><V32/><F86/><N who="3" m="50399" /><G123/><N who="0" m="47147" /><D68/><U17/><E128/><V29/><REACH who="2" step="1"/><F16/><REACH who="2" ten="237,243,267,243" step="2"/><W62/><G6/><T84/><D130/><U56/><E19/><V63/><AGARI ba="0,1" hai="0,4,10,26,29,32,44,48,50,53,54,57,60,63" machi="63" ten="30,4000,0" yaku="1,1,2,1,0,1,53,0" doraHai="118" doraHaiUra="90" who="2" fromWho="2" sc="237,-10,243,-20,267,50,243,-10" /><INIT seed="2,0,0,4,1,94" ten="227,223,317,233" oya="2" hai0="124,26,84,61,78,70,82,76,20,97,80,8,36" hai1="89,0,31,73,32,9,114,16,105,65,118,60,53" hai2="108,46,120,107,39,104,43,103,18,102,11,27,30" hai3="23,25,135,75,121,125,54,88,87,85,74,42,40"/><V132/><F120/><W100/><G100/><T19/><D36/><U7/><E118/><V117/><F117/><W68/><G68/><T1/><D124/><U71/><E114/><V56/><F132/><W33/><G121/><T99/><D70/><U5/><E5/><V111/><F56/><W133/><G33/><T109/><D109/><N who="2" m="42058" /><F11/><W92/><G125/><T119/><D61/><U22/><E73/><V77/><F18/><W35/><G35/><T106/><D106/><N who="2" m="40490" /><F77/><W126/><G126/><T66/><D66/><U93/><E105/><V95/><F95/><W47/><G75/><T79/><D119/><U58/><E31/><V122/><F122/><W129/><G74/><T62/><D62/><U115/><E115/><V123/><F123/><W2/><G2/><T29/><D1/><U45/><E45/><V37/><F37/><W13/><G135/><T90/><D80/><U50/><E32/><AGARI ba="0,0" hai="27,30,32,39,43,46,102,103" m="40490,42058" machi="32" ten="30,2900,0" yaku="14,1,10,1" doraHai="94" who="2" fromWho="1" sc="227,0,223,-29,317,29,233,0" /><INIT seed="2,1,0,2,3,77" ten="227,194,346,233" oya="2" hai0="119,9,67,49,103,116,39,60,114,112,18,54,66" hai1="34,109,121,38,44,14,47,41,56,108,89,135,133" hai2="100,76,1,85,64,104,102,88,71,101,59,110,10" hai3="128,113,0,27,37,24,107,98,30,131,115,25,26"/><V31/><F71/><W22/><G37/><T127/><D103/><U20/><E34/><V99/><F110/><N who="1" m="42601" /><E121/><V74/><F31/><N who="3" m="17815" /><G98/><T129/><D39/><U82/><E20/><V42/><F42/><W69/><G107/><T90/><D9/><U68/><E14/><V124/><F124/><W87/><G87/><T21/><D129/><N who="3" m="49737" /><G69/><T106/><D106/><U5/><E5/><N who="2" m="1327" /><F64/><W53/><G53/><T8/><D8/><U84/><E68/><V111/><F59/><W32/><G0/><T28/><D28/><U123/><E123/><V92/><F111/><W46/><G46/><T83/><D127/><U61/><E47/><V6/><F6/><W58/><G58/><T11/><D11/><U55/><AGARI ba="1,0" hai="38,41,44,55,56,61,82,84,89,133,135" m="42601" machi="55" ten="30,2000,0" yaku="14,1,52,1" doraHai="77" who="1" fromWho="1" sc="227,-6,194,23,346,-11,233,-6" /><INIT seed="3,0,0,5,2,69" ten="221,217,335,227" oya="3" hai0="24,48,25,78,101,14,96,27,42,59,112,85,18" hai1="132,82,53,64,73,29,86,34,26,98,9,54,15" hai2="135,20,111,121,100,72,49,104,4,1,124,107,17" hai3="3,67,76,94,28,126,56,46,79,99,60,129,0"/><W55/><G28/><T5/><D112/><U75/><E132/><V110/><F72/><W23/><G126/><T106/><D5/><U125/><E125/><V7/><F124/><W103/><G129/><T63/><D42/><U134/><E64/><V61/><F135/><W113/><G113/><T37/><D48/><U95/><E134/><V133/><F133/><W123/><G123/><T108/><D108/><N who="2" m="41514" /><F100/><W117/><G117/><T90/><D78/><U93/><E75/><V45/><F61/><W50/><G3/><T52/><D37/><U47/><E73/><V43/><F121/><W31/><G0/><T89/><REACH who="0" step="1"/><D85/><REACH who="0" ten="211,217,335,227" step="2"/><U41/><E41/><V6/><F1/><W105/><G105/><T66/><D66/><U92/><E47/><V109/><F109/><W128/><G128/><T8/><AGARI ba="0,1" hai="8,14,18,24,25,27,52,59,63,89,90,96,101,106" machi="8" ten="30,7900,0" yaku="1,1,0,1,54,1,53,1" doraHai="69" doraHaiUra="11" who="0" fromWho="0" sc="211,89,217,-20,335,-20,227,-39" owari="300,10.0,197,-20.0,315,41.0,188,-31.0" /></mjloggm>