<mjloggm ver="2.3"><GO type="97" lobby="0"/><UN n0="%E3%81%82%E3%81%96%E3%81%A8%E3%81%99" n1="%52%2E%4E%2E%E3%81%9B%E3%82%93%E3%81%9A%E3%82%8A" n2="%E5%B0%B1%E6%B4%BB%E7%94%9F%40%E5%B7%9D%E6%9D%91%E8%BB%8D%E5%9B%A3" n3="%59%4F%47%48%4F%55%52%54" dan="15,14,15,13" rate="1929.30,1966.97,1978.60,1853.18" sx="F,M,M,M"/><TAIKYOKU oya="0"/><INIT seed="0,0,0,1,2,63" ten="250,250,250,250" oya="0" hai0="25,40,96,42,102,70,79,123,92,88,13,64,85" hai1="53,2,121,7,130,135,94,86,58,129,132,45,67" hai2="4,71,36,27,73,44,82,80,103,24,116,26,118" hai3="110,11,60,105,29,31,57,89,38,30,109,22,54"/><T108/><D123/><U43/><E7/><V83/><F73/><W119/><G105/><T34/><D13/><U62/><E2/><V5/><F103/><W33/><G119/><N who="2" m="45609" /><F71/><W128/><G38/><T117/><D117/><U66/><E94/><V23/><F23/><W51/><G128/><N who="1" m="49258" /><E86/><V78/><F78/><W122/><G122/><T114/><D114/><U14/><E14/><V97/><F97/><W93/><G33/><T39/><D39/><N who="1" m="21759" /><E121/><V72/><F72/><W1/><G1/><T52/><D79/><U113/><E113/><V106/><F106/><W90/><G11/><T101/><D101/><U100/><E100/><V61/><F61/><W19/><G60/><T95/><D108/><N who="3" m="41577" /><G93/><T76/><D76/><U107/><E107/><V104/><F104/><W68/><G68/><T69/><D69/><U65/><AGARI ba="0,0" hai="53,58,62,65,66,67,132,135" m="21759,49258" machi="65" ten="40,12000,2" yaku="19,1,34,2,52,3" doraHai="63" who="1" fromWho="1" sc="250,-60,250,120,250,-30,250,-30" /><INIT seed="1,0,0,3,1,126" ten="190,370,220,220" oya="1" hai0="32,133,26,127,23,94,135,67,100,3,128,71,110" hai1="53,93,16,73,45,15,46,117,30,35,63,9,112" hai2="99,17,65,131,27,12,129,43,78,91,24,55,44" hai3="2,114,108,51,124,39,4,6,59,121,68,11,61"/><U102/><E112/><V82/><F65/><W77/><G114/><T1/><D32/><U25/><E73/><V10/><F99/><W47/><G108/><T28/><D127/><U85/><E117/><V7/><F7/><W123/><G124/><T19/><D19/><U88/><E102/><V22/><F55/><N who="3" m="32255" /><G4/><T49/><D49/><U76/><E76/><V79/><F91/><W36/><G77/><T116/><D116/><U33/><E33/><V34/><F34/><W90/><G90/><T111/><D128/><N who="2" m="49226" /><F82/><W87/><G87/><T132/><D67/><U86/><E35/><V38/><F24/><W134/><G134/><T5/><D71/><U84/><E25/><V29/><AGARI ba="0,0" hai="10,12,17,22,27,29,38,43,44,78,79" m="49226" machi="29" ten="30,7900,0" yaku="19,1,52,3" doraHai="126" who="2" fromWho="2" sc="190,-20,370,-39,220,79,220,-20" /><INIT seed="2,0,0,3,5,20" ten="170,331,299,200" oya="2" hai0="23,95,108,98,49,36,97,127,10,102,131,6,58" hai1="126,119,53,89,2,60,25,15,93,57,88,107,100" hai2="65,130,109,18,133,4,9,66,7,87,128,56,50" hai3="69,26,44,39,62,84,37,85,123,134,64,34,86"/><V122/><F122/><W68/><G123/><T92/><D108/><U29/><E2/><V54/><F133/><W13/><G134/><T61/><D131/><N who="2" m="50218" /><F109/><W41/><G13/><T110/><D110/><U96/><E119/><V24/><F87/><W78/><G78/><T116/><D127/><U113/><E113/><V132/><F132/><W90/><G37/><T0/><D116/><U82/><E126/><V45/><F45/><W81/><REACH who="3" step="1"/><G69/><REACH who="3" ten="170,331,299,190" step="2"/><T12/><D36/><U51/><E15/><N who="2" m="7535" /><F24/><W76/><G76/><T19/><D0/><U83/><E51/><V31/><F7/><W77/><G77/><T32/><D49/><U74/><E74/><V91/><F4/><W114/><G114/><T117/><D117/><U104/><E104/><V17/><F91/><N who="1" m="34889" /><E107/><V70/><F70/><W48/><G48/><T75/><D75/><U111/><E111/><V38/><F38/><W46/><G46/><T99/><D102/><U22/><AGARI ba="0,1" hai="22,25,29,53,57,60,82,83,93,96,100" m="34889" machi="22" ten="30,4000,0" yaku="8,1,52,1,54,1" doraHai="20" who="1" fromWho="1" sc="170,-10,331,50,299,-20,190,-10" /><INIT seed="3,0,0,2,3,24" ten="160,381,279,180" oya="3" hai0="116,67,106,52,102,30,7,111,25,15,92,39,104" hai1="62,108,5,115,87,37,32,47,80,88,120,0,122" hai2="57,42,128,64,51,38,14,113,44,35,28,2,53" hai3="21,124,10,72,107,55,98,91,59,58,127,121,76"/><W36/><G121/><T50/><D116/><U13/><E32/><V48/><F2/><W78/><G36/><T105/><D39/><U97/><E115/><V74/><F74/><W119/><G119/><T8/><D67/><U117/><E0/><V18/><F113/><W93/><G10/><T89/><D102/><U83/><E117/><V86/><F128/><W132/><G21/><T81/><D81/><U4/><E37/><V90/><F64/><W75/><G55/><T41/><D41/><U40/><E108/><V112/><F112/><W1/><G59/><T46/><D111/><U71/><E71/><V54/><F35/><W114/><G58/><T131/><D131/><U69/><E69/><V43/><F28/><W103/><G114/><T60/><D60/><U11/><E4/><V12/><F12/><W100/><G1/><T129/><D129/><U65/><E40/><V85/><F85/><N who="3" m="52463" /><G132/><T23/><D106/><U73/><E47/><V16/><F18/><W135/><G135/><T9/><D9/><U77/><E62/><V133/><F133/><W68/><G68/><T109/><D109/><U34/><E34/><V20/><REACH who="2" step="1"/><F38/><REACH who="2" ten="160,381,269,180" step="2"/><W45/><G45/><T94/><D94/><AGARI ba="0,1" hai="14,16,20,42,43,44,48,51,53,54,57,86,90,94" machi="94" ten="30,12000,2" yaku="1,1,2,1,7,1,25,2,8,1,54,1,53,0" doraHai="24" doraHaiUra="26" who="2" fromWho="0" sc="160,-120,381,0,269,130,180,0" owari="40,-46.0,381,18.0,399,50.0,180,-22.0" /></mjloggm>