<mjloggm ver="2.3"><GO type="97" lobby="0"/><UN n0="%E5%B0%B1%E6%B4%BB%E7%94%9F%40%E5%B7%9D%E6%9D%91%E8%BB%8D%E5%9B%A3" n1="%6B%61%67%65%35%30%35" n2="%6E%69%73%69%35%30%32%38" n3="%E3%82%B7%E3%83%BC%E3%83%9E%31%38%36%36" dan="15,13,15,13" rate="2031.39,1862.20,1976.71,1858.65" sx="M,M,M,M"/><TAIKYOKU oya="0"/><INIT seed="0,0,0,2,0,102" ten="250,250,250,250" oya="0" hai0="21,46,14,12,22,13,1,124,34,77,57,107,115" hai1="118,26,37,84,75,88,131,3,51,38,78,42,103" hai2="62,98,105,5,66,81,43,24,95,60,40,45,100" hai3="18,17,120,129,69,117,49,113,126,121,31,133,2"/><T55/><D115/><U101/><E118/><V110/><F110/><W114/><G69/><T70/><D70/><U72/><E3/><V11/><F24/><W50/><G2/><T47/><D34/><U65/><E65/><V67/><F81/><W134/><G31/><T111/><D111/><U48/><E78/><V94/><F66/><W30/><G30/><T25/><D1/><U68/><E68/><V10/><F10/><W76/><G76/><T58/><D107/><U61/><E61/><V8/><F8/><W28/><G28/><N who="0" m="17455" /><D124/><U85/><E26/><V44/><F44/><N who="0" m="16938" /><D77/><U96/><E96/><V36/><F40/><W86/><G86/><T122/><D122/><N who="3" m="47209" /><G126/><T79/><D79/><U91/><E131/><V80/><F62/><W54/><G129/><T104/><D104/><U83/><REACH who="1" step="1"/><E83/><REACH who="1" ten="250,240,250,250" step="2"/><V130/><F80/><W89/><G117/><T116/><D116/><U39/><E39/><V108/><F130/><W74/><G114/><T99/><D99/><U6/><E6/><V90/><F108/><W27/><G27/><T93/><D93/><U56/><E56/><N who="0" m="21609" /><D55/><U132/><E132/><V29/><F95/><W127/><G54/><T92/><D92/><U106/><E106/><V109/><F105/><W87/><G133/><T35/><D35/><U20/><E20/><AGARI ba="0,1" hai="12,13,14,20,22" m="21609,16938,17455" machi="20" ten="30,1500,0" yaku="8,1" doraHai="102" who="0" fromWho="1" sc="250,25,240,-15,250,0,250,0" /><INIT seed="0,1,0,0,0,114" ten="275,225,250,250" oya="0" hai0="13,91,96,35,10,7,118,18,31,34,14,54,130" hai1="129,98,41,94,27,25,26,76,84,121,111,46,40" hai2="116,16,134,126,95,49,128,99,47,117,123,80,12" hai3="51,107,131,23,8,32,63,21,124,20,135,52,60"/><T29/><D118/><N who="2" m="45674" /><F123/><W22/><G32/><N who="0" m="12331" /><D54/><U104/><E121/><V9/><F128/><W112/><G107/><T4/><D91/><U101/><E129/><V59/><F134/><W17/><G112/><T28/><D96/><U62/><E111/><V56/><F126/><W6/><G124/><T3/><D130/><U132/><E132/><V66/><F80/><W82/><G131/><T92/><D92/><U36/><E41/><N who="2" m="24815" /><F66/><W73/><G135/><T55/><D55/><U127/><E127/><V69/><F69/><W39/><G39/><T53/><D53/><U105/><E62/><V89/><AGARI ba="1,0" hai="9,12,16,56,59,89,95,99" m="24815,45674" machi="89" ten="30,8000,1" yaku="12,1,52,3,54,1" doraHai="114" who="2" fromWho="2" sc="275,-41,225,-21,250,83,250,-21" /><INIT seed="1,0,0,5,4,96" ten="234,204,333,229" oya="1" hai0="79,132,25,40,124,61,93,8,88,59,16,36,28" hai1="11,62,97,21,92,134,32,118,39,87,98,41,27" hai2="66,111,94,46,121,2,29,91,68,99,24,72,102" hai3="126,48,3,130,106,5,50,64,122,9,108,31,6"/><U60/><E118/><V100/><F121/><W119/><G122/><T47/><D124/><U78/><E32/><V19/><F72/><W43/><G126/><T17/><D132/><U12/><E134/><V67/><F2/><W38/><G108/><T107/><D107/><U54/><E41/><V82/><F111/><W127/><G127/><T1/><D79/><U89/><E39/><V44/><F19/><W135/><G135/><T35/><D1/><U10/><E78/><V113/><F113/><W49/><G130/><T109/><D8/><U51/><E11/><V114/><F114/><W0/><G106/><T22/><D35/><U131/><E131/><V30/><F68/><W45/><G64/><N who="2" m="24617" /><F24/><W125/><G119/><T13/><D13/><U101/><E97/><V110/><F110/><W37/><G31/><N who="2" m="11785" /><F82/><W20/><G20/><T69/><D69/><U81/><E21/><V116/><F116/><W112/><G112/><T7/><D7/><N who="1" m="3167" /><E27/><V58/><F58/><AGARI ba="0,0" hai="51,54,58,60,62,81,87,89,92,98,101" m="3167" machi="58" ten="30,2900,0" yaku="8,1,52,1" doraHai="96" who="1" fromWho="2" sc="234,0,204,29,333,-29,229,0" /><INIT seed="1,1,0,4,0,48" ten="234,233,304,229" oya="1" hai0="14,19,10,92,12,16,77,30,26,81,61,15,83" hai1="126,11,5,113,50,86,43,2,76,39,54,42,89" hai2="53,22,3,45,0,40,131,91,119,102,7,36,59" hai3="58,133,55,115,31,9,110,46,73,108,99,87,104"/><U23/><E113/><V33/><F119/><W28/><G73/><T100/><D61/><U111/><E126/><V47/><F33/><W6/><G115/><T25/><D15/><U84/><E39/><V130/><F45/><W34/><G34/><T132/><D132/><U106/><E106/><V122/><F122/><W121/><G121/><T85/><D83/><U82/><E111/><N who="3" m="42538" /><G133/><T24/><D92/><U63/><E23/><V56/><F102/><N who="3" m="62559" /><G46/><T62/><D62/><U74/><E63/><V78/><F78/><W13/><G87/><T8/><REACH who="0" step="1"/><D100/><REACH who="0" ten="224,233,304,229" step="2"/><U4/><E4/><V97/><F7/><W18/><G6/><T35/><AGARI ba="1,1" hai="8,10,12,14,16,19,24,25,26,30,35,77,81,85" machi="35" ten="20,12000,2" yaku="1,1,2,1,0,1,7,1,9,1,54,1,53,0" doraHai="48" doraHaiUra="127" who="0" fromWho="0" sc="224,133,233,-61,304,-31,229,-31" /><INIT seed="2,0,0,5,2,32" ten="357,172,273,198" oya="2" hai0="99,68,3,39,62,85,81,132,129,74,30,69,53" hai1="73,123,119,120,54,23,109,44,124,26,55,89,113" hai2="35,121,79,12,97,28,65,110,10,16,131,82,57" hai3="70,59,127,105,19,20,5,83,37,33,2,116,114"/><V103/><F121/><N who="1" m="46665" /><E73/><V21/><F35/><W134/><G105/><T64/><D74/><U18/><E89/><V71/><F71/><W98/><G70/><T0/><D69/><U24/><E44/><V13/><F131/><W66/><G37/><T6/><D129/><U34/><E55/><V78/><F110/><W115/><G33/><T80/><D132/><U52/><E109/><V86/><F79/><W7/><G116/><T100/><D39/><U101/><E101/><V9/><F28/><W118/><G118/><T117/><D117/><U51/><E119/><V58/><F65/><W72/><G134/><T48/><D30/><N who="1" m="19783" /><E113/><N who="3" m="43018" /><G98/><T87/><D6/><U91/><E91/><V63/><F63/><N who="3" m="38271" /><G127/><T38/><D38/><U49/><E54/><V50/><F50/><W22/><G83/><T77/><D85/><U29/><E124/><V46/><F46/><W25/><G72/><T102/><D81/><U42/><E42/><V8/><REACH who="2" step="1"/><F13/><REACH who="2" ten="357,172,263,198" step="2"/><N who="3" m="9327" /><G2/><T31/><D31/><AGARI ba="0,1" hai="5,7,22,25,31" m="9327,38271,43018" machi="31" ten="30,1000,0" yaku="11,1" doraHai="32" who="3" fromWho="0" sc="357,-10,172,0,263,0,198,20" /><INIT seed="3,0,0,5,1,31" ten="347,172,263,218" oya="3" hai0="40,54,10,116,62,128,74,64,20,68,0,127,65" hai1="23,32,18,61,21,7,91,48,132,81,12,135,49" hai2="115,114,42,8,134,43,26,84,87,82,30,94,80" hai3="6,70,55,121,28,113,125,111,120,106,35,3,78"/><W95/><G113/><T108/><D74/><U16/><E7/><V25/><F30/><W99/><G106/><T122/><D122/><U59/><E32/><V69/><F94/><W102/><G70/><T93/><D116/><U52/><E132/><V73/><F73/><W119/><G119/><T11/><D127/><U83/><E135/><V24/><F134/><W100/><G125/><T67/><D108/><U107/><E107/><V39/><F69/><W14/><G3/><T53/><D128/><U36/><E36/><V60/><F60/><W92/><G111/><T58/><D40/><U76/><E91/><V66/><F66/><N who="0" m="25706" /><D68/><U22/><E22/><V29/><F29/><W126/><G126/><T124/><D124/><U46/><E49/><V79/><F8/><N who="0" m="3114" /><D0/><U110/><E110/><V15/><F15/><W72/><G6/><T75/><D75/><U90/><E90/><V96/><F96/><W98/><G35/><T71/><D71/><U104/><E104/><V2/><F2/><W88/><G28/><T34/><D34/><U129/><E129/><V118/><F118/><W97/><G14/><T41/><D41/><U117/><E117/><V19/><F19/><W4/><G55/><N who="0" m="21003" /><D20/><U13/><E76/><N who="2" m="46087" /><F39/><W38/><G38/><T112/><D112/><U77/><E77/><V89/><F79/><W133/><G4/><T56/><D56/><U45/><E45/><V101/><F101/><N who="3" m="60583" /><G133/><T130/><D130/><U123/><E123/><N who="3" m="47178" /><G72/><T27/><D93/><U47/><E47/><V85/><F85/><N who="3" m="52623" /><G78/><T51/><D51/><U57/><E57/><V50/><F50/><RYUUKYOKU ba="0,0" sc="347,0,172,0,263,0,218,0" hai0="27,58,62,67" hai1="12,13,16,18,21,23,46,48,52,59,61,81,83" hai2="24,25,26,42,43,82,87,89,114,115" hai3="98,99,100,102" /><INIT seed="3,1,0,5,1,32" ten="347,172,263,218" oya="3" hai0="88,59,46,52,114,112,9,94,19,76,12,40,97" hai1="96,102,6,11,125,122,21,129,54,45,91,15,99" hai2="87,39,67,17,56,49,62,101,74,126,10,22,111" hai3="23,26,130,29,58,7,28,75,16,98,47,113,5"/><W60/><G113/><N who="0" m="43627" /><D76/><U25/><E122/><V30/><F74/><W84/><G75/><T124/><D124/><U34/><E125/><V118/><F126/><W1/><G130/><T90/><D40/><U89/><E129/><V116/><F39/><W18/><G47/><T109/><D109/><U103/><E34/><V53/><F111/><W20/><G98/><T82/><D46/><U86/><E89/><V8/><F101/><W106/><G106/><T77/><D77/><U72/><E72/><V128/><F128/><W0/><G84/><T85/><D52/><U63/><E102/><V108/><F108/><W42/><G42/><T38/><D59/><U133/><E133/><V41/><F41/><W55/><G29/><T120/><D120/><U64/><E64/><V14/><F87/><W80/><G80/><T95/><D95/><U119/><E119/><V71/><REACH who="2" step="1"/><F30/><REACH who="2" ten="347,172,253,218" step="2"/><W81/><G28/><T135/><D135/><U110/><E103/><V134/><F134/><W73/><G73/><T123/><D123/><U107/><E110/><V61/><F61/><W66/><G66/><T115/><D115/><U27/><E107/><V131/><F131/><W33/><G33/><T51/><D51/><U37/><E37/><AGARI ba="1,1" hai="9,12,19,37,38,82,85,88,90,94,97" m="43627" machi="37" ten="30,2000,0" yaku="11,1,54,1" doraHai="32" who="0" fromWho="1" sc="347,33,172,-23,253,0,218,0" owari="380,48.0,149,-35.0,253,5.0,218,-18.0" /></mjloggm>