<mjloggm ver="2.3"><GO type="97" lobby="0"/><UN n0="%56%61%6E%64%79" n1="%E5%A4%A7%E6%A9%8B%E8%99%9A%E6%B3%89" n2="%E8%B5%A4%E9%98%AA%E9%83%81%E4%B9%83" n3="%E5%B0%B1%E6%B4%BB%E7%94%9F%40%E5%B7%9D%E6%9D%91%E8%BB%8D%E5%9B%A3" dan="15,13,14,14" rate="2033.23,1859.95,1919.76,1975.94" sx="M,M,F,M"/><TAIKYOKU oya="0"/><INIT seed="0,0,0,1,5,26" ten="250,250,250,250" oya="0" hai0="123,56,61,19,121,17,31,107,14,127,132,83,103" hai1="64,1,60,70,99,80,87,109,113,7,93,57,10" hai2="120,35,49,78,40,18,13,100,96,135,9,97,54" hai3="105,30,58,29,112,66,12,126,34,117,6,44,47"/><T108/><D127/><U38/><E109/><V104/><F120/><W46/><G34/><T102/><D132/><U92/><E113/><V62/><F135/><W59/><G105/><T85/><D31/><N who="3" m="11785" /><G112/><T52/><D108/><U128/><E128/><V20/><F35/><W32/><G32/><T8/><D19/><U110/><E110/><V124/><F100/><W133/><G117/><T23/><D107/><U114/><E114/><V71/><F78/><W73/><G73/><T119/><D119/><U118/><E118/><V63/><F71/><W116/><G116/><T84/><D84/><U81/><E38/><V94/><F40/><W72/><G72/><T53/><D121/><U134/><E134/><V28/><F104/><W98/><G133/><T82/><D82/><U21/><E93/><V24/><F124/><W91/><G66/><T11/><D123/><U101/><E81/><V37/><F37/><W48/><G48/><T5/><D83/><U15/><E70/><V90/><REACH who="2" step="1"/><F97/><REACH who="2" ten="250,250,240,250" step="2"/><W50/><G126/><T51/><D102/><U115/><E115/><V41/><F41/><W89/><G89/><T33/><D103/><U131/><E101/><V27/><F27/><W122/><G122/><T4/><D33/><U36/><E36/><V39/><F39/><W95/><G50/><T0/><D51/><U88/><E99/><V69/><F69/><W125/><G125/><T79/><D61/><U55/><E60/><V129/><F129/><W2/><G2/><T77/><D0/><U75/><E131/><V68/><F68/><W45/><N who="3" m="11264" /><DORA hai="74" /><W67/><G67/><RYUUKYOKU ba="0,1" sc="250,-15,250,-15,240,15,250,15" hai2="9,13,18,20,24,28,49,54,62,63,90,94,96" hai3="6,12,58,59,91,95,98" /><INIT seed="1,1,1,3,4,108" ten="235,235,255,265" oya="1" hai0="130,44,83,32,82,53,91,90,89,54,1,33,10" hai1="5,75,13,106,97,115,80,47,12,23,129,99,22" hai2="21,112,15,85,100,6,87,29,45,26,121,40,126" hai3="60,39,73,102,132,117,77,107,67,41,101,25,4"/><U78/><E129/><V103/><F121/><W72/><G117/><T93/><D130/><U27/><E23/><V96/><F126/><W71/><G132/><T30/><D30/><U56/><E47/><V2/><F2/><W59/><G59/><T84/><D33/><U127/><E127/><V61/><F61/><W34/><G4/><T74/><D32/><U76/><E76/><V122/><F122/><W69/><G69/><T14/><D1/><U49/><E115/><V19/><F6/><W38/><G102/><T125/><D125/><U20/><E20/><V123/><F123/><W36/><G41/><T24/><D24/><U134/><E134/><V124/><F124/><W88/><G88/><N who="0" m="33899" /><D74/><N who="3" m="28777" /><G77/><T43/><D43/><U57/><E106/><V105/><F112/><W81/><G81/><N who="0" m="30731" /><D44/><U18/><E5/><AGARI ba="1,1" hai="5,10,14,53,54,84,91,93" m="30731,33899" machi="5" ten="30,2000,0" yaku="8,1,54,1" doraHai="108" who="0" fromWho="1" sc="235,33,235,-23,255,0,265,0" /><INIT seed="2,0,0,0,0,12" ten="268,212,255,265" oya="2" hai0="44,38,13,127,0,114,52,37,80,105,10,130,118" hai1="35,32,110,84,36,59,126,50,75,1,106,90,79" hai2="115,39,135,78,9,20,132,76,55,109,43,68,57" hai3="34,89,29,46,60,113,62,133,70,92,99,21,64"/><V103/><F115/><W121/><G133/><N who="2" m="51273" /><F68/><W53/><G121/><T124/><D105/><U87/><E36/><V25/><F103/><W63/><G113/><T24/><D0/><U119/><E1/><V94/><F9/><W129/><G34/><T123/><D118/><U23/><E119/><V31/><F109/><W131/><G46/><T48/><D114/><U49/><E106/><V108/><F108/><W102/><G53/><T100/><D130/><N who="3" m="49673" /><G102/><T40/><D100/><U26/><E110/><V4/><F4/><W7/><G7/><N who="0" m="3295" /><D24/><AGARI ba="0,0" hai="21,24,29,60,62,63,64,70,89,92,99" m="49673" machi="24" ten="30,1000,0" yaku="19,1" doraHai="12" who="3" fromWho="0" sc="268,-10,212,0,255,0,265,10" /><INIT seed="3,0,0,1,2,102" ten="258,212,255,275" oya="3" hai0="37,68,48,8,65,1,20,24,21,120,81,9,111" hai1="117,86,47,57,17,85,89,29,82,77,12,88,114" hai2="7,67,40,116,22,15,83,34,69,39,49,35,98" hai3="123,73,126,104,121,53,54,10,91,6,13,59,43"/><W95/><G104/><T58/><D37/><U50/><E114/><V5/><F39/><W0/><G73/><T97/><D68/><U56/><E29/><V80/><F116/><W3/><G126/><T66/><D97/><U93/><E77/><V64/><F98/><W122/><G43/><T75/><D75/><U107/><E107/><V41/><F69/><W70/><G70/><T14/><D1/><U28/><E28/><V63/><F49/><W96/><REACH who="3" step="1"/><G54/><REACH who="3" ten="258,212,255,265" step="2"/><T79/><D120/><U128/><E117/><V84/><F41/><W36/><G36/><T103/><D66/><U124/><E124/><V112/><F40/><W71/><G71/><T100/><D65/><U99/><E128/><V105/><F105/><W92/><G92/><T78/><D81/><U23/><REACH who="1" step="1"/><E99/><REACH who="1" ten="258,202,255,265" step="2"/><V30/><F112/><W46/><G46/><T60/><D79/><U129/><E129/><V134/><F134/><W115/><G115/><T52/><D78/><U131/><E131/><V62/><F67/><W74/><G74/><T32/><D52/><AGARI ba="0,2" hai="12,17,23,47,50,52,56,57,82,85,86,88,89,93" machi="52" ten="30,8000,1" yaku="1,1,7,1,8,1,54,2,53,0" doraHai="102" doraHaiUra="72" who="1" fromWho="0" sc="258,-80,202,100,255,0,265,0" owari="178,-32.0,302,39.0,255,-14.0,265,7.0" /></mjloggm>