<mjloggm ver="2.3"><GO type="169" lobby="0"/><UN n0="%E3%81%93%E3%81%AE%E3%81%8D%E3%83%BC" n1="%E9%A7%84%E5%A6%B9" n2="%E3%82%A6%E3%83%AB%E3%83%88%E3%83%A9%E7%AB%8B%E7%9B%B4" n3="%E3%81%8B%E3%82%8A%E3%82%93%E3%81%A1%E3%82%83%E3%82%93" dan="17,16,17,16" rate="2146.20,2137.81,2207.69,2111.50" sx="M,F,M,F"/><TAIKYOKU oya="0"/><INIT seed="0,0,0,3,1,116" ten="250,250,250,250" oya="0" hai0="65,101,90,29,69,75,42,14,11,97,74,59,52" hai1="48,112,82,62,34,25,8,33,3,79,51,39,18" hai2="63,53,111,6,16,61,104,122,71,28,45,73,0" hai3="54,24,99,4,21,46,88,20,102,120,66,106,133"/><T113/><D113/><U38/><E112/><V17/><F73/><W5/><G66/><T50/><D90/><U81/><E62/><V98/><F6/><W119/><G133/><T19/><D29/><U1/><E18/><V103/><F0/><N who="1" m="73" /><E8/><V31/><F111/><W110/><G120/><T41/><D69/><U127/><E25/><V2/><F2/><W114/><G110/><T93/><REACH who="0" step="1"/><D65/><REACH who="0" ten="240,250,250,250" step="2"/><U13/><E33/><V130/><F31/><N who="3" m="17799" /><G114/><T47/><D47/><U26/><E34/><V64/><F45/><W132/><G46/><T131/><D131/><U83/><E127/><V76/><F130/><W135/><G132/><T43/><AGARI ba="0,1" hai="11,14,19,41,42,43,50,52,59,74,75,93,97,101" machi="43" ten="30,6000,0" yaku="1,1,0,1,54,1,53,0" doraHai="116" doraHaiUra="57" who="0" fromWho="0" sc="240,70,250,-20,250,-20,250,-20" /><INIT seed="0,1,0,4,2,94" ten="310,230,230,230" oya="0" hai0="31,79,66,111,44,90,117,63,59,8,22,83,0" hai1="91,11,61,46,112,69,30,36,1,78,113,16,126" hai2="5,135,76,57,35,67,18,43,134,3,33,45,124" hai3="55,12,108,56,50,114,60,54,120,81,19,119,106"/><T32/><D32/><U14/><E1/><V70/><F57/><W23/><G114/><T26/><D117/><U72/><E126/><V65/><F18/><W116/><G108/><T132/><D111/><U102/><E102/><V101/><F76/><W74/><G106/><T27/><D132/><N who="2" m="50730" /><F101/><W131/><G131/><T82/><D27/><U62/><E30/><V118/><F124/><W6/><G120/><T89/><D44/><U127/><E127/><V37/><F118/><W100/><G100/><T71/><D71/><U51/><E36/><V49/><F49/><W2/><G74/><T73/><REACH who="0" step="1"/><D83/><REACH who="0" ten="300,230,230,230" step="2"/><N who="1" m="45511" /><E69/><V47/><F47/><W87/><G81/><T17/><D17/><U105/><E16/><V7/><F70/><W97/><G19/><T110/><D110/><U42/><E46/><V103/><F35/><W38/><G119/><T88/><D88/><U64/><E91/><V9/><F33/><W58/><G116/><T85/><D85/><U98/><E112/><V29/><F29/><W84/><G87/><T93/><D93/><U28/><E113/><V99/><F7/><AGARI ba="1,1" hai="0,7,8,22,26,31,59,63,66,73,79,82,89,90" machi="7" ten="40,3900,0" yaku="1,1,53,1" doraHai="94" doraHaiUra="53" who="0" fromWho="2" sc="300,52,230,0,230,-42,230,0" /><INIT seed="0,2,0,5,4,1" ten="352,230,188,230" oya="0" hai0="18,110,55,95,39,126,5,71,100,94,81,61,7" hai1="50,89,51,2,23,124,66,13,40,111,134,116,78" hai2="85,72,12,77,52,49,113,99,96,88,44,93,47" hai3="92,45,43,59,65,21,24,109,64,102,90,101,63"/><T75/><D39/><U97/><E2/><V83/><F113/><W74/><G74/><T8/><D126/><U38/><E116/><V37/><F37/><W125/><G109/><T79/><D110/><U68/><E78/><V57/><F12/><W106/><G106/><T108/><D108/><U103/><E111/><V123/><F123/><W130/><G65/><T76/><D71/><U9/><E23/><V62/><REACH who="2" step="1"/><F47/><REACH who="2" ten="352,230,178,230" step="2"/><W129/><G125/><T31/><D75/><U133/><E124/><V87/><F87/><N who="3" m="52319" /><G130/><T122/><D122/><U54/><E38/><V132/><F132/><W117/><G129/><T34/><D100/><U41/><E103/><V22/><F22/><W14/><G14/><T67/><D34/><U10/><E13/><V121/><F121/><W105/><G117/><T25/><D8/><U32/><E32/><V30/><F30/><N who="3" m="17679" /><G105/><T0/><D31/><U84/><E133/><V58/><F58/><W91/><G102/><T118/><D118/><U128/><E134/><V86/><F86/><W56/><G101/><T16/><D0/><U28/><E28/><V11/><F11/><W33/><G33/><T19/><D25/><U127/><E9/><V53/><AGARI ba="2,1" hai="44,49,52,53,57,62,72,77,83,85,88,93,96,99" machi="53" ten="20,12000,2" yaku="1,1,0,1,7,1,54,2,53,1" doraHai="1" doraHaiUra="42" who="2" fromWho="2" sc="352,-62,230,-32,178,136,230,-32" /><INIT seed="1,0,0,5,0,92" ten="290,198,314,198" oya="1" hai0="82,75,84,109,108,118,80,50,11,26,105,101,102" hai1="34,12,111,40,22,5,54,96,44,124,27,94,88" hai2="41,8,106,112,62,9,30,51,134,36,68,67,69" hai3="57,53,72,21,74,110,78,6,17,45,24,129,29"/><U61/><E34/><V98/><F69/><W56/><G6/><T65/><D118/><U31/><E124/><V4/><F134/><W1/><G1/><T128/><D128/><U122/><E122/><V52/><F30/><W99/><G110/><T70/><D75/><U107/><E107/><V130/><F130/><W60/><G45/><T28/><D82/><U43/><E111/><V93/><F106/><W15/><G129/><T25/><D25/><U89/><E89/><V14/><F112/><W38/><G38/><T49/><D102/><U91/><E91/><V37/><F9/><W135/><G135/><T119/><D11/><N who="1" m="4207" /><E61/><V0/><F41/><N who="1" m="15945" /><E54/><V116/><F0/><W132/><G132/><T133/><D119/><U121/><E121/><V58/><F116/><W87/><G57/><T48/><D133/><U20/><E20/><V120/><F120/><W81/><REACH who="3" step="1"/><G99/><REACH who="3" ten="290,198,314,188" step="2"/><T7/><D109/><U77/><E44/><V19/><F4/><W3/><G3/><T123/><D7/><U39/><E39/><V35/><F35/><AGARI ba="0,1" hai="15,17,21,24,29,35,53,56,60,72,74,78,81,87" machi="35" ten="30,2000,0" yaku="1,1,7,1,53,0" doraHai="92" doraHaiUra="100" who="3" fromWho="2" sc="290,0,198,0,314,-20,188,30" /><INIT seed="2,0,0,1,2,81" ten="290,198,294,218" oya="2" hai0="16,73,3,0,82,130,85,62,107,91,31,48,29" hai1="37,86,51,66,65,13,96,45,123,79,67,42,102" hai2="19,46,53,90,106,126,99,93,7,95,133,75,64" hai3="111,8,38,120,63,52,56,132,26,115,24,23,2"/><V68/><F75/><W41/><G120/><T70/><D107/><U94/><E123/><V22/><F106/><W105/><G105/><T98/><D130/><U59/><E13/><V54/><F126/><W71/><G111/><T32/><D98/><U30/><E30/><V9/><F133/><W110/><G110/><T57/><D70/><U49/><REACH who="1" step="1"/><E59/><REACH who="1" ten="290,188,294,218" step="2"/><V35/><F68/><W125/><G71/><T109/><D31/><U34/><E34/><V135/><F35/><W118/><G56/><T113/><D29/><U108/><E108/><V84/><F135/><W4/><G132/><T27/><D32/><U124/><E124/><V119/><F119/><W6/><G125/><T5/><D57/><U17/><E17/><V15/><F64/><W10/><G118/><T72/><D16/><U129/><E129/><V47/><F54/><W18/><G52/><T121/><D121/><U87/><E87/><V78/><F53/><W127/><G127/><T116/><D85/><U100/><E100/><N who="2" m="60527" /><F78/><W76/><G76/><T74/><D116/><U88/><E88/><V43/><F43/><W11/><G41/><T112/><D91/><U80/><AGARI ba="0,1" hai="37,42,45,49,51,65,66,67,79,80,86,94,96,102" machi="80" ten="30,4000,0" yaku="1,1,0,1,52,1,53,0" doraHai="81" doraHaiUra="28" who="1" fromWho="1" sc="290,-10,188,50,294,-20,218,-10" /><INIT seed="3,0,0,1,3,111" ten="280,238,274,208" oya="3" hai0="44,108,56,12,118,67,34,71,107,101,18,8,126" hai1="29,40,74,104,97,52,16,11,28,22,37,73,1" hai2="106,17,83,42,103,120,119,105,9,64,79,27,75" hai3="115,32,68,116,80,89,128,7,0,114,122,45,129"/><W4/><G68/><T47/><D118/><U10/><E40/><V117/><F120/><W131/><G116/><T92/><D107/><U39/><E104/><V86/><F106/><W91/><G122/><T23/><D34/><U132/><E97/><N who="2" m="61679" /><F64/><W49/><G32/><T3/><D71/><U88/><E1/><V13/><F27/><W38/><G38/><T2/><D2/><U121/><E121/><V102/><F102/><W35/><G35/><T78/><D78/><U30/><E132/><V94/><F42/><N who="3" m="24759" /><G0/><T96/><D126/><U93/><E39/><V109/><F109/><W112/><G80/><T61/><REACH who="0" step="1"/><D108/><REACH who="0" ten="270,238,274,208" step="2"/><U50/><E73/><V70/><F70/><W125/><G125/><T20/><D20/><U127/><E74/><V130/><F130/><W21/><G21/><T24/><D24/><N who="1" m="14407" /><E127/><V43/><F119/><W100/><G100/><T69/><D69/><U95/><E37/><V31/><F117/><W98/><G98/><T85/><D85/><N who="1" m="52367" /><E95/><V113/><F94/><W135/><G135/><T36/><D36/><U15/><E15/><V90/><F13/><W6/><AGARI ba="0,1" hai="4,6,7,89,91,112,114,115,128,129,131" m="24759" machi="6" ten="50,18000,2" yaku="29,2,19,1,52,3" doraHai="111" who="3" fromWho="3" sc="270,-60,238,-60,274,-60,208,190" /><INIT seed="3,1,0,4,1,7" ten="210,178,214,398" oya="3" hai0="128,44,52,6,103,53,73,97,31,45,3,32,120" hai1="57,17,55,113,112,111,87,104,89,76,129,90,13" hai2="131,68,88,79,130,74,77,38,61,58,82,50,99" hai3="20,16,21,30,65,118,56,62,22,23,105,115,5"/><W114/><G118/><T102/><D73/><U117/><E104/><V10/><F38/><W63/><G105/><T101/><D120/><U41/><E41/><V95/><F79/><W70/><G30/><T27/><D128/><N who="2" m="49194" /><F50/><W85/><G5/><T124/><D124/><U60/><E129/><V119/><F119/><W116/><G85/><T78/><D78/><U64/><E117/><V133/><F133/><W81/><G81/><T1/><D97/><U15/><E76/><V123/><F123/><W49/><G49/><T24/><D6/><U127/><E127/><V2/><F68/><W134/><G134/><T54/><REACH who="0" step="1"/><D27/><REACH who="0" ten="200,178,214,398" step="2"/><U121/><E121/><V34/><F74/><W8/><G116/><T91/><D91/><U43/><E90/><V59/><F77/><W42/><G114/><T29/><D29/><U75/><E75/><V109/><F99/><W4/><G115/><T0/><AGARI ba="1,1" hai="0,1,3,24,31,32,44,45,52,53,54,101,102,103" machi="0" ten="40,8000,1" yaku="1,1,0,1,29,2,54,1,53,0" doraHai="7" doraHaiUra="11" who="0" fromWho="0" sc="200,93,178,-21,214,-21,398,-41" /><INIT seed="4,0,0,0,5,2" ten="293,157,193,357" oya="0" hai0="71,83,53,130,11,56,61,9,43,29,91,21,82" hai1="110,40,109,92,104,113,129,32,90,99,35,73,133" hai2="68,52,69,125,49,42,41,131,86,55,128,67,12" hai3="17,119,54,63,88,76,13,135,103,3,77,36,22"/><T39/><D130/><N who="2" m="49706" /><F86/><W6/><G103/><T120/><D120/><U94/><E73/><V78/><F78/><W0/><G36/><T26/><D71/><N who="2" m="27210" /><F12/><W50/><G63/><T51/><D39/><U81/><E104/><V89/><F89/><W31/><G31/><T124/><D124/><U24/><E40/><N who="2" m="15467" /><F125/><W70/><G88/><T95/><D11/><U107/><E107/><V74/><F74/><W121/><G13/><T58/><D9/><U30/><E35/><V116/><F116/><W127/><G119/><T102/><D102/><U115/><E81/><V84/><F84/><W44/><G76/><T57/><D82/><U14/><E129/><V25/><F25/><W114/><G77/><T15/><D15/><U122/><E122/><V18/><F18/><W108/><G17/><T98/><D83/><U19/><E94/><V28/><F28/><W117/><G121/><T64/><REACH who="0" step="1"/><D43/><REACH who="0" ten="283,157,193,357" step="2"/><U126/><E126/><V123/><F123/><W93/><G127/><T48/><D48/><U62/><E62/><V45/><F67/><W118/><G50/><T16/><D16/><U85/><E19/><V7/><F55/><W132/><G54/><T23/><D23/><U80/><E14/><V1/><F1/><W75/><G0/><T97/><D97/><U134/><E99/><V100/><F100/><W20/><G3/><T34/><D34/><U46/><E80/><V105/><F105/><W5/><G117/><T72/><D72/><U106/><E32/><V111/><F111/><W87/><G108/><T10/><D10/><U65/><E109/><V112/><F112/><RYUUKYOKU ba="0,1" sc="283,15,157,-15,193,15,357,-15" hai0="21,26,29,51,53,56,57,58,61,64,91,95,98" hai2="7,45,49,52" /><INIT seed="4,1,1,2,3,125" ten="298,142,208,342" oya="0" hai0="5,88,17,49,103,0,68,122,19,34,61,13,67" hai1="112,20,94,111,36,40,127,28,69,92,44,25,117" hai2="98,73,43,119,97,11,32,104,42,37,9,56,70" hai3="82,133,41,66,78,113,81,15,59,57,62,63,12"/><T10/><D122/><U39/><E69/><V134/><F70/><W75/><G113/><T16/><D103/><U53/><E127/><V6/><F32/><W124/><G133/><T24/><D49/><U109/><E117/><V47/><F134/><W96/><G124/><T60/><D60/><U99/><E39/><V54/><F119/><W123/><G123/><T64/><D64/><U85/><E112/><V93/><F73/><W95/><G41/><T114/><D114/><U71/><E71/><V79/><F79/><W18/><G18/><T29/><REACH who="0" step="1"/><D88/><REACH who="0" ten="288,142,208,342" step="2"/><U7/><E109/><V4/><F37/><W102/><G81/><T31/><D31/><U84/><E111/><V106/><F97/><W107/><G107/><T52/><D52/><AGARI ba="1,2" hai="12,15,52,57,59,62,63,66,75,78,82,95,96,102" machi="52" ten="30,2000,0" yaku="7,1,54,1" doraHai="125" who="3" fromWho="0" sc="288,-23,142,0,208,0,342,43" /><INIT seed="5,0,0,3,4,77" ten="265,142,208,385" oya="1" hai0="57,15,75,109,106,100,65,86,9,34,7,39,126" hai1="37,89,25,111,8,85,61,47,102,26,22,84,92" hai2="103,125,45,69,35,62,118,93,0,120,113,83,44" hai3="31,1,13,107,63,36,130,94,119,18,108,32,40"/><U24/><E111/><V52/><F35/><W76/><G107/><T91/><D75/><U5/><E102/><V81/><F0/><W101/><G1/><T6/><D39/><U98/><E61/><V72/><F72/><W55/><G130/><T95/><D34/><U127/><E127/><V90/><F118/><W14/><G31/><T3/><D126/><U124/><E124/><V20/><F120/><W135/><G32/><T4/><D3/><U41/><REACH who="1" step="1"/><E22/><REACH who="1" ten="265,132,208,385" step="2"/><V12/><F103/><W70/><G63/><N who="0" m="38127" /><D109/><U48/><E48/><V68/><F125/><W2/><G101/><T10/><D106/><U105/><E105/><V117/><F117/><W114/><G108/><T16/><D100/><U56/><E56/><N who="2" m="35079" /><F68/><W46/><G70/><T54/><D54/><U116/><E116/><V66/><F69/><W82/><G55/><T73/><D73/><U27/><N who="1" m="6656" /><DORA hai="59" /><U51/><E51/><V49/><F66/><W97/><G119/><T19/><D19/><U60/><E60/><V67/><F67/><W96/><G18/><T74/><D74/><U38/><E38/><V11/><F20/><W33/><G36/><T112/><D16/><U80/><E80/><N who="2" m="30795" /><F49/><W64/><G82/><T50/><D50/><U28/><E28/><V128/><F128/><W17/><G17/><T121/><D6/><U79/><E79/><V29/><F29/><W43/><G76/><T58/><D7/><U115/><E115/><V71/><F71/><W99/><G114/><T53/><D112/><U123/><E123/><V129/><F113/><W133/><G33/><T42/><D121/><RYUUKYOKU ba="0,1" sc="265,-10,132,30,208,-10,385,-10" hai1="5,8,37,41,47,84,85,89,92,98" /><INIT seed="5,1,1,5,0,77" ten="255,162,198,375" oya="1" hai0="49,100,72,2,107,117,14,18,103,102,38,119,104" hai1="56,126,78,70,35,19,113,133,76,45,0,92,43" hai2="75,86,44,31,118,66,29,90,9,34,42,111,46" hai3="58,28,121,60,105,50,74,124,131,33,135,128,106"/><U112/><E70/><V122/><F75/><W12/><G124/><T6/><D38/><U80/><E35/><V114/><F118/><W123/><G135/><T89/><D72/><U22/><E0/><V130/><F111/><W20/><G74/><T91/><D6/><U129/><E126/><V65/><F122/><W87/><G33/><T3/><D49/><U110/><E133/><V7/><F130/><N who="3" m="49707" /><G87/><T16/><D102/><U52/><E92/><V98/><F98/><W32/><G50/><T82/><D14/><U101/><E101/><V68/><F68/><W61/><G32/><T71/><D71/><U81/><E110/><V94/><F114/><N who="1" m="44137" /><E129/><V73/><F73/><W48/><G48/><T15/><REACH who="0" step="1"/><D15/><REACH who="0" ten="245,162,198,375" step="2"/><N who="1" m="9599" /><E43/><V40/><F42/><W62/><G121/><T125/><D125/><U109/><E45/><V1/><F44/><W116/><G123/><T51/><D51/><N who="1" m="30751" /><E109/><V10/><F46/><W47/><G47/><T63/><D63/><U17/><E17/><V5/><F40/><W26/><G61/><T88/><D88/><U108/><E108/><V83/><F1/><W64/><G60/><T4/><D4/><U69/><E69/><V30/><F7/><W67/><G62/><T120/><D120/><U97/><E97/><N who="2" m="57559" /><F5/><W37/><G37/><T132/><D132/><U24/><E24/><V54/><F10/><W99/><G26/><T59/><D59/><U55/><E55/><V127/><F9/><W25/><G58/><T96/><D96/><U53/><E53/><V57/><F127/><W79/><G99/><T21/><D21/><U84/><E76/><RYUUKYOKU ba="1,2" sc="245,15,162,15,198,-15,375,-15" hai0="2,3,16,18,82,89,91,100,103,104,107,117,119" hai1="78,80,81,84" /><INIT seed="5,2,2,3,3,48" ten="260,177,183,360" oya="1" hai0="106,116,59,95,64,54,115,86,107,41,62,37,112" hai1="133,88,75,87,2,103,128,50,5,127,114,85,122" hai2="31,72,14,69,82,111,27,9,130,25,131,29,76" hai3="17,98,24,119,92,43,84,71,113,66,20,28,16"/><U3/><E75/><V124/><F69/><W81/><G113/><N who="0" m="43595" /><D116/><U125/><E122/><V99/><F99/><W56/><G71/><N who="0" m="42391" /><D41/><U7/><E114/><V57/><F57/><W47/><G119/><T132/><D37/><U11/><E103/><V94/><F94/><W97/><G97/><T117/><D132/><U34/><E34/><V78/><F78/><W118/><G118/><T90/><D117/><U79/><E133/><V104/><F104/><W121/><G121/><T51/><AGARI ba="2,2" hai="51,54,59,86,90,95,106,107" m="42391,43595" machi="51" ten="30,2000,0" yaku="15,1,52,1" doraHai="48" who="0" fromWho="0" sc="260,46,177,-12,183,-7,360,-7" /><INIT seed="6,0,0,1,1,79" ten="306,165,176,353" oya="2" hai0="12,45,104,70,25,4,0,65,101,75,127,51,8" hai1="3,122,97,117,56,7,19,103,83,72,67,16,131" hai2="42,132,76,27,43,10,106,90,5,77,52,111,112" hai3="129,118,88,134,61,121,23,108,105,32,26,33,135"/><V93/><F106/><W86/><G108/><T34/><D75/><U100/><E117/><V18/><F111/><W60/><G129/><T82/><D127/><U36/><E36/><V116/><F116/><W109/><G109/><T55/><D65/><U87/><E72/><V114/><F132/><N who="3" m="50731" /><G105/><T30/><D70/><U47/><E131/><V38/><F18/><N who="1" m="6697" /><E3/><V73/><F27/><W17/><G121/><T74/><D12/><U92/><E122/><V128/><F52/><W46/><G46/><T57/><D57/><U9/><E47/><N who="2" m="24023" /><F43/><W68/><G118/><T124/><D101/><N who="1" m="60583" /><E7/><V49/><F128/><W125/><G125/><T78/><D104/><U54/><E9/><V29/><F29/><W113/><G68/><T115/><D124/><U48/><E67/><V98/><F10/><W6/><G6/><T35/><D35/><N who="3" m="13385" /><G113/><N who="2" m="43625" /><F5/><W95/><AGARI ba="0,0" hai="17,23,26,60,61,86,88,95" m="13385,50731" machi="95" ten="30,2000,0" yaku="20,1,54,1" doraHai="79" who="3" fromWho="3" sc="306,-5,165,-5,176,-10,353,20" /><INIT seed="7,0,0,0,1,109" ten="301,160,166,373" oya="3" hai0="67,21,68,32,33,40,45,44,91,104,25,133,43" hai1="107,89,112,12,127,63,134,58,22,95,55,56,118" hai2="84,18,9,113,123,106,8,98,82,128,4,3,117" hai3="110,100,72,66,93,126,26,77,108,71,6,131,37"/><W20/><G93/><T105/><D133/><U15/><E107/><V99/><F117/><W74/><G20/><T11/><D11/><U79/><E118/><V102/><F123/><W94/><G94/><T78/><D78/><U87/><E134/><V47/><F99/><W80/><G100/><T39/><D67/><N who="1" m="39399" /><E112/><V65/><F113/><W14/><G14/><N who="1" m="5162" /><E127/><V48/><F128/><W92/><G66/><T5/><D68/><U13/><E79/><V83/><F65/><W17/><G92/><T75/><D75/><U76/><E76/><V28/><F84/><W60/><G17/><T53/><D5/><U125/><E125/><V52/><F28/><W70/><G60/><T86/><D53/><U38/><E38/><V50/><F9/><W57/><G131/><T132/><D132/><U115/><E115/><V34/><F34/><W36/><G37/><T10/><D10/><U7/><N who="1" m="5170" /><U35/><DORA hai="2" /><E35/><V23/><F50/><W122/><G36/><T24/><D105/><U121/><E121/><V69/><F69/><W90/><G122/><T29/><D104/><U54/><E7/><V120/><F120/><W119/><G71/><T129/><D129/><U30/><E58/><V46/><F46/><W103/><G70/><T111/><D33/><U61/><E61/><V27/><AGARI ba="0,0" hai="3,4,8,18,23,27,47,48,52,82,83,98,102,106" machi="27" ten="20,5200,0" yaku="0,1,7,1,52,1,54,1" doraHai="109,2" who="2" fromWho="2" sc="301,-13,160,-13,166,52,373,-26" owari="288,9.0,147,-35.0,218,-18.0,347,44.0" /></mjloggm>