<mjloggm ver="2.3"><GO type="97" lobby="0"/><UN n0="%72%79%75%73%61%69%32" n1="%69%74%61%64%61%6B%79" n2="%E3%81%94%E3%82%93%E3%81%96%E3%81%B6%E3%82%8D%E3%83%BC" n3="%E5%B0%B1%E6%B4%BB%E7%94%9F%40%E5%B7%9D%E6%9D%91%E8%BB%8D%E5%9B%A3" dan="14,14,14,14" rate="1906.46,1946.62,1970.14,1976.77" sx="M,M,M,M"/><TAIKYOKU oya="0"/><INIT seed="0,0,0,4,1,28" ten="250,250,250,250" oya="0" hai0="135,24,38,16,8,53,73,91,49,71,116,123,88" hai1="90,3,119,23,29,9,20,82,67,134,66,111,58" hai2="124,74,89,30,83,106,22,44,132,65,107,41,10" hai3="36,42,27,70,5,60,35,46,75,108,47,102,98"/><T32/><D123/><U104/><E104/><V101/><F132/><W117/><G47/><T97/><D116/><U6/><E119/><V0/><F124/><W21/><G117/><T131/><D71/><U64/><E111/><V56/><F89/><W68/><G108/><T33/><D38/><U113/><E134/><V96/><F22/><W25/><G5/><T112/><D112/><U125/><E125/><V45/><F30/><N who="3" m="19919" /><G21/><T94/><D135/><U26/><E113/><V105/><F45/><W55/><G27/><T72/><D131/><U59/><REACH who="1" step="1"/><E20/><REACH who="1" ten="250,240,250,250" step="2"/><V2/><F107/><N who="3" m="63959" /><G55/><T51/><D73/><U11/><E11/><V92/><F106/><W118/><G118/><T50/><D72/><U86/><AGARI ba="0,1" hai="3,6,9,23,26,29,58,59,64,66,67,82,86,90" machi="86" ten="30,8000,1" yaku="1,1,0,1,53,3" doraHai="28" doraHaiUra="61" who="1" fromWho="1" sc="250,-40,240,90,250,-20,250,-20" /><INIT seed="1,0,0,4,2,24" ten="210,330,230,230" oya="1" hai0="83,42,6,94,47,90,72,58,107,39,109,25,33" hai1="125,111,133,30,67,26,36,45,97,116,49,68,108" hai2="9,28,20,19,50,73,51,102,88,65,16,43,86" hai3="101,66,44,96,95,2,119,38,105,27,84,123,52"/><U60/><E116/><V11/><F73/><W15/><G123/><T53/><D109/><N who="1" m="42059" /><E36/><V112/><F65/><W115/><G2/><T89/><D107/><U74/><E74/><V70/><F102/><W135/><G115/><T91/><D6/><U61/><E61/><V132/><F70/><W59/><G135/><T76/><D33/><N who="1" m="20695" /><E97/><V34/><F34/><W104/><G119/><T13/><D13/><U4/><E4/><V40/><F112/><W18/><G66/><T29/><D58/><U93/><E93/><V106/><F106/><W113/><G113/><T10/><D53/><U21/><E21/><V128/><F20/><W127/><G38/><T31/><D10/><U80/><E80/><V92/><F92/><W8/><G105/><T87/><D25/><U0/><E0/><V82/><F82/><W117/><G27/><T122/><D122/><U131/><E131/><V56/><F128/><W134/><G117/><T3/><D3/><U41/><E125/><V130/><F130/><W100/><G127/><T55/><D55/><U62/><E62/><V57/><F132/><AGARI ba="0,0" hai="41,45,49,60,67,68,132,133" m="20695,42059" machi="132" ten="30,5800,0" yaku="14,1,10,1,52,1" doraHai="24" who="1" fromWho="2" sc="210,0,330,58,230,-58,230,0" /><INIT seed="1,1,0,5,1,52" ten="210,388,172,230" oya="1" hai0="127,61,57,128,43,98,54,15,101,72,69,37,31" hai1="50,4,133,82,92,23,81,45,1,113,99,125,11" hai2="21,41,51,20,135,83,46,86,132,97,26,53,62" hai3="80,49,68,126,55,85,70,121,19,24,3,74,118"/><U13/><E125/><V78/><F20/><W64/><G126/><T10/><D72/><U33/><E133/><V38/><F62/><W28/><G3/><T91/><D127/><U65/><E33/><V124/><F124/><W66/><G121/><T39/><D128/><U94/><E65/><V110/><F110/><W60/><G118/><T2/><D2/><U14/><E94/><V134/><F97/><W47/><G74/><T16/><D31/><U122/><E113/><V115/><F115/><W17/><G66/><T108/><D69/><U73/><E122/><V117/><F117/><W40/><G40/><T34/><D34/><U130/><E130/><V129/><F129/><W106/><G106/><T93/><D108/><U18/><E73/><V36/><REACH who="2" step="1"/><F41/><REACH who="2" ten="210,388,162,230" step="2"/><W12/><G70/><T30/><D43/><N who="1" m="24895" /><E1/><V95/><F95/><W71/><G71/><T87/><REACH who="0" step="1"/><D30/><AGARI ba="1,1" hai="21,26,30,36,38,46,51,53,78,83,86,132,134,135" machi="30" ten="40,2600,0" yaku="1,1,20,1,53,0" doraHai="52" doraHaiUra="107" who="2" fromWho="0" sc="210,-29,388,0,162,39,230,0" /><INIT seed="2,0,0,4,1,65" ten="181,388,201,230" oya="2" hai0="97,4,19,69,35,89,107,94,75,93,109,125,53" hai1="42,21,112,40,74,118,83,123,30,3,111,72,14" hai2="86,8,25,39,0,61,129,17,34,82,52,64,91" hai3="128,120,2,66,10,84,134,36,117,81,26,9,78"/><V43/><F129/><W48/><G117/><T124/><D75/><U5/><E112/><V24/><F34/><W114/><G36/><T55/><D35/><U50/><E111/><V115/><F115/><W102/><G120/><T130/><D107/><U63/><E3/><V41/><F0/><W60/><G114/><T45/><D4/><U71/><E50/><V131/><F131/><W96/><G128/><T85/><D130/><U92/><E92/><V57/><F39/><W23/><G134/><T88/><D19/><U58/><E71/><V33/><F33/><W16/><G48/><T18/><D45/><U100/><E100/><V1/><F64/><W113/><G113/><T135/><D135/><U12/><E123/><V6/><REACH who="2" step="1"/><F17/><REACH who="2" ten="181,388,191,230" step="2"/><W105/><REACH who="3" step="1"/><G2/><REACH who="3" ten="181,388,191,220" step="2"/><T87/><D109/><U47/><E118/><V101/><F101/><W29/><G29/><T7/><D125/><U44/><E30/><V13/><F13/><W20/><G20/><T31/><D124/><U51/><E21/><V32/><F32/><W103/><G103/><T126/><D31/><U28/><E28/><V80/><F80/><W98/><G98/><T38/><D126/><U27/><E83/><V54/><F54/><W77/><G77/><T22/><D97/><U104/><E14/><V108/><F108/><W73/><G73/><T11/><D55/><U76/><E76/><V95/><F95/><W62/><G62/><T122/><D53/><U67/><E12/><V132/><F132/><W90/><G90/><T106/><D122/><U79/><E79/><V15/><F15/><W70/><AGARI ba="0,2" hai="9,10,16,23,26,60,66,70,78,81,84,96,102,105" machi="70" ten="20,12000,2" yaku="1,1,5,1,0,1,7,1,52,1,54,1,53,1" doraHai="65" doraHaiUra="59" who="3" fromWho="3" sc="181,-30,388,-30,191,-60,220,140" /><INIT seed="3,0,0,4,0,29" ten="151,358,131,360" oya="3" hai0="124,121,37,35,10,3,91,64,123,43,117,45,104" hai1="30,83,50,55,68,128,122,6,115,74,22,92,34" hai2="126,133,130,134,93,15,23,58,33,119,120,77,89" hai3="106,73,36,5,57,118,98,67,28,25,90,78,40"/><W54/><G118/><T32/><D104/><U31/><E34/><V51/><F119/><W99/><G67/><T71/><D117/><U103/><E68/><V70/><F70/><W116/><G116/><T44/><D91/><U0/><E122/><N who="0" m="46601" /><D124/><U27/><E115/><V132/><F120/><W86/><G5/><N who="0" m="1343" /><D45/><U48/><E128/><V81/><F33/><N who="0" m="12874" /><D64/><U12/><E0/><V111/><F111/><W69/><G69/><AGARI ba="0,0" hai="37,43,44,69,71" m="12874,1343,46601" machi="69" ten="30,7700,0" yaku="23,1,52,3" doraHai="29" who="0" fromWho="3" sc="151,77,358,0,131,0,360,-77" owari="228,-17.0,358,46.0,131,-37.0,283,8.0" /></mjloggm>