<mjloggm ver="2.3"><GO type="97" lobby="0"/><UN n0="%53%E3%83%BB%E3%82%AB%E3%83%AB%E3%83%9E%E6%B0%8F" n1="%79%61%6D%61%61%70%71" n2="%E5%B0%B1%E6%B4%BB%E7%94%9F%40%E5%B7%9D%E6%9D%91%E8%BB%8D%E5%9B%A3" n3="%6E%65%77%6A%61%63%6B" dan="14,15,14,13" rate="1975.79,1967.91,2005.88,1965.80" sx="M,M,M,M"/><TAIKYOKU oya="0"/><INIT seed="0,0,0,5,3,66" ten="250,250,250,250" oya="0" hai0="33,88,39,126,132,1,81,29,111,84,2,21,63" hai1="69,59,6,82,99,4,115,15,20,25,116,93,0" hai2="65,87,36,19,16,55,131,114,72,71,54,41,129" hai3="14,38,127,133,28,58,45,128,64,75,112,122,96"/><T101/><D126/><U124/><E116/><V24/><F72/><W49/><G38/><T67/><D33/><U47/><E0/><V57/><F114/><W78/><G112/><T89/><D132/><U119/><E119/><V46/><F87/><W13/><G133/><T44/><D101/><U90/><E69/><V61/><F54/><W97/><G127/><T108/><D29/><U98/><E115/><V130/><REACH who="2" step="1"/><F24/><REACH who="2" ten="250,250,240,250" step="2"/><W42/><G75/><T53/><D89/><U37/><E25/><V9/><F9/><W34/><G78/><T27/><D27/><U104/><E90/><V109/><F109/><N who="0" m="42058" /><D21/><U5/><E20/><V86/><F86/><W94/><G34/><T30/><D30/><U3/><E124/><V113/><F113/><W120/><G28/><T62/><D62/><AGARI ba="0,1" hai="16,19,36,41,46,55,57,61,62,65,71,129,130,131" machi="62" ten="40,8000,1" yaku="1,1,19,1,52,1,54,1,53,0" doraHai="66" doraHaiUra="107" who="2" fromWho="0" sc="250,-80,250,0,240,90,250,0" /><INIT seed="1,0,0,0,1,14" ten="170,250,330,250" oya="1" hai0="55,27,60,109,124,113,33,70,4,65,39,59,99" hai1="46,131,54,91,122,105,41,116,128,74,120,13,31" hai2="103,85,24,0,1,90,83,25,98,49,26,71,29" hai3="52,36,50,8,30,2,3,127,81,67,12,17,66"/><U101/><E74/><V76/><F71/><W102/><G36/><T106/><D109/><U79/><E79/><V126/><F126/><W11/><G127/><T121/><D124/><U5/><E116/><V117/><F117/><W62/><G30/><T133/><D133/><U87/><E31/><V69/><F69/><W68/><G67/><T21/><D113/><U132/><E132/><V134/><F134/><W28/><G28/><T7/><D121/><U107/><E54/><V119/><F119/><W130/><G130/><N who="1" m="49706" /><E5/><V80/><F49/><W61/><G61/><T20/><D4/><U92/><E13/><V9/><F9/><W111/><G111/><T78/><D7/><U112/><E112/><V135/><F135/><W43/><G43/><T123/><D78/><U77/><E77/><V95/><REACH who="2" step="1"/><F29/><REACH who="2" ten="170,250,320,250" step="2"/><W75/><G11/><T84/><D123/><U48/><E120/><V45/><F45/><W114/><G114/><T73/><D70/><U104/><E122/><V118/><F118/><W110/><G110/><T19/><D39/><U115/><E115/><V129/><F129/><W15/><G3/><T18/><D60/><U82/><E48/><V100/><F100/><W58/><G2/><T38/><D38/><N who="1" m="21815" /><E101/><V96/><F96/><W32/><G102/><T35/><D99/><U10/><E10/><V94/><F94/><AGARI ba="0,1" hai="82,87,91,92,94,104,105,107" m="21815,49706" machi="94" ten="40,2000,0" yaku="19,1" doraHai="14" who="1" fromWho="2" sc="170,0,250,30,320,-20,250,0" /><INIT seed="1,1,0,1,4,71" ten="170,280,300,250" oya="1" hai0="28,115,33,48,0,83,51,121,31,54,105,43,46" hai1="116,65,67,78,76,38,40,96,15,72,82,130,98" hai2="24,119,13,50,102,63,107,131,3,9,52,39,75" hai3="86,133,93,7,103,101,12,36,45,127,66,99,73"/><U132/><E116/><V74/><F3/><W80/><G73/><T112/><D105/><U84/><E130/><V49/><F119/><W30/><G133/><T89/><D33/><U111/><E132/><V62/><F39/><W87/><G127/><T85/><D121/><U27/><E65/><V81/><F131/><W22/><G101/><T104/><D104/><U53/><E67/><V35/><F50/><W41/><G66/><T21/><D0/><U6/><E53/><V118/><F118/><W25/><REACH who="3" step="1"/><G80/><REACH who="3" ten="170,280,300,240" step="2"/><T109/><D109/><U122/><E82/><V95/><F102/><W100/><G100/><T37/><D37/><U47/><E72/><V8/><F81/><W14/><G14/><T2/><D2/><U55/><E15/><V123/><F13/><W114/><G114/><T57/><REACH who="0" step="1"/><D31/><REACH who="0" ten="160,280,300,240" step="2"/><U42/><E38/><V97/><F107/><W128/><G128/><T60/><D60/><U79/><E122/><V108/><F63/><W68/><G68/><T120/><D120/><U64/><E64/><V18/><F62/><W91/><G91/><T117/><D117/><U56/><E79/><V90/><F90/><W29/><G29/><T20/><D20/><U23/><E78/><V19/><F123/><W58/><G58/><T77/><D77/><U34/><E76/><V88/><F88/><W32/><G32/><T59/><D59/><U94/><E56/><V113/><F35/><W16/><G16/><T125/><D125/><U106/><E34/><V44/><F19/><W11/><AGARI ba="1,2" hai="7,11,12,22,25,30,36,41,45,86,87,93,99,103" machi="11" ten="30,7900,0" yaku="1,1,0,1,52,1,53,1" doraHai="71" doraHaiUra="4" who="3" fromWho="3" sc="160,-21,280,-40,300,-21,240,102" /><INIT seed="2,0,0,1,5,83" ten="139,240,279,342" oya="2" hai0="79,32,69,56,52,87,25,110,111,116,64,97,43" hai1="48,27,112,86,133,68,121,102,53,78,82,75,42" hai2="67,73,29,114,84,36,30,127,12,132,57,21,134" hai3="35,131,62,2,123,135,81,99,96,94,0,89,76"/><V20/><F36/><W58/><G123/><T4/><D116/><U24/><E112/><V19/><F73/><W113/><G135/><N who="2" m="51753" /><F114/><W71/><G131/><T107/><D69/><U37/><E133/><V66/><F127/><W46/><G71/><T125/><D125/><U117/><E117/><V51/><F84/><W128/><G128/><T93/><D64/><N who="2" m="24618" /><F21/><W129/><G129/><T65/><D65/><U28/><E68/><V9/><F9/><W74/><G113/><T39/><D39/><U5/><E75/><V108/><F108/><W41/><G35/><T49/><D43/><U14/><E42/><V23/><F20/><W8/><G58/><T10/><D32/><U109/><E109/><V90/><F90/><W17/><G62/><T44/><D56/><U13/><E37/><V50/><F50/><W60/><G60/><T45/><D45/><U63/><E63/><V130/><F130/><W33/><G33/><T26/><D110/><U18/><E48/><V106/><F106/><W103/><G8/><T115/><D107/><U11/><E11/><V126/><F126/><W1/><G17/><T98/><D111/><U80/><E18/><V120/><F120/><W3/><N who="3" m="512" /><DORA hai="118" /><W124/><G124/><T54/><D115/><U34/><E34/><V15/><F15/><W72/><G72/><T77/><D54/><AGARI ba="0,0" hai="12,19,23,29,30,51,54,57" m="24618,51753" machi="54" ten="30,1500,0" yaku="20,1" doraHai="83,118" who="2" fromWho="0" sc="139,-15,240,0,279,15,342,0" /><INIT seed="2,1,0,2,1,39" ten="124,240,294,342" oya="2" hai0="57,41,61,131,69,133,109,98,127,100,118,93,90" hai1="1,17,121,37,65,32,45,113,60,24,84,101,5" hai2="108,35,44,19,135,56,47,36,0,112,134,102,42" hai3="49,74,122,80,89,30,53,14,13,79,105,117,78"/><V23/><F35/><W50/><G122/><T88/><D109/><U95/><E113/><V107/><F0/><W43/><G117/><T103/><D127/><U126/><E126/><V81/><F112/><W9/><G105/><T125/><D125/><U91/><E121/><V86/><F108/><W72/><G30/><T128/><D118/><U4/><E1/><V7/><F7/><W2/><G2/><T129/><D133/><N who="2" m="50698" /><F56/><N who="3" m="32815" /><G74/><T66/><D69/><U29/><E17/><V10/><F10/><W12/><G72/><T67/><D67/><U76/><E76/><N who="3" m="29226" /><G80/><T64/><D64/><U25/><E25/><N who="2" m="14591" /><F47/><N who="3" m="25983" /><G89/><T70/><D70/><U6/><E101/><V94/><F107/><W28/><G28/><T52/><D90/><U115/><E115/><V54/><F54/><W48/><G48/><T55/><D41/><U51/><E37/><V119/><F119/><W106/><G106/><T33/><REACH who="0" step="1"/><D33/><REACH who="0" ten="114,240,294,342" step="2"/><U82/><E32/><V15/><F42/><W58/><G58/><T110/><D110/><U40/><E65/><V75/><F44/><W123/><G123/><T22/><D22/><N who="1" m="15511" /><E60/><V62/><F62/><W116/><G116/><T120/><D120/><U3/><E3/><V71/><F71/><W85/><G85/><T96/><D96/><U104/><E84/><V77/><F86/><W97/><G97/><T111/><D111/><U132/><E132/><V20/><F75/><W63/><G63/><T99/><D99/><N who="1" m="57855" /><E82/><V83/><F81/><W130/><G130/><T34/><D34/><U68/><E68/><V18/><F83/><W16/><AGARI ba="1,1" hai="9,12,13,14,16" m="25983,29226,32815" machi="16" ten="30,4000,0" yaku="8,1,52,1,54,1" doraHai="39" who="3" fromWho="3" sc="114,-11,240,-11,294,-21,342,53" /><INIT seed="3,0,0,0,4,3" ten="103,229,273,395" oya="3" hai0="68,38,96,81,104,67,44,41,37,93,117,12,69" hai1="30,16,10,53,55,123,84,133,120,33,15,48,126" hai2="71,108,60,97,132,8,92,110,115,19,54,45,116" hai3="73,131,21,122,29,2,105,121,27,107,65,6,102"/><W72/><G131/><T134/><D134/><U101/><E101/><V57/><F115/><W74/><G65/><T39/><D117/><U63/><E126/><V40/><F116/><W59/><G59/><T49/><D81/><U135/><E84/><V34/><F132/><W7/><G102/><T17/><D104/><U111/><E63/><V9/><F34/><N who="3" m="20799" /><G6/><T80/><D80/><U25/><E53/><V109/><F71/><W130/><G21/><T22/><D67/><U124/><E33/><V88/><F19/><W113/><G130/><T125/><D125/><U119/><E16/><V26/><F26/><W103/><G113/><T100/><D49/><AGARI ba="0,0" hai="8,9,40,45,49,54,57,60,88,92,97,108,109,110" machi="49" ten="40,2600,0" yaku="14,1,54,1" doraHai="3" who="2" fromWho="0" sc="103,-26,229,0,273,26,395,0" owari="77,-42.0,229,-17.0,299,10.0,395,49.0" /></mjloggm>