<mjloggm ver="2.3"><GO type="97" lobby="0"/><UN n0="%4C%63%64%34%34%30" n1="%E3%81%AD%E3%81%93%E3%81%BE%E3%81%9F%E3%81%8E" n2="%E5%B0%B1%E6%B4%BB%E7%94%9F%40%E5%B7%9D%E6%9D%91%E8%BB%8D%E5%9B%A3" n3="%E3%82%B7%E3%82%A7%E3%83%95" dan="13,14,15,15" rate="1817.49,1941.81,2033.92,1953.34" sx="M,M,M,M"/><TAIKYOKU oya="0"/><INIT seed="0,0,0,1,4,9" ten="250,250,250,250" oya="0" hai0="105,78,118,87,3,99,37,89,106,109,13,53,96" hai1="56,60,111,126,124,83,129,41,23,54,2,61,125" hai2="123,51,79,39,65,27,42,17,75,29,26,95,30" hai3="117,19,55,93,66,130,20,128,76,46,40,18,74"/><T57/><D37/><U90/><E2/><V98/><F39/><W82/><G117/><T85/><D3/><U100/><E129/><N who="3" m="49770" /><G66/><T68/><D68/><U135/><E135/><V114/><F123/><W64/><G64/><T33/><D33/><U122/><E122/><V49/><F114/><W81/><G93/><T44/><D118/><U14/><E111/><V132/><F132/><W21/><G55/><T12/><D109/><U31/><E100/><N who="2" m="60511" /><F75/><W16/><G82/><T101/><D44/><U7/><E41/><V102/><F79/><W77/><G77/><T121/><D121/><U0/><E0/><V8/><F102/><W112/><G112/><T38/><D38/><AGARI ba="0,0" hai="16,18,19,20,21,38,40,46,74,76,81" m="49770" machi="38" ten="30,2000,0" yaku="19,1,54,1" doraHai="9" who="3" fromWho="0" sc="250,-20,250,0,250,0,250,20" /><INIT seed="1,0,0,4,2,101" ten="230,250,250,270" oya="1" hai0="103,60,78,55,46,106,69,66,115,44,88,14,6" hai1="37,42,130,72,104,47,45,28,23,68,24,110,62" hai2="18,9,49,77,51,133,126,74,36,38,132,76,26" hai3="129,17,0,1,99,116,90,31,70,114,96,32,135"/><U100/><E130/><V75/><F26/><W97/><G114/><T53/><D78/><N who="2" m="30314" /><F18/><W30/><G70/><T16/><D6/><U71/><E110/><V11/><F11/><W39/><G39/><N who="2" m="14889" /><F9/><W13/><G116/><T80/><D115/><U91/><E91/><V25/><F25/><W84/><G135/><N who="2" m="51785" /><F126/><W8/><G129/><T64/><D103/><U40/><E72/><AGARI ba="0,0" hai="49,51,72,74,75" m="51785,14889,30314" machi="72" ten="40,5200,0" yaku="28,2,20,1" doraHai="101" who="2" fromWho="1" sc="230,0,250,-52,250,52,270,0" /><INIT seed="2,0,0,5,3,18" ten="230,198,302,270" oya="2" hai0="20,1,49,52,76,10,88,84,41,43,24,78,29" hai1="85,113,8,28,64,58,55,82,75,61,62,4,17" hai2="130,109,98,22,7,34,90,65,69,27,128,94,80" hai3="133,44,45,96,114,21,132,72,36,74,115,13,73"/><V105/><F34/><W53/><G96/><T48/><D1/><U119/><E119/><V12/><F105/><W102/><G102/><T131/><D131/><N who="2" m="50218" /><F109/><W32/><G32/><T57/><D10/><U81/><E113/><N who="3" m="43018" /><G36/><T125/><D125/><U16/><E28/><N who="2" m="17527" /><F80/><W46/><G53/><T134/><D134/><N who="3" m="51817" /><G13/><T97/><D97/><U79/><E81/><V71/><F65/><W87/><G87/><T99/><D99/><U120/><E75/><V19/><F7/><W6/><G6/><T103/><D103/><U129/><E129/><V66/><F66/><W111/><G21/><AGARI ba="0,0" hai="12,19,21,69,71,90,94,98" m="17527,50218" machi="21" ten="30,5800,0" yaku="19,1,52,2" doraHai="18" who="2" fromWho="3" sc="230,0,198,0,302,58,270,-58" /><INIT seed="2,1,0,3,2,90" ten="230,198,360,212" oya="2" hai0="20,135,129,33,121,66,19,14,43,133,61,99,106" hai1="46,11,50,134,7,102,60,108,30,2,8,85,98" hai2="75,4,63,120,73,35,58,128,130,132,18,117,93" hai3="103,105,92,12,68,38,89,114,53,115,97,32,122"/><V34/><F117/><W48/><G68/><T1/><D33/><N who="2" m="12298" /><F4/><W23/><G32/><T70/><D1/><U79/><E134/><N who="0" m="51209" /><D121/><U24/><E108/><V49/><F49/><W0/><G0/><T44/><D129/><N who="2" m="49770" /><F18/><N who="3" m="10695" /><G38/><N who="0" m="21623" /><D99/><U112/><E112/><N who="3" m="43050" /><G122/><T3/><D3/><U84/><E11/><V74/><F120/><W27/><G27/><T6/><D6/><U31/><E60/><V26/><F26/><W69/><G69/><T40/><D40/><U22/><E31/><V55/><F132/><W87/><G48/><T39/><D39/><U13/><E79/><V82/><F82/><N who="3" m="49399" /><G53/><T37/><D37/><U42/><REACH who="1" step="1"/><E2/><REACH who="1" ten="230,188,360,212" step="2"/><V86/><F73/><W127/><G127/><T64/><D61/><U72/><E72/><V71/><F71/><W125/><G125/><T52/><D70/><U96/><E96/><V131/><F131/><W36/><G36/><T78/><D78/><U51/><E51/><V67/><F67/><W83/><G83/><T25/><D66/><U113/><E113/><V47/><F75/><W80/><G80/><T91/><D64/><U94/><AGARI ba="1,1" hai="7,8,13,22,24,30,42,46,50,84,85,94,98,102" machi="94" ten="20,8000,1" yaku="1,1,0,1,7,1,8,1,52,1,53,0" doraHai="90" doraHaiUra="107" who="1" fromWho="1" sc="230,-21,188,93,360,-41,212,-21" /><INIT seed="3,0,0,3,4,92" ten="209,281,319,191" oya="3" hai0="93,53,22,126,25,97,45,13,73,122,56,52,36" hai1="114,28,89,98,4,81,20,70,72,84,17,34,102" hai2="61,35,14,125,104,67,41,32,66,33,24,3,12" hai3="118,38,101,39,83,124,65,21,40,63,115,105,15"/><W62/><G118/><T87/><D73/><U91/><E114/><V54/><F3/><W8/><G115/><T131/><D122/><U29/><E70/><V71/><F67/><W110/><G21/><T51/><D126/><U50/><E34/><V88/><F125/><W5/><G124/><T30/><D131/><U26/><E72/><V112/><F112/><W96/><G110/><T42/><D13/><U19/><E91/><V86/><F104/><W57/><G40/><T74/><D74/><U16/><E4/><V120/><F120/><W108/><G108/><T11/><D87/><U113/><E113/><V132/><F132/><W123/><G123/><T60/><D11/><U106/><E29/><V46/><F24/><W9/><G83/><T109/><D109/><U80/><E80/><V18/><F54/><W76/><G76/><T49/><REACH who="0" step="1"/><D53/><REACH who="0" ten="199,281,319,191" step="2"/><U47/><E28/><V77/><F14/><W99/><G9/><T135/><D135/><U107/><E106/><V116/><F116/><W130/><G130/><T134/><D134/><U111/><E111/><V121/><F121/><W95/><REACH who="3" step="1"/><G63/><REACH who="3" ten="199,281,319,181" step="2"/><T48/><D48/><U94/><E107/><V43/><F61/><W85/><G85/><T59/><D59/><U117/><E117/><V100/><F86/><W68/><G68/><T64/><D64/><U31/><E31/><V129/><F71/><W78/><G78/><T103/><AGARI ba="0,2" hai="22,25,30,36,42,45,49,51,52,56,60,93,97,103" machi="103" ten="20,12000,2" yaku="1,1,0,1,7,1,52,1,54,1,53,1" doraHai="92" doraHaiUra="27" who="0" fromWho="0" sc="199,140,281,-30,319,-30,181,-60" owari="339,44.0,251,-15.0,289,9.0,121,-38.0" /></mjloggm>