<mjloggm ver="2.3"><GO type="169" lobby="0"/><UN n0="%E5%A4%AA%E3%81%8F%E3%81%AA%E3%81%84%E3%81%8A" n1="%E3%82%A6%E3%83%AB%E3%83%88%E3%83%A9%E7%AB%8B%E7%9B%B4" n2="%73%68%61%6F" n3="%E3%81%8F%E3%82%89%E3%81%BE%E3%82%82%E3%82%93" dan="17,17,18,16" rate="2133.22,2158.54,2252.40,2074.12" sx="M,M,M,M"/><TAIKYOKU oya="0"/><INIT seed="0,0,0,5,0,25" ten="250,250,250,250" oya="0" hai0="121,18,38,102,96,113,93,128,9,5,92,41,98" hai1="29,109,122,2,89,74,1,32,101,67,59,127,47" hai2="106,42,125,48,81,44,43,100,27,24,73,119,131" hai3="124,17,120,84,60,130,0,21,52,87,105,54,57"/><T103/><D113/><U77/><E122/><V36/><F131/><W126/><G105/><T46/><D128/><U72/><E89/><V13/><F125/><N who="3" m="48235" /><G0/><N who="1" m="106" /><E59/><V49/><F119/><W20/><G130/><T97/><D121/><U133/><E67/><V58/><F13/><W110/><G110/><T99/><REACH who="0" step="1"/><D18/><REACH who="0" ten="240,250,250,250" step="2"/><U79/><E127/><V71/><F71/><W75/><G120/><T86/><D86/><U63/><E74/><V8/><F73/><W83/><G75/><T116/><D116/><U69/><E72/><V10/><F36/><W68/><G84/><T11/><D11/><U85/><E85/><V65/><F10/><W4/><G17/><T7/><D7/><U39/><E109/><V26/><F8/><W30/><G4/><T45/><D45/><U31/><E47/><V35/><F44/><W112/><G112/><T134/><D134/><U76/><E39/><V80/><F58/><W56/><G68/><T16/><D16/><U28/><E69/><V3/><F43/><W23/><G57/><T70/><D70/><U115/><E115/><V55/><F42/><W62/><G56/><T117/><D117/><U40/><E40/><V129/><F129/><W50/><G87/><T88/><D88/><U34/><E133/><V90/><F90/><W82/><G60/><T19/><D19/><U64/><E63/><V22/><F49/><W111/><G62/><T33/><D33/><N who="1" m="12907" /><E64/><V6/><F65/><W132/><G111/><T135/><D135/><U53/><E53/><N who="3" m="20586" /><G50/><T118/><D118/><U91/><E91/><V15/><F48/><W114/><G132/><RYUUKYOKU ba="0,1" sc="240,15,250,15,250,-15,250,-15" hai0="5,9,38,41,46,92,93,96,97,98,99,102,103" hai1="28,29,31,76,77,79,101" /><INIT seed="0,1,1,1,3,44" ten="255,265,235,235" oya="0" hai0="12,55,86,61,35,94,24,66,28,41,21,15,6" hai1="0,84,129,40,45,108,121,80,43,93,11,18,1" hai2="57,62,92,91,117,53,135,5,46,106,89,90,104" hai3="58,82,38,51,95,131,114,31,109,25,32,37,48"/><T49/><D41/><U79/><E121/><V77/><F135/><W33/><G114/><T22/><D94/><U52/><E129/><V110/><F110/><W101/><G33/><T122/><D122/><U76/><E108/><V23/><F117/><W67/><G109/><T81/><D6/><U36/><E43/><V70/><F70/><W34/><G34/><T60/><D35/><U103/><E76/><V30/><F77/><W118/><G118/><T68/><D60/><U115/><E115/><V83/><F5/><W132/><G82/><T64/><D64/><U125/><E125/><V65/><F83/><W59/><G132/><T75/><D22/><U50/><E103/><V16/><F30/><W120/><G120/><T7/><D7/><U78/><E78/><V127/><F127/><W42/><G131/><T85/><D75/><U29/><E29/><V71/><F46/><W99/><G42/><T69/><D69/><U19/><E93/><V97/><F106/><W39/><REACH who="3" step="1"/><G67/><REACH who="3" ten="255,265,235,225" step="2"/><T13/><REACH who="0" step="1"/><D81/><REACH who="0" ten="245,265,235,225" step="2"/><U88/><E79/><V4/><F65/><W119/><G119/><T111/><D111/><U74/><E74/><V26/><F71/><W96/><G96/><T73/><D73/><U20/><E20/><V17/><F97/><W113/><G113/><T133/><D133/><U124/><E124/><V123/><F23/><W105/><G105/><T128/><D128/><U3/><REACH who="1" step="1"/><E11/><REACH who="1" ten="245,255,235,225" step="2"/><V126/><F126/><W56/><AGARI ba="1,4" hai="25,31,32,37,38,39,48,51,56,58,59,95,99,101" machi="56" ten="40,8000,1" yaku="1,1,0,1,52,2,53,0" doraHai="44" doraHaiUra="72" who="3" fromWho="3" sc="245,-41,255,-21,235,-21,225,123" /><INIT seed="1,0,0,0,5,134" ten="204,234,214,348" oya="1" hai0="104,45,95,133,93,7,33,81,20,120,39,111,31" hai1="24,35,135,44,16,32,66,38,25,13,131,18,101" hai2="68,12,121,116,63,76,23,108,112,2,127,6,50" hai3="74,132,59,14,102,19,109,92,28,117,54,91,87"/><U70/><E135/><V98/><F116/><W110/><G74/><T114/><D133/><U64/><E101/><V77/><F121/><W123/><G123/><T89/><D120/><U80/><E80/><V1/><F108/><N who="3" m="41579" /><G132/><T96/><D111/><U97/><E97/><V67/><F98/><W30/><G102/><T86/><D114/><U4/><E70/><V43/><F43/><W125/><G117/><T88/><D33/><N who="1" m="12875" /><E44/><V103/><F12/><W100/><G100/><T65/><D104/><U27/><E38/><V15/><F23/><N who="3" m="11767" /><G125/><T40/><D7/><U75/><E75/><V94/><F6/><W37/><G37/><T26/><REACH who="0" step="1"/><D65/><REACH who="0" ten="194,234,214,348" step="2"/><U83/><E66/><V53/><F67/><W51/><AGARI ba="0,1" hai="28,30,51,54,59,87,91,92" m="11767,41579" machi="51" ten="30,2000,0" yaku="25,1,14,1" doraHai="134" who="3" fromWho="3" sc="194,-5,234,-10,214,-5,348,30" /><INIT seed="2,0,0,2,2,50" ten="189,224,209,378" oya="2" hai0="89,61,110,104,38,59,115,14,87,21,23,56,40" hai1="46,69,3,25,75,43,9,135,12,39,123,27,17" hai2="73,58,130,34,42,124,48,8,103,119,66,36,81" hai3="134,125,133,33,80,67,49,44,127,63,54,41,108"/><V128/><F119/><W118/><G33/><T116/><D115/><U102/><E135/><N who="3" m="51722" /><G80/><T96/><D116/><U129/><E129/><N who="2" m="49771" /><F34/><W74/><G74/><T109/><D40/><U57/><E69/><V120/><F120/><W122/><G118/><T65/><D38/><U111/><E111/><N who="0" m="42505" /><D59/><U51/><E123/><V53/><F66/><W113/><G122/><T76/><D76/><U35/><E75/><V95/><F124/><N who="3" m="47691" /><G108/><T105/><D14/><U85/><E3/><V1/><F81/><W117/><G117/><T97/><D97/><U70/><E70/><V83/><F83/><W82/><G82/><N who="0" m="49399" /><D96/><U62/><E35/><V100/><F73/><W114/><G41/><T107/><AGARI ba="0,0" hai="21,23,56,61,65,104,105,107" m="49399,42505" machi="107" ten="40,1500,0" yaku="14,1" doraHai="50" who="0" fromWho="0" sc="189,15,224,-4,209,-7,378,-4" /><INIT seed="3,0,0,3,2,8" ten="204,220,202,374" oya="3" hai0="104,53,32,54,61,57,14,117,93,16,113,87,122" hai1="92,66,37,46,36,91,13,114,102,106,48,4,71" hai2="1,5,59,123,118,116,25,23,77,130,0,115,50" hai3="129,79,103,133,41,94,127,34,62,70,85,78,52"/><W125/><G34/><T35/><D104/><U99/><E114/><V43/><F115/><W97/><G41/><T26/><D113/><U74/><E74/><V112/><F112/><W55/><G133/><T33/><D117/><U42/><E71/><V27/><F123/><W126/><G129/><T84/><D122/><U60/><E60/><V90/><F130/><W15/><G70/><T44/><D26/><U98/><REACH who="1" step="1"/><E66/><REACH who="1" ten="204,210,202,374" step="2"/><V110/><F118/><W76/><G62/><T58/><D44/><U38/><E38/><V29/><F116/><W18/><G85/><T21/><REACH who="0" step="1"/><D93/><REACH who="0" ten="194,210,202,374" step="2"/><U72/><E72/><V111/><F111/><W45/><G45/><T109/><D109/><U69/><E69/><V132/><F110/><W73/><G73/><T7/><D7/><U49/><E49/><AGARI ba="0,2" hai="14,16,21,32,33,35,49,53,54,57,58,61,84,87" machi="49" ten="40,8000,1" yaku="1,1,52,1,54,1,53,2" doraHai="8" doraHaiUra="82" who="0" fromWho="1" sc="194,100,210,-80,202,0,374,0" /><INIT seed="4,0,0,4,4,0" ten="294,130,202,374" oya="0" hai0="10,35,126,55,32,75,103,91,6,9,26,116,83" hai1="28,125,27,20,69,81,51,114,132,47,18,44,53" hai2="42,121,4,82,67,54,56,135,5,45,119,37,31" hai3="25,30,76,94,70,113,43,78,120,8,88,115,117"/><T109/><D116/><U108/><E108/><V11/><F121/><W111/><G70/><T65/><D65/><U66/><E125/><V3/><F119/><W50/><G111/><T22/><D109/><U15/><E132/><V33/><F135/><W21/><G117/><T14/><D103/><U71/><E114/><N who="3" m="43530" /><G8/><T23/><D126/><U99/><E66/><V52/><F82/><W29/><G29/><N who="0" m="17623" /><D55/><U127/><E127/><V93/><F93/><W128/><G128/><T85/><D91/><U77/><E99/><V100/><F100/><W38/><G38/><T40/><D40/><U124/><E124/><V24/><REACH who="2" step="1"/><F5/><REACH who="2" ten="294,130,192,374" step="2"/><W34/><G120/><T64/><D83/><U106/><E106/><V16/><F16/><W39/><G94/><T118/><D118/><U129/><E129/><V96/><F96/><W102/><G102/><T87/><D87/><U86/><REACH who="1" step="1"/><E47/><REACH who="1" ten="294,120,192,374" step="2"/><V17/><F17/><W89/><G30/><T84/><D6/><U134/><E134/><V74/><F74/><W130/><G130/><T13/><D75/><U60/><E60/><AGARI ba="0,2" hai="3,4,11,24,31,33,37,42,45,52,54,56,60,67" machi="60" ten="40,5200,0" yaku="1,1,52,1,54,1,53,0" doraHai="0" doraHaiUra="105" who="2" fromWho="1" sc="294,0,120,-52,192,72,374,0" /><INIT seed="5,0,0,0,5,126" ten="294,68,264,374" oya="1" hai0="47,98,31,119,13,116,68,45,102,134,120,34,114" hai1="124,49,109,66,14,44,42,87,57,92,39,59,1" hai2="103,118,112,51,122,54,100,74,19,55,113,99,36" hai3="20,83,60,15,6,5,82,2,32,56,94,117,27"/><U77/><E1/><V93/><F36/><W133/><G32/><T89/><D68/><U0/><E0/><V115/><F74/><W17/><G2/><T69/><D69/><U29/><E124/><V88/><F118/><W24/><G133/><T26/><D134/><U61/><E109/><V85/><F122/><W78/><G94/><T16/><D120/><U121/><E121/><V70/><F70/><W8/><G83/><T76/><D76/><U108/><E108/><V52/><F19/><W105/><G105/><T50/><D89/><U18/><E29/><V131/><F131/><W62/><G62/><T86/><D86/><U67/><E39/><V125/><F125/><W84/><G117/><T30/><D47/><U48/><E48/><V72/><F72/><W71/><G71/><T127/><D30/><U97/><E87/><V11/><F11/><W132/><G132/><T25/><D25/><N who="3" m="9801" /><G8/><T91/><D91/><N who="1" m="55455" /><E77/><V4/><F4/><W104/><G104/><T35/><D35/><U46/><E46/><N who="2" m="27767" /><F100/><W22/><G22/><T130/><D130/><U65/><E61/><V37/><F37/><W41/><G41/><N who="0" m="24879" /><D127/><U96/><E96/><V63/><F63/><W75/><G75/><T73/><D73/><U95/><E95/><AGARI ba="0,0" hai="54,55,85,88,93,95,99,103,112,113,115" m="27767" machi="95" ten="30,7700,0" yaku="15,1,11,1,54,2" doraHai="126" who="2" fromWho="1" sc="294,0,68,-77,264,77,374,0" owari="294,-11.0,-9,-51.0,341,14.0,374,48.0" /></mjloggm>