<mjloggm ver="2.3"><GO type="41" lobby="0"/><UN n0="%4D%55%4E%45%52%4F%4E" n1="%68%6F%2D%72%69" n2="%E2%98%86%E3%81%99%E3%81%84%E3%81%99%E3%81%84%E2%98%86" n3="%E5%B0%B1%E6%B4%BB%E7%94%9F%40%E5%B7%9D%E6%9D%91%E8%BB%8D%E5%9B%A3" dan="15,13,15,15" rate="2065.32,1855.49,2034.51,2025.20" sx="M,M,M,M"/><TAIKYOKU oya="0"/><INIT seed="0,0,0,2,5,107" ten="250,250,250,250" oya="0" hai0="116,52,39,131,124,113,129,111,132,92,114,20,49" hai1="14,36,133,1,53,21,134,87,130,59,18,135,96" hai2="94,72,51,58,110,121,120,91,69,24,5,68,46" hai3="32,80,105,11,108,38,27,90,41,99,70,73,112"/><T64/><D39/><U89/><E1/><V31/><F110/><W35/><G112/><T98/><D116/><U26/><E36/><V77/><F5/><W109/><G70/><T40/><D40/><U28/><E130/><N who="0" m="49673" /><D111/><N who="3" m="42569" /><G90/><T62/><D20/><U43/><E43/><V101/><F101/><N who="3" m="62655" /><G27/><T17/><D17/><U104/><E104/><V60/><F69/><W75/><G11/><T55/><D98/><U82/><E96/><V97/><F68/><W30/><G80/><T25/><D25/><U42/><E42/><V83/><F51/><W4/><G4/><T6/><D92/><U61/><REACH who="1" step="1"/><E14/><REACH who="1" ten="250,240,250,250" step="2"/><V127/><F127/><W125/><G125/><T33/><D124/><U95/><E95/><V44/><F121/><W126/><G126/><T7/><D114/><U50/><E50/><V63/><F120/><W9/><G9/><T67/><D113/><U103/><E103/><V45/><REACH who="2" step="1"/><F58/><REACH who="2" ten="250,240,240,250" step="2"/><W115/><G115/><T12/><D49/><U10/><E10/><V74/><F74/><N who="3" m="28171" /><G30/><AGARI ba="0,2" hai="18,21,26,28,30,53,59,61,82,87,89,133,134,135" machi="30" ten="40,5200,0" yaku="1,1,20,1,53,1" doraHai="107" doraHaiUra="57" who="1" fromWho="3" sc="250,0,240,72,240,0,250,-52" /><INIT seed="1,0,0,5,5,8" ten="250,312,240,198" oya="1" hai0="16,34,59,124,64,121,29,114,94,125,33,15,91" hai1="104,67,115,57,4,52,11,53,78,134,129,42,105" hai2="35,12,44,32,109,89,5,26,120,128,19,72,111" hai3="25,69,68,22,45,102,131,23,82,123,98,43,66"/><U47/><E115/><V97/><F72/><W31/><G123/><T79/><D114/><U37/><E134/><V50/><F120/><W70/><G131/><T51/><D121/><U87/><E129/><V56/><F128/><W73/><G73/><T10/><D79/><U119/><E119/><V3/><F3/><W39/><G82/><T112/><D112/><U17/><E17/><V133/><F133/><W18/><G66/><T6/><D29/><U58/><E67/><V65/><F5/><W14/><REACH who="3" step="1"/><G70/><REACH who="3" ten="250,312,240,188" step="2"/><T132/><D132/><U21/><E78/><V117/><F65/><W48/><G48/><T83/><D83/><U27/><E105/><AGARI ba="0,1" hai="14,18,22,23,25,31,39,43,45,68,69,98,102,105" machi="105" ten="30,3900,0" yaku="1,1,7,1,52,1,53,0" doraHai="8" doraHaiUra="74" who="3" fromWho="1" sc="250,0,312,-39,240,0,188,49" /><INIT seed="2,0,0,4,2,98" ten="250,273,240,237" oya="2" hai0="62,112,2,66,7,130,1,50,129,73,45,110,30" hai1="16,90,89,128,23,10,22,27,38,111,95,11,59" hai2="41,115,122,63,34,79,119,108,42,65,58,86,67" hai3="49,53,29,43,120,75,113,94,125,102,9,39,78"/><V18/><F34/><W96/><G120/><T106/><D73/><U32/><E38/><V13/><F122/><W60/><G113/><T82/><D112/><U87/><E128/><N who="0" m="49257" /><D7/><U55/><E32/><V99/><F119/><W76/><G125/><T15/><D15/><N who="1" m="9503" /><E111/><V69/><F115/><W77/><G75/><T134/><D30/><N who="1" m="17791" /><E89/><V109/><F86/><W35/><G35/><T100/><D82/><U124/><E124/><V26/><F79/><W25/><G39/><T92/><D106/><U14/><E14/><V70/><F26/><W48/><G9/><T118/><D118/><U83/><E83/><V68/><F99/><W52/><G43/><N who="2" m="16393" /><F18/><W80/><G80/><T57/><D110/><N who="2" m="42602" /><F13/><W6/><G6/><T93/><D2/><U117/><E117/><V116/><F116/><W37/><G37/><T104/><D1/><U127/><E127/><V107/><F107/><W33/><G60/><AGARI ba="0,0" hai="10,11,55,59,60,87,90,95" m="17791,9503" machi="60" ten="30,2000,0" yaku="8,1,54,1" doraHai="98" who="1" fromWho="3" sc="250,0,273,20,240,0,237,-20" /><AGARI ba="0,0" hai="58,60,63,65,67,68,69,70" m="42602,16393" machi="60" ten="30,11600,0" yaku="14,1,10,1,34,2" doraHai="98" who="2" fromWho="3" sc="250,0,293,0,240,116,217,-116" /><INIT seed="2,1,0,2,2,83" ten="250,293,356,101" oya="2" hai0="92,88,70,130,119,61,90,9,131,32,75,79,134" hai1="37,4,111,30,25,123,38,6,51,66,124,135,54" hai2="115,50,7,43,77,72,126,94,127,3,108,47,41" hai3="122,114,13,103,16,56,18,14,5,84,120,121,96"/><V74/><F3/><W107/><G114/><T69/><D32/><U63/><E111/><V64/><F7/><W80/><G56/><T68/><D119/><U100/><E123/><V117/><F117/><W128/><G128/><N who="0" m="49195" /><D134/><U62/><E135/><V29/><F115/><W31/><G31/><T98/><D75/><U53/><E100/><V85/><F29/><W87/><G5/><T118/><D79/><U2/><E2/><V35/><F35/><W112/><G112/><T55/><D118/><U40/><E124/><N who="2" m="47659" /><F64/><W73/><G73/><N who="2" m="28265" /><F108/><W8/><REACH who="3" step="1"/><G80/><REACH who="3" ten="250,293,356,91" step="2"/><T24/><D70/><U133/><E133/><V93/><F43/><W49/><G49/><T101/><D55/><U82/><E4/><V81/><AGARI ba="1,1" hai="41,47,50,77,81,85,93,94" m="28265,47659" machi="81" ten="40,3900,0" yaku="18,1,52,1" doraHai="83" who="2" fromWho="2" sc="250,-14,293,-14,356,52,91,-14" /><INIT seed="2,2,0,5,3,114" ten="236,279,408,77" oya="2" hai0="46,115,116,36,89,59,107,105,68,106,16,33,121" hai1="98,128,102,61,57,21,113,25,129,123,54,22,42" hai2="23,132,94,66,0,83,118,67,90,35,73,78,49" hai3="69,125,32,84,15,117,14,108,53,13,24,81,133"/><V109/><F35/><W40/><G69/><T64/><D33/><U110/><E113/><V119/><F0/><W55/><G108/><T8/><D115/><U37/><E110/><V2/><F2/><W104/><G104/><T17/><D68/><U101/><E123/><V28/><F109/><W74/><G74/><T27/><D121/><U1/><E1/><V44/><F132/><W7/><G133/><T9/><D36/><U56/><E42/><V127/><F127/><W88/><G125/><T20/><D46/><U111/><E37/><V99/><F28/><W80/><G7/><T19/><D89/><U45/><E111/><V131/><F131/><N who="1" m="50249" /><E45/><V130/><F23/><W41/><G117/><T4/><D116/><U124/><E124/><V95/><F130/><W58/><G81/><T87/><D87/><U86/><E86/><V3/><F3/><W51/><G32/><T26/><D4/><U93/><E102/><V76/><F78/><W71/><G71/><T18/><D27/><U96/><E98/><V82/><F82/><W85/><G85/><T29/><N who="0" m="4608" /><DORA hai="12" /><T122/><REACH who="0" step="1"/><D122/><REACH who="0" ten="226,279,408,77" step="2"/><U103/><E25/><V135/><F135/><W5/><G5/><T39/><D39/><U30/><E103/><V50/><F119/><W47/><REACH who="3" step="1"/><G24/><REACH who="3" ten="226,279,408,67" step="2"/><T97/><D97/><U75/><E96/><V6/><F118/><W11/><G11/><T52/><D52/><U31/><E54/><V134/><F6/><W112/><G112/><T77/><D77/><U43/><E75/><V120/><F134/><W100/><G100/><T126/><D126/><U92/><E101/><RYUUKYOKU ba="2,2" sc="226,15,279,-15,408,-15,67,15" hai0="8,9,20,26,29,59,64,105,106,107" hai3="13,14,15,40,41,47,51,53,55,58,80,84,88" /><INIT seed="3,3,2,0,0,103" ten="241,264,393,82" oya="3" hai0="11,60,16,120,132,77,79,65,45,92,38,0,52" hai1="51,67,13,104,99,86,135,37,19,102,42,116,76" hai2="71,10,6,97,109,8,72,70,21,69,47,80,34" hai3="74,84,111,68,89,41,125,14,95,63,17,20,126"/><W91/><G74/><T5/><D120/><U24/><E37/><V30/><F34/><W7/><G41/><T100/><D132/><U83/><E24/><V90/><F10/><W115/><G115/><T35/><D35/><U49/><E135/><V98/><F90/><W32/><G32/><T50/><D38/><U15/><E116/><V58/><F47/><W123/><G123/><T85/><D100/><U44/><E67/><V96/><F30/><W2/><G111/><T66/><D66/><U28/><E28/><V27/><F58/><W107/><G107/><T62/><D62/><U53/><REACH who="1" step="1"/><E19/><REACH who="1" ten="241,254,393,82" step="2"/><V57/><F109/><W31/><G31/><T117/><D117/><U129/><E129/><V133/><F133/><W106/><G106/><T88/><REACH who="0" step="1"/><D16/><REACH who="0" ten="231,254,393,82" step="2"/><U81/><E81/><V40/><F80/><W122/><G122/><T108/><D108/><U130/><E130/><V36/><F36/><W78/><G68/><AGARI ba="3,4" hai="0,5,11,45,50,52,60,65,68,77,79,85,88,92" machi="68" ten="30,7700,0" yaku="1,1,7,1,54,2,53,0" doraHai="103" doraHaiUra="55" who="0" fromWho="3" sc="231,126,254,0,393,0,82,-86" owari="357,16.0,254,-15.0,393,49.0,-4,-50.0" /></mjloggm>