<mjloggm ver="2.3"><GO type="41" lobby="0"/><UN n0="%E5%B0%B1%E6%B4%BB%E7%94%9F%40%E5%B7%9D%E6%9D%91%E8%BB%8D%E5%9B%A3" n1="%54%45%52%55" n2="%72%61%6B%75%E6%9D%B1%E9%A2%A8%E8%8D%98" n3="%E3%82%A2%E3%82%AF%E3%82%B9%E3%82%B1" dan="15,13,13,13" rate="1977.89,1889.42,1867.29,1904.37" sx="M,M,M,M"/><TAIKYOKU oya="0"/><INIT seed="0,0,0,3,0,131" ten="250,250,250,250" oya="0" hai0="20,111,10,113,66,118,0,18,133,53,83,97,2" hai1="24,73,71,99,132,4,29,103,15,79,21,77,51" hai2="100,124,117,95,123,12,69,33,34,58,3,134,25" hai3="86,80,7,127,93,110,47,129,11,13,31,135,59"/><T119/><D113/><U96/><E71/><V57/><F69/><W128/><G110/><T76/><D111/><U130/><E130/><N who="3" m="50282" /><G127/><T109/><D66/><U36/><E36/><V82/><F3/><W67/><G31/><T14/><D97/><U65/><E65/><V43/><F123/><W60/><G47/><T92/><D109/><U63/><E63/><V78/><F124/><W102/><G102/><T98/><D133/><U42/><E132/><V107/><F117/><W62/><G62/><T115/><D115/><U120/><E120/><V112/><F134/><W8/><G135/><T35/><D35/><U90/><E90/><V50/><F107/><W89/><G11/><T56/><D118/><U6/><E99/><V22/><F112/><W37/><G37/><T44/><D44/><U85/><E73/><V64/><F12/><W84/><G84/><T105/><D105/><U104/><E85/><N who="2" m="48343" /><F34/><W49/><G49/><T114/><D114/><U75/><E75/><V26/><F33/><W55/><G55/><T74/><D119/><U91/><E91/><V9/><F9/><W68/><G68/><T19/><D19/><U16/><E6/><V23/><F64/><W121/><G121/><T106/><D106/><U30/><E4/><V88/><F100/><W61/><G61/><N who="0" m="35983" /><D10/><U81/><E30/><N who="2" m="17719" /><F43/><W40/><G40/><T108/><D108/><U46/><REACH who="1" step="1"/><E81/><AGARI ba="0,0" hai="7,8,13,59,60,67,80,81,86,89,93" m="50282" machi="81" ten="30,1000,0" yaku="19,1" doraHai="131" who="3" fromWho="1" sc="250,0,250,-10,250,0,250,10" /><INIT seed="1,0,0,5,2,45" ten="250,240,250,260" oya="1" hai0="78,65,3,106,16,54,12,27,134,10,93,71,59" hai1="0,39,32,2,6,9,129,18,122,13,116,99,87" hai2="15,130,1,120,53,89,61,5,51,36,46,115,76" hai3="111,128,104,113,20,75,56,90,47,84,94,91,95"/><U66/><E39/><V4/><F120/><W22/><G104/><T23/><D106/><U60/><E122/><V43/><F115/><W49/><G75/><T132/><D3/><U124/><E116/><V52/><F1/><W79/><G111/><T40/><D40/><U24/><E124/><V62/><F76/><W97/><G113/><T33/><D33/><U83/><E129/><V80/><F130/><W17/><G128/><T105/><D105/><U68/><E99/><V14/><F36/><W101/><G79/><T28/><D78/><U74/><E74/><V34/><F34/><W73/><G73/><T42/><D42/><U55/><E55/><N who="2" m="21067" /><F15/><N who="3" m="9279" /><G22/><T37/><D37/><U131/><E131/><V92/><F80/><W86/><G56/><T50/><REACH who="0" step="1"/><D93/><REACH who="0" ten="240,240,250,260" step="2"/><U117/><E117/><V19/><F61/><AGARI ba="0,1" hai="10,12,16,23,27,28,50,54,59,61,65,71,132,134" machi="61" ten="40,8000,1" yaku="1,1,2,1,52,1,54,1,53,0" doraHai="45" doraHaiUra="121" who="0" fromWho="2" sc="240,90,240,0,250,-80,260,0" /><INIT seed="2,0,0,4,3,17" ten="330,240,170,260" oya="2" hai0="18,64,110,81,111,60,134,31,67,123,100,51,54" hai1="34,99,84,69,68,40,9,35,12,38,7,118,120" hai2="14,22,15,122,52,61,75,37,46,128,117,124,6" hai3="16,112,87,33,131,48,32,63,50,4,90,45,105"/><V44/><F117/><W24/><G131/><T26/><D123/><U113/><E118/><V5/><F122/><W42/><G105/><T89/><D100/><U41/><E113/><V80/><F124/><W3/><G112/><T8/><D134/><U97/><E120/><V77/><F128/><W121/><G121/><T19/><D81/><U74/><E74/><V56/><F37/><W55/><G63/><T11/><D89/><U125/><E125/><V72/><F75/><W86/><G3/><T27/><D60/><U47/><E84/><V73/><F72/><W70/><G70/><T135/><D135/><U98/><REACH who="1" step="1"/><E41/><REACH who="1" ten="330,230,170,260" step="2"/><V95/><F95/><W109/><G87/><T108/><D64/><U57/><E57/><V25/><F44/><W23/><G109/><T65/><D65/><U91/><E91/><V21/><F46/><W2/><G2/><T53/><D67/><U101/><E101/><V28/><REACH who="2" step="1"/><F15/><REACH who="2" ten="330,230,160,260" step="2"/><W36/><G36/><T29/><D110/><U82/><E82/><V76/><F76/><W96/><G42/><T20/><D111/><U1/><E1/><V106/><F106/><W92/><G48/><T43/><D108/><U114/><E114/><V126/><F126/><W66/><G24/><T115/><D115/><U119/><E119/><V93/><F93/><W132/><G92/><T94/><D94/><U130/><E130/><V78/><F78/><W10/><G96/><T85/><D43/><U0/><E0/><V49/><F49/><W107/><G50/><T116/><D116/><U88/><E88/><V133/><F133/><W58/><G90/><RYUUKYOKU ba="0,2" sc="330,-15,230,15,160,15,260,-15" hai1="7,9,12,34,35,38,40,47,68,69,97,98,99" hai2="5,6,14,21,22,25,28,52,56,61,73,77,80" /><INIT seed="2,1,2,0,4,54" ten="315,245,175,245" oya="2" hai0="46,64,29,96,12,24,10,92,31,129,36,91,84" hai1="59,11,51,93,25,27,110,89,55,74,37,135,107" hai2="33,35,1,111,6,83,122,21,15,75,42,88,94" hai3="26,7,66,123,57,128,16,30,115,67,134,48,3"/><V70/><F122/><W47/><G128/><T117/><D117/><U28/><E107/><V13/><F70/><W77/><G123/><T85/><D129/><U68/><E74/><V132/><F1/><W130/><G115/><T100/><D64/><U114/><E114/><V34/><F42/><W82/><G134/><T121/><D121/><U131/><E131/><V0/><F75/><W105/><G105/><T49/><D36/><U113/><E113/><V58/><F83/><W17/><G130/><T124/><D124/><U69/><E37/><V78/><F78/><W56/><G3/><T80/><D24/><U73/><E110/><V87/><F132/><W118/><G118/><T53/><REACH who="0" step="1"/><D85/><REACH who="0" ten="305,245,175,245" step="2"/><U106/><E73/><V119/><F119/><W76/><G67/><T19/><AGARI ba="1,3" hai="10,12,19,29,31,46,49,53,80,84,91,92,96,100" machi="19" ten="20,16000,3" yaku="1,1,2,1,0,1,7,1,25,2,8,1,53,1" doraHai="54" doraHaiUra="45" who="0" fromWho="0" sc="305,193,245,-41,175,-81,245,-41" /><INIT seed="3,0,0,3,0,58" ten="498,204,94,204" oya="3" hai0="12,41,120,49,66,59,117,68,98,96,112,95,34" hai1="119,135,69,113,100,82,25,54,62,89,104,123,57" hai2="83,3,109,46,14,16,128,133,29,40,21,84,24" hai3="0,79,39,121,19,53,101,27,35,78,97,4,36"/><W85/><G121/><T77/><D34/><U131/><E123/><V134/><F3/><W22/><G35/><T37/><D120/><U88/><E113/><V70/><F70/><W116/><G116/><T18/><D77/><U60/><E119/><V13/><F128/><W67/><G67/><T61/><D117/><U122/><E122/><V92/><F109/><W130/><G130/><T56/><D112/><U31/><E131/><V45/><F92/><W129/><G129/><T87/><D37/><U110/><E110/><V50/><F13/><W114/><G114/><T51/><D68/><U30/><E135/><V8/><F46/><W11/><G53/><T132/><D132/><U65/><E31/><V2/><F2/><W28/><G28/><T106/><D106/><U55/><E82/><V63/><F63/><W20/><G20/><T105/><D105/><U108/><E55/><V74/><F74/><W52/><G52/><T107/><D107/><U90/><E108/><V75/><F75/><W17/><G17/><T15/><D15/><U81/><E81/><V33/><F33/><W1/><G1/><T76/><D76/><U72/><E72/><V64/><REACH who="2" step="1"/><F64/><REACH who="2" ten="498,204,84,204" step="2"/><W111/><G111/><T80/><D80/><U103/><E104/><V23/><F23/><W71/><G71/><T99/><D99/><U125/><E125/><V115/><F115/><W7/><G7/><T26/><D26/><U94/><E94/><V48/><F48/><W43/><G0/><T127/><D49/><U126/><E126/><V9/><F9/><W42/><G4/><T73/><D127/><RYUUKYOKU ba="0,1" sc="498,-15,204,15,84,15,204,-15" hai1="25,30,54,57,60,62,65,69,88,89,90,100,103" hai2="8,14,16,21,24,29,40,45,50,83,84,133,134" /><INIT seed="4,1,1,1,3,39" ten="483,219,99,189" oya="0" hai0="21,85,33,134,63,125,124,7,131,130,17,68,9" hai1="77,92,79,102,65,73,67,36,106,72,100,83,22" hai2="34,44,98,107,76,120,47,29,52,57,8,15,95" hai3="101,116,108,16,128,91,126,42,3,12,90,49,86"/><T103/><D33/><U43/><E106/><V61/><F120/><W10/><G116/><T14/><D103/><U54/><E54/><V110/><F110/><W24/><G108/><T19/><D68/><U114/><E114/><V30/><F107/><W87/><G128/><N who="0" m="49195" /><D63/><U115/><E115/><V40/><F47/><N who="3" m="25847" /><G126/><N who="0" m="48747" /><D85/><N who="3" m="32265" /><G101/><T6/><D134/><U26/><E73/><V111/><F76/><W117/><G3/><T82/><D82/><U132/><E79/><V122/><F34/><W53/><G117/><T121/><D121/><U133/><E67/><V4/><F111/><W38/><G38/><T31/><D31/><U123/><E65/><V135/><F135/><N who="1" m="51785" /><E92/><V46/><F46/><W75/><G75/><T89/><D89/><N who="3" m="33801" /><G24/><AGARI ba="1,1" hai="6,7,9,14,17,19,21,24" m="48747,49195" machi="24" ten="30,11600,0" yaku="19,1,18,1,34,2" doraHai="39" who="0" fromWho="3" sc="483,129,219,0,99,0,189,-119" /><INIT seed="4,2,0,0,1,111" ten="612,219,99,70" oya="0" hai0="39,86,21,95,7,68,8,12,38,55,5,29,93" hai1="87,129,73,92,30,81,9,1,79,123,53,35,108" hai2="18,47,17,126,58,110,121,15,131,77,113,23,82" hai3="103,102,37,71,52,119,133,3,134,45,106,78,90"/><T51/><D68/><U60/><E123/><V57/><F110/><W85/><G3/><T61/><D39/><U97/><E108/><V98/><F121/><W70/><G119/><T66/><D38/><U27/><E129/><V56/><F126/><W124/><G124/><T0/><D66/><U63/><E1/><V116/><F131/><W24/><G24/><T11/><D61/><U62/><E9/><V42/><F116/><W132/><G78/><T19/><D29/><U64/><E53/><V14/><F98/><W128/><G128/><T41/><D41/><U83/><E83/><V59/><F113/><W10/><G10/><T75/><D75/><U105/><E105/><V120/><F120/><W13/><G13/><T96/><D86/><U104/><E104/><V115/><F115/><W122/><G122/><T32/><D32/><U125/><E125/><V28/><F28/><W135/><G133/><T20/><D93/><U100/><REACH who="1" step="1"/><E73/><REACH who="1" ten="612,209,99,70" step="2"/><V127/><F127/><W118/><G118/><T67/><D67/><AGARI ba="2,1" hai="27,30,35,60,62,63,64,67,79,81,87,92,97,100" machi="67" ten="40,2600,0" yaku="1,1,2,1,53,0" doraHai="111" doraHaiUra="117" who="1" fromWho="0" sc="612,-32,209,42,99,0,70,0" /><INIT seed="5,0,0,2,2,40" ten="580,251,99,70" oya="1" hai0="56,71,68,31,134,120,89,133,10,103,19,91,50" hai1="57,17,75,25,102,95,66,15,121,107,74,20,55" hai2="4,115,44,30,105,123,94,11,106,38,34,117,99" hai3="80,111,24,54,101,2,128,127,37,77,88,90,72"/><U118/><E107/><V69/><F123/><W85/><G111/><T26/><D103/><U100/><E121/><V43/><F117/><W67/><G2/><T28/><D120/><U60/><E118/><V16/><F69/><N who="0" m="26698" /><D56/><U126/><E126/><V9/><F115/><W122/><G127/><T29/><D50/><U53/><E75/><V21/><F11/><W63/><G37/><T129/><D129/><U8/><E74/><V46/><F43/><W131/><G122/><T83/><D83/><U84/><E102/><V135/><F38/><W104/><G24/><T59/><D59/><U3/><E3/><N who="2" m="159" /><F135/><N who="0" m="51722" /><D10/><U125/><E125/><V76/><F76/><W45/><G45/><N who="2" m="17513" /><F94/><N who="3" m="54543" /><G54/><T79/><D79/><U110/><E110/><V42/><F42/><W18/><G90/><N who="0" m="34315" /><D19/><U81/><E81/><V7/><F7/><W130/><G18/><T27/><AGARI ba="0,0" hai="26,27,28,29,31" m="34315,51722,26698" machi="27" ten="40,5200,0" yaku="28,2,20,1" doraHai="40" who="0" fromWho="0" sc="580,52,251,-26,99,-13,70,-13" /><INIT seed="6,0,0,4,5,85" ten="632,225,86,57" oya="2" hai0="30,75,53,14,11,20,134,114,119,16,50,126,37" hai1="72,100,93,49,67,96,58,113,91,109,32,135,70" hai2="45,81,115,59,86,124,43,102,123,110,55,15,92" hai3="36,1,21,27,61,38,39,90,131,73,112,122,26"/><V89/><F123/><W104/><G104/><T74/><D37/><U97/><E109/><V78/><F124/><W54/><G122/><T51/><D114/><U10/><E32/><V5/><F115/><W24/><G112/><T0/><D119/><U19/><E113/><V106/><F110/><W23/><G1/><T128/><D126/><U132/><E72/><V2/><F2/><W111/><G73/><T25/><D134/><U87/><E70/><V65/><F65/><W99/><G111/><T3/><D128/><U117/><E117/><V4/><F106/><W127/><G127/><T46/><D3/><U80/><E97/><V84/><F102/><W94/><G131/><T7/><REACH who="0" step="1"/><D51/><REACH who="0" ten="622,225,86,57" step="2"/><U42/><E135/><V82/><F81/><W34/><REACH who="3" step="1"/><G34/><AGARI ba="0,1" hai="0,7,11,14,16,20,25,30,34,46,50,53,74,75" machi="34" ten="30,12000,2" yaku="1,1,2,1,7,1,24,2,54,1,53,0" doraHai="85" doraHaiUra="76" who="0" fromWho="3" sc="622,130,225,0,86,0,57,-120" owari="752,84.0,225,3.0,86,-31.0,-63,-56.0" /></mjloggm>