<mjloggm ver="2.3"><GO type="169" lobby="0"/><UN n0="%E7%99%BD%E9%BB%92%E7%A5%9E" n1="%23%37%34%E5%A4%A7%E6%B2%BB%E9%83%8E" n2="%E3%82%A6%E3%83%AB%E3%83%88%E3%83%A9%E7%AB%8B%E7%9B%B4" n3="%E3%82%A4%E3%83%8B%E3%82%A8%E3%82%B9%E3%82%BF" dan="16,17,17,18" rate="2169.94,2156.15,2187.59,2155.63" sx="F,M,M,M"/><TAIKYOKU oya="0"/><INIT seed="0,0,0,3,0,105" ten="250,250,250,250" oya="0" hai0="67,46,30,65,114,92,54,116,29,124,53,23,88" hai1="3,6,112,107,34,66,85,90,64,71,81,75,80" hai2="22,57,69,59,13,15,60,127,115,68,55,48,20" hai3="113,79,25,43,36,41,102,125,135,109,5,108,7"/><T33/><D114/><U126/><E107/><V37/><F37/><W40/><G36/><T56/><D116/><U117/><E117/><V96/><F115/><W119/><G119/><T99/><D33/><U74/><E112/><V52/><F127/><W39/><G39/><T45/><D124/><U38/><E38/><V73/><F73/><W133/><G113/><T24/><D30/><U100/><E34/><V49/><F96/><W93/><G125/><T31/><D31/><U42/><E42/><V130/><REACH who="2" step="1"/><F60/><REACH who="2" ten="250,250,240,250" step="2"/><W62/><G62/><N who="0" m="38087" /><D67/><U27/><E126/><V72/><F72/><W91/><G108/><T63/><D63/><U82/><E66/><V11/><F11/><W98/><G109/><T129/><D129/><AGARI ba="0,1" hai="13,15,20,22,48,49,52,55,57,59,68,69,129,130" machi="129" ten="25,12000,2" yaku="1,1,22,2,54,1,53,2" doraHai="105" doraHaiUra="9" who="2" fromWho="0" sc="250,-120,250,0,240,130,250,0" /><INIT seed="1,0,0,1,3,109" ten="130,250,370,250" oya="1" hai0="32,65,34,94,134,121,115,33,21,29,119,36,19" hai1="16,24,18,128,39,123,131,129,75,9,117,13,12" hai2="93,60,127,120,71,80,133,122,116,57,6,104,1" hai3="125,130,38,90,79,85,87,113,77,76,51,49,126"/><U86/><E39/><V111/><F104/><W63/><G38/><T97/><D36/><U74/><E117/><V118/><F71/><W103/><G63/><T72/><D119/><U100/><E123/><V26/><F1/><W62/><G62/><T83/><D121/><U66/><E66/><V7/><F111/><W40/><G103/><T53/><D134/><U31/><E86/><V84/><F133/><W45/><G130/><T68/><D68/><U70/><E100/><V64/><F60/><W4/><G4/><T67/><D29/><U0/><E70/><V102/><F93/><W42/><G113/><T92/><D53/><U112/><E0/><V8/><F80/><W5/><G5/><T44/><D44/><U101/><E101/><V55/><F55/><W91/><G79/><T11/><D11/><N who="1" m="6463" /><E112/><V56/><F102/><W23/><G23/><AGARI ba="0,0" hai="9,12,16,23,24,31,74,75,128,129,131" m="6463" machi="23" ten="30,2900,0" yaku="19,1,54,1" doraHai="109" who="1" fromWho="3" sc="130,0,250,29,370,0,250,-29" /><INIT seed="1,1,0,1,2,56" ten="130,279,370,221" oya="1" hai0="21,27,20,103,117,135,81,112,105,90,102,130,104" hai1="129,101,6,11,97,99,127,126,75,111,10,32,86" hai2="79,119,106,9,69,60,18,34,91,118,76,74,113" hai3="122,13,46,25,88,35,58,44,59,51,134,132,124"/><U1/><E75/><V133/><F34/><W3/><G3/><T87/><D117/><U73/><E73/><V68/><F106/><W72/><G72/><T62/><D112/><U33/><E86/><V28/><F28/><W5/><G122/><T65/><D130/><U120/><E120/><V30/><F30/><W95/><G35/><T37/><D37/><U131/><E111/><V16/><F74/><W39/><G25/><T29/><D135/><N who="3" m="51753" /><G124/><N who="1" m="47658" /><E11/><V8/><F133/><W80/><G80/><T55/><D55/><U15/><E15/><V42/><F42/><N who="3" m="22623" /><G13/><T7/><D7/><U19/><E19/><V128/><F128/><N who="1" m="49225" /><E99/><V66/><F113/><W12/><G12/><T31/><D104/><AGARI ba="1,0" hai="1,6,10,32,33,97,101,104" m="49225,47658" machi="104" ten="30,5800,0" yaku="18,1,19,1,23,1" doraHai="56" who="1" fromWho="0" sc="130,-61,279,61,370,0,221,0" /><INIT seed="1,2,0,0,4,13" ten="69,340,370,221" oya="1" hai0="96,55,59,30,71,103,114,87,64,85,52,134,112" hai1="100,104,70,37,58,23,16,34,135,38,17,102,91" hai2="21,62,19,31,74,110,49,25,27,90,5,78,109" hai3="14,51,45,67,76,131,82,98,12,54,6,43,113"/><U118/><E34/><V61/><F78/><W84/><G113/><T65/><D30/><U47/><E70/><V119/><F74/><W116/><G131/><T11/><D71/><U18/><E118/><V4/><F119/><W41/><G116/><T2/><D2/><U83/><E135/><V63/><F90/><W53/><G67/><T130/><D134/><U36/><E47/><V121/><F49/><W106/><G43/><T69/><D130/><U132/><E132/><V105/><F105/><W73/><G73/><T32/><D32/><U101/><E58/><V99/><F99/><W44/><G44/><T81/><D11/><U28/><E104/><V40/><F40/><W126/><G126/><T39/><D39/><U72/><E72/><V124/><F124/><W89/><G14/><T117/><D117/><U68/><E68/><V22/><REACH who="2" step="1"/><F121/><REACH who="2" ten="69,340,360,221" step="2"/><W120/><G120/><T127/><D127/><U128/><E128/><V3/><F3/><W50/><G50/><T60/><D112/><U97/><E97/><V107/><F107/><W20/><G106/><T94/><D114/><U7/><E91/><V26/><F26/><W42/><G42/><T129/><D129/><U79/><E79/><V88/><F88/><W75/><G98/><T24/><D24/><N who="1" m="16415" /><E83/><V57/><F57/><W56/><G56/><T123/><D123/><U95/><E95/><V77/><F77/><W133/><G133/><T0/><D0/><U122/><E122/><V35/><F35/><W9/><G75/><T33/><D81/><U80/><E80/><V108/><AGARI ba="2,1" hai="4,5,19,21,22,25,27,31,61,62,63,108,109,110" machi="108" ten="40,8000,1" yaku="1,1,0,1,14,1,52,1,53,0" doraHai="13" doraHaiUra="92" who="2" fromWho="2" sc="69,-22,340,-42,360,96,221,-22" /><INIT seed="2,0,0,0,3,102" ten="47,298,456,199" oya="2" hai0="38,81,59,54,62,46,41,87,66,127,88,108,32" hai1="57,97,86,10,71,53,34,9,94,72,24,39,26" hai2="56,74,27,73,11,8,20,83,36,112,77,117,17" hai3="90,135,105,69,60,132,115,79,13,134,120,124,118"/><V130/><F117/><W63/><G118/><T49/><D32/><U58/><E72/><V30/><F112/><W98/><G120/><T111/><REACH who="0" step="1"/><D127/><REACH who="0" ten="37,298,456,199" step="2"/><U16/><E34/><V1/><F130/><W101/><G124/><T18/><D18/><U52/><E71/><AGARI ba="0,1" hai="38,41,46,49,54,59,62,66,71,81,87,88,108,111" machi="71" ten="40,8000,1" yaku="1,1,24,2,54,1,53,0" doraHai="102" doraHaiUra="99" who="0" fromWho="1" sc="37,90,298,-80,456,0,199,0" /><INIT seed="3,0,0,1,5,40" ten="127,218,456,199" oya="3" hai0="16,19,119,130,33,1,61,52,6,67,79,43,105" hai1="35,62,94,86,85,106,95,37,10,54,90,104,91" hai2="57,84,93,28,13,5,64,117,100,78,55,133,83" hai3="102,39,27,45,89,128,87,48,66,0,98,58,49"/><W111/><G0/><T18/><D105/><U134/><E35/><V50/><F133/><W101/><G39/><T77/><D33/><U76/><E37/><V51/><F28/><W25/><G128/><T30/><D119/><U124/><E10/><N who="2" m="4303" /><F64/><W15/><G111/><T75/><D30/><U88/><E62/><N who="2" m="36159" /><F117/><W46/><G15/><T116/><D43/><U8/><E8/><V7/><F7/><W126/><G126/><T109/><D109/><U112/><E54/><V63/><F63/><N who="3" m="38263" /><G49/><T21/><D130/><U3/><E3/><V125/><F125/><W123/><G48/><T26/><D116/><U32/><E32/><V14/><F14/><W42/><G42/><T121/><D121/><U72/><E124/><V99/><AGARI ba="0,0" hai="50,51,78,83,84,93,99,100" m="36159,4303" machi="99" ten="30,1100,0" yaku="8,1" doraHai="40" who="2" fromWho="2" sc="127,-3,218,-3,456,11,199,-5" /><INIT seed="4,0,0,4,5,63" ten="124,215,467,194" oya="0" hai0="82,114,28,33,107,43,49,38,31,47,53,40,21" hai1="32,115,39,57,46,131,65,77,78,124,41,36,7" hai2="4,89,16,110,122,95,83,10,105,112,3,75,12" hai3="59,35,101,30,48,102,9,76,0,99,94,104,125"/><T128/><D107/><U118/><E32/><V109/><F105/><W69/><G69/><T24/><D114/><U14/><E118/><V117/><F122/><W97/><G125/><T71/><D71/><U64/><E124/><V55/><F112/><W34/><G30/><T100/><D128/><U45/><E115/><V54/><F54/><W67/><G76/><T17/><D100/><U19/><E7/><V8/><F117/><W68/><G68/><T2/><D2/><U92/><E92/><V81/><F81/><W50/><G0/><T113/><D113/><U37/><E131/><V27/><F27/><W87/><G9/><T119/><D119/><U93/><E93/><V26/><F26/><W111/><G87/><T23/><D38/><U132/><E132/><V20/><F10/><W15/><G15/><T84/><D33/><U130/><E130/><V85/><F55/><W106/><G94/><T116/><D116/><U44/><E41/><N who="0" m="15945" /><D23/><U11/><REACH who="1" step="1"/><E57/><REACH who="1" ten="124,205,467,194" step="2"/><V42/><F42/><W1/><G59/><T61/><D61/><U127/><E127/><V66/><F95/><W133/><G133/><T135/><D135/><U56/><E56/><V98/><F3/><W58/><G58/><T6/><D6/><U88/><E88/><AGARI ba="0,1" hai="17,21,24,28,31,47,49,53,82,84,88" m="15945" machi="88" ten="30,2900,0" yaku="8,1,54,1" doraHai="63" who="0" fromWho="1" sc="124,39,205,-29,467,0,194,0" /><INIT seed="4,1,0,0,0,16" ten="163,176,467,194" oya="0" hai0="42,59,75,77,119,124,54,125,36,80,84,0,100" hai1="122,90,64,95,115,24,114,25,68,134,8,52,92" hai2="44,57,97,46,41,58,56,61,103,40,30,74,4" hai3="63,94,17,14,132,135,81,104,10,108,127,120,32"/><T82/><D0/><U126/><E122/><V34/><F74/><W31/><G104/><T72/><D119/><U70/><E134/><N who="3" m="51242" /><G81/><T9/><D100/><U130/><E8/><V93/><F34/><W96/><G108/><T48/><D9/><U71/><E64/><V113/><F30/><W117/><G117/><T15/><D15/><U99/><E126/><N who="0" m="48745" /><D82/><U87/><E130/><V50/><F113/><N who="1" m="43017" /><E52/><V133/><F133/><W33/><G127/><T18/><D18/><U118/><E118/><V39/><F4/><W116/><G116/><T35/><D35/><U12/><E12/><V78/><F78/><W23/><G63/><T62/><D36/><U121/><E121/><V67/><AGARI ba="1,0" hai="39,40,41,44,46,50,56,57,58,61,67,93,97,103" machi="67" ten="20,1500,0" yaku="0,1,7,1" doraHai="16" who="2" fromWho="2" sc="163,-8,176,-5,467,18,194,-5" /><INIT seed="5,0,0,4,3,128" ten="155,171,485,189" oya="1" hai0="66,58,45,89,122,5,34,57,47,49,124,112,133" hai1="90,135,10,15,16,67,31,62,91,37,74,86,76" hai2="36,41,125,42,73,35,21,54,119,70,44,2,32" hai3="109,82,94,4,61,78,0,121,110,24,52,25,72"/><U98/><E37/><V129/><F54/><W59/><G121/><T101/><D122/><U114/><E74/><V102/><F21/><W83/><G83/><T111/><D34/><U87/><E114/><V77/><F42/><W19/><G4/><T118/><D118/><U134/><E31/><V117/><F125/><W55/><G0/><T53/><D111/><U17/><E76/><V85/><F85/><N who="1" m="32265" /><E17/><V60/><F102/><W27/><G94/><T93/><D124/><U13/><E13/><V12/><F12/><W8/><G55/><T107/><D112/><U18/><E18/><V84/><F84/><W105/><G105/><T108/><D108/><U26/><E26/><V69/><F2/><W123/><G123/><T14/><D107/><U50/><E50/><V65/><F70/><W33/><G33/><N who="2" m="12873" /><F129/><W28/><G28/><T88/><D101/><U92/><E98/><V29/><F29/><W120/><G120/><T30/><D30/><U81/><E81/><AGARI ba="0,0" hai="36,41,44,60,65,69,73,77,81,117,119" m="12873" machi="81" ten="30,1000,0" yaku="23,1" doraHai="128" who="2" fromWho="1" sc="155,0,171,-10,485,10,189,0" /><INIT seed="6,0,0,2,2,6" ten="155,161,495,189" oya="2" hai0="113,86,84,45,41,54,126,112,94,107,15,52,69" hai1="67,49,59,123,83,27,29,80,39,88,131,5,68" hai2="18,40,119,100,95,23,11,64,105,60,78,130,44" hai3="50,91,103,61,108,73,101,132,31,4,2,7,99"/><V42/><F105/><W26/><G108/><T93/><D107/><U34/><E39/><V8/><F78/><W32/><G73/><T135/><D69/><U47/><E68/><V127/><F130/><W46/><G132/><T14/><D135/><U56/><E131/><V1/><F1/><W63/><G91/><T55/><D126/><U66/><E123/><V128/><F128/><W125/><G125/><T17/><D17/><U110/><E110/><V35/><F35/><W21/><G32/><T79/><D79/><U133/><E133/><V115/><F115/><N who="0" m="44106" /><D45/><U48/><E5/><N who="3" m="2122" /><G2/><T20/><D41/><U120/><E120/><V98/><F119/><W10/><G10/><N who="2" m="3625" /><F44/><W89/><G61/><T116/><D20/><U104/><E104/><V71/><F71/><W75/><G63/><T38/><D38/><U19/><E34/><V102/><F102/><W97/><G75/><T58/><D58/><U87/><E80/><V124/><F124/><W121/><G121/><T3/><D3/><U36/><E36/><V12/><F127/><W65/><G65/><N who="1" m="24586" /><E47/><V85/><F85/><N who="0" m="32874" /><D116/><U74/><E74/><V9/><F64/><W30/><G89/><T96/><D96/><N who="3" m="36937" /><G30/><T114/><D114/><U111/><E111/><V57/><F57/><N who="1" m="22089" /><E29/><V51/><F60/><W81/><G81/><T25/><D25/><U0/><E0/><V109/><F109/><W22/><G22/><AGARI ba="0,0" hai="19,22,27,48,49,83,87,88" m="22089,24586" machi="22" ten="30,2000,0" yaku="8,1,54,1" doraHai="6" who="1" fromWho="3" sc="155,0,161,20,495,0,189,-20" /><INIT seed="7,0,0,0,0,96" ten="155,181,495,169" oya="3" hai0="35,27,135,107,81,47,80,94,29,116,54,84,10" hai1="123,44,70,50,128,32,7,99,17,122,15,125,11" hai2="79,22,120,126,97,85,43,38,28,71,121,106,24" hai3="41,73,20,72,23,6,103,87,60,90,134,55,88"/><W18/><G134/><T102/><D116/><U37/><E70/><V108/><F71/><W40/><G72/><T109/><D109/><U59/><E32/><V74/><F108/><W61/><G73/><T77/><D135/><U100/><E37/><V25/><F43/><N who="3" m="16459" /><G6/><T118/><D118/><U58/><E125/><V119/><F106/><W95/><G103/><T111/><D111/><U5/><E128/><V110/><F126/><W30/><G55/><T66/><D66/><U101/><E122/><V45/><F110/><W92/><G30/><T0/><D107/><U82/><E123/><V93/><F28/><W104/><G104/><T13/><D81/><U129/><E82/><V78/><F74/><W42/><N who="3" m="16467" /><W19/><DORA hai="68" /><G23/><N who="0" m="15615" /><D0/><U52/><E129/><V127/><F22/><W114/><G114/><T65/><D65/><U83/><E83/><V48/><F127/><W131/><G131/><T113/><D35/><U89/><E7/><V12/><F119/><W69/><G69/><T76/><D113/><U105/><E101/><V26/><F121/><W46/><G46/><T91/><D54/><U98/><E5/><V112/><F45/><W49/><G49/><T86/><D47/><U39/><E39/><V62/><F48/><W8/><G8/><T21/><D21/><U51/><E51/><V57/><F120/><W56/><G20/><T67/><D67/><U130/><E130/><V3/><F112/><W53/><G61/><T16/><D102/><U75/><E75/><V9/><F62/><W36/><G36/><T63/><D63/><U34/><E34/><RYUUKYOKU ba="0,0" sc="155,10,181,10,495,-30,169,10" hai0="10,13,16,76,77,80,84,86,91,94" hai1="11,15,17,44,50,52,58,59,89,98,99,100,105" hai3="18,19,53,56,60,87,88,90,92,95" /><INIT seed="7,1,0,2,3,15" ten="165,191,465,179" oya="3" hai0="17,101,106,42,43,55,50,70,125,12,80,118,76" hai1="63,124,39,47,100,82,31,102,34,88,86,127,9" hai2="59,85,67,24,52,114,126,130,37,105,113,0,44" hai3="41,3,95,57,74,78,51,107,13,69,129,99,128"/><W134/><G3/><T40/><D70/><U92/><E9/><V53/><F105/><W20/><G69/><T91/><D118/><U73/><E63/><V75/><F75/><W79/><G107/><T60/><D125/><N who="1" m="48203" /><E34/><V7/><F130/><N who="3" m="50283" /><G134/><T112/><D112/><U62/><E31/><V5/><F126/><W10/><G20/><N who="0" m="11303" /><D106/><U65/><E39/><V26/><F114/><W18/><G74/><T116/><D116/><U46/><E73/><V21/><F113/><W29/><G29/><T90/><D101/><N who="1" m="39019" /><E82/><V22/><F21/><W111/><G111/><T81/><D60/><U25/><E25/><V110/><F22/><W108/><G108/><T98/><D98/><U120/><E120/><V27/><F110/><W131/><N who="3" m="50291" /><W68/><DORA hai="11" /><G68/><AGARI ba="1,0" hai="46,47,62,65,68,86,88,92" m="39019,48203" machi="68" ten="30,2000,0" yaku="18,1,54,1" doraHai="15,11" who="1" fromWho="3" sc="165,0,191,23,465,0,179,-23" owari="165,-23.0,214,1.0,465,56.0,156,-34.0" /></mjloggm>