<mjloggm ver="2.3"><GO type="225" lobby="0"/><UN n0="%E5%B0%B1%E6%B4%BB%E7%94%9F%40%E5%B7%9D%E6%9D%91%E8%BB%8D%E5%9B%A3" n1="%E3%82%AB%E3%83%A9%E3%82%B9%E3%81%AE%E5%AD%90" n2="%E3%82%AB%E3%83%A1%E3%83%AA%E3%82%A2%E3%83%BB%E3%82%B8%E3%83%A7%E3%82%A4" n3="%E3%81%8D%E3%81%BF%E3%81%9F%E3%81%BE%E3%81%94" dan="17,16,16,16" rate="2095.71,2081.83,2022.98,2141.65" sx="M,M,M,M"/><TAIKYOKU oya="0"/><INIT seed="0,0,0,0,2,32" ten="250,250,250,250" oya="0" hai0="42,23,0,67,48,127,99,91,132,60,18,85,49" hai1="113,56,50,62,110,52,3,59,72,1,22,105,88" hai2="5,82,90,84,24,12,97,57,75,130,37,54,77" hai3="30,74,71,4,44,114,53,17,40,112,76,6,115"/><T61/><D127/><U134/><E105/><V31/><F37/><W27/><G53/><T100/><D132/><U43/><E134/><V9/><F130/><W98/><G17/><T125/><D0/><U66/><E72/><V122/><F122/><W69/><G6/><T118/><D118/><U11/><E110/><V38/><F38/><N who="3" m="21527" /><G98/><T68/><D60/><U21/><E113/><V35/><F97/><W79/><G79/><T25/><D42/><U108/><E108/><V47/><F47/><W70/><G4/><T121/><D121/><U10/><E43/><V109/><F109/><W80/><G71/><T20/><D20/><U36/><E36/><V104/><F104/><W14/><G14/><T46/><D46/><U51/><E51/><V8/><F8/><W103/><G103/><T120/><D125/><U111/><E111/><V63/><REACH who="2" step="1"/><F90/><REACH who="2" ten="250,250,240,250" step="2"/><W135/><G135/><T45/><D45/><U15/><E11/><V128/><F128/><W19/><G112/><T7/><D120/><U93/><E22/><V95/><F95/><W89/><G89/><T33/><D33/><U92/><E21/><V28/><F28/><W116/><G30/><T13/><D7/><N who="1" m="3551" /><E93/><V101/><F101/><W83/><G114/><T119/><D119/><U2/><E92/><V129/><F129/><W126/><G116/><T133/><D133/><U29/><E88/><V106/><F106/><W117/><G117/><T81/><D25/><U94/><E94/><AGARI ba="0,1" hai="13,18,23,48,49,61,67,68,81,85,91,94,99,100" machi="94" ten="30,1500,0" yaku="7,1" doraHai="32" who="0" fromWho="1" sc="250,25,250,-15,240,0,250,0" /><INIT seed="0,1,0,2,2,47" ten="275,235,240,250" oya="0" hai0="27,134,30,113,99,77,85,127,59,33,135,117,60" hai1="106,68,97,88,67,15,9,80,17,7,13,84,86" hai2="83,49,76,120,41,32,133,72,19,122,121,25,118" hai3="124,91,10,55,24,34,38,3,90,128,102,110,78"/><T69/><D117/><U18/><E68/><V93/><F118/><W29/><G38/><T123/><D123/><U65/><E7/><V101/><F133/><N who="0" m="50698" /><D113/><U36/><E36/><V66/><F66/><W79/><G110/><T56/><D127/><U37/><E37/><V132/><F132/><W92/><G128/><T82/><D99/><U108/><E108/><V26/><F32/><W8/><G124/><T130/><D130/><U111/><E111/><V125/><F125/><W57/><G102/><T109/><D109/><U39/><E39/><V42/><F19/><W2/><G2/><T129/><D129/><U1/><E1/><V104/><F104/><W35/><G35/><T126/><D126/><U6/><E6/><V103/><F41/><W40/><G40/><T107/><D107/><U12/><E12/><V53/><F42/><W50/><G91/><T119/><D119/><U4/><E4/><V96/><REACH who="2" step="1"/><F103/><REACH who="2" ten="275,235,230,250" step="2"/><W100/><G100/><T16/><D16/><U61/><E106/><V54/><F54/><W81/><G3/><T11/><D11/><U14/><E9/><V112/><F112/><W52/><G55/><T75/><D75/><U64/><E18/><V20/><F20/><W114/><G114/><T71/><D71/><U70/><E17/><V51/><F51/><W105/><G105/><T45/><D69/><U63/><E70/><V73/><F73/><W44/><G10/><T74/><D74/><U21/><E21/><V58/><AGARI ba="1,1" hai="25,26,49,53,58,72,76,83,93,96,101,120,121,122" machi="58" ten="30,4000,0" yaku="1,1,0,1,52,1,53,0" doraHai="47" doraHaiUra="5" who="2" fromWho="2" sc="275,-21,235,-11,230,53,250,-11" /><INIT seed="1,0,0,0,4,58" ten="254,224,283,239" oya="1" hai0="73,77,66,84,93,112,132,28,86,114,22,116,24" hai1="98,29,47,70,113,17,83,101,8,10,100,115,16" hai2="85,110,121,94,27,72,23,40,0,44,21,6,4" hai3="80,96,78,11,2,130,122,57,1,82,129,32,131"/><U55/><E70/><V125/><F121/><W127/><G32/><T126/><D116/><U49/><E29/><V119/><F119/><W12/><G127/><T91/><D126/><U102/><E98/><V19/><F125/><W120/><G96/><T60/><D132/><U33/><E33/><V34/><F72/><N who="3" m="43079" /><G82/><T123/><D73/><U107/><E107/><V45/><F110/><W36/><G36/><T74/><D74/><U3/><E83/><V106/><F106/><W65/><G2/><T104/><D104/><U135/><E135/><V109/><F34/><W67/><G1/><T117/><D117/><U134/><E134/><V15/><F0/><W61/><G65/><T63/><D63/><U76/><E76/><V31/><F109/><W38/><G38/><T124/><D124/><U52/><E55/><V20/><F20/><W59/><G57/><T108/><D108/><U103/><N who="1" m="26112" /><DORA hai="5" /><U68/><E68/><V99/><F85/><W69/><G59/><T79/><D123/><U7/><REACH who="1" step="1"/><E10/><REACH who="1" ten="254,214,283,239" step="2"/><V87/><F99/><W37/><G120/><T53/><D53/><U46/><E46/><V88/><F45/><W9/><G122/><T39/><D79/><U13/><E13/><V75/><F75/><W111/><G111/><T14/><D77/><U51/><E51/><AGARI ba="0,1" hai="4,6,15,19,21,23,27,31,40,44,51,87,88,94" machi="51" ten="30,3900,0" yaku="7,1,8,1,54,1" doraHai="58,5" who="2" fromWho="1" sc="254,0,214,-39,283,49,239,0" /><INIT seed="2,0,0,2,5,23" ten="254,175,332,239" oya="2" hai0="47,105,37,121,15,130,122,12,111,117,101,65,99" hai1="10,87,25,134,129,34,112,22,13,78,1,133,5" hai2="35,79,115,71,96,77,17,72,56,107,91,106,53" hai3="49,131,66,82,100,104,113,51,32,120,6,45,85"/><V43/><F71/><W119/><G32/><T135/><D65/><U86/><E78/><V123/><F123/><W89/><G119/><T103/><D103/><U109/><E112/><V118/><F115/><W75/><G120/><T3/><D3/><U61/><E61/><V102/><F107/><W4/><G131/><T39/><D117/><U81/><E81/><V48/><F72/><W110/><G66/><T74/><D74/><U90/><E90/><V114/><F114/><W55/><G110/><T97/><D111/><U84/><E109/><V8/><F35/><W0/><G0/><T93/><D130/><U40/><E40/><V33/><F33/><W126/><G126/><T64/><D64/><U26/><E129/><V41/><F43/><W36/><G36/><T88/><D135/><N who="1" m="51723" /><E34/><V60/><F91/><W14/><G75/><T127/><D127/><U67/><E67/><V2/><F2/><W62/><G104/><T24/><D122/><U29/><E29/><V21/><F118/><W46/><G100/><T95/><D121/><U124/><E124/><V20/><F106/><W73/><G73/><T30/><D105/><U50/><E50/><V9/><F48/><W70/><G113/><T68/><D68/><U132/><N who="1" m="51731" /><U76/><DORA hai="31" /><E76/><V42/><F60/><W98/><G62/><T125/><D125/><U18/><AGARI ba="0,0" hai="1,5,10,13,18,22,25,26,84,86,87" m="51731" machi="18" ten="50,6400,0" yaku="20,1,52,2" doraHai="23,31" who="1" fromWho="1" sc="254,-16,175,64,332,-32,239,-16" /><INIT seed="3,0,0,1,0,8" ten="238,239,300,223" oya="3" hai0="28,44,96,10,61,89,46,110,54,3,31,105,100" hai1="70,29,80,6,57,91,93,30,95,132,52,119,76" hai2="106,19,79,107,90,14,125,62,67,17,99,27,40" hai3="115,114,41,56,24,33,15,94,75,68,23,109,5"/><W36/><G68/><T111/><D89/><U64/><E132/><V123/><F79/><W113/><G75/><T51/><D44/><U103/><E119/><V26/><F40/><W65/><G33/><T18/><D61/><U88/><E70/><V47/><F125/><W48/><G36/><T126/><D126/><U85/><E64/><V71/><F47/><W7/><G109/><N who="0" m="41483" /><D3/><U38/><E38/><V0/><F0/><W37/><G37/><T4/><D4/><U16/><E6/><V82/><F19/><N who="3" m="10751" /><G41/><T32/><D32/><U74/><E103/><V108/><F123/><W84/><G24/><T2/><D2/><U83/><E83/><V121/><F108/><W116/><G65/><T86/><D86/><U20/><E91/><V77/><F26/><W59/><G116/><T12/><AGARI ba="0,0" hai="10,12,18,28,31,46,51,54,96,100,105" m="41483" machi="12" ten="30,2000,0" yaku="14,1,52,1" doraHai="8" who="0" fromWho="0" sc="238,20,239,-5,300,-5,223,-10" /><INIT seed="4,0,0,4,4,35" ten="258,234,295,213" oya="0" hai0="92,88,30,36,32,5,90,24,60,91,112,83,81" hai1="37,124,10,71,120,121,23,72,117,40,34,96,65" hai2="45,28,6,122,106,74,73,135,126,67,115,69,47" hai3="89,85,39,48,79,94,76,68,66,31,93,105,110"/><T109/><D36/><U78/><E117/><V63/><F122/><W125/><G39/><T133/><D133/><U131/><E34/><V116/><F106/><W104/><G68/><T56/><D112/><U27/><E131/><V130/><F115/><W2/><G2/><T21/><D109/><U4/><E124/><V14/><F126/><W3/><G3/><T15/><D92/><U114/><E114/><V11/><F135/><W25/><G66/><T80/><D32/><U49/><E96/><V102/><F130/><W8/><G125/><T75/><D75/><U9/><E49/><V97/><F28/><W33/><G110/><T113/><D113/><U16/><E10/><V46/><F116/><W0/><G48/><T58/><REACH who="0" step="1"/><D60/><REACH who="0" ten="248,234,295,213" step="2"/><U22/><E120/><V82/><F82/><W134/><G134/><T108/><D108/><U20/><E121/><V64/><F73/><W44/><G94/><T42/><D42/><U132/><E40/><V51/><F74/><W70/><G104/><T7/><D7/><U12/><E37/><V86/><F63/><W77/><G105/><T127/><D127/><U18/><E132/><V103/><F6/><W59/><G93/><T123/><D123/><U29/><E72/><V62/><F62/><W53/><G33/><T84/><D84/><U55/><E4/><V52/><F86/><W111/><G85/><T61/><D61/><U95/><E95/><N who="2" m="58687" /><F103/><W50/><G111/><T107/><D107/><U128/><E128/><V41/><F69/><W129/><G70/><T118/><D118/><U26/><E71/><V57/><F41/><RYUUKYOKU ba="0,1" sc="248,15,234,-15,295,15,213,-15" hai0="5,15,21,24,30,56,58,80,81,83,88,90,91" hai2="11,14,45,46,47,51,52,57,64,67" /><INIT seed="4,1,1,4,2,65" ten="263,219,310,198" oya="0" hai0="35,123,105,40,119,18,50,88,12,59,72,34,106" hai1="13,26,2,33,31,86,45,80,82,102,68,41,69" hai2="100,126,55,129,30,77,21,1,101,73,42,54,97" hai3="64,91,79,131,117,96,71,67,16,28,10,111,75"/><T113/><D119/><U92/><E2/><V58/><F1/><W132/><G111/><T60/><D72/><U36/><E13/><V44/><F126/><W32/><G117/><T134/><D123/><U107/><E107/><V90/><F73/><W47/><G132/><T127/><D134/><U99/><REACH who="1" step="1"/><E82/><REACH who="1" ten="263,209,310,198" step="2"/><V29/><F129/><W57/><G131/><T133/><D106/><U38/><E38/><V98/><F100/><W5/><G75/><T108/><D105/><U14/><E14/><V125/><F101/><W3/><G79/><AGARI ba="1,2" hai="26,31,33,36,41,45,68,69,79,80,86,92,99,102" machi="79" ten="30,8000,1" yaku="1,1,7,1,52,2,53,1" doraHai="65" doraHaiUra="94" who="1" fromWho="3" sc="263,0,209,103,310,0,198,-83" owari="263,-14.0,312,41.0,310,11.0,115,-38.0" /></mjloggm>