<mjloggm ver="2.3"><GO type="169" lobby="0"/><UN n0="%74%65%6E%70%61%6E%65" n1="%E3%82%A6%E3%83%AB%E3%83%88%E3%83%A9%E7%AB%8B%E7%9B%B4" n2="%E3%81%86%E3%81%83%E3%83%BC%E3%81%A1%E3%82%83%E3%82%93" n3="%E7%89%8C%E3%81%AE%E9%9F%B3%E8%89%B2" dan="16,17,16,16" rate="2066.11,2103.56,2076.97,2032.51" sx="M,M,M,M"/><TAIKYOKU oya="0"/><INIT seed="0,0,0,4,2,25" ten="250,250,250,250" oya="0" hai0="31,83,52,95,110,116,104,119,63,68,94,15,41" hai1="60,16,2,27,62,40,47,122,56,54,21,61,22" hai2="107,130,0,20,32,49,99,19,118,1,8,59,48" hai3="24,74,42,12,39,109,58,131,93,82,105,67,9"/><T78/><D104/><U76/><E122/><V26/><F118/><W35/><G105/><T29/><D119/><U127/><E127/><V11/><F130/><W23/><G131/><T18/><D116/><U57/><E2/><V121/><F121/><W106/><G106/><T73/><D41/><U123/><E123/><V128/><F128/><W108/><G93/><T114/><D114/><U50/><E76/><V64/><F32/><W51/><G35/><T13/><D13/><U88/><E88/><V135/><F135/><W75/><G39/><T4/><D4/><U113/><E113/><V111/><F111/><W79/><G75/><T87/><D110/><U91/><E91/><V92/><F107/><W85/><G74/><T17/><D17/><U66/><REACH who="1" step="1"/><E22/><REACH who="1" ten="250,240,250,250" step="2"/><V134/><F134/><W37/><G108/><T80/><D73/><U129/><E129/><V112/><F112/><W125/><G23/><N who="0" m="11743" /><D80/><U30/><E30/><N who="0" m="11273" /><D68/><U100/><E100/><V117/><F117/><W36/><G82/><T10/><D10/><U7/><E7/><V90/><F1/><W70/><G9/><T132/><D132/><U77/><E77/><V89/><F0/><W120/><G79/><T103/><D103/><U6/><E6/><V44/><F11/><W55/><G70/><T5/><D5/><U71/><E71/><V28/><F8/><W115/><G109/><T96/><D96/><U72/><E72/><V14/><F99/><W86/><G120/><T33/><D33/><U3/><E3/><V81/><F28/><W97/><G115/><T45/><D78/><U38/><AGARI ba="0,1" hai="16,21,27,38,40,47,50,54,56,57,60,61,62,66" machi="38" ten="20,12000,2" yaku="1,1,5,1,0,1,7,1,54,1,53,1" doraHai="25" doraHaiUra="69" who="1" fromWho="1" sc="250,-60,240,130,250,-30,250,-30" /><INIT seed="1,0,0,5,4,96" ten="190,370,220,220" oya="1" hai0="17,120,50,133,2,99,46,86,85,53,101,132,1" hai1="11,29,36,77,23,93,37,106,129,88,44,32,95" hai2="79,125,75,102,56,13,70,68,15,5,9,14,35" hai3="10,74,4,116,52,127,38,80,107,105,16,20,91"/><U31/><E106/><V19/><F125/><W135/><G38/><T121/><D85/><U18/><E77/><V25/><F79/><W130/><G127/><T26/><D86/><U69/><E69/><V33/><F75/><W89/><G130/><T47/><D47/><U42/><E129/><V54/><F102/><W123/><G123/><N who="0" m="47179" /><D26/><U65/><E65/><V45/><F45/><W92/><G135/><N who="0" m="51787" /><D17/><U63/><E37/><V94/><F35/><W22/><G74/><T98/><D98/><U114/><E32/><V67/><F33/><W6/><G80/><T72/><D72/><U59/><E93/><AGARI ba="0,0" hai="1,2,46,50,53,93,99,101" m="51787,47179" machi="93" ten="30,3900,0" yaku="13,1,20,1,52,1" doraHai="96" who="0" fromWho="1" sc="190,39,370,-39,220,0,220,0" /><INIT seed="2,0,0,5,5,128" ten="229,331,220,220" oya="2" hai0="9,132,4,36,121,29,120,82,0,52,43,130,101" hai1="96,73,54,116,24,53,103,5,47,49,124,100,106" hai2="110,70,134,75,135,64,50,89,16,127,84,76,93" hai3="22,68,31,58,71,65,113,131,35,55,30,112,40"/><V10/><F127/><W67/><G35/><T41/><D130/><U102/><E116/><V6/><F76/><W20/><G131/><T107/><D29/><N who="3" m="10761" /><G40/><T19/><D19/><U3/><E73/><V90/><F75/><W129/><G58/><T74/><D101/><U44/><E24/><V51/><F110/><W86/><G86/><T126/><D52/><U62/><E124/><V114/><F90/><W13/><G13/><T32/><D41/><U61/><E106/><V60/><F16/><W104/><G55/><T83/><D82/><U63/><E96/><V118/><F114/><N who="3" m="44139" /><G104/><T94/><D107/><U88/><E88/><V99/><F118/><W48/><G48/><T69/><D32/><U39/><E39/><V25/><F25/><W117/><G117/><T18/><D18/><U42/><E3/><V78/><F51/><W97/><G97/><T87/><D36/><U33/><E33/><V8/><F50/><W26/><G26/><T37/><D43/><U11/><E47/><V109/><F109/><W12/><G12/><T21/><D37/><U23/><E53/><V14/><REACH who="2" step="1"/><F10/><REACH who="2" ten="229,331,210,220" step="2"/><W81/><G129/><T111/><D111/><U46/><E46/><V79/><F79/><W38/><G38/><T98/><D126/><U34/><E44/><V92/><F92/><W105/><G105/><T95/><D95/><U119/><E11/><V77/><F77/><W56/><G81/><AGARI ba="0,1" hai="6,8,14,60,64,70,78,81,84,89,93,99,134,135" machi="81" ten="40,7700,0" yaku="1,1,52,2,53,0" doraHai="128" doraHaiUra="133" who="2" fromWho="3" sc="229,0,331,0,210,87,220,-77" /><INIT seed="2,1,0,2,2,45" ten="229,331,297,143" oya="2" hai0="52,43,105,5,60,90,66,77,38,101,51,27,79" hai1="127,86,85,48,9,13,100,84,131,25,67,55,26" hai2="102,122,109,99,15,16,69,21,2,81,62,24,94" hai3="123,82,41,4,73,95,37,134,40,59,135,61,46"/><V68/><F122/><W121/><G4/><T75/><D43/><U57/><E127/><V20/><F2/><W19/><G19/><T112/><D38/><U36/><E36/><V78/><F109/><W96/><G82/><T93/><D101/><U129/><E100/><V14/><F62/><W6/><G6/><T32/><D105/><U133/><E133/><N who="3" m="50698" /><G73/><T108/><D108/><U70/><E70/><V23/><F14/><W29/><G29/><T132/><D5/><N who="1" m="3247" /><E67/><V49/><F49/><N who="3" m="26831" /><G95/><T116/><D75/><U50/><E131/><V39/><F39/><W92/><G92/><T18/><D116/><U56/><E129/><V104/><F104/><W83/><G83/><T10/><D32/><U47/><E57/><V107/><F107/><W1/><G96/><T8/><D79/><U120/><E120/><V63/><F24/><W106/><G106/><T12/><D77/><U3/><E3/><V53/><F68/><W54/><G1/><T35/><D27/><U7/><E7/><V11/><F69/><W74/><G74/><T117/><D35/><U58/><E58/><N who="2" m="35279" /><F81/><W22/><G22/><N who="0" m="11591" /><D117/><U0/><E0/><V98/><F98/><W125/><G125/><T91/><D132/><U88/><E25/><V76/><AGARI ba="1,0" hai="11,15,16,20,21,23,76,78,94,99,102" m="35279" machi="76" ten="30,3000,0" yaku="8,1,54,1" doraHai="45" who="2" fromWho="2" sc="229,-11,331,-11,297,33,143,-11" /><INIT seed="2,2,0,5,0,73" ten="218,320,330,132" oya="2" hai0="33,43,13,15,27,64,135,127,66,40,35,58,28" hai1="76,21,1,31,100,105,53,112,98,9,59,101,116" hai2="83,19,107,111,108,110,23,0,114,3,36,130,46" hai3="96,97,17,10,68,104,39,80,71,62,57,102,52"/><V119/><F107/><W129/><G39/><T86/><D135/><U115/><E116/><V121/><F119/><W44/><G44/><T14/><D127/><U74/><E101/><V84/><F121/><W70/><G129/><T134/><D134/><U47/><E47/><V133/><F130/><W20/><G10/><T34/><D86/><U4/><E31/><V89/><F133/><W60/><G80/><T85/><D85/><U106/><E106/><V90/><F90/><W126/><G97/><T67/><REACH who="0" step="1"/><D58/><REACH who="0" ten="208,320,330,132" step="2"/><U103/><E59/><V82/><F114/><W26/><REACH who="3" step="1"/><G126/><REACH who="3" ten="208,320,330,122" step="2"/><T132/><D132/><U6/><E115/><V117/><F117/><W5/><G5/><T118/><D118/><U113/><E6/><V109/><F83/><W45/><G45/><T123/><D123/><U61/><E4/><V30/><F109/><W95/><G95/><T63/><D63/><AGARI ba="2,2" hai="17,20,26,52,57,60,62,63,68,70,71,96,102,104" machi="63" ten="40,5200,0" yaku="1,1,54,1,53,1" doraHai="73" doraHaiUra="99" who="3" fromWho="0" sc="208,-58,320,0,330,0,122,78" /><INIT seed="3,0,0,0,4,55" ten="150,320,330,200" oya="3" hai0="63,87,99,57,62,111,107,90,117,89,96,13,29" hai1="114,31,119,1,22,113,51,69,64,103,105,35,122" hai2="5,33,53,43,77,16,28,72,34,118,71,65,86" hai3="0,80,66,70,109,134,9,45,112,104,78,123,101"/><W115/><G123/><T84/><D111/><U27/><E122/><V75/><F118/><W40/><G109/><T25/><D117/><U26/><E1/><V121/><F5/><N who="3" m="1191" /><G134/><T15/><D107/><U10/><E51/><V68/><F43/><W131/><G131/><T14/><D25/><U128/><E10/><V93/><F53/><W46/><G46/><T47/><D29/><U4/><E4/><V6/><F93/><W8/><G8/><T30/><D30/><U88/><E88/><N who="0" m="33897" /><D47/><U116/><E128/><V133/><F86/><N who="0" m="32810" /><D63/><N who="1" m="40095" /><E116/><V52/><F133/><W100/><G66/><AGARI ba="0,0" hai="13,14,15,57,62,66,96,99" m="32810,33897" machi="66" ten="30,3900,0" yaku="8,1,52,1,54,1" doraHai="55" who="0" fromWho="3" sc="150,39,320,0,330,0,200,-39" /><INIT seed="4,0,0,0,2,109" ten="189,320,330,161" oya="0" hai0="18,6,26,47,40,22,46,91,77,114,115,81,133" hai1="9,21,79,53,97,60,104,95,130,128,107,67,75" hai2="33,111,19,31,108,102,61,87,27,126,89,127,28" hai3="15,56,112,129,10,73,123,7,45,66,119,70,90"/><T74/><D133/><U134/><E134/><V48/><F31/><W17/><G73/><T5/><D47/><U2/><E53/><V101/><F19/><W120/><G119/><T63/><D63/><U50/><E50/><V35/><F35/><W36/><G70/><T29/><D91/><U69/><E21/><V57/><F48/><W24/><G129/><N who="1" m="49770" /><E79/><V41/><F41/><W49/><G36/><N who="0" m="21767" /><D18/><U125/><E75/><V13/><F13/><W14/><G90/><T83/><D83/><U118/><E118/><V8/><F108/><W0/><G66/><T131/><D131/><U121/><E121/><N who="3" m="46666" /><G56/><T122/><D122/><U64/><E64/><V30/><F57/><W59/><G59/><T11/><D11/><U3/><E125/><V78/><F8/><W113/><G49/><T110/><D110/><U99/><E9/><V103/><F111/><W88/><G45/><T23/><D22/><U92/><E92/><V132/><F132/><W34/><G88/><T62/><D62/><U135/><E135/><V58/><F61/><W51/><G51/><T85/><D74/><U86/><E86/><V98/><F87/><W124/><G124/><T106/><D106/><N who="1" m="40491" /><E95/><V116/><F116/><W84/><G84/><T52/><D52/><U82/><E82/><V38/><F126/><W39/><G39/><T25/><D25/><U100/><E100/><V42/><F38/><W65/><G65/><T76/><D76/><U72/><E72/><V16/><F78/><W55/><G55/><T68/><D68/><U80/><E80/><V4/><F127/><W105/><G10/><RYUUKYOKU ba="0,0" sc="189,15,320,15,330,-15,161,-15" hai0="5,6,23,26,29,77,81,85,114,115" hai1="2,3,60,67,69,97,99" /><INIT seed="4,1,0,0,4,119" ten="204,335,315,146" oya="0" hai0="94,33,106,98,75,4,129,101,67,56,124,13,108" hai1="104,2,105,68,130,88,61,96,19,53,18,16,71" hai2="21,66,77,32,103,83,7,15,58,117,64,52,24" hai3="72,29,62,35,131,128,37,120,48,45,46,6,47"/><T97/><D75/><U113/><E2/><V125/><F117/><W5/><G72/><T78/><D33/><U80/><E130/><N who="3" m="49706" /><G35/><T28/><D78/><U92/><E113/><V74/><F103/><W76/><G76/><T22/><D124/><U135/><E135/><V82/><F32/><W11/><G29/><T10/><D108/><U86/><E68/><V91/><F125/><W90/><G90/><T39/><D39/><U123/><E123/><V133/><F133/><W115/><G115/><T34/><D34/><U36/><E36/><V132/><F132/><W84/><G84/><T79/><D79/><U14/><E14/><V127/><F127/><W43/><G62/><N who="0" m="38343" /><D98/><U99/><E99/><V73/><F73/><W12/><G6/><T121/><D129/><U109/><E109/><V1/><F1/><W95/><G95/><T9/><D9/><U44/><E71/><V107/><F107/><W116/><G116/><T102/><D102/><U26/><E26/><V70/><F77/><W65/><G65/><T55/><D106/><U38/><E38/><V69/><F74/><W41/><G47/><T42/><D42/><U112/><E112/><V85/><F69/><W89/><G89/><T25/><D55/><U23/><E105/><V81/><F70/><W63/><G63/><T60/><D60/><U49/><E104/><V8/><F66/><W87/><G87/><T110/><D110/><U40/><E61/><N who="2" m="36039" /><F64/><W17/><G5/><T27/><D27/><N who="1" m="14823" /><E40/><V59/><F59/><W111/><G111/><T93/><D93/><U31/><E31/><AGARI ba="1,0" hai="7,8,15,21,24,31,81,82,83,85,91" m="36039" machi="31" ten="30,2000,0" yaku="8,1,54,1" doraHai="119" who="2" fromWho="1" sc="204,0,335,-23,315,23,146,0" /><INIT seed="5,0,0,4,4,32" ten="204,312,338,146" oya="1" hai0="5,112,119,15,63,102,83,42,0,87,49,64,52" hai1="36,57,103,76,98,123,41,91,66,61,48,27,93" hai2="89,121,135,134,59,68,81,132,58,20,114,69,35" hai3="131,92,117,12,9,16,53,21,50,65,82,43,46"/><U3/><E123/><V79/><F35/><W6/><G131/><T8/><D112/><U120/><E120/><V125/><F121/><W90/><G117/><T95/><D42/><U124/><E124/><V96/><F125/><W14/><G65/><T25/><D25/><U71/><E3/><V23/><F114/><W30/><G30/><T26/><D26/><U74/><E76/><V34/><F34/><W80/><REACH who="3" step="1"/><G43/><REACH who="3" ten="204,312,338,136" step="2"/><T1/><D119/><U100/><E41/><V28/><F28/><W33/><G33/><T77/><D102/><U122/><E66/><V22/><F68/><W97/><AGARI ba="0,1" hai="6,9,12,14,16,21,46,50,53,80,82,90,92,97" machi="97" ten="20,8000,1" yaku="1,1,0,1,7,1,8,1,54,1,53,0" doraHai="32" doraHaiUra="75" who="3" fromWho="3" sc="204,-20,312,-40,338,-20,136,90" /><INIT seed="6,0,0,2,0,100" ten="184,272,318,226" oya="2" hai0="7,114,135,110,129,83,90,68,130,133,59,65,67" hai1="96,48,35,104,10,88,71,4,39,118,77,0,28" hai2="16,30,26,60,45,119,134,117,27,76,81,84,3" hai3="9,58,62,29,121,124,131,32,107,105,91,46,125"/><V2/><F134/><N who="0" m="51210" /><D83/><U49/><E118/><V73/><F73/><W85/><G121/><T20/><D90/><U66/><E77/><V17/><F60/><W38/><G131/><N who="0" m="50187" /><D7/><U99/><E99/><V75/><F45/><W106/><G9/><T70/><D20/><U94/><E39/><V102/><F75/><W123/><G123/><T78/><D78/><U61/><REACH who="1" step="1"/><E104/><REACH who="1" ten="184,262,318,226" step="2"/><V87/><F119/><W5/><G107/><T41/><D110/><U47/><E47/><V122/><F117/><W80/><G105/><T57/><D41/><U97/><E97/><V31/><F122/><W103/><G106/><T56/><D114/><U63/><E63/><V132/><F76/><W55/><G103/><T42/><D42/><U92/><E92/><V19/><F132/><W98/><G98/><T111/><D111/><U126/><E126/><V1/><F102/><W109/><G125/><T34/><D34/><U25/><AGARI ba="0,1" hai="0,4,10,25,28,35,48,49,61,66,71,88,94,96" machi="25" ten="30,4000,0" yaku="1,1,0,1,54,1,53,0" doraHai="100" doraHaiUra="37" who="1" fromWho="1" sc="184,-10,262,50,318,-20,226,-10" /><INIT seed="7,0,0,5,3,78" ten="174,312,298,216" oya="3" hai0="128,115,132,45,43,106,93,62,52,47,49,18,88" hai1="51,25,24,80,81,31,127,1,19,40,135,134,14" hai2="58,20,90,87,16,23,99,109,124,46,15,61,110" hai3="56,36,65,125,28,98,79,122,74,27,54,53,84"/><W71/><G36/><T96/><D132/><N who="1" m="50731" /><E1/><V67/><F124/><W32/><G122/><T108/><D128/><U8/><E127/><V97/><F109/><W70/><G125/><T103/><D108/><U118/><E118/><V131/><F131/><W4/><G4/><T7/><D115/><U92/><E92/><N who="2" m="54367" /><F110/><W72/><G98/><N who="2" m="37385" /><F46/><W10/><G10/><AGARI ba="0,0" hai="10,15,16,20,23,58,61,67" m="37385,54367" machi="10" ten="30,2000,0" yaku="8,1,54,1" doraHai="78" who="2" fromWho="3" sc="174,0,312,0,298,20,216,-20" owari="174,-33.0,312,11.0,318,42.0,196,-20.0" /></mjloggm>