<mjloggm ver="2.3"><GO type="169" lobby="0"/><UN n0="%E3%83%96%E3%83%A9%E3%83%95%E3%83%BB%4E%61%76%69" n1="%E3%83%92%E3%83%84%E3%83%AB%E3%82%B9%E3%83%9A%E3%83%AB%E3%82%AC%E3%83%BC" n2="%E3%82%A6%E3%83%AB%E3%83%88%E3%83%A9%E7%AB%8B%E7%9B%B4" n3="%EF%BC%9D%E4%BC%8A%E8%97%A4%E3%81%8B%E3%81%AA%E6%81%B5%EF%BC%9D" dan="16,16,17,17" rate="2125.34,2150.54,2167.38,2149.28" sx="M,M,M,F"/><TAIKYOKU oya="0"/><INIT seed="0,0,0,5,4,101" ten="250,250,250,250" oya="0" hai0="89,88,6,121,49,51,35,99,117,12,98,60,114" hai1="72,113,13,95,106,30,3,40,39,36,97,21,67" hai2="131,80,91,58,5,37,17,47,75,50,23,103,20" hai3="74,26,7,32,62,57,130,65,73,9,34,94,71"/><T100/><D35/><U1/><E72/><V104/><F131/><W43/><G130/><T61/><D12/><U63/><E113/><V132/><F132/><W4/><G43/><T128/><D128/><U105/><E3/><V123/><F123/><W68/><G94/><T109/><D100/><U66/><E1/><V54/><F5/><W28/><G34/><T90/><D6/><U116/><E116/><V11/><F11/><W42/><G7/><T111/><D117/><U59/><E67/><V8/><F8/><W110/><G110/><N who="0" m="41995" /><D121/><U56/><E56/><V83/><F20/><W45/><G57/><T122/><D122/><U33/><E33/><V96/><F75/><W124/><G71/><T79/><D79/><U25/><E13/><V53/><F91/><W69/><G69/><T0/><D0/><U102/><E40/><V52/><F53/><W10/><G10/><T24/><D24/><U84/><E84/><V129/><F129/><W19/><G19/><T112/><D49/><U27/><E27/><V31/><F31/><W70/><G70/><T135/><D51/><U92/><E92/><V2/><F2/><N who="3" m="151" /><G124/><T22/><D22/><U120/><E120/><V126/><F126/><W86/><G86/><T127/><D127/><U81/><E81/><V118/><F118/><W29/><G29/><T125/><D125/><U16/><E16/><V15/><F37/><AGARI ba="0,0" hai="26,28,32,37,42,45,62,65,68,73,74" m="151" machi="37" ten="30,2000,0" yaku="33,2" doraHai="101" who="3" fromWho="2" sc="250,0,250,0,250,-20,250,20" /><AGARI ba="0,0" hai="21,25,30,36,37,39,59,63,66,95,97,102,105,106" machi="37" ten="40,8000,1" yaku="25,2,52,2" doraHai="101" who="1" fromWho="2" sc="250,0,250,80,230,-80,270,0" /><INIT seed="1,0,0,0,1,19" ten="250,330,150,270" oya="1" hai0="34,55,11,68,49,114,57,2,35,135,103,96,71" hai1="121,131,62,32,16,56,83,28,66,25,8,124,37" hai2="112,18,113,92,82,93,12,17,30,15,127,23,73" hai3="133,86,129,31,97,110,94,111,39,33,85,46,107"/><U41/><E121/><V48/><F30/><W59/><G133/><T70/><D114/><N who="2" m="44138" /><F48/><W27/><G129/><T122/><D135/><U116/><E116/><V26/><F127/><W118/><G118/><T132/><D132/><U100/><E131/><V51/><F51/><W14/><G107/><T13/><D2/><U99/><E124/><V81/><F26/><W50/><G59/><T106/><REACH who="0" step="1"/><D122/><REACH who="0" ten="240,330,150,270" step="2"/><U88/><E37/><V84/><F73/><W42/><G39/><T64/><D64/><U9/><E41/><V89/><F82/><W4/><G110/><T123/><D123/><U10/><E83/><V79/><F79/><W128/><G111/><T108/><D108/><U125/><E125/><V61/><F61/><W72/><G128/><T45/><D45/><U76/><E76/><V58/><F58/><W69/><G69/><T3/><D3/><U5/><E66/><V115/><N who="2" m="44146" /><V78/><DORA hai="95" /><F78/><W77/><G77/><T91/><D91/><U47/><E88/><V22/><AGARI ba="0,1" hai="12,15,17,18,22,23,81,84,89,92,93" m="44146" machi="22" ten="40,5200,0" yaku="11,1,52,2" doraHai="19,95" who="2" fromWho="2" sc="240,-13,330,-26,150,62,270,-13" /><INIT seed="2,0,0,5,3,111" ten="227,304,212,257" oya="2" hai0="106,89,133,7,6,50,13,29,128,42,88,54,18" hai1="40,37,115,62,125,98,122,124,30,95,65,20,55" hai2="127,113,38,119,99,104,61,101,64,45,46,108,114" hai3="94,112,67,121,100,68,97,25,116,32,0,49,51"/><V27/><F119/><W79/><G116/><T9/><D106/><U71/><E122/><V16/><F108/><W118/><G118/><T74/><D74/><U5/><E5/><N who="0" m="1545" /><D128/><U85/><E85/><V78/><F78/><W135/><G0/><T82/><D133/><U103/><E115/><V93/><F93/><W87/><G121/><T92/><D42/><U3/><E3/><V102/><F102/><W22/><G135/><T84/><D29/><U77/><E77/><V91/><F91/><W12/><G32/><T110/><D110/><U24/><E55/><V69/><F127/><N who="1" m="48713" /><E40/><V105/><F105/><W53/><G12/><T126/><D126/><U132/><E132/><V73/><F73/><W130/><G112/><T34/><D34/><U58/><E37/><V31/><F16/><W17/><G87/><T90/><D92/><U60/><E60/><V59/><F59/><AGARI ba="0,0" hai="9,13,18,50,54,59,82,84,88,89,90" m="1545" machi="59" ten="30,2000,0" yaku="8,1,54,1" doraHai="111" who="0" fromWho="2" sc="227,20,304,0,212,-20,257,0" /><AGARI ba="0,0" hai="20,24,30,58,59,62,65,71,95,98,103" m="48713" machi="59" ten="30,1000,0" yaku="18,1" doraHai="111" who="1" fromWho="2" sc="247,0,304,10,192,-10,257,0" /><INIT seed="3,0,0,0,4,115" ten="247,314,182,257" oya="3" hai0="135,125,30,112,36,47,22,53,8,133,89,88,43" hai1="129,111,31,122,124,69,73,117,56,79,82,134,116" hai2="64,15,5,84,39,40,12,103,105,101,46,130,80" hai3="10,99,13,71,72,11,86,104,127,44,70,55,18"/><W118/><G72/><T37/><D112/><U25/><E69/><V17/><F130/><W97/><G127/><T45/><D125/><U74/><E124/><V106/><F106/><W128/><G128/><T114/><D114/><U42/><E129/><V93/><F105/><W132/><G132/><N who="0" m="50763" /><D8/><U77/><E134/><V126/><F126/><W98/><G104/><T2/><D2/><U54/><E122/><V59/><F93/><W96/><G118/><N who="1" m="45674" /><E42/><V34/><F34/><W87/><G96/><T16/><D30/><U113/><E111/><V95/><F95/><W57/><G44/><N who="0" m="16971" /><D53/><U50/><E113/><V78/><F5/><N who="3" m="3279" /><G71/><T14/><D43/><U28/><E25/><V6/><F15/><N who="3" m="7551" /><G70/><T119/><D119/><U27/><E27/><V83/><F40/><W76/><G76/><T85/><D89/><U9/><E9/><V49/><F78/><W26/><G26/><T109/><D109/><U61/><E61/><AGARI ba="0,0" hai="55,57,61,86,87,97,98,99" m="7551,3279" machi="61" ten="30,1500,0" yaku="8,1" doraHai="115" who="3" fromWho="1" sc="247,0,314,-15,182,0,257,15" /><INIT seed="3,1,0,3,4,114" ten="247,299,182,272" oya="3" hai0="87,105,118,45,88,121,28,120,36,78,53,102,65" hai1="3,112,75,17,66,67,103,21,13,24,50,117,132" hai2="38,85,29,10,115,110,76,52,81,94,98,92,124" hai3="62,51,69,64,40,19,25,77,6,68,42,116,1"/><W91/><G69/><T41/><D78/><U56/><E112/><V71/><F38/><W54/><G116/><T128/><D128/><U57/><E75/><V130/><F71/><W7/><G77/><T84/><D118/><U86/><E3/><V31/><F115/><W95/><G19/><T106/><D65/><U96/><E132/><V89/><F130/><W43/><G25/><T35/><D84/><U18/><E86/><V60/><F110/><W46/><REACH who="3" step="1"/><G1/><REACH who="3" ten="247,299,182,262" step="2"/><T129/><D129/><U14/><E117/><V4/><F124/><W22/><G22/><T97/><D35/><U15/><E18/><V99/><F4/><W123/><G123/><T70/><D70/><U113/><E113/><V11/><F31/><W8/><G8/><T104/><D28/><U47/><E24/><V0/><F29/><W33/><G33/><T34/><D34/><U90/><E21/><V49/><F0/><W12/><G12/><T79/><D79/><U2/><E2/><V30/><F30/><W80/><G80/><T37/><D121/><U83/><E17/><V101/><REACH who="2" step="1"/><F60/><REACH who="2" ten="247,299,172,262" step="2"/><W131/><G131/><T135/><D120/><U73/><E14/><V27/><F27/><W58/><G58/><AGARI ba="1,2" hai="10,11,49,52,58,76,81,85,89,92,94,98,99,101" machi="58" ten="30,7700,0" yaku="1,1,7,1,8,1,54,1,53,0" doraHai="114" doraHaiUra="133" who="2" fromWho="3" sc="247,0,299,0,172,100,262,-80" /><INIT seed="4,0,0,0,5,111" ten="247,299,272,182" oya="0" hai0="68,90,17,47,33,82,28,103,93,120,53,113,133" hai1="130,107,86,56,2,85,116,58,1,20,125,98,46" hai2="29,61,43,24,60,95,73,92,3,15,75,126,71" hai3="102,48,135,7,72,84,6,51,118,132,11,89,65"/><T45/><D68/><U112/><E116/><V18/><F3/><W34/><G118/><T62/><D120/><U39/><E130/><V69/><F43/><W8/><G72/><T30/><D133/><N who="3" m="51273" /><G34/><T79/><D103/><U88/><E125/><V31/><F15/><N who="3" m="5527" /><G65/><T96/><D113/><U127/><E20/><V50/><F50/><W14/><G102/><T54/><D17/><U77/><E127/><V105/><F18/><W4/><G4/><T41/><D33/><U94/><E107/><V22/><F22/><W9/><G9/><T124/><D124/><U12/><E12/><V109/><F126/><W101/><G101/><T100/><D100/><U134/><E134/><V19/><F19/><W55/><G55/><T131/><D131/><U0/><E112/><V5/><F5/><W91/><G91/><T27/><D28/><U80/><REACH who="1" step="1"/><E98/><REACH who="1" ten="247,289,272,182" step="2"/><V83/><F105/><W38/><G38/><T25/><D96/><U52/><E52/><V32/><F32/><W42/><G42/><AGARI ba="0,1" hai="0,1,2,39,42,46,56,58,77,80,85,86,88,94" machi="42" ten="40,2600,0" yaku="1,1,54,1,53,0" doraHai="111" doraHaiUra="108" who="1" fromWho="3" sc="247,0,289,36,272,0,182,-26" /><INIT seed="5,0,0,3,4,28" ten="247,325,272,156" oya="1" hai0="12,71,8,101,122,94,129,50,84,58,110,57,43" hai1="85,27,44,80,23,106,109,60,123,67,26,125,104" hai2="113,17,33,6,132,51,93,127,72,111,114,64,116" hai3="46,118,1,36,47,55,130,88,15,34,37,14,119"/><U115/><E123/><V79/><F116/><N who="3" m="44587" /><G1/><T121/><D71/><U68/><E115/><N who="2" m="44043" /><F111/><W92/><G130/><T54/><D110/><U42/><E109/><V0/><F6/><W78/><G78/><T89/><D129/><U38/><E125/><V63/><F0/><W75/><G75/><T70/><D70/><U29/><REACH who="1" step="1"/><E26/><REACH who="1" ten="247,315,272,156" step="2"/><V49/><F127/><W18/><G34/><T107/><D122/><U65/><E65/><V95/><F33/><W73/><G73/><T40/><D121/><U35/><E35/><V9/><F72/><W31/><G31/><T112/><D112/><U120/><E120/><V41/><F64/><W69/><G69/><T87/><D107/><U98/><E98/><V135/><F135/><W66/><G66/><T13/><D101/><U7/><E7/><V48/><F132/><W97/><G14/><T56/><D13/><U21/><E21/><V126/><F126/><W2/><G2/><T61/><D61/><U91/><AGARI ba="0,1" hai="23,27,29,38,42,44,60,67,68,80,85,91,104,106" machi="91" ten="20,3900,0" yaku="1,1,0,1,7,1,53,0" doraHai="28" doraHaiUra="128" who="1" fromWho="1" sc="247,-13,315,49,272,-13,156,-13" /><INIT seed="5,1,0,0,3,38" ten="234,364,259,143" oya="1" hai0="114,33,62,54,128,59,127,6,0,119,92,125,25" hai1="12,30,21,99,100,52,40,81,58,129,126,101,47" hai2="3,17,41,76,98,115,80,50,111,65,121,89,35" hai3="13,102,110,95,78,14,16,36,123,46,86,122,8"/><U93/><E126/><V116/><F35/><W61/><G110/><T104/><D104/><U117/><E117/><V109/><F3/><W60/><G102/><T19/><D119/><U28/><E129/><V32/><F32/><W97/><G97/><T131/><D114/><U18/><E101/><V11/><F116/><W23/><G122/><T106/><D106/><U88/><E81/><V71/><F121/><W130/><G123/><T55/><D92/><U77/><E77/><V1/><F115/><W74/><G74/><T53/><D6/><U73/><E73/><V120/><F120/><W48/><G36/><T132/><D0/><U112/><E100/><V44/><F65/><W107/><G107/><T72/><D72/><U64/><E64/><V49/><F71/><W45/><G130/><N who="0" m="49707" /><D132/><U42/><E112/><V66/><F66/><W82/><G95/><T15/><D25/><U2/><E2/><V63/><F1/><W29/><G46/><T24/><D24/><U69/><E69/><V83/><F98/><W20/><G29/><N who="1" m="11370" /><E47/><N who="2" m="25839" /><F83/><W34/><G34/><T26/><D127/><U84/><E99/><V124/><F124/><W22/><REACH who="3" step="1"/><G14/><REACH who="3" ten="234,364,259,133" step="2"/><T4/><D125/><U68/><E68/><V7/><F111/><W27/><G27/><T67/><D26/><U70/><E70/><V103/><F109/><W79/><G79/><T113/><D33/><U134/><E134/><V105/><F103/><W37/><G37/><T94/><D113/><U96/><E96/><V91/><F105/><W133/><G133/><T31/><D94/><U9/><E93/><V43/><F76/><RYUUKYOKU ba="1,1" sc="234,-10,364,-10,259,-10,133,30" hai3="8,13,16,20,22,23,45,48,60,61,78,82,86" /><INIT seed="6,2,1,0,5,63" ten="224,354,249,163" oya="2" hai0="134,12,66,26,14,81,130,91,76,103,15,31,88" hai1="104,75,73,68,46,4,127,124,116,72,83,106,82" hai2="42,93,2,36,135,54,71,61,40,28,122,121,11" hai3="105,13,16,41,53,79,29,98,5,69,49,129,84"/><V34/><F93/><W107/><G129/><T97/><D130/><U118/><E46/><V18/><F18/><W131/><G131/><T50/><D134/><U22/><E22/><V57/><F28/><W33/><G41/><T17/><D17/><U60/><E4/><V0/><F34/><W100/><G5/><T101/><D50/><U45/><E68/><V62/><F11/><W117/><G117/><N who="1" m="45162" /><E45/><N who="2" m="23687" /><F0/><W120/><G120/><T30/><D66/><U32/><E32/><V6/><F6/><W65/><G107/><N who="1" m="41002" /><E60/><V133/><F2/><W20/><G79/><T27/><D27/><U77/><E77/><V70/><F42/><W51/><G84/><T126/><D30/><U25/><E25/><V109/><F109/><W99/><G99/><T113/><D97/><U78/><E78/><V67/><F70/><W87/><G87/><T132/><D26/><U55/><E55/><V80/><F80/><AGARI ba="2,1" hai="72,73,75,80,82,83,124,127" m="41002,45162" machi="80" ten="40,8000,1" yaku="28,2,34,2" doraHai="63" who="1" fromWho="2" sc="224,0,354,96,249,-86,163,0" /><INIT seed="7,0,0,4,4,90" ten="224,450,163,163" oya="3" hai0="105,106,135,37,100,27,55,31,20,115,83,51,103" hai1="36,3,108,131,14,7,49,66,124,46,57,78,104" hai2="91,80,38,82,67,9,35,24,61,89,41,120,116" hai3="42,29,74,43,129,118,121,33,5,62,50,134,25"/><W72/><G118/><T109/><D37/><U28/><E108/><V32/><F116/><W10/><G121/><T113/><D109/><U26/><E3/><V54/><F41/><W133/><G129/><T123/><D123/><U64/><E104/><N who="0" m="40041" /><D83/><U111/><E111/><V44/><F38/><W93/><G62/><T73/><D73/><N who="3" m="28265" /><G50/><T47/><D135/><N who="3" m="51721" /><G93/><T99/><D99/><U34/><E49/><V117/><F61/><W77/><G77/><T81/><D81/><U18/><E124/><V40/><F82/><W122/><G122/><T101/><D101/><U102/><E78/><V48/><F80/><W59/><G59/><T52/><D100/><U110/><E102/><V85/><F120/><W88/><G88/><T11/><D11/><U17/><E57/><V22/><F91/><W8/><G8/><T15/><D103/><U76/><E76/><V2/><F117/><W39/><G39/><T107/><D107/><U1/><E131/><V0/><F89/><W71/><G71/><T65/><D65/><U45/><E110/><V68/><F67/><W21/><G21/><T84/><D84/><U4/><E36/><N who="2" m="21511" /><F68/><W6/><G6/><T23/><D55/><U70/><E70/><V96/><F85/><W130/><G130/><T98/><D98/><U97/><E97/><V12/><F96/><W127/><G127/><T60/><D60/><U79/><E79/><V86/><F86/><W87/><G87/><T19/><D23/><N who="1" m="11703" /><E4/><N who="2" m="3111" /><F35/><W16/><G16/><T128/><D128/><U125/><E125/><V30/><F32/><W112/><G112/><N who="0" m="43083" /><D19/><U69/><E18/><RYUUKYOKU ba="0,0" sc="224,10,450,-30,163,10,163,10" hai0="15,20,27,31,47,51,52" hai2="0,2,22,24,30,48,54" hai3="5,10,25,29,33,42,43" /><INIT seed="7,1,0,4,3,120" ten="234,420,173,173" oya="3" hai0="10,20,101,75,83,119,125,85,77,37,15,18,105" hai1="110,104,44,3,129,17,41,8,131,113,14,0,25" hai2="28,35,74,67,98,13,90,72,19,7,12,21,23" hai3="132,133,73,95,108,124,100,11,96,112,1,88,52"/><W99/><G112/><T42/><D119/><U135/><E110/><V22/><F35/><W130/><G130/><N who="1" m="49674" /><E135/><N who="3" m="51786" /><G124/><T9/><D125/><U106/><E25/><V38/><F38/><W64/><G73/><T2/><D85/><U30/><E30/><V16/><F7/><N who="3" m="1519" /><G64/><T107/><D101/><U50/><E113/><V123/><F123/><W81/><G52/><T27/><D9/><U121/><E121/><V126/><F126/><W58/><G58/><T43/><D43/><U48/><E48/><V80/><F67/><W69/><G69/><T76/><D76/><U122/><E122/><V78/><F72/><W79/><G108/><T118/><D118/><U97/><E97/><V117/><F117/><W111/><G111/><T62/><D62/><U93/><E93/><V53/><F28/><W57/><G57/><T116/><D116/><U5/><E0/><V102/><F98/><N who="3" m="59487" /><G79/><T63/><D63/><U36/><E36/><V71/><F78/><W109/><G109/><T31/><D2/><U103/><E103/><V33/><F102/><W94/><G99/><T6/><D31/><U46/><E46/><V49/><F74/><W70/><G70/><T114/><D114/><U115/><E115/><V68/><F71/><W60/><G60/><T56/><D56/><U51/><E51/><V91/><F68/><W47/><G47/><N who="0" m="24015" /><D107/><U39/><E39/><V24/><F49/><W45/><G45/><T84/><D105/><U89/><E89/><V54/><F90/><W92/><G92/><T65/><D65/><U32/><E32/><V40/><F91/><W127/><G127/><RYUUKYOKU ba="1,0" sc="234,10,420,10,173,-30,173,10" hai0="6,10,15,18,20,27,75,77,83,84" hai1="3,5,8,14,17,41,44,50,104,106" hai3="81,88,94,96" /><INIT seed="7,2,0,0,4,54" ten="244,430,143,183" oya="3" hai0="58,41,28,112,97,101,127,69,34,117,105,102,125" hai1="53,133,132,27,104,85,124,79,48,109,91,129,15" hai2="130,106,40,64,30,11,52,61,7,62,76,122,49" hai3="88,56,115,51,57,86,96,60,19,89,134,131,74"/><W35/><G74/><T121/><D117/><U6/><E109/><V135/><F106/><W47/><G115/><T0/><D121/><U31/><E104/><V37/><F130/><W84/><G131/><T36/><D69/><U81/><E124/><N who="0" m="47689" /><D0/><U39/><E39/><V29/><F122/><W120/><G35/><T25/><D102/><U87/><E15/><N who="2" m="5631" /><F37/><W111/><G96/><T83/><D83/><U33/><E6/><V44/><F135/><N who="1" m="51785" /><E129/><V70/><F70/><W45/><G19/><T2/><D2/><U94/><E53/><V98/><F98/><W65/><G51/><AGARI ba="2,0" hai="27,31,33,48,51,79,81,85,87,91,94" m="51785" machi="51" ten="30,1000,0" yaku="20,1" doraHai="54" who="1" fromWho="3" sc="244,0,430,16,143,0,183,-16" owari="244,4.0,446,55.0,143,-36.0,167,-23.0" /></mjloggm>