<mjloggm ver="2.3"><GO type="169" lobby="0"/><UN n0="%EF%BC%91%EF%BC%92%EF%BC%94%EF%BC%98%EF%BC%91%EF%BC%96%EF%BC%93%EF%BC%92" n1="%E3%82%A6%E3%83%AB%E3%83%88%E3%83%A9%E7%AB%8B%E7%9B%B4" n2="%69%73%63%6F%70%65" n3="%E9%9B%AA%E2%84%96%E5%87%89" dan="17,17,19,16" rate="2200.81,2160.17,2275.25,2120.82" sx="M,M,M,M"/><TAIKYOKU oya="0"/><INIT seed="0,0,0,3,1,10" ten="250,250,250,250" oya="0" hai0="72,114,57,23,16,82,106,42,49,41,31,51,83" hai1="119,117,97,99,1,86,126,69,37,45,101,2,19" hai2="9,35,61,13,29,78,64,110,75,103,108,56,88" hai3="14,46,122,36,131,111,96,62,105,6,7,87,93"/><T15/><D114/><U125/><E69/><V113/><F113/><W89/><G111/><N who="2" m="42537" /><F103/><W5/><G131/><T65/><D106/><U20/><E86/><V130/><F130/><W22/><G122/><T60/><D31/><U54/><E54/><V77/><F75/><W0/><G0/><T121/><D121/><U98/><E101/><V53/><F53/><W25/><G62/><T40/><REACH who="0" step="1"/><D72/><REACH who="0" ten="240,250,250,250" step="2"/><U118/><E119/><V63/><F29/><W4/><G105/><T132/><D132/><U90/><E118/><V43/><F64/><W95/><G36/><T91/><D91/><U123/><E90/><V76/><F88/><W11/><G46/><T100/><D100/><U129/><E117/><V39/><F78/><W33/><G33/><T70/><D70/><U73/><E73/><V102/><F76/><W85/><REACH who="3" step="1"/><G95/><REACH who="3" ten="240,250,250,240" step="2"/><T116/><D116/><U3/><E123/><V94/><F94/><W34/><G34/><T55/><D55/><U112/><E45/><V52/><F52/><W48/><G48/><AGARI ba="0,2" hai="15,16,23,40,41,42,48,49,51,57,60,65,82,83" machi="48" ten="40,12000,1" yaku="1,1,8,1,52,1,54,1,53,0" doraHai="10" doraHaiUra="120" who="0" fromWho="3" sc="240,140,250,0,250,0,240,-120" /><INIT seed="0,1,0,3,2,133" ten="380,250,250,120" oya="0" hai0="110,76,102,29,55,50,54,38,134,7,24,43,22" hai1="87,35,69,97,28,98,13,65,128,108,115,112,90" hai2="46,73,131,119,77,49,80,106,25,67,132,105,78" hai3="9,39,94,127,103,36,85,10,48,6,114,135,89"/><T27/><D38/><U121/><E121/><V32/><F132/><W20/><G135/><T26/><D134/><U81/><E128/><V57/><F131/><W122/><G114/><N who="1" m="43562" /><E108/><V12/><F77/><W71/><G122/><T3/><D110/><U42/><E42/><V117/><F12/><W126/><G71/><T130/><D130/><U116/><E116/><N who="2" m="44619" /><F57/><W5/><G103/><T33/><D76/><U125/><E13/><V44/><F67/><W17/><G48/><T66/><D102/><U91/><E28/><N who="2" m="19471" /><F44/><W99/><G99/><N who="1" m="37898" /><E35/><V123/><F123/><W74/><G74/><T45/><D66/><U61/><E90/><V60/><F60/><W1/><G39/><T53/><D33/><U75/><E75/><V41/><AGARI ba="1,0" hai="41,46,49,73,78,80,105,106" m="19471,44619" machi="41" ten="30,1100,0" yaku="12,1" doraHai="133" who="2" fromWho="2" sc="380,-6,250,-4,250,14,120,-4" /><INIT seed="1,0,0,2,1,80" ten="374,246,264,116" oya="1" hai0="81,100,110,122,121,62,67,118,55,58,74,120,16" hai1="64,3,84,48,45,49,113,22,86,63,103,47,17" hai2="115,101,7,12,112,134,60,102,133,94,123,105,127" hai3="21,71,82,31,78,61,85,111,46,54,65,88,14"/><U130/><E3/><V76/><F60/><W29/><G111/><T51/><D118/><U13/><E113/><N who="2" m="43595" /><F105/><W25/><G14/><T97/><D110/><U104/><E130/><V108/><F108/><W36/><G31/><T87/><D74/><U91/><E91/><V93/><F12/><W6/><G6/><T119/><D119/><U70/><E103/><N who="2" m="39435" /><F7/><W56/><G36/><T125/><D125/><U99/><E99/><V39/><F39/><W107/><G107/><T132/><D132/><N who="2" m="50794" /><F123/><W66/><G66/><T128/><D128/><U5/><E5/><V42/><F42/><W30/><G30/><T2/><D2/><U59/><E70/><V23/><F23/><W57/><REACH who="3" step="1"/><G78/><REACH who="3" ten="374,246,264,106" step="2"/><T9/><D121/><U73/><E104/><V38/><F38/><W77/><G77/><N who="0" m="46511" /><D122/><U27/><E13/><V52/><F76/><W44/><G44/><N who="0" m="28135" /><D120/><U117/><E117/><V43/><F127/><W83/><G83/><T68/><D67/><U79/><E79/><V1/><F1/><W69/><G69/><T95/><D68/><U98/><E73/><V26/><F26/><W72/><G72/><T96/><D95/><U11/><E47/><V114/><F114/><W106/><G106/><T4/><D4/><U34/><E45/><V35/><F94/><W18/><G18/><T126/><D126/><U92/><E92/><V89/><F93/><W15/><G15/><N who="0" m="7279" /><D100/><U50/><E98/><V19/><F19/><W37/><G37/><T129/><D129/><U116/><E116/><V33/><F89/><W28/><G28/><T32/><D32/><U20/><E34/><RYUUKYOKU ba="0,1" sc="374,15,246,-15,264,-15,106,15" hai0="58,62,96,97" hai3="21,25,29,46,54,56,57,61,65,71,82,85,88" /><INIT seed="2,1,1,1,5,50" ten="389,231,249,121" oya="2" hai0="81,62,55,15,7,103,108,110,101,18,58,21,1" hai1="112,113,59,65,49,67,99,0,100,131,38,98,57" hai2="122,40,121,69,97,117,120,30,76,27,126,11,14" hai3="13,56,64,9,74,70,42,61,10,83,3,119,46"/><V80/><F117/><W134/><G119/><T102/><REACH who="0" step="1"/><D81/><REACH who="0" ten="379,231,249,121" step="2"/><U72/><E113/><V16/><F121/><W118/><G83/><T96/><D96/><U123/><E112/><V68/><F120/><W53/><G118/><T130/><D130/><U92/><E98/><V78/><F122/><W88/><G134/><T51/><D51/><U95/><E49/><V82/><F97/><W6/><G74/><T36/><D36/><U60/><E38/><V25/><F82/><W132/><G132/><T77/><D77/><U45/><E72/><V79/><F80/><W75/><G75/><T63/><D63/><U128/><E60/><V8/><F78/><W86/><G42/><T34/><D34/><U17/><E99/><V23/><F40/><W33/><G33/><T54/><D54/><U135/><E135/><V93/><F76/><W109/><G53/><T28/><D28/><U116/><E123/><V29/><F29/><W48/><G48/><T20/><D20/><U124/><E116/><V19/><F30/><W52/><G46/><T91/><D91/><U129/><E45/><V4/><F23/><W26/><G88/><T105/><D105/><U12/><E129/><V87/><F79/><W94/><G61/><T35/><D35/><U32/><E131/><V47/><F47/><W5/><G52/><T107/><D107/><U43/><E32/><V111/><F87/><W39/><G86/><T24/><D24/><U127/><E128/><V66/><F25/><W71/><G26/><T31/><D31/><U41/><E41/><V73/><F27/><W90/><G90/><RYUUKYOKU ba="1,2" sc="379,30,231,-10,249,-10,121,-10" hai0="1,7,15,18,21,55,58,62,101,102,103,108,110" /><INIT seed="3,2,2,1,2,106" ten="409,221,239,111" oya="3" hai0="117,134,89,96,42,4,124,135,25,27,32,70,28" hai1="60,84,88,19,115,49,95,0,21,6,41,51,2" hai2="23,62,31,61,34,10,50,91,114,94,16,52,37" hai3="5,78,20,44,102,133,120,109,69,64,122,98,87"/><W57/><G133/><N who="0" m="50699" /><D70/><U77/><E115/><V74/><F74/><W127/><G127/><T59/><D124/><U38/><E38/><V14/><F37/><W7/><G109/><T83/><D4/><U18/><E6/><V131/><F131/><W66/><G122/><T85/><D117/><U132/><E132/><V56/><F114/><W11/><G120/><T68/><D68/><U118/><E118/><V63/><F34/><W47/><G69/><T26/><D42/><U80/><E60/><V86/><F31/><W108/><G108/><T8/><D8/><AGARI ba="2,2" hai="8,10,14,16,23,50,52,56,61,62,63,86,91,94" machi="8" ten="40,8000,1" yaku="25,2,8,1,54,2" doraHai="106" who="2" fromWho="0" sc="409,-86,221,0,239,106,111,0" /><INIT seed="4,0,0,3,3,15" ten="323,221,345,111" oya="0" hai0="13,115,22,106,133,23,71,102,86,29,132,60,84" hai1="119,57,118,68,99,94,62,21,7,55,35,24,8" hai2="56,131,59,45,10,31,58,69,16,54,48,72,0" hai3="14,61,4,120,109,25,41,77,28,67,26,130,89"/><T117/><D117/><U101/><E35/><V128/><F72/><W110/><G130/><N who="2" m="49705" /><F69/><W2/><G2/><T44/><D115/><U46/><E68/><V91/><F31/><W30/><G120/><T39/><D102/><U129/><E129/><V52/><F91/><W12/><G41/><N who="0" m="22591" /><D106/><U73/><E46/><V37/><F37/><W78/><G89/><T6/><D29/><U36/><E73/><V112/><F112/><W66/><REACH who="3" step="1"/><G61/><REACH who="3" ten="323,221,345,101" step="2"/><T123/><D123/><U122/><E122/><V19/><F54/><W82/><G82/><T49/><D60/><U88/><E36/><V87/><F87/><W42/><G42/><T51/><D86/><U20/><E119/><V83/><F83/><W79/><G79/><T105/><D84/><U33/><E118/><V34/><F34/><W1/><G1/><T124/><D51/><U43/><E43/><V114/><F114/><W125/><G125/><T135/><D49/><U9/><E33/><V96/><F96/><W65/><G65/><T64/><D124/><U126/><E126/><V38/><F38/><W80/><G80/><T104/><D64/><U32/><E32/><V5/><AGARI ba="0,1" hai="0,5,10,16,19,45,48,52,56,58,59" m="49705" machi="5" ten="40,8000,1" yaku="19,1,52,2,54,2" doraHai="15" who="2" fromWho="2" sc="323,-40,221,-20,345,90,101,-20" /><INIT seed="5,0,0,2,1,82" ten="283,201,435,81" oya="1" hai0="98,108,78,59,37,10,17,88,131,16,54,46,73" hai1="135,127,99,36,6,42,70,28,96,134,5,49,2" hai2="105,113,86,75,14,69,15,76,84,52,110,0,72" hai3="18,95,4,71,25,9,64,58,129,8,117,29,40"/><U3/><E70/><V87/><F0/><N who="1" m="41" /><E36/><V83/><F110/><W125/><G129/><T97/><D131/><U133/><E28/><V89/><F105/><W27/><G125/><T60/><D108/><U61/><E61/><V13/><F69/><W115/><G71/><T55/><D73/><U104/><E104/><V63/><F75/><W48/><G117/><T43/><D78/><U80/><E80/><V56/><REACH who="2" step="1"/><F113/><REACH who="2" ten="283,201,425,81" step="2"/><W22/><G115/><T111/><D111/><U31/><E127/><V132/><F132/><W50/><G4/><T26/><D17/><U7/><E31/><V118/><F118/><W19/><G18/><T23/><D16/><U65/><E65/><V44/><F44/><AGARI ba="0,1" hai="5,6,7,42,44,49,96,99,133,134,135" m="41" machi="44" ten="40,2000,0" yaku="20,1" doraHai="82" who="1" fromWho="2" sc="283,0,201,30,425,-20,81,0" /><INIT seed="5,1,0,2,4,53" ten="283,231,405,81" oya="1" hai0="100,12,18,48,115,81,97,99,90,125,78,19,8" hai1="20,117,37,124,102,57,108,122,101,30,38,70,82" hai2="106,9,40,87,0,14,114,116,98,52,131,123,120" hai3="89,43,79,83,28,85,25,56,15,35,2,21,63"/><U80/><E70/><V130/><F0/><W46/><G2/><T68/><D68/><U64/><E122/><V95/><F40/><W71/><G71/><T74/><D115/><U134/><E117/><V111/><F111/><W17/><G79/><T6/><D125/><U103/><E124/><V49/><F87/><W104/><G104/><T54/><D90/><U66/><E134/><V5/><F106/><W41/><REACH who="3" step="1"/><G46/><REACH who="3" ten="283,231,405,71" step="2"/><T121/><D121/><U36/><E108/><V22/><F120/><W77/><G77/><T92/><D78/><U69/><E69/><V96/><F123/><W16/><G16/><T62/><D18/><U72/><E72/><V7/><F7/><W128/><G128/><T10/><D74/><U44/><E44/><V94/><F5/><W65/><AGARI ba="1,1" hai="15,17,21,25,28,35,41,43,56,63,65,83,85,89" machi="65" ten="20,12000,2" yaku="1,1,0,1,7,1,52,1,53,2" doraHai="53" doraHaiUra="39" who="3" fromWho="3" sc="283,-31,231,-61,405,-31,71,133" /><INIT seed="6,0,0,4,2,87" ten="252,170,374,204" oya="2" hai0="50,28,74,37,85,63,65,44,20,64,4,8,21" hai1="75,1,93,51,125,67,36,80,48,49,124,134,69" hai2="71,12,86,38,18,68,131,103,104,132,39,15,73" hai3="98,115,130,126,114,70,88,119,61,129,77,35,43"/><V109/><F73/><W33/><G119/><T101/><D74/><U56/><E36/><V30/><F30/><W62/><G43/><T91/><D37/><U89/><E1/><V79/><F103/><W102/><G77/><T29/><D101/><U5/><E5/><V14/><F104/><W60/><G126/><N who="1" m="48746" /><E69/><V57/><F57/><W59/><G70/><T25/><D21/><U81/><E75/><V3/><F3/><W128/><G59/><T26/><D26/><U135/><E56/><V72/><F68/><W42/><G42/><T99/><D99/><N who="1" m="57775" /><E67/><V92/><F71/><W106/><REACH who="3" step="1"/><G88/><REACH who="3" ten="252,170,374,194" step="2"/><T47/><D91/><U52/><E52/><V66/><F38/><W105/><G105/><T83/><D64/><U34/><E34/><AGARI ba="0,1" hai="33,34,35,60,61,62,98,102,106,114,115,128,129,130" machi="34" ten="50,8000,1" yaku="1,1,19,1,53,2" doraHai="87" doraHaiUra="108" who="3" fromWho="1" sc="252,0,170,-80,374,0,194,90" /><INIT seed="7,0,0,3,2,14" ten="252,90,374,284" oya="3" hai0="30,1,70,105,49,33,10,2,121,134,42,101,106" hai1="9,78,110,86,91,38,127,16,11,22,98,113,131" hai2="75,55,119,20,23,112,59,41,103,69,111,60,120" hai3="40,64,26,56,51,47,0,90,52,93,7,6,114"/><W124/><G124/><T71/><D121/><U99/><E110/><V79/><F103/><W80/><G114/><T85/><D85/><U18/><E38/><V102/><F111/><W61/><G80/><T130/><D49/><U82/><E113/><V97/><F119/><W32/><G0/><N who="0" m="107" /><D10/><U76/><E127/><V13/><F69/><N who="0" m="26122" /><D42/><U95/><E131/><V35/><F41/><W122/><G122/><T12/><D12/><U5/><E5/><V107/><F112/><W123/><G123/><T4/><D4/><U133/><E133/><V88/><F13/><W104/><G104/><N who="0" m="40043" /><D101/><U63/><E63/><V89/><F102/><W115/><G115/><T37/><D130/><U50/><E50/><V125/><F125/><W83/><G83/><T73/><D134/><U132/><E132/><V21/><F120/><W48/><G48/><T84/><D84/><U3/><E3/><V54/><F60/><W27/><G27/><N who="0" m="18655" /><D73/><U77/><E22/><V8/><F75/><W53/><G32/><T65/><D65/><U109/><E109/><V15/><F107/><W87/><G26/><T28/><D28/><U108/><E108/><V34/><F34/><W92/><G92/><T94/><D94/><U118/><E118/><V36/><F36/><W17/><G6/><T24/><D37/><U43/><E43/><V19/><F79/><N who="1" m="30281" /><E99/><V135/><F135/><W58/><G7/><T129/><D24/><U62/><E62/><V72/><F35/><W68/><G17/><T116/><D129/><U57/><E57/><V46/><F72/><W81/><G81/><T126/><D126/><RYUUKYOKU ba="0,0" sc="252,10,90,10,374,-30,284,10" hai0="116" hai1="9,11,16,18,78,82,86,91,95,98" hai3="40,47,51,52,53,56,58,61,64,68,87,90,93" /><INIT seed="7,1,0,3,4,101" ten="262,100,344,294" oya="3" hai0="40,129,33,94,70,49,124,83,104,127,85,122,105" hai1="120,116,96,121,29,30,123,100,18,31,95,65,61" hai2="110,114,57,67,9,84,23,113,134,64,103,27,4" hai3="17,2,39,93,60,74,118,45,58,76,77,15,71"/><W107/><G118/><T54/><D33/><U52/><E116/><V111/><F103/><W90/><G71/><T72/><D70/><U21/><E65/><N who="2" m="25163" /><F57/><W19/><G2/><T117/><D117/><U0/><E0/><V109/><F84/><N who="3" m="52423" /><G107/><N who="0" m="41035" /><D122/><U87/><E87/><V35/><F35/><W41/><G74/><T131/><D40/><U5/><E5/><V48/><F134/><W36/><G39/><T12/><D12/><U66/><E66/><V69/><F69/><W7/><G36/><T59/><D94/><U44/><E61/><V25/><F23/><W99/><G99/><T20/><D20/><U79/><E79/><N who="3" m="30282" /><G41/><T106/><D72/><U10/><E10/><V125/><F109/><W50/><G45/><T88/><D106/><U47/><E21/><V126/><F111/><W26/><G50/><T16/><D16/><N who="3" m="6217" /><G26/><N who="2" m="9737" /><F48/><W132/><G132/><T89/><D89/><U13/><E18/><V82/><F82/><W53/><G15/><T130/><AGARI ba="1,0" hai="49,54,59,83,85,88,124,127,129,130,131" m="41035" machi="130" ten="40,8000,1" yaku="19,1,52,3,54,1" doraHai="101" who="0" fromWho="0" sc="262,83,100,-21,344,-21,294,-41" owari="345,45.0,79,-42.0,323,12.0,253,-15.0" /></mjloggm>