<mjloggm ver="2.3"><GO type="41" lobby="0"/><UN n0="%74%2D%6B%6F%74%6F" n1="%E5%B0%B1%E6%B4%BB%E7%94%9F%40%E5%B7%9D%E6%9D%91%E8%BB%8D%E5%9B%A3" n2="%E5%8D%83%E7%BE%BD%E7%83%8F%E6%9C%88%EF%BC%A0" n3="%E3%81%AF%E3%81%8C%E3%81%AD%E3%81%AE%E3%81%8A%E3%81%AE" dan="13,14,14,14" rate="1945.43,1970.71,1900.22,1963.46" sx="M,M,F,F"/><TAIKYOKU oya="0"/><INIT seed="0,0,0,5,0,71" ten="250,250,250,250" oya="0" hai0="115,60,97,19,5,17,37,101,8,28,83,23,94" hai1="0,112,1,67,22,75,69,88,45,50,38,41,108" hai2="58,123,105,107,18,135,51,4,80,27,96,87,128" hai3="34,90,124,54,84,92,49,100,122,120,125,110,131"/><T104/><D115/><U106/><E106/><V52/><F123/><N who="3" m="47147" /><G34/><T26/><D37/><U21/><E75/><V134/><F4/><W74/><G49/><T89/><D83/><U48/><E112/><V12/><F27/><W57/><G54/><T70/><D60/><U11/><E108/><V43/><F43/><W40/><G57/><T24/><D70/><U10/><E69/><V46/><F128/><W103/><G40/><T35/><D35/><U78/><E78/><V79/><F58/><W20/><G20/><T42/><D42/><U9/><E67/><V16/><F18/><W47/><G47/><T6/><D24/><U85/><E48/><V76/><F76/><W53/><G53/><T129/><D129/><U113/><E113/><V111/><F111/><W44/><G44/><T63/><D63/><U7/><E50/><V117/><F117/><W91/><G110/><T109/><D109/><U116/><E116/><V66/><F66/><W77/><G131/><T15/><REACH who="0" step="1"/><D5/><REACH who="0" ten="240,250,250,250" step="2"/><U25/><E7/><V68/><F68/><W62/><G62/><T132/><D132/><N who="2" m="50730" /><F96/><AGARI ba="0,1" hai="6,8,15,17,19,23,26,28,89,94,96,97,101,104" machi="96" ten="30,2900,0" yaku="1,1,7,1,53,0" doraHai="71" doraHaiUra="36" who="0" fromWho="2" sc="240,39,250,0,250,-29,250,0" /><INIT seed="0,1,0,0,0,17" ten="279,250,221,250" oya="0" hai0="65,25,126,116,89,57,4,24,18,100,36,110,54" hai1="99,103,20,133,50,105,10,75,12,82,64,14,66" hai2="101,123,39,112,9,84,67,87,43,55,27,115,78" hai3="134,85,1,74,41,33,53,46,135,90,23,0,91"/><T34/><D116/><U88/><E133/><N who="3" m="50698" /><G33/><T76/><D36/><U93/><E50/><V132/><F123/><W59/><G74/><T63/><D126/><U86/><E14/><V60/><F132/><W19/><G59/><T77/><D4/><U128/><E128/><V72/><F101/><W83/><G53/><T6/><D6/><U80/><E80/><V61/><F72/><W81/><G90/><T104/><D100/><U108/><E108/><V131/><F131/><W7/><G81/><T28/><D104/><U29/><E10/><V118/><F118/><W125/><G7/><T45/><D110/><U69/><E69/><V79/><F39/><N who="3" m="21823" /><G125/><T47/><D89/><U26/><REACH who="1" step="1"/><E12/><AGARI ba="1,0" hai="0,1,12,19,23,83,85,91" m="21823,50698" machi="12" ten="30,2000,0" yaku="20,1,52,1" doraHai="17" who="3" fromWho="1" sc="279,0,250,-23,221,0,250,23" /><INIT seed="1,0,0,3,1,126" ten="279,227,221,273" oya="1" hai0="87,84,120,5,20,109,95,28,90,108,4,41,121" hai1="18,6,17,36,91,34,112,66,85,131,9,30,123" hai2="94,125,65,113,32,12,15,76,27,2,104,11,59" hai3="22,24,132,40,10,117,58,44,0,19,53,46,124"/><U92/><E123/><V110/><F104/><W97/><G124/><T67/><D41/><U71/><E112/><V1/><F125/><W118/><G132/><T129/><D67/><U134/><E36/><V98/><F113/><W103/><G0/><T100/><D100/><U106/><E106/><V52/><F65/><W96/><G10/><T107/><D107/><U29/><E134/><V82/><F110/><N who="0" m="42602" /><D84/><U56/><E71/><V3/><F32/><W68/><G68/><T78/><D78/><U7/><E131/><V16/><F27/><W115/><G115/><T33/><D33/><U8/><E34/><V89/><F12/><W81/><G81/><T79/><D79/><U61/><E9/><V25/><F25/><W135/><G135/><T47/><D47/><N who="3" m="17961" /><G103/><T60/><D60/><U83/><E83/><V39/><F39/><W38/><G40/><T70/><D70/><U26/><E7/><N who="0" m="2633" /><D129/><U37/><E37/><V88/><F89/><W62/><G38/><T23/><D28/><N who="1" m="10859" /><E26/><V21/><F11/><W130/><G130/><T63/><D63/><U93/><E93/><V13/><F13/><AGARI ba="0,0" hai="6,8,13,17,18,56,61,66,85,91,92" m="10859" machi="13" ten="30,1500,0" yaku="8,1" doraHai="126" who="1" fromWho="2" sc="279,0,227,15,221,-15,273,0" /><INIT seed="1,1,0,4,4,45" ten="279,242,206,273" oya="1" hai0="21,12,30,119,26,55,28,112,89,133,92,42,33" hai1="105,31,97,80,46,48,129,35,74,7,125,87,60" hai2="90,99,4,78,134,10,50,123,58,124,63,95,116" hai3="6,115,56,51,79,98,86,19,114,73,85,3,61"/><U1/><E125/><V14/><F124/><W91/><G73/><T20/><D119/><U5/><E74/><V88/><F116/><W38/><G38/><T39/><D112/><U9/><E129/><V109/><F123/><W121/><G121/><T49/><D42/><U54/><E5/><V96/><F134/><W71/><G71/><T68/><D39/><U101/><E60/><V84/><F109/><W29/><G29/><T11/><D68/><U93/><E31/><V127/><F127/><W62/><G79/><T41/><D41/><U43/><E35/><V66/><F78/><W27/><G3/><T82/><D82/><U100/><E43/><V57/><F90/><W102/><G6/><T132/><D30/><U76/><REACH who="1" step="1"/><E101/><REACH who="1" ten="279,232,206,273" step="2"/><V135/><F135/><W113/><G102/><T131/><D131/><U2/><E2/><V120/><F120/><W111/><G61/><T70/><D132/><U52/><E52/><AGARI ba="1,1" hai="4,10,14,50,52,57,58,63,66,84,88,95,96,99" machi="52" ten="40,8000,1" yaku="8,1,52,1,54,2" doraHai="45" who="2" fromWho="1" sc="279,0,232,-83,206,93,273,0" /><INIT seed="2,0,0,4,1,100" ten="279,149,299,273" oya="2" hai0="70,117,28,75,29,53,115,64,84,82,61,25,98" hai1="21,76,71,13,68,125,104,79,92,130,15,67,94" hai2="55,6,48,97,73,113,42,45,95,54,132,50,86" hai3="90,7,99,1,129,135,85,124,120,114,24,133,14"/><V127/><F113/><W18/><G99/><T106/><D115/><U44/><E125/><V110/><F127/><W134/><G124/><T119/><D75/><U2/><E130/><V23/><F132/><W58/><G114/><T87/><D53/><U3/><E21/><V39/><F110/><W72/><G72/><T5/><D5/><U49/><E49/><V59/><F73/><W38/><G38/><T83/><D28/><U62/><E62/><V60/><F6/><W26/><G129/><T66/><D64/><U4/><E4/><V78/><F23/><N who="3" m="11735" /><G58/><T9/><D9/><U30/><E67/><V116/><F116/><N who="0" m="44618" /><D82/><U118/><E44/><V36/><F78/><W111/><G111/><T101/><D83/><U107/><REACH who="1" step="1"/><E118/><REACH who="1" ten="279,139,299,273" step="2"/><V112/><F112/><W17/><G7/><T16/><D16/><U81/><E81/><V57/><F86/><W11/><G85/><T0/><D0/><U19/><E19/><V56/><F95/><W51/><G134/><T80/><D80/><U88/><E88/><V34/><F34/><AGARI ba="0,1" hai="25,29,34,61,66,70,84,87,98,101,106" m="44618" machi="34" ten="30,3900,0" yaku="25,1,12,1,52,1" doraHai="100" who="0" fromWho="2" sc="279,49,139,0,299,-39,273,0" /><INIT seed="3,0,0,1,1,46" ten="328,139,260,273" oya="3" hai0="26,125,102,118,52,82,78,47,132,40,119,61,12" hai1="115,65,107,69,133,109,110,134,77,84,90,14,29" hai2="97,1,94,42,123,124,49,10,30,76,127,7,58" hai3="37,18,24,5,31,70,96,111,80,16,63,64,91"/><W75/><G37/><T3/><D3/><U73/><E69/><V6/><F6/><W43/><G43/><T8/><D102/><U60/><E29/><V126/><F30/><W130/><G130/><T68/><D125/><U74/><E60/><V95/><F76/><W35/><G111/><N who="1" m="42506" /><E65/><V131/><F131/><W25/><G25/><T101/><D101/><U59/><E59/><V13/><F1/><W33/><G33/><T116/><D26/><U128/><E14/><V104/><F123/><W105/><G5/><T27/><D27/><U56/><E56/><V9/><F9/><W54/><G54/><T4/><D132/><N who="1" m="50795" /><E128/><V87/><F104/><W112/><G112/><T86/><D118/><U135/><N who="1" m="50803" /><U55/><DORA hai="22" /><E55/><V120/><F120/><W89/><G105/><T85/><D86/><U41/><E41/><V81/><F97/><W11/><G96/><T57/><D68/><U113/><E107/><V51/><F58/><W2/><G2/><T66/><REACH who="0" step="1"/><D66/><REACH who="0" ten="318,139,260,273" step="2"/><U32/><E32/><V106/><F106/><W20/><G35/><T117/><D117/><U72/><E77/><N who="2" m="46511" /><F42/><W122/><G122/><T67/><D67/><U98/><E98/><V53/><F53/><W71/><G70/><T79/><D79/><U114/><E114/><V28/><F28/><W19/><G31/><T88/><D88/><U103/><E103/><V17/><F7/><W45/><G89/><T48/><AGARI ba="0,1" hai="4,8,12,40,47,48,52,57,61,78,82,85,116,119" machi="48" ten="20,12000,2" yaku="1,1,0,1,7,1,25,2,52,1,54,1,53,0" doraHai="46,22" doraHaiUra="121,93" who="0" fromWho="0" sc="318,130,139,-30,260,-30,273,-60" /><INIT seed="4,0,0,1,0,11" ten="448,109,230,213" oya="0" hai0="24,122,101,103,71,21,26,87,70,17,65,96,75" hai1="14,35,117,51,22,134,69,8,86,43,89,4,66" hai2="91,61,72,92,94,30,129,3,64,110,100,106,38" hai3="36,104,28,12,19,6,79,25,120,56,88,81,114"/><T127/><D122/><U42/><E35/><V55/><F110/><W133/><G120/><T20/><D75/><U47/><E117/><V0/><F72/><W16/><G114/><T112/><D112/><U7/><E134/><V10/><F38/><W74/><G133/><T131/><D127/><U123/><E123/><V126/><F106/><W53/><G36/><T97/><D131/><U9/><E22/><V128/><F30/><W34/><G104/><T54/><D54/><U63/><E43/><V58/><F126/><W99/><G99/><T125/><D125/><U31/><E31/><V113/><F113/><W49/><REACH who="3" step="1"/><G88/><REACH who="3" ten="448,109,230,203" step="2"/><T48/><D96/><U15/><E89/><V93/><F128/><W33/><G33/><T108/><D97/><U84/><AGARI ba="0,1" hai="4,7,8,9,14,15,42,47,51,63,66,69,84,86" machi="84" ten="30,7900,0" yaku="0,1,9,1,52,2" doraHai="11" who="1" fromWho="1" sc="448,-39,109,89,230,-20,203,-20" /><INIT seed="5,0,0,1,3,78" ten="409,198,210,183" oya="1" hai0="113,114,8,124,23,60,4,33,126,106,3,61,122" hai1="103,74,89,99,10,40,25,130,86,20,128,11,75" hai2="134,116,9,0,47,77,63,2,107,111,91,13,44" hai3="37,79,54,120,125,82,49,66,42,102,16,80,95"/><U39/><E39/><V5/><F111/><W81/><G120/><T62/><D33/><U18/><E40/><V35/><F116/><W14/><G125/><N who="0" m="48235" /><D106/><N who="1" m="63871" /><E11/><V85/><F107/><W123/><G123/><T127/><N who="0" m="48243" /><T57/><DORA hai="101" /><D122/><U64/><E10/><V21/><F134/><W100/><G66/><N who="0" m="39183" /><D23/><U43/><E64/><V132/><F132/><W30/><G30/><T38/><D38/><U65/><E43/><V34/><F63/><AGARI ba="0,0" hai="3,4,8,61,62,63,113,114" m="39183,48243" machi="63" ten="40,1300,0" yaku="18,1" doraHai="78,101" who="0" fromWho="2" sc="409,13,198,0,210,-13,183,0" /><INIT seed="6,0,0,4,4,36" ten="422,198,197,183" oya="2" hai0="12,108,102,11,47,48,119,52,40,56,27,45,100" hai1="74,97,120,38,7,122,50,114,76,131,17,59,83" hai2="92,135,93,8,104,13,19,75,58,68,57,80,25" hai3="67,24,94,69,96,61,28,46,64,65,88,43,79"/><V6/><F104/><W113/><G79/><T73/><D119/><U37/><E114/><V112/><F112/><W34/><G113/><T91/><D73/><U63/><E131/><V111/><F111/><W53/><G53/><T121/><D121/><N who="1" m="46699" /><E7/><V117/><F68/><W4/><G4/><T41/><D108/><U32/><E32/><V16/><F117/><W85/><G96/><T18/><D27/><U90/><E50/><AGARI ba="0,0" hai="24,28,34,43,46,50,61,64,65,67,69,85,88,94" machi="50" ten="30,3900,0" yaku="7,1,52,1,54,1" doraHai="36" who="3" fromWho="1" sc="422,0,198,-39,197,0,183,39" /><INIT seed="7,0,0,4,2,8" ten="422,159,197,222" oya="3" hai0="76,19,57,67,113,50,131,38,48,96,87,124,7" hai1="35,40,91,4,106,39,110,108,46,63,134,41,1" hai2="12,101,116,34,65,72,132,77,83,24,49,88,78" hai3="97,118,16,10,114,120,119,103,6,126,21,102,129"/><W121/><G114/><T117/><D117/><U26/><E134/><V30/><F116/><W135/><G135/><T81/><D113/><U33/><E41/><V61/><F132/><W0/><G103/><T133/><D38/><U105/><E91/><V122/><F122/><W127/><G129/><T13/><D133/><U86/><E86/><V93/><F78/><W17/><G97/><T109/><D131/><U27/><E63/><V94/><F49/><W9/><G102/><T125/><D109/><U99/><E27/><V85/><F101/><W60/><G60/><T115/><D115/><U89/><E89/><V43/><F43/><W32/><G126/><N who="0" m="48747" /><D96/><U29/><E35/><V95/><REACH who="2" step="1"/><F12/><REACH who="2" ten="422,159,187,222" step="2"/><W58/><G118/><T90/><D48/><U52/><E108/><V42/><F42/><W25/><G119/><T44/><D50/><U84/><E110/><V55/><F55/><W47/><G127/><T23/><D13/><U11/><E52/><V22/><F22/><W5/><G21/><T82/><D23/><U74/><E74/><V112/><F112/><W75/><G75/><T98/><D76/><U18/><E99/><V31/><F31/><W104/><G120/><T123/><D98/><U56/><E84/><V66/><F66/><W54/><G54/><T70/><D123/><U111/><E111/><V15/><F15/><W130/><G121/><T128/><D67/><U73/><E73/><V20/><F20/><W107/><G130/><T14/><D128/><U53/><E18/><V36/><F36/><W37/><G16/><T28/><D19/><U62/><AGARI ba="0,1" hai="1,4,11,26,29,33,39,40,46,53,56,62,105,106" machi="62" ten="20,2700,0" yaku="5,1,0,1,7,1" doraHai="8" who="1" fromWho="1" sc="422,-7,159,37,187,-7,222,-13" owari="415,51.0,196,-20.0,180,-32.0,209,1.0" /></mjloggm>