<mjloggm ver="2.3"><GO type="169" lobby="0"/><UN n0="%E3%81%BE%E3%81%93%E3%81%95%E3%81%A8%76%65%72%32" n1="%E5%B0%B1%E6%B4%BB%E7%94%9F%40%E5%B7%9D%E6%9D%91%E8%BB%8D%E5%9B%A3" n2="%E9%BB%92%E7%8C%AB%EF%BC%BE%EF%BC%8D%EF%BC%BE" n3="%E7%84%A1%E7%A5%9E%E8%AB%96%E8%80%85" dan="16,16,16,17" rate="2169.35,2110.32,2134.25,2102.70" sx="M,M,M,M"/><TAIKYOKU oya="0"/><INIT seed="0,0,0,0,2,36" ten="250,250,250,250" oya="0" hai0="114,106,20,120,115,133,128,95,135,61,28,55,99" hai1="38,48,35,107,112,84,34,101,116,98,14,21,43" hai2="23,81,131,110,26,1,5,100,56,65,104,19,66" hai3="7,122,132,125,44,80,0,49,24,60,117,9,134"/><T4/><D4/><U15/><E116/><V77/><F131/><W102/><G117/><T30/><D120/><U63/><E38/><V113/><F113/><W129/><G122/><T62/><D106/><U45/><E112/><N who="0" m="43049" /><D20/><U57/><E84/><V123/><F123/><W71/><G102/><T105/><D105/><U124/><E124/><V88/><F110/><W58/><G71/><T29/><D55/><U18/><REACH who="1" step="1"/><E14/><REACH who="1" ten="250,240,250,250" step="2"/><V73/><F1/><W83/><G125/><T42/><D128/><U31/><E31/><V68/><F73/><W92/><G129/><T108/><D108/><U25/><E25/><V11/><F26/><W50/><G24/><T22/><D28/><U40/><E40/><V13/><F13/><W127/><G127/><T93/><D42/><U87/><E87/><V8/><F77/><W52/><G134/><T75/><D75/><U54/><AGARI ba="0,1" hai="15,18,21,34,35,43,45,48,54,57,63,98,101,107" machi="54" ten="20,5200,0" yaku="1,1,0,1,7,1,52,1,53,0" doraHai="36" doraHaiUra="130" who="1" fromWho="1" sc="250,-26,240,62,250,-13,250,-13" /><INIT seed="1,0,0,2,1,118" ten="224,302,237,237" oya="1" hai0="117,22,89,28,95,135,84,3,41,80,67,6,130" hai1="12,5,86,105,42,78,110,134,120,30,129,18,54" hai2="55,37,115,96,63,53,124,56,106,90,104,44,47" hai3="61,33,132,14,76,109,68,107,23,79,131,82,7"/><U71/><E105/><V91/><F115/><W85/><G33/><T48/><D130/><U97/><E71/><V58/><F124/><W2/><G107/><T59/><D135/><U116/><E42/><V40/><F47/><W21/><G131/><T99/><D117/><U125/><E116/><V119/><F119/><W133/><G109/><T27/><D3/><U123/><E5/><V29/><F29/><W49/><G2/><T88/><D6/><U114/><E114/><V92/><REACH who="2" step="1"/><F91/><REACH who="2" ten="224,302,227,237" step="2"/><W127/><G127/><T45/><D67/><U31/><E30/><V77/><F77/><W17/><G76/><T10/><D59/><U73/><E31/><V103/><F103/><W32/><G132/><T60/><D60/><AGARI ba="0,1" hai="37,40,44,53,55,56,58,60,63,90,92,96,104,106" machi="60" ten="30,3900,0" yaku="1,1,7,1,9,1,53,0" doraHai="118" doraHaiUra="75" who="2" fromWho="0" sc="224,-39,302,0,227,49,237,0" /><INIT seed="2,0,0,2,1,82" ten="185,302,276,237" oya="2" hai0="75,43,10,27,66,68,7,125,62,116,19,132,131" hai1="44,0,93,80,106,117,104,18,77,12,45,40,92" hai2="128,32,129,86,57,20,41,119,83,60,13,34,47" hai3="134,78,120,101,52,70,1,39,24,84,15,4,48"/><V8/><F119/><W67/><G1/><T89/><D125/><U105/><E0/><V49/><F20/><W71/><G39/><T88/><D131/><U63/><E63/><V35/><F57/><W54/><G120/><T118/><D132/><U114/><E114/><V111/><F60/><W2/><G2/><T99/><D75/><U22/><E117/><N who="0" m="45161" /><D43/><U112/><E112/><V58/><F58/><W79/><G71/><T127/><D99/><U130/><E130/><V110/><F129/><W74/><G74/><T61/><D61/><U9/><E22/><V11/><F128/><W65/><G70/><T26/><D127/><U133/><E133/><V17/><REACH who="2" step="1"/><F11/><REACH who="2" ten="185,302,266,237" step="2"/><W122/><G134/><T94/><D27/><U51/><REACH who="1" step="1"/><E44/><REACH who="1" ten="185,292,266,237" step="2"/><V121/><F121/><W72/><G122/><T81/><D62/><U109/><E109/><V37/><F37/><W107/><G24/><T16/><D68/><U115/><E115/><V59/><F59/><W90/><G65/><T98/><D66/><U50/><E50/><V31/><F31/><W85/><G48/><T3/><D10/><U21/><E21/><V28/><F28/><W126/><G67/><T95/><D26/><U76/><E76/><AGARI ba="0,2" hai="8,13,17,32,34,35,41,47,49,76,83,86,110,111" machi="76" ten="50,4800,0" yaku="1,1,52,1,53,0" doraHai="82" doraHaiUra="87" who="2" fromWho="1" sc="185,0,292,-48,266,68,237,0" /><INIT seed="2,1,0,1,4,53" ten="185,244,334,237" oya="2" hai0="8,126,4,112,22,99,58,122,127,28,74,7,75" hai1="45,51,100,3,94,72,57,50,76,66,68,12,124" hai2="64,48,125,133,2,41,135,59,134,30,95,98,23" hai3="17,25,80,90,18,61,65,47,54,79,55,33,70"/><V131/><F2/><W108/><G108/><T92/><D112/><U107/><E3/><V62/><F125/><N who="0" m="47626" /><D122/><U83/><E124/><V119/><F119/><W29/><G90/><T46/><D46/><U35/><E35/><V36/><F36/><W106/><G106/><T27/><D4/><U10/><E107/><V88/><F131/><W0/><G0/><N who="0" m="103" /><D58/><U102/><E68/><V16/><F30/><W129/><G129/><T113/><D113/><U118/><E118/><V40/><F48/><W114/><G114/><T93/><D93/><U32/><E32/><V104/><F104/><W31/><G31/><T19/><D28/><U5/><E94/><V38/><F38/><W11/><G47/><T52/><D52/><N who="1" m="31895" /><E72/><V37/><REACH who="2" step="1"/><F37/><REACH who="2" ten="185,244,324,237" step="2"/><W123/><G29/><T84/><D84/><N who="1" m="48231" /><E66/><V96/><F96/><W86/><G65/><T77/><D99/><U44/><E44/><V71/><F71/><W63/><G70/><T14/><D74/><U105/><E105/><V85/><F85/><W24/><G33/><T115/><D75/><U111/><E111/><V116/><F116/><W110/><G110/><T121/><D115/><U89/><E51/><V117/><F117/><W132/><G86/><T15/><D121/><U43/><E45/><V20/><F20/><W103/><G123/><T97/><D77/><U1/><E1/><V120/><F120/><W34/><G79/><T39/><D39/><U49/><E49/><V42/><F42/><W56/><G34/><T81/><D81/><U13/><E43/><V78/><F78/><W128/><G80/><T91/><AGARI ba="1,1" hai="14,15,19,22,27,91,92,97" m="103,47626" machi="91" ten="30,2000,0" yaku="5,1,18,1" doraHai="53" who="0" fromWho="0" sc="185,33,244,-6,324,-11,237,-6" /><INIT seed="3,0,0,3,0,12" ten="218,238,313,231" oya="3" hai0="17,0,64,109,128,127,36,95,69,54,49,39,121" hai1="124,11,15,55,46,62,66,101,33,58,74,116,56" hai2="100,3,102,106,51,42,86,48,57,63,104,79,80" hai3="119,131,94,25,96,91,38,16,23,21,37,83,59"/><W22/><G119/><T126/><D0/><U81/><E33/><V9/><F3/><W47/><G131/><T6/><D6/><U77/><E116/><V92/><F9/><W114/><G114/><T134/><D95/><U13/><E124/><N who="0" m="47657" /><D121/><U103/><E46/><V67/><F42/><W108/><G108/><T26/><D128/><U61/><REACH who="1" step="1"/><E15/><REACH who="1" ten="218,228,313,231" step="2"/><V27/><F27/><W88/><G47/><T32/><D109/><U115/><E115/><V113/><F113/><W8/><G38/><T120/><D32/><U89/><E89/><V31/><F102/><W19/><G37/><T93/><D39/><U44/><E44/><V84/><F100/><W112/><G112/><T117/><D36/><U35/><E35/><V68/><F79/><W73/><G73/><T45/><D45/><U28/><E28/><V34/><F31/><W97/><G59/><T72/><D134/><U133/><E133/><V110/><F57/><W4/><G25/><T85/><D117/><U65/><E65/><V30/><F67/><W52/><G52/><T132/><D54/><U105/><E105/><V18/><F106/><W50/><G83/><T60/><D132/><U10/><E10/><V107/><F80/><W87/><G91/><T90/><D120/><U24/><E24/><V5/><F110/><W14/><G50/><T29/><D49/><U40/><E40/><V76/><F51/><W123/><G123/><T125/><D125/><U41/><E41/><V75/><F48/><W1/><G1/><T99/><D72/><U122/><E122/><V70/><F75/><W71/><G71/><RYUUKYOKU ba="0,1" sc="218,-15,228,15,313,-15,231,15" hai1="11,13,55,56,58,61,62,66,74,77,81,101,103" hai3="4,8,14,16,19,21,22,23,87,88,94,96,97" /><INIT seed="3,1,1,1,1,44" ten="203,243,298,246" oya="3" hai0="15,90,98,126,102,96,100,127,18,1,7,70,75" hai1="55,93,39,31,133,99,42,58,134,105,45,85,53" hai2="17,103,60,80,14,67,38,49,26,48,43,91,116" hai3="128,92,130,0,40,72,3,110,119,59,86,132,71"/><W19/><G119/><T16/><D75/><U6/><E105/><V120/><F116/><W51/><G71/><T20/><D70/><U89/><E6/><V83/><F38/><W29/><G72/><T108/><D108/><U50/><E31/><V68/><F43/><W123/><G123/><T84/><D127/><U117/><E117/><V111/><F111/><W107/><G107/><T9/><D126/><U114/><E114/><V37/><F37/><W115/><G115/><T47/><D102/><U125/><E125/><V35/><F103/><W25/><G19/><T69/><D69/><U30/><E30/><V88/><F35/><W24/><G132/><N who="1" m="50794" /><E55/><V74/><F26/><N who="3" m="10347" /><G40/><T113/><D113/><U131/><E131/><N who="3" m="50218" /><G29/><T94/><D18/><U76/><E76/><V57/><F68/><W10/><G110/><T77/><D77/><U101/><E101/><V122/><F74/><W79/><G10/><T36/><D98/><AGARI ba="1,1" hai="39,42,45,50,53,58,85,89,93,98,99" m="50794" machi="98" ten="30,2000,0" yaku="20,1,52,1" doraHai="44" who="1" fromWho="0" sc="203,-23,243,33,298,0,246,0" /><INIT seed="4,0,0,4,0,36" ten="180,276,298,246" oya="0" hai0="127,12,135,2,110,4,125,22,20,102,78,29,117" hai1="68,65,80,79,120,84,114,10,94,91,50,134,101" hai2="34,23,133,41,31,82,7,49,67,39,32,11,58" hai3="44,35,16,113,73,89,126,51,62,124,59,111,92"/><T37/><D102/><U47/><E120/><V112/><F112/><W19/><G113/><T105/><D105/><U75/><E114/><V55/><F133/><W97/><G35/><T83/><D110/><U28/><E134/><V104/><F104/><W103/><G73/><T9/><D135/><U130/><E130/><V63/><F82/><W72/><G72/><T109/><D109/><U85/><E28/><V26/><F39/><W5/><G5/><T54/><D37/><U86/><E101/><V116/><F116/><W33/><G33/><T56/><D117/><U61/><REACH who="1" step="1"/><E10/><REACH who="1" ten="180,266,298,246" step="2"/><V1/><REACH who="2" step="1"/><F41/><AGARI ba="0,1" hai="41,47,50,61,65,68,75,79,80,84,85,86,91,94" machi="41" ten="30,8000,1" yaku="1,1,2,1,7,1,52,1,53,1" doraHai="36" doraHaiUra="74" who="1" fromWho="2" sc="180,0,266,90,298,-80,246,0" /><INIT seed="5,0,0,0,4,27" ten="180,356,218,246" oya="1" hai0="121,107,82,71,19,116,76,6,126,67,17,125,77" hai1="112,5,58,114,26,9,69,45,30,49,131,23,50" hai2="66,104,53,94,3,92,12,124,81,84,88,120,123" hai3="32,36,79,8,14,4,65,86,34,128,70,102,115"/><U35/><E69/><V122/><F3/><W96/><G36/><T119/><D107/><U98/><E131/><V0/><F0/><W100/><G115/><N who="1" m="44074" /><E98/><V130/><F66/><W110/><G110/><T90/><D121/><U64/><E35/><V105/><F53/><W39/><G39/><T38/><D38/><U87/><E87/><V135/><F12/><W75/><G75/><T93/><D6/><U78/><E78/><V132/><F130/><W80/><G102/><T117/><D67/><U28/><E64/><V127/><F104/><W56/><G70/><T15/><D71/><U42/><E58/><V85/><F105/><W52/><G65/><T51/><D51/><N who="1" m="27063" /><E30/><V7/><F7/><W25/><G128/><T73/><D76/><U113/><N who="1" m="44082" /><U118/><DORA hai="60" /><E118/><V63/><F63/><W46/><G46/><T72/><D72/><U133/><E133/><N who="2" m="51275" /><F85/><W109/><G109/><T44/><D44/><U108/><E108/><V55/><F55/><W18/><G52/><T31/><D31/><U61/><E61/><V103/><F103/><W40/><G40/><T41/><D41/><U134/><E134/><V47/><F47/><W21/><G56/><T89/><D17/><U22/><E22/><V43/><F43/><W99/><G99/><T54/><D54/><U62/><E62/><V68/><F68/><W10/><G86/><T24/><D119/><U13/><AGARI ba="0,0" hai="5,9,13,23,26,28,49,50" m="27063,44082" machi="13" ten="40,3900,0" yaku="15,1,52,1" doraHai="27,60" who="1" fromWho="1" sc="180,-13,356,39,218,-13,246,-13" /><INIT seed="5,1,0,3,5,104" ten="167,395,205,233" oya="1" hai0="78,132,74,114,102,129,77,105,90,17,100,120,15" hai1="71,50,89,41,61,80,21,125,81,25,85,130,112" hai2="97,59,29,35,38,103,0,42,126,66,24,4,98" hai3="86,116,118,83,62,16,84,93,51,56,45,95,70"/><U34/><E34/><V106/><F126/><W75/><G70/><T128/><D15/><U82/><E112/><V6/><F98/><W49/><G49/><T92/><D17/><U11/><E130/><N who="0" m="50281" /><D114/><U69/><E125/><V12/><F0/><W115/><G115/><T47/><D132/><U27/><E11/><V31/><F31/><W91/><G16/><T3/><D3/><U9/><E9/><V22/><F42/><W124/><G124/><T13/><D13/><U1/><E1/><V28/><F38/><W122/><G122/><T40/><D40/><U68/><E61/><V79/><F79/><W32/><G32/><T107/><D47/><U18/><E27/><V63/><F12/><W46/><G46/><T119/><D119/><U43/><E50/><V53/><F53/><W14/><G14/><T113/><D113/><U30/><E30/><V65/><F65/><W87/><G51/><T54/><D54/><U58/><E58/><V133/><F133/><W99/><G45/><T127/><D127/><U131/><E131/><V5/><F29/><W36/><G36/><T72/><D120/><U135/><E135/><V110/><F110/><W20/><G20/><T8/><D8/><U23/><E43/><V111/><F111/><W55/><G118/><T94/><D94/><U48/><E23/><V134/><F134/><W19/><G116/><T73/><D73/><U10/><E10/><V67/><F67/><W26/><G75/><N who="0" m="28715" /><D77/><U44/><AGARI ba="1,0" hai="18,21,25,41,44,48,68,69,71,80,81,82,85,89" machi="44" ten="40,2100,0" yaku="0,1" doraHai="104" who="1" fromWho="1" sc="167,-8,395,24,205,-8,233,-8" /><INIT seed="5,2,0,3,3,53" ten="159,419,197,225" oya="1" hai0="65,110,127,61,54,30,48,122,66,95,35,16,52" hai1="125,68,113,6,131,25,58,20,34,59,80,123,23" hai2="119,96,47,129,104,64,46,100,103,130,22,56,83" hai3="86,78,112,18,62,10,43,116,121,74,102,133,73"/><U98/><E68/><V1/><F119/><W120/><G116/><T28/><D110/><U17/><E123/><V87/><F1/><W76/><G43/><T69/><D122/><U7/><E34/><V0/><F0/><W89/><G62/><T101/><D101/><U93/><E113/><V36/><F103/><W111/><G111/><T79/><D79/><U117/><E117/><V92/><F104/><W63/><G63/><T41/><D41/><U21/><E80/><V71/><F71/><W85/><G18/><T82/><D82/><U37/><E37/><V109/><F109/><W134/><G10/><T99/><D127/><U108/><E131/><N who="2" m="50187" /><F22/><N who="1" m="8809" /><E125/><V11/><F11/><W12/><G102/><T90/><D65/><U45/><E45/><N who="2" m="16907" /><F64/><W126/><G126/><T57/><D57/><N who="1" m="21515" /><E108/><V77/><F36/><W13/><G112/><T31/><D35/><U70/><E70/><V97/><F56/><W8/><G8/><T105/><D105/><U2/><E2/><V75/><F75/><W91/><AGARI ba="2,0" hai="12,13,73,74,76,78,85,86,89,91,120,121,133,134" machi="91" ten="25,3200,0" yaku="0,1,22,2" doraHai="53" who="3" fromWho="3" sc="159,-10,419,-18,197,-10,225,38" /><INIT seed="6,0,0,3,0,35" ten="149,401,187,263" oya="2" hai0="48,102,22,75,132,101,62,119,79,5,44,59,99" hai1="88,100,25,49,63,42,69,68,94,18,77,91,73" hai2="131,9,95,134,71,97,113,90,15,4,128,14,3" hai3="51,129,55,27,29,86,126,17,16,34,133,109,123"/><V110/><F71/><W76/><G109/><T107/><D119/><U56/><E100/><V46/><F110/><W127/><G123/><T89/><D132/><U37/><E37/><V116/><F116/><W54/><G133/><T121/><D121/><U81/><E49/><V118/><F118/><W67/><G67/><T72/><D5/><U41/><E68/><V38/><F134/><W84/><G129/><N who="2" m="49737" /><F113/><W106/><G106/><T57/><D101/><U64/><E69/><V85/><F97/><W108/><G108/><T45/><D59/><U2/><E2/><V13/><F46/><W120/><G120/><T11/><D11/><U92/><E25/><V125/><F125/><N who="3" m="47627" /><G55/><T58/><D79/><U103/><E103/><V12/><F38/><W24/><G76/><T0/><D0/><AGARI ba="0,0" hai="0,3,4,9,12,13,14,15,85,90,95" m="49737" machi="0" ten="30,5800,0" yaku="19,1,52,2" doraHai="35" who="2" fromWho="0" sc="149,-58,401,0,187,58,263,0" /><INIT seed="6,1,0,2,4,122" ten="91,401,245,263" oya="2" hai0="34,4,108,101,118,16,84,15,74,103,132,104,81" hai1="40,117,124,50,14,57,86,116,65,78,32,36,96" hai2="42,33,48,17,1,91,76,19,66,100,135,39,8" hai3="46,23,5,93,3,35,113,12,69,6,44,102,133"/><V95/><F39/><W121/><G121/><T53/><D108/><U131/><E32/><V71/><F33/><W37/><G35/><T98/><D118/><U68/><E96/><V18/><F135/><W61/><G3/><T109/><D34/><U114/><E86/><V87/><F71/><W31/><G133/><T25/><D109/><U56/><E78/><V83/><F66/><W7/><G37/><T94/><D132/><U105/><E105/><V73/><F1/><W125/><G69/><T26/><D4/><U41/><E14/><V52/><F42/><W29/><G125/><T99/><D74/><U123/><E123/><V63/><F63/><W0/><G61/><T115/><D115/><U128/><E36/><V82/><F100/><W2/><G2/><T127/><D127/><U45/><E114/><V51/><F51/><W90/><G102/><T21/><D21/><U11/><E11/><V130/><F130/><N who="1" m="49705" /><E41/><V112/><F112/><W43/><G43/><T134/><D134/><U38/><E124/><V20/><F8/><W70/><G0/><T107/><D94/><U64/><E64/><V55/><F55/><W119/><G113/><T72/><D72/><U89/><E89/><V10/><F10/><W28/><G119/><N who="1" m="45642" /><E38/><V126/><F126/><W88/><G90/><T120/><D120/><U60/><AGARI ba="1,0" hai="40,45,50,56,57,60,65,68" m="45642,49705" machi="60" ten="40,5200,0" yaku="19,1,34,2" doraHai="122" who="1" fromWho="1" sc="91,-14,401,55,245,-27,263,-14" /><INIT seed="7,0,0,0,1,126" ten="77,456,218,249" oya="3" hai0="15,39,75,52,91,41,121,114,83,10,105,30,131" hai1="89,26,21,24,107,31,13,67,80,19,48,62,29" hai2="22,63,84,117,113,17,16,42,85,9,53,111,97" hai3="3,4,11,55,5,123,109,20,99,96,8,81,124"/><W66/><G123/><T54/><D121/><U98/><E107/><V110/><F113/><W6/><G124/><T1/><D131/><U92/><E80/><V82/><F117/><W118/><G118/><T36/><D39/><U72/><E72/><V71/><F42/><W94/><G109/><T77/><D114/><U58/><E48/><V133/><F133/><W102/><G66/><T34/><D105/><U95/><E95/><V0/><F84/><W56/><G96/><T43/><D43/><U134/><E134/><V125/><F97/><W49/><G3/><T65/><D65/><U104/><E104/><V12/><F125/><W38/><G38/><T130/><D130/><U47/><E47/><V112/><F112/><W101/><G101/><T25/><D91/><U93/><E93/><V87/><F87/><W108/><G108/><T116/><D116/><U27/><AGARI ba="0,0" hai="13,19,21,24,26,27,29,31,58,62,67,89,92,98" machi="27" ten="30,2000,0" yaku="0,1,8,1" doraHai="126" who="1" fromWho="1" sc="77,-5,456,20,218,-5,249,-10" owari="72,-43.0,476,58.0,213,-19.0,239,4.0" /></mjloggm>