<mjloggm ver="2.3"><GO type="41" lobby="0"/><UN n0="%E3%81%86%E3%81%AF%E3%81%A1%E3%81%83" n1="%50%4E%52%41" n2="%E5%A4%A9%E7%A5%9E%E4%B9%83%E9%9B%80" n3="%E5%B0%B1%E6%B4%BB%E7%94%9F%40%E5%B7%9D%E6%9D%91%E8%BB%8D%E5%9B%A3" dan="14,14,15,15" rate="2094.56,1923.93,1957.90,1938.37" sx="M,M,M,M"/><TAIKYOKU oya="0"/><INIT seed="0,0,0,2,0,43" ten="250,250,250,250" oya="0" hai0="99,40,23,42,135,39,118,22,9,44,19,13,31" hai1="4,105,129,72,76,101,78,26,123,47,10,112,130" hai2="15,80,55,131,114,57,56,71,104,94,8,67,127" hai3="61,34,70,88,49,83,68,110,98,33,59,63,45"/><T41/><D118/><U92/><E105/><V64/><F104/><W37/><G110/><T117/><D117/><U95/><E123/><V54/><F114/><W128/><G128/><N who="1" m="49258" /><E112/><V51/><F127/><W93/><G37/><T82/><D135/><U74/><E26/><V0/><F71/><W90/><G70/><T133/><D133/><U134/><E134/><V85/><F94/><N who="1" m="35881" /><E101/><V66/><F0/><W102/><G68/><T87/><D99/><U113/><E113/><V126/><F126/><W86/><G61/><T14/><D31/><U58/><E58/><V36/><F36/><W53/><REACH who="3" step="1"/><G102/><REACH who="3" ten="250,250,250,240" step="2"/><T5/><REACH who="0" step="1"/><D23/><REACH who="0" ten="240,250,250,240" step="2"/><U28/><E10/><V35/><F131/><W27/><G27/><T84/><D84/><U2/><E74/><V96/><F35/><W65/><AGARI ba="0,2" hai="33,34,45,49,53,59,63,65,83,86,88,90,93,98" machi="65" ten="20,12000,2" yaku="1,1,0,1,7,1,52,1,54,1,53,1" doraHai="43" doraHaiUra="50" who="3" fromWho="3" sc="240,-60,250,-30,250,-30,240,140" /><INIT seed="1,0,0,4,3,90" ten="180,220,220,380" oya="1" hai0="44,0,11,68,110,21,34,112,119,89,81,48,133" hai1="16,30,115,24,50,79,23,114,63,37,120,113,25" hai2="29,78,59,66,55,56,51,80,73,117,22,106,8" hai3="3,38,28,45,103,18,70,42,88,26,109,93,47"/><U69/><E37/><V67/><F106/><W58/><G70/><T40/><D34/><U131/><E120/><V87/><F117/><W14/><G3/><T62/><D112/><U102/><E131/><V15/><F73/><W86/><G109/><T128/><D128/><U9/><E79/><V12/><F59/><W105/><G47/><T107/><D107/><U118/><E118/><V82/><F82/><W71/><G71/><T72/><D119/><U104/><E50/><V46/><F56/><W129/><G129/><T116/><D133/><U122/><E122/><V97/><F97/><W39/><G58/><T43/><D43/><U123/><E123/><V36/><F36/><W2/><G2/><T20/><D110/><U53/><E9/><V32/><F32/><W135/><G135/><T76/><D89/><U98/><E53/><V4/><REACH who="2" step="1"/><F15/><REACH who="2" ten="180,220,210,380" step="2"/><W35/><G105/><T95/><D81/><U125/><E115/><V19/><F19/><W1/><G1/><T99/><D0/><U31/><E16/><V5/><F5/><W33/><G33/><T77/><D116/><U64/><E125/><V60/><F60/><W61/><G61/><T57/><D72/><U13/><E13/><V92/><F92/><W124/><G124/><T17/><D68/><U65/><E65/><V75/><F75/><W108/><G108/><T49/><D62/><U84/><E114/><V85/><F85/><W96/><G39/><T10/><D17/><U121/><E113/><V132/><F132/><W52/><G18/><T127/><D127/><U111/><E121/><V74/><F74/><RYUUKYOKU ba="0,1" sc="180,-10,220,-10,210,30,380,-10" hai2="4,8,12,22,29,46,51,55,66,67,78,80,87" /><INIT seed="2,1,1,5,1,18" ten="170,210,240,370" oya="2" hai0="64,122,28,89,79,111,135,115,3,77,78,107,8" hai1="73,49,95,43,52,27,82,121,119,30,105,84,33" hai2="100,31,46,118,125,120,109,54,47,127,74,59,65" hai3="93,26,72,32,53,108,39,2,12,40,90,131,16"/><V14/><F120/><W71/><G2/><T23/><D115/><U48/><E105/><V83/><F118/><W134/><G72/><T114/><D122/><U81/><E121/><V55/><F100/><W35/><G71/><T130/><D107/><U69/><E69/><V103/><F103/><W80/><G108/><T22/><D114/><U126/><E119/><V76/><F109/><W96/><G131/><T1/><D111/><U38/><E38/><V11/><F31/><W41/><G134/><T34/><D135/><U45/><E126/><N who="2" m="48139" /><F65/><W50/><G80/><T63/><D3/><U87/><E73/><V21/><F21/><W25/><G32/><T58/><D130/><U15/><E15/><V57/><F57/><N who="3" m="32951" /><G39/><T132/><D132/><U36/><E36/><V5/><F55/><W42/><G35/><T19/><D1/><U13/><E13/><V6/><F5/><W101/><G101/><T67/><D28/><U106/><E106/><V102/><F102/><W88/><G90/><T7/><D34/><U68/><E68/><V92/><F92/><W104/><G104/><T24/><D67/><U123/><E123/><V129/><F129/><W4/><G4/><T44/><D7/><U86/><REACH who="1" step="1"/><E95/><REACH who="1" ten="170,200,240,370" step="2"/><V91/><F91/><W62/><G62/><AGARI ba="1,2" hai="6,11,14,46,47,54,59,62,74,76,83" m="48139" machi="62" ten="30,1500,0" yaku="18,1" doraHai="18" who="2" fromWho="3" sc="170,0,200,0,240,38,370,-18" /><INIT seed="2,2,0,3,2,103" ten="170,200,278,352" oya="2" hai0="12,118,47,127,84,17,24,38,133,80,67,100,106" hai1="43,48,42,53,27,69,1,83,33,0,87,58,7" hai2="22,131,94,86,45,73,130,85,79,129,3,76,68" hai3="93,5,102,121,96,125,89,71,108,99,82,119,23"/><V72/><F68/><W41/><G71/><T54/><D133/><U128/><E69/><V92/><F3/><W21/><G119/><T13/><D127/><U88/><E128/><V110/><F45/><W123/><G125/><T28/><D118/><U15/><E15/><V2/><F2/><W111/><G41/><T11/><D67/><U63/><E1/><V4/><F22/><W20/><G5/><T107/><D100/><U36/><E36/><V74/><F4/><W62/><G62/><T44/><D44/><U40/><E0/><V19/><F19/><W90/><G82/><T46/><D46/><U52/><E7/><V134/><F134/><W116/><G116/><T16/><D38/><U49/><REACH who="1" step="1"/><E53/><REACH who="1" ten="170,190,278,352" step="2"/><V59/><F110/><N who="3" m="42027" /><G90/><N who="0" m="51463" /><D24/><U18/><E18/><V32/><F32/><W37/><G37/><T135/><D28/><AGARI ba="2,1" hai="27,28,33,40,42,43,48,49,52,58,63,83,87,88" machi="28" ten="40,5200,0" yaku="1,1,54,2,53,0" doraHai="103" doraHaiUra="6" who="1" fromWho="0" sc="170,-58,190,68,278,0,352,0" /><INIT seed="3,0,0,5,5,76" ten="112,258,278,352" oya="3" hai0="36,105,77,113,86,57,51,22,71,56,97,101,74" hai1="104,119,68,24,63,112,122,14,17,98,45,60,85" hai2="4,29,80,70,124,21,127,34,108,18,42,69,8" hai3="7,95,58,9,33,135,41,61,92,93,32,65,130"/><W90/><G130/><T62/><D71/><U10/><E122/><V27/><F108/><W123/><G123/><T78/><D36/><U48/><E112/><V2/><F42/><W125/><G125/><T6/><D74/><U102/><E119/><V91/><F91/><W126/><G135/><T44/><D113/><U110/><E110/><V26/><REACH who="2" step="1"/><F80/><REACH who="2" ten="112,258,268,352" step="2"/><W12/><G41/><T40/><D78/><U73/><E102/><V23/><F23/><W132/><G132/><T107/><D22/><U100/><E100/><V19/><F19/><W111/><G111/><T72/><D72/><U3/><E17/><V120/><F120/><W94/><REACH who="3" step="1"/><G126/><AGARI ba="0,1" hai="2,4,8,18,21,26,27,29,34,69,70,124,126,127" machi="126" ten="40,2600,0" yaku="1,1,18,1,53,0" doraHai="76" doraHaiUra="50" who="2" fromWho="3" sc="112,0,258,0,268,36,352,-26" /><INIT seed="4,0,0,4,5,81" ten="112,258,304,326" oya="0" hai0="35,76,57,8,108,90,100,70,1,63,82,55,119" hai1="92,125,69,59,40,75,41,17,56,131,10,77,33" hai2="118,67,73,135,22,88,42,109,115,78,117,26,95" hai3="132,43,27,30,123,5,104,105,94,64,72,29,97"/><T44/><D35/><U11/><E69/><V48/><F109/><W0/><G72/><T46/><D119/><N who="2" m="45578" /><F67/><W32/><G123/><T113/><D108/><U114/><E33/><V50/><F42/><W129/><G30/><T14/><D1/><U49/><E125/><V38/><F38/><W130/><G132/><T89/><D113/><U4/><E131/><N who="3" m="50186" /><G43/><T86/><D100/><U47/><E114/><V9/><F9/><N who="3" m="2215" /><G64/><T101/><D101/><AGARI ba="0,0" hai="27,29,32,94,97,101,104,105" m="2215,50186" machi="101" ten="30,1000,0" yaku="19,1" doraHai="81" who="3" fromWho="0" sc="112,-10,258,0,304,0,326,10" /><INIT seed="5,0,0,5,0,93" ten="102,258,304,336" oya="1" hai0="72,119,83,48,50,27,26,57,39,82,52,62,59" hai1="80,117,91,90,32,98,45,88,33,18,131,5,31" hai2="123,96,7,107,86,85,21,69,112,8,100,111,28" hai3="101,95,23,103,108,115,14,20,3,76,135,61,12"/><U132/><E117/><V70/><F123/><W11/><G3/><T120/><D39/><U81/><E5/><V104/><F111/><W25/><G108/><T121/><D62/><U60/><E132/><V49/><F104/><W37/><G37/><T36/><D36/><U24/><E131/><V54/><F112/><W75/><G135/><T99/><D99/><U79/><E32/><V127/><F127/><W63/><G115/><T22/><D22/><U124/><E124/><V16/><F28/><W89/><G76/><T38/><D38/><U94/><E18/><V41/><F41/><W116/><G75/><T87/><D87/><U77/><E60/><N who="3" m="23114" /><G14/><T68/><D68/><U106/><E106/><V133/><F70/><W126/><G23/><T129/><D129/><U58/><E58/><V0/><F69/><W53/><G53/><T125/><D125/><U6/><E6/><V78/><F78/><W73/><G73/><T97/><D72/><U19/><E19/><V118/><F133/><W105/><G105/><T35/><D35/><U92/><E45/><V13/><REACH who="2" step="1"/><F118/><REACH who="2" ten="102,258,294,336" step="2"/><W51/><G116/><T2/><D119/><U34/><E31/><V10/><F10/><W47/><G11/><T42/><D42/><U74/><E79/><V122/><F122/><W29/><G126/><T102/><D121/><U67/><E77/><V71/><F71/><W64/><G64/><T65/><D120/><U130/><E130/><V15/><F15/><W66/><G12/><T84/><D65/><U55/><E67/><V30/><F30/><W114/><G66/><T9/><D9/><RYUUKYOKU ba="0,1" sc="102,-10,258,-10,294,30,336,-10" hai2="0,7,8,13,16,21,49,54,85,86,96,100,107" /><INIT seed="6,1,1,3,4,70" ten="92,248,324,326" oya="2" hai0="134,23,39,106,72,114,62,74,30,115,49,79,123" hai1="0,108,12,35,9,4,125,92,57,26,33,71,46" hai2="129,118,16,63,76,91,97,89,58,32,21,135,53" hai3="69,14,24,36,117,34,119,133,88,121,68,18,99"/><V78/><F118/><W96/><G121/><T47/><D106/><U2/><E71/><V94/><F129/><W85/><G133/><T77/><D62/><U19/><E57/><V6/><F135/><W29/><G69/><T54/><D134/><U100/><E108/><V82/><F32/><W13/><G68/><T37/><D123/><U20/><E46/><V7/><F89/><W128/><G128/><T80/><D30/><U38/><E38/><N who="0" m="14345" /><D23/><U5/><E92/><V130/><F130/><W1/><G1/><N who="1" m="618" /><E100/><V116/><F116/><W41/><G14/><T56/><D80/><U124/><E4/><N who="2" m="1579" /><F82/><W127/><G119/><T98/><D47/><U75/><E75/><N who="0" m="28713" /><D98/><U3/><N who="1" m="626" /><U93/><DORA hai="112" /><E93/><V52/><F53/><W59/><G117/><T83/><D83/><U61/><E61/><V122/><F122/><W86/><G96/><T113/><AGARI ba="1,1" hai="49,54,56,77,79,113,114,115" m="28713,14345" machi="113" ten="40,8000,1" yaku="15,1,52,3" doraHai="70,112" who="0" fromWho="0" sc="92,93,248,-21,324,-41,326,-21" /><INIT seed="7,0,0,1,5,60" ten="185,227,283,305" oya="3" hai0="96,103,41,59,113,66,38,112,67,68,77,36,64" hai1="121,18,43,122,98,15,30,1,62,6,99,123,14" hai2="78,44,106,50,28,37,21,108,71,133,53,32,85" hai3="91,120,82,65,54,95,23,76,49,89,119,127,81"/><W111/><G120/><T40/><D77/><U104/><E30/><V92/><F106/><W27/><G119/><T131/><D96/><U63/><E1/><V73/><F73/><W80/><G111/><T25/><D25/><U130/><E43/><N who="0" m="16457" /><D103/><U115/><E115/><N who="0" m="44105" /><D131/><U124/><E130/><V132/><F71/><W86/><G127/><T84/><D84/><U134/><E124/><V20/><F37/><N who="0" m="14442" /><D59/><U88/><E6/><V100/><F78/><W29/><G89/><T48/><D48/><U11/><E14/><V24/><F100/><W97/><G76/><T33/><D33/><U52/><E104/><V26/><F32/><W58/><G97/><T31/><D31/><U5/><E5/><V8/><F8/><W105/><G105/><T117/><D117/><U22/><E11/><V19/><F85/><W0/><G0/><T46/><D46/><U51/><E99/><V17/><F92/><W16/><G29/><T42/><D42/><U35/><E35/><V83/><F83/><W61/><G95/><T47/><D47/><AGARI ba="0,0" hai="16,23,27,47,49,54,58,61,65,80,81,82,86,91" machi="47" ten="30,11600,0" yaku="7,1,8,1,52,1,54,1" doraHai="60" who="3" fromWho="0" sc="185,-116,227,0,283,0,305,116" owari="69,-43.0,227,-17.0,283,8.0,421,52.0" /></mjloggm>