<mjloggm ver="2.3"><GO type="97" lobby="0"/><UN n0="%E3%83%88%E3%83%88%E3%83%AA%E5%85%88%E7%94%9F%31%39%E6%AD%B3" n1="%6A%61%6E%67%2D%6B%65%79" n2="%4D%49%59%55%52%4F" n3="%6B%75%72%6F%74%6F%6D%6F" dan="14,15,15,14" rate="2035.11,2001.47,1919.92,1879.97" sx="F,M,F,M"/><TAIKYOKU oya="0"/><INIT seed="0,0,0,0,1,26" ten="250,250,250,250" oya="0" hai0="37,52,86,16,33,59,8,90,44,115,122,128,119" hai1="63,73,70,87,24,129,69,83,103,4,107,113,45" hai2="17,89,46,91,56,132,9,34,74,130,94,54,123" hai3="11,7,14,79,58,81,126,13,109,22,72,116,112"/><T77/><D115/><U111/><E113/><V110/><F74/><W114/><G116/><T43/><D119/><U32/><E129/><V76/><F110/><W55/><G109/><T65/><D128/><U134/><E111/><V38/><F123/><W71/><G126/><T47/><D122/><U36/><E134/><V50/><F34/><W1/><G71/><T85/><D33/><U121/><E121/><V67/><F76/><W131/><G131/><T15/><D65/><U39/><E4/><V78/><F78/><W23/><G23/><T84/><D47/><U31/><E87/><V10/><F132/><W92/><G13/><T2/><D2/><U0/><E0/><V135/><F135/><W30/><G1/><T105/><D105/><U66/><E69/><V125/><F125/><W62/><REACH who="3" step="1"/><G92/><REACH who="3" ten="250,250,250,240" step="2"/><T104/><D104/><U35/><E35/><V6/><F94/><W117/><G117/><T80/><REACH who="0" step="1"/><D77/><REACH who="0" ten="240,250,250,240" step="2"/><N who="1" m="44463" /><E45/><V88/><F46/><W98/><G98/><AGARI ba="0,2" hai="24,31,32,36,39,63,66,70,98,103,107" m="44463" machi="98" ten="30,7700,0" yaku="25,1,33,2,52,1" doraHai="26" who="1" fromWho="3" sc="240,0,250,97,250,0,240,-77" /><INIT seed="1,0,0,4,0,8" ten="240,347,250,163" oya="1" hai0="80,106,32,87,29,58,40,64,97,67,71,25,115" hai1="35,53,104,118,14,135,10,56,44,100,54,76,75" hai2="81,21,42,28,0,50,86,125,23,13,96,121,108" hai3="126,123,103,18,112,60,20,133,52,117,91,110,88"/><U111/><E118/><V132/><F121/><W116/><G123/><T48/><D115/><U92/><E35/><V34/><F108/><W101/><G110/><T134/><D134/><U72/><E135/><V124/><F0/><W84/><G112/><T38/><D38/><U69/><E69/><V6/><F34/><W43/><G133/><T2/><D2/><U122/><E122/><V57/><F96/><W33/><G43/><T93/><D106/><U27/><E104/><V85/><F132/><W12/><G126/><N who="2" m="48745" /><F28/><W41/><G41/><T59/><D71/><U95/><E111/><V98/><F98/><W16/><G33/><T102/><D58/><U49/><E100/><N who="3" m="38474" /><G84/><N who="2" m="32361" /><F81/><W68/><G68/><T51/><D40/><U127/><E127/><V55/><F42/><W114/><G114/><T24/><D32/><U61/><E75/><V65/><F65/><W83/><G83/><T31/><D64/><U78/><E72/><V7/><F7/><W94/><G94/><N who="1" m="35882" /><E27/><V36/><F36/><W15/><G117/><T70/><D24/><U77/><E77/><V4/><F4/><AGARI ba="0,0" hai="4,10,14,44,49,53,54,56,61,76,78" m="35882" machi="4" ten="30,2900,0" yaku="8,1,52,1" doraHai="8" who="1" fromWho="2" sc="240,0,347,29,250,-29,163,0" /><INIT seed="1,1,0,3,5,31" ten="240,376,221,163" oya="1" hai0="55,40,56,71,99,35,43,124,70,77,118,119,89" hai1="19,129,84,6,48,47,51,27,90,134,117,72,61" hai2="32,24,63,59,64,20,50,123,29,10,115,57,127" hai3="81,96,79,44,92,126,103,38,17,58,91,53,78"/><U37/><E72/><V76/><F123/><W34/><G34/><T62/><D77/><U2/><E117/><V106/><F127/><W120/><G120/><T130/><D99/><U5/><E37/><V67/><F106/><W54/><G126/><T95/><D95/><U104/><E104/><V128/><F128/><W86/><G38/><T135/><D89/><U111/><E129/><V82/><F10/><W33/><G33/><T22/><D22/><N who="1" m="13791" /><E2/><V97/><F97/><W110/><G110/><T69/><D35/><U113/><E113/><V80/><F115/><W21/><G44/><T100/><D100/><U12/><E111/><V87/><F80/><W7/><G7/><N who="1" m="2570" /><E134/><V23/><REACH who="2" step="1"/><F50/><REACH who="2" ten="240,376,211,163" step="2"/><W18/><G79/><T132/><D124/><U3/><E51/><V125/><F125/><W93/><G78/><T112/><D130/><U46/><E48/><V41/><F41/><N who="0" m="15946" /><D112/><U60/><E3/><V105/><F105/><W88/><G21/><T101/><D101/><U52/><E12/><V42/><F42/><W122/><G122/><T13/><D13/><U131/><E131/><V39/><F39/><W15/><G54/><T109/><D109/><U133/><E133/><AGARI ba="1,1" hai="55,56,62,69,70,71,118,119,132,133,135" m="15946" machi="133" ten="40,5200,0" yaku="20,1,34,2" doraHai="31" who="0" fromWho="1" sc="240,65,376,-55,211,0,163,0" /><INIT seed="2,0,0,2,0,98" ten="305,321,211,163" oya="2" hai0="118,54,11,46,17,112,109,88,55,18,105,111,125" hai1="129,59,104,6,80,27,66,86,36,19,62,132,30" hai2="90,10,76,13,2,40,114,49,124,119,106,69,87" hai3="117,33,127,65,101,24,107,43,123,34,60,52,22"/><V95/><F114/><W85/><G127/><T79/><D112/><U58/><E104/><V126/><F106/><W96/><G123/><T78/><D105/><U61/><E36/><V50/><F69/><W53/><G117/><T57/><D125/><N who="2" m="48234" /><F119/><W72/><G72/><T4/><D118/><U70/><E129/><V16/><F2/><W47/><G34/><T103/><D103/><U130/><E130/><V63/><F63/><W3/><G3/><N who="0" m="415" /><D46/><U82/><E132/><V21/><F76/><N who="0" m="29226" /><D55/><U44/><E6/><N who="2" m="3287" /><F40/><W41/><G85/><T89/><D18/><U81/><E19/><V102/><F102/><W92/><G107/><T35/><D17/><U28/><E44/><V20/><F20/><W1/><G1/><T94/><D94/><U122/><E122/><V25/><AGARI ba="0,0" hai="16,21,25,49,50,87,90,95" m="3287,48234" machi="25" ten="30,3000,0" yaku="18,1,54,1" doraHai="98" who="2" fromWho="2" sc="305,-10,321,-10,211,30,163,-10" /><INIT seed="2,1,0,2,0,35" ten="295,311,241,153" oya="2" hai0="45,53,95,64,68,98,71,133,56,74,127,87,118" hai1="70,75,101,126,8,116,52,25,113,65,82,44,28" hai2="97,119,1,109,103,34,14,72,51,38,6,115,19" hai3="106,84,2,3,29,85,90,67,59,112,22,62,134"/><V17/><F115/><W39/><G134/><T135/><D74/><U100/><E116/><V117/><F38/><W9/><G106/><T105/><D127/><U20/><E113/><V23/><F34/><W27/><G112/><T48/><D118/><U5/><E126/><V58/><F72/><W21/><G39/><T108/><D108/><U37/><E65/><V129/><F129/><W16/><G9/><T130/><D130/><U89/><E70/><V26/><F109/><W50/><G50/><T42/><D105/><U99/><E75/><V18/><F14/><W61/><G61/><T13/><D87/><U81/><E89/><V94/><F117/><W107/><G107/><T41/><D13/><U15/><E101/><V121/><F121/><W78/><G78/><T104/><D104/><U12/><E12/><V120/><F120/><W92/><REACH who="3" step="1"/><G84/><REACH who="3" ten="295,311,241,143" step="2"/><T60/><D133/><U57/><E37/><V11/><REACH who="2" step="1"/><F119/><REACH who="2" ten="295,311,231,143" step="2"/><W102/><G102/><T63/><D135/><U54/><E100/><V131/><F131/><W80/><G80/><T31/><D71/><U77/><E82/><V88/><F88/><W24/><AGARI ba="1,2" hai="2,3,16,21,22,24,27,29,59,62,67,85,90,92" machi="24" ten="20,12000,2" yaku="1,1,0,1,7,1,52,2,54,1,53,0" doraHai="35" doraHaiUra="124" who="3" fromWho="3" sc="295,-31,311,-31,231,-61,143,143" /><INIT seed="3,0,0,5,1,121" ten="264,280,170,286" oya="3" hai0="112,4,44,11,66,77,15,94,24,134,7,80,88" hai1="3,129,78,89,117,100,16,28,5,87,101,56,108" hai2="92,64,104,49,83,14,37,9,82,103,125,81,126" hai3="111,25,45,109,102,40,90,41,18,95,2,65,34"/><W79/><G2/><T1/><D134/><U115/><E115/><V71/><F37/><W70/><G79/><T53/><D112/><U131/><E117/><V61/><F49/><W135/><G135/><T97/><D66/><U128/><E78/><V12/><F104/><W85/><G70/><T130/><D130/><U68/><E68/><V33/><F33/><W122/><G122/><T32/><D32/><U110/><E28/><V116/><F116/><W58/><G102/><N who="1" m="39530" /><E56/><V46/><F46/><W84/><G84/><N who="0" m="48143" /><D1/><U60/><E60/><V96/><REACH who="2" step="1"/><F9/><REACH who="2" ten="264,280,160,286" step="2"/><W43/><G45/><T107/><D107/><U123/><E123/><V39/><F39/><W42/><G42/><T26/><D7/><U69/><E69/><V73/><F73/><W114/><G114/><T50/><AGARI ba="0,1" hai="4,11,15,24,26,44,50,53,88,94,97" m="48143" machi="50" ten="30,2000,0" yaku="8,1,54,1" doraHai="121" who="0" fromWho="0" sc="264,30,280,-5,160,-5,286,-10" /><INIT seed="4,0,0,0,1,11" ten="294,275,155,276" oya="0" hai0="131,119,5,8,53,97,16,129,19,34,104,118,28" hai1="107,132,17,109,91,10,75,59,82,106,30,40,111" hai2="7,46,68,42,100,22,133,101,71,130,98,25,88" hai3="14,120,115,110,96,61,89,1,90,39,57,80,125"/><T122/><D122/><U92/><E30/><V99/><F130/><N who="0" m="49674" /><D53/><U121/><E121/><V26/><F133/><W74/><G110/><T3/><D28/><U67/><E40/><V79/><F7/><W126/><G1/><T9/><D34/><U20/><E10/><V64/><F79/><N who="3" m="44151" /><G120/><T45/><D45/><U124/><E132/><V23/><F46/><W31/><G115/><T128/><D128/><U55/><E67/><V66/><REACH who="2" step="1"/><F42/><REACH who="2" ten="294,275,145,276" step="2"/><W69/><G39/><T73/><D5/><U102/><E109/><V134/><F134/><W32/><G69/><T6/><D6/><U47/><E111/><V43/><F43/><W72/><G72/><T112/><D73/><U78/><E47/><V18/><F18/><W58/><G32/><T50/><D3/><U135/><E135/><V70/><F70/><W103/><G126/><T56/><D19/><U95/><E124/><V93/><F93/><W27/><G125/><T77/><D16/><U84/><E95/><V51/><F51/><W37/><G37/><T117/><D77/><U108/><E108/><V36/><F36/><W62/><G31/><T48/><D48/><N who="1" m="31207" /><E102/><V52/><F52/><W65/><G103/><N who="0" m="62575" /><D112/><U35/><E35/><V15/><F15/><AGARI ba="0,1" hai="15,17,20,75,78,82,84,91,92,106,107" m="31207" machi="15" ten="30,2000,0" yaku="25,1,52,1" doraHai="11" who="1" fromWho="2" sc="294,0,275,30,145,-20,276,0" owari="294,9.0,305,40.0,125,-37.0,276,-12.0" /></mjloggm>