<mjloggm ver="2.3"><GO type="225" lobby="0"/><UN n0="%E3%83%88%E3%83%88%E3%83%AA%E5%85%88%E7%94%9F%31%39%E6%AD%B3" n1="%E6%A1%9C%E4%BA%95%E3%81%82%E3%82%86" n2="%E8%A6%AA%E6%8C%87%EF%BC%88%E5%A4%A7%EF%BC%89" n3="%E8%B6%85%E4%BA%BA%EF%BC%AD" dan="18,16,16,16" rate="2256.72,2082.38,2091.25,2238.42" sx="F,F,M,M"/><TAIKYOKU oya="0"/><INIT seed="0,0,0,2,0,59" ten="250,250,250,250" oya="0" hai0="118,61,108,13,40,48,41,45,99,10,66,95,87" hai1="72,98,115,106,88,26,1,65,101,102,16,37,74" hai2="119,3,60,63,52,0,92,49,35,103,67,57,130" hai3="68,132,22,97,53,116,18,86,11,56,109,30,9"/><T111/><D118/><U107/><E37/><V90/><F119/><W77/><G68/><T113/><D113/><U55/><E1/><V24/><F130/><W23/><G116/><T36/><D87/><U32/><E65/><V94/><F103/><W31/><G97/><T124/><D124/><U128/><E128/><V20/><F35/><W112/><G112/><T82/><D82/><U75/><E115/><V6/><F6/><W76/><G132/><T83/><D83/><U5/><E5/><V127/><F127/><W42/><G42/><T78/><D78/><N who="3" m="30313" /><G86/><T105/><D105/><U62/><E88/><V25/><F25/><N who="3" m="16703" /><G31/><T44/><D95/><U38/><E38/><V134/><F134/><W114/><G109/><T50/><D99/><U91/><E91/><V58/><F49/><N who="3" m="30767" /><G114/><T21/><D21/><U19/><E32/><V46/><F46/><W81/><G81/><T71/><REACH who="0" step="1"/><D36/><REACH who="0" ten="240,250,250,250" step="2"/><U51/><E106/><V15/><F94/><W121/><G121/><T79/><D79/><U89/><E98/><V73/><F73/><W120/><G120/><T7/><AGARI ba="0,1" hai="7,10,13,40,41,44,45,48,50,61,66,71,108,111" machi="7" ten="30,11700,0" yaku="1,1,0,1,9,1,52,1,53,0" doraHai="59" doraHaiUra="96" who="0" fromWho="0" sc="240,127,250,-39,250,-39,250,-39" /><INIT seed="0,1,0,1,5,12" ten="367,211,211,211" oya="0" hai0="43,61,25,17,24,44,79,26,32,94,89,5,60" hai1="37,57,105,75,132,64,29,71,92,2,6,54,102" hai2="3,46,66,111,84,45,72,122,91,82,108,134,104" hai3="99,77,35,59,130,14,42,68,39,112,133,62,0"/><T9/><D79/><U33/><E92/><V30/><F122/><W107/><G0/><T38/><D32/><U65/><E57/><V93/><F3/><W113/><G35/><T116/><D116/><U117/><E54/><V58/><F104/><W22/><G68/><T96/><REACH who="0" step="1"/><D17/><REACH who="0" ten="357,211,211,211" step="2"/><U115/><E33/><V53/><F111/><W86/><G77/><T18/><D18/><U8/><E117/><V27/><F108/><W101/><G112/><T7/><D7/><U129/><E115/><V114/><F114/><W110/><G110/><T85/><D85/><U118/><E118/><V123/><F84/><W69/><G86/><T21/><D21/><U50/><E6/><V124/><F72/><W95/><G113/><T67/><D67/><U90/><E65/><V70/><F66/><W40/><G22/><T16/><D16/><U100/><E64/><V15/><F30/><W13/><G69/><T98/><D98/><U121/><E71/><V52/><F70/><W127/><G99/><T47/><D47/><U83/><E75/><V80/><F45/><W56/><G56/><T81/><D81/><U49/><E83/><V41/><F82/><W23/><G23/><T131/><D131/><U48/><E129/><V74/><F80/><W78/><G59/><T125/><D125/><U34/><E34/><V76/><F74/><W51/><G78/><T63/><D63/><U19/><E29/><V36/><F124/><W31/><G127/><T126/><D126/><U103/><E19/><V109/><F58/><W20/><G130/><T11/><D11/><U119/><E8/><RYUUKYOKU ba="1,1" sc="357,30,211,-10,211,-10,211,-10" hai0="5,9,24,25,26,38,43,44,60,61,89,94,96" /><INIT seed="0,2,1,0,0,97" ten="387,201,201,201" oya="0" hai0="126,80,27,58,118,50,48,128,71,35,122,127,30" hai1="129,12,124,74,55,59,38,15,75,111,47,105,134" hai2="104,56,9,61,68,85,31,46,19,1,52,25,101" hai3="14,17,98,108,13,18,10,60,109,44,4,6,112"/><T130/><D71/><U7/><E105/><V94/><F68/><W110/><G112/><T8/><D118/><U28/><E28/><V133/><F133/><W33/><G60/><T135/><D122/><U41/><E134/><V92/><F46/><W121/><G121/><T62/><D135/><U83/><E111/><V91/><F104/><W45/><G33/><T64/><D80/><U102/><E102/><V77/><F77/><W3/><G98/><T63/><D63/><U114/><E114/><V2/><F101/><W100/><G100/><T93/><D8/><U99/><E99/><V43/><F43/><W54/><G3/><T49/><REACH who="0" step="1"/><D93/><REACH who="0" ten="377,201,201,201" step="2"/><U0/><E83/><V125/><F94/><W37/><G37/><T23/><D23/><U116/><E116/><V132/><F132/><W16/><G54/><T22/><D22/><U66/><E55/><V84/><F52/><W103/><G103/><T42/><D42/><U72/><E38/><V82/><F82/><W119/><G119/><T5/><D5/><U95/><E7/><N who="3" m="2602" /><G10/><T117/><D117/><U67/><E41/><V53/><F9/><W87/><G87/><T40/><D40/><U26/><E67/><V76/><F85/><W70/><G70/><T115/><D115/><U24/><E66/><V20/><F2/><W107/><G107/><T57/><D57/><U78/><E59/><V88/><F1/><W73/><G73/><T113/><D113/><U36/><E0/><V51/><F84/><W106/><G106/><T81/><D81/><U90/><E74/><V39/><F56/><W32/><G32/><RYUUKYOKU ba="2,2" sc="377,15,201,-15,201,-15,201,15" hai0="27,30,35,48,49,50,58,62,64,126,127,128,130" hai3="13,14,16,17,18,44,45,108,109,110" /><INIT seed="0,3,2,1,1,94" ten="392,186,186,216" oya="0" hai0="20,86,116,98,71,49,37,48,83,40,130,104,131" hai1="108,70,89,115,34,32,8,84,113,31,7,28,74" hai2="90,1,106,129,109,9,2,5,135,24,64,97,11" hai3="57,68,96,12,126,81,105,69,119,55,114,17,107"/><T101/><D116/><U128/><E74/><V72/><F72/><W99/><G119/><T134/><D71/><U3/><E70/><V120/><F120/><W26/><G114/><N who="1" m="43530" /><E108/><V112/><F112/><W125/><G26/><T66/><D66/><U47/><E47/><V118/><F118/><W58/><G81/><T80/><D134/><U85/><E85/><V19/><F109/><W60/><G12/><T0/><D0/><U22/><E128/><N who="0" m="49193" /><D80/><N who="1" m="49287" /><E22/><V82/><F129/><W63/><G17/><T27/><D40/><U92/><E92/><V93/><F135/><W117/><G117/><T29/><D37/><U95/><E95/><V123/><F106/><W18/><G18/><T65/><D65/><U79/><E79/><AGARI ba="3,2" hai="20,27,29,48,49,79,83,86,98,101,104" m="49193" machi="79" ten="30,2900,0" yaku="19,1,52,1" doraHai="94" who="0" fromWho="1" sc="392,58,186,-38,186,0,216,0" /><INIT seed="0,4,0,0,2,8" ten="450,148,186,216" oya="0" hai0="93,76,2,56,42,105,90,15,1,84,119,79,77" hai1="28,41,133,12,7,34,120,55,70,113,98,75,99" hai2="130,23,61,65,60,103,95,24,4,44,111,92,121" hai3="52,124,127,69,9,43,57,39,100,51,53,122,6"/><T126/><D119/><U129/><E75/><V73/><F121/><W10/><G69/><T72/><D105/><U109/><E120/><V21/><F73/><W14/><G122/><T81/><D126/><U30/><E70/><V0/><F111/><W54/><G100/><T88/><D72/><U67/><E67/><V101/><F130/><W58/><G39/><T107/><D107/><U35/><E41/><V46/><F0/><W91/><G91/><T108/><D108/><U112/><E109/><V37/><F4/><W47/><G10/><T59/><D42/><U106/><E129/><V27/><F37/><W135/><G135/><T131/><D131/><U125/><E125/><AGARI ba="4,0" hai="6,9,14,43,47,51,52,53,54,57,58,124,125,127" machi="125" ten="40,5200,0" yaku="18,1,52,1,54,1" doraHai="8" who="3" fromWho="1" sc="450,0,148,-64,186,0,216,64" /><INIT seed="1,0,0,1,0,129" ten="450,84,186,280" oya="1" hai0="101,116,128,32,135,82,48,59,118,74,88,33,39" hai1="92,6,47,127,86,16,63,84,109,55,120,24,26" hai2="27,112,29,4,80,89,93,3,15,57,108,10,102" hai3="0,119,31,36,23,75,20,13,91,35,107,12,11"/><U19/><E120/><V42/><F108/><W100/><G36/><T58/><D39/><U125/><E6/><V94/><F112/><W41/><G75/><T133/><D128/><U79/><E109/><V90/><F42/><W124/><G41/><T104/><D101/><U85/><E79/><V87/><F3/><W21/><G91/><T8/><D104/><U14/><E92/><V61/><F102/><W49/><G49/><T72/><D8/><U76/><E76/><V28/><F27/><N who="3" m="18943" /><G100/><T78/><D88/><U73/><E73/><V83/><F94/><W43/><G43/><T52/><D59/><U66/><E19/><V71/><F71/><W7/><G107/><T25/><D74/><U81/><E81/><N who="2" m="31307" /><F89/><W9/><G124/><N who="1" m="47690" /><E55/><AGARI ba="0,0" hai="4,10,15,28,29,55,57,61,87,90,93" m="31307" machi="55" ten="30,1000,0" yaku="8,1" doraHai="129" who="2" fromWho="1" sc="450,0,84,-10,186,10,280,0" /><INIT seed="2,0,0,5,0,28" ten="450,74,196,280" oya="2" hai0="23,98,17,107,37,122,5,22,135,52,67,124,9" hai1="29,38,62,99,16,123,108,130,96,112,1,73,92" hai2="105,86,40,118,27,39,43,126,114,45,78,74,85" hai3="125,106,4,50,55,95,128,87,100,54,42,69,117"/><V121/><F114/><W46/><G69/><T79/><D122/><U14/><E73/><V75/><F121/><W13/><G117/><T32/><D37/><U8/><E112/><V53/><F118/><W129/><G106/><T21/><D32/><U76/><E108/><V131/><F105/><W134/><G134/><T31/><D135/><U48/><E130/><N who="3" m="50282" /><G125/><T90/><D124/><U20/><E38/><V12/><F126/><W10/><G87/><T24/><D79/><U35/><E123/><V104/><F104/><W127/><G127/><T41/><D41/><U82/><E62/><V58/><F43/><W133/><G133/><T57/><D67/><U110/><E110/><V119/><F119/><W26/><G26/><T84/><D31/><U59/><E92/><V63/><F131/><W89/><G89/><T56/><D56/><U80/><E48/><V94/><F86/><W0/><G0/><T18/><D98/><AGARI ba="0,0" hai="4,10,13,42,46,50,54,55,95,98,100" m="50282" machi="98" ten="30,1000,0" yaku="19,1" doraHai="28" who="3" fromWho="0" sc="450,-10,74,0,196,0,280,10" /><INIT seed="3,0,0,3,0,35" ten="440,74,196,290" oya="3" hai0="46,92,96,94,112,104,125,60,106,27,55,103,118" hai1="114,29,95,61,49,76,89,48,59,78,126,64,45" hai2="17,39,41,74,86,47,128,90,9,131,97,85,81" hai3="63,8,38,37,132,88,83,66,133,69,58,28,93"/><W52/><G28/><T2/><D118/><U101/><E126/><V113/><F113/><W119/><G83/><T67/><D2/><U25/><E114/><V123/><F123/><W4/><G119/><T26/><D112/><U18/><E49/><V124/><F124/><W21/><G21/><T122/><D122/><U111/><E111/><V70/><F70/><W31/><G31/><T129/><D125/><U23/><E18/><V80/><F74/><W91/><G91/><T115/><D115/><U5/><E5/><V53/><F53/><W19/><G19/><T98/><D129/><N who="2" m="49738" /><F97/><W120/><G120/><T100/><D55/><U134/><E134/><N who="3" m="51818" /><G66/><T1/><D46/><U79/><E79/><N who="2" m="46239" /><F17/><W68/><G68/><T42/><D67/><U36/><E36/><V54/><F9/><W50/><G63/><T7/><D60/><U20/><E20/><V62/><F62/><W127/><G69/><T40/><D1/><U13/><E13/><V16/><F16/><W99/><G127/><T65/><D65/><U87/><REACH who="1" step="1"/><E101/><REACH who="1" ten="440,64,196,290" step="2"/><V33/><F39/><W24/><G24/><T117/><D117/><U116/><E116/><V135/><F135/><W77/><G77/><T11/><D7/><U109/><E109/><V51/><F51/><W3/><AGARI ba="0,1" hai="3,4,8,37,38,50,52,58,88,93,99" m="51818" machi="3" ten="30,11700,0" yaku="20,1,52,1,54,2" doraHai="35" who="3" fromWho="3" sc="440,-39,64,-39,196,-39,290,127" owari="401,20.0,25,-47.0,157,-24.0,417,51.0" /></mjloggm>