<mjloggm ver="2.3"><GO type="41" lobby="0"/><UN n0="%74%E3%82%93%E3%81%9F" n1="%E3%83%93%E3%83%AA%E3%83%93%E3%83%AA" n2="%E5%B0%B1%E6%B4%BB%E7%94%9F%40%E5%B7%9D%E6%9D%91%E8%BB%8D%E5%9B%A3" n3="%74%6F%70%70%6F%5E" dan="13,13,16,14" rate="1810.75,1866.76,2176.05,1924.94" sx="M,M,M,M"/><TAIKYOKU oya="0"/><INIT seed="0,0,0,0,4,59" ten="250,250,250,250" oya="0" hai0="41,57,49,123,44,116,53,102,94,8,69,124,48" hai1="119,39,133,36,14,50,72,130,84,89,65,117,99" hai2="2,105,91,25,7,120,62,80,92,63,67,79,112" hai3="73,16,43,85,77,127,82,134,22,78,100,29,17"/><T12/><D116/><U20/><E72/><V0/><F105/><W70/><G70/><T19/><D123/><U56/><E130/><V81/><F112/><W113/><G113/><T3/><D69/><U128/><E128/><V23/><F120/><W11/><G100/><T30/><D124/><U110/><E110/><V107/><F107/><W111/><G29/><T71/><D71/><U75/><E75/><V96/><F7/><W24/><G134/><T58/><D3/><U76/><E76/><V103/><F91/><W51/><G111/><T31/><D58/><U98/><E98/><AGARI ba="0,0" hai="8,12,19,30,31,41,44,48,49,53,57,94,98,102" machi="98" ten="40,2000,0" yaku="8,1" doraHai="59" who="0" fromWho="1" sc="250,20,250,-20,250,0,250,0" /><INIT seed="0,1,0,0,0,75" ten="270,230,250,250" oya="0" hai0="68,70,60,8,59,93,54,81,111,46,133,58,41" hai1="103,44,101,84,6,92,100,2,126,79,116,119,131" hai2="42,1,83,43,26,10,94,18,134,56,45,127,71" hai3="47,76,129,28,64,104,49,39,17,98,124,78,90"/><T40/><D8/><U63/><E131/><V91/><F71/><N who="0" m="27178" /><D81/><U15/><E126/><V9/><F127/><W88/><G39/><N who="0" m="21791" /><D93/><U35/><E35/><V102/><F134/><W27/><G124/><T61/><D133/><U7/><E2/><V118/><F118/><W122/><G129/><T3/><D111/><U31/><E31/><V108/><F108/><W125/><G125/><T112/><D3/><U51/><E63/><V123/><F123/><W120/><G17/><T87/><D87/><U29/><E29/><V135/><F135/><W72/><G72/><T114/><D41/><U117/><E15/><V109/><F109/><W106/><G106/><T52/><AGARI ba="1,0" hai="52,54,58,59,60,61,112,114" m="21791,27178" machi="52" ten="30,6000,0" yaku="34,2,54,1" doraHai="75" who="0" fromWho="0" sc="270,63,230,-21,250,-21,250,-21" /><INIT seed="0,2,0,5,4,50" ten="333,209,229,229" oya="0" hai0="13,130,51,99,101,41,48,96,126,8,61,3,44" hai1="26,11,34,4,46,87,62,115,121,97,40,24,83" hai2="43,36,104,73,92,88,117,77,12,60,107,38,27" hai3="82,68,58,0,86,65,17,35,6,56,7,30,45"/><T49/><D3/><U39/><E121/><V111/><F111/><W124/><G68/><T135/><D135/><U59/><E115/><V74/><F117/><W78/><G124/><T89/><D126/><U80/><E97/><V72/><F77/><W122/><G122/><T69/><D130/><U132/><E132/><V2/><F2/><W98/><G17/><T15/><D89/><U1/><E34/><V67/><F12/><W93/><G45/><T21/><D69/><U22/><E22/><V10/><F10/><W75/><G75/><T133/><D133/><U108/><E108/><V16/><F16/><W18/><G18/><T90/><D90/><U84/><E80/><V63/><F27/><W14/><G0/><T85/><D85/><U20/><E20/><V119/><F119/><W25/><G14/><T52/><D21/><U110/><E110/><V19/><F19/><W100/><REACH who="3" step="1"/><G58/><REACH who="3" ten="333,209,229,219" step="2"/><N who="0" m="35015" /><D15/><U114/><E114/><V109/><F109/><W120/><G120/><T37/><D13/><U105/><E59/><V32/><F38/><W129/><G129/><T31/><D37/><U102/><E46/><V57/><F36/><W81/><G81/><T113/><D113/><U128/><E83/><V55/><F74/><W94/><G94/><T70/><D70/><U71/><E71/><V123/><F72/><W116/><G116/><T9/><D44/><U29/><E128/><V47/><F73/><W103/><G103/><T134/><D101/><U64/><E102/><V91/><F92/><W106/><G106/><T131/><D134/><U54/><E105/><V125/><F123/><RYUUKYOKU ba="2,1" sc="333,-10,209,-10,229,-10,219,30" hai3="6,7,25,30,35,56,65,78,82,86,93,98,100" /><INIT seed="1,3,1,2,2,134" ten="323,199,219,249" oya="1" hai0="0,35,22,31,61,5,109,58,125,52,90,2,66" hai1="3,53,103,120,13,127,51,4,126,15,38,112,80" hai2="34,14,91,117,21,57,121,19,7,81,95,123,26" hai3="96,67,99,39,18,70,119,86,9,60,37,12,6"/><U10/><E120/><V41/><F117/><W32/><G32/><T130/><BYE who="3" /><D130/><U78/><E112/><V85/><F41/><W48/><G48/><T111/><D35/><U128/><E38/><V71/><F71/><W110/><G110/><N who="0" m="41995" /><D125/><N who="1" m="47627" /><E128/><V62/><F81/><W116/><G116/><T56/><D90/><U79/><E103/><V84/><F84/><W105/><G105/><T27/><D5/><U47/><E78/><V77/><F77/><W135/><G135/><T1/><D2/><U97/><E97/><V114/><F114/><W25/><G25/><T89/><D89/><U23/><E23/><V113/><F113/><W36/><G36/><T118/><D118/><U129/><E129/><V24/><F34/><W49/><G49/><AGARI ba="3,1" hai="0,1,22,27,31,49,52,56,58,61,66" m="41995" machi="49" ten="30,2000,0" yaku="14,1,54,1" doraHai="134" who="0" fromWho="3" sc="323,39,199,0,219,0,249,-29" /><INIT seed="2,0,0,3,3,121" ten="362,199,219,220" oya="2" hai0="62,25,16,109,77,47,95,54,6,105,44,26,87" hai1="11,68,27,111,100,29,45,41,91,12,103,134,13" hai2="48,129,46,75,65,22,112,135,51,125,97,108,52" hai3="21,4,116,58,14,0,101,79,115,56,93,9,113"/><V1/><F75/><W28/><G28/><T71/><D105/><U85/><E68/><V17/><F112/><W131/><G131/><T39/><D6/><U37/><E134/><V60/><F129/><W94/><G94/><T89/><D77/><U104/><E104/><V78/><F1/><W74/><G74/><T96/><D39/><U76/><E76/><V102/><F135/><W66/><G66/><T10/><D71/><U72/><E72/><V99/><F125/><W30/><G30/><T81/><D26/><U82/><E111/><V106/><F78/><W2/><G2/><T88/><D109/><U50/><E37/><V53/><F99/><W38/><G38/><T120/><D120/><U126/><E126/><V34/><F34/><W49/><G49/><T61/><D61/><U119/><E119/><V130/><F130/><W133/><G133/><T127/><D127/><U8/><E13/><V83/><F83/><W23/><G23/><N who="0" m="13543" /><D10/><U90/><E90/><V92/><F106/><W3/><G3/><T107/><D107/><U98/><E98/><V73/><F73/><W55/><G55/><T20/><D20/><N who="1" m="15591" /><E8/><V69/><F108/><W19/><G19/><AGARI ba="0,0" hai="11,12,19,41,45,50,82,85,91,100,103" m="15591" machi="19" ten="30,1000,0" yaku="8,1" doraHai="121" who="1" fromWho="3" sc="362,0,199,10,219,0,220,-10" /><INIT seed="3,0,0,0,2,70" ten="362,209,219,210" oya="3" hai0="84,98,69,9,75,56,36,96,107,19,106,33,124" hai1="117,103,127,10,123,100,32,63,121,104,13,132,53" hai2="28,71,44,47,58,26,67,80,90,111,51,30,68" hai3="31,102,76,85,45,88,114,24,15,0,95,115,131"/><W34/><G34/><T61/><D36/><U133/><E127/><V43/><F111/><W122/><G122/><T130/><D124/><U73/><E117/><V7/><F7/><W82/><G82/><T27/><D130/><U97/><E73/><V16/><F47/><W116/><G116/><T41/><D75/><U86/><E100/><V120/><F120/><W49/><G49/><T129/><D129/><U60/><E86/><V59/><F30/><W93/><G93/><T12/><D41/><U65/><E32/><V119/><F119/><W125/><G125/><T128/><D128/><U40/><E53/><V112/><F112/><W39/><G39/><T89/><D69/><U14/><E40/><V11/><F11/><W18/><G18/><T118/><D118/><U87/><E87/><V77/><F90/><W50/><G50/><T99/><D27/><U72/><E72/><V22/><F28/><W74/><G74/><T92/><D33/><U35/><E35/><V66/><F68/><W135/><G135/><N who="1" m="51786" /><E60/><V101/><F101/><W110/><G110/><T81/><D107/><U21/><E21/><V126/><F126/><W2/><G2/><T29/><D29/><U109/><E109/><V113/><F113/><W94/><G94/><T78/><REACH who="0" step="1"/><D106/><REACH who="0" ten="352,209,219,210" step="2"/><U55/><E104/><V52/><F71/><W4/><G4/><T17/><D17/><U79/><E121/><V3/><F43/><W38/><G38/><T25/><D25/><U57/><E123/><V48/><F16/><W108/><G108/><T42/><D42/><U46/><E79/><V37/><F37/><RYUUKYOKU ba="0,1" sc="352,30,209,-10,219,-10,210,-10" hai0="9,12,19,56,61,78,81,84,89,92,96,98,99" /><INIT seed="4,1,1,4,1,21" ten="382,199,209,200" oya="0" hai0="99,4,26,60,111,50,19,35,104,96,32,36,63" hai1="132,92,62,44,13,90,6,91,66,48,84,71,135" hai2="43,24,80,61,31,133,130,129,56,52,112,86,0" hai3="74,88,72,123,10,47,14,109,37,20,29,93,77"/><T11/><D36/><U39/><E39/><V119/><F0/><W76/><G76/><T113/><D113/><U126/><E126/><V7/><F7/><W118/><G118/><T25/><D111/><U2/><E2/><V65/><F112/><W17/><G17/><T106/><D50/><U22/><E22/><N who="2" m="15767" /><F43/><W18/><G18/><T8/><REACH who="0" step="1"/><D19/><REACH who="0" ten="372,199,209,200" step="2"/><U105/><E48/><V114/><F119/><W45/><G45/><T30/><D30/><U58/><E44/><V120/><F114/><W23/><G23/><T81/><D81/><U12/><E132/><V89/><F133/><W64/><G64/><T94/><D94/><U95/><E66/><V73/><F65/><W127/><G127/><T27/><D27/><U3/><E135/><V108/><F108/><W125/><G125/><T82/><D82/><U28/><E95/><V121/><F73/><W55/><G55/><T59/><D59/><U128/><E92/><V40/><F40/><W107/><G107/><T85/><D85/><U57/><E84/><V98/><F98/><W67/><G67/><T100/><D100/><U87/><E87/><V75/><F75/><W101/><G101/><T51/><D51/><U1/><E71/><V115/><F115/><W41/><G41/><T33/><D33/><U69/><E69/><V116/><F116/><W102/><G102/><T117/><D117/><U124/><E124/><V42/><F42/><W97/><G97/><T78/><D78/><U122/><E122/><V68/><F68/><W134/><G134/><T34/><D34/><U15/><E62/><V46/><F46/><RYUUKYOKU ba="1,2" sc="372,15,199,-15,209,15,200,-15" hai0="4,8,11,25,26,32,35,60,63,96,99,104,106" hai2="52,56,61,80,86,89,120,121,129,130" /><INIT seed="4,2,2,4,0,51" ten="387,184,224,185" oya="0" hai0="115,42,84,38,83,71,97,110,88,91,57,124,6" hai1="127,3,98,34,96,112,85,61,8,30,14,45,7" hai2="9,123,74,22,82,55,72,130,5,37,23,118,122" hai3="19,0,80,119,68,89,104,70,64,99,114,76,69"/><T126/><D126/><U12/><BYE who="0" /><E112/><V32/><F37/><W113/><G113/><T120/><D120/><U105/><E127/><V135/><F32/><W125/><G125/><T86/><D86/><U27/><E105/><V73/><F118/><W44/><G44/><T102/><D102/><U36/><E85/><V11/><F130/><W100/><G100/><T35/><D35/><U92/><E96/><V78/><F135/><W77/><G77/><T79/><D79/><U63/><E36/><V87/><F11/><W18/><G18/><T81/><D81/><U1/><E45/><V2/><REACH who="2" step="1"/><F55/><REACH who="2" ten="387,184,214,185" step="2"/><W52/><G52/><T132/><D132/><U128/><E128/><V117/><F117/><W41/><G41/><T60/><D60/><U108/><E108/><V75/><N who="2" m="18944" /><DORA hai="31" /><V28/><F28/><W134/><G134/><T116/><D116/><U49/><E61/><V131/><F131/><W54/><G54/><T101/><D101/><U46/><E63/><V43/><F43/><W29/><G29/><T48/><D48/><U4/><E8/><V17/><F17/><W16/><G16/><T50/><D50/><U26/><E49/><V62/><F62/><W121/><G121/><AGARI ba="2,3" hai="2,5,9,22,23,78,82,87,121,122,123" m="18944" machi="121" ten="70,2300,0" yaku="1,1,53,0" doraHai="51,31" doraHaiUra="95,67" who="2" fromWho="3" sc="387,0,184,0,214,59,185,-29" /><INIT seed="5,0,0,2,3,4" ten="387,184,273,156" oya="1" hai0="61,60,24,62,112,5,70,41,32,31,125,103,63" hai1="119,46,85,11,53,116,26,104,59,115,52,15,19" hai2="95,1,14,130,74,100,56,114,21,131,98,99,121" hai3="78,92,0,65,86,20,69,77,105,39,87,3,57"/><U34/><E104/><V124/><F1/><W72/><G72/><T89/><D89/><U38/><E115/><V37/><F37/><W10/><G10/><T107/><D107/><U127/><E127/><V9/><F121/><W29/><G29/><T13/><D13/><U33/><E53/><V117/><F74/><W51/><G51/><T135/><D135/><U7/><E85/><V73/><F117/><W134/><G134/><T50/><D50/><U58/><E58/><V118/><F73/><W108/><G108/><T28/><D28/><U2/><E46/><V133/><F118/><W40/><G40/><T111/><D111/><U8/><E38/><V93/><F133/><W49/><G49/><T94/><D94/><U132/><E132/><V106/><F124/><W83/><G83/><T97/><D97/><U48/><REACH who="1" step="1"/><E33/><REACH who="1" ten="387,174,273,156" step="2"/><V109/><F114/><W16/><G16/><T44/><D44/><U126/><E126/><V67/><F106/><W23/><G23/><T80/><D80/><U54/><E54/><V25/><F109/><W90/><G90/><T18/><D18/><U96/><E96/><V91/><F56/><W22/><G22/><T102/><D102/><U75/><E75/><V17/><REACH who="2" step="1"/><F67/><REACH who="2" ten="387,174,263,156" step="2"/><W27/><G27/><T36/><D36/><U84/><E84/><V79/><F79/><W122/><G122/><T45/><D45/><U82/><E82/><V6/><AGARI ba="0,2" hai="6,9,14,17,21,25,91,93,95,98,99,100,130,131" machi="6" ten="30,4000,0" yaku="1,1,0,1,52,1,53,0" doraHai="4" doraHaiUra="71" who="2" fromWho="2" sc="387,-10,174,-20,263,60,156,-10" /><INIT seed="6,0,0,3,2,48" ten="377,154,323,146" oya="2" hai0="49,65,30,83,96,42,129,40,9,18,121,15,71" hai1="6,47,43,28,120,87,115,78,104,61,90,126,110" hai2="0,114,102,50,8,52,53,128,68,21,14,81,105" hai3="12,46,27,119,100,133,16,70,124,4,25,17,35"/><V58/><F68/><W51/><G51/><T22/><D22/><U32/><E110/><UN n0="%74%E3%82%93%E3%81%9F" /><V86/><F0/><W111/><G111/><T63/><D121/><U79/><E104/><V7/><F128/><W36/><G36/><T131/><D30/><U73/><E115/><V109/><F109/><W88/><G88/><T31/><D31/><U107/><E73/><V1/><F114/><W113/><G113/><T82/><D96/><U127/><E107/><V3/><F21/><W2/><G2/><T98/><D98/><U54/><E6/><V108/><F108/><W76/><G76/><T134/><D134/><U132/><E120/><V23/><F23/><W112/><G112/><T62/><D62/><U84/><E84/><V80/><F80/><N who="0" m="30762" /><D49/><N who="1" m="28991" /><E61/><V55/><F3/><W89/><G89/><T72/><D72/><U91/><E43/><V24/><F1/><W135/><G135/><T44/><D44/><U101/><E101/><V122/><F122/><W106/><G106/><T13/><D15/><U99/><E99/><V5/><F24/><W123/><G123/><T10/><D10/><U38/><E38/><V117/><F117/><W29/><G29/><T56/><D71/><U85/><E132/><V64/><F64/><W92/><G92/><T94/><D94/><N who="1" m="54607" /><E28/><V103/><F5/><W39/><G39/><T95/><D95/><N who="1" m="54783" /><E32/><V34/><F34/><W11/><G11/><T69/><D69/><U74/><E74/><V37/><F37/><W57/><G57/><T125/><D131/><U45/><E45/><V77/><F105/><W116/><G116/><T19/><D129/><RYUUKYOKU ba="0,0" sc="377,-15,154,15,323,15,146,-15" hai1="78,79,126,127" hai2="7,8,14,50,52,53,55,58,77,81,86,102,103" /><INIT seed="6,1,0,4,4,39" ten="362,169,338,131" oya="2" hai0="88,131,41,29,125,107,72,98,48,44,19,114,75" hai1="9,130,43,40,67,53,23,31,115,26,87,124,111" hai2="34,85,97,47,71,60,62,14,50,101,13,4,8" hai3="76,1,80,109,113,20,86,59,58,93,2,35,12"/><V78/><F34/><W103/><G103/><T55/><D114/><U51/><E111/><V69/><F69/><W65/><G65/><T99/><D125/><U36/><E124/><V45/><F71/><W70/><G70/><T17/><D131/><U28/><E36/><V11/><F47/><W32/><G32/><T33/><D99/><U134/><E130/><V25/><F25/><W106/><G106/><T110/><D110/><U119/><E119/><V5/><F85/><W91/><G91/><T24/><D55/><U27/><E115/><V22/><F22/><W100/><G100/><T18/><D107/><U7/><E67/><V83/><F83/><W105/><G105/><T73/><D98/><U42/><E87/><V118/><F78/><W133/><G133/><T0/><D88/><U74/><E74/><V104/><REACH who="2" step="1"/><F118/><REACH who="2" ten="362,169,328,131" step="2"/><W95/><G95/><T38/><D38/><U123/><E26/><V129/><F129/><W121/><G121/><T132/><D132/><U49/><E123/><V128/><F128/><W102/><G102/><T117/><D117/><U21/><E134/><V15/><F15/><W10/><G10/><T77/><REACH who="0" step="1"/><D0/><REACH who="0" ten="352,169,328,131" step="2"/><U30/><E27/><V54/><AGARI ba="1,2" hai="4,5,8,11,13,14,45,50,54,60,62,97,101,104" machi="54" ten="20,7800,0" yaku="1,1,0,1,7,1,9,1,53,0" doraHai="39" doraHaiUra="63" who="2" fromWho="2" sc="352,-27,169,-27,328,101,131,-27" /><INIT seed="6,2,0,5,3,45" ten="325,142,429,104" oya="2" hai0="32,84,16,0,55,61,1,75,90,56,87,95,25" hai1="123,85,28,65,92,17,73,47,134,128,34,132,68" hai2="2,27,11,41,82,18,106,108,80,111,7,93,33" hai3="86,98,71,13,44,115,22,99,58,36,79,5,114"/><V40/><F106/><W77/><G77/><T118/><D75/><U52/><E73/><V15/><F93/><W72/><G72/><T46/><D118/><U130/><E123/><V10/><F82/><W39/><G39/><T8/><D32/><U63/><E85/><V21/><F80/><W23/><G23/><T64/><D84/><U129/><E92/><V78/><F78/><W69/><G69/><T59/><D46/><U35/><E28/><N who="2" m="19615" /><F40/><W127/><G127/><T91/><D91/><U101/><E101/><V116/><F41/><W12/><G12/><T74/><D74/><U20/><E20/><V50/><F50/><W48/><G48/><T109/><D109/><N who="2" m="42058" /><F116/><W100/><G100/><T30/><D30/><U53/><E17/><V120/><F120/><W83/><G83/><T81/><D81/><U105/><E105/><V126/><F126/><W38/><G38/><T117/><D117/><U3/><E3/><V51/><F51/><W133/><G133/><N who="1" m="51306" /><E47/><V125/><F125/><W135/><G135/><T67/><D67/><U70/><E70/><V97/><F97/><W121/><G121/><T24/><D1/><U29/><E29/><V14/><F14/><W4/><G4/><T107/><D0/><U37/><E37/><V119/><F119/><W42/><G42/><T49/><D107/><U54/><AGARI ba="2,0" hai="34,35,52,53,54,63,65,68,128,129,130" m="51306" machi="54" ten="40,5200,0" yaku="19,1,20,1,54,1" doraHai="45" who="1" fromWho="1" sc="325,-15,142,58,429,-28,104,-15" /><INIT seed="7,0,0,4,3,71" ten="310,200,401,89" oya="3" hai0="77,114,13,112,6,116,60,105,75,58,49,64,39" hai1="9,80,94,27,118,127,72,78,44,42,18,93,24" hai2="38,57,65,17,63,14,129,32,134,92,35,46,68" hai3="4,106,123,69,88,126,25,113,90,133,83,11,107"/><W1/><G1/><T48/><D116/><U108/><E118/><V52/><F129/><W55/><G55/><T22/><D105/><U97/><E127/><V98/><F134/><W47/><G47/><T50/><D77/><U120/><E120/><V99/><F38/><W30/><G30/><T37/><D75/><U111/><E18/><V62/><F46/><W66/><G66/><T33/><D33/><U23/><E23/><V130/><F130/><W40/><G40/><T125/><D22/><U82/><E82/><V117/><F117/><W101/><G101/><T89/><D89/><U53/><E53/><V122/><F122/><W20/><G20/><T132/><D13/><U7/><E93/><V54/><F54/><W135/><G135/><T61/><D6/><U87/><E87/><V84/><F84/><W8/><G8/><T56/><D125/><U76/><E76/><V103/><F98/><W51/><G51/><T41/><D132/><U28/><E28/><V0/><F0/><W128/><G128/><T79/><D79/><U100/><E108/><V70/><F70/><W109/><G109/><T67/><D41/><U16/><E16/><V26/><F26/><W5/><G5/><T95/><D95/><U91/><E100/><V15/><F15/><W29/><G29/><T81/><D81/><U45/><E45/><V110/><F110/><W102/><G102/><T21/><D21/><AGARI ba="0,0" hai="14,17,21,32,35,52,57,62,63,65,68,92,99,103" machi="21" ten="30,2000,0" yaku="7,1,54,1" doraHai="71" who="2" fromWho="0" sc="310,-20,200,0,401,20,89,0" owari="290,9.0,200,-20.0,421,52.0,89,-41.0" /></mjloggm>