<mjloggm ver="2.3"><GO type="97" lobby="0"/><UN n0="%E4%BF%BA%E3%82%84%E3%81%A7" n1="%E9%8A%9A" n2="%E5%B0%B1%E6%B4%BB%E7%94%9F%40%E5%B7%9D%E6%9D%91%E8%BB%8D%E5%9B%A3" n3="%6B%61%6D%6F%73%75%6B%65" dan="14,15,15,14" rate="1968.73,2004.11,1999.65,1905.03" sx="M,M,M,M"/><TAIKYOKU oya="0"/><INIT seed="0,0,0,3,2,49" ten="250,250,250,250" oya="0" hai0="9,107,15,121,126,103,86,59,10,119,26,122,65" hai1="116,34,55,13,62,96,24,133,85,120,97,134,16" hai2="37,131,93,81,75,104,54,45,73,33,39,8,14" hai3="79,83,30,67,105,125,21,123,69,3,25,61,108"/><T115/><D115/><U42/><E120/><V91/><F104/><W1/><G123/><T132/><D119/><U20/><E116/><V112/><F33/><W90/><G105/><T76/><D122/><U70/><E42/><V102/><F112/><W43/><G108/><T35/><D121/><U77/><E77/><V7/><F131/><W64/><G125/><T11/><D126/><U118/><E118/><V56/><F102/><W36/><G67/><T98/><D132/><N who="1" m="50795" /><E85/><V78/><F45/><W111/><G90/><T53/><D65/><N who="1" m="41271" /><E55/><V29/><F29/><AGARI ba="0,0" hai="13,16,20,24,29,34,96,97" m="41271,50795" machi="29" ten="30,2000,0" yaku="20,1,54,1" doraHai="49" who="1" fromWho="2" sc="250,0,250,20,250,-20,250,0" /><INIT seed="1,0,0,5,1,57" ten="250,270,230,250" oya="1" hai0="66,112,12,62,108,129,47,50,13,58,110,30,105" hai1="59,27,135,84,81,18,64,116,85,130,123,21,70" hai2="11,1,131,73,115,122,24,38,100,72,54,118,43" hai3="96,14,6,79,23,89,133,80,67,83,77,31,9"/><U91/><E123/><V71/><F54/><W3/><G133/><T52/><D112/><U134/><E116/><V109/><F100/><W28/><G67/><T36/><D105/><U127/><E130/><V125/><F24/><N who="3" m="16415" /><G3/><T10/><D129/><U45/><E127/><V106/><F43/><W51/><G31/><T93/><D93/><U90/><E70/><V82/><F11/><W69/><G69/><T61/><D30/><U63/><REACH who="1" step="1"/><E45/><REACH who="1" ten="250,260,230,250" step="2"/><V7/><F7/><W33/><G33/><T88/><D47/><U41/><E41/><V94/><F94/><AGARI ba="0,1" hai="18,21,27,59,63,64,81,84,85,90,91,94,134,135" machi="94" ten="40,3900,0" yaku="1,1,52,1,53,0" doraHai="57" doraHaiUra="44" who="1" fromWho="2" sc="250,0,260,49,230,-39,250,0" /><INIT seed="1,1,0,3,5,73" ten="250,309,191,250" oya="1" hai0="32,135,9,111,97,108,56,8,126,50,38,87,54" hai1="88,27,134,76,12,80,6,40,107,123,90,119,96" hai2="78,60,24,75,46,48,18,99,86,115,129,5,82" hai3="122,11,95,28,45,109,63,103,62,30,21,39,71"/><U132/><E123/><V10/><F115/><W105/><G105/><T15/><D135/><N who="1" m="51755" /><E119/><V70/><F129/><W91/><G122/><T7/><D126/><U2/><E2/><V83/><F99/><N who="3" m="59903" /><G71/><T117/><D97/><U64/><E64/><V14/><F70/><W116/><G39/><T53/><D38/><U77/><E40/><V66/><F66/><W128/><G128/><T0/><D32/><U36/><E36/><V118/><F60/><N who="3" m="23083" /><G109/><T110/><D117/><U81/><E27/><V84/><F118/><W34/><G34/><T106/><D106/><U52/><E52/><N who="2" m="29719" /><F75/><W25/><G116/><T79/><D54/><U19/><E6/><V41/><F41/><W98/><G45/><T102/><D102/><N who="1" m="62919" /><E81/><V101/><F101/><W68/><G68/><T120/><D120/><U58/><E58/><V112/><F112/><W130/><G130/><T43/><D43/><U47/><E47/><V51/><F51/><W42/><G42/><T125/><D0/><U13/><E13/><V92/><F24/><W100/><G100/><T131/><D131/><U113/><E113/><V35/><F35/><W67/><G67/><T85/><D125/><U1/><E1/><V65/><F65/><W93/><G30/><T104/><D104/><U59/><E59/><V44/><F44/><W3/><G3/><T72/><D8/><AGARI ba="1,0" hai="8,11,21,25,28,91,93,98" m="23083,59903" machi="8" ten="30,1000,0" yaku="8,1" doraHai="73" who="3" fromWho="0" sc="250,-13,309,0,191,0,250,13" /><INIT seed="2,0,0,0,5,82" ten="237,309,191,263" oya="2" hai0="20,28,103,125,95,27,2,14,94,124,96,112,0" hai1="7,54,128,117,44,100,40,85,25,63,32,19,34" hai2="56,33,109,98,92,78,41,37,106,17,114,101,42" hai3="48,50,31,13,24,36,113,110,52,89,43,131,71"/><V81/><F114/><W4/><G71/><T97/><D112/><U121/><E117/><V62/><F33/><W133/><G113/><T45/><D45/><U72/><E72/><V66/><F37/><W132/><G110/><T21/><D14/><U10/><E121/><V134/><F134/><W104/><G104/><T18/><D18/><U23/><E128/><V93/><F109/><W26/><G131/><T49/><D49/><U38/><E100/><V58/><F58/><W77/><G77/><T129/><D21/><U6/><E85/><V127/><F127/><W51/><G36/><T91/><REACH who="0" step="1"/><D129/><REACH who="0" ten="227,309,191,263" step="2"/><U102/><E102/><V55/><F17/><W61/><G13/><T130/><D130/><U39/><E44/><V64/><F42/><W74/><G43/><T107/><D107/><U69/><E40/><V80/><F41/><W119/><G50/><T84/><D84/><U46/><E46/><V22/><F22/><W8/><G51/><T9/><D9/><U126/><E10/><V11/><F11/><W108/><G48/><T3/><AGARI ba="0,1" hai="0,2,3,20,27,28,91,94,95,96,97,103,124,125" machi="3" ten="40,2700,0" yaku="1,1,0,1,53,0" doraHai="82" doraHaiUra="79" who="0" fromWho="0" sc="227,37,309,-7,191,-13,263,-7" /><INIT seed="3,0,0,0,3,64" ten="264,302,178,256" oya="3" hai0="80,17,40,58,1,100,13,66,112,134,128,37,53" hai1="8,127,3,120,102,118,84,51,69,119,59,16,33" hai2="106,109,34,0,25,117,71,49,125,31,133,32,48" hai3="101,18,70,44,10,74,99,11,27,113,107,76,43"/><W111/><G113/><T35/><D112/><U88/><E120/><V108/><F106/><W21/><G111/><N who="2" m="42569" /><F117/><N who="1" m="44553" /><E127/><V124/><F0/><W116/><G116/><T95/><D35/><N who="2" m="13354" /><F133/><W130/><G130/><T126/><D1/><U5/><E33/><N who="2" m="20719" /><F71/><W52/><G70/><T103/><D126/><N who="2" m="48746" /><F49/><W87/><G74/><T23/><D95/><N who="1" m="54663" /><E69/><V36/><F48/><W114/><G114/><T77/><D66/><U115/><E115/><V61/><F61/><W46/><G52/><T65/><D65/><U45/><E102/><V68/><F68/><W90/><G76/><T6/><D100/><U2/><E59/><V30/><F30/><W131/><G46/><T54/><D103/><U38/><E38/><AGARI ba="0,0" hai="36,38" m="48746,20719,13354,42569" machi="38" ten="40,5200,0" yaku="14,1,18,1,23,1" doraHai="64" who="2" fromWho="1" sc="264,0,302,-52,178,52,256,0" /><INIT seed="4,0,0,5,4,123" ten="264,250,230,256" oya="0" hai0="109,125,99,118,53,127,46,133,45,111,108,17,119" hai1="71,70,103,9,54,5,80,47,100,82,48,102,3" hai2="32,104,91,22,51,11,105,14,124,37,66,30,24" hai3="74,42,131,27,129,31,112,33,120,110,58,10,93"/><T76/><D133/><U62/><REACH who="1" step="1"/><E62/><REACH who="1" ten="264,240,230,256" step="2"/><V61/><F124/><N who="0" m="47690" /><D76/><U52/><E52/><V13/><F37/><W83/><G120/><T1/><D1/><U87/><E87/><V96/><F51/><W77/><G131/><T84/><D99/><U85/><E85/><V101/><F105/><W2/><G129/><T88/><D17/><U59/><E59/><V90/><F22/><W20/><G58/><T57/><D57/><U89/><E89/><V69/><REACH who="2" step="1"/><F14/><REACH who="2" ten="264,240,220,256" step="2"/><W75/><G20/><T28/><D119/><U94/><E94/><V19/><AGARI ba="0,2" hai="11,13,19,24,30,32,61,66,69,90,91,96,101,104" machi="19" ten="20,12000,2" yaku="1,1,2,1,0,1,7,1,25,2,53,0" doraHai="123" doraHaiUra="73" who="2" fromWho="2" sc="264,-60,240,-30,220,140,256,-30" owari="204,-30.0,210,-19.0,360,46.0,226,3.0" /></mjloggm>