<mjloggm ver="2.3"><GO type="41" lobby="0"/><UN n0="%6B%65%6E%73%69%72%30%75" n1="%E5%B0%B1%E6%B4%BB%E7%94%9F%40%E5%B7%9D%E6%9D%91%E8%BB%8D%E5%9B%A3" n2="%E8%8F%AF%E5%AD%94%E9%9B%80" n3="%64%61%61%70%72%69" dan="15,15,14,14" rate="1926.67,2033.33,1927.28,1900.90" sx="M,M,M,M"/><TAIKYOKU oya="0"/><INIT seed="0,0,0,2,5,116" ten="250,250,250,250" oya="0" hai0="30,105,108,36,102,37,27,35,125,71,53,43,74" hai1="73,129,19,83,72,64,61,18,118,58,9,111,93" hai2="81,87,2,75,45,120,132,14,100,51,0,13,55" hai3="88,107,109,48,40,1,22,122,128,114,123,46,76"/><T54/><D74/><U112/><E118/><V133/><F75/><W70/><G1/><T8/><D8/><U92/><E112/><V7/><F100/><W104/><G70/><T11/><D11/><U99/><E111/><V77/><F7/><W119/><G119/><T110/><D71/><U80/><E129/><V113/><F113/><W5/><G114/><T32/><D43/><U106/><E106/><V124/><F124/><W67/><G5/><T17/><D17/><U6/><E73/><V3/><REACH who="2" step="1"/><F120/><REACH who="2" ten="250,250,240,250" step="2"/><N who="3" m="46123" /><G109/><N who="0" m="42091" /><D125/><U94/><E99/><V29/><F29/><W25/><G128/><T95/><D105/><U85/><E72/><V31/><F31/><N who="3" m="17847" /><G76/><T34/><D102/><U38/><E38/><N who="0" m="14953" /><D95/><U41/><E93/><V66/><F66/><W10/><G67/><T42/><D42/><U4/><E41/><V23/><F23/><AGARI ba="0,1" hai="23,27,30,32,34,35,53,54" m="14953,42091" machi="23" ten="40,3900,0" yaku="14,1,10,1" doraHai="116" who="0" fromWho="2" sc="250,49,250,0,240,-39,250,0" /><INIT seed="0,1,0,5,3,110" ten="299,250,201,250" oya="0" hai0="12,5,3,11,10,67,120,105,82,19,125,135,47" hai1="41,43,32,112,21,26,62,95,16,60,119,24,79" hai2="107,25,39,36,34,4,106,113,71,22,68,38,99" hai3="70,27,77,7,101,130,126,117,89,52,42,46,58"/><T86/><D105/><N who="2" m="39946" /><F99/><W45/><G117/><T13/><D120/><U15/><E119/><V114/><F22/><W51/><G130/><T1/><D67/><U54/><E79/><V23/><F23/><W103/><G70/><T40/><D125/><U59/><E112/><N who="2" m="43115" /><F4/><W128/><G128/><T14/><D135/><U93/><E60/><V83/><F83/><W94/><G126/><T49/><D14/><U132/><E132/><V85/><F85/><W55/><G77/><AGARI ba="1,0" hai="1,3,5,10,11,12,13,19,40,47,49,77,82,86" machi="77" ten="30,5800,0" yaku="7,1,25,2" doraHai="110" who="0" fromWho="3" sc="299,61,250,0,201,0,250,-61" /><INIT seed="0,2,0,2,1,98" ten="360,250,201,189" oya="0" hai0="104,126,117,127,16,108,91,36,58,95,0,52,93" hai1="38,78,89,51,20,87,96,69,53,129,56,80,83" hai2="59,105,28,110,17,50,67,88,132,109,71,114,30" hai3="9,44,90,26,134,66,32,97,18,111,72,12,131"/><T102/><D117/><U29/><E129/><V86/><F105/><W65/><G72/><T47/><D0/><U124/><E69/><V13/><F132/><W63/><G131/><T35/><D35/><U11/><E38/><V85/><F71/><W62/><G134/><T121/><D121/><U118/><E118/><V74/><F86/><W57/><G111/><N who="2" m="42505" /><F74/><W130/><G130/><T1/><D1/><U60/><E124/><N who="0" m="47657" /><D108/><U135/><E135/><V21/><F114/><W81/><G32/><T55/><D36/><U128/><E128/><V115/><F115/><W43/><G26/><T82/><D104/><U54/><E11/><V39/><F39/><W41/><G44/><T125/><D82/><U10/><E10/><V2/><F2/><W6/><G6/><T119/><D119/><U37/><E37/><V73/><F73/><W45/><G45/><T4/><D4/><U48/><E96/><V33/><F33/><W19/><G19/><T112/><D112/><U14/><E54/><N who="0" m="20521" /><D58/><U49/><E60/><N who="2" m="38303" /><F50/><W40/><G57/><T70/><D47/><U103/><E51/><V116/><F116/><W27/><G63/><T133/><D70/><U15/><E49/><V106/><F106/><W34/><G62/><T8/><D133/><U123/><E123/><V68/><F68/><W75/><G75/><T23/><D8/><U3/><E3/><V61/><F61/><W122/><G122/><T92/><D125/><U113/><E113/><V46/><F46/><W5/><G5/><T79/><D79/><U24/><E78/><V77/><F77/><W25/><G34/><RYUUKYOKU ba="2,0" sc="360,-10,250,-10,201,30,189,-10" hai2="13,17,21,28,30,85,88" /><INIT seed="1,3,0,2,4,131" ten="350,240,231,179" oya="1" hai0="117,63,88,110,10,51,80,66,39,96,125,30,92" hai1="18,1,58,91,29,73,68,28,79,100,69,64,128" hai2="85,94,106,132,9,97,17,104,53,74,61,19,45" hai3="24,123,84,21,89,32,31,43,76,82,14,0,13"/><U8/><E128/><V99/><F74/><W33/><G123/><T111/><D39/><U55/><E100/><V15/><F19/><W42/><G0/><T75/><D30/><U122/><E122/><V102/><F85/><W60/><G32/><T35/><D35/><U98/><E79/><V56/><F132/><W130/><G130/><T5/><D117/><U121/><E73/><V101/><F45/><W71/><G76/><T67/><D125/><U40/><E121/><V115/><F115/><W7/><G14/><T4/><D75/><U124/><E124/><V12/><F12/><W50/><G50/><T116/><D80/><U105/><E40/><V47/><F47/><W27/><G13/><T26/><D116/><U109/><E109/><N who="0" m="41481" /><D26/><U11/><E11/><V22/><F9/><W126/><G126/><T37/><D37/><U34/><E34/><V36/><F36/><W48/><G7/><N who="0" m="2635" /><D10/><U119/><E119/><V3/><F3/><W107/><G48/><T57/><D51/><U46/><E29/><V41/><F41/><W25/><G25/><T16/><D16/><U23/><E28/><V62/><F62/><W81/><G82/><T90/><D67/><U95/><E105/><AGARI ba="3,0" hai="15,17,22,53,56,61,94,97,99,101,102,104,105,106" machi="105" ten="30,1000,0" yaku="7,1" doraHai="131" who="2" fromWho="1" sc="350,0,240,-19,231,19,179,0" /><INIT seed="2,0,0,2,5,74" ten="350,221,250,179" oya="2" hai0="0,67,68,19,120,53,6,69,45,27,93,30,47" hai1="35,51,77,56,117,134,64,31,28,41,32,16,72" hai2="12,76,38,129,96,130,100,92,95,105,108,132,52" hai3="75,50,99,1,123,97,34,91,25,22,13,57,70"/><V10/><F38/><W116/><G1/><T36/><D120/><U2/><E2/><V122/><F122/><W43/><G70/><T60/><D19/><U14/><E117/><V119/><F119/><W82/><G116/><T86/><D69/><U3/><E3/><V4/><F132/><W109/><G34/><T49/><D0/><U20/><E134/><V79/><F108/><W84/><G109/><T102/><D6/><U128/><E128/><N who="2" m="49259" /><F52/><W33/><G33/><T44/><D36/><U11/><E35/><V7/><F7/><W61/><G75/><T83/><D102/><U26/><E32/><V87/><F87/><W78/><G13/><T48/><D93/><AGARI ba="0,0" hai="4,10,12,76,79,92,93,95,96,100,105" m="49259" machi="93" ten="30,5800,0" yaku="19,1,52,2" doraHai="74" who="2" fromWho="0" sc="350,-58,221,0,250,58,179,0" /><INIT seed="2,1,0,5,5,18" ten="292,221,308,179" oya="2" hai0="70,79,121,125,13,68,14,39,131,69,51,114,82" hai1="50,32,91,23,15,104,80,107,26,132,116,36,60" hai2="118,7,30,67,110,27,57,109,120,128,65,122,106" hai3="56,74,83,63,52,76,8,38,58,44,105,75,10"/><V93/><F106/><W45/><G105/><T103/><D121/><U0/><E36/><V86/><F7/><W115/><G115/><T41/><D114/><U73/><E0/><V29/><F118/><W34/><G34/><T19/><D39/><U25/><E116/><V49/><F128/><W47/><G38/><T46/><D131/><U22/><E132/><V126/><F126/><W112/><G112/><T24/><D125/><U123/><E123/><N who="2" m="47147" /><F93/><W21/><G75/><T48/><D103/><U108/><E108/><N who="2" m="41579" /><F86/><W54/><REACH who="3" step="1"/><G21/><REACH who="3" ten="292,221,308,169" step="2"/><N who="0" m="13375" /><D70/><U124/><E124/><V71/><F71/><W3/><G3/><T9/><D69/><U2/><E2/><V12/><F12/><N who="0" m="4714" /><D68/><U72/><E32/><N who="2" m="20543" /><F30/><W20/><G20/><T100/><D9/><U127/><E127/><V94/><F94/><W35/><G35/><T5/><D5/><U33/><E33/><V37/><F37/><W55/><G55/><AGARI ba="1,1" hai="49,55,57,65,67" m="20543,41579,47147" machi="55" ten="30,2900,0" yaku="14,1,10,1" doraHai="18" who="2" fromWho="3" sc="292,0,221,0,308,42,169,-32" /><INIT seed="2,2,0,4,3,131" ten="292,221,350,137" oya="2" hai0="37,28,79,126,18,21,49,40,32,65,105,102,58" hai1="134,54,123,25,63,129,73,72,11,98,80,109,1" hai2="55,125,60,117,50,106,56,107,91,13,108,0,119" hai3="42,92,99,121,51,94,10,22,97,110,114,85,36"/><V34/><F0/><W76/><G36/><T46/><D126/><U4/><E129/><V133/><F125/><W124/><G124/><T66/><D32/><U16/><E123/><V44/><F34/><W38/><G38/><T118/><D28/><U113/><E113/><V7/><F133/><W111/><G114/><T135/><D79/><U57/><E109/><N who="3" m="41482" /><G121/><T45/><D105/><U24/><E134/><V96/><F108/><W83/><G22/><T26/><D102/><U82/><E25/><V2/><F2/><W48/><G48/><T61/><D135/><U89/><E80/><V116/><F7/><W64/><G10/><T14/><D118/><U86/><REACH who="1" step="1"/><E98/><REACH who="1" ten="292,211,350,137" step="2"/><N who="3" m="37386" /><G64/><T100/><D26/><U104/><E104/><V101/><F107/><W27/><G27/><T95/><D66/><U35/><E35/><V62/><F13/><W6/><G6/><T47/><REACH who="0" step="1"/><D37/><REACH who="0" ten="282,211,350,137" step="2"/><U87/><E87/><V90/><REACH who="2" step="1"/><F62/><REACH who="2" ten="282,211,340,137" step="2"/><W128/><G128/><T31/><D31/><U130/><E130/><V68/><F68/><W120/><G120/><T33/><D33/><U93/><E93/><V5/><F5/><W52/><G94/><T29/><D29/><U127/><E127/><V17/><F17/><W67/><G92/><T132/><D132/><U41/><E41/><AGARI ba="2,3" hai="41,44,50,55,56,60,90,91,96,101,106,116,117,119" machi="41" ten="40,2000,0" yaku="1,1,53,0" doraHai="131" doraHaiUra="15" who="2" fromWho="1" sc="282,0,211,-26,340,56,137,0" /><INIT seed="2,3,0,1,1,16" ten="282,185,396,137" oya="2" hai0="70,76,72,91,132,101,63,111,26,7,134,61,10" hai1="77,114,79,17,116,135,105,85,12,50,89,96,20" hai2="59,8,110,80,32,86,88,129,74,78,81,130,121" hai3="115,64,127,46,33,119,58,107,69,19,48,82,14"/><V29/><F32/><W11/><G107/><T67/><D101/><U36/><E116/><V57/><F29/><W84/><G33/><T118/><D63/><U25/><E114/><V30/><F30/><W131/><G119/><T40/><D91/><U49/><E36/><V90/><F8/><W83/><G115/><T41/><D118/><U54/><E135/><N who="0" m="51753" /><D26/><U15/><E105/><V112/><F112/><W73/><G131/><N who="2" m="50185" /><F121/><W98/><G127/><T39/><D111/><U22/><E96/><V1/><F1/><W66/><G98/><T104/><D104/><U42/><E42/><V94/><F110/><W2/><G2/><N who="0" m="375" /><D39/><U108/><E108/><V93/><F81/><AGARI ba="3,0" hai="40,41,61,67,70,72,76,81" m="375,51753" machi="81" ten="30,1000,0" yaku="20,1" doraHai="16" who="0" fromWho="2" sc="282,19,185,0,396,-19,137,0" /><INIT seed="3,0,0,2,0,39" ten="301,185,377,137" oya="3" hai0="28,82,124,57,58,88,96,30,1,133,107,89,17" hai1="127,115,134,62,129,97,110,10,101,85,4,2,76" hai2="79,92,61,90,8,116,65,123,54,45,130,83,102" hai3="106,40,68,98,93,114,18,13,122,111,49,64,120"/><W20/><G114/><T7/><D133/><U43/><E115/><V16/><F123/><W72/><G72/><T24/><D124/><U11/><E127/><V131/><F116/><W5/><G5/><T47/><D30/><U48/><E134/><V118/><F118/><W25/><G106/><T15/><D1/><U108/><E129/><N who="2" m="49163" /><F102/><W69/><G68/><T6/><D47/><N who="1" m="25727" /><E11/><V12/><F45/><W95/><G69/><T135/><D135/><U55/><E85/><N who="2" m="48383" /><F54/><W36/><G64/><T32/><D89/><U104/><E76/><V27/><F27/><W59/><G36/><T19/><D19/><U77/><E77/><V63/><F65/><W113/><G25/><T81/><D107/><U50/><E62/><V0/><F0/><W78/><G78/><T53/><D58/><U42/><E55/><V3/><F3/><W33/><G59/><T41/><D7/><U84/><E84/><AGARI ba="0,0" hai="8,12,16,61,63,84,90,92" m="48383,49163" machi="84" ten="30,2000,0" yaku="19,1,54,1" doraHai="39" who="2" fromWho="1" sc="301,0,185,-20,377,20,137,0" /><INIT seed="4,0,0,4,0,16" ten="301,165,397,137" oya="0" hai0="22,92,30,100,69,24,84,26,19,111,105,76,95" hai1="123,48,13,17,11,133,108,42,54,73,57,1,29" hai2="112,77,10,110,125,118,94,83,0,99,132,91,116" hai3="93,37,21,64,2,35,18,68,78,122,66,49,101"/><T47/><D69/><U5/><E73/><N who="2" m="43439" /><F0/><W106/><G35/><T38/><D111/><U85/><E123/><V134/><F110/><W46/><G37/><T65/><D65/><U62/><E108/><V15/><F15/><W86/><G68/><T89/><D105/><U6/><E133/><N who="2" m="51307" /><F10/><W126/><G122/><T40/><D76/><U36/><E36/><V96/><F125/><W113/><G126/><T79/><D79/><U7/><E29/><V20/><F20/><W109/><G113/><T71/><D71/><U127/><E127/><V72/><F72/><W55/><G109/><T88/><D100/><U70/><E85/><N who="2" m="52591" /><F112/><W102/><G2/><T104/><D26/><U14/><E1/><V44/><F44/><W12/><G106/><T81/><D104/><U33/><E33/><V80/><F80/><N who="3" m="47383" /><G102/><T52/><D30/><U120/><E120/><V119/><AGARI ba="0,0" hai="96,99,116,118,119" m="52591,51307,43439" machi="119" ten="40,8000,1" yaku="12,1,20,1,34,2" doraHai="16" who="2" fromWho="2" sc="301,-40,165,-20,397,80,137,-20" /><INIT seed="5,0,0,2,3,17" ten="261,145,477,117" oya="1" hai0="51,112,76,117,15,62,6,1,116,101,26,81,70" hai1="39,25,102,4,89,23,36,41,43,94,95,113,37" hai2="35,30,96,75,33,5,127,28,86,90,123,61,66" hai3="106,133,92,46,27,12,22,73,91,65,126,31,38"/><U122/><E122/><V99/><F75/><W60/><G73/><T130/><D62/><U104/><E113/><V8/><F123/><W105/><G133/><T67/><D67/><U50/><E4/><V40/><F40/><W120/><G126/><T83/><D70/><U18/><E50/><V77/><F77/><W129/><G129/><T42/><D76/><U107/><E94/><V53/><F53/><W88/><G120/><T134/><D6/><U125/><E125/><V64/><F127/><W56/><G91/><T11/><D101/><U47/><E102/><V19/><F19/><W82/><G82/><T14/><D11/><U110/><E110/><V128/><F128/><W97/><REACH who="3" step="1"/><G12/><REACH who="3" ten="261,145,477,107" step="2"/><N who="0" m="4651" /><D81/><U59/><E59/><V100/><F90/><W21/><G21/><T93/><D83/><U118/><E118/><V34/><F100/><W80/><G80/><T10/><D117/><U111/><E111/><V72/><F72/><W52/><G52/><T131/><D116/><U115/><E115/><V55/><F55/><W32/><G32/><T98/><D130/><U78/><E78/><V132/><F35/><W109/><G109/><T87/><D134/><U49/><REACH who="1" step="1"/><E41/><AGARI ba="0,1" hai="22,27,31,38,41,46,56,60,65,88,92,97,105,106" machi="41" ten="40,8000,1" yaku="1,1,52,1,54,1,53,1" doraHai="17" doraHaiUra="54" who="3" fromWho="1" sc="261,0,145,-80,477,0,107,90" /><INIT seed="6,0,0,4,2,72" ten="261,65,477,197" oya="2" hai0="52,76,7,56,111,95,3,36,48,30,13,41,47" hai1="49,79,63,34,55,62,85,93,127,131,70,121,53" hai2="84,18,126,1,57,24,117,2,110,109,10,15,54" hai3="9,75,51,44,122,103,68,86,129,97,43,26,39"/><V73/><F73/><W33/><G122/><T64/><D111/><N who="2" m="42506" /><F117/><W21/><G129/><T37/><D30/><U17/><E34/><V130/><F130/><W123/><G123/><T71/><D3/><U104/><E121/><V16/><F126/><W119/><G119/><T113/><D95/><U11/><E104/><V61/><F84/><W12/><G86/><T22/><D113/><U118/><E131/><V29/><F18/><W106/><G33/><AGARI ba="0,0" hai="1,2,10,15,16,24,29,33,54,57,61" m="42506" machi="33" ten="30,2900,0" yaku="10,1,54,1" doraHai="72" who="2" fromWho="3" sc="261,0,65,0,477,29,197,-29" /><INIT seed="6,1,0,2,1,28" ten="261,65,506,168" oya="2" hai0="15,76,12,43,6,10,37,132,108,96,118,65,97" hai1="99,127,82,129,19,71,33,83,67,91,88,13,45" hai2="92,48,121,112,8,72,93,74,73,86,87,81,14" hai3="4,106,94,111,34,40,79,0,130,59,27,31,66"/><V55/><F121/><W123/><G123/><T61/><D108/><U47/><E129/><V53/><F112/><W5/><G111/><T131/><D132/><U54/><E127/><V119/><F119/><W85/><G106/><T128/><D131/><U29/><E71/><V103/><F103/><W60/><G130/><T125/><D128/><U64/><E29/><V100/><F100/><W52/><G0/><T135/><D118/><U24/><E24/><V116/><F116/><W1/><G1/><T57/><D135/><U3/><E3/><V104/><F104/><W25/><G25/><T122/><D125/><U102/><E33/><V18/><F55/><W46/><G66/><T63/><D122/><U35/><E35/><V69/><F69/><W77/><G77/><T23/><D76/><U51/><E47/><V120/><F120/><W7/><G7/><T78/><D78/><U41/><E41/><V84/><REACH who="2" step="1"/><F81/><REACH who="2" ten="261,65,496,168" step="2"/><W30/><G31/><T36/><D43/><U134/><E134/><V115/><F115/><W107/><G107/><T38/><D36/><U16/><E83/><V90/><F90/><W126/><G126/><T26/><D37/><U117/><E117/><V39/><F39/><W109/><G109/><T110/><D38/><U9/><E19/><V101/><F101/><W70/><G70/><T32/><D110/><U62/><E62/><V50/><F50/><W75/><G60/><T17/><D63/><U133/><E133/><V80/><F80/><W20/><G30/><T95/><D95/><N who="1" m="58751" /><E91/><V49/><F49/><W114/><G114/><T56/><D56/><AGARI ba="1,1" hai="8,14,18,48,53,56,72,73,74,84,86,87,92,93" machi="56" ten="50,4800,0" yaku="1,1,6,1,53,0" doraHai="28" doraHaiUra="2" who="2" fromWho="0" sc="261,-51,65,0,496,61,168,0" /><INIT seed="6,2,0,2,4,6" ten="210,65,557,168" oya="2" hai0="110,26,37,19,10,4,9,131,105,36,122,77,29" hai1="44,42,13,2,28,14,95,114,84,79,55,18,54" hai2="88,124,86,76,5,15,63,90,12,57,127,7,91" hai3="67,104,41,106,17,45,43,125,70,92,65,121,56"/><V69/><F69/><W49/><G121/><T39/><D105/><U53/><E2/><V50/><F50/><W81/><G106/><T93/><D122/><U71/><E71/><V62/><F76/><W52/><G104/><T100/><D110/><U107/><E107/><V115/><F115/><W118/><G118/><T20/><D77/><U61/><E114/><V48/><F48/><W25/><G70/><T83/><D83/><U109/><E109/><V33/><F33/><W40/><G125/><N who="2" m="48201" /><F86/><W31/><G81/><T129/><D4/><N who="2" m="1610" /><F57/><W66/><G17/><T111/><D111/><U123/><E123/><V117/><F117/><W0/><G0/><T94/><D19/><U30/><E61/><AGARI ba="2,0" hai="12,15,61,62,63,88,90,91" m="1610,48201" machi="61" ten="40,12000,1" yaku="28,2,18,1,54,1" doraHai="6" who="2" fromWho="1" sc="210,0,65,-126,557,126,168,0" owari="210,1.0,-61,-56.0,683,78.0,168,-23.0" /></mjloggm>