<mjloggm ver="2.3"><GO type="97" lobby="0"/><UN n0="%E5%B0%B1%E6%B4%BB%E7%94%9F%40%E5%B7%9D%E6%9D%91%E8%BB%8D%E5%9B%A3" n1="%E5%86%AC%E3%83%8E%E9%A2%A8" n2="%73%68%6F%6E%61%6E%6A%69" n3="%E3%82%BC%E3%83%AD%E3%82%BB%E3%83%AD" dan="14,14,13,14" rate="1939.35,1872.70,1864.63,1968.30" sx="M,M,M,M"/><TAIKYOKU oya="0"/><INIT seed="0,0,0,0,2,37" ten="250,250,250,250" oya="0" hai0="2,72,67,76,62,98,4,21,79,99,110,71,128" hai1="17,23,35,31,96,26,45,54,108,60,111,121,78" hai2="27,52,131,83,36,82,25,9,12,73,122,107,6" hai3="112,22,10,86,56,129,114,5,103,61,55,64,11"/><T33/><D33/><U113/><E121/><V77/><F122/><W80/><G129/><T48/><D128/><U94/><E113/><V101/><F131/><W87/><G103/><T120/><D120/><U0/><E0/><V19/><F36/><W74/><G74/><T91/><D110/><N who="1" m="42027" /><E78/><V7/><F7/><W46/><G87/><T57/><D72/><U49/><E60/><V40/><F83/><W97/><G97/><T109/><D109/><U51/><E51/><V106/><F27/><W134/><G134/><T58/><D71/><U85/><E85/><V70/><F70/><W115/><G22/><T1/><D1/><U15/><E94/><V50/><F40/><W47/><G64/><T133/><D133/><U116/><E96/><V14/><F25/><W39/><G39/><T104/><D104/><U100/><E100/><V44/><F101/><W18/><G18/><T105/><D105/><U132/><E132/><V127/><F127/><W59/><G11/><AGARI ba="0,0" hai="6,9,11,12,14,19,44,50,52,73,77,82,106,107" machi="11" ten="30,2000,0" yaku="7,1,54,1" doraHai="37" who="2" fromWho="3" sc="250,0,250,0,250,20,250,-20" /><INIT seed="1,0,0,3,5,134" ten="250,250,270,230" oya="1" hai0="124,47,72,63,78,25,76,0,122,10,106,68,99" hai1="66,117,119,107,52,104,43,56,42,12,2,26,55" hai2="41,100,59,109,113,40,110,95,38,127,88,18,37" hai3="121,24,69,116,73,90,126,118,79,15,132,57,102"/><U70/><E2/><V3/><F3/><W125/><G69/><T135/><D122/><U98/><E12/><V65/><F100/><W4/><G121/><T22/><D135/><U85/><E85/><V133/><F133/><W123/><G123/><T5/><D47/><U9/><E9/><V128/><F18/><W105/><G132/><T33/><D72/><U81/><E81/><V27/><F27/><W80/><G24/><T74/><D74/><U28/><E70/><V46/><F95/><W103/><G57/><T93/><D124/><N who="3" m="47721" /><G90/><T111/><D106/><U114/><E56/><V23/><F127/><W94/><G94/><T49/><D33/><U31/><E114/><V87/><F113/><W89/><G89/><T61/><D111/><U101/><E107/><V45/><F88/><W39/><G39/><T97/><D68/><U64/><E119/><N who="3" m="45610" /><G105/><T29/><D78/><U11/><E117/><V34/><F87/><W84/><G73/><T48/><D76/><U7/><E26/><V60/><F34/><W6/><G6/><T35/><D35/><U1/><E28/><V120/><F120/><W44/><G44/><T75/><D75/><U53/><E31/><V96/><F96/><W112/><G112/><T30/><D30/><U71/><E71/><V131/><F23/><W77/><G77/><T82/><D82/><U17/><E17/><V58/><F58/><W54/><G54/><T36/><D36/><U14/><E1/><V13/><F13/><W91/><G79/><T51/><D97/><U67/><AGARI ba="0,0" hai="7,11,14,42,43,52,53,55,64,66,67,98,101,104" machi="67" ten="30,3000,0" yaku="0,1,54,1" doraHai="134" who="1" fromWho="1" sc="250,-10,250,30,270,-10,230,-10" /><INIT seed="1,1,0,4,1,135" ten="240,280,260,220" oya="1" hai0="3,93,100,96,0,14,54,38,62,58,107,23,76" hai1="73,35,121,112,28,32,109,44,81,79,31,1,80" hai2="7,57,106,87,82,69,127,61,56,17,89,49,84" hai3="65,67,90,99,15,27,4,116,33,5,8,25,59"/><U101/><E112/><V86/><F106/><W75/><G75/><T122/><D38/><U64/><E121/><V102/><F102/><W129/><G129/><T55/><D122/><U95/><E1/><V42/><F69/><W22/><G116/><T41/><D41/><U130/><E130/><V29/><F7/><N who="3" m="3487" /><G33/><T97/><D76/><U128/><E128/><V43/><F29/><N who="3" m="17591" /><G27/><T46/><D46/><U2/><E2/><V83/><F17/><W70/><G70/><T91/><D55/><U11/><E35/><V123/><F123/><W132/><G132/><T74/><D74/><U24/><E31/><V12/><F12/><W50/><G50/><T113/><D113/><U120/><E120/><V18/><F18/><W110/><G110/><T72/><D72/><U111/><E11/><V133/><F133/><W10/><G10/><T125/><D3/><U39/><E64/><N who="3" m="24650" /><G59/><T103/><D0/><U47/><E39/><V66/><F84/><W118/><G118/><T88/><D14/><U68/><E68/><V48/><F66/><W13/><G13/><T26/><D125/><U34/><E34/><V40/><F40/><W16/><G16/><AGARI ba="1,0" hai="16,23,26,54,58,62,88,91,93,96,97,100,103,107" machi="16" ten="30,3900,0" yaku="7,1,54,2" doraHai="135" who="0" fromWho="3" sc="240,42,280,0,260,0,220,-42" /><INIT seed="2,0,0,1,4,130" ten="282,280,260,178" oya="2" hai0="85,122,105,69,57,20,121,66,6,63,97,126,61" hai1="38,88,32,92,112,90,107,89,27,53,111,124,70" hai2="116,64,103,119,11,29,23,1,37,91,78,62,3" hai3="76,40,49,125,48,54,42,80,127,108,95,94,47"/><V129/><F129/><W26/><G108/><T12/><D126/><U73/><E111/><V39/><F3/><W24/><G42/><T123/><D85/><U86/><E124/><N who="3" m="47690" /><G95/><T68/><D63/><U33/><E112/><V120/><F120/><W98/><G49/><T72/><D72/><U9/><E107/><V133/><F133/><W101/><G40/><T114/><D114/><U113/><E113/><V100/><F78/><W102/><G102/><T87/><D87/><AGARI ba="0,0" hai="24,26,47,48,54,76,80,87,94,98,101" m="47690" machi="87" ten="30,1000,0" yaku="18,1" doraHai="130" who="3" fromWho="0" sc="282,-10,280,0,260,0,178,10" /><INIT seed="3,0,0,2,1,92" ten="272,280,260,188" oya="3" hai0="42,63,106,24,78,49,10,39,135,82,119,132,102" hai1="88,9,57,54,8,118,98,53,4,56,50,95,11" hai2="26,58,134,68,97,126,7,33,44,66,34,38,30" hai3="48,111,67,47,14,90,104,0,18,51,81,128,69"/><W93/><G0/><T41/><D119/><U62/><REACH who="1" step="1"/><E118/><REACH who="1" ten="272,270,260,188" step="2"/><V64/><F126/><W29/><G128/><T61/><D132/><U73/><E73/><V89/><F134/><W91/><G111/><T43/><D135/><U131/><E131/><V130/><F130/><W110/><G110/><T5/><D39/><U31/><E31/><V80/><F68/><W105/><G29/><T86/><D106/><U1/><AGARI ba="0,1" hai="1,4,8,9,11,50,53,54,56,57,62,88,95,98" machi="1" ten="20,12000,2" yaku="21,2,0,1,7,1,52,1,54,1,53,0" doraHai="92" doraHaiUra="103" who="1" fromWho="1" sc="272,-30,270,130,260,-30,188,-60" owari="242,4.0,400,50.0,230,-17.0,128,-37.0" /></mjloggm>