<mjloggm ver="2.3"><GO type="97" lobby="0"/><UN n0="%33%35%31%36" n1="%6D%61%65%75%74%69" n2="%E2%98%86%E8%8F%AF%E7%90%B3%E2%98%86" n3="%E5%B0%B1%E6%B4%BB%E7%94%9F%40%E5%B7%9D%E6%9D%91%E8%BB%8D%E5%9B%A3" dan="13,13,13,15" rate="1852.97,1873.76,2025.93,1987.00" sx="M,M,M,M"/><TAIKYOKU oya="0"/><INIT seed="0,0,0,2,2,65" ten="250,250,250,250" oya="0" hai0="64,80,116,19,41,75,123,3,57,77,82,132,39" hai1="131,61,32,56,15,17,68,44,11,14,47,6,76" hai2="16,96,101,50,26,109,45,24,38,120,117,43,67" hai3="135,22,113,85,114,70,5,55,92,78,91,71,95"/><T20/><D3/><U112/><E32/><V36/><F109/><W40/><G40/><T90/><D123/><U115/><E131/><V79/><F120/><W42/><G42/><T106/><D116/><U4/><E76/><V133/><F133/><W63/><G135/><T60/><D106/><U31/><E31/><V18/><F117/><W86/><G5/><T98/><D132/><U59/><E68/><V89/><F79/><W99/><G78/><T1/><D1/><U29/><E29/><V111/><F89/><W62/><G22/><T51/><D39/><U46/><E61/><V134/><F111/><W128/><G91/><T23/><D23/><U54/><E54/><V37/><F67/><W94/><G55/><T53/><D41/><U126/><E17/><V104/><REACH who="2" step="1"/><F134/><REACH who="2" ten="250,250,240,250" step="2"/><W103/><G103/><T52/><D75/><U129/><E129/><V27/><AGARI ba="0,1" hai="16,18,24,26,27,36,37,38,43,45,50,96,101,104" machi="27" ten="40,12000,2" yaku="1,1,2,1,0,1,54,1,53,3" doraHai="65" doraHaiUra="69" who="2" fromWho="2" sc="250,-60,250,-30,240,130,250,-30" /><INIT seed="1,0,0,2,5,87" ten="190,220,370,220" oya="1" hai0="36,2,62,126,17,28,11,113,115,124,90,32,33" hai1="13,95,34,131,47,132,19,44,127,41,78,81,100" hai2="31,46,123,39,71,42,117,9,111,73,84,130,79" hai3="53,25,20,129,10,45,60,82,52,85,15,134,66"/><U6/><E132/><V109/><F117/><W0/><G0/><T91/><D62/><U96/><E131/><V59/><F130/><W51/><G129/><T133/><D36/><U88/><E34/><N who="0" m="13417" /><D28/><U43/><E127/><N who="0" m="48681" /><D133/><U55/><E6/><V103/><F123/><W110/><G134/><T119/><D119/><U97/><E97/><V76/><F71/><W75/><G110/><T74/><D74/><U99/><E99/><V108/><F73/><W89/><G75/><T67/><D67/><U21/><E78/><V49/><F31/><N who="3" m="17831" /><G66/><T56/><D56/><U86/><REACH who="1" step="1"/><E55/><REACH who="1" ten="190,210,370,220" step="2"/><N who="2" m="32239" /><F76/><W120/><G120/><T94/><D2/><U64/><E64/><V4/><F79/><W23/><G60/><T118/><D118/><U57/><E57/><V14/><F84/><W3/><G3/><T18/><D94/><U70/><E70/><V116/><F116/><W16/><G53/><T37/><D11/><AGARI ba="0,1" hai="10,11,15,16,23,45,51,52,82,85,89" m="17831" machi="11" ten="30,7700,0" yaku="8,1,52,1,54,2" doraHai="87" who="3" fromWho="0" sc="190,-77,210,0,370,0,220,87" /><INIT seed="2,0,0,0,3,94" ten="113,210,370,307" oya="2" hai0="51,18,117,82,61,133,84,112,116,123,29,83,129" hai1="53,5,38,41,90,120,67,72,20,56,43,11,49" hai2="97,46,134,28,101,45,42,39,6,62,10,24,118" hai3="54,111,64,15,33,57,7,103,44,91,48,131,124"/><V119/><F134/><W26/><G124/><T89/><D18/><U37/><E72/><V130/><F130/><W9/><G131/><T3/><D29/><U59/><E20/><V1/><F46/><W87/><G111/><T113/><D51/><U108/><E11/><V30/><F62/><W55/><G103/><T121/><D61/><N who="1" m="38311" /><E5/><V100/><F100/><W52/><G33/><T86/><D3/><U93/><E93/><V77/><F77/><W21/><G64/><T95/><D129/><U122/><E90/><V17/><F17/><N who="3" m="12591" /><G44/><T32/><D32/><U79/><E79/><V27/><F30/><W25/><G25/><T109/><D133/><U58/><E108/><V88/><F88/><W107/><G107/><T76/><D95/><AGARI ba="0,0" hai="7,9,15,48,52,54,55,57,87,91,95" m="12591" machi="95" ten="30,2000,0" yaku="8,1,54,1" doraHai="94" who="3" fromWho="0" sc="113,-20,210,0,370,0,307,20" /><INIT seed="3,0,0,3,5,7" ten="93,210,370,327" oya="3" hai0="103,35,9,91,97,31,32,133,25,42,50,93,57" hai1="2,45,130,73,19,105,104,20,26,4,87,66,53" hai2="102,90,3,5,120,55,94,123,117,106,29,41,134" hai3="107,63,18,92,59,118,62,39,37,16,99,65,21"/><W101/><G118/><T126/><D133/><U83/><E73/><V47/><F117/><W8/><G107/><T69/><D126/><U46/><E130/><V72/><F72/><W48/><G48/><T61/><D35/><U131/><E66/><V121/><F134/><W84/><G84/><T12/><D69/><U116/><E131/><V132/><F132/><W49/><G49/><T27/><D32/><U13/><E2/><V28/><F55/><W124/><G124/><T38/><D38/><U15/><E15/><V129/><F129/><W128/><G128/><T36/><D36/><U44/><E53/><V79/><F79/><W54/><G8/><T78/><D78/><U10/><REACH who="1" step="1"/><E116/><REACH who="1" ten="93,200,370,327" step="2"/><V113/><F3/><W122/><G122/><T109/><D109/><U33/><E33/><V43/><F120/><W11/><G11/><T60/><D31/><U98/><E98/><V82/><F29/><W80/><G18/><T0/><D0/><U108/><E108/><V76/><F28/><W96/><G96/><T75/><D75/><U115/><E115/><V22/><F113/><W51/><G63/><T74/><D74/><U68/><E68/><V111/><F111/><W52/><G54/><T77/><D77/><AGARI ba="0,1" hai="4,10,13,19,20,26,44,45,46,77,83,87,104,105" machi="77" ten="40,2600,0" yaku="1,1,52,1,53,0" doraHai="7" doraHaiUra="112" who="1" fromWho="0" sc="93,-26,200,36,370,0,327,0" owari="67,-43.0,236,-16.0,370,46.0,327,13.0" /></mjloggm>