<mjloggm ver="2.3"><GO type="169" lobby="0"/><UN n0="%E3%82%A6%E3%83%AB%E3%83%88%E3%83%A9%E7%AB%8B%E7%9B%B4" n1="%E9%9B%80%CE%B2%CE%BF%D1%83" n2="%E3%82%B7%E3%83%B3%E3%83%87%E3%83%AB%E3%83%A9" n3="%E3%82%88%E3%81%A4%E3%81%B0%E3%81%A8%EF%BC%81" dan="17,16,17,16" rate="2156.01,2098.59,2096.66,2092.84" sx="M,M,M,F"/><TAIKYOKU oya="0"/><INIT seed="0,0,0,2,1,73" ten="250,250,250,250" oya="0" hai0="36,61,80,120,34,17,128,133,26,95,65,112,127" hai1="24,57,39,74,94,69,58,118,84,20,77,70,30" hai2="6,68,91,101,124,126,19,96,119,85,31,79,15" hai3="87,86,115,89,35,59,103,117,63,5,134,56,45"/><T111/><D120/><U113/><E118/><V106/><F119/><W131/><G115/><T132/><D112/><U107/><E74/><V11/><F68/><W72/><G72/><T23/><D36/><U116/><E107/><V27/><F79/><W108/><G35/><T71/><D127/><U55/><E39/><V29/><F6/><W83/><G108/><T33/><D111/><U82/><E116/><V102/><F102/><W98/><G131/><T90/><D80/><U1/><E1/><V28/><REACH who="2" step="1"/><F27/><REACH who="2" ten="250,250,240,250" step="2"/><W60/><G5/><T2/><D128/><U8/><E113/><V44/><F44/><W54/><G45/><T122/><D122/><U99/><E70/><V67/><F67/><W16/><G103/><T93/><D2/><U114/><E69/><V0/><F0/><W42/><G117/><T121/><D121/><U130/><E130/><V53/><F53/><W32/><G54/><T25/><D25/><U4/><E114/><V47/><F47/><W62/><G42/><T125/><D125/><U12/><REACH who="1" step="1"/><E55/><REACH who="1" ten="250,240,240,250" step="2"/><V92/><AGARI ba="0,2" hai="11,15,19,28,29,31,85,91,92,96,101,106,124,126" machi="92" ten="30,2000,0" yaku="1,1,0,1,53,0" doraHai="73" doraHaiUra="3" who="2" fromWho="2" sc="250,-10,240,-5,240,40,250,-5" /><INIT seed="1,0,0,5,1,15" ten="240,235,280,245" oya="1" hai0="115,121,93,1,78,0,53,104,46,79,100,48,74" hai1="133,57,70,134,39,126,68,18,125,64,62,117,10" hai2="90,85,50,119,52,23,12,43,67,16,89,35,34" hai3="6,33,26,60,51,106,109,135,66,75,14,131,13"/><U76/><E76/><V22/><F119/><W84/><G75/><T122/><D104/><U56/><E117/><V25/><F43/><W105/><G109/><T2/><D115/><U55/><E10/><V63/><F63/><W83/><G131/><T59/><D74/><U112/><E39/><V103/><F103/><W108/><G108/><T124/><D124/><N who="1" m="47723" /><E112/><V71/><F67/><W11/><G51/><T77/><D100/><U94/><E94/><N who="2" m="54575" /><F71/><N who="1" m="27177" /><E18/><N who="2" m="12535" /><F90/><W96/><G33/><T8/><D93/><U19/><E19/><V123/><F123/><W41/><G26/><T61/><REACH who="0" step="1"/><D8/><REACH who="0" ten="230,235,280,245" step="2"/><U30/><E30/><V38/><F38/><W73/><G11/><T110/><D110/><U54/><E57/><AGARI ba="0,1" hai="12,16,22,34,35,50,52,57" m="12535,54575" machi="57" ten="30,8000,1" yaku="25,1,52,2,54,2" doraHai="15" who="2" fromWho="1" sc="230,0,235,-80,280,90,245,0" /><INIT seed="2,0,0,0,4,71" ten="230,155,370,245" oya="2" hai0="36,104,22,113,86,112,124,2,29,43,59,108,20" hai1="70,7,12,101,42,38,5,57,64,129,1,91,83" hai2="85,132,63,46,48,133,109,44,50,31,115,95,25" hai3="84,30,34,19,9,121,66,68,125,0,15,47,52"/><V96/><F115/><W126/><G121/><T62/><D104/><U67/><E70/><V49/><F109/><W73/><G73/><T41/><D2/><U110/><E1/><V4/><F4/><W40/><G66/><T61/><D108/><U123/><E110/><V119/><F85/><W58/><G68/><T77/><D124/><N who="3" m="47721" /><G0/><T65/><D61/><U8/><E129/><V16/><F119/><W74/><G74/><T32/><D32/><U90/><E123/><V102/><F63/><N who="3" m="36295" /><G84/><T78/><D86/><U11/><E101/><V107/><F107/><W130/><G30/><T33/><D33/><U99/><E91/><V88/><F102/><W23/><G34/><T80/><D65/><U82/><E82/><V27/><F16/><W120/><G120/><T81/><D29/><U94/><E57/><V127/><F127/><W51/><G130/><T98/><D62/><U128/><E128/><V26/><REACH who="2" step="1"/><F31/><REACH who="2" ten="230,155,360,245" step="2"/><W79/><G79/><T18/><D18/><U28/><E28/><V3/><F3/><W122/><G122/><T13/><D78/><U131/><E131/><V76/><F76/><W117/><G117/><T21/><D77/><U134/><E83/><V89/><F89/><W24/><G9/><T35/><D81/><U75/><E75/><V69/><F69/><W97/><G97/><T92/><D98/><U100/><E100/><V45/><AGARI ba="0,1" hai="25,26,27,44,45,46,48,49,50,88,95,96,132,133" machi="45" ten="40,12000,1" yaku="1,1,0,1,29,2,54,1,53,0" doraHai="71" doraHaiUra="14" who="2" fromWho="2" sc="230,-40,155,-40,360,130,245,-40" /><INIT seed="2,1,0,4,4,24" ten="190,115,490,205" oya="2" hai0="22,132,30,27,37,0,115,125,44,34,54,14,18" hai1="133,93,108,60,36,119,56,96,117,113,89,69,91" hai2="62,116,106,39,112,71,134,43,55,57,48,83,63" hai3="23,92,110,123,88,122,4,75,65,61,114,12,10"/><V120/><F106/><W84/><G75/><T41/><D115/><U5/><E108/><V94/><F112/><W90/><G110/><T86/><D125/><U50/><E113/><V6/><F116/><W81/><G114/><T118/><D132/><U8/><E36/><V76/><F134/><W58/><REACH who="3" step="1"/><G23/><REACH who="3" ten="190,115,490,195" step="2"/><T52/><D118/><U13/><E133/><V47/><F120/><W15/><G15/><T103/><D0/><U19/><E119/><V121/><F121/><W72/><G72/><T59/><D103/><U126/><E126/><V2/><F71/><W111/><G111/><T16/><D59/><U135/><E117/><V1/><F1/><W46/><G46/><T40/><D40/><U38/><E135/><V21/><F21/><W130/><G130/><T98/><D98/><AGARI ba="1,1" hai="4,10,12,58,61,65,81,84,88,90,92,98,122,123" machi="98" ten="30,3900,0" yaku="1,1,7,1,54,1,53,0" doraHai="24" doraHaiUra="102" who="3" fromWho="0" sc="190,-42,115,0,490,0,195,52" /><INIT seed="3,0,0,2,3,48" ten="148,115,490,247" oya="3" hai0="28,74,82,11,51,8,61,53,93,5,56,4,32" hai1="40,47,41,122,0,97,101,10,104,72,94,25,15" hai2="35,18,87,3,84,14,38,66,107,134,90,96,73" hai3="27,76,50,132,124,79,34,92,2,130,62,83,6"/><W70/><G124/><T58/><D74/><U123/><E72/><V114/><F114/><W44/><G130/><T12/><D32/><U20/><E0/><V23/><F73/><W135/><G2/><T24/><D82/><U55/><E104/><V102/><F35/><W29/><G6/><T89/><D24/><U17/><E122/><V129/><F38/><W30/><G30/><T121/><D28/><U16/><E123/><V45/><F3/><W117/><G117/><T81/><D81/><U21/><E21/><V43/><F134/><N who="3" m="51243" /><G92/><T126/><D126/><U77/><E77/><V39/><F129/><W120/><G120/><T52/><D121/><U22/><E22/><V64/><F87/><N who="3" m="48615" /><G79/><T100/><D100/><U54/><REACH who="1" step="1"/><E41/><REACH who="1" ten="148,105,490,247" step="2"/><V116/><F116/><W65/><G34/><T98/><D8/><U125/><E125/><V71/><F43/><N who="3" m="24863" /><G29/><T112/><D112/><U49/><AGARI ba="0,1" hai="10,15,16,17,20,25,40,47,49,54,55,94,97,101" machi="49" ten="20,12000,2" yaku="1,1,0,1,7,1,8,1,52,2,54,1,53,0" doraHai="48" doraHaiUra="109" who="1" fromWho="1" sc="148,-30,105,130,490,-30,247,-60" /><INIT seed="4,0,0,5,1,24" ten="118,235,460,187" oya="0" hai0="0,127,1,76,56,118,13,17,120,2,61,52,89" hai1="33,110,80,79,131,59,109,102,3,101,129,65,71" hai2="105,10,9,78,69,84,94,18,63,98,126,112,60" hai3="82,132,48,135,30,66,111,50,117,70,7,28,44"/><T55/><D120/><U124/><E3/><V14/><F112/><W113/><G111/><T103/><D118/><U74/><E33/><V64/><F126/><W90/><G113/><T53/><D127/><U100/><E71/><V54/><F105/><W106/><G106/><T36/><D36/><U46/><E46/><V128/><F128/><N who="1" m="49225" /><E65/><V104/><F104/><W26/><G26/><T34/><D103/><U58/><E124/><V12/><F54/><W35/><G7/><T40/><D40/><U121/><E121/><V114/><F114/><W87/><G35/><T29/><D76/><U45/><E45/><V107/><F107/><W20/><G20/><T108/><D108/><AGARI ba="0,0" hai="58,59,74,79,80,100,101,102,108,109,110" m="49225" machi="108" ten="40,1300,0" yaku="19,1" doraHai="24" who="1" fromWho="0" sc="118,-13,235,13,460,0,187,0" /><INIT seed="5,0,0,1,4,11" ten="105,248,460,187" oya="1" hai0="125,95,119,115,68,91,113,114,79,58,93,49,30" hai1="33,124,111,57,110,81,65,52,34,61,74,89,46" hai2="19,9,64,107,32,87,22,41,116,67,36,15,12" hai3="73,104,63,3,80,121,75,16,29,56,71,96,132"/><U1/><E1/><V84/><F116/><W117/><G117/><T13/><D68/><U20/><E124/><V77/><F32/><W120/><G3/><T118/><D125/><U28/><E20/><V38/><F107/><W10/><G71/><T37/><D37/><U100/><E100/><V2/><F2/><W62/><G29/><T98/><D30/><U88/><E28/><V70/><F70/><W35/><G35/><N who="1" m="13322" /><E74/><V51/><F38/><W47/><G47/><T18/><D79/><U103/><E103/><V99/><F99/><W72/><G104/><T85/><D49/><U122/><E122/><V90/><F36/><W101/><G101/><T83/><D58/><U66/><E81/><N who="2" m="47151" /><F51/><W45/><G96/><T128/><D128/><U134/><E134/><V60/><F60/><W48/><G132/><T94/><REACH who="0" step="1"/><D98/><REACH who="0" ten="95,248,460,187" step="2"/><U109/><E46/><V69/><F69/><W102/><G45/><T43/><D43/><U129/><E129/><V105/><F41/><W23/><G56/><T86/><D86/><U27/><E66/><V78/><F78/><W8/><G72/><T24/><D24/><U131/><E27/><V14/><F67/><W133/><G73/><T135/><D135/><U17/><E131/><V26/><F64/><W6/><G75/><T82/><D82/><U40/><E40/><V42/><F42/><W108/><G80/><T59/><D59/><U0/><E65/><V123/><F123/><W54/><G120/><T25/><D25/><U76/><E76/><V5/><F105/><W130/><G121/><T21/><AGARI ba="0,1" hai="13,18,21,83,85,91,93,94,95,113,114,115,118,119" machi="21" ten="40,8000,1" yaku="1,1,0,1,15,1,52,1,53,0" doraHai="11" doraHaiUra="126" who="0" fromWho="0" sc="95,90,248,-40,460,-20,187,-20" /><INIT seed="6,0,0,4,3,99" ten="185,208,440,167" oya="2" hai0="72,17,12,43,131,93,63,103,58,124,67,85,89" hai1="77,134,44,87,53,9,28,30,95,42,54,2,21" hai2="107,25,76,113,61,5,118,111,82,29,33,128,52" hai3="106,7,70,123,102,92,38,36,0,41,115,130,32"/><V109/><F113/><W88/><G123/><T66/><D72/><U75/><E75/><V126/><F118/><W48/><G70/><T94/><D124/><U45/><E134/><V39/><F39/><W1/><G32/><T47/><D131/><U65/><E65/><V51/><F126/><W26/><G115/><T3/><D3/><U37/><E2/><V60/><F128/><W11/><G1/><T122/><D122/><U73/><E73/><N who="2" m="43279" /><F107/><W91/><G130/><T24/><D24/><U86/><E86/><V98/><F98/><N who="3" m="59719" /><G106/><T80/><D67/><U69/><E69/><V14/><F14/><N who="3" m="5503" /><G36/><T112/><D112/><U108/><E108/><N who="2" m="41547" /><F5/><W97/><G38/><T13/><D13/><U40/><E37/><V55/><F55/><W57/><G97/><T117/><D117/><U46/><E87/><V79/><F79/><W90/><G0/><T62/><D85/><U132/><E77/><V19/><F19/><W96/><G96/><N who="0" m="59799" /><D17/><U68/><E68/><V105/><F105/><W59/><G26/><T71/><D12/><U125/><E125/><V4/><F4/><W100/><G100/><T129/><D129/><U31/><E132/><V84/><F84/><W83/><G83/><T110/><D80/><U10/><E95/><V15/><F15/><W56/><G41/><T27/><D27/><U20/><E42/><V50/><F25/><W133/><G133/><T121/><D110/><U81/><E81/><V114/><F114/><W22/><G22/><N who="1" m="8810" /><E40/><V35/><F35/><W101/><G101/><T6/><D43/><U8/><AGARI ba="0,0" hai="8,9,10,28,30,31,44,45,46,53,54" m="8810" machi="8" ten="40,8000,1" yaku="29,2,28,2,8,1" doraHai="99" who="1" fromWho="1" sc="185,-20,208,80,440,-40,167,-20" /><INIT seed="7,0,0,0,4,113" ten="165,288,400,147" oya="3" hai0="112,16,124,27,34,57,8,20,18,24,131,74,60" hai1="54,30,45,93,123,39,109,32,105,128,4,110,59" hai2="96,100,13,75,120,17,79,130,56,67,76,70,94" hai3="71,65,33,23,5,97,66,1,22,127,61,21,53"/><W29/><G127/><T69/><D74/><U62/><E105/><V68/><F68/><W15/><G65/><T26/><D69/><U50/><E123/><V84/><F70/><W51/><G1/><T80/><D34/><U31/><E128/><V47/><F75/><W125/><G125/><T107/><D107/><U58/><E39/><V121/><F130/><W11/><G97/><T63/><D112/><U19/><E32/><V83/><F47/><W126/><G126/><T104/><D104/><U44/><E4/><V3/><F3/><W14/><G14/><N who="0" m="7239" /><D131/><U46/><E93/><V35/><F35/><W36/><G36/><T49/><D124/><U87/><E87/><V73/><F73/><W115/><G115/><T10/><D10/><U133/><E110/><V91/><F121/><W7/><G33/><T99/><D80/><U95/><E95/><V101/><F101/><W92/><G92/><T117/><D117/><U86/><E109/><V103/><F103/><W64/><G64/><N who="0" m="38927" /><D63/><U38/><E38/><V118/><F118/><W102/><G102/><T89/><D49/><U108/><E108/><V12/><F120/><W55/><G5/><T111/><D111/><U132/><E86/><V28/><F12/><W37/><G37/><T114/><D114/><U0/><E0/><V85/><F85/><W134/><G134/><T48/><D48/><U82/><E82/><V119/><F119/><W116/><G116/><T81/><D81/><U78/><E133/><V122/><F122/><W98/><G98/><T6/><D6/><U2/><E132/><V135/><F135/><RYUUKYOKU ba="0,0" sc="165,30,288,-10,400,-10,147,-10" hai0="18,20,24,26,27,89,99" owari="195,-20.0,278,8.0,390,48.0,137,-36.0" /></mjloggm>