<mjloggm ver="2.3"><GO type="193" lobby="0"/><UN n0="%34%79%34%65%72" n1="%75%6E%69%76%65%32%30" n2="%E3%83%88%E3%83%88%E3%83%AA%E5%85%88%E7%94%9F%31%39%E6%AD%B3" n3="%74%79%75%72%61%73%61%6E" dan="10,14,11,12" rate="1392.41,1835.50,1790.66,1806.97" sx="M,M,F,M"/><TAIKYOKU oya="0"/><INIT seed="0,0,0,2,4,126" ten="250,250,250,250" oya="0" hai0="94,109,111,37,87,49,123,90,122,11,88,45,31" hai1="99,34,44,119,76,62,52,70,12,74,117,98,61" hai2="113,15,135,0,38,22,85,116,106,39,8,89,56" hai3="53,133,13,57,64,125,6,32,9,51,114,63,92"/><T33/><D37/><U10/><E34/><V50/><F113/><W130/><G114/><T58/><D58/><U129/><E74/><V118/><F106/><W79/><G125/><T3/><D3/><U100/><E76/><V20/><F0/><W1/><G32/><T131/><D131/><U14/><E70/><V24/><F135/><W48/><G133/><T17/><D17/><U73/><E73/><V30/><F22/><W36/><G36/><T59/><D59/><U54/><E44/><V19/><F56/><W28/><G28/><T68/><D68/><U80/><E80/><N who="2" m="49319" /><F50/><W95/><G79/><T4/><D4/><U78/><E78/><V5/><F30/><W71/><G130/><T77/><D11/><U103/><REACH who="1" step="1"/><E10/><REACH who="1" ten="250,240,250,250" step="2"/><V108/><F108/><N who="0" m="41546" /><D77/><U21/><E21/><V97/><F20/><W43/><G1/><T2/><D2/><U105/><E105/><V65/><F8/><W112/><G112/><T104/><D104/><U134/><E134/><V110/><F110/><W132/><G132/><T124/><D124/><U107/><E107/><V7/><F116/><W127/><G127/><T93/><D33/><U47/><E47/><V23/><F118/><W67/><G71/><T82/><D31/><U29/><E29/><V18/><F39/><W75/><G75/><T41/><D41/><U46/><E46/><V91/><F38/><W40/><G40/><T128/><D128/><AGARI ba="0,1" hai="12,14,52,54,61,62,98,99,100,103,117,119,128,129" machi="128" ten="25,12000,2" yaku="1,1,22,2,52,2,54,1,53,0" doraHai="126" doraHaiUra="66" who="1" fromWho="0" sc="250,-120,240,130,250,0,250,0" /><INIT seed="1,0,0,0,3,135" ten="130,370,250,250" oya="1" hai0="22,34,65,47,30,40,35,111,51,75,130,88,87" hai1="50,54,114,8,0,104,120,115,103,118,74,96,129" hai2="2,86,105,26,67,113,84,60,12,58,132,68,116" hai3="102,16,59,17,133,90,4,27,94,119,63,98,123"/><U29/><E118/><V85/><F116/><W18/><G123/><T93/><D111/><U36/><E120/><V7/><F105/><W79/><G119/><T99/><D75/><U31/><E36/><V39/><F39/><W32/><G133/><T95/><D130/><U23/><E129/><V62/><F132/><W53/><G4/><T82/><D65/><U127/><E74/><V44/><F2/><W33/><G79/><T121/><D121/><U24/><E31/><V1/><F1/><W64/><G27/><T42/><D22/><U5/><E127/><V41/><F113/><W89/><G64/><T81/><D30/><U110/><REACH who="1" step="1"/><E110/><REACH who="1" ten="130,360,250,250" step="2"/><V80/><F67/><W91/><AGARI ba="0,1" hai="16,17,18,32,33,53,59,63,89,90,91,94,98,102" machi="91" ten="30,2000,0" yaku="0,1,54,1" doraHai="135" who="3" fromWho="3" sc="130,-5,360,-10,250,-5,250,30" /><INIT seed="2,0,0,0,5,93" ten="125,350,245,280" oya="2" hai0="5,40,80,14,68,4,119,96,65,86,94,126,105" hai1="77,62,23,44,84,24,99,79,25,69,95,118,103" hai2="121,12,30,129,8,59,38,46,60,51,52,125,116" hai3="113,101,127,106,45,57,31,47,6,90,108,100,122"/><V43/><F129/><W87/><G122/><T115/><D115/><U61/><E25/><V17/><F125/><W73/><G113/><T37/><D126/><U74/><E74/><V112/><F112/><W19/><G127/><T41/><D119/><U35/><E35/><V135/><F135/><W50/><G6/><T33/><D33/><U123/><E69/><V48/><F121/><W39/><G31/><T89/><D105/><U18/><E118/><V13/><F116/><W34/><G34/><T109/><D109/><U15/><E123/><V54/><F30/><W22/><G73/><T72/><D72/><U98/><E44/><V104/><F104/><W97/><G108/><T2/><D2/><U63/><E84/><V7/><REACH who="2" step="1"/><F54/><REACH who="2" ten="125,350,235,280" step="2"/><N who="3" m="31959" /><G101/><T49/><D37/><U20/><E103/><V132/><F132/><W42/><G39/><T32/><D32/><U76/><E95/><V0/><F0/><W64/><G42/><T130/><D130/><U83/><E83/><V3/><F3/><W110/><G110/><T133/><D133/><U55/><E55/><V92/><F92/><N who="3" m="54367" /><G64/><T16/><D68/><U11/><E23/><AGARI ba="0,1" hai="7,8,12,13,17,23,38,43,46,48,51,52,59,60" machi="23" ten="30,5800,0" yaku="1,1,7,1,54,1,53,0" doraHai="93" doraHaiUra="81" who="2" fromWho="1" sc="125,0,350,-58,235,68,280,0" /><INIT seed="2,1,0,4,5,52" ten="125,292,303,280" oya="2" hai0="27,62,94,68,104,2,63,17,32,3,66,91,83" hai1="13,74,8,98,130,11,85,12,122,0,120,5,78" hai2="9,124,38,107,86,97,30,102,69,116,59,1,46" hai3="35,118,31,25,111,39,67,24,80,112,4,99,14"/><V7/><F116/><W125/><G39/><T96/><D32/><U119/><E119/><V60/><F124/><W49/><G118/><T76/><D104/><U131/><E74/><V47/><F69/><W113/><G67/><T22/><REACH who="0" step="1"/><D62/><REACH who="0" ten="115,292,303,280" step="2"/><U73/><E120/><V82/><F107/><W16/><G125/><T51/><D51/><U54/><E122/><V100/><F38/><W23/><G49/><T127/><D127/><U50/><E50/><V20/><F60/><W36/><G36/><T129/><D129/><U117/><E117/><V6/><F47/><W81/><G99/><T114/><D114/><N who="3" m="44137" /><G111/><T57/><D57/><U37/><E98/><V18/><F59/><W10/><AGARI ba="1,1" hai="4,10,14,16,23,24,25,31,35,80,81" m="44137" machi="10" ten="30,2000,0" yaku="11,1,54,1" doraHai="52" who="3" fromWho="3" sc="115,-6,292,-6,303,-11,280,33" /><INIT seed="3,0,0,3,0,90" ten="109,286,292,313" oya="3" hai0="19,27,110,30,97,124,111,66,62,14,41,38,65" hai1="88,15,6,77,109,23,87,75,34,35,129,26,85" hai2="96,48,36,17,46,119,21,44,118,1,73,53,32" hai3="114,115,98,121,83,131,45,95,12,40,116,86,76"/><W102/><G121/><T47/><D124/><U79/><E75/><V57/><F73/><W63/><G116/><T117/><D117/><U107/><E107/><V51/><F32/><W49/><G131/><T93/><D14/><U16/><E129/><V31/><F31/><W11/><G63/><T42/><D42/><U0/><E0/><V89/><F1/><W135/><G135/><T10/><D10/><N who="1" m="4567" /><E34/><V70/><F70/><W7/><AGARI ba="0,0" hai="7,11,12,40,45,49,76,83,86,95,98,102,114,115" machi="7" ten="20,12000,1" yaku="0,1,7,1,25,2,52,1" doraHai="90" who="3" fromWho="3" sc="109,-40,286,-40,292,-40,313,120" owari="69,-43.0,246,-15.0,252,5.0,433,53.0" /></mjloggm>