<mjloggm ver="2.3"><GO type="97" lobby="0"/><UN n0="%EF%BC%AD%EF%BC%A6%E3%83%99%E3%83%83%E3%82%AB%E3%83%A0" n1="%E5%B0%B1%E6%B4%BB%E7%94%9F%40%E5%B7%9D%E6%9D%91%E8%BB%8D%E5%9B%A3" n2="%E3%81%B9%E3%81%AA%E3%82%86%E3%82%93" n3="%E3%81%8F%E3%81%A0%E3%81%8A" dan="13,14,13,14" rate="1858.43,1936.39,1889.49,1941.15" sx="M,M,M,M"/><TAIKYOKU oya="0"/><INIT seed="0,0,0,2,0,86" ten="250,250,250,250" oya="0" hai0="35,49,42,45,105,110,43,107,50,73,27,99,30" hai1="126,72,54,11,84,64,81,51,116,67,47,44,75" hai2="60,106,93,135,62,1,98,128,114,71,117,23,120" hai3="22,100,124,15,87,40,78,41,53,14,104,94,69"/><T52/><D73/><U89/><E116/><V121/><F114/><W8/><G69/><T17/><D110/><U24/><E126/><V111/><F117/><W59/><G104/><T58/><D43/><U37/><E24/><V7/><F106/><W133/><G133/><T92/><REACH who="0" step="1"/><D17/><REACH who="0" ten="240,250,250,250" step="2"/><U56/><E75/><V2/><F111/><W32/><G41/><T90/><AGARI ba="0,1" hai="27,30,35,42,45,49,50,52,58,90,92,99,105,107" machi="90" ten="20,18000,2" yaku="1,1,2,1,0,1,7,1,52,1,54,1,53,0" doraHai="86" doraHaiUra="131" who="0" fromWho="0" sc="240,190,250,-60,250,-60,250,-60" /><INIT seed="0,1,0,4,5,100" ten="430,190,190,190" oya="0" hai0="45,127,125,3,98,75,27,22,65,78,130,120,19" hai1="84,15,123,134,103,37,53,83,104,20,57,74,93" hai2="32,116,28,122,73,90,52,38,10,44,89,132,117" hai3="105,9,11,30,29,95,85,106,4,33,2,94,88"/><T97/><D120/><U128/><E37/><V112/><F122/><W101/><G11/><T50/><D3/><U56/><E123/><V40/><F112/><W110/><G110/><T48/><D130/><U68/><E68/><V62/><F73/><W72/><G72/><T23/><D65/><U99/><E128/><V13/><F132/><W7/><G7/><T51/><D45/><U131/><E131/><V41/><F41/><W55/><G55/><T6/><D6/><U91/><E134/><V77/><F77/><W49/><G49/><T58/><D58/><U24/><E15/><V17/><F28/><W54/><G54/><T71/><D71/><U102/><E53/><V107/><F32/><W108/><G108/><T81/><REACH who="0" step="1"/><D22/><REACH who="0" ten="420,190,190,190" step="2"/><U124/><E57/><V67/><F67/><W36/><G2/><T109/><D109/><U60/><E56/><V34/><F44/><W86/><G33/><T42/><D42/><U133/><E133/><V96/><F34/><W113/><G4/><T18/><D18/><U135/><E135/><V64/><F17/><W12/><G113/><T66/><D66/><U69/><E69/><V82/><F64/><W119/><G119/><T59/><D59/><U76/><E60/><V46/><F62/><W16/><G16/><T25/><D25/><U63/><E63/><V92/><F117/><W80/><G29/><T5/><D5/><U111/><E111/><V115/><F115/><W47/><G30/><T126/><AGARI ba="1,1" hai="19,23,27,48,50,51,75,78,81,97,98,125,126,127" machi="126" ten="40,7800,0" yaku="1,1,0,1,18,1,53,0" doraHai="100" doraHaiUra="61" who="0" fromWho="0" sc="420,91,190,-27,190,-27,190,-27" /><INIT seed="0,2,0,4,3,4" ten="511,163,163,163" oya="0" hai0="94,128,69,27,32,40,55,85,19,126,83,56,132" hai1="97,51,35,44,125,22,109,135,20,73,122,92,3" hai2="13,33,124,28,11,62,41,123,10,21,38,117,131" hai3="9,110,43,96,120,105,81,63,75,99,8,113,58"/><T116/><D69/><U87/><E73/><V76/><F123/><W37/><G113/><T100/><D116/><U107/><E122/><V15/><F117/><W16/><G120/><T129/><D126/><U98/><E35/><V54/><F124/><W102/><G110/><T103/><D132/><U1/><E125/><V111/><F111/><W47/><G16/><T52/><D40/><U36/><E36/><V68/><F131/><N who="0" m="50250" /><D94/><U50/><E135/><V59/><F33/><W108/><G108/><T70/><D70/><U60/><E60/><V65/><F76/><W112/><G112/><T17/><D55/><U80/><E109/><V104/><F104/><W134/><G134/><T72/><D72/><U74/><E74/><V29/><F29/><W23/><G23/><N who="0" m="13807" /><D19/><U121/><E107/><V24/><F15/><W34/><G34/><T14/><D14/><U49/><E121/><V42/><F13/><W5/><G5/><T7/><D7/><U101/><E3/><V46/><REACH who="2" step="1"/><F42/><REACH who="2" ten="511,163,153,163" step="2"/><W115/><G115/><T0/><D32/><U82/><E1/><V12/><F12/><W77/><REACH who="3" step="1"/><G96/><REACH who="3" ten="511,163,153,153" step="2"/><T67/><D0/><U127/><E97/><V84/><F84/><W119/><G119/><T45/><D85/><U57/><E127/><V93/><F93/><W25/><G25/><T89/><D83/><U88/><E82/><V86/><F86/><W130/><G130/><T2/><D2/><U71/><E80/><V61/><AGARI ba="2,2" hai="10,11,21,24,28,38,41,46,54,59,61,62,65,68" machi="61" ten="20,8000,1" yaku="1,1,0,1,7,1,52,2,53,0" doraHai="4" doraHaiUra="95" who="2" fromWho="2" sc="511,-42,163,-22,153,106,153,-22" /><INIT seed="1,0,0,5,3,6" ten="469,141,259,131" oya="1" hai0="132,74,45,73,95,20,2,36,9,110,0,33,66" hai1="53,51,76,134,59,38,133,41,70,34,127,25,82" hai2="106,97,22,102,19,96,28,49,65,16,3,91,37" hai3="113,47,52,117,125,75,56,13,62,86,67,83,46"/><U90/><E70/><V8/><F37/><W92/><G113/><T119/><D33/><U48/><E127/><V27/><F65/><W93/><G125/><T77/><D95/><N who="3" m="36425" /><G75/><T54/><D20/><U12/><E38/><V115/><F115/><W103/><G117/><T89/><D54/><U57/><E90/><V23/><F23/><W11/><G103/><T32/><D45/><U98/><E98/><V30/><F30/><W104/><G104/><T24/><D24/><U18/><E25/><V63/><F63/><W61/><G61/><T50/><D77/><U5/><E5/><V43/><F91/><N who="3" m="51679" /><G67/><T124/><D66/><U107/><E34/><V79/><F79/><W58/><G58/><T60/><D60/><U21/><E107/><V44/><F96/><W130/><G130/><T118/><D50/><U122/><E122/><V94/><F106/><W31/><G31/><T29/><D29/><U100/><E100/><V135/><F3/><W42/><G42/><T81/><D2/><U116/><E116/><V114/><F114/><W101/><G101/><T108/><D0/><U69/><E69/><V111/><F28/><W40/><G40/><T55/><D118/><U80/><E41/><V4/><F43/><W78/><G78/><T85/><D119/><U128/><E128/><V39/><F39/><W120/><G120/><T17/><D36/><U105/><E105/><V129/><F129/><W99/><G99/><T72/><D124/><U15/><E76/><V88/><F97/><W35/><G35/><T131/><D73/><U26/><E59/><V112/><F112/><RYUUKYOKU ba="0,0" sc="469,-10,141,-10,259,-10,131,30" hai3="11,13,46,47,52,56,62" /><INIT seed="2,1,0,5,2,68" ten="459,131,249,161" oya="2" hai0="77,92,43,102,110,97,115,120,69,25,16,40,36" hai1="5,121,29,117,99,21,71,108,118,63,32,112,30" hai2="1,45,44,52,0,34,53,109,103,47,74,17,26" hai3="132,133,127,114,9,107,60,50,129,85,12,87,130"/><V113/><F113/><W78/><G107/><T81/><D69/><U35/><E71/><V128/><F74/><W51/><G114/><T46/><D115/><U82/><E63/><V100/><F128/><N who="3" m="49259" /><G60/><T15/><D25/><N who="1" m="16559" /><E99/><V135/><F135/><N who="3" m="51787" /><G78/><T125/><D125/><U76/><E82/><V89/><F109/><W79/><G127/><T73/><D43/><U104/><E76/><V62/><F89/><W98/><G98/><T3/><D3/><N who="2" m="1098" /><F62/><W31/><G31/><T90/><D110/><U48/><E104/><V134/><F134/><W88/><G79/><T59/><D59/><U10/><E48/><N who="3" m="18474" /><G88/><T66/><D66/><U41/><E112/><V4/><F4/><AGARI ba="1,0" hai="4,9,12,85,87" m="18474,51787,49259" machi="4" ten="30,2000,0" yaku="19,1,20,1" doraHai="68" who="3" fromWho="2" sc="459,0,131,0,249,-23,161,23" /><INIT seed="3,0,0,1,1,58" ten="459,131,226,184" oya="3" hai0="79,112,18,78,96,56,1,19,9,67,53,20,36" hai1="28,95,33,121,7,2,0,62,42,74,29,128,86" hai2="130,71,23,41,134,39,108,119,10,97,16,60,98" hai3="81,90,59,54,133,40,122,66,51,88,85,52,110"/><W126/><G122/><T43/><D112/><U11/><E74/><V94/><F119/><W116/><G116/><T31/><D31/><U75/><E121/><V124/><F124/><W22/><G126/><T113/><D113/><U49/><E75/><V69/><F134/><W127/><G127/><T12/><D67/><U70/><E128/><V3/><F130/><W117/><G117/><T107/><D1/><U82/><E2/><V72/><F72/><W99/><G133/><T35/><D35/><U92/><E33/><V111/><F39/><W106/><G110/><T14/><D43/><U89/><E29/><V131/><F131/><W118/><G118/><T30/><D30/><U125/><E28/><V13/><F41/><W50/><G22/><T5/><D36/><U76/><E125/><V64/><F71/><W123/><G123/><T57/><D57/><U83/><E49/><N who="3" m="18442" /><G106/><T4/><D96/><U46/><E83/><V87/><F87/><N who="3" m="50287" /><G99/><T25/><D107/><U65/><E42/><V91/><F98/><W63/><G40/><T68/><D68/><U32/><E32/><V8/><F3/><W77/><G77/><N who="0" m="29195" /><D25/><U129/><E129/><V26/><F26/><W45/><G45/><T44/><D44/><U27/><E46/><V17/><F17/><W47/><G47/><T80/><D80/><AGARI ba="0,0" hai="52,54,59,63,66,80,85,90" m="50287,18442" machi="80" ten="30,11600,0" yaku="8,1,52,1,54,2" doraHai="58" who="3" fromWho="0" sc="459,-116,131,0,226,0,184,116" /><INIT seed="3,1,0,1,5,126" ten="343,131,226,300" oya="3" hai0="117,80,12,72,115,37,4,111,20,84,16,128,69" hai1="130,124,0,82,34,2,120,96,38,25,71,133,14" hai2="112,43,27,41,81,17,125,39,78,88,110,30,13" hai3="55,104,40,113,54,67,109,51,89,132,31,105,98"/><W121/><G121/><T87/><D69/><U9/><E71/><V127/><F112/><W90/><G113/><T93/><D37/><U134/><E38/><V22/><F110/><W8/><G109/><T28/><D117/><U50/><E120/><V56/><F43/><W62/><G132/><N who="1" m="50794" /><E50/><V49/><F39/><W116/><G116/><T131/><D115/><U68/><E68/><V33/><F78/><W57/><G31/><T73/><D111/><U94/><E82/><V101/><F101/><W103/><G104/><T35/><D4/><N who="1" m="3367" /><E94/><V70/><F70/><W61/><G8/><T95/><D28/><N who="1" m="19727" /><E96/><V129/><F129/><N who="0" m="49738" /><D35/><U119/><E130/><V24/><F24/><W44/><REACH who="3" step="1"/><G40/><REACH who="3" ten="343,131,226,290" step="2"/><T85/><D80/><U48/><E119/><V65/><F41/><W123/><G123/><T102/><D95/><U97/><E97/><AGARI ba="1,1" hai="12,16,20,72,73,84,85,87,93,97,102" m="49738" machi="97" ten="30,8000,1" yaku="19,1,52,3,54,1" doraHai="126" who="0" fromWho="1" sc="343,93,131,-83,226,0,290,0" owari="436,53.0,48,-45.0,226,-17.0,290,9.0" /></mjloggm>