<mjloggm ver="2.3"><GO type="97" lobby="0"/><UN n0="%E3%82%A6%E3%83%92%E3%83%A7%E5%8A%A9" n1="%E5%B0%B1%E6%B4%BB%E7%94%9F%40%E5%B7%9D%E6%9D%91%E8%BB%8D%E5%9B%A3" n2="%E5%85%A8%E5%B1%80%E5%8F%82%E5%8A%A0%E5%9E%8B%E9%9B%80%E5%9C%9F" n3="%6E%61%6B%61%79%75%62%69" dan="14,15,13,15" rate="1902.79,1949.51,1811.74,1992.87" sx="M,M,M,M"/><TAIKYOKU oya="0"/><INIT seed="0,0,0,2,0,135" ten="250,250,250,250" oya="0" hai0="65,129,130,40,90,71,75,64,126,50,96,127,28" hai1="109,49,38,59,45,89,19,83,41,33,120,116,124" hai2="2,1,35,82,106,86,100,67,98,108,102,85,62" hai3="17,55,99,61,69,128,46,131,117,26,16,70,66"/><T54/><D75/><U122/><E116/><V4/><F108/><W53/><G117/><T36/><D28/><U52/><E33/><V97/><F4/><W20/><G70/><T107/><D90/><U103/><E103/><V112/><F35/><W93/><G17/><T8/><D8/><U125/><E109/><V104/><F112/><W58/><G46/><N who="0" m="23815" /><D96/><U47/><E19/><V101/><F101/><W115/><G115/><T22/><D22/><U27/><E27/><V23/><F23/><W79/><G79/><T78/><D78/><U68/><E68/><V7/><F7/><W113/><G113/><T0/><D0/><U84/><REACH who="1" step="1"/><E45/><REACH who="1" ten="250,240,250,250" step="2"/><V6/><F6/><W48/><G69/><T134/><D71/><U76/><E76/><V51/><F102/><W14/><G26/><T10/><D134/><U80/><E80/><V95/><F82/><W119/><G119/><T94/><D107/><U87/><E87/><V110/><F85/><W24/><G24/><T25/><D25/><U121/><AGARI ba="0,1" hai="38,41,47,49,52,59,83,84,89,120,121,122,124,125" machi="121" ten="40,12000,2" yaku="1,1,0,1,52,2,54,1,53,1" doraHai="135" doraHaiUra="81" who="1" fromWho="1" sc="250,-60,240,130,250,-30,250,-30" /><INIT seed="1,0,0,3,5,25" ten="190,370,220,220" oya="1" hai0="33,130,72,71,22,79,90,77,54,41,24,57,29" hai1="121,129,14,133,80,93,3,17,6,100,52,94,21" hai2="128,91,1,109,111,0,38,34,26,85,63,114,86" hai3="58,118,134,73,30,5,76,35,120,64,83,37,101"/><U15/><E121/><V117/><F117/><W18/><G118/><T2/><D72/><U102/><E129/><V98/><F128/><W113/><G113/><T40/><D71/><U46/><E3/><V48/><F38/><W78/><G120/><T122/><D122/><U8/><E80/><N who="2" m="49575" /><F114/><W74/><G134/><T84/><D2/><U70/><E70/><V106/><F63/><W11/><G37/><T47/><D33/><U105/><E133/><V66/><F66/><W81/><G101/><N who="1" m="39018" /><E105/><V13/><F98/><W108/><G18/><T59/><D130/><U51/><AGARI ba="0,0" hai="6,8,14,15,17,21,46,51,52,93,94" m="39018" machi="51" ten="30,3000,0" yaku="8,1,54,1" doraHai="25" who="1" fromWho="1" sc="190,-10,370,30,220,-10,220,-10" /><INIT seed="1,1,0,0,0,95" ten="180,400,210,210" oya="1" hai0="29,65,70,49,106,11,18,47,110,67,66,21,39" hai1="96,87,34,115,92,53,23,40,5,27,99,103,12" hai2="102,113,64,94,134,120,4,127,117,82,59,130,132" hai3="111,24,41,100,80,3,46,9,43,15,93,105,48"/><U60/><E115/><V112/><F4/><W73/><G111/><T45/><D106/><U89/><E34/><V72/><F59/><W122/><G122/><T133/><D133/><N who="2" m="51306" /><F64/><W8/><G105/><T20/><D110/><U83/><E40/><V124/><F130/><W68/><G3/><T109/><D109/><U81/><E5/><V91/><F117/><W16/><G68/><T119/><D119/><U26/><E12/><V76/><F102/><W75/><G41/><T61/><D39/><U98/><E103/><V74/><F74/><W0/><G24/><N who="1" m="9258" /><E23/><V118/><F118/><W52/><G80/><T1/><D29/><U86/><E86/><N who="2" m="52599" /><F120/><W78/><G78/><T116/><D116/><U42/><E42/><V51/><F51/><W38/><G0/><T25/><D21/><U17/><E17/><V58/><F58/><AGARI ba="1,0" hai="53,58,60,81,83,87,89,92,96,98,99" m="9258" machi="58" ten="30,11600,0" yaku="8,1,52,3" doraHai="95" who="1" fromWho="2" sc="180,0,400,119,210,-119,210,0" /><INIT seed="1,2,0,5,5,41" ten="180,519,91,210" oya="1" hai0="13,89,16,27,103,6,83,55,71,62,97,38,39" hai1="42,67,48,120,113,34,18,119,109,92,54,75,31" hai2="44,64,1,33,15,5,0,133,86,130,91,40,7" hai3="9,129,108,76,125,66,24,99,107,85,96,98,72"/><U87/><E75/><V19/><F133/><W45/><G125/><T63/><D6/><U106/><E106/><V2/><F130/><W20/><G72/><T52/><D27/><U111/><E113/><V57/><F33/><W105/><G129/><T115/><D115/><U112/><E112/><V4/><F64/><W82/><G108/><N who="1" m="41546" /><E120/><V118/><F57/><W59/><G107/><T69/><D89/><N who="1" m="53311" /><E119/><V127/><F127/><W78/><G9/><T26/><D26/><N who="1" m="18807" /><E67/><V80/><F118/><W47/><G105/><T135/><D135/><U32/><E32/><V56/><F56/><W90/><G76/><T117/><D117/><U134/><E134/><V30/><F30/><N who="3" m="17671" /><G78/><T131/><D131/><U22/><E42/><V114/><F114/><W74/><G74/><T43/><D43/><U81/><E81/><V49/><REACH who="2" step="1"/><F0/><REACH who="2" ten="180,519,81,210" step="2"/><W93/><G66/><T11/><D69/><U101/><E101/><V95/><F95/><W68/><G59/><T65/><D71/><U29/><E29/><V84/><F84/><N who="3" m="50455" /><G68/><T8/><D65/><U21/><E18/><V36/><F36/><W124/><G124/><T70/><D70/><U58/><AGARI ba="2,1" hai="21,22,48,54,58" m="18807,53311,41546" machi="58" ten="30,3000,0" yaku="14,1,10,1" doraHai="41" who="1" fromWho="1" sc="180,-12,519,46,81,-12,210,-12" /><INIT seed="1,3,0,2,4,83" ten="168,565,69,198" oya="1" hai0="86,104,97,52,96,21,59,31,11,65,3,47,51" hai1="106,28,37,108,135,20,66,125,6,120,121,119,133" hai2="26,60,57,27,89,99,68,98,12,75,64,19,36" hai3="32,131,101,71,102,69,132,16,126,22,54,44,35"/><U103/><E37/><V38/><F75/><W134/><G126/><T114/><D114/><U78/><E78/><V128/><F128/><W118/><G118/><T48/><D104/><U92/><E106/><V85/><F38/><W110/><G110/><T112/><D112/><U39/><E39/><V42/><F42/><W88/><G131/><T116/><D116/><U79/><E79/><V2/><F2/><W109/><G109/><T62/><D3/><U122/><E66/><V40/><F40/><W43/><G54/><T1/><D1/><U70/><E70/><N who="3" m="26634" /><G43/><T55/><D11/><U13/><E119/><V9/><F68/><W7/><G44/><N who="0" m="27655" /><D86/><U14/><E108/><V53/><F64/><W63/><G7/><T15/><D15/><N who="1" m="5643" /><E103/><V50/><F60/><W76/><G63/><T123/><D123/><U84/><E84/><V61/><F61/><W87/><G35/><T25/><AGARI ba="3,0" hai="21,25,31,47,51,55,59,62,65,96,97" m="27655" machi="25" ten="30,2000,0" yaku="8,1,54,1" doraHai="83" who="0" fromWho="0" sc="168,29,565,-13,69,-8,198,-8" /><INIT seed="2,0,0,5,1,19" ten="197,552,61,190" oya="2" hai0="108,77,5,3,114,71,13,34,88,32,8,56,74" hai1="58,79,110,86,98,132,29,43,63,96,90,30,135" hai2="105,125,23,69,124,99,37,93,14,26,134,91,60" hai3="44,17,50,1,113,57,41,92,54,52,120,126,49"/><V85/><F134/><N who="1" m="51241" /><E110/><V21/><F37/><W119/><G120/><T83/><D71/><U65/><E43/><V123/><F123/><W20/><G119/><T25/><D114/><U24/><E79/><V11/><F69/><W66/><G1/><T107/><D107/><U106/><E106/><V104/><F60/><W51/><G113/><T115/><D115/><U0/><E0/><V111/><F111/><W72/><G72/><T12/><D108/><U89/><E89/><V18/><F23/><W10/><G126/><N who="2" m="48745" /><F99/><N who="1" m="37929" /><E24/><V130/><F130/><W102/><G92/><AGARI ba="0,0" hai="29,30,58,63,65,86,90,92" m="37929,51241" machi="92" ten="30,1000,0" yaku="20,1" doraHai="19" who="1" fromWho="3" sc="197,0,552,10,61,0,190,-10" /><INIT seed="3,0,0,5,1,29" ten="197,562,61,180" oya="3" hai0="84,12,4,22,23,55,34,92,51,53,113,90,106" hai1="41,103,16,124,13,0,75,19,100,27,36,99,60" hai2="108,93,71,102,95,54,64,68,109,82,122,127,135" hai3="104,59,50,25,52,38,49,14,45,74,43,57,62"/><W37/><G74/><T11/><D106/><U73/><E0/><V65/><F102/><W87/><G104/><T117/><D117/><U17/><E124/><V5/><F5/><W116/><G14/><T129/><D34/><U30/><E60/><V114/><F82/><W76/><G25/><T26/><D113/><U63/><E63/><V31/><F31/><W18/><G18/><N who="0" m="12631" /><D129/><U2/><E2/><V72/><F72/><W32/><G32/><T132/><D132/><U94/><E103/><V61/><F114/><W98/><G98/><T105/><D105/><U21/><E13/><V46/><F135/><W123/><G76/><T86/><D23/><U35/><E35/><V70/><F95/><W89/><G116/><T7/><D55/><U85/><E85/><V1/><F93/><W39/><G87/><N who="0" m="52319" /><D7/><U133/><E133/><V79/><F1/><W24/><G24/><T112/><D112/><U80/><E80/><V77/><F77/><W130/><G89/><T69/><D69/><U134/><E134/><V56/><F79/><W115/><G115/><T40/><D40/><U121/><E121/><V111/><F122/><W78/><G78/><T119/><D119/><U33/><E33/><V97/><F97/><W107/><G107/><T81/><D81/><U47/><AGARI ba="0,0" hai="16,17,19,21,27,30,36,41,47,73,75,94,99,100" machi="47" ten="30,2000,0" yaku="0,1,54,1" doraHai="29" who="1" fromWho="1" sc="197,-5,562,20,61,-5,180,-10" owari="192,-1.0,582,68.0,56,-44.0,170,-23.0" /></mjloggm>