<mjloggm ver="2.3"><GO type="169" lobby="0"/><UN n0="%E3%82%A6%E3%83%AB%E3%83%88%E3%83%A9%E7%AB%8B%E7%9B%B4" n1="%EF%BC%9D%E4%BC%8A%E8%97%A4%E3%81%8B%E3%81%AA%E6%81%B5%EF%BC%9D" n2="%E3%81%8B%E3%82%8A%E3%82%93%E3%81%A1%E3%82%83%E3%82%93" n3="%E4%B8%A6%E3%81%BF%E3%81%AE%E7%AB%9C" dan="17,18,16,16" rate="2125.07,2219.63,2069.30,2122.96" sx="M,F,F,M"/><TAIKYOKU oya="0"/><INIT seed="0,0,0,1,1,104" ten="250,250,250,250" oya="0" hai0="118,24,43,61,115,98,85,76,81,31,14,56,123" hai1="15,2,18,109,10,106,111,91,67,74,105,8,1" hai2="129,45,69,62,90,32,47,107,113,89,26,77,12" hai3="102,37,42,33,101,59,17,93,125,127,30,38,68"/><T48/><D123/><U7/><E1/><V120/><F107/><W55/><G68/><T82/><D118/><U99/><E67/><V60/><F120/><W130/><G130/><T28/><D115/><U128/><E128/><V23/><F77/><W36/><G42/><T124/><D124/><N who="3" m="47689" /><G93/><T29/><D14/><U133/><E133/><V39/><F69/><W54/><G17/><T100/><D82/><U50/><E74/><V71/><F71/><W96/><G96/><T52/><D43/><U117/><E117/><V122/><F122/><W88/><G88/><T119/><D119/><U135/><E135/><V65/><F89/><W108/><G108/><N who="1" m="41546" /><E50/><V25/><F90/><W114/><G114/><T35/><REACH who="0" step="1"/><D48/><REACH who="0" ten="240,250,250,250" step="2"/><U73/><E15/><V86/><F12/><W134/><G134/><T80/><D80/><U116/><E116/><V46/><F113/><W121/><G121/><T5/><D5/><U94/><E7/><V63/><F129/><W84/><G38/><T95/><AGARI ba="0,1" hai="24,28,29,31,35,52,56,61,76,81,85,95,98,100" machi="95" ten="20,7800,0" yaku="1,1,0,1,7,1,54,1,53,0" doraHai="104" doraHaiUra="64" who="0" fromWho="0" sc="240,88,250,-26,250,-26,250,-26" /><INIT seed="0,1,0,2,2,61" ten="328,224,224,224" oya="0" hai0="23,44,43,35,16,99,124,21,49,118,91,36,87" hai1="133,55,71,104,64,27,123,115,30,63,50,77,79" hai2="28,111,25,109,72,19,86,102,22,110,3,47,80" hai3="107,26,0,53,29,69,116,57,42,74,90,1,51"/><T93/><D35/><U7/><E123/><V113/><F113/><W65/><G74/><T130/><D118/><U81/><E115/><V13/><F3/><W45/><G116/><T106/><D124/><U58/><E133/><V114/><F114/><W4/><G4/><T10/><D130/><U6/><E104/><V54/><F102/><W127/><G107/><T105/><D21/><U52/><E55/><V68/><F68/><W121/><G121/><T125/><D125/><U17/><E17/><V97/><F97/><W117/><G117/><T135/><D135/><U131/><E131/><V95/><F95/><W108/><G108/><T119/><D119/><U32/><REACH who="1" step="1"/><E79/><REACH who="1" ten="328,214,224,224" step="2"/><V34/><F54/><W67/><G127/><T78/><D78/><U33/><E33/><V75/><REACH who="2" step="1"/><F47/><REACH who="2" ten="328,214,214,224" step="2"/><W103/><G45/><T126/><D126/><U98/><E98/><V11/><F11/><W84/><G53/><T2/><D99/><U112/><E112/><V134/><F134/><W18/><G0/><T73/><D2/><U5/><E5/><V40/><F40/><W128/><G1/><T46/><D46/><U56/><E56/><V12/><F12/><W132/><G57/><T31/><D105/><U38/><E38/><V39/><F39/><W88/><G42/><T76/><D106/><U122/><E122/><V70/><F70/><W94/><G132/><T14/><D36/><U37/><E37/><V129/><F129/><W100/><G128/><T41/><D41/><U101/><E101/><V120/><F120/><W96/><G100/><T59/><D43/><U85/><AGARI ba="1,2" hai="6,7,27,30,32,50,52,58,63,64,71,77,81,85" machi="85" ten="20,12000,2" yaku="1,1,5,1,0,1,7,1,52,1,54,1,53,0" doraHai="61" doraHaiUra="15" who="1" fromWho="1" sc="328,-61,214,143,214,-31,224,-31" /><INIT seed="1,0,0,3,5,63" ten="267,357,183,193" oya="1" hai0="53,97,39,132,82,17,8,29,134,102,94,33,28" hai1="15,34,49,27,21,122,133,10,26,115,84,4,43" hai2="128,9,38,79,14,6,20,106,67,58,56,78,110" hai3="48,98,13,70,2,23,125,107,5,91,46,35,25"/><U59/><E115/><V80/><F38/><W93/><G125/><T119/><D39/><U129/><E122/><V19/><F106/><W87/><G35/><T7/><D119/><U3/><E133/><N who="0" m="51305" /><D33/><U85/><E129/><V130/><F110/><W77/><G2/><N who="0" m="119" /><D17/><N who="1" m="10431" /><E27/><V60/><F58/><W51/><G70/><T47/><D82/><U65/><E43/><V126/><F126/><W64/><G107/><T100/><D100/><U50/><E49/><AGARI ba="0,0" hai="28,29,47,49,53,94,97,102" m="119,51305" machi="49" ten="30,1000,0" yaku="20,1" doraHai="63" who="0" fromWho="1" sc="267,10,357,-10,183,0,193,0" /><INIT seed="2,0,0,5,1,88" ten="277,347,183,193" oya="2" hai0="28,80,66,30,83,48,97,11,79,114,4,22,135" hai1="13,40,42,133,25,132,60,115,55,61,113,63,12" hai2="16,106,43,32,35,78,101,51,68,130,128,34,90" hai3="0,124,107,96,103,57,129,65,122,84,70,9,105"/><V127/><F68/><W17/><G122/><T67/><D135/><N who="1" m="51787" /><E25/><V104/><F78/><W23/><G70/><T29/><D22/><U36/><E55/><V33/><F127/><W89/><G124/><T95/><D48/><U102/><E102/><V50/><F101/><W27/><G129/><N who="2" m="49769" /><F50/><W1/><G107/><T37/><D37/><U98/><E98/><V47/><N who="2" m="8192" /><DORA hai="46" /><V73/><F73/><W10/><G1/><T15/><D114/><N who="1" m="43531" /><E36/><V41/><F43/><AGARI ba="0,0" hai="12,13,40,42,43,60,61,63" m="43531,51787" machi="43" ten="40,5200,0" yaku="28,2,20,1" doraHai="88,46" who="1" fromWho="2" sc="277,0,347,52,183,-52,193,0" /><INIT seed="3,0,0,3,4,76" ten="277,399,131,193" oya="3" hai0="50,2,26,0,113,122,25,38,119,28,40,84,39" hai1="125,94,72,67,77,46,112,131,73,104,134,15,36" hai2="129,96,115,53,61,21,4,62,135,66,58,23,87" hai3="30,49,11,103,98,78,97,123,128,111,99,88,118"/><W75/><G118/><T54/><D119/><U79/><E67/><V121/><F115/><W3/><G123/><T68/><D68/><U83/><E15/><V34/><F34/><W92/><G30/><T1/><D40/><N who="1" m="22791" /><E94/><V82/><F121/><W7/><G128/><T10/><D10/><U32/><E112/><V89/><F135/><W60/><G111/><T71/><D71/><U22/><E22/><V107/><F129/><W132/><G132/><T133/><D133/><U69/><E134/><V93/><F107/><W5/><G5/><T109/><D109/><U102/><E69/><V44/><F44/><W108/><G108/><T24/><D28/><U12/><E12/><V110/><F4/><W31/><G60/><T130/><D130/><U27/><E131/><V106/><F106/><W42/><G31/><T45/><D113/><U16/><E16/><V64/><F110/><W127/><G127/><T20/><D20/><N who="2" m="7754" /><F62/><W33/><G33/><T56/><D45/><U80/><E125/><V41/><F41/><W9/><G9/><T63/><D63/><U116/><E116/><V124/><F124/><W100/><G49/><T120/><D39/><U6/><E6/><V117/><F117/><W18/><G18/><T101/><D38/><U114/><E114/><V65/><F66/><W74/><G42/><T52/><D120/><U14/><E32/><V51/><F61/><W29/><G29/><T70/><D122/><U86/><E104/><V59/><F59/><W48/><G48/><N who="0" m="30727" /><D70/><U126/><E126/><V91/><AGARI ba="0,0" hai="51,53,58,64,65,82,87,89,91,93,96" m="7754" machi="91" ten="30,2000,0" yaku="8,1,52,1" doraHai="76" who="2" fromWho="2" sc="277,-5,399,-5,131,20,193,-10" /><INIT seed="4,0,0,2,4,3" ten="272,394,151,183" oya="0" hai0="112,33,16,27,97,17,122,114,11,110,7,51,72" hai1="1,109,68,120,129,78,99,53,125,102,116,10,59" hai2="5,36,30,35,132,62,105,13,52,134,80,47,82" hai3="34,94,48,43,9,67,40,46,131,49,32,69,106"/><T18/><D72/><U56/><E109/><V64/><F105/><W57/><G106/><T42/><D97/><U2/><E116/><V12/><F35/><W6/><G69/><T79/><D79/><U133/><E68/><N who="2" m="42007" /><F30/><W98/><G131/><T103/><D103/><U130/><E120/><V84/><F84/><W15/><G67/><T28/><D122/><U96/><E133/><N who="2" m="51307" /><F13/><W128/><G128/><T73/><D73/><U41/><E78/><V61/><F36/><W44/><REACH who="3" step="1"/><G57/><REACH who="3" ten="272,394,151,173" step="2"/><T95/><D110/><U83/><E59/><N who="2" m="35047" /><F47/><W63/><G63/><T123/><D123/><U31/><E129/><V23/><F23/><W19/><G19/><T37/><D16/><U76/><E130/><V108/><F108/><W25/><G25/><T117/><D18/><U71/><E31/><V26/><F26/><W85/><G85/><T89/><D17/><U81/><E99/><V65/><F65/><W39/><G39/><T77/><D37/><U135/><E96/><V4/><F12/><W124/><G124/><T60/><D27/><U111/><E125/><V101/><F101/><AGARI ba="0,1" hai="6,9,15,32,34,40,43,44,46,48,49,94,98,101" machi="101" ten="30,7700,0" yaku="1,1,7,1,9,1,52,1,53,0" doraHai="3" doraHaiUra="104" who="3" fromWho="2" sc="272,0,394,0,151,-77,173,87" /><INIT seed="5,0,0,2,0,84" ten="272,394,74,260" oya="1" hai0="122,119,124,83,87,52,45,112,12,46,90,76,13" hai1="130,71,43,27,113,104,36,75,11,128,110,100,116" hai2="44,81,41,114,86,49,92,0,132,66,2,91,62" hai3="103,85,28,68,70,9,65,4,22,50,131,3,24"/><U88/><E116/><V64/><F132/><W7/><G131/><N who="1" m="50218" /><E113/><V8/><F114/><W107/><G65/><T94/><D119/><U55/><E71/><V29/><F29/><W121/><G121/><T34/><D34/><U6/><E75/><V118/><F118/><W82/><G7/><T47/><D124/><U135/><E135/><V15/><F92/><W97/><REACH who="3" step="1"/><G50/><REACH who="3" ten="272,394,74,250" step="2"/><T67/><D67/><U73/><E6/><V126/><F126/><W105/><G105/><T133/><D133/><U93/><E104/><V23/><F64/><W19/><G19/><T40/><D122/><U14/><E36/><V30/><F30/><W61/><G61/><T74/><D112/><U59/><E110/><V77/><F77/><AGARI ba="0,1" hai="3,4,9,22,24,28,68,70,77,82,85,97,103,107" machi="77" ten="30,3900,0" yaku="1,1,7,1,53,1" doraHai="84" doraHaiUra="18" who="3" fromWho="2" sc="272,0,394,0,74,-39,250,49" /><INIT seed="6,0,0,1,1,76" ten="272,394,35,299" oya="2" hai0="86,5,55,126,69,119,20,113,31,101,33,122,10" hai1="103,16,84,107,41,39,43,35,97,3,75,85,21" hai2="110,18,9,2,72,59,124,90,106,115,47,50,38" hai3="11,30,62,80,100,135,12,66,61,53,27,46,19"/><V45/><F106/><W87/><G135/><T111/><D69/><U60/><E75/><V4/><F110/><W99/><G66/><T118/><D101/><U128/><E35/><V63/><F124/><W73/><G73/><T77/><D55/><U104/><E3/><V48/><F115/><W78/><G46/><T116/><D33/><U57/><E107/><V70/><F70/><W94/><REACH who="3" step="1"/><G53/><REACH who="3" ten="272,394,35,289" step="2"/><T29/><D111/><U28/><E128/><V71/><F71/><W32/><AGARI ba="0,1" hai="11,12,19,27,30,32,61,62,78,80,87,94,99,100" machi="32" ten="20,8000,1" yaku="1,1,2,1,0,1,7,1,52,1,53,0" doraHai="76" doraHaiUra="64" who="3" fromWho="3" sc="272,-20,394,-20,35,-40,289,90" owari="252,-15.0,374,17.0,-5,-51.0,379,49.0" /></mjloggm>