<mjloggm ver="2.3"><GO type="169" lobby="0"/><UN n0="%E3%82%BF%E3%82%B1%E3%82%AA%E3%81%97%E3%82%83%E3%82%93" n1="%E3%81%A1%E3%82%83%E3%81%9D%E2%98%86" n2="%E3%82%A6%E3%83%AB%E3%83%88%E3%83%A9%E7%AB%8B%E7%9B%B4" n3="%E4%B8%8D%E8%81%B4%E7%89%8C%E3%83%AA%E3%83%BC%E3%83%81" dan="17,17,16,17" rate="2226.15,2170.15,2103.39,2155.62" sx="M,M,M,M"/><TAIKYOKU oya="0"/><INIT seed="0,0,0,2,1,79" ten="250,250,250,250" oya="0" hai0="122,75,108,56,12,114,128,67,4,83,10,7,2" hai1="13,96,49,0,111,92,76,37,123,109,48,102,120" hai2="40,115,46,98,27,129,22,52,19,28,25,66,116" hai3="51,118,33,106,50,112,63,20,24,81,15,61,17"/><T21/><D122/><U119/><E0/><V90/><F115/><W41/><G106/><T93/><D114/><U101/><E37/><V110/><F129/><W94/><G112/><T45/><D128/><U72/><E13/><V87/><F66/><W53/><G118/><T88/><D108/><N who="1" m="41547" /><E119/><V68/><F68/><W91/><G41/><T55/><D67/><U132/><E132/><V42/><F98/><W30/><G50/><T131/><D131/><U105/><E49/><N who="2" m="28727" /><F116/><W32/><G32/><T113/><D45/><U18/><E18/><V59/><F59/><W127/><G127/><T60/><D113/><U86/><E48/><V80/><F110/><W125/><G125/><T71/><D71/><U1/><E72/><V89/><F89/><W43/><G43/><T134/><D134/><U8/><E1/><V3/><F3/><W133/><G133/><T104/><D104/><U99/><E8/><V73/><F73/><W57/><G61/><T130/><D130/><U44/><E44/><V117/><F117/><W29/><G63/><T62/><D62/><U126/><E126/><V121/><F121/><W47/><G47/><T31/><D2/><U39/><E39/><V124/><F124/><W5/><G51/><T54/><D60/><U64/><E64/><V100/><F100/><W70/><G70/><T16/><D56/><U84/><E123/><V82/><F40/><W9/><G57/><T95/><D75/><U77/><E120/><V14/><F42/><W34/><G53/><T38/><D38/><U36/><E36/><V26/><F28/><W35/><G29/><RYUUKYOKU ba="0,0" sc="250,-15,250,15,250,15,250,-15" hai1="76,77,84,86,92,96,99,101,102,105" hai2="14,19,22,25,26,27,80,82,87,90" /><INIT seed="1,1,0,4,0,85" ten="235,265,265,235" oya="1" hai0="113,65,16,1,108,41,99,7,10,74,71,97,26" hai1="129,124,125,72,28,75,117,115,49,48,17,73,69" hai2="53,122,133,12,21,126,42,89,22,132,40,3,84" hai3="91,107,123,2,46,101,36,9,98,110,14,61,93"/><U54/><E117/><V60/><F3/><W76/><G123/><T131/><D113/><U81/><E115/><V52/><F122/><W27/><G2/><T119/><D119/><U79/><E69/><V70/><F126/><N who="1" m="48745" /><E28/><V38/><F70/><W57/><G110/><T23/><D108/><U77/><E129/><V112/><F112/><W66/><G76/><N who="1" m="29258" /><E81/><V135/><F38/><W19/><G36/><T111/><D74/><U114/><E114/><V4/><F4/><W83/><G46/><T18/><D131/><U118/><E118/><V59/><F53/><W121/><G121/><T33/><D41/><N who="2" m="15978" /><F12/><W31/><G83/><AGARI ba="1,0" hai="21,22,52,59,60,83,84,89,132,133,135" m="15978" machi="83" ten="30,3900,0" yaku="20,1,52,1,54,1" doraHai="85" who="2" fromWho="3" sc="235,0,265,0,265,42,235,-42" /><INIT seed="2,0,0,4,5,36" ten="235,265,307,193" oya="2" hai0="59,83,49,95,128,123,116,55,127,72,71,77,92" hai1="118,6,134,63,73,97,10,129,76,8,60,39,132" hai2="93,102,125,117,122,130,108,17,135,4,40,91,78" hai3="121,50,104,3,101,47,68,66,69,41,32,7,53"/><V38/><F122/><W106/><G32/><T113/><D123/><U96/><E118/><V44/><F117/><W115/><G121/><T31/><D113/><U11/><E129/><V9/><F130/><W42/><G115/><T15/><D116/><U120/><E120/><V20/><F125/><W105/><G101/><T62/><D127/><U131/><E131/><V61/><F135/><N who="1" m="51753" /><E39/><V74/><F102/><W19/><G19/><T14/><D128/><U87/><E73/><V79/><F61/><N who="1" m="23625" /><E6/><V111/><F74/><W58/><G66/><T43/><D31/><U16/><E16/><V48/><F38/><W51/><REACH who="3" step="1"/><G42/><REACH who="3" ten="235,265,307,183" step="2"/><T12/><REACH who="0" step="1"/><D43/><REACH who="0" ten="225,265,307,183" step="2"/><U103/><E103/><V90/><F40/><W124/><G124/><T81/><D81/><AGARI ba="0,2" hai="8,10,11,76,81,87,96,97" m="23625,51753" machi="81" ten="40,1300,0" yaku="20,1" doraHai="36" who="1" fromWho="0" sc="225,-13,265,33,307,0,183,0" /><INIT seed="3,0,0,2,3,81" ten="212,298,307,183" oya="3" hai0="94,72,93,45,38,29,8,84,44,59,46,89,119" hai1="47,134,26,5,107,135,77,124,51,58,102,28,3" hai2="16,21,117,4,53,103,87,39,0,25,123,50,40" hai3="66,15,24,1,70,20,115,92,82,9,69,30,99"/><W116/><G116/><T121/><D72/><U80/><E3/><V42/><F117/><W60/><G115/><T106/><D106/><U113/><E5/><V7/><F39/><W133/><G133/><N who="1" m="50698" /><E58/><V34/><F34/><W97/><G1/><T104/><D104/><U126/><E102/><V132/><F123/><W61/><G82/><N who="0" m="49303" /><D38/><U110/><E107/><V91/><F103/><W63/><G70/><T75/><D75/><N who="1" m="43071" /><E110/><V85/><F132/><W125/><G125/><T23/><D121/><U57/><E57/><N who="2" m="32951" /><F0/><W13/><G13/><T41/><D41/><N who="2" m="15978" /><F91/><W79/><G79/><T111/><D111/><U31/><E113/><V32/><F32/><W95/><G95/><T105/><D105/><U101/><E101/><V27/><F25/><W108/><G108/><T127/><D127/><U86/><E26/><V10/><F10/><W18/><REACH who="3" step="1"/><G99/><REACH who="3" ten="212,298,307,173" step="2"/><T11/><D94/><U129/><E126/><V43/><F43/><W37/><G37/><T112/><D93/><U6/><E124/><V122/><F122/><W76/><G76/><T48/><D112/><U130/><E129/><V83/><F83/><W120/><G120/><T54/><D119/><U78/><E130/><V73/><F73/><W96/><G96/><T100/><D100/><AGARI ba="0,1" hai="9,15,18,20,24,30,60,61,63,66,69,92,97,100" machi="100" ten="30,2900,0" yaku="1,1,7,1,53,0" doraHai="81" doraHaiUra="128" who="3" fromWho="0" sc="212,-29,298,0,307,0,173,39" /><INIT seed="3,1,0,1,0,18" ten="183,298,307,212" oya="3" hai0="63,33,34,114,49,54,41,0,31,127,46,70,55" hai1="131,43,118,108,90,38,125,128,27,67,81,87,16" hai2="85,93,45,14,84,15,6,121,129,96,2,111,75" hai3="103,102,19,58,57,106,113,12,88,89,62,24,39"/><W28/><G39/><T8/><D127/><U120/><E120/><V26/><F75/><W42/><G113/><T74/><D74/><U101/><E125/><V65/><F111/><W30/><G42/><T109/><D109/><U76/><E101/><N who="3" m="38410" /><G106/><T32/><D114/><U110/><E67/><V7/><F2/><W64/><G58/><T134/><D134/><U20/><E118/><V61/><F65/><W83/><G24/><T13/><D0/><U132/><E132/><V11/><F26/><W40/><G40/><T1/><D1/><U9/><E43/><V37/><F45/><W130/><G130/><N who="1" m="49706" /><E38/><V25/><F37/><W4/><G4/><T119/><D119/><U71/><E71/><V77/><F6/><W5/><G5/><T22/><D70/><U23/><E9/><V69/><F7/><W116/><G116/><T92/><D8/><U80/><E110/><V99/><F69/><W135/><G135/><T78/><D41/><U107/><E107/><V100/><F11/><N who="3" m="6559" /><G83/><T66/><D34/><U104/><E104/><V35/><F35/><W94/><G89/><T105/><D105/><U36/><E36/><V98/><F129/><W133/><G133/><T72/><D32/><U51/><E108/><V47/><F100/><W60/><G62/><T48/><D33/><U17/><E80/><V29/><F61/><W68/><G68/><T117/><D63/><U21/><E90/><V59/><F121/><W123/><G123/><T126/><D117/><U52/><E27/><V56/><F25/><W86/><AGARI ba="1,0" hai="28,30,57,60,64,86,88,94" m="6559,38410" machi="86" ten="30,3000,0" yaku="8,1,54,1" doraHai="18" who="3" fromWho="3" sc="183,-11,298,-11,307,-11,212,33" /><INIT seed="3,2,0,2,4,134" ten="172,287,296,245" oya="3" hai0="14,117,124,78,8,125,91,122,90,92,39,81,11" hai1="95,93,132,101,0,31,58,43,119,77,76,18,130" hai2="29,41,35,10,66,3,116,100,47,75,22,33,36" hai3="56,46,42,112,69,7,38,99,83,12,44,71,86"/><W9/><G112/><T96/><D39/><U21/><E0/><V94/><F22/><W23/><G46/><T97/><D122/><U109/><E109/><V62/><F94/><W1/><G1/><T37/><D37/><U89/><E132/><V84/><F84/><W105/><G56/><T106/><D117/><U126/><E130/><V120/><F100/><W118/><G118/><T4/><D11/><U24/><E43/><V19/><F19/><W54/><G54/><T88/><D106/><U25/><E119/><V80/><F29/><W104/><G23/><T59/><D59/><U111/><E111/><V51/><F120/><W113/><G113/><T48/><D48/><U107/><E107/><V114/><F51/><W102/><REACH who="3" step="1"/><G105/><REACH who="3" ten="172,287,296,235" step="2"/><T103/><REACH who="0" step="1"/><D96/><REACH who="0" ten="162,287,296,235" step="2"/><U128/><E58/><V68/><F116/><W34/><G34/><T13/><D13/><U65/><E128/><V2/><F114/><W133/><G133/><T20/><D20/><U87/><E21/><V32/><F10/><W6/><G6/><T17/><D17/><U127/><E18/><V123/><F123/><W49/><G49/><T55/><D55/><U74/><E24/><V28/><F28/><W60/><G60/><T135/><D135/><U26/><E25/><V64/><F64/><W129/><G129/><T98/><D98/><U108/><E65/><V79/><AGARI ba="2,2" hai="2,3,32,33,35,36,41,47,62,66,68,75,79,80" machi="79" ten="40,8000,1" yaku="0,1,33,3" doraHai="134" who="2" fromWho="2" sc="162,-22,287,-22,296,106,235,-42" /><INIT seed="4,0,0,0,5,66" ten="140,265,402,193" oya="0" hai0="64,45,112,120,86,119,123,87,107,83,47,48,73" hai1="111,59,5,94,79,62,69,129,10,98,91,22,80" hai2="11,135,23,19,18,14,132,46,2,104,39,49,37" hai3="25,78,54,26,99,93,131,21,92,7,127,61,85"/><T50/><D64/><U109/><E129/><V75/><F75/><W101/><G131/><T130/><D130/><U35/><E35/><V67/><F67/><W88/><G127/><T96/><D119/><U128/><E128/><V15/><F104/><W9/><G78/><T65/><D65/><U95/><E69/><V20/><F11/><W97/><G85/><T56/><D56/><U100/><E22/><V13/><F13/><W71/><G71/><T30/><D30/><U76/><E59/><V81/><F81/><W0/><G61/><T1/><D1/><U27/><E27/><V84/><F84/><W8/><G54/><T3/><D3/><U51/><E51/><V53/><F2/><W134/><G134/><AGARI ba="0,0" hai="14,15,18,19,20,23,37,39,46,49,53,132,134,135" machi="134" ten="40,2600,0" yaku="9,1,20,1" doraHai="66" who="2" fromWho="3" sc="140,0,265,0,402,26,193,-26" /><INIT seed="5,0,0,4,5,48" ten="140,265,428,167" oya="1" hai0="56,45,5,43,131,75,20,14,52,80,105,113,49" hai1="55,22,18,46,82,103,28,94,30,112,91,31,51" hai2="132,81,90,60,62,16,33,64,135,92,35,116,72" hai3="24,86,119,42,125,68,38,15,128,101,109,23,47"/><U122/><E122/><V93/><F116/><W37/><G68/><T106/><D113/><U111/><E111/><V65/><F16/><W41/><G109/><T39/><D131/><U77/><E112/><V34/><F72/><W19/><G119/><T63/><D20/><U95/><E103/><V83/><F35/><W96/><G128/><T130/><D130/><U13/><REACH who="1" step="1"/><E91/><AGARI ba="0,0" hai="33,34,60,62,64,65,81,83,90,91,92,93,132,135" machi="91" ten="25,1600,0" yaku="22,2" doraHai="48" who="2" fromWho="1" sc="140,0,265,-16,428,16,167,0" /><INIT seed="6,0,0,1,1,52" ten="140,249,444,167" oya="2" hai0="32,15,12,0,134,59,10,73,24,103,86,81,94" hai1="69,93,48,7,97,3,75,105,77,42,101,111,123" hai2="100,85,34,128,14,89,80,108,99,132,129,130,90" hai3="19,11,30,95,135,88,1,55,67,113,79,5,131"/><V50/><F34/><W49/><G131/><T122/><D122/><U23/><E23/><V53/><F14/><W118/><G118/><T92/><D0/><U51/><E51/><V58/><F132/><W36/><G36/><T45/><D12/><U33/><E48/><V44/><F108/><W17/><G135/><T102/><D45/><U43/><E43/><V6/><F6/><W56/><G113/><T119/><D73/><U2/><E42/><V72/><F72/><W57/><G79/><T82/><D134/><U8/><E77/><V98/><F98/><W125/><G125/><T114/><D114/><U96/><E96/><V16/><F16/><W37/><G37/><T84/><D119/><U87/><E97/><V4/><F4/><W66/><G30/><T112/><D112/><U109/><E7/><V28/><F28/><W26/><G26/><T61/><D24/><U124/><E111/><V21/><F21/><W71/><G71/><T78/><D32/><U31/><E33/><V76/><F44/><W18/><REACH who="3" step="1"/><G57/><REACH who="3" ten="140,249,444,157" step="2"/><T38/><D38/><U60/><E31/><V25/><F25/><W39/><G39/><T127/><D127/><U121/><E124/><V115/><F115/><W13/><G13/><T63/><D15/><U126/><E126/><V41/><F58/><W54/><G54/><T117/><D117/><U70/><E70/><V64/><F53/><W47/><G47/><T65/><D10/><U104/><E8/><V27/><F27/><W110/><G110/><T35/><D35/><U40/><E109/><V83/><F76/><W133/><G133/><RYUUKYOKU ba="0,1" sc="140,-10,249,-10,444,-10,157,30" hai3="1,5,11,17,18,19,49,55,56,66,67,88,95" /><INIT seed="7,1,1,1,3,115" ten="130,239,434,187" oya="3" hai0="119,76,124,78,5,103,117,26,13,34,97,9,113" hai1="89,77,125,54,80,59,50,108,86,72,118,2,94" hai2="133,122,8,7,106,71,88,127,96,55,49,120,116" hai3="123,39,44,111,36,1,37,85,33,74,107,110,100"/><W99/><G74/><T22/><D113/><U38/><E108/><N who="3" m="41514" /><G33/><T23/><D34/><U60/><E125/><V10/><F127/><W41/><G1/><T75/><D124/><U31/><E38/><N who="3" m="14954" /><G85/><T18/><D23/><U35/><E2/><V67/><F10/><W109/><G109/><T91/><D91/><U16/><E35/><V19/><F8/><W131/><G131/><T130/><D130/><U51/><E31/><V98/><F7/><W129/><G129/><T82/><REACH who="0" step="1"/><D76/><REACH who="0" ten="120,239,434,187" step="2"/><U105/><E77/><V48/><F98/><W101/><G101/><T25/><D25/><U83/><E89/><V29/><F19/><W121/><AGARI ba="1,2" hai="39,41,44,99,100,107,121,123" m="14954,41514" machi="121" ten="40,3900,0" yaku="10,1,23,1" doraHai="115" who="3" fromWho="3" sc="120,-14,239,-14,434,-14,187,62" /><INIT seed="7,2,0,5,5,6" ten="106,225,420,249" oya="3" hai0="0,15,87,8,33,131,63,47,129,43,52,105,99" hai1="91,85,38,74,95,103,56,93,73,75,61,119,41" hai2="10,67,54,65,120,123,20,53,90,121,2,80,50" hai3="18,57,134,25,116,23,135,17,102,44,28,59,122"/><W81/><G122/><T109/><D109/><U70/><E70/><V30/><F2/><W82/><G116/><T27/><D87/><U111/><E111/><V12/><F80/><W125/><G102/><T4/><D15/><U13/><E119/><V89/><F89/><W14/><G125/><T19/><D19/><U9/><E41/><V114/><F90/><W130/><G130/><T132/><D132/><N who="3" m="50729" /><G18/><T76/><D76/><U84/><E38/><V34/><F114/><W101/><G101/><T113/><D113/><U32/><E32/><V40/><F34/><W68/><G68/><T100/><D63/><U37/><E37/><V71/><F20/><W11/><G44/><T48/><REACH who="0" step="1"/><D43/><REACH who="0" ten="96,225,420,249" step="2"/><U66/><E85/><V51/><F121/><W16/><G17/><T86/><D86/><U98/><E74/><V1/><F120/><W46/><G81/><T35/><D35/><U36/><E75/><V108/><F123/><W77/><G82/><T39/><D39/><U79/><E36/><V110/><F40/><W88/><G77/><T133/><D133/><U5/><E73/><V126/><F12/><W97/><G16/><T104/><D104/><U96/><E84/><V124/><F110/><W117/><G14/><T3/><D3/><U92/><E79/><V24/><F108/><W127/><G117/><T62/><D62/><U26/><E61/><V64/><F1/><W107/><G107/><T94/><D94/><U60/><E95/><V21/><F21/><W31/><G23/><T72/><D72/><U115/><E115/><V69/><F69/><W118/><G118/><RYUUKYOKU ba="2,1" sc="96,15,225,15,420,-15,249,-15" hai0="0,4,8,27,33,47,48,52,99,100,105,129,131" hai1="5,9,13,26,56,60,66,91,92,93,96,98,103" owari="111,-39.0,240,4.0,415,52.0,234,-17.0" /></mjloggm>