<mjloggm ver="2.3"><GO type="41" lobby="0"/><UN n0="%E3%82%8F%E3%81%93%E3%81%86%E3%81%A9" n1="%E3%82%B7%E3%83%A5%E3%83%BC%E3%83%99%E3%83%AB" n2="%E5%B0%B1%E6%B4%BB%E7%94%9F%40%E5%B7%9D%E6%9D%91%E8%BB%8D%E5%9B%A3" n3="%75%69%73%64%69%75%66%62" dan="14,13,15,17" rate="2014.38,1893.57,2035.75,2081.03" sx="M,M,M,M"/><TAIKYOKU oya="0"/><INIT seed="0,0,0,3,3,118" ten="250,250,250,250" oya="0" hai0="107,128,82,17,131,85,9,1,84,53,61,11,80" hai1="104,47,18,64,86,103,27,96,24,102,132,95,67" hai2="117,100,90,123,77,38,21,34,25,83,7,56,10" hai3="36,94,37,4,16,33,31,120,72,71,106,119,22"/><T62/><D107/><U63/><E132/><V60/><F117/><W32/><G106/><T108/><D108/><U126/><E126/><V8/><F34/><W97/><G72/><T91/><D17/><U42/><E103/><V45/><F100/><W46/><G119/><T92/><D92/><U49/><E67/><V57/><F90/><W133/><G71/><T41/><D41/><U127/><E127/><V112/><F10/><W130/><G4/><T115/><D115/><U44/><E44/><V98/><F98/><W121/><G133/><T105/><D105/><U125/><E125/><V50/><F38/><N who="3" m="14955" /><G46/><T75/><D75/><U116/><E116/><V70/><F70/><W129/><G31/><T68/><D68/><U109/><E109/><V28/><F112/><W111/><G111/><T40/><D40/><U99/><E86/><V73/><F60/><W3/><G3/><T101/><D101/><U2/><E2/><V14/><F123/><N who="3" m="47179" /><G94/><T15/><D1/><U6/><E104/><V51/><F51/><W114/><G97/><T122/><D122/><U81/><E99/><V29/><F29/><W74/><G74/><T79/><D53/><AGARI ba="0,0" hai="7,8,14,21,25,28,45,50,53,56,57,73,77,83" machi="53" ten="30,1000,0" yaku="7,1" doraHai="118" who="2" fromWho="0" sc="250,-10,250,0,250,10,250,0" /><INIT seed="1,0,0,5,1,127" ten="240,250,260,250" oya="1" hai0="107,74,32,45,89,84,96,18,13,98,112,14,31" hai1="70,120,88,97,12,134,17,4,67,115,75,66,128" hai2="40,110,104,117,130,123,80,122,29,35,6,8,39" hai3="11,3,68,92,83,90,20,108,26,64,28,76,79"/><U38/><E120/><V87/><F104/><W59/><G68/><T77/><D112/><U135/><E115/><V118/><F39/><W10/><G108/><T49/><D77/><N who="3" m="29769" /><G83/><T100/><D74/><U114/><E114/><V47/><F80/><W7/><G7/><T33/><D96/><U1/><E75/><V61/><F87/><N who="3" m="52319" /><G3/><T105/><D105/><U50/><E38/><V56/><F47/><W25/><G25/><T85/><D13/><U93/><E4/><V103/><F40/><W16/><G28/><T23/><D31/><U62/><E1/><V86/><F86/><W116/><G116/><T22/><D22/><U53/><E66/><V52/><F103/><W24/><G24/><T69/><D69/><U106/><E106/><V124/><F110/><W71/><G71/><T48/><D48/><U51/><E128/><V44/><F130/><W111/><G111/><T129/><D129/><U63/><E63/><AGARI ba="0,0" hai="10,11,16,20,26,59,63,64" m="52319,29769" machi="63" ten="30,2000,0" yaku="8,1,54,1" doraHai="127" who="3" fromWho="1" sc="240,0,250,-20,260,0,250,20" /><INIT seed="2,0,0,5,2,135" ten="240,230,260,270" oya="2" hai0="18,3,40,99,2,104,93,120,77,39,129,109,32" hai1="48,74,43,68,12,8,81,19,6,49,1,121,108" hai2="29,115,15,76,26,101,45,126,22,23,66,112,96" hai3="9,110,59,54,92,124,11,133,95,134,70,36,97"/><V78/><F112/><W87/><G70/><T37/><D120/><U89/><E68/><V51/><F115/><W116/><G36/><T60/><D104/><U65/><E121/><V16/><F66/><W117/><G110/><T69/><D32/><U42/><E65/><V82/><F126/><W114/><G114/><T103/><D129/><U5/><E108/><V79/><F96/><W58/><G87/><T44/><D37/><U27/><E27/><V34/><F101/><W46/><G46/><T14/><D77/><U122/><E122/><V111/><F111/><W75/><G75/><T57/><D69/><U94/><E81/><V123/><F123/><W0/><G0/><T33/><D33/><U71/><E71/><V52/><REACH who="2" step="1"/><F34/><REACH who="2" ten="240,230,250,270" step="2"/><W21/><G97/><T61/><D109/><U28/><E1/><V41/><F41/><W13/><G124/><T56/><D3/><U83/><E42/><V91/><F91/><W72/><G133/><T113/><D2/><U119/><E43/><V86/><AGARI ba="0,1" hai="15,16,22,23,26,29,45,51,52,76,78,79,82,86" machi="86" ten="20,18000,2" yaku="1,1,0,1,7,1,8,1,54,2,53,1" doraHai="135" doraHaiUra="10" who="2" fromWho="2" sc="240,-60,230,-60,250,190,270,-60" /><INIT seed="2,1,0,4,3,4" ten="180,170,440,210" oya="2" hai0="16,89,118,92,88,85,95,104,77,32,133,28,122" hai1="80,49,76,123,11,131,90,71,20,134,1,72,67" hai2="120,94,68,25,82,41,3,109,60,128,113,115,117" hai3="111,61,50,2,19,8,26,47,33,38,58,112,101"/><V135/><F3/><W42/><G111/><T40/><D122/><U108/><E123/><V5/><F5/><W107/><G112/><T14/><D104/><U86/><E108/><V130/><F25/><W9/><G2/><T51/><D133/><U70/><E134/><V45/><F94/><W7/><G38/><T6/><D6/><U54/><E131/><N who="2" m="50219" /><F82/><W57/><G7/><T56/><D77/><U35/><E35/><V87/><F87/><W12/><G107/><T37/><D37/><U66/><E20/><V23/><F23/><N who="3" m="13695" /><G33/><T48/><D40/><U114/><E1/><V78/><F78/><W127/><G127/><T39/><D39/><U13/><E114/><N who="2" m="43531" /><F109/><W62/><G101/><T103/><D103/><U64/><E72/><V126/><F135/><W91/><G91/><T116/><D28/><U99/><E99/><V96/><F96/><W84/><G84/><N who="0" m="52231" /><D56/><N who="3" m="21609" /><G12/><T75/><D32/><U44/><E76/><V34/><F34/><W30/><G30/><T63/><D63/><AGARI ba="1,0" hai="8,9,42,47,50,61,62,63" m="21609,13695" machi="63" ten="30,3900,0" yaku="8,1,52,2" doraHai="4" who="3" fromWho="0" sc="180,-42,170,0,440,0,210,42" /><INIT seed="3,0,0,5,0,108" ten="138,170,440,252" oya="3" hai0="90,96,17,65,43,87,118,97,93,63,36,122,131" hai1="92,72,73,101,81,29,38,79,94,50,8,0,1" hai2="26,61,66,57,110,9,69,83,28,123,134,58,41" hai3="5,75,76,106,6,7,64,32,135,82,18,80,2"/><W78/><G135/><T119/><D122/><U51/><E38/><V77/><F110/><W21/><G106/><T70/><D131/><U91/><E29/><V27/><F134/><W130/><G130/><T102/><D17/><U120/><E120/><V103/><F123/><W23/><G32/><T133/><D133/><U107/><E72/><V121/><F103/><W104/><G104/><T114/><D43/><U67/><E67/><V39/><F27/><W84/><G64/><T88/><D36/><U132/><E94/><V46/><F9/><W14/><REACH who="3" step="1"/><G23/><REACH who="3" ten="138,170,440,242" step="2"/><T125/><D125/><U25/><E132/><V53/><F121/><W128/><G128/><T111/><D111/><U115/><E107/><V33/><F53/><W56/><G56/><T127/><D127/><U124/><E124/><V59/><F58/><W24/><G24/><T49/><D119/><U30/><E25/><V48/><F39/><W20/><G20/><T113/><D118/><U100/><E30/><V126/><F126/><W86/><G86/><AGARI ba="0,1" hai="26,28,33,41,46,48,57,59,61,66,69,77,83,86" machi="86" ten="30,1000,0" yaku="7,1" doraHai="108" who="2" fromWho="3" sc="138,0,170,0,440,20,242,-10" /><INIT seed="4,0,0,4,3,52" ten="138,170,460,232" oya="0" hai0="134,34,32,36,111,106,86,46,135,27,62,80,120" hai1="23,42,28,16,51,77,124,1,12,17,129,50,60" hai2="131,88,115,67,73,29,21,84,99,113,118,133,126" hai3="35,57,117,25,76,96,91,90,132,8,130,30,87"/><T58/><D106/><U104/><E104/><V31/><F73/><W44/><G117/><T65/><D120/><U43/><E1/><V39/><F39/><W10/><G132/><N who="0" m="50731" /><D111/><U15/><E28/><V0/><F0/><W5/><G130/><T85/><D27/><U122/><E122/><V105/><F126/><W125/><G125/><T7/><D7/><U13/><E124/><V95/><F67/><W38/><G76/><N who="0" m="46215" /><D86/><U114/><E129/><V121/><F121/><W45/><G87/><T53/><D36/><U78/><E12/><V59/><F131/><W71/><G38/><T75/><D75/><U100/><E114/><V110/><F133/><W40/><G5/><T83/><D83/><U116/><E116/><V41/><F110/><W68/><G25/><T89/><D89/><U108/><E108/><V48/><F105/><W37/><G37/><T72/><D72/><U128/><E128/><V79/><F84/><W18/><G90/><T6/><D6/><U24/><E24/><V3/><F88/><W103/><G91/><T19/><D19/><U9/><E100/><V14/><F31/><W97/><G103/><T119/><D119/><U54/><E78/><V63/><F29/><W69/><G30/><T20/><D20/><U94/><E77/><V82/><F118/><W61/><G18/><T11/><D11/><U127/><E127/><V112/><F79/><W93/><G10/><T101/><D101/><U102/><E102/><V109/><F112/><W92/><G8/><T66/><D66/><U22/><E9/><V26/><F109/><W81/><G81/><RYUUKYOKU ba="0,0" sc="138,30,170,-10,460,-10,232,-10" hai0="32,34,46,53,58,62,65" /><INIT seed="4,1,0,5,2,96" ten="168,160,450,222" oya="0" hai0="27,108,24,95,10,97,99,94,3,2,5,19,15" hai1="6,117,17,55,69,49,87,86,34,40,60,89,22" hai2="84,45,41,50,1,82,52,18,71,76,104,112,44" hai3="28,36,116,102,20,124,105,32,46,73,120,135,81"/><T83/><D108/><U29/><E117/><V114/><F1/><W23/><G116/><T25/><D83/><U74/><E74/><V70/><F104/><W80/><G32/><T37/><D37/><U16/><E6/><V98/><F98/><W92/><G105/><T134/><D134/><U109/><E109/><V33/><F33/><W103/><G135/><T38/><D38/><U121/><E121/><V11/><F11/><W119/><G119/><T9/><REACH who="0" step="1"/><D2/><REACH who="0" ten="158,160,450,222" step="2"/><U77/><E77/><V91/><F76/><W59/><G36/><T113/><D113/><U54/><E34/><V133/><F114/><W56/><G120/><T79/><D79/><U53/><E40/><V118/><F82/><W130/><G73/><T65/><D65/><U13/><E69/><V64/><F41/><W48/><G80/><T61/><D61/><U31/><E60/><V47/><F64/><W30/><G81/><T66/><D66/><U125/><E49/><V132/><F70/><W101/><G48/><T122/><D122/><U21/><E125/><V75/><F71/><W12/><G124/><T35/><D35/><U43/><E43/><V90/><F50/><W68/><G68/><T123/><D123/><U111/><E111/><V78/><F118/><W62/><G62/><T110/><D110/><U51/><E51/><V93/><F112/><W128/><G128/><T39/><D39/><U58/><E55/><V85/><F78/><W0/><G130/><T107/><D107/><U4/><E53/><V7/><F132/><W100/><G0/><T106/><D106/><U26/><E54/><RYUUKYOKU ba="1,1" sc="158,30,160,-10,450,-10,222,-10" hai0="3,5,9,10,15,19,24,25,27,94,95,97,99" /><INIT seed="4,2,1,0,4,37" ten="188,150,440,212" oya="0" hai0="120,129,71,133,106,13,67,69,81,64,88,5,19" hai1="125,100,25,39,3,123,80,1,134,49,17,35,84" hai2="76,98,14,9,41,46,61,99,22,42,85,53,95" hai3="75,97,66,30,55,77,68,4,45,78,47,27,107"/><T32/><D120/><U87/><E123/><V11/><F22/><W93/><G107/><T58/><D129/><U7/><E39/><V52/><F9/><W0/><G0/><T131/><D131/><U31/><E100/><N who="2" m="60511" /><F99/><W29/><G4/><T90/><D106/><U113/><E134/><V33/><F33/><W82/><G78/><T102/><D102/><U44/><E125/><V40/><F46/><W104/><G104/><T21/><D32/><U6/><E3/><V18/><F61/><W56/><G68/><T116/><D116/><U12/><E1/><V132/><F132/><W118/><G118/><T59/><D71/><U109/><E113/><V70/><F70/><W51/><G27/><N who="0" m="14783" /><D69/><U121/><E121/><V62/><F62/><W34/><G34/><T2/><D2/><U126/><E126/><V24/><F24/><W91/><G45/><T8/><D133/><U105/><E105/><V124/><F124/><W36/><G36/><T115/><D115/><U16/><E87/><V23/><F11/><W73/><G73/><T60/><D81/><AGARI ba="2,1" hai="14,18,23,40,41,42,52,53,76,81,85" m="60511" machi="81" ten="30,8000,1" yaku="8,1,52,3,54,1" doraHai="37" who="2" fromWho="0" sc="188,-86,150,0,440,96,212,0" /><INIT seed="5,0,0,2,3,44" ten="102,150,536,212" oya="1" hai0="17,61,100,89,103,35,34,85,88,127,75,83,73" hai1="113,37,130,122,33,45,53,28,64,118,3,125,22" hai2="102,8,15,129,84,10,105,29,70,101,90,1,120" hai3="121,106,99,82,104,80,56,109,6,68,123,63,78"/><U94/><E122/><V95/><F70/><W7/><G68/><T36/><D36/><U60/><E118/><V96/><F120/><W54/><G109/><T57/><D127/><U30/><E113/><V16/><F129/><W86/><G106/><T72/><D17/><U32/><E3/><V31/><F102/><W39/><G39/><T126/><D126/><U66/><E125/><V14/><REACH who="2" step="1"/><F1/><REACH who="2" ten="102,150,526,212" step="2"/><W23/><G123/><T98/><D103/><U91/><E130/><V62/><F62/><W12/><G63/><T43/><D43/><U65/><E60/><V79/><F79/><W135/><G78/><T20/><D20/><U59/><E33/><V119/><F119/><W21/><G23/><T46/><D46/><U5/><E32/><V132/><F132/><W131/><G21/><T26/><D26/><U50/><E37/><V40/><F40/><W93/><G135/><T11/><D11/><U51/><E22/><V69/><F69/><W55/><G131/><T97/><D100/><U18/><E18/><AGARI ba="0,1" hai="8,10,14,15,16,18,29,31,84,90,95,96,101,105" machi="18" ten="30,7700,0" yaku="1,1,7,1,9,1,54,1,53,0" doraHai="44" doraHaiUra="0" who="2" fromWho="1" sc="102,0,150,-77,526,87,212,0" /><INIT seed="6,0,0,5,0,81" ten="102,73,613,212" oya="2" hai0="120,106,126,135,117,32,108,38,77,66,62,5,85" hai1="87,58,97,78,133,121,112,114,35,128,3,75,53" hai2="0,52,94,103,44,6,89,118,16,39,25,29,88" hai3="113,61,98,134,2,12,74,132,95,18,107,43,80"/><V4/><F118/><W116/><G116/><T45/><D5/><U123/><E3/><V119/><F119/><W23/><G2/><T13/><D13/><U96/><E35/><V115/><F115/><N who="1" m="44073" /><E58/><V8/><F6/><W33/><G33/><T91/><D32/><U22/><E22/><V64/><F64/><W15/><G107/><T27/><D45/><U19/><E19/><V34/><F103/><W54/><G43/><T100/><D62/><U49/><E75/><V102/><F102/><N who="3" m="60767" /><G113/><T41/><D108/><U93/><E53/><V72/><F72/><W60/><G54/><T11/><D66/><U124/><E49/><V47/><F39/><W7/><G7/><T57/><D11/><U36/><E36/><V122/><F89/><W92/><G74/><T83/><D27/><U28/><E28/><V50/><F122/><N who="1" m="46601" /><E133/><V129/><F129/><W86/><G18/><T40/><D135/><U26/><E26/><V17/><F47/><W111/><G23/><T37/><D57/><U79/><E128/><V48/><F48/><W46/><G134/><T68/><D68/><U24/><E24/><V127/><F127/><W20/><G20/><T69/><D126/><U73/><E73/><V70/><F70/><W59/><G59/><T67/><D67/><U110/><E110/><V30/><F30/><W14/><G111/><T99/><D69/><U131/><E131/><V76/><F76/><N who="1" m="29225" /><E124/><V101/><F101/><W82/><G132/><T84/><D120/><U51/><E51/><V31/><F31/><W90/><G46/><T104/><D117/><U55/><E55/><RYUUKYOKU ba="0,0" sc="102,-30,73,10,613,10,212,10" hai1="87,93,96,97" hai2="0,4,8,16,17,25,29,34,44,50,52,88,94" hai3="12,14,15,60,61,80,82,86,90,92" /><INIT seed="6,1,0,0,4,132" ten="72,83,623,222" oya="2" hai0="28,116,49,68,50,107,106,98,113,120,11,86,79" hai1="63,74,65,133,111,125,62,93,24,109,57,110,60" hai2="55,122,102,135,29,114,71,117,134,78,16,64,0" hai3="43,38,130,129,69,115,18,46,119,90,123,6,9"/><V128/><F16/><W10/><G123/><T26/><D116/><U118/><E74/><V66/><F55/><W59/><G69/><T8/><D68/><U73/><E73/><V4/><F29/><W85/><G119/><T58/><D120/><U48/><E118/><V2/><F64/><W84/><G115/><T124/><D124/><U103/><E133/><V39/><F4/><W77/><G77/><T23/><D113/><U80/><E80/><V3/><F102/><W5/><G59/><T56/><D56/><U45/><E24/><V33/><F78/><W36/><G18/><T81/><D50/><U41/><E103/><V99/><F66/><W105/><G105/><T1/><D98/><U100/><E93/><V12/><F99/><W53/><G53/><T70/><D70/><N who="1" m="42279" /><E100/><V91/><F91/><W104/><G104/><T21/><D21/><U88/><E88/><V22/><F3/><W83/><G85/><T42/><D58/><U127/><E63/><V31/><F71/><W92/><G92/><T101/><D101/><U87/><E87/><V25/><F134/><W35/><G90/><T34/><D34/><U72/><E72/><V20/><F135/><W17/><G35/><T44/><REACH who="0" step="1"/><D11/><REACH who="0" ten="62,83,623,222" step="2"/><U52/><AGARI ba="1,1" hai="41,45,48,52,57,62,109,110,111,125,127" m="42279" machi="52" ten="40,8000,1" yaku="34,2,52,2,54,1" doraHai="132" who="1" fromWho="1" sc="62,-21,83,93,623,-41,222,-21" /><INIT seed="7,0,0,0,5,22" ten="41,176,582,201" oya="3" hai0="112,123,26,33,40,23,30,61,5,19,110,117,125" hai1="77,48,105,81,53,102,43,58,122,6,59,20,128" hai2="66,90,78,121,98,133,76,91,11,130,39,8,74" hai3="120,94,37,36,107,92,47,80,115,109,99,73,42"/><W25/><G120/><T49/><D61/><U10/><E122/><V72/><F39/><W89/><G109/><T21/><D49/><U60/><E43/><V75/><F66/><W64/><G115/><T70/><D40/><U7/><E128/><V15/><F121/><W126/><G126/><T18/><D70/><U16/><E10/><N who="2" m="3627" /><F15/><W108/><G108/><T119/><D123/><U111/><E111/><V54/><F54/><W3/><G3/><T62/><D62/><U82/><E82/><V12/><F12/><W84/><G64/><T69/><D69/><U28/><E28/><V100/><F100/><W71/><G71/><T114/><D110/><U41/><E41/><V63/><F63/><W83/><G37/><T124/><D5/><U52/><E105/><V127/><F98/><W79/><G107/><T56/><D56/><U68/><E102/><V104/><F104/><W116/><G116/><N who="0" m="44619" /><D33/><U27/><E68/><V103/><F133/><W85/><G73/><AGARI ba="0,0" hai="6,7,16,20,27,48,52,53,58,59,60,73,77,81" machi="73" ten="30,7700,0" yaku="7,1,52,1,54,2" doraHai="22" who="1" fromWho="3" sc="41,0,176,77,582,0,201,-77" owari="41,-46.0,253,5.0,582,69.0,124,-28.0" /></mjloggm>