<mjloggm ver="2.3"><GO type="97" lobby="0"/><UN n0="%28%2D%5F%2D%29%76" n1="%E5%B0%B1%E6%B4%BB%E7%94%9F%40%E5%B7%9D%E6%9D%91%E8%BB%8D%E5%9B%A3" n2="%E3%81%82%E3%82%8B%E3%81%82%E3%82%8B" n3="%73%79%6F%75%6A%69%30%34" dan="13,14,14,13" rate="1878.89,1939.59,1884.49,1841.23" sx="F,M,M,M"/><TAIKYOKU oya="0"/><INIT seed="0,0,0,1,1,123" ten="250,250,250,250" oya="0" hai0="16,39,35,6,50,119,115,65,106,68,40,83,124" hai1="89,133,95,67,77,24,14,1,107,55,63,11,47" hai2="17,117,54,90,44,0,33,37,10,110,130,116,97" hai3="28,72,105,7,109,79,43,113,103,74,32,88,127"/><T29/><D119/><N who="2" m="45642" /><F33/><W69/><G69/><T57/><D115/><U13/><E107/><V3/><F130/><W15/><G113/><T30/><D106/><U96/><E133/><V48/><F37/><W52/><G43/><T78/><D35/><U80/><E24/><V45/><F45/><W19/><G7/><T82/><D83/><U56/><E1/><V46/><F46/><W58/><G127/><T9/><D124/><U62/><E11/><V131/><F131/><W128/><G128/><T87/><D16/><U93/><E93/><N who="2" m="56503" /><F110/><W18/><G79/><T60/><D68/><U64/><E47/><V38/><F38/><W41/><G109/><T59/><D39/><U104/><E104/><V91/><F91/><W25/><G19/><T5/><D5/><U75/><REACH who="1" step="1"/><E55/><REACH who="1" ten="250,240,250,250" step="2"/><V70/><F0/><W112/><G112/><T84/><D40/><U81/><E81/><V22/><F10/><W26/><G41/><T42/><D42/><U118/><E118/><V73/><F3/><W86/><G26/><T4/><D6/><U121/><E121/><V31/><F44/><W99/><G18/><T34/><D34/><U129/><E129/><V134/><F17/><W135/><G135/><T85/><D30/><U2/><E2/><V49/><F31/><W94/><G15/><N who="0" m="5543" /><D29/><U12/><E12/><V132/><F132/><W27/><G27/><T100/><D100/><U61/><E61/><AGARI ba="0,1" hai="25,28,32,52,58,61,72,74,86,88,94,99,103,105" machi="61" ten="30,3900,0" yaku="7,1,54,2" doraHai="123" who="3" fromWho="1" sc="250,0,240,-39,250,0,250,49" /><INIT seed="1,0,0,2,0,40" ten="250,201,250,299" oya="1" hai0="76,71,63,52,132,64,79,77,90,27,33,8,124" hai1="127,91,57,3,43,116,32,6,20,103,47,95,50" hai2="51,80,125,35,42,112,109,49,23,28,131,68,53" hai3="30,31,74,0,16,118,13,129,48,70,67,89,106"/><U107/><E32/><V114/><F68/><W62/><G0/><T81/><D132/><U99/><E116/><V55/><F109/><W61/><G74/><T59/><D124/><U110/><E127/><V120/><F125/><W108/><G106/><T37/><D37/><U85/><E110/><V38/><F120/><W1/><G1/><T2/><D90/><U134/><E134/><V34/><F131/><W39/><G39/><T15/><D2/><U19/><E57/><V36/><F42/><W11/><G108/><T69/><D71/><U117/><E117/><V4/><F80/><W111/><G111/><T96/><D96/><U101/><E101/><V126/><F126/><W18/><G118/><T123/><D123/><U10/><REACH who="1" step="1"/><E20/><REACH who="1" ten="250,191,250,299" step="2"/><V66/><F23/><W128/><G129/><T130/><D130/><U26/><E26/><V86/><F34/><W56/><G128/><T115/><D27/><U75/><E75/><V133/><F35/><W82/><G48/><T93/><D33/><U17/><AGARI ba="0,1" hai="3,6,10,17,19,43,47,50,85,91,95,99,103,107" machi="17" ten="30,6000,0" yaku="1,1,0,1,52,1,53,0" doraHai="40" doraHaiUra="9" who="1" fromWho="1" sc="250,-20,191,70,250,-20,299,-20" /><INIT seed="1,1,0,2,0,28" ten="230,261,230,279" oya="1" hai0="102,47,24,39,99,15,8,32,108,130,21,123,41" hai1="126,93,64,116,40,120,10,35,131,105,42,91,76" hai2="18,117,58,83,75,114,27,11,1,34,33,122,20" hai3="125,84,96,97,95,71,4,94,103,54,109,77,52"/><U44/><E105/><V121/><F117/><W101/><G71/><T115/><D115/><U9/><E116/><V90/><F58/><W128/><G125/><T113/><D113/><U17/><E120/><V46/><F114/><W135/><G128/><T118/><D123/><U61/><E35/><N who="2" m="13323" /><F90/><W25/><G135/><T3/><D3/><U124/><E126/><V22/><F46/><W87/><G109/><T36/><D108/><U37/><E131/><V56/><F56/><W112/><G112/><T80/><D130/><U70/><E124/><V48/><F48/><W74/><G4/><T78/><D118/><U19/><E42/><V12/><F83/><N who="3" m="47215" /><G74/><T85/><D32/><U119/><E119/><V104/><F104/><W86/><G25/><T67/><D67/><U26/><E76/><V106/><F75/><W107/><G107/><T29/><D99/><U0/><E0/><V53/><F53/><AGARI ba="1,0" hai="52,53,54,86,87,94,95,96,97,101,103" m="47215" machi="53" ten="30,2000,0" yaku="8,1,54,1" doraHai="28" who="3" fromWho="2" sc="230,0,261,0,230,-23,279,23" /><INIT seed="2,0,0,3,0,49" ten="230,261,207,302" oya="2" hai0="101,93,106,42,82,15,116,3,67,105,125,115,4" hai1="64,21,81,65,97,7,6,39,18,8,44,122,89" hai2="135,119,24,10,32,85,129,87,131,58,17,22,46" hai3="103,133,130,120,14,16,66,84,75,121,98,61,108"/><V52/><F119/><W55/><G75/><T5/><D115/><U30/><E122/><V47/><F135/><W109/><G84/><N who="2" m="32329" /><F32/><W0/><G0/><T43/><D3/><U70/><E70/><V102/><F10/><W72/><G72/><T78/><D116/><U27/><E39/><V74/><F102/><W124/><G66/><N who="1" m="25706" /><E81/><V33/><F33/><W29/><G29/><T83/><D67/><U63/><E63/><N who="2" m="36295" /><F74/><W36/><G36/><T86/><D125/><U69/><E69/><V132/><F132/><W57/><G133/><T88/><D82/><U128/><E44/><V12/><F24/><W107/><G124/><T34/><D34/><U91/><E128/><AGARI ba="0,0" hai="12,17,22,46,47,128,129,131" m="36295,32329" machi="128" ten="30,5800,0" yaku="19,1,52,1,54,1" doraHai="49" who="2" fromWho="1" sc="230,0,261,-58,207,58,302,0" /><INIT seed="2,1,0,3,5,126" ten="230,203,265,302" oya="2" hai0="123,77,69,93,73,13,84,43,25,19,66,114,48" hai1="42,49,131,74,67,127,18,52,117,26,113,112,82" hai2="88,17,0,110,39,38,62,47,27,56,54,4,118" hai3="9,15,89,134,130,23,24,6,65,1,40,20,94"/><V33/><F118/><W29/><G40/><T111/><D114/><U60/><E127/><V21/><F33/><W58/><G134/><T14/><D123/><U7/><E117/><V53/><F110/><W2/><G130/><T90/><D111/><U108/><E108/><V98/><F0/><N who="3" m="199" /><G58/><T31/><D69/><U35/><E131/><V55/><F4/><W99/><G65/><T100/><D66/><U45/><E7/><V95/><REACH who="2" step="1"/><F47/><REACH who="2" ten="230,203,255,302" step="2"/><W83/><G1/><T121/><D121/><U44/><E112/><V85/><F85/><W30/><G2/><T76/><D73/><U57/><E113/><V72/><F72/><W87/><G87/><T129/><D84/><U28/><E18/><V5/><F5/><W132/><G132/><T102/><D129/><U41/><REACH who="1" step="1"/><E44/><REACH who="1" ten="230,193,255,302" step="2"/><V3/><F3/><W86/><G86/><T59/><D19/><U133/><E133/><V36/><AGARI ba="1,2" hai="17,21,27,36,38,39,53,54,55,56,62,88,95,98" machi="36" ten="30,24000,3" yaku="1,1,0,1,25,2,54,1,53,3" doraHai="126" doraHaiUra="50" who="2" fromWho="2" sc="230,-81,193,-81,255,263,302,-81" /><INIT seed="2,2,0,4,5,113" ten="149,112,518,221" oya="2" hai0="40,115,126,13,89,129,122,101,99,107,25,106,23" hai1="33,5,53,88,114,84,35,85,77,12,73,1,30" hai2="46,16,71,62,70,135,104,111,45,41,49,67,120" hai3="20,38,127,93,81,17,29,74,36,11,28,118,87"/><V4/><F120/><W134/><G74/><T76/><D122/><U47/><E114/><V57/><F104/><W97/><G118/><T68/><D115/><U90/><E73/><V133/><F4/><W18/><G134/><N who="2" m="51209" /><F16/><W24/><G127/><T61/><D126/><U31/><E1/><V2/><F2/><W9/><G38/><T58/><D68/><N who="2" m="26154" /><F46/><W3/><G36/><T96/><D76/><U116/><E116/><V7/><F7/><W72/><G72/><T55/><D129/><U92/><E77/><V98/><F98/><W109/><G3/><T123/><D123/><U48/><E35/><V60/><F60/><W26/><G109/><AGARI ba="2,0" hai="41,45,49,57,62,67,109,111" m="26154,51209" machi="109" ten="40,7700,0" yaku="20,1,34,2" doraHai="113" who="2" fromWho="3" sc="149,0,112,0,518,83,221,-83" /><INIT seed="2,3,0,4,3,42" ten="149,112,601,138" oya="2" hai0="120,128,56,27,112,110,9,34,64,14,36,115,21" hai1="35,70,68,53,135,97,28,69,31,6,7,124,92" hai2="17,33,81,39,57,101,48,46,82,117,24,66,126" hai3="12,93,40,88,73,52,134,105,78,127,50,0,1"/><V8/><F117/><W20/><G105/><T19/><D36/><U61/><E135/><V32/><F39/><W95/><G40/><T77/><D120/><U75/><E124/><V44/><F126/><W29/><G127/><T131/><D77/><U99/><E75/><V121/><F121/><W123/><G123/><T25/><D64/><U43/><E43/><V94/><F32/><W132/><G95/><T74/><D56/><U104/><E104/><V79/><F33/><W118/><G118/><T47/><D74/><U67/><E53/><N who="2" m="31911" /><F66/><W55/><G78/><T122/><D122/><U107/><E107/><V102/><F79/><W59/><G55/><T23/><D47/><N who="2" m="17962" /><F8/><W65/><G65/><T91/><D91/><U11/><E11/><V133/><F133/><N who="3" m="51307" /><G73/><T62/><D62/><U89/><E35/><V49/><F49/><W100/><G100/><N who="2" m="38505" /><F94/><W80/><G80/><T54/><D54/><U5/><REACH who="1" step="1"/><E97/><REACH who="1" ten="149,102,601,138" step="2"/><V3/><F3/><W119/><G119/><T4/><D34/><U129/><E129/><N who="0" m="49737" /><D112/><U83/><E83/><V106/><F106/><W51/><G51/><T114/><D114/><U72/><E72/><V96/><F96/><N who="3" m="57383" /><G29/><AGARI ba="3,1" hai="5,6,7,28,29,31,61,67,68,69,70,89,92,99" machi="29" ten="40,1300,0" yaku="1,1,53,0" doraHai="42" doraHaiUra="130" who="1" fromWho="3" sc="149,0,102,32,601,0,138,-22" /><INIT seed="3,0,0,5,4,66" ten="149,134,601,116" oya="3" hai0="64,128,123,113,72,75,120,69,88,16,60,6,11" hai1="63,78,119,101,96,9,10,70,19,104,92,53,27" hai2="68,0,47,4,41,124,107,99,51,38,21,90,57" hai3="127,84,103,44,13,122,25,121,18,109,67,125,133"/><W33/><G103/><T34/><D34/><U73/><E119/><V87/><F68/><W2/><G67/><T126/><D113/><U83/><E104/><V37/><F124/><N who="3" m="47691" /><G44/><T77/><D126/><U131/><E131/><V31/><F0/><W115/><G84/><T129/><D77/><U85/><E73/><N who="0" m="28233" /><D88/><U56/><E70/><V49/><F4/><W86/><G86/><T112/><D16/><U116/><E116/><V98/><F107/><W62/><G62/><T105/><D105/><U29/><E19/><V61/><F38/><W94/><G94/><T74/><D74/><U93/><E93/><N who="2" m="54495" /><F37/><W48/><G48/><T17/><D17/><U43/><E43/><V111/><F51/><W7/><G115/><T26/><D26/><U117/><E117/><V42/><F42/><W91/><G91/><T110/><D112/><U14/><E14/><V76/><F76/><W54/><G54/><T39/><D39/><U79/><E79/><V20/><F41/><W118/><G118/><T100/><D100/><U32/><AGARI ba="0,0" hai="9,10,27,29,32,53,56,63,78,83,85,92,96,101" machi="32" ten="20,1500,0" yaku="0,1,7,1" doraHai="66" who="1" fromWho="1" sc="149,-4,134,15,601,-4,116,-7" owari="145,-25.0,149,-5.0,597,69.0,109,-39.0" /></mjloggm>