<mjloggm ver="2.3"><GO type="97" lobby="0"/><UN n0="%E6%9C%AB%E6%91%98%E8%8A%B1" n1="%E7%99%BD%E7%9F%B3%E9%BA%BB%E8%A1%A3" n2="%E5%B0%B1%E6%B4%BB%E7%94%9F%40%E5%B7%9D%E6%9D%91%E8%BB%8D%E5%9B%A3" n3="%E2%85%A1%E5%8F%B7" dan="16,15,14,14" rate="2040.02,1930.50,1939.01,1926.70" sx="F,M,M,M"/><TAIKYOKU oya="0"/><INIT seed="0,0,0,0,4,73" ten="250,250,250,250" oya="0" hai0="91,35,34,123,41,77,1,126,85,95,8,133,57" hai1="76,69,31,44,29,105,49,101,134,97,131,67,59" hai2="86,0,92,64,58,99,54,61,82,2,107,36,42" hai3="9,15,130,20,19,24,23,55,7,88,50,28,112"/><T18/><D123/><U115/><E115/><V102/><F107/><W38/><G38/><T127/><D133/><U111/><E134/><V39/><F64/><W121/><G112/><T106/><D106/><U98/><E69/><V72/><F72/><W33/><G130/><T89/><D41/><U21/><E131/><V53/><F53/><W30/><G121/><T3/><D57/><U109/><E97/><V75/><F75/><W79/><G79/><T113/><D113/><U110/><E21/><V94/><F94/><W78/><G78/><T4/><D18/><U13/><E13/><V70/><F70/><W11/><G11/><T10/><D95/><U122/><E122/><V26/><F26/><W84/><G30/><T118/><D118/><U17/><E17/><V90/><REACH who="2" step="1"/><F42/><REACH who="2" ten="250,250,240,250" step="2"/><W46/><G33/><T124/><D35/><U125/><E67/><V47/><F47/><W129/><G129/><T32/><D32/><U37/><E59/><V48/><F48/><W14/><REACH who="3" step="1"/><G84/><REACH who="3" ten="250,250,240,240" step="2"/><T40/><D34/><U5/><E37/><AGARI ba="0,2" hai="0,2,36,37,39,54,58,61,82,86,90,92,99,102" machi="37" ten="40,1300,0" yaku="1,1,53,0" doraHai="73" doraHaiUra="45" who="2" fromWho="1" sc="250,0,250,-13,240,33,240,0" /><INIT seed="1,0,0,3,3,63" ten="250,237,273,240" oya="1" hai0="24,47,13,6,79,126,72,108,36,19,57,121,26" hai1="123,92,70,135,86,9,12,52,61,41,27,134,104" hai2="44,10,34,98,65,78,0,46,100,80,88,89,120" hai3="59,30,105,97,60,18,131,7,113,14,102,127,45"/><U11/><E123/><V106/><F34/><W58/><G113/><T124/><D121/><U119/><E104/><V91/><F120/><W115/><G115/><T84/><D72/><U29/><E119/><V116/><F116/><W64/><G127/><N who="0" m="48683" /><D6/><U37/><E41/><V33/><F33/><W1/><G30/><T17/><D108/><U28/><E37/><V109/><F109/><W85/><G7/><T132/><D132/><N who="1" m="50731" /><E70/><V122/><F122/><W83/><G1/><T103/><D103/><U94/><E86/><V21/><F21/><W48/><G131/><T74/><D74/><U38/><E38/><V2/><F65/><W67/><G58/><T73/><D57/><N who="1" m="34983" /><E28/><V118/><F118/><W77/><G59/><T25/><D73/><U51/><E51/><V111/><F111/><W114/><G60/><T129/><D47/><U68/><E68/><V95/><F106/><W31/><G31/><T62/><D62/><U53/><E53/><V50/><F44/><W43/><REACH who="3" step="1"/><G114/><REACH who="3" ten="250,237,273,230" step="2"/><T81/><D129/><U55/><E55/><V5/><F46/><W75/><G75/><T3/><D36/><U76/><E76/><V23/><F50/><W49/><G49/><T40/><D79/><U93/><E12/><V22/><F2/><W32/><G32/><AGARI ba="0,1" hai="9,11,27,29,32,92,93,94" m="34983,50731" machi="32" ten="30,2900,0" yaku="20,1,54,1" doraHai="63" who="1" fromWho="3" sc="250,0,237,39,273,0,230,-29" /><INIT seed="1,1,0,3,3,105" ten="250,276,273,201" oya="1" hai0="32,99,25,131,14,40,43,34,0,70,123,88,96" hai1="62,119,116,2,111,80,21,82,100,110,87,107,31" hai2="44,73,97,12,126,13,1,129,36,109,20,39,5" hai3="91,30,8,54,18,60,19,120,50,132,77,71,92"/><U65/><E2/><V61/><F109/><N who="1" m="41481" /><E100/><V78/><F129/><W56/><G30/><T63/><D0/><U23/><E107/><V15/><F126/><W47/><G77/><T48/><D131/><U52/><E82/><N who="2" m="45391" /><F97/><W29/><G29/><T38/><D38/><U127/><E31/><V133/><F61/><W94/><G71/><T108/><D108/><U122/><E127/><V64/><F64/><W121/><G132/><T75/><D14/><U16/><E122/><V6/><F6/><W74/><G74/><T86/><D123/><U33/><E33/><V35/><F35/><W3/><G120/><T134/><D25/><N who="1" m="14503" /><E23/><V49/><F39/><W89/><G121/><T51/><D134/><U27/><E27/><V98/><F133/><W22/><G3/><T113/><D34/><U53/><E119/><V24/><F49/><W59/><G8/><T76/><D51/><U57/><E116/><V101/><F24/><W79/><G22/><T135/><D48/><U58/><E57/><V55/><F20/><W26/><G59/><T11/><D135/><U46/><E46/><V90/><F101/><W102/><G102/><T84/><D11/><U9/><E9/><N who="2" m="2223" /><F13/><W128/><G128/><T67/><D32/><U45/><E45/><V83/><F15/><W41/><G26/><T112/><D70/><U69/><E69/><V37/><F12/><W72/><G47/><T130/><D130/><U10/><E10/><V93/><F83/><W4/><G4/><T68/><D68/><U95/><E80/><V115/><F115/><W42/><G50/><T85/><D113/><RYUUKYOKU ba="1,0" sc="250,-15,276,15,273,15,201,-15" hai1="52,53,58,62,65,87,95" hai2="36,37,44,55,90,93,98" /><INIT seed="1,2,0,4,2,98" ten="235,291,288,186" oya="1" hai0="11,106,49,74,7,13,88,21,77,123,117,58,42" hai1="92,131,95,38,110,8,104,132,85,71,51,114,10" hai2="20,50,29,33,133,26,122,36,89,62,99,120,30" hai3="43,24,70,56,18,75,3,0,121,90,6,57,65"/><U135/><E38/><V69/><F36/><W105/><G121/><T35/><D35/><U130/><E104/><V82/><F133/><N who="1" m="51273" /><E71/><V124/><F124/><W78/><G105/><T91/><D117/><U80/><E114/><V108/><F108/><W68/><G43/><T76/><D123/><U1/><E110/><V22/><F50/><W101/><G101/><T2/><D106/><U52/><E92/><V96/><F33/><W17/><G90/><N who="0" m="34347" /><D2/><U48/><E95/><V44/><F44/><W5/><G78/><N who="0" m="30315" /><D74/><U119/><E119/><V28/><F96/><W107/><G107/><T134/><D134/><U109/><E109/><V112/><F112/><W128/><G24/><T72/><D72/><U27/><E1/><V16/><F120/><W53/><G75/><T39/><D21/><U94/><E94/><N who="2" m="56783" /><F122/><W47/><G47/><N who="0" m="25847" /><D39/><U41/><E10/><V84/><F69/><W83/><G68/><T34/><D34/><U100/><E8/><V61/><F22/><W25/><G70/><T60/><D58/><N who="1" m="33031" /><E27/><V125/><F125/><W54/><G25/><T9/><D9/><U32/><E32/><V115/><F115/><W19/><G3/><T12/><D12/><U4/><E4/><V102/><F84/><W113/><G0/><T86/><D86/><U55/><E85/><V15/><F82/><W23/><G83/><T79/><N who="0" m="30323" /><T14/><DORA hai="37" /><D14/><U118/><E80/><V81/><F81/><W40/><G113/><T45/><D45/><N who="1" m="26031" /><E118/><V111/><F111/><W103/><G23/><T64/><D64/><U46/><E46/><V93/><F26/><RYUUKYOKU ba="2,0" sc="235,15,291,-15,288,15,186,-15" hai0="7,11,13,60" hai2="15,16,20,28,29,30,61,62,93,102" /><INIT seed="2,3,0,4,2,17" ten="250,276,303,171" oya="2" hai0="35,24,21,67,5,114,34,113,64,39,116,81,50" hai1="6,89,82,33,18,65,66,130,134,56,12,2,129" hai2="63,94,105,46,38,83,0,124,10,92,1,87,115" hai3="41,61,69,8,14,52,57,98,47,99,118,15,70"/><V42/><F105/><W101/><G118/><T30/><D39/><U76/><E33/><V37/><F115/><W60/><G98/><T27/><D116/><U133/><E2/><V26/><F38/><W110/><G110/><T23/><D81/><U96/><E6/><V104/><F104/><W78/><G14/><T28/><D50/><U95/><E56/><V43/><F124/><W127/><G127/><T97/><D97/><U106/><E106/><V91/><F43/><W54/><G61/><T48/><D48/><U125/><E125/><V121/><F121/><W108/><G78/><T19/><D5/><U80/><E66/><V77/><F63/><W32/><G32/><T85/><D85/><N who="1" m="50343" /><E65/><V3/><F26/><W109/><G109/><T112/><D112/><U123/><E123/><V117/><F117/><W122/><G54/><T7/><D7/><U126/><E126/><V58/><F58/><W22/><G108/><T75/><D19/><U59/><E59/><V55/><F55/><W11/><G122/><T93/><D93/><U103/><E18/><V74/><F94/><N who="3" m="58615" /><G70/><T4/><D4/><AGARI ba="3,0" hai="0,1,3,4,10,37,42,46,74,77,83,87,91,92" machi="4" ten="40,3900,0" yaku="25,2" doraHai="17" who="2" fromWho="0" sc="250,-48,276,0,303,48,171,0" /><INIT seed="2,4,0,3,5,128" ten="202,276,351,171" oya="2" hai0="41,46,66,111,99,94,101,69,133,132,72,24,74" hai1="92,73,4,79,122,106,19,49,77,64,35,118,102" hai2="42,13,31,125,63,131,76,30,123,34,18,21,9" hai3="10,16,15,129,80,6,75,109,124,71,91,121,22"/><V116/><F123/><W88/><G121/><T108/><D24/><U119/><E122/><V12/><F116/><W127/><G71/><T29/><D29/><U82/><E79/><V100/><F125/><N who="3" m="48203" /><G109/><N who="0" m="42059" /><D66/><U113/><E106/><V97/><F34/><W58/><G58/><T126/><D69/><U103/><E49/><V28/><F42/><W89/><G129/><T36/><D126/><U52/><E64/><V25/><F76/><N who="3" m="44063" /><G91/><T50/><D36/><U43/><E35/><V105/><F131/><W27/><AGARI ba="4,0" hai="6,10,15,16,22,27,88,89" m="44063,48203" machi="27" ten="30,4000,0" yaku="18,1,54,2" doraHai="128" who="3" fromWho="3" sc="202,-14,276,-14,351,-24,171,52" /><INIT seed="3,0,0,4,5,72" ten="188,262,327,223" oya="3" hai0="58,52,44,133,36,23,104,28,12,7,51,38,84" hai1="42,135,128,98,59,117,26,10,118,9,45,32,4" hai2="11,129,57,77,131,17,53,70,43,88,90,16,86" hai3="132,63,20,85,3,33,121,96,102,24,134,30,122"/><W60/><G3/><T114/><D104/><U79/><E135/><N who="3" m="51754" /><G33/><T61/><D133/><U113/><E128/><N who="2" m="49227" /><F70/><W46/><G46/><T111/><D111/><U64/><E113/><V50/><F43/><W116/><G85/><T94/><D114/><U110/><E79/><V8/><F77/><W25/><G25/><T41/><D94/><U55/><E64/><V62/><F62/><N who="3" m="23595" /><G116/><N who="1" m="44650" /><E98/><V31/><F31/><W91/><G91/><N who="2" m="34857" /><F86/><W78/><G78/><T89/><D89/><U127/><E127/><V123/><F123/><W69/><G69/><T73/><D73/><U103/><E110/><V83/><F83/><W80/><G80/><T21/><D84/><U105/><E4/><V19/><AGARI ba="0,0" hai="8,11,16,17,19,50,53,57" m="34857,49227" machi="19" ten="40,5200,0" yaku="19,1,54,2" doraHai="72" who="2" fromWho="2" sc="188,-13,262,-13,327,52,223,-26" owari="175,-32.0,249,5.0,379,47.0,197,-20.0" /></mjloggm>