<mjloggm ver="2.3"><GO type="169" lobby="0"/><UN n0="%54%44%4E%34%38" n1="%E3%82%A6%E3%83%AB%E3%83%88%E3%83%A9%E7%AB%8B%E7%9B%B4" n2="%73%73%74%61%72%6F" n3="%E9%9B%80%E9%BE%8D%E9%96%80%5F%59%75%74%69" dan="17,17,18,16" rate="2154.06,2145.79,2150.94,2128.08" sx="M,M,M,M"/><TAIKYOKU oya="0"/><INIT seed="0,0,0,4,1,72" ten="250,250,250,250" oya="0" hai0="130,17,120,123,21,27,32,75,113,103,22,110,13" hai1="92,55,29,118,33,7,3,96,74,83,131,59,35" hai2="76,127,101,81,91,5,78,58,117,57,129,133,34" hai3="23,63,30,126,107,15,26,77,106,4,60,1,89"/><T40/><D75/><U53/><E118/><V88/><F117/><W45/><G1/><T37/><D113/><U125/><E125/><V86/><F127/><W121/><G126/><T18/><D103/><U0/><E131/><V2/><F34/><W6/><G107/><T99/><D99/><U44/><E44/><V49/><F101/><W135/><G106/><T14/><D40/><U97/><E29/><V12/><F2/><W94/><G135/><T105/><D105/><U132/><E59/><N who="2" m="22539" /><F129/><W85/><G121/><N who="0" m="46667" /><D37/><U50/><E50/><V128/><F128/><W82/><G45/><T39/><D39/><U65/><E65/><V31/><F133/><W122/><G122/><T119/><D119/><U84/><E132/><V28/><F49/><W25/><G25/><T114/><D114/><U52/><E74/><V62/><F62/><N who="3" m="23595" /><G15/><T8/><D130/><U16/><E0/><V124/><F124/><W87/><AGARI ba="0,0" hai="4,6,23,26,30,77,82,85,87,89,94" m="23595" machi="87" ten="30,2000,0" yaku="8,1,52,1" doraHai="72" who="3" fromWho="3" sc="250,-10,250,-5,250,-5,250,20" /><INIT seed="1,0,0,4,5,35" ten="240,245,245,270" oya="1" hai0="67,36,126,82,4,92,57,113,120,84,75,50,14" hai1="24,63,5,133,108,76,26,111,45,3,17,85,53" hai2="98,131,105,73,74,51,21,1,60,22,122,83,79" hai3="124,13,103,127,42,81,32,119,23,128,15,0,96"/><U16/><E76/><V8/><F122/><W77/><G32/><T39/><D113/><U130/><E85/><V104/><F74/><N who="3" m="43191" /><G128/><T78/><D126/><N who="3" m="48169" /><G119/><T25/><D120/><U129/><E45/><V11/><F131/><N who="1" m="50185" /><E53/><V7/><F51/><W110/><G110/><N who="1" m="42026" /><E63/><V90/><F11/><W43/><G0/><T47/><D25/><N who="1" m="9835" /><E133/><V106/><F60/><W2/><G43/><T33/><D39/><U58/><E58/><V116/><F116/><W100/><G42/><T52/><D36/><U123/><E123/><V9/><F90/><W99/><G100/><T97/><D75/><U109/><N who="1" m="42034" /><U29/><DORA hai="95" /><E29/><V12/><REACH who="2" step="1"/><F98/><REACH who="2" ten="240,245,235,270" step="2"/><W30/><G96/><T86/><D97/><U61/><E61/><V89/><F89/><W48/><G99/><T59/><D50/><U34/><E34/><V107/><N who="2" m="26624" /><DORA hai="20" /><V19/><AGARI ba="0,1" hai="1,7,8,9,12,19,21,22,73,79,83" m="26624" machi="19" ten="60,8000,1" yaku="1,1,4,1,0,1,52,1,53,0" doraHai="35,95,20" doraHaiUra="46,71,70" who="2" fromWho="2" sc="240,-20,245,-40,235,90,270,-20" /><INIT seed="2,0,0,4,2,54" ten="220,205,325,250" oya="2" hai0="124,84,94,42,13,60,115,83,121,135,62,29,92" hai1="82,18,22,75,15,101,111,126,57,49,23,81,85" hai2="25,96,109,27,37,102,93,10,3,107,20,123,39" hai3="112,58,97,118,5,114,17,122,4,132,76,64,127"/><V35/><F123/><W6/><G122/><T61/><D121/><U120/><E126/><V133/><F133/><W14/><G118/><T130/><D115/><N who="3" m="44073" /><G127/><T119/><D124/><U134/><E111/><V89/><F109/><W106/><G132/><T48/><D119/><U34/><E134/><V36/><F35/><W77/><G106/><T131/><D135/><U100/><E34/><V105/><F27/><W95/><G64/><T70/><D70/><U31/><E120/><V7/><REACH who="2" step="1"/><F102/><REACH who="2" ten="220,205,315,250" step="2"/><N who="3" m="60735" /><G58/><T117/><D117/><U56/><E101/><V24/><F24/><W38/><G38/><T71/><D71/><U26/><E100/><V79/><F79/><W59/><G59/><T103/><D103/><U2/><E49/><V28/><AGARI ba="0,1" hai="3,7,10,20,25,28,36,37,39,89,93,96,105,107" machi="28" ten="30,6000,0" yaku="1,1,0,1,53,1" doraHai="54" doraHaiUra="91" who="2" fromWho="2" sc="220,-20,205,-20,315,70,250,-20" /><INIT seed="2,1,0,1,5,16" ten="200,185,385,230" oya="2" hai0="103,94,126,17,18,107,13,106,104,127,67,131,57" hai1="117,85,2,92,93,98,128,40,60,9,39,87,114" hai2="96,21,45,38,123,119,95,22,34,23,105,91,24" hai3="51,125,124,59,73,88,6,84,132,71,83,36,113"/><V64/><F123/><W35/><G71/><T12/><D57/><U68/><E117/><V4/><F119/><W72/><G36/><T79/><D94/><U99/><E114/><V80/><F105/><W78/><G35/><T29/><D67/><U116/><E116/><V0/><F64/><W74/><G6/><T61/><D29/><U32/><E32/><V14/><F0/><W11/><G11/><T121/><D79/><U130/><E40/><V27/><F34/><W110/><G113/><T75/><D103/><U62/><E9/><N who="2" m="4391" /><F38/><W43/><G110/><T112/><D61/><U70/><REACH who="1" step="1"/><E39/><REACH who="1" ten="200,175,385,230" step="2"/><V55/><F80/><N who="3" m="49159" /><G43/><T63/><D112/><U41/><E41/><V1/><F1/><AGARI ba="1,1" hai="1,2,60,62,68,70,85,87,92,93,98,99,128,130" machi="1" ten="25,3200,0" yaku="1,1,22,2,53,0" doraHai="16" doraHaiUra="8" who="1" fromWho="2" sc="200,0,175,45,385,-35,230,0" /><INIT seed="3,0,0,4,3,79" ten="200,220,350,230" oya="3" hai0="38,92,89,12,83,106,13,126,46,61,47,132,58" hai1="69,131,119,86,72,116,118,10,34,82,133,8,80" hai2="6,37,51,67,53,94,3,40,111,36,100,62,26" hai3="104,23,65,95,85,44,110,71,109,68,49,5,122"/><W124/><G122/><T96/><D106/><U28/><E69/><N who="3" m="26698" /><G104/><T107/><D107/><U39/><E39/><V64/><F6/><W41/><G5/><T70/><D70/><U101/><E101/><V97/><F3/><W76/><G23/><T129/><D129/><U0/><E131/><V29/><F111/><N who="3" m="42507" /><G65/><T9/><D132/><U25/><E133/><V117/><F117/><W73/><G124/><T66/><D126/><U16/><E0/><V120/><F120/><W93/><G73/><T123/><D123/><U108/><E108/><V20/><F40/><W14/><G14/><T114/><D114/><U112/><E112/><V2/><F2/><W27/><G27/><T30/><D30/><U128/><E128/><V42/><F42/><W125/><G125/><T91/><D38/><U45/><E16/><V48/><F37/><W11/><G11/><T77/><D91/><U75/><E75/><V32/><F36/><W103/><G103/><T24/><D24/><U102/><E102/><V1/><F1/><W55/><G41/><T63/><D12/><U113/><E113/><V74/><F74/><W15/><G15/><T98/><D98/><U99/><E99/><V134/><F134/><W7/><G7/><T33/><D33/><U135/><E135/><V121/><F32/><W81/><AGARI ba="0,0" hai="44,49,55,76,81,85,93,95" m="42507,26698" machi="81" ten="40,7800,0" yaku="14,1,10,1,52,1" doraHai="79" who="3" fromWho="3" sc="200,-26,220,-26,350,-26,230,78" /><INIT seed="3,1,0,1,4,35" ten="174,194,324,308" oya="3" hai0="22,44,75,58,68,10,119,127,23,134,78,90,79" hai1="107,7,1,109,97,87,13,122,67,135,9,21,69" hai2="6,37,92,130,76,41,34,132,18,100,17,12,11" hai3="48,114,128,42,54,95,101,116,103,94,65,108,0"/><W57/><G116/><T110/><D119/><U112/><E122/><V64/><F34/><W8/><G114/><T53/><D68/><U33/><E112/><V91/><F100/><N who="3" m="38475" /><G0/><T129/><D110/><U27/><E109/><V74/><F64/><W56/><G108/><T72/><D134/><U117/><E117/><V93/><F132/><W30/><G128/><T25/><D127/><U125/><E125/><V15/><F130/><W70/><G70/><T49/><D129/><U84/><E135/><V50/><F37/><W99/><G30/><T29/><D10/><U86/><E97/><V46/><F6/><W55/><G65/><T89/><D72/><U83/><E107/><V40/><F40/><W102/><G42/><T121/><D121/><U43/><E43/><V2/><F2/><W82/><G8/><T120/><D120/><U81/><E67/><V51/><F51/><N who="3" m="30815" /><G95/><T80/><D78/><U88/><E69/><V105/><F105/><W131/><G131/><T118/><D118/><U31/><REACH who="1" step="1"/><E88/><REACH who="1" ten="174,184,324,308" step="2"/><V26/><F91/><W96/><G96/><T98/><D98/><U63/><E63/><V28/><F41/><W106/><G106/><T123/><D123/><U115/><E115/><V62/><F62/><W4/><G82/><T47/><D90/><U133/><E133/><V66/><F66/><W38/><G38/><T113/><D89/><U124/><E124/><V126/><F126/><W85/><G85/><T3/><D113/><U14/><E14/><V111/><F15/><W20/><G99/><T36/><D36/><U77/><E77/><V52/><F76/><RYUUKYOKU ba="1,1" sc="174,-10,184,30,324,-10,308,-10" hai1="1,7,9,13,21,27,31,33,81,83,84,86,87" /><INIT seed="4,2,1,1,0,75" ten="164,214,314,298" oya="0" hai0="76,79,48,135,1,32,31,68,128,102,122,92,25" hai1="43,59,53,9,14,20,91,132,4,67,97,3,26" hai2="66,107,13,124,12,110,106,90,37,11,127,113,81" hai3="88,47,77,28,2,105,93,100,114,63,10,44,55"/><T33/><D122/><U89/><E132/><V74/><F110/><W133/><G133/><T61/><D135/><U16/><E67/><V119/><F37/><W69/><G114/><T45/><D1/><U38/><E38/><V7/><F113/><W103/><G2/><T120/><D120/><U21/><E43/><V116/><F66/><W125/><G105/><N who="2" m="39945" /><F13/><W73/><G125/><N who="2" m="48201" /><F74/><W60/><G69/><T117/><D117/><U85/><E97/><V86/><AGARI ba="2,1" hai="7,11,12,81,86,90,116,119" m="48201,39945" machi="86" ten="40,1500,0" yaku="18,1" doraHai="75" who="2" fromWho="2" sc="164,-9,214,-6,314,31,298,-6" /><INIT seed="5,0,0,1,2,33" ten="155,208,345,292" oya="1" hai0="117,49,125,12,46,30,37,84,1,34,124,7,87" hai1="109,131,32,89,2,123,116,54,61,93,36,90,85" hai2="58,43,17,107,114,106,4,115,83,52,10,101,74" hai3="29,86,22,41,134,60,21,64,53,135,105,69,118"/><U28/><E116/><V70/><F70/><W75/><G75/><T39/><D117/><U67/><E123/><V133/><F133/><N who="3" m="50699" /><G118/><T31/><D39/><U15/><E131/><V0/><F43/><W92/><G105/><T23/><D37/><U77/><E109/><V35/><F35/><W8/><G29/><T63/><D63/><U128/><E128/><V127/><F127/><N who="0" m="48714" /><D34/><U126/><E126/><V80/><F17/><W72/><G72/><T16/><D31/><U40/><E77/><N who="2" m="44087" /><F83/><W100/><G41/><N who="0" m="24783" /><D30/><U119/><E119/><V38/><F38/><W122/><G122/><T14/><D14/><U11/><E28/><V104/><F101/><W48/><G8/><AGARI ba="0,0" hai="1,7,8,12,16,23,84,87" m="24783,48714" machi="8" ten="30,3900,0" yaku="18,1,52,1,54,1" doraHai="33" who="0" fromWho="3" sc="155,39,208,0,345,0,292,-39" /><INIT seed="6,0,0,1,3,3" ten="194,208,345,253" oya="2" hai0="17,63,42,46,103,98,112,131,13,31,2,66,7" hai1="86,65,113,33,127,91,96,20,120,28,50,60,115" hai2="47,71,89,10,79,121,6,59,55,124,11,36,61" hai3="62,82,106,130,69,49,25,24,80,93,39,52,37"/><V114/><F121/><W101/><G106/><T125/><D31/><U81/><E127/><V118/><F118/><W4/><G130/><T15/><D131/><U92/><E33/><V68/><F124/><W107/><G107/><T43/><D125/><U9/><E120/><V32/><F32/><W75/><G75/><T64/><D112/><U44/><E9/><V78/><F114/><W129/><G39/><T12/><D2/><U56/><E20/><V35/><F35/><W123/><G37/><T122/><D122/><U119/><E28/><V90/><F11/><W45/><G129/><T73/><D73/><U26/><E26/><N who="3" m="10346" /><G69/><T40/><D46/><U97/><E97/><V67/><F78/><W104/><G104/><T95/><D17/><U128/><E128/><V111/><F79/><W30/><G30/><T51/><D51/><U21/><E21/><V94/><F111/><W22/><G22/><T77/><D77/><U54/><REACH who="1" step="1"/><E119/><REACH who="1" ten="194,198,345,253" step="2"/><V70/><F10/><W16/><G123/><T76/><D76/><AGARI ba="0,1" hai="44,50,54,56,60,65,76,81,86,91,92,96,113,115" machi="76" ten="40,5200,0" yaku="1,1,2,1,53,1" doraHai="3" doraHaiUra="84" who="1" fromWho="0" sc="194,-52,198,62,345,0,253,0" /><INIT seed="7,0,0,2,3,2" ten="142,260,345,253" oya="3" hai0="110,26,4,17,54,98,46,45,100,40,67,3,29" hai1="51,114,93,80,73,48,49,57,8,107,101,85,70" hai2="52,133,9,90,89,123,74,69,61,20,102,12,38" hai3="120,97,99,91,124,21,24,72,53,47,126,68,37"/><W5/><G120/><T113/><D110/><U11/><E70/><V34/><F34/><W56/><G68/><T44/><D113/><U119/><E119/><V105/><F38/><W7/><G72/><T14/><D67/><U60/><E107/><V33/><F33/><W132/><G132/><T95/><D54/><N who="1" m="33847" /><E73/><V135/><F74/><W78/><G78/><T111/><D111/><U122/><E122/><V23/><F123/><W128/><G128/><T25/><D40/><U81/><E81/><V115/><F115/><W75/><G75/><T79/><D79/><N who="1" m="46239" /><E114/><V117/><F117/><W50/><G37/><T84/><D84/><U94/><E93/><V1/><F69/><W63/><G126/><T92/><D92/><U64/><E64/><V31/><F105/><W66/><G124/><T83/><D83/><U58/><E58/><V88/><F135/><W129/><G129/><T6/><D3/><U59/><E59/><V109/><F1/><W130/><G130/><T32/><REACH who="0" step="1"/><D26/><REACH who="0" ten="132,260,345,253" step="2"/><U86/><E86/><V65/><F109/><W42/><G42/><T22/><AGARI ba="0,1" hai="4,6,14,17,22,25,29,32,44,45,46,95,98,100" machi="22" ten="30,8000,1" yaku="1,1,2,1,0,1,52,2,53,0" doraHai="2" doraHaiUra="118" who="0" fromWho="0" sc="132,90,260,-20,345,-20,253,-40" owari="222,-18.0,240,4.0,325,43.0,213,-29.0" /></mjloggm>