<mjloggm ver="2.3"><GO type="169" lobby="0"/><UN n0="%E5%B0%B1%E6%B4%BB%E7%94%9F%40%E5%B7%9D%E6%9D%91%E8%BB%8D%E5%9B%A3" n1="%E3%83%89%E3%83%BC%E3%83%A0%E3%81%AE%E8%81%B7%E4%BA%BA" n2="%E3%82%A2%E3%83%95%E3%83%AA%E3%82%AB" n3="%73%68%61%6F" dan="16,18,17,17" rate="2101.36,2291.51,2111.79,2211.58" sx="M,M,M,M"/><TAIKYOKU oya="0"/><INIT seed="0,0,0,0,2,43" ten="250,250,250,250" oya="0" hai0="132,17,101,35,81,45,134,102,73,129,12,47,104" hai1="36,87,9,108,127,83,22,33,117,100,37,64,107" hai2="114,94,96,119,95,113,115,56,55,78,88,131,24" hai3="39,63,59,65,75,135,122,5,133,18,60,32,90"/><T15/><D35/><U20/><E117/><V46/><F119/><W103/><G75/><T97/><D129/><U3/><E33/><V29/><F131/><W70/><G32/><T89/><D102/><U54/><E127/><V23/><F78/><W72/><G72/><T4/><D4/><U126/><E126/><V130/><F130/><W99/><G39/><T26/><D26/><U92/><E107/><V80/><F80/><W109/><G5/><T111/><D15/><U58/><E64/><V19/><F95/><W34/><G90/><T77/><D89/><U128/><E128/><V31/><REACH who="2" step="1"/><F46/><REACH who="2" ten="250,250,240,250" step="2"/><W25/><G122/><T48/><D111/><U14/><E108/><V7/><F7/><W125/><G109/><T112/><D112/><U57/><E92/><V62/><AGARI ba="0,1" hai="19,23,24,29,31,55,56,62,88,94,96,113,114,115" machi="62" ten="30,8000,1" yaku="1,1,0,1,25,2,54,1,53,0" doraHai="43" doraHaiUra="105" who="2" fromWho="2" sc="250,-40,250,-20,240,90,250,-20" /><INIT seed="1,0,0,1,2,84" ten="210,230,330,230" oya="1" hai0="106,30,26,73,62,103,79,116,68,4,87,23,85" hai1="95,102,121,28,46,63,123,43,93,19,0,38,125" hai2="16,33,39,12,20,92,14,94,36,83,22,15,21" hai3="48,61,100,122,34,51,105,113,8,89,13,75,35"/><U133/><E0/><V108/><F33/><W80/><G113/><T97/><D116/><U42/><E133/><V2/><F2/><W9/><G122/><T41/><D41/><U90/><E42/><V40/><F40/><W65/><G9/><T99/><D4/><U118/><E118/><V114/><F114/><W55/><G75/><T67/><D73/><U119/><E119/><V107/><F107/><W128/><G128/><T31/><D79/><U6/><E6/><V132/><F132/><W111/><G111/><T5/><D5/><U18/><E125/><V104/><F104/><W109/><G100/><T115/><D115/><U101/><E28/><V117/><F117/><W37/><G37/><T47/><D47/><U53/><E101/><V135/><F135/><W134/><G51/><T44/><D44/><U11/><E95/><N who="2" m="36395" /><F108/><W64/><G105/><T27/><REACH who="0" step="1"/><D97/><REACH who="0" ten="200,230,330,230" step="2"/><U127/><E127/><V124/><F124/><W10/><G134/><T25/><D25/><U81/><E121/><V49/><F39/><W70/><G109/><T91/><D91/><U59/><E123/><V32/><F36/><W56/><G89/><T112/><D112/><U52/><E90/><V98/><F98/><W50/><G80/><T78/><D78/><U129/><E81/><V66/><F83/><W76/><G76/><T77/><D77/><U126/><E126/><V74/><F74/><W86/><G86/><T17/><D17/><U58/><E19/><V71/><F16/><W110/><G110/><T45/><D45/><U88/><E18/><V7/><F7/><W120/><G120/><RYUUKYOKU ba="0,1" sc="200,30,230,-10,330,-10,230,-10" hai0="23,26,27,30,31,62,67,68,85,87,99,103,106" /><INIT seed="2,1,1,1,3,13" ten="230,220,320,220" oya="2" hai0="12,40,54,59,47,33,70,116,97,44,134,114,2" hai1="112,48,26,132,60,106,73,22,18,51,37,133,121" hai2="109,126,88,98,83,117,62,36,31,4,66,38,34" hai3="90,69,107,127,64,55,41,85,6,1,101,32,99"/><V95/><F117/><W72/><G72/><T111/><D2/><U42/><E112/><V5/><F126/><W75/><G75/><T24/><D70/><U11/><E73/><V46/><F109/><W50/><G41/><T128/><D111/><U120/><E106/><V124/><F124/><W28/><G6/><T92/><D128/><U52/><E37/><V108/><F108/><W135/><G1/><T93/><D134/><N who="1" m="51819" /><E11/><V82/><F38/><W17/><G127/><T49/><D114/><U80/><E80/><V15/><F5/><W110/><G28/><T105/><D116/><U43/><E60/><V68/><F31/><W77/><G32/><T16/><D105/><U58/><E48/><V84/><F34/><W94/><G77/><T129/><D129/><U30/><E30/><V86/><F36/><W9/><G110/><T8/><D33/><U25/><E25/><V14/><F4/><W27/><G135/><T87/><D24/><U113/><E113/><V89/><REACH who="2" step="1"/><F46/><REACH who="2" ten="230,220,310,220" step="2"/><W71/><G64/><T56/><D47/><U103/><E103/><AGARI ba="1,2" hai="14,15,62,66,68,82,83,84,86,88,89,95,98,103" machi="103" ten="30,12000,1" yaku="1,1,2,1,7,1,9,1,54,1,53,0" doraHai="13" doraHaiUra="0" who="2" fromWho="1" sc="230,0,220,-123,310,143,220,0" /><INIT seed="2,2,0,5,0,74" ten="230,97,453,220" oya="2" hai0="99,7,76,84,93,27,101,10,120,49,77,127,68" hai1="51,54,53,38,64,17,56,65,134,62,102,44,18" hai2="11,3,16,103,41,1,43,118,46,31,106,23,26" hai3="115,12,109,85,8,40,88,57,63,2,124,22,95"/><V75/><F118/><W5/><G109/><T30/><D68/><N who="1" m="42007" /><E102/><V28/><F75/><W21/><G115/><T91/><D120/><U15/><E15/><V66/><F66/><W90/><G40/><T29/><D127/><U79/><E79/><N who="0" m="30281" /><D27/><U69/><E17/><V58/><F58/><W100/><G100/><T81/><D49/><N who="1" m="30799" /><E18/><V130/><F130/><W39/><G39/><T71/><D71/><U59/><E134/><V116/><F116/><W19/><G124/><T82/><D82/><U104/><E104/><V86/><F43/><W34/><G34/><T87/><D87/><U98/><E98/><V6/><F3/><W117/><G117/><T105/><D105/><U52/><E69/><V108/><F86/><W55/><G90/><T83/><D81/><U107/><E107/><V78/><F78/><W61/><G22/><T14/><AGARI ba="2,0" hai="7,10,14,29,30,83,84,91,93,99,101" m="30281" machi="14" ten="30,7900,0" yaku="8,1,52,3" doraHai="74" who="0" fromWho="0" sc="230,85,97,-22,453,-41,220,-22" /><INIT seed="3,0,0,4,5,26" ten="315,75,412,198" oya="3" hai0="125,11,33,99,115,18,95,12,96,116,98,44,102" hai1="53,88,70,113,79,48,94,51,25,133,120,117,50" hai2="106,134,3,7,24,74,129,13,61,46,57,105,5" hai3="20,21,52,1,86,35,64,66,121,14,71,114,32"/><W47/><G1/><T77/><D116/><U97/><E120/><V126/><F74/><W82/><G114/><T63/><D115/><U135/><E113/><V60/><F3/><W68/><G121/><T27/><D125/><U127/><E117/><V65/><F126/><W43/><G43/><T72/><D72/><U22/><E127/><V0/><F0/><W83/><G86/><T78/><D33/><U2/><E2/><V59/><F129/><W54/><G14/><T31/><D44/><AGARI ba="0,0" hai="20,21,32,35,44,47,52,54,64,66,68,71,82,83" machi="44" ten="25,4800,0" yaku="22,2,54,1" doraHai="26" who="3" fromWho="0" sc="315,-48,75,0,412,0,198,48" /><INIT seed="3,1,0,3,4,114" ten="267,75,412,246" oya="3" hai0="96,51,59,72,28,10,113,116,44,107,82,125,95" hai1="129,55,83,84,18,76,19,98,60,31,29,12,17" hai2="126,9,119,36,53,23,38,5,33,30,133,74,128" hai3="71,69,93,106,92,40,80,109,87,39,90,62,45"/><W118/><G106/><T102/><D113/><U56/><E129/><V24/><F128/><W117/><G109/><T66/><D125/><U42/><E42/><V122/><F126/><W26/><G26/><T34/><D34/><U11/><REACH who="1" step="1"/><E98/><REACH who="1" ten="267,65,412,246" step="2"/><V70/><F122/><W46/><G46/><T127/><D44/><U88/><E88/><V85/><F38/><W16/><G45/><T27/><D96/><U100/><E100/><V108/><F36/><W131/><G40/><T134/><D102/><U50/><E50/><V104/><F108/><W135/><G39/><T65/><D51/><U57/><E57/><V81/><F70/><W75/><G71/><T20/><D59/><U86/><E86/><V89/><F89/><W6/><G131/><T124/><D127/><U73/><E73/><V58/><F85/><W21/><G75/><T1/><D72/><U8/><E8/><V97/><F9/><W121/><G121/><T123/><D10/><U79/><E79/><V54/><F97/><W61/><G69/><T37/><D123/><U4/><AGARI ba="1,1" hai="4,11,12,17,18,19,29,31,55,56,60,76,83,84" machi="4" ten="30,4000,0" yaku="1,1,0,1,8,1,53,0" doraHai="114" doraHaiUra="22" who="1" fromWho="1" sc="267,-11,65,53,412,-11,246,-21" /><INIT seed="4,0,0,0,4,21" ten="256,118,401,225" oya="0" hai0="3,98,58,103,63,12,130,91,127,10,85,132,56" hai1="133,28,124,20,30,17,6,4,100,126,24,87,43" hai2="79,2,54,74,13,8,92,26,117,93,135,78,107" hai3="59,120,106,102,11,40,34,83,5,39,60,96,81"/><T29/><D3/><U99/><E43/><V129/><F107/><W66/><G120/><T94/><D130/><U128/><E87/><V72/><F2/><W1/><G39/><T46/><D132/><U44/><E44/><V112/><F129/><W76/><G40/><T7/><D127/><N who="1" m="48683" /><E99/><V131/><F131/><W86/><G83/><T23/><D46/><U42/><E42/><V134/><F54/><W114/><G114/><T52/><D58/><U67/><E67/><V51/><F51/><W104/><G34/><T82/><D23/><U69/><E100/><V38/><F112/><W108/><G108/><T116/><D116/><U95/><E95/><AGARI ba="0,0" hai="1,5,11,59,60,66,76,81,86,95,96,102,104,106" machi="95" ten="30,1000,0" yaku="7,1" doraHai="21" who="3" fromWho="1" sc="256,0,118,-10,401,0,225,10" /><INIT seed="5,0,0,0,3,93" ten="256,108,401,235" oya="1" hai0="98,121,27,6,116,96,47,83,3,1,81,91,128" hai1="25,120,87,8,74,29,97,34,95,82,49,88,45" hai2="15,40,103,18,73,5,86,102,79,59,28,125,4" hai3="123,58,57,100,84,52,26,48,85,72,32,11,9"/><U115/><E120/><V133/><F73/><W56/><G72/><T126/><D116/><U66/><E115/><V80/><F133/><W31/><G123/><T89/><D121/><U70/><E74/><V104/><F125/><W41/><G41/><T50/><D6/><N who="2" m="2666" /><F104/><W54/><G100/><T55/><D128/><U112/><E112/><V67/><F28/><W51/><G58/><T99/><D126/><U108/><E108/><V71/><F71/><W30/><G30/><T38/><D38/><U111/><E111/><V105/><F40/><W14/><G11/><T7/><D7/><AGARI ba="0,0" hai="7,9,14,26,31,32,48,51,52,54,56,57,84,85" machi="7" ten="30,3900,0" yaku="7,1,9,1,54,1" doraHai="93" who="3" fromWho="0" sc="256,-39,108,0,401,0,235,39" /><INIT seed="6,0,0,2,2,8" ten="217,108,401,274" oya="2" hai0="90,107,50,13,128,93,74,95,119,99,72,125,132" hai1="15,73,105,110,24,35,62,83,45,11,97,100,19" hai2="98,21,53,112,130,22,47,54,6,9,81,109,27" hai3="42,58,123,85,32,117,10,114,52,86,124,14,89"/><V64/><F109/><W88/><G32/><T12/><D107/><U118/><E118/><V4/><F112/><W38/><G117/><T0/><D0/><U71/><E110/><V116/><F116/><W23/><G123/><T18/><D119/><U103/><E103/><V82/><F130/><W101/><G101/><T36/><D36/><U91/><E45/><V96/><F64/><W39/><G42/><T135/><D125/><U80/><E73/><V87/><F27/><W55/><G23/><T69/><D69/><U56/><E91/><V79/><F9/><W134/><G114/><T92/><D128/><U65/><REACH who="1" step="1"/><E56/><REACH who="1" ten="217,98,401,274" step="2"/><V78/><F47/><W2/><G124/><T16/><D74/><U67/><E67/><V75/><F75/><W84/><G58/><T43/><D72/><U34/><E34/><V127/><F127/><W94/><G89/><T30/><D132/><U40/><E40/><V131/><F131/><W49/><G134/><T5/><D135/><U102/><E102/><V37/><F37/><W60/><G39/><T111/><D111/><U41/><E41/><V68/><F68/><W28/><G38/><T26/><D43/><U133/><E133/><V59/><F59/><W3/><G88/><T31/><D90/><U25/><E25/><V44/><F44/><W129/><G129/><T108/><D108/><U104/><E104/><V7/><F78/><W17/><G86/><T106/><D106/><U61/><E61/><V48/><F87/><W77/><G85/><T113/><D26/><U121/><E121/><V29/><F79/><W1/><G77/><RYUUKYOKU ba="0,1" sc="217,-10,98,30,401,-10,274,-10" hai1="11,15,19,24,35,62,65,71,80,83,97,100,105" /><INIT seed="7,1,1,1,1,56" ten="207,128,391,264" oya="3" hai0="95,36,65,7,130,67,64,133,105,99,96,45,60" hai1="81,129,120,87,9,12,39,63,55,52,47,109,35" hai2="111,69,125,74,116,110,86,17,92,29,101,124,123" hai3="4,78,72,98,70,113,85,0,71,104,118,51,11"/><W79/><G79/><T25/><D130/><U50/><E120/><V89/><F123/><W49/><G49/><T66/><D133/><U91/><E129/><V10/><F69/><W28/><G113/><T26/><D7/><U57/><E35/><V103/><F74/><W134/><G85/><T20/><D105/><U46/><E39/><V19/><F116/><W13/><G51/><T131/><D131/><U107/><E107/><V23/><F29/><W132/><G13/><T34/><D34/><U62/><E109/><V8/><F86/><W127/><G127/><T32/><D32/><U128/><E128/><V76/><F76/><W38/><G28/><T73/><D73/><U24/><E24/><V30/><F30/><W14/><G14/><T48/><D36/><U27/><E27/><N who="0" m="10249" /><D20/><U33/><E33/><V54/><F23/><W100/><G118/><T88/><D99/><U108/><E108/><V102/><F111/><W121/><G121/><T18/><D18/><N who="1" m="8463" /><E63/><V3/><F110/><W5/><G38/><T115/><D115/><U21/><E21/><V68/><F125/><W80/><G5/><T41/><D64/><U93/><E46/><V117/><F117/><W77/><G77/><T122/><D122/><U61/><E61/><AGARI ba="1,1" hai="41,45,48,60,61,65,66,67,88,95,96" m="10249" machi="61" ten="30,7700,0" yaku="8,1,52,2,54,1" doraHai="56" who="0" fromWho="1" sc="207,90,128,-80,391,0,264,0" owari="297,10.0,48,-45.0,391,49.0,264,-14.0" /></mjloggm>