<mjloggm ver="2.3"><GO type="169" lobby="0"/><UN n0="%E3%82%88%E3%81%86%E3%81%B8%E3%83%BC%58" n1="%E9%81%8A%E8%B5%B0" n2="%E4%BD%93%E8%82%B2%E9%A4%A8%E9%87%8E%E7%90%83%E9%83%A8%E5%93%A1" n3="%E3%82%A6%E3%83%AB%E3%83%88%E3%83%A9%E7%AB%8B%E7%9B%B4" dan="16,18,16,17" rate="2023.95,2243.87,2042.25,2181.80" sx="M,M,M,M"/><TAIKYOKU oya="0"/><INIT seed="0,0,0,0,3,49" ten="250,250,250,250" oya="0" hai0="4,83,88,127,70,85,120,34,111,101,60,94,71" hai1="18,38,84,63,103,73,132,86,72,67,135,91,123" hai2="33,126,10,75,125,74,99,79,129,30,102,81,2" hai3="3,7,32,55,119,17,69,89,80,21,42,22,50"/><T11/><D120/><U5/><E123/><V128/><F74/><W15/><G32/><T16/><D34/><U87/><E38/><V115/><F30/><W46/><G69/><T54/><D127/><N who="2" m="48650" /><F33/><W133/><G119/><T124/><D124/><U59/><E103/><V24/><F24/><W25/><G133/><N who="1" m="51274" /><E5/><N who="2" m="1335" /><F115/><W51/><G3/><T65/><D111/><U117/><E117/><V6/><F6/><W28/><G7/><T78/><D101/><U35/><E35/><V52/><F52/><W112/><G112/><T95/><D71/><U45/><E45/><V47/><F47/><N who="3" m="28159" /><G80/><T97/><D95/><AGARI ba="0,0" hai="75,79,81,95,99,102,128,129" m="1335,48650" machi="95" ten="30,1000,0" yaku="18,1" doraHai="49" who="2" fromWho="0" sc="250,-10,250,0,250,10,250,0" /><INIT seed="1,0,0,5,0,22" ten="240,250,260,250" oya="1" hai0="77,10,11,120,104,83,41,102,65,17,133,79,61" hai1="13,48,46,119,92,47,35,0,3,28,15,74,95" hai2="113,112,37,59,93,132,39,81,97,45,9,26,7" hai3="4,127,66,98,55,71,134,40,5,12,63,8,99"/><U23/><E74/><V42/><F132/><W36/><G134/><T32/><D133/><U73/><E73/><V94/><F81/><W1/><G127/><T96/><D120/><U19/><E119/><V82/><F82/><W89/><G89/><T90/><D32/><U117/><E117/><V121/><F39/><W16/><G5/><T78/><D41/><U125/><E125/><V31/><F59/><W131/><G131/><T38/><D38/><U101/><E35/><V54/><F54/><W21/><REACH who="3" step="1"/><G55/><REACH who="3" ten="240,250,260,240" step="2"/><T118/><D118/><U69/><E101/><V72/><F121/><W30/><G30/><T52/><D17/><U115/><E28/><V33/><F112/><W24/><G24/><T105/><D52/><U50/><E115/><V100/><F113/><W20/><G20/><T25/><D25/><U103/><E103/><V124/><F124/><W76/><G76/><T85/><REACH who="0" step="1"/><D105/><REACH who="0" ten="230,250,260,240" step="2"/><U2/><E19/><V87/><F26/><W27/><G27/><T107/><D107/><U6/><E6/><V67/><F31/><W126/><G126/><T18/><D18/><U68/><E0/><V56/><F33/><W116/><G116/><T111/><D111/><U14/><E14/><V123/><F7/><W58/><G58/><AGARI ba="0,2" hai="10,11,58,61,65,77,78,79,83,85,90,96,102,104" machi="58" ten="40,2600,0" yaku="1,1,53,1" doraHai="22" doraHaiUra="60" who="0" fromWho="3" sc="230,46,250,0,260,0,240,-26" /><INIT seed="2,0,0,1,4,91" ten="276,250,260,214" oya="2" hai0="59,62,116,118,37,48,128,17,127,21,35,132,13" hai1="11,20,88,60,104,84,78,47,51,125,30,105,42" hai2="72,94,18,111,110,130,25,119,61,46,14,114,126" hai3="19,73,65,49,123,32,33,55,41,122,77,2,3"/><V44/><F119/><N who="0" m="45610" /><D132/><U34/><E34/><V135/><F114/><W16/><G65/><N who="0" m="39135" /><D37/><U85/><E125/><V0/><F135/><W124/><G41/><T131/><D35/><N who="3" m="13385" /><G55/><T45/><D127/><U115/><E115/><V82/><F126/><W58/><G58/><T102/><D102/><U109/><E109/><N who="2" m="41483" /><F130/><W134/><G49/><T93/><D93/><U38/><E38/><V83/><F0/><N who="3" m="43" /><G77/><T24/><D24/><U28/><E78/><N who="2" m="44359" /><F25/><W31/><G73/><T98/><D98/><U81/><E84/><V64/><F83/><W66/><G66/><T43/><AGARI ba="0,0" hai="13,17,21,43,45,48,128,131" m="39135,45610" machi="43" ten="30,1100,0" yaku="12,1" doraHai="91" who="0" fromWho="0" sc="276,11,250,-3,260,-5,214,-3" /><INIT seed="3,0,0,5,4,9" ten="287,247,255,211" oya="3" hai0="5,84,7,114,86,63,15,14,70,58,19,91,113" hai1="73,89,121,118,44,126,22,80,72,24,64,39,40" hai2="12,79,28,46,131,52,92,112,23,74,31,71,20" hai3="43,8,103,130,106,30,32,38,75,111,105,78,68"/><W100/><G130/><T124/><D124/><U107/><E121/><V36/><F112/><N who="0" m="43114" /><D70/><U10/><E118/><V135/><F131/><W83/><G111/><T88/><D19/><U53/><E126/><V95/><F135/><W11/><G68/><T34/><D34/><U42/><E107/><V18/><F71/><W110/><G110/><T47/><D47/><U82/><E40/><V27/><F74/><W109/><G109/><T6/><D86/><U108/><E108/><V1/><F1/><W122/><G122/><T26/><D26/><U69/><E53/><V102/><F79/><W127/><G127/><T93/><D91/><U81/><E89/><V98/><F92/><W2/><G103/><T125/><D125/><U116/><E116/><V99/><F99/><W41/><G41/><T17/><D17/><U57/><E69/><V133/><F133/><W129/><G129/><T76/><D76/><U45/><E45/><V0/><F0/><W120/><G120/><T61/><D63/><U54/><E10/><N who="2" m="6423" /><F36/><W97/><G106/><T123/><D123/><U21/><E21/><N who="2" m="8267" /><F27/><N who="3" m="18527" /><G2/><T94/><D94/><U48/><REACH who="1" step="1"/><E64/><AGARI ba="0,0" hai="5,6,7,14,15,58,61,64,84,88,93" m="43114" machi="64" ten="30,7700,0" yaku="11,1,52,2,54,1" doraHai="9" who="0" fromWho="1" sc="287,77,247,-77,255,0,211,0" /><INIT seed="4,0,0,0,0,85" ten="364,170,255,211" oya="0" hai0="88,106,36,84,68,25,67,0,2,42,17,65,71" hai1="89,114,87,82,99,32,133,9,98,30,102,35,5" hai2="129,66,73,60,46,39,33,75,61,7,51,96,31" hai3="12,8,72,47,29,130,94,57,115,11,74,132,103"/><T113/><D106/><U4/><E133/><V126/><F39/><W50/><G132/><T69/><D42/><U22/><E114/><V28/><F126/><W63/><G115/><T40/><D113/><U18/><E30/><V109/><F109/><W45/><G130/><T131/><D131/><U105/><E99/><V125/><F125/><W134/><G134/><T108/><D40/><U111/><E111/><V64/><F129/><W93/><G29/><N who="2" m="11337" /><F73/><W116/><G116/><T112/><D36/><U19/><E19/><V91/><F75/><W122/><G122/><T123/><D123/><U120/><E120/><V1/><F1/><W76/><G50/><T83/><D108/><U135/><E135/><V78/><F78/><W92/><G103/><T16/><D17/><U70/><E70/><V121/><F7/><W59/><G76/><T49/><D112/><U118/><E118/><V21/><F33/><W53/><G74/><T3/><REACH who="0" step="1"/><D49/><REACH who="0" ten="354,170,255,211" step="2"/><U79/><E5/><V13/><F121/><W119/><G119/><T97/><D97/><U110/><E110/><V86/><F96/><W24/><G72/><T27/><D27/><U81/><E4/><V95/><F61/><N who="3" m="36015" /><G24/><T107/><D107/><U10/><E35/><V41/><F60/><W117/><G117/><T100/><D100/><U127/><E32/><V54/><F41/><W56/><G63/><T52/><D52/><U55/><E55/><V124/><F124/><W62/><G62/><T77/><D77/><U37/><E37/><V26/><F26/><W15/><G11/><T128/><D128/><U23/><E127/><RYUUKYOKU ba="0,1" sc="354,15,170,-15,255,15,211,-15" hai0="0,2,3,16,25,65,67,68,69,71,83,84,88" hai2="13,21,46,51,54,64,66,86,91,95" /><INIT seed="4,1,1,0,5,18" ten="369,155,270,196" oya="0" hai0="123,115,112,74,67,33,22,46,111,125,26,19,17" hai1="99,133,81,27,64,63,75,95,20,39,6,129,25" hai2="16,44,5,88,34,87,24,58,23,66,114,60,72" hai3="37,59,12,56,101,9,30,15,61,100,70,43,50"/><T117/><D123/><U131/><E39/><V13/><F72/><W94/><G70/><T119/><D74/><U89/><E6/><V109/><F109/><W45/><G30/><N who="0" m="19671" /><D67/><U96/><E133/><V103/><F114/><N who="0" m="43562" /><D111/><U0/><E0/><V80/><F34/><W73/><G73/><T69/><D69/><U14/><E99/><V124/><F124/><W126/><G126/><T79/><D79/><U21/><E14/><V97/><F44/><W29/><G29/><T28/><D46/><U120/><E120/><V122/><F122/><W32/><G32/><T90/><D90/><U92/><E92/><N who="2" m="58791" /><F5/><W85/><G59/><T113/><D113/><U102/><E27/><AGARI ba="1,1" hai="13,16,23,24,27,58,60,66,80,87,88" m="58791" machi="27" ten="30,7700,0" yaku="8,1,52,1,54,2" doraHai="18" who="2" fromWho="1" sc="369,0,155,-80,270,90,196,0" /><INIT seed="5,0,0,4,3,53" ten="369,75,360,196" oya="1" hai0="57,110,93,130,74,87,71,95,22,29,59,20,52" hai1="70,78,32,79,115,7,92,69,127,35,116,40,84" hai2="4,135,15,8,88,117,125,6,134,36,30,66,112" hai3="45,25,10,63,2,83,108,23,72,18,73,64,14"/><U119/><E127/><V55/><F117/><W113/><G108/><T61/><D110/><U38/><E7/><V13/><F125/><W114/><G45/><T100/><D74/><U5/><E5/><V58/><F66/><W1/><G1/><T41/><D71/><U3/><E92/><N who="0" m="35401" /><D41/><U82/><E3/><V111/><F111/><W81/><G2/><T123/><D29/><U96/><E96/><V54/><F36/><W34/><G34/><T132/><D100/><U129/><E129/><V50/><F30/><W90/><G90/><T75/><D75/><U26/><E115/><N who="3" m="44042" /><G83/><T77/><D130/><U44/><E78/><V122/><F122/><W56/><G81/><N who="0" m="47535" /><D132/><N who="2" m="50730" /><F112/><W109/><G109/><T68/><D68/><U104/><E104/><V0/><F6/><AGARI ba="0,0" hai="6,10,14,18,23,25,56,63,64,72,73" m="44042" machi="6" ten="30,2000,0" yaku="15,1,52,1" doraHai="53" who="3" fromWho="2" sc="369,0,75,0,360,-20,196,20" /><INIT seed="6,0,0,2,4,19" ten="369,75,340,216" oya="2" hai0="64,41,66,23,39,104,12,86,134,103,78,68,26" hai1="33,57,74,40,61,119,117,51,16,29,82,108,132" hai2="55,118,105,95,46,87,20,56,84,121,77,73,113" hai3="44,36,54,127,98,81,79,65,133,28,89,47,69"/><V4/><F105/><W122/><G122/><T50/><D39/><U59/><E108/><V62/><F121/><W5/><G127/><T94/><D68/><U27/><E132/><V14/><F118/><W91/><G47/><N who="0" m="25967" /><D104/><U13/><E40/><V88/><F73/><W21/><G65/><T25/><D12/><U34/><E34/><V72/><F72/><W125/><G69/><T116/><D134/><U52/><E74/><V42/><F113/><W129/><G129/><T1/><D1/><U71/><E71/><V49/><F77/><W15/><G98/><N who="0" m="59863" /><D26/><U6/><E6/><V3/><F3/><W93/><G93/><T114/><D114/><U102/><E82/><V90/><F4/><W80/><G80/><N who="0" m="47383" /><D116/><U9/><REACH who="1" step="1"/><E102/><REACH who="1" ten="369,65,340,216" step="2"/><V130/><F130/><W99/><G81/><T96/><D96/><U115/><E115/><V110/><F110/><W48/><G5/><T124/><D124/><U0/><E0/><V76/><F42/><W100/><G125/><T123/><D123/><U126/><E126/><V53/><F76/><W109/><G79/><T67/><D67/><AGARI ba="0,1" hai="9,13,16,27,29,33,51,52,57,59,61,67,117,119" machi="67" ten="30,7700,0" yaku="1,1,7,1,54,2,53,0" doraHai="19" doraHaiUra="97" who="1" fromWho="0" sc="369,-77,65,87,340,0,216,0" /><INIT seed="7,0,0,5,4,111" ten="292,152,340,216" oya="3" hai0="100,68,53,3,25,120,14,99,103,15,29,37,20" hai1="57,116,59,91,84,18,130,88,105,2,17,109,79" hai2="97,58,44,42,66,92,64,27,127,16,121,75,40" hai3="21,89,86,50,26,5,85,128,107,102,122,129,65"/><W60/><G122/><T19/><D120/><U135/><E109/><V106/><F106/><W62/><G5/><T104/><D3/><U6/><E135/><V34/><F121/><W72/><G72/><T90/><D37/><U32/><E105/><V73/><F127/><W110/><G110/><T101/><D68/><U76/><E32/><V117/><F117/><W119/><G119/><T41/><D41/><U49/><E116/><V0/><F0/><W24/><G102/><T96/><D15/><U124/><E124/><V132/><F132/><W48/><G107/><T78/><D78/><U123/><E123/><V31/><F16/><W63/><G65/><T36/><D36/><U93/><E130/><V4/><F4/><W43/><G43/><T46/><D46/><U51/><E2/><V69/><F69/><W74/><G74/><T77/><D77/><U114/><E6/><V71/><F71/><W10/><G10/><T11/><D53/><U30/><E114/><V95/><F42/><W13/><G13/><T8/><D8/><U81/><E30/><V35/><F35/><W28/><G26/><T9/><D9/><U133/><E133/><V80/><F66/><W39/><G39/><T113/><D113/><U1/><E1/><V45/><F75/><W125/><G125/><T12/><D12/><U126/><E126/><V22/><F34/><W61/><G129/><T131/><D131/><U118/><E118/><V54/><F64/><W108/><G128/><T87/><REACH who="0" step="1"/><D104/><REACH who="0" ten="282,152,340,216" step="2"/><U67/><E67/><V94/><F40/><W115/><N who="3" m="15360" /><DORA hai="38" /><W134/><G115/><RYUUKYOKU ba="0,1" sc="282,30,152,-10,340,-10,216,-10" hai0="11,14,19,20,25,29,87,90,96,99,100,101,103" owari="312,11.0,142,-36.0,340,44.0,206,-19.0" /></mjloggm>