<mjloggm ver="2.3"><GO type="225" lobby="0"/><UN n0="%E3%81%88%E3%82%8B%E3%81%9F%E3%81%9D" n1="%E3%83%88%E3%83%88%E3%83%AA%E5%85%88%E7%94%9F%31%39%E6%AD%B3" n2="%67%72%61%64%6C%69%6E%65" n3="%53%65%6E%61%72" dan="16,18,16,17" rate="2119.29,2260.50,2131.59,2126.74" sx="F,F,M,M"/><TAIKYOKU oya="0"/><INIT seed="0,0,0,0,1,86" ten="250,250,250,250" oya="0" hai0="32,26,47,80,110,90,101,95,65,1,6,44,93" hai1="10,51,49,43,39,135,16,118,46,56,131,82,53" hai2="111,114,29,77,84,7,85,62,63,58,92,91,126" hai3="66,133,115,83,54,119,5,12,55,79,132,14,42"/><T20/><D32/><U57/><E118/><V69/><F69/><W9/><G119/><T120/><D120/><U134/><E82/><N who="2" m="47183" /><F114/><W2/><G115/><T123/><D123/><U28/><E28/><V116/><F116/><W71/><G42/><T96/><D110/><U67/><E131/><V4/><F126/><W88/><G66/><T35/><D35/><U124/><E124/><V23/><F111/><W113/><G71/><T105/><D65/><U97/><E97/><V33/><F33/><W34/><G34/><T59/><D59/><U78/><E78/><V18/><F29/><W15/><G113/><T108/><D108/><U48/><E10/><V60/><F58/><W125/><G125/><T130/><D130/><U112/><E16/><V30/><F30/><W87/><REACH who="3" step="1"/><G79/><REACH who="3" ten="250,250,250,240" step="2"/><T89/><D105/><U100/><E112/><V31/><F31/><W21/><G21/><T129/><D20/><U17/><E67/><V128/><F128/><W109/><G109/><T45/><D129/><U73/><E43/><V27/><AGARI ba="0,1" hai="4,7,18,23,27,60,62,63,85,91,92" m="47183" machi="27" ten="30,2000,0" yaku="8,1,52,1" doraHai="86" who="2" fromWho="2" sc="250,-10,250,-5,250,30,240,-5" /><INIT seed="1,0,0,1,4,77" ten="240,245,280,235" oya="1" hai0="111,60,14,117,22,120,30,66,115,55,3,45,47" hai1="35,91,89,31,36,13,82,51,128,121,67,110,69" hai2="65,43,5,79,33,93,56,12,25,17,113,80,49" hai3="26,123,8,64,119,104,68,41,107,87,48,94,83"/><U2/><E121/><V1/><F1/><W9/><G123/><T102/><D3/><U133/><E36/><V127/><F5/><W18/><G119/><T86/><D117/><U72/><E2/><V105/><F105/><W75/><G104/><T70/><D115/><U57/><E69/><V62/><F113/><W97/><G75/><T59/><D120/><U58/><E128/><V29/><F127/><W131/><G107/><T100/><D111/><U50/><E133/><V106/><F106/><W76/><G131/><T7/><D70/><U108/><E13/><V85/><F93/><W125/><G125/><T61/><D86/><N who="1" m="50391" /><E72/><V16/><REACH who="2" step="1"/><F12/><REACH who="2" ten="240,245,270,235" step="2"/><W71/><G94/><T101/><D7/><U37/><E110/><V99/><F99/><W130/><G97/><T44/><D14/><U116/><E108/><V88/><F88/><W32/><G130/><T118/><D118/><U6/><E91/><V21/><F21/><W74/><G32/><T40/><D22/><U126/><E6/><V19/><F19/><W103/><G18/><T46/><D30/><U0/><E0/><V78/><F78/><W129/><G129/><T84/><D102/><U114/><E114/><V11/><F11/><W134/><G103/><T124/><D101/><U39/><E126/><V132/><F132/><W28/><G134/><T24/><D100/><U15/><E15/><V54/><F54/><W20/><G8/><T10/><D124/><U112/><E116/><V109/><F109/><W96/><G9/><T95/><D10/><U53/><E112/><V63/><F63/><W38/><G28/><RYUUKYOKU ba="0,1" sc="240,-10,245,-10,270,30,235,-10" hai2="16,17,25,29,33,43,49,56,62,65,79,80,85" /><INIT seed="2,1,1,2,1,93" ten="230,235,300,225" oya="2" hai0="34,12,118,107,58,27,6,23,80,19,105,96,73" hai1="99,85,122,44,60,66,2,61,115,30,83,29,77" hai2="84,131,106,125,20,100,28,74,13,103,46,81,64" hai3="57,63,104,33,8,97,25,42,98,53,37,31,35"/><V51/><F74/><W14/><G35/><T76/><D118/><U15/><E2/><V114/><F106/><W32/><G32/><T70/><D70/><U36/><E115/><V102/><F114/><W95/><G104/><T59/><D6/><U79/><E122/><V124/><F131/><W87/><G42/><T72/><D72/><U0/><E0/><V108/><F64/><W26/><G37/><T127/><D127/><U90/><E36/><V110/><F13/><W89/><REACH who="3" step="1"/><G26/><REACH who="3" ten="230,235,300,215" step="2"/><T55/><D34/><U92/><E77/><N who="2" m="46127" /><F125/><W4/><AGARI ba="1,2" hai="4,8,14,25,31,33,53,57,63,87,89,95,97,98" machi="4" ten="20,8000,1" yaku="1,1,0,1,7,1,52,2,53,0" doraHai="93" doraHaiUra="17" who="3" fromWho="3" sc="230,-21,235,-21,300,-41,215,103" /><INIT seed="3,0,0,5,2,120" ten="209,214,259,318" oya="3" hai0="28,58,130,23,57,19,32,112,88,65,109,124,0" hai1="82,48,16,86,104,129,71,74,60,3,69,31,67" hai2="54,55,72,15,12,83,128,18,2,64,25,89,114" hai3="13,41,81,7,70,47,108,33,116,50,113,122,42"/><W105/><G122/><T29/><D0/><U51/><E104/><V107/><F2/><W37/><G113/><T115/><D130/><U24/><E129/><V59/><F107/><W99/><G70/><T53/><D124/><U5/><E74/><V27/><F114/><N who="0" m="43562" /><D109/><U43/><E71/><V132/><F15/><W91/><G108/><T76/><D32/><U75/><E75/><V78/><F132/><W39/><G91/><T6/><D6/><U93/><E93/><V44/><F128/><W10/><G81/><T123/><D123/><U126/><E126/><V106/><F106/><W117/><G33/><T118/><D118/><U4/><E43/><V20/><F64/><W135/><G135/><T52/><D76/><U94/><E94/><V36/><F89/><W100/><G50/><N who="0" m="30871" /><D65/><U77/><E16/><V56/><F78/><W87/><G116/><T119/><D88/><U125/><E125/><V63/><F18/><W34/><G34/><T84/><D84/><U110/><E110/><V68/><F72/><W97/><G87/><T66/><D66/><U1/><E1/><V121/><F121/><W98/><G117/><T14/><D119/><U62/><E62/><AGARI ba="0,0" hai="14,19,23,28,29,53,58,62" m="30871,43562" machi="62" ten="30,2000,0" yaku="11,1,54,1" doraHai="120" who="0" fromWho="1" sc="209,20,214,-20,259,0,318,0" owari="229,-17.0,194,-31.0,259,6.0,318,42.0" /></mjloggm>