<mjloggm ver="2.3"><GO type="97" lobby="0"/><UN n0="%54%41%4B%41%50%4E%47" n1="%E5%B0%B1%E6%B4%BB%E7%94%9F%40%E5%B7%9D%E6%9D%91%E8%BB%8D%E5%9B%A3" n2="%70%6F%6E%5F%6B%61%73%75" n3="%6D%61%6B%69%73%68%69%6E" dan="14,14,15,14" rate="1973.93,1969.36,1976.35,1930.68" sx="M,M,M,M"/><TAIKYOKU oya="0"/><INIT seed="0,0,0,5,1,103" ten="250,250,250,250" oya="0" hai0="42,4,10,53,91,58,99,123,61,2,67,90,116" hai1="84,57,34,38,33,74,119,134,7,62,129,126,63" hai2="80,110,51,32,22,64,86,75,111,24,29,8,128" hai3="76,78,45,20,72,1,92,135,30,79,102,11,70"/><T106/><D123/><U96/><E74/><V77/><F128/><W121/><G121/><T132/><D116/><U125/><E38/><V97/><F64/><W0/><G135/><T13/><D132/><U56/><E119/><V68/><F68/><W49/><G70/><T104/><D2/><U107/><E7/><V71/><F71/><W14/><G72/><T52/><D42/><U82/><E134/><V73/><F8/><W25/><G92/><T21/><D21/><U127/><E129/><V26/><F51/><W98/><G98/><T17/><D4/><U65/><E96/><V31/><REACH who="2" step="1"/><F97/><REACH who="2" ten="250,250,240,250" step="2"/><W43/><REACH who="3" step="1"/><G102/><REACH who="3" ten="250,250,240,240" step="2"/><T60/><D99/><U122/><E122/><V44/><F44/><W95/><G95/><T115/><D115/><U114/><E114/><V100/><F100/><W40/><G40/><T87/><D104/><U55/><E107/><V47/><F47/><W6/><AGARI ba="0,2" hai="0,1,6,11,14,20,25,30,43,45,49,76,78,79" machi="6" ten="30,4000,0" yaku="1,1,0,1,53,1" doraHai="103" doraHaiUra="5" who="3" fromWho="3" sc="250,-20,250,-10,240,-10,240,60" /><INIT seed="1,0,0,1,1,6" ten="230,240,230,300" oya="1" hai0="71,1,51,72,9,87,44,10,60,98,63,65,28" hai1="55,106,42,19,135,75,16,111,52,2,90,21,131" hai2="58,61,66,74,5,53,24,14,97,37,132,108,79" hai3="121,69,123,128,36,62,8,83,7,105,33,17,80"/><U96/><E75/><V107/><F37/><W12/><G36/><T94/><D72/><U130/><E2/><V118/><F118/><W126/><G105/><T76/><D1/><U64/><E64/><V120/><F120/><W102/><G102/><N who="0" m="60759" /><D71/><U117/><E42/><V22/><F132/><W57/><G69/><T133/><D133/><U0/><E0/><V73/><F79/><W67/><G33/><T89/><D76/><U115/><E135/><V112/><F112/><W109/><G109/><T35/><D35/><U124/><E111/><V41/><F41/><W18/><G128/><N who="1" m="49194" /><E124/><V32/><F108/><W15/><G126/><T134/><D134/><U4/><E4/><V13/><F32/><W91/><G123/><T49/><D28/><U116/><E115/><V103/><F13/><W93/><G121/><T23/><D23/><U29/><E29/><V127/><F127/><W3/><G3/><T38/><D38/><U43/><E43/><V104/><F104/><W119/><G119/><N who="1" m="45642" /><E19/><N who="3" m="7178" /><G15/><T92/><D65/><U95/><E106/><V99/><F107/><W110/><G110/><T81/><D81/><U88/><E90/><V34/><F73/><W45/><G45/><T129/><D129/><U100/><E100/><V11/><F103/><W30/><G30/><T27/><D27/><AGARI ba="0,0" hai="16,21,27,52,55,88,95,96" m="45642,49194" machi="27" ten="30,11600,0" yaku="19,1,54,3" doraHai="6" who="1" fromWho="0" sc="230,-116,240,116,230,0,300,0" /><INIT seed="1,1,0,1,0,63" ten="114,356,230,300" oya="1" hai0="43,106,112,109,122,103,74,79,125,6,48,133,117" hai1="70,68,0,45,102,65,124,28,72,101,75,37,94" hai2="111,47,90,100,127,99,38,3,41,57,14,8,30" hai3="78,120,39,2,92,91,19,56,66,83,46,13,11"/><U130/><E0/><V25/><F111/><W89/><G120/><T58/><D122/><U59/><E130/><V82/><F127/><W17/><G2/><T107/><D109/><U108/><E124/><V35/><F3/><W31/><G31/><T5/><D125/><U67/><E108/><V93/><F57/><W20/><G39/><T95/><D117/><U52/><E28/><V105/><F82/><W126/><G46/><T51/><D112/><U87/><E72/><V64/><F64/><W81/><G126/><T18/><D133/><U118/><E75/><V104/><REACH who="2" step="1"/><F100/><REACH who="2" ten="114,356,220,300" step="2"/><W22/><G56/><T15/><D107/><U115/><E102/><V123/><F123/><W26/><G66/><T29/><D106/><U132/><E132/><V85/><F85/><W24/><G78/><T32/><D74/><U50/><E118/><V76/><F76/><W44/><G44/><T110/><D79/><U121/><E121/><V73/><F73/><W80/><REACH who="3" step="1"/><G92/><REACH who="3" ten="114,356,220,290" step="2"/><T69/><D110/><U97/><E67/><V96/><F96/><W54/><G54/><N who="0" m="32071" /><D95/><U53/><E53/><V10/><F10/><W9/><G9/><N who="0" m="6511" /><D69/><U86/><E70/><V113/><F113/><W129/><G129/><T134/><D134/><U114/><E115/><V131/><F131/><W7/><AGARI ba="1,2" hai="7,11,13,17,19,20,22,24,26,80,81,83,89,91" machi="7" ten="30,7900,0" yaku="1,1,0,1,9,1,8,1,53,0" doraHai="63" doraHaiUra="71" who="3" fromWho="3" sc="114,-21,356,-40,220,-21,290,102" /><INIT seed="2,0,0,5,0,29" ten="93,316,199,392" oya="2" hai0="59,96,49,5,129,65,6,94,50,33,75,18,74" hai1="118,7,48,26,22,103,100,66,127,35,112,4,105" hai2="58,27,89,115,40,11,52,121,131,0,126,85,125" hai3="106,25,110,134,45,20,87,90,51,68,34,47,39"/><V67/><F115/><W133/><G68/><T98/><D98/><U132/><E112/><V14/><F121/><W117/><G106/><T108/><D108/><U42/><E118/><V81/><F67/><W79/><G117/><T71/><D71/><U53/><E127/><N who="2" m="48651" /><F131/><W43/><G79/><T72/><D72/><U60/><E132/><N who="3" m="50794" /><G34/><T83/><D83/><U2/><E42/><V82/><F40/><N who="3" m="24999" /><G110/><T78/><D78/><U12/><E2/><V93/><F27/><W99/><G99/><T114/><D114/><U63/><E105/><V70/><F0/><W16/><G90/><T92/><D92/><U116/><E103/><V88/><F89/><W46/><G46/><T123/><D123/><U62/><E100/><V84/><F84/><AGARI ba="0,0" hai="16,20,25,39,43,47,84,87" m="24999,50794" machi="84" ten="30,2000,0" yaku="20,1,54,1" doraHai="29" who="3" fromWho="2" sc="93,0,316,0,199,-20,392,20" /><INIT seed="3,0,0,1,3,75" ten="93,316,179,412" oya="3" hai0="0,4,39,76,69,30,21,5,7,94,15,96,122" hai1="83,125,108,126,80,85,42,59,63,105,134,123,84" hai2="90,118,47,27,103,95,100,62,87,58,16,111,98" hai3="13,17,128,131,54,121,77,8,12,43,45,32,114"/><W86/><G121/><T120/><D39/><U49/><E105/><V107/><F111/><W31/><G114/><T88/><D69/><U129/><E123/><V79/><F118/><W72/><G72/><T9/><D30/><U67/><E108/><V102/><F47/><W23/><G54/><T130/><D130/><N who="3" m="49705" /><G32/><T116/><D116/><U33/><E33/><V41/><F41/><W60/><G60/><T38/><D38/><U78/><E129/><V55/><F79/><W26/><G13/><T93/><D93/><U68/><E134/><V19/><F107/><W53/><G53/><T52/><D21/><U71/><E42/><V117/><F117/><W11/><G77/><T82/><D0/><U35/><E35/><V64/><F64/><W97/><G97/><T106/><D106/><U51/><E71/><V99/><F19/><W24/><G86/><N who="0" m="48455" /><D120/><U57/><E57/><V135/><F135/><W61/><G61/><T29/><D122/><U91/><REACH who="1" step="1"/><E68/><REACH who="1" ten="93,306,179,412" step="2"/><V81/><F99/><W50/><G43/><T40/><D40/><U104/><E104/><V37/><F37/><W89/><G45/><T6/><D29/><U2/><E2/><V25/><F25/><W65/><G31/><T127/><D127/><AGARI ba="0,1" hai="49,51,59,63,67,78,80,83,84,85,91,125,126,127" machi="127" ten="40,5200,0" yaku="1,1,18,1,52,1,53,0" doraHai="75" doraHaiUra="3" who="1" fromWho="0" sc="93,-52,306,62,179,0,412,0" owari="41,-46.0,368,17.0,179,-22.0,412,51.0" /></mjloggm>