<mjloggm ver="2.3"><GO type="193" lobby="0"/><UN n0="%E6%9C%80%E5%BC%B7%E3%81%AE%E9%9B%80%E5%A3%AB%E7%8F%BE%E3%82%8B" n1="%E3%83%88%E3%83%88%E3%83%AA%E5%85%88%E7%94%9F%31%39%E6%AD%B3" n2="%4F%48%40%47%49" n3="%68%61%74%61%62%6F%6F" dan="11,4,12,10" rate="1627.77,1644.91,1680.84,1644.45" sx="M,F,M,M"/><TAIKYOKU oya="0"/><INIT seed="0,0,0,2,0,73" ten="250,250,250,250" oya="0" hai0="125,130,37,62,13,101,95,112,48,91,21,69,10" hai1="70,133,115,44,75,17,45,108,135,120,55,11,22" hai2="122,103,28,67,76,85,16,104,57,124,7,42,14" hai3="92,89,47,56,35,84,1,74,117,81,114,82,111"/><T93/><D112/><U106/><E120/><V27/><F7/><W102/><G111/><T30/><D37/><U94/><E106/><V83/><F42/><W96/><G114/><T100/><D130/><U109/><E115/><V128/><F128/><W78/><G1/><T38/><D38/><U2/><E70/><V90/><F90/><W32/><G35/><T20/><D125/><U66/><E66/><V46/><F104/><W36/><G32/><T127/><D69/><U8/><E75/><V33/><F103/><N who="0" m="39498" /><D127/><U65/><E94/><N who="0" m="35849" /><D62/><U54/><E65/><V71/><F46/><N who="1" m="18025" /><E2/><V134/><F122/><W63/><G36/><T59/><D91/><U18/><E55/><V98/><F71/><W40/><G40/><T39/><D39/><U64/><E54/><V79/><F124/><W34/><G34/><T58/><D48/><U116/><E64/><V51/><F51/><W23/><G47/><T121/><D121/><U50/><E50/><V53/><F53/><W49/><G117/><T99/><D99/><U12/><E116/><V107/><F98/><W26/><G49/><T132/><D132/><N who="1" m="50763" /><E11/><N who="2" m="6239" /><F134/><W0/><G0/><T41/><D41/><U43/><E43/><V24/><F33/><W123/><G123/><T25/><D21/><U86/><E86/><V29/><F67/><W6/><G6/><AGARI ba="0,0" hai="6,10,13,20,25,30,58,59" m="35849,39498" machi="6" ten="30,1500,0" yaku="8,1" doraHai="73" who="0" fromWho="3" sc="250,15,250,0,250,0,250,-15" /><INIT seed="0,1,0,1,4,63" ten="265,250,250,235" oya="0" hai0="11,134,68,34,53,96,54,27,30,83,78,76,135" hai1="62,33,88,47,85,115,40,104,1,107,109,15,84" hai2="7,86,118,25,61,111,65,8,131,24,60,98,80" hai3="75,51,70,106,72,79,93,64,18,89,95,32,110"/><T90/><D68/><U28/><E1/><V113/><F113/><W23/><G106/><T74/><D76/><U12/><E109/><V128/><F61/><W13/><G110/><T55/><D11/><U81/><E115/><V133/><F98/><W35/><G70/><T123/><D123/><U127/><E127/><V67/><F118/><W44/><G93/><T19/><D19/><U121/><E121/><V66/><F60/><W29/><G29/><T122/><D122/><U97/><E33/><V9/><F111/><W0/><G0/><T26/><D26/><N who="2" m="10346" /><F133/><W125/><G125/><T112/><D112/><U14/><E28/><V52/><F52/><W42/><G64/><T49/><D96/><U94/><E62/><V37/><F37/><W50/><G72/><T39/><D39/><U92/><E92/><V31/><F31/><W124/><G51/><T3/><D3/><U56/><E56/><V20/><F20/><W87/><REACH who="3" step="1"/><G124/><REACH who="3" ten="265,250,250,225" step="2"/><T126/><D126/><U59/><E59/><V116/><F116/><W82/><AGARI ba="1,1" hai="13,18,23,32,35,42,44,50,75,79,82,87,89,95" machi="82" ten="30,4000,0" yaku="1,1,2,1,0,1,53,0" doraHai="63" doraHaiUra="22" who="3" fromWho="3" sc="265,-21,250,-11,250,-11,225,53" /><INIT seed="1,0,0,3,2,63" ten="244,239,239,278" oya="1" hai0="37,14,134,80,94,74,32,112,71,106,120,123,111" hai1="102,42,87,21,118,7,96,110,28,97,57,13,43" hai2="24,100,86,26,41,64,33,78,59,49,124,31,84" hai3="70,69,92,61,128,60,125,56,116,22,23,95,130"/><U105/><E118/><V82/><F100/><W104/><G104/><T72/><D14/><U17/><E110/><V0/><F0/><W107/><G107/><T66/><D94/><U109/><E109/><V45/><F26/><W52/><G116/><T53/><D53/><U90/><E97/><V16/><F124/><W30/><G30/><T98/><D98/><U9/><E57/><V133/><F133/><W93/><G56/><T15/><D15/><U6/><E28/><V117/><F117/><W4/><G4/><T55/><D55/><U44/><E44/><V25/><F84/><W36/><G92/><T85/><D85/><U83/><REACH who="1" step="1"/><E6/><REACH who="1" ten="244,229,239,278" step="2"/><V27/><REACH who="2" step="1"/><F16/><REACH who="2" ten="244,229,229,278" step="2"/><W1/><G125/><T3/><D123/><U58/><E58/><V129/><F129/><W131/><G130/><T62/><D80/><U29/><E29/><V75/><F75/><W76/><G1/><AGARI ba="0,2" hai="1,7,9,13,17,21,42,43,83,87,90,96,102,105" machi="1" ten="30,2900,0" yaku="1,1,7,1,53,0" doraHai="63" doraHaiUra="113" who="1" fromWho="3" sc="244,0,229,49,229,0,278,-29" /><INIT seed="1,1,0,1,0,96" ten="244,278,229,249" oya="1" hai0="130,32,23,1,60,113,26,59,93,46,43,11,66" hai1="4,128,125,98,55,58,7,67,19,65,54,104,53" hai2="80,111,8,106,63,123,127,61,30,75,112,84,15" hai3="134,27,118,39,129,0,121,79,77,47,135,103,45"/><U124/><E128/><V13/><F75/><W62/><G121/><T90/><D130/><U126/><E19/><V2/><F123/><W100/><G0/><T110/><D110/><U40/><E40/><V20/><F106/><W132/><G129/><T101/><D32/><U29/><E29/><V76/><F111/><W28/><G62/><N who="2" m="23561" /><F2/><W81/><G118/><T33/><D33/><U14/><E58/><V116/><F116/><W64/><G64/><N who="1" m="24650" /><E14/><N who="2" m="5131" /><F112/><W122/><G122/><T82/><D1/><U37/><E37/><V42/><F127/><W87/><G77/><T99/><D113/><U74/><E74/><V16/><F42/><N who="3" m="22751" /><G47/><T107/><D11/><U51/><E51/><V25/><F8/><W83/><G83/><T73/><D73/><U86/><E86/><V24/><F24/><W22/><G22/><T36/><D82/><U3/><E3/><V131/><F131/><W70/><G70/><T133/><D133/><N who="3" m="34049" /><W18/><DORA hai="95" /><G18/><AGARI ba="1,0" hai="16,18,20,25,30,76,80,84" m="5131,23561" machi="18" ten="30,2000,0" yaku="8,1,54,1" doraHai="96,95" who="2" fromWho="3" sc="244,0,278,0,229,23,249,-23" /><INIT seed="2,0,0,0,0,74" ten="244,278,252,226" oya="2" hai0="65,32,101,34,68,120,29,19,35,30,124,76,53" hai1="107,69,87,66,93,79,89,104,27,125,33,48,126" hai2="15,117,90,24,121,98,128,7,10,13,133,21,39" hai3="67,20,105,78,114,119,129,123,36,75,61,111,16"/><V110/><F121/><W134/><RYUUKYOKU type="yao9" ba="0,0" sc="244,0,278,0,252,0,226,0" hai3="16,20,36,61,67,75,78,105,111,114,119,123,129,134" /><INIT seed="2,1,0,0,3,61" ten="244,278,252,226" oya="2" hai0="12,35,70,50,29,74,0,133,130,120,9,68,110" hai1="11,63,80,60,2,84,96,5,113,98,10,52,14" hai2="100,88,127,47,46,128,39,114,112,97,1,27,36" hai3="95,45,43,125,73,54,99,18,32,81,109,53,16"/><V56/><F1/><W19/><G109/><T24/><D120/><U57/><E113/><V79/><F79/><W23/><G125/><T101/><D110/><U117/><E117/><V4/><F4/><W87/><G73/><T104/><D74/><U107/><E107/><V115/><F56/><W17/><G32/><T77/><D133/><U85/><E85/><V103/><F27/><W30/><G30/><T51/><D130/><U91/><E63/><V26/><F26/><W76/><G45/><T21/><D77/><U124/><E124/><V78/><F78/><W59/><G43/><T31/><D31/><U86/><E86/><V28/><F28/><W134/><G134/><T66/><D70/><U22/><E22/><V90/><F127/><W72/><G72/><T122/><D122/><U34/><E34/><V58/><F58/><W83/><G83/><T82/><D82/><U55/><E55/><V116/><F112/><W118/><G118/><T69/><D69/><U108/><E108/><V135/><F116/><W89/><REACH who="3" step="1"/><G59/><REACH who="3" ten="244,278,252,216" step="2"/><T7/><D0/><U25/><E25/><AGARI ba="1,1" hai="16,17,18,19,23,25,53,54,76,81,87,89,95,99" machi="25" ten="40,8000,1" yaku="1,1,2,1,8,1,54,1,53,0" doraHai="61" doraHaiUra="123" who="3" fromWho="1" sc="244,0,278,-83,252,0,216,93" /><INIT seed="3,0,0,3,1,124" ten="244,195,252,309" oya="3" hai0="34,19,96,62,33,53,63,18,17,20,132,134,87" hai1="127,2,89,48,126,114,81,104,51,9,24,25,29" hai2="70,74,125,4,43,102,44,101,93,72,40,88,121" hai3="65,3,75,119,97,131,46,58,94,42,37,120,109"/><W35/><G119/><T85/><D96/><U92/><E104/><V11/><F43/><W55/><G120/><T91/><D20/><U54/><E114/><V32/><F32/><W113/><G35/><T67/><D19/><U116/><E116/><V77/><F70/><W49/><G3/><T107/><D107/><U8/><E81/><V16/><F125/><W45/><G75/><T68/><D68/><U79/><E79/><V39/><F16/><W106/><G106/><T82/><D82/><U83/><E83/><V84/><F74/><W60/><G113/><T115/><D115/><U128/><E2/><V31/><F31/><W133/><G133/><T64/><D53/><U7/><E7/><V108/><F108/><W22/><G22/><T69/><D69/><U57/><E29/><V13/><F121/><W86/><G86/><T122/><D91/><U6/><E6/><V61/><F72/><W118/><G118/><T98/><D98/><U1/><E1/><V111/><F111/><W103/><G109/><T10/><REACH who="0" step="1"/><D122/><REACH who="0" ten="234,195,252,309" step="2"/><U15/><E126/><V36/><F77/><W21/><G21/><T26/><D26/><N who="1" m="10347" /><E127/><V95/><F39/><W52/><G37/><T56/><D56/><U12/><E51/><V105/><F61/><W110/><G110/><T123/><D123/><U0/><E0/><V100/><REACH who="2" step="1"/><F105/><REACH who="2" ten="234,195,242,309" step="2"/><W38/><G38/><T129/><D129/><U112/><E128/><V66/><F66/><W23/><G65/><T117/><D117/><U73/><E112/><V5/><F5/><W14/><G60/><T99/><D99/><AGARI ba="0,2" hai="4,11,13,36,40,44,84,88,93,95,99,100,101,102" machi="99" ten="40,5200,0" yaku="1,1,54,1,53,1" doraHai="124" doraHaiUra="71" who="2" fromWho="0" sc="234,-52,195,0,242,72,309,0" owari="182,-32.0,195,-20.0,314,41.0,309,11.0" /></mjloggm>