<mjloggm ver="2.3"><GO type="97" lobby="0"/><UN n0="%E3%81%9F%E3%81%93%E3%81%99%E3%82%86%E3%83%BC%E3%81%8D" n1="%E6%B3%A2%E5%88%87%E3%82%8A" n2="%E5%B0%B1%E6%B4%BB%E7%94%9F%40%E5%B7%9D%E6%9D%91%E8%BB%8D%E5%9B%A3" n3="%E3%81%B2%E3%82%8D%E3%81%97%E3%81%BE" dan="14,14,15,14" rate="1962.02,1878.48,1940.38,1910.20" sx="F,M,M,M"/><TAIKYOKU oya="0"/><INIT seed="0,0,0,3,0,35" ten="250,250,250,250" oya="0" hai0="99,133,119,115,46,69,131,8,10,110,123,108,72" hai1="128,80,32,23,117,107,30,42,48,124,125,22,2" hai2="132,120,51,55,103,78,81,20,18,105,95,29,45" hai3="58,98,90,28,77,59,66,34,94,25,67,49,70"/><T63/><D99/><U50/><E117/><V113/><F105/><W37/><G37/><T92/><D92/><U52/><E107/><V88/><F113/><W43/><G77/><T130/><D46/><N who="1" m="25687" /><E128/><V57/><F120/><W118/><G70/><T93/><D93/><U122/><E122/><V17/><F132/><W41/><G118/><T134/><D63/><U97/><E97/><V21/><F103/><W127/><G127/><N who="1" m="48714" /><E80/><V76/><F29/><W89/><G89/><T102/><D102/><U91/><E91/><V47/><F81/><W14/><G14/><T60/><D60/><U5/><E30/><V7/><F7/><W26/><G28/><T86/><D123/><U126/><N who="1" m="48722" /><U6/><DORA hai="64" /><E32/><V0/><F0/><W53/><G34/><T27/><D119/><U71/><E5/><V111/><F111/><W116/><G116/><T24/><D86/><U19/><E19/><N who="2" m="7179" /><F76/><W9/><G9/><T38/><D38/><U31/><E31/><V79/><F79/><W4/><G4/><T84/><D84/><U15/><E15/><V56/><F78/><W114/><G114/><T75/><D115/><U65/><E65/><V44/><F57/><N who="3" m="21515" /><G67/><T39/><D39/><U112/><E112/><V61/><F61/><W106/><G66/><T129/><D131/><U62/><E62/><V96/><AGARI ba="0,0" hai="20,21,44,45,47,51,55,56,88,95,96" m="7179" machi="96" ten="30,2000,0" yaku="8,1,54,1" doraHai="35,64" who="2" fromWho="2" sc="250,-10,250,-5,250,20,250,-5" /><INIT seed="1,0,0,5,5,116" ten="240,245,270,245" oya="1" hai0="17,107,2,30,97,120,133,41,6,19,9,52,129" hai1="14,1,106,92,82,96,24,27,72,43,42,134,61" hai2="105,119,87,126,127,29,123,128,49,46,77,122,44" hai3="35,131,12,47,20,59,3,124,39,69,109,135,13"/><U33/><E1/><V64/><F105/><W60/><G69/><T86/><D41/><U99/><E134/><V113/><F119/><W50/><G3/><T16/><D133/><U111/><E111/><V18/><F29/><W51/><G39/><T65/><D65/><U58/><E72/><V31/><F31/><W71/><G35/><T26/><D129/><U11/><E82/><N who="2" m="47567" /><F64/><W70/><G109/><T98/><D86/><U125/><E125/><N who="2" m="47627" /><F113/><W103/><G124/><T101/><D98/><U36/><E106/><V48/><F128/><W121/><G131/><T62/><D62/><U76/><E33/><V0/><F0/><W67/><G135/><T73/><D73/><U89/><E76/><V132/><F18/><W91/><G71/><T84/><D84/><N who="1" m="52263" /><E36/><V94/><F94/><W37/><G70/><T110/><D110/><U90/><E90/><V38/><F38/><W8/><G37/><T80/><D80/><U115/><E115/><V100/><F100/><W114/><G114/><T78/><D78/><U10/><E99/><V79/><F79/><W118/><G118/><T21/><REACH who="0" step="1"/><D52/><REACH who="0" ten="230,245,270,245" step="2"/><N who="1" m="33991" /><E96/><V117/><F117/><W112/><G112/><T28/><D28/><U15/><E11/><V25/><F132/><W130/><G8/><T68/><D68/><U66/><E10/><V54/><F25/><N who="1" m="9801" /><E66/><V83/><F83/><W75/><G67/><T45/><D45/><N who="2" m="17514" /><F54/><N who="3" m="33911" /><G130/><T55/><D55/><U23/><E43/><V56/><F56/><W88/><G47/><T85/><D85/><U22/><E42/><V104/><F104/><W57/><G75/><T93/><D93/><RYUUKYOKU ba="0,1" sc="230,10,245,10,270,10,245,-30" hai0="2,6,9,16,17,19,21,26,30,97,101,107,120" hai1="14,15,22,23" hai2="48,49,122,123" /><INIT seed="1,1,1,5,4,20" ten="240,255,280,215" oya="1" hai0="80,21,105,37,16,41,14,35,12,45,27,32,81" hai1="9,101,38,87,116,86,63,82,89,119,99,130,118" hai2="39,57,107,11,15,73,90,50,123,100,124,34,75" hai3="51,69,49,4,102,122,46,108,110,76,67,26,132"/><U104/><E38/><V68/><F39/><W129/><G122/><T48/><D105/><U8/><E63/><V47/><F68/><W126/><G76/><T64/><D64/><U117/><E130/><V113/><F123/><W98/><G129/><T93/><D93/><U65/><E65/><V19/><F113/><W78/><G78/><T88/><D37/><U30/><N who="1" m="30208" /><DORA hai="70" /><U58/><E58/><V71/><F124/><W77/><G126/><T125/><D125/><U40/><E40/><V72/><F71/><W74/><G4/><T7/><D7/><U131/><E131/><V56/><F34/><W54/><G132/><T112/><D112/><U83/><REACH who="1" step="1"/><E30/><REACH who="1" ten="240,245,280,215" step="2"/><V31/><F31/><W114/><G114/><T59/><D59/><U2/><E2/><V10/><F57/><N who="3" m="32975" /><G67/><T95/><D35/><U44/><E44/><V94/><F56/><W3/><G69/><T33/><D33/><U121/><E121/><V111/><F47/><W92/><G3/><T97/><D32/><U23/><E23/><V134/><F134/><W18/><G46/><T135/><D135/><U120/><E120/><V22/><F22/><N who="3" m="13655" /><G51/><T127/><D127/><U0/><E0/><V5/><F50/><W28/><G28/><T91/><D91/><AGARI ba="1,2" hai="8,9,82,83,86,87,89,91,99,101,104" m="30208" machi="91" ten="70,6800,0" yaku="1,1,9,1,53,0" doraHai="20,70" doraHaiUra="53,25" who="1" fromWho="0" sc="240,-71,245,91,280,0,215,0" /><INIT seed="1,2,0,0,1,135" ten="169,336,280,215" oya="1" hai0="40,88,92,85,12,128,116,118,104,17,105,73,3" hai1="114,16,61,24,66,67,28,55,119,123,97,127,49" hai2="32,109,69,50,68,81,122,65,20,113,95,124,96" hai3="115,47,45,0,93,99,4,26,31,111,79,14,83"/><U19/><E114/><V41/><F32/><W129/><G115/><T35/><D73/><U87/><E119/><V27/><F122/><W103/><G0/><T36/><D3/><U2/><E2/><V37/><F37/><W60/><G111/><T100/><D35/><U117/><E117/><V112/><F109/><W44/><G129/><T33/><D33/><U7/><E7/><V91/><F81/><W21/><G60/><T102/><D128/><U130/><E130/><V131/><F131/><W84/><G4/><T53/><D40/><U52/><E123/><V54/><F41/><W5/><G5/><T62/><D36/><U75/><E75/><V74/><F74/><W38/><G14/><T25/><D25/><U98/><E87/><V126/><F65/><W58/><G38/><T9/><D118/><U120/><E120/><V121/><F121/><W1/><G1/><T43/><D43/><U39/><E39/><V10/><F10/><W64/><G64/><T51/><D62/><U8/><E8/><V77/><F77/><W72/><G72/><T18/><D18/><U30/><E61/><V48/><F48/><W76/><REACH who="3" step="1"/><G58/><REACH who="3" ten="169,336,280,205" step="2"/><T80/><D116/><U56/><E56/><N who="2" m="32855" /><F68/><W89/><AGARI ba="2,1" hai="21,26,31,44,45,47,76,79,83,84,89,93,99,103" machi="89" ten="30,4000,0" yaku="1,1,0,1,8,1,53,0" doraHai="135" doraHaiUra="110" who="3" fromWho="3" sc="169,-12,336,-22,280,-12,205,56" /><INIT seed="2,0,0,0,5,123" ten="157,314,268,261" oya="2" hai0="25,48,31,79,52,127,58,85,105,14,90,44,17" hai1="3,78,37,97,99,87,128,88,113,98,15,2,46" hai2="125,102,8,67,41,68,22,108,61,70,9,122,75" hai3="95,32,112,135,93,38,101,76,124,24,92,30,16"/><V63/><F75/><W10/><G38/><T110/><D105/><U51/><E128/><V34/><F122/><W80/><G135/><T42/><D127/><U130/><E130/><V19/><F34/><W53/><G124/><T69/><D69/><U35/><E35/><V49/><F125/><W89/><G112/><T47/><D79/><U1/><E113/><V40/><F102/><W96/><G53/><T109/><D31/><U74/><E37/><V134/><F134/><W114/><G114/><T83/><D25/><U36/><E36/><V81/><F81/><W126/><G126/><T27/><D27/><U106/><E15/><V50/><F22/><W86/><G32/><T100/><D100/><U54/><E78/><V71/><F19/><W0/><G30/><T94/><D83/><U84/><E74/><V4/><F108/><N who="0" m="41578" /><D42/><N who="2" m="16490" /><F4/><W13/><G0/><T72/><D72/><U77/><E77/><V107/><F67/><W119/><G119/><T120/><D120/><U11/><E106/><V5/><F5/><N who="3" m="3279" /><G101/><T132/><D132/><U118/><E118/><V82/><F82/><W56/><G56/><T7/><D7/><U55/><E2/><V116/><F116/><W60/><G60/><N who="2" m="23113" /><F107/><W28/><G28/><T20/><AGARI ba="0,0" hai="14,17,20,44,47,48,52,58,85,90,94" m="41578" machi="20" ten="30,12000,2" yaku="25,1,14,1,52,3,54,1" doraHai="123" who="0" fromWho="0" sc="157,120,314,-30,268,-60,261,-30" /><INIT seed="3,0,0,2,3,63" ten="277,284,208,231" oya="3" hai0="79,94,51,42,122,20,84,133,33,69,123,61,114" hai1="124,36,75,28,132,9,23,44,60,43,54,115,17" hai2="14,45,15,118,125,56,64,103,4,106,1,35,21" hai3="88,73,77,112,70,22,34,31,19,85,104,65,48"/><W71/><G112/><T80/><D33/><U29/><E115/><V86/><F118/><W116/><G104/><T47/><D114/><U16/><E75/><V7/><F125/><W67/><G116/><T50/><D133/><U62/><E124/><V78/><F35/><W131/><G131/><T89/><D51/><U49/><E132/><V58/><F1/><W105/><G105/><T3/><D3/><U24/><E9/><V95/><F106/><W119/><G119/><T100/><D100/><U11/><E11/><V68/><F68/><W81/><G34/><T72/><REACH who="0" step="1"/><D20/><REACH who="0" ten="267,284,208,231" step="2"/><U52/><E36/><V10/><F21/><W92/><G48/><T46/><D46/><U120/><E44/><V110/><F110/><W111/><G111/><T27/><D27/><U87/><E24/><V127/><F127/><W39/><G39/><T0/><D0/><U55/><E23/><V130/><F130/><W6/><G31/><T99/><D99/><U38/><E49/><V129/><F129/><W121/><G121/><T8/><D8/><U13/><E38/><V93/><F103/><W126/><G126/><T113/><D113/><U57/><E120/><V117/><F117/><W91/><G91/><T90/><D90/><U30/><E30/><V12/><F45/><W98/><G98/><T53/><D53/><U109/><E29/><V26/><F26/><N who="3" m="14687" /><G6/><N who="2" m="2089" /><F10/><W2/><G2/><T41/><D41/><U25/><E43/><V18/><F18/><W66/><G71/><T135/><D135/><U101/><E17/><V82/><F58/><W37/><G70/><T74/><D74/><RYUUKYOKU ba="0,1" sc="267,10,284,-30,208,10,231,10" hai0="42,47,50,61,69,72,79,80,84,89,94,122,123" hai2="12,14,15,56,64,78,82,86,93,95" hai3="37,65,66,67,73,77,81,85,88,92" /><INIT seed="3,1,1,0,2,12" ten="277,254,218,241" oya="3" hai0="33,110,59,73,119,134,129,16,117,34,132,10,108" hai1="109,5,19,85,98,87,111,41,100,29,9,37,13" hai2="120,105,55,63,20,69,8,72,51,70,22,35,54" hai3="66,115,31,60,49,125,114,43,121,112,88,127,68"/><W90/><G31/><T89/><D73/><U97/><E29/><V15/><F35/><N who="0" m="13322" /><D89/><U122/><E122/><V133/><F120/><W91/><REACH who="3" step="1"/><G121/><REACH who="3" ten="277,254,218,231" step="2"/><T93/><D93/><N who="1" m="58415" /><E5/><V64/><F133/><N who="0" m="51306" /><D59/><U32/><E32/><V80/><F105/><W45/><AGARI ba="1,2" hai="43,45,49,60,66,68,88,90,91,112,114,115,125,127" machi="45" ten="40,7800,0" yaku="1,1,0,1,54,1,53,0" doraHai="12" doraHaiUra="103" who="3" fromWho="3" sc="277,-27,254,-27,218,-27,231,101" owari="250,5.0,227,-17.0,191,-31.0,332,43.0" /></mjloggm>