<mjloggm ver="2.3"><GO type="97" lobby="0"/><UN n0="%74%79%61%64%75%6B%65" n1="%E5%B0%B1%E6%B4%BB%E7%94%9F%40%E5%B7%9D%E6%9D%91%E8%BB%8D%E5%9B%A3" n2="%63%6F%76%61%79%61%2B%2B" n3="%E3%81%A6%E3%82%93%E3%81%BB%E3%81%86%E3%83%93%E3%82%AE%E3%83%8A" dan="13,14,16,14" rate="1903.20,1974.40,2116.44,1955.08" sx="M,M,M,M"/><TAIKYOKU oya="0"/><INIT seed="0,0,0,5,5,51" ten="250,250,250,250" oya="0" hai0="75,125,10,57,78,133,40,15,82,77,65,113,47" hai1="119,22,101,99,35,56,37,116,11,72,73,130,105" hai2="122,25,27,53,4,42,81,41,92,52,38,69,59" hai3="30,5,79,94,31,34,110,2,67,83,17,89,49"/><T18/><D113/><U98/><E37/><V54/><F69/><W107/><G107/><T16/><D133/><U132/><E35/><V112/><F122/><W108/><G67/><T118/><D125/><U70/><E70/><V114/><F38/><W85/><G17/><T45/><D78/><U103/><E130/><V64/><F112/><W93/><G93/><T3/><D3/><U43/><E132/><V50/><F114/><W21/><G21/><T6/><D47/><U80/><E43/><N who="2" m="16395" /><F4/><W76/><G76/><T128/><D128/><U97/><E97/><V115/><F115/><W104/><G104/><T124/><D118/><U66/><E22/><V127/><F127/><W36/><G36/><T90/><D90/><U23/><E23/><V7/><F7/><W121/><G121/><T117/><D117/><U9/><E66/><V39/><F39/><W62/><G5/><T26/><D124/><U61/><E105/><V71/><F71/><W29/><G2/><T1/><D1/><U32/><E32/><V12/><F81/><W14/><G34/><T135/><D135/><U86/><E80/><V129/><F129/><W63/><G83/><T13/><D82/><U55/><E73/><V87/><F12/><W58/><G14/><T109/><D15/><U33/><E72/><V100/><F100/><W95/><G79/><T24/><D13/><U123/><E33/><V60/><F50/><W126/><G126/><T48/><D75/><U131/><E119/><V28/><F28/><W68/><G68/><T88/><D6/><U96/><E116/><V74/><F74/><RYUUKYOKU ba="0,0" sc="250,-10,250,-10,250,30,250,-10" hai2="25,27,52,53,54,59,60,64,87,92" /><INIT seed="1,1,0,4,3,109" ten="240,240,280,240" oya="1" hai0="131,76,127,94,34,0,47,104,114,124,15,135,78" hai1="7,74,39,119,62,11,48,133,75,77,19,101,117" hai2="26,6,98,12,17,49,14,113,25,115,41,130,93" hai3="31,56,20,99,121,66,95,42,85,23,72,122,96"/><U118/><E39/><V54/><F41/><W2/><G72/><T30/><D104/><U91/><E133/><V37/><F37/><W83/><G2/><T53/><D0/><U112/><E101/><V27/><F6/><W73/><G73/><T105/><D105/><U87/><E112/><N who="2" m="43083" /><F130/><W97/><G42/><T8/><D114/><U132/><E132/><V134/><F17/><W126/><G31/><T116/><D135/><U45/><E62/><V90/><F134/><W9/><G126/><N who="0" m="48171" /><D116/><U123/><E123/><V69/><F69/><W82/><G121/><T120/><D131/><U38/><E38/><V68/><F68/><W107/><G107/><T33/><D94/><U52/><E77/><N who="0" m="29801" /><D30/><U89/><E89/><V29/><F29/><W67/><G95/><T3/><D3/><U61/><E61/><V16/><F16/><W40/><G83/><T24/><D24/><U84/><E84/><V58/><AGARI ba="1,0" hai="12,14,25,26,27,49,54,58,90,93,98" m="43083" machi="58" ten="30,7900,0" yaku="11,1,52,3" doraHai="109" who="2" fromWho="2" sc="240,-21,240,-40,280,82,240,-21" /><INIT seed="2,0,0,3,2,122" ten="219,200,362,219" oya="2" hai0="18,64,134,107,8,129,94,100,114,110,108,32,7" hai1="47,121,106,57,59,78,75,68,13,62,85,53,41" hai2="119,33,87,99,133,25,98,48,113,105,132,17,73" hai3="22,93,135,101,5,39,70,74,31,60,51,61,80"/><V79/><F48/><W67/><G39/><T26/><D114/><U2/><E2/><V20/><F113/><W84/><G5/><T86/><D107/><U66/><E121/><V10/><F119/><W40/><G61/><T0/><D64/><U9/><E106/><V36/><F36/><W88/><G135/><T92/><D134/><N who="2" m="51818" /><F33/><W46/><G101/><T118/><D118/><U27/><E75/><V71/><F71/><W115/><G115/><T91/><D129/><U82/><E27/><V63/><F63/><W28/><G22/><T15/><D100/><U81/><E81/><N who="2" m="47551" /><F73/><W72/><REACH who="3" step="1"/><G74/><REACH who="3" ten="219,200,362,209" step="2"/><T97/><D32/><U89/><E68/><V131/><F131/><W116/><G116/><T3/><D26/><U109/><E109/><N who="0" m="42089" /><D7/><U111/><E111/><V103/><F25/><W77/><AGARI ba="0,1" hai="28,31,40,46,51,60,67,70,72,77,80,84,88,93" machi="77" ten="30,4000,0" yaku="1,1,0,1,54,1,53,0" doraHai="122" doraHaiUra="14" who="3" fromWho="3" sc="219,-10,200,-10,362,-20,209,50" /><INIT seed="3,0,0,2,3,10" ten="209,190,342,259" oya="3" hai0="46,68,18,32,52,104,37,57,101,43,133,108,64" hai1="83,116,99,89,124,98,29,86,45,78,1,117,55" hai2="6,33,49,95,120,30,91,121,106,92,14,28,51" hai3="81,102,114,7,39,77,135,74,8,62,21,110,107"/><W82/><G114/><T59/><D32/><U111/><E1/><V61/><F106/><W15/><G39/><T36/><D101/><U54/><E29/><N who="2" m="11371" /><F33/><W0/><G102/><T93/><D104/><U70/><E70/><V103/><F103/><W24/><G107/><T113/><D113/><U112/><E112/><V122/><F61/><W115/><G115/><T65/><D108/><U134/><E111/><V9/><F92/><W127/><G110/><T56/><D93/><U60/><E124/><V123/><F123/><W12/><G127/><T3/><D18/><U13/><E134/><V53/><F53/><W23/><G23/><T66/><D3/><U71/><E71/><V100/><F100/><W31/><G135/><T75/><D133/><U48/><E78/><V118/><F118/><N who="1" m="45673" /><E60/><V38/><F38/><N who="0" m="14954" /><D75/><U67/><E67/><V96/><AGARI ba="0,0" hai="6,9,14,49,51,91,95,96,120,121,122" m="11371" machi="96" ten="40,2700,0" yaku="13,1,52,1" doraHai="10" who="2" fromWho="2" sc="209,-7,190,-7,342,27,259,-13" owari="202,-20.0,183,-32.0,369,47.0,246,5.0" /></mjloggm>