<mjloggm ver="2.3"><GO type="169" lobby="0"/><UN n0="%E5%83%95%E3%83%A2%E3%83%8E%E3%82%AF%E3%83%9E%E3%81%86%E3%81%B7%E3%81%B7" n1="%E3%82%A6%E3%83%AB%E3%83%88%E3%83%A9%E7%AB%8B%E7%9B%B4" n2="%E3%82%AB%E3%83%96%E3%83%88" n3="%61%6D%65%64%69%6F" dan="16,16,17,16" rate="2160.58,2101.09,2155.25,2125.67" sx="M,M,M,M"/><TAIKYOKU oya="0"/><INIT seed="0,0,0,1,2,123" ten="250,250,250,250" oya="0" hai0="42,96,134,109,91,6,67,33,82,65,30,90,103" hai1="116,86,114,23,7,95,80,38,104,61,120,17,9" hai2="135,45,98,131,48,64,50,27,19,84,93,3,40" hai3="22,127,118,108,4,83,85,75,47,133,107,60,124"/><T46/><D134/><U99/><E120/><V100/><F3/><W69/><G118/><T89/><D6/><U56/><E38/><V72/><F72/><W39/><G75/><T18/><D18/><U26/><E104/><V126/><F135/><W24/><G107/><T1/><D1/><U36/><E36/><V43/><F131/><W121/><G4/><T81/><D30/><U41/><E41/><V101/><F64/><W106/><G106/><T115/><D33/><U74/><E74/><V68/><F68/><W37/><G37/><T35/><D35/><U128/><E128/><V59/><F84/><W2/><G2/><T57/><D115/><U25/><E116/><V66/><F126/><N who="3" m="48171" /><G121/><T15/><D15/><U73/><E73/><V54/><F66/><N who="0" m="25098" /><D57/><U94/><E26/><V11/><F43/><N who="3" m="23039" /><G60/><T130/><D130/><U16/><E114/><V14/><F27/><W119/><G69/><T51/><D109/><U29/><E7/><V32/><REACH who="2" step="1"/><F32/><REACH who="2" ten="250,250,240,250" step="2"/><W129/><G129/><T88/><N who="0" m="22528" /><DORA hai="58" /><T87/><D87/><U5/><E86/><V20/><F20/><W125/><G125/><T44/><D82/><U55/><E80/><V8/><F8/><W110/><G133/><T52/><D81/><U53/><E9/><V71/><F71/><W49/><G85/><T63/><D42/><U92/><E23/><V31/><F31/><W76/><G22/><T13/><D52/><U112/><E55/><V12/><F12/><W117/><G24/><T122/><D122/><U77/><E53/><V78/><F78/><W21/><G76/><T105/><D13/><RYUUKYOKU ba="0,1" sc="250,-10,250,-10,240,30,250,-10" hai2="11,14,19,40,45,48,50,54,59,93,98,100,101" /><INIT seed="1,1,1,0,3,43" ten="240,240,270,240" oya="1" hai0="51,127,46,71,75,76,129,63,7,108,68,53,26" hai1="8,128,62,6,33,126,70,36,91,14,24,58,25" hai2="45,1,74,119,104,82,19,85,56,133,35,20,18" hai3="72,95,124,66,130,38,21,31,73,57,0,12,122"/><U52/><E126/><V27/><F119/><W114/><G0/><T17/><D127/><U125/><E125/><V50/><F1/><W121/><G114/><T111/><D129/><U61/><E128/><V106/><F74/><W15/><G130/><T118/><D118/><U89/><E36/><V92/><F92/><W113/><G113/><T32/><D7/><U3/><E3/><V131/><F131/><W64/><G124/><T132/><D132/><U41/><E41/><V22/><F35/><W69/><G38/><T98/><D98/><U78/><E78/><V16/><F56/><W88/><G69/><T117/><D117/><U115/><E115/><V44/><F133/><W39/><G39/><T100/><D100/><U54/><E33/><V112/><F112/><W49/><G73/><T103/><D103/><U123/><E123/><V94/><F94/><W99/><G72/><T60/><D71/><U87/><E70/><V110/><F110/><N who="0" m="42026" /><D68/><U11/><E11/><V105/><F50/><W29/><G121/><T13/><D76/><U67/><E91/><V80/><F85/><W81/><G81/><T109/><D75/><U4/><E4/><V10/><F10/><W77/><G77/><T9/><N who="0" m="42034" /><T90/><DORA hai="86" /><D90/><U102/><E102/><V42/><F42/><W2/><G2/><T101/><D101/><U23/><E61/><V30/><REACH who="2" step="1"/><F22/><REACH who="2" ten="240,240,260,240" step="2"/><W28/><G21/><T79/><D63/><U93/><E23/><V59/><F59/><W47/><G57/><T55/><D60/><U40/><E40/><V120/><F120/><W97/><G122/><RYUUKYOKU ba="1,2" sc="240,-15,240,15,260,15,240,-15" hai1="6,8,14,24,25,52,54,58,62,67,87,89,93" hai2="16,18,19,20,27,30,44,45,80,82,104,105,106" /><INIT seed="1,2,2,0,3,62" ten="225,255,275,225" oya="1" hai0="81,38,26,56,22,35,18,135,15,95,45,16,123" hai1="60,85,93,41,79,124,25,129,57,67,86,107,110" hai2="29,87,122,39,77,69,102,10,99,8,49,46,2" hai3="44,27,51,82,106,14,117,71,53,116,91,114,131"/><U70/><E107/><V58/><F122/><W112/><G27/><T9/><D135/><U115/><E115/><V37/><F69/><W0/><G0/><T17/><D123/><U24/><E124/><V90/><F77/><W55/><G106/><T47/><D35/><U20/><E129/><V7/><F29/><W34/><G34/><T94/><D38/><U50/><E110/><V11/><F58/><W4/><G71/><T6/><D81/><N who="1" m="47295" /><E70/><V88/><F39/><W75/><G55/><T68/><D68/><U48/><E41/><V72/><F72/><W134/><G134/><T76/><D76/><U132/><E132/><V120/><F37/><W127/><G127/><T40/><D56/><U105/><E105/><V3/><F120/><W118/><G131/><T113/><D113/><U59/><E59/><V92/><F3/><W133/><G133/><T21/><D18/><N who="1" m="12311" /><E25/><V63/><F63/><W32/><G32/><T80/><D40/><U96/><E86/><V83/><F102/><AGARI ba="2,2" hai="48,50,57,60,67,93,96,102" m="12311,47295" machi="102" ten="30,2900,0" yaku="8,1,52,1" doraHai="62" who="1" fromWho="2" sc="225,0,255,55,275,-35,225,0" /><INIT seed="1,3,0,4,3,72" ten="225,310,240,225" oya="1" hai0="63,105,42,31,111,51,81,69,45,121,107,61,21" hai1="78,79,88,92,49,108,103,14,8,91,58,22,50" hai2="134,87,10,35,82,7,127,53,84,47,101,44,114" hai3="102,74,122,43,70,77,94,12,135,56,46,120,128"/><U3/><E3/><V80/><F35/><W104/><G70/><T30/><D111/><U29/><E108/><V132/><F127/><W124/><G124/><T123/><D81/><U96/><E22/><V76/><F101/><W125/><G125/><T129/><D129/><U52/><E29/><N who="0" m="10761" /><D21/><U48/><E91/><V113/><F53/><W100/><G104/><N who="0" m="40011" /><D69/><U93/><E93/><V83/><F83/><W20/><G128/><T130/><D130/><U112/><E103/><V71/><F71/><W59/><G94/><T116/><D116/><U25/><E25/><V40/><F10/><W89/><G74/><T15/><D15/><U126/><E126/><V2/><F7/><W1/><G20/><T95/><D95/><U41/><E112/><N who="2" m="43115" /><F2/><W90/><G1/><T64/><D64/><U23/><E23/><V62/><F62/><W97/><G12/><T36/><D63/><N who="1" m="36295" /><E41/><V65/><F65/><W106/><G43/><T86/><D42/><U109/><E109/><V67/><F67/><W24/><G24/><T33/><D33/><U4/><AGARI ba="3,0" hai="4,8,14,48,49,50,78,79,88,92,96" m="36295" machi="4" ten="30,12000,1" yaku="8,1,52,2,54,2" doraHai="72" who="1" fromWho="1" sc="225,-43,310,129,240,-43,225,-43" /><INIT seed="1,4,0,5,1,46" ten="182,439,197,182" oya="1" hai0="23,123,22,131,68,89,135,44,1,21,90,42,108" hai1="94,104,47,56,58,133,12,118,62,51,40,64,95" hai2="43,99,3,8,91,61,97,11,128,77,87,16,5" hai3="126,114,92,39,19,76,37,38,78,100,132,79,55"/><U41/><E104/><V49/><F77/><W85/><G114/><T98/><D68/><U102/><E118/><V69/><F128/><W70/><G70/><T124/><D1/><U34/><E34/><V32/><F32/><W28/><G28/><T59/><D131/><U53/><E133/><V14/><F69/><W50/><G132/><T9/><D135/><U48/><E102/><V107/><F61/><W71/><G71/><T54/><D108/><U120/><E120/><V74/><F74/><W119/><G119/><T122/><D124/><U30/><E30/><V35/><F35/><W17/><G126/><T31/><D9/><U127/><E127/><V96/><F107/><W88/><REACH who="3" step="1"/><G100/><REACH who="3" ten="182,439,197,172" step="2"/><T52/><D31/><U72/><E72/><V45/><REACH who="2" step="1"/><F99/><REACH who="2" ten="182,439,187,172" step="2"/><W0/><G0/><T93/><D122/><U7/><E41/><V66/><F66/><W2/><G2/><T63/><D123/><U103/><E103/><V73/><F73/><W36/><N who="3" m="9216" /><DORA hai="29" /><W112/><G112/><T129/><D129/><U117/><E117/><V57/><F57/><AGARI ba="4,2" hai="17,19,50,55,57,76,78,79,85,88,92" m="9216" machi="57" ten="70,8000,1" yaku="1,1,52,1,54,1,53,0" doraHai="46,29" doraHaiUra="4,110" who="3" fromWho="2" sc="182,0,439,0,187,-92,172,112" /><INIT seed="2,0,0,4,4,71" ten="182,439,95,284" oya="2" hai0="102,8,112,107,50,54,22,116,127,58,14,85,66" hai1="70,59,122,118,88,30,36,69,77,79,62,111,64" hai2="124,25,110,42,26,128,84,131,115,38,41,23,74" hai3="99,63,3,95,92,48,91,75,101,32,20,94,134"/><V56/><F74/><W81/><G32/><T93/><D112/><U73/><E73/><V65/><F115/><W4/><G63/><T86/><D107/><U126/><E118/><V117/><F117/><W46/><G134/><T11/><D116/><U90/><E30/><V98/><F124/><W27/><G3/><T51/><D127/><U0/><E0/><V1/><F1/><W105/><G4/><T97/><D66/><U40/><E59/><V57/><F98/><W130/><G130/><N who="2" m="49705" /><F110/><W16/><G75/><T24/><D51/><U114/><E70/><V72/><F72/><W43/><REACH who="3" step="1"/><G81/><REACH who="3" ten="182,439,95,274" step="2"/><T119/><D119/><U82/><E126/><V100/><F65/><W67/><G67/><T35/><D35/><U29/><E64/><V2/><F2/><W45/><G45/><T103/><D58/><U13/><E114/><V28/><F57/><W49/><G49/><T109/><D50/><U125/><E69/><V96/><F56/><W89/><AGARI ba="0,1" hai="16,20,27,43,46,48,89,91,92,94,95,99,101,105" machi="89" ten="30,4000,0" yaku="1,1,0,1,54,1,53,0" doraHai="71" doraHaiUra="104" who="3" fromWho="3" sc="182,-10,439,-10,95,-20,274,50" /><INIT seed="3,0,0,3,0,59" ten="172,429,75,324" oya="3" hai0="94,128,7,40,92,95,58,1,84,110,24,55,130" hai1="18,127,33,75,112,118,86,39,73,63,119,23,5" hai2="52,2,123,25,17,81,105,131,83,67,37,91,8" hai3="61,113,3,45,20,22,109,62,69,32,34,74,53"/><W28/><G74/><T11/><D110/><U68/><E33/><V65/><F37/><W115/><G3/><T122/><D122/><U6/><E39/><V10/><F105/><W29/><G45/><T16/><D40/><U103/><E103/><V60/><F131/><N who="0" m="50218" /><D24/><U72/><E86/><N who="2" m="50639" /><F2/><W19/><G19/><T117/><D117/><N who="1" m="44555" /><E127/><V41/><F41/><W9/><G53/><T93/><D93/><U129/><E112/><V120/><F83/><W12/><G12/><N who="0" m="7199" /><D7/><U30/><E30/><V57/><F123/><W77/><G77/><T126/><D1/><U104/><E104/><V102/><F102/><W21/><G21/><T31/><D31/><U70/><E129/><V108/><F108/><W97/><G109/><T114/><D126/><U0/><E0/><V99/><F120/><W54/><G54/><T76/><D114/><U71/><E5/><V14/><F25/><W15/><G15/><T66/><D76/><U101/><E6/><V49/><F99/><W96/><REACH who="3" step="1"/><G69/><REACH who="3" ten="172,429,75,314" step="2"/><T50/><D84/><U36/><E23/><N who="2" m="11703" /><F67/><AGARI ba="0,1" hai="50,55,58,66,67,92,94,95" m="7199,50218" machi="67" ten="30,2000,0" yaku="19,1,54,1" doraHai="59" who="0" fromWho="2" sc="172,30,429,0,75,-20,314,0" /><INIT seed="4,0,0,4,4,39" ten="202,429,55,314" oya="0" hai0="73,101,96,125,62,21,55,89,47,65,48,74,20" hai1="127,10,53,32,52,34,51,85,105,60,115,97,44" hai2="2,124,25,109,90,11,24,130,1,4,113,3,38" hai3="26,94,132,63,56,120,6,67,80,87,86,23,98"/><T103/><D125/><U83/><E127/><V5/><F124/><W33/><G33/><T71/><D89/><U102/><E115/><V64/><F64/><W107/><G107/><T123/><D123/><U135/><E135/><V28/><F38/><W22/><G132/><T42/><D101/><U14/><E53/><V100/><F100/><W128/><G128/><T41/><D21/><U16/><E60/><V19/><F90/><AGARI ba="0,0" hai="10,14,16,32,34,44,51,52,83,85,90,97,102,105" machi="90" ten="30,8000,1" yaku="7,1,25,2,54,2" doraHai="39" who="1" fromWho="2" sc="202,0,429,80,55,-80,314,0" owari="202,-20.0,509,62.0,-25,-53.0,314,11.0" /></mjloggm>