<mjloggm ver="2.3"><GO type="97" lobby="0"/><UN n0="%6B%75%72%6F%74%6F%6D%6F" n1="%E5%B0%B1%E6%B4%BB%E7%94%9F%40%E5%B7%9D%E6%9D%91%E8%BB%8D%E5%9B%A3" n2="%72%65%69%74%61%72%6F%75" n3="%E5%A4%A9%E8%8D%89%E4%BD%8D" dan="14,15,13,13" rate="1823.49,2051.38,1914.54,1870.20" sx="M,M,F,M"/><TAIKYOKU oya="0"/><INIT seed="0,0,0,5,1,2" ten="250,250,250,250" oya="0" hai0="101,129,51,52,8,32,9,121,46,14,66,63,89" hai1="44,48,41,5,6,11,26,16,98,39,3,56,72" hai2="80,64,102,68,106,37,128,38,35,53,115,125,104" hai3="54,62,78,103,76,122,133,119,0,90,73,111,116"/><T69/><D121/><U117/><E117/><V83/><F115/><W58/><G0/><T130/><D101/><U59/><E72/><V55/><F128/><W120/><G111/><T132/><D132/><U13/><E39/><N who="2" m="14859" /><F102/><W134/><G103/><T70/><D70/><U82/><E26/><V67/><F68/><W123/><G90/><T12/><D32/><U10/><E98/><V23/><F23/><W7/><G7/><N who="1" m="2570" /><E3/><V99/><F125/><W100/><G100/><T24/><D24/><U28/><E28/><V108/><F35/><W79/><REACH who="3" step="1"/><G73/><REACH who="3" ten="250,250,250,240" step="2"/><T85/><D130/><U57/><E82/><N who="2" m="31275" /><F108/><W29/><G29/><T47/><D129/><U110/><E110/><V97/><F99/><W92/><G92/><T107/><D107/><N who="2" m="41002" /><F97/><W22/><G22/><AGARI ba="0,1" hai="10,11,13,16,22,41,44,48,56,57,59" m="2570" machi="22" ten="30,8000,1" yaku="8,1,52,3,54,1" doraHai="2" who="1" fromWho="3" sc="250,0,250,90,250,0,240,-80" /><INIT seed="1,0,0,0,3,48" ten="250,340,250,160" oya="1" hai0="91,78,102,122,19,41,113,80,9,10,132,39,7" hai1="32,11,50,110,6,100,104,35,72,56,61,60,38" hai2="15,3,63,126,81,66,20,25,111,59,18,103,73" hai3="127,97,37,108,117,131,71,124,1,135,120,67,118"/><U57/><E38/><V101/><F3/><W24/><G67/><T30/><D113/><U89/><E72/><V79/><F111/><W90/><G24/><T12/><D102/><U40/><E110/><V133/><F126/><W17/><G17/><T16/><D132/><U93/><E100/><V82/><F82/><W29/><G29/><T74/><D122/><U47/><E104/><V125/><F133/><W31/><G31/><T69/><D30/><U70/><E70/><V65/><F125/><W106/><G90/><T55/><D69/><U92/><E35/><V43/><F66/><W130/><G97/><T94/><D39/><U42/><E32/><V114/><F114/><W109/><G108/><T129/><D129/><U33/><E33/><V76/><F76/><W128/><G127/><T112/><D41/><U54/><E42/><V88/><F43/><W134/><G118/><T87/><D112/><U28/><E28/><V4/><REACH who="2" step="1"/><F88/><REACH who="2" ten="250,340,240,160" step="2"/><W86/><G135/><T98/><D74/><U0/><E89/><V34/><F34/><W53/><G131/><T8/><D80/><U23/><E23/><V26/><F26/><W95/><G95/><T36/><D78/><U84/><E84/><V51/><F51/><W5/><G86/><T99/><D36/><U62/><E62/><V27/><F27/><W44/><G130/><T45/><D99/><U14/><E0/><V21/><F21/><W119/><G1/><T58/><D98/><U123/><E123/><V75/><F75/><W46/><G128/><T13/><D87/><U115/><E115/><V116/><F116/><RYUUKYOKU ba="0,1" sc="250,-15,340,15,240,15,160,-15" hai1="6,11,14,40,47,50,54,56,57,60,61,92,93" hai2="4,15,18,20,25,59,63,65,73,79,81,101,103" /><INIT seed="1,1,1,4,0,34" ten="235,355,255,145" oya="1" hai0="52,41,67,58,88,99,64,86,50,81,98,56,37" hai1="131,63,91,122,21,20,135,47,78,109,69,11,114" hai2="46,68,130,12,123,4,125,85,45,10,100,49,82" hai3="60,117,57,118,127,105,29,94,124,61,25,51,33"/><U27/><E114/><V55/><F123/><W102/><G105/><T66/><REACH who="0" step="1"/><D58/><REACH who="0" ten="225,355,255,145" step="2"/><U133/><E122/><V71/><F125/><N who="3" m="48203" /><G51/><T22/><D22/><U129/><E21/><V2/><F130/><W134/><G134/><T40/><D40/><U83/><E20/><V128/><F128/><W110/><G110/><T84/><D84/><U121/><E131/><V116/><F116/><N who="3" m="44651" /><G57/><T89/><D89/><U48/><E91/><V16/><F100/><W62/><G102/><T38/><D38/><U96/><E48/><V120/><F46/><AGARI ba="1,2" hai="37,41,46,50,52,56,64,66,67,81,86,88,98,99" machi="46" ten="40,8000,1" yaku="21,2,54,2,53,0" doraHai="34" doraHaiUra="24" who="0" fromWho="2" sc="225,103,355,0,255,-83,145,0" /><INIT seed="2,0,0,1,2,18" ten="328,355,172,145" oya="2" hai0="81,104,26,37,55,72,50,68,83,103,112,21,87" hai1="16,77,102,79,44,90,1,34,15,42,48,58,10" hai2="105,89,115,9,92,28,127,73,13,49,74,8,27" hai3="14,19,65,60,29,53,12,20,33,82,56,45,114"/><V46/><F115/><W129/><G114/><T96/><D37/><U128/><E34/><V108/><F105/><W57/><G129/><T135/><D135/><U123/><E123/><V38/><F38/><W88/><G33/><T17/><D112/><U62/><E128/><V94/><F127/><W119/><G119/><T107/><D68/><U106/><E1/><V43/><F108/><W41/><G29/><T126/><D126/><U2/><E2/><V69/><F69/><W7/><G7/><T133/><D133/><U130/><E130/><V51/><F51/><N who="3" m="27055" /><G14/><T117/><D117/><U52/><REACH who="1" step="1"/><E90/><REACH who="1" ten="328,345,172,145" step="2"/><V134/><F134/><W124/><G124/><T61/><D107/><U39/><E39/><V84/><F92/><W54/><G57/><T120/><D120/><U101/><E101/><V86/><F84/><AGARI ba="0,1" hai="12,19,20,53,54,56,60,65,82,84,88" m="27055" machi="84" ten="30,3900,0" yaku="8,1,52,1,54,1" doraHai="18" who="3" fromWho="2" sc="328,0,345,0,172,-39,145,49" /><INIT seed="3,0,0,2,0,63" ten="328,345,133,194" oya="3" hai0="68,37,23,38,110,72,35,87,15,36,111,53,43" hai1="2,129,10,125,130,89,82,128,64,97,9,13,58" hai2="119,123,94,16,76,3,45,100,84,112,75,0,88" hai3="73,135,104,83,118,50,27,33,102,133,47,42,66"/><W124/><G118/><T41/><D72/><U81/><E125/><V106/><F119/><W78/><G124/><T116/><D35/><U5/><E64/><V127/><F112/><W60/><G104/><T29/><D116/><U93/><E58/><V48/><F127/><W134/><G102/><T79/><D68/><U74/><E74/><V18/><F123/><W69/><G33/><T52/><D79/><U6/><AGARI ba="0,0" hai="2,5,6,9,10,13,81,82,89,93,97,128,129,130" machi="6" ten="40,2700,0" yaku="0,1,19,1" doraHai="63" who="1" fromWho="1" sc="328,-7,345,27,133,-7,194,-13" owari="321,12.0,372,47.0,126,-37.0,181,-22.0" /></mjloggm>