<mjloggm ver="2.3"><GO type="41" lobby="0"/><UN n0="%E3%81%BF%E3%81%A3%E3%81%8F%E3%82%8D%E3%83%BC%E3%82%93" n1="%E5%B0%B1%E6%B4%BB%E7%94%9F%40%E5%B7%9D%E6%9D%91%E8%BB%8D%E5%9B%A3" n2="%EF%BC%88%E6%9C%89%EF%BC%89%E3%81%92%E3%82%93%E3%81%9F%E3%82%8D" n3="%E3%82%AB%E3%83%A0%E3%83%AB%E3%83%BC%E3%83%81" dan="14,14,13,14" rate="1895.68,1972.24,1962.22,1967.39" sx="M,M,M,M"/><TAIKYOKU oya="0"/><INIT seed="0,0,0,3,0,0" ten="250,250,250,250" oya="0" hai0="126,107,7,80,98,120,114,10,46,131,103,40,95" hai1="53,22,100,8,21,97,132,11,74,12,71,117,58" hai2="70,92,121,27,134,133,57,31,35,3,94,101,43" hai3="118,77,28,50,26,52,69,17,56,13,130,29,59"/><T62/><D120/><U96/><E71/><V102/><F70/><W86/><G118/><T14/><D114/><U32/><E32/><V41/><F121/><W72/><G69/><T39/><D126/><U66/><E74/><V85/><F3/><W104/><G104/><T15/><D131/><U79/><E79/><V20/><F35/><W60/><G72/><T112/><D112/><U135/><E66/><V36/><F36/><W44/><G130/><T33/><D33/><U51/><E117/><V67/><F133/><N who="1" m="51273" /><E11/><V110/><F110/><W81/><G26/><T5/><D62/><U47/><E47/><V63/><F134/><W111/><G111/><T128/><D128/><U82/><E82/><V87/><F94/><W119/><G59/><T54/><D54/><U73/><E73/><V89/><F87/><W123/><G123/><T19/><D107/><N who="1" m="63879" /><E97/><V55/><F67/><N who="3" m="39303" /><G119/><T9/><REACH who="0" step="1"/><D80/><REACH who="0" ten="240,250,250,250" step="2"/><U42/><E42/><AGARI ba="0,1" hai="20,27,31,41,42,43,55,57,63,85,89,92,101,102" machi="42" ten="40,1300,0" yaku="8,1" doraHai="0" who="2" fromWho="1" sc="240,0,250,-13,250,23,250,0" /><INIT seed="1,0,0,1,0,62" ten="240,237,273,250" oya="1" hai0="133,84,115,104,111,24,49,77,36,19,98,9,60" hai1="13,22,74,68,88,65,126,37,69,38,124,93,122" hai2="114,53,129,81,47,61,70,83,72,121,109,26,50" hai3="55,41,135,52,89,56,25,67,32,27,75,42,107"/><U7/><E74/><V31/><F121/><W10/><G107/><T18/><D36/><U58/><E122/><V14/><F114/><W51/><G75/><T110/><D115/><U103/><E103/><V63/><F129/><W112/><G112/><T39/><D39/><U94/><E94/><V102/><F102/><W113/><G113/><T0/><D133/><U5/><E38/><V44/><F72/><W12/><G32/><T11/><D49/><U29/><E37/><V79/><F109/><N who="0" m="41482" /><D24/><N who="3" m="9289" /><G135/><T40/><D40/><U16/><E29/><V97/><F97/><W71/><G71/><T91/><D77/><U23/><E23/><V131/><F131/><W2/><G2/><T100/><D60/><N who="1" m="38039" /><E68/><V78/><F78/><W105/><G105/><T120/><D120/><U130/><E69/><V46/><F79/><W80/><G42/><T20/><D20/><U45/><E45/><V73/><F47/><W117/><G117/><T85/><D0/><U6/><E130/><V87/><F46/><W95/><G51/><T92/><D100/><U43/><E43/><V48/><F50/><W90/><G41/><T21/><D21/><U59/><E59/><V76/><F48/><W34/><G34/><T15/><D104/><U99/><E126/><V33/><F73/><W125/><G125/><T64/><D9/><N who="1" m="4287" /><E124/><V108/><F108/><W4/><G80/><T128/><D128/><U96/><E96/><V17/><F81/><W118/><G118/><T82/><D82/><U132/><E132/><V1/><F83/><W54/><G95/><T134/><D134/><U30/><E30/><RYUUKYOKU ba="0,0" sc="240,-15,237,15,273,-15,250,15" hai1="5,6,16,22,88,93,99" hai3="4,10,12,52,54,55,56,67,89,90" /><INIT seed="1,1,0,4,4,120" ten="225,252,258,265" oya="1" hai0="132,76,1,63,32,110,51,89,126,115,12,96,105" hai1="111,19,3,133,65,114,6,16,39,84,67,13,103" hai2="47,99,83,5,48,117,0,61,27,113,107,38,129" hai3="130,21,118,8,52,37,101,10,57,34,29,86,23"/><U7/><E39/><V69/><F117/><W30/><G37/><T85/><D1/><U77/><E114/><V41/><F113/><W72/><G72/><T60/><D32/><U127/><E3/><V45/><F129/><W66/><G130/><T54/><D115/><U135/><E103/><V79/><F27/><W56/><G34/><T134/><D76/><U15/><E77/><V17/><F17/><W36/><G36/><T74/><D74/><U71/><E84/><V18/><F18/><W43/><G101/><T28/><D28/><N who="3" m="10857" /><G43/><T121/><D121/><U78/><E78/><V116/><F116/><W128/><G128/><T20/><D126/><U106/><E127/><V68/><F61/><N who="3" m="38183" /><G86/><T25/><D12/><U104/><E71/><V64/><F64/><W62/><G118/><T42/><D42/><U46/><E46/><V11/><F99/><W26/><G23/><T50/><D96/><U131/><E131/><V55/><REACH who="2" step="1"/><F107/><REACH who="2" ten="225,252,248,265" step="2"/><W31/><AGARI ba="1,1" hai="8,10,21,26,31,52,57,62" m="38183,10857" machi="31" ten="30,2000,0" yaku="8,1,54,1" doraHai="120" who="3" fromWho="3" sc="225,-6,252,-11,248,-6,265,33" /><INIT seed="2,0,0,0,4,57" ten="219,241,242,298" oya="2" hai0="94,5,53,31,87,60,61,32,41,45,84,50,79" hai1="46,3,74,121,7,90,110,37,82,99,23,130,101" hai2="67,89,25,29,69,42,116,127,68,15,104,63,73" hai3="100,49,20,122,106,120,118,27,103,113,16,77,12"/><V54/><F116/><W18/><G118/><T33/><D5/><U119/><E119/><V55/><F69/><W14/><G113/><T75/><D75/><U115/><E115/><V72/><F127/><W36/><G36/><T86/><D79/><N who="1" m="44407" /><E90/><V80/><F104/><W123/><G77/><T8/><D8/><N who="1" m="2175" /><E23/><V17/><F42/><W56/><G106/><T95/><D53/><U65/><E65/><V48/><F89/><W35/><G35/><T102/><D33/><U81/><E81/><V131/><F131/><W13/><G18/><T11/><D11/><U28/><E28/><V22/><F80/><W71/><G71/><T24/><REACH who="0" step="1"/><D95/><REACH who="0" ten="209,241,242,298" step="2"/><N who="1" m="58623" /><E130/><V6/><F55/><W64/><G122/><T52/><D52/><U66/><E66/><V132/><F6/><W0/><G123/><T111/><D111/><U134/><E121/><V47/><REACH who="2" step="1"/><F132/><REACH who="2" ten="209,241,232,298" step="2"/><W85/><G120/><T1/><D1/><U44/><E134/><V129/><F129/><W4/><G4/><T78/><D78/><U97/><E110/><V26/><F26/><W51/><G0/><T10/><D10/><AGARI ba="0,2" hai="10,15,17,22,25,29,47,48,54,63,67,68,72,73" machi="10" ten="30,5800,0" yaku="1,1,7,1,52,1,53,0" doraHai="57" doraHaiUra="93" who="2" fromWho="0" sc="209,-58,241,0,232,78,298,0" /><INIT seed="2,1,0,5,3,109" ten="151,241,310,298" oya="2" hai0="22,53,59,117,111,84,25,34,55,116,68,65,27" hai1="58,56,133,32,38,39,93,78,62,18,12,15,66" hai2="97,20,125,31,123,130,96,63,101,46,64,5,114" hai3="71,72,112,37,52,60,1,43,9,95,119,44,134"/><V88/><F123/><W19/><G119/><N who="0" m="45643" /><D111/><U2/><E2/><V115/><F5/><W73/><G134/><T122/><D122/><U91/><E133/><V94/><F130/><W128/><G128/><T40/><D40/><U74/><E32/><V50/><F125/><W129/><G129/><T11/><D11/><U35/><E35/><V21/><F21/><W70/><G70/><T126/><D126/><U10/><E58/><V121/><F121/><W77/><G95/><T131/><D131/><U103/><E103/><V87/><F20/><W124/><G124/><T67/><D68/><U82/><REACH who="1" step="1"/><E15/><REACH who="1" ten="151,231,310,298" step="2"/><V104/><F31/><W92/><G71/><T135/><D135/><U42/><E42/><V127/><F127/><W49/><G43/><T29/><D59/><U33/><E33/><V86/><F64/><W98/><G1/><T4/><D65/><U16/><E16/><V8/><F8/><W41/><G19/><N who="0" m="12511" /><D67/><U51/><E51/><V14/><F14/><W85/><G9/><T54/><D4/><U47/><E47/><V61/><F61/><W110/><G60/><T13/><D13/><U57/><E57/><V0/><F63/><W69/><G69/><T81/><D53/><U107/><E107/><V120/><F0/><W113/><G52/><T24/><D24/><U99/><AGARI ba="1,1" hai="10,12,18,38,39,56,62,66,74,78,82,91,93,99" machi="99" ten="20,5200,0" yaku="1,1,0,1,7,1,53,1" doraHai="109" doraHaiUra="75" who="1" fromWho="1" sc="151,-14,231,65,310,-27,298,-14" /><INIT seed="3,0,0,3,2,44" ten="137,296,283,284" oya="3" hai0="5,46,129,117,80,120,85,65,86,112,8,11,84" hai1="62,133,22,114,76,51,18,16,58,69,28,94,60" hai2="59,87,79,113,61,64,116,88,1,102,68,26,109" hai3="12,63,40,107,49,82,41,123,13,39,93,38,56"/><W50/><G123/><T96/><D117/><U101/><E69/><V32/><F116/><W71/><G107/><T23/><D120/><U78/><E114/><V20/><F1/><W126/><G82/><T55/><D112/><U33/><E33/><V34/><F113/><W130/><G71/><T66/><D129/><U121/><E133/><V75/><F102/><W57/><G93/><T67/><D96/><N who="1" m="59543" /><E121/><V73/><F109/><W36/><G130/><T104/><D104/><U134/><E28/><V37/><F37/><W43/><G12/><T125/><D125/><U110/><E110/><V0/><F0/><W52/><G13/><T97/><D97/><U47/><E18/><V31/><F79/><N who="1" m="30249" /><E58/><V54/><F34/><W74/><G126/><T111/><D111/><U19/><E19/><V27/><F27/><W124/><G124/><T92/><D80/><U4/><E4/><V119/><F32/><W135/><G135/><T132/><D132/><U6/><E6/><V30/><F30/><W35/><G35/><T3/><D92/><U81/><E81/><V42/><F119/><W95/><G95/><T90/><D90/><U2/><E2/><V127/><F127/><W99/><G99/><T89/><D89/><U48/><E134/><V91/><F91/><W17/><G17/><T122/><D122/><U7/><E7/><V100/><F100/><W118/><G118/><T131/><D131/><U25/><E47/><V105/><F105/><W103/><G103/><T106/><D106/><U10/><E10/><V53/><F31/><W45/><G74/><T70/><D3/><RYUUKYOKU ba="0,0" sc="137,-15,296,15,283,-15,284,15" hai1="16,22,25,48,51,60,62" hai3="36,38,39,40,41,43,45,49,50,52,56,57,63" /><INIT seed="3,1,0,4,2,53" ten="122,311,268,299" oya="3" hai0="49,88,8,5,58,33,78,74,102,55,34,91,20" hai1="29,25,31,26,9,89,95,52,68,70,98,113,97" hai2="21,59,124,72,118,60,23,99,90,130,105,119,4" hai3="47,115,86,32,85,11,135,134,10,51,28,39,122"/><W81/><G122/><T7/><D102/><U61/><E113/><V103/><F130/><W123/><G123/><T15/><D74/><U38/><E38/><V2/><F124/><W83/><G39/><T120/><D78/><U6/><E68/><V131/><F131/><W93/><G115/><T12/><D120/><U112/><E112/><V109/><F72/><W128/><G128/><T19/><REACH who="0" step="1"/><D7/><REACH who="0" ten="112,311,268,299" step="2"/><U65/><E6/><V41/><F4/><W104/><G104/><T63/><D63/><U114/><E114/><V100/><F109/><W30/><G135/><T92/><D92/><U1/><E95/><V24/><F103/><W96/><G134/><T125/><D125/><U42/><E61/><V110/><F110/><W18/><G93/><T46/><D46/><U94/><E94/><V44/><F90/><AGARI ba="1,1" hai="5,8,12,15,19,20,33,34,49,55,58,88,90,91" machi="90" ten="40,5200,0" yaku="1,1,52,1,54,1,53,0" doraHai="53" doraHaiUra="107" who="0" fromWho="2" sc="112,65,311,0,268,-55,299,0" /><INIT seed="4,0,0,2,1,98" ten="177,311,213,299" oya="0" hai0="47,117,86,58,8,5,6,53,64,34,38,88,16" hai1="78,10,132,123,74,15,51,49,110,21,90,83,79" hai2="127,17,11,52,89,25,77,108,28,103,56,99,35" hai3="26,46,70,111,32,101,20,24,27,2,67,81,45"/><T1/><D34/><U134/><E110/><V104/><F108/><W109/><G2/><T120/><D120/><U54/><E123/><V93/><F127/><W129/><G70/><T23/><D117/><U42/><E42/><V135/><F135/><N who="1" m="51753" /><E21/><V40/><F40/><W18/><G67/><T87/><D64/><U100/><E100/><V76/><F11/><W22/><G101/><T125/><D125/><U128/><E128/><V50/><REACH who="2" step="1"/><F17/><REACH who="2" ten="177,311,203,299" step="2"/><W31/><G111/><T60/><D8/><U33/><E10/><V29/><F29/><W115/><G18/><T80/><D1/><U124/><E124/><V12/><F12/><W0/><G31/><T69/><D38/><U92/><E15/><V30/><F30/><W113/><G0/><T75/><D75/><U91/><E74/><V37/><F37/><W112/><G81/><N who="0" m="49231" /><D69/><U95/><E83/><V122/><F122/><W55/><G109/><T66/><D6/><U105/><E78/><V48/><F48/><W57/><G129/><T65/><D5/><U7/><E79/><V9/><F9/><W39/><G39/><T72/><D72/><U118/><E51/><V4/><F4/><W71/><G71/><T119/><D119/><U131/><E7/><V43/><F43/><W62/><G32/><T130/><D130/><U97/><E33/><V85/><AGARI ba="0,1" hai="25,28,35,50,52,56,76,77,85,89,93,99,103,104" machi="85" ten="20,8000,1" yaku="1,1,0,1,7,1,52,1,54,1,53,0" doraHai="98" doraHaiUra="114" who="2" fromWho="2" sc="177,-40,311,-20,203,90,299,-20" /><INIT seed="5,0,0,3,1,123" ten="137,291,293,279" oya="1" hai0="44,57,64,14,59,110,126,94,47,70,82,72,5" hai1="37,83,87,63,25,88,128,51,97,129,28,66,4" hai2="69,29,61,108,104,56,118,77,21,134,80,132,102" hai3="111,99,9,100,26,135,84,31,107,121,78,95,35"/><U65/><E37/><V114/><F118/><W133/><G121/><T67/><D126/><U13/><E97/><V58/><F69/><W93/><G9/><T22/><D5/><U19/><E4/><V48/><F104/><W36/><G36/><T23/><D70/><U15/><E51/><V125/><F102/><W103/><G103/><T24/><D14/><U92/><E83/><V113/><F125/><W33/><G33/><T76/><D94/><U96/><E87/><V85/><F29/><W49/><G49/><T41/><D41/><U89/><E89/><V124/><F124/><W53/><G53/><T73/><D82/><U16/><E15/><V3/><F3/><W10/><G10/><T101/><D101/><U27/><E27/><V11/><F11/><W105/><G105/><T32/><D76/><U30/><E30/><V54/><F21/><W18/><G18/><N who="1" m="6698" /><E63/><V52/><REACH who="2" step="1"/><F108/><REACH who="2" ten="137,291,283,279" step="2"/><W0/><G0/><T6/><D6/><U115/><E13/><V38/><F38/><W55/><G111/><T109/><REACH who="0" step="1"/><D24/><REACH who="0" ten="127,291,283,279" step="2"/><U20/><E25/><V8/><F8/><W117/><G26/><T98/><D98/><U12/><E96/><V1/><F1/><W43/><G99/><T45/><D45/><U7/><E12/><V39/><F39/><W90/><G107/><T91/><D91/><U79/><E7/><V46/><F46/><W75/><G90/><T120/><D120/><U17/><E28/><V127/><F127/><W106/><G31/><T116/><D116/><U74/><E20/><V40/><F40/><W122/><G43/><T71/><D71/><RYUUKYOKU ba="0,2" sc="127,15,291,-15,283,15,279,-15" hai0="22,23,32,44,47,57,59,64,67,72,73,109,110" hai2="48,52,54,56,58,61,77,80,85,113,114,132,134" /><INIT seed="6,1,2,5,4,92" ten="142,276,298,264" oya="2" hai0="4,56,130,135,69,85,21,102,22,5,0,118,6" hai1="31,71,98,97,53,119,126,45,70,128,10,87,13" hai2="76,64,109,111,78,88,17,12,93,37,121,83,99" hai3="66,36,61,117,105,40,63,133,74,28,55,132,68"/><V24/><F37/><W114/><G74/><T44/><D69/><U48/><E119/><V26/><F121/><W3/><G3/><T72/><D72/><U86/><E126/><V90/><F64/><W79/><G79/><T46/><D118/><U80/><E128/><V131/><F131/><W100/><G117/><T50/><D130/><U54/><E31/><V110/><F90/><W23/><G28/><T122/><D0/><U59/><E71/><V51/><F51/><W94/><G105/><T25/><D122/><U9/><E70/><V113/><F113/><W16/><G114/><T82/><D135/><N who="3" m="51785" /><G55/><N who="0" m="31863" /><D102/><U95/><E95/><V20/><F78/><W84/><G66/><T104/><D104/><U67/><E67/><V65/><F65/><W19/><G68/><T1/><D1/><U89/><E86/><AGARI ba="1,2" hai="12,17,20,24,26,76,83,86,88,93,99,109,110,111" machi="86" ten="40,7700,0" yaku="10,1,52,1,54,1" doraHai="92" who="2" fromWho="1" sc="142,0,276,-80,298,100,264,0" /><INIT seed="6,2,0,4,1,35" ten="142,196,398,264" oya="2" hai0="32,105,11,28,30,91,112,56,14,69,50,31,129" hai1="15,124,80,13,89,45,106,0,54,1,58,70,121" hai2="51,10,118,40,93,111,98,22,18,79,103,27,96" hai3="122,8,3,84,110,60,53,81,49,38,64,86,17"/><V109/><F118/><W73/><G110/><T29/><N who="0" m="7168" /><DORA hai="108" /><T119/><D119/><U19/><E70/><V102/><F79/><W71/><G122/><T131/><D32/><U6/><E106/><V52/><F40/><W97/><G38/><T41/><D69/><U100/><E100/><V66/><F66/><W101/><G73/><T21/><D105/><U5/><E45/><V42/><F42/><W12/><G81/><T65/><D21/><U16/><E124/><V2/><F2/><W44/><REACH who="3" step="1"/><G3/><REACH who="3" ten="142,196,398,254" step="2"/><T130/><D91/><U23/><E89/><V82/><F82/><W9/><G9/><T113/><D65/><U120/><E80/><V125/><F125/><W68/><G68/><T87/><D87/><U26/><E121/><V37/><F37/><W117/><G117/><T4/><REACH who="0" step="1"/><D56/><REACH who="0" ten="132,196,398,254" step="2"/><U39/><E120/><V57/><REACH who="2" step="1"/><F10/><REACH who="2" ten="132,196,388,254" step="2"/><W128/><G128/><T75/><D75/><U72/><E72/><V104/><AGARI ba="2,3" hai="18,22,27,51,52,57,93,96,98,102,103,104,109,111" machi="104" ten="30,11700,0" yaku="1,1,2,1,0,1,54,1,53,0" doraHai="35,108" doraHaiUra="74,7" who="2" fromWho="2" sc="132,-41,196,-41,388,153,254,-41" /><INIT seed="6,3,0,5,3,79" ten="91,155,541,213" oya="2" hai0="19,101,42,4,48,13,70,35,53,8,110,85,17" hai1="27,43,75,7,59,130,25,44,82,33,73,125,14" hai2="39,111,120,76,2,104,28,58,1,69,83,122,21" hai3="31,9,68,56,107,96,0,109,123,65,26,24,92"/><V133/><F69/><W67/><G123/><T30/><D70/><U77/><E125/><V63/><F104/><W124/><G107/><T99/><D110/><U131/><E73/><V97/><F39/><W78/><G109/><T6/><D35/><U116/><E116/><V34/><F34/><W135/><G124/><T66/><D66/><U81/><E59/><V87/><F111/><W49/><G68/><T105/><D30/><U15/><E33/><V22/><F22/><W61/><G67/><T64/><D64/><U47/><E75/><V80/><F2/><W52/><G31/><T71/><D71/><U62/><E77/><V134/><F1/><W84/><G9/><T132/><D42/><U5/><E62/><V57/><F97/><W74/><G74/><T32/><D32/><U40/><AGARI ba="3,0" hai="5,7,14,15,25,27,40,43,44,47,81,82,130,131" machi="40" ten="25,8000,1" yaku="0,1,22,2,52,2" doraHai="79" who="1" fromWho="1" sc="91,-23,155,89,541,-43,213,-23" /><INIT seed="7,0,0,2,3,36" ten="68,244,498,190" oya="3" hai0="57,53,103,4,66,83,78,127,129,25,38,124,94" hai1="125,15,113,12,67,89,70,72,61,47,22,77,51" hai2="49,126,104,91,101,19,21,102,88,46,87,59,105" hai3="121,82,14,128,74,50,31,32,8,112,117,114,40"/><W93/><G121/><T44/><D129/><U29/><E89/><V42/><F105/><W60/><G117/><T30/><D4/><U110/><E110/><V56/><F126/><W55/><G128/><T34/><D66/><U120/><E120/><V132/><F104/><W37/><G60/><T75/><D124/><U48/><E125/><V116/><F91/><W43/><G37/><T100/><D127/><U3/><E3/><V106/><F106/><W92/><G32/><T62/><D94/><N who="3" m="36457" /><G31/><T7/><D7/><U119/><E119/><V115/><F49/><W27/><G27/><T9/><D9/><U63/><E77/><V133/><F21/><W81/><G74/><T96/><D96/><U134/><E72/><V28/><F28/><W130/><G130/><T5/><D5/><U17/><E29/><V123/><F123/><W18/><G114/><T111/><D111/><U80/><E22/><V84/><F115/><W76/><G112/><T16/><D16/><U118/><E17/><V24/><F116/><W135/><G135/><T26/><D26/><U0/><E0/><V107/><F24/><W85/><G81/><T65/><D38/><U52/><E113/><V39/><F39/><W90/><G76/><T68/><D68/><U64/><E80/><V45/><F107/><W79/><G79/><T58/><D44/><AGARI ba="0,0" hai="8,14,18,40,43,44,50,55,82,85,90" m="36457" machi="44" ten="30,11600,0" yaku="25,1,8,1,52,2" doraHai="36" who="3" fromWho="0" sc="68,-116,244,0,498,0,190,116" owari="-48,-55.0,244,-16.0,498,60.0,306,11.0" /></mjloggm>