<mjloggm ver="2.3"><GO type="169" lobby="0"/><UN n0="%E9%AB%98%E6%9D%89%E6%99%8B%E4%BD%9C" n1="%74%61%6E%61%4B%61" n2="%E3%82%A6%E3%83%AB%E3%83%88%E3%83%A9%E7%AB%8B%E7%9B%B4" n3="%62%75%74%69%74%61%6D%61" dan="16,16,17,18" rate="2130.33,2110.56,2139.07,2176.23" sx="F,M,M,M"/><TAIKYOKU oya="0"/><INIT seed="0,0,0,5,3,113" ten="250,250,250,250" oya="0" hai0="128,112,70,48,21,99,80,54,50,71,110,95,86" hai1="68,101,64,79,51,123,84,119,53,78,118,19,92" hai2="29,134,91,0,126,30,31,13,135,17,108,33,98" hai3="122,35,47,66,82,94,49,103,37,72,14,34,12"/><T120/><D120/><U111/><E123/><V25/><F91/><W22/><G37/><T114/><D128/><U16/><E111/><V83/><F98/><W109/><G109/><T23/><D110/><U77/><E64/><V36/><F83/><W132/><G132/><N who="2" m="50729" /><F36/><W40/><G35/><T45/><D50/><U115/><E68/><V1/><F108/><W60/><G34/><T7/><D7/><U116/><E115/><V46/><F46/><W130/><G22/><T102/><D21/><U20/><E20/><N who="2" m="11311" /><F126/><W26/><G26/><T107/><D112/><U6/><E6/><V28/><AGARI ba="0,0" hai="0,1,25,28,29,30,31,33" m="11311,50729" machi="28" ten="40,5200,0" yaku="20,1,34,2" doraHai="113" who="2" fromWho="2" sc="250,-26,250,-13,250,52,250,-13" /><INIT seed="1,0,0,5,4,15" ten="224,237,302,237" oya="1" hai0="62,132,104,0,97,57,109,127,26,28,36,81,53" hai1="6,101,90,114,71,94,59,117,103,116,82,67,110" hai2="42,93,74,68,27,64,9,29,44,100,32,49,77" hai3="61,78,89,111,45,48,70,46,69,37,56,52,23"/><U130/><E114/><V30/><F30/><W16/><G111/><T19/><D109/><U120/><E110/><V72/><F77/><W135/><G135/><T22/><D0/><U75/><E120/><V121/><F121/><W1/><G1/><T73/><D36/><U35/><E71/><V40/><F40/><W106/><G106/><T131/><D132/><U43/><E35/><V39/><F49/><W122/><G122/><T129/><D127/><U55/><E130/><V4/><F93/><W54/><G78/><T24/><D73/><U118/><E67/><V105/><F9/><W7/><G7/><T14/><D81/><U134/><E134/><V17/><F4/><W10/><G10/><T91/><D24/><U66/><E66/><V133/><F17/><W18/><G18/><T112/><D112/><U63/><E43/><V83/><F83/><W2/><G2/><T86/><D86/><U115/><E115/><V11/><F11/><W58/><G89/><T126/><D126/><U128/><E128/><V20/><F20/><W79/><G79/><T3/><D3/><U123/><E123/><V99/><F133/><W33/><G33/><T102/><REACH who="0" step="1"/><D91/><REACH who="0" ten="214,237,302,237" step="2"/><U85/><E75/><V84/><F84/><W125/><G125/><T95/><D95/><U108/><E108/><V98/><F98/><W12/><REACH who="3" step="1"/><G37/><REACH who="3" ten="214,237,302,227" step="2"/><T31/><D31/><U87/><REACH who="1" step="1"/><E6/><REACH who="1" ten="214,227,302,227" step="2"/><V80/><F80/><W119/><G119/><T47/><D47/><AGARI ba="0,3" hai="12,16,23,45,46,47,48,52,54,56,58,61,69,70" machi="47" ten="40,8000,1" yaku="1,1,52,1,54,2,53,0" doraHai="15" doraHaiUra="38" who="3" fromWho="0" sc="214,-80,227,0,302,0,227,110" /><INIT seed="2,0,0,0,3,57" ten="134,227,302,337" oya="2" hai0="9,15,35,100,46,24,66,6,76,105,104,124,101" hai1="22,37,87,25,47,60,93,119,68,23,11,18,48" hai2="120,29,109,40,19,56,116,5,115,17,97,16,62" hai3="98,13,65,125,70,36,0,95,131,83,61,121,27"/><V75/><F75/><W28/><G0/><T54/><D124/><U126/><E126/><V51/><F120/><W10/><G36/><T26/><D76/><U135/><E119/><V1/><F116/><W89/><G125/><T63/><D104/><U92/><E37/><V73/><F73/><W74/><G131/><T110/><D110/><U85/><E135/><V86/><F115/><W7/><G121/><T72/><D72/><U42/><E11/><V41/><F1/><W69/><G69/><T21/><D35/><U118/><E118/><V77/><F5/><W8/><G8/><T81/><D81/><U3/><E3/><V80/><F109/><W88/><G74/><T59/><D105/><U132/><E132/><V53/><F29/><W79/><G79/><T82/><D82/><U107/><E107/><V117/><F117/><W14/><G14/><T84/><D84/><U129/><E129/><V43/><F97/><W96/><G83/><T122/><D122/><U4/><E4/><V55/><F55/><W133/><G133/><T111/><D111/><U114/><E114/><V130/><F130/><W34/><REACH who="3" step="1"/><G98/><REACH who="3" ten="134,227,302,327" step="2"/><T39/><D26/><N who="1" m="14679" /><E85/><V52/><F41/><W38/><G38/><T44/><D39/><U134/><E87/><V102/><F102/><AGARI ba="0,1" hai="7,10,13,27,28,34,61,65,70,88,89,95,96,102" machi="102" ten="30,7700,0" yaku="1,1,7,1,52,1,54,1,53,0" doraHai="57" doraHaiUra="103" who="3" fromWho="2" sc="134,0,227,0,302,-77,327,87" /><INIT seed="3,0,0,3,2,117" ten="134,227,225,414" oya="3" hai0="25,98,78,34,87,16,58,29,48,64,83,6,112" hai1="54,68,120,20,115,108,99,93,106,101,42,5,15" hai2="65,77,66,122,41,89,105,95,135,19,35,110,61" hai3="63,119,100,82,103,116,134,73,85,126,56,111,131"/><W102/><G73/><T8/><D112/><U97/><E115/><V130/><F105/><W23/><G134/><T38/><D38/><U39/><E68/><V27/><F135/><W49/><G126/><T129/><D129/><U40/><E108/><V1/><F110/><W7/><G131/><T80/><D98/><U59/><E120/><V92/><F1/><W12/><G111/><T36/><D36/><U76/><E76/><V14/><F130/><W10/><G49/><T62/><D48/><U132/><E132/><V57/><F77/><W37/><G37/><T128/><D128/><U43/><E39/><V51/><F35/><W46/><G46/><T52/><D83/><U104/><E99/><V125/><F27/><W91/><REACH who="3" step="1"/><G23/><REACH who="3" ten="134,227,225,404" step="2"/><T21/><D34/><U81/><E20/><V121/><F125/><W109/><G109/><T30/><REACH who="0" step="1"/><D64/><AGARI ba="0,1" hai="7,10,12,56,63,64,82,85,91,100,102,103,116,119" machi="64" ten="40,3900,0" yaku="1,1,53,1" doraHai="117" doraHaiUra="86" who="3" fromWho="0" sc="134,-39,227,0,225,0,404,49" /><INIT seed="3,1,0,4,4,122" ten="95,227,225,453" oya="3" hai0="87,36,73,82,40,97,39,12,123,127,94,35,64" hai1="58,120,30,71,34,45,47,17,121,23,21,118,93" hai2="60,72,115,95,69,112,11,27,51,56,96,14,78" hai3="18,31,108,68,19,65,114,134,116,135,13,41,5"/><W81/><G114/><T90/><D35/><U75/><E71/><V3/><F3/><W0/><G116/><T61/><D123/><U9/><E75/><V132/><F132/><W10/><G41/><T104/><D127/><U66/><E118/><V102/><F69/><W84/><G31/><T77/><D40/><U91/><E34/><V106/><F106/><W57/><G68/><T124/><D124/><U20/><E30/><V98/><F78/><W125/><G125/><T109/><D12/><N who="1" m="7311" /><E120/><V131/><F72/><W70/><G70/><T92/><D92/><U50/><E121/><V54/><F131/><W83/><G83/><T99/><D99/><N who="1" m="57791" /><E66/><V33/><F96/><W38/><G38/><T100/><REACH who="0" step="1"/><D109/><REACH who="0" ten="85,227,225,453" step="2"/><U76/><E76/><V128/><F33/><W89/><G108/><T74/><D74/><U29/><E29/><V111/><F111/><W126/><G126/><T48/><D48/><U28/><E28/><V4/><F128/><W25/><G0/><T15/><D15/><U85/><E85/><V49/><F27/><W55/><G25/><T119/><D119/><U129/><E129/><V86/><F86/><W7/><G65/><T26/><D26/><U110/><E110/><V24/><F24/><W52/><G84/><T8/><D8/><U62/><E50/><N who="2" m="18955" /><F115/><W88/><G13/><T1/><D1/><U101/><E47/><V32/><F32/><W37/><G10/><T44/><D44/><U103/><E45/><V16/><F112/><W43/><G43/><T53/><D53/><U63/><E62/><V105/><F95/><W42/><G42/><RYUUKYOKU ba="1,1" sc="85,10,227,10,225,10,453,-30" hai0="36,39,61,64,73,77,82,87,90,94,97,100,104" hai1="20,21,23,58,63,101,103" hai2="4,11,14,16,54,56,60,98,102,105" /><INIT seed="4,2,1,0,5,31" ten="95,237,235,423" oya="0" hai0="80,78,41,3,35,46,15,107,64,49,66,39,65" hai1="134,68,51,23,95,62,113,10,18,112,118,47,93" hai2="97,90,83,54,108,122,100,92,123,9,16,124,129" hai3="17,29,52,91,60,40,89,5,71,8,130,72,27"/><T38/><D107/><U22/><E118/><V59/><F108/><W84/><G72/><T32/><D3/><U11/><E134/><V36/><F36/><W58/><G130/><T126/><D126/><U115/><E68/><V86/><F124/><W73/><G73/><T56/><D15/><N who="1" m="9567" /><E62/><V105/><F129/><W82/><G17/><T37/><REACH who="0" step="1"/><D56/><REACH who="0" ten="85,237,235,423" step="2"/><U131/><E131/><V77/><F105/><W7/><G58/><T6/><D6/><U85/><E113/><V102/><F123/><W132/><G5/><T70/><D70/><U114/><E112/><V45/><F122/><W111/><G7/><T2/><D2/><U116/><E114/><V74/><F74/><AGARI ba="2,2" hai="32,35,37,38,39,41,46,49,64,65,66,74,78,80" machi="74" ten="50,18000,2" yaku="1,1,52,2,53,3" doraHai="31" doraHaiUra="69" who="0" fromWho="2" sc="85,206,237,0,235,-186,423,0" /><INIT seed="4,3,0,4,0,128" ten="291,237,49,423" oya="0" hai0="37,55,9,123,53,97,115,35,18,57,49,134,56" hai1="17,31,45,96,4,14,3,133,95,125,29,60,135" hai2="109,1,106,40,64,24,36,126,26,78,32,23,47" hai3="83,70,33,104,21,71,50,51,131,22,67,105,62"/><T72/><D123/><U19/><E125/><V121/><F121/><W98/><G33/><T54/><D37/><U7/><E45/><V10/><F126/><W86/><G71/><T11/><D35/><U100/><E60/><V82/><F109/><W80/><G80/><T112/><D72/><U120/><E120/><V85/><F106/><W117/><G131/><T15/><D97/><U81/><E81/><V12/><F1/><W25/><G21/><T132/><D11/><N who="1" m="2463" /><E7/><V34/><F64/><W127/><G117/><T102/><D102/><U107/><E107/><V13/><F26/><W39/><G39/><T48/><REACH who="0" step="1"/><D54/><REACH who="0" ten="281,237,49,423" step="2"/><U8/><E19/><V92/><F32/><W44/><G98/><T118/><D118/><U30/><E29/><V88/><F34/><W5/><G127/><T94/><D94/><U87/><E30/><V43/><F10/><W74/><G74/><T103/><D103/><U130/><E31/><V28/><REACH who="2" step="1"/><F43/><REACH who="2" ten="281,237,39,423" step="2"/><N who="3" m="24863" /><G105/><T89/><D89/><U61/><E130/><V68/><F68/><W93/><G104/><T101/><D101/><U111/><E100/><V119/><F119/><W91/><G70/><T122/><D122/><U75/><E8/><V59/><F59/><W16/><G91/><T116/><D116/><U90/><E90/><V114/><F114/><AGARI ba="3,2" hai="9,15,18,48,49,53,55,56,57,112,114,115,132,134" machi="114" ten="40,24000,3" yaku="1,1,9,1,15,1,52,2,53,3" doraHai="128" doraHaiUra="108" who="0" fromWho="2" sc="281,269,237,0,39,-249,423,0" owari="550,65.0,237,-16.0,-210,-71.0,423,22.0" /></mjloggm>