<mjloggm ver="2.3"><GO type="169" lobby="0"/><UN n0="%E3%82%A6%E3%83%AB%E3%83%88%E3%83%A9%E7%AB%8B%E7%9B%B4" n1="%E3%83%9F%E3%82%B9%E5%8C%97%E5%8D%83%E4%BD%8F" n2="%2D%42%4B%32%30%31%2D" n3="%72%69%6F%75%63%68%61%6E" dan="18,18,16,16" rate="2185.84,2211.56,2100.94,2087.68" sx="M,M,M,M"/><TAIKYOKU oya="0"/><INIT seed="0,0,0,0,5,23" ten="250,250,250,250" oya="0" hai0="121,14,15,108,0,115,68,114,126,9,29,36,3" hai1="63,88,52,111,49,77,103,131,73,39,92,4,101" hai2="109,107,59,122,37,17,21,2,10,16,42,33,55" hai3="106,13,79,132,57,85,89,110,20,102,75,18,129"/><T8/><D36/><U34/><E39/><V47/><F122/><W95/><G110/><T25/><D68/><U32/><E111/><V60/><F109/><W50/><G129/><T65/><D65/><U128/><E4/><V28/><F107/><W98/><G132/><T120/><D108/><U30/><E63/><V134/><F134/><W99/><G99/><T56/><D56/><N who="1" m="32783" /><E77/><V104/><F104/><W112/><G112/><T26/><REACH who="0" step="1"/><D29/><REACH who="0" ten="240,250,250,250" step="2"/><U41/><E30/><V5/><REACH who="2" step="1"/><F33/><REACH who="2" ten="240,250,240,250" step="2"/><W22/><G57/><T40/><D40/><U51/><E34/><V91/><F91/><W66/><G89/><T69/><D69/><U70/><E32/><V54/><F54/><W11/><G66/><T71/><D71/><U38/><E70/><V72/><F72/><W94/><G75/><T58/><D58/><U83/><E41/><V82/><F82/><W90/><G90/><T81/><D81/><U123/><E83/><V118/><F118/><W27/><G102/><T93/><D93/><U87/><E73/><V62/><F62/><W117/><G95/><T86/><D86/><U96/><E103/><V78/><F78/><W48/><G94/><T61/><D61/><U24/><E101/><V127/><F127/><AGARI ba="0,2" hai="0,3,8,9,14,15,25,26,114,115,120,121,126,127" machi="127" ten="25,24000,3" yaku="1,1,22,2,34,3,52,2,53,0" doraHai="23" doraHaiUra="97" who="0" fromWho="2" sc="240,260,250,0,240,-240,250,0" /><INIT seed="0,1,0,4,5,50" ten="500,250,0,250" oya="0" hai0="130,60,126,20,72,56,111,122,37,117,29,18,105" hai1="113,10,107,51,65,85,100,26,68,99,46,45,62" hai2="80,12,78,70,108,91,28,76,11,125,95,5,43" hai3="24,32,88,115,109,41,4,110,119,128,63,75,17"/><T120/><D117/><U58/><E113/><V54/><F70/><W98/><G119/><T127/><D105/><U90/><E10/><V103/><F108/><N who="3" m="41579" /><G115/><T67/><D111/><U16/><E16/><V124/><F43/><W106/><G75/><T64/><D72/><U87/><E26/><V101/><F28/><N who="3" m="19463" /><G128/><T25/><D130/><U102/><E102/><N who="2" m="38923" /><F80/><W132/><G132/><T71/><D37/><U112/><E112/><V22/><F22/><W36/><G106/><T93/><D93/><U53/><E85/><N who="2" m="52719" /><F54/><W114/><G114/><T44/><D29/><U81/><AGARI ba="1,0" hai="45,46,51,53,58,62,65,68,81,87,90,99,100,107" machi="81" ten="20,2700,0" yaku="0,1,7,1,52,1" doraHai="50" who="1" fromWho="1" sc="500,-14,250,30,0,-8,250,-8" owari="486,59.0,280,8.0,-8,-51.0,242,-16.0" /></mjloggm>