<mjloggm ver="2.3"><GO type="97" lobby="0"/><UN n0="%E4%B8%89%E6%B2%A2%E7%9C%9F%E5%B8%86%E2%99%AA" n1="%E7%94%B7%E5%B1%B1" n2="%E3%83%95%E3%82%A7%E3%82%A4%E3%83%88%E3%81%A1%E3%82%83%E3%82%93" n3="%E5%B0%B1%E6%B4%BB%E7%94%9F%40%E5%B7%9D%E6%9D%91%E8%BB%8D%E5%9B%A3" dan="13,15,14,15" rate="1825.01,1967.10,1923.26,1980.89" sx="F,M,M,M"/><TAIKYOKU oya="0"/><INIT seed="0,0,0,0,3,107" ten="250,250,250,250" oya="0" hai0="132,112,99,41,92,118,100,48,56,113,29,9,10" hai1="61,4,101,37,60,85,49,21,80,81,34,78,53" hai2="6,65,121,11,75,127,119,111,13,67,0,120,114" hai3="110,89,24,62,88,12,35,43,87,95,46,130,122"/><T3/><D118/><U133/><E37/><V14/><F114/><W42/><G130/><T39/><D132/><U105/><E34/><V77/><F119/><W1/><G1/><T109/><D39/><U66/><E133/><V64/><F111/><W28/><G110/><T31/><D109/><U51/><E51/><V32/><F32/><W117/><G117/><T125/><D125/><U2/><E2/><V27/><F127/><W124/><G124/><T84/><D84/><U33/><E33/><V73/><F27/><W19/><G122/><T108/><D108/><U123/><E4/><V134/><F134/><W36/><G43/><T103/><D3/><U102/><E105/><V58/><F58/><W38/><G62/><T116/><D116/><U22/><E123/><V47/><F47/><W15/><G38/><T82/><D82/><U23/><E81/><V18/><F0/><W91/><REACH who="3" step="1"/><G12/><REACH who="3" ten="250,250,250,240" step="2"/><T8/><D113/><U104/><E61/><V93/><F120/><W71/><G71/><T135/><D112/><U63/><E63/><V25/><F121/><W17/><G17/><T128/><D128/><U69/><REACH who="1" step="1"/><E104/><REACH who="1" ten="250,240,250,240" step="2"/><V5/><F5/><W115/><G115/><T98/><D135/><U72/><E72/><V55/><F73/><W50/><G50/><T45/><D56/><AGARI ba="0,2" hai="21,22,23,49,53,56,60,66,69,78,80,85,101,102" machi="56" ten="40,1300,0" yaku="1,1,53,0" doraHai="107" doraHaiUra="26" who="1" fromWho="0" sc="250,-13,240,33,250,0,240,0" /><INIT seed="1,0,0,4,3,28" ten="237,273,250,240" oya="1" hai0="46,6,20,81,4,15,25,39,54,133,89,3,92" hai1="107,58,98,83,43,65,90,115,132,105,78,59,55" hai2="128,62,35,38,75,14,70,111,80,50,19,134,52" hai3="1,102,121,125,36,124,104,34,86,51,131,37,61"/><U67/><E115/><V53/><F111/><W17/><G1/><T16/><D133/><U29/><E132/><V97/><F38/><W13/><G121/><T69/><D69/><U18/><E43/><V42/><F134/><W93/><G131/><T87/><D3/><U64/><E29/><V130/><F35/><W31/><G104/><T100/><D39/><U88/><E59/><V44/><F97/><N who="3" m="59695" /><G61/><T5/><D100/><U10/><E105/><V123/><F123/><W116/><G51/><N who="0" m="29047" /><D92/><U8/><E107/><V85/><F75/><W94/><G94/><T73/><D73/><U11/><E18/><V22/><F70/><W47/><G47/><T66/><D66/><U49/><REACH who="1" step="1"/><E98/><REACH who="1" ten="237,263,250,240" step="2"/><V32/><F128/><W56/><G37/><T63/><D63/><U23/><E23/><V45/><F130/><W79/><G36/><T74/><D74/><AGARI ba="0,1" hai="8,10,11,49,55,58,64,65,67,74,78,83,88,90" machi="74" ten="40,12000,1" yaku="1,1,54,1,53,3" doraHai="28" doraHaiUra="60" who="1" fromWho="0" sc="237,-120,263,130,250,0,240,0" /><INIT seed="1,1,0,3,0,116" ten="117,393,250,240" oya="1" hai0="2,46,9,92,77,17,100,21,23,110,24,127,56" hai1="19,6,133,118,28,129,4,83,81,106,101,105,36" hai2="42,27,93,38,47,95,69,115,0,85,3,125,71" hai3="52,51,12,39,14,26,8,89,94,114,70,7,131"/><U65/><E118/><V80/><F115/><W79/><G114/><T112/><D112/><U128/><E36/><V30/><BYE who="0" /><F125/><W104/><G104/><T68/><D68/><U132/><E28/><V103/><F69/><W60/><G131/><N who="1" m="50250" /><E19/><V18/><F18/><W10/><G39/><T22/><D22/><U48/><E65/><V91/><F71/><W108/><G108/><T87/><D87/><U20/><E20/><V54/><F54/><W113/><G113/><T55/><D55/><U34/><E48/><V107/><F107/><N who="1" m="40969" /><E101/><V53/><F53/><W122/><G122/><T74/><D74/><U50/><E50/><V16/><F16/><N who="3" m="8199" /><G70/><T78/><D78/><U88/><E34/><V59/><F103/><W40/><G26/><T86/><D86/><N who="1" m="50255" /><E83/><V135/><F80/><W63/><G40/><T58/><D58/><U124/><E124/><V13/><F59/><N who="3" m="33183" /><G79/><T97/><D97/><AGARI ba="1,0" hai="7,10,14,60,63,89,94,97" m="33183,8199" machi="97" ten="30,3900,0" yaku="8,1,54,2" doraHai="116" who="3" fromWho="0" sc="117,-42,393,0,250,0,240,42" /><INIT seed="2,0,0,4,5,72" ten="75,393,250,282" oya="2" hai0="113,51,32,18,125,26,132,77,24,66,78,13,105" hai1="79,68,61,65,118,48,70,123,86,62,133,39,82" hai2="124,22,122,74,41,126,10,4,8,75,111,14,96" hai3="99,85,27,109,20,45,134,6,53,97,117,131,36"/><V94/><F122/><W102/><G117/><T17/><D17/><U31/><E118/><V101/><F111/><W12/><G131/><T38/><D38/><U40/><E39/><V91/><F41/><W47/><G109/><T15/><D15/><U108/><E108/><V107/><F22/><W1/><G1/><T88/><D88/><U130/><E130/><V98/><REACH who="2" step="1"/><F10/><REACH who="2" ten="75,393,240,282" step="2"/><N who="3" m="4183" /><G36/><T67/><D67/><U100/><E123/><V119/><F119/><W95/><G134/><T11/><D11/><U49/><E133/><V93/><F93/><N who="3" m="58671" /><G53/><T25/><D25/><U71/><E40/><V16/><F16/><N who="3" m="12679" /><G85/><T115/><D115/><U69/><E86/><V76/><F76/><W120/><G120/><T46/><D46/><U9/><E79/><V28/><F28/><W112/><G112/><T37/><D37/><U128/><E31/><V35/><F35/><W50/><G50/><T30/><D30/><U2/><E49/><V92/><F92/><W73/><G73/><AGARI ba="0,1" hai="4,8,14,73,74,75,91,94,96,98,101,107,124,126" machi="73" ten="40,2000,0" yaku="1,1,53,0" doraHai="72" doraHaiUra="80" who="2" fromWho="3" sc="75,0,393,0,240,30,282,-20" /><INIT seed="2,1,0,3,1,81" ten="75,393,270,262" oya="2" hai0="104,130,86,95,16,132,91,111,90,1,112,114,87" hai1="14,55,92,30,108,7,122,8,2,54,17,78,56" hai2="38,68,105,36,53,76,28,29,20,75,128,41,71" hai3="116,6,64,120,5,110,22,93,21,109,3,66,73"/><V11/><F105/><W133/><G116/><T0/><D0/><U106/><E106/><V119/><F119/><W69/><G120/><T117/><D117/><U59/><E122/><V42/><F128/><W121/><G121/><T101/><D101/><U118/><E118/><V77/><F11/><W19/><G73/><T15/><D15/><N who="1" m="5535" /><E108/><N who="3" m="41578" /><G133/><T126/><D126/><U33/><E33/><V32/><F20/><N who="3" m="7787" /><G19/><T60/><D60/><N who="1" m="35863" /><E2/><V48/><F75/><W10/><G69/><T85/><D85/><U13/><E78/><V50/><REACH who="2" step="1"/><F53/><REACH who="2" ten="75,393,260,262" step="2"/><W135/><G135/><T113/><D113/><U100/><E55/><V39/><F39/><W124/><G124/><T9/><D9/><U57/><E30/><V63/><F63/><W97/><G5/><T4/><D4/><U123/><E123/><V34/><AGARI ba="1,1" hai="28,29,32,34,36,38,41,42,48,50,68,71,76,77" machi="34" ten="25,9600,0" yaku="1,1,0,1,22,2,53,0" doraHai="81" doraHaiUra="80" who="2" fromWho="2" sc="75,-33,393,-33,260,109,262,-33" /><INIT seed="2,2,0,4,5,19" ten="42,360,369,229" oya="2" hai0="35,40,83,33,127,109,36,58,45,43,84,123,65" hai1="59,90,41,128,96,130,126,125,122,98,115,134,31" hai2="113,8,105,93,47,107,80,0,118,11,29,106,104" hai3="27,50,78,85,46,86,25,26,95,39,74,124,20"/><V67/><F113/><W57/><G124/><N who="1" m="47722" /><E115/><V102/><F118/><W92/><G74/><T52/><D52/><U97/><E41/><V1/><F104/><W114/><G39/><T66/><D66/><U91/><E31/><V51/><F67/><W119/><G119/><T133/><D133/><U108/><E122/><V32/><F80/><N who="3" m="47255" /><G57/><T2/><D2/><U116/><E116/><V22/><F32/><W28/><G114/><T12/><D12/><U49/><E108/><V13/><F93/><N who="3" m="35915" /><G86/><T3/><D3/><U48/><E134/><V10/><F102/><W117/><G117/><T76/><D76/><U79/><E79/><V71/><F71/><W68/><G68/><T72/><D72/><U77/><E77/><V53/><REACH who="2" step="1"/><F13/><REACH who="2" ten="42,360,359,229" step="2"/><W69/><G69/><T54/><D54/><AGARI ba="2,1" hai="20,25,26,27,28,46,50,54" m="35915,47255" machi="54" ten="30,2000,0" yaku="8,1,52,1" doraHai="19" who="3" fromWho="0" sc="42,-26,360,0,359,0,229,36" /><INIT seed="3,0,0,4,3,123" ten="16,360,359,265" oya="3" hai0="111,83,8,63,47,135,68,114,73,109,92,39,95" hai1="74,60,122,36,16,86,57,75,130,27,103,124,13" hai2="88,105,134,40,96,14,113,12,125,17,72,116,128" hai3="104,31,46,10,77,118,132,15,101,79,107,110,33"/><W0/><G118/><T127/><D127/><U126/><E36/><V133/><F116/><W98/><G107/><T48/><D48/><U7/><E122/><V62/><F113/><W91/><G0/><T64/><D64/><U45/><E45/><V19/><F125/><N who="1" m="48233" /><E130/><V50/><F128/><W41/><G132/><N who="2" m="50793" /><F62/><W5/><G91/><T53/><D53/><N who="1" m="33839" /><E103/><N who="2" m="62695" /><F72/><W35/><G110/><T22/><D22/><N who="1" m="13767" /><E86/><V6/><F88/><W93/><G104/><T25/><D25/><U3/><E3/><V70/><F70/><W129/><G129/><T43/><D43/><U66/><E66/><V120/><F120/><W61/><G61/><T81/><D81/><U90/><E90/><V24/><F24/><W44/><G44/><T11/><D11/><AGARI ba="0,0" hai="7,11,13,74,75" m="13767,33839,48233" machi="11" ten="30,2000,0" yaku="18,1,54,1" doraHai="123" who="1" fromWho="0" sc="16,-20,360,20,359,0,265,0" owari="-4,-50.0,380,47.0,359,16.0,265,-13.0" /></mjloggm>