<mjloggm ver="2.3"><GO type="97" lobby="0"/><UN n0="%E6%84%9B%E7%9F%A5" n1="%E5%B0%B1%E6%B4%BB%E7%94%9F%40%E5%B7%9D%E6%9D%91%E8%BB%8D%E5%9B%A3" n2="%E8%97%8D%E3%82%BC%E3%83%B3" n3="%E3%83%81%E3%83%BC%E3%83%94%E3%83%B3" dan="14,14,14,14" rate="1954.53,1944.49,1889.80,1900.56" sx="M,M,M,M"/><TAIKYOKU oya="0"/><INIT seed="0,0,0,5,1,54" ten="250,250,250,250" oya="0" hai0="121,5,4,52,18,20,16,112,129,26,84,61,24" hai1="70,88,81,101,108,74,44,92,42,67,32,22,94" hai2="125,11,128,113,105,10,46,7,49,72,111,36,65" hai3="48,131,59,96,39,23,15,86,97,124,99,56,122"/><T19/><D129/><U14/><E32/><V34/><F128/><W90/><G39/><T114/><D121/><U40/><E108/><V60/><F111/><W80/><G131/><T78/><D114/><U107/><E107/><V79/><F113/><W1/><G1/><T66/><D66/><U45/><E70/><V25/><F125/><W87/><G124/><T6/><D112/><U132/><E67/><V109/><F109/><W17/><G122/><T89/><D78/><U119/><E119/><V8/><F105/><W62/><G62/><T123/><D26/><U110/><E132/><V27/><F36/><W13/><G15/><T43/><D43/><N who="1" m="16427" /><E74/><V0/><F72/><W115/><G115/><T76/><D76/><U28/><E110/><V35/><F79/><W9/><G9/><T37/><D37/><U47/><E101/><V104/><F104/><W103/><G103/><T63/><D123/><U68/><E68/><V85/><F34/><W2/><G2/><T58/><D63/><U55/><E55/><V134/><F35/><W57/><G87/><T95/><AGARI ba="0,0" hai="4,5,6,16,18,19,20,24,52,58,61,84,89,95" machi="95" ten="30,12000,1" yaku="0,1,8,1,52,1,54,2" doraHai="54" who="0" fromWho="0" sc="250,120,250,-40,250,-40,250,-40" /><INIT seed="0,1,0,4,3,21" ten="370,210,210,210" oya="0" hai0="126,35,68,97,27,119,81,43,128,124,127,117,25" hai1="54,55,80,0,47,95,100,8,114,22,89,6,84" hai2="132,65,18,129,42,91,122,59,135,102,23,36,104" hai3="28,38,105,39,61,87,101,1,26,52,37,107,85"/><T32/><D68/><U76/><E114/><V134/><F122/><W2/><G87/><T72/><D128/><U67/><E67/><V83/><F129/><W53/><G85/><T108/><D43/><U46/><E100/><V90/><F36/><W78/><G78/><N who="0" m="44231" /><D108/><U92/><E92/><V9/><F42/><W49/><G61/><T13/><D13/><U82/><E82/><V75/><F9/><W11/><G53/><T121/><D121/><U112/><E112/><V19/><F65/><W131/><G131/><T29/><D97/><U17/><E47/><V62/><F62/><W96/><G107/><T79/><D79/><U14/><REACH who="1" step="1"/><E46/><REACH who="1" ten="370,200,210,210" step="2"/><V103/><F83/><W73/><G73/><AGARI ba="1,1" hai="0,6,8,14,17,22,54,55,73,76,80,84,89,95" machi="73" ten="30,7700,0" yaku="1,1,2,1,7,1,53,1" doraHai="21" doraHaiUra="77" who="1" fromWho="3" sc="370,0,200,90,210,0,210,-80" /><INIT seed="1,0,0,1,0,73" ten="370,290,210,130" oya="1" hai0="6,52,74,16,0,98,33,66,3,112,107,109,120" hai1="134,129,79,100,47,83,80,48,72,70,123,92,130" hai2="119,42,13,2,121,38,116,78,88,28,86,118,30" hai3="124,61,1,40,59,43,50,44,132,11,67,101,29"/><U128/><E70/><V58/><F2/><W35/><G124/><T71/><D112/><U51/><E123/><V126/><F126/><W34/><G132/><T117/><D117/><U24/><E134/><V37/><F121/><W18/><G40/><T96/><D33/><U105/><E105/><V113/><F113/><W26/><G35/><T17/><D109/><U133/><E133/><V82/><F58/><W21/><G101/><T15/><D66/><U5/><E5/><V90/><F13/><W94/><G94/><T131/><D71/><U31/><E80/><V97/><F90/><W85/><G85/><T103/><D74/><U104/><E104/><V9/><F9/><W8/><REACH who="3" step="1"/><G1/><REACH who="3" ten="370,290,210,120" step="2"/><T81/><D3/><U60/><E92/><V27/><F42/><W64/><G64/><T89/><D0/><U12/><E100/><V65/><F65/><W55/><G55/><T39/><D103/><U87/><E87/><V110/><F86/><W95/><G95/><T19/><D107/><U20/><E128/><V54/><F54/><W108/><G108/><T122/><D131/><U115/><E129/><V45/><F118/><W32/><G32/><T84/><D52/><U76/><E130/><V23/><F116/><W49/><G49/><T22/><D122/><U99/><E51/><V62/><F119/><W4/><G4/><T68/><D6/><U53/><E115/><V10/><F110/><W57/><G57/><T25/><D120/><U93/><E60/><V135/><F62/><W106/><G106/><T41/><D84/><U14/><E72/><V111/><F111/><RYUUKYOKU ba="0,1" sc="370,-10,290,-10,210,-10,120,30" hai3="8,11,18,21,26,29,34,43,44,50,59,61,67" /><INIT seed="2,1,1,3,2,12" ten="360,280,200,150" oya="2" hai0="113,75,18,104,16,23,0,117,134,50,46,127,118" hai1="38,21,19,29,67,20,62,3,70,84,129,40,133" hai2="13,102,100,9,112,49,24,58,6,126,42,111,108" hai3="121,27,128,1,11,82,33,89,54,106,123,124,8"/><V48/><F112/><W44/><G106/><T71/><D0/><U76/><E3/><V35/><F126/><W63/><G124/><T15/><D75/><U97/><E129/><V52/><F35/><W88/><G128/><T96/><D71/><U78/><E133/><V31/><F42/><W95/><G1/><T7/><D134/><U92/><E40/><V55/><F31/><W39/><G39/><T72/><D72/><U130/><E38/><V32/><F32/><W4/><G4/><T79/><D79/><U101/><E130/><V59/><REACH who="2" step="1"/><F24/><REACH who="2" ten="360,280,190,150" step="2"/><W83/><G33/><T26/><D127/><U135/><E135/><V66/><F66/><W99/><G27/><T87/><D26/><U85/><E29/><V109/><AGARI ba="1,2" hai="6,9,13,48,49,52,55,58,59,100,102,108,109,111" machi="109" ten="30,18000,2" yaku="1,1,0,1,9,1,14,1,10,1,54,1,53,0" doraHai="12" doraHaiUra="103" who="2" fromWho="2" sc="360,-61,280,-61,190,203,150,-61" /><INIT seed="2,2,0,4,1,106" ten="299,219,393,89" oya="2" hai0="8,63,51,105,94,54,129,85,114,74,28,10,81" hai1="13,31,44,55,73,68,6,113,70,30,78,0,4" hai2="110,41,1,120,102,45,124,80,98,89,111,101,86" hai3="128,22,48,104,64,88,23,7,2,83,92,33,91"/><V61/><F1/><W26/><G104/><T90/><D129/><U16/><E0/><V15/><F120/><W132/><G128/><T9/><D105/><U43/><E113/><V121/><F121/><W37/><G37/><T47/><D114/><U58/><E78/><V40/><F124/><W32/><G132/><T117/><D28/><N who="1" m="10795" /><E73/><V19/><F61/><W65/><G2/><T82/><D117/><U12/><E12/><V69/><F69/><W130/><G130/><T107/><D107/><U97/><E97/><V115/><F115/><W57/><G7/><T71/><D74/><U35/><E35/><V134/><F134/><W52/><G33/><T118/><D118/><U21/><E68/><V116/><F116/><W49/><G32/><T11/><N who="0" m="2560" /><DORA hai="84" /><T131/><REACH who="0" step="1"/><D131/><REACH who="0" ten="289,219,393,89" step="2"/><U133/><E133/><V53/><F110/><W93/><G83/><T20/><D20/><N who="3" m="7721" /><G26/><T109/><D109/><U50/><E70/><V36/><F111/><W135/><G135/><T3/><D3/><U42/><E42/><V60/><F40/><W96/><G49/><AGARI ba="2,1" hai="4,6,13,16,21,43,44,49,50,55,58" m="10795" machi="49" ten="30,2000,0" yaku="8,1,54,1" doraHai="106,84" who="1" fromWho="3" sc="289,0,219,36,393,0,89,-26" /><INIT seed="3,0,0,3,0,67" ten="289,255,393,63" oya="3" hai0="107,105,113,132,93,102,48,13,31,56,36,66,84" hai1="41,120,73,51,118,40,135,128,44,95,123,114,55" hai2="121,47,57,39,92,125,27,38,126,4,26,79,85" hai3="62,34,131,70,87,19,32,22,91,71,60,94,64"/><W106/><G106/><T1/><D1/><U16/><E73/><V88/><F121/><W97/><G131/><T49/><D36/><U76/><E118/><V42/><F39/><W10/><G10/><T25/><D132/><U99/><E114/><V23/><F4/><W86/><G87/><T133/><D133/><U68/><E68/><V116/><F116/><W117/><G117/><T90/><D13/><U98/><E135/><V35/><F35/><W124/><G124/><N who="2" m="47721" /><F79/><W130/><G130/><T59/><D107/><U127/><E128/><V77/><F77/><W5/><G5/><T15/><D15/><U12/><E127/><V6/><F6/><W63/><G63/><T54/><D66/><U115/><E115/><V72/><F72/><W109/><G109/><T29/><D113/><U11/><E76/><V111/><F111/><W129/><G129/><T81/><D105/><U65/><E65/><V61/><F23/><W122/><G62/><T14/><D14/><U8/><E8/><V89/><F89/><W100/><G71/><T108/><D108/><U2/><E2/><V82/><F82/><W9/><G9/><T33/><D33/><U20/><E11/><V83/><F83/><W74/><G74/><T43/><D25/><U119/><E119/><V50/><F38/><W75/><G75/><T58/><D81/><U52/><E99/><V110/><F110/><W21/><G21/><T46/><D102/><N who="1" m="60767" /><E40/><V7/><F7/><W30/><G30/><AGARI ba="0,0" hai="29,30,31,43,46,48,49,54,56,58,59,84,90,93" machi="30" ten="40,1300,0" yaku="8,1" doraHai="67" who="0" fromWho="3" sc="289,13,255,0,393,0,63,-13" owari="302,10.0,255,-14.0,393,49.0,50,-45.0" /></mjloggm>