<mjloggm ver="2.3"><GO type="225" lobby="0"/><UN n0="%E5%B0%B1%E6%B4%BB%E7%94%9F%40%E5%B7%9D%E6%9D%91%E8%BB%8D%E5%9B%A3" n1="%E6%B4%BE%E9%81%A3%E3%81%AE%E3%82%B8%E3%83%A3%E3%83%83%E3%82%AF" n2="%E3%81%A4%E3%81%B0%E3%81%8D%E3%81%A1%30%33" n3="%E7%99%BE%E5%BC%8F%E8%A6%B3%E9%9F%B3" dan="17,17,16,17" rate="2089.86,2209.40,2159.89,2172.79" sx="M,M,M,M"/><TAIKYOKU oya="0"/><INIT seed="0,0,0,0,1,22" ten="250,250,250,250" oya="0" hai0="126,80,41,114,39,70,127,59,13,132,44,20,84" hai1="67,35,120,76,55,18,118,88,113,100,66,125,111" hai2="83,52,53,62,2,78,122,17,107,30,75,36,85" hai3="71,4,61,63,102,82,68,0,5,37,87,10,12"/><T72/><D72/><U108/><E118/><V23/><F122/><W48/><G37/><T19/><D70/><U46/><E120/><V27/><F2/><W115/><G115/><T79/><D114/><U40/><E113/><V14/><F36/><W135/><G135/><T90/><D132/><U21/><E125/><V26/><F107/><W1/><G48/><T110/><D110/><U98/><E35/><V16/><F75/><W74/><G74/><T45/><D45/><U99/><E76/><V123/><F123/><W112/><G112/><T89/><REACH who="0" step="1"/><D59/><REACH who="0" ten="240,250,250,250" step="2"/><U43/><E108/><V29/><F62/><W7/><G63/><T47/><D47/><U81/><E46/><V92/><F92/><W60/><G61/><T56/><D56/><U42/><E111/><V105/><F105/><W9/><G60/><T24/><D24/><N who="2" m="9258" /><F17/><W32/><G71/><T11/><D11/><U6/><E18/><V57/><F57/><W134/><G68/><T33/><D33/><U124/><E124/><AGARI ba="0,1" hai="13,19,20,39,41,44,79,80,84,89,90,124,126,127" machi="124" ten="40,7700,0" yaku="1,1,18,1,53,1" doraHai="22" doraHaiUra="77" who="0" fromWho="1" sc="240,87,250,-77,250,0,250,0" /><INIT seed="0,1,0,3,2,130" ten="327,173,250,250" oya="0" hai0="120,51,56,97,21,45,134,135,78,54,79,23,4" hai1="2,5,101,73,104,33,47,37,71,128,102,39,7" hai2="8,31,94,11,68,105,124,92,48,3,111,90,65" hai3="52,103,19,67,59,40,82,86,98,113,42,44,66"/><T77/><D120/><U93/><E128/><V122/><F105/><W75/><G75/><T34/><D34/><U29/><E71/><V35/><F122/><W32/><G32/><T26/><D4/><U53/><E73/><V108/><F124/><W63/><G113/><T118/><D118/><U123/><E123/><V112/><F112/><W12/><G42/><T13/><D97/><U43/><E104/><V110/><F48/><N who="3" m="26631" /><G98/><T74/><D74/><U55/><E37/><V80/><F80/><W6/><G103/><T132/><D13/><U49/><E93/><N who="2" m="35947" /><F90/><N who="3" m="51543" /><G6/><T91/><D91/><U14/><E2/><V70/><F65/><W99/><G99/><T50/><D26/><U121/><E121/><V119/><F119/><W62/><G62/><T100/><D100/><U131/><E131/><V129/><F129/><W114/><G114/><T81/><D81/><U15/><E5/><V64/><F64/><W46/><G46/><T22/><D51/><U96/><E96/><V87/><F87/><W38/><G38/><T25/><D25/><N who="1" m="18607" /><E7/><V116/><F116/><W1/><G1/><T36/><D36/><U0/><E0/><V72/><F72/><W58/><G58/><AGARI ba="1,0" hai="21,22,23,45,50,54,56,58,77,78,79,132,134,135" machi="58" ten="50,18000,2" yaku="29,2,20,1,52,3" doraHai="130" who="0" fromWho="3" sc="327,183,173,0,250,0,250,-183" /><INIT seed="0,2,0,5,0,33" ten="510,173,250,67" oya="0" hai0="36,37,108,127,112,56,88,124,31,117,72,55,97" hai1="77,24,22,68,19,67,135,48,46,113,93,130,106" hai2="6,81,7,14,47,101,99,26,109,91,71,40,116" hai3="75,133,100,16,87,43,12,54,49,50,28,18,62"/><T134/><D72/><U80/><E135/><V8/><F71/><W131/><G75/><T111/><D31/><U94/><E130/><V107/><F109/><N who="0" m="42058" /><D117/><U79/><E106/><V82/><F6/><W90/><G131/><T89/><D112/><U122/><E122/><V57/><F116/><W59/><G133/><T115/><D115/><U132/><E132/><V66/><F91/><N who="0" m="34890" /><D97/><U98/><E113/><V34/><F99/><W51/><G100/><T96/><D96/><U70/><E79/><V2/><F101/><W123/><G123/><T95/><D95/><U30/><E30/><V23/><F34/><W121/><G121/><T52/><D134/><U25/><E93/><V104/><F82/><W44/><G28/><T105/><D55/><U74/><E94/><V20/><F81/><W92/><REACH who="3" step="1"/><G18/><REACH who="3" ten="510,173,250,57" step="2"/><T38/><D105/><U125/><E19/><N who="2" m="10359" /><F107/><W27/><G27/><T83/><D83/><U76/><E25/><V129/><F26/><W73/><G73/><T84/><D84/><U60/><E74/><V0/><F129/><W103/><G103/><T128/><D128/><U78/><E24/><V15/><F104/><W69/><G69/><T64/><D64/><U9/><E70/><V11/><F66/><W126/><G126/><T110/><D110/><U29/><E125/><V5/><F40/><W41/><G41/><T1/><D1/><U35/><E67/><V102/><F102/><W10/><AGARI ba="2,1" hai="10,12,16,43,44,49,50,51,54,59,62,87,90,92" machi="10" ten="20,8000,1" yaku="1,1,0,1,7,1,8,1,54,1,53,0" doraHai="33" doraHaiUra="17" who="3" fromWho="3" sc="510,-42,173,-22,250,-22,57,96" /><INIT seed="1,0,0,3,4,31" ten="468,151,228,153" oya="1" hai0="11,134,54,72,42,117,108,100,76,9,96,4,2" hai1="105,89,12,21,60,121,97,41,30,13,49,67,39" hai2="82,55,16,78,118,10,24,111,46,45,93,74,48" hai3="99,130,88,102,66,38,25,124,19,6,34,3,43"/><U107/><E121/><V26/><F111/><W59/><G6/><T7/><D108/><U87/><E39/><V14/><F118/><W110/><G3/><T35/><D35/><U57/><E105/><V122/><F122/><W44/><G110/><T32/><D32/><U106/><E106/><V20/><F93/><W61/><G130/><T52/><D134/><U109/><E109/><V71/><F71/><W119/><G119/><T73/><D42/><U15/><E107/><V69/><F69/><W81/><G124/><T79/><D117/><U92/><E30/><V120/><F120/><W94/><G19/><T95/><D76/><U65/><E65/><V33/><F33/><W113/><G113/><T104/><D104/><U28/><E87/><V17/><REACH who="2" step="1"/><F46/><REACH who="2" ten="468,151,218,153" step="2"/><W90/><REACH who="3" step="1"/><G81/><REACH who="3" ten="468,151,218,143" step="2"/><T128/><D128/><U58/><E28/><AGARI ba="0,2" hai="25,28,34,38,43,44,59,61,66,88,90,94,99,102" machi="28" ten="40,8000,1" yaku="1,1,2,1,52,1,54,1,53,0" doraHai="31" doraHaiUra="116" who="3" fromWho="1" sc="468,0,151,-80,218,0,143,100" /><INIT seed="2,0,0,4,1,63" ten="468,71,218,243" oya="2" hai0="7,114,96,52,69,32,18,65,4,3,54,111,21" hai1="9,61,29,38,58,36,119,71,30,17,76,100,116" hai2="40,24,90,62,39,94,120,93,46,118,88,5,28" hai3="72,50,23,19,122,12,97,43,55,128,102,98,99"/><V1/><F120/><W123/><G72/><T125/><D32/><U108/><E108/><V35/><F118/><W117/><G117/><T113/><D111/><U34/><E76/><V130/><F130/><W107/><G128/><T79/><D79/><U106/><E116/><V87/><F1/><W41/><G107/><T53/><D125/><U124/><E119/><V84/><F62/><W103/><G122/><T83/><D83/><U109/><E109/><V121/><F121/><W20/><G20/><T89/><D65/><U33/><E124/><V135/><REACH who="2" step="1"/><F5/><REACH who="2" ten="468,71,208,243" step="2"/><W80/><G123/><T82/><D3/><U92/><E61/><V105/><F105/><W74/><G102/><T2/><D2/><U11/><E100/><V13/><F13/><W47/><G103/><T27/><D69/><U75/><E106/><V81/><F81/><W26/><G12/><T127/><D127/><U101/><E71/><V49/><F49/><W110/><G110/><T22/><D113/><U131/><E101/><V48/><F48/><W70/><G70/><T6/><D114/><U77/><E131/><V126/><F126/><W16/><G80/><T68/><D68/><U57/><E92/><V0/><F0/><W15/><G50/><T42/><D7/><U51/><E51/><V45/><F45/><W31/><G47/><T86/><D6/><U10/><E36/><V66/><F66/><W64/><G64/><T132/><D132/><AGARI ba="0,1" hai="24,28,35,39,40,46,84,87,88,90,93,94,132,135" machi="132" ten="40,12000,1" yaku="1,1,9,1,54,1,53,2" doraHai="63" doraHaiUra="129" who="2" fromWho="0" sc="468,-120,71,0,208,130,243,0" /><INIT seed="2,1,0,2,2,84" ten="348,71,338,243" oya="2" hai0="12,132,85,118,46,34,17,57,2,70,33,130,128" hai1="10,55,32,37,92,26,78,9,28,109,87,53,120" hai2="95,113,25,91,133,58,97,11,66,93,86,126,20" hai3="94,135,18,103,42,23,47,31,112,72,4,75,50"/><V111/><F113/><W119/><G119/><T19/><D70/><U7/><E109/><V105/><F111/><W89/><G112/><T51/><D2/><U79/><E120/><V123/><F123/><W45/><G4/><T110/><D110/><U74/><E37/><V56/><F133/><W3/><G3/><T27/><D118/><U100/><E74/><V125/><F105/><W13/><G103/><T114/><D114/><U88/><E100/><N who="2" m="60463" /><F11/><W116/><G116/><T30/><D132/><U106/><E106/><V64/><F64/><W121/><G121/><T14/><D57/><U98/><E10/><V104/><F104/><W38/><G31/><T63/><D85/><U22/><E32/><V77/><F77/><W83/><G83/><T68/><D63/><U35/><E35/><V96/><F86/><W16/><G18/><N who="0" m="6667" /><D68/><U0/><REACH who="1" step="1"/><E78/><REACH who="1" ten="348,61,338,243" step="2"/><V117/><F117/><W24/><G135/><T67/><D34/><U1/><E1/><V21/><F126/><W129/><G75/><T54/><D128/><U65/><E65/><V59/><F125/><W48/><G72/><T127/><D130/><U15/><E15/><V76/><F76/><W99/><G129/><T131/><D131/><U102/><E102/><V115/><F115/><W43/><G38/><T44/><D67/><U122/><E122/><V41/><F66/><W82/><G13/><N who="0" m="5227" /><D127/><U40/><E40/><V6/><F41/><W36/><G36/><T107/><D107/><U62/><E62/><V8/><F25/><W90/><G43/><T39/><D39/><U81/><AGARI ba="1,1" hai="0,7,9,22,26,28,53,55,79,81,87,88,92,98" machi="81" ten="30,8000,1" yaku="1,1,0,1,52,1,54,1,53,1" doraHai="84" doraHaiUra="80" who="1" fromWho="1" sc="348,-21,61,93,338,-41,243,-21" /><INIT seed="3,0,0,2,4,40" ten="327,154,297,222" oya="3" hai0="80,113,101,134,95,0,60,21,31,38,47,112,122" hai1="86,66,41,14,82,18,59,70,36,74,72,12,117" hai2="11,84,71,49,133,73,106,52,4,109,98,15,131" hai3="79,19,123,121,78,27,50,13,92,56,76,107,93"/><W124/><G107/><T111/><D111/><U5/><E117/><V6/><F109/><W48/><G124/><T22/><D0/><U104/><E104/><V100/><F73/><W102/><G27/><N who="0" m="16879" /><D122/><U90/><E70/><V81/><F131/><W85/><G50/><T114/><D134/><U51/><E5/><V43/><F133/><W127/><G102/><T64/><D80/><U116/><E116/><V10/><F71/><W24/><G56/><N who="0" m="36871" /><D22/><U62/><E36/><V45/><F11/><W120/><G85/><T9/><D9/><U32/><E32/><V128/><F128/><W29/><G13/><T91/><D101/><U7/><E7/><V55/><F4/><W97/><G97/><N who="0" m="57599" /><D47/><U110/><E110/><V58/><F58/><W23/><G48/><T89/><D89/><AGARI ba="0,0" hai="6,10,15,43,45,49,52,55,81,84,89,98,100,106" machi="89" ten="30,3900,0" yaku="7,1,52,1,54,1" doraHai="40" who="2" fromWho="0" sc="327,-39,154,0,297,39,222,0" owari="288,9.0,154,-35.0,336,44.0,222,-18.0" /></mjloggm>