<mjloggm ver="2.3"><GO type="97" lobby="0"/><UN n0="%E7%83%88%E5%A3%AB%E6%AE%89%E5%90%8D" n1="%E8%8D%92%E5%B7%9D%E6%86%A9" n2="%E5%B0%B1%E6%B4%BB%E7%94%9F%40%E5%B7%9D%E6%9D%91%E8%BB%8D%E5%9B%A3" n3="%E9%85%8D%E7%89%8C%E3%83%84%E3%83%A2%E9%85%B7%E9%81%8E%E3%81%8E" dan="14,13,14,15" rate="1891.97,2009.56,2008.10,1934.28" sx="M,F,M,M"/><TAIKYOKU oya="0"/><INIT seed="0,0,0,4,4,38" ten="250,250,250,250" oya="0" hai0="116,21,20,55,133,127,88,80,19,131,84,40,79" hai1="42,70,52,105,94,119,67,27,104,85,108,98,66" hai2="114,121,7,16,120,6,87,28,31,59,12,82,25" hai3="30,58,73,36,117,115,9,126,83,93,53,77,1"/><T128/><D116/><U75/><E108/><V135/><F114/><W109/><G115/><T4/><D133/><U72/><E119/><V68/><F68/><W78/><G117/><T129/><D127/><U91/><E27/><V23/><F135/><W44/><G126/><T113/><D113/><U124/><E124/><V47/><F47/><W24/><G78/><T101/><D101/><U92/><E52/><V48/><F48/><W118/><G118/><T15/><D4/><N who="2" m="1578" /><F59/><W86/><G109/><T49/><D40/><U11/><E11/><N who="2" m="6175" /><F87/><W57/><G1/><T33/><D33/><U81/><E42/><V103/><F82/><W46/><G9/><N who="0" m="6639" /><D79/><U90/><E70/><V64/><F103/><W29/><G29/><N who="2" m="11337" /><F64/><W132/><G132/><T60/><D60/><U130/><E130/><N who="0" m="33281" /><T5/><DORA hai="96" /><D5/><U62/><E62/><V95/><F95/><W125/><G125/><T69/><D69/><U51/><E51/><V26/><F26/><W56/><G36/><T0/><D0/><U99/><E67/><V34/><F34/><W37/><G37/><T122/><D122/><U107/><E66/><V112/><F112/><W43/><G43/><T17/><D17/><AGARI ba="0,0" hai="17,23,25,120,121" m="11337,6175,1578" machi="17" ten="30,3900,0" yaku="34,2,54,1" doraHai="38,96" who="2" fromWho="0" sc="250,-39,250,0,250,39,250,0" /><INIT seed="1,0,0,0,1,24" ten="211,250,289,250" oya="1" hai0="37,58,90,12,111,79,83,46,72,29,77,133,89" hai1="52,9,91,3,82,13,23,47,116,45,74,42,125" hai2="69,131,44,59,107,96,128,70,84,34,106,50,38" hai3="119,63,127,6,121,31,28,123,32,66,55,5,108"/><U98/><E116/><V62/><F34/><W110/><G119/><T35/><D133/><U102/><E125/><V122/><F122/><N who="3" m="46603" /><G32/><T117/><D117/><U126/><E126/><V100/><F106/><W103/><G127/><T73/><D111/><N who="3" m="42537" /><G55/><T132/><D132/><U41/><E3/><V118/><F118/><W22/><G103/><T27/><D58/><U10/><E23/><V80/><F38/><W36/><G36/><T33/><D33/><U17/><E10/><V124/><F124/><W105/><G105/><T71/><D71/><U67/><E67/><V1/><F1/><W130/><G130/><N who="2" m="49705" /><F59/><N who="3" m="37247" /><G22/><T101/><D101/><U95/><E74/><V7/><F62/><W56/><G56/><T86/><D12/><U75/><E75/><V15/><F15/><W129/><G129/><T112/><D112/><U115/><E115/><V87/><F7/><AGARI ba="0,0" hai="5,6,7,28,31" m="37247,42537,46603" machi="7" ten="30,3900,0" yaku="14,1,52,2" doraHai="24" who="3" fromWho="2" sc="211,0,250,0,289,-39,250,39" /><INIT seed="2,0,0,3,2,42" ten="211,250,250,289" oya="2" hai0="87,7,126,47,86,23,33,22,81,28,11,68,109" hai1="59,29,95,55,83,45,128,125,44,2,97,105,13" hai2="37,26,118,103,40,76,17,61,106,41,74,121,14" hai3="31,43,19,57,58,64,133,114,32,99,8,84,46"/><V91/><F118/><W10/><G133/><T90/><D126/><U65/><E125/><V66/><F121/><W15/><G114/><T6/><D109/><U73/><E128/><V111/><F111/><W122/><G122/><T62/><D33/><U129/><E2/><V94/><F26/><W119/><G119/><T3/><D7/><U131/><E105/><V18/><F76/><W93/><G84/><T72/><D72/><U108/><E108/><V51/><F74/><W71/><G10/><T16/><D28/><U53/><E29/><V63/><F37/><W67/><G32/><T98/><D98/><U12/><E83/><V75/><F75/><W20/><G71/><T60/><D68/><U56/><E73/><V4/><F103/><N who="3" m="60911" /><G31/><T0/><D0/><U9/><E65/><N who="3" m="25162" /><G8/><T112/><D112/><U79/><E79/><V115/><F106/><W48/><AGARI ba="0,0" hai="15,19,20,43,46,48,57,58" m="25162,60911" machi="48" ten="30,2000,0" yaku="8,1,52,1" doraHai="42" who="3" fromWho="3" sc="211,-5,250,-5,250,-10,289,20" /><INIT seed="3,0,0,4,5,10" ten="206,245,240,309" oya="3" hai0="45,30,46,119,73,122,114,33,64,109,88,56,35" hai1="2,65,49,20,8,81,61,36,118,91,12,89,74" hai2="66,124,84,135,131,44,113,24,97,95,110,53,5" hai3="48,67,23,18,105,111,51,47,102,78,0,21,13"/><W115/><G115/><T99/><D119/><U112/><E112/><V7/><F113/><W58/><G111/><T32/><D122/><U77/><E118/><V127/><F110/><W50/><G0/><T83/><D114/><U69/><E49/><N who="3" m="19050" /><G105/><T87/><D109/><U123/><E123/><V71/><F44/><W25/><G102/><T86/><D73/><U17/><REACH who="1" step="1"/><E36/><REACH who="1" ten="206,235,240,309" step="2"/><V120/><F120/><W29/><G51/><T125/><D125/><U40/><E40/><V133/><F127/><W107/><G47/><T76/><D30/><U121/><E121/><V106/><F124/><W104/><G107/><T54/><D64/><U62/><E62/><V103/><F106/><W19/><G104/><T93/><REACH who="0" step="1"/><D99/><REACH who="0" ten="196,235,240,309" step="2"/><U22/><E22/><V130/><F133/><W132/><G132/><T80/><D80/><U6/><AGARI ba="0,2" hai="2,6,8,12,17,20,61,65,69,74,77,81,89,91" machi="6" ten="30,4000,0" yaku="1,1,0,1,52,1,53,0" doraHai="10" doraHaiUra="39" who="1" fromWho="1" sc="196,-10,235,60,240,-10,309,-20" /><INIT seed="4,0,0,3,3,76" ten="186,295,230,289" oya="0" hai0="63,94,58,18,39,92,115,46,34,119,54,105,5" hai1="27,62,106,125,4,35,43,6,42,102,33,10,114" hai2="93,31,103,15,36,110,28,19,73,100,30,132,109" hai3="12,130,84,77,56,126,57,11,82,1,9,37,123"/><T66/><D105/><U40/><E125/><V75/><F36/><W20/><G126/><T80/><D34/><U53/><E114/><V69/><F69/><W113/><G113/><T17/><D119/><U124/><E124/><V50/><F132/><W67/><G123/><T121/><D121/><U81/><E81/><V90/><F109/><W70/><G130/><T118/><D118/><U51/><E62/><V8/><F110/><W13/><G37/><T24/><D115/><U65/><E65/><V98/><F75/><W44/><G70/><T88/><D5/><U79/><E79/><V112/><F112/><W41/><G1/><T128/><D128/><U107/><E102/><V85/><F73/><W32/><G32/><T52/><D39/><U91/><E91/><V131/><F131/><W86/><G86/><N who="0" m="50247" /><D66/><U3/><E6/><V64/><F64/><W74/><G74/><T38/><D38/><U120/><E120/><V101/><REACH who="2" step="1"/><F50/><REACH who="2" ten="186,295,220,289" step="2"/><N who="3" m="26895" /><G67/><T87/><D87/><AGARI ba="0,1" hai="8,15,19,28,30,31,85,87,90,93,98,100,101,103" machi="87" ten="40,5200,0" yaku="1,1,8,1,53,1" doraHai="76" doraHaiUra="7" who="2" fromWho="0" sc="186,-52,295,0,220,62,289,0" /><INIT seed="5,0,0,3,3,112" ten="134,295,282,289" oya="1" hai0="39,128,36,51,40,33,0,61,92,102,113,29,17" hai1="59,54,74,53,77,4,28,131,9,45,34,57,65" hai2="73,78,5,79,104,84,101,97,27,71,6,122,120" hai3="100,52,14,91,68,107,114,72,25,55,93,60,110"/><U20/><E131/><V37/><F71/><W109/><G114/><T132/><D113/><U127/><E127/><V124/><F37/><W62/><G72/><T135/><D128/><U30/><E34/><V118/><F118/><W13/><G25/><N who="0" m="18607" /><D0/><U35/><E35/><V15/><F124/><W18/><G107/><T90/><D102/><U12/><E77/><V48/><F73/><W70/><G100/><T87/><D61/><U108/><E74/><V67/><F67/><W63/><G91/><T117/><D117/><U64/><E108/><N who="3" m="41578" /><G18/><T21/><D51/><N who="1" m="30911" /><E45/><V38/><F38/><W89/><G89/><T24/><D40/><U96/><E96/><V130/><F130/><W80/><G80/><T26/><D26/><N who="1" m="16455" /><E30/><V58/><F27/><W125/><G93/><T46/><D46/><U88/><E88/><V66/><F120/><W50/><G50/><AGARI ba="0,0" hai="4,9,12,50,54,59,64,65" m="16455,30911" machi="50" ten="30,1500,0" yaku="8,1" doraHai="112" who="1" fromWho="3" sc="134,0,295,15,282,0,289,-15" owari="134,-37.0,310,42.0,282,8.0,274,-13.0" /></mjloggm>