<mjloggm ver="2.3"><GO type="169" lobby="0"/><UN n0="%E3%81%BE%E3%81%BF%E3%81%AD%E3%81%93" n1="%E3%81%8A%E7%9F%A5%E3%82%89%E3%81%9B" n2="%E3%82%A6%E3%83%AB%E3%83%88%E3%83%A9%E7%AB%8B%E7%9B%B4" n3="%41%79%6F%75%46" dan="17,16,17,18" rate="2127.92,2063.19,2165.04,2226.29" sx="F,M,M,M"/><TAIKYOKU oya="0"/><INIT seed="0,0,0,0,5,20" ten="250,250,250,250" oya="0" hai0="22,107,91,125,109,49,127,61,133,2,79,80,69" hai1="31,46,18,124,34,50,104,114,11,23,58,77,35" hai2="83,78,97,75,17,14,68,102,10,45,43,129,44" hai3="86,62,123,106,63,108,52,48,1,6,73,112,60"/><T4/><D107/><U8/><E104/><V89/><F129/><W42/><G73/><T29/><D133/><U28/><E77/><V120/><F120/><W57/><G106/><T95/><D49/><U33/><E58/><V93/><F68/><W25/><G123/><T105/><D105/><U81/><E81/><V130/><F130/><W122/><G122/><T59/><D69/><U9/><E124/><N who="0" m="47689" /><D4/><U37/><E37/><V85/><F43/><W74/><G74/><T64/><D2/><U98/><E98/><V76/><F76/><W113/><G42/><T19/><D29/><N who="1" m="11339" /><E50/><V128/><F128/><W72/><G72/><N who="0" m="43111" /><D109/><U67/><E46/><V88/><F102/><W131/><G131/><T71/><D71/><U100/><E100/><V66/><F44/><W118/><G108/><T40/><D40/><U126/><E126/><V92/><F45/><W7/><G7/><T13/><D91/><U119/><E119/><V47/><F47/><W54/><G118/><T96/><D95/><U24/><E67/><V117/><F66/><W3/><G54/><T32/><D96/><U55/><E55/><V36/><REACH who="2" step="1"/><F117/><REACH who="2" ten="250,250,240,250" step="2"/><W53/><G53/><T5/><D32/><U110/><E110/><V135/><F135/><W26/><G113/><AGARI ba="0,1" hai="8,9,11,18,23,24,33,34,35,113,114" m="11339" machi="113" ten="40,5200,0" yaku="34,2,52,1" doraHai="20" who="1" fromWho="3" sc="250,0,250,62,240,0,250,-52" /><INIT seed="1,0,0,1,0,55" ten="250,312,240,198" oya="1" hai0="79,1,73,70,58,65,112,116,47,33,63,107,114" hai1="35,28,24,11,80,95,83,110,67,56,15,31,8" hai2="102,99,86,44,34,12,97,89,71,39,131,94,36" hai3="104,108,128,111,23,119,69,20,77,64,27,101,106"/><U48/><E110/><V120/><F120/><W130/><G77/><T59/><D116/><U10/><E31/><V37/><F131/><N who="3" m="50219" /><G101/><T127/><D107/><N who="3" m="41001" /><G119/><T60/><D127/><U4/><E95/><V85/><F71/><W75/><G75/><T41/><D33/><U124/><E124/><V132/><F132/><W74/><G74/><T84/><D1/><U53/><E67/><V0/><F0/><W43/><G43/><T93/><D73/><U46/><E46/><V5/><F34/><W90/><G90/><T109/><D109/><N who="3" m="42057" /><G27/><T22/><D70/><U6/><REACH who="1" step="1"/><E10/><REACH who="1" ten="250,302,240,198" step="2"/><V125/><F125/><W9/><G9/><T50/><D114/><U88/><E88/><V76/><F89/><W81/><G81/><N who="0" m="47167" /><D112/><U126/><E126/><V14/><F94/><W118/><G118/><T103/><D93/><U42/><E42/><V72/><F76/><W68/><G64/><N who="0" m="38935" /><D103/><U57/><E57/><V61/><F102/><W122/><G122/><T82/><D82/><U40/><E40/><V133/><F44/><W123/><G123/><T29/><D29/><U117/><E117/><V25/><F133/><W3/><G68/><T113/><D113/><U135/><E135/><V38/><F37/><W30/><G69/><T54/><D41/><U134/><E134/><V13/><F38/><W121/><G121/><T78/><D78/><U19/><E19/><V92/><F39/><W87/><G30/><T17/><D17/><U45/><E45/><V7/><F36/><W105/><G105/><T16/><D16/><U129/><E129/><V26/><F92/><W98/><G98/><RYUUKYOKU ba="0,1" sc="250,15,302,15,240,-15,198,-15" hai0="22,47,50,54,59,63,65" hai1="4,6,8,11,15,24,28,35,48,53,56,80,83" /><INIT seed="1,1,1,3,0,123" ten="265,317,225,183" oya="1" hai0="9,27,89,18,112,10,29,132,75,128,121,25,46" hai1="56,14,24,111,113,0,102,36,49,5,115,47,101" hai2="78,85,74,62,69,129,31,32,76,50,86,21,39" hai3="83,12,99,37,119,120,33,2,106,108,88,131,20"/><U71/><E71/><V135/><F39/><W11/><G33/><T77/><D121/><U8/><E36/><V23/><F129/><W64/><G37/><T116/><D116/><U79/><E79/><V114/><F135/><W19/><G120/><T91/><D132/><U4/><E56/><V93/><F114/><W100/><G131/><T42/><D112/><U48/><E24/><V117/><F117/><W16/><G119/><T43/><D128/><U107/><E14/><V41/><F32/><W15/><G64/><T96/><D75/><U130/><E130/><V30/><F50/><W44/><G44/><T105/><D77/><U70/><E70/><V60/><F93/><W6/><G108/><T94/><D105/><U95/><E95/><V22/><F69/><W110/><G110/><T13/><D91/><U109/><E8/><V34/><F21/><W58/><G58/><T73/><D73/><U45/><REACH who="1" step="1"/><E107/><REACH who="1" ten="265,307,225,183" step="2"/><V72/><F34/><W38/><G38/><T54/><D10/><U53/><E53/><V133/><F133/><W66/><G66/><T97/><D27/><U82/><E82/><V57/><F57/><W28/><G28/><T65/><D25/><U63/><E63/><V104/><F104/><W103/><G106/><T124/><D29/><U61/><E61/><V87/><F87/><N who="3" m="50303" /><G99/><T35/><D96/><U59/><E59/><V81/><F81/><W7/><G2/><AGARI ba="1,2" hai="0,2,4,5,45,47,48,49,101,102,109,111,113,115" machi="2" ten="25,12000,1" yaku="1,1,22,2,52,2,53,0" doraHai="123" doraHaiUra="80" who="1" fromWho="3" sc="265,0,307,143,225,0,183,-123" /><INIT seed="1,2,0,4,3,88" ten="265,450,225,60" oya="1" hai0="22,121,7,21,92,124,55,97,20,27,29,25,13" hai1="69,120,0,112,3,74,48,24,94,79,76,117,23" hai2="31,80,61,65,43,125,34,129,63,51,95,75,41" hai3="131,114,109,56,99,135,6,33,119,108,104,83,38"/><U128/><E69/><V18/><F125/><W73/><G6/><T57/><D124/><U42/><E120/><V115/><F115/><W39/><G83/><T107/><D107/><U32/><E32/><V28/><F129/><W60/><G99/><T91/><D121/><U64/><E64/><V70/><F80/><W126/><G39/><T59/><D59/><U67/><E67/><V4/><F4/><W113/><G56/><T72/><D72/><U103/><E74/><V30/><F75/><W134/><G60/><N who="0" m="35903" /><D27/><U17/><E117/><V71/><F18/><W98/><G98/><T86/><D86/><U58/><E112/><V89/><F34/><W35/><G38/><T62/><D62/><U19/><E128/><V118/><F118/><W10/><G73/><T45/><D45/><U111/><E111/><N who="3" m="42570" /><G131/><T78/><D78/><U106/><E106/><V123/><F123/><W36/><G36/><T68/><D68/><U101/><E58/><V133/><F133/><N who="3" m="50699" /><G126/><T54/><D54/><U2/><E79/><V44/><F63/><W130/><G130/><T84/><D84/><U100/><E76/><V87/><REACH who="2" step="1"/><F71/><REACH who="2" ten="265,450,215,60" step="2"/><W37/><G119/><T15/><D7/><U5/><E5/><V132/><F132/><W116/><G116/><T127/><D127/><U26/><E0/><V105/><F105/><W96/><G114/><T93/><D93/><U46/><E2/><V49/><F49/><W122/><G113/><T1/><D1/><U50/><E3/><V102/><F102/><N who="3" m="62535" /><G122/><T110/><D110/><U85/><E48/><V90/><F90/><W66/><G37/><RYUUKYOKU ba="2,1" sc="265,15,450,-15,215,15,60,-15" hai0="13,15,20,21,22,25,29,91,92,97" hai2="28,30,31,41,43,44,51,61,65,70,87,89,95" /><INIT seed="2,3,1,2,0,39" ten="280,435,230,45" oya="2" hai0="107,124,55,83,24,66,81,110,64,82,73,51,56" hai1="105,19,29,16,22,1,80,30,21,35,11,67,4" hai2="133,57,2,109,106,12,132,134,108,47,72,131,118" hai3="95,122,61,74,20,5,9,92,50,34,43,116,63"/><V46/><F2/><W94/><G34/><T8/><D73/><U98/><E67/><N who="0" m="25641" /><D107/><U31/><E80/><V42/><F118/><W135/><G74/><T26/><D110/><N who="2" m="42602" /><F72/><W45/><G116/><T114/><D114/><U96/><E105/><V89/><F106/><W6/><G122/><T113/><D113/><U32/><E98/><V93/><F131/><W100/><G100/><T130/><D130/><U25/><E96/><N who="2" m="57391" /><F57/><W65/><G135/><T120/><D120/><U44/><E44/><N who="2" m="16939" /><F12/><AGARI ba="3,1" hai="1,4,11,12,16,19,21,22,25,29,30,31,32,35" machi="12" ten="40,12000,2" yaku="35,6,54,1" doraHai="39" who="1" fromWho="2" sc="280,0,435,139,230,-129,45,0" /><INIT seed="3,0,0,0,2,111" ten="280,574,101,45" oya="3" hai0="94,66,104,36,123,116,76,125,124,107,18,98,100" hai1="72,54,82,109,88,126,90,9,99,63,59,30,118" hai2="31,13,56,97,113,0,62,106,135,68,24,14,42" hai3="52,38,130,37,43,86,58,7,115,33,93,5,1"/><W133/><G33/><T45/><D36/><U32/><E32/><V67/><F0/><W95/><G115/><T92/><D45/><U101/><E30/><V26/><F135/><W83/><G133/><T102/><D66/><U6/><E109/><V128/><F128/><W81/><G130/><T96/><D18/><U78/><E126/><N who="0" m="48745" /><D123/><U39/><E39/><V23/><F113/><W49/><G38/><T4/><D4/><N who="3" m="1609" /><G37/><T103/><D116/><U10/><E10/><V131/><F131/><W71/><G71/><T20/><D20/><U34/><E34/><N who="2" m="20839" /><F56/><W40/><G1/><T41/><D41/><N who="3" m="15945" /><G81/><T25/><D25/><U69/><E69/><V87/><F42/><W80/><G83/><T64/><D76/><AGARI ba="0,0" hai="49,52,58,76,80,86,93,95" m="15945,1609" machi="76" ten="30,2900,0" yaku="8,1,54,1" doraHai="111" who="3" fromWho="0" sc="280,-29,574,0,101,0,45,29" /><INIT seed="3,1,0,4,3,107" ten="251,574,101,74" oya="3" hai0="87,92,85,15,125,114,8,129,68,84,6,106,95" hai1="5,12,113,82,42,120,36,38,104,69,132,66,63" hai2="108,71,31,101,0,23,93,27,2,54,18,60,75" hai3="20,119,28,52,116,11,13,58,43,86,45,118,57"/><W128/><G128/><T127/><D106/><U98/><E113/><V21/><F108/><W70/><G70/><T102/><D68/><U64/><E64/><V111/><F111/><W103/><G103/><T32/><D114/><U3/><E12/><V9/><F9/><W47/><G86/><T53/><D129/><U89/><E42/><V59/><F71/><W61/><G43/><T16/><D32/><U126/><E89/><V56/><F75/><W78/><G78/><T117/><D117/><U35/><E126/><N who="0" m="48137" /><D102/><U100/><E120/><V46/><F46/><W123/><G123/><T88/><D95/><U130/><E132/><V81/><F81/><W135/><G135/><T33/><D33/><U48/><E48/><V22/><F59/><W74/><G74/><T91/><D91/><U17/><E17/><V24/><REACH who="2" step="1"/><F23/><REACH who="2" ten="251,574,91,74" step="2"/><W133/><G133/><T19/><D53/><U50/><E82/><V115/><F115/><W1/><G1/><T77/><D77/><U49/><E35/><V14/><F14/><W40/><G40/><T122/><D122/><U80/><E80/><V97/><AGARI ba="1,1" hai="0,2,18,21,22,24,27,31,54,56,60,93,97,101" machi="97" ten="30,4000,0" yaku="1,1,0,1,53,1" doraHai="107" doraHaiUra="90" who="2" fromWho="2" sc="251,-11,574,-11,91,53,74,-21" /><INIT seed="4,0,0,2,2,129" ten="240,563,144,53" oya="0" hai0="57,14,88,13,102,76,132,24,120,123,89,99,3" hai1="103,5,87,56,36,117,95,18,31,90,55,125,97" hai2="111,93,78,40,64,63,74,62,65,29,133,71,23" hai3="100,12,30,115,80,50,72,44,8,108,119,107,83"/><T41/><D3/><U51/><E36/><V34/><F111/><W0/><G0/><T26/><D76/><U46/><E125/><V86/><F23/><W2/><G2/><T58/><D99/><U10/><E117/><V70/><F40/><W101/><G119/><T27/><D102/><U116/><E116/><V6/><F6/><W16/><G108/><T49/><D49/><U66/><E31/><V113/><F113/><W82/><G115/><T130/><D27/><U22/><E66/><V92/><F86/><W48/><G48/><T121/><D121/><U37/><E37/><V128/><F128/><W42/><G72/><T91/><D91/><U53/><E10/><V43/><F43/><W39/><G107/><T124/><D41/><N who="1" m="25039" /><E56/><V96/><F96/><W1/><G39/><T35/><D35/><U7/><E55/><V4/><F4/><W28/><REACH who="3" step="1"/><G1/><REACH who="3" ten="240,563,144,43" step="2"/><T110/><D130/><U105/><E105/><V126/><F74/><W69/><G69/><T134/><D110/><U25/><E53/><V135/><F126/><AGARI ba="0,1" hai="13,14,24,26,57,58,88,89,120,123,124,126,132,134" machi="126" ten="25,12000,1" yaku="22,2,52,2,54,1" doraHai="129" who="0" fromWho="2" sc="240,130,563,0,144,-120,43,0" /><INIT seed="4,1,0,5,3,69" ten="370,563,24,43" oya="0" hai0="96,89,54,76,11,63,77,75,78,119,38,98,97" hai1="37,53,83,23,101,124,33,27,64,16,47,84,9" hai2="3,60,128,41,52,93,105,134,82,46,8,85,125" hai3="36,132,17,81,22,70,59,133,40,113,108,122,4"/><T39/><D119/><U14/><E33/><V48/><F105/><W92/><G70/><T7/><D75/><U104/><E64/><V129/><F125/><W0/><G108/><T10/><D89/><N who="1" m="51359" /><E37/><N who="0" m="13833" /><D7/><N who="1" m="3391" /><E104/><V87/><F134/><W25/><G113/><T26/><D26/><U6/><E124/><V130/><F93/><W91/><G81/><T74/><D74/><U123/><E123/><V49/><F60/><W44/><G122/><T107/><D107/><U116/><E116/><V21/><F21/><W35/><G35/><T2/><D63/><U73/><E73/><V131/><N who="2" m="32768" /><DORA hai="28" /><V71/><F71/><W126/><G126/><T66/><D66/><U62/><E101/><V18/><F82/><W1/><G59/><T100/><D100/><U65/><E6/><N who="2" m="1119" /><F18/><W86/><G4/><T45/><D2/><U5/><E5/><V106/><F106/><W120/><G120/><T95/><D95/><U72/><E72/><V102/><F102/><W118/><G118/><T51/><D11/><U115/><E27/><V67/><F67/><W103/><G103/><T50/><D10/><U58/><E65/><V20/><F20/><W32/><G32/><T57/><D98/><U31/><E23/><V111/><F111/><W42/><G1/><T90/><D90/><U30/><E62/><V79/><F79/><N who="0" m="20226" /><T34/><DORA hai="121" /><D34/><U110/><E31/><V29/><F29/><W24/><G0/><T117/><D117/><U135/><E30/><V109/><F109/><W19/><G42/><N who="0" m="24887" /><D97/><U15/><E110/><V43/><F43/><W12/><G25/><T56/><D96/><RYUUKYOKU ba="1,0" sc="370,10,563,-30,24,10,43,10" hai0="51,54,56,57" hai2="41,46,48,49,52,85,87" hai3="12,17,19,22,24,36,40,44,86,91,92,132,133" /><INIT seed="4,2,0,0,1,3" ten="380,533,34,53" oya="0" hai0="116,12,11,40,133,112,23,101,64,42,14,6,117" hai1="60,43,32,49,20,33,37,80,86,45,103,127,119" hai2="36,34,4,15,63,19,72,107,55,61,79,68,111" hai3="135,134,106,31,118,9,89,24,76,99,90,16,69"/><T22/><D133/><N who="3" m="50697" /><G69/><T21/><D112/><U87/><E119/><V44/><F111/><W126/><G118/><T100/><D116/><U78/><E103/><N who="0" m="39497" /><D117/><U70/><E127/><V124/><F107/><W52/><G106/><T41/><D64/><U35/><E20/><V27/><F124/><W71/><G71/><T0/><D0/><U102/><E102/><V82/><F68/><W62/><G76/><T73/><D73/><U54/><E86/><V98/><F98/><W120/><G126/><T1/><D1/><U10/><E10/><V67/><F67/><W129/><G129/><T83/><D14/><U65/><E33/><V75/><F72/><W81/><G120/><T57/><D57/><AGARI ba="2,0" hai="32,35,37,43,45,49,54,57,60,65,70,78,80,87" machi="57" ten="30,3900,0" yaku="7,1,24,2" doraHai="3" who="1" fromWho="0" sc="380,-45,533,45,34,0,53,0" /><INIT seed="5,0,0,2,4,97" ten="335,578,34,53" oya="1" hai0="73,123,71,80,22,99,16,70,132,51,88,72,120" hai1="95,129,46,60,114,0,102,54,41,86,43,107,38" hai2="122,65,112,116,5,126,12,67,85,133,18,61,94" hai3="42,3,7,134,21,39,131,93,101,32,23,127,8"/><U52/><E0/><V44/><F122/><N who="0" m="46634" /><D132/><U68/><E41/><V87/><F116/><W2/><G32/><T91/><D51/><U84/><E107/><V49/><F133/><W33/><G33/><T105/><D80/><U20/><E114/><V81/><F126/><W37/><G134/><T45/><D45/><U125/><E125/><V75/><F112/><W106/><G106/><T15/><D71/><U104/><E104/><V63/><F5/><W30/><G3/><T103/><D70/><U113/><E129/><V48/><F75/><AGARI ba="0,0" hai="15,16,22,72,73,75,88,91,99,103,105" m="46634" machi="75" ten="30,7700,0" yaku="13,1,52,1,54,2" doraHai="97" who="0" fromWho="2" sc="335,77,578,0,34,-77,53,0" owari="412,21.0,578,68.0,-43,-54.0,53,-35.0" /></mjloggm>