<mjloggm ver="2.3"><GO type="169" lobby="0"/><UN n0="%E4%B8%96%E3%82%92%E7%9B%B4%E3%81%99%E8%80%85" n1="%61%72%6F%65%35%2E" n2="%E6%AD%A6%E5%89%87%E8%BC%9D%E6%B5%B7" n3="%E3%82%A6%E3%83%AB%E3%83%88%E3%83%A9%E7%AB%8B%E7%9B%B4" dan="16,16,16,17" rate="2085.76,2124.04,2045.06,2194.29" sx="M,M,M,M"/><TAIKYOKU oya="0"/><INIT seed="0,0,0,1,2,20" ten="250,250,250,250" oya="0" hai0="51,126,116,27,13,61,85,114,119,4,132,125,39" hai1="75,40,42,12,111,45,0,99,80,83,57,16,65" hai2="53,102,72,6,21,25,117,67,15,34,82,64,37" hai3="70,56,78,95,17,107,22,3,26,93,59,79,54"/><T134/><D39/><U31/><E0/><V7/><F37/><W73/><G107/><T108/><D61/><U29/><E111/><V24/><F117/><N who="0" m="45130" /><D51/><N who="1" m="27047" /><E75/><V2/><F2/><W8/><G70/><T89/><D114/><U76/><E42/><V118/><F118/><W135/><G135/><N who="0" m="51755" /><D108/><U122/><E122/><V104/><F104/><W124/><G124/><N who="0" m="47723" /><D4/><U49/><E49/><V11/><F7/><W52/><G73/><T71/><D71/><U129/><E65/><V33/><F72/><W127/><G127/><T74/><D74/><U96/><E57/><V112/><F67/><W48/><G56/><T105/><D105/><U19/><E96/><V32/><F112/><W44/><G59/><T86/><D13/><U101/><E12/><V30/><F64/><W5/><G54/><T38/><D38/><U50/><E50/><V88/><F53/><W91/><G95/><N who="0" m="54703" /><D27/><U14/><E14/><V55/><F55/><W47/><G47/><T97/><D97/><AGARI ba="0,0" hai="3,5,8,17,22,26,44,48,52,78,79,91,93,97" machi="97" ten="30,3900,0" yaku="7,1,52,1,54,1" doraHai="20" who="3" fromWho="0" sc="250,-39,250,0,250,0,250,39" /><INIT seed="1,0,0,2,3,25" ten="211,250,250,289" oya="1" hai0="100,120,87,114,72,89,67,129,9,55,102,15,117" hai1="122,19,56,70,124,123,125,84,104,69,133,107,34" hai2="24,116,13,38,111,27,48,21,8,45,41,58,1" hai3="103,94,66,35,7,73,101,130,106,39,3,81,49"/><U44/><E34/><V63/><F116/><W90/><G35/><T75/><D117/><U31/><E31/><V121/><F121/><W135/><G39/><T50/><D114/><U85/><E56/><V78/><F78/><N who="3" m="44239" /><G49/><T108/><D120/><U16/><REACH who="1" step="1"/><E133/><REACH who="1" ten="211,240,250,289" step="2"/><V128/><F58/><W0/><G135/><T62/><D129/><U5/><E5/><V110/><F128/><W54/><G7/><T91/><D108/><U57/><E57/><V86/><F111/><W88/><G130/><T4/><D4/><U20/><E20/><V12/><F21/><W112/><G112/><T59/><D59/><U96/><E96/><V93/><F110/><W26/><G66/><T74/><D67/><U51/><E51/><V11/><F48/><W18/><G18/><T61/><D50/><U30/><E30/><V82/><F11/><W65/><G65/><T64/><D64/><U132/><E132/><V95/><F8/><W97/><G97/><T131/><D9/><U118/><E118/><V77/><F38/><W36/><G36/><T98/><D131/><U17/><E17/><V79/><F41/><W53/><G53/><T42/><D55/><U99/><E99/><V113/><F63/><W32/><G54/><T134/><D42/><U47/><AGARI ba="0,1" hai="16,19,44,47,69,70,84,85,104,107,122,123,124,125" machi="47" ten="25,12000,1" yaku="1,1,0,1,22,2,54,1,53,0" doraHai="25" doraHaiUra="29" who="1" fromWho="1" sc="211,-40,240,130,250,-40,289,-40" /><INIT seed="1,1,0,0,5,128" ten="171,370,210,249" oya="1" hai0="24,92,25,51,63,56,67,108,59,33,125,132,23" hai1="21,71,18,123,50,120,96,17,111,91,30,2,105" hai2="131,74,70,130,12,133,93,112,8,54,81,20,79" hai3="113,110,65,64,84,10,121,66,7,124,107,19,68"/><U1/><E71/><V88/><F70/><W27/><G113/><T97/><D108/><U13/><E111/><V61/><F112/><W60/><G110/><T106/><D106/><U104/><E30/><V117/><F117/><W42/><G107/><T34/><D125/><U9/><E50/><V119/><F119/><W134/><G121/><T126/><D126/><U86/><E120/><V76/><F76/><W85/><G124/><T55/><D25/><U40/><E40/><V101/><F20/><W29/><G19/><T31/><REACH who="0" step="1"/><D132/><REACH who="0" ten="161,370,210,249" step="2"/><U15/><E123/><V36/><F133/><W44/><G134/><T5/><D5/><U43/><E105/><V11/><F131/><W77/><G27/><T14/><D14/><U99/><E104/><V78/><F12/><W28/><G28/><T16/><D16/><N who="1" m="8239" /><E1/><V46/><F130/><W115/><G29/><T53/><D53/><U73/><E2/><V103/><F54/><W38/><G115/><T114/><D114/><U98/><E43/><V69/><F103/><AGARI ba="1,1" hai="23,24,31,33,34,51,55,56,59,63,67,92,97,103" machi="103" ten="30,8000,1" yaku="1,1,7,1,25,2,53,1" doraHai="128" doraHaiUra="95" who="0" fromWho="2" sc="161,93,370,0,210,-83,249,0" /><INIT seed="2,0,0,5,1,81" ten="254,370,127,249" oya="2" hai0="19,70,96,21,7,69,3,27,10,86,87,44,28" hai1="74,52,122,48,53,29,32,55,101,24,20,65,34" hai2="106,125,71,121,38,42,127,22,119,16,110,41,73" hai3="68,15,9,131,46,62,8,103,118,80,18,6,13"/><V30/><F119/><W45/><G118/><T135/><D135/><U78/><E101/><V14/><F121/><W37/><G131/><T51/><D96/><U43/><E122/><V58/><F71/><W102/><G80/><T33/><D70/><U84/><E74/><V57/><F73/><W88/><G88/><T129/><D69/><U92/><E65/><V113/><F113/><W85/><G85/><T90/><D90/><U82/><E92/><V39/><F106/><W116/><G116/><T54/><REACH who="0" step="1"/><D129/><REACH who="0" ten="244,370,127,249" step="2"/><U108/><E108/><V47/><F110/><W50/><G68/><T97/><D97/><U98/><E98/><V35/><F127/><W109/><G109/><T77/><D77/><U31/><E34/><V1/><F125/><W63/><G102/><T26/><AGARI ba="0,1" hai="3,7,10,19,21,26,27,28,33,44,51,54,86,87" machi="26" ten="20,8000,1" yaku="1,1,0,1,7,1,52,2,53,0" doraHai="81" doraHaiUra="111" who="0" fromWho="0" sc="244,90,370,-20,127,-40,249,-20" /><INIT seed="3,0,0,2,3,17" ten="334,350,87,229" oya="3" hai0="38,88,127,3,8,61,95,5,40,79,115,91,135" hai1="132,84,51,128,6,92,131,82,116,73,18,67,23" hai2="49,22,42,76,123,133,90,83,13,101,15,58,100" hai3="20,57,24,109,113,27,66,53,11,9,102,75,55"/><W12/><G75/><T30/><D135/><U33/><E33/><V56/><F133/><W35/><G113/><T118/><D118/><U41/><E132/><V45/><F123/><W10/><G102/><T96/><D115/><U39/><E39/><V0/><F0/><W46/><G109/><T126/><D79/><U64/><E116/><V117/><F117/><W63/><G35/><T28/><D91/><N who="1" m="51607" /><E73/><V47/><F90/><W124/><G124/><N who="0" m="47659" /><D61/><U34/><E6/><V130/><F130/><W119/><G119/><T110/><D110/><U104/><E104/><V36/><F36/><W106/><G106/><T31/><D38/><U86/><E34/><V134/><F134/><W97/><G97/><T68/><D40/><U65/><E128/><V74/><F47/><W103/><G103/><T59/><D59/><U70/><E70/><AGARI ba="0,0" hai="3,5,8,28,30,31,68,70,88,95,96" m="47659" machi="70" ten="30,2000,0" yaku="18,1,54,1" doraHai="17" who="0" fromWho="1" sc="334,20,350,-20,87,0,229,0" /><INIT seed="4,0,0,5,4,31" ten="354,330,87,229" oya="0" hai0="57,17,97,50,11,90,20,45,48,51,93,29,128" hai1="83,34,119,38,2,110,75,132,82,18,4,42,89" hai2="53,100,84,70,5,68,124,10,43,9,135,112,113" hai3="125,1,94,67,71,7,99,24,117,103,6,101,21"/><T52/><D128/><U62/><E119/><V120/><F100/><W64/><G117/><T33/><D11/><N who="2" m="4106" /><F43/><W111/><G111/><T118/><D118/><U108/><E18/><V26/><F53/><W121/><G1/><T102/><D33/><U56/><E4/><N who="3" m="1578" /><G71/><T16/><D29/><U123/><E2/><V44/><F5/><W76/><G125/><T36/><D36/><U37/><E123/><V127/><F44/><W35/><G35/><T92/><D20/><U122/><E56/><V25/><F84/><W32/><G32/><T54/><D51/><U40/><E89/><V47/><F47/><W133/><G133/><T96/><AGARI ba="0,0" hai="16,17,45,48,50,52,54,57,90,92,93,96,97,102" machi="96" ten="20,12000,1" yaku="0,1,7,1,8,1,54,2" doraHai="31" who="0" fromWho="0" sc="354,120,330,-40,87,-40,229,-40" /><INIT seed="4,1,0,1,2,120" ten="474,290,47,189" oya="0" hai0="2,128,63,7,80,108,60,10,129,73,90,29,21" hai1="107,18,65,126,98,56,85,106,1,35,118,116,102" hai2="71,51,132,16,117,134,76,30,93,78,47,77,122" hai3="53,81,92,109,127,97,3,112,84,0,32,95,69"/><T91/><D73/><U4/><E107/><V55/><F122/><W13/><G69/><T22/><D108/><U42/><E35/><V74/><F71/><W82/><G32/><T121/><D121/><U28/><E28/><V105/><F105/><W86/><G13/><T72/><D72/><U87/><E42/><V48/><F74/><W20/><G20/><N who="0" m="7787" /><D29/><U119/><E126/><V94/><F30/><W123/><G123/><T88/><D80/><U25/><E25/><V79/><N who="2" m="19968" /><DORA hai="67" /><V15/><F51/><W99/><G53/><T130/><AGARI ba="1,0" hai="2,7,10,60,63,88,90,91,128,129,130" m="7787" machi="130" ten="40,3900,0" yaku="19,1,54,1" doraHai="120,67" who="0" fromWho="0" sc="474,42,290,-14,47,-14,189,-14" /><INIT seed="4,2,0,4,2,11" ten="516,276,33,175" oya="0" hai0="108,7,23,120,94,63,119,53,113,92,89,37,74" hai1="69,31,125,116,104,76,8,101,67,121,70,117,14" hai2="24,48,81,118,87,93,115,112,58,34,106,105,129" hai3="3,21,90,124,71,42,39,54,17,122,66,0,82"/><T80/><D119/><U45/><E121/><V72/><F72/><W26/><G124/><T51/><D37/><U107/><E125/><V134/><F93/><W114/><G114/><N who="2" m="43561" /><F129/><W27/><G122/><T62/><D113/><U97/><E31/><N who="2" m="19815" /><F134/><W40/><G66/><T123/><D74/><U132/><E104/><V133/><F133/><W73/><G71/><T2/><D120/><U84/><E132/><V103/><F118/><W88/><G54/><T55/><D123/><U85/><E45/><V44/><F58/><W41/><G39/><T10/><D94/><U15/><E76/><N who="2" m="46503" /><F103/><W75/><G82/><T12/><D80/><U16/><E116/><V32/><F32/><W59/><G59/><T1/><D92/><U52/><E117/><V5/><F5/><W28/><G75/><T56/><D7/><U13/><E52/><AGARI ba="2,0" hai="44,48,52,105,106" m="46503,19815,43561" machi="52" ten="30,2000,0" yaku="15,1,54,1" doraHai="11" who="2" fromWho="1" sc="516,0,276,-26,33,26,175,0" /><INIT seed="5,0,0,1,0,77" ten="516,250,59,175" oya="1" hai0="97,81,113,93,0,112,56,42,115,96,37,20,120" hai1="80,29,31,131,26,15,48,92,79,104,27,69,46" hai2="134,28,105,84,72,127,82,32,11,103,75,71,62" hai3="59,43,3,51,87,57,98,83,25,39,14,7,116"/><U106/><E69/><V54/><F127/><W114/><G3/><T66/><D0/><U18/><E92/><V135/><F11/><N who="3" m="4479" /><G39/><T119/><D119/><U49/><E131/><V132/><F28/><W34/><G34/><T102/><D120/><U35/><E48/><V33/><F103/><W101/><G25/><T22/><D97/><U107/><E49/><V38/><F38/><W68/><G68/><T65/><D81/><U17/><E46/><V30/><F105/><W64/><G64/><N who="0" m="24683" /><D56/><U130/><E15/><V90/><F71/><W108/><G114/><T85/><D85/><U73/><REACH who="1" step="1"/><E130/><REACH who="1" ten="516,240,59,175" step="2"/><V10/><F135/><W126/><G116/><T2/><D2/><U78/><E78/><V123/><F134/><W21/><G126/><T121/><D115/><U50/><E50/><V40/><F132/><W124/><G124/><T111/><D113/><U99/><E99/><V118/><F118/><W74/><G51/><T61/><D112/><U60/><E60/><V122/><F62/><W100/><G98/><T6/><D61/><U76/><E76/><V44/><F44/><W95/><G95/><T91/><D93/><U63/><E63/><V70/><F70/><W41/><G57/><T125/><D96/><U23/><AGARI ba="0,1" hai="17,18,23,26,27,29,31,35,73,79,80,104,106,107" machi="23" ten="30,12000,1" yaku="1,1,0,1,52,1,53,2" doraHai="77" doraHaiUra="24" who="1" fromWho="1" sc="516,-40,240,130,59,-40,175,-40" /><INIT seed="5,1,0,2,0,37" ten="476,370,19,135" oya="1" hai0="114,124,73,67,39,17,63,29,95,0,117,13,49" hai1="47,116,108,11,86,30,91,57,74,35,112,127,65" hai2="84,10,62,32,5,66,122,2,6,97,38,96,118" hai3="42,131,89,60,22,126,40,45,85,7,53,23,115"/><U102/><E116/><V24/><F118/><W76/><G115/><T135/><D39/><U41/><E74/><V110/><F122/><W28/><G126/><T92/><D117/><U71/><E71/><V75/><F75/><W77/><G7/><T52/><D0/><U119/><E119/><V98/><F110/><W69/><G69/><T43/><D73/><U44/><E127/><V133/><F133/><W26/><G23/><T68/><D124/><U130/><E130/><V107/><F6/><W8/><G8/><T51/><D135/><U104/><E112/><V134/><F84/><W12/><G12/><T125/><D125/><U82/><E108/><V55/><F55/><W123/><G131/><T34/><D114/><U88/><E11/><V3/><F38/><W120/><G123/><T93/><D43/><N who="3" m="16425" /><G120/><T21/><REACH who="0" step="1"/><D52/><REACH who="0" ten="466,370,19,135" step="2"/><U129/><E129/><V78/><F3/><W58/><G45/><T70/><D70/><U50/><E47/><V87/><F134/><W46/><G46/><T54/><D54/><U56/><E44/><V1/><F1/><W90/><G53/><T81/><D81/><U94/><E41/><V72/><F72/><W14/><G58/><T64/><D64/><U48/><E65/><V19/><F66/><W132/><G132/><T61/><D61/><U106/><E82/><V113/><F62/><W105/><G60/><T9/><D9/><U83/><E57/><V128/><F113/><W99/><G105/><N who="1" m="40554" /><E56/><V109/><F128/><W79/><G14/><T25/><AGARI ba="1,1" hai="13,17,21,25,29,34,49,51,63,67,68,92,93,95" machi="25" ten="30,4000,0" yaku="1,1,0,1,53,1" doraHai="37" doraHaiUra="27" who="0" fromWho="0" sc="466,53,370,-21,19,-11,135,-11" /><INIT seed="6,0,0,5,5,6" ten="519,349,8,124" oya="2" hai0="125,102,36,17,12,73,3,76,4,26,109,66,21" hai1="82,25,117,1,72,106,22,71,79,127,108,99,90" hai2="50,74,0,31,40,49,70,30,69,78,128,32,114" hai3="7,107,43,118,93,132,98,87,91,92,94,110,64"/><V59/><F0/><W5/><G107/><T105/><D36/><U121/><E108/><V28/><F32/><W88/><G110/><T20/><D109/><U33/><E117/><V52/><F114/><W115/><G118/><T15/><D125/><U120/><E127/><V116/><F116/><W29/><G115/><T131/><D131/><U39/><E71/><V101/><F128/><W123/><G123/><N who="1" m="47178" /><E39/><V112/><F112/><W56/><G132/><T58/><D17/><N who="1" m="12495" /><E33/><V60/><F101/><N who="3" m="60615" /><G43/><T104/><D102/><N who="1" m="62815" /><E90/><V19/><F19/><W13/><G29/><T53/><D105/><U83/><E83/><V41/><F78/><W37/><G37/><T80/><D76/><U38/><E38/><V55/><F74/><W8/><G91/><T67/><D73/><U95/><E95/><V130/><F130/><W18/><G93/><T84/><D80/><U65/><E65/><V61/><F31/><W14/><G14/><T45/><D84/><U16/><E16/><V86/><F86/><W51/><G64/><T11/><D104/><U75/><E75/><V35/><F35/><W24/><G24/><T44/><D26/><U124/><E124/><V48/><F48/><W133/><G133/><T119/><D119/><U2/><AGARI ba="0,0" hai="1,2,72,79,82" m="62815,12495,47178" machi="2" ten="30,1100,0" yaku="13,1" doraHai="6" who="1" fromWho="1" sc="519,-3,349,11,8,-5,124,-3" /><INIT seed="7,0,0,2,5,47" ten="516,360,3,121" oya="3" hai0="33,96,75,19,83,36,62,134,76,102,127,2,72" hai1="125,82,120,114,50,78,13,58,85,61,44,38,57" hai2="106,90,99,110,97,0,42,15,54,60,35,49,107" hai3="10,129,63,95,121,104,9,108,89,86,34,71,68"/><W46/><G121/><T98/><D36/><U5/><E120/><V65/><F0/><W109/><G104/><T81/><D33/><U79/><E38/><V48/><F35/><W128/><G34/><T39/><D39/><U14/><E125/><V56/><F110/><N who="3" m="42603" /><G63/><T93/><D62/><U23/><E114/><V27/><F107/><W43/><G9/><T16/><D2/><U37/><E37/><V74/><F74/><W29/><G10/><T45/><D127/><U123/><E123/><V41/><F106/><W124/><G29/><T111/><D111/><U132/><E132/><V113/><F113/><W103/><G103/><T26/><D102/><U101/><E101/><V24/><F15/><W69/><G124/><T28/><D28/><U80/><E23/><V116/><F116/><W70/><G70/><T64/><D134/><U12/><E61/><V52/><F60/><W4/><G4/><T88/><D64/><U122/><E122/><V100/><F100/><W87/><G87/><T77/><D75/><U17/><E17/><V117/><F117/><W7/><G7/><T105/><D105/><U66/><E66/><V67/><F56/><W25/><G25/><T119/><D26/><U20/><E20/><V73/><F73/><W118/><G118/><T21/><D119/><U94/><E58/><V55/><F55/><W11/><G71/><T53/><D72/><U32/><E32/><V126/><F126/><W3/><G69/><T1/><D1/><U92/><E57/><V131/><F90/><W91/><G68/><T18/><D21/><U51/><E5/><RYUUKYOKU ba="0,0" sc="516,-10,360,-10,3,30,121,-10" hai2="24,27,41,42,48,49,52,54,65,67,97,99,131" owari="506,61.0,350,15.0,33,-47.0,111,-29.0" /></mjloggm>