<mjloggm ver="2.3"><GO type="41" lobby="0"/><UN n0="%6B%75%72%6F%68%61%73%33" n1="%E5%B0%B1%E6%B4%BB%E7%94%9F%40%E5%B7%9D%E6%9D%91%E8%BB%8D%E5%9B%A3" n2="%4E%6F%65%6C%31%31%30%33" n3="%E5%A4%A9%E3%80%85%E5%92%8C" dan="13,15,13,13" rate="1846.83,2032.52,1844.91,1920.94" sx="M,M,M,M"/><TAIKYOKU oya="0"/><INIT seed="0,0,0,2,1,108" ten="250,250,250,250" oya="0" hai0="49,23,17,10,83,67,73,22,116,31,72,18,92" hai1="66,47,69,106,94,36,122,133,99,125,88,63,45" hai2="5,43,34,50,32,98,3,111,85,38,134,24,30" hai3="8,51,75,68,118,20,77,33,132,35,48,1,19"/><T76/><D116/><U103/><E122/><V37/><F111/><W119/><G68/><T7/><D67/><U29/><E125/><V42/><F134/><W86/><G75/><T59/><D92/><U41/><E133/><V96/><F5/><W81/><G132/><T97/><D97/><U61/><E29/><V113/><F3/><W71/><G71/><T15/><D72/><U135/><E135/><V126/><F126/><W120/><G120/><T117/><D117/><U102/><E106/><V27/><F50/><W9/><G1/><T12/><D31/><U65/><REACH who="1" step="1"/><E45/><REACH who="1" ten="250,240,250,250" step="2"/><V6/><F30/><W129/><G118/><T89/><D7/><U87/><E87/><V93/><F6/><W70/><G119/><T58/><D10/><U25/><E25/><V26/><F85/><W130/><G9/><T100/><D100/><U57/><AGARI ba="0,1" hai="36,41,47,57,61,63,65,66,69,88,94,99,102,103" machi="57" ten="20,8000,1" yaku="1,1,0,1,7,1,54,1,53,1" doraHai="108" doraHaiUra="40" who="1" fromWho="1" sc="250,-40,240,90,250,-20,250,-20" /><INIT seed="1,0,0,5,0,109" ten="210,330,230,230" oya="1" hai0="58,49,125,100,83,37,107,35,45,7,50,128,47" hai1="103,60,23,110,28,74,126,75,29,73,25,108,135" hai2="54,105,70,30,55,5,94,124,6,41,88,21,71" hai3="4,111,63,134,31,129,57,80,101,91,118,19,33"/><U51/><E126/><V61/><F105/><W32/><G118/><T102/><D125/><U104/><E135/><V46/><F124/><W2/><G111/><N who="1" m="42538" /><E60/><V62/><F71/><W3/><G129/><T99/><D35/><U117/><E117/><V15/><F70/><W9/><G134/><T106/><D37/><U77/><E77/><V115/><F115/><W12/><G101/><T10/><D128/><U116/><E116/><V43/><F30/><W24/><G91/><T89/><D58/><U119/><E119/><V81/><F81/><W127/><G80/><T48/><D83/><U72/><E51/><V79/><F79/><W38/><G38/><T13/><D89/><U114/><E72/><V131/><F131/><W44/><G44/><T92/><D92/><U11/><E11/><V95/><F88/><W14/><G127/><T112/><D112/><U59/><E59/><V66/><F66/><W36/><G36/><T39/><D39/><U93/><E104/><V85/><F85/><W17/><G63/><T97/><AGARI ba="0,0" hai="7,10,13,45,47,48,49,50,97,99,100,102,106,107" machi="97" ten="30,2000,0" yaku="0,1,9,1" doraHai="109" who="0" fromWho="0" sc="210,20,330,-10,230,-5,230,-5" /><INIT seed="2,0,0,3,4,123" ten="230,320,225,225" oya="2" hai0="78,72,62,69,130,46,34,128,105,31,60,27,120" hai1="93,99,80,107,53,68,126,129,6,42,9,45,106" hai2="29,119,48,21,90,0,64,70,8,43,125,52,133" hai3="91,58,101,35,98,51,116,28,41,2,10,54,1"/><V13/><F119/><W103/><G116/><T22/><D62/><U100/><E126/><V15/><F125/><W96/><G35/><T79/><D78/><U47/><E129/><N who="0" m="49769" /><D22/><U65/><E53/><V66/><F133/><W77/><G77/><T117/><D117/><U74/><E65/><V33/><F70/><W38/><G28/><T49/><D120/><U109/><E68/><V108/><F43/><W102/><G38/><T85/><D85/><U17/><E17/><V55/><F90/><W127/><G127/><T73/><D79/><N who="1" m="44151" /><E47/><V26/><F55/><W36/><G36/><T7/><D7/><U82/><E82/><V110/><F0/><W61/><G2/><T4/><D4/><U88/><E100/><V3/><F3/><W24/><G1/><T86/><D86/><U59/><E9/><V118/><F118/><W111/><G10/><T16/><D16/><U56/><E6/><N who="2" m="3223" /><F15/><W97/><G24/><T92/><D92/><U131/><E107/><V87/><F33/><W25/><G25/><T44/><D105/><U115/><E106/><V18/><F87/><W122/><G122/><T81/><D81/><U63/><E131/><V76/><F76/><W11/><G11/><T57/><D69/><U83/><E115/><V104/><F104/><W134/><G134/><T23/><D34/><U113/><E113/><V40/><F40/><W135/><G135/><T75/><D49/><N who="1" m="26807" /><E83/><V20/><F20/><W112/><G112/><T50/><D50/><U84/><E84/><V94/><F29/><W14/><G14/><T114/><D114/><U71/><E71/><RYUUKYOKU ba="0,0" sc="230,30,320,-10,225,-10,225,-10" hai0="23,27,31,44,46,57,60,72,73,75" /><INIT seed="3,1,0,2,4,15" ten="260,310,215,215" oya="3" hai0="116,87,26,19,74,105,72,62,59,69,76,100,75" hai1="115,99,3,83,122,117,104,47,57,120,102,35,109" hai2="64,94,82,125,49,13,84,106,14,55,91,93,128" hai3="103,107,52,88,43,8,0,24,51,101,110,60,134"/><W11/><G0/><T9/><D116/><U40/><E115/><V130/><F106/><W30/><G107/><T127/><D69/><U108/><E35/><V54/><F125/><W39/><G39/><T33/><D127/><U133/><E133/><V73/><F64/><W135/><G30/><T5/><D105/><U48/><E3/><V31/><F31/><W124/><G24/><T114/><D114/><U32/><E32/><V113/><F113/><W53/><G124/><T79/><D100/><N who="3" m="38473" /><G60/><T58/><D87/><U80/><E57/><V61/><F73/><W86/><G110/><N who="1" m="42602" /><E117/><V34/><F34/><W27/><G27/><T67/><D59/><U10/><E10/><N who="3" m="3626" /><G135/><T28/><D76/><U22/><E22/><V46/><F61/><W44/><G134/><T126/><D126/><U50/><E50/><V85/><F55/><W7/><G7/><T20/><D79/><U63/><E63/><V68/><F68/><W71/><G71/><T78/><D78/><U17/><E17/><V132/><F132/><W37/><G37/><T18/><D33/><U21/><E21/><V16/><F14/><W65/><G65/><T119/><D119/><U111/><E111/><V112/><F112/><W56/><G56/><T90/><D58/><U23/><E23/><V129/><F85/><W81/><AGARI ba="1,0" hai="43,44,51,52,53,81,86,88" m="3626,38473" machi="81" ten="30,6000,0" yaku="8,1,54,2" doraHai="15" who="3" fromWho="3" sc="260,-21,310,-21,215,-21,215,63" /><INIT seed="3,2,0,5,1,95" ten="239,289,194,278" oya="3" hai0="55,97,28,129,50,10,31,54,88,62,34,66,130" hai1="46,89,72,86,4,24,43,41,106,26,37,49,126" hai2="65,13,75,19,124,81,113,0,90,73,77,40,53" hai3="18,1,100,128,22,58,44,48,127,83,67,2,117"/><W39/><G117/><T87/><D34/><U12/><E72/><V91/><F124/><W105/><G127/><T120/><D120/><U51/><E106/><V47/><F113/><W17/><G128/><T108/><D108/><U38/><E126/><V56/><F0/><W35/><G35/><T57/><D10/><U111/><E111/><V85/><F65/><W14/><G39/><T78/><D55/><U29/><E29/><V15/><F13/><W11/><G100/><T70/><D78/><U122/><E122/><V30/><F30/><W123/><G105/><T59/><D70/><U104/><E104/><V60/><F75/><W84/><G123/><T94/><D87/><U5/><E12/><V36/><F73/><W102/><G102/><T98/><D31/><U45/><E86/><V63/><REACH who="2" step="1"/><F60/><REACH who="2" ten="239,289,184,278" step="2"/><N who="3" m="38295" /><G2/><T27/><D28/><U8/><E8/><AGARI ba="2,1" hai="8,15,19,36,40,47,53,56,63,77,81,85,90,91" machi="8" ten="30,2000,0" yaku="1,1,7,1,53,0" doraHai="95" doraHaiUra="33" who="2" fromWho="1" sc="239,0,289,-26,184,36,278,0" /><INIT seed="4,0,0,2,2,121" ten="239,263,220,278" oya="0" hai0="120,102,18,57,44,127,14,84,8,67,124,2,73" hai1="98,118,5,126,114,130,109,99,117,108,65,64,80" hai2="9,97,105,82,0,56,135,60,70,85,7,25,23" hai3="43,83,116,94,103,68,28,115,125,133,81,30,49"/><T36/><D73/><U31/><E5/><V3/><F135/><W66/><G116/><N who="1" m="44650" /><E80/><V54/><F70/><W95/><G115/><T51/><D2/><U21/><E21/><V132/><F132/><W92/><G68/><T16/><D120/><U76/><E76/><V110/><F0/><W69/><G69/><T40/><D102/><U52/><E52/><V91/><F105/><W104/><G104/><T53/><D84/><U4/><E4/><V72/><F72/><W26/><G133/><T33/><D33/><U47/><E47/><V63/><F63/><W46/><G125/><T112/><D112/><U13/><E13/><V111/><REACH who="2" step="1"/><F97/><REACH who="2" ten="239,263,210,278" step="2"/><N who="1" m="36873" /><E114/><V6/><F6/><W20/><G66/><N who="1" m="25706" /><E31/><AGARI ba="0,1" hai="3,7,9,23,25,31,54,56,60,82,85,91,110,111" machi="31" ten="30,7700,0" yaku="1,1,7,1,52,2,53,0" doraHai="121" doraHaiUra="119" who="2" fromWho="1" sc="239,0,263,-77,210,87,278,0" /><INIT seed="5,0,0,2,3,42" ten="239,186,297,278" oya="1" hai0="84,47,7,67,95,82,109,81,93,99,121,101,63" hai1="62,31,115,70,86,111,12,79,112,114,135,48,23" hai2="30,20,40,97,37,13,73,100,4,34,0,69,90" hai3="52,43,8,120,72,98,38,126,134,107,117,64,14"/><U131/><E111/><V28/><F73/><W10/><G117/><T5/><D109/><U6/><E131/><V71/><F90/><W2/><G72/><T29/><D121/><U55/><E135/><V74/><F74/><W127/><G120/><T1/><D29/><U85/><E31/><V17/><F30/><W35/><G35/><T44/><D93/><U103/><E103/><V54/><F54/><W59/><G107/><T96/><D96/><U57/><E70/><V9/><F97/><W102/><G134/><T24/><D24/><U92/><E92/><V33/><F100/><W27/><G2/><T26/><D26/><U116/><E79/><V94/><F94/><N who="3" m="58711" /><G27/><T88/><D82/><U118/><E62/><V124/><F124/><N who="3" m="47659" /><G64/><T18/><D18/><N who="1" m="10695" /><E6/><N who="0" m="2057" /><D1/><U41/><E41/><V32/><REACH who="2" step="1"/><F28/><REACH who="2" ten="239,186,287,278" step="2"/><W75/><G75/><T66/><D67/><U11/><E11/><V132/><F132/><W56/><G10/><T108/><D108/><U53/><E53/><V15/><F15/><W129/><G129/><T22/><D22/><U110/><E110/><V19/><F19/><N who="3" m="8647" /><G43/><T122/><D122/><U3/><E3/><V39/><F39/><W119/><G38/><T58/><AGARI ba="0,1" hai="44,47,58,63,66,81,84,88,95,99,101" m="2057" machi="58" ten="30,7900,0" yaku="8,1,52,2,54,1" doraHai="42" who="0" fromWho="0" sc="239,89,186,-39,287,-20,278,-20" /><INIT seed="6,0,0,1,2,134" ten="328,147,267,258" oya="2" hai0="104,32,3,126,78,106,59,111,5,37,44,71,55" hai1="30,40,94,129,16,18,77,79,28,92,84,31,80" hai2="68,113,96,97,35,57,65,6,117,105,54,74,46" hai3="98,70,52,8,116,127,45,48,49,95,91,36,1"/><V0/><F117/><W131/><G116/><T64/><D78/><U66/><E129/><V43/><F113/><W82/><G70/><T103/><D111/><U76/><E40/><V14/><F74/><W9/><G1/><T69/><D59/><U39/><E39/><V123/><F35/><W107/><G36/><T22/><D22/><U19/><REACH who="1" step="1"/><E66/><REACH who="1" ten="328,137,267,258" step="2"/><V29/><F123/><W99/><G131/><T41/><D64/><U38/><E38/><V93/><F65/><W81/><G48/><T58/><D41/><U20/><E20/><V62/><F68/><W114/><G114/><T13/><D37/><U124/><E124/><V17/><F43/><W88/><G127/><T21/><D126/><U101/><E101/><V72/><F46/><W122/><G122/><T63/><D44/><U73/><E73/><V42/><F72/><W51/><G51/><T75/><D103/><U133/><E133/><V109/><F42/><W4/><G107/><T56/><D106/><U128/><E128/><V7/><F105/><W115/><G115/><T15/><D75/><U50/><E50/><V60/><F62/><W11/><G4/><N who="2" m="1577" /><F109/><W100/><G100/><T89/><D104/><U102/><E102/><N who="2" m="60687" /><F0/><W61/><G61/><T135/><D3/><U90/><AGARI ba="0,1" hai="16,18,19,28,30,31,76,77,79,80,84,90,92,94" machi="90" ten="40,12000,2" yaku="1,1,0,1,29,2,8,1,54,1,53,0" doraHai="134" doraHaiUra="120" who="1" fromWho="1" sc="328,-30,137,130,267,-60,258,-30" /><INIT seed="7,0,0,3,3,57" ten="298,267,207,228" oya="3" hai0="23,98,8,16,105,68,90,64,96,91,14,45,29" hai1="52,1,102,60,19,65,4,33,118,46,77,104,131" hai2="49,36,62,5,0,100,97,107,113,132,76,99,119" hai3="67,86,7,94,110,78,108,31,27,59,24,88,80"/><W116/><G116/><T38/><D68/><U93/><E104/><V114/><F119/><W83/><G7/><T106/><D64/><U121/><E33/><V53/><F132/><W111/><G80/><T56/><D38/><U112/><E121/><V2/><F76/><W70/><G70/><T55/><D45/><U134/><E134/><V75/><F36/><W40/><G40/><T95/><D29/><U122/><E122/><V17/><F75/><W74/><G31/><T15/><D91/><U41/><E131/><V71/><F17/><W44/><G44/><T48/><D98/><N who="1" m="59727" /><E1/><V61/><F99/><W54/><REACH who="3" step="1"/><G67/><REACH who="3" ten="298,267,207,218" step="2"/><T9/><D9/><U50/><E118/><V13/><F71/><W82/><G82/><T87/><D96/><U37/><E4/><AGARI ba="0,1" hai="4,8,14,15,16,23,48,55,56,87,90,95,105,106" machi="4" ten="30,7700,0" yaku="7,1,25,2,54,1" doraHai="57" who="0" fromWho="1" sc="298,87,267,-77,207,0,218,0" owari="385,48.0,190,-31.0,207,-19.0,218,2.0" /></mjloggm>