<mjloggm ver="2.3"><GO type="97" lobby="0"/><UN n0="%E5%B0%B1%E6%B4%BB%E7%94%9F%40%E5%B7%9D%E6%9D%91%E8%BB%8D%E5%9B%A3" n1="%E5%8D%81%E4%B8%89%E4%BB%A3%E7%9B%AE%E6%AC%A1%E5%85%83%E5%A4%A7%E4%BB%8B" n2="%69%74%74%75%64%65%6D%69" n3="%E5%85%A8%E5%B1%80%E5%8F%82%E5%8A%A0%E5%9E%8B%E9%9B%80%E5%A3%AB" dan="14,15,14,15" rate="1973.30,2012.78,1967.51,2005.31" sx="M,M,M,M"/><TAIKYOKU oya="0"/><INIT seed="0,0,0,0,2,126" ten="250,250,250,250" oya="0" hai0="22,99,100,27,15,61,107,85,66,58,79,41,110" hai1="8,92,25,2,32,67,11,93,59,33,90,122,113" hai2="125,82,36,39,121,119,48,3,34,5,81,83,102" hai3="12,20,13,10,42,9,19,52,103,21,117,134,50"/><T84/><D79/><U116/><E116/><V120/><F125/><W56/><G117/><T70/><D110/><U6/><E122/><V98/><F119/><W72/><G72/><T74/><D74/><U88/><E113/><V14/><F3/><W130/><G134/><T38/><D70/><U76/><E76/><V133/><F34/><W29/><G103/><T28/><D38/><U30/><E11/><V78/><F78/><W62/><G130/><T127/><D127/><U135/><E135/><V95/><F133/><W35/><G35/><T40/><D15/><U75/><E75/><V49/><F14/><W4/><G29/><T54/><D54/><U129/><E129/><V65/><F65/><W23/><G42/><T46/><D46/><U43/><E43/><V118/><F5/><W111/><G111/><T47/><REACH who="0" step="1"/><D41/><REACH who="0" ten="240,250,250,250" step="2"/><U26/><E2/><V112/><F118/><W89/><REACH who="3" step="1"/><G89/><REACH who="3" ten="240,250,250,240" step="2"/><T104/><D104/><U60/><E90/><V86/><F112/><W31/><G31/><T37/><AGARI ba="0,2" hai="22,27,28,37,40,47,58,61,66,84,85,99,100,107" machi="37" ten="20,3900,0" yaku="1,1,0,1,7,1,53,0" doraHai="126" doraHaiUra="115" who="0" fromWho="0" sc="240,59,250,-13,250,-13,240,-13" /><INIT seed="0,1,0,5,1,28" ten="299,237,237,227" oya="0" hai0="56,17,4,77,47,30,91,116,118,101,102,21,86" hai1="2,5,79,64,24,49,37,3,46,95,43,80,87" hai2="76,61,8,18,122,129,41,27,78,124,66,29,16" hai3="34,106,38,11,40,88,75,20,131,117,82,68,103"/><T53/><D116/><U7/><E64/><V44/><F122/><W99/><G68/><T6/><D30/><U19/><E37/><V48/><F124/><W63/><G117/><T113/><D77/><U107/><E107/><V54/><F129/><W50/><G38/><T26/><D47/><U85/><E3/><V23/><F41/><W100/><G100/><N who="0" m="38507" /><D113/><U25/><E2/><V123/><F123/><W10/><G131/><T13/><D26/><N who="1" m="10347" /><E19/><V93/><F93/><W55/><G40/><T42/><D42/><U94/><E87/><V0/><F0/><W39/><G39/><T135/><D135/><U121/><E121/><V31/><F31/><W109/><G109/><T132/><D132/><U67/><E67/><V1/><F1/><W130/><G130/><T58/><D118/><U110/><E110/><V32/><F8/><W84/><G63/><N who="0" m="36239" /><D58/><U134/><E134/><V73/><F73/><W45/><G34/><T52/><D52/><U111/><E111/><V71/><F18/><W35/><G35/><T62/><D62/><U114/><E114/><V115/><F115/><W89/><G75/><T12/><D12/><AGARI ba="1,0" hai="12,16,23,27,29,32,44,48,54,61,66,71,76,78" machi="12" ten="30,3900,0" yaku="7,1,52,1,54,1" doraHai="28" who="2" fromWho="0" sc="299,-42,237,0,237,42,227,0" /><INIT seed="1,0,0,1,5,128" ten="257,237,279,227" oya="1" hai0="45,70,4,107,11,40,33,36,95,34,98,109,96" hai1="69,79,44,110,102,74,92,77,71,116,27,22,48" hai2="51,64,124,93,106,88,42,80,131,125,13,58,8" hai3="30,52,65,73,56,26,112,6,118,91,53,50,46"/><U90/><E116/><V108/><F106/><W85/><G73/><T100/><D70/><U7/><E102/><V111/><F80/><W61/><G112/><T17/><D17/><U3/><E110/><N who="2" m="42027" /><F42/><W23/><G118/><T115/><D115/><U35/><E35/><V20/><F20/><W14/><G14/><T59/><D59/><U87/><E71/><V103/><F103/><W86/><G6/><T19/><D19/><U1/><E69/><V63/><F51/><W94/><REACH who="3" step="1"/><G85/><REACH who="3" ten="257,237,279,217" step="2"/><T82/><D109/><U31/><E74/><V78/><F131/><W5/><G5/><T62/><D4/><U130/><E130/><V18/><F78/><W114/><G114/><T122/><D122/><U97/><E7/><V135/><F135/><W127/><G127/><T121/><D121/><U2/><REACH who="1" step="1"/><E87/><AGARI ba="0,1" hai="8,13,18,58,63,64,87,88,93,124,125" m="42027" machi="87" ten="30,2000,0" yaku="14,1,54,1" doraHai="128" who="2" fromWho="1" sc="257,0,237,-20,279,30,217,0" /><INIT seed="2,0,0,3,1,79" ten="257,217,309,217" oya="2" hai0="93,31,74,14,83,108,58,118,67,85,123,129,26" hai1="78,28,10,5,84,117,63,4,42,87,33,121,80" hai2="111,7,62,41,0,21,102,76,22,90,133,6,71" hai3="40,39,59,92,60,72,46,38,69,45,57,99,18"/><V54/><F133/><W112/><G72/><T81/><D123/><U49/><E117/><V113/><F113/><W34/><G34/><T32/><D118/><U98/><E121/><V68/><F102/><W66/><G18/><T95/><D108/><U20/><E33/><V70/><F41/><N who="3" m="22711" /><G92/><T100/><D129/><U131/><E131/><V8/><F7/><W16/><G16/><T27/><D74/><U64/><E98/><V86/><F76/><W15/><G15/><T19/><D100/><U52/><E42/><V13/><F111/><W35/><G35/><T82/><D85/><U128/><E128/><V120/><F120/><W50/><G99/><T126/><D126/><U107/><E107/><V116/><F116/><W75/><G75/><T134/><D134/><U77/><E77/><V24/><F0/><W125/><G125/><T65/><D58/><N who="3" m="22025" /><G112/><T115/><D115/><U89/><E87/><V97/><F97/><W36/><AGARI ba="0,0" hai="36,39,40,46,50,60,66,69" m="22025,22711" machi="36" ten="30,8000,1" yaku="35,5" doraHai="79" who="3" fromWho="3" sc="257,-20,217,-20,309,-40,217,80" /><INIT seed="3,0,0,1,4,92" ten="237,197,269,297" oya="3" hai0="73,103,67,7,8,115,47,90,122,133,124,40,33" hai1="74,54,93,111,96,26,77,4,34,89,114,134,31" hai2="15,1,24,29,41,116,132,32,66,88,36,95,72" hai3="39,17,102,68,46,30,27,11,5,106,135,123,109"/><W38/><G123/><T98/><D122/><U78/><E111/><V125/><F116/><W19/><G68/><T12/><D73/><U45/><E114/><V28/><F72/><W10/><G109/><T35/><D115/><U84/><E134/><V22/><F132/><W59/><G135/><T130/><D133/><U91/><E4/><V110/><F110/><W108/><G108/><T75/><D75/><U62/><E74/><V81/><F81/><W105/><G59/><T2/><D130/><U53/><E53/><V0/><F66/><W83/><G83/><T117/><D117/><U14/><E14/><V85/><F125/><W113/><G113/><T87/><D67/><U118/><E118/><V52/><F36/><W128/><G128/><T37/><D2/><U126/><E126/><V13/><F41/><W61/><G61/><T131/><D131/><U6/><E6/><V55/><F0/><W120/><G120/><T82/><REACH who="0" step="1"/><D124/><REACH who="0" ten="227,197,269,297" step="2"/><U18/><E18/><N who="3" m="6666" /><G5/><T3/><D3/><U97/><E62/><V69/><F1/><W71/><G71/><T44/><D44/><U23/><E34/><V57/><F69/><W16/><G16/><T94/><AGARI ba="0,1" hai="7,8,12,33,35,37,40,47,82,87,90,94,98,103" machi="94" ten="20,5200,0" yaku="1,1,0,1,7,1,52,1,53,0" doraHai="92" doraHaiUra="25" who="0" fromWho="0" sc="227,62,197,-13,269,-13,297,-26" /><INIT seed="4,0,0,5,5,4" ten="289,184,256,271" oya="0" hai0="83,3,52,16,124,25,134,38,127,57,58,99,125" hai1="73,18,17,93,19,78,21,55,69,109,91,8,68" hai2="132,61,35,112,42,10,26,74,133,64,40,111,34" hai3="105,29,11,12,92,1,94,48,59,0,44,126,120"/><T131/><D3/><U72/><E109/><V117/><F111/><W14/><G105/><T5/><D38/><U86/><E8/><V100/><F74/><W37/><G37/><T101/><D131/><U75/><E78/><V123/><F123/><W98/><G120/><T65/><D134/><U77/><E77/><V47/><F117/><W27/><G126/><T104/><D5/><U71/><REACH who="1" step="1"/><E55/><REACH who="1" ten="289,174,256,271" step="2"/><V9/><F133/><W76/><G76/><T41/><D52/><U28/><E28/><V63/><F132/><W96/><G11/><T118/><D118/><U32/><E32/><V119/><F119/><W39/><G29/><T30/><D30/><U110/><E110/><V24/><F64/><W13/><G0/><T82/><D65/><U128/><E128/><V60/><F112/><W46/><G1/><T85/><D41/><U51/><E51/><V87/><F35/><W33/><G33/><T56/><D85/><U113/><E113/><V129/><F87/><W66/><G48/><T103/><D103/><U67/><E67/><V84/><F100/><W90/><G66/><T50/><D50/><U15/><AGARI ba="0,1" hai="15,17,18,19,21,68,69,71,72,73,75,86,91,93" machi="15" ten="40,2700,0" yaku="1,1,0,1,53,0" doraHai="4" doraHaiUra="53" who="1" fromWho="1" sc="289,-13,174,37,256,-7,271,-7" /><INIT seed="5,0,0,3,5,73" ten="276,211,249,264" oya="1" hai0="0,25,41,52,24,50,118,39,1,60,55,70,84" hai1="92,130,124,133,100,26,122,65,74,86,69,102,95" hai2="91,67,2,82,90,106,19,114,10,7,9,96,40" hai3="77,57,11,80,49,78,111,110,87,8,53,64,17"/><U113/><E113/><V128/><F114/><W13/><G11/><T4/><D118/><U54/><E122/><V63/><F128/><W37/><G37/><T23/><D39/><U42/><E130/><V120/><F120/><W38/><G38/><T112/><D112/><U108/><E74/><V59/><F40/><W36/><G36/><T132/><D132/><U15/><E42/><V85/><F2/><W44/><G64/><T79/><D4/><U35/><E124/><V75/><F7/><W98/><G98/><T48/><D1/><U32/><E133/><V104/><F104/><W131/><G131/><T125/><D0/><U105/><E105/><V93/><F106/><W14/><G14/><T29/><D70/><U68/><E108/><N who="3" m="41514" /><G57/><N who="0" m="34855" /><D41/><U6/><E54/><V3/><F3/><W134/><G134/><T121/><D121/><U135/><E135/><V27/><F75/><W56/><G56/><T46/><D125/><U72/><E72/><V43/><F43/><W99/><G99/><T94/><D25/><U30/><E65/><V83/><F83/><W88/><AGARI ba="0,0" hai="8,13,17,44,49,53,77,78,80,87,88" m="41514" machi="88" ten="30,7900,0" yaku="25,1,52,2,54,1" doraHai="73" who="3" fromWho="3" sc="276,-20,211,-39,249,-20,264,79" owari="256,6.0,172,-33.0,229,-17.0,343,44.0" /></mjloggm>