<mjloggm ver="2.3"><GO type="97" lobby="0"/><UN n0="%E3%81%8A%E3%81%A1%E3%82%83%E3%82%81%E3%82%89%EF%BC%B0%E3%81%99%E3%81%91" n1="%E3%83%9E%E3%82%B8%E3%82%81" n2="%E5%B0%B1%E6%B4%BB%E7%94%9F%40%E5%B7%9D%E6%9D%91%E8%BB%8D%E5%9B%A3" n3="%E3%81%82%E3%81%96%E3%81%A8%E3%81%99" dan="13,14,15,16" rate="1894.44,1922.64,1983.18,2061.88" sx="F,M,M,M"/><TAIKYOKU oya="0"/><INIT seed="0,0,0,1,0,71" ten="250,250,250,250" oya="0" hai0="79,35,16,107,43,121,1,2,83,46,49,73,100" hai1="42,122,56,22,37,90,54,86,38,5,3,8,118" hai2="70,120,13,91,36,4,116,119,44,32,103,21,124" hai3="28,14,82,85,101,112,75,132,94,89,62,105,93"/><T63/><D121/><U33/><E122/><V7/><F32/><W34/><G14/><T114/><D35/><U64/><E33/><V11/><F70/><W76/><G62/><T47/><D114/><U52/><E118/><N who="2" m="45099" /><F120/><W77/><G28/><T123/><D123/><U45/><E37/><V135/><F135/><W17/><G17/><T130/><D130/><U102/><E102/><V96/><F124/><W10/><G10/><T72/><D63/><U51/><E64/><V41/><F21/><W20/><G20/><T6/><D2/><U57/><E22/><V126/><F126/><W29/><G29/><T25/><D73/><U60/><E86/><V106/><F91/><W24/><G24/><T113/><D113/><U12/><REACH who="1" step="1"/><E90/><REACH who="1" ten="250,240,250,250" step="2"/><V88/><F88/><W74/><G89/><T50/><D100/><U80/><E80/><V84/><F84/><W108/><G85/><T69/><D69/><U15/><AGARI ba="0,1" hai="3,5,8,12,15,38,42,45,51,52,54,56,57,60" machi="15" ten="30,7900,0" yaku="1,1,0,1,52,1,54,1,53,0" doraHai="71" doraHaiUra="87" who="1" fromWho="1" sc="250,-39,240,89,250,-20,250,-20" /><INIT seed="1,0,0,1,5,118" ten="211,329,230,230" oya="1" hai0="109,94,98,9,108,50,20,107,13,38,4,64,112" hai1="60,29,83,113,22,125,71,84,10,3,105,135,42" hai2="82,124,117,48,74,12,54,16,73,80,24,77,30" hai3="91,19,31,72,15,131,111,28,41,90,127,46,44"/><U23/><E113/><V126/><F117/><W122/><G72/><T39/><D112/><U87/><E105/><V52/><F74/><W36/><G122/><T35/><D35/><U65/><E42/><V57/><F82/><W26/><G111/><N who="0" m="42571" /><D107/><U101/><E101/><V32/><REACH who="2" step="1"/><F54/><REACH who="2" ten="211,329,220,230" step="2"/><W96/><G131/><T130/><D130/><U7/><E83/><V2/><F2/><W100/><G127/><T5/><D64/><U92/><E125/><V103/><F103/><W6/><G100/><N who="0" m="60503" /><D50/><U116/><E116/><V93/><F93/><W104/><G104/><T97/><D39/><U37/><E37/><V106/><F106/><W33/><G36/><T21/><D38/><U63/><E92/><V43/><F43/><W45/><G41/><T114/><D114/><U75/><E75/><V102/><F102/><W69/><G96/><T70/><D97/><U78/><E78/><V123/><F123/><W55/><G55/><T67/><D5/><U95/><E95/><V99/><F99/><W132/><G6/><T119/><D119/><U89/><E87/><V17/><F17/><W25/><G19/><T14/><D67/><U40/><E84/><V11/><AGARI ba="0,1" hai="11,12,16,24,30,32,48,52,57,73,77,80,124,126" machi="11" ten="30,7900,0" yaku="1,1,0,1,54,2,53,0" doraHai="118" doraHaiUra="56" who="2" fromWho="2" sc="211,-20,329,-39,220,89,230,-20" /><INIT seed="2,0,0,1,2,95" ten="191,290,309,210" oya="2" hai0="114,89,92,38,105,24,15,31,22,86,119,62,91" hai1="65,11,26,101,43,12,64,16,4,88,30,57,124" hai2="131,37,60,10,111,61,94,74,132,6,77,110,52" hai3="8,99,42,84,59,76,130,63,120,69,5,13,25"/><V112/><F37/><W27/><G120/><T53/><D119/><U55/><E101/><V96/><F112/><W47/><G69/><T29/><D114/><U18/><E43/><V108/><F131/><W20/><G130/><T66/><D105/><U3/><E124/><V70/><F132/><W129/><G129/><T134/><D134/><U103/><E103/><N who="2" m="60823" /><F70/><W78/><G84/><T49/><D38/><U41/><E41/><V19/><F19/><W39/><G27/><T73/><D73/><U7/><E88/><V56/><F77/><W122/><G122/><T106/><D106/><U117/><E117/><V14/><F74/><W125/><G125/><T2/><D2/><U51/><E18/><V23/><F23/><W83/><G83/><T98/><D15/><U80/><E80/><V81/><F81/><W67/><REACH who="3" step="1"/><G99/><REACH who="3" ten="191,290,309,200" step="2"/><T46/><D31/><AGARI ba="0,1" hai="5,8,13,20,25,31,39,42,47,59,63,67,76,78" machi="31" ten="30,3900,0" yaku="1,1,2,1,7,1,53,0" doraHai="95" doraHaiUra="109" who="3" fromWho="0" sc="191,-39,290,0,309,0,200,49" /><INIT seed="3,0,0,1,5,66" ten="152,290,309,249" oya="3" hai0="71,122,121,91,56,63,114,100,85,88,84,22,112" hai1="64,99,54,62,49,79,98,11,30,73,42,93,133" hai2="110,68,37,8,86,29,41,40,115,83,48,28,36" hai3="39,20,61,57,128,59,67,101,132,6,4,134,96"/><W118/><G118/><T60/><D100/><U81/><E42/><V75/><F68/><W92/><G39/><T50/><D22/><U70/><E133/><N who="3" m="51306" /><G128/><T25/><D25/><U58/><E93/><V109/><F75/><W10/><G20/><T0/><D0/><U2/><REACH who="1" step="1"/><E30/><REACH who="1" ten="152,280,309,249" step="2"/><V117/><F29/><W89/><G101/><T77/><D77/><U72/><E72/><V87/><F28/><W5/><G59/><T104/><D56/><U135/><E135/><V1/><F36/><W34/><G34/><T74/><D74/><U31/><E31/><V9/><F37/><W107/><G107/><T17/><D104/><U106/><E106/><V32/><F117/><W43/><G43/><T33/><D33/><U130/><E130/><V82/><F115/><W123/><G123/><T111/><D111/><N who="2" m="42506" /><F32/><W102/><G102/><T95/><D17/><U46/><E46/><N who="2" m="25671" /><F41/><W131/><G131/><T23/><D23/><U94/><E94/><V16/><F1/><AGARI ba="0,1" hai="1,4,5,6,10,57,61,67,89,92,96" m="51306" machi="1" ten="30,1500,0" yaku="20,1" doraHai="66" who="3" fromWho="2" sc="152,0,280,0,309,-15,249,25" /><INIT seed="3,1,0,4,1,130" ten="152,280,294,274" oya="3" hai0="111,40,92,17,3,104,56,0,57,132,73,100,108" hai1="55,22,27,80,133,85,6,78,88,91,66,35,20" hai2="48,69,124,75,47,12,37,123,59,107,103,36,45" hai3="43,10,4,94,65,125,105,58,127,41,76,33,54"/><W119/><G119/><T8/><D104/><U83/><E66/><V63/><F75/><W24/><G105/><T46/><D73/><U9/><E133/><V74/><F74/><W49/><G65/><T99/><D132/><U16/><E35/><V101/><F107/><W19/><G76/><T52/><D17/><U128/><E128/><V131/><F69/><W84/><G84/><T114/><D114/><U117/><E117/><V2/><F2/><W31/><G19/><T93/><D93/><U126/><E126/><N who="3" m="48138" /><G94/><T120/><D57/><U39/><E39/><V122/><F124/><W79/><G79/><T11/><D120/><N who="2" m="46122" /><F131/><W25/><G25/><T26/><D26/><U121/><E121/><V38/><F12/><AGARI ba="1,0" hai="4,10,12,24,31,33,41,43,49,54,58" m="48138" machi="12" ten="30,1500,0" yaku="18,1" doraHai="130" who="3" fromWho="2" sc="152,0,280,0,294,-18,274,18" /><INIT seed="3,2,0,3,2,12" ten="152,280,276,292" oya="3" hai0="66,30,85,106,120,13,42,122,70,60,134,67,35" hai1="101,52,22,17,82,126,124,31,4,88,71,61,26" hai2="41,36,86,115,19,1,125,103,8,128,98,116,39" hai3="6,105,113,47,40,55,18,121,54,24,59,50,97"/><W44/><G113/><T43/><D106/><U111/><E101/><V89/><F116/><W102/><G121/><T84/><D13/><U129/><E4/><V32/><F115/><W46/><G6/><T29/><D134/><U48/><E31/><V58/><F32/><W79/><G79/><T104/><D104/><U107/><E107/><V83/><F128/><W15/><G24/><T11/><D11/><U131/><E111/><V135/><F135/><W62/><G54/><T9/><D9/><AGARI ba="2,0" hai="9,15,18,40,44,46,47,50,55,59,62,97,102,105" machi="9" ten="30,2900,0" yaku="7,1,52,1" doraHai="12" who="3" fromWho="0" sc="152,-35,280,0,276,0,292,35" owari="117,-38.0,280,8.0,276,-12.0,327,42.0" /></mjloggm>