<mjloggm ver="2.3"><GO type="169" lobby="0"/><UN n0="%E7%9C%9F%E7%A9%BA%E3%83%95%E3%82%A7%E3%82%B9%E3%82%BF" n1="%E3%82%A6%E3%83%AB%E3%83%88%E3%83%A9%E7%AB%8B%E7%9B%B4" n2="%E2%98%85%74%61%72%75%74%6F%E2%98%85" n3="%E9%BA%BB%E7%94%9F%E9%9B%80%E5%AD%90" dan="16,18,16,16" rate="2081.13,2217.42,2111.69,2077.74" sx="M,M,M,F"/><TAIKYOKU oya="0"/><INIT seed="0,0,0,3,1,7" ten="250,250,250,250" oya="0" hai0="64,89,60,58,46,55,4,97,110,98,121,54,128" hai1="87,77,16,71,135,41,120,113,130,125,25,86,92" hai2="39,123,68,45,59,85,78,103,2,90,118,49,73" hai3="42,122,15,56,48,13,38,95,84,57,37,99,115"/><T133/><D121/><U100/><E120/><V108/><F68/><W114/><G122/><T30/><D133/><U107/><E113/><V127/><F123/><W116/><G84/><T76/><D76/><U53/><E71/><V124/><F103/><W24/><G24/><T70/><D128/><U12/><E107/><V36/><F2/><W69/><G69/><T80/><D30/><U11/><E130/><V44/><F118/><W93/><G48/><T18/><D4/><U63/><E125/><V47/><F108/><W29/><G29/><T106/><D110/><U26/><E41/><V67/><F78/><W117/><REACH who="3" step="1"/><G42/><REACH who="3" ten="250,250,250,240" step="2"/><T88/><D70/><U111/><E111/><V3/><F49/><W34/><G34/><T19/><D106/><U129/><E129/><V96/><F85/><W51/><G51/><N who="0" m="29047" /><D64/><U61/><E77/><V52/><F67/><W102/><G102/><T65/><D65/><U112/><E112/><V50/><F127/><W14/><G14/><T32/><D32/><U20/><E26/><V22/><F124/><W72/><G72/><T10/><D80/><U81/><E81/><V105/><F73/><W62/><G62/><T74/><D74/><U27/><E27/><V101/><F3/><W82/><G82/><T17/><D10/><U21/><E11/><V28/><F90/><AGARI ba="0,1" hai="17,18,19,55,58,60,88,89,90,97,98" m="29047" machi="90" ten="30,2900,0" yaku="8,1,54,1" doraHai="7" who="0" fromWho="2" sc="250,39,250,0,250,-29,240,0" /><INIT seed="0,1,0,0,1,103" ten="289,250,221,240" oya="0" hai0="92,3,56,29,8,108,58,72,109,78,93,4,46" hai1="1,85,62,125,74,2,24,127,133,63,40,91,99" hai2="76,75,60,86,42,130,48,87,65,36,49,11,61" hai3="135,32,96,30,107,132,115,66,126,23,79,51,14"/><T20/><D46/><U110/><E74/><V28/><F130/><W37/><G37/><T77/><D29/><U6/><E133/><N who="3" m="51274" /><G115/><T38/><D38/><U50/><E99/><V9/><F36/><W80/><G66/><T57/><D20/><U106/><E24/><V98/><F75/><W12/><G32/><T16/><D16/><U104/><E110/><N who="0" m="42601" /><D72/><U119/><E119/><V39/><F39/><W43/><G126/><N who="1" m="48138" /><E50/><V31/><F98/><W53/><G43/><T95/><AGARI ba="1,0" hai="3,4,8,56,57,58,77,78,92,93,95" m="42601" machi="95" ten="40,3900,0" yaku="14,1,10,1" doraHai="103" who="0" fromWho="0" sc="289,42,250,-14,221,-14,240,-14" /><INIT seed="0,2,0,0,4,9" ten="331,236,207,226" oya="0" hai0="119,48,80,67,117,74,132,69,36,113,103,83,87" hai1="116,91,23,7,111,6,55,110,19,130,78,89,134" hai2="68,39,61,73,94,56,58,96,88,41,72,2,102" hai3="104,38,32,17,114,13,90,22,16,71,82,33,26"/><T66/><D36/><U18/><E116/><V65/><F2/><W43/><G71/><T4/><D103/><U31/><E78/><V11/><F11/><W1/><G1/><T14/><D113/><U99/><E31/><V112/><F112/><W120/><G104/><T49/><D74/><U97/><E55/><V10/><F10/><W57/><G114/><T128/><D69/><U101/><E101/><V27/><F58/><W8/><G120/><T52/><D4/><U46/><E46/><V59/><F59/><W60/><G43/><T85/><D132/><U107/><E107/><V105/><F56/><W126/><G38/><T106/><D106/><U28/><E28/><V37/><F37/><W64/><REACH who="3" step="1"/><G126/><REACH who="3" ten="331,236,207,216" step="2"/><T127/><D127/><U12/><E134/><V47/><REACH who="2" step="1"/><F27/><REACH who="2" ten="331,236,197,216" step="2"/><W51/><G51/><T92/><D128/><U86/><E130/><V0/><F0/><W125/><G125/><T25/><D25/><U135/><E135/><V109/><F109/><W35/><G35/><T5/><D5/><U129/><E129/><V70/><F70/><W79/><G79/><T50/><D50/><U45/><E111/><V108/><F108/><W81/><G81/><T95/><D52/><U77/><E110/><V21/><F21/><W133/><G133/><T53/><D53/><U118/><E23/><V3/><F3/><W62/><G62/><T54/><D54/><U20/><E20/><V40/><F40/><W30/><G30/><T98/><D98/><AGARI ba="2,2" hai="39,41,47,61,65,68,72,73,88,94,96,98,102,105" machi="98" ten="30,3900,0" yaku="1,1,7,1,54,1,53,0" doraHai="9" doraHaiUra="76" who="2" fromWho="0" sc="331,-45,236,0,197,65,216,0" /><INIT seed="1,0,0,2,2,107" ten="286,236,262,216" oya="1" hai0="81,79,123,129,20,103,62,68,134,57,3,108,26" hai1="124,121,44,1,31,24,115,89,48,98,78,76,128" hai2="17,93,70,119,5,99,92,39,15,101,35,118,77" hai3="80,13,43,58,120,32,38,51,10,111,87,36,7"/><U95/><E121/><V16/><F70/><W91/><G120/><T104/><D123/><U18/><E115/><V33/><F39/><W74/><G32/><T126/><D108/><U30/><E1/><V105/><F5/><W12/><G111/><T110/><D110/><U67/><E124/><V122/><F122/><W37/><G12/><T8/><D126/><U47/><E128/><V66/><F66/><W46/><REACH who="3" step="1"/><G58/><REACH who="3" ten="286,236,262,206" step="2"/><T60/><D129/><U56/><E56/><V2/><F35/><W55/><G55/><T41/><D134/><U6/><E67/><V106/><F33/><W102/><G102/><T45/><D68/><U0/><E47/><V114/><F15/><W133/><G133/><T63/><D103/><U127/><E127/><V11/><F101/><W125/><G125/><T97/><D104/><U85/><E0/><V109/><F2/><W88/><G88/><T75/><D97/><U112/><E112/><V113/><F99/><W73/><AGARI ba="0,1" hai="7,10,13,36,37,38,43,46,51,73,74,80,87,91" machi="73" ten="40,8000,1" yaku="1,1,0,1,52,2,53,0" doraHai="107" doraHaiUra="29" who="3" fromWho="3" sc="286,-20,236,-40,262,-20,206,90" /><INIT seed="2,0,0,4,5,1" ten="266,196,242,296" oya="2" hai0="15,97,21,35,116,56,82,42,113,88,127,59,131" hai1="119,75,128,101,124,65,9,98,3,94,6,123,68" hai2="45,47,110,122,5,100,112,67,86,32,33,43,83" hai3="135,105,77,87,99,84,76,51,71,11,0,95,114"/><V93/><F122/><W38/><G38/><T120/><D35/><U79/><E119/><V23/><F112/><W26/><G71/><T8/><D113/><U36/><E123/><V74/><F74/><W78/><G114/><T62/><D120/><U44/><E124/><V18/><F110/><W37/><G37/><T4/><D116/><U28/><E28/><V70/><F33/><W55/><G105/><T24/><D127/><U96/><E128/><V57/><F32/><W104/><G104/><T125/><D125/><U58/><E68/><V19/><F70/><W22/><G135/><T129/><D42/><U54/><E98/><N who="2" m="59471" /><F5/><W10/><G0/><T31/><D82/><U126/><E126/><V80/><F80/><W25/><G25/><T108/><D108/><U103/><E103/><V130/><F130/><N who="0" m="49674" /><D62/><U132/><E132/><V111/><F111/><W48/><G11/><T40/><D40/><U13/><E75/><V41/><F41/><W16/><G10/><T89/><D97/><U27/><E3/><V64/><F19/><W63/><G63/><T60/><D56/><U81/><E36/><V121/><F121/><W117/><G117/><T34/><D34/><U134/><E134/><V92/><F92/><W20/><G20/><T17/><D31/><U133/><E133/><V50/><F47/><N who="3" m="28063" /><G51/><T106/><D106/><U7/><E44/><V39/><F57/><W66/><G66/><AGARI ba="0,0" hai="4,8,15,17,21,24,59,60,66,88,89" m="49674" machi="66" ten="30,3900,0" yaku="19,1,52,1,54,1" doraHai="1" who="0" fromWho="3" sc="266,39,196,0,242,0,296,-39" /><INIT seed="3,0,0,2,4,71" ten="305,196,242,257" oya="3" hai0="126,41,33,62,122,91,120,5,7,12,81,97,123" hai1="13,83,99,44,65,133,56,110,101,134,20,61,119" hai2="54,57,38,95,6,35,42,22,28,9,30,10,27" hai3="39,106,132,25,17,69,116,131,8,1,70,129,117"/><W125/><G106/><T111/><D33/><U24/><E110/><V53/><F35/><W73/><G73/><T31/><D31/><U84/><E119/><N who="3" m="45642" /><G25/><T36/><D111/><U92/><E13/><V48/><F30/><W45/><G17/><T49/><D126/><U89/><REACH who="1" step="1"/><E44/><REACH who="1" ten="305,186,242,257" step="2"/><V114/><F114/><W112/><G112/><T66/><D12/><U74/><E74/><V2/><F2/><W78/><G125/><T0/><D0/><U77/><E77/><V52/><F6/><N who="3" m="1103" /><G78/><T118/><D5/><U59/><E59/><V3/><F3/><W88/><G132/><T21/><D7/><U18/><AGARI ba="0,1" hai="18,20,24,56,61,65,83,84,89,92,99,101,133,134" machi="18" ten="30,4000,0" yaku="1,1,0,1,53,1" doraHai="71" doraHaiUra="87" who="1" fromWho="1" sc="305,-10,186,50,242,-10,257,-20" /><INIT seed="4,0,0,5,4,113" ten="295,236,232,237" oya="0" hai0="53,95,52,55,71,59,17,94,14,110,129,104,47" hai1="37,83,128,77,12,88,13,85,66,112,56,0,20" hai2="82,29,41,135,119,38,107,70,87,78,125,16,68" hai3="121,30,23,100,114,27,126,4,5,18,133,123,97"/><T31/><D71/><U54/><E37/><V39/><F107/><W64/><G114/><T131/><D104/><U15/><E0/><V117/><F29/><W111/><G111/><T69/><D69/><N who="2" m="26730" /><F41/><W11/><G64/><T28/><D110/><U63/><E112/><V102/><F102/><W26/><G133/><T109/><D109/><U96/><E128/><N who="0" m="49225" /><D47/><U120/><E120/><N who="3" m="46154" /><G100/><T108/><D59/><U132/><E132/><V86/><F135/><W81/><G81/><T67/><D67/><U50/><E96/><V42/><F42/><W80/><G80/><T2/><D2/><U25/><E77/><V134/><F134/><W60/><G97/><T44/><D44/><U122/><E122/><V19/><F125/><W127/><G60/><T6/><D6/><N who="3" m="2665" /><G11/><N who="0" m="6367" /><D108/><U105/><E105/><V7/><F7/><W89/><G89/><T8/><D8/><U74/><E74/><V1/><F1/><W92/><G92/><AGARI ba="0,0" hai="28,31,52,53,55,92,94,95" m="6367,49225" machi="92" ten="30,2900,0" yaku="19,1,54,1" doraHai="113" who="0" fromWho="3" sc="295,29,236,0,232,0,237,-29" /><INIT seed="4,1,0,2,5,68" ten="324,236,232,208" oya="0" hai0="82,90,62,89,79,60,84,107,38,50,73,15,97" hai1="128,58,129,122,63,117,19,123,66,98,94,3,46" hai2="21,114,125,74,108,56,95,24,64,91,25,2,102" hai3="70,45,71,16,80,7,59,93,131,86,110,52,116"/><T115/><D115/><U96/><E3/><V67/><F108/><W44/><G116/><T130/><D130/><N who="1" m="50283" /><E117/><V23/><F2/><W35/><G35/><T118/><D118/><U134/><E134/><V41/><F74/><W121/><G110/><T57/><D38/><U28/><E28/><N who="2" m="17423" /><F114/><W103/><G131/><T5/><D50/><U61/><E19/><N who="2" m="12543" /><F125/><W127/><G7/><T6/><D15/><U55/><E96/><N who="2" m="59679" /><F41/><W113/><G121/><T112/><D112/><U78/><E78/><V100/><F100/><W30/><G127/><T133/><D133/><U11/><E11/><V111/><F111/><W8/><G30/><T92/><D62/><U34/><E34/><V42/><F42/><W33/><G33/><T36/><D36/><U88/><E46/><V135/><F135/><W76/><G71/><AGARI ba="1,0" hai="55,58,61,63,66,71,88,94,98,122,123" m="50283" machi="71" ten="30,2000,0" yaku="19,1,54,1" doraHai="68" who="1" fromWho="3" sc="324,0,236,23,232,0,208,-23" /><INIT seed="5,0,0,4,3,52" ten="324,259,232,185" oya="1" hai0="94,75,95,77,30,53,130,0,123,56,7,103,21" hai1="74,69,37,28,129,107,33,15,131,25,66,97,126" hai2="128,117,4,76,121,86,120,24,122,101,118,38,89" hai3="70,91,8,51,110,96,3,109,2,40,133,106,99"/><U50/><E37/><V135/><F38/><W85/><G70/><T14/><D0/><U36/><E36/><V10/><F135/><W11/><G133/><T41/><D41/><U46/><E74/><V73/><F128/><W39/><G39/><T6/><D130/><N who="1" m="49675" /><E15/><V43/><F43/><W78/><G78/><T119/><D119/><U102/><E126/><V67/><F101/><W9/><G106/><T16/><D123/><U90/><E90/><V82/><F67/><W31/><G31/><T22/><D75/><U45/><E50/><V125/><F24/><W71/><G71/><T48/><D77/><U72/><E72/><V112/><F125/><W35/><G35/><T105/><D105/><U124/><E124/><V93/><REACH who="2" step="1"/><F112/><REACH who="2" ten="324,259,222,185" step="2"/><W87/><G109/><T17/><D103/><U134/><E134/><V58/><F58/><W55/><G40/><T27/><D30/><U98/><E66/><V63/><F63/><W19/><G110/><T127/><D127/><U108/><E69/><V113/><F113/><W104/><G104/><T18/><D18/><U65/><E65/><V68/><F68/><W29/><G19/><T1/><REACH who="0" step="1"/><D1/><AGARI ba="0,1" hai="1,4,10,73,76,82,86,89,93,117,118,120,121,122" machi="1" ten="40,2600,0" yaku="1,1,53,1" doraHai="52" doraHaiUra="83" who="2" fromWho="0" sc="324,-26,259,0,222,36,185,0" /><INIT seed="6,0,0,3,1,83" ten="298,259,258,185" oya="2" hai0="134,130,3,91,33,67,14,81,80,114,132,51,8" hai1="82,43,116,135,28,15,37,54,73,85,97,129,53" hai2="109,107,61,84,16,2,128,52,118,47,58,39,30" hai3="68,120,17,10,123,90,72,87,115,126,40,65,41"/><V18/><F118/><W55/><G72/><T69/><D33/><U100/><E116/><V38/><F107/><W27/><G126/><T131/><D3/><U34/><E73/><V50/><F2/><W101/><G101/><T5/><D114/><U35/><E35/><V45/><F109/><W9/><G115/><T62/><D51/><U121/><E129/><N who="0" m="49161" /><D91/><U24/><E135/><AGARI ba="0,0" hai="5,8,14,62,67,69,80,81,132,134,135" m="49161" machi="135" ten="30,2000,0" yaku="20,1,19,1" doraHai="83" who="0" fromWho="1" sc="298,20,259,-20,258,0,185,0" /><INIT seed="7,0,0,5,1,8" ten="318,239,258,185" oya="3" hai0="42,130,38,5,68,9,125,106,52,53,40,17,65" hai1="58,121,36,3,12,39,123,132,18,97,4,57,28" hai2="54,59,60,119,15,14,112,92,46,11,30,124,25" hai3="23,90,45,70,110,127,1,93,126,100,98,71,24"/><W102/><G1/><T87/><D106/><U88/><E39/><V103/><F119/><W94/><G45/><T51/><D125/><N who="3" m="47625" /><G110/><T77/><D130/><U101/><E36/><V26/><F124/><W75/><G75/><T73/><D73/><U34/><E132/><V81/><F112/><W116/><G116/><T55/><D38/><U10/><E58/><V134/><F134/><W117/><G117/><T91/><D77/><U7/><E57/><V64/><F81/><W118/><G118/><T43/><D65/><U105/><E7/><V19/><F30/><N who="3" m="17695" /><G100/><T61/><D68/><U96/><E28/><V76/><F76/><W31/><G31/><T115/><D61/><U22/><REACH who="1" step="1"/><E34/><REACH who="1" ten="318,229,258,185" step="2"/><V79/><F46/><W20/><G20/><T41/><D5/><U108/><E108/><V122/><F64/><W104/><G104/><T35/><D35/><U72/><E72/><V129/><F129/><W66/><G66/><T95/><D115/><U2/><E2/><V47/><F47/><W109/><G109/><T84/><D17/><U131/><E131/><V107/><F107/><W113/><G113/><T128/><D128/><U0/><E0/><V27/><F122/><W6/><G6/><T89/><D9/><U13/><E13/><N who="2" m="7615" /><F79/><W16/><G16/><T135/><D135/><U85/><E85/><AGARI ba="0,1" hai="70,71,85,90,93,94,98,102" m="17695,47625" machi="85" ten="30,1500,0" yaku="18,1" doraHai="8" who="3" fromWho="1" sc="318,0,229,-15,258,0,185,25" /><INIT seed="7,1,0,4,5,80" ten="318,214,258,210" oya="3" hai0="5,25,41,26,92,119,55,45,64,108,107,71,103" hai1="47,78,74,87,128,129,98,7,50,126,83,75,125" hai2="116,43,51,133,44,81,96,104,102,65,39,1,13" hai3="63,84,28,27,37,21,90,8,88,123,134,12,40"/><W32/><G123/><T93/><D119/><U9/><E98/><V77/><F116/><W110/><G134/><T67/><D108/><U14/><E75/><V4/><F65/><W99/><G110/><T135/><D135/><U105/><E105/><V19/><F133/><W118/><G118/><T17/><D5/><U36/><E36/><V120/><F120/><W70/><G32/><T95/><D55/><N who="1" m="30175" /><E74/><V38/><F1/><W111/><G111/><T89/><D71/><U91/><E78/><V3/><F3/><W60/><G70/><T82/><D107/><U68/><E68/><V66/><F66/><N who="0" m="25130" /><D103/><U20/><E20/><V16/><F19/><N who="3" m="8583" /><G40/><T121/><D121/><U59/><E59/><V109/><F109/><W130/><G130/><AGARI ba="1,0" hai="7,9,14,83,87,91,125,126,128,129,130" m="30175" machi="130" ten="30,2000,0" yaku="19,1,52,1" doraHai="80" who="1" fromWho="3" sc="318,0,214,23,258,0,210,-23" owari="318,41.0,237,-16.0,258,6.0,187,-31.0" /></mjloggm>