<mjloggm ver="2.3"><GO type="97" lobby="0"/><UN n0="%4D%6F%74%6F%2D%4E" n1="%E5%B0%B1%E6%B4%BB%E7%94%9F%40%E5%B7%9D%E6%9D%91%E8%BB%8D%E5%9B%A3" n2="%52%2E%4E%2E%E3%81%9B%E3%82%93%E3%81%9A%E3%82%8A" n3="%6E%61%67%69%30%31%32%30" dan="14,15,14,15" rate="1957.61,1972.62,1968.98,1967.94" sx="M,M,M,M"/><TAIKYOKU oya="0"/><INIT seed="0,0,0,2,2,95" ten="250,250,250,250" oya="0" hai0="117,106,76,8,91,86,98,11,26,20,31,88,71" hai1="15,96,28,47,120,78,7,108,23,112,60,103,55" hai2="110,52,118,109,14,93,54,32,0,3,111,61,132" hai3="67,6,57,58,70,128,18,85,1,36,68,89,84"/><T56/><D117/><U41/><E120/><V48/><F118/><W44/><G128/><T25/><D71/><U83/><E112/><V92/><F132/><W43/><G6/><T33/><D76/><U77/><E108/><V2/><F32/><W13/><G1/><T16/><D56/><U134/><E134/><V37/><F37/><W127/><G127/><T121/><D121/><U40/><E28/><V113/><F113/><W35/><G35/><T49/><D49/><U4/><E60/><V64/><F14/><W72/><G72/><T17/><D17/><U129/><E129/><V135/><F135/><W102/><G102/><T51/><D51/><U69/><E69/><V5/><F5/><W126/><G126/><T115/><D115/><U99/><E55/><V87/><F87/><W39/><G39/><T123/><D123/><U130/><E130/><V63/><F54/><W100/><G100/><T82/><REACH who="0" step="1"/><D91/><REACH who="0" ten="240,250,250,250" step="2"/><U27/><E7/><V38/><F38/><W116/><G70/><T97/><D97/><U19/><E78/><V75/><F75/><W133/><G133/><T90/><D90/><U119/><E119/><V66/><F63/><N who="3" m="38383" /><G68/><T124/><D124/><U59/><E59/><N who="2" m="36927" /><F66/><W125/><G125/><T62/><D62/><U30/><E4/><V12/><F12/><W10/><G116/><T114/><D114/><U22/><E47/><AGARI ba="0,1" hai="0,2,3,47,48,52,92,93,109,110,111" m="36927" machi="47" ten="40,2600,0" yaku="14,1,54,1" doraHai="95" who="2" fromWho="1" sc="240,0,250,-26,250,36,250,0" /><INIT seed="1,0,0,3,3,132" ten="240,224,286,250" oya="1" hai0="64,72,56,94,92,116,124,15,115,33,83,21,84" hai1="79,7,12,73,98,69,87,80,123,63,50,59,68" hai2="86,74,14,36,45,78,25,60,90,61,2,128,96" hai3="120,95,23,101,1,125,85,127,32,106,49,40,39"/><U113/><E123/><V20/><F2/><W41/><G32/><T122/><D33/><U67/><E113/><V37/><F96/><N who="3" m="59551" /><G106/><T117/><D72/><U31/><E31/><V81/><F128/><W44/><G1/><T126/><D115/><U62/><E50/><V93/><F14/><W109/><G120/><T102/><D122/><U135/><E135/><V99/><F45/><W6/><G6/><T66/><D21/><U42/><E42/><V5/><F5/><W110/><G85/><T47/><D47/><U35/><E35/><V131/><F131/><W11/><G11/><T26/><D26/><U75/><E98/><V70/><F70/><W18/><G40/><T57/><D15/><U105/><E105/><V119/><F119/><N who="0" m="45642" /><D102/><U55/><REACH who="1" step="1"/><E68/><REACH who="1" ten="240,214,286,250" step="2"/><V54/><F99/><W13/><G49/><T46/><D46/><U28/><E28/><V111/><F36/><W118/><G118/><T65/><D57/><U91/><E91/><V43/><F43/><W121/><G121/><T82/><D56/><U9/><AGARI ba="0,1" hai="7,9,12,55,59,62,63,67,69,73,75,79,80,87" machi="9" ten="30,3000,0" yaku="1,1,0,1,53,0" doraHai="132" doraHaiUra="30" who="1" fromWho="1" sc="240,-10,214,40,286,-10,250,-10" /><INIT seed="1,1,0,4,5,102" ten="230,254,276,240" oya="1" hai0="99,128,93,20,125,45,68,29,61,104,4,85,132" hai1="98,74,62,66,42,21,118,34,44,121,2,113,13" hai2="134,119,37,71,94,116,0,52,23,130,124,115,28" hai3="46,92,60,64,25,91,72,36,75,1,67,122,43"/><U33/><E74/><V120/><RYUUKYOKU type="yao9" ba="1,0" sc="230,0,254,0,276,0,240,0" hai2="0,23,28,37,52,71,94,115,116,119,120,124,130,134" /><INIT seed="1,2,0,5,4,113" ten="230,254,276,240" oya="1" hai0="87,108,103,8,37,79,61,59,36,71,128,53,130" hai1="68,50,34,99,49,54,116,18,91,13,82,11,44" hai2="15,97,20,117,94,32,62,46,22,84,35,96,102" hai3="85,89,72,1,51,92,120,29,126,77,10,122,109"/><U41/><E116/><V17/><F117/><W93/><G29/><T52/><D103/><U6/><E34/><V78/><F96/><W14/><G1/><T135/><D8/><U132/><E68/><V47/><F32/><W112/><G112/><T2/><D2/><U24/><E132/><V28/><F35/><W9/><G109/><T80/><D108/><U106/><E106/><V129/><F129/><N who="0" m="49770" /><D71/><U63/><E63/><V26/><REACH who="2" step="1"/><F62/><REACH who="2" ten="230,254,266,240" step="2"/><W33/><G33/><T131/><D131/><U124/><E124/><V64/><F64/><W83/><G126/><T81/><D135/><U133/><E133/><V45/><F45/><W101/><G122/><T127/><D127/><U57/><E24/><V56/><F56/><W70/><G120/><T110/><D110/><U73/><E73/><V107/><F107/><W115/><G70/><T134/><D134/><U42/><E99/><V119/><F119/><W69/><G115/><T0/><D0/><U38/><E38/><V23/><F23/><W25/><G69/><T21/><D21/><U105/><E105/><V39/><F39/><W55/><G72/><N who="0" m="43111" /><D37/><U76/><E57/><V12/><F12/><W123/><G14/><T58/><D36/><U27/><E44/><V118/><F118/><W7/><G123/><T4/><D59/><U30/><E13/><V75/><F75/><W111/><G111/><T48/><D48/><U88/><E49/><V114/><F114/><W31/><G51/><T65/><D58/><U67/><E50/><V100/><F100/><W16/><G101/><T5/><D65/><U86/><E67/><RYUUKYOKU ba="2,1" sc="230,-10,254,-10,266,30,240,-10" hai2="15,17,20,22,26,28,46,47,78,84,94,97,102" /><INIT seed="2,3,1,2,2,83" ten="220,244,296,230" oya="2" hai0="48,110,84,46,134,56,20,67,53,31,28,108,135" hai1="75,66,90,79,85,54,69,81,71,38,4,92,50" hai2="37,107,132,78,130,125,62,59,6,36,96,64,89" hai3="13,127,12,21,94,14,101,3,5,112,40,18,26"/><V97/><F78/><W103/><G40/><T100/><D100/><U41/><E4/><V68/><F6/><W29/><G112/><T102/><D102/><U23/><E66/><V22/><F107/><W33/><G103/><T70/><D70/><U113/><E113/><V55/><F97/><W87/><G101/><T115/><D115/><U32/><E32/><V106/><F106/><W133/><G94/><T60/><D20/><U117/><E117/><V34/><F34/><W11/><G87/><T99/><D99/><U2/><E2/><V10/><F10/><N who="3" m="2367" /><G127/><T86/><D31/><U122/><E122/><V128/><F132/><N who="0" m="50730" /><D28/><U98/><E75/><V43/><F125/><W109/><G109/><AGARI ba="3,1" hai="46,48,53,56,60,67,84,86,108,109,110" m="50730" machi="109" ten="30,7700,0" yaku="14,1,20,1,52,2" doraHai="83" who="0" fromWho="3" sc="220,96,244,0,296,0,230,-86" /><INIT seed="3,0,0,0,5,113" ten="316,244,296,144" oya="3" hai0="86,130,67,135,82,58,70,59,99,38,42,112,56" hai1="74,125,50,36,25,9,11,39,54,128,103,41,27" hai2="134,14,116,94,89,91,45,132,95,92,6,31,66" hai3="37,7,81,73,101,126,77,19,85,13,47,65,63"/><W5/><G126/><T72/><D72/><U111/><E74/><V131/><F31/><W48/><G37/><T88/><D112/><U24/><E125/><V109/><F66/><W129/><G73/><T21/><D38/><U87/><E128/><V100/><F131/><W16/><G129/><T28/><D42/><U34/><E34/><V121/><F45/><W64/><G101/><T79/><D70/><U119/><E103/><V133/><F100/><W76/><G76/><T118/><D67/><U8/><E111/><V12/><F109/><W78/><G78/><T15/><D135/><N who="2" m="34562" /><V104/><DORA hai="93" /><F104/><W80/><G80/><T46/><D46/><U96/><E119/><V90/><F116/><W98/><G98/><T30/><D118/><U61/><E61/><V108/><F108/><W60/><G65/><T97/><D130/><U102/><E87/><V68/><F68/><W53/><G19/><N who="0" m="10495" /><D79/><U114/><E41/><V124/><F124/><W75/><G75/><T105/><D105/><U106/><REACH who="1" step="1"/><E114/><REACH who="1" ten="316,234,296,144" step="2"/><V110/><F110/><W20/><REACH who="3" step="1"/><G63/><REACH who="3" ten="316,234,296,134" step="2"/><T62/><D62/><U44/><AGARI ba="0,2" hai="8,9,11,24,25,27,36,39,44,50,54,96,102,106" machi="44" ten="30,7900,0" yaku="1,1,2,1,0,1,52,1,53,0" doraHai="113,93" doraHaiUra="115,18" who="1" fromWho="1" sc="316,-20,234,99,296,-20,134,-39" owari="296,10.0,333,42.0,276,-12.0,95,-40.0" /></mjloggm>