<mjloggm ver="2.3"><GO type="97" lobby="0"/><UN n0="%E5%B0%B1%E6%B4%BB%E7%94%9F%40%E5%B7%9D%E6%9D%91%E8%BB%8D%E5%9B%A3" n1="%E4%B8%AD%E5%A0%85%EF%BC%A0%E3%83%8F%E3%83%BC%E3%83%99%E3%82%B9%E3%83%88" n2="%E3%81%A8%E3%82%8A%28%D1%91%29%E3%81%95%E3%82%93" n3="%74%68%6D%79%6B%31%37" dan="16,14,13,13" rate="2067.05,1924.34,1841.80,1859.41" sx="M,F,M,M"/><TAIKYOKU oya="0"/><INIT seed="0,0,0,0,2,9" ten="250,250,250,250" oya="0" hai0="128,54,104,88,118,4,120,67,126,36,89,31,10" hai1="3,69,44,27,16,131,124,2,66,74,76,29,23" hai2="94,71,73,12,125,51,65,1,20,30,40,62,103" hai3="53,119,68,93,117,55,17,49,7,114,64,130,109"/><T80/><D104/><U75/><E124/><V100/><F73/><W61/><G114/><T63/><D118/><U5/><E131/><V28/><F1/><W106/><G93/><T50/><D120/><U95/><E44/><V42/><F125/><W14/><G7/><T38/><D128/><U134/><E134/><V127/><F127/><W107/><G130/><T39/><D31/><U47/><E47/><V24/><F30/><W46/><G109/><T90/><D126/><U91/><E2/><V0/><F0/><W70/><G68/><T79/><D50/><U41/><E41/><V86/><F51/><W84/><G84/><T77/><D54/><U123/><E123/><V15/><F42/><W8/><REACH who="3" step="1"/><G55/><REACH who="3" ten="250,250,250,240" step="2"/><T26/><D80/><U25/><E69/><V92/><F71/><W112/><G112/><T83/><D83/><U37/><E74/><V56/><F40/><W122/><G122/><T115/><D115/><U108/><E75/><V11/><F86/><W35/><G35/><T81/><D81/><U32/><E5/><V48/><F48/><W96/><G96/><T45/><D45/><U99/><E3/><V22/><F94/><W57/><G57/><T101/><D101/><U18/><E95/><V116/><F116/><AGARI ba="0,1" hai="8,14,17,46,49,53,61,64,70,106,107,116,117,119" machi="116" ten="40,2600,0" yaku="1,1,52,1,53,0" doraHai="9" doraHaiUra="132" who="3" fromWho="2" sc="250,0,250,0,250,-26,240,36" /><INIT seed="1,0,0,1,5,81" ten="250,250,224,276" oya="1" hai0="38,98,96,130,78,15,135,125,77,118,5,128,42" hai1="93,90,91,58,109,66,102,6,84,103,16,41,4" hai2="43,132,57,54,11,100,63,95,89,46,131,10,27" hai3="48,126,44,119,26,112,1,83,114,30,97,133,31"/><U17/><E109/><V113/><F131/><N who="0" m="50218" /><D118/><U110/><E110/><V14/><F132/><W88/><G1/><T117/><D117/><U12/><E41/><V47/><F113/><W50/><G119/><T76/><D135/><U92/><E66/><V108/><F108/><W56/><G133/><T45/><D125/><U37/><E37/><V53/><F100/><N who="1" m="38441" /><E58/><V22/><F54/><W34/><G126/><T124/><D124/><U107/><E107/><V40/><F40/><W2/><G2/><T8/><AGARI ba="0,0" hai="5,8,15,38,42,45,76,77,78,96,98" m="50218" machi="8" ten="40,1500,0" yaku="19,1" doraHai="81" who="0" fromWho="0" sc="250,15,250,-7,224,-4,276,-4" /><INIT seed="2,0,0,2,2,15" ten="265,243,220,272" oya="2" hai0="126,127,89,68,50,48,86,18,128,16,76,118,45" hai1="27,30,80,63,14,39,2,75,72,120,17,35,83" hai2="114,69,10,57,21,41,20,47,121,84,23,134,38" hai3="132,129,106,67,62,78,70,59,7,113,32,73,11"/><V51/><F114/><W9/><G132/><T77/><D68/><U112/><E39/><V100/><F121/><W43/><G129/><T58/><D128/><U79/><E120/><V124/><F69/><W8/><G32/><T31/><D31/><U99/><E112/><V131/><F131/><W116/><G116/><T130/><D130/><U13/><E2/><V25/><F134/><W54/><G113/><T103/><D103/><U52/><E99/><V3/><F124/><N who="0" m="47658" /><D58/><U6/><E6/><V22/><F100/><W1/><G106/><T42/><D50/><U28/><E28/><V60/><F38/><W74/><G43/><T81/><D118/><U109/><E109/><V95/><F3/><W98/><G98/><T53/><D53/><U65/><E13/><V108/><F108/><W102/><G102/><T101/><D101/><U117/><E117/><V49/><F49/><W55/><G55/><T24/><D24/><U71/><E52/><N who="2" m="33831" /><F10/><W92/><G92/><N who="0" m="54327" /><D77/><U36/><E36/><V107/><F107/><W5/><G78/><T34/><D34/><U0/><E0/><V125/><F125/><W94/><G94/><T66/><D66/><U33/><E33/><V44/><F44/><W110/><G110/><T97/><D97/><U82/><E75/><AGARI ba="0,0" hai="16,18,42,45,48,75,76,81" m="54327,47658" machi="75" ten="30,7700,0" yaku="18,1,52,2,54,1" doraHai="15" who="0" fromWho="1" sc="265,77,243,-77,220,0,272,0" /><INIT seed="3,0,0,5,1,28" ten="342,166,220,272" oya="3" hai0="63,126,75,108,17,72,90,113,62,93,73,8,100" hai1="30,11,6,16,40,83,39,66,122,2,50,80,110" hai2="84,57,10,119,105,38,22,5,43,85,69,96,71" hai3="65,134,131,67,20,60,21,74,0,103,15,18,99"/><W29/><G0/><T133/><D100/><U49/><E122/><V89/><F119/><W52/><G131/><T130/><D130/><U112/><E112/><V41/><F85/><W46/><G134/><T32/><D32/><U101/><E110/><V87/><F87/><W54/><G74/><T82/><D82/><U7/><E66/><V104/><F96/><W27/><G46/><T127/><D113/><U78/><E101/><V53/><F22/><W86/><G86/><N who="0" m="52439" /><D108/><U123/><E123/><V91/><F91/><W24/><G15/><N who="0" m="7399" /><D133/><U97/><E97/><V14/><F105/><W35/><G21/><T64/><D64/><U135/><E135/><V1/><F104/><W95/><G65/><T102/><D102/><U107/><E107/><V120/><F120/><W56/><AGARI ba="0,0" hai="18,20,24,27,29,35,52,54,56,60,67,95,99,103" machi="56" ten="20,7800,0" yaku="0,1,7,1,52,1,54,1" doraHai="28" who="3" fromWho="3" sc="342,-26,166,-26,220,-26,272,78" owari="316,12.0,140,-36.0,194,-21.0,350,45.0" /></mjloggm>