<mjloggm ver="2.3"><GO type="225" lobby="0"/><UN n0="%E3%82%82%E3%82%81%E3%82%93%E3%81%AA%E3%81%A1%E3%82%83%E3%81%84" n1="%E3%83%88%E3%83%88%E3%83%AA%E5%85%88%E7%94%9F%31%39%E6%AD%B3" n2="%E6%B0%B4%E4%B8%8A%E5%A4%8F%E6%A8%B9" n3="%E2%98%86%E9%BB%84%E7%80%AC%E3%82%84%E3%82%88%E3%81%84%E2%98%86" dan="17,17,16,17" rate="2129.63,2244.79,2083.54,2154.73" sx="M,F,M,M"/><TAIKYOKU oya="0"/><INIT seed="0,0,0,1,0,12" ten="250,250,250,250" oya="0" hai0="126,120,50,131,74,37,56,112,98,128,0,135,125" hai1="132,108,73,107,72,52,75,123,102,46,77,69,59" hai2="58,22,5,119,99,100,26,25,103,11,105,32,3" hai3="127,49,97,45,64,71,38,44,47,89,81,78,83"/><T8/><D74/><U27/><E123/><V93/><F119/><W63/><G127/><N who="0" m="48651" /><D120/><U62/><E108/><V31/><F58/><W35/><G35/><T10/><D37/><U115/><E132/><V13/><F13/><W122/><G122/><T92/><D112/><U101/><E115/><V82/><F82/><W61/><G38/><T23/><D135/><U79/><E69/><V16/><REACH who="2" step="1"/><F105/><REACH who="2" ten="250,250,240,250" step="2"/><W86/><G63/><T2/><D2/><U7/><E107/><V84/><F84/><W76/><G97/><T30/><D0/><U29/><E7/><V85/><F85/><W134/><G134/><T111/><D111/><U116/><E116/><V36/><F36/><W121/><G121/><T1/><D1/><U68/><E68/><V113/><F113/><W67/><G78/><T14/><D10/><U48/><E77/><V43/><F43/><W21/><G76/><T51/><D56/><U17/><E79/><V109/><F109/><W4/><G71/><T65/><D65/><U41/><E75/><V117/><F117/><W54/><G67/><T94/><D94/><U80/><E73/><V90/><AGARI ba="0,1" hai="3,5,11,16,22,25,26,31,32,90,93,99,100,103" machi="90" ten="20,8000,1" yaku="1,1,0,1,7,1,52,1,54,1,53,0" doraHai="12" doraHaiUra="57" who="2" fromWho="2" sc="250,-40,250,-20,240,90,250,-20" /><INIT seed="1,0,0,4,5,101" ten="210,230,330,230" oya="1" hai0="28,72,55,4,134,27,10,71,95,99,13,75,57" hai1="17,30,102,56,133,98,126,62,38,124,9,83,67" hai2="20,61,92,34,66,68,78,48,111,39,3,97,37" hai3="80,44,58,113,64,94,127,60,119,135,108,15,115"/><U51/><E38/><V79/><F34/><W123/><G123/><T35/><D71/><U21/><E133/><V77/><F3/><W36/><G135/><T88/><REACH who="0" step="1"/><D134/><REACH who="0" ten="200,230,330,230" step="2"/><U116/><E116/><V25/><F111/><W118/><G108/><T65/><D65/><U105/><E124/><V106/><F68/><W11/><G127/><T19/><D19/><U32/><E126/><V70/><F70/><W91/><G119/><T96/><D96/><U8/><E30/><V93/><F66/><W114/><G118/><T121/><D121/><U85/><E32/><V0/><F97/><W74/><G114/><T42/><D42/><U23/><E51/><AGARI ba="0,1" hai="4,10,13,27,28,35,51,55,57,72,75,88,95,99" machi="51" ten="30,3900,0" yaku="1,1,7,1,54,1,53,0" doraHai="101" doraHaiUra="43" who="0" fromWho="1" sc="200,49,230,-39,330,0,230,0" /><INIT seed="2,0,0,4,1,28" ten="249,191,330,230" oya="2" hai0="113,70,97,29,82,16,3,59,45,52,76,18,21" hai1="84,83,125,129,72,117,118,91,124,96,8,49,27" hai2="87,128,61,17,133,69,78,71,14,32,25,101,114" hai3="48,50,68,79,24,109,119,90,58,15,65,13,0"/><V55/><F114/><W47/><G119/><N who="1" m="45578" /><E8/><V56/><F101/><W6/><G68/><T107/><D113/><U10/><E10/><V20/><F133/><W2/><G109/><T57/><D70/><U115/><E27/><V66/><F128/><W108/><G108/><T12/><D3/><U35/><E115/><V43/><F43/><W93/><G79/><T132/><D132/><U44/><E49/><V134/><F134/><W40/><G2/><T75/><D29/><U1/><E44/><V53/><F53/><N who="3" m="32055" /><G0/><T74/><D74/><U123/><E1/><V5/><F5/><W81/><G6/><T104/><D45/><U86/><E35/><V33/><F71/><W99/><G65/><T106/><D18/><U4/><E4/><V95/><F25/><W31/><G81/><T98/><REACH who="0" step="1"/><D59/><REACH who="0" ten="239,191,330,230" step="2"/><U127/><E129/><V100/><F69/><W73/><G73/><T131/><D131/><U116/><N who="1" m="45586" /><U34/><DORA hai="92" /><E34/><V19/><F33/><W30/><G31/><T110/><D110/><U126/><N who="1" m="31744" /><DORA hai="103" /><U39/><E39/><V11/><F32/><W51/><G30/><T130/><D130/><U37/><E37/><V41/><F19/><W121/><G47/><T120/><D120/><U111/><E111/><V85/><F17/><W26/><G121/><T54/><D54/><U42/><E123/><V105/><F55/><W36/><G36/><T89/><D89/><N who="1" m="51359" /><E72/><V80/><F56/><W64/><G40/><T63/><AGARI ba="0,1" hai="12,16,21,52,57,63,75,76,82,97,98,104,106,107" machi="63" ten="30,24000,4" yaku="1,1,0,1,52,5,54,2,53,3" doraHai="28,92,103" doraHaiUra="23,22,102" who="0" fromWho="0" sc="239,250,191,-60,330,-120,230,-60" /><INIT seed="3,0,0,3,1,95" ten="489,131,210,170" oya="3" hai0="51,129,96,131,82,44,18,45,34,36,73,17,2" hai1="68,30,105,16,113,98,83,65,101,12,40,47,70" hai2="66,104,39,33,77,72,74,46,88,7,31,35,64" hai3="50,10,97,86,27,120,134,85,102,53,93,123,132"/><W109/><G109/><T26/><D2/><U112/><E30/><V135/><F104/><W57/><G10/><T21/><D34/><U20/><E83/><V130/><F7/><W4/><G4/><T110/><D110/><U38/><REACH who="1" step="1"/><E65/><REACH who="1" ten="489,121,210,170" step="2"/><V54/><F31/><W84/><REACH who="3" step="1"/><G27/><REACH who="3" ten="489,121,210,160" step="2"/><T80/><D26/><U52/><E52/><V87/><F54/><W89/><G89/><T29/><D131/><U23/><E23/><V69/><F130/><W6/><G6/><T15/><D129/><U127/><E127/><V3/><F88/><W128/><G128/><T78/><D21/><U8/><E8/><V42/><F35/><W111/><G111/><T76/><D29/><U9/><E9/><V55/><F33/><W116/><G116/><T22/><D22/><U81/><E81/><V117/><F117/><W60/><G60/><T121/><D80/><U28/><E28/><V94/><F66/><W75/><G75/><T107/><D82/><U106/><E106/><V1/><F64/><W32/><G32/><T67/><D73/><U133/><E133/><AGARI ba="0,2" hai="50,53,57,84,85,86,93,97,102,120,123,132,133,134" machi="133" ten="40,7700,0" yaku="1,1,20,1,52,1,53,0" doraHai="95" doraHaiUra="114" who="3" fromWho="1" sc="489,0,121,-77,210,0,160,97" /><INIT seed="3,1,0,0,1,34" ten="489,44,210,257" oya="3" hai0="129,40,86,77,76,126,21,111,67,102,73,121,17" hai1="1,89,25,109,6,134,71,20,127,35,132,75,107" hai2="90,104,60,46,62,45,130,83,15,56,74,81,120" hai3="9,42,55,44,0,50,64,5,119,68,98,65,43"/><W88/><G119/><T59/><D121/><U2/><E89/><V63/><F120/><W16/><G68/><T108/><D73/><U105/><E20/><V11/><F104/><N who="1" m="40009" /><E6/><V30/><F30/><W38/><G43/><T92/><D129/><U84/><E84/><V94/><F130/><W96/><G96/><T58/><D126/><U82/><E127/><V7/><F74/><W33/><G33/><T91/><D102/><U39/><E71/><V41/><F56/><W37/><G37/><T110/><D40/><U12/><E12/><V57/><F57/><N who="0" m="21514" /><D67/><U97/><E97/><N who="2" m="57559" /><F41/><W112/><G112/><T49/><D49/><U100/><E100/><V85/><F85/><W122/><G122/><T32/><D32/><U54/><E54/><V87/><F87/><W26/><G38/><T99/><D86/><U69/><E69/><V115/><F115/><W123/><G42/><T18/><D18/><U28/><E39/><V10/><F7/><W61/><G123/><T95/><D95/><U103/><E103/><V72/><F72/><W114/><G114/><T93/><D93/><U131/><E131/><V24/><F15/><AGARI ba="1,0" hai="15,17,21,76,77,91,92,99,108,110,111" m="21514" machi="15" ten="30,1000,0" yaku="14,1" doraHai="34" who="0" fromWho="2" sc="489,13,44,0,210,-13,257,0" owari="502,60.0,44,-46.0,197,-20.0,257,6.0" /></mjloggm>