<mjloggm ver="2.3"><GO type="169" lobby="0"/><UN n0="%E3%82%A4%E3%83%8B%E3%82%A8%E3%82%B9%E3%82%BF" n1="%E3%81%97%E3%82%87%E3%81%BC%E3%82%93%EF%BD%8E" n2="%77%61%72%6E%69%6E%67" n3="%E3%82%A6%E3%83%AB%E3%83%88%E3%83%A9%E7%AB%8B%E7%9B%B4" dan="18,17,16,17" rate="2154.71,2107.25,2117.24,2146.96" sx="M,M,M,M"/><TAIKYOKU oya="0"/><INIT seed="0,0,0,5,4,129" ten="250,250,250,250" oya="0" hai0="105,125,114,37,64,52,29,49,7,9,0,94,28" hai1="111,90,133,121,5,126,48,93,70,57,110,108,78" hai2="39,31,80,109,101,18,124,4,120,82,96,32,66" hai3="128,60,42,86,131,100,83,76,99,50,25,81,14"/><T43/><D105/><U115/><E70/><V41/><F109/><W67/><G14/><T119/><D114/><U46/><E115/><V75/><F18/><W8/><G8/><T104/><D104/><U77/><E121/><V59/><F4/><W69/><G81/><T10/><D119/><U51/><E126/><V20/><F32/><W130/><G25/><T91/><D64/><U95/><E5/><V26/><F120/><W117/><G117/><T65/><D125/><U36/><E36/><V23/><F23/><W85/><G50/><T107/><D107/><U56/><E133/><V68/><F68/><W84/><REACH who="3" step="1"/><G42/><REACH who="3" ten="250,250,250,240" step="2"/><T73/><D10/><U97/><E51/><V79/><F82/><W87/><G87/><T45/><D73/><U92/><E78/><V72/><F41/><W2/><G2/><T112/><D112/><U118/><E77/><V6/><F80/><W74/><G74/><T61/><D43/><N who="1" m="24671" /><E118/><V44/><F79/><W58/><G58/><AGARI ba="0,1" hai="56,57,58,90,92,93,95,97,108,110,111" m="24671" machi="58" ten="30,1000,0" yaku="14,1" doraHai="129" who="1" fromWho="3" sc="250,0,250,20,250,0,240,-10" /><INIT seed="1,0,0,2,3,83" ten="250,270,250,230" oya="1" hai0="106,84,0,97,3,5,56,35,121,22,4,1,130" hai1="100,66,55,9,108,109,10,88,27,99,18,31,94" hai2="107,49,68,122,132,102,2,113,52,36,37,63,81" hai3="58,32,120,90,12,62,7,54,89,64,111,28,29"/><U53/><E66/><V46/><F2/><W50/><G120/><T21/><D121/><U6/><E18/><V33/><F81/><W110/><G12/><T17/><D35/><U127/><E127/><V126/><F132/><W38/><G7/><T24/><D130/><U85/><E53/><V119/><F119/><W60/><G38/><T43/><D43/><U23/><E55/><V19/><F19/><W47/><G60/><T114/><D56/><U30/><E30/><N who="3" m="11882" /><G32/><T101/><D114/><U79/><E79/><V16/><F113/><W124/><G124/><T78/><D22/><U133/><E133/><V134/><F33/><W92/><G92/><T8/><D5/><U91/><E91/><V42/><F126/><W77/><G77/><T125/><D125/><U131/><E131/><V74/><F37/><W103/><G103/><T51/><D51/><U14/><REACH who="1" step="1"/><E10/><REACH who="1" ten="250,260,250,230" step="2"/><V112/><F134/><W69/><G47/><T71/><D71/><U59/><E59/><V105/><F46/><W98/><G89/><T75/><D78/><U128/><E128/><V72/><F68/><W116/><G90/><T25/><D8/><U13/><E13/><V135/><F135/><W20/><G54/><T115/><D3/><U39/><E39/><V15/><F36/><W44/><G58/><T26/><D0/><U45/><E45/><V40/><F15/><W129/><G44/><T34/><D1/><U61/><E61/><V76/><F63/><W87/><G62/><T104/><D17/><U93/><AGARI ba="0,1" hai="6,9,14,23,27,31,85,88,93,94,99,100,108,109" machi="93" ten="30,11700,0" yaku="1,1,0,1,52,1,54,1,53,0" doraHai="83" doraHaiUra="67" who="1" fromWho="1" sc="250,-39,260,127,250,-39,230,-39" /><INIT seed="1,1,0,3,4,1" ten="211,387,211,191" oya="1" hai0="43,28,57,79,67,121,36,111,90,93,132,51,64" hai1="30,68,110,114,71,8,58,23,56,124,19,82,131" hai2="18,73,4,95,24,80,27,135,10,74,72,25,50" hai3="134,21,54,52,42,70,38,130,12,89,61,102,115"/><U86/><E114/><V85/><F135/><W65/><G115/><T99/><D132/><U87/><E30/><V55/><F95/><W48/><G134/><T40/><D111/><U6/><E110/><V49/><F18/><W34/><G34/><T22/><D121/><U75/><E75/><V17/><F17/><W13/><G102/><T5/><D79/><U129/><E124/><V33/><F33/><W133/><G133/><T103/><D36/><U128/><E58/><V0/><REACH who="2" step="1"/><F55/><REACH who="2" ten="211,387,201,191" step="2"/><W20/><G54/><T32/><D32/><U127/><E19/><V11/><F11/><W97/><G21/><T41/><D22/><U81/><E23/><V122/><F122/><W63/><G20/><T2/><D28/><U45/><E127/><V16/><F16/><W29/><G29/><T46/><D93/><U117/><E128/><V101/><F101/><W60/><G130/><T105/><D103/><U104/><E8/><V116/><F116/><W47/><G61/><T76/><D105/><U125/><E104/><V83/><F83/><W53/><G63/><T94/><D94/><U7/><E125/><V66/><F66/><W112/><G53/><T123/><D64/><U84/><E117/><V69/><F69/><W3/><G112/><T31/><D123/><U108/><E108/><V15/><F15/><W96/><G3/><T106/><D31/><U113/><E113/><V44/><F44/><W100/><G100/><N who="0" m="62751" /><D46/><U59/><E45/><V118/><F118/><W37/><G47/><T120/><D120/><U35/><E131/><V77/><AGARI ba="1,1" hai="0,4,10,24,25,27,49,50,72,73,74,77,80,85" machi="77" ten="40,12000,2" yaku="1,1,0,1,52,1,53,3" doraHai="1" doraHaiUra="107" who="2" fromWho="2" sc="211,-31,387,-61,201,133,191,-31" /><INIT seed="2,0,0,4,0,98" ten="180,326,334,160" oya="2" hai0="9,33,18,84,85,134,129,19,107,58,128,125,43" hai1="59,3,69,117,55,34,50,102,126,30,105,124,86" hai2="115,7,29,83,82,1,56,13,36,87,72,40,78" hai3="62,28,81,103,39,53,95,6,109,104,123,116,96"/><V108/><F115/><W110/><G39/><T11/><D33/><U127/><E117/><V97/><F29/><W48/><G123/><T54/><D43/><U131/><E131/><N who="0" m="50249" /><D107/><U100/><E69/><V24/><F24/><W21/><G62/><N who="0" m="36183" /><D134/><U73/><E73/><V38/><F1/><W89/><G6/><T111/><D111/><N who="3" m="42505" /><G81/><T60/><D125/><U44/><E105/><V80/><F82/><W5/><G5/><T49/><D49/><N who="1" m="31215" /><E86/><N who="0" m="33385" /><D60/><U67/><E3/><V120/><F36/><W94/><G116/><T118/><D118/><U68/><E68/><V41/><F40/><W0/><G0/><T52/><D52/><N who="1" m="29767" /><E67/><V65/><F65/><W15/><G53/><T130/><D130/><U35/><E35/><V75/><F38/><W32/><G48/><T106/><D106/><U121/><E121/><V66/><F66/><W112/><G112/><T74/><D74/><U23/><E34/><V4/><F75/><W42/><G42/><T14/><D19/><U61/><E61/><V90/><F41/><W37/><G37/><T17/><D18/><U77/><E77/><V76/><F120/><W122/><G122/><T64/><D64/><U99/><E99/><V31/><F78/><W92/><G32/><T133/><D133/><U57/><E57/><V12/><F56/><W20/><G28/><T70/><D70/><U113/><E113/><V2/><F31/><W27/><G27/><AGARI ba="0,0" hai="23,27,30,100,102,124,126,127" m="29767,31215" machi="27" ten="30,7700,0" yaku="18,1,52,2,54,1" doraHai="98" who="1" fromWho="3" sc="180,0,326,77,334,0,160,-77" /><INIT seed="3,0,0,3,3,21" ten="180,403,334,83" oya="3" hai0="36,134,102,101,115,105,83,97,120,128,126,110,24" hai1="53,46,94,19,57,132,23,55,29,96,133,116,51" hai2="107,118,64,20,17,40,32,122,82,73,81,4,48" hai3="70,63,42,86,16,60,18,111,100,59,104,52,91"/><W35/><G111/><T7/><D7/><U14/><E116/><V106/><F32/><W12/><G35/><T34/><D24/><U65/><E65/><V39/><F39/><W74/><G74/><T114/><D83/><U95/><E29/><V80/><F118/><W124/><G124/><T92/><D92/><U54/><E95/><V77/><F122/><W89/><G42/><T79/><D97/><U62/><REACH who="1" step="1"/><E55/><REACH who="1" ten="180,393,334,83" step="2"/><V44/><F64/><W103/><G104/><T127/><D105/><U25/><E25/><V1/><F107/><W113/><G113/><T69/><D115/><U76/><E76/><V125/><F106/><W129/><G129/><T49/><D79/><U43/><E43/><V121/><F121/><W31/><G31/><T22/><D128/><U26/><E26/><V71/><F125/><W5/><G100/><AGARI ba="0,1" hai="14,19,23,46,51,53,54,57,62,94,96,100,132,133" machi="100" ten="40,1300,0" yaku="1,1,53,0" doraHai="21" doraHaiUra="33" who="1" fromWho="3" sc="180,0,393,23,334,0,83,-13" /><INIT seed="4,0,0,1,1,24" ten="180,416,334,70" oya="0" hai0="118,6,80,38,106,28,74,30,92,110,103,55,18" hai1="112,14,34,97,70,48,99,113,27,98,45,41,85" hai2="21,122,22,49,67,3,120,84,129,119,12,51,63" hai3="95,91,37,64,108,20,53,135,115,4,78,134,87"/><T39/><D118/><U69/><E14/><V105/><F3/><W23/><G37/><T46/><D106/><U121/><E121/><V116/><F105/><W65/><G4/><T54/><D6/><U102/><E102/><V72/><F72/><W13/><G78/><T89/><D110/><U126/><E126/><V1/><F1/><W77/><G77/><T101/><D74/><U71/><E85/><V11/><F84/><W17/><G108/><T59/><D80/><U10/><E10/><V60/><F12/><W117/><G117/><T31/><D39/><U124/><E124/><V36/><F36/><W100/><G100/><N who="0" m="38475" /><D38/><U125/><E125/><V15/><F15/><W25/><G115/><N who="1" m="44106" /><E27/><V26/><F26/><W29/><REACH who="3" step="1"/><G53/><REACH who="3" ten="180,416,334,60" step="2"/><T62/><D54/><U130/><E130/><V50/><F129/><W86/><G86/><N who="0" m="52279" /><D46/><U16/><E45/><V107/><F119/><W43/><G43/><T82/><D82/><U44/><E44/><V68/><F116/><W127/><G127/><T7/><D7/><U83/><E83/><V109/><F109/><W88/><G88/><T90/><D90/><U2/><E41/><V61/><F120/><W52/><G52/><T81/><D81/><U133/><E99/><V9/><F122/><W79/><G79/><T73/><D73/><U40/><E98/><V114/><F114/><W58/><G58/><N who="0" m="35167" /><D18/><U96/><E40/><V19/><F19/><W66/><AGARI ba="0,1" hai="13,17,20,23,25,29,64,65,66,87,91,95,134,135" machi="66" ten="30,4000,0" yaku="1,1,0,1,52,1,53,0" doraHai="24" doraHaiUra="104" who="3" fromWho="3" sc="180,-20,416,-10,334,-10,60,50" /><INIT seed="5,0,0,3,0,100" ten="160,406,324,110" oya="1" hai0="0,37,113,38,88,12,125,73,98,20,55,76,94" hai1="39,121,23,77,49,6,4,135,86,25,95,7,83" hai2="40,65,50,129,33,1,132,120,52,78,67,3,36" hai3="124,62,34,82,91,109,105,43,111,128,56,9,28"/><U110/><E39/><V127/><F33/><W59/><G28/><T15/><D0/><U13/><E121/><V46/><F78/><W107/><G34/><T19/><D113/><U26/><E135/><V18/><F120/><W30/><G30/><T21/><D125/><U118/><E118/><V64/><F127/><W119/><G43/><T134/><D134/><U93/><E110/><V96/><F129/><W80/><G9/><T71/><D71/><U45/><E13/><V79/><F79/><W29/><G29/><T66/><D66/><U103/><E103/><V102/><F18/><W89/><G62/><T108/><D108/><U81/><E81/><V48/><F48/><W2/><G124/><T112/><D112/><U84/><E84/><V61/><F61/><W117/><G2/><T31/><D55/><U24/><REACH who="1" step="1"/><E23/><REACH who="1" ten="160,396,324,110" step="2"/><V101/><F101/><W69/><G69/><T58/><D15/><U54/><AGARI ba="0,1" hai="4,6,7,24,25,26,45,49,54,77,83,86,93,95" machi="54" ten="30,11700,0" yaku="1,1,2,1,0,1,8,1,53,0" doraHai="100" doraHaiUra="114" who="1" fromWho="1" sc="160,-39,396,127,324,-39,110,-39" /><INIT seed="5,1,0,2,0,113" ten="121,523,285,71" oya="1" hai0="59,105,77,42,66,69,23,96,58,31,0,122,25" hai1="109,132,95,91,74,49,101,82,7,103,99,123,45" hai2="84,30,5,108,107,70,135,93,94,1,47,125,39" hai3="97,9,60,6,37,56,119,133,90,92,68,76,72"/><U26/><E123/><V130/><F84/><W44/><G68/><T4/><D122/><U64/><E64/><V15/><F93/><W115/><G115/><T128/><D128/><U36/><E36/><V57/><F94/><W127/><G127/><T13/><D0/><U106/><E7/><V62/><F107/><W29/><G29/><T35/><D42/><U89/><E132/><V54/><F15/><W112/><G112/><T14/><D77/><U43/><E109/><V111/><F30/><W46/><G133/><T3/><D14/><U41/><E41/><V131/><F5/><W114/><G114/><T83/><D83/><U85/><E74/><V24/><F24/><W11/><G11/><N who="0" m="2463" /><D69/><U65/><E65/><N who="2" m="41271" /><F1/><W53/><G37/><T61/><D59/><U80/><E80/><V104/><F125/><W81/><REACH who="3" step="1"/><G119/><REACH who="3" ten="121,523,285,61" step="2"/><T34/><D31/><U51/><E103/><V117/><F117/><W19/><G19/><T87/><D35/><U100/><E100/><V86/><F135/><W10/><G10/><T2/><D34/><U40/><E101/><V18/><F18/><W48/><G48/><T124/><D124/><U16/><E16/><V8/><F8/><W12/><AGARI ba="1,1" hai="6,9,12,44,46,53,56,60,72,76,81,90,92,97" machi="12" ten="20,2700,0" yaku="1,1,0,1,7,1,53,0" doraHai="113" doraHaiUra="21" who="3" fromWho="3" sc="121,-8,523,-14,285,-8,61,40" /><INIT seed="6,0,0,5,0,87" ten="113,509,277,101" oya="2" hai0="118,50,34,88,68,135,36,7,123,78,39,126,133" hai1="48,58,92,117,22,108,99,127,81,97,25,98,132" hai2="100,62,72,111,1,37,43,101,15,77,8,80,31" hai3="83,18,95,106,9,86,40,61,30,10,14,119,66"/><V90/><F111/><W71/><G106/><T46/><D123/><U59/><E132/><N who="0" m="50761" /><D34/><U131/><E127/><V38/><F31/><W32/><G119/><T116/><D68/><U124/><E131/><V0/><F62/><W45/><G95/><T91/><D78/><U11/><E81/><V122/><F100/><W128/><G128/><T19/><D7/><U51/><E92/><V110/><F101/><W27/><G18/><T47/><D19/><U74/><E74/><V23/><F23/><W52/><G14/><T41/><D126/><U2/><E22/><V16/><F122/><W5/><G5/><T85/><D85/><U20/><E20/><V49/><F110/><W107/><G107/><T67/><D67/><U75/><E11/><V115/><F115/><W82/><G82/><T129/><D129/><U94/><E94/><V33/><F33/><W109/><G109/><T57/><D57/><U29/><E29/><V3/><F49/><W120/><G120/><T21/><D21/><U102/><E51/><V70/><F70/><W35/><G35/><T89/><D39/><U113/><E48/><V65/><F65/><W60/><G60/><T79/><D79/><U121/><E102/><V4/><F43/><AGARI ba="0,0" hai="36,41,43,46,47,50,88,89,91,116,118" m="50761" machi="43" ten="40,8000,1" yaku="20,1,52,3,54,1" doraHai="87" who="0" fromWho="2" sc="113,80,509,0,277,-80,101,0" /><INIT seed="7,0,0,3,3,130" ten="193,509,197,101" oya="3" hai0="109,4,92,100,123,132,113,89,12,33,34,48,31" hai1="80,24,1,86,77,28,63,112,20,120,36,50,121" hai2="61,3,53,29,62,27,133,93,111,15,107,6,116" hai3="122,106,32,55,40,90,0,25,17,54,98,9,95"/><W37/><G122/><T7/><D109/><U5/><E36/><V110/><F133/><W10/><G106/><T46/><D132/><U104/><E104/><V23/><F107/><W101/><G37/><T134/><D100/><U26/><E112/><V49/><F116/><W60/><G40/><T76/><D134/><U71/><E5/><V68/><F68/><W72/><G72/><T91/><D76/><U115/><E1/><V84/><F3/><W125/><G125/><T43/><D91/><U127/><E127/><V75/><F75/><W30/><G90/><T88/><D89/><U42/><E115/><V126/><F126/><W117/><G117/><T11/><D113/><U83/><E83/><V22/><F111/><W129/><G129/><T51/><D31/><U105/><E105/><V118/><F110/><W64/><G0/><T45/><D7/><U13/><E13/><V97/><F84/><W124/><G124/><T99/><D123/><U8/><E8/><N who="2" m="4503" /><F22/><W131/><G131/><T70/><D70/><U44/><E26/><V66/><F66/><W35/><G35/><T73/><D73/><U41/><E41/><AGARI ba="0,0" hai="4,11,12,33,34,41,43,45,46,48,51,88,92,99" machi="41" ten="30,3900,0" yaku="7,1,9,1,54,1" doraHai="130" who="0" fromWho="1" sc="193,39,509,-39,197,0,101,0" owari="232,3.0,470,57.0,197,-20.0,101,-40.0" /></mjloggm>