<mjloggm ver="2.3"><GO type="169" lobby="0"/><UN n0="%41%52%49%41%4C%4F%56%45" n1="%E3%82%A6%E3%83%AB%E3%83%88%E3%83%A9%E7%AB%8B%E7%9B%B4" n2="%4A%61%6E%2D%4D%61%63%68" n3="%E3%81%B5%E3%81%86%E3%81%8C%E2%99%AA" dan="16,17,17,17" rate="2141.24,2119.07,2135.65,2125.24" sx="M,M,M,M"/><TAIKYOKU oya="0"/><INIT seed="0,0,0,5,5,99" ten="250,250,250,250" oya="0" hai0="117,28,78,129,25,37,122,63,84,124,62,52,125" hai1="67,71,114,76,128,47,44,0,83,89,10,94,29" hai2="112,79,121,73,24,116,92,1,120,26,134,75,96" hai3="4,135,82,95,69,90,21,43,18,57,40,80,48"/><T32/><D37/><U41/><E128/><V102/><F1/><W30/><G69/><T16/><D117/><U45/><E114/><V130/><F24/><W23/><G4/><T39/><D39/><U106/><E106/><V98/><F26/><N who="3" m="16735" /><G135/><T7/><D7/><U108/><E108/><V93/><F112/><W5/><G5/><T64/><D122/><N who="2" m="47210" /><F130/><W61/><G82/><T58/><D129/><U15/><E0/><V14/><F14/><N who="3" m="9431" /><G80/><T55/><D16/><N who="1" m="8311" /><E71/><V46/><F46/><W27/><G48/><T9/><D9/><U107/><E107/><V2/><F2/><W53/><G27/><T70/><D78/><U72/><E72/><N who="2" m="27723" /><F79/><W20/><G20/><T119/><D119/><U109/><E76/><V8/><F8/><W97/><AGARI ba="0,0" hai="40,43,53,57,61,90,95,97" m="9431,16735" machi="97" ten="30,1100,0" yaku="8,1" doraHai="99" who="3" fromWho="3" sc="250,-5,250,-3,250,-3,250,11" /><INIT seed="1,0,0,0,3,82" ten="245,247,247,261" oya="1" hai0="85,88,50,72,126,104,39,77,30,130,12,97,38" hai1="52,108,71,18,1,91,41,125,131,31,11,100,115" hai2="64,66,117,74,8,5,17,92,35,22,59,56,21" hai3="80,7,16,75,0,101,96,62,99,79,132,129,73"/><U36/><E115/><V47/><F35/><W42/><G129/><T89/><D130/><U114/><E114/><V84/><F74/><W28/><G28/><T26/><D126/><U40/><E71/><V113/><F47/><W57/><G132/><T54/><D12/><N who="1" m="7455" /><E36/><V23/><F113/><W33/><G33/><T68/><D68/><U90/><E1/><V25/><F117/><W24/><G42/><N who="1" m="16490" /><E125/><V95/><F8/><W48/><G48/><T46/><D72/><U32/><E32/><V34/><F5/><W44/><G44/><T109/><D38/><U107/><E107/><V45/><F45/><W111/><G75/><T51/><D39/><U135/><E135/><V20/><F34/><W19/><G7/><T81/><D51/><U3/><E3/><V98/><F98/><W69/><G96/><T105/><D105/><U86/><E100/><V15/><F15/><W58/><G0/><T128/><D128/><U53/><E131/><V106/><F106/><W65/><G69/><T87/><D104/><U78/><E31/><V120/><F120/><W103/><G103/><T76/><D97/><U55/><E108/><V29/><F29/><W37/><G111/><T112/><D109/><U127/><E127/><V43/><F43/><W13/><G37/><T119/><D112/><U2/><E2/><V93/><F84/><W110/><G110/><T14/><D14/><U118/><E118/><V116/><F116/><W102/><G99/><T61/><D119/><U70/><E70/><V49/><F49/><W10/><G58/><AGARI ba="0,0" hai="17,20,21,22,23,25,56,58,59,64,66,92,93,95" machi="58" ten="40,5200,0" yaku="26,2,8,1" doraHai="82" who="2" fromWho="3" sc="245,0,247,0,247,52,261,-52" /><INIT seed="2,0,0,1,3,87" ten="245,247,299,209" oya="2" hai0="21,99,93,80,4,86,16,0,116,38,126,13,122" hai1="14,106,89,72,49,100,103,17,45,59,66,24,134" hai2="111,31,51,68,25,36,84,62,19,58,42,124,127" hai3="101,40,43,74,121,117,53,132,128,30,88,81,96"/><V47/><F19/><W71/><G117/><T57/><D38/><U102/><E72/><V56/><F25/><W55/><G121/><T23/><D122/><U8/><E134/><V2/><F2/><W119/><G119/><T108/><D108/><U52/><E106/><V6/><F6/><W131/><G71/><T110/><D110/><U73/><E73/><V118/><F31/><W92/><G132/><T107/><D107/><U39/><E39/><V64/><F111/><W28/><G55/><T94/><D126/><N who="2" m="48170" /><F84/><N who="3" m="50191" /><G74/><T60/><D4/><U35/><E35/><V34/><F34/><W70/><G70/><T79/><D0/><U115/><E115/><V135/><F135/><W98/><G98/><T130/><D130/><N who="3" m="49705" /><G53/><N who="0" m="33839" /><D116/><U9/><E52/><N who="2" m="31775" /><F118/><W41/><AGARI ba="0,0" hai="28,30,40,41,43,92,96,101" m="49705,50191" machi="41" ten="30,4000,0" yaku="19,1,52,1,54,1" doraHai="87" who="3" fromWho="3" sc="245,-10,247,-10,299,-20,209,40" /><INIT seed="3,0,0,5,0,58" ten="235,237,279,249" oya="3" hai0="104,87,123,3,127,116,44,46,27,55,29,125,117" hai1="42,30,25,19,97,16,126,132,49,69,15,33,114" hai2="51,28,91,5,84,7,102,96,94,36,57,22,38" hai3="59,90,103,66,81,39,41,98,88,12,120,52,61"/><W8/><G120/><T34/><D123/><U124/><E114/><V110/><F38/><W10/><G10/><T77/><D104/><U62/><E132/><V71/><F36/><W95/><G66/><T107/><D107/><U85/><E85/><V35/><F71/><W68/><G68/><T106/><D106/><U20/><E97/><V78/><F35/><W1/><G1/><T111/><D111/><U23/><E49/><V122/><F78/><W100/><G39/><T67/><D3/><U14/><E42/><V43/><F110/><W9/><G9/><T93/><D67/><AGARI ba="0,0" hai="14,15,16,19,20,23,25,30,33,62,67,69,124,126" machi="67" ten="40,5200,0" yaku="9,1,52,1,54,1" doraHai="58" who="1" fromWho="0" sc="235,-52,237,52,279,0,249,0" /><INIT seed="4,0,0,1,1,42" ten="183,289,279,249" oya="0" hai0="68,90,31,50,32,16,74,70,35,115,66,1,52" hai1="9,63,96,111,81,84,97,117,132,67,30,88,28" hai2="14,59,85,126,62,60,36,13,8,89,23,95,25" hai3="33,76,121,130,103,104,6,125,118,112,56,71,65"/><T109/><D1/><U86/><E111/><V20/><F36/><W44/><G6/><T0/><D0/><U101/><E132/><V131/><F131/><W11/><G11/><T123/><D74/><U51/><E117/><V49/><F126/><W47/><G76/><T43/><D123/><U122/><E122/><V18/><F14/><W5/><G5/><T57/><D109/><U100/><E9/><V114/><F114/><W15/><G15/><T26/><D115/><U87/><E51/><V7/><F23/><W58/><G103/><T133/><D35/><U128/><E128/><V110/><F110/><W99/><G99/><T12/><D133/><U79/><E86/><V105/><F105/><W83/><G83/><T64/><D43/><U73/><E73/><V24/><F24/><W34/><G104/><T4/><D4/><U134/><E97/><V38/><F38/><W113/><G130/><T69/><REACH who="0" step="1"/><D90/><REACH who="0" ten="173,289,279,249" step="2"/><U82/><E134/><V124/><F124/><W80/><G125/><T48/><D48/><U40/><E40/><V98/><F98/><W107/><G121/><T75/><D75/><U106/><E101/><V39/><F39/><W61/><G113/><T78/><D78/><U116/><E116/><V27/><F49/><W119/><G112/><T102/><D102/><U29/><E100/><V17/><F7/><W37/><G119/><T108/><D108/><U19/><E96/><V45/><F89/><W93/><G118/><T3/><D3/><U53/><E106/><V41/><F41/><N who="3" m="22575" /><G107/><T22/><AGARI ba="0,1" hai="12,16,22,26,31,32,50,52,57,64,66,68,69,70" machi="22" ten="30,12000,1" yaku="1,1,0,1,54,2,53,1" doraHai="42" doraHaiUra="55" who="0" fromWho="0" sc="173,130,289,-40,279,-40,249,-40" /><INIT seed="4,1,0,1,1,102" ten="303,249,239,209" oya="0" hai0="50,61,70,16,75,132,32,8,130,36,11,133,122" hai1="83,34,128,21,82,0,49,51,22,104,129,125,134" hai2="106,10,114,77,6,72,58,96,40,124,9,79,4" hai3="88,31,113,38,90,41,27,99,55,84,39,65,63"/><T24/><D36/><U92/><E92/><V123/><F123/><W109/><G113/><T105/><D75/><U29/><E29/><V17/><F114/><W110/><G55/><T66/><D122/><U43/><E43/><V120/><F120/><W111/><G41/><T5/><D130/><U97/><E97/><V64/><F124/><W98/><G98/><T91/><D91/><U62/><E34/><V89/><F40/><W23/><G99/><T119/><D119/><U60/><E0/><V86/><F72/><W121/><G121/><T14/><D50/><U126/><E134/><V15/><F106/><AGARI ba="1,0" hai="21,22,49,51,60,62,82,83,104,106,125,126,128,129" machi="106" ten="25,6400,0" yaku="22,2,52,2" doraHai="102" who="1" fromWho="2" sc="303,0,249,67,239,-67,209,0" /><INIT seed="5,0,0,1,1,93" ten="303,316,172,209" oya="1" hai0="10,19,16,37,128,83,134,107,29,9,132,116,36" hai1="56,61,87,58,86,126,51,124,0,131,20,67,12" hai2="125,62,6,11,46,60,35,53,85,98,117,49,3" hai3="45,115,27,23,89,73,33,42,127,94,110,135,40"/><U8/><E0/><V57/><F35/><W22/><G110/><T69/><D116/><U25/><E131/><V63/><F117/><W17/><G115/><T21/><D69/><U81/><E51/><V24/><F24/><W99/><G135/><N who="0" m="51755" /><D107/><U13/><E58/><V121/><F121/><W68/><G33/><T95/><D83/><U109/><E109/><V43/><F125/><N who="1" m="48233" /><E8/><N who="0" m="3177" /><D95/><U41/><E41/><V108/><F108/><W28/><G127/><T104/><D104/><U102/><E102/><V70/><F85/><N who="1" m="32265" /><E81/><V31/><F31/><AGARI ba="0,0" hai="12,13,20,25,31,56,61,67" m="32265,48233" machi="31" ten="30,1500,0" yaku="18,1" doraHai="93" who="1" fromWho="2" sc="303,0,316,15,172,-15,209,0" /><INIT seed="5,1,0,4,3,134" ten="303,331,157,209" oya="1" hai0="80,33,116,108,72,128,110,44,48,29,124,3,119" hai1="105,47,76,113,122,114,99,36,104,84,129,34,55" hai2="98,66,89,67,125,59,96,7,13,14,111,94,61" hai3="50,49,17,77,64,40,120,73,4,82,16,90,112"/><U56/><E34/><V88/><F111/><N who="0" m="42538" /><D48/><U71/><E71/><V6/><F125/><W118/><G120/><T100/><D44/><U32/><E32/><V12/><F67/><W11/><G112/><N who="1" m="43114" /><E99/><V68/><F68/><W51/><G40/><T18/><D18/><U8/><E8/><V115/><F115/><W75/><G75/><T62/><D62/><N who="1" m="36127" /><E122/><V5/><REACH who="2" step="1"/><F98/><REACH who="2" ten="303,331,147,209" step="2"/><W63/><G118/><T126/><D116/><U135/><E135/><V79/><F79/><W92/><G64/><T87/><D119/><U131/><E129/><V24/><F24/><W70/><G70/><T54/><D128/><U83/><E131/><V39/><F39/><W2/><REACH who="3" step="1"/><G63/><REACH who="3" ten="303,331,147,199" step="2"/><T85/><D126/><U41/><AGARI ba="1,2" hai="36,41,47,76,83,84,104,105" m="36127,43114" machi="41" ten="30,1500,0" yaku="15,1" doraHai="134" who="1" fromWho="1" sc="303,-6,331,38,147,-6,199,-6" /><INIT seed="5,2,0,3,4,11" ten="297,369,141,193" oya="1" hai0="74,102,119,105,100,114,72,69,83,57,45,2,120" hai1="0,94,78,24,1,135,49,129,61,79,131,47,116" hai2="124,103,101,92,40,28,29,54,50,14,10,7,55" hai3="30,12,99,33,13,89,5,16,130,37,121,90,126"/><U9/><E116/><V63/><F124/><W67/><G121/><T62/><D57/><U60/><E24/><V115/><F115/><W23/><G130/><N who="1" m="49674" /><E94/><V128/><F128/><W36/><G126/><T110/><D2/><N who="1" m="1131" /><E9/><V108/><F108/><W127/><G127/><T41/><D119/><U31/><E31/><V109/><F109/><W77/><G77/><N who="1" m="29194" /><E135/><V22/><F40/><AGARI ba="2,0" hai="40,47,49,60,61" m="29194,1131,49674" machi="40" ten="30,1500,0" yaku="19,1" doraHai="11" who="1" fromWho="2" sc="297,0,369,21,141,-21,193,0" /><INIT seed="5,3,0,5,3,72" ten="297,390,120,193" oya="1" hai0="114,39,14,7,12,15,26,36,18,43,44,28,22" hai1="54,49,23,101,61,123,16,70,121,51,110,59,93" hai2="29,60,75,25,6,126,10,47,117,57,112,9,53" hai3="83,119,133,33,80,66,50,102,76,69,45,109,32"/><U130/><E130/><V120/><F120/><W131/><G109/><T107/><D114/><U21/><E110/><V58/><F117/><W37/><G37/><T79/><D107/><U118/><E118/><V84/><F75/><W48/><G119/><T73/><D36/><U55/><E70/><V129/><F129/><W4/><G131/><T85/><D85/><U3/><E3/><V99/><F126/><W87/><G102/><T125/><D7/><U82/><E82/><V113/><F99/><W1/><G50/><T116/><D125/><U132/><E132/><V92/><F47/><W68/><G133/><T86/><D86/><U134/><E134/><V63/><F6/><W65/><G65/><T35/><REACH who="0" step="1"/><D116/><REACH who="0" ten="287,390,120,193" step="2"/><U96/><E121/><V95/><F84/><W127/><G127/><T97/><D97/><U108/><E123/><V103/><F103/><W106/><G106/><T13/><D13/><U46/><E108/><V52/><F25/><W8/><G83/><AGARI ba="3,1" hai="12,14,15,18,22,26,28,35,39,43,44,73,79,83" machi="83" ten="40,5200,0" yaku="1,1,52,1,53,1" doraHai="72" doraHaiUra="40" who="0" fromWho="3" sc="287,71,390,0,120,0,193,-61" /><INIT seed="6,0,0,1,2,65" ten="358,390,120,132" oya="2" hai0="4,26,135,93,29,17,5,78,40,7,70,36,104" hai1="121,123,32,9,134,63,31,80,38,52,59,25,117" hai2="96,11,77,34,55,129,71,112,75,28,22,107,30" hai3="127,24,106,33,48,91,3,72,79,95,98,87,54"/><V13/><F129/><W10/><G127/><T126/><D104/><U113/><E117/><V62/><F112/><W119/><G119/><T86/><D126/><U128/><E113/><V42/><F42/><W118/><G118/><T73/><D17/><U111/><E111/><V14/><F77/><W94/><G3/><T99/><D73/><U83/><E38/><V103/><F75/><W56/><G10/><T68/><D135/><U115/><E115/><V18/><F34/><W43/><G43/><T105/><D105/><U102/><E134/><V89/><F89/><W41/><G41/><T130/><D130/><U1/><E102/><V2/><F2/><W109/><G109/><T8/><D8/><U6/><E128/><V120/><F120/><AGARI ba="0,0" hai="1,6,9,25,31,32,52,59,63,80,83,120,121,123" machi="120" ten="40,2600,0" yaku="13,1,54,1" doraHai="65" who="1" fromWho="2" sc="358,0,390,26,120,-26,132,0" /><INIT seed="7,0,0,3,2,130" ten="358,416,94,132" oya="3" hai0="45,123,104,59,110,108,91,9,69,50,21,25,73" hai1="84,42,88,36,55,135,28,102,72,71,7,27,30" hai2="38,64,97,111,18,76,49,78,66,0,47,131,29" hai3="116,19,34,114,82,127,56,44,15,70,89,75,122"/><W53/><G116/><T37/><D123/><U119/><E135/><V118/><F38/><W57/><G122/><T128/><D128/><U12/><E71/><V90/><F0/><W101/><G70/><T20/><D69/><U115/><E72/><V99/><F131/><W22/><G114/><T124/><D73/><U113/><E102/><V80/><F118/><W16/><G34/><T11/><D104/><U95/><E119/><V121/><F121/><W32/><G32/><T23/><D124/><U4/><E55/><V125/><F125/><W120/><G120/><T61/><D37/><U1/><E1/><V68/><F29/><W129/><G129/><T67/><D25/><U43/><E28/><V103/><F111/><W92/><G101/><T109/><REACH who="0" step="1"/><D91/><REACH who="0" ten="348,416,94,132" step="2"/><N who="1" m="53735" /><E27/><V65/><F68/><W31/><G75/><T134/><D134/><U86/><E88/><V100/><F90/><W94/><G89/><T26/><D26/><U106/><E36/><V133/><F133/><W3/><G127/><T41/><AGARI ba="0,1" hai="9,11,20,21,23,41,45,50,59,61,67,108,109,110" machi="41" ten="40,5200,0" yaku="1,1,0,1,53,1" doraHai="130" doraHaiUra="62" who="0" fromWho="0" sc="348,62,416,-13,94,-13,132,-26" owari="410,51.0,403,20.0,81,-42.0,106,-29.0" /></mjloggm>