<mjloggm ver="2.3"><GO type="41" lobby="0"/><UN n0="%E3%81%A8%E3%81%9F%E3%81%AE" n1="%E3%81%9B%E3%81%8D%E3%81%9B%E3%81%84%E3%81%84%E3%82%93%E3%81%93" n2="%E5%B0%B1%E6%B4%BB%E7%94%9F%40%E5%B7%9D%E6%9D%91%E8%BB%8D%E5%9B%A3" n3="%E5%A6%96%E6%80%AA%E9%A6%96%E3%81%8A%E3%81%84%E3%81%A6%E3%81%91" dan="14,13,14,14" rate="1967.25,1906.64,1950.69,1960.43" sx="M,M,M,M"/><TAIKYOKU oya="0"/><INIT seed="0,0,0,5,3,3" ten="250,250,250,250" oya="0" hai0="102,34,117,17,44,58,81,77,78,20,94,120,100" hai1="52,6,107,68,118,104,15,2,9,40,99,92,35" hai2="4,64,126,67,80,8,16,116,135,32,50,106,103" hai3="12,131,75,88,36,115,108,125,79,129,37,89,87"/><T128/><D117/><U7/><E68/><V61/><F116/><W95/><G12/><T130/><D34/><U72/><E72/><V18/><F32/><W93/><G37/><T97/><D120/><U25/><E40/><V86/><F126/><W1/><G1/><T46/><D102/><U84/><E84/><V74/><F74/><W132/><G36/><T41/><D58/><U62/><E118/><V56/><F135/><W133/><G115/><T109/><D109/><U121/><E2/><V10/><F10/><W55/><G55/><T83/><D81/><U71/><E71/><V60/><F103/><W29/><G29/><T101/><D100/><U123/><E107/><V66/><F106/><W27/><G27/><T69/><D69/><U114/><E104/><V26/><F50/><W119/><G119/><T42/><D42/><U122/><E114/><V57/><F26/><W47/><G47/><T76/><D83/><U0/><E0/><V113/><F67/><W70/><G70/><T98/><D97/><U65/><E65/><V105/><F105/><W127/><G108/><T124/><D124/><N who="3" m="47689" /><G75/><T38/><REACH who="0" step="1"/><D44/><REACH who="0" ten="240,250,250,250" step="2"/><U33/><E33/><V51/><F113/><W31/><G79/><T90/><D90/><N who="1" m="55703" /><E121/><V53/><F57/><W30/><G89/><T28/><D28/><N who="3" m="10793" /><G95/><T19/><D19/><N who="2" m="7210" /><F64/><W24/><G24/><AGARI ba="0,1" hai="17,20,24,38,41,46,76,77,78,94,98,101,128,130" machi="24" ten="40,2000,0" yaku="1,1,53,0" doraHai="3" doraHaiUra="134" who="0" fromWho="3" sc="240,30,250,0,250,0,250,-20" /><INIT seed="0,1,0,5,0,45" ten="270,250,250,230" oya="0" hai0="76,8,69,40,118,7,116,108,51,50,18,123,111" hai1="68,62,64,25,57,54,49,12,16,1,128,134,98" hai2="59,125,87,30,22,48,84,29,131,47,95,73,106" hai3="102,52,20,86,39,63,11,4,0,2,13,104,105"/><T23/><D69/><U112/><E1/><V126/><F106/><W10/><G39/><T58/><D123/><U32/><E112/><V78/><F131/><W92/><G20/><T129/><D129/><U101/><E134/><V28/><F59/><W117/><G117/><T120/><D120/><U119/><E119/><V77/><F22/><W31/><G31/><T56/><D76/><N who="2" m="29290" /><F95/><W109/><G109/><N who="0" m="42059" /><D118/><U114/><E114/><V132/><F73/><W61/><G61/><T72/><D72/><U19/><E12/><V79/><N who="2" m="29298" /><V75/><DORA hai="60" /><F75/><W26/><G26/><N who="0" m="14711" /><D40/><U65/><E65/><V110/><F110/><W44/><G0/><N who="0" m="103" /><D116/><U99/><E99/><V46/><F132/><W100/><G105/><T71/><D71/><U5/><E5/><V3/><F3/><W80/><G104/><T17/><D17/><U103/><E103/><V41/><F46/><W37/><G37/><T53/><D58/><U91/><E91/><V67/><F67/><W135/><G135/><T107/><D107/><N who="1" m="63927" /><E128/><V94/><F94/><W133/><G133/><T130/><D130/><U93/><E93/><V66/><F66/><W35/><G92/><T14/><D14/><U21/><E21/><V6/><F6/><W70/><G70/><T82/><D82/><U124/><E124/><AGARI ba="1,0" hai="28,29,30,41,47,48,84,87,124,125,126" m="29298" machi="124" ten="40,2600,0" yaku="18,1,52,1" doraHai="45,60" who="2" fromWho="1" sc="270,0,250,-29,250,29,230,0" /><INIT seed="1,0,0,4,1,80" ten="270,221,279,230" oya="1" hai0="77,105,91,63,54,55,108,84,12,123,32,6,110" hai1="10,19,75,120,16,35,52,79,50,7,100,5,23" hai2="45,102,94,99,109,129,119,78,11,103,1,106,98" hai3="126,121,41,107,128,133,127,40,57,43,124,36,66"/><U37/><E37/><V76/><F1/><W135/><G107/><T132/><D32/><U3/><E120/><V25/><F119/><W2/><G121/><T30/><D105/><U59/><E100/><V85/><F129/><W8/><G2/><T89/><D123/><U47/><E35/><V53/><F109/><N who="0" m="42090" /><D132/><N who="3" m="50761" /><G8/><N who="0" m="4119" /><D30/><U14/><E3/><V82/><F25/><W21/><G21/><T130/><D130/><U28/><E28/><V67/><F67/><W49/><G36/><T115/><D115/><U61/><E79/><N who="2" m="46303" /><F53/><N who="0" m="19978" /><D63/><U134/><E134/><V118/><F11/><W48/><G66/><T20/><D20/><N who="1" m="11287" /><E75/><V42/><F42/><W74/><G74/><T44/><D44/><U125/><E10/><V65/><F45/><W101/><G101/><T86/><D77/><N who="2" m="29802" /><F65/><W38/><G38/><T15/><D15/><N who="1" m="9727" /><E125/><V117/><AGARI ba="0,0" hai="94,98,99,102,103,106,117,118" m="29802,46303" machi="117" ten="30,4000,0" yaku="34,2,52,1" doraHai="80" who="2" fromWho="2" sc="270,-10,221,-20,279,40,230,-10" /><INIT seed="2,0,0,0,3,103" ten="260,201,319,220" oya="2" hai0="123,98,13,41,111,28,71,87,118,127,37,130,1" hai1="128,57,120,65,18,102,69,58,15,47,117,83,93" hai2="40,38,82,39,51,124,14,68,97,8,88,70,133" hai3="113,110,44,2,74,77,121,22,122,29,132,30,33"/><V25/><F124/><W5/><G110/><T0/><D13/><U63/><E117/><V10/><F133/><W42/><G132/><T4/><D28/><U6/><E6/><V43/><F25/><W56/><G56/><T23/><D4/><U26/><E128/><V94/><F82/><W52/><G52/><T48/><D23/><U72/><E47/><V64/><F10/><W95/><G95/><T129/><D48/><U55/><E26/><V60/><F70/><W99/><G99/><T3/><D41/><U62/><E69/><V67/><F67/><W24/><G113/><T36/><D98/><U45/><E45/><V112/><F112/><W104/><G30/><T116/><D87/><U53/><E120/><V135/><F135/><W35/><G22/><T92/><D92/><U49/><E72/><V81/><F81/><N who="3" m="45239" /><G35/><T46/><D46/><U11/><E83/><V91/><F91/><W34/><G34/><T32/><D3/><U134/><E134/><V76/><F76/><W31/><G31/><T16/><D16/><U125/><E125/><V17/><REACH who="2" step="1"/><F51/><REACH who="2" ten="260,201,309,220" step="2"/><W61/><G61/><T115/><D129/><U84/><E102/><V109/><F109/><W66/><G66/><T100/><D130/><U54/><E93/><V78/><F78/><W96/><G122/><T50/><D123/><U89/><E49/><V105/><F105/><W107/><G121/><T80/><D115/><U7/><E7/><V126/><F126/><W9/><G96/><T114/><D127/><U73/><E73/><V131/><F131/><W12/><G12/><T79/><D114/><RYUUKYOKU ba="0,1" sc="260,-30,201,10,309,10,220,10" hai1="11,15,18,53,54,55,57,58,62,63,65,84,89" hai2="8,14,17,38,39,40,43,60,64,68,88,94,97" hai3="2,5,9,24,29,33,42,44,104,107" /><INIT seed="2,1,1,5,1,26" ten="230,211,319,230" oya="2" hai0="91,68,119,80,51,69,100,130,63,48,90,9,112" hai1="55,103,113,86,59,23,20,40,1,46,96,25,120" hai2="44,39,82,73,31,121,79,75,104,52,21,66,64" hai3="8,60,53,83,50,37,17,106,122,57,29,132,30"/><V11/><F121/><W116/><G37/><T32/><D112/><U24/><E1/><V124/><F104/><W88/><G122/><T127/><D119/><U105/><E113/><V74/><F124/><W89/><G106/><T110/><D127/><U107/><E86/><V87/><F11/><W94/><G116/><T97/><D130/><U18/><E107/><V33/><F33/><W14/><G132/><T128/><D128/><U12/><E23/><V95/><F95/><W131/><G131/><T67/><D69/><U129/><E129/><V3/><F3/><W15/><G15/><T38/><D38/><U99/><E96/><V49/><REACH who="2" step="1"/><F39/><REACH who="2" ten="230,211,309,230" step="2"/><W5/><G5/><T10/><D32/><U125/><E125/><V22/><F22/><W111/><G111/><T56/><D110/><U102/><E120/><V4/><F4/><W34/><G34/><T109/><D109/><U19/><E105/><V27/><AGARI ba="1,2" hai="21,27,31,44,49,52,64,66,73,74,75,79,82,87" machi="27" ten="40,12000,1" yaku="1,1,0,1,52,1,54,1,53,1" doraHai="26" doraHaiUra="41" who="2" fromWho="2" sc="230,-41,211,-41,309,143,230,-41" /><INIT seed="2,2,0,1,0,68" ten="189,170,452,189" oya="2" hai0="112,53,37,127,25,49,50,18,64,10,120,13,62" hai1="8,101,116,52,124,28,114,70,123,115,14,125,9" hai2="113,45,80,75,43,15,104,90,102,23,4,38,26" hai3="81,66,131,83,30,54,73,20,6,108,2,33,105"/><V82/><F113/><W32/><G105/><T16/><D112/><U47/><E116/><V129/><F129/><W60/><G131/><T118/><D120/><U71/><E28/><V29/><F75/><W117/><G117/><T12/><D127/><N who="1" m="48715" /><E101/><V121/><F121/><W84/><G108/><T119/><D25/><U130/><E130/><V34/><F34/><W31/><G54/><T7/><D7/><U103/><E103/><V91/><F104/><W44/><G44/><T36/><D53/><U35/><E35/><V92/><F92/><W24/><G73/><T69/><D50/><N who="1" m="28767" /><E123/><V59/><F59/><W67/><G20/><T93/><D49/><U56/><E8/><V107/><F107/><W97/><G97/><T65/><D10/><U122/><E122/><V19/><F102/><W100/><G100/><T40/><D69/><N who="1" m="26123" /><E56/><V74/><F4/><AGARI ba="2,0" hai="4,9,14,114,115" m="26123,28767,48715" machi="4" ten="30,2000,0" yaku="18,1,54,1" doraHai="68" who="1" fromWho="2" sc="189,0,170,26,452,-26,189,0" /><INIT seed="3,0,0,2,3,73" ten="189,196,426,189" oya="3" hai0="5,53,82,15,85,102,20,83,38,98,88,78,71" hai1="95,28,81,130,90,76,65,134,66,115,59,121,84" hai2="41,37,42,111,50,133,92,16,27,43,32,113,97" hai3="135,30,57,29,31,54,51,60,75,24,87,128,116"/><W122/><G75/><T39/><D71/><U131/><E115/><V125/><F113/><W8/><G116/><T107/><D53/><U23/><E121/><V106/><F106/><W1/><G122/><T34/><D34/><U56/><E23/><V72/><F72/><W11/><G128/><N who="1" m="49194" /><E28/><V46/><F37/><W52/><G135/><T4/><D5/><U117/><E117/><V124/><F111/><W91/><G24/><T114/><D114/><U9/><E9/><N who="3" m="3658" /><G1/><T96/><D96/><N who="1" m="57463" /><E134/><V112/><F112/><W61/><G54/><T7/><D7/><U3/><E3/><V99/><F133/><W132/><G132/><T6/><D6/><U80/><E80/><AGARI ba="0,0" hai="29,30,31,51,52,57,60,61,80,87,91" m="3658" machi="80" ten="30,2900,0" yaku="8,1,54,1" doraHai="73" who="3" fromWho="1" sc="189,0,196,-29,426,0,189,29" /><INIT seed="3,1,0,1,3,77" ten="189,167,426,218" oya="3" hai0="12,132,84,4,67,27,52,54,99,126,102,61,104" hai1="49,11,109,16,5,7,80,28,55,29,33,81,45" hai2="79,114,121,57,42,94,108,75,23,96,18,124,26" hai3="98,93,13,21,106,69,1,72,83,20,95,92,133"/><W90/><G1/><T59/><D126/><U34/><E34/><V89/><F89/><W76/><G69/><T31/><D132/><U118/><E118/><V71/><F71/><W51/><G133/><T68/><D84/><U46/><E109/><V47/><F47/><W15/><G51/><T60/><D4/><N who="1" m="1611" /><E45/><V88/><F88/><W117/><G117/><T9/><D9/><U129/><E129/><V103/><F103/><N who="3" m="62839" /><G20/><T19/><D19/><U3/><E3/><V127/><F127/><W8/><G21/><T101/><D12/><N who="3" m="4681" /><G8/><T87/><D102/><U100/><E100/><V65/><F65/><W0/><G0/><T122/><D87/><AGARI ba="1,0" hai="72,76,83,87,90,92,93,95" m="4681,62839" machi="87" ten="30,2900,0" yaku="24,1,52,1" doraHai="77" who="3" fromWho="0" sc="189,-32,167,0,426,0,218,32" /><INIT seed="3,2,0,1,0,108" ten="157,167,426,250" oya="3" hai0="86,62,55,48,93,91,68,57,21,9,133,92,109" hai1="66,41,54,61,84,85,36,37,87,88,126,121,117" hai2="83,76,7,52,60,134,4,8,106,23,73,29,71" hai3="64,128,22,95,125,12,110,97,19,132,43,80,44"/><W70/><G110/><T114/><D109/><U79/><E121/><V42/><F106/><W103/><G125/><T46/><D133/><U124/><E41/><V18/><F42/><W99/><G132/><T47/><D68/><U49/><E37/><V53/><F134/><W113/><G128/><T67/><D114/><U78/><E36/><V1/><F29/><W26/><G80/><T45/><D21/><U28/><E28/><V96/><F7/><W59/><G70/><T10/><REACH who="0" step="1"/><D93/><REACH who="0" ten="147,167,426,250" step="2"/><N who="1" m="54407" /><E126/><V100/><F71/><W107/><G113/><T81/><D81/><U39/><E124/><V32/><F32/><W20/><G20/><T122/><D122/><U24/><E117/><V63/><F23/><W90/><G59/><T105/><D105/><U75/><E75/><V77/><F83/><W33/><G33/><T65/><D65/><U40/><E66/><V30/><F73/><W111/><G64/><T34/><D34/><U118/><E118/><V0/><F30/><W89/><G111/><T17/><D17/><U51/><E39/><V127/><F18/><W38/><G26/><T102/><D102/><AGARI ba="2,1" hai="12,19,22,38,43,44,89,90,95,97,99,102,103,107" machi="102" ten="30,1500,0" yaku="7,1" doraHai="108" who="3" fromWho="0" sc="147,-21,167,0,426,0,250,31" /><INIT seed="3,3,0,5,1,130" ten="126,167,426,281" oya="3" hai0="41,118,121,65,58,28,40,126,79,53,30,91,110" hai1="37,111,7,4,80,6,11,19,32,123,10,135,73" hai2="95,56,23,87,31,0,43,124,98,133,81,15,106" hai3="47,42,26,52,49,101,75,2,96,88,82,99,134"/><W13/><G2/><T61/><D118/><U3/><E37/><V76/><F106/><W50/><G75/><T89/><D110/><U104/><E104/><V119/><F0/><W1/><G1/><T92/><D126/><U97/><E97/><N who="3" m="37450" /><G134/><T132/><D132/><U83/><E111/><V46/><F133/><W64/><G64/><T113/><D121/><U74/><E83/><V34/><F119/><W8/><G26/><T54/><D113/><U102/><E80/><V107/><F124/><W103/><G88/><N who="0" m="33867" /><D92/><U69/><E102/><V59/><F107/><W84/><G84/><T60/><D79/><U66/><E66/><V55/><F34/><W128/><G82/><T85/><D85/><U38/><E38/><V116/><F116/><W16/><G128/><T129/><D129/><U120/><E69/><V63/><F95/><W33/><G33/><T70/><D70/><U108/><E108/><V71/><F98/><W9/><G9/><N who="1" m="3082" /><E74/><V17/><F71/><W131/><G131/><T39/><D39/><U122/><E73/><V94/><F94/><W86/><G86/><T109/><D109/><U35/><E135/><V57/><F31/><N who="0" m="11818" /><D61/><U51/><E51/><AGARI ba="3,0" hai="15,17,23,43,46,51,55,56,57,59,63,76,81,87" machi="51" ten="30,2000,0" yaku="7,1,8,1" doraHai="130" who="2" fromWho="1" sc="126,0,167,-29,426,29,281,0" /><INIT seed="4,0,0,1,4,79" ten="126,138,455,281" oya="0" hai0="27,32,133,116,66,0,120,119,41,86,4,14,97" hai1="99,39,62,90,60,51,63,19,96,15,50,69,89" hai2="36,101,127,58,135,48,83,22,29,94,98,8,45" hai3="70,81,80,112,43,52,25,44,68,75,126,71,85"/><T3/><D120/><U13/><E39/><V47/><F127/><W107/><G126/><T31/><D133/><U131/><E69/><V21/><F135/><W57/><G107/><T74/><D74/><U54/><E131/><V64/><F36/><W46/><G112/><T37/><D97/><N who="1" m="37451" /><E54/><V111/><F111/><W65/><G65/><T55/><D66/><U95/><E95/><V34/><F34/><W91/><G25/><T17/><D55/><U88/><E19/><V130/><F130/><W128/><G128/><T5/><D86/><U117/><E117/><N who="0" m="45129" /><D41/><U40/><E40/><V49/><F8/><W87/><G75/><T134/><D37/><U106/><E106/><V121/><F121/><W109/><G109/><T104/><D104/><U2/><E2/><N who="0" m="553" /><D134/><U10/><E10/><AGARI ba="0,0" hai="4,5,10,14,17,27,31,32" m="553,45129" machi="10" ten="30,2900,0" yaku="34,2" doraHai="79" who="0" fromWho="1" sc="126,29,138,-29,455,0,281,0" /><INIT seed="4,1,0,3,5,97" ten="155,109,455,281" oya="0" hai0="79,42,15,48,113,43,117,92,52,87,10,93,60" hai1="134,70,84,89,111,34,119,18,2,73,62,49,57" hai2="28,39,108,16,66,51,68,71,19,120,110,102,124" hai3="20,100,127,130,22,76,65,81,64,46,101,54,9"/><T13/><D113/><U123/><E119/><V4/><F39/><W38/><G38/><T106/><D106/><U95/><E111/><V37/><F37/><W96/><G130/><T103/><D117/><U85/><E123/><V24/><F120/><W25/><G127/><T91/><D79/><U90/><E73/><V98/><F124/><W69/><G69/><T114/><D114/><U50/><E70/><V122/><F4/><W72/><G9/><T36/><D36/><U5/><E34/><N who="2" m="20743" /><F98/><W105/><G100/><T27/><D60/><U35/><E134/><V0/><F71/><W83/><G81/><T3/><D3/><U86/><E35/><V47/><F51/><W29/><G22/><T26/><D15/><U55/><E18/><V6/><F102/><W32/><G46/><N who="0" m="27671" /><D26/><U44/><E5/><V75/><F66/><W41/><G41/><T132/><D27/><U56/><E2/><V59/><F59/><N who="1" m="22601" /><E62/><V135/><F47/><W1/><G54/><T129/><D132/><U128/><E50/><V61/><F75/><W121/><G1/><T99/><D129/><U104/><E104/><V116/><F61/><W11/><G11/><T78/><D78/><U33/><E33/><V115/><F68/><W80/><G121/><T77/><D77/><U107/><E107/><V133/><F115/><W88/><G32/><T82/><D82/><N who="1" m="49303" /><E128/><V30/><F122/><W7/><G7/><AGARI ba="1,0" hai="7,10,13,42,43,87,91,92,93,99,103" m="27671" machi="7" ten="30,5800,0" yaku="8,1,52,1,54,1" doraHai="97" who="0" fromWho="3" sc="155,61,109,0,455,0,281,-61" /><INIT seed="4,2,0,0,2,41" ten="216,109,455,220" oya="0" hai0="17,121,45,102,82,130,26,33,79,48,40,2,126" hai1="20,100,32,104,93,119,27,66,61,65,5,110,84" hai2="68,46,34,7,101,113,56,107,29,22,70,123,10" hai3="16,19,71,11,14,88,132,6,74,3,131,133,128"/><T99/><D121/><U135/><E119/><V38/><F56/><W86/><G71/><T115/><D130/><N who="3" m="49705" /><G74/><T62/><D126/><U89/><E110/><V28/><F22/><W111/><G111/><T37/><D115/><U63/><E32/><V50/><F28/><W96/><G96/><T75/><D2/><U98/><E5/><V60/><F50/><W112/><G112/><T15/><D62/><U122/><E122/><V24/><F123/><W0/><G86/><T47/><D26/><U114/><E135/><N who="3" m="51786" /><G88/><T1/><D33/><U91/><E91/><V58/><F58/><W106/><G106/><T23/><D1/><AGARI ba="2,0" hai="0,1,3,6,11,14,16,19" m="51786,49705" machi="1" ten="40,8000,1" yaku="19,1,20,1,34,2,54,1" doraHai="41" who="3" fromWho="0" sc="216,-86,109,0,455,0,220,86" /><INIT seed="5,0,0,3,0,63" ten="130,109,455,306" oya="1" hai0="115,119,55,101,1,79,11,118,45,56,107,10,48" hai1="131,83,122,108,66,75,103,71,49,132,99,72,39" hai2="93,27,36,128,44,112,126,114,96,82,18,91,29" hai3="31,25,98,38,47,19,51,24,111,35,110,23,53"/><U135/><E122/><V6/><F128/><W30/><G38/><T57/><D115/><N who="2" m="44074" /><F126/><W59/><G19/><T81/><D11/><U97/><E39/><V3/><F18/><W85/><G85/><T125/><D125/><U77/><E131/><V65/><F65/><W16/><G31/><T69/><D69/><U28/><E28/><V50/><F36/><W14/><G25/><T133/><D133/><N who="1" m="51275" /><E49/><V64/><F64/><W2/><G98/><N who="1" m="37386" /><E103/><V15/><F82/><W100/><G100/><T76/><D101/><U94/><E94/><V5/><F15/><W121/><G121/><T88/><D107/><U102/><E102/><V95/><F95/><W87/><G87/><N who="0" m="50287" /><D119/><U8/><E8/><V34/><F3/><W12/><G14/><T61/><D118/><U58/><E71/><V86/><F96/><W20/><G20/><T127/><D127/><U74/><E108/><V60/><F60/><AGARI ba="0,0" hai="58,60,66,72,74,75,77,83" m="37386,51275" machi="60" ten="30,2900,0" yaku="20,1,52,1" doraHai="63" who="1" fromWho="2" sc="130,0,109,29,455,-29,306,0" /><INIT seed="5,1,0,1,0,49" ten="130,138,426,306" oya="1" hai0="130,114,68,106,67,8,52,121,95,131,24,112,116" hai1="125,105,54,102,108,1,134,11,100,69,31,30,14" hai2="46,104,18,62,64,90,83,111,35,4,98,10,19" hai3="61,97,79,28,86,44,16,17,88,32,129,85,9"/><U3/><E69/><V101/><F111/><W25/><G129/><N who="0" m="49163" /><D106/><U126/><E134/><V94/><F35/><W26/><G97/><T118/><D95/><U70/><E70/><V93/><F46/><W92/><G25/><T78/><D78/><U29/><E108/><V123/><F83/><W43/><G61/><N who="0" m="40047" /><D121/><U87/><E87/><V56/><F123/><W27/><G27/><T135/><D8/><U99/><E102/><V53/><F64/><W60/><G60/><T124/><D24/><U73/><E73/><V82/><F82/><W50/><G79/><T0/><D0/><U109/><E109/><V57/><F57/><W42/><G85/><T81/><D81/><U110/><E110/><V107/><F107/><W128/><G128/><T77/><D77/><U40/><E40/><V36/><F36/><W71/><G71/><T133/><D124/><N who="1" m="47723" /><E54/><V48/><F104/><W65/><G65/><T12/><D12/><U119/><E119/><N who="0" m="45609" /><D52/><U58/><E58/><V115/><F94/><W6/><REACH who="3" step="1"/><G42/><REACH who="3" ten="130,138,426,296" step="2"/><T55/><D55/><U63/><E63/><N who="2" m="36239" /><F98/><W22/><G22/><T20/><D20/><U89/><E89/><V72/><F62/><W39/><G39/><T59/><D59/><U96/><E96/><V122/><F90/><W13/><AGARI ba="1,1" hai="6,9,13,16,17,26,28,32,43,44,50,86,88,92" machi="13" ten="20,12000,2" yaku="1,1,0,1,7,1,54,2,53,1" doraHai="49" doraHaiUra="47" who="3" fromWho="3" sc="130,-31,138,-61,426,-31,296,133" /><INIT seed="6,0,0,4,2,125" ten="99,77,395,429" oya="2" hai0="87,57,81,49,5,19,24,71,105,70,74,35,117" hai1="3,1,108,89,84,27,112,85,38,28,130,80,129" hai2="102,45,126,131,25,22,110,62,29,2,41,132,134" hai3="52,90,30,65,76,103,34,56,67,124,18,26,133"/><V118/><F2/><W82/><G124/><T69/><D117/><U14/><E108/><V101/><F126/><W17/><G103/><T83/><D105/><U31/><E38/><V53/><F118/><W64/><G133/><N who="2" m="51305" /><F110/><W79/><G90/><T40/><D5/><U54/><E14/><V39/><F131/><N who="1" m="50185" /><E54/><V93/><F93/><W44/><G44/><T8/><D8/><U86/><E112/><V4/><F4/><W107/><G107/><T96/><D74/><U15/><E15/><V9/><F9/><W7/><G7/><T120/><D120/><U37/><E37/><V51/><F62/><W88/><G88/><T10/><D10/><U115/><E115/><V33/><F33/><W111/><G111/><T32/><D32/><N who="1" m="20511" /><E31/><V104/><F104/><W23/><G17/><T119/><D35/><U20/><E20/><V42/><F42/><W13/><REACH who="3" step="1"/><G82/><REACH who="3" ten="99,77,395,419" step="2"/><T109/><D119/><U122/><E122/><V11/><F11/><W47/><G47/><AGARI ba="0,1" hai="22,25,29,39,41,45,47,51,53,101,102" m="51305" machi="47" ten="30,1500,0" yaku="20,1" doraHai="125" who="2" fromWho="3" sc="99,0,77,0,395,25,419,-15" /><INIT seed="6,1,0,5,4,111" ten="99,77,420,404" oya="2" hai0="19,7,70,85,15,103,6,28,93,63,21,132,127" hai1="57,53,43,128,73,71,119,23,1,17,84,95,11" hai2="116,83,123,68,87,108,44,72,12,52,80,32,131" hai3="45,69,65,0,102,133,105,5,109,86,77,29,47"/><V34/><F68/><W61/><G109/><T135/><D127/><U130/><E119/><V36/><F108/><W16/><G77/><T99/><D28/><U114/><E73/><V10/><F116/><W90/><G133/><N who="0" m="51275" /><D85/><U124/><E71/><V78/><F123/><W18/><G5/><T134/><D134/><U82/><E95/><V115/><F115/><W96/><G0/><T37/><D37/><U26/><E43/><V74/><F131/><N who="1" m="50217" /><E124/><V106/><F106/><W56/><G56/><T14/><D14/><U54/><E11/><V51/><F36/><W22/><G29/><T59/><D70/><U9/><E9/><V13/><F13/><W46/><REACH who="3" step="1"/><G22/><REACH who="3" ten="99,77,420,394" step="2"/><T58/><D58/><U125/><E125/><V39/><F39/><W60/><G60/><T97/><D59/><U88/><E1/><V49/><F49/><W75/><G75/><T129/><D63/><N who="1" m="36271" /><E54/><V113/><F113/><AGARI ba="1,1" hai="17,23,26,82,84,88,113,114" m="36271,50217" machi="113" ten="30,7700,0" yaku="19,1,52,2,54,1" doraHai="111" who="1" fromWho="2" sc="99,0,77,90,420,-80,394,0" /><INIT seed="7,0,0,4,4,14" ten="99,167,340,394" oya="3" hai0="30,35,124,16,53,20,11,37,47,42,81,70,10" hai1="54,45,97,113,91,59,56,125,116,75,1,100,9" hai2="71,6,62,46,84,73,95,117,132,68,129,131,55" hai3="104,0,19,41,112,3,24,134,87,57,58,109,76"/><W79/><G112/><T74/><D124/><U72/><E113/><V133/><F73/><W110/><G104/><T21/><D70/><N who="2" m="26666" /><F6/><W17/><G134/><N who="2" m="51817" /><F95/><W85/><G24/><T64/><D64/><U63/><E91/><V83/><F84/><W111/><G111/><T12/><D35/><U39/><E125/><V44/><F83/><W88/><G88/><T38/><D38/><U65/><E9/><V50/><F117/><W126/><G41/><T120/><D120/><U25/><E1/><V89/><F89/><W2/><G2/><T98/><D98/><U119/><E25/><V18/><F18/><W43/><G43/><T121/><D121/><U67/><E97/><V52/><F62/><W49/><G49/><AGARI ba="0,0" hai="44,46,49,50,52,55,129,131" m="51817,26666" machi="49" ten="40,8000,1" yaku="20,1,34,2,54,1" doraHai="14" who="2" fromWho="3" sc="99,0,167,0,340,80,394,-80" owari="99,-40.0,167,-23.0,420,52.0,314,11.0" /></mjloggm>