<mjloggm ver="2.3"><GO type="169" lobby="0"/><UN n0="%EF%BC%88%E2%88%AA%EF%BC%BE%CF%89%EF%BC%BE%29%E2%98%86" n1="%E9%BE%8D%E9%96%80%E6%B8%95%E9%80%8F%E8%8A%B1" n2="%E3%82%A6%E3%83%AB%E3%83%88%E3%83%A9%E7%AB%8B%E7%9B%B4" n3="%4A%65%66%66" dan="16,17,17,16" rate="2104.66,2170.96,2159.70,2050.56" sx="F,M,M,F"/><TAIKYOKU oya="0"/><INIT seed="0,0,0,0,3,26" ten="250,250,250,250" oya="0" hai0="101,40,93,100,83,127,115,90,7,56,88,49,80" hai1="119,131,44,81,64,59,16,2,50,32,73,43,30" hai2="15,62,91,25,10,39,92,95,125,24,69,23,117" hai3="123,1,55,12,86,28,134,41,48,42,29,112,9"/><T35/><D115/><U6/><E119/><V14/><F39/><W63/><G112/><T126/><D35/><U20/><E131/><V87/><F125/><N who="0" m="47626" /><D7/><U36/><E2/><V106/><F106/><W133/><G1/><T52/><D40/><N who="3" m="15465" /><G123/><T84/><D80/><U89/><E6/><V61/><F117/><W128/><G63/><N who="2" m="24073" /><F69/><W27/><G27/><N who="2" m="10313" /><F23/><W19/><G86/><AGARI ba="0,0" hai="49,52,56,83,84,86,88,90,93,100,101" m="47626" machi="86" ten="30,5800,0" yaku="18,1,54,2" doraHai="26" who="0" fromWho="3" sc="250,58,250,0,250,0,250,-58" /><INIT seed="0,1,0,2,1,91" ten="308,250,250,192" oya="0" hai0="107,56,106,31,77,26,58,119,30,29,129,25,89" hai1="86,127,1,94,16,81,70,78,69,41,87,63,7" hai2="34,50,42,18,4,135,3,49,116,79,17,72,9" hai3="124,24,104,13,65,10,84,59,80,122,132,96,108"/><T57/><D119/><U21/><E127/><V101/><F135/><W2/><G124/><T92/><D77/><U97/><E41/><V125/><F125/><W110/><G132/><T68/><D68/><U93/><E1/><V22/><F34/><W37/><G122/><T118/><D129/><U45/><E7/><V54/><F116/><W105/><G37/><T131/><D131/><U5/><E5/><V112/><F112/><W90/><G24/><T12/><D12/><U28/><E28/><V8/><F101/><W113/><G113/><T117/><D117/><U109/><E109/><N who="3" m="42090" /><G2/><T76/><D76/><U38/><E45/><V73/><F42/><W20/><G20/><T23/><D118/><U52/><E38/><V66/><F79/><W0/><G0/><T62/><D62/><U15/><E87/><V102/><F22/><W14/><G96/><T74/><D74/><U71/><REACH who="1" step="1"/><E97/><REACH who="1" ten="308,240,250,192" step="2"/><V11/><F4/><N who="3" m="3271" /><G14/><T120/><D120/><U103/><E103/><V46/><F102/><W36/><G36/><T51/><D31/><U83/><E83/><V111/><F3/><W82/><G80/><T55/><D30/><U33/><E33/><V128/><F111/><W61/><AGARI ba="1,1" hai="59,61,65,82,84,90,104,105" m="3271,42090" machi="61" ten="30,1100,0" yaku="14,1" doraHai="91" who="3" fromWho="3" sc="308,-6,240,-4,250,-4,192,24" /><INIT seed="1,0,0,3,3,27" ten="302,236,246,216" oya="1" hai0="78,107,121,52,67,13,87,35,31,86,81,38,80" hai1="49,79,72,0,53,20,21,66,45,118,64,89,23" hai2="88,90,63,70,10,48,98,37,124,77,4,40,19" hai3="106,30,51,56,71,47,76,68,12,60,1,131,33"/><U17/><E118/><V134/><F37/><W113/><G1/><T123/><D38/><U74/><E0/><V95/><F124/><W5/><G113/><T110/><D107/><U119/><E119/><V116/><F116/><W128/><G106/><T25/><D67/><U104/><E104/><V101/><F134/><W108/><G76/><T112/><D112/><U96/><E72/><V43/><F77/><W133/><G108/><T57/><D13/><U7/><E7/><V3/><F19/><W93/><G93/><T8/><D8/><U75/><E75/><V73/><F73/><W41/><G12/><T91/><REACH who="0" step="1"/><D110/><REACH who="0" ten="292,236,246,216" step="2"/><U34/><E66/><V65/><REACH who="2" step="1"/><F48/><AGARI ba="0,1" hai="25,31,35,48,52,57,78,80,81,86,87,91,121,123" machi="48" ten="40,8000,1" yaku="1,1,2,1,52,1,54,1,53,0" doraHai="27" doraHaiUra="135" who="0" fromWho="2" sc="292,90,236,0,246,-80,216,0" /><INIT seed="2,0,0,5,0,74" ten="382,236,166,216" oya="2" hai0="55,46,79,118,130,50,10,101,36,51,134,28,4" hai1="72,47,42,119,5,102,125,81,71,87,88,80,64" hai2="14,117,34,86,49,66,59,63,11,83,31,98,20" hai3="128,107,131,116,75,9,97,124,127,29,82,45,90"/><V67/><F117/><W6/><G29/><T106/><D118/><U68/><E119/><V43/><F34/><W25/><G25/><T104/><D36/><U48/><E125/><N who="3" m="48202" /><G116/><T24/><D134/><U37/><E102/><V91/><F98/><W54/><G45/><T21/><D130/><N who="3" m="49705" /><G54/><T57/><D101/><U52/><E64/><V19/><F67/><W44/><G44/><T17/><D79/><U56/><REACH who="1" step="1"/><E5/><REACH who="1" ten="382,226,166,216" step="2"/><V100/><F100/><W122/><G122/><T65/><D65/><U70/><E70/><V23/><F31/><W110/><G107/><T120/><D120/><U0/><E0/><V96/><F96/><W26/><G6/><T27/><D4/><U126/><E126/><V41/><F41/><W33/><G110/><T111/><D111/><U123/><E123/><V62/><F62/><W105/><G97/><T135/><D104/><U77/><AGARI ba="0,1" hai="37,42,47,48,52,56,68,71,72,77,80,81,87,88" machi="77" ten="30,8000,1" yaku="1,1,0,1,52,1,54,2,53,0" doraHai="74" doraHaiUra="32" who="1" fromWho="1" sc="382,-20,226,90,166,-40,216,-20" /><INIT seed="3,0,0,4,5,122" ten="362,316,126,196" oya="3" hai0="91,50,127,102,115,96,88,16,60,103,14,109,31" hai1="98,15,71,124,130,108,42,129,74,37,11,113,22" hai2="75,43,63,48,61,41,104,56,59,24,13,67,39" hai3="65,12,97,9,3,72,111,23,86,133,68,34,25"/><W112/><G72/><T4/><D4/><U106/><E74/><V62/><F13/><W78/><G112/><T49/><D127/><U107/><E113/><V33/><F24/><W121/><G121/><T132/><D132/><U93/><E71/><N who="2" m="42479" /><F33/><W46/><G133/><T70/><D31/><U21/><E108/><V27/><F27/><W64/><G111/><T53/><D109/><U94/><E124/><V95/><F95/><N who="1" m="36361" /><E98/><V120/><F104/><N who="1" m="39977" /><E42/><N who="2" m="15883" /><F75/><W36/><G68/><T119/><D115/><U58/><E37/><V8/><F8/><W123/><G97/><T38/><D38/><U84/><E84/><V29/><F29/><W114/><G114/><T52/><D70/><U5/><E58/><N who="2" m="22059" /><F120/><W66/><G123/><T81/><D96/><U73/><E73/><V57/><F39/><W83/><G34/><T89/><D14/><U6/><E6/><V90/><F90/><W134/><G3/><T10/><D10/><U18/><E5/><V79/><F79/><W0/><G0/><T69/><D69/><U110/><E110/><V44/><N who="2" m="22067" /><V128/><DORA hai="125" /><F128/><AGARI ba="0,0" hai="11,15,18,21,22,128,129,130" m="39977,36361" machi="128" ten="30,7700,0" yaku="19,1,52,3" doraHai="122,125" who="1" fromWho="2" sc="362,0,316,77,126,-77,196,0" /><INIT seed="4,0,0,5,4,25" ten="362,393,49,196" oya="0" hai0="114,86,49,111,29,34,124,52,96,94,41,62,131" hai1="12,116,88,108,74,45,109,22,50,118,120,39,82" hai2="115,70,6,130,125,47,132,37,21,66,103,83,65" hai3="30,35,129,60,134,33,121,9,1,87,43,97,0"/><T91/><D114/><U56/><E39/><V3/><F125/><W128/><G43/><T17/><D124/><U2/><E2/><N who="3" m="1130" /><G97/><T89/><D131/><N who="3" m="50249" /><G60/><T20/><D111/><U112/><E120/><V18/><F130/><W92/><G121/><T57/><D34/><U15/><E118/><V46/><F132/><W36/><G36/><T110/><D110/><U58/><E116/><V100/><F115/><W101/><G87/><T64/><D41/><U68/><E68/><V104/><F3/><W80/><G80/><N who="0" m="49351" /><D17/><U51/><E112/><V107/><F6/><W4/><G92/><T7/><D7/><U44/><E74/><V19/><F37/><W76/><G101/><T113/><D113/><U127/><E82/><V31/><F83/><W14/><G76/><T32/><D32/><N who="3" m="12361" /><G134/><T99/><D99/><U67/><E127/><V135/><F135/><W122/><G122/><T126/><D126/><U79/><E79/><V63/><F63/><W55/><G55/><T10/><D64/><U119/><E67/><V48/><F48/><W42/><G42/><T73/><D73/><U106/><E119/><V98/><F98/><W102/><G102/><T23/><D62/><U11/><E106/><V95/><F95/><W28/><AGARI ba="0,0" hai="4,9,14,28,30" m="12361,50249,1130" machi="28" ten="40,8000,1" yaku="19,1,34,2,52,2" doraHai="25" who="3" fromWho="3" sc="362,-40,393,-20,49,-20,196,80" /><INIT seed="5,0,0,1,5,53" ten="322,373,29,276" oya="1" hai0="36,25,4,134,80,93,126,16,87,101,59,119,86" hai1="17,109,105,30,34,35,76,92,1,85,3,33,14" hai2="63,10,21,46,95,74,23,47,100,26,71,40,69" hai3="57,107,22,58,115,24,44,112,98,128,129,130,48"/><U49/><E105/><V67/><F74/><W106/><G98/><N who="0" m="59599" /><D36/><U8/><E109/><V72/><F72/><W28/><G106/><T11/><D119/><U12/><E49/><V97/><F10/><W113/><G107/><T15/><D134/><U61/><E61/><V102/><F102/><W135/><G135/><T37/><D37/><U77/><E92/><V6/><F6/><W82/><G82/><T54/><D126/><U45/><E45/><V122/><F122/><W27/><G27/><T116/><D116/><U39/><E85/><V13/><F13/><W124/><G124/><T38/><D38/><U120/><E77/><V83/><F83/><W9/><G9/><T56/><D54/><AGARI ba="0,0" hai="22,24,28,44,48,54,57,58,112,113,115,128,129,130" machi="54" ten="50,8000,1" yaku="15,1,19,1,52,2" doraHai="53" who="3" fromWho="0" sc="322,-80,373,0,29,0,276,80" /><INIT seed="6,0,0,2,1,77" ten="242,373,29,356" oya="2" hai0="15,131,93,108,42,24,1,102,70,106,79,124,85" hai1="110,48,31,52,58,130,122,128,44,34,107,92,129" hai2="64,125,112,16,95,4,59,94,90,113,26,66,56" hai3="100,133,62,29,28,103,36,41,6,121,9,135,73"/><V120/><F4/><W84/><G73/><T88/><D1/><U60/><E110/><V91/><F125/><W19/><G121/><T12/><D70/><U57/><E107/><V33/><F26/><W86/><G36/><T126/><D108/><U105/><E105/><V111/><F111/><W78/><G41/><T118/><D131/><U99/><E122/><V119/><F120/><W89/><G19/><T65/><D65/><U0/><E0/><V83/><F33/><W13/><G62/><T18/><D42/><U72/><E72/><V109/><F109/><W98/><G78/><T123/><D123/><U30/><E34/><V67/><F16/><N who="3" m="8239" /><G86/><T37/><D37/><U69/><E69/><V20/><F20/><W10/><G98/><N who="0" m="61783" /><D118/><U40/><REACH who="1" step="1"/><E58/><REACH who="1" ten="242,363,29,356" step="2"/><N who="2" m="22059" /><F119/><W32/><G32/><T134/><D124/><U46/><E46/><V74/><F74/><W101/><G133/><T80/><D134/><U45/><E45/><V38/><F38/><W17/><G135/><T54/><D126/><U50/><E50/><V8/><F8/><W2/><G2/><T75/><D54/><U14/><E14/><V11/><F11/><W104/><G104/><T127/><D127/><U39/><E39/><V116/><F116/><W53/><G6/><T96/><D15/><U97/><E97/><V43/><F43/><W76/><G10/><N who="0" m="6423" /><D96/><U27/><E27/><AGARI ba="0,1" hai="24,27,75,79,80,85,88,93" m="6423,61783" machi="27" ten="30,3900,0" yaku="24,1,52,1,54,1" doraHai="77" who="0" fromWho="1" sc="242,49,363,-39,29,0,356,0" /><INIT seed="7,0,0,4,2,18" ten="291,324,29,356" oya="3" hai0="66,98,30,106,116,83,61,20,14,68,101,48,35" hai1="76,108,94,23,19,60,99,97,45,16,9,0,118" hai2="28,7,105,2,32,70,100,69,80,123,119,52,75" hai3="34,110,13,8,133,74,31,62,113,121,41,17,65"/><W10/><G121/><T29/><D116/><U109/><E118/><V73/><F52/><W77/><G74/><T55/><D83/><U24/><E76/><V21/><F80/><W81/><G41/><T44/><REACH who="0" step="1"/><D35/><REACH who="0" ten="281,324,29,356" step="2"/><U4/><E109/><V132/><F28/><W128/><G110/><T54/><D54/><U50/><E108/><V95/><F95/><W15/><G34/><T63/><D63/><U135/><E135/><V114/><F32/><W56/><G62/><T117/><D117/><U125/><E125/><V25/><F119/><W85/><G133/><T91/><D91/><U127/><E127/><V43/><F132/><W57/><G81/><T3/><D3/><U64/><E94/><V67/><F2/><W33/><G33/><T122/><D122/><U39/><E39/><V82/><F123/><W87/><G77/><T78/><D78/><U90/><E90/><V84/><F82/><W120/><G120/><T53/><D53/><U36/><E36/><V89/><F67/><W46/><G65/><T58/><D58/><U131/><E131/><V124/><F124/><W130/><G56/><T107/><D107/><U5/><E0/><V12/><F43/><W104/><G57/><T38/><D38/><U93/><E93/><V42/><F42/><W103/><G104/><T71/><D71/><U111/><E111/><V72/><F21/><W1/><G128/><T59/><D59/><U126/><E126/><V92/><F25/><W37/><G130/><T40/><D40/><N who="1" m="24871" /><E60/><V134/><F12/><W6/><G15/><T96/><D96/><N who="1" m="36939" /><E64/><V88/><F114/><RYUUKYOKU ba="0,1" sc="281,15,324,15,29,-15,356,-15" hai0="14,20,29,30,44,48,55,61,66,68,98,101,106" hai1="4,5,9,16,19,23,24" owari="296,-10.0,339,14.0,14,-49.0,351,45.0" /></mjloggm>