<mjloggm ver="2.3"><GO type="169" lobby="0"/><UN n0="%E3%82%A6%E3%83%AB%E3%83%88%E3%83%A9%E7%AB%8B%E7%9B%B4" n1="%E3%81%86%E3%81%83%E3%83%BC%E3%81%A1%E3%82%83%E3%82%93" n2="%E2%96%A0%E3%82%B9%E3%83%A1%E3%83%A9%E3%82%AE%E2%96%A0" n3="%E3%81%A4%E3%81%A3%E3%81%8D%EF%BD%9E%32%6E%64" dan="17,18,16,16" rate="2203.43,2151.08,2100.69,2128.79" sx="M,M,M,M"/><TAIKYOKU oya="0"/><INIT seed="0,0,0,0,4,56" ten="250,250,250,250" oya="0" hai0="41,40,84,130,86,63,133,92,20,109,24,21,89" hai1="74,43,5,11,30,90,36,66,121,2,85,81,122" hai2="65,116,53,76,34,13,106,9,96,7,61,6,83" hai3="25,132,128,16,15,79,105,110,57,10,51,14,112"/><T4/><D130/><U27/><E66/><V58/><F34/><W114/><G110/><T131/><D131/><U101/><E101/><V87/><F116/><W22/><G128/><T123/><D123/><U45/><REACH who="1" step="1"/><E74/><REACH who="1" ten="250,240,250,250" step="2"/><V52/><REACH who="2" step="1"/><F6/><REACH who="2" ten="250,240,240,250" step="2"/><W108/><G114/><T60/><D4/><U115/><E115/><V29/><F29/><W39/><G112/><T42/><D109/><U91/><E91/><V107/><F107/><W47/><G105/><T55/><D133/><U95/><E95/><V77/><F77/><W68/><G79/><T33/><D33/><AGARI ba="0,2" hai="2,5,11,27,30,33,36,43,45,81,85,90,121,122" machi="33" ten="30,3900,0" yaku="1,1,7,1,53,1" doraHai="56" doraHaiUra="78" who="1" fromWho="0" sc="250,-39,240,59,240,0,250,0" /><INIT seed="1,0,0,3,3,130" ten="211,299,240,250" oya="1" hai0="89,105,10,39,110,6,47,65,46,44,19,2,106" hai1="71,15,113,54,35,32,81,123,98,58,21,122,108" hai2="50,4,63,92,93,112,30,57,96,72,88,8,62" hai3="104,56,134,5,24,131,34,82,45,16,3,31,78"/><U115/><E71/><V33/><F112/><W53/><G131/><T22/><D110/><U102/><E108/><V23/><F33/><W79/><G104/><T48/><D39/><U27/><E115/><V0/><F72/><W107/><G107/><T40/><D65/><U95/><E113/><V120/><F120/><W26/><G45/><T109/><D109/><U100/><E100/><V99/><F50/><W61/><G134/><T83/><D46/><U127/><E127/><V76/><F76/><W90/><G90/><T25/><D47/><U49/><E35/><V60/><F23/><W77/><G3/><T29/><D83/><U117/><E117/><V70/><F30/><W20/><REACH who="3" step="1"/><G5/><REACH who="3" ten="211,299,240,240" step="2"/><T28/><D89/><U119/><E119/><V129/><F129/><W37/><G37/><T128/><D128/><U114/><E114/><V133/><F133/><W1/><G1/><T125/><D125/><U85/><E123/><V87/><F70/><W135/><G135/><T126/><D126/><U17/><E122/><V80/><REACH who="2" step="1"/><F57/><REACH who="2" ten="211,299,230,240" step="2"/><W7/><G7/><T42/><D42/><U111/><E111/><V38/><F38/><W97/><G97/><AGARI ba="0,2" hai="0,4,8,60,62,63,80,87,88,92,93,96,97,99" machi="97" ten="40,2600,0" yaku="1,1,54,1,53,0" doraHai="130" doraHaiUra="41" who="2" fromWho="3" sc="211,0,299,0,230,46,240,-26" /><INIT seed="2,0,0,2,4,107" ten="211,299,276,214" oya="2" hai0="26,94,28,56,74,105,87,37,42,22,103,73,98" hai1="70,61,120,53,110,4,76,40,0,51,127,122,43" hai2="71,45,64,88,124,15,128,49,92,101,80,99,54" hai3="95,14,65,91,113,55,100,78,11,41,30,18,29"/><V57/><F124/><W75/><G113/><T97/><D87/><U90/><E90/><V117/><F128/><W85/><G65/><T25/><D37/><U77/><E127/><V16/><F117/><W116/><G116/><T72/><D42/><U108/><E4/><V31/><F31/><W52/><G41/><N who="1" m="15946" /><E0/><V9/><F71/><W126/><G126/><T83/><D56/><N who="1" m="32831" /><E77/><V58/><F64/><W1/><G100/><T34/><D83/><U81/><E70/><V20/><F20/><W119/><G119/><T48/><D48/><U50/><E61/><V69/><F69/><W36/><G36/><T93/><REACH who="0" step="1"/><D98/><REACH who="0" ten="201,299,276,214" step="2"/><U7/><E50/><V125/><F125/><W112/><G112/><T10/><D10/><U44/><E81/><V66/><F66/><W121/><G11/><T67/><D67/><U12/><E44/><V60/><F60/><W21/><G85/><AGARI ba="0,1" hai="9,15,16,45,49,54,57,58,80,85,88,92,99,101" machi="85" ten="40,12000,1" yaku="25,2,8,1,54,2" doraHai="107" who="2" fromWho="3" sc="201,0,299,0,276,130,214,-120" /><INIT seed="2,1,0,3,5,121" ten="201,299,406,94" oya="2" hai0="75,16,15,104,0,1,109,88,56,112,107,98,84" hai1="93,11,64,85,110,116,100,87,53,70,2,50,46" hai2="96,111,19,37,13,135,66,119,43,72,102,117,118" hai3="95,77,114,78,55,128,101,35,31,14,36,61,91"/><V108/><F72/><W124/><G128/><T23/><D112/><U42/><E116/><V130/><F66/><W71/><G114/><T38/><D38/><U94/><E2/><V52/><F130/><W65/><G124/><T40/><D40/><U18/><E70/><V67/><F67/><W24/><G36/><T49/><D75/><U32/><E32/><V133/><F43/><W44/><G101/><T54/><D109/><N who="2" m="42058" /><F37/><W92/><G92/><N who="0" m="54279" /><D98/><U51/><E42/><V20/><F52/><W28/><G28/><T134/><D134/><N who="2" m="51210" /><F119/><W12/><G55/><T97/><D97/><U89/><E53/><V125/><F125/><W30/><G65/><T17/><D17/><U127/><E18/><V63/><F63/><W120/><G61/><T69/><D69/><U74/><E64/><V105/><AGARI ba="1,0" hai="13,19,20,96,102,105,117,118" m="51210,42058" machi="105" ten="30,18000,2" yaku="14,1,10,1,20,1,52,3" doraHai="121" who="2" fromWho="2" sc="201,-61,299,-61,406,183,94,-61" /><INIT seed="2,2,0,2,0,37" ten="140,238,589,33" oya="2" hai0="44,25,105,74,114,65,115,109,92,56,15,72,38" hai1="24,135,58,3,128,48,22,113,89,19,67,98,54" hai2="28,79,21,117,133,90,46,7,107,94,129,111,130" hai3="124,13,134,61,23,16,104,75,84,60,47,103,81"/><V108/><F107/><W26/><G75/><T35/><D105/><U97/><E3/><V73/><F117/><W101/><G134/><T83/><D109/><N who="2" m="42058" /><F7/><W1/><G1/><T33/><D92/><U10/><E128/><N who="2" m="49259" /><F133/><W77/><G124/><T32/><D74/><U0/><E0/><V4/><F4/><W30/><G47/><T40/><D72/><U116/><E135/><V64/><F64/><W14/><G14/><T18/><D83/><U11/><E67/><V121/><F121/><W29/><G29/><T122/><D25/><U57/><E24/><N who="2" m="16399" /><F46/><W2/><G2/><T20/><D122/><U132/><E116/><V126/><F126/><W63/><REACH who="3" step="1"/><G104/><REACH who="3" ten="140,238,589,23" step="2"/><T76/><D44/><U59/><E132/><V70/><F73/><W95/><G95/><T50/><D114/><U5/><E113/><V8/><F8/><AGARI ba="2,1" hai="8,13,16,23,26,30,60,61,63,77,81,84,101,103" machi="8" ten="40,5200,0" yaku="1,1,8,1,54,1,53,0" doraHai="37" doraHaiUra="88" who="3" fromWho="2" sc="140,0,238,0,589,-58,23,68" /><INIT seed="3,0,0,3,5,16" ten="140,238,531,91" oya="3" hai0="128,27,24,37,86,77,76,58,57,41,68,21,96" hai1="117,50,129,36,25,17,114,44,127,3,2,100,18" hai2="30,12,125,26,122,116,40,108,66,106,102,22,105" hai3="46,52,98,51,93,84,99,55,94,132,65,134,8"/><W74/><G74/><T103/><D68/><U33/><E114/><V62/><F108/><W39/><G39/><T1/><D1/><U126/><E36/><V15/><F116/><W111/><G111/><T32/><D128/><U97/><E129/><V45/><F125/><N who="1" m="47625" /><E117/><V11/><F122/><W28/><G65/><T73/><D73/><U123/><E123/><V80/><F80/><W59/><G8/><T13/><D41/><N who="1" m="24847" /><E18/><V64/><F64/><W14/><G14/><T90/><D13/><U63/><E63/><V104/><F102/><W71/><G71/><T35/><D27/><U7/><E7/><V5/><F15/><W92/><G28/><T135/><D37/><U101/><E101/><V130/><F130/><W34/><G34/><T110/><D32/><U56/><E56/><V72/><F72/><W121/><G121/><T49/><D35/><U23/><E33/><V115/><F115/><W48/><REACH who="3" step="1"/><G84/><REACH who="3" ten="140,238,531,81" step="2"/><T69/><D69/><U70/><E70/><V53/><F66/><W9/><G9/><T47/><D110/><U95/><AGARI ba="0,1" hai="2,3,17,23,25,95,97,100" m="24847,47625" machi="95" ten="30,2000,0" yaku="18,1,52,1" doraHai="16" who="1" fromWho="1" sc="140,-5,238,30,531,-5,81,-10" /><INIT seed="4,0,0,5,2,132" ten="135,268,526,71" oya="0" hai0="30,52,85,58,98,15,57,60,12,130,62,67,66" hai1="45,4,78,16,118,8,68,1,125,82,32,93,24" hai2="126,0,124,97,44,35,112,87,91,43,123,25,107" hai3="71,19,13,135,86,10,92,38,74,119,117,96,122"/><T21/><D130/><U64/><E118/><V115/><F123/><W120/><G135/><T75/><D75/><U114/><E114/><N who="2" m="43563" /><F0/><W2/><G74/><T76/><D98/><U69/><E93/><V3/><F3/><W111/><G111/><T49/><D76/><U14/><E64/><V56/><F56/><W20/><G38/><T33/><D33/><U94/><E94/><N who="2" m="54655" /><F35/><W36/><G36/><T70/><REACH who="0" step="1"/><D85/><REACH who="0" ten="125,268,526,71" step="2"/><U23/><E32/><V61/><F97/><W101/><G86/><T40/><D40/><U72/><E125/><V81/><F107/><W54/><G119/><T103/><D103/><U48/><E1/><V109/><F43/><AGARI ba="0,1" hai="4,8,14,16,23,24,43,45,48,68,69,72,78,82" machi="43" ten="30,2000,0" yaku="7,1,54,1" doraHai="132" who="1" fromWho="2" sc="125,0,268,30,526,-20,71,0" /><INIT seed="5,0,0,0,0,112" ten="125,298,506,71" oya="1" hai0="21,17,34,71,115,32,66,60,51,45,3,74,70" hai1="28,117,12,64,15,96,27,16,121,31,48,55,114" hai2="37,35,93,58,68,67,95,105,50,33,25,62,4" hai3="90,56,2,83,85,79,0,119,128,126,108,131,133"/><U135/><E114/><V7/><F105/><W39/><G108/><T80/><D3/><U129/><E121/><V72/><F72/><W84/><G39/><T89/><D70/><U47/><E129/><N who="3" m="49738" /><G133/><T29/><D29/><U107/><E135/><V54/><F37/><W23/><G126/><T123/><D123/><U1/><E1/><V118/><F118/><W61/><G23/><T106/><D106/><U41/><E117/><V130/><F130/><W77/><G77/><T9/><D115/><U94/><E107/><V109/><F109/><W88/><G79/><T110/><D110/><U52/><E64/><V13/><F35/><W100/><G100/><T46/><D46/><U24/><E15/><V132/><F132/><W44/><G44/><T86/><D74/><U87/><E87/><V99/><F93/><N who="3" m="54407" /><G119/><T10/><D10/><U57/><E31/><V75/><F75/><W8/><G8/><T65/><D9/><N who="1" m="6159" /><E28/><V14/><F25/><N who="1" m="9801" /><E57/><V69/><F69/><W19/><G19/><T22/><D17/><U18/><E18/><V40/><F33/><W82/><G82/><T73/><D73/><U38/><E38/><V43/><F13/><W113/><G113/><T116/><D116/><U120/><E120/><V5/><REACH who="2" step="1"/><F14/><REACH who="2" ten="125,298,496,71" step="2"/><W59/><G0/><T134/><D134/><U127/><E127/><V97/><F97/><W81/><G2/><T30/><D34/><U78/><E78/><V76/><F76/><W20/><G20/><N who="0" m="7787" /><D32/><U36/><E36/><V103/><AGARI ba="0,1" hai="4,5,7,40,43,50,54,58,62,67,68,95,99,103" machi="103" ten="30,4000,0" yaku="1,1,0,1,53,1" doraHai="112" doraHaiUra="49" who="2" fromWho="2" sc="125,-10,298,-20,496,50,71,-10" /><INIT seed="6,0,0,0,0,59" ten="115,278,546,61" oya="2" hai0="51,120,58,48,75,79,64,74,33,98,81,110,38" hai1="106,56,65,20,107,109,63,9,111,61,47,27,103" hai2="21,116,113,73,2,19,0,84,115,119,52,4,37" hai3="89,17,83,57,80,66,7,133,100,49,25,60,77"/><V99/><F73/><W15/><G133/><T94/><D38/><U70/><E106/><V71/><F37/><W8/><G100/><T134/><D110/><U22/><E22/><V91/><F71/><W125/><G125/><T129/><D120/><U50/><E9/><V85/><F99/><W36/><G36/><T44/><D33/><U104/><E104/><V72/><F21/><W95/><G49/><T93/><D129/><U130/><E130/><V69/><F69/><W53/><G66/><T86/><D134/><U16/><E103/><V82/><F19/><W97/><G77/><T43/><D94/><U90/><E90/><V76/><F91/><W108/><G108/><T105/><D105/><U29/><E107/><V124/><F4/><W126/><G126/><T112/><D112/><U3/><E3/><V55/><F76/><W132/><G132/><T45/><D93/><U13/><E50/><V26/><F72/><W92/><G92/><T41/><D98/><U1/><E1/><V14/><F14/><W42/><G42/><T67/><D67/><U46/><E111/><V118/><F82/><W31/><G31/><T30/><D30/><U10/><E109/><V102/><F118/><W68/><G68/><T101/><D101/><U88/><E88/><V87/><F102/><W40/><G40/><T6/><D6/><U121/><E121/><V28/><F124/><W34/><G34/><T5/><D5/><U117/><E117/><V35/><F119/><W39/><G39/><T127/><D127/><U54/><AGARI ba="0,0" hai="10,13,16,20,27,29,46,47,54,56,61,63,65,70" machi="54" ten="20,8000,1" yaku="0,1,7,1,52,2,54,1" doraHai="59" who="1" fromWho="1" sc="115,-20,278,80,546,-40,61,-20" /><INIT seed="7,0,0,5,0,125" ten="95,358,506,41" oya="3" hai0="39,127,11,14,133,114,13,53,60,107,128,9,102" hai1="75,22,74,95,123,89,62,77,122,132,30,105,112" hai2="29,6,3,106,85,1,48,47,33,79,121,66,119" hai3="57,18,52,88,10,76,32,135,54,86,96,110,130"/><W45/><G130/><T116/><D116/><U78/><E62/><V58/><F106/><W7/><G32/><T44/><D128/><U26/><E22/><V55/><F29/><W117/><G117/><T42/><D127/><U17/><E17/><V90/><F79/><W104/><G135/><T8/><D133/><U50/><E50/><V0/><F33/><W67/><G76/><T126/><D126/><U120/><E26/><V36/><F119/><W68/><G68/><T35/><D35/><U71/><E71/><V65/><F121/><W31/><G110/><T19/><D114/><U81/><E30/><V5/><F36/><W103/><G18/><T2/><D2/><U109/><E109/><V73/><F73/><W113/><G113/><T4/><D107/><U72/><E105/><V93/><F47/><W34/><G45/><T49/><D102/><U63/><E63/><V87/><F87/><W61/><G31/><T129/><D129/><U27/><E27/><V84/><F84/><W118/><G34/><T24/><D24/><U20/><E20/><V64/><AGARI ba="0,0" hai="0,1,3,5,6,48,55,58,64,65,66,85,90,93" machi="64" ten="40,1500,0" yaku="0,1" doraHai="125" who="2" fromWho="2" sc="95,-4,358,-4,506,15,41,-7" owari="91,-31.0,354,15.0,521,63.0,34,-47.0" /></mjloggm>