<mjloggm ver="2.3"><GO type="41" lobby="0"/><UN n0="%E7%88%86%E5%BC%BE%E5%85%88%E7%94%9F" n1="%E5%B0%B1%E6%B4%BB%E7%94%9F%40%E5%B7%9D%E6%9D%91%E8%BB%8D%E5%9B%A3" n2="%79%67%66%72%74%67%74%79" n3="%73%6C%65%65%70%75%6E" dan="13,16,13,14" rate="1907.30,2148.67,1852.25,1947.06" sx="M,M,M,M"/><TAIKYOKU oya="0"/><INIT seed="0,0,0,5,1,47" ten="250,250,250,250" oya="0" hai0="85,46,0,100,26,133,88,7,110,66,84,63,124" hai1="131,29,8,61,6,79,33,20,31,74,121,125,35" hai2="41,10,94,129,92,106,104,28,101,127,113,27,90" hai3="107,99,24,62,73,44,128,114,40,130,14,43,96"/><T22/><D133/><U57/><E121/><V42/><F113/><W126/><G73/><T15/><D124/><U81/><E125/><V23/><F127/><W77/><G126/><T65/><D0/><U64/><E131/><V134/><F129/><N who="3" m="49771" /><G77/><T80/><D100/><U12/><REACH who="1" step="1"/><E20/><REACH who="1" ten="250,240,250,250" step="2"/><V11/><F134/><W103/><G114/><T17/><D22/><U58/><E58/><V48/><F11/><W122/><G122/><T37/><D110/><U54/><E54/><V76/><F10/><W68/><G44/><T89/><D65/><U2/><E2/><V55/><F106/><W49/><G43/><T112/><D66/><U32/><AGARI ba="0,1" hai="6,8,12,29,31,32,33,35,57,61,64,74,79,81" machi="32" ten="30,4000,0" yaku="1,1,0,1,53,1" doraHai="47" doraHaiUra="1" who="1" fromWho="1" sc="250,-20,240,50,250,-10,250,-10" /><INIT seed="1,0,0,4,0,63" ten="230,290,240,240" oya="1" hai0="106,59,57,0,14,51,28,81,20,4,22,125,50" hai1="67,52,31,79,82,112,56,124,83,38,76,61,129" hai2="35,97,102,43,74,118,117,7,100,86,58,111,66" hai3="40,19,55,15,108,134,105,88,130,73,17,41,53"/><U33/><E38/><V16/><F74/><W3/><G3/><T72/><D0/><U42/><E112/><V78/><F35/><W92/><G73/><T62/><D106/><U30/><E124/><V115/><F115/><W21/><G105/><T123/><D125/><U101/><E129/><V133/><F133/><W60/><G130/><T34/><D123/><U49/><E42/><V32/><F32/><W95/><G108/><T85/><D72/><U75/><E101/><V77/><F111/><W119/><G119/><T89/><D34/><U116/><E116/><V93/><F43/><N who="3" m="16459" /><G95/><T113/><D113/><U103/><E103/><V121/><F121/><W36/><G36/><T5/><D59/><N who="1" m="37311" /><E33/><V91/><F117/><W84/><G134/><T13/><D14/><U104/><E104/><V24/><F118/><W109/><G109/><T44/><D44/><U127/><E127/><V126/><F126/><W70/><G70/><T135/><D135/><U99/><E99/><V29/><F7/><N who="0" m="2634" /><D13/><U12/><E12/><V8/><F102/><W37/><G37/><T131/><D131/><U69/><E69/><V18/><F8/><N who="3" m="6375" /><G60/><T23/><D28/><N who="1" m="10795" /><E75/><V107/><F29/><W25/><AGARI ba="0,0" hai="19,21,25,53,55,84,88,92" m="6375,16459" machi="25" ten="30,2000,0" yaku="8,1,54,1" doraHai="63" who="3" fromWho="3" sc="230,-5,290,-10,240,-5,240,20" /><INIT seed="2,0,0,4,1,125" ten="225,280,235,260" oya="2" hai0="51,28,37,38,90,95,49,46,61,27,42,8,133" hai1="89,14,3,10,17,109,25,93,64,58,35,6,82" hai2="48,88,56,41,32,77,19,120,7,12,15,71,1" hai3="100,115,110,11,36,106,99,47,124,121,130,116,30"/><V91/><F120/><W22/><G11/><T72/><D72/><U102/><E109/><V126/><F71/><W70/><G22/><T117/><D133/><U44/><E35/><V123/><F123/><W97/><G30/><T74/><D74/><U59/><E64/><V69/><F69/><W114/><G47/><T45/><D8/><U43/><E102/><V20/><F32/><W127/><G99/><T86/><D61/><U96/><E82/><V4/><F126/><W105/><G97/><T119/><D119/><U84/><E96/><V66/><F1/><W87/><G100/><T131/><D117/><U2/><E2/><V107/><F107/><W54/><G54/><T85/><D85/><U104/><E104/><V132/><F77/><W65/><G87/><T111/><D111/><U79/><E79/><V13/><F132/><W18/><G18/><T67/><D67/><U78/><E78/><V94/><F91/><W50/><G50/><T9/><D9/><U128/><E128/><V23/><F66/><W31/><G31/><T92/><D131/><U83/><E83/><V113/><F113/><W33/><G65/><T52/><REACH who="0" step="1"/><D95/><REACH who="0" ten="215,280,235,260" step="2"/><U40/><E10/><V80/><F80/><W29/><G115/><T76/><D76/><U81/><E93/><V122/><F122/><W34/><G105/><T103/><D103/><U26/><E84/><N who="2" m="52487" /><F23/><AGARI ba="0,1" hai="23,27,28,37,38,42,45,46,49,51,52,86,90,92" machi="23" ten="30,3900,0" yaku="1,1,7,1,54,1,53,0" doraHai="125" doraHaiUra="53" who="0" fromWho="2" sc="215,49,280,0,235,-39,260,0" /><INIT seed="3,0,0,2,4,109" ten="264,280,196,260" oya="3" hai0="103,86,74,94,59,12,102,120,124,47,82,113,22" hai1="96,33,85,91,43,29,68,32,64,129,41,131,34" hai2="111,37,69,45,15,127,30,11,115,39,104,44,52" hai3="87,88,125,90,133,8,63,54,49,67,112,6,84"/><W51/><G125/><T116/><D116/><U110/><E110/><V28/><F104/><W93/><G133/><T121/><D47/><U65/><E29/><V81/><F69/><W101/><G101/><N who="0" m="38411" /><D59/><U42/><E96/><V38/><F111/><W4/><G112/><T53/><D53/><U98/><E98/><V21/><F115/><W118/><G118/><T97/><D22/><U71/><E91/><V55/><F127/><W48/><G54/><T20/><D20/><U130/><E85/><V50/><F81/><W114/><G114/><T106/><D12/><U16/><E16/><V123/><F123/><N who="0" m="47178" /><D124/><U61/><E61/><V23/><F44/><W122/><G122/><T132/><D132/><U9/><E9/><V77/><F77/><W58/><G8/><T119/><D119/><U27/><E27/><V126/><F126/><W134/><REACH who="3" step="1"/><G134/><REACH who="3" ten="264,280,196,250" step="2"/><T56/><D113/><U75/><E75/><V83/><F55/><W92/><AGARI ba="0,1" hai="4,6,48,49,51,58,63,67,84,87,88,90,92,93" machi="92" ten="30,18000,2" yaku="1,1,2,1,0,1,9,1,8,1,54,1,53,0" doraHai="109" doraHaiUra="76" who="3" fromWho="3" sc="264,-60,280,-60,196,-60,250,190" /><INIT seed="3,1,0,0,5,3" ten="204,220,136,440" oya="3" hai0="91,31,112,85,18,17,19,47,105,39,125,120,104" hai1="113,30,14,88,99,20,46,58,82,57,42,45,102" hai2="8,131,69,66,126,62,61,22,135,80,34,40,11" hai3="59,43,26,7,67,21,23,90,68,55,27,33,54"/><W111/><G68/><T110/><D120/><U32/><E113/><V128/><F34/><W65/><G33/><T78/><D112/><U76/><E32/><V129/><F40/><W77/><G77/><T101/><D110/><U25/><E14/><V49/><F22/><N who="3" m="8203" /><G43/><T12/><D39/><U5/><E5/><V44/><F80/><W98/><G111/><T118/><D118/><U122/><E122/><V134/><F61/><N who="3" m="36087" /><G7/><T132/><D31/><U4/><E4/><V51/><F8/><W96/><G55/><T70/><D70/><U100/><E76/><V93/><F11/><W48/><G48/><N who="2" m="18505" /><F93/><N who="3" m="56375" /><G98/><T74/><D47/><N who="1" m="17931" /><E42/><V115/><F44/><W123/><G123/><T75/><D78/><U81/><E81/><V9/><F9/><W107/><G107/><T127/><D105/><U38/><E38/><V108/><F115/><W84/><G84/><T0/><D0/><U10/><E10/><V1/><F108/><W15/><G15/><T13/><D104/><U71/><E71/><V87/><F1/><W97/><G97/><T50/><D75/><U6/><E6/><V133/><F87/><W24/><AGARI ba="1,0" hai="24,26,27,65,67" m="56375,36087,8203" machi="24" ten="30,1500,0" yaku="8,1" doraHai="3" who="3" fromWho="3" sc="204,-6,220,-6,136,-6,440,18" /><INIT seed="3,2,0,0,0,101" ten="198,214,130,458" oya="3" hai0="100,30,63,124,65,26,82,108,95,113,67,41,51" hai1="107,37,129,61,11,32,1,23,64,53,7,105,72" hai2="35,112,131,29,34,94,55,33,13,18,135,115,98" hai3="121,10,84,78,123,3,47,59,31,130,45,58,46"/><W70/><G70/><T79/><D108/><U122/><E122/><V12/><F131/><W87/><G31/><T81/><D124/><U2/><E129/><V27/><F135/><W128/><G46/><T120/><D120/><U15/><E2/><V89/><F55/><W54/><G54/><T48/><D65/><U73/><E53/><V134/><F134/><W14/><G14/><T93/><D41/><U86/><E86/><V25/><F89/><W118/><G10/><T20/><D113/><U28/><E15/><V69/><F69/><W106/><G3/><T125/><D125/><U76/><E23/><N who="2" m="13559" /><F94/><W40/><G78/><T49/><D79/><U75/><E76/><V39/><F39/><W85/><G85/><T111/><D111/><U38/><E28/><V17/><F98/><W22/><G22/><T126/><D126/><U103/><E32/><N who="2" m="12395" /><F115/><W56/><G56/><T9/><D95/><U57/><REACH who="1" step="1"/><E103/><REACH who="1" ten="198,204,130,458" step="2"/><V104/><F112/><W36/><G40/><T5/><D100/><U42/><E42/><V4/><F104/><AGARI ba="2,1" hai="1,7,11,37,38,57,61,64,72,73,75,104,105,107" machi="104" ten="50,8000,1" yaku="1,1,52,3,53,0" doraHai="101" doraHaiUra="8" who="1" fromWho="2" sc="198,0,204,96,130,-86,458,0" /><INIT seed="4,0,0,4,5,13" ten="198,300,44,458" oya="0" hai0="78,20,87,9,61,121,40,44,85,43,83,101,126" hai1="109,113,31,22,21,16,57,111,8,73,110,116,30" hai2="66,26,67,59,0,92,130,71,29,123,133,49,19" hai3="34,120,103,33,128,72,15,89,124,91,104,70,80"/><T118/><D118/><U125/><E73/><V93/><F123/><W56/><G70/><T41/><D121/><U18/><E57/><V132/><F0/><W45/><G120/><T106/><D126/><U52/><E52/><N who="2" m="32143" /><F71/><W1/><G1/><T135/><D135/><N who="2" m="51786" /><F130/><W63/><G128/><T42/><D106/><U25/><E116/><V50/><F50/><W58/><G124/><T46/><D101/><U129/><E125/><V86/><F86/><W114/><G114/><T10/><D87/><U51/><E51/><V55/><F55/><W3/><G3/><T24/><D61/><U112/><E129/><V35/><F19/><N who="1" m="7209" /><E8/><V84/><F84/><W117/><G45/><N who="0" m="17515" /><D40/><U95/><E95/><AGARI ba="0,0" hai="26,29,35,66,67,92,93,95" m="51786,32143" machi="95" ten="30,2000,0" yaku="20,1,54,1" doraHai="13" who="2" fromWho="1" sc="198,0,300,-20,44,20,458,0" /><INIT seed="5,0,0,2,2,25" ten="198,280,64,458" oya="1" hai0="21,51,24,12,114,39,106,120,50,2,13,26,52" hai1="83,99,91,17,69,81,89,92,93,57,42,45,47" hai2="122,109,101,64,121,125,44,53,95,84,90,31,5" hai3="58,28,128,113,116,36,86,130,1,77,107,87,115"/><U40/><E69/><V11/><F109/><W66/><G107/><T129/><D2/><U49/><E17/><V96/><F64/><W123/><G36/><T61/><D39/><U76/><E57/><V29/><F125/><W134/><G1/><T80/><D106/><U55/><E76/><V103/><F44/><W74/><G123/><T133/><D120/><U0/><E0/><V111/><F111/><W38/><G38/><T124/><D124/><U6/><E6/><V14/><F53/><W48/><G74/><T118/><D118/><U33/><E33/><V98/><F122/><W78/><G116/><T88/><D114/><U16/><E16/><V18/><F121/><W27/><G134/><T70/><D133/><U75/><E75/><V73/><F73/><W100/><G100/><N who="2" m="38473" /><F18/><W59/><G48/><N who="0" m="18475" /><D24/><U60/><E45/><V30/><AGARI ba="0,0" hai="5,11,14,29,30,31,84,90,95,96,98" m="38473" machi="30" ten="30,7900,0" yaku="8,1,52,3" doraHai="25" who="2" fromWho="2" sc="198,-20,280,-39,64,79,458,-20" /><INIT seed="6,0,0,2,1,51" ten="178,241,143,438" oya="2" hai0="87,88,30,131,60,93,89,125,122,128,81,90,56" hai1="5,104,121,21,34,0,46,27,53,40,83,42,25" hai2="100,52,63,7,14,23,73,38,18,75,71,1,106" hai3="12,91,86,113,20,118,97,80,37,8,117,107,6"/><V2/><F38/><W3/><G37/><T22/><D122/><U116/><E104/><V124/><F124/><W72/><G72/><T98/><D125/><U35/><E116/><V110/><F110/><W41/><G41/><N who="1" m="15978" /><E35/><V43/><F43/><W114/><G107/><T78/><D131/><U19/><E34/><V105/><F7/><W109/><G109/><T130/><D130/><U96/><E0/><V129/><F129/><W36/><G36/><T55/><D128/><U9/><E121/><V44/><F100/><W67/><G67/><T10/><D10/><U103/><E5/><V15/><F71/><W26/><G97/><T134/><D134/><U95/><E9/><V102/><F102/><W50/><G3/><T39/><D39/><U54/><E46/><V92/><F92/><W111/><G111/><T112/><D112/><N who="3" m="43113" /><G50/><T4/><D4/><U45/><E45/><V62/><F44/><W135/><G135/><T64/><D64/><U59/><E59/><V61/><F23/><W94/><G94/><T68/><D68/><U32/><E32/><V24/><F24/><AGARI ba="0,0" hai="22,24,30,55,56,60,78,81,87,88,89,90,93,98" machi="24" ten="40,5200,0" yaku="8,1,52,1,54,1" doraHai="51" who="0" fromWho="2" sc="178,52,241,0,143,-52,438,0" /><INIT seed="7,0,0,0,3,68" ten="230,241,91,438" oya="3" hai0="64,66,13,91,86,58,110,63,71,112,85,74,6" hai1="4,111,127,80,89,126,81,108,46,88,43,72,62" hai2="39,14,117,60,48,2,65,93,121,75,28,7,17" hai3="107,92,70,102,98,83,106,96,45,128,123,104,0"/><W73/><G70/><T25/><D74/><U61/><E4/><V33/><F117/><W53/><G0/><T67/><D110/><N who="1" m="42027" /><E72/><V132/><F121/><W50/><G128/><T129/><D129/><U3/><E3/><V37/><F132/><W116/><G116/><T94/><D112/><U59/><E81/><V101/><F75/><W90/><G123/><T95/><D71/><U82/><E82/><V109/><F109/><W21/><G73/><T26/><D85/><N who="1" m="50215" /><E59/><V124/><F124/><N who="1" m="47657" /><E89/><V79/><F79/><W22/><G83/><N who="0" m="49631" /><D66/><U134/><E134/><V38/><F48/><AGARI ba="0,0" hai="43,46,48,61,62" m="47657,50215,42027" machi="48" ten="30,2000,0" yaku="18,1,54,1" doraHai="68" who="1" fromWho="2" sc="230,0,241,20,91,-20,438,0" owari="230,-17.0,261,6.0,71,-43.0,438,54.0" /></mjloggm>