<mjloggm ver="2.3"><GO type="97" lobby="0"/><UN n0="%6D%75%6B%65%6D%69%6E%67" n1="%E3%83%88%E3%83%88%E3%83%AA%E5%85%88%E7%94%9F%31%39%E6%AD%B3" n2="%41%56%E4%BB%A3%E7%90%86" n3="%E5%BE%A1%E7%84%A1%E7%A4%BC%E3%81%A7%E3%81%99" dan="13,15,15,13" rate="1910.40,2088.58,2026.61,1826.71" sx="M,F,M,M"/><TAIKYOKU oya="0"/><INIT seed="0,0,0,0,1,57" ten="250,250,250,250" oya="0" hai0="14,128,25,85,28,53,19,21,107,68,100,38,94" hai1="91,27,52,113,49,40,112,87,4,34,122,131,121" hai2="95,98,18,129,120,31,83,8,45,50,99,93,89" hai3="75,39,46,23,105,111,104,118,70,5,123,88,79"/><T109/><D68/><U17/><E131/><V73/><F129/><W135/><G5/><T37/><D107/><U72/><E72/><V102/><F120/><W96/><G23/><T126/><D128/><U22/><E40/><V32/><F32/><W20/><G20/><N who="0" m="15399" /><D37/><U97/><E97/><V92/><F31/><W127/><G46/><T55/><D38/><U132/><E4/><V1/><F1/><W108/><G39/><T90/><D109/><N who="3" m="42057" /><G70/><T54/><D126/><U117/><E132/><V125/><F125/><W44/><G44/><T84/><D100/><U66/><E66/><V7/><F7/><W116/><G127/><T36/><D36/><U103/><E103/><V16/><F102/><W110/><G110/><T2/><D2/><U3/><E117/><N who="3" m="45162" /><G135/><T41/><D84/><U43/><E43/><AGARI ba="0,0" hai="14,19,21,41,43,53,54,55,85,90,94" m="15399" machi="43" ten="30,1500,0" yaku="8,1" doraHai="57" who="0" fromWho="1" sc="250,15,250,-15,250,0,250,0" /><INIT seed="0,1,0,1,2,76" ten="265,235,250,250" oya="0" hai0="53,134,108,64,4,103,49,11,128,77,31,39,72" hai1="19,121,112,86,123,129,83,5,116,118,63,92,2" hai2="114,122,34,84,65,117,26,130,10,55,98,56,54" hai3="50,101,88,133,41,48,95,73,97,24,60,104,36"/><T111/><D39/><U38/><E38/><V125/><F114/><W78/><G36/><T52/><D128/><U37/><E37/><V32/><F122/><N who="1" m="46601" /><E19/><V13/><F117/><N who="1" m="45161" /><E63/><V14/><F125/><W6/><G133/><T87/><D134/><U71/><E5/><V43/><F130/><W35/><G6/><T17/><D72/><U29/><E29/><V0/><F0/><W25/><G60/><T115/><D115/><U12/><E12/><V70/><F70/><W91/><G35/><T105/><D31/><U99/><E71/><V22/><F43/><W81/><G25/><T1/><D64/><U120/><E2/><V110/><F110/><N who="0" m="42026" /><D17/><U16/><E16/><V131/><F131/><W21/><G91/><T20/><D20/><U8/><E8/><V127/><F127/><W57/><G57/><T68/><D68/><U74/><E129/><V45/><F22/><W102/><G102/><T47/><D103/><N who="1" m="60903" /><E120/><V46/><F65/><W51/><G41/><N who="0" m="24815" /><D105/><U69/><E69/><V135/><F56/><W44/><G44/><T9/><D11/><U89/><E74/><V58/><F58/><W106/><REACH who="3" step="1"/><G101/><REACH who="3" ten="265,235,250,240" step="2"/><T3/><D3/><U66/><E66/><V40/><F34/><W85/><G85/><T75/><D75/><U23/><E112/><V109/><F32/><W80/><G80/><AGARI ba="1,1" hai="1,4,9,52,53,77,80,87" m="24815,42026" machi="80" ten="30,11600,0" yaku="14,1,10,1,52,1,54,1" doraHai="76" who="0" fromWho="3" sc="265,129,235,0,250,0,240,-119" /><INIT seed="0,2,0,0,2,23" ten="394,235,250,121" oya="0" hai0="32,135,82,89,128,11,15,99,90,51,71,75,45" hai1="34,114,108,107,58,87,22,24,84,10,65,119,124" hai2="36,59,17,21,116,9,134,120,118,133,121,55,49" hai3="60,106,115,28,46,97,132,25,77,92,5,72,68"/><T123/><D123/><N who="2" m="47178" /><F36/><W86/><G115/><T30/><D71/><U129/><E119/><N who="2" m="45611" /><F9/><W33/><G5/><T54/><D135/><U91/><E107/><V3/><F3/><W101/><G132/><T125/><D125/><U85/><E34/><V67/><F67/><W98/><G46/><T64/><D128/><U95/><E129/><V122/><F122/><W2/><G2/><T83/><D64/><U39/><E114/><V70/><F70/><W66/><G86/><N who="0" m="50391" /><D32/><U94/><E108/><V109/><F109/><W130/><G97/><T38/><D38/><U53/><E39/><V96/><F96/><W69/><G92/><N who="1" m="35370" /><E10/><V18/><F18/><W57/><G57/><T43/><D75/><U110/><E65/><V52/><F55/><W76/><G68/><T4/><D99/><U44/><E124/><V12/><AGARI ba="2,0" hai="12,17,21,49,52,59,133,134" m="45611,47178" machi="12" ten="40,2700,0" yaku="12,1,54,1" doraHai="23" who="2" fromWho="2" sc="394,-15,235,-9,250,33,121,-9" /><INIT seed="1,0,0,0,3,100" ten="379,226,283,112" oya="1" hai0="2,54,110,46,25,113,6,134,125,39,73,95,15" hai1="83,103,105,74,61,89,96,93,131,84,71,43,18" hai2="21,11,72,56,38,77,108,67,29,50,4,35,42" hai3="106,102,104,70,88,48,68,115,5,62,127,14,58"/><U1/><E1/><V75/><F35/><W36/><G115/><T128/><D95/><U98/><E43/><V12/><F108/><W107/><G102/><T10/><D25/><U79/><E18/><V78/><F75/><W51/><G36/><T122/><D15/><U86/><E61/><N who="2" m="38311" /><F38/><W94/><G127/><T60/><D60/><U64/><E64/><V81/><F81/><W9/><G51/><T99/><D99/><N who="1" m="61695" /><E71/><V28/><F72/><W121/><G48/><T91/><D54/><U55/><E55/><V126/><F126/><W101/><G101/><T27/><D46/><U119/><E119/><V41/><F41/><W57/><G121/><T47/><D47/><U133/><E133/><V118/><F118/><W124/><G124/><T112/><D27/><U76/><E131/><V132/><F132/><W45/><G45/><T52/><D52/><U120/><E120/><V16/><F50/><W135/><G135/><T109/><D91/><N who="1" m="51615" /><E74/><V69/><F69/><W114/><G114/><T59/><D59/><U32/><E32/><V26/><F42/><W63/><G63/><T7/><D7/><U92/><E92/><V24/><F24/><W65/><REACH who="3" step="1"/><G57/><REACH who="3" ten="379,226,283,102" step="2"/><T0/><D112/><U130/><E130/><V97/><F97/><AGARI ba="0,1" hai="5,9,14,58,62,65,68,70,88,94,97,104,106,107" machi="97" ten="40,12000,2" yaku="1,1,2,1,52,3,54,1,53,0" doraHai="100" doraHaiUra="17" who="3" fromWho="2" sc="379,0,226,0,283,-120,102,130" /><AGARI ba="0,0" hai="76,79,86,89,93,96,97,98" m="51615,61695" machi="97" ten="30,18000,2" yaku="35,5,52,1" doraHai="100" who="1" fromWho="2" sc="379,0,226,180,163,-180,232,0" owari="379,18.0,406,51.0,-17,-52.0,232,-17.0" /></mjloggm>