<mjloggm ver="2.3"><GO type="41" lobby="0"/><UN n0="%6E%6F%64%6F%63%68%61%6E" n1="%E5%B0%B1%E6%B4%BB%E7%94%9F%40%E5%B7%9D%E6%9D%91%E8%BB%8D%E5%9B%A3" n2="%E3%81%B7%E3%82%89%E3%81%A1%E3%81%AB%E3%82%83" n3="%6B%6F%6B%6F%6E%6F%6B%61" dan="14,16,15,14" rate="1912.43,2144.38,2013.01,1841.65" sx="M,M,F,M"/><TAIKYOKU oya="0"/><INIT seed="0,0,0,4,0,115" ten="250,250,250,250" oya="0" hai0="74,111,13,37,78,108,22,127,98,49,5,76,3" hai1="11,89,47,46,88,86,68,9,35,134,62,101,54" hai2="59,29,27,133,95,91,24,52,104,50,64,132,70" hai3="42,71,106,16,97,36,109,90,129,6,61,123,25"/><T125/><D37/><U80/><E35/><V130/><F104/><W119/><G119/><T10/><D98/><U18/><E134/><N who="2" m="51819" /><F130/><W1/><G123/><T0/><D49/><U117/><E117/><V107/><F107/><W75/><G129/><T87/><D22/><U121/><E121/><V92/><F29/><W53/><G75/><T15/><D74/><U120/><E120/><V110/><F110/><N who="0" m="42026" /><D15/><U113/><E101/><V45/><F70/><W66/><G109/><T57/><D57/><N who="1" m="35127" /><E68/><V32/><F32/><W112/><G112/><T84/><D84/><N who="1" m="50183" /><E113/><V12/><F12/><W2/><G6/><T21/><D21/><U72/><E72/><V118/><F118/><W26/><G106/><T31/><D31/><U19/><E11/><V28/><F28/><W40/><G71/><T48/><D48/><U51/><E9/><V14/><F14/><W81/><G1/><N who="0" m="587" /><D87/><U58/><E58/><V102/><F102/><W39/><G2/><T126/><AGARI ba="0,0" hai="5,10,13,76,78,125,126,127" m="587,42026" machi="126" ten="40,7800,0" yaku="18,1,14,1,10,1" doraHai="115" who="0" fromWho="0" sc="250,78,250,-26,250,-26,250,-26" /><INIT seed="0,1,0,3,3,43" ten="328,224,224,224" oya="0" hai0="59,81,87,82,63,45,51,130,13,67,38,19,97" hai1="93,74,107,99,23,7,134,27,1,30,44,40,120" hai2="57,104,71,14,17,90,113,33,78,61,58,16,128" hai3="46,2,66,92,126,56,73,75,22,24,62,89,18"/><T6/><D130/><U114/><E120/><V41/><F113/><W131/><G2/><T122/><D122/><U42/><E114/><V119/><F33/><W94/><G131/><T52/><D6/><U86/><E134/><V116/><F78/><W35/><G126/><T124/><D124/><U101/><E74/><V88/><F104/><W65/><G65/><T28/><D28/><U53/><E1/><V11/><F71/><W83/><G83/><T32/><D32/><U60/><E7/><V135/><F135/><W36/><G35/><T55/><D38/><U69/><E69/><V132/><F132/><W118/><G118/><N who="2" m="45097" /><F41/><W129/><G129/><T77/><D97/><U102/><E102/><V79/><F79/><W70/><G70/><T115/><D115/><U29/><E29/><V54/><F128/><W15/><G24/><T25/><D25/><U80/><E107/><V95/><F58/><W12/><G12/><T34/><D82/><U96/><E96/><N who="2" m="57447" /><F90/><W121/><G121/><T85/><D34/><U110/><E110/><V8/><F8/><W3/><G89/><T72/><REACH who="0" step="1"/><D55/><REACH who="0" ten="318,224,224,224" step="2"/><U91/><E42/><V112/><F112/><W50/><G36/><T133/><D133/><U125/><E125/><V26/><F26/><W48/><G66/><T64/><D64/><U117/><E117/><V0/><F0/><W105/><G3/><T108/><D108/><U20/><E40/><V127/><F127/><W103/><G105/><T68/><D68/><U47/><E30/><V37/><F37/><W49/><G75/><T5/><D5/><AGARI ba="1,1" hai="5,11,14,16,17,54,57,61" m="57447,45097" machi="5" ten="30,3900,0" yaku="12,1,54,2" doraHai="43" who="2" fromWho="0" sc="318,-42,224,0,224,52,224,0" /><INIT seed="1,0,0,4,3,61" ten="276,224,276,224" oya="1" hai0="131,92,27,19,72,130,103,64,57,85,120,36,18" hai1="73,34,48,84,71,43,38,102,100,98,83,90,78" hai2="1,117,23,111,25,96,14,47,101,88,51,68,52" hai3="46,125,31,24,104,110,39,113,55,108,3,15,132"/><U89/><E71/><V54/><F1/><W67/><G3/><T33/><D120/><U79/><E34/><V106/><F117/><W65/><G113/><T37/><D72/><N who="1" m="43463" /><E38/><N who="0" m="14953" /><D33/><U116/><E43/><V41/><F68/><W93/><G104/><T40/><D40/><U13/><E48/><V42/><F14/><W91/><G15/><T99/><D85/><U35/><E35/><V7/><F7/><W107/><G107/><T60/><D27/><U80/><E13/><V59/><F88/><N who="1" m="33897" /><E116/><V115/><F111/><W17/><G110/><T97/><D97/><U135/><E135/><V95/><F106/><W9/><G132/><T32/><D32/><U5/><E5/><V2/><F2/><W105/><G105/><T82/><D82/><N who="1" m="45423" /><E98/><V119/><F119/><W16/><G9/><T4/><D4/><U6/><E6/><V121/><F121/><W94/><G39/><T129/><AGARI ba="0,0" hai="18,19,57,60,64,92,99,103,129,130,131" m="14953" machi="129" ten="40,2700,0" yaku="19,1,52,1" doraHai="61" who="0" fromWho="0" sc="276,27,224,-13,276,-7,224,-7" /><INIT seed="2,0,0,0,2,104" ten="303,211,269,217" oya="2" hai0="82,83,68,109,100,49,86,120,90,21,95,59,34" hai1="117,78,126,74,33,71,2,51,132,79,50,42,36" hai2="17,29,38,39,66,107,3,85,119,124,96,57,84" hai3="70,6,99,48,32,54,0,61,63,131,89,116,1"/><V103/><F119/><W47/><G116/><T13/><D109/><U45/><E33/><V91/><F3/><W134/><G131/><T92/><D120/><U31/><E2/><V30/><F85/><W108/><G108/><T110/><D110/><U73/><E31/><V24/><F124/><W102/><G134/><T97/><D68/><U127/><E117/><V121/><F121/><W65/><G32/><T18/><REACH who="0" step="1"/><D34/><REACH who="0" ten="293,211,269,217" step="2"/><U81/><E71/><V76/><F39/><W130/><G130/><T46/><D46/><U58/><E132/><V62/><F38/><W20/><G70/><T52/><AGARI ba="0,1" hai="13,18,21,49,52,59,82,83,86,90,92,95,97,100" machi="52" ten="30,12000,2" yaku="1,1,0,1,25,2,8,1,54,1,53,0" doraHai="104" doraHaiUra="40" who="0" fromWho="0" sc="293,130,211,-30,269,-60,217,-30" /><INIT seed="3,0,0,5,5,21" ten="423,181,209,187" oya="3" hai0="38,65,28,23,104,118,22,80,83,27,74,101,98" hai1="36,120,58,112,122,42,113,96,25,95,94,4,14" hai2="6,66,13,16,89,135,10,34,8,19,105,126,121" hai3="41,100,24,11,32,85,67,107,57,87,33,9,59"/><W108/><G41/><T60/><D118/><U68/><E68/><V39/><F105/><W88/><G108/><T93/><D38/><U97/><E36/><V124/><F39/><W82/><G107/><T54/><D54/><U43/><E58/><V51/><F66/><W106/><G106/><T73/><D93/><N who="1" m="35339" /><E14/><N who="2" m="5399" /><F121/><N who="1" m="46697" /><E25/><V133/><F51/><W81/><G100/><T110/><D110/><U91/><E91/><V48/><F48/><W62/><G33/><T130/><D130/><U70/><E4/><N who="2" m="3271" /><F89/><W115/><G57/><T35/><D83/><U52/><E70/><V128/><F34/><W40/><G40/><N who="1" m="15402" /><E52/><V37/><F37/><W69/><G69/><N who="0" m="42151" /><D80/><U119/><E119/><V114/><F114/><AGARI ba="0,0" hai="96,97,112,113,114" m="15402,46697,35339" machi="114" ten="40,2600,0" yaku="28,2" doraHai="21" who="1" fromWho="2" sc="423,0,181,26,209,-26,187,0" /><INIT seed="4,0,0,4,0,31" ten="423,207,183,187" oya="0" hai0="84,20,104,82,126,51,111,32,70,29,42,83,120" hai1="132,56,134,81,61,9,17,118,125,75,93,66,112" hai2="54,14,34,114,23,11,39,48,97,3,63,12,115" hai3="2,76,78,69,47,129,45,13,100,50,88,46,35"/><T95/><D120/><U121/><E118/><V131/><F39/><W1/><G69/><T135/><D104/><U113/><E121/><V36/><F36/><W117/><G117/><T62/><D20/><U130/><E130/><V44/><F131/><W92/><G129/><T94/><D135/><N who="1" m="51755" /><E125/><V65/><F3/><W8/><G100/><T21/><D21/><U133/><N who="1" m="51763" /><U40/><DORA hai="64" /><E40/><V38/><F97/><W30/><G50/><T119/><D119/><U77/><E93/><V52/><F23/><W108/><G108/><T37/><D95/><U90/><E90/><V127/><F127/><W25/><G76/><T24/><D94/><U33/><E33/><V80/><F80/><W4/><REACH who="3" step="1"/><G78/><REACH who="3" ten="423,207,183,177" step="2"/><T22/><D111/><U58/><E58/><V123/><F38/><W102/><G102/><T99/><D126/><U103/><E103/><V116/><F123/><W105/><G105/><T73/><D37/><U107/><E107/><V74/><F116/><W68/><G68/><T89/><D70/><U122/><E122/><V5/><F48/><W79/><G79/><T55/><D51/><U6/><E113/><V10/><F114/><W98/><AGARI ba="0,1" hai="1,2,4,8,13,25,30,35,45,46,47,88,92,98" machi="98" ten="30,12000,2" yaku="1,1,0,1,52,1,54,1,53,2" doraHai="31,64" doraHaiUra="28,26" who="3" fromWho="3" sc="423,-60,207,-30,183,-30,177,130" /><INIT seed="5,0,0,4,5,24" ten="363,177,153,307" oya="1" hai0="23,96,106,52,8,50,67,128,117,118,100,27,70" hai1="26,81,107,66,10,45,69,57,99,110,80,17,19" hai2="102,1,22,92,34,78,56,49,20,76,101,43,112" hai3="41,86,7,21,0,103,15,121,5,35,11,134,33"/><U14/><E110/><V37/><F1/><W104/><G121/><T125/><D125/><U90/><E69/><V105/><F37/><W111/><G41/><T82/><D128/><U77/><E45/><V87/><F105/><W109/><G134/><T115/><D115/><U38/><E38/><V129/><F34/><W32/><G7/><T28/><D8/><U13/><E26/><V9/><F9/><W94/><G104/><T131/><D131/><U58/><E66/><V48/><F129/><W42/><G42/><T85/><D67/><U120/><E120/><V16/><F43/><W29/><G86/><T60/><D60/><U30/><E30/><V2/><F2/><W53/><G53/><T135/><D70/><U6/><E6/><V36/><F36/><W119/><G119/><T84/><D135/><U54/><E58/><V108/><F112/><W130/><G130/><T113/><D113/><U91/><E107/><V61/><F108/><W31/><G109/><T123/><D123/><U116/><E116/><V71/><F22/><W74/><G111/><T72/><D72/><U18/><E99/><N who="2" m="59623" /><F102/><W73/><G73/><T127/><D127/><U122/><E122/><V97/><F97/><N who="3" m="59831" /><G74/><T59/><REACH who="0" step="1"/><D85/><REACH who="0" ten="353,177,153,307" step="2"/><N who="1" m="48271" /><E10/><V12/><F71/><W44/><G11/><T55/><D55/><U47/><E54/><N who="2" m="33943" /><F87/><W75/><G75/><T39/><D39/><U64/><E64/><V132/><F132/><W4/><G0/><T25/><D25/><U62/><E62/><V98/><F98/><W114/><G114/><T89/><AGARI ba="0,1" hai="23,27,28,50,52,59,82,84,89,96,100,106,117,118" machi="89" ten="20,8000,1" yaku="1,1,0,1,7,1,52,1,54,1,53,0" doraHai="24" doraHaiUra="126" who="0" fromWho="0" sc="353,90,177,-40,153,-20,307,-20" /><INIT seed="6,0,0,2,5,39" ten="443,137,133,287" oya="2" hai0="96,95,130,98,123,45,118,78,129,72,42,59,43" hai1="20,134,116,121,99,114,125,62,17,23,4,106,0" hai2="34,64,44,70,10,112,26,127,88,73,105,16,46" hai3="40,28,7,110,119,89,68,101,107,2,6,30,19"/><V52/><F105/><W21/><G110/><T53/><D123/><U132/><E114/><V69/><F73/><W75/><G68/><T25/><D118/><U71/><E116/><V1/><F112/><W91/><G75/><T54/><D25/><U90/><E121/><V47/><F127/><W85/><G119/><T61/><D78/><U120/><E120/><V13/><F64/><W84/><G107/><T60/><D72/><U115/><E125/><V55/><F1/><W122/><G101/><T74/><D74/><U56/><E71/><V109/><F109/><W104/><G104/><T76/><D76/><U3/><E115/><V103/><F103/><W36/><G122/><T22/><D22/><U8/><E0/><V33/><F33/><W126/><G126/><T128/><D98/><U57/><E57/><V37/><F37/><W12/><G89/><N who="0" m="55407" /><D61/><U100/><E90/><V29/><F69/><W102/><G102/><T18/><D18/><U65/><REACH who="1" step="1"/><E17/><REACH who="1" ten="443,127,133,287" step="2"/><V81/><REACH who="2" step="1"/><F70/><REACH who="2" ten="443,127,123,287" step="2"/><W51/><G2/><T97/><D130/><U49/><E49/><V92/><F92/><W35/><G51/><N who="0" m="28911" /><D129/><U83/><E83/><V41/><F41/><N who="0" m="15370" /><D128/><U133/><AGARI ba="0,2" hai="3,4,8,20,23,56,62,65,99,100,106,132,133,134" machi="133" ten="30,7900,0" yaku="1,1,0,1,20,1,53,1" doraHai="39" doraHaiUra="32" who="1" fromWho="1" sc="443,-20,127,99,123,-39,287,-20" /><INIT seed="7,0,0,3,3,113" ten="423,226,84,267" oya="3" hai0="88,122,104,41,42,65,13,94,57,49,26,77,125" hai1="62,107,15,106,95,44,1,54,127,40,53,92,67" hai2="110,105,121,14,126,10,72,7,39,120,117,64,89" hai3="135,4,5,60,98,103,29,118,6,43,9,21,36"/><W133/><G118/><T78/><D104/><U17/><E1/><V27/><F64/><W51/><G36/><T33/><D33/><U124/><E107/><V111/><F27/><N who="3" m="16623" /><G60/><N who="0" m="38031" /><D122/><U129/><E106/><V134/><F89/><W46/><G98/><N who="0" m="57671" /><D125/><U61/><E129/><V102/><F102/><W114/><G103/><T75/><D75/><U8/><E54/><V130/><F14/><N who="3" m="5415" /><G114/><T25/><D13/><U84/><E53/><V128/><F7/><W80/><G80/><T73/><D73/><U70/><E62/><V101/><F10/><W58/><G58/><T91/><D91/><U22/><E70/><V83/><F83/><W85/><G85/><T90/><D90/><U87/><E84/><V63/><F63/><W23/><G23/><T48/><D48/><U109/><E87/><V45/><F45/><W112/><G112/><T32/><D32/><U59/><E109/><V52/><F101/><W116/><G116/><T30/><D49/><U28/><E124/><V96/><F111/><W108/><G108/><T31/><D77/><U123/><E123/><V55/><F120/><W47/><G47/><T81/><D81/><U24/><REACH who="1" step="1"/><E127/><REACH who="1" ten="423,216,84,267" step="2"/><V66/><F121/><W100/><G100/><T74/><D74/><U115/><E115/><V38/><F126/><W69/><G69/><T37/><D37/><AGARI ba="0,1" hai="8,15,17,22,24,28,37,40,44,59,61,67,92,95" machi="37" ten="30,2000,0" yaku="1,1,7,1,53,0" doraHai="113" doraHaiUra="50" who="1" fromWho="0" sc="423,-20,216,30,84,0,267,0" owari="403,50.0,246,-15.0,84,-42.0,267,7.0" /></mjloggm>