<mjloggm ver="2.3"><GO type="97" lobby="0"/><UN n0="%41%65%67%69%73%4B%47" n1="%63%6F%73%6F%63%63%65%72" n2="%E3%81%B5%E3%81%86%E3%81%A4" n3="%E3%83%88%E3%83%88%E3%83%AA%E5%85%88%E7%94%9F%31%39%E6%AD%B3" dan="15,13,14,15" rate="1951.77,1905.83,1907.53,2030.08" sx="M,M,M,F"/><TAIKYOKU oya="0"/><INIT seed="0,0,0,0,1,16" ten="250,250,250,250" oya="0" hai0="75,93,122,54,66,73,127,123,7,41,124,97,14" hai1="68,30,24,57,82,43,108,59,44,99,27,78,15" hai2="12,72,89,128,36,42,51,111,61,86,98,37,107" hai3="58,56,40,88,6,39,32,48,38,109,21,131,125"/><T79/><D41/><U101/><E68/><V46/><F111/><W11/><G32/><T31/><D66/><U23/><E108/><V2/><F2/><W104/><G104/><T4/><D31/><U120/><E120/><N who="0" m="46121" /><D54/><U105/><E15/><V85/><F72/><N who="0" m="27722" /><D79/><U17/><E44/><V63/><F63/><W18/><G109/><T90/><D14/><U19/><E43/><V103/><F86/><W112/><G112/><T0/><D0/><U94/><E105/><V87/><F87/><W34/><G34/><T45/><D45/><U60/><E60/><V53/><F61/><W13/><G56/><T55/><D55/><U35/><E17/><V121/><F121/><W115/><G115/><T77/><D77/><U118/><E118/><V1/><F1/><W84/><G40/><T95/><D95/><U113/><E113/><V135/><F37/><W29/><G29/><T5/><D5/><U26/><E26/><V49/><F36/><W22/><G58/><T91/><D4/><U70/><E70/><V33/><F33/><W133/><G6/><T129/><D7/><U96/><REACH who="1" step="1"/><E96/><REACH who="1" ten="250,240,250,250" step="2"/><V100/><F98/><W74/><G13/><T81/><D129/><U106/><E106/><V10/><F128/><W119/><G131/><T47/><D47/><U9/><E9/><V25/><F25/><W102/><G11/><T130/><D130/><U114/><E114/><V3/><F107/><W50/><G18/><T20/><D20/><U80/><E80/><N who="2" m="49319" /><F3/><W71/><G71/><T8/><D8/><U64/><E64/><V69/><F42/><W67/><G67/><RYUUKYOKU ba="0,1" sc="250,15,240,15,250,-15,250,-15" hai0="81,90,91,93,97,124,127" hai1="19,23,24,27,30,35,57,59,78,82,94,99,101" /><INIT seed="0,1,1,5,3,31" ten="265,255,235,235" oya="0" hai0="74,98,46,92,29,39,129,47,52,22,127,60,30" hai1="34,10,7,56,37,131,120,125,79,4,32,106,130" hai2="9,84,51,13,14,102,50,99,68,21,28,90,26" hai3="38,58,54,123,114,69,70,89,122,107,42,15,119"/><T135/><D74/><U96/><E37/><V75/><F75/><W18/><G114/><T12/><D135/><U81/><E120/><N who="3" m="46122" /><G119/><T41/><D129/><N who="1" m="49163" /><E56/><V108/><F68/><N who="3" m="26219" /><G107/><T134/><D134/><U132/><E132/><V117/><F117/><W67/><G67/><T57/><D47/><U36/><E36/><V5/><F14/><W63/><G38/><T112/><D127/><U115/><E125/><V80/><REACH who="2" step="1"/><F108/><REACH who="2" ten="265,255,225,235" step="2"/><W53/><G15/><T103/><D112/><U91/><E115/><V72/><F72/><W59/><G42/><T95/><D12/><N who="1" m="5191" /><E7/><V118/><F118/><W82/><G18/><T0/><D0/><U113/><E113/><V109/><F109/><W35/><G54/><T17/><D17/><U65/><E65/><V64/><F64/><W55/><G53/><T94/><REACH who="0" step="1"/><D22/><REACH who="0" ten="255,255,225,235" step="2"/><U87/><E106/><AGARI ba="1,3" hai="5,9,13,21,26,28,50,51,80,84,90,99,102,106" machi="106" ten="30,3900,0" yaku="1,1,7,1,53,1" doraHai="31" doraHaiUra="83" who="2" fromWho="1" sc="255,0,255,-42,225,72,235,0" /><AGARI ba="1,0" hai="29,30,39,41,46,52,57,60,92,94,95,98,103,106" machi="106" ten="40,7700,0" yaku="1,1,2,1,54,1,53,0" doraHai="31" doraHaiUra="83" who="0" fromWho="1" sc="255,77,213,-77,297,0,235,0" /><INIT seed="0,2,0,1,2,2" ten="332,136,297,235" oya="0" hai0="68,120,114,60,111,69,55,1,125,56,13,3,40" hai1="118,115,58,46,17,75,64,88,93,7,48,134,129" hai2="26,79,103,133,92,108,109,74,41,12,54,10,73" hai3="67,45,33,113,51,22,126,63,47,97,98,53,0"/><T15/><D120/><U107/><E75/><V99/><F133/><W38/><G113/><T102/><D114/><U36/><E107/><V70/><F70/><W123/><G123/><T71/><D125/><U86/><E36/><V87/><F41/><W105/><G33/><T35/><D35/><U119/><E115/><V19/><F26/><W127/><G0/><T61/><D40/><U100/><E100/><V28/><F28/><W20/><G38/><T128/><D128/><U89/><E129/><V112/><F112/><W23/><G45/><T34/><D34/><U96/><E17/><V72/><F54/><W122/><G122/><T84/><D1/><U76/><E76/><V80/><AGARI ba="2,0" hai="10,12,19,72,73,74,79,80,87,92,99,103,108,109" machi="80" ten="40,1500,0" yaku="0,1" doraHai="2" who="2" fromWho="2" sc="332,-9,136,-6,297,21,235,-6" /><INIT seed="1,0,0,4,0,95" ten="323,130,318,229" oya="1" hai0="56,12,121,34,24,65,98,75,51,52,89,133,57" hai1="87,76,106,4,38,42,101,68,8,70,16,88,97" hai2="83,134,118,94,29,108,50,44,21,14,100,47,7" hai3="85,107,115,69,123,78,49,26,105,55,113,119,99"/><U129/><E42/><V117/><F108/><W77/><G123/><T5/><D75/><U39/><E76/><V48/><F83/><W15/><G69/><T71/><D71/><U104/><E70/><V132/><F94/><W33/><G119/><T116/><D116/><U17/><E68/><V130/><F29/><W6/><G107/><T2/><D2/><U131/><E104/><V60/><F60/><W31/><G6/><T19/><D5/><U102/><E102/><V81/><F81/><W40/><G40/><T84/><D121/><U0/><E39/><V37/><F100/><W80/><G15/><T36/><D36/><U96/><E38/><V43/><F37/><W32/><G32/><T109/><D133/><U9/><E97/><V82/><F82/><W61/><G61/><T103/><D24/><U13/><REACH who="1" step="1"/><E17/><REACH who="1" ten="323,120,318,229" step="2"/><V67/><F118/><W135/><G77/><T53/><D103/><U90/><E90/><V64/><F117/><W1/><G99/><T20/><D98/><U62/><E62/><V110/><F43/><W120/><G105/><T92/><D65/><U10/><E10/><V30/><F67/><W45/><G120/><T91/><D91/><U23/><E23/><V27/><F64/><W35/><G35/><T112/><D34/><U58/><E58/><V72/><F134/><W66/><G135/><T111/><D112/><N who="3" m="43081" /><G66/><T18/><D18/><U126/><E126/><V46/><F132/><W59/><G59/><T74/><D74/><U122/><E122/><V86/><F21/><W125/><G125/><T25/><D57/><U22/><E22/><RYUUKYOKU ba="0,1" sc="323,-15,120,15,318,-15,229,15" hai1="0,4,8,9,13,16,87,88,96,101,106,129,131" hai3="1,26,31,33,45,49,55,78,80,85" /><INIT seed="1,1,1,1,5,19" ten="308,135,303,244" oya="1" hai0="135,87,93,20,71,108,47,102,125,54,109,35,72" hai1="60,92,15,77,39,37,81,84,16,74,132,3,120" hai2="62,40,26,101,131,115,11,105,2,50,64,43,29" hai3="69,10,42,127,48,83,32,99,95,90,21,31,66"/><U25/><E3/><V123/><F123/><W98/><G32/><T44/><D71/><U96/><E120/><V22/><F131/><W88/><G127/><T119/><D72/><U97/><E74/><V28/><F115/><W107/><G69/><T79/><D35/><U38/><E25/><V110/><F110/><N who="0" m="42602" /><D119/><U78/><E78/><V45/><F40/><W117/><G117/><T67/><D67/><U86/><E86/><V41/><F41/><W30/><G66/><T82/><D125/><U73/><E73/><V63/><F63/><W124/><G124/><T80/><D135/><U129/><E129/><V116/><F116/><W52/><G42/><T6/><D82/><U59/><E92/><V130/><F130/><W24/><G107/><T5/><D54/><U70/><E70/><V126/><F126/><W36/><G36/><T85/><D20/><U53/><REACH who="1" step="1"/><E132/><REACH who="1" ten="308,125,303,244" step="2"/><V100/><F105/><W18/><G83/><T65/><D87/><U133/><E133/><V34/><F34/><W106/><G106/><T0/><D0/><U9/><AGARI ba="1,2" hai="9,15,16,37,38,39,53,59,60,77,81,84,96,97" machi="9" ten="30,11700,0" yaku="1,1,0,1,54,1,53,1" doraHai="19" doraHaiUra="7" who="1" fromWho="1" sc="308,-40,125,140,303,-40,244,-40" /><INIT seed="1,2,0,4,3,30" ten="268,265,263,204" oya="1" hai0="73,134,18,64,83,22,72,97,67,66,133,92,82" hai1="123,105,101,106,42,6,110,90,84,79,111,135,35" hai2="118,77,58,91,4,56,41,0,62,98,52,47,128" hai3="100,14,38,7,23,129,61,1,124,103,81,33,130"/><U25/><E42/><V36/><F118/><W15/><G38/><T8/><D8/><U113/><E123/><V87/><F128/><N who="3" m="49259" /><G124/><T71/><D71/><U89/><E113/><V43/><F43/><W19/><G1/><T26/><D73/><U9/><E79/><V44/><F44/><W12/><G81/><T51/><D51/><U46/><E46/><V117/><F117/><W21/><G61/><T39/><D39/><U94/><E101/><N who="3" m="38986" /><G7/><T96/><D96/><U108/><E90/><V85/><F98/><W70/><G70/><T48/><D48/><U75/><E75/><V74/><F74/><W24/><G21/><T10/><D10/><U99/><E99/><V126/><F126/><W3/><G3/><T13/><D26/><U121/><E121/><V27/><F27/><W80/><G80/><T93/><D93/><U40/><E40/><V65/><F4/><W20/><G20/><T16/><D18/><U68/><E68/><V86/><F77/><W5/><G5/><T29/><D29/><AGARI ba="2,0" hai="12,14,15,19,23,24,29,33" m="38986,49259" machi="29" ten="30,2000,0" yaku="19,1,52,1" doraHai="30" who="3" fromWho="0" sc="268,-26,265,0,263,0,204,26" /><INIT seed="2,0,0,5,5,83" ten="242,265,263,230" oya="2" hai0="53,125,79,15,86,55,20,85,41,24,50,113,91" hai1="103,89,109,122,76,3,72,88,98,57,19,48,132" hai2="81,74,51,27,47,58,108,105,80,128,28,133,99" hai3="112,69,45,71,7,65,32,100,93,60,111,18,38"/><V104/><F133/><W0/><G32/><T61/><D113/><U92/><E3/><V44/><F128/><W56/><G112/><T1/><D1/><U23/><E132/><V134/><F134/><W54/><G111/><T66/><D125/><U84/><E109/><V120/><F108/><W68/><G18/><T127/><D127/><U13/><E72/><V117/><F117/><W17/><G17/><T25/><D41/><U95/><E122/><V22/><F120/><W21/><G21/><T49/><D15/><U126/><E126/><V2/><F2/><W34/><G34/><T90/><D20/><U94/><E76/><V43/><F58/><W114/><G114/><T5/><D79/><U70/><E70/><V123/><F123/><W62/><G93/><T131/><D131/><U129/><E129/><V97/><F74/><W82/><G100/><T118/><D118/><U78/><E78/><V11/><F11/><W35/><G82/><T10/><D10/><U40/><E40/><V59/><F59/><N who="3" m="35191" /><G35/><T124/><D124/><U37/><E37/><V9/><F9/><N who="3" m="2279" /><G45/><T87/><D5/><U130/><E130/><V135/><F135/><W107/><G107/><T39/><D39/><U26/><E26/><N who="0" m="10345" /><D66/><U12/><E12/><V102/><F47/><W115/><G38/><T63/><D49/><U101/><REACH who="1" step="1"/><E92/><REACH who="1" ten="242,255,263,230" step="2"/><V67/><F105/><W14/><G14/><T29/><D29/><U75/><E75/><V8/><F81/><W77/><G115/><T4/><D4/><U96/><E96/><N who="2" m="61511" /><F80/><W42/><G77/><T52/><D50/><U31/><E31/><RYUUKYOKU ba="0,1" sc="242,10,255,10,263,-30,230,10" hai0="52,53,55,61,63,85,86,87,90,91" hai1="13,19,23,48,57,84,88,89,94,95,98,101,103" hai3="42,56,60,65,68,69,71" /><INIT seed="3,1,1,2,2,41" ten="252,265,233,240" oya="3" hai0="19,44,22,10,1,61,97,57,109,45,35,14,98" hai1="63,20,26,75,111,11,129,110,96,3,58,29,95" hai2="133,5,40,107,37,81,21,124,101,127,89,53,118" hai3="30,33,121,25,34,39,100,69,9,7,64,59,93"/><W32/><G121/><T8/><D35/><N who="3" m="13385" /><G93/><T112/><D109/><N who="1" m="41483" /><E75/><V55/><F118/><W115/><G59/><T43/><D112/><U70/><E70/><V62/><F133/><W113/><G100/><T73/><D73/><U4/><E129/><V125/><F5/><W31/><G39/><T48/><D1/><U56/><E63/><V117/><F117/><W18/><G31/><T87/><D87/><U122/><E122/><V46/><F62/><N who="3" m="40087" /><G18/><T36/><D8/><U82/><E82/><V0/><F0/><AGARI ba="1,1" hai="0,7,9,25,30,34,113,115" m="40087,13385" machi="0" ten="30,1500,0" yaku="23,1" doraHai="41" who="3" fromWho="2" sc="252,0,265,0,233,-18,240,28" /><INIT seed="3,2,0,2,3,23" ten="252,265,215,268" oya="3" hai0="0,31,7,57,120,118,116,92,83,126,119,3,111" hai1="24,52,78,124,105,29,106,17,43,127,97,135,85" hai2="60,91,129,30,134,64,5,107,84,88,89,133,48" hai3="16,21,59,102,117,50,34,95,54,14,132,67,1"/><W70/><G117/><T123/><D126/><N who="1" m="48171" /><E43/><V131/><F5/><W121/><G121/><T68/><D68/><U39/><E39/><V93/><F107/><W109/><G1/><T122/><D31/><U36/><E36/><V42/><F42/><W47/><G34/><T45/><D45/><U49/><E17/><V77/><F48/><W2/><G2/><T98/><D7/><U101/><E135/><N who="2" m="51723" /><F30/><W72/><G72/><T99/><D111/><U74/><E74/><V81/><F60/><N who="3" m="38303" /><G70/><T46/><D46/><N who="1" m="27703" /><E85/><N who="2" m="48303" /><F64/><W87/><G109/><T10/><D10/><U18/><E18/><V13/><F13/><W75/><G75/><T53/><D83/><U69/><E78/><V108/><F108/><W103/><G132/><T32/><D32/><N who="1" m="20519" /><E69/><V73/><F73/><W90/><AGARI ba="2,0" hai="14,16,21,47,50,54,87,90,95,102,103" m="38303" machi="90" ten="30,3000,0" yaku="8,1,54,1" doraHai="23" who="3" fromWho="3" sc="252,-12,265,-12,215,-12,268,36" owari="240,-16.0,253,5.0,203,-30.0,304,41.0" /></mjloggm>