<mjloggm ver="2.3"><GO type="225" lobby="0"/><UN n0="%E9%A7%84%E5%A6%B9" n1="%E3%81%86%E3%81%A9%E3%82%93%E5%B1%8B" n2="%E3%82%82%E3%82%81%E3%82%93%E3%81%AA%E3%81%A1%E3%82%83%E3%81%84" n3="%E3%83%88%E3%83%88%E3%83%AA%E5%85%88%E7%94%9F%31%39%E6%AD%B3" dan="16,17,17,16" rate="2144.75,2155.32,2176.64,2161.81" sx="F,M,M,F"/><TAIKYOKU oya="0"/><INIT seed="0,0,0,5,2,34" ten="250,250,250,250" oya="0" hai0="130,132,104,119,126,55,13,8,3,93,22,27,120" hai1="83,40,134,115,54,76,30,103,58,1,49,94,14" hai2="102,47,87,10,50,68,96,64,88,108,79,5,41" hai3="106,65,56,116,42,33,57,74,123,61,7,4,112"/><T95/><D119/><U122/><E122/><V127/><F108/><W92/><G116/><T21/><D120/><U62/><E134/><V20/><F127/><W52/><G106/><T37/><D104/><U78/><E115/><V18/><F79/><W17/><G123/><T89/><D37/><U23/><E1/><V105/><F64/><W2/><G74/><T114/><D3/><U24/><E14/><V36/><F68/><W69/><G33/><T131/><D126/><U113/><E113/><V70/><F70/><W72/><G72/><T35/><D95/><U124/><E124/><V128/><F128/><N who="0" m="49194" /><D132/><U101/><E94/><V77/><F77/><N who="1" m="29801" /><E83/><V0/><F36/><W11/><G112/><T100/><D100/><N who="1" m="38475" /><E40/><V75/><F75/><W53/><G42/><T25/><D55/><U133/><E133/><V15/><REACH who="2" step="1"/><F87/><REACH who="2" ten="250,250,240,250" step="2"/><W82/><G69/><T107/><D114/><U118/><E118/><V125/><F125/><W16/><G65/><T63/><D107/><U45/><E45/><V110/><F110/><W19/><G57/><T38/><D38/><U51/><AGARI ba="0,1" hai="23,24,30,49,51,54,58,62" m="38475,29801" machi="51" ten="30,1100,0" yaku="8,1" doraHai="34" who="1" fromWho="1" sc="250,-5,250,21,240,-3,250,-3" /><INIT seed="1,0,0,3,4,120" ten="245,271,237,247" oya="1" hai0="55,18,110,78,134,100,37,49,67,34,113,102,51" hai1="19,81,1,80,79,76,132,118,64,96,91,0,99" hai2="22,35,86,62,82,108,128,122,47,98,5,41,101" hai3="12,116,89,87,4,29,61,105,97,126,7,68,42"/><U103/><E64/><V66/><F35/><W44/><G126/><T46/><D113/><U14/><E118/><V20/><F122/><W50/><G116/><T124/><D37/><U27/><E132/><V21/><F128/><W133/><G133/><T115/><D115/><U65/><E65/><V131/><F131/><W127/><G127/><T74/><D34/><U107/><E27/><V32/><F32/><W130/><G130/><T31/><D31/><U53/><E53/><V90/><F5/><W135/><G135/><T114/><D67/><U23/><E96/><V84/><F84/><W28/><G61/><T75/><D124/><U56/><E56/><V48/><F108/><W57/><G57/><T58/><D134/><U111/><E91/><V26/><F26/><W40/><G68/><T95/><D110/><U36/><E36/><V93/><REACH who="2" step="1"/><F22/><REACH who="2" ten="245,271,227,247" step="2"/><W10/><G4/><T117/><D114/><U109/><E109/><V43/><F43/><W94/><G42/><N who="0" m="24791" /><D117/><U45/><E111/><V3/><F3/><W25/><G25/><T92/><D75/><U72/><E1/><V63/><F63/><W11/><G11/><T8/><D74/><N who="1" m="43031" /><E0/><V54/><F54/><W88/><REACH who="3" step="1"/><G105/><REACH who="3" ten="245,271,227,237" step="2"/><T30/><D8/><U13/><E107/><V2/><F2/><W52/><G52/><T77/><D55/><U104/><E14/><V71/><AGARI ba="0,2" hai="20,21,41,47,48,62,66,71,82,86,90,93,98,101" machi="71" ten="20,5200,0" yaku="1,1,0,1,7,1,53,1" doraHai="120" doraHaiUra="83" who="2" fromWho="2" sc="245,-13,271,-26,227,72,237,-13" /><INIT seed="2,0,0,3,4,124" ten="232,245,299,224" oya="2" hai0="21,94,47,128,118,5,51,76,65,58,91,79,117" hai1="92,112,35,87,86,107,85,97,130,70,81,53,40" hai2="37,90,80,19,9,3,0,61,119,132,82,123,104" hai3="106,23,102,42,127,8,105,27,125,2,99,133,109"/><V69/><F123/><W38/><G109/><T89/><D5/><U15/><E35/><V13/><F119/><N who="0" m="45578" /><D89/><U100/><E70/><V63/><F104/><W113/><G133/><T12/><D128/><U46/><E112/><V25/><F37/><W24/><G113/><T110/><D110/><U17/><E130/><V96/><F132/><W77/><G105/><T28/><D58/><U98/><E53/><V57/><F69/><W135/><G135/><T22/><D65/><U131/><E131/><V11/><F63/><W60/><G77/><N who="0" m="29771" /><D12/><U103/><E81/><V1/><F25/><W66/><G27/><T108/><D28/><U20/><REACH who="1" step="1"/><E87/><REACH who="1" ten="232,235,299,224" step="2"/><V93/><F82/><W52/><G125/><T116/><D116/><U129/><E129/><V64/><REACH who="2" step="1"/><F80/><REACH who="2" ten="232,235,289,224" step="2"/><W18/><G127/><T31/><D108/><U55/><E55/><V32/><F32/><W10/><G52/><N who="0" m="29823" /><D31/><U16/><E16/><V29/><F29/><W41/><G18/><T39/><D39/><AGARI ba="0,2" hai="15,17,20,39,40,46,85,86,92,97,98,100,103,107" machi="39" ten="30,2000,0" yaku="1,1,7,1,53,0" doraHai="124" doraHaiUra="45" who="1" fromWho="0" sc="232,-20,235,40,289,0,224,0" /><INIT seed="3,0,0,1,0,81" ten="212,275,289,224" oya="3" hai0="66,37,48,129,122,83,117,41,14,113,44,71,6" hai1="121,104,34,111,19,116,39,10,95,65,85,36,102" hai2="86,46,43,79,58,27,134,97,98,105,18,107,51" hai3="67,31,11,125,5,92,16,106,74,103,9,12,109"/><W94/><G74/><T1/><D117/><U63/><E121/><V80/><F134/><W76/><G76/><T47/><D122/><U68/><E116/><V25/><F107/><W135/><G135/><T4/><D1/><U35/><E111/><V132/><F132/><W50/><G109/><T64/><D129/><U49/><E49/><V69/><F69/><W119/><G119/><T130/><D130/><U53/><E53/><V89/><F105/><W112/><G112/><T2/><D2/><U62/><E62/><V78/><F58/><W75/><G75/><T15/><D113/><U57/><E57/><V7/><F7/><N who="0" m="2602" /><D37/><U120/><E120/><V127/><F127/><W56/><G125/><T87/><D44/><U28/><E19/><V82/><F89/><W123/><G123/><T32/><D32/><U40/><E10/><V101/><F101/><W108/><G108/><T77/><D71/><U128/><E128/><V88/><F79/><W3/><G31/><T45/><D47/><U52/><E52/><V20/><F27/><W118/><G118/><T30/><D30/><U55/><E55/><V59/><F59/><W72/><G72/><AGARI ba="0,0" hai="18,20,25,43,46,51,72,78,80,82,86,88,97,98" machi="72" ten="30,3900,0" yaku="7,1,52,1,54,1" doraHai="81" who="2" fromWho="3" sc="212,0,275,0,289,39,224,-39" owari="212,-19.0,275,8.0,328,42.0,185,-31.0" /></mjloggm>