<mjloggm ver="2.3"><GO type="97" lobby="0"/><UN n0="%E3%82%8A%E3%82%87%E3%83%BC%E3%81%98" n1="%E5%A5%B3%E5%AD%90%E5%8A%9B%E2%98%86%E3%81%94%E3%82%8A%E3%82%89" n2="%E5%B0%B1%E6%B4%BB%E7%94%9F%40%E5%B7%9D%E6%9D%91%E8%BB%8D%E5%9B%A3" n3="%E5%AF%8C%E7%94%B7%E3%81%A7%E3%81%99" dan="14,14,15,13" rate="1885.95,1903.41,2018.62,1828.34" sx="M,F,M,M"/><TAIKYOKU oya="0"/><INIT seed="0,0,0,0,4,15" ten="250,250,250,250" oya="0" hai0="46,22,6,10,115,91,86,122,39,124,66,67,117" hai1="8,12,102,29,20,70,78,9,72,21,33,113,103" hai2="40,97,89,34,13,100,69,130,104,121,55,129,59" hai3="116,47,108,75,94,16,134,57,77,18,38,131,127"/><T110/><D115/><U123/><E123/><V119/><F69/><W2/><G116/><T25/><D117/><U60/><E113/><V85/><F34/><W90/><G2/><T3/><D122/><U93/><E72/><V5/><F119/><W98/><G134/><T71/><D124/><U31/><E78/><V4/><F121/><W45/><G127/><T62/><D67/><U41/><E33/><V132/><F40/><W74/><G74/><T79/><D79/><U50/><E70/><V24/><F24/><W56/><G38/><T14/><D46/><N who="3" m="17417" /><G75/><T99/><D99/><U1/><E1/><V111/><F111/><W19/><G108/><T92/><D110/><U0/><E41/><V32/><F32/><W52/><G131/><N who="2" m="50185" /><F13/><W42/><G42/><T107/><D3/><U65/><E0/><V35/><F35/><W37/><G37/><T76/><D76/><U44/><E12/><V125/><F125/><W36/><G36/><T126/><D126/><U101/><E44/><V30/><F30/><W109/><G109/><T7/><D39/><U112/><E31/><V48/><F132/><W64/><G77/><T73/><D73/><U51/><E112/><V80/><AGARI ba="0,0" hai="4,5,48,55,59,80,85,89,97,100,104" m="50185" machi="80" ten="30,1100,0" yaku="19,1" doraHai="15" who="2" fromWho="2" sc="250,-5,250,-3,250,11,250,-3" /><INIT seed="1,0,0,3,1,43" ten="245,247,261,247" oya="1" hai0="88,131,80,73,31,1,41,36,97,0,123,116,122" hai1="79,5,47,14,109,101,3,64,84,28,23,103,16" hai2="74,124,7,37,29,27,115,106,26,130,112,70,33" hai3="127,53,93,58,8,32,100,66,50,67,120,117,2"/><U40/><E109/><V39/><F106/><W52/><G120/><N who="0" m="46123" /><D116/><U75/><E75/><V69/><F74/><W113/><G113/><N who="2" m="43593" /><F130/><W49/><G117/><T111/><D111/><U98/><E64/><V25/><F124/><W85/><G32/><T35/><D131/><U81/><E28/><V38/><F7/><W83/><G2/><T135/><D135/><U9/><REACH who="1" step="1"/><E98/><REACH who="1" ten="245,237,261,247" step="2"/><V134/><F134/><W95/><G127/><T13/><D73/><U96/><E96/><V126/><F126/><W87/><G66/><T128/><D97/><U90/><E90/><V92/><F29/><W68/><G67/><T17/><D128/><U108/><E108/><V77/><F33/><W20/><G100/><T78/><D31/><U55/><E55/><V42/><F77/><W94/><G53/><T12/><D35/><U11/><E11/><V114/><F114/><W102/><G8/><T105/><D78/><U34/><E34/><V76/><F76/><W72/><G72/><T46/><D105/><U104/><E104/><V89/><F42/><W129/><G129/><T54/><D54/><U82/><E82/><V63/><F63/><W125/><G125/><T110/><D110/><U61/><E61/><V119/><F119/><W51/><G83/><T60/><D60/><U44/><E44/><V56/><F56/><W57/><G57/><T19/><D88/><U65/><E65/><V48/><F48/><AGARI ba="0,1" hai="3,5,9,14,16,23,40,47,48,79,81,84,101,103" machi="48" ten="30,18000,2" yaku="1,1,7,1,52,1,54,1,53,2" doraHai="43" doraHaiUra="99" who="1" fromWho="2" sc="245,0,237,190,261,-180,247,0" /><INIT seed="1,1,0,4,4,101" ten="245,427,81,247" oya="1" hai0="88,81,93,1,119,96,69,52,32,120,110,132,9" hai1="99,41,92,67,19,130,5,6,83,10,125,56,55" hai2="34,65,118,98,22,49,3,131,38,59,122,62,58" hai3="85,91,134,16,63,109,128,47,108,74,72,53,25"/><U23/><E125/><V71/><F34/><W135/><G128/><T42/><D69/><U113/><E130/><V57/><F3/><W15/><G25/><T121/><D32/><U31/><E113/><V100/><F131/><W60/><G60/><T77/><D42/><U70/><E70/><V12/><F122/><N who="0" m="47210" /><D1/><U46/><E67/><V61/><F118/><W2/><G2/><T7/><D119/><U20/><E83/><V18/><F38/><W126/><G126/><T27/><D27/><N who="1" m="16895" /><E41/><V112/><F49/><N who="3" m="28863" /><G63/><T14/><D110/><N who="3" m="42601" /><G74/><N who="0" m="43191" /><D132/><U66/><E46/><V114/><REACH who="2" step="1"/><F61/><REACH who="2" ten="245,427,71,247" step="2"/><W11/><G72/><T87/><D96/><U107/><E99/><V64/><F64/><W29/><G134/><T33/><D33/><U95/><E66/><V50/><F50/><W127/><G135/><T78/><D78/><U79/><E79/><V37/><F37/><W17/><G127/><T106/><D106/><AGARI ba="1,1" hai="12,18,22,57,58,59,62,65,71,98,100,106,112,114" machi="106" ten="40,5200,0" yaku="1,1,52,1,53,1" doraHai="101" doraHaiUra="103" who="2" fromWho="0" sc="245,-55,427,0,71,65,247,0" /><INIT seed="2,0,0,0,1,76" ten="190,427,136,247" oya="2" hai0="81,48,119,28,40,111,23,43,7,63,12,87,71" hai1="34,130,124,37,3,125,10,129,121,91,51,109,1" hai2="108,134,77,59,25,36,4,118,132,15,5,85,105" hai3="115,83,86,126,135,64,104,100,96,50,131,65,39"/><V102/><F118/><W8/><G39/><T79/><D111/><U133/><E109/><V66/><F36/><W52/><G126/><N who="1" m="48746" /><E121/><V101/><F108/><W92/><G131/><T123/><D123/><U26/><E133/><N who="2" m="51307" /><F25/><W116/><G116/><T44/><D119/><U11/><E37/><V38/><F38/><W2/><G115/><T9/><D71/><U97/><E51/><V114/><F114/><W122/><G104/><T112/><D112/><U29/><E97/><N who="2" m="61615" /><F102/><W117/><G117/><T80/><D63/><U128/><E91/><V107/><F107/><W103/><G100/><T54/><REACH who="0" step="1"/><D81/><REACH who="0" ten="180,427,136,247" step="2"/><U69/><E69/><V55/><F66/><W31/><G122/><T89/><D89/><U98/><E129/><V95/><F15/><W45/><G135/><T46/><D46/><U70/><E70/><V88/><F77/><W67/><G67/><T68/><D68/><U93/><E130/><V73/><F73/><W32/><G64/><T30/><D30/><U49/><E128/><V33/><F33/><W47/><G65/><T60/><D60/><AGARI ba="0,1" hai="4,5,55,59,60,85,88,95" m="61615,51307" machi="60" ten="30,2900,0" yaku="20,1,54,1" doraHai="76" who="2" fromWho="0" sc="180,-29,427,0,136,39,247,0" /><INIT seed="2,1,0,3,2,22" ten="151,427,175,247" oya="2" hai0="63,26,66,101,48,65,62,80,94,117,77,31,95" hai1="69,67,41,84,30,60,51,32,40,15,58,53,7" hai2="104,18,68,42,10,13,37,39,92,85,87,56,107" hai3="108,96,110,128,57,5,105,115,74,82,111,83,55"/><V121/><F68/><W61/><G128/><T78/><D117/><U75/><E75/><V120/><F56/><W133/><G133/><T126/><D126/><U118/><E118/><V6/><F6/><W73/><G115/><T3/><D3/><U112/><E112/><V29/><F29/><W38/><G38/><T35/><D48/><U98/><E32/><V59/><F59/><W36/><G36/><T11/><D11/><U130/><E30/><V27/><F27/><W0/><G0/><T81/><D31/><U64/><E130/><V12/><F92/><W103/><G5/><T43/><D101/><U127/><E127/><V52/><F10/><W89/><G89/><T122/><D43/><U20/><E67/><V33/><F18/><W93/><G93/><T132/><D122/><U125/><E98/><V17/><F17/><W113/><G113/><T54/><D54/><U97/><E97/><V106/><F106/><W46/><G46/><T91/><D132/><U47/><E69/><V119/><F119/><W9/><G9/><T50/><D50/><U28/><E7/><V4/><F4/><W44/><G44/><T49/><D49/><U114/><E114/><V34/><REACH who="2" step="1"/><F42/><REACH who="2" ten="151,427,165,247" step="2"/><N who="1" m="16489" /><E125/><V19/><F19/><W70/><G70/><T134/><D94/><U100/><E28/><V71/><F71/><W16/><G16/><T102/><D95/><U90/><E58/><V14/><F14/><W23/><G23/><T25/><D65/><U135/><E20/><V1/><F1/><W24/><G24/><T86/><D66/><U123/><E135/><V88/><F88/><RYUUKYOKU ba="1,1" sc="151,-15,427,-15,165,15,247,15" hai2="12,13,33,34,37,39,52,85,87,104,107,120,121" hai3="55,57,61,73,74,82,83,96,103,105,108,110,111" /><INIT seed="2,2,1,5,0,101" ten="136,412,180,262" oya="2" hai0="118,113,25,104,53,48,13,59,66,67,29,80,51" hai1="55,23,106,31,72,97,109,121,123,76,2,94,84" hai2="63,27,45,34,122,26,95,54,102,128,79,9,40" hai3="114,52,85,98,134,135,12,107,91,115,116,73,46"/><V82/><F128/><W38/><G116/><T30/><D113/><N who="3" m="43017" /><G73/><T70/><D118/><U57/><E72/><V78/><F34/><W62/><G12/><T6/><D70/><U4/><E109/><V90/><F122/><N who="1" m="46601" /><E2/><V1/><F1/><W81/><G38/><T60/><D80/><N who="1" m="47111" /><E4/><V93/><F9/><W125/><G125/><T126/><D126/><U58/><E106/><V129/><F129/><W87/><G87/><T96/><D30/><U44/><E44/><V5/><F5/><W132/><G107/><T120/><D120/><U21/><E31/><V71/><F71/><W127/><G127/><T36/><D36/><U133/><E133/><V68/><F102/><W69/><G69/><T83/><D83/><U65/><E65/><V88/><F68/><W56/><G46/><T0/><D0/><U47/><E47/><V74/><F79/><W15/><G15/><T28/><D28/><U119/><E58/><V22/><F63/><W130/><G130/><T20/><D66/><U33/><E33/><V50/><F40/><W111/><G111/><T75/><D67/><U112/><E112/><V18/><REACH who="2" step="1"/><F26/><REACH who="2" ten="136,412,170,262" step="2"/><W92/><G132/><T110/><D110/><U49/><E119/><V19/><F19/><W10/><G10/><N who="0" m="4311" /><D75/><U64/><E21/><V42/><F42/><W117/><G117/><T43/><D43/><U35/><E23/><V89/><AGARI ba="2,2" hai="18,22,27,45,50,54,74,78,82,88,89,90,93,95" machi="89" ten="30,18000,2" yaku="1,1,0,1,54,1,53,3" doraHai="101" doraHaiUra="86" who="2" fromWho="2" sc="136,-62,412,-62,170,206,262,-62" /><INIT seed="2,3,0,4,3,41" ten="74,350,376,200" oya="2" hai0="48,109,74,78,110,71,53,130,118,104,135,40,72" hai1="23,129,1,124,28,113,91,58,65,108,43,29,107" hai2="36,16,56,51,57,59,119,21,89,13,19,132,88" hai3="90,50,87,131,37,86,42,123,75,121,93,80,83"/><V12/><F119/><W33/><G33/><T61/><D104/><U81/><E113/><V62/><F36/><W22/><G37/><T9/><D78/><U99/><E108/><N who="0" m="41577" /><D9/><U122/><E1/><V125/><F125/><W103/><G22/><T46/><D74/><U68/><E124/><V45/><F132/><W52/><G42/><T15/><D72/><U38/><E68/><V49/><F62/><W2/><G2/><T94/><D94/><U5/><E129/><V76/><F76/><W6/><G6/><T3/><D15/><U69/><E5/><V10/><F51/><W102/><G75/><T85/><D85/><U39/><E69/><V44/><F44/><N who="3" m="27719" /><G131/><T92/><D92/><U95/><E39/><V31/><F31/><W60/><G60/><T11/><D11/><U128/><E38/><V100/><F100/><N who="3" m="38443" /><G121/><T82/><D82/><N who="3" m="31273" /><G123/><T114/><D3/><U34/><E43/><AGARI ba="3,0" hai="10,12,13,16,19,21,43,45,49,56,57,59,88,89" machi="43" ten="40,12000,1" yaku="8,1,52,1,54,2" doraHai="41" who="2" fromWho="1" sc="74,0,350,-129,376,129,200,0" /><INIT seed="2,4,0,5,1,40" ten="74,221,505,200" oya="2" hai0="43,50,19,111,95,27,6,16,107,122,92,120,34" hai1="69,126,58,65,94,33,38,110,74,15,121,102,134" hai2="84,82,66,105,63,118,99,98,42,24,8,90,109" hai3="4,106,123,129,53,80,70,14,60,35,103,85,128"/><V62/><F118/><W79/><G35/><T87/><D107/><U86/><E110/><V124/><F124/><W68/><G123/><T18/><D6/><U47/><E74/><V46/><F109/><W0/><G0/><T108/><D87/><U131/><E126/><V10/><F24/><W25/><G25/><T23/><D34/><U37/><E121/><V20/><F20/><W104/><G53/><T59/><D19/><U78/><E69/><N who="3" m="26730" /><G103/><T29/><D59/><U41/><E33/><V39/><F105/><W132/><G60/><T26/><D43/><U45/><E37/><V135/><F135/><W83/><G83/><T67/><D50/><U30/><E134/><V100/><F62/><W49/><G49/><T101/><D101/><U54/><E65/><V127/><F127/><W52/><G52/><T64/><REACH who="0" step="1"/><D23/><REACH who="0" ten="64,221,505,200" step="2"/><U76/><E38/><V7/><F100/><W116/><G132/><T119/><D119/><U75/><E41/><V5/><F5/><W96/><G116/><T56/><D56/><U12/><E75/><V117/><F117/><W112/><G104/><T31/><AGARI ba="4,1" hai="16,18,26,27,29,31,64,67,92,95,108,111,120,122" machi="31" ten="25,8000,1" yaku="1,1,0,1,22,2,54,1,53,0" doraHai="40" doraHaiUra="51" who="0" fromWho="0" sc="64,102,221,-24,505,-44,200,-24" /><INIT seed="3,0,0,1,5,4" ten="166,197,461,176" oya="3" hai0="71,24,58,35,10,89,135,133,2,49,78,134,74" hai1="48,123,70,116,96,105,120,62,11,45,107,36,34" hai2="46,112,111,131,53,68,100,40,79,42,44,80,75" hai3="29,81,32,3,61,99,51,98,92,77,16,6,132"/><W15/><G132/><T38/><D38/><U22/><E22/><V117/><F68/><W87/><G61/><T8/><D71/><U119/><E11/><N who="0" m="4137" /><D2/><U73/><E48/><V118/><F112/><W63/><G63/><T59/><D49/><U0/><E0/><V104/><F131/><W21/><G3/><T14/><D89/><U50/><E34/><V55/><F111/><W86/><G6/><T66/><D66/><N who="1" m="41303" /><E73/><V20/><F20/><N who="3" m="11295" /><G32/><T97/><D14/><U128/><E128/><V126/><F126/><W26/><G51/><T13/><D13/><U83/><E83/><V108/><F108/><W130/><G130/><T56/><D97/><U122/><E36/><V39/><F117/><N who="1" m="45129" /><E96/><V47/><F118/><W91/><AGARI ba="0,0" hai="21,26,29,77,81,86,87,91,92,98,99" m="11295" machi="91" ten="30,3000,0" yaku="8,1,54,1" doraHai="4" who="3" fromWho="3" sc="166,-10,197,-10,461,-10,176,30" /><INIT seed="3,1,0,4,2,113" ten="156,187,451,206" oya="3" hai0="56,124,25,69,88,43,129,41,63,82,115,77,61" hai1="30,39,15,76,73,14,62,80,79,57,23,100,22" hai2="111,31,8,95,12,70,55,131,74,53,87,11,121" hai3="127,28,21,112,32,51,134,123,66,10,118,133,50"/><W71/><G118/><T49/><D115/><U59/><E39/><V122/><F74/><W135/><G112/><T110/><D110/><U126/><E126/><V108/><F70/><W0/><G127/><T37/><D124/><U83/><E100/><V13/><F31/><W68/><G21/><T44/><D129/><U58/><E62/><V65/><F65/><W78/><G78/><N who="1" m="29738" /><E73/><V60/><F131/><W96/><G96/><T4/><D4/><U117/><E117/><V2/><F2/><W9/><G123/><N who="2" m="47113" /><F95/><W33/><G66/><T19/><D77/><U18/><E30/><V132/><F87/><W16/><G28/><T94/><D82/><N who="1" m="31275" /><E18/><N who="2" m="8455" /><F132/><W75/><G75/><T84/><D69/><N who="3" m="26697" /><G16/><T35/><D35/><N who="3" m="13385" /><G0/><T34/><D34/><U40/><E40/><V26/><F26/><W29/><G29/><T97/><D37/><U93/><E93/><V105/><F105/><W107/><G107/><T120/><D120/><U20/><AGARI ba="1,0" hai="14,15,20,22,23,57,58,59" m="31275,29738" machi="20" ten="40,5200,0" yaku="28,2,8,1" doraHai="113" who="1" fromWho="1" sc="156,-14,187,55,451,-14,206,-27" owari="142,-36.0,242,4.0,437,54.0,179,-22.0" /></mjloggm>