<mjloggm ver="2.3"><GO type="225" lobby="0"/><UN n0="%E3%83%88%E3%83%88%E3%83%AA%E5%85%88%E7%94%9F%31%39%E6%AD%B3" n1="%53%65%6E%61%72" n2="%6D%61%74%69%6F%73%61%6E" n3="%70%61%78%65%6C%6C" dan="18,17,16,16" rate="2282.03,2106.70,2077.93,2106.38" sx="F,M,M,M"/><TAIKYOKU oya="0"/><INIT seed="0,0,0,5,2,20" ten="250,250,250,250" oya="0" hai0="119,11,32,54,10,50,91,61,114,59,128,98,132" hai1="113,120,93,111,29,100,36,55,92,37,66,87,5" hai2="63,14,133,125,106,25,64,88,76,129,86,118,81" hai3="104,62,67,78,79,31,38,39,68,107,72,56,90"/><T70/><D114/><U60/><E120/><V19/><F106/><W45/><G31/><T85/><D119/><U48/><E113/><V135/><F118/><W53/><G39/><T122/><D122/><U110/><E5/><V2/><F2/><W95/><G107/><T89/><D128/><U117/><E117/><V22/><F129/><W105/><G104/><T69/><D132/><N who="2" m="50762" /><F125/><W3/><G105/><T51/><D32/><U47/><E29/><V7/><F7/><W42/><G3/><T127/><D127/><U1/><E1/><V74/><F74/><W8/><G8/><N who="0" m="3115" /><D69/><U97/><E92/><V96/><F96/><W35/><G35/><T101/><D70/><U131/><E87/><V57/><F14/><W116/><G72/><T130/><D130/><U17/><E17/><V34/><F34/><W123/><G123/><T43/><D43/><U33/><E33/><V75/><F75/><W49/><REACH who="3" step="1"/><G116/><REACH who="3" ten="250,250,250,240" step="2"/><T94/><D101/><U82/><E131/><V24/><F76/><W124/><G124/><T65/><D65/><U58/><REACH who="1" step="1"/><E82/><AGARI ba="0,1" hai="50,51,54,59,61,82,85,89,91,94,98" m="3115" machi="82" ten="30,1500,0" yaku="8,1" doraHai="20" who="0" fromWho="1" sc="250,25,250,-15,250,0,240,0" /><INIT seed="0,1,0,5,0,50" ten="275,235,250,240" oya="0" hai0="44,56,124,127,24,61,126,103,106,62,135,49,90" hai1="37,63,15,73,97,65,60,7,12,54,129,114,30" hai2="59,53,0,109,95,100,78,48,113,69,11,122,117" hai3="3,4,55,134,96,83,91,76,19,43,132,64,2"/><T99/><D135/><N who="3" m="51753" /><G43/><T67/><D62/><U1/><E37/><V118/><F69/><W110/><G64/><T10/><D10/><U108/><E108/><V71/><F71/><W9/><G110/><T104/><D90/><U86/><E73/><V88/><F122/><W25/><G3/><T20/><D99/><U79/><E129/><V72/><F109/><W41/><G41/><T66/><D103/><U89/><E30/><V36/><F36/><W46/><G19/><T16/><D66/><U85/><E114/><V112/><F100/><W39/><G25/><T58/><REACH who="0" step="1"/><D56/><REACH who="0" ten="265,235,250,240" step="2"/><U35/><E89/><V131/><F112/><W23/><G96/><T125/><N who="0" m="31744" /><DORA hai="68" /><T74/><D74/><U42/><E97/><V6/><F113/><W92/><G91/><T82/><D82/><U38/><E65/><V32/><F72/><W8/><G8/><T116/><D116/><U22/><E63/><V93/><F11/><W77/><G83/><T94/><D94/><U47/><E60/><V120/><F93/><W57/><G92/><T14/><D14/><U121/><E15/><V107/><F118/><W98/><G98/><T81/><D81/><U111/><E12/><V29/><F117/><W31/><G57/><T123/><D123/><U84/><E121/><V21/><F120/><W51/><G51/><T87/><D87/><U119/><E119/><V70/><F48/><W34/><G9/><T33/><D33/><U75/><E75/><V17/><F59/><W5/><G2/><T13/><D13/><U133/><E1/><V130/><F0/><W80/><G34/><RYUUKYOKU ba="1,1" sc="265,30,235,-10,250,-10,240,-10" hai0="16,20,24,44,49,58,61,67,104,106" /><INIT seed="0,2,1,4,4,127" ten="295,225,240,230" oya="0" hai0="121,111,93,54,37,14,117,79,63,46,115,18,64" hai1="17,29,58,44,62,94,45,87,5,8,66,85,31" hai2="16,12,73,55,102,135,113,106,47,42,52,76,22" hai3="95,23,132,104,99,3,89,24,125,67,105,50,130"/><T74/><D115/><U124/><E124/><V49/><F113/><W120/><G3/><T13/><D117/><U48/><E17/><V34/><F34/><W59/><G125/><T68/><D121/><U86/><E94/><V4/><F4/><W114/><G114/><T51/><D111/><U123/><E123/><V126/><F126/><W70/><G70/><T119/><D119/><U72/><E72/><V65/><F65/><W43/><G132/><T107/><D107/><U56/><E56/><V19/><F135/><W60/><G120/><T100/><D18/><U91/><E91/><V35/><F35/><W103/><G105/><T21/><D21/><U30/><REACH who="1" step="1"/><E48/><REACH who="1" ten="295,215,240,230" step="2"/><V77/><F73/><W38/><G104/><T41/><D74/><U80/><E80/><V116/><F116/><W97/><G50/><T108/><D79/><N who="2" m="30282" /><F106/><W53/><G59/><N who="0" m="33247" /><D108/><U134/><E134/><V75/><F75/><W122/><G95/><T1/><D93/><U82/><E82/><V36/><F36/><W83/><G89/><T110/><D100/><U101/><E101/><V78/><F102/><W88/><G38/><T25/><D110/><U39/><E39/><V92/><F92/><W7/><G88/><T118/><D118/><U81/><E81/><V69/><F69/><W131/><G83/><T15/><D25/><U11/><E11/><N who="2" m="6559" /><F78/><W57/><G103/><T112/><D112/><U84/><N who="1" m="21504" /><DORA hai="128" /><U9/><E9/><V109/><F109/><W98/><G122/><T90/><D90/><U61/><E61/><V33/><F49/><W28/><G60/><T40/><D40/><RYUUKYOKU ba="2,2" sc="295,15,215,15,240,-15,230,-15" hai0="1,13,14,15,37,41,46,63,64,68" hai1="5,8,29,30,31,44,45,58,62,66" /><INIT seed="0,3,2,3,4,89" ten="310,230,225,215" oya="0" hai0="15,101,44,67,18,129,4,35,99,121,55,19,112" hai1="9,105,5,130,80,123,3,8,26,24,71,37,93" hai2="7,28,124,78,110,75,95,91,120,73,68,10,109" hai3="51,42,133,88,134,58,62,34,49,98,32,6,31"/><T47/><D112/><U27/><E105/><V64/><F120/><W60/><G6/><T117/><D121/><U107/><E107/><V135/><F135/><N who="3" m="51723" /><G31/><T114/><D114/><U84/><E123/><V131/><F124/><W46/><G51/><T66/><D35/><N who="3" m="13353" /><G58/><T125/><D129/><U127/><E127/><V76/><F131/><W33/><N who="3" m="13361" /><W13/><DORA hai="128" /><G13/><T85/><D117/><U122/><E122/><V132/><F132/><W1/><G1/><T38/><D125/><U92/><E130/><V126/><F28/><W79/><G79/><N who="2" m="30249" /><F126/><W119/><G119/><T40/><D4/><U94/><E71/><V87/><F64/><W83/><G83/><T90/><D18/><U41/><E3/><N who="2" m="383" /><F68/><W53/><G53/><T100/><D55/><U12/><E5/><V70/><F70/><W11/><G11/><T86/><D47/><U45/><REACH who="1" step="1"/><E12/><REACH who="1" ten="310,220,225,215" step="2"/><V113/><F113/><W82/><G82/><N who="0" m="49463" /><D15/><U22/><E22/><V17/><F75/><W59/><G59/><T56/><D56/><U102/><E102/><V108/><F73/><W0/><G0/><T106/><D101/><U65/><E65/><V74/><F74/><W2/><G2/><T21/><D67/><U14/><E14/><V116/><F116/><W52/><G42/><T118/><D66/><U16/><E16/><AGARI ba="3,3" hai="16,17,87,91,95,108,109,110" m="383,30249" machi="16" ten="40,5200,0" yaku="14,1,52,1,54,1" doraHai="89,128" who="2" fromWho="1" sc="310,0,220,-61,225,91,215,0" /><INIT seed="1,0,0,5,4,33" ten="310,159,316,215" oya="1" hai0="111,79,23,110,35,89,62,22,123,31,113,126,125" hai1="46,127,1,20,84,121,78,30,101,29,34,4,115" hai2="48,116,60,130,41,75,87,36,134,69,16,32,61" hai3="12,71,51,135,100,128,45,56,38,40,107,21,63"/><U47/><E121/><V119/><F75/><W96/><G135/><T50/><D113/><U10/><E115/><V65/><F32/><W132/><G132/><T44/><D123/><U98/><E127/><N who="0" m="48649" /><D79/><U64/><E64/><V17/><F134/><W106/><G128/><T104/><D104/><U15/><E30/><V92/><F130/><W97/><G71/><T49/><D35/><U58/><E58/><V57/><F36/><W28/><G38/><T105/><D105/><U27/><E84/><V80/><F92/><W74/><G74/><T86/><D62/><U26/><E78/><V82/><F82/><W112/><G112/><T52/><D50/><U13/><E13/><V72/><F72/><W93/><G97/><T90/><D90/><U109/><E109/><N who="0" m="41481" /><D31/><U14/><E14/><V3/><F119/><W85/><G85/><T39/><D39/><U43/><E43/><V117/><F116/><W122/><G122/><T94/><AGARI ba="0,0" hai="22,23,44,49,52,86,89,94" m="41481,48649" machi="94" ten="30,4000,0" yaku="18,1,14,1,54,1" doraHai="33" who="0" fromWho="0" sc="310,40,159,-20,316,-10,215,-10" /><INIT seed="2,0,0,2,1,64" ten="350,139,306,205" oya="2" hai0="70,84,131,47,43,48,2,32,112,19,22,28,59" hai1="87,12,14,29,123,102,53,83,62,15,120,25,34" hai2="1,115,122,125,6,9,36,54,104,133,114,8,57" hai3="0,103,97,95,78,56,126,44,31,23,134,13,130"/><V118/><F122/><W91/><G0/><T65/><D112/><U89/><REACH who="1" step="1"/><E102/><REACH who="1" ten="350,129,306,205" step="2"/><V72/><F115/><W4/><G103/><T39/><D131/><U99/><E99/><V69/><F114/><W80/><G130/><T90/><D2/><U98/><E98/><V3/><F1/><W45/><G97/><T94/><D32/><U108/><E108/><V60/><F3/><W101/><G101/><T132/><D132/><U33/><E33/><V35/><F133/><W11/><G134/><T105/><D105/><U68/><E68/><V63/><F35/><W79/><G126/><T51/><D70/><U61/><E61/><V116/><F69/><W124/><G124/><T75/><D75/><U74/><E74/><V52/><F104/><W50/><G79/><T55/><D28/><U27/><E27/><V30/><F72/><W26/><G78/><T85/><D85/><U67/><E67/><V18/><F125/><W117/><G117/><T82/><D65/><U107/><E107/><V7/><F116/><W40/><G26/><T58/><D84/><U110/><E110/><V5/><F118/><W88/><G31/><T96/><D96/><U37/><E37/><V41/><F30/><W38/><G38/><T129/><D39/><U76/><E76/><V66/><F66/><W17/><G91/><T113/><D90/><U92/><E92/><V21/><F36/><W49/><G95/><T42/><D94/><U135/><E135/><V20/><F63/><W106/><G106/><T77/><D129/><U119/><E119/><V46/><F60/><W86/><G86/><RYUUKYOKU ba="0,1" sc="350,-10,129,30,306,-10,205,-10" hai1="12,14,15,25,29,34,53,62,83,87,89,120,123" /><INIT seed="3,1,1,3,2,108" ten="340,159,296,195" oya="3" hai0="65,54,109,9,76,131,115,122,50,27,58,69,17" hai1="45,0,31,116,1,135,74,68,15,125,117,79,21" hai2="35,119,49,55,56,28,107,95,14,61,129,75,110" hai3="41,47,111,114,94,4,52,86,8,36,32,59,98"/><W53/><G32/><T64/><D122/><U63/><E45/><V105/><F119/><N who="1" m="45641" /><E79/><V133/><F75/><W126/><G111/><T43/><D115/><U18/><E74/><V80/><F110/><W16/><G114/><T22/><D109/><U34/><E63/><V5/><F133/><W77/><G126/><T91/><D131/><U39/><E39/><V70/><F129/><W11/><G4/><T24/><D69/><U62/><E62/><V81/><F28/><W128/><G128/><T99/><D9/><U102/><E102/><V84/><F35/><W120/><G120/><T127/><D127/><U97/><E97/><V88/><F107/><W82/><G11/><T78/><D24/><N who="1" m="18791" /><E68/><V96/><F105/><W23/><G8/><T6/><D6/><U104/><E104/><V13/><F5/><W46/><G46/><N who="0" m="25951" /><D91/><U113/><E125/><V89/><F81/><W20/><G20/><T124/><D99/><U106/><E106/><V103/><F103/><W42/><G42/><T33/><D124/><U123/><E123/><V72/><F72/><W100/><G53/><T30/><D33/><U92/><E92/><V12/><F70/><W132/><G132/><T60/><D30/><U66/><E66/><AGARI ba="1,1" hai="17,22,27,54,58,60,64,65,66,76,78" m="25951" machi="66" ten="30,1000,0" yaku="8,1" doraHai="108" who="0" fromWho="1" sc="340,23,159,-13,296,0,195,0" owari="363,45.0,146,-35.0,296,10.0,195,-20.0" /></mjloggm>