<mjloggm ver="2.3"><GO type="41" lobby="0"/><UN n0="%E5%B0%B1%E6%B4%BB%E7%94%9F%40%E5%B7%9D%E6%9D%91%E8%BB%8D%E5%9B%A3" n1="%E4%B9%9D%E7%A8%AE%E4%B9%9D%E7%89%8C" n2="%53%E3%83%BB%E3%83%9B%E3%83%AF%E3%82%A4%E3%83%88" n3="%E3%81%98%E3%83%BC%E3%82%8F%E3%82%93" dan="16,14,13,15" rate="2126.00,1876.09,1960.25,1976.82" sx="M,F,M,M"/><TAIKYOKU oya="0"/><INIT seed="0,0,0,5,0,44" ten="250,250,250,250" oya="0" hai0="103,55,126,70,9,71,62,113,24,63,98,120,47" hai1="17,92,76,86,111,81,106,67,80,83,132,34,134" hai2="95,91,130,112,69,49,30,90,27,129,39,48,5" hai3="6,77,105,121,133,74,40,31,107,59,16,12,109"/><T37/><D113/><U18/><E111/><V10/><F112/><W93/><G109/><T15/><D120/><U3/><E3/><V131/><F69/><W51/><G6/><T94/><D126/><U118/><E118/><V99/><F90/><W56/><G133/><N who="1" m="51306" /><E106/><V72/><F72/><W29/><G121/><T45/><D37/><U75/><E34/><V14/><REACH who="2" step="1"/><F39/><REACH who="2" ten="250,250,240,250" step="2"/><W2/><G74/><T116/><D71/><U122/><E122/><V89/><F89/><W79/><G79/><T23/><D70/><U135/><E135/><V115/><F115/><W127/><G77/><T50/><D116/><U36/><E36/><V73/><F73/><W28/><G127/><T53/><D53/><U85/><E75/><V25/><F25/><W84/><G2/><T119/><D119/><U97/><E76/><V61/><F61/><W20/><G84/><N who="1" m="32362" /><E67/><V114/><F114/><W4/><G4/><N who="0" m="3495" /><D63/><U125/><E125/><V82/><F82/><W65/><G65/><T66/><D66/><U110/><E110/><V108/><F108/><W38/><G38/><T54/><D62/><U58/><E81/><V43/><F43/><W13/><G13/><T32/><D32/><AGARI ba="0,1" hai="5,10,14,27,30,32,48,49,91,95,99,129,130,131" machi="32" ten="40,12000,2" yaku="1,1,19,1,52,2,53,3" doraHai="44" doraHaiUra="124" who="2" fromWho="0" sc="250,-120,250,0,240,130,250,0" /><INIT seed="1,0,0,0,5,105" ten="130,250,370,250" oya="1" hai0="80,57,102,37,84,97,27,12,38,110,79,86,116" hai1="29,93,69,52,18,33,5,96,3,88,122,55,111" hai2="48,78,104,36,15,90,87,99,127,19,28,60,40" hai3="119,107,76,77,4,128,10,7,126,51,11,100,118"/><U121/><E111/><V65/><F36/><W64/><G64/><T106/><D116/><U81/><E69/><V85/><F127/><W112/><G112/><T113/><D113/><U42/><E42/><V30/><F78/><W83/><G100/><T45/><D110/><U135/><E135/><V61/><F87/><W43/><G107/><T68/><D68/><U131/><E131/><V44/><F99/><W31/><G31/><T134/><D134/><U123/><E81/><V6/><F6/><W125/><G51/><T13/><D27/><U25/><REACH who="1" step="1"/><E18/><REACH who="1" ten="130,240,370,250" step="2"/><V53/><F40/><W0/><G83/><T109/><D38/><U132/><E132/><V129/><F129/><W120/><G43/><T59/><D109/><U92/><E92/><N who="2" m="54351" /><F104/><W39/><G39/><T35/><D35/><U124/><E124/><V47/><F30/><W32/><G128/><T66/><D37/><U22/><E22/><N who="2" m="11647" /><F28/><W17/><G32/><T56/><D66/><U73/><E73/><V23/><F65/><W70/><G17/><T24/><D80/><U98/><E98/><V108/><F23/><W20/><G20/><T9/><D79/><U67/><E67/><V82/><F82/><W101/><G70/><T72/><D72/><U115/><E115/><V41/><F108/><W46/><G126/><T62/><D84/><U91/><E91/><V26/><F41/><W103/><G125/><T49/><D86/><U74/><E74/><V16/><F16/><W50/><G119/><T2/><D62/><N who="2" m="24170" /><F26/><W133/><G118/><T117/><D24/><U114/><E114/><V75/><F75/><RYUUKYOKU ba="0,1" sc="130,-15,240,15,370,15,250,-15" hai1="3,5,25,29,33,52,55,88,93,96,121,122,123" hai2="44,47,48,53" /><INIT seed="1,1,1,5,4,129" ten="115,255,385,235" oya="1" hai0="111,74,121,73,134,98,3,110,122,90,64,93,13" hai1="132,123,65,70,37,66,117,33,130,118,131,120,28" hai2="55,103,102,22,9,107,34,21,45,31,4,89,112" hai3="25,6,135,35,106,5,15,8,88,109,7,63,29"/><U56/><E33/><V42/><F34/><W69/><G106/><T19/><D3/><U41/><E28/><V126/><F112/><W92/><G109/><N who="0" m="41483" /><D64/><N who="1" m="24683" /><E70/><V124/><F55/><W100/><G100/><N who="2" m="38441" /><F107/><W67/><REACH who="3" step="1"/><G135/><REACH who="3" ten="115,255,385,225" step="2"/><T81/><D134/><U71/><E132/><V16/><F31/><W17/><G17/><T14/><D14/><U32/><E71/><V30/><F30/><W51/><G51/><T133/><D133/><U105/><E105/><V101/><F101/><W36/><G36/><T27/><D27/><U83/><E32/><V46/><F16/><W128/><G128/><N who="1" m="49194" /><E83/><V78/><F4/><W18/><G18/><T11/><D81/><U20/><E20/><V87/><F21/><W113/><G113/><T53/><D53/><U58/><E37/><V39/><F22/><W23/><G23/><T24/><D24/><U108/><E41/><V43/><F9/><W119/><G119/><N who="1" m="45578" /><E108/><V85/><F43/><W48/><G48/><T99/><D99/><AGARI ba="1,2" hai="5,6,7,8,15,25,29,35,63,67,69,88,92,99" machi="99" ten="30,7700,0" yaku="1,1,7,1,54,1,53,1" doraHai="129" doraHaiUra="26" who="3" fromWho="0" sc="115,-80,255,0,385,0,225,100" /><INIT seed="2,0,0,1,0,43" ten="35,255,385,325" oya="2" hai0="72,30,21,19,62,3,17,15,105,124,26,85,0" hai1="54,24,119,93,96,55,48,128,71,70,58,49,16" hai2="50,135,95,13,63,44,114,69,10,20,117,60,68" hai3="133,109,37,126,131,129,40,88,86,9,78,80,100"/><V51/><F117/><W111/><G9/><N who="0" m="6383" /><D72/><U61/><E119/><V22/><F114/><W110/><G40/><T101/><D105/><U64/><E128/><V56/><F135/><W99/><G37/><T4/><D101/><U38/><E38/><V123/><F123/><W98/><G98/><T89/><D62/><U106/><E106/><V90/><F68/><W74/><G126/><T35/><D89/><U28/><E71/><V127/><F69/><W116/><G133/><T87/><D87/><U2/><E2/><N who="0" m="553" /><D85/><U65/><E70/><V12/><F127/><W34/><G34/><T113/><D113/><U112/><E112/><V82/><F82/><W6/><G6/><T83/><D83/><U47/><E16/><V31/><F56/><W115/><G116/><T45/><D45/><N who="1" m="27919" /><E64/><V92/><F44/><W73/><G115/><T81/><D81/><U29/><E24/><V125/><F125/><W94/><G74/><T108/><D108/><U18/><E18/><V25/><F90/><AGARI ba="0,0" hai="28,29,47,49,55,58,61,65,90,93,96" m="27919" machi="90" ten="30,3900,0" yaku="8,1,52,2" doraHai="43" who="1" fromWho="2" sc="35,0,255,39,385,-39,325,0" /><INIT seed="3,0,0,2,1,8" ten="35,294,346,325" oya="3" hai0="131,5,95,66,77,83,79,72,89,99,18,27,85" hai1="102,98,119,100,88,135,113,2,29,41,70,133,56" hai2="118,12,73,134,34,38,25,11,48,9,110,61,76" hai3="132,122,71,35,121,90,43,130,53,13,92,114,47"/><W40/><G114/><T86/><D131/><U0/><E70/><V49/><F38/><W52/><G35/><T111/><D111/><U44/><E113/><V120/><F120/><W20/><G71/><T108/><D108/><U127/><E119/><V78/><F118/><W59/><G130/><T10/><D66/><U96/><E127/><V51/><F134/><N who="1" m="51209" /><E29/><V91/><F110/><W112/><G112/><T63/><D63/><U81/><E56/><V60/><F73/><W15/><G20/><T24/><D72/><U50/><E81/><V75/><F75/><W22/><G22/><T67/><D67/><U39/><E50/><V94/><F25/><W55/><G132/><T115/><D115/><U62/><E62/><N who="2" m="24171" /><F34/><W42/><G47/><T87/><D18/><U117/><E117/><V17/><F9/><W123/><REACH who="3" step="1"/><G59/><REACH who="3" ten="35,294,346,315" step="2"/><T58/><D58/><U32/><E32/><V31/><F31/><W7/><G7/><T69/><D69/><U116/><E116/><V4/><F4/><W16/><G16/><T101/><D77/><U126/><E126/><V54/><F54/><W129/><G129/><T109/><D109/><U84/><E44/><V57/><F57/><W106/><G106/><T68/><D68/><U93/><E41/><V36/><F36/><W28/><G28/><T21/><D21/><U124/><E39/><V65/><F65/><W1/><G1/><N who="1" m="618" /><E124/><V104/><F104/><W105/><G105/><T45/><D45/><U14/><E14/><V82/><F12/><W97/><AGARI ba="0,1" hai="13,15,40,42,43,52,53,55,90,92,97,121,122,123" machi="97" ten="40,18000,2" yaku="1,1,0,1,29,2,52,2,54,1,53,0" doraHai="8" doraHaiUra="30" who="3" fromWho="3" sc="35,-60,294,-60,346,-60,315,190" owari="-25,-53.0,234,-17.0,286,9.0,505,61.0" /></mjloggm>