<mjloggm ver="2.3"><GO type="97" lobby="0"/><UN n0="%E3%83%AD%E3%83%9C%E3%82%B3%E3%83%97" n1="%E6%B0%B4%E4%B8%8A%E5%A4%8F%E6%A8%B9" n2="%E5%B0%B1%E6%B4%BB%E7%94%9F%40%E5%B7%9D%E6%9D%91%E8%BB%8D%E5%9B%A3" n3="%68%61%6E%65%31%35%30%30" dan="15,15,15,14" rate="2003.06,2020.22,1972.64,1989.60" sx="M,M,M,M"/><TAIKYOKU oya="0"/><INIT seed="0,0,0,2,4,125" ten="250,250,250,250" oya="0" hai0="49,135,35,131,102,106,112,71,2,93,116,76,43" hai1="66,63,19,99,82,105,77,104,1,129,130,9,32" hai2="6,65,13,44,31,52,36,79,21,128,59,101,50" hai3="11,84,27,18,122,45,3,47,60,67,15,33,78"/><T42/><D116/><U111/><E32/><V58/><F128/><N who="1" m="49257" /><E111/><V96/><F79/><W117/><G117/><T64/><D112/><U94/><E1/><V109/><F109/><W17/><G3/><T89/><D2/><U120/><E120/><V23/><F31/><W46/><G122/><T41/><D131/><U8/><E19/><V28/><F28/><W118/><G118/><T88/><D135/><U37/><E37/><V40/><F65/><W61/><G67/><T85/><D35/><U26/><E26/><V95/><F6/><W34/><G34/><T5/><D106/><N who="1" m="41067" /><E94/><V22/><REACH who="2" step="1"/><F58/><REACH who="2" ten="250,250,240,250" step="2"/><W20/><G33/><T110/><D110/><U4/><E4/><V24/><F24/><W81/><AGARI ba="0,1" hai="11,15,17,18,20,27,45,46,47,60,61,78,81,84" machi="81" ten="30,2000,0" yaku="0,1,8,1" doraHai="125" who="3" fromWho="3" sc="250,-10,250,-5,240,-5,250,30" /><INIT seed="1,0,0,3,4,48" ten="240,245,235,280" oya="1" hai0="104,133,7,116,85,13,0,1,70,100,44,43,37" hai1="92,18,122,111,89,118,69,125,20,67,129,113,32" hai2="11,26,19,108,127,40,131,25,61,35,95,45,107" hai3="130,78,17,63,34,52,109,73,47,71,103,10,134"/><U106/><RYUUKYOKU type="yao9" ba="0,0" sc="240,0,245,0,235,0,280,0" hai1="18,20,32,67,69,89,92,106,111,113,118,122,125,129" /><INIT seed="1,1,0,2,0,1" ten="240,245,235,280" oya="1" hai0="120,93,57,116,23,11,73,14,0,59,106,56,98" hai1="129,20,49,8,65,72,110,37,79,30,32,12,85" hai2="62,107,108,40,76,18,78,131,54,134,86,58,26" hai3="10,69,105,75,84,68,109,111,101,19,21,87,2"/><U133/><E37/><V88/><F107/><W94/><G75/><T90/><D116/><U43/><E129/><V117/><F117/><W81/><G105/><T60/><D73/><U42/><E133/><V5/><F134/><W9/><G101/><T71/><D71/><U132/><E132/><V118/><F118/><W124/><G94/><T89/><D0/><U103/><E72/><V83/><F131/><W7/><G124/><T91/><D106/><U33/><E103/><V51/><F108/><N who="3" m="41547" /><G10/><T77/><D120/><U130/><E110/><V112/><F112/><W99/><G99/><T95/><D77/><N who="2" m="29802" /><F5/><W80/><G87/><N who="0" m="52415" /><D23/><U125/><E125/><V102/><F102/><W114/><G114/><T44/><D44/><N who="1" m="25751" /><E130/><V45/><F18/><W3/><G3/><T46/><D46/><U123/><E123/><V119/><F119/><W34/><G34/><T41/><D41/><U4/><E33/><V128/><F128/><W24/><G84/><T25/><D25/><AGARI ba="1,0" hai="25,26,40,45,51,54,58,62,83,86,88" m="29802" machi="25" ten="30,2000,0" yaku="8,1,54,1" doraHai="1" who="2" fromWho="0" sc="240,-23,245,0,235,23,280,0" /><INIT seed="2,0,0,3,2,31" ten="217,245,258,280" oya="2" hai0="51,75,90,54,13,34,4,131,77,78,82,125,127" hai1="73,42,132,19,114,119,71,115,100,88,2,32,128" hai2="120,106,101,80,85,7,116,41,5,122,79,110,99" hai3="69,97,17,83,76,18,112,121,103,104,86,133,93"/><V108/><F41/><W65/><G121/><N who="2" m="46697" /><F7/><W134/><G112/><T11/><D131/><U53/><E128/><V59/><F5/><W50/><G50/><T130/><D130/><U48/><E71/><V25/><F25/><W70/><G104/><T89/><D78/><U124/><E32/><V62/><F62/><N who="3" m="40119" /><G70/><T6/><D6/><U27/><E2/><V14/><F59/><W107/><G107/><T46/><REACH who="0" step="1"/><D34/><REACH who="0" ten="207,245,258,280" step="2"/><U52/><E115/><V105/><F14/><W49/><G76/><T40/><D40/><U43/><E42/><V44/><F116/><W12/><G12/><T36/><D36/><U38/><E43/><V0/><F0/><W72/><G72/><T92/><D92/><U33/><E73/><V56/><F56/><W60/><G93/><T96/><D96/><U98/><E38/><V16/><F44/><W30/><G97/><T66/><D66/><U118/><E98/><V29/><F106/><W94/><G94/><T87/><D87/><U58/><E114/><V111/><F29/><W35/><G30/><T102/><D102/><U91/><E58/><V57/><F57/><W81/><G103/><T135/><D135/><U45/><E132/><V117/><F117/><W8/><G133/><T55/><D55/><U126/><E53/><V39/><F39/><W68/><G134/><T109/><D109/><U37/><E100/><V24/><F16/><W129/><G17/><T28/><D28/><N who="1" m="19615" /><E19/><V9/><F9/><W1/><G18/><T61/><D61/><U26/><E37/><V47/><F47/><W113/><G60/><T3/><D3/><RYUUKYOKU ba="0,1" sc="207,15,245,-15,258,15,280,-15" hai0="4,11,13,46,51,54,75,77,82,89,90,125,127" hai2="24,79,80,85,99,101,105,108,110,111" /><INIT seed="2,1,1,5,2,119" ten="222,230,273,265" oya="2" hai0="13,29,131,0,104,67,51,30,14,132,87,22,33" hai1="56,86,99,61,47,52,84,16,130,73,122,43,126" hai2="69,123,21,115,96,81,24,76,17,8,38,92,9" hai3="134,101,5,88,50,106,7,49,75,71,117,42,72"/><V97/><F115/><W44/><G71/><T100/><D0/><U98/><E73/><V89/><F69/><W27/><G117/><T60/><D33/><U65/><E130/><V78/><F38/><W59/><G134/><T35/><D131/><U25/><E126/><V107/><F123/><W45/><G59/><T20/><D132/><U125/><E125/><V129/><F129/><W110/><G110/><T114/><D114/><U19/><E122/><V53/><F107/><W74/><G27/><N who="0" m="18879" /><D51/><N who="1" m="27135" /><E65/><V102/><F53/><W80/><G101/><T10/><D87/><N who="1" m="33323" /><E25/><V62/><F62/><W2/><G106/><T23/><D30/><U90/><E90/><V1/><F1/><W135/><G135/><T54/><D54/><U26/><E26/><V128/><F128/><W48/><G2/><T37/><D37/><U3/><E3/><V70/><F70/><W120/><G120/><T6/><D13/><U15/><E19/><V116/><F116/><W118/><G118/><T39/><D39/><U11/><AGARI ba="1,1" hai="11,15,16,52,56,61,98,99" m="33323,27135" machi="11" ten="30,4000,0" yaku="8,1,54,2" doraHai="119" who="1" fromWho="1" sc="222,-11,230,53,273,-21,265,-11" /><INIT seed="3,0,0,0,3,60" ten="211,283,252,254" oya="3" hai0="95,50,62,89,80,102,12,116,113,20,135,4,56" hai1="92,46,98,38,97,45,42,13,47,74,72,96,63" hai2="88,21,133,75,134,86,10,0,66,24,68,29,107" hai3="30,85,15,103,130,41,25,131,79,76,121,110,53"/><W106/><G121/><T51/><D116/><U108/><E108/><V7/><F75/><W49/><G41/><T125/><D125/><U17/><E74/><V112/><F107/><W61/><G61/><T91/><D113/><U99/><E72/><V81/><REACH who="2" step="1"/><F112/><REACH who="2" ten="211,283,242,254" step="2"/><W124/><G124/><T127/><D127/><U40/><E38/><V117/><F117/><W122/><G110/><T14/><D135/><U8/><E63/><AGARI ba="0,1" hai="0,7,10,21,24,29,63,66,68,81,86,88,133,134" machi="63" ten="40,8000,1" yaku="1,1,52,1,54,1,53,1" doraHai="60" doraHaiUra="19" who="2" fromWho="1" sc="211,0,283,-80,242,90,254,0" owari="211,-19.0,203,-30.0,332,44.0,254,5.0" /></mjloggm>