<mjloggm ver="2.3"><GO type="97" lobby="0"/><UN n0="%E6%AF%98%E6%B2%99%E9%96%80%E5%A4%A9%E2%80%99" n1="%E3%83%88%E3%83%88%E3%83%AA%E5%85%88%E7%94%9F%31%39%E6%AD%B3" n2="%28%E3%83%BB%EF%BC%8E%E3%83%BB%29" n3="%44%4F%41%4C%41%40" dan="13,15,14,15" rate="1824.01,2038.12,1946.10,2086.58" sx="M,F,F,M"/><TAIKYOKU oya="0"/><INIT seed="0,0,0,2,2,90" ten="250,250,250,250" oya="0" hai0="100,23,75,115,117,128,61,76,118,10,62,40,129" hai1="88,9,83,74,119,29,121,99,79,15,38,86,18" hai2="28,133,102,55,4,37,42,3,57,101,124,134,56" hai3="32,69,64,68,131,59,108,73,35,19,43,36,54"/><T13/><D115/><U47/><E119/><N who="0" m="45577" /><D23/><U0/><E121/><V110/><F28/><W120/><G73/><T2/><D2/><U46/><E38/><V44/><F4/><W106/><G106/><T71/><D40/><U87/><E74/><V109/><F3/><W92/><G120/><T39/><D39/><U34/><E0/><V96/><F124/><W112/><G112/><T126/><D126/><U78/><E34/><V70/><F101/><W123/><G123/><T84/><D75/><U94/><E29/><V49/><F70/><W6/><G6/><N who="0" m="3287" /><D71/><U125/><E125/><V45/><F96/><W132/><G108/><N who="2" m="41577" /><F102/><W72/><G132/><AGARI ba="0,0" hai="37,42,44,45,49,55,56,57,132,133,134" m="41577" machi="132" ten="30,7700,0" yaku="20,1,14,1,34,2" doraHai="90" who="2" fromWho="3" sc="250,0,250,0,250,77,250,-77" /><INIT seed="1,0,0,0,5,133" ten="250,250,327,173" oya="1" hai0="77,19,128,76,104,78,126,116,57,86,56,81,5" hai1="31,22,36,85,69,30,28,39,37,21,13,32,93" hai2="45,26,83,51,125,61,8,124,20,17,79,90,72" hai3="11,95,18,84,14,48,46,55,101,98,134,41,25"/><U106/><E13/><V91/><F61/><W10/><G134/><T15/><D104/><U54/><E106/><V47/><F8/><W9/><G25/><T50/><D5/><U44/><E93/><V63/><F63/><W82/><REACH who="3" step="1"/><G41/><REACH who="3" ten="250,250,327,163" step="2"/><T24/><D116/><U65/><E32/><V135/><F135/><W80/><G80/><T38/><D81/><U100/><E31/><V107/><F83/><W122/><G122/><T70/><D24/><U94/><E30/><V0/><F26/><W121/><G121/><T27/><D27/><U6/><E28/><V2/><F72/><W130/><G130/><T89/><D128/><U105/><E105/><V87/><F107/><W119/><G119/><T115/><D115/><U112/><E112/><V113/><F113/><W123/><G123/><T68/><D68/><U110/><E69/><V117/><F117/><W129/><G129/><T109/><D70/><U52/><E94/><V23/><F79/><AGARI ba="0,1" hai="9,10,11,14,18,46,48,55,79,82,84,95,98,101" machi="79" ten="30,3900,0" yaku="1,1,7,1,8,1,53,0" doraHai="133" doraHaiUra="66" who="3" fromWho="2" sc="250,0,250,0,327,-39,163,49" /><INIT seed="2,0,0,4,0,40" ten="250,250,288,212" oya="2" hai0="113,130,11,4,121,30,16,3,103,112,63,110,73" hai1="15,19,86,47,105,25,87,61,134,102,92,115,96" hai2="68,14,44,135,59,122,80,93,32,65,55,60,10" hai3="5,24,109,71,94,2,13,84,31,123,27,34,7"/><V37/><F122/><W95/><G71/><T85/><D73/><U98/><E115/><N who="0" m="44105" /><D103/><U114/><E114/><V6/><F135/><W129/><G123/><T29/><D85/><U49/><E134/><V126/><F126/><W106/><G106/><T42/><D42/><U62/><E25/><V51/><F32/><W91/><G129/><T45/><D45/><U132/><E132/><V74/><F93/><W72/><G72/><T0/><D63/><N who="1" m="24075" /><E96/><V48/><F37/><W56/><G109/><T76/><D76/><U35/><E35/><V100/><F100/><W69/><G69/><T36/><D36/><U107/><E107/><V67/><F67/><W128/><G128/><T43/><D43/><N who="1" m="24831" /><E105/><V119/><F119/><W125/><G125/><T8/><D121/><U64/><E64/><V120/><F120/><W78/><G2/><T117/><D117/><U53/><E53/><V39/><F39/><W89/><G78/><T131/><D110/><U52/><E52/><V124/><F124/><W54/><G13/><N who="0" m="7207" /><D3/><U12/><E12/><V66/><F66/><W99/><REACH who="3" step="1"/><G24/><REACH who="3" ten="250,250,288,202" step="2"/><T58/><D58/><U97/><E97/><V88/><F74/><W20/><G20/><AGARI ba="0,1" hai="15,19,20,86,87,92,98,102" m="24831,24075" machi="20" ten="30,2000,0" yaku="8,1,52,1" doraHai="40" who="1" fromWho="3" sc="250,0,250,30,288,0,202,-20" /><INIT seed="3,0,0,5,5,12" ten="250,280,288,182" oya="3" hai0="40,51,47,35,20,113,126,0,116,34,16,8,129" hai1="81,32,33,19,55,1,28,67,41,100,11,108,46" hai2="134,9,61,94,105,17,90,104,5,99,42,26,101" hai3="130,82,92,85,106,98,88,2,53,48,111,18,102"/><W64/><G2/><T74/><D74/><U77/><E108/><V123/><F134/><W38/><G38/><T49/><D116/><U135/><E135/><V73/><F73/><W80/><G111/><T27/><D113/><U25/><E67/><V65/><F123/><W21/><G130/><T89/><D129/><U110/><E110/><V91/><F42/><W36/><G64/><T29/><D126/><U128/><E128/><V14/><F104/><W30/><G30/><T75/><D75/><N who="1" m="43199" /><E55/><V114/><F114/><W7/><G7/><T68/><D68/><U83/><E83/><V124/><F124/><W109/><G36/><T103/><D103/><U71/><E100/><V54/><F105/><W122/><G122/><T45/><D89/><U118/><E71/><V13/><F26/><W69/><G69/><T10/><D0/><U70/><E70/><V72/><F72/><W125/><G125/><T24/><REACH who="0" step="1"/><D35/><REACH who="0" ten="240,280,288,182" step="2"/><N who="1" m="20879" /><E118/><V57/><REACH who="2" step="1"/><F65/><REACH who="2" ten="240,280,278,182" step="2"/><W66/><G66/><T107/><D107/><U43/><E33/><V87/><F87/><W22/><G109/><T37/><D37/><U15/><E32/><V79/><F79/><W63/><G63/><T112/><D112/><U3/><E3/><V95/><F95/><W52/><G53/><AGARI ba="0,2" hai="8,10,16,20,24,27,29,34,40,45,47,49,51,53" machi="53" ten="30,12000,2" yaku="1,1,7,1,52,1,54,1,53,2" doraHai="12" doraHaiUra="23" who="0" fromWho="3" sc="240,140,280,0,278,0,182,-120" owari="380,48.0,280,8.0,278,-12.0,62,-44.0" /></mjloggm>