<mjloggm ver="2.3"><GO type="169" lobby="0"/><UN n0="%E3%82%A6%E3%83%AB%E3%83%88%E3%83%A9%E7%AB%8B%E7%9B%B4" n1="%74%61%6E%61%4B%61" n2="%E9%BB%92%6D%61%72%61" n3="%61%69%73%79%6F" dan="17,16,16,16" rate="2142.00,2084.13,2111.08,2203.29" sx="M,M,M,M"/><TAIKYOKU oya="0"/><INIT seed="0,0,0,4,1,22" ten="250,250,250,250" oya="0" hai0="89,77,91,34,33,131,116,4,104,27,55,122,0" hai1="118,59,12,23,70,99,26,78,18,94,51,68,13" hai2="9,125,49,83,58,16,105,65,76,113,74,120,1" hai3="54,37,67,41,17,98,108,80,21,72,24,85,130"/><T126/><D122/><U81/><E118/><V134/><F120/><W3/><G108/><T117/><D126/><U112/><E112/><V92/><F113/><W42/><G3/><T84/><D131/><U87/><E68/><V123/><F123/><W5/><G72/><T50/><D104/><U46/><E59/><V132/><F105/><W135/><G37/><T86/><D77/><U103/><REACH who="1" step="1"/><E70/><REACH who="1" ten="250,240,250,250" step="2"/><V57/><F125/><W100/><G130/><T47/><D116/><U28/><E28/><V109/><F58/><W124/><G124/><T73/><D117/><U40/><AGARI ba="0,1" hai="12,13,18,23,26,40,46,51,78,81,87,94,99,103" machi="40" ten="20,8000,1" yaku="1,1,0,1,7,1,8,1,52,1,53,0" doraHai="22" doraHaiUra="66" who="1" fromWho="1" sc="250,-40,240,90,250,-20,250,-20" /><INIT seed="1,0,0,2,2,112" ten="210,330,230,230" oya="1" hai0="20,40,97,107,43,16,85,37,32,80,115,27,4" hai1="62,75,77,89,53,6,125,48,22,122,39,99,64" hai2="17,95,61,130,65,55,91,28,76,50,74,79,127" hai3="98,110,31,81,35,106,9,47,113,68,96,101,49"/><U88/><E122/><V44/><F127/><W52/><G110/><T124/><D115/><U126/><E39/><V19/><F130/><W103/><G113/><T116/><D116/><U69/><E6/><V15/><F28/><W132/><G132/><T34/><D124/><N who="1" m="47723" /><E22/><V30/><F30/><W1/><G68/><T92/><D107/><U109/><E109/><V56/><F74/><W82/><G35/><T33/><D4/><U7/><E7/><V83/><F83/><W24/><G1/><T5/><D5/><U60/><E60/><V36/><F36/><W111/><G9/><T93/><D37/><U133/><E133/><V66/><F66/><W14/><G14/><T100/><REACH who="0" step="1"/><D93/><REACH who="0" ten="200,330,230,230" step="2"/><N who="1" m="56743" /><E75/><V73/><F73/><W135/><G135/><T94/><D94/><U117/><E117/><V72/><F72/><W120/><G111/><T71/><D71/><U131/><E131/><V10/><REACH who="2" step="1"/><F19/><REACH who="2" ten="200,330,220,230" step="2"/><W42/><G120/><T0/><D0/><U59/><E69/><V121/><F121/><W118/><G118/><T18/><D18/><U13/><E64/><V87/><AGARI ba="0,2" hai="10,15,17,44,50,55,56,61,65,76,79,87,91,95" machi="87" ten="20,5200,0" yaku="1,1,0,1,7,1,8,1,53,0" doraHai="112" doraHaiUra="114" who="2" fromWho="2" sc="200,-13,330,-26,220,72,230,-13" /><INIT seed="2,0,0,2,2,51" ten="187,304,292,217" oya="2" hai0="62,59,11,9,8,10,13,7,70,125,116,86,105" hai1="89,19,24,100,27,20,122,4,75,97,57,6,103" hai2="28,66,26,106,79,48,53,95,132,96,113,108,38" hai3="16,0,88,131,77,33,124,32,123,43,37,36,74"/><V134/><F113/><W111/><G123/><T3/><D105/><U126/><E75/><V107/><F38/><W129/><G0/><T23/><D70/><U78/><E78/><V92/><F66/><W73/><G111/><T29/><D125/><U119/><E126/><V69/><F79/><W14/><G124/><T21/><D116/><U101/><E119/><V81/><F81/><W93/><G43/><T68/><D68/><U41/><E122/><V114/><F69/><W85/><G37/><T76/><D29/><U80/><E41/><V109/><F114/><W135/><G36/><T117/><D117/><U87/><E97/><V102/><F95/><W65/><G65/><T118/><D118/><U120/><E120/><V1/><F1/><W130/><G135/><N who="2" m="51753" /><F107/><W71/><G71/><T112/><D112/><U61/><REACH who="1" step="1"/><E27/><REACH who="1" ten="187,294,292,217" step="2"/><V58/><F106/><W25/><G25/><T17/><D3/><U5/><E5/><V98/><F98/><W54/><G77/><T72/><D72/><U127/><E127/><V46/><F109/><W99/><G99/><T44/><D7/><U40/><E40/><V67/><F108/><W121/><G121/><T128/><D76/><U90/><E90/><V115/><F115/><W50/><G74/><T2/><D2/><U64/><AGARI ba="0,1" hai="4,6,19,20,24,57,61,64,80,87,89,100,101,103" machi="64" ten="30,4000,0" yaku="1,1,0,1,8,1,53,0" doraHai="51" doraHaiUra="49" who="1" fromWho="1" sc="187,-10,294,50,292,-20,217,-10" /><INIT seed="3,0,0,4,3,74" ten="177,344,272,207" oya="3" hai0="50,11,29,23,116,66,24,56,25,129,87,27,18" hai1="26,94,10,77,12,88,103,4,98,118,114,71,134" hai2="123,85,121,7,57,104,93,99,84,109,82,91,49" hai3="61,59,110,13,96,51,32,72,9,78,122,30,92"/><W31/><G122/><N who="2" m="46601" /><F7/><W67/><G110/><T39/><D116/><U73/><E114/><V62/><F49/><W115/><G115/><T81/><D39/><U20/><E71/><V124/><F109/><W43/><G32/><T55/><D129/><U6/><E134/><V28/><F28/><W131/><G131/><T68/><D11/><U1/><E118/><V64/><F124/><W69/><G72/><T102/><D102/><U45/><E45/><V111/><F111/><W53/><G78/><T14/><D68/><U41/><E41/><V79/><F104/><W90/><REACH who="3" step="1"/><G43/><REACH who="3" ten="177,344,272,197" step="2"/><T42/><D42/><U113/><E77/><V80/><F80/><W120/><G120/><T76/><D66/><U36/><E73/><AGARI ba="0,1" hai="57,62,64,73,79,82,84,85,91,93,99" m="46601" machi="73" ten="30,2000,0" yaku="13,1,52,1" doraHai="74" who="2" fromWho="1" sc="177,0,344,-20,272,30,197,0" /><INIT seed="4,0,0,5,1,50" ten="177,324,302,197" oya="0" hai0="60,17,71,65,101,26,8,86,123,44,13,46,38" hai1="107,33,81,68,77,92,32,109,115,15,87,51,80" hai2="34,42,40,64,6,122,63,0,19,128,118,29,30" hai3="132,130,52,59,120,89,106,27,96,47,16,21,114"/><T135/><D123/><U43/><E109/><V116/><F122/><W103/><G120/><T75/><D75/><U31/><E68/><V11/><F128/><W121/><G121/><T76/><D135/><U45/><E107/><V3/><F19/><W111/><G111/><T102/><D26/><U73/><E115/><V69/><F3/><W94/><G114/><T125/><D125/><U28/><E92/><V82/><F82/><W12/><G47/><T36/><D76/><U35/><REACH who="1" step="1"/><E15/><REACH who="1" ten="177,314,302,197" step="2"/><V61/><F118/><W95/><G132/><T74/><D13/><U22/><E22/><V78/><F34/><W98/><G130/><T24/><D71/><U54/><E54/><V119/><F69/><W67/><G67/><T5/><D65/><U70/><E70/><V18/><F64/><W133/><G133/><T37/><D8/><U48/><E48/><V49/><F11/><W57/><G106/><T110/><D37/><U97/><E97/><V2/><F49/><N who="3" m="30863" /><G59/><T10/><D38/><U66/><E66/><V7/><F78/><AGARI ba="0,1" hai="28,31,32,33,35,43,45,51,73,77,78,80,81,87" machi="78" ten="40,2600,0" yaku="1,1,53,1" doraHai="50" doraHaiUra="41" who="1" fromWho="2" sc="177,0,314,36,302,-26,197,0" /><INIT seed="5,0,0,4,1,130" ten="177,350,276,197" oya="1" hai0="20,54,35,82,30,38,114,110,66,50,78,11,131" hai1="129,121,69,103,73,23,51,60,67,112,6,57,74" hai2="128,41,64,88,107,47,21,52,26,33,98,81,105" hai3="123,13,90,32,102,75,2,17,29,25,46,12,19"/><U43/><E121/><V122/><F122/><W70/><G70/><T120/><D120/><U91/><E112/><V83/><F33/><W109/><G75/><T36/><D110/><U8/><E103/><V18/><F128/><W44/><G2/><T127/><D127/><U124/><E124/><V31/><F64/><W53/><G109/><T101/><D131/><U62/><E129/><V86/><F83/><W0/><G0/><T113/><D66/><U56/><E23/><V133/><F133/><W5/><G102/><T68/><D68/><U80/><E69/><V55/><F98/><W1/><G1/><T4/><D101/><U79/><E79/><BYE who="1" /><V100/><F100/><W15/><G5/><T77/><D35/><U59/><E59/><V22/><F107/><W87/><G123/><T39/><D30/><U63/><E63/><V108/><F105/><W34/><G34/><T125/><D20/><U45/><E45/><V24/><REACH who="2" step="1"/><F108/><REACH who="2" ten="177,350,266,197" step="2"/><W99/><G99/><T89/><D125/><U40/><E40/><V3/><F3/><W115/><G32/><T10/><D114/><U96/><E96/><V85/><F85/><W7/><G87/><N who="0" m="50423" /><D113/><UN n1="%74%61%6E%61%4B%61" /><U65/><E80/><V92/><F92/><W116/><G115/><T9/><D78/><U94/><E94/><V104/><F104/><W58/><G90/><T95/><D95/><U61/><E91/><V71/><F71/><W111/><G111/><T106/><D77/><U27/><E67/><V135/><F135/><W84/><G84/><T126/><D126/><U14/><E65/><V37/><AGARI ba="0,1" hai="18,21,22,24,26,31,37,41,47,52,55,81,86,88" machi="37" ten="20,8000,1" yaku="1,1,0,1,7,1,54,2,53,0" doraHai="130" doraHaiUra="134" who="2" fromWho="2" sc="177,-20,350,-40,266,90,197,-20" /><INIT seed="6,0,0,4,0,3" ten="157,310,356,177" oya="2" hai0="128,28,5,26,94,111,53,109,115,38,30,120,74" hai1="31,103,93,91,40,81,29,19,135,79,80,70,88" hai2="92,131,11,106,134,83,86,100,7,71,73,1,10" hai3="123,21,9,32,90,47,101,75,102,51,82,22,4"/><V34/><F34/><W41/><G32/><N who="0" m="20503" /><D38/><U2/><E2/><V67/><F131/><W104/><G123/><T57/><D74/><U113/><E135/><V110/><F134/><W95/><G104/><T129/><D94/><U124/><E124/><V49/><F110/><N who="0" m="41994" /><D30/><U23/><E70/><V50/><F11/><W14/><G75/><T6/><D120/><U121/><E113/><V48/><F73/><W105/><G82/><T98/><D98/><U16/><E121/><V63/><F106/><W108/><G108/><T43/><D43/><U42/><E103/><N who="3" m="39434" /><G105/><T46/><D46/><U44/><E44/><V130/><F130/><N who="0" m="50282" /><D115/><U45/><E45/><V62/><F62/><AGARI ba="0,0" hai="5,6,53,57,62" m="50282,41994,20503" machi="62" ten="30,3900,0" yaku="19,1,52,2" doraHai="3" who="0" fromWho="2" sc="157,39,310,0,356,-39,177,0" /><INIT seed="7,0,0,4,3,34" ten="196,310,317,177" oya="3" hai0="80,20,51,98,134,95,7,99,90,40,37,11,87" hai1="1,110,82,21,130,22,92,26,62,27,86,3,19" hai2="16,131,101,38,107,108,2,126,24,106,59,64,31" hai3="33,61,30,6,23,93,121,52,71,43,85,47,12"/><W75/><G75/><T112/><D37/><U39/><E110/><V81/><F108/><W127/><G33/><T66/><D66/><U77/><E130/><V58/><F38/><W100/><G121/><T9/><D112/><U67/><E92/><V117/><F117/><W122/><G122/><T114/><D114/><U15/><E39/><V120/><F2/><W60/><G127/><T83/><D134/><U55/><E55/><V35/><F126/><W17/><G71/><T129/><D129/><U76/><E76/><V109/><F109/><W135/><G135/><T78/><D20/><U128/><E128/><V104/><F120/><W25/><G6/><T102/><D83/><U72/><E72/><V57/><F101/><W46/><G43/><T42/><D51/><U65/><E15/><V41/><F41/><N who="0" m="15978" /><D7/><U89/><E77/><V0/><F0/><W123/><G123/><T111/><D111/><U68/><E67/><V105/><F105/><W70/><G70/><T119/><D119/><U103/><E103/><V29/><F29/><AGARI ba="0,0" hai="1,3,19,21,22,26,27,29,62,65,68,82,86,89" machi="29" ten="30,3900,0" yaku="7,1,52,2" doraHai="34" who="1" fromWho="2" sc="196,0,310,39,317,-39,177,0" owari="196,-20.0,349,44.0,278,8.0,177,-32.0" /></mjloggm>