<mjloggm ver="2.3"><GO type="169" lobby="0"/><UN n0="%E6%9D%BE%E5%B1%8B%E3%81%8A%E3%81%98%E3%81%95%E3%82%93" n1="%E3%83%88%E3%83%88%E3%83%AA%E5%85%88%E7%94%9F%31%39%E6%AD%B3" n2="%38%37%73%65%66" n3="%E3%83%8D%E3%83%BC%E3%83%A0%E3%83%AC%E3%82%B9%EF%BC%97" dan="16,18,16,16" rate="2084.73,2271.36,2079.05,2051.51" sx="M,F,F,M"/><TAIKYOKU oya="0"/><INIT seed="0,0,0,4,4,125" ten="250,250,250,250" oya="0" hai0="131,105,12,91,40,47,41,24,88,74,7,83,135" hai1="72,31,122,16,44,42,116,78,43,1,36,123,79" hai2="63,112,124,82,130,132,73,115,53,39,70,77,20" hai3="13,10,96,108,56,119,99,51,107,68,11,45,90"/><T8/><D105/><U81/><E116/><V87/><F124/><W5/><G108/><T49/><D135/><U25/><E1/><V114/><F132/><W127/><G68/><T37/><D131/><U120/><E42/><V103/><F103/><W57/><G127/><T104/><D104/><U95/><E78/><V113/><F39/><W29/><G119/><T52/><D41/><U33/><E95/><V27/><F130/><W4/><G29/><T54/><D54/><U14/><REACH who="1" step="1"/><E123/><REACH who="1" ten="250,240,250,250" step="2"/><V55/><F115/><W102/><G90/><T64/><D64/><U100/><E100/><V80/><F114/><W109/><G109/><T34/><D74/><U94/><E94/><V22/><F112/><W75/><G75/><T35/><D83/><U48/><E48/><V69/><F113/><W71/><G99/><T92/><D91/><U15/><E15/><V128/><F77/><W60/><G96/><T97/><REACH who="0" step="1"/><D24/><REACH who="0" ten="240,240,250,250" step="2"/><U2/><E2/><V129/><F27/><W17/><G107/><T106/><D106/><U28/><E28/><V117/><F73/><W67/><G102/><T6/><D6/><U126/><E126/><V30/><F30/><W133/><G133/><T89/><D89/><U66/><E66/><V65/><F65/><W58/><G4/><T84/><D84/><U61/><E61/><V111/><F117/><W50/><G5/><T110/><D110/><U32/><E32/><V101/><F111/><W46/><G13/><T76/><D76/><U62/><E62/><V134/><F101/><W38/><G60/><T59/><AGARI ba="0,2" hai="7,8,12,34,35,37,40,47,49,52,59,88,92,97" machi="59" ten="20,18000,2" yaku="1,1,0,1,7,1,54,2,53,1" doraHai="125" doraHaiUra="93" who="0" fromWho="0" sc="240,200,240,-60,250,-60,250,-60" /><INIT seed="0,1,0,3,4,6" ten="440,180,190,190" oya="0" hai0="2,63,58,108,89,74,81,83,92,20,5,10,113" hai1="80,91,16,133,38,27,97,55,126,68,67,34,123" hai2="75,29,24,129,13,130,19,54,36,11,78,116,9" hai3="52,26,114,47,87,22,62,101,60,134,77,50,64"/><T43/><D113/><U127/><E123/><V82/><F116/><W7/><G114/><T1/><D43/><U112/><E38/><V84/><F36/><W14/><G134/><T18/><D108/><U100/><E112/><V90/><F54/><W115/><G115/><T12/><D74/><U135/><E55/><V125/><F125/><N who="1" m="47625" /><E34/><V95/><REACH who="2" step="1"/><F9/><REACH who="2" ten="440,180,180,190" step="2"/><W88/><G52/><T35/><D10/><U17/><E135/><V48/><F48/><W56/><G50/><T103/><D63/><N who="1" m="40063" /><E133/><V85/><F85/><W79/><G87/><T106/><D81/><U109/><E109/><V128/><F128/><W111/><G111/><T94/><D83/><U70/><E70/><V102/><F102/><W15/><G101/><T45/><D103/><U104/><E27/><V40/><F40/><W23/><G26/><T3/><D58/><U4/><E4/><V51/><F51/><W32/><G7/><T46/><D5/><U105/><E105/><V39/><F39/><W73/><G73/><T21/><D106/><U76/><E91/><V33/><AGARI ba="1,1" hai="11,13,19,24,29,33,75,78,82,84,90,95,129,130" machi="33" ten="30,7900,0" yaku="1,1,0,1,52,1,53,1" doraHai="6" doraHaiUra="30" who="2" fromWho="2" sc="440,-40,180,-21,180,92,190,-21" /><INIT seed="1,0,0,3,3,54" ten="400,159,272,169" oya="1" hai0="57,127,126,16,30,69,124,26,20,100,86,8,49" hai1="131,78,71,56,99,128,88,105,1,77,110,85,81" hai2="73,22,109,9,94,47,59,133,96,119,43,68,66" hai3="12,17,82,112,97,132,135,98,39,53,76,113,29"/><U61/><E1/><V67/><F119/><W60/><G39/><T40/><D69/><U35/><E35/><V108/><F73/><N who="3" m="43279" /><G29/><T104/><D104/><U121/><E121/><V65/><F68/><W120/><G120/><T21/><D100/><N who="1" m="62623" /><E71/><V74/><F74/><W111/><G53/><N who="0" m="31919" /><D40/><U55/><E110/><N who="2" m="42603" /><F9/><N who="3" m="6287" /><G60/><T15/><D86/><U93/><E78/><V117/><F22/><AGARI ba="0,0" hai="8,15,16,20,21,22,26,30,124,126,127" m="31919" machi="22" ten="30,3900,0" yaku="18,1,52,1,54,1" doraHai="54" who="0" fromWho="2" sc="400,39,159,0,272,-39,169,0" /><INIT seed="2,0,0,3,3,46" ten="439,159,233,169" oya="2" hai0="37,134,48,68,5,124,81,71,128,115,63,7,53" hai1="111,118,103,80,56,62,93,97,75,65,17,98,41" hai2="22,100,74,23,21,28,24,35,51,10,125,43,33" hai3="3,106,99,32,89,132,83,127,8,133,88,2,78"/><V14/><F74/><N who="3" m="43479" /><G32/><N who="2" m="12361" /><F51/><W104/><G127/><T105/><D115/><U73/><E111/><V110/><F43/><W112/><G112/><T79/><D105/><N who="3" m="40553" /><G8/><T0/><D134/><N who="3" m="51817" /><G99/><T19/><D124/><U11/><E98/><V13/><F125/><W69/><G69/><T25/><D37/><U95/><E41/><V39/><F39/><W70/><G70/><T123/><D63/><U122/><E11/><V16/><F100/><W86/><G89/><T90/><D90/><U109/><E103/><V126/><F126/><W131/><G131/><T91/><D91/><U52/><E97/><V40/><F40/><W12/><G12/><N who="2" m="4713" /><F110/><W92/><AGARI ba="0,0" hai="2,3,86,88,92" m="51817,40553,43479" machi="92" ten="30,2000,0" yaku="20,1,54,1" doraHai="46" who="3" fromWho="3" sc="439,-5,159,-5,233,-10,169,20" /><INIT seed="3,0,0,5,4,78" ten="434,154,223,189" oya="3" hai0="48,101,93,92,4,26,33,124,89,30,21,15,99" hai1="115,7,19,1,119,36,54,77,105,113,120,111,35" hai2="86,43,6,125,107,49,126,118,91,67,68,130,11" hai3="44,53,63,57,0,50,135,18,95,65,29,117,51"/><W3/><G117/><T109/><D109/><U85/><E105/><V38/><F107/><W72/><G135/><T28/><D124/><N who="2" m="47722" /><F118/><W128/><G128/><T14/><D4/><U70/><E119/><V66/><F38/><W17/><G72/><T37/><D37/><U62/><E120/><V9/><F68/><W41/><G29/><T5/><D33/><U116/><E35/><V55/><F43/><W10/><G95/><T32/><D32/><U134/><E36/><V71/><F71/><W129/><G129/><T123/><D123/><U31/><E1/><N who="2" m="207" /><F11/><W133/><G133/><T22/><D5/><U23/><E134/><V132/><F130/><W45/><REACH who="3" step="1"/><G10/><REACH who="3" ten="434,154,223,179" step="2"/><T61/><D92/><U87/><E116/><V27/><F132/><W13/><G13/><T59/><D28/><U102/><E31/><V24/><F27/><W46/><G46/><T8/><D8/><U97/><E111/><V121/><F24/><W88/><G88/><T16/><D89/><U82/><E102/><V80/><F121/><W96/><G96/><T104/><D15/><U106/><E97/><V47/><AGARI ba="0,1" hai="47,49,55,66,67,80,86,91" m="207,47722" machi="47" ten="30,2000,0" yaku="18,1,52,1" doraHai="78" who="2" fromWho="2" sc="434,-5,154,-5,223,30,179,-10" /><INIT seed="4,0,0,0,1,15" ten="429,149,253,169" oya="0" hai0="119,104,55,73,83,90,133,5,4,50,29,99,2" hai1="106,31,89,78,26,34,53,84,74,76,7,24,19" hai2="75,107,6,117,87,40,124,68,94,51,0,21,111" hai3="86,41,66,22,42,112,32,105,47,62,49,45,72"/><T126/><D119/><U28/><E106/><V17/><F107/><W85/><G112/><T127/><D29/><U18/><E7/><V98/><F75/><W20/><G72/><T38/><D38/><U48/><E74/><V96/><F68/><W23/><G32/><T14/><D2/><U59/><E78/><V92/><F111/><W39/><REACH who="3" step="1"/><G105/><REACH who="3" ten="429,149,253,159" step="2"/><T65/><D104/><U61/><E76/><V36/><F117/><W131/><G131/><T10/><D73/><U109/><E109/><V97/><F124/><W128/><G128/><T27/><D126/><U114/><E114/><V30/><F98/><W115/><G115/><T116/><D99/><U108/><E108/><V102/><F97/><W123/><G123/><T101/><D127/><U13/><E84/><V12/><F87/><W57/><AGARI ba="0,1" hai="20,22,23,39,41,42,45,47,49,57,62,66,85,86" machi="57" ten="30,2000,0" yaku="1,1,0,1,53,0" doraHai="15" doraHaiUra="79" who="3" fromWho="3" sc="429,-10,149,-5,253,-5,159,30" /><INIT seed="5,0,0,2,3,127" ten="419,144,248,189" oya="1" hai0="83,91,131,114,77,76,124,26,110,57,96,63,79" hai1="32,61,30,36,116,69,29,19,98,54,15,68,121" hai2="66,126,70,125,101,74,0,39,122,109,25,9,71" hai3="64,58,100,82,118,44,92,48,28,13,120,105,85"/><U102/><E116/><V33/><F74/><W50/><G120/><T93/><D110/><U73/><E121/><V104/><F109/><W21/><G105/><T106/><D124/><U53/><E73/><V55/><F122/><W94/><G118/><T132/><D114/><U11/><E36/><V133/><F133/><W107/><G107/><T65/><D132/><U111/><E111/><V113/><F55/><N who="3" m="32119" /><G64/><T14/><D106/><U87/><E87/><V4/><F39/><W20/><G100/><T18/><D26/><U2/><E2/><V34/><F113/><W8/><G28/><T80/><D131/><U115/><E115/><V90/><F90/><N who="3" m="51511" /><G94/><T112/><D112/><U84/><E84/><V99/><F71/><W12/><G92/><T60/><D60/><U37/><E37/><V24/><F34/><W43/><G13/><T97/><D97/><U41/><E41/><V51/><F25/><W89/><G89/><T52/><D65/><N who="1" m="41007" /><E69/><V135/><F135/><W16/><AGARI ba="0,0" hai="8,12,16,20,21,43,44,48" m="51511,32119" machi="16" ten="30,2000,0" yaku="8,1,54,1" doraHai="127" who="3" fromWho="3" sc="419,-5,144,-10,248,-5,189,20" /><INIT seed="6,0,0,0,1,50" ten="414,134,243,209" oya="2" hai0="9,55,80,23,43,104,109,88,65,90,89,116,60" hai1="59,87,97,106,35,126,16,64,107,113,20,105,51" hai2="102,94,13,17,132,98,96,119,44,100,79,115,134" hai3="92,63,114,69,121,125,91,31,99,123,47,124,71"/><V6/><F119/><W21/><G114/><T81/><D109/><U30/><E113/><V57/><F6/><W37/><G31/><T117/><D104/><U42/><E126/><N who="3" m="48746" /><G21/><T62/><D43/><U7/><E7/><V85/><F115/><W18/><G18/><T83/><D23/><U4/><E4/><V120/><F120/><N who="3" m="46155" /><G63/><T110/><D9/><U48/><E97/><V10/><F44/><W8/><G8/><T68/><D110/><U72/><E72/><V70/><F70/><W118/><G118/><N who="0" m="45675" /><D62/><U25/><E42/><AGARI ba="0,0" hai="37,42,47,69,71,91,92,99" m="46155,48746" machi="42" ten="30,1000,0" yaku="18,1" doraHai="50" who="3" fromWho="1" sc="414,0,134,-10,243,0,209,10" /><INIT seed="7,0,0,5,1,35" ten="414,124,243,219" oya="3" hai0="66,61,98,128,9,43,27,41,17,65,3,81,26" hai1="53,60,92,117,134,82,89,123,80,30,11,59,0" hai2="110,15,67,91,20,112,24,133,18,122,32,36,127" hai3="25,71,90,102,79,57,70,23,101,96,94,63,130"/><W121/><G121/><T99/><D128/><U56/><E123/><V72/><F67/><W87/><G130/><T86/><D3/><U50/><E134/><V52/><F36/><W45/><G45/><T31/><D31/><U126/><E126/><V105/><F105/><W120/><G120/><T115/><D115/><U116/><E30/><N who="2" m="19527" /><F52/><N who="3" m="34215" /><G70/><T55/><D55/><U1/><E11/><N who="2" m="6527" /><F91/><N who="3" m="55391" /><G79/><T106/><D106/><U42/><E82/><V6/><F72/><W131/><G71/><T88/><D9/><U109/><E80/><V58/><F6/><W22/><G131/><T97/><D66/><U125/><E109/><V114/><F114/><W33/><G33/><T69/><D69/><U113/><E125/><V44/><F44/><W132/><G132/><T21/><D65/><U13/><E13/><V85/><F133/><W47/><G47/><T83/><D27/><U84/><E113/><V16/><F122/><W73/><G73/><T76/><D61/><U107/><E107/><V93/><F112/><W95/><G22/><T124/><D124/><U74/><E74/><V135/><F20/><W8/><G8/><T100/><D100/><U54/><E42/><V10/><F135/><W108/><G108/><T40/><D40/><U19/><E19/><AGARI ba="0,0" hai="19,23,25,87,90,95,101,102" m="55391,34215" machi="19" ten="30,5800,0" yaku="25,1,8,1,54,1" doraHai="35" who="3" fromWho="1" sc="414,0,124,-58,243,0,219,58" /><INIT seed="7,1,0,3,0,16" ten="414,66,243,277" oya="3" hai0="91,72,0,65,4,43,83,76,121,106,98,19,18" hai1="71,20,101,8,115,28,36,104,109,133,32,119,56" hai2="42,105,45,40,131,26,103,81,92,62,84,70,37" hai3="82,6,68,44,93,64,33,88,55,58,114,77,122"/><W34/><G122/><T21/><D121/><U29/><E20/><V110/><F110/><W67/><G114/><T107/><D65/><U90/><E56/><V47/><F131/><W123/><G123/><T24/><D43/><U13/><E90/><V30/><F92/><W41/><G6/><T14/><D91/><U2/><E13/><V95/><F95/><W128/><G128/><T102/><D0/><U129/><E8/><V10/><F10/><W60/><G33/><T130/><D130/><U120/><E29/><V49/><F105/><W35/><G35/><T57/><D57/><U125/><E101/><V38/><F103/><W111/><G34/><T53/><D53/><U80/><E28/><V5/><F5/><W46/><G111/><T31/><D106/><U48/><E48/><V116/><F116/><W66/><G68/><T23/><D4/><U117/><E80/><V15/><F15/><W113/><G113/><T50/><D50/><U63/><E63/><V87/><F49/><W96/><REACH who="3" step="1"/><G41/><REACH who="3" ten="414,66,243,267" step="2"/><T85/><REACH who="0" step="1"/><D31/><REACH who="0" ten="404,66,243,267" step="2"/><U74/><AGARI ba="1,2" hai="2,32,36,71,74,104,109,115,117,119,120,125,129,133" machi="74" ten="0,32000,5" yakuman="47" doraHai="16" who="1" fromWho="1" sc="404,-81,66,343,243,-81,267,-161" owari="323,12.0,409,51.0,162,-24.0,106,-39.0" /></mjloggm>