<mjloggm ver="2.3"><GO type="169" lobby="0"/><UN n0="%E3%81%BF%E3%81%86%E3%82%89" n1="%E5%B0%B1%E6%B4%BB%E7%94%9F%40%E5%B7%9D%E6%9D%91%E8%BB%8D%E5%9B%A3" n2="%E6%A4%8B%E5%A4%A7%E6%A8%B9" n3="%E3%82%84%E3%81%9F%E3%82%B1%E3%83%B3" dan="17,16,16,17" rate="2193.19,2136.07,2113.44,2209.16" sx="M,M,M,F"/><TAIKYOKU oya="0"/><INIT seed="0,0,0,1,4,62" ten="250,250,250,250" oya="0" hai0="88,5,111,30,54,9,87,12,82,37,100,76,123" hai1="109,15,114,16,40,32,21,97,99,69,129,67,125" hai2="74,20,64,90,131,51,71,92,70,10,63,29,44" hai3="6,101,78,26,68,1,106,80,127,42,133,18,94"/><T121/><D37/><U23/><E32/><V39/><F74/><W126/><G106/><T128/><D128/><U132/><E129/><V36/><F71/><W116/><G116/><T8/><D111/><U85/><E109/><V57/><F70/><W55/><G42/><T93/><D100/><U77/><E40/><V112/><F112/><W65/><G55/><T2/><D54/><U28/><E114/><V61/><F61/><W130/><G130/><T35/><D30/><U49/><E125/><V59/><F59/><W120/><G120/><T3/><D35/><U83/><E132/><V84/><F131/><W24/><G133/><T89/><D89/><U27/><REACH who="1" step="1"/><E49/><REACH who="1" ten="250,240,250,250" step="2"/><V66/><F39/><W17/><G127/><T103/><D123/><U72/><E72/><V11/><F36/><W102/><G126/><T107/><D121/><U31/><E31/><V122/><F122/><W73/><G26/><T52/><D8/><U4/><E4/><V38/><F38/><W110/><G24/><T56/><D107/><U104/><E104/><V7/><F7/><W118/><G6/><T48/><REACH who="0" step="1"/><D103/><REACH who="0" ten="240,240,250,250" step="2"/><U98/><E98/><AGARI ba="0,2" hai="2,3,5,9,12,48,52,56,76,82,87,88,93,98" machi="98" ten="30,18000,2" yaku="1,1,2,1,7,1,54,2,53,1" doraHai="62" doraHaiUra="45" who="0" fromWho="1" sc="240,200,240,-180,250,0,250,0" /><INIT seed="0,1,0,4,1,100" ten="440,60,250,250" oya="0" hai0="16,42,38,96,65,79,93,30,131,85,120,134,24" hai1="117,68,107,106,55,13,11,58,60,44,6,119,39" hai2="69,0,57,118,51,113,122,80,46,125,70,37,98" hai3="94,83,92,47,95,72,103,8,20,78,33,124,17"/><T116/><D120/><U25/><E68/><V9/><F113/><W31/><G124/><T43/><D116/><U48/><E39/><V62/><F122/><W88/><G8/><T77/><D38/><U27/><E119/><V99/><F37/><W82/><G31/><T36/><D36/><U41/><E117/><V108/><F118/><W90/><G33/><T49/><D134/><U115/><E115/><V104/><F108/><W1/><G1/><T75/><D75/><U135/><E135/><V74/><F125/><W81/><G47/><T12/><D131/><U133/><E133/><V66/><F74/><W111/><G111/><T76/><D65/><U40/><REACH who="1" step="1"/><E41/><REACH who="1" ten="440,50,250,250" step="2"/><V50/><F70/><W5/><G5/><T130/><D43/><U129/><E129/><V73/><F69/><W53/><G72/><T126/><D42/><U21/><E21/><V52/><F73/><W86/><G78/><T4/><D79/><U56/><E56/><V71/><F71/><W28/><G28/><T34/><D30/><U132/><E132/><V45/><F45/><W67/><G67/><T101/><D77/><U19/><E19/><V123/><F66/><W15/><G53/><T128/><D16/><U61/><E61/><V23/><F23/><W110/><G110/><T97/><D76/><U2/><E2/><V89/><F62/><W84/><G103/><T54/><D101/><U109/><E109/><V91/><F0/><W14/><G14/><T87/><D12/><U32/><E32/><V102/><F52/><W112/><G112/><T18/><D34/><U35/><E35/><RYUUKYOKU ba="1,1" sc="440,-15,50,15,250,-15,250,15" hai1="6,11,13,25,27,40,44,48,55,58,60,106,107" hai3="15,17,20,81,82,83,84,86,88,90,92,94,95" /><INIT seed="1,2,1,3,5,40" ten="425,65,235,265" oya="1" hai0="65,115,122,67,128,117,93,10,20,111,114,97,107" hai1="125,18,135,47,73,0,101,54,99,90,37,50,63" hai2="123,83,108,41,110,60,27,64,72,23,36,43,7" hai3="44,33,121,81,34,57,26,58,19,24,127,134,133"/><U71/><E0/><V8/><F123/><W61/><G121/><T102/><D117/><U76/><E125/><V51/><F51/><W78/><G127/><T120/><D120/><U119/><E135/><N who="3" m="51722" /><G44/><T6/><D122/><U100/><E119/><V130/><F130/><W116/><G116/><T75/><D75/><U56/><E73/><V2/><F83/><W11/><G58/><T98/><D128/><U69/><E76/><V52/><F72/><W87/><G11/><T104/><D20/><U30/><E30/><V106/><F106/><W124/><G124/><T79/><D79/><U86/><E18/><V132/><F132/><W9/><G9/><T28/><D28/><U85/><E85/><V53/><F41/><W22/><G26/><T13/><D111/><N who="2" m="42538" /><F43/><W32/><G32/><T68/><D107/><U89/><E37/><V113/><F113/><W5/><G5/><T118/><D118/><U46/><E46/><V103/><F103/><W48/><G48/><T129/><D129/><U105/><E101/><V131/><F36/><W74/><G74/><T84/><D104/><U31/><E31/><N who="2" m="17919" /><F131/><W55/><AGARI ba="2,1" hai="19,22,24,33,34,55,57,61,78,81,87" m="51722" machi="55" ten="30,1100,0" yaku="20,1" doraHai="40" who="3" fromWho="3" sc="425,-5,65,-7,235,-5,265,27" /><INIT seed="2,0,0,2,2,4" ten="420,58,230,292" oya="2" hai0="123,97,13,35,135,32,80,125,92,14,118,77,115" hai1="75,10,62,89,60,34,76,49,121,31,41,69,55" hai2="51,71,105,88,107,72,37,129,65,113,64,85,124" hai3="24,63,53,42,29,36,38,134,26,83,27,112,117"/><V122/><F72/><W119/><G112/><T130/><D115/><U74/><E121/><V43/><F37/><W25/><G134/><T5/><D123/><U7/><E41/><V132/><F113/><W102/><G102/><T96/><D135/><U93/><E31/><V95/><F132/><W100/><G100/><T3/><D3/><U1/><E34/><V68/><F122/><W48/><G63/><T28/><D118/><U2/><E2/><V8/><F71/><W9/><G42/><T94/><D130/><U12/><E1/><V98/><F124/><W109/><G109/><T54/><D125/><U44/><E76/><V91/><F129/><W50/><G83/><T133/><D133/><U19/><E19/><V108/><F108/><W20/><G50/><T106/><D106/><U11/><E11/><V86/><F68/><W131/><G131/><T82/><D5/><U110/><E110/><V61/><F107/><W101/><G101/><T47/><D28/><U73/><REACH who="1" step="1"/><E69/><REACH who="1" ten="420,48,230,292" step="2"/><V114/><F114/><W90/><G119/><T33/><D33/><U58/><E58/><V120/><F120/><W23/><G117/><T79/><D47/><U18/><E18/><V84/><F8/><W15/><G36/><T59/><D59/><U30/><E30/><V6/><F6/><N who="3" m="3511" /><G38/><T56/><D56/><U0/><E0/><V46/><F43/><W87/><N who="3" m="6144" /><DORA hai="111" /><W116/><G116/><T17/><D17/><U127/><E127/><V104/><F46/><N who="3" m="27799" /><G29/><T103/><D35/><U16/><E16/><V67/><F51/><W40/><G40/><T52/><D32/><RYUUKYOKU ba="0,1" sc="420,10,48,10,230,-30,292,10" hai0="13,14,52,54,77,79,80,82,92,94,96,97,103" hai1="7,10,12,44,49,55,60,62,73,74,75,89,93" hai3="20,23,87,90" /><INIT seed="3,1,1,0,1,54" ten="430,58,200,302" oya="3" hai0="26,9,83,127,94,2,34,120,43,105,95,128,82" hai1="27,81,86,55,8,16,49,111,50,70,18,90,129" hai2="109,11,98,112,48,80,115,0,77,131,31,46,42" hai3="33,100,6,71,51,134,59,130,91,87,60,62,23"/><W52/><G33/><T41/><D105/><U101/><E70/><V64/><F109/><W119/><G119/><T85/><D120/><U84/><E111/><V110/><F110/><W96/><G130/><T104/><D104/><U39/><E129/><V21/><F131/><W116/><G116/><T79/><D128/><U102/><E39/><V28/><F98/><W118/><G118/><T113/><D113/><U17/><E17/><V5/><F64/><W53/><G134/><T4/><D127/><U37/><E37/><V92/><F92/><N who="3" m="58375" /><G71/><T72/><D95/><U67/><E67/><V135/><F135/><W107/><G107/><T78/><D34/><U63/><E63/><V114/><REACH who="2" step="1"/><F21/><REACH who="2" ten="430,58,190,302" step="2"/><W99/><G99/><T47/><D94/><U108/><E108/><V103/><F103/><W61/><G23/><T22/><D47/><U58/><E86/><AGARI ba="1,2" hai="0,5,11,28,31,42,46,48,77,80,86,112,114,115" machi="86" ten="40,1300,0" yaku="1,1,53,0" doraHai="54" doraHaiUra="132" who="2" fromWho="1" sc="430,0,58,-16,190,36,302,0" /><INIT seed="4,0,0,1,2,26" ten="430,42,226,302" oya="0" hai0="91,51,74,57,20,110,64,13,29,125,22,80,62" hai1="10,116,48,109,75,15,120,25,95,53,83,42,32" hai2="96,117,31,9,54,71,68,33,102,40,94,34,121" hai3="115,3,6,2,11,49,16,128,50,118,90,8,97"/><T124/><D110/><U98/><E116/><V73/><F73/><W12/><G118/><T1/><D1/><U58/><E109/><V135/><F121/><W104/><G3/><T63/><D51/><U127/><E120/><V79/><F79/><W106/><G115/><T43/><D43/><U105/><E127/><N who="0" m="48713" /><D13/><U38/><E105/><V122/><F122/><W30/><G30/><T82/><D74/><U112/><E112/><V101/><F135/><W119/><G119/><T134/><D134/><U69/><E69/><V36/><F40/><W99/><G128/><T129/><D129/><U100/><E38/><V84/><F36/><W72/><G72/><T52/><D91/><U92/><E42/><V133/><F133/><W14/><G2/><T107/><D107/><U27/><E32/><V60/><F34/><W37/><G37/><T85/><D85/><U35/><E35/><V88/><F101/><W7/><G90/><T111/><D111/><U55/><E55/><V61/><F9/><W45/><REACH who="3" step="1"/><G45/><REACH who="3" ten="430,42,226,292" step="2"/><T67/><D29/><U123/><E123/><V4/><F117/><W59/><G59/><N who="0" m="36991" /><D67/><U19/><E75/><V47/><F31/><W70/><G70/><T131/><D131/><U46/><E83/><AGARI ba="0,1" hai="20,22,52,57,62,80,82,83" m="36991,48713" machi="83" ten="30,2900,0" yaku="18,1,54,1" doraHai="26" who="0" fromWho="1" sc="430,39,42,-29,226,0,292,0" /><INIT seed="4,1,0,3,0,126" ten="469,13,226,292" oya="0" hai0="130,78,67,32,6,40,71,84,2,74,63,81,22" hai1="124,102,49,104,31,27,47,44,72,19,93,8,14" hai2="45,122,1,34,12,16,17,55,95,108,83,57,82" hai3="46,76,117,100,79,53,26,59,91,118,68,10,38"/><T11/><D22/><U3/><E104/><V103/><F1/><W36/><G68/><T52/><D52/><U77/><E124/><V64/><F34/><W51/><G100/><T88/><D40/><U89/><E3/><V73/><F122/><W61/><G118/><T94/><REACH who="0" step="1"/><D130/><REACH who="0" ten="459,13,226,292" step="2"/><U119/><E119/><V33/><F55/><W129/><G117/><T87/><D87/><U0/><E0/><V125/><F73/><W107/><G107/><T5/><D5/><U28/><E102/><V86/><F103/><W65/><G129/><T66/><D66/><U70/><E70/><V41/><F64/><W25/><G36/><T4/><D4/><U116/><E116/><V7/><F41/><W21/><G38/><T134/><D134/><U48/><E77/><V114/><F7/><W30/><G91/><T133/><D133/><U37/><E72/><V80/><F86/><W96/><G96/><T105/><D105/><U112/><E37/><V9/><F125/><W128/><G128/><T35/><AGARI ba="1,1" hai="2,6,11,32,35,63,67,71,74,78,81,84,88,94" machi="35" ten="30,6000,0" yaku="1,1,0,1,54,1,53,0" doraHai="126" doraHaiUra="97" who="0" fromWho="0" sc="459,73,13,-21,226,-21,292,-21" owari="532,63.0,-8,-51.0,205,-19.0,271,7.0" /></mjloggm>