<mjloggm ver="2.3"><GO type="169" lobby="0"/><UN n0="%E3%81%A0%E3%81%A3%E3%81%A6%E3%81%84%E3%81%86" n1="%E3%83%8F%E3%82%B4%E2%98%85%E6%B2%B3%E7%AB%A5" n2="%E5%B0%B1%E6%B4%BB%E7%94%9F%40%E5%B7%9D%E6%9D%91%E8%BB%8D%E5%9B%A3" n3="%E8%B5%A4%E6%9C%A8%E3%81%97%E3%81%92%E3%82%8C" dan="16,16,16,16" rate="2092.53,2098.49,2068.33,2067.46" sx="M,M,M,M"/><TAIKYOKU oya="0"/><INIT seed="0,0,0,1,4,122" ten="250,250,250,250" oya="0" hai0="128,51,41,17,33,104,103,83,40,72,64,85,36" hai1="1,114,7,79,117,0,39,49,30,4,92,71,110" hai2="22,76,116,113,124,3,47,12,86,28,111,108,43" hai3="80,27,16,101,34,54,89,134,74,14,26,90,69"/><T109/><D72/><U68/><E39/><V115/><F3/><W60/><G134/><T81/><D36/><U73/><E30/><V61/><F116/><W129/><G101/><T65/><D33/><U94/><E49/><V77/><F124/><W2/><G2/><T135/><D135/><U62/><E62/><V97/><F97/><W38/><G38/><T42/><D128/><U132/><E132/><V35/><F35/><W63/><G129/><T133/><D133/><U131/><E131/><V98/><F98/><W37/><G37/><T118/><D103/><U95/><E117/><V96/><F96/><W105/><G105/><T9/><D104/><U20/><E20/><V18/><F61/><N who="3" m="23627" /><G34/><T93/><D51/><U15/><E15/><V55/><F55/><W102/><G74/><T29/><D118/><U120/><E95/><V67/><F67/><N who="0" m="25674" /><D29/><U48/><E48/><N who="2" m="26751" /><F28/><W119/><G102/><T44/><D44/><U100/><E100/><V19/><F19/><W21/><G69/><T32/><D32/><U91/><E73/><V75/><F75/><W59/><G119/><T130/><D130/><U6/><E6/><V82/><F76/><W66/><G66/><T53/><D53/><U99/><E79/><V13/><F13/><W112/><G54/><T31/><D31/><U5/><E1/><V121/><F121/><W11/><G59/><T50/><D42/><U87/><E0/><V25/><F25/><W84/><G27/><T52/><D41/><U88/><E120/><V56/><F56/><W106/><G106/><T8/><D40/><U57/><E57/><RYUUKYOKU ba="0,0" sc="250,-10,250,-10,250,30,250,-10" hai2="12,18,22,77,82,86,108,111,113,115" /><INIT seed="1,1,0,5,5,117" ten="240,240,280,240" oya="1" hai0="88,114,82,59,122,22,0,21,11,121,124,52,51" hai1="43,31,30,92,98,68,60,10,13,70,15,6,9" hai2="130,132,79,45,116,40,113,112,66,118,135,25,33" hai3="19,123,86,49,2,108,75,64,94,125,4,126,24"/><U93/><E43/><V85/><F33/><W80/><G108/><T47/><D114/><N who="2" m="44138" /><F25/><W111/><G111/><T63/><D124/><N who="3" m="47721" /><G75/><T26/><D0/><U46/><E46/><V69/><F79/><N who="3" m="46367" /><G64/><N who="0" m="39039" /><D11/><U48/><E48/><N who="2" m="26663" /><F85/><W96/><G49/><T57/><D47/><U37/><E60/><N who="2" m="40135" /><F130/><W74/><G74/><T103/><D103/><U73/><E73/><V84/><F84/><W78/><G78/><T67/><D67/><U97/><REACH who="1" step="1"/><E6/><REACH who="1" ten="240,230,280,240" step="2"/><V5/><F5/><W7/><G2/><T14/><D26/><U53/><E53/><V102/><F102/><N who="3" m="60695" /><G24/><T23/><D14/><U106/><E106/><V27/><F27/><W119/><G7/><T8/><D51/><U101/><E101/><V105/><F105/><W72/><G4/><T38/><D52/><U35/><E35/><V99/><F99/><W58/><G19/><T100/><D100/><U61/><E61/><V17/><F17/><W16/><G16/><T71/><D8/><U50/><E50/><V115/><F115/><W65/><G72/><T90/><D22/><U87/><E87/><V44/><F44/><W18/><G18/><T120/><D21/><U134/><E134/><AGARI ba="1,1" hai="116,118,132,134,135" m="40135,26663,44138" machi="134" ten="30,7700,0" yaku="20,1,11,1,34,2" doraHai="117" who="2" fromWho="1" sc="240,0,230,-80,280,90,240,0" /><INIT seed="2,0,0,4,1,131" ten="240,150,370,240" oya="2" hai0="32,107,8,120,24,125,130,75,104,82,63,115,69" hai1="93,20,38,134,109,27,128,7,5,53,44,66,85" hai2="3,23,90,47,135,127,74,117,60,34,110,91,26" hai3="45,30,99,37,70,86,55,41,9,51,100,95,33"/><V83/><F34/><W39/><G70/><T80/><D80/><U52/><E66/><V101/><F3/><W29/><G33/><T119/><D130/><U122/><E128/><V73/><F101/><W40/><G9/><T28/><D120/><U105/><E105/><N who="0" m="40521" /><D115/><U111/><E122/><V1/><F1/><W56/><REACH who="3" step="1"/><G86/><REACH who="3" ten="240,150,370,230" step="2"/><T15/><D8/><U71/><E71/><V48/><F73/><W124/><G124/><T19/><D32/><U57/><E85/><V77/><F127/><W4/><G4/><T81/><D75/><U108/><E7/><V61/><F117/><W49/><G49/><T79/><D119/><U129/><E5/><V25/><F60/><W112/><G112/><T103/><D63/><U58/><E129/><V123/><F61/><W96/><G96/><T12/><D69/><U84/><E84/><V59/><F48/><W62/><G62/><T68/><D68/><U2/><E108/><V132/><F74/><W114/><G114/><T46/><D125/><U98/><E109/><V64/><F110/><W113/><G113/><T97/><D97/><U76/><E98/><V54/><F64/><W102/><G102/><T18/><D103/><U87/><E87/><V121/><F121/><W13/><G13/><T0/><D15/><U89/><E111/><V67/><F67/><W116/><G116/><T17/><D12/><U126/><E126/><V16/><F123/><W133/><G133/><T65/><D0/><U50/><E2/><V6/><F132/><W43/><G43/><T94/><D65/><U106/><E134/><V118/><F135/><RYUUKYOKU ba="0,1" sc="240,-10,150,-10,370,-10,230,30" hai3="29,30,37,39,40,41,45,51,55,56,95,99,100" /><INIT seed="3,1,1,5,2,106" ten="230,140,360,260" oya="3" hai0="54,32,103,123,57,65,127,35,122,17,95,11,29" hai1="128,80,131,10,85,119,62,102,58,60,66,71,135" hai2="4,2,40,3,117,19,114,115,36,21,61,120,89" hai3="39,129,28,92,126,110,23,108,97,79,64,50,68"/><W12/><G39/><T13/><D127/><U53/><E135/><V107/><F107/><W84/><G126/><T8/><D65/><U14/><E119/><V70/><F117/><W42/><G129/><T81/><D11/><U83/><E102/><V76/><F120/><W67/><G68/><T6/><D6/><U124/><E124/><V48/><F36/><W72/><G84/><T49/><D81/><U41/><E41/><V73/><F89/><W104/><G104/><T133/><D133/><U34/><E34/><V5/><F61/><W9/><G23/><T63/><D32/><U113/><E113/><V69/><F48/><W105/><G28/><T100/><D100/><U90/><REACH who="1" step="1"/><E80/><REACH who="1" ten="230,130,360,260" step="2"/><V43/><F40/><W44/><G105/><T15/><D123/><U30/><E30/><V45/><F43/><W99/><G92/><T93/><D103/><U98/><E98/><V134/><F134/><W27/><G97/><T37/><D122/><U101/><E101/><V20/><F2/><W47/><G99/><T116/><D95/><U0/><E0/><V25/><F3/><W74/><G42/><T78/><D93/><U112/><E112/><V24/><F114/><W52/><G108/><T56/><D116/><U118/><E118/><V33/><F115/><W22/><G110/><T26/><D37/><U87/><E87/><V18/><F33/><W91/><G47/><T1/><D1/><U75/><E75/><V77/><F45/><W7/><G72/><AGARI ba="1,2" hai="4,5,18,19,20,21,24,25,69,70,72,73,76,77" machi="72" ten="25,6400,0" yaku="22,2,52,2" doraHai="106" who="2" fromWho="3" sc="230,0,130,0,360,87,260,-67" /><INIT seed="4,0,0,2,0,44" ten="230,130,447,193" oya="0" hai0="19,51,134,77,113,52,84,18,12,49,58,69,50" hai1="5,120,86,62,102,24,0,76,28,93,57,14,17" hai2="99,130,42,112,80,9,131,37,132,105,124,35,127" hai3="40,61,38,64,94,122,88,91,72,3,29,67,21"/><T73/><D69/><U103/><E120/><V81/><F35/><W34/><G3/><T33/><D113/><U48/><E0/><V89/><F37/><W116/><G72/><T1/><D1/><U20/><E5/><V23/><F42/><W4/><G116/><T87/><D33/><U56/><E76/><V15/><F23/><W111/><G111/><T101/><D134/><U70/><E70/><V117/><F117/><W30/><G34/><T43/><D43/><U53/><E86/><N who="0" m="32809" /><D73/><U8/><REACH who="1" step="1"/><E93/><REACH who="1" ten="230,120,447,193" step="2"/><N who="2" m="56751" /><F105/><W135/><G94/><T2/><D77/><U74/><E74/><V22/><F132/><W95/><G95/><T121/><D2/><U96/><E96/><V90/><F80/><W59/><G4/><T133/><D133/><U97/><E97/><V83/><F81/><W45/><G122/><T6/><D101/><U63/><E63/><V13/><F83/><W7/><G7/><T46/><D121/><U119/><E119/><V98/><F98/><W106/><G135/><T47/><D6/><U54/><AGARI ba="0,1" hai="8,14,17,20,24,28,48,53,54,56,57,62,102,103" machi="54" ten="20,8000,1" yaku="1,1,0,1,7,1,8,1,52,1,53,0" doraHai="44" doraHaiUra="128" who="1" fromWho="1" sc="230,-40,120,90,447,-20,193,-20" /><INIT seed="5,0,0,5,2,3" ten="190,210,427,173" oya="1" hai0="81,23,26,47,22,27,73,51,66,70,12,114,75" hai1="21,74,94,131,6,52,104,105,95,109,128,118,31" hai2="69,101,35,67,29,19,62,72,0,135,103,60,122" hai3="61,7,121,34,129,64,130,133,92,134,102,18,40"/><U68/><E68/><V115/><F72/><W38/><G121/><T9/><D114/><U30/><E74/><V44/><F0/><W17/><G34/><T98/><D98/><U119/><E21/><V79/><F79/><W2/><G40/><T89/><D66/><U90/><E52/><V36/><F29/><N who="1" m="10761" /><E6/><V124/><F62/><W1/><G38/><T5/><D70/><U113/><E113/><V39/><F19/><N who="3" m="7179" /><G102/><T126/><D126/><U53/><E53/><V54/><F54/><W132/><G92/><N who="1" m="35370" /><E90/><V84/><F44/><W86/><G86/><N who="0" m="50383" /><D75/><U10/><E10/><V42/><F39/><W120/><G120/><T46/><D73/><U71/><E71/><V56/><F36/><W16/><N who="3" m="7187" /><W43/><DORA hai="107" /><G43/><N who="0" m="25055" /><D47/><U50/><E50/><V82/><F42/><W117/><G117/><N who="1" m="44554" /><E109/><V14/><F69/><N who="3" m="42127" /><G1/><T49/><D49/><U58/><E58/><V11/><F124/><W77/><G77/><T100/><D100/><U85/><E85/><V87/><F103/><W116/><G116/><T41/><D41/><U80/><E80/><V25/><F101/><W96/><G96/><T110/><D110/><U55/><E55/><V15/><F87/><W8/><AGARI ba="0,0" hai="2,7,8,129,130,132,133,134" m="42127,7187" machi="8" ten="50,6400,0" yaku="20,1,52,1,54,1" doraHai="3,107" who="3" fromWho="3" sc="190,-16,210,-32,427,-16,173,64" /><INIT seed="6,0,0,4,4,61" ten="174,178,411,237" oya="2" hai0="33,74,55,96,12,11,22,63,98,68,126,118,51" hai1="106,71,94,62,56,109,10,38,79,2,60,58,111" hai2="120,17,32,133,73,41,67,76,108,127,34,39,101" hai3="24,65,9,100,116,85,135,46,103,107,80,134,66"/><V124/><F120/><W82/><G116/><T6/><D33/><U4/><E106/><V19/><F101/><N who="3" m="38987" /><G107/><T114/><D118/><U49/><E38/><V36/><F41/><W8/><G46/><T14/><D74/><U123/><E123/><V57/><F76/><N who="3" m="46215" /><G24/><T37/><D37/><U21/><E71/><V72/><F57/><W64/><G82/><T84/><D114/><U18/><E58/><V23/><F23/><W121/><G121/><T48/><D126/><U97/><E79/><V81/><F81/><W75/><G75/><T86/><D68/><U113/><E113/><V102/><F102/><W87/><G87/><N who="0" m="33323" /><D63/><U78/><E78/><V50/><F50/><N who="0" m="18986" /><D55/><N who="1" m="33823" /><E62/><V90/><F108/><W16/><G16/><AGARI ba="0,0" hai="6,11,12,14,16,22,96,98" m="18986,33323" machi="16" ten="30,2000,0" yaku="8,1,54,1" doraHai="61" who="0" fromWho="3" sc="174,20,178,0,411,0,237,-20" /><INIT seed="7,0,0,0,2,50" ten="194,178,411,217" oya="3" hai0="31,131,87,76,133,55,90,36,27,15,68,23,99" hai1="102,47,73,30,34,25,93,69,46,38,78,103,22" hai2="116,67,37,120,97,84,114,91,33,126,35,18,45" hai3="94,14,24,44,124,26,130,8,20,88,2,49,123"/><W83/><G123/><T28/><D68/><U96/><E69/><V77/><F45/><W86/><G124/><T10/><D36/><U5/><E5/><V113/><F67/><W54/><G130/><T98/><D131/><U43/><E102/><V108/><F37/><W125/><G125/><T70/><D70/><U82/><REACH who="1" step="1"/><E47/><REACH who="1" ten="194,168,411,217" step="2"/><V19/><F114/><W105/><G105/><T111/><D111/><U117/><E117/><V101/><F126/><W4/><G2/><T13/><D133/><U122/><E122/><V80/><F101/><W61/><G44/><T9/><D76/><U64/><E64/><V85/><F77/><W21/><G4/><N who="0" m="3239" /><D55/><U135/><E135/><V7/><F108/><W129/><G54/><T48/><D48/><U29/><E29/><V0/><F7/><W65/><G49/><T12/><D31/><U11/><E11/><V115/><F0/><W56/><G129/><T132/><D132/><U41/><E41/><V66/><F115/><W39/><G39/><T134/><D134/><U110/><E110/><V62/><F66/><W75/><G8/><T1/><D1/><U106/><E106/><V57/><F120/><W32/><G65/><T42/><D42/><U59/><E59/><V100/><F100/><W51/><G56/><T107/><D107/><U72/><E72/><V58/><F57/><W109/><G51/><T81/><D10/><U3/><E3/><V6/><F58/><W121/><G75/><T119/><D119/><U127/><E127/><V71/><F116/><W128/><G109/><T118/><D118/><U17/><E17/><RYUUKYOKU ba="0,1" sc="194,15,168,15,411,-15,217,-15" hai0="12,15,23,27,28,81,87,90,98,99" hai1="22,25,30,34,38,43,46,73,78,82,93,96,103" owari="209,1.0,183,-32.0,406,51.0,202,-20.0" /></mjloggm>