<mjloggm ver="2.3"><GO type="169" lobby="0"/><UN n0="%E5%B0%B1%E6%B4%BB%E7%94%9F%40%E5%B7%9D%E6%9D%91%E8%BB%8D%E5%9B%A3" n1="%52%6F%62%69%4E" n2="%E3%83%89%E3%83%A9%EF%BC%91%EF%BC%92%EF%BC%90%EF%BC%85" n3="%E3%81%82%E3%81%B2%E3%82%8B%E3%81%95%E3%82%93" dan="16,17,17,16" rate="2109.26,2130.86,2219.44,2126.97" sx="M,M,M,M"/><TAIKYOKU oya="0"/><INIT seed="0,0,0,2,4,79" ten="250,250,250,250" oya="0" hai0="64,125,128,43,77,106,81,98,47,133,107,26,132" hai1="58,35,129,11,100,68,104,82,24,85,34,127,73" hai2="57,36,41,66,88,122,19,105,69,52,72,28,46" hai3="20,42,84,49,50,60,48,70,135,111,112,126,124"/><T38/><D125/><N who="3" m="48233" /><G20/><T75/><D128/><U27/><E127/><V119/><F122/><W14/><G14/><T61/><D26/><U40/><E68/><V39/><F105/><W99/><G99/><T10/><D10/><U17/><E73/><V56/><F119/><W123/><G112/><T54/><D54/><U21/><E129/><V121/><F121/><W78/><G123/><T117/><D117/><U22/><E11/><V29/><F72/><W94/><G94/><T95/><D95/><U116/><E116/><V12/><F39/><W83/><G111/><T65/><D65/><U110/><E110/><V15/><F15/><W16/><G135/><N who="0" m="51787" /><D98/><U120/><E40/><V45/><F45/><N who="3" m="25655" /><G16/><T25/><D25/><U4/><E120/><V118/><F118/><W9/><G9/><T91/><D91/><U115/><E104/><V18/><F88/><W101/><G101/><T44/><D44/><U96/><E115/><V7/><F29/><W130/><G130/><T86/><D86/><U30/><E96/><V31/><F31/><W134/><G134/><T6/><D6/><U55/><E4/><V32/><F28/><W80/><G84/><T1/><D1/><U76/><E100/><V92/><F7/><W89/><G89/><T63/><D63/><AGARI ba="0,0" hai="17,21,22,24,27,30,34,35,55,58,63,76,82,85" machi="63" ten="30,2000,0" yaku="7,1,52,1" doraHai="79" who="1" fromWho="0" sc="250,-20,250,20,250,0,250,0" /><INIT seed="1,0,0,4,0,92" ten="230,270,250,250" oya="1" hai0="17,70,122,119,50,74,127,3,64,94,59,110,53" hai1="109,87,22,68,123,80,75,77,11,46,67,124,132" hai2="57,19,82,96,13,51,2,28,52,104,40,5,21" hai3="125,134,118,116,108,111,62,47,79,32,117,7,30"/><U99/><E123/><V135/><F135/><W33/><G79/><T49/><D119/><U93/><E132/><V39/><F28/><W58/><G134/><T27/><D3/><U91/><E124/><V97/><F104/><W18/><G47/><T48/><D74/><U86/><E46/><V9/><F39/><W120/><G120/><T65/><D70/><U130/><E130/><V61/><F40/><W114/><G114/><T90/><D127/><U60/><E109/><N who="3" m="42058" /><G125/><T1/><D1/><U37/><E37/><V29/><F82/><W101/><G7/><T115/><D115/><U83/><E11/><V103/><F103/><W16/><G101/><T128/><D128/><U84/><REACH who="1" step="1"/><E22/><REACH who="1" ten="230,260,250,250" step="2"/><V31/><F31/><W73/><G30/><T95/><D122/><U26/><E26/><V72/><F29/><W85/><G33/><T44/><D110/><U8/><E8/><V56/><REACH who="2" step="1"/><F72/><REACH who="2" ten="230,260,240,250" step="2"/><W42/><G73/><T81/><D44/><U4/><E4/><V35/><F35/><W36/><G32/><T133/><D133/><U66/><E66/><AGARI ba="0,2" hai="2,5,9,13,19,21,51,52,56,57,61,66,96,97" machi="66" ten="30,8000,1" yaku="1,1,7,1,52,2,54,1,53,0" doraHai="92" doraHaiUra="105" who="2" fromWho="1" sc="230,0,260,-80,240,100,250,0" /><INIT seed="2,0,0,3,0,36" ten="230,180,340,250" oya="2" hai0="128,125,42,75,94,87,86,95,12,127,4,20,27" hai1="35,77,112,56,108,8,122,31,16,22,59,111,115" hai2="126,102,26,58,88,52,97,92,121,47,90,14,25" hai3="13,44,107,28,11,37,100,46,89,10,62,50,3"/><V103/><F121/><W129/><G28/><T63/><D75/><U6/><E77/><V101/><F126/><N who="0" m="48138" /><D128/><U0/><E59/><V93/><F47/><W96/><G3/><T49/><D63/><U74/><E56/><V114/><F14/><W51/><G37/><T54/><D4/><U98/><E98/><N who="2" m="57623" /><F114/><W131/><G62/><AGARI ba="0,0" hai="25,26,52,58,62,88,93,97,101,102,103" m="57623" machi="62" ten="30,5800,0" yaku="8,1,54,2" doraHai="36" who="2" fromWho="3" sc="230,0,180,0,340,58,250,-58" /><INIT seed="2,1,0,4,5,70" ten="230,180,398,192" oya="2" hai0="27,76,99,20,36,32,63,94,93,21,25,17,87" hai1="106,43,10,105,2,37,127,128,56,12,129,123,64" hai2="67,68,38,61,82,13,19,118,69,11,132,107,6" hai3="22,78,5,109,33,130,53,59,122,71,80,42,26"/><V110/><F118/><W41/><G71/><T115/><D32/><U44/><E2/><V57/><F132/><W48/><G33/><T50/><D115/><U15/><E123/><V104/><F110/><W60/><G5/><T117/><D36/><U73/><E73/><V86/><F69/><W133/><G122/><T52/><D117/><U54/><E64/><V31/><F31/><W30/><G133/><T51/><D63/><U98/><E127/><V92/><F38/><W34/><G109/><T89/><D76/><U84/><E84/><V4/><F4/><W39/><G130/><N who="1" m="50282" /><E98/><V101/><F68/><W90/><G34/><T100/><REACH who="0" step="1"/><D52/><REACH who="0" ten="220,180,398,192" step="2"/><U16/><E12/><V77/><F13/><W66/><G78/><T23/><D23/><U40/><E40/><V97/><F77/><W83/><G39/><T28/><AGARI ba="1,1" hai="17,20,21,25,27,28,50,51,87,89,93,94,99,100" machi="28" ten="20,5200,0" yaku="1,1,0,1,7,1,8,1,53,0" doraHai="70" doraHaiUra="119" who="0" fromWho="0" sc="220,65,180,-14,398,-27,192,-14" /><INIT seed="3,0,0,2,2,16" ten="285,166,371,178" oya="3" hai0="38,66,3,28,104,18,82,87,60,124,5,76,59" hai1="130,57,49,132,67,105,11,92,86,2,125,64,115" hai2="9,65,90,74,63,13,50,51,119,21,12,128,107" hai3="37,72,99,61,85,68,32,30,36,96,84,71,48"/><W47/><G72/><T79/><D104/><U100/><E86/><V25/><F74/><W10/><G32/><T129/><D38/><U117/><E92/><V83/><F107/><W111/><G10/><T33/><D129/><U56/><E49/><V97/><F119/><W113/><G113/><T122/><D122/><U31/><E100/><V46/><F128/><W116/><G116/><T118/><D118/><U108/><E31/><V101/><F101/><W106/><G106/><T81/><D124/><U44/><E44/><V26/><F26/><W35/><G35/><T131/><D131/><U134/><E11/><V29/><F46/><W78/><G47/><T112/><D112/><U55/><E2/><V20/><F20/><W52/><G30/><T94/><D28/><U41/><E105/><V95/><F83/><W0/><G0/><T91/><D33/><U109/><E115/><V17/><REACH who="2" step="1"/><F13/><REACH who="2" ten="285,166,361,178" step="2"/><W89/><G111/><T45/><D45/><U7/><E130/><V19/><F19/><W110/><G110/><T120/><D120/><U126/><E117/><V114/><F114/><W88/><G78/><T127/><D18/><U123/><E123/><V40/><F40/><W102/><G102/><T6/><D3/><U58/><E41/><V80/><F80/><W24/><G36/><T75/><D127/><U8/><E125/><V133/><F133/><W34/><G37/><T53/><D81/><U14/><E126/><V69/><AGARI ba="0,1" hai="9,12,17,21,25,29,50,51,63,65,69,90,95,97" machi="69" ten="20,5200,0" yaku="1,1,0,1,7,1,52,1,53,0" doraHai="16" doraHaiUra="42" who="2" fromWho="2" sc="285,-13,166,-13,361,62,178,-26" /><INIT seed="4,0,0,2,5,15" ten="272,153,423,152" oya="0" hai0="94,8,79,0,60,133,119,123,67,78,22,21,86" hai1="83,110,24,111,23,65,122,63,124,49,48,40,36" hai2="61,37,2,72,71,4,7,121,92,82,45,19,38" hai3="46,81,62,108,125,74,73,96,126,59,91,106,16"/><T31/><D123/><U97/><E122/><V112/><F121/><W87/><G108/><T13/><D0/><U93/><E124/><N who="3" m="47722" /><G46/><T39/><D39/><U69/><E36/><V11/><F92/><W120/><G120/><T107/><D107/><U103/><E83/><V54/><F61/><W56/><G96/><T127/><D133/><U25/><E25/><V26/><F7/><W30/><G30/><T3/><D3/><U99/><E99/><V10/><F54/><N who="3" m="34071" /><G59/><N who="0" m="37279" /><D31/><U12/><E12/><V51/><F2/><W134/><G106/><T68/><D68/><U5/><E5/><V118/><F71/><W75/><G134/><T132/><D132/><U50/><REACH who="1" step="1"/><E40/><REACH who="1" ten="272,143,423,152" step="2"/><V102/><F38/><W14/><G75/><T57/><D127/><U131/><E131/><V105/><F37/><W55/><G55/><T95/><D119/><U47/><E47/><V35/><F45/><W80/><G81/><T98/><D98/><U128/><E128/><V114/><F72/><W34/><G34/><T33/><D33/><U64/><E64/><V32/><F32/><W18/><G73/><T29/><D29/><AGARI ba="0,1" hai="23,24,29,48,49,50,63,65,69,93,97,103,110,111" machi="29" ten="40,1300,0" yaku="1,1,53,0" doraHai="15" doraHaiUra="1" who="1" fromWho="0" sc="272,-13,143,23,423,0,152,0" /><INIT seed="5,0,0,3,3,90" ten="259,166,423,152" oya="1" hai0="134,60,55,102,21,10,101,3,95,122,34,126,94" hai1="68,127,50,113,30,75,104,42,41,69,16,49,106" hai2="47,22,120,74,76,52,4,64,19,25,31,53,70" hai3="115,128,56,125,72,84,37,119,123,43,63,107,12"/><U61/><E113/><V11/><F120/><W57/><G12/><T48/><D34/><U51/><E75/><V29/><F70/><W86/><G43/><T39/><D39/><U58/><E30/><V59/><F64/><W129/><G63/><T89/><D122/><U77/><E77/><V40/><F74/><W17/><G17/><T105/><D105/><U38/><E127/><V7/><F76/><W33/><G57/><T98/><D134/><U13/><E104/><V88/><F88/><W62/><G56/><N who="0" m="34847" /><D3/><U100/><E100/><V27/><F59/><W83/><G62/><T32/><D32/><U117/><E106/><V118/><F118/><W24/><G24/><T73/><D73/><U44/><E42/><V108/><F108/><W116/><G86/><N who="0" m="52535" /><D10/><U132/><E117/><V131/><F131/><W103/><G84/><T54/><D21/><U92/><E92/><V8/><F27/><W28/><G83/><T93/><D126/><U85/><E132/><V112/><F22/><W45/><G119/><T0/><D0/><U130/><E130/><V133/><F25/><W15/><G15/><T26/><D26/><U67/><REACH who="1" step="1"/><E85/><REACH who="1" ten="259,156,423,152" step="2"/><V124/><F124/><W1/><G28/><T35/><D35/><U6/><E6/><V23/><F31/><W80/><G80/><T66/><D98/><U109/><E109/><V20/><F133/><W36/><G129/><T96/><D96/><U65/><E65/><V71/><F112/><W9/><G103/><N who="0" m="39435" /><D66/><U87/><E87/><V135/><F135/><W91/><G128/><T78/><D78/><U110/><E110/><RYUUKYOKU ba="0,1" sc="259,15,156,15,423,-15,152,-15" hai0="48,54,93,95" hai1="13,16,38,41,44,49,50,51,58,61,67,68,69" /><INIT seed="5,1,1,3,2,124" ten="274,171,408,137" oya="1" hai0="70,27,114,73,68,86,32,19,135,3,33,121,23" hai1="31,71,122,60,10,2,17,93,6,110,66,88,13" hai2="47,44,4,92,82,15,79,28,96,100,40,62,35" hai3="36,9,111,8,51,130,81,18,113,120,11,101,116"/><U74/><E74/><V85/><F35/><W45/><G111/><T89/><D73/><U5/><E122/><V39/><F28/><W26/><G36/><T65/><D3/><U20/><E110/><V94/><F62/><W48/><G120/><T102/><D121/><U76/><E76/><V42/><F15/><W37/><G37/><T24/><D102/><U78/><E78/><V119/><F4/><W118/><G101/><T105/><D105/><U30/><REACH who="1" step="1"/><E6/><REACH who="1" ten="274,161,408,137" step="2"/><V91/><F119/><W108/><G108/><T50/><D114/><U117/><E117/><V22/><F79/><W75/><G75/><T126/><D126/><U0/><E0/><V55/><F39/><W106/><G113/><T57/><D33/><U129/><E129/><V56/><F42/><W63/><G118/><T77/><D77/><U53/><E53/><V1/><F40/><W125/><G116/><T12/><D32/><U21/><E21/><V46/><F55/><W104/><G125/><T49/><D23/><U107/><E107/><V127/><F22/><N who="3" m="13655" /><G106/><T69/><D65/><U58/><E58/><V115/><F56/><W109/><G104/><T134/><D57/><U16/><E16/><V131/><F1/><W97/><G109/><T67/><D67/><U98/><AGARI ba="1,2" hai="2,5,10,13,17,20,30,31,60,66,71,88,93,98" machi="98" ten="20,7800,0" yaku="1,1,0,1,7,1,54,1,53,0" doraHai="124" doraHaiUra="72" who="1" fromWho="1" sc="274,-27,161,101,408,-27,137,-27" /><INIT seed="5,2,0,4,3,24" ten="247,262,381,110" oya="1" hai0="14,117,83,86,29,111,69,101,72,103,33,132,113" hai1="63,131,35,4,67,42,128,98,80,127,58,134,82" hai2="50,105,95,60,85,48,118,55,51,16,65,93,15" hai3="123,27,43,75,39,109,73,81,5,10,88,124,116"/><U61/><E35/><V53/><F105/><W30/><G109/><T99/><D111/><U25/><E4/><V40/><F40/><W3/><G123/><T126/><D117/><U92/><E134/><V87/><F118/><W100/><G116/><T76/><D69/><U36/><E127/><V2/><F2/><W64/><G124/><T90/><D126/><U28/><E63/><V18/><F18/><W71/><G100/><T47/><D113/><U38/><E42/><V57/><F55/><W110/><G110/><T44/><D132/><U20/><E80/><V108/><F108/><W135/><G135/><T41/><D14/><U59/><E59/><N who="2" m="37023" /><F87/><W107/><G107/><N who="0" m="63935" /><D103/><N who="1" m="60871" /><E82/><V0/><F0/><W91/><G64/><T97/><D97/><U89/><E89/><N who="2" m="53423" /><F95/><W94/><G71/><T70/><D70/><U119/><E119/><V114/><F114/><W77/><G73/><T120/><D41/><U129/><AGARI ba="2,0" hai="20,25,28,36,38,58,61,67,128,129,131" m="60871" machi="129" ten="30,6000,0" yaku="25,1,19,1,52,1" doraHai="24" who="1" fromWho="1" sc="247,-22,262,66,381,-22,110,-22" /><INIT seed="5,3,0,2,5,116" ten="225,328,359,88" oya="1" hai0="75,121,54,49,69,46,37,11,9,110,24,25,120" hai1="94,115,61,4,18,74,38,119,50,22,33,44,66" hai2="6,135,47,59,21,104,126,58,117,111,82,17,1" hai3="73,13,26,35,28,3,132,39,34,84,19,102,108"/><U124/><E119/><V105/><F117/><W12/><G108/><T85/><D110/><U134/><E33/><V107/><F111/><W106/><G73/><T128/><D75/><U15/><E38/><V86/><F135/><W45/><G3/><T42/><D69/><U14/><E74/><V91/><F126/><W118/><G118/><T98/><D98/><U112/><E134/><V41/><F6/><W63/><G132/><T60/><D60/><U78/><E78/><V101/><F101/><W8/><G35/><T127/><D128/><U52/><E124/><V71/><F71/><W10/><G106/><T27/><D85/><U48/><E48/><V100/><F100/><W76/><G102/><T122/><D127/><U32/><E32/><V125/><F1/><W23/><G39/><T16/><D16/><U53/><E53/><V131/><F131/><W72/><G72/><T95/><D95/><U83/><E94/><V31/><F31/><W5/><G34/><T51/><D51/><U55/><E55/><V65/><F65/><W30/><G45/><T133/><D133/><U80/><E4/><V129/><F129/><W56/><G30/><T88/><D88/><U109/><E109/><V130/><F130/><W77/><REACH who="3" step="1"/><G84/><REACH who="3" ten="225,328,359,78" step="2"/><T114/><D114/><U0/><E112/><V97/><F125/><W92/><G92/><T36/><D36/><U99/><E115/><V87/><F87/><W43/><G43/><T113/><D113/><U62/><E44/><AGARI ba="3,1" hai="9,11,24,25,27,37,42,44,46,49,54,120,121,122" machi="44" ten="50,8000,1" yaku="13,1,52,3" doraHai="116" who="0" fromWho="1" sc="225,99,328,-89,359,0,78,0" /><INIT seed="6,0,0,1,3,122" ten="324,239,359,78" oya="2" hai0="30,24,115,86,87,104,15,12,48,105,100,135,45" hai1="96,126,26,127,125,2,37,112,101,23,70,103,55" hai2="59,130,32,57,129,65,117,61,93,77,8,83,1" hai3="97,88,73,74,63,56,113,80,40,132,60,6,68"/><V31/><F117/><W75/><G6/><T53/><D115/><U85/><E112/><V92/><F1/><W131/><G40/><T51/><D135/><U123/><E70/><V128/><F8/><W58/><G68/><T116/><D116/><U39/><E123/><V121/><F121/><W95/><G113/><T89/><D86/><U79/><E2/><V124/><F124/><N who="1" m="31745" /><U76/><DORA hai="54" /><E55/><V25/><REACH who="2" step="1"/><F59/><REACH who="2" ten="324,239,349,78" step="2"/><W7/><G132/><T82/><D105/><N who="1" m="63655" /><E76/><V5/><F5/><W119/><G119/><T4/><D4/><U43/><E79/><V47/><F47/><W72/><G7/><T17/><D104/><U21/><E39/><V71/><F71/><W78/><REACH who="3" step="1"/><G131/><REACH who="3" ten="324,239,349,68" step="2"/><T106/><D106/><U69/><E69/><V14/><F14/><W62/><AGARI ba="0,2" hai="56,58,60,62,63,72,73,74,75,78,80,88,95,97" machi="62" ten="40,12000,2" yaku="1,1,2,1,0,1,52,2,54,1,53,0" doraHai="122,54" doraHaiUra="67,19" who="3" fromWho="3" sc="324,-30,239,-30,349,-60,68,140" /><INIT seed="7,0,0,3,2,107" ten="294,209,289,208" oya="3" hai0="23,76,100,7,115,58,40,45,54,65,105,66,98" hai1="27,109,5,18,57,123,33,36,73,110,6,72,4" hai2="83,87,12,97,25,63,125,121,112,31,21,47,93" hai3="17,124,133,64,88,41,48,62,114,130,60,111,80"/><W99/><G114/><T29/><D76/><U122/><E36/><V53/><F112/><W86/><G130/><T24/><D7/><U35/><E57/><N who="2" m="35247" /><F125/><W13/><G133/><T3/><D3/><U11/><E11/><V74/><F74/><N who="1" m="28777" /><E18/><V113/><F113/><W116/><G116/><T61/><D115/><U127/><E27/><V20/><F121/><N who="1" m="46089" /><E127/><V67/><F67/><W26/><G124/><T92/><D105/><U34/><AGARI ba="0,0" hai="4,5,6,33,34,35,109,110" m="46089,28777" machi="34" ten="50,8000,1" yaku="28,2,52,3" doraHai="107" who="1" fromWho="1" sc="294,-20,209,80,289,-20,208,-40" /><INIT seed="8,0,0,1,4,121" ten="274,289,269,168" oya="0" hai0="55,95,125,28,104,101,14,134,99,41,25,124,123" hai1="94,21,126,11,24,78,58,3,83,112,22,115,46" hai2="129,74,33,79,130,60,6,135,93,35,87,57,45" hai3="13,51,108,114,131,92,96,5,90,68,10,118,85"/><T98/><D123/><U4/><E126/><N who="0" m="48745" /><D134/><U47/><E94/><V69/><F69/><W111/><G114/><N who="1" m="43562" /><E58/><V62/><F135/><W19/><G68/><T97/><D41/><U86/><E22/><V133/><F133/><W113/><G113/><T9/><D104/><U73/><E73/><V1/><F74/><W102/><G118/><T127/><D55/><U88/><E78/><V63/><F57/><W128/><G51/><T12/><N who="0" m="48753" /><T56/><DORA hai="122" /><D56/><U29/><AGARI ba="0,0" hai="3,4,11,21,24,29,46,47,83,86,88" m="43562" machi="29" ten="30,2000,0" yaku="11,1,54,1" doraHai="121,122" who="1" fromWho="1" sc="274,-10,289,20,269,-5,168,-5" owari="264,6.0,309,42.0,264,-14.0,163,-34.0" /></mjloggm>