<mjloggm ver="2.3"><GO type="225" lobby="0"/><UN n0="%E3%82%82%E3%82%81%E3%82%93%E3%81%AA%E3%81%A1%E3%82%83%E3%81%84" n1="%56%65%6E%75%73%53%61%79" n2="%E3%81%86%E3%81%A9%E3%82%93%E5%B1%8B" n3="%E3%83%88%E3%83%88%E3%83%AA%E5%85%88%E7%94%9F%31%39%E6%AD%B3" dan="17,18,17,17" rate="2157.87,2234.19,2162.13,2182.48" sx="F,M,M,F"/><TAIKYOKU oya="0"/><INIT seed="0,0,0,3,5,119" ten="250,250,250,250" oya="0" hai0="94,13,110,45,41,84,118,59,7,117,108,73,49" hai1="54,99,131,63,113,66,26,86,1,42,10,87,92" hai2="135,124,88,115,55,50,58,93,40,28,91,14,68" hai3="64,52,120,106,46,71,98,74,24,127,43,102,34"/><T39/><D73/><U103/><E131/><V35/><F115/><W116/><G116/><T23/><D94/><U70/><E113/><V51/><F68/><W38/><G127/><T3/><D3/><U25/><E42/><V9/><F124/><W128/><G128/><T8/><D84/><U53/><E87/><V126/><F126/><W100/><G100/><T44/><D59/><U78/><E1/><V129/><F129/><W101/><G101/><T125/><D125/><U56/><E10/><V105/><F105/><W4/><G4/><T36/><D23/><U30/><E70/><V112/><F112/><W18/><G18/><T6/><D6/><U107/><E26/><V122/><F135/><W5/><G5/><T96/><D96/><U22/><E107/><V11/><F122/><W21/><G21/><T62/><D62/><U32/><E32/><V47/><F14/><W61/><G52/><N who="0" m="29735" /><D36/><U27/><E27/><V2/><F2/><W133/><G133/><T15/><D15/><U20/><E20/><V57/><F91/><W123/><REACH who="3" step="1"/><G74/><REACH who="3" ten="250,250,250,240" step="2"/><T130/><D130/><U17/><E17/><V19/><F19/><W83/><G83/><AGARI ba="0,1" hai="22,25,30,53,54,56,63,66,78,83,86,92,99,103" machi="83" ten="40,5200,0" yaku="25,2,8,1" doraHai="119" who="1" fromWho="3" sc="250,0,250,62,250,0,240,-52" /><INIT seed="1,0,0,3,5,43" ten="250,312,250,188" oya="1" hai0="68,122,118,22,0,77,52,37,102,17,50,125,38" hai1="8,11,54,10,35,103,55,133,113,71,82,34,49" hai2="62,44,61,79,81,19,101,119,69,74,115,130,23" hai3="105,93,89,80,114,6,86,87,85,28,104,78,31"/><U91/><E113/><V18/><F119/><W36/><G36/><T127/><D118/><U83/><E71/><V60/><F130/><W26/><G6/><T84/><D0/><U98/><E133/><V116/><F116/><W32/><G114/><T63/><D102/><U124/><E124/><N who="0" m="47689" /><D122/><U33/><E91/><V2/><F2/><W15/><G15/><N who="0" m="9535" /><D77/><U106/><REACH who="1" step="1"/><E54/><REACH who="1" ten="250,302,250,188" step="2"/><V14/><F115/><W45/><G31/><T42/><D42/><U100/><E100/><V4/><F101/><W108/><G108/><T9/><D68/><U47/><AGARI ba="0,1" hai="8,10,11,33,34,35,47,49,55,82,83,98,103,106" machi="47" ten="40,7800,0" yaku="1,1,0,1,52,1,53,0" doraHai="43" doraHaiUra="88" who="1" fromWho="1" sc="250,-26,302,88,250,-26,188,-26" /><INIT seed="1,1,0,1,4,124" ten="224,390,224,162" oya="1" hai0="67,16,89,28,112,101,88,21,83,61,33,96,135" hai1="93,110,80,92,114,131,2,24,127,73,82,76,64" hai2="29,53,34,1,133,75,105,130,55,8,35,37,39" hai3="11,79,50,47,43,63,62,12,78,102,77,22,86"/><U117/><E2/><V27/><F75/><W98/><G22/><T48/><D112/><U111/><E64/><V103/><F133/><W32/><G32/><T122/><D135/><U129/><E114/><V108/><F108/><N who="1" m="41513" /><E127/><V121/><F121/><W91/><G98/><T118/><D118/><U25/><E117/><V113/><F113/><W51/><G51/><T69/><D122/><U54/><E54/><V132/><F132/><W56/><G102/><T119/><D119/><U99/><E82/><V58/><F34/><W46/><G46/><T38/><D38/><U74/><E74/><V68/><F68/><W85/><G56/><T20/><D48/><U18/><E93/><V57/><F55/><W59/><G59/><T13/><D83/><U3/><E3/><V116/><F58/><W15/><G15/><T5/><D5/><U23/><E25/><V65/><F65/><W10/><G10/><T0/><D0/><U97/><E97/><N who="2" m="61679" /><F116/><W84/><REACH who="3" step="1"/><G91/><AGARI ba="1,0" hai="18,23,24,73,76,80,91,92,99,129,131" m="41513" machi="91" ten="30,11600,0" yaku="14,1,10,1,52,2" doraHai="124" who="1" fromWho="3" sc="224,0,390,119,224,0,162,-119" /><INIT seed="1,2,0,3,2,129" ten="224,509,224,43" oya="1" hai0="46,112,11,106,56,66,39,17,54,120,105,18,40" hai1="85,48,16,22,53,91,21,20,13,29,33,15,101" hai2="2,1,61,113,99,59,83,100,78,57,76,88,51" hai3="133,132,19,47,7,122,98,81,77,131,130,44,37"/><U73/><E73/><V92/><F113/><W107/><G122/><T90/><D112/><U123/><E123/><V31/><F31/><W3/><G19/><T34/><D34/><U86/><E101/><V110/><F110/><W116/><G116/><T35/><D35/><U14/><E16/><V9/><F100/><N who="3" m="62871" /><G3/><T89/><D66/><U117/><E117/><V96/><F96/><W0/><G0/><T64/><D64/><U49/><E91/><V119/><F119/><W5/><G5/><T93/><D90/><U10/><E10/><V94/><F94/><W60/><G60/><T87/><D120/><U134/><E33/><V45/><F76/><W104/><G7/><T42/><D42/><U32/><E32/><V38/><F38/><W121/><G121/><T43/><D43/><U111/><E111/><V103/><F103/><W26/><G26/><T69/><D69/><U71/><E71/><V82/><F9/><W50/><G37/><T70/><D70/><U74/><E74/><V62/><F62/><W6/><G6/><T8/><D8/><U135/><E29/><V97/><F97/><W24/><G24/><T30/><D30/><U12/><E12/><V84/><F83/><W28/><G28/><T67/><D11/><U114/><E114/><V95/><F95/><W58/><G104/><N who="0" m="40043" /><D67/><U125/><E125/><V41/><F1/><W115/><G115/><T127/><D127/><U79/><E79/><V55/><F2/><W68/><G68/><T108/><D108/><U23/><N who="1" m="5120" /><DORA hai="65" /><U109/><E109/><V27/><F27/><W80/><G77/><RYUUKYOKU ba="2,0" sc="224,15,509,-15,224,15,43,-15" hai0="17,18,39,40,46,54,56,87,89,93" hai2="41,45,51,55,57,59,61,78,82,84,88,92,99" /><INIT seed="2,3,0,1,3,96" ten="239,494,239,28" oya="2" hai0="59,36,126,85,102,8,110,65,118,121,52,2,5" hai1="66,135,34,45,69,79,122,46,99,95,51,17,21" hai2="83,13,6,32,3,70,24,27,130,125,87,1,133" hai3="23,50,120,78,74,111,119,98,42,86,124,43,20"/><V40/><F70/><W54/><G119/><T106/><D121/><U107/><E34/><V55/><F125/><W132/><G74/><T100/><D126/><U67/><E122/><V68/><F68/><W131/><G124/><T47/><D118/><U44/><E107/><V26/><F133/><W39/><G120/><T81/><D110/><U7/><E135/><V91/><F130/><W10/><G131/><T97/><D65/><N who="1" m="24587" /><E69/><V25/><F40/><W29/><G132/><T89/><D100/><N who="1" m="60543" /><E7/><V48/><F32/><W80/><G111/><T93/><D47/><U109/><E79/><V28/><F28/><W33/><G33/><T12/><D36/><U63/><E63/><V117/><F117/><W101/><G10/><T11/><D11/><U104/><E104/><V116/><F116/><W15/><G39/><T103/><D106/><U14/><E109/><V134/><F134/><W115/><G115/><T92/><D92/><U31/><E31/><V57/><N who="2" m="6144" /><DORA hai="37" /><V90/><F3/><W76/><G76/><N who="0" m="46247" /><D2/><U58/><E58/><V30/><F1/><W128/><G128/><T61/><AGARI ba="3,0" hai="5,8,12,52,59,61,89,93,97,102,103" m="46247" machi="61" ten="30,7900,0" yaku="8,1,52,2,54,1" doraHai="96,37" who="0" fromWho="0" sc="239,88,494,-23,239,-42,28,-23" /><INIT seed="3,0,0,0,0,13" ten="327,471,197,5" oya="3" hai0="108,124,20,58,67,126,99,103,132,89,11,51,95" hai1="75,0,35,7,62,56,43,80,96,81,23,116,28" hai2="63,41,90,44,83,111,3,120,60,38,36,86,100" hai3="14,12,55,121,48,29,70,93,113,45,17,106,91"/><W31/><G113/><T73/><D73/><U8/><E75/><V118/><F118/><W117/><G117/><T76/><D76/><U92/><E35/><V66/><F3/><W2/><G2/><T4/><D108/><U21/><E43/><V71/><F111/><W10/><G121/><T72/><D72/><U131/><E131/><V1/><F1/><W5/><G70/><T30/><D89/><U9/><E9/><V50/><F120/><W84/><G106/><T130/><D132/><U24/><E23/><AGARI ba="0,0" hai="5,10,12,14,17,23,29,31,45,48,55,84,91,93" machi="23" ten="30,5800,0" yaku="7,1,8,1,52,1" doraHai="13" who="3" fromWho="1" sc="327,0,471,-58,197,0,5,58" /><INIT seed="3,1,0,1,5,89" ten="327,413,197,63" oya="3" hai0="128,95,93,55,80,84,58,38,86,63,5,81,123" hai1="117,27,7,35,106,17,15,112,113,57,20,74,6" hai2="75,65,16,4,99,59,71,120,87,61,11,114,72" hai3="90,56,1,18,122,92,48,10,45,125,134,33,9"/><W41/><G122/><T53/><D123/><U78/><E57/><V104/><F120/><W62/><G33/><T0/><D38/><U110/><E106/><V97/><F114/><N who="1" m="44137" /><E78/><V131/><F131/><W109/><G134/><T12/><D0/><U85/><E85/><N who="0" m="32873" /><D128/><U19/><E74/><V124/><F124/><W73/><G125/><T108/><D108/><U3/><E110/><V21/><F87/><N who="3" m="52319" /><G73/><T82/><D53/><U37/><E37/><V22/><F71/><W50/><G1/><T77/><D77/><U14/><E3/><V115/><F115/><W107/><G107/><T28/><D28/><N who="1" m="19871" /><E117/><V132/><F132/><W133/><G133/><T68/><D68/><U29/><E29/><V102/><F97/><W13/><G109/><T60/><D60/><U32/><E32/><V121/><F121/><W25/><G50/><T52/><D55/><U39/><E39/><V135/><F135/><W66/><G25/><T100/><D100/><U69/><E69/><V24/><F21/><AGARI ba="1,0" hai="9,10,13,18,21,41,45,48,56,62,66" m="52319" machi="21" ten="30,2900,0" yaku="8,1,52,1" doraHai="89" who="3" fromWho="2" sc="327,0,413,0,197,-32,63,32" /><AGARI ba="1,0" hai="6,7,14,15,17,19,20,21" m="19871,44137" machi="21" ten="30,2000,0" yaku="34,2" doraHai="89" who="1" fromWho="2" sc="327,0,413,20,165,-20,95,0" /><INIT seed="3,2,0,4,1,122" ten="327,433,145,95" oya="3" hai0="91,94,119,64,123,105,82,41,42,11,29,130,2" hai1="114,33,36,87,71,51,67,35,95,8,55,1,131" hai2="106,65,46,111,85,30,44,107,125,68,62,14,21" hai3="16,24,78,132,116,113,99,40,56,22,115,101,54"/><W17/><G116/><T15/><D105/><U25/><E36/><V39/><F125/><W26/><G132/><T76/><D2/><U75/><E75/><V34/><F34/><W7/><G40/><T61/><D130/><U69/><E114/><V81/><F111/><W3/><G78/><T97/><D29/><U127/><E127/><V118/><F118/><W6/><G3/><T109/><D109/><U9/><E131/><V70/><F70/><W96/><G115/><T31/><D31/><U108/><E108/><V74/><F74/><W45/><G45/><T128/><D123/><U13/><E1/><V126/><F126/><W20/><G113/><T73/><D128/><U102/><E9/><V112/><F112/><W50/><G99/><T5/><D119/><U47/><E25/><V18/><F30/><W117/><G117/><T124/><D124/><U43/><E43/><V88/><REACH who="2" step="1"/><F39/><REACH who="2" ten="327,433,135,95" step="2"/><W12/><REACH who="3" step="1"/><G26/><REACH who="3" ten="327,433,135,85" step="2"/><T92/><D42/><U110/><E47/><AGARI ba="2,2" hai="14,18,21,44,46,47,62,65,68,81,85,88,106,107" machi="47" ten="40,5200,0" yaku="1,1,2,1,54,1,53,0" doraHai="122" doraHaiUra="49" who="2" fromWho="1" sc="327,0,433,-58,135,78,85,0" owari="327,13.0,375,47.0,213,-19.0,85,-41.0" /></mjloggm>