<mjloggm ver="2.3"><GO type="225" lobby="0"/><UN n0="%E5%B7%9D%E6%9D%91%E6%99%83%E8%A3%95%EF%BC%88%E4%B8%A1%E6%96%B9%EF%BC%89" n1="%E3%81%8A%E3%81%BE%E3%81%A4%E3%82%8A" n2="%E3%82%A6%E3%83%AB%E3%83%88%E3%83%A9%E7%AB%8B%E7%9B%B4" n3="%E7%99%BD%E6%B0%B4%E3%82%82%E3%81%AB" dan="16,18,17,16" rate="2055.40,2223.04,2103.82,2065.35" sx="M,M,M,F"/><TAIKYOKU oya="0"/><INIT seed="0,0,0,1,2,72" ten="250,250,250,250" oya="0" hai0="103,53,128,130,120,93,133,68,126,88,7,61,110" hai1="79,1,57,127,134,129,63,58,44,15,31,73,125" hai2="100,71,111,105,116,3,64,11,59,70,89,60,40" hai3="45,56,23,51,4,38,104,21,16,47,124,97,2"/><T122/><D7/><U65/><E1/><V39/><F116/><W74/><G124/><N who="1" m="47690" /><E31/><V42/><F111/><W95/><G104/><T25/><D126/><U52/><E44/><V117/><F117/><W121/><G121/><T77/><D133/><U113/><E113/><V0/><F100/><W54/><G74/><T41/><D110/><U118/><E118/><V94/><F105/><W96/><G23/><T28/><D41/><U30/><E134/><V112/><F112/><W33/><G33/><T66/><D53/><U6/><E30/><V87/><F42/><W132/><G132/><T84/><D103/><U14/><E6/><V80/><F40/><W8/><G38/><T55/><D55/><U37/><E37/><V46/><F46/><W90/><REACH who="3" step="1"/><G97/><REACH who="3" ten="250,250,250,240" step="2"/><T12/><D122/><U119/><E119/><V22/><F22/><W92/><G92/><T135/><D120/><U34/><E34/><V91/><F39/><W75/><G75/><T50/><D135/><U114/><E114/><V19/><F94/><W102/><G102/><T108/><D108/><U76/><E73/><V82/><F11/><W29/><G29/><T109/><D109/><U81/><E81/><V86/><F80/><W48/><G48/><T83/><D50/><N who="1" m="30871" /><E129/><V5/><F82/><W98/><G98/><N who="0" m="57639" /><D130/><U18/><E14/><AGARI ba="0,1" hai="2,4,8,14,16,21,45,47,51,54,56,90,95,96" machi="14" ten="30,7700,0" yaku="1,1,7,1,54,1,53,1" doraHai="72" doraHaiUra="49" who="3" fromWho="1" sc="250,0,250,-77,250,0,240,87" /><INIT seed="1,0,0,5,5,60" ten="250,173,250,327" oya="1" hai0="63,116,69,2,109,44,19,103,57,54,125,3,48" hai1="31,39,24,127,114,29,35,34,118,18,51,93,59" hai2="17,21,14,77,32,46,132,65,76,94,43,134,13" hai3="90,56,112,41,101,62,73,122,92,4,42,84,40"/><U26/><E118/><V23/><F32/><W38/><G122/><T78/><D116/><U130/><E39/><V82/><F94/><W22/><G112/><T135/><D109/><U8/><E114/><V83/><F65/><W121/><G121/><T0/><D125/><U85/><E127/><V6/><F6/><W80/><G4/><T96/><D135/><N who="2" m="51754" /><F23/><W98/><G73/><T1/><N who="0" m="0" /><DORA hai="61" /><T131/><D131/><U110/><E130/><V30/><F30/><W75/><G75/><T10/><D78/><N who="2" m="30314" /><F13/><W66/><REACH who="3" step="1"/><G22/><REACH who="3" ten="250,173,250,317" step="2"/><T120/><D120/><U88/><E110/><V111/><F111/><W108/><G108/><T129/><D129/><U107/><E107/><V126/><F126/><W104/><G104/><T128/><D128/><U58/><REACH who="1" step="1"/><E51/><AGARI ba="0,1" hai="14,17,21,43,46,51,82,83" m="30314,51754" machi="51" ten="30,1000,0" yaku="20,1" doraHai="60,61" who="2" fromWho="1" sc="250,0,173,-10,250,20,317,0" /><INIT seed="2,0,0,1,4,29" ten="250,163,270,317" oya="2" hai0="86,20,44,123,98,90,129,25,116,110,58,69,48" hai1="8,75,122,65,78,54,24,1,92,101,102,97,38" hai2="72,125,37,36,68,17,94,47,124,42,6,3,7" hai3="74,84,2,91,50,128,51,66,16,83,11,12,27"/><V99/><F72/><W108/><G108/><T73/><D69/><U130/><E130/><V0/><F37/><W13/><G128/><T80/><D123/><U117/><E117/><V30/><F17/><W121/><G2/><N who="2" m="553" /><F30/><W34/><G121/><T95/><D129/><U70/><E122/><V55/><F55/><W35/><G74/><T76/><D116/><U135/><E135/><V21/><F21/><W62/><G13/><T126/><D110/><U132/><E132/><V133/><F68/><W49/><REACH who="3" step="1"/><G27/><REACH who="3" ten="250,163,270,307" step="2"/><T63/><D73/><U79/><E24/><V14/><F14/><W105/><G105/><T109/><D109/><U31/><E75/><V23/><F133/><W119/><G119/><T127/><D25/><U82/><E1/><V115/><F115/><W61/><G61/><T88/><D63/><U19/><E8/><V77/><F7/><W107/><G107/><T32/><D126/><U28/><E70/><AGARI ba="0,1" hai="11,12,16,34,35,49,50,51,62,66,70,83,84,91" machi="70" ten="40,8000,1" yaku="1,1,52,2,54,1,53,1" doraHai="29" doraHaiUra="67" who="3" fromWho="1" sc="250,0,163,-80,270,0,307,90" /><INIT seed="3,0,0,5,2,58" ten="250,83,270,397" oya="3" hai0="86,123,25,15,28,84,5,44,113,128,129,121,26" hai1="72,51,78,38,30,97,65,45,77,24,107,99,66" hai2="32,118,37,40,125,111,36,63,89,52,47,81,102" hai3="120,90,92,13,20,35,61,95,64,19,60,76,8"/><W70/><G35/><T68/><D113/><U53/><E38/><V49/><F32/><W98/><G76/><T7/><D68/><U34/><E97/><V21/><F118/><W94/><G120/><T18/><D44/><U57/><E66/><V103/><F111/><W6/><G61/><T46/><D46/><U126/><E126/><V43/><F125/><W135/><G135/><T27/><D28/><U108/><E72/><V132/><F132/><W9/><G9/><N who="0" m="6511" /><D84/><U91/><E91/><V117/><F117/><W87/><G87/><T54/><D86/><U130/><E108/><V62/><F89/><W12/><AGARI ba="0,0" hai="6,8,12,13,19,20,60,64,70,90,92,94,95,98" machi="12" ten="20,3900,0" yaku="0,1,7,1,52,1" doraHai="58" who="3" fromWho="3" sc="250,-13,83,-13,270,-13,397,39" owari="237,-16.0,70,-43.0,257,6.0,436,53.0" /></mjloggm>