<mjloggm ver="2.3"><GO type="225" lobby="0"/><UN n0="%E5%90%91%E4%BA%95%E7%90%86" n1="%E5%B0%B1%E6%B4%BB%E7%94%9F%40%E5%B7%9D%E6%9D%91%E8%BB%8D%E5%9B%A3" n2="%E9%BB%92%E9%AC%BC" n3="%E9%8A%80%E3%81%B0%E3%81%95%E3%81%BF" dan="17,16,17,18" rate="2081.41,2067.55,2085.78,2184.09" sx="M,M,M,M"/><TAIKYOKU oya="0"/><INIT seed="0,0,0,5,5,99" ten="250,250,250,250" oya="0" hai0="112,44,113,31,50,63,82,41,91,59,23,131,106" hai1="83,40,85,127,4,109,14,114,10,121,35,116,81" hai2="51,37,68,80,66,13,108,3,134,123,79,87,53" hai3="70,115,67,75,22,7,73,39,104,42,34,110,0"/><T122/><D122/><U33/><E116/><V36/><F3/><W93/><G34/><T26/><D131/><U52/><E121/><V117/><F123/><W8/><G115/><T111/><D111/><U24/><E114/><V102/><F134/><W32/><G32/><T25/><D106/><U103/><E109/><V74/><F117/><W78/><G110/><T107/><D107/><U55/><E127/><V96/><F74/><W43/><G43/><T65/><REACH who="0" step="1"/><D25/><REACH who="0" ten="240,250,250,250" step="2"/><U47/><E24/><V125/><F108/><W98/><G104/><T62/><D62/><U126/><E126/><V100/><F125/><W130/><G130/><T129/><D129/><U12/><E35/><V84/><F36/><W48/><G39/><T95/><D95/><U94/><E33/><V20/><F37/><W61/><G93/><T128/><D128/><U119/><E119/><V69/><F51/><W76/><G48/><T132/><D132/><U92/><E92/><V58/><F80/><W46/><G61/><T30/><D30/><U17/><E81/><V5/><F69/><W28/><G70/><T71/><D71/><U18/><E83/><V101/><F68/><W19/><G28/><T16/><D16/><U64/><E17/><V45/><F5/><W6/><G6/><T133/><D133/><U2/><E18/><V77/><F77/><W38/><G76/><T90/><D90/><U29/><E29/><V72/><F79/><W57/><G78/><T9/><D9/><U88/><E94/><V21/><F72/><W124/><G124/><T56/><D56/><U105/><E4/><RYUUKYOKU ba="0,1" sc="240,30,250,-10,250,-10,250,-10" hai0="23,26,31,41,44,50,59,63,65,82,91,112,113" /><INIT seed="0,1,1,2,5,37" ten="270,240,240,240" oya="0" hai0="102,79,47,14,114,113,80,96,122,76,1,62,22" hai1="35,63,106,84,83,27,111,92,70,65,95,38,78" hai2="99,90,48,36,39,9,71,24,55,67,46,120,20" hai3="4,88,117,28,61,18,56,21,103,7,57,126,108"/><T45/><D1/><U107/><E38/><V104/><F120/><W51/><G117/><T86/><D122/><U19/><E111/><V85/><F71/><W44/><G108/><T98/><D76/><U109/><E109/><V69/><F69/><W5/><G126/><T100/><D62/><U10/><E10/><V34/><F34/><W133/><G133/><T15/><D113/><U74/><E19/><V97/><F67/><W60/><G103/><N who="0" m="39467" /><D114/><U131/><E131/><V118/><F118/><W105/><G105/><T124/><D124/><U94/><REACH who="1" step="1"/><E74/><REACH who="1" ten="270,230,240,240" step="2"/><V73/><F73/><W72/><G72/><T3/><D3/><U110/><E110/><V33/><F39/><W23/><G28/><AGARI ba="1,2" hai="27,28,35,63,65,70,78,83,84,92,94,95,106,107" machi="28" ten="40,1300,0" yaku="1,1,53,0" doraHai="37" doraHaiUra="87" who="1" fromWho="3" sc="270,0,230,36,240,0,240,-16" /><INIT seed="1,0,0,0,2,5" ten="270,266,240,224" oya="1" hai0="72,30,113,135,96,34,128,99,11,67,24,116,79" hai1="85,42,61,70,51,120,74,107,109,95,66,41,84" hai2="59,60,78,15,81,83,12,65,117,22,92,25,105" hai3="100,16,7,3,97,122,56,90,86,76,38,94,134"/><U130/><E107/><V4/><F105/><W13/><G122/><T129/><D116/><U121/><E74/><V48/><F117/><W127/><G38/><T46/><D113/><U8/><E130/><N who="0" m="50281" /><D135/><U93/><E109/><V126/><F126/><W54/><G127/><T20/><D67/><U49/><E66/><V52/><F92/><N who="3" m="58407" /><G3/><T106/><D34/><U125/><E61/><V118/><F118/><W114/><G134/><T123/><D123/><U31/><E125/><V58/><F4/><W131/><G131/><T69/><D69/><U44/><E31/><V47/><F59/><W82/><G114/><T124/><D124/><U28/><E28/><V73/><REACH who="2" step="1"/><F83/><REACH who="2" ten="270,266,230,224" step="2"/><W33/><G7/><T98/><D106/><U53/><E70/><V110/><F110/><W36/><G33/><T37/><D46/><U103/><E121/><V57/><F57/><W115/><G115/><T26/><D37/><U63/><E120/><V0/><F0/><W55/><G36/><T50/><D50/><U29/><E51/><V104/><F104/><W75/><G56/><T91/><D91/><U112/><E112/><V19/><AGARI ba="0,1" hai="12,15,19,22,25,47,48,52,58,60,65,73,78,81" machi="19" ten="20,12000,2" yaku="1,1,0,1,7,1,54,1,53,2" doraHai="5" doraHaiUra="10" who="2" fromWho="2" sc="270,-30,266,-60,230,130,224,-30" /><INIT seed="2,0,0,1,2,89" ten="240,206,360,194" oya="2" hai0="86,31,118,12,101,81,135,121,100,43,131,102,45" hai1="73,61,35,117,104,30,49,46,17,98,27,22,99" hai2="52,13,128,34,110,94,55,6,112,126,92,79,66" hai3="1,64,33,105,20,93,62,54,125,127,87,36,5"/><V109/><F112/><W76/><G33/><T82/><D121/><U39/><E117/><V16/><F34/><W9/><G105/><T134/><D131/><U24/><E73/><V7/><F126/><N who="3" m="48139" /><G36/><N who="0" m="21735" /><D118/><U4/><E39/><V25/><F66/><W80/><G20/><T90/><D31/><U14/><E104/><V115/><F115/><W11/><G11/><T21/><D12/><U15/><E61/><V42/><F42/><W32/><G32/><T119/><D21/><U69/><E69/><V91/><F79/><W95/><G54/><N who="2" m="20521" /><F25/><W23/><G23/><T58/><D58/><AGARI ba="0,0" hai="1,5,9,58,62,64,76,80,87,93,95" m="48139" machi="58" ten="30,3900,0" yaku="18,1,52,2" doraHai="89" who="3" fromWho="0" sc="240,-39,206,0,360,0,194,39" /><INIT seed="3,0,0,3,0,82" ten="201,206,360,233" oya="3" hai0="79,25,3,95,54,1,66,20,71,12,120,30,128" hai1="94,28,7,109,111,119,87,61,35,38,36,10,65" hai2="112,125,52,110,69,127,77,60,93,118,99,132,130" hai3="29,39,4,16,97,106,14,13,27,47,15,134,21"/><W18/><G134/><T6/><D120/><U70/><E119/><V115/><F118/><W53/><G39/><T26/><D128/><U68/><E68/><V90/><F130/><W123/><G123/><T75/><D71/><U48/><E48/><V34/><F34/><W19/><G106/><T8/><D66/><U89/><E28/><V105/><F110/><N who="1" m="41993" /><E35/><V81/><F105/><W74/><G74/><T23/><D75/><U50/><E50/><V100/><F100/><W83/><G97/><T45/><D79/><U76/><E76/><V67/><F52/><W9/><G83/><T101/><D54/><U63/><E63/><V121/><F132/><W2/><G53/><T17/><D45/><U22/><E22/><N who="0" m="8233" /><D101/><U58/><E70/><V31/><F31/><N who="3" m="17903" /><G47/><T78/><D78/><U0/><AGARI ba="0,0" hai="0,7,10,36,38,58,61,65,87,89,94" m="41993" machi="0" ten="30,2000,0" yaku="14,1,52,1" doraHai="82" who="1" fromWho="1" sc="201,-5,206,20,360,-5,233,-10" owari="196,-30.0,226,3.0,355,45.0,223,-18.0" /></mjloggm>