<mjloggm ver="2.3"><GO type="169" lobby="0"/><UN n0="%28%C2%B4%E2%80%95%CF%89%E2%80%95%60%29" n1="%E5%B0%B1%E6%B4%BB%E7%94%9F%40%E5%B7%9D%E6%9D%91%E8%BB%8D%E5%9B%A3" n2="%62%61%62%75%73%75%72%61" n3="%72%30%33%31%30" dan="16,17,16,17" rate="2078.96,2211.43,2022.81,2137.67" sx="M,M,M,M"/><TAIKYOKU oya="0"/><INIT seed="0,0,0,3,3,18" ten="250,250,250,250" oya="0" hai0="109,125,96,114,55,71,86,77,84,102,129,3,97" hai1="46,93,60,103,38,62,107,17,49,10,37,110,53" hai2="24,67,121,108,4,120,134,119,50,48,42,100,124" hai3="59,23,20,58,131,63,75,39,87,34,126,73,65"/><T28/><D3/><U13/><E107/><V25/><F108/><W132/><G39/><T89/><D71/><U79/><E110/><V113/><F113/><W90/><G34/><T106/><D109/><U41/><E79/><V15/><F124/><W52/><G126/><T11/><D114/><U45/><E38/><V16/><F134/><W111/><G111/><T5/><D125/><U105/><E105/><V81/><F119/><W112/><G112/><T72/><D28/><U31/><E31/><V7/><F100/><W32/><G32/><T29/><D29/><U115/><E115/><V116/><F116/><W12/><G132/><T8/><D55/><U61/><E103/><V91/><F67/><W14/><G131/><T101/><D5/><N who="2" m="2122" /><F121/><W95/><G75/><T76/><D11/><U128/><E128/><V9/><F42/><W92/><G73/><T94/><D8/><U69/><E93/><V122/><F122/><W82/><G82/><N who="0" m="45319" /><D129/><U118/><E118/><V2/><F2/><W56/><G95/><N who="0" m="58527" /><D77/><U133/><E133/><V40/><F120/><W6/><G58/><T57/><D57/><U30/><E30/><V123/><F123/><W51/><G6/><T54/><D54/><U44/><E69/><V35/><F35/><W43/><G43/><T0/><D0/><U117/><E117/><V64/><F64/><W135/><G135/><T104/><D104/><U22/><E10/><V70/><F70/><W130/><G130/><T78/><D78/><U98/><E41/><V1/><F1/><W47/><G47/><N who="1" m="17994" /><E37/><V80/><F40/><W33/><G33/><RYUUKYOKU ba="0,0" sc="250,10,250,10,250,-30,250,10" hai0="84,86,89,94,97,102,106" hai1="13,17,22,46,49,53,60,61,62,98" hai3="12,14,20,23,51,52,56,59,63,65,87,90,92" /><INIT seed="0,1,0,4,1,105" ten="260,260,220,260" oya="0" hai0="107,109,92,72,47,13,106,68,57,91,98,66,14" hai1="53,81,116,6,65,71,128,118,8,45,62,88,48" hai2="32,16,46,9,52,93,59,63,132,51,24,27,84" hai3="129,114,25,23,108,75,79,74,73,122,44,0,83"/><T17/><D68/><U41/><E128/><V115/><F132/><W3/><G114/><T126/><D126/><U20/><E20/><V86/><F115/><W34/><G34/><T85/><D109/><U134/><E134/><V39/><F39/><W61/><G108/><T113/><D113/><U7/><E7/><V77/><F32/><W95/><G129/><T54/><D66/><U50/><E50/><V22/><F9/><W131/><G131/><T11/><D47/><U5/><E5/><V58/><F58/><W10/><G122/><T127/><D127/><U43/><E43/><V42/><F77/><W29/><G95/><T69/><D69/><U90/><E41/><V97/><F27/><W70/><G44/><T28/><D28/><U18/><E90/><AGARI ba="1,0" hai="16,22,24,42,46,51,52,59,63,84,86,90,93,97" machi="90" ten="30,12000,2" yaku="7,1,25,2,8,1,54,2" doraHai="105" who="2" fromWho="1" sc="260,0,260,-123,220,123,260,0" /><INIT seed="1,0,0,3,0,33" ten="260,137,343,260" oya="1" hai0="44,88,54,90,43,64,132,73,79,76,89,25,110" hai1="22,77,18,81,14,135,7,50,109,57,63,80,56" hai2="0,91,85,51,20,46,130,21,83,49,42,5,45" hai3="95,104,124,47,106,94,9,86,75,115,78,58,1"/><U134/><E7/><V16/><F130/><W72/><G58/><T102/><D132/><U120/><E120/><V4/><F0/><W8/><G47/><T108/><D102/><U70/><E109/><N who="0" m="42089" /><D64/><U10/><E22/><V101/><F101/><W69/><G69/><T96/><D73/><N who="3" m="28233" /><G1/><T61/><D25/><U119/><E119/><V100/><F100/><W105/><G9/><T123/><D96/><U28/><E28/><V68/><F68/><W133/><G8/><T82/><D82/><U36/><E36/><V6/><REACH who="2" step="1"/><F16/><REACH who="2" ten="260,137,333,260" step="2"/><W113/><G133/><N who="1" m="50698" /><E77/><V11/><F11/><W71/><G71/><T121/><D79/><U125/><E125/><V53/><AGARI ba="0,1" hai="4,5,6,20,21,42,45,46,49,51,53,83,85,91" machi="53" ten="30,4000,0" yaku="1,1,0,1,8,1,53,0" doraHai="33" doraHaiUra="112" who="2" fromWho="2" sc="260,-10,137,-20,333,50,260,-10" /><INIT seed="2,0,0,1,5,86" ten="250,117,383,250" oya="2" hai0="122,32,44,55,25,17,97,41,53,71,23,16,94" hai1="56,4,120,47,36,89,45,81,116,18,103,88,84" hai2="39,107,38,78,14,128,61,87,27,2,126,118,19" hai3="93,28,85,96,101,37,60,15,24,76,134,98,42"/><V12/><F2/><W124/><G134/><T68/><D122/><U3/><E116/><V51/><F118/><W82/><G124/><T52/><D32/><U35/><E35/><V0/><F0/><W22/><G37/><T31/><D68/><U105/><E120/><V9/><F107/><W34/><G42/><T49/><REACH who="0" step="1"/><D71/><REACH who="0" ten="240,117,383,250" step="2"/><U80/><E36/><V77/><F39/><W135/><G34/><T102/><AGARI ba="0,1" hai="16,17,23,25,31,41,44,49,52,53,55,94,97,102" machi="102" ten="30,12000,2" yaku="1,1,2,1,0,1,8,1,54,2,53,0" doraHai="86" doraHaiUra="127" who="0" fromWho="0" sc="240,130,117,-30,383,-60,250,-30" /><INIT seed="3,0,0,3,5,72" ten="370,87,323,220" oya="3" hai0="75,101,120,68,2,91,135,109,89,18,0,86,73" hai1="7,115,103,116,119,48,134,6,133,122,60,5,32" hai2="66,50,43,17,45,29,54,118,106,70,16,69,90" hai3="25,31,88,113,128,65,82,83,52,34,121,63,62"/><W98/><G113/><T74/><D68/><U51/><E115/><V33/><F106/><W4/><G121/><T46/><D120/><U126/><E122/><V64/><F118/><N who="1" m="45097" /><E60/><V100/><F100/><W49/><G128/><T39/><D109/><U85/><E103/><V78/><F69/><W123/><G123/><T35/><D35/><U1/><E1/><V15/><F70/><W114/><G114/><T41/><D135/><N who="1" m="51723" /><E32/><V47/><F78/><W77/><G4/><T10/><D101/><U92/><E126/><V59/><F90/><AGARI ba="0,0" hai="5,6,7,48,51,85,90,92" m="51723,45097" machi="90" ten="40,2600,0" yaku="12,1,20,1" doraHai="72" who="1" fromWho="2" sc="370,0,87,26,323,-26,220,0" /><INIT seed="4,0,0,4,2,6" ten="370,113,297,220" oya="0" hai0="98,116,71,95,16,110,115,91,131,68,72,117,65" hai1="120,61,23,30,74,88,99,126,4,90,89,66,127" hai2="94,75,35,56,63,111,100,106,33,29,102,12,79" hai3="24,13,93,51,15,55,101,46,14,64,19,122,11"/><T54/><D72/><U107/><E74/><V32/><F106/><W83/><G122/><T52/><D115/><U135/><E120/><V44/><F111/><W8/><G64/><T60/><D110/><U113/><E135/><V10/><F29/><W134/><G134/><T128/><D71/><U112/><E4/><V39/><F79/><W82/><G24/><T104/><D104/><U9/><E9/><N who="3" m="3658" /><G19/><T41/><D41/><U49/><E49/><V40/><F94/><W86/><G86/><T70/><D70/><N who="1" m="42319" /><E23/><V42/><F42/><W45/><G46/><T59/><D16/><U124/><E30/><V105/><F105/><W109/><G109/><T7/><D7/><U77/><E77/><V43/><F43/><W36/><G36/><T53/><REACH who="0" step="1"/><D68/><REACH who="0" ten="360,113,297,220" step="2"/><U22/><E22/><V133/><F133/><W129/><G129/><AGARI ba="0,1" hai="52,53,54,59,60,65,91,95,98,116,117,128,129,131" machi="129" ten="40,12000,1" yaku="1,1,2,1,19,1,54,1,53,0" doraHai="6" doraHaiUra="81" who="0" fromWho="3" sc="360,130,113,0,297,0,220,-120" /><INIT seed="4,1,0,2,1,18" ten="490,113,297,100" oya="0" hai0="27,13,45,14,56,74,83,58,47,128,63,59,78" hai1="9,29,57,79,84,2,91,17,123,111,135,87,100" hai2="134,99,41,8,114,124,94,16,22,132,1,97,106" hai3="88,4,129,96,19,53,7,12,31,52,23,122,34"/><T40/><D128/><U76/><E123/><V109/><F109/><W69/><G69/><T77/><D63/><U5/><E111/><V25/><F41/><W32/><G129/><T20/><D78/><U125/><E125/><V113/><F106/><W24/><G32/><T90/><D90/><U39/><E39/><V93/><F124/><W46/><G122/><T130/><D130/><U116/><E135/><N who="2" m="51755" /><F94/><N who="3" m="56391" /><G34/><T92/><D92/><U48/><E100/><N who="2" m="60463" /><F99/><W126/><G126/><T64/><D64/><U0/><E0/><V131/><F131/><W127/><G127/><T71/><D71/><U117/><E29/><V28/><F28/><W115/><G115/><N who="2" m="44041" /><F8/><N who="3" m="6535" /><G46/><T108/><D108/><U85/><E91/><V38/><F1/><W105/><G105/><T33/><D33/><U44/><E116/><V89/><F89/><W75/><G75/><T103/><D47/><U101/><E101/><V30/><F30/><W36/><G36/><AGARI ba="1,0" hai="16,22,25,36,38" m="44041,60463,51755" machi="36" ten="30,7700,0" yaku="20,1,15,1,52,1,54,1" doraHai="18" who="2" fromWho="3" sc="490,0,113,0,297,80,100,-80" /><INIT seed="5,0,0,2,2,69" ten="490,113,377,20" oya="1" hai0="45,44,29,64,9,87,107,14,123,56,116,39,62" hai1="112,85,76,46,91,80,41,42,129,74,33,30,10" hai2="124,130,135,114,113,19,128,51,122,2,50,97,109" hai3="47,36,82,5,92,49,79,3,75,13,25,63,15"/><U21/><E112/><N who="2" m="43115" /><F2/><W65/><G25/><T54/><D39/><U31/><E129/><N who="2" m="49771" /><F122/><W103/><G49/><T4/><D107/><U86/><E33/><V126/><F19/><W71/><G103/><T105/><D105/><U8/><E74/><V27/><F27/><W6/><G92/><T70/><D116/><U55/><E55/><V68/><F109/><W89/><G89/><T127/><D123/><U66/><E66/><V40/><F135/><W52/><G6/><T22/><D29/><U125/><E125/><N who="2" m="48235" /><F97/><W7/><G7/><T72/><D127/><U131/><E131/><V32/><F32/><W81/><G52/><T93/><D54/><U59/><E21/><V98/><F98/><W53/><G53/><T43/><D22/><U57/><E30/><V100/><F100/><W111/><G111/><T26/><D26/><U118/><E31/><V101/><F101/><W83/><G15/><T108/><D14/><U28/><E28/><V34/><F34/><W58/><G13/><T24/><D24/><U1/><E1/><V78/><F78/><W48/><G48/><N who="2" m="18473" /><F68/><W88/><G88/><T11/><D70/><U90/><E76/><V120/><F120/><W132/><G132/><T94/><D4/><U35/><E35/><V18/><F18/><W73/><G71/><T115/><D115/><U110/><E110/><V16/><F16/><W102/><G102/><T20/><D108/><U106/><E106/><V99/><F99/><W17/><G17/><T84/><D20/><U0/><E0/><V121/><F121/><W134/><G134/><T67/><D67/><RYUUKYOKU ba="0,0" sc="490,-10,113,-10,377,30,20,-10" hai2="40" /><INIT seed="6,1,0,5,0,104" ten="480,103,407,10" oya="2" hai0="51,103,56,35,106,12,80,132,113,59,37,64,123" hai1="112,101,95,1,50,74,29,30,62,108,6,36,52" hai2="63,75,122,38,94,32,16,98,34,89,46,92,68" hai3="31,134,79,105,21,58,66,114,81,87,9,77,22"/><V18/><F122/><W19/><G105/><T130/><D35/><U11/><E108/><V39/><F75/><W71/><G71/><T20/><D37/><U99/><E36/><V40/><F39/><W119/><G119/><T73/><D123/><U8/><E74/><V48/><F38/><W5/><G134/><T4/><D64/><U85/><E112/><V121/><F121/><W76/><G114/><T90/><D51/><U107/><E62/><V115/><F115/><W45/><G45/><T60/><D60/><U65/><E65/><V120/><F120/><W61/><G31/><T44/><D44/><U0/><E85/><V14/><F94/><W28/><G28/><T67/><D67/><U27/><E107/><V86/><F86/><W91/><REACH who="3" step="1"/><G19/><REACH who="3" ten="480,103,407,0" step="2"/><T53/><D106/><U88/><E30/><V84/><F18/><W131/><G131/><T57/><D130/><U111/><E111/><V118/><F118/><W43/><G43/><T26/><D132/><U83/><E29/><V49/><F68/><W54/><G54/><T117/><D53/><U33/><E52/><V129/><F129/><W78/><N who="3" m="19456" /><DORA hai="126" /><W82/><G82/><T128/><D117/><U110/><E83/><V24/><F40/><W100/><G100/><T102/><D128/><U23/><E101/><V17/><F46/><W47/><G47/><T109/><D113/><U3/><E110/><V72/><F17/><W125/><G125/><T135/><D109/><U41/><E41/><V7/><F16/><W10/><G10/><N who="0" m="4167" /><D135/><U93/><E11/><V42/><F42/><W97/><G97/><RYUUKYOKU ba="1,1" sc="480,-10,103,-10,407,-10,0,30" hai3="5,9,21,22,58,61,66,81,87,91" /><INIT seed="7,2,1,0,1,30" ten="470,93,397,30" oya="3" hai0="0,39,115,9,16,22,80,66,135,10,84,59,63" hai1="42,27,71,85,122,49,23,61,89,64,117,15,20" hai2="57,28,118,107,47,128,121,33,86,75,29,7,54" hai3="82,102,87,65,131,108,129,50,60,132,90,130,99"/><W124/><G132/><T41/><D135/><U77/><E122/><V45/><F118/><W95/><G124/><T31/><D115/><U48/><E117/><V79/><F75/><W67/><G108/><T96/><D0/><U51/><E77/><V4/><F107/><W18/><G60/><T44/><D31/><U88/><E42/><V36/><F36/><W104/><G18/><T120/><D96/><U17/><REACH who="1" step="1"/><E85/><REACH who="1" ten="470,83,397,30" step="2"/><V78/><F128/><W32/><G32/><T13/><D120/><U8/><E8/><V40/><F121/><W83/><REACH who="3" step="1"/><G50/><REACH who="3" ten="470,83,397,20" step="2"/><T134/><D134/><U34/><E34/><V52/><F28/><AGARI ba="2,3" hai="15,17,20,23,27,28,48,49,51,61,64,71,88,89" machi="28" ten="40,2600,0" yaku="1,1,54,1,53,0" doraHai="30" doraHaiUra="94" who="1" fromWho="2" sc="470,0,83,62,397,-32,20,0" owari="470,56.0,145,-25.0,365,17.0,20,-48.0" /></mjloggm>