<mjloggm ver="2.3"><GO type="225" lobby="0"/><UN n0="%E5%B0%B1%E6%B4%BB%E7%94%9F%40%E5%B7%9D%E6%9D%91%E8%BB%8D%E5%9B%A3" n1="%E9%A7%84%E5%A6%B9" n2="%E7%99%BE%E5%BC%8F%E8%A6%B3%E9%9F%B3" n3="%47%E3%83%A8%E9%BE%8D%E9%96%80" dan="16,16,17,17" rate="2082.64,2095.40,2167.88,2122.68" sx="M,F,M,M"/><TAIKYOKU oya="0"/><INIT seed="0,0,0,4,5,83" ten="250,250,250,250" oya="0" hai0="23,47,117,44,89,6,122,97,17,103,32,14,107" hai1="77,9,100,99,15,59,62,131,49,133,46,63,38" hai2="69,0,94,75,13,80,125,93,130,25,48,57,98" hai3="119,96,20,11,132,64,4,90,124,22,7,30,67"/><T108/><D122/><U65/><E131/><V36/><F0/><W70/><G119/><T21/><D117/><U76/><E133/><V134/><F69/><W55/><G132/><T116/><D32/><U135/><E63/><V79/><F134/><W53/><G124/><T39/><D116/><U24/><E24/><V121/><F121/><W92/><G70/><T102/><D102/><U8/><E8/><V95/><F36/><W58/><G53/><T16/><D6/><N who="3" m="2089" /><G11/><T106/><D106/><U45/><E38/><V52/><F130/><W2/><G2/><T87/><D39/><U56/><E56/><V126/><F13/><W37/><G37/><T12/><D108/><U84/><E135/><V26/><REACH who="2" step="1"/><F98/><REACH who="2" ten="250,250,240,250" step="2"/><W54/><G96/><T27/><D27/><AGARI ba="0,1" hai="25,26,27,48,52,57,75,79,80,93,94,95,125,126" machi="27" ten="40,5200,0" yaku="1,1,2,1,54,1,53,0" doraHai="83" doraHaiUra="82" who="2" fromWho="0" sc="250,-52,250,0,240,62,250,0" /><INIT seed="1,0,0,4,0,117" ten="198,250,302,250" oya="1" hai0="56,97,52,104,134,113,49,130,1,83,0,89,109" hai1="94,106,14,44,77,125,105,26,102,80,9,68,8" hai2="124,33,41,57,135,116,3,133,78,11,132,17,119" hai3="92,25,75,55,128,48,59,30,131,74,38,118,111"/><U37/><E68/><V81/><F41/><W60/><G118/><N who="2" m="45097" /><F33/><N who="3" m="20687" /><G38/><T28/><D113/><U24/><E125/><V16/><F124/><W51/><G111/><T95/><D130/><N who="3" m="49705" /><G92/><T85/><D134/><U120/><E120/><V99/><F99/><W34/><G34/><T84/><D109/><U108/><E108/><V36/><F36/><W121/><G121/><T31/><D104/><U46/><E94/><V69/><F69/><W123/><G123/><T115/><D115/><U67/><E67/><V10/><F57/><N who="3" m="33023" /><G48/><T98/><D0/><U35/><E35/><V32/><F32/><W110/><G110/><T66/><D66/><AGARI ba="0,0" hai="59,60,66,74,75" m="33023,49705,20687" machi="66" ten="30,1000,0" yaku="19,1" doraHai="117" who="3" fromWho="0" sc="198,-10,250,0,302,0,250,10" /><INIT seed="2,0,0,1,1,133" ten="188,250,302,260" oya="2" hai0="87,113,14,2,117,135,88,0,13,29,91,54,66" hai1="64,112,96,99,92,25,75,102,58,32,4,23,93" hai2="80,70,31,84,76,100,41,36,57,10,38,42,8" hai3="51,90,130,129,19,111,86,132,120,44,40,5,50"/><V35/><F70/><W22/><G120/><T127/><D113/><U48/><E75/><V46/><F57/><W3/><G111/><T7/><D135/><U114/><E32/><V123/><F123/><W109/><G109/><T1/><D117/><U72/><E72/><V24/><REACH who="2" step="1"/><F100/><REACH who="2" ten="188,250,292,260" step="2"/><W106/><G130/><T55/><D127/><U33/><E112/><V63/><F63/><W122/><G129/><T82/><D29/><U27/><E114/><V79/><F79/><W95/><G122/><T67/><D7/><U62/><E102/><V73/><F73/><W105/><G5/><T103/><D103/><U119/><E58/><V69/><F69/><W34/><G132/><T61/><D91/><U131/><E62/><V97/><F97/><W121/><G90/><T104/><D104/><U83/><E96/><V43/><F43/><W85/><G40/><T101/><D101/><U21/><E99/><V6/><F6/><W125/><G105/><T74/><D74/><U78/><E4/><V17/><F17/><W71/><G19/><T77/><D77/><U110/><E78/><V65/><F65/><N who="0" m="24586" /><D61/><U89/><E131/><V134/><F134/><W60/><G106/><T108/><D108/><U20/><E110/><V16/><F16/><W126/><G60/><T116/><D116/><U52/><E119/><V81/><F81/><W68/><G121/><T115/><D115/><U107/><E64/><V56/><F56/><W59/><G59/><T15/><D55/><U98/><E107/><V30/><F30/><W11/><G125/><T28/><D54/><U18/><E52/><RYUUKYOKU ba="0,1" sc="188,15,250,-15,292,15,260,-15" hai0="0,1,2,13,14,15,28,82,87,88" hai2="8,10,24,31,35,36,38,41,42,46,76,80,84" /><INIT seed="2,1,1,0,5,55" ten="203,235,307,245" oya="2" hai0="86,41,56,40,20,82,17,39,74,54,129,89,119" hai1="51,78,116,23,125,111,120,2,63,117,28,32,4" hai2="6,101,1,29,65,33,10,59,126,75,62,46,9" hai3="92,3,80,57,85,108,12,42,48,19,115,73,130"/><V109/><F101/><W102/><G3/><T15/><D119/><U97/><E120/><V69/><F75/><W31/><G130/><T87/><D74/><U123/><E123/><V99/><F126/><W95/><G108/><T83/><D129/><U134/><E111/><V124/><F124/><W81/><G115/><T58/><D39/><U18/><E125/><V135/><F135/><W90/><G31/><T84/><D84/><U49/><E78/><V14/><F109/><W61/><G73/><T43/><D54/><U53/><E134/><V107/><F46/><N who="3" m="25687" /><G95/><T47/><D47/><U24/><E97/><V100/><F29/><W103/><G80/><T96/><D96/><U44/><E51/><V118/><F33/><W104/><G81/><T38/><D38/><U52/><E4/><V77/><F77/><AGARI ba="1,1" hai="15,17,20,40,41,43,56,58,77,82,83,86,87,89" machi="77" ten="40,5200,0" yaku="8,1,52,2" doraHai="55" who="0" fromWho="2" sc="203,65,235,0,307,-55,245,0" /><INIT seed="3,0,0,2,4,75" ten="268,235,252,245" oya="3" hai0="120,131,64,40,29,44,34,18,51,11,107,86,106" hai1="84,49,129,85,27,71,62,57,91,123,112,68,73" hai2="132,109,96,54,4,80,56,19,10,89,81,7,43" hai3="133,20,58,128,67,74,65,105,76,110,87,25,83"/><W134/><G105/><T22/><D120/><U17/><E112/><V36/><F109/><W33/><G33/><T48/><D131/><U70/><E73/><V16/><F132/><N who="3" m="50795" /><G128/><T82/><D64/><N who="3" m="24649" /><G58/><T78/><D34/><U38/><E129/><V92/><F43/><W111/><G74/><T42/><D29/><AGARI ba="0,0" hai="20,25,29,76,83,87,110,111" m="24649,50795" machi="29" ten="30,2900,0" yaku="20,1,52,1" doraHai="75" who="3" fromWho="0" sc="268,-29,235,0,252,0,245,29" /><INIT seed="3,1,0,5,4,120" ten="239,235,252,274" oya="3" hai0="5,53,127,54,76,6,64,13,7,20,37,1,73" hai1="122,75,19,125,27,79,117,81,126,84,118,105,33" hai2="52,119,116,41,36,30,44,97,24,38,42,23,67" hai3="85,135,90,40,65,56,130,131,12,14,58,124,9"/><W66/><G135/><T93/><D37/><U113/><E122/><V48/><F67/><N who="3" m="25611" /><G40/><T55/><D1/><U98/><E113/><V25/><F41/><W101/><G101/><T2/><D2/><U103/><E19/><V83/><F38/><W107/><G107/><T31/><D127/><N who="1" m="48651" /><E27/><V128/><F128/><N who="3" m="49195" /><G124/><T22/><D73/><U123/><E33/><V61/><F42/><W15/><G9/><T94/><D64/><U10/><E10/><V51/><F36/><W57/><G90/><T121/><D121/><U63/><E63/><V29/><F61/><W49/><G85/><T3/><D3/><U112/><E112/><V74/><F97/><W100/><G100/><T72/><D72/><U89/><E123/><V35/><F74/><W129/><G129/><T88/><D76/><U78/><E79/><V4/><F4/><W77/><G77/><T87/><D93/><AGARI ba="1,0" hai="75,78,81,84,89,93,98,103,105,117,118" m="48651" machi="93" ten="30,7700,0" yaku="24,1,18,1,34,2" doraHai="120" who="1" fromWho="0" sc="239,-80,235,80,252,0,274,0" owari="159,-34.0,315,42.0,252,-15.0,274,7.0" /></mjloggm>