<mjloggm ver="2.3"><GO type="97" lobby="0"/><UN n0="%E5%B0%B1%E6%B4%BB%E7%94%9F%40%E5%B7%9D%E6%9D%91%E8%BB%8D%E5%9B%A3" n1="%E3%81%BE%E3%81%84%E3%81%A9%E3%81%82%E3%82%8A%EF%BD%9E" n2="%E5%8A%A9%E5%85%AD" n3="%E5%98%98%E3%81%AF%E7%BD%AA" dan="14,16,14,14" rate="2003.88,2087.86,2074.05,1950.00" sx="M,M,M,M"/><TAIKYOKU oya="0"/><INIT seed="0,0,0,0,4,14" ten="250,250,250,250" oya="0" hai0="17,25,97,26,16,40,100,2,125,110,21,23,24" hai1="93,115,88,118,63,79,51,44,92,8,1,18,30" hai2="5,71,111,19,78,46,20,128,66,33,15,109,87" hai3="27,73,85,127,4,99,98,32,50,35,82,22,81"/><T56/><D2/><U120/><E118/><V96/><F33/><W43/><G127/><T37/><D125/><U124/><E120/><V69/><F5/><W65/><G73/><T47/><D110/><N who="2" m="41994" /><F128/><W94/><G4/><T54/><D56/><U107/><E107/><V106/><F46/><W74/><G74/><T12/><REACH who="0" step="1"/><D54/><REACH who="0" ten="240,250,250,250" step="2"/><U89/><E124/><V57/><F57/><W48/><G65/><T31/><D31/><U114/><E1/><V75/><F66/><W45/><G35/><T13/><D13/><N who="1" m="7463" /><E30/><V134/><F134/><W28/><G32/><T3/><D3/><U133/><E133/><V58/><F58/><W129/><G129/><T126/><D126/><U11/><E63/><V122/><F122/><W36/><G36/><T130/><D130/><U121/><E121/><V10/><F71/><W112/><G112/><N who="1" m="43050" /><E11/><V61/><F61/><W116/><G116/><T38/><D38/><U60/><E60/><V84/><F69/><W59/><G59/><T64/><D64/><U76/><E44/><V105/><F10/><W39/><G39/><T41/><D41/><U62/><E62/><V135/><F135/><W91/><G50/><T132/><D132/><U52/><E52/><V42/><F42/><W83/><AGARI ba="0,1" hai="22,27,28,43,45,48,81,82,83,85,91,94,98,99" machi="83" ten="30,2000,0" yaku="0,1,8,1" doraHai="14" who="3" fromWho="3" sc="240,-10,250,-5,250,-5,250,30" /><INIT seed="1,0,0,2,5,109" ten="230,245,245,280" oya="1" hai0="49,21,43,4,116,31,106,63,100,0,59,95,85" hai1="20,134,34,107,51,58,79,60,98,1,8,16,11" hai2="45,14,13,101,93,55,44,47,83,82,68,27,18" hai3="90,39,19,112,6,124,29,10,3,99,108,70,103"/><U38/><E38/><V133/><F68/><W15/><G108/><T119/><D106/><U36/><E36/><V9/><F133/><W28/><G39/><T127/><D0/><U48/><E34/><V88/><F101/><W69/><G124/><T105/><D4/><U102/><E134/><V94/><F27/><W118/><G112/><T115/><D105/><U114/><E114/><V62/><F14/><W12/><G118/><T2/><D2/><U113/><E113/><V125/><F94/><W110/><G110/><T86/><D115/><U96/><E79/><V123/><F123/><W57/><G90/><T25/><D127/><U84/><E84/><V33/><F33/><W53/><G70/><T46/><D119/><U80/><E98/><N who="2" m="57639" /><F125/><W35/><G69/><T17/><D17/><U23/><E80/><N who="2" m="30763" /><F62/><W5/><G5/><T81/><D81/><U117/><E117/><V75/><F75/><W64/><G64/><N who="0" m="39039" /><D116/><U22/><E1/><V129/><F129/><W7/><G7/><T126/><D126/><U132/><E132/><V54/><AGARI ba="0,0" hai="9,13,18,44,45,47,54,55" m="30763,57639" machi="54" ten="30,2000,0" yaku="8,1,54,1" doraHai="109" who="2" fromWho="2" sc="230,-5,245,-10,245,20,280,-5" /><INIT seed="2,0,0,2,0,65" ten="225,235,265,275" oya="2" hai0="12,5,118,72,15,17,113,18,51,124,53,80,28" hai1="91,85,40,13,9,22,70,125,54,20,92,100,130" hai2="42,135,78,121,96,31,41,127,99,19,107,103,10" hai3="29,55,49,37,87,6,134,1,26,88,58,48,86"/><V131/><F121/><W44/><G134/><T129/><D113/><U83/><E125/><V46/><F131/><W73/><G73/><T50/><D118/><U67/><E130/><V115/><F115/><W76/><G37/><T102/><D129/><U24/><E40/><V43/><F135/><W112/><G112/><T25/><D102/><U77/><E100/><V61/><F127/><W14/><G1/><T3/><D124/><U2/><E2/><V0/><F31/><W79/><G6/><T59/><D3/><U4/><E70/><V60/><F96/><W62/><G14/><T32/><D5/><U68/><E68/><V36/><F78/><W52/><G62/><T133/><D133/><U114/><E67/><V108/><F108/><W106/><G106/><T132/><D132/><U123/><E123/><V23/><F61/><W119/><G87/><T94/><D94/><U89/><E89/><V8/><F60/><W93/><REACH who="3" step="1"/><G119/><REACH who="3" ten="225,235,265,265" step="2"/><T81/><D72/><U34/><E114/><V111/><F111/><W128/><G128/><T110/><D110/><U69/><E69/><V11/><REACH who="2" step="1"/><F0/><REACH who="2" ten="225,235,255,265" step="2"/><W45/><G45/><T21/><D50/><U16/><E77/><V64/><F64/><W30/><G30/><T35/><D35/><AGARI ba="0,2" hai="26,29,35,44,48,49,52,55,58,76,79,86,88,93" machi="35" ten="30,7700,0" yaku="1,1,7,1,54,2,53,0" doraHai="65" doraHaiUra="71" who="3" fromWho="0" sc="225,-77,235,0,255,0,265,97" /><INIT seed="3,0,0,5,2,106" ten="148,235,255,362" oya="3" hai0="71,116,86,62,78,35,4,102,11,59,34,69,119" hai1="49,21,117,38,16,7,66,41,107,114,89,127,115" hai2="81,91,14,76,123,2,94,124,40,24,3,92,74" hai3="113,135,79,58,52,109,112,88,65,122,118,99,13"/><W50/><G118/><T80/><D102/><U85/><E107/><V67/><F123/><W15/><G122/><T70/><D59/><U63/><E38/><V56/><F124/><W129/><G129/><T108/><D62/><U6/><E127/><V29/><F40/><W25/><G79/><T22/><D22/><U75/><E75/><V44/><F44/><W47/><G135/><T104/><D108/><U97/><E97/><V77/><F77/><W73/><G73/><T90/><D104/><U17/><E17/><V46/><F46/><W54/><G65/><T84/><D84/><U130/><E130/><V55/><F14/><W100/><G109/><T33/><D90/><U26/><E117/><V51/><F67/><W23/><G88/><T1/><REACH who="0" step="1"/><D86/><REACH who="0" ten="138,235,255,362" step="2"/><U10/><E85/><V64/><F94/><W96/><G113/><T48/><D48/><U110/><E89/><V42/><F64/><W5/><G112/><T37/><D37/><U36/><E36/><V120/><F120/><W103/><G103/><T18/><D18/><U30/><E110/><V98/><REACH who="2" step="1"/><F42/><REACH who="2" ten="138,235,245,362" step="2"/><W61/><G100/><T105/><D105/><U121/><E121/><V95/><F95/><W68/><G68/><T57/><D57/><N who="1" m="37231" /><E115/><V20/><AGARI ba="0,2" hai="2,3,20,24,29,51,55,56,74,76,81,91,92,98" machi="20" ten="20,5200,0" yaku="1,1,0,1,7,1,52,1,53,0" doraHai="106" doraHaiUra="133" who="2" fromWho="2" sc="138,-13,235,-13,245,72,362,-26" owari="125,-37.0,222,-18.0,317,12.0,336,43.0" /></mjloggm>