<mjloggm ver="2.3"><GO type="225" lobby="0"/><UN n0="%E6%96%B0%E4%B8%96%E7%95%8C%E3%81%AE%E7%B4%99" n1="%E5%B7%9D%E6%9D%91%E6%99%83%E8%A3%95%EF%BC%88%E4%B8%A1%E6%96%B9%EF%BC%89" n2="%E5%B0%B1%E6%B4%BB%E7%94%9F%40%E5%B7%9D%E6%9D%91%E8%BB%8D%E5%9B%A3" n3="%E3%81%AA%E3%81%A3%E3%81%8D%E3%82%8A" dan="18,16,17,16" rate="2168.18,2048.63,2095.59,2054.46" sx="M,M,M,M"/><TAIKYOKU oya="0"/><INIT seed="0,0,0,1,3,114" ten="250,250,250,250" oya="0" hai0="35,102,81,48,127,124,0,84,110,50,65,121,61" hai1="39,105,96,113,69,11,123,103,118,76,68,24,20" hai2="59,54,131,83,106,16,42,22,101,28,56,64,63" hai3="120,6,132,97,86,57,92,36,4,79,134,25,80"/><T23/><D35/><U29/><E123/><V12/><F131/><W53/><G36/><T60/><D121/><U75/><E39/><V108/><F108/><W44/><G44/><T37/><D37/><U62/><E113/><V111/><F111/><W116/><G116/><T72/><D110/><U8/><E118/><V70/><F42/><W107/><G107/><T94/><D0/><U38/><E38/><V89/><F28/><W93/><G93/><T26/><D72/><U55/><E69/><V32/><F32/><W19/><G120/><T112/><D112/><U33/><E20/><V46/><F46/><W40/><G40/><T128/><D128/><U88/><E88/><V45/><F45/><W91/><G19/><T51/><D94/><U99/><E99/><V77/><F89/><W17/><G17/><N who="0" m="12655" /><D65/><N who="1" m="41015" /><E55/><V43/><F43/><W66/><G66/><T41/><D102/><U27/><E27/><V130/><F130/><W30/><G53/><T58/><D58/><U52/><E52/><V10/><F22/><N who="3" m="15671" /><G57/><T14/><D14/><U85/><E85/><V125/><F70/><W49/><G49/><T31/><D31/><U15/><E15/><V90/><F106/><W18/><G18/><T95/><D95/><U9/><E75/><N who="2" m="43455" /><F90/><W73/><G73/><T100/><D100/><U109/><E109/><V87/><F87/><W78/><G79/><AGARI ba="0,0" hai="8,9,11,24,29,33,76,79,96,103,105" m="41015" machi="79" ten="30,1000,0" yaku="25,1" doraHai="114" who="1" fromWho="3" sc="250,0,250,10,250,0,250,-10" /><INIT seed="1,0,0,3,2,3" ten="250,260,250,240" oya="1" hai0="109,13,91,56,52,111,53,75,15,119,49,48,6" hai1="32,8,14,46,101,93,62,79,39,54,26,22,30" hai2="59,122,108,99,112,115,135,98,81,68,124,77,33" hai3="131,74,38,95,43,106,41,88,20,86,11,87,37"/><U18/><E79/><V63/><F68/><W50/><G106/><T82/><D119/><U129/><E129/><V92/><F33/><W76/><G131/><T60/><D75/><U16/><E39/><V107/><F122/><W29/><G74/><T34/><D34/><U123/><E123/><V80/><F59/><W23/><G38/><T61/><D82/><N who="2" m="31850" /><F63/><W19/><G37/><T44/><D91/><U104/><E104/><V127/><F108/><N who="0" m="41546" /><D15/><U51/><E62/><V64/><F64/><W1/><G86/><T130/><D130/><U72/><E72/><V134/><F107/><W128/><G128/><T96/><D96/><N who="2" m="36906" /><F92/><W65/><G76/><T117/><D117/><U132/><E93/><V110/><F77/><W114/><G65/><T66/><D66/><U12/><REACH who="1" step="1"/><E101/><REACH who="1" ten="250,250,250,240" step="2"/><V17/><F110/><W4/><G95/><T78/><D78/><U89/><E89/><V25/><F115/><W90/><G90/><T2/><D2/><U102/><E102/><V42/><F112/><W84/><G114/><T31/><D61/><U103/><E103/><V85/><F85/><W28/><G88/><T100/><D100/><U36/><E36/><V21/><F42/><W57/><G87/><T73/><D73/><U5/><E5/><V94/><F94/><W125/><G84/><T83/><D83/><U35/><E35/><V121/><F121/><W10/><G4/><T70/><D60/><U116/><E116/><V45/><F135/><AGARI ba="0,1" hai="8,12,14,16,18,22,26,30,32,46,51,54,132,135" machi="135" ten="40,3900,0" yaku="1,1,54,1,53,0" doraHai="3" doraHaiUra="55" who="1" fromWho="2" sc="250,0,250,49,250,-39,240,0" /><INIT seed="1,1,0,3,1,49" ten="250,299,211,240" oya="1" hai0="70,27,118,62,74,68,81,92,60,39,126,3,96" hai1="101,9,54,103,83,134,20,111,52,14,59,11,106" hai2="75,87,15,2,53,36,50,84,42,0,131,127,90" hai3="129,18,133,100,112,135,40,8,1,117,82,41,19"/><U73/><E134/><N who="3" m="51210" /><G112/><T66/><D118/><U76/><E111/><V43/><F75/><W125/><G117/><T120/><D126/><U78/><E106/><V12/><F127/><W124/><G129/><T122/><D39/><U16/><E78/><V35/><F131/><W132/><N who="3" m="51218" /><W85/><DORA hai="116" /><G100/><T25/><D3/><N who="2" m="1066" /><F35/><W65/><G65/><N who="0" m="40999" /><D81/><U33/><E33/><V56/><F36/><W91/><G124/><T29/><D29/><U128/><E128/><V13/><F90/><W130/><G130/><T88/><D74/><U47/><E103/><V95/><F95/><W10/><G125/><T79/><D79/><U107/><E101/><V97/><F97/><W28/><G28/><T26/><D70/><U98/><E98/><V5/><F5/><N who="3" m="1071" /><G10/><T69/><D69/><U119/><E119/><V121/><F121/><N who="0" m="46698" /><D66/><U6/><E76/><V45/><F56/><W7/><G7/><T17/><D62/><U51/><E6/><V110/><F110/><W105/><G105/><T22/><AGARI ba="1,0" hai="17,22,25,26,27,88,92,96" m="46698,40999" machi="22" ten="30,8000,1" yaku="13,1,52,3,54,1" doraHai="49,116" who="0" fromWho="0" sc="250,83,299,-41,211,-21,240,-21" /><INIT seed="2,0,0,5,0,120" ten="333,258,190,219" oya="2" hai0="22,105,124,58,83,40,81,55,130,2,60,53,23" hai1="17,44,4,109,20,63,95,119,98,133,111,42,48" hai2="15,24,38,90,70,85,35,132,65,114,18,36,51" hai3="6,94,100,56,127,75,93,103,113,108,5,117,121"/><V67/><F114/><W41/><G113/><T66/><D105/><U76/><E119/><V71/><F132/><W86/><G117/><T129/><D2/><U1/><E133/><V52/><F35/><W89/><G121/><T57/><D40/><U16/><E76/><V54/><F24/><W27/><G75/><T31/><D124/><U73/><E73/><V33/><F33/><W122/><G122/><T34/><D34/><U37/><E63/><V61/><F67/><W46/><G108/><N who="1" m="41546" /><E48/><V26/><F71/><W99/><G127/><T9/><D60/><U135/><E135/><V106/><F26/><W84/><G56/><T74/><D74/><U3/><E4/><V13/><F106/><W62/><G62/><T88/><D66/><U68/><E68/><V77/><F77/><W8/><G6/><T21/><D129/><U101/><E16/><V104/><F104/><W43/><G5/><T47/><D130/><U11/><E11/><V72/><F72/><W45/><G8/><T7/><D9/><U12/><AGARI ba="0,0" hai="1,3,12,17,20,37,42,44,95,98,101" m="41546" machi="12" ten="30,7900,0" yaku="14,1,52,3" doraHai="120" who="1" fromWho="1" sc="333,-20,258,79,190,-39,219,-20" /><INIT seed="3,0,0,4,1,36" ten="313,337,151,199" oya="3" hai0="41,9,30,53,103,83,5,107,74,44,43,75,29" hai1="0,55,84,111,105,58,96,7,14,62,118,48,54" hai2="121,12,20,135,94,72,18,40,70,98,89,4,77" hai3="86,87,101,115,73,46,104,91,21,133,110,120,106"/><W122/><G115/><T79/><D75/><U113/><E113/><V125/><F70/><W127/><G21/><T19/><D19/><U99/><E0/><V59/><F121/><N who="3" m="46699" /><G46/><T31/><D107/><N who="3" m="41001" /><G133/><T80/><D103/><U42/><E42/><V47/><F125/><W11/><G11/><T128/><D128/><U114/><E105/><V126/><F126/><W34/><G34/><T109/><D109/><U22/><E114/><V8/><F135/><W100/><G127/><T102/><D102/><N who="3" m="39529" /><G110/><T61/><D61/><U129/><E111/><V32/><F32/><W71/><G71/><T119/><D53/><U64/><E84/><N who="3" m="32298" /><G91/><T92/><D44/><U78/><E55/><V93/><F59/><W39/><G39/><T90/><D43/><U76/><E54/><V66/><F66/><W65/><G65/><T112/><D41/><U27/><E64/><V13/><F93/><W67/><G67/><T1/><D92/><U108/><E108/><V2/><F72/><AGARI ba="0,0" hai="72,73" m="32298,39529,41001,46699" machi="72" ten="40,12000,1" yaku="28,2,34,2" doraHai="36" who="3" fromWho="2" sc="313,0,337,0,151,-120,199,120" /><INIT seed="3,1,0,4,1,123" ten="313,337,31,319" oya="3" hai0="11,28,62,51,65,102,79,40,85,58,67,106,110" hai1="29,96,84,93,44,74,32,108,39,71,50,30,99" hai2="63,128,19,77,60,24,132,100,21,90,122,25,5" hai3="97,14,69,87,105,56,1,41,52,47,73,64,124"/><W125/><G73/><T113/><D113/><U76/><E71/><V15/><F90/><W0/><G87/><T2/><D110/><U121/><E121/><V109/><F63/><N who="3" m="40095" /><G14/><T131/><D131/><U127/><E39/><V135/><F100/><N who="3" m="62607" /><G52/><N who="0" m="34119" /><D2/><U130/><E84/><V55/><F55/><W48/><G56/><T103/><D106/><U117/><E44/><V37/><F60/><W72/><G72/><T27/><D11/><U111/><E74/><V81/><F81/><W26/><G26/><T46/><D67/><U126/><E111/><V53/><F53/><W119/><G119/><T107/><D65/><U133/><E108/><V82/><F82/><W35/><G35/><T92/><D107/><U61/><E32/><V34/><F77/><W45/><G45/><T8/><D8/><U12/><E76/><V17/><F37/><W33/><G33/><T54/><D54/><U18/><E117/><V115/><F109/><W98/><G98/><T70/><D70/><U83/><E99/><V118/><F115/><W31/><G31/><T68/><D68/><U104/><E96/><V129/><F118/><W116/><G116/><T66/><D66/><U134/><E83/><V13/><F34/><W9/><G9/><T86/><D79/><U10/><E130/><V43/><F43/><W36/><G48/><T7/><D7/><U16/><E50/><V3/><F122/><W22/><G22/><N who="0" m="15479" /><D86/><U57/><E104/><V6/><REACH who="2" step="1"/><F21/><REACH who="2" ten="313,337,21,319" step="2"/><W23/><G23/><T91/><AGARI ba="1,1" hai="40,46,51,85,91,92,102,103" m="15479,34119" machi="91" ten="30,2000,0" yaku="8,1,54,1" doraHai="123" who="0" fromWho="0" sc="313,33,337,-6,21,-6,319,-11" owari="346,44.0,331,13.0,15,-48.0,308,-9.0" /></mjloggm>