<mjloggm ver="2.3"><GO type="169" lobby="0"/><UN n0="%E3%82%A6%E3%83%AB%E3%83%88%E3%83%A9%E7%AB%8B%E7%9B%B4" n1="%6E%61%72%72%6F%77%31%39" n2="%E7%B4%A0%E6%9C%B4%E3%81%AA%E5%91%B3%E3%82%8F%E3%81%84" n3="%E2%98%86%E2%98%85%E5%A4%A9%E6%B1%9F%E8%A1%A3%E2%98%85%E2%98%86" dan="17,16,16,16" rate="2174.47,2035.55,2105.24,2123.66" sx="M,F,M,M"/><TAIKYOKU oya="0"/><INIT seed="0,0,0,3,1,106" ten="250,250,250,250" oya="0" hai0="105,37,132,68,18,100,25,13,30,131,38,82,130" hai1="20,122,72,74,107,55,61,116,129,101,22,98,126" hai2="77,27,97,95,56,0,71,51,80,89,117,42,59" hai3="43,46,90,113,67,35,120,81,114,124,112,11,92"/><T17/><D68/><U49/><E116/><V15/><F71/><W115/><G124/><T63/><D100/><U52/><E122/><V87/><F0/><W36/><G120/><T23/><D105/><U66/><E126/><V8/><F27/><W127/><G127/><T78/><D63/><U119/><E119/><V135/><F135/><W41/><G112/><T45/><D132/><U91/><E129/><N who="0" m="49161" /><D45/><U21/><E91/><V28/><F28/><W31/><G43/><T83/><D83/><U99/><E99/><V33/><F33/><W57/><G81/><T84/><D18/><U4/><E4/><N who="2" m="3463" /><F117/><W16/><G57/><T65/><D65/><U7/><E7/><V54/><F54/><W104/><G67/><T75/><D84/><U86/><E86/><V58/><F58/><W40/><G40/><T6/><D6/><U26/><E26/><V29/><F29/><W50/><G104/><T1/><D1/><U2/><E2/><V88/><F89/><W79/><G31/><T34/><AGARI ba="0,0" hai="13,17,23,25,30,34,37,38,75,78,82" m="49161" machi="34" ten="30,3000,0" yaku="19,1,52,1" doraHai="106" who="0" fromWho="0" sc="250,30,250,-10,250,-10,250,-10" /><INIT seed="0,1,0,3,2,130" ten="280,240,240,240" oya="0" hai0="80,111,40,28,74,56,11,20,36,71,78,23,104" hai1="1,50,125,75,29,61,95,4,82,117,31,42,16" hai2="115,133,22,14,12,120,7,35,79,86,76,46,101" hai3="10,114,27,52,77,8,119,25,2,103,90,66,69"/><T109/><D71/><U37/><E117/><V113/><F120/><W84/><G119/><T44/><D104/><U47/><E125/><V72/><F35/><W57/><G114/><T131/><D131/><U32/><E32/><V98/><F72/><W41/><G77/><T51/><D28/><U17/><E95/><V100/><F133/><W118/><G118/><T121/><D121/><U91/><E61/><V48/><F115/><W105/><G41/><T73/><D73/><U128/><E128/><V0/><F0/><W81/><G69/><T89/><D89/><U85/><E75/><V83/><F79/><W134/><G66/><T39/><D11/><U5/><E37/><V3/><F3/><W58/><G134/><T19/><D23/><U124/><E124/><V110/><F110/><N who="0" m="41994" /><D56/><U30/><REACH who="1" step="1"/><E1/><REACH who="1" ten="280,230,240,240" step="2"/><V94/><F113/><W18/><G2/><T65/><D65/><U126/><E126/><V116/><F116/><W106/><G105/><T67/><D67/><U122/><E122/><V34/><F34/><W54/><G106/><T112/><D112/><U102/><E102/><V38/><F101/><W15/><G103/><T88/><D39/><U135/><E135/><V55/><F38/><W43/><G10/><T127/><D36/><U62/><E62/><V92/><F100/><W60/><G43/><T33/><D33/><U6/><AGARI ba="1,1" hai="4,5,6,16,17,29,30,31,42,47,50,82,85,91" machi="6" ten="30,7900,0" yaku="1,1,0,1,8,1,54,1,53,0" doraHai="130" doraHaiUra="99" who="1" fromWho="1" sc="280,-40,230,92,240,-21,240,-21" /><INIT seed="1,0,0,1,5,3" ten="240,322,219,219" oya="1" hai0="79,127,34,92,104,5,70,78,50,89,49,94,39" hai1="135,29,7,98,133,77,129,37,95,84,100,74,16" hai2="102,17,53,72,27,76,25,36,23,96,57,125,22" hai3="86,58,47,105,33,110,45,61,59,19,21,1,67"/><U132/><E37/><V121/><F121/><W113/><G110/><T11/><D34/><U80/><E29/><V114/><F36/><W35/><G113/><T101/><D70/><U31/><E31/><V2/><F2/><W109/><G109/><T64/><D64/><U87/><E7/><V90/><F125/><W26/><G105/><T13/><D104/><U42/><E42/><V68/><F68/><W122/><G122/><T93/><D39/><U6/><E6/><V30/><F114/><W52/><G1/><T4/><D4/><U38/><E38/><V120/><F120/><W106/><G106/><T54/><D50/><U119/><E119/><V51/><F90/><W103/><G103/><T60/><D60/><U18/><E129/><V28/><F72/><W85/><G35/><T111/><D111/><U116/><REACH who="1" step="1"/><E116/><REACH who="1" ten="240,312,219,219" step="2"/><V0/><F0/><W46/><REACH who="3" step="1"/><G33/><REACH who="3" ten="240,312,219,209" step="2"/><T117/><D117/><U56/><E56/><V75/><F57/><W108/><G108/><T88/><D127/><U83/><E83/><V32/><F32/><W115/><G115/><T24/><D93/><U43/><E43/><V15/><F102/><W97/><G97/><T73/><D94/><U91/><E91/><V124/><F96/><W123/><G123/><T118/><D92/><U44/><E44/><V128/><F124/><W10/><G10/><T130/><D11/><U66/><E66/><V81/><F128/><W69/><G69/><T62/><D101/><U48/><E48/><AGARI ba="0,2" hai="19,21,26,45,46,47,48,52,58,59,61,67,85,86" machi="48" ten="40,5200,0" yaku="1,1,8,1,54,1,53,0" doraHai="3" doraHaiUra="9" who="3" fromWho="1" sc="240,0,312,-52,219,0,209,72" /><INIT seed="2,0,0,5,2,135" ten="240,260,219,281" oya="2" hai0="100,111,63,38,121,116,105,68,30,21,74,88,22" hai1="85,115,93,48,34,51,129,92,101,73,55,2,72" hai2="108,131,8,10,126,52,69,81,45,40,19,86,59" hai3="12,66,25,114,64,78,132,65,0,67,20,58,106"/><V122/><F122/><W11/><G0/><T43/><D74/><U94/><E2/><V96/><F131/><W36/><G132/><T117/><D121/><U87/><E34/><V37/><F69/><W79/><G106/><T123/><D123/><U89/><E115/><V104/><F108/><W107/><G107/><T90/><D111/><U18/><E129/><V60/><F126/><W16/><G36/><T27/><D22/><U130/><E130/><V31/><F31/><W62/><REACH who="3" step="1"/><G114/><REACH who="3" ten="240,260,219,271" step="2"/><T109/><D109/><U120/><E120/><V71/><F71/><W95/><G95/><T14/><D105/><U110/><E110/><V127/><F127/><W24/><G24/><T53/><D68/><U26/><E93/><V29/><F29/><AGARI ba="0,1" hai="11,12,16,20,25,29,58,62,64,65,66,67,78,79" machi="29" ten="40,5200,0" yaku="1,1,8,1,54,1,53,0" doraHai="135" doraHaiUra="134" who="3" fromWho="2" sc="240,0,260,0,219,-52,271,62" /><INIT seed="3,0,0,3,1,57" ten="240,260,167,333" oya="3" hai0="49,14,53,123,68,19,84,1,111,58,121,108,116" hai1="70,107,109,110,100,52,97,16,90,73,27,120,127" hai2="32,66,39,105,7,23,51,98,126,2,113,67,81" hai3="13,5,48,31,75,106,128,0,87,102,103,132,17"/><W76/><G75/><T35/><D1/><U36/><E120/><V80/><F113/><W135/><G128/><T79/><D35/><U82/><E127/><V63/><F39/><W129/><G129/><T50/><D84/><U43/><E43/><V20/><F32/><W37/><G37/><T22/><D79/><U8/><E36/><V118/><F118/><W88/><G76/><T10/><D68/><U29/><E70/><V25/><F126/><W78/><G78/><T77/><D77/><U95/><E73/><V60/><F2/><W12/><G31/><T96/><D96/><U114/><E82/><V64/><F7/><W30/><G30/><T6/><D116/><U112/><E52/><V41/><F105/><W89/><G0/><T71/><D71/><U74/><E74/><V9/><F9/><N who="3" m="4143" /><G106/><T86/><D86/><N who="1" m="52695" /><E8/><V33/><F98/><W40/><G48/><T134/><D50/><U83/><E83/><N who="2" m="31819" /><F33/><W122/><G40/><T18/><D123/><U11/><E29/><N who="2" m="17575" /><F23/><N who="3" m="11695" /><G122/><T69/><D121/><U115/><E27/><V34/><F34/><W54/><G54/><T101/><D69/><U21/><E21/><V65/><N who="2" m="16384" /><DORA hai="99" /><V28/><F28/><W93/><G89/><T26/><D6/><U72/><E72/><V44/><AGARI ba="0,0" hai="41,44,51,60,63" m="16384,17575,31819" machi="44" ten="50,6400,0" yaku="8,1,52,2" doraHai="57,99" who="2" fromWho="2" sc="240,-16,260,-16,167,64,333,-32" /><INIT seed="4,0,0,1,3,100" ten="224,244,231,301" oya="0" hai0="53,16,129,22,98,122,87,44,123,13,12,83,14" hai1="25,113,96,90,65,20,55,127,70,95,47,126,27" hai2="62,15,33,17,8,60,29,66,7,103,88,112,6" hai3="49,102,34,132,45,133,125,108,24,134,35,99,130"/><T73/><D73/><U76/><E76/><V9/><F112/><W54/><G108/><T72/><D72/><U59/><E47/><V86/><F103/><W94/><G130/><T4/><D129/><U39/><E39/><V82/><F33/><W32/><REACH who="3" step="1"/><G125/><REACH who="3" ten="224,244,231,291" step="2"/><T79/><D123/><U30/><E126/><V5/><F29/><AGARI ba="0,1" hai="24,29,32,34,35,45,49,54,94,99,102,132,133,134" machi="29" ten="40,5200,0" yaku="1,1,2,1,20,1,53,0" doraHai="100" doraHaiUra="104" who="3" fromWho="2" sc="224,0,244,0,231,-52,291,62" /><INIT seed="5,0,0,1,0,91" ten="224,244,179,353" oya="1" hai0="45,52,95,62,111,2,125,69,96,83,120,1,130" hai1="71,10,8,102,54,37,32,67,75,66,123,128,108" hai2="11,68,73,126,15,86,13,122,29,101,22,56,47" hai3="61,53,4,124,81,0,93,127,26,24,109,25,49"/><U48/><E37/><V21/><F122/><W35/><G109/><T17/><D111/><U5/><E108/><V6/><F68/><W112/><G112/><T16/><D69/><U106/><E123/><V34/><F73/><W31/><G61/><T57/><D120/><U50/><E75/><V134/><F126/><N who="3" m="48171" /><G81/><T9/><D125/><U38/><E38/><V135/><F34/><W118/><G118/><T85/><D130/><U27/><E128/><V23/><F101/><W33/><G31/><T28/><D28/><N who="1" m="19487" /><E66/><V100/><F100/><W98/><G4/><T82/><D1/><N who="1" m="47" /><E10/><N who="2" m="4311" /><F47/><N who="3" m="27839" /><G0/><T36/><D2/><U58/><E58/><V18/><F86/><W64/><G64/><T121/><D121/><U105/><E54/><V103/><F103/><AGARI ba="0,0" hai="24,25,26,33,35,93,98,103" m="27839,48171" machi="103" ten="30,2000,0" yaku="18,1,52,1" doraHai="91" who="3" fromWho="2" sc="224,0,244,0,179,-20,353,20" /><INIT seed="6,0,0,0,2,134" ten="224,244,159,373" oya="2" hai0="123,80,112,9,29,38,83,47,18,107,135,98,20" hai1="125,109,74,116,79,0,82,5,133,81,17,101,94" hai2="63,93,48,1,3,129,41,67,117,65,8,95,103" hai3="102,30,120,7,39,119,53,121,45,57,78,76,110"/><V71/><F117/><W32/><G110/><T132/><D123/><U42/><E116/><V15/><F129/><W88/><G119/><T58/><D29/><U52/><E109/><V19/><F65/><W106/><G7/><T51/><D9/><N who="1" m="2215" /><E82/><V75/><F75/><W35/><G102/><N who="0" m="62935" /><D58/><U105/><E17/><V73/><F73/><W62/><G106/><T64/><D38/><U92/><E52/><V16/><F19/><W111/><G111/><T44/><D64/><U59/><E59/><V72/><F72/><W13/><G13/><N who="0" m="9295" /><D47/><U43/><E133/><N who="0" m="51273" /><D112/><U108/><E108/><V46/><REACH who="2" step="1"/><F103/><REACH who="2" ten="224,244,149,373" step="2"/><W87/><G120/><T90/><D90/><U4/><E101/><V84/><F84/><W31/><G121/><T113/><D113/><U14/><E74/><V40/><F40/><AGARI ba="0,1" hai="40,44,51,80,83" m="51273,9295,62935" machi="40" ten="30,1000,0" yaku="20,1" doraHai="134" who="0" fromWho="2" sc="224,20,244,0,149,-10,373,0" /><INIT seed="7,0,0,1,4,103" ten="244,244,139,373" oya="3" hai0="59,17,119,86,93,14,43,120,81,79,30,113,28" hai1="133,117,124,95,55,40,64,74,80,58,12,72,126" hai2="0,97,3,44,109,23,123,130,131,89,91,77,116" hai3="19,21,88,16,20,50,107,121,92,41,33,83,63"/><W75/><G107/><T15/><D113/><U76/><E117/><V4/><F44/><N who="3" m="25871" /><G75/><T118/><D120/><U24/><E133/><V115/><F23/><W66/><G33/><T98/><D118/><U29/><E40/><V57/><F57/><N who="3" m="37231" /><G83/><T52/><D43/><U135/><E64/><V37/><F37/><W84/><G121/><T71/><D71/><U105/><E105/><V22/><F22/><AGARI ba="0,0" hai="16,19,20,21,22,84,88,92" m="37231,25871" machi="22" ten="30,5800,0" yaku="8,1,54,2" doraHai="103" who="3" fromWho="2" sc="244,0,244,0,139,-58,373,58" owari="244,4.0,244,-16.0,81,-42.0,431,54.0" /></mjloggm>