<mjloggm ver="2.3"><GO type="97" lobby="0"/><UN n0="%E3%83%AD%E3%83%A0%E5%B0%82%EF%BC%A0%E5%B7%9D%E6%9D%91%E8%BB%8D%E5%9B%A3" n1="%E5%88%BA%E9%9D%92%E3%81%AE%E3%82%B5%E3%83%AD%E3%83%A1" n2="%E5%B0%B1%E6%B4%BB%E7%94%9F%40%E5%B7%9D%E6%9D%91%E8%BB%8D%E5%9B%A3" n3="%E6%9D%B1%E8%A5%BF%E5%8D%97%E5%8C%97" dan="15,14,14,13" rate="2025.85,1893.84,1989.98,1888.38" sx="M,M,M,M"/><TAIKYOKU oya="0"/><INIT seed="0,0,0,4,3,7" ten="250,250,250,250" oya="0" hai0="89,32,94,44,15,64,108,69,40,82,16,129,110" hai1="91,65,131,99,56,111,103,20,119,14,127,81,124" hai2="128,96,5,36,63,73,80,22,48,72,18,118,126" hai3="114,98,17,51,53,12,61,107,41,92,70,30,95"/><T60/><D32/><U117/><E111/><N who="0" m="42537" /><D82/><U121/><E121/><V19/><F36/><W59/><G114/><T23/><D129/><U38/><E38/><V100/><F128/><W122/><G122/><T1/><D1/><U2/><E2/><V102/><F118/><W9/><G30/><T33/><D33/><U26/><E131/><V76/><F126/><N who="1" m="48169" /><E14/><V87/><F5/><W68/><G107/><T85/><D44/><U66/><E91/><V24/><F100/><W133/><G133/><T84/><D40/><U125/><E81/><V78/><F78/><W58/><G41/><T39/><D39/><U116/><E56/><V47/><F63/><W31/><G31/><T105/><D105/><N who="1" m="63743" /><E125/><V43/><REACH who="2" step="1"/><F18/><AGARI ba="0,0" hai="18,20,26,65,66,116,117,119" m="63743,48169" machi="18" ten="40,1300,0" yaku="18,1" doraHai="7" who="1" fromWho="2" sc="250,0,250,13,250,-13,250,0" /><INIT seed="1,0,0,4,5,120" ten="250,263,237,250" oya="1" hai0="128,118,126,122,30,21,98,106,62,58,40,109,107" hai1="67,100,61,23,9,5,93,114,4,49,36,70,134" hai2="73,43,99,15,29,87,124,26,103,44,112,56,20" hai3="68,113,77,2,131,16,127,69,46,66,22,101,32"/><U54/><E114/><V42/><F73/><W35/><G113/><T65/><D118/><U8/><E36/><V0/><F112/><W133/><G2/><T7/><D122/><U59/><E134/><V132/><F0/><W19/><G133/><T74/><D74/><U50/><E23/><V130/><F132/><W57/><G127/><T96/><D7/><U95/><E50/><V53/><F124/><W90/><G131/><T76/><D76/><U45/><E70/><V82/><F130/><W75/><G46/><T129/><D40/><U108/><E108/><V14/><F99/><W119/><G101/><T85/><D126/><U13/><REACH who="1" step="1"/><E100/><REACH who="1" ten="250,253,237,250" step="2"/><V94/><F103/><W34/><G22/><T91/><D21/><U83/><E83/><V38/><F43/><W80/><G69/><T88/><D109/><U17/><E17/><V79/><F94/><W63/><G68/><T86/><D128/><U52/><E52/><V72/><F72/><W135/><G135/><T105/><D129/><U60/><E60/><AGARI ba="0,1" hai="14,15,20,26,29,38,42,44,53,56,60,79,82,87" machi="60" ten="30,1000,0" yaku="7,1" doraHai="120" who="2" fromWho="1" sc="250,0,253,-10,237,20,250,0" /><INIT seed="2,0,0,1,1,60" ten="250,243,257,250" oya="2" hai0="63,95,3,45,54,61,132,26,135,107,101,44,120" hai1="97,58,7,53,17,74,89,104,47,14,134,39,43" hai2="34,40,50,83,79,56,52,16,86,105,119,80,112" hai3="93,59,9,8,69,20,96,6,67,85,123,22,65"/><V13/><F112/><W75/><G123/><T10/><D120/><U15/><E74/><V113/><F105/><W122/><G122/><T127/><D107/><U29/><E134/><V38/><F113/><W27/><G75/><T116/><D116/><U62/><E29/><V78/><F34/><W72/><G72/><T21/><D127/><U55/><E7/><V124/><F119/><W36/><G36/><T76/><D76/><U35/><E35/><V102/><F124/><W87/><G69/><T32/><D32/><U106/><E55/><V90/><F102/><N who="3" m="60687" /><G59/><T30/><D101/><U109/><E109/><V2/><F2/><W5/><G5/><T0/><D3/><U126/><E126/><V51/><F38/><W129/><G129/><T133/><D0/><U11/><REACH who="1" step="1"/><E15/><REACH who="1" ten="250,233,257,250" step="2"/><V103/><F40/><W42/><G42/><T92/><D54/><U28/><E28/><V82/><F78/><W118/><G118/><T41/><D41/><U114/><E114/><V115/><F79/><W84/><G6/><T81/><D132/><U108/><E108/><V117/><F115/><W1/><G1/><T4/><D4/><U131/><E131/><V25/><F117/><W130/><G130/><T121/><D121/><U73/><E73/><V71/><F13/><W57/><G27/><T18/><D133/><U125/><E125/><V100/><F25/><W91/><G84/><T46/><D135/><U64/><E64/><V23/><F86/><W77/><G85/><T48/><D26/><U94/><AGARI ba="0,1" hai="11,14,17,39,43,47,53,58,62,89,94,97,104,106" machi="94" ten="30,2000,0" yaku="1,1,0,1,53,0" doraHai="60" doraHaiUra="19" who="1" fromWho="1" sc="250,-5,233,30,257,-10,250,-5" /><INIT seed="3,0,0,1,0,81" ten="245,263,247,245" oya="3" hai0="107,89,87,123,26,120,45,134,14,76,127,16,1" hai1="98,63,62,86,47,59,36,8,42,130,101,113,44" hai2="93,124,82,131,34,78,118,111,46,121,71,90,97" hai3="106,35,88,110,103,24,31,57,56,37,2,54,102"/><W92/><G110/><T114/><D1/><U105/><E113/><V122/><F71/><W20/><G2/><T5/><D107/><U61/><E130/><V12/><F34/><W95/><G37/><T66/><D114/><U85/><E59/><N who="3" m="22602" /><G106/><T43/><D66/><U99/><E99/><V135/><F46/><W4/><G4/><T0/><D26/><U27/><E8/><V68/><F68/><W10/><G10/><T13/><D76/><U133/><E133/><V21/><F118/><W23/><G35/><T80/><D0/><U125/><E125/><V83/><F124/><W30/><G54/><T60/><D60/><U22/><REACH who="1" step="1"/><E47/><REACH who="1" ten="245,253,247,245" step="2"/><V50/><F131/><W94/><G31/><AGARI ba="0,1" hai="22,27,31,36,42,44,61,62,63,85,86,98,101,105" machi="31" ten="40,8000,1" yaku="1,1,2,1,52,2,53,0" doraHai="81" doraHaiUra="112" who="1" fromWho="3" sc="245,0,253,90,247,0,245,-80" owari="245,-15.0,343,43.0,247,5.0,165,-33.0" /></mjloggm>