<mjloggm ver="2.3"><GO type="97" lobby="0"/><UN n0="%67%65%62%6F" n1="%E3%82%A8%E3%83%AB%E3%83%89%E3%83%A9%E3%83%89" n2="%E3%83%88%E3%83%88%E3%83%AA%E5%85%88%E7%94%9F%31%39%E6%AD%B3" n3="%E5%86%92%E9%99%BA%E9%9B%80%E5%A3%AB%E3%82%BF%E3%82%AB%E3%82%B7%E3%83%B3" dan="13,14,15,15" rate="1847.56,1857.40,2012.67,2043.46" sx="M,M,F,M"/><TAIKYOKU oya="0"/><INIT seed="0,0,0,3,5,120" ten="250,250,250,250" oya="0" hai0="128,91,63,114,97,43,42,102,122,18,100,61,130" hai1="90,73,72,119,105,116,115,95,51,10,79,74,50" hai2="86,87,83,118,126,32,101,98,44,129,133,12,31" hai3="80,99,38,1,67,108,117,49,88,58,14,29,66"/><T45/><D122/><U35/><E35/><V16/><F118/><W21/><G1/><T6/><D114/><U17/><E105/><V110/><F129/><N who="0" m="49770" /><D6/><U82/><E115/><V81/><F133/><W20/><G38/><N who="0" m="21719" /><D43/><U132/><E132/><V8/><F126/><W109/><G117/><T52/><D91/><U69/><E69/><V11/><F110/><N who="3" m="42603" /><G14/><T96/><D18/><U3/><E17/><V134/><F134/><W92/><G80/><T123/><D123/><U59/><E82/><V41/><F11/><W104/><G104/><N who="0" m="63495" /><D52/><U24/><E119/><V46/><F83/><W15/><G15/><T54/><D54/><U26/><E3/><V84/><F81/><W106/><G106/><AGARI ba="0,0" hai="61,63,97,102,106" m="63495,21719,49770" machi="106" ten="30,1500,0" yaku="19,1" doraHai="120" who="0" fromWho="3" sc="250,15,250,0,250,0,250,-15" /><INIT seed="0,1,0,0,1,39" ten="265,250,250,235" oya="0" hai0="97,128,38,35,113,48,30,19,114,52,45,135,6" hai1="80,0,13,55,123,7,131,10,54,65,47,94,12" hai2="16,14,17,98,72,111,11,130,84,106,56,8,43" hai3="41,46,15,92,82,76,26,79,78,83,124,70,122"/><T51/><D38/><U112/><E123/><V90/><F72/><W103/><G70/><T5/><D128/><U68/><E131/><V20/><F130/><W4/><G122/><T85/><D135/><U9/><E112/><V116/><F116/><W44/><G124/><T37/><D37/><U59/><E0/><V61/><F111/><W118/><G26/><T18/><D97/><U69/><E80/><V28/><F28/><W53/><G118/><T62/><D62/><U127/><E127/><V64/><F43/><W74/><G53/><T109/><D109/><U104/><E104/><V81/><F106/><W86/><G46/><T75/><D75/><U129/><E65/><V67/><F67/><W105/><G105/><T126/><D126/><U42/><E94/><N who="2" m="56663" /><F17/><W121/><G121/><T57/><D85/><U89/><E89/><AGARI ba="1,0" hai="8,11,14,16,20,56,61,64,81,84,89" m="56663" machi="89" ten="30,2000,0" yaku="8,1,54,1" doraHai="39" who="2" fromWho="1" sc="265,0,250,-23,250,23,235,0" /><INIT seed="1,0,0,4,1,120" ten="265,227,273,235" oya="1" hai0="10,103,8,82,31,21,47,9,97,2,29,106,17" hai1="5,60,51,94,108,118,3,48,65,61,117,7,91" hai2="109,52,76,15,44,110,59,35,46,27,41,96,104" hai3="135,53,38,25,70,4,87,32,24,129,73,123,75"/><U112/><E3/><V131/><F131/><W134/><G123/><T68/><D68/><U16/><E112/><V74/><F74/><W30/><G70/><T111/><D2/><U20/><E117/><V36/><F76/><W50/><G38/><T130/><D130/><U92/><E118/><V34/><F44/><W33/><G129/><T83/><D47/><U126/><E126/><V43/><F43/><W107/><G107/><T125/><D125/><U67/><E67/><V88/><F15/><W12/><G87/><T66/><D66/><U113/><E113/><V85/><F96/><W49/><G12/><T78/><D83/><U72/><E72/><N who="3" m="27722" /><G4/><N who="1" m="1610" /><E108/><N who="2" m="41579" /><F27/><N who="3" m="10315" /><G53/><T95/><D106/><U18/><E60/><N who="2" m="35943" /><F104/><W90/><G30/><T105/><D105/><U6/><E6/><V119/><F119/><W54/><G90/><T81/><D78/><U98/><E92/><AGARI ba="0,0" hai="34,35,36,41,46,85,88,92" m="35943,41579" machi="92" ten="30,12000,2" yaku="14,1,52,3,54,2" doraHai="120" who="2" fromWho="1" sc="265,0,227,-120,273,120,235,0" /><INIT seed="2,0,0,5,1,116" ten="265,107,393,235" oya="2" hai0="74,69,25,105,51,37,88,43,82,12,117,19,75" hai1="53,17,49,96,135,107,115,35,56,3,45,31,6" hai2="99,4,67,64,130,38,59,7,121,16,36,65,111" hai3="77,85,34,125,129,9,24,113,106,58,61,122,104"/><V11/><F121/><W108/><G122/><T79/><D37/><U27/><E115/><V57/><F130/><W83/><G113/><T112/><D112/><U32/><E135/><V28/><F111/><W30/><G129/><T8/><D117/><U40/><E6/><N who="2" m="2091" /><F28/><W18/><G108/><T100/><D69/><U47/><E3/><V114/><F114/><W127/><G9/><T68/><D68/><U94/><E107/><V78/><F78/><W101/><G18/><T84/><D25/><U5/><E5/><V118/><F118/><W33/><G33/><T13/><D13/><U120/><E120/><V119/><F36/><W23/><G34/><T91/><D79/><U14/><E35/><V132/><F38/><W54/><G101/><T66/><D100/><U73/><E73/><V133/><F99/><W72/><G72/><T52/><D75/><U2/><E2/><V124/><F124/><AGARI ba="0,0" hai="23,24,30,54,58,61,77,83,85,104,106,124,125,127" machi="124" ten="40,1300,0" yaku="18,1" doraHai="116" who="3" fromWho="2" sc="265,0,107,0,393,-13,235,13" /><INIT seed="3,0,0,4,1,94" ten="265,107,380,248" oya="3" hai0="42,106,64,69,129,81,77,114,131,23,126,105,111" hai1="25,75,13,92,56,89,53,85,52,58,80,51,37" hai2="22,117,21,1,119,34,96,82,124,84,116,54,113" hai3="63,93,108,0,68,79,17,107,48,26,74,98,9"/><W45/><G107/><T29/><D111/><U90/><E37/><V125/><F113/><W76/><G108/><T72/><D114/><U65/><E75/><V30/><F1/><W66/><G74/><T109/><D109/><U16/><E65/><V47/><F96/><W118/><G118/><T103/><D126/><N who="2" m="48746" /><F30/><W132/><G132/><T61/><D42/><U10/><E25/><V5/><F5/><W112/><G112/><T50/><D50/><U49/><E92/><V27/><F34/><W88/><G0/><T102/><D105/><U78/><AGARI ba="0,0" hai="10,13,16,49,51,52,53,56,58,78,80,85,89,90" machi="78" ten="20,12000,2" yaku="0,1,7,1,9,1,8,1,54,2" doraHai="94" who="1" fromWho="1" sc="265,-30,107,120,380,-30,248,-60" owari="235,4.0,227,-17.0,350,44.0,188,-31.0" /></mjloggm>