<mjloggm ver="2.3"><GO type="97" lobby="0"/><UN n0="%68%6B%5F%6B%69%62%61" n1="%6D%61%6B%69%73%68%69%6E" n2="%E3%83%88%E3%83%88%E3%83%AA%E5%85%88%E7%94%9F%31%39%E6%AD%B3" n3="%E9%8C%AF%E4%B9%B1%E3%82%AB%E3%83%AB%E3%83%94%E3%82%B9" dan="14,14,14,18" rate="1913.37,1942.44,2042.81,2199.38" sx="M,M,F,F"/><TAIKYOKU oya="0"/><INIT seed="0,0,0,4,1,60" ten="250,250,250,250" oya="0" hai0="51,37,27,93,41,124,113,96,63,0,65,80,47" hai1="30,67,107,8,120,10,116,73,79,59,11,62,39" hai2="99,33,131,5,29,3,81,86,104,58,117,48,7" hai3="122,114,92,12,68,108,19,132,118,22,21,71,2"/><T18/><D113/><U82/><E120/><V66/><F3/><W88/><G2/><T127/><D0/><U101/><E116/><V106/><F117/><W49/><G114/><T94/><D80/><U121/><E121/><V46/><F131/><W72/><G118/><T98/><D37/><U126/><E39/><V14/><F33/><W45/><G72/><T40/><D40/><U64/><E30/><V115/><F115/><W85/><G122/><T61/><D61/><U103/><E107/><V133/><F133/><W69/><G132/><T44/><D44/><U125/><REACH who="1" step="1"/><E67/><REACH who="1" ten="250,240,250,250" step="2"/><V38/><F29/><W54/><REACH who="3" step="1"/><G108/><REACH who="3" ten="250,240,250,240" step="2"/><T6/><D127/><AGARI ba="0,2" hai="8,10,11,59,62,64,73,79,82,101,103,125,126,127" machi="127" ten="40,8000,1" yaku="1,1,2,1,18,1,52,1,53,0" doraHai="60" doraHaiUra="16" who="1" fromWho="0" sc="250,-80,240,100,250,0,240,0" /><INIT seed="1,0,0,5,4,111" ten="170,340,250,240" oya="1" hai0="7,117,64,9,124,78,35,23,128,96,115,33,106" hai1="4,88,31,120,101,80,103,66,46,100,19,11,48" hai2="118,16,89,15,8,5,110,18,94,68,38,14,67" hai3="134,53,108,99,59,92,30,60,62,47,0,36,28"/><U104/><E104/><V70/><F118/><W107/><G0/><T87/><D117/><U72/><E120/><V114/><F110/><W71/><G108/><T129/><D124/><U54/><E66/><V119/><F119/><W61/><G107/><T12/><D64/><U44/><E31/><N who="3" m="11818" /><G36/><T123/><D123/><U85/><E72/><V95/><F38/><W57/><G71/><T51/><D23/><U98/><E4/><V42/><F42/><W86/><G86/><T131/><D51/><U2/><E2/><V63/><F114/><W27/><G27/><T20/><D20/><U41/><E98/><V102/><F68/><W90/><G134/><T130/><N who="0" m="32768" /><DORA hai="69" /><T93/><D106/><U132/><E132/><V6/><F102/><W49/><AGARI ba="0,0" hai="47,49,53,57,59,60,61,62,90,92,99" m="11818" machi="49" ten="30,1100,0" yaku="8,1" doraHai="111,69" who="3" fromWho="3" sc="170,-3,340,-5,250,-3,240,11" /><INIT seed="2,0,0,1,1,5" ten="167,335,247,251" oya="2" hai0="49,44,46,112,129,119,42,58,78,30,113,16,130" hai1="97,93,101,73,28,36,96,47,62,70,24,134,84" hai2="25,110,61,54,63,67,82,77,8,127,29,0,117" hai3="111,35,56,26,19,51,60,131,2,108,76,123,79"/><V87/><F117/><W99/><G123/><T118/><D30/><U20/><E73/><V50/><F127/><W59/><G2/><T94/><D78/><U7/><E134/><V132/><F132/><W32/><G99/><T91/><D94/><U90/><E96/><V83/><F110/><N who="3" m="42027" /><G131/><N who="0" m="50187" /><D91/><U88/><E7/><V105/><F105/><W27/><G51/><N who="0" m="27031" /><D16/><U121/><E121/><V135/><F135/><W100/><G100/><T57/><D57/><U126/><E126/><V15/><F82/><W128/><G59/><T98/><D58/><U102/><E102/><V17/><F0/><W69/><G69/><T64/><D64/><U6/><E6/><V55/><F67/><N who="3" m="39303" /><G19/><T68/><D68/><U65/><E84/><V22/><REACH who="2" step="1"/><F50/><REACH who="2" ten="167,335,237,251" step="2"/><W52/><G128/><T89/><D98/><U109/><E109/><V92/><F92/><W40/><G79/><T116/><D89/><U1/><E1/><V122/><F122/><W107/><G76/><T13/><D13/><U75/><E75/><V11/><F11/><W34/><G107/><T133/><D133/><U120/><E120/><V53/><AGARI ba="0,1" hai="8,15,17,22,25,29,53,54,55,61,63,77,83,87" machi="53" ten="30,11700,0" yaku="1,1,0,1,8,1,52,1,53,0" doraHai="5" doraHaiUra="33" who="2" fromWho="2" sc="167,-39,335,-39,237,127,251,-39" /><INIT seed="2,1,0,1,3,17" ten="128,296,364,212" oya="2" hai0="82,52,122,101,118,65,79,123,84,114,22,20,69" hai1="3,74,45,51,60,50,66,133,96,23,88,120,63" hai2="83,27,46,94,132,21,38,113,1,115,126,86,34" hai3="109,62,7,37,19,87,99,116,44,30,33,58,108"/><V5/><F34/><W40/><G116/><T95/><D114/><U11/><E74/><V18/><F132/><W90/><G7/><T47/><D123/><U104/><E120/><V48/><F38/><W26/><G99/><N who="0" m="59647" /><D122/><U59/><E133/><V14/><F1/><W32/><G32/><T24/><D69/><U124/><E3/><V121/><F126/><W134/><G134/><T41/><D118/><U71/><E124/><V110/><F110/><W53/><REACH who="3" step="1"/><G19/><REACH who="3" ten="128,296,364,202" step="2"/><N who="0" m="12319" /><D65/><U0/><E66/><V9/><F121/><W67/><G67/><T2/><D2/><U78/><E0/><V98/><F115/><W111/><G111/><T72/><D72/><U91/><E71/><V97/><F113/><W57/><G57/><T106/><D106/><U64/><E59/><V127/><F127/><W13/><G13/><T103/><D103/><U92/><E104/><V117/><F117/><W39/><G39/><T29/><D41/><U129/><E64/><V77/><F98/><W55/><G55/><T112/><D112/><U68/><E96/><V31/><F5/><W93/><AGARI ba="1,1" hai="26,30,33,37,40,44,53,58,62,87,90,93,108,109" machi="93" ten="30,2000,0" yaku="1,1,0,1,53,0" doraHai="17" doraHaiUra="6" who="3" fromWho="3" sc="128,-6,296,-6,364,-11,202,33" /><INIT seed="3,0,0,4,3,76" ten="122,290,353,235" oya="3" hai0="1,103,117,77,45,46,120,30,71,75,4,86,91" hai1="60,40,85,0,105,51,10,115,127,69,104,99,79" hai2="39,84,121,49,83,74,25,38,18,73,89,29,98" hai3="135,26,110,128,92,36,82,80,93,11,12,122,59"/><W72/><G122/><T131/><D120/><U88/><E79/><V100/><F121/><W43/><G72/><T114/><D117/><U109/><E115/><V111/><F111/><W68/><G68/><T113/><D71/><U66/><E127/><V28/><F73/><W108/><G128/><T48/><D131/><U130/><E130/><V65/><F74/><W94/><G135/><T41/><D30/><U8/><E109/><N who="3" m="42090" /><G26/><T112/><D103/><U42/><E42/><V14/><F65/><W53/><G43/><T34/><D34/><U87/><E87/><V16/><F49/><N who="3" m="31151" /><G36/><T125/><D125/><U2/><E2/><V101/><F39/><W133/><G133/><T119/><D119/><U55/><E40/><V124/><F38/><W63/><G63/><T21/><D46/><U5/><E10/><V132/><F132/><W20/><G20/><T57/><D21/><U37/><E37/><V19/><F124/><W118/><G118/><T116/><D116/><U134/><E134/><V96/><F25/><W33/><G33/><T27/><D27/><U123/><E123/><V35/><F35/><W56/><G56/><T95/><D57/><U62/><E62/><V126/><F126/><W78/><G78/><T81/><REACH who="0" step="1"/><D113/><REACH who="0" ten="112,290,353,235" step="2"/><U3/><E69/><V24/><F24/><W106/><G106/><T47/><D47/><U97/><E105/><N who="2" m="63623" /><F28/><W31/><G31/><T70/><D70/><U102/><E104/><V13/><F29/><W58/><G58/><T6/><D6/><AGARI ba="0,1" hai="6,11,12,80,82,92,93,94" m="31151,42090" machi="6" ten="30,11600,0" yaku="14,1,10,1,52,2" doraHai="76" who="3" fromWho="0" sc="112,-116,290,0,353,0,235,126" owari="-4,-50.0,290,-11.0,353,15.0,361,46.0" /></mjloggm>