<mjloggm ver="2.3"><GO type="97" lobby="0"/><UN n0="%E3%83%88%E3%83%88%E3%83%AA%E5%85%88%E7%94%9F%31%39%E6%AD%B3" n1="%E3%83%AD%E3%83%9C%E3%82%B3%E3%83%97" n2="%E3%83%91%E3%83%B3%E3%82%B8%E3%83%A3%42" n3="%E3%82%8C%E3%81%A3%E3%81%A9%E6%84%9B" dan="15,15,15,15" rate="2038.10,1983.60,1996.43,2058.43" sx="F,M,M,M"/><TAIKYOKU oya="0"/><INIT seed="0,0,0,5,5,77" ten="250,250,250,250" oya="0" hai0="31,6,43,113,88,65,44,40,60,135,96,27,19" hai1="46,7,121,120,124,24,125,81,28,132,68,69,126" hai2="37,75,4,64,104,30,47,32,5,114,11,1,131" hai3="20,41,134,70,100,71,84,130,118,107,53,16,54"/><T123/><D113/><U116/><E116/><V39/><F114/><W26/><G118/><T56/><D123/><U52/><E132/><V101/><F131/><W63/><G130/><T50/><D135/><U38/><E7/><V22/><F5/><W57/><G134/><T12/><D6/><U74/><E38/><V111/><F111/><W45/><G54/><T2/><D2/><U17/><E17/><V97/><F22/><W83/><G100/><T35/><D43/><U85/><E74/><V66/><F75/><W36/><REACH who="3" step="1"/><G107/><REACH who="3" ten="250,250,250,240" step="2"/><T0/><D0/><U73/><E52/><V115/><F115/><W14/><G14/><T95/><D12/><U122/><E46/><V10/><F66/><W94/><G94/><T25/><D25/><U98/><E120/><V23/><F64/><W49/><G49/><T18/><AGARI ba="0,1" hai="18,19,27,31,35,40,44,50,56,60,65,88,95,96" machi="18" ten="30,3000,0" yaku="0,1,54,1" doraHai="77" who="0" fromWho="0" sc="250,40,250,-10,250,-10,240,-10" /><INIT seed="0,1,0,5,5,28" ten="290,240,240,230" oya="0" hai0="118,24,84,54,88,110,117,108,96,93,53,90,10" hai1="87,102,116,99,105,1,32,42,77,119,36,59,11" hai2="104,132,5,63,21,126,17,23,37,43,71,131,29" hai3="115,31,112,74,69,27,61,16,3,40,33,26,89"/><T30/><D10/><U81/><E32/><V68/><F104/><W13/><G74/><T47/><D118/><U134/><E134/><V56/><F132/><W49/><G3/><T91/><D117/><U109/><E109/><N who="0" m="42089" /><D47/><U92/><E105/><V76/><F76/><W133/><G133/><T103/><D84/><U122/><E122/><V41/><F5/><W130/><G130/><T18/><D18/><U120/><E120/><V70/><F29/><W72/><G72/><T62/><D62/><U79/><E77/><V12/><F131/><W66/><G27/><T129/><D129/><U85/><E87/><V52/><F126/><W124/><G124/><T55/><D103/><U107/><E11/><V127/><F127/><W135/><G135/><T60/><D60/><U67/><E1/><V45/><REACH who="2" step="1"/><F43/><REACH who="2" ten="290,240,230,230" step="2"/><W44/><REACH who="3" step="1"/><G89/><REACH who="3" ten="290,240,230,220" step="2"/><T25/><D25/><U4/><E119/><V78/><F78/><W48/><G48/><T39/><D39/><U94/><E36/><V113/><F113/><W83/><G83/><T46/><D46/><U34/><E81/><V64/><F64/><W100/><G100/><T101/><D101/><U73/><E102/><V128/><F128/><W7/><G7/><T50/><D50/><U14/><E4/><V125/><F125/><W82/><G82/><T9/><D91/><U8/><E67/><V38/><F38/><W121/><G121/><T35/><D90/><U20/><E116/><V58/><F58/><W106/><G106/><T123/><D123/><U80/><E107/><V114/><F114/><W97/><G97/><T2/><D2/><RYUUKYOKU ba="1,2" sc="290,10,240,-30,230,10,220,10" hai0="9,24,30,35,53,54,55,88,93,96" hai2="12,17,21,23,37,41,45,52,56,63,68,70,71" hai3="13,16,26,31,33,40,44,49,61,66,69,112,115" /><INIT seed="0,2,2,2,2,19" ten="300,210,240,230" oya="0" hai0="90,101,95,131,122,31,80,67,97,110,28,41,79" hai1="34,54,64,12,39,94,84,38,116,42,108,1,17" hai2="128,65,135,47,33,77,119,40,14,117,43,61,126" hai3="134,30,86,87,111,100,25,22,48,9,23,57,16"/><T127/><D122/><U103/><E1/><V55/><F33/><W66/><G134/><T26/><D131/><U6/><E116/><N who="2" m="44619" /><F77/><W8/><G111/><T3/><D3/><U10/><E34/><V76/><F76/><W118/><G118/><T107/><D110/><U99/><E108/><V50/><F14/><N who="3" m="9495" /><G100/><T21/><D127/><U113/><E113/><V91/><F91/><W32/><G32/><T88/><D41/><N who="2" m="15946" /><F135/><W58/><G58/><T70/><D31/><U115/><E42/><V112/><F112/><W123/><G123/><T36/><D36/><U45/><E115/><V37/><F128/><W51/><G66/><T125/><D125/><U106/><E64/><V98/><F98/><W92/><G57/><T18/><D18/><U81/><E106/><V24/><F24/><W89/><G86/><T59/><D59/><U2/><E54/><V44/><F126/><W60/><G60/><T49/><D107/><U74/><E45/><N who="2" m="28111" /><F37/><W96/><G96/><T124/><D124/><U56/><E74/><V13/><F13/><W68/><G68/><AGARI ba="2,2" hai="44,47,61,65,68" m="28111,15946,44619" machi="68" ten="30,3900,0" yaku="12,1,34,2" doraHai="19" who="2" fromWho="3" sc="300,0,210,0,240,65,230,-45" /><INIT seed="1,0,0,5,4,92" ten="300,210,305,185" oya="1" hai0="65,61,45,110,30,77,102,123,104,27,51,40,91" hai1="131,81,37,87,25,56,111,106,130,80,98,60,18" hai2="84,10,1,14,66,19,58,85,2,132,70,71,31" hai3="33,124,73,29,21,34,20,133,128,38,129,47,115"/><U99/><E37/><V100/><F132/><W55/><G73/><T52/><D123/><U8/><E111/><V79/><F100/><W86/><G133/><T48/><D110/><U96/><E106/><V11/><F31/><W125/><G86/><T43/><D77/><U32/><E8/><V16/><F14/><W39/><G55/><T82/><D51/><U9/><E9/><V114/><F58/><W50/><G50/><T118/><D118/><U90/><E18/><V135/><F135/><W78/><G78/><T108/><D108/><U4/><E4/><V49/><F49/><W88/><G88/><T134/><D134/><U67/><REACH who="1" step="1"/><E80/><REACH who="1" ten="300,200,305,185" step="2"/><V24/><F114/><W54/><G29/><AGARI ba="0,1" hai="25,29,32,56,60,67,81,87,90,96,98,99,130,131" machi="29" ten="40,12000,1" yaku="1,1,2,1,52,3,53,0" doraHai="92" doraHaiUra="3" who="1" fromWho="3" sc="300,0,200,130,305,0,185,-120" /><INIT seed="1,1,0,1,0,111" ten="300,330,305,65" oya="1" hai0="56,14,78,3,70,17,48,84,2,64,45,23,81" hai1="103,135,118,123,25,24,100,79,74,82,112,49,63" hai2="19,73,115,32,47,122,126,86,18,26,128,131,21" hai3="6,22,61,0,33,8,62,132,87,35,109,42,102"/><U39/><E39/><V80/><F73/><W116/><G109/><T97/><D70/><U34/><E123/><V125/><F122/><W66/><G116/><T71/><D71/><U37/><E118/><V54/><F32/><W113/><G113/><T55/><D64/><U91/><E37/><V127/><F18/><W51/><G132/><T12/><D97/><U89/><E135/><V40/><F54/><W130/><G130/><N who="2" m="49705" /><F115/><W92/><G22/><T11/><REACH who="0" step="1"/><D45/><REACH who="0" ten="290,330,305,65" step="2"/><U16/><E112/><V38/><F127/><W10/><G66/><T95/><D95/><U52/><E63/><V36/><F36/><W93/><G62/><T20/><D20/><U69/><E69/><V129/><F129/><W105/><G61/><T120/><D120/><U121/><E121/><V117/><F117/><W60/><G60/><T98/><D98/><U134/><E134/><V29/><F29/><W28/><G35/><T43/><D43/><U108/><E34/><V104/><F104/><W76/><G105/><T96/><D96/><U44/><E108/><V94/><F94/><W124/><G124/><T50/><D50/><U13/><E103/><V77/><AGARI ba="1,1" hai="19,21,26,38,40,47,77,80,86,125,126" m="49705" machi="77" ten="30,1100,0" yaku="19,1" doraHai="111" who="2" fromWho="2" sc="290,-4,330,-6,305,24,65,-4" /><INIT seed="2,0,0,4,1,13" ten="286,324,329,61" oya="2" hai0="91,50,12,33,32,34,130,46,36,116,35,27,114" hai1="48,60,45,135,83,124,21,102,51,92,61,20,94" hai2="107,74,28,119,125,42,30,86,134,75,122,49,67" hai3="65,126,70,73,96,89,39,118,128,43,23,99,7"/><V6/><F122/><W76/><G118/><T4/><D114/><U123/><E123/><V57/><F119/><W117/><G117/><T108/><D116/><U93/><E135/><V55/><F107/><W132/><G132/><T105/><D36/><U78/><E124/><V5/><F134/><W59/><G126/><T1/><D1/><U100/><E78/><V69/><F125/><W121/><G121/><T104/><D108/><U127/><E127/><V15/><F42/><W10/><G70/><T8/><D130/><U72/><E72/><V24/><F86/><W103/><G128/><T79/><N who="0" m="8192" /><DORA hai="120" /><T111/><D111/><U82/><E93/><V9/><F6/><W14/><G89/><T54/><D27/><U64/><E45/><V95/><F95/><W25/><G39/><T133/><D133/><U81/><E82/><V2/><F2/><W131/><G43/><T40/><D91/><U26/><E26/><V129/><F129/><W41/><G41/><T58/><REACH who="0" step="1"/><D79/><REACH who="0" ten="276,324,329,61" step="2"/><U80/><E81/><V71/><F24/><W62/><G131/><T113/><D113/><U16/><E64/><V109/><F109/><W0/><G0/><T53/><D53/><U90/><E90/><V56/><F67/><W97/><G76/><T112/><D112/><U3/><E3/><V29/><REACH who="2" step="1"/><F57/><REACH who="2" ten="276,324,319,61" step="2"/><W98/><G73/><AGARI ba="0,2" hai="5,9,15,28,29,30,49,55,56,69,71,73,74,75" machi="73" ten="40,18000,2" yaku="1,1,2,1,53,4" doraHai="13,120" doraHaiUra="106,11" who="2" fromWho="3" sc="276,0,324,0,319,200,61,-180" owari="276,-12.0,324,12.0,519,62.0,-119,-62.0" /></mjloggm>