<mjloggm ver="2.3"><GO type="97" lobby="0"/><UN n0="%E5%B0%B1%E6%B4%BB%E7%94%9F%40%E5%B7%9D%E6%9D%91%E8%BB%8D%E5%9B%A3" n1="%52%69%6F%31%30%30%31" n2="%75%73%68%69%6B%6F" n3="%E3%82%B5%E3%82%A4%E3%82%BF%E3%83%AD%E3%83%BC" dan="15,14,14,14" rate="2071.98,1912.42,1932.03,1950.90" sx="M,M,M,M"/><TAIKYOKU oya="0"/><INIT seed="0,0,0,4,4,17" ten="250,250,250,250" oya="0" hai0="8,93,43,80,89,103,56,59,37,52,122,61,84" hai1="97,135,109,21,46,47,95,118,108,32,90,7,26" hai2="57,72,128,79,45,85,120,34,105,74,69,10,131" hai3="5,65,67,115,113,102,55,71,117,119,125,50,11"/><T104/><D122/><U28/><E118/><V49/><F34/><W39/><G102/><T86/><D104/><U133/><E32/><V111/><F69/><W110/><G11/><T36/><D43/><U6/><E47/><V132/><F57/><W15/><G15/><T20/><D8/><U63/><E63/><V70/><F70/><W51/><G5/><T48/><D103/><U99/><E46/><V126/><F120/><W76/><G76/><T130/><D130/><N who="2" m="49706" /><F105/><W121/><G121/><T107/><D107/><U100/><E6/><V101/><F101/><W23/><G23/><T78/><REACH who="0" step="1"/><D20/><REACH who="0" ten="240,250,250,250" step="2"/><N who="1" m="15431" /><E7/><V81/><F10/><W30/><G119/><T18/><D18/><U58/><E100/><V123/><F123/><W116/><G39/><T91/><D91/><U9/><E9/><V3/><F3/><W82/><G117/><T106/><D106/><U25/><E99/><V73/><F126/><W60/><G125/><T64/><AGARI ba="0,1" hai="36,37,48,52,56,59,61,64,78,80,84,86,89,93" machi="64" ten="20,7800,0" yaku="1,1,0,1,7,1,54,1,53,0" doraHai="17" doraHaiUra="29" who="0" fromWho="0" sc="240,88,250,-26,250,-26,250,-26" /><INIT seed="0,1,0,0,5,81" ten="328,224,224,224" oya="0" hai0="69,16,77,72,45,27,34,109,35,114,122,4,134" hai1="75,74,38,126,103,0,97,70,110,121,6,18,124" hai2="52,128,131,80,50,107,79,119,98,39,15,83,13" hai3="46,10,108,53,8,11,78,47,31,3,51,100,130"/><T96/><D122/><U118/><E18/><V2/><F2/><W101/><G130/><T33/><D69/><U104/><E118/><V132/><F39/><W59/><G31/><T43/><D114/><U116/><E116/><V93/><F107/><W68/><G68/><T1/><D134/><U5/><E121/><V21/><F132/><W87/><G108/><T55/><D109/><U61/><E6/><V123/><F123/><W40/><G3/><T71/><D71/><U26/><E110/><V23/><F119/><W90/><G78/><T94/><D55/><U29/><E38/><V48/><F93/><W67/><G67/><T37/><D72/><U63/><E63/><V84/><F98/><W65/><G65/><T133/><D133/><U82/><E82/><V36/><F36/><W42/><G47/><T58/><D77/><U129/><E61/><V113/><F113/><W25/><G25/><T64/><D64/><U62/><E62/><V28/><F28/><W60/><REACH who="3" step="1"/><G42/><REACH who="3" ten="328,224,224,214" step="2"/><T76/><D76/><U111/><E129/><V56/><F131/><W7/><G7/><T91/><D58/><U92/><E111/><V127/><F128/><W66/><G66/><T9/><D27/><U115/><E70/><V12/><F127/><N who="1" m="48681" /><E115/><V49/><F80/><AGARI ba="1,1" hai="8,10,11,40,46,51,53,59,60,80,87,90,100,101" machi="80" ten="40,5200,0" yaku="1,1,8,1,52,1,53,0" doraHai="81" doraHaiUra="135" who="3" fromWho="2" sc="328,0,224,0,224,-55,214,65" /><INIT seed="1,0,0,5,5,71" ten="328,224,169,279" oya="1" hai0="128,54,78,74,5,15,84,98,11,38,120,24,37" hai1="52,42,8,41,89,72,123,75,29,99,16,119,25" hai2="108,69,40,93,130,121,104,3,66,127,90,109,17" hai3="88,132,82,50,57,14,4,73,125,7,10,129,18"/><U113/><E123/><V68/><F104/><W65/><G125/><T31/><D74/><U70/><E70/><V61/><F3/><W48/><G132/><T111/><D120/><U59/><E119/><V46/><F127/><W131/><G73/><T32/><D128/><N who="3" m="49225" /><G48/><T51/><D111/><N who="2" m="42570" /><F130/><W76/><G76/><T2/><D98/><U134/><E134/><V105/><F121/><W77/><G77/><T106/><D106/><U67/><E113/><V85/><F105/><W35/><G35/><T0/><D0/><U20/><E72/><V36/><F17/><W100/><G100/><T33/><D33/><U133/><E75/><V115/><F69/><W28/><G28/><T118/><D118/><U26/><E67/><V92/><F115/><W107/><G107/><T91/><D78/><U53/><E133/><V83/><AGARI ba="0,0" hai="36,40,46,61,66,68,83,85,90,92,93" m="42570" machi="83" ten="30,2000,0" yaku="14,1,52,1" doraHai="71" who="2" fromWho="2" sc="328,-5,224,-10,169,20,279,-5" /><INIT seed="2,0,0,4,3,5" ten="323,214,189,274" oya="2" hai0="13,42,131,16,55,116,134,121,87,117,115,58,125" hai1="63,102,64,25,36,129,11,91,68,135,109,100,88" hai2="24,75,85,14,49,99,70,45,90,110,44,104,106" hai3="82,10,59,1,96,114,107,0,83,37,113,93,2"/><V28/><F70/><W111/><G37/><T130/><D121/><U6/><E135/><V94/><F75/><W108/><G107/><T21/><D115/><N who="3" m="44041" /><G59/><T126/><D42/><U123/><E123/><V127/><F127/><N who="0" m="48650" /><D87/><U48/><E129/><N who="0" m="49161" /><D134/><U53/><E109/><N who="3" m="42058" /><G10/><T15/><D15/><U77/><E77/><V57/><F110/><W66/><G66/><T79/><D79/><U40/><E25/><V62/><F106/><W38/><G38/><T17/><D17/><U73/><E73/><V4/><F104/><W98/><G93/><T29/><D29/><U119/><E119/><V124/><F124/><W18/><G18/><T54/><D54/><U86/><E91/><V61/><F45/><W122/><G122/><T81/><D81/><AGARI ba="0,0" hai="0,1,2,81,82,83,96,98" m="42058,44041" machi="81" ten="40,8000,1" yaku="28,2,11,1,14,1" doraHai="5" who="3" fromWho="0" sc="323,-80,214,0,189,0,274,80" /><INIT seed="3,0,0,1,1,69" ten="243,214,189,354" oya="3" hai0="91,17,28,37,81,33,41,47,94,43,77,21,104" hai1="75,26,125,109,38,23,32,132,8,11,95,2,45" hai2="71,66,19,105,135,67,110,118,96,92,93,9,88" hai3="40,102,55,5,60,59,15,65,79,129,63,14,3"/><W115/><G115/><T25/><D104/><U52/><E125/><V97/><F105/><W134/><G3/><T127/><D43/><U51/><E132/><V133/><F71/><W39/><G134/><N who="2" m="51209" /><F110/><W16/><G129/><T64/><D64/><U108/><E32/><V107/><F107/><W50/><G102/><T46/><D46/><U113/><E113/><V85/><F118/><W83/><G39/><T68/><D68/><U74/><E95/><V121/><F121/><W111/><G111/><N who="1" m="42570" /><E2/><V120/><F120/><W61/><G40/><T101/><D101/><U57/><E75/><V62/><F62/><W0/><G0/><T70/><D70/><U130/><E130/><V24/><F85/><N who="3" m="48383" /><G5/><T103/><D103/><U30/><E74/><V84/><F84/><W1/><G1/><T116/><D116/><U131/><E131/><V98/><F98/><W34/><G34/><T114/><D127/><U4/><E4/><V44/><F44/><N who="3" m="28103" /><G15/><T49/><D114/><U56/><E56/><V35/><F35/><W80/><G80/><T29/><D33/><U53/><E38/><V82/><F82/><W22/><AGARI ba="0,0" hai="14,16,22,59,60,61,63,65" m="28103,48383" machi="22" ten="30,3000,0" yaku="8,1,54,1" doraHai="69" who="3" fromWho="3" sc="243,-10,214,-10,189,-10,354,30" owari="233,3.0,204,-20.0,179,-32.0,384,49.0" /></mjloggm>