<mjloggm ver="2.3"><GO type="41" lobby="0"/><UN n0="%E5%B0%B1%E6%B4%BB%E7%94%9F%40%E5%B7%9D%E6%9D%91%E8%BB%8D%E5%9B%A3" n1="%78%73%70%69%74%7A%78" n2="%E3%82%AF%E3%83%AA%E3%82%B9%E3%82%AB" n3="%E3%83%8D%E3%82%AA%E3%81%91%E3%82%8D%E3%81%A3%E3%81%A1%E3%82%87" dan="15,15,13,15" rate="1960.61,2020.38,1904.02,1994.29" sx="M,F,M,M"/><TAIKYOKU oya="0"/><INIT seed="0,0,0,4,3,130" ten="250,250,250,250" oya="0" hai0="47,113,95,106,31,133,123,72,78,128,11,117,87" hai1="15,28,100,82,107,84,125,88,99,41,89,12,27" hai2="65,110,40,58,98,13,17,59,103,71,9,63,108" hai3="121,16,23,90,30,37,135,44,53,35,102,96,79"/><T64/><D106/><U36/><E125/><V45/><F108/><W94/><G79/><T116/><D72/><U48/><E36/><V80/><F80/><W77/><G77/><T42/><D113/><U132/><E132/><V0/><F0/><W93/><G135/><T14/><D128/><U24/><E24/><V129/><F110/><W105/><G121/><T75/><D133/><U74/><E89/><V56/><F71/><W52/><G94/><T97/><D75/><U61/><E61/><V86/><F86/><W7/><G7/><T33/><D64/><U55/><E41/><V115/><F115/><W73/><G73/><T67/><D67/><U70/><E70/><V92/><REACH who="2" step="1"/><F129/><REACH who="2" ten="250,250,240,250" step="2"/><W83/><G83/><T49/><D123/><U54/><E74/><V8/><F8/><W2/><G2/><T1/><D1/><U3/><E3/><V62/><F62/><W51/><G96/><T76/><D87/><U32/><REACH who="1" step="1"/><E55/><REACH who="1" ten="250,240,240,250" step="2"/><V91/><F91/><W85/><G52/><T22/><D78/><U20/><E20/><V39/><AGARI ba="0,2" hai="9,13,17,39,40,45,56,58,59,63,65,92,98,103" machi="39" ten="20,2700,0" yaku="1,1,0,1,7,1,53,0" doraHai="130" doraHaiUra="81" who="2" fromWho="2" sc="250,-13,240,-7,240,47,250,-7" /><INIT seed="1,0,0,4,3,73" ten="237,233,287,243" oya="1" hai0="14,10,101,50,9,77,108,59,37,74,45,116,84" hai1="39,75,122,44,80,43,3,79,2,119,40,134,41" hai2="31,105,95,25,90,7,0,127,46,68,51,29,118" hai3="133,63,113,88,1,130,91,61,56,110,85,97,78"/><U53/><E122/><V121/><F105/><W125/><G113/><T81/><D116/><U132/><E119/><V52/><F121/><W109/><G1/><T18/><D108/><N who="3" m="41577" /><G125/><T120/><D120/><U42/><REACH who="1" step="1"/><E53/><REACH who="1" ten="237,223,287,243" step="2"/><V83/><F118/><W57/><G133/><AGARI ba="0,1" hai="2,3,39,40,41,42,43,44,75,79,80,132,133,134" machi="133" ten="40,12000,1" yaku="1,1,2,1,20,1,52,1,53,0" doraHai="73" doraHaiUra="58" who="1" fromWho="3" sc="237,0,223,130,287,0,243,-120" /><INIT seed="1,1,0,2,2,25" ten="237,353,287,123" oya="1" hai0="90,22,3,24,76,40,62,48,13,4,43,111,17" hai1="12,119,130,53,27,114,56,44,115,2,98,63,39" hai2="84,72,55,21,124,101,46,94,49,9,122,73,67" hai3="117,100,131,23,121,86,77,1,52,45,134,108,99"/><U58/><E2/><V68/><F122/><W14/><G108/><T88/><D111/><U74/><E74/><V31/><F124/><W38/><G1/><T133/><D133/><U97/><E119/><V64/><F68/><W35/><G35/><T28/><D76/><U78/><E78/><V36/><F36/><W102/><G131/><T66/><D4/><U135/><E135/><V16/><F72/><W6/><G121/><T120/><D3/><U132/><E132/><V51/><F73/><W82/><G134/><T107/><D107/><U87/><E130/><V118/><F51/><N who="3" m="28783" /><G38/><T83/><D120/><U42/><E87/><V129/><F118/><W128/><G128/><T8/><D48/><U59/><E115/><V33/><F33/><W127/><G127/><T105/><D105/><U61/><E114/><V81/><F129/><W116/><G99/><T123/><D83/><U70/><E70/><V75/><F75/><W110/><G110/><T34/><D34/><U79/><E79/><N who="2" m="46143" /><F94/><W113/><G113/><T15/><D15/><U93/><E97/><V125/><F101/><W18/><G116/><T41/><REACH who="0" step="1"/><D123/><REACH who="0" ten="227,353,287,123" step="2"/><U37/><E37/><V57/><F125/><W92/><G117/><T26/><D26/><U54/><E12/><N who="2" m="7183" /><F46/><W85/><G6/><T126/><D126/><U112/><E112/><V29/><F21/><W11/><G23/><T65/><D65/><AGARI ba="1,1" hai="29,31,49,55,57,64,65,67" m="7183,46143" machi="65" ten="30,7700,0" yaku="8,1,52,2,54,1" doraHai="25" who="2" fromWho="0" sc="227,-80,353,0,287,90,123,0" /><INIT seed="2,0,0,0,5,43" ten="147,353,377,123" oya="2" hai0="86,24,119,93,135,32,113,23,130,53,89,128,34" hai1="129,121,25,47,26,66,36,117,16,106,46,118,76" hai2="48,68,56,27,94,101,19,15,100,73,95,125,49" hai3="90,1,18,28,30,109,123,64,84,67,22,81,12"/><V131/><F73/><W72/><G109/><T122/><D122/><U63/><E36/><V6/><F68/><W35/><G1/><T42/><D113/><U114/><E114/><V50/><F125/><W105/><G105/><T55/><D42/><U91/><E106/><V39/><F39/><W112/><G123/><T17/><D135/><U57/><E121/><V116/><F116/><W65/><G112/><T40/><D40/><U132/><E132/><V126/><F126/><W96/><G35/><T69/><D69/><U37/><E37/><V82/><F82/><W127/><G127/><T62/><D119/><U8/><E129/><N who="0" m="49769" /><D55/><U110/><E110/><V51/><F131/><W11/><G72/><T5/><D5/><U61/><E61/><V60/><F27/><N who="1" m="10249" /><E76/><V134/><F6/><W78/><REACH who="3" step="1"/><G11/><REACH who="3" ten="147,353,377,113" step="2"/><T31/><D31/><U7/><E118/><V98/><F134/><W59/><G59/><AGARI ba="0,1" hai="17,23,24,32,34,53,59,62,86,89,93" m="49769" machi="59" ten="30,1000,0" yaku="19,1" doraHai="43" who="0" fromWho="3" sc="147,20,353,0,377,0,113,-10" /><INIT seed="3,0,0,2,1,47" ten="167,353,377,103" oya="3" hai0="11,56,53,121,98,128,14,133,38,125,17,105,55" hai1="124,129,88,44,61,9,20,95,75,24,107,100,63" hai2="13,119,3,115,106,37,8,93,51,18,35,66,69" hai3="70,76,97,87,99,90,123,10,101,68,82,73,5"/><W0/><G123/><T94/><D38/><U92/><E75/><V78/><F37/><W116/><G116/><T80/><D121/><U127/><E129/><V43/><F106/><W2/><G2/><T28/><D128/><U7/><E107/><V48/><F35/><W45/><G97/><T118/><D125/><N who="1" m="48203" /><E44/><V58/><F69/><W27/><G27/><T79/><D133/><U104/><E104/><V54/><F119/><W26/><G26/><T132/><D132/><U114/><E100/><V4/><F78/><W135/><G135/><T109/><D105/><U36/><E95/><V64/><F115/><W113/><G113/><T74/><D109/><U57/><E57/><V6/><F93/><W29/><G29/><T71/><D71/><U131/><E36/><V32/><F32/><W134/><G134/><T31/><D118/><U130/><E114/><V49/><F43/><W72/><G99/><T86/><D74/><U16/><E130/><V67/><F3/><W110/><G101/><T85/><D85/><N who="1" m="52239" /><E131/><V22/><F22/><W34/><G34/><T122/><D122/><U83/><E83/><V111/><F111/><W112/><G110/><T126/><D126/><U117/><E117/><V19/><F18/><W89/><G112/><T23/><D23/><U39/><E39/><V30/><F30/><N who="0" m="11306" /><D56/><U65/><E65/><V12/><F12/><AGARI ba="0,0" hai="7,9,12,16,20,24,61,63" m="52239,48203" machi="12" ten="30,3900,0" yaku="18,1,54,2" doraHai="47" who="1" fromWho="2" sc="167,0,353,39,377,-39,103,0" /><INIT seed="4,0,0,1,5,69" ten="167,392,338,103" oya="0" hai0="4,97,64,72,6,83,125,95,80,28,53,91,120" hai1="119,48,124,11,77,19,34,111,38,115,52,134,15" hai2="23,68,27,14,40,32,82,96,49,107,114,127,74" hai3="89,87,85,59,61,57,117,100,90,10,26,46,75"/><T76/><D120/><U98/><E111/><V63/><F114/><W17/><G75/><T44/><D125/><U92/><E119/><V29/><F127/><W5/><G100/><T35/><D64/><U94/><E124/><V7/><F49/><W39/><G117/><T25/><D80/><U131/><E34/><V84/><F40/><W132/><G132/><T113/><D113/><U36/><E115/><V43/><F43/><W86/><G46/><T78/><D78/><U12/><E77/><V67/><F74/><W60/><G39/><T62/><D44/><U0/><E0/><V79/><F7/><W108/><G108/><T20/><D35/><U93/><E134/><V3/><F14/><W9/><G5/><T103/><D91/><N who="3" m="34825" /><G26/><T129/><D129/><U65/><E65/><V109/><F23/><W116/><G116/><T128/><D128/><U126/><E126/><V8/><F8/><N who="3" m="3179" /><G17/><T106/><D106/><U54/><E131/><V21/><F21/><W101/><G101/><T110/><D110/><U70/><E70/><V105/><F109/><W51/><G51/><T22/><D22/><U56/><E54/><V99/><F3/><W118/><G118/><T50/><D50/><U24/><E24/><V133/><F133/><W135/><G135/><T73/><D73/><U1/><E1/><V37/><F37/><W31/><G31/><T47/><D47/><U55/><E55/><V42/><F42/><W104/><G104/><T33/><D33/><U122/><E122/><V71/><F71/><W130/><G130/><T121/><D121/><U123/><E123/><RYUUKYOKU ba="0,0" sc="167,10,392,-30,338,10,103,10" hai0="4,6,20,25,28,53,62,72,76,83,95,97,103" hai2="27,29,32,63,67,68,79,82,84,96,99,105,107" hai3="57,59,60,61,85,86,87" /><INIT seed="4,1,0,2,5,129" ten="177,362,348,113" oya="0" hai0="108,98,37,122,30,74,132,35,84,114,27,107,18" hai1="16,8,95,17,87,12,64,55,32,125,92,76,25" hai2="97,48,45,0,21,36,65,75,131,15,42,96,94" hai3="1,28,113,59,82,119,51,9,44,69,93,135,101"/><T124/><RYUUKYOKU type="yao9" ba="1,0" sc="177,0,362,0,348,0,113,0" hai0="18,27,30,35,37,74,84,98,107,108,114,122,124,132" /><INIT seed="4,2,0,0,1,45" ten="177,362,348,113" oya="0" hai0="120,47,91,6,116,28,67,79,129,93,108,66,33" hai1="4,18,119,71,39,44,106,12,10,35,20,50,90" hai2="104,126,13,51,69,49,114,57,88,32,101,72,42" hai3="40,64,122,130,46,105,22,74,76,37,36,110,117"/><T11/><D120/><U135/><E119/><V134/><F69/><W92/><G110/><T128/><D116/><U38/><E71/><V23/><F32/><W83/><G105/><T62/><D79/><U5/><E106/><V65/><F72/><W103/><G130/><N who="0" m="50283" /><D108/><U26/><E135/><V125/><F134/><W111/><G111/><T48/><D28/><U107/><E107/><V21/><F114/><W102/><G117/><T15/><D33/><U80/><E5/><V68/><F68/><W133/><G133/><T55/><D62/><U87/><REACH who="1" step="1"/><E35/><REACH who="1" ten="177,352,348,113" step="2"/><V78/><F104/><W0/><G122/><T95/><D95/><U34/><E34/><V59/><F125/><W30/><G92/><T112/><D112/><U94/><E94/><V14/><F126/><W29/><G102/><T1/><D1/><U97/><E97/><AGARI ba="2,1" hai="6,11,15,47,48,55,66,67,91,93,97" m="50283" machi="97" ten="30,2900,0" yaku="19,1,52,1" doraHai="45" who="0" fromWho="1" sc="177,45,352,-35,348,0,113,0" /><INIT seed="4,3,0,1,1,101" ten="222,317,348,113" oya="0" hai0="47,77,118,37,120,67,70,129,56,14,110,43,103" hai1="97,115,10,44,85,46,106,15,131,123,117,86,92" hai2="50,98,116,36,8,2,0,65,62,79,78,19,105" hai3="124,18,108,112,88,66,121,54,22,94,68,119,48"/><T102/><D118/><U58/><E123/><V23/><F36/><W4/><G108/><T135/><D120/><U132/><E117/><V9/><F116/><W128/><G119/><T81/><D110/><U16/><E131/><V34/><F34/><W73/><G73/><T80/><D129/><U99/><E132/><V109/><F2/><W25/><G121/><T55/><D135/><U42/><E115/><V1/><F0/><W74/><G112/><T51/><D14/><U33/><E33/><V64/><F65/><W32/><G74/><T114/><D114/><U38/><E46/><V111/><F109/><W83/><G32/><T69/><D81/><U89/><E58/><V3/><F1/><W75/><G124/><T53/><D53/><U100/><AGARI ba="3,0" hai="10,15,16,38,42,44,85,86,89,92,97,99,100,106" machi="100" ten="30,4000,0" yaku="0,1,52,1,54,1" doraHai="101" who="1" fromWho="1" sc="222,-23,317,49,348,-13,113,-13" /><INIT seed="5,0,0,2,5,37" ten="199,366,335,100" oya="1" hai0="87,69,23,6,25,49,45,0,104,10,18,84,35" hai1="72,17,109,63,11,102,13,4,61,108,34,112,54" hai2="129,68,81,30,85,103,1,39,44,111,40,46,7" hai3="77,93,57,43,29,91,70,59,3,135,97,58,120"/><U88/><E72/><V22/><F68/><W42/><G70/><T65/><D104/><U119/><E34/><V83/><F111/><N who="1" m="42569" /><E119/><V90/><F103/><W21/><G3/><T60/><REACH who="0" step="1"/><D35/><REACH who="0" ten="189,366,335,100" step="2"/><U80/><E112/><V52/><F129/><W50/><G120/><T24/><D24/><U86/><E102/><V106/><F106/><W126/><G126/><T47/><D47/><U32/><E32/><V133/><F133/><W89/><G135/><T33/><D33/><U118/><E118/><V41/><F46/><W64/><G64/><T38/><D38/><U48/><E4/><V12/><F39/><W117/><G117/><T16/><D16/><U116/><E116/><V96/><F30/><W99/><G50/><T134/><D134/><U71/><E71/><V123/><F123/><W98/><G77/><T62/><D62/><U56/><AGARI ba="0,1" hai="11,13,17,48,54,56,61,63,80,86,88" m="42569" machi="56" ten="30,3000,0" yaku="10,1,54,1" doraHai="37" who="1" fromWho="1" sc="189,-10,366,40,335,-10,100,-10" /><INIT seed="5,1,0,0,3,78" ten="179,406,325,90" oya="1" hai0="30,83,62,16,80,24,121,5,10,96,135,106,92" hai1="51,52,84,64,33,54,109,99,66,26,9,112,107" hai2="85,134,32,8,65,126,60,4,36,19,0,47,100" hai3="42,97,131,72,73,111,41,39,76,48,28,110,43"/><U81/><E109/><V102/><F126/><W58/><G39/><T63/><D106/><U95/><E107/><V93/><F32/><W115/><G115/><T3/><D135/><U46/><E112/><V98/><F134/><W57/><G28/><T15/><D121/><U130/><E130/><V2/><F19/><W113/><G113/><T105/><D105/><U117/><E117/><V49/><F36/><W14/><G131/><T124/><D124/><U86/><E86/><V27/><F27/><W35/><G35/><T104/><D104/><U125/><E125/><V118/><F118/><W53/><G97/><T119/><D119/><U31/><E54/><V40/><F2/><W6/><G58/><T1/><D1/><U133/><E9/><V94/><F85/><W70/><G70/><T103/><D62/><U88/><E133/><V90/><REACH who="2" step="1"/><F94/><REACH who="2" ten="179,406,315,90" step="2"/><W22/><G111/><T68/><D3/><U11/><REACH who="1" step="1"/><E11/><REACH who="1" ten="179,396,315,90" step="2"/><V7/><F7/><W129/><G6/><T101/><D5/><U123/><E123/><V77/><F77/><AGARI ba="1,2" hai="26,31,33,46,51,52,64,66,77,81,84,88,95,99" machi="77" ten="30,18000,2" yaku="1,1,7,1,52,1,54,2,53,1" doraHai="78" doraHaiUra="75" who="1" fromWho="2" sc="179,0,396,203,315,-183,90,0" /><INIT seed="5,2,0,2,3,118" ten="179,599,132,90" oya="1" hai0="29,102,98,15,52,114,74,109,26,101,130,134,90" hai1="78,72,120,23,64,25,59,34,9,10,126,77,68" hai2="19,69,36,127,92,8,62,4,121,85,83,80,43" hai3="115,132,60,119,1,13,55,49,20,45,33,125,133"/><U21/><E68/><V88/><F121/><W12/><G1/><T108/><D74/><U135/><E34/><V24/><F127/><W54/><G33/><T91/><D130/><U63/><E126/><V129/><F129/><W89/><G125/><T124/><D114/><U6/><E135/><N who="3" m="51786" /><G119/><T41/><D124/><U75/><E75/><V67/><F36/><W81/><G115/><T71/><D71/><U35/><E35/><V18/><F43/><W76/><G89/><T37/><D37/><U39/><E39/><V66/><F67/><W95/><G95/><T111/><D134/><U38/><E38/><V50/><F50/><N who="3" m="29007" /><G60/><T32/><D41/><U47/><E47/><V2/><F24/><W42/><G20/><T97/><D52/><U48/><E48/><V7/><F7/><W56/><G42/><T86/><D86/><AGARI ba="2,0" hai="12,13,49,55,56,76,81,86" m="29007,51786" machi="86" ten="30,1000,0" yaku="20,1" doraHai="118" who="3" fromWho="0" sc="179,-16,599,0,132,0,90,16" /><INIT seed="6,0,0,0,4,124" ten="163,599,132,106" oya="2" hai0="127,111,117,63,106,68,27,108,43,6,81,14,89" hai1="131,8,15,30,32,62,0,60,45,132,49,22,105" hai2="42,51,34,44,56,115,90,28,128,35,29,103,102" hai3="52,98,47,50,75,83,93,57,69,82,100,40,66"/><V4/><F4/><W110/><G110/><T116/><D127/><U80/><E105/><V41/><F56/><W48/><REACH who="3" step="1"/><G75/><REACH who="3" ten="163,599,132,96" step="2"/><T77/><D108/><U58/><E132/><V5/><F5/><W112/><G112/><T19/><D6/><U36/><E36/><V113/><F51/><W101/><G101/><T96/><D111/><U70/><E70/><V10/><F90/><W2/><G2/><T91/><D68/><U84/><E0/><V78/><F78/><W129/><G129/><T1/><D1/><U12/><E32/><V119/><F119/><W33/><G33/><T114/><D91/><U86/><E86/><V95/><F128/><W79/><G79/><T94/><D114/><U76/><E131/><V133/><F133/><W121/><G121/><T38/><D38/><U54/><E30/><V64/><F29/><W37/><G37/><T3/><D3/><U55/><E22/><V46/><F28/><W13/><G13/><N who="1" m="5194" /><E8/><V118/><F10/><W53/><G53/><T17/><D43/><U59/><E59/><V72/><F72/><W135/><G135/><T39/><D39/><U109/><E109/><V87/><F118/><W26/><G26/><T134/><D134/><U11/><E11/><V24/><F24/><W61/><AGARI ba="0,1" hai="40,47,48,50,52,57,61,66,69,82,83,93,98,100" machi="61" ten="30,4000,0" yaku="1,1,0,1,54,1,53,0" doraHai="124" doraHaiUra="25" who="3" fromWho="3" sc="163,-10,599,-10,132,-20,96,50" /><INIT seed="7,0,0,2,0,82" ten="153,589,112,146" oya="3" hai0="85,52,9,78,133,11,128,66,28,53,4,116,29" hai1="64,1,117,19,15,26,75,126,70,69,49,42,76" hai2="13,91,39,121,95,12,6,81,87,54,43,125,114" hai3="5,93,88,62,24,34,22,127,3,104,18,108,72"/><W17/><G104/><T44/><D116/><U58/><E117/><V47/><F121/><W71/><G72/><T8/><D128/><U55/><E1/><V38/><F114/><W106/><G106/><T25/><D133/><U73/><E126/><V74/><F125/><W107/><G107/><T84/><D4/><U20/><E69/><V67/><F67/><W65/><G127/><T21/><D78/><U119/><E119/><V115/><F115/><W111/><G34/><T10/><D10/><U27/><E27/><V90/><F38/><W96/><REACH who="3" step="1"/><G17/><REACH who="3" ten="153,589,112,136" step="2"/><N who="0" m="12463" /><D66/><U113/><E113/><V35/><F35/><W134/><G134/><T103/><D103/><U94/><E19/><V2/><F74/><W79/><G79/><T32/><D32/><U80/><E76/><V129/><F129/><W23/><G23/><T83/><D83/><U123/><E80/><V48/><F6/><W97/><G97/><T101/><D101/><U99/><E75/><V30/><F30/><N who="0" m="11882" /><D53/><U0/><E73/><V60/><F2/><W98/><G98/><T92/><D92/><U31/><E0/><V89/><F95/><W100/><G100/><T105/><D105/><U33/><E64/><V102/><F102/><W16/><G16/><T37/><D37/><U51/><E33/><V61/><F39/><W56/><G56/><T109/><D109/><U86/><E58/><V68/><F68/><W112/><G112/><T50/><AGARI ba="0,1" hai="8,9,11,44,50,52,84,85" m="11882,12463" machi="50" ten="30,7900,0" yaku="8,1,52,2,54,1" doraHai="82" who="0" fromWho="0" sc="153,89,589,-20,112,-20,136,-39" owari="242,4.0,569,67.0,92,-41.0,97,-30.0" /></mjloggm>