<mjloggm ver="2.3"><GO type="97" lobby="0"/><UN n0="%E5%B0%B1%E6%B4%BB%E7%94%9F%40%E5%B7%9D%E6%9D%91%E8%BB%8D%E5%9B%A3" n1="%72%75%70%70%69%6E%61" n2="%6E%65%77%6C%69%66%65" n3="%62%6F%6B%61%61%61%61%61" dan="15,13,15,14" rate="2016.71,1854.59,1944.04,1922.21" sx="M,M,M,M"/><TAIKYOKU oya="0"/><INIT seed="0,0,0,3,2,26" ten="250,250,250,250" oya="0" hai0="6,31,93,37,89,101,61,4,10,3,36,134,66" hai1="25,19,106,5,79,8,111,30,34,95,103,60,73" hai2="94,17,64,107,67,7,12,35,117,118,55,130,84" hai3="65,114,92,28,50,48,110,104,133,53,41,69,29"/><T46/><D134/><U13/><E106/><V85/><F107/><W82/><G104/><T9/><D101/><U43/><E111/><V112/><F112/><W27/><G114/><T47/><D31/><U119/><E119/><N who="2" m="45579" /><F35/><W20/><G110/><T121/><D121/><U125/><E125/><V14/><F130/><W132/><G69/><T38/><D93/><U128/><E43/><V18/><F55/><W135/><G65/><N who="2" m="25161" /><F7/><W71/><G71/><T72/><D89/><U76/><E128/><V57/><F57/><N who="3" m="32935" /><G92/><T127/><D127/><U42/><E42/><V58/><F58/><W100/><G100/><T33/><D33/><U70/><E73/><V21/><F94/><W115/><G82/><T98/><D98/><U116/><E116/><V96/><F96/><W32/><G115/><T56/><REACH who="0" step="1"/><D72/><REACH who="0" ten="240,250,250,250" step="2"/><U78/><E79/><V131/><F131/><W80/><G80/><T16/><D16/><U22/><E78/><V102/><F102/><W105/><G105/><T1/><AGARI ba="0,1" hai="1,3,4,6,9,10,36,37,38,46,47,56,61,66" machi="1" ten="30,12000,1" yaku="1,1,0,1,9,1,53,2" doraHai="26" doraHaiUra="2" who="0" fromWho="0" sc="240,130,250,-40,250,-40,250,-40" /><INIT seed="0,1,0,5,0,80" ten="370,210,210,210" oya="0" hai0="69,16,55,129,134,127,131,101,39,32,46,25,53" hai1="24,65,42,105,19,23,100,60,112,27,124,117,97" hai2="22,9,89,120,114,81,54,107,106,108,49,38,77" hai3="75,82,73,67,87,7,48,11,72,3,104,84,1"/><T88/><D69/><U126/><E117/><V6/><F114/><W0/><G104/><T103/><D32/><U56/><E42/><V116/><F120/><W12/><G67/><T14/><D25/><U85/><E112/><V111/><F38/><W29/><G29/><T30/><D30/><U91/><REACH who="1" step="1"/><E27/><REACH who="1" ten="370,200,210,210" step="2"/><V90/><F116/><W74/><N who="3" m="18944" /><DORA hai="33" /><W4/><G82/><AGARI ba="1,1" hai="19,23,24,56,60,65,82,85,91,97,100,105,124,126" machi="82" ten="40,5200,0" yaku="1,1,52,1,53,1" doraHai="80,33" doraHaiUra="83,34" who="1" fromWho="3" sc="370,0,200,65,210,0,210,-55" /><INIT seed="1,0,0,1,5,133" ten="370,265,210,155" oya="1" hai0="16,105,127,72,64,104,49,117,1,32,94,53,28" hai1="9,103,109,37,13,134,15,116,128,84,22,62,29" hai2="60,113,86,129,43,52,90,70,2,74,98,135,131" hai3="125,89,96,10,66,107,69,44,92,114,95,85,48"/><U20/><E116/><V33/><F33/><W122/><G114/><T68/><D127/><U118/><E37/><V34/><F34/><W35/><G122/><T40/><D72/><U63/><E118/><V26/><F135/><W76/><G10/><T4/><D4/><U19/><E134/><V120/><F120/><W58/><G35/><T108/><D1/><U5/><E109/><V102/><F74/><W112/><G112/><T61/><D40/><U67/><E128/><N who="2" m="49227" /><F113/><W101/><G69/><T65/><D65/><U38/><E38/><V3/><F43/><W71/><G71/><T51/><D51/><U55/><E55/><V130/><F26/><W6/><G6/><T21/><D108/><U47/><E47/><V23/><F23/><W88/><G58/><T42/><D42/><U106/><E67/><N who="2" m="41319" /><F52/><W80/><G66/><T99/><D28/><U91/><E103/><V36/><F36/><W45/><G125/><T50/><D32/><U77/><E106/><N who="2" m="63831" /><F130/><W121/><G121/><T111/><D111/><U119/><E77/><V7/><F7/><W0/><G0/><T18/><D18/><U110/><E119/><V97/><F97/><W78/><G48/><T11/><D11/><U56/><E110/><V14/><F14/><W12/><G12/><T126/><D50/><U39/><E39/><V132/><F132/><W115/><G115/><T31/><D117/><U81/><E56/><V30/><F30/><W87/><REACH who="3" step="1"/><G78/><REACH who="3" ten="370,265,210,145" step="2"/><T79/><D79/><U59/><E59/><V100/><F2/><W8/><G8/><T57/><D68/><U25/><AGARI ba="0,1" hai="5,9,13,15,19,20,22,25,29,62,63,81,84,91" machi="25" ten="30,6000,0" yaku="5,1,0,1,8,1" doraHai="133" who="1" fromWho="1" sc="370,-20,265,70,210,-20,145,-20" /><INIT seed="1,1,0,4,0,1" ten="350,335,190,125" oya="1" hai0="30,87,67,34,39,51,127,104,36,108,29,107,133" hai1="101,99,79,45,97,52,31,44,71,68,110,14,4" hai2="54,40,81,16,60,116,43,6,83,26,119,120,93" hai3="15,66,42,20,17,75,74,3,65,96,70,61,123"/><U128/><E128/><V126/><F126/><W0/><G123/><T135/><D127/><U62/><E31/><N who="0" m="11785" /><D34/><U98/><E79/><V109/><F109/><W106/><G42/><N who="2" m="15913" /><F120/><W18/><G66/><T48/><D67/><U118/><E118/><V77/><F77/><W12/><G12/><T50/><D87/><U89/><E110/><V92/><F6/><W100/><G100/><T72/><D72/><U105/><E89/><V112/><F112/><W21/><G106/><N who="0" m="40491" /><D108/><U24/><E24/><V78/><F78/><W131/><G96/><T95/><D95/><N who="2" m="36426" /><F119/><W103/><G131/><T102/><D102/><U5/><E98/><V19/><F116/><W8/><G103/><T23/><D23/><U76/><E99/><V56/><F26/><W124/><G124/><T10/><D10/><U90/><E76/><V113/><F113/><W114/><G114/><T55/><D55/><U41/><E90/><V91/><F91/><W63/><G63/><T7/><D7/><U121/><E5/><V85/><F85/><W11/><G74/><T64/><D64/><U22/><E121/><V130/><F130/><W37/><G75/><T46/><D46/><U32/><E4/><V129/><F129/><W58/><G37/><AGARI ba="1,0" hai="36,37,39,48,50,51,133,135" m="40491,11785" machi="37" ten="40,2600,0" yaku="28,2" doraHai="1" who="0" fromWho="3" sc="350,29,335,0,190,0,125,-29" /><INIT seed="2,0,0,2,5,132" ten="379,335,190,96" oya="2" hai0="40,23,78,42,57,2,89,67,17,79,104,120,73" hai1="60,56,81,47,68,25,59,102,88,125,75,129,18" hai2="76,70,117,36,45,115,11,97,92,130,30,49,52" hai3="22,55,34,10,16,31,84,21,69,93,13,121,0"/><V39/><F117/><W20/><G69/><T19/><D2/><U135/><E135/><V53/><F115/><W124/><G55/><T127/><D104/><U96/><E129/><V100/><F130/><W99/><G121/><T98/><D127/><U103/><E125/><V41/><F70/><W5/><G124/><T24/><D120/><U106/><E103/><V110/><F110/><W27/><REACH who="3" step="1"/><G84/><REACH who="3" ten="379,335,190,86" step="2"/><T116/><D116/><U113/><E68/><V58/><F53/><W63/><G63/><N who="0" m="38383" /><D73/><U35/><E75/><V65/><F65/><W87/><G87/><T90/><D42/><U9/><E60/><N who="2" m="35911" /><F39/><W43/><G43/><T71/><D71/><U48/><E113/><V91/><F36/><W61/><G61/><T107/><D40/><U66/><E66/><V95/><F41/><W86/><G86/><T12/><D98/><U83/><E96/><V131/><F131/><W123/><G123/><T50/><D50/><U126/><E48/><V33/><F49/><W62/><G62/><T28/><D79/><U128/><E126/><V15/><F76/><W8/><G8/><T3/><D78/><U1/><E128/><V6/><F45/><W109/><G109/><T32/><D32/><U37/><E47/><V77/><F77/><W26/><G26/><T133/><D24/><U14/><E25/><N who="2" m="18639" /><F100/><AGARI ba="0,1" hai="0,5,10,13,16,20,21,22,27,31,34,93,99,100" machi="100" ten="30,8000,1" yaku="1,1,7,1,24,2,54,1,53,0" doraHai="132" doraHaiUra="105" who="3" fromWho="2" sc="379,0,335,0,190,-80,86,90" /><INIT seed="3,0,0,1,1,84" ten="379,335,110,176" oya="3" hai0="74,14,86,128,133,66,64,4,106,19,60,70,130" hai1="28,43,77,35,37,9,72,105,91,126,2,16,65" hai2="122,49,26,29,89,36,57,118,78,111,121,113,46" hai3="103,32,92,11,0,82,12,62,75,38,50,51,55"/><W120/><G38/><T52/><D74/><U8/><E105/><V123/><F78/><W71/><G32/><T76/><D106/><U73/><E126/><V20/><F118/><W102/><G120/><T45/><D4/><U15/><E65/><V97/><F113/><W95/><G0/><T127/><D127/><U124/><E124/><V115/><F115/><W79/><G71/><T112/><D133/><U68/><E68/><V131/><F131/><N who="0" m="50218" /><D112/><U63/><E63/><V31/><F111/><W25/><G25/><T109/><D109/><U99/><E35/><V47/><F31/><W10/><G62/><T24/><D24/><U101/><E28/><V96/><F96/><W18/><G11/><N who="0" m="6623" /><D66/><U110/><E101/><V87/><F97/><W119/><G119/><T3/><D3/><U104/><E104/><V129/><F36/><W98/><REACH who="3" step="1"/><G55/><REACH who="3" ten="379,335,110,166" step="2"/><T85/><D76/><U40/><E77/><V13/><F13/><W61/><G61/><T88/><D60/><U33/><E110/><V27/><F27/><W93/><G93/><T108/><D52/><U90/><E33/><V1/><F1/><W44/><G44/><T67/><D45/><U58/><E2/><V125/><F125/><W34/><G34/><T17/><D70/><U134/><E40/><V114/><F114/><W48/><G48/><T135/><D108/><U132/><E43/><V69/><F69/><W117/><G117/><T116/><D116/><U80/><E37/><V100/><F129/><W41/><G41/><T56/><D64/><U107/><E107/><V81/><F100/><W21/><G21/><RYUUKYOKU ba="0,1" sc="379,-15,335,-15,110,15,166,15" hai2="20,26,29,46,47,49,57,81,87,89,121,122,123" hai3="10,12,18,50,51,75,79,82,92,95,98,102,103" /><INIT seed="3,1,1,0,4,75" ten="364,320,125,181" oya="3" hai0="23,48,9,72,134,37,42,127,14,2,58,45,61" hai1="107,6,79,39,44,135,90,74,13,114,126,0,4" hai2="96,101,115,20,123,29,84,21,49,87,63,125,66" hai3="22,104,119,95,55,52,76,121,33,56,129,10,89"/><W118/><G121/><T97/><D2/><U70/><E70/><V117/><F117/><W111/><G111/><T69/><D72/><U78/><E114/><V59/><F115/><W1/><G129/><T27/><D127/><U24/><E107/><V113/><F113/><W32/><G104/><T103/><D134/><U11/><E135/><V26/><F125/><W67/><G118/><T109/><D69/><U50/><E126/><V68/><F123/><W86/><G119/><T3/><D3/><U131/><E24/><V77/><F68/><W91/><G76/><T81/><D81/><U53/><E131/><V106/><F49/><W41/><G41/><T80/><D80/><U5/><E74/><V36/><F36/><W15/><G67/><T40/><D37/><U12/><E39/><V38/><F38/><W64/><G64/><N who="0" m="38967" /><D109/><U25/><E25/><V62/><F62/><W116/><G116/><T120/><D120/><U100/><E100/><V51/><F51/><W35/><G35/><T92/><D42/><U7/><REACH who="1" step="1"/><E90/><REACH who="1" ten="364,310,125,181" step="2"/><V128/><F128/><W30/><G89/><T19/><D27/><U8/><E8/><AGARI ba="1,2" hai="8,9,14,19,23,40,45,48,92,97,103" m="38967" machi="8" ten="30,1000,0" yaku="8,1" doraHai="75" who="0" fromWho="1" sc="364,33,310,-13,125,0,181,0" owari="397,49.0,297,10.0,125,-37.0,181,-22.0" /></mjloggm>