<mjloggm ver="2.3"><GO type="41" lobby="0"/><UN n0="%45%6C%74%6E%61%6D" n1="%E3%82%A8%E3%82%A4%E3%83%92%E3%83%AC" n2="%E5%B0%B1%E6%B4%BB%E7%94%9F%40%E5%B7%9D%E6%9D%91%E8%BB%8D%E5%9B%A3" n3="%59%41%53%55%59%4F%44%4F" dan="14,16,15,14" rate="1889.54,2071.38,1983.03,2066.89" sx="M,M,M,M"/><TAIKYOKU oya="0"/><INIT seed="0,0,0,4,2,135" ten="250,250,250,250" oya="0" hai0="94,65,7,69,85,106,18,9,20,116,134,66,129" hai1="43,109,40,63,108,84,32,111,61,35,52,23,104" hai2="48,39,120,126,72,82,71,11,90,58,45,87,115" hai3="78,26,53,46,1,8,102,80,31,17,51,59,29"/><T47/><D106/><U91/><E104/><V74/><F71/><W60/><G1/><T76/><D116/><U14/><E61/><V127/><F120/><W125/><G102/><T30/><D30/><U5/><E35/><V114/><F39/><W55/><G8/><T96/><D134/><U64/><E32/><V132/><F132/><W27/><G17/><T118/><D69/><U44/><E64/><V79/><F58/><W34/><G125/><N who="2" m="47625" /><F11/><W110/><G110/><T75/><D47/><U10/><E23/><V131/><F131/><W16/><G16/><T68/><D20/><U57/><REACH who="1" step="1"/><E44/><REACH who="1" ten="250,240,250,250" step="2"/><V89/><F74/><W50/><G34/><T54/><D75/><U88/><E88/><N who="2" m="33899" /><F72/><W117/><G46/><T73/><D73/><U133/><E133/><V112/><F112/><W122/><G59/><T28/><D68/><U62/><E62/><V6/><F6/><W2/><G60/><T98/><D7/><U15/><E15/><V4/><F4/><W99/><G27/><T103/><D129/><U70/><E70/><V3/><F3/><W128/><G2/><T12/><D12/><U121/><E121/><V124/><N who="2" m="47633" /><V13/><DORA hai="24" /><F13/><W95/><G26/><T38/><D65/><U49/><E49/><V93/><F93/><AGARI ba="0,1" hai="5,10,14,40,43,52,57,63,84,91,93,108,109,111" machi="93" ten="40,8000,1" yaku="1,1,14,1,54,1,53,2" doraHai="135,24" doraHaiUra="97,37" who="1" fromWho="2" sc="250,0,240,90,250,-80,250,0" /><INIT seed="1,0,0,1,2,88" ten="250,330,170,250" oya="1" hai0="11,24,54,80,115,103,44,135,79,0,111,91,23" hai1="71,48,102,104,68,56,38,117,14,62,49,128,9" hai2="81,87,67,96,125,118,95,129,82,108,15,27,78" hai3="32,92,105,110,18,83,19,109,29,55,74,13,66"/><U12/><E38/><V30/><F118/><W113/><G105/><T35/><D115/><U93/><E117/><V51/><F108/><W37/><G37/><T57/><D111/><U133/><E104/><V134/><F125/><W22/><G113/><T106/><D35/><U122/><E122/><V45/><F129/><W53/><G66/><T76/><D44/><U17/><E128/><V124/><F124/><W2/><G2/><T64/><D64/><U52/><E133/><V120/><F134/><W33/><G29/><T50/><D135/><U46/><E12/><V4/><F120/><W98/><G110/><T21/><D106/><U7/><E7/><V26/><F82/><W90/><G109/><T70/><D103/><U47/><E47/><V85/><F85/><W84/><G74/><T121/><D70/><U8/><E8/><V40/><F67/><W69/><G69/><T36/><D36/><U16/><E17/><V41/><F41/><W89/><G19/><T132/><D132/><U123/><E123/><V10/><F30/><W42/><G42/><T72/><D79/><U43/><REACH who="1" step="1"/><E49/><REACH who="1" ten="250,320,170,250" step="2"/><V77/><F77/><W86/><G18/><N who="0" m="12343" /><D121/><U31/><E31/><V94/><REACH who="2" step="1"/><F94/><REACH who="2" ten="250,320,160,250" step="2"/><W25/><G92/><T34/><D76/><U131/><E131/><V107/><F107/><W6/><G83/><T58/><D80/><U116/><E116/><V28/><F28/><W100/><G32/><T61/><D34/><U39/><E39/><V101/><AGARI ba="0,2" hai="4,10,15,26,27,40,45,51,78,81,87,95,96,101" machi="101" ten="20,12000,2" yaku="1,1,0,1,7,1,25,2,8,1,52,1,53,0" doraHai="88" doraHaiUra="114" who="2" fromWho="2" sc="250,-30,320,-60,160,140,250,-30" /><INIT seed="2,0,0,3,4,40" ten="220,260,300,220" oya="2" hai0="90,18,73,25,107,32,76,132,115,64,81,19,94" hai1="105,68,114,117,102,39,110,14,50,67,75,21,80" hai2="5,72,88,7,4,84,11,122,61,8,58,46,38" hai3="121,35,124,49,74,30,89,62,51,57,6,66,128"/><V3/><F72/><W15/><G74/><T22/><D115/><U24/><E117/><V77/><F122/><W9/><G121/><T95/><D107/><U20/><E39/><V97/><F77/><W37/><G37/><T96/><D32/><U41/><E114/><V129/><F129/><W33/><G128/><T28/><D132/><U47/><E110/><V12/><F97/><W101/><G101/><T133/><D133/><U69/><E67/><V83/><F38/><W55/><G124/><T63/><REACH who="0" step="1"/><D95/><REACH who="0" ten="210,260,300,220" step="2"/><U54/><E105/><V93/><F93/><W131/><G33/><T119/><D119/><U85/><E102/><V48/><F3/><W13/><G131/><T112/><D112/><U135/><E135/><V16/><F11/><W125/><G9/><T113/><D113/><U103/><E103/><V118/><F118/><W86/><G35/><T79/><D79/><U31/><E20/><V10/><F10/><W70/><G125/><T60/><D60/><U26/><E21/><V126/><F126/><W0/><G62/><T87/><D87/><U108/><E75/><V100/><F100/><W23/><G86/><T17/><D17/><U36/><E108/><V27/><F27/><W116/><G116/><T92/><D92/><U123/><E123/><V106/><F106/><W98/><G23/><T29/><D29/><U45/><E31/><V59/><REACH who="2" step="1"/><F61/><REACH who="2" ten="210,260,290,220" step="2"/><W71/><G0/><T65/><D65/><U120/><E120/><V99/><F99/><W2/><G98/><T43/><D43/><AGARI ba="0,2" hai="4,5,7,8,12,16,43,46,48,58,59,83,84,88" machi="43" ten="40,18000,2" yaku="1,1,8,1,52,1,54,2,53,1" doraHai="40" doraHaiUra="78" who="2" fromWho="0" sc="210,-180,260,0,290,200,220,0" /><INIT seed="2,1,0,4,2,56" ten="30,260,490,220" oya="2" hai0="30,135,101,69,66,70,92,55,47,42,76,2,81" hai1="43,75,15,98,53,4,67,24,54,116,102,48,95" hai2="18,87,39,25,40,31,45,1,10,62,80,22,0" hai3="12,84,121,50,65,93,9,57,41,94,89,120,82"/><V115/><F115/><W32/><G32/><T86/><D2/><U8/><E75/><V7/><F62/><N who="3" m="38095" /><G121/><T74/><D135/><U49/><E116/><V78/><F31/><W133/><G133/><T99/><D30/><U11/><E67/><V109/><F109/><W63/><G63/><T112/><D112/><U73/><E73/><V108/><F108/><W28/><G28/><T111/><D111/><U107/><E24/><V118/><F118/><W105/><G105/><T33/><D33/><U85/><E43/><V37/><F37/><W130/><G120/><T26/><D26/><U90/><E54/><V129/><F129/><W60/><G60/><T5/><D5/><U114/><E114/><V46/><F46/><N who="3" m="25935" /><G130/><T16/><D55/><U38/><E38/><V100/><F100/><W17/><AGARI ba="1,0" hai="9,12,17,82,84,89,93,94" m="25935,38095" machi="17" ten="30,2000,0" yaku="8,1,52,1" doraHai="56" who="3" fromWho="3" sc="30,-6,260,-6,490,-11,220,23" /><INIT seed="3,0,0,0,1,88" ten="24,254,479,243" oya="3" hai0="131,66,26,34,50,135,56,54,93,127,21,47,106" hai1="68,42,70,124,112,11,95,121,7,25,98,55,3" hai2="107,1,94,83,45,99,2,58,5,14,113,103,28" hai3="130,38,19,104,114,87,92,109,80,36,115,101,84"/><W129/><G19/><T15/><D106/><U75/><E112/><N who="3" m="43050" /><G36/><T73/><D73/><U105/><E121/><V39/><F113/><W111/><G38/><T69/><D127/><U86/><E124/><V132/><F132/><W96/><G104/><T24/><D131/><N who="3" m="50185" /><G84/><T44/><D135/><U6/><E75/><V65/><F39/><W118/><G118/><T59/><D34/><U100/><E42/><V134/><F28/><W9/><G9/><T23/><D69/><U16/><E6/><V4/><F107/><W78/><AGARI ba="0,0" hai="78,80,87,92,96,101,109,111" m="50185,43050" machi="78" ten="40,12000,1" yaku="19,1,34,2,52,1" doraHai="88" who="3" fromWho="3" sc="24,-40,254,-40,479,-40,243,120" owari="-16,-52.0,214,-19.0,439,55.0,363,16.0" /></mjloggm>