<mjloggm ver="2.3"><GO type="41" lobby="0"/><UN n0="%E5%BF%83%E5%A4%AA%E3%81%86%E3%81%BE%E3%81%84%E3%81%99%E3%81%9F%E3%81%81" n1="%E3%83%88%E3%83%88%E3%83%AA%E5%85%88%E7%94%9F%31%39%E6%AD%B3" n2="%E3%82%BC%E3%83%83%E3%83%88%E3%83%B3%37%31%32" n3="%EF%BC%98%EF%BC%99%EF%BC%91%EF%BC%90" dan="15,14,13,15" rate="1983.14,2025.82,1972.21,1959.87" sx="M,F,M,M"/><TAIKYOKU oya="0"/><INIT seed="0,0,0,4,3,10" ten="250,250,250,250" oya="0" hai0="103,118,134,97,76,98,89,1,21,15,20,104,121" hai1="115,102,40,70,34,108,109,125,28,3,67,35,8" hai2="133,17,56,61,29,94,30,111,33,4,43,100,128" hai3="95,85,36,114,47,116,66,123,106,31,18,86,124"/><T49/><D1/><U84/><E125/><V71/><F133/><W68/><G106/><T65/><D118/><U2/><E115/><V27/><F128/><W105/><G86/><T119/><D119/><U50/><E102/><V91/><F100/><W69/><G85/><T81/><D121/><U72/><E72/><V9/><F71/><W80/><G95/><T62/><D134/><U82/><E67/><V117/><F117/><W63/><G80/><T99/><D49/><U23/><E70/><V42/><F111/><N who="1" m="42569" /><E23/><V51/><F51/><W107/><G66/><T126/><D126/><U64/><E64/><V54/><F29/><W22/><G31/><T41/><D41/><U73/><E73/><V25/><F25/><N who="3" m="14551" /><G124/><T16/><D89/><U60/><E28/><V130/><F130/><W131/><G131/><T83/><D21/><U75/><E75/><V57/><F56/><W77/><G77/><T12/><D104/><U127/><E127/><V6/><F43/><W46/><G116/><T19/><D103/><U120/><E120/><V135/><F42/><W129/><G129/><T45/><D76/><U26/><E35/><V79/><F79/><W92/><G123/><T78/><D78/><U93/><E34/><V113/><F135/><W55/><G114/><T101/><D101/><U90/><E40/><V52/><F113/><W112/><G112/><T44/><D83/><U132/><E82/><V58/><F57/><N who="3" m="35263" /><G36/><T59/><D81/><U87/><E132/><V122/><F122/><W38/><G38/><T14/><D20/><U37/><E37/><V74/><F74/><RYUUKYOKU ba="0,0" sc="250,30,250,-10,250,-10,250,-10" hai0="12,14,15,16,19,44,45,59,62,65,97,98,99" /><INIT seed="0,1,0,0,2,132" ten="280,240,240,240" oya="0" hai0="58,108,130,12,104,28,55,56,64,71,0,32,36" hai1="29,51,96,113,33,25,21,78,68,45,103,106,66" hai2="1,49,123,77,117,38,124,131,105,3,134,16,95" hai3="112,127,107,39,118,41,9,82,81,5,129,44,62"/><T34/><D0/><U60/><E113/><V102/><F123/><W14/><G118/><T92/><D104/><U65/><E65/><V15/><F134/><W48/><G112/><T67/><D36/><U10/><E21/><V83/><F117/><W109/><G107/><T43/><D43/><U50/><E45/><V91/><F131/><W121/><G121/><T94/><D28/><U84/><REACH who="1" step="1"/><E10/><REACH who="1" ten="280,230,240,240" step="2"/><V135/><F135/><W80/><G9/><T7/><D64/><U59/><E59/><V46/><F38/><W4/><G44/><T61/><D67/><U85/><E85/><V111/><F46/><W13/><G39/><T30/><D58/><U86/><E86/><V35/><F35/><W23/><G23/><T22/><D34/><U19/><E19/><V119/><F16/><W99/><G129/><T115/><D32/><U31/><E31/><V93/><F119/><W8/><G8/><T11/><D130/><U89/><E89/><V101/><F91/><W79/><G4/><T24/><D115/><U69/><E69/><V42/><F77/><W63/><G5/><T17/><D71/><U57/><E57/><V70/><F70/><W90/><G90/><T53/><D7/><U120/><E120/><V20/><F20/><W116/><G79/><T6/><D6/><U40/><E40/><V27/><F42/><W2/><G41/><T54/><D56/><U26/><E26/><V74/><F27/><W110/><G116/><T75/><D61/><U128/><E128/><V133/><F133/><W88/><G63/><T98/><D30/><U100/><E100/><RYUUKYOKU ba="1,1" sc="280,-10,230,30,240,-10,240,-10" hai1="25,29,33,50,51,60,66,68,78,84,96,103,106" /><INIT seed="1,2,1,0,5,33" ten="270,260,230,230" oya="1" hai0="66,5,16,77,119,63,94,86,15,82,49,30,64" hai1="113,9,1,74,36,19,57,46,43,42,100,123,12" hai2="104,39,117,99,0,18,87,20,17,125,72,105,4" hai3="68,53,29,89,81,118,32,27,115,13,120,75,51"/><U47/><E113/><V60/><F125/><W102/><G115/><T69/><D119/><U25/><E123/><V44/><F117/><W132/><G68/><T14/><D30/><U28/><E74/><V7/><F72/><W26/><G120/><T40/><D66/><U23/><E100/><V96/><F60/><W45/><G118/><T21/><D94/><U124/><E124/><V110/><F110/><W2/><G2/><T130/><D130/><U67/><E67/><V56/><F56/><W78/><G132/><T24/><D5/><U103/><E103/><V31/><F31/><W50/><G102/><T61/><REACH who="0" step="1"/><D63/><REACH who="0" ten="260,260,230,230" step="2"/><U131/><E131/><V80/><F7/><W108/><G29/><T70/><D70/><U111/><E111/><V133/><F4/><W97/><G108/><T11/><D11/><U3/><REACH who="1" step="1"/><E57/><REACH who="1" ten="260,250,230,230" step="2"/><V129/><F129/><W92/><G32/><T84/><D84/><U106/><E106/><V112/><F87/><W37/><G75/><T90/><D90/><U52/><E52/><V58/><F104/><W109/><G53/><T114/><D114/><U91/><E91/><V65/><F105/><W10/><G89/><T135/><D135/><U76/><E76/><V85/><F133/><W59/><G78/><T55/><D55/><U71/><E71/><V6/><F112/><W134/><G59/><T41/><D41/><U38/><AGARI ba="2,3" hai="1,3,9,12,19,23,25,28,36,38,42,43,46,47" machi="38" ten="20,18000,2" yaku="1,1,0,1,7,1,9,1,52,2,53,0" doraHai="33" doraHaiUra="93" who="1" fromWho="1" sc="260,-62,250,216,230,-62,230,-62" /><INIT seed="1,3,0,0,0,88" ten="198,466,168,168" oya="1" hai0="14,112,60,65,6,105,5,55,0,54,92,64,115" hai1="21,121,15,118,47,40,111,27,135,41,119,29,18" hai2="106,87,85,43,116,104,81,133,45,110,10,39,57" hai3="66,109,61,96,59,17,52,28,77,19,42,68,89"/><U73/><E121/><V49/><F116/><W38/><G109/><T97/><D105/><U32/><E73/><V124/><F110/><W103/><G28/><T53/><D0/><U102/><E111/><V134/><F124/><W3/><G3/><T51/><D115/><U86/><E135/><N who="2" m="51723" /><F10/><W67/><G89/><N who="0" m="55439" /><D112/><U129/><E129/><V123/><F123/><W80/><G42/><T99/><D60/><U130/><E130/><V107/><F81/><W101/><G38/><T48/><D99/><U62/><E41/><V30/><F30/><W24/><G103/><T26/><D26/><U13/><E102/><V126/><F126/><W35/><G35/><T23/><D6/><U120/><E120/><V69/><F69/><W93/><G24/><T114/><D114/><U128/><E128/><V100/><F100/><W8/><G8/><N who="0" m="4367" /><D23/><U90/><E13/><V20/><F20/><W33/><G33/><T95/><D95/><U78/><E62/><V91/><F91/><W11/><G11/><T56/><D56/><U4/><E78/><V108/><F108/><W12/><G12/><T84/><D84/><N who="2" m="32330" /><F57/><W98/><G68/><T117/><D117/><U22/><E4/><V44/><F107/><W16/><REACH who="3" step="1"/><G98/><REACH who="3" ten="198,466,168,158" step="2"/><T72/><D72/><AGARI ba="3,1" hai="16,17,19,52,59,61,66,67,72,77,80,93,96,101" machi="72" ten="40,8000,1" yaku="1,1,2,1,52,1,54,2,53,0" doraHai="88" doraHaiUra="131" who="3" fromWho="0" sc="198,-89,466,0,168,0,158,99" /><INIT seed="2,0,0,1,0,7" ten="109,466,168,257" oya="2" hai0="79,68,76,1,94,52,83,24,93,106,60,36,17" hai1="10,115,66,108,74,46,59,112,100,71,62,63,119" hai2="18,50,122,97,73,120,12,23,116,9,5,29,109" hai3="75,78,69,99,51,3,125,11,88,2,33,133,90"/><V111/><F73/><W98/><G69/><T70/><D106/><U95/><E119/><V35/><F116/><W104/><G33/><T26/><D36/><U130/><E74/><V110/><F97/><N who="3" m="36875" /><G11/><T127/><D1/><U43/><E95/><V96/><F96/><W16/><G16/><T103/><D103/><U86/><E100/><V72/><F50/><W54/><G54/><T47/><D83/><U15/><E86/><V64/><F64/><W135/><G51/><T84/><D84/><U45/><E108/><V131/><F72/><W44/><G44/><T21/><D127/><U30/><E130/><V34/><F131/><W14/><G14/><T91/><D91/><N who="3" m="34857" /><G104/><T4/><D4/><U114/><E30/><V117/><F117/><W20/><G20/><N who="0" m="13327" /><D68/><U31/><E31/><V81/><F81/><N who="3" m="45279" /><G125/><T57/><D47/><U89/><E45/><V39/><F39/><W37/><G37/><T80/><D70/><U77/><E46/><V121/><REACH who="2" step="1"/><F29/><REACH who="2" ten="109,466,158,257" step="2"/><W92/><G92/><N who="0" m="35435" /><D80/><U82/><E62/><V19/><F19/><AGARI ba="0,1" hai="19,21,26,52,57,60,76,79" m="35435,13327" machi="19" ten="30,2000,0" yaku="8,1,54,1" doraHai="7" who="0" fromWho="2" sc="109,30,466,0,158,-20,257,0" /><INIT seed="3,0,0,0,3,37" ten="139,466,138,257" oya="3" hai0="18,52,53,91,82,86,48,29,62,4,100,34,104" hai1="77,5,20,117,0,7,27,135,115,16,26,17,59" hai2="65,22,13,21,75,88,70,95,80,120,81,67,33" hai3="126,55,129,64,2,66,19,24,71,57,134,47,35"/><W38/><G2/><T15/><D4/><U40/><E115/><V49/><F120/><W30/><G126/><T23/><D62/><U125/><E125/><V133/><F33/><W116/><G116/><T119/><D119/><U61/><E135/><V73/><F133/><W12/><G134/><T114/><D114/><U83/><E117/><V127/><F127/><W43/><G129/><T92/><D104/><U99/><E0/><V108/><F108/><W96/><G96/><T111/><D111/><U10/><E40/><V76/><F49/><W74/><G74/><T103/><D34/><U60/><E60/><V113/><F113/><W107/><G71/><T25/><D92/><U56/><E56/><V31/><F31/><W128/><G107/><T110/><D110/><U84/><E99/><V41/><F76/><W121/><G121/><T14/><D53/><U39/><E39/><V132/><F132/><W94/><G94/><T130/><D130/><U36/><E36/><V112/><F112/><W90/><G90/><T63/><D63/><U131/><E131/><V105/><F105/><W85/><G128/><T97/><D97/><U45/><E45/><V50/><F70/><W79/><G57/><N who="0" m="32903" /><D29/><U1/><E5/><V106/><F106/><W54/><G66/><T11/><D11/><U8/><E8/><V122/><F67/><W28/><G64/><T69/><D69/><U118/><E118/><V3/><F65/><W44/><G30/><T72/><D72/><U102/><E1/><V123/><F3/><W9/><G44/><T46/><D46/><U89/><E59/><RYUUKYOKU ba="0,0" sc="139,15,466,-15,138,-15,257,15" hai0="14,15,18,23,25,82,86,91,100,103" hai3="9,12,19,24,28,35,38,43,47,54,55,79,85" /><INIT seed="3,1,0,4,5,45" ten="154,451,123,272" oya="3" hai0="131,5,15,127,115,67,47,33,74,108,46,122,59" hai1="44,95,69,85,101,109,99,120,97,52,105,100,78" hai2="129,31,107,76,110,50,91,56,92,96,125,12,26" hai3="28,55,72,13,48,64,71,61,116,30,66,58,84"/><W77/><G72/><T9/><D122/><U0/><E120/><V132/><F125/><W54/><G116/><T63/><D33/><U102/><E0/><V98/><F132/><W126/><G126/><T34/><D34/><U19/><E69/><V128/><F110/><W10/><G66/><T62/><D108/><U35/><E35/><V21/><F76/><W25/><G55/><T18/><D74/><U130/><E109/><V81/><F81/><N who="3" m="47151" /><G71/><T36/><D36/><U106/><E130/><N who="2" m="50283" /><F12/><W17/><G25/><T68/><D115/><U22/><E101/><V89/><F107/><W87/><G87/><T65/><D127/><U134/><E134/><V11/><F11/><W82/><G82/><T39/><D39/><U119/><E119/><V104/><F104/><W113/><G113/><T135/><D135/><U112/><E112/><V93/><F56/><W43/><G64/><T121/><D121/><U7/><E78/><V80/><F80/><W49/><G43/><T60/><D131/><U53/><E44/><V83/><F83/><W2/><G2/><T14/><D63/><U118/><E118/><V38/><F38/><W123/><G123/><T3/><D3/><U6/><E85/><V51/><AGARI ba="1,0" hai="21,26,31,50,51,89,91,92,93,96,98" m="50283" machi="51" ten="30,4000,0" yaku="19,1,52,2" doraHai="45" who="2" fromWho="2" sc="154,-11,451,-11,123,43,272,-21" /><INIT seed="4,0,0,1,5,115" ten="143,440,166,251" oya="0" hai0="55,57,31,42,62,91,90,25,16,14,108,20,123" hai1="81,33,105,43,132,113,114,133,51,0,77,67,44" hai2="106,40,47,66,41,109,75,117,24,83,134,28,18" hai3="78,107,50,126,80,94,112,11,129,52,64,29,87"/><T21/><D123/><U4/><E105/><V124/><F134/><N who="1" m="51817" /><E33/><V119/><F124/><W89/><G107/><T2/><D2/><U88/><E67/><V99/><F109/><W34/><G112/><N who="1" m="43114" /><E88/><V79/><F66/><W8/><G89/><T116/><D116/><N who="2" m="44618" /><F18/><W27/><G34/><T54/><D108/><U130/><E130/><V56/><F56/><W58/><G58/><N who="0" m="35159" /><D42/><U53/><E0/><V82/><F83/><W122/><G80/><T48/><AGARI ba="0,0" hai="14,16,20,21,25,31,48,55,57,90,91" m="35159" machi="48" ten="30,3000,0" yaku="8,1,54,1" doraHai="115" who="0" fromWho="0" sc="143,30,440,-10,166,-10,251,-10" /><INIT seed="4,1,0,4,1,18" ten="173,430,156,241" oya="0" hai0="22,90,54,71,97,41,76,72,31,107,115,0,36" hai1="102,33,100,89,3,8,7,79,118,59,23,55,57" hai2="29,75,84,42,110,126,53,46,94,24,116,69,20" hai3="119,109,5,4,124,62,35,60,112,91,125,49,87"/><T86/><D71/><U103/><E118/><V133/><F110/><W95/><G109/><T105/><D0/><U58/><E33/><V135/><F126/><N who="3" m="48747" /><G119/><T113/><D54/><U12/><E79/><V19/><F116/><W77/><G112/><N who="0" m="43083" /><D97/><U128/><E128/><V15/><F75/><W6/><G35/><T21/><D31/><U34/><E34/><V92/><F69/><W93/><G77/><T27/><D27/><U37/><E37/><V98/><F53/><W40/><G95/><N who="0" m="54743" /><D41/><U32/><E32/><V39/><F84/><W81/><G93/><T123/><D36/><U17/><REACH who="1" step="1"/><E89/><REACH who="1" ten="173,420,156,241" step="2"/><V66/><F98/><W80/><G81/><N who="0" m="45191" /><D123/><U1/><E1/><V129/><F94/><W117/><G117/><T82/><D82/><U108/><E108/><V11/><F92/><W120/><G120/><T14/><D14/><U88/><E88/><V30/><F39/><W51/><G91/><T48/><D48/><AGARI ba="1,1" hai="3,7,8,12,17,23,48,55,57,58,59,100,102,103" machi="48" ten="40,2600,0" yaku="1,1,52,1,53,0" doraHai="18" doraHaiUra="106" who="1" fromWho="0" sc="173,-29,420,39,156,0,241,0" /><INIT seed="5,0,0,3,4,32" ten="144,459,156,241" oya="1" hai0="97,41,57,14,2,8,45,78,54,123,3,15,120" hai1="119,104,124,22,82,66,127,51,88,53,18,55,73" hai2="34,0,31,110,111,116,95,92,28,105,58,109,103" hai3="96,74,113,40,121,19,63,60,35,91,122,10,20"/><U29/><E119/><V11/><F116/><W37/><G35/><T89/><D78/><U39/><E39/><V59/><F105/><W27/><G74/><T6/><D15/><U80/><E104/><V112/><F112/><W23/><G113/><T125/><D125/><N who="1" m="48203" /><E29/><V133/><F133/><W33/><G23/><T76/><D76/><N who="1" m="44047" /><E66/><V101/><F34/><W128/><G33/><T132/><D132/><U43/><E43/><V75/><F75/><W84/><G40/><T12/><D12/><N who="1" m="9543" /><E51/><V9/><F109/><W126/><G37/><N who="0" m="21679" /><D97/><U130/><E130/><V17/><REACH who="2" step="1"/><F17/><REACH who="2" ten="144,459,146,241" step="2"/><W115/><G19/><T62/><D89/><U24/><E88/><V98/><F98/><W85/><G91/><T49/><D62/><U117/><E117/><V100/><F100/><W5/><G63/><T48/><D48/><U135/><E135/><V65/><F65/><W77/><G60/><T87/><D87/><U38/><E38/><V70/><F70/><W131/><G85/><T69/><D69/><U94/><E94/><V90/><F90/><W114/><G84/><T64/><D64/><U46/><E82/><V134/><F134/><W99/><G96/><T26/><D26/><U129/><E24/><V61/><F61/><W52/><G99/><T108/><D108/><U30/><E129/><V68/><F68/><W81/><G126/><T118/><D118/><U1/><E30/><V83/><F83/><W25/><G131/><T106/><D106/><U42/><E46/><V72/><F72/><W107/><G128/><T79/><D79/><U4/><E42/><V47/><F47/><RYUUKYOKU ba="0,1" sc="144,10,459,10,146,10,241,-30" hai0="2,3,6,8,14,49,54,57,120,123" hai1="1,4,53,55" hai2="0,9,11,28,31,58,59,92,95,101,103,110,111" /><INIT seed="5,1,1,0,1,60" ten="154,469,156,211" oya="1" hai0="122,4,22,94,79,49,1,117,107,92,52,40,21" hai1="86,108,12,126,116,127,51,124,3,68,120,96,76" hai2="88,91,50,100,66,101,42,95,15,73,123,130,7" hai3="45,24,20,53,65,63,11,18,25,110,31,87,118"/><U80/><E116/><V62/><F123/><W115/><G110/><T26/><D117/><U70/><E120/><V47/><F130/><W0/><G118/><T30/><D107/><U128/><E3/><V97/><F73/><W8/><G115/><T106/><D106/><U135/><E108/><V109/><F109/><W102/><G102/><T32/><D122/><U28/><E128/><V54/><F42/><W69/><G0/><T13/><D40/><U125/><E135/><V98/><F7/><W19/><G87/><T111/><D111/><U33/><E125/><V38/><F15/><W85/><G85/><T64/><D79/><U58/><E96/><V104/><F38/><W5/><G5/><T27/><D32/><U6/><E28/><V10/><F10/><W43/><G53/><T14/><D1/><U57/><E33/><V129/><REACH who="2" step="1"/><F129/><REACH who="2" ten="154,469,146,211" step="2"/><W112/><G8/><T55/><D4/><U36/><E36/><V93/><F93/><W37/><G11/><T61/><D14/><U23/><E6/><V72/><F72/><W78/><G37/><T133/><D13/><U83/><E12/><V9/><F9/><W71/><G43/><T17/><D133/><U131/><E131/><V2/><F2/><W113/><G113/><T114/><D114/><U56/><E83/><V39/><F39/><W90/><G112/><T89/><D94/><U75/><E75/><V77/><F77/><W103/><G78/><T34/><D34/><U119/><E119/><V99/><F99/><W35/><G35/><T44/><D92/><U16/><E124/><V59/><AGARI ba="1,2" hai="47,50,54,59,62,66,88,91,95,97,98,100,101,104" machi="59" ten="20,12000,2" yaku="1,1,5,1,0,1,7,1,52,1,54,1,53,1" doraHai="60" doraHaiUra="48" who="2" fromWho="2" sc="154,-31,469,-61,146,143,211,-31" /><INIT seed="6,0,0,3,1,52" ten="123,408,289,180" oya="2" hai0="121,73,55,13,117,38,108,72,17,80,34,15,135" hai1="10,88,60,23,45,4,67,101,114,16,11,120,39" hai2="43,91,47,85,6,54,63,56,24,125,75,79,110" hai3="122,59,124,116,113,48,94,83,50,89,32,25,28"/><V118/><F118/><W36/><G36/><T26/><D38/><U18/><E114/><V9/><F110/><W87/><G116/><T92/><D108/><U30/><E120/><V21/><F125/><W112/><G122/><T40/><D121/><U5/><E101/><V69/><F69/><W102/><G124/><T3/><D3/><U66/><E39/><V29/><F79/><W111/><G111/><T115/><D115/><N who="3" m="44105" /><G59/><T2/><D2/><U64/><E45/><V27/><F75/><W62/><G62/><T81/><D40/><U96/><E60/><V31/><F27/><W132/><G132/><T57/><D135/><U76/><E76/><V93/><F47/><W74/><G74/><T106/><D106/><U78/><E78/><V97/><F85/><W70/><G70/><T49/><D117/><U99/><E30/><V53/><F43/><W1/><G1/><T8/><D13/><N who="1" m="7231" /><E10/><V104/><F104/><W84/><G84/><T109/><D109/><U107/><E107/><V51/><F31/><W19/><G19/><T126/><D126/><U61/><E61/><V41/><F41/><W0/><G0/><T127/><D127/><U103/><E103/><V65/><F51/><W82/><G102/><T35/><D73/><U77/><E77/><V129/><F129/><W7/><G50/><T22/><D72/><U128/><E128/><V68/><F68/><W86/><G48/><T98/><D35/><U14/><E96/><V133/><F133/><W95/><G7/><N who="0" m="3487" /><D34/><U20/><E99/><V44/><F44/><W90/><AGARI ba="0,0" hai="25,28,32,82,83,86,87,89,90,94,95" m="44105" machi="90" ten="30,2000,0" yaku="15,1,11,1" doraHai="52" who="3" fromWho="3" sc="123,-5,408,-5,289,-10,180,20" /><INIT seed="7,0,0,4,5,53" ten="118,403,279,200" oya="3" hai0="57,83,109,94,91,64,86,11,0,111,5,3,87" hai1="82,85,125,88,56,101,110,8,67,42,123,97,14" hai2="135,41,121,126,106,93,84,36,78,2,1,61,12" hai3="74,21,69,51,29,72,60,27,22,37,108,127,59"/><W46/><G69/><T52/><D64/><U19/><E110/><V79/><F106/><W47/><G37/><T119/><D119/><U99/><E125/><V54/><F126/><W62/><G62/><T44/><D44/><U15/><E123/><V63/><F121/><W133/><G47/><T24/><D0/><U114/><E114/><V124/><F36/><W34/><G34/><T100/><D100/><U50/><E101/><V66/><F124/><W20/><G21/><T115/><D115/><U18/><E42/><V122/><F41/><W28/><G20/><T134/><D134/><U113/><E113/><V10/><F135/><W4/><G46/><T65/><D65/><U16/><E19/><V120/><F54/><W40/><G40/><T95/><D24/><U112/><E112/><V31/><F61/><W48/><G27/><T132/><D132/><U32/><E32/><V128/><F63/><W49/><G60/><T98/><D87/><U117/><E117/><V45/><F66/><W96/><G74/><T107/><D107/><U102/><E67/><V71/><F45/><W38/><G72/><T116/><D116/><U129/><E129/><V92/><F128/><W104/><G104/><T7/><D7/><U76/><E102/><V81/><F71/><W103/><G4/><T131/><D131/><U90/><E18/><V73/><F73/><W33/><G133/><T118/><D118/><U55/><E15/><V105/><F105/><N who="3" m="63719" /><G127/><T58/><D58/><U13/><E13/><V30/><F31/><W89/><G29/><T70/><D70/><U23/><E55/><RYUUKYOKU ba="0,0" sc="118,0,403,0,279,0,200,0" owari="118,-38.0,403,50.0,279,8.0,200,-20.0" /></mjloggm>