<mjloggm ver="2.3"><GO type="169" lobby="0"/><UN n0="%E3%82%A6%E3%83%AB%E3%83%88%E3%83%A9%E7%AB%8B%E7%9B%B4" n1="%E3%81%8A%E3%81%98%E3%81%95%E3%82%93" n2="%E3%81%8B%E3%81%97%E3%81%8B%E3%81%8A" n3="%EF%BC%88%EF%BC%BE%E2%88%80%EF%BC%BE%EF%BC%89" dan="17,17,17,16" rate="2217.96,2198.01,2132.81,2030.85" sx="M,M,M,M"/><TAIKYOKU oya="0"/><INIT seed="0,0,0,1,2,131" ten="250,250,250,250" oya="0" hai0="105,18,35,71,112,89,59,78,103,93,101,88,7" hai1="70,95,43,55,28,69,17,34,129,111,122,27,33" hai2="77,5,16,81,31,110,120,44,57,48,98,39,41" hai3="76,32,82,53,91,90,2,29,25,130,116,106,45"/><T109/><D71/><U128/><E122/><V61/><F120/><W30/><G116/><T56/><D112/><U126/><E43/><V60/><F110/><W133/><G106/><T9/><D109/><U14/><E111/><V114/><F114/><W6/><G30/><T12/><D35/><U119/><E119/><V121/><F121/><W80/><G80/><T92/><D78/><U15/><E70/><V117/><F31/><W64/><G64/><T37/><D37/><U94/><E69/><V75/><F117/><W24/><G24/><T67/><D105/><U127/><E55/><V3/><F98/><W107/><G107/><T99/><D7/><U79/><E79/><V100/><F100/><N who="0" m="38474" /><D67/><U123/><E95/><V72/><F72/><W51/><G130/><N who="1" m="50282" /><E94/><V46/><F57/><W63/><G63/><T22/><D9/><N who="1" m="6351" /><E123/><V125/><F125/><N who="1" m="47625" /><E15/><V132/><F60/><W50/><G76/><T47/><D47/><U10/><E10/><N who="2" m="2367" /><F61/><W102/><G45/><T40/><D40/><U68/><E68/><V85/><F46/><W115/><G115/><T38/><D38/><U118/><E118/><V74/><F74/><W1/><G51/><T8/><D8/><U36/><E36/><V0/><F48/><W135/><G50/><T21/><D21/><AGARI ba="0,0" hai="21,27,28,33,34" m="47625,6351,50282" machi="21" ten="30,7700,0" yaku="19,1,18,1,34,2" doraHai="131" who="1" fromWho="0" sc="250,-77,250,77,250,0,250,0" /><INIT seed="1,0,0,2,5,22" ten="173,327,250,250" oya="1" hai0="57,33,43,2,8,85,42,66,61,23,106,6,3" hai1="45,64,48,96,4,92,65,77,79,60,91,128,52" hai2="47,129,80,21,110,114,120,15,31,107,12,49,100" hai3="5,135,98,73,68,95,76,90,16,46,94,86,24"/><U35/><E35/><V25/><F120/><W93/><G135/><T132/><D33/><U34/><E34/><V131/><F110/><W74/><G68/><T101/><D132/><U116/><E116/><V69/><F69/><W7/><G46/><T19/><D2/><U113/><E113/><V99/><F114/><W112/><G112/><T81/><D101/><U89/><E128/><N who="2" m="49227" /><F80/><W58/><G58/><T82/><D106/><U126/><E126/><V38/><F38/><W0/><G0/><T105/><D105/><U30/><E4/><V9/><F9/><W39/><G39/><T53/><D66/><N who="1" m="25707" /><E30/><V36/><F36/><W108/><G108/><T63/><D63/><U55/><E91/><V28/><F28/><W13/><G76/><N who="1" m="29258" /><E60/><V83/><F83/><W20/><G74/><T26/><REACH who="0" step="1"/><D82/><REACH who="0" ten="163,327,250,250" step="2"/><U70/><E70/><V87/><F87/><W32/><G32/><T11/><D11/><U50/><E50/><V121/><F121/><W118/><G118/><T10/><D10/><U122/><E122/><V14/><F49/><W75/><G75/><T78/><AGARI ba="0,1" hai="3,6,8,19,23,26,42,43,53,57,61,78,81,85" machi="78" ten="20,5200,0" yaku="1,1,0,1,7,1,52,1,53,0" doraHai="22" doraHaiUra="123" who="0" fromWho="0" sc="163,62,327,-26,250,-13,250,-13" /><INIT seed="2,0,0,0,1,96" ten="225,301,237,237" oya="2" hai0="97,98,31,7,26,61,52,36,34,105,57,39,122" hai1="110,78,8,55,19,60,113,124,30,126,112,135,102" hai2="127,128,9,22,48,91,4,18,28,131,88,0,1" hai3="58,101,29,66,99,33,133,16,54,86,2,73,17"/><V50/><F28/><W82/><G73/><T89/><D122/><U68/><E78/><V106/><F106/><W109/><G2/><T85/><D7/><U100/><E30/><V121/><F121/><W83/><G66/><T75/><D75/><U134/><E110/><V69/><F69/><W117/><G117/><T93/><REACH who="0" step="1"/><D98/><REACH who="0" ten="215,301,237,237" step="2"/><U95/><E113/><V13/><F1/><W76/><G109/><T72/><D72/><U43/><E112/><V79/><F127/><W56/><G133/><T118/><D118/><U130/><E124/><V94/><F79/><W65/><G83/><T77/><D77/><U92/><E126/><V123/><F123/><W27/><G65/><T62/><D62/><U47/><E135/><V41/><F91/><W11/><G11/><T10/><D10/><U14/><E134/><V70/><F70/><W80/><G80/><T49/><D49/><U125/><E125/><V21/><F21/><W64/><G64/><T67/><D67/><U53/><E68/><V71/><F71/><W59/><REACH who="3" step="1"/><G54/><REACH who="3" ten="215,301,237,227" step="2"/><T3/><D3/><U90/><E55/><V38/><F128/><W104/><AGARI ba="0,2" hai="16,17,27,29,33,56,58,59,76,82,86,99,101,104" machi="104" ten="30,8000,1" yaku="1,1,2,1,0,1,52,1,54,1,53,0" doraHai="96" doraHaiUra="51" who="3" fromWho="3" sc="215,-20,301,-20,237,-40,227,100" /><INIT seed="3,0,0,4,5,109" ten="195,281,197,327" oya="3" hai0="29,131,116,64,98,17,62,23,78,128,75,113,86" hai1="38,72,25,97,15,121,69,87,108,5,3,47,76" hai2="18,7,58,54,40,55,57,65,101,4,105,83,88" hai3="71,94,35,41,73,31,96,114,119,127,30,0,125"/><W33/><G73/><T130/><D116/><U91/><E69/><V120/><F40/><W59/><G71/><T106/><D29/><U133/><E3/><V45/><F65/><W36/><G59/><T79/><D75/><U51/><E38/><V1/><F45/><W95/><G96/><T112/><D98/><U21/><E72/><V43/><F43/><W77/><G77/><N who="0" m="29195" /><D86/><U39/><E39/><V66/><F66/><W81/><G81/><T52/><D106/><U110/><E76/><V74/><F105/><W34/><G0/><T20/><D52/><U56/><E56/><V93/><F101/><W85/><G85/><T10/><D10/><U50/><E97/><V42/><F42/><W70/><G70/><N who="0" m="42263" /><D23/><U107/><E107/><V8/><F55/><W117/><G35/><T126/><D126/><U104/><E104/><V84/><F7/><W124/><G124/><T103/><D103/><U92/><E110/><V99/><F74/><W115/><G41/><T16/><D17/><U129/><E108/><V13/><F120/><W90/><G90/><T134/><D134/><U68/><E68/><V12/><F54/><W22/><G22/><T24/><AGARI ba="0,0" hai="16,20,24,112,113,128,130,131" m="42263,29195" machi="24" ten="40,8000,1" yaku="19,1,52,2,54,1" doraHai="109" who="0" fromWho="0" sc="195,80,281,-20,197,-20,327,-40" /><INIT seed="4,0,0,3,5,89" ten="275,261,177,287" oya="0" hai0="48,8,105,6,17,106,13,2,101,113,20,51,14" hai1="33,123,122,46,86,74,129,31,19,67,93,1,109" hai2="100,63,127,130,69,30,72,124,43,4,65,52,96" hai3="55,5,58,7,22,97,135,114,83,50,23,32,118"/><T103/><D113/><U87/><E74/><V107/><F72/><W21/><G32/><T78/><D78/><U15/><E1/><V39/><F4/><W18/><G118/><T0/><D0/><U120/><E109/><V77/><F77/><W117/><G117/><T41/><D2/><U26/><E129/><V119/><F119/><W82/><G135/><T34/><D34/><U125/><E67/><V44/><F130/><W98/><G18/><T24/><D24/><U108/><E108/><V47/><F30/><W116/><G114/><T66/><D66/><U25/><E25/><V45/><REACH who="2" step="1"/><F52/><REACH who="2" ten="275,261,167,287" step="2"/><W62/><G116/><T49/><D6/><U121/><E121/><V85/><F85/><W91/><G7/><N who="0" m="3231" /><D105/><U76/><E123/><V128/><F128/><W38/><G5/><T104/><D106/><U53/><E122/><V12/><F12/><W40/><G55/><T54/><D104/><U9/><E120/><V115/><F115/><W59/><G97/><T134/><D134/><U84/><E76/><V27/><F27/><W28/><G98/><T79/><D79/><U126/><E93/><V81/><F81/><W11/><G82/><T92/><D92/><U131/><E131/><V80/><F80/><W73/><G83/><T110/><D110/><U36/><E53/><V42/><F42/><W112/><G112/><T99/><D99/><U56/><E56/><V111/><F111/><W75/><G75/><T57/><D41/><U3/><E3/><V94/><F94/><W90/><G73/><T29/><D29/><U10/><E10/><V95/><F95/><RYUUKYOKU ba="0,1" sc="275,10,261,10,167,10,287,-30" hai0="14,17,20,48,49,51,54,57,101,103" hai1="9,15,19,26,31,33,36,46,84,86,87,125,126" hai2="39,43,44,45,47,63,65,69,96,100,107,124,127" /><INIT seed="4,1,1,4,0,86" ten="285,271,177,257" oya="0" hai0="76,132,121,9,60,43,68,123,134,64,125,135,95" hai1="15,72,98,37,81,69,21,80,28,66,38,75,54" hai2="17,97,111,77,31,100,26,117,114,89,16,104,5" hai3="88,90,47,51,127,4,42,124,18,67,39,12,71"/><T87/><D125/><N who="3" m="48201" /><G4/><T101/><D43/><U52/><E69/><V44/><F111/><W22/><G51/><T65/><D65/><U70/><E70/><V1/><F114/><W103/><G103/><T85/><D9/><U34/><E66/><V48/><F77/><W50/><G50/><T45/><D45/><U73/><E34/><V23/><F117/><W92/><G92/><T112/><D112/><U110/><E110/><V82/><F5/><W78/><G78/><T74/><D74/><U126/><E126/><V128/><F1/><W35/><G35/><T61/><D61/><AGARI ba="1,1" hai="12,18,22,39,42,47,61,67,71,88,90" m="48201" machi="61" ten="30,7700,0" yaku="18,1,52,2,54,1" doraHai="86" who="3" fromWho="0" sc="285,-80,271,0,177,0,257,90" /><INIT seed="5,0,0,1,4,34" ten="205,271,177,347" oya="1" hai0="125,15,9,106,82,17,32,128,121,74,123,65,2" hai1="109,27,55,88,31,54,37,4,115,62,95,25,24" hai2="12,118,26,100,108,50,105,35,41,69,68,133,87" hai3="84,83,70,86,5,67,75,77,11,117,81,60,48"/><U135/><E37/><V14/><F118/><W93/><G117/><T61/><D106/><U66/><E115/><V23/><F35/><W56/><G93/><T42/><D32/><U120/><E120/><N who="0" m="46153" /><D42/><U124/><E124/><V63/><F108/><W19/><G19/><T104/><D104/><U131/><E109/><V110/><F110/><W28/><G28/><T92/><D92/><U103/><E131/><V76/><F100/><W113/><G113/><T116/><D116/><U30/><E103/><V6/><F105/><W90/><G75/><T57/><D125/><U46/><E4/><V49/><F133/><W122/><G122/><T119/><D119/><U13/><E13/><V89/><F68/><W47/><G70/><T78/><D128/><U45/><E135/><V85/><F63/><W71/><G71/><T102/><D102/><U38/><E38/><V99/><F69/><W58/><G58/><T51/><D51/><N who="2" m="19466" /><F41/><W96/><G96/><T72/><D72/><U64/><E62/><V3/><F99/><W52/><G11/><T7/><D17/><U43/><E43/><V39/><F39/><W10/><G10/><T101/><D101/><U40/><E40/><V8/><F76/><W130/><G130/><T132/><D132/><U134/><E134/><V21/><F87/><W1/><G5/><T33/><D33/><U127/><E127/><V53/><F23/><W114/><G114/><T22/><D22/><U98/><E98/><V97/><F97/><W79/><G90/><T36/><D36/><U111/><E88/><V94/><F53/><W107/><G107/><RYUUKYOKU ba="0,0" sc="205,10,271,-30,177,10,347,10" hai0="2,7,9,15,57,61,65,74,78,82" hai2="3,6,8,12,14,21,26,85,89,94" hai3="1,47,48,52,56,60,67,77,79,81,83,84,86" /><INIT seed="6,1,0,0,0,21" ten="215,241,187,357" oya="2" hai0="106,98,115,123,13,15,54,72,0,134,125,91,49" hai1="89,53,6,44,66,103,55,32,129,43,84,110,114" hai2="116,102,81,127,46,34,39,40,31,120,73,58,18" hai3="28,37,17,67,117,16,48,65,112,74,78,45,75"/><V42/><F120/><W14/><G37/><T96/><D123/><U95/><E32/><V70/><F70/><W38/><G38/><T109/><D109/><U76/><E110/><V100/><F116/><W87/><G28/><T69/><D69/><U23/><E114/><V63/><F40/><W56/><G56/><T5/><D72/><U83/><E129/><V104/><F127/><W88/><G17/><T113/><D134/><U27/><E6/><V130/><F130/><W51/><G117/><T59/><D125/><U86/><E103/><V118/><F118/><W64/><G78/><T92/><D0/><U108/><E66/><V128/><F128/><W24/><G51/><T26/><D26/><U52/><E108/><V133/><F133/><W94/><G24/><T12/><D5/><U62/><E62/><V124/><F124/><W99/><G112/><N who="0" m="43083" /><D106/><U126/><E126/><V50/><F39/><W9/><REACH who="3" step="1"/><G87/><AGARI ba="1,0" hai="12,13,15,49,54,59,87,91,92,96,98" m="43083" machi="87" ten="30,1000,0" yaku="15,1" doraHai="21" who="0" fromWho="3" sc="215,13,241,0,187,0,357,-13" /><INIT seed="7,0,0,5,5,84" ten="228,241,187,344" oya="3" hai0="54,98,80,125,28,91,93,95,44,48,30,72,88" hai1="133,108,17,33,42,127,52,23,87,45,46,100,1" hai2="126,18,131,96,110,61,27,31,113,83,12,38,86" hai3="2,15,3,117,11,120,50,85,70,82,65,106,39"/><W107/><G39/><T34/><D34/><U79/><E1/><V16/><F110/><W67/><G106/><T103/><D125/><U130/><E33/><V115/><F38/><W56/><G107/><T75/><D75/><U62/><E127/><V104/><F126/><W20/><G67/><T63/><D63/><U128/><E100/><V21/><F131/><N who="1" m="50217" /><E133/><V118/><F118/><W105/><G105/><T89/><D72/><U26/><E108/><V59/><F96/><W76/><G70/><T132/><D132/><U29/><E87/><V64/><F104/><W13/><G120/><T102/><D80/><U5/><E5/><V66/><F66/><W14/><G20/><T19/><D19/><U124/><E79/><V25/><F18/><W92/><G117/><T77/><D77/><U90/><E90/><N who="0" m="34921" /><D103/><U57/><E124/><V9/><REACH who="2" step="1"/><F27/><REACH who="2" ten="228,241,177,344" step="2"/><W4/><G65/><T99/><AGARI ba="0,1" hai="28,30,44,48,54,91,93,95,98,99,102" m="34921" machi="99" ten="30,12000,2" yaku="8,1,52,4,54,1" doraHai="84" who="0" fromWho="0" sc="228,130,241,-30,177,-30,344,-60" owari="358,46.0,211,-19.0,147,-35.0,284,8.0" /></mjloggm>