<mjloggm ver="2.3"><GO type="41" lobby="0"/><UN n0="%73%70%69%63%79" n1="%6A%69%63%6B%64%61%6F" n2="%E5%B0%B1%E6%B4%BB%E7%94%9F%40%E5%B7%9D%E6%9D%91%E8%BB%8D%E5%9B%A3" n3="%41%6C%7A" dan="14,13,17,13" rate="1985.50,1896.01,2160.21,1814.68" sx="M,M,M,M"/><TAIKYOKU oya="0"/><INIT seed="0,0,0,0,0,113" ten="250,250,250,250" oya="0" hai0="90,71,63,125,76,84,73,120,93,89,17,66,99" hai1="18,97,20,94,95,35,27,88,44,47,6,70,102" hai2="51,55,40,86,38,118,56,64,75,61,7,3,54" hai3="42,0,21,132,87,92,133,116,49,68,85,50,117"/><T15/><D120/><U29/><E70/><V43/><F75/><W13/><G68/><T108/><D125/><U1/><E6/><V14/><F3/><W25/><G0/><T77/><D73/><U112/><E112/><V98/><F98/><W130/><G130/><T72/><D72/><U105/><E1/><V69/><F7/><W78/><G13/><T53/><D53/><U12/><REACH who="1" step="1"/><E105/><REACH who="1" ten="250,240,250,250" step="2"/><V32/><F69/><W2/><G2/><T107/><D107/><U124/><E124/><V65/><F32/><W115/><G115/><T37/><D108/><U110/><E110/><V5/><F5/><W104/><G104/><T80/><REACH who="0" step="1"/><D37/><REACH who="0" ten="240,240,250,250" step="2"/><U57/><E57/><V82/><F38/><W101/><G133/><T8/><AGARI ba="0,2" hai="8,15,17,63,66,71,76,77,80,84,89,90,93,99" machi="8" ten="20,12000,1" yaku="1,1,2,1,0,1,7,1,53,1" doraHai="113" doraHaiUra="79" who="0" fromWho="0" sc="240,140,240,-40,250,-40,250,-40" /><INIT seed="0,1,0,3,1,105" ten="380,200,210,210" oya="0" hai0="75,48,86,81,42,46,133,118,131,37,9,82,40" hai1="50,59,12,26,73,20,60,57,94,23,106,122,78" hai2="53,2,13,7,104,25,98,58,56,21,63,123,116" hai3="109,135,65,6,0,90,112,32,14,17,69,19,45"/><T84/><D118/><U134/><E106/><V107/><F123/><W85/><G32/><T38/><D133/><U61/><E122/><V79/><F2/><W102/><G102/><T119/><D119/><U110/><E110/><V83/><F116/><W66/><G109/><T8/><D131/><U54/><E94/><V125/><F125/><W52/><G135/><T3/><D3/><U77/><E134/><V70/><F70/><W111/><G112/><T93/><D93/><U51/><E73/><V29/><F98/><W76/><G76/><N who="1" m="29290" /><E12/><V11/><REACH who="2" step="1"/><F58/><REACH who="2" ten="380,200,200,210" step="2"/><W113/><G69/><T36/><D38/><U35/><E57/><V71/><F71/><W96/><G0/><T64/><D36/><U33/><E33/><V108/><F108/><W87/><G111/><T16/><D37/><U124/><E35/><V99/><F99/><W34/><G34/><T89/><D86/><AGARI ba="1,1" hai="7,11,13,21,25,29,53,56,63,79,83,86,104,107" machi="86" ten="30,3900,0" yaku="1,1,7,1,53,1" doraHai="105" doraHaiUra="10" who="2" fromWho="0" sc="380,-42,200,0,200,52,210,0" /><INIT seed="1,0,0,3,3,47" ten="338,200,252,210" oya="1" hai0="72,51,95,130,135,118,62,90,80,3,19,83,88" hai1="22,101,97,17,111,114,131,124,54,75,45,46,116" hai2="39,127,31,63,105,50,120,79,59,18,4,122,100" hai3="36,20,40,44,57,26,104,91,74,30,61,132,92"/><U21/><E116/><V5/><F39/><W24/><G104/><T96/><D118/><U33/><E114/><V84/><F127/><W112/><G74/><T14/><D3/><U109/><E33/><V77/><F31/><W110/><G112/><T28/><D28/><U52/><E75/><V37/><F37/><W32/><G110/><N who="1" m="41994" /><E131/><V87/><F50/><W29/><G132/><T82/><D135/><U16/><E124/><V11/><F18/><N who="1" m="7273" /><E45/><V85/><F100/><W103/><G103/><T70/><D130/><U2/><E2/><V99/><F99/><W117/><G117/><T53/><D72/><U23/><E46/><V65/><F105/><AGARI ba="0,0" hai="21,22,23,52,54,97,101,105" m="7273,41994" machi="105" ten="30,11600,0" yaku="14,1,10,1,54,2" doraHai="47" who="1" fromWho="2" sc="338,0,200,116,252,-116,210,0" /><INIT seed="1,1,0,1,3,7" ten="338,316,136,210" oya="1" hai0="54,128,133,17,2,60,37,94,33,21,39,55,91" hai1="125,126,80,114,99,16,36,117,25,34,79,68,104" hai2="10,19,81,110,76,107,89,134,108,96,28,84,131" hai3="129,48,15,65,135,20,50,62,46,43,47,75,49"/><U113/><E36/><V77/><F28/><W32/><G32/><T13/><D33/><U6/><E117/><V52/><F131/><W130/><G75/><T14/><D128/><N who="3" m="49257" /><G135/><T106/><D2/><U88/><E68/><V70/><F70/><N who="3" m="42295" /><G43/><T102/><D133/><U111/><E111/><N who="2" m="42539" /><F134/><W82/><G82/><T116/><D116/><U64/><E6/><V58/><F107/><W0/><G0/><T122/><D102/><U123/><E64/><V103/><F103/><W124/><G124/><N who="1" m="47722" /><E123/><V11/><F19/><AGARI ba="1,0" hai="15,19,20,46,47,48,49,50" m="42295,49257" machi="19" ten="30,1000,0" yaku="19,1" doraHai="7" who="3" fromWho="2" sc="338,0,316,0,136,-13,210,13" /><INIT seed="2,0,0,5,2,52" ten="338,316,123,223" oya="2" hai0="100,93,0,81,115,82,27,33,124,79,21,6,103" hai1="2,87,29,13,122,70,128,112,23,84,28,26,132" hai2="91,56,130,49,61,80,131,15,117,120,116,101,3" hai3="63,55,92,123,114,48,12,65,73,95,38,7,59"/><V88/><F3/><W102/><G123/><T111/><D115/><U121/><E112/><V94/><F120/><N who="1" m="46185" /><E70/><V5/><F101/><W89/><G38/><T72/><D33/><U58/><E132/><V1/><F1/><W134/><G73/><T8/><D111/><U129/><E2/><V9/><F49/><W41/><G134/><T42/><D124/><U77/><E77/><V75/><F75/><W96/><G114/><T135/><D135/><U99/><E99/><N who="2" m="57799" /><F80/><W25/><G41/><T20/><D82/><U36/><E36/><V108/><F91/><W125/><G125/><T11/><D11/><U50/><E13/><V86/><F86/><N who="1" m="32809" /><E29/><V133/><F133/><W47/><G25/><T46/><D93/><U4/><E4/><V106/><F106/><W107/><REACH who="3" step="1"/><G89/><REACH who="3" ten="338,316,123,213" step="2"/><T71/><D27/><U126/><E126/><V76/><F108/><W90/><G90/><T66/><D42/><U37/><E37/><V39/><F39/><W18/><G18/><T54/><D79/><U22/><E26/><V40/><F40/><W60/><G60/><T30/><D72/><U83/><E28/><V98/><F76/><W14/><G14/><T51/><D0/><U110/><E110/><V105/><F105/><W17/><G17/><T64/><D81/><U53/><E83/><V57/><F98/><W127/><G127/><T67/><D71/><U10/><E10/><AGARI ba="0,1" hai="7,10,12,47,48,55,59,63,65,92,95,96,102,107" machi="10" ten="40,2600,0" yaku="1,1,52,1,53,0" doraHai="52" doraHaiUra="19" who="3" fromWho="1" sc="338,0,316,-26,123,0,213,36" /><INIT seed="3,0,0,1,3,129" ten="338,290,123,249" oya="3" hai0="47,14,42,121,50,106,80,31,21,40,93,127,64" hai1="118,72,128,98,34,99,135,90,22,110,81,16,66" hai2="79,100,48,97,92,20,89,53,85,71,12,86,126" hai3="44,57,32,132,91,24,105,96,36,112,74,2,19"/><W13/><G112/><T30/><D106/><U25/><E110/><V0/><F71/><W56/><G2/><T45/><D121/><U125/><E128/><V63/><F0/><W55/><G74/><T51/><D127/><U7/><E7/><V35/><F126/><W33/><G24/><T26/><D64/><U58/><E118/><V62/><F35/><W101/><G132/><T102/><D80/><U23/><E34/><V10/><F79/><W76/><G76/><T38/><D38/><U84/><E135/><V95/><F85/><W82/><G82/><T46/><D14/><N who="1" m="9495" /><E72/><V131/><F131/><W77/><G77/><T29/><D46/><U116/><E116/><V107/><F107/><W75/><G75/><T78/><D78/><U4/><E4/><V60/><F20/><W130/><G130/><T17/><D31/><N who="1" m="17855" /><E125/><V43/><F43/><W8/><G105/><T39/><D39/><U49/><E49/><V124/><F124/><W18/><G36/><T67/><D67/><U3/><E3/><V122/><F122/><W123/><G32/><T65/><D65/><U120/><E120/><V88/><F100/><W133/><G33/><T115/><D115/><U134/><E134/><V108/><F108/><W68/><G133/><T28/><D28/><U69/><E69/><V37/><F37/><W94/><G68/><T117/><D117/><U15/><E15/><V11/><REACH who="2" step="1"/><F12/><REACH who="2" ten="338,290,113,249" step="2"/><W83/><G123/><T119/><D119/><U87/><E87/><V59/><AGARI ba="0,1" hai="10,11,48,53,59,60,62,63,86,88,89,92,95,97" machi="59" ten="30,8000,1" yaku="1,1,2,1,0,1,8,1,54,1,53,0" doraHai="129" doraHaiUra="111" who="2" fromWho="2" sc="338,-20,290,-20,113,90,249,-40" /><INIT seed="4,0,0,1,2,28" ten="318,270,203,209" oya="0" hai0="74,64,63,118,71,50,130,56,99,48,116,29,3" hai1="43,86,38,105,78,62,4,90,98,58,82,111,47" hai2="97,88,20,25,106,51,132,53,60,26,69,73,13" hai3="12,102,45,75,96,95,93,113,40,114,41,126,133"/><T2/><D74/><U80/><E111/><V107/><F73/><W100/><G75/><T77/><D77/><U23/><E4/><V112/><F112/><N who="3" m="43115" /><G133/><T115/><D115/><U128/><E128/><V39/><F132/><W67/><G126/><T46/><D130/><U37/><E23/><V89/><F39/><W119/><G119/><T54/><D99/><U34/><E37/><V9/><F69/><W124/><G124/><T10/><D29/><U8/><E8/><V15/><F60/><W84/><G67/><T11/><D11/><U120/><E120/><V92/><F25/><W123/><G123/><T65/><D65/><U76/><E34/><V110/><F110/><W125/><G125/><T72/><D72/><U134/><E134/><V91/><F106/><W127/><G127/><T70/><D70/><U1/><E1/><V103/><F107/><W21/><G45/><T31/><D31/><U79/><E98/><V85/><F85/><W6/><G102/><T94/><D3/><U18/><E105/><V117/><F117/><W52/><G52/><T68/><D2/><U66/><REACH who="1" step="1"/><E18/><REACH who="1" ten="318,260,203,209" step="2"/><N who="2" m="12567" /><F9/><N who="3" m="4151" /><G21/><T61/><D10/><U5/><E5/><V81/><F81/><AGARI ba="0,1" hai="38,43,47,58,62,66,76,78,79,80,81,82,86,90" machi="81" ten="40,1300,0" yaku="1,1,53,0" doraHai="28" doraHaiUra="17" who="1" fromWho="2" sc="318,0,260,23,203,-13,209,0" /><INIT seed="5,0,0,2,4,88" ten="318,283,190,209" oya="1" hai0="33,125,106,111,91,129,94,79,103,112,122,60,116" hai1="27,101,43,86,121,65,36,58,17,118,61,44,5" hai2="84,62,41,102,114,16,109,39,98,70,13,87,7" hai3="37,22,119,55,35,11,83,107,68,120,52,2,3"/><U96/><E118/><V31/><F109/><W40/><G35/><T30/><D116/><U28/><E5/><V49/><F39/><W71/><G107/><T47/><D111/><U25/><E86/><V42/><F114/><W29/><G120/><T97/><D112/><U74/><E74/><V10/><F31/><W38/><G83/><T63/><D122/><U66/><E121/><V76/><F7/><W81/><G81/><T46/><D129/><U45/><E45/><V113/><F113/><W127/><G127/><T26/><D79/><U8/><E25/><V89/><F76/><W126/><G126/><T6/><D6/><U99/><E66/><V69/><F84/><W130/><G130/><T134/><D134/><U12/><E101/><V0/><F0/><W15/><G40/><T51/><D125/><U57/><E58/><V67/><F49/><W72/><G72/><T133/><D133/><U124/><E124/><V59/><F70/><W110/><G110/><T64/><D51/><U123/><E123/><V20/><F10/><W48/><G48/><T34/><D33/><AGARI ba="0,0" hai="8,12,17,27,28,33,36,43,44,57,61,65,96,99" machi="33" ten="30,1500,0" yaku="7,1" doraHai="88" who="1" fromWho="0" sc="318,-15,283,15,190,0,209,0" /><INIT seed="5,1,0,2,2,108" ten="303,298,190,209" oya="1" hai0="84,29,110,41,83,43,55,46,116,97,96,80,17" hai1="48,6,68,24,71,15,132,122,16,4,72,70,8" hai2="101,94,21,32,120,14,38,87,111,119,103,64,12" hai3="35,98,45,127,113,31,126,11,92,63,19,56,118"/><U123/><E72/><V90/><F111/><W107/><G107/><T5/><D110/><U91/><E132/><V49/><F32/><W23/><G118/><T0/><D29/><U117/><E117/><V10/><F38/><W86/><G11/><T131/><D116/><U105/><E105/><V99/><F119/><W58/><G86/><T26/><D55/><U34/><E91/><V60/><F120/><W104/><G104/><T25/><D0/><U69/><E69/><V121/><F121/><W42/><G31/><T93/><D5/><U33/><E48/><V135/><F135/><W89/><G35/><T129/><D17/><U76/><E76/><V18/><F49/><N who="3" m="26807" /><G63/><T50/><D41/><U67/><E123/><V28/><F99/><N who="0" m="37962" /><D93/><U30/><E122/><V13/><F28/><W22/><G113/><T62/><D62/><U100/><E34/><V65/><F65/><W53/><G53/><T124/><D84/><U27/><E67/><V66/><F66/><W125/><G23/><T47/><D83/><U85/><E85/><V115/><F115/><W114/><G114/><T133/><D80/><U134/><E134/><V39/><F39/><W106/><G106/><T112/><D112/><U9/><E33/><V3/><F3/><W74/><G74/><T20/><D133/><U57/><E30/><V36/><F36/><W75/><G75/><T1/><D1/><U77/><E6/><V88/><F90/><W54/><G54/><T40/><D43/><U73/><E73/><V59/><F10/><W109/><G109/><T2/><D2/><U79/><E9/><RYUUKYOKU ba="1,0" sc="303,-15,298,-15,190,15,209,15" hai2="12,13,14,18,21,59,60,64,87,88,94,101,103" hai3="19,22,56,58,89,92,98,125,126,127" /><INIT seed="6,2,0,2,0,98" ten="288,283,205,224" oya="2" hai0="88,85,69,114,102,25,1,113,86,53,13,8,72" hai1="45,73,44,74,27,56,106,128,17,92,97,79,12" hai2="7,103,112,129,43,105,59,21,11,80,117,96,39" hai3="10,14,24,2,34,32,31,50,116,87,109,118,58"/><V119/><F129/><W30/><G87/><T82/><D72/><U90/><E128/><V101/><F112/><N who="0" m="43114" /><D69/><U61/><E27/><V115/><F115/><W48/><G109/><T71/><D71/><U122/><E73/><V134/><F134/><W20/><G58/><T16/><D102/><U84/><E122/><V66/><F103/><W108/><G50/><T94/><D53/><N who="1" m="33935" /><E74/><V51/><F21/><W19/><G48/><T18/><D1/><U38/><E106/><V57/><F80/><W33/><G108/><T54/><D54/><U28/><E28/><N who="3" m="10794" /><G2/><T70/><D70/><U67/><E67/><V15/><F39/><W107/><G107/><T104/><D104/><U6/><E38/><V120/><F120/><W135/><G135/><T65/><D65/><U130/><E130/><V68/><F68/><W4/><AGARI ba="2,0" hai="4,10,14,19,20,24,32,33,34,116,118" m="10794" machi="4" ten="40,2700,0" yaku="34,2" doraHai="98" who="3" fromWho="3" sc="288,-9,283,-9,205,-15,224,33" /><INIT seed="7,0,0,0,0,28" ten="279,274,190,257" oya="3" hai0="18,124,34,60,76,17,88,4,121,32,48,9,8" hai1="97,131,105,100,70,36,58,12,68,62,114,35,85" hai2="66,31,125,52,0,19,26,67,39,120,43,59,79" hai3="108,65,49,103,107,115,117,83,133,33,86,69,129"/><W87/><G117/><T127/><D121/><U134/><E114/><V44/><F120/><W84/><G115/><T126/><D76/><U72/><E36/><V99/><F125/><W56/><G69/><T3/><D88/><U5/><E72/><V24/><F0/><W20/><G33/><N who="0" m="12907" /><D60/><U128/><E35/><V90/><F79/><W46/><G107/><T71/><D71/><U132/><E85/><V89/><F31/><W13/><G103/><T2/><D48/><U102/><E100/><V93/><F90/><W54/><G133/><N who="1" m="51306" /><E68/><V11/><F26/><W112/><G112/><T96/><D96/><U91/><E91/><V135/><F135/><W74/><G74/><T37/><D37/><U25/><E70/><V22/><REACH who="2" step="1"/><F11/><REACH who="2" ten="279,274,180,257" step="2"/><W77/><G77/><T29/><D29/><U104/><E25/><V41/><F41/><W82/><G108/><T111/><D111/><U15/><E15/><V47/><F47/><W73/><G46/><T75/><D75/><U45/><E45/><V123/><F123/><W110/><G13/><T81/><D81/><U23/><E102/><V119/><F119/><W116/><G82/><T38/><D38/><U98/><E104/><V16/><F16/><W40/><G83/><T78/><D78/><U55/><E105/><V130/><F130/><N who="1" m="49705" /><E5/><AGARI ba="0,1" hai="2,3,4,5,8,9,17,18,124,126,127" m="12907" machi="5" ten="40,12000,2" yaku="18,1,34,2,52,3" doraHai="28" who="0" fromWho="1" sc="279,130,274,-120,180,0,257,0" owari="409,51.0,154,-35.0,180,-22.0,257,6.0" /></mjloggm>