<mjloggm ver="2.3"><GO type="97" lobby="0"/><UN n0="%E3%83%88%E3%83%88%E3%83%AA%E5%85%88%E7%94%9F%31%39%E6%AD%B3" n1="%49%43%48%49%53%48%49" n2="%69%62%67%7A" n3="%41%63%63%75%72%61%79" dan="14,14,13,14" rate="2029.29,1944.00,1890.81,1899.93" sx="F,M,M,M"/><TAIKYOKU oya="0"/><INIT seed="0,0,0,2,5,100" ten="250,250,250,250" oya="0" hai0="26,128,83,70,32,121,53,115,126,119,28,4,41" hai1="11,133,47,0,92,42,116,20,103,117,3,14,48" hai2="78,37,55,68,118,110,46,61,91,112,25,16,29" hai3="99,127,88,8,134,108,50,77,120,1,23,38,31"/><T64/><D115/><U43/><E3/><V24/><F78/><W93/><G108/><T72/><D119/><U17/><E133/><V66/><F110/><W39/><G134/><T35/><D121/><U34/><E34/><V86/><F112/><W12/><G127/><T49/><D126/><U40/><E0/><V135/><F135/><W85/><G120/><T114/><D114/><U106/><E92/><V67/><F66/><W132/><G132/><T111/><D111/><U75/><E75/><V7/><F7/><W105/><G1/><T33/><D128/><U15/><E116/><V52/><F29/><W101/><G50/><T76/><D4/><U98/><REACH who="1" step="1"/><E117/><REACH who="1" ten="250,240,250,250" step="2"/><V96/><F118/><W5/><REACH who="3" step="1"/><G77/><REACH who="3" ten="250,240,250,240" step="2"/><T113/><D113/><U58/><E58/><V2/><F2/><W30/><G30/><T22/><D76/><U95/><E95/><V60/><F68/><W97/><G97/><T102/><D70/><U73/><E73/><V130/><F96/><W74/><G74/><T54/><D72/><U124/><E124/><V6/><F46/><W125/><G125/><T21/><D28/><U9/><E9/><V131/><F131/><W104/><G104/><T80/><D80/><U19/><AGARI ba="0,2" hai="11,14,15,17,19,20,40,42,43,47,48,98,103,106" machi="19" ten="20,5200,0" yaku="1,1,0,1,7,1,52,1,53,0" doraHai="100" doraHaiUra="63" who="1" fromWho="1" sc="250,-26,240,72,250,-13,240,-13" /><INIT seed="1,0,0,5,2,89" ten="224,312,237,227" oya="1" hai0="74,85,59,80,122,101,72,110,67,73,123,29,43" hai1="62,46,39,79,121,88,96,113,95,8,44,1,45" hai2="4,30,69,71,34,21,112,57,77,61,84,6,14" hai3="94,104,100,131,91,27,51,98,64,49,83,60,42"/><U127/><E79/><V87/><F112/><W116/><G131/><T99/><D43/><U66/><E127/><V19/><F34/><W130/><G130/><T75/><D29/><U115/><E39/><V103/><F30/><W125/><G125/><T28/><D28/><U11/><E121/><N who="0" m="46089" /><D67/><U105/><E105/><V54/><F71/><W5/><G27/><T81/><D59/><U41/><E41/><V114/><F69/><W78/><G116/><T31/><D31/><U135/><E135/><V10/><F114/><W9/><G42/><T15/><D15/><U24/><E24/><V102/><F6/><W93/><G104/><N who="0" m="63551" /><D110/><U92/><E113/><V38/><F38/><W106/><G106/><T86/><D74/><U7/><E115/><V20/><F21/><W128/><G64/><T55/><D55/><U22/><E22/><V119/><F119/><W68/><G68/><T56/><D56/><N who="1" m="37191" /><E1/><V134/><F134/><W107/><G9/><T132/><D132/><U65/><E65/><V90/><F10/><W76/><G60/><T108/><D108/><U126/><E7/><V18/><F19/><W50/><G5/><T82/><AGARI ba="0,0" hai="72,73,75,80,81,82,85,86" m="63551,46089" machi="82" ten="40,5200,0" yaku="13,1,34,2" doraHai="89" who="0" fromWho="0" sc="224,52,312,-26,237,-13,227,-13" /><INIT seed="2,0,0,1,0,85" ten="276,286,224,214" oya="2" hai0="44,119,35,2,17,63,62,114,32,37,92,56,94" hai1="105,59,128,78,91,125,115,27,82,71,60,7,109" hai2="96,16,89,31,6,113,49,20,11,5,23,118,68" hai3="3,38,41,133,66,79,76,90,131,102,100,8,42"/><V108/><F113/><W87/><G66/><T97/><D114/><U29/><E105/><V36/><F36/><W112/><G112/><T126/><D2/><U73/><E115/><V14/><F68/><W98/><G131/><T45/><D126/><U99/><E125/><V57/><F118/><W69/><G69/><T46/><D37/><U10/><E71/><V19/><F31/><W1/><G133/><T132/><D132/><U34/><E128/><V104/><F108/><W121/><G121/><T129/><D129/><U110/><E99/><V84/><F96/><W28/><G28/><T74/><D74/><U47/><E47/><V120/><F104/><W116/><G98/><T83/><D119/><U24/><E24/><N who="2" m="14343" /><F11/><W75/><G38/><T134/><D134/><U61/><E91/><V124/><F120/><W30/><G8/><T86/><D35/><U13/><REACH who="1" step="1"/><E60/><REACH who="1" ten="276,276,224,214" step="2"/><V55/><F124/><W135/><G135/><T101/><D62/><U70/><E70/><V33/><F33/><W9/><G116/><T122/><D32/><U12/><E12/><V123/><F123/><W111/><G111/><T93/><D122/><U77/><E77/><V18/><F19/><W107/><G79/><N who="0" m="46463" /><D17/><U25/><E25/><V64/><F6/><W103/><G76/><T0/><D0/><U40/><E40/><V58/><F5/><W80/><G3/><T72/><D97/><U88/><E88/><V4/><F4/><N who="3" m="1167" /><G41/><T22/><D63/><U130/><E130/><V67/><F58/><W127/><G127/><T48/><D56/><U106/><E106/><V95/><AGARI ba="0,1" hai="14,18,23,49,55,57,64,67,84,89,95" m="14343" machi="95" ten="30,12000,1" yaku="5,1,25,1,8,1,52,1,54,1" doraHai="85" who="2" fromWho="2" sc="276,-40,276,-40,224,130,214,-40" /><INIT seed="2,1,0,0,5,102" ten="236,236,354,174" oya="2" hai0="115,57,55,114,21,101,84,0,48,61,86,9,123" hai1="135,29,47,39,20,52,121,77,71,79,94,133,40" hai2="75,7,129,103,5,100,11,41,1,95,28,16,56" hai3="80,92,134,118,82,27,24,74,109,67,44,12,25"/><V34/><F75/><W58/><G118/><T53/><D123/><U49/><E71/><V106/><F106/><W70/><G134/><T117/><D117/><U111/><E121/><V125/><F41/><W124/><G124/><T43/><D43/><U81/><E94/><V126/><F7/><W107/><G109/><T113/><D101/><U69/><E69/><V23/><F129/><W3/><G3/><T19/><D9/><U83/><E83/><V85/><F56/><W26/><G70/><T35/><D35/><U22/><E79/><V37/><F37/><W15/><G44/><T59/><REACH who="0" step="1"/><D0/><REACH who="0" ten="226,236,354,174" step="2"/><U45/><E111/><V131/><F131/><W4/><G27/><AGARI ba="1,1" hai="19,21,27,48,53,55,57,59,61,84,86,113,114,115" machi="27" ten="40,2600,0" yaku="1,1,2,1,53,0" doraHai="102" doraHaiUra="89" who="0" fromWho="3" sc="226,39,236,0,354,0,174,-29" /><INIT seed="3,0,0,3,1,71" ten="265,236,354,145" oya="3" hai0="1,134,57,120,13,70,2,52,20,110,3,113,54" hai1="56,61,102,47,22,69,114,135,108,23,62,49,35" hai2="68,123,82,119,11,92,93,4,122,25,33,74,84" hai3="112,90,72,6,39,16,17,31,28,130,109,34,64"/><W59/><G39/><T73/><D120/><N who="2" m="46122" /><F68/><W10/><G72/><T38/><D70/><U44/><E35/><V50/><F119/><W24/><G90/><T105/><D105/><U53/><E69/><V126/><F126/><W129/><G64/><T60/><D73/><U85/><E114/><V87/><F74/><W27/><G59/><T83/><D113/><U106/><E106/><V14/><F50/><W29/><G112/><T8/><D110/><U97/><E102/><V5/><F87/><W94/><G94/><T127/><D127/><U18/><E97/><V66/><F66/><W124/><G124/><T65/><D134/><U77/><E108/><V132/><F132/><W0/><G109/><T99/><D20/><U41/><E62/><V75/><F75/><W51/><G51/><T80/><D99/><U79/><E23/><V118/><F118/><W30/><G27/><T67/><D67/><U131/><E135/><V19/><F92/><W104/><G104/><T89/><D38/><U48/><E85/><V111/><F93/><W98/><G98/><T40/><D40/><U128/><E128/><AGARI ba="0,0" hai="0,6,10,16,17,24,28,29,30,31,34,128,129,130" machi="128" ten="40,12000,1" yaku="19,1,34,3,54,1" doraHai="71" who="3" fromWho="1" sc="265,0,236,-120,354,0,145,120" /><INIT seed="3,1,0,1,3,41" ten="265,116,354,265" oya="3" hai0="123,130,37,66,129,78,39,72,47,95,70,75,84" hai1="106,24,122,57,4,81,11,44,83,55,30,20,43" hai2="125,46,12,77,64,96,52,90,108,100,61,119,91" hai3="38,36,131,60,54,99,104,126,23,92,25,102,10"/><W68/><G126/><T74/><D123/><U101/><E106/><V53/><F119/><W124/><G124/><T17/><D70/><U1/><E101/><V88/><F125/><W62/><G131/><N who="0" m="50187" /><D66/><U133/><E122/><V105/><F108/><W82/><G10/><T128/><N who="0" m="50195" /><T117/><DORA hai="26" /><D117/><U86/><E133/><V114/><F77/><W45/><G82/><N who="0" m="47191" /><D17/><U0/><E0/><V134/><F134/><W98/><G68/><T109/><D109/><U113/><E113/><V49/><F114/><W112/><G112/><T31/><D47/><U103/><E103/><V27/><F91/><W116/><G116/><T107/><D107/><U110/><E110/><V7/><F27/><W94/><G104/><T35/><D95/><U80/><E55/><V67/><F53/><W16/><G38/><T9/><D9/><U93/><E93/><V40/><F40/><W73/><G73/><T28/><D35/><U42/><E57/><V34/><F34/><W48/><G36/><AGARI ba="1,0" hai="28,31,36,37,39,72,74,75" m="47191,50195" machi="36" ten="50,6400,0" yaku="19,1,52,2" doraHai="41,26" who="0" fromWho="3" sc="265,67,116,0,354,0,265,-67" owari="332,13.0,116,-38.0,354,45.0,198,-20.0" /></mjloggm>