<mjloggm ver="2.3"><GO type="169" lobby="0"/><UN n0="%6D%6F%74%69%37%32%2E%2E" n1="%E3%81%93%E3%82%8C%E3%81%AF%E6%95%99%E8%82%B2%E3%82%84%E3%82%8D%E3%81%AA" n2="%E3%82%A6%E3%83%92%E3%83%A7%E5%8A%A9" n3="%E5%B0%B1%E6%B4%BB%E7%94%9F%40%E5%B7%9D%E6%9D%91%E8%BB%8D%E5%9B%A3" dan="16,16,17,16" rate="2089.47,2057.38,2145.90,2047.99" sx="M,F,M,M"/><TAIKYOKU oya="0"/><INIT seed="0,0,0,5,4,104" ten="250,250,250,250" oya="0" hai0="113,38,20,98,60,0,128,126,47,88,94,58,73" hai1="11,52,63,74,115,132,90,4,122,42,15,91,46" hai2="28,29,56,114,84,102,3,33,39,9,117,1,131" hai3="27,65,123,100,78,44,71,133,6,86,31,8,82"/><T111/><D113/><U7/><E122/><V96/><F114/><W21/><G123/><T18/><D0/><U23/><E115/><V72/><F117/><W105/><G133/><T13/><D128/><U19/><E132/><V66/><F131/><W101/><G105/><T75/><D126/><U45/><E74/><V16/><F39/><W134/><G134/><T53/><REACH who="0" step="1"/><D111/><REACH who="0" ten="240,250,250,250" step="2"/><U17/><E7/><V79/><F3/><W22/><G22/><T57/><D57/><U93/><E4/><V37/><F1/><W69/><G71/><T64/><D64/><U124/><E23/><V95/><F66/><W61/><G44/><T130/><D130/><U116/><E46/><V81/><F56/><W118/><G118/><T99/><D99/><U35/><E45/><V112/><F112/><W89/><G89/><T25/><D25/><U40/><E90/><V32/><F96/><W107/><G107/><T87/><D87/><U85/><E124/><V36/><F84/><W10/><G10/><T54/><D54/><U110/><E110/><V119/><F9/><W135/><G135/><T67/><D67/><U109/><E109/><V68/><F119/><W125/><G125/><T92/><D92/><U14/><E116/><V55/><F95/><W76/><G65/><T59/><D59/><N who="1" m="35303" /><E35/><V83/><F32/><W108/><G69/><T26/><D26/><U24/><E24/><V77/><F33/><W70/><G70/><T41/><AGARI ba="0,1" hai="13,18,20,38,41,47,53,58,60,73,75,88,94,98" machi="41" ten="30,12000,1" yaku="1,1,0,1,52,2,54,1,53,0" doraHai="104" doraHaiUra="121" who="0" fromWho="0" sc="240,130,250,-40,250,-40,250,-40" /><INIT seed="0,1,0,4,3,70" ten="370,210,210,210" oya="0" hai0="34,12,43,121,49,16,114,101,69,105,85,130,63" hai1="45,132,54,13,90,31,52,128,106,18,22,103,37" hai2="83,59,64,32,47,23,2,41,6,111,77,117,91" hai3="55,79,48,21,109,10,1,9,51,0,89,36,112"/><T71/><D114/><U96/><E132/><V118/><F32/><W38/><G21/><T40/><D121/><U61/><E128/><V74/><F111/><W78/><G55/><T42/><D34/><U60/><E31/><V131/><F131/><W58/><G58/><T76/><D130/><U56/><E90/><V80/><F23/><W73/><G89/><T113/><D113/><U123/><E123/><V65/><F91/><W95/><G95/><T125/><D125/><U53/><REACH who="1" step="1"/><E56/><REACH who="1" ten="370,200,210,210" step="2"/><V82/><F59/><W102/><G112/><T14/><D71/><U75/><E75/><V46/><F74/><W134/><G73/><T110/><D69/><U124/><E124/><V94/><F77/><W25/><G134/><T24/><D76/><U3/><E3/><V116/><F2/><W86/><G102/><T135/><D101/><U93/><E93/><V30/><F30/><W7/><G86/><T92/><D85/><U104/><E104/><V100/><F94/><W27/><REACH who="3" step="1"/><G7/><REACH who="3" ten="370,200,210,200" step="2"/><T29/><D92/><U107/><E107/><V19/><F100/><W88/><G88/><T17/><D105/><U81/><E81/><V99/><F6/><W8/><G8/><T50/><D135/><U35/><E35/><V66/><F19/><W26/><G26/><T108/><D24/><U11/><E11/><V39/><F99/><W87/><G87/><T44/><D17/><U126/><E126/><V33/><F33/><W62/><G62/><T5/><D63/><U129/><E129/><V28/><F28/><W67/><G67/><T15/><D16/><U119/><E119/><RYUUKYOKU ba="1,2" sc="370,-30,200,10,210,10,200,10" hai1="13,18,22,37,45,52,53,54,60,61,96,103,106" hai2="39,41,46,47,64,65,66,80,82,83,116,117,118" hai3="0,1,9,10,25,27,36,38,48,51,78,79,109" /><INIT seed="1,2,2,4,2,28" ten="340,210,220,210" oya="1" hai0="61,80,90,95,43,69,106,109,49,93,114,72,65" hai1="110,122,30,89,38,76,123,18,104,134,36,4,121" hai2="40,126,70,37,85,128,44,7,41,34,96,84,71" hai3="57,117,78,14,27,111,99,51,15,81,124,74,16"/><U131/><E104/><V47/><F128/><W62/><G117/><T125/><D106/><U60/><E131/><V101/><F126/><W42/><G111/><T21/><D114/><U35/><E110/><V63/><F7/><W39/><G124/><T45/><D125/><U6/><E76/><V53/><F85/><W94/><G39/><T92/><D109/><U105/><E105/><N who="2" m="63655" /><F84/><W59/><G27/><T79/><REACH who="0" step="1"/><D21/><REACH who="0" ten="330,210,220,210" step="2"/><U12/><E123/><V20/><F20/><W100/><G62/><T54/><D54/><U107/><E60/><V19/><F53/><W112/><G112/><T31/><D31/><U5/><E30/><V33/><F63/><W1/><G1/><T88/><AGARI ba="2,3" hai="43,45,49,61,65,69,72,79,80,88,90,92,93,95" machi="88" ten="30,12000,2" yaku="1,1,0,1,54,1,53,3" doraHai="28" doraHaiUra="91" who="0" fromWho="0" sc="330,156,210,-62,220,-32,210,-32" /><INIT seed="2,0,0,1,5,111" ten="486,148,188,178" oya="2" hai0="17,25,107,14,87,88,93,7,128,121,98,38,127" hai1="90,4,12,71,8,120,74,52,16,108,106,77,117" hai2="112,89,31,131,64,2,134,39,56,43,80,34,28" hai3="47,11,40,9,54,92,0,110,66,95,30,55,29"/><V51/><F2/><W113/><G110/><T114/><D121/><U125/><E108/><V24/><F112/><W69/><G0/><T105/><D38/><U37/><E117/><V61/><F134/><W85/><G69/><T15/><D114/><U102/><E71/><V33/><F131/><W41/><G85/><T119/><D127/><U48/><E37/><V57/><F39/><W115/><REACH who="3" step="1"/><G47/><REACH who="3" ten="486,148,188,168" step="2"/><T23/><D87/><U91/><E120/><V126/><F126/><W20/><G20/><T72/><D23/><U45/><E125/><V122/><F122/><W5/><G5/><T63/><D7/><U101/><E4/><V96/><F33/><W100/><G100/><T116/><D116/><U27/><E101/><V36/><F34/><W124/><G124/><T73/><D119/><U132/><E132/><V82/><F56/><W70/><G70/><T59/><D59/><U99/><REACH who="1" step="1"/><E27/><REACH who="1" ten="486,138,188,168" step="2"/><V97/><F24/><W62/><G62/><T103/><D63/><U68/><E68/><V135/><F61/><W78/><G78/><T6/><D6/><U18/><E18/><V42/><F135/><W109/><G109/><T79/><D79/><U35/><E35/><V118/><F118/><W22/><G22/><T129/><D103/><U83/><AGARI ba="0,2" hai="8,12,16,45,48,52,74,77,83,90,91,99,102,106" machi="83" ten="30,7900,0" yaku="1,1,0,1,54,2,53,0" doraHai="111" doraHaiUra="26" who="1" fromWho="1" sc="486,-20,138,99,188,-39,168,-20" /><INIT seed="3,0,0,3,1,44" ten="466,237,149,148" oya="3" hai0="75,8,56,123,110,17,130,65,0,85,106,78,35" hai1="37,76,95,14,3,94,88,72,98,15,52,89,67" hai2="39,105,115,71,124,38,19,81,50,27,2,22,1" hai3="6,127,59,111,80,32,104,64,45,113,134,49,61"/><W107/><G113/><T31/><D106/><U84/><E3/><V90/><F71/><W30/><G127/><T77/><D75/><U125/><E37/><V132/><F124/><W133/><G6/><T79/><D123/><U42/><E42/><V43/><F105/><W69/><G69/><T9/><D85/><U16/><E67/><V126/><F115/><W99/><G111/><T46/><D31/><U10/><E14/><V4/><F126/><W131/><G131/><T119/><D35/><U70/><E70/><V66/><F66/><W86/><G30/><T55/><D0/><U7/><E52/><V109/><F109/><W112/><G32/><T97/><D97/><U20/><E7/><V13/><F132/><N who="3" m="50795" /><G99/><T96/><D96/><U121/><E121/><V83/><F2/><W68/><G68/><T28/><D28/><U18/><E125/><V128/><F128/><W29/><G29/><T102/><D17/><U47/><E18/><V74/><F74/><W63/><G63/><T62/><D110/><U60/><E60/><V5/><F1/><W116/><G116/><T51/><D130/><U108/><E108/><V120/><F120/><W41/><G112/><T118/><D118/><U57/><E72/><V87/><F5/><W11/><G11/><N who="0" m="4171" /><D119/><U91/><E10/><N who="2" m="4295" /><F81/><W34/><G34/><T103/><AGARI ba="0,0" hai="46,51,55,56,62,65,77,78,79,102,103" m="4171" machi="103" ten="30,2000,0" yaku="8,1,52,1" doraHai="44" who="0" fromWho="0" sc="466,20,237,-5,149,-5,148,-10" /><INIT seed="4,0,0,5,2,49" ten="486,232,144,138" oya="0" hai0="50,132,79,74,57,2,4,9,127,54,93,36,19" hai1="26,41,91,107,8,39,135,89,55,65,45,38,14" hai2="88,35,72,125,123,78,6,92,63,40,105,31,56" hai3="122,12,114,71,110,52,98,68,75,37,118,29,85"/><T95/><D36/><U0/><E107/><V115/><F105/><W121/><G75/><T103/><D132/><U81/><E38/><V108/><F123/><N who="3" m="47115" /><G37/><T117/><D103/><U106/><E106/><V116/><F115/><W99/><G110/><T32/><D32/><U87/><E65/><V70/><F108/><W13/><G29/><T130/><D130/><U102/><E102/><V44/><F125/><W133/><G118/><T113/><D113/><U48/><E0/><V101/><F101/><W16/><G12/><T34/><D34/><U5/><E135/><V80/><F116/><W62/><G85/><T61/><D127/><U42/><E26/><V128/><F128/><W109/><G133/><T120/><D117/><U64/><E64/><V67/><F6/><W104/><G109/><T69/><D74/><U82/><E39/><V30/><F70/><N who="3" m="26667" /><G104/><T97/><D69/><U33/><E33/><V77/><F77/><W86/><G86/><AGARI ba="0,0" hai="5,8,14,41,42,45,48,55,81,82,86,87,89,91" machi="86" ten="40,5200,0" yaku="9,1,8,1,52,1" doraHai="49" who="1" fromWho="3" sc="486,0,232,52,144,0,138,-52" /><INIT seed="5,0,0,1,4,113" ten="486,284,144,86" oya="1" hai0="115,55,65,56,48,1,40,63,34,73,122,100,24" hai1="109,99,85,103,42,31,21,38,77,84,8,81,120" hai2="2,57,10,121,93,128,107,98,61,11,116,52,87" hai3="114,70,96,51,30,19,47,133,123,79,46,111,69"/><U49/><E120/><V129/><F121/><W118/><G79/><T68/><D1/><U9/><E38/><V7/><F116/><W74/><G30/><T108/><D108/><U90/><E109/><V131/><F107/><W44/><G74/><T3/><D3/><U6/><E31/><V58/><F87/><W75/><G75/><T39/><D73/><U117/><E21/><V124/><F124/><W18/><G111/><T5/><D5/><U16/><E117/><V105/><F105/><W134/><G114/><T29/><D115/><U15/><E99/><V82/><F82/><W26/><G26/><T41/><D122/><U132/><E103/><V125/><F125/><W95/><G51/><T22/><D22/><U106/><E106/><V86/><F86/><W67/><G123/><T130/><D130/><U23/><E6/><V54/><F7/><W76/><G76/><T45/><D40/><U32/><E32/><V88/><F2/><W97/><G67/><T35/><D35/><U110/><E132/><N who="3" m="50794" /><G95/><T25/><D25/><U59/><E59/><V80/><F80/><W135/><N who="3" m="50802" /><W62/><DORA hai="126" /><G62/><AGARI ba="0,0" hai="10,11,52,54,57,58,61,62,88,93,98,128,129,131" machi="62" ten="40,12000,2" yaku="9,1,19,1,52,3,54,2" doraHai="113,126" who="2" fromWho="3" sc="486,0,284,0,144,120,86,-120" owari="486,59.0,284,8.0,264,-14.0,-34,-53.0" /></mjloggm>