<mjloggm ver="2.3"><GO type="41" lobby="0"/><UN n0="%77%65%73%74%77%6F%6F%64" n1="%E5%87%BA%E9%99%A3%E3%83%A9%E3%83%83%E3%82%B7%E3%83%A5" n2="%E3%83%8B%E3%83%A3%E3%83%A2%E3%83%8A%E3%83%A2%E3%83%9F" n3="%E5%B0%B1%E6%B4%BB%E7%94%9F%40%E5%B7%9D%E6%9D%91%E8%BB%8D%E5%9B%A3" dan="13,13,14,14" rate="1897.54,1859.55,1970.41,1960.80" sx="M,M,F,M"/><TAIKYOKU oya="0"/><INIT seed="0,0,0,4,1,23" ten="250,250,250,250" oya="0" hai0="62,48,57,64,4,95,77,49,81,132,29,74,38" hai1="14,20,1,105,90,113,25,124,134,83,39,10,6" hai2="7,99,19,72,97,50,59,126,30,79,5,0,70" hai3="8,52,96,69,123,75,31,56,119,15,125,93,12"/><T89/><D132/><U26/><E105/><V115/><F115/><W67/><G119/><T68/><D38/><U46/><E113/><V98/><F126/><W109/><G75/><T21/><D4/><U121/><E121/><V73/><F70/><W130/><G123/><T86/><D68/><U24/><E134/><V16/><F79/><W116/><G116/><T87/><D74/><N who="2" m="28778" /><F30/><W122/><G122/><T63/><D62/><U32/><E124/><V2/><F59/><W42/><G125/><T66/><D64/><U114/><E114/><V91/><F50/><W128/><G42/><T54/><D66/><U61/><E61/><V41/><F41/><W101/><G109/><T118/><D118/><U112/><E112/><V51/><F51/><W58/><G69/><T40/><D40/><U102/><E102/><V34/><F34/><W80/><G80/><T55/><D54/><U78/><E90/><V3/><F91/><W47/><G31/><T100/><D100/><U103/><E103/><V28/><F28/><W76/><G76/><T35/><D35/><U36/><E32/><V110/><F110/><W53/><G15/><T60/><D63/><U88/><E78/><V9/><F9/><W120/><G120/><T127/><REACH who="0" step="1"/><D127/><REACH who="0" ten="240,250,250,250" step="2"/><U11/><E39/><V107/><F107/><W43/><G67/><T85/><D85/><N who="1" m="50239" /><E36/><V104/><F104/><W17/><G53/><T84/><D84/><U22/><E46/><V133/><F133/><W27/><G52/><T129/><D129/><N who="3" m="49769" /><G43/><T37/><D37/><U131/><E131/><V82/><F82/><W44/><G101/><RYUUKYOKU ba="0,1" sc="240,10,250,10,250,10,250,-30" hai0="21,29,48,49,55,57,60,77,81,86,87,89,95" hai1="1,6,10,11,14,20,22,24,25,26" hai2="0,2,3,5,7,16,19,97,98,99" /><INIT seed="0,1,1,1,5,2" ten="250,260,260,220" oya="0" hai0="111,3,129,45,5,83,29,68,126,19,14,37,82" hai1="89,116,133,88,11,105,21,26,135,56,49,110,48" hai2="15,28,39,20,38,75,72,125,120,24,134,64,106" hai3="22,47,101,16,117,109,43,35,76,23,92,8,103"/><T128/><D68/><U57/><E105/><V62/><F120/><W100/><G35/><T7/><D126/><U118/><E11/><V36/><F125/><W42/><G117/><T96/><D3/><U4/><E21/><N who="3" m="7690" /><G109/><T78/><D29/><U40/><E26/><V127/><F127/><W55/><G76/><T66/><D66/><U51/><E110/><V71/><F134/><N who="1" m="51209" /><E40/><N who="3" m="15402" /><G92/><T115/><D115/><U46/><E46/><V61/><F106/><W131/><G131/><N who="0" m="50251" /><D111/><U34/><E34/><V6/><F62/><W32/><G32/><T102/><D37/><U30/><E30/><V53/><F53/><W54/><G47/><T90/><D45/><U44/><E44/><V59/><REACH who="2" step="1"/><F71/><REACH who="2" ten="250,260,250,220" step="2"/><W77/><G77/><T80/><D78/><U98/><E118/><V73/><F73/><W87/><G55/><T27/><D90/><U74/><E89/><V1/><F1/><W50/><G54/><T33/><D33/><U97/><E88/><V13/><F13/><N who="3" m="7207" /><G50/><T132/><D27/><U10/><E74/><V130/><F130/><W79/><G79/><T86/><D132/><U119/><E119/><V108/><F108/><W107/><G107/><N who="0" m="63943" /><D86/><AGARI ba="1,2" hai="86,87,100,101,103" m="7207,15402,7690" machi="86" ten="30,2000,0" yaku="8,1,54,1" doraHai="2" who="3" fromWho="0" sc="250,-23,260,0,250,0,220,43" /><INIT seed="1,0,0,1,4,112" ten="227,260,250,263" oya="1" hai0="23,77,113,60,107,83,90,30,133,131,87,40,72" hai1="59,122,95,13,128,108,79,58,22,48,6,65,37" hai2="54,102,61,98,96,135,46,34,16,17,71,68,20" hai3="69,85,105,117,84,125,70,26,5,75,119,45,42"/><U100/><E37/><V118/><F34/><W12/><G75/><T121/><D113/><U4/><E122/><V116/><F46/><W104/><G125/><T74/><D121/><U14/><E79/><V47/><F47/><W25/><G5/><T86/><D107/><N who="3" m="41033" /><G12/><T27/><D131/><U24/><E128/><V67/><F54/><W11/><G11/><T66/><D133/><U10/><E108/><V129/><F129/><W3/><G3/><T73/><D40/><U97/><E48/><V91/><F135/><W50/><G26/><T82/><REACH who="0" step="1"/><D74/><REACH who="0" ten="217,260,250,263" step="2"/><U124/><E124/><V19/><F71/><AGARI ba="0,1" hai="23,27,30,60,66,71,72,73,77,82,83,86,87,90" machi="71" ten="30,3900,0" yaku="1,1,2,1,7,1,53,0" doraHai="112" doraHaiUra="120" who="0" fromWho="2" sc="217,49,260,0,250,-39,263,0" /><INIT seed="2,0,0,2,1,55" ten="266,260,211,263" oya="2" hai0="22,32,126,23,79,133,12,113,129,100,111,36,27" hai1="13,69,24,20,112,83,109,89,98,41,120,11,25" hai2="88,4,6,63,54,26,107,53,52,31,62,92,118" hai3="65,45,35,34,99,43,86,123,58,18,80,59,115"/><V134/><F107/><W51/><G123/><T82/><D113/><U74/><E69/><V127/><F118/><W61/><G115/><T71/><D32/><U57/><E112/><V135/><F127/><W46/><G99/><T105/><D126/><U95/><E41/><V66/><F31/><W130/><G130/><T106/><D129/><U56/><E120/><V121/><F26/><W72/><G72/><T3/><D3/><U114/><E114/><V64/><F121/><W119/><G119/><T37/><D71/><U48/><E109/><V110/><F110/><W10/><G46/><T60/><D111/><U21/><E48/><V103/><F103/><W19/><G59/><N who="1" m="22602" /><E83/><V125/><F125/><W131/><G131/><T132/><D106/><U104/><E74/><V29/><F29/><W122/><G122/><T76/><D60/><N who="2" m="23082" /><F92/><W91/><G34/><T9/><D105/><U68/><E68/><V0/><F0/><W14/><G35/><T16/><D37/><U81/><E81/><V5/><F88/><W73/><G73/><T67/><D82/><U40/><E40/><V94/><F94/><W96/><G96/><T33/><D33/><U116/><E104/><V30/><F30/><W39/><G39/><T101/><D100/><U78/><E78/><V38/><F38/><W77/><G91/><T102/><D79/><U87/><E87/><V117/><F117/><W49/><G49/><T97/><D76/><U75/><E75/><V28/><F28/><W1/><G1/><T93/><D36/><U15/><E116/><V42/><F42/><W2/><G2/><RYUUKYOKU ba="0,0" sc="266,-15,260,-15,211,15,263,15" hai2="4,5,6,52,53,54,64,66,134,135" hai3="10,14,18,19,43,45,51,58,61,65,77,80,86" /><INIT seed="2,1,0,2,0,104" ten="251,245,226,278" oya="2" hai0="35,17,6,44,36,62,51,110,92,46,133,134,13" hai1="65,59,72,10,67,30,3,106,86,128,68,48,88" hai2="115,1,103,108,81,16,54,132,126,119,109,100,42" hai3="91,45,20,8,117,120,107,26,7,12,58,118,57"/><V33/><F119/><W127/><G120/><T125/><D35/><U124/><E106/><V24/><F115/><W41/><G107/><T9/><D110/><N who="2" m="42602" /><F1/><W77/><G127/><T27/><D125/><U4/><E124/><V53/><F126/><W34/><G34/><T101/><D62/><U61/><E128/><V0/><F0/><W96/><G77/><T75/><D75/><U18/><E30/><N who="2" m="19655" /><F132/><W70/><G70/><T90/><D101/><N who="2" m="38986" /><F42/><W40/><G118/><T105/><D105/><U87/><E87/><V99/><F99/><W85/><G96/><T111/><D111/><U21/><E72/><V5/><F5/><W63/><G117/><T95/><D95/><U49/><E68/><V50/><F50/><W2/><G2/><T32/><D51/><U129/><E129/><V89/><F16/><N who="3" m="12551" /><G45/><T84/><D32/><U97/><E97/><V73/><F89/><W98/><G98/><T39/><D39/><U14/><REACH who="1" step="1"/><E67/><REACH who="1" ten="251,235,226,278" step="2"/><V135/><F135/><W64/><G64/><T55/><D134/><U60/><E60/><V121/><F121/><W76/><G63/><T94/><D133/><U93/><AGARI ba="1,1" hai="3,4,10,14,18,21,48,49,59,61,65,86,88,93" machi="93" ten="20,5200,0" yaku="1,1,0,1,7,1,54,1,53,0" doraHai="104" doraHaiUra="37" who="1" fromWho="1" sc="251,-14,235,65,226,-27,278,-14" /><INIT seed="3,0,0,0,0,132" ten="237,300,199,264" oya="3" hai0="98,41,18,6,75,28,48,135,31,34,68,74,57" hai1="63,53,114,61,46,96,120,33,49,30,122,83,66" hai2="77,104,133,81,23,67,128,14,80,15,43,65,3" hai3="84,45,70,16,36,24,121,54,35,123,17,112,29"/><W12/><G70/><T21/><D68/><U117/><E117/><V73/><F3/><W32/><G32/><T118/><D118/><U115/><E96/><V78/><F133/><W52/><G112/><T62/><D135/><U119/><E83/><V100/><F128/><W127/><G127/><T56/><D6/><U92/><E92/><V106/><F23/><W86/><G36/><T72/><D34/><U40/><E30/><V103/><REACH who="2" step="1"/><F43/><REACH who="2" ten="237,300,189,264" step="2"/><W113/><G113/><N who="1" m="43018" /><E33/><V2/><F2/><W131/><G131/><T20/><D20/><U93/><E119/><V101/><F101/><W11/><G121/><N who="1" m="46698" /><E93/><V116/><F116/><W1/><G123/><T9/><D9/><U44/><E66/><V108/><F108/><W55/><G1/><T88/><D41/><U22/><E22/><V102/><F102/><W126/><G126/><T97/><D31/><U60/><E40/><V82/><F82/><W37/><G37/><T59/><D28/><U85/><E85/><V91/><F91/><W58/><G45/><AGARI ba="0,1" hai="44,45,46,49,53,60,61,63" m="46698,43018" machi="45" ten="40,2600,0" yaku="34,2" doraHai="132" who="1" fromWho="3" sc="237,0,300,36,189,0,264,-26" /><INIT seed="4,0,0,1,1,2" ten="237,336,189,238" oya="0" hai0="64,52,55,69,80,0,19,103,106,114,91,89,108" hai1="66,109,73,125,93,68,18,51,85,24,7,71,60" hai2="81,115,57,40,67,127,63,38,13,133,32,49,135" hai3="101,43,79,112,100,124,90,42,122,78,123,88,3"/><T25/><D108/><U132/><E109/><V104/><F104/><W53/><G3/><T23/><D114/><U72/><E71/><V21/><F32/><W134/><G53/><T31/><D0/><U131/><E132/><V54/><F81/><W37/><G37/><T98/><D91/><N who="3" m="34857" /><G112/><T113/><D113/><U48/><E85/><V105/><F105/><W20/><G20/><T15/><D15/><U76/><E76/><N who="3" m="29226" /><G124/><T33/><D80/><U120/><E93/><V35/><F35/><W62/><G62/><T65/><D89/><U128/><E125/><V102/><F102/><N who="3" m="39531" /><G134/><N who="2" m="51209" /><F21/><W12/><G12/><N who="0" m="9703" /><D65/><U30/><E18/><V61/><F13/><W22/><G22/><T99/><D98/><U121/><E51/><V94/><F127/><W45/><G45/><T84/><D84/><U59/><E48/><V82/><F63/><AGARI ba="0,0" hai="25,31,33,52,55,63,64,69,99,103,106" m="9703" machi="63" ten="30,2900,0" yaku="25,1,54,1" doraHai="2" who="0" fromWho="2" sc="237,29,336,0,189,-29,238,0" /><INIT seed="4,1,0,0,5,19" ten="266,336,160,238" oya="0" hai0="42,97,132,124,39,5,123,85,100,133,20,76,31" hai1="62,74,48,33,77,112,14,0,122,103,130,53,37" hai2="73,40,65,75,115,36,127,35,81,2,78,91,88" hai3="8,4,134,16,59,128,49,96,10,69,61,87,68"/><T58/><D123/><U9/><E122/><V90/><F35/><W125/><G125/><T60/><D124/><U46/><E33/><V29/><F29/><W64/><G128/><T135/><D5/><U83/><E0/><V111/><F65/><W43/><G134/><T107/><D42/><U24/><E130/><V1/><F127/><W86/><G69/><T32/><D39/><U71/><E112/><V94/><F111/><W25/><G96/><T118/><D32/><U121/><E121/><V108/><F108/><W82/><G87/><T17/><D31/><U22/><E103/><V28/><F28/><W70/><G70/><T99/><D97/><U47/><E71/><V7/><F115/><W52/><G43/><T84/><D76/><U106/><E106/><V50/><F50/><W13/><G25/><N who="0" m="14479" /><D118/><U51/><E62/><V120/><F120/><W66/><G66/><AGARI ba="1,0" hai="58,60,66,84,85,99,100,107,132,133,135" m="14479" machi="66" ten="30,2900,0" yaku="20,1,52,1" doraHai="19" who="0" fromWho="3" sc="266,32,336,0,160,0,238,-32" /><INIT seed="4,2,0,5,3,66" ten="298,336,160,206" oya="0" hai0="126,44,0,83,79,70,3,58,36,92,97,11,57" hai1="125,104,51,77,20,67,13,19,127,32,35,12,120" hai2="96,14,4,6,103,78,10,1,74,24,40,45,94" hai3="76,134,22,26,72,124,88,64,27,53,82,47,84"/><T43/><D126/><U98/><E120/><V17/><F24/><W21/><G124/><N who="1" m="47690" /><E77/><V37/><F6/><W106/><G106/><T46/><D44/><U100/><E51/><V108/><F108/><W59/><G134/><T61/><D3/><U23/><E67/><V113/><F113/><W2/><G2/><T18/><D70/><U131/><E131/><V63/><F63/><W34/><G34/><N who="1" m="12842" /><E23/><V28/><F28/><W15/><G15/><AGARI ba="2,0" hai="12,13,15,19,20,98,100,104" m="12842,47690" machi="15" ten="30,1000,0" yaku="18,1" doraHai="66" who="1" fromWho="3" sc="298,0,336,16,160,0,206,-16" /><INIT seed="5,0,0,4,3,64" ten="298,352,160,190" oya="1" hai0="125,88,63,122,128,132,59,61,28,58,76,60,68" hai1="65,81,54,73,96,5,72,9,111,133,69,27,48" hai2="35,34,104,106,11,113,13,102,20,37,82,41,45" hai3="24,39,99,92,78,83,119,42,67,46,134,100,70"/><U135/><E96/><V0/><F20/><W3/><G119/><T25/><D76/><U87/><E27/><V53/><F53/><W21/><G134/><N who="1" m="51210" /><E111/><V12/><F12/><W84/><G3/><T112/><D112/><U86/><E87/><V19/><F113/><W7/><G7/><T127/><D132/><U57/><E9/><V32/><F102/><W80/><G80/><T43/><D122/><U2/><E2/><V40/><F0/><W44/><G44/><T97/><D128/><U129/><E129/><V124/><F124/><N who="0" m="47690" /><D43/><U93/><E93/><V1/><F40/><W131/><G131/><T98/><D98/><U75/><E5/><V56/><F1/><W101/><G67/><T38/><D38/><U116/><E116/><V18/><F18/><W26/><G26/><T8/><D8/><U107/><E107/><V71/><F56/><W114/><G114/><T115/><D115/><U36/><E36/><V6/><F19/><W33/><G33/><T103/><D103/><U126/><E126/><V108/><F108/><W109/><G109/><T74/><D74/><U94/><E94/><V14/><F82/><W90/><G70/><T51/><D97/><U50/><E48/><V49/><F49/><W66/><G66/><T52/><D51/><U105/><E105/><N who="2" m="40555" /><F14/><W110/><G110/><T118/><D118/><U121/><E121/><V117/><F117/><W123/><G123/><T77/><D25/><U30/><E30/><AGARI ba="0,0" hai="21,24,30,39,42,46,78,83,84,90,92,99,100,101" machi="30" ten="30,1000,0" yaku="7,1" doraHai="64" who="3" fromWho="1" sc="298,0,352,-10,160,0,190,10" /><INIT seed="6,0,0,2,0,45" ten="298,342,160,200" oya="2" hai0="44,108,70,82,52,1,34,73,87,33,11,131,5" hai1="10,130,85,72,96,50,47,2,37,93,48,56,121" hai2="4,42,88,64,79,112,13,97,119,49,0,25,19" hai3="46,129,111,95,109,113,81,78,75,68,6,24,40"/><V14/><F119/><W20/><G68/><T134/><D108/><U55/><E130/><V92/><F112/><W115/><G6/><T90/><D73/><U116/><E116/><V12/><F79/><W9/><G9/><T132/><D131/><U26/><E121/><V69/><F0/><W7/><G7/><T28/><D70/><U15/><E72/><V36/><F4/><W104/><G104/><T16/><D28/><U38/><E2/><V91/><F36/><W99/><G129/><T120/><D120/><U101/><E85/><V125/><F125/><W61/><G61/><T124/><D124/><U127/><E26/><V18/><F91/><N who="3" m="55807" /><G20/><T67/><D67/><U106/><E106/><V31/><F64/><W54/><G54/><T102/><D102/><U30/><E30/><V17/><F69/><W39/><G24/><T74/><D74/><U98/><E96/><V23/><F12/><W83/><G83/><T41/><D41/><U133/><E127/><V65/><F65/><W21/><G21/><T114/><D114/><AGARI ba="0,0" hai="39,40,46,75,78,81,109,111,113,114,115" m="55807" machi="114" ten="30,2000,0" yaku="15,1,11,1" doraHai="45" who="3" fromWho="0" sc="298,-20,342,0,160,0,200,20" /><INIT seed="7,0,0,2,1,105" ten="278,342,160,220" oya="3" hai0="108,45,71,47,86,55,39,109,84,113,87,103,8" hai1="93,101,18,73,15,94,60,19,79,130,92,37,70" hai2="65,49,43,135,28,44,36,66,12,69,42,123,99" hai3="10,13,16,7,56,96,134,30,80,82,114,23,3"/><W91/><G134/><T112/><D71/><U74/><E37/><N who="2" m="21583" /><F28/><W89/><G114/><N who="0" m="44139" /><D103/><U14/><E79/><V61/><F12/><W125/><G125/><T4/><D55/><U1/><E1/><V54/><F99/><W58/><G30/><T119/><D119/><U76/><E76/><V95/><F95/><W104/><G104/><T51/><D39/><U2/><E2/><V77/><F77/><W0/><G0/><N who="0" m="7" /><D51/><U132/><E101/><V122/><F135/><W22/><G22/><T126/><D126/><U21/><E132/><V97/><F97/><W98/><G89/><T120/><D120/><U102/><E102/><V121/><F66/><W72/><G96/><T67/><D67/><U106/><E106/><V31/><F31/><W117/><G117/><T9/><D9/><U64/><E130/><V127/><F127/><W63/><G58/><T111/><AGARI ba="0,0" hai="45,47,84,86,87,108,109,111" m="7,44139" machi="111" ten="40,2700,0" yaku="15,1,11,1" doraHai="105" who="0" fromWho="0" sc="278,27,342,-7,160,-7,220,-13" owari="305,11.0,335,43.0,153,-35.0,207,-19.0" /></mjloggm>