<mjloggm ver="2.3"><GO type="97" lobby="0"/><UN n0="%E8%84%82%E8%82%AA%E3%81%A7%E3%82%B5%E3%83%B3%E3%83%90" n1="%E3%82%8A%E3%82%81%E3%82%8D" n2="%E2%97%86%E3%82%82%E3%81%86%E3%82%89%E2%97%86" n3="%E5%B0%B1%E6%B4%BB%E7%94%9F%40%E5%B7%9D%E6%9D%91%E8%BB%8D%E5%9B%A3" dan="14,15,14,14" rate="1927.17,1983.77,1900.91,1986.29" sx="M,M,M,M"/><TAIKYOKU oya="0"/><INIT seed="0,0,0,0,0,65" ten="250,250,250,250" oya="0" hai0="114,75,58,64,34,33,48,54,77,59,83,84,43" hai1="19,108,42,93,16,53,73,39,95,67,132,133,20" hai2="15,86,120,82,26,90,37,41,66,45,47,4,112" hai3="63,110,116,69,109,17,30,46,71,122,3,36,119"/><T94/><D114/><U72/><E108/><N who="3" m="41578" /><G3/><T97/><D43/><U8/><E8/><V18/><F112/><W52/><G30/><T99/><D75/><N who="1" m="28747" /><E53/><V128/><F120/><W134/><G134/><N who="1" m="51818" /><E67/><V126/><F126/><W131/><G131/><T70/><D97/><U32/><E32/><V24/><F128/><W105/><G105/><T28/><D28/><U127/><E127/><V80/><F4/><W85/><G85/><T117/><D59/><U44/><E19/><V103/><F47/><W49/><G122/><T125/><D125/><U102/><E102/><V79/><F103/><W2/><G2/><T101/><REACH who="0" step="1"/><D117/><REACH who="0" ten="240,250,250,250" step="2"/><N who="3" m="45129" /><G36/><T100/><D100/><U76/><E76/><V7/><F79/><W60/><G60/><AGARI ba="0,1" hai="33,34,48,54,58,60,64,70,77,83,84,94,99,101" machi="60" ten="40,3900,0" yaku="1,1,52,1,53,0" doraHai="65" doraHaiUra="87" who="0" fromWho="3" sc="240,49,250,0,250,0,250,-39" /><INIT seed="0,1,0,5,1,44" ten="289,250,250,211" oya="0" hai0="54,0,27,122,99,119,85,123,129,121,30,2,43" hai1="1,17,21,110,111,124,107,31,35,74,112,103,32" hai2="94,58,88,39,11,48,95,9,29,80,113,42,56" hai3="98,47,97,8,67,101,133,118,87,57,83,36,72"/><T73/><D73/><U70/><E70/><V49/><F39/><W90/><G118/><T59/><D119/><U128/><E74/><V71/><F71/><W7/><G133/><T117/><D117/><U131/><E103/><V25/><F113/><W10/><G72/><T18/><D43/><U82/><E82/><V60/><F42/><W5/><G36/><T14/><D129/><N who="1" m="49739" /><E1/><V91/><F80/><W116/><G116/><T6/><D6/><N who="3" m="2057" /><G47/><T125/><D99/><N who="3" m="37897" /><G101/><T114/><D125/><U28/><E107/><V15/><F29/><N who="1" m="11337" /><E124/><V92/><F25/><W22/><G22/><T62/><D85/><U127/><E127/><V51/><F15/><W63/><AGARI ba="1,0" hai="8,10,57,63,67,83,87,90" m="37897,2057" machi="63" ten="30,1100,0" yaku="8,1" doraHai="44" who="3" fromWho="3" sc="289,-6,250,-4,250,-4,211,14" /><INIT seed="1,0,0,1,2,20" ten="283,246,246,225" oya="1" hai0="62,60,30,18,4,81,83,11,57,93,127,79,75" hai1="77,29,86,17,135,91,1,9,95,26,80,52,116" hai2="74,66,96,13,119,47,2,15,6,34,76,130,33" hai3="56,39,37,115,23,24,128,82,97,94,125,71,50"/><U103/><E135/><V133/><F133/><W72/><G71/><T42/><D127/><U44/><E116/><V108/><F119/><W98/><G115/><T19/><D42/><U126/><E126/><V118/><F118/><W36/><G125/><T54/><D30/><U63/><E103/><V55/><F130/><W46/><G128/><T51/><D83/><U87/><E1/><V92/><F108/><W101/><G56/><T38/><D38/><U16/><E9/><V65/><F2/><W113/><G113/><T78/><D78/><U102/><E102/><V123/><F123/><W114/><G114/><T131/><D131/><U58/><E44/><V49/><F34/><AGARI ba="0,0" hai="16,17,26,29,34,52,58,63,77,80,86,87,91,95" machi="34" ten="30,11600,0" yaku="7,1,52,1,54,2" doraHai="20" who="1" fromWho="2" sc="283,0,246,116,246,-116,225,0" /><INIT seed="1,1,0,0,3,48" ten="283,362,130,225" oya="1" hai0="34,29,11,18,60,49,32,15,22,67,19,56,89" hai1="135,58,79,115,40,131,41,28,130,116,25,93,92" hai2="128,24,6,113,55,59,1,124,37,68,5,129,81" hai3="74,51,80,104,3,35,46,70,14,31,117,0,65"/><U78/><E116/><V82/><F59/><W77/><G14/><T112/><D112/><U120/><E115/><V21/><F113/><W127/><G51/><T8/><D29/><U7/><E7/><V125/><F21/><W20/><G46/><T66/><D66/><U103/><E135/><V118/><F118/><W83/><G20/><T88/><D11/><U132/><E132/><V52/><F37/><W38/><G83/><N who="2" m="31753" /><F68/><W100/><G38/><T96/><D49/><U64/><E120/><V12/><F24/><N who="3" m="18919" /><G127/><N who="2" m="48713" /><F12/><W98/><G117/><T73/><D73/><U26/><E28/><V102/><F1/><W10/><G10/><T13/><D96/><U75/><E75/><V107/><F107/><W57/><G57/><T76/><REACH who="0" step="1"/><D76/><REACH who="0" ten="273,362,130,225" step="2"/><U101/><E58/><V97/><F97/><W87/><G87/><T123/><D123/><U16/><E16/><V4/><F102/><W2/><G65/><AGARI ba="1,1" hai="25,26,40,41,64,65,78,79,92,93,101,103,130,131" machi="65" ten="25,2400,0" yaku="22,2" doraHai="48" who="1" fromWho="3" sc="273,0,362,37,130,0,225,-27" /><INIT seed="1,2,0,1,3,56" ten="273,399,130,198" oya="1" hai0="16,64,73,118,52,134,49,45,65,59,115,35,23" hai1="15,122,121,75,26,131,124,1,80,18,69,114,71" hai2="79,44,51,91,47,105,129,60,2,11,39,112,100" hai3="9,72,82,19,58,17,13,76,135,32,106,132,48"/><U50/><E18/><V109/><F112/><W111/><G32/><T127/><D118/><U81/><E15/><V87/><F129/><W123/><G123/><T29/><D115/><U20/><E50/><V98/><F109/><W88/><G106/><T90/><D127/><U54/><E20/><V68/><F79/><W28/><G28/><T37/><D73/><U77/><E54/><V96/><F96/><W110/><G19/><T70/><D134/><N who="3" m="51241" /><G88/><T40/><D90/><U33/><E26/><V43/><F2/><W10/><G10/><T67/><D35/><U85/><E85/><V5/><F5/><W130/><G130/><T57/><D29/><U119/><E131/><V102/><F11/><W14/><G14/><T97/><D97/><U117/><E114/><V63/><F68/><W78/><G78/><T89/><D89/><U24/><E33/><V83/><REACH who="2" step="1"/><F102/><REACH who="2" ten="273,399,120,198" step="2"/><W12/><G111/><T4/><D4/><U116/><E119/><V92/><F92/><W34/><G110/><T94/><D94/><U99/><E117/><V53/><AGARI ba="2,1" hai="39,43,44,47,51,53,60,63,83,87,91,98,100,105" machi="53" ten="20,12000,2" yaku="1,1,0,1,7,1,52,2,53,1" doraHai="56" doraHaiUra="103" who="2" fromWho="2" sc="273,-32,399,-62,120,136,198,-32" /><INIT seed="2,0,0,5,4,90" ten="241,337,256,166" oya="2" hai0="133,106,14,33,34,104,58,107,28,94,73,24,46" hai1="108,37,111,84,75,4,128,60,118,69,82,66,22" hai2="20,72,36,116,8,95,83,29,61,10,12,43,49" hai3="71,40,47,5,85,92,129,86,123,17,97,45,120"/><V26/><F36/><W119/><G71/><T62/><D73/><U51/><E118/><V68/><F116/><W89/><G119/><T25/><D133/><U42/><E128/><V54/><F72/><W59/><G129/><T55/><D46/><N who="1" m="26071" /><E75/><V80/><F43/><W132/><G132/><T16/><D94/><U27/><E37/><V99/><F61/><W126/><G126/><T57/><D57/><U64/><E4/><N who="2" m="3079" /><F10/><W31/><G31/><T21/><REACH who="0" step="1"/><D25/><REACH who="0" ten="231,337,256,166" step="2"/><U74/><E27/><N who="2" m="16615" /><F68/><W93/><G123/><T52/><D52/><U48/><E69/><V117/><F26/><W50/><G120/><T79/><D79/><U65/><E74/><V102/><F117/><W113/><G113/><T56/><D56/><AGARI ba="0,1" hai="49,54,56,80,83,95,99,102" m="16615,3079" machi="56" ten="30,2900,0" yaku="8,1,52,1" doraHai="90" who="2" fromWho="0" sc="231,-29,337,0,256,39,166,0" /><INIT seed="2,1,0,2,1,99" ten="202,337,295,166" oya="2" hai0="63,30,127,40,126,97,125,10,7,62,93,56,68" hai1="67,71,70,39,55,38,108,114,51,15,134,122,101" hai2="20,132,54,120,111,115,44,13,28,52,86,42,41" hai3="135,21,73,3,5,78,91,95,9,72,53,25,37"/><V124/><F120/><W130/><G135/><T16/><D30/><U43/><E101/><V121/><F115/><W102/><G130/><T24/><D40/><U48/><E15/><V69/><F132/><W66/><G37/><N who="1" m="13834" /><E108/><V46/><F69/><N who="1" m="26121" /><E122/><V36/><F121/><W75/><G66/><T77/><D77/><U81/><E81/><V118/><F111/><W123/><G123/><T59/><D68/><U79/><E79/><V1/><F1/><W29/><G53/><T83/><D83/><U98/><E98/><V14/><F118/><W2/><G2/><T8/><D24/><U26/><E26/><V45/><F36/><W33/><G33/><T4/><D97/><U58/><E114/><V57/><F86/><W19/><G78/><T131/><D93/><U61/><E134/><V0/><F0/><W119/><G119/><T31/><D31/><U133/><E133/><V74/><F74/><W106/><G106/><T64/><D131/><U80/><E80/><V27/><F124/><W96/><REACH who="3" step="1"/><G91/><REACH who="3" ten="202,337,295,156" step="2"/><T109/><D109/><U128/><E128/><V34/><F34/><W65/><G65/><T12/><D64/><U92/><E67/><V76/><F76/><W110/><G110/><T6/><D6/><U112/><E112/><V100/><F100/><W129/><G129/><T84/><D7/><U22/><E43/><N who="2" m="16395" /><F54/><W116/><G116/><T82/><D125/><U85/><E22/><V104/><F104/><W49/><G49/><AGARI ba="1,1" hai="13,14,20,27,28,44,45,46,49,52,57" m="16395" machi="49" ten="30,2900,0" yaku="8,1,54,1" doraHai="99" who="2" fromWho="3" sc="202,0,337,0,295,42,156,-32" /><INIT seed="2,2,0,4,5,40" ten="202,337,337,124" oya="2" hai0="114,67,18,32,10,124,94,4,51,0,65,118,37" hai1="35,75,120,43,27,16,45,87,90,134,88,83,81" hai2="115,102,1,5,48,84,127,93,61,116,7,79,38" hai3="99,19,53,66,60,71,21,17,11,39,31,125,70"/><V97/><F116/><W91/><G39/><T98/><D114/><U96/><E120/><V12/><F115/><W92/><G125/><T105/><D37/><U42/><E134/><V110/><F38/><W22/><G31/><T6/><D105/><U104/><E75/><V73/><F1/><W63/><G11/><T47/><D124/><U101/><E35/><V36/><F36/><W112/><G112/><T2/><D32/><U50/><E81/><V62/><F127/><W128/><G128/><T14/><D2/><U133/><E90/><V119/><F119/><W111/><G111/><T56/><D56/><U129/><E129/><V82/><F110/><W74/><G74/><T24/><D24/><U135/><REACH who="1" step="1"/><E42/><REACH who="1" ten="202,327,337,124" step="2"/><V109/><F109/><W131/><G131/><T9/><D118/><U59/><E59/><V76/><F73/><W54/><G71/><T3/><D18/><U113/><E113/><V55/><F79/><W44/><G63/><N who="2" m="24073" /><F12/><W69/><G69/><T30/><D14/><U121/><E121/><V23/><F23/><AGARI ba="2,1" hai="16,23,27,43,45,50,83,87,88,96,101,104,133,135" machi="23" ten="40,8000,1" yaku="1,1,52,1,54,2,53,0" doraHai="40" doraHaiUra="64" who="1" fromWho="2" sc="202,0,327,96,337,-86,124,0" /><INIT seed="3,0,0,4,1,96" ten="202,423,251,124" oya="3" hai0="100,80,107,52,106,120,101,23,111,91,24,31,110" hai1="10,34,122,117,0,133,70,69,60,127,85,7,36" hai2="79,78,20,83,124,53,97,26,131,6,119,41,73" hai3="102,59,9,112,55,27,67,48,47,28,66,39,76"/><W57/><G112/><T1/><D1/><BYE who="0" /><U5/><E60/><V118/><F41/><UN n0="%E8%84%82%E8%82%AA%E3%81%A7%E3%82%B5%E3%83%B3%E3%83%90" /><W35/><G76/><T2/><D2/><U38/><E10/><V75/><F6/><W14/><G39/><T94/><D120/><U43/><E0/><V22/><F131/><W90/><G90/><T46/><D80/><U16/><E43/><V45/><F124/><W104/><G66/><T17/><D107/><U115/><E16/><V116/><F26/><W4/><REACH who="3" step="1"/><G67/><REACH who="3" ten="202,423,251,114" step="2"/><T40/><D106/><U15/><E38/><V88/><F88/><W114/><G114/><T99/><D31/><U74/><E36/><V89/><F89/><W18/><G18/><T13/><D24/><U50/><E115/><V3/><F79/><W87/><G87/><T95/><D100/><U21/><E85/><V44/><F78/><W71/><G71/><T105/><D105/><U11/><E69/><V33/><F118/><W86/><G86/><T8/><D111/><U130/><E70/><V12/><F119/><W109/><G109/><T129/><D110/><U58/><E117/><V93/><F116/><W65/><G65/><T51/><D129/><U123/><E130/><V125/><F75/><W68/><G68/><T62/><D91/><U132/><E74/><V29/><F73/><W128/><G128/><T37/><D37/><U56/><E127/><V25/><F29/><W108/><G108/><T92/><D23/><U135/><E21/><V77/><F22/><W42/><G42/><T49/><D40/><U63/><E132/><V64/><F20/><W103/><G103/><T72/><D72/><RYUUKYOKU ba="0,1" sc="202,-10,423,-10,251,-10,114,30" hai3="4,9,14,27,28,35,47,48,55,57,59,102,104" /><INIT seed="3,1,1,4,5,135" ten="192,413,241,144" oya="3" hai0="31,78,20,26,46,124,43,118,55,14,81,77,92" hai1="61,129,96,23,133,83,59,62,102,3,110,22,75" hai2="76,53,69,109,100,37,44,68,134,106,64,6,66" hai3="130,19,87,9,12,122,35,107,51,13,89,1,98"/><W38/><G122/><T32/><D118/><U15/><E23/><V84/><F134/><W36/><G35/><T56/><D92/><U11/><E61/><V94/><F6/><W5/><G130/><T24/><D14/><U27/><E96/><V67/><F106/><W48/><G38/><T86/><D124/><U63/><E83/><V72/><F72/><W113/><G113/><T42/><D78/><U34/><E63/><V91/><F100/><W93/><G36/><T79/><D79/><U25/><E15/><V120/><F76/><W85/><G1/><T33/><D46/><U99/><E22/><V30/><F30/><W41/><G41/><T90/><D77/><U49/><E49/><N who="3" m="19018" /><G107/><T127/><D127/><U103/><E3/><V116/><F116/><W80/><G80/><T95/><D81/><U28/><E34/><V29/><F29/><W70/><G70/><T54/><D33/><U128/><E28/><V82/><F120/><W2/><G2/><T39/><D39/><U104/><E75/><V119/><F119/><W132/><G132/><T58/><D26/><U114/><E133/><V65/><F82/><W40/><G40/><N who="0" m="15403" /><D32/><U10/><E114/><V101/><F37/><W73/><G73/><T111/><D111/><U125/><E104/><V74/><F109/><W8/><AGARI ba="1,1" hai="5,8,9,12,13,19,85,87,89,93,98" m="19018" machi="8" ten="30,1500,0" yaku="8,1" doraHai="135" who="3" fromWho="3" sc="192,-6,413,-6,241,-6,144,28" /><INIT seed="3,2,0,4,5,57" ten="186,407,235,172" oya="3" hai0="26,126,18,93,33,65,36,9,134,86,29,60,16" hai1="27,63,100,79,10,3,15,41,124,131,132,44,78" hai2="90,99,51,30,68,45,128,118,84,35,113,6,7" hai3="67,52,8,91,46,34,102,38,101,112,92,129,42"/><W121/><G112/><T119/><D119/><U120/><E120/><V108/><F118/><W54/><G121/><T81/><D36/><U94/><E3/><V43/><F113/><W107/><G34/><T135/><D93/><U21/><E131/><V110/><F68/><W82/><G129/><T32/><D126/><U61/><E132/><N who="0" m="50729" /><D9/><U20/><E20/><V125/><F125/><W80/><G67/><T96/><D96/><U117/><E117/><V76/><F99/><W0/><G107/><T12/><D12/><U87/><E100/><V104/><F104/><W85/><G102/><T4/><D4/><U49/><E94/><V127/><F76/><N who="1" m="29225" /><E87/><V133/><F128/><W116/><G116/><T37/><D37/><U74/><E74/><V58/><F133/><W109/><G109/><T71/><D33/><U48/><E48/><V75/><F75/><W115/><G115/><T111/><D111/><U95/><E95/><V83/><F127/><W130/><G130/><T28/><D28/><N who="1" m="17519" /><E124/><V56/><F110/><W106/><G106/><T22/><D22/><U23/><E23/><V19/><F108/><W31/><G31/><T39/><D39/><U25/><E25/><V17/><F30/><W123/><G123/><T14/><D14/><U98/><E98/><V70/><F35/><W13/><G0/><T77/><AGARI ba="2,0" hai="16,18,26,29,32,60,65,71,77,81,86" m="50729" machi="77" ten="30,4000,0" yaku="20,1,52,1,54,1" doraHai="57" who="0" fromWho="0" sc="186,46,407,-12,235,-12,172,-22" owari="232,3.0,395,50.0,223,-18.0,150,-35.0" /></mjloggm>