<mjloggm ver="2.3"><GO type="169" lobby="0"/><UN n0="%E3%81%8A%E3%81%98%E3%81%95%E3%82%93" n1="%E3%81%BF%E3%81%86%E3%82%89" n2="%E3%82%A6%E3%83%AB%E3%83%88%E3%83%A9%E7%AB%8B%E7%9B%B4" n3="%E3%81%8D%E3%81%BF%E3%81%9F%E3%81%BE%E3%81%94" dan="18,17,17,16" rate="2219.28,2189.26,2157.85,2110.64" sx="M,M,M,M"/><TAIKYOKU oya="0"/><INIT seed="0,0,0,2,5,111" ten="250,250,250,250" oya="0" hai0="0,38,59,12,117,29,25,107,74,16,26,112,43" hai1="102,47,67,118,85,53,122,4,76,98,123,52,32" hai2="134,60,124,10,75,5,120,22,86,110,129,63,91" hai3="70,40,135,45,68,87,41,130,2,113,64,35,62"/><T1/><D117/><U81/><E32/><V125/><F120/><W65/><G2/><N who="0" m="1131" /><D59/><U109/><E109/><V126/><F75/><W37/><G35/><N who="0" m="20911" /><D43/><U106/><E118/><V104/><F104/><W69/><G87/><T72/><D107/><U95/><E67/><V13/><F110/><W132/><G130/><T56/><D56/><U97/><E4/><V84/><F129/><W116/><G116/><T42/><D42/><U79/><E79/><V46/><F84/><W114/><G41/><T131/><D38/><U24/><E24/><V103/><F46/><W44/><G45/><T49/><D49/><U90/><REACH who="1" step="1"/><E47/><REACH who="1" ten="250,240,250,250" step="2"/><V15/><F124/><W127/><G127/><T30/><D131/><U8/><E8/><V83/><F125/><W133/><G65/><T9/><D74/><U51/><E51/><V27/><F126/><W58/><AGARI ba="0,1" hai="37,40,44,58,62,64,68,69,70,113,114,132,133,135" machi="58" ten="40,12000,2" yaku="0,1,20,1,34,3,52,2" doraHai="111" who="3" fromWho="3" sc="250,-60,240,-30,250,-30,250,130" /><INIT seed="1,0,0,5,1,80" ten="190,210,220,380" oya="1" hai0="14,97,65,40,32,6,85,8,16,117,38,29,100" hai1="47,121,124,103,134,102,34,78,81,31,18,131,98" hai2="20,5,43,77,130,113,88,55,49,56,94,51,64" hai3="86,52,41,37,68,96,7,119,90,30,92,33,2"/><U67/><E121/><V39/><F130/><W35/><G68/><T69/><D117/><U115/><E115/><V11/><F113/><W26/><G35/><T66/><D40/><U82/><E131/><V91/><F77/><W133/><G133/><T15/><D38/><U21/><E31/><V9/><F64/><W10/><G119/><T111/><D111/><U46/><E34/><V13/><F39/><W50/><G41/><T61/><D66/><U84/><E134/><V127/><F127/><W107/><G37/><T42/><D42/><U57/><E82/><V44/><F91/><W105/><REACH who="3" step="1"/><G96/><REACH who="3" ten="190,210,220,370" step="2"/><T79/><D32/><U110/><E124/><V24/><F5/><W123/><G123/><T104/><D100/><N who="1" m="38443" /><E98/><V36/><F36/><W54/><G54/><T135/><D97/><U4/><E110/><V53/><F43/><W3/><G3/><T58/><D135/><U74/><E74/><V62/><F55/><W116/><G116/><T12/><D6/><U109/><E109/><V70/><F70/><W95/><G95/><T125/><D69/><U73/><E73/><V1/><F94/><W17/><G17/><T106/><D125/><U128/><E128/><V87/><F53/><W60/><G60/><T45/><D61/><N who="1" m="38319" /><E4/><V126/><F1/><W48/><G48/><T89/><D65/><U122/><E122/><V0/><F0/><W76/><G76/><T25/><D79/><U72/><E72/><V27/><F126/><W63/><G63/><T99/><D99/><U132/><E132/><V23/><F62/><W22/><G22/><T118/><D118/><RYUUKYOKU ba="0,1" sc="190,-15,210,15,220,-15,370,15" hai1="18,21,46,47,78,81,84" hai3="2,7,10,26,30,33,50,52,86,90,92,105,107" /><INIT seed="1,1,1,5,0,46" ten="175,225,205,385" oya="1" hai0="80,110,108,31,5,25,115,125,49,70,123,58,64" hai1="111,98,10,43,16,32,134,124,44,121,106,63,73" hai2="77,100,102,33,14,7,41,89,104,74,38,22,119" hai3="20,69,76,8,109,30,61,3,28,4,105,26,34"/><U47/><E121/><V95/><F33/><W131/><G76/><T51/><D115/><U21/><E73/><V81/><F119/><W116/><G109/><N who="0" m="42091" /><D123/><U88/><E32/><V132/><F132/><W15/><G131/><T11/><D125/><U71/><E124/><V84/><F38/><W36/><G36/><T92/><D92/><N who="1" m="56583" /><E106/><V23/><F41/><W48/><G105/><T39/><D39/><U85/><E111/><V82/><F82/><W29/><G116/><T59/><D70/><U75/><E75/><V9/><F102/><W91/><G91/><T27/><D80/><U122/><E122/><V96/><AGARI ba="1,1" hai="7,9,14,22,23,74,77,81,84,89,95,96,100,104" machi="96" ten="30,4000,0" yaku="0,1,24,2" doraHai="46" who="2" fromWho="2" sc="175,-11,225,-21,205,53,385,-11" /><INIT seed="2,0,0,2,3,17" ten="164,204,258,374" oya="2" hai0="43,104,115,120,48,132,114,42,36,99,100,87,6" hai1="124,4,55,134,5,47,35,12,81,62,68,97,85" hai2="13,123,67,133,122,78,118,19,108,70,101,15,94" hai3="10,54,31,46,127,88,20,129,125,103,92,117,106"/><V1/><F1/><W41/><G117/><T14/><D120/><U57/><E35/><V72/><F118/><W22/><G31/><T51/><D36/><U69/><E134/><V29/><F133/><W65/><G54/><T64/><D64/><U71/><E124/><N who="3" m="47690" /><G65/><T107/><D132/><U40/><E97/><V86/><F29/><W66/><G66/><T131/><D99/><U89/><REACH who="1" step="1"/><E12/><REACH who="1" ten="164,194,258,374" step="2"/><V45/><F15/><W58/><G129/><T27/><D14/><U26/><E26/><V16/><F13/><W80/><G10/><T28/><D27/><U73/><E73/><V32/><F72/><W74/><G74/><T21/><D131/><U90/><E90/><V34/><F32/><W2/><G2/><T126/><D126/><U60/><E60/><V95/><F34/><W121/><G121/><T25/><D25/><U79/><E79/><V102/><F78/><W38/><G103/><T8/><D100/><U96/><E96/><V84/><F122/><W52/><G106/><T30/><D107/><U91/><E91/><V130/><F123/><W24/><G24/><T63/><D104/><U119/><E119/><V39/><F130/><W82/><G92/><T53/><D63/><U116/><E116/><V110/><F95/><W56/><G88/><T112/><D8/><U3/><E3/><V0/><F0/><W23/><G58/><T50/><D112/><U109/><E109/><V59/><F110/><W77/><G77/><T93/><D114/><U111/><E111/><V76/><F108/><W98/><G98/><T9/><D115/><U7/><E7/><RYUUKYOKU ba="0,1" sc="164,-15,194,15,258,-15,374,15" hai1="4,5,40,47,55,57,62,68,69,71,81,85,89" hai3="20,22,23,38,41,46,52,56,80,82" /><INIT seed="3,1,1,3,3,61" ten="149,209,243,389" oya="3" hai0="53,82,5,3,91,37,44,55,67,97,56,135,127" hai1="102,22,94,26,112,122,15,19,16,120,114,129,89" hai2="115,10,90,69,50,40,132,6,46,117,104,116,73" hai3="71,121,48,123,24,99,8,126,51,29,57,118,124"/><W131/><G71/><T109/><D109/><U119/><E102/><V113/><F104/><W1/><G118/><T45/><D127/><N who="3" m="48681" /><G99/><T87/><D135/><U28/><E94/><V79/><F90/><W25/><G57/><T32/><D32/><N who="1" m="20503" /><E89/><V78/><F79/><W13/><G1/><T20/><D3/><U14/><E119/><V47/><F78/><W96/><G96/><T31/><D5/><U52/><E52/><N who="0" m="20041" /><D37/><U18/><E129/><V125/><F73/><W98/><G98/><T133/><D133/><U110/><E110/><V103/><F132/><W111/><G131/><T64/><D97/><U42/><E42/><V70/><F125/><W85/><G85/><T11/><D11/><N who="1" m="6655" /><E18/><V63/><F103/><W81/><G81/><T27/><D56/><U100/><E100/><V88/><F116/><W76/><G76/><T83/><D83/><U38/><E38/><V60/><F117/><W43/><G43/><T23/><D23/><U12/><E12/><V77/><F77/><W80/><G80/><T34/><D34/><U35/><E35/><V21/><F21/><N who="3" m="15503" /><G25/><T4/><D4/><U30/><E30/><V0/><F6/><N who="3" m="3223" /><G111/><T95/><D82/><U2/><E2/><V86/><F0/><W106/><G106/><T9/><D9/><U107/><E107/><V49/><F10/><W7/><G7/><T66/><AGARI ba="1,1" hai="20,27,31,44,45,64,66,67,87,91,95" m="20041" machi="66" ten="30,8000,1" yaku="8,1,52,3,54,1" doraHai="61" who="0" fromWho="0" sc="149,93,209,-21,243,-21,389,-41" /><INIT seed="4,0,0,1,5,94" ten="242,188,222,348" oya="0" hai0="68,69,66,90,107,77,11,114,15,74,121,19,0" hai1="129,95,99,24,91,37,85,76,26,78,6,113,63" hai2="112,54,16,23,119,111,132,38,46,57,127,22,89" hai3="88,56,7,32,79,73,27,35,59,104,101,25,135"/><T65/><D121/><U31/><E37/><V96/><F111/><W126/><G7/><T70/><D107/><U14/><E113/><V81/><F112/><W128/><G79/><T50/><D114/><U51/><E129/><V34/><F34/><W62/><G73/><T106/><D106/><U109/><E109/><V110/><F110/><W131/><G104/><T58/><D90/><U43/><E63/><V130/><F130/><N who="3" m="49707" /><G101/><T42/><D0/><U4/><E31/><V118/><F127/><W92/><G126/><T20/><D58/><N who="3" m="22057" /><G62/><T21/><D77/><N who="1" m="29803" /><E85/><V108/><F108/><W83/><G83/><T100/><D74/><U61/><E61/><N who="2" m="36023" /><F81/><W12/><G12/><T93/><D93/><U18/><E6/><V125/><F125/><W8/><G8/><T17/><D100/><U72/><E4/><V75/><F75/><W117/><G117/><T103/><D103/><U28/><E28/><V98/><F119/><W133/><G27/><N who="0" m="14735" /><D11/><N who="1" m="6495" /><E72/><V55/><F118/><W3/><G3/><T82/><D82/><U122/><E122/><V13/><F89/><W52/><G25/><T53/><D66/><U80/><E80/><V60/><F60/><W102/><G102/><T33/><D65/><U84/><E84/><V29/><F29/><W2/><G2/><T49/><D70/><U44/><AGARI ba="0,0" hai="24,26,43,44,51,91,95,99" m="6495,29803" machi="44" ten="30,2000,0" yaku="8,1,52,1" doraHai="94" who="1" fromWho="1" sc="242,-10,188,20,222,-5,348,-5" /><INIT seed="5,0,0,4,2,132" ten="232,208,217,343" oya="1" hai0="118,60,67,76,36,11,108,85,14,62,105,109,100" hai1="107,23,131,1,78,133,90,64,63,134,83,61,124" hai2="135,106,57,70,122,44,121,53,37,126,18,52,73" hai3="21,8,41,79,50,97,81,35,42,22,46,120,10"/><U26/><E1/><V113/><F73/><W116/><G35/><T55/><D118/><U29/><E107/><V88/><F106/><W117/><G97/><T54/><D36/><U95/><E131/><V30/><F30/><W3/><G120/><N who="2" m="46185" /><F88/><W49/><G3/><T7/><D100/><U92/><E124/><V102/><F18/><W103/><G103/><T68/><D105/><U58/><E61/><N who="2" m="36007" /><F102/><W40/><G81/><T82/><REACH who="0" step="1"/><D62/><REACH who="0" ten="222,208,217,343" step="2"/><U74/><REACH who="1" step="1"/><E95/><REACH who="1" ten="222,198,217,343" step="2"/><V86/><F135/><W80/><G116/><T47/><D47/><U24/><E24/><V72/><F44/><W32/><G46/><T89/><D89/><U75/><E75/><V25/><F72/><W51/><G117/><T65/><D65/><U114/><E114/><V129/><F25/><W39/><G39/><T59/><D59/><U4/><E4/><V38/><F37/><W66/><G66/><T13/><D13/><U19/><E19/><V43/><F38/><W130/><G130/><T112/><D112/><U123/><E123/><V115/><F129/><W17/><G17/><T93/><D93/><U111/><E111/><AGARI ba="0,2" hai="7,11,14,54,55,60,67,68,76,82,85,108,109,111" machi="111" ten="40,1300,0" yaku="1,1,53,0" doraHai="132" doraHaiUra="125" who="0" fromWho="1" sc="222,33,198,-13,217,0,343,0" /><INIT seed="6,0,0,3,0,43" ten="255,185,217,343" oya="2" hai0="67,78,48,129,37,111,119,87,28,106,24,107,85" hai1="9,13,64,45,65,33,19,5,121,61,22,89,74" hai2="84,79,17,26,10,101,60,120,44,117,21,31,127" hai3="49,35,132,103,32,58,86,36,69,81,59,91,114"/><V104/><F120/><W95/><G69/><T20/><D37/><U3/><E121/><V131/><F117/><W90/><G36/><T7/><D111/><U130/><E74/><V53/><F127/><W41/><G35/><T50/><D119/><U93/><E130/><V77/><F131/><W97/><G32/><T12/><D106/><U80/><E80/><V57/><F84/><N who="0" m="32330" /><D107/><U98/><E33/><V122/><F122/><W113/><G132/><T96/><D96/><U56/><REACH who="1" step="1"/><E45/><REACH who="1" ten="255,175,217,343" step="2"/><V23/><F44/><N who="3" m="25743" /><G91/><T34/><D34/><U66/><AGARI ba="0,1" hai="3,5,9,13,19,22,56,61,64,65,66,89,93,98" machi="66" ten="20,2700,0" yaku="1,1,0,1,7,1,53,0" doraHai="43" doraHaiUra="112" who="1" fromWho="1" sc="255,-7,175,37,217,-13,343,-7" /><INIT seed="7,0,0,5,0,102" ten="248,212,204,336" oya="3" hai0="127,90,107,125,80,116,14,54,128,37,53,126,103" hai1="99,26,121,51,91,75,81,22,29,62,93,66,71" hai2="24,123,17,40,28,87,58,20,114,27,10,78,92" hai3="112,106,98,130,13,38,42,118,60,131,55,25,18"/><W73/><G73/><T132/><D116/><U108/><E108/><V59/><F114/><W63/><G112/><T49/><D37/><U95/><E121/><V16/><F123/><W31/><G118/><T15/><D128/><U76/><E95/><V36/><F36/><W56/><G60/><T74/><D132/><U3/><E51/><V70/><F70/><W34/><G42/><T133/><D133/><U39/><E39/><V4/><F40/><W104/><G38/><T72/><D54/><U83/><E83/><N who="2" m="47607" /><F92/><W84/><G84/><N who="0" m="50439" /><D107/><U96/><E3/><V1/><F1/><W113/><G98/><AGARI ba="0,0" hai="22,26,29,62,66,71,75,76,81,91,93,96,98,99" machi="98" ten="30,1000,0" yaku="7,1" doraHai="102" who="1" fromWho="3" sc="248,0,212,10,204,0,336,-10" owari="248,5.0,222,-18.0,204,-30.0,326,43.0" /></mjloggm>