<mjloggm ver="2.3"><GO type="41" lobby="0"/><UN n0="%E7%94%98%E7%B2%95%E3%81%A4%E3%81%B0%E3%82%81" n1="%E3%82%A6%E3%83%AB%E3%83%88%E3%83%A9%E7%AB%8B%E7%9B%B4" n2="%E3%82%AB%E3%83%9C%E3%83%81%E3%83%A3%E3%82%BF%E3%83%8D" n3="%E8%AC%99%E8%99%9A%E3%81%A7%E5%BC%B7%E6%AC%B2" dan="15,16,15,14" rate="2011.36,2169.96,2073.42,1933.95" sx="F,M,M,M"/><TAIKYOKU oya="0"/><INIT seed="0,0,0,5,1,32" ten="250,250,250,250" oya="0" hai0="42,9,118,31,93,73,104,117,12,75,72,132,131" hai1="120,17,28,19,39,85,80,109,1,58,94,127,74" hai2="101,26,110,0,97,128,122,114,61,50,54,95,84" hai3="67,91,29,88,48,68,8,82,53,124,24,6,121"/><T46/><D104/><U130/><E120/><V36/><F122/><W56/><G121/><T63/><D131/><U96/><E127/><V60/><F114/><W14/><G124/><T2/><D132/><U55/><E109/><V106/><F36/><W15/><G82/><T107/><D107/><U33/><E39/><V87/><F110/><W108/><G108/><T5/><D31/><U112/><E74/><V21/><F128/><W119/><G119/><T133/><D133/><U115/><E1/><V41/><F41/><W103/><G103/><T102/><D63/><N who="2" m="24138" /><F0/><W20/><G67/><T59/><D59/><U99/><E130/><V81/><F106/><W111/><G68/><T43/><D12/><U135/><E135/><V11/><F11/><W45/><G111/><T79/><D79/><U30/><E33/><V3/><F3/><W125/><G125/><T65/><D65/><U70/><E70/><V34/><F81/><W100/><G100/><T25/><D25/><U16/><E112/><V126/><F34/><W66/><G14/><T90/><D102/><U38/><E38/><V57/><F126/><W18/><G6/><T105/><D105/><U47/><E47/><V62/><N who="2" m="24146" /><AGARI ba="0,0" hai="8,15,18,20,24,29,45,48,53,56,62,66,88,91" machi="62" ten="40,5200,0" yaku="3,1,8,1,54,1" doraHai="32" who="3" fromWho="2" sc="250,0,250,0,250,-52,250,52" /><INIT seed="1,0,0,5,4,106" ten="250,250,198,302" oya="1" hai0="82,4,117,119,73,33,71,114,23,133,93,50,87" hai1="65,85,72,130,128,43,20,56,38,92,3,14,95" hai2="68,79,6,7,75,28,5,49,63,47,118,40,29" hai3="103,58,132,64,116,113,100,74,108,62,60,105,69"/><U129/><E3/><V109/><F109/><W76/><G116/><T81/><D114/><U8/><E20/><V107/><F107/><W36/><G113/><T99/><D33/><U11/><E11/><V67/><REACH who="2" step="1"/><F118/><REACH who="2" ten="250,250,188,302" step="2"/><W22/><G105/><T26/><D117/><U57/><E130/><V48/><F48/><W37/><G108/><T44/><D50/><U9/><E129/><V110/><F110/><W123/><G123/><T17/><D119/><U135/><E128/><V31/><F31/><W94/><G132/><T12/><D133/><U55/><E135/><V90/><F90/><W34/><G36/><T45/><D71/><U101/><E38/><V21/><F21/><W98/><G37/><T111/><D111/><U66/><E101/><V127/><F127/><W27/><G103/><T61/><D23/><U46/><E9/><V125/><F125/><W86/><G22/><T131/><D131/><U77/><E8/><V121/><F121/><W35/><G35/><T59/><D26/><U10/><E10/><V18/><F18/><W126/><G126/><T54/><D17/><U39/><E39/><V70/><F70/><W0/><G0/><T80/><D12/><U83/><E14/><V51/><F51/><W97/><G27/><T122/><D4/><U52/><E95/><V15/><F15/><W96/><G34/><T89/><D122/><U112/><E112/><V25/><F25/><W120/><G94/><T88/><REACH who="0" step="1"/><D73/><REACH who="0" ten="240,250,188,302" step="2"/><U16/><E72/><V19/><F19/><W78/><G74/><T13/><D13/><U53/><E16/><V2/><F2/><RYUUKYOKU ba="0,2" sc="240,15,250,-15,188,15,302,-15" hai0="44,45,54,59,61,80,81,82,87,88,89,93,99" hai2="5,6,7,28,29,40,47,49,63,67,68,75,79" /><INIT seed="2,1,2,4,2,122" ten="255,235,203,287" oya="2" hai0="116,66,62,107,33,117,70,53,45,115,89,37,57" hai1="72,71,12,50,100,39,75,104,90,114,121,78,46" hai2="61,87,47,32,76,2,65,106,11,94,41,18,108" hai3="79,92,7,73,58,98,130,119,54,55,95,24,40"/><V6/><F106/><W68/><G119/><N who="0" m="45643" /><D33/><U74/><E114/><V22/><F32/><W60/><G130/><T96/><D107/><U44/><E71/><V3/><F3/><W13/><G68/><T63/><D96/><U82/><E121/><V48/><F76/><W10/><G40/><N who="0" m="22671" /><D89/><U127/><E127/><V23/><F87/><W132/><G132/><T49/><D115/><U0/><E0/><V97/><F18/><W64/><G95/><T133/><D133/><U20/><E90/><V43/><F43/><W34/><G79/><T19/><D19/><U59/><E12/><V83/><F83/><W129/><G129/><T125/><D125/><U80/><E20/><V21/><F108/><W105/><G73/><T123/><D123/><U51/><E39/><V28/><F28/><W102/><G105/><T86/><D86/><U8/><E8/><V69/><REACH who="2" step="1"/><F21/><REACH who="2" ten="255,235,193,287" step="2"/><W124/><G124/><T103/><D103/><AGARI ba="1,3" hai="2,6,11,22,23,41,47,48,61,65,69,94,97,103" machi="103" ten="30,5800,0" yaku="1,1,2,1,7,1,53,0" doraHai="122" doraHaiUra="101" who="2" fromWho="0" sc="255,-61,235,0,193,91,287,0" /><INIT seed="2,2,0,0,4,127" ten="194,235,284,287" oya="2" hai0="38,71,122,82,116,126,131,48,49,45,61,99,26" hai1="0,27,25,65,53,42,104,50,70,37,113,31,90" hai2="125,117,102,105,46,134,18,128,69,91,23,68,73" hai3="83,92,77,17,80,78,7,130,19,60,15,86,129"/><V72/><F117/><W3/><G3/><T111/><D122/><U59/><E113/><V11/><F11/><N who="3" m="4607" /><G92/><T115/><D115/><U97/><E0/><V43/><F125/><W114/><G114/><T44/><D126/><U66/><E66/><V112/><F112/><W24/><G24/><T108/><D116/><U118/><E118/><V120/><F91/><W100/><G100/><T95/><D82/><U9/><E9/><V16/><F120/><W133/><G133/><T33/><D38/><U74/><E74/><V22/><F134/><W14/><G14/><T56/><D71/><U132/><E132/><V20/><F69/><W30/><G30/><N who="0" m="19671" /><D49/><U2/><E2/><V51/><F68/><W89/><G60/><T84/><D84/><U10/><E10/><V63/><F63/><W87/><G78/><T52/><D45/><U58/><E59/><V36/><F36/><W88/><G77/><T110/><D99/><U123/><E123/><V13/><F23/><W21/><G21/><T54/><D95/><U103/><E90/><V135/><F135/><W6/><G6/><T121/><D121/><U124/><E124/><V35/><F35/><W28/><G28/><T107/><D107/><U93/><E31/><V96/><F128/><AGARI ba="2,0" hai="17,19,80,83,86,87,88,89,128,129,130" m="4607" machi="128" ten="30,8000,1" yaku="19,1,52,3,54,1" doraHai="127" who="3" fromWho="2" sc="194,0,235,0,284,-86,287,86" /><AGARI ba="2,0" hai="44,48,52,54,56,61,108,110,111,128,131" m="19671" machi="128" ten="40,8000,1" yaku="14,1,52,2,54,1" doraHai="127" who="0" fromWho="2" sc="194,80,235,0,198,-80,373,0" /><INIT seed="3,0,0,1,3,8" ten="274,235,118,373" oya="3" hai0="41,28,2,126,122,127,42,114,70,84,44,9,18" hai1="117,22,19,79,4,116,74,10,112,109,99,64,65" hai2="49,24,83,34,45,81,115,132,71,91,103,27,133" hai3="13,131,37,39,69,58,135,46,129,32,92,6,113"/><W89/><G32/><T3/><D122/><U123/><E112/><V11/><F71/><W90/><G69/><T67/><D114/><U35/><E35/><V48/><F115/><W72/><G113/><T17/><D18/><U118/><E123/><V75/><F103/><W40/><G72/><T128/><D28/><U54/><E109/><V93/><F11/><N who="3" m="4343" /><G135/><T101/><D128/><N who="3" m="49225" /><G58/><T95/><D70/><U107/><E54/><V62/><F75/><W31/><G31/><T130/><D42/><U105/><E79/><V85/><F34/><W12/><G90/><T66/><D101/><U78/><E78/><V100/><F100/><W108/><G108/><T59/><D59/><U1/><E74/><V120/><F120/><W63/><G63/><T21/><D41/><U94/><E107/><V16/><F62/><W51/><G12/><T36/><D130/><U38/><E105/><V30/><F30/><W56/><G56/><T29/><D29/><U87/><E38/><V125/><F132/><W134/><G134/><T47/><D36/><U33/><E33/><V110/><F133/><W96/><AGARI ba="0,0" hai="37,39,40,46,51,89,92,96" m="49225,4343" machi="96" ten="30,3000,0" yaku="19,1,52,1" doraHai="8" who="3" fromWho="3" sc="274,-10,235,-10,118,-10,373,30" /><INIT seed="3,1,0,2,0,32" ten="264,225,108,403" oya="3" hai0="88,69,122,114,67,6,53,60,27,117,1,127,14" hai1="9,132,110,89,31,10,125,54,133,22,119,61,13" hai2="99,118,87,12,21,48,62,84,28,18,135,42,116" hai3="131,86,19,93,108,94,65,64,35,59,101,90,82"/><W121/><G35/><T104/><D122/><U36/><E36/><V52/><F135/><N who="1" m="51785" /><E110/><V43/><F118/><W83/><G121/><T66/><D117/><U44/><E119/><V46/><F116/><W100/><G108/><T80/><D104/><U24/><E125/><V11/><F99/><W63/><G131/><T55/><D27/><U81/><E13/><V7/><F28/><W79/><G65/><T49/><D14/><U73/><E44/><V105/><F105/><W37/><G37/><T41/><D41/><U112/><E112/><V57/><REACH who="2" step="1"/><F42/><REACH who="2" ten="264,225,98,403" step="2"/><W45/><G101/><T74/><D114/><U51/><E31/><V29/><F29/><W109/><G100/><T16/><D127/><U107/><E107/><V102/><F102/><W85/><G109/><T130/><D130/><U2/><E73/><V95/><F95/><W34/><G34/><T17/><D74/><U113/><E113/><V70/><F70/><W68/><G68/><T106/><D69/><U76/><E81/><V78/><F78/><W20/><REACH who="3" step="1"/><G45/><REACH who="3" ten="264,225,98,393" step="2"/><T33/><D33/><U75/><E75/><V92/><F92/><W0/><G0/><AGARI ba="1,2" hai="0,7,11,12,18,21,43,46,48,52,57,62,84,87" machi="0" ten="30,7700,0" yaku="1,1,7,1,52,1,54,1,53,0" doraHai="32" doraHaiUra="77" who="2" fromWho="3" sc="264,0,225,0,98,100,393,-80" /><INIT seed="4,0,0,1,3,104" ten="264,225,198,313" oya="0" hai0="77,119,82,3,76,59,123,78,129,51,9,84,11" hai1="63,39,111,37,5,28,56,58,6,62,1,13,55" hai2="47,103,15,36,42,8,10,97,120,85,49,127,122" hai3="18,118,54,130,89,95,108,38,74,87,60,67,20"/><T70/><D119/><U100/><E111/><V133/><F133/><W96/><G118/><T29/><D123/><U125/><E125/><V53/><F127/><W68/><G108/><T22/><D70/><U107/><E28/><V23/><F85/><W117/><G117/><T40/><D129/><U131/><E131/><V73/><F23/><W27/><G130/><T110/><D110/><U12/><E100/><V88/><F8/><N who="0" m="3146" /><D3/><U90/><E90/><V121/><F36/><W46/><G38/><T93/><D93/><U65/><E107/><V69/><F69/><W34/><G34/><T91/><D22/><U102/><E102/><V134/><F134/><W135/><G135/><T21/><D21/><U128/><E128/><V75/><F42/><W14/><G14/><T50/><D40/><U113/><E1/><V26/><F26/><W32/><G32/><T43/><D43/><U52/><E65/><V19/><REACH who="2" step="1"/><F88/><REACH who="2" ten="264,225,188,313" step="2"/><W83/><G68/><T81/><D91/><U33/><E33/><V48/><F48/><W94/><G20/><T66/><D84/><U61/><E61/><V24/><F24/><W114/><G27/><T115/><D51/><U4/><E4/><V41/><F41/><W0/><G60/><T57/><D50/><U99/><E99/><V44/><F44/><W72/><G96/><T126/><D126/><U132/><E132/><V79/><F79/><W45/><G45/><T101/><D77/><U106/><E113/><V17/><F17/><W7/><G114/><T30/><D78/><U124/><E124/><V98/><F98/><W35/><G18/><RYUUKYOKU ba="0,1" sc="264,-15,225,15,188,15,313,-15" hai1="5,6,12,13,37,39,52,55,56,58,62,63,106" hai2="10,15,19,47,49,53,73,75,97,103,120,121,122" /><INIT seed="5,1,1,1,1,16" ten="249,240,203,298" oya="1" hai0="119,20,76,28,56,48,52,32,1,84,0,80,94" hai1="123,68,17,100,108,38,3,23,107,126,35,19,42" hai2="57,74,97,64,102,92,70,77,133,135,31,113,58" hai3="36,61,51,124,130,5,95,59,13,24,49,83,25"/><U67/><E123/><V73/><F31/><W116/><G36/><T22/><D119/><U18/><E3/><V10/><F10/><N who="3" m="4303" /><G124/><T50/><D32/><U120/><E120/><V33/><F33/><W62/><G130/><T66/><D66/><U86/><E35/><V85/><F70/><W125/><G125/><T14/><D0/><U82/><E126/><V69/><F69/><W118/><G62/><N who="0" m="36103" /><D1/><U89/><E108/><V121/><F121/><W87/><G116/><T7/><D94/><U96/><E67/><V15/><F15/><W79/><G95/><T91/><D76/><U30/><E68/><V43/><F43/><W78/><G78/><T104/><D104/><U128/><E128/><V53/><F64/><N who="3" m="38975" /><G118/><T127/><D127/><U45/><REACH who="1" step="1"/><E30/><REACH who="1" ten="249,230,203,298" step="2"/><V11/><F133/><W27/><AGARI ba="1,2" hai="24,25,27,49,51,79,83,87" m="38975,4303" machi="27" ten="30,1100,0" yaku="8,1" doraHai="16" who="3" fromWho="3" sc="249,-4,230,-6,203,-4,298,34" /><INIT seed="6,0,0,2,0,22" ten="245,224,199,332" oya="2" hai0="50,120,35,19,7,115,72,131,21,133,44,52,110" hai1="39,57,113,116,18,51,10,17,67,103,80,121,126" hai2="76,47,89,135,5,75,119,55,84,0,122,63,34" hai3="12,93,101,27,25,108,15,26,61,31,125,92,81"/><V36/><F119/><W43/><G108/><T88/><D110/><U78/><E39/><V65/><F122/><W96/><G125/><T2/><D35/><U99/><E116/><V46/><F135/><W68/><G43/><T94/><D115/><U54/><E126/><V8/><F34/><W107/><G31/><T112/><D112/><U100/><E113/><V106/><F106/><W24/><N who="3" m="6656" /><DORA hai="58" /><W16/><G15/><N who="0" m="9471" /><D72/><U38/><E38/><V41/><F75/><W62/><G81/><T14/><D2/><U97/><E57/><V42/><F76/><W129/><G129/><T45/><D131/><U98/><E67/><V79/><F79/><W30/><G30/><T23/><D133/><U11/><E121/><V59/><F42/><W37/><G37/><T70/><D70/><U124/><E124/><V29/><F29/><W104/><G104/><T13/><D13/><U77/><E80/><V3/><F3/><W123/><G123/><T87/><D120/><U130/><E130/><V102/><F102/><W64/><REACH who="3" step="1"/><G61/><REACH who="3" ten="245,224,199,322" step="2"/><T28/><D28/><U128/><E128/><V20/><F20/><AGARI ba="0,1" hai="12,16,20,62,64,68,92,93,96,101,107" m="6656" machi="20" ten="50,16000,3" yaku="1,1,2,1,52,5,54,1,53,0" doraHai="22,58" doraHaiUra="74,32" who="3" fromWho="2" sc="245,0,224,0,199,-160,322,170" /><INIT seed="7,0,0,5,0,8" ten="245,224,39,492" oya="3" hai0="115,113,103,5,79,22,102,36,17,94,75,50,52" hai1="111,46,109,53,11,133,60,120,66,130,126,24,132" hai2="69,129,100,63,110,104,3,47,10,119,124,128,76" hai3="39,116,20,44,90,45,31,32,40,61,37,106,72"/><W28/><G106/><T121/><D36/><U54/><E24/><V9/><F9/><W101/><G72/><T85/><D5/><U89/><E89/><V23/><F23/><W26/><G116/><T77/><D121/><U95/><E95/><V34/><F63/><W82/><G101/><N who="0" m="38411" /><D75/><U125/><E11/><V88/><F88/><W122/><G61/><T27/><D94/><U51/><E54/><V114/><F47/><W42/><G31/><T117/><D117/><U107/><E107/><V15/><F15/><W97/><G122/><T64/><D64/><U59/><E120/><V78/><F78/><W7/><G7/><T6/><D6/><U135/><E130/><V21/><F21/><W35/><G97/><T93/><D93/><U14/><E14/><V118/><F10/><W71/><G71/><T70/><D70/><U38/><E38/><V33/><F76/><W19/><G28/><T73/><D85/><AGARI ba="0,0" hai="19,20,26,32,35,37,39,40,42,44,45,82,85,90" machi="85" ten="40,2000,0" yaku="9,1" doraHai="8" who="3" fromWho="0" sc="245,-20,224,0,39,0,492,20" owari="225,3.0,224,-18.0,39,-46.0,512,61.0" /></mjloggm>