<mjloggm ver="2.3"><GO type="41" lobby="0"/><UN n0="%74%61%70%65%74%61" n1="%E5%B0%B1%E6%B4%BB%E7%94%9F%40%E5%B7%9D%E6%9D%91%E8%BB%8D%E5%9B%A3" n2="%CE%BC%6B%61%70%70%75" n3="%68%69%72%6F%6E%6E%32%30" dan="15,14,14,13" rate="1925.89,1967.70,1932.93,1893.82" sx="M,M,M,M"/><TAIKYOKU oya="0"/><INIT seed="0,0,0,1,3,93" ten="250,250,250,250" oya="0" hai0="69,38,48,90,117,124,100,88,13,63,106,23,121" hai1="122,95,70,5,107,56,35,7,17,45,61,71,119" hai2="27,4,54,129,6,130,19,9,89,115,77,40,79" hai3="43,87,132,118,85,103,47,57,123,31,14,62,30"/><T133/><D38/><U78/><E107/><V76/><F115/><W49/><G118/><T81/><D117/><U55/><E122/><V46/><F54/><W84/><G132/><T83/><D121/><U114/><E119/><V33/><F89/><N who="0" m="34410" /><D106/><U32/><E114/><V111/><F111/><W64/><G123/><T44/><D69/><U125/><E125/><V0/><F4/><W86/><G103/><T82/><D124/><U98/><E78/><V29/><REACH who="2" step="1"/><F19/><REACH who="2" ten="250,250,240,250" step="2"/><W92/><G92/><T2/><D133/><U116/><E17/><V134/><F134/><W104/><G104/><T24/><D82/><U135/><E116/><V37/><AGARI ba="0,1" hai="0,6,9,27,29,33,37,40,46,76,77,79,129,130" machi="37" ten="30,4000,0" yaku="1,1,0,1,53,1" doraHai="93" doraHaiUra="28" who="2" fromWho="2" sc="250,-20,250,-10,240,50,250,-10" /><INIT seed="1,0,0,2,3,34" ten="230,240,290,240" oya="1" hai0="106,118,103,111,48,47,133,125,13,109,74,120,4" hai1="131,110,79,67,83,35,92,1,32,64,58,19,121" hai2="30,21,10,105,36,41,45,135,82,101,6,38,25" hai3="126,87,97,60,123,66,2,56,11,8,98,128,90"/><U42/><E121/><V5/><F135/><W54/><G123/><T37/><D120/><U43/><E131/><V46/><F82/><W40/><G126/><T22/><D118/><U80/><E19/><V17/><F105/><W108/><G128/><T95/><D37/><U51/><E92/><V84/><F101/><W134/><G134/><T104/><D74/><U85/><E110/><N who="0" m="41993" /><D125/><U119/><E119/><V99/><F99/><W44/><G108/><T15/><D133/><U100/><E100/><V29/><F5/><W62/><G11/><N who="0" m="4327" /><D15/><U24/><E24/><V130/><F130/><W53/><G53/><N who="0" m="29855" /><D22/><U70/><E70/><V77/><F84/><W23/><G23/><T75/><D75/><U28/><E28/><V132/><F132/><W49/><G62/><T68/><D68/><U94/><E58/><V93/><F46/><W113/><G113/><T76/><D76/><U114/><E114/><V18/><F77/><W39/><G39/><T31/><D31/><U20/><E20/><V16/><F30/><W81/><REACH who="3" step="1"/><G40/><REACH who="3" ten="230,240,290,230" step="2"/><T88/><D103/><U73/><E43/><V55/><F55/><W117/><G117/><T96/><AGARI ba="0,1" hai="88,95,96,104,106" m="29855,4327,41993" machi="96" ten="30,2000,0" yaku="14,1,54,1" doraHai="34" who="0" fromWho="0" sc="230,30,240,-10,290,-5,230,-5" /><INIT seed="2,0,0,4,3,77" ten="260,230,285,225" oya="2" hai0="116,87,67,79,76,31,52,112,80,130,37,24,13" hai1="25,74,10,97,89,86,7,32,124,36,34,47,6" hai2="45,9,38,27,85,26,103,95,21,135,3,72,117" hai3="121,120,101,5,57,55,100,114,94,128,56,70,58"/><V132/><F72/><W119/><G119/><T82/><D112/><U106/><E74/><V122/><F117/><W17/><G114/><T81/><D116/><U22/><E124/><V129/><F122/><W73/><G70/><T92/><D37/><U75/><E75/><V44/><F129/><W88/><G128/><T19/><D130/><U60/><E60/><V18/><F38/><W125/><G125/><T33/><D67/><U30/><E106/><V110/><F110/><W66/><G66/><T133/><D133/><N who="2" m="51274" /><F27/><W2/><G73/><T111/><D111/><U39/><E97/><N who="2" m="59839" /><F85/><W109/><G109/><T15/><D92/><U113/><E113/><V43/><F43/><W123/><G17/><T105/><D105/><U12/><E39/><V62/><F62/><W107/><G107/><T68/><D68/><U118/><E118/><V84/><F84/><W78/><G78/><T8/><D79/><U71/><E71/><V108/><F108/><W42/><G42/><T23/><REACH who="0" step="1"/><D52/><REACH who="0" ten="250,230,285,225" step="2"/><U83/><E36/><V53/><F53/><W102/><G55/><T64/><D64/><U51/><E51/><V65/><F65/><W11/><G94/><T49/><D49/><U98/><E47/><V115/><F115/><W4/><G4/><AGARI ba="0,1" hai="4,8,13,15,19,23,24,31,33,76,80,81,82,87" machi="4" ten="30,8000,1" yaku="1,1,7,1,52,3,53,0" doraHai="77" doraHaiUra="131" who="0" fromWho="3" sc="250,90,230,0,285,0,225,-80" /><AGARI ba="0,0" hai="3,4,9,18,21,26,44,45" m="59839,51274" machi="4" ten="30,1500,0" yaku="20,1" doraHai="77" who="2" fromWho="3" sc="340,0,230,0,285,15,145,-15" /><INIT seed="2,1,0,5,3,79" ten="340,230,300,130" oya="2" hai0="65,1,108,3,80,18,126,66,26,41,124,94,35" hai1="63,103,0,111,22,115,23,114,92,34,122,8,125" hai2="113,112,100,130,11,45,40,133,47,62,60,95,121" hai3="49,96,118,38,86,9,58,7,78,20,55,39,24"/><V21/><F121/><W16/><G118/><T51/><D94/><U127/><E103/><V5/><F130/><W27/><G27/><T48/><D108/><U28/><E92/><V74/><F74/><W4/><G96/><T53/><D41/><U89/><E89/><V93/><F133/><W99/><G99/><T110/><D110/><U132/><E63/><V10/><F21/><N who="1" m="7689" /><E132/><V31/><F31/><W15/><G39/><T44/><D18/><U59/><E59/><V29/><F29/><N who="3" m="17543" /><G38/><T116/><D116/><U117/><E117/><V54/><F54/><W43/><G43/><N who="0" m="24607" /><D80/><AGARI ba="1,0" hai="4,7,9,15,16,49,55,58,78,80,86" m="17543" machi="80" ten="30,3900,0" yaku="8,1,52,1,54,1" doraHai="79" who="3" fromWho="0" sc="340,-42,230,0,300,0,130,42" /><INIT seed="3,0,0,4,2,65" ten="298,230,300,172" oya="3" hai0="82,63,119,109,77,123,57,12,56,3,34,43,8" hai1="73,67,36,132,64,51,133,24,48,60,114,40,131" hai2="113,84,100,89,93,2,29,69,116,59,92,27,128" hai3="106,54,47,15,25,49,129,97,117,110,70,99,33"/><W10/><G117/><T44/><D3/><U6/><E73/><V134/><F69/><W30/><G129/><T11/><D119/><U22/><E6/><V80/><F116/><W75/><G75/><T122/><D34/><U130/><E114/><V53/><F113/><W52/><G110/><T112/><D112/><U19/><E36/><V102/><F2/><W87/><G106/><T90/><D109/><U58/><E67/><V62/><F128/><N who="1" m="49193" /><E40/><V86/><F134/><AGARI ba="0,0" hai="19,22,24,48,51,58,60,64,132,133,134" m="49193" machi="134" ten="30,2000,0" yaku="20,1,19,1" doraHai="65" who="1" fromWho="2" sc="298,0,230,20,300,-20,172,0" /><INIT seed="4,0,0,2,5,41" ten="298,250,280,172" oya="0" hai0="20,61,51,1,33,5,70,40,58,88,77,54,128" hai1="111,21,97,115,117,47,3,126,113,6,116,64,114" hai2="84,129,120,22,12,121,7,71,9,19,130,92,74" hai3="29,96,39,135,107,105,34,69,36,78,11,2,23"/><T93/><D33/><U104/><E111/><V31/><F71/><W25/><G135/><T59/><D70/><U99/><E126/><V17/><F74/><W55/><G55/><T133/><D133/><U16/><E64/><V82/><F92/><W0/><G78/><T94/><D128/><N who="2" m="49258" /><F84/><W35/><G23/><T66/><D77/><U101/><E97/><V67/><F82/><W95/><G95/><T43/><D94/><U38/><E6/><V102/><F67/><W27/><G11/><T80/><D80/><U53/><E3/><V13/><F102/><W52/><G52/><N who="0" m="32031" /><D5/><U124/><E124/><V134/><F134/><W81/><G81/><T127/><D1/><U100/><E100/><V86/><F86/><W45/><G69/><T79/><D79/><U85/><E85/><V125/><F125/><W83/><G83/><T37/><D37/><U106/><E106/><V118/><F118/><W50/><G50/><N who="0" m="31191" /><D127/><U72/><E72/><V87/><F87/><W62/><G62/><T109/><D109/><U131/><E131/><V91/><F91/><W65/><G65/><T42/><D61/><U132/><E132/><V32/><F7/><W63/><G63/><T46/><D66/><U14/><E53/><V89/><F89/><W98/><G29/><T57/><D57/><U48/><E48/><V10/><F32/><W110/><G110/><T112/><D93/><U68/><E68/><V75/><F75/><W108/><G108/><T8/><D42/><AGARI ba="0,0" hai="14,16,21,38,42,47,99,101,104,113,114,115,116,117" machi="42" ten="40,8000,1" yaku="15,1,11,1,52,1,54,1" doraHai="41" who="1" fromWho="0" sc="298,-80,250,80,280,0,172,0" /><INIT seed="5,0,0,0,3,9" ten="218,330,280,172" oya="1" hai0="63,129,14,88,71,62,87,65,108,66,29,61,47" hai1="31,7,109,86,85,126,102,21,68,104,111,46,125" hai2="135,93,13,84,44,4,56,54,100,70,36,128,116" hai3="112,40,52,97,59,90,73,64,60,1,119,69,11"/><U131/><E68/><V0/><F70/><W105/><G73/><T50/><D108/><N who="1" m="41547" /><E7/><V130/><F116/><W57/><G112/><T28/><D129/><N who="2" m="49770" /><F0/><W99/><G119/><T67/><D71/><U114/><E131/><V38/><F135/><W127/><G127/><N who="1" m="48650" /><E46/><V75/><F44/><W94/><G40/><T42/><REACH who="0" step="1"/><D14/><REACH who="0" ten="208,330,280,172" step="2"/><U8/><E114/><V32/><F32/><W117/><G117/><T5/><D5/><U55/><E8/><N who="2" m="4231" /><F75/><W132/><G132/><T106/><D106/><U101/><E104/><V79/><F79/><W22/><G69/><T81/><AGARI ba="0,1" hai="28,29,42,47,50,61,62,63,65,66,67,81,87,88" machi="81" ten="30,8000,1" yaku="1,1,0,1,8,1,54,1,53,1" doraHai="9" doraHaiUra="83" who="0" fromWho="0" sc="208,90,330,-40,280,-20,172,-20" /><INIT seed="6,0,0,1,1,81" ten="298,290,260,152" oya="2" hai0="135,86,41,40,23,128,46,8,119,37,45,89,124" hai1="127,118,66,52,95,2,108,38,67,0,96,82,73" hai2="19,106,51,85,79,30,55,131,60,103,91,132,87" hai3="70,50,134,25,28,5,78,114,116,44,36,16,112"/><V68/><F30/><W93/><G116/><T100/><D119/><U49/><E38/><V47/><F106/><W42/><G5/><T62/><D128/><U126/><E118/><V121/><F121/><W3/><G3/><N who="1" m="1066" /><E73/><V24/><F131/><W12/><G70/><T56/><D135/><U26/><E26/><V74/><F74/><W29/><G134/><T43/><D124/><N who="1" m="47659" /><E82/><N who="2" m="47327" /><F68/><W10/><G78/><T109/><D109/><U110/><E67/><V57/><F132/><W102/><G36/><T123/><D123/><U21/><E21/><N who="2" m="13375" /><F103/><W130/><G130/><T32/><D32/><U7/><E7/><V92/><F47/><N who="0" m="17930" /><D37/><U18/><E66/><V97/><F60/><W64/><G64/><N who="0" m="38983" /><D100/><N who="1" m="60447" /><E18/><V58/><F58/><AGARI ba="0,0" hai="49,52,58,108,110" m="60447,47659,1066" machi="58" ten="30,2000,0" yaku="18,1,54,1" doraHai="81" who="1" fromWho="2" sc="298,0,290,20,260,-20,152,0" /><INIT seed="7,0,0,0,3,59" ten="298,310,240,152" oya="3" hai0="133,34,40,17,122,72,67,31,107,94,109,101,12" hai1="3,24,44,29,68,130,91,18,48,39,90,92,77" hai2="83,82,23,51,49,102,119,118,108,54,27,42,33" hai3="35,0,52,71,30,89,4,103,104,100,9,106,22"/><W98/><G71/><T7/><D107/><U129/><E68/><V135/><F33/><W61/><G35/><T105/><D72/><U112/><E112/><V81/><F108/><W16/><G30/><T117/><D105/><U69/><E69/><V86/><F102/><W114/><G114/><T127/><D109/><U37/><E3/><V79/><F135/><W125/><G125/><T8/><D122/><U41/><E77/><V84/><F42/><W15/><G103/><T56/><D117/><U55/><E18/><V80/><F51/><W131/><G131/><N who="1" m="50186" /><E92/><V58/><REACH who="2" step="1"/><F86/><REACH who="2" ten="298,310,230,152" step="2"/><W1/><G89/><N who="1" m="33802" /><E41/><V124/><F124/><W75/><G75/><T116/><D127/><U99/><E99/><V60/><F60/><W95/><REACH who="3" step="1"/><G0/><REACH who="3" ten="298,310,230,142" step="2"/><N who="0" m="103" /><D34/><AGARI ba="0,2" hai="24,29,34,37,39,44,48,55" m="33802,50186" machi="34" ten="30,1000,0" yaku="19,1" doraHai="59" who="1" fromWho="0" sc="298,-10,310,30,230,0,142,0" owari="288,9.0,340,44.0,230,-17.0,142,-36.0" /></mjloggm>