<mjloggm ver="2.3"><GO type="97" lobby="0"/><UN n0="%E9%9B%80%E6%A5%B5%E3%81%AE%E3%81%B8" n1="%6B%6B%6B%31%34%31%32%68" n2="%E8%81%96%E7%87%90" n3="%E5%B0%B1%E6%B4%BB%E7%94%9F%40%E5%B7%9D%E6%9D%91%E8%BB%8D%E5%9B%A3" dan="13,14,15,15" rate="1905.08,1950.55,2052.92,2025.02" sx="M,M,F,M"/><TAIKYOKU oya="0"/><INIT seed="0,0,0,0,0,67" ten="250,250,250,250" oya="0" hai0="10,13,18,79,76,118,88,121,2,107,130,123,40" hai1="102,97,53,133,14,55,31,129,47,50,72,66,39" hai2="23,64,108,87,101,115,124,9,91,125,104,110,20" hai3="131,48,5,106,56,90,15,1,85,3,32,8,83"/><T126/><D118/><U37/><E72/><V116/><F9/><W42/><G106/><T73/><D107/><U117/><E117/><V71/><F115/><W135/><G32/><T30/><D126/><N who="2" m="48746" /><F116/><W82/><G135/><T109/><D130/><U111/><E111/><N who="2" m="42539" /><F104/><W46/><G131/><T7/><D109/><U63/><E129/><V105/><F101/><W59/><G1/><T113/><D113/><U70/><E133/><V22/><F105/><W52/><G3/><T78/><D73/><U77/><E77/><V45/><F45/><W89/><G42/><T26/><D40/><U28/><E14/><V103/><F103/><W27/><G27/><T36/><D36/><U134/><E134/><V38/><F38/><W114/><G114/><T75/><D75/><U65/><E65/><V68/><F64/><W81/><G90/><T96/><D2/><U92/><E55/><V99/><F99/><W0/><G0/><T60/><D60/><U6/><E6/><V49/><F49/><W69/><G69/><N who="2" m="26697" /><F91/><W24/><G46/><T61/><D61/><U132/><E132/><V84/><AGARI ba="0,0" hai="20,22,23,84,87" m="26697,42539,48746" machi="84" ten="40,12000,2" yaku="28,2,18,1,14,1,52,3" doraHai="67" who="2" fromWho="2" sc="250,-60,250,-30,250,120,250,-30" /><INIT seed="1,0,0,0,3,51" ten="190,220,370,220" oya="1" hai0="55,50,113,82,121,135,22,59,44,73,126,133,75" hai1="13,96,24,49,120,81,76,104,68,130,35,6,11" hai2="129,91,16,56,15,23,102,131,111,63,87,107,80" hai3="99,127,60,5,45,48,1,62,72,103,74,92,21"/><U3/><E68/><V89/><F111/><W83/><G127/><T40/><D113/><U58/><E120/><V134/><F134/><N who="0" m="51210" /><D126/><U38/><E38/><V2/><F2/><W124/><G124/><T122/><D22/><U32/><E130/><V71/><F71/><W43/><G1/><T112/><D112/><U34/><E24/><V69/><F69/><W95/><G5/><T90/><D90/><U42/><E96/><V57/><F57/><W8/><G8/><T39/><D82/><U19/><E104/><V79/><F107/><W70/><G70/><T53/><D75/><U94/><E94/><V128/><REACH who="2" step="1"/><F102/><REACH who="2" ten="190,220,360,220" step="2"/><W66/><G66/><AGARI ba="0,1" hai="15,16,23,56,63,66,79,80,87,89,91,128,129,131" machi="66" ten="40,8000,1" yaku="1,1,2,1,19,1,54,1,53,0" doraHai="51" doraHaiUra="109" who="2" fromWho="3" sc="190,0,220,0,360,90,220,-80" /><INIT seed="2,0,0,3,3,38" ten="190,220,450,140" oya="2" hai0="27,73,40,10,89,23,106,129,63,5,28,105,31" hai1="134,52,6,44,9,83,34,62,66,67,18,135,4" hai2="39,13,3,41,56,118,68,96,20,123,1,120,84" hai3="112,55,130,7,26,76,132,74,100,99,86,60,121"/><V71/><F118/><W125/><G121/><T88/><D73/><U114/><E34/><V102/><F84/><W95/><G74/><T25/><D129/><U33/><E33/><V70/><F56/><W61/><G130/><T80/><D63/><U35/><E35/><V94/><F20/><W101/><G112/><T11/><D80/><U92/><E92/><V111/><F13/><W78/><G132/><N who="1" m="50730" /><E83/><V75/><F75/><W30/><G125/><T53/><D53/><U42/><E114/><V2/><REACH who="2" step="1"/><F111/><REACH who="2" ten="190,220,440,140" step="2"/><W65/><G7/><T46/><D23/><U58/><E6/><V45/><AGARI ba="0,1" hai="1,2,3,39,41,45,68,70,71,94,96,102,120,123" machi="45" ten="40,12000,1" yaku="1,1,2,1,0,1,52,1,53,0" doraHai="38" doraHaiUra="127" who="2" fromWho="2" sc="190,-40,220,-40,440,130,140,-40" /><INIT seed="2,1,0,1,5,29" ten="150,180,570,100" oya="2" hai0="25,97,132,22,20,118,31,47,28,7,82,64,53" hai1="52,107,89,122,74,37,17,58,126,33,63,112,98" hai2="73,57,61,114,23,42,59,75,78,94,66,19,0" hai3="56,76,8,90,108,129,128,80,102,11,34,131,88"/><V69/><F0/><W135/><G108/><T35/><D118/><U13/><E74/><V124/><F124/><W46/><G135/><T55/><D132/><U96/><E37/><V134/><F134/><W133/><G133/><T116/><D116/><U50/><E122/><V111/><F111/><W101/><G46/><T27/><D64/><U120/><E120/><V36/><F114/><W110/><G110/><T71/><D71/><U77/><E77/><V38/><F94/><W103/><G56/><T43/><D7/><U109/><E109/><V21/><F78/><W106/><G106/><T72/><D97/><U15/><E33/><V117/><F19/><W115/><G115/><T123/><D123/><U32/><E32/><V121/><F121/><W54/><G34/><T9/><D82/><U49/><E112/><V1/><F1/><W127/><G54/><T6/><D72/><U44/><E126/><V91/><F42/><W30/><G30/><T10/><D35/><U40/><E107/><V104/><F104/><W2/><G127/><T86/><D86/><U39/><E39/><V93/><F36/><W26/><G26/><T14/><REACH who="0" step="1"/><D10/><REACH who="0" ten="140,180,570,100" step="2"/><U92/><E96/><V70/><F75/><W51/><G2/><T5/><D5/><U41/><REACH who="1" step="1"/><E17/><REACH who="1" ten="140,170,570,100" step="2"/><V99/><F73/><W24/><G8/><T95/><D95/><U113/><E113/><V84/><F93/><W85/><G11/><T100/><D100/><U3/><E3/><V119/><F99/><W60/><G128/><T81/><D81/><U48/><E48/><AGARI ba="1,2" hai="6,9,14,20,22,25,27,28,31,43,47,48,53,55" machi="48" ten="30,7700,0" yaku="1,1,7,1,9,1,8,1,53,0" doraHai="29" doraHaiUra="125" who="0" fromWho="1" sc="140,100,170,-80,570,0,100,0" /><INIT seed="3,0,0,4,4,104" ten="240,90,570,100" oya="3" hai0="86,89,12,18,33,3,26,112,76,4,32,23,106" hai1="103,128,100,92,56,133,63,127,43,70,97,62,0" hai2="113,37,98,15,13,46,122,17,126,102,59,116,53" hai3="80,68,5,123,25,90,135,39,55,75,120,7,45"/><W72/><G68/><T22/><D106/><U6/><E43/><V73/><F116/><W60/><G135/><T50/><D76/><U91/><E133/><V35/><F35/><W36/><G60/><T84/><D112/><U69/><E127/><V114/><F73/><W130/><G25/><T93/><D3/><U40/><E40/><N who="2" m="22799" /><F17/><W61/><G61/><T107/><D107/><U54/><E128/><V20/><F20/><W124/><G124/><T24/><D4/><U58/><E6/><V129/><F122/><W42/><G130/><T28/><D12/><U85/><E0/><V41/><F41/><W57/><G39/><T16/><D28/><U48/><E48/><N who="2" m="31143" /><F129/><W27/><G27/><T109/><D109/><U118/><E118/><V38/><F38/><W101/><G101/><T64/><D64/><U8/><E8/><V47/><F47/><W11/><G120/><T81/><D50/><U117/><E117/><V96/><F96/><W111/><G123/><T125/><D125/><U121/><E121/><V14/><F126/><W29/><G111/><T108/><D108/><U1/><E1/><V65/><F65/><W49/><G29/><T51/><D51/><U34/><E34/><V74/><F74/><W134/><G134/><T83/><D93/><U67/><REACH who="1" step="1"/><E100/><REACH who="1" ten="240,80,570,100" step="2"/><V119/><F102/><W2/><G7/><T95/><D33/><U78/><E78/><V132/><F132/><W131/><G131/><T115/><D32/><U19/><E19/><V105/><F119/><W44/><G44/><T9/><D18/><U71/><E71/><V30/><F30/><RYUUKYOKU ba="0,1" sc="240,-30,80,10,570,10,100,10" hai1="54,56,58,62,63,67,69,70,85,91,92,97,103" hai2="13,14,15,98,105,113,114" hai3="2,5,11,36,42,45,49,55,57,72,75,80,90" /><INIT seed="3,1,1,1,3,71" ten="210,90,580,110" oya="3" hai0="96,22,26,131,92,127,40,116,94,97,90,45,104" hai1="9,38,135,128,39,10,99,16,68,66,107,48,120" hai2="124,14,30,1,19,84,21,15,28,134,13,17,67" hai3="86,93,60,111,76,79,70,58,37,0,2,80,27"/><W100/><G70/><T63/><D116/><U101/><E120/><V3/><F124/><W110/><G37/><T105/><D127/><U98/><E128/><V42/><F42/><W43/><G43/><T106/><D131/><U35/><E35/><V34/><F67/><W62/><G27/><T31/><D63/><N who="3" m="24105" /><G58/><T119/><D119/><U78/><E78/><V109/><F84/><W95/><G79/><T8/><D8/><U25/><E68/><V47/><F47/><W64/><G64/><T125/><D125/><U23/><E66/><V108/><F34/><W102/><G76/><T53/><D53/><U29/><E135/><V85/><F85/><W59/><G59/><T55/><D55/><U18/><E18/><V81/><F81/><W82/><G86/><T132/><D132/><U122/><E122/><V61/><F61/><W6/><G6/><T24/><D24/><U5/><E98/><V74/><F74/><W87/><G87/><T133/><D133/><U41/><E41/><V121/><F134/><W54/><G54/><T69/><D69/><U36/><E48/><V89/><F89/><W83/><G95/><T50/><REACH who="0" step="1"/><D106/><REACH who="0" ten="200,90,580,110" step="2"/><U88/><E88/><AGARI ba="1,2" hai="22,26,31,40,45,50,88,90,92,94,96,97,104,105" machi="88" ten="30,8000,1" yaku="1,1,2,1,7,1,9,1,54,1,53,0" doraHai="71" doraHaiUra="49" who="0" fromWho="1" sc="200,103,90,-83,580,0,110,0" owari="303,10.0,7,-49.0,580,68.0,110,-29.0" /></mjloggm>