<mjloggm ver="2.3"><GO type="169" lobby="0"/><UN n0="%E3%81%B5%E3%81%81%E3%81%84%E3%81%A1%E3%82%83%E3%82%80%E2%98%85" n1="%E3%82%A6%E3%83%AB%E3%83%88%E3%83%A9%E7%AB%8B%E7%9B%B4" n2="%E3%82%AF%E3%83%AD%E3%83%8E%E3%82%B9%40" n3="%72%75%6C%79%30%32%30%38" dan="17,17,17,17" rate="2223.19,2212.38,2170.45,2138.29" sx="M,M,M,M"/><TAIKYOKU oya="0"/><INIT seed="0,0,0,0,2,35" ten="250,250,250,250" oya="0" hai0="60,18,124,114,115,2,53,20,56,63,41,90,55" hai1="39,130,49,23,32,44,30,33,9,83,112,29,97" hai2="135,134,40,123,103,117,13,72,51,4,7,77,128" hai3="15,92,120,125,10,109,24,95,121,14,132,116,37"/><T73/><D73/><U119/><E119/><V70/><F123/><N who="3" m="47179" /><G37/><T64/><D124/><U99/><E39/><V58/><F70/><W12/><G116/><T6/><D41/><U113/><E83/><N who="2" m="45479" /><F103/><W80/><G125/><T66/><D114/><N who="1" m="44139" /><E9/><V133/><F128/><W129/><G129/><T93/><D115/><U50/><E130/><V28/><F117/><W94/><G132/><T59/><D6/><U122/><E122/><V85/><F28/><N who="1" m="10857" /><E23/><V11/><F85/><W27/><G109/><T61/><D2/><U36/><E36/><V102/><F102/><W38/><G38/><T82/><D82/><U3/><E3/><V74/><F74/><W86/><G10/><T1/><D1/><U43/><E50/><V76/><F76/><AGARI ba="0,0" hai="12,14,15,24,27,76,80,86,92,94,95" m="47179" machi="76" ten="40,1300,0" yaku="13,1" doraHai="35" who="3" fromWho="2" sc="250,0,250,0,250,-13,250,13" /><INIT seed="1,0,0,0,5,62" ten="250,250,237,263" oya="1" hai0="37,49,82,68,28,56,122,123,97,3,14,76,24" hai1="29,105,59,134,135,27,106,129,33,67,130,57,117" hai2="102,108,109,131,54,88,91,19,125,133,10,89,26" hai3="36,116,120,79,127,46,99,50,70,72,63,32,20"/><U103/><E117/><V84/><F131/><N who="1" m="50185" /><E103/><V61/><F102/><W2/><G2/><T85/><D3/><U71/><E71/><V66/><F133/><N who="1" m="50697" /><E59/><N who="2" m="37183" /><F125/><W65/><G127/><T18/><D37/><U53/><E67/><V77/><F77/><W92/><G116/><T119/><D68/><U22/><E33/><V38/><F38/><W51/><G32/><T78/><D119/><U112/><E112/><V15/><F54/><W107/><G107/><T126/><D78/><U58/><E58/><V60/><F60/><AGARI ba="0,0" hai="22,27,29,53,57,60,105,106" m="50697,50185" machi="60" ten="30,2900,0" yaku="19,1,20,1" doraHai="62" who="1" fromWho="2" sc="250,0,250,29,237,-29,263,0" /><INIT seed="1,1,0,0,2,28" ten="250,279,208,263" oya="1" hai0="53,133,59,54,6,122,130,67,116,21,71,99,7" hai1="16,94,118,3,40,58,78,129,22,114,95,132,84" hai2="104,35,11,43,123,125,66,89,88,30,49,60,73" hai3="72,106,121,86,91,2,82,77,126,33,31,9,41"/><U110/><E3/><V13/><F73/><W56/><G121/><T119/><D71/><U111/><E118/><V128/><F123/><W96/><G126/><T61/><D122/><U101/><E114/><V39/><F104/><W34/><G41/><T44/><D130/><U48/><E129/><V26/><F125/><W27/><G56/><T25/><D133/><U90/><E78/><V75/><F39/><W38/><G38/><T10/><D99/><U12/><E132/><V98/><F75/><W57/><G57/><T8/><D116/><U51/><E40/><V105/><F128/><W17/><G17/><N who="0" m="12463" /><D119/><U45/><E45/><V4/><F49/><W20/><G9/><N who="0" m="3691" /><D44/><U0/><E0/><V109/><F43/><W52/><G52/><AGARI ba="1,0" hai="6,7,52,53,54,59,61,67" m="3691,12463" machi="52" ten="30,2000,0" yaku="8,1,54,1" doraHai="28" who="0" fromWho="3" sc="250,23,279,0,208,0,263,-23" /><INIT seed="2,0,0,3,4,60" ten="273,279,208,240" oya="2" hai0="79,62,130,43,81,119,16,77,23,74,19,36,15" hai1="120,84,73,126,0,114,107,128,135,27,68,7,64" hai2="10,59,100,61,31,133,28,106,95,26,132,123,124" hai3="75,72,11,51,47,17,112,103,6,24,33,29,41"/><V110/><F123/><W65/><G112/><T70/><D130/><U87/><RYUUKYOKU type="yao9" ba="0,0" sc="273,0,279,0,208,0,240,0" hai1="0,7,27,64,68,73,84,87,107,114,120,126,128,135" /><INIT seed="2,1,0,5,5,8" ten="273,279,208,240" oya="2" hai0="92,90,11,25,73,4,22,28,94,49,88,110,83" hai1="37,39,115,47,128,70,16,77,2,45,123,134,79" hai2="93,74,63,65,60,69,99,104,18,15,12,35,1" hai3="13,126,135,103,7,24,9,76,111,20,119,130,100"/><V118/><F1/><W59/><G119/><T106/><D110/><U117/><E70/><V64/><F74/><W116/><G116/><T66/><D106/><U10/><E2/><V121/><F121/><W61/><G111/><T107/><D107/><U78/><E115/><V82/><F118/><W34/><G126/><T127/><D127/><U0/><E117/><V81/><F104/><W95/><G130/><T55/><D66/><N who="2" m="25706" /><F35/><W84/><G135/><T54/><D73/><U101/><E134/><V80/><F69/><W50/><G34/><T132/><D132/><U23/><E128/><V33/><F33/><W89/><G76/><T113/><D113/><U114/><E114/><V52/><F18/><W17/><REACH who="3" step="1"/><G50/><REACH who="3" ten="273,279,208,230" step="2"/><T72/><D49/><U44/><E123/><V38/><F38/><W131/><G131/><T32/><D72/><U98/><E39/><V105/><F105/><W97/><G97/><T42/><D32/><U109/><E37/><V91/><F63/><W29/><G29/><T75/><D28/><U27/><E109/><V67/><F67/><AGARI ba="1,1" hai="7,9,13,17,20,24,59,61,67,84,89,95,100,103" machi="67" ten="30,8000,1" yaku="1,1,7,1,8,1,52,1,53,1" doraHai="8" doraHaiUra="19" who="3" fromWho="2" sc="273,0,279,0,208,-83,230,93" /><INIT seed="3,0,0,5,4,84" ten="273,279,125,323" oya="3" hai0="59,113,48,62,97,25,19,13,85,57,105,120,61" hai1="115,134,103,106,95,76,40,72,5,2,102,131,81" hai2="79,86,23,77,123,42,118,58,49,21,67,28,38" hai3="104,8,65,43,80,36,92,22,44,82,112,37,6"/><W98/><G104/><T55/><D120/><U87/><E115/><V73/><F118/><W45/><G112/><T56/><D113/><U60/><E60/><N who="2" m="38295" /><F38/><W135/><G65/><T51/><D105/><U128/><E40/><V100/><F73/><W116/><G116/><T70/><D25/><U107/><E5/><V64/><F100/><N who="1" m="38441" /><E2/><V130/><F130/><N who="1" m="49705" /><E134/><V101/><F101/><W71/><G71/><T122/><D70/><U109/><E109/><V7/><F7/><W52/><G135/><T18/><D122/><U47/><E47/><N who="2" m="25847" /><F123/><W114/><G22/><N who="2" m="8201" /><F28/><W0/><G114/><T53/><D18/><U54/><E54/><V17/><F64/><W46/><G52/><T74/><D55/><U34/><E34/><V108/><F108/><W68/><G68/><T94/><D19/><U32/><E32/><V30/><F30/><W121/><G121/><T99/><D53/><U27/><E27/><V117/><F117/><W127/><G43/><T90/><D13/><U133/><E133/><V126/><F17/><W16/><G16/><T124/><D61/><U91/><AGARI ba="0,0" hai="72,76,81,87,91,95,106,107" m="49705,38441" machi="91" ten="30,7900,0" yaku="19,1,34,2,52,1" doraHai="84" who="1" fromWho="1" sc="273,-20,279,79,125,-20,323,-39" /><INIT seed="4,0,0,0,4,99" ten="253,358,105,284" oya="0" hai0="128,124,57,61,19,116,25,113,97,62,114,35,54" hai1="70,6,110,50,65,132,120,14,94,44,81,84,118" hai2="66,11,15,43,112,100,60,34,91,127,27,86,37" hai3="59,106,48,49,24,123,72,45,76,80,98,20,51"/><T22/><D116/><U55/><E118/><V92/><F112/><N who="0" m="43114" /><D128/><U16/><E110/><V68/><F127/><W7/><G123/><T109/><D124/><U18/><E120/><V29/><F43/><W56/><G45/><T23/><D109/><U10/><E132/><V42/><F42/><W93/><G7/><T73/><D73/><U82/><E70/><V131/><F131/><W121/><G106/><T107/><D35/><U88/><E65/><V95/><F37/><W126/><G121/><T79/><D79/><U90/><E81/><V0/><F0/><W130/><G130/><T125/><D125/><U122/><E122/><V133/><F133/><W119/><G119/><T71/><D71/><U53/><E53/><V77/><F77/><W105/><G105/><T83/><D83/><U30/><E30/><V96/><F15/><W135/><G135/><T101/><D23/><U17/><E6/><V28/><F11/><W103/><REACH who="3" step="1"/><G126/><REACH who="3" ten="253,358,105,274" step="2"/><T89/><D89/><U41/><E41/><V78/><F78/><W47/><G47/><T46/><D46/><U69/><E69/><V1/><F1/><W36/><G36/><T13/><D13/><U64/><E64/><V31/><AGARI ba="0,1" hai="27,28,29,31,34,60,66,68,86,91,92,95,96,100" machi="31" ten="30,2000,0" yaku="0,1,52,1" doraHai="99" who="2" fromWho="2" sc="253,-10,358,-5,105,30,274,-5" /><INIT seed="5,0,0,4,2,102" ten="243,353,135,269" oya="1" hai0="48,112,94,32,77,6,8,25,39,34,105,35,45" hai1="53,49,71,66,5,101,20,50,93,44,62,46,131" hai2="26,19,11,111,43,67,23,132,9,98,108,29,80" hai3="115,24,18,128,133,126,124,79,12,88,27,36,70"/><U2/><E131/><V130/><F67/><W122/><G36/><T86/><D112/><U129/><E129/><V22/><F43/><W58/><G70/><T90/><D39/><U41/><E5/><V114/><F130/><W73/><G128/><T118/><D118/><U17/><E2/><V84/><F132/><W91/><G122/><T55/><D77/><U87/><E101/><V103/><F114/><W61/><G115/><T119/><D119/><U60/><E71/><V125/><F125/><N who="3" m="48235" /><G79/><T51/><D51/><U127/><E66/><V85/><F111/><W1/><G1/><T78/><D78/><U63/><E127/><V21/><F108/><W75/><G24/><T38/><D38/><U68/><E68/><V82/><F85/><W134/><G27/><T42/><D42/><U99/><E99/><V64/><F64/><N who="3" m="38967" /><G134/><T83/><D25/><N who="1" m="14479" /><E63/><V28/><F82/><W106/><G106/><T65/><D83/><U107/><E107/><V81/><F81/><W57/><G57/><T104/><REACH who="0" step="1"/><D65/><REACH who="0" ten="233,353,135,269" step="2"/><U72/><E72/><N who="3" m="27722" /><G133/><T40/><D40/><U89/><AGARI ba="0,1" hai="41,44,46,49,50,53,60,62,87,89,93" m="14479" machi="89" ten="30,1500,0" yaku="8,1" doraHai="102" who="1" fromWho="1" sc="233,-5,353,25,135,-5,269,-5" /><INIT seed="5,1,0,5,3,77" ten="228,378,130,264" oya="1" hai0="111,12,89,81,32,27,93,98,87,134,7,88,0" hai1="39,76,73,29,44,4,108,65,119,10,85,38,133" hai2="49,107,30,11,33,56,135,127,100,28,20,13,42" hai3="17,36,59,112,24,118,3,21,97,19,75,25,125"/><U34/><E119/><V109/><F109/><W116/><G36/><T48/><D0/><U101/><E108/><V18/><F33/><W35/><G112/><T114/><D111/><U84/><E133/><V117/><F117/><N who="3" m="45163" /><G75/><T70/><D70/><U64/><E101/><V15/><F135/><W31/><G125/><T69/><D69/><U22/><E34/><V121/><F121/><W103/><G3/><T26/><D114/><U54/><E85/><V110/><F110/><W105/><G59/><T41/><D32/><U95/><E39/><V66/><F127/><W91/><G91/><T50/><D134/><U74/><E73/><V47/><F107/><W53/><G53/><T72/><D72/><U129/><E65/><V55/><F100/><W126/><G126/><T94/><D94/><U57/><E64/><V122/><F66/><W8/><G8/><N who="0" m="4127" /><D41/><U86/><E74/><V79/><F79/><W40/><G40/><T90/><D90/><U60/><E38/><V14/><F122/><W132/><G132/><T37/><D37/><U83/><E44/><V104/><F104/><W102/><G102/><T63/><D63/><U113/><E113/><V131/><F131/><W106/><G106/><T80/><D80/><U68/><E68/><V78/><F78/><W99/><G99/><T45/><D45/><U115/><E115/><V67/><F67/><W120/><G120/><T92/><D92/><U124/><E95/><V71/><F71/><W62/><G62/><T61/><D61/><U5/><E124/><V2/><F2/><W96/><G96/><T16/><D27/><RYUUKYOKU ba="1,0" sc="228,15,378,-15,130,-15,264,15" hai0="16,26,48,50,81,87,88,89,93,98" hai3="17,19,21,24,25,31,35,97,103,105" /><INIT seed="6,2,0,4,1,52" ten="243,363,115,279" oya="2" hai0="43,114,80,34,68,47,57,134,44,45,103,35,78" hai1="53,55,105,67,95,126,20,50,23,5,25,109,36" hai2="19,87,60,21,135,89,16,72,113,127,26,91,65" hai3="30,73,108,121,128,133,130,76,39,1,28,94,61"/><V106/><F106/><W84/><G1/><T63/><D68/><U69/><E36/><V42/><F72/><W124/><G39/><T125/><D103/><U118/><E67/><V40/><F113/><W29/><G73/><T112/><D43/><N who="2" m="16426" /><F135/><W85/><G133/><T14/><D134/><U3/><E3/><V0/><F0/><W22/><G121/><T11/><D125/><U58/><E69/><V24/><F127/><W88/><G124/><T117/><D117/><U115/><E105/><V70/><F70/><W66/><G108/><T96/><D96/><U132/><E115/><N who="0" m="44073" /><D80/><U93/><E109/><V86/><F65/><W129/><G22/><T41/><D78/><U102/><E126/><V38/><F38/><W75/><G75/><T15/><D41/><U33/><E33/><N who="0" m="12297" /><D11/><U74/><E74/><V54/><F26/><W6/><G6/><T79/><D79/><U9/><E25/><V120/><F120/><W104/><G104/><T46/><N who="0" m="11264" /><DORA hai="18" /><T64/><AGARI ba="2,0" hai="14,15,57,63,64" m="11264,12297,44073" machi="64" ten="50,6400,0" yaku="4,1,15,1,52,1" doraHai="52,18" who="0" fromWho="0" sc="243,70,363,-18,115,-34,279,-18" /><INIT seed="7,0,0,1,2,62" ten="313,345,81,261" oya="3" hai0="129,117,3,59,134,91,126,47,103,118,77,14,58" hai1="48,37,39,25,75,135,38,108,33,131,114,31,106" hai2="56,0,104,64,46,99,5,74,32,13,41,85,90" hai3="16,23,111,35,83,63,69,92,123,100,68,71,18"/><W7/><G35/><T4/><D3/><U113/><E108/><V10/><F32/><W27/><G123/><T119/><D129/><U127/><E131/><V57/><F13/><W109/><G7/><T122/><D122/><U44/><E106/><V53/><F104/><W116/><G116/><T130/><D130/><U95/><E75/><V101/><F101/><W84/><G18/><T1/><D103/><U52/><E127/><V76/><F99/><W121/><G121/><T54/><D77/><U51/><E135/><V72/><F53/><W89/><G100/><T11/><D1/><U125/><E125/><V115/><F115/><N who="1" m="44041" /><E95/><V80/><F74/><W73/><REACH who="3" step="1"/><G63/><REACH who="3" ten="313,345,81,251" step="2"/><N who="0" m="36311" /><D134/><U70/><E51/><V15/><F15/><W28/><G28/><T30/><D14/><U65/><E38/><V22/><F22/><W8/><G8/><T107/><D30/><U133/><E133/><V60/><F90/><W45/><G45/><T43/><D47/><U105/><E105/><V50/><REACH who="2" step="1"/><F72/><REACH who="2" ten="313,345,71,251" step="2"/><W24/><G24/><T19/><D91/><U86/><E25/><V17/><F17/><W93/><G93/><T6/><D19/><U94/><E33/><V55/><F55/><W40/><G40/><T132/><D43/><U66/><E52/><V42/><F42/><W21/><G21/><T120/><D107/><U82/><E31/><V29/><F29/><W97/><G97/><T98/><D98/><U36/><E94/><V34/><F34/><W12/><G12/><T49/><D126/><U87/><E37/><V20/><F20/><W112/><G112/><T79/><D132/><RYUUKYOKU ba="0,2" sc="313,-15,345,-15,71,15,251,15" hai2="0,5,10,41,46,50,56,57,60,64,76,80,85" hai3="16,23,27,68,69,71,73,83,84,89,92,109,111" /><INIT seed="7,1,2,2,1,123" ten="298,330,86,266" oya="3" hai0="57,73,3,32,112,100,11,38,122,21,99,88,106" hai1="45,85,75,25,102,79,33,84,17,67,10,81,47" hai2="104,22,132,55,92,96,31,105,126,86,89,120,115" hai3="5,8,43,54,36,41,16,23,110,35,130,9,95"/><W52/><G130/><T42/><D32/><U109/><E109/><V111/><F55/><N who="3" m="21035" /><G36/><T134/><D57/><U65/><E33/><V69/><F69/><W58/><G35/><T83/><D21/><N who="1" m="13487" /><E75/><V28/><F22/><W77/><G110/><T91/><D112/><U127/><E127/><V60/><F60/><W113/><G113/><T129/><D134/><U6/><E102/><V125/><F115/><W63/><G77/><N who="0" m="44463" /><D129/><U131/><E131/><V53/><F53/><N who="3" m="34255" /><G95/><T128/><D122/><U107/><E107/><N who="2" m="41035" /><F28/><W27/><G5/><N who="0" m="1471" /><D128/><U114/><E114/><V62/><F31/><W46/><G46/><AGARI ba="1,2" hai="38,42,46,88,91,99,100,106" m="1471,44463" machi="46" ten="30,2000,0" yaku="25,1,54,1" doraHai="123" who="0" fromWho="3" sc="298,43,330,0,86,0,266,-23" owari="341,44.0,330,13.0,86,-41.0,243,-16.0" /></mjloggm>