<mjloggm ver="2.3"><GO type="169" lobby="0"/><UN n0="%E3%83%87%E3%83%87%E3%82%AD%E3%83%B3%E3%83%88" n1="%E3%83%A4%E3%82%AD%E3%83%B3" n2="%E3%82%A6%E3%83%AB%E3%83%88%E3%83%A9%E7%AB%8B%E7%9B%B4" n3="%E5%81%BD%E5%96%84%E8%80%85%E9%AB%98%E6%A9%8B%E3%81%BF%E3%81%AA%E3%81%BF" dan="17,17,17,17" rate="2165.79,2196.62,2190.54,2177.30" sx="M,M,M,F"/><TAIKYOKU oya="0"/><INIT seed="0,0,0,1,2,84" ten="250,250,250,250" oya="0" hai0="1,57,27,10,103,106,15,66,82,118,71,78,17" hai1="7,31,9,119,35,43,22,133,109,75,11,131,63" hai2="49,56,111,72,91,129,83,113,110,76,36,85,79" hai3="18,41,20,89,42,46,53,26,4,28,54,40,80"/><T34/><D118/><U87/><E75/><V122/><F36/><W19/><G4/><T8/><D71/><U65/><E35/><V14/><F122/><W33/><G46/><T70/><D70/><U47/><E109/><N who="2" m="41483" /><F72/><W127/><G127/><T123/><D123/><U13/><E133/><V38/><F38/><W32/><G32/><T58/><D106/><U16/><E131/><V60/><F129/><W48/><G48/><T64/><D103/><U94/><E31/><V97/><F49/><W30/><G30/><T5/><D34/><U3/><E119/><V96/><F14/><W116/><G116/><T107/><D107/><U88/><E7/><V98/><F113/><W39/><G39/><T115/><D27/><U134/><E3/><V0/><F0/><W6/><G6/><T25/><D25/><U74/><E74/><V92/><F76/><W52/><G33/><T95/><D115/><U86/><E134/><V77/><F77/><W124/><G124/><T24/><D24/><U73/><E73/><V100/><F100/><W126/><G126/><T50/><D78/><U51/><E87/><AGARI ba="0,0" hai="18,19,20,26,28,40,41,42,52,53,54,80,87,89" machi="87" ten="40,5200,0" yaku="8,1,52,1,54,1" doraHai="84" who="3" fromWho="1" sc="250,0,250,-52,250,0,250,52" /><INIT seed="1,0,0,4,1,122" ten="250,198,250,302" oya="1" hai0="98,19,94,63,124,108,58,86,90,102,49,44,111" hai1="38,17,88,115,71,135,66,100,134,24,74,91,103" hai2="3,47,67,5,68,128,62,101,21,131,113,2,82" hai3="126,95,89,36,37,48,83,32,127,25,27,54,6"/><U130/><E38/><V70/><F21/><W119/><G6/><T64/><D124/><N who="3" m="47657" /><G83/><T59/><D59/><U52/><E74/><V29/><F29/><N who="3" m="19503" /><G27/><T51/><D19/><U133/><E66/><V20/><F20/><W85/><G119/><T110/><REACH who="0" step="1"/><D44/><AGARI ba="0,0" hai="36,37,44,48,54,85,89,95" m="19503,47657" machi="44" ten="30,1000,0" yaku="18,1" doraHai="122" who="3" fromWho="0" sc="250,-10,198,0,250,0,302,10" /><INIT seed="2,0,0,0,0,7" ten="240,198,250,312" oya="2" hai0="16,98,113,32,112,26,23,91,67,39,45,33,4" hai1="78,88,21,66,90,58,131,19,12,18,35,85,1" hai2="44,74,93,127,105,64,80,117,55,6,132,73,53" hai3="121,31,34,104,101,124,59,115,46,79,128,41,70"/><V130/><F105/><W123/><G124/><T56/><D39/><U36/><E36/><V129/><F117/><W27/><G128/><N who="2" m="49257" /><F80/><W86/><G115/><T82/><D45/><U111/><E35/><V5/><F64/><W122/><G70/><T107/><D4/><N who="2" m="1642" /><F127/><W2/><G2/><T99/><D113/><U77/><E1/><V84/><F132/><W103/><G104/><T126/><D126/><U135/><E111/><V51/><F55/><W118/><G118/><T17/><D112/><U110/><E110/><V92/><F84/><W114/><G114/><T133/><D133/><U134/><E131/><V62/><F62/><W49/><G59/><T22/><D107/><U96/><E135/><V63/><F63/><W94/><G79/><T48/><D67/><U61/><E134/><V8/><F8/><W11/><G11/><T65/><D65/><U20/><E96/><V75/><AGARI ba="0,0" hai="44,51,53,73,74,75,92,93" m="1642,49257" machi="75" ten="40,2100,0" yaku="19,1" doraHai="7" who="2" fromWho="2" sc="240,-7,198,-7,250,21,312,-7" /><INIT seed="2,1,0,1,2,6" ten="233,191,271,305" oya="2" hai0="27,112,96,31,48,90,105,14,68,80,42,106,93" hai1="20,127,36,15,13,102,113,124,49,81,3,0,30" hai2="65,117,83,114,95,39,25,34,126,5,47,98,69" hai3="2,74,38,12,97,109,86,62,56,72,91,120,116"/><V24/><F117/><W88/><G116/><T23/><D68/><U32/><E36/><V46/><F114/><W41/><G2/><T84/><D112/><U60/><E113/><V101/><F126/><W59/><G120/><T108/><D108/><U87/><E102/><V43/><F34/><W19/><G109/><T133/><D133/><U29/><E60/><V92/><F92/><W94/><G38/><T104/><D14/><N who="1" m="5131" /><E49/><V123/><F123/><W76/><G41/><T61/><D61/><U121/><E121/><V66/><F5/><W9/><G76/><T119/><D119/><U18/><E87/><V85/><F46/><W125/><G125/><N who="1" m="48202" /><E81/><V11/><F69/><W44/><G44/><T37/><D37/><U107/><E107/><V100/><F100/><W4/><G4/><T1/><D1/><N who="1" m="587" /><E32/><V111/><F66/><W45/><G45/><T33/><D42/><U82/><E82/><V16/><F65/><W55/><REACH who="3" step="1"/><G59/><REACH who="3" ten="233,191,271,295" step="2"/><T131/><D131/><U8/><E8/><V122/><F122/><W28/><G28/><T52/><D31/><U63/><E63/><V54/><F39/><W132/><G132/><T99/><D48/><U53/><E53/><V103/><F43/><W10/><G10/><T17/><D52/><U134/><E134/><V110/><F54/><W77/><G77/><T71/><D71/><U129/><E129/><V22/><F11/><W51/><G51/><T130/><D130/><U64/><E64/><V58/><F58/><W21/><G21/><T26/><D80/><AGARI ba="1,1" hai="9,12,19,55,56,62,72,74,80,86,88,91,94,97" machi="80" ten="30,7700,0" yaku="1,1,7,1,52,1,54,1,53,0" doraHai="6" doraHaiUra="118" who="3" fromWho="0" sc="233,-80,191,0,271,0,295,90" /><INIT seed="3,0,0,0,3,55" ten="153,191,271,385" oya="3" hai0="64,31,111,102,53,10,34,8,11,119,93,129,13" hai1="88,14,30,69,57,56,23,82,63,12,125,16,60" hai2="58,47,20,28,38,85,3,68,78,24,1,96,73" hai3="59,6,118,128,87,43,113,75,33,32,66,36,106"/><W54/><G128/><T65/><D129/><U62/><E69/><V51/><F73/><W77/><G75/><T124/><D124/><U67/><E125/><V7/><F68/><W89/><G106/><T133/><D111/><U48/><E30/><V42/><F7/><W104/><G104/><T135/><D119/><U112/><E112/><V91/><F96/><W127/><G77/><T74/><D74/><U90/><E82/><V99/><F99/><W45/><G127/><T81/><D81/><U79/><E79/><V131/><F78/><W83/><G113/><T116/><D116/><U126/><E126/><V22/><F22/><W2/><G66/><T114/><D114/><U109/><E109/><V98/><F98/><W26/><G118/><T37/><D37/><U72/><E72/><V4/><F4/><W44/><G44/><T134/><D13/><U21/><E48/><V103/><F103/><W35/><G6/><T120/><D120/><U84/><E84/><V130/><F130/><W92/><G2/><T76/><D76/><U39/><E39/><V121/><F121/><W97/><G26/><N who="0" m="18807" /><D102/><U15/><E67/><N who="0" m="25673" /><D93/><U49/><E49/><V17/><F28/><W46/><G46/><T108/><D108/><U80/><E80/><N who="2" m="49575" /><F131/><W115/><G115/><T50/><D134/><U117/><E117/><V100/><F100/><N who="3" m="60455" /><G32/><T105/><D105/><U27/><E23/><V9/><F9/><W86/><G87/><T0/><D0/><U122/><E122/><V18/><F18/><W29/><G29/><T52/><D50/><U19/><E19/><V5/><F5/><RYUUKYOKU ba="0,0" sc="153,0,191,0,271,0,385,0" hai0="8,10,11,52,53,133,135" hai1="12,14,15,16,21,27,56,57,60,62,63,88,90" hai2="1,3,17,20,24,38,42,47,51,58" hai3="33,35,36,43,45,54,59,83,86,89" /><INIT seed="3,1,0,0,2,84" ten="153,191,271,385" oya="3" hai0="4,39,132,134,65,125,106,34,38,104,17,23,60" hai1="117,83,54,6,75,50,21,76,124,129,47,80,9" hai2="133,82,118,74,2,93,128,120,70,96,102,64,127" hai3="61,111,135,105,90,131,8,42,79,108,58,69,72"/><W130/><G105/><N who="0" m="40555" /><D34/><U97/><E124/><V73/><F2/><W99/><G69/><N who="0" m="42151" /><D4/><U63/><E129/><N who="3" m="49162" /><G135/><N who="0" m="51755" /><D125/><U62/><E117/><V101/><F64/><W44/><G8/><T25/><AGARI ba="1,0" hai="17,23,25,38,39" m="51755,42151,40555" machi="25" ten="30,1100,0" yaku="20,1" doraHai="84" who="0" fromWho="0" sc="153,14,191,-4,271,-4,385,-6" /><INIT seed="4,0,0,4,3,88" ten="167,187,267,379" oya="0" hai0="115,26,135,84,117,106,43,120,73,116,80,14,12" hai1="77,81,114,61,44,98,122,51,58,65,62,68,96" hai2="97,74,28,6,126,49,101,34,4,105,22,52,102" hai3="56,59,15,82,128,79,50,85,124,45,69,131,83"/><T1/><D1/><U47/><E122/><V108/><F74/><W71/><G124/><T30/><D120/><U24/><E114/><V109/><F126/><W8/><G83/><T27/><D106/><U129/><E129/><N who="3" m="49738" /><G69/><T25/><D73/><U72/><E24/><V38/><F38/><W118/><G71/><T95/><D30/><U134/><E134/><V29/><F34/><W91/><G79/><N who="0" m="46111" /><D115/><U132/><E132/><V99/><F22/><W86/><G86/><T23/><D135/><U133/><E133/><V13/><F13/><N who="0" m="5226" /><D117/><U119/><E119/><V11/><F11/><W21/><G21/><T39/><D39/><U103/><E51/><V0/><F49/><W78/><G78/><T17/><D43/><U10/><E10/><V75/><F75/><W70/><G70/><T113/><D113/><U16/><E16/><V94/><F105/><W2/><G2/><T64/><D64/><U37/><E37/><V112/><F112/><W66/><G66/><T123/><D123/><U110/><E110/><V57/><F0/><W100/><G118/><T63/><D63/><U48/><E48/><N who="2" m="30855" /><F109/><W54/><G50/><T89/><D116/><U7/><E7/><N who="2" m="2603" /><F108/><W36/><G36/><T87/><AGARI ba="0,0" hai="17,23,25,26,27,87,89,95" m="5226,46111" machi="87" ten="30,3000,0" yaku="8,1,52,1" doraHai="88" who="0" fromWho="0" sc="167,30,187,-10,267,-10,379,-10" /><INIT seed="4,1,0,4,2,67" ten="197,177,257,369" oya="0" hai0="101,54,41,116,2,21,60,48,110,18,100,47,87" hai1="66,113,10,83,97,27,59,72,126,36,80,19,15" hai2="42,1,43,40,121,75,107,37,103,13,24,53,56" hai3="73,78,108,65,105,74,131,122,23,86,84,128,3"/><T51/><D110/><U34/><E36/><V35/><F1/><W7/><G108/><T135/><D135/><U9/><E126/><V112/><F75/><W17/><G105/><T79/><D116/><U123/><E123/><V85/><F103/><W93/><G122/><T111/><D2/><U31/><E113/><V6/><F107/><W81/><G65/><T49/><D111/><U61/><E72/><V30/><F112/><W33/><G33/><T26/><D60/><U28/><E28/><V92/><F37/><W130/><G7/><T133/><D133/><U4/><REACH who="1" step="1"/><E97/><REACH who="1" ten="197,167,257,369" step="2"/><V89/><F121/><W88/><G3/><AGARI ba="1,1" hai="3,4,9,10,15,19,27,31,34,59,61,66,80,83" machi="3" ten="30,3900,0" yaku="1,1,2,1,7,1,53,0" doraHai="67" doraHaiUra="38" who="1" fromWho="3" sc="197,0,167,52,257,0,369,-42" /><INIT seed="5,0,0,2,5,25" ten="197,219,257,327" oya="1" hai0="67,93,5,87,77,0,44,94,32,105,89,56,68" hai1="21,8,122,86,33,58,28,118,115,19,109,7,85" hai2="31,34,15,103,14,88,71,9,48,1,63,11,18" hai3="102,121,119,132,72,104,57,133,26,111,96,50,13"/><U65/><E122/><V78/><F103/><W125/><G111/><T127/><D127/><U98/><E118/><V100/><F78/><W39/><G121/><T41/><D105/><U52/><E65/><V135/><F100/><W30/><G39/><T108/><D108/><U4/><E109/><V10/><F63/><W131/><G72/><T23/><D32/><U16/><E33/><V126/><F88/><W35/><G125/><T12/><D68/><U101/><E115/><V22/><F48/><W20/><G119/><T46/><D77/><U110/><E110/><V79/><F79/><W112/><G112/><T3/><D93/><N who="1" m="58575" /><E28/><V49/><F49/><W45/><G57/><T107/><D107/><U62/><E19/><N who="2" m="10623" /><F71/><W130/><G35/><T114/><D114/><U38/><E38/><V134/><F126/><W2/><G2/><T80/><D67/><U76/><E8/><N who="2" m="6471" /><F1/><W24/><G24/><AGARI ba="0,0" hai="9,10,11,24,31,34,134,135" m="6471,10623" machi="24" ten="30,3900,0" yaku="34,2,52,1" doraHai="25" who="2" fromWho="3" sc="197,0,219,0,257,39,327,-39" /><INIT seed="6,0,0,1,1,34" ten="197,219,296,288" oya="2" hai0="29,80,32,44,5,25,55,107,4,9,1,75,114" hai1="54,123,109,106,51,100,86,26,70,49,87,92,135" hai2="115,99,62,36,124,129,38,19,77,79,134,105,111" hai3="20,48,8,128,101,31,132,69,102,17,30,12,85"/><V15/><F62/><W50/><G69/><T63/><D114/><U82/><E106/><V0/><F0/><W41/><G132/><T56/><D107/><U60/><E109/><V98/><F105/><W90/><G128/><T113/><D113/><U14/><E135/><V131/><F115/><W127/><G127/><T94/><D94/><U95/><E26/><V45/><F134/><W116/><G116/><T6/><REACH who="0" step="1"/><D44/><REACH who="0" ten="187,219,296,288" step="2"/><U13/><E95/><V108/><F45/><W27/><G102/><T97/><D97/><U88/><E100/><V133/><F133/><W68/><G101/><T53/><D53/><U37/><E123/><V76/><F99/><W103/><G103/><T126/><D126/><U23/><E54/><V93/><F93/><W47/><G47/><T16/><D16/><N who="1" m="10639" /><E37/><V64/><F98/><W78/><G17/><T40/><D40/><U61/><E70/><V118/><F124/><W83/><G68/><T10/><D10/><U125/><E125/><V3/><F38/><W43/><G43/><T33/><D33/><U110/><E110/><V119/><F36/><W104/><G41/><T7/><D7/><U2/><E14/><V28/><F15/><W57/><G104/><T84/><D84/><U24/><E24/><V52/><F111/><W121/><G121/><T59/><D59/><U65/><E2/><V120/><F3/><W89/><G57/><T66/><D66/><U130/><E65/><V71/><F64/><W73/><G85/><T39/><D39/><U42/><E87/><V122/><F71/><W58/><G58/><T18/><D18/><RYUUKYOKU ba="0,1" sc="187,30,219,-10,296,-10,288,-10" hai0="1,4,5,6,9,25,29,32,55,56,63,75,80" /><INIT seed="7,1,1,4,1,6" ten="217,209,286,278" oya="3" hai0="72,97,84,11,31,29,3,49,60,16,81,27,13" hai1="67,114,98,77,135,75,106,18,129,66,2,119,109" hai2="51,132,40,69,95,101,116,19,128,0,55,37,48" hai3="79,58,61,12,10,25,65,47,22,112,42,118,131"/><W90/><G118/><T82/><D3/><U93/><E109/><V85/><F69/><W130/><G112/><T73/><D29/><U33/><E33/><V100/><F37/><W86/><G79/><T54/><D60/><U121/><E121/><V9/><F0/><W21/><G10/><T17/><D17/><U36/><E106/><V4/><F4/><W96/><G12/><T108/><D97/><U127/><E36/><V76/><F128/><N who="3" m="49195" /><G96/><T126/><D126/><U122/><E127/><V45/><F132/><W91/><G25/><T38/><D38/><U32/><E32/><V134/><F116/><W62/><G61/><T87/><D108/><U92/><E135/><V52/><F76/><W7/><G7/><T30/><D73/><U103/><E119/><V15/><F40/><W113/><G113/><T24/><D72/><U89/><E114/><V43/><F43/><W133/><G133/><T115/><D115/><U107/><E2/><V14/><F14/><W8/><G8/><T78/><D27/><U34/><E34/><V123/><F134/><W41/><G91/><N who="0" m="51599" /><D24/><U28/><E107/><V64/><F123/><W46/><G42/><T74/><D74/><U111/><E75/><V20/><F9/><W44/><G41/><T120/><D120/><U68/><E68/><V26/><F26/><W104/><G104/><T59/><AGARI ba="1,1" hai="11,13,16,30,31,49,54,59,78,82,87" m="51599" machi="59" ten="30,4000,0" yaku="8,1,52,1,54,1" doraHai="6" who="0" fromWho="0" sc="217,53,209,-11,286,-11,278,-21" /><INIT seed="8,0,0,3,3,82" ten="270,198,275,257" oya="0" hai0="131,9,59,66,15,70,104,19,39,134,132,125,55" hai1="108,83,47,24,80,87,127,61,98,17,60,10,50" hai2="27,51,32,28,31,86,95,33,133,35,7,121,109" hai3="128,20,56,16,13,67,93,37,22,99,89,116,118"/><T6/><D104/><U57/><E108/><V0/><F86/><W38/><G128/><T29/><D131/><U63/><E127/><V26/><F95/><W101/><G22/><T78/><D39/><U117/><E117/><N who="3" m="45162" /><G101/><T54/><D125/><U72/><E72/><V30/><F51/><W12/><G12/><T14/><D29/><U8/><E98/><V110/><F121/><W52/><G67/><T113/><D113/><U48/><E83/><V71/><F71/><W88/><G89/><T65/><D70/><U69/><E69/><V1/><F133/><N who="0" m="51306" /><D78/><U46/><E57/><V84/><F84/><W4/><G4/><T120/><D120/><U100/><E100/><V64/><F64/><N who="0" m="24682" /><D59/><U85/><E80/><V122/><F122/><W75/><G75/><T97/><D97/><U2/><E2/><N who="2" m="1131" /><F7/><W3/><G3/><T21/><AGARI ba="0,0" hai="6,9,14,15,19,21,54,55" m="24682,51306" machi="21" ten="30,1500,0" yaku="20,1" doraHai="82" who="0" fromWho="0" sc="270,15,198,-5,275,-5,257,-5" /><INIT seed="8,1,0,3,5,1" ten="285,193,270,252" oya="0" hai0="45,109,44,87,84,127,122,94,98,54,41,16,64" hai1="81,88,119,46,124,56,123,115,118,107,96,48,95" hai2="65,13,14,51,126,105,9,57,19,131,133,61,68" hai3="12,39,55,135,67,23,132,11,40,76,4,30,108"/><T78/><D122/><U120/><E56/><V103/><F126/><W62/><G108/><T73/><D73/><U85/><E48/><V80/><F131/><W117/><G117/><N who="1" m="44554" /><E46/><V93/><F133/><N who="3" m="51275" /><G76/><T3/><D64/><U27/><E27/><V71/><F105/><W7/><G55/><T60/><D3/><U112/><E107/><V66/><F51/><W63/><G30/><T20/><D109/><U15/><E15/><V5/><F66/><W17/><G11/><T47/><D127/><U34/><E34/><V101/><F71/><N who="3" m="42487" /><G63/><T43/><D60/><U28/><E28/><V2/><F68/><W79/><G79/><T69/><D69/><U31/><E31/><V129/><F2/><W6/><G40/><N who="0" m="15435" /><D78/><N who="1" m="46263" /><E124/><V83/><F61/><W130/><G39/><T116/><D116/><U0/><E0/><V33/><F65/><W29/><G29/><T114/><D54/><U77/><E77/><V74/><F33/><W110/><G110/><T82/><D47/><U70/><E70/><V26/><F57/><W24/><G24/><T25/><D45/><U53/><E53/><V21/><F26/><W125/><G125/><T90/><D44/><U18/><E18/><V37/><F37/><W10/><G130/><T89/><D25/><U104/><E104/><V50/><F129/><W97/><G10/><T52/><D52/><U49/><E49/><V35/><F50/><W91/><G91/><N who="0" m="51607" /><D16/><U8/><E8/><V121/><F9/><W111/><G111/><T59/><D59/><U92/><E92/><V36/><F93/><W75/><G75/><T42/><D42/><RYUUKYOKU ba="1,0" sc="285,-15,193,15,270,-15,252,15" hai1="88,95,96,112,115,120,123" hai3="4,6,7,12,17,23,97" /><INIT seed="9,2,0,5,5,1" ten="270,208,255,267" oya="1" hai0="102,64,127,48,3,122,115,104,40,98,86,128,51" hai1="93,131,78,114,12,55,130,21,11,10,15,105,39" hai2="80,18,20,50,37,79,125,49,69,31,90,94,42" hai3="4,52,32,24,88,58,72,83,8,27,123,25,126"/><U5/><E105/><V33/><F69/><W71/><G123/><T84/><D115/><U129/><E39/><V85/><F125/><W36/><G71/><T134/><D3/><U67/><E67/><V60/><F33/><W59/><G36/><T116/><D116/><U106/><E106/><V107/><F31/><W77/><G126/><T110/><D110/><U73/><E93/><V35/><F35/><W92/><G32/><T121/><D128/><U74/><E114/><V54/><F107/><W111/><G111/><T119/><D119/><U99/><E99/><V29/><F29/><W135/><G135/><T30/><D30/><U100/><E100/><V118/><F42/><W7/><G8/><T6/><D64/><U81/><E21/><V43/><F43/><W66/><G66/><T87/><D40/><U46/><E46/><V38/><F38/><W44/><G44/><T117/><D134/><U14/><E55/><V91/><F37/><W23/><G23/><T57/><D127/><U26/><E26/><N who="2" m="14615" /><F118/><W75/><G75/><N who="1" m="28682" /><E11/><V22/><F94/><W62/><REACH who="3" step="1"/><G59/><REACH who="3" ten="270,208,255,257" step="2"/><T13/><D57/><U19/><E19/><V45/><F22/><W113/><G113/><T95/><D117/><U82/><E82/><V65/><F65/><W68/><G68/><T120/><D120/><U109/><E109/><V9/><F9/><W56/><G56/><T96/><D121/><U63/><E63/><V34/><F34/><W76/><G76/><T108/><D122/><U53/><E53/><N who="2" m="29871" /><F60/><W89/><G89/><N who="0" m="55407" /><D108/><U97/><E10/><V70/><F70/><W124/><G124/><RYUUKYOKU ba="2,1" sc="270,10,208,-30,255,10,257,10" hai0="6,13,48,51,84,86,87,98,102,104" hai2="50,54,79,80,85,90,91" hai3="4,7,24,25,27,52,58,62,72,77,83,88,92" /><INIT seed="10,3,1,5,2,42" ten="280,178,265,267" oya="2" hai0="71,19,104,59,102,93,57,110,76,106,101,11,117" hai1="134,26,98,25,18,105,3,90,13,6,133,99,20" hai2="4,73,60,120,84,39,5,40,109,86,95,111,33" hai3="127,97,27,88,96,122,41,12,112,17,61,63,119"/><V129/><F73/><W47/><G119/><T22/><D110/><N who="2" m="41994" /><F120/><W107/><G122/><T83/><D71/><U113/><E105/><V115/><F129/><W81/><G112/><T53/><D117/><U132/><E113/><V38/><F33/><W30/><G127/><T43/><D43/><U87/><E3/><V54/><F40/><W67/><G107/><T32/><D32/><U21/><E6/><N who="2" m="2667" /><F115/><W31/><G27/><T89/><D106/><U103/><E103/><V51/><F60/><N who="3" m="23115" /><G67/><T29/><D104/><U68/><E68/><V44/><F95/><N who="3" m="56423" /><G81/><T92/><D83/><N who="1" m="49535" /><E26/><V46/><F46/><W75/><G97/><T2/><D93/><U66/><E66/><V10/><F10/><N who="3" m="6295" /><G75/><T130/><D92/><U116/><E116/><V64/><F64/><W45/><G41/><T74/><D74/><U28/><AGARI ba="3,1" hai="13,18,20,21,25,28,98,99,132,133,134" m="49535" machi="28" ten="30,1100,0" yaku="20,1" doraHai="42" who="1" fromWho="1" sc="280,-6,178,30,265,-8,267,-6" /><INIT seed="11,0,0,0,1,131" ten="274,208,257,261" oya="3" hai0="72,57,124,67,49,82,63,58,24,65,112,43,31" hai1="2,101,32,129,45,12,71,10,117,68,9,0,93" hai2="30,4,60,37,99,94,55,115,118,79,104,125,122" hai3="75,98,52,50,6,11,39,16,70,105,48,41,35"/><W108/><G75/><T33/><D124/><U135/><E32/><V14/><F104/><W61/><G35/><T110/><D110/><U84/><E129/><V119/><F37/><W121/><G121/><T100/><D100/><U22/><E22/><V81/><F30/><W29/><G29/><T97/><D97/><U56/><E56/><V113/><F125/><W69/><G108/><T134/><D134/><U120/><E120/><V66/><F55/><W23/><G39/><T80/><D72/><U114/><E114/><V26/><F26/><W20/><G41/><T21/><D112/><U123/><E123/><V109/><F109/><W85/><G85/><T42/><D33/><U73/><E73/><V128/><F128/><W59/><G70/><T92/><D92/><U83/><E45/><V19/><F4/><W44/><G69/><T53/><D67/><U87/><E117/><V78/><F122/><W13/><G44/><T102/><D102/><U62/><E62/><V106/><F106/><W34/><G34/><T38/><D38/><U74/><E74/><N who="2" m="43223" /><F79/><W76/><G76/><T126/><D126/><U116/><E116/><N who="2" m="44587" /><F60/><W132/><G132/><T90/><D90/><N who="1" m="51487" /><E135/><V107/><F66/><W86/><G86/><T64/><D64/><U111/><E111/><V96/><F107/><W47/><G47/><T51/><D51/><N who="3" m="19497" /><G6/><T28/><D28/><U40/><E40/><AGARI ba="0,0" hai="21,24,31,40,42,43,49,53,57,58,63,65,80,82" machi="40" ten="40,1300,0" yaku="8,1" doraHai="131" who="0" fromWho="1" sc="274,13,208,-13,257,0,261,0" owari="287,38.0,195,-30.0,257,-14.0,261,6.0" /></mjloggm>