<mjloggm ver="2.3"><GO type="97" lobby="0"/><UN n0="%E3%81%82%E3%83%BC%E3%81%AB%E3%82%83%31%36%32%34" n1="%E3%82%B3%E3%82%B3%E5%8A%A9" n2="%E3%83%88%E3%83%88%E3%83%AA%E5%85%88%E7%94%9F%31%39%E6%AD%B3" n3="%E7%94%A8%E5%8A%9B%2E%2E%2E%E5%A5%BD%E8%88%92%E6%9C%8D" dan="14,13,14,15" rate="1879.98,1859.74,2022.85,2020.61" sx="F,M,F,M"/><TAIKYOKU oya="0"/><INIT seed="0,0,0,2,4,36" ten="250,250,250,250" oya="0" hai0="131,60,76,124,66,25,48,70,79,74,128,51,133" hai1="26,91,95,15,12,116,120,69,21,63,11,17,104" hai2="130,98,53,62,112,84,10,8,96,5,47,32,135" hai3="56,86,80,75,92,121,126,34,44,115,107,14,99"/><T108/><D124/><U87/><E120/><V117/><F32/><W7/><G115/><T110/><D25/><U49/><E116/><V59/><F112/><W88/><G121/><T72/><D133/><U43/><E104/><V41/><F135/><W68/><G68/><T0/><D0/><U129/><E129/><N who="0" m="49737" /><D51/><U37/><E37/><V82/><F130/><W46/><G126/><T102/><D102/><U27/><E69/><V1/><F10/><W28/><G75/><N who="0" m="28715" /><D48/><U123/><E63/><V55/><F55/><W114/><G107/><T4/><D4/><N who="1" m="3175" /><E123/><V39/><REACH who="2" step="1"/><F117/><REACH who="2" ten="250,250,240,250" step="2"/><W9/><G114/><T30/><D110/><U105/><E105/><V71/><F71/><W64/><G34/><T67/><D108/><U57/><E57/><V52/><F52/><W81/><G28/><T22/><D30/><U6/><E6/><V94/><F94/><W3/><G81/><T100/><D70/><U35/><E35/><V40/><F40/><W42/><G42/><T31/><D31/><U23/><E23/><V24/><F24/><W89/><G3/><T111/><D111/><U16/><E17/><V38/><F38/><W45/><G64/><T58/><D67/><U101/><E101/><V54/><F54/><W113/><G113/><T65/><D100/><U103/><E103/><V18/><F18/><W118/><G118/><T93/><D22/><U122/><E122/><V33/><F33/><W2/><G2/><T29/><D65/><U83/><E83/><V127/><F127/><W85/><G56/><T61/><D66/><U20/><E20/><V13/><F13/><RYUUKYOKU ba="0,1" sc="250,-30,250,10,240,10,250,10" hai1="15,16,21,26,27,43,49,87,91,95" hai2="1,5,8,39,41,47,53,59,62,82,84,96,98" hai3="7,9,14,44,45,46,80,85,86,88,89,92,99" /><INIT seed="1,1,1,4,1,47" ten="220,260,250,260" oya="1" hai0="116,87,128,35,85,16,52,110,72,19,129,55,104" hai1="74,3,65,81,91,99,51,100,15,61,36,96,4" hai2="101,8,132,1,31,78,113,117,105,58,109,75,60" hai3="56,5,111,20,53,39,7,45,11,103,90,133,126"/><U38/><E3/><V77/><F117/><W71/><G111/><T64/><D116/><U44/><E74/><V12/><F1/><W93/><G126/><T95/><D72/><U0/><E0/><V108/><F132/><W83/><G71/><T114/><D104/><U89/><E99/><N who="2" m="61631" /><F31/><W82/><G133/><T121/><D114/><U67/><E67/><V62/><F113/><W76/><G103/><T59/><D110/><N who="2" m="42602" /><F75/><W40/><G20/><T134/><D134/><U69/><E81/><V73/><F73/><W6/><G76/><N who="2" m="29289" /><F58/><W18/><G18/><AGARI ba="1,1" hai="8,12,18,60,62" m="29289,42602,61631" machi="18" ten="30,1000,0" yaku="14,1" doraHai="47" who="2" fromWho="3" sc="220,0,260,0,250,23,260,-13" /><INIT seed="2,0,0,0,0,83" ten="220,260,273,247" oya="2" hai0="81,77,16,96,114,25,58,119,108,79,56,35,131" hai1="80,92,123,129,27,94,11,132,120,115,106,107,121" hai2="105,118,51,13,101,134,45,62,15,98,130,8,95" hai3="49,63,29,66,33,111,76,104,100,24,52,22,9"/><V0/><F118/><W54/><G111/><T48/><D114/><U124/><E115/><V19/><F130/><W103/><G76/><T116/><D108/><U88/><E129/><V55/><F134/><W42/><G104/><N who="1" m="39978" /><E27/><V89/><F62/><W3/><G33/><T122/><D122/><U34/><E11/><V125/><F125/><W78/><G78/><T71/><D71/><U31/><E31/><V10/><F0/><W60/><G3/><T84/><D131/><U14/><E132/><V53/><F105/><W112/><G112/><T26/><D96/><U87/><E14/><V68/><F68/><W5/><G5/><T127/><D127/><U57/><E57/><N who="0" m="22121" /><D48/><U59/><E59/><V75/><F75/><W1/><G1/><T99/><D99/><U117/><E34/><V28/><F28/><W2/><G2/><T86/><D35/><U30/><E30/><V69/><F69/><W110/><G110/><T21/><D26/><U12/><E12/><V109/><F109/><W41/><G9/><T36/><D36/><U61/><E61/><N who="3" m="23626" /><G66/><T93/><D116/><U74/><E117/><V85/><F98/><W39/><G39/><T43/><D119/><U46/><E46/><V70/><F70/><W40/><G49/><T50/><D50/><U64/><E64/><V23/><F10/><W128/><G128/><T7/><D7/><U47/><E47/><V37/><F37/><W72/><G72/><T20/><D20/><U6/><E124/><V126/><F126/><W4/><G4/><T73/><D77/><N who="1" m="44087" /><E6/><N who="2" m="3223" /><F55/><AGARI ba="0,0" hai="22,24,29,40,41,42,52,54,55,100,103" m="23626" machi="55" ten="30,2000,0" yaku="8,1,54,1" doraHai="83" who="3" fromWho="2" sc="220,0,260,0,273,-20,247,20" /><INIT seed="3,0,0,5,0,106" ten="220,260,253,267" oya="3" hai0="61,6,84,8,111,10,4,83,124,28,117,56,22" hai1="93,67,40,47,112,89,103,82,102,120,49,71,127" hai2="15,55,30,132,81,60,107,72,109,5,66,134,96" hai3="44,57,98,63,77,78,119,110,17,101,65,52,108"/><W37/><G119/><T116/><D111/><N who="3" m="42537" /><G17/><T85/><D124/><U121/><E112/><V46/><F109/><W42/><G65/><T59/><D28/><U0/><E0/><V86/><F72/><W100/><G100/><T97/><D97/><U35/><E35/><V62/><F96/><W32/><G32/><T34/><D34/><U95/><E127/><V90/><F30/><W16/><G16/><T25/><D116/><U1/><E1/><V9/><F107/><AGARI ba="0,0" hai="37,42,44,52,57,63,77,78,98,101,107" m="42537" machi="107" ten="30,5800,0" yaku="14,1,10,1,54,1" doraHai="106" who="3" fromWho="2" sc="220,0,260,0,253,-58,267,58" owari="220,-18.0,260,6.0,195,-30.0,325,42.0" /></mjloggm>