<mjloggm ver="2.3"><GO type="169" lobby="0"/><UN n0="%E9%AB%98%E7%94%BA%E3%83%B4%E3%82%A3%E3%83%B4%E3%82%A3%E3%82%AA%E2%98%86" n1="%E3%83%96%E3%83%A9%E3%83%95%E3%83%BB%4E%61%76%69" n2="%E3%82%A6%E3%83%AB%E3%83%88%E3%83%A9%E7%AB%8B%E7%9B%B4" n3="%3A%44%75%63%61%3A" dan="17,17,16,16" rate="2186.11,2203.52,2115.95,2096.32" sx="F,M,M,M"/><TAIKYOKU oya="0"/><INIT seed="0,0,0,0,4,95" ten="250,250,250,250" oya="0" hai0="92,81,37,36,4,59,74,114,7,52,39,88,25" hai1="28,27,46,1,84,58,87,3,98,104,0,135,34" hai2="79,115,121,2,103,13,11,67,22,17,107,47,57" hai3="75,120,89,112,62,85,97,118,70,133,41,42,48"/><T93/><D114/><U129/><E129/><V40/><F115/><W119/><G75/><T32/><D93/><U55/><E46/><V18/><F121/><W24/><G112/><T12/><D32/><U10/><E10/><V65/><F79/><W126/><G133/><T111/><D111/><U14/><E14/><V122/><F122/><W108/><G120/><T77/><D12/><U19/><E19/><V45/><F45/><W105/><G108/><T86/><REACH who="0" step="1"/><D25/><REACH who="0" ten="240,250,250,250" step="2"/><U90/><E135/><V6/><F13/><W53/><G24/><T23/><D23/><U80/><E80/><V71/><F22/><W5/><G119/><T125/><D125/><U99/><E104/><V101/><F107/><W21/><G118/><T43/><D43/><U60/><REACH who="1" step="1"/><E90/><REACH who="1" ten="240,240,250,250" step="2"/><V102/><F11/><W9/><G89/><T78/><D78/><U124/><E124/><V63/><F2/><W64/><G126/><T132/><D132/><U31/><E31/><V76/><F76/><W16/><G5/><T134/><D134/><U109/><E109/><V20/><F103/><W49/><G9/><T33/><D33/><U44/><E44/><V68/><F102/><W100/><G100/><T94/><D94/><U56/><E56/><V50/><F101/><W15/><G105/><T29/><D29/><U69/><E69/><V130/><F6/><W54/><G21/><T38/><N who="0" m="9216" /><DORA hai="35" /><T116/><D116/><U96/><AGARI ba="0,2" hai="0,1,3,27,28,34,55,58,60,84,87,96,98,99" machi="96" ten="40,16000,3" yaku="1,1,0,1,52,6,53,0" doraHai="95,35" doraHaiUra="66,113" who="1" fromWho="1" sc="240,-80,240,180,250,-40,250,-40" /><INIT seed="1,0,0,1,0,96" ten="160,420,210,210" oya="1" hai0="27,128,29,121,75,85,80,42,111,109,59,84,113" hai1="69,74,10,132,98,100,87,66,110,4,115,88,81" hai2="134,130,78,102,56,20,135,82,106,32,16,26,101" hai3="86,129,77,55,64,125,65,108,104,133,122,91,51"/><U22/><E115/><V61/><F32/><W52/><G122/><T103/><D113/><U41/><E41/><V11/><F11/><W54/><G104/><T114/><D114/><U90/><E74/><V25/><F25/><W9/><G108/><N who="0" m="41547" /><D128/><U76/><E110/><V33/><F33/><W8/><G129/><T48/><D121/><U124/><E124/><V47/><F47/><W83/><G133/><N who="2" m="50697" /><F106/><W5/><G125/><T18/><D18/><U53/><E132/><V40/><F40/><W6/><G51/><T118/><D118/><U67/><E22/><V126/><F126/><W119/><G119/><T28/><D28/><U12/><E53/><N who="2" m="33935" /><F130/><W116/><G116/><T58/><D42/><U123/><E123/><V38/><F38/><W24/><G24/><T71/><D71/><U72/><E69/><V95/><F95/><W50/><G50/><T99/><D48/><U19/><E19/><V46/><F46/><W117/><G117/><T3/><D3/><U1/><E1/><V35/><F35/><W97/><G8/><T89/><D58/><U68/><E68/><V23/><F23/><W39/><G39/><T73/><D59/><U79/><E67/><N who="3" m="25674" /><G9/><T127/><D127/><U63/><E63/><V36/><F36/><W31/><G31/><T94/><D29/><U43/><E66/><V2/><F2/><W34/><G34/><T0/><D0/><U93/><REACH who="1" step="1"/><E43/><REACH who="1" ten="160,410,210,210" step="2"/><V107/><F107/><W92/><AGARI ba="0,1" hai="5,6,52,54,55,77,83,86,91,92,97" m="25674" machi="92" ten="30,2000,0" yaku="8,1,54,1" doraHai="96" who="3" fromWho="3" sc="160,-5,410,-10,210,-5,210,30" /><INIT seed="2,0,0,5,4,44" ten="155,400,205,240" oya="2" hai0="108,34,0,23,15,36,131,68,64,76,87,54,52" hai1="41,63,30,83,48,132,112,29,93,55,105,31,125" hai2="9,25,110,57,40,79,88,97,114,28,94,65,42" hai3="111,71,126,53,129,124,120,133,92,95,12,102,8"/><V14/><F114/><W19/><G120/><T134/><D34/><U117/><E105/><V4/><F110/><W17/><G111/><T59/><D0/><U77/><E112/><V66/><F79/><W118/><G118/><T122/><D108/><U73/><E117/><V38/><F38/><W39/><G39/><T27/><D122/><U47/><E132/><V104/><F104/><W103/><G71/><T13/><D134/><U56/><REACH who="1" step="1"/><E93/><REACH who="1" ten="155,390,205,240" step="2"/><V109/><F109/><W70/><G133/><T7/><D131/><U130/><E130/><V26/><F26/><W18/><G129/><T128/><D128/><U72/><E72/><V21/><REACH who="2" step="1"/><F57/><REACH who="2" ten="155,390,195,240" step="2"/><W80/><G70/><T2/><D68/><U67/><E67/><AGARI ba="0,2" hai="4,9,14,21,25,28,40,42,65,66,67,88,94,97" machi="67" ten="40,12000,1" yaku="1,1,2,1,8,1,54,1,53,1" doraHai="44" doraHaiUra="90" who="2" fromWho="1" sc="155,0,390,-120,195,140,240,0" /><INIT seed="2,1,0,4,0,64" ten="155,270,335,240" oya="2" hai0="129,6,98,77,20,94,30,49,132,78,25,22,110" hai1="106,38,63,131,44,127,37,15,116,5,59,55,17" hai2="123,56,100,89,53,68,3,111,54,104,41,2,0" hai3="8,80,113,109,34,93,115,73,61,51,12,117,66"/><V99/><F123/><W23/><G34/><T29/><D129/><U96/><E116/><V90/><F111/><W7/><G109/><T32/><D110/><U120/><E131/><V39/><F68/><W101/><G51/><T135/><D6/><U87/><E120/><V47/><REACH who="2" step="1"/><F53/><REACH who="2" ten="155,270,325,240" step="2"/><W102/><G117/><T52/><D132/><U118/><E118/><V108/><F108/><W48/><G113/><T1/><D135/><U121/><E121/><V27/><F27/><W33/><G115/><T74/><D25/><U83/><E127/><V9/><F9/><W125/><G125/><T81/><D52/><U119/><E119/><V18/><F18/><W58/><G8/><T122/><D122/><U97/><E5/><V84/><F84/><W107/><G73/><T57/><D74/><U16/><E17/><V114/><F114/><W4/><G4/><T70/><D70/><U72/><E72/><V79/><F79/><W11/><G7/><T40/><D78/><U86/><E86/><V62/><AGARI ba="1,1" hai="0,2,3,39,41,47,54,56,62,89,90,99,100,104" machi="62" ten="30,3000,0" yaku="1,1,0,1,53,0" doraHai="64" doraHaiUra="105" who="2" fromWho="2" sc="155,-11,270,-11,325,43,240,-11" /><INIT seed="2,2,0,5,3,98" ten="144,259,368,229" oya="2" hai0="115,93,132,130,84,78,123,118,3,97,119,18,73" hai1="44,76,27,8,24,74,37,31,50,48,10,81,1" hai2="35,5,4,60,70,72,61,75,114,64,105,53,16" hai3="6,52,25,15,0,109,59,40,125,12,128,88,65"/><V126/><F114/><W58/><G109/><T112/><D3/><U110/><E110/><V134/><F35/><W33/><G40/><T14/><D123/><U56/><E37/><V47/><F126/><W11/><G125/><T66/><D66/><U86/><E74/><V100/><F134/><W85/><G128/><T57/><D57/><U80/><E80/><V116/><F116/><N who="0" m="44586" /><D73/><U51/><E56/><V20/><F4/><W32/><G65/><T68/><D68/><U7/><E8/><V135/><F5/><W29/><G33/><T82/><D132/><U108/><E27/><V55/><F135/><W36/><G36/><T131/><D14/><U96/><E96/><V106/><F47/><W67/><G67/><T49/><D49/><U91/><E108/><V39/><F39/><W71/><G71/><T83/><D83/><U9/><E9/><V23/><F64/><W30/><G30/><T120/><D18/><U99/><E44/><V22/><F70/><W62/><REACH who="3" step="1"/><G59/><REACH who="3" ten="144,259,368,219" step="2"/><T45/><D120/><U104/><E31/><V21/><F55/><W77/><G77/><T87/><D45/><U90/><E76/><V43/><F53/><W13/><G13/><T127/><D127/><U17/><E24/><V111/><F43/><W102/><G102/><N who="0" m="60719" /><D87/><U41/><E86/><V46/><F75/><W94/><AGARI ba="2,1" hai="0,6,11,12,15,25,29,32,52,58,62,85,88,94" machi="94" ten="20,8000,1" yaku="1,1,0,1,7,1,54,2,53,0" doraHai="98" doraHaiUra="92" who="3" fromWho="3" sc="144,-22,259,-22,368,-42,219,96" /><INIT seed="3,0,0,5,0,77" ten="122,237,326,315" oya="3" hai0="9,74,23,0,14,26,61,59,122,11,28,112,50" hai1="121,99,123,131,106,72,39,98,2,71,30,85,95" hai2="86,107,109,80,135,82,132,115,128,92,91,127,42" hai3="103,13,87,4,64,79,37,105,75,76,12,15,66"/><W1/><G37/><T44/><D74/><U125/><E30/><V55/><F42/><W129/><G75/><T100/><D122/><U116/><E85/><V68/><F68/><W21/><G129/><T36/><D112/><U101/><E95/><N who="2" m="54775" /><F55/><W47/><G47/><T38/><D0/><U16/><E16/><V43/><F43/><W58/><G76/><T126/><D126/><U25/><E25/><V83/><F127/><W53/><G21/><T78/><D100/><U133/><E98/><V120/><F115/><W65/><G103/><T20/><D78/><U31/><E99/><V49/><F49/><W8/><G105/><T108/><D108/><U88/><E88/><V60/><F60/><W81/><REACH who="3" step="1"/><G1/><REACH who="3" ten="122,237,326,305" step="2"/><T118/><D118/><U41/><E101/><V89/><F128/><W113/><G113/><T24/><D38/><U33/><E31/><V27/><F107/><W67/><N who="3" m="16384" /><DORA hai="3" /><W57/><G57/><T56/><D36/><U45/><E45/><V6/><F109/><W18/><G18/><T97/><D56/><U104/><E104/><V96/><F27/><W124/><G124/><T117/><D117/><U52/><E121/><V22/><F22/><W134/><G134/><T63/><D59/><U51/><E123/><V46/><F120/><W84/><G84/><T19/><D97/><U94/><E133/><N who="2" m="51275" /><F46/><W93/><G93/><T48/><D44/><U90/><E94/><V114/><F114/><W73/><G73/><T29/><D9/><U69/><E125/><V40/><F40/><W17/><G17/><T119/><D119/><U111/><E41/><RYUUKYOKU ba="0,1" sc="122,10,237,-30,326,10,305,10" hai0="11,14,19,20,23,24,26,28,29,48,50,61,63" hai2="6,80,82,83,89,92,96" hai3="4,8,12,13,15,53,58,79,81,87" /><INIT seed="3,1,1,4,3,19" ten="132,207,336,315" oya="3" hai0="0,69,9,133,10,101,85,68,120,100,70,108,82" hai1="80,90,47,114,50,14,117,46,23,8,54,77,2" hai2="45,44,79,36,83,125,7,16,24,21,97,17,93" hai3="84,81,27,58,26,106,76,25,73,118,63,103,11"/><W43/><G118/><T88/><D120/><U99/><E117/><V113/><F125/><W128/><G128/><T6/><D108/><U59/><E114/><V98/><F113/><W124/><G124/><T95/><D133/><U89/><E2/><V53/><F7/><W71/><G71/><T15/><REACH who="0" step="1"/><D82/><REACH who="0" ten="122,207,336,315" step="2"/><U12/><E80/><V38/><F83/><W64/><G73/><T22/><D22/><U119/><E119/><V56/><F38/><W107/><G11/><T105/><D105/><U87/><E23/><V66/><F36/><W30/><G106/><T115/><D115/><U4/><E8/><V116/><F116/><W1/><G107/><T72/><D72/><U29/><E77/><V111/><F79/><W37/><G37/><T35/><D35/><U48/><E90/><V39/><F39/><W74/><G74/><T109/><D109/><U121/><E89/><V34/><F34/><W92/><G81/><T67/><D67/><U78/><E78/><V122/><F66/><W49/><G64/><T129/><D129/><U91/><E91/><V41/><F111/><W94/><G76/><T42/><D42/><U102/><E121/><V112/><F41/><W33/><G43/><T20/><D20/><U134/><E134/><V132/><F132/><W18/><G33/><T110/><D110/><U123/><E123/><V62/><F122/><W130/><G130/><T131/><D131/><U60/><E102/><N who="2" m="60719" /><F112/><W55/><G103/><T52/><D52/><U40/><E54/><V13/><F53/><W3/><G55/><T86/><D86/><U32/><E40/><RYUUKYOKU ba="1,2" sc="122,30,207,-10,336,-10,315,-10" hai0="0,6,9,10,15,68,69,70,85,88,95,100,101" /><INIT seed="4,2,2,0,0,58" ten="152,197,326,305" oya="0" hai0="61,41,120,67,70,7,98,39,135,65,96,92,18" hai1="27,8,50,128,78,106,115,16,117,134,112,54,62" hai2="1,30,19,48,95,22,124,99,59,14,36,23,29" hai3="90,111,68,88,31,69,107,126,6,83,21,13,0"/><T32/><D120/><U66/><E106/><V76/><F36/><W132/><G111/><T79/><D32/><U116/><E78/><V43/><F1/><W80/><G107/><T84/><D135/><U81/><E81/><V24/><F124/><W71/><G126/><T51/><D39/><U3/><E134/><V55/><F43/><W100/><G100/><N who="0" m="60423" /><D70/><U109/><E109/><V53/><F53/><W105/><G105/><T130/><D130/><U12/><E27/><V34/><F76/><W110/><G110/><T97/><D7/><U104/><E104/><V60/><F34/><W77/><G132/><T127/><D127/><U89/><E89/><N who="2" m="55791" /><F30/><W125/><G125/><T86/><D18/><U11/><E11/><V91/><F91/><W57/><G0/><T113/><D113/><N who="1" m="43595" /><E3/><V73/><F73/><W25/><G83/><N who="0" m="47231" /><D86/><U93/><E93/><V87/><F87/><W4/><G4/><T45/><D98/><U121/><E121/><V9/><F9/><W85/><G6/><T52/><D97/><U26/><E26/><V123/><F123/><W102/><G13/><T129/><D129/><U10/><E10/><V131/><F131/><W42/><G102/><T94/><D94/><U72/><E72/><V101/><F101/><W17/><G31/><T114/><D114/><U64/><E128/><V108/><F108/><W47/><REACH who="3" step="1"/><G57/><AGARI ba="2,2" hai="41,45,51,52,57,61,65,67" m="47231,60423" machi="57" ten="30,5800,0" yaku="8,1,52,1,54,1" doraHai="58" who="0" fromWho="3" sc="152,84,197,0,326,0,305,-64" /><INIT seed="4,3,0,1,2,85" ten="236,197,326,241" oya="0" hai0="119,6,5,50,131,61,9,102,104,42,56,15,63" hai1="124,121,41,46,94,75,54,125,3,116,117,11,90" hai2="1,87,71,97,67,13,12,24,107,88,123,130,64" hai3="115,21,134,99,76,58,44,57,30,83,128,39,126"/><T110/><D119/><U74/><E54/><V14/><F1/><W91/><G115/><T18/><D110/><U7/><E121/><V28/><F123/><W45/><G134/><T38/><D38/><U69/><E69/><V0/><F0/><W133/><G133/><T79/><D131/><U113/><E113/><V10/><F71/><W70/><G70/><T8/><D79/><U17/><E17/><V19/><F107/><W86/><G126/><N who="1" m="48746" /><E75/><V27/><F97/><W40/><G128/><T52/><D42/><U32/><E32/><V98/><F98/><W53/><G44/><T16/><D102/><U82/><E82/><N who="2" m="49271" /><F130/><W108/><G108/><T129/><D104/><U55/><E55/><V59/><F64/><W95/><REACH who="3" step="1"/><G53/><REACH who="3" ten="236,197,326,231" step="2"/><T29/><D129/><U103/><E103/><V23/><F67/><W101/><G101/><T111/><D111/><U84/><E74/><V81/><F59/><W2/><G2/><T34/><D56/><U20/><E20/><N who="2" m="15463" /><F81/><W80/><G80/><T109/><D109/><U127/><E127/><V118/><F118/><W135/><G135/><T68/><D68/><U31/><E31/><AGARI ba="3,1" hai="10,12,13,14,19,23,24,31" m="15463,49271" machi="31" ten="30,3900,0" yaku="8,1,52,1,54,1" doraHai="85" who="2" fromWho="1" sc="236,0,197,-48,326,58,231,0" /><INIT seed="5,0,0,4,5,95" ten="236,149,384,231" oya="1" hai0="79,57,106,91,65,75,108,74,15,121,87,30,52" hai1="97,50,100,58,111,66,26,123,117,31,133,39,11" hai2="10,1,51,22,14,48,73,126,120,81,25,17,47" hai3="33,62,19,112,101,118,67,5,40,98,103,96,128"/><U56/><E39/><V18/><F120/><W94/><G33/><T63/><D106/><U119/><E123/><V53/><F126/><W38/><G112/><T124/><D121/><U129/><E129/><V4/><F73/><W36/><G128/><T131/><D108/><U82/><E82/><V135/><F135/><W7/><G118/><T21/><D131/><U42/><E111/><V60/><F81/><W55/><G55/><T78/><D124/><U72/><E72/><V44/><F60/><W93/><G19/><N who="0" m="10495" /><D75/><U43/><E133/><V16/><F1/><W70/><REACH who="3" step="1"/><G38/><REACH who="3" ten="236,149,384,221" step="2"/><T88/><D30/><U125/><E125/><V64/><F64/><W113/><G113/><T45/><D74/><U132/><E132/><V20/><F20/><W61/><G61/><T68/><D68/><U12/><E119/><V49/><F48/><W84/><G84/><T85/><D85/><U92/><E117/><V104/><F49/><W99/><G99/><T115/><D115/><U114/><E114/><V0/><F51/><W23/><G23/><T130/><D130/><U32/><E66/><V122/><F18/><W134/><G134/><T54/><D65/><U59/><REACH who="1" step="1"/><E50/><REACH who="1" ten="236,139,384,221" step="2"/><V89/><F122/><W41/><G41/><T24/><D54/><U110/><E110/><V127/><F127/><W34/><G34/><T69/><D52/><U6/><AGARI ba="0,2" hai="6,11,12,26,31,32,42,43,56,58,59,92,97,100" machi="6" ten="30,12000,1" yaku="1,1,0,1,52,1,53,2" doraHai="95" doraHaiUra="37" who="1" fromWho="1" sc="236,-40,139,140,384,-40,221,-40" /><INIT seed="5,1,0,3,3,57" ten="196,279,344,181" oya="1" hai0="132,47,16,70,53,33,107,127,96,55,93,23,101" hai1="84,76,126,123,131,65,12,79,103,121,60,81,109" hai2="17,69,50,1,49,43,39,44,73,26,27,74,7" hai3="22,24,45,108,122,134,6,0,62,29,99,19,30"/><U18/><E126/><V82/><F69/><W4/><G134/><T40/><D33/><U61/><E131/><V98/><F98/><W5/><G122/><T97/><D127/><U37/><E37/><V119/><F73/><W102/><G45/><T110/><D70/><U21/><E109/><V92/><F92/><W25/><G108/><T135/><D110/><U36/><E36/><V94/><F94/><W14/><G62/><T85/><D85/><U112/><E112/><V46/><F46/><W80/><G80/><T83/><D83/><U42/><E42/><V58/><F58/><W91/><G91/><T34/><D34/><U3/><E3/><V15/><F15/><W86/><G86/><T48/><D132/><U115/><E103/><V72/><F72/><W11/><G99/><T8/><D8/><U87/><E115/><V89/><F89/><W2/><G102/><T120/><D120/><U63/><E65/><V51/><F17/><W118/><G118/><T38/><D38/><U128/><E128/><V31/><F31/><W77/><G77/><T59/><D59/><U20/><E20/><AGARI ba="1,0" hai="0,2,4,5,6,11,14,19,20,22,24,25,29,30" machi="20" ten="40,12000,2" yaku="9,1,35,6" doraHai="57" who="3" fromWho="1" sc="196,0,279,-123,344,0,181,123" /><INIT seed="6,0,0,2,2,17" ten="196,156,344,304" oya="2" hai0="98,120,8,77,33,126,47,20,125,52,74,66,31" hai1="5,88,38,121,104,110,15,42,26,68,22,103,92" hai2="70,23,124,100,1,119,115,36,71,43,19,0,135" hai3="3,49,81,97,44,62,84,2,95,9,87,10,29"/><V123/><F123/><W59/><G29/><T128/><D120/><U50/><E38/><V64/><F119/><W53/><G2/><T63/><D128/><U102/><E68/><V65/><F124/><N who="0" m="47722" /><D33/><U54/><E42/><V40/><F115/><W96/><G3/><T107/><D8/><N who="1" m="4495" /><E104/><V12/><F135/><W99/><G95/><T30/><D77/><U14/><E14/><V21/><F100/><W112/><G112/><T24/><D74/><U83/><E83/><V94/><F12/><W55/><REACH who="3" step="1"/><G87/><REACH who="3" ten="196,156,344,294" step="2"/><T130/><D107/><U11/><E121/><V27/><F94/><W69/><G69/><N who="0" m="42207" /><D130/><U90/><E11/><V39/><F19/><W127/><G127/><T16/><D98/><N who="1" m="59719" /><E110/><V32/><F32/><W37/><G37/><T56/><D47/><N who="1" m="27999" /><E103/><V93/><F93/><W101/><G101/><T78/><D78/><AGARI ba="0,1" hai="9,10,44,49,53,55,59,62,78,81,84,96,97,99" machi="78" ten="40,5200,0" yaku="1,1,8,1,53,1" doraHai="17" doraHaiUra="76" who="3" fromWho="0" sc="196,-52,156,0,344,0,294,62" /><INIT seed="7,0,0,1,2,122" ten="144,156,344,356" oya="3" hai0="23,41,18,8,1,19,58,128,25,83,96,85,33" hai1="88,116,115,16,75,49,78,38,20,4,63,133,2" hai2="26,94,129,21,62,111,98,3,120,51,55,65,48" hai3="66,95,126,106,61,64,90,91,100,36,81,119,112"/><W87/><G119/><T34/><D128/><U117/><E38/><V113/><F3/><W43/><G112/><T79/><D41/><U72/><E115/><V76/><F120/><W14/><G126/><T68/><D68/><U6/><E133/><V105/><F111/><W24/><G106/><T7/><D58/><U118/><E63/><V59/><F105/><W102/><G43/><T71/><D71/><U69/><E69/><V77/><F113/><W108/><G108/><T124/><D124/><U125/><E125/><V42/><F42/><W0/><G0/><T93/><REACH who="0" step="1"/><D19/><REACH who="0" ten="134,156,344,356" step="2"/><U82/><E49/><N who="2" m="19019" /><F129/><W12/><G36/><T50/><D50/><U37/><E37/><V44/><F44/><W11/><G61/><T56/><D56/><U130/><E130/><V57/><F57/><W114/><G114/><T89/><AGARI ba="0,1" hai="1,7,8,18,23,25,33,34,79,83,85,89,93,96" machi="89" ten="20,2700,0" yaku="1,1,0,1,7,1,53,0" doraHai="122" doraHaiUra="45" who="0" fromWho="0" sc="134,37,156,-7,344,-7,356,-13" owari="171,-23.0,149,-35.0,337,14.0,343,44.0" /></mjloggm>