<mjloggm ver="2.3"><GO type="169" lobby="0"/><UN n0="%65%67%69%73%68%6F%32" n1="%6D%61%63%6A%72" n2="%E5%B0%B1%E6%B4%BB%E7%94%9F%40%E5%B7%9D%E6%9D%91%E8%BB%8D%E5%9B%A3" n3="%E6%9D%91%E5%85%AB%E5%88%86" dan="17,17,16,17" rate="2163.96,2143.80,2039.26,2150.38" sx="M,M,M,M"/><TAIKYOKU oya="0"/><INIT seed="0,0,0,3,4,101" ten="250,250,250,250" oya="0" hai0="66,25,18,127,27,9,76,110,133,32,124,119,77" hai1="79,118,132,57,40,113,68,120,28,62,21,112,131" hai2="2,42,105,29,78,59,85,84,65,1,109,123,99" hai3="86,55,20,107,48,45,81,47,63,108,12,31,54"/><T60/><D119/><U41/><E118/><V33/><F123/><W74/><G74/><T30/><D133/><U39/><E120/><V103/><F109/><W90/><G108/><T102/><D110/><U34/><E34/><V72/><F42/><W3/><G3/><T15/><D27/><U37/><E79/><V88/><F84/><W87/><G107/><T114/><D114/><N who="1" m="44139" /><E28/><V116/><F116/><W71/><G71/><T24/><D24/><U95/><E21/><V17/><F17/><N who="3" m="10279" /><G31/><T97/><D127/><U50/><E95/><N who="2" m="54671" /><F29/><W22/><G22/><T82/><D82/><U38/><E131/><V93/><F33/><W115/><G115/><T46/><D46/><N who="1" m="25935" /><E68/><V64/><F93/><N who="3" m="54487" /><G63/><T58/><REACH who="0" step="1"/><D124/><REACH who="0" ten="240,250,250,250" step="2"/><U13/><E132/><V36/><F2/><W75/><G47/><T8/><D8/><U43/><E13/><V130/><F1/><W73/><G45/><T53/><D53/><AGARI ba="0,1" hai="37,38,39,40,43,53,57,62" m="25935,44139" machi="53" ten="40,5200,0" yaku="11,1,34,2" doraHai="101" who="1" fromWho="0" sc="240,-52,250,62,250,0,250,0" /><INIT seed="1,0,0,0,4,89" ten="188,312,250,250" oya="1" hai0="113,28,52,84,129,134,124,125,127,87,130,106,18" hai1="112,26,62,115,23,45,5,38,50,108,97,131,48" hai2="10,133,12,22,17,114,47,91,13,65,31,56,57" hai3="8,59,58,111,70,0,73,126,30,61,132,4,81"/><U53/><E38/><V32/><F114/><W14/><G111/><T21/><D113/><U60/><E108/><V24/><F133/><W103/><G132/><T33/><D134/><U46/><E5/><V79/><F65/><W123/><G123/><T39/><D39/><U109/><E109/><V99/><F79/><W117/><G126/><T75/><D75/><U74/><E74/><V100/><F91/><W71/><G59/><T104/><D33/><U110/><E110/><V122/><F47/><W9/><G117/><T85/><D28/><U78/><E78/><V68/><F68/><W41/><G41/><T80/><D52/><N who="1" m="29711" /><E115/><V63/><F63/><W121/><G30/><T7/><D7/><U1/><E1/><V83/><F83/><W86/><G103/><T69/><D69/><U64/><E112/><V36/><F36/><W25/><G25/><T98/><D80/><U3/><E3/><V118/><F118/><W72/><G121/><T67/><D67/><U135/><E135/><V107/><F122/><W11/><G11/><T40/><D40/><U128/><E64/><V16/><AGARI ba="0,0" hai="10,12,13,16,17,22,24,31,32,56,57,99,100,107" machi="16" ten="20,2700,0" yaku="0,1,7,1,54,1" doraHai="89" who="2" fromWho="2" sc="188,-7,312,-13,250,27,250,-7" /><INIT seed="2,0,0,1,4,121" ten="181,299,277,243" oya="2" hai0="85,51,115,92,99,34,108,95,110,19,102,131,88" hai1="37,7,42,109,67,68,18,8,31,9,134,21,44" hai2="26,120,61,50,93,89,62,103,15,64,116,80,33" hai3="10,48,12,75,133,52,1,128,77,35,127,2,82"/><V66/><F120/><W111/><G35/><T65/><D115/><U70/><E134/><V59/><F116/><W129/><G133/><T54/><D131/><N who="3" m="50249" /><G127/><T43/><D43/><U119/><E119/><V29/><F103/><W6/><G111/><N who="0" m="42539" /><D34/><U20/><E109/><V72/><F15/><W112/><G112/><T40/><D40/><U86/><E31/><V28/><F28/><W83/><G83/><T126/><D126/><U87/><E8/><V25/><F25/><W107/><G107/><T79/><D79/><U105/><E21/><V100/><F100/><W69/><G69/><T47/><D65/><U16/><E105/><V135/><F135/><W91/><G91/><T63/><D63/><U132/><E132/><V117/><F117/><W0/><G0/><T39/><D19/><U76/><E18/><V84/><F50/><W78/><G78/><T101/><D101/><U22/><E76/><V41/><F41/><W123/><G123/><T5/><D5/><U23/><E16/><V124/><F124/><W71/><G71/><T30/><D30/><U97/><E68/><V49/><F49/><W11/><G11/><T4/><D4/><U27/><E9/><V45/><F62/><W57/><AGARI ba="0,0" hai="1,2,6,10,12,48,52,57,75,77,82" m="50249" machi="57" ten="30,2000,0" yaku="19,1,54,1" doraHai="121" who="3" fromWho="3" sc="181,-5,299,-5,277,-10,243,20" /><INIT seed="3,0,0,1,1,51" ten="176,294,267,263" oya="3" hai0="97,72,11,50,7,67,133,28,9,29,0,54,87" hai1="65,131,24,42,121,128,8,106,94,81,71,73,99" hai2="3,84,68,66,129,111,41,116,103,63,46,92,80" hai3="114,56,18,78,49,95,85,93,112,14,32,118,48"/><W35/><G118/><T1/><D133/><U105/><E121/><V104/><F111/><W88/><G78/><T33/><D72/><U82/><E42/><V124/><F3/><W38/><G38/><T45/><D67/><U52/><E8/><V115/><F116/><W23/><G93/><T86/><D97/><U62/><E24/><V123/><F115/><N who="3" m="44075" /><G49/><T134/><D134/><U5/><E5/><V70/><F104/><W102/><G102/><T25/><REACH who="0" step="1"/><D29/><REACH who="0" ten="166,294,267,263" step="2"/><U20/><E73/><V58/><F66/><W40/><G40/><T17/><D17/><U27/><E65/><V107/><F41/><W43/><G43/><T113/><D113/><U4/><E99/><V77/><F70/><W125/><G125/><T76/><D76/><U22/><E71/><V69/><F68/><W47/><G47/><T55/><D55/><AGARI ba="0,1" hai="14,18,23,32,35,48,55,56,85,88,95" m="44075" machi="55" ten="30,5800,0" yaku="25,1,52,1,54,1" doraHai="51" who="3" fromWho="0" sc="166,-58,294,0,267,0,263,68" /><INIT seed="3,1,0,1,1,1" ten="108,294,267,331" oya="3" hai0="123,120,113,5,2,55,116,79,83,121,95,42,24" hai1="22,101,19,35,115,8,20,9,99,76,85,10,78" hai2="108,39,89,111,73,65,0,3,51,25,98,54,52" hai3="87,134,107,126,13,71,124,47,81,53,106,86,17"/><W69/><G134/><T117/><D42/><U72/><E35/><V29/><F39/><W64/><G47/><T104/><D104/><N who="3" m="39977" /><G64/><T92/><D55/><U80/><E115/><V30/><F73/><W133/><G53/><T96/><D24/><U112/><E112/><V135/><F135/><W32/><G32/><T97/><D113/><U84/><E76/><V48/><F25/><W82/><G133/><T56/><D56/><U130/><E130/><V127/><F127/><N who="3" m="48683" /><G13/><T11/><D95/><N who="1" m="58623" /><E72/><V75/><F75/><W49/><G17/><T40/><D40/><U128/><E128/><V45/><F65/><W16/><G16/><T118/><REACH who="0" step="1"/><D92/><REACH who="0" ten="98,294,267,331" step="2"/><U6/><E19/><V122/><F54/><W36/><G49/><T110/><D110/><U91/><E6/><V43/><F51/><W74/><G36/><T100/><D100/><U125/><E125/><V61/><F43/><W90/><G74/><AGARI ba="1,1" hai="2,5,11,74,79,83,96,97,116,117,118,120,121,123" machi="74" ten="50,3200,0" yaku="1,1,52,1,53,0" doraHai="1" doraHaiUra="58" who="0" fromWho="3" sc="98,45,294,0,267,0,331,-35" /><INIT seed="4,0,0,4,3,48" ten="143,294,267,296" oya="0" hai0="32,129,15,56,35,2,94,67,80,95,135,122,62" hai1="127,123,11,22,18,20,55,40,133,42,51,25,100" hai2="14,92,54,1,12,74,65,13,111,0,83,17,21" hai3="69,38,53,86,121,36,64,33,134,103,108,73,89"/><T77/><D2/><U102/><E123/><V104/><F111/><W98/><G108/><T23/><D122/><U26/><E133/><V119/><F104/><W3/><G3/><T96/><D135/><U68/><E68/><V116/><F65/><W31/><G73/><T50/><D129/><U61/><E127/><V109/><F109/><W37/><G121/><T130/><D130/><U59/><E11/><V118/><F92/><W60/><G134/><T6/><D50/><U46/><E40/><V66/><F66/><W39/><G39/><T107/><D107/><U7/><E7/><V34/><F34/><W57/><G89/><T78/><D95/><U87/><E87/><V72/><F83/><W29/><G86/><T93/><D94/><U28/><AGARI ba="0,0" hai="18,20,22,25,26,28,42,46,51,55,59,61,100,102" machi="28" ten="20,5200,0" yaku="0,1,7,1,8,1,52,1" doraHai="48" who="1" fromWho="1" sc="143,-26,294,52,267,-13,296,-13" /><INIT seed="5,0,0,5,3,74" ten="117,346,254,283" oya="1" hai0="92,86,21,63,50,10,132,99,131,55,60,36,3" hai1="129,24,53,134,12,65,135,127,7,52,78,51,88" hai2="115,19,69,34,62,23,43,82,128,42,39,66,133" hai3="29,122,67,68,41,11,104,107,40,5,84,109,49"/><U14/><E129/><V80/><F34/><W94/><G109/><T46/><D132/><U120/><E120/><V9/><F128/><W96/><G122/><T126/><D131/><U100/><E127/><V103/><F133/><W90/><G29/><T54/><D126/><U72/><E100/><V71/><F71/><W87/><G104/><T61/><D36/><U102/><E102/><V57/><F115/><W38/><G38/><T101/><D3/><U83/><E65/><V22/><F69/><W76/><G68/><T118/><D118/><U70/><E70/><V108/><F103/><W130/><G67/><T119/><D119/><U2/><E2/><V98/><F98/><W25/><G25/><T95/><D10/><U97/><E24/><V116/><F116/><W110/><G110/><T18/><D86/><U93/><E53/><V89/><F39/><W27/><G27/><T8/><D8/><U111/><E111/><V64/><F64/><W125/><G125/><T79/><D79/><U124/><E124/><V33/><F33/><W113/><G113/><T121/><D121/><U1/><E1/><V85/><F108/><W123/><G123/><T59/><REACH who="0" step="1"/><D95/><REACH who="0" ten="107,346,254,283" step="2"/><U47/><E134/><V35/><F9/><W77/><G130/><T75/><D75/><U112/><E135/><V15/><F35/><W105/><G77/><T0/><D0/><U31/><E112/><V117/><F117/><W37/><G37/><T45/><D45/><U114/><E114/><V106/><F106/><W81/><G105/><T56/><D56/><U73/><E78/><N who="2" m="46231" /><F23/><W16/><G107/><RYUUKYOKU ba="0,1" sc="107,15,346,-15,254,15,283,-15" hai0="18,21,46,50,54,55,59,60,61,63,92,99,101" hai2="15,19,22,42,43,57,62,66,82,89" /><INIT seed="6,1,1,4,3,84" ten="122,331,269,268" oya="2" hai0="9,81,126,1,114,18,101,102,57,76,7,69,121" hai1="31,32,24,130,62,135,36,99,127,55,14,67,73" hai2="60,63,78,38,120,17,70,23,45,106,83,58,50" hai3="128,108,86,39,124,41,115,104,42,11,51,30,22"/><V82/><F106/><W68/><G104/><T100/><D126/><U34/><E73/><V95/><F120/><W29/><G108/><T91/><D114/><U129/><E127/><V77/><F38/><W122/><G68/><T47/><D121/><U131/><E135/><V118/><F70/><W79/><G122/><T87/><D69/><N who="1" m="42231" /><E36/><V2/><F2/><W85/><G124/><T5/><D7/><U6/><E55/><V112/><F112/><W20/><G39/><T88/><D47/><U13/><E32/><V80/><F95/><W37/><G37/><T26/><REACH who="0" step="1"/><D57/><REACH who="0" ten="112,331,269,268" step="2"/><U4/><E4/><V72/><F58/><W48/><G115/><T61/><D61/><U46/><E6/><V97/><F63/><W117/><G51/><T12/><D12/><U134/><E46/><V49/><F60/><W111/><G48/><T119/><D119/><U33/><E14/><V123/><F118/><W15/><G117/><T71/><D71/><U116/><E13/><V66/><F123/><W96/><G15/><T65/><D65/><U3/><E116/><V16/><F66/><W35/><G111/><T40/><D40/><U125/><E125/><V107/><F45/><W109/><G109/><T75/><D75/><U28/><E3/><V25/><F50/><W19/><G41/><T103/><N who="0" m="25600" /><DORA hai="89" /><T90/><D90/><U21/><E129/><V8/><F49/><W56/><G128/><T133/><D133/><U43/><E134/><V52/><F72/><W27/><G56/><T105/><D105/><U93/><E130/><V53/><F107/><W0/><G42/><RYUUKYOKU ba="1,2" sc="112,30,331,-10,269,-10,268,-10" hai0="1,5,9,18,26,76,81,87,88,91" /><INIT seed="7,2,2,3,3,90" ten="142,321,259,258" oya="3" hai0="16,107,24,113,26,111,6,3,94,115,129,82,104" hai1="68,23,27,21,14,11,102,18,77,29,61,4,117" hai2="124,76,110,55,39,108,72,69,118,5,48,112,8" hai3="87,36,75,81,67,49,44,56,127,131,33,10,73"/><W54/><G33/><T100/><D111/><U52/><E117/><V58/><F118/><W9/><G127/><T84/><D129/><U130/><E130/><V99/><F124/><W50/><G36/><T126/><D126/><U60/><E68/><V122/><F112/><N who="0" m="43082" /><D3/><U41/><E41/><V120/><F69/><W105/><G105/><T85/><D6/><U47/><E102/><V34/><F34/><W28/><G28/><T83/><D83/><U20/><E77/><V121/><F39/><W31/><G31/><T101/><D101/><U62/><E4/><V59/><F59/><W89/><G131/><T64/><D64/><U116/><E116/><V92/><F76/><W79/><G73/><T45/><D45/><U35/><E35/><V98/><F72/><W53/><REACH who="3" step="1"/><G67/><REACH who="3" ten="142,321,259,248" step="2"/><T93/><D26/><U95/><E29/><V133/><F110/><W7/><G7/><T78/><D85/><U97/><E27/><V17/><F108/><W134/><G134/><T37/><D37/><U66/><E66/><V43/><F133/><W65/><G65/><T74/><D74/><U128/><E128/><V30/><F5/><W46/><G46/><T57/><D57/><U71/><E71/><V88/><F58/><W40/><G40/><T1/><D1/><U119/><E119/><V132/><F43/><W12/><G12/><T0/><D0/><U19/><E47/><N who="2" m="28063" /><F132/><W109/><G109/><T125/><D125/><U86/><E86/><N who="2" m="52247" /><F30/><W25/><G25/><T135/><D135/><U51/><E14/><AGARI ba="2,3" hai="8,14,17,98,99,120,121,122" m="52247,28063" machi="14" ten="30,3900,0" yaku="13,1,52,1,54,1" doraHai="90" who="2" fromWho="1" sc="142,0,321,-45,259,75,248,0" owari="142,-36.0,276,8.0,334,43.0,248,-15.0" /></mjloggm>