<mjloggm ver="2.3"><GO type="169" lobby="0"/><UN n0="%E3%81%99%E3%81%84%E3%81%8F%E3%82%8D" n1="%E3%82%86%E3%81%86%E3%81%B4" n2="%EF%BC%A6%EF%BC%B8%E9%9B%80%E5%A3%AB" n3="%E3%82%A6%E3%83%AB%E3%83%88%E3%83%A9%E7%AB%8B%E7%9B%B4" dan="16,16,17,17" rate="2062.15,2186.07,2161.30,2165.32" sx="M,M,M,M"/><TAIKYOKU oya="0"/><INIT seed="0,0,0,1,1,41" ten="250,250,250,250" oya="0" hai0="53,61,128,115,18,62,1,96,50,124,56,82,117" hai1="9,36,5,102,100,78,132,97,79,23,21,15,99" hai2="37,31,114,70,94,87,110,68,116,121,123,24,35" hai3="22,59,43,10,104,98,108,126,46,76,7,33,3"/><T120/><D1/><U84/><E36/><V34/><F114/><W130/><G33/><T74/><D128/><U47/><E132/><V32/><F37/><W89/><G130/><T101/><D124/><U52/><E99/><V17/><F110/><W25/><G108/><T30/><D30/><U131/><E131/><V80/><F94/><W134/><G126/><T81/><D117/><U27/><E84/><V8/><F116/><W58/><G134/><T64/><D62/><U14/><E14/><V111/><F111/><W91/><G76/><N who="1" m="29226" /><E97/><V2/><F68/><W39/><G91/><T105/><D74/><U45/><E23/><V86/><F86/><W6/><G6/><T122/><D115/><U119/><E119/><V28/><F70/><W65/><G65/><T83/><REACH who="0" step="1"/><D18/><REACH who="0" ten="240,250,250,250" step="2"/><N who="1" m="12727" /><E52/><V107/><F2/><W125/><G125/><T12/><D12/><U49/><E49/><V63/><F31/><W133/><G133/><T60/><D60/><U118/><E118/><V85/><F63/><W54/><G54/><T40/><D40/><U135/><E135/><V88/><F28/><W75/><G75/><T127/><D127/><U67/><E67/><V29/><F29/><W95/><G3/><T129/><D129/><U113/><E113/><V11/><F35/><W38/><G39/><T42/><D42/><U57/><E15/><V71/><F34/><W4/><G38/><T66/><D66/><U55/><E55/><V20/><F32/><W112/><G43/><T51/><D51/><U19/><E19/><V109/><F109/><W103/><G112/><T92/><D92/><RYUUKYOKU ba="0,1" sc="240,30,250,-10,250,-10,250,-10" hai0="50,53,56,61,64,81,82,83,96,101,105,120,122" /><INIT seed="0,1,1,1,2,125" ten="270,240,240,240" oya="0" hai0="83,81,114,91,56,42,17,32,28,33,101,62,74" hai1="19,43,105,26,88,16,12,133,86,67,50,36,118" hai2="132,76,93,4,75,99,31,128,27,45,116,9,73" hai3="40,70,13,108,24,2,5,55,53,65,130,78,64"/><T37/><D37/><U119/><E105/><V20/><F132/><W84/><G2/><T110/><D42/><U60/><E36/><V25/><F116/><W115/><G24/><T85/><D101/><U66/><E133/><V38/><F76/><W11/><G115/><T52/><D110/><U126/><E126/><V49/><F27/><W134/><G134/><T96/><D96/><U89/><E43/><V15/><F38/><W29/><G29/><T127/><D127/><U129/><E129/><V124/><F128/><W123/><G130/><T14/><D114/><U34/><E50/><V39/><F39/><W97/><G108/><T87/><D74/><U113/><E113/><V71/><F71/><W112/><G112/><T54/><D54/><U100/><E100/><V79/><F79/><W135/><G135/><T122/><D28/><U6/><E6/><V106/><F106/><W48/><G97/><T98/><D98/><U131/><E131/><V104/><F104/><W44/><G123/><T94/><D94/><U103/><E103/><V111/><F111/><W10/><G10/><T47/><D47/><U121/><E121/><V102/><F124/><W59/><G70/><T58/><D58/><U90/><E86/><V63/><F63/><N who="3" m="36351" /><G53/><AGARI ba="1,1" hai="4,9,15,20,25,31,45,49,53,73,75,93,99,102" machi="53" ten="30,1000,0" yaku="7,1" doraHai="125" who="2" fromWho="3" sc="270,0,240,0,240,23,240,-13" /><INIT seed="1,0,0,3,2,40" ten="270,240,263,227" oya="1" hai0="36,75,127,62,96,114,20,134,27,9,112,108,68" hai1="90,124,16,103,50,7,15,51,26,60,109,49,21" hai2="85,42,133,118,66,19,100,71,56,52,119,113,48" hai3="123,122,5,78,86,88,89,91,101,12,111,130,44"/><U92/><E124/><V81/><F133/><W33/><G33/><T129/><D75/><U43/><E109/><V63/><F113/><W22/><G130/><T41/><D108/><U70/><E103/><V37/><F100/><W30/><G111/><T4/><D129/><U104/><E104/><V57/><F57/><W73/><G73/><T64/><D127/><U39/><E39/><V83/><F19/><W3/><G101/><T29/><D96/><U38/><E38/><V8/><F8/><N who="3" m="4111" /><G3/><T84/><D134/><U116/><E116/><N who="2" m="44587" /><F85/><W6/><G6/><T77/><D84/><N who="1" m="52295" /><E70/><V76/><F76/><W102/><G102/><T95/><D77/><U58/><E43/><V24/><F24/><N who="3" m="16663" /><G123/><T54/><D36/><U67/><E7/><V80/><F80/><N who="3" m="47383" /><G122/><T55/><D112/><U87/><E87/><V11/><F11/><W99/><G99/><T125/><D9/><U97/><E97/><V31/><F31/><W132/><G132/><T0/><D4/><U74/><E74/><V107/><F107/><W110/><G110/><T59/><D0/><U47/><E26/><V28/><F28/><W120/><G120/><T128/><D125/><U2/><E2/><V69/><F69/><W34/><G34/><T65/><D128/><U53/><AGARI ba="0,0" hai="15,16,21,47,49,50,51,53,58,60,67" m="52295" machi="53" ten="30,6000,0" yaku="8,1,52,1,54,1" doraHai="40" who="1" fromWho="1" sc="270,-20,240,60,263,-20,227,-20" /><INIT seed="1,1,0,0,0,130" ten="250,300,243,207" oya="1" hai0="53,126,98,101,110,3,74,47,69,10,100,116,91" hai1="11,35,83,34,37,12,71,45,131,125,129,65,54" hai2="111,127,94,70,112,44,6,89,84,120,68,114,113" hai3="102,43,55,63,76,88,20,135,56,33,90,22,57"/><U40/><E125/><V5/><F127/><W81/><G33/><T19/><D69/><N who="2" m="26730" /><F120/><W13/><G43/><T78/><D78/><U72/><E54/><V105/><F105/><W23/><G102/><T97/><D74/><U49/><E49/><V50/><F111/><W28/><G28/><T119/><D110/><U48/><E48/><V95/><F95/><W62/><G13/><T32/><D32/><N who="1" m="12331" /><E12/><V39/><F39/><W118/><G118/><T93/><D126/><U117/><E11/><V58/><F58/><W30/><G30/><T86/><D53/><AGARI ba="1,0" hai="5,6,44,50,53,84,89,94,112,113,114" m="26730" machi="53" ten="40,1300,0" yaku="11,1" doraHai="130" who="2" fromWho="0" sc="250,-16,300,0,243,16,207,0" /><INIT seed="2,0,0,0,2,117" ten="234,300,259,207" oya="2" hai0="118,76,28,17,69,124,127,57,6,54,48,26,4" hai1="58,102,66,46,86,110,74,42,85,116,31,92,45" hai2="131,49,103,119,25,89,79,10,98,37,125,133,1" hai3="115,50,77,2,70,24,51,72,11,0,16,120,23"/><V96/><F37/><W88/><G70/><T99/><D69/><U90/><E74/><V56/><F119/><W93/><G115/><T82/><D118/><U78/><E116/><V7/><F131/><W20/><G120/><T44/><D17/><U132/><E110/><V83/><F133/><W109/><G109/><T91/><D91/><U53/><E66/><V64/><F125/><W107/><G107/><T55/><D99/><U29/><E102/><V27/><F89/><W129/><G129/><T15/><D15/><U135/><E135/><V128/><F96/><W113/><G113/><T18/><D18/><U100/><E100/><V34/><F34/><W73/><G23/><T36/><D36/><U101/><E101/><V105/><F128/><W112/><G112/><T87/><D127/><U65/><E65/><V68/><F68/><W75/><G77/><T14/><D14/><U80/><E132/><V94/><F105/><W41/><G11/><T5/><D124/><U63/><E46/><V59/><F59/><W33/><G33/><T61/><REACH who="0" step="1"/><D4/><REACH who="0" ten="224,300,259,207" step="2"/><U32/><E29/><V111/><F111/><W114/><G114/><T9/><D9/><U19/><E19/><V62/><REACH who="2" step="1"/><F49/><REACH who="2" ten="224,300,249,207" step="2"/><W60/><G51/><T121/><D121/><U81/><E32/><AGARI ba="0,2" hai="5,6,26,28,32,44,48,54,55,57,61,76,82,87" machi="32" ten="30,3900,0" yaku="1,1,7,1,53,1" doraHai="117" doraHaiUra="30" who="0" fromWho="1" sc="224,59,300,-39,249,0,207,0" /><INIT seed="3,0,0,2,3,134" ten="283,261,249,207" oya="3" hai0="45,61,56,26,54,71,20,67,75,31,43,68,18" hai1="2,103,113,98,38,87,128,17,80,132,0,72,104" hai2="58,78,40,37,126,48,12,93,41,11,99,50,6" hai3="121,36,8,55,66,15,95,107,124,44,7,90,59"/><W32/><G121/><T64/><D75/><U65/><E132/><V42/><F37/><W109/><G107/><T101/><D101/><U92/><E113/><V30/><F78/><W115/><G115/><T117/><D117/><U53/><E128/><V105/><F105/><W1/><G32/><T129/><D129/><U86/><E65/><V88/><F30/><W85/><G109/><T94/><D94/><U76/><E38/><V77/><F77/><W97/><G124/><T111/><D64/><U70/><E70/><V69/><F69/><W25/><G25/><T131/><D131/><U46/><E17/><V5/><F5/><W19/><G66/><T52/><D111/><U118/><E118/><V51/><REACH who="2" step="1"/><F58/><REACH who="2" ten="283,261,239,207" step="2"/><W33/><G33/><T27/><D68/><U39/><E39/><V91/><F91/><W10/><G36/><T130/><D130/><U84/><E104/><V123/><F123/><W28/><G28/><T89/><D89/><U133/><E133/><V106/><F106/><W63/><REACH who="3" step="1"/><G44/><REACH who="3" ten="283,261,239,197" step="2"/><T110/><D71/><U3/><E46/><V23/><F23/><W47/><G47/><T100/><D110/><U122/><E122/><V127/><AGARI ba="0,2" hai="6,11,12,40,41,42,48,50,51,88,93,99,126,127" machi="127" ten="40,8000,1" yaku="1,1,0,1,52,2,54,1,53,0" doraHai="134" doraHaiUra="102" who="2" fromWho="2" sc="283,-20,261,-20,239,100,197,-40" /><INIT seed="4,0,0,0,2,118" ten="263,241,339,157" oya="0" hai0="21,65,11,3,125,105,109,135,8,88,126,6,87" hai1="98,103,0,93,24,62,104,90,16,12,26,64,9" hai2="52,73,2,81,106,83,4,128,54,43,47,49,27" hai3="14,18,44,92,55,33,97,63,70,115,51,95,19"/><T28/><D105/><U60/><E0/><V13/><F106/><W71/><G115/><T110/><D65/><U29/><E29/><V113/><F2/><W22/><G33/><T67/><D67/><U122/><E122/><V23/><F128/><W25/><G63/><T127/><D135/><U20/><E9/><N who="2" m="4263" /><F73/><W101/><REACH who="3" step="1"/><G95/><REACH who="3" ten="263,241,339,147" step="2"/><N who="0" m="54687" /><D3/><U17/><E62/><V116/><F113/><W39/><G39/><T5/><D5/><U7/><E7/><V133/><F116/><W37/><G37/><T57/><D6/><U121/><E60/><V48/><F133/><W89/><G89/><T80/><D110/><U10/><E90/><V114/><F114/><W32/><G32/><T132/><D132/><U108/><E104/><V45/><F43/><W82/><G82/><T50/><D80/><U72/><E108/><V85/><F85/><W31/><G31/><AGARI ba="0,1" hai="23,27,31,45,47,48,49,52,54,81,83" m="4263" machi="31" ten="30,2000,0" yaku="8,1,54,1" doraHai="118" who="2" fromWho="3" sc="263,0,241,0,339,30,147,-20" /><INIT seed="5,0,0,0,0,17" ten="263,241,369,127" oya="1" hai0="99,61,106,75,64,31,38,42,116,108,74,66,118" hai1="4,39,50,37,129,6,97,87,10,13,124,40,114" hai2="82,100,56,122,7,58,103,72,120,85,133,105,11" hai3="92,8,65,29,134,3,89,5,119,109,25,80,12"/><U79/><E124/><V49/><F133/><W131/><G109/><T77/><D64/><U43/><E114/><V60/><F72/><W47/><G134/><T44/><D108/><U71/><E71/><V73/><F73/><W16/><G131/><T128/><D128/><U27/><E6/><V107/><F107/><W48/><G65/><T130/><D130/><U78/><E78/><V35/><F35/><W33/><G80/><T93/><D75/><U68/><E68/><V94/><F105/><W21/><G119/><T24/><D77/><U115/><E115/><V88/><F120/><W86/><G48/><T30/><D30/><U81/><E129/><V0/><F122/><W14/><REACH who="3" step="1"/><G47/><REACH who="3" ten="263,241,369,117" step="2"/><T70/><D116/><U110/><E110/><V104/><F82/><W113/><G113/><T127/><D44/><U90/><E50/><V112/><F49/><W51/><G51/><T52/><D66/><U23/><E39/><V20/><F112/><W53/><G53/><T36/><D36/><U69/><E37/><V46/><F46/><W111/><G111/><T76/><D38/><U67/><E67/><V32/><F60/><W26/><AGARI ba="0,1" hai="3,5,8,12,14,16,21,25,26,29,33,86,89,92" machi="26" ten="20,12000,2" yaku="1,1,0,1,7,1,52,1,54,1,53,1" doraHai="17" doraHaiUra="15" who="3" fromWho="3" sc="263,-30,241,-60,369,-30,117,130" /><INIT seed="6,0,0,2,2,68" ten="233,181,339,247" oya="2" hai0="47,64,107,119,121,61,113,16,17,35,86,120,110" hai1="10,43,21,132,128,55,91,74,50,88,109,80,9" hai2="44,37,99,105,98,19,96,0,33,130,63,108,73" hai3="41,46,14,135,22,100,25,53,40,11,57,118,65"/><V59/><F33/><W23/><G118/><T123/><D35/><U106/><E106/><V95/><F73/><W67/><G135/><T69/><D107/><U29/><E132/><V75/><F75/><W31/><G100/><T30/><D30/><U56/><E128/><V93/><F0/><W85/><G23/><T127/><D110/><U101/><E101/><V115/><F105/><W32/><G32/><T20/><D119/><U15/><E109/><V36/><F108/><W84/><G85/><T82/><D127/><U87/><E74/><V72/><F72/><W66/><G84/><T114/><D47/><U116/><E116/><V122/><F122/><W76/><G76/><T78/><REACH who="0" step="1"/><D17/><REACH who="0" ten="223,181,339,247" step="2"/><U2/><E2/><V90/><F44/><W26/><G46/><T27/><AGARI ba="0,1" hai="16,20,27,61,64,69,78,82,86,113,114,120,121,123" machi="27" ten="40,8000,1" yaku="1,1,2,1,0,1,54,1,53,0" doraHai="68" doraHaiUra="6" who="0" fromWho="0" sc="223,90,181,-20,339,-40,247,-20" /><INIT seed="7,0,0,3,5,46" ten="313,161,299,227" oya="3" hai0="109,135,65,131,54,102,118,111,22,19,21,45,134" hai1="32,52,86,74,113,0,130,55,70,41,91,30,5" hai2="50,51,96,76,95,43,40,122,72,84,24,73,1" hai3="119,108,106,20,25,78,103,15,110,9,38,101,129"/><W17/><G38/><T14/><D131/><U89/><E74/><V133/><F1/><W127/><G119/><T83/><D118/><U47/><E70/><V62/><F73/><W107/><G78/><T88/><D65/><U3/><E130/><V128/><F72/><W80/><G80/><T29/><D102/><N who="3" m="38921" /><G129/><T79/><D88/><U33/><E113/><V48/><F128/><W87/><G87/><N who="0" m="48639" /><D54/><U67/><E67/><V8/><F133/><N who="0" m="50698" /><D45/><U49/><E91/><N who="2" m="55423" /><F62/><W71/><G71/><T69/><D69/><U97/><E97/><V58/><F122/><W68/><G68/><T27/><AGARI ba="0,0" hai="14,19,21,22,27,29,109,111" m="50698,48639" machi="27" ten="30,1100,0" yaku="20,1" doraHai="46" who="0" fromWho="0" sc="313,11,161,-3,299,-3,227,-5" owari="324,42.0,158,-34.0,296,10.0,222,-18.0" /></mjloggm>