<mjloggm ver="2.3"><GO type="169" lobby="0"/><UN n0="%66%75%6C%6C%2D%74%70%21" n1="%E3%82%A6%E3%83%AB%E3%83%88%E3%83%A9%E7%AB%8B%E7%9B%B4" n2="%E3%81%AF%E3%82%8B%E3%81%8B%E3%83%BC" n3="%E6%88%B8%E6%84%9A%E5%91%82%E3%83%BB%E5%A7%89" dan="16,17,16,16" rate="2104.11,2121.56,2066.22,2136.44" sx="M,M,F,M"/><TAIKYOKU oya="0"/><INIT seed="0,0,0,5,1,61" ten="250,250,250,250" oya="0" hai0="112,111,117,72,1,130,126,23,86,29,42,104,99" hai1="3,31,80,96,125,134,127,7,58,101,19,40,120" hai2="74,71,65,73,20,28,109,133,26,59,88,34,75" hai3="47,89,27,0,37,92,70,49,35,67,39,82,21"/><T128/><D1/><U124/><E120/><V119/><F71/><W108/><G108/><T2/><D2/><U106/><E134/><V121/><F121/><W46/><G0/><T11/><D117/><U63/><E31/><V81/><F109/><W90/><G35/><T12/><D111/><U105/><E40/><V48/><F133/><W68/><G68/><T97/><D72/><U51/><E51/><V123/><F123/><W52/><G82/><T116/><D104/><U15/><E80/><V110/><F110/><W100/><G100/><T69/><D69/><U54/><E7/><V43/><F43/><W44/><G89/><T102/><D116/><U57/><E57/><V32/><F119/><W56/><G70/><T66/><D42/><U10/><REACH who="1" step="1"/><E3/><REACH who="1" ten="250,240,250,250" step="2"/><V107/><F48/><W77/><G39/><T17/><D29/><U83/><E83/><V14/><F59/><N who="3" m="33167" /><G37/><T30/><D30/><U60/><E60/><V103/><F81/><W115/><G115/><T129/><D112/><U131/><E131/><V24/><F28/><N who="3" m="17519" /><G77/><T93/><D129/><U85/><E85/><V18/><F34/><W53/><G53/><T4/><D86/><U64/><E64/><V22/><F65/><W62/><G47/><T25/><D66/><U95/><AGARI ba="0,1" hai="10,15,19,54,58,63,95,96,101,105,106,124,125,127" machi="95" ten="30,4000,0" yaku="1,1,0,1,18,1,53,0" doraHai="61" doraHaiUra="122" who="1" fromWho="1" sc="250,-20,240,50,250,-10,250,-10" /><INIT seed="1,0,0,1,5,101" ten="230,290,240,240" oya="1" hai0="22,50,93,52,127,89,4,42,46,134,2,131,108" hai1="60,58,76,129,84,130,99,122,7,117,48,24,28" hai2="51,111,92,106,11,9,36,85,53,3,81,75,124" hai3="65,25,82,30,114,91,112,13,95,59,71,57,73"/><U8/><E122/><V77/><F36/><W5/><G71/><T15/><D108/><U16/><E117/><V104/><F111/><W64/><G73/><T103/><D131/><U118/><E118/><V110/><F110/><W49/><G82/><T68/><D134/><U116/><E116/><V63/><F63/><W41/><G112/><T37/><D127/><U34/><E99/><V32/><F32/><W35/><G114/><T44/><D68/><U47/><E84/><V26/><F26/><W113/><G113/><T31/><D103/><U88/><E88/><V120/><F120/><W121/><G121/><T33/><D2/><U123/><E76/><V102/><F124/><W56/><G13/><T107/><D33/><U119/><E119/><V14/><F3/><W20/><G5/><T67/><D67/><N who="3" m="25673" /><G35/><T72/><D72/><U55/><E123/><V87/><F75/><W21/><G21/><T98/><D4/><U0/><REACH who="1" step="1"/><E16/><REACH who="1" ten="230,280,240,240" step="2"/><V96/><F85/><W135/><G135/><T12/><D98/><U38/><E38/><V90/><F77/><W39/><G39/><T83/><D89/><U97/><E97/><V78/><F78/><W40/><G91/><T66/><D37/><U128/><E128/><V86/><F87/><W132/><G132/><T125/><D125/><U19/><E19/><N who="2" m="8655" /><F11/><W69/><G95/><T54/><D93/><U10/><E10/><V80/><F80/><W45/><G69/><T23/><D83/><U29/><E29/><V126/><F126/><W115/><G115/><T62/><D31/><U1/><E1/><V6/><F6/><RYUUKYOKU ba="0,1" sc="230,-30,280,10,240,10,240,10" hai1="0,7,8,24,28,34,47,48,55,58,60,129,130" hai2="51,53,81,86,90,92,96,102,104,106" hai3="20,25,30,40,41,45,49,56,57,59" /><INIT seed="1,1,1,5,5,102" ten="200,290,250,250" oya="1" hai0="29,56,3,43,23,127,85,79,1,45,115,132,22" hai1="11,42,66,94,55,101,71,46,44,62,82,7,76" hai2="2,72,128,51,78,10,36,91,84,60,110,35,37" hai3="135,88,0,124,93,20,33,107,122,83,96,64,34"/><U12/><E55/><V40/><F35/><W30/><G122/><T109/><D115/><U86/><E101/><V57/><F128/><W21/><G0/><T18/><D56/><U111/><E111/><V90/><F90/><W50/><G107/><T17/><D29/><U24/><E94/><V68/><F68/><W28/><G64/><T129/><D129/><U92/><E92/><V104/><F104/><W26/><G124/><T77/><D127/><U125/><E125/><V13/><F2/><W39/><G39/><T134/><D45/><U131/><E131/><V65/><F78/><W81/><G135/><T14/><D43/><U106/><E106/><V15/><F72/><W75/><G75/><T114/><D114/><U105/><E105/><V47/><F110/><W130/><G130/><T73/><D73/><U123/><E123/><V103/><F103/><W63/><G63/><T70/><D70/><U113/><E113/><V108/><F108/><W41/><G33/><T25/><D109/><U27/><REACH who="1" step="1"/><E44/><REACH who="1" ten="200,280,250,250" step="2"/><V95/><REACH who="2" step="1"/><F13/><REACH who="2" ten="200,280,240,250" step="2"/><W53/><G93/><T97/><D14/><U120/><E120/><V61/><F61/><W16/><G81/><T31/><D3/><U6/><E6/><AGARI ba="1,3" hai="6,10,15,36,37,40,47,51,57,60,65,84,91,95" machi="6" ten="30,2000,0" yaku="1,1,7,1,53,0" doraHai="102" doraHaiUra="32" who="2" fromWho="1" sc="200,0,280,-23,240,53,250,0" /><INIT seed="2,0,0,3,1,59" ten="200,257,293,250" oya="2" hai0="52,24,129,29,47,66,56,1,95,90,103,135,26" hai1="115,13,130,41,46,44,91,58,85,119,27,33,82" hai2="37,131,43,34,60,109,48,99,32,120,54,104,17" hai3="19,72,50,8,69,61,116,10,18,7,25,127,2"/><V35/><F120/><W118/><G72/><T51/><D1/><U64/><E119/><N who="3" m="45610" /><G61/><N who="0" m="38183" /><D135/><U92/><E130/><V38/><F131/><W49/><G50/><T65/><D129/><U87/><E115/><V55/><F109/><W101/><G49/><T79/><D65/><U132/><E132/><V40/><F17/><N who="3" m="6155" /><G101/><T16/><D29/><U111/><E111/><V100/><F60/><W78/><G78/><T134/><D134/><U9/><E27/><N who="0" m="10281" /><D79/><N who="1" m="46303" /><E33/><V124/><F124/><W126/><G69/><T15/><D103/><U98/><E87/><V125/><F125/><N who="3" m="47627" /><G25/><T128/><D128/><U30/><E41/><V75/><F75/><W12/><G8/><N who="0" m="6247" /><D95/><U67/><E67/><V97/><F104/><W77/><G77/><T114/><D114/><U81/><E30/><V76/><F76/><W117/><N who="3" m="45618" /><W39/><DORA hai="4" /><G39/><N who="2" m="14857" /><F100/><W93/><G93/><T84/><D84/><U53/><E64/><V45/><F48/><W123/><G123/><T108/><D108/><U106/><E106/><V11/><F11/><W110/><G110/><T5/><D90/><U14/><E9/><V94/><F94/><W71/><G71/><T89/><D89/><U112/><E112/><V88/><F88/><W70/><G70/><T121/><D121/><U22/><E92/><V23/><F97/><W42/><G42/><T105/><D105/><U68/><E68/><V102/><F99/><W122/><G122/><T21/><D21/><U62/><E98/><V0/><F102/><W28/><G28/><T83/><D83/><U73/><E22/><V3/><F23/><W96/><G96/><RYUUKYOKU ba="0,0" sc="200,15,257,-15,293,-15,250,15" hai0="5,47,51,52" hai3="2,7,10,12" /><INIT seed="3,1,0,2,0,35" ten="215,242,278,265" oya="3" hai0="9,41,16,25,65,44,67,90,95,33,1,121,21" hai1="116,128,112,109,110,74,66,96,117,82,107,114,28" hai2="69,135,19,106,119,20,73,93,115,130,12,72,122" hai3="80,61,83,127,113,49,29,132,31,10,4,34,68"/><W70/><G113/><N who="1" m="43626" /><E66/><V103/><F93/><W120/><G120/><T18/><D121/><U36/><E36/><V75/><F69/><W58/><G127/><T91/><D33/><U86/><E28/><N who="3" m="10826" /><G132/><T129/><D129/><U52/><E52/><V124/><F135/><W22/><G34/><T50/><D91/><N who="1" m="51671" /><E74/><V76/><F124/><W71/><G71/><T48/><D48/><U51/><E51/><V62/><F130/><W53/><G68/><T125/><D125/><U3/><E3/><V97/><F122/><W81/><G70/><T57/><D57/><U39/><E39/><V131/><F131/><W108/><G22/><T99/><D1/><U47/><E47/><V5/><F115/><W6/><G10/><T104/><D104/><U77/><E77/><V64/><F5/><N who="3" m="2155" /><G108/><N who="1" m="41578" /><E128/><V13/><F75/><W60/><AGARI ba="1,0" hai="49,53,58,60,61,80,81,83" m="2155,10826" machi="60" ten="40,2100,0" yaku="8,1" doraHai="35" who="3" fromWho="3" sc="215,-8,242,-8,278,-8,265,24" /><INIT seed="3,2,0,0,1,65" ten="207,234,270,289" oya="3" hai0="28,38,42,37,113,27,29,78,51,132,84,121,30" hai1="72,47,57,118,3,89,54,61,64,43,60,31,114" hai2="71,46,48,125,1,134,77,115,52,58,20,98,128" hai3="70,59,119,93,22,50,122,109,107,103,0,112,10"/><W94/><G112/><T75/><D121/><U117/><E72/><V130/><F115/><W101/><G119/><N who="1" m="45578" /><E3/><V97/><F1/><W80/><G122/><T45/><D113/><U116/><N who="1" m="45586" /><U111/><DORA hai="66" /><E31/><V17/><F77/><W13/><G22/><T73/><D132/><U129/><E89/><V99/><F134/><W76/><G101/><T15/><D27/><U126/><E114/><V14/><F125/><W102/><G103/><T4/><D75/><U96/><E96/><V35/><F35/><W25/><G102/><T55/><D73/><U7/><E7/><V85/><F85/><W87/><G87/><T63/><D15/><U12/><E12/><V92/><F92/><W82/><G13/><T83/><D4/><U8/><E8/><V56/><F56/><W91/><G59/><T90/><D78/><U100/><E100/><V9/><F9/><W39/><G10/><T127/><D127/><U24/><E24/><V19/><F19/><W88/><G25/><T23/><D23/><U81/><E81/><V32/><F32/><W135/><G80/><T105/><D105/><U106/><E106/><V67/><F58/><W108/><G107/><T69/><REACH who="0" step="1"/><D55/><REACH who="0" ten="197,234,270,289" step="2"/><U36/><E126/><V120/><F120/><W11/><G76/><T68/><D68/><N who="1" m="41991" /><E129/><N who="2" m="49771" /><F99/><W62/><G0/><T123/><D123/><U44/><E44/><V26/><F26/><W104/><G104/><T110/><D110/><AGARI ba="2,1" hai="36,43,47,54,57,61,110,111" m="41991,45586" machi="110" ten="40,8000,1" yaku="12,1,34,2,52,2" doraHai="65,66" who="1" fromWho="0" sc="197,-86,234,96,270,0,289,0" /><INIT seed="4,0,0,5,0,22" ten="111,330,270,289" oya="0" hai0="41,89,1,2,87,18,43,30,114,50,100,47,39" hai1="6,65,52,15,28,10,80,54,26,128,61,118,40" hai2="90,132,34,113,88,135,75,51,96,94,48,24,44" hai3="95,36,125,69,111,27,85,104,7,8,127,103,98"/><T86/><D114/><U68/><E118/><V35/><F75/><W76/><G111/><T106/><D87/><U53/><E128/><V130/><F130/><W120/><G69/><T60/><D39/><U105/><E105/><V108/><F108/><W42/><G120/><T49/><D60/><U0/><E40/><V77/><F77/><W20/><G42/><T112/><D112/><U79/><E0/><V126/><F126/><N who="3" m="48139" /><G36/><T74/><D74/><U67/><E67/><V17/><F113/><W55/><G55/><T23/><D30/><U71/><E71/><V73/><F73/><W25/><G20/><T16/><D18/><U117/><E117/><V58/><F58/><W124/><G124/><T107/><D100/><U19/><E19/><V57/><F90/><N who="3" m="53711" /><G76/><T5/><D5/><U121/><E121/><V63/><F48/><W110/><G110/><T102/><D102/><U72/><E54/><N who="2" m="30055" /><F17/><W59/><G59/><T11/><D107/><U21/><AGARI ba="0,0" hai="6,10,15,21,26,28,52,53,61,65,68,72,79,80" machi="21" ten="20,5200,0" yaku="0,1,7,1,52,1,54,1" doraHai="22" who="1" fromWho="1" sc="111,-26,330,52,270,-13,289,-13" /><INIT seed="5,0,0,4,0,19" ten="85,382,257,276" oya="1" hai0="87,47,135,42,7,122,34,127,57,61,91,110,52" hai1="67,69,38,18,20,29,89,33,32,58,46,104,82" hai2="101,106,2,9,30,111,63,73,10,77,45,105,48" hai3="1,23,24,26,85,25,96,132,83,100,108,113,28"/><U133/><E104/><V4/><F111/><W130/><G108/><T99/><D110/><U72/><E69/><V90/><F9/><W76/><G113/><T98/><D135/><U79/><E29/><V21/><F63/><W54/><G132/><T78/><D34/><U56/><E89/><V65/><F65/><W126/><G126/><T40/><D127/><U44/><E44/><V14/><F101/><W102/><G130/><T13/><D122/><U75/><E75/><V50/><F90/><W17/><G1/><T62/><D62/><U125/><E125/><V121/><F50/><W16/><G100/><T86/><D86/><U107/><E107/><V22/><F121/><W117/><G117/><T134/><D134/><U15/><E67/><V3/><F3/><W11/><G54/><T49/><D40/><U116/><E116/><V59/><F59/><W60/><G60/><T112/><D112/><U81/><E81/><V64/><F64/><W119/><G119/><T95/><D78/><U43/><E133/><V35/><F2/><W84/><G84/><T124/><D124/><U114/><E114/><V71/><F71/><W53/><G53/><T92/><D95/><U12/><E58/><V129/><F129/><W70/><G70/><T74/><D74/><U131/><E56/><V118/><F118/><W66/><G66/><T6/><REACH who="0" step="1"/><D13/><REACH who="0" ten="75,382,257,276" step="2"/><U68/><E131/><V36/><F106/><W128/><G128/><T120/><D120/><U88/><E15/><V115/><F105/><W103/><G76/><T41/><D41/><U5/><E43/><V55/><F115/><RYUUKYOKU ba="0,1" sc="75,30,382,-10,257,-10,276,-10" hai0="6,7,42,47,49,52,57,61,87,91,92,98,99" /><INIT seed="6,1,1,0,5,66" ten="105,372,247,266" oya="2" hai0="16,39,3,60,36,0,71,76,69,89,20,10,57" hai1="56,121,21,95,49,135,111,25,35,120,40,117,14" hai2="1,53,7,11,91,128,123,129,44,5,19,63,68" hai3="34,50,127,52,51,70,87,108,45,17,31,105,93"/><V78/><F123/><N who="1" m="47177" /><E135/><V27/><F78/><W109/><G105/><T118/><D76/><U73/><E73/><V12/><F27/><W65/><G127/><T107/><D107/><U125/><E111/><V2/><F91/><W101/><G17/><T41/><D89/><U54/><E125/><V97/><F97/><W6/><G6/><T83/><D83/><U28/><E40/><V23/><F44/><W130/><G130/><N who="2" m="50281" /><F53/><W114/><G108/><T15/><D41/><U79/><E79/><V64/><F7/><W98/><G87/><T110/><D110/><U96/><E117/><V131/><N who="2" m="50289" /><V124/><DORA hai="119" /><F124/><W86/><G86/><T55/><D118/><U59/><E59/><V48/><F48/><W9/><G51/><T88/><D88/><N who="1" m="55399" /><E14/><V92/><F92/><W29/><G93/><T37/><REACH who="0" step="1"/><D10/><REACH who="0" ten="95,372,247,266" step="2"/><U134/><E134/><V33/><F33/><AGARI ba="1,2" hai="21,25,28,33,35,49,54,56" m="55399,47177" machi="33" ten="30,8000,1" yaku="13,1,52,3,54,1" doraHai="66,119" who="1" fromWho="2" sc="95,0,372,103,247,-83,266,0" /><INIT seed="7,0,0,2,2,98" ten="95,475,164,266" oya="3" hai0="86,0,128,94,43,125,131,103,109,14,120,47,84" hai1="121,104,99,22,38,65,13,29,34,2,15,24,92" hai2="106,26,48,110,23,69,55,67,107,9,16,36,89" hai3="35,93,32,27,135,123,111,46,62,70,11,30,58"/><W113/><G123/><T127/><D0/><U124/><E38/><V64/><F36/><W77/><G70/><T74/><D14/><U80/><E104/><V112/><F110/><W53/><G113/><T79/><D47/><U83/><E2/><V39/><F39/><W61/><G77/><T31/><D43/><U49/><E124/><N who="0" m="47689" /><D31/><U12/><E34/><V52/><F112/><W72/><G93/><T68/><D68/><U25/><E121/><V122/><F122/><W130/><G72/><T96/><D109/><U56/><E25/><V75/><F75/><W116/><G46/><T97/><D120/><U19/><E19/><V133/><F133/><W37/><G135/><T1/><D1/><U54/><E65/><N who="2" m="25163" /><F69/><W71/><G130/><N who="0" m="49707" /><D97/><U126/><E126/><V76/><F76/><W88/><G111/><T40/><D40/><U91/><AGARI ba="0,0" hai="12,13,15,22,24,29,49,54,56,80,83,91,92,99" machi="91" ten="30,2000,0" yaku="0,1,8,1" doraHai="98" who="1" fromWho="1" sc="95,-5,475,20,164,-5,266,-10" owari="90,-41.0,495,59.0,159,-24.0,256,6.0" /></mjloggm>