<mjloggm ver="2.3"><GO type="169" lobby="0"/><UN n0="%E5%99%82%E3%81%AE%E3%81%8D%E3%81%BF%E3%81%A9%E3%82%8A" n1="%E5%B0%B1%E6%B4%BB%E7%94%9F%40%E5%B7%9D%E6%9D%91%E8%BB%8D%E5%9B%A3" n2="%65%72%61%6E%76%69%74%61" n3="%63%75%72%65%74%61%70%65" dan="16,17,16,16" rate="2090.03,2216.84,2109.10,2168.67" sx="F,M,M,M"/><TAIKYOKU oya="0"/><INIT seed="0,0,0,0,5,106" ten="250,250,250,250" oya="0" hai0="21,10,53,79,27,111,41,87,28,118,76,30,132" hai1="134,16,73,77,31,126,38,26,135,120,107,20,125" hai2="36,49,46,17,116,93,40,100,42,22,37,5,60" hai3="80,104,99,108,130,103,92,4,96,94,63,54,56"/><T133/><D118/><U61/><E38/><V85/><F116/><W71/><G71/><T34/><D111/><U59/><E107/><V8/><F60/><W74/><G108/><T35/><D10/><U2/><E2/><V121/><F121/><W7/><G130/><T82/><D79/><U69/><E69/><V51/><F42/><W97/><G97/><T55/><D41/><U18/><E120/><V39/><F51/><W127/><G127/><N who="1" m="48650" /><E77/><V33/><F33/><W119/><G119/><T83/><D21/><U0/><E0/><V95/><F85/><W123/><G123/><T9/><D9/><U43/><E43/><V12/><REACH who="2" step="1"/><F100/><REACH who="2" ten="250,250,240,250" step="2"/><W52/><G103/><T25/><REACH who="0" step="1"/><D82/><REACH who="0" ten="240,250,240,250" step="2"/><U1/><E134/><AGARI ba="0,2" hai="25,27,28,30,34,35,53,55,76,83,87,132,133,134" machi="134" ten="40,12000,1" yaku="1,1,2,1,9,1,20,1,53,0" doraHai="106" doraHaiUra="84" who="0" fromWho="1" sc="240,140,250,-120,240,0,250,0" /><INIT seed="0,1,0,4,0,19" ten="380,130,240,250" oya="0" hai0="97,122,80,46,50,60,73,52,104,6,66,36,61" hai1="71,42,2,120,75,28,74,53,11,107,121,57,20" hai2="117,77,113,49,7,105,43,33,68,64,47,12,9" hai3="27,51,21,101,41,116,103,29,84,63,133,82,110"/><T34/><D122/><U16/><E71/><V87/><F105/><W24/><G116/><T100/><D36/><U81/><E107/><V54/><F33/><W129/><G110/><T14/><D34/><U44/><E28/><V134/><F113/><W85/><G129/><T119/><D119/><U31/><E31/><V37/><F134/><W92/><G133/><T48/><D73/><U25/><E11/><V72/><F72/><W115/><G115/><T108/><D108/><U118/><E2/><V135/><F135/><W13/><G27/><T96/><D80/><U55/><E118/><V112/><F112/><W65/><G92/><T99/><D48/><U91/><E74/><V67/><F68/><W132/><G132/><T114/><D114/><U10/><E10/><V70/><F70/><W106/><G85/><T32/><D32/><U128/><E128/><V90/><F77/><W15/><G106/><T95/><D104/><U4/><E4/><V39/><F39/><W76/><G103/><T111/><D111/><U123/><E57/><V86/><F86/><W69/><G101/><T79/><D79/><U17/><E17/><V22/><F117/><W83/><G83/><T40/><D40/><U38/><REACH who="1" step="1"/><E91/><REACH who="1" ten="380,120,240,250" step="2"/><V58/><F90/><W126/><G69/><T89/><D89/><U88/><E88/><V30/><F87/><W59/><G29/><T94/><D94/><U98/><E98/><V3/><F3/><W5/><G5/><T125/><D125/><U0/><E0/><V124/><F124/><W93/><G126/><T127/><D127/><U130/><E130/><RYUUKYOKU ba="1,1" sc="380,-15,120,15,240,15,250,-15" hai1="16,20,25,38,42,44,53,55,75,81,120,121,123" hai2="7,9,12,22,30,37,43,47,49,54,58,64,67" /><INIT seed="1,2,1,1,1,130" ten="365,135,255,235" oya="1" hai0="27,75,62,47,129,16,90,84,80,116,131,94,120" hai1="106,51,50,1,126,52,44,135,33,19,30,68,70" hai2="69,91,40,20,59,36,104,134,77,31,35,110,39" hai3="81,125,112,72,71,122,100,128,92,119,82,13,103"/><U113/><E106/><V67/><F110/><W63/><G122/><T109/><D116/><U4/><E113/><V46/><F104/><W29/><G112/><T99/><D109/><U66/><E126/><V55/><F35/><W0/><G0/><T98/><D120/><U6/><E135/><V89/><F77/><W73/><G125/><T43/><D62/><U127/><E127/><V64/><F39/><W97/><G128/><N who="0" m="49227" /><D75/><U133/><E133/><V38/><F38/><W107/><G119/><T22/><D94/><U12/><E30/><V86/><F67/><W9/><G29/><T87/><D84/><U41/><E33/><V96/><F86/><W105/><G92/><T108/><D108/><U32/><E32/><V56/><F96/><W57/><G73/><T48/><AGARI ba="2,1" hai="16,22,27,43,47,48,80,87,90,98,99" m="49227" machi="48" ten="30,2000,0" yaku="19,1,54,1" doraHai="130" who="0" fromWho="0" sc="365,36,135,-12,255,-7,235,-7" /><INIT seed="2,0,0,5,5,135" ten="401,123,248,228" oya="2" hai0="66,45,58,20,39,113,0,60,78,9,7,84,131" hai1="13,82,93,76,70,105,112,12,130,30,121,18,32" hai2="28,53,51,52,97,117,31,27,16,63,87,132,40" hai3="127,61,1,109,79,47,5,21,44,26,77,95,129"/><V57/><F117/><W115/><G109/><T116/><D113/><U10/><E105/><V43/><F132/><W92/><G115/><T35/><D131/><U64/><E112/><V103/><F87/><W89/><G129/><T41/><D35/><U125/><E130/><V88/><F28/><W128/><G128/><T6/><D6/><U15/><E121/><V106/><F88/><W14/><G1/><T33/><D33/><U69/><E93/><V17/><F40/><W23/><G95/><T2/><D20/><U55/><E55/><V48/><F43/><W72/><G23/><T123/><D123/><U25/><E125/><V50/><REACH who="2" step="1"/><F53/><REACH who="2" ten="401,123,238,228" step="2"/><W19/><G89/><T54/><D116/><U22/><E64/><V90/><F90/><W67/><G67/><T11/><D66/><U102/><E102/><V85/><F85/><W91/><G91/><T75/><D84/><U24/><REACH who="1" step="1"/><E10/><REACH who="1" ten="401,113,238,228" step="2"/><V29/><F29/><W101/><G101/><T42/><D11/><U36/><E36/><V74/><F74/><AGARI ba="0,2" hai="12,13,15,18,22,24,25,30,32,69,70,74,76,82" machi="74" ten="40,1300,0" yaku="1,1,53,0" doraHai="135" doraHaiUra="68" who="1" fromWho="2" sc="401,0,113,33,238,-13,228,0" /><INIT seed="3,0,0,4,3,47" ten="401,146,225,228" oya="3" hai0="98,104,80,135,41,22,101,94,130,93,27,134,82" hai1="44,11,67,19,84,33,112,81,14,18,43,38,125" hai2="35,3,63,36,20,88,57,42,72,5,110,34,132" hai3="65,23,48,123,129,108,45,28,60,13,62,68,99"/><W111/><G123/><T116/><D41/><U39/><E125/><V37/><F110/><N who="3" m="42027" /><G129/><T120/><D116/><U52/><E112/><V64/><F132/><N who="0" m="50730" /><D120/><U31/><E67/><V54/><F72/><W53/><G62/><T69/><D69/><U75/><E75/><V26/><F3/><W58/><G99/><N who="0" m="61503" /><D130/><U56/><E38/><V73/><F73/><W71/><G13/><T66/><D66/><U133/><E133/><V102/><F5/><W77/><G77/><T61/><D61/><U85/><E19/><V40/><F102/><W32/><G32/><T78/><D78/><U124/><E124/><V0/><F0/><W6/><G6/><T122/><D122/><U95/><E95/><N who="0" m="36361" /><D98/><U25/><REACH who="1" step="1"/><E81/><REACH who="1" ten="401,136,225,228" step="2"/><V91/><F64/><W86/><G86/><T46/><D82/><U51/><AGARI ba="0,1" hai="11,14,18,25,31,33,39,43,44,51,52,56,84,85" machi="51" ten="20,12000,2" yaku="1,1,2,1,0,1,7,1,52,1,54,1,53,0" doraHai="47" doraHaiUra="17" who="1" fromWho="1" sc="401,-30,136,130,225,-30,228,-60" /><INIT seed="4,0,0,4,4,40" ten="371,266,195,168" oya="0" hai0="75,50,127,110,8,46,25,117,101,98,60,64,47" hai1="17,59,45,89,80,133,109,19,115,57,130,44,87" hai2="48,10,99,26,38,72,34,77,20,93,14,92,79" hai3="56,108,51,86,97,104,134,121,81,131,0,88,123"/><T90/><D117/><U35/><E35/><V1/><F38/><W58/><G108/><T43/><D127/><U6/><E109/><V105/><F72/><W116/><G116/><T84/><D75/><U71/><E71/><V68/><F105/><W132/><G0/><T63/><D110/><U124/><E130/><V16/><F68/><W15/><G131/><T33/><D8/><U76/><E124/><V29/><F93/><W102/><G15/><T30/><D47/><N who="1" m="17995" /><E133/><N who="3" m="51306" /><G51/><T61/><D90/><U73/><E73/><V78/><F48/><W100/><G100/><T66/><REACH who="0" step="1"/><D84/><REACH who="0" ten="361,266,195,168" step="2"/><N who="1" m="48135" /><E115/><V111/><F111/><W82/><G82/><T9/><D9/><U7/><E7/><N who="2" m="1391" /><F77/><W32/><G32/><T41/><D41/><U42/><E42/><V95/><F95/><AGARI ba="0,1" hai="25,30,33,43,46,50,60,61,63,64,66,95,98,101" machi="95" ten="40,7700,0" yaku="1,1,52,1,53,1" doraHai="40" doraHaiUra="96" who="0" fromWho="2" sc="361,87,266,0,195,-77,168,0" /><INIT seed="4,1,0,1,3,112" ten="448,266,118,168" oya="0" hai0="106,38,75,64,60,9,105,107,59,77,68,34,130" hai1="128,62,115,121,27,119,36,52,96,72,111,103,46" hai2="118,31,21,122,0,24,28,87,98,95,81,108,84" hai3="90,49,101,124,25,123,32,45,1,6,40,67,20"/><T82/><D59/><U42/><E72/><V78/><F0/><W50/><G32/><T54/><D54/><U109/><E121/><V26/><F122/><W116/><G123/><T132/><D132/><U120/><E120/><V135/><F108/><W133/><G133/><T127/><D127/><U73/><E73/><V97/><F135/><W83/><G124/><T12/><D130/><U5/><E115/><V13/><F13/><W69/><G101/><T80/><D80/><U76/><E76/><V35/><F118/><W41/><G116/><T53/><D53/><U23/><E5/><V66/><F66/><W4/><G1/><T71/><D68/><U99/><E99/><V43/><F43/><W39/><G39/><T22/><D22/><U56/><E119/><V110/><F110/><W86/><G67/><T85/><D38/><U37/><E37/><V117/><F117/><W44/><REACH who="3" step="1"/><G69/><REACH who="3" ten="448,266,118,158" step="2"/><T94/><D34/><U29/><REACH who="1" step="1"/><E128/><REACH who="1" ten="448,256,118,158" step="2"/><V91/><AGARI ba="1,2" hai="21,24,26,28,31,35,78,81,84,87,91,95,97,98" machi="91" ten="30,1100,0" yaku="0,1" doraHai="112" who="2" fromWho="2" sc="448,-6,256,-4,118,34,158,-4" /><INIT seed="5,0,0,2,0,86" ten="442,252,152,154" oya="1" hai0="71,54,13,120,27,85,36,23,79,46,122,127,131" hai1="9,47,15,49,51,42,39,88,90,14,22,81,7" hai2="67,4,112,19,10,18,68,45,31,129,12,8,84" hai3="2,134,128,30,107,83,60,41,121,82,24,48,113"/><U57/><E81/><V56/><F68/><W34/><G121/><N who="0" m="46699" /><D71/><U106/><E106/><V109/><F109/><W126/><G107/><T115/><D115/><U35/><E35/><V28/><F112/><W92/><G113/><T72/><D131/><U17/><E39/><V99/><F129/><W66/><G128/><T87/><D127/><U20/><E20/><V77/><F45/><W104/><G104/><T70/><D13/><U6/><E6/><V98/><F18/><W117/><G2/><T94/><D70/><U78/><E78/><V32/><F67/><W101/><G126/><T93/><D72/><U74/><E74/><V62/><F32/><W96/><G134/><T69/><D69/><U52/><AGARI ba="0,0" hai="7,9,14,15,17,22,42,47,49,51,52,57,88,90" machi="52" ten="30,18000,2" yaku="0,1,8,1,52,2,54,2" doraHai="86" who="1" fromWho="1" sc="442,-60,252,180,152,-60,154,-60" /><INIT seed="5,1,0,1,5,95" ten="382,432,92,94" oya="1" hai0="105,71,101,107,25,59,29,75,39,46,5,13,40" hai1="56,51,41,87,117,99,49,97,86,44,114,96,68" hai2="32,124,88,48,85,28,79,30,12,130,126,108,36" hai3="129,120,22,4,80,123,43,27,47,55,6,3,90"/><U110/><E68/><V135/><F36/><W15/><G3/><T1/><D13/><U20/><E117/><V53/><F108/><W128/><G55/><T122/><D122/><N who="3" m="46633" /><G15/><T72/><D59/><U127/><E110/><V21/><F32/><W116/><G116/><T125/><D125/><N who="2" m="48234" /><F79/><W10/><G10/><N who="0" m="2351" /><D71/><U111/><E111/><V54/><F130/><N who="3" m="50283" /><G80/><T23/><D23/><U38/><E127/><V60/><F135/><W26/><G90/><T2/><D2/><U7/><E7/><N who="3" m="2602" /><G22/><T8/><D8/><U98/><E114/><V76/><F76/><W106/><G106/><T31/><D107/><U64/><E20/><V52/><F48/><AGARI ba="1,0" hai="26,27,43,47,48" m="2602,50283,46633" machi="48" ten="30,1000,0" yaku="19,1" doraHai="95" who="3" fromWho="2" sc="382,0,432,0,92,-13,94,13" /><INIT seed="6,0,0,5,1,21" ten="382,432,79,107" oya="2" hai0="58,26,85,98,38,2,27,119,10,51,82,93,64" hai1="105,103,104,34,54,23,28,122,31,120,25,53,40" hai2="102,124,83,24,33,133,20,78,48,97,32,72,94" hai3="8,134,55,107,7,112,60,12,89,36,71,87,62"/><V18/><F124/><W77/><G36/><T95/><D38/><U68/><E68/><V92/><F133/><W113/><G107/><N who="1" m="41034" /><E103/><V1/><F1/><W131/><G134/><T135/><D135/><U125/><E125/><V16/><F94/><N who="0" m="35850" /><D2/><U50/><E40/><V121/><F121/><N who="1" m="46697" /><E50/><V11/><REACH who="2" step="1"/><F48/><REACH who="2" ten="382,432,69,107" step="2"/><W47/><G113/><T67/><D119/><U52/><E31/><V13/><AGARI ba="0,1" hai="11,13,16,18,20,24,32,33,72,78,83,92,97,102" machi="13" ten="30,12000,1" yaku="1,1,2,1,0,1,52,1,54,1,53,0" doraHai="21" doraHaiUra="46" who="2" fromWho="2" sc="382,-40,432,-40,69,130,107,-40" /><INIT seed="6,1,0,5,4,90" ten="342,392,199,67" oya="2" hai0="120,45,81,127,73,34,69,14,64,8,105,82,53" hai1="109,114,40,19,118,94,70,99,111,18,37,60,31" hai2="122,108,77,67,20,126,3,80,1,85,38,23,103" hai3="6,131,88,116,9,42,33,79,113,66,46,115,107"/><V93/><F122/><W91/><G116/><T35/><D120/><U22/><E118/><V76/><F38/><W43/><G107/><T4/><D105/><U72/><E72/><V30/><F126/><W16/><G33/><T104/><D104/><U63/><E114/><N who="3" m="43530" /><G131/><T5/><D127/><U117/><E117/><V98/><F108/><W0/><G79/><T51/><D5/><U134/><E134/><V133/><F77/><W59/><G43/><T28/><D73/><U26/><E40/><V130/><F133/><W12/><G59/><T36/><D36/><U68/><E37/><V128/><F67/><W49/><G66/><T102/><D102/><U95/><E99/><V106/><F106/><W48/><G48/><T61/><REACH who="0" step="1"/><D28/><REACH who="0" ten="332,392,199,67" step="2"/><U55/><E31/><V92/><F30/><W124/><G124/><T24/><D24/><U75/><E26/><V101/><F130/><W21/><AGARI ba="1,1" hai="0,6,9,12,16,21,42,46,49,88,91" m="43530" machi="21" ten="30,7900,0" yaku="15,1,11,1,54,2" doraHai="90" who="3" fromWho="3" sc="332,-21,392,-21,199,-40,67,92" /><INIT seed="7,0,0,2,0,94" ten="311,371,159,159" oya="3" hai0="111,91,46,99,115,26,84,10,129,64,21,20,82" hai1="116,32,107,60,27,56,110,87,50,135,114,83,95" hai2="4,92,18,102,63,57,128,2,85,134,61,68,103" hai3="52,118,123,37,67,79,54,22,80,71,29,89,75"/><W34/><G123/><T38/><D129/><U86/><E107/><V39/><F39/><W90/><G118/><T117/><D117/><U0/><E0/><V76/><F128/><W42/><G34/><T6/><D111/><U122/><E110/><V113/><F68/><W72/><G72/><T41/><D64/><U51/><E122/><V120/><F2/><W28/><G28/><T97/><D115/><U1/><E1/><V47/><F4/><W100/><G100/><T119/><D119/><U112/><E135/><V109/><F109/><W40/><G40/><T124/><D124/><U127/><E127/><V35/><F35/><W98/><G90/><T36/><D36/><U130/><E130/><V93/><F113/><N who="1" m="43625" /><E95/><V8/><F93/><N who="3" m="56623" /><G71/><T133/><D133/><U48/><E116/><V15/><F134/><W7/><G7/><T104/><D104/><U17/><E83/><V101/><F92/><W77/><G67/><T55/><D55/><N who="3" m="21033" /><G75/><T43/><D43/><U11/><E32/><V12/><F120/><W73/><G73/><T23/><REACH who="0" step="1"/><D26/><REACH who="0" ten="301,371,159,159" step="2"/><U13/><E27/><V121/><F121/><W74/><G42/><T45/><D45/><U44/><E44/><V125/><F47/><W132/><G37/><T3/><AGARI ba="0,1" hai="3,6,10,20,21,23,38,41,46,82,84,91,97,99" machi="3" ten="30,7900,0" yaku="1,1,0,1,52,2,53,0" doraHai="94" doraHaiUra="9" who="0" fromWho="0" sc="301,89,371,-20,159,-20,159,-39" owari="390,49.0,351,15.0,139,-26.0,120,-38.0" /></mjloggm>