<mjloggm ver="2.3"><GO type="97" lobby="0"/><UN n0="%E9%8A%80%E4%BA%8C%E9%83%8E" n1="%E5%B0%B1%E6%B4%BB%E7%94%9F%40%E5%B7%9D%E6%9D%91%E8%BB%8D%E5%9B%A3" n2="%E3%81%8A%E5%85%84%E6%A7%98" n3="%61%6B%69%79%61%6D%61%30" dan="13,14,15,14" rate="1847.55,1932.77,1991.06,1901.19" sx="M,M,M,M"/><TAIKYOKU oya="0"/><INIT seed="0,0,0,0,1,38" ten="250,250,250,250" oya="0" hai0="116,71,117,120,126,86,105,47,58,59,85,63,79" hai1="107,66,40,77,122,39,119,44,41,114,127,28,34" hai2="129,125,49,23,123,12,112,70,106,132,87,17,76" hai3="92,56,95,57,104,2,53,16,27,18,88,32,21"/><T6/><D120/><U102/><E119/><V26/><F123/><W46/><G104/><T10/><D105/><U51/><E122/><V65/><F112/><W14/><G2/><T37/><D126/><U75/><E114/><V103/><F125/><W82/><G32/><T69/><D79/><U108/><E127/><V118/><F118/><W73/><G73/><T43/><D58/><N who="3" m="22633" /><G53/><T24/><D24/><N who="1" m="18695" /><E41/><V3/><F3/><W115/><G46/><T50/><D117/><U48/><E48/><V45/><F70/><W78/><G78/><T52/><D116/><U62/><E51/><V91/><F65/><W31/><G115/><T33/><D33/><U67/><E67/><V20/><F76/><W5/><G5/><T64/><D71/><N who="1" m="42455" /><E108/><V94/><F106/><W89/><G82/><T60/><D60/><U1/><E1/><AGARI ba="0,0" hai="1,6,10,37,43,47,50,52,59,63,64,69,85,86" machi="1" ten="30,12000,1" yaku="7,1,24,2,52,1,54,1" doraHai="38" who="0" fromWho="1" sc="250,120,250,-120,250,0,250,0" /><INIT seed="0,1,0,2,3,36" ten="370,130,250,250" oya="0" hai0="112,11,109,110,95,108,51,38,76,2,55,24,86" hai1="90,40,121,50,129,71,79,12,74,77,29,6,59" hai2="5,33,87,44,21,62,61,120,70,88,135,27,53" hai3="115,97,81,96,134,22,127,35,130,85,57,10,99"/><T118/><D118/><U131/><E71/><V92/><F120/><W34/><G115/><T26/><D112/><U7/><E121/><V114/><F114/><W31/><G134/><T42/><D95/><U119/><E119/><V125/><F135/><W30/><G130/><N who="1" m="49674" /><E74/><V73/><F73/><W17/><G127/><T78/><D86/><U47/><E29/><V93/><F125/><W9/><G35/><T100/><D100/><U122/><E122/><V8/><F33/><W107/><G107/><T133/><D133/><U116/><E116/><V113/><F113/><W132/><G132/><T18/><D2/><U1/><E1/><V56/><F70/><W126/><G126/><T63/><D63/><U75/><E90/><V69/><F69/><W105/><G105/><T16/><D11/><N who="3" m="4105" /><G57/><N who="0" m="33023" /><D24/><U13/><E59/><V52/><F92/><W58/><G58/><T19/><D26/><U101/><E101/><V45/><F62/><W23/><G34/><T103/><D103/><U3/><E3/><V68/><F68/><W89/><G22/><T67/><D67/><U66/><E66/><V54/><F44/><AGARI ba="1,0" hai="16,18,19,38,42,44,76,78,108,109,110" m="33023" machi="44" ten="40,12000,1" yaku="14,1,10,1,52,1,54,1" doraHai="36" who="0" fromWho="2" sc="370,123,130,0,250,-123,250,0" /><INIT seed="0,2,0,0,2,97" ten="493,130,127,250" oya="0" hai0="70,83,50,127,41,84,40,117,109,98,132,124,46" hai1="81,16,34,89,47,94,91,23,68,66,44,52,6" hai2="92,9,133,111,102,116,63,100,51,24,26,121,75" hai3="32,122,2,105,128,129,104,113,71,126,37,82,93"/><T74/><D117/><U17/><E34/><V76/><F121/><W13/><RYUUKYOKU type="yao9" ba="2,0" sc="493,0,130,0,127,0,250,0" hai3="2,13,32,37,71,82,93,104,105,113,122,126,128,129" /><INIT seed="0,3,0,2,0,64" ten="493,130,127,250" oya="0" hai0="32,17,116,34,36,78,93,69,42,132,80,3,2" hai1="83,66,54,107,37,30,82,130,48,24,108,1,114" hai2="19,115,5,29,118,120,70,126,88,8,119,123,18" hai3="105,31,73,45,60,67,47,95,113,111,106,103,112"/><T7/><D116/><U62/><E37/><V92/><F115/><W21/><G73/><N who="0" m="43087" /><D93/><U135/><E107/><V59/><F29/><W33/><G33/><N who="0" m="12907" /><D17/><U46/><E114/><V35/><F35/><W26/><G113/><T4/><D4/><U23/><E1/><N who="0" m="9" /><D7/><U53/><E130/><V131/><F131/><W50/><G112/><T51/><D51/><U89/><E135/><V129/><F129/><W87/><G105/><T38/><D132/><U133/><E133/><V81/><F5/><W94/><G106/><T98/><D98/><U63/><E108/><V100/><F8/><W10/><G10/><T55/><D55/><U14/><E14/><V27/><F27/><W75/><G75/><T65/><D42/><U9/><E9/><V61/><F119/><W25/><G25/><T134/><D134/><U125/><E125/><V84/><F118/><W74/><G74/><T76/><D76/><U90/><E54/><V6/><F126/><W39/><G94/><T102/><D102/><U85/><E66/><V41/><F6/><W91/><G103/><T71/><D65/><U127/><E127/><V56/><F41/><N who="3" m="22719" /><G67/><T110/><D110/><U79/><E79/><V128/><F128/><W77/><G77/><T12/><D12/><U121/><E121/><V99/><F123/><W11/><G11/><T57/><D57/><N who="2" m="22090" /><F120/><W16/><G111/><T68/><AGARI ba="3,0" hai="36,38,68,69,71" m="9,12907,43087" machi="68" ten="40,12000,1" yaku="33,2,52,3" doraHai="64" who="0" fromWho="0" sc="493,129,130,-43,127,-43,250,-43" /><INIT seed="0,4,0,5,3,69" ten="622,87,84,207" oya="0" hai0="128,103,48,70,133,46,72,16,62,60,26,30,17" hai1="63,80,7,94,122,125,88,61,97,120,2,126,93" hai2="10,11,59,89,18,5,79,21,54,134,55,87,121" hai3="24,109,15,52,119,101,127,110,25,106,20,35,77"/><T124/><D72/><U9/><E80/><V95/><F121/><W112/><G119/><T66/><D124/><N who="1" m="47723" /><E94/><V78/><F134/><W47/><G127/><T1/><D133/><U75/><E75/><V32/><F32/><W44/><G112/><T50/><D1/><U68/><E68/><V123/><F123/><AGARI ba="4,0" hai="2,7,9,61,63,88,93,97,120,122,123" m="47723" machi="123" ten="30,2000,0" yaku="18,1,54,1" doraHai="69" who="1" fromWho="2" sc="622,0,87,32,84,-32,207,0" /><INIT seed="1,0,0,5,3,11" ten="622,119,52,207" oya="1" hai0="124,28,119,111,91,60,65,64,67,55,13,80,44" hai1="21,14,72,49,51,58,93,22,30,5,95,35,116" hai2="103,70,15,12,74,127,48,18,39,104,53,23,52" hai3="114,33,24,133,89,26,120,134,130,19,45,27,88"/><U59/><E72/><V71/><F39/><W16/><G120/><T101/><D111/><U83/><E116/><V68/><F74/><W117/><G114/><T66/><D124/><U90/><E35/><V36/><F36/><W82/><G33/><T43/><D101/><U54/><E83/><V99/><F127/><W8/><G130/><T123/><D28/><U69/><E69/><V126/><F126/><W135/><G117/><T96/><D123/><U41/><E30/><V75/><F75/><W131/><G131/><T46/><D96/><U118/><E118/><V76/><F76/><W4/><G45/><T128/><D128/><U81/><E81/><V32/><F32/><W121/><G121/><T112/><D112/><U42/><E93/><V92/><F104/><W78/><G78/><T37/><D91/><N who="3" m="34889" /><G82/><T38/><D80/><U85/><E42/><V113/><F113/><W132/><G132/><T108/><D108/><U47/><REACH who="1" step="1"/><E58/><REACH who="1" ten="622,109,52,207" step="2"/><V84/><F84/><W125/><G125/><T109/><D119/><U25/><E25/><V129/><F129/><W107/><G107/><T56/><D109/><U86/><E86/><V31/><F31/><W1/><AGARI ba="0,1" hai="1,4,8,16,19,24,26,27,133,134,135" m="34889" machi="1" ten="40,5200,0" yaku="20,1,54,2" doraHai="11" who="3" fromWho="3" sc="622,-13,109,-26,52,-13,207,62" /><INIT seed="2,0,0,1,0,119" ten="609,83,39,269" oya="2" hai0="58,95,39,128,8,74,10,3,132,97,56,31,60" hai1="114,5,73,126,4,48,70,28,19,34,26,98,96" hai2="66,42,30,49,59,53,77,124,111,55,117,57,65" hai3="131,105,108,90,9,113,24,63,7,11,130,54,76"/><V99/><F117/><W43/><G105/><T18/><D74/><U46/><E114/><V83/><F30/><W125/><G108/><T135/><D39/><U12/><E73/><V129/><F111/><W51/><G125/><T14/><D31/><U123/><E70/><V103/><F124/><W72/><G113/><T36/><D36/><U110/><E126/><V62/><F42/><W27/><G43/><T92/><D128/><N who="3" m="49193" /><G63/><T41/><D41/><U52/><E110/><V86/><REACH who="2" step="1"/><F129/><REACH who="2" ten="609,83,29,269" step="2"/><W133/><G133/><T91/><D135/><U33/><E33/><V6/><F6/><W93/><G7/><T107/><D132/><U32/><E32/><V84/><F84/><W80/><G72/><T100/><D3/><U118/><E118/><V22/><F22/><W112/><G112/><T134/><D134/><U87/><E87/><V109/><F109/><W122/><G9/><T127/><D8/><U78/><E123/><V120/><F120/><W15/><G11/><T47/><D127/><U89/><E4/><V37/><F37/><W29/><G122/><T40/><D40/><U45/><E5/><V88/><F88/><W16/><G29/><T102/><D91/><U38/><E38/><V68/><F68/><W79/><G90/><T101/><D10/><N who="1" m="6551" /><E89/><V20/><F20/><W25/><G79/><T121/><D121/><U21/><E34/><V61/><F61/><W35/><G76/><T44/><D60/><U116/><E78/><V115/><F115/><W23/><G23/><T69/><D69/><U81/><E116/><V75/><F75/><W2/><G35/><RYUUKYOKU ba="0,1" sc="609,-10,83,-10,29,30,269,-10" hai2="49,53,55,57,59,62,65,66,77,83,86,99,103" /><INIT seed="2,1,1,2,5,84" ten="599,73,59,259" oya="2" hai0="121,39,113,64,109,114,18,134,116,50,125,126,79" hai1="26,102,10,131,90,96,110,104,36,94,61,32,91" hai2="55,77,128,42,4,112,80,51,52,57,83,17,35" hai3="119,124,0,68,117,40,69,118,129,29,107,28,120"/><V123/><F112/><N who="0" m="43114" /><D79/><U33/><E36/><V75/><F123/><W7/><G107/><T43/><D18/><U6/><E131/><V37/><F128/><W56/><G129/><T15/><D15/><U34/><E110/><V44/><F35/><W63/><G120/><T87/><D87/><U54/><E26/><V48/><F83/><W133/><G40/><T5/><D5/><U97/><E61/><V76/><F76/><W22/><G133/><T38/><D109/><U2/><REACH who="1" step="1"/><E54/><REACH who="1" ten="599,63,59,259" step="2"/><V98/><F4/><W70/><G63/><T93/><D121/><U19/><E19/><V24/><F98/><W108/><G28/><T47/><D116/><U9/><E9/><V49/><REACH who="2" step="1"/><F55/><REACH who="2" ten="599,63,49,259" step="2"/><W92/><G118/><T85/><D134/><U12/><E12/><V53/><F53/><W21/><G117/><T88/><D64/><U45/><E45/><V130/><F130/><W14/><G119/><T25/><D25/><U67/><E67/><V16/><F16/><W106/><G7/><T100/><D39/><U78/><E78/><V41/><F41/><W86/><G29/><T1/><D38/><U81/><E81/><V62/><F62/><W95/><G0/><T65/><D65/><U8/><E8/><V115/><F115/><W99/><G99/><T3/><D43/><U31/><E31/><V89/><F89/><AGARI ba="1,3" hai="2,6,10,32,33,34,89,90,91,94,96,97,102,104" machi="89" ten="40,8000,1" yaku="1,1,52,3,53,0" doraHai="84" doraHaiUra="111" who="1" fromWho="2" sc="599,0,63,113,49,-83,259,0" owari="599,69.0,176,-22.0,-34,-53.0,259,6.0" /></mjloggm>