<mjloggm ver="2.3"><GO type="169" lobby="0"/><UN n0="%E3%82%A6%E3%83%AB%E3%83%88%E3%83%A9%E7%AB%8B%E7%9B%B4" n1="%73%68%69%6E%6F%21%21" n2="%4E%6E%31%33%34" n3="%E5%8E%9F%E4%BA%BA%E3%81%A1%E3%82%83%E3%82%93" dan="17,16,16,16" rate="2170.91,2149.25,2126.35,2032.96" sx="M,M,M,M"/><TAIKYOKU oya="0"/><INIT seed="0,0,0,3,2,10" ten="250,250,250,250" oya="0" hai0="55,65,60,49,8,13,88,90,61,116,106,103,84" hai1="76,92,20,33,68,79,71,113,43,26,122,134,72" hai2="67,1,82,46,135,47,87,38,52,114,17,118,108" hai3="80,51,102,19,63,128,54,25,132,81,48,131,121"/><T83/><D116/><U117/><E117/><V39/><F118/><W15/><G121/><T119/><D119/><U86/><E122/><V45/><F1/><W0/><G0/><T120/><D120/><U37/><E33/><V101/><F114/><W75/><G132/><T129/><D129/><N who="3" m="49737" /><G102/><T77/><D103/><U12/><E134/><V91/><F108/><W95/><G25/><T34/><D106/><U98/><E113/><V31/><F31/><W36/><G36/><T18/><D34/><U42/><E72/><V94/><F67/><W107/><G107/><T5/><D5/><U70/><E37/><V53/><F135/><W24/><G24/><T85/><D65/><U105/><E105/><V29/><F29/><W58/><G95/><N who="0" m="54663" /><D77/><U69/><E69/><V14/><F38/><W93/><G93/><T109/><D109/><U16/><E26/><V126/><F126/><W3/><G3/><T125/><D125/><U66/><E66/><V133/><F39/><W7/><G7/><T112/><D112/><U56/><E56/><AGARI ba="0,0" hai="8,13,18,49,55,56,60,61,83,85,90" m="54663" machi="56" ten="30,5800,0" yaku="8,1,52,1,54,1" doraHai="10" who="0" fromWho="1" sc="250,58,250,-58,250,0,250,0" /><INIT seed="0,1,0,4,4,67" ten="308,192,250,250" oya="0" hai0="99,128,42,32,34,47,126,110,49,63,16,6,124" hai1="86,97,72,11,129,104,41,14,69,28,119,8,91" hai2="27,46,78,118,35,7,81,130,65,71,115,48,76" hai3="0,17,24,87,50,90,3,75,61,94,80,45,120"/><T84/><D6/><U39/><E119/><V116/><F115/><W1/><G120/><T111/><D99/><U122/><E72/><V59/><F59/><W33/><G75/><T95/><D95/><U117/><E117/><V2/><F130/><W70/><G80/><T100/><D100/><U60/><E122/><V38/><F78/><W9/><G9/><T83/><D63/><U13/><E28/><N who="2" m="19871" /><F48/><W108/><G108/><N who="0" m="41515" /><D16/><U113/><E113/><V103/><F103/><W37/><G37/><T74/><D74/><U29/><E29/><V88/><F7/><W106/><G106/><T64/><D64/><U77/><E104/><V66/><F66/><W5/><G61/><T85/><D85/><U68/><E86/><V18/><F18/><W57/><G5/><T114/><D114/><U10/><E60/><V105/><F105/><W53/><G57/><T82/><D128/><U44/><E129/><V40/><F2/><W89/><G89/><N who="0" m="51351" /><D83/><U134/><E77/><V133/><F76/><W102/><G102/><T123/><D123/><U43/><E97/><V121/><F121/><W22/><REACH who="3" step="1"/><G33/><AGARI ba="1,0" hai="32,33,34,42,47,49,124,126" m="51351,41515" machi="33" ten="30,2900,0" yaku="14,1,10,1" doraHai="67" who="0" fromWho="3" sc="308,32,192,0,250,0,250,-32" /><INIT seed="0,2,0,5,3,94" ten="340,192,250,218" oya="0" hai0="57,102,58,84,46,79,91,32,115,96,51,20,30" hai1="29,2,53,25,69,124,112,44,77,3,52,59,47" hai2="27,130,88,87,61,6,125,90,85,8,66,17,132" hai3="21,68,50,118,42,12,16,97,135,49,75,54,45"/><T123/><D32/><U1/><E69/><V101/><F132/><W55/><G118/><T92/><D79/><U116/><E116/><V76/><F125/><W36/><G135/><T100/><D115/><U70/><E70/><V113/><F130/><W95/><G68/><T93/><D102/><U10/><E112/><V86/><F76/><W41/><G75/><T128/><D128/><U48/><E124/><V7/><F101/><W133/><G133/><T103/><D103/><U43/><E77/><V114/><F114/><W37/><G37/><T15/><D123/><U107/><E107/><V127/><F127/><W63/><G63/><T22/><D20/><U89/><E89/><V19/><F113/><W78/><G78/><T71/><D71/><U5/><E53/><V62/><F86/><W4/><G4/><T74/><D74/><U13/><REACH who="1" step="1"/><E43/><REACH who="1" ten="340,182,250,218" step="2"/><V108/><F90/><N who="3" m="55543" /><G36/><T121/><D121/><U80/><E80/><V120/><F120/><W99/><G99/><T67/><D96/><U35/><AGARI ba="2,1" hai="1,2,3,5,10,13,25,29,35,44,47,48,52,59" machi="35" ten="30,4000,0" yaku="1,1,0,1,54,1,53,0" doraHai="94" doraHaiUra="134" who="1" fromWho="1" sc="340,-22,182,56,250,-12,218,-12" /><INIT seed="1,0,0,3,0,8" ten="318,238,238,206" oya="1" hai0="119,70,69,67,84,24,112,113,51,2,76,38,0" hai1="72,63,40,93,16,95,59,68,39,46,104,37,131" hai2="135,31,64,86,114,89,5,71,49,25,78,101,116" hai3="106,115,41,121,36,90,120,56,14,124,80,107,32"/><U7/><E104/><V81/><F116/><W11/><G115/><T17/><D38/><U45/><E72/><V132/><F114/><W33/><G107/><T57/><D69/><U53/><E131/><V94/><F5/><W88/><G106/><T130/><D70/><U19/><E7/><V30/><F101/><W110/><G110/><T50/><D2/><U87/><E68/><V85/><F49/><W102/><G102/><T34/><D0/><U9/><E87/><V54/><F54/><W82/><G41/><T15/><D51/><U108/><E108/><V125/><F125/><W83/><G124/><T100/><D100/><U43/><E19/><V28/><REACH who="2" step="1"/><F25/><REACH who="2" ten="318,238,228,206" step="2"/><W3/><G36/><T58/><D50/><U61/><E63/><AGARI ba="0,1" hai="28,30,31,63,64,71,78,81,85,86,89,94,132,135" machi="63" ten="40,2600,0" yaku="1,1,2,1,53,0" doraHai="8" doraHaiUra="42" who="2" fromWho="1" sc="318,0,238,-26,228,36,206,0" /><INIT seed="2,0,0,1,3,27" ten="318,212,264,206" oya="2" hai0="102,78,104,53,111,18,36,45,134,30,122,124,117" hai1="33,91,92,75,8,85,133,96,71,48,35,70,108" hai2="97,24,0,5,129,3,106,119,69,76,51,31,116" hai3="73,16,109,87,52,6,56,99,128,42,60,47,64"/><V46/><F69/><W4/><G73/><T132/><D122/><U121/><E75/><V101/><F129/><W65/><G128/><T95/><D104/><U29/><E121/><V127/><F127/><W26/><G109/><T68/><D68/><U14/><E108/><V82/><F0/><W98/><G87/><T126/><D78/><U66/><E133/><N who="0" m="51305" /><D18/><U41/><E35/><V81/><F81/><W100/><G42/><T13/><D13/><U19/><E66/><N who="3" m="25706" /><G47/><T25/><D111/><U39/><E39/><V105/><F105/><W55/><G55/><T11/><D11/><U54/><E41/><V17/><F17/><W40/><G40/><N who="0" m="22663" /><D53/><U59/><REACH who="1" step="1"/><E85/><REACH who="1" ten="318,202,264,206" step="2"/><V20/><F119/><W103/><G99/><N who="0" m="59775" /><D117/><U10/><E10/><V37/><F116/><W15/><G26/><AGARI ba="0,1" hai="8,14,19,26,29,33,48,54,59,70,71,91,92,96" machi="26" ten="40,2600,0" yaku="1,1,52,1,53,0" doraHai="27" doraHaiUra="77" who="1" fromWho="3" sc="318,0,202,36,264,0,206,-26" /><INIT seed="3,0,0,4,0,24" ten="318,238,264,180" oya="3" hai0="124,36,87,60,92,99,3,128,46,85,26,121,42" hai1="25,38,40,32,37,64,93,52,57,90,135,68,94" hai2="111,83,30,96,123,89,106,63,78,133,58,51,73" hai3="101,115,9,79,70,27,76,17,55,56,15,82,132"/><W39/><G115/><T116/><D3/><U2/><E2/><V134/><F111/><W102/><G70/><T81/><D121/><U34/><E135/><N who="2" m="51723" /><F123/><W31/><G132/><T98/><D124/><U45/><E38/><V104/><F51/><W105/><G39/><T23/><D128/><U28/><E34/><V95/><F30/><W49/><G105/><T10/><D10/><U125/><E125/><V109/><F109/><W71/><G71/><T88/><D60/><N who="1" m="39943" /><E90/><V86/><F58/><W130/><G130/><T75/><D75/><U66/><E66/><V118/><F63/><W6/><G6/><T113/><D113/><U50/><AGARI ba="0,0" hai="25,28,32,37,40,45,50,52,57,93,94" m="39943" machi="50" ten="30,4000,0" yaku="24,1,52,1,54,1" doraHai="24" who="1" fromWho="1" sc="318,-10,238,40,264,-10,180,-20" /><INIT seed="4,0,0,4,5,63" ten="308,278,254,160" oya="0" hai0="13,130,64,43,109,104,117,114,88,31,53,38,82" hai1="97,48,93,40,4,111,68,135,59,14,27,129,22" hai2="35,119,90,84,73,10,26,107,37,17,1,75,46" hai3="66,20,0,34,121,79,95,125,58,6,110,57,91"/><T74/><D104/><U7/><E68/><V112/><F107/><W51/><G110/><T19/><D117/><U24/><E111/><V83/><F119/><W56/><G34/><T126/><D43/><U45/><E129/><V30/><F112/><W92/><G125/><T118/><D38/><U86/><E135/><V98/><F98/><W62/><G121/><T113/><D31/><U21/><E86/><V80/><F80/><W12/><G0/><T115/><D118/><U41/><E41/><V39/><F39/><W99/><G79/><T100/><D100/><U60/><E14/><V52/><F37/><W54/><G95/><T103/><D103/><N who="1" m="60847" /><E22/><V85/><F85/><W23/><REACH who="3" step="1"/><G57/><REACH who="3" ten="308,278,254,150" step="2"/><T122/><D122/><U106/><E106/><V61/><F1/><W11/><AGARI ba="0,1" hai="6,11,12,20,23,51,54,56,58,62,66,91,92,99" machi="11" ten="30,12000,2" yaku="1,1,2,1,0,1,8,1,52,1,53,1" doraHai="63" doraHaiUra="3" who="3" fromWho="3" sc="308,-60,278,-30,254,-30,150,130" /><INIT seed="5,0,0,2,3,24" ten="248,248,224,280" oya="1" hai0="68,132,83,21,78,22,70,54,123,6,86,25,3" hai1="99,77,17,61,115,88,103,96,26,72,107,19,95" hai2="37,23,133,116,64,16,39,59,130,75,57,32,97" hai3="30,105,29,131,31,33,28,76,43,60,58,109,45"/><U66/><E115/><V126/><F116/><W35/><G109/><T117/><D117/><U106/><E106/><V71/><F32/><W15/><G105/><T12/><D3/><U89/><E89/><V7/><F75/><W108/><G108/><T2/><D2/><U0/><E0/><V98/><F7/><W85/><G131/><T114/><D132/><U122/><E122/><V87/><F130/><W110/><G110/><T81/><D54/><U62/><E62/><V5/><F5/><W42/><G15/><T11/><D114/><U124/><E124/><V53/><F133/><W134/><G134/><T120/><D22/><U73/><E77/><V41/><F71/><W113/><G113/><T34/><D34/><U51/><E51/><N who="2" m="30911" /><F41/><W10/><G10/><T93/><D83/><U20/><REACH who="1" step="1"/><E19/><REACH who="1" ten="248,238,224,280" step="2"/><V65/><F126/><W46/><G76/><T100/><D120/><U27/><E27/><V121/><F121/><W4/><G60/><T44/><D123/><U102/><E102/><V13/><F37/><W129/><G129/><T49/><D100/><U91/><E91/><V55/><F39/><W8/><G35/><T9/><D78/><U111/><E111/><V40/><F16/><W82/><G33/><T79/><D25/><U48/><E48/><V84/><F13/><N who="3" m="5255" /><G31/><T56/><D12/><U94/><E94/><V118/><F118/><W52/><G82/><T18/><D81/><U90/><E90/><V1/><F1/><W74/><G30/><T69/><D93/><U47/><E47/><V135/><F135/><W101/><G46/><T112/><D44/><RYUUKYOKU ba="0,1" sc="248,-10,238,30,224,-10,280,-10" hai1="17,20,26,61,66,72,73,88,95,96,99,103,107" /><INIT seed="5,1,1,0,2,59" ten="238,268,214,270" oya="1" hai0="115,58,92,41,43,75,48,30,109,103,62,49,52" hai1="77,116,98,22,33,99,32,50,122,135,67,47,24" hai2="124,128,70,94,66,39,8,21,82,134,56,15,20" hai3="112,26,28,5,93,64,87,68,61,104,114,125,4"/><U83/><E116/><V118/><F39/><W16/><G125/><T12/><D75/><U91/><E122/><V38/><F38/><W3/><G104/><T111/><D30/><U78/><E135/><V14/><F118/><W11/><G5/><T131/><D92/><U9/><E9/><V25/><F70/><W23/><G93/><T88/><D88/><U10/><E10/><V107/><F107/><W55/><G87/><T40/><D103/><U2/><E2/><V123/><F123/><W27/><REACH who="3" step="1"/><G55/><REACH who="3" ten="238,268,214,260" step="2"/><T45/><D131/><U34/><E98/><V133/><F124/><W119/><G119/><T44/><D12/><U72/><E99/><V105/><F105/><W106/><G106/><T19/><D19/><U31/><E72/><V65/><F94/><W76/><G76/><T57/><D115/><U126/><E126/><V113/><F113/><W86/><G86/><T132/><D132/><U1/><E78/><V89/><F128/><W51/><G51/><N who="0" m="30879" /><D40/><U13/><E77/><V127/><F127/><W120/><G120/><T110/><D110/><U63/><E13/><V46/><F15/><W96/><G96/><T80/><D80/><U129/><E129/><V74/><F74/><W60/><G60/><T0/><D0/><U18/><E1/><V69/><F14/><W29/><G29/><T81/><D81/><U85/><E31/><V121/><F82/><W90/><G90/><T6/><D6/><U17/><E17/><V84/><F134/><W102/><G102/><T42/><D42/><N who="1" m="24951" /><E63/><N who="2" m="40127" /><F133/><W37/><G37/><T71/><D71/><U100/><E100/><RYUUKYOKU ba="1,2" sc="238,10,268,10,214,-30,260,10" hai0="41,43,44,45,48,49,58,62,109,111" hai1="18,22,24,32,33,34,67,83,85,91" hai3="3,4,11,16,23,26,27,28,61,64,68,112,114" /><INIT seed="5,2,2,5,1,5" ten="248,278,184,270" oya="1" hai0="82,53,93,37,35,16,81,83,118,112,77,78,4" hai1="90,88,41,87,18,47,59,101,44,100,51,22,1" hai2="133,57,121,116,6,9,85,96,97,98,125,52,103" hai3="26,46,17,40,25,127,135,117,24,68,94,102,29"/><U119/><E119/><V0/><F121/><W120/><G120/><T60/><D35/><U115/><E1/><V126/><F116/><W66/><G117/><T92/><D37/><U8/><E115/><V14/><F133/><W27/><G135/><T104/><D104/><U31/><E47/><V67/><F67/><W84/><G127/><N who="2" m="48649" /><F85/><W49/><G68/><T79/><D4/><U113/><E113/><V23/><F23/><N who="3" m="15615" /><G66/><T109/><D109/><U95/><E59/><V89/><F89/><N who="3" m="53543" /><G102/><T69/><D69/><U63/><E63/><N who="2" m="36263" /><F0/><W3/><G3/><T55/><D118/><U42/><E42/><V86/><F86/><W128/><G128/><T71/><D71/><U38/><E38/><V43/><F43/><W39/><G39/><T13/><D112/><U130/><E130/><V72/><F72/><W123/><G123/><T11/><D60/><U74/><E74/><V105/><AGARI ba="2,2" hai="6,9,14,96,97,98,103,105" m="36263,48649" machi="105" ten="30,4000,0" yaku="18,1,52,1,54,1" doraHai="5" who="2" fromWho="2" sc="248,-12,278,-22,184,66,270,-12" /><INIT seed="6,0,0,3,3,83" ten="236,256,250,258" oya="2" hai0="28,3,31,89,113,78,61,0,90,14,93,45,44" hai1="134,96,29,74,21,20,48,86,120,50,91,79,85" hai2="51,62,71,101,75,95,2,121,12,15,57,114,69" hai3="97,30,43,11,135,26,34,9,99,76,108,125,35"/><V56/><F2/><W73/><G108/><T119/><D61/><U122/><E74/><V128/><F75/><W87/><G73/><T70/><D14/><U84/><E79/><V13/><F121/><N who="1" m="46697" /><E134/><V102/><F114/><W116/><G116/><T63/><D63/><U16/><E29/><V37/><F128/><W24/><G135/><T67/><D78/><U23/><E16/><V38/><F13/><W88/><G76/><T81/><D81/><U41/><E41/><V52/><F62/><W133/><G133/><T130/><D130/><U123/><E123/><V106/><F51/><N who="1" m="19497" /><E96/><V53/><REACH who="2" step="1"/><F95/><AGARI ba="0,0" hai="20,21,23,84,85,86,91,95" m="19497,46697" machi="95" ten="30,7700,0" yaku="13,1,52,3" doraHai="83" who="1" fromWho="2" sc="236,0,256,77,250,-77,258,0" /><INIT seed="7,0,0,1,3,84" ten="236,333,173,258" oya="3" hai0="40,130,32,3,22,19,13,57,26,7,131,33,125" hai1="16,21,72,91,39,49,115,34,124,54,58,129,112" hai2="77,0,25,23,120,88,69,20,99,31,74,17,134" hai3="41,51,117,113,30,92,28,104,6,1,110,29,9"/><W68/><G104/><T122/><D40/><U10/><E39/><V18/><F69/><W102/><G68/><T36/><D57/><U126/><E72/><V47/><F0/><W111/><G117/><T12/><D36/><U44/><E34/><N who="0" m="13417" /><D122/><U43/><E129/><N who="0" m="49161" /><D125/><N who="1" m="48235" /><E91/><V106/><F120/><W15/><G113/><T108/><D108/><N who="3" m="41513" /><G41/><T73/><D73/><U50/><E10/><AGARI ba="0,0" hai="3,7,10,12,13,19,22,26" m="49161,13417" machi="10" ten="30,3900,0" yaku="19,1,34,2" doraHai="84" who="0" fromWho="1" sc="236,39,333,-39,173,0,258,0" /><INIT seed="8,0,0,1,0,37" ten="275,294,173,258" oya="0" hai0="16,89,70,25,43,14,121,24,69,34,78,42,95" hai1="44,97,132,11,111,29,85,28,118,0,114,87,112" hai2="106,105,92,1,107,5,23,17,68,58,21,2,99" hai3="86,46,9,127,40,131,90,48,19,45,115,84,61"/><T79/><D70/><U110/><E118/><V135/><F68/><W120/><G115/><N who="1" m="44074" /><E132/><V57/><F135/><W20/><G131/><T30/><D69/><U109/><E97/><V27/><F23/><W22/><G127/><T82/><D121/><U12/><E0/><V125/><F125/><W76/><G120/><T59/><D59/><U50/><E87/><V6/><F1/><W77/><G61/><T113/><D113/><U101/><E85/><N who="3" m="32874" /><G90/><T96/><D34/><U134/><E101/><V80/><F80/><W119/><G119/><T129/><D129/><U39/><E39/><V100/><REACH who="2" step="1"/><F6/><REACH who="2" ten="275,294,163,258" step="2"/><W83/><G83/><T130/><D82/><U53/><E134/><V56/><F56/><W123/><G123/><T98/><D79/><N who="3" m="30281" /><G46/><T54/><D78/><U60/><E60/><V93/><F93/><W122/><G122/><T81/><D81/><U55/><E55/><V71/><F71/><W13/><AGARI ba="0,1" hai="9,13,19,20,22,40,45,48" m="30281,32874" machi="13" ten="30,2000,0" yaku="8,1,52,1" doraHai="37" who="3" fromWho="3" sc="275,-10,294,-5,163,-5,258,30" /><INIT seed="9,0,0,3,0,125" ten="265,289,158,288" oya="1" hai0="86,28,55,32,13,100,113,68,123,59,6,24,54" hai1="20,29,38,83,75,4,64,74,8,5,133,47,40" hai2="34,62,117,31,110,105,58,106,44,77,39,9,49" hai3="42,95,67,19,48,122,90,127,129,36,128,71,3"/><U52/><E64/><V53/><F117/><W70/><G122/><T96/><D68/><U102/><E102/><V84/><F110/><W109/><G109/><T116/><D116/><U82/><E52/><V60/><F60/><W135/><G127/><T94/><D113/><U1/><E4/><V97/><F39/><W15/><G3/><T21/><D123/><U92/><E92/><V14/><F34/><W26/><G26/><T120/><D120/><U37/><E37/><V72/><F72/><W0/><G0/><T99/><D86/><U12/><E133/><V30/><F106/><W81/><G81/><T101/><D59/><U18/><REACH who="1" step="1"/><E29/><REACH who="1" ten="265,279,158,288" step="2"/><V131/><F105/><W107/><G107/><T22/><D6/><U80/><AGARI ba="0,1" hai="1,5,8,12,18,20,38,40,47,74,75,80,82,83" machi="80" ten="30,11700,0" yaku="1,1,2,1,0,1,53,1" doraHai="125" doraHaiUra="41" who="1" fromWho="1" sc="265,-39,279,127,158,-39,288,-39" owari="226,-17.0,406,50.0,119,-38.0,249,5.0" /></mjloggm>