<mjloggm ver="2.3"><GO type="169" lobby="0"/><UN n0="%CE%BC%E3%81%97%E3%82%82%E3%81%A7" n1="%E3%82%A6%E3%83%AB%E3%83%88%E3%83%A9%E7%AB%8B%E7%9B%B4" n2="%E9%81%8A%E8%B5%B0" n3="%E3%83%A4%E3%82%AD%E3%83%B3" dan="17,17,16,17" rate="2161.51,2184.59,2194.27,2166.47" sx="M,M,M,M"/><TAIKYOKU oya="0"/><INIT seed="0,0,0,3,0,20" ten="250,250,250,250" oya="0" hai0="68,115,96,52,126,62,128,61,121,84,66,21,39" hai1="42,59,45,125,12,64,104,102,71,111,109,44,33" hai2="51,130,32,54,127,15,3,132,88,98,19,13,35" hai3="93,118,5,4,103,83,14,89,87,129,94,23,29"/><T113/><D39/><U0/><E0/><V55/><F3/><W7/><G118/><T81/><D121/><U72/><E72/><V56/><F130/><W37/><G37/><T57/><D128/><U43/><E12/><V99/><F132/><W41/><G41/><T26/><D126/><U106/><E33/><V11/><F127/><W50/><G129/><T95/><D81/><U48/><E102/><V40/><F40/><W134/><G134/><T8/><D8/><U24/><E59/><V110/><F110/><N who="1" m="41993" /><E125/><V82/><F13/><W119/><G50/><T114/><D84/><U34/><E64/><V10/><F10/><W65/><G65/><T76/><D76/><U69/><E71/><V131/><F131/><W74/><G74/><T67/><D67/><U80/><E80/><V36/><F36/><W101/><G119/><T49/><D49/><N who="1" m="26775" /><E69/><V105/><F105/><W108/><G108/><T6/><D6/><U1/><E1/><V124/><F124/><W75/><G75/><T38/><D38/><U77/><E77/><V2/><F2/><W78/><G14/><T9/><D9/><U73/><E73/><V46/><F32/><W86/><G94/><T91/><D115/><U90/><E90/><V112/><F35/><W63/><G63/><T133/><D133/><U18/><E18/><AGARI ba="0,0" hai="18,21,26,52,57,61,62,66,68,91,95,96,113,114" machi="18" ten="30,12000,1" yaku="7,1,25,2,52,1,54,1" doraHai="20" who="0" fromWho="1" sc="250,120,250,-120,250,0,250,0" /><INIT seed="0,1,0,0,4,26" ten="370,130,250,250" oya="0" hai0="12,56,123,55,93,45,113,103,98,29,44,63,48" hai1="89,40,49,77,35,117,33,94,81,52,0,70,42" hai2="43,13,54,104,72,11,2,135,62,3,32,120,125" hai3="18,108,129,87,30,20,112,101,132,58,82,86,68"/><T61/><D123/><U78/><E70/><V22/><F120/><W4/><G68/><T39/><D113/><U34/><E0/><V85/><F72/><W25/><G112/><T91/><D39/><U110/><E117/><V102/><F32/><W115/><G115/><T19/><D103/><U83/><E110/><V75/><F75/><W60/><G108/><T27/><D44/><U16/><E78/><V8/><F43/><W111/><G111/><T76/><D76/><U24/><E81/><V59/><F135/><W37/><G37/><T128/><D128/><U134/><E134/><V7/><F125/><W1/><G129/><T90/><D90/><U17/><E42/><V100/><F85/><W28/><G101/><T47/><D47/><U95/><E40/><V114/><F114/><W38/><G38/><T69/><D69/><U73/><E24/><V119/><F119/><W127/><G127/><T31/><D27/><U97/><REACH who="1" step="1"/><E95/><REACH who="1" ten="370,120,250,250" step="2"/><V107/><F107/><W14/><G1/><T10/><D63/><U9/><E9/><V64/><F104/><W66/><G132/><T118/><D118/><U84/><E84/><V41/><F41/><AGARI ba="1,1" hai="10,12,19,29,31,41,45,48,55,56,61,91,93,98" machi="41" ten="30,11600,0" yaku="7,1,8,1,52,2" doraHai="26" who="0" fromWho="2" sc="370,129,120,0,250,-119,250,0" /><INIT seed="0,2,0,2,5,2" ten="499,120,131,250" oya="0" hai0="101,67,64,36,21,79,9,61,55,33,39,12,130" hai1="114,17,92,22,65,112,94,93,46,111,10,73,8" hai2="74,37,48,40,6,120,4,89,5,116,13,53,105" hai3="84,58,71,45,56,131,54,127,118,0,78,19,77"/><T85/><D33/><U27/><E73/><V117/><F120/><W47/><G71/><T90/><D130/><U126/><E111/><V31/><F105/><W49/><G118/><N who="2" m="45673" /><F74/><W16/><G0/><T43/><D101/><U44/><E65/><V29/><F37/><W125/><G131/><T110/><D110/><U42/><E126/><N who="3" m="48138" /><G58/><T70/><D67/><U81/><E81/><V41/><F13/><W133/><G133/><T32/><D32/><U62/><E62/><V68/><F68/><W3/><G3/><T69/><D69/><U11/><REACH who="1" step="1"/><E42/><REACH who="1" ten="499,110,131,250" step="2"/><N who="2" m="16491" /><F89/><W113/><G113/><AGARI ba="2,1" hai="8,10,11,17,22,27,44,46,92,93,94,112,113,114" machi="113" ten="50,3200,0" yaku="1,1,11,1,53,0" doraHai="2" doraHaiUra="30" who="1" fromWho="3" sc="499,0,110,48,131,0,250,-38" /><INIT seed="1,0,0,1,4,118" ten="499,158,131,212" oya="1" hai0="33,84,120,78,48,128,31,72,2,64,25,22,6" hai1="60,93,69,127,114,12,38,40,108,81,21,96,5" hai2="123,107,94,23,0,119,100,20,112,88,36,16,70" hai3="50,105,41,3,39,71,133,44,59,110,131,99,43"/><U58/><E114/><V115/><F119/><W54/><G3/><T83/><D128/><U53/><E127/><V116/><F116/><W35/><G35/><T129/><D129/><U4/><E69/><V46/><F70/><W13/><G131/><T55/><D64/><U67/><E108/><V51/><F36/><W14/><G110/><T77/><D33/><U80/><E38/><V89/><F0/><W97/><G43/><T7/><D2/><U126/><E40/><V95/><F107/><W101/><G133/><T9/><D9/><U79/><E126/><V73/><F73/><W56/><G56/><T62/><D62/><U87/><E67/><V15/><F123/><W109/><G109/><T28/><D28/><U132/><E132/><V19/><F100/><W42/><G42/><T24/><D24/><U29/><E81/><V8/><F8/><W102/><REACH who="3" step="1"/><G71/><REACH who="3" ten="499,158,131,202" step="2"/><T18/><D72/><U76/><E76/><V68/><F68/><W17/><G17/><T106/><D77/><U92/><E29/><V30/><F30/><W1/><G1/><T10/><D31/><U26/><E5/><V124/><F124/><W61/><G61/><T66/><D6/><U27/><E4/><V32/><F32/><W57/><G57/><T82/><D7/><U125/><E125/><V47/><F51/><W135/><G135/><T117/><D117/><U52/><E53/><V37/><F37/><W75/><G75/><T86/><D55/><U45/><E45/><V122/><F122/><W130/><G130/><T103/><D120/><U74/><E74/><V111/><F111/><RYUUKYOKU ba="0,1" sc="499,-15,158,-15,131,15,202,15" hai2="15,16,19,20,23,46,47,88,89,94,95,112,115" hai3="13,14,39,41,44,50,54,59,97,99,101,102,105" /><INIT seed="2,1,1,1,5,102" ten="484,143,146,217" oya="2" hai0="111,42,106,113,124,53,78,122,123,125,7,37,95" hai1="46,52,117,114,48,86,90,109,120,23,74,38,76" hai2="55,89,40,88,17,66,22,2,68,50,107,18,85" hai3="27,14,49,135,0,69,105,108,96,57,110,93,134"/><V31/><F2/><W84/><G69/><T67/><D7/><U75/><E117/><V54/><F107/><W116/><G0/><T82/><D67/><U130/><E114/><V131/><F131/><W45/><G57/><T115/><D42/><U72/><E130/><V6/><F6/><W43/><G116/><T99/><D37/><U128/><E128/><V126/><F126/><N who="0" m="48746" /><D53/><N who="2" m="19978" /><F66/><W132/><G14/><T3/><D3/><U91/><E120/><N who="0" m="46121" /><D111/><U47/><E109/><N who="3" m="42090" /><G27/><T127/><D127/><U100/><E38/><V36/><F68/><W65/><G65/><T41/><D41/><U133/><E46/><N who="2" m="25927" /><F36/><W98/><G105/><T13/><D13/><U21/><E47/><V83/><F89/><AGARI ba="1,1" hai="43,45,49,84,89,93,96,98,132,134,135" m="42090" machi="89" ten="40,2600,0" yaku="20,1,14,1" doraHai="102" who="3" fromWho="2" sc="484,0,143,0,146,-29,217,39" /><INIT seed="3,0,0,1,2,82" ten="484,143,117,256" oya="3" hai0="127,26,80,62,30,16,55,44,4,46,34,1,97" hai1="133,74,106,100,32,90,113,115,29,68,112,123,6" hai2="51,9,99,132,131,95,28,66,47,59,109,93,88" hai3="84,3,31,110,65,54,81,43,15,40,58,121,76"/><W122/><G3/><T22/><D127/><U105/><E6/><V25/><F109/><W53/><G31/><T119/><D119/><U125/><E29/><V75/><F75/><W12/><G110/><T130/><D130/><U7/><E7/><V83/><F131/><W48/><G65/><T134/><D134/><U89/><E68/><V73/><F132/><W85/><G122/><T35/><D35/><U24/><E24/><V72/><F9/><W79/><G121/><T0/><D0/><U94/><E32/><V39/><F39/><W60/><G43/><T103/><D4/><U61/><E61/><V135/><F135/><W14/><G40/><T17/><D1/><U77/><E123/><V41/><F83/><N who="3" m="47207" /><G54/><T21/><D80/><N who="1" m="45111" /><E133/><V8/><F8/><W102/><G102/><T19/><D34/><U57/><E125/><V124/><F124/><W38/><G38/><T5/><D5/><U111/><E111/><V56/><F95/><W20/><G60/><T114/><D114/><U52/><E105/><V70/><F70/><W86/><G86/><T36/><D36/><U91/><E106/><V23/><REACH who="2" step="1"/><F59/><REACH who="2" ten="484,143,107,256" step="2"/><W64/><G64/><T96/><D21/><AGARI ba="0,1" hai="12,14,15,20,21,48,53,58,79,81,85" m="47207" machi="21" ten="30,5800,0" yaku="8,1,52,2" doraHai="82" who="3" fromWho="0" sc="484,-58,143,0,107,0,256,68" /><INIT seed="3,1,0,3,5,2" ten="426,143,107,324" oya="3" hai0="110,96,25,27,87,22,11,122,92,68,130,63,24" hai1="13,53,115,17,30,135,47,75,118,54,124,98,6" hai2="65,91,12,14,109,66,62,95,102,4,1,106,60" hai3="64,108,133,49,61,59,16,34,38,103,40,84,120"/><W39/><G120/><T56/><D122/><U46/><E75/><V78/><F109/><W29/><G29/><T97/><D68/><U55/><E118/><V80/><F106/><W28/><G28/><T113/><D113/><U126/><E115/><V93/><F102/><W79/><G34/><T70/><D70/><U107/><E30/><V100/><F100/><W85/><G103/><T127/><D127/><N who="1" m="48683" /><E107/><V104/><F104/><W10/><G133/><T50/><D110/><U77/><E135/><V32/><F32/><W119/><G119/><T74/><D74/><U58/><E77/><V131/><F131/><W9/><G9/><T20/><D50/><U123/><E98/><V0/><F80/><W5/><G39/><T43/><D43/><U36/><E36/><V37/><F37/><W71/><G108/><T67/><D130/><U105/><E105/><V42/><F91/><W99/><G99/><N who="0" m="37963" /><D11/><N who="1" m="4343" /><E123/><V73/><F73/><W7/><G38/><T129/><D129/><U31/><E31/><V83/><F42/><W121/><G121/><T128/><D128/><U112/><E112/><V132/><F132/><W44/><G71/><T89/><AGARI ba="1,0" hai="20,22,24,25,27,56,63,67,87,89,92" m="37963" machi="89" ten="30,1100,0" yaku="8,1" doraHai="2" who="0" fromWho="0" sc="426,14,143,-4,107,-4,324,-6" /><INIT seed="4,0,0,0,3,60" ten="440,139,103,318" oya="0" hai0="101,123,29,79,52,70,62,28,73,91,42,16,87" hai1="22,10,0,90,61,74,64,36,89,25,66,115,75" hai2="95,103,55,106,18,54,58,84,133,107,86,48,122" hai3="100,132,5,44,88,99,59,116,82,32,68,39,105"/><T65/><D123/><U109/><E109/><V33/><F122/><W3/><G68/><T112/><D112/><U41/><E115/><V93/><F33/><W31/><G3/><T26/><D42/><U134/><E134/><V102/><F18/><W125/><G5/><T124/><D124/><U110/><E110/><V8/><F8/><W47/><G116/><T38/><D38/><U129/><E129/><V11/><F11/><W9/><G9/><T45/><D101/><U19/><E75/><V2/><F58/><W43/><G47/><T94/><D79/><U69/><E74/><V49/><REACH who="2" step="1"/><F2/><REACH who="2" ten="440,139,93,318" step="2"/><W97/><G59/><T50/><D16/><U37/><E0/><V56/><F56/><W57/><G57/><T104/><D28/><U83/><E10/><V127/><F127/><W120/><G125/><T51/><D29/><U4/><E4/><V35/><F35/><W72/><G31/><T98/><D70/><U53/><E69/><V23/><F23/><W67/><G32/><T131/><D45/><U40/><E22/><V92/><F92/><W130/><G130/><T12/><D94/><U30/><E19/><V6/><F6/><W20/><G20/><T117/><D131/><U7/><E30/><V1/><F1/><W114/><G120/><T78/><D62/><U24/><E7/><V80/><F80/><W118/><G114/><T34/><D34/><U108/><E108/><V63/><F63/><W77/><G82/><T96/><D104/><U128/><E128/><V13/><F13/><W21/><G105/><T46/><D12/><U17/><E61/><RYUUKYOKU ba="0,1" sc="440,-10,139,-10,93,30,318,-10" hai2="48,49,54,55,84,86,93,95,102,103,106,107,133" /><INIT seed="5,1,1,5,2,67" ten="430,129,123,308" oya="1" hai0="40,19,82,10,30,92,9,57,65,78,26,45,31" hai1="101,51,23,131,58,98,37,105,4,55,121,15,122" hai2="97,96,72,133,5,109,68,33,22,25,20,6,71" hai3="1,41,42,126,12,74,120,104,85,70,2,107,83"/><U50/><E37/><V79/><F109/><W46/><G74/><T116/><D116/><U18/><E131/><V75/><F25/><W99/><G120/><T29/><D92/><U130/><E130/><V111/><F111/><W89/><G70/><T63/><D26/><U73/><E73/><V43/><F43/><W36/><G42/><T100/><D100/><U28/><E28/><V125/><F125/><W11/><G126/><T103/><D103/><U129/><E129/><V102/><F102/><W53/><G99/><T113/><D19/><U27/><E4/><V119/><F79/><W8/><G53/><T114/><D9/><U7/><E7/><V128/><F128/><W87/><G87/><T64/><D10/><U66/><E66/><V60/><F60/><W110/><G11/><T127/><D64/><U95/><E105/><V112/><F112/><N who="0" m="43114" /><D127/><U52/><REACH who="1" step="1"/><E27/><REACH who="1" ten="430,119,123,308" step="2"/><V84/><F119/><W91/><G110/><T94/><D29/><U32/><E32/><V44/><F33/><W61/><G107/><T106/><D106/><U81/><E81/><V76/><F5/><W34/><G34/><T117/><D117/><U47/><AGARI ba="1,2" hai="15,18,23,47,50,51,52,55,58,95,98,101,121,122" machi="47" ten="20,12000,1" yaku="1,1,0,1,7,1,54,1,53,1" doraHai="67" doraHaiUra="88" who="1" fromWho="1" sc="430,-41,119,143,123,-41,308,-41" /><INIT seed="5,2,0,4,5,107" ten="389,262,82,267" oya="1" hai0="31,76,111,34,21,54,42,51,64,35,27,116,47" hai1="82,102,26,80,55,69,36,124,125,56,98,106,73" hai2="120,79,109,117,115,6,14,32,77,57,108,2,45" hai3="87,85,17,70,38,95,62,19,44,114,24,113,118"/><U37/><E69/><V94/><F120/><W43/><G118/><T83/><D116/><U128/><E26/><V63/><F117/><W10/><G10/><T18/><D111/><U49/><E128/><V133/><F2/><W103/><G103/><T81/><D64/><U23/><E23/><V134/><F32/><W39/><G39/><T41/><D83/><U12/><E12/><V119/><F119/><W72/><G72/><T105/><D105/><U88/><E80/><V84/><F45/><W40/><G40/><T122/><D122/><U89/><E37/><V91/><F115/><N who="3" m="44043" /><G95/><T121/><D121/><U13/><E13/><V60/><F6/><W50/><G38/><T99/><D99/><U65/><E65/><V90/><F14/><W130/><G130/><T78/><D78/><N who="1" m="44367" /><E36/><V132/><F63/><W92/><G92/><T110/><D110/><N who="2" m="42602" /><F90/><W16/><G24/><T101/><D101/><U104/><E104/><V25/><F25/><W135/><G62/><T74/><D31/><U127/><AGARI ba="2,0" hai="49,55,56,88,89,98,102,106,124,125,127" m="44367" machi="127" ten="30,6000,0" yaku="18,1,52,1,54,1" doraHai="107" who="1" fromWho="1" sc="389,-22,262,66,82,-22,267,-22" /><INIT seed="5,3,0,2,4,132" ten="367,328,60,245" oya="1" hai0="99,117,37,93,7,12,28,9,105,92,51,8,61" hai1="108,13,2,69,100,88,74,25,84,16,45,58,95" hai2="14,97,106,42,34,52,18,49,87,6,63,79,59" hai3="123,29,5,131,24,55,104,91,110,102,71,62,98"/><U85/><E69/><V82/><F34/><W22/><G110/><T4/><D117/><U31/><E2/><V112/><F112/><W80/><G123/><T17/><D37/><U65/><E74/><V72/><F72/><W122/><G122/><T70/><D28/><U86/><E100/><V39/><F39/><W81/><G5/><T41/><D105/><U67/><E45/><V103/><F6/><W115/><G115/><T64/><D92/><U116/><E116/><V35/><F35/><W130/><G91/><T135/><D135/><U46/><E46/><V44/><F106/><W10/><G10/><T15/><D17/><U40/><E40/><V120/><F120/><W134/><G134/><T133/><D133/><U53/><E108/><V19/><REACH who="2" step="1"/><F14/><REACH who="2" ten="367,328,50,245" step="2"/><W94/><G104/><T36/><D36/><U32/><E32/><V57/><F57/><N who="3" m="35135" /><G71/><T126/><D70/><U76/><E25/><V54/><F54/><W127/><G131/><T30/><D4/><U26/><E26/><V128/><F128/><W114/><G130/><T124/><D7/><U125/><E53/><V48/><F48/><W109/><G114/><T111/><D111/><U129/><E129/><V96/><F96/><W121/><G109/><T23/><D51/><U101/><E58/><V77/><F77/><W20/><G121/><T90/><D41/><U47/><E76/><V43/><F43/><W21/><G24/><N who="0" m="16671" /><D15/><U66/><E13/><V107/><AGARI ba="3,1" hai="18,19,42,44,49,52,59,63,79,82,87,97,103,107" machi="107" ten="20,5200,0" yaku="1,1,0,1,7,1,54,1,53,0" doraHai="132" doraHaiUra="60" who="2" fromWho="2" sc="367,-16,328,-29,50,71,245,-16" /><INIT seed="6,0,0,0,4,36" ten="351,299,121,229" oya="2" hai0="32,93,60,40,37,57,14,108,1,107,114,102,132" hai1="135,113,12,92,82,75,110,127,125,5,104,128,9" hai2="123,26,112,24,3,28,49,33,74,88,97,115,80" hai3="118,122,65,8,95,124,43,117,22,66,84,87,27"/><V67/><F123/><W7/><G122/><T31/><D1/><U134/><E104/><V126/><F3/><W52/><G124/><N who="1" m="47690" /><E110/><V98/><F126/><W100/><G43/><T55/><D107/><U85/><E113/><N who="2" m="43595" /><F26/><W59/><G118/><T23/><D114/><U30/><E30/><V41/><F67/><W50/><G117/><T103/><D108/><U120/><E120/><V46/><F88/><N who="3" m="53639" /><G100/><T54/><D32/><U47/><E75/><V42/><F41/><W79/><G8/><T21/><D132/><U10/><E92/><V72/><F72/><W39/><G7/><T63/><D40/><U109/><E109/><V13/><F13/><W38/><G38/><T96/><D37/><U116/><E116/><V58/><F58/><W6/><G6/><T18/><D103/><U53/><E47/><V99/><F99/><W35/><G39/><T29/><D23/><U15/><E53/><V119/><F119/><W73/><G73/><T105/><D105/><U0/><E135/><V130/><F130/><W111/><G35/><T86/><D86/><U68/><E134/><V133/><F133/><W45/><G45/><T11/><D11/><U76/><E128/><V69/><F69/><W56/><G56/><AGARI ba="0,0" hai="14,18,21,29,31,54,55,56,57,60,63,93,96,102" machi="56" ten="40,2600,0" yaku="9,1,8,1" doraHai="36" who="0" fromWho="3" sc="351,26,299,0,121,0,229,-26" /><INIT seed="7,0,0,4,5,24" ten="377,299,121,203" oya="3" hai0="56,16,22,31,101,35,131,118,80,38,68,65,13" hai1="44,125,121,55,72,135,9,57,127,27,49,133,134" hai2="58,94,100,91,83,108,64,124,28,70,122,60,115" hai3="61,20,12,45,17,33,10,19,113,126,87,67,5"/><W123/><G123/><T43/><D118/><U82/><E9/><V47/><F108/><W26/><G113/><T95/><D131/><U4/><E4/><V97/><F122/><W42/><G33/><T84/><D68/><U90/><E121/><V110/><F110/><W86/><G126/><N who="1" m="48138" /><E27/><V102/><F115/><W51/><REACH who="3" step="1"/><G19/><REACH who="3" ten="377,299,121,193" step="2"/><T120/><D35/><U79/><E134/><V116/><F116/><W88/><G88/><N who="0" m="51207" /><D120/><U6/><E90/><V37/><F124/><W29/><G29/><T105/><D31/><U18/><E18/><V59/><F100/><W104/><G104/><T93/><D105/><U85/><E135/><V107/><F83/><W32/><G32/><T11/><D101/><U98/><E133/><V75/><F75/><W89/><G89/><T1/><D95/><U7/><E72/><V69/><F28/><W62/><G62/><N who="0" m="38087" /><D93/><U117/><E117/><V112/><F112/><W2/><G2/><T103/><D103/><U71/><E82/><V23/><F23/><W99/><G99/><T109/><D109/><U96/><E98/><V41/><REACH who="2" step="1"/><F70/><AGARI ba="0,1" hai="5,10,12,17,20,26,42,45,51,61,67,70,86,87" machi="70" ten="30,2900,0" yaku="1,1,7,1,53,0" doraHai="24" doraHaiUra="114" who="3" fromWho="2" sc="377,0,299,0,121,-29,193,39" /><INIT seed="7,1,0,2,0,109" ten="377,299,92,232" oya="3" hai0="74,13,30,95,92,34,118,22,3,21,126,85,44" hai1="107,70,39,83,124,81,19,71,55,10,98,113,36" hai2="77,50,125,94,115,17,43,69,86,91,4,102,66" hai3="130,93,123,133,57,62,97,23,89,117,6,110,41"/><W108/><G117/><T60/><D118/><U15/><E55/><V96/><F125/><W80/><G123/><T37/><D3/><U63/><E124/><V5/><F69/><W29/><G41/><T72/><D34/><U1/><E1/><V54/><F66/><W68/><G68/><T48/><D37/><U129/><E129/><V2/><F2/><W64/><G6/><T114/><D60/><U24/><E24/><V9/><F43/><W99/><G130/><T56/><D56/><U128/><E128/><V103/><F77/><W31/><G133/><T27/><D126/><U12/><E98/><V32/><F32/><W53/><G53/><T90/><D92/><U87/><E87/><V25/><F115/><W100/><G97/><T104/><D114/><U67/><E67/><V42/><F42/><W65/><G65/><T79/><D104/><U131/><E131/><V46/><F103/><W47/><G47/><T84/><D21/><U28/><E107/><V58/><F58/><W101/><G101/><T105/><D13/><U26/><E113/><V73/><F73/><W106/><G106/><T40/><D105/><U33/><E15/><V120/><F120/><W119/><G119/><T88/><D90/><U111/><E111/><N who="3" m="42538" /><G23/><T0/><D0/><U82/><E70/><V121/><F121/><W16/><G80/><N who="0" m="47135" /><D74/><U122/><E122/><V51/><F51/><W75/><G75/><T18/><D72/><U7/><E7/><V112/><F112/><W61/><BYE who="2" /><G61/><T38/><D38/><N who="1" m="14379" /><E71/><V76/><F76/><W127/><G100/><T59/><D59/><UN n2="%E9%81%8A%E8%B5%B0" /><RYUUKYOKU ba="1,0" sc="377,15,299,15,92,-15,232,-15" hai0="18,22,27,30,40,44,48,85,88,95" hai1="10,12,19,26,28,33,63,81,82,83" owari="392,49.0,314,11.0,77,-42.0,217,-18.0" /></mjloggm>