<mjloggm ver="2.3"><GO type="97" lobby="0"/><UN n0="%E3%83%88%E3%83%88%E3%83%AA%E5%85%88%E7%94%9F%31%39%E6%AD%B3" n1="%E3%82%A8%E3%83%AD%E7%94%BB%E5%83%8F%2E%6A%70%67" n2="%78%78%78%7A%7A%78%78%78" n3="%E9%AC%BC%E6%AD%A6%E8%80%85" dan="15,15,14,13" rate="2082.30,2016.71,1935.44,1834.42" sx="F,F,M,M"/><TAIKYOKU oya="0"/><INIT seed="0,0,0,3,5,8" ten="250,250,250,250" oya="0" hai0="94,36,49,2,47,110,90,51,104,103,30,32,121" hai1="42,55,62,65,101,99,67,108,4,34,63,132,25" hai2="17,98,74,106,100,16,35,84,41,31,64,91,118" hai3="15,57,52,89,43,119,48,97,23,116,76,1,125"/><T7/><D121/><U135/><E108/><V82/><F118/><W60/><G76/><T72/><D72/><U22/><E42/><V124/><F41/><W39/><G1/><T10/><D110/><U127/><E4/><V87/><F124/><W134/><G134/><N who="1" m="51242" /><E34/><V28/><F74/><W77/><G77/><T20/><D32/><U105/><E127/><V9/><F35/><W54/><G125/><T120/><D120/><U126/><E126/><V79/><F64/><N who="1" m="24649" /><E55/><V29/><REACH who="2" step="1"/><F9/><REACH who="2" ten="250,250,240,250" step="2"/><W68/><G43/><T26/><D36/><U73/><E73/><V70/><F70/><W37/><G68/><T123/><D123/><U109/><E109/><V53/><F53/><W102/><G119/><T13/><D2/><U95/><E105/><V107/><F107/><W92/><G116/><T46/><D104/><U131/><E131/><V111/><F111/><W130/><G130/><T113/><D113/><U27/><E27/><V78/><F78/><W59/><REACH who="3" step="1"/><G102/><REACH who="3" ten="250,250,240,240" step="2"/><T88/><D103/><U129/><E129/><V61/><F61/><W114/><G114/><T71/><D71/><U11/><E11/><V44/><F44/><N who="0" m="16938" /><D90/><U38/><E38/><V50/><F50/><W69/><G69/><T122/><D122/><U66/><E63/><V117/><F117/><W56/><G56/><T93/><D88/><U21/><E62/><V19/><F19/><AGARI ba="0,2" hai="15,19,23,37,39,48,52,54,57,59,60,89,92,97" machi="19" ten="40,5200,0" yaku="1,1,52,1,54,1,53,0" doraHai="8" doraHaiUra="6" who="3" fromWho="2" sc="250,0,250,0,240,-52,240,72" /><INIT seed="1,0,0,5,0,38" ten="250,250,188,312" oya="1" hai0="80,68,124,59,123,63,55,14,126,79,42,64,36" hai1="122,47,54,60,15,51,110,113,125,95,135,91,30" hai2="118,102,100,112,133,131,62,105,89,0,84,49,2" hai3="75,106,114,93,134,29,21,52,90,81,130,88,121"/><U28/><E113/><V20/><F112/><W92/><G114/><T117/><D14/><U37/><E122/><V48/><F118/><W67/><G121/><T73/><D123/><U24/><E125/><N who="0" m="48233" /><D117/><U58/><E37/><V99/><F131/><W13/><G130/><T108/><D108/><U1/><E1/><V83/><F133/><W87/><G134/><T86/><D73/><U66/><E135/><V78/><F102/><W18/><G106/><T57/><D55/><U65/><E110/><V116/><F116/><W26/><G67/><T111/><D111/><U22/><E15/><V31/><F62/><W35/><G75/><T98/><D98/><U16/><REACH who="1" step="1"/><E66/><REACH who="1" ten="250,240,188,312" step="2"/><V101/><F101/><W74/><G74/><T45/><AGARI ba="0,1" hai="36,42,45,57,59,63,64,68,79,80,86" m="48233" machi="45" ten="30,2000,0" yaku="18,1,52,1" doraHai="38" who="0" fromWho="0" sc="250,30,240,-10,188,-5,312,-5" /><INIT seed="2,0,0,1,3,82" ten="280,230,183,307" oya="2" hai0="39,49,128,1,33,14,103,66,61,114,15,57,123" hai1="72,127,110,47,70,21,32,77,94,125,102,56,96" hai2="99,117,120,62,105,59,51,36,93,111,83,131,116" hai3="31,119,75,52,11,87,86,92,44,74,27,8,109"/><V88/><F120/><W98/><G109/><T34/><D114/><U24/><E70/><V17/><F36/><W78/><G119/><T121/><D39/><U20/><E32/><V60/><F131/><W73/><G78/><T115/><D1/><U71/><E71/><V16/><F111/><W79/><G79/><T38/><D38/><U42/><E110/><V84/><F105/><W19/><G31/><T126/><D115/><U101/><E101/><V67/><F62/><W53/><G27/><T58/><D128/><U26/><E56/><V2/><F2/><W89/><G53/><T9/><D126/><N who="1" m="48139" /><E77/><V133/><F133/><W48/><REACH who="3" step="1"/><G11/><REACH who="3" ten="280,230,183,297" step="2"/><T64/><D9/><U6/><E72/><V12/><F117/><W76/><G76/><T122/><D122/><U80/><E6/><V18/><F116/><W130/><G130/><T50/><D61/><U37/><E26/><V13/><REACH who="2" step="1"/><F51/><REACH who="2" ten="280,230,173,297" step="2"/><W29/><G29/><T132/><D132/><U65/><E37/><V108/><F108/><W124/><G124/><T69/><D121/><U35/><E24/><V97/><F97/><W63/><G63/><T91/><D123/><U104/><E96/><V118/><F118/><W30/><G30/><T3/><D50/><U95/><E35/><V43/><F43/><W4/><G4/><T85/><D49/><U7/><E42/><V28/><F28/><W81/><G81/><T135/><D34/><U5/><E80/><V55/><F55/><W22/><G22/><T107/><D33/><U25/><E7/><V46/><F46/><W112/><G112/><T0/><D135/><RYUUKYOKU ba="0,2" sc="280,-15,230,-15,173,15,297,15" hai2="12,13,16,17,18,59,60,67,83,84,88,93,99" hai3="8,19,44,48,52,73,74,75,86,87,89,92,98" /><INIT seed="2,1,2,1,2,89" ten="265,215,188,312" oya="2" hai0="26,48,127,65,118,52,32,110,25,16,35,94,56" hai1="55,125,36,23,22,90,15,100,62,114,33,41,42" hai2="59,108,75,92,21,11,106,9,0,14,105,115,71" hai3="38,58,19,76,83,54,122,39,82,7,27,73,67"/><V57/><F115/><W98/><G122/><T66/><D110/><U93/><E33/><V88/><F71/><W130/><G67/><N who="0" m="25611" /><D35/><U61/><E114/><V79/><F108/><W28/><G130/><T91/><D32/><U119/><E119/><V124/><F124/><W113/><G113/><T8/><D118/><U43/><E36/><V13/><F0/><W68/><G68/><T123/><D127/><U69/><E125/><V95/><F75/><W20/><G7/><T121/><D121/><U99/><E69/><V78/><F21/><N who="1" m="7689" /><E55/><V70/><F70/><W17/><G39/><T107/><D107/><U2/><E2/><V103/><REACH who="2" step="1"/><F88/><REACH who="2" ten="265,215,178,312" step="2"/><W87/><G73/><T40/><D123/><U49/><E90/><V77/><F77/><W72/><G76/><T116/><D116/><U74/><E74/><V84/><F84/><W117/><G72/><T51/><D25/><U3/><E3/><V111/><F111/><W101/><G87/><N who="0" m="52607" /><D26/><U80/><E15/><V5/><F5/><W18/><G117/><T6/><D6/><U133/><E99/><V64/><F64/><W44/><G82/><T120/><D120/><U29/><E80/><V126/><F126/><W30/><G83/><T10/><D16/><U86/><E86/><V47/><F47/><AGARI ba="1,3" hai="8,10,40,47,48,51,52,56" m="52607,25611" machi="47" ten="30,3900,0" yaku="8,1,52,1,54,1" doraHai="89" who="0" fromWho="2" sc="265,72,215,0,178,-42,312,0" /><INIT seed="3,0,0,5,1,102" ten="337,215,136,312" oya="3" hai0="47,111,20,48,55,107,43,13,61,120,73,57,17" hai1="133,0,25,63,2,21,129,128,46,135,31,118,70" hai2="104,30,39,7,92,9,93,78,33,122,11,86,106" hai3="110,109,23,14,99,37,85,79,126,127,29,74,65"/><W64/><G74/><T69/><D120/><U80/><E118/><V130/><F39/><W35/><G37/><N who="0" m="21999" /><D73/><U96/><E96/><V36/><F36/><W82/><G35/><T123/><D107/><U88/><E46/><V90/><F78/><W4/><G99/><T27/><D123/><U22/><E22/><V121/><F33/><W119/><G119/><T101/><D101/><U67/><E88/><V134/><F30/><W76/><G29/><T94/><D94/><U77/><E80/><V114/><F114/><W83/><G4/><T26/><D111/><N who="3" m="42505" /><G23/><T8/><D20/><U97/><E97/><V98/><F98/><W108/><N who="3" m="42513" /><W117/><DORA hai="100" /><G83/><T15/><D15/><U28/><E28/><V19/><F19/><W38/><G38/><T132/><D132/><U44/><E77/><N who="3" m="29770" /><G14/><T62/><D62/><U112/><E112/><V54/><F134/><W125/><G117/><T12/><D12/><U116/><E116/><V95/><F90/><AGARI ba="0,0" hai="64,65,82,85,90,125,126,127" m="29770,42513" machi="90" ten="50,9600,0" yaku="18,1,14,1,10,1" doraHai="102,100" who="3" fromWho="2" sc="337,0,215,0,136,-96,312,96" owari="337,14.0,215,-18.0,40,-46.0,408,50.0" /></mjloggm>