<mjloggm ver="2.3"><GO type="225" lobby="0"/><UN n0="%E6%A9%8B%E6%9C%AC%E5%8D%83%E5%85%89%E5%B9%B4" n1="%E3%83%88%E3%83%88%E3%83%AA%E5%85%88%E7%94%9F%31%39%E6%AD%B3" n2="%68%69%67%68%31%35%31%35" n3="%E3%82%B4%E3%83%BC%E3%83%AB%E3%83%87%E3%83%B3%E3%81%B2%E3%82%88%E3%81%93" dan="16,18,16,16" rate="2112.31,2262.89,2075.44,2097.46" sx="M,F,M,M"/><TAIKYOKU oya="0"/><INIT seed="0,0,0,3,1,132" ten="250,250,250,250" oya="0" hai0="38,3,65,68,49,26,47,59,127,97,39,55,124" hai1="116,24,96,48,91,57,119,10,104,99,66,6,50" hai2="54,110,80,14,74,37,12,2,86,85,130,29,76" hai3="105,71,64,123,115,51,84,1,100,89,8,83,32"/><T73/><D3/><U82/><E24/><V106/><F2/><W94/><G115/><T21/><D73/><U13/><E104/><V77/><F37/><N who="0" m="13834" /><D21/><U131/><E131/><V121/><F121/><W79/><G123/><T125/><D97/><N who="1" m="37451" /><E119/><V60/><F106/><W88/><G105/><T113/><D26/><U90/><E116/><V23/><F130/><W129/><G100/><T126/><N who="0" m="32256" /><DORA hai="52" /><T69/><D113/><U17/><E50/><V53/><F23/><W4/><G32/><T87/><D87/><N who="1" m="50551" /><E91/><V95/><F85/><W114/><G89/><T11/><D11/><U92/><E92/><V72/><F86/><W42/><G94/><T22/><D22/><U43/><E43/><V133/><F95/><W56/><G88/><T33/><D33/><U78/><E48/><V35/><F72/><W30/><G114/><T67/><D47/><U40/><E78/><V34/><F76/><W28/><G129/><T122/><D122/><U103/><E103/><V128/><F77/><W58/><G30/><T107/><D107/><U41/><E6/><V63/><F128/><W27/><G28/><T117/><D117/><U101/><E101/><V70/><F29/><W20/><G27/><T108/><D108/><U36/><E36/><V109/><F74/><W15/><G1/><T112/><D112/><U31/><E31/><V61/><F34/><W118/><G118/><T5/><D5/><U45/><E45/><V102/><F35/><W19/><G4/><T75/><D75/><U81/><E81/><V98/><F80/><W9/><G83/><T18/><D18/><RYUUKYOKU ba="0,0" sc="250,15,250,15,250,-15,250,-15" hai0="49,55,59,65,67,68,69" hai1="10,13,17,40,41,57,66" /><INIT seed="0,1,0,3,3,48" ten="265,265,235,235" oya="0" hai0="117,78,109,10,119,87,58,14,70,13,27,68,26" hai1="17,40,133,112,97,134,80,53,39,34,32,29,43" hai2="3,59,89,60,100,72,101,52,114,36,93,15,54" hai3="132,123,16,85,124,126,74,129,103,12,107,86,31"/><T38/><D38/><U64/><E112/><V81/><F114/><W49/><G74/><T91/><D78/><U41/><E39/><V106/><F3/><W118/><G123/><T96/><D96/><U83/><E64/><N who="2" m="38943" /><F106/><W92/><G118/><T25/><D87/><U98/><E17/><V23/><F72/><W73/><G73/><T88/><D58/><U21/><E21/><V46/><F81/><N who="1" m="31305" /><E29/><V57/><F36/><W77/><G107/><T62/><D62/><U18/><E18/><N who="2" m="10719" /><F46/><W121/><G31/><T125/><D27/><U47/><E34/><V45/><F45/><W111/><G121/><T30/><D30/><U128/><E32/><V113/><F113/><W90/><G77/><T69/><D69/><U65/><E65/><V6/><F6/><W116/><G116/><T50/><D10/><U2/><E2/><V28/><F28/><W115/><G115/><T0/><D0/><U108/><E128/><V9/><F9/><W135/><G129/><T55/><D119/><U19/><E19/><V44/><F44/><W33/><G33/><T122/><D122/><U120/><E120/><V66/><F66/><W7/><G7/><T37/><D70/><U94/><E40/><V56/><F56/><W24/><G16/><T61/><D68/><U42/><E43/><V82/><F82/><W20/><G20/><T67/><D67/><U1/><E42/><V84/><F54/><W35/><G35/><T8/><D37/><U22/><E41/><V71/><F71/><W4/><G4/><T102/><D117/><U110/><E1/><V75/><F75/><RYUUKYOKU ba="1,0" sc="265,-10,265,-10,235,30,235,-10" hai2="52,57,84,89,93,100,101" /><INIT seed="1,2,0,3,1,90" ten="255,255,265,225" oya="1" hai0="95,5,134,108,61,52,103,54,45,19,82,109,99" hai1="97,21,131,56,57,129,11,87,20,2,91,7,94" hai2="32,44,85,68,81,88,89,35,69,47,15,37,123" hai3="102,127,40,96,65,14,70,120,27,25,78,1,132"/><U98/><E21/><V125/><F37/><W33/><G120/><T49/><D134/><U59/><REACH who="1" step="1"/><E20/><REACH who="1" ten="255,245,265,225" step="2"/><V4/><F123/><W83/><G132/><T74/><D109/><U28/><E28/><V6/><F125/><W121/><G127/><T34/><D108/><U23/><E23/><V107/><F35/><W105/><G121/><T116/><D34/><U86/><E86/><V106/><F32/><W46/><G33/><T93/><D116/><U51/><E51/><V48/><F48/><W67/><G1/><T38/><D38/><U60/><E60/><V58/><F85/><W84/><G14/><T24/><D61/><U100/><E100/><V17/><F15/><W50/><G70/><T13/><D13/><U41/><E41/><V76/><F81/><W104/><REACH who="3" step="1"/><G105/><REACH who="3" ten="255,245,265,215" step="2"/><T128/><D128/><AGARI ba="2,2" hai="2,7,11,56,57,59,87,91,94,97,98,128,129,131" machi="128" ten="40,7700,0" yaku="1,1,19,1,52,1,53,0" doraHai="90" doraHaiUra="18" who="1" fromWho="0" sc="255,-83,245,103,265,0,215,0" /><INIT seed="1,3,0,4,1,96" ten="172,348,265,215" oya="1" hai0="36,132,39,68,92,54,18,15,111,31,123,91,121" hai1="130,99,73,125,84,98,94,3,44,58,23,122,86" hai2="127,133,109,41,115,108,30,76,135,53,120,45,116" hai3="43,6,114,62,126,102,26,51,69,27,78,4,11"/><U87/><E122/><N who="0" m="46601" /><D68/><U13/><E3/><V129/><F120/><W105/><G114/><T100/><D111/><N who="2" m="42570" /><F115/><W70/><G126/><T106/><D132/><N who="2" m="50762" /><F127/><W74/><G74/><T66/><D66/><U119/><E73/><V134/><F134/><W14/><G78/><T12/><D31/><U21/><E119/><V9/><F76/><W50/><G43/><T33/><D33/><U38/><E130/><V56/><F30/><W117/><G117/><T83/><D83/><U25/><E125/><V65/><F9/><W113/><G113/><T104/><D54/><U107/><E23/><V2/><F2/><W95/><G105/><N who="0" m="40555" /><D100/><U42/><E107/><V49/><F116/><W1/><G70/><T48/><D48/><U17/><E94/><V37/><F65/><W85/><G69/><T75/><D75/><U47/><E38/><N who="0" m="14377" /><D18/><U103/><E17/><V8/><F8/><W93/><G51/><T32/><D32/><U79/><E79/><V46/><F129/><W131/><G50/><T16/><D16/><U97/><E21/><V10/><F10/><W110/><G131/><T71/><D71/><U81/><E42/><V57/><AGARI ba="3,0" hai="37,41,45,46,49,53,56,57" m="50762,42570" machi="57" ten="40,8000,1" yaku="14,1,20,1,34,2" doraHai="96" who="2" fromWho="2" sc="172,-23,348,-43,265,89,215,-23" /><INIT seed="2,0,0,3,0,123" ten="149,305,354,192" oya="2" hai0="30,33,61,1,114,78,86,10,125,110,98,133,11" hai1="7,126,37,21,135,66,75,95,59,18,69,3,70" hai2="99,132,87,106,73,38,15,14,122,117,100,19,56" hai3="121,45,72,65,85,51,115,60,20,6,94,131,81"/><V79/><F122/><W0/><G121/><T32/><D114/><U103/><E75/><V28/><F38/><W112/><G131/><T49/><D125/><U128/><E37/><V24/><F117/><W90/><G0/><T84/><D133/><U104/><E104/><V4/><F132/><W57/><G6/><T97/><D49/><U102/><E135/><V22/><F73/><W74/><G20/><T127/><D127/><U105/><E105/><V83/><F4/><W40/><G74/><T119/><D61/><U109/><E126/><V113/><F113/><N who="3" m="43595" /><G72/><T54/><D54/><U67/><E128/><V58/><REACH who="2" step="1"/><F15/><REACH who="2" ten="149,305,344,192" step="2"/><W50/><G81/><T12/><D12/><U41/><E7/><V29/><F29/><W8/><G8/><AGARI ba="0,1" hai="8,14,19,22,24,28,56,58,79,83,87,99,100,106" machi="8" ten="30,5800,0" yaku="1,1,7,1,53,1" doraHai="123" doraHaiUra="76" who="2" fromWho="3" sc="149,0,305,0,344,68,192,-58" /><INIT seed="2,1,0,0,4,116" ten="149,305,412,134" oya="2" hai0="126,22,62,56,23,66,26,132,110,42,40,75,92" hai1="72,121,2,114,118,17,125,32,5,131,77,63,7" hai2="84,9,48,3,85,44,54,88,80,95,90,115,135" hai3="68,38,81,69,65,25,30,11,45,103,128,31,29"/><V105/><F115/><W59/><G128/><T82/><D110/><U122/><E114/><V71/><F105/><W70/><G11/><T53/><D132/><U96/><E118/><V1/><F135/><W35/><G81/><T20/><D126/><U0/><E32/><V55/><F71/><W12/><G12/><T33/><D92/><U93/><E131/><V98/><F98/><W47/><G38/><T111/><D111/><U4/><E125/><V13/><REACH who="2" step="1"/><F55/><REACH who="2" ten="149,305,402,134" step="2"/><W124/><G124/><T102/><D53/><U133/><E133/><V94/><F94/><W76/><G68/><T60/><D82/><N who="1" m="45351" /><E93/><V89/><F89/><W10/><G69/><T117/><D102/><U108/><E96/><V130/><F130/><W58/><G70/><T57/><D117/><U127/><E127/><V16/><AGARI ba="1,1" hai="1,3,9,13,16,44,48,54,80,84,85,88,90,95" machi="16" ten="20,18000,2" yaku="1,1,0,1,7,1,25,2,54,2,53,0" doraHai="116" doraHaiUra="39" who="2" fromWho="2" sc="149,-61,305,-61,402,193,134,-61" /><INIT seed="2,2,0,2,5,38" ten="88,244,595,73" oya="2" hai0="130,28,54,22,43,73,31,128,75,95,111,46,13" hai1="23,27,112,26,109,113,71,14,94,108,12,85,41" hai2="133,72,77,60,36,102,7,122,106,79,78,6,48" hai3="82,103,92,62,40,84,129,29,121,34,132,131,83"/><V100/><F36/><W8/><G121/><T32/><D111/><N who="1" m="42571" /><E71/><V76/><F48/><W98/><G132/><T33/><D54/><U0/><E0/><V42/><F60/><W110/><G110/><T45/><D95/><U80/><E41/><V51/><F51/><W11/><G62/><T16/><D31/><N who="1" m="17887" /><E27/><V99/><F42/><W67/><G67/><T74/><D46/><U3/><E94/><V59/><F106/><W15/><G40/><T123/><D123/><U87/><E87/><V125/><F72/><W21/><G34/><T134/><D134/><U124/><E3/><V119/><F133/><W69/><G69/><T70/><D70/><U37/><E124/><V118/><F99/><W56/><G29/><T96/><D96/><U114/><E37/><V104/><F104/><W90/><G83/><T93/><D93/><U4/><E4/><V19/><F6/><W39/><G39/><N who="0" m="21759" /><D28/><U64/><E64/><V66/><F66/><W101/><G103/><T88/><D88/><AGARI ba="2,0" hai="12,14,80,85,88,112,113,114" m="17887,42571" machi="88" ten="40,2600,0" yaku="14,1,54,1" doraHai="38" who="1" fromWho="0" sc="88,-32,244,32,595,0,73,0" /><INIT seed="3,0,0,3,4,121" ten="56,276,595,73" oya="3" hai0="75,33,21,77,47,13,53,92,22,99,106,37,124" hai1="127,17,15,73,79,63,118,55,19,125,56,44,123" hai2="62,84,101,42,12,133,1,52,64,45,89,31,83" hai3="90,131,87,78,122,20,61,112,105,128,65,97,8"/><W72/><G122/><T86/><D33/><U76/><E123/><V38/><F1/><W58/><G112/><T34/><D34/><U0/><E0/><V46/><F133/><W50/><G8/><T134/><D134/><U14/><E118/><V2/><F2/><W69/><G72/><T109/><D109/><U111/><E111/><V132/><F132/><W18/><G78/><N who="1" m="29738" /><E73/><V49/><F101/><W43/><G97/><T32/><D32/><U85/><E85/><V110/><F110/><W82/><G105/><T67/><D67/><U51/><E15/><V57/><F12/><N who="3" m="9287" /><G43/><T25/><D124/><N who="1" m="47691" /><E14/><V113/><F31/><W135/><G135/><T7/><D106/><U54/><AGARI ba="0,0" hai="17,19,44,51,54,55,56,63" m="47691,29738" machi="54" ten="30,1100,0" yaku="18,1" doraHai="121" who="1" fromWho="1" sc="56,-3,276,11,595,-3,73,-5" owari="53,-45.0,287,9.0,592,69.0,68,-33.0" /></mjloggm>