<mjloggm ver="2.3"><GO type="97" lobby="0"/><UN n0="%E5%B0%B1%E6%B4%BB%E7%94%9F%40%E5%B7%9D%E6%9D%91%E8%BB%8D%E5%9B%A3" n1="%E3%83%A6%E3%83%AA%E3%82%B9" n2="%E3%81%92%E3%82%93%67%65%6E" n3="%E7%AD%92%E5%B1%8B" dan="14,14,13,13" rate="1970.20,1878.07,1896.15,1892.83" sx="M,M,M,M"/><TAIKYOKU oya="0"/><INIT seed="0,0,0,0,4,55" ten="250,250,250,250" oya="0" hai0="59,78,62,118,102,0,111,93,7,129,132,11,67" hai1="80,98,32,47,34,134,25,44,77,105,99,35,115" hai2="100,6,37,49,10,92,56,79,104,65,18,20,53" hai3="27,36,51,121,125,75,110,31,50,61,103,29,116"/><T74/><D118/><U86/><E134/><V41/><F104/><W101/><G116/><T117/><D117/><U89/><E115/><V13/><F79/><W120/><G36/><T63/><D132/><U70/><E70/><V21/><F65/><W14/><G75/><T28/><D129/><U113/><E113/><V128/><F128/><W24/><G14/><T23/><D111/><U133/><E133/><V130/><F130/><W54/><G61/><T76/><D63/><U112/><E112/><V39/><F21/><W60/><G60/><T48/><D48/><U68/><E68/><V114/><F114/><W97/><G97/><N who="0" m="59695" /><D74/><U127/><E127/><V83/><F83/><W71/><G71/><T95/><D95/><U88/><E25/><AGARI ba="0,0" hai="0,7,11,23,25,28,59,62,67,76,78" m="59695" machi="25" ten="30,2900,0" yaku="25,1,52,1" doraHai="55" who="0" fromWho="1" sc="250,29,250,-29,250,0,250,0" /><INIT seed="0,1,0,5,0,82" ten="279,221,250,250" oya="0" hai0="102,18,94,130,109,110,44,105,75,100,19,106,59" hai1="87,6,91,7,27,22,118,13,92,40,78,0,36" hai2="131,39,80,126,114,43,55,57,23,56,15,104,32" hai3="65,70,97,41,132,69,85,21,2,123,116,113,34"/><T47/><D75/><U31/><E0/><V26/><F114/><W73/><G123/><T54/><D130/><U90/><E78/><V5/><F104/><W72/><G116/><T124/><D124/><U46/><E118/><V29/><F126/><W14/><G113/><T112/><D112/><U108/><E108/><N who="0" m="41577" /><D105/><U125/><E125/><V45/><F131/><W17/><G34/><T16/><D106/><U122/><E122/><V58/><F80/><W66/><G132/><T49/><D94/><U127/><E127/><V1/><F1/><W42/><G2/><T83/><D83/><U115/><E115/><V50/><REACH who="2" step="1"/><F23/><REACH who="2" ten="279,221,240,250" step="2"/><W128/><G128/><T107/><D107/><U9/><REACH who="1" step="1"/><E91/><REACH who="1" ten="279,211,240,250" step="2"/><V24/><F24/><W60/><G73/><T86/><D102/><U68/><E68/><V84/><F84/><W121/><G72/><T74/><D100/><U37/><E37/><V20/><F20/><W35/><G35/><T33/><D74/><U53/><E53/><V129/><F129/><W48/><G70/><T71/><D71/><U101/><E101/><V38/><F38/><W117/><G69/><T62/><D86/><U134/><E134/><V52/><F52/><W3/><G85/><T81/><D33/><U76/><E76/><V93/><F93/><W25/><G121/><T61/><D81/><U79/><E79/><V28/><F28/><W63/><G117/><T99/><D99/><U4/><AGARI ba="1,2" hai="4,6,7,9,13,22,27,31,36,40,46,87,90,92" machi="4" ten="20,8000,1" yaku="1,1,0,1,7,1,52,1,53,1" doraHai="82" doraHaiUra="89" who="1" fromWho="1" sc="279,-41,211,103,240,-21,250,-21" /><INIT seed="1,0,0,2,1,70" ten="238,314,219,229" oya="1" hai0="82,98,16,54,83,120,96,62,64,30,8,24,63" hai1="1,115,0,26,86,127,79,126,75,25,113,81,34" hai2="5,131,59,32,103,123,13,106,102,68,47,10,67" hai3="114,99,125,90,85,122,20,17,109,71,46,43,42"/><U65/><E65/><V93/><F123/><W133/><G122/><T91/><D120/><U55/><E86/><V129/><F106/><W57/><G114/><T69/><D62/><U66/><E66/><V78/><F32/><W117/><G71/><T50/><D30/><N who="1" m="19791" /><E26/><V49/><F78/><W80/><G117/><T23/><D8/><U33/><E55/><V105/><F68/><W44/><G99/><T84/><REACH who="0" step="1"/><D82/><REACH who="0" ten="228,314,219,229" step="2"/><U41/><E81/><V27/><F129/><W36/><G80/><T124/><D124/><U97/><E127/><V89/><F131/><W92/><G125/><T118/><D118/><U104/><E126/><V51/><F105/><W28/><G133/><T53/><D53/><U29/><E29/><V94/><F10/><W18/><G109/><T52/><D52/><U21/><E115/><V6/><F67/><W35/><G35/><T77/><D77/><U3/><E79/><V58/><F47/><AGARI ba="0,1" hai="16,23,24,47,50,54,63,64,69,83,84,91,96,98" machi="47" ten="30,7700,0" yaku="1,1,7,1,54,1,53,1" doraHai="70" doraHaiUra="15" who="0" fromWho="2" sc="228,87,314,0,219,-77,229,0" /><INIT seed="2,0,0,3,3,82" ten="315,314,142,229" oya="2" hai0="39,56,4,100,28,127,92,101,111,98,40,75,64" hai1="62,29,50,89,113,74,8,105,91,23,129,69,31" hai2="25,42,32,112,35,21,106,3,108,99,122,0,121" hai3="19,37,123,132,18,115,59,84,67,68,117,33,11"/><V78/><F112/><W125/><G68/><T131/><D75/><U97/><E113/><V79/><F108/><W41/><G117/><T66/><D111/><U126/><E74/><V88/><F42/><W80/><G123/><T20/><D131/><U53/><E129/><V38/><F38/><W51/><G37/><T14/><D127/><U102/><E126/><V72/><F122/><W85/><G115/><T13/><D39/><U120/><E120/><V9/><F121/><W110/><G110/><T86/><D40/><U49/><E49/><V114/><F114/><W118/><G118/><T109/><D101/><U57/><E8/><V7/><F3/><W71/><G71/><T96/><D96/><U81/><E23/><V103/><F88/><N who="3" m="51207" /><G33/><T134/><D134/><U15/><E15/><V1/><F1/><W90/><G132/><T34/><D34/><U12/><E12/><V22/><F22/><W70/><G70/><T116/><D116/><U30/><E81/><V87/><F72/><W55/><G125/><T5/><D14/><U104/><E104/><V133/><F133/><W52/><G67/><T58/><D5/><U135/><E135/><V54/><F54/><N who="3" m="32223" /><G41/><T63/><D4/><U124/><E124/><V77/><REACH who="2" step="1"/><F87/><REACH who="2" ten="315,314,132,229" step="2"/><W47/><G47/><T83/><D109/><U73/><E73/><V24/><F24/><W48/><G48/><T95/><D86/><U10/><E50/><V26/><F26/><W36/><G36/><T65/><D83/><U128/><E128/><V6/><F6/><W61/><G55/><T16/><D100/><U2/><E102/><RYUUKYOKU ba="0,1" sc="315,-10,314,-10,132,30,229,-10" hai2="0,7,9,21,25,32,35,77,78,79,99,103,106" /><INIT seed="2,1,1,5,0,113" ten="305,304,162,219" oya="2" hai0="10,121,85,107,16,53,31,77,13,129,26,91,111" hai1="14,44,12,67,46,4,2,124,32,57,103,131,48" hai2="33,9,122,41,52,106,63,25,100,21,119,80,112" hai3="69,98,66,8,114,49,125,58,109,68,94,64,62"/><V45/><F112/><W34/><G114/><T126/><D121/><U37/><E32/><V86/><F122/><W24/><G125/><T95/><D107/><U40/><E124/><V47/><F33/><W17/><G109/><T42/><D126/><U65/><E131/><V117/><F9/><W20/><G34/><T104/><D111/><U101/><E2/><V76/><F106/><W97/><G8/><T110/><D104/><U130/><E130/><V23/><F100/><W82/><G82/><T71/><D71/><U61/><E67/><V75/><F75/><W60/><G94/><T123/><D123/><U84/><E84/><V78/><F78/><W1/><G1/><T93/><D42/><U59/><E59/><V43/><F43/><W18/><G18/><T118/><D77/><U134/><E134/><V7/><F7/><W102/><G102/><T128/><D110/><U70/><E14/><V28/><F41/><W92/><G92/><T127/><D127/><U56/><E46/><V22/><F47/><W115/><G115/><T72/><D72/><U30/><E30/><V55/><F55/><AGARI ba="1,1" hai="17,20,24,49,55,58,60,62,64,66,68,69,97,98" machi="55" ten="40,1300,0" yaku="9,1" doraHai="113" who="3" fromWho="2" sc="305,0,304,0,162,-16,219,26" /><INIT seed="3,0,0,2,2,83" ten="305,304,146,245" oya="3" hai0="108,67,33,100,76,50,129,35,72,78,9,6,70" hai1="24,13,27,56,125,91,2,58,19,38,1,16,93" hai2="80,20,44,116,48,59,107,25,131,106,41,68,55" hai3="32,29,12,135,105,43,75,122,10,45,87,30,123"/><W98/><G75/><T109/><D129/><U34/><E38/><V4/><F131/><W64/><G64/><T79/><D100/><U28/><E125/><V121/><F116/><W130/><G32/><T63/><D72/><U36/><E36/><V112/><F112/><W73/><G73/><T82/><D82/><U85/><E24/><V17/><F121/><W118/><G118/><T46/><D50/><U92/><E92/><V84/><F68/><W77/><G135/><T15/><D46/><U86/><E86/><V62/><F107/><W71/><G71/><T8/><D8/><U52/><E56/><V119/><F106/><W53/><G130/><T5/><D5/><U69/><E69/><V104/><F104/><W11/><G53/><T101/><D101/><U120/><E120/><N who="3" m="46122" /><G98/><T39/><D39/><U97/><E97/><V88/><F119/><W117/><G105/><T90/><D90/><U66/><E66/><V57/><F57/><W3/><G3/><T133/><D133/><U21/><E19/><V132/><F132/><W127/><G127/><T42/><D42/><U114/><E114/><V60/><F4/><N who="3" m="3143" /><G11/><T74/><D74/><U94/><E94/><V23/><F23/><W54/><G54/><T111/><AGARI ba="0,0" hai="6,9,15,33,35,63,67,70,76,78,79,108,109,111" machi="111" ten="40,2700,0" yaku="0,1,14,1" doraHai="83" who="0" fromWho="0" sc="305,27,304,-7,146,-7,245,-13" owari="332,43.0,297,10.0,139,-36.0,232,-17.0" /></mjloggm>