<mjloggm ver="2.3"><GO type="41" lobby="0"/><UN n0="%68%61%6C%61%73%79" n1="%E7%A2%A7%E9%A2%A8" n2="%28%EF%BF%A3%D0%94%EF%BF%A3%29" n3="%E5%B0%B1%E6%B4%BB%E7%94%9F%40%E5%B7%9D%E6%9D%91%E8%BB%8D%E5%9B%A3" dan="15,13,15,16" rate="1950.57,1906.66,1992.05,2148.68" sx="F,M,F,M"/><TAIKYOKU oya="0"/><INIT seed="0,0,0,5,1,69" ten="250,250,250,250" oya="0" hai0="54,10,72,127,87,91,19,16,116,106,40,17,70" hai1="124,57,47,67,5,65,90,71,15,95,62,56,103" hai2="59,60,1,74,132,82,29,18,118,135,20,68,31" hai3="75,41,44,36,32,13,50,61,117,45,100,92,133"/><T24/><D116/><U130/><E130/><V97/><F118/><W35/><G117/><T88/><D106/><U8/><E124/><V113/><F68/><W125/><G75/><T115/><D72/><U42/><E103/><V81/><F1/><W58/><G125/><T33/><D115/><U83/><E83/><N who="2" m="31755" /><F74/><W37/><G133/><N who="2" m="51273" /><F97/><W107/><G107/><T93/><D70/><U105/><E105/><V77/><F77/><W121/><G121/><T86/><D127/><U110/><E67/><N who="2" m="39327" /><F113/><W66/><G13/><AGARI ba="0,0" hai="13,18,20,29,31" m="39327,51273,31755" machi="13" ten="30,1000,0" yaku="20,1" doraHai="69" who="2" fromWho="3" sc="250,0,250,0,250,10,250,-10" /><INIT seed="1,0,0,0,3,72" ten="250,250,260,240" oya="1" hai0="29,46,12,37,93,84,74,11,44,61,104,67,71" hai1="99,120,98,56,126,57,135,38,10,111,96,87,60" hai2="34,52,54,117,41,6,116,35,63,69,106,27,3" hai3="25,1,75,80,85,81,73,83,123,0,62,76,48"/><U30/><E38/><V113/><F106/><W131/><G123/><T15/><D104/><U65/><E120/><V9/><F41/><W130/><G62/><T133/><D74/><N who="3" m="28169" /><G48/><T115/><D133/><U129/><E129/><N who="3" m="49162" /><G25/><T50/><D115/><U124/><E135/><V4/><F113/><W39/><G39/><T101/><D37/><U109/><E30/><V24/><F63/><W33/><G33/><T20/><D46/><U103/><E10/><V95/><F95/><W17/><G17/><T36/><D36/><U132/><E132/><V91/><F91/><W31/><G31/><T68/><D68/><U102/><E87/><V2/><F9/><W125/><G125/><N who="1" m="48234" /><E56/><V86/><F86/><N who="3" m="48391" /><G81/><T77/><D15/><U66/><E65/><V64/><F64/><W119/><G119/><T43/><D11/><U21/><E21/><V47/><F47/><W94/><G94/><T18/><D29/><U55/><E66/><V53/><F53/><W28/><G28/><T14/><D93/><U114/><E114/><V89/><F69/><W40/><G40/><T100/><D14/><U97/><N who="1" m="24576" /><DORA hai="59" /><U7/><E7/><V122/><F116/><W78/><AGARI ba="0,0" hai="0,1,78,83,85" m="48391,49162,28169" machi="78" ten="30,4000,0" yaku="19,1,52,2" doraHai="72,59" who="3" fromWho="3" sc="250,-10,250,-20,260,-10,240,40" /><INIT seed="2,0,0,3,3,41" ten="240,230,250,280" oya="2" hai0="93,49,12,105,88,2,132,127,114,68,48,30,122" hai1="9,118,120,95,117,26,45,18,56,128,113,110,65" hai2="25,44,83,64,126,37,94,20,24,23,57,133,107" hai3="63,82,40,7,8,125,84,53,35,16,69,85,62"/><V17/><F107/><W73/><G35/><T51/><D122/><U91/><E120/><V36/><F126/><W112/><G112/><T101/><D114/><U129/><E113/><V58/><F133/><W39/><G125/><T98/><D127/><U115/><E115/><V38/><F83/><W55/><G73/><T111/><D132/><U81/><E81/><V75/><F75/><W99/><G69/><T96/><D111/><U6/><E110/><V50/><F64/><W90/><G39/><T108/><D108/><U92/><E65/><V22/><F94/><N who="3" m="56791" /><G40/><T109/><D2/><U104/><E104/><V15/><F15/><N who="3" m="7271" /><G7/><T19/><D68/><U130/><E56/><V102/><F102/><W76/><G85/><T121/><D109/><U28/><E18/><V4/><F4/><W27/><G27/><T134/><D121/><U11/><E92/><V72/><F72/><W46/><G55/><T10/><D30/><U59/><E59/><V135/><F135/><W13/><G13/><T131/><D134/><U5/><E118/><V29/><REACH who="2" step="1"/><F23/><REACH who="2" ten="240,230,240,280" step="2"/><W61/><G82/><T103/><D103/><U116/><E116/><V42/><AGARI ba="0,1" hai="17,20,22,24,25,29,36,37,38,42,44,50,57,58" machi="42" ten="30,11700,0" yaku="1,1,2,1,0,1,52,1,53,0" doraHai="41" doraHaiUra="106" who="2" fromWho="2" sc="240,-39,230,-39,240,127,280,-39" /><INIT seed="2,1,0,5,5,62" ten="201,191,367,241" oya="2" hai0="36,135,98,38,44,112,93,128,102,10,133,61,60" hai1="72,24,116,94,105,117,9,31,119,101,125,99,29" hai2="85,66,17,126,134,51,76,71,2,130,91,123,80" hai3="30,78,106,120,45,21,70,127,25,90,43,103,12"/><V86/><F123/><W124/><G70/><T59/><D112/><U97/><E72/><V19/><F126/><W58/><G120/><T53/><D128/><U65/><E65/><V55/><F130/><W129/><G78/><T13/><D44/><U83/><E83/><V110/><F2/><W115/><G129/><T7/><REACH who="0" step="1"/><D61/><REACH who="0" ten="191,191,367,241" step="2"/><U64/><E125/><V75/><F75/><W100/><G115/><T69/><D69/><U109/><E109/><V6/><F71/><W131/><G131/><T54/><D54/><U15/><E119/><V88/><F55/><W82/><G124/><T92/><D92/><U40/><E117/><V74/><F74/><W3/><G106/><T118/><D118/><U132/><E94/><V5/><F110/><W50/><G127/><T89/><D89/><U67/><E116/><V49/><F91/><W35/><G45/><T32/><D32/><U20/><E40/><V114/><F114/><W84/><G43/><T68/><D68/><U104/><E104/><V39/><F88/><W73/><G90/><T113/><D113/><U122/><E122/><V37/><F76/><W1/><G35/><T8/><D8/><U56/><E105/><V4/><F80/><W79/><G82/><T47/><D47/><U87/><E101/><V111/><F111/><W42/><G79/><T34/><D34/><U57/><E57/><V23/><F23/><W107/><G100/><T26/><D26/><U48/><E24/><V46/><F46/><W0/><G103/><T52/><D52/><U28/><E56/><V77/><F77/><W18/><G58/><RYUUKYOKU ba="1,1" sc="191,30,191,-10,367,-10,241,-10" hai0="7,10,13,36,38,53,59,60,93,98,102,133,135" /><INIT seed="3,2,1,5,4,11" ten="221,181,357,231" oya="3" hai0="73,80,51,6,134,83,71,116,56,23,67,106,84" hai1="30,7,101,60,39,27,72,1,131,38,94,79,32" hai2="120,103,2,9,126,98,42,5,119,87,59,28,132" hai3="74,33,49,135,123,41,34,57,63,48,89,37,19"/><W15/><G123/><T12/><D116/><U45/><E131/><V50/><F119/><W44/><G74/><T21/><D106/><U109/><E109/><V52/><F120/><W129/><G129/><T58/><D71/><U111/><E111/><V31/><F126/><W16/><G135/><T105/><D105/><U61/><E79/><V3/><F132/><W102/><G102/><T118/><D118/><U64/><E72/><V85/><F2/><W114/><G114/><T92/><D134/><U14/><E1/><V24/><F42/><W70/><G19/><T108/><D108/><U10/><E45/><V54/><F54/><N who="3" m="31943" /><G89/><T43/><D73/><U107/><E61/><V93/><REACH who="2" step="1"/><F31/><REACH who="2" ten="221,181,347,231" step="2"/><W77/><G49/><T40/><D43/><U4/><E39/><V75/><F75/><W104/><G104/><T35/><D51/><U112/><E38/><V68/><F68/><W96/><G70/><T130/><D40/><U95/><E112/><V78/><F78/><W124/><G77/><T29/><D130/><U62/><E107/><V81/><F81/><W53/><G124/><T115/><D29/><U113/><E113/><V100/><F100/><W65/><G53/><T133/><D83/><U0/><E0/><V90/><F90/><W20/><G41/><T121/><D80/><U117/><E117/><V47/><F47/><W8/><G44/><T110/><D121/><U91/><E91/><V82/><F82/><W125/><G125/><T55/><D115/><U127/><E101/><V128/><F128/><W22/><G37/><T17/><D55/><U76/><E127/><RYUUKYOKU ba="2,2" sc="221,-10,181,-10,347,30,231,-10" hai2="3,5,9,24,28,50,52,59,85,87,93,98,103" /><INIT seed="4,3,2,1,5,98" ten="211,171,377,221" oya="0" hai0="118,116,63,29,93,131,75,82,41,55,129,50,62" hai1="107,44,91,128,47,88,115,83,85,65,6,126,52" hai2="28,68,16,5,117,123,38,61,100,99,113,110,119" hai3="122,80,56,102,37,71,35,67,70,10,103,33,14"/><T54/><D29/><U105/><E126/><V53/><F110/><W114/><G37/><T79/><D93/><U8/><E65/><V19/><F38/><W42/><G114/><T69/><D82/><U124/><E124/><V120/><F113/><W57/><G122/><N who="2" m="46633" /><F5/><W13/><G42/><T25/><D25/><U21/><E128/><N who="0" m="49225" /><D79/><U27/><E91/><V64/><F53/><N who="0" m="19978" /><D75/><U108/><E44/><V134/><F28/><W32/><G80/><T36/><D69/><N who="3" m="26121" /><G67/><T78/><D78/><U51/><E108/><V72/><F72/><W101/><G10/><T111/><D111/><U92/><E83/><V43/><F43/><W89/><G89/><T130/><D130/><U76/><E76/><V22/><F22/><W74/><G74/><T77/><D77/><U39/><E39/><V125/><F125/><W17/><G17/><T127/><D127/><U73/><E73/><V24/><F19/><W59/><AGARI ba="3,2" hai="13,14,32,33,35,56,57,59,101,102,103" m="26121" machi="59" ten="50,12000,2" yaku="29,2,28,2,52,3" doraHai="98" who="3" fromWho="3" sc="211,-63,171,-33,377,-33,221,149" /><INIT seed="5,0,0,3,2,0" ten="148,138,344,370" oya="1" hai0="78,27,97,77,134,116,47,70,120,105,99,76,16" hai1="80,103,106,36,63,26,60,48,86,74,50,2,98" hai2="125,22,37,15,21,118,45,117,9,90,132,83,129" hai3="95,69,102,94,71,135,128,31,24,124,65,12,35"/><U23/><E2/><V46/><F125/><W58/><G124/><T30/><D116/><U121/><E36/><V111/><F111/><W113/><G113/><T43/><D120/><U108/><E121/><V72/><F129/><W88/><G128/><T20/><D70/><U6/><E108/><V112/><F112/><W114/><G114/><T38/><D134/><U4/><E74/><V110/><F110/><W68/><G135/><T107/><REACH who="0" step="1"/><D30/><REACH who="0" ten="138,138,344,370" step="2"/><U122/><E122/><V85/><F132/><W75/><G71/><T101/><D101/><U109/><E109/><V67/><F118/><W42/><G69/><T84/><D84/><U57/><E63/><V55/><F72/><W100/><G68/><T17/><D17/><U131/><E131/><V1/><F117/><W18/><G75/><T29/><D29/><U56/><E60/><V123/><F85/><W33/><G31/><T44/><D44/><U41/><E86/><N who="2" m="50527" /><F46/><W14/><G18/><T19/><D19/><U10/><E80/><V79/><F123/><W66/><G100/><T5/><D5/><U61/><E61/><V73/><F73/><W133/><G102/><T51/><D51/><U64/><E48/><V92/><F37/><W82/><G133/><T40/><D40/><U28/><E64/><V32/><F67/><W130/><G65/><T11/><D11/><U62/><E62/><V127/><F9/><W53/><G66/><T93/><D93/><U54/><E41/><V126/><F92/><W8/><G42/><T96/><AGARI ba="0,1" hai="16,20,27,38,43,47,76,77,78,96,97,99,105,107" machi="96" ten="30,4000,0" yaku="1,1,0,1,54,1,53,0" doraHai="0" doraHaiUra="91" who="0" fromWho="0" sc="138,50,138,-20,344,-10,370,-10" /><INIT seed="6,0,0,3,0,124" ten="188,118,334,360" oya="2" hai0="38,72,11,131,79,128,84,81,25,51,18,119,41" hai1="82,35,24,90,0,93,23,32,76,8,83,7,16" hai2="132,117,120,39,133,88,69,68,105,78,44,2,123" hai3="94,91,134,30,129,107,116,114,42,64,74,3,63"/><V66/><F2/><W50/><G3/><T31/><D119/><U102/><E102/><V96/><F78/><W53/><G107/><T122/><D122/><N who="2" m="46634" /><F117/><W98/><G116/><T6/><D38/><U75/><REACH who="1" step="1"/><E83/><REACH who="1" ten="188,108,334,360" step="2"/><V20/><F105/><W125/><G125/><T108/><D108/><U40/><E40/><V15/><F132/><W45/><G42/><T5/><D41/><U77/><E77/><V99/><F133/><W12/><G134/><T135/><D135/><U37/><E37/><V127/><F127/><W112/><G112/><T92/><D51/><U55/><E55/><V67/><F67/><W60/><G53/><T86/><D6/><U26/><E26/><V110/><F66/><W56/><G50/><T14/><D92/><U13/><E13/><V52/><F15/><W19/><G64/><T27/><D27/><U29/><E29/><V49/><F39/><W58/><G30/><T89/><D89/><U126/><E126/><V130/><F88/><W17/><G114/><T46/><D46/><U4/><E4/><V10/><F110/><W43/><G45/><T95/><D95/><U54/><E54/><V103/><F103/><W85/><G94/><T57/><D57/><U34/><E34/><V1/><F44/><W111/><G91/><T100/><D100/><U36/><E36/><V65/><F65/><W118/><G12/><T115/><D115/><U22/><E22/><V48/><F20/><W59/><G43/><T113/><D113/><U70/><E70/><N who="2" m="27243" /><F52/><W80/><G111/><T121/><D121/><U87/><AGARI ba="0,1" hai="0,7,8,16,23,24,32,35,75,76,82,87,90,93" machi="87" ten="20,5200,0" yaku="1,1,0,1,7,1,54,1,53,0" doraHai="124" doraHaiUra="101" who="1" fromWho="1" sc="188,-13,108,62,334,-26,360,-13" /><INIT seed="7,0,0,3,3,29" ten="175,170,308,347" oya="3" hai0="121,97,82,113,60,125,35,66,72,64,25,37,105" hai1="133,50,131,75,27,43,79,58,104,71,68,92,33" hai2="107,16,76,12,129,130,89,118,41,1,59,34,53" hai3="81,98,52,134,103,23,69,46,95,135,36,123,99"/><W110/><G123/><T70/><D121/><U84/><E133/><N who="3" m="50698" /><G69/><T109/><D109/><U51/><E75/><V4/><F118/><W11/><G110/><T114/><D125/><U10/><E104/><V9/><F107/><W115/><G115/><N who="0" m="44043" /><D64/><U85/><E10/><N who="2" m="6167" /><F76/><W42/><G52/><T47/><D47/><U78/><E131/><N who="2" m="50187" /><F41/><W22/><G11/><T128/><D128/><U26/><E92/><V86/><F86/><W20/><G98/><T6/><D82/><AGARI ba="0,0" hai="20,22,23,36,42,46,81,82,95,99,103" m="50698" machi="82" ten="30,1500,0" yaku="20,1" doraHai="29" who="3" fromWho="0" sc="175,-15,170,0,308,0,347,15" owari="160,-34.0,170,-23.0,308,11.0,362,46.0" /></mjloggm>