<mjloggm ver="2.3"><GO type="169" lobby="0"/><UN n0="%E3%81%BE%E3%81%AA%E3%81%84%E3%81%9F%E3%82%88%E3%81%86%E3%81%98%E3%82%87" n1="%E3%83%A8%E3%82%B3%E3%83%A8%E3%82%B3" n2="%E3%82%A6%E3%83%AB%E3%83%88%E3%83%A9%E7%AB%8B%E7%9B%B4" n3="%E9%81%A5%E3%83%9E%E3%83%BC%E3%82%AC%E3%83%AC%E3%83%83%E3%83%88" dan="17,16,16,16" rate="2119.77,2178.12,2106.73,2139.72" sx="M,M,M,F"/><TAIKYOKU oya="0"/><INIT seed="0,0,0,2,3,129" ten="250,250,250,250" oya="0" hai0="115,29,23,85,79,41,32,114,2,100,66,6,43" hai1="91,33,96,5,134,123,30,126,25,77,110,62,36" hai2="109,3,102,94,116,132,86,48,13,118,46,18,65" hai3="89,78,17,130,51,34,133,120,52,56,119,38,44"/><T50/><D66/><U10/><E123/><V61/><F3/><W71/><G119/><N who="2" m="45609" /><F109/><W92/><G130/><T42/><D100/><U54/><E110/><V108/><F108/><W99/><G71/><T95/><D32/><U69/><E36/><V7/><F7/><W125/><G120/><T75/><D75/><U58/><E126/><V26/><F26/><W37/><G34/><T122/><D122/><U19/><E77/><V88/><F102/><W73/><G125/><T45/><D2/><U4/><E69/><V0/><F0/><W15/><G133/><T27/><D6/><U59/><E134/><V135/><F61/><W81/><REACH who="3" step="1"/><G56/><REACH who="3" ten="250,250,250,240" step="2"/><T74/><D115/><U31/><E59/><V104/><F104/><W97/><G97/><T76/><D114/><U53/><E33/><V72/><F72/><W24/><G24/><T84/><D74/><U64/><E25/><V87/><F86/><N who="0" m="33386" /><D95/><U105/><E96/><V35/><F35/><W55/><G55/><AGARI ba="0,1" hai="23,27,29,41,42,43,45,50,55,76,79" m="33386" machi="55" ten="30,1500,0" yaku="8,1" doraHai="129" who="0" fromWho="3" sc="250,25,250,0,250,0,240,-15" /><INIT seed="0,1,0,5,3,74" ten="275,250,250,225" oya="0" hai0="19,39,99,28,7,89,131,43,114,33,126,125,127" hai1="11,1,116,48,27,40,133,32,20,123,103,96,106" hai2="115,41,5,82,105,77,80,4,59,70,2,91,72" hai3="8,79,64,30,23,97,31,122,132,29,15,119,10"/><T102/><D114/><U0/><E123/><V24/><F70/><W52/><G119/><T45/><D7/><U25/><E116/><V112/><F105/><W12/><G64/><T16/><D89/><U93/><E133/><V107/><F107/><W34/><G34/><T18/><D131/><U46/><E11/><V128/><F128/><W134/><G97/><T81/><D81/><U17/><REACH who="1" step="1"/><E106/><REACH who="1" ten="275,240,250,225" step="2"/><V38/><F115/><W92/><G122/><T83/><D33/><U67/><E67/><V21/><F112/><W75/><G8/><T121/><D121/><U104/><E104/><V53/><F2/><W85/><G10/><T49/><D28/><AGARI ba="1,1" hai="0,1,17,20,25,27,28,32,40,46,48,93,96,103" machi="28" ten="40,1300,0" yaku="1,1,53,0" doraHai="74" doraHaiUra="57" who="1" fromWho="0" sc="275,-16,240,26,250,0,225,0" /><INIT seed="1,0,0,4,4,44" ten="259,266,250,225" oya="1" hai0="134,55,109,117,64,37,53,4,114,51,12,56,38" hai1="113,25,84,41,7,52,93,36,121,54,106,122,58" hai2="40,135,107,9,67,20,65,31,108,130,26,6,14" hai3="132,70,123,19,82,2,124,15,63,92,128,61,28"/><U102/><E113/><V72/><F107/><W97/><G2/><T120/><D114/><U22/><E7/><V62/><F72/><W125/><G123/><T24/><D117/><U78/><E106/><V127/><F108/><W90/><G132/><T57/><D109/><U74/><E74/><V104/><F104/><W32/><G128/><T133/><D24/><U91/><E102/><V76/><F135/><N who="0" m="51722" /><D120/><U89/><E78/><V83/><F130/><W99/><G32/><T96/><D96/><U68/><E68/><V17/><F127/><N who="3" m="48715" /><G28/><T33/><D33/><U29/><E41/><V116/><F116/><W30/><G30/><T48/><D64/><U118/><E36/><N who="0" m="13929" /><D12/><U47/><E118/><V35/><F40/><W119/><G119/><T45/><D4/><U39/><E39/><V131/><F131/><W18/><G70/><T129/><D129/><U69/><E69/><V95/><F65/><W50/><G99/><T3/><D3/><U94/><E47/><AGARI ba="0,0" hai="45,47,48,51,53,55,56,57" m="13929,51722" machi="47" ten="30,8000,1" yaku="20,1,34,2,52,2" doraHai="44" who="0" fromWho="1" sc="259,80,266,-80,250,0,225,0" /><INIT seed="2,0,0,5,1,102" ten="339,186,250,225" oya="2" hai0="65,33,64,1,68,49,104,57,121,90,132,70,63" hai1="96,103,8,66,15,50,2,24,113,114,44,127,3" hai2="133,19,0,107,67,6,75,42,98,12,130,52,79" hai3="41,93,112,14,62,105,47,16,72,20,125,120,51"/><V40/><F130/><W134/><G112/><T48/><D1/><U55/><E127/><V110/><F133/><W106/><G125/><T30/><D121/><U124/><E124/><V77/><F110/><W89/><G120/><T115/><D115/><U17/><E114/><V131/><F67/><W18/><G72/><T108/><D108/><U100/><E113/><V122/><F131/><W58/><G18/><T128/><D128/><U13/><E100/><V31/><F31/><W99/><G134/><T85/><D132/><U116/><E116/><V109/><F109/><W94/><G93/><T88/><D90/><U61/><E24/><V28/><F28/><W118/><G118/><T87/><D87/><U78/><E15/><V101/><F122/><W80/><G80/><T119/><D119/><U29/><E78/><V97/><F97/><W73/><G73/><T111/><D111/><U43/><E29/><V10/><F52/><AGARI ba="0,0" hai="14,16,20,41,47,51,52,58,62,89,94,99,105,106" machi="52" ten="30,8000,1" yaku="7,1,52,2,54,2" doraHai="102" who="3" fromWho="2" sc="339,0,186,0,250,-80,225,80" /><INIT seed="3,0,0,2,1,99" ten="339,186,170,305" oya="3" hai0="33,8,51,66,83,92,50,115,74,44,126,76,0" hai1="61,109,22,54,52,107,16,104,77,75,103,49,117" hai2="119,23,62,88,93,135,53,15,35,65,110,111,121" hai3="96,120,3,58,37,6,59,32,116,31,98,87,101"/><W86/><G116/><T78/><D33/><U48/><E109/><N who="2" m="41483" /><F35/><W91/><G37/><T80/><D126/><U113/><E117/><V70/><F119/><W125/><G120/><T82/><D66/><U17/><E113/><V118/><F118/><W69/><G69/><T122/><D122/><U46/><E61/><V29/><F121/><W57/><G125/><T90/><D115/><U34/><E34/><V67/><F135/><W127/><G127/><T134/><D134/><U124/><E124/><V84/><F67/><W19/><G3/><T20/><D20/><U7/><E7/><V30/><F53/><W4/><G32/><T41/><D74/><U132/><E132/><V106/><F106/><W100/><G31/><T13/><D51/><U56/><E103/><N who="3" m="39498" /><G19/><AGARI ba="0,0" hai="15,19,23,29,30,62,65,70,84,88,93" m="41483" machi="19" ten="30,2000,0" yaku="14,1,54,1" doraHai="99" who="2" fromWho="3" sc="339,0,186,0,170,20,305,-20" /><INIT seed="4,0,0,0,5,40" ten="339,186,190,285" oya="0" hai0="57,5,52,105,98,71,19,10,29,39,28,54,115" hai1="46,56,3,117,120,135,123,65,22,12,72,44,114" hai2="16,13,0,92,77,79,129,37,93,53,82,102,80" hai3="7,32,116,49,112,127,21,1,67,101,51,17,45"/><T61/><D71/><U121/><E3/><V4/><F37/><W81/><G112/><T134/><D115/><U99/><E114/><V84/><F4/><W47/><G127/><T73/><D73/><U14/><E117/><V33/><F33/><W122/><G32/><T8/><D134/><U75/><E135/><V95/><F0/><W43/><G116/><T6/><D19/><U50/><E99/><V60/><F129/><W11/><G122/><T96/><D39/><U86/><E86/><V35/><F35/><W42/><G67/><T58/><D105/><U55/><E65/><V104/><F104/><W106/><G81/><T27/><D27/><U113/><E113/><V118/><F118/><W83/><G83/><T119/><D119/><U30/><E12/><V24/><F24/><W59/><G59/><T91/><D61/><U132/><E132/><V130/><F130/><W48/><G106/><T131/><D131/><U100/><E100/><V9/><F102/><W34/><G34/><T126/><REACH who="0" step="1"/><D91/><REACH who="0" ten="329,186,190,285" step="2"/><U111/><E72/><V62/><REACH who="2" step="1"/><F53/><REACH who="2" ten="329,186,180,285" step="2"/><W125/><G101/><T23/><D23/><U15/><E22/><V2/><F2/><W64/><G1/><T108/><D108/><U41/><E111/><V25/><F25/><W70/><G21/><T97/><D97/><U26/><E55/><V89/><F89/><W90/><G90/><T109/><D109/><U133/><E26/><V87/><AGARI ba="0,2" hai="9,13,16,60,62,77,79,80,82,84,87,92,93,95" machi="87" ten="30,8000,1" yaku="1,1,0,1,9,1,8,1,54,1,53,0" doraHai="40" doraHaiUra="110" who="2" fromWho="2" sc="329,-40,186,-20,180,100,285,-20" /><INIT seed="5,0,0,0,0,27" ten="289,166,280,265" oya="1" hai0="15,124,37,33,3,75,0,111,54,78,107,91,129" hai1="114,9,96,85,72,30,90,12,112,11,13,17,6" hai2="109,25,26,74,82,71,31,134,40,128,95,115,76" hai3="20,2,86,131,70,83,65,45,10,1,123,4,92"/><U105/><E72/><V56/><F71/><W100/><G123/><T84/><D37/><U44/><E44/><V120/><F120/><W87/><G131/><T133/><D111/><U102/><REACH who="1" step="1"/><E30/><REACH who="1" ten="289,156,280,265" step="2"/><V50/><F74/><W69/><G45/><T130/><D75/><U88/><E88/><V34/><F31/><W61/><G100/><T80/><D91/><U108/><E108/><V46/><F109/><W47/><G47/><T110/><D110/><U35/><E35/><V77/><F34/><W22/><G70/><T93/><D33/><U18/><E18/><V73/><F73/><W125/><G69/><T135/><D129/><U32/><E32/><V97/><F128/><W64/><G4/><T49/><D130/><U94/><AGARI ba="0,1" hai="6,9,11,12,13,17,85,90,94,96,102,105,112,114" machi="94" ten="30,3000,0" yaku="1,1,0,1,53,0" doraHai="27" doraHaiUra="60" who="1" fromWho="1" sc="289,-10,156,40,280,-10,265,-10" /><INIT seed="5,1,0,0,2,19" ten="279,196,270,255" oya="1" hai0="61,57,39,26,113,0,107,41,22,12,87,86,60" hai1="1,7,105,119,59,135,94,91,84,21,76,93,114" hai2="8,116,92,80,109,85,47,18,110,71,88,75,126" hai3="106,65,69,123,49,74,83,51,111,62,122,67,27"/><U23/><E119/><V2/><F71/><W42/><G111/><T127/><D0/><U128/><E105/><V104/><F116/><W70/><G106/><T89/><D107/><U66/><E114/><V64/><F64/><W17/><G67/><T10/><D113/><U6/><E76/><N who="2" m="44063" /><F18/><W134/><G69/><T82/><D127/><U25/><E135/><V13/><F13/><W103/><G103/><T131/><D131/><U38/><E38/><V50/><F50/><W35/><G134/><T117/><D117/><U56/><E128/><V120/><F120/><W95/><G49/><T45/><D86/><U79/><E1/><V37/><F104/><W9/><G35/><T73/><D73/><U96/><E66/><V14/><F14/><W132/><G132/><T24/><D24/><U43/><E43/><N who="2" m="23023" /><F126/><W11/><G51/><T98/><D98/><U78/><E79/><V63/><F63/><W32/><G32/><T108/><D108/><U81/><E93/><V16/><F16/><W121/><G95/><T34/><D34/><U29/><REACH who="1" step="1"/><E23/><REACH who="1" ten="279,186,270,255" step="2"/><V118/><F118/><W129/><G129/><T101/><D22/><U31/><E31/><V100/><F110/><W133/><G133/><T52/><D41/><U36/><E36/><V44/><F109/><W90/><G42/><T124/><D39/><U33/><E33/><V115/><F115/><W97/><G121/><T54/><D124/><U40/><E40/><V68/><F92/><N who="3" m="56471" /><G122/><T46/><D54/><U55/><E55/><V20/><F2/><W48/><G123/><T30/><D52/><U53/><E53/><RYUUKYOKU ba="1,1" sc="279,-10,186,30,270,-10,255,-10" hai1="6,7,21,25,29,56,59,78,81,84,91,94,96" /><INIT seed="5,2,1,4,2,58" ten="269,216,260,245" oya="1" hai0="23,24,103,46,36,85,74,71,123,81,32,87,55" hai1="52,96,101,90,109,1,60,124,73,37,125,110,56" hai2="117,130,134,99,62,67,22,98,131,18,75,129,66" hai3="113,28,89,20,104,48,64,69,16,97,118,44,0"/><U19/><E37/><V6/><F117/><W39/><G118/><T53/><D32/><U45/><E1/><V92/><F134/><W11/><G113/><T33/><D33/><U41/><E73/><V83/><F6/><W7/><G39/><T15/><D103/><U105/><E90/><V17/><F67/><W65/><G69/><T26/><D71/><U93/><E105/><V3/><F3/><W47/><G28/><T115/><D115/><U127/><REACH who="1" step="1"/><E19/><REACH who="1" ten="269,206,260,245" step="2"/><V100/><F75/><W34/><G89/><T57/><D74/><U128/><E128/><V68/><F18/><W122/><G16/><N who="0" m="10655" /><D36/><U80/><E80/><V14/><F98/><W50/><G97/><T112/><D81/><AGARI ba="2,2" hai="14,17,22,62,66,68,81,83,92,99,100,129,130,131" machi="81" ten="40,2600,0" yaku="19,1,52,1" doraHai="58" who="2" fromWho="0" sc="269,-32,206,0,260,52,245,0" /><INIT seed="6,0,0,2,5,0" ten="237,206,312,245" oya="2" hai0="71,2,25,87,60,75,108,99,104,133,24,124,58" hai1="97,37,7,94,129,59,120,119,123,43,9,127,20" hai2="55,6,36,49,29,80,113,31,114,117,52,89,63" hai3="109,111,135,81,21,39,122,34,130,91,23,84,131"/><V40/><F117/><W103/><G122/><N who="1" m="46634" /><E119/><V96/><F40/><W126/><G34/><T77/><D108/><U48/><E37/><V11/><F36/><W132/><G39/><T14/><D2/><N who="1" m="247" /><E127/><V90/><F63/><W73/><G103/><T44/><D71/><U32/><E32/><V83/><F96/><W72/><G23/><T45/><D75/><N who="3" m="28745" /><G21/><T128/><D124/><U101/><E129/><N who="3" m="49162" /><G126/><T4/><D104/><U82/><E20/><V66/><F66/><W47/><G47/><N who="0" m="17995" /><D99/><U79/><E43/><V65/><F65/><W19/><G19/><T76/><D133/><AGARI ba="0,0" hai="81,84,91,109,111,132,133,135" m="49162,28745" machi="133" ten="40,8000,1" yaku="20,1,19,1,34,2" doraHai="0" who="3" fromWho="0" sc="237,-80,206,0,312,0,245,80" /><INIT seed="7,0,0,2,4,15" ten="157,206,312,325" oya="3" hai0="59,55,2,72,96,114,126,57,107,32,76,124,87" hai1="60,38,33,21,19,29,54,10,41,31,94,131,3" hai2="128,102,28,30,117,127,83,50,7,9,100,69,105" hai3="111,14,48,39,88,86,84,11,23,91,130,81,120"/><W45/><G120/><T44/><D2/><U82/><E131/><V8/><F69/><W34/><G34/><T104/><D32/><U1/><E94/><V110/><F110/><W65/><G130/><T12/><D72/><U16/><E82/><V0/><F128/><W46/><G39/><T132/><D132/><U90/><E90/><V68/><F68/><W78/><G65/><T53/><D44/><U133/><E133/><V99/><F117/><W77/><G23/><T108/><D108/><U121/><E121/><V74/><F127/><W115/><G115/><T27/><D27/><U73/><E73/><V80/><F102/><W79/><G48/><T71/><D71/><U112/><E112/><V119/><F119/><W20/><G20/><T52/><D114/><U129/><E129/><V109/><F109/><W35/><G35/><T49/><D12/><U5/><E1/><V17/><F50/><W75/><G75/><T62/><D55/><U89/><E89/><V26/><F80/><N who="3" m="49159" /><G111/><T36/><D36/><U93/><E38/><V95/><F105/><W25/><G25/><T98/><D87/><U64/><E33/><V56/><F56/><W116/><G116/><T118/><D118/><U103/><E3/><V101/><F101/><W63/><G63/><T106/><REACH who="0" step="1"/><D76/><REACH who="0" ten="147,206,312,325" step="2"/><U13/><E13/><N who="2" m="7343" /><F26/><W134/><G134/><T24/><D24/><U92/><E54/><V125/><F125/><AGARI ba="0,1" hai="49,52,53,57,59,62,96,98,104,106,107,124,125,126" machi="125" ten="50,6400,0" yaku="1,1,18,1,54,1,53,0" doraHai="15" doraHaiUra="67" who="0" fromWho="2" sc="147,74,206,0,312,-64,325,0" owari="221,-18.0,206,-29.0,248,5.0,325,42.0" /></mjloggm>