<mjloggm ver="2.3"><GO type="41" lobby="0"/><UN n0="%E5%B0%B1%E6%B4%BB%E7%94%9F%40%E5%B7%9D%E6%9D%91%E8%BB%8D%E5%9B%A3" n1="%E5%A4%A9%E5%9F%8E%E5%B0%8F%E6%AC%A1%E9%83%8E" n2="%6D%69%79%61%79%61" n3="%61%79%61%74%61%6B%75%31" dan="14,15,14,13" rate="1964.50,1942.95,1924.15,1820.75" sx="M,M,F,M"/><TAIKYOKU oya="0"/><INIT seed="0,0,0,4,4,85" ten="250,250,250,250" oya="0" hai0="89,130,51,6,21,91,75,66,61,65,57,58,3" hai1="133,13,115,106,86,9,1,108,45,0,134,38,119" hai2="76,84,22,98,19,104,95,122,49,30,109,34,90" hai3="15,25,16,99,55,56,102,94,103,36,128,20,42"/><T59/><BYE who="1" /><D75/><U8/><E8/><V50/><F109/><W35/><G128/><T53/><D130/><U71/><E71/><V60/><F122/><W80/><G80/><T33/><D33/><U41/><E41/><V79/><F34/><W105/><G105/><T78/><D78/><N who="2" m="29738" /><F104/><W120/><G120/><T31/><D3/><U26/><E26/><N who="2" m="16727" /><F60/><W97/><G42/><T67/><D6/><U27/><E27/><V127/><F127/><W69/><G69/><T5/><D5/><U118/><E118/><V46/><F46/><W24/><G36/><T68/><D68/><U110/><E110/><V37/><F37/><W47/><G47/><N who="0" m="27903" /><D61/><U96/><E96/><V101/><F19/><W64/><G64/><T73/><D73/><U112/><E112/><V52/><F52/><W32/><G32/><T23/><D31/><U135/><E135/><V111/><F111/><W48/><G35/><T100/><D100/><N who="3" m="38441" /><G99/><UN n1="%E5%A4%A9%E5%9F%8E%E5%B0%8F%E6%AC%A1%E9%83%8E" /><T17/><D23/><U114/><E108/><V40/><F40/><W7/><G7/><T74/><D74/><U83/><E106/><V116/><F116/><W28/><G28/><T44/><D44/><U113/><E119/><V62/><F62/><W10/><G20/><T117/><D117/><U11/><E133/><V93/><AGARI ba="0,0" hai="49,50,84,90,93,95,98,101" m="16727,29738" machi="93" ten="30,2000,0" yaku="8,1,52,1" doraHai="85" who="2" fromWho="2" sc="250,-10,250,-5,250,20,250,-5" /><INIT seed="1,0,0,0,3,36" ten="240,245,270,245" oya="1" hai0="7,133,26,37,70,110,106,13,34,130,10,102,76" hai1="108,104,11,60,23,64,2,9,12,116,124,22,51" hai2="31,122,52,43,40,117,24,81,85,134,67,28,128" hai3="0,80,4,53,93,20,55,46,21,77,35,1,44"/><U109/><E116/><V86/><F122/><W105/><G35/><T54/><D130/><U101/><E124/><V118/><F117/><W48/><G93/><T79/><D70/><U135/><E135/><V123/><F118/><W32/><G32/><T14/><D133/><U129/><E129/><V29/><F123/><W5/><G77/><T88/><D110/><N who="1" m="42603" /><E51/><V87/><F67/><W111/><G111/><T69/><D69/><N who="1" m="42119" /><E2/><V38/><F38/><W126/><G126/><T94/><D37/><U74/><E74/><V115/><F115/><W100/><G100/><T112/><D112/><U25/><E12/><V71/><F71/><W68/><G68/><T59/><D14/><U119/><E119/><V49/><F134/><W3/><G80/><T91/><D106/><U78/><E78/><N who="2" m="46263" /><F24/><W66/><G105/><T107/><D107/><U16/><E23/><V6/><F128/><W125/><G125/><T98/><D26/><U95/><E104/><V73/><F73/><W63/><G20/><T89/><REACH who="0" step="1"/><D34/><REACH who="0" ten="230,245,270,245" step="2"/><U84/><E84/><N who="2" m="32299" /><F6/><W30/><G5/><T19/><D19/><U131/><E131/><V57/><AGARI ba="0,1" hai="28,29,31,40,43,49,52,57" m="32299,46263" machi="57" ten="30,7900,0" yaku="8,1,52,2,54,1" doraHai="36" who="2" fromWho="2" sc="230,-20,245,-39,270,89,245,-20" /><INIT seed="2,0,0,0,5,45" ten="210,206,359,225" oya="2" hai0="127,115,40,57,113,121,38,125,128,16,67,99,12" hai1="101,61,116,69,55,26,10,3,81,36,129,50,34" hai2="87,108,92,14,132,100,44,78,70,53,0,74,54" hai3="122,77,133,68,86,123,119,46,80,60,96,41,89"/><V124/><F0/><W82/><G119/><T21/><D121/><U118/><E36/><V73/><F132/><W83/><G133/><T91/><D128/><U35/><E129/><V71/><F124/><N who="0" m="47690" /><D38/><U32/><E101/><V8/><F108/><W58/><G68/><T29/><D29/><U49/><E26/><V9/><F73/><W135/><G135/><T25/><D40/><U15/><E3/><V64/><F74/><W51/><G96/><T4/><D67/><U107/><E107/><V120/><F120/><W59/><G59/><T93/><D57/><U65/><E81/><N who="2" m="47543" /><F71/><W131/><G131/><T85/><D99/><U79/><E79/><V6/><F70/><W75/><G82/><T31/><D4/><U97/><E97/><N who="2" m="59431" /><F64/><AGARI ba="0,0" hai="41,46,51,58,60,64,75,77,80,83,86,89,122,123" machi="64" ten="30,2000,0" yaku="7,1,52,1" doraHai="45" who="3" fromWho="2" sc="210,0,206,0,359,-20,225,20" /><INIT seed="3,0,0,4,2,91" ten="210,206,339,245" oya="3" hai0="4,81,117,36,123,49,21,127,85,124,115,6,114" hai1="92,97,107,26,40,82,5,22,101,52,111,77,57" hai2="20,68,122,16,113,3,0,11,59,25,51,116,72" hai3="78,47,87,34,43,95,86,130,44,110,99,41,105"/><W55/><G34/><T53/><D36/><U37/><E111/><V74/><F113/><N who="0" m="43018" /><D123/><U31/><E5/><N who="0" m="2153" /><D117/><U100/><E37/><V120/><F116/><W129/><G105/><T24/><D81/><U108/><E40/><V38/><F68/><W69/><G69/><T39/><D39/><U76/><E108/><V63/><F11/><W128/><G110/><T14/><D85/><N who="3" m="32265" /><G78/><N who="1" m="30314" /><E107/><V121/><F51/><N who="3" m="29159" /><G47/><T29/><D53/><U8/><E82/><V7/><F7/><W45/><G45/><T12/><D49/><N who="1" m="30863" /><E8/><V134/><F134/><W10/><G10/><T131/><D131/><N who="3" m="33537" /><W98/><DORA hai="84" /><G98/><T93/><D93/><U56/><E56/><V135/><F135/><W80/><G80/><T96/><D96/><U19/><E101/><AGARI ba="0,0" hai="41,43,95,99,101" m="33537,29159,32265" machi="101" ten="40,3900,0" yaku="19,1,52,1" doraHai="91,84" who="3" fromWho="1" sc="210,0,206,-39,339,0,245,39" /><INIT seed="3,1,0,0,4,52" ten="210,167,339,284" oya="3" hai0="40,19,5,0,66,59,124,49,119,117,114,129,69" hai1="99,94,113,24,34,15,102,125,10,7,115,4,42" hai2="87,74,106,47,133,120,90,77,126,127,57,53,35" hai3="97,101,67,36,37,25,86,109,128,104,28,2,55"/><W121/><G121/><T89/><D0/><U16/><E125/><N who="2" m="47627" /><F133/><W100/><G2/><T96/><D5/><U32/><E42/><V130/><F130/><W73/><G73/><T85/><D124/><U60/><E60/><V68/><F120/><W17/><G128/><T92/><D129/><U62/><E62/><V48/><F68/><W123/><G123/><T135/><D114/><U41/><E41/><V29/><F106/><W6/><G6/><T12/><D135/><U39/><E39/><V31/><F35/><W79/><G67/><T70/><D66/><U103/><E103/><V111/><F111/><W50/><G100/><T8/><D70/><U72/><E72/><V82/><F47/><W44/><G17/><T131/><D69/><U21/><E4/><V84/><F74/><W76/><G109/><T22/><D131/><U132/><REACH who="1" step="1"/><E132/><REACH who="1" ten="210,157,339,284" step="2"/><V122/><F122/><W65/><G37/><T78/><D119/><U80/><E80/><AGARI ba="1,1" hai="29,31,48,53,57,77,80,82,84,87,90" m="47627" machi="80" ten="30,2000,0" yaku="18,1,52,1" doraHai="52" who="2" fromWho="1" sc="210,0,157,-23,339,33,284,0" /><INIT seed="4,0,0,0,4,32" ten="210,134,372,284" oya="0" hai0="29,70,21,16,30,82,63,92,38,88,127,51,114" hai1="96,35,54,133,119,49,83,115,67,68,108,17,18" hai2="71,89,5,69,124,111,87,106,23,27,14,105,15" hai3="37,40,94,101,76,99,60,118,47,12,36,85,81"/><T125/><D38/><U44/><E119/><V50/><F111/><W91/><G118/><T41/><D114/><U53/><E35/><V95/><F124/><N who="0" m="47690" /><D82/><U78/><E115/><V135/><F135/><W100/><G36/><T48/><D70/><U6/><E108/><V98/><F71/><W45/><G45/><N who="0" m="25647" /><D51/><U22/><E49/><V104/><F69/><W58/><G12/><N who="0" m="9351" /><D63/><U84/><E68/><V24/><F24/><W120/><REACH who="3" step="1"/><G120/><REACH who="3" ten="210,134,372,274" step="2"/><T113/><D113/><U43/><E44/><V61/><F15/><W4/><G4/><T42/><D42/><U107/><E43/><V55/><F14/><W31/><G31/><T52/><D52/><AGARI ba="0,1" hai="37,40,47,52,58,60,76,81,85,91,94,99,100,101" machi="52" ten="30,7700,0" yaku="1,1,7,1,54,1,53,1" doraHai="32" doraHaiUra="93" who="3" fromWho="0" sc="210,-77,134,0,372,0,274,87" /><INIT seed="5,0,0,3,3,101" ten="133,134,372,361" oya="1" hai0="19,106,133,128,115,54,22,68,4,41,10,0,84" hai1="34,126,123,15,29,110,58,92,71,117,44,122,37" hai2="89,9,12,2,64,90,120,13,99,6,63,51,85" hai3="75,21,32,62,103,43,108,73,112,42,47,78,87"/><U57/><E117/><V100/><F120/><W107/><G108/><T74/><D74/><U130/><E71/><V98/><F51/><W121/><G121/><T45/><D68/><U39/><E34/><V52/><F64/><W11/><G32/><T33/><D33/><U111/><E29/><V53/><F90/><W24/><G112/><T16/><D106/><U95/><E15/><N who="2" m="5559" /><F100/><W104/><G11/><T86/><D115/><U14/><E14/><N who="2" m="5739" /><F2/><W102/><G62/><T23/><D128/><U1/><E130/><V17/><F17/><W7/><G75/><T61/><D133/><U135/><E135/><V76/><F76/><W119/><G73/><T8/><D8/><U18/><E18/><V26/><F26/><W50/><G119/><T55/><D22/><U59/><E59/><N who="2" m="35303" /><F53/><W30/><G7/><T35/><D35/><U83/><E1/><V125/><F125/><W82/><REACH who="3" step="1"/><G42/><REACH who="3" ten="133,134,372,351" step="2"/><T93/><D61/><U124/><E122/><V36/><F36/><W46/><G46/><T134/><D134/><U49/><E123/><V3/><F3/><W69/><G69/><T132/><D132/><U40/><E44/><V70/><F70/><W97/><G97/><T38/><D54/><U27/><E40/><V129/><F129/><W131/><G131/><T25/><D55/><U127/><E127/><V105/><F99/><W56/><G56/><T80/><D4/><U72/><E72/><V31/><F98/><W81/><G81/><T77/><D0/><U94/><E83/><V118/><F118/><W91/><G91/><N who="0" m="53479" /><D10/><U79/><E124/><V88/><F89/><RYUUKYOKU ba="0,1" sc="133,15,134,-15,372,-15,351,15" hai0="16,19,23,25,38,41,45,77,80,86" hai3="21,24,30,43,47,50,78,82,87,102,103,104,107" /><INIT seed="6,1,1,4,1,48" ten="148,119,357,366" oya="2" hai0="134,65,5,70,40,107,58,83,53,55,1,0,131" hai1="96,94,99,30,130,122,125,75,25,42,68,46,23" hai2="51,121,11,7,110,50,43,85,26,129,93,97,73" hai3="123,2,71,29,92,82,4,63,52,44,16,15,84"/><V80/><F121/><W133/><G123/><T61/><D107/><U9/><E75/><V103/><F73/><W28/><G133/><T32/><D32/><U79/><E68/><V3/><F129/><W77/><G2/><T57/><D134/><U91/><E122/><V36/><F110/><W41/><G4/><T78/><D131/><U81/><E130/><V112/><F112/><W89/><G71/><T21/><D40/><U10/><E125/><V128/><F128/><W74/><G63/><T12/><D70/><U100/><E79/><V105/><F105/><W35/><G35/><T60/><D65/><U135/><E135/><V17/><F36/><W111/><G111/><T132/><D132/><U104/><REACH who="1" step="1"/><E81/><REACH who="1" ten="148,109,357,366" step="2"/><V117/><F117/><W95/><G74/><T86/><D5/><U56/><E56/><V39/><F80/><W118/><G118/><T66/><D66/><U20/><E20/><V108/><F108/><W19/><G77/><T115/><D115/><U14/><E14/><V62/><F7/><W114/><G114/><T69/><D69/><U33/><E33/><V98/><F3/><W64/><G15/><T37/><D37/><AGARI ba="1,2" hai="9,10,23,25,30,37,42,46,91,94,96,99,100,104" machi="37" ten="30,3900,0" yaku="1,1,7,1,53,1" doraHai="48" doraHaiUra="88" who="1" fromWho="0" sc="148,-42,109,62,357,0,366,0" /><INIT seed="7,0,0,4,5,79" ten="106,171,357,366" oya="3" hai0="102,62,85,29,125,68,40,99,44,72,61,119,6" hai1="1,59,95,84,23,91,112,3,134,82,78,74,122" hai2="53,83,104,107,0,37,54,46,51,100,35,57,31" hai3="9,70,24,111,93,120,101,5,105,73,110,116,109"/><W89/><G116/><T42/><D72/><U128/><E122/><V87/><F0/><W103/><G120/><T14/><D119/><U18/><E112/><V71/><F71/><W80/><G70/><T48/><D125/><U106/><E106/><V21/><F35/><W130/><G130/><T92/><D40/><U25/><E128/><V43/><F100/><W69/><G69/><T113/><D68/><U135/><E59/><V124/><F124/><W47/><G47/><T90/><D113/><U28/><E28/><V32/><F32/><W27/><G105/><T67/><D29/><U36/><E36/><V26/><F54/><W115/><G115/><T114/><D114/><U13/><E13/><V77/><AGARI ba="0,0" hai="21,26,31,37,43,46,51,53,57,77,83,87,104,107" machi="77" ten="20,2700,0" yaku="0,1,7,1,52,1" doraHai="79" who="2" fromWho="2" sc="106,-7,171,-7,357,27,366,-13" owari="99,-40.0,164,-24.0,384,49.0,353,15.0" /></mjloggm>