<mjloggm ver="2.3"><GO type="169" lobby="0"/><UN n0="%E3%83%81%E3%83%81%E3%82%AB%E3%82%AB%E6%B9%96" n1="%E3%81%91%E3%82%93%31%39%37%30" n2="%65%72%6F%67%72%65%65%6E" n3="%E3%82%A6%E3%83%AB%E3%83%88%E3%83%A9%E7%AB%8B%E7%9B%B4" dan="16,16,17,17" rate="2142.47,2101.78,2150.33,2197.70" sx="M,M,M,M"/><TAIKYOKU oya="0"/><INIT seed="0,0,0,4,1,37" ten="250,250,250,250" oya="0" hai0="87,31,81,50,126,53,91,106,55,132,119,124,35" hai1="24,48,84,32,14,15,62,23,34,61,96,12,22" hai2="69,67,82,98,38,95,5,89,26,19,4,72,109" hai3="54,134,116,94,56,10,51,93,43,36,79,3,17"/><T108/><D119/><U85/><E96/><V59/><F69/><W125/><G116/><T97/><D132/><U66/><E48/><V120/><F109/><W28/><G134/><T112/><D112/><U113/><E24/><V114/><F114/><W83/><G125/><N who="0" m="48235" /><D108/><U30/><E113/><V135/><F38/><W20/><G28/><T118/><D118/><U57/><E30/><V16/><F120/><W70/><G70/><T52/><D31/><U77/><E77/><V73/><F73/><W123/><G123/><T21/><D35/><U131/><E131/><V105/><F105/><W100/><G100/><N who="0" m="62735" /><D21/><U133/><E133/><V80/><F72/><W107/><G107/><T42/><D42/><U129/><E129/><V127/><F135/><W11/><G43/><T71/><D71/><U46/><E46/><AGARI ba="0,0" hai="46,50,52,53,55,81,87,91" m="62735,48235" machi="46" ten="30,2900,0" yaku="18,1,54,1" doraHai="37" who="0" fromWho="1" sc="250,29,250,-29,250,0,250,0" /><INIT seed="0,1,0,5,5,95" ten="279,221,250,250" oya="0" hai0="72,103,117,15,80,21,120,25,57,38,115,48,118" hai1="32,67,104,74,98,99,108,124,49,127,123,105,87" hai2="29,50,53,135,9,51,111,17,102,30,85,71,112" hai3="63,66,69,5,70,92,37,119,18,109,35,114,33"/><T64/><D38/><U60/><E123/><V44/><F71/><W65/><G114/><T56/><D115/><U14/><E32/><V86/><F112/><W45/><G119/><T81/><D120/><U20/><E74/><V110/><F135/><W55/><G109/><N who="2" m="41481" /><F102/><W126/><G126/><N who="1" m="48170" /><E108/><V89/><F51/><W133/><G133/><T19/><D118/><U90/><E49/><V22/><F9/><W134/><G134/><T46/><D117/><U88/><E20/><V83/><F86/><W61/><G5/><T12/><D103/><U94/><E14/><AGARI ba="1,0" hai="14,17,22,29,30,44,50,53,83,85,89" m="41481" machi="14" ten="30,1000,0" yaku="14,1" doraHai="95" who="2" fromWho="1" sc="279,0,221,-13,250,13,250,0" /><INIT seed="1,0,0,2,1,98" ten="279,208,263,250" oya="1" hai0="68,44,55,96,99,103,123,94,101,118,11,90,62" hai1="49,57,100,104,41,33,47,131,56,75,25,78,64" hai2="71,132,20,45,73,88,74,30,82,7,117,50,59" hai3="67,125,6,95,108,129,28,3,112,16,102,60,92"/><U2/><E2/><V65/><F117/><W43/><G112/><T127/><D118/><U133/><E131/><V119/><F119/><W69/><G129/><T122/><D127/><U48/><E133/><V110/><F71/><W80/><G125/><T130/><D130/><U107/><E107/><V84/><F110/><W63/><G108/><T17/><D68/><U12/><E78/><V77/><F7/><W81/><G28/><T31/><D31/><U27/><E75/><V36/><F36/><W29/><G29/><T23/><D11/><U114/><E114/><V134/><F20/><W93/><G6/><T42/><D62/><N who="3" m="23593" /><G43/><T18/><D55/><U1/><E1/><V124/><F30/><W120/><G67/><T91/><D91/><U128/><E33/><V79/><F65/><W5/><G5/><T4/><D4/><U0/><E0/><V97/><F59/><W87/><G69/><T39/><D17/><U24/><E64/><V34/><F34/><W70/><G70/><T46/><D46/><U21/><E49/><V109/><F124/><W85/><G120/><N who="0" m="46123" /><D96/><U105/><E128/><V72/><F97/><N who="3" m="59687" /><G16/><T106/><D106/><U14/><E105/><V22/><F109/><W51/><G51/><T52/><D52/><U40/><E40/><N who="2" m="24871" /><F22/><W54/><G54/><T116/><D116/><U135/><E21/><V89/><F134/><W8/><G8/><T83/><D83/><N who="3" m="31817" /><G3/><T9/><D9/><U115/><E135/><V38/><F132/><W15/><G15/><AGARI ba="0,0" hai="15,18,23,39,42,44,90,94,99,101,103" m="46123" machi="15" ten="30,3900,0" yaku="13,1,52,2" doraHai="98" who="0" fromWho="3" sc="279,39,208,0,263,0,250,-39" /><INIT seed="2,0,0,5,0,132" ten="318,208,263,211" oya="2" hai0="126,15,13,14,42,3,22,7,84,0,85,127,109" hai1="63,70,59,66,133,62,129,135,86,124,110,46,24" hai2="1,32,93,40,19,41,91,114,87,8,100,60,21" hai3="78,58,27,37,118,53,79,115,65,103,30,75,6"/><V17/><F32/><W47/><G118/><T116/><D116/><U108/><E86/><N who="0" m="33385" /><D109/><N who="1" m="42091" /><E24/><V120/><F114/><W111/><G111/><T80/><D80/><U25/><E25/><V122/><F120/><W48/><G115/><T55/><D42/><U52/><E129/><V38/><F38/><W105/><G75/><T96/><D55/><N who="1" m="34175" /><E124/><N who="0" m="47657" /><D96/><U94/><E94/><V23/><F41/><W113/><G79/><T51/><D51/><AGARI ba="0,0" hai="46,51,52,63,66,70,133,135" m="34175,42091" machi="51" ten="30,7700,0" yaku="14,1,34,2,54,1" doraHai="132" who="1" fromWho="0" sc="318,-77,208,77,263,0,211,0" /><INIT seed="3,0,0,4,4,19" ten="241,285,263,211" oya="3" hai0="126,0,30,72,49,108,23,124,62,114,32,131,90" hai1="41,20,97,132,122,16,38,78,39,29,88,123,22" hai2="93,89,27,107,68,63,4,119,11,128,53,46,35" hai3="2,135,10,13,56,25,77,74,92,106,1,112,58"/><W109/><G106/><T69/><D0/><U94/><E78/><V85/><F119/><W75/><G112/><T57/><D72/><U81/><E132/><V79/><F107/><W54/><G135/><T45/><D114/><U15/><E81/><V100/><F128/><W14/><G109/><T98/><D32/><U36/><REACH who="1" step="1"/><E41/><REACH who="1" ten="241,275,263,211" step="2"/><V55/><F79/><W120/><G77/><T105/><D108/><U51/><E51/><V84/><F63/><W40/><G40/><T130/><D49/><U43/><E43/><V18/><F68/><W99/><G120/><T118/><D62/><U24/><AGARI ba="0,1" hai="15,16,20,22,24,29,36,38,39,88,94,97,122,123" machi="24" ten="40,12000,2" yaku="1,1,0,1,52,2,54,2,53,0" doraHai="19" doraHaiUra="6" who="1" fromWho="1" sc="241,-30,275,130,263,-30,211,-60" /><INIT seed="4,0,0,3,1,78" ten="211,405,233,151" oya="0" hai0="53,35,81,36,11,115,26,104,17,31,2,9,77" hai1="85,130,23,27,15,60,14,6,134,43,120,62,21" hai2="41,129,95,124,44,13,135,110,91,34,125,33,46" hai3="72,58,12,37,18,66,55,109,67,127,126,105,54"/><T111/><D115/><U40/><E120/><V113/><F110/><W25/><G105/><T118/><D118/><U79/><E134/><V92/><F129/><W57/><G25/><T96/><D111/><U93/><E130/><V74/><F74/><W1/><G1/><T75/><D36/><U24/><E93/><V4/><F113/><W22/><G72/><T88/><D2/><U65/><E85/><V20/><F135/><W70/><G109/><T80/><D53/><U102/><E102/><V97/><F92/><W51/><G37/><T112/><D112/><U132/><E79/><V71/><F71/><W3/><G3/><T52/><D17/><U122/><E132/><V98/><F98/><W42/><G42/><T83/><D52/><U69/><E69/><V30/><F30/><W39/><G39/><T114/><D114/><U117/><E122/><V103/><F103/><W100/><G100/><T94/><REACH who="0" step="1"/><D104/><REACH who="0" ten="201,405,233,151" step="2"/><U47/><E117/><V119/><F119/><W56/><G55/><T50/><D50/><U48/><E48/><V59/><F44/><W63/><REACH who="3" step="1"/><G67/><REACH who="3" ten="201,405,233,141" step="2"/><T128/><D128/><U99/><E65/><V0/><F0/><W82/><G82/><AGARI ba="0,2" hai="9,11,26,31,35,75,77,80,81,82,83,88,94,96" machi="82" ten="40,24000,3" yaku="1,1,52,4,54,1,53,2" doraHai="78" doraHaiUra="5" who="0" fromWho="3" sc="201,260,405,0,233,0,141,-240" owari="461,56.0,405,21.0,233,-17.0,-99,-60.0" /></mjloggm>