<mjloggm ver="2.3"><GO type="169" lobby="0"/><UN n0="%E7%94%9F%E8%82%89%E3%81%A7%E3%81%99%E3%82%88" n1="%E5%B0%B1%E6%B4%BB%E7%94%9F%40%E5%B7%9D%E6%9D%91%E8%BB%8D%E5%9B%A3" n2="%66%75%6B%75%30%32" n3="%E3%83%90%E3%82%B9%E3%82%BF%E3%83%BC%E5%90%9B" dan="17,16,17,16" rate="2172.22,2069.98,2155.01,2090.07" sx="M,M,M,M"/><TAIKYOKU oya="0"/><INIT seed="0,0,0,3,3,116" ten="250,250,250,250" oya="0" hai0="92,129,106,107,28,96,73,43,67,57,29,50,27" hai1="21,122,76,34,1,60,7,105,130,53,35,10,20" hai2="61,17,12,87,24,91,128,126,49,131,64,79,109" hai3="117,110,4,32,38,125,51,135,102,3,89,80,19"/><T68/><D73/><U44/><E105/><V66/><F109/><W77/><G38/><T15/><D129/><N who="2" m="49738" /><F126/><W42/><G110/><T54/><D43/><U41/><E130/><V134/><F134/><W111/><G111/><T124/><D124/><U121/><E76/><V115/><F115/><W98/><G117/><T99/><D29/><U39/><E21/><V40/><F79/><W74/><G32/><T13/><D106/><U36/><E36/><V113/><F24/><W95/><G125/><T14/><D107/><U9/><E9/><V45/><F113/><W112/><G112/><T58/><D68/><U47/><E20/><N who="2" m="11303" /><F61/><W72/><G135/><T75/><D75/><U63/><E63/><V30/><F30/><W5/><G72/><T88/><D67/><U83/><E35/><V118/><F118/><W52/><G3/><T123/><D123/><U132/><E34/><V11/><F11/><W133/><G133/><T84/><REACH who="0" step="1"/><D58/><REACH who="0" ten="240,250,250,250" step="2"/><U120/><E132/><V56/><F56/><W93/><G74/><T33/><AGARI ba="0,1" hai="13,14,15,27,28,33,50,54,57,84,88,92,96,99" machi="33" ten="30,12000,1" yaku="1,1,2,1,0,1,54,1,53,1" doraHai="116" doraHaiUra="48" who="0" fromWho="0" sc="240,130,250,-40,250,-40,250,-40" /><INIT seed="0,1,0,0,3,90" ten="370,210,210,210" oya="0" hai0="111,56,67,110,65,52,49,12,107,21,79,54,10" hai1="62,106,135,14,93,75,134,34,92,7,109,26,8" hai2="83,105,22,97,53,130,32,89,46,69,38,4,51" hai3="125,30,47,72,123,63,85,37,127,113,120,50,124"/><T35/><D107/><U44/><E75/><V128/><F32/><W66/><G30/><T87/><D35/><U5/><E106/><V20/><F69/><N who="3" m="42207" /><G85/><T23/><D54/><U15/><E109/><N who="0" m="41481" /><D79/><U94/><E62/><V2/><F38/><W64/><G72/><T71/><D87/><U88/><E44/><V48/><F2/><W13/><G13/><T40/><D40/><U36/><E36/><V91/><F4/><W101/><G101/><T43/><D43/><U95/><E26/><V119/><F119/><W0/><G0/><T18/><D71/><U3/><E34/><V33/><F33/><W98/><G98/><T73/><D73/><U27/><E27/><V126/><F126/><W74/><G74/><T24/><D21/><U114/><E114/><V39/><F20/><W60/><G37/><T31/><AGARI ba="1,0" hai="10,12,18,23,24,31,49,52,56,65,67" m="41481" machi="31" ten="30,6000,0" yaku="14,1,10,1,54,1" doraHai="90" who="0" fromWho="0" sc="370,63,210,-21,210,-21,210,-21" /><INIT seed="0,2,0,4,2,52" ten="433,189,189,189" oya="0" hai0="23,110,50,113,94,31,59,97,87,57,18,13,91" hai1="48,126,105,63,104,38,68,79,49,127,33,71,37" hai2="41,96,109,60,78,75,32,8,82,77,17,101,132" hai3="55,21,53,25,5,67,76,20,117,12,108,69,129"/><T85/><D113/><U114/><E33/><V74/><F32/><W15/><G117/><T70/><D70/><N who="1" m="26667" /><E79/><V120/><F120/><W107/><G107/><N who="1" m="41034" /><E63/><V119/><F119/><W34/><G129/><T92/><D110/><U3/><E3/><V22/><F109/><W61/><G108/><T2/><D2/><U14/><E14/><V73/><F132/><W115/><G115/><T90/><D97/><U62/><E62/><V44/><F8/><W58/><G76/><T39/><D39/><N who="1" m="14859" /><E114/><V6/><F60/><W83/><G83/><T27/><D50/><AGARI ba="2,0" hai="48,49,50,126,127" m="14859,41034,26667" machi="50" ten="40,2600,0" yaku="28,2" doraHai="52" who="1" fromWho="0" sc="433,-32,189,32,189,0,189,0" /><INIT seed="1,0,0,4,4,82" ten="401,221,189,189" oya="1" hai0="84,14,54,55,36,44,18,11,122,108,60,78,116" hai1="41,3,73,37,65,2,34,70,43,46,109,56,40" hai2="97,90,42,104,77,63,53,120,6,92,74,85,52" hai3="99,128,61,5,29,101,67,20,23,16,121,33,1"/><U21/><E73/><V126/><F120/><W102/><G121/><T69/><D116/><U25/><E34/><V129/><F129/><W119/><G119/><T47/><D122/><U107/><E107/><V100/><F126/><W12/><G128/><T83/><D108/><U117/><E117/><V79/><F42/><W17/><G29/><T57/><D69/><U89/><E70/><V64/><F6/><W81/><G33/><T105/><D105/><U95/><E2/><V91/><F91/><W111/><G111/><T76/><D36/><U19/><E3/><V31/><F31/><W118/><G118/><T112/><D112/><U123/><E123/><V86/><F86/><W135/><G135/><T13/><D78/><U30/><E109/><V93/><F93/><W87/><G5/><N who="0" m="3311" /><D55/><U32/><E32/><V24/><F24/><W94/><G1/><T72/><D72/><U66/><E30/><V127/><F127/><W39/><G39/><T0/><D0/><U9/><E9/><AGARI ba="0,0" hai="9,14,18,44,47,54,57,60,76,83,84" m="3311" machi="9" ten="30,2000,0" yaku="8,1,52,1" doraHai="82" who="0" fromWho="1" sc="401,20,221,-20,189,0,189,0" /><INIT seed="2,0,0,1,4,15" ten="421,201,189,189" oya="2" hai0="104,81,60,5,58,114,43,24,135,108,122,30,88" hai1="27,103,116,129,111,17,90,50,91,35,9,7,78" hai2="32,31,86,66,28,92,19,65,16,83,118,130,38" hai3="74,89,10,21,44,39,26,6,123,2,13,64,48"/><V51/><F38/><W46/><G123/><T121/><D104/><U113/><E116/><V68/><F118/><W115/><G74/><T61/><D114/><U67/><E113/><V0/><F0/><W18/><G115/><T125/><D125/><U40/><E78/><V112/><F112/><W22/><G64/><N who="2" m="24681" /><F32/><W101/><G101/><T41/><D5/><U23/><E35/><V45/><F92/><W94/><G39/><T87/><D61/><U100/><E67/><V133/><F68/><W95/><G48/><T36/><D36/><U70/><E70/><V109/><F130/><W25/><G2/><T127/><D127/><U8/><E129/><V131/><F109/><W42/><G42/><T59/><D108/><U1/><E111/><V4/><F4/><W105/><G105/><T98/><D98/><U72/><E72/><V71/><F133/><W80/><G80/><T20/><D135/><U33/><E33/><V69/><F69/><W85/><REACH who="3" step="1"/><G95/><REACH who="3" ten="421,201,189,179" step="2"/><T49/><D121/><U76/><E103/><V107/><F107/><W57/><G57/><T12/><D122/><U54/><E100/><V3/><F3/><W102/><G102/><T106/><D106/><U134/><E134/><V97/><F71/><W77/><G77/><T128/><D128/><U53/><E76/><N who="2" m="46439" /><F131/><W14/><G14/><T37/><D37/><U47/><E91/><V62/><F62/><W120/><G120/><T117/><D117/><U110/><E90/><V75/><F75/><W56/><G56/><T55/><D12/><N who="1" m="7311" /><E110/><V132/><F132/><W84/><G84/><T93/><D93/><RYUUKYOKU ba="0,1" sc="421,10,201,10,189,-30,179,10" hai0="20,24,30,41,43,49,55,58,59,60,81,87,88" hai1="1,7,8,23,27,40,47,50,53,54" hai3="6,10,13,18,21,22,25,26,44,46,85,89,94" /><INIT seed="3,1,1,3,2,86" ten="431,211,159,189" oya="3" hai0="50,99,118,57,100,30,64,11,41,135,75,96,27" hai1="12,33,72,128,74,28,14,15,26,93,133,119,84" hai2="125,8,22,3,2,45,59,69,60,122,102,123,120" hai3="87,1,63,43,56,40,90,95,92,107,111,117,113"/><W19/><G107/><T112/><D75/><U104/><E104/><V53/><F125/><W5/><G117/><T32/><D118/><U35/><E119/><V132/><F132/><W21/><G113/><T73/><D73/><U20/><E133/><V62/><F102/><W108/><G5/><T80/><D112/><U82/><E128/><V83/><F45/><W66/><G1/><T47/><D80/><U54/><E74/><V91/><F22/><W13/><REACH who="3" step="1"/><G92/><REACH who="3" ten="431,211,159,179" step="2"/><T6/><D135/><U44/><E93/><V71/><F2/><W37/><G37/><T109/><D6/><U16/><E72/><V94/><F83/><W105/><G105/><T85/><D100/><U124/><E124/><V88/><F94/><W42/><AGARI ba="1,2" hai="13,19,21,40,42,43,56,63,66,87,90,95,108,111" machi="42" ten="30,6000,0" yaku="1,1,0,1,52,1,53,0" doraHai="86" doraHaiUra="97" who="3" fromWho="3" sc="431,-21,211,-21,159,-21,179,83" /><INIT seed="3,2,0,2,4,65" ten="410,190,138,262" oya="3" hai0="74,57,18,61,132,34,88,22,49,8,122,52,3" hai1="40,101,21,92,62,68,43,17,100,116,59,105,53" hai2="83,69,35,51,112,96,37,131,86,64,80,19,24" hai3="56,28,118,87,42,114,15,46,26,90,71,44,54"/><W75/><G75/><T108/><D34/><U133/><E105/><V41/><F112/><W20/><G118/><T91/><D122/><U111/><E111/><V82/><F37/><W97/><G114/><T58/><D108/><U98/><E116/><V76/><F131/><W89/><G71/><T11/><D74/><U0/><E0/><V4/><F4/><W1/><G1/><T2/><D2/><U102/><E68/><V129/><F129/><W93/><G15/><N who="0" m="9567" /><D132/><U9/><E9/><N who="0" m="3657" /><D3/><U120/><E120/><V110/><F110/><W32/><G32/><T50/><D50/><U63/><E63/><V31/><F19/><W135/><G135/><T7/><D7/><U123/><E123/><V85/><F96/><W128/><G128/><T33/><D33/><U95/><E133/><V78/><F51/><W72/><G72/><T127/><D127/><U30/><E30/><V27/><F27/><W104/><G42/><N who="1" m="15914" /><E98/><V70/><F41/><W13/><G13/><AGARI ba="2,0" hai="13,17,21,53,59,62,92,95,100,101,102" m="15914" machi="13" ten="30,1000,0" yaku="8,1" doraHai="65" who="1" fromWho="3" sc="410,0,190,16,138,0,262,-16" /><INIT seed="4,0,0,1,4,124" ten="410,206,138,246" oya="0" hai0="6,8,105,129,75,26,72,98,13,62,119,65,4" hai1="106,127,64,111,125,36,5,133,122,48,126,135,114" hai2="113,41,29,1,28,110,123,55,39,85,121,59,92" hai3="43,81,84,77,11,69,3,40,76,86,46,9,66"/><T109/><D119/><U38/><E106/><V116/><F110/><W30/><G30/><T0/><D109/><U44/><E5/><V52/><F1/><W71/><G66/><T97/><D0/><U95/><E95/><V103/><F116/><W99/><G99/><T31/><D4/><U118/><E111/><V23/><F113/><W96/><G96/><T108/><D98/><U61/><E118/><V27/><F29/><W112/><G3/><T87/><D87/><U101/><E101/><V63/><F103/><W89/><G46/><T12/><D12/><U19/><E19/><V47/><REACH who="2" step="1"/><F55/><REACH who="2" ten="410,206,128,246" step="2"/><W115/><G89/><AGARI ba="0,1" hai="23,27,28,39,41,47,52,59,63,85,89,92,121,123" machi="89" ten="40,5200,0" yaku="1,1,2,1,54,1,53,0" doraHai="124" doraHaiUra="104" who="2" fromWho="3" sc="410,0,206,0,128,62,246,-52" /><INIT seed="5,0,0,5,5,108" ten="410,206,190,194" oya="1" hai0="79,23,96,130,95,44,6,32,40,31,115,38,91" hai1="74,62,29,60,82,101,104,113,132,100,46,49,13" hai2="11,123,14,1,81,52,34,119,110,99,88,37,121" hai3="118,48,43,73,50,128,20,98,67,61,30,105,69"/><U28/><E113/><V70/><F110/><W59/><G73/><T63/><D115/><U51/><E132/><V10/><F119/><W84/><G118/><T126/><D32/><U131/><E131/><V75/><F34/><W19/><G128/><T124/><D79/><U64/><E104/><V134/><F70/><W16/><G84/><T54/><D6/><U120/><E74/><V58/><F37/><W111/><G111/><T36/><D36/><U117/><E117/><V135/><F1/><W106/><G30/><T86/><D86/><U27/><E13/><V4/><F11/><W133/><G133/><N who="2" m="50697" /><F75/><W2/><G2/><T103/><D130/><U24/><E120/><V77/><F77/><W85/><G85/><T125/><D103/><U112/><E112/><V122/><F81/><W80/><G80/><T66/><D54/><U57/><E82/><V116/><F116/><W53/><G19/><T83/><D83/><U78/><E78/><V42/><F42/><W71/><G71/><T102/><D102/><U107/><E107/><V9/><F9/><W8/><G8/><T3/><D3/><U26/><E101/><V68/><F68/><W65/><G69/><T0/><D0/><U22/><E100/><V18/><F4/><W35/><G106/><T47/><D38/><U45/><E29/><V72/><F72/><W55/><G105/><T89/><D40/><N who="1" m="24743" /><E62/><N who="2" m="36167" /><F123/><W41/><G35/><T76/><D76/><U93/><E93/><AGARI ba="0,0" hai="10,14,18,88,93,99,121,122" m="36167,50697" machi="93" ten="30,3900,0" yaku="20,1,54,2" doraHai="108" who="2" fromWho="1" sc="410,0,206,-39,190,39,194,0" /><INIT seed="6,0,0,5,2,31" ten="410,167,229,194" oya="2" hai0="130,42,117,7,90,86,0,111,48,9,134,18,15" hai1="37,39,54,44,4,121,25,114,50,103,99,61,17" hai2="40,35,83,5,70,56,46,2,100,47,16,67,33" hai3="95,105,8,110,92,84,119,129,71,115,66,58,94"/><V21/><F70/><W62/><G110/><T52/><D111/><U82/><E121/><V12/><F100/><W30/><G119/><T29/><D130/><U76/><E114/><V75/><F47/><W1/><G105/><T36/><D134/><U79/><E4/><V6/><F67/><W55/><G129/><T98/><D98/><U64/><E25/><V22/><F56/><W81/><G30/><T113/><D113/><U106/><E17/><V60/><F60/><W88/><G115/><T128/><D128/><U108/><E108/><V38/><F22/><W68/><G1/><T131/><D131/><U11/><E11/><N who="2" m="2487" /><F6/><W87/><G8/><T120/><D120/><U77/><REACH who="1" step="1"/><E82/><REACH who="1" ten="410,157,229,194" step="2"/><V135/><F135/><W65/><G71/><AGARI ba="0,1" hai="37,39,44,50,54,61,64,71,76,77,79,99,103,106" machi="71" ten="40,5200,0" yaku="1,1,2,1,53,1" doraHai="31" doraHaiUra="43" who="1" fromWho="3" sc="410,0,157,62,229,0,194,-52" /><INIT seed="7,0,0,0,4,98" ten="410,219,229,142" oya="3" hai0="23,21,100,58,87,106,102,77,36,121,16,114,68" hai1="70,111,135,130,61,49,38,120,62,83,90,47,99" hai2="134,63,65,75,37,20,12,5,117,101,52,4,69" hai3="64,93,40,74,6,105,48,109,45,66,133,13,108"/><W123/><G105/><T11/><D121/><U2/><E111/><N who="3" m="42570" /><G123/><T42/><D106/><U27/><E120/><V118/><F75/><W60/><G74/><T104/><D104/><U41/><E2/><V57/><F37/><W17/><G6/><T81/><D68/><U3/><E3/><V56/><F134/><W67/><G93/><T94/><D114/><U113/><E113/><V50/><F69/><N who="3" m="42119" /><G133/><T129/><D129/><U53/><E130/><V122/><F122/><W76/><G76/><T115/><D94/><N who="1" m="56791" /><E38/><V59/><F59/><W78/><G78/><T28/><D58/><U19/><E70/><V110/><F110/><W7/><G7/><T39/><D115/><U92/><E41/><V97/><F4/><W96/><G96/><T8/><D77/><U29/><E135/><V126/><F126/><W55/><G40/><T112/><D42/><U119/><E119/><V0/><F0/><W10/><AGARI ba="0,0" hai="10,13,17,45,48,55,66,67" m="42119,42570" machi="10" ten="30,1500,0" yaku="10,1" doraHai="98" who="3" fromWho="3" sc="410,-5,219,-5,229,-5,142,15" /><INIT seed="7,1,0,5,5,2" ten="405,214,224,157" oya="3" hai0="44,54,61,105,14,20,35,69,88,128,52,107,112" hai1="68,41,38,26,85,71,76,9,118,116,101,17,11" hai2="33,74,23,32,123,53,46,135,121,83,19,55,36" hai3="104,91,120,62,124,10,94,3,97,125,40,43,77"/><W115/><G120/><N who="2" m="46153" /><F135/><W129/><G129/><T96/><D35/><N who="2" m="13386" /><F36/><W45/><G115/><T119/><D119/><N who="1" m="45611" /><E101/><V103/><F103/><W59/><G77/><T133/><D69/><N who="1" m="26699" /><E41/><V73/><F83/><W13/><G3/><T106/><D44/><U5/><E38/><V16/><F19/><W67/><G104/><T82/><D61/><U47/><E47/><V79/><F79/><W7/><REACH who="3" step="1"/><G45/><REACH who="3" ten="405,214,224,147" step="2"/><T0/><D107/><U122/><E122/><V57/><F46/><W87/><G87/><T42/><D106/><U84/><E76/><V117/><F117/><W64/><G64/><T63/><D105/><U92/><E92/><V25/><F55/><W100/><G100/><T15/><D128/><U48/><E85/><V34/><F34/><W89/><G89/><T102/><D88/><U51/><E84/><V30/><F30/><W6/><G6/><T126/><D112/><U86/><E86/><V8/><F74/><W81/><G81/><T134/><D0/><N who="1" m="167" /><E26/><V22/><F73/><W110/><G110/><T111/><D102/><U98/><E98/><V90/><F90/><W18/><G18/><T95/><D82/><U78/><E78/><V24/><F24/><W28/><G28/><T80/><D80/><U1/><E1/><V108/><F108/><W60/><G60/><T50/><D63/><U4/><E4/><V75/><F75/><W132/><G132/><T37/><D133/><U130/><E130/><V56/><F25/><W93/><G93/><T65/><D134/><U66/><E66/><V31/><F31/><W58/><G58/><N who="2" m="22633" /><F53/><W109/><G109/><RYUUKYOKU ba="1,1" sc="405,-30,214,10,224,10,147,10" hai1="11,17,48,51" hai2="8,16,22,23" hai3="7,10,13,40,43,59,62,67,91,94,97,124,125" /><INIT seed="7,2,1,3,1,62" ten="375,224,234,157" oya="3" hai0="23,13,118,65,72,76,67,110,42,95,77,71,18" hai1="1,49,112,92,133,38,128,27,79,94,129,111,83" hai2="15,19,102,55,30,16,59,87,66,54,43,113,119" hai3="86,56,101,47,80,44,99,20,36,84,131,40,124"/><W3/><G3/><T120/><D71/><U132/><E38/><V61/><F119/><W91/><G131/><N who="1" m="50250" /><E112/><V122/><F113/><W9/><G124/><T21/><D95/><N who="1" m="36395" /><E1/><V52/><F122/><W5/><G20/><T39/><D65/><U81/><E111/><V100/><F43/><W117/><G117/><T41/><D23/><U104/><E104/><V4/><F30/><W127/><G127/><T96/><D42/><U135/><E27/><V32/><F32/><W105/><G47/><T60/><D18/><N who="2" m="6698" /><F87/><W78/><G56/><T108/><D60/><U0/><E0/><V97/><F97/><W89/><REACH who="3" step="1"/><G84/><REACH who="3" ten="375,224,234,147" step="2"/><T123/><D21/><U98/><E98/><V14/><F14/><W134/><G134/><T93/><D96/><U51/><E79/><V25/><F25/><W45/><G45/><T82/><D72/><U57/><E57/><V114/><F114/><W26/><G26/><T53/><D77/><U63/><E63/><V74/><F74/><W50/><G50/><AGARI ba="2,2" hai="49,50,51,81,83,132,133,135" m="36395,50250" machi="50" ten="40,8000,1" yaku="28,2,20,1,19,1" doraHai="62" who="1" fromWho="3" sc="375,0,224,106,234,0,147,-86" owari="375,48.0,330,13.0,234,-17.0,61,-44.0" /></mjloggm>