<mjloggm ver="2.3"><GO type="97" lobby="0"/><UN n0="%E3%83%91%E3%83%8E%E3%83%97%E3%83%86%E3%82%A3%E3%82%B3%E3%83%B3" n1="%E3%81%8B%E3%81%A3%E3%81%B1%E3%83%BC" n2="%E3%83%88%E3%83%88%E3%83%AA%E5%85%88%E7%94%9F%31%39%E6%AD%B3" n3="%63%6F%6C%6F%70%6C" dan="15,15,15,15" rate="2047.95,2017.86,2058.13,1990.26" sx="M,M,F,M"/><TAIKYOKU oya="0"/><INIT seed="0,0,0,1,5,20" ten="250,250,250,250" oya="0" hai0="15,51,118,106,126,70,115,89,13,109,31,63,71" hai1="59,1,21,43,95,74,112,23,113,33,84,91,68" hai2="7,88,30,0,97,57,49,93,35,111,38,103,8" hai3="86,94,45,92,41,102,67,22,85,116,10,50,32"/><T83/><D115/><N who="1" m="44107" /><E1/><V75/><F38/><W90/><G32/><T114/><D118/><U122/><E122/><V5/><F75/><W80/><G116/><T105/><D114/><U2/><E2/><V78/><F78/><W25/><G67/><T60/><D51/><U117/><E117/><V120/><F120/><W96/><G10/><T28/><D83/><U39/><E33/><V18/><F111/><W131/><G131/><T42/><D42/><U125/><E125/><V82/><F5/><W9/><G9/><T98/><D98/><U3/><E3/><V66/><F18/><N who="3" m="12503" /><G80/><T46/><D46/><N who="1" m="23935" /><E74/><V107/><F82/><W34/><G34/><T133/><D89/><U37/><E37/><V104/><F35/><W69/><G69/><T100/><D109/><U55/><E68/><V12/><F30/><W127/><G127/><T54/><D126/><U135/><E135/><V76/><F76/><W14/><G14/><T26/><D133/><U81/><E81/><V6/><F6/><W108/><G108/><T79/><D79/><U24/><E24/><V119/><F119/><W132/><G132/><T65/><D26/><U52/><E55/><V130/><F0/><W64/><G64/><T58/><D65/><U11/><E11/><V110/><F110/><W124/><G124/><T29/><D29/><U47/><E47/><V121/><F121/><W73/><G73/><T77/><D77/><U87/><E87/><AGARI ba="0,0" hai="41,45,50,85,86,87,90,92,94,96,102" m="12503" machi="87" ten="30,2000,0" yaku="8,1,52,1" doraHai="20" who="3" fromWho="1" sc="250,0,250,-20,250,0,250,20" /><INIT seed="1,0,0,5,3,14" ten="250,230,250,270" oya="1" hai0="124,69,0,115,133,121,48,11,97,21,83,29,8" hai1="135,71,79,27,20,80,2,130,67,128,117,28,100" hai2="58,50,118,123,134,31,106,35,101,17,91,12,41" hai3="107,89,44,65,131,111,108,1,81,24,86,4,76"/><U19/><E117/><V116/><F123/><W66/><G107/><T40/><D69/><U13/><E2/><V82/><F134/><W94/><G131/><T114/><D97/><U64/><E135/><V119/><F101/><W22/><G44/><T129/><D83/><U34/><E100/><V126/><F106/><W113/><G113/><T57/><D0/><U9/><E34/><V6/><F126/><W16/><G4/><T98/><D98/><U51/><E51/><V62/><F6/><W99/><REACH who="3" step="1"/><G1/><REACH who="3" ten="250,230,250,260" step="2"/><T59/><D129/><N who="1" m="49771" /><E71/><V18/><F118/><W47/><G47/><T54/><D133/><U42/><E42/><V105/><F105/><W3/><G3/><T45/><D40/><U72/><AGARI ba="0,1" hai="9,13,19,20,27,28,64,67,72,79,80" m="49771" machi="72" ten="30,3000,0" yaku="19,1,52,1" doraHai="14" who="1" fromWho="1" sc="250,-10,230,40,250,-10,260,-10" /><INIT seed="1,1,0,4,0,116" ten="240,270,240,250" oya="1" hai0="20,121,111,51,60,107,73,43,38,108,4,96,23" hai1="117,78,77,92,27,18,49,29,14,109,122,36,82" hai2="59,55,83,63,54,103,106,67,86,2,71,37,57" hai3="34,31,94,95,44,120,102,47,46,126,85,110,66"/><U11/><E36/><V75/><F2/><W93/><G126/><T19/><D38/><U99/><E117/><V58/><F37/><W74/><G74/><T6/><D73/><U118/><E118/><V135/><F75/><W90/><G120/><T12/><D60/><U13/><E122/><V7/><F7/><N who="0" m="2602" /><D51/><U41/><E14/><V132/><F103/><W0/><G0/><T112/><D96/><U97/><E109/><N who="0" m="42057" /><D43/><U52/><E41/><V91/><REACH who="2" step="1"/><F106/><REACH who="2" ten="240,270,230,250" step="2"/><W39/><G110/><T133/><D107/><U124/><E124/><V104/><F104/><W80/><G102/><T69/><D121/><U70/><E70/><V15/><F15/><W88/><G39/><T16/><D69/><U100/><E99/><V48/><F48/><W105/><G105/><T123/><D123/><U30/><E27/><V10/><F10/><W87/><REACH who="3" step="1"/><G66/><REACH who="3" ten="240,270,230,240" step="2"/><T127/><D127/><U53/><E100/><V17/><F17/><W56/><G56/><T3/><D3/><U125/><E125/><V35/><F35/><W26/><AGARI ba="1,2" hai="26,31,34,44,46,47,80,85,87,88,90,93,94,95" machi="26" ten="30,4000,0" yaku="1,1,0,1,54,1,53,0" doraHai="116" doraHaiUra="9" who="3" fromWho="3" sc="240,-11,270,-21,230,-11,240,63" /><INIT seed="2,0,0,2,1,17" ten="229,249,219,303" oya="2" hai0="93,49,27,98,41,47,46,61,78,83,113,110,63" hai1="74,12,55,57,31,134,86,21,105,94,22,125,132" hai2="66,135,3,14,82,108,25,9,97,69,54,32,131" hai3="36,123,124,33,11,119,73,92,81,85,51,77,45"/><V6/><F131/><W34/><G123/><T8/><D110/><U70/><E70/><V72/><F135/><N who="1" m="51753" /><E74/><V0/><F108/><W103/><G36/><T44/><D113/><U107/><E125/><V75/><F54/><W15/><G119/><T128/><D128/><U18/><E94/><V60/><F97/><W16/><G124/><T126/><D126/><U38/><E38/><V29/><REACH who="2" step="1"/><F82/><REACH who="2" ten="229,249,209,303" step="2"/><W90/><G103/><T35/><D83/><U84/><E107/><V76/><F76/><W23/><G77/><T114/><D98/><U7/><E105/><V96/><F96/><W67/><G81/><T56/><D78/><U2/><E55/><V19/><F19/><W133/><G133/><T115/><D115/><U43/><E43/><V52/><F52/><W101/><G73/><AGARI ba="0,1" hai="0,3,6,9,14,25,29,32,60,66,69,72,73,75" machi="73" ten="40,2000,0" yaku="1,1,53,0" doraHai="17" doraHaiUra="102" who="2" fromWho="3" sc="229,0,249,0,209,30,303,-20" /><INIT seed="2,1,0,2,5,83" ten="229,249,239,283" oya="2" hai0="5,92,82,20,53,3,11,1,118,89,19,79,50" hai1="23,69,71,99,29,97,7,30,115,110,128,54,41" hai2="103,45,133,94,74,81,76,12,117,102,51,131,22" hai3="17,39,86,4,98,80,14,63,122,28,120,9,130"/><V87/><F117/><W42/><G28/><T48/><D118/><U72/><E72/><V52/><F131/><W84/><G98/><T33/><D33/><U18/><E128/><V70/><F70/><W127/><G130/><T10/><D53/><U134/><E115/><V64/><F64/><W13/><G63/><T106/><D106/><U68/><E7/><V121/><F121/><W124/><G42/><T126/><D126/><N who="3" m="48169" /><G39/><T55/><D55/><U113/><E113/><V60/><F133/><W27/><G27/><T36/><D36/><U21/><E41/><N who="2" m="25007" /><F74/><W119/><G119/><T67/><D67/><U2/><E54/><V0/><F0/><W34/><G34/><T62/><D62/><U114/><E114/><V91/><F76/><N who="3" m="46087" /><G86/><N who="0" m="48479" /><D3/><U104/><E2/><V40/><F81/><W78/><G78/><T75/><D1/><U16/><E69/><V25/><F12/><W61/><G61/><T37/><D37/><U43/><E43/><V65/><F65/><W15/><G14/><N who="0" m="5455" /><D75/><U129/><E129/><V8/><F40/><W38/><G38/><T49/><D11/><AGARI ba="1,0" hai="4,9,11,13,15,17,120,122" m="46087,48169" machi="11" ten="30,2000,0" yaku="18,1,52,1" doraHai="83" who="3" fromWho="0" sc="229,-23,249,0,239,0,283,23" /><INIT seed="3,0,0,4,0,131" ten="206,249,239,306" oya="3" hai0="99,0,134,35,126,85,82,69,103,53,88,105,45" hai1="67,58,20,31,70,52,32,78,29,66,100,123,83" hai2="108,117,47,54,25,7,21,96,80,6,11,101,104" hai3="68,97,113,23,120,87,22,91,130,119,116,128,135"/><W72/><G72/><T89/><D69/><U2/><E2/><V46/><F117/><W65/><G120/><T43/><D35/><U95/><E123/><V71/><F71/><W56/><G113/><T109/><D0/><U51/><E32/><V74/><F108/><W28/><G97/><T18/><D53/><U129/><E129/><N who="3" m="49770" /><G68/><T81/><D126/><U13/><E70/><V107/><F107/><W36/><G36/><T33/><D33/><U8/><E83/><V9/><F54/><W127/><G127/><T94/><D109/><U27/><E78/><V86/><F74/><W92/><G135/><T121/><D121/><U79/><E79/><V14/><F80/><W44/><G44/><T1/><D1/><U110/><E31/><V15/><F86/><W73/><G73/><T125/><D125/><U61/><E51/><V49/><F49/><W19/><G28/><AGARI ba="0,0" hai="6,7,9,11,14,15,21,25,28,46,47,96,101,104" machi="28" ten="30,2000,0" yaku="7,1,9,1" doraHai="131" who="2" fromWho="3" sc="206,0,249,0,239,20,306,-20" /><INIT seed="4,0,0,1,1,107" ten="206,249,259,286" oya="0" hai0="14,0,96,11,76,6,52,102,115,89,9,104,23" hai1="67,90,28,121,105,58,130,60,77,99,97,26,119" hai2="101,85,118,30,35,123,109,36,135,56,68,84,66" hai3="120,38,108,100,19,55,131,57,124,41,116,20,2"/><T94/><D115/><U13/><E121/><V49/><F49/><W7/><G108/><T54/><D76/><U12/><E130/><V8/><F56/><W40/><G116/><T110/><D110/><U103/><E119/><V59/><F59/><W31/><G131/><T91/><D23/><U53/><E77/><V4/><F84/><W92/><G120/><T70/><D70/><U93/><E53/><N who="0" m="20585" /><D104/><U86/><REACH who="1" step="1"/><E99/><REACH who="1" ten="206,239,259,286" step="2"/><V133/><F118/><W32/><G55/><T122/><D122/><U78/><E78/><V132/><F123/><W46/><G124/><T87/><D0/><U112/><E112/><V34/><F109/><W42/><G2/><T98/><D11/><U45/><E45/><V62/><F8/><W113/><G46/><T127/><D127/><U27/><E27/><V126/><F126/><W106/><G106/><T39/><D39/><U29/><E29/><V37/><F30/><W18/><G31/><T61/><D61/><U129/><E129/><V65/><F37/><W17/><G38/><T117/><D117/><U43/><E43/><V82/><F36/><W48/><G42/><T81/><D96/><U114/><E114/><V5/><F133/><W134/><G134/><T74/><D74/><U75/><E75/><V21/><F135/><W24/><G113/><T22/><D22/><AGARI ba="0,1" hai="12,13,22,26,28,58,60,67,86,90,93,97,103,105" machi="22" ten="30,2000,0" yaku="1,1,7,1,53,0" doraHai="107" doraHaiUra="73" who="1" fromWho="0" sc="206,-20,239,30,259,0,286,0" /><INIT seed="5,0,0,1,0,58" ten="186,269,259,286" oya="1" hai0="131,122,31,57,46,12,6,27,0,40,4,32,133" hai1="34,121,111,5,117,128,125,61,97,74,8,84,100" hai2="65,30,108,120,69,56,98,23,94,71,90,36,19" hai3="51,126,29,37,102,93,7,48,91,88,73,70,99"/><U53/><E117/><V132/><F108/><W14/><G37/><T87/><D57/><N who="1" m="34991" /><E74/><V62/><F120/><W60/><G73/><T24/><D87/><U33/><E121/><V124/><F36/><W119/><G119/><T68/><D68/><U96/><E84/><V85/><F132/><W64/><G29/><N who="0" m="19495" /><D46/><U130/><E111/><V47/><F124/><W104/><G91/><T77/><D77/><U106/><E97/><V55/><F30/><W1/><G1/><T22/><D40/><U42/><E42/><V116/><F116/><W129/><G126/><T28/><D122/><U45/><E45/><V72/><F72/><W127/><G127/><T13/><D133/><U113/><E125/><V86/><F69/><W82/><G82/><T101/><D101/><U25/><E25/><V2/><F2/><W95/><G104/><T39/><D39/><U50/><E50/><N who="2" m="29151" /><F71/><W3/><G3/><T67/><D67/><U109/><E109/><V44/><F44/><W20/><G129/><N who="1" m="49770" /><E113/><V78/><F78/><W43/><G43/><T135/><D131/><U52/><E52/><V92/><F92/><W35/><G35/><N who="0" m="20895" /><D135/><U89/><E89/><V118/><F118/><W110/><G110/><T41/><D41/><U18/><E18/><V10/><F86/><N who="3" m="52375" /><G7/><N who="0" m="2603" /><D0/><AGARI ba="0,0" hai="0,5,8,33,34,96,100,106" m="49770,34991" machi="0" ten="30,2900,0" yaku="19,1,52,1" doraHai="58" who="1" fromWho="0" sc="186,-29,269,29,259,0,286,0" /><INIT seed="5,1,0,5,2,72" ten="157,298,259,286" oya="1" hai0="55,65,75,1,118,46,59,70,91,122,133,29,9" hai1="100,30,106,38,113,116,135,31,44,123,68,19,63" hai2="26,69,87,25,114,126,60,77,47,23,64,130,61" hai3="53,17,58,37,18,49,52,131,21,13,71,54,32"/><U89/><E116/><V34/><F130/><W27/><G71/><T43/><D75/><U134/><E123/><V15/><F126/><W115/><G32/><T2/><D29/><U83/><E113/><V51/><F114/><W125/><G125/><T79/><D118/><U101/><E19/><V117/><F117/><W16/><G115/><T80/><D91/><U96/><E100/><V103/><F34/><W119/><G37/><T5/><D133/><N who="1" m="50699" /><E89/><V28/><F26/><W8/><G131/><T12/><D122/><U56/><E83/><V132/><F132/><W57/><G119/><T129/><D129/><U108/><E68/><V86/><F61/><N who="3" m="36007" /><G53/><T120/><D120/><U24/><E24/><V22/><F103/><W50/><G50/><N who="0" m="26975" /><D70/><U124/><E124/><V4/><F69/><W105/><G105/><T11/><D65/><N who="1" m="39143" /><E108/><V7/><F64/><W93/><G93/><T0/><D0/><U41/><AGARI ba="1,0" hai="30,31,38,41,44,96,101,106" m="39143,50699" machi="41" ten="30,1500,0" yaku="20,1" doraHai="72" who="1" fromWho="1" sc="157,-6,298,18,259,-6,286,-6" owari="151,-35.0,316,42.0,253,-15.0,280,8.0" /></mjloggm>