<mjloggm ver="2.3"><GO type="169" lobby="0"/><UN n0="%E3%82%A6%E3%83%AB%E3%83%88%E3%83%A9%E7%AB%8B%E7%9B%B4" n1="%E2%91%A3%E3%82%BB%E3%83%B3%E3%83%81" n2="%E5%9F%BC%E4%BA%AC%E7%B7%9A" n3="%E7%83%8F%E8%B3%8A%E5%A4%A9" dan="17,18,17,17" rate="2130.42,2191.53,2186.62,2181.58" sx="M,M,M,M"/><TAIKYOKU oya="0"/><INIT seed="0,0,0,0,1,92" ten="250,250,250,250" oya="0" hai0="109,122,22,116,113,18,90,3,40,31,61,38,72" hai1="9,99,118,126,119,60,2,75,135,11,41,82,20" hai2="110,45,64,30,87,44,35,50,46,70,130,48,73" hai3="132,88,125,23,7,29,14,108,24,78,111,52,43"/><T123/><D116/><U79/><E126/><V58/><F73/><W13/><G78/><T39/><D113/><U62/><E135/><V120/><F120/><W128/><G132/><T86/><D72/><U15/><E41/><V91/><F70/><W57/><G43/><T27/><D3/><U103/><E20/><V74/><F74/><W8/><G125/><T6/><D6/><U93/><E2/><V80/><F110/><N who="3" m="42027" /><G128/><T47/><D39/><U127/><E127/><V21/><F35/><W17/><G88/><T56/><D31/><U100/><E100/><V1/><F1/><N who="3" m="111" /><G29/><T107/><D107/><U106/><E9/><V117/><F130/><W32/><G32/><T59/><D109/><U115/><E115/><V65/><F117/><W28/><G28/><T42/><D42/><U12/><E12/><V67/><F58/><W10/><G10/><T131/><D59/><U19/><E62/><AGARI ba="0,0" hai="13,14,17,23,24,52,57,62" m="111,42027" machi="62" ten="30,2000,0" yaku="14,1,54,1" doraHai="92" who="3" fromWho="1" sc="250,0,250,-20,250,0,250,20" /><INIT seed="1,0,0,5,5,132" ten="250,230,250,270" oya="1" hai0="92,68,70,125,91,129,71,87,24,126,23,19,40" hai1="6,133,9,61,48,13,86,114,128,89,75,94,101" hai2="8,99,12,59,102,105,31,67,104,21,95,51,73" hai3="93,66,127,82,119,109,56,83,0,121,7,72,32"/><U123/><E114/><V22/><F73/><W85/><G32/><T118/><D118/><U25/><E123/><V58/><F104/><W57/><G121/><T29/><D129/><U11/><E133/><V47/><F105/><W39/><G39/><T50/><REACH who="0" step="1"/><D29/><REACH who="0" ten="240,230,250,270" step="2"/><U64/><E128/><V110/><F110/><W49/><G109/><T44/><AGARI ba="0,1" hai="19,23,24,40,44,50,68,70,71,87,91,92,125,126" machi="44" ten="40,8000,1" yaku="1,1,2,1,0,1,52,2,53,0" doraHai="132" doraHaiUra="113" who="0" fromWho="0" sc="240,90,230,-40,250,-20,270,-20" /><INIT seed="2,0,0,1,0,75" ten="330,190,230,250" oya="2" hai0="122,88,38,8,19,127,76,103,12,95,80,28,57" hai1="14,89,34,46,62,26,42,58,4,7,69,22,110" hai2="43,109,30,90,96,113,124,29,84,32,112,55,98" hai3="48,106,25,31,40,83,119,9,27,44,79,104,24"/><V102/><F43/><W91/><G119/><T125/><D122/><U121/><E69/><V3/><F3/><W81/><G31/><T133/><D38/><U85/><E34/><V123/><F123/><W107/><G91/><T65/><D103/><U5/><E121/><V114/><F124/><N who="0" m="47690" /><D28/><U118/><E118/><V41/><F41/><W99/><G99/><N who="0" m="57831" /><D133/><U132/><E132/><V116/><F116/><W54/><G9/><T108/><D108/><U64/><E110/><V52/><F109/><W82/><REACH who="3" step="1"/><G40/><REACH who="3" ten="330,190,230,240" step="2"/><T21/><D8/><U101/><E101/><V61/><F96/><W17/><G17/><T15/><D19/><U10/><E22/><V126/><F126/><W128/><G128/><T11/><D11/><U13/><E10/><V33/><F30/><W68/><G68/><T115/><D115/><U66/><E4/><V117/><F117/><W60/><G60/><N who="0" m="38031" /><D21/><U129/><E129/><V130/><F130/><W71/><G71/><T92/><D92/><N who="1" m="54319" /><E5/><V39/><F29/><W50/><G50/><T111/><D111/><U87/><E7/><V78/><F33/><W77/><AGARI ba="0,1" hai="24,25,27,44,48,54,77,79,81,82,83,104,106,107" machi="77" ten="40,16000,3" yaku="1,1,0,1,29,2,52,2,53,2" doraHai="75" doraHaiUra="72" who="3" fromWho="3" sc="330,-40,190,-40,230,-80,240,170" /><INIT seed="3,0,0,3,4,64" ten="290,150,150,410" oya="3" hai0="79,134,93,117,128,61,11,120,30,124,55,24,77" hai1="84,126,3,127,41,6,130,125,13,109,123,89,133" hai2="131,25,129,60,63,92,135,49,86,115,50,46,121" hai3="97,16,53,108,40,38,23,43,26,88,5,70,36"/><W85/><G5/><T96/><D120/><U56/><E123/><V122/><F25/><W98/><G38/><T42/><D117/><U37/><E3/><V100/><F86/><W68/><G53/><T81/><D124/><U72/><E72/><V82/><F82/><W54/><G54/><T12/><D128/><U113/><E113/><V51/><F92/><W65/><G108/><T73/><D134/><U99/><E109/><V21/><F21/><W104/><G65/><T119/><D42/><U45/><E130/><V34/><F100/><W28/><G28/><T10/><D119/><U39/><E133/><V69/><F34/><W59/><G59/><T103/><D79/><U62/><E99/><V101/><F101/><W75/><G75/><T67/><D55/><N who="1" m="34079" /><E39/><V102/><F102/><W95/><G104/><T106/><D12/><U90/><E84/><V71/><F135/><W47/><REACH who="3" step="1"/><G40/><REACH who="3" ten="290,150,150,400" step="2"/><T31/><D31/><U66/><E66/><V9/><F51/><W8/><G8/><AGARI ba="0,1" hai="6,8,13,37,41,45,89,90,125,126,127" m="34079" machi="8" ten="30,1000,0" yaku="18,1" doraHai="64" who="1" fromWho="3" sc="290,0,150,20,150,0,400,-10" /><INIT seed="4,0,0,5,3,107" ten="290,170,150,390" oya="0" hai0="3,51,55,15,82,35,130,31,104,98,7,28,25" hai1="22,8,34,46,30,121,135,126,47,13,43,94,14" hai2="9,52,69,6,60,32,116,102,93,105,91,115,118" hai3="5,59,70,125,76,95,73,88,110,113,2,99,79"/><T40/><D130/><U68/><E68/><V23/><F32/><W122/><G70/><T42/><D3/><U128/><E121/><V16/><F102/><W66/><G5/><T80/><D31/><U87/><E34/><V0/><F105/><W89/><G2/><T111/><D111/><U85/><E128/><V11/><F11/><W4/><G4/><T54/><D104/><U96/><E126/><V57/><F69/><W127/><G66/><T112/><D112/><U90/><E135/><V29/><F29/><W56/><G59/><T67/><D67/><U18/><E30/><V92/><F115/><W103/><G56/><T37/><D98/><U84/><REACH who="1" step="1"/><E43/><REACH who="1" ten="290,160,150,390" step="2"/><V45/><F45/><W41/><G41/><T131/><D42/><U109/><E109/><V119/><REACH who="2" step="1"/><F91/><REACH who="2" ten="290,160,140,390" step="2"/><W49/><G89/><T133/><D28/><U120/><E120/><V132/><F132/><W74/><G88/><T106/><D35/><U114/><E114/><V50/><F50/><W123/><G49/><T53/><D51/><U63/><E63/><V108/><F108/><W26/><G110/><T72/><D133/><U17/><AGARI ba="0,2" hai="8,13,14,17,18,22,46,47,84,85,87,90,94,96" machi="17" ten="30,4000,0" yaku="1,1,0,1,8,1,53,0" doraHai="107" doraHaiUra="58" who="1" fromWho="1" sc="290,-20,160,60,140,-10,390,-10" /><INIT seed="5,0,0,0,5,88" ten="270,220,130,380" oya="1" hai0="13,130,82,49,37,75,27,110,20,9,14,19,102" hai1="114,115,95,38,36,117,74,32,7,24,77,90,1" hai2="62,18,135,86,12,30,5,45,44,113,73,65,125" hai3="50,42,26,109,47,68,6,78,132,128,80,67,46"/><U118/><E1/><V28/><F73/><W66/><G109/><T84/><D37/><N who="1" m="14443" /><E7/><V121/><F121/><W11/><G68/><T2/><D110/><U25/><E77/><V56/><F125/><W29/><G46/><N who="2" m="18025" /><F135/><W103/><G103/><T104/><D75/><U99/><E74/><V122/><F113/><N who="1" m="43017" /><E32/><V97/><F122/><W51/><G132/><T70/><D2/><U58/><E58/><V112/><F112/><W22/><G6/><T107/><D107/><U57/><E57/><V23/><F97/><W41/><G78/><T111/><D104/><U71/><E71/><V96/><F96/><W89/><G47/><T8/><D70/><U83/><E83/><V3/><F3/><W134/><G80/><T92/><D111/><U48/><E48/><V59/><F5/><W119/><G51/><T53/><D49/><U133/><E133/><V35/><F35/><W127/><G50/><T55/><D82/><U17/><E17/><V61/><F86/><W72/><G72/><T126/><D84/><U124/><E124/><V15/><F30/><W105/><G29/><T54/><D126/><U93/><E93/><V31/><F31/><W43/><G127/><T79/><D92/><U123/><E123/><V69/><F28/><W116/><G105/><T4/><D79/><U40/><E40/><V101/><F69/><W33/><G42/><T64/><D19/><U106/><E106/><V129/><F59/><W63/><G41/><T94/><D4/><U100/><E100/><V10/><F101/><W52/><G43/><T60/><D102/><U16/><E16/><RYUUKYOKU ba="0,0" sc="270,-10,220,30,130,-10,380,-10" hai1="24,25,90,95,99,117,118" /><INIT seed="5,1,0,5,4,2" ten="260,250,120,370" oya="1" hai0="124,32,66,70,51,21,108,84,36,35,125,111,115" hai1="104,69,81,64,131,1,102,16,91,43,31,93,62" hai2="26,22,107,109,67,6,13,5,60,65,94,98,28" hai3="82,20,133,8,116,18,33,92,37,15,7,129,17"/><U89/><E104/><V11/><F109/><W117/><G37/><T47/><D21/><U38/><E1/><V52/><F107/><W57/><G33/><T53/><D84/><U106/><E106/><V72/><F72/><W56/><G129/><T113/><D36/><U50/><E38/><V54/><F6/><W118/><G133/><T87/><D87/><U12/><E31/><V48/><F48/><W24/><G92/><T90/><D90/><U71/><E131/><V128/><F128/><W30/><G82/><T97/><D97/><U100/><E71/><V122/><F122/><W132/><G132/><T68/><D32/><U63/><E81/><V9/><F9/><N who="3" m="6383" /><G30/><T75/><D35/><U83/><E83/><V121/><F121/><W120/><G120/><T14/><D14/><AGARI ba="1,0" hai="7,8,14,18,20,24,56,57,116,117,118" m="6383" machi="14" ten="30,2000,0" yaku="12,1,52,1" doraHai="2" who="3" fromWho="0" sc="260,-23,250,0,120,0,370,23" /><INIT seed="6,0,0,0,2,96" ten="237,250,120,393" oya="2" hai0="18,64,101,107,89,103,131,90,111,117,24,69,84" hai1="44,42,53,94,60,7,2,12,121,54,135,30,134" hai2="29,109,50,125,85,11,70,15,4,57,71,99,55" hai3="72,32,40,27,37,110,20,52,1,127,19,130,86"/><V122/><F122/><W46/><G72/><T119/><D107/><U61/><E2/><V97/><F125/><W102/><G1/><T112/><D111/><U13/><E121/><V63/><F109/><W34/><G110/><T33/><D112/><U81/><E30/><V76/><F29/><W51/><G102/><N who="0" m="38923" /><D84/><U3/><E94/><V35/><F35/><W123/><G123/><T5/><D5/><U91/><E3/><V59/><F71/><W49/><G37/><T133/><D133/><U128/><E128/><V22/><F70/><W132/><G130/><T105/><D105/><U79/><E91/><V8/><F22/><W100/><G100/><T9/><D131/><U129/><E129/><V93/><F11/><W78/><G127/><T45/><D45/><U43/><E44/><V115/><F115/><W39/><G39/><T16/><D18/><U126/><E7/><V73/><F73/><W14/><G132/><T68/><D68/><U26/><E126/><V118/><F118/><N who="0" m="45066" /><D9/><U104/><E104/><V48/><F76/><W66/><G46/><T116/><D116/><U0/><E79/><V17/><F4/><W108/><G19/><T113/><D113/><U82/><E0/><V75/><F75/><W21/><G78/><T6/><D6/><U10/><E10/><V38/><F38/><W36/><G36/><T65/><D33/><U77/><E77/><V28/><F85/><W25/><G34/><T95/><D69/><U67/><E135/><V80/><F8/><W47/><G32/><T124/><D124/><U41/><E134/><V120/><F120/><RYUUKYOKU ba="0,0" sc="237,0,250,0,120,0,393,0" /><INIT seed="7,1,0,3,4,103" ten="237,250,120,393" oya="3" hai0="119,117,108,122,120,3,14,44,45,104,11,9,118" hai1="41,49,0,22,84,96,61,27,64,13,16,74,69" hai2="52,112,91,47,82,99,15,70,2,32,28,93,133" hai3="5,68,125,128,67,130,109,124,1,38,46,30,35"/><W71/><G109/><T94/><D104/><U42/><E74/><V87/><F2/><W129/><G30/><T111/><D94/><U12/><E0/><V106/><F70/><N who="3" m="26667" /><G67/><T97/><D97/><U20/><E12/><V105/><F112/><W17/><G35/><T132/><D132/><U73/><E73/><V8/><F133/><W29/><G29/><T36/><D36/><U95/><E49/><V123/><F123/><N who="0" m="47146" /><D45/><U58/><E84/><V63/><F28/><W127/><G17/><N who="0" m="8415" /><D44/><U86/><E86/><V53/><F32/><W116/><G116/><T98/><D98/><U54/><E54/><V62/><F53/><W115/><G115/><T81/><D81/><U107/><E107/><V7/><F63/><W75/><G75/><T110/><D110/><U78/><E78/><V40/><F62/><W66/><G66/><T102/><D102/><N who="1" m="60703" /><E69/><V114/><F114/><W4/><G1/><T48/><D48/><U79/><E79/><V25/><F25/><W31/><G31/><AGARI ba="1,0" hai="13,16,20,22,27,31,41,42,58,61,64" m="60703" machi="31" ten="30,3900,0" yaku="25,1,8,1,54,1" doraHai="103" who="1" fromWho="3" sc="237,0,250,42,120,0,393,-42" owari="237,-16.0,292,9.0,120,-38.0,351,45.0" /></mjloggm>