<mjloggm ver="2.3"><GO type="169" lobby="0"/><UN n0="%E7%B4%85%E8%8C%B6%30%37" n1="%E3%83%87%E3%83%87%E3%82%AD%E3%83%B3%E3%83%88" n2="%E3%83%88%E3%83%88%E3%83%AA%E5%85%88%E7%94%9F%31%39%E6%AD%B3" n3="%E3%81%BF%E3%81%A3%E3%81%A4%E3%81%83%EF%BD%9E" dan="16,17,18,18" rate="2082.86,2109.15,2251.28,2197.41" sx="M,M,F,F"/><TAIKYOKU oya="0"/><INIT seed="0,0,0,2,2,2" ten="250,250,250,250" oya="0" hai0="60,72,131,27,31,123,21,61,55,135,96,17,24" hai1="9,75,51,32,37,5,77,70,129,101,97,0,59" hai2="86,42,102,34,130,65,53,87,67,56,76,40,50" hai3="66,69,85,99,89,28,47,93,35,36,33,122,92"/><T103/><D123/><U71/><E59/><V117/><F34/><W116/><G116/><T124/><D72/><U7/><E51/><V82/><F117/><W110/><G110/><T98/><D131/><U23/><E23/><V1/><F130/><W74/><G74/><T105/><D124/><U63/><E129/><V81/><F1/><W16/><G122/><T10/><D135/><U80/><E7/><V48/><F102/><W128/><G128/><T78/><D78/><U45/><E63/><V62/><F48/><W84/><G33/><T38/><D38/><U79/><E79/><V126/><F126/><W41/><G35/><T15/><D96/><U19/><E19/><V18/><F18/><W127/><G28/><T107/><D55/><U106/><E32/><V88/><REACH who="2" step="1"/><F67/><REACH who="2" ten="250,250,240,250" step="2"/><W112/><G127/><T132/><D105/><U14/><E14/><V49/><F49/><W58/><G66/><T39/><D39/><U108/><E108/><V115/><F115/><W114/><G112/><T43/><D132/><U46/><E46/><AGARI ba="0,1" hai="40,42,46,50,53,56,62,65,76,81,82,86,87,88" machi="46" ten="30,7700,0" yaku="1,1,7,1,8,1,54,1,53,0" doraHai="2" doraHaiUra="11" who="2" fromWho="1" sc="250,0,250,-77,240,87,250,0" /><INIT seed="1,0,0,2,5,122" ten="250,173,327,250" oya="1" hai0="24,60,43,19,9,31,79,112,45,101,88,17,85" hai1="3,20,13,104,86,120,114,18,132,119,41,56,70" hai2="131,109,87,59,5,54,83,22,37,40,12,6,78" hai3="124,127,63,134,44,81,80,27,133,135,55,94,118"/><U35/><E114/><V33/><F33/><W14/><G118/><T69/><D112/><U57/><E70/><V125/><F131/><W1/><G1/><T89/><D101/><U49/><E35/><V76/><F125/><N who="3" m="48203" /><G27/><T111/><D79/><U46/><E3/><V128/><F128/><W105/><G105/><T34/><D111/><U28/><E104/><V8/><F109/><W16/><G94/><T25/><D25/><N who="1" m="16423" /><E119/><V32/><F32/><W72/><G72/><T107/><D107/><U50/><E120/><V67/><F67/><W116/><G116/><T82/><D89/><U90/><E50/><V42/><F37/><W29/><G29/><T36/><REACH who="0" step="1"/><D9/><REACH who="0" ten="240,173,327,250" step="2"/><N who="1" m="6447" /><E132/><V47/><F78/><W38/><G134/><T91/><D91/><U75/><E75/><V110/><F110/><W62/><G135/><T2/><D2/><U100/><E100/><V26/><F76/><W102/><G102/><T95/><D95/><AGARI ba="0,1" hai="41,46,49,56,57,86,90,95" m="6447,16423" machi="95" ten="30,1500,0" yaku="8,1" doraHai="122" who="1" fromWho="0" sc="240,-15,173,25,327,0,250,0" /><INIT seed="1,1,0,2,4,59" ten="225,198,327,250" oya="1" hai0="94,115,55,12,49,83,130,2,124,72,39,18,84" hai1="97,78,65,34,131,99,38,43,110,76,20,5,66" hai2="41,68,95,123,3,70,28,118,75,127,93,101,26" hai3="77,107,104,19,92,108,32,86,60,134,119,27,9"/><U40/><E34/><V23/><F118/><W116/><G108/><T85/><D39/><U132/><E110/><V129/><F123/><W4/><G134/><T67/><D2/><U8/><E131/><V109/><F3/><W117/><G19/><T98/><D124/><U7/><E132/><V133/><F109/><W112/><G112/><T100/><D130/><U15/><E20/><V29/><F75/><W122/><G122/><T21/><D115/><U45/><E7/><V6/><F6/><W24/><G92/><T37/><D37/><U47/><E97/><V13/><F13/><W91/><G77/><T30/><D30/><U105/><E105/><V53/><F23/><W54/><G104/><T33/><D33/><U16/><E99/><V121/><F133/><W25/><G107/><T14/><D72/><U126/><E126/><V81/><F121/><W111/><G111/><T103/><D103/><U42/><E5/><V17/><F101/><W88/><G32/><T71/><D12/><U135/><E135/><V90/><F26/><W58/><REACH who="3" step="1"/><G86/><REACH who="3" ten="225,198,327,240" step="2"/><T128/><D128/><U96/><E96/><V56/><F129/><W57/><G57/><T73/><D73/><U79/><E38/><V35/><F35/><W74/><G74/><T48/><D84/><U106/><E106/><V61/><F127/><W69/><G69/><T82/><D85/><U0/><E0/><AGARI ba="1,1" hai="0,4,9,24,25,27,54,58,60,88,91,116,117,119" machi="0" ten="50,8000,1" yaku="1,1,12,1,52,1,54,1,53,1" doraHai="59" doraHaiUra="51" who="3" fromWho="1" sc="225,0,198,-83,327,0,240,93" /><INIT seed="2,0,0,2,5,109" ten="225,115,327,333" oya="2" hai0="46,121,101,3,48,38,111,28,74,42,96,128,33" hai1="71,5,29,41,52,83,87,60,7,98,1,13,25" hai2="127,108,99,51,81,57,90,11,84,113,26,56,103" hai3="36,118,130,112,54,6,100,8,44,66,4,12,17"/><V27/><F113/><W55/><G118/><T31/><D48/><U67/><E1/><V20/><F108/><W129/><G66/><T61/><D111/><U76/><E41/><V79/><F127/><W21/><G100/><T45/><D31/><U117/><E117/><V120/><F120/><W134/><G134/><T82/><D121/><U125/><E125/><V40/><F26/><W35/><G35/><T0/><D46/><U115/><E115/><V9/><F79/><W37/><G112/><T19/><D19/><U47/><E98/><V92/><F40/><N who="3" m="22535" /><G6/><T50/><D50/><U32/><REACH who="1" step="1"/><E13/><REACH who="1" ten="225,105,327,333" step="2"/><V70/><F99/><W18/><G37/><N who="0" m="21711" /><D96/><U93/><E93/><V107/><F92/><W131/><G18/><T59/><D38/><U34/><E34/><V63/><F107/><W49/><G49/><AGARI ba="0,1" hai="5,7,25,29,32,47,49,52,60,67,71,76,83,87" machi="49" ten="40,2600,0" yaku="1,1,54,1,53,0" doraHai="109" doraHaiUra="69" who="1" fromWho="3" sc="225,0,105,36,327,0,333,-26" /><INIT seed="3,0,0,1,4,95" ten="225,141,327,307" oya="3" hai0="118,58,22,104,128,106,130,83,113,40,38,115,26" hai1="31,29,116,10,65,125,84,55,47,18,77,76,17" hai2="20,107,100,35,52,1,28,30,121,56,9,127,3" hai3="37,123,66,63,16,105,79,5,4,99,126,101,72"/><W13/><G123/><T11/><D118/><U122/><E122/><V117/><F121/><W110/><G37/><T86/><D58/><U97/><E116/><V111/><F117/><W59/><G126/><T69/><D69/><U134/><E134/><V75/><F75/><W45/><G45/><N who="0" m="23703" /><D11/><U61/><E125/><V96/><F127/><W109/><G79/><N who="0" m="46463" /><D104/><U6/><E47/><V62/><F111/><N who="3" m="42507" /><G72/><T88/><D88/><U60/><E55/><V129/><F129/><N who="0" m="49770" /><D106/><U57/><E61/><V94/><F107/><W89/><G89/><T33/><D33/><U85/><E10/><AGARI ba="0,0" hai="4,5,10,13,16,59,63,66,99,101,105" m="42507" machi="10" ten="30,11600,0" yaku="14,1,10,1,52,1,54,1" doraHai="95" who="3" fromWho="1" sc="225,0,141,-116,327,0,307,116" /><INIT seed="3,1,0,2,4,2" ten="225,25,327,423" oya="3" hai0="44,103,50,35,1,94,21,67,80,31,61,95,8" hai1="36,25,48,20,93,30,70,92,23,43,51,82,115" hai2="14,66,59,122,41,101,110,133,123,76,15,65,47" hai3="28,116,131,113,34,58,63,60,4,33,6,100,81"/><W109/><G113/><T10/><D35/><N who="3" m="13321" /><G116/><T106/><D106/><U0/><E0/><V22/><F110/><W19/><G28/><T32/><D32/><U56/><E70/><V126/><F126/><W89/><G58/><T11/><D1/><U78/><E115/><V98/><F76/><W79/><G89/><T135/><D135/><U125/><E125/><V87/><F133/><W84/><G100/><T46/><D80/><U88/><E36/><V26/><F87/><W12/><G109/><T73/><D73/><U37/><E37/><V7/><F122/><W104/><G104/><T85/><D85/><N who="1" m="48343" /><E23/><V52/><F123/><W127/><G127/><T9/><D9/><U102/><E43/><V62/><F15/><W17/><G12/><T91/><D103/><U130/><E130/><V114/><F114/><W132/><G132/><T5/><D8/><U3/><E3/><V53/><F66/><W49/><G49/><N who="1" m="19018" /><E56/><V112/><F112/><W107/><G107/><T24/><D11/><U111/><E111/><V86/><F14/><W64/><G64/><T77/><D10/><U134/><E134/><V13/><F13/><W83/><G131/><T45/><D67/><U29/><E102/><V90/><F65/><W54/><G54/><T117/><D21/><N who="1" m="15535" /><E88/><V119/><F53/><W105/><G105/><T38/><D91/><U75/><E75/><V96/><F101/><W72/><G63/><T69/><D61/><U27/><AGARI ba="1,0" hai="20,27,30,92,93" m="15535,19018,48343" machi="27" ten="30,1100,0" yaku="8,1" doraHai="2" who="1" fromWho="1" sc="225,-4,25,14,327,-4,423,-6" /><INIT seed="4,0,0,0,0,49" ten="221,39,323,417" oya="0" hai0="122,111,96,29,63,68,19,89,27,8,67,100,77" hai1="21,78,81,80,110,135,71,73,44,65,92,48,70" hai2="104,14,58,32,12,132,3,1,66,56,106,74,54" hai3="69,95,62,28,120,55,121,130,82,59,31,23,51"/><T101/><D122/><N who="3" m="47209" /><G130/><T112/><D112/><U15/><E110/><V85/><F32/><W64/><G95/><T52/><D111/><U97/><E135/><V83/><F132/><W10/><G23/><T6/><D77/><U40/><E65/><V39/><F39/><W41/><G41/><T102/><D19/><U42/><E42/><V20/><F66/><W94/><G82/><T5/><D8/><U45/><E45/><V26/><F74/><W36/><G36/><T11/><D11/><U47/><E47/><V50/><F58/><W128/><G128/><T43/><D43/><U22/><E81/><V16/><F104/><W0/><G0/><T76/><D76/><U125/><E125/><V13/><REACH who="2" step="1"/><F106/><REACH who="2" ten="221,39,313,417" step="2"/><W38/><G38/><T18/><D67/><U90/><E71/><V103/><F103/><W105/><G105/><T99/><D68/><U7/><E70/><V86/><F86/><W117/><G69/><T124/><D124/><U84/><E73/><V75/><F75/><W114/><G64/><T127/><D127/><U17/><E7/><V93/><F93/><W53/><G94/><N who="0" m="56399" /><D99/><U79/><REACH who="1" step="1"/><E22/><REACH who="1" ten="221,29,313,417" step="2"/><V88/><AGARI ba="0,2" hai="1,3,12,13,14,16,20,26,50,54,56,83,85,88" machi="88" ten="30,8000,1" yaku="1,1,0,1,52,1,54,2,53,0" doraHai="49" doraHaiUra="123" who="2" fromWho="2" sc="221,-40,29,-20,313,100,417,-20" /><INIT seed="5,0,0,2,5,81" ten="181,9,413,397" oya="1" hai0="11,115,68,41,25,76,6,74,35,113,15,100,17" hai1="51,103,114,28,112,93,87,60,94,44,2,43,39" hai2="34,131,49,45,33,98,108,118,80,29,102,85,7" hai3="107,106,57,24,79,97,101,63,16,54,92,96,31"/><U61/><E2/><V13/><F118/><W4/><G4/><T105/><D68/><U71/><E28/><V128/><F108/><W77/><G107/><T38/><D35/><U66/><E61/><V40/><F29/><W50/><G16/><T3/><D25/><U32/><E32/><V121/><F121/><W10/><G10/><T130/><D41/><U83/><E103/><V124/><F124/><W129/><G129/><N who="2" m="49737" /><F13/><W89/><REACH who="3" step="1"/><G63/><REACH who="3" ten="181,9,413,387" step="2"/><T75/><D130/><U55/><E112/><V58/><F7/><W125/><G125/><T72/><D115/><U123/><E123/><V56/><F34/><AGARI ba="0,1" hai="24,31,34,50,54,57,77,79,89,92,96,97,101,106" machi="34" ten="30,2000,0" yaku="1,1,7,1,53,0" doraHai="81" doraHaiUra="42" who="3" fromWho="2" sc="181,0,9,0,413,-20,387,30" /><INIT seed="6,0,0,2,1,70" ten="181,9,393,417" oya="2" hai0="35,44,134,109,54,59,67,86,0,11,128,104,58" hai1="39,131,38,19,82,114,1,118,83,101,31,97,75" hai2="57,79,28,71,4,76,117,91,96,13,41,102,47" hai3="135,55,130,36,85,112,9,50,100,126,103,81,69"/><V110/><F117/><W63/><G130/><T77/><D104/><U40/><E19/><V111/><F71/><W93/><G135/><T62/><D35/><U16/><E16/><V20/><F91/><W29/><G126/><T51/><D109/><N who="2" m="41482" /><F57/><BYE who="1" /><W106/><G112/><T120/><D120/><U27/><E27/><N who="2" m="16487" /><F13/><W60/><G36/><T123/><D123/><U66/><E66/><V10/><F10/><W95/><G106/><T129/><D134/><U56/><E56/><V17/><F17/><W22/><G9/><T127/><D127/><U113/><E113/><V12/><F12/><W21/><G69/><T107/><D107/><U72/><E72/><V122/><F4/><W64/><G64/><T74/><D74/><U53/><E53/><V99/><F122/><W32/><G32/><T73/><D73/><U105/><E105/><N who="2" m="63687" /><F99/><W87/><G55/><T30/><D30/><U108/><E108/><V124/><F124/><W68/><G68/><T132/><D132/><U52/><E52/><V88/><F88/><W65/><G65/><T133/><D133/><U5/><E5/><V42/><F42/><W15/><G15/><T119/><D119/><U7/><E7/><V92/><F92/><W46/><G81/><T8/><D0/><U125/><E125/><V61/><F61/><W18/><G18/><T48/><D11/><U23/><E23/><V80/><F80/><W116/><G116/><T115/><D8/><U34/><E34/><V43/><F43/><W25/><G50/><AGARI ba="0,0" hai="41,47,50,76,79" m="63687,16487,41482" machi="50" ten="30,1500,0" yaku="10,1" doraHai="70" who="2" fromWho="3" sc="181,0,9,0,393,15,417,-15" /><INIT seed="6,1,0,3,4,81" ten="181,9,408,402" oya="2" hai0="135,130,106,25,121,74,58,33,116,93,123,103,85" hai1="47,98,70,29,78,132,48,128,55,19,75,90,66" hai2="2,68,56,117,97,124,22,101,13,59,102,88,45" hai3="104,11,8,86,126,54,6,109,1,133,129,113,53"/><V0/><F117/><W18/><G104/><T31/><D58/><N who="2" m="22058" /><F2/><W73/><G73/><T57/><D57/><U80/><E80/><V112/><F0/><W119/><G109/><T92/><D25/><U3/><E3/><V107/><F68/><W44/><G119/><T27/><D31/><U15/><E15/><V82/><F107/><W100/><G100/><N who="2" m="38505" /><F112/><W5/><G18/><T69/><D33/><U115/><E115/><V62/><F124/><W108/><G126/><T36/><D69/><U83/><E83/><V120/><F120/><W67/><G113/><T84/><D36/><U61/><E61/><V20/><F62/><W76/><G67/><T10/><D74/><U50/><E50/><V60/><F60/><W35/><G35/><T134/><D106/><U30/><E30/><V95/><F45/><W91/><G108/><T46/><D103/><U63/><E63/><V9/><F82/><N who="3" m="47431" /><G1/><T40/><D46/><U7/><E7/><AGARI ba="1,0" hai="7,9,13,20,22,88,95,97" m="38505,22058" machi="7" ten="30,2900,0" yaku="8,1,54,1" doraHai="81" who="2" fromWho="1" sc="181,0,9,-32,408,32,402,0" owari="181,-22.0,-23,-52.0,440,54.0,402,20.0" /></mjloggm>