<mjloggm ver="2.3"><GO type="169" lobby="0"/><UN n0="%E5%BA%83%E8%83%BD%E6%98%8C%E4%B8%89" n1="%E3%82%A6%E3%83%AB%E3%83%88%E3%83%A9%E7%AB%8B%E7%9B%B4" n2="%E3%83%AA%E3%82%B9%E3%83%83%E3%83%81" n3="%E3%81%91%E3%82%93%31%39%37%30" dan="17,17,16,16" rate="2238.99,2121.97,2050.09,2089.39" sx="M,M,M,M"/><TAIKYOKU oya="0"/><INIT seed="0,0,0,5,3,95" ten="250,250,250,250" oya="0" hai0="125,41,109,6,67,133,15,105,20,114,14,39,43" hai1="56,58,35,5,98,80,73,51,86,27,65,4,87" hai2="99,89,46,131,50,28,79,102,97,88,52,112,70" hai3="117,108,61,107,91,42,60,37,49,1,34,110,64"/><T115/><D105/><U72/><E35/><V30/><F70/><W82/><G117/><T45/><D125/><U25/><E51/><V75/><F112/><W118/><G118/><T113/><D133/><U122/><E80/><V120/><F120/><W96/><G1/><T55/><D109/><U33/><E33/><V83/><F131/><W71/><G34/><T103/><D103/><U31/><E65/><V48/><F48/><W54/><G61/><T76/><D67/><U119/><E119/><V127/><F127/><W47/><G82/><T29/><D43/><U74/><E74/><V17/><F17/><W38/><G38/><T32/><D32/><U94/><E94/><V121/><F121/><W123/><G123/><T26/><D6/><U78/><E122/><V134/><F134/><W101/><REACH who="3" step="1"/><G91/><REACH who="3" ten="250,250,250,240" step="2"/><T2/><D2/><U8/><E31/><V66/><F89/><W53/><G53/><T104/><D55/><U19/><E78/><V9/><F66/><W23/><G23/><T130/><D76/><U124/><E124/><V7/><F88/><W0/><G0/><T18/><D130/><U129/><E129/><V93/><REACH who="2" step="1"/><F99/><REACH who="2" ten="250,250,240,240" step="2"/><W22/><G22/><N who="0" m="15575" /><D114/><U40/><E98/><V68/><F68/><W111/><G111/><T63/><D113/><U106/><E40/><V24/><F24/><W100/><G100/><T132/><D115/><U11/><E27/><V90/><F90/><W126/><G126/><T57/><D132/><U44/><E25/><V116/><F116/><W92/><G92/><T128/><D128/><U81/><E81/><V85/><F85/><RYUUKYOKU ba="0,2" sc="250,-15,250,-15,240,15,240,15" hai2="7,9,28,30,46,50,52,75,79,83,93,97,102" hai3="37,42,47,49,54,60,64,71,96,101,107,108,110" /><INIT seed="1,1,2,3,2,52" ten="235,235,255,255" oya="1" hai0="67,15,99,26,54,103,97,83,13,72,116,59,86" hai1="96,129,82,84,81,114,71,21,65,133,8,62,64" hai2="36,113,10,16,85,88,1,47,20,18,60,132,30" hai3="28,105,35,22,124,51,12,57,98,44,120,101,40"/><U3/><E114/><V41/><F132/><W76/><G124/><T112/><D72/><U69/><E133/><V93/><F113/><W130/><G130/><T79/><D112/><U89/><E129/><V108/><F108/><W0/><G0/><T91/><D116/><U17/><E96/><N who="0" m="36937" /><D103/><U128/><E128/><V111/><F111/><W77/><G120/><T102/><D102/><U121/><E121/><V134/><F134/><W14/><G35/><T56/><D26/><U53/><E53/><V123/><F123/><W87/><G14/><N who="0" m="5131" /><D67/><U6/><E81/><V11/><F1/><W42/><G42/><T24/><D24/><U75/><E75/><V109/><F109/><W95/><G28/><T80/><D54/><U19/><REACH who="1" step="1"/><E21/><REACH who="1" ten="235,225,255,255" step="2"/><V74/><F74/><W63/><G22/><T126/><D126/><U117/><E117/><V49/><F10/><W92/><G101/><T39/><D80/><U50/><E50/><V61/><F11/><W46/><G51/><T33/><D33/><U107/><E107/><V135/><F135/><W2/><G105/><T25/><D39/><U122/><E122/><V104/><F104/><W27/><G40/><T125/><D125/><U106/><E106/><V29/><F36/><W131/><G131/><T110/><D110/><U34/><E34/><V32/><F32/><W55/><G55/><T100/><D100/><U38/><E38/><V66/><F20/><W78/><G63/><AGARI ba="1,3" hai="3,6,8,17,19,62,63,64,65,69,71,82,84,89" machi="63" ten="40,3900,0" yaku="1,1,9,1,53,0" doraHai="52" doraHaiUra="37" who="1" fromWho="3" sc="235,0,225,72,255,0,255,-42" /><INIT seed="1,2,0,1,3,116" ten="235,297,255,213" oya="1" hai0="1,54,93,50,87,73,128,52,38,131,94,102,60" hai1="113,101,63,2,23,125,89,10,90,110,134,26,70" hai2="126,99,65,21,14,9,88,45,18,46,64,105,11" hai3="129,85,111,49,55,83,84,25,4,62,24,100,47"/><U112/><E101/><V36/><F105/><W20/><G111/><T57/><D73/><U61/><E110/><V135/><F135/><W0/><G129/><N who="0" m="49739" /><D1/><U106/><E106/><V104/><F104/><W44/><G100/><T133/><D38/><U39/><E39/><V72/><F72/><W28/><G62/><T95/><D133/><U16/><E134/><V13/><F126/><W42/><G0/><T58/><D102/><U66/><E125/><V91/><F21/><W34/><G4/><T130/><N who="0" m="49747" /><T40/><DORA hai="68" /><D40/><U78/><E78/><V119/><F119/><W35/><G85/><AGARI ba="2,0" hai="50,52,54,57,58,60,85,87,93,94,95" m="49747" machi="85" ten="50,3200,0" yaku="19,1,54,1" doraHai="116,68" who="0" fromWho="3" sc="235,38,297,0,255,0,213,-38" /><INIT seed="2,0,0,1,4,37" ten="273,297,255,175" oya="2" hai0="111,121,119,129,78,116,42,82,91,88,44,130,89" hai1="3,103,48,43,29,124,45,93,9,35,62,34,4" hai2="108,24,94,10,26,1,53,31,98,13,127,23,55" hai3="134,39,36,85,76,70,118,120,69,65,6,114,52"/><V22/><F108/><W12/><G118/><N who="0" m="45099" /><D121/><U11/><E124/><V113/><F113/><W135/><G120/><T105/><D105/><U16/><E29/><V92/><F1/><W61/><G114/><T73/><D111/><U72/><E72/><V15/><F127/><W74/><G85/><T100/><D100/><U125/><E125/><V77/><F77/><W90/><G90/><T33/><D33/><U126/><E62/><V20/><F20/><W7/><G76/><T131/><D91/><U14/><REACH who="1" step="1"/><E126/><REACH who="1" ten="273,287,255,175" step="2"/><V64/><F31/><W50/><G74/><T38/><AGARI ba="0,1" hai="38,42,44,73,78,82,88,89,129,130,131" m="45099" machi="38" ten="40,8000,1" yaku="19,1,12,1,52,1,54,1" doraHai="37" who="0" fromWho="0" sc="273,90,287,-20,255,-40,175,-20" /><INIT seed="3,0,0,2,2,64" ten="363,267,215,155" oya="3" hai0="123,11,51,46,86,100,4,36,29,118,32,54,38" hai1="43,22,97,93,79,1,44,81,105,117,76,34,102" hai2="120,119,95,128,45,63,78,98,60,37,134,58,96" hai3="116,42,130,127,90,135,26,89,122,111,6,13,80"/><W17/><G116/><T9/><D118/><U74/><E34/><V114/><F119/><W49/><G122/><T41/><D123/><U126/><E1/><V108/><F120/><W33/><G127/><T92/><D32/><U87/><E117/><V47/><F114/><W83/><G130/><T77/><D29/><U2/><E2/><V75/><F128/><W55/><G135/><T16/><D16/><U121/><E121/><V7/><F134/><W18/><G42/><T101/><D11/><U12/><E126/><V52/><F108/><W35/><G111/><T28/><D28/><U68/><E68/><V125/><F125/><W132/><G132/><T72/><D92/><U56/><E56/><V115/><F115/><W88/><G6/><T48/><D72/><U109/><E109/><V112/><F112/><W53/><G26/><T66/><D66/><U113/><E113/><V10/><F60/><W57/><G33/><T94/><D38/><U8/><E22/><V40/><F45/><N who="3" m="27823" /><G35/><T19/><D19/><N who="3" m="7177" /><G13/><N who="0" m="5287" /><D36/><U131/><E131/><V3/><REACH who="2" step="1"/><F95/><REACH who="2" ten="363,267,205,155" step="2"/><W73/><G73/><T24/><D94/><U106/><E74/><V14/><F14/><W0/><G0/><T59/><D24/><U110/><E110/><V21/><F21/><W133/><G133/><T5/><D5/><N who="1" m="3087" /><E93/><V107/><F107/><W50/><AGARI ba="0,1" hai="50,55,57,80,83,88,89,90" m="7177,27823" machi="50" ten="30,3000,0" yaku="8,1,54,1" doraHai="64" who="3" fromWho="3" sc="363,-10,267,-10,205,-10,155,40" /><INIT seed="3,1,0,5,0,130" ten="353,257,195,195" oya="3" hai0="12,58,113,85,108,97,122,69,16,28,38,107,96" hai1="118,11,63,5,87,60,46,121,3,72,48,8,91" hai2="119,127,133,42,40,56,99,83,51,53,86,41,37" hai3="1,34,9,36,52,115,114,24,103,120,73,134,95"/><W106/><G120/><T20/><D69/><U35/><E72/><V132/><F119/><W129/><G106/><T117/><D38/><U67/><E35/><V43/><F99/><W94/><G36/><T70/><D70/><U88/><E121/><V47/><REACH who="2" step="1"/><F127/><REACH who="2" ten="353,257,185,195" step="2"/><W59/><G114/><T123/><D113/><U61/><E118/><V75/><F75/><W68/><G73/><T0/><D117/><U131/><E131/><V33/><F33/><W26/><G129/><T109/><D122/><U110/><E110/><V21/><F21/><W25/><G34/><T13/><D20/><U22/><E22/><V18/><F18/><W44/><G115/><T49/><D16/><U125/><E125/><V79/><AGARI ba="1,1" hai="37,40,41,42,43,47,51,53,56,79,83,86,132,133" machi="79" ten="30,7900,0" yaku="1,1,0,1,52,2,53,0" doraHai="130" doraHaiUra="98" who="2" fromWho="2" sc="353,-21,257,-21,185,92,195,-40" /><INIT seed="4,0,0,4,2,75" ten="332,236,277,155" oya="0" hai0="45,61,103,27,133,108,99,65,32,2,69,34,118" hai1="78,107,1,102,112,15,98,124,80,85,41,114,30" hai2="36,115,119,70,95,82,132,46,71,18,8,106,59" hai3="129,25,63,20,122,57,87,113,84,94,12,131,73"/><T14/><D118/><U11/><E124/><V38/><F106/><W83/><G73/><T90/><D2/><U74/><E30/><V62/><F119/><W19/><G113/><N who="1" m="43626" /><E41/><V48/><F115/><W40/><G122/><T37/><D108/><U5/><E74/><V109/><F109/><W116/><G40/><N who="0" m="22671" /><D90/><U22/><E22/><V123/><F123/><W89/><G116/><T67/><D14/><AGARI ba="0,0" hai="1,5,11,14,15,78,80,85,98,102,107" m="43626" machi="14" ten="30,3900,0" yaku="15,1,11,1,52,1" doraHai="75" who="1" fromWho="0" sc="332,-39,236,39,277,0,155,0" /><INIT seed="5,0,0,0,2,83" ten="293,275,277,155" oya="1" hai0="17,29,24,98,132,49,60,89,68,122,63,106,73" hai1="100,86,79,113,3,38,20,57,1,25,112,92,39" hai2="54,72,135,40,74,119,47,97,35,117,66,37,19" hai3="62,33,80,102,15,42,134,36,65,126,51,52,44"/><U125/><E125/><V109/><F109/><W118/><G33/><T21/><D73/><U108/><E57/><V77/><F35/><W115/><G102/><T128/><D132/><U95/><E108/><V7/><F135/><W78/><G134/><T55/><D128/><U94/><E100/><V22/><F97/><W6/><G115/><N who="1" m="44106" /><E79/><V8/><F66/><W111/><G111/><T121/><D68/><U64/><E64/><V85/><F54/><W5/><G126/><T101/><D89/><U130/><E86/><V107/><F85/><W41/><G118/><T43/><D43/><U48/><E48/><V12/><F107/><W23/><G36/><N who="1" m="13866" /><E130/><V27/><F74/><W91/><G91/><T105/><D105/><U110/><E110/><V103/><F103/><W104/><G104/><T99/><D99/><U114/><N who="1" m="44114" /><U129/><DORA hai="133" /><E129/><V18/><REACH who="2" step="1"/><F7/><REACH who="2" ten="293,275,267,155" step="2"/><W88/><G78/><T30/><D98/><U14/><E14/><V32/><F32/><W46/><G6/><T67/><D101/><U123/><E123/><V0/><F0/><W16/><G5/><T96/><D96/><U56/><E56/><V9/><F9/><W131/><G131/><T13/><D106/><U58/><E58/><V31/><F31/><AGARI ba="0,1" hai="1,3,20,25,31,92,94,95" m="13866,44114" machi="31" ten="50,2400,0" yaku="15,1" doraHai="83,133" who="1" fromWho="2" sc="293,0,275,34,267,-24,155,0" /><INIT seed="5,1,0,0,3,65" ten="293,309,243,155" oya="1" hai0="97,110,100,32,24,129,39,111,59,23,31,30,116" hai1="112,25,10,68,38,115,52,64,11,134,49,40,22" hai2="114,48,74,72,42,99,131,34,37,113,14,15,88" hai3="60,130,103,36,108,78,12,122,92,121,61,20,118"/><U79/><E79/><V102/><F37/><W9/><G108/><T19/><D39/><U57/><E134/><V106/><F34/><W26/><G36/><T95/><D116/><U6/><E6/><V41/><F131/><W8/><G130/><T28/><D129/><U104/><E104/><V96/><F14/><W58/><G78/><T33/><D33/><U89/><E89/><V62/><F15/><W119/><G61/><T90/><D32/><U3/><E3/><V133/><F133/><W4/><G9/><T2/><D2/><U43/><E11/><V84/><F62/><W81/><G81/><T117/><D117/><N who="3" m="44553" /><G92/><T123/><D123/><U66/><E10/><V71/><F71/><W107/><G103/><T69/><D69/><U45/><E40/><V18/><F18/><N who="3" m="12567" /><G107/><T70/><D70/><U0/><E0/><V7/><F7/><W63/><G63/><T75/><D75/><U124/><E68/><V135/><F135/><W27/><G27/><T98/><REACH who="0" step="1"/><D59/><REACH who="0" ten="283,309,243,155" step="2"/><U82/><E57/><V120/><F120/><W94/><G121/><T46/><D46/><U17/><E45/><V29/><F74/><W77/><G122/><T126/><D126/><U51/><E124/><V73/><F72/><W67/><G58/><T54/><D54/><U55/><E52/><V125/><F73/><W35/><G67/><T44/><D44/><N who="1" m="23671" /><E55/><V80/><F125/><W76/><G60/><T105/><AGARI ba="1,1" hai="19,23,24,28,30,31,90,95,97,98,100,105,110,111" machi="105" ten="30,2000,0" yaku="1,1,0,1,53,0" doraHai="65" doraHaiUra="109" who="0" fromWho="0" sc="283,33,309,-11,243,-6,155,-6" /><INIT seed="6,0,0,4,0,3" ten="316,298,237,149" oya="2" hai0="40,44,2,130,67,31,37,101,1,33,27,115,13" hai1="68,15,121,64,70,123,84,88,94,56,46,82,28" hai2="52,21,78,23,58,51,129,62,55,12,6,90,47" hai3="107,95,106,118,60,112,102,54,81,14,53,5,22"/><V96/><F129/><W126/><G118/><T98/><D115/><U36/><E28/><V93/><REACH who="2" step="1"/><F78/><REACH who="2" ten="316,298,227,149" step="2"/><W113/><G112/><T125/><D130/><U20/><E121/><V18/><F18/><W72/><G113/><T74/><D125/><U19/><E123/><V10/><AGARI ba="0,1" hai="6,10,12,21,23,47,51,52,55,58,62,90,93,96" machi="10" ten="30,12000,1" yaku="1,1,0,1,8,1,52,1,54,1,53,0" doraHai="3" doraHaiUra="99" who="2" fromWho="2" sc="316,-40,298,-40,227,130,149,-40" /><INIT seed="6,1,0,5,4,114" ten="276,258,357,109" oya="2" hai0="9,87,110,135,57,43,31,33,127,106,65,7,68" hai1="25,88,46,63,107,82,131,48,50,111,103,129,58" hai2="98,62,79,8,51,29,96,18,4,122,73,17,132" hai3="47,2,12,123,80,67,90,35,13,44,49,115,101"/><V97/><F122/><W89/><G89/><T27/><D106/><U38/><E103/><V72/><F29/><W32/><G2/><T71/><D110/><U91/><E107/><V37/><F37/><W42/><G123/><T120/><D120/><U23/><E38/><V20/><F62/><W70/><G101/><T41/><D127/><U64/><E111/><V84/><F132/><W56/><G115/><T118/><D135/><U16/><E50/><V55/><F73/><W100/><G100/><T112/><D112/><U128/><REACH who="1" step="1"/><E82/><REACH who="1" ten="276,248,357,109" step="2"/><N who="2" m="47199" /><F51/><W104/><G104/><T1/><D71/><U134/><E134/><V36/><F36/><W59/><G70/><T105/><D68/><U102/><E102/><V28/><F72/><W83/><G49/><T5/><D105/><U21/><E21/><V86/><F20/><W130/><G130/><T45/><D43/><AGARI ba="1,1" hai="16,23,25,43,46,48,58,63,64,88,91,128,129,131" machi="43" ten="40,8000,1" yaku="1,1,19,1,54,2,53,0" doraHai="114" doraHaiUra="78" who="1" fromWho="0" sc="276,-83,248,93,357,0,109,0" /><INIT seed="7,0,0,0,3,80" ten="193,341,357,109" oya="3" hai0="85,50,115,114,118,94,12,43,31,91,72,124,20" hai1="111,67,98,116,102,47,73,18,81,82,120,60,130" hai2="28,52,64,74,69,105,58,35,133,127,119,90,33" hai3="62,49,41,48,112,125,84,54,24,29,26,75,123"/><W46/><G75/><T56/><D72/><U0/><E0/><V19/><F119/><W38/><G123/><T78/><D118/><U39/><E111/><V134/><F74/><W36/><G112/><N who="0" m="43051" /><D124/><U97/><E97/><V40/><F40/><W83/><G125/><T66/><D78/><U101/><E101/><V103/><F19/><W96/><G96/><T87/><D43/><U27/><E73/><V23/><F90/><W108/><G62/><N who="0" m="38215" /><D50/><U104/><E130/><V86/><F127/><W59/><G108/><T44/><D44/><U110/><E110/><V17/><F35/><W4/><G4/><T21/><D31/><U126/><E126/><V88/><F28/><W15/><G15/><T16/><D85/><U61/><E61/><N who="2" m="36039" /><F33/><W106/><G106/><T79/><D79/><U51/><E39/><V8/><F105/><W93/><G93/><T11/><AGARI ba="0,0" hai="11,12,16,20,21,87,91,94" m="38215,43051" machi="11" ten="30,7900,0" yaku="15,1,11,1,52,1,54,1" doraHai="80" who="0" fromWho="0" sc="193,79,341,-20,357,-20,109,-39" owari="272,-13.0,321,12.0,337,44.0,70,-43.0" /></mjloggm>