<mjloggm ver="2.3"><GO type="169" lobby="0"/><UN n0="%E3%83%A4%E3%82%B3%E3%83%96%E3%82%B3%E3%83%BC%E3%82%A8%E3%83%B3" n1="%E3%83%88%E3%82%A4%E3%83%BC%E3%83%84%EF%BC%88%E7%AC%91%EF%BC%89" n2="%E8%B1%9A" n3="%E3%82%A6%E3%83%AB%E3%83%88%E3%83%A9%E7%AB%8B%E7%9B%B4" dan="16,16,16,16" rate="2094.55,2088.21,2115.49,2117.40" sx="M,M,F,M"/><TAIKYOKU oya="0"/><INIT seed="0,0,0,4,4,49" ten="250,250,250,250" oya="0" hai0="131,52,89,108,130,121,46,14,100,117,10,16,133" hai1="80,98,85,15,70,33,90,41,42,59,126,110,76" hai2="75,56,30,57,91,24,29,114,119,26,39,54,103" hai3="64,38,35,6,8,115,92,7,104,21,32,106,22"/><T82/><D121/><U1/><E1/><V81/><F114/><W101/><G38/><T12/><D117/><U113/><E70/><V132/><F39/><W125/><G64/><T111/><D100/><U62/><E33/><V51/><F132/><W18/><G92/><T69/><D69/><U3/><E3/><V96/><F119/><W19/><G101/><T123/><D123/><U53/><E110/><N who="0" m="42025" /><D133/><U120/><E120/><V43/><F43/><W5/><G115/><T97/><D14/><U0/><E0/><V88/><F57/><W112/><G112/><T127/><D127/><U40/><E126/><V99/><F75/><W135/><G125/><T78/><D97/><N who="2" m="37450" /><F103/><W77/><G135/><T65/><D65/><U67/><E113/><V73/><F73/><W13/><G77/><T105/><D105/><U116/><E116/><V63/><F91/><W47/><G106/><T93/><D93/><N who="1" m="56631" /><E15/><V17/><F88/><W20/><G104/><T95/><D95/><U87/><E87/><V44/><F81/><W9/><G47/><T66/><D66/><AGARI ba="0,0" hai="40,41,42,53,59,62,66,67,76,80,85" m="56631" machi="66" ten="30,2000,0" yaku="8,1,52,1" doraHai="49" who="1" fromWho="0" sc="250,-20,250,20,250,0,250,0" /><INIT seed="1,0,0,5,1,0" ten="230,270,250,250" oya="1" hai0="110,72,127,23,130,47,122,20,126,30,49,101,108" hai1="86,87,9,24,3,44,34,98,107,29,56,7,89" hai2="66,6,10,81,90,14,33,97,1,21,38,42,105" hai3="109,60,55,67,129,120,54,116,53,123,104,119,99"/><U82/><E44/><V32/><F66/><W91/><G104/><T78/><D101/><U70/><E70/><V113/><F113/><W83/><G83/><N who="0" m="45511" /><D130/><U61/><E87/><V92/><F105/><W114/><G99/><T28/><D122/><N who="3" m="46633" /><G91/><T5/><D5/><U95/><E107/><V12/><F81/><W35/><G35/><T111/><D30/><U63/><REACH who="1" step="1"/><E56/><REACH who="1" ten="230,260,250,250" step="2"/><V76/><F38/><W135/><G114/><T118/><D118/><U85/><E85/><V36/><F36/><W39/><G39/><T18/><D126/><U41/><E41/><V13/><F42/><W2/><G135/><T106/><D127/><U100/><AGARI ba="0,1" hai="3,7,9,24,29,34,61,63,82,86,89,95,98,100" machi="100" ten="20,18000,2" yaku="1,1,0,1,7,1,52,1,53,2" doraHai="0" doraHaiUra="58" who="1" fromWho="1" sc="230,-60,260,190,250,-60,250,-60" /><INIT seed="1,1,0,3,0,66" ten="170,450,190,190" oya="1" hai0="123,62,55,81,65,1,121,28,133,20,129,16,14" hai1="7,130,64,106,117,17,92,22,51,68,40,86,37" hai2="72,124,89,36,111,78,113,99,26,85,103,6,48" hai3="19,87,46,80,5,100,35,63,108,122,82,60,18"/><U8/><E106/><V12/><F36/><W128/><G35/><T50/><D1/><U13/><E37/><V101/><F111/><W25/><G122/><N who="0" m="46603" /><D28/><U74/><E74/><V47/><F124/><W79/><G108/><T31/><D31/><U110/><E110/><V83/><F113/><W125/><G128/><T71/><D81/><U2/><E130/><V45/><F26/><W32/><G32/><T24/><D129/><U34/><E34/><V134/><F134/><W112/><G125/><T59/><D24/><U54/><E40/><V67/><F67/><W104/><G112/><T69/><D133/><U76/><E117/><V11/><F47/><AGARI ba="1,0" hai="14,16,20,47,50,55,59,62,65,69,71" m="46603" machi="47" ten="30,7700,0" yaku="13,1,52,2,54,1" doraHai="66" who="0" fromWho="2" sc="170,80,450,0,190,-80,190,0" /><INIT seed="2,0,0,0,3,30" ten="250,450,110,190" oya="2" hai0="105,32,63,41,6,115,25,9,7,39,16,34,84" hai1="57,10,40,74,24,107,88,92,94,120,103,20,37" hai2="99,27,111,117,71,123,69,56,8,12,118,101,21" hai3="129,28,82,52,87,114,31,100,0,26,42,132,66"/><V83/><F123/><W135/><G0/><T97/><D115/><U46/><E74/><V14/><F111/><W65/><G42/><T121/><D121/><U91/><E120/><V59/><F83/><W22/><G129/><T64/><D84/><U13/><E107/><V112/><F112/><W18/><G100/><T72/><D72/><U35/><E35/><V43/><F43/><W133/><G52/><T38/><D41/><U54/><E103/><V68/><F69/><W109/><G114/><T61/><D105/><U130/><E94/><V119/><F68/><W113/><G113/><T2/><D97/><U70/><E92/><V58/><F71/><W44/><G44/><T131/><D131/><U122/><E70/><V108/><F108/><W106/><G106/><T104/><D104/><U75/><E75/><V90/><F101/><W80/><G109/><T47/><D47/><U134/><E130/><V11/><F90/><W60/><G60/><T23/><D64/><N who="3" m="24681" /><G82/><T17/><D63/><U15/><E122/><V78/><F78/><AGARI ba="0,0" hai="18,22,26,28,31,78,80,87,132,133,135" m="24681" machi="78" ten="30,1000,0" yaku="20,1" doraHai="30" who="3" fromWho="2" sc="250,0,450,0,110,-10,190,10" /><INIT seed="3,0,0,4,1,28" ten="250,450,100,200" oya="3" hai0="115,78,122,54,128,44,48,10,35,37,87,68,88" hai1="96,24,23,75,67,20,29,41,98,129,59,33,2" hai2="85,91,79,123,16,131,77,104,61,60,90,72,63" hai3="83,82,50,100,27,112,64,25,101,99,106,22,105"/><W21/><G112/><T81/><D68/><U89/><E75/><V71/><F71/><W55/><G64/><T121/><D115/><U57/><E2/><V39/><F39/><W31/><G101/><T9/><D128/><U36/><E129/><V119/><F104/><W8/><G8/><T94/><D37/><U53/><E67/><V135/><F131/><W133/><G106/><T49/><D35/><U69/><E69/><V117/><F123/><W126/><G126/><T109/><D109/><U92/><E96/><V108/><F108/><W103/><G103/><T120/><REACH who="0" step="1"/><D49/><REACH who="0" ten="240,450,100,200" step="2"/><U86/><E36/><V132/><F63/><W95/><G133/><T76/><D76/><U114/><E33/><V0/><F72/><AGARI ba="0,1" hai="9,10,44,48,54,72,78,81,87,88,94,120,121,122" machi="72" ten="40,2600,0" yaku="1,1,54,1,53,0" doraHai="28" doraHaiUra="13" who="0" fromWho="2" sc="240,36,450,0,100,-26,200,0" /><INIT seed="4,0,0,3,1,15" ten="276,450,74,200" oya="0" hai0="87,31,74,92,50,52,120,85,99,133,134,80,84" hai1="111,77,17,100,129,82,121,86,48,103,29,89,20" hai2="7,46,98,125,23,36,66,63,12,28,107,67,37" hai3="132,58,116,123,106,43,44,25,4,126,88,40,41"/><T83/><D120/><U64/><E111/><V55/><F125/><W131/><G106/><T26/><D74/><U59/><E129/><V57/><F107/><W5/><G116/><T117/><D117/><U94/><E29/><V10/><F98/><W61/><G126/><T97/><D83/><U35/><E35/><V68/><F67/><W16/><G131/><T113/><D80/><U71/><E71/><V96/><F96/><W91/><G44/><T9/><D9/><U109/><E109/><V0/><F46/><W22/><G123/><T30/><D113/><U118/><E118/><V124/><F124/><W90/><G132/><N who="0" m="50795" /><D99/><U104/><E104/><V102/><F102/><W45/><G45/><N who="0" m="27727" /><D26/><U135/><E121/><V39/><F0/><W38/><G38/><T127/><D127/><U122/><E122/><V14/><F39/><W93/><G93/><T112/><D112/><U108/><E108/><V130/><F130/><W49/><G49/><T105/><D105/><U54/><E135/><V95/><F95/><W81/><G81/><T3/><D3/><U19/><E82/><V32/><F32/><W79/><REACH who="3" step="1"/><G79/><REACH who="3" ten="276,450,74,190" step="2"/><T34/><D34/><U18/><E77/><V119/><F119/><W1/><G1/><T11/><D92/><U72/><E94/><V73/><F73/><W56/><G56/><T33/><D33/><U60/><E59/><V8/><F68/><W53/><AGARI ba="0,1" hai="4,5,16,22,25,40,41,43,53,58,61,88,90,91" machi="53" ten="30,12000,2" yaku="1,1,0,1,8,1,52,1,54,2,53,0" doraHai="15" doraHaiUra="69" who="3" fromWho="3" sc="276,-60,450,-30,74,-30,190,130" /><INIT seed="5,0,0,2,2,33" ten="216,420,44,320" oya="1" hai0="93,39,78,135,133,89,35,19,109,31,62,23,57" hai1="108,61,82,8,98,25,10,112,118,85,131,123,21" hai2="116,68,38,117,128,45,106,119,59,121,47,130,80" hai3="88,132,114,77,26,99,110,103,102,30,16,53,105"/><U134/><E123/><V107/><F68/><W29/><G110/><T49/><D39/><U67/><E118/><V2/><F121/><W43/><G103/><T71/><D109/><U120/><E120/><V42/><F80/><W125/><G77/><T56/><D71/><U90/><E108/><V9/><F59/><W73/><G73/><T84/><D78/><U1/><E112/><V95/><F95/><W17/><G114/><T51/><D31/><U55/><E55/><V129/><REACH who="2" step="1"/><F47/><REACH who="2" ten="216,420,34,320" step="2"/><W4/><G105/><T58/><D62/><U22/><E82/><V91/><F91/><W24/><G88/><T32/><D56/><U7/><E90/><V87/><F87/><W64/><G99/><T70/><D58/><U50/><E85/><V13/><F13/><W6/><G102/><T111/><D70/><U126/><E98/><V63/><F63/><W66/><G66/><T34/><D111/><U100/><E67/><V36/><F36/><W27/><G64/><T60/><D60/><U12/><E12/><V86/><F86/><W122/><G122/><T18/><D57/><U65/><E65/><V41/><F41/><W46/><G46/><T15/><D51/><U3/><E100/><V83/><F83/><W69/><G43/><T48/><D48/><U14/><E14/><V92/><F92/><W81/><G69/><T104/><D49/><U0/><E61/><V37/><F37/><W72/><G81/><T127/><D84/><U75/><E50/><V115/><F115/><W28/><G72/><T76/><D89/><U5/><E75/><V11/><F11/><RYUUKYOKU ba="0,1" sc="216,-10,420,-10,34,30,320,-10" hai2="2,9,38,42,45,106,107,116,117,119,128,129,130" /><INIT seed="6,1,1,3,0,1" ten="206,410,64,310" oya="2" hai0="23,78,86,41,21,89,125,108,85,87,37,19,8" hai1="122,4,76,46,109,38,80,100,113,71,40,79,17" hai2="106,96,130,131,34,95,107,3,72,94,50,5,32" hai3="54,60,93,25,110,65,126,61,70,58,112,16,88"/><V9/><F72/><W111/><G126/><T69/><D69/><U27/><E109/><V28/><F50/><W105/><G105/><T14/><D108/><U30/><E71/><V74/><F74/><W56/><G70/><T0/><D125/><U128/><E113/><V13/><F13/><W29/><G112/><T99/><D78/><U92/><E128/><N who="2" m="49195" /><F94/><W127/><G127/><T114/><D114/><U104/><E104/><N who="2" m="39979" /><F28/><W36/><G36/><T49/><D37/><U115/><E115/><V18/><F18/><W134/><G134/><T116/><D0/><U91/><E17/><V123/><F123/><W118/><G118/><T64/><D64/><U124/><E124/><V15/><F15/><W119/><G119/><T7/><D19/><U44/><E92/><V55/><F55/><W77/><G29/><T101/><D116/><U24/><E30/><V53/><F53/><W73/><G111/><T66/><D66/><U6/><E38/><V97/><F97/><N who="3" m="57511" /><G110/><T81/><D99/><U102/><E122/><V47/><F47/><W59/><G16/><T103/><D86/><U20/><E44/><V133/><F133/><W52/><G25/><T75/><D87/><U57/><E46/><V90/><AGARI ba="1,1" hai="3,5,9,32,34,90,95,96" m="39979,49195" machi="90" ten="30,3000,0" yaku="19,1,52,1" doraHai="1" who="2" fromWho="2" sc="206,-11,410,-11,64,43,310,-11" /><INIT seed="6,2,0,2,2,38" ten="195,399,107,299" oya="2" hai0="12,97,25,68,95,89,114,110,11,47,132,51,92" hai1="26,0,122,117,105,8,22,62,5,45,46,91,54" hai2="75,84,60,34,10,64,28,74,53,39,135,31,119" hai3="2,72,36,112,15,41,20,123,83,65,13,19,133"/><V70/><F119/><W1/><G123/><T109/><D68/><U86/><E105/><V101/><F135/><W67/><G72/><T131/><D132/><U58/><E117/><V103/><F39/><W73/><G73/><T66/><D131/><U126/><E126/><V94/><F103/><W128/><G83/><T52/><D66/><U3/><E3/><V56/><F10/><W99/><G99/><T93/><D114/><U30/><E122/><V80/><F31/><W96/><G96/><T43/><D25/><U100/><E100/><V76/><F101/><W88/><G88/><T50/><D110/><U121/><E121/><V124/><F94/><AGARI ba="2,0" hai="0,5,8,22,26,30,45,46,54,58,62,86,91,94" machi="94" ten="30,1000,0" yaku="7,1" doraHai="38" who="1" fromWho="2" sc="195,0,399,16,107,-16,299,0" /><INIT seed="7,0,0,2,5,16" ten="195,415,91,299" oya="3" hai0="65,62,135,45,125,69,29,22,92,83,107,49,55" hai1="56,118,108,21,105,89,80,77,53,131,111,44,121" hai2="86,14,74,23,24,7,122,36,37,71,26,48,50" hai3="13,102,20,8,19,109,12,94,33,73,68,112,32"/><W134/><G68/><T133/><D107/><U35/><E35/><N who="3" m="13386" /><G94/><T17/><D29/><U110/><E121/><V88/><F71/><W127/><G102/><T126/><D92/><U101/><E89/><V99/><F74/><W123/><G73/><T106/><D83/><U119/><E44/><V47/><F122/><W34/><G123/><T103/><D103/><U3/><E3/><V93/><F50/><W28/><G109/><T46/><D106/><U84/><E101/><V81/><F37/><W96/><G96/><T31/><D31/><U120/><E105/><V61/><F61/><W52/><G52/><T39/><D46/><U132/><E120/><V100/><F36/><W42/><G42/><T72/><D72/><U114/><E53/><V43/><REACH who="2" step="1"/><F7/><REACH who="2" ten="195,415,81,299" step="2"/><N who="3" m="3103" /><G127/><T9/><D39/><U57/><E110/><V60/><F60/><W104/><G104/><T25/><REACH who="0" step="1"/><D9/><REACH who="0" ten="185,415,81,299" step="2"/><U54/><E111/><V63/><F63/><W129/><G34/><T1/><D1/><U41/><E108/><V15/><F15/><W97/><G28/><T78/><D78/><U128/><E77/><V90/><F90/><W79/><G79/><T87/><D87/><U113/><E84/><V124/><F124/><AGARI ba="0,2" hai="17,22,25,45,49,55,62,65,69,124,125,126,133,135" machi="124" ten="40,5200,0" yaku="1,1,18,1,52,1,53,0" doraHai="16" doraHaiUra="76" who="0" fromWho="2" sc="185,72,415,0,81,-52,299,0" owari="257,-14.0,415,51.0,29,-47.0,299,10.0" /></mjloggm>