<mjloggm ver="2.3"><GO type="169" lobby="0"/><UN n0="%E3%81%A8%E3%82%82%E3%81%8D%E3%82%85%E3%82%93%E2%99%AA" n1="%52%69%2D%4D%6F%2D" n2="%E3%81%9F%E3%81%BE%E3%81%AD%E3%81%8E%E5%89%A3%E5%A3%AB" n3="%E3%82%A6%E3%83%AB%E3%83%88%E3%83%A9%E7%AB%8B%E7%9B%B4" dan="16,17,16,17" rate="2101.69,2111.90,2154.84,2134.30" sx="F,M,M,M"/><TAIKYOKU oya="0"/><INIT seed="0,0,0,3,2,127" ten="250,250,250,250" oya="0" hai0="42,31,58,103,79,94,115,38,11,21,87,72,67" hai1="29,40,117,96,20,130,32,125,91,6,126,14,133" hai2="51,124,26,84,34,118,120,66,7,37,111,123,17" hai3="64,95,74,81,39,46,43,89,114,80,134,60,25"/><T35/><D35/><U27/><E40/><V104/><F37/><W4/><G114/><T53/><D72/><U28/><E96/><V112/><F112/><W47/><G134/><T15/><D115/><U97/><E97/><V119/><F104/><W63/><G4/><T50/><D38/><U59/><E91/><V2/><F124/><N who="1" m="47721" /><E59/><V55/><F66/><W18/><G47/><T93/><D42/><U100/><E100/><V30/><F111/><W86/><G63/><N who="0" m="38391" /><D103/><U49/><E49/><V0/><F17/><W108/><G108/><T85/><D79/><U109/><E109/><V45/><F84/><W128/><G74/><T83/><D83/><U24/><E133/><V52/><F55/><W22/><G81/><T75/><D75/><U113/><E113/><V61/><F61/><W68/><REACH who="3" step="1"/><G80/><REACH who="3" ten="250,250,250,240" step="2"/><T23/><D94/><U98/><E117/><N who="2" m="44555" /><F7/><W3/><G3/><AGARI ba="0,1" hai="0,2,3,26,30,34,45,51,52,120,123" m="44555" machi="3" ten="30,2000,0" yaku="12,1,54,1" doraHai="127" who="2" fromWho="3" sc="250,0,250,0,250,30,240,-20" /><INIT seed="1,0,0,3,2,15" ten="250,250,280,220" oya="1" hai0="82,40,43,131,93,31,113,114,16,67,61,52,7" hai1="132,55,98,127,57,29,21,59,33,92,8,18,36" hai2="22,66,65,68,10,54,108,87,97,2,100,3,134" hai3="50,111,73,51,78,135,26,101,88,121,1,45,118"/><U4/><E127/><V76/><F108/><W25/><G121/><T80/><D131/><U129/><E129/><V37/><F37/><W115/><G115/><T28/><D7/><U0/><E36/><V102/><F134/><W49/><G1/><T6/><D6/><U24/><E132/><V130/><F130/><W53/><G73/><T19/><D113/><U77/><E77/><V35/><F35/><W120/><G120/><T84/><D114/><U44/><E44/><V119/><F119/><W9/><G78/><T86/><D93/><U13/><E55/><V79/><F22/><W89/><G111/><T27/><D52/><U47/><E47/><V48/><F87/><N who="0" m="33322" /><D61/><U105/><E105/><V5/><F2/><W11/><G135/><T30/><D67/><U72/><E72/><V63/><F66/><W103/><G53/><T74/><D74/><U83/><E83/><N who="0" m="31785" /><D27/><N who="3" m="10249" /><G45/><T17/><AGARI ba="0,0" hai="16,17,19,28,30,31,40,43" m="31785,33322" machi="17" ten="40,12000,2" yaku="28,2,8,1,52,3,54,1" doraHai="15" who="0" fromWho="0" sc="250,120,250,-60,280,-30,220,-30" /><INIT seed="2,0,0,3,4,53" ten="370,190,250,190" oya="2" hai0="67,130,38,107,94,102,35,95,34,14,9,40,10" hai1="33,101,120,96,91,70,13,131,100,119,28,32,19" hai2="105,76,22,24,42,135,63,78,118,21,43,1,129" hai3="68,72,117,88,134,20,98,5,73,115,133,48,16"/><V77/><F118/><W108/><G68/><T49/><D38/><U109/><E119/><V116/><F116/><W127/><G117/><T4/><D130/><U87/><E131/><V3/><F105/><W59/><G5/><T81/><D67/><U71/><E109/><V7/><F129/><W11/><G11/><T122/><D122/><U58/><E120/><V113/><F113/><W99/><G108/><T37/><D37/><U75/><E75/><V39/><F135/><N who="3" m="51723" /><G127/><T44/><D107/><U85/><E85/><V6/><F76/><W83/><G99/><T25/><D81/><U2/><E2/><V104/><F104/><W123/><G115/><T60/><D60/><U31/><E33/><V47/><F63/><W125/><G125/><T97/><D25/><U112/><E112/><V86/><F39/><W41/><G41/><T17/><D95/><U132/><E132/><V50/><F24/><N who="3" m="14343" /><G123/><T45/><D45/><U62/><E70/><V92/><F92/><N who="3" m="56583" /><G83/><T111/><D111/><U54/><E71/><V82/><F42/><W12/><G12/><AGARI ba="0,0" hai="4,9,10,12,14,17,34,35,40,44,49,94,97,102" machi="12" ten="30,1000,0" yaku="7,1" doraHai="53" who="0" fromWho="3" sc="370,10,190,0,250,0,190,-10" /><INIT seed="3,0,0,4,2,39" ten="380,190,250,180" oya="3" hai0="8,13,87,17,21,20,59,45,77,130,99,41,72" hai1="62,97,81,33,102,3,67,54,53,112,75,51,103" hai2="18,79,100,60,42,98,30,135,133,29,76,12,37" hai3="10,70,118,104,52,58,114,23,111,73,85,35,109"/><W89/><G35/><T116/><D72/><U48/><E112/><V95/><F60/><W2/><G104/><T50/><D116/><U88/><E3/><V63/><F63/><N who="3" m="36295" /><G70/><T22/><D130/><U24/><E75/><V132/><F76/><W15/><G73/><T122/><D122/><U123/><E123/><V84/><F79/><W47/><G2/><T66/><D99/><U31/><E53/><V106/><F84/><W90/><G118/><T9/><D9/><U14/><E14/><V6/><F6/><N who="3" m="3543" /><G114/><T92/><D66/><U1/><E1/><V82/><F82/><W40/><G85/><T78/><D59/><U27/><E81/><V105/><F106/><W108/><G23/><T68/><D68/><U28/><E102/><V5/><F5/><W86/><G86/><T36/><D36/><AGARI ba="0,0" hai="36,40,47,89,90,108,109,111" m="3543,36295" machi="36" ten="30,11600,0" yaku="14,1,10,1,52,1,54,1" doraHai="39" who="3" fromWho="0" sc="380,-116,190,0,250,0,180,116" /><INIT seed="3,1,0,2,3,38" ten="264,190,250,296" oya="3" hai0="31,17,77,44,83,70,33,123,117,24,32,26,84" hai1="97,108,109,16,7,68,29,133,0,134,118,52,1" hai2="122,47,58,110,99,39,112,69,85,4,43,23,74" hai3="18,42,135,79,56,28,131,5,46,128,59,115,45"/><W49/><G5/><T114/><D114/><U121/><E121/><V81/><F69/><W78/><G28/><T34/><D123/><U72/><E72/><V92/><F112/><W88/><G115/><T37/><D117/><U54/><E68/><V125/><F122/><W107/><G107/><T61/><D70/><U9/><E118/><V129/><F4/><W82/><G18/><T10/><D61/><U12/><E29/><V105/><F105/><W73/><G79/><T66/><D66/><U21/><E97/><V106/><F106/><W36/><G88/><T104/><D104/><U116/><E116/><V101/><F110/><N who="1" m="42601" /><E1/><V14/><F125/><W3/><G3/><T11/><D34/><U55/><AGARI ba="1,0" hai="0,7,9,12,16,21,52,54,55,133,134" m="42601" machi="55" ten="40,5200,0" yaku="14,1,54,2" doraHai="38" who="1" fromWho="1" sc="264,-14,190,55,250,-14,296,-27" /><INIT seed="4,0,0,2,3,129" ten="250,245,236,269" oya="0" hai0="107,100,12,123,4,42,78,120,29,10,75,114,72" hai1="106,130,67,82,85,118,19,18,116,52,47,38,69" hai2="24,25,73,34,105,0,113,97,54,119,77,125,45" hai3="89,108,31,17,64,21,110,9,84,1,70,13,49"/><T101/><D114/><U26/><E106/><V58/><F0/><W35/><G49/><T95/><D107/><U128/><E67/><V112/><F45/><W102/><G102/><T81/><D72/><U74/><E69/><V83/><F125/><W88/><G64/><T23/><D42/><U76/><E74/><V55/><F55/><W30/><G30/><T3/><D95/><U80/><E80/><V133/><F119/><N who="1" m="45609" /><E26/><V50/><F34/><W126/><G126/><T27/><REACH who="0" step="1"/><D3/><REACH who="0" ten="240,245,236,269" step="2"/><U48/><E128/><V61/><F105/><W99/><G1/><T39/><D39/><U37/><E37/><V7/><F112/><W36/><G36/><T98/><D98/><U65/><E38/><V53/><F97/><W28/><G99/><T56/><D56/><U6/><E130/><V117/><F113/><W62/><G70/><T15/><D15/><U5/><E47/><V121/><F117/><W87/><G13/><T92/><D92/><U40/><E40/><V8/><F73/><W91/><G87/><T135/><D135/><U16/><E85/><V111/><F133/><W63/><G84/><T109/><D109/><U43/><E43/><V94/><F111/><W131/><G110/><T68/><D68/><U11/><E82/><V41/><F94/><W57/><G108/><T96/><D96/><U14/><E14/><N who="2" m="5407" /><F41/><W122/><G131/><T90/><D90/><U93/><E93/><V44/><F83/><W33/><G89/><T2/><D2/><U51/><E76/><V103/><F77/><W134/><G91/><T86/><D86/><U66/><E11/><RYUUKYOKU ba="0,1" sc="240,30,245,-10,236,-10,269,-10" hai0="4,10,12,23,27,29,75,78,81,100,101,120,123" /><INIT seed="4,1,1,0,1,52" ten="270,235,226,259" oya="0" hai0="75,51,109,22,0,134,13,42,47,72,130,89,63" hai1="83,2,92,30,117,131,56,38,124,74,35,121,118" hai2="102,108,45,37,48,99,7,14,126,16,127,135,101" hai3="100,96,133,122,111,28,112,61,107,4,79,18,97"/><T106/><D0/><U57/><E121/><V26/><F108/><W3/><G111/><T34/><D109/><U82/><E38/><V81/><F37/><W40/><G28/><T132/><D34/><U36/><E36/><V53/><F135/><N who="0" m="51754" /><D130/><U54/><E2/><V95/><F81/><W64/><G4/><T70/><D106/><U116/><E131/><V90/><F7/><W68/><G3/><T23/><D89/><U67/><E74/><V29/><F126/><W65/><G112/><T104/><D104/><U93/><E67/><V39/><F39/><W46/><G122/><T31/><D22/><U58/><E54/><V5/><F5/><W129/><G129/><T1/><D1/><U120/><E120/><V32/><REACH who="2" step="1"/><F127/><REACH who="2" ten="270,235,216,259" step="2"/><W10/><G133/><T69/><D72/><U128/><E124/><V49/><F49/><W66/><G68/><T12/><D51/><U44/><E128/><V62/><F62/><W103/><G61/><T88/><D63/><U86/><E83/><V27/><F27/><W8/><G79/><T123/><D75/><U98/><E82/><V125/><F125/><W24/><G24/><N who="0" m="16799" /><D123/><U33/><E117/><V59/><F59/><W50/><G50/><N who="0" m="26999" /><D70/><U91/><E116/><V73/><F73/><W41/><G46/><T115/><D69/><U17/><E118/><V55/><F55/><W78/><G78/><T60/><D60/><U43/><E44/><V11/><AGARI ba="1,2" hai="11,14,16,26,29,32,45,48,53,90,95,99,101,102" machi="11" ten="20,8000,1" yaku="1,1,0,1,7,1,54,1,53,1" doraHai="52" doraHaiUra="85" who="2" fromWho="2" sc="270,-41,235,-21,216,103,259,-21" /><INIT seed="5,0,0,2,3,72" ten="229,214,319,238" oya="1" hai0="76,56,114,95,130,27,74,83,55,18,36,6,24" hai1="70,28,16,120,102,48,17,94,78,99,65,134,38" hai2="73,118,129,10,84,75,61,123,135,79,39,133,19" hai3="101,97,59,44,108,104,57,121,81,106,107,42,105"/><U82/><E120/><V7/><F118/><W132/><G108/><T58/><D114/><U8/><E38/><V0/><F123/><W15/><G121/><T29/><D36/><U93/><E134/><N who="2" m="51211" /><F39/><W5/><G132/><T119/><D119/><U12/><E28/><V50/><F129/><W60/><G81/><T91/><D130/><U90/><E70/><V40/><F61/><W131/><G59/><T85/><D6/><U98/><E65/><V89/><F19/><W115/><G115/><T13/><D29/><U92/><E48/><V122/><F122/><W117/><G117/><T127/><D127/><U2/><E2/><V35/><F35/><W34/><G34/><T77/><D77/><U52/><E52/><V68/><F68/><W124/><G124/><T110/><D58/><U100/><E17/><V67/><F67/><W51/><G131/><T71/><D71/><U126/><E126/><V14/><F0/><W125/><G125/><T31/><D31/><U86/><REACH who="1" step="1"/><E90/><REACH who="1" ten="229,204,319,238" step="2"/><V49/><F89/><W54/><G5/><T46/><D110/><U88/><E88/><V21/><F50/><W113/><G113/><T53/><D55/><U112/><E112/><V45/><F49/><W4/><G4/><T69/><D69/><U23/><E23/><V111/><F111/><W80/><G51/><N who="0" m="30783" /><D46/><U96/><AGARI ba="0,1" hai="8,12,16,78,82,86,92,93,94,96,98,99,100,102" machi="96" ten="30,12000,1" yaku="1,1,0,1,8,1,52,1,54,1,53,0" doraHai="72" doraHaiUra="62" who="1" fromWho="1" sc="229,-40,204,130,319,-40,238,-40" /><INIT seed="5,1,0,0,4,108" ten="189,334,279,198" oya="1" hai0="27,111,97,24,53,119,42,134,44,84,81,70,29" hai1="89,75,50,38,17,56,109,116,100,33,115,93,129" hai2="71,15,126,9,114,10,120,3,64,82,0,112,124" hai3="58,99,76,49,69,48,123,41,65,2,96,72,63"/><U122/><E116/><V1/><F120/><W5/><G123/><T7/><D111/><U21/><E122/><V77/><F71/><W94/><G69/><T74/><D119/><U61/><E38/><V12/><F64/><W20/><G2/><T79/><D70/><U86/><E33/><V113/><F82/><W83/><G5/><T102/><D134/><U125/><E109/><V45/><F45/><W62/><G62/><T110/><D110/><U37/><E37/><V60/><F60/><W98/><G41/><T6/><D53/><U46/><E75/><V30/><F30/><W14/><G94/><T132/><D132/><U103/><E125/><N who="2" m="48235" /><F77/><W36/><G36/><T130/><D74/><U23/><E129/><V105/><F105/><W131/><G131/><T101/><D130/><U4/><E4/><V67/><F67/><W40/><G40/><T11/><D29/><U88/><E89/><V19/><F0/><W51/><G51/><N who="0" m="27031" /><D11/><U32/><E50/><V8/><F8/><W22/><G49/><T52/><D7/><AGARI ba="1,0" hai="1,3,7,9,10,12,15,19,112,113,114" m="48235" machi="7" ten="40,16000,3" yaku="15,1,11,1,18,1,34,2,52,3" doraHai="108" who="2" fromWho="0" sc="189,-163,334,0,279,163,198,0" /><INIT seed="6,0,0,0,3,98" ten="26,334,442,198" oya="2" hai0="52,62,87,96,31,110,40,82,26,130,41,16,75" hai1="125,84,58,120,71,50,123,83,107,99,17,74,55" hai2="1,47,13,80,81,126,0,30,54,77,8,134,39" hai3="94,51,19,56,92,132,2,65,88,12,133,129,86"/><V109/><F126/><W11/><G2/><T105/><D75/><U103/><E125/><V28/><F134/><N who="3" m="51819" /><G129/><T27/><D130/><U10/><E71/><V44/><F39/><W53/><G65/><T63/><D110/><U24/><E74/><V66/><F66/><W32/><G32/><T64/><D62/><U117/><E117/><V91/><F91/><W108/><G108/><T127/><D127/><U36/><E36/><V9/><F54/><W101/><G101/><T72/><D72/><U78/><E24/><V118/><F109/><W128/><G128/><T35/><D52/><U112/><E112/><V59/><F59/><W25/><G25/><T73/><D73/><U114/><E114/><V95/><F95/><AGARI ba="0,0" hai="11,12,19,51,53,56,86,88,92,94,95" m="51819" machi="95" ten="30,2000,0" yaku="20,1,54,1" doraHai="98" who="3" fromWho="2" sc="26,0,334,0,442,-20,198,20" /><INIT seed="7,0,0,1,0,128" ten="26,334,422,218" oya="3" hai0="6,79,76,15,131,62,121,127,40,113,84,23,45" hai1="17,55,88,46,13,7,38,125,63,10,111,8,39" hai2="26,92,135,122,31,103,108,98,105,2,124,30,78" hai3="93,69,14,119,120,104,50,110,96,77,27,37,106"/><W16/><G37/><T116/><D62/><U11/><E111/><V12/><F2/><W89/><G69/><T5/><D23/><U114/><E114/><V67/><F108/><W44/><G119/><T24/><D24/><U58/><E125/><V59/><F124/><W100/><G120/><T54/><D54/><U20/><E7/><V18/><F78/><W28/><G77/><T118/><D113/><U42/><E39/><V66/><F105/><W112/><G110/><T87/><D127/><U32/><E32/><V74/><F74/><W25/><G112/><T52/><D121/><U0/><E0/><V57/><F122/><W48/><G48/><T99/><D99/><U56/><E56/><N who="2" m="21579" /><F135/><W51/><G51/><T1/><D1/><U60/><E88/><V83/><F83/><W115/><G89/><T22/><D52/><U4/><E4/><V101/><F101/><W73/><G27/><T35/><D22/><U9/><E20/><N who="2" m="15687" /><F31/><W53/><G73/><T81/><D35/><U85/><E85/><V133/><F133/><W109/><G109/><T21/><D21/><AGARI ba="0,0" hai="12,18,21,66,67,92,98,103" m="15687,21579" machi="21" ten="30,1000,0" yaku="8,1" doraHai="128" who="2" fromWho="0" sc="26,-10,334,0,422,10,218,0" owari="16,-48.0,334,13.0,432,53.0,218,-18.0" /></mjloggm>