<mjloggm ver="2.3"><GO type="97" lobby="0"/><UN n0="%75%72%69%6E%65%5F" n1="%E5%B0%8F%E6%89%8B%E8%BF%94%E6%92%B2%E6%BB%85%E4%BC%9A%E9%95%B7" n2="%E5%B0%B1%E6%B4%BB%E7%94%9F%40%E5%B7%9D%E6%9D%91%E8%BB%8D%E5%9B%A3" n3="%E4%B8%8A%E9%87%8D%E6%BC%AB" dan="14,13,14,14" rate="1909.05,1861.38,1925.43,1929.46" sx="M,M,M,F"/><TAIKYOKU oya="0"/><INIT seed="0,0,0,4,2,35" ten="250,250,250,250" oya="0" hai0="38,121,12,26,131,97,21,120,135,129,96,122,119" hai1="113,69,94,86,25,91,65,93,117,105,75,107,34" hai2="63,31,85,114,101,37,80,30,130,5,108,84,71" hai3="103,41,66,50,73,132,3,62,110,52,58,115,90"/><T56/><D38/><U29/><E75/><V47/><F114/><W20/><G115/><T124/><D56/><U83/><E117/><V39/><F130/><N who="0" m="49674" /><D119/><U87/><E113/><V106/><F108/><W88/><G73/><T36/><D36/><U68/><E65/><V82/><F5/><W100/><G110/><T95/><D12/><U2/><E83/><V53/><F101/><N who="3" m="38987" /><G3/><T33/><D33/><U1/><E34/><V116/><F106/><W126/><G132/><T112/><D112/><U18/><E25/><V127/><F127/><W77/><G126/><T74/><D124/><U128/><E128/><V59/><F116/><W43/><G77/><T57/><D135/><U14/><E14/><V7/><F71/><W123/><G20/><T28/><D74/><U40/><E40/><N who="3" m="15434" /><G123/><T89/><D57/><AGARI ba="0,0" hai="50,52,57,58,62,66,88,90" m="15434,38987" machi="57" ten="30,3900,0" yaku="8,1,54,2" doraHai="35" who="3" fromWho="0" sc="250,-39,250,0,250,0,250,39" /><INIT seed="1,0,0,3,1,54" ten="211,250,250,289" oya="1" hai0="135,25,39,47,1,69,52,49,130,42,132,96,3" hai1="121,82,106,60,126,18,105,46,122,88,80,65,101" hai2="45,12,10,71,99,107,124,4,64,38,30,36,98" hai3="83,59,131,94,97,78,89,123,34,23,93,6,74"/><U127/><E46/><V57/><F124/><N who="1" m="47657" /><E18/><V62/><F107/><N who="1" m="40969" /><E101/><V114/><F114/><W56/><G123/><N who="1" m="47114" /><E60/><V14/><F30/><W129/><G34/><T117/><D117/><U7/><E7/><V61/><F14/><W70/><G6/><T116/><D116/><U79/><E65/><V111/><F111/><W41/><G41/><T2/><D130/><N who="3" m="49673" /><G23/><T90/><D69/><U27/><E27/><V35/><F35/><W19/><G70/><T63/><D25/><U134/><E134/><N who="0" m="51241" /><D63/><U75/><E82/><V125/><F125/><W33/><G19/><T22/><D22/><U9/><E9/><V119/><F119/><W118/><G33/><T91/><D96/><U21/><E21/><V120/><F120/><W43/><G43/><T128/><D128/><U26/><E26/><V100/><F45/><AGARI ba="0,0" hai="1,2,3,39,42,45,47,49,52,90,91" m="51241" machi="45" ten="40,2600,0" yaku="20,1,54,1" doraHai="54" who="0" fromWho="2" sc="211,26,250,0,250,-26,289,0" /><INIT seed="2,0,0,5,2,114" ten="237,250,224,289" oya="2" hai0="64,46,101,86,100,10,20,80,28,131,71,53,41" hai1="56,133,98,91,120,15,93,0,95,62,30,19,55" hai2="42,116,8,69,6,117,11,37,18,115,126,5,94" hai3="92,106,119,59,85,39,40,72,3,83,9,26,82"/><V70/><F115/><W134/><G106/><T58/><D131/><U51/><E0/><V2/><F126/><W90/><G134/><T103/><D10/><U47/><E133/><V25/><F94/><W75/><G59/><T4/><D4/><U61/><E120/><V132/><F132/><W35/><G82/><T96/><D71/><N who="2" m="27146" /><F18/><W48/><G75/><T113/><D113/><U16/><E30/><V43/><F25/><W122/><G48/><T12/><D64/><U112/><E112/><V44/><F43/><W49/><G49/><T107/><D46/><U38/><E38/><V24/><F24/><W89/><G89/><T67/><D41/><N who="1" m="25071" /><E61/><V123/><F123/><W125/><G26/><N who="0" m="16455" /><D107/><U54/><E93/><V45/><F45/><N who="3" m="23711" /><G35/><T31/><D31/><U111/><E55/><V79/><F79/><N who="3" m="44519" /><G125/><T135/><D135/><U13/><E111/><V121/><F121/><W76/><G76/><N who="0" m="46343" /><D67/><U1/><E1/><AGARI ba="0,0" hai="1,2,5,6,8,11,37,42,44,116,117" m="27146" machi="1" ten="30,5800,0" yaku="23,1,52,2" doraHai="114" who="2" fromWho="1" sc="237,0,250,-58,224,58,289,0" /><INIT seed="2,1,0,3,2,110" ten="237,192,282,289" oya="2" hai0="34,106,20,132,48,101,6,97,80,25,92,55,109" hai1="127,18,96,54,51,15,89,105,22,134,82,113,130" hai2="120,103,59,63,128,111,31,24,119,61,57,3,50" hai3="28,37,112,129,40,81,62,53,67,86,64,26,9"/><V69/><F119/><W17/><G129/><T73/><D109/><U27/><E127/><V98/><F120/><W85/><G112/><T87/><D132/><U121/><E134/><V72/><F3/><W71/><G67/><T94/><D6/><U76/><E130/><V88/><F72/><W77/><G53/><T74/><D34/><U29/><E121/><V35/><F111/><W4/><G17/><T108/><D108/><U23/><E113/><V2/><F2/><W56/><G40/><T32/><D32/><U70/><E70/><V135/><F135/><W47/><G71/><T45/><D74/><U41/><E41/><V10/><F128/><W58/><G47/><T30/><REACH who="0" step="1"/><D73/><REACH who="0" ten="227,192,282,289" step="2"/><U49/><E105/><V79/><F35/><W83/><G37/><T114/><D114/><U7/><E7/><V19/><F69/><W52/><G4/><T126/><D126/><U123/><E123/><V68/><F68/><W125/><G125/><T43/><D43/><U5/><E5/><V102/><F57/><W131/><G131/><T38/><D38/><U65/><E65/><V75/><F59/><W118/><G58/><T100/><D100/><U95/><REACH who="1" step="1"/><E54/><REACH who="1" ten="227,182,282,289" step="2"/><V91/><F103/><W122/><G52/><T16/><D16/><U116/><E116/><V44/><F102/><W8/><G64/><T84/><D84/><AGARI ba="1,2" hai="15,18,22,23,27,29,49,51,76,82,84,89,95,96" machi="84" ten="30,7700,0" yaku="1,1,7,1,8,1,53,1" doraHai="110" doraHaiUra="14" who="1" fromWho="0" sc="227,-80,182,100,282,0,289,0" /><INIT seed="3,0,0,0,0,14" ten="147,282,282,289" oya="3" hai0="102,37,76,73,107,35,46,69,101,31,38,42,15" hai1="119,91,100,65,68,133,117,3,4,128,97,62,106" hai2="115,96,45,70,0,71,98,121,132,30,88,18,89" hai3="25,104,92,125,13,93,134,108,24,10,118,55,80"/><W26/><G118/><T123/><D102/><U95/><E133/><V111/><F0/><W58/><G104/><T79/><D79/><U40/><E128/><V116/><F115/><W22/><G134/><T60/><D123/><U85/><E40/><V23/><F116/><N who="1" m="44617" /><E4/><V32/><F132/><W74/><G125/><T47/><D15/><U57/><E3/><V39/><F111/><W94/><G108/><T53/><D53/><U99/><E99/><N who="2" m="37931" /><F70/><AGARI ba="0,0" hai="57,62,65,68,70,85,91,95,97,100,106" m="44617" machi="70" ten="30,1000,0" yaku="12,1" doraHai="14" who="1" fromWho="2" sc="147,0,282,10,282,-10,289,0" /><INIT seed="4,0,0,0,4,29" ten="147,292,272,289" oya="0" hai0="39,120,116,27,7,131,72,121,135,102,16,95,42" hai1="5,37,50,14,87,33,34,1,41,47,78,133,19" hai2="71,82,52,134,122,123,11,48,40,54,28,4,107" hai3="83,126,65,81,73,59,45,124,88,86,130,115,17"/><T0/><D102/><U129/><E129/><V99/><F134/><W9/><G130/><T75/><D131/><U24/><E133/><V60/><F28/><W22/><G115/><T68/><D135/><U118/><E118/><V103/><F40/><W108/><G9/><T84/><D116/><U79/><E37/><V23/><F23/><W109/><G45/><T127/><D68/><U8/><E1/><V20/><F20/><W56/><G81/><T125/><D7/><U89/><E24/><V67/><F82/><W128/><G73/><T113/><D0/><U112/><E19/><V62/><F62/><N who="3" m="38087" /><G59/><T21/><D113/><U13/><E13/><V2/><REACH who="2" step="1"/><F54/><REACH who="2" ten="147,292,262,289" step="2"/><W70/><G128/><T63/><D63/><U76/><REACH who="1" step="1"/><E112/><REACH who="1" ten="147,282,262,289" step="2"/><V97/><F97/><W92/><G109/><T25/><D25/><U90/><E90/><V96/><F96/><W104/><G108/><T18/><D18/><U26/><E26/><V46/><AGARI ba="0,2" hai="2,4,11,46,48,52,60,67,71,99,103,107,122,123" machi="46" ten="20,8000,1" yaku="1,1,0,1,7,1,54,1,53,1" doraHai="29" doraHaiUra="64" who="2" fromWho="2" sc="147,-40,282,-20,262,100,289,-20" owari="107,-39.0,262,-14.0,362,46.0,269,7.0" /></mjloggm>