<mjloggm ver="2.3"><GO type="97" lobby="0"/><UN n0="%32%6B%65%6E%63%68%61%6E" n1="%E5%A4%A9%E6%89%8D%E9%BA%BB%E5%B0%86%E2%91%A8" n2="%E5%B0%B1%E6%B4%BB%E7%94%9F%40%E5%B7%9D%E6%9D%91%E8%BB%8D%E5%9B%A3" n3="%70%75%6E%69%73" dan="14,13,15,14" rate="1882.26,1804.12,2006.31,1944.68" sx="M,F,M,M"/><TAIKYOKU oya="0"/><INIT seed="0,0,0,0,4,16" ten="250,250,250,250" oya="0" hai0="18,77,135,107,24,33,99,43,55,44,42,32,29" hai1="100,102,118,46,2,96,6,113,1,111,84,110,88" hai2="104,38,109,37,25,45,98,0,11,34,48,15,132" hai3="90,72,26,119,130,8,36,126,10,27,19,92,57"/><T13/><D135/><U14/><E118/><V64/><F0/><W50/><G119/><T58/><D77/><U134/><E134/><V20/><F132/><W82/><G36/><T65/><D65/><U61/><E113/><V112/><F34/><W60/><G126/><T7/><D7/><U101/><E96/><V75/><F75/><W103/><G130/><T68/><D68/><U106/><E106/><V86/><F112/><W5/><G103/><T93/><D107/><U40/><E61/><V89/><F64/><W54/><G72/><T129/><D33/><U131/><E14/><V85/><F109/><N who="1" m="41481" /><E131/><V105/><F38/><W74/><G74/><T128/><D44/><U59/><E59/><V52/><F37/><W124/><G124/><T115/><D115/><U39/><E6/><N who="2" m="3575" /><F105/><W87/><G19/><T97/><D99/><U73/><E73/><V23/><F104/><W123/><G123/><T78/><D78/><U22/><E22/><N who="2" m="8235" /><F25/><N who="3" m="9227" /><G5/><T9/><D128/><U28/><E28/><V47/><F47/><N who="3" m="27999" /><G92/><AGARI ba="0,0" hai="1,2,39,40,46,84,88,92,100,101,102" m="41481" machi="92" ten="30,2000,0" yaku="14,1,54,1" doraHai="16" who="1" fromWho="3" sc="250,0,250,20,250,0,250,-20" /><AGARI ba="0,0" hai="45,48,52,85,86,89,92,98" m="8235,3575" machi="92" ten="30,8000,1" yaku="8,1,52,3,54,1" doraHai="16" who="2" fromWho="3" sc="250,0,270,0,250,80,230,-80" /><INIT seed="1,0,0,5,5,8" ten="250,270,330,150" oya="1" hai0="0,35,96,10,17,50,131,85,122,21,58,94,57" hai1="31,93,4,83,34,104,119,24,110,63,75,1,25" hai2="80,48,59,123,20,40,79,46,106,44,117,103,12" hai3="6,61,66,14,99,54,114,84,43,133,129,87,15"/><U108/><E119/><V128/><F117/><W27/><G114/><T18/><D35/><U64/><E104/><V118/><F123/><W78/><G133/><T37/><D37/><U38/><E38/><V76/><F128/><W39/><G129/><T69/><D69/><U90/><E24/><V95/><F106/><W11/><G39/><T33/><D33/><U113/><E113/><V41/><F118/><W88/><G43/><T67/><D131/><U68/><E75/><V5/><F59/><N who="3" m="37183" /><G54/><N who="0" m="31959" /><D0/><U86/><E4/><V115/><F115/><W82/><G27/><N who="0" m="14767" /><D122/><U127/><E1/><V13/><F5/><W53/><G53/><T73/><D73/><U102/><E102/><V89/><F103/><W98/><G15/><N who="2" m="5705" /><F20/><W135/><G135/><T2/><D2/><U49/><E127/><V16/><F16/><W72/><G72/><T120/><D120/><U30/><E30/><V7/><F7/><W22/><G22/><T125/><D125/><U77/><E49/><N who="2" m="26759" /><F80/><AGARI ba="0,0" hai="6,11,14,78,80,82,84,87,88,98,99" m="37183" machi="80" ten="30,3900,0" yaku="8,1,52,1,54,1" doraHai="8" who="3" fromWho="2" sc="250,0,270,0,330,-39,150,39" /><INIT seed="2,0,0,0,3,103" ten="250,270,291,189" oya="2" hai0="49,48,134,36,112,78,117,58,1,101,105,70,46" hai1="111,21,64,133,97,122,89,82,68,110,130,44,4" hai2="73,87,71,11,26,85,75,91,127,94,128,63,115" hai3="18,9,116,29,33,93,72,31,20,35,5,7,40"/><V23/><F115/><W67/><G72/><T16/><D112/><U92/><E133/><V104/><F128/><W52/><G40/><T37/><D134/><U99/><E130/><V113/><F113/><W81/><G67/><T135/><D135/><U124/><E124/><V17/><F127/><W76/><G93/><T123/><D78/><U14/><E122/><V126/><F126/><W74/><G116/><T69/><D123/><U125/><E125/><V0/><F104/><W107/><G107/><T80/><D1/><U120/><E120/><V39/><F39/><W84/><G52/><N who="0" m="32007" /><D105/><U121/><E121/><V100/><F100/><W109/><G109/><N who="1" m="41482" /><E44/><V83/><F11/><W108/><G108/><T60/><D80/><U25/><E64/><V28/><F0/><N who="3" m="167" /><G74/><T6/><D16/><N who="1" m="12455" /><E68/><N who="0" m="26217" /><D6/><U50/><E50/><V88/><REACH who="2" step="1"/><F17/><REACH who="2" ten="250,270,281,189" step="2"/><W57/><G18/><T118/><D101/><U10/><E82/><V2/><F2/><W51/><G81/><T8/><D8/><U30/><E30/><V131/><F131/><W54/><G31/><T86/><D86/><AGARI ba="0,1" hai="4,10,14,86,89,92,97,99" m="12455,41482" machi="86" ten="30,2000,0" yaku="14,1,54,1" doraHai="103" who="1" fromWho="0" sc="250,-20,270,30,281,0,189,0" /><INIT seed="3,0,0,4,3,77" ten="230,300,281,189" oya="3" hai0="10,84,63,66,85,14,42,55,111,97,108,134,26" hai1="90,27,83,126,124,19,76,5,117,67,16,52,100" hai2="40,71,24,17,133,118,79,64,122,80,6,98,82" hai3="72,62,115,106,128,28,53,51,29,2,25,32,33"/><W110/><G115/><T8/><D42/><U91/><E67/><V104/><F118/><W60/><G2/><T88/><D134/><U116/><E100/><V37/><F133/><W9/><G106/><T35/><D10/><U93/><E5/><V96/><F122/><W20/><G72/><T68/><D55/><U30/><E52/><V18/><F6/><W34/><G128/><T7/><D35/><N who="1" m="20959" /><E93/><V31/><F37/><W48/><G110/><N who="0" m="42027" /><D26/><U38/><E38/><V95/><F40/><W75/><G75/><T112/><D112/><U121/><E121/><V129/><F79/><W135/><G135/><T0/><D0/><U103/><E103/><N who="2" m="62567" /><F129/><W70/><G29/><T1/><D1/><U44/><E44/><V36/><F18/><N who="1" m="6697" /><E76/><V54/><F17/><W21/><G9/><T39/><D39/><U4/><E4/><V120/><F54/><W127/><G127/><N who="1" m="48682" /><E83/><V69/><F36/><W58/><REACH who="3" step="1"/><G21/><REACH who="3" ten="230,300,281,179" step="2"/><T86/><D97/><U13/><E117/><V101/><F120/><W131/><G131/><T107/><D107/><U89/><E116/><V73/><F73/><W92/><G92/><AGARI ba="0,1" hai="7,8,14,63,66,68,84,85,86,88,92" m="42027" machi="92" ten="30,2000,0" yaku="14,1,54,1" doraHai="77" who="0" fromWho="3" sc="230,30,300,0,281,0,179,-20" owari="260,-14.0,300,40.0,281,8.0,159,-34.0" /></mjloggm>