<mjloggm ver="2.3"><GO type="225" lobby="0"/><UN n0="%E3%83%88%E3%83%88%E3%83%AA%E5%85%88%E7%94%9F%31%39%E6%AD%B3" n1="%E9%87%98%E5%AE%AE%E7%97%85%E6%82%A3%E8%80%85" n2="%76%69%62%72%61%74%65" n3="%E7%BE%A4%E9%9D%92%E6%97%A5%E5%92%8C%EF%BC%A0" dan="18,16,16,16" rate="2255.93,2209.70,2066.14,2132.39" sx="F,F,M,F"/><TAIKYOKU oya="0"/><INIT seed="0,0,0,5,1,91" ten="250,250,250,250" oya="0" hai0="43,67,26,34,106,51,23,114,54,132,108,61,70" hai1="128,99,96,80,66,127,68,20,65,131,3,93,97" hai2="133,24,86,120,125,79,92,14,2,122,16,84,64" hai3="11,104,38,69,124,115,98,5,134,126,82,100,72"/><T13/><D114/><U109/><E3/><V17/><F2/><N who="3" m="439" /><G115/><T83/><D106/><U57/><E127/><N who="3" m="48682" /><G134/><T30/><D132/><U81/><E109/><V18/><F64/><N who="1" m="24681" /><E68/><V8/><F79/><N who="3" m="44391" /><G38/><T77/><D108/><U53/><E20/><V19/><F19/><W46/><G46/><T75/><D13/><U76/><E76/><V49/><F18/><W0/><G0/><T103/><D103/><N who="1" m="60815" /><E131/><V101/><F17/><W129/><G129/><T56/><REACH who="0" step="1"/><D43/><REACH who="0" ten="240,250,250,250" step="2"/><U105/><E128/><V73/><F14/><W22/><G22/><AGARI ba="0,1" hai="22,23,26,30,34,51,54,56,61,67,70,75,77,83" machi="22" ten="40,7700,0" yaku="1,1,2,1,53,1" doraHai="91" doraHaiUra="50" who="0" fromWho="3" sc="240,87,250,0,250,0,250,-77" /><INIT seed="0,1,0,5,4,107" ten="327,250,250,173" oya="0" hai0="62,76,128,60,1,75,13,33,74,104,58,135,57" hai1="121,55,34,130,105,17,39,47,117,79,92,53,5" hai2="80,111,132,14,40,94,115,56,85,4,116,84,37" hai3="49,18,48,26,50,109,119,25,16,21,68,73,87"/><T3/><D104/><U71/><E117/><V134/><F115/><W2/><G2/><T67/><D33/><U11/><E121/><V120/><F120/><W131/><G68/><T44/><D128/><U69/><E105/><V82/><F116/><W110/><G119/><T98/><D135/><U32/><E17/><V86/><F111/><N who="3" m="42507" /><G131/><T70/><D70/><U43/><E92/><V64/><F94/><W52/><G87/><T7/><D98/><U81/><E130/><V78/><F37/><W124/><G124/><T129/><D129/><U118/><E118/><V114/><F40/><W12/><G73/><T54/><D44/><U88/><E88/><V15/><F114/><W123/><G123/><T66/><D54/><U36/><E36/><V83/><F132/><W103/><G103/><T31/><D31/><U65/><E69/><V8/><F134/><W90/><G90/><T113/><D113/><U59/><E65/><V23/><F78/><W127/><G127/><T24/><D24/><N who="3" m="9321" /><G18/><T51/><D76/><U6/><E71/><V95/><F95/><W9/><G9/><T61/><D67/><U112/><E112/><V106/><F106/><W10/><G10/><N who="0" m="4319" /><D3/><N who="1" m="447" /><E6/><V126/><F126/><W93/><G93/><T27/><D1/><U108/><E108/><V96/><F96/><W77/><G77/><T133/><D133/><U91/><E91/><V100/><F100/><W28/><G28/><T63/><D27/><U125/><E125/><V38/><F38/><W42/><G42/><T0/><D0/><U102/><E102/><V19/><F64/><W89/><G89/><RYUUKYOKU ba="1,0" sc="327,10,250,-30,250,10,173,10" hai0="51,57,58,60,61,62,63,66,74,75" hai2="4,8,14,15,19,23,56,80,82,83,84,85,86" hai3="12,16,21,48,49,50,52" /><INIT seed="0,2,0,4,5,122" ten="337,220,260,183" oya="0" hai0="123,46,40,41,13,95,54,57,117,89,39,63,103" hai1="92,72,113,83,135,12,6,68,53,88,126,75,30" hai2="102,44,25,85,80,49,133,121,128,65,24,98,51" hai3="43,78,79,87,31,96,16,116,27,109,108,21,129"/><T127/><D123/><U10/><E68/><V99/><F128/><W66/><G116/><T90/><D117/><U106/><E106/><V119/><F133/><W62/><G129/><T104/><D127/><U8/><E135/><V29/><F119/><W107/><G43/><T74/><D74/><U110/><E126/><V56/><F24/><W115/><G115/><T93/><D104/><U0/><E113/><V70/><F70/><N who="3" m="42327" /><G87/><T82/><D41/><U9/><E30/><V23/><F121/><W94/><G31/><T112/><D112/><U91/><E10/><V118/><F118/><W50/><G50/><T124/><D124/><U36/><E36/><V58/><F51/><W42/><G42/><T47/><D47/><U131/><E131/><V84/><F84/><W73/><G73/><T114/><D114/><U61/><E83/><V48/><F48/><W69/><G69/><T4/><D82/><U32/><E32/><V111/><F98/><W120/><G107/><T26/><D26/><U15/><E0/><V101/><F99/><W7/><G7/><T14/><D4/><U77/><E77/><N who="3" m="29194" /><G120/><T76/><D76/><U105/><E105/><V35/><F85/><W37/><G37/><T20/><D93/><U38/><E38/><V34/><F80/><W130/><G130/><T97/><D14/><U55/><E6/><V67/><F35/><W45/><G45/><T59/><D59/><U81/><E81/><V71/><F34/><W17/><G17/><N who="0" m="10287" /><D39/><U52/><E72/><V60/><F56/><W64/><G64/><N who="0" m="39023" /><D40/><U22/><E75/><V125/><F125/><RYUUKYOKU ba="2,0" sc="337,15,220,-15,260,-15,183,15" hai0="46,54,89,90,95,97,103" hai3="16,21,27,94,96,108,109" /><INIT seed="0,3,0,1,2,70" ten="352,205,245,198" oya="0" hai0="27,16,34,12,93,52,22,130,61,55,26,122,31" hai1="54,102,45,59,112,74,69,135,80,131,8,53,111" hai2="64,4,114,47,108,75,63,15,129,95,120,9,41" hai3="2,110,68,7,29,100,84,49,119,96,28,6,117"/><T1/><D122/><U107/><E69/><V32/><F120/><W128/><G68/><T60/><D1/><U17/><E111/><V48/><F108/><W87/><G110/><T85/><D130/><U46/><E131/><V78/><F129/><W51/><G128/><T109/><D109/><U116/><E116/><V38/><F114/><W133/><G96/><T92/><D27/><U81/><E135/><V105/><F105/><W19/><G2/><T66/><D60/><U83/><E74/><V42/><F32/><W77/><G77/><T56/><D92/><U18/><E112/><V36/><F42/><W89/><G89/><T123/><D123/><U125/><E125/><V97/><F78/><W73/><G19/><N who="1" m="7178" /><E107/><V23/><F75/><W44/><G44/><N who="1" m="17002" /><E102/><V99/><F23/><W72/><REACH who="3" step="1"/><G133/><REACH who="3" ten="352,205,245,188" step="2"/><T126/><D126/><U132/><E132/><V106/><F99/><W98/><G98/><T90/><AGARI ba="3,1" hai="12,16,22,26,31,34,52,55,56,61,66,85,90,93" machi="90" ten="30,6000,0" yaku="0,1,54,2" doraHai="70" who="0" fromWho="0" sc="352,79,205,-23,245,-23,188,-23" /><INIT seed="0,4,0,3,2,37" ten="431,182,222,165" oya="0" hai0="33,116,69,26,45,27,126,74,25,30,118,96,92" hai1="39,115,72,105,10,98,134,7,60,111,15,82,97" hai2="129,117,77,64,62,16,131,66,80,99,40,90,47" hai3="65,1,63,85,49,36,112,6,94,104,81,109,93"/><T110/><D74/><U8/><E111/><V61/><F117/><W120/><G112/><T107/><D126/><U122/><E122/><V55/><F90/><W59/><G36/><T100/><D110/><U38/><E134/><V13/><F99/><W9/><G104/><T125/><D125/><U21/><E115/><V128/><F55/><W78/><G109/><T71/><D27/><U84/><E72/><N who="2" m="43047" /><F61/><W83/><G120/><T133/><D133/><U135/><E135/><V102/><F102/><W19/><G19/><T14/><D92/><U42/><E21/><N who="2" m="11407" /><F62/><W67/><G67/><T35/><D14/><U130/><E39/><AGARI ba="4,0" hai="39,40,47,64,66,128,129,131" m="11407,43047" machi="39" ten="30,3900,0" yaku="19,1,52,1,54,1" doraHai="37" who="2" fromWho="1" sc="431,0,182,-51,222,51,165,0" /><INIT seed="1,0,0,3,4,43" ten="431,131,273,165" oya="1" hai0="57,126,41,52,101,77,93,36,79,48,15,13,56" hai1="122,105,89,31,19,81,85,68,127,6,119,55,71" hai2="123,135,29,97,53,116,66,99,108,134,83,92,88" hai3="0,103,132,61,74,78,112,35,91,90,5,33,22"/><U124/><E119/><V133/><F116/><W16/><G112/><T59/><D126/><N who="1" m="48171" /><E122/><V54/><F123/><W76/><G132/><T67/><D36/><U8/><E105/><V32/><F108/><W23/><G103/><T70/><D70/><N who="1" m="26667" /><E31/><V60/><F99/><W64/><G0/><T38/><D38/><U62/><E19/><V100/><F32/><W50/><G5/><T14/><D41/><U98/><E98/><N who="2" m="57607" /><F29/><W27/><G35/><T63/><D101/><U82/><E82/><V96/><F83/><W10/><G74/><T69/><REACH who="0" step="1"/><D93/><REACH who="0" ten="421,131,273,165" step="2"/><U2/><E55/><N who="2" m="21003" /><F100/><W21/><G64/><T7/><D7/><U131/><E131/><V11/><F11/><W120/><G10/><T117/><D117/><U129/><E129/><V9/><F9/><W86/><G120/><T94/><D94/><U72/><E8/><V87/><F87/><W18/><G86/><T45/><AGARI ba="0,1" hai="13,14,15,45,48,52,56,57,59,63,67,69,77,79" machi="45" ten="30,7900,0" yaku="1,1,0,1,52,1,54,1,53,0" doraHai="43" doraHaiUra="12" who="0" fromWho="0" sc="421,89,131,-39,273,-20,165,-20" /><INIT seed="2,0,0,4,1,122" ten="510,92,253,145" oya="2" hai0="21,35,26,133,10,64,50,33,14,44,2,48,93" hai1="45,111,70,77,81,13,51,43,11,129,91,52,8" hai2="131,116,27,89,119,67,105,49,42,124,118,114,55" hai3="76,96,25,120,100,17,30,128,60,0,31,39,23"/><V135/><F89/><W61/><G120/><T130/><D2/><U134/><E70/><V106/><F27/><W85/><G39/><T95/><D130/><U47/><E129/><V68/><F106/><W16/><G128/><T87/><D133/><U41/><E134/><V62/><F105/><W24/><G0/><T72/><D72/><U104/><E104/><V125/><F131/><W7/><G7/><T3/><D3/><U78/><E111/><V71/><F135/><W12/><G85/><T112/><D112/><U98/><E8/><V88/><F88/><W115/><G76/><T113/><D113/><U46/><E98/><V34/><F34/><W54/><G54/><T53/><D64/><U97/><E97/><V86/><F86/><W102/><G115/><T19/><D87/><N who="1" m="50671" /><E78/><V101/><F101/><W40/><G40/><N who="1" m="15434" /><E77/><V103/><F103/><N who="3" m="39467" /><G96/><T92/><D48/><U29/><E29/><N who="3" m="10762" /><G25/><T80/><D80/><U94/><E94/><V18/><F71/><W58/><G58/><T109/><D35/><U59/><E59/><V5/><F114/><W74/><G74/><T117/><D33/><U69/><E69/><V123/><F123/><W32/><G32/><T84/><D84/><U63/><E63/><V38/><F5/><AGARI ba="0,0" hai="5,11,13,45,46,47,51,52" m="15434,50671" machi="5" ten="30,2000,0" yaku="8,1,54,1" doraHai="122" who="1" fromWho="2" sc="510,0,92,20,253,-20,145,0" /><INIT seed="3,0,0,2,5,53" ten="510,112,233,145" oya="3" hai0="113,82,133,117,103,129,70,89,21,3,105,86,92" hai1="102,9,66,8,50,60,112,44,52,118,32,48,14" hai2="79,100,41,114,13,18,43,95,71,33,17,25,2" hai3="123,107,73,37,5,20,12,34,128,120,111,80,35"/><W135/><G107/><T98/><D70/><U91/><E112/><V116/><F2/><W15/><G37/><T99/><D3/><U75/><E32/><V61/><F116/><W65/><G65/><T124/><D117/><U121/><E118/><V40/><F114/><W1/><G80/><T6/><D6/><U28/><E75/><V29/><F79/><W74/><G135/><T126/><D113/><U132/><E121/><V24/><F24/><W22/><G128/><T106/><D21/><U23/><E102/><V119/><F119/><W4/><G111/><T90/><D129/><U11/><E132/><V109/><F18/><W96/><G96/><N who="0" m="61671" /><D133/><U55/><E91/><V81/><F81/><W10/><G1/><T16/><D16/><N who="1" m="10647" /><E28/><V19/><F19/><W131/><G131/><T30/><D30/><U134/><E134/><V62/><F71/><W63/><G63/><T130/><D130/><U47/><E60/><V38/><F38/><W45/><G10/><N who="1" m="2562" /><U46/><DORA hai="69" /><E66/><V104/><F104/><W57/><G45/><AGARI ba="0,0" hai="44,45,46,47,48,50,52,55" m="2562,10647" machi="45" ten="30,3900,0" yaku="8,1,54,2" doraHai="53,69" who="1" fromWho="3" sc="510,0,112,39,233,0,145,-39" owari="510,61.0,151,-25.0,233,3.0,106,-39.0" /></mjloggm>