<mjloggm ver="2.3"><GO type="97" lobby="0"/><UN n0="%43%48%49%52%4F%52%55" n1="%E5%BC%B7%E6%AC%B2%E7%8B%82%E6%88%A6%E5%A3%AB" n2="%E3%81%82%E3%81%A4%E3%81%82%E3%81%A4%E6%B9%AF%E5%A9%86%E5%A9%86" n3="%E3%83%88%E3%83%88%E3%83%AA%E5%85%88%E7%94%9F%31%39%E6%AD%B3" dan="15,14,16,15" rate="1980.93,1916.81,1970.23,2036.24" sx="M,M,M,F"/><TAIKYOKU oya="0"/><INIT seed="0,0,0,2,1,111" ten="250,250,250,250" oya="0" hai0="71,32,47,119,22,58,73,14,65,8,27,16,66" hai1="72,28,11,7,20,19,130,64,101,134,0,36,128" hai2="31,114,44,53,40,26,13,117,103,81,104,85,52" hai3="77,118,49,59,123,94,50,54,62,56,98,135,79"/><T74/><D71/><U35/><E64/><V37/><F104/><W9/><G118/><T4/><D119/><U1/><E101/><V67/><F117/><W80/><G135/><T70/><D70/><U106/><E72/><N who="0" m="27753" /><D47/><U39/><E106/><V100/><F67/><N who="3" m="39367" /><G123/><T21/><D21/><U57/><E134/><V69/><F69/><W23/><G9/><T63/><D58/><U82/><E82/><V34/><F114/><W48/><G23/><T122/><D63/><U76/><E76/><N who="3" m="29258" /><G80/><T24/><D24/><N who="1" m="18823" /><E57/><V93/><F13/><W60/><G60/><T109/><D122/><U87/><E87/><V124/><F124/><W61/><G61/><T90/><D109/><U95/><E95/><V18/><F18/><W78/><N who="3" m="29266" /><W121/><DORA hai="55" /><G121/><T120/><D120/><U84/><E84/><V131/><F81/><W126/><G126/><T132/><D132/><U17/><E17/><V102/><REACH who="2" step="1"/><F131/><REACH who="2" ten="250,250,240,250" step="2"/><N who="1" m="50217" /><E1/><V12/><F12/><AGARI ba="0,1" hai="0,7,11,12,19,20,36,39" m="50217,18823" machi="12" ten="30,2000,0" yaku="24,1,19,1" doraHai="111,55" who="1" fromWho="2" sc="250,0,250,30,240,-20,250,0" /><INIT seed="1,0,0,0,5,21" ten="250,280,220,250" oya="1" hai0="6,51,105,7,32,118,60,5,129,103,94,133,26" hai1="25,54,126,107,31,91,121,2,40,119,29,134,83" hai2="17,22,125,12,135,78,61,93,111,42,123,113,70" hai3="90,82,132,0,35,109,73,46,80,18,15,122,44"/><U1/><E107/><V124/><F42/><W99/><G122/><T48/><D118/><U120/><E121/><V9/><F123/><W49/><G0/><T47/><D105/><U88/><E119/><V39/><F39/><W13/><G35/><T23/><D32/><U19/><E120/><V128/><F78/><W76/><G132/><T131/><D133/><U64/><E134/><V89/><F135/><W112/><G112/><T10/><D10/><U77/><E126/><N who="2" m="48747" /><F113/><W98/><G109/><T52/><D60/><U58/><E64/><V28/><F111/><W86/><G13/><T11/><D11/><U3/><E40/><V79/><F79/><W38/><G38/><T68/><D68/><U4/><E4/><V95/><F128/><N who="0" m="49226" /><D48/><U59/><E19/><V69/><F61/><W16/><G18/><N who="0" m="12663" /><D94/><U101/><E101/><AGARI ba="0,0" hai="5,6,7,47,51,52,101,103" m="12663,49226" machi="101" ten="30,3900,0" yaku="19,1,52,1,54,1" doraHai="21" who="0" fromWho="1" sc="250,39,280,-39,220,0,250,0" /><INIT seed="2,0,0,2,3,38" ten="289,241,220,250" oya="2" hai0="27,43,63,49,84,39,18,68,41,34,7,123,117" hai1="20,72,8,40,0,73,22,4,61,66,108,128,1" hai2="122,50,17,121,96,110,37,60,102,15,133,67,114" hai3="23,99,109,51,58,65,94,54,31,14,29,79,57"/><V24/><F37/><W59/><G109/><T21/><D123/><U80/><E128/><V107/><F114/><W116/><G116/><T25/><D39/><U9/><E108/><V124/><F110/><W95/><G79/><T2/><D117/><U78/><E73/><V75/><F75/><W135/><G135/><T105/><D105/><U11/><E40/><V64/><F133/><W125/><G125/><T71/><D84/><U111/><E111/><V100/><F124/><W89/><G65/><T6/><D49/><U86/><E86/><V129/><F129/><W115/><G115/><T127/><D127/><U83/><E83/><V47/><F102/><W16/><REACH who="3" step="1"/><G95/><REACH who="3" ten="289,241,220,240" step="2"/><T44/><D71/><U119/><E119/><V106/><F106/><W55/><G55/><T36/><D68/><U103/><E103/><V92/><F107/><W130/><G130/><T104/><D104/><U13/><E13/><V3/><F3/><W28/><AGARI ba="0,1" hai="14,16,23,28,29,31,51,54,57,58,59,89,94,99" machi="28" ten="30,8000,1" yaku="1,1,0,1,8,1,54,1,53,1" doraHai="38" doraHaiUra="19" who="3" fromWho="3" sc="289,-20,241,-20,220,-40,240,90" /><INIT seed="3,0,0,4,2,26" ten="269,221,180,330" oya="3" hai0="130,60,31,95,74,129,133,56,115,12,84,11,24" hai1="69,10,122,50,25,82,15,22,127,128,16,108,4" hai2="37,71,9,70,72,42,49,76,65,87,8,107,135" hai3="102,134,54,103,6,64,66,45,39,117,63,110,61"/><W92/><G117/><T40/><D74/><U93/><E93/><V85/><F107/><W34/><G34/><T90/><D40/><U52/><E52/><V98/><F37/><W13/><G134/><T80/><D115/><U89/><E89/><V35/><F135/><W46/><G39/><T77/><D133/><U62/><E62/><N who="3" m="23562" /><G110/><T28/><D12/><U96/><E96/><V86/><F35/><W55/><G55/><T100/><D11/><U99/><E99/><V0/><F98/><N who="3" m="59719" /><G103/><T36/><D36/><U123/><E123/><V7/><F65/><W33/><G33/><T109/><D100/><U29/><E29/><N who="0" m="11337" /><D24/><U119/><E119/><V48/><F9/><N who="3" m="4279" /><G54/><N who="0" m="33815" /><D109/><U126/><E126/><V43/><F72/><W78/><G78/><T17/><D17/><U101/><E101/><V79/><F0/><W20/><G20/><T5/><D5/><U124/><E124/><V53/><F53/><W125/><G125/><T21/><D21/><U14/><E14/><V91/><F7/><W88/><G88/><T131/><D77/><N who="2" m="29770" /><F8/><W58/><G58/><T59/><D59/><U44/><E44/><AGARI ba="0,0" hai="44,45,46,64,66" m="4279,59719,23562" machi="44" ten="30,1500,0" yaku="8,1" doraHai="26" who="3" fromWho="1" sc="269,0,221,-15,180,0,330,15" owari="269,7.0,206,-19.0,180,-32.0,345,44.0" /></mjloggm>