<mjloggm ver="2.3"><GO type="97" lobby="0"/><UN n0="%E3%82%AA%E3%82%AB%E3%83%87%E3%82%B8%E9%9B%80%E5%A3%AB" n1="%E5%B0%B1%E6%B4%BB%E7%94%9F%40%E5%B7%9D%E6%9D%91%E8%BB%8D%E5%9B%A3" n2="%E3%81%84%E3%81%8F%E3%82%84%E3%81%BE%E2%98%86%E3%81%95%E3%82%80%E3%81%8A" n3="%E5%92%8C%E7%94%B0%E3%81%A9%E3%82%93%EF%BC%A0%E4%B9%85" dan="15,14,13,14" rate="2020.54,1988.25,1903.37,1917.63" sx="M,M,M,F"/><TAIKYOKU oya="0"/><INIT seed="0,0,0,1,1,127" ten="250,250,250,250" oya="0" hai0="125,63,123,28,23,70,90,95,6,69,33,121,56" hai1="49,47,11,92,50,85,61,116,25,1,133,99,60" hai2="108,26,10,34,17,35,109,93,2,117,97,81,46" hai3="59,40,9,41,101,51,86,24,67,115,19,103,80"/><T58/><D125/><U77/><E116/><V30/><F81/><W112/><G115/><T74/><D74/><U21/><E133/><V124/><F124/><W8/><G112/><T111/><D33/><U65/><E1/><V105/><F105/><W84/><G24/><T62/><D6/><U106/><E106/><V72/><F72/><W14/><G8/><T57/><D111/><N who="2" m="42570" /><F46/><N who="3" m="26055" /><G41/><T113/><D113/><U102/><E11/><V53/><F53/><W128/><G128/><T66/><D23/><U68/><E60/><V120/><F35/><W29/><G29/><T118/><D28/><U83/><REACH who="1" step="1"/><E47/><REACH who="1" ten="250,240,250,250" step="2"/><V126/><F2/><W7/><G9/><T88/><D118/><U54/><E54/><V4/><F10/><W119/><G119/><T43/><D43/><U32/><E32/><V131/><F34/><W73/><G67/><T71/><D66/><U100/><E100/><V44/><F117/><W52/><G103/><T129/><D129/><U132/><E132/><V94/><F131/><W107/><G101/><T18/><D18/><AGARI ba="0,1" hai="18,21,25,49,50,61,65,68,77,83,85,92,99,102" machi="18" ten="30,3900,0" yaku="1,1,7,1,53,1" doraHai="127" doraHaiUra="12" who="1" fromWho="0" sc="250,-39,240,49,250,0,250,0" /><INIT seed="1,0,0,5,4,114" ten="211,289,250,250" oya="1" hai0="7,44,41,66,107,0,127,28,45,103,132,50,61" hai1="18,133,82,15,19,80,76,49,12,86,40,67,74" hai2="100,108,106,91,104,88,35,22,62,110,98,65,5" hai3="46,24,128,78,20,109,120,34,68,6,53,47,69"/><U52/><E133/><V83/><F35/><W92/><G120/><T118/><D132/><U48/><E67/><V113/><F113/><W8/><G34/><T42/><D127/><U55/><E40/><V43/><F43/><W93/><G109/><N who="2" m="42089" /><F5/><W39/><G128/><T51/><D28/><U77/><REACH who="1" step="1"/><E86/><REACH who="1" ten="211,279,250,250" step="2"/><V105/><F65/><W59/><G69/><T54/><D66/><U116/><E116/><V111/><F111/><W4/><G68/><T23/><D54/><U121/><E121/><V11/><F106/><W32/><G53/><T26/><D107/><U64/><E64/><V71/><F105/><W25/><G39/><T3/><D118/><U27/><E27/><V130/><F71/><W117/><G25/><T17/><D26/><U60/><E60/><V84/><F62/><W134/><G24/><T70/><D61/><U99/><E99/><V1/><F84/><W125/><G117/><T87/><D70/><U2/><E2/><V72/><F1/><W14/><G134/><T9/><D87/><U73/><AGARI ba="0,1" hai="12,15,18,19,48,49,52,55,73,74,76,77,80,82" machi="73" ten="25,12000,1" yaku="1,1,0,1,22,2,54,1,53,0" doraHai="114" doraHaiUra="119" who="1" fromWho="1" sc="211,-40,279,130,250,-40,250,-40" /><INIT seed="1,1,0,2,2,20" ten="171,409,210,210" oya="1" hai0="49,68,18,70,91,131,98,21,62,26,37,128,61" hai1="24,46,74,66,6,120,9,11,86,56,59,82,113" hai2="69,80,39,29,38,64,114,33,94,36,50,14,93" hai3="58,132,43,41,53,83,123,57,28,40,55,78,12"/><U63/><E120/><V133/><F133/><W35/><G132/><T52/><D37/><U51/><E113/><V72/><F114/><W77/><G123/><T81/><D62/><U106/><E74/><V2/><F2/><W109/><G109/><T112/><D112/><U89/><E106/><V13/><F50/><W107/><G107/><T125/><D125/><U60/><E24/><V17/><F64/><W99/><G99/><T85/><D98/><U34/><E34/><V117/><F69/><W103/><G103/><T110/><D110/><U84/><E84/><V102/><F117/><W3/><G3/><T7/><D7/><U121/><E121/><V27/><F13/><W75/><G12/><T126/><D126/><U108/><E108/><V95/><F102/><W5/><G5/><T0/><D0/><U42/><REACH who="1" step="1"/><E6/><REACH who="1" ten="171,399,210,210" step="2"/><V8/><F72/><W101/><G75/><T97/><D97/><U129/><E129/><N who="0" m="49737" /><D61/><U67/><AGARI ba="1,1" hai="9,11,42,46,51,56,59,60,63,66,67,82,86,89" machi="67" ten="20,18000,2" yaku="1,1,0,1,7,1,9,1,8,1,53,1" doraHai="20" doraHaiUra="79" who="1" fromWho="1" sc="171,-61,399,193,210,-61,210,-61" /><INIT seed="1,2,0,0,4,45" ten="110,592,149,149" oya="1" hai0="15,89,20,54,92,57,115,135,106,132,52,129,32" hai1="37,24,30,64,31,62,119,34,105,4,127,60,14" hai2="47,21,50,13,79,69,27,35,59,68,11,81,12" hai3="1,109,7,133,28,82,88,61,53,66,121,86,46"/><U8/><E37/><V97/><F35/><W72/><G121/><T130/><D32/><U40/><E119/><V51/><F59/><W120/><G120/><T126/><D106/><U19/><E105/><V3/><F3/><W73/><G109/><T104/><D104/><U2/><E127/><V93/><F68/><W65/><G133/><N who="0" m="51275" /><D115/><U90/><E40/><V26/><F69/><W98/><G98/><N who="0" m="57615" /><D126/><U95/><E31/><N who="2" m="17871" /><F27/><W100/><G100/><T43/><D43/><U80/><E80/><V42/><F81/><W124/><G124/><T128/><D57/><U102/><E102/><N who="2" m="60719" /><F79/><W99/><G1/><T111/><D111/><U118/><E118/><V116/><F116/><W85/><G72/><T75/><D75/><U134/><E134/><V84/><F84/><W108/><G85/><T33/><D33/><U113/><E113/><V16/><F12/><W91/><G86/><T48/><D15/><U29/><E64/><V10/><F10/><W36/><G73/><T101/><D20/><N who="1" m="11383" /><E30/><V17/><F17/><W55/><G28/><T131/><D131/><U0/><E0/><V58/><F58/><W22/><G66/><T6/><D6/><U112/><E112/><V67/><F67/><W77/><G65/><T74/><D74/><U96/><AGARI ba="2,0" hai="2,4,8,24,29,34,60,62,90,95,96" m="11383" machi="96" ten="30,1500,0" yaku="24,1" doraHai="45" who="1" fromWho="1" sc="110,-7,592,21,149,-7,149,-7" /><INIT seed="1,3,0,0,5,64" ten="103,613,142,142" oya="1" hai0="134,62,57,74,121,85,133,109,20,111,89,31,135" hai1="3,83,118,52,40,24,39,119,7,11,88,60,10" hai2="0,35,86,47,38,13,128,33,27,28,1,48,122" hai3="49,91,80,73,9,5,72,6,92,99,46,107,130"/><U65/><E24/><V78/><F122/><W114/><G114/><T37/><D37/><U77/><E11/><V51/><F38/><W87/><G130/><T32/><D32/><U117/><E88/><V55/><F35/><W100/><G107/><T113/><D74/><U23/><E23/><V2/><F128/><W69/><G69/><T127/><D113/><U82/><E82/><V105/><F105/><W50/><G49/><T101/><D101/><U59/><E65/><V71/><F13/><W124/><G124/><T67/><D127/><U76/><E76/><V43/><F78/><W42/><REACH who="3" step="1"/><G6/><REACH who="3" ten="103,613,142,132" step="2"/><T120/><D121/><U112/><E112/><V110/><F71/><W61/><G61/><T25/><REACH who="0" step="1"/><D120/><REACH who="0" ten="93,613,142,132" step="2"/><U132/><E119/><V103/><F33/><W125/><G125/><T70/><D70/><U96/><E118/><V44/><F51/><W63/><G63/><T79/><D79/><U14/><E117/><V18/><F48/><W56/><G56/><T116/><D116/><U15/><E77/><V81/><F47/><W22/><G22/><T106/><D106/><U53/><E39/><V19/><F44/><W12/><AGARI ba="3,2" hai="5,9,12,42,46,50,72,73,80,87,91,92,99,100" machi="12" ten="20,2700,0" yaku="1,1,0,1,7,1,53,0" doraHai="64" doraHaiUra="16" who="3" fromWho="3" sc="93,-10,613,-16,142,-10,132,56" /><INIT seed="2,0,0,2,4,36" ten="83,597,132,188" oya="2" hai0="64,92,37,6,69,4,105,23,119,99,41,85,77" hai1="47,103,57,81,18,72,124,56,70,93,27,113,73" hai2="129,62,46,22,14,96,126,16,58,134,44,79,86" hai3="11,66,59,34,21,33,135,39,54,31,30,7,29"/><V116/><F116/><W115/><G135/><T5/><D119/><U89/><E70/><V63/><F134/><W106/><G106/><T24/><D105/><U84/><E113/><V50/><F129/><W120/><G115/><T65/><D69/><U74/><E124/><V71/><F126/><W43/><G120/><T121/><D121/><U52/><E47/><N who="2" m="17963" /><F71/><W45/><G66/><T128/><D128/><U127/><E127/><V49/><F96/><W8/><G21/><T102/><D37/><U97/><E56/><V87/><F63/><W98/><G98/><T67/><D41/><U68/><E68/><V109/><F109/><W0/><REACH who="3" step="1"/><G11/><REACH who="3" ten="83,597,132,178" step="2"/><T100/><D100/><U83/><E97/><V118/><F118/><W130/><G130/><T91/><D77/><U114/><E103/><V20/><F20/><W122/><G122/><T25/><REACH who="0" step="1"/><D23/><REACH who="0" ten="73,597,132,178" step="2"/><N who="1" m="13815" /><E114/><V13/><F79/><W19/><G19/><T125/><D125/><U15/><E74/><V1/><F22/><W123/><G123/><T3/><D3/><U94/><E73/><V12/><F1/><W95/><G95/><T40/><D40/><U104/><E104/><V131/><F131/><W78/><G78/><T2/><D2/><U9/><E72/><V90/><F16/><W107/><G107/><T133/><D133/><U132/><E132/><V42/><F42/><W117/><G117/><T61/><D61/><AGARI ba="0,2" hai="0,7,8,29,30,31,33,34,39,43,45,54,59,61" machi="61" ten="40,5200,0" yaku="1,1,52,1,53,1" doraHai="36" doraHaiUra="35" who="3" fromWho="0" sc="73,-52,597,0,132,0,178,72" /><INIT seed="3,0,0,4,0,18" ten="21,597,132,250" oya="3" hai0="87,112,76,127,9,15,72,0,80,59,54,100,34" hai1="67,26,122,56,89,66,46,27,110,97,121,93,134" hai2="12,62,7,115,131,96,135,45,29,42,13,114,1" hai3="130,68,126,124,55,70,39,111,101,11,31,60,85"/><W82/><G39/><T79/><D0/><U40/><E134/><V103/><F62/><W132/><G132/><T48/><D34/><U24/><E110/><V94/><F135/><W116/><G116/><T119/><D119/><U43/><E43/><V84/><F131/><W57/><G130/><T16/><D127/><N who="3" m="48681" /><G111/><T23/><D112/><U4/><E4/><V38/><F115/><W86/><G101/><T44/><D100/><U92/><E92/><V77/><F114/><W19/><G31/><T61/><D72/><U73/><E73/><V6/><F29/><W69/><G82/><T36/><D36/><U83/><E83/><V125/><F125/><W78/><G78/><T98/><D98/><U50/><REACH who="1" step="1"/><E56/><REACH who="1" ten="21,587,132,250" step="2"/><V58/><F58/><W37/><G57/><T95/><D95/><U41/><E41/><V107/><F107/><W32/><G69/><T28/><D76/><U91/><E91/><V133/><F133/><W123/><G68/><T51/><REACH who="0" step="1"/><D44/><REACH who="0" ten="11,587,132,250" step="2"/><U88/><E88/><N who="2" m="53511" /><F45/><W118/><G118/><T25/><AGARI ba="0,2" hai="9,15,16,23,25,28,48,51,54,59,61,79,80,87" machi="25" ten="30,8000,1" yaku="1,1,0,1,8,1,52,1,54,1,53,0" doraHai="18" doraHaiUra="90" who="0" fromWho="0" sc="11,100,587,-20,132,-20,250,-40" owari="111,-39.0,567,67.0,112,-29.0,210,1.0" /></mjloggm>