<mjloggm ver="2.3"><GO type="169" lobby="0"/><UN n0="%E3%81%8A%E7%9F%A5%E3%82%89%E3%81%9B" n1="%E3%82%82%E3%81%86%E3%82%8A%E3%81%83%E2%98%86" n2="%55%4E%4B%4F%63%68%61%6E" n3="%E3%82%A6%E3%83%AB%E3%83%88%E3%83%A9%E7%AB%8B%E7%9B%B4" dan="16,16,16,17" rate="2120.03,2085.91,2109.60,2175.75" sx="M,M,M,M"/><TAIKYOKU oya="0"/><INIT seed="0,0,0,1,1,68" ten="250,250,250,250" oya="0" hai0="107,132,109,101,103,105,23,51,100,98,25,66,83" hai1="43,112,123,27,118,117,61,16,1,116,104,82,28" hai2="75,108,67,74,44,53,95,62,102,99,31,85,40" hai3="56,111,115,4,7,42,121,90,135,17,19,79,70"/><T15/><D132/><U127/><E104/><V59/><F108/><W63/><G70/><T128/><D128/><U14/><E123/><V45/><F31/><W0/><G0/><T6/><D109/><U125/><E1/><V134/><F134/><W24/><G79/><T21/><D66/><U29/><E112/><V20/><F20/><W26/><G42/><T10/><D83/><U78/><E43/><V9/><F9/><W97/><G111/><T11/><D11/><U8/><E61/><V114/><F114/><W33/><G33/><T32/><D51/><U124/><REACH who="1" step="1"/><E27/><REACH who="1" ten="250,240,250,250" step="2"/><V131/><F131/><W126/><G26/><T47/><D107/><U92/><E92/><V106/><F106/><W57/><G24/><T80/><D105/><U129/><E129/><V133/><F133/><W120/><G63/><T110/><D25/><U2/><E2/><V93/><F93/><W86/><G115/><T49/><D110/><U71/><E71/><V18/><F95/><W35/><G120/><T89/><D32/><U113/><E113/><V38/><F40/><W72/><G35/><T130/><D130/><U12/><E12/><V96/><F62/><W64/><G121/><T91/><D15/><U60/><E60/><V41/><F41/><W50/><G135/><T46/><D49/><U54/><E54/><V30/><F53/><W94/><G50/><T65/><D65/><U55/><E55/><V39/><F67/><W81/><G64/><T36/><D36/><U34/><E34/><V52/><F39/><W3/><G3/><T73/><D80/><U76/><E76/><RYUUKYOKU ba="0,1" sc="250,-10,240,30,250,-10,250,-10" hai1="8,14,16,28,29,78,82,116,117,118,124,125,127" /><INIT seed="1,1,1,3,4,39" ten="240,270,240,240" oya="1" hai0="65,40,10,106,70,68,74,128,66,110,108,97,67" hai1="107,44,77,25,114,47,102,81,33,69,125,63,103" hai2="12,90,23,0,57,72,16,112,94,31,80,22,101" hai3="55,120,118,86,27,34,7,9,129,124,133,4,83"/><U85/><E114/><V113/><F0/><W98/><G120/><T52/><D74/><U135/><E135/><V53/><F101/><W29/><G133/><T73/><D73/><U24/><E125/><V88/><F31/><W49/><G124/><T82/><D82/><U76/><E76/><V15/><F23/><W8/><G129/><T122/><D10/><U28/><E25/><V48/><F15/><W126/><G126/><T36/><D97/><N who="1" m="61903" /><E103/><V131/><F131/><W99/><G118/><T117/><D106/><U14/><E14/><V11/><F11/><W6/><G9/><T115/><D128/><U111/><E111/><N who="0" m="42537" /><D115/><N who="2" m="44106" /><F94/><W41/><G8/><T38/><D122/><U60/><E60/><V21/><F21/><W61/><G61/><T79/><D79/><AGARI ba="1,1" hai="12,16,22,48,53,57,72,79,80,88,90" m="44106" machi="79" ten="30,3900,0" yaku="11,1,54,2" doraHai="39" who="2" fromWho="0" sc="240,-42,270,0,240,52,240,0" /><INIT seed="2,0,0,4,1,16" ten="198,270,292,240" oya="2" hai0="71,40,43,1,42,39,56,103,37,50,128,84,23" hai1="121,106,15,113,49,110,60,44,93,91,92,26,123" hai2="35,58,96,102,94,30,76,107,77,10,90,3,132" hai3="7,105,116,46,54,85,79,4,0,55,18,45,62"/><V88/><F132/><W66/><G105/><T120/><D1/><U17/><E113/><V97/><F35/><W108/><G108/><T6/><D6/><U61/><E106/><V130/><F30/><W31/><G31/><T41/><D120/><N who="1" m="46155" /><E26/><V38/><F38/><W131/><G131/><T13/><D128/><U117/><E117/><V47/><F47/><W33/><G33/><T9/><D103/><U21/><E110/><V119/><F130/><W134/><G134/><T78/><D71/><U125/><E125/><V127/><F119/><W100/><G100/><T51/><D9/><U36/><E36/><V99/><F127/><W22/><G0/><T104/><D104/><U82/><E82/><V115/><F115/><W118/><G118/><T27/><D13/><U19/><E17/><V89/><F58/><N who="3" m="37207" /><G116/><T59/><N who="0" m="10240" /><DORA hai="14" /><T52/><D56/><U34/><E34/><V98/><REACH who="2" step="1"/><F107/><REACH who="2" ten="198,270,282,240" step="2"/><W28/><G28/><N who="0" m="17535" /><D37/><U67/><E44/><V64/><F64/><W86/><G46/><T24/><D39/><U122/><E67/><V75/><F75/><W87/><G45/><T129/><D129/><U109/><E122/><V70/><F70/><W32/><G32/><T12/><D59/><U95/><E109/><V80/><F80/><W69/><G69/><T63/><D52/><U29/><E29/><V83/><F83/><N who="3" m="47359" /><G55/><T101/><D50/><U11/><E49/><V65/><F65/><W8/><G54/><T20/><D51/><U114/><E114/><V48/><F48/><W111/><G111/><T73/><D73/><U74/><E74/><V81/><F81/><RYUUKYOKU ba="0,1" sc="198,-10,270,-10,282,30,240,-10" hai2="3,10,76,77,88,89,90,94,96,97,98,99,102" /><INIT seed="2,1,1,1,4,2" ten="188,260,312,230" oya="2" hai0="42,53,23,18,102,121,34,117,71,70,85,91,51" hai1="83,120,84,112,4,56,87,89,65,78,126,75,44" hai2="43,90,39,76,13,60,31,45,40,29,0,79,68" hai3="8,24,80,46,63,116,7,92,10,38,59,94,28"/><V3/><F3/><W108/><G116/><T77/><D121/><U98/><E112/><V113/><F0/><W36/><G108/><T32/><D117/><U122/><E126/><V19/><F113/><W30/><G80/><T41/><D77/><U64/><E4/><V114/><F114/><W26/><G59/><T47/><D102/><U55/><E44/><V20/><F43/><W62/><REACH who="3" step="1"/><G46/><REACH who="3" ten="188,260,312,220" step="2"/><T73/><D47/><U93/><E122/><V103/><F45/><W88/><G88/><T21/><D91/><U49/><E120/><V111/><F90/><W105/><G105/><T110/><D110/><U96/><E75/><V115/><F111/><W52/><G52/><T128/><D70/><U97/><AGARI ba="1,2" hai="49,55,56,64,65,78,83,84,87,89,93,96,97,98" machi="97" ten="30,2000,0" yaku="0,1,8,1" doraHai="2" who="1" fromWho="1" sc="188,-6,260,43,312,-11,220,-6" /><INIT seed="3,0,0,2,2,39" ten="182,303,301,214" oya="3" hai0="131,73,113,122,37,31,30,85,116,15,72,106,92" hai1="22,112,26,69,99,111,87,118,38,66,123,100,21" hai2="57,120,88,77,134,32,84,65,97,68,8,52,101" hai3="54,124,91,135,132,109,23,10,110,107,95,7,80"/><W6/><G107/><T25/><D106/><U108/><E112/><V34/><F134/><N who="3" m="51243" /><G124/><T115/><D37/><U5/><E123/><V75/><F120/><W43/><G80/><T125/><D122/><U130/><E130/><V86/><F68/><W41/><G54/><T83/><D116/><U104/><E118/><V82/><F65/><W105/><G23/><T60/><D131/><U103/><E22/><V47/><F47/><W42/><G105/><T121/><D121/><U2/><E104/><N who="2" m="63535" /><F86/><N who="3" m="52727" /><G6/><T78/><D125/><U79/><E5/><V71/><F71/><W64/><G64/><T13/><D73/><U70/><E69/><V46/><F46/><W126/><G126/><T20/><D31/><U24/><E70/><V9/><F34/><W133/><G133/><T40/><D113/><U114/><E66/><V117/><F32/><W93/><G93/><T18/><D115/><U119/><E21/><V14/><F117/><W61/><G61/><T49/><D30/><U94/><E94/><N who="2" m="54535" /><F14/><AGARI ba="0,0" hai="7,10,14,41,42,43,109,110" m="52727,51243" machi="14" ten="40,12000,1" yaku="20,1,52,3" doraHai="39" who="3" fromWho="2" sc="182,0,303,0,301,-120,214,120" /><INIT seed="3,1,0,1,1,50" ten="182,303,181,334" oya="3" hai0="98,44,53,27,55,51,120,68,122,130,118,52,37" hai1="94,121,16,126,12,132,83,62,90,71,17,103,26" hai2="10,123,13,129,85,34,30,84,15,131,111,125,33" hai3="20,70,36,19,110,8,72,95,69,106,64,4,115"/><W39/><G106/><T49/><D118/><U61/><E121/><N who="0" m="46697" /><D98/><U24/><E132/><V100/><F123/><W113/><G72/><T99/><D99/><U73/><E126/><V134/><F100/><W23/><G95/><T65/><D27/><U79/><E103/><V124/><F111/><W59/><G8/><T107/><D107/><U9/><E71/><V91/><F134/><W7/><G19/><T1/><D1/><U63/><REACH who="1" step="1"/><E17/><REACH who="1" ten="182,293,181,334" step="2"/><V75/><F124/><W32/><G69/><T135/><D135/><U82/><E82/><V112/><F125/><W117/><G70/><T3/><D3/><U56/><E56/><V42/><F112/><W0/><G0/><T127/><D127/><U105/><E105/><V48/><F129/><W133/><G133/><T66/><D130/><U86/><AGARI ba="1,1" hai="9,12,16,24,26,61,62,63,73,79,83,86,90,94" machi="86" ten="30,4000,0" yaku="1,1,0,1,54,1,53,0" doraHai="50" doraHaiUra="47" who="1" fromWho="1" sc="182,-11,293,53,181,-11,334,-21" /><INIT seed="4,0,0,4,2,114" ten="171,346,170,313" oya="0" hai0="94,70,58,106,107,86,14,34,59,89,113,20,16" hai1="48,30,10,49,17,25,33,1,102,2,87,18,38" hai2="95,93,12,111,125,39,126,90,132,6,124,101,135" hai3="67,51,7,8,127,43,82,32,88,129,108,71,122"/><T57/><D113/><U116/><E38/><V115/><F39/><W110/><G32/><T28/><REACH who="0" step="1"/><D70/><REACH who="0" ten="161,346,170,313" step="2"/><U35/><E35/><V60/><F115/><W97/><G71/><T52/><D52/><U4/><E33/><V118/><F124/><W91/><G127/><T120/><D120/><U63/><E2/><V76/><F125/><W9/><G122/><T123/><D123/><U61/><E1/><V134/><F126/><W19/><G110/><T81/><D81/><U11/><E4/><V40/><F111/><W31/><G82/><T79/><D79/><U131/><E131/><V104/><F76/><W0/><G7/><T84/><D84/><U23/><E87/><V130/><F130/><W13/><G0/><T92/><D92/><U119/><E30/><V68/><F95/><W103/><G31/><T99/><D99/><U56/><E56/><V45/><F132/><W44/><G129/><T29/><D29/><U83/><E83/><V73/><F134/><W24/><G97/><T42/><D42/><U62/><E102/><V3/><F3/><W77/><G103/><T64/><D64/><U15/><E18/><V80/><F101/><W55/><G67/><T54/><D54/><U98/><E98/><V117/><F135/><W27/><G55/><T22/><D22/><U72/><E17/><V37/><F6/><N who="3" m="3223" /><G77/><T74/><D74/><U66/><E72/><V109/><F73/><W133/><G133/><T75/><D75/><U65/><E65/><N who="2" m="40999" /><F109/><W41/><G41/><T78/><D78/><U46/><E66/><V21/><F40/><W128/><G43/><RYUUKYOKU ba="0,1" sc="161,30,346,-10,170,-10,313,-10" hai0="14,16,20,28,34,57,58,59,86,89,94,106,107" /><INIT seed="4,1,1,3,5,100" ten="191,336,160,303" oya="0" hai0="28,129,8,114,62,13,68,126,133,88,90,95,79" hai1="87,104,41,33,7,85,115,34,9,86,44,107,108" hai2="4,105,123,71,19,29,49,65,131,120,38,121,58" hai3="92,53,22,125,30,78,20,82,74,47,60,36,99"/><T76/><D114/><U3/><E108/><V42/><F29/><W10/><G125/><T103/><D133/><U51/><REACH who="1" step="1"/><E115/><REACH who="1" ten="191,326,160,303" step="2"/><V57/><F120/><W25/><G10/><T40/><D8/><U69/><E69/><V119/><F71/><W23/><G36/><T67/><D68/><U80/><E80/><V77/><F38/><W124/><G124/><T72/><D126/><U50/><E50/><V102/><F49/><W11/><G11/><T37/><D37/><U66/><E66/><V1/><F65/><W0/><G0/><T24/><D67/><U132/><E132/><V5/><F1/><W59/><G47/><T122/><D122/><U112/><E112/><V109/><F109/><W128/><G128/><T118/><D129/><U83/><E83/><V130/><F123/><W101/><AGARI ba="1,2" hai="20,22,23,25,30,53,59,60,74,78,82,92,99,101" machi="101" ten="20,1500,0" yaku="0,1,7,1" doraHai="100" who="3" fromWho="3" sc="191,-8,326,-5,160,-5,303,38" /><INIT seed="5,0,0,4,4,98" ten="183,321,155,341" oya="1" hai0="63,14,64,120,100,112,107,69,9,84,90,55,53" hai1="1,43,41,35,92,20,127,72,8,18,56,12,48" hai2="130,49,89,80,135,86,26,115,111,79,122,34,28" hai3="85,0,61,36,2,119,67,6,91,19,96,24,21"/><U78/><E127/><V125/><F111/><W101/><G36/><T105/><D112/><U94/><E43/><V93/><F122/><W88/><G119/><T4/><D120/><U58/><E58/><V65/><F125/><W83/><G6/><T71/><D71/><U57/><E57/><V108/><F108/><W54/><G54/><T74/><D74/><U128/><E128/><V39/><F39/><W68/><REACH who="3" step="1"/><G91/><REACH who="3" ten="183,321,155,331" step="2"/><T37/><D37/><U44/><E41/><V124/><F124/><W99/><G99/><T81/><D55/><U103/><E1/><V29/><F130/><W62/><G62/><T40/><D53/><U121/><E121/><V123/><F123/><W109/><G109/><T52/><D40/><U10/><E35/><V104/><F115/><W76/><G76/><T73/><D52/><U45/><E78/><V47/><F79/><W42/><G42/><T30/><D63/><U25/><E72/><V133/><F89/><W70/><G70/><T50/><D73/><U134/><E56/><V5/><F5/><W97/><G97/><T32/><D69/><U16/><E45/><V22/><F47/><W66/><G66/><T15/><D64/><U59/><E59/><V131/><F65/><W113/><G113/><T17/><D50/><U116/><E48/><V46/><F49/><W3/><G3/><T7/><D7/><U75/><E44/><V106/><F46/><W11/><G11/><T118/><D118/><U31/><E10/><V13/><F131/><W23/><G23/><T27/><D9/><U82/><E116/><V110/><F110/><RYUUKYOKU ba="0,1" sc="183,-10,321,-10,155,-10,331,30" hai3="0,2,19,21,24,61,67,68,83,85,88,96,101" /><INIT seed="6,1,1,1,5,112" ten="173,311,145,361" oya="2" hai0="96,100,26,2,65,75,56,9,123,95,13,77,20" hai1="62,99,85,89,15,66,101,52,114,130,74,11,70" hai2="23,91,57,18,10,118,111,12,127,72,133,106,47" hai3="67,44,73,28,79,107,135,8,22,81,6,42,82"/><V128/><F127/><W60/><G107/><T125/><D125/><U40/><E114/><V17/><F128/><W45/><G135/><T115/><D2/><U71/><E130/><V64/><F133/><W105/><G105/><T122/><D115/><U33/><E74/><V120/><F120/><W34/><G81/><T53/><D77/><U113/><E33/><V78/><F106/><W97/><G97/><T30/><D75/><U68/><E40/><V32/><F32/><W5/><G45/><T27/><D27/><U61/><E113/><V92/><F47/><W86/><G6/><T16/><REACH who="0" step="1"/><D65/><REACH who="0" ten="163,311,145,361" step="2"/><U3/><E3/><V90/><F72/><W88/><G67/><T58/><D58/><U69/><E66/><V94/><F78/><W98/><G79/><T87/><D87/><U31/><E85/><N who="2" m="52303" /><F111/><W132/><G86/><T76/><D76/><U43/><E71/><V36/><F36/><W103/><G73/><T37/><D37/><U117/><E70/><V14/><F118/><W21/><G132/><T93/><D93/><U116/><E116/><V41/><F64/><W129/><G129/><T35/><D35/><U134/><E69/><V121/><F121/><W29/><G34/><T63/><AGARI ba="1,2" hai="9,13,16,20,26,30,53,56,63,95,96,100,122,123" machi="63" ten="20,8000,1" yaku="1,1,0,1,7,1,54,1,53,1" doraHai="112" doraHaiUra="50" who="0" fromWho="0" sc="163,103,311,-21,145,-41,361,-21" /><INIT seed="7,0,0,0,3,107" ten="266,290,104,340" oya="3" hai0="11,52,111,5,84,97,68,96,101,81,123,2,69" hai1="3,133,12,130,129,6,27,106,78,83,61,94,131" hai2="95,128,41,116,32,20,48,71,4,120,67,119,124" hai3="132,60,47,98,51,57,91,115,117,135,79,104,39"/><W14/><G39/><T25/><D123/><U125/><E106/><V80/><F20/><W23/><G79/><T92/><D111/><U56/><E3/><V70/><F4/><W15/><G23/><T126/><D126/><U22/><E133/><V45/><F95/><W74/><G91/><T55/><D96/><U108/><E108/><V66/><F80/><W28/><G98/><T44/><D44/><U118/><E118/><V72/><F32/><W21/><G57/><T37/><D37/><U103/><E125/><V16/><F16/><W46/><G60/><T1/><D1/><U99/><E12/><V31/><F31/><W110/><G28/><T64/><D25/><U35/><E6/><V62/><F124/><W93/><G15/><T29/><D29/><U102/><E35/><V114/><F72/><W10/><G74/><T59/><D64/><U38/><E38/><V9/><F9/><W127/><G10/><T85/><D55/><U75/><E94/><V76/><F76/><W18/><G93/><T43/><D43/><U73/><E73/><V26/><F26/><W105/><G105/><T122/><D122/><U40/><E40/><V86/><F120/><W77/><G104/><T121/><D121/><U13/><E13/><V82/><F82/><W100/><G14/><T30/><D30/><N who="1" m="17783" /><E99/><V17/><F86/><W112/><G127/><T58/><D85/><U50/><E50/><V89/><F89/><W19/><G110/><T88/><D59/><U65/><AGARI ba="0,0" hai="56,61,65,75,78,83,102,103,129,130,131" m="17783" machi="65" ten="30,2000,0" yaku="19,1,52,1" doraHai="107" who="1" fromWho="1" sc="266,-5,290,20,104,-5,340,-10" owari="261,-14.0,310,11.0,99,-40.0,330,43.0" /></mjloggm>