<mjloggm ver="2.3"><GO type="41" lobby="0"/><UN n0="%E5%B0%B1%E6%B4%BB%E7%94%9F%40%E5%B7%9D%E6%9D%91%E8%BB%8D%E5%9B%A3" n1="%E3%81%92%E3%82%93%E3%81%8D%E3%81%A1" n2="%E6%AD%A6%E8%94%B5%E3%82%89%E3%82%93%E4%B8%B8" n3="%E3%81%A1%E3%82%87%E3%81%8A%E3%81%BE" dan="17,14,14,14" rate="2145.55,1915.83,2022.84,1929.98" sx="M,M,M,M"/><TAIKYOKU oya="0"/><INIT seed="0,0,0,5,5,28" ten="250,250,250,250" oya="0" hai0="135,12,102,120,49,19,22,37,132,119,128,6,35" hai1="2,40,61,91,72,33,7,24,23,118,129,95,123" hai2="59,98,39,131,67,89,14,5,17,114,111,70,115" hai3="97,127,74,73,75,60,108,43,87,21,117,50,30"/><T20/><D37/><U80/><E118/><V48/><F131/><W4/><G108/><T46/><D119/><U57/><E129/><V77/><F111/><W110/><G127/><T34/><D128/><U83/><E123/><V76/><F39/><W52/><G110/><T86/><D120/><U112/><E112/><V15/><F70/><W16/><G4/><T44/><D6/><U94/><E40/><V130/><F130/><W134/><G43/><T81/><D102/><U101/><E72/><V85/><F5/><W54/><G134/><N who="0" m="51243" /><D22/><U133/><E133/><V125/><F125/><W69/><G30/><T38/><D38/><U105/><E105/><V18/><F98/><W11/><G11/><T26/><D26/><U27/><E2/><V93/><F67/><W107/><G87/><T122/><D122/><U32/><E7/><V116/><F116/><W63/><G117/><T100/><D100/><U36/><E36/><V41/><F115/><W51/><G97/><T82/><D82/><N who="1" m="31275" /><E27/><V65/><F114/><W29/><G29/><T13/><D13/><N who="2" m="4618" /><F65/><W106/><G73/><T79/><D46/><U109/><E109/><V55/><F41/><AGARI ba="0,0" hai="12,19,20,34,35,41,44,49,79,81,86" m="51243" machi="41" ten="30,5800,0" yaku="20,1,52,2" doraHai="28" who="0" fromWho="2" sc="250,58,250,0,250,-58,250,0" /><INIT seed="0,1,0,3,3,14" ten="308,250,192,250" oya="0" hai0="133,30,45,115,114,13,5,73,106,16,104,38,71" hai1="54,25,36,3,27,119,48,15,123,93,88,65,99" hai2="90,59,130,84,32,121,122,17,80,63,75,20,72" hai3="60,100,116,135,64,96,67,125,39,40,89,51,82"/><T118/><D71/><U44/><E119/><V18/><F32/><W33/><G135/><T2/><D118/><U76/><E123/><V108/><F130/><W21/><G125/><T117/><D117/><U58/><E3/><V6/><F6/><W69/><G64/><T41/><D73/><U66/><E76/><V37/><F37/><W74/><G33/><T127/><D127/><U91/><E65/><V53/><F108/><W131/><G131/><T57/><D133/><U120/><E120/><V111/><F111/><W28/><G39/><T29/><D5/><U98/><E15/><V47/><F122/><W0/><G0/><T56/><D2/><U113/><E113/><V79/><F121/><W11/><G11/><T52/><D57/><U22/><E36/><V34/><F34/><W19/><G28/><T112/><D104/><U24/><E22/><V68/><F68/><W86/><G74/><T85/><D85/><U26/><E26/><V42/><F20/><W77/><G77/><T81/><D81/><U126/><E126/><V50/><F72/><W109/><G109/><T129/><D106/><U87/><E91/><V35/><F35/><W103/><G96/><T49/><REACH who="0" step="1"/><D129/><REACH who="0" ten="298,250,192,250" step="2"/><U78/><E78/><V23/><F23/><AGARI ba="1,1" hai="13,16,23,29,30,38,41,45,49,52,56,112,114,115" machi="23" ten="40,18000,2" yaku="1,1,2,1,52,1,54,2,53,1" doraHai="14" doraHaiUra="10" who="0" fromWho="2" sc="298,193,250,0,192,-183,250,0" /><INIT seed="0,2,0,1,1,22" ten="491,250,9,250" oya="0" hai0="78,5,77,111,135,124,14,37,134,120,126,41,48" hai1="85,110,69,133,47,106,68,27,117,17,64,82,123" hai2="109,33,96,0,38,88,15,98,115,24,60,40,7" hai3="76,95,90,105,8,112,13,32,67,61,118,91,122"/><T66/><D37/><U4/><E117/><V54/><F115/><W19/><G112/><T80/><D120/><U73/><E123/><V87/><F109/><W119/><G105/><T116/><D116/><U39/><E110/><V74/><F74/><W53/><G122/><T51/><D111/><U128/><E106/><V72/><F72/><W20/><G32/><T58/><D5/><U129/><E73/><V3/><F15/><W28/><G76/><N who="0" m="29291" /><D14/><U65/><E133/><N who="0" m="50697" /><D80/><U86/><E4/><V11/><F3/><W97/><G53/><T42/><D58/><U84/><E82/><V83/><F33/><W55/><G55/><T127/><D66/><U26/><E65/><V113/><F113/><W10/><G10/><T36/><D36/><U50/><E39/><V103/><F40/><AGARI ba="2,0" hai="40,41,42,48,51,124,126,127" m="50697,29291" machi="40" ten="40,12000,1" yaku="28,2,18,1,20,1" doraHai="22" who="0" fromWho="2" sc="491,126,250,0,9,-126,250,0" owari="617,72.0,250,5.0,-117,-62.0,250,-15.0" /></mjloggm>