<mjloggm ver="2.3"><GO type="97" lobby="0"/><UN n0="%E3%82%A4%E3%82%AB%E5%A8%98" n1="%E2%85%A1%E5%8F%B7" n2="%72%61%72%61%72%61%72%61" n3="%E5%B0%B1%E6%B4%BB%E7%94%9F%40%E5%B7%9D%E6%9D%91%E8%BB%8D%E5%9B%A3" dan="14,15,13,14" rate="1903.72,1997.76,1835.38,1967.74" sx="M,M,M,M"/><TAIKYOKU oya="0"/><INIT seed="0,0,0,4,0,75" ten="250,250,250,250" oya="0" hai0="8,77,2,51,100,31,47,104,5,116,6,33,3" hai1="0,87,133,135,68,63,42,79,23,80,38,121,43" hai2="1,131,18,50,88,35,109,117,64,13,36,14,105" hai3="24,12,27,123,102,28,57,73,32,70,17,67,56"/><T120/><D120/><U96/><E0/><V44/><F105/><W132/><G123/><T29/><D116/><U111/><E111/><V40/><F109/><W114/><G114/><T21/><D100/><U9/><E121/><V48/><F117/><W61/><G132/><N who="1" m="50762" /><E38/><V10/><F35/><W7/><G73/><T22/><D104/><U92/><E9/><V37/><F131/><W124/><G124/><T126/><D51/><U26/><E63/><V54/><F64/><W72/><G72/><T46/><D126/><U58/><E58/><V99/><F1/><W107/><G24/><T95/><D95/><U25/><E26/><V97/><F14/><W115/><G7/><T125/><D125/><U30/><E68/><V78/><F78/><W71/><G71/><T86/><D86/><U16/><E30/><V110/><F110/><W84/><G84/><T52/><D52/><U74/><E74/><V11/><F11/><W41/><G41/><T90/><D8/><U89/><AGARI ba="0,0" hai="16,23,25,42,43,79,80,87,89,92,96" m="50762" machi="89" ten="30,4000,0" yaku="20,1,52,1,54,1" doraHai="75" who="1" fromWho="1" sc="250,-20,250,40,250,-10,250,-10" /><INIT seed="1,0,0,3,2,9" ten="230,290,240,240" oya="1" hai0="135,108,11,41,117,122,94,37,88,87,129,115,65" hai1="85,39,97,119,31,78,53,36,113,111,133,14,58" hai2="22,8,130,66,2,3,91,13,5,103,75,134,104" hai3="67,17,35,50,1,90,101,48,116,45,124,69,93"/><U27/><E113/><V76/><F130/><W127/><G35/><T106/><D117/><U56/><E119/><V62/><F134/><W99/><G116/><T83/><D115/><U28/><E133/><V54/><F76/><W43/><G1/><T64/><D135/><U60/><E97/><V126/><F126/><N who="3" m="48171" /><G50/><T21/><D108/><U51/><E111/><V121/><F121/><W57/><G69/><T52/><D106/><U105/><E105/><V71/><F75/><W12/><G57/><T80/><D129/><U82/><E28/><V102/><F91/><W61/><G61/><T0/><D37/><U110/><E110/><V132/><F132/><W19/><G67/><N who="0" m="25675" /><D0/><U74/><E74/><V38/><F38/><W23/><G19/><T92/><D41/><U114/><E114/><V10/><F10/><W33/><G33/><T118/><D118/><U6/><E36/><V77/><F77/><W131/><G131/><T18/><D11/><N who="1" m="4471" /><E39/><V7/><F7/><W112/><G112/><T79/><D122/><U120/><E120/><V30/><F54/><W125/><N who="3" m="48179" /><W4/><DORA hai="29" /><G4/><T15/><D52/><N who="1" m="33799" /><E31/><V86/><F86/><AGARI ba="0,0" hai="15,18,21,79,80,83,86,87,88,92,94" m="25675" machi="86" ten="30,3900,0" yaku="8,1,52,1,54,1" doraHai="9,29" who="0" fromWho="2" sc="230,39,290,0,240,-39,240,0" /><INIT seed="2,0,0,5,2,22" ten="269,290,201,240" oya="2" hai0="109,58,35,6,11,130,37,96,131,38,120,98,108" hai1="19,80,74,119,55,43,100,82,36,41,53,103,89" hai2="128,86,68,127,118,94,61,76,34,47,27,3,64" hai3="28,111,21,87,52,81,88,113,57,112,134,105,4"/><V107/><F118/><W32/><G105/><T13/><D35/><U1/><E1/><V72/><F107/><W84/><G32/><T115/><D120/><U114/><E74/><V15/><F3/><W9/><G111/><N who="0" m="42571" /><D115/><N who="3" m="44105" /><G134/><T24/><D58/><U70/><E114/><V63/><F127/><W42/><G42/><T93/><D24/><U71/><E36/><N who="0" m="13929" /><D98/><U129/><E19/><V110/><F128/><W132/><G132/><T2/><D2/><U49/><E49/><V51/><F110/><W26/><G84/><T79/><D79/><U125/><E125/><V66/><F15/><W56/><G52/><T17/><D6/><U117/><REACH who="1" step="1"/><E89/><AGARI ba="0,0" hai="11,13,17,89,93,96,130,131" m="13929,42571" machi="89" ten="30,1000,0" yaku="14,1" doraHai="22" who="0" fromWho="1" sc="269,10,290,-10,201,0,240,0" /><INIT seed="3,0,0,3,0,123" ten="279,280,201,240" oya="3" hai0="79,127,95,130,99,6,93,124,32,49,8,0,108" hai1="118,116,117,48,27,68,45,53,7,129,106,13,33" hai2="65,86,88,80,5,85,10,126,92,20,81,41,82" hai3="114,78,43,12,34,77,66,119,52,96,94,113,67"/><W112/><G34/><T37/><D108/><U29/><E106/><V9/><F126/><W18/><G119/><T26/><D37/><U21/><E68/><V71/><F71/><W69/><G43/><T75/><D130/><U63/><E63/><V35/><F35/><W55/><G78/><T131/><D131/><U60/><E60/><V128/><F128/><W51/><G77/><T15/><D0/><U57/><E129/><V125/><F125/><N who="0" m="48202" /><D49/><U133/><E133/><V135/><F135/><W98/><G55/><T101/><D75/><U132/><E132/><V100/><F65/><W109/><G109/><T103/><D79/><U134/><E134/><V24/><F41/><W90/><G69/><T3/><D3/><U4/><E45/><V38/><F38/><W25/><G25/><T121/><D121/><U84/><E84/><V59/><F59/><W61/><G61/><T17/><D6/><U39/><E39/><V36/><F36/><W56/><REACH who="3" step="1"/><G98/><REACH who="3" ten="279,280,201,230" step="2"/><N who="0" m="59599" /><D32/><U105/><E105/><V87/><F100/><W76/><G76/><T40/><D40/><U97/><E97/><N who="2" m="57479" /><F5/><W58/><G58/><T91/><D26/><U89/><E89/><AGARI ba="0,1" hai="8,15,17,89,91,95,99,103" m="59599,48202" machi="89" ten="30,1000,0" yaku="18,1" doraHai="123" who="0" fromWho="1" sc="279,20,280,-10,201,0,230,0" /><INIT seed="4,0,0,5,1,64" ten="299,270,201,230" oya="0" hai0="117,69,110,41,100,39,38,121,15,101,71,131,113" hai1="68,130,35,118,83,14,116,90,134,24,82,10,11" hai2="84,109,127,129,89,36,26,111,53,29,88,8,45" hai3="3,30,56,49,79,98,114,42,106,48,72,40,126"/><T12/><D117/><U67/><E134/><V51/><F127/><W123/><G3/><T115/><D121/><U58/><E130/><V9/><F129/><W19/><G114/><N who="0" m="43531" /><D110/><U65/><E35/><V50/><F36/><N who="0" m="13866" /><D41/><U107/><E24/><V22/><F89/><W25/><G79/><T18/><D131/><U124/><E124/><V44/><F109/><W103/><G72/><T37/><D37/><U122/><E122/><V7/><F7/><W128/><G128/><T2/><D2/><U96/><E107/><V99/><F99/><W76/><G76/><T46/><D46/><U52/><E96/><V94/><REACH who="2" step="1"/><F111/><REACH who="2" ten="299,270,191,230" step="2"/><W1/><G126/><T87/><D101/><U13/><E90/><V55/><AGARI ba="0,1" hai="8,9,22,26,29,44,45,50,51,53,55,84,88,94" machi="55" ten="20,16000,3" yaku="1,1,2,1,0,1,7,1,9,1,8,1,54,1,53,1" doraHai="64" doraHaiUra="16" who="2" fromWho="2" sc="299,-80,270,-40,191,170,230,-40" owari="219,-18.0,230,3.0,361,46.0,190,-31.0" /></mjloggm>