<mjloggm ver="2.3"><GO type="97" lobby="0"/><UN n0="%E5%B0%B1%E6%B4%BB%E7%94%9F%40%E5%B7%9D%E6%9D%91%E8%BB%8D%E5%9B%A3" n1="%53%68%69%67%65%7A%6F" n2="%E3%83%AC%E3%82%A4%E2%98%85" n3="%E5%8F%8B%47%46%49" dan="14,14,13,15" rate="1938.06,1900.91,1822.00,2030.33" sx="M,M,M,M"/><TAIKYOKU oya="0"/><INIT seed="0,0,0,0,0,103" ten="250,250,250,250" oya="0" hai0="98,37,16,59,67,120,8,117,95,47,73,124,109" hai1="135,102,31,129,107,43,112,84,92,128,34,5,106" hai2="131,7,48,10,114,105,30,18,119,74,2,51,62" hai3="83,41,118,46,0,80,60,29,3,96,126,64,134"/><T42/><BYE who="1" /><D120/><U44/><E44/><V132/><F114/><W56/><G118/><T36/><D117/><U75/><E75/><V57/><F119/><W69/><G126/><T104/><D73/><U113/><E113/><V58/><F74/><W94/><G134/><T1/><D124/><U4/><E4/><V88/><F132/><W14/><G69/><T100/><D109/><U111/><E111/><V61/><F131/><W13/><G29/><T26/><D37/><U68/><E68/><V81/><F105/><W86/><G3/><T50/><D1/><U123/><E123/><V71/><F71/><UN n1="%53%68%69%67%65%7A%6F" /><W52/><G64/><T17/><D104/><N who="1" m="39979" /><E5/><V40/><F30/><W125/><G0/><T82/><D82/><U122/><E135/><V22/><F40/><W78/><G83/><T72/><D72/><U108/><E108/><V38/><F38/><W54/><G54/><T21/><D36/><U45/><E122/><V33/><F33/><W121/><G121/><T65/><REACH who="0" step="1"/><D59/><REACH who="0" ten="240,250,250,250" step="2"/><U116/><E116/><V133/><F58/><W32/><G125/><T9/><D9/><U53/><E112/><V99/><F133/><W89/><REACH who="3" step="1"/><G32/><REACH who="3" ten="240,250,250,240" step="2"/><T15/><AGARI ba="0,2" hai="8,15,16,17,21,26,42,47,50,65,67,95,98,100" machi="15" ten="30,11700,0" yaku="1,1,0,1,8,1,54,1,53,0" doraHai="103" doraHaiUra="110" who="0" fromWho="0" sc="240,137,250,-39,250,-39,240,-39" /><INIT seed="0,1,0,5,3,109" ten="377,211,211,201" oya="0" hai0="132,27,134,9,79,107,19,125,118,87,119,39,98" hai1="121,114,20,133,94,24,46,89,50,86,70,28,80" hai2="113,120,123,56,35,14,5,36,47,43,76,108,23" hai3="4,17,135,112,110,15,102,16,91,52,29,54,33"/><T34/><D39/><U42/><E121/><V6/><F35/><W77/><G110/><T53/><D107/><U44/><E133/><N who="0" m="51305" /><D98/><U90/><E70/><V130/><F108/><W51/><G135/><T12/><D79/><U101/><E101/><V63/><F130/><W93/><G102/><T69/><D87/><U68/><E68/><V83/><F5/><W45/><G77/><T49/><D69/><U2/><E2/><V81/><F81/><W8/><G112/><T65/><D65/><U103/><E103/><V84/><F113/><W82/><G82/><T11/><D53/><U37/><E37/><V64/><REACH who="2" step="1"/><F6/><REACH who="2" ten="377,211,201,201" step="2"/><W99/><REACH who="3" step="1"/><G54/><REACH who="3" ten="377,211,201,191" step="2"/><T124/><D118/><U115/><REACH who="1" step="1"/><E44/><REACH who="1" ten="377,201,201,191" step="2"/><V59/><F59/><W71/><G71/><T61/><D119/><U18/><E18/><AGARI ba="1,3" hai="14,18,23,36,43,47,56,63,64,76,83,84,120,123" machi="18" ten="40,2600,0" yaku="1,1,53,1" doraHai="109" doraHaiUra="40" who="2" fromWho="1" sc="377,0,201,-29,201,59,191,0" /><INIT seed="1,0,0,1,2,26" ten="377,172,260,191" oya="1" hai0="18,48,5,53,77,3,6,102,99,31,111,89,91" hai1="42,19,33,84,8,112,130,94,25,67,11,133,127" hai2="114,50,46,73,69,47,135,14,9,30,80,119,90" hai3="34,36,128,17,85,104,16,45,58,126,110,10,134"/><U97/><E112/><V81/><F119/><W4/><G104/><T70/><D111/><U95/><E42/><V75/><F114/><W107/><G107/><T7/><D70/><U28/><E127/><V38/><F69/><W39/><G34/><T74/><D3/><U43/><E43/><V79/><F135/><W121/><G121/><T120/><D31/><U40/><E40/><V15/><F38/><W22/><G45/><T124/><D124/><U21/><E133/><V108/><F108/><W51/><G126/><T103/><D120/><U115/><E115/><V72/><F90/><W82/><G134/><T105/><D103/><U37/><E37/><V55/><F30/><W86/><G110/><T113/><D113/><U49/><E49/><V116/><F116/><W24/><G128/><T118/><D118/><U64/><E130/><V63/><F63/><W87/><G17/><T123/><D123/><U101/><E11/><V117/><F117/><W41/><G41/><T62/><D62/><U131/><E131/><V35/><F35/><W100/><G100/><T76/><D74/><U13/><E33/><V20/><F20/><W78/><G39/><T52/><D53/><U56/><E56/><V1/><F1/><N who="3" m="271" /><G36/><T2/><D2/><U92/><REACH who="1" step="1"/><E84/><REACH who="1" ten="377,162,260,191" step="2"/><V65/><F46/><W83/><G58/><T61/><D48/><U106/><AGARI ba="0,1" hai="8,13,19,21,25,28,64,67,92,94,95,97,101,106" machi="106" ten="30,18000,2" yaku="1,1,2,1,0,1,52,1,53,2" doraHai="26" doraHaiUra="60" who="1" fromWho="1" sc="377,-60,162,190,260,-60,191,-60" /><INIT seed="1,1,0,0,5,48" ten="317,352,200,131" oya="1" hai0="52,133,126,33,104,6,122,16,127,94,113,70,131" hai1="41,45,134,65,91,107,9,89,56,116,61,22,2" hai2="0,97,39,15,98,24,96,108,19,77,123,69,135" hai3="101,12,49,55,43,121,13,93,105,3,100,110,63"/><U111/><E116/><V27/><F0/><W86/><G3/><T72/><D104/><U119/><E119/><V26/><F123/><W29/><G121/><T10/><D70/><U18/><E107/><V25/><F39/><W87/><G110/><T23/><D72/><U67/><E67/><V51/><F108/><W60/><G105/><T5/><D33/><U38/><E111/><V84/><F135/><W92/><G43/><T32/><D32/><U30/><E30/><V81/><F69/><W112/><G29/><T117/><D122/><U109/><E134/><V54/><N who="2" m="6656" /><DORA hai="103" /><V102/><F15/><W129/><G49/><T83/><D83/><U68/><E109/><V118/><F19/><W37/><G37/><T17/><D133/><U44/><E44/><V76/><F118/><W40/><G40/><T53/><D117/><U21/><E21/><V115/><F115/><W90/><G112/><T64/><D131/><U130/><E130/><V80/><F102/><W124/><G129/><T20/><D113/><U28/><E28/><V74/><REACH who="2" step="1"/><F98/><REACH who="2" ten="317,352,190,131" step="2"/><W66/><G124/><T59/><D10/><U47/><E9/><V88/><F88/><W62/><G90/><T114/><D114/><U73/><E2/><V11/><F11/><W42/><G101/><T35/><D127/><U82/><E91/><V71/><F71/><W4/><G100/><T75/><D126/><U128/><E89/><V34/><F34/><W57/><G13/><T58/><D35/><U50/><E128/><V95/><F95/><W106/><G12/><T125/><D94/><U7/><E68/><RYUUKYOKU ba="1,1" sc="317,-10,352,-10,190,30,131,-10" hai2="51,54,74,76,77,80,81,84,96,97" /><INIT seed="2,2,1,0,5,83" ten="307,342,220,121" oya="2" hai0="117,94,25,69,128,79,127,85,58,129,72,101,96" hai1="50,133,134,64,46,10,135,5,89,132,126,105,3" hai2="57,130,34,122,27,78,120,11,71,62,63,114,38" hai3="98,109,111,2,70,76,116,32,9,59,97,40,8"/><V36/><F34/><W31/><G70/><T0/><D69/><U104/><E126/><V108/><F27/><N who="3" m="18559" /><G116/><T1/><D72/><U74/><N who="1" m="34304" /><DORA hai="49" /><U41/><E74/><V107/><F11/><N who="3" m="4171" /><G2/><T75/><D127/><U19/><E19/><V35/><F35/><W123/><G123/><N who="2" m="47145" /><F107/><W115/><G40/><T82/><D117/><U6/><E6/><V21/><F21/><W43/><G43/><T20/><D58/><U55/><E64/><N who="2" m="38991" /><F78/><W22/><G22/><T125/><D125/><U29/><E29/><V131/><F114/><W45/><G45/><T93/><D1/><U24/><E24/><V99/><F108/><N who="3" m="41547" /><G76/><T60/><D0/><U77/><E77/><V26/><F99/><W121/><G121/><T86/><D20/><U100/><E100/><V42/><F26/><W47/><G47/><T88/><D25/><U65/><E65/><N who="2" m="41407" /><F42/><W37/><G115/><T30/><D30/><U7/><E7/><V113/><F113/><W14/><G14/><T4/><D4/><U54/><E89/><V102/><F102/><W118/><G118/><T15/><D15/><U103/><E103/><V73/><F73/><W13/><G13/><T12/><D12/><U110/><E110/><V92/><F92/><W56/><G98/><T52/><D75/><U81/><E81/><V95/><F95/><W106/><G97/><T87/><D87/><U44/><E41/><V67/><F67/><W124/><G106/><T68/><D68/><U33/><E33/><V66/><F66/><W51/><G124/><T80/><D94/><U112/><E112/><V39/><AGARI ba="2,1" hai="36,38,39,130,131" m="41407,38991,47145" machi="39" ten="40,7800,0" yaku="5,1,34,2" doraHai="83,49" who="2" fromWho="2" sc="307,-28,342,-28,220,94,121,-28" /><INIT seed="2,3,0,1,4,56" ten="279,314,314,93" oya="2" hai0="71,67,74,36,3,44,105,114,73,55,110,100,92" hai1="131,84,121,34,70,31,23,79,99,88,46,7,107" hai2="6,108,90,83,39,57,62,20,1,38,47,101,51" hai3="26,49,64,72,124,96,50,8,135,43,111,80,22"/><V93/><F108/><W127/><G111/><T30/><D114/><U59/><E131/><V122/><F122/><W128/><G8/><T68/><D110/><U82/><E7/><V106/><F106/><W91/><G72/><T11/><D30/><U66/><E46/><V5/><F1/><W125/><G43/><T40/><D105/><U18/><E70/><V78/><F101/><W65/><G128/><T117/><D117/><U4/><E4/><V87/><F38/><W42/><G135/><T86/><D55/><U54/><E66/><N who="3" m="25706" /><G42/><T81/><D3/><U9/><E34/><V120/><F39/><W2/><G2/><T41/><D41/><U76/><E107/><V69/><F69/><W112/><G112/><T109/><D109/><U10/><E99/><N who="2" m="57783" /><F20/><W104/><G104/><T0/><D0/><U97/><E121/><V48/><F120/><W27/><G27/><T28/><D11/><N who="1" m="4107" /><E97/><V102/><F51/><W123/><G123/><T63/><D71/><U75/><E31/><V77/><F102/><W61/><G61/><T12/><D28/><U134/><E134/><V132/><F132/><W35/><G35/><T13/><D74/><U29/><E29/><V133/><F133/><W24/><G24/><T115/><D73/><U19/><E75/><V33/><F33/><W94/><G80/><T52/><D115/><U119/><E119/><V60/><F77/><N who="1" m="29769" /><E23/><V113/><F113/><W89/><G89/><T45/><D81/><U130/><E130/><V129/><F129/><W118/><G118/><T58/><D68/><U25/><E25/><V95/><F57/><RYUUKYOKU ba="3,0" sc="279,-15,314,15,314,-15,93,15" hai1="18,19,54,59,82,84,88" hai3="22,26,49,50,91,94,96,124,125,127" /><INIT seed="3,4,0,4,4,88" ten="264,329,299,108" oya="3" hai0="30,129,109,112,57,120,32,6,93,134,36,28,106" hai1="37,85,52,13,82,12,135,56,17,11,121,22,4" hai2="114,23,91,73,24,113,20,77,98,76,43,67,97" hai3="55,2,128,126,42,100,99,110,3,87,29,0,72"/><W61/><G72/><T40/><D106/><U14/><E37/><V69/><F43/><W95/><G126/><T70/><D70/><U94/><E94/><V75/><F67/><W19/><G128/><T45/><D120/><U123/><E135/><V5/><F69/><W107/><G110/><T54/><D134/><U58/><E58/><V116/><F5/><W81/><G42/><T46/><D129/><U90/><E14/><V104/><F116/><W125/><G125/><T80/><D109/><U65/><E65/><V102/><F24/><W7/><G29/><T96/><D112/><N who="2" m="43114" /><F23/><W33/><G33/><T9/><D80/><U115/><E115/><V38/><F20/><W59/><G19/><T71/><D46/><U101/><E101/><V84/><F38/><W64/><G64/><T53/><D71/><U131/><E131/><V108/><F108/><W21/><G21/><T47/><D47/><U48/><AGARI ba="4,0" hai="4,11,12,13,17,22,48,52,56,82,85,90,121,123" machi="48" ten="20,2700,0" yaku="0,1,7,1,54,1" doraHai="88" who="1" fromWho="1" sc="264,-11,329,39,299,-11,108,-17" owari="253,-15.0,368,47.0,288,9.0,91,-41.0" /></mjloggm>