<mjloggm ver="2.3"><GO type="169" lobby="0"/><UN n0="%E6%88%B8%E6%84%9A%E5%91%82%E3%83%BB%E5%A7%89" n1="%E9%9B%80%E6%97%A5%E9%80%A3%E7%99%BD%E6%B3%A2%E7%80%AC" n2="%74%61%6E%61%4B%61" n3="%E5%B0%B1%E6%B4%BB%E7%94%9F%40%E5%B7%9D%E6%9D%91%E8%BB%8D%E5%9B%A3" dan="16,16,16,16" rate="2068.08,2157.41,2096.60,2112.15" sx="M,M,M,M"/><TAIKYOKU oya="0"/><INIT seed="0,0,0,5,3,130" ten="250,250,250,250" oya="0" hai0="67,20,99,135,117,89,60,69,87,6,71,32,24" hai1="59,113,53,50,28,103,62,0,30,2,115,131,66" hai2="8,104,38,111,120,64,48,101,86,85,134,40,105" hai3="96,5,73,116,45,124,128,52,76,46,77,47,13"/><T68/><D117/><U79/><E131/><V55/><F120/><W10/><G128/><T102/><D32/><U12/><E12/><V16/><F64/><W34/><G116/><T122/><D6/><U44/><E79/><V83/><F111/><W61/><G124/><T19/><D135/><U29/><REACH who="1" step="1"/><E103/><REACH who="1" ten="250,240,250,250" step="2"/><V123/><F101/><W58/><G73/><T80/><REACH who="0" step="1"/><D122/><REACH who="0" ten="240,240,250,250" step="2"/><U95/><E95/><AGARI ba="0,2" hai="19,20,24,60,67,68,69,71,80,87,89,95,99,102" machi="95" ten="30,11600,0" yaku="1,1,2,1,7,1,53,1" doraHai="130" doraHaiUra="17" who="0" fromWho="1" sc="240,136,240,-116,250,0,250,0" /><INIT seed="0,1,0,2,5,63" ten="376,124,250,250" oya="0" hai0="119,92,96,56,2,38,127,125,97,43,41,80,86" hai1="45,39,62,48,75,118,6,14,12,88,109,54,58" hai2="134,69,124,101,24,16,20,3,37,98,78,67,100" hai3="53,26,51,27,90,4,87,106,133,83,94,57,116"/><T42/><D119/><U5/><E118/><V25/><F3/><W64/><G106/><T9/><D56/><U79/><E109/><V22/><F37/><W60/><G133/><T117/><D117/><U120/><E120/><V107/><F134/><W44/><G4/><N who="0" m="1175" /><D38/><U108/><E108/><V128/><F128/><W85/><REACH who="3" step="1"/><G116/><REACH who="3" ten="376,124,250,240" step="2"/><T76/><D92/><U72/><E39/><V13/><F107/><W0/><G0/><T110/><D110/><U84/><E5/><V103/><F124/><AGARI ba="1,1" hai="41,42,43,76,80,86,96,97,124,125,127" m="1175" machi="124" ten="30,1500,0" yaku="18,1" doraHai="63" who="0" fromWho="2" sc="376,28,124,0,250,-18,240,0" /><INIT seed="0,2,0,3,1,90" ten="404,124,232,240" oya="0" hai0="103,5,40,74,49,134,132,36,47,25,26,41,66" hai1="108,29,10,62,22,130,115,100,0,67,72,81,44" hai2="119,135,78,15,124,79,75,6,120,52,123,38,104" hai3="122,98,23,110,48,61,131,30,126,113,88,68,94"/><T89/><D74/><U19/><E108/><V3/><F3/><W53/><G113/><T83/><D103/><U121/><E121/><V21/><F38/><W116/><G110/><T96/><D66/><U16/><E115/><V87/><F75/><W76/><G122/><T99/><D5/><U129/><E44/><V32/><F32/><W128/><G76/><T20/><D36/><U112/><E112/><V46/><F104/><W69/><G126/><T85/><D40/><U125/><E125/><V101/><F124/><W45/><G116/><T37/><D37/><U13/><E29/><V106/><F119/><W2/><G2/><T18/><REACH who="0" step="1"/><D26/><REACH who="0" ten="394,124,232,240" step="2"/><U27/><E0/><V84/><F101/><W34/><G34/><T8/><D8/><U56/><REACH who="1" step="1"/><E100/><REACH who="1" ten="394,114,232,240" step="2"/><V95/><F120/><W109/><G109/><T50/><D50/><U127/><E127/><V59/><F123/><W12/><G48/><T102/><D102/><U7/><E7/><V82/><F6/><W1/><G1/><T114/><D114/><U118/><E118/><V28/><F106/><W117/><G117/><T60/><D60/><U77/><AGARI ba="2,2" hai="10,13,16,19,22,27,56,62,67,72,77,81,129,130" machi="77" ten="30,7900,0" yaku="1,1,0,1,54,1,53,1" doraHai="90" doraHaiUra="54" who="1" fromWho="1" sc="394,-41,114,105,232,-22,240,-22" /><INIT seed="1,0,0,1,2,38" ten="353,219,210,218" oya="1" hai0="134,128,77,33,39,53,99,65,107,104,15,114,79" hai1="21,75,105,36,17,121,74,115,81,13,130,63,31" hai2="14,50,30,85,24,96,60,28,32,18,94,7,118" hai3="78,125,34,68,119,22,124,1,109,89,98,80,132"/><U10/><E121/><V117/><F30/><W69/><G34/><T16/><D114/><U84/><E115/><V20/><F85/><W5/><G5/><T55/><D33/><U92/><E105/><V91/><F60/><W70/><G1/><T100/><D107/><U40/><E130/><V47/><REACH who="2" step="1"/><F7/><REACH who="2" ten="353,219,200,218" step="2"/><W56/><G119/><T25/><D128/><U46/><E63/><V106/><F106/><W59/><G109/><T87/><D104/><U57/><E92/><V133/><F133/><W73/><G132/><T86/><D87/><U49/><E31/><V27/><F27/><W26/><G124/><T58/><D25/><U83/><E83/><V62/><F62/><W51/><G125/><T101/><D86/><U82/><E82/><V110/><F110/><W29/><G51/><T8/><D134/><U41/><E74/><V3/><F3/><W0/><G0/><T129/><D129/><U131/><E75/><V111/><F111/><W97/><G97/><T54/><D99/><U45/><E131/><V123/><F123/><W64/><G64/><T71/><D39/><U90/><REACH who="1" step="1"/><E57/><REACH who="1" ten="353,209,200,218" step="2"/><V52/><AGARI ba="0,2" hai="14,18,20,24,28,32,47,50,52,91,94,96,117,118" machi="52" ten="20,8000,1" yaku="1,1,0,1,7,1,54,1,53,1" doraHai="38" doraHaiUra="11" who="2" fromWho="2" sc="353,-20,209,-40,200,100,218,-20" /><INIT seed="2,0,0,4,2,134" ten="333,169,300,198" oya="2" hai0="7,20,41,29,135,69,87,53,75,59,22,39,88" hai1="65,105,1,90,55,133,31,119,98,96,112,9,60" hai2="50,37,123,18,54,42,82,122,132,33,103,81,6" hai3="17,101,0,94,86,19,118,91,85,48,66,97,15"/><V30/><F132/><W73/><G0/><T35/><D135/><U110/><E133/><V117/><F117/><W111/><G73/><T131/><D75/><U8/><E119/><V11/><F103/><W4/><G111/><T129/><D69/><U95/><E110/><V104/><F104/><W92/><G118/><T89/><D7/><U130/><E112/><V114/><F114/><W34/><G34/><T45/><D35/><U77/><E130/><N who="0" m="49673" /><D29/><U78/><E55/><V71/><F71/><W120/><G120/><T58/><D58/><U3/><E31/><V24/><F18/><W64/><G85/><T12/><D12/><U72/><E3/><V23/><F33/><W67/><REACH who="3" step="1"/><G48/><REACH who="3" ten="333,169,300,188" step="2"/><N who="0" m="31143" /><D89/><U36/><E1/><V68/><F123/><W121/><G121/><T51/><D51/><U70/><E36/><V56/><F37/><W57/><G57/><T113/><D113/><U107/><E72/><V115/><F115/><W49/><G49/><T126/><D88/><U127/><E90/><V44/><F68/><W2/><G2/><T128/><D87/><U74/><E74/><V38/><F122/><W16/><G16/><T10/><D128/><U46/><E70/><V13/><AGARI ba="0,1" hai="6,11,13,23,24,30,38,42,44,50,54,56,81,82" machi="13" ten="20,2100,0" yaku="0,1,7,1" doraHai="134" who="2" fromWho="2" sc="333,-7,169,-7,300,31,188,-7" /><INIT seed="2,1,0,0,2,47" ten="326,162,331,181" oya="2" hai0="46,59,16,7,131,94,134,116,123,6,27,70,81" hai1="21,126,25,111,31,60,45,12,92,87,68,32,119" hai2="77,120,85,128,117,133,108,93,99,74,42,64,124" hai3="110,127,102,121,38,109,114,10,125,135,40,98,101"/><V18/><F120/><W13/><G38/><T79/><D123/><U41/><E119/><V34/><F117/><W95/><G40/><T22/><D116/><U44/><E111/><N who="3" m="42506" /><G121/><T113/><D70/><U54/><E126/><N who="3" m="48138" /><G135/><T1/><D113/><U84/><E32/><V15/><F42/><W104/><G114/><T105/><D105/><U33/><E33/><V26/><F133/><W17/><G104/><T103/><D1/><U19/><E68/><V57/><F124/><W24/><G24/><T56/><D131/><U50/><E60/><V112/><F128/><W96/><G96/><N who="0" m="59799" /><D46/><U0/><E0/><V55/><F112/><W51/><G51/><T58/><D134/><U69/><E69/><V5/><F99/><W48/><G48/><T14/><D27/><U35/><REACH who="1" step="1"/><E92/><REACH who="1" ten="326,152,331,181" step="2"/><V122/><F93/><W97/><G97/><T72/><D81/><U78/><E78/><V8/><F77/><W37/><G37/><AGARI ba="1,1" hai="12,19,21,25,31,35,37,41,44,45,50,54,84,87" machi="37" ten="30,3900,0" yaku="1,1,7,1,52,1,53,0" doraHai="47" doraHaiUra="62" who="1" fromWho="3" sc="326,0,152,52,331,0,181,-42" /><INIT seed="3,0,0,1,1,116" ten="326,204,331,139" oya="3" hai0="38,129,91,40,39,119,106,125,95,120,86,101,10" hai1="112,107,85,28,12,17,20,11,57,37,22,80,49" hai2="4,104,98,89,96,62,77,30,65,54,16,56,130" hai3="115,121,108,25,45,43,26,118,133,105,58,81,102"/><W46/><G118/><T59/><D120/><U64/><E112/><V55/><F130/><W5/><G115/><T60/><D119/><U69/><E37/><V6/><F77/><W103/><G133/><T127/><D129/><U50/><E107/><V42/><F30/><W8/><G108/><T135/><D135/><U52/><E69/><V15/><F42/><W41/><G81/><T111/><D111/><U123/><E123/><V126/><F126/><N who="0" m="48138" /><D40/><U114/><E114/><V14/><F104/><W29/><G105/><T2/><D2/><U24/><E64/><V67/><F67/><W53/><G8/><T97/><D10/><U7/><E50/><V99/><F14/><W18/><G18/><T90/><D91/><U110/><E110/><V84/><F6/><W19/><G19/><T9/><D9/><U48/><E48/><V134/><F4/><W83/><G5/><T35/><D35/><U124/><E124/><V82/><F134/><W78/><G29/><T31/><D31/><U3/><E20/><AGARI ba="0,0" hai="15,16,20,54,55,56,62,65,82,84,89,96,98,99" machi="20" ten="40,2600,0" yaku="8,1,54,1" doraHai="116" who="2" fromWho="1" sc="326,0,204,-26,331,26,139,0" /><INIT seed="4,0,0,3,0,92" ten="326,178,357,139" oya="0" hai0="90,87,22,25,13,51,125,69,32,133,70,55,114" hai1="83,105,9,60,120,67,126,111,35,122,37,127,3" hai2="119,28,118,75,123,88,44,39,43,2,107,59,8" hai3="6,12,30,81,135,104,73,94,14,124,132,72,66"/><T62/><D114/><U128/><E37/><V116/><F123/><W134/><G104/><T16/><D125/><N who="1" m="47627" /><E111/><V93/><F107/><W68/><G124/><T65/><D133/><U7/><E105/><V89/><F28/><W40/><G40/><T21/><D69/><N who="1" m="42215" /><E128/><V96/><F75/><W26/><G94/><T34/><D22/><U20/><E35/><V98/><F59/><W17/><G6/><T108/><D25/><U71/><E71/><V48/><F39/><W19/><G66/><T15/><D15/><N who="3" m="5673" /><G68/><T47/><REACH who="0" step="1"/><D108/><REACH who="0" ten="316,178,357,139" step="2"/><U77/><E20/><V99/><F93/><AGARI ba="0,1" hai="13,16,21,32,34,47,51,55,62,65,70,87,90,93" machi="93" ten="30,11600,0" yaku="1,1,2,1,7,1,54,1,53,0" doraHai="92" doraHaiUra="54" who="0" fromWho="2" sc="316,126,178,0,357,-116,139,0" /><INIT seed="4,1,0,4,0,4" ten="442,178,241,139" oya="0" hai0="17,10,134,71,3,124,54,76,85,105,41,122,88" hai1="29,20,19,118,27,1,112,106,11,57,120,42,79" hai2="83,96,121,5,12,90,9,135,103,81,31,97,109" hai3="116,93,13,46,128,132,33,7,56,58,66,110,47"/><T82/><D122/><U8/><E118/><V24/><F109/><W14/><G33/><T102/><D71/><U69/><E69/><V40/><F121/><W104/><G104/><T45/><D54/><U92/><E106/><V89/><F135/><W15/><G110/><T117/><D117/><U107/><E107/><V34/><F40/><W91/><G132/><T60/><D60/><U86/><E120/><V52/><F52/><W59/><G116/><T68/><D68/><U113/><E1/><V123/><F123/><W127/><G127/><T0/><D134/><U78/><E42/><V21/><F34/><W28/><G28/><T125/><D102/><U131/><E131/><V35/><F35/><W114/><G114/><N who="1" m="44138" /><E57/><V80/><REACH who="2" step="1"/><F103/><REACH who="2" ten="442,178,231,139" step="2"/><W36/><G36/><N who="0" m="21671" /><D125/><U48/><E48/><V70/><F70/><W26/><G128/><T38/><D38/><U129/><E129/><V22/><F22/><W74/><G66/><T32/><D32/><U55/><E55/><V75/><F75/><W98/><G74/><T65/><D124/><U72/><E72/><V50/><F50/><W51/><G46/><T133/><D65/><U30/><E79/><V61/><F61/><W2/><G51/><T99/><D76/><U126/><E126/><V25/><F25/><W87/><G47/><T18/><D133/><U43/><E43/><V67/><F67/><W77/><G26/><T119/><D119/><U62/><E62/><V16/><F16/><W130/><G130/><T111/><D17/><U101/><E78/><V23/><F23/><W95/><G77/><T64/><D111/><RYUUKYOKU ba="1,1" sc="442,-10,178,-10,231,30,139,-10" hai2="5,9,12,21,24,31,80,81,83,89,90,96,97" /><INIT seed="5,2,1,1,2,52" ten="432,168,261,129" oya="1" hai0="63,112,19,73,41,117,6,60,84,64,35,9,13" hai1="130,123,1,105,80,82,49,111,119,56,20,43,51" hai2="53,127,102,83,55,75,131,113,100,85,58,30,34" hai3="31,76,101,3,42,18,33,72,78,115,48,68,0"/><U129/><E123/><V47/><F75/><W26/><G68/><T27/><D73/><U25/><E119/><V7/><F131/><N who="1" m="50185" /><E1/><V8/><F127/><W92/><G115/><T120/><D112/><U24/><E105/><V128/><F128/><W133/><G133/><T71/><D117/><U86/><E111/><V74/><F74/><W132/><G132/><T95/><D41/><U2/><E2/><V114/><F114/><W69/><G69/><T61/><D6/><U40/><E25/><V28/><F113/><W125/><G125/><T124/><D124/><U32/><E32/><V134/><F47/><W107/><G107/><T66/><D71/><U70/><E70/><V10/><F53/><W59/><G3/><T46/><D46/><U57/><E82/><V94/><F34/><W118/><G0/><T90/><D120/><U104/><E104/><V21/><F94/><W121/><G121/><T98/><D35/><U108/><E108/><V45/><F45/><W38/><G38/><T23/><D27/><U44/><E49/><V122/><F122/><W103/><G72/><T62/><D95/><U37/><E37/><V65/><F83/><W5/><G118/><T67/><D66/><U96/><E96/><V39/><F65/><W135/><G135/><T97/><D67/><U36/><E43/><V16/><F39/><W50/><G33/><T91/><D97/><U79/><E36/><V88/><F134/><W81/><G42/><T110/><D98/><U116/><E116/><V99/><F99/><W77/><G81/><T11/><D110/><U109/><E109/><RYUUKYOKU ba="2,1" sc="432,-10,168,30,261,-10,129,-10" hai1="20,24,40,44,51,56,57,79,80,86" /><INIT seed="5,3,1,0,4,44" ten="422,198,251,119" oya="1" hai0="79,120,49,12,65,57,134,17,78,112,35,52,15" hai1="4,6,31,55,60,40,128,82,23,39,113,18,45" hai2="130,98,111,93,53,0,83,70,115,36,71,9,5" hai3="13,126,19,109,88,132,26,85,72,25,43,129,41"/><U103/><E31/><V50/><F111/><W124/><G72/><T97/><D35/><U117/><E117/><V123/><F123/><W63/><G109/><T28/><D112/><U91/><E113/><V32/><F32/><W48/><G129/><T131/><D131/><U118/><E118/><V33/><F130/><W68/><G132/><T100/><D134/><U29/><E29/><V64/><F33/><W84/><G68/><T21/><D120/><U30/><E30/><V102/><F36/><W54/><G63/><N who="0" m="38127" /><D28/><U59/><E128/><V67/><F115/><W20/><G85/><T27/><D97/><U74/><E103/><V121/><F121/><W77/><G77/><N who="0" m="29195" /><D100/><U14/><REACH who="1" step="1"/><E74/><REACH who="1" ten="422,188,251,119" step="2"/><V2/><F71/><W75/><G75/><T89/><D89/><U7/><E7/><V47/><F70/><W56/><G124/><T87/><D87/><AGARI ba="3,2" hai="4,6,14,18,23,39,40,45,55,59,60,82,87,91" machi="87" ten="40,3900,0" yaku="1,1,53,1" doraHai="44" doraHaiUra="42" who="1" fromWho="0" sc="422,-48,188,68,251,0,119,0" /><INIT seed="5,4,0,2,1,42" ten="374,256,251,119" oya="1" hai0="100,55,128,49,76,32,10,112,12,73,3,110,99" hai1="45,127,95,66,9,5,96,44,19,97,46,25,35" hai2="90,18,101,29,85,107,89,56,21,68,48,38,14" hai3="58,67,52,64,8,88,118,2,87,113,26,84,7"/><U105/><E66/><V30/><F68/><W15/><G113/><T34/><D110/><U65/><E65/><V82/><F38/><W33/><G118/><T37/><D37/><U11/><E127/><V50/><F101/><W40/><G40/><T51/><D3/><U117/><E117/><V47/><F107/><W133/><G133/><T28/><D112/><U31/><E19/><V13/><F13/><W75/><G75/><T135/><D135/><U71/><E71/><V4/><F4/><W130/><G130/><T123/><D128/><U120/><E120/><V0/><F0/><W79/><G2/><T63/><D63/><U74/><E74/><V104/><F104/><W69/><G69/><T94/><D123/><U36/><E36/><V57/><F90/><W116/><G116/><T59/><D51/><N who="2" m="19498" /><F47/><W17/><G84/><T119/><D119/><U54/><E54/><V16/><F18/><W78/><G78/><T61/><D49/><U60/><E60/><V1/><F1/><W93/><G79/><T111/><D111/><U98/><E105/><V91/><F91/><W62/><REACH who="3" step="1"/><G33/><REACH who="3" ten="374,256,251,109" step="2"/><T134/><D34/><U86/><E86/><V129/><F129/><W77/><G77/><T41/><D134/><U102/><REACH who="1" step="1"/><E11/><REACH who="1" ten="374,246,251,109" step="2"/><V103/><F85/><W122/><G122/><T24/><D41/><U27/><E27/><V121/><F121/><W114/><G114/><T20/><D10/><U81/><E81/><V80/><F82/><W126/><G126/><T106/><D73/><U108/><E108/><V115/><F80/><W83/><G83/><T131/><D131/><RYUUKYOKU ba="4,2" sc="374,-15,246,15,251,-15,109,15" hai1="5,9,25,31,35,44,45,46,95,96,97,98,102" hai3="7,8,15,17,26,52,58,62,64,67,87,88,93" /><INIT seed="5,5,2,1,2,69" ten="359,261,236,124" oya="1" hai0="76,23,114,88,39,91,102,118,66,67,24,98,110" hai1="36,131,101,31,7,95,86,54,70,43,123,96,94" hai2="135,78,5,37,16,133,84,112,13,134,116,1,26" hai3="44,12,85,3,119,81,121,79,90,59,20,109,104"/><U47/><E123/><V129/><F116/><W107/><G3/><T56/><D110/><U106/><E70/><V103/><F129/><W11/><G109/><T51/><D39/><U83/><E131/><V6/><F37/><W120/><G119/><T124/><D118/><U115/><E115/><V64/><F112/><W65/><G121/><T71/><D114/><U100/><E100/><V19/><F1/><W25/><G120/><T82/><D71/><U9/><E54/><V35/><F103/><W41/><G59/><T8/><D8/><U122/><E31/><N who="2" m="19959" /><F64/><W77/><G65/><T32/><D124/><U111/><E122/><V57/><F57/><W126/><G126/><T125/><D32/><U22/><E22/><N who="2" m="11535" /><F19/><W87/><G107/><T99/><D125/><U34/><E34/><V60/><F60/><W93/><G104/><T75/><D51/><U48/><E111/><V92/><F92/><W40/><G77/><T14/><D56/><U53/><E53/><V42/><F42/><W45/><G20/><T128/><D102/><U46/><E46/><N who="3" m="18026" /><G25/><T62/><D24/><U17/><E17/><AGARI ba="5,2" hai="11,12,17,40,41,79,81,85,87,90,93" m="18026" machi="17" ten="30,1000,0" yaku="8,1" doraHai="69" who="3" fromWho="1" sc="359,0,261,-25,236,0,124,45" /><INIT seed="6,0,0,3,4,103" ten="359,236,236,169" oya="2" hai0="114,43,95,58,34,56,23,99,44,45,28,55,71" hai1="66,90,5,16,88,119,67,41,78,15,3,120,97" hai2="130,33,60,69,48,65,50,115,64,8,76,10,37" hai3="124,2,40,62,127,109,73,104,106,108,47,85,100"/><V91/><F37/><W46/><G73/><T105/><D105/><N who="3" m="40553" /><G2/><T131/><D114/><U12/><E119/><V30/><F115/><W19/><G100/><T133/><D131/><U75/><E3/><V132/><F130/><W113/><G113/><T1/><D133/><U123/><E41/><V27/><F132/><W22/><G85/><T98/><D71/><U13/><E5/><V86/><F76/><W79/><G79/><T87/><D34/><U54/><E54/><V14/><F65/><N who="1" m="24585" /><E78/><V17/><F8/><W49/><G62/><T11/><D87/><U42/><E42/><V102/><F102/><W77/><G77/><T9/><D43/><U110/><E75/><V32/><F32/><W80/><G80/><AGARI ba="0,0" hai="10,14,17,27,30,33,48,50,60,64,69,80,86,91" machi="80" ten="30,1500,0" yaku="7,1" doraHai="103" who="2" fromWho="3" sc="359,0,236,0,236,15,169,-15" /><INIT seed="6,1,0,3,3,22" ten="359,236,251,154" oya="2" hai0="10,73,50,121,66,35,109,13,123,58,25,103,94" hai1="90,84,131,126,5,98,8,0,52,15,111,57,107" hai2="1,18,101,32,28,26,59,67,114,55,34,63,36" hai3="72,40,82,130,9,71,33,129,132,30,68,11,88"/><V42/><F1/><W23/><G33/><T53/><D109/><U133/><E111/><V48/><F114/><W39/><G132/><T51/><D73/><U106/><E133/><V86/><F101/><W128/><G39/><T91/><D103/><U70/><E70/><V2/><F2/><W102/><G102/><T112/><D112/><U85/><E131/><V119/><F119/><W100/><G100/><T60/><D25/><U3/><E126/><V4/><F4/><W127/><G40/><T122/><D35/><U62/><E85/><V110/><F110/><W116/><G116/><T46/><D51/><U83/><REACH who="1" step="1"/><E98/><REACH who="1" ten="359,226,251,154" step="2"/><V134/><F86/><N who="3" m="50263" /><G72/><T99/><D122/><U124/><E124/><V12/><F134/><W81/><G127/><T115/><D115/><U125/><E125/><V105/><F105/><AGARI ba="1,1" hai="0,3,5,8,15,52,57,62,83,84,90,105,106,107" machi="105" ten="40,2600,0" yaku="1,1,54,1,53,0" doraHai="22" doraHaiUra="45" who="1" fromWho="2" sc="359,0,226,39,251,-29,154,0" /><INIT seed="7,0,0,0,2,76" ten="359,265,222,154" oya="3" hai0="132,9,124,69,105,81,43,15,101,125,108,17,64" hai1="7,122,53,21,80,44,88,82,59,47,8,40,118" hai2="31,46,52,10,93,94,134,37,62,34,18,48,77" hai3="78,25,35,112,33,41,73,12,57,117,0,135,97"/><W107/><G0/><T114/><D108/><U61/><E122/><V27/><F134/><W95/><G117/><T120/><D120/><U38/><E118/><V123/><F123/><W116/><G107/><T86/><D132/><U68/><E44/><V51/><F37/><W1/><G1/><T23/><D114/><U75/><E75/><V3/><F62/><W129/><G135/><T87/><D43/><U39/><E39/><V54/><F77/><W5/><G129/><T113/><D113/><U67/><E21/><V109/><F109/><W29/><G112/><T127/><D81/><U91/><E91/><V71/><F71/><W83/><G116/><T131/><D131/><U6/><E88/><V103/><F103/><W45/><G57/><T11/><D64/><U92/><E92/><V115/><F115/><W130/><G130/><T110/><D69/><U28/><E28/><V96/><F96/><W13/><G5/><N who="0" m="3503" /><D11/><U121/><E121/><V26/><F26/><W56/><G56/><T98/><D110/><U16/><E16/><V128/><F128/><W50/><REACH who="3" step="1"/><G35/><REACH who="3" ten="359,265,222,144" step="2"/><T66/><D66/><U126/><E6/><V99/><F3/><W14/><G14/><AGARI ba="0,1" hai="14,17,23,86,87,98,101,105,124,125,127" m="3503" machi="14" ten="30,1000,0" yaku="18,1" doraHai="76" who="0" fromWho="3" sc="359,20,265,0,222,0,144,-10" owari="379,48.0,265,7.0,222,-18.0,134,-37.0" /></mjloggm>