<mjloggm ver="2.3"><GO type="169" lobby="0"/><UN n0="%E8%88%AC%E5%8D%93%E3%81%AE%E9%A4%8A%E5%88%86" n1="%E3%82%BF%E3%82%B1%E3%82%BF%E3%82%B1%E3%82%BF%E3%82%B1" n2="%E3%81%82%E3%82%8B%E3%81%B5%E3%81%81%E3%81%AE%E4%BA%BA" n3="%E3%82%A6%E3%83%AB%E3%83%88%E3%83%A9%E7%AB%8B%E7%9B%B4" dan="16,17,16,17" rate="2010.69,2189.79,2085.35,2209.24" sx="M,M,M,M"/><TAIKYOKU oya="0"/><INIT seed="0,0,0,2,3,124" ten="250,250,250,250" oya="0" hai0="27,28,21,58,74,128,10,99,38,93,88,86,122" hai1="97,52,24,55,36,105,125,107,5,56,115,60,0" hai2="3,95,59,112,45,57,32,89,17,129,66,11,70" hai3="14,53,69,13,22,44,75,37,30,90,26,62,18"/><T41/><D74/><U132/><E36/><V7/><F70/><W39/><G75/><T108/><D122/><U117/><E125/><V61/><F32/><W126/><G126/><T63/><D108/><U77/><E117/><V109/><F109/><W20/><G90/><T54/><D128/><U76/><E115/><V94/><F112/><W104/><G104/><T64/><D38/><U12/><E0/><V123/><F123/><W134/><G134/><T35/><D41/><U106/><E97/><V131/><F45/><W81/><G81/><T78/><D10/><U47/><E132/><V103/><F103/><W98/><G98/><T119/><D119/><U79/><E24/><V1/><F17/><W82/><G82/><N who="0" m="47447" /><D35/><U9/><REACH who="1" step="1"/><E47/><REACH who="1" ten="250,240,250,250" step="2"/><V84/><F3/><W23/><G44/><T116/><D116/><U65/><AGARI ba="0,1" hai="5,9,12,52,55,56,60,65,76,77,79,105,106,107" machi="65" ten="40,8000,1" yaku="1,1,2,1,0,1,54,1,53,0" doraHai="124" doraHaiUra="71" who="1" fromWho="1" sc="250,-40,240,90,250,-20,250,-20" /><INIT seed="1,0,0,0,4,89" ten="210,330,230,230" oya="1" hai0="103,50,102,79,134,7,72,85,1,65,108,66,80" hai1="8,11,127,106,40,101,116,13,2,91,23,44,77" hai2="17,88,107,84,19,24,64,20,98,16,32,125,104" hai3="42,6,90,28,118,61,25,26,92,83,38,119,29"/><U57/><E116/><N who="3" m="44586" /><G6/><T70/><D108/><U114/><E127/><V36/><F125/><W18/><G18/><T41/><D134/><U62/><E114/><V122/><F32/><W5/><G5/><T115/><D115/><U56/><E77/><V109/><F109/><W99/><G61/><T120/><D120/><U53/><E101/><V63/><F122/><W87/><G42/><T52/><D41/><U21/><E106/><V75/><F75/><W82/><G38/><T78/><D78/><U128/><E128/><V33/><F33/><N who="3" m="20623" /><G99/><T30/><D30/><U111/><E111/><V96/><F36/><W132/><G132/><T123/><D123/><U68/><E68/><V10/><F10/><W9/><G9/><T117/><D117/><U0/><E0/><V37/><F37/><W94/><G83/><T54/><D70/><U22/><E2/><V31/><F98/><W100/><G100/><T4/><D1/><U60/><E13/><V86/><F96/><W81/><G81/><T105/><D105/><U73/><E73/><V59/><REACH who="2" step="1"/><F84/><REACH who="2" ten="210,330,220,230" step="2"/><W126/><G126/><T95/><D72/><U130/><E11/><V135/><F135/><W113/><G113/><T74/><D74/><U67/><E8/><V47/><F47/><W34/><AGARI ba="0,1" hai="26,29,34,82,87,90,92,94" m="20623,44586" machi="34" ten="30,4000,0" yaku="12,1,52,2" doraHai="89" who="3" fromWho="3" sc="210,-10,330,-20,220,-10,230,50" /><INIT seed="2,0,0,5,4,30" ten="200,310,210,280" oya="2" hai0="50,62,15,58,70,135,48,74,119,111,14,117,67" hai1="82,3,59,78,109,19,115,81,113,128,118,127,25" hai2="131,125,60,110,107,68,33,94,7,72,120,24,129" hai3="49,21,45,66,5,97,100,10,51,61,22,54,18"/><V52/><F107/><W91/><G51/><T32/><D74/><U102/><E3/><V71/><F120/><W38/><G38/><T41/><D111/><U56/><E118/><N who="0" m="45065" /><D135/><U99/><E109/><V35/><F110/><W114/><G91/><T40/><D32/><N who="2" m="12362" /><F72/><W87/><G87/><T55/><D14/><U17/><E25/><V84/><F7/><W86/><G86/><T36/><D15/><U16/><E81/><V23/><F125/><W63/><G114/><T122/><D122/><U26/><E26/><V124/><F124/><W134/><G134/><T95/><D95/><U105/><E127/><V47/><F47/><W29/><G29/><T13/><D13/><U123/><E123/><V9/><F9/><W65/><G5/><T20/><D20/><U108/><E108/><V80/><F94/><N who="3" m="58423" /><G10/><T79/><D79/><U88/><E78/><N who="2" m="46103" /><F60/><N who="3" m="23115" /><G22/><T132/><D132/><U93/><E82/><V98/><F98/><W77/><G77/><T31/><D31/><U27/><E27/><AGARI ba="0,0" hai="18,21,27,45,49,54,65,66" m="23115,58423" machi="27" ten="30,1000,0" yaku="8,1" doraHai="30" who="3" fromWho="1" sc="200,0,310,-10,210,0,280,10" /><INIT seed="3,0,0,0,0,125" ten="200,300,210,290" oya="3" hai0="30,50,57,64,13,126,80,81,52,61,33,53,1" hai1="70,114,117,42,74,96,116,44,36,77,90,109,107" hai2="51,115,25,79,108,47,103,86,91,88,133,23,128" hai3="67,113,32,49,34,65,104,124,106,123,12,60,41"/><W0/><G0/><T17/><D1/><U98/><E114/><V18/><F115/><W22/><G113/><T75/><D126/><U55/><E70/><V118/><F118/><W127/><G123/><T92/><D75/><U37/><E109/><V2/><F2/><W112/><G112/><T131/><D131/><U87/><E36/><V11/><F108/><W19/><G127/><T38/><D38/><U83/><E55/><V105/><F128/><W6/><G124/><T39/><D39/><U82/><E107/><V99/><F133/><W119/><G119/><AGARI ba="0,0" hai="37,42,44,74,77,82,83,87,90,96,98,116,117,119" machi="119" ten="40,1300,0" yaku="12,1" doraHai="125" who="1" fromWho="3" sc="200,0,300,13,210,0,290,-13" /><INIT seed="4,0,0,5,2,32" ten="200,313,210,277" oya="0" hai0="70,13,42,2,129,128,65,4,89,112,119,86,124" hai1="80,26,44,77,94,131,37,122,54,99,121,107,31" hai2="82,81,51,39,30,17,11,105,48,135,84,102,8" hai3="10,53,27,64,98,52,74,113,49,1,126,78,110"/><T118/><D112/><U100/><E131/><N who="0" m="50249" /><D124/><U104/><E94/><V47/><F30/><W18/><G113/><T91/><D2/><U59/><E107/><V133/><F39/><W111/><G1/><T50/><D70/><U19/><E19/><V33/><F33/><W3/><G3/><T87/><D65/><U75/><E44/><V127/><F127/><W73/><G64/><T22/><D87/><U101/><E101/><V66/><F66/><W103/><G74/><T12/><D91/><U41/><E41/><V58/><F102/><W29/><G73/><T60/><D60/><U72/><E37/><V34/><F34/><W61/><G61/><T43/><D43/><U20/><E72/><V6/><F105/><W90/><G90/><T109/><D109/><U76/><E76/><V116/><F116/><N who="0" m="44586" /><D4/><U24/><E24/><V36/><F6/><W57/><G78/><T108/><D22/><U132/><E122/><V56/><F84/><W69/><G69/><T0/><D0/><U67/><E121/><V123/><F123/><W130/><G126/><T120/><D120/><U45/><E67/><V114/><F114/><W97/><G130/><T115/><D115/><U117/><E117/><V38/><F17/><W79/><G79/><T71/><D71/><U55/><E20/><V16/><F16/><W106/><G111/><T95/><D108/><U92/><E75/><V83/><F83/><W96/><G110/><T25/><D25/><U134/><E26/><V5/><F5/><W85/><G27/><T68/><D68/><U93/><E80/><V125/><F125/><RYUUKYOKU ba="0,0" sc="200,15,313,-15,210,15,277,-15" hai0="12,13,42,50,86,89,95" hai2="8,11,36,38,47,48,51,56,58,81,82,133,135" /><INIT seed="4,1,0,3,3,20" ten="215,298,225,262" oya="0" hai0="107,74,111,63,91,29,113,68,119,88,8,52,76" hai1="39,27,37,99,75,72,121,98,1,25,123,84,110" hai2="127,31,124,36,3,46,49,54,12,94,81,60,13" hai3="26,122,10,64,50,24,34,131,66,53,33,129,28"/><T115/><D119/><U14/><E14/><V22/><F3/><W79/><G79/><T105/><D111/><U132/><E84/><V0/><F0/><W125/><G10/><T62/><D29/><U106/><E1/><V126/><F36/><W47/><G125/><T92/><D74/><U38/><E38/><V9/><F81/><W109/><G109/><T44/><D76/><U96/><E96/><V78/><F78/><W61/><G122/><T85/><D8/><U11/><E11/><V2/><F2/><W100/><G100/><T15/><D15/><U116/><E106/><N who="0" m="40457" /><D91/><U17/><E17/><N who="2" m="10543" /><F94/><W55/><G55/><T48/><D68/><U97/><E97/><V133/><F60/><W19/><G64/><T42/><D42/><U82/><E82/><V65/><F65/><W128/><G19/><T102/><D102/><U71/><E71/><V32/><F133/><W18/><G18/><T86/><D86/><U40/><E40/><V130/><F31/><N who="3" m="19687" /><G66/><T30/><D30/><U51/><E132/><V70/><F70/><W103/><G103/><T117/><D117/><U4/><E116/><V5/><F32/><W83/><G83/><T134/><D134/><U87/><E110/><V67/><F67/><W35/><G35/><T73/><D73/><U41/><E41/><V114/><F127/><W90/><G61/><T77/><D77/><U112/><E75/><V23/><F126/><W7/><G7/><T120/><D120/><U43/><E72/><V101/><F5/><W57/><G90/><T80/><D80/><U69/><E69/><V45/><F124/><RYUUKYOKU ba="1,0" sc="215,15,298,-15,225,-15,262,15" hai0="44,48,52,62,63,85,88,92,113,115" hai3="26,28,34,47,50,53,57,128,129,131" /><INIT seed="4,2,0,1,5,120" ten="230,283,210,277" oya="0" hai0="15,92,56,65,102,71,130,87,68,78,30,110,53" hai1="55,26,100,112,61,33,45,4,134,10,88,109,24" hai2="60,41,126,20,49,19,14,85,57,62,51,35,9" hai3="5,76,103,69,97,128,37,82,99,52,43,118,83"/><T12/><D130/><U0/><E109/><V116/><F35/><W64/><G118/><T89/><D30/><U129/><E129/><V22/><F126/><W127/><G128/><T131/><D131/><U114/><E134/><V104/><F104/><W119/><G64/><T132/><D132/><U66/><E100/><V21/><F116/><W122/><G69/><T32/><D32/><U98/><E33/><V39/><F39/><W34/><G34/><T47/><D110/><U40/><E55/><N who="2" m="31999" /><F85/><W13/><G43/><T94/><D78/><U25/><E98/><V106/><F106/><W17/><G5/><T125/><D125/><U108/><E88/><V80/><F80/><W58/><G37/><T117/><D117/><U27/><E108/><V107/><F107/><W48/><G127/><T67/><D47/><AGARI ba="2,0" hai="9,14,19,20,21,22,41,47,49,60,62" m="31999" machi="47" ten="30,1000,0" yaku="8,1" doraHai="120" who="2" fromWho="0" sc="230,-16,283,0,210,16,277,0" /><INIT seed="5,0,0,5,5,128" ten="214,283,226,277" oya="1" hai0="27,36,11,32,4,76,73,69,20,43,95,115,48" hai1="77,67,94,23,135,74,33,1,0,89,130,134,132" hai2="59,22,108,125,96,82,9,91,41,92,49,65,72" hai3="103,109,37,12,127,47,101,55,119,120,113,100,54"/><U93/><E33/><V66/><F108/><W61/><G109/><T85/><D69/><U70/><E130/><V45/><F125/><W15/><G120/><T42/><D32/><U40/><E40/><V112/><F112/><W6/><G113/><T30/><D36/><U64/><E93/><V121/><F121/><W24/><G127/><T60/><D115/><U98/><E23/><V63/><F9/><W29/><G6/><T116/><D116/><U133/><E133/><V131/><F131/><W62/><G37/><T44/><D73/><U102/><E89/><V68/><F22/><W18/><G119/><T50/><D60/><N who="1" m="40199" /><E67/><V31/><F31/><W124/><G124/><T110/><D110/><U97/><E97/><V111/><F111/><W58/><G18/><T2/><D95/><U123/><E123/><V57/><REACH who="2" step="1"/><F65/><REACH who="2" ten="214,283,216,277" step="2"/><W104/><G29/><T51/><REACH who="0" step="1"/><D44/><REACH who="0" ten="204,283,216,277" step="2"/><U28/><E28/><V71/><F71/><W105/><G47/><T78/><D78/><AGARI ba="0,2" hai="41,45,49,57,59,63,66,68,72,78,82,91,92,96" machi="78" ten="40,5200,0" yaku="1,1,53,2" doraHai="128" doraHaiUra="52" who="2" fromWho="0" sc="204,-52,283,0,216,72,277,0" /><INIT seed="6,0,0,1,2,79" ten="152,283,288,277" oya="2" hai0="44,126,7,133,78,31,131,100,88,61,99,43,94" hai1="108,69,9,103,3,95,58,64,97,125,106,74,84" hai2="73,40,36,112,82,128,55,130,60,117,57,59,10" hai3="62,38,118,56,42,21,4,18,52,25,45,47,116"/><V53/><F73/><W85/><G4/><T29/><D133/><U48/><E69/><V109/><F82/><W67/><G85/><T0/><D131/><N who="2" m="50218" /><F10/><W122/><G122/><T83/><D126/><U5/><E74/><V96/><F96/><W70/><G47/><T12/><D0/><U75/><E75/><V32/><F32/><W17/><G17/><T20/><D61/><AGARI ba="0,0" hai="18,21,25,38,42,45,52,56,61,62,67,70,116,118" machi="61" ten="30,2000,0" yaku="7,1,54,1" doraHai="79" who="3" fromWho="0" sc="152,-20,283,0,288,0,277,20" /><INIT seed="7,0,0,3,2,43" ten="132,283,288,297" oya="3" hai0="105,128,22,13,16,88,29,84,68,27,41,121,99" hai1="0,30,78,20,35,101,59,126,15,95,109,60,36" hai2="130,96,116,83,118,2,45,87,33,51,57,119,7" hai3="97,48,25,124,14,127,91,47,94,34,92,75,10"/><W18/><G75/><T55/><D121/><U85/><E0/><V125/><F125/><N who="3" m="48203" /><G92/><T52/><D128/><U56/><E36/><V80/><F130/><W103/><G34/><T31/><D68/><U3/><E3/><V71/><F71/><W77/><G77/><T120/><D120/><U11/><E35/><V63/><F33/><W112/><G112/><T40/><D31/><U90/><E109/><V66/><F96/><W98/><G25/><T93/><D105/><U70/><E70/><V8/><REACH who="2" step="1"/><F87/><REACH who="2" ten="132,283,278,297" step="2"/><N who="3" m="52607" /><G103/><T86/><D86/><U28/><E101/><V58/><F58/><W23/><G23/><T131/><D131/><U17/><E126/><V50/><F50/><W24/><G24/><T81/><D41/><AGARI ba="0,1" hai="2,7,8,41,45,51,57,63,66,80,83,116,118,119" machi="41" ten="40,8000,1" yaku="1,1,52,1,53,2" doraHai="43" doraHaiUra="79" who="2" fromWho="0" sc="132,-80,283,0,278,90,297,0" /><AGARI ba="0,0" hai="10,14,18,41,47,48,97,98" m="52607,48203" machi="41" ten="30,2900,0" yaku="18,1,52,1" doraHai="43" who="3" fromWho="0" sc="52,-29,283,0,368,0,297,29" /><INIT seed="7,1,0,4,0,61" ten="23,283,368,326" oya="3" hai0="63,134,38,64,76,67,56,21,47,129,10,127,103" hai1="69,2,124,33,125,29,107,110,81,132,3,72,94" hai2="41,133,60,42,79,95,8,82,16,102,14,68,130" hai3="6,120,135,7,99,13,109,86,34,18,83,24,98"/><W32/><G120/><T51/><D129/><U116/><RYUUKYOKU type="yao9" ba="1,0" sc="23,0,283,0,368,0,326,0" hai1="2,3,29,33,69,72,81,94,107,110,116,124,125,132" /><INIT seed="7,2,0,2,5,40" ten="23,283,368,326" oya="3" hai0="68,100,105,10,69,92,67,104,8,57,15,50,123" hai1="122,30,130,21,33,7,5,3,46,66,88,43,14" hai2="103,6,84,62,120,71,133,27,97,51,13,90,53" hai3="39,87,52,109,125,25,2,93,70,121,106,80,38"/><W94/><G106/><T44/><D123/><U112/><E122/><V134/><F120/><W47/><G70/><T55/><D104/><U41/><E3/><V49/><F27/><W17/><G2/><T135/><D105/><U48/><E33/><V9/><F71/><W22/><G121/><T73/><D73/><U124/><E124/><V12/><F12/><W23/><G125/><T35/><D35/><U65/><E130/><V128/><F128/><W131/><G131/><T54/><D135/><N who="2" m="51722" /><F97/><W59/><G109/><T19/><D67/><U20/><E112/><V129/><F103/><W24/><G39/><T37/><D37/><U102/><E102/><V76/><F76/><N who="3" m="46471" /><G38/><T111/><D111/><U36/><E36/><V81/><F129/><W86/><G86/><T126/><D126/><U114/><E114/><V132/><N who="2" m="51730" /><V119/><DORA hai="113" /><F119/><W107/><G107/><T56/><D56/><AGARI ba="2,0" hai="6,9,13,49,51,53,56,62,81,84,90" m="51730" machi="56" ten="40,1300,0" yaku="20,1" doraHai="40,113" who="2" fromWho="0" sc="23,-19,283,0,368,19,326,0" owari="4,-50.0,283,-12.0,387,49.0,326,13.0" /></mjloggm>