<mjloggm ver="2.3"><GO type="97" lobby="0"/><UN n0="%4E%62%69%74%61" n1="%E3%81%9F%E3%81%8B%E3%81%BF%E3%81%AA%E7%B7%8F%E7%9B%A3%E7%9D%A3" n2="%6B%6F%64%6F%6F" n3="%E5%B0%B1%E6%B4%BB%E7%94%9F%40%E5%B7%9D%E6%9D%91%E8%BB%8D%E5%9B%A3" dan="13,14,14,14" rate="1863.75,1886.23,1943.96,1922.40" sx="M,M,M,M"/><TAIKYOKU oya="0"/><INIT seed="0,0,0,5,1,110" ten="250,250,250,250" oya="0" hai0="41,24,101,68,70,135,33,38,114,108,74,124,8" hai1="81,0,44,18,106,10,9,127,12,85,95,69,113" hai2="77,19,3,126,92,130,1,123,65,31,88,22,129" hai3="73,23,71,125,34,99,55,75,132,84,30,51,54"/><T90/><D90/><U49/><E106/><V117/><F123/><W29/><G71/><T26/><D24/><U83/><E69/><V102/><F126/><W80/><G34/><T35/><D8/><U121/><E121/><V72/><F65/><W79/><G125/><T47/><D26/><U119/><E127/><V17/><F102/><W53/><G132/><T96/><D108/><U36/><E36/><V27/><F117/><W42/><G99/><T25/><D124/><U91/><E119/><V133/><F133/><W78/><G23/><T100/><D100/><U58/><E58/><V15/><F77/><N who="3" m="29195" /><G75/><T86/><D86/><U97/><E113/><V67/><F67/><W111/><G73/><T94/><D135/><U98/><E0/><V122/><F72/><W62/><G62/><T45/><D74/><U112/><E112/><V56/><F56/><W82/><G111/><T63/><D47/><U134/><E10/><V118/><F118/><W61/><G61/><T6/><D6/><U89/><E134/><V64/><F64/><W128/><G128/><N who="2" m="49257" /><F122/><W115/><G115/><T57/><D63/><U50/><E50/><V104/><F104/><W93/><G93/><T87/><D57/><U39/><E39/><V5/><F1/><W28/><G84/><T60/><D87/><N who="1" m="52671" /><E83/><N who="3" m="31786" /><G42/><AGARI ba="0,0" hai="9,12,18,42,44,49,81,85,91,97,98" m="52671" machi="42" ten="30,1000,0" yaku="8,1" doraHai="110" who="1" fromWho="3" sc="250,0,250,10,250,0,250,-10" /><INIT seed="1,0,0,0,3,2" ten="250,260,250,240" oya="1" hai0="110,93,101,11,117,4,68,1,66,113,132,26,135" hai1="89,98,36,78,5,114,64,12,40,69,55,112,22" hai2="35,46,87,94,34,82,130,62,134,104,50,127,125" hai3="92,97,21,95,126,109,6,119,57,37,70,83,28"/><U122/><E122/><V45/><F104/><W10/><G70/><T14/><D110/><U16/><E78/><V108/><F108/><W111/><G37/><T131/><D113/><U23/><E23/><V30/><F134/><N who="0" m="51242" /><D131/><U102/><E89/><V20/><F130/><W53/><G119/><T44/><D117/><U60/><E55/><V27/><F94/><W86/><G126/><N who="2" m="48137" /><F62/><W7/><G111/><T65/><D44/><N who="2" m="17002" /><F50/><N who="3" m="30903" /><G10/><N who="0" m="2319" /><D68/><U13/><E40/><V8/><F8/><W38/><G38/><T32/><D32/><U80/><E36/><V118/><F118/><W49/><G49/><T105/><D105/><U133/><E133/><V121/><F121/><W91/><G109/><T61/><D61/><U41/><E41/><V51/><F51/><W75/><G75/><T18/><D26/><U99/><E112/><V128/><F128/><W77/><G95/><T47/><D47/><U103/><E114/><V15/><F15/><W76/><G76/><AGARI ba="0,0" hai="20,27,30,34,35,76,82,87" m="17002,48137" machi="76" ten="30,1000,0" yaku="18,1" doraHai="2" who="2" fromWho="3" sc="250,0,260,0,250,10,240,-10" /><INIT seed="2,0,0,3,3,134" ten="250,260,260,230" oya="2" hai0="73,46,51,132,67,75,77,106,38,0,66,117,84" hai1="7,9,93,12,87,128,74,24,16,79,109,15,8" hai2="13,33,108,44,127,71,21,2,103,121,58,20,23" hai3="54,123,61,5,99,102,28,53,133,49,119,122,110"/><V94/><F121/><W114/><G133/><T91/><D106/><U116/><E116/><V129/><F71/><W59/><G119/><T34/><D34/><U48/><E128/><V92/><F129/><W56/><G114/><T89/><D132/><U130/><E130/><V55/><F2/><W131/><G131/><T25/><D0/><U70/><E70/><V14/><F33/><W40/><G110/><T96/><D38/><U18/><E109/><V100/><F108/><W95/><G5/><T31/><D117/><U19/><E74/><V64/><F64/><W10/><G10/><T86/><D25/><U37/><E37/><V63/><F44/><W4/><G4/><T47/><D31/><U120/><E120/><V36/><F36/><W124/><G124/><T26/><D26/><U118/><E24/><V81/><F127/><W72/><G28/><T29/><D29/><U83/><E118/><V30/><F30/><W135/><G135/><T111/><D111/><U45/><E93/><N who="2" m="35947" /><F81/><W1/><G1/><T69/><D69/><U88/><E79/><V90/><F90/><W125/><G125/><T113/><D113/><U22/><E22/><V76/><F76/><W98/><G72/><N who="0" m="27723" /><D77/><U17/><E17/><V85/><F85/><N who="0" m="32874" /><D96/><U78/><E78/><V107/><F107/><W3/><G3/><T11/><D11/><U41/><AGARI ba="0,0" hai="7,8,9,12,15,16,18,19,41,45,48,83,87,88" machi="41" ten="20,8000,1" yaku="0,1,7,1,8,1,54,2" doraHai="134" who="1" fromWho="1" sc="250,-20,260,80,260,-40,230,-20" /><INIT seed="3,0,0,4,5,37" ten="230,340,220,210" oya="3" hai0="42,78,133,44,56,86,50,110,51,26,30,113,18" hai1="48,83,67,119,123,98,87,57,108,9,36,14,91" hai2="71,132,69,43,97,4,24,41,68,20,93,101,75" hai3="126,11,114,134,121,16,29,70,107,62,109,94,130"/><W53/><G107/><T84/><D110/><U92/><E36/><V100/><F75/><W65/><G121/><T89/><D133/><U52/><E123/><V64/><F64/><W127/><G114/><T31/><D113/><U27/><E108/><V5/><F132/><W15/><G109/><T2/><D2/><U32/><E119/><V106/><F101/><W19/><G134/><T39/><D78/><U46/><E32/><V7/><REACH who="2" step="1"/><F106/><REACH who="2" ten="230,340,210,210" step="2"/><W131/><G29/><AGARI ba="0,1" hai="4,5,7,20,24,29,41,43,68,69,71,93,97,100" machi="29" ten="50,8000,1" yaku="1,1,2,1,52,2,53,0" doraHai="37" doraHaiUra="10" who="2" fromWho="3" sc="230,0,340,0,210,90,210,-80" owari="230,-17.0,340,44.0,300,10.0,130,-37.0" /></mjloggm>