<mjloggm ver="2.3"><GO type="225" lobby="0"/><UN n0="%E3%83%A1%E3%82%AC%E3%83%8D%E9%83%A8%E9%95%B7" n1="%67%61%72%75%63%69%61" n2="%E5%B0%B1%E6%B4%BB%E7%94%9F%40%E5%B7%9D%E6%9D%91%E8%BB%8D%E5%9B%A3" n3="%E9%95%B7%E5%B7%9E%E3%81%AE%E5%85%8B" dan="16,16,16,17" rate="2109.75,2088.14,2091.93,2191.46" sx="M,M,M,M"/><TAIKYOKU oya="0"/><INIT seed="0,0,0,4,1,86" ten="250,250,250,250" oya="0" hai0="78,35,38,122,6,112,118,109,135,52,81,41,53" hai1="80,42,82,121,114,34,74,103,59,19,4,66,73" hai2="89,14,119,48,8,16,95,29,124,45,51,105,2" hai3="49,111,77,75,63,57,133,62,96,11,47,9,55"/><T87/><D118/><U56/><E34/><V98/><F119/><W39/><G111/><T46/><D122/><U72/><E4/><V130/><F105/><W92/><G133/><T93/><D35/><U108/><E42/><V5/><F130/><W24/><G39/><T67/><D112/><U115/><E66/><V88/><F124/><W90/><G63/><T120/><D120/><U123/><E103/><N who="2" m="60895" /><F29/><W106/><G106/><T10/><D135/><U43/><E43/><N who="2" m="24639" /><F2/><W101/><G101/><T125/><D109/><U1/><E73/><V60/><F60/><W32/><G75/><T25/><D67/><U40/><E40/><V20/><F51/><W117/><G117/><T64/><D64/><U132/><E108/><V116/><F116/><W79/><G32/><T37/><D37/><U110/><E110/><V54/><F54/><N who="3" m="34103" /><G24/><T15/><D125/><U44/><E132/><V71/><F71/><W127/><G127/><T28/><D28/><U58/><E58/><V91/><F5/><W104/><G104/><T134/><D25/><U100/><E100/><V17/><F17/><W61/><G61/><T7/><D7/><U68/><E19/><V3/><F3/><W128/><G128/><T84/><D134/><U85/><E44/><V0/><F0/><W131/><G131/><T126/><D126/><U102/><E102/><V97/><F97/><W99/><G96/><T129/><D129/><U31/><E1/><V13/><F13/><W65/><G65/><T70/><D70/><U27/><E68/><V107/><F107/><W113/><G113/><T76/><D38/><RYUUKYOKU ba="0,0" sc="250,-15,250,-15,250,15,250,15" hai2="8,14,16,20,88,89,91" hai3="9,11,47,49,55,77,79,90,92,99" /><INIT seed="1,1,0,5,0,26" ten="235,235,265,265" oya="1" hai0="124,98,32,54,95,94,114,28,71,127,45,78,82" hai1="120,69,118,4,52,103,117,107,17,110,56,123,24" hai2="101,10,30,58,81,132,34,8,109,83,121,88,87" hai3="79,64,22,27,125,20,66,0,105,130,46,76,39"/><U100/><E69/><V102/><F121/><W51/><G0/><T126/><D71/><U84/><E4/><V67/><F109/><W18/><G39/><T85/><D114/><U41/><E41/><V128/><F128/><W122/><G105/><T42/><D54/><U6/><E6/><V29/><F132/><W35/><G35/><T104/><D104/><U43/><E43/><V119/><F34/><W3/><G3/><T106/><D106/><U80/><E107/><V93/><F119/><W99/><G130/><T65/><D65/><U115/><E115/><V89/><F10/><W40/><G122/><T2/><D2/><U14/><E118/><V63/><F8/><W72/><G72/><T19/><D19/><U61/><E117/><V11/><F11/><W5/><G125/><T112/><D112/><U50/><E110/><V75/><F75/><W47/><G46/><T86/><D86/><U31/><E120/><V55/><F67/><N who="3" m="25643" /><G99/><T57/><D57/><N who="1" m="32919" /><E123/><V97/><F83/><W7/><G5/><T44/><D44/><U73/><E73/><V48/><F63/><W33/><G33/><T1/><D1/><U53/><E14/><V68/><F68/><W23/><G7/><T111/><D111/><U129/><E129/><V134/><F134/><W92/><G92/><T108/><D108/><U37/><E37/><V116/><F116/><W9/><G27/><N who="0" m="18463" /><D98/><U25/><E25/><V135/><F135/><W16/><G18/><T36/><AGARI ba="1,0" hai="36,42,45,78,82,85,94,95,124,126,127" m="18463" machi="36" ten="30,2000,0" yaku="18,1,52,1" doraHai="26" who="0" fromWho="0" sc="235,23,235,-11,265,-6,265,-6" /><INIT seed="2,0,0,1,0,105" ten="258,224,259,259" oya="2" hai0="75,3,72,73,24,133,112,26,7,65,20,86,76" hai1="79,41,80,70,77,48,85,113,56,117,13,39,59" hai2="109,135,51,35,8,23,44,125,101,129,119,25,116" hai3="53,67,96,84,47,124,28,94,58,42,90,74,31"/><V120/><F101/><W14/><G124/><T32/><D112/><U104/><E117/><N who="2" m="45131" /><F51/><W66/><G74/><T37/><D133/><U60/><E104/><V9/><F44/><W15/><G42/><T30/><D65/><N who="3" m="24585" /><G47/><T1/><D37/><U2/><E70/><V45/><F45/><W97/><G31/><T127/><D127/><U123/><E39/><V118/><F120/><W110/><G28/><T16/><REACH who="0" step="1"/><D7/><REACH who="0" ten="248,224,259,259" step="2"/><U21/><E123/><V11/><F118/><W99/><G110/><T68/><D68/><U12/><E113/><V57/><F125/><W52/><G53/><T64/><D64/><U38/><E38/><V83/><F135/><W132/><G132/><T134/><D134/><U54/><E2/><V93/><F109/><W46/><G46/><T131/><D131/><U95/><E41/><V33/><F129/><W36/><G36/><T49/><D49/><AGARI ba="0,1" hai="14,15,49,52,58,84,90,94,96,97,99" m="24585" machi="49" ten="30,2000,0" yaku="8,1,54,1" doraHai="105" who="3" fromWho="0" sc="248,-20,224,0,259,0,259,30" /><INIT seed="3,0,0,1,2,69" ten="228,224,259,289" oya="3" hai0="47,50,27,103,91,55,64,14,26,90,66,83,42" hai1="102,5,33,1,8,12,104,88,127,79,39,21,72" hai2="117,11,134,51,125,10,40,89,7,94,123,126,105" hai3="41,85,120,18,36,92,62,78,44,46,9,73,130"/><W19/><G120/><T129/><D103/><U113/><E113/><V22/><F105/><W13/><G62/><T24/><D129/><U100/><E127/><V28/><F117/><W71/><G71/><T35/><D35/><U128/><E128/><V96/><F123/><W82/><G130/><T49/><D14/><U119/><E104/><V97/><F134/><W122/><G122/><T57/><REACH who="0" step="1"/><D83/><REACH who="0" ten="218,224,259,289" step="2"/><U34/><E119/><V112/><F112/><W63/><G92/><T53/><D53/><U93/><E34/><V115/><F125/><W15/><G63/><T118/><D118/><U32/><E33/><V131/><F115/><W81/><G82/><T114/><D114/><U76/><E32/><V38/><F131/><W31/><G15/><T37/><D37/><U106/><E39/><V80/><F38/><W101/><G101/><N who="1" m="39018" /><E106/><V16/><F126/><W111/><G36/><T116/><D116/><U4/><E72/><V77/><F80/><W124/><G73/><T20/><D20/><U54/><E1/><V3/><F11/><W135/><G9/><T6/><D6/><N who="1" m="3095" /><E54/><V0/><F0/><W48/><G124/><T86/><D86/><N who="1" m="52375" /><E21/><V84/><F7/><AGARI ba="0,1" hai="4,5,7,76,79" m="52375,3095,39018" machi="7" ten="30,2000,0" yaku="8,1,54,1" doraHai="69" who="1" fromWho="2" sc="218,0,224,30,259,-20,289,0" /><INIT seed="4,0,0,2,4,1" ten="218,254,239,289" oya="0" hai0="6,82,106,64,108,17,31,18,129,127,126,34,121" hai1="20,97,95,92,53,8,131,87,78,72,23,43,54" hai2="111,112,84,44,50,67,29,91,107,27,117,81,116" hai3="68,73,103,74,25,4,98,7,15,45,33,12,104"/><T35/><D106/><U102/><E131/><V110/><F107/><W60/><G45/><T49/><D129/><U86/><E72/><N who="3" m="27754" /><G15/><T38/><D38/><U48/><E43/><N who="2" m="24863" /><F67/><N who="3" m="41063" /><G12/><T125/><D121/><U88/><E8/><V5/><F5/><W63/><G63/><T37/><D64/><U79/><E54/><V39/><F112/><W132/><G132/><T94/><D37/><U135/><E135/><V30/><F39/><W101/><G103/><T83/><D94/><U100/><E100/><V57/><F57/><W16/><G16/><N who="0" m="6251" /><D108/><U114/><E114/><V2/><F2/><W76/><G76/><N who="1" m="29226" /><E86/><V123/><F123/><W62/><G62/><T22/><D49/><U93/><E92/><V51/><F51/><W122/><G122/><T24/><D82/><U47/><AGARI ba="0,0" hai="20,23,47,48,53,87,88,93,95,97,102" m="29226" machi="47" ten="30,2000,0" yaku="8,1,54,1" doraHai="1" who="1" fromWho="1" sc="218,-10,254,20,239,-5,289,-5" /><INIT seed="5,0,0,2,5,26" ten="208,274,234,284" oya="1" hai0="114,72,107,9,32,81,133,25,66,31,55,28,63" hai1="59,16,80,61,54,85,128,62,134,36,108,105,15" hai2="65,100,23,57,0,119,123,126,76,130,35,53,14" hai3="102,129,112,21,19,43,95,24,78,20,132,33,127"/><U18/><E105/><V34/><F0/><W89/><G33/><T27/><D114/><U90/><E36/><V93/><F123/><W94/><G127/><T52/><D133/><U70/><E134/><V51/><F119/><W38/><G132/><T96/><D9/><U101/><E101/><V4/><F130/><W97/><G129/><T49/><D81/><U64/><E128/><V73/><F126/><W5/><G5/><T75/><D55/><U11/><E108/><V110/><F110/><W103/><G78/><T45/><D96/><U124/><E124/><V41/><F65/><W92/><G38/><T68/><D107/><U7/><AGARI ba="0,0" hai="7,11,15,16,18,54,59,61,62,64,70,80,85,90" machi="7" ten="20,3900,0" yaku="0,1,7,1,54,1" doraHai="26" who="1" fromWho="1" sc="208,-13,274,39,234,-13,284,-13" owari="195,-30.0,313,41.0,221,-18.0,271,7.0" /></mjloggm>