<mjloggm ver="2.3"><GO type="169" lobby="0"/><UN n0="%6F%6E%65%73%74%61%72" n1="%6B%69%72%73%74%65%6E" n2="%E3%82%A6%E3%83%AB%E3%83%88%E3%83%A9%E7%AB%8B%E7%9B%B4" n3="%41%6B%61%2D%75%72%61" dan="16,17,16,17" rate="2134.57,2180.21,2120.59,2184.59" sx="M,F,M,M"/><TAIKYOKU oya="0"/><INIT seed="0,0,0,2,3,70" ten="250,250,250,250" oya="0" hai0="66,96,119,40,93,106,24,126,34,2,59,36,91" hai1="125,84,65,100,68,35,28,103,26,64,61,56,107" hai2="8,116,98,128,75,82,109,117,47,105,83,78,86" hai3="25,110,9,13,80,123,74,15,127,58,113,89,111"/><T114/><D114/><U94/><E125/><V11/><F47/><W95/><G113/><T33/><D119/><N who="2" m="45642" /><F109/><N who="3" m="41483" /><G127/><T62/><D2/><U72/><E72/><V77/><F128/><W52/><G123/><T90/><D126/><U60/><E107/><V129/><F129/><W22/><G80/><T55/><D106/><U18/><E84/><V101/><AGARI ba="0,0" hai="8,11,75,77,78,82,83,86,98,101,105" m="45642" machi="101" ten="30,1100,0" yaku="12,1" doraHai="70" who="2" fromWho="2" sc="250,-5,250,-3,250,11,250,-3" /><INIT seed="1,0,0,4,5,123" ten="245,247,261,247" oya="1" hai0="132,126,61,51,33,32,112,108,93,1,87,10,37" hai1="30,55,54,113,79,72,4,115,9,77,53,73,117" hai2="88,98,84,127,60,70,2,66,118,103,38,95,101" hai3="41,96,14,124,81,28,24,26,47,91,92,82,64"/><U78/><E30/><V63/><F118/><W18/><G124/><T3/><D112/><U121/><E121/><V130/><F127/><W111/><G64/><T122/><D122/><U62/><E62/><V131/><F38/><W109/><G82/><T49/><D37/><U110/><E117/><V34/><F2/><W116/><G116/><T135/><D126/><U86/><E86/><V43/><F43/><W57/><G57/><T50/><D61/><U6/><E110/><N who="3" m="41994" /><G28/><T83/><D93/><U76/><N who="1" m="19456" /><DORA hai="19" /><U65/><E65/><V90/><F63/><W58/><G58/><T74/><D108/><U23/><E23/><V39/><F34/><W80/><G80/><T35/><D74/><N who="1" m="28779" /><E9/><V27/><F39/><N who="3" m="21951" /><G81/><T15/><D35/><U59/><E59/><V21/><F60/><W119/><G119/><T12/><D33/><U25/><E25/><V89/><F27/><W114/><G114/><AGARI ba="0,0" hai="4,6,53,54,55,113,114,115" m="28779,19456" machi="114" ten="50,4800,0" yaku="28,2" doraHai="123,19" who="1" fromWho="3" sc="245,0,247,48,261,0,247,-48" /><INIT seed="1,1,0,0,0,1" ten="245,295,261,199" oya="1" hai0="110,77,81,30,41,92,64,17,127,18,36,96,102" hai1="135,51,80,111,21,101,116,119,124,53,5,14,25" hai2="128,73,45,86,78,46,132,13,108,79,93,32,118" hai3="94,47,16,63,122,74,114,3,67,65,90,84,61"/><U89/><E101/><V56/><F73/><W48/><G114/><T71/><D110/><U54/><E124/><V75/><F75/><W112/><G112/><T91/><D127/><U35/><E35/><V44/><F32/><W66/><G74/><T7/><D30/><U117/><E111/><V83/><F118/><W133/><G133/><T28/><D28/><U87/><E135/><V33/><F33/><W109/><G109/><T88/><D71/><U126/><E126/><V69/><F69/><W130/><G130/><T100/><D64/><U29/><REACH who="1" step="1"/><E51/><REACH who="1" ten="245,285,261,199" step="2"/><V22/><F108/><W104/><G122/><T95/><D100/><U40/><E40/><V99/><F132/><W58/><G104/><T98/><D102/><U76/><E76/><V113/><F79/><W43/><G3/><T62/><D41/><U15/><E15/><V52/><F113/><W125/><G125/><T9/><D36/><U68/><E68/><V50/><F128/><W103/><G103/><T49/><D49/><U60/><E60/><V38/><F38/><W11/><G61/><T0/><D62/><U10/><AGARI ba="1,1" hai="5,10,14,21,25,29,53,54,80,87,89,116,117,119" machi="10" ten="40,18000,2" yaku="1,1,0,1,52,1,53,3" doraHai="1" doraHaiUra="115" who="1" fromWho="1" sc="245,-61,285,193,261,-61,199,-61" /><INIT seed="1,2,0,3,3,51" ten="184,478,200,138" oya="1" hai0="99,21,116,107,119,92,113,131,26,86,65,62,13" hai1="76,115,2,46,125,64,15,97,117,52,73,56,63" hai2="121,22,4,103,72,19,66,91,130,77,95,16,69" hai3="122,41,33,3,9,88,10,18,8,38,128,20,74"/><U114/><E2/><V79/><F121/><W0/><G74/><T110/><D110/><U78/><E117/><V87/><F130/><W45/><G122/><T37/><D113/><U44/><E125/><V71/><F4/><W84/><G33/><T36/><D131/><U50/><E97/><V5/><F5/><W129/><G129/><T82/><D107/><U49/><E15/><V40/><F40/><W90/><G128/><T39/><D13/><U61/><E73/><V85/><F69/><W118/><G118/><T89/><D62/><U80/><E80/><V17/><F71/><W27/><REACH who="3" step="1"/><G90/><REACH who="3" ten="184,478,200,128" step="2"/><T55/><D119/><U112/><REACH who="1" step="1"/><E63/><REACH who="1" ten="184,468,200,128" step="2"/><V35/><F72/><W28/><G28/><T54/><D116/><U12/><E12/><V6/><F77/><W31/><G31/><T101/><REACH who="0" step="1"/><D65/><REACH who="0" ten="174,468,200,128" step="2"/><U60/><E60/><V7/><F66/><W105/><G105/><T81/><D81/><AGARI ba="2,3" hai="0,3,8,9,10,18,20,27,38,41,45,81,84,88" machi="81" ten="40,2600,0" yaku="1,1,54,1,53,0" doraHai="51" doraHaiUra="24" who="3" fromWho="0" sc="174,-32,468,0,200,0,128,62" /><INIT seed="2,0,0,1,4,29" ten="142,468,200,190" oya="2" hai0="23,14,67,130,84,95,114,93,11,134,34,78,28" hai1="25,49,30,56,18,127,82,106,13,7,117,31,16" hai2="70,108,85,54,73,55,15,128,83,118,91,21,104" hai3="51,4,22,110,3,79,124,100,68,69,36,113,132"/><V27/><F118/><W50/><G79/><T111/><D114/><U8/><E106/><V46/><F104/><W97/><G22/><T75/><D75/><U52/><E117/><V109/><F70/><W86/><G86/><T61/><D134/><U45/><E127/><V9/><F73/><W72/><G4/><T17/><D111/><N who="2" m="42570" /><F128/><W64/><G97/><T6/><D130/><U1/><E1/><V99/><F99/><W35/><G100/><T38/><D38/><U58/><E82/><V37/><F37/><W126/><G51/><T10/><D10/><U90/><E90/><V43/><F43/><W47/><G50/><T116/><D116/><U119/><E119/><V112/><F112/><W120/><G64/><T2/><D78/><U122/><E122/><V107/><F107/><W94/><G69/><N who="0" m="42223" /><D84/><U115/><E115/><V42/><F15/><W41/><G72/><T40/><D40/><U33/><REACH who="1" step="1"/><E31/><REACH who="1" ten="142,458,200,190" step="2"/><V103/><F83/><W48/><G113/><T66/><D66/><U80/><E80/><V5/><F91/><W81/><G110/><T63/><D28/><U19/><AGARI ba="0,1" hai="7,8,13,16,18,19,25,30,33,45,49,52,56,58" machi="19" ten="30,8000,1" yaku="1,1,0,1,52,1,54,2,53,0" doraHai="29" doraHaiUra="74" who="1" fromWho="1" sc="142,-20,458,90,200,-40,190,-20" /><INIT seed="3,0,0,0,0,81" ten="122,548,160,170" oya="3" hai0="63,105,107,102,20,16,129,31,5,34,125,19,39" hai1="7,48,92,124,8,53,85,27,80,66,14,65,52" hai2="113,25,106,103,91,35,13,55,44,83,135,126,23" hai3="43,68,38,46,90,60,1,58,15,71,10,127,69"/><W134/><G1/><T73/><D39/><U22/><E124/><V42/><F113/><W123/><G123/><T100/><D73/><U74/><E92/><V11/><F126/><W82/><G127/><T2/><D125/><U87/><E74/><V30/><F135/><W78/><G90/><T84/><D129/><U4/><E4/><V40/><F103/><W89/><G89/><T18/><D34/><U62/><E62/><V56/><F106/><W51/><G134/><T64/><D107/><U6/><E6/><V49/><F35/><W70/><G70/><T122/><D122/><U118/><E118/><V119/><F119/><W3/><G3/><T57/><D105/><U79/><E85/><N who="2" m="50623" /><F56/><W116/><G116/><T132/><D132/><U112/><E112/><V108/><F108/><W41/><G41/><T88/><D5/><AGARI ba="0,0" hai="5,11,13,23,25,30,40,42,44,49,55" m="50623" machi="5" ten="30,2000,0" yaku="8,1,52,1" doraHai="81" who="2" fromWho="0" sc="122,-20,548,0,160,20,170,0" /><INIT seed="4,0,0,5,0,10" ten="102,548,180,170" oya="0" hai0="120,105,81,91,115,68,100,109,34,3,59,24,88" hai1="71,119,49,38,80,43,98,118,46,70,63,132,107" hai2="56,104,67,6,44,69,31,128,123,5,48,57,15" hai3="130,129,16,40,126,41,113,106,94,32,93,114,0"/><T122/><D68/><U84/><E132/><V102/><F104/><W76/><G126/><T101/><D3/><U19/><E19/><V121/><F128/><N who="3" m="49259" /><G106/><T53/><D115/><N who="3" m="44041" /><G32/><T77/><D109/><U52/><E98/><V50/><F69/><W23/><G76/><T97/><D101/><U89/><E107/><V79/><F79/><W8/><G8/><T110/><D110/><U7/><E7/><V116/><F31/><W33/><G33/><T111/><D111/><U30/><E30/><V28/><F28/><W2/><G2/><T35/><D122/><U47/><E71/><V9/><F102/><W65/><G65/><T64/><D64/><U127/><E127/><V78/><F78/><W37/><G0/><T25/><D35/><U86/><E118/><V18/><F116/><W82/><G82/><T14/><D120/><U75/><E80/><V99/><F67/><W29/><G29/><T90/><D34/><U103/><E119/><V51/><F5/><W36/><G40/><T134/><D134/><U87/><E43/><N who="2" m="24607" /><F6/><W117/><G117/><T13/><D25/><U61/><E75/><V27/><F27/><N who="3" m="14823" /><G41/><T62/><REACH who="0" step="1"/><D24/><REACH who="0" ten="92,548,180,170" step="2"/><U21/><E103/><V20/><F121/><W55/><G55/><T83/><D83/><U22/><E52/><V131/><F123/><W26/><G26/><T58/><D58/><U72/><E70/><V42/><F57/><W39/><AGARI ba="0,1" hai="36,37,39,93,94" m="14823,44041,49259" machi="39" ten="40,5200,0" yaku="19,1,15,1,54,1" doraHai="10" who="3" fromWho="3" sc="92,-26,548,-13,180,-13,170,62" /><INIT seed="5,0,0,5,4,115" ten="66,535,167,232" oya="1" hai0="74,98,15,39,130,109,54,51,63,9,23,33,108" hai1="117,104,101,40,78,103,88,96,131,121,53,31,7" hai2="34,62,64,90,76,123,135,114,20,0,28,43,110" hai3="66,26,37,94,81,84,67,5,106,112,47,69,57"/><U93/><E117/><V18/><F0/><W21/><G106/><T86/><D74/><U134/><E40/><V100/><F76/><W95/><G69/><T116/><D39/><U49/><E31/><V125/><F43/><W50/><G37/><T79/><D33/><U17/><E7/><V126/><F110/><W97/><G5/><T59/><D130/><U122/><E131/><V99/><F90/><N who="3" m="51471" /><G112/><T2/><D2/><U83/><E17/><V102/><F102/><N who="3" m="60727" /><G57/><T52/><D116/><U70/><E70/><N who="2" m="42263" /><F135/><W6/><G6/><T77/><D23/><U71/><E71/><V60/><F60/><W120/><G95/><T1/><D98/><U89/><E134/><V107/><F123/><W45/><G120/><T55/><D1/><U85/><E103/><V65/><F65/><N who="3" m="24587" /><G50/><T13/><D51/><U118/><E89/><V8/><F114/><W12/><G12/><T46/><D109/><U24/><E118/><V10/><F126/><W38/><G38/><T124/><D108/><U11/><E104/><V56/><F56/><W29/><AGARI ba="0,0" hai="21,26,29,45,47" m="24587,60727,51471" machi="29" ten="30,1100,0" yaku="8,1" doraHai="115" who="3" fromWho="3" sc="66,-3,535,-5,167,-3,232,11" /><INIT seed="6,0,0,0,4,87" ten="63,530,164,243" oya="2" hai0="116,123,88,107,58,26,64,101,47,22,70,98,8" hai1="46,103,13,122,75,60,82,1,27,57,105,110,18" hai2="54,36,30,104,59,102,28,93,66,132,19,5,117" hai3="65,69,9,73,51,133,84,37,11,23,15,16,113"/><V97/><F36/><W10/><G37/><T76/><D123/><U42/><E1/><V106/><F117/><W50/><G73/><T114/><D116/><U52/><E27/><V131/><F106/><W130/><G130/><T44/><D114/><U68/><E68/><V77/><F104/><W40/><G133/><T29/><D70/><U127/><E122/><V45/><F132/><W63/><G113/><T17/><D76/><U92/><E105/><V25/><F5/><W108/><G108/><T32/><D8/><U14/><E127/><V79/><F131/><W81/><REACH who="3" step="1"/><G40/><REACH who="3" ten="63,530,164,233" step="2"/><T31/><D31/><U118/><E42/><V3/><F30/><W90/><AGARI ba="0,1" hai="9,10,11,15,16,23,50,51,63,65,69,81,84,90" machi="90" ten="30,8000,1" yaku="1,1,2,1,0,1,52,1,54,1,53,0" doraHai="87" doraHaiUra="74" who="3" fromWho="3" sc="63,-20,530,-20,164,-40,233,90" /><INIT seed="7,0,0,0,3,82" ten="43,510,124,323" oya="3" hai0="111,25,121,101,59,68,33,34,124,125,55,5,20" hai1="99,87,31,88,100,67,95,84,46,97,48,75,42" hai2="17,6,132,26,63,8,11,106,19,79,21,43,123" hai3="12,4,38,104,56,1,126,74,91,134,119,7,57"/><W90/><G119/><T117/><D68/><U133/><E75/><V116/><F106/><W52/><G38/><T47/><D117/><U96/><E133/><V122/><F116/><W29/><G1/><T109/><D101/><U120/><E120/><N who="2" m="46123" /><F132/><W103/><G74/><T16/><D47/><U54/><E67/><V92/><F79/><W112/><G112/><T80/><D80/><U127/><E127/><N who="0" m="48713" /><D55/><U50/><E31/><N who="2" m="17871" /><F92/><W22/><G126/><T114/><D59/><N who="1" m="33239" /><E87/><V62/><F43/><W86/><G134/><T64/><D64/><U108/><E108/><N who="0" m="41545" /><D121/><U98/><E98/><V35/><F35/><N who="0" m="13322" /><D5/><N who="3" m="2121" /><G103/><AGARI ba="0,0" hai="42,46,48,84,88,95,96,97,99,100,103" m="33239" machi="103" ten="30,3900,0" yaku="8,1,52,1,54,1" doraHai="82" who="1" fromWho="3" sc="43,0,510,39,124,0,323,-39" owari="43,-46.0,549,66.0,124,-28.0,284,8.0" /></mjloggm>