<mjloggm ver="2.3"><GO type="169" lobby="0"/><UN n0="%E5%81%A5%E5%85%A8%E7%90%86%E7%B3%BB%E7%94%B7%E5%85%90" n1="%E3%82%A6%E3%83%AB%E3%83%88%E3%83%A9%E7%AB%8B%E7%9B%B4" n2="%E2%98%85%E9%9B%80%E9%AC%BC%E7%99%BE%E7%80%AC%E2%98%85" n3="%E3%83%86%E3%83%AA%E3%82%84%E3%81%8D%E3%83%90%E3%83%BC%E3%82%AC%E3%83%BC" dan="16,16,18,16" rate="2084.52,2109.99,2203.04,2117.94" sx="M,M,M,M"/><TAIKYOKU oya="0"/><INIT seed="0,0,0,3,1,134" ten="250,250,250,250" oya="0" hai0="103,11,36,49,90,113,117,132,40,82,45,1,16" hai1="39,52,119,26,31,73,37,23,92,112,50,86,84" hai2="126,131,55,14,76,24,8,124,104,19,46,70,128" hai3="98,66,57,59,91,133,53,2,43,64,129,20,102"/><T68/><D113/><U6/><E119/><V74/><F104/><W79/><G2/><T63/><D117/><U110/><E110/><V88/><F70/><W58/><G133/><T10/><D132/><U32/><E73/><V33/><F74/><W72/><G43/><T54/><D103/><U95/><E112/><V42/><F76/><W111/><G111/><T96/><D1/><U47/><E6/><V105/><F55/><W106/><G53/><T67/><D16/><U35/><E92/><V77/><F77/><W48/><G48/><T114/><D114/><U5/><E5/><V34/><F105/><W41/><G41/><T97/><D82/><U123/><E123/><V7/><F88/><W22/><G91/><T27/><D27/><U4/><E4/><V65/><F65/><W94/><G106/><T135/><D135/><U83/><E95/><V44/><F44/><W17/><G22/><T93/><REACH who="0" step="1"/><D97/><REACH who="0" ten="240,250,250,250" step="2"/><U78/><REACH who="1" step="1"/><E86/><REACH who="1" ten="240,240,250,250" step="2"/><V101/><F7/><W130/><G130/><T56/><AGARI ba="0,2" hai="10,11,36,40,45,49,54,56,63,67,68,90,93,96" machi="56" ten="20,18000,2" yaku="1,1,2,1,0,1,7,1,24,2,53,0" doraHai="134" doraHaiUra="100" who="0" fromWho="0" sc="240,200,240,-60,250,-60,250,-60" /><INIT seed="0,1,0,2,1,129" ten="440,180,190,190" oya="0" hai0="52,13,22,78,66,27,9,21,6,23,3,85,62" hai1="98,113,56,77,107,8,46,74,36,71,14,124,40" hai2="41,106,123,133,55,130,7,17,16,94,103,99,44" hai3="134,115,83,69,32,61,82,90,91,11,38,37,104"/><T34/><D34/><U29/><E71/><V26/><F123/><W65/><G115/><T87/><D3/><U42/><E124/><V19/><F130/><W111/><G111/><T110/><D110/><U73/><E113/><V121/><F121/><W63/><G32/><T30/><D66/><U114/><E114/><V24/><F7/><W64/><G11/><T112/><D112/><U53/><E29/><V39/><F133/><W0/><G0/><T135/><D135/><U88/><E42/><V81/><F81/><W45/><G45/><T96/><D96/><U116/><E77/><V119/><F119/><W33/><G33/><T127/><D127/><U5/><E116/><V28/><F55/><W100/><G100/><T80/><D85/><U120/><E120/><V126/><F126/><W10/><G10/><T57/><AGARI ba="1,0" hai="6,9,13,21,22,23,27,30,52,57,62,78,80,87" machi="57" ten="30,6000,0" yaku="0,1,8,1,54,1" doraHai="129" who="0" fromWho="0" sc="440,63,180,-21,190,-21,190,-21" /><INIT seed="0,2,0,0,2,83" ten="503,159,169,169" oya="0" hai0="115,55,31,112,128,108,116,106,105,40,126,56,37" hai1="72,53,109,34,111,1,26,120,110,45,43,76,124" hai2="5,6,38,63,134,28,131,57,13,7,49,73,36" hai3="11,48,66,17,93,119,104,88,69,9,102,65,29"/><T90/><D116/><U21/><E120/><V10/><F73/><W117/><G29/><T39/><D31/><U0/><E124/><V79/><F79/><W125/><G125/><T114/><D126/><U15/><E15/><V61/><F131/><W95/><G48/><T16/><D40/><U135/><E135/><V101/><F134/><W44/><G44/><T25/><D39/><N who="1" m="21759" /><E53/><V100/><F28/><W85/><G104/><T52/><D37/><U129/><E129/><V107/><F36/><W33/><G33/><T122/><D122/><U84/><E72/><V46/><F107/><W2/><G69/><T18/><D128/><U91/><E76/><V23/><F23/><W3/><G17/><T68/><D68/><U77/><E77/><V64/><F63/><W71/><G71/><T8/><D18/><N who="1" m="12599" /><E34/><V98/><F38/><W123/><G123/><T19/><D19/><U42/><E42/><N who="2" m="24791" /><F98/><N who="3" m="59743" /><G2/><T81/><D112/><U47/><E47/><V67/><F67/><N who="3" m="25611" /><G3/><T74/><D74/><U32/><E32/><V92/><F5/><W24/><G24/><T130/><D25/><U50/><E50/><V96/><F6/><W54/><G54/><T51/><D55/><U132/><E132/><V27/><F27/><W121/><G121/><T94/><D52/><U99/><E99/><V82/><F7/><W86/><G119/><T118/><D118/><U12/><E12/><V14/><F14/><W127/><G127/><T62/><D130/><U30/><E30/><V35/><F35/><W59/><G117/><T4/><D114/><U78/><E78/><V22/><F13/><RYUUKYOKU ba="2,0" sc="503,-10,159,30,169,-10,169,-10" hai1="0,1,84,91,109,110,111" /><INIT seed="1,3,0,0,4,120" ten="493,189,159,159" oya="1" hai0="129,67,132,42,115,74,55,6,114,75,2,84,130" hai1="34,90,111,126,124,102,20,85,72,118,50,17,123" hai2="96,101,14,18,69,9,121,82,62,134,45,116,76" hai3="28,13,38,30,98,92,46,66,78,80,32,127,94"/><U56/><E34/><V36/><F121/><W57/><G127/><N who="1" m="48682" /><E72/><N who="0" m="27689" /><D132/><U53/><E123/><V24/><F134/><W19/><G38/><T70/><D42/><U41/><E102/><V106/><F116/><W103/><G46/><T59/><D67/><U31/><E118/><V86/><F36/><W119/><G119/><T91/><D70/><U0/><E0/><V27/><F45/><W47/><G47/><T104/><D104/><U131/><E41/><V26/><F69/><W16/><G94/><N who="0" m="54631" /><D6/><U54/><E54/><V100/><F100/><W11/><G19/><T61/><D2/><U4/><E4/><V23/><REACH who="2" step="1"/><F62/><REACH who="2" ten="493,189,149,159" step="2"/><N who="3" m="38223" /><G32/><T1/><D115/><U107/><E107/><V49/><F49/><W133/><G133/><T71/><D114/><U37/><E37/><V68/><F68/><W64/><G64/><T48/><D71/><U108/><E131/><V5/><AGARI ba="3,1" hai="5,9,14,18,23,24,26,27,76,82,86,96,101,106" machi="5" ten="20,5200,0" yaku="1,1,0,1,7,1,53,1" doraHai="120" doraHaiUra="15" who="2" fromWho="2" sc="493,-16,189,-29,149,71,159,-16" /><INIT seed="2,0,0,4,3,59" ten="477,160,220,143" oya="2" hai0="48,123,51,72,28,76,101,129,27,53,98,10,74" hai1="109,39,90,122,67,89,29,8,65,126,24,6,128" hai2="94,110,12,113,56,44,100,45,57,16,19,22,111" hai3="119,125,91,50,117,37,54,1,103,26,66,60,133"/><V30/><F113/><W77/><G1/><T114/><D123/><U18/><E39/><V85/><F30/><W82/><G37/><T9/><D114/><U61/><E109/><N who="2" m="41483" /><F56/><W69/><G133/><T107/><D51/><U33/><E126/><V35/><F35/><W0/><G0/><T23/><D129/><U116/><E128/><V63/><F19/><W21/><G91/><T75/><REACH who="0" step="1"/><D76/><REACH who="0" ten="467,160,220,143" step="2"/><U58/><E122/><V95/><F100/><W34/><G125/><T132/><D132/><U42/><E116/><V52/><F85/><W134/><G103/><T70/><D70/><U78/><E78/><V73/><F73/><W135/><G135/><T13/><D13/><U40/><E90/><V88/><F88/><W79/><G79/><T118/><D118/><U38/><E89/><V14/><F14/><W43/><G134/><T5/><D5/><U47/><E6/><V83/><F83/><W131/><G131/><T32/><D32/><U7/><E7/><V102/><F102/><W4/><G34/><T84/><D84/><U25/><E25/><V81/><F81/><W92/><G4/><T124/><D124/><U115/><E115/><V97/><F97/><W2/><G82/><T62/><D62/><U55/><E40/><V71/><F71/><W93/><G77/><T64/><D64/><U80/><E80/><V99/><F99/><W15/><G15/><T130/><D130/><U121/><E121/><V36/><F36/><W68/><G69/><T46/><AGARI ba="0,1" hai="9,10,23,27,28,46,48,53,72,74,75,98,101,107" machi="46" ten="30,2000,0" yaku="1,1,0,1,53,0" doraHai="59" doraHaiUra="87" who="0" fromWho="0" sc="467,30,160,-5,220,-10,143,-5" /><INIT seed="3,0,0,3,5,60" ten="497,155,210,138" oya="3" hai0="130,24,17,61,41,114,76,108,109,128,6,27,15" hai1="120,36,96,10,92,78,112,81,83,5,13,42,58" hai2="39,33,95,49,18,104,124,98,72,43,127,121,101" hai3="14,82,19,20,21,0,28,94,7,26,87,74,69"/><W53/><G74/><T1/><D76/><U9/><E120/><V90/><F33/><W32/><G94/><T110/><D41/><U117/><E112/><V93/><F72/><W68/><G53/><T126/><D61/><U118/><E9/><V51/><F121/><W132/><G21/><N who="0" m="11455" /><D126/><N who="2" m="48170" /><F95/><W34/><G34/><T80/><D80/><U35/><E35/><V97/><F18/><W62/><G62/><T45/><D45/><AGARI ba="0,0" hai="39,43,45,49,51,90,93,97,98,101,104" m="48170" machi="45" ten="30,1000,0" yaku="18,1" doraHai="60" who="2" fromWho="0" sc="497,-10,155,0,210,10,138,0" /><INIT seed="4,0,0,1,2,50" ten="487,155,220,138" oya="0" hai0="68,113,18,36,118,121,20,25,110,133,82,105,90" hai1="97,100,93,132,55,23,32,37,7,6,89,99,48" hai2="27,94,109,115,123,86,96,65,134,108,22,14,8" hai3="26,92,120,128,13,15,112,28,62,129,54,46,116"/><T2/><D18/><U42/><E32/><V83/><F123/><W102/><G116/><T76/><D20/><U4/><E132/><V29/><F134/><W58/><G120/><T125/><D90/><U72/><E72/><V45/><F65/><W84/><G46/><T53/><D53/><U19/><E37/><V124/><F124/><W49/><G112/><T69/><D82/><U12/><E42/><V30/><F30/><W10/><G62/><T70/><D25/><U60/><E60/><V39/><F115/><W107/><G107/><T130/><D76/><U91/><REACH who="1" step="1"/><E99/><REACH who="1" ten="487,145,220,138" step="2"/><V71/><F39/><W81/><G129/><T85/><D85/><U44/><AGARI ba="0,1" hai="4,6,7,12,19,23,44,48,55,89,91,93,97,100" machi="44" ten="30,8000,1" yaku="1,1,2,1,0,1,8,1,52,1,53,0" doraHai="50" doraHaiUra="135" who="1" fromWho="1" sc="487,-40,145,90,220,-20,138,-20" /><INIT seed="5,0,0,4,5,127" ten="447,235,200,118" oya="1" hai0="20,51,33,88,29,96,61,104,45,65,24,4,114" hai1="123,41,94,3,21,16,83,58,8,25,89,42,105" hai2="119,52,5,80,54,59,34,73,37,60,84,1,91" hai3="15,113,36,47,53,46,78,50,108,17,23,110,120"/><U126/><E105/><V118/><F34/><W56/><G120/><T38/><D38/><U124/><E123/><V82/><F37/><W7/><G113/><T135/><D135/><U101/><E101/><V57/><F1/><W99/><G78/><T132/><D132/><U102/><E102/><V70/><F70/><W43/><G99/><T64/><D4/><N who="1" m="1055" /><E83/><V63/><F5/><W97/><G97/><T69/><D65/><U35/><E58/><V62/><F62/><W106/><G106/><T75/><D75/><U0/><E0/><V133/><F133/><W125/><G125/><N who="1" m="48234" /><E35/><V72/><F72/><W32/><G32/><T10/><D114/><U115/><E115/><V131/><F73/><W116/><G116/><T109/><D104/><U85/><AGARI ba="0,0" hai="16,21,25,41,42,85,89,94" m="48234,1055" machi="85" ten="30,3000,0" yaku="18,1,54,1" doraHai="127" who="1" fromWho="1" sc="447,-10,235,30,200,-10,118,-10" /><INIT seed="5,1,0,0,5,96" ten="437,265,190,108" oya="1" hai0="19,55,22,110,20,2,115,107,109,126,72,68,10" hai1="17,32,95,98,124,103,113,122,69,81,123,82,24" hai2="71,41,119,88,50,90,30,108,118,16,64,44,29" hai3="117,26,21,132,74,130,43,76,60,7,34,58,77"/><U104/><E124/><V101/><F108/><W40/><G130/><T61/><D72/><U91/><E69/><V52/><F119/><W121/><G121/><T14/><D107/><U31/><E113/><V135/><F118/><W133/><G34/><T86/><D115/><U70/><E70/><V114/><F114/><W106/><G7/><T102/><D126/><U6/><E6/><V89/><F135/><N who="3" m="51787" /><G117/><T59/><D68/><U35/><E35/><V25/><F71/><W84/><G106/><T65/><D65/><U94/><E94/><V1/><F1/><W134/><G84/><T11/><D86/><U128/><E128/><V67/><F41/><N who="3" m="15947" /><G74/><T47/><D47/><U39/><E39/><V13/><F101/><W66/><N who="3" m="51795" /><W37/><DORA hai="99" /><G37/><T63/><D2/><U83/><REACH who="1" step="1"/><E17/><AGARI ba="1,0" hai="17,21,26,58,60,66,76,77" m="15947,51795" machi="17" ten="40,1300,0" yaku="20,1" doraHai="96,99" who="3" fromWho="1" sc="437,0,265,-16,190,0,108,16" /><INIT seed="6,0,0,5,2,1" ten="437,249,190,124" oya="2" hai0="45,25,34,123,93,26,85,97,75,17,95,115,99" hai1="50,3,63,40,0,102,66,11,107,80,19,5,2" hai2="23,100,120,47,60,94,38,43,37,69,117,109,118" hai3="92,96,31,59,70,113,91,135,4,126,39,41,64"/><V9/><F120/><W82/><G135/><T12/><D75/><U35/><E35/><V110/><F23/><W58/><G126/><T89/><D123/><U105/><E19/><V112/><F100/><W61/><G31/><T77/><D34/><U7/><E80/><V56/><F94/><W36/><G113/><T65/><D65/><U83/><E83/><V103/><F103/><W87/><G39/><N who="2" m="14857" /><F69/><W114/><G114/><T21/><D115/><U42/><E102/><V28/><F9/><W10/><G41/><T78/><D45/><U51/><E11/><V124/><F28/><W98/><G36/><T48/><D48/><N who="1" m="18475" /><E63/><V30/><F30/><W88/><REACH who="3" step="1"/><G96/><REACH who="3" ten="437,249,190,114" step="2"/><T125/><D125/><U84/><E42/><V18/><F124/><W134/><G134/><T122/><D122/><U74/><E40/><V54/><F112/><W129/><G129/><T53/><D97/><U132/><E132/><V16/><F43/><W22/><G22/><T46/><D99/><U27/><E107/><V29/><F29/><W72/><G72/><T86/><D21/><U20/><E74/><V90/><F117/><W108/><G108/><T68/><D85/><U128/><E84/><V127/><F127/><W55/><G55/><T49/><D53/><U44/><E105/><V104/><F104/><W131/><G131/><T57/><D86/><U13/><E128/><V119/><F118/><W106/><G106/><T14/><D46/><U6/><E44/><V79/><F119/><W73/><G73/><T24/><D77/><U62/><E20/><V101/><F79/><W8/><G8/><RYUUKYOKU ba="0,1" sc="437,-10,249,-10,190,-10,114,30" hai3="4,10,58,59,61,64,70,82,87,88,91,92,98" /><INIT seed="7,1,1,4,2,20" ten="427,239,180,144" oya="3" hai0="42,40,11,123,78,62,51,71,57,132,48,10,14" hai1="1,66,2,74,63,22,21,85,33,37,131,50,36" hai2="64,113,45,58,109,130,16,107,26,90,96,65,8" hai3="35,93,72,23,39,111,75,25,128,88,126,105,114"/><W117/><RYUUKYOKU type="yao9" ba="1,1" sc="427,0,239,0,180,0,144,0" hai3="23,25,35,39,72,75,88,93,105,111,114,117,126,128" /><INIT seed="7,2,1,4,2,28" ten="427,239,180,144" oya="3" hai0="3,47,45,13,57,78,81,73,105,66,92,7,18" hai1="64,19,61,106,74,70,116,31,108,51,84,59,96" hai2="37,117,20,27,48,114,67,109,129,111,63,40,54" hai3="16,101,39,23,103,127,56,98,120,8,35,133,113"/><W89/><G120/><T130/><D105/><U5/><E74/><V14/><F117/><W60/><G133/><T76/><D76/><U10/><E108/><V131/><F14/><W102/><G127/><T26/><D130/><N who="2" m="49674" /><F114/><W79/><G113/><T41/><D26/><U100/><E19/><N who="2" m="12703" /><F40/><W69/><G8/><T87/><D7/><U68/><E31/><V93/><F37/><W90/><G69/><T119/><D3/><U123/><E123/><V72/><F72/><W134/><G134/><T1/><D1/><U32/><E32/><V75/><F75/><W30/><G79/><T121/><D41/><U33/><E33/><V132/><F93/><N who="3" m="56631" /><G89/><T80/><D119/><U99/><E99/><V107/><F107/><W4/><G4/><T38/><D38/><U12/><E116/><V104/><F104/><W58/><G39/><T128/><D128/><U2/><E2/><V29/><F132/><W0/><G0/><T115/><D115/><U11/><E70/><N who="2" m="42367" /><F29/><W15/><G35/><T55/><D121/><U50/><E68/><V46/><AGARI ba="2,1" hai="46,48,54,109,111" m="42367,12703,49674" machi="46" ten="30,1100,0" yaku="19,1" doraHai="28" who="2" fromWho="2" sc="427,-5,239,-5,180,27,144,-7" owari="422,52.0,234,3.0,207,-19.0,137,-36.0" /></mjloggm>