<mjloggm ver="2.3"><GO type="225" lobby="0"/><UN n0="%52%65%6D%65%6D%62%65%72" n1="%E7%94%98%E7%B2%95%E3%81%A4%E3%81%B0%E3%82%81" n2="%E3%83%88%E3%83%88%E3%83%AA%E5%85%88%E7%94%9F%31%39%E6%AD%B3" n3="%E9%87%98%E5%AE%AE%E7%97%85%E6%82%A3%E8%80%85" dan="16,16,18,16" rate="2074.60,2113.52,2262.10,2200.16" sx="M,F,F,F"/><TAIKYOKU oya="0"/><INIT seed="0,0,0,5,4,86" ten="250,250,250,250" oya="0" hai0="97,101,93,131,126,88,29,92,41,119,127,51,118" hai1="82,111,18,134,77,38,40,70,105,58,117,104,4" hai2="54,21,16,34,90,46,56,98,5,129,2,115,120" hai3="59,71,61,44,43,9,66,3,15,6,31,132,25"/><T53/><D41/><U74/><E70/><V17/><F120/><W128/><G128/><T79/><D29/><U108/><E117/><V27/><F115/><W65/><G132/><T14/><D14/><U33/><E134/><V24/><F129/><W121/><G121/><T100/><D131/><U130/><E130/><V63/><F2/><W20/><G3/><T57/><D79/><U81/><E33/><V91/><F5/><W106/><G106/><T113/><D113/><U103/><E82/><V102/><F46/><W87/><G87/><N who="0" m="52255" /><D101/><U99/><E104/><V55/><F55/><W11/><G11/><T22/><D22/><U135/><E135/><V1/><F1/><W125/><G125/><AGARI ba="0,0" hai="51,53,57,93,97,100,118,119,125,126,127" m="52255" machi="125" ten="30,5800,0" yaku="18,1,52,1,54,1" doraHai="86" who="0" fromWho="3" sc="250,58,250,0,250,0,250,-58" /><INIT seed="0,1,0,3,1,43" ten="308,250,250,192" oya="0" hai0="70,82,98,2,112,95,68,113,76,88,130,129,99" hai1="108,36,45,21,44,49,61,124,58,67,57,38,66" hai2="20,11,134,4,127,73,126,107,91,27,37,3,123" hai3="100,42,131,69,59,22,93,14,65,12,34,105,83"/><T0/><D99/><U18/><E108/><V39/><F123/><W40/><G69/><T15/><D68/><U35/><E35/><V103/><F73/><W46/><G34/><T54/><D70/><U104/><E104/><V30/><F134/><W74/><G105/><T89/><D15/><U114/><E124/><N who="2" m="47659" /><F91/><W84/><G74/><N who="0" m="43287" /><D54/><U125/><E125/><V62/><F62/><N who="3" m="38111" /><G131/><N who="0" m="50187" /><D89/><U55/><E114/><AGARI ba="1,0" hai="0,2,88,95,98,112,113,114" m="50187,43287" machi="114" ten="30,2900,0" yaku="19,1,54,1" doraHai="43" who="0" fromWho="1" sc="308,32,250,-32,250,0,192,0" /><INIT seed="0,2,0,0,2,11" ten="340,218,250,192" oya="0" hai0="99,28,121,106,30,60,130,76,33,7,95,61,127" hai1="107,109,100,27,116,112,35,12,20,0,80,65,118" hai2="21,135,2,19,70,63,22,6,53,102,92,42,3" hai3="126,38,133,16,105,50,119,17,39,78,5,74,44"/><T98/><D121/><U134/><E65/><V1/><F135/><W113/><G113/><T51/><D76/><U82/><E100/><V55/><F42/><W84/><G74/><T71/><D7/><U79/><E107/><V37/><F37/><W117/><G105/><T31/><D33/><U49/><E49/><V32/><F32/><W73/><G73/><T94/><D130/><U103/><E103/><V47/><F6/><W67/><G67/><T45/><D127/><U52/><E80/><V8/><F8/><W85/><G133/><T64/><D61/><U131/><E112/><V81/><F22/><W48/><G5/><T129/><D129/><U29/><E134/><V128/><F128/><W26/><G26/><T56/><D71/><U43/><E43/><V10/><F10/><W41/><G41/><N who="0" m="25007" /><D106/><U83/><E131/><V114/><F114/><W34/><G34/><T46/><D46/><U96/><E79/><V86/><F47/><W87/><G44/><T68/><D68/><U108/><E0/><V123/><F63/><W40/><G40/><T9/><D9/><U18/><E52/><N who="2" m="20043" /><F70/><W59/><G126/><T90/><D99/><U132/><E96/><N who="2" m="59655" /><F123/><W13/><G78/><T77/><D77/><U111/><E132/><V62/><F62/><W15/><REACH who="3" step="1"/><G87/><REACH who="3" ten="340,218,250,182" step="2"/><N who="0" m="52575" /><D64/><U89/><E109/><V104/><F104/><W4/><G4/><T58/><D98/><U72/><E108/><V110/><F110/><W124/><G124/><T57/><D60/><U23/><E111/><V91/><F2/><W14/><G14/><T75/><D75/><U36/><E72/><RYUUKYOKU ba="2,1" sc="340,10,218,-30,250,10,182,10" hai0="28,30,31,56,57,58,95" hai2="1,3,19,21,81,86,91" hai3="13,15,16,17,38,39,48,50,59,84,85,117,119" /><INIT seed="0,3,1,0,5,35" ten="350,188,260,192" oya="0" hai0="1,38,2,8,11,4,94,93,110,47,21,26,23" hai1="113,105,57,60,55,0,15,119,36,52,51,104,116" hai2="24,85,9,19,121,120,88,14,99,6,53,135,32" hai3="92,73,37,124,43,70,61,30,98,68,39,81,114"/><T3/><D110/><U97/><E36/><V50/><F135/><W65/><G114/><T75/><D75/><U122/><E122/><V63/><F63/><W80/><G124/><T54/><D23/><U28/><E113/><V111/><F99/><W45/><G70/><T96/><D8/><U91/><E0/><V117/><F117/><W12/><G30/><T20/><D20/><U129/><E129/><V18/><F111/><W125/><G125/><T58/><D94/><U5/><E28/><V69/><F69/><W115/><G115/><T100/><D47/><U42/><E42/><V10/><F32/><W71/><G71/><T49/><D38/><U132/><E132/><V72/><F72/><W102/><G73/><T7/><D7/><U59/><E91/><V130/><F130/><W109/><G109/><T40/><D40/><U25/><E25/><V112/><F112/><W128/><G128/><T34/><D34/><U67/><E67/><V127/><F127/><W41/><G12/><T123/><D123/><U22/><E22/><V17/><F10/><W103/><REACH who="3" step="1"/><G103/><REACH who="3" ten="350,188,260,182" step="2"/><T76/><D76/><U16/><E116/><V90/><F24/><W62/><G62/><T29/><AGARI ba="3,2" hai="1,2,3,4,11,21,26,29,49,54,58,93,96,100" machi="29" ten="20,12000,1" yaku="0,1,7,1,52,3" doraHai="35" who="0" fromWho="0" sc="350,149,188,-43,260,-43,182,-43" /><INIT seed="0,4,0,5,4,120" ten="499,145,217,139" oya="0" hai0="98,130,121,76,93,8,48,20,13,57,103,33,127" hai1="78,30,82,91,68,94,53,66,75,131,62,10,128" hai2="123,87,125,92,5,0,59,102,12,79,132,90,28" hai3="49,124,7,135,42,27,23,108,67,18,50,37,80"/><T22/><D121/><U133/><E133/><V61/><F123/><W39/><G135/><T88/><D33/><U11/><E30/><V25/><F0/><W65/><G7/><T95/><D130/><N who="1" m="49707" /><E53/><V96/><F125/><W36/><G124/><T15/><D127/><U43/><E43/><V89/><F132/><W9/><G9/><T126/><D76/><U54/><E54/><V31/><F79/><W112/><G112/><T16/><D126/><U26/><E26/><V107/><F89/><W113/><G113/><T44/><D57/><U14/><E14/><V134/><F134/><W114/><G114/><T110/><D110/><U81/><E81/><N who="2" m="49519" /><F107/><W1/><G1/><T3/><D3/><U56/><E68/><V29/><F25/><W115/><G115/><T38/><D38/><U70/><E70/><V58/><F61/><W85/><G108/><T118/><D118/><U105/><E105/><V84/><F84/><AGARI ba="4,0" hai="10,11,56,62,66,75,78,82,84,91,94" m="49707" machi="84" ten="30,1000,0" yaku="19,1" doraHai="120" who="1" fromWho="2" sc="499,0,145,22,217,-22,139,0" /><INIT seed="1,0,0,3,5,26" ten="499,167,195,139" oya="1" hai0="23,44,53,47,130,64,117,15,41,43,14,86,101" hai1="69,133,70,128,116,96,109,18,85,124,87,72,7" hai2="4,31,39,22,127,45,68,5,0,92,93,12,52" hai3="13,66,61,55,51,120,54,29,77,105,63,88,95"/><U79/><E116/><V83/><F68/><W40/><G105/><T16/><D117/><U100/><E7/><N who="2" m="2635" /><F39/><W50/><G120/><T91/><D101/><U110/><E128/><V27/><F0/><W111/><G111/><N who="1" m="42506" /><E133/><V108/><F127/><W122/><G122/><T19/><D130/><U20/><E124/><V3/><F3/><W103/><G77/><T82/><D64/><U114/><E72/><V135/><F135/><W118/><G118/><T9/><D53/><N who="3" m="19977" /><G103/><T123/><D123/><U71/><E114/><V24/><F12/><W76/><G76/><T34/><D34/><U106/><E79/><V33/><F33/><W28/><G13/><AGARI ba="0,0" hai="13,18,20,69,70,71,85,87,96,100,106" m="42506" machi="13" ten="40,3900,0" yaku="14,1,10,1" doraHai="26" who="1" fromWho="3" sc="499,0,167,39,195,0,139,-39" /><INIT seed="1,1,0,1,1,127" ten="499,206,195,100" oya="1" hai0="15,105,99,39,55,19,79,10,50,5,110,114,109" hai1="24,17,101,1,85,6,32,58,52,33,87,89,84" hai2="120,40,98,47,123,81,135,16,30,37,66,113,20" hai3="96,29,2,13,46,62,18,64,48,107,131,57,111"/><U69/><E69/><V56/><F135/><W65/><G2/><T83/><D39/><U117/><E117/><V72/><F30/><W118/><G118/><T119/><D119/><U38/><E38/><V80/><F113/><W124/><G124/><T74/><D114/><U88/><E101/><V35/><F35/><W27/><G111/><N who="0" m="42507" /><D99/><U95/><E6/><V73/><F98/><W132/><G132/><T28/><D28/><U130/><E130/><V11/><F11/><W4/><G4/><T121/><D105/><U90/><E1/><V86/><F66/><W126/><G126/><T0/><D121/><U61/><E95/><V54/><F120/><W122/><G122/><T91/><D91/><U21/><AGARI ba="1,0" hai="17,21,24,32,33,52,58,61,84,85,87,88,89,90" machi="21" ten="40,7800,0" yaku="0,1,54,2" doraHai="127" who="1" fromWho="1" sc="499,-27,206,81,195,-27,100,-27" /><INIT seed="1,2,0,4,3,45" ten="472,287,168,73" oya="1" hai0="104,111,126,125,103,15,121,56,47,8,72,90,113" hai1="100,92,6,17,109,128,71,29,12,129,77,14,57" hai2="86,88,74,49,30,42,7,85,18,79,127,70,38" hai3="119,67,55,95,107,34,93,33,61,66,32,52,135"/><U96/><E71/><V27/><F70/><W51/><G107/><T0/><D121/><U116/><E116/><V99/><F38/><W43/><G135/><T68/><D68/><U87/><E109/><V102/><F127/><W110/><G110/><T4/><D111/><U123/><E123/><V19/><F7/><W62/><G43/><T130/><D72/><U23/><E29/><V91/><F74/><W2/><G2/><T89/><D130/><N who="1" m="50283" /><E57/><V5/><F5/><W134/><G134/><T75/><D56/><U21/><E6/><V117/><F79/><W124/><G124/><T83/><D113/><U120/><E120/><V65/><F65/><W22/><G22/><N who="1" m="8202" /><E17/><N who="2" m="6155" /><F27/><W41/><G41/><T44/><D4/><U36/><E36/><V131/><F30/><W112/><G33/><T54/><D125/><U78/><E87/><N who="2" m="33291" /><F117/><W132/><G132/><T94/><D75/><U13/><AGARI ba="2,0" hai="12,13,14,77,78,92,96,100" m="8202,50283" machi="13" ten="40,2100,0" yaku="19,1" doraHai="45" who="1" fromWho="1" sc="472,-9,287,27,168,-9,73,-9" /><INIT seed="1,3,0,1,4,128" ten="463,314,159,64" oya="1" hai0="76,45,95,79,115,8,74,100,86,15,109,27,69" hai1="44,82,113,1,103,88,49,114,30,130,122,110,91" hai2="22,85,36,73,106,135,108,25,120,68,105,132,93" hai3="42,52,129,92,84,96,31,123,94,55,77,119,134"/><U107/><E130/><V6/><F120/><W70/><G70/><T29/><D109/><U9/><E122/><V10/><F73/><W21/><G123/><T18/><D69/><U81/><E30/><V3/><F68/><W48/><G129/><T89/><D115/><N who="1" m="44043" /><E49/><V56/><F36/><W26/><G134/><N who="2" m="51241" /><F108/><W19/><G119/><T33/><D74/><U34/><E44/><V121/><F121/><W101/><G31/><T99/><D45/><U72/><E81/><AGARI ba="3,0" hai="8,15,18,27,29,33,76,79,81,86,89,95,99,100" machi="81" ten="30,1000,0" yaku="7,1" doraHai="128" who="0" fromWho="1" sc="463,19,314,-19,159,0,64,0" /><INIT seed="2,0,0,1,3,22" ten="482,295,159,64" oya="2" hai0="60,89,68,1,25,0,107,7,96,46,64,61,55" hai1="111,54,5,20,119,85,32,120,36,42,83,10,104" hai2="79,95,26,125,116,37,87,17,123,50,106,110,99" hai3="49,86,57,67,39,97,18,75,76,31,14,44,109"/><V88/><F116/><W35/><G109/><T30/><D7/><U84/><E32/><V41/><F123/><W63/><G39/><T135/><D135/><U126/><E126/><V70/><F70/><W69/><G97/><T78/><D78/><U12/><E104/><V129/><F37/><W82/><G69/><T3/><D89/><U72/><E111/><V128/><F110/><W8/><G75/><T77/><D77/><N who="1" m="44455" /><E54/><V133/><F133/><W58/><G58/><N who="0" m="34911" /><D46/><N who="1" m="23879" /><E119/><V118/><F118/><W105/><G105/><T15/><D0/><N who="1" m="295" /><E120/><V29/><F125/><W62/><G62/><T108/><D15/><U115/><E115/><V114/><F114/><W122/><G122/><T74/><D74/><U6/><E6/><V56/><F79/><W117/><G117/><T34/><D108/><U93/><E93/><V94/><F106/><W52/><G35/><T90/><D90/><U73/><E73/><V121/><F121/><W91/><G76/><T112/><D112/><U130/><E130/><V98/><F95/><W11/><REACH who="3" step="1"/><G31/><REACH who="3" ten="482,295,159,54" step="2"/><T65/><D61/><U124/><E124/><V59/><F56/><W48/><G48/><T21/><D68/><U81/><E85/><V103/><F29/><W38/><G38/><T27/><D96/><U66/><E84/><V13/><F99/><W53/><G53/><T43/><D107/><U51/><E51/><V132/><F98/><W33/><G33/><T23/><D43/><U127/><E127/><V92/><F59/><W45/><G45/><T28/><D34/><U80/><E66/><N who="0" m="25705" /><D30/><U19/><AGARI ba="0,1" hai="12,19,20,80,81" m="295,23879,44455" machi="19" ten="30,1100,0" yaku="25,1" doraHai="22" who="1" fromWho="1" sc="482,-3,295,21,159,-5,54,-3" /><INIT seed="3,0,0,3,3,64" ten="479,316,154,51" oya="3" hai0="57,73,67,53,85,52,134,3,99,10,119,40,27" hai1="25,49,55,125,56,135,19,11,48,65,131,44,29" hai2="34,116,126,105,32,117,128,106,51,20,18,63,70" hai3="0,13,54,59,23,86,39,111,35,22,118,16,17"/><W24/><G118/><T1/><D52/><N who="1" m="29703" /><E131/><V8/><F128/><W14/><G39/><T38/><D85/><U76/><E135/><V81/><F126/><W109/><G86/><T45/><D27/><U101/><E125/><V60/><F8/><W7/><G59/><T103/><D10/><U77/><E101/><V26/><F51/><W95/><G95/><T104/><D73/><U94/><E65/><V122/><F81/><W31/><G54/><T36/><D67/><U42/><E94/><V113/><F26/><W74/><G74/><T28/><D119/><U69/><E69/><V21/><F70/><W133/><G133/><T90/><D28/><U130/><E130/><V92/><F18/><W98/><G98/><T72/><D72/><U121/><E121/><V84/><F92/><W114/><G114/><T61/><D134/><U88/><E88/><V97/><F84/><W46/><G46/><T129/><D129/><U75/><E42/><V2/><F2/><W96/><G96/><T30/><D30/><U4/><E75/><V91/><F97/><W124/><G124/><T100/><D90/><U37/><E37/><V80/><F91/><W123/><G123/><T47/><D100/><U50/><E50/><V5/><F80/><W108/><G108/><T82/><D82/><U127/><E29/><V112/><F122/><W12/><G12/><T93/><D104/><U43/><E43/><AGARI ba="0,0" hai="1,3,36,38,40,43,45,47,53,57,61,93,99,103" machi="43" ten="40,1300,0" yaku="9,1" doraHai="64" who="0" fromWho="1" sc="479,13,316,-13,154,0,51,0" owari="492,60.0,303,10.0,154,-25.0,51,-45.0" /></mjloggm>