<mjloggm ver="2.3"><GO type="169" lobby="0"/><UN n0="%E3%82%A6%E3%83%AB%E3%83%88%E3%83%A9%E7%AB%8B%E7%9B%B4" n1="%E5%AE%8C%E5%85%A8%E7%84%A1%E6%95%B5%E5%B0%91%E5%A5%B3%44%58" n2="%E8%B5%A4%E9%9B%AA%57%45%4C" n3="%E2%98%86%E7%9C%9F%E9%A2%A8%E2%98%86" dan="17,17,16,16" rate="2125.35,2150.04,2086.78,2118.50" sx="M,M,M,F"/><TAIKYOKU oya="0"/><INIT seed="0,0,0,2,2,92" ten="250,250,250,250" oya="0" hai0="94,42,63,53,64,89,20,123,24,68,97,99,115" hai1="79,18,43,8,72,9,105,130,120,124,14,11,19" hai2="49,104,66,22,58,73,21,127,108,98,102,2,37" hai3="93,23,3,111,109,15,71,17,54,45,88,87,12"/><T27/><D123/><U135/><E105/><V36/><F2/><W118/><G118/><T34/><D115/><U126/><E43/><V116/><F108/><N who="3" m="41547" /><G71/><T16/><D42/><U112/><E79/><V74/><F116/><W50/><G3/><T62/><D62/><U56/><E72/><V0/><F0/><W41/><G41/><T125/><D125/><N who="1" m="48235" /><E120/><V65/><F127/><W57/><G12/><T26/><D53/><U91/><E56/><AGARI ba="0,0" hai="15,17,23,45,50,54,56,57,87,88,93" m="41547" machi="56" ten="30,2000,0" yaku="14,1,54,1" doraHai="92" who="3" fromWho="1" sc="250,0,250,-20,250,0,250,20" /><INIT seed="1,0,0,3,3,55" ten="250,230,250,270" oya="1" hai0="114,101,92,33,15,6,129,14,32,13,80,46,71" hai1="42,64,106,118,31,26,86,23,57,7,34,107,88" hai2="27,59,98,44,133,43,73,84,117,85,79,89,90" hai3="127,76,104,48,18,113,115,102,2,21,131,132,111"/><U70/><E118/><V25/><F133/><W119/><G111/><T93/><D71/><U72/><E72/><V77/><F73/><W28/><G119/><T51/><D114/><U68/><E7/><V0/><F0/><W8/><G132/><T108/><D6/><U69/><E42/><V41/><F117/><W5/><G127/><T109/><D80/><U17/><E64/><V67/><F98/><W50/><G131/><T39/><D39/><U112/><E57/><V35/><F35/><W124/><G124/><T134/><D134/><U20/><E112/><V81/><F27/><W96/><G76/><N who="2" m="29257" /><F25/><W62/><G28/><T125/><D125/><U9/><E9/><V82/><F44/><W95/><G104/><T12/><N who="0" m="3072" /><DORA hai="37" /><T103/><D129/><U123/><E123/><V74/><F74/><W66/><G113/><T99/><D32/><U116/><E116/><V121/><F121/><W40/><G115/><T94/><D33/><U47/><E17/><V54/><F67/><W105/><G105/><T63/><D63/><AGARI ba="0,0" hai="41,43,54,59,63,81,82,84,85,89,90" m="29257" machi="63" ten="30,7700,0" yaku="8,1,52,3" doraHai="55,37" who="2" fromWho="0" sc="250,-77,230,0,250,77,270,0" /><INIT seed="2,0,0,1,5,94" ten="173,230,327,270" oya="2" hai0="107,35,4,22,87,71,38,121,82,112,28,61,70" hai1="21,80,92,99,1,3,62,39,34,122,49,72,93" hai2="127,0,44,79,76,125,9,50,75,11,8,19,56" hai3="31,132,133,55,52,130,2,101,63,98,117,74,88"/><V128/><F128/><W45/><G130/><T103/><D38/><U131/><E34/><V54/><F0/><W108/><G108/><T97/><D121/><U126/><E39/><V58/><F19/><W46/><G2/><T114/><D4/><U12/><E92/><V57/><REACH who="2" step="1"/><F75/><REACH who="2" ten="173,230,317,270" step="2"/><W10/><G74/><T90/><D114/><U42/><E1/><V116/><F116/><W41/><G117/><T81/><D112/><U59/><E3/><V53/><F53/><W27/><G55/><T68/><D81/><U13/><E80/><V123/><F123/><W84/><G52/><T64/><REACH who="0" step="1"/><D22/><REACH who="0" ten="163,230,317,270" step="2"/><U47/><E21/><V106/><F106/><W135/><G135/><T78/><D78/><AGARI ba="0,2" hai="8,9,11,44,50,54,56,57,58,76,78,79,125,127" machi="78" ten="50,2400,0" yaku="1,1,53,0" doraHai="94" doraHaiUra="24" who="2" fromWho="0" sc="163,-24,230,0,317,44,270,0" /><INIT seed="2,1,0,1,5,75" ten="139,230,361,270" oya="2" hai0="95,19,58,29,79,33,40,120,129,32,126,122,0" hai1="57,76,101,50,111,71,77,53,119,104,16,13,85" hai2="46,27,114,2,3,98,130,88,65,14,17,60,92" hai3="11,49,102,9,70,94,116,118,28,48,72,82,100"/><V69/><F130/><W123/><G123/><T108/><D0/><U15/><E71/><V131/><F131/><W25/><G70/><T61/><D129/><U7/><E119/><V18/><F114/><W5/><G116/><T132/><D132/><U23/><E111/><V135/><F135/><W20/><G118/><T90/><D126/><U41/><E41/><V115/><F115/><W67/><G67/><T106/><D106/><U12/><E12/><V110/><F110/><W54/><G49/><T134/><D108/><U133/><E133/><V4/><F46/><W127/><G127/><T6/><D6/><U22/><E85/><V63/><F4/><W113/><G113/><T42/><D134/><U62/><E62/><V26/><F63/><W128/><G128/><T105/><D105/><U78/><E104/><V68/><F68/><W8/><G5/><T43/><D19/><N who="1" m="10623" /><E7/><V73/><F73/><W66/><G66/><T124/><D124/><U99/><E99/><V37/><F37/><W121/><G121/><T91/><D32/><U38/><E38/><V39/><F39/><W35/><G35/><T86/><D29/><U55/><E55/><V87/><F87/><W89/><G82/><N who="0" m="47455" /><D33/><U30/><E101/><V83/><F83/><W44/><G72/><T93/><D122/><U117/><E117/><V109/><F109/><W81/><G81/><T97/><D120/><U24/><E13/><V45/><F14/><W51/><G51/><T10/><D10/><U84/><E84/><AGARI ba="1,0" hai="8,9,11,20,25,28,44,48,54,84,89,94,100,102" machi="84" ten="40,1300,0" yaku="8,1" doraHai="75" who="3" fromWho="1" sc="139,0,230,-16,361,0,270,16" /><INIT seed="3,0,0,4,5,87" ten="139,214,361,286" oya="3" hai0="100,15,58,103,34,12,84,55,73,67,123,107,17" hai1="69,31,94,118,42,127,86,60,21,48,88,99,26" hai2="50,43,125,49,20,51,13,33,74,122,96,97,22" hai3="59,41,8,116,119,62,111,45,24,77,130,65,0"/><W35/><G130/><T78/><D73/><U128/><E128/><V4/><F74/><W19/><G111/><T133/><D34/><U108/><E108/><V83/><F33/><W66/><G66/><T32/><D32/><U16/><E127/><V72/><F125/><W2/><G77/><T117/><D117/><U25/><E118/><V110/><F110/><W135/><G135/><T101/><D133/><U70/><E60/><V91/><F43/><W27/><G27/><T76/><D107/><U38/><E38/><V75/><F75/><W39/><G0/><T36/><D36/><U9/><E9/><N who="2" m="4263" /><F72/><W29/><REACH who="3" step="1"/><G19/><REACH who="3" ten="139,214,361,276" step="2"/><T134/><D67/><U121/><E121/><V112/><F122/><W6/><AGARI ba="0,1" hai="2,6,8,24,29,35,39,41,45,59,62,65,116,119" machi="6" ten="30,11700,0" yaku="1,1,2,1,0,1,53,1" doraHai="87" doraHaiUra="52" who="3" fromWho="3" sc="139,-39,214,-39,361,-39,276,127" /><INIT seed="3,1,0,2,2,43" ten="100,175,322,403" oya="3" hai0="123,125,70,47,115,29,74,106,12,124,127,128,38" hai1="39,135,61,72,75,68,51,3,130,17,105,108,112" hai2="93,100,36,58,9,57,69,114,35,28,116,76,94" hai3="32,46,119,84,53,73,18,103,5,6,97,88,41"/><W21/><G73/><T49/><D74/><U65/><RYUUKYOKU type="yao9" ba="1,0" sc="100,0,175,0,322,0,403,0" hai1="3,17,39,51,61,65,68,72,75,105,108,112,130,135" /><INIT seed="3,2,0,0,2,70" ten="100,175,322,403" oya="3" hai0="67,55,123,74,61,7,16,72,17,118,86,62,81" hai1="41,95,111,20,22,18,3,11,84,73,13,64,43" hai2="91,92,1,34,120,58,50,77,98,9,125,104,47" hai3="99,33,90,21,38,96,45,112,10,65,60,46,19"/><W48/><G33/><T36/><D123/><U130/><E73/><V30/><F125/><W113/><G10/><T124/><D124/><U53/><E111/><V56/><F77/><W24/><G38/><T66/><D118/><U59/><E64/><V39/><F104/><W107/><G46/><T135/><D55/><U26/><E130/><V85/><F30/><W71/><G90/><T129/><D7/><U133/><E133/><V105/><F34/><W103/><REACH who="3" step="1"/><G99/><REACH who="3" ten="100,175,322,393" step="2"/><T27/><D36/><U76/><E11/><V102/><F39/><W94/><G94/><T122/><D122/><U126/><E126/><V93/><F120/><W51/><G51/><T25/><D135/><U117/><E117/><V15/><F1/><W23/><G23/><T87/><REACH who="0" step="1"/><D81/><REACH who="0" ten="90,175,322,393" step="2"/><N who="1" m="47143" /><E3/><V54/><REACH who="2" step="1"/><F105/><REACH who="2" ten="90,175,312,393" step="2"/><W88/><G88/><T131/><AGARI ba="2,3" hai="16,17,25,27,61,62,66,67,72,74,86,87,129,131" machi="131" ten="25,8000,1" yaku="1,1,0,1,22,2,54,1,53,0" doraHai="70" doraHaiUra="101" who="0" fromWho="0" sc="90,116,175,-22,312,-22,393,-42" /><INIT seed="4,0,0,2,0,68" ten="206,153,290,351" oya="0" hai0="87,82,6,84,125,88,85,63,61,89,43,135,53" hai1="8,102,114,116,134,103,90,26,131,9,54,132,2" hai2="123,50,76,0,46,80,21,110,33,13,17,42,20" hai3="127,38,11,124,64,5,120,40,47,117,109,129,100"/><T112/><D112/><U73/><E116/><V7/><F33/><W133/><G117/><T12/><D125/><N who="3" m="48201" /><G109/><T69/><D135/><N who="1" m="51755" /><E114/><V95/><F123/><W45/><G133/><T126/><D126/><U55/><E131/><V27/><F0/><N who="3" m="423" /><G129/><T35/><D35/><U1/><E73/><V86/><F110/><W29/><G29/><T44/><D69/><U99/><E90/><V98/><F7/><W34/><G34/><T105/><D105/><U32/><E26/><V94/><REACH who="2" step="1"/><F98/><REACH who="2" ten="206,153,280,351" step="2"/><W36/><G120/><T60/><D6/><U70/><E32/><V122/><F122/><W16/><G100/><T15/><D53/><N who="1" m="19979" /><E99/><V3/><F3/><W19/><G64/><T107/><D107/><U74/><E103/><V59/><F59/><W79/><G79/><T77/><D89/><U58/><E70/><V4/><F4/><W121/><G121/><T14/><REACH who="0" step="1"/><D77/><REACH who="0" ten="196,153,280,351" step="2"/><U41/><E1/><V130/><F130/><W113/><G113/><T108/><D108/><U52/><E2/><V62/><F62/><W66/><G66/><T101/><D101/><U22/><E102/><V67/><F67/><W25/><G25/><T56/><D56/><U111/><E111/><V65/><F65/><W49/><G47/><T118/><D118/><U96/><E58/><V39/><F39/><AGARI ba="0,2" hai="16,19,36,38,39,40,45,49" m="423,48201" machi="39" ten="30,8000,1" yaku="18,1,52,3,54,1" doraHai="68" who="3" fromWho="2" sc="196,0,153,0,280,-80,351,100" /><AGARI ba="0,0" hai="12,14,15,39,43,44,60,61,63,82,84,85,87,88" machi="39" ten="40,7700,0" yaku="1,1,52,1,54,1,53,0" doraHai="68" doraHaiUra="30" who="0" fromWho="2" sc="196,77,153,0,200,-77,451,0" /><INIT seed="4,1,0,1,3,111" ten="273,153,123,451" oya="0" hai0="98,2,125,12,59,104,37,39,0,8,17,23,107" hai1="133,19,69,91,43,1,118,114,61,86,27,95,52" hai2="97,115,34,3,126,70,84,64,82,85,92,123,47" hai3="135,79,102,26,9,11,50,56,41,113,33,40,54"/><T58/><D98/><U24/><E1/><V127/><F34/><W110/><G110/><T93/><D93/><U75/><E75/><V30/><F3/><W29/><G135/><T106/><D125/><N who="2" m="47626" /><F30/><W31/><G113/><T105/><N who="0" m="26624" /><DORA hai="63" /><T42/><D2/><U120/><E120/><V15/><F123/><W128/><G128/><T119/><D119/><U13/><E114/><V100/><F115/><W68/><G68/><T99/><D99/><U4/><E4/><V66/><F70/><W88/><G102/><T65/><D58/><N who="1" m="35015" /><E69/><V21/><F47/><W7/><G79/><T83/><D83/><N who="1" m="49631" /><E43/><V25/><F85/><W78/><G78/><T74/><D42/><U77/><E77/><N who="2" m="46159" /><F25/><W5/><G40/><T57/><D74/><U73/><E73/><V22/><F15/><W55/><G41/><T14/><D0/><U18/><E133/><V134/><F134/><W44/><G26/><N who="1" m="9770" /><E118/><V36/><F36/><W62/><G33/><T117/><D117/><U109/><E109/><V124/><N who="2" m="47634" /><V6/><DORA hai="81" /><F6/><W122/><G122/><T131/><D39/><U76/><E76/><V20/><AGARI ba="1,0" hai="20,21,22,64,66,92,97,100" m="46159,47634" machi="20" ten="50,8000,1" yaku="18,1,52,3" doraHai="111,63,81" who="2" fromWho="2" sc="273,-41,153,-21,123,83,451,-21" /><INIT seed="5,0,0,3,3,40" ten="232,132,206,430" oya="1" hai0="85,13,80,9,112,1,131,12,28,105,75,29,120" hai1="52,102,124,2,135,86,34,45,48,22,78,67,56" hai2="0,116,70,91,30,122,82,113,7,115,68,99,38" hai3="42,110,134,121,132,111,31,43,24,130,108,41,8"/><U46/><E34/><V5/><F116/><W39/><G121/><T32/><D75/><U18/><E2/><V33/><F122/><W125/><G125/><T118/><D105/><U127/><E135/><N who="3" m="51754" /><G130/><T64/><D32/><U71/><E102/><V104/><F38/><W44/><G8/><T106/><D1/><U49/><E71/><N who="2" m="27179" /><F0/><W103/><G103/><T16/><D106/><U65/><E124/><V66/><F66/><N who="1" m="25097" /><E127/><V79/><F30/><W63/><G63/><T95/><D64/><U81/><E49/><V88/><F33/><AGARI ba="0,0" hai="24,31,33,39,41,42,43,44,108,110,111" m="51754" machi="33" ten="40,2600,0" yaku="20,1,52,1" doraHai="40" who="3" fromWho="2" sc="232,0,132,0,206,-26,430,26" /><INIT seed="6,0,0,0,0,105" ten="232,132,180,456" oya="2" hai0="123,127,36,19,120,28,134,13,77,12,17,37,122" hai1="126,98,83,6,80,107,2,46,49,129,35,29,58" hai2="102,0,5,113,93,70,30,23,76,116,10,43,52" hai3="115,62,55,124,96,92,67,111,16,86,53,8,91"/><V54/><F113/><W32/><G111/><T14/><D28/><U84/><E129/><V71/><F116/><W135/><G115/><T97/><D97/><U99/><E126/><V4/><F43/><W18/><G135/><T65/><D65/><U41/><E83/><V27/><F76/><W57/><G32/><T47/><D47/><U118/><E118/><V22/><F5/><W81/><G124/><T51/><D127/><U39/><E107/><V73/><F73/><W125/><G125/><T25/><D51/><U121/><E121/><V90/><F102/><N who="3" m="60679" /><G8/><T130/><D25/><U64/><E6/><V100/><F100/><W60/><G60/><T21/><D21/><U85/><E85/><V26/><F70/><W59/><G59/><T24/><D24/><U117/><E2/><V131/><F71/><W94/><G81/><T40/><D40/><U33/><E117/><V108/><F131/><W9/><G18/><T88/><D77/><U87/><E87/><V114/><F114/><W133/><G133/><T95/><D130/><U61/><E39/><V20/><F108/><W38/><G38/><N who="0" m="14955" /><D134/><U63/><E63/><V110/><F110/><W78/><G78/><T106/><D106/><U56/><E35/><V82/><F82/><W7/><G7/><T15/><N who="0" m="3072" /><DORA hai="1" /><T79/><D79/><N who="1" m="46111" /><E58/><V31/><F22/><W104/><G104/><T101/><D101/><U132/><E132/><V128/><F128/><W112/><G112/><T48/><D48/><U72/><E72/><V42/><F42/><W45/><G45/><T74/><D74/><U119/><E119/><RYUUKYOKU ba="0,0" sc="232,0,132,0,180,0,456,0" hai0="17,19,88,95,120,122,123" hai1="29,33,41,46,49,56,61,64,98,99" hai2="0,4,10,20,23,26,27,30,31,52,54,90,93" hai3="9,16,53,55,57,62,67,86,91,94" /><INIT seed="6,1,0,5,4,85" ten="232,132,180,456" oya="2" hai0="2,68,9,123,12,118,82,121,90,67,56,47,109" hai1="59,71,110,78,102,7,92,15,104,28,94,34,23" hai2="20,5,35,69,83,27,111,126,96,114,30,19,105" hai3="119,133,10,74,81,125,41,87,108,4,43,57,25"/><V84/><F114/><W101/><G108/><T91/><D68/><U70/><E34/><V72/><F126/><W89/><G125/><T54/><D2/><U128/><E110/><V1/><F111/><W73/><G133/><T33/><D33/><U80/><E104/><V113/><F113/><W135/><G135/><T31/><D31/><U99/><E128/><V16/><F69/><W86/><G119/><T32/><D32/><U131/><E131/><V6/><F72/><W132/><G132/><T98/><D118/><U88/><E7/><V77/><F1/><W40/><G101/><T66/><D47/><U115/><E115/><V53/><F19/><W129/><G129/><T14/><D14/><U18/><E59/><V107/><F53/><W75/><G25/><T37/><D37/><U106/><E28/><V76/><F76/><W36/><G57/><T3/><D3/><U52/><E52/><V13/><F107/><W64/><G64/><T112/><D112/><U50/><E50/><V65/><F65/><W8/><G36/><T117/><D117/><U63/><E63/><V122/><F122/><W49/><G49/><N who="0" m="30799" /><D109/><U58/><E58/><V21/><F35/><W55/><G55/><T29/><D29/><U100/><E100/><V11/><F21/><W97/><G4/><N who="0" m="3111" /><D123/><U120/><E120/><V62/><F62/><W116/><G116/><T17/><D17/><U51/><E51/><V22/><F22/><W103/><G10/><T38/><D38/><U134/><E106/><V95/><F105/><N who="3" m="63727" /><G8/><T44/><D121/><U24/><E134/><V127/><F127/><RYUUKYOKU ba="1,0" sc="232,-15,132,-15,180,15,456,15" hai2="5,6,11,13,16,20,27,30,77,83,84,95,96" hai3="40,41,43,73,74,75,81,86,87,89" /><INIT seed="6,2,0,1,0,23" ten="217,117,195,471" oya="2" hai0="97,119,88,24,40,17,29,47,45,91,102,113,54" hai1="13,28,123,61,129,124,116,10,118,18,66,111,53" hai2="31,125,112,134,107,3,101,89,59,71,21,95,130" hai3="99,19,135,122,108,25,132,52,15,11,94,51,90"/><V58/><F71/><W50/><G108/><T93/><D17/><U98/><E111/><V56/><F3/><W26/><G122/><T46/><D113/><U77/><E123/><V115/><F130/><W92/><G92/><T62/><D40/><U41/><E129/><V79/><F79/><W6/><G6/><T131/><D119/><U34/><E124/><V72/><F72/><W117/><G117/><T67/><D54/><U48/><E41/><V83/><F83/><W104/><G104/><T84/><D84/><U55/><E77/><V126/><F101/><W69/><G69/><T14/><D14/><U133/><E133/><N who="3" m="51274" /><G51/><T2/><D2/><U4/><E4/><V7/><F7/><W109/><G109/><T82/><D82/><U80/><E80/><V49/><F49/><W0/><G0/><T9/><D9/><U96/><E55/><V39/><F39/><W27/><G26/><T33/><D131/><U5/><E5/><V106/><F134/><W128/><G128/><T103/><D103/><U30/><E118/><V127/><F106/><W63/><G63/><T1/><D1/><U110/><E110/><V68/><F68/><W8/><G8/><T64/><D64/><U74/><E116/><V43/><F43/><W120/><G120/><T42/><D42/><U35/><E66/><V78/><F107/><W87/><G87/><T100/><D100/><U70/><E74/><V57/><F78/><W60/><G60/><T81/><D81/><U37/><E37/><V38/><N who="2" m="14336" /><DORA hai="105" /><V75/><F38/><W12/><G12/><T20/><D67/><RYUUKYOKU ba="2,0" sc="217,-10,117,-10,195,-10,471,30" hai3="11,15,19,25,27,50,52,90,94,99" /><INIT seed="7,3,0,2,3,65" ten="207,107,185,501" oya="3" hai0="122,118,51,36,63,28,2,19,50,20,41,22,6" hai1="132,39,80,3,11,54,103,61,10,7,128,5,53" hai2="131,49,23,71,87,113,105,1,79,112,60,69,130" hai3="56,82,134,95,109,4,46,52,121,76,57,74,124"/><W78/><G121/><T90/><D36/><U86/><E128/><N who="2" m="49195" /><F105/><W75/><G124/><T24/><D41/><U98/><E132/><V66/><F1/><W45/><G134/><T108/><D6/><U21/><E39/><V67/><F49/><W72/><G109/><T97/><D2/><U35/><E35/><V32/><F32/><W84/><G4/><T91/><D51/><U73/><E73/><V94/><F23/><W8/><G8/><T114/><D50/><U25/><E61/><N who="2" m="40143" /><F94/><W135/><G135/><T30/><D63/><U111/><E111/><V27/><F27/><W47/><G95/><T83/><D24/><U101/><E101/><V129/><F129/><W68/><G68/><T117/><D22/><U59/><E59/><V17/><F17/><W14/><G14/><T127/><D19/><U38/><E38/><V9/><F9/><W120/><G120/><T13/><D13/><U116/><E116/><V29/><F29/><W126/><G126/><T110/><D30/><U64/><E64/><V102/><F102/><W125/><G125/><T119/><D127/><U62/><E62/><V92/><F79/><W106/><G106/><T104/><D104/><U44/><E44/><V58/><F58/><W16/><G16/><T43/><D122/><U37/><E37/><V133/><F133/><W81/><G57/><T100/><D118/><U93/><E21/><V40/><F40/><W26/><G26/><N who="0" m="16455" /><D43/><U55/><E25/><V88/><AGARI ba="3,0" hai="60,67,71,87,88,92,112,113" m="40143,49195" machi="88" ten="30,7900,0" yaku="19,1,52,2,54,1" doraHai="65" who="2" fromWho="2" sc="207,-23,107,-23,185,88,501,-42" owari="184,-22.0,84,-42.0,273,7.0,459,57.0" /></mjloggm>