<mjloggm ver="2.3"><GO type="169" lobby="0"/><UN n0="%E6%A5%A0%E5%B9%B8%E6%9D%91" n1="%E3%81%93%E3%81%AE%E3%81%8D%E3%83%BC" n2="%E5%B0%B1%E6%B4%BB%E7%94%9F%40%E5%B7%9D%E6%9D%91%E8%BB%8D%E5%9B%A3" n3="%E4%B8%89%E8%89%B2%E5%90%8C%E5%88%BB%E2%98%86" dan="17,17,16,17" rate="2245.28,2130.47,2054.62,2147.79" sx="F,M,M,M"/><TAIKYOKU oya="0"/><INIT seed="0,0,0,2,0,55" ten="250,250,250,250" oya="0" hai0="132,25,47,53,109,81,104,112,2,27,12,71,82" hai1="6,78,35,13,79,62,34,120,122,50,115,74,105" hai2="1,22,90,46,89,18,67,101,4,107,0,66,63" hai3="131,77,21,23,52,44,17,42,84,49,19,54,123"/><T130/><D112/><U93/><E105/><V116/><F116/><W102/><G131/><T114/><D114/><U5/><E115/><V70/><F67/><W26/><G102/><T96/><D2/><U10/><E50/><V33/><F33/><W61/><G123/><T106/><D130/><U14/><E93/><V117/><F117/><W99/><G99/><T48/><D71/><U40/><E62/><V68/><F68/><W45/><G61/><T126/><D126/><U32/><E40/><V11/><F0/><W56/><G54/><T125/><D125/><U37/><E37/><V129/><F129/><W76/><G84/><T20/><D132/><U29/><E29/><V108/><F108/><W87/><G87/><T43/><D109/><U31/><E31/><V92/><F107/><W91/><G91/><T80/><D96/><U57/><E57/><V16/><F18/><W113/><G113/><T60/><D104/><U103/><E103/><V51/><F101/><W69/><G69/><T38/><D38/><U24/><E24/><N who="0" m="9289" /><D106/><U95/><E34/><V65/><F65/><W97/><G97/><T59/><D81/><U128/><E128/><V134/><F134/><W124/><G124/><T58/><D58/><U28/><E74/><V73/><F73/><W39/><G45/><T15/><D15/><AGARI ba="0,0" hai="15,17,19,21,23,26,39,42,44,49,52,56,76,77" machi="15" ten="30,3900,0" yaku="7,1,52,1,54,1" doraHai="55" who="3" fromWho="0" sc="250,-39,250,0,250,0,250,39" /><INIT seed="1,0,0,0,4,17" ten="211,250,250,289" oya="1" hai0="35,45,9,41,101,83,57,117,33,79,64,84,118" hai1="10,110,91,48,128,42,32,25,80,107,34,93,18" hai2="113,106,30,5,109,24,104,65,102,67,70,43,4" hai3="130,50,122,21,86,124,46,2,100,59,52,133,72"/><U119/><E107/><V87/><F113/><W131/><G72/><T123/><D123/><U115/><E119/><V90/><F109/><W134/><G2/><T81/><D101/><U78/><E115/><V129/><F129/><N who="3" m="49163" /><G122/><T111/><D111/><U108/><E128/><V27/><F43/><W31/><G100/><T13/><D33/><U62/><E34/><V14/><F70/><W55/><G86/><T99/><D35/><U8/><E32/><V68/><F68/><W47/><G124/><T40/><D99/><N who="1" m="57791" /><E62/><V92/><F102/><W126/><G126/><T12/><D12/><U127/><E127/><V89/><F87/><W66/><G66/><T74/><D57/><U44/><E110/><V16/><F92/><W7/><G7/><T56/><D56/><U112/><E112/><V51/><F14/><W116/><G116/><T39/><D41/><U88/><E78/><V37/><F37/><W22/><G31/><T29/><D29/><U49/><E108/><V20/><F51/><N who="3" m="29183" /><G59/><T97/><D64/><U94/><E49/><V15/><F104/><W82/><G82/><T71/><D71/><U77/><E80/><V75/><F106/><W98/><G98/><T58/><D58/><U69/><E69/><V135/><F75/><W38/><G38/><T76/><REACH who="0" step="1"/><D97/><REACH who="0" ten="201,250,250,289" step="2"/><N who="1" m="57543" /><E77/><V114/><F67/><W11/><G11/><T54/><D54/><U23/><AGARI ba="0,1" hai="8,10,18,23,25,42,44,48" m="57543,57791" machi="23" ten="30,6000,0" yaku="8,1,52,1,54,1" doraHai="17" who="1" fromWho="1" sc="201,-20,250,70,250,-20,289,-20" /><INIT seed="1,1,0,0,4,52" ten="181,320,230,269" oya="1" hai0="37,74,128,25,79,81,66,114,48,35,135,57,106" hai1="117,95,3,87,30,23,61,58,89,31,92,36,132" hai2="33,15,71,88,13,113,69,97,5,119,111,2,84" hai3="27,129,133,7,72,126,40,118,110,34,134,45,123"/><U20/><E36/><V65/><F33/><W16/><G123/><T9/><D114/><U91/><E3/><V70/><F119/><W122/><G122/><T73/><D128/><U11/><E11/><V107/><F113/><W76/><G129/><T100/><D37/><U78/><E78/><V42/><F111/><W63/><G110/><T26/><D135/><N who="3" m="51721" /><G7/><T18/><D73/><U93/><E117/><V19/><F42/><W94/><G126/><T29/><D100/><U130/><E130/><V109/><F109/><W50/><G34/><T24/><D106/><U51/><E51/><V98/><F107/><W56/><G94/><N who="1" m="36458" /><E91/><V54/><F65/><N who="3" m="39143" /><G118/><T41/><D41/><U75/><E75/><V85/><F54/><W38/><G38/><T0/><D48/><U12/><E132/><V125/><F125/><W62/><G62/><T44/><D44/><U53/><E12/><V131/><F131/><W28/><G28/><AGARI ba="1,0" hai="20,23,28,30,31,53,58,61,87,89,95" m="36458" machi="28" ten="30,2900,0" yaku="8,1,52,1" doraHai="52" who="1" fromWho="3" sc="181,0,320,32,230,0,269,-32" /><INIT seed="1,2,0,4,2,104" ten="181,352,230,237" oya="1" hai0="98,27,100,2,23,3,21,0,109,90,128,46,75" hai1="102,69,40,76,106,80,6,39,14,43,24,22,133" hai2="86,83,63,71,112,44,97,119,129,99,115,16,49" hai3="20,18,7,26,131,11,29,45,82,62,68,12,56"/><U50/><E69/><V111/><F119/><W72/><G68/><T32/><D128/><U95/><E106/><V85/><F129/><W19/><G131/><T117/><D109/><U51/><E39/><V87/><F111/><W61/><G45/><T88/><D117/><U48/><E133/><V134/><F134/><W41/><G41/><T57/><D75/><U101/><E14/><V8/><F83/><W59/><G82/><T70/><D70/><U130/><E6/><V78/><F78/><W79/><G79/><T58/><D46/><U127/><E127/><V37/><F37/><W52/><REACH who="3" step="1"/><G72/><REACH who="3" ten="181,352,230,227" step="2"/><T77/><D77/><U34/><E43/><V96/><F71/><W124/><G124/><T30/><D57/><U113/><E40/><V53/><F112/><W121/><G121/><T84/><D58/><U110/><E80/><V114/><F115/><W73/><G73/><T89/><REACH who="0" step="1"/><D84/><REACH who="0" ten="171,352,230,227" step="2"/><U4/><E76/><V116/><F114/><W60/><G60/><T28/><D28/><U64/><E113/><V81/><F116/><W108/><G108/><T123/><D123/><U122/><E122/><V42/><F81/><W1/><G1/><T91/><N who="0" m="22528" /><DORA hai="10" /><T15/><D15/><U31/><E31/><V13/><F63/><W54/><AGARI ba="2,2" hai="7,11,12,18,19,20,26,29,52,54,56,59,61,62" machi="54" ten="20,16000,3" yaku="1,1,0,1,7,1,9,1,8,1,52,1,54,1,53,2" doraHai="104,10" doraHaiUra="55,47" who="3" fromWho="3" sc="171,-42,352,-82,230,-42,227,186" /><INIT seed="2,0,0,5,1,55" ten="129,270,188,413" oya="2" hai0="132,47,88,34,125,62,71,14,97,21,85,22,79" hai1="107,69,49,3,80,63,100,44,92,83,0,64,123" hai2="129,40,118,102,54,24,13,90,74,2,104,31,57" hai3="99,120,98,133,28,45,36,84,103,26,122,35,75"/><V93/><F2/><W37/><G133/><T116/><D34/><U32/><E123/><V121/><F118/><W87/><G75/><T81/><D116/><U112/><E112/><V6/><F121/><W127/><G127/><T12/><D132/><U115/><E115/><V72/><F129/><W46/><G35/><T9/><D125/><U73/><E92/><V7/><F40/><W56/><G26/><T27/><D47/><U30/><E49/><V134/><F134/><W53/><G53/><T86/><D97/><N who="1" m="61839" /><E83/><V119/><F102/><W91/><G103/><T76/><D22/><U39/><E44/><V15/><F104/><W1/><G1/><T130/><D130/><U89/><E89/><V65/><F65/><W18/><G91/><T48/><D48/><U114/><E39/><V16/><F13/><W17/><G28/><T106/><D106/><U77/><E114/><V25/><F74/><W4/><G4/><N who="2" m="1577" /><F72/><W82/><G82/><T117/><D117/><U38/><E38/><V70/><F31/><W11/><G11/><T20/><D14/><U58/><E58/><AGARI ba="0,0" hai="17,18,36,37,45,46,56,58,84,87,98,99,120,122" machi="58" ten="25,6400,0" yaku="22,2,52,2" doraHai="55" who="3" fromWho="1" sc="129,0,270,-64,188,0,413,64" /><INIT seed="3,0,0,2,1,59" ten="129,206,188,477" oya="3" hai0="27,61,108,119,66,96,129,92,52,28,6,115,111" hai1="76,78,3,118,19,114,128,54,124,77,93,49,41" hai2="44,65,131,24,22,55,82,122,90,26,107,57,80" hai3="36,95,42,68,2,101,11,23,109,64,84,70,30"/><W10/><G68/><T31/><D119/><U45/><E114/><V13/><F107/><W88/><G2/><T15/><D129/><U97/><E128/><V91/><F131/><W5/><G5/><T32/><D31/><U81/><E3/><V43/><F122/><W16/><G30/><T1/><D1/><U89/><E124/><V29/><F65/><W62/><G101/><T83/><D115/><U104/><E104/><V98/><F26/><W127/><G127/><T4/><D83/><U20/><E118/><V120/><F120/><W39/><G109/><N who="0" m="42059" /><D15/><U71/><E71/><V75/><F13/><W74/><G74/><T37/><D37/><U106/><E106/><V51/><F75/><W126/><G126/><T69/><D52/><U113/><E113/><V47/><F47/><W102/><G102/><AGARI ba="0,0" hai="4,6,27,28,32,61,66,69,92,96,102" m="42059" machi="102" ten="30,2000,0" yaku="14,1,52,1" doraHai="59" who="0" fromWho="3" sc="129,20,206,0,188,0,477,-20" /><INIT seed="4,0,0,4,5,21" ten="149,206,188,457" oya="0" hai0="22,53,93,76,2,95,8,132,23,55,7,14,34" hai1="121,127,69,77,101,58,119,43,12,78,35,18,135" hai2="109,30,39,90,122,32,20,107,0,128,96,80,57" hai3="50,131,112,113,26,92,106,120,82,86,79,4,6"/><T75/><D132/><U40/><E69/><V28/><F0/><W64/><G106/><T94/><D34/><U102/><E121/><V62/><F39/><W68/><G131/><T52/><REACH who="0" step="1"/><D2/><REACH who="0" ten="139,206,188,457" step="2"/><U17/><E35/><V5/><F32/><W44/><G120/><T87/><D87/><U41/><E135/><V110/><F122/><W100/><G112/><T123/><D123/><U15/><E119/><V49/><F128/><W1/><G1/><T114/><D114/><U124/><E41/><V72/><F72/><W91/><G113/><T42/><D42/><U56/><AGARI ba="0,1" hai="12,15,17,18,40,43,56,58,77,78,101,102,124,127" machi="56" ten="25,3200,0" yaku="0,1,22,2" doraHai="21" who="1" fromWho="1" sc="139,-16,206,42,188,-8,457,-8" /><INIT seed="5,0,0,3,3,37" ten="123,248,180,449" oya="1" hai0="55,107,71,60,28,86,9,128,70,85,92,27,124" hai1="84,19,16,10,95,54,88,43,76,13,24,68,45" hai2="33,118,108,22,67,5,34,77,17,130,51,134,102" hai3="47,74,41,36,114,50,91,35,79,131,78,39,75"/><U115/><E68/><V40/><F118/><W116/><G116/><T52/><D107/><U93/><E115/><V132/><F108/><W135/><G35/><T48/><D128/><U32/><E54/><V0/><F67/><W125/><G114/><T29/><D124/><U46/><E76/><V69/><F69/><W14/><G131/><T4/><D92/><U90/><E43/><V30/><F30/><W53/><G135/><N who="2" m="51753" /><F102/><W127/><G91/><T72/><D72/><U113/><E113/><V58/><F77/><N who="3" m="29195" /><G14/><T63/><D70/><U38/><E38/><V100/><F100/><W62/><G62/><N who="0" m="23595" /><D71/><U109/><E109/><V26/><F130/><W129/><G39/><T98/><D98/><N who="1" m="57639" /><E32/><V44/><F58/><N who="3" m="33079" /><G129/><T119/><D29/><U87/><E87/><V103/><F103/><W120/><G120/><T42/><D28/><U111/><E111/><V49/><F49/><W105/><G105/><T31/><D31/><U20/><AGARI ba="0,0" hai="10,13,16,19,20,24,45,46,84,90,95" m="57639" machi="20" ten="30,6000,0" yaku="8,1,54,2" doraHai="37" who="1" fromWho="1" sc="123,-20,248,60,180,-20,449,-20" /><INIT seed="5,1,0,1,3,95" ten="103,308,160,429" oya="1" hai0="122,58,132,100,50,67,134,120,30,76,73,31,26" hai1="69,45,103,101,51,107,90,126,68,87,20,2,10" hai2="111,57,13,74,11,98,38,104,124,43,129,121,27" hai3="53,0,18,49,55,80,42,37,72,35,112,114,82"/><U29/><E126/><V8/><F111/><W64/><G35/><T81/><D100/><U22/><E10/><V32/><F124/><W40/><G64/><T56/><D31/><U106/><E45/><V52/><F74/><W94/><G0/><T19/><D19/><U135/><E51/><V28/><F121/><N who="0" m="46698" /><D50/><U60/><E87/><V105/><F129/><W66/><G66/><T25/><D25/><U24/><E24/><V14/><F14/><W41/><G37/><T4/><D4/><U91/><E29/><V117/><F117/><W34/><G34/><N who="0" m="20823" /><D67/><U123/><E123/><V133/><F133/><AGARI ba="1,0" hai="56,58,73,76,81,132,133,134" m="20823,46698" machi="133" ten="30,2000,0" yaku="20,1,13,1" doraHai="95" who="0" fromWho="2" sc="103,23,308,0,160,-23,429,0" /><INIT seed="6,0,0,3,2,80" ten="126,308,137,429" oya="2" hai0="82,60,36,99,21,31,123,91,133,104,26,132,79" hai1="103,115,29,78,42,37,22,10,13,66,93,124,33" hai2="69,102,65,58,3,41,68,55,70,74,24,110,63" hai3="17,105,85,125,135,43,118,8,7,18,56,25,45"/><V11/><F74/><W106/><G118/><T129/><D123/><U122/><E22/><V1/><F110/><W67/><G135/><N who="0" m="51787" /><D36/><U0/><E66/><V81/><F102/><W120/><G125/><T127/><D127/><U128/><E13/><V90/><F41/><W96/><G120/><T72/><D129/><U92/><E92/><V101/><F101/><W64/><G64/><T12/><D104/><U32/><E93/><V50/><F24/><W88/><G96/><T107/><D107/><U62/><E78/><V30/><F30/><W34/><G106/><T6/><D60/><U61/><E62/><V2/><REACH who="2" step="1"/><F11/><REACH who="2" ten="126,308,127,429" step="2"/><W4/><G8/><N who="0" m="4119" /><D91/><U126/><E42/><V52/><F52/><W23/><G43/><T39/><D99/><U121/><E10/><V54/><F54/><W75/><G75/><T59/><D39/><U9/><E9/><V83/><F83/><W46/><G25/><T116/><D116/><U14/><E29/><V131/><F131/><W113/><G67/><T16/><D31/><U100/><E100/><V28/><F28/><W112/><G34/><T114/><D114/><U57/><E115/><V49/><F49/><W51/><G51/><T108/><D108/><U98/><E103/><V5/><F5/><W20/><G105/><T48/><D48/><U73/><E73/><V47/><F47/><W89/><G113/><T44/><D44/><U111/><E111/><V15/><F15/><W19/><G112/><T53/><D53/><U94/><E128/><V119/><F119/><W109/><G109/><T97/><D97/><U76/><E98/><RYUUKYOKU ba="0,1" sc="126,15,308,-15,127,15,429,-15" hai0="16,21,26,59,72,79,82" hai2="1,2,3,50,55,58,63,65,68,69,70,81,90" /><INIT seed="6,1,1,0,5,51" ten="141,293,142,414" oya="2" hai0="67,108,128,52,33,100,26,114,0,76,60,1,104" hai1="70,20,25,74,92,37,50,98,109,54,80,56,88" hai2="15,27,103,87,30,14,10,45,22,24,44,19,119" hai3="9,17,40,95,117,2,61,47,105,63,91,84,7"/><V72/><F72/><W29/><G117/><T85/><D108/><U111/><E37/><V125/><F119/><W34/><G105/><T133/><D133/><U28/><E70/><V3/><F125/><W121/><G121/><T42/><D128/><U31/><E31/><V129/><F129/><W118/><G118/><T48/><D114/><U73/><E73/><V134/><F134/><W93/><G17/><T101/><D42/><U124/><E124/><V131/><F3/><W6/><G6/><T79/><D101/><U94/><E94/><V23/><F131/><W32/><G32/><T41/><D41/><U97/><E97/><V12/><F103/><W13/><G2/><T132/><D132/><U66/><E66/><V122/><F122/><W5/><G5/><T81/><D79/><U90/><E90/><V127/><F127/><W21/><G34/><T36/><D36/><U106/><E106/><V57/><F87/><W16/><G95/><T86/><D86/><U135/><E135/><V65/><F10/><W46/><G29/><N who="0" m="19639" /><D52/><U18/><E28/><V99/><F99/><W58/><G40/><T75/><D48/><U83/><E74/><V11/><F11/><W62/><G58/><T116/><D116/><U59/><E56/><V89/><F89/><W113/><G113/><T55/><D55/><U102/><E102/><V69/><F69/><W77/><G77/><T4/><D85/><U120/><E120/><V107/><F107/><W49/><G49/><T126/><D126/><U123/><E123/><V39/><F39/><W8/><G7/><T71/><D4/><RYUUKYOKU ba="1,1" sc="141,0,293,0,142,0,414,0" hai0="0,1,60,67,71,75,76,81,100,104" hai1="18,20,25,50,54,59,80,83,88,92,98,109,111" hai2="12,14,15,19,22,23,24,27,30,44,45,57,65" hai3="8,9,13,16,21,46,47,61,62,63,84,91,93" /><INIT seed="6,2,1,0,3,27" ten="141,293,142,414" oya="2" hai0="18,131,60,6,133,108,78,38,37,94,31,20,39" hai1="96,33,3,25,93,75,22,47,116,76,101,72,80" hai2="13,115,127,82,113,124,62,61,36,19,4,59,45" hai3="56,28,8,14,10,102,79,42,99,41,51,110,135"/><V48/><F4/><W77/><G110/><T44/><D108/><U63/><E3/><V1/><F1/><W117/><G28/><T55/><D133/><U126/><E126/><N who="2" m="48171" /><F82/><W107/><G117/><T30/><D131/><U65/><E33/><V24/><F24/><W89/><G8/><T87/><D6/><U32/><E32/><V5/><F5/><W103/><G89/><T125/><D125/><U95/><E95/><V0/><F0/><W104/><G135/><T129/><D129/><U11/><E11/><N who="2" m="6591" /><F36/><W12/><G14/><T97/><D87/><U73/><E116/><V64/><F62/><W85/><G85/><T105/><D78/><U90/><E80/><V98/><F98/><W120/><G120/><T54/><D105/><U52/><E76/><V67/><F64/><W50/><G79/><T111/><D111/><U53/><E65/><V128/><F128/><W66/><G77/><T88/><D60/><U43/><E63/><V69/><F69/><W46/><G66/><T123/><D123/><U83/><E83/><V26/><F26/><W71/><G71/><T134/><D134/><U16/><REACH who="1" step="1"/><E101/><REACH who="1" ten="141,283,142,414" step="2"/><V7/><F7/><N who="3" m="3167" /><G103/><T34/><D34/><U68/><E68/><V114/><F114/><W130/><G130/><T81/><D81/><U15/><E15/><V17/><F17/><W118/><G118/><T35/><D35/><U2/><E2/><V106/><F106/><W100/><G100/><T23/><D18/><U29/><E29/><N who="0" m="10761" /><D23/><U92/><E92/><V49/><F49/><AGARI ba="2,2" hai="16,22,25,43,47,49,52,53,72,73,75,90,93,96" machi="49" ten="40,8000,1" yaku="1,1,54,2,53,1" doraHai="27" doraHaiUra="86" who="1" fromWho="2" sc="141,0,283,106,142,-86,414,0" /><INIT seed="7,0,0,3,0,96" ten="141,389,56,414" oya="3" hai0="48,75,121,33,52,4,82,3,122,58,132,131,45" hai1="54,47,31,104,106,103,61,62,16,97,39,92,37" hai2="2,128,109,51,72,27,35,18,34,50,85,119,63" hai3="38,89,29,127,84,116,60,43,107,21,66,93,7"/><W77/><G116/><T94/><D132/><U40/><E31/><V49/><F72/><W0/><G107/><T90/><D33/><U113/><E39/><V69/><F2/><W102/><G102/><T134/><D134/><U91/><E113/><V46/><F119/><W55/><G127/><T124/><D124/><U115/><E115/><V126/><F126/><W65/><G43/><T117/><D117/><U15/><E54/><V14/><F109/><W112/><G38/><T10/><D131/><U100/><E106/><V110/><F110/><W57/><G112/><T1/><D1/><U95/><E104/><V80/><F128/><W123/><G123/><T70/><D70/><U87/><E103/><V118/><F118/><W44/><G44/><T78/><D45/><U120/><E120/><V68/><F46/><W13/><G77/><T73/><D73/><U67/><E67/><V11/><F63/><W26/><G0/><T83/><D83/><U98/><E98/><AGARI ba="0,0" hai="3,4,10,48,52,58,75,78,82,90,94,98,121,122" machi="98" ten="30,2000,0" yaku="7,1,54,1" doraHai="96" who="0" fromWho="1" sc="141,20,389,-20,56,0,414,0" owari="161,-24.0,369,17.0,56,-44.0,414,51.0" /></mjloggm>