<mjloggm ver="2.3"><GO type="169" lobby="0"/><UN n0="%E3%81%B5%E3%81%8B%E3%81%98" n1="%63%68%61%72%6C%69%65%37" n2="%E3%82%A6%E3%83%AB%E3%83%88%E3%83%A9%E7%AB%8B%E7%9B%B4" n3="%E7%9F%A2%E9%83%A8%E5%90%9B" dan="16,17,17,16" rate="2061.02,2182.39,2197.29,2108.21" sx="M,M,M,M"/><TAIKYOKU oya="0"/><INIT seed="0,0,0,0,3,58" ten="250,250,250,250" oya="0" hai0="84,13,65,97,93,46,66,87,104,94,130,15,26" hai1="109,72,98,20,133,38,90,80,128,64,45,127,24" hai2="18,42,5,111,99,108,121,83,63,69,106,59,68" hai3="122,112,40,31,88,37,75,61,54,53,44,89,73"/><T51/><D130/><U107/><E128/><V14/><F5/><W103/><G112/><T118/><D104/><U33/><E33/><V10/><F121/><W132/><G132/><T7/><D118/><U125/><E133/><V110/><F42/><W30/><G122/><T115/><D115/><U8/><E8/><V62/><F83/><W12/><G103/><N who="0" m="60847" /><D26/><U1/><E1/><V117/><F117/><W131/><G131/><T32/><D32/><U85/><E109/><V120/><F120/><W47/><G12/><N who="0" m="4683" /><D7/><U101/><E64/><N who="0" m="24681" /><D94/><U0/><E0/><V91/><F91/><W81/><G37/><T82/><D82/><U60/><E72/><V123/><F123/><W74/><G74/><T9/><D9/><U79/><E38/><V4/><F4/><W67/><G67/><T39/><D39/><U76/><E127/><V124/><F124/><W50/><G81/><T28/><D28/><U6/><E125/><V114/><F114/><W2/><G2/><T113/><D113/><U48/><E6/><V16/><F18/><W126/><G126/><T22/><D22/><U29/><E76/><V36/><F36/><W102/><G75/><T57/><D57/><U23/><E79/><V21/><F21/><W78/><G78/><T43/><AGARI ba="0,0" hai="43,46,51,84,87" m="24681,4683,60847" machi="43" ten="30,1500,0" yaku="8,1" doraHai="58" who="0" fromWho="0" sc="250,15,250,-5,250,-5,250,-5" /><INIT seed="0,1,0,0,3,112" ten="265,245,245,245" oya="0" hai0="134,5,94,114,48,100,9,110,77,61,56,53,38" hai1="41,111,26,18,25,115,49,1,102,104,14,119,93" hai2="28,129,7,132,118,27,72,64,128,101,109,45,116" hai3="80,130,33,122,59,121,37,84,13,83,87,40,34"/><T71/><D114/><U47/><E115/><V68/><F72/><W31/><G130/><N who="2" m="50281" /><F109/><W131/><G131/><T0/><D38/><U39/><E1/><V82/><F132/><W126/><G126/><T42/><D134/><U79/><E111/><V106/><F7/><W23/><G59/><T52/><D110/><U97/><E79/><V10/><F10/><W125/><G125/><T88/><D77/><U96/><E39/><V17/><F17/><W78/><G40/><T20/><D42/><U35/><E35/><N who="2" m="20895" /><F82/><W36/><G78/><T6/><D6/><U123/><E123/><V98/><F45/><W133/><G133/><T63/><D100/><U29/><E29/><V75/><F75/><W127/><G127/><T3/><D20/><U30/><E30/><V15/><F15/><W32/><G32/><T113/><D113/><U74/><E74/><V69/><F64/><W22/><G31/><T103/><D103/><U43/><E43/><V70/><AGARI ba="1,0" hai="68,69,70,98,101,106,116,118" m="20895,50281" machi="70" ten="40,8000,1" yaku="19,1,23,1,52,2" doraHai="112" who="2" fromWho="2" sc="265,-41,245,-21,245,83,245,-21" /><INIT seed="1,0,0,5,4,132" ten="224,224,328,224" oya="1" hai0="102,115,33,110,53,37,74,14,129,55,61,58,94" hai1="99,119,103,88,64,105,128,38,23,8,60,81,22" hai2="19,95,20,113,44,63,40,76,120,2,36,65,11" hai3="108,32,124,84,26,16,116,41,107,70,68,75,4"/><U51/><E38/><V123/><F113/><W134/><G107/><T1/><D1/><U39/><E39/><V122/><F95/><W7/><G75/><T90/><D33/><U62/><E128/><V28/><F28/><W97/><G97/><T9/><D115/><U83/><E119/><V3/><F11/><W67/><G116/><T13/><D74/><U82/><E8/><V89/><F89/><W66/><G134/><T49/><D37/><U114/><E51/><V57/><REACH who="2" step="1"/><F76/><REACH who="2" ten="224,224,318,224" step="2"/><W42/><G32/><T12/><D9/><U46/><E114/><V91/><F91/><W17/><G108/><T121/><D110/><U101/><E101/><V131/><F131/><W118/><G118/><T56/><D129/><U48/><E88/><V78/><F78/><W34/><G34/><T47/><D102/><U5/><E5/><V35/><F35/><W73/><G26/><AGARI ba="0,1" hai="2,3,19,20,26,36,40,44,57,63,65,120,122,123" machi="26" ten="40,1300,0" yaku="1,1,53,0" doraHai="132" doraHaiUra="109" who="2" fromWho="3" sc="224,0,224,0,318,23,224,-13" /><INIT seed="2,0,0,5,4,96" ten="224,224,341,211" oya="2" hai0="27,12,36,102,14,61,85,119,100,30,77,33,44" hai1="18,80,109,93,108,126,28,48,20,117,23,92,135" hai2="91,43,83,132,98,90,89,99,112,50,24,53,55" hai3="22,123,78,87,8,111,124,101,13,72,79,71,60"/><V59/><F112/><W128/><G123/><T121/><D121/><U114/><E117/><V107/><F132/><W82/><G111/><N who="1" m="42570" /><E135/><V105/><F43/><W51/><G128/><T15/><D119/><U130/><E80/><V84/><F105/><W5/><G124/><T11/><D11/><U57/><E130/><V38/><F38/><W25/><G51/><T95/><D61/><U103/><E126/><V40/><F40/><W66/><G72/><T37/><D44/><U17/><E28/><V2/><F2/><W74/><G74/><T116/><D116/><U113/><E57/><V131/><F131/><W49/><G49/><T4/><D4/><U75/><E48/><V88/><F107/><W39/><G39/><T58/><D58/><U133/><E75/><V106/><F106/><W97/><G78/><T94/><D37/><U42/><E42/><V47/><F24/><W54/><G54/><T62/><D36/><U120/><E120/><V110/><F110/><W3/><G3/><T6/><D6/><U122/><E122/><V16/><F16/><N who="1" m="6249" /><E133/><V134/><F134/><W7/><G7/><T115/><D62/><AGARI ba="0,0" hai="47,50,53,55,59,62,83,84,88,89,90,91,98,99" machi="62" ten="40,3900,0" yaku="8,1,54,1" doraHai="96" who="2" fromWho="0" sc="224,-39,224,0,341,39,211,0" /><INIT seed="2,1,0,1,3,79" ten="185,224,380,211" oya="2" hai0="78,49,84,131,115,32,19,71,106,34,48,61,45" hai1="67,24,117,76,94,91,85,100,9,3,18,65,27" hai2="101,119,93,22,51,10,111,33,20,59,90,1,98" hai3="23,123,130,40,124,127,88,38,5,75,12,54,81"/><V73/><F33/><W122/><G130/><T107/><D115/><U132/><E117/><V4/><F73/><W134/><G134/><T70/><D131/><U42/><E132/><V82/><F119/><W55/><G40/><T116/><D116/><U110/><E110/><V74/><F111/><W58/><G38/><T125/><D125/><N who="3" m="48201" /><G55/><T28/><D28/><U13/><E42/><V53/><REACH who="2" step="1"/><F74/><REACH who="2" ten="185,224,370,211" step="2"/><W66/><G75/><T6/><D34/><U97/><E3/><V126/><F126/><W11/><G122/><T105/><D32/><U89/><E67/><V112/><F112/><W83/><G66/><T21/><D71/><U29/><E65/><V57/><F57/><W104/><G123/><T64/><D64/><U2/><E2/><V99/><F99/><W92/><G104/><T36/><D105/><U50/><E97/><V96/><F96/><N who="3" m="57351" /><G23/><T63/><D21/><U118/><E118/><V72/><F72/><W120/><G120/><T39/><D70/><U114/><E114/><V121/><F121/><W102/><G102/><T7/><D106/><U37/><E100/><V87/><AGARI ba="1,1" hai="1,4,10,20,22,51,53,59,82,87,90,93,98,101" machi="87" ten="30,6000,0" yaku="1,1,0,1,52,1,53,0" doraHai="79" doraHaiUra="103" who="2" fromWho="2" sc="185,-21,224,-21,370,73,211,-21" /><INIT seed="2,2,0,0,4,101" ten="164,203,443,190" oya="2" hai0="121,8,67,100,107,36,48,37,32,51,131,64,25" hai1="24,76,3,110,99,28,97,5,46,0,63,68,135" hai2="71,114,74,90,35,75,88,115,128,72,77,42,96" hai3="57,41,56,117,70,60,126,129,84,23,45,93,62"/><V17/><F35/><W80/><G117/><T112/><D8/><U111/><E76/><V133/><F71/><W52/><G70/><T59/><D100/><U79/><E79/><V127/><F42/><W104/><G104/><T95/><D95/><U55/><E135/><V12/><F127/><W120/><G120/><T21/><D32/><U73/><E73/><V53/><F53/><W1/><G1/><T39/><D21/><U49/><E5/><V83/><F17/><W122/><G122/><T132/><D25/><U38/><E3/><V44/><F44/><W116/><G116/><T11/><D11/><U61/><E38/><V91/><F12/><W102/><G126/><T50/><D107/><U108/><E0/><V27/><F27/><W65/><G129/><T30/><D30/><U58/><E68/><V34/><F34/><W4/><G4/><T16/><D16/><U15/><E15/><V82/><F128/><W123/><G23/><T43/><D131/><U14/><E14/><V18/><F18/><W19/><G19/><T81/><D81/><N who="2" m="30730" /><F133/><W2/><G2/><T22/><D132/><U125/><E125/><V119/><F119/><W92/><G123/><T31/><D121/><U29/><E61/><V94/><F77/><N who="3" m="46095" /><G102/><AGARI ba="2,0" hai="72,74,75,88,90,91,94,96,102,114,115" m="30730" machi="102" ten="40,7700,0" yaku="34,2,54,1" doraHai="101" who="2" fromWho="3" sc="164,0,203,0,443,83,190,-83" /><INIT seed="2,3,0,2,1,61" ten="164,203,526,107" oya="2" hai0="30,106,5,92,11,23,127,0,44,59,43,112,63" hai1="54,55,72,21,97,35,99,100,101,66,75,109,74" hai2="114,13,67,69,130,17,53,128,38,93,60,113,77" hai3="4,40,76,129,47,80,104,119,124,131,95,126,19"/><V73/><F38/><N who="3" m="21911" /><G104/><T24/><D127/><N who="3" m="48681" /><G119/><T70/><D112/><U82/><E35/><V103/><F53/><W1/><G19/><T105/><D70/><U27/><E109/><V42/><F42/><W28/><G28/><T89/><D92/><U71/><E82/><V50/><F50/><W37/><G95/><T2/><D89/><U133/><E133/><V116/><F116/><W86/><G37/><T7/><D7/><U83/><E83/><V41/><F41/><W108/><G108/><T10/><D10/><AGARI ba="3,0" hai="1,4,10,76,80,86,129,131" m="48681,21911" machi="10" ten="30,1000,0" yaku="18,1" doraHai="61" who="3" fromWho="0" sc="164,-19,203,0,526,0,107,19" /><INIT seed="3,0,0,0,5,134" ten="145,203,526,126" oya="3" hai0="108,27,87,39,20,101,64,122,85,36,105,46,115" hai1="82,72,5,96,26,28,40,33,92,76,129,103,70" hai2="24,2,56,9,11,68,10,12,58,91,66,25,126" hai3="80,52,123,116,130,133,23,18,6,102,8,29,74"/><W21/><G123/><T16/><D122/><U48/><E129/><V95/><F2/><W94/><G116/><T63/><D108/><U45/><E70/><V106/><F106/><W7/><G133/><T60/><D115/><U42/><E5/><V53/><F68/><W30/><G130/><T50/><D101/><U93/><REACH who="1" step="1"/><E40/><REACH who="1" ten="145,193,526,126" step="2"/><V17/><F11/><W111/><G8/><T44/><D105/><AGARI ba="0,1" hai="26,28,33,42,45,48,72,76,82,92,93,96,103,105" machi="105" ten="30,7700,0" yaku="1,1,2,1,7,1,53,1" doraHai="134" doraHaiUra="98" who="1" fromWho="0" sc="145,-77,193,87,526,0,126,0" /><INIT seed="4,0,0,1,5,58" ten="68,280,526,126" oya="0" hai0="133,127,84,132,12,57,15,35,68,78,71,62,79" hai1="52,4,48,21,81,76,134,9,53,107,104,118,99" hai2="69,130,5,11,30,102,20,113,29,47,74,49,16" hai3="51,83,128,111,59,10,34,46,116,119,0,1,124"/><T135/><D35/><U27/><E118/><V89/><F74/><W7/><G111/><T60/><D127/><U101/><E134/><V67/><F113/><W90/><G124/><T97/><D97/><U91/><E107/><V18/><F130/><W70/><G0/><T65/><D84/><U19/><E91/><V122/><F122/><W38/><G38/><T14/><D71/><U54/><E81/><V96/><F89/><W64/><G70/><T125/><D125/><U75/><E76/><V92/><F67/><AGARI ba="0,0" hai="12,14,15,57,60,62,65,67,68,78,79,132,133,135" machi="67" ten="50,9600,0" yaku="20,1,52,2" doraHai="58" who="0" fromWho="2" sc="68,96,280,0,526,-96,126,0" /><INIT seed="4,1,0,0,3,107" ten="164,280,430,126" oya="0" hai0="131,23,14,36,134,39,63,80,118,102,66,106,94" hai1="8,35,100,127,83,46,90,44,11,17,88,96,75" hai2="93,7,108,111,37,43,124,121,97,3,119,42,56" hai3="6,74,120,60,50,57,20,2,32,133,54,105,15"/><T51/><D106/><U122/><E35/><V9/><F121/><W68/><G105/><T84/><D118/><U5/><E122/><V40/><F37/><W67/><G120/><T132/><D131/><U95/><E127/><V64/><F124/><W52/><G133/><N who="0" m="51307" /><D51/><U76/><E17/><V58/><F119/><W4/><G32/><T103/><D14/><U123/><E123/><V86/><F86/><W55/><G74/><T135/><D23/><U19/><E19/><V91/><REACH who="2" step="1"/><F64/><REACH who="2" ten="164,280,420,126" step="2"/><W31/><G2/><T72/><D135/><U98/><E8/><V69/><F69/><W109/><G109/><AGARI ba="1,1" hai="3,7,9,40,42,43,56,58,91,93,97,108,109,111" machi="109" ten="40,2600,0" yaku="1,1,53,1" doraHai="107" doraHaiUra="92" who="2" fromWho="3" sc="164,0,280,0,420,39,126,-29" /><INIT seed="5,0,0,5,2,89" ten="164,280,459,97" oya="1" hai0="58,122,108,40,77,127,57,102,129,54,135,9,56" hai1="128,10,64,52,8,87,38,6,131,5,90,73,31" hai2="43,26,29,45,126,0,34,117,55,62,84,75,65" hai3="51,133,63,81,24,115,104,50,13,70,61,99,91"/><U44/><E73/><V76/><F117/><W94/><G115/><T30/><D108/><U1/><E31/><V85/><F126/><W121/><G121/><T28/><D127/><U66/><E38/><V86/><F55/><W3/><G3/><T67/><D67/><U100/><E100/><V83/><F0/><W125/><G125/><T69/><D69/><U36/><E36/><V88/><F45/><W37/><G37/><T12/><D40/><U96/><E96/><V32/><F43/><W25/><G133/><T7/><D54/><U95/><E128/><V48/><F48/><N who="3" m="18475" /><G104/><T47/><D129/><U39/><E131/><V41/><F41/><W134/><G70/><T110/><D47/><U101/><E39/><V112/><F112/><W46/><G46/><T132/><D110/><U78/><E101/><V53/><F53/><W82/><G13/><T27/><D122/><U35/><E35/><V21/><REACH who="2" step="1"/><F88/><REACH who="2" ten="164,280,449,97" step="2"/><N who="3" m="55751" /><G134/><T14/><D132/><U80/><E52/><V118/><F118/><W68/><G68/><AGARI ba="0,1" hai="21,26,29,32,34,62,65,68,75,76,83,84,85,86" machi="68" ten="40,1300,0" yaku="1,1,53,0" doraHai="89" doraHaiUra="11" who="2" fromWho="3" sc="164,0,280,0,449,23,97,-13" /><INIT seed="6,0,0,5,3,16" ten="164,280,472,84" oya="2" hai0="38,82,68,130,26,55,40,79,61,114,80,93,27" hai1="135,99,75,83,15,35,86,10,88,118,84,14,66" hai2="32,133,71,122,67,20,105,23,13,53,25,60,111" hai3="132,89,59,98,62,7,131,18,134,5,126,110,104"/><V127/><F105/><W81/><G110/><T74/><D114/><U44/><E35/><V30/><F122/><W77/><G126/><T113/><D113/><U47/><E118/><V107/><F127/><W117/><G117/><T97/><D80/><U1/><E66/><V108/><F133/><N who="3" m="51307" /><G131/><T106/><D106/><U90/><E135/><V28/><F28/><W0/><G0/><T56/><D130/><U100/><E75/><V12/><F53/><N who="3" m="34159" /><G18/><T109/><D109/><N who="2" m="42058" /><F107/><W31/><G31/><T65/><D40/><U70/><E1/><V21/><AGARI ba="0,0" hai="12,13,20,21,23,25,30,32,60,67,71" m="42058" machi="21" ten="30,11700,0" yaku="10,1,52,3" doraHai="16" who="2" fromWho="2" sc="164,-39,280,-39,472,117,84,-39" /><INIT seed="6,1,0,0,4,65" ten="125,241,589,45" oya="2" hai0="47,55,56,4,58,14,45,85,91,46,40,1,44" hai1="128,105,50,41,106,86,121,38,43,96,42,118,52" hai2="30,28,113,103,29,39,57,74,75,22,134,68,130" hai3="25,8,67,109,125,18,124,117,107,135,24,27,11"/><V90/><F39/><W7/><G67/><T49/><D1/><U88/><E38/><V19/><F103/><W133/><G107/><T94/><D55/><U112/><E118/><V77/><F77/><W69/><G69/><T53/><D40/><U26/><E112/><V119/><F119/><W83/><G83/><T20/><D4/><U127/><E128/><V114/><F130/><W84/><G84/><T132/><D132/><N who="3" m="50761" /><G117/><T111/><D111/><U98/><E127/><N who="3" m="48714" /><G109/><T80/><D80/><U108/><E108/><V82/><F68/><W12/><G27/><T99/><D85/><U21/><E121/><V87/><F134/><W15/><AGARI ba="1,0" hai="7,8,11,12,15,18,24,25" m="48714,50761" machi="15" ten="40,8000,1" yaku="20,1,18,1,34,2" doraHai="65" who="3" fromWho="3" sc="125,-21,241,-21,589,-41,45,83" /><INIT seed="7,0,0,3,3,57" ten="104,220,548,128" oya="3" hai0="112,135,96,35,14,22,31,78,72,108,69,68,95" hai1="66,101,86,23,34,42,46,48,90,43,82,8,5" hai2="119,6,120,97,49,12,111,13,133,99,11,58,104" hai3="38,17,127,89,73,26,105,117,100,56,30,81,28"/><W85/><G38/><T75/><D108/><U36/><E36/><V115/><F119/><W50/><G117/><T10/><D35/><U61/><E34/><V7/><F104/><W129/><G73/><T71/><D135/><U20/><E42/><V103/><F103/><W27/><G127/><T92/><D112/><U79/><E101/><V40/><F111/><W67/><G129/><T98/><D22/><U52/><E43/><V84/><F133/><W65/><G105/><T19/><D31/><N who="3" m="11817" /><G100/><T32/><D32/><U130/><E79/><V39/><F39/><W59/><G17/><T132/><D132/><U29/><E29/><V107/><F107/><W1/><G1/><T45/><D45/><U88/><E90/><V128/><F115/><W3/><G3/><T125/><D125/><U21/><E130/><V37/><F37/><W60/><G50/><T0/><D0/><U63/><E66/><V93/><F128/><W121/><G121/><T64/><D64/><U80/><E80/><V47/><F120/><W109/><G109/><T131/><D131/><U124/><E124/><V51/><F51/><W15/><G15/><AGARI ba="0,0" hai="5,8,15,20,21,23,46,48,52,61,63,82,86,88" machi="15" ten="40,8000,1" yaku="8,1,52,2,54,2" doraHai="57" who="1" fromWho="3" sc="104,0,220,80,548,0,128,-80" owari="104,-30.0,300,10.0,548,65.0,48,-45.0" /></mjloggm>