<mjloggm ver="2.3"><GO type="225" lobby="0"/><UN n0="%E8%92%BC%E8%A1%A3%E9%88%B4" n1="%E3%82%A6%E3%83%AB%E3%83%88%E3%83%A9%E7%AB%8B%E7%9B%B4" n2="%E7%A7%98%E5%89%A3%E2%98%85%E5%8D%83%E9%B3%A5%E2%98%85" n3="%E3%81%BF%E3%81%BF%E3%81%9A" dan="16,17,16,17" rate="2128.47,2154.32,2093.74,2212.72" sx="F,M,M,M"/><TAIKYOKU oya="0"/><INIT seed="0,0,0,2,0,17" ten="250,250,250,250" oya="0" hai0="37,67,110,100,117,125,116,86,126,93,54,13,23" hai1="21,39,46,89,32,45,135,115,119,78,87,2,11" hai2="92,30,6,90,79,107,25,84,42,134,66,57,22" hai3="52,123,50,111,94,53,63,7,3,129,29,70,59"/><T43/><D67/><U113/><E32/><V55/><F107/><W28/><G111/><T114/><D114/><N who="1" m="43531" /><E119/><N who="0" m="45641" /><D110/><U91/><E135/><V34/><F134/><W0/><G129/><T96/><D37/><U14/><E2/><V71/><F71/><W44/><G123/><T105/><D43/><N who="1" m="22783" /><E46/><V19/><F6/><W48/><G3/><T36/><D36/><U64/><E64/><V35/><F66/><W128/><G128/><T77/><D54/><U76/><E21/><V56/><F42/><W75/><G70/><T124/><D77/><N who="1" m="29803" /><E87/><V120/><F120/><W16/><G75/><T109/><D109/><U5/><AGARI ba="0,0" hai="5,11,14,89,91" m="29803,22783,43531" machi="5" ten="30,1100,0" yaku="11,1" doraHai="17" who="1" fromWho="1" sc="250,-5,250,11,250,-3,250,-3" /><INIT seed="1,0,0,3,4,70" ten="245,261,247,247" oya="1" hai0="89,53,36,122,15,81,61,76,23,74,14,91,116" hai1="82,44,21,94,113,87,25,79,2,37,54,126,34" hai2="93,128,28,99,106,7,95,69,129,9,98,63,58" hai3="50,88,85,5,83,125,40,12,77,130,11,27,73"/><U131/><E2/><V57/><F28/><W71/><G125/><T135/><D116/><U16/><E113/><V51/><F51/><W49/><G130/><N who="2" m="50281" /><F106/><W110/><G110/><T6/><D135/><U41/><E126/><V66/><F95/><W80/><G71/><T8/><D122/><U100/><E131/><V3/><F99/><W114/><G114/><T92/><D36/><U101/><E34/><V123/><F123/><W68/><G68/><T90/><D61/><U103/><REACH who="1" step="1"/><E54/><REACH who="1" ten="245,251,247,247" step="2"/><V48/><F48/><W55/><G55/><T75/><D53/><U112/><E112/><V107/><F107/><W32/><G50/><T102/><D74/><U115/><E115/><V47/><F47/><W133/><G133/><T19/><D75/><U120/><E120/><V26/><F26/><W30/><G49/><T38/><D38/><U64/><E64/><V97/><F98/><AGARI ba="0,1" hai="16,21,25,37,41,44,79,82,87,94,98,100,101,103" machi="98" ten="40,7700,0" yaku="1,1,52,1,54,1,53,0" doraHai="70" doraHaiUra="35" who="1" fromWho="2" sc="245,0,251,87,247,-77,247,0" /><INIT seed="1,1,0,5,4,48" ten="245,338,170,247" oya="1" hai0="43,65,90,102,75,66,87,116,59,130,74,107,132" hai1="78,98,81,61,26,84,80,91,112,113,35,110,95" hai2="126,50,86,2,46,79,25,37,47,41,53,0,33" hai3="8,119,19,129,42,123,67,63,6,38,105,28,109"/><U18/><E110/><V127/><F79/><W54/><G123/><T122/><D116/><U52/><E35/><V103/><F103/><W30/><G109/><T11/><D122/><U57/><E81/><V82/><F82/><W55/><G105/><T93/><D130/><U40/><E40/><V17/><F86/><W100/><G100/><T27/><D132/><U104/><E104/><V117/><F117/><W134/><G19/><T15/><D43/><U36/><E36/><V115/><F17/><W34/><G119/><T3/><D3/><U45/><E45/><V24/><F115/><W70/><G129/><T23/><D65/><U73/><E73/><V1/><REACH who="2" step="1"/><F33/><REACH who="2" ten="245,338,160,247" step="2"/><W21/><G34/><T60/><D102/><U125/><E113/><V71/><F71/><W22/><G22/><T94/><D107/><U4/><E112/><V131/><F131/><W12/><G134/><T92/><D74/><U114/><E114/><V89/><F89/><W31/><REACH who="3" step="1"/><G21/><REACH who="3" ten="245,338,160,237" step="2"/><T101/><D101/><U10/><E18/><V44/><F44/><AGARI ba="1,2" hai="6,8,12,28,30,31,38,42,44,54,55,63,67,70" machi="44" ten="40,8000,1" yaku="1,1,2,1,52,2,53,1" doraHai="48" doraHaiUra="58" who="3" fromWho="2" sc="245,0,338,0,160,-83,237,103" /><INIT seed="2,0,0,2,2,99" ten="245,338,77,340" oya="2" hai0="105,9,103,115,125,65,128,98,54,84,75,3,8" hai1="63,13,104,34,83,38,2,81,79,106,129,12,111" hai2="43,49,132,60,6,70,108,90,64,116,14,93,46" hai3="62,94,100,25,32,7,82,102,24,68,10,52,97"/><V72/><F116/><W17/><G68/><T87/><D115/><U19/><E2/><V39/><F72/><W48/><G62/><T126/><D75/><U133/><E38/><V85/><F132/><W123/><G123/><T77/><D128/><U121/><E34/><V71/><F108/><W26/><G32/><T130/><D130/><U42/><E42/><V61/><F6/><W119/><G119/><T86/><D65/><U101/><E129/><V45/><F14/><N who="3" m="5471" /><G82/><T122/><D122/><U113/><E19/><V91/><F90/><N who="3" m="55511" /><G17/><T35/><D35/><U47/><E79/><V18/><F18/><W107/><G107/><T44/><D77/><U124/><E111/><V29/><F29/><W78/><G78/><T120/><D3/><U112/><E121/><V28/><F28/><W16/><G16/><T4/><D4/><U31/><BYE who="0" /><E31/><UN n0="%E8%92%BC%E8%A1%A3%E9%88%B4" /><V131/><F131/><W11/><G11/><T66/><D66/><U0/><E0/><V109/><F109/><W30/><G30/><T80/><D80/><U96/><E133/><V59/><F61/><W21/><G21/><T74/><D74/><U33/><E33/><V1/><F1/><W76/><G76/><T27/><D27/><U88/><E63/><V53/><AGARI ba="0,0" hai="39,43,45,46,49,53,59,60,64,70,71,85,91,93" machi="53" ten="20,2100,0" yaku="0,1,7,1" doraHai="99" who="2" fromWho="2" sc="245,-7,338,-7,77,21,340,-7" /><INIT seed="2,1,0,5,3,4" ten="238,331,98,333" oya="2" hai0="64,118,95,53,126,77,66,41,119,38,88,75,122" hai1="19,72,36,18,51,96,9,114,46,129,35,65,94" hai2="99,20,89,31,76,134,79,40,44,42,26,10,58" hai3="24,73,22,103,5,112,11,28,127,135,104,92,48"/><V13/><F134/><W61/><G73/><T23/><D122/><U82/><E35/><V47/><F58/><W54/><G104/><T30/><D126/><U60/><E36/><V63/><F63/><W108/><G108/><T34/><D34/><U83/><E72/><V124/><F124/><W55/><G127/><T50/><D38/><U1/><E114/><V16/><F99/><N who="3" m="59879" /><G135/><T113/><D41/><N who="2" m="15978" /><F89/><W128/><G128/><T100/><D100/><U111/><E111/><V87/><F87/><W27/><G112/><T74/><D113/><U6/><E129/><V102/><F102/><W123/><G123/><T81/><D75/><U70/><E83/><V91/><F91/><W12/><G61/><T131/><D131/><U84/><E84/><V93/><F93/><W130/><G130/><T106/><D106/><U107/><E82/><V115/><F115/><W59/><G54/><T86/><D118/><U45/><E107/><V116/><F116/><W69/><G69/><T110/><D110/><U78/><E78/><AGARI ba="1,0" hai="10,13,16,20,26,31,44,47,76,78,79" m="15978" machi="78" ten="30,5800,0" yaku="8,1,52,1,54,1" doraHai="4" who="2" fromWho="1" sc="238,0,331,-61,98,61,333,0" /><INIT seed="2,2,0,4,0,64" ten="238,270,159,333" oya="2" hai0="51,31,79,115,48,97,118,95,27,42,86,40,119" hai1="129,135,21,41,96,117,109,37,57,128,69,53,28" hai2="8,133,30,36,102,105,67,112,25,29,83,84,55" hai3="104,43,106,123,63,46,10,116,45,75,11,76,73"/><V101/><F112/><W99/><G116/><N who="0" m="44587" /><D115/><U26/><E117/><V6/><F36/><W58/><G123/><T132/><D132/><U87/><E135/><V68/><F133/><W127/><G127/><T22/><D79/><U134/><E134/><V65/><F68/><W90/><G90/><N who="0" m="53719" /><D97/><U91/><E69/><V34/><F105/><W103/><G104/><T9/><D9/><U98/><E109/><V124/><F124/><W35/><G46/><N who="0" m="25671" /><D42/><U49/><E41/><V92/><F55/><W14/><G35/><T131/><D51/><U78/><E78/><V54/><F54/><W111/><G111/><T88/><D88/><U108/><E108/><V13/><F101/><W12/><G76/><T113/><D113/><U7/><E7/><V52/><F52/><W18/><G58/><T126/><D126/><U81/><E37/><V74/><F74/><W44/><G63/><T89/><D89/><U71/><E71/><V72/><F72/><W125/><G44/><T100/><D100/><U3/><E3/><V114/><F114/><W0/><G0/><T85/><D85/><U5/><E5/><V20/><F102/><W56/><G56/><T47/><D47/><U130/><AGARI ba="2,0" hai="21,26,28,49,53,57,81,87,91,96,98,128,129,130" machi="130" ten="30,2000,0" yaku="0,1,19,1" doraHai="64" who="1" fromWho="1" sc="238,-7,270,26,159,-12,333,-7" /><INIT seed="3,0,0,5,0,126" ten="231,296,147,326" oya="3" hai0="43,98,131,7,11,135,133,119,88,114,130,41,69" hai1="46,103,124,38,81,104,75,66,82,87,10,49,79" hai2="56,39,20,122,91,111,63,40,16,65,1,48,42" hai3="101,2,36,89,110,45,83,6,109,22,96,15,35"/><W29/><G89/><T50/><D69/><U70/><E38/><V33/><F111/><N who="3" m="42507" /><G83/><T71/><D71/><U21/><E21/><V67/><F122/><W117/><G117/><T59/><D119/><U74/><E10/><V121/><F121/><W68/><G68/><T25/><D25/><U23/><E23/><V92/><F39/><W84/><G84/><T55/><D114/><U125/><E103/><V13/><F1/><W52/><G35/><T34/><D34/><U115/><E104/><V47/><F33/><W24/><G2/><N who="0" m="503" /><D88/><U120/><E120/><V73/><F73/><W32/><G36/><T113/><D98/><U8/><E115/><V64/><REACH who="2" step="1"/><F40/><REACH who="2" ten="231,296,137,326" step="2"/><N who="0" m="15434" /><D113/><U107/><E75/><V99/><AGARI ba="0,1" hai="13,16,20,42,47,48,56,63,64,65,67,91,92,99" machi="99" ten="20,8000,1" yaku="1,1,0,1,7,1,8,1,54,1,53,0" doraHai="126" doraHaiUra="77" who="2" fromWho="2" sc="231,-20,296,-20,137,90,326,-40" /><INIT seed="4,0,0,4,4,6" ten="211,276,227,286" oya="0" hai0="110,24,43,115,23,123,117,50,16,45,108,57,95" hai1="73,66,15,59,120,109,32,35,135,105,21,25,0" hai2="33,20,86,104,30,78,130,29,107,7,46,26,12" hai3="65,51,99,103,80,116,129,76,27,9,36,101,63"/><T41/><D117/><U87/><E73/><V84/><F130/><W100/><G36/><T2/><D2/><U67/><E0/><V94/><F107/><W98/><G116/><T40/><D123/><U55/><E105/><V122/><F104/><W134/><G134/><T92/><D115/><U39/><E39/><V83/><F122/><W70/><G129/><T42/><REACH who="0" step="1"/><D57/><REACH who="0" ten="201,276,227,286" step="2"/><U28/><E120/><V124/><F124/><W52/><G70/><T106/><D106/><U114/><E114/><V111/><F111/><AGARI ba="0,1" hai="16,23,24,40,41,42,43,45,50,92,95,108,110,111" machi="111" ten="40,7700,0" yaku="1,1,10,1,54,1,53,0" doraHai="6" doraHaiUra="56" who="0" fromWho="2" sc="201,87,276,0,227,-77,286,0" /><INIT seed="4,1,0,1,5,28" ten="288,276,150,286" oya="0" hai0="17,21,52,40,39,110,55,71,116,83,9,96,18" hai1="43,60,126,63,8,36,114,134,22,26,7,109,37" hai2="118,98,107,102,92,29,49,10,33,44,1,73,130" hai3="86,59,6,104,87,89,5,24,88,68,54,119,77"/><T127/><D116/><U106/><E106/><V97/><F130/><W78/><G68/><T14/><D71/><U50/><E109/><V51/><F118/><W23/><G104/><T121/><D121/><U90/><E126/><V65/><F73/><W112/><G112/><T15/><D127/><U75/><E75/><V74/><F74/><W125/><G125/><T12/><D110/><U103/><E103/><V79/><F79/><N who="3" m="30219" /><G86/><T48/><D39/><U105/><E105/><V123/><F123/><W94/><G89/><T115/><D115/><U76/><E76/><V128/><F128/><W41/><G41/><T25/><D83/><U35/><E35/><V108/><F108/><W0/><G0/><T111/><D111/><U124/><E124/><V19/><F65/><W117/><G117/><T61/><D96/><U32/><E32/><V16/><F1/><W133/><G133/><T72/><D72/><U93/><E37/><V84/><F84/><W67/><G67/><T47/><D61/><U3/><E36/><V131/><F131/><W30/><G119/><T4/><D15/><U11/><E134/><V100/><F10/><AGARI ba="1,0" hai="4,9,10,12,14,17,18,21,25,40,47,48,52,55" machi="10" ten="30,5800,0" yaku="7,1,8,1,54,1" doraHai="28" who="0" fromWho="2" sc="288,61,276,0,150,-61,286,0" owari="349,44.0,276,-12.0,89,-41.0,286,9.0" /></mjloggm>