<mjloggm ver="2.3"><GO type="193" lobby="0"/><UN n0="%E3%83%88%E3%83%88%E3%83%AA%E5%85%88%E7%94%9F%31%39%E6%AD%B3" n1="%61%6D%61%64%61%73%30%30" n2="%6E%6F%6E%6F%61%31%30" n3="%E3%81%8A%E3%81%A1%E3%82%83%E3%81%A5%E3%81%91" dan="11,13,10,11" rate="1788.32,1780.06,1669.44,1638.39" sx="F,M,F,M"/><TAIKYOKU oya="0"/><INIT seed="0,0,0,5,5,67" ten="250,250,250,250" oya="0" hai0="73,132,21,32,135,82,75,130,109,51,113,66,117" hai1="101,133,22,80,76,10,65,57,44,83,7,104,1" hai2="87,121,91,46,79,38,60,81,24,12,88,106,54" hai3="115,3,77,103,134,107,129,119,0,131,19,78,42"/><T43/><D32/><U6/><E133/><N who="0" m="51273" /><D117/><U37/><E7/><V98/><F121/><W114/><G134/><T35/><D35/><U85/><E22/><V95/><F106/><W49/><G42/><T94/><D113/><N who="3" m="43017" /><G49/><T61/><D109/><U47/><E80/><V74/><F38/><W5/><G19/><T55/><D43/><U124/><E124/><V125/><F125/><W4/><G103/><T111/><D111/><U84/><E84/><V2/><F2/><N who="3" m="555" /><G107/><T48/><D130/><N who="3" m="49673" /><G119/><T34/><D48/><U70/><E57/><V50/><F24/><W116/><G116/><T120/><D51/><U45/><E37/><V102/><F60/><W112/><N who="3" m="43025" /><W100/><DORA hai="105" /><G100/><T25/><D61/><U53/><E53/><V26/><F26/><W11/><G11/><T126/><D55/><U64/><E104/><V93/><REACH who="2" step="1"/><F12/><REACH who="2" ten="250,250,240,250" step="2"/><W41/><G41/><T68/><D25/><U18/><E1/><V89/><AGARI ba="0,1" hai="46,50,54,74,79,81,87,88,89,91,93,95,98,102" machi="89" ten="30,8000,1" yaku="1,1,2,1,0,1,52,1,54,1,53,0" doraHai="67,105" doraHaiUra="23,122" who="2" fromWho="2" sc="250,-40,250,-20,240,90,250,-20" /><INIT seed="1,0,0,3,1,68" ten="210,230,330,230" oya="1" hai0="110,103,126,55,67,2,42,36,87,104,81,101,63" hai1="18,13,28,66,33,10,71,38,76,107,4,89,12" hai2="80,57,40,25,64,0,74,97,54,99,78,72,127" hai3="119,114,9,14,19,90,37,46,5,113,58,86,21"/><U51/><E107/><V65/><F0/><W122/><G122/><T49/><D2/><U85/><E76/><V94/><F127/><W88/><G119/><T134/><D126/><U82/><E38/><V32/><F40/><W60/><G90/><T17/><D110/><U102/><E102/><V117/><F117/><W59/><G59/><N who="0" m="33263" /><D104/><U108/><E108/><V83/><F25/><W7/><G7/><T131/><D17/><U75/><E75/><V130/><F130/><W16/><G37/><T31/><D31/><U111/><E111/><V69/><F69/><W96/><G96/><T15/><D15/><U39/><E39/><V35/><F35/><W121/><G121/><T112/><D112/><U1/><E51/><V34/><F34/><W106/><G106/><T95/><D95/><U22/><E71/><V3/><F3/><W29/><G46/><N who="0" m="23879" /><D134/><U135/><E135/><V92/><F32/><W11/><G11/><T20/><D20/><U123/><E123/><V50/><F74/><W105/><G105/><T98/><D98/><U118/><E118/><V47/><F83/><N who="3" m="49247" /><G113/><T115/><D115/><U6/><E6/><V56/><F72/><W100/><G100/><T133/><D133/><U27/><E13/><V128/><F128/><W23/><G114/><T120/><D120/><U24/><E24/><V109/><F109/><W30/><G30/><T62/><D131/><U124/><E124/><V41/><F92/><W91/><G91/><N who="0" m="51695" /><D67/><AGARI ba="0,0" hai="1,4,10,12,18,22,27,28,33,66,67,82,85,89" machi="67" ten="40,3900,0" yaku="24,2" doraHai="68" who="1" fromWho="0" sc="210,-39,230,39,330,0,230,0" /><INIT seed="1,1,0,4,1,28" ten="171,269,330,230" oya="1" hai0="71,39,45,36,77,43,113,94,114,19,52,48,85" hai1="112,15,102,100,53,74,25,108,34,89,9,37,3" hai2="104,47,29,8,81,26,32,17,59,16,2,30,92" hai3="116,107,41,13,135,22,73,91,128,68,99,40,18"/><U84/><E112/><V64/><F104/><W70/><G128/><T33/><D71/><U83/><E37/><V6/><F47/><W12/><G73/><T121/><D121/><U129/><E129/><V82/><F29/><W5/><G135/><T124/><D124/><U21/><E108/><V97/><F81/><W109/><G109/><T132/><D132/><U67/><E67/><V10/><F82/><W50/><G116/><T123/><D123/><U130/><E130/><V62/><REACH who="2" step="1"/><F10/><REACH who="2" ten="171,269,320,230" step="2"/><W42/><G107/><T55/><D114/><U117/><E117/><V65/><F65/><W110/><G110/><T98/><D113/><U131/><E131/><V118/><F118/><W20/><G70/><T87/><D39/><U126/><E126/><V1/><F1/><W115/><G115/><T11/><D36/><U133/><E3/><V95/><F95/><W51/><G68/><T60/><D77/><U75/><E133/><V134/><F134/><W31/><G31/><T69/><D69/><U125/><E125/><V120/><F120/><W93/><G5/><T56/><D43/><U106/><E106/><V122/><F122/><W76/><G76/><T90/><D33/><U57/><E34/><V86/><F86/><W88/><G91/><AGARI ba="1,1" hai="2,6,8,16,17,26,30,32,59,62,64,91,92,97" machi="91" ten="30,7700,0" yaku="1,1,7,1,52,1,54,1,53,0" doraHai="28" doraHaiUra="38" who="2" fromWho="3" sc="171,0,269,0,320,90,230,-80" /><INIT seed="2,0,0,5,4,24" ten="171,269,410,150" oya="2" hai0="20,44,1,103,32,109,14,119,58,41,34,135,115" hai1="131,0,73,84,35,6,104,102,47,39,69,28,48" hai2="5,111,29,90,133,92,7,12,57,127,49,10,107" hai3="18,116,93,2,122,65,55,26,43,96,9,11,121"/><V82/><F107/><W21/><G116/><T40/><D115/><U88/><E131/><V17/><F127/><W80/><G43/><T52/><D1/><U62/><E73/><V66/><F133/><W30/><G121/><T113/><D113/><U78/><E78/><V117/><F117/><W94/><G2/><T63/><D119/><U112/><E39/><V59/><F111/><W33/><G65/><T50/><D109/><U101/><E112/><V45/><F82/><W81/><G122/><T60/><D135/><U79/><E79/><V114/><F114/><W106/><G106/><T77/><D103/><U123/><E104/><V53/><F29/><W118/><G118/><T72/><D41/><U67/><E123/><V37/><F37/><W4/><G93/><T42/><D42/><U86/><E6/><N who="2" m="2059" /><F66/><W130/><G130/><T27/><D14/><U125/><E125/><V8/><F8/><W36/><G36/><T70/><D77/><U13/><E13/><V74/><F74/><W16/><G18/><T46/><D72/><U23/><E35/><V91/><F91/><W126/><G126/><T61/><D70/><U95/><E0/><V85/><AGARI ba="0,0" hai="10,12,17,45,49,53,57,59,85,90,92" m="2059" machi="85" ten="30,1500,0" yaku="8,1" doraHai="24" who="2" fromWho="2" sc="171,-5,269,-5,410,15,150,-5" /><INIT seed="2,1,0,3,2,78" ten="166,264,425,145" oya="2" hai0="62,60,50,134,91,96,19,20,40,27,103,88,11" hai1="118,107,28,116,0,37,75,101,8,32,68,14,57" hai2="115,87,95,42,66,100,4,98,5,117,16,48,56" hai3="84,70,90,59,64,71,130,114,126,35,112,2,93"/><V21/><F115/><W9/><G35/><T135/><D11/><U111/><E68/><V45/><F117/><W85/><G2/><T47/><D62/><U61/><E75/><V30/><F87/><W86/><G9/><T18/><D60/><U120/><E37/><V22/><F22/><W74/><G74/><T110/><D110/><U106/><E111/><V69/><F69/><W83/><G59/><T31/><D19/><U34/><E0/><V97/><F97/><W41/><G41/><T53/><D40/><U122/><E107/><V55/><F30/><W43/><G43/><T89/><REACH who="0" step="1"/><D18/><REACH who="0" ten="156,264,425,145" step="2"/><U132/><E118/><V54/><F54/><W104/><G70/><T17/><D17/><U73/><E116/><V52/><F55/><W125/><G71/><T129/><D129/><U127/><E122/><V15/><REACH who="2" step="1"/><F66/><REACH who="2" ten="156,264,415,145" step="2"/><W113/><G64/><T121/><D121/><U131/><E120/><V102/><F102/><W67/><G67/><T1/><D1/><U12/><E131/><V49/><AGARI ba="1,2" hai="4,5,15,16,21,42,45,48,49,52,56,95,98,100" machi="49" ten="20,18000,2" yaku="1,1,0,1,7,1,8,1,54,2,53,0" doraHai="78" doraHaiUra="133" who="2" fromWho="2" sc="156,-61,264,-61,415,203,145,-61" /><INIT seed="2,2,0,3,1,94" ten="95,203,618,84" oya="2" hai0="73,34,114,39,115,0,26,21,88,111,101,51,28" hai1="80,29,93,3,50,90,105,44,96,86,117,78,72" hai2="31,19,109,23,87,74,18,116,132,62,47,40,52" hai3="124,49,10,68,38,27,55,7,15,103,102,128,91"/><V106/><F74/><W36/><G38/><T83/><D39/><U92/><E3/><V54/><F116/><W118/><G36/><T75/><D0/><U130/><E29/><V127/><F106/><W37/><G118/><T58/><D111/><U125/><E117/><V1/><F1/><W135/><G37/><T120/><D120/><U89/><E44/><V76/><F127/><W97/><G124/><T107/><D34/><U57/><E57/><V77/><F132/><W113/><G68/><T24/><D24/><U11/><E11/><V35/><F35/><W42/><G135/><T123/><D123/><U100/><E50/><N who="2" m="26983" /><F109/><W129/><G42/><T98/><D75/><U82/><E130/><N who="3" m="50282" /><G27/><T4/><D4/><U13/><E13/><V121/><F121/><W66/><G66/><T20/><D20/><U95/><E125/><V46/><F46/><W79/><G79/><AGARI ba="2,0" hai="72,78,79,80,82,86,89,90,92,93,95,96,100,105" machi="79" ten="40,12000,2" yaku="35,6,52,1" doraHai="94" who="1" fromWho="3" sc="95,0,203,126,618,0,84,-126" owari="95,-30.0,329,13.0,618,71.0,-42,-54.0" /></mjloggm>