<mjloggm ver="2.3"><GO type="97" lobby="0"/><UN n0="%E5%B0%B1%E6%B4%BB%E7%94%9F%40%E5%B7%9D%E6%9D%91%E8%BB%8D%E5%9B%A3" n1="%E3%81%8D%E3%82%93%E3%81%90%E3%81%8B%E3%82%8F%E3%81%84%E3%81%99%E3%81%9D" n2="%E5%8D%81%E5%BC%90%E7%BE%8E%E7%80%AC%E3%81%AA%E3%81%AA" n3="%E3%81%8B%E3%81%B6%E3%81%AE%E4%B8%80%E5%A4%9C%E6%BC%AC%E3%81%91" dan="15,13,15,15" rate="2067.85,1854.74,2048.12,1945.70" sx="M,M,F,M"/><TAIKYOKU oya="0"/><INIT seed="0,0,0,1,3,103" ten="250,250,250,250" oya="0" hai0="129,12,54,23,30,111,56,31,72,25,108,36,58" hai1="126,11,94,100,81,9,6,33,49,41,101,98,116" hai2="114,21,20,64,55,127,13,122,46,18,92,82,106" hai3="68,17,104,86,15,37,52,77,34,110,29,24,28"/><T117/><D72/><U8/><E33/><V88/><F122/><W65/><G37/><T32/><D36/><U79/><E116/><V112/><F127/><W99/><G29/><T84/><D117/><U50/><E101/><V89/><F106/><W118/><G118/><T14/><D129/><U90/><E126/><V83/><F64/><W121/><G86/><T97/><D97/><U5/><E90/><V131/><F131/><W73/><G121/><T115/><D115/><U48/><REACH who="1" step="1"/><E41/><REACH who="1" ten="250,240,250,250" step="2"/><V130/><F130/><W95/><G77/><T91/><D32/><U67/><E67/><V133/><F114/><W7/><G65/><T1/><D1/><U43/><E43/><V26/><F112/><W119/><G119/><T78/><D78/><U96/><E96/><N who="2" m="57351" /><F89/><W124/><G99/><T93/><D31/><U40/><E40/><V42/><F42/><W60/><G28/><T39/><D39/><U128/><E128/><V59/><F46/><W134/><G34/><T3/><D3/><U66/><E66/><V44/><F44/><W125/><G125/><T61/><REACH who="0" step="1"/><D56/><REACH who="0" ten="240,240,250,250" step="2"/><U4/><E4/><V113/><F113/><W87/><G7/><T85/><D85/><AGARI ba="0,2" hai="5,6,8,9,11,48,49,50,79,81,85,94,98,100" machi="85" ten="40,8000,1" yaku="1,1,8,1,53,2" doraHai="103" doraHaiUra="0" who="1" fromWho="0" sc="240,-80,240,100,250,0,250,0" /><INIT seed="1,0,0,4,3,134" ten="160,340,250,250" oya="1" hai0="95,127,92,116,30,1,53,123,25,48,88,15,31" hai1="52,102,81,93,9,114,101,4,69,94,124,71,41" hai2="14,98,97,135,90,36,33,104,83,77,11,45,125" hai3="26,63,59,118,66,19,117,133,121,73,12,16,17"/><U110/><E114/><V99/><F33/><W44/><G73/><T20/><D116/><N who="3" m="44649" /><G121/><T22/><D1/><U51/><E41/><V46/><F135/><W2/><G2/><T5/><D123/><U54/><E81/><V40/><F46/><W62/><G133/><T58/><D127/><U75/><E75/><V76/><F125/><W109/><G26/><T126/><D126/><U37/><E37/><V32/><F32/><W119/><G109/><T100/><D100/><U103/><E124/><V28/><F28/><W29/><G29/><T43/><D43/><U68/><E110/><V23/><F23/><N who="3" m="11655" /><G44/><T18/><D5/><U72/><E72/><V61/><F104/><W55/><G119/><T79/><D79/><U50/><E4/><V82/><F61/><W10/><G10/><T8/><D95/><N who="1" m="36363" /><E9/><V60/><F60/><W106/><G106/><T3/><D3/><U57/><E57/><AGARI ba="0,0" hai="17,19,55,57,59,62,63,66" m="11655,44649" machi="57" ten="30,2000,0" yaku="12,1,54,1" doraHai="134" who="3" fromWho="1" sc="160,0,340,-20,250,0,250,20" /><INIT seed="2,0,0,4,3,130" ten="160,320,250,270" oya="2" hai0="57,16,34,133,31,135,42,119,124,117,83,76,48" hai1="56,1,23,105,102,46,66,108,22,60,104,15,103" hai2="3,70,79,6,0,125,97,75,72,30,8,54,80" hai3="51,86,113,65,91,87,82,92,94,55,61,45,120"/><V122/><F122/><W14/><G113/><T77/><D34/><U27/><E1/><V40/><F125/><W88/><G120/><T25/><D124/><U7/><E108/><V11/><F70/><W50/><G50/><T52/><D42/><U59/><E46/><V28/><F97/><W89/><G14/><T53/><D53/><U73/><E73/><V93/><F93/><W62/><G65/><T126/><D126/><U4/><E15/><V10/><F54/><W39/><G39/><T131/><D131/><U132/><E27/><V49/><F72/><W107/><G107/><T123/><D123/><U134/><E60/><V37/><F49/><W19/><G19/><T128/><D128/><U98/><E98/><AGARI ba="0,0" hai="45,51,55,61,62,82,86,87,88,89,91,92,94,98" machi="98" ten="30,3900,0" yaku="7,1,8,1,54,1" doraHai="130" who="3" fromWho="1" sc="160,0,320,-39,250,0,270,39" /><INIT seed="3,0,0,2,3,133" ten="160,281,250,309" oya="3" hai0="0,104,7,74,9,113,92,122,73,81,118,42,132" hai1="79,126,129,29,44,62,35,63,116,111,131,83,18" hai2="61,20,60,96,25,84,24,101,110,5,31,28,128" hai3="123,33,59,43,134,87,56,115,17,130,91,72,135"/><W77/><G123/><T100/><D122/><U86/><E116/><V125/><F110/><W80/><G115/><T99/><D118/><U82/><E111/><V14/><F128/><N who="1" m="49225" /><E44/><V109/><F109/><W76/><G130/><T97/><D132/><N who="3" m="50729" /><G33/><T119/><D119/><U75/><E18/><V27/><F84/><W16/><G43/><T105/><D113/><U121/><E121/><V13/><F125/><W11/><G76/><T88/><D105/><U65/><E35/><V3/><F3/><W21/><G11/><T37/><D37/><U22/><E29/><V23/><F25/><N who="3" m="14503" /><G17/><T34/><D34/><U51/><E22/><V78/><F78/><W55/><G55/><T108/><D108/><U64/><E51/><V53/><F53/><W39/><G39/><T1/><D42/><U12/><E12/><V90/><F90/><W68/><G68/><T127/><D1/><U50/><E50/><V58/><F5/><W26/><G26/><T40/><D40/><U19/><E19/><V112/><F112/><W67/><G67/><N who="1" m="25674" /><E62/><V103/><F58/><W32/><G32/><T66/><D66/><U89/><E63/><V38/><F38/><W49/><G49/><T120/><D120/><U114/><E114/><V71/><F71/><W2/><G2/><T94/><D127/><AGARI ba="0,0" hai="75,79,82,83,86,89,126,127" m="25674,49225" machi="127" ten="30,3900,0" yaku="19,1,52,2" doraHai="133" who="1" fromWho="0" sc="160,-39,281,39,250,0,309,0" owari="121,-38.0,320,42.0,250,-15.0,309,11.0" /></mjloggm>