<mjloggm ver="2.3"><GO type="41" lobby="0"/><UN n0="%E5%B0%B1%E6%B4%BB%E7%94%9F%40%E5%B7%9D%E6%9D%91%E8%BB%8D%E5%9B%A3" n1="%70%65%61%73%6B%65" n2="%6D%61%65%2D%6B%65%6E%6E" n3="%E3%83%A2%E3%83%BC%E5%A8%98%E3%80%82%E3%82%AA%E3%82%BF" dan="14,13,13,14" rate="1984.30,1831.80,1868.46,1960.48" sx="M,F,M,M"/><TAIKYOKU oya="0"/><INIT seed="0,0,0,4,0,105" ten="250,250,250,250" oya="0" hai0="80,97,34,100,89,24,50,55,67,119,10,41,4" hai1="102,113,19,90,26,63,88,96,64,15,44,130,32" hai2="52,117,112,23,49,131,18,62,133,37,61,114,118" hai3="101,2,107,73,103,8,106,82,46,123,135,128,29"/><T12/><D119/><N who="2" m="45578" /><F18/><W71/><G123/><T86/><D67/><U21/><E130/><V65/><F23/><W35/><G128/><T76/><D41/><U11/><E32/><V30/><F30/><W45/><G135/><T17/><D34/><U92/><E44/><N who="2" m="27687" /><F131/><W38/><G71/><T125/><D125/><U84/><E84/><V77/><F77/><N who="3" m="44335" /><G46/><T98/><D100/><N who="3" m="38473" /><G29/><T39/><D39/><U25/><E25/><V40/><F133/><W14/><G35/><T69/><D69/><U27/><E27/><V78/><F78/><W16/><G16/><T122/><D122/><U83/><E83/><V104/><F104/><W59/><G14/><T48/><D48/><U58/><REACH who="1" step="1"/><E113/><REACH who="1" ten="250,240,250,250" step="2"/><N who="2" m="43627" /><F65/><W91/><G107/><T9/><D76/><U75/><E75/><V99/><F99/><W13/><G106/><T31/><D31/><AGARI ba="0,1" hai="11,15,19,21,26,31,58,63,64,88,90,92,96,102" machi="31" ten="30,12000,2" yaku="1,1,7,1,25,2,8,1,54,1,53,0" doraHai="105" doraHaiUra="33" who="1" fromWho="0" sc="250,-120,240,130,250,0,250,0" /><INIT seed="1,0,0,3,1,60" ten="130,370,250,250" oya="1" hai0="7,118,59,55,81,11,109,93,15,61,46,22,3" hai1="36,94,64,119,63,37,42,13,33,39,16,84,73" hai2="89,128,24,43,82,111,34,26,77,6,76,90,74" hai3="12,100,25,20,62,29,4,10,101,47,40,83,65"/><U124/><E73/><V134/><F128/><W19/><G83/><T112/><D118/><U2/><E33/><V71/><F134/><W126/><G126/><T113/><D109/><U127/><E2/><V45/><F111/><W116/><G116/><T18/><D81/><U123/><E119/><V135/><F135/><W17/><G17/><T75/><D75/><U95/><E123/><V110/><F110/><W14/><G47/><T114/><D46/><U88/><E42/><V80/><F71/><W106/><G40/><T1/><REACH who="0" step="1"/><D93/><REACH who="0" ten="120,370,250,250" step="2"/><U48/><E95/><V78/><F45/><W38/><G106/><T132/><D132/><U103/><E103/><V96/><F43/><W72/><G72/><T91/><D91/><U53/><E124/><V85/><F34/><W35/><REACH who="3" step="1"/><G38/><REACH who="3" ten="120,370,250,240" step="2"/><T129/><D129/><U5/><E127/><V0/><F6/><W117/><G117/><T92/><D92/><U21/><E5/><V68/><F0/><AGARI ba="0,2" hai="0,1,3,7,11,15,18,22,55,59,61,112,113,114" machi="0" ten="40,1300,0" yaku="1,1,53,0" doraHai="60" doraHaiUra="69" who="0" fromWho="2" sc="120,33,370,0,250,-13,240,0" /><INIT seed="2,0,0,5,1,84" ten="153,370,237,240" oya="2" hai0="9,92,11,126,120,111,73,63,74,129,106,130,3" hai1="38,67,37,101,50,60,91,23,46,127,122,66,77" hai2="109,18,69,71,21,108,70,58,110,79,85,31,131" hai3="75,5,36,34,7,135,133,56,15,103,24,43,121"/><V17/><F131/><N who="0" m="50186" /><D106/><U125/><E101/><V35/><F35/><W27/><G121/><T6/><D120/><U47/><E77/><V68/><N who="2" m="17920" /><DORA hai="112" /><V96/><F96/><W116/><G75/><T4/><D126/><N who="1" m="48139" /><E23/><V99/><F99/><W30/><G103/><T90/><D111/><N who="2" m="28418" /><V55/><DORA hai="45" /><F31/><N who="3" m="19815" /><G56/><T93/><D63/><U14/><E122/><V107/><F107/><W119/><G43/><T72/><D90/><U78/><E78/><V134/><F134/><N who="3" m="51211" /><G36/><N who="1" m="13930" /><E60/><N who="2" m="35935" /><F21/><N who="3" m="15727" /><G15/><AGARI ba="0,0" hai="3,4,6,9,11,15,72,73,74,92,93" m="50186" machi="15" ten="40,1300,0" yaku="19,1" doraHai="84,112,45" who="0" fromWho="3" sc="153,13,370,0,237,0,240,-13" /><INIT seed="3,0,0,4,3,83" ten="166,370,237,227" oya="3" hai0="47,16,63,37,76,51,104,61,99,59,31,43,96" hai1="79,115,17,71,98,118,100,64,3,121,109,87,82" hai2="9,112,58,91,23,56,45,106,11,44,125,25,14" hai3="7,67,103,36,0,130,86,74,33,13,35,114,135"/><W28/><G74/><T72/><D104/><U39/><E3/><V49/><F112/><W48/><G36/><T8/><D72/><U29/><E39/><V42/><F106/><W70/><G114/><T32/><D37/><U5/><E121/><V80/><F125/><W62/><G0/><T4/><D63/><U110/><E5/><V132/><F132/><W93/><G135/><T88/><D76/><U122/><E122/><V85/><F11/><W68/><G130/><T20/><D31/><U30/><E115/><V116/><F116/><W24/><G70/><T81/><D32/><U92/><E17/><V50/><F23/><W19/><G7/><T18/><D18/><U126/><E126/><V133/><F133/><W21/><G48/><T134/><D134/><U120/><E118/><V66/><F25/><W117/><G117/><T90/><D8/><U26/><E26/><V65/><F65/><W105/><G105/><T131/><D4/><U94/><E92/><V129/><F66/><W12/><G12/><N who="0" m="9223" /><D131/><U78/><E79/><V123/><F123/><W10/><REACH who="3" step="1"/><G103/><REACH who="3" ten="166,370,237,217" step="2"/><T75/><D75/><U38/><E38/><V111/><F129/><W84/><G84/><N who="0" m="50191" /><D90/><AGARI ba="0,1" hai="10,13,19,21,24,28,33,35,62,67,68,86,90,93" machi="90" ten="40,3900,0" yaku="1,1,52,1,53,0" doraHai="83" doraHaiUra="34" who="3" fromWho="0" sc="166,-39,370,0,237,0,217,49" /><INIT seed="3,1,0,3,2,9" ten="127,370,237,266" oya="3" hai0="45,7,17,75,107,25,84,37,5,31,19,127,100" hai1="78,11,53,54,14,94,52,88,122,125,22,80,51" hai2="89,23,113,77,48,87,128,112,0,34,67,68,130" hai3="133,27,99,65,76,62,21,32,28,83,1,110,16"/><W40/><G133/><T44/><D75/><U58/><E125/><V71/><F34/><W135/><G135/><T131/><D127/><U120/><E22/><V10/><F77/><W101/><G1/><T60/><D131/><N who="2" m="50218" /><F48/><W63/><G40/><T108/><D108/><U102/><E102/><V97/><F97/><W6/><G6/><T111/><D111/><U95/><E95/><V66/><F23/><W2/><G2/><T123/><D123/><U69/><E69/><N who="2" m="26699" /><F10/><W13/><G65/><N who="2" m="24585" /><F0/><W64/><G64/><T90/><D107/><U72/><E120/><V29/><F29/><W121/><G121/><T103/><D60/><U74/><E74/><V132/><F132/><W91/><G91/><T59/><D100/><U116/><E116/><V49/><F89/><W115/><G115/><N who="2" m="44105" /><F87/><W105/><REACH who="3" step="1"/><G110/><REACH who="3" ten="127,370,237,256" step="2"/><T39/><D90/><U43/><E122/><V85/><F85/><AGARI ba="1,1" hai="13,16,21,27,28,32,62,63,76,83,85,99,101,105" machi="85" ten="30,18000,2" yaku="1,1,2,1,7,1,52,1,54,1,53,2" doraHai="9" doraHaiUra="57" who="3" fromWho="2" sc="127,0,370,0,237,-183,256,193" /><INIT seed="3,2,0,2,5,50" ten="127,370,54,449" oya="3" hai0="94,93,121,57,112,92,124,119,41,82,55,105,67" hai1="126,65,115,86,83,108,66,61,23,1,78,54,111" hai2="103,36,62,102,20,21,39,107,53,128,69,17,91" hai3="33,43,87,30,116,8,70,106,44,9,34,51,32"/><W38/><G116/><T14/><D105/><U90/><E1/><V40/><F128/><W100/><G30/><T46/><D119/><U11/><E126/><V134/><F134/><W0/><G70/><T117/><D117/><U64/><E115/><V84/><F107/><W73/><G73/><T129/><D121/><U56/><E11/><V71/><F40/><W29/><G29/><T72/><D112/><U113/><E23/><V81/><F21/><W80/><G0/><T132/><D124/><U97/><E113/><V110/><F110/><N who="1" m="42025" /><E97/><V85/><F69/><W49/><G100/><T89/><D129/><U104/><E104/><V28/><F28/><W4/><G106/><T37/><D132/><U6/><E6/><V127/><F127/><W13/><REACH who="3" step="1"/><G8/><REACH who="3" ten="127,370,54,439" step="2"/><T101/><D101/><U10/><E10/><V18/><F71/><W96/><G96/><T48/><D72/><U109/><E109/><V35/><F102/><W7/><G7/><T22/><D22/><U76/><AGARI ba="2,1" hai="54,56,61,64,65,66,76,78,83,86,90" m="42025" machi="76" ten="40,2700,0" yaku="14,1,52,1" doraHai="50" who="1" fromWho="1" sc="127,-9,370,43,54,-9,439,-15" /><INIT seed="4,0,0,3,4,79" ten="118,413,45,424" oya="0" hai0="97,22,67,60,36,44,57,25,78,95,2,27,33" hai1="74,34,31,4,40,69,38,54,26,15,123,10,76" hai2="111,135,35,91,77,87,126,14,17,45,83,9,21" hai3="7,106,80,75,30,128,29,51,28,107,124,59,105"/><T16/><D2/><U115/><E123/><V56/><F111/><W49/><G124/><T132/><D132/><U90/><E69/><V85/><F135/><W116/><G116/><T5/><D5/><U110/><E110/><V37/><F126/><W72/><G128/><T101/><D78/><U98/><E54/><V134/><F35/><W113/><G113/><T127/><D127/><U81/><E115/><V96/><F134/><W94/><G94/><T125/><D125/><U3/><E15/><V93/><F56/><W65/><G7/><T70/><D33/><U71/><E71/><V64/><F64/><W130/><G130/><T61/><D44/><N who="1" m="23575" /><E90/><V11/><F37/><W99/><G99/><AGARI ba="0,0" hai="3,4,10,26,31,34,74,76,81,98,99" m="23575" machi="99" ten="30,2000,0" yaku="25,1,52,1" doraHai="79" who="1" fromWho="3" sc="118,0,413,20,45,0,424,-20" /><INIT seed="5,0,0,2,1,35" ten="118,433,45,404" oya="1" hai0="77,67,110,31,28,76,43,30,11,73,27,83,131" hai1="17,133,69,33,78,81,9,130,124,60,95,12,106" hai2="117,72,7,1,5,134,107,20,44,52,129,74,102" hai3="79,75,132,99,114,26,58,109,126,23,70,47,88"/><U41/><E106/><V104/><F117/><W63/><G109/><T86/><D110/><U119/><E119/><V105/><F20/><W123/><G123/><T45/><D131/><U10/><E33/><V111/><F129/><W3/><G70/><T85/><D67/><U127/><E130/><V18/><F111/><W71/><G71/><T68/><D68/><U34/><E34/><V113/><F113/><W8/><G114/><T59/><D59/><U29/><E29/><V135/><F102/><W49/><G126/><N who="1" m="48170" /><E41/><V14/><F18/><W24/><G24/><T93/><D11/><N who="1" m="6303" /><E95/><V36/><F14/><W40/><G132/><N who="2" m="50729" /><F7/><W118/><G118/><T61/><D93/><U55/><E133/><V32/><F32/><W62/><G62/><T108/><D108/><U57/><E69/><V42/><F52/><N who="3" m="34247" /><G75/><AGARI ba="0,0" hai="9,10,55,57,60,75,78,81" m="6303,48170" machi="75" ten="30,1500,0" yaku="18,1" doraHai="35" who="1" fromWho="3" sc="118,0,433,15,45,0,404,-15" /><INIT seed="5,1,0,3,4,31" ten="118,448,45,389" oya="1" hai0="33,57,72,25,45,1,11,51,63,75,87,82,22" hai1="68,10,6,28,103,18,109,12,4,39,8,40,89" hai2="81,79,83,106,131,76,38,59,48,54,115,41,43" hai3="5,80,127,49,125,128,100,53,133,26,121,44,108"/><U21/><E68/><V124/><F131/><W96/><G108/><T120/><D120/><U58/><E103/><V23/><F124/><N who="3" m="47691" /><G121/><T77/><D33/><U104/><E104/><V16/><F106/><N who="3" m="63751" /><G128/><T69/><D69/><U64/><E89/><V32/><F32/><W42/><G133/><T50/><D11/><U132/><E40/><V84/><F38/><W93/><G80/><T94/><D1/><N who="1" m="15" /><E58/><V29/><F29/><W110/><G110/><T126/><D126/><U116/><E64/><V60/><F115/><W35/><G5/><T101/><D101/><U2/><E39/><V19/><F60/><W65/><G65/><T74/><D94/><U123/><E116/><V118/><F118/><W117/><G117/><T7/><D7/><U14/><E132/><V88/><F19/><W86/><G86/><T114/><D114/><U129/><E129/><V113/><F113/><W52/><G93/><T105/><D105/><U95/><E95/><V13/><F79/><W30/><AGARI ba="1,0" hai="26,30,35,42,44,49,52,53" m="63751,47691" machi="30" ten="30,4000,0" yaku="18,1,52,1,54,1" doraHai="31" who="3" fromWho="3" sc="118,-11,448,-21,45,-11,389,43" /><INIT seed="6,0,0,0,1,71" ten="107,427,34,432" oya="2" hai0="84,57,67,11,129,59,33,12,16,66,95,34,55" hai1="83,111,119,22,123,79,73,114,48,65,31,112,21" hai2="18,135,44,131,76,133,20,47,60,43,110,41,104" hai3="51,98,14,32,125,25,10,128,87,108,40,46,36"/><V53/><F104/><W80/><G108/><T69/><D129/><U39/><E119/><V9/><F76/><W97/><G125/><T82/><D69/><U100/><E111/><V63/><F9/><W0/><G0/><T72/><D72/><U50/><E65/><N who="0" m="24585" /><D33/><U13/><E100/><V6/><F6/><W90/><G128/><T113/><D34/><U89/><E123/><V130/><F18/><W28/><G51/><T54/><D113/><N who="1" m="43627" /><E39/><N who="2" m="21567" /><F20/><W75/><REACH who="3" step="1"/><G75/><REACH who="3" ten="107,427,34,422" step="2"/><T45/><D95/><U78/><E48/><N who="2" m="26751" /><F110/><W85/><G85/><T132/><D132/><N who="2" m="50762" /><F53/><N who="0" m="19978" /><D45/><U120/><E120/><V124/><F124/><W61/><G61/><AGARI ba="0,1" hai="60,61,63,130,131" m="50762,26751,21567" machi="61" ten="30,11600,0" yaku="20,1,34,2,52,1" doraHai="71" who="2" fromWho="3" sc="107,0,427,0,34,126,422,-116" /><INIT seed="6,1,0,2,2,25" ten="107,427,160,306" oya="2" hai0="16,55,120,104,2,31,81,60,101,10,0,100,42" hai1="5,106,18,102,47,48,19,35,133,58,69,46,8" hai2="40,41,34,72,62,110,28,71,65,66,122,123,103" hai3="97,51,32,6,86,64,49,7,95,99,74,77,36"/><V33/><F72/><W134/><G36/><T75/><D120/><U63/><E35/><V93/><F110/><W107/><G134/><T131/><D131/><U114/><E114/><V50/><F93/><W98/><G107/><T22/><D42/><U70/><E133/><V130/><F103/><W57/><G74/><T83/><D104/><U135/><E135/><V96/><F96/><W85/><G32/><T91/><D75/><U23/><E19/><V30/><F50/><N who="3" m="18955" /><G77/><T53/><D2/><U125/><E47/><V118/><F130/><W89/><G85/><N who="0" m="50607" /><D0/><U116/><E125/><V79/><F79/><W124/><G124/><T12/><D83/><U67/><E116/><V9/><F9/><W11/><G11/><T115/><D115/><U94/><E106/><V27/><F118/><W112/><G112/><T129/><D129/><U52/><E94/><V4/><F4/><N who="3" m="1579" /><G57/><N who="0" m="34863" /><D55/><U109/><E102/><V43/><REACH who="2" step="1"/><F66/><AGARI ba="1,0" hai="64,66,86,89,95,97,98,99" m="1579,18955" machi="66" ten="30,1000,0" yaku="8,1" doraHai="25" who="3" fromWho="2" sc="107,0,427,0,160,-13,306,13" /><INIT seed="7,0,0,3,4,113" ten="107,427,147,319" oya="3" hai0="92,77,63,74,46,27,54,28,85,61,44,50,83" hai1="19,33,81,94,84,98,117,15,43,57,49,64,35" hai2="18,20,23,34,131,104,87,16,95,93,86,17,60" hai3="68,47,26,37,75,100,41,111,133,88,122,7,40"/><W0/><G122/><T127/><D127/><U102/><E117/><V79/><F104/><W99/><G41/><T3/><D3/><U134/><E134/><V48/><F34/><W69/><G133/><T116/><D116/><U14/><E14/><V29/><F131/><W120/><G120/><T132/><D132/><U109/><E109/><V56/><F48/><W53/><G111/><T73/><D73/><U135/><E135/><V25/><F79/><W106/><G53/><T71/><D71/><U22/><E43/><V58/><F23/><W124/><G124/><T125/><D125/><U119/><E119/><V91/><F60/><W8/><G88/><AGARI ba="0,0" hai="16,17,18,20,25,29,56,58,86,87,88,91,93,95" machi="88" ten="40,8000,1" yaku="9,1,8,1,54,2" doraHai="113" who="2" fromWho="3" sc="107,0,427,0,147,80,319,-80" owari="107,-39.0,427,52.0,227,-17.0,239,4.0" /></mjloggm>