<mjloggm ver="2.3"><GO type="97" lobby="0"/><UN n0="%E3%83%96%E3%83%B3%E3%82%AC%E3%82%AF" n1="%E7%B4%85%40%E6%9D%8F%E6%9D%8F%E8%BB%8D%E5%9C%98" n2="%6D%6F%6D%74%61%72%6F%75" n3="%E5%B0%B1%E6%B4%BB%E7%94%9F%40%E5%B7%9D%E6%9D%91%E8%BB%8D%E5%9B%A3" dan="13,13,14,15" rate="1950.75,1940.87,1973.12,1989.73" sx="M,F,F,M"/><TAIKYOKU oya="0"/><INIT seed="0,0,0,2,2,69" ten="250,250,250,250" oya="0" hai0="111,130,74,31,0,26,71,101,3,50,123,129,100" hai1="42,54,70,47,76,61,24,117,68,119,14,79,93" hai2="120,82,115,19,41,127,55,124,45,48,104,39,87" hai3="32,18,118,108,17,114,131,11,57,25,121,10,77"/><T122/><D74/><U103/><E24/><V34/><F104/><W133/><G114/><T73/><D73/><U7/><E7/><V36/><F115/><W110/><G77/><T62/><D50/><U86/><E14/><V94/><F120/><N who="0" m="46122" /><D100/><U43/><E103/><V72/><F34/><W2/><G121/><T126/><D101/><U35/><E35/><V113/><F113/><W33/><G57/><T37/><D126/><N who="2" m="48170" /><F72/><W64/><G64/><N who="0" m="41367" /><D111/><N who="3" m="42537" /><G118/><T28/><D37/><N who="2" m="14410" /><F94/><W128/><G133/><T56/><D56/><U59/><E79/><N who="2" m="46559" /><F19/><N who="3" m="7179" /><G33/><N who="0" m="20631" /><D31/><U132/><E117/><V46/><F46/><W6/><G11/><T78/><D78/><U81/><E119/><V58/><F58/><W89/><G89/><T135/><D135/><U99/><E132/><V84/><F84/><W40/><G32/><T105/><D105/><U51/><E43/><AGARI ba="0,0" hai="41,43,45,48,55" m="46559,14410,48170" machi="43" ten="30,7700,0" yaku="18,1,52,3" doraHai="69" who="2" fromWho="1" sc="250,0,250,-77,250,77,250,0" /><INIT seed="1,0,0,5,5,115" ten="250,173,327,250" oya="1" hai0="18,135,104,93,127,19,129,43,46,103,73,63,59" hai1="9,110,99,4,25,61,126,6,107,91,84,17,97" hai2="125,11,95,87,100,109,76,78,5,88,128,28,38" hai3="60,44,89,33,20,12,51,56,131,53,34,70,75"/><U66/><E107/><V2/><F38/><W130/><G75/><T77/><D129/><N who="3" m="49161" /><G70/><T92/><D135/><U49/><E126/><V120/><F120/><W124/><G124/><T81/><D127/><U7/><E110/><V58/><F125/><W112/><G112/><T79/><D79/><U65/><E49/><V39/><F39/><W47/><G89/><T42/><D104/><U32/><E66/><V57/><F109/><W16/><G47/><T10/><D103/><U48/><E48/><V67/><F128/><W116/><G116/><T68/><D68/><U123/><E123/><V45/><F100/><W71/><G71/><T21/><D10/><U41/><E41/><AGARI ba="0,0" hai="12,16,20,33,34,41,44,51,53,56,60" m="49161" machi="41" ten="30,2000,0" yaku="19,1,54,1" doraHai="115" who="3" fromWho="1" sc="250,0,173,-20,327,0,250,20" /><INIT seed="2,0,0,2,5,109" ten="250,153,327,270" oya="2" hai0="116,83,90,135,59,77,20,98,27,126,1,46,42" hai1="84,97,16,18,50,89,124,32,103,73,2,100,56" hai2="79,114,82,13,64,110,45,52,118,129,85,76,21" hai3="96,92,122,37,26,8,57,54,128,7,35,86,34"/><V39/><F114/><W106/><G37/><T127/><D1/><U53/><E73/><V69/><F118/><W25/><G122/><T108/><D108/><U33/><E2/><V113/><F110/><W91/><G128/><T72/><D135/><U95/><E124/><V10/><F113/><W12/><G106/><T23/><D116/><U87/><E32/><V19/><F129/><W43/><G43/><T123/><D59/><U60/><E33/><V4/><F39/><W11/><G11/><T78/><D78/><U38/><E38/><V94/><F69/><W44/><G44/><T63/><D63/><U66/><E103/><V24/><F64/><W22/><G26/><T105/><D123/><U112/><E112/><V101/><F94/><W9/><G9/><T75/><D75/><U115/><E115/><V3/><F101/><W119/><G119/><T81/><D81/><U120/><E120/><V5/><F3/><W93/><G93/><N who="0" m="56631" /><D105/><U125/><E125/><N who="0" m="47625" /><D27/><U102/><E102/><V117/><F117/><W29/><G86/><T130/><D130/><U131/><E131/><V132/><F132/><W74/><G74/><T36/><AGARI ba="0,0" hai="20,23,36,42,46,72,77,83" m="47625,56631" machi="36" ten="30,1100,0" yaku="18,1" doraHai="109" who="0" fromWho="0" sc="250,11,153,-3,327,-5,270,-3" /><INIT seed="3,0,0,3,4,1" ten="261,150,322,267" oya="3" hai0="3,74,83,68,24,79,54,113,40,16,57,47,66" hai1="112,75,106,67,13,99,31,59,64,77,34,17,71" hai2="39,32,111,103,132,128,5,49,72,51,127,58,43" hai3="88,41,30,87,76,89,55,21,120,78,126,122,124"/><W80/><G41/><T69/><D3/><U117/><E112/><V129/><F72/><W96/><G30/><T63/><D113/><U123/><E123/><N who="3" m="47146" /><G55/><T15/><D24/><U108/><E117/><V50/><F32/><W107/><G21/><T133/><D133/><U65/><E108/><V10/><F103/><N who="3" m="62951" /><G89/><T18/><D66/><U7/><E7/><V97/><F132/><W14/><G14/><T70/><REACH who="0" step="1"/><D15/><REACH who="0" ten="251,150,322,267" step="2"/><U125/><E64/><V12/><F127/><AGARI ba="0,1" hai="76,78,80,87,88,124,126,127" m="62951,47146" machi="127" ten="30,11600,0" yaku="18,1,34,2,54,1" doraHai="1" who="3" fromWho="2" sc="251,0,150,0,322,-116,267,126" owari="251,5.0,150,-35.0,206,-19.0,393,49.0" /></mjloggm>