<mjloggm ver="2.3"><GO type="169" lobby="0"/><UN n0="%E3%82%A6%E3%83%AB%E3%83%88%E3%83%A9%E7%AB%8B%E7%9B%B4" n1="%E3%81%88%E3%81%99%E3%81%82%E3%83%BC%E3%82%8B" n2="%54%4C%49%43%30%33" n3="%75%65%73%68%6F%77" dan="17,16,16,16" rate="2226.30,2080.23,2085.90,2153.91" sx="M,M,M,M"/><TAIKYOKU oya="0"/><INIT seed="0,0,0,5,5,86" ten="250,250,250,250" oya="0" hai0="30,76,117,63,110,4,25,39,23,27,35,44,46" hai1="45,118,130,7,6,47,84,122,14,54,108,131,72" hai2="36,93,74,112,111,81,107,60,123,88,109,75,52" hai3="102,129,32,71,40,135,92,57,12,34,49,9,101"/><T31/><D117/><U124/><E72/><V26/><F123/><W78/><G71/><T65/><D39/><U120/><E118/><V17/><F36/><W21/><G78/><T119/><D119/><U8/><E124/><V87/><F107/><W43/><G34/><T133/><D133/><U19/><E108/><N who="2" m="41547" /><F112/><W42/><G32/><T91/><D110/><U121/><E84/><N who="2" m="52359" /><F26/><W96/><G135/><T83/><D4/><U70/><E70/><V28/><F28/><W29/><G102/><T116/><D116/><U115/><E115/><V105/><F17/><W61/><G29/><T85/><REACH who="0" step="1"/><D76/><REACH who="0" ten="240,250,250,250" step="2"/><U20/><E6/><V11/><F105/><W99/><G129/><T68/><AGARI ba="0,1" hai="23,25,27,30,31,35,44,46,63,65,68,83,85,91" machi="68" ten="20,18000,2" yaku="1,1,2,1,0,1,7,1,52,1,53,1" doraHai="86" doraHaiUra="79" who="0" fromWho="0" sc="240,190,250,-60,250,-60,250,-60" /><INIT seed="0,1,0,3,2,32" ten="430,190,190,190" oya="0" hai0="92,3,22,86,79,64,66,114,111,30,101,128,95" hai1="75,1,59,119,15,71,69,124,13,93,16,4,28" hai2="98,68,8,44,20,62,14,65,56,72,23,90,10" hai3="25,121,61,54,106,57,115,112,50,109,40,127,58"/><T113/><D22/><U47/><E75/><V6/><F72/><W48/><G106/><T24/><D24/><U108/><E119/><V100/><F68/><W35/><G35/><T99/><D30/><U129/><E28/><V42/><F90/><W80/><G80/><T116/><D64/><U34/><E34/><V52/><F65/><W84/><G84/><T5/><D66/><U88/><E47/><V17/><F98/><W96/><G96/><T49/><D49/><U118/><E118/><V33/><F33/><W9/><G9/><T125/><D3/><U126/><E129/><V76/><F76/><W82/><G82/><N who="0" m="47455" /><D5/><U103/><E59/><V29/><F100/><W122/><G25/><T97/><D116/><U83/><E1/><V0/><REACH who="2" step="1"/><F29/><REACH who="2" ten="430,190,180,190" step="2"/><W46/><G127/><T19/><D125/><U73/><E71/><V134/><F134/><W39/><G109/><T27/><D111/><U12/><E69/><V45/><F45/><W53/><REACH who="3" step="1"/><G61/><REACH who="3" ten="430,190,180,180" step="2"/><T31/><D99/><U107/><E108/><V132/><F132/><W78/><G78/><T67/><D97/><U104/><E124/><V55/><F55/><W110/><G110/><T123/><D101/><U85/><E126/><V91/><F91/><W2/><G2/><T133/><D133/><U21/><E103/><V70/><F70/><W120/><AGARI ba="1,2" hai="39,40,46,48,50,53,54,57,58,112,115,120,121,122" machi="120" ten="30,12000,2" yaku="1,1,0,1,9,1,13,1,34,3,53,0" doraHai="32" doraHaiUra="74" who="3" fromWho="3" sc="430,-61,190,-31,180,-31,180,143" /><INIT seed="1,0,0,5,1,62" ten="369,159,149,323" oya="1" hai0="1,71,31,36,110,33,41,35,122,44,8,109,95" hai1="34,111,84,3,22,115,103,100,66,102,106,11,60" hai2="120,54,107,108,121,72,52,135,78,124,14,48,59" hai3="76,67,128,73,9,93,16,132,91,80,97,57,46"/><U61/><E34/><V70/><F107/><W116/><G116/><T53/><D31/><U64/><E115/><V101/><F101/><W23/><G132/><T49/><D95/><U17/><E111/><N who="0" m="42505" /><D71/><U5/><E84/><V99/><F108/><W105/><G128/><T113/><D122/><U86/><E86/><V43/><F99/><W133/><G133/><T29/><D29/><U24/><REACH who="1" step="1"/><E106/><REACH who="1" ten="369,149,149,323" step="2"/><V123/><F135/><W37/><G105/><T25/><D113/><U131/><E131/><V50/><F123/><W7/><G37/><T13/><D35/><U89/><E89/><V51/><F121/><W117/><G117/><T83/><D33/><U65/><AGARI ba="0,1" hai="3,5,11,17,22,24,60,61,64,65,66,100,102,103" machi="65" ten="30,12000,1" yaku="1,1,0,1,52,3,53,0" doraHai="62" doraHaiUra="69" who="1" fromWho="1" sc="369,-40,149,130,149,-40,323,-40" /><INIT seed="1,1,0,0,4,19" ten="329,279,109,283" oya="1" hai0="80,32,2,103,135,106,90,53,70,3,9,50,43" hai1="68,124,101,134,110,99,51,128,93,12,67,123,40" hai2="11,16,5,73,35,75,7,88,125,20,56,6,1" hai3="72,97,58,31,46,81,42,84,10,82,63,83,47"/><U41/><E123/><V15/><F125/><W66/><G72/><T96/><D70/><U120/><E120/><V130/><F130/><W17/><G31/><T105/><D105/><U44/><E124/><V71/><F71/><W118/><G118/><T89/><D32/><U86/><E128/><V116/><F116/><W30/><G30/><T65/><D65/><U4/><E134/><V34/><F75/><W117/><G117/><T36/><D36/><U109/><E86/><V25/><F73/><W13/><G97/><T91/><D43/><U113/><E113/><V61/><F88/><W94/><G94/><T95/><D135/><U55/><E67/><V79/><F79/><W77/><REACH who="3" step="1"/><G46/><REACH who="3" ten="329,279,109,273" step="2"/><T8/><D95/><U62/><E109/><V114/><F114/><W0/><G0/><T115/><D115/><U24/><E110/><V23/><F56/><W127/><G127/><T76/><D2/><U26/><E68/><V33/><F61/><W112/><G112/><T121/><D3/><U64/><E62/><V98/><F98/><W126/><G126/><T39/><D121/><U111/><E111/><V57/><F57/><W129/><G129/><T132/><D132/><U108/><E108/><V52/><F52/><W18/><G18/><AGARI ba="1,1" hai="1,5,6,7,11,15,16,18,20,23,25,33,34,35" machi="18" ten="40,16000,3" yaku="35,6,52,2,54,1" doraHai="19" who="2" fromWho="3" sc="329,0,279,0,109,173,273,-163" /><INIT seed="2,0,0,3,0,85" ten="329,279,282,110" oya="2" hai0="125,66,49,65,47,104,115,94,41,22,53,99,100" hai1="129,70,101,36,86,97,130,12,56,35,103,26,21" hai2="128,58,63,19,46,5,24,105,68,20,88,43,61" hai3="107,84,15,45,1,50,95,106,42,75,40,48,51"/><V134/><F105/><W14/><G75/><T81/><D115/><U25/><E70/><V3/><F68/><W108/><G1/><T124/><D81/><U31/><E36/><V82/><F134/><W120/><G120/><T79/><D79/><U91/><E12/><V89/><F128/><W71/><G71/><T34/><D34/><U93/><E56/><V122/><F122/><W4/><G108/><T119/><D119/><U74/><E74/><V121/><F121/><W90/><G14/><T80/><D80/><U60/><E60/><V102/><F102/><W87/><G87/><T27/><D104/><U16/><REACH who="1" step="1"/><E101/><REACH who="1" ten="329,269,282,110" step="2"/><V11/><F63/><W9/><REACH who="3" step="1"/><G50/><REACH who="3" ten="329,269,282,100" step="2"/><T57/><D125/><U37/><E37/><V72/><F72/><W52/><G52/><T131/><D124/><U38/><E38/><V7/><F3/><W62/><G62/><T114/><D114/><U18/><E18/><V118/><F61/><W39/><G39/><T44/><D131/><U10/><E10/><V67/><F11/><W135/><G135/><T98/><D49/><U112/><E112/><V17/><F17/><W6/><G6/><T92/><D53/><U0/><E0/><V54/><F5/><W96/><G96/><T127/><D99/><U59/><E59/><V83/><F7/><W111/><G111/><T126/><D57/><U116/><E116/><V110/><F118/><W76/><G76/><T73/><D98/><U78/><E78/><V113/><F110/><W109/><G109/><T30/><D127/><U132/><E132/><V64/><F113/><W2/><G2/><RYUUKYOKU ba="0,2" sc="329,-15,269,15,282,-15,100,15" hai1="16,21,25,26,31,35,86,91,93,97,103,129,130" hai3="4,9,15,40,42,45,48,51,84,90,95,106,107" /><INIT seed="3,1,2,4,3,0" ten="314,284,267,115" oya="3" hai0="77,106,36,83,53,4,114,55,95,105,70,108,91" hai1="107,132,59,34,89,9,60,8,92,51,2,24,111" hai2="63,134,104,129,49,98,31,73,135,64,14,93,21" hai3="12,80,120,47,46,69,121,54,50,11,40,15,94"/><W118/><G69/><T32/><D32/><U13/><E107/><V20/><F73/><W28/><G118/><T101/><D36/><U110/><E132/><N who="2" m="50731" /><F104/><W112/><G112/><T99/><D70/><U122/><E122/><V6/><F129/><W128/><G128/><T125/><D106/><U87/><E51/><V113/><F49/><W42/><G28/><T82/><D82/><U43/><E43/><N who="3" m="16426" /><G121/><T123/><D123/><U39/><E39/><V88/><F113/><W19/><G120/><T48/><D114/><U7/><E34/><V131/><F131/><W3/><G3/><T84/><D125/><U33/><E33/><V65/><F31/><W130/><G130/><T97/><D108/><U62/><E24/><V58/><F65/><W116/><G80/><T72/><D48/><U115/><E115/><V38/><F38/><W127/><G127/><T100/><D55/><U103/><E103/><V10/><AGARI ba="1,2" hai="6,10,14,20,21,58,63,64,88,93,98" m="50731" machi="10" ten="30,4000,0" yaku="20,1,52,1,54,1" doraHai="0" who="2" fromWho="2" sc="314,-11,284,-11,267,63,115,-21" /><INIT seed="4,0,0,0,2,119" ten="303,273,330,94" oya="0" hai0="104,68,112,40,31,121,91,115,86,131,120,74,45" hai1="105,51,124,10,57,72,78,109,36,82,18,77,127" hai2="90,113,71,41,43,94,7,52,27,48,54,60,35" hai3="122,69,33,44,126,5,129,53,88,92,25,76,24"/><T128/><D74/><U1/><E109/><V20/><F35/><W28/><G69/><T63/><D104/><U61/><E105/><V123/><F123/><N who="0" m="47178" /><D31/><U39/><E78/><V107/><F113/><N who="0" m="43594" /><D68/><U13/><E51/><V59/><F7/><W49/><G5/><T108/><D108/><U84/><E1/><V32/><F32/><W125/><G33/><T34/><D34/><U93/><E93/><V19/><F107/><W22/><G92/><N who="0" m="54391" /><D63/><U99/><E99/><N who="2" m="57815" /><F71/><W4/><G122/><T98/><D98/><U111/><E111/><V96/><F96/><W133/><G133/><T3/><D3/><U2/><E2/><V6/><F6/><W116/><G4/><T87/><D87/><U11/><E72/><V26/><F26/><W73/><G24/><T62/><D62/><U110/><E110/><V134/><F134/><W118/><G25/><T130/><D130/><U9/><E39/><AGARI ba="0,0" hai="39,40,45,128,131" m="54391,43594,47178" machi="39" ten="30,11600,0" yaku="15,1,52,3" doraHai="119" who="0" fromWho="1" sc="303,116,273,-116,330,0,94,0" /><INIT seed="4,1,0,2,4,111" ten="419,157,330,94" oya="0" hai0="2,132,81,1,122,54,61,37,34,9,13,126,46" hai1="85,104,29,5,88,116,16,50,19,15,96,7,114" hai2="62,112,98,110,109,56,30,124,91,53,47,106,59" hai3="18,108,49,120,65,79,73,84,103,3,60,32,105"/><T82/><D34/><U14/><E116/><V23/><F124/><W10/><G108/><T66/><D122/><U39/><E39/><V118/><F109/><W99/><G120/><T24/><D126/><U134/><E134/><V80/><F110/><W83/><G49/><T74/><D24/><U131/><E131/><V38/><F118/><W28/><G18/><N who="1" m="6698" /><E29/><V11/><F106/><W86/><G10/><T94/><D94/><N who="1" m="54543" /><E104/><V127/><F127/><W27/><REACH who="3" step="1"/><G3/><REACH who="3" ten="419,157,330,84" step="2"/><T57/><D2/><U87/><E50/><V119/><F11/><W71/><AGARI ba="1,1" hai="27,28,32,60,65,71,73,79,83,84,86,99,103,105" machi="71" ten="20,12000,2" yaku="1,1,2,1,0,1,7,1,25,2,53,0" doraHai="111" doraHaiUra="123" who="3" fromWho="3" sc="419,-61,157,-31,330,-31,84,133" /><INIT seed="5,0,0,4,4,34" ten="358,126,299,217" oya="1" hai0="19,54,92,62,64,110,118,61,113,2,59,22,5" hai1="134,18,44,28,68,130,90,104,127,24,89,25,129" hai2="43,45,1,114,79,91,13,42,124,101,63,112,46" hai3="133,9,82,6,77,8,3,97,122,74,96,75,135"/><U105/><E68/><V0/><F124/><W4/><G122/><T81/><D110/><U47/><E28/><V131/><F131/><W125/><G125/><T107/><D107/><U38/><E127/><V50/><F101/><W49/><G49/><T117/><D113/><N who="2" m="43626" /><F79/><W14/><REACH who="3" step="1"/><G75/><REACH who="3" ten="358,126,299,207" step="2"/><T121/><D121/><U12/><E38/><N who="2" m="21719" /><F63/><W10/><G10/><T26/><D62/><U56/><E134/><AGARI ba="0,1" hai="3,4,6,8,9,14,74,77,82,96,97,133,134,135" machi="134" ten="40,5200,0" yaku="1,1,20,1,52,1,53,0" doraHai="34" doraHaiUra="20" who="3" fromWho="1" sc="358,0,126,-52,299,0,207,62" /><INIT seed="6,0,0,0,0,52" ten="358,74,299,269" oya="2" hai0="16,58,121,73,106,92,117,11,101,39,46,19,125" hai1="0,86,3,67,18,104,1,38,102,62,105,7,68" hai2="122,112,56,27,66,78,23,26,32,28,74,131,44" hai3="29,98,96,127,40,53,10,63,33,97,71,108,65"/><V120/><F112/><W132/><G108/><T9/><D106/><N who="1" m="41067" /><E18/><V114/><F114/><W35/><G132/><T37/><D73/><U100/><E86/><V126/><F126/><W88/><G127/><T57/><D121/><U81/><E81/><V119/><F119/><W36/><G10/><T2/><D46/><U134/><E134/><V111/><F131/><W17/><G17/><T83/><D83/><U85/><E85/><V99/><F111/><W31/><G53/><T76/><D92/><U55/><E55/><V34/><F44/><W115/><G115/><T82/><D82/><U6/><E100/><V13/><F13/><W54/><G54/><T25/><D25/><U130/><E102/><V128/><F128/><W91/><G36/><T89/><D89/><U80/><E80/><N who="2" m="45143" /><F99/><W123/><G40/><T15/><D101/><U8/><E130/><V94/><F94/><W60/><G123/><N who="2" m="47145" /><F26/><W24/><G63/><T118/><D15/><U87/><E87/><V133/><F133/><W75/><REACH who="3" step="1"/><G75/><REACH who="3" ten="358,74,299,259" step="2"/><T90/><D125/><U59/><E38/><V51/><F51/><W45/><G45/><T70/><D39/><U84/><E8/><V109/><F109/><W30/><G30/><T20/><D11/><U43/><E43/><V21/><F32/><W77/><G77/><T72/><D9/><U14/><E6/><V61/><F34/><W64/><G64/><T4/><D76/><U107/><N who="1" m="41075" /><U49/><DORA hai="69" /><E7/><V135/><F135/><W129/><G129/><T113/><D113/><U12/><E1/><V47/><F47/><W110/><G110/><RYUUKYOKU ba="0,1" sc="358,-15,74,-15,299,15,259,15" hai2="21,23,27,28,56,61,66" hai3="24,29,31,33,35,60,65,71,88,91,96,97,98" /><INIT seed="6,1,1,4,2,21" ten="343,59,314,274" oya="2" hai0="24,117,65,82,79,74,92,94,52,60,123,77,20" hai1="99,101,34,3,30,47,75,19,132,72,66,125,134" hai2="22,135,33,68,121,36,98,88,2,64,104,59,37" hai3="67,28,4,128,41,62,27,107,31,42,56,127,70"/><V44/><F22/><W97/><G128/><T71/><D123/><U129/><E19/><V11/><F88/><W89/><G127/><T50/><D79/><U108/><E47/><V5/><F59/><W91/><G4/><T57/><D117/><U119/><E66/><V115/><F121/><W55/><G31/><AGARI ba="1,1" hai="20,24,31,50,52,57,60,65,71,74,77,82,92,94" machi="31" ten="30,3900,0" yaku="7,1,52,1,54,1" doraHai="21" who="0" fromWho="3" sc="343,52,59,0,314,0,274,-42" /><INIT seed="7,0,0,4,5,123" ten="395,59,314,232" oya="3" hai0="80,37,130,2,96,64,25,118,66,83,44,74,6" hai1="55,133,47,76,5,109,57,94,20,128,12,52,77" hai2="102,54,56,21,84,78,11,132,89,62,129,53,126" hai3="92,105,67,106,70,116,121,122,82,60,39,79,120"/><W45/><G116/><T93/><D25/><U97/><E133/><V115/><F132/><W24/><G92/><T1/><D83/><U51/><E128/><V117/><F117/><W69/><G69/><T40/><D1/><U71/><E71/><V58/><F129/><W17/><G17/><T35/><D35/><U13/><E109/><V61/><F115/><W49/><G24/><T75/><D75/><U32/><E32/><V36/><F36/><W19/><G19/><T50/><D50/><U125/><E125/><V100/><F126/><W27/><G27/><T29/><D29/><U18/><E5/><V68/><F68/><W22/><G22/><T127/><D127/><U110/><E110/><V15/><F78/><W63/><G63/><T31/><D31/><U81/><E12/><V119/><F21/><W124/><G124/><T10/><D130/><U86/><E76/><V107/><F107/><W33/><G33/><T114/><D114/><U4/><E4/><V8/><F119/><W46/><G46/><T3/><D3/><U91/><REACH who="1" step="1"/><E57/><REACH who="1" ten="395,49,314,232" step="2"/><V113/><F113/><W112/><G112/><T9/><D118/><U134/><E134/><V38/><F38/><W87/><G39/><T59/><D59/><U88/><E88/><V131/><F131/><W95/><G121/><T65/><D10/><U16/><E16/><V108/><F108/><W43/><G120/><T23/><D23/><U72/><E72/><V26/><F26/><W111/><G122/><T103/><D74/><U14/><E14/><V104/><F15/><W41/><G70/><T0/><D0/><RYUUKYOKU ba="0,1" sc="395,15,49,15,314,-15,232,-15" hai0="2,6,9,37,40,44,64,65,66,80,93,96,103" hai1="13,18,20,47,51,52,55,77,81,86,91,94,97" owari="420,52.0,64,-44.0,299,10.0,217,-18.0" /></mjloggm>