<mjloggm ver="2.3"><GO type="97" lobby="0"/><UN n0="%E5%B0%B1%E6%B4%BB%E7%94%9F%40%E5%B7%9D%E6%9D%91%E8%BB%8D%E5%9B%A3" n1="%44%6F%6C%6F%6D" n2="%4D%6F%74%6F%2D%4E" n3="%E3%81%A1%E3%82%8F%E3%81%A3%E3%81%99" dan="14,15,14,14" rate="2006.67,1936.60,1893.91,1904.14" sx="M,M,M,M"/><TAIKYOKU oya="0"/><INIT seed="0,0,0,4,1,64" ten="250,250,250,250" oya="0" hai0="26,111,94,20,7,17,49,19,4,56,42,114,103" hai1="77,52,53,126,106,15,116,23,79,90,24,16,120" hai2="10,65,123,93,97,37,18,133,112,98,13,85,30" hai3="132,74,78,33,9,69,70,63,88,134,121,67,87"/><T75/><D75/><U50/><E120/><V46/><F123/><W95/><G33/><T118/><D114/><U47/><E116/><V86/><F112/><W34/><G34/><T66/><D118/><U29/><E106/><V105/><F105/><W101/><G121/><T38/><D38/><U81/><E126/><V59/><F30/><W22/><G101/><T45/><D111/><U104/><E104/><V44/><F37/><W32/><G32/><T43/><D43/><U1/><E1/><V6/><F133/><N who="3" m="51307" /><G74/><T51/><D19/><U125/><E125/><V61/><F6/><W55/><G78/><T27/><D27/><U41/><E90/><V119/><F119/><W100/><G100/><T109/><D109/><U68/><E68/><V80/><F86/><W107/><G107/><T102/><D102/><U92/><E92/><V39/><F39/><W113/><G9/><T5/><D66/><U131/><E131/><V31/><F31/><W12/><G113/><T11/><D11/><N who="1" m="6271" /><E81/><V99/><REACH who="2" step="1"/><F93/><REACH who="2" ten="250,250,240,250" step="2"/><W35/><G35/><T91/><D103/><U60/><E41/><V57/><F57/><AGARI ba="0,1" hai="23,24,29,47,50,52,53,57,60,77,79" m="6271" machi="57" ten="30,3900,0" yaku="8,1,54,2" doraHai="64" who="1" fromWho="2" sc="250,0,250,49,240,-39,250,0" /><INIT seed="1,0,0,0,4,12" ten="250,299,201,250" oya="1" hai0="122,108,69,116,2,40,14,127,60,90,120,34,56" hai1="42,134,66,19,87,50,105,18,104,129,26,52,117" hai2="93,98,110,43,27,59,70,33,74,20,73,5,121" hai3="21,54,114,88,49,135,101,112,67,81,45,55,63"/><U78/><E117/><V128/><F70/><W132/><G101/><T82/><D2/><U107/><E134/><V58/><F121/><N who="0" m="46698" /><D34/><U13/><E129/><V125/><F128/><W84/><G21/><T106/><D106/><U109/><E109/><V133/><F110/><W92/><G54/><T111/><D116/><U48/><E66/><V113/><F113/><W72/><G72/><T15/><D69/><U62/><E42/><V61/><F43/><W38/><G38/><T124/><D40/><U99/><E99/><V23/><F5/><W103/><G103/><T41/><D41/><U130/><E130/><V1/><F1/><W123/><G81/><T22/><D111/><U102/><E102/><V3/><F3/><W97/><G97/><T53/><D108/><U0/><E0/><V6/><F6/><W8/><G8/><T95/><D82/><U35/><E87/><V64/><F74/><W46/><G46/><T71/><D71/><U126/><E78/><V24/><F73/><W39/><G39/><T65/><D65/><U29/><E105/><V131/><F131/><W17/><G123/><T37/><D37/><U76/><E104/><V28/><F133/><W86/><G114/><T119/><D119/><U118/><E107/><V96/><F33/><W115/><G112/><T44/><D44/><U100/><E118/><V89/><F59/><N who="3" m="37375" /><G115/><T83/><D83/><U75/><E35/><V30/><F98/><W36/><G36/><T68/><D68/><U94/><E75/><V57/><F57/><W79/><G135/><T91/><D56/><U31/><E100/><RYUUKYOKU ba="0,0" sc="250,-10,299,-10,201,30,250,-10" hai2="20,23,24,27,28,30,58,61,64,89,93,96,125" /><INIT seed="2,1,0,0,0,76" ten="240,289,231,240" oya="2" hai0="19,5,91,56,69,109,46,75,39,119,9,54,73" hai1="90,101,80,24,38,4,107,42,131,15,100,118,124" hai2="113,52,53,51,66,117,106,17,22,1,55,134,30" hai3="11,6,68,47,103,125,18,120,64,110,121,70,49"/><V12/><F106/><W116/><G116/><T126/><D69/><U114/><E118/><V41/><F117/><W26/><G103/><T112/><D119/><U31/><E114/><V62/><F113/><W59/><G110/><T67/><D112/><U20/><E124/><V96/><F1/><W45/><G45/><T88/><D126/><U79/><E131/><V86/><F30/><W105/><G105/><T102/><D109/><U89/><E38/><V81/><F96/><W25/><G25/><T2/><D102/><N who="1" m="39531" /><E42/><V50/><F41/><W14/><G125/><T129/><D129/><U29/><E29/><V57/><F134/><W127/><G26/><T135/><D135/><U23/><E107/><V40/><F40/><W65/><G6/><T95/><D67/><U7/><E7/><V60/><F60/><W74/><G74/><T58/><D19/><N who="1" m="10367" /><E4/><V10/><F10/><W133/><G133/><T132/><D39/><U43/><E43/><V111/><F111/><W97/><G127/><T92/><D132/><U130/><E130/><V78/><AGARI ba="1,0" hai="12,17,22,50,51,52,53,55,57,62,66,78,81,86" machi="78" ten="30,11700,0" yaku="0,1,8,1,52,1,54,1" doraHai="76" who="2" fromWho="2" sc="240,-40,289,-40,231,120,240,-40" /><INIT seed="2,2,0,1,2,134" ten="200,249,351,200" oya="2" hai0="51,19,6,101,39,70,72,48,29,113,60,86,27" hai1="45,16,102,24,110,74,90,132,49,73,37,63,22" hai2="111,115,53,94,23,69,118,104,4,117,97,130,30" hai3="28,18,81,1,13,71,121,135,32,41,5,25,10"/><V76/><F69/><W89/><G135/><T47/><D72/><U99/><E132/><V11/><F115/><W75/><G121/><T44/><D113/><U15/><E110/><V133/><F104/><W36/><G71/><T14/><D39/><U107/><E37/><V31/><F76/><W98/><G75/><T42/><D6/><U2/><E2/><V122/><F122/><W20/><G36/><T67/><D101/><U80/><E63/><V82/><F82/><W46/><G41/><T7/><D7/><U125/><E125/><V87/><F87/><W106/><G46/><T26/><D86/><U126/><E126/><V108/><F53/><W3/><G106/><T66/><D66/><U35/><E80/><V52/><F52/><W123/><G123/><T105/><D105/><U96/><E96/><V124/><F124/><W54/><G54/><T43/><REACH who="0" step="1"/><D29/><REACH who="0" ten="190,249,351,200" step="2"/><U56/><E74/><V119/><F31/><W68/><G98/><T92/><D92/><U61/><E73/><V116/><F133/><W127/><G127/><T38/><D38/><U55/><E102/><V112/><F112/><W128/><G3/><T103/><D103/><U95/><E107/><V0/><F119/><W9/><G68/><T88/><D88/><U33/><E99/><V40/><F94/><W109/><G89/><T65/><D65/><N who="1" m="39079" /><E95/><V83/><F97/><W59/><G81/><T34/><D34/><N who="1" m="12811" /><E90/><V131/><F118/><W77/><G77/><T58/><D58/><U100/><E100/><V78/><F117/><W79/><G79/><T64/><D64/><U129/><E129/><RYUUKYOKU ba="2,1" sc="190,15,249,15,351,-15,200,-15" hai0="14,19,26,27,42,43,44,47,48,51,60,67,70" hai1="15,16,22,24,45,49,55" /><INIT seed="3,3,1,0,1,83" ten="205,264,336,185" oya="3" hai0="21,119,51,64,53,38,10,69,46,11,4,82,113" hai1="23,121,14,27,125,42,78,99,84,112,65,71,8" hai2="79,57,100,16,39,72,74,87,43,40,127,13,60" hai3="129,29,5,48,105,7,68,35,123,131,130,3,103"/><W17/><G68/><T95/><D119/><U58/><E121/><V31/><F31/><W91/><G123/><T45/><D113/><U134/><E112/><V80/><F100/><W9/><G48/><T44/><D38/><U12/><E125/><V76/><F127/><W62/><G62/><T49/><D69/><U107/><E134/><V41/><F39/><W19/><G7/><T56/><D64/><U81/><E42/><V114/><F114/><W126/><G126/><T97/><D82/><U102/><E71/><V86/><F74/><W28/><G91/><N who="0" m="55551" /><D21/><U116/><E116/><V122/><F122/><W1/><G1/><T37/><D37/><U111/><E111/><V61/><F79/><W118/><G118/><T73/><D73/><U106/><E106/><V6/><F6/><W94/><G105/><T15/><D10/><U88/><E78/><V132/><F132/><W32/><G94/><T33/><D33/><N who="3" m="12873" /><G103/><T110/><D110/><U70/><E70/><V26/><F72/><W133/><G133/><T67/><D67/><U50/><E8/><V20/><F76/><W117/><G117/><T36/><D36/><U124/><E124/><V22/><F80/><W30/><AGARI ba="3,1" hai="3,5,9,17,19,28,29,30,129,130,131" m="12873" machi="30" ten="40,7800,0" yaku="19,1,34,2" doraHai="83" who="3" fromWho="3" sc="205,-29,264,-29,336,-29,185,97" /><INIT seed="3,4,0,0,3,115" ten="176,235,307,282" oya="3" hai0="116,56,39,28,108,102,126,101,65,63,47,75,9" hai1="20,16,83,77,6,113,87,26,73,99,105,97,66" hai2="82,14,76,29,49,103,34,11,91,81,131,22,94" hai3="128,10,92,84,4,50,95,114,35,43,71,98,96"/><W37/><G71/><T44/><D75/><U58/><E113/><V33/><F103/><W72/><G35/><T78/><D78/><U8/><E105/><V93/><F33/><W48/><G72/><T123/><D123/><U15/><REACH who="1" step="1"/><E73/><REACH who="1" ten="176,225,307,282" step="2"/><V121/><F121/><W41/><G114/><T59/><D108/><U7/><E7/><V74/><F74/><W109/><G109/><T24/><D126/><U70/><E70/><V62/><F131/><W36/><G128/><T2/><D116/><U133/><E133/><V90/><F34/><W53/><G4/><T118/><D118/><U55/><E55/><V18/><F76/><W67/><G53/><T54/><D2/><U38/><E38/><V110/><F110/><W100/><G67/><T132/><D132/><U111/><E111/><V88/><F62/><AGARI ba="4,1" hai="6,8,15,16,20,26,58,62,66,77,83,87,97,99" machi="62" ten="40,8000,1" yaku="1,1,8,1,54,1,53,1" doraHai="115" doraHaiUra="21" who="1" fromWho="2" sc="176,0,225,102,307,-92,282,0" owari="176,-32.0,327,42.0,215,-18.0,282,8.0" /></mjloggm>