<mjloggm ver="2.3"><GO type="225" lobby="0"/><UN n0="%61%6D%65%64%69%6F" n1="%E3%82%AB%E3%83%9C%E3%83%81%E3%83%A3%E3%82%BF%E3%83%8D" n2="%E5%B0%B1%E6%B4%BB%E7%94%9F%40%E5%B7%9D%E6%9D%91%E8%BB%8D%E5%9B%A3" n3="%74%61%6B%75%61%6B%61" dan="18,16,16,17" rate="2177.12,2214.51,2053.36,2118.63" sx="M,M,M,M"/><TAIKYOKU oya="0"/><INIT seed="0,0,0,2,0,41" ten="250,250,250,250" oya="0" hai0="31,76,0,91,64,42,37,48,124,86,72,30,93" hai1="116,50,12,132,5,6,18,122,82,74,105,106,135" hai2="129,126,121,95,1,103,84,71,107,46,22,47,101" hai3="17,128,62,35,25,55,65,92,36,58,59,115,51"/><T54/><D124/><U109/><E116/><V118/><F107/><W94/><G115/><T39/><D0/><U130/><E122/><V108/><F1/><W32/><G128/><T45/><D64/><U113/><E109/><V75/><F71/><W99/><G36/><T83/><REACH who="0" step="1"/><D39/><REACH who="0" ten="240,250,250,250" step="2"/><U96/><E130/><V8/><F126/><W114/><G114/><T79/><D79/><U49/><E113/><V77/><F129/><W89/><REACH who="3" step="1"/><G92/><REACH who="3" ten="240,250,250,240" step="2"/><T15/><D15/><U102/><E12/><V133/><F95/><W80/><G80/><T123/><D123/><U88/><E82/><V27/><F121/><W40/><G40/><T10/><D10/><U85/><E106/><V11/><F8/><W97/><G97/><T21/><D21/><AGARI ba="0,2" hai="17,21,25,32,35,51,55,58,59,62,65,89,94,99" machi="21" ten="40,1300,0" yaku="1,1,53,0" doraHai="41" doraHaiUra="81" who="3" fromWho="0" sc="240,-13,250,0,250,0,240,33" /><INIT seed="1,0,0,5,5,69" ten="227,250,250,273" oya="1" hai0="32,49,91,99,126,3,54,41,1,21,30,27,17" hai1="122,46,117,25,62,71,133,115,125,22,78,31,14" hai2="6,59,53,87,70,96,118,29,42,103,34,94,61" hai3="102,8,56,92,33,0,95,88,18,89,2,121,64"/><U52/><E115/><V39/><F118/><W58/><G33/><T113/><D126/><U83/><E117/><V60/><F6/><W72/><G72/><T9/><D113/><U67/><E122/><V120/><F120/><W23/><G102/><T116/><D41/><U114/><E114/><V66/><F87/><W15/><G121/><T10/><D116/><U4/><E125/><V129/><F129/><W74/><G74/><T127/><D127/><U109/><E133/><V51/><F60/><W11/><G64/><T43/><D43/><U80/><E109/><V73/><F73/><W90/><G2/><T24/><D91/><U106/><E106/><V134/><F134/><W37/><G37/><T85/><D85/><U12/><E4/><V55/><F55/><W98/><G0/><N who="0" m="75" /><D99/><U111/><E111/><V93/><F29/><W101/><G92/><T20/><D54/><U65/><E65/><V107/><F34/><W44/><G44/><AGARI ba="0,0" hai="39,42,44,51,53,59,61,66,70,93,94,96,103,107" machi="44" ten="40,5200,0" yaku="24,2,52,1" doraHai="69" who="2" fromWho="3" sc="227,0,250,0,250,52,273,-52" /><INIT seed="2,0,0,4,3,12" ten="227,250,302,221" oya="2" hai0="52,118,89,99,65,53,105,110,64,55,37,51,122" hai1="59,121,26,3,93,107,16,115,34,96,132,9,28" hai2="75,0,82,67,54,40,116,1,98,112,79,80,15" hai3="114,69,134,22,108,63,47,8,50,33,76,125,61"/><V36/><F112/><W100/><G33/><T21/><D37/><U25/><E115/><V27/><F116/><W48/><G114/><T92/><D122/><U2/><E121/><V56/><F67/><N who="0" m="25674" /><D105/><U87/><E132/><V127/><F127/><W73/><G69/><T130/><D110/><U88/><E59/><V41/><F80/><W113/><G108/><T5/><D5/><U126/><E126/><V81/><F82/><W13/><G134/><T72/><D72/><U111/><E111/><V4/><F27/><W90/><G73/><T104/><D104/><U58/><E58/><V43/><F98/><W117/><G76/><T20/><D130/><U86/><E86/><V62/><F36/><W106/><G117/><T10/><D10/><U131/><E131/><V11/><AGARI ba="0,0" hai="0,1,4,11,15,40,41,43,54,56,62,75,79,81" machi="11" ten="30,1500,0" yaku="0,1" doraHai="12" who="2" fromWho="2" sc="227,-5,250,-5,302,15,221,-5" /><INIT seed="2,1,0,5,1,38" ten="222,245,317,216" oya="2" hai0="0,75,2,45,48,94,79,5,77,107,102,96,112" hai1="103,76,73,27,16,37,13,86,18,117,124,29,89" hai2="110,3,84,52,99,83,11,30,28,82,78,26,74" hai3="90,97,20,54,85,105,6,8,100,70,1,87,93"/><V101/><F110/><W21/><G70/><T109/><D109/><U42/><E117/><V36/><F36/><W130/><G130/><T43/><D112/><U53/><E124/><V60/><F3/><W7/><G7/><T49/><D107/><U92/><E103/><V121/><F121/><W10/><G10/><T135/><D135/><U106/><E106/><V33/><F28/><W56/><REACH who="3" step="1"/><G87/><REACH who="3" ten="222,245,317,206" step="2"/><T64/><D5/><U104/><E86/><V31/><F11/><W40/><G40/><T22/><D2/><U51/><E42/><V69/><F69/><W44/><G44/><N who="0" m="25631" /><D0/><U35/><E73/><V55/><F31/><W123/><G123/><T118/><D75/><U4/><E29/><V32/><F32/><W34/><G34/><T131/><D131/><U115/><E35/><V134/><F134/><W39/><G39/><T14/><D118/><U67/><E37/><V47/><F47/><W71/><G71/><T132/><D132/><U125/><E4/><V98/><F84/><W88/><G88/><T9/><D9/><U15/><E89/><V119/><F74/><W120/><G120/><T12/><D22/><U62/><E115/><V61/><F33/><W65/><G65/><T59/><D77/><U108/><E67/><V80/><F78/><W122/><G122/><T113/><D79/><U25/><E76/><V19/><F30/><W81/><G81/><T128/><D128/><U58/><E108/><V41/><F82/><W46/><G46/><T95/><D113/><U129/><E129/><V116/><F80/><W133/><G133/><T127/><D45/><RYUUKYOKU ba="1,1" sc="222,-10,245,-10,317,-10,206,30" hai3="1,6,8,20,21,54,56,85,90,93,97,100,105" /><INIT seed="3,2,1,0,1,10" ten="212,235,307,236" oya="3" hai0="0,25,5,23,69,130,43,108,60,55,30,72,91" hai1="107,82,21,1,2,33,50,51,52,13,73,80,83" hai2="18,99,61,93,57,53,104,79,134,110,122,117,40" hai3="71,114,28,16,120,47,70,45,94,36,41,106,48"/><W63/><G106/><T20/><D72/><U46/><E33/><V38/><F104/><W89/><G120/><T35/><D130/><U11/><E73/><V112/><F117/><W29/><G114/><T14/><D108/><U98/><E21/><V39/><F112/><W87/><G16/><N who="0" m="10263" /><D23/><U124/><E124/><V49/><F79/><W34/><G34/><T78/><D78/><U3/><E51/><V109/><F134/><W103/><G103/><T19/><D19/><U54/><E107/><V126/><F126/><W125/><G125/><T56/><D43/><U68/><E98/><V127/><F127/><W64/><REACH who="3" step="1"/><G71/><REACH who="3" ten="212,235,307,226" step="2"/><T128/><D69/><U42/><REACH who="1" step="1"/><E68/><REACH who="1" ten="212,225,307,226" step="2"/><V15/><F122/><W44/><G44/><T118/><D128/><U24/><E24/><V62/><F110/><W32/><G32/><T58/><D118/><U17/><AGARI ba="2,3" hai="1,2,3,11,13,17,42,46,50,52,54,80,82,83" machi="17" ten="40,8000,1" yaku="1,1,0,1,52,1,54,1,53,0" doraHai="10" doraHaiUra="75" who="1" fromWho="1" sc="212,-22,225,116,307,-22,226,-42" owari="190,-21.0,341,44.0,285,9.0,184,-32.0" /></mjloggm>