<mjloggm ver="2.3"><GO type="169" lobby="0"/><UN n0="%E9%96%8B%E3%81%8B%E3%82%8C" n1="%E3%83%88%E3%83%88%E3%83%AA%E5%85%88%E7%94%9F%31%39%E6%AD%B3" n2="%E3%81%94%E3%82%93%E3%81%96%E3%81%B6%E3%82%8D%E3%83%BC" n3="%67%61%6D%6F%33" dan="16,18,16,16" rate="2059.47,2276.38,2148.13,2123.46" sx="M,F,M,M"/><TAIKYOKU oya="0"/><INIT seed="0,0,0,2,5,134" ten="250,250,250,250" oya="0" hai0="1,63,135,122,2,70,106,99,78,64,80,3,30" hai1="107,41,49,51,5,119,16,37,26,7,58,54,6" hai2="62,57,59,71,121,34,100,87,127,27,20,11,105" hai3="52,65,24,129,124,86,10,104,23,110,73,45,66"/><T125/><D122/><U94/><E119/><V83/><F121/><W50/><G73/><N who="0" m="43087" /><D135/><U85/><E107/><V111/><F111/><W116/><G116/><T12/><D12/><U18/><E37/><V55/><F34/><W9/><G110/><T43/><D43/><U114/><E114/><V53/><F71/><W120/><G120/><T14/><D14/><U72/><E72/><V0/><F0/><W32/><G32/><T69/><D30/><U67/><E67/><V39/><F39/><W113/><G113/><T25/><D25/><U92/><E85/><V36/><F36/><W93/><G104/><T132/><D132/><U46/><REACH who="1" step="1"/><E18/><REACH who="1" ten="250,240,250,250" step="2"/><V97/><F87/><W28/><G65/><T29/><D70/><U77/><E77/><V96/><F105/><W109/><G66/><T133/><D133/><U98/><E98/><V81/><F97/><W75/><G75/><T47/><D99/><U21/><AGARI ba="0,1" hai="5,6,7,16,21,26,41,46,49,51,54,58,92,94" machi="21" ten="30,12000,2" yaku="1,1,0,1,8,1,54,1,53,2" doraHai="134" doraHaiUra="44" who="1" fromWho="1" sc="250,-60,240,130,250,-30,250,-30" /><INIT seed="1,0,0,4,4,0" ten="190,370,220,220" oya="1" hai0="54,103,73,120,82,29,43,124,58,128,30,23,41" hai1="40,95,118,106,69,14,100,22,102,63,121,79,31" hai2="123,50,98,67,38,64,130,10,46,56,28,9,21" hai3="7,61,68,2,55,65,85,105,11,39,66,87,47"/><U72/><E118/><V53/><F123/><W99/><G66/><N who="2" m="25129" /><F38/><W133/><G133/><T25/><D128/><U117/><E117/><V116/><F130/><W19/><G19/><T35/><D120/><U132/><E69/><V127/><F127/><W107/><G107/><T44/><D124/><U12/><E106/><V75/><F75/><W45/><G45/><T84/><D73/><U26/><E132/><V115/><F115/><W101/><REACH who="3" step="1"/><G55/><REACH who="3" ten="190,370,220,210" step="2"/><T125/><D125/><U91/><E121/><V37/><F116/><W5/><G5/><T122/><D122/><U135/><E135/><V110/><F110/><W113/><G113/><T49/><D44/><U88/><E40/><AGARI ba="0,1" hai="2,7,11,39,40,47,61,65,68,85,87,99,101,105" machi="40" ten="40,2600,0" yaku="1,1,52,1,53,0" doraHai="0" doraHaiUra="108" who="3" fromWho="1" sc="190,0,370,-26,220,0,210,36" /><INIT seed="2,0,0,4,5,36" ten="190,344,220,246" oya="2" hai0="47,11,24,126,33,69,52,117,35,133,130,116,12" hai1="19,27,17,96,22,114,5,38,39,54,44,128,42" hai2="78,0,56,73,90,74,50,58,89,53,108,93,30" hai3="4,122,92,119,3,28,20,32,55,23,71,123,105"/><V26/><F0/><W72/><G105/><T10/><D69/><U1/><E114/><V31/><F108/><W49/><G72/><T76/><D76/><U101/><E128/><V81/><F74/><W34/><G71/><T134/><D130/><U60/><E38/><V135/><F135/><N who="0" m="51722" /><D126/><U25/><E5/><V29/><F56/><W83/><G83/><T95/><D95/><U48/><E60/><V100/><F100/><W107/><G107/><T111/><D111/><U124/><E1/><V57/><F57/><W109/><G109/><T125/><D125/><U14/><E124/><V63/><F63/><W13/><G119/><N who="0" m="45643" /><D24/><U62/><E62/><V2/><F2/><W77/><G77/><T64/><D64/><U15/><E39/><V115/><F115/><W97/><G3/><T88/><D88/><U129/><E129/><V102/><F102/><W6/><G122/><T66/><D66/><U51/><E96/><V46/><F26/><W113/><G113/><T40/><D52/><U127/><E101/><V103/><F103/><W41/><G55/><T84/><D84/><U8/><E127/><V121/><F121/><W18/><G123/><T9/><D12/><U120/><E120/><V16/><F90/><W104/><G104/><T65/><D65/><U70/><E70/><V79/><F79/><W80/><G80/><T82/><D82/><U106/><E106/><V132/><F132/><W110/><G110/><T98/><D98/><U45/><AGARI ba="0,0" hai="8,14,15,17,19,22,25,27,42,44,45,48,51,54" machi="45" ten="20,5200,0" yaku="0,1,7,1,8,1,52,1" doraHai="36" who="1" fromWho="1" sc="190,-13,344,52,220,-26,246,-13" /><INIT seed="3,0,0,3,2,43" ten="177,396,194,233" oya="3" hai0="34,50,51,107,103,59,78,92,49,119,72,125,88" hai1="94,120,118,101,79,45,64,100,7,77,102,35,130" hai2="2,67,91,68,132,41,133,16,56,116,33,32,10" hai3="117,83,82,37,6,24,23,12,124,65,19,22,95"/><W80/><G117/><T17/><D119/><U75/><E118/><V40/><F68/><W11/><G124/><T25/><D125/><U81/><E120/><V53/><F67/><W21/><G37/><T18/><D107/><U36/><E35/><N who="2" m="13387" /><F91/><W73/><G65/><T112/><D103/><U66/><E130/><V123/><F123/><W60/><G60/><T93/><D112/><U29/><E29/><V114/><F116/><W31/><G73/><T76/><D93/><U122/><E122/><V134/><F114/><W115/><G115/><T47/><D59/><U97/><E79/><V8/><F2/><W86/><G95/><T48/><D34/><U3/><E66/><V61/><F10/><W0/><G86/><T5/><D5/><U28/><E28/><V15/><AGARI ba="0,0" hai="8,15,16,40,41,53,56,61,132,133,134" m="13387" machi="15" ten="40,2700,0" yaku="20,1,54,1" doraHai="43" who="2" fromWho="2" sc="177,-7,396,-7,194,27,233,-13" /><INIT seed="4,0,0,3,3,55" ten="170,389,221,220" oya="0" hai0="33,123,34,30,86,127,87,75,71,45,107,100,77" hai1="14,93,134,76,132,32,62,96,42,43,25,113,83" hai2="116,44,98,101,92,120,69,60,66,110,121,111,106" hai3="40,59,103,112,85,37,63,52,4,133,29,70,108"/><T88/><D123/><N who="2" m="47178" /><F92/><W36/><G112/><T117/><D71/><U41/><E113/><V95/><F95/><W3/><G70/><T9/><D117/><U50/><E14/><V23/><F23/><W90/><G108/><N who="2" m="41513" /><F44/><W128/><G103/><T82/><D86/><U65/><E25/><V72/><F116/><W57/><G29/><T16/><D30/><U8/><E32/><V124/><F124/><W6/><G128/><T17/><D127/><U118/><E8/><V104/><F104/><W13/><G3/><T28/><D45/><N who="1" m="25903" /><E118/><V2/><F2/><W61/><G133/><N who="1" m="51306" /><E93/><V102/><F102/><W126/><G126/><T27/><D34/><U20/><E20/><V47/><F47/><W49/><G40/><T19/><D100/><U12/><E12/><V58/><F58/><W81/><G36/><T135/><D107/><U94/><E94/><V109/><F109/><W64/><G37/><T91/><D135/><U80/><E96/><V119/><F119/><W39/><G39/><T10/><REACH who="0" step="1"/><D87/><REACH who="0" ten="160,389,221,220" step="2"/><N who="1" m="48519" /><E83/><V129/><F129/><W0/><G81/><T122/><D122/><U79/><E79/><V54/><F72/><W114/><G85/><T15/><D15/><U68/><AGARI ba="0,1" hai="42,43,62,65,68" m="48519,51306,25903" machi="68" ten="30,1100,0" yaku="20,1" doraHai="55" who="1" fromWho="1" sc="160,-5,389,21,221,-3,220,-3" /><INIT seed="5,0,0,0,0,3" ten="155,410,218,217" oya="1" hai0="90,130,125,51,86,92,27,54,110,129,108,56,64" hai1="63,97,6,71,126,14,55,112,39,34,127,35,9" hai2="105,128,15,98,124,8,57,24,100,17,107,79,5" hai3="13,116,102,109,66,49,58,40,32,67,106,11,62"/><U7/><E39/><V18/><F128/><W91/><G109/><T19/><D125/><N who="1" m="47627" /><E112/><V2/><F124/><W99/><G32/><N who="1" m="12330" /><E97/><V88/><F79/><W134/><G116/><T93/><D129/><U119/><E119/><V111/><F111/><W132/><G91/><T94/><D130/><U73/><E73/><V21/><F57/><W74/><G74/><T103/><D110/><U115/><E115/><V59/><F59/><W60/><G49/><T101/><D108/><U28/><E28/><V52/><F52/><N who="3" m="33863" /><G40/><T131/><D131/><U69/><E55/><V70/><F70/><N who="1" m="26633" /><E63/><V29/><F29/><W33/><G33/><T117/><D117/><U87/><E87/><V12/><F105/><W48/><G62/><T50/><D64/><U75/><E75/><V61/><F61/><W95/><G106/><T37/><D37/><U72/><E72/><V47/><F47/><W31/><G31/><T76/><D51/><U114/><E114/><V104/><F104/><W65/><G48/><T113/><D113/><U77/><E77/><V80/><REACH who="2" step="1"/><F18/><AGARI ba="0,0" hai="6,7,9,14,18" m="26633,12330,47627" machi="18" ten="40,7700,0" yaku="18,1,52,2" doraHai="3" who="1" fromWho="2" sc="155,0,410,77,218,-77,217,0" /><INIT seed="5,1,0,5,3,27" ten="155,487,141,217" oya="1" hai0="8,76,73,125,130,40,60,15,31,89,53,37,126" hai1="33,79,59,47,56,51,100,18,74,57,129,19,86" hai2="93,122,121,113,35,134,75,120,117,12,67,46,103" hai3="83,34,80,87,63,45,61,66,97,54,101,69,81"/><U0/><E0/><V99/><F35/><W135/><G135/><T77/><D130/><U107/><E74/><V21/><F67/><W43/><G34/><T13/><D37/><U127/><E33/><V96/><F46/><W5/><G5/><T26/><D40/><U128/><E127/><N who="0" m="48649" /><D89/><U133/><E133/><V62/><F62/><W112/><G112/><T102/><D102/><U98/><E86/><V49/><F49/><W16/><G87/><T116/><D116/><U22/><E79/><N who="0" m="30281" /><D8/><U123/><E123/><V11/><F75/><W38/><G54/><T17/><D17/><U114/><E114/><V29/><F117/><W3/><G3/><T91/><D91/><U2/><E2/><V82/><F82/><W41/><G41/><T119/><D73/><U118/><E118/><V50/><F120/><W71/><G16/><T52/><D119/><U44/><E19/><V64/><F113/><W58/><G63/><T90/><D90/><U104/><E104/><V111/><F134/><W9/><G9/><T72/><D72/><U30/><E18/><V105/><F11/><W110/><G110/><T28/><D28/><U124/><E124/><V32/><F29/><W23/><G61/><T10/><D10/><U95/><E107/><V131/><F105/><W55/><G101/><T7/><D7/><U109/><E128/><V48/><F131/><W78/><G78/><T6/><D6/><U88/><E129/><V20/><F111/><W4/><G4/><T132/><D132/><U36/><E109/><V25/><F121/><W85/><G83/><T70/><D70/><RYUUKYOKU ba="1,0" sc="155,0,487,0,141,0,217,0" /><INIT seed="6,2,0,4,5,108" ten="155,487,141,217" oya="2" hai0="120,8,68,134,75,70,78,32,1,99,55,14,82" hai1="52,4,76,130,40,80,25,126,39,119,43,85,128" hai2="34,45,83,96,95,44,125,36,37,135,2,51,27" hai3="102,88,97,67,84,7,106,54,72,89,109,116,110"/><V57/><F2/><W28/><G116/><T123/><D134/><U81/><E119/><V132/><F34/><W6/><G67/><T13/><D32/><U105/><E105/><V101/><F125/><W111/><G72/><T20/><D1/><U41/><E126/><V73/><F27/><W62/><G28/><T117/><D117/><U21/><E4/><V86/><F73/><W103/><G103/><T94/><D55/><U3/><E3/><V38/><F57/><W18/><G89/><T113/><D20/><U31/><E80/><V100/><F100/><W98/><G98/><T87/><D75/><U56/><E39/><V10/><F10/><W71/><G71/><T91/><D14/><U42/><E42/><V90/><REACH who="2" step="1"/><F51/><REACH who="2" ten="155,487,131,217" step="2"/><W23/><G102/><T15/><D70/><U74/><E74/><V122/><F122/><W61/><G109/><T104/><D68/><U49/><AGARI ba="2,1" hai="21,25,31,40,41,43,49,52,56,76,81,85,128,130" machi="49" ten="30,2000,0" yaku="0,1,54,1" doraHai="108" who="1" fromWho="1" sc="155,-7,487,36,131,-12,217,-7" /><INIT seed="7,0,0,5,4,122" ten="148,523,119,210" oya="3" hai0="39,27,89,71,115,12,112,82,99,68,86,94,43" hai1="67,60,134,54,2,47,113,9,116,14,110,128,98" hai2="105,78,30,97,46,35,101,6,8,4,88,93,45" hai3="109,76,70,42,131,87,56,28,96,132,130,17,118"/><W31/><G70/><T77/><D27/><U5/><E113/><N who="0" m="43593" /><D12/><U79/><E128/><V23/><F35/><W106/><G118/><T114/><N who="0" m="43601" /><T62/><DORA hai="41" /><D62/><U75/><E134/><V53/><F78/><W107/><G132/><T19/><D19/><U18/><E116/><V11/><F53/><W20/><G17/><T13/><D13/><U44/><E54/><V3/><F105/><W100/><G28/><T7/><D7/><N who="2" m="2602" /><F3/><W29/><G31/><T63/><D63/><U81/><E98/><V21/><F101/><W15/><G29/><T64/><D64/><U38/><E38/><V51/><F45/><AGARI ba="0,0" hai="39,43,45,68,71,77,82,86,89,94,99" m="43601" machi="45" ten="40,5200,0" yaku="15,1,11,1,52,1" doraHai="122,41" who="0" fromWho="2" sc="148,52,523,0,119,-52,210,0" owari="200,-20.0,523,62.0,67,-43.0,210,1.0" /></mjloggm>