<mjloggm ver="2.3"><GO type="97" lobby="0"/><UN n0="%53%68%69%67%65%7A%6F" n1="%E3%83%88%E3%83%88%E3%83%AA%E5%85%88%E7%94%9F%31%39%E6%AD%B3" n2="%E5%B0%8F%E6%9D%8E%E5%BA%83" n3="%41%36%4D%35" dan="13,15,14,14" rate="1925.55,2076.91,1915.85,1898.84" sx="M,F,M,M"/><TAIKYOKU oya="0"/><INIT seed="0,0,0,1,2,25" ten="250,250,250,250" oya="0" hai0="66,124,48,89,108,35,74,114,58,67,15,78,101" hai1="52,39,111,26,18,93,21,95,30,68,61,28,71" hai2="97,9,3,132,32,92,116,14,54,118,133,120,50" hai3="11,122,112,98,10,4,130,42,6,17,87,20,129"/><T22/><D114/><U84/><E39/><V73/><F73/><W109/><G112/><T8/><D35/><U131/><E111/><V33/><F3/><W121/><G109/><T107/><D108/><U23/><E131/><N who="3" m="50186" /><G42/><T123/><D123/><N who="3" m="47113" /><G98/><T127/><D89/><N who="1" m="53415" /><E71/><V56/><F120/><W100/><G100/><T29/><D101/><U27/><E68/><V105/><F105/><W63/><G63/><T80/><D107/><U62/><E95/><V102/><F33/><W106/><G87/><T83/><D83/><U76/><E76/><V99/><F32/><W37/><G37/><T16/><D48/><U65/><E65/><V55/><F55/><W59/><G59/><T7/><D58/><N who="1" m="35015" /><E62/><V53/><F53/><W36/><G36/><T41/><D41/><U134/><E134/><N who="2" m="51819" /><F99/><W94/><G94/><T5/><D67/><U64/><E64/><V2/><F2/><W81/><G81/><T13/><D66/><U125/><E125/><N who="0" m="48201" /><D13/><U19/><AGARI ba="0,0" hai="18,19,21,23,26,27,28,30" m="35015,53415" machi="19" ten="30,7900,0" yaku="8,1,52,2,54,1" doraHai="25" who="1" fromWho="1" sc="250,-39,250,79,250,-20,250,-20" /><INIT seed="1,0,0,5,1,123" ten="211,329,230,230" oya="1" hai0="126,13,61,35,134,117,67,110,119,74,100,8,122" hai1="82,102,95,19,80,52,4,17,69,132,84,71,49" hai2="125,14,127,93,45,106,111,54,3,28,81,53,18" hai3="70,101,60,92,10,51,7,33,135,46,124,113,36"/><U97/><E132/><V5/><F106/><W131/><G135/><T23/><D35/><U116/><E116/><V83/><F28/><W2/><G113/><T91/><D74/><U42/><E42/><V120/><F45/><W129/><G33/><T64/><D134/><U57/><E82/><V66/><F66/><W50/><G124/><T56/><D126/><U6/><E69/><V76/><F5/><N who="1" m="2153" /><E71/><V25/><F93/><W77/><G77/><AGARI ba="0,0" hai="17,19,49,52,57,77,80,84,95,97,102" m="2153" machi="77" ten="30,2900,0" yaku="8,1,54,1" doraHai="123" who="1" fromWho="3" sc="211,0,329,29,230,0,230,-29" /><INIT seed="1,1,0,1,0,134" ten="211,358,230,201" oya="1" hai0="8,77,90,108,15,123,4,71,116,66,46,51,19" hai1="133,119,13,122,26,128,89,9,93,73,96,118,16" hai2="29,129,54,60,127,37,109,95,30,94,124,125,98" hai3="106,23,114,34,67,117,101,14,5,92,69,20,0"/><U99/><E122/><V28/><F129/><W32/><G114/><T102/><D108/><U64/><E73/><V41/><F109/><W131/><G131/><T91/><D116/><U68/><E128/><V38/><F41/><W43/><G117/><T81/><D102/><U40/><E133/><V112/><F112/><W132/><G132/><T120/><D66/><U18/><E40/><V79/><F79/><W44/><G106/><T3/><D71/><U82/><E99/><V87/><F87/><W2/><G34/><T17/><D3/><U53/><E82/><V135/><F135/><W50/><G32/><T65/><D65/><U86/><E86/><V103/><F95/><W6/><G2/><T76/><D76/><U58/><E64/><V52/><F60/><W22/><G0/><T115/><D115/><U78/><E68/><V1/><F1/><W121/><G121/><N who="0" m="46667" /><D77/><U110/><E78/><V48/><F48/><W25/><G69/><T59/><D59/><U104/><E104/><V49/><F49/><W80/><G67/><T33/><D33/><U21/><E110/><V42/><F42/><W126/><G80/><T74/><D74/><U111/><E111/><V61/><F61/><AGARI ba="1,0" hai="9,13,16,18,21,26,53,58,61,89,93,96,118,119" machi="61" ten="30,11600,0" yaku="7,1,25,2,54,1" doraHai="134" who="1" fromWho="2" sc="211,0,358,119,230,-119,201,0" /><INIT seed="1,2,0,3,0,0" ten="211,477,111,201" oya="1" hai0="47,101,53,120,66,98,127,99,105,27,1,55,41" hai1="130,5,100,10,82,71,88,89,25,92,113,72,111" hai2="61,79,129,40,114,124,19,9,122,80,134,60,22" hai3="29,119,45,38,135,104,7,81,133,65,78,6,62"/><U59/><E130/><V34/><F122/><W52/><G104/><T115/><D115/><U20/><E71/><V57/><F114/><W107/><G107/><T91/><D127/><U77/><E113/><V4/><F129/><W118/><G29/><T70/><D1/><U14/><E111/><V24/><F34/><W73/><G38/><T37/><D120/><U95/><E59/><V46/><F124/><W69/><G45/><T96/><D91/><U18/><E100/><V36/><F57/><W30/><G30/><T28/><D55/><U76/><E72/><V68/><F68/><W54/><G69/><T50/><D53/><N who="3" m="20585" /><G65/><T132/><D132/><N who="3" m="50761" /><G62/><N who="0" m="40279" /><D37/><U26/><E82/><V13/><REACH who="2" step="1"/><F134/><REACH who="2" ten="211,477,101,201" step="2"/><W43/><G43/><T117/><D117/><AGARI ba="2,1" hai="6,7,73,78,81,117,118,119" m="50761,20585" machi="117" ten="30,8000,1" yaku="12,1,20,1,52,2,54,1" doraHai="0" who="3" fromWho="0" sc="211,-86,477,0,101,0,201,96" /><INIT seed="2,0,0,2,4,96" ten="125,477,101,297" oya="2" hai0="55,58,59,22,75,79,8,99,5,129,31,71,112" hai1="70,39,113,65,86,100,130,117,45,32,64,95,88" hai2="108,123,128,11,126,14,56,46,0,47,44,12,30" hai3="135,72,69,73,122,80,131,93,115,27,74,78,24"/><V2/><F123/><W10/><G122/><T125/><D112/><U133/><E113/><V17/><F126/><W28/><G115/><T111/><D71/><U83/><E117/><V114/><F114/><W98/><G135/><T87/><D75/><U57/><E32/><V94/><F108/><W134/><G134/><T43/><D43/><U60/><E133/><V121/><F30/><W127/><G69/><T41/><D41/><U118/><E118/><V34/><F34/><W15/><G127/><T33/><D33/><U132/><E132/><V48/><F128/><W119/><G131/><T103/><D125/><U62/><E130/><V82/><F82/><W85/><G119/><T76/><D87/><U18/><E39/><V7/><F121/><W63/><G63/><T124/><D124/><U101/><E45/><V102/><F56/><W109/><G109/><T77/><D55/><U40/><E40/><V42/><F2/><W91/><REACH who="3" step="1"/><G28/><REACH who="3" ten="125,477,101,287" step="2"/><T26/><D111/><U110/><E110/><V1/><F1/><W38/><G38/><T107/><REACH who="0" step="1"/><D129/><REACH who="0" ten="115,477,101,287" step="2"/><U29/><E70/><V105/><F105/><W104/><G104/><T16/><D16/><AGARI ba="0,2" hai="10,15,16,24,27,72,73,74,78,80,85,91,93,98" machi="16" ten="40,2600,0" yaku="1,1,54,1,53,0" doraHai="96" doraHaiUra="49" who="3" fromWho="0" sc="115,-26,477,0,101,0,287,46" /><INIT seed="3,0,0,3,1,45" ten="89,477,101,333" oya="3" hai0="7,101,46,9,125,50,64,79,41,35,28,115,83" hai1="117,118,85,16,12,54,91,10,52,134,132,53,127" hai2="121,80,2,106,15,135,34,37,23,14,0,18,1" hai3="19,36,24,119,4,39,104,55,3,70,86,81,78"/><W76/><G119/><N who="1" m="45578" /><E127/><V93/><F106/><W131/><G104/><T77/><D125/><U63/><E63/><V97/><F37/><W60/><G131/><T92/><D115/><U32/><E32/><V116/><F34/><W90/><G36/><T25/><D64/><U129/><E129/><V95/><F116/><W102/><G39/><T98/><REACH who="0" step="1"/><D83/><AGARI ba="0,0" hai="10,12,16,52,53,54,83,85,91,132,134" m="45578" machi="83" ten="30,3900,0" yaku="12,1,54,2" doraHai="45" who="1" fromWho="0" sc="89,-39,477,39,101,0,333,0" owari="50,-45.0,516,62.0,101,-30.0,333,13.0" /></mjloggm>