<mjloggm ver="2.3"><GO type="97" lobby="0"/><UN n0="%E5%B0%B1%E6%B4%BB%E7%94%9F%40%E5%B7%9D%E6%9D%91%E8%BB%8D%E5%9B%A3" n1="%E8%B6%85%E8%83%BD%E5%8A%9B%E8%80%85" n2="%E3%81%8D%E3%81%95%E3%81%BE" n3="%E3%81%88%E3%81%A0%E2%98%86%E3%81%BE%E3%82%81" dan="14,14,13,14" rate="1972.61,1914.76,1889.22,1934.69" sx="M,M,M,M"/><TAIKYOKU oya="0"/><INIT seed="0,0,0,0,4,109" ten="250,250,250,250" oya="0" hai0="16,123,8,127,112,124,23,82,6,67,74,111,65" hai1="44,73,51,14,32,75,118,19,58,101,113,47,41" hai2="130,28,88,11,2,92,79,20,68,18,54,29,90" hai3="52,81,95,57,26,9,15,45,25,86,94,49,128"/><T107/><D123/><U89/><E118/><V61/><F68/><W31/><G128/><T105/><D111/><U93/><E32/><V56/><F130/><W78/><G57/><T80/><D112/><U98/><E58/><V7/><F79/><W84/><G84/><T5/><D74/><U0/><E0/><V96/><F90/><W97/><G31/><T115/><D115/><U106/><E44/><V48/><REACH who="2" step="1"/><F48/><REACH who="2" ten="250,250,240,250" step="2"/><W120/><G120/><T71/><D71/><U125/><E113/><V39/><F39/><W12/><G12/><AGARI ba="0,1" hai="2,7,11,12,18,20,28,29,54,56,61,88,92,96" machi="12" ten="30,8000,1" yaku="1,1,7,1,54,1,53,2" doraHai="109" doraHaiUra="24" who="2" fromWho="3" sc="250,0,250,0,240,90,250,-80" /><INIT seed="1,0,0,5,2,76" ten="250,250,330,170" oya="1" hai0="82,94,74,89,37,97,112,81,38,98,90,93,68" hai1="77,14,36,129,72,4,3,103,15,134,17,29,46" hai2="40,54,31,66,9,75,34,124,56,128,42,32,58" hai3="100,71,101,122,2,24,18,11,28,102,7,114,109"/><U91/><E91/><V131/><F75/><W104/><G122/><T118/><D68/><U8/><E29/><V43/><F9/><W48/><G71/><T78/><D118/><U19/><E103/><V6/><F6/><W27/><G109/><T85/><REACH who="0" step="1"/><D112/><REACH who="0" ten="240,250,330,170" step="2"/><U92/><E129/><N who="2" m="49739" /><F124/><W88/><G114/><T117/><D117/><U23/><E134/><V127/><F127/><W67/><G67/><T33/><D33/><N who="2" m="12906" /><F31/><W26/><G28/><T65/><D65/><U16/><E92/><V107/><F66/><W13/><G104/><T22/><D22/><U5/><E5/><V51/><F107/><W99/><G48/><T121/><D121/><U70/><E70/><V125/><F125/><W59/><G59/><AGARI ba="0,1" hai="40,42,43,51,54,56,58,59" m="12906,49739" machi="59" ten="40,1300,0" yaku="19,1" doraHai="76" who="2" fromWho="3" sc="240,0,250,0,330,23,170,-13" /><INIT seed="2,0,0,2,1,131" ten="240,250,353,157" oya="2" hai0="53,72,71,100,29,112,93,20,14,96,109,12,11" hai1="44,50,25,16,106,28,92,9,98,79,58,4,64" hai2="33,8,90,129,135,23,21,62,3,119,115,57,0" hai3="130,54,47,91,42,24,121,70,116,120,40,84,65"/><V126/><F90/><W61/><G130/><T124/><D112/><U38/><E106/><V117/><F129/><W37/><G116/><N who="2" m="44617" /><F57/><W123/><G24/><N who="0" m="16519" /><D72/><U49/><E38/><V2/><F62/><W43/><G91/><T41/><D71/><U35/><E79/><V73/><F73/><W66/><G84/><T31/><D124/><U111/><E111/><V125/><F115/><W46/><G66/><T95/><D109/><U51/><E58/><V5/><F33/><W6/><G6/><T75/><D75/><U45/><E64/><V104/><F104/><W132/><G132/><T67/><D67/><U83/><E83/><V36/><F36/><W30/><G30/><T87/><D31/><U52/><E45/><V113/><F113/><W99/><G99/><T32/><D32/><U60/><E60/><V78/><F78/><W86/><G86/><T76/><D41/><U94/><E94/><V56/><F56/><W34/><G34/><T59/><D11/><U88/><E16/><V80/><F80/><W10/><G10/><T81/><D95/><U68/><E68/><V69/><F69/><W102/><G102/><T118/><D118/><U13/><AGARI ba="0,0" hai="4,9,13,25,28,35,44,49,50,51,52,88,92,98" machi="13" ten="20,5200,0" yaku="0,1,7,1,54,2" doraHai="131" who="1" fromWho="1" sc="240,-13,250,52,353,-26,157,-13" /><INIT seed="3,0,0,3,1,26" ten="227,302,327,144" oya="3" hai0="110,10,15,75,95,11,14,24,71,27,5,112,39" hai1="84,101,118,59,114,58,48,44,121,34,83,87,62" hai2="36,69,119,12,68,126,99,108,130,79,96,17,19" hai3="66,25,135,92,82,23,106,78,74,116,50,102,127"/><W85/><G116/><T40/><D75/><U131/><E121/><V97/><F119/><W8/><G127/><T93/><D71/><U61/><E114/><V6/><F126/><W70/><G135/><T64/><D112/><U38/><E34/><V117/><F117/><W37/><G37/><T77/><D77/><U67/><E101/><V28/><F36/><W7/><G50/><T2/><D110/><U60/><E83/><V134/><F108/><W9/><G66/><T13/><D64/><N who="1" m="38935" /><E84/><V120/><F134/><W52/><G70/><T32/><D11/><U22/><E22/><V21/><F120/><W31/><G7/><T43/><D39/><U122/><E87/><V51/><F130/><W109/><G109/><T41/><REACH who="0" step="1"/><D32/><REACH who="0" ten="217,302,327,144" step="2"/><U45/><E122/><V0/><F69/><W18/><G18/><T20/><D20/><U80/><E118/><V103/><F68/><W88/><REACH who="3" step="1"/><G52/><REACH who="3" ten="217,302,327,134" step="2"/><T104/><D104/><U54/><E38/><V76/><F17/><W86/><G86/><T53/><D53/><U73/><E54/><V35/><F19/><W111/><G111/><T124/><D124/><U94/><E67/><V56/><F6/><W133/><G133/><T100/><D100/><U107/><E73/><V129/><F103/><W46/><G46/><T57/><D57/><U55/><E59/><V72/><F56/><W3/><G3/><T89/><D89/><U47/><E47/><V49/><F72/><W98/><AGARI ba="0,2" hai="8,9,23,25,31,74,78,82,85,88,92,98,102,106" machi="98" ten="30,18000,2" yaku="1,1,0,1,24,2,52,1,54,1,53,1" doraHai="26" doraHaiUra="16" who="3" fromWho="3" sc="217,-60,302,-60,327,-60,134,200" owari="157,-34.0,242,-16.0,267,7.0,334,43.0" /></mjloggm>