<mjloggm ver="2.3"><GO type="169" lobby="0"/><UN n0="%E6%96%B0%E4%B8%96%E7%95%8C%E3%81%AE%E7%B4%99" n1="%E3%82%A6%E3%83%AB%E3%83%88%E3%83%A9%E7%AB%8B%E7%9B%B4" n2="%E3%81%86%E3%81%83%E3%83%BC%E3%81%A1%E3%82%83%E3%82%93" n3="%72%61%74%65%72%61%74%65" dan="18,17,16,16" rate="2217.25,2111.41,2143.09,2127.46" sx="M,M,M,M"/><TAIKYOKU oya="0"/><INIT seed="0,0,0,1,1,61" ten="250,250,250,250" oya="0" hai0="117,40,49,120,21,16,92,93,14,54,6,18,119" hai1="73,104,8,75,82,22,95,64,71,101,57,17,135" hai2="89,78,47,76,74,13,28,48,26,134,23,97,125" hai3="32,102,35,106,43,69,2,5,118,132,56,10,87"/><T27/><D120/><U31/><E135/><V41/><F134/><W81/><G132/><T108/><D108/><U100/><E71/><V109/><F109/><W107/><G118/><T77/><D40/><U44/><E104/><V63/><F125/><W124/><G124/><T37/><D37/><U36/><E31/><V0/><F0/><W116/><G116/><T129/><D129/><U115/><E115/><V131/><F131/><W84/><G69/><T52/><D117/><U53/><E8/><V58/><F74/><W72/><G72/><T50/><D119/><U9/><E9/><V67/><REACH who="2" step="1"/><F13/><REACH who="2" ten="250,250,240,250" step="2"/><W126/><G126/><T30/><D14/><U15/><E75/><V99/><F99/><W65/><G2/><T60/><D6/><U86/><E73/><V39/><F39/><W110/><G5/><T96/><D96/><U80/><E36/><V33/><F33/><W59/><G35/><T20/><D20/><U29/><E22/><V51/><F51/><W111/><G32/><T4/><D4/><U88/><E15/><V114/><F114/><W70/><G110/><T113/><D113/><U127/><E127/><V128/><F128/><W19/><G111/><T112/><D112/><U62/><E17/><N who="0" m="6761" /><D50/><N who="1" m="28871" /><E29/><V122/><F122/><W24/><G19/><T3/><D3/><U45/><E86/><V11/><F11/><W83/><G10/><T103/><D49/><U130/><E130/><V1/><F1/><W121/><G121/><T68/><D30/><U105/><E105/><V7/><F7/><W90/><G106/><T66/><D21/><U133/><E133/><RYUUKYOKU ba="0,1" sc="250,-10,250,-10,240,30,250,-10" hai2="23,26,28,41,47,48,58,63,67,76,78,89,97" /><INIT seed="1,1,1,3,2,52" ten="240,240,270,240" oya="1" hai0="29,89,80,70,10,45,43,31,88,40,81,47,61" hai1="93,132,54,87,53,117,92,38,86,39,112,78,3" hai2="35,74,94,108,135,96,95,66,55,124,130,18,111" hai3="58,113,41,37,109,79,76,128,107,30,12,11,104"/><U19/><E3/><V1/><F35/><W133/><G113/><T23/><D70/><U46/><E112/><V106/><F66/><W28/><G109/><T120/><D120/><U60/><E117/><V21/><F1/><W67/><G133/><T48/><D10/><U50/><E132/><V98/><F74/><W15/><G128/><T59/><D23/><U22/><E39/><V75/><F75/><W24/><G41/><T71/><D71/><U0/><E38/><V85/><F55/><W102/><G102/><T9/><D9/><U27/><E0/><V17/><F85/><N who="1" m="32265" /><E78/><V51/><F106/><W123/><G37/><T125/><D125/><U16/><E19/><V63/><F124/><W65/><G11/><T4/><D4/><U6/><E6/><V116/><F116/><W56/><G123/><T100/><D100/><U14/><E14/><V42/><F135/><W101/><G101/><T44/><D29/><U72/><E72/><V32/><F32/><W83/><G83/><N who="0" m="31819" /><D31/><U127/><E127/><V114/><F114/><W126/><G126/><T110/><D110/><U8/><E8/><V134/><F134/><W5/><G5/><T57/><D61/><U121/><E121/><V13/><F63/><W97/><G97/><T64/><D64/><U91/><E91/><N who="0" m="34889" /><D48/><N who="1" m="28823" /><E60/><V68/><F111/><W2/><G2/><T62/><D62/><U25/><E25/><AGARI ba="1,1" hai="12,15,24,25,28,30,56,58,65,67,76,79,104,107" machi="25" ten="25,6400,0" yaku="22,2,52,2" doraHai="52" who="3" fromWho="1" sc="240,0,240,-67,270,0,240,77" /><INIT seed="2,0,0,3,5,92" ten="240,173,270,317" oya="2" hai0="47,71,49,23,80,104,29,0,83,127,73,35,108" hai1="107,41,96,11,58,36,27,65,60,30,114,112,40" hai2="28,9,74,77,3,62,116,24,67,125,15,5,120" hai3="63,134,34,44,46,37,56,122,16,51,69,103,98"/><V8/><F116/><W82/><G122/><T13/><D0/><U53/><E11/><V70/><F125/><W45/><G34/><T102/><D71/><U106/><E107/><V78/><F120/><W50/><G134/><T2/><D2/><U110/><E110/><V54/><F54/><W59/><G37/><T133/><D108/><U89/><E53/><V20/><REACH who="2" step="1"/><F74/><REACH who="2" ten="240,173,260,317" step="2"/><W86/><G69/><T52/><D73/><U124/><E124/><V115/><F115/><W72/><G72/><T88/><D127/><U113/><E113/><V25/><F25/><W118/><G118/><T129/><D133/><U117/><E117/><V39/><F39/><W17/><G59/><T126/><D126/><U84/><E36/><V57/><F57/><W68/><G68/><T32/><D52/><U42/><E114/><V128/><F128/><W1/><G56/><T87/><D129/><U66/><E112/><V111/><F111/><W101/><G63/><T18/><D49/><U95/><E66/><V64/><F64/><W132/><G50/><T31/><D47/><U79/><E41/><V26/><F26/><W109/><G51/><T19/><D35/><U93/><E42/><V135/><F135/><W90/><G132/><T38/><D38/><U7/><E40/><V6/><AGARI ba="0,1" hai="3,5,6,8,9,15,20,24,28,62,67,70,77,78" machi="6" ten="20,3900,0" yaku="1,1,0,1,7,1,53,0" doraHai="92" doraHaiUra="14" who="2" fromWho="2" sc="240,-13,173,-13,260,49,317,-13" /><INIT seed="2,1,0,4,0,117" ten="227,160,309,304" oya="2" hai0="58,35,120,49,92,42,113,10,130,134,115,121,83" hai1="57,26,81,13,78,91,80,63,61,9,114,48,65" hai2="23,74,46,28,79,52,38,20,127,7,132,60,93" hai3="14,2,30,102,3,119,8,99,19,62,103,37,39"/><V29/><F127/><W135/><G119/><T118/><D118/><U44/><E114/><N who="0" m="43529" /><D35/><U85/><E26/><V55/><F7/><W106/><G135/><T124/><D10/><U129/><E129/><V110/><F79/><W45/><G102/><T95/><D83/><U133/><E133/><V97/><F74/><W22/><G62/><T82/><D134/><U67/><E78/><V54/><F110/><W112/><G112/><T101/><D42/><U27/><E27/><V98/><F132/><W16/><G30/><T122/><D49/><U43/><E81/><V64/><F97/><W96/><G96/><N who="0" m="59527" /><D58/><U32/><E32/><V34/><F38/><W70/><G70/><T87/><D130/><U94/><E80/><V6/><F6/><W125/><G125/><T88/><D82/><U0/><E0/><V107/><F46/><W66/><G66/><T71/><D71/><U116/><E116/><V36/><F36/><W31/><G31/><T111/><D124/><U104/><E104/><V40/><F107/><W41/><REACH who="3" step="1"/><G37/><REACH who="3" ten="227,160,309,294" step="2"/><T68/><D68/><U128/><E128/><V50/><F29/><W56/><G56/><T47/><D47/><U33/><E63/><V123/><F28/><W89/><G89/><T12/><D12/><AGARI ba="1,1" hai="2,3,8,12,14,16,19,22,39,41,45,99,103,106" machi="12" ten="30,3900,0" yaku="1,1,7,1,54,1,53,0" doraHai="117" doraHaiUra="86" who="3" fromWho="0" sc="227,-42,160,0,309,0,294,52" /><INIT seed="3,0,0,1,3,58" ten="185,160,309,346" oya="3" hai0="93,135,118,108,76,34,87,131,35,55,49,102,117" hai1="83,128,105,17,64,98,52,114,121,31,57,20,6" hai2="73,59,47,78,129,86,101,75,54,130,61,74,79" hai3="12,37,23,125,21,103,116,25,46,62,112,24,26"/><W19/><G116/><T41/><D41/><U29/><E114/><V126/><F126/><W70/><G112/><T68/><D68/><U18/><E121/><V4/><F4/><W7/><G125/><T56/><D108/><U97/><E128/><N who="2" m="49259" /><F101/><W80/><G103/><T5/><D131/><U66/><E105/><V13/><F13/><W107/><G107/><T28/><D135/><U60/><E6/><V39/><F86/><W95/><G95/><T9/><D28/><N who="1" m="10827" /><E83/><V77/><F47/><W106/><G106/><T32/><D76/><N who="2" m="19458" /><V104/><DORA hai="40" /><F104/><W48/><G37/><AGARI ba="0,0" hai="37,39,54,59,61,73,74,75" m="19458,49259" machi="37" ten="50,3200,0" yaku="19,1,52,1" doraHai="58,40" who="2" fromWho="3" sc="185,0,160,0,309,32,346,-32" /><INIT seed="4,0,0,0,0,13" ten="185,160,341,314" oya="0" hai0="85,48,115,42,128,129,16,54,21,62,40,10,120" hai1="87,109,0,82,80,93,60,57,17,113,33,55,133" hai2="101,2,132,58,76,35,14,68,61,36,39,122,22" hai3="3,6,72,37,19,56,135,26,63,103,121,4,131"/><T29/><D120/><U9/><E109/><V52/><F2/><W30/><G37/><T74/><D74/><U51/><E133/><V32/><F122/><W23/><G72/><T112/><D29/><U95/><E113/><N who="0" m="43593" /><D10/><U28/><E0/><V38/><F101/><W70/><G121/><T97/><D97/><U125/><E125/><V110/><F132/><W47/><G135/><T27/><D85/><U99/><E28/><V111/><F76/><W69/><G131/><N who="0" m="50251" /><D62/><U123/><E33/><V34/><REACH who="2" step="1"/><F68/><REACH who="2" ten="185,160,331,314" step="2"/><W89/><G70/><T98/><D98/><U15/><E123/><V11/><F11/><W102/><G69/><T12/><D27/><U117/><E99/><V64/><F64/><W45/><G3/><T86/><D86/><U100/><E100/><V31/><F31/><W107/><G102/><T81/><D81/><U84/><E82/><V25/><F25/><W134/><G103/><T75/><D75/><U78/><E87/><V46/><F46/><AGARI ba="0,1" hai="12,16,21,40,42,46,48,54" m="50251,43593" machi="46" ten="30,11600,0" yaku="15,1,19,1,52,1,54,1" doraHai="13" who="0" fromWho="2" sc="185,126,160,0,331,-116,314,0" /><INIT seed="4,1,0,4,3,119" ten="311,160,215,314" oya="0" hai0="13,126,113,118,8,59,124,110,120,14,35,16,97" hai1="121,10,109,112,44,63,30,103,75,19,87,72,68" hai2="132,69,37,25,82,79,21,15,49,48,84,4,23" hai3="104,131,107,5,26,55,61,111,36,3,88,31,99"/><T54/><D118/><U96/><E109/><V85/><F69/><W94/><G111/><T127/><D110/><U53/><E112/><V6/><F37/><W11/><G36/><T134/><D113/><U135/><E135/><V101/><F101/><W133/><G133/><T50/><D134/><U64/><E87/><V95/><F132/><W105/><G131/><T76/><D35/><U117/><E117/><V114/><F114/><W20/><G61/><T129/><D129/><U73/><E30/><V90/><F23/><W77/><G77/><T38/><D38/><U46/><E53/><V74/><F74/><W47/><G47/><T123/><D76/><U58/><E68/><V67/><F67/><W130/><G130/><T66/><D66/><U86/><E86/><V43/><F43/><W100/><REACH who="3" step="1"/><G55/><REACH who="3" ten="311,160,215,304" step="2"/><T12/><D97/><AGARI ba="1,1" hai="3,5,11,20,26,31,88,94,97,99,100,104,105,107" machi="97" ten="30,7700,0" yaku="1,1,2,1,7,1,54,1,53,0" doraHai="119" doraHaiUra="51" who="3" fromWho="0" sc="311,-80,160,0,215,0,304,90" /><INIT seed="5,0,0,4,1,83" ten="231,160,215,394" oya="1" hai0="52,65,121,104,43,66,60,118,88,54,86,27,20" hai1="134,51,102,78,81,63,107,28,53,98,94,119,84" hai2="33,101,9,135,0,56,91,105,13,133,72,38,122" hai3="41,37,68,99,42,120,8,85,67,100,26,23,96"/><U48/><E134/><V55/><F38/><W7/><G120/><T46/><D104/><U61/><E119/><V2/><F72/><W90/><G37/><T31/><D118/><U17/><E28/><V47/><F33/><W25/><G96/><T75/><D75/><U111/><E111/><V15/><F122/><W64/><G68/><T114/><D114/><U1/><E1/><V59/><F91/><W89/><G89/><T71/><D121/><U124/><E124/><V62/><F47/><W49/><G26/><T123/><D123/><U74/><E17/><V5/><F13/><N who="3" m="5279" /><G100/><T129/><D129/><U21/><E21/><V14/><F14/><W126/><G99/><T79/><D66/><N who="3" m="25129" /><G49/><T10/><D79/><U115/><E51/><V4/><F101/><W110/><G110/><T130/><D10/><U77/><E115/><V16/><F105/><W18/><G126/><T128/><D128/><U58/><E78/><V109/><F109/><W106/><G106/><T29/><D29/><U95/><E95/><AGARI ba="0,0" hai="18,23,25,41,42,85,90,95" m="25129,5279" machi="95" ten="30,2000,0" yaku="8,1,52,1" doraHai="83" who="3" fromWho="1" sc="231,0,160,-20,215,0,394,20" /><INIT seed="6,0,0,3,1,59" ten="231,140,215,414" oya="2" hai0="133,97,38,35,111,7,73,71,23,129,80,93,77" hai1="26,50,12,78,9,127,25,60,48,95,57,49,16" hai2="135,67,79,81,53,83,72,44,1,121,113,105,63" hai3="55,31,134,58,85,112,103,122,4,33,43,20,131"/><V28/><F135/><W126/><G33/><T56/><D111/><U120/><E120/><V130/><F105/><W132/><G122/><T65/><D35/><U74/><E127/><V109/><F121/><W96/><G112/><T2/><D71/><U64/><E74/><V124/><F124/><W99/><G126/><T18/><D133/><N who="3" m="51305" /><G4/><T69/><D69/><U3/><E3/><V11/><F28/><W108/><G43/><T94/><D38/><U30/><E30/><V17/><F130/><W13/><G108/><T24/><D129/><U40/><E78/><V125/><F125/><W5/><G85/><T70/><D70/><U106/><E106/><V41/><F113/><W29/><G99/><T104/><D7/><U32/><E32/><V123/><F123/><W117/><G117/><T100/><D2/><U46/><REACH who="1" step="1"/><E95/><REACH who="1" ten="231,130,215,414" step="2"/><V68/><F109/><W102/><G131/><T89/><D94/><U8/><E8/><V128/><F128/><W62/><G29/><T19/><D104/><U39/><AGARI ba="0,1" hai="9,12,16,25,26,39,40,46,48,49,50,57,60,64" machi="39" ten="30,7900,0" yaku="1,1,0,1,52,1,54,1,53,0" doraHai="59" doraHaiUra="90" who="1" fromWho="1" sc="231,-20,130,89,215,-39,414,-20" /><INIT seed="7,0,0,0,5,106" ten="211,219,176,394" oya="3" hai0="72,17,123,2,74,133,56,50,96,5,6,94,85" hai1="101,59,19,76,119,66,15,87,9,84,90,28,64" hai2="34,57,109,80,70,130,118,127,10,38,12,58,68" hai3="120,43,36,22,107,128,115,63,126,114,121,33,91"/><W30/><G107/><T77/><D123/><U69/><E69/><V111/><F34/><W100/><G100/><N who="0" m="60439" /><D72/><U13/><E101/><V37/><F80/><W124/><G63/><T48/><D74/><U53/><E28/><V62/><F10/><W18/><G22/><T51/><D2/><U116/><E76/><V95/><F12/><W93/><G18/><T89/><D133/><U110/><E110/><V86/><F86/><N who="1" m="32809" /><E90/><V61/><F95/><W112/><G128/><T24/><D77/><U31/><E31/><V132/><F127/><W20/><G20/><N who="0" m="13327" /><D56/><U7/><E119/><V129/><REACH who="2" step="1"/><F132/><REACH who="2" ten="211,219,166,394" step="2"/><W67/><G33/><T75/><D75/><U8/><E15/><V82/><F82/><AGARI ba="0,1" hai="5,6,48,50,51,82,85,89" m="13327,60439" machi="82" ten="30,1000,0" yaku="8,1" doraHai="106" who="0" fromWho="2" sc="211,20,219,0,166,-10,394,0" owari="231,3.0,219,-18.0,156,-34.0,394,49.0" /></mjloggm>