<mjloggm ver="2.3"><GO type="97" lobby="0"/><UN n0="%E3%83%88%E3%83%88%E3%83%AA%E5%85%88%E7%94%9F%31%39%E6%AD%B3" n1="%E3%81%BE%E3%82%8B%E3%81%8A%E3%81%8D%E3%82%93%E3%81%90" n2="%E3%82%A2%E3%82%AF%E3%82%B9%E3%82%B1" n3="%6B%79%6F%73%65%6E" dan="15,13,15,15" rate="2030.08,1923.47,1962.75,1974.22" sx="F,M,M,M"/><TAIKYOKU oya="0"/><INIT seed="0,0,0,4,5,109" ten="250,250,250,250" oya="0" hai0="39,65,123,42,89,94,102,44,69,0,73,46,71" hai1="60,77,119,115,61,57,130,129,86,128,48,85,9" hai2="106,131,18,111,21,37,90,25,83,127,7,22,56" hai3="1,29,120,6,8,97,112,88,58,80,110,50,47"/><T13/><D123/><U87/><E119/><V99/><F111/><W14/><G110/><T35/><D0/><U92/><E9/><V122/><F122/><W76/><G120/><T75/><D35/><U16/><E115/><V100/><F37/><W68/><G68/><T91/><D102/><U11/><E77/><V59/><F131/><W121/><G121/><T33/><D33/><U72/><E72/><V103/><F103/><W31/><G112/><T107/><D107/><U27/><E92/><V125/><F7/><W62/><G1/><T70/><D65/><U19/><E11/><V43/><F43/><W114/><G114/><T134/><D134/><U30/><E48/><V2/><F2/><W15/><G15/><T64/><D64/><N who="1" m="38927" /><E61/><V108/><F108/><W36/><G36/><T3/><D3/><U28/><E28/><V132/><F132/><W41/><G76/><T117/><D117/><U101/><E101/><V78/><F90/><W95/><REACH who="3" step="1"/><G80/><REACH who="3" ten="250,250,250,240" step="2"/><T55/><D13/><U116/><E116/><V5/><F5/><W118/><G118/><T4/><D4/><U32/><AGARI ba="0,1" hai="16,19,27,30,32,85,86,87,128,129,130" m="38927" machi="32" ten="40,2700,0" yaku="19,1,54,1" doraHai="109" who="1" fromWho="1" sc="250,-13,250,37,250,-7,240,-7" /><INIT seed="1,0,0,0,5,7" ten="237,287,243,233" oya="1" hai0="133,42,100,61,91,33,71,0,13,17,63,77,3" hai1="64,26,78,98,87,38,9,25,124,74,34,134,88" hai2="54,109,62,119,85,35,76,68,106,37,105,8,93" hai3="84,67,96,39,29,104,12,10,114,14,16,1,113"/><U121/><E121/><V21/><F109/><W70/><G39/><T135/><D33/><U24/><E38/><V5/><F119/><W73/><G73/><T107/><D42/><U18/><E34/><V81/><F35/><W94/><G29/><T123/><D123/><U110/><E74/><V86/><F37/><W130/><G1/><N who="0" m="587" /><D71/><U47/><E134/><N who="0" m="51209" /><D77/><U131/><E124/><V52/><F21/><W75/><G75/><T99/><D91/><U82/><E131/><V89/><F68/><W122/><G130/><T19/><D19/><U59/><E110/><V27/><F27/><W69/><G122/><T44/><D44/><U53/><E64/><V103/><F103/><W60/><G70/><T45/><D45/><U118/><E47/><V23/><F23/><AGARI ba="0,0" hai="13,17,23,61,63,99,100,107" m="51209,587" machi="23" ten="30,1000,0" yaku="20,1" doraHai="7" who="0" fromWho="2" sc="237,10,287,0,243,-10,233,0" /><INIT seed="2,0,0,2,1,133" ten="247,287,233,233" oya="2" hai0="75,84,54,30,39,55,32,102,63,130,46,128,7" hai1="77,60,2,76,99,74,47,26,96,4,28,97,89" hai2="20,53,132,14,113,33,125,58,16,117,135,88,101" hai3="0,50,105,73,87,98,44,11,122,93,49,126,24"/><V19/><F117/><W36/><G122/><T83/><D75/><U114/><E114/><V43/><F113/><W61/><G73/><T106/><D7/><U31/><E74/><V51/><F43/><W90/><G61/><T131/><D63/><U91/><E2/><V29/><F101/><W110/><G110/><T22/><D32/><U10/><E60/><V124/><F33/><W18/><G18/><BYE who="3" /><T35/><D35/><U103/><E103/><V104/><F104/><W15/><G15/><T3/><D3/><U115/><E115/><V37/><F37/><W118/><G118/><T71/><D71/><U72/><E72/><V23/><F29/><N who="1" m="11337" /><E26/><N who="2" m="14599" /><F88/><N who="1" m="33865" /><E47/><UN n3="%6B%79%6F%73%65%6E" /><V67/><F67/><W9/><G36/><T100/><D39/><U120/><E120/><V17/><F17/><W13/><G0/><T64/><D64/><U82/><E82/><V134/><AGARI ba="0,0" hai="14,19,23,51,53,58,124,125,132,134,135" m="14599" machi="134" ten="40,12000,1" yaku="20,1,52,2,54,1" doraHai="133" who="2" fromWho="2" sc="247,-40,287,-40,233,120,233,-40" /><INIT seed="2,1,0,5,2,11" ten="207,247,353,193" oya="2" hai0="127,87,18,81,74,69,135,129,22,105,50,112,14" hai1="56,19,68,49,20,96,59,91,134,0,126,38,131" hai2="119,23,73,13,125,45,89,66,61,1,130,31,92" hai3="12,37,7,111,93,54,63,58,71,40,77,65,47"/><V108/><F1/><W29/><G111/><T42/><D112/><U99/><E0/><V44/><F73/><W46/><G46/><T34/><D34/><U102/><E38/><V98/><F119/><W115/><G115/><T124/><D105/><U97/><E68/><V82/><F130/><W133/><G133/><T52/><D69/><U41/><E134/><V75/><F125/><N who="0" m="48202" /><D135/><U30/><E131/><V5/><F108/><W88/><G77/><N who="0" m="46511" /><D74/><U79/><E30/><V9/><F75/><W128/><G128/><T17/><D129/><U64/><E64/><V62/><F82/><W43/><G43/><T6/><D42/><U26/><E79/><V16/><F31/><W80/><G29/><T21/><D6/><U83/><E102/><V76/><F76/><W53/><G80/><T85/><D85/><U57/><E126/><V101/><F101/><W78/><G78/><T117/><D117/><U114/><E114/><V8/><F66/><W27/><G27/><N who="0" m="14767" /><D50/><U15/><E41/><V70/><F70/><W90/><G71/><T109/><D109/><U3/><E3/><V25/><F9/><N who="3" m="4159" /><G93/><T84/><D84/><N who="1" m="50591" /><E49/><V94/><F94/><W32/><G32/><T33/><D33/><U95/><E95/><V35/><F35/><W28/><G28/><T72/><D72/><U123/><E123/><V104/><F104/><W51/><G51/><T107/><D107/><U10/><E10/><V67/><F62/><W132/><G132/><T60/><D60/><U4/><E4/><V106/><F106/><W122/><G122/><T118/><D118/><U110/><E110/><RYUUKYOKU ba="1,0" sc="207,0,247,0,353,0,193,0" hai0="14,18,22,52" hai1="15,19,20,26,56,57,59,96,97,99" hai2="5,8,13,16,23,25,44,45,61,67,89,92,98" hai3="37,40,47,53,54,58,63,65,88,90" /><INIT seed="2,2,0,5,4,74" ten="207,247,353,193" oya="2" hai0="22,5,121,134,111,93,127,82,42,9,103,65,105" hai1="50,31,11,112,70,86,122,89,7,119,15,53,132" hai2="67,115,37,4,69,2,48,106,66,118,130,10,109" hai3="128,0,135,104,81,29,12,123,49,78,23,60,51"/><V13/><F115/><W129/><G123/><T34/><D121/><U131/><E70/><V85/><F118/><W72/><G104/><T101/><D34/><U110/><E110/><V83/><F106/><W54/><G0/><T117/><D117/><U79/><E122/><V124/><F37/><W18/><G135/><T68/><D111/><U90/><E132/><V64/><F109/><W16/><G18/><T20/><D134/><U63/><E131/><N who="3" m="50250" /><G29/><T76/><D127/><U24/><E112/><V98/><F130/><W28/><G28/><T39/><D105/><U52/><E119/><V57/><F69/><W108/><G108/><T62/><D42/><U55/><E63/><V8/><F124/><W95/><G95/><T125/><D39/><U96/><E96/><V6/><F98/><W32/><G32/><T47/><D47/><U46/><E79/><V84/><F83/><W45/><G51/><T87/><D125/><U113/><E113/><V114/><F114/><W30/><G30/><T88/><D101/><U43/><REACH who="1" step="1"/><E86/><REACH who="1" ten="207,237,353,193" step="2"/><V33/><F85/><W102/><G102/><T56/><D68/><U120/><E120/><V25/><F84/><W77/><G77/><T27/><D103/><U107/><E107/><V100/><F67/><W1/><G60/><T61/><D61/><U26/><E26/><V38/><F66/><W19/><G1/><N who="0" m="175" /><D27/><U80/><E80/><V17/><F2/><W73/><G73/><N who="0" m="43279" /><D93/><U14/><E14/><V94/><F13/><W97/><G97/><T75/><D75/><U116/><E116/><V36/><F25/><W133/><G133/><RYUUKYOKU ba="2,1" sc="207,10,237,10,353,-30,193,10" hai0="20,22,56,62,65,87,88" hai1="7,11,15,24,31,43,46,50,52,53,55,89,90" hai3="12,16,19,23,45,49,54,72,78,81" /><INIT seed="3,3,1,0,0,26" ten="217,247,323,203" oya="3" hai0="5,52,93,125,20,103,135,115,59,47,111,69,48" hai1="119,122,45,43,2,73,58,35,15,94,12,13,31" hai2="83,40,55,80,42,102,16,89,17,14,76,65,90" hai3="91,6,36,30,63,98,25,105,29,116,8,109,27"/><W112/><G116/><T18/><D69/><U7/><E73/><V92/><F65/><W84/><G36/><T51/><D111/><U97/><E122/><V22/><F17/><W99/><G112/><T39/><D39/><U124/><E2/><V71/><F71/><W37/><G37/><T123/><D123/><U118/><E124/><V108/><F108/><W131/><G131/><T60/><D125/><U96/><E7/><V72/><F55/><W78/><G109/><T50/><D115/><U38/><E94/><V49/><F102/><W1/><G78/><T79/><D135/><U85/><E85/><N who="2" m="48263" /><F83/><W19/><G19/><T106/><D106/><U81/><E81/><V21/><F72/><W57/><G105/><T110/><D110/><U82/><E82/><V107/><F107/><W28/><G84/><T33/><D33/><U117/><REACH who="1" step="1"/><E58/><REACH who="1" ten="217,237,323,203" step="2"/><V88/><F92/><W70/><G70/><T46/><D5/><U67/><E67/><V41/><F22/><W54/><REACH who="3" step="1"/><G91/><REACH who="3" ten="217,237,323,193" step="2"/><T66/><D79/><U68/><E68/><V56/><F56/><W130/><G130/><T121/><D121/><U104/><E104/><V114/><F114/><W10/><G10/><T0/><D59/><U32/><E32/><V44/><AGARI ba="3,3" hai="14,16,21,40,41,42,44,49,88,89,90" m="48263" machi="44" ten="30,4000,0" yaku="8,1,54,2" doraHai="26" who="2" fromWho="2" sc="217,-13,237,-13,323,79,193,-23" owari="204,-20.0,224,2.0,402,51.0,170,-33.0" /></mjloggm>