<mjloggm ver="2.3"><GO type="97" lobby="0"/><UN n0="%E3%83%88%E3%83%88%E3%83%AA%E5%85%88%E7%94%9F%31%39%E6%AD%B3" n1="%E3%81%BE%E3%83%BC%E9%81%B8%E6%89%8B" n2="%E6%BE%A4%E6%9D%91%E6%8B%93%E4%B8%80" n3="%E3%83%92%E3%83%87%E3%82%B3" dan="14,13,13,13" rate="2010.64,1886.69,2002.48,1940.32" sx="F,M,M,M"/><TAIKYOKU oya="0"/><INIT seed="0,0,0,2,5,108" ten="250,250,250,250" oya="0" hai0="22,7,131,30,16,115,56,94,121,21,63,10,125" hai1="105,42,52,20,58,87,93,72,33,9,0,12,19" hai2="24,59,100,79,116,69,64,124,90,73,68,36,28" hai3="92,61,102,70,6,82,89,83,119,31,15,40,114"/><T109/><D121/><U104/><E72/><V112/><F36/><W122/><G119/><T123/><D123/><U44/><E33/><V67/><F112/><W4/><G122/><T32/><D115/><U97/><E87/><V34/><F116/><W84/><G114/><T130/><D125/><U41/><E41/><V13/><F100/><W117/><G117/><T113/><D113/><U57/><E57/><V17/><F124/><W91/><G40/><T98/><D109/><U85/><E85/><V8/><F59/><W134/><G134/><T75/><D75/><U135/><E135/><V47/><F90/><W43/><G43/><T18/><D32/><U78/><E78/><V99/><F99/><W49/><G31/><T120/><D120/><U107/><E107/><V60/><F47/><W71/><G49/><T80/><D80/><U14/><E0/><V81/><F67/><W27/><G27/><N who="0" m="16759" /><D21/><U66/><E66/><V128/><F128/><N who="0" m="49194" /><D7/><U38/><E9/><V53/><F53/><W129/><G129/><T1/><D10/><U101/><E12/><V37/><F37/><W26/><G15/><T29/><D29/><U62/><AGARI ba="0,0" hai="14,19,20,38,42,44,52,58,62,93,97,101,104,105" machi="62" ten="20,2700,0" yaku="0,1,7,1,54,1" doraHai="108" who="1" fromWho="1" sc="250,-13,250,27,250,-7,250,-7" /><INIT seed="1,0,0,5,3,51" ten="237,277,243,243" oya="1" hai0="75,125,68,92,115,113,36,107,60,22,7,13,95" hai1="67,17,79,71,57,76,19,83,33,131,127,124,103" hai2="16,114,29,101,102,78,55,3,59,135,119,28,30" hai3="56,34,39,65,133,49,14,91,21,88,35,38,97"/><U96/><E33/><V62/><F119/><W46/><G133/><T48/><D36/><U69/><E131/><V44/><F3/><W98/><G65/><T53/><D75/><U32/><E32/><V47/><F135/><W117/><G56/><T111/><D107/><U118/><E118/><V25/><F78/><W100/><G14/><T37/><D37/><U0/><E0/><V24/><F114/><W94/><G21/><T31/><D111/><U72/><E79/><V11/><F11/><W110/><G94/><T93/><D125/><N who="1" m="48203" /><E67/><V128/><F128/><W50/><G46/><N who="2" m="17449" /><F25/><W41/><G100/><T87/><D115/><U77/><E77/><V8/><F8/><W120/><G41/><T52/><D113/><U132/><E132/><V86/><F86/><W123/><REACH who="3" step="1"/><G110/><REACH who="3" ten="237,277,243,233" step="2"/><T112/><D112/><U126/><E126/><V43/><F43/><W84/><G84/><T58/><D87/><U18/><E57/><V82/><F82/><W15/><G15/><T10/><D68/><U26/><E26/><V40/><F40/><W106/><G106/><AGARI ba="0,1" hai="17,18,19,69,71,72,76,83,96,103,106" m="48203" machi="106" ten="30,1500,0" yaku="18,1" doraHai="51" who="1" fromWho="3" sc="237,0,277,25,243,0,233,-15" /><INIT seed="1,1,0,1,4,91" ten="237,302,243,218" oya="1" hai0="10,105,131,30,17,80,90,116,118,59,83,2,133" hai1="44,109,56,70,46,13,63,12,25,47,52,32,78" hai2="119,134,87,81,124,51,67,102,6,85,41,8,31" hai3="40,72,130,77,15,101,93,58,99,97,39,71,43"/><U66/><E78/><V73/><F119/><W62/><G130/><T75/><D105/><U22/><E32/><V88/><F73/><W57/><G71/><T76/><D131/><U65/><E109/><V69/><F124/><W100/><G77/><T9/><D133/><U114/><E114/><V120/><F120/><W24/><G72/><T117/><D30/><N who="1" m="17719" /><E70/><V111/><F111/><W14/><G39/><T127/><D127/><U18/><E12/><N who="2" m="5143" /><F69/><W38/><G38/><T7/><D59/><U123/><E123/><V74/><F74/><W84/><G84/><T94/><D83/><U108/><E108/><V28/><F67/><W3/><G3/><T113/><D113/><U54/><E66/><V82/><F102/><W125/><G24/><T50/><D116/><U0/><E0/><V26/><F26/><W20/><G20/><AGARI ba="1,0" hai="13,18,20,44,46,47,52,54,56,63,65" m="17719" machi="20" ten="30,2900,0" yaku="8,1,54,1" doraHai="91" who="1" fromWho="3" sc="237,0,302,32,243,0,218,-32" /><INIT seed="1,2,0,4,3,6" ten="237,334,243,186" oya="1" hai0="98,16,60,56,123,131,3,90,29,132,30,118,36" hai1="35,93,43,77,2,18,57,23,14,135,37,133,64" hai2="9,92,58,114,134,24,15,106,45,120,97,47,119" hai3="32,73,38,130,5,126,33,122,63,34,26,125,19"/><U107/><E107/><V4/><F106/><W85/><G73/><T7/><D118/><U75/><E35/><V78/><F120/><W52/><G38/><T117/><D117/><U21/><E2/><V110/><F119/><W27/><G122/><T108/><D36/><U55/><E64/><V76/><F110/><W59/><G130/><T65/><D123/><U42/><E37/><V8/><F134/><N who="1" m="51209" /><E93/><V17/><F114/><W41/><G41/><T83/><D132/><U102/><E102/><V50/><F58/><W72/><G72/><T129/><D108/><U13/><E13/><N who="2" m="7343" /><F24/><W105/><G105/><T82/><D7/><U68/><E68/><V121/><F121/><W61/><G61/><T74/><D3/><U70/><E70/><V53/><F47/><W84/><G5/><T124/><D74/><U111/><E111/><V112/><F112/><W11/><G27/><T12/><D129/><U94/><E94/><V10/><F10/><W22/><REACH who="3" step="1"/><G11/><REACH who="3" ten="237,334,243,176" step="2"/><N who="0" m="6175" /><D131/><U80/><E23/><V28/><F28/><W1/><G1/><T100/><D30/><U25/><E25/><V48/><F48/><AGARI ba="2,1" hai="14,18,21,42,43,48,55,57,75,77,80" m="51209" machi="48" ten="30,1500,0" yaku="20,1" doraHai="6" who="1" fromWho="2" sc="237,0,334,31,243,-21,176,0" /><INIT seed="1,3,0,2,1,126" ten="237,365,222,176" oya="1" hai0="86,37,63,133,46,135,68,5,59,111,31,32,62" hai1="85,108,116,4,97,100,50,76,114,127,0,117,78" hai2="129,105,82,60,110,79,3,10,93,121,72,130,34" hai3="132,58,122,26,112,88,53,24,113,109,11,45,80"/><U18/><E114/><V84/><F121/><W30/><G122/><T12/><D68/><U94/><E127/><V22/><F34/><W65/><G132/><N who="0" m="50763" /><D111/><U98/><E18/><V21/><F110/><W61/><G109/><T44/><D37/><U41/><E108/><V115/><F105/><W38/><G11/><N who="0" m="4207" /><D63/><U83/><E4/><N who="2" m="1311" /><F60/><W20/><G38/><T119/><D119/><N who="1" m="45643" /><E0/><V71/><F71/><W19/><G45/><T57/><D57/><U101/><E50/><V47/><F47/><W120/><G120/><T23/><D32/><U92/><E41/><V16/><F115/><W51/><G51/><T13/><D86/><U69/><E69/><V14/><F93/><W66/><G113/><T106/><D106/><U6/><E6/><V103/><F103/><W77/><G112/><T56/><D56/><U134/><E134/><V49/><F49/><W55/><G66/><T124/><D124/><U70/><E70/><V2/><F2/><W107/><G107/><T27/><D13/><U87/><E87/><V102/><F102/><W67/><G67/><AGARI ba="3,0" hai="23,27,31,44,46,59,62,67" m="4207,50763" machi="67" ten="30,1000,0" yaku="20,1" doraHai="126" who="0" fromWho="3" sc="237,19,365,0,222,0,176,-19" /><INIT seed="2,0,0,3,5,32" ten="256,365,222,157" oya="2" hai0="82,85,132,22,87,126,5,94,57,34,70,58,25" hai1="67,69,116,101,71,27,123,49,128,42,108,62,44" hai2="110,40,63,19,13,72,73,20,31,118,84,4,46" hai3="88,91,124,50,129,61,133,7,121,125,92,135,6"/><V3/><F118/><W103/><G61/><T65/><D132/><N who="3" m="50761" /><G50/><T1/><D70/><U38/><E116/><V60/><F110/><W26/><G26/><T122/><D34/><U21/><E123/><V51/><F31/><W102/><G7/><T77/><D122/><U83/><E108/><V113/><F113/><W95/><G6/><T41/><D126/><N who="3" m="48745" /><G121/><T14/><D1/><U17/><E128/><V97/><F63/><W2/><G2/><T99/><D85/><U35/><E35/><V89/><F60/><W29/><G29/><N who="0" m="17591" /><D41/><U9/><E101/><N who="3" m="38410" /><G129/><T36/><D65/><U112/><E112/><V39/><F39/><W10/><G10/><N who="0" m="4431" /><D36/><U11/><E38/><V111/><F111/><W18/><G18/><T47/><D47/><U130/><E130/><V106/><F4/><W16/><G16/><T131/><D131/><U30/><E71/><V64/><F3/><W48/><G48/><T120/><D120/><U66/><E66/><V59/><F64/><W0/><G0/><T33/><D33/><U78/><E30/><V37/><F37/><W75/><G75/><AGARI ba="0,0" hai="9,11,17,21,27,42,44,49,62,67,69,75,78,83" machi="75" ten="30,1000,0" yaku="7,1" doraHai="32" who="1" fromWho="3" sc="256,0,365,10,222,0,157,-10" /><INIT seed="3,0,0,2,0,107" ten="256,375,222,147" oya="3" hai0="8,114,25,48,102,119,133,68,65,32,91,4,28" hai1="92,56,35,46,79,105,128,132,10,70,120,2,88" hai2="74,129,89,67,26,33,115,57,15,14,19,51,52" hai3="0,63,90,40,47,24,69,113,134,81,100,5,60"/><W94/><G113/><T27/><D119/><U126/><E70/><V106/><F115/><W96/><G134/><T1/><D114/><U43/><E120/><V21/><F106/><W85/><G69/><T29/><D133/><U82/><E132/><V123/><F129/><W111/><G111/><T12/><D102/><U45/><E128/><V71/><F123/><W39/><G5/><T23/><D48/><U11/><E126/><V31/><F74/><W83/><G0/><T64/><D68/><U104/><E35/><V76/><F76/><W125/><G125/><T135/><D135/><U22/><E56/><V6/><F6/><W103/><G24/><T130/><D130/><U30/><E46/><V44/><F71/><W53/><G103/><T84/><D1/><U73/><E2/><V55/><F67/><W99/><G99/><T54/><D54/><U72/><E72/><V17/><F89/><W75/><REACH who="3" step="1"/><G53/><REACH who="3" ten="256,375,222,137" step="2"/><T62/><D65/><U110/><E110/><V59/><F55/><W61/><G61/><T9/><D64/><U97/><E97/><V77/><REACH who="2" step="1"/><F77/><AGARI ba="0,1" hai="39,40,47,60,63,75,77,81,83,85,90,94,96,100" machi="77" ten="40,3900,0" yaku="1,1,52,1,53,0" doraHai="107" doraHaiUra="34" who="3" fromWho="2" sc="256,0,375,0,222,-39,137,49" /><INIT seed="3,1,0,2,3,102" ten="256,375,183,186" oya="3" hai0="7,46,99,132,71,95,62,39,38,32,23,116,33" hai1="109,14,19,65,125,98,44,12,54,37,67,22,59" hai2="124,84,134,3,103,74,50,51,9,43,49,88,25" hai3="77,70,60,83,41,79,131,48,0,133,26,64,87"/><W81/><G0/><T115/><D116/><U72/><E72/><V76/><F74/><W135/><G131/><T15/><D132/><U127/><E109/><V61/><F124/><N who="1" m="47689" /><E98/><V56/><F134/><N who="3" m="51211" /><G26/><T118/><D118/><U111/><E111/><V122/><F76/><N who="3" m="29259" /><G87/><T121/><D121/><U110/><E110/><V40/><F122/><W90/><G90/><T100/><D115/><U27/><E37/><V80/><F103/><W73/><G73/><T6/><D23/><N who="1" m="11751" /><E14/><V93/><F25/><W128/><G128/><T130/><D130/><U117/><E44/><AGARI ba="1,0" hai="41,44,48,60,64,70,81,83" m="29259,51211" machi="44" ten="30,1500,0" yaku="20,1" doraHai="102" who="3" fromWho="1" sc="256,0,375,-18,183,0,186,18" /><INIT seed="3,2,0,3,0,61" ten="256,357,183,204" oya="3" hai0="42,120,30,18,106,35,103,29,87,83,119,126,86" hai1="71,47,48,88,121,124,55,62,11,46,107,73,9" hai2="100,116,133,24,43,0,64,21,49,53,39,51,127" hai3="90,50,114,16,78,14,118,12,84,37,57,102,56"/><W130/><G118/><T4/><D119/><U59/><E73/><V40/><F116/><W125/><G114/><T115/><D120/><U99/><E121/><V104/><F0/><W112/><G112/><T91/><D115/><U82/><E124/><V65/><F39/><W70/><G37/><T23/><D126/><U6/><E107/><V33/><F127/><W36/><G36/><T105/><D42/><N who="2" m="15914" /><F33/><W101/><G125/><T13/><D4/><U75/><E75/><V134/><F100/><N who="3" m="38507" /><G70/><T92/><D35/><U67/><E11/><V80/><F104/><W66/><G130/><T132/><D132/><N who="2" m="50794" /><F80/><N who="3" m="49415" /><G78/><T68/><D68/><U52/><E55/><V15/><F15/><W74/><G74/><T32/><D32/><U77/><E77/><V41/><N who="2" m="15922" /><V28/><DORA hai="79" /><F51/><W60/><G16/><N who="0" m="10639" /><D106/><U34/><E34/><V45/><AGARI ba="2,0" hai="21,24,28,45,49,53,64,65" m="50794,15922" machi="45" ten="40,5200,0" yaku="20,1,52,2" doraHai="61,79" who="2" fromWho="2" sc="256,-15,357,-15,183,58,204,-28" owari="241,4.0,342,44.0,241,-16.0,176,-32.0" /></mjloggm>