<mjloggm ver="2.3"><GO type="97" lobby="0"/><UN n0="%E3%83%88%E3%83%A0%E3%83%BC" n1="%E4%B8%89%E4%BD%90" n2="%5A%55%41%4C%30%31%32%32" n3="%E5%B0%B1%E6%B4%BB%E7%94%9F%40%E5%B7%9D%E6%9D%91%E8%BB%8D%E5%9B%A3" dan="14,14,15,16" rate="1956.40,1889.03,2057.71,2050.47" sx="F,M,M,M"/><TAIKYOKU oya="0"/><INIT seed="0,0,0,4,3,26" ten="250,250,250,250" oya="0" hai0="97,112,67,9,32,124,91,38,88,101,7,78,27" hai1="131,85,70,83,30,130,102,39,60,123,53,35,21" hai2="1,15,99,120,0,133,118,5,69,71,87,134,95" hai3="48,75,122,73,19,84,113,50,10,79,126,47,129"/><T16/><D112/><U18/><E39/><V108/><F120/><W29/><G113/><T55/><D38/><U65/><E102/><V8/><F108/><W96/><G122/><T82/><D124/><U103/><E103/><V110/><F110/><W13/><G129/><T132/><D132/><N who="2" m="50794" /><F118/><W23/><G126/><T104/><D67/><U3/><E3/><V72/><F72/><W80/><G50/><T36/><D36/><U24/><E123/><V25/><F87/><W115/><G115/><T61/><D32/><U57/><E85/><V59/><F59/><W66/><G66/><T86/><D55/><U12/><REACH who="1" step="1"/><E83/><REACH who="1" ten="250,240,250,250" step="2"/><V119/><F119/><W106/><G106/><T45/><D61/><AGARI ba="0,1" hai="12,18,21,24,30,35,53,57,60,61,65,70,130,131" machi="61" ten="40,8000,1" yaku="1,1,2,1,52,1,53,1" doraHai="26" doraHaiUra="62" who="1" fromWho="0" sc="250,-80,240,90,250,0,250,0" /><INIT seed="1,0,0,4,5,32" ten="170,330,250,250" oya="1" hai0="57,22,76,77,132,62,117,101,47,14,52,3,115" hai1="36,24,1,116,56,38,28,84,78,93,125,75,10" hai2="134,110,89,135,2,53,124,85,50,95,108,68,45" hai3="128,63,74,94,66,133,96,98,79,4,70,43,112"/><U11/><E116/><V82/><F68/><W122/><G112/><T8/><D115/><U33/><E125/><V130/><F124/><W49/><G122/><T111/><D117/><U37/><E1/><V39/><F39/><W120/><G120/><T106/><D111/><N who="2" m="42538" /><F130/><W55/><G128/><T51/><D132/><N who="2" m="50730" /><F2/><W131/><G131/><T6/><D106/><U91/><REACH who="1" step="1"/><E56/><REACH who="1" ten="170,320,250,250" step="2"/><V65/><F65/><W58/><G66/><T121/><D121/><U97/><E97/><V67/><F67/><W7/><G96/><T102/><D102/><U31/><E31/><V23/><F23/><W90/><G58/><T92/><D101/><U105/><E105/><V88/><F89/><W35/><G90/><T12/><D92/><AGARI ba="0,1" hai="45,50,53,82,85,88,92,95" m="50730,42538" machi="92" ten="30,3900,0" yaku="14,1,20,1,54,1" doraHai="32" who="2" fromWho="0" sc="170,-39,320,0,250,49,250,0" /><INIT seed="2,0,0,5,0,110" ten="131,320,299,250" oya="2" hai0="78,13,124,106,60,125,71,98,24,83,55,44,45" hai1="87,61,128,65,64,85,82,75,34,63,67,105,30" hai2="99,1,107,100,120,9,84,52,38,70,12,56,50" hai3="22,132,127,118,46,53,39,8,18,54,41,121,0"/><V103/><F38/><W3/><G121/><T33/><D13/><U11/><E105/><V32/><F32/><W36/><G36/><T19/><D19/><U93/><E75/><V101/><F120/><W27/><G118/><T59/><D71/><U123/><E123/><V126/><F70/><W43/><G43/><T62/><D62/><U114/><E114/><V90/><F1/><W80/><G127/><T92/><D106/><U134/><E134/><V66/><F66/><W79/><G132/><T58/><D58/><U131/><E11/><V77/><F77/><W2/><REACH who="3" step="1"/><G8/><REACH who="3" ten="131,320,299,240" step="2"/><T14/><D124/><U76/><E131/><V37/><F37/><W69/><G69/><T104/><D125/><U17/><E128/><V15/><F126/><W135/><G135/><T35/><D104/><U73/><E65/><V7/><REACH who="2" step="1"/><F15/><REACH who="2" ten="131,320,289,240" step="2"/><W74/><AGARI ba="0,2" hai="0,2,3,18,22,27,39,41,46,53,54,74,79,80" machi="74" ten="30,4000,0" yaku="1,1,0,1,53,1" doraHai="110" doraHaiUra="21" who="3" fromWho="3" sc="131,-10,320,-10,289,-20,240,60" /><INIT seed="3,0,0,1,1,108" ten="121,310,269,300" oya="3" hai0="2,120,23,134,79,91,5,80,94,97,58,56,7" hai1="70,88,135,72,47,24,86,9,122,90,26,61,98" hai2="116,49,93,65,22,57,17,127,41,105,29,68,8" hai3="67,52,45,111,18,36,1,33,50,117,59,123,121"/><W38/><G33/><T115/><D120/><N who="3" m="46153" /><G1/><T106/><D134/><U31/><E72/><V0/><F105/><W125/><G18/><T25/><D2/><U3/><E122/><V75/><F116/><W124/><G111/><T51/><D58/><U87/><E135/><V112/><F127/><N who="3" m="48715" /><G117/><T99/><D99/><U69/><E3/><V13/><F75/><W14/><G14/><T109/><D109/><U43/><E98/><V28/><F68/><W92/><G92/><T130/><D130/><U34/><E9/><V126/><F126/><W118/><G118/><T32/><D32/><U71/><E24/><V89/><F112/><W113/><G113/><T19/><D106/><U110/><E110/><V40/><F0/><W6/><G6/><T48/><D115/><U107/><E107/><V60/><F8/><W54/><G67/><T73/><D48/><AGARI ba="0,0" hai="36,38,45,48,50,52,54,59" m="48715,46153" machi="48" ten="30,11600,0" yaku="18,1,34,2,54,1" doraHai="108" who="3" fromWho="0" sc="121,-116,310,0,269,0,300,116" owari="5,-49.0,310,11.0,269,-13.0,416,51.0" /></mjloggm>