<mjloggm ver="2.3"><GO type="169" lobby="0"/><UN n0="%E3%83%A4%E3%82%AD%E3%83%B3" n1="%E7%A9%B6%E6%A5%B5%41%49" n2="%64%61%6E%6E%63%68%69" n3="%E5%B0%B1%E6%B4%BB%E7%94%9F%40%E5%B7%9D%E6%9D%91%E8%BB%8D%E5%9B%A3" dan="17,16,16,17" rate="2152.26,2049.20,2107.96,2224.86" sx="M,M,M,M"/><TAIKYOKU oya="0"/><INIT seed="0,0,0,0,4,20" ten="250,250,250,250" oya="0" hai0="33,24,97,133,86,130,75,27,126,15,52,108,91" hai1="42,25,87,72,47,117,80,2,63,29,70,121,41" hai2="122,58,16,38,40,48,32,34,57,83,3,18,31" hai3="112,113,123,89,71,66,8,0,120,127,49,77,99"/><T76/><D33/><U107/><E121/><N who="3" m="46666" /><G77/><T84/><D75/><U82/><E117/><V118/><F118/><W119/><G119/><T21/><D126/><U78/><E2/><V30/><F3/><W125/><G99/><T98/><D133/><U115/><E107/><V88/><F38/><W1/><G89/><T128/><D108/><U12/><E115/><N who="3" m="44106" /><G8/><T56/><D76/><U13/><E82/><V62/><F122/><W73/><G73/><T135/><D135/><U79/><E79/><V45/><F83/><W19/><G19/><N who="0" m="10495" /><D128/><U61/><E72/><V17/><F88/><W96/><G96/><N who="0" m="36971" /><D130/><U14/><E70/><V104/><F104/><W69/><G66/><T111/><D111/><U46/><E87/><N who="0" m="33321" /><D91/><U59/><E80/><V134/><F134/><W116/><G116/><T100/><D100/><U102/><E78/><V93/><F93/><W64/><G64/><T68/><D68/><N who="3" m="26185" /><G49/><AGARI ba="0,0" hai="24,27,49,52,56" m="33321,36971,10495" machi="49" ten="30,11600,0" yaku="8,1,52,2,54,1" doraHai="20" who="0" fromWho="3" sc="250,116,250,0,250,0,250,-116" /><INIT seed="0,1,0,1,0,67" ten="366,250,250,134" oya="0" hai0="82,4,48,89,105,46,34,33,29,75,55,14,116" hai1="42,20,117,30,73,57,125,37,98,58,102,131,71" hai2="109,127,3,6,27,114,86,90,66,121,23,63,35" hai3="15,10,11,108,68,87,124,36,49,81,61,80,41"/><T70/><D105/><U47/><E117/><V96/><F121/><W44/><G108/><T132/><D116/><U85/><E73/><V43/><F114/><W118/><G118/><T84/><D75/><U97/><E125/><V115/><F115/><W39/><G124/><T101/><D101/><U133/><E133/><V76/><F127/><W104/><G104/><T69/><D132/><U112/><E112/><V62/><F35/><W126/><G126/><T53/><D53/><U88/><E131/><V103/><F76/><W19/><G80/><T32/><REACH who="0" step="1"/><D29/><REACH who="0" ten="356,250,250,134" step="2"/><U56/><E102/><V94/><F103/><W100/><G100/><T78/><D78/><U91/><E91/><V99/><F90/><W122/><G122/><T16/><D16/><U8/><E30/><V2/><F43/><W21/><G39/><T26/><D26/><U45/><E37/><V0/><F27/><W5/><G36/><T77/><D77/><U64/><E42/><V28/><F28/><W107/><G107/><T13/><D13/><U130/><E130/><V59/><F3/><W135/><G135/><T17/><D17/><U79/><E79/><V38/><F2/><W93/><G5/><T129/><D129/><U74/><E74/><V24/><F38/><W51/><G19/><T113/><D113/><U18/><E88/><V106/><F6/><W95/><G15/><T9/><AGARI ba="1,1" hai="4,9,14,32,33,34,46,48,55,69,70,82,84,89" machi="9" ten="40,12000,1" yaku="1,1,0,1,52,2,53,1" doraHai="67" doraHaiUra="7" who="0" fromWho="0" sc="356,133,250,-41,250,-41,134,-41" /><INIT seed="0,2,0,0,2,134" ten="489,209,209,93" oya="0" hai0="40,52,47,12,20,100,18,31,46,118,0,19,57" hai1="125,105,65,73,115,11,33,68,116,44,102,97,25" hai2="84,130,83,43,8,60,92,98,34,101,13,128,91" hai3="109,4,126,26,23,77,129,72,7,5,17,51,45"/><T41/><D0/><U69/><E11/><V123/><F34/><W82/><G109/><T50/><D118/><U58/><E58/><V76/><F123/><W119/><G119/><T64/><D100/><U127/><E44/><V103/><F43/><W90/><G129/><N who="2" m="49769" /><F60/><W24/><G90/><T86/><D64/><U81/><E116/><V21/><F21/><W108/><G108/><T88/><D31/><N who="1" m="19695" /><E115/><V114/><F114/><W110/><G110/><T132/><D132/><U113/><E113/><V14/><F14/><W96/><G96/><T37/><D19/><AGARI ba="2,0" hai="8,13,19,76,83,84,91,92,98,101,103" m="49769" machi="19" ten="30,1000,0" yaku="19,1" doraHai="134" who="2" fromWho="0" sc="489,-16,209,0,209,16,93,0" /><INIT seed="1,0,0,3,2,29" ten="473,209,225,93" oya="1" hai0="51,41,68,45,118,124,105,106,92,37,119,82,42" hai1="117,17,110,16,91,108,134,85,69,46,112,58,26" hai2="22,10,127,3,129,9,67,48,98,120,90,39,131" hai3="102,66,36,76,97,34,135,114,44,101,1,87,40"/><U57/><E69/><V77/><F39/><W81/><G114/><T65/><D92/><U24/><E112/><V50/><F120/><W74/><G135/><T23/><D23/><U104/><E104/><V53/><F77/><W89/><G66/><T54/><D82/><U130/><E117/><V116/><F67/><W14/><G1/><T6/><D6/><U13/><E134/><V122/><F122/><W27/><G14/><T88/><D42/><U96/><E96/><V2/><F127/><W72/><G72/><T64/><D124/><U83/><E46/><V62/><F22/><W61/><G61/><N who="0" m="39951" /><D65/><U28/><E130/><V126/><F126/><W15/><G15/><T47/><D88/><U55/><E58/><V33/><F90/><W11/><G11/><T18/><D18/><U93/><E83/><V99/><F53/><W32/><G27/><T35/><D35/><U107/><E107/><V125/><F125/><W59/><G59/><N who="0" m="33247" /><D105/><U111/><E28/><V73/><F62/><W84/><G84/><T109/><D106/><U20/><REACH who="1" step="1"/><E17/><REACH who="1" ten="473,199,225,93" step="2"/><V132/><F132/><W30/><G30/><T63/><D47/><U19/><E19/><V86/><F116/><W21/><G97/><T52/><D119/><U94/><E94/><V113/><F113/><W71/><G71/><T95/><D95/><U78/><E78/><V133/><F133/><W79/><G79/><T75/><D118/><U100/><E100/><N who="3" m="38506" /><G76/><T56/><D75/><U38/><E38/><V7/><F73/><W8/><G74/><T80/><D80/><U49/><AGARI ba="0,1" hai="13,16,20,24,26,49,55,57,85,91,93,108,110,111" machi="49" ten="30,18000,2" yaku="1,1,0,1,25,2,14,1,10,1,54,1,53,0" doraHai="29" doraHaiUra="60" who="1" fromWho="1" sc="473,-60,199,190,225,-60,93,-60" /><INIT seed="1,1,0,5,1,117" ten="413,389,165,33" oya="1" hai0="4,96,21,105,122,39,19,51,33,58,94,49,80" hai1="66,63,16,77,6,78,43,84,50,79,59,26,42" hai2="101,106,111,132,65,52,81,57,32,1,67,118,15" hai3="107,109,20,9,134,97,116,90,48,37,64,38,76"/><U70/><E6/><V100/><F1/><W114/><G114/><T98/><D39/><U102/><E102/><V85/><F118/><W44/><G116/><T25/><D105/><U45/><E70/><V124/><F32/><W7/><G109/><T95/><D33/><U75/><E75/><V72/><F72/><W110/><G110/><T30/><D4/><U130/><E130/><V46/><F111/><W5/><G134/><T34/><D80/><U129/><E129/><V29/><F132/><W108/><G108/><T35/><D35/><U135/><E135/><V18/><F29/><W120/><G76/><T99/><D122/><U53/><E84/><V56/><F46/><W125/><G64/><N who="2" m="24649" /><F57/><W31/><G120/><T74/><D74/><U126/><E126/><V119/><F106/><W13/><G5/><T11/><D34/><U14/><REACH who="1" step="1"/><E26/><REACH who="1" ten="413,379,165,33" step="2"/><V104/><F124/><W92/><G125/><T128/><D128/><U23/><AGARI ba="1,1" hai="14,16,23,42,43,45,50,53,59,63,66,77,78,79" machi="23" ten="30,12000,1" yaku="1,1,2,1,0,1,8,1,54,1,53,0" doraHai="117" doraHaiUra="0" who="1" fromWho="1" sc="413,-41,379,133,165,-41,33,-41" owari="372,17.0,512,62.0,124,-28.0,-8,-51.0" /></mjloggm>