<mjloggm ver="2.3"><GO type="97" lobby="0"/><UN n0="%E5%B0%B1%E6%B4%BB%E7%94%9F%40%E5%B7%9D%E6%9D%91%E8%BB%8D%E5%9B%A3" n1="%41%54%4C%45" n2="%6D%6F%62%6F%32%36" n3="%E9%A6%AC%E9%B9%BF%E3%81%A0%E3%81%AA%E4%BF%BA" dan="14,13,14,14" rate="1945.09,1951.03,1945.65,1969.09" sx="M,M,M,M"/><TAIKYOKU oya="0"/><INIT seed="0,0,0,1,2,132" ten="250,250,250,250" oya="0" hai0="80,23,24,39,42,30,9,135,11,26,125,67,83" hai1="79,123,78,110,20,81,17,3,34,121,112,21,127" hai2="22,10,52,74,54,65,8,51,46,36,100,35,59" hai3="14,31,87,40,19,89,18,7,76,126,128,43,115"/><T120/><D135/><U75/><E34/><V47/><F35/><W86/><G115/><T53/><D120/><U64/><E112/><V70/><F74/><W101/><G101/><T105/><D105/><U103/><E103/><V68/><F100/><W88/><G128/><T106/><D106/><U13/><E3/><V6/><F22/><W15/><G76/><T57/><D67/><U44/><E64/><V71/><F8/><N who="0" m="3146" /><D39/><U16/><E44/><V2/><F2/><W104/><G104/><T93/><D42/><U66/><E66/><V131/><F131/><W0/><G0/><T98/><D26/><U1/><E1/><V33/><F33/><W25/><G25/><T99/><D125/><U73/><E110/><V107/><F107/><W134/><G134/><T41/><D41/><U38/><E38/><V119/><F119/><W85/><G31/><T95/><D95/><U62/><E62/><N who="2" m="38111" /><F10/><W129/><G129/><T116/><D116/><U37/><E37/><V27/><F27/><W133/><G133/><T32/><D32/><U45/><E45/><V118/><F6/><W111/><G111/><T90/><D99/><U12/><E81/><V122/><F118/><W77/><G7/><T130/><D130/><U117/><E117/><V113/><F113/><W4/><G4/><T91/><D91/><U114/><E114/><V5/><F5/><W94/><G89/><T102/><D102/><U72/><E75/><V92/><F122/><W56/><G77/><T55/><D55/><U58/><E58/><V109/><F109/><W60/><G56/><T48/><AGARI ba="0,0" hai="23,24,30,48,53,57,80,83,90,93,98" m="3146" machi="48" ten="30,3000,0" yaku="5,1,8,1" doraHai="132" who="0" fromWho="0" sc="250,30,250,-10,250,-10,250,-10" /><INIT seed="0,1,0,2,0,121" ten="280,240,240,240" oya="0" hai0="49,14,108,53,1,26,86,76,64,16,116,0,33" hai1="61,19,59,62,125,30,132,42,44,69,88,25,73" hai2="48,87,119,85,97,83,8,115,117,100,31,105,81" hai3="45,3,99,66,75,43,126,123,5,24,79,94,74"/><T36/><D116/><N who="2" m="44618" /><F31/><W109/><G123/><T134/><D36/><U131/><E73/><V7/><F48/><W46/><G126/><T21/><D134/><U54/><E125/><V113/><F8/><W39/><G46/><T103/><D103/><U2/><E2/><V20/><F20/><W95/><G66/><T78/><D64/><U101/><E132/><V82/><F7/><W11/><G95/><T68/><D68/><U71/><E101/><V9/><F9/><W22/><G79/><T128/><D128/><U23/><E131/><V32/><F32/><W35/><G35/><T28/><D108/><U50/><E62/><V6/><F6/><W4/><G5/><T77/><REACH who="0" step="1"/><D86/><AGARI ba="1,0" hai="81,82,83,85,86,87,97,100,105,113,115" m="44618" machi="86" ten="30,3900,0" yaku="12,1,34,2" doraHai="121" who="2" fromWho="0" sc="280,-42,240,0,240,42,240,0" /><INIT seed="1,0,0,5,2,120" ten="238,240,282,240" oya="1" hai0="25,44,24,115,73,76,110,54,37,86,134,100,75" hai1="91,89,116,113,59,13,103,53,111,77,78,21,64" hai2="42,26,22,93,66,104,79,56,90,122,46,106,23" hai3="33,40,9,108,38,109,119,94,28,34,51,95,81"/><U49/><E116/><V20/><F122/><W57/><G38/><T27/><D115/><U70/><E113/><V0/><F0/><W36/><G36/><T39/><D134/><U61/><E103/><V12/><F79/><W74/><G119/><T105/><D105/><U17/><E111/><N who="3" m="42570" /><G9/><T82/><D100/><U14/><E91/><V80/><F12/><W3/><G3/><T58/><D39/><U117/><E117/><V126/><F80/><W85/><G74/><T31/><D31/><U114/><E114/><V5/><F5/><W30/><G30/><T16/><D110/><U130/><E130/><V41/><F26/><N who="3" m="18583" /><G34/><T125/><D125/><U47/><E14/><V10/><F126/><W92/><G57/><T60/><REACH who="0" step="1"/><D16/><REACH who="0" ten="228,240,282,240" step="2"/><U132/><E132/><V127/><F127/><W128/><G128/><T84/><D84/><U67/><E70/><V87/><F106/><W35/><G35/><T63/><D63/><U102/><E102/><V129/><F104/><W7/><G7/><T45/><D45/><U71/><E71/><V52/><F129/><W98/><G98/><T43/><AGARI ba="0,1" hai="24,25,27,37,43,44,54,58,60,73,75,76,82,86" machi="43" ten="30,2000,0" yaku="1,1,0,1,53,0" doraHai="120" doraHaiUra="124" who="0" fromWho="0" sc="228,30,240,-10,282,-5,240,-5" /><INIT seed="2,0,0,1,1,50" ten="258,230,277,235" oya="2" hai0="110,93,64,67,116,40,2,37,68,39,26,55,79" hai1="14,53,57,133,7,4,3,60,27,128,69,52,6" hai2="89,1,108,8,58,80,126,15,56,91,75,120,0" hai3="49,18,92,121,36,24,111,13,22,12,118,54,70"/><V100/><F120/><W132/><G36/><N who="0" m="13899" /><D2/><U125/><E69/><V107/><F126/><W73/><G73/><T130/><D93/><U33/><E125/><V72/><F107/><W25/><G121/><T74/><D79/><U10/><E133/><V61/><F100/><W119/><G70/><T103/><D103/><U16/><E128/><V86/><F108/><W97/><G132/><T29/><D29/><N who="1" m="19647" /><E53/><V48/><F48/><W30/><G111/><T31/><D31/><U77/><E77/><V114/><F114/><W47/><G118/><T9/><D26/><U113/><E113/><V112/><F112/><W76/><G76/><T34/><D34/><U84/><E84/><V11/><F61/><W46/><G46/><T65/><D9/><U59/><E57/><V19/><F86/><W124/><G119/><T105/><D105/><U134/><E134/><V20/><F15/><W32/><REACH who="3" step="1"/><G124/><REACH who="3" ten="258,230,277,225" step="2"/><T99/><D74/><U87/><E87/><V42/><F75/><W17/><G17/><T95/><D110/><U102/><E102/><AGARI ba="0,1" hai="12,13,18,22,24,25,30,32,47,49,54,92,97,102" machi="102" ten="30,3900,0" yaku="1,1,7,1,52,1,53,0" doraHai="50" doraHaiUra="71" who="3" fromWho="1" sc="258,0,230,-39,277,0,225,49" /><INIT seed="3,0,0,2,2,121" ten="258,191,277,274" oya="3" hai0="119,115,65,12,33,1,44,16,95,31,117,86,21" hai1="116,108,104,101,85,7,46,100,58,70,125,18,10" hai2="28,78,22,56,71,60,11,83,124,109,80,111,73" hai3="133,63,14,57,135,54,107,61,127,0,51,45,17"/><W62/><G0/><T102/><D115/><U110/><E70/><V35/><F124/><W48/><G107/><T112/><D112/><U118/><E125/><V69/><F35/><W8/><REACH who="3" step="1"/><G127/><REACH who="3" ten="258,191,277,264" step="2"/><T9/><D1/><N who="1" m="367" /><E104/><V3/><F3/><W66/><G66/><T98/><D65/><U39/><E58/><V37/><F56/><W131/><G131/><T94/><D117/><N who="1" m="45163" /><E85/><V130/><F130/><W93/><G93/><T55/><D119/><U81/><E81/><V103/><F80/><W49/><G49/><N who="0" m="29095" /><D33/><U126/><E126/><V89/><F69/><W84/><G84/><T23/><D31/><U15/><E46/><V77/><F71/><W38/><G38/><T67/><D67/><U53/><E39/><V82/><F37/><W34/><G34/><T97/><D86/><U47/><E47/><V68/><F28/><W41/><AGARI ba="0,1" hai="8,14,17,41,45,48,51,54,57,61,62,63,133,135" machi="41" ten="30,3000,0" yaku="1,1,0,1,53,0" doraHai="121" doraHaiUra="27" who="3" fromWho="3" sc="258,-10,191,-10,277,-10,264,40" owari="248,-15.0,181,-32.0,267,7.0,304,40.0" /></mjloggm>