<mjloggm ver="2.3"><GO type="41" lobby="0"/><UN n0="%E5%B0%B1%E6%B4%BB%E7%94%9F%40%E5%B7%9D%E6%9D%91%E8%BB%8D%E5%9B%A3" n1="%4A%41%43%4B%44%41%57" n2="%E3%81%90%E3%82%93%E3%81%BE%E3%81%A1%E3%82%83%E3%82%93" n3="%E3%82%84%E3%81%BE%E3%81%AD%E3%81%93%2E" dan="14,14,14,15" rate="2003.59,1956.33,1961.63,1945.63" sx="M,M,M,M"/><TAIKYOKU oya="0"/><INIT seed="0,0,0,3,1,12" ten="250,250,250,250" oya="0" hai0="83,127,40,3,110,98,49,45,96,18,113,54,122" hai1="72,92,104,97,27,64,55,118,36,63,87,29,70" hai2="30,106,37,76,9,33,82,129,5,28,10,116,133" hai3="91,79,46,35,95,85,65,22,74,101,84,112,121"/><T42/><D122/><U51/><E118/><V73/><F106/><W26/><G35/><T78/><D3/><U6/><E72/><V58/><F37/><W24/><G112/><T62/><D113/><U56/><E6/><V124/><F116/><W103/><G74/><T134/><D127/><U17/><E36/><V4/><F124/><W111/><G111/><T66/><D134/><U100/><E87/><V1/><F133/><W94/><G65/><T88/><D110/><U41/><E41/><V75/><F129/><W43/><G26/><T68/><D18/><U50/><E50/><V131/><F75/><W38/><G121/><T135/><D135/><U105/><E17/><V132/><F131/><W2/><G2/><T128/><D128/><U69/><E70/><V90/><F33/><AGARI ba="0,0" hai="27,29,33,51,55,56,63,64,69,92,97,100,104,105" machi="33" ten="30,1000,0" yaku="7,1" doraHai="12" who="1" fromWho="2" sc="250,0,250,10,250,-10,250,0" /><INIT seed="1,0,0,1,3,56" ten="250,260,240,250" oya="1" hai0="59,35,97,36,50,15,74,102,98,119,41,126,29" hai1="109,116,91,31,51,42,120,47,14,96,105,133,111" hai2="25,101,110,34,128,68,122,37,55,24,28,65,112" hai3="134,9,45,99,17,10,1,71,125,85,103,118,33"/><U113/><E116/><V114/><F37/><W44/><G118/><T60/><D74/><U131/><E120/><V21/><F122/><W11/><G1/><T82/><D36/><U3/><E113/><V94/><F110/><N who="1" m="41993" /><E3/><V20/><F128/><W78/><G33/><T54/><D119/><U69/><E69/><V62/><F55/><W135/><G125/><T72/><D126/><U18/><E131/><V0/><F0/><W90/><G78/><T83/><D29/><U30/><E133/><N who="3" m="50698" /><G17/><T2/><D2/><U43/><E43/><V52/><F52/><W66/><G66/><T124/><D35/><U40/><E40/><V106/><F94/><N who="3" m="54607" /><G71/><T88/><D72/><U121/><E121/><V70/><F68/><W5/><G5/><T117/><D117/><U12/><E105/><AGARI ba="0,0" hai="9,10,11,44,45,99,103,105" m="54607,50698" machi="105" ten="30,1000,0" yaku="20,1" doraHai="56" who="3" fromWho="1" sc="250,0,260,-10,240,0,250,10" /><INIT seed="2,0,0,4,4,20" ten="250,250,240,260" oya="2" hai0="21,64,86,126,70,17,34,36,22,134,106,102,52" hai1="96,31,44,132,101,112,3,69,30,113,45,100,104" hai2="14,118,87,81,127,99,9,92,117,51,39,57,50" hai3="76,116,105,97,109,73,10,131,122,12,123,47,16"/><V13/><F39/><W103/><G116/><T6/><D34/><U54/><E3/><V28/><F28/><W40/><G109/><T42/><D126/><U89/><E69/><V43/><F127/><W128/><G76/><T80/><D6/><U133/><E54/><V94/><F118/><W135/><G73/><T46/><D134/><N who="1" m="51819" /><E89/><V66/><F117/><W25/><G135/><T27/><D22/><U37/><E37/><V23/><F23/><W93/><G105/><T77/><D70/><U82/><E82/><V68/><F68/><W63/><G63/><T75/><D64/><U72/><E72/><V38/><F38/><N who="3" m="21911" /><G25/><T90/><D52/><U4/><E4/><V26/><F26/><W83/><G83/><T60/><D60/><U11/><E11/><V65/><F14/><W1/><G1/><T95/><D106/><U35/><E101/><V79/><F57/><W62/><G62/><T15/><D102/><U111/><E111/><V121/><F121/><W120/><G10/><T88/><D90/><U59/><E59/><V33/><F33/><W107/><G107/><T84/><REACH who="0" step="1"/><D15/><REACH who="0" ten="240,250,240,260" step="2"/><U2/><E2/><V129/><F13/><W32/><G32/><T18/><D18/><U7/><E7/><V48/><F66/><W8/><G8/><T91/><D91/><U125/><E125/><V98/><F9/><W114/><G12/><T67/><D67/><U78/><E78/><V24/><F65/><W58/><G16/><T56/><D56/><U130/><E35/><V41/><F79/><W29/><G58/><T110/><D110/><U55/><E104/><RYUUKYOKU ba="0,1" sc="240,30,250,-10,240,-10,260,-10" hai0="17,21,27,36,42,46,75,77,80,84,86,88,95" /><INIT seed="3,1,1,5,0,113" ten="270,240,230,250" oya="3" hai0="20,6,121,53,47,116,33,23,60,92,7,119,129" hai1="45,101,25,36,82,13,72,28,77,80,114,130,63" hai2="39,5,85,83,86,1,124,87,32,22,21,51,26" hai3="29,125,46,100,74,106,135,107,67,110,75,103,50"/><W64/><G125/><T14/><D121/><U132/><E114/><V11/><F39/><W54/><G135/><T16/><D33/><U48/><E132/><V128/><F124/><W122/><G122/><T81/><D129/><U109/><E130/><V12/><F128/><W66/><G110/><T131/><D131/><U58/><E109/><V56/><F1/><W73/><REACH who="3" step="1"/><G29/><REACH who="3" ten="270,240,230,240" step="2"/><T41/><D6/><U19/><E28/><V99/><F5/><W105/><AGARI ba="1,2" hai="46,50,54,64,66,67,73,74,75,100,103,105,106,107" machi="105" ten="50,12000,1" yaku="1,1,2,1,0,1,29,2,53,0" doraHai="113" doraHaiUra="27" who="3" fromWho="3" sc="270,-41,240,-41,230,-41,240,143" /><INIT seed="3,2,0,5,4,87" ten="229,199,189,383" oya="3" hai0="66,122,92,97,20,75,36,60,38,134,41,56,57" hai1="124,40,65,13,0,91,89,23,7,53,103,72,71" hai2="29,135,128,45,67,21,24,14,69,99,107,130,42" hai3="131,9,18,106,16,115,120,109,101,26,63,78,125"/><W35/><G115/><T127/><D75/><U114/><E72/><V39/><F135/><W4/><G120/><T93/><D122/><U43/><E0/><V50/><F39/><W118/><G118/><T84/><D127/><U126/><E114/><V11/><F67/><W48/><G131/><T96/><D134/><U32/><E103/><V30/><F69/><W110/><G125/><N who="1" m="48234" /><E32/><V64/><F64/><W51/><G78/><T111/><D111/><N who="3" m="42505" /><G63/><T100/><D84/><U12/><E71/><V86/><F30/><N who="3" m="19927" /><G101/><T3/><D3/><U105/><E65/><V70/><F70/><W15/><G106/><T49/><D20/><U113/><E105/><V129/><F86/><W22/><G18/><T37/><D56/><U108/><E113/><V82/><F82/><W1/><AGARI ba="2,0" hai="1,4,9,15,16,22,48,51" m="19927,42505" machi="1" ten="30,11700,0" yaku="24,1,14,1,10,1,54,1" doraHai="87" who="3" fromWho="3" sc="229,-41,199,-41,189,-41,383,123" /><INIT seed="3,3,0,0,3,28" ten="188,158,148,506" oya="3" hai0="117,56,72,10,90,31,64,133,49,105,46,99,70" hai1="30,6,2,104,37,129,81,108,20,4,21,26,75" hai2="107,131,59,41,86,42,27,103,69,3,23,115,93" hai3="122,130,73,77,32,124,16,100,62,57,102,39,83"/><W76/><G122/><T74/><D117/><U125/><E104/><V67/><F69/><W43/><G124/><T33/><D133/><U40/><E125/><V60/><F3/><W55/><G130/><T78/><D70/><U106/><E106/><V66/><F107/><W44/><G76/><T12/><D56/><U71/><E71/><V88/><F131/><W114/><G114/><T101/><D64/><U68/><E68/><V89/><F103/><W50/><G32/><T116/><D116/><U25/><E129/><V63/><F115/><W126/><G126/><T127/><D127/><U54/><E108/><V95/><F63/><W8/><REACH who="3" step="1"/><G39/><REACH who="3" ten="188,158,148,496" step="2"/><T128/><D78/><U38/><E37/><V53/><F67/><W34/><G34/><T9/><D74/><U5/><E75/><V113/><F66/><W36/><G36/><T123/><D72/><U111/><E38/><V13/><F113/><W85/><G85/><T79/><D79/><U87/><E111/><V47/><F86/><W1/><G1/><T51/><D33/><U80/><E87/><V97/><F97/><W96/><G96/><T22/><D99/><U82/><E2/><V11/><F89/><W132/><G132/><T45/><D90/><U0/><E0/><V35/><F88/><W18/><G18/><T15/><D128/><U135/><E135/><V109/><F35/><W91/><G91/><T84/><D123/><U52/><REACH who="1" step="1"/><E40/><REACH who="1" ten="188,148,148,496" step="2"/><V110/><F42/><W94/><G94/><T29/><D84/><U134/><E134/><V24/><F95/><W120/><G120/><T61/><D105/><RYUUKYOKU ba="3,2" sc="188,-15,148,15,148,-15,496,15" hai1="4,5,6,20,21,25,26,30,52,54,80,81,82" hai3="8,16,43,44,50,55,57,62,73,77,83,100,102" /><INIT seed="3,4,2,5,1,16" ten="173,163,133,511" oya="3" hai0="59,90,17,56,98,71,128,69,112,94,38,15,70" hai1="13,118,125,86,25,80,29,34,113,104,51,126,45" hai2="76,95,0,63,12,129,99,14,92,42,11,123,96" hai3="35,22,89,39,49,130,48,68,9,72,117,37,102"/><W97/><G117/><T108/><D38/><U105/><E113/><V82/><F129/><W19/><G35/><T40/><D40/><U41/><E13/><V64/><F42/><W31/><G68/><T109/><D112/><U85/><E86/><V43/><F43/><W4/><G31/><T55/><D128/><U10/><E10/><V100/><F0/><W107/><G72/><T78/><D78/><U27/><E27/><V131/><F131/><W110/><G110/><N who="0" m="42603" /><D55/><U120/><E120/><V93/><F123/><W2/><G130/><T116/><D116/><U5/><E5/><V73/><F11/><AGARI ba="4,2" hai="11,15,17,56,59,69,70,71,90,94,98" m="42603" machi="11" ten="40,1300,0" yaku="14,1" doraHai="16" who="0" fromWho="2" sc="173,45,163,0,133,-25,511,0" /><INIT seed="4,0,0,3,2,59" ten="218,163,108,511" oya="0" hai0="56,58,9,83,69,40,60,46,134,1,35,38,10" hai1="49,77,41,98,79,64,25,28,133,63,90,95,73" hai2="3,36,116,71,65,17,50,99,0,126,48,27,124" hai3="16,78,62,29,85,22,45,84,52,100,105,66,20"/><T30/><D134/><U74/><E133/><V15/><F36/><W127/><G127/><N who="2" m="48681" /><F116/><W4/><G4/><T128/><D128/><U113/><E113/><V102/><F27/><W21/><G105/><T61/><D69/><U34/><E74/><V109/><F109/><W94/><G78/><T72/><D35/><U18/><E73/><V13/><F65/><W111/><G111/><T121/><D30/><U122/><E122/><V55/><F71/><W14/><G84/><T19/><D121/><U132/><E132/><V130/><F130/><W115/><G115/><T93/><D93/><U51/><E18/><V80/><F80/><W131/><G131/><T112/><D112/><U68/><E41/><V26/><F26/><W103/><G29/><T54/><D1/><N who="2" m="586" /><F55/><W88/><G100/><T110/><D110/><U114/><REACH who="1" step="1"/><E114/><REACH who="1" ten="218,153,108,511" step="2"/><V76/><F76/><AGARI ba="0,1" hai="25,28,34,49,51,63,64,68,76,77,79,90,95,98" machi="76" ten="40,5200,0" yaku="1,1,2,1,52,1,53,0" doraHai="59" doraHaiUra="108" who="1" fromWho="2" sc="218,0,153,62,108,-52,511,0" /><INIT seed="5,0,0,1,0,34" ten="218,215,56,511" oya="1" hai0="3,20,24,134,21,124,25,56,123,39,89,57,105" hai1="48,49,67,69,92,132,94,88,126,100,103,45,60" hai2="65,41,72,87,43,76,83,13,122,30,52,79,84" hai3="44,63,19,18,61,1,86,64,8,14,74,46,27"/><U110/><E126/><V111/><F122/><W116/><G74/><T81/><D39/><U91/><E132/><V125/><F111/><W127/><G127/><T32/><D105/><U75/><E75/><V131/><F125/><W104/><G104/><T0/><D32/><U115/><E115/><V40/><F65/><W50/><G63/><T4/><D124/><U33/><E33/><V130/><F30/><W108/><G108/><T121/><D4/><U93/><E110/><V38/><F38/><W128/><G128/><N who="2" m="49193" /><F79/><W119/><G86/><N who="2" m="32809" /><F13/><W133/><G133/><T112/><D112/><U129/><E129/><V47/><F40/><W70/><G1/><T16/><D134/><U53/><REACH who="1" step="1"/><E49/><AGARI ba="0,0" hai="41,43,47,49,52,72,76,83" m="32809,49193" machi="49" ten="30,2000,0" yaku="19,1,54,1" doraHai="34" who="2" fromWho="1" sc="218,0,215,-20,56,20,511,0" /><INIT seed="6,0,0,0,0,133" ten="218,195,76,511" oya="2" hai0="64,53,89,88,14,102,48,29,56,131,49,59,15" hai1="71,12,50,83,57,24,42,103,55,126,96,116,76" hai2="112,3,74,10,46,21,41,25,2,104,69,20,118" hai3="22,92,63,110,122,40,121,61,130,99,6,127,117"/><V86/><F118/><W111/><G117/><T107/><D131/><U113/><E116/><V75/><F104/><W62/><G130/><T30/><D107/><U1/><E71/><V17/><F69/><W60/><G6/><T67/><D53/><U77/><E1/><V123/><F123/><W9/><G9/><T100/><AGARI ba="0,0" hai="14,15,29,30,48,49,56,59,64,67,88,89,100,102" machi="100" ten="25,8000,1" yaku="0,1,22,2,8,1,54,1" doraHai="133" who="0" fromWho="0" sc="218,80,195,-20,76,-40,511,-20" /><INIT seed="7,0,0,5,5,77" ten="298,175,36,491" oya="3" hai0="112,38,87,36,15,126,11,115,17,96,30,111,131" hai1="42,35,129,32,64,43,94,12,63,48,133,102,20" hai2="45,19,110,130,119,6,69,72,23,92,61,13,2" hai3="31,100,98,33,135,75,88,18,7,108,0,80,124"/><W113/><G113/><N who="0" m="43595" /><D111/><U41/><E129/><V14/><F72/><W93/><G108/><T9/><D131/><U27/><E133/><V90/><F130/><W46/><G135/><T79/><D126/><U70/><E48/><V1/><F45/><W44/><G124/><T95/><D30/><U109/><E109/><V76/><F76/><W34/><G44/><T59/><D59/><U50/><E50/><V105/><F105/><W39/><G18/><T37/><D9/><U22/><E22/><V78/><F78/><N who="3" m="44127" /><G31/><T49/><D49/><U62/><E62/><V24/><F90/><W68/><G68/><T74/><D74/><U8/><E102/><V65/><F92/><W28/><G28/><T10/><D10/><U85/><E94/><V25/><F61/><W99/><G98/><T132/><D132/><U55/><E55/><V66/><F69/><W84/><G7/><T122/><D122/><U83/><E8/><N who="2" m="4247" /><F66/><W101/><G0/><N who="2" m="105" /><F65/><W53/><G39/><T56/><D56/><U26/><E12/><N who="2" m="9703" /><F110/><W57/><G46/><T106/><D106/><U51/><E51/><V58/><F58/><W5/><G57/><T21/><D87/><U107/><E107/><V73/><F73/><W16/><G53/><T97/><D79/><U81/><E70/><V103/><F103/><W86/><G101/><N who="0" m="60575" /><D97/><U123/><E64/><V104/><F104/><N who="3" m="63519" /><G86/><T89/><D89/><U52/><E85/><V114/><F114/><W125/><G125/><T60/><D60/><U3/><E63/><V127/><F127/><W29/><G84/><T121/><D38/><U118/><E42/><RYUUKYOKU ba="0,0" sc="298,0,175,0,36,0,491,0" owari="298,10.0,175,-22.0,36,-46.0,491,58.0" /></mjloggm>