<mjloggm ver="2.3"><GO type="97" lobby="0"/><UN n0="%E7%94%9F%E5%BE%92%E4%BC%9A%E9%95%B7" n1="%E3%81%8B%E3%81%8D%E3%82%82%E3%81%A8%E6%94%B9" n2="%E5%B0%B1%E6%B4%BB%E7%94%9F%40%E5%B7%9D%E6%9D%91%E8%BB%8D%E5%9B%A3" n3="%E3%82%8A%E3%81%9D%E3%81%86%E3%81%A2%E3%82%83%E3%82%93%E3%81%97%E2%99%AA" dan="13,13,14,15" rate="1865.88,1878.33,1990.17,2007.55" sx="M,M,M,M"/><TAIKYOKU oya="0"/><INIT seed="0,0,0,1,4,119" ten="250,250,250,250" oya="0" hai0="130,103,0,48,44,117,18,112,13,75,10,111,104" hai1="123,113,121,100,132,26,99,41,39,107,51,109,7" hai2="72,83,129,3,17,53,43,67,127,24,58,88,52" hai3="38,133,92,78,69,114,56,5,84,8,9,82,85"/><T101/><D75/><U89/><E109/><V68/><F3/><W125/><G69/><T57/><D111/><U90/><E39/><V60/><F127/><W124/><G114/><T134/><D112/><U6/><E113/><V23/><F129/><W42/><G133/><T77/><D104/><U12/><E132/><V135/><F135/><W93/><G42/><T79/><D0/><U50/><E26/><V74/><F43/><W54/><G38/><T71/><D71/><U11/><E41/><V106/><F106/><W34/><G34/><T76/><D117/><U91/><REACH who="1" step="1"/><E7/><REACH who="1" ten="250,240,250,250" step="2"/><V2/><F2/><W31/><G5/><T28/><D134/><U122/><AGARI ba="0,1" hai="6,11,12,50,51,89,90,91,99,100,107,121,122,123" machi="122" ten="40,12000,2" yaku="1,1,2,1,0,1,52,3,53,0" doraHai="119" doraHaiUra="80" who="1" fromWho="1" sc="250,-60,240,130,250,-30,250,-30" /><INIT seed="1,0,0,2,3,53" ten="190,370,220,220" oya="1" hai0="132,13,24,90,33,112,125,113,102,133,40,56,3" hai1="0,91,61,104,120,41,37,51,54,8,25,130,59" hai2="97,101,22,96,129,98,74,71,84,124,121,126,66" hai3="92,45,73,9,29,58,42,114,87,80,35,14,1"/><U11/><E104/><V64/><F74/><W106/><G114/><T31/><D102/><U89/><E130/><V67/><F121/><W20/><G106/><T117/><D40/><U75/><E75/><V5/><F71/><W93/><G1/><T76/><D76/><U109/><E120/><V21/><F129/><W82/><G35/><T116/><D90/><U100/><E100/><V4/><F84/><W46/><G20/><N who="2" m="7785" /><F101/><W15/><G29/><T44/><D44/><U70/><E109/><V105/><F105/><W65/><G73/><T60/><D13/><U19/><E8/><V110/><F110/><W62/><G14/><T122/><D3/><U36/><E36/><V85/><F85/><W43/><G45/><T115/><D122/><U63/><E63/><V16/><F16/><N who="3" m="8303" /><G82/><T135/><D125/><AGARI ba="0,0" hai="4,5,64,66,67,96,97,98,124,125,126" m="7785" machi="125" ten="40,5200,0" yaku="28,2,18,1" doraHai="53" who="2" fromWho="0" sc="190,-52,370,0,220,52,220,0" /><INIT seed="2,0,0,3,2,128" ten="138,370,272,220" oya="2" hai0="39,70,41,82,135,133,132,6,78,34,101,125,75" hai1="127,80,98,119,130,106,46,94,7,54,74,73,42" hai2="45,48,117,22,92,2,17,28,35,100,103,131,108" hai3="91,111,63,50,118,129,120,72,90,116,114,86,38"/><V105/><F2/><W122/><G38/><T95/><D34/><U67/><E119/><N who="3" m="45610" /><G63/><T83/><D70/><U23/><E130/><V1/><F105/><W126/><G50/><T85/><D6/><U29/><E127/><V99/><F1/><W3/><G3/><T61/><D61/><U102/><E67/><V0/><F0/><W56/><G56/><T10/><D10/><U58/><E7/><V121/><F117/><W5/><G5/><T26/><D26/><U36/><E80/><V40/><F131/><W69/><G69/><T33/><D33/><U124/><E124/><V88/><F121/><N who="3" m="46699" /><G129/><T21/><D21/><U84/><E84/><V64/><F64/><W55/><G55/><T65/><D65/><U62/><E106/><V14/><REACH who="2" step="1"/><F108/><REACH who="2" ten="138,370,262,220" step="2"/><W123/><G123/><T12/><D125/><U109/><E109/><V13/><F13/><W53/><G111/><T104/><D12/><U24/><AGARI ba="0,1" hai="23,24,29,36,42,46,54,58,62,73,74,94,98,102" machi="24" ten="30,1100,0" yaku="0,1" doraHai="128" who="1" fromWho="1" sc="138,-3,370,21,262,-5,220,-3" /><INIT seed="3,0,0,4,0,31" ten="135,391,257,217" oya="3" hai0="98,80,119,24,123,107,41,18,38,52,99,101,10" hai1="127,85,27,73,14,135,21,51,20,104,65,53,125" hai2="118,56,83,1,23,25,106,3,133,92,15,22,100" hai3="115,103,91,12,81,45,89,79,108,7,68,122,4"/><W35/><G122/><T42/><D123/><U9/><E104/><V67/><F106/><W126/><G115/><T110/><D119/><U43/><E73/><V46/><F118/><W61/><G126/><N who="1" m="48138" /><E65/><V121/><F121/><W17/><G35/><T75/><D110/><U86/><E43/><V88/><F133/><W94/><G108/><T77/><D41/><U59/><E135/><V116/><F116/><W62/><G45/><T112/><D112/><U37/><E37/><V28/><F46/><W105/><G68/><T50/><D98/><U0/><E0/><V124/><F124/><W78/><G105/><T30/><D10/><U96/><E96/><N who="2" m="59399" /><F22/><N who="1" m="8809" /><E27/><V60/><F15/><W57/><G61/><T114/><D18/><AGARI ba="0,0" hai="9,14,18,51,53,59,85,86" m="8809,48138" machi="18" ten="30,1000,0" yaku="18,1" doraHai="31" who="1" fromWho="0" sc="135,-10,391,10,257,0,217,0" owari="125,-37.0,401,49.0,257,6.0,217,-18.0" /></mjloggm>