<mjloggm ver="2.3"><GO type="41" lobby="0"/><UN n0="%E3%81%AE%E3%81%B3%E3%81%97%E3%82%8D%E2%99%82" n1="%50%5A%50%4E" n2="%E5%B0%B1%E6%B4%BB%E7%94%9F%40%E5%B7%9D%E6%9D%91%E8%BB%8D%E5%9B%A3" n3="%62%6F%74%79%61%6E" dan="14,16,17,14" rate="1908.48,2056.60,2149.16,1933.79" sx="M,M,M,M"/><TAIKYOKU oya="0"/><INIT seed="0,0,0,3,1,54" ten="250,250,250,250" oya="0" hai0="81,86,17,77,133,62,103,31,30,1,121,101,85" hai1="108,124,59,8,52,67,28,131,35,56,25,50,33" hai2="117,10,39,100,20,14,112,64,114,71,87,69,7" hai3="41,75,38,120,91,105,115,134,63,78,2,61,74"/><T32/><D133/><U90/><E108/><V126/><F39/><W12/><G115/><T3/><D121/><U95/><E131/><V40/><F117/><W76/><G2/><T22/><D32/><U122/><E124/><V118/><F118/><W18/><G134/><T26/><D62/><U99/><E122/><V130/><F126/><W97/><G120/><T88/><D1/><U96/><E67/><V36/><F130/><W21/><G41/><T123/><D3/><U19/><E99/><V13/><F100/><N who="0" m="38474" /><D123/><U111/><E111/><V106/><F106/><W34/><G34/><T80/><AGARI ba="0,0" hai="17,22,26,30,31,77,80,81,85,86,88" m="38474" machi="80" ten="30,3000,0" yaku="8,1,54,1" doraHai="54" who="0" fromWho="0" sc="250,30,250,-10,250,-10,250,-10" /><INIT seed="0,1,0,2,1,84" ten="280,240,240,240" oya="0" hai0="107,27,77,71,106,69,82,40,110,94,39,122,13" hai1="26,3,21,133,25,52,90,47,31,35,96,78,111" hai2="64,85,67,11,65,92,12,130,20,79,74,83,43" hai3="86,112,2,114,29,76,37,38,9,57,15,75,48"/><T131/><D122/><U32/><E111/><V18/><F130/><W118/><G118/><T24/><D131/><U16/><E133/><V80/><F43/><W17/><G75/><T44/><D110/><U63/><E78/><V62/><F92/><W61/><G2/><T103/><D94/><N who="1" m="56407" /><E3/><V70/><REACH who="2" step="1"/><F11/><REACH who="2" ten="280,240,230,240" step="2"/><W98/><G112/><T116/><D40/><U128/><E128/><V108/><F108/><W45/><G114/><T68/><D107/><U55/><E35/><V121/><F121/><W81/><G38/><T124/><D106/><U95/><E95/><V127/><F127/><W4/><G37/><T14/><D39/><U49/><E32/><V1/><F1/><W105/><G105/><T5/><D124/><U34/><E34/><V97/><F97/><W41/><G98/><T46/><D116/><U132/><E132/><V56/><F56/><W23/><G57/><T109/><D109/><U42/><E63/><V126/><F126/><W88/><G61/><T72/><D71/><U99/><E99/><V7/><F7/><W129/><G129/><T134/><D5/><U53/><E31/><V93/><F93/><W120/><G120/><T6/><D69/><U33/><E33/><V87/><F87/><W50/><G4/><T59/><D68/><U66/><E26/><V0/><F0/><W60/><G60/><T113/><D24/><U123/><E123/><V36/><F36/><W100/><G41/><T28/><D27/><U135/><E135/><V22/><F22/><W102/><G23/><T58/><D134/><U10/><E10/><V54/><F54/><RYUUKYOKU ba="1,1" sc="280,-15,240,15,230,15,240,-15" hai1="16,21,25,42,47,49,52,53,55,66" hai2="12,18,20,62,64,65,67,70,74,79,80,83,85" /><INIT seed="1,2,1,2,1,18" ten="265,255,245,225" oya="1" hai0="60,79,72,58,55,9,98,34,62,51,6,41,134" hai1="81,103,127,101,135,7,121,104,1,119,30,76,71" hai2="16,17,33,66,32,108,12,83,28,25,50,65,73" hai3="122,24,99,31,97,57,46,69,90,45,42,96,114"/><U128/><E121/><V107/><F107/><W130/><G122/><T53/><D134/><U70/><E104/><V56/><F108/><W20/><G114/><T26/><D98/><U49/><E119/><V15/><F33/><W89/><G69/><T118/><D118/><U22/><E135/><V102/><F102/><W21/><G130/><T84/><D72/><U38/><E38/><V4/><F4/><W54/><G46/><T67/><D41/><U35/><E35/><V133/><F133/><W105/><G105/><T132/><D132/><U13/><E1/><V43/><F73/><W95/><G89/><T93/><D34/><U92/><E92/><V39/><F83/><W8/><G8/><T123/><D123/><U19/><E71/><V11/><F39/><W112/><G112/><T14/><D26/><N who="1" m="16727" /><E7/><V113/><F113/><W126/><G126/><T23/><D23/><N who="1" m="11759" /><E70/><V40/><F40/><W27/><G42/><T29/><D29/><U36/><E36/><V116/><F116/><W125/><G125/><T87/><D93/><U77/><E128/><V94/><F94/><W68/><G68/><T82/><D6/><U59/><E127/><V120/><F120/><W64/><G64/><T110/><D67/><U124/><E124/><V117/><F117/><W80/><G80/><T106/><D82/><U86/><E77/><V109/><F109/><W5/><G5/><T2/><D79/><U91/><E76/><V100/><F100/><W52/><G95/><T115/><D106/><U44/><E44/><N who="2" m="25887" /><F56/><W131/><G131/><T74/><D110/><U85/><E85/><RYUUKYOKU ba="2,1" sc="265,-15,255,15,245,15,225,-15" hai1="49,59,81,86,91,101,103" hai2="11,12,15,16,17,25,28,32,65,66" /><INIT seed="1,3,1,1,1,2" ten="250,270,260,210" oya="1" hai0="34,86,133,41,105,21,11,100,42,3,45,107,63" hai1="106,40,84,57,119,74,52,122,62,72,97,22,29" hai2="101,81,75,85,32,69,109,67,9,1,116,94,112" hai3="46,8,25,12,6,7,134,15,124,13,16,78,10"/><U58/><E122/><V82/><F116/><W64/><G124/><T39/><D133/><U108/><E119/><V26/><F109/><W128/><G134/><T102/><D34/><U68/><E68/><V18/><F112/><W83/><G128/><T96/><D42/><U117/><E40/><V47/><F75/><W55/><G64/><T49/><D39/><U19/><E29/><V126/><F126/><W95/><G95/><T44/><D44/><U73/><E108/><V38/><F69/><W37/><G37/><T111/><D111/><U30/><E30/><V54/><F67/><W120/><G120/><T28/><D63/><U104/><E84/><V51/><F38/><W61/><G61/><T76/><D76/><U88/><E117/><V89/><F101/><W131/><G131/><T130/><D130/><U113/><E57/><V121/><F121/><W56/><G56/><T79/><D79/><U60/><E60/><V135/><F135/><W127/><G127/><T20/><D86/><U66/><E66/><V4/><REACH who="2" step="1"/><F32/><REACH who="2" ten="250,270,250,210" step="2"/><W98/><G98/><N who="0" m="61591" /><D102/><U27/><E113/><V71/><F71/><W17/><G78/><T118/><D118/><U91/><E91/><V24/><F24/><W110/><G110/><T132/><D132/><U31/><E31/><V125/><F125/><W80/><G25/><T50/><D28/><U129/><E129/><V93/><F93/><AGARI ba="3,2" hai="19,22,27,52,58,62,72,73,74,88,93,97,104,106" machi="93" ten="40,12000,1" yaku="25,2,54,2" doraHai="2" who="1" fromWho="2" sc="250,0,270,149,250,-129,210,0" /><INIT seed="1,4,0,1,4,35" ten="250,419,121,210" oya="1" hai0="79,54,66,55,11,124,110,74,67,119,1,10,14" hai1="39,18,23,116,113,20,121,109,26,34,117,89,95" hai2="130,123,112,81,56,100,24,31,71,133,57,7,16" hai3="120,62,73,129,70,122,106,64,82,105,83,3,63"/><U59/><E39/><V45/><F71/><W12/><G129/><T84/><D119/><U125/><E34/><V13/><F123/><W22/><G73/><T52/><D110/><U15/><E125/><V37/><F130/><W90/><G90/><T92/><D124/><U38/><E38/><V68/><F68/><W132/><G132/><T50/><D74/><U108/><E121/><V118/><F118/><W32/><G32/><T4/><D50/><U135/><E135/><V127/><F112/><W99/><G22/><T40/><D40/><U30/><E113/><V87/><F7/><W77/><G77/><T91/><REACH who="0" step="1"/><D79/><REACH who="0" ten="240,419,121,210" step="2"/><U49/><E109/><V8/><F127/><W36/><G120/><T98/><D98/><U42/><E108/><V103/><F133/><W85/><G99/><T93/><D93/><U107/><E107/><V104/><F104/><W21/><G122/><T2/><D2/><U96/><E42/><V47/><F37/><W28/><G36/><T9/><D9/><U53/><AGARI ba="4,1" hai="15,18,20,23,26,30,49,53,59,89,95,96,116,117" machi="53" ten="30,1500,0" yaku="0,1" doraHai="35" who="1" fromWho="1" sc="240,-9,419,37,121,-9,210,-9" /><INIT seed="1,5,0,5,4,42" ten="231,456,112,201" oya="1" hai0="52,32,34,94,117,9,58,43,84,6,74,44,48" hai1="116,101,67,80,62,118,13,54,128,86,3,41,64" hai2="102,87,91,25,11,93,114,51,14,10,59,122,66" hai3="33,123,107,133,82,106,121,71,134,88,36,19,17"/><U4/><E3/><V78/><F122/><N who="3" m="46603" /><G71/><T92/><D74/><U63/><E128/><V108/><F114/><W76/><G33/><T130/><D130/><U23/><E54/><V131/><F108/><W27/><G36/><T31/><D117/><U110/><E101/><V81/><F131/><W98/><G27/><T35/><D31/><U45/><E110/><V22/><F102/><W72/><G19/><T65/><D65/><U8/><E23/><V60/><F51/><W73/><G17/><T119/><D119/><U77/><E63/><V0/><F0/><W100/><G72/><T127/><D127/><U16/><E67/><V111/><F111/><W61/><G61/><T68/><D68/><U104/><E104/><N who="3" m="39978" /><G100/><T26/><D26/><U129/><E129/><V109/><F109/><W120/><N who="3" m="46611" /><W46/><DORA hai="29" /><G46/><T113/><D113/><U79/><E16/><V125/><F125/><W21/><G21/><T115/><D115/><U24/><E118/><V135/><F135/><N who="3" m="51723" /><G98/><T38/><REACH who="0" step="1"/><D84/><REACH who="0" ten="221,456,112,201" step="2"/><N who="1" m="48143" /><E24/><V12/><F25/><W49/><G49/><T37/><D37/><U105/><E86/><V50/><F66/><W90/><AGARI ba="5,1" hai="73,76,82,88,90" m="51723,39978,46611" machi="90" ten="50,8000,1" yaku="20,1,34,2,54,1" doraHai="42,29" who="3" fromWho="3" sc="221,-25,456,-45,112,-25,201,105" /><INIT seed="2,0,0,1,4,19" ten="196,411,87,306" oya="2" hai0="101,114,113,58,7,108,27,106,45,56,98,99,50" hai1="71,41,49,44,72,8,65,102,111,54,23,52,121" hai2="32,118,42,28,69,125,30,37,55,36,6,14,133" hai3="24,88,83,70,1,85,124,103,128,100,9,79,86"/><V93/><F118/><W110/><G110/><T61/><D108/><U75/><E65/><V13/><F125/><W116/><G124/><T11/><D98/><U74/><E71/><V34/><F69/><W81/><G116/><T68/><D68/><U3/><E121/><V5/><F93/><W66/><G128/><T96/><D96/><U92/><E111/><V117/><F117/><W53/><G70/><T21/><D56/><U78/><E102/><V38/><F42/><W0/><G66/><T112/><D50/><U22/><E78/><V26/><F55/><W122/><G122/><T131/><D45/><U91/><E8/><V89/><F89/><W76/><G53/><T15/><D131/><U18/><E23/><V10/><F133/><W67/><G67/><T33/><D33/><U80/><E3/><V63/><F63/><W20/><G9/><T47/><D47/><U130/><E80/><V84/><F84/><W48/><G48/><T97/><D97/><U51/><E51/><V104/><F104/><W25/><G88/><T59/><REACH who="0" step="1"/><D61/><REACH who="0" ten="186,411,87,306" step="2"/><U105/><E130/><V82/><F82/><W46/><G46/><T57/><D57/><U60/><E60/><V35/><F26/><W2/><G103/><T73/><D73/><U62/><E62/><V4/><REACH who="2" step="1"/><F10/><REACH who="2" ten="186,411,77,306" step="2"/><W64/><G100/><T107/><D107/><U16/><E105/><V120/><F120/><W115/><G64/><T17/><AGARI ba="0,2" hai="7,11,15,17,21,27,58,59,99,101,106,112,113,114" machi="17" ten="30,4000,0" yaku="1,1,0,1,52,1,53,0" doraHai="19" doraHaiUra="29" who="0" fromWho="0" sc="186,60,411,-10,77,-20,306,-10" /><INIT seed="3,0,0,5,3,134" ten="246,401,57,296" oya="3" hai0="104,97,69,19,120,53,75,115,108,16,45,57,6" hai1="129,56,127,37,126,109,92,42,64,34,41,77,96" hai2="65,131,107,111,24,114,52,4,36,50,3,70,5" hai3="89,112,118,47,83,76,26,133,72,54,130,106,11"/><W25/><G112/><T123/><D120/><U46/><E34/><V84/><F114/><W62/><G118/><T125/><D123/><U87/><E42/><V17/><F107/><W20/><G133/><T98/><D115/><U121/><E121/><V116/><F36/><W80/><G130/><T1/><D69/><U9/><E129/><V29/><F111/><W21/><G106/><T30/><D108/><U122/><E122/><V48/><F131/><W10/><G89/><T39/><D75/><U2/><E109/><V88/><F116/><W81/><G72/><T93/><D104/><U132/><E132/><V8/><F5/><W27/><G76/><T12/><D30/><U103/><E87/><V113/><F113/><W0/><G0/><T128/><D128/><U22/><E22/><N who="3" m="8810" /><G47/><T7/><D1/><U99/><E77/><V117/><F117/><W85/><G85/><T68/><D68/><U82/><E99/><V63/><F17/><W74/><G74/><T43/><D97/><U18/><E82/><V49/><F24/><W110/><G110/><T60/><D19/><U94/><E94/><V33/><F29/><W71/><G71/><T14/><D14/><N who="1" m="7503" /><E2/><V38/><F33/><W59/><AGARI ba="0,0" hai="10,11,25,26,27,54,59,62,80,81,83" m="8810" machi="59" ten="40,2100,0" yaku="8,1" doraHai="134" who="3" fromWho="3" sc="246,-7,401,-7,57,-7,296,21" /><INIT seed="3,1,0,5,1,42" ten="239,394,50,317" oya="3" hai0="124,77,14,101,111,73,36,128,86,78,50,99,134" hai1="112,25,68,84,120,21,5,57,48,85,51,119,95" hai2="100,54,72,29,133,46,47,76,97,43,62,40,110" hai3="91,96,13,67,90,64,30,31,24,38,44,58,6"/><W19/><G6/><T63/><D36/><U11/><E68/><V106/><F110/><W117/><G117/><T26/><D63/><U66/><E112/><V70/><F133/><W94/><G90/><T7/><D50/><U83/><E120/><V2/><F2/><W89/><G89/><T12/><D26/><U17/><E95/><V33/><F54/><W87/><G87/><N who="1" m="33354" /><E83/><N who="2" m="45447" /><F43/><W39/><G39/><T79/><D12/><N who="1" m="5231" /><E119/><V18/><F18/><W93/><G93/><N who="0" m="58607" /><D14/><U0/><E0/><V56/><F56/><W16/><G19/><T15/><D15/><U122/><E122/><V45/><F40/><W69/><G69/><T74/><D7/><U107/><E107/><V34/><F47/><W27/><G44/><T60/><D60/><AGARI ba="1,0" hai="17,21,25,48,51,57,60,66" m="5231,33354" machi="60" ten="30,1000,0" yaku="8,1" doraHai="42" who="1" fromWho="0" sc="239,-13,394,13,50,0,317,0" /><INIT seed="4,0,0,1,2,16" ten="226,407,50,317" oya="0" hai0="116,3,66,19,101,93,135,5,120,123,133,112,68" hai1="63,30,8,134,6,87,45,42,95,32,44,70,92" hai2="64,111,89,65,40,4,114,17,103,113,108,90,54" hai3="86,81,33,128,76,102,21,20,57,84,85,10,56"/><T15/><D116/><U62/><E134/><N who="0" m="51209" /><D112/><N who="2" m="43114" /><F17/><W38/><G128/><T23/><D66/><N who="2" m="25706" /><F4/><W72/><G38/><T59/><D68/><U91/><E30/><V34/><F34/><W29/><G102/><T71/><D71/><U35/><E35/><V24/><F24/><W52/><G10/><N who="0" m="2367" /><D59/><U46/><E42/><V125/><F103/><W77/><G77/><T126/><D126/><U110/><E70/><V31/><F31/><W43/><G43/><T25/><D93/><U105/><E105/><V7/><F7/><W28/><G57/><T55/><D55/><U107/><E107/><V9/><F9/><W129/><G129/><T27/><D101/><U82/><E32/><V130/><F130/><W122/><G122/><AGARI ba="0,0" hai="15,19,23,25,27,120,122,123" m="2367,51209" machi="122" ten="30,11600,0" yaku="20,1,34,2,52,1" doraHai="16" who="0" fromWho="3" sc="226,116,407,0,50,0,317,-116" /><INIT seed="4,1,0,1,3,131" ten="342,407,50,201" oya="0" hai0="11,118,57,108,28,56,59,3,127,9,97,42,92" hai1="68,77,105,89,102,25,124,35,5,132,44,76,81" hai2="55,125,2,10,24,51,115,88,12,113,64,66,130" hai3="65,53,101,31,39,62,90,23,17,29,133,121,22"/><T6/><D118/><U75/><E132/><V86/><F130/><W111/><G133/><T123/><D123/><U19/><E77/><V70/><F2/><W47/><G111/><T93/><D108/><U103/><E105/><V104/><F104/><W129/><G129/><T74/><D74/><U13/><E5/><V32/><F125/><W18/><G121/><T96/><D127/><U4/><E4/><V128/><F128/><W14/><G101/><T0/><D42/><U112/><E68/><V67/><F70/><W134/><G134/><T20/><D59/><U33/><E112/><V60/><F24/><W7/><G7/><T1/><D1/><U106/><E89/><V98/><F98/><W58/><G90/><T114/><D6/><U87/><E75/><V120/><F60/><W71/><G71/><T100/><D20/><U36/><E106/><V15/><F32/><W73/><G73/><T30/><REACH who="0" step="1"/><D100/><REACH who="0" ten="332,407,50,201" step="2"/><U79/><E103/><V63/><F120/><W41/><G65/><T99/><D99/><U122/><E102/><V110/><F110/><W126/><G126/><T116/><D116/><U34/><E124/><V82/><F63/><W61/><REACH who="3" step="1"/><G61/><REACH who="3" ten="332,407,50,191" step="2"/><T91/><D91/><U21/><E122/><V94/><F115/><AGARI ba="1,2" hai="0,3,9,11,28,30,56,57,92,93,96,97,114,115" machi="115" ten="25,4800,0" yaku="1,1,22,2,53,0" doraHai="131" doraHaiUra="78" who="0" fromWho="2" sc="332,71,407,0,50,-51,191,0" owari="403,20.0,407,51.0,-1,-50.0,191,-21.0" /></mjloggm>