<mjloggm ver="2.3"><GO type="97" lobby="0"/><UN n0="%E9%A6%AC%E9%B9%BF%E3%81%A0%E3%81%AA%E4%BF%BA" n1="%E5%B0%B1%E6%B4%BB%E7%94%9F%40%E5%B7%9D%E6%9D%91%E8%BB%8D%E5%9B%A3" n2="%52%2E%4E%2E%E3%81%9B%E3%82%93%E3%81%9A%E3%82%8A" n3="%4D%49%59%55%52%4F" dan="14,14,15,14" rate="1979.28,1956.30,1994.44,1990.41" sx="M,M,M,M"/><TAIKYOKU oya="0"/><INIT seed="0,0,0,0,0,106" ten="250,250,250,250" oya="0" hai0="130,99,51,74,2,55,50,120,89,76,68,18,123" hai1="36,57,11,13,49,35,37,25,97,108,87,96,121" hai2="61,111,19,41,24,124,134,107,1,53,23,93,47" hai3="26,15,48,52,78,133,84,110,27,63,67,83,38"/><T33/><D68/><U22/><E121/><V60/><F111/><W46/><G110/><T5/><D33/><U95/><E108/><V71/><F107/><W92/><G133/><T82/><D130/><U32/><E32/><V45/><F134/><W42/><G15/><T119/><D119/><U77/><E35/><V14/><F1/><W17/><G92/><T105/><D51/><U104/><E104/><V64/><F124/><W58/><REACH who="3" step="1"/><G17/><REACH who="3" ten="250,250,250,240" step="2"/><T103/><D18/><U115/><E95/><V85/><F14/><W9/><G9/><T98/><D5/><U131/><E13/><V125/><F125/><W21/><G21/><T12/><D12/><U39/><E22/><V65/><F93/><W132/><G132/><T91/><D2/><U4/><E11/><V54/><F23/><W112/><G112/><T40/><D40/><U117/><E4/><V16/><F41/><W31/><G31/><T116/><D116/><U28/><E117/><V88/><F24/><W75/><G75/><T79/><D79/><U86/><E77/><V114/><F114/><W7/><G7/><T135/><D135/><U59/><E115/><V109/><F109/><W34/><G34/><T113/><D113/><U44/><E131/><V128/><F128/><W73/><G73/><T94/><REACH who="0" step="1"/><D91/><REACH who="0" ten="240,250,250,240" step="2"/><U0/><E0/><V43/><F43/><W62/><G62/><T126/><D126/><U101/><E28/><V80/><F19/><W118/><G118/><T102/><D102/><U69/><E101/><V100/><F16/><W20/><G20/><T6/><D6/><U81/><E25/><RYUUKYOKU ba="0,2" sc="240,15,250,-15,250,-15,240,15" hai0="50,55,74,76,82,89,94,98,99,103,105,120,123" hai3="26,27,38,42,46,48,52,58,63,67,78,83,84" /><INIT seed="0,1,2,4,4,25" ten="255,235,235,255" oya="0" hai0="94,5,124,128,34,123,75,49,67,52,60,45,4" hai1="111,54,71,47,29,130,39,70,11,19,46,90,57" hai2="97,38,77,76,91,51,50,18,105,85,35,82,61" hai3="92,66,100,122,118,110,3,80,96,108,24,116,8"/><T20/><D34/><U87/><E130/><V7/><F38/><W40/><G122/><T127/><D123/><U121/><E121/><V133/><F35/><W69/><G40/><T0/><D75/><U10/><E111/><N who="3" m="42538" /><G80/><T113/><D113/><U98/><E39/><V58/><F7/><N who="3" m="1151" /><G24/><T28/><D128/><U72/><E72/><V48/><F133/><W53/><G53/><T26/><D94/><N who="1" m="56663" /><E70/><V109/><F109/><W78/><G78/><T62/><D0/><U132/><E71/><V41/><F41/><W103/><G103/><T33/><D33/><U114/><E114/><V126/><F126/><N who="0" m="48170" /><D62/><AGARI ba="1,2" hai="62,66,69,92,96,100,116,118" m="1151,42538" machi="62" ten="30,1000,0" yaku="14,1" doraHai="25" who="3" fromWho="0" sc="255,-13,235,0,235,0,255,33" /><INIT seed="1,0,0,1,3,127" ten="242,235,235,288" oya="1" hai0="0,6,43,55,115,33,87,116,59,132,25,91,50" hai1="20,64,131,8,107,19,112,129,58,11,49,109,38" hai2="22,4,92,41,40,15,39,90,130,37,14,72,93" hai3="23,1,44,110,78,106,96,117,134,46,32,94,74"/><U71/><E107/><V114/><F72/><W85/><G106/><T100/><D116/><U45/><E112/><V105/><F105/><W77/><G32/><T97/><D115/><U66/><E38/><V35/><F114/><W84/><G1/><T104/><D132/><U57/><E71/><V121/><F35/><W16/><G134/><T98/><D0/><U73/><E73/><V17/><F121/><W2/><G2/><T76/><D6/><U13/><E109/><V103/><F4/><W67/><G67/><N who="1" m="25642" /><E11/><V42/><F103/><N who="3" m="60823" /><G74/><T27/><D43/><N who="1" m="24767" /><E8/><V26/><F39/><W56/><G56/><T69/><D69/><U65/><E65/><V63/><F37/><W79/><G110/><T54/><D33/><U120/><E120/><V3/><F3/><W113/><G113/><T102/><D76/><U89/><E89/><V24/><F90/><W5/><G5/><T101/><D55/><U12/><E12/><V9/><F42/><W30/><G117/><T70/><D70/><U123/><E123/><V83/><F41/><W95/><G30/><T88/><D104/><U10/><E10/><V31/><F40/><W36/><G36/><T18/><D91/><U82/><E82/><V135/><F83/><W126/><G126/><T118/><D118/><U122/><E122/><V7/><F135/><W68/><G68/><T60/><D60/><U124/><E124/><V81/><F63/><W75/><G75/><T61/><D61/><U108/><E108/><V119/><F119/><W51/><G79/><T34/><D34/><U53/><E58/><V62/><F62/><AGARI ba="0,0" hai="13,19,20,53,57,62,129,131" m="24767,25642" machi="62" ten="30,5800,0" yaku="6,1,52,2" doraHai="127" who="1" fromWho="2" sc="242,0,235,58,235,-58,288,0" /><INIT seed="1,1,0,4,3,13" ten="242,293,177,288" oya="1" hai0="105,17,122,86,129,95,113,27,14,115,102,60,132" hai1="62,131,121,106,84,77,15,24,35,6,61,53,112" hai2="12,85,97,18,22,11,90,74,33,8,118,119,9" hai3="75,133,89,69,126,125,30,83,41,87,31,81,70"/><U25/><E106/><V34/><F74/><W19/><G133/><T52/><D132/><U1/><E121/><V36/><F36/><W0/><G0/><T48/><D122/><U66/><E112/><V4/><F97/><W128/><G41/><T5/><D105/><U55/><E1/><V47/><F47/><W67/><G128/><T45/><D129/><U37/><E37/><V16/><F90/><W7/><G7/><T64/><D5/><U59/><E35/><N who="2" m="13323" /><F85/><W63/><G69/><T109/><D27/><N who="1" m="10315" /><E131/><V40/><F40/><W111/><G111/><T32/><D32/><U68/><E68/><V38/><F38/><W65/><G65/><T72/><D72/><U49/><E55/><V96/><F96/><W29/><G75/><T73/><D73/><U123/><E123/><V42/><F42/><W117/><G81/><T26/><D26/><U58/><E58/><V51/><F51/><W82/><G82/><T20/><D109/><U3/><E3/><N who="2" m="31" /><F9/><W100/><G100/><T44/><D45/><U99/><E99/><V57/><F57/><W39/><G39/><T107/><D107/><U56/><E56/><V78/><F78/><W91/><G70/><N who="0" m="42247" /><D102/><U108/><E108/><V98/><F98/><W103/><G103/><T92/><D86/><U134/><E134/><V80/><F80/><W43/><G83/><T2/><D2/><U46/><E61/><V10/><F10/><W94/><G63/><T104/><D104/><U114/><E84/><V130/><F130/><W110/><G87/><T116/><D116/><N who="2" m="44586" /><F11/><W23/><G117/><T93/><AGARI ba="1,0" hai="14,17,20,44,48,52,92,93,95,113,115" m="42247" machi="93" ten="30,4000,0" yaku="5,1,52,1,54,1" doraHai="13" who="0" fromWho="0" sc="242,43,293,-21,177,-11,288,-11" /><INIT seed="2,0,0,2,4,104" ten="285,272,166,277" oya="2" hai0="135,70,0,54,91,8,118,89,132,76,15,44,6" hai1="119,32,121,78,67,19,11,61,82,125,64,86,96" hai2="72,24,50,105,23,102,116,85,39,113,114,126,40" hai3="53,94,51,4,133,5,65,103,22,2,83,37,130"/><V35/><F116/><W9/><G37/><T81/><D70/><U122/><E119/><V10/><F35/><W111/><G111/><T66/><D66/><U101/><E125/><V33/><F33/><W62/><G130/><T30/><D30/><U95/><E32/><V52/><F126/><W120/><G120/><N who="1" m="46186" /><E61/><V31/><F85/><W109/><G109/><T42/><D54/><U16/><E11/><V3/><F40/><W84/><G22/><T1/><D1/><U17/><AGARI ba="0,0" hai="16,17,19,64,67,78,82,86,95,96,101" m="46186" machi="17" ten="30,2000,0" yaku="13,1,54,1" doraHai="104" who="1" fromWho="1" sc="285,-5,272,20,166,-10,277,-5" /><INIT seed="3,0,0,2,5,88" ten="280,292,156,272" oya="3" hai0="23,99,48,54,11,133,108,102,57,126,71,91,0" hai1="104,39,94,10,49,95,12,115,114,21,118,4,86" hai2="105,5,55,73,56,75,112,120,2,1,9,121,78" hai3="123,92,130,41,111,135,128,50,18,6,107,100,3"/><W19/><G123/><T8/><D71/><U35/><E104/><V34/><F112/><W84/><G135/><T26/><D133/><U122/><E39/><V64/><F105/><W61/><G107/><T65/><D108/><U32/><E122/><N who="2" m="47211" /><F34/><W109/><G61/><N who="0" m="38063" /><D0/><N who="2" m="106" /><F78/><W58/><G6/><T43/><D43/><U36/><E36/><V66/><F5/><W30/><G30/><N who="0" m="17759" /><D126/><U15/><E118/><V98/><F9/><W53/><G41/><T29/><D29/><U116/><E116/><V31/><F31/><W68/><G68/><T37/><D37/><U14/><E115/><V77/><F98/><N who="3" m="59463" /><G84/><T52/><D102/><U103/><E114/><V87/><F87/><W25/><G3/><T17/><D17/><N who="3" m="6153" /><G25/><T72/><D72/><N who="2" m="27722" /><F77/><W16/><N who="3" m="6161" /><W20/><DORA hai="125" /><G20/><T80/><D80/><U67/><E35/><V81/><F81/><W129/><AGARI ba="0,0" hai="50,53,58,109,111,128,129,130" m="6161,59463" machi="129" ten="50,18000,2" yaku="19,1,52,4,54,1" doraHai="88,125" who="3" fromWho="3" sc="280,-60,292,-60,156,-60,272,180" owari="220,-18.0,232,3.0,96,-40.0,452,55.0" /></mjloggm>