<mjloggm ver="2.3"><GO type="97" lobby="0"/><UN n0="%E5%B0%B1%E6%B4%BB%E7%94%9F%40%E5%B7%9D%E6%9D%91%E8%BB%8D%E5%9B%A3" n1="%E5%80%AD%E9%AD%82" n2="%68%61%61%63%68%61%6E" n3="%6F%6E%69%72%6F%6B%75" dan="15,13,13,15" rate="1974.51,1904.16,1877.62,2036.56" sx="M,M,M,M"/><TAIKYOKU oya="0"/><INIT seed="0,0,0,1,2,85" ten="250,250,250,250" oya="0" hai0="44,102,29,59,5,2,92,48,23,65,42,94,132" hai1="51,41,131,120,114,22,58,78,8,32,124,34,57" hai2="14,116,53,28,111,109,93,121,70,91,55,20,52" hai3="68,50,89,103,80,45,115,18,17,66,69,37,104"/><T4/><D132/><U27/><E120/><V46/><F121/><W113/><G37/><T67/><D2/><U75/><E124/><V7/><F70/><W74/><G69/><T6/><D102/><U97/><E131/><V81/><F116/><W119/><G119/><T130/><D130/><U79/><E34/><V125/><F125/><W30/><G30/><T26/><REACH who="0" step="1"/><D59/><REACH who="0" ten="240,250,250,250" step="2"/><U54/><E58/><V87/><F46/><W72/><G115/><T110/><D110/><N who="2" m="41994" /><F28/><W11/><G113/><T3/><D3/><U0/><E57/><V73/><F73/><W117/><G74/><T98/><D98/><U31/><E97/><V112/><F112/><W63/><G72/><T118/><D118/><U88/><E75/><V77/><F7/><W43/><G117/><T19/><D19/><U36/><E114/><V38/><F38/><W21/><G18/><T127/><D127/><U123/><E36/><V25/><F14/><W86/><G103/><T39/><D39/><U49/><E0/><V129/><F129/><W76/><G104/><T135/><D135/><U40/><E123/><V134/><F134/><W56/><G68/><T128/><D128/><U9/><E31/><N who="2" m="17831" /><F77/><W33/><G76/><T95/><AGARI ba="0,1" hai="4,5,6,23,26,29,42,44,48,65,67,92,94,95" machi="95" ten="30,11700,0" yaku="1,1,0,1,8,1,53,1" doraHai="85" doraHaiUra="47" who="0" fromWho="0" sc="240,127,250,-39,250,-39,250,-39" /><INIT seed="0,1,0,2,4,54" ten="367,211,211,211" oya="0" hai0="41,23,102,14,36,97,82,29,121,10,63,124,37" hai1="59,42,111,3,2,15,87,129,69,81,35,55,72" hai2="20,43,95,18,117,98,119,49,28,46,122,71,40" hai3="99,133,50,127,107,131,7,33,78,6,94,27,84"/><T85/><D121/><U60/><E111/><V51/><F122/><W26/><G107/><T116/><D116/><N who="2" m="44618" /><F71/><W24/><G127/><T104/><D124/><U66/><E129/><V44/><F28/><W25/><G131/><T22/><D63/><U45/><E35/><V52/><F98/><W101/><G133/><T132/><D132/><U8/><E72/><V123/><F95/><W53/><N who="3" m="6656" /><DORA hai="12" /><W34/><G34/><T112/><D112/><U57/><E69/><V130/><F130/><W135/><G33/><T58/><D29/><U86/><E45/><N who="2" m="27695" /><F123/><W77/><G135/><T61/><D41/><N who="2" m="15946" /><F51/><W120/><G120/><T70/><D70/><U11/><E42/><V16/><F18/><W1/><G1/><T31/><D31/><U108/><E108/><V105/><F105/><W21/><G21/><T48/><D48/><N who="1" m="30951" /><E3/><V134/><F134/><W106/><G106/><T30/><D30/><U4/><E2/><V96/><F96/><W93/><G78/><T92/><D104/><U47/><E47/><V67/><F67/><W64/><G64/><N who="0" m="38967" /><D37/><U114/><E114/><V65/><F65/><W56/><REACH who="3" step="1"/><G94/><REACH who="3" ten="367,211,211,201" step="2"/><T110/><D22/><U76/><E76/><V128/><F128/><W91/><G91/><T126/><D23/><U100/><E100/><V5/><F5/><W109/><G109/><T80/><D92/><U38/><E81/><AGARI ba="1,1" hai="6,7,50,53,56,77,81,84,93,99,101" m="6656" machi="81" ten="50,8000,1" yaku="1,1,8,1,52,1,53,1" doraHai="54,12" doraHaiUra="73,68" who="3" fromWho="1" sc="367,0,211,-83,211,0,201,93" /><INIT seed="1,0,0,3,3,29" ten="367,128,211,294" oya="1" hai0="19,37,86,49,73,14,5,46,3,106,44,79,2" hai1="24,91,63,4,26,120,7,104,57,54,35,122,39" hai2="64,22,47,48,6,17,114,131,88,132,105,78,89" hai3="108,119,16,112,124,82,93,95,68,51,111,90,75"/><U52/><E39/><V97/><F132/><W107/><G51/><T76/><D106/><U27/><E104/><V60/><F131/><W83/><G68/><T65/><D73/><U30/><E54/><V118/><F118/><W11/><G16/><T13/><D65/><U15/><E91/><V74/><F6/><W121/><G11/><N who="0" m="4335" /><D37/><U116/><E116/><V128/><F128/><W71/><G71/><T33/><D33/><U0/><E0/><V21/><F114/><W10/><G10/><N who="0" m="6615" /><D44/><U59/><E4/><V56/><F22/><W43/><G43/><N who="0" m="24799" /><D76/><U25/><REACH who="1" step="1"/><E59/><REACH who="1" ten="367,118,211,294" step="2"/><V9/><F78/><W99/><G119/><T123/><D123/><U115/><E115/><V117/><F117/><W92/><G121/><T98/><D98/><U18/><E18/><V134/><F134/><W135/><G135/><T126/><D126/><U41/><E41/><V28/><F74/><W110/><G124/><T53/><D53/><U67/><E67/><V34/><F28/><W20/><G75/><T80/><AGARI ba="0,1" hai="2,3,79,80,86" m="24799,6615,4335" machi="80" ten="30,1100,0" yaku="25,1" doraHai="29" who="0" fromWho="0" sc="367,21,118,-5,211,-3,294,-3" /><INIT seed="2,0,0,4,0,53" ten="388,113,208,291" oya="2" hai0="12,31,76,122,84,27,74,62,70,63,75,46,108" hai1="14,81,86,116,0,121,77,2,131,1,101,124,102" hai2="16,126,133,32,54,132,57,89,88,9,90,128,52" hai3="120,104,55,56,112,85,25,114,43,97,30,96,10"/><V17/><F32/><W4/><G104/><T33/><D122/><U117/><E121/><V91/><N who="2" m="23040" /><DORA hai="59" /><V111/><F128/><W58/><G85/><T72/><D108/><U50/><E131/><V23/><F126/><W78/><G43/><T36/><D12/><U11/><E124/><V60/><F111/><W115/><G78/><T8/><D8/><U119/><REACH who="1" step="1"/><E50/><REACH who="1" ten="388,103,208,291" step="2"/><V103/><F103/><W135/><G120/><T129/><D36/><U29/><E29/><V67/><F133/><W82/><G135/><T68/><D68/><U80/><E80/><V69/><F132/><W79/><G82/><T65/><D70/><U44/><E44/><V22/><F69/><W71/><G71/><T47/><D129/><U5/><AGARI ba="0,1" hai="0,1,2,5,11,14,77,81,86,101,102,116,117,119" machi="5" ten="40,8000,1" yaku="1,1,0,1,53,3" doraHai="53,59" doraHaiUra="37,113" who="1" fromWho="1" sc="388,-20,103,90,208,-40,291,-20" /><INIT seed="3,0,0,1,3,11" ten="368,193,168,271" oya="3" hai0="130,110,113,120,81,73,77,83,133,71,76,31,129" hai1="5,72,16,122,26,124,115,96,29,88,116,128,112" hai2="59,60,100,105,119,21,42,8,46,7,36,70,62" hai3="20,15,61,84,91,101,40,12,44,52,0,74,51"/><W82/><G0/><T92/><D71/><U67/><E122/><V127/><F119/><W111/><G74/><T19/><D120/><U123/><E72/><V28/><F105/><W68/><G111/><T3/><D3/><U86/><E123/><V22/><F100/><W47/><G101/><T131/><D31/><U87/><E116/><V107/><F107/><W90/><G20/><T58/><D133/><U109/><E109/><V10/><F127/><W132/><G132/><T63/><D113/><U103/><E124/><V18/><F70/><W9/><G9/><T102/><D110/><U48/><E5/><V27/><F7/><W45/><G68/><T106/><D106/><U80/><E128/><V2/><F2/><W41/><G61/><T54/><D19/><U55/><E67/><V89/><F89/><W66/><G66/><T32/><D32/><U114/><E16/><V53/><REACH who="2" step="1"/><F60/><REACH who="2" ten="368,193,158,271" step="2"/><W35/><G91/><T25/><D102/><U64/><E112/><V4/><F4/><W121/><G121/><T118/><D130/><U69/><E114/><V75/><F75/><W117/><G117/><T126/><D118/><U65/><E115/><V37/><F37/><W93/><G82/><T30/><D129/><U1/><E69/><V38/><F38/><W24/><G35/><T78/><D131/><U50/><E1/><V43/><F43/><N who="3" m="16459" /><G24/><AGARI ba="0,1" hai="8,10,18,21,22,24,27,28,36,42,46,53,59,62" machi="24" ten="30,2000,0" yaku="1,1,7,1,53,0" doraHai="11" doraHaiUra="134" who="2" fromWho="3" sc="368,0,193,0,158,30,271,-20" owari="368,47.0,193,-21.0,188,-31.0,251,5.0" /></mjloggm>