<mjloggm ver="2.3"><GO type="97" lobby="0"/><UN n0="%E3%82%A4%E3%82%B5%E3%83%83%E3%83%81%EF%BC%A0" n1="%73%69%61%6E%69%6E" n2="%E5%B0%B1%E6%B4%BB%E7%94%9F%40%E5%B7%9D%E6%9D%91%E8%BB%8D%E5%9B%A3" n3="%E3%82%B5%E3%83%B3%E3%82%B3%E3%83%AD" dan="13,14,15,13" rate="1853.73,1879.92,2043.34,1821.69" sx="M,F,M,M"/><TAIKYOKU oya="0"/><INIT seed="0,0,0,1,5,27" ten="250,250,250,250" oya="0" hai0="133,65,30,44,26,19,126,67,12,73,130,49,7" hai1="42,3,14,117,0,10,41,57,62,132,118,18,131" hai2="78,113,76,88,120,46,107,106,115,24,20,68,31" hai3="1,123,17,11,102,122,85,103,93,70,15,128,95"/><T81/><D126/><U108/><E108/><V32/><F68/><W90/><G70/><T51/><D130/><U22/><E131/><V4/><F120/><N who="3" m="46123" /><G128/><T48/><D133/><U110/><E110/><V91/><F4/><N who="3" m="1423" /><G95/><T82/><D7/><U100/><E100/><V77/><F32/><W45/><G45/><T43/><D73/><U83/><E83/><V71/><F71/><W64/><G64/><T23/><D65/><U74/><E74/><V13/><F13/><W6/><G6/><T127/><D67/><U66/><E132/><V119/><F119/><W56/><G56/><T8/><REACH who="0" step="1"/><D127/><REACH who="0" ten="240,250,250,250" step="2"/><U25/><E117/><V80/><F115/><W112/><G112/><T29/><D29/><U75/><E75/><V35/><F113/><W37/><G37/><AGARI ba="0,1" hai="8,12,19,23,26,30,37,43,44,48,49,51,81,82" machi="37" ten="40,3900,0" yaku="1,1,52,1,53,0" doraHai="27" doraHaiUra="59" who="0" fromWho="3" sc="240,49,250,0,250,0,250,-39" /><INIT seed="0,1,0,3,4,108" ten="289,250,250,211" oya="0" hai0="87,52,130,55,83,27,92,102,37,122,25,45,18" hai1="16,49,11,97,119,99,50,80,32,128,117,70,9" hai2="69,63,59,90,44,104,86,81,22,29,91,134,113" hai3="42,101,115,93,0,100,74,111,61,53,71,89,56"/><T40/><D102/><U103/><E70/><V121/><F104/><W75/><G0/><T77/><D122/><U39/><E39/><V110/><F69/><W76/><G115/><T3/><D3/><U1/><E1/><V105/><F105/><W17/><G111/><T64/><D64/><U57/><E128/><V54/><F134/><W51/><G75/><T133/><D133/><U31/><E31/><V88/><F110/><W84/><G17/><T2/><D2/><U73/><E32/><V62/><F113/><W132/><G132/><T35/><D92/><U20/><E73/><V68/><F44/><W21/><G21/><T23/><REACH who="0" step="1"/><D130/><REACH who="0" ten="279,250,250,211" step="2"/><U95/><E80/><V135/><F135/><W34/><G93/><T116/><D116/><U38/><E117/><V65/><F121/><W14/><G100/><T19/><D19/><U120/><E120/><V106/><F106/><W36/><G101/><T4/><D4/><U98/><E119/><V85/><REACH who="2" step="1"/><F81/><REACH who="2" ten="279,250,240,211" step="2"/><W43/><G71/><T7/><D7/><U129/><E129/><V123/><F123/><W82/><G82/><T5/><D5/><U112/><E112/><V58/><F58/><W127/><G56/><T67/><D67/><U66/><E66/><V24/><AGARI ba="1,2" hai="22,24,29,54,59,62,63,65,68,85,86,88,90,91" machi="24" ten="30,4000,0" yaku="1,1,0,1,54,1,53,0" doraHai="108" doraHaiUra="114" who="2" fromWho="2" sc="279,-21,250,-11,240,63,211,-11" /><INIT seed="1,0,0,1,0,19" ten="258,239,303,200" oya="1" hai0="91,93,68,105,42,92,59,109,56,37,35,32,101" hai1="81,108,113,20,128,130,12,21,47,7,125,10,83" hai2="97,14,78,112,18,79,122,13,17,77,124,11,106" hai3="49,6,74,127,63,76,38,57,46,51,65,114,55"/><U131/><E113/><V36/><F36/><W22/><G114/><T2/><D68/><U123/><E123/><V16/><F122/><W86/><G74/><T67/><D105/><U117/><E117/><V96/><F124/><W110/><G127/><T129/><D2/><U66/><E125/><V89/><F106/><W33/><G33/><T1/><D1/><U5/><E66/><V64/><F112/><W28/><G110/><T85/><D109/><U102/><E108/><V100/><F64/><W50/><G6/><T31/><D129/><U90/><E5/><V87/><F100/><W53/><G76/><T9/><D42/><U58/><E58/><V23/><F17/><W71/><G86/><T61/><D56/><U75/><E102/><V104/><F104/><W132/><G28/><T119/><D37/><U69/><E47/><V25/><F25/><W116/><G116/><T34/><D9/><U39/><E39/><V72/><F72/><W8/><G8/><T84/><D119/><U107/><E107/><V44/><F44/><N who="3" m="27815" /><G22/><T29/><REACH who="0" step="1"/><D101/><REACH who="0" ten="248,239,303,200" step="2"/><U0/><E69/><V133/><F133/><W135/><G38/><T126/><D126/><U82/><E0/><V62/><F62/><W134/><G134/><T98/><D98/><U40/><E40/><AGARI ba="0,1" hai="40,46,50,51,55,57,63,65,71,132,135" m="27815" machi="40" ten="30,2000,0" yaku="34,2" doraHai="19" who="3" fromWho="1" sc="248,0,239,-20,303,0,200,30" /><INIT seed="2,0,0,1,1,97" ten="248,219,303,230" oya="2" hai0="29,24,58,91,59,64,20,15,3,72,120,119,39" hai1="7,8,17,88,30,90,52,81,56,21,23,75,98" hai2="86,68,44,18,108,102,60,4,110,125,31,27,37" hai3="127,89,51,118,124,109,62,66,38,53,101,12,74"/><V36/><F4/><W49/><G74/><T45/><D3/><U116/><E116/><V34/><F18/><W63/><G118/><T135/><D119/><U134/><E134/><V73/><F73/><W43/><G101/><T132/><D120/><U92/><E30/><V122/><F86/><W111/><G89/><T69/><D69/><U76/><E90/><V28/><F31/><W84/><G84/><T61/><D72/><U96/><E96/><V1/><F1/><W131/><G12/><T79/><D79/><U106/><E106/><V129/><F102/><W117/><G117/><T104/><D104/><U112/><E112/><V19/><F19/><W123/><G123/><T55/><D15/><U114/><E114/><V130/><F125/><N who="3" m="48203" /><G38/><N who="2" m="14953" /><F44/><N who="3" m="25759" /><G131/><N who="2" m="50185" /><F122/><W9/><G9/><T113/><D91/><U5/><E17/><V83/><F83/><W41/><G41/><T133/><D113/><U95/><E95/><V77/><F77/><W57/><G63/><T16/><D29/><U40/><E40/><V48/><F48/><W128/><G128/><T26/><D39/><U100/><E100/><V22/><F22/><W0/><G0/><T10/><D10/><U6/><REACH who="1" step="1"/><E8/><REACH who="1" ten="248,209,303,230" step="2"/><V126/><F126/><W85/><G85/><T50/><REACH who="0" step="1"/><D59/><AGARI ba="0,1" hai="51,53,57,59,62,66,109,111" m="25759,48203" machi="59" ten="30,3900,0" yaku="18,1,34,2" doraHai="97" who="3" fromWho="0" sc="248,-39,209,0,303,0,230,49" /><INIT seed="3,0,0,0,2,10" ten="209,209,303,279" oya="3" hai0="98,57,21,68,27,115,81,51,33,9,80,133,7" hai1="43,47,28,30,135,100,101,93,55,67,39,48,129" hai2="113,2,17,64,128,75,99,23,52,95,20,49,38" hai3="114,103,19,108,107,106,79,118,66,46,110,130,6"/><W62/><G114/><T15/><D68/><U94/><E129/><V88/><F38/><W60/><G118/><T8/><D33/><U71/><E135/><V82/><F2/><W85/><G130/><T96/><D115/><U25/><E100/><V37/><F37/><W16/><G6/><T18/><D133/><U123/><E123/><V63/><F113/><W116/><G116/><T32/><D32/><U41/><E101/><V3/><F3/><W87/><G46/><T89/><D9/><U14/><E14/><V22/><F75/><W53/><G53/><N who="0" m="31935" /><D89/><U0/><E0/><V42/><F42/><W126/><G103/><T56/><D56/><N who="1" m="32871" /><E43/><V65/><F63/><N who="3" m="24107" /><G66/><N who="2" m="25705" /><F82/><AGARI ba="0,0" hai="7,8,15,18,21,27,80,81,82,96,98" m="31935" machi="82" ten="30,2000,0" yaku="8,1,52,1" doraHai="10" who="0" fromWho="2" sc="209,20,209,0,303,-20,279,0" /><INIT seed="4,0,0,4,3,61" ten="229,209,283,279" oya="0" hai0="119,64,9,78,79,120,87,91,51,33,60,105,1" hai1="130,127,7,14,5,6,83,133,18,75,101,128,104" hai2="21,76,113,131,47,31,103,72,54,3,102,115,129" hai3="99,123,100,29,94,11,27,57,111,20,93,30,107"/><T44/><D105/><U125/><E104/><V15/><F3/><W58/><G123/><T132/><D120/><U74/><E101/><V34/><F34/><W114/><G111/><T28/><D119/><U24/><E83/><N who="2" m="45447" /><F54/><W84/><G114/><N who="2" m="43529" /><F47/><W89/><G107/><T8/><D132/><U26/><E74/><V135/><F135/><W106/><G106/><T69/><D28/><U13/><E75/><V73/><F73/><W71/><G71/><T46/><D46/><U40/><E40/><V66/><F66/><W92/><G11/><T16/><D33/><U96/><E96/><V19/><F31/><W2/><G2/><T22/><D8/><U38/><E38/><V124/><F124/><N who="1" m="47689" /><E133/><V63/><F63/><W88/><G30/><T17/><D9/><N who="1" m="6447" /><E14/><V117/><F117/><W112/><G112/><T39/><D39/><U49/><E49/><V48/><F48/><W90/><G90/><T95/><D1/><U12/><E12/><V35/><F35/><W25/><G25/><AGARI ba="0,0" hai="5,6,7,24,25,26,128,130" m="6447,47689" machi="25" ten="40,5200,0" yaku="18,1,34,2" doraHai="61" who="1" fromWho="3" sc="229,0,209,52,283,0,279,-52" /><INIT seed="5,0,0,2,1,112" ten="229,261,283,227" oya="1" hai0="135,54,111,7,28,133,3,127,132,88,0,40,59" hai1="93,122,22,36,83,14,120,115,100,49,131,21,27" hai2="92,89,19,129,91,37,99,69,55,47,18,9,17" hai3="42,4,121,78,107,15,64,8,43,60,38,13,75"/><U57/><E115/><V1/><F69/><W61/><G107/><T80/><D111/><U81/><E36/><V130/><F1/><W2/><G121/><T110/><D110/><U84/><E131/><N who="2" m="50187" /><F9/><W16/><G38/><T26/><D40/><U90/><E120/><V85/><F37/><W116/><G116/><T108/><D108/><U66/><E122/><V124/><F124/><W51/><G2/><T41/><D41/><U31/><E100/><N who="2" m="60519" /><F85/><W79/><G75/><T32/><D7/><U77/><E77/><N who="3" m="29194" /><G64/><T23/><D32/><U109/><E109/><V33/><F33/><W11/><G43/><T68/><D68/><U6/><E66/><V12/><F12/><W24/><G24/><T123/><D123/><U128/><E128/><V71/><F71/><W119/><G119/><T20/><D20/><U125/><E125/><V114/><F114/><W105/><G105/><T117/><D117/><U118/><E118/><V101/><F101/><W103/><G103/><T50/><D127/><U74/><E74/><V72/><F72/><W70/><G70/><T104/><D104/><U63/><E6/><V56/><F47/><AGARI ba="0,0" hai="4,8,11,13,15,16,42,47,51,60,61" m="29194" machi="47" ten="30,2000,0" yaku="8,1,54,1" doraHai="112" who="3" fromWho="2" sc="229,0,261,0,283,-20,227,20" /><INIT seed="6,0,0,4,0,63" ten="229,261,263,247" oya="2" hai0="87,105,65,54,45,112,127,69,103,49,47,34,22" hai1="107,28,23,62,41,129,78,82,20,5,57,36,79" hai2="11,70,80,55,68,116,133,109,76,134,56,12,104" hai3="93,37,106,40,97,44,25,72,19,38,42,35,89"/><V33/><F33/><W74/><G106/><T31/><D127/><U115/><E107/><V77/><F104/><W96/><G19/><T88/><D112/><U92/><E115/><V118/><F70/><W2/><G2/><T71/><D34/><U18/><E129/><V122/><F68/><W102/><G89/><T123/><D123/><U29/><E36/><V10/><F122/><W131/><G131/><T95/><D103/><U126/><E126/><V94/><F94/><W84/><G84/><T132/><D132/><N who="2" m="50794" /><F109/><W81/><G81/><T8/><D8/><N who="2" m="3114" /><F12/><W32/><G93/><T110/><D105/><U52/><E5/><V114/><F114/><W51/><G25/><N who="0" m="16823" /><D110/><U50/><E50/><N who="2" m="30839" /><F77/><W101/><G51/><N who="0" m="29039" /><D69/><U13/><E41/><V61/><F61/><W66/><G44/><T67/><D71/><U130/><E92/><V119/><F119/><W9/><G9/><T60/><D60/><U1/><E130/><V14/><F14/><W86/><G86/><AGARI ba="0,0" hai="76,80,86,116,118" m="30839,3114,50794" machi="86" ten="30,1500,0" yaku="20,1" doraHai="63" who="2" fromWho="3" sc="229,0,261,0,263,15,247,-15" /><INIT seed="6,1,0,4,1,76" ten="229,261,278,232" oya="2" hai0="46,54,70,106,57,119,58,120,118,42,23,126,107" hai1="18,36,6,90,98,87,100,85,24,20,17,39,1" hai2="122,101,28,4,45,12,84,79,134,112,48,128,69" hai3="35,132,121,34,49,114,83,82,89,22,99,94,81"/><V116/><F69/><W68/><G68/><T37/><D120/><U31/><E6/><V52/><F122/><W59/><G121/><T10/><D70/><U13/><E1/><V32/><F101/><W14/><G35/><T108/><D108/><U92/><E18/><V109/><F109/><W110/><G34/><T26/><D10/><U56/><E56/><V102/><F102/><N who="3" m="60791" /><G110/><T133/><D133/><U125/><E125/><V43/><F128/><W63/><G132/><T0/><D0/><U60/><E60/><V64/><F64/><N who="3" m="39039" /><G114/><T30/><D126/><U19/><E19/><V135/><F112/><W131/><G131/><T129/><D129/><U27/><E27/><V111/><F111/><W72/><G72/><T51/><REACH who="0" step="1"/><D58/><REACH who="0" ten="219,261,278,232" step="2"/><U16/><E17/><V47/><F134/><W5/><G5/><T130/><D130/><U55/><E55/><V21/><F52/><W2/><G2/><T61/><D61/><U88/><E39/><V74/><F4/><W91/><G49/><T66/><D66/><U7/><E36/><V3/><F48/><W86/><G14/><T96/><D96/><U44/><E44/><V38/><F3/><W80/><G22/><T25/><D25/><U78/><E7/><V29/><F21/><W77/><AGARI ba="1,1" hai="77,80,81,82,83,86,89,91" m="39039,60791" machi="77" ten="30,8000,1" yaku="8,1,52,4" doraHai="76" who="3" fromWho="3" sc="219,-21,261,-21,278,-41,232,93" owari="198,-30.0,240,4.0,237,-16.0,325,42.0" /></mjloggm>