<mjloggm ver="2.3"><GO type="41" lobby="0"/><UN n0="%45%6C%67%69%6E%31%32%33" n1="%6C%6F%6E%67%6F%32" n2="%E5%B0%B1%E6%B4%BB%E7%94%9F%40%E5%B7%9D%E6%9D%91%E8%BB%8D%E5%9B%A3" n3="%E3%81%95%E3%80%81%E5%B7%AE%E3%81%97%E8%BE%BC%E3%81%BF%E3%81%A0%E3%81%97" dan="15,14,16,13" rate="2030.52,2049.34,2034.64,1904.47" sx="M,M,M,M"/><TAIKYOKU oya="0"/><INIT seed="0,0,0,3,4,91" ten="250,250,250,250" oya="0" hai0="25,81,102,66,73,35,89,63,121,17,95,103,11" hai1="116,13,134,96,45,5,118,26,44,2,4,69,29" hai2="31,126,53,39,127,42,86,56,90,105,88,37,122" hai3="107,77,65,3,114,79,57,12,94,72,36,58,41"/><T7/><D121/><U18/><E69/><V19/><F122/><W33/><G3/><T70/><D73/><U32/><E96/><V92/><F105/><W22/><G33/><T6/><D6/><U51/><E44/><V100/><F100/><W98/><G107/><T43/><D43/><U62/><E62/><V23/><F31/><W34/><G34/><T55/><D55/><U10/><E5/><V71/><F71/><W46/><G114/><T132/><D81/><U61/><E61/><V14/><F90/><W40/><G40/><T16/><D17/><U135/><E51/><N who="2" m="30783" /><F42/><W75/><G75/><T60/><D60/><U111/><E45/><V120/><F120/><W109/><G109/><T47/><D47/><U0/><E111/><V133/><F133/><N who="1" m="50697" /><E2/><V97/><F97/><W48/><G36/><AGARI ba="0,0" hai="14,19,23,36,37,39,86,88,92,126,127" m="30783" machi="36" ten="30,3900,0" yaku="25,1,52,1,54,1" doraHai="91" who="2" fromWho="3" sc="250,0,250,0,250,39,250,-39" /><INIT seed="1,0,0,1,3,60" ten="250,250,289,211" oya="1" hai0="23,117,44,118,67,38,84,127,97,87,37,129,1" hai1="29,80,64,18,28,42,86,121,19,45,63,47,46" hai2="96,85,76,6,106,116,126,131,109,108,3,90,74" hai3="132,50,82,73,2,35,81,79,49,113,70,40,56"/><U99/><E121/><V5/><F3/><W36/><G70/><T101/><D1/><U83/><E42/><V10/><F10/><W78/><G132/><T21/><D129/><U51/><E51/><V24/><F24/><W16/><G113/><T41/><D127/><U102/><E28/><V111/><F5/><W54/><G36/><T115/><D115/><U105/><E80/><N who="2" m="45079" /><F6/><W94/><G94/><T125/><D125/><U65/><E63/><V55/><F55/><W128/><G128/><T95/><D37/><U123/><E123/><V68/><F68/><W15/><G2/><T12/><D67/><U71/><E71/><V43/><F43/><W69/><G69/><T39/><D39/><U122/><E122/><V124/><F116/><W130/><G35/><T133/><D133/><U32/><E32/><V88/><F90/><W107/><G107/><T48/><D38/><U4/><E29/><V135/><F135/><W20/><G130/><T11/><D118/><U59/><E59/><V7/><F7/><W114/><G114/><T58/><D58/><U8/><E19/><V66/><F66/><W9/><G9/><T14/><D117/><U25/><E4/><V62/><F62/><W100/><G100/><T72/><D72/><U119/><E119/><V27/><F27/><W103/><G103/><T77/><D77/><N who="3" m="29193" /><G73/><T61/><D61/><U120/><E120/><V0/><F0/><W17/><G17/><N who="0" m="10407" /><D11/><U22/><REACH who="1" step="1"/><E8/><REACH who="1" ten="250,240,289,211" step="2"/><V89/><F131/><W98/><G40/><T93/><D41/><U91/><AGARI ba="0,1" hai="18,22,25,45,46,47,64,65,83,86,91,99,102,105" machi="91" ten="30,12000,1" yaku="1,1,2,1,0,1,52,2,53,0" doraHai="60" doraHaiUra="110" who="1" fromWho="1" sc="250,-40,240,130,289,-40,211,-40" /><INIT seed="1,1,0,2,2,85" ten="210,370,249,171" oya="1" hai0="75,70,14,79,6,63,118,103,11,106,34,16,15" hai1="57,8,2,20,114,27,132,117,86,129,65,71,98" hai2="99,123,93,77,39,109,133,125,108,82,101,55,89" hai3="96,104,54,28,91,40,67,25,107,29,38,56,122"/><U53/><E117/><V21/><F39/><W80/><G122/><T31/><D118/><U74/><E74/><N who="2" m="43319" /><F21/><W3/><G3/><T64/><D75/><U121/><E121/><V124/><F55/><W17/><G67/><T61/><D79/><U9/><E2/><V7/><F7/><W83/><G38/><T113/><D113/><U37/><E114/><V46/><F46/><W87/><G40/><T88/><D61/><U119/><E119/><V102/><F133/><W41/><G41/><T10/><D103/><N who="2" m="39434" /><F123/><W66/><G66/><T76/><D106/><U116/><E37/><V94/><F94/><W22/><G104/><T130/><D76/><U30/><E132/><V33/><F33/><W58/><G107/><T48/><D48/><U52/><E71/><V112/><F112/><W92/><G83/><T26/><REACH who="0" step="1"/><D130/><REACH who="0" ten="200,370,249,171" step="2"/><U5/><E129/><V19/><F19/><W59/><REACH who="3" step="1"/><G54/><REACH who="3" ten="200,370,249,161" step="2"/><T49/><D49/><U69/><E53/><V32/><F32/><W12/><G12/><T128/><D128/><U44/><E52/><V73/><F73/><W23/><G23/><T127/><D127/><AGARI ba="1,2" hai="89,93,99,108,109,124,125,127" m="39434,43319" machi="127" ten="30,7700,0" yaku="18,1,34,2,52,1" doraHai="85" who="2" fromWho="0" sc="200,-80,370,0,249,100,161,0" /><INIT seed="2,0,0,3,2,107" ten="120,370,349,161" oya="2" hai0="24,32,68,56,90,43,28,51,2,36,11,111,65" hai1="53,78,127,122,69,119,77,131,70,109,38,133,124" hai2="135,27,40,31,116,37,114,19,83,75,108,22,13" hai3="63,23,95,117,97,104,25,112,17,100,58,92,66"/><V76/><F116/><W80/><G117/><T34/><D111/><U99/><E109/><V41/><F108/><W115/><REACH who="3" step="1"/><G80/><REACH who="3" ten="120,370,349,151" step="2"/><T86/><D36/><U72/><E38/><V102/><F37/><W55/><G55/><T88/><D43/><U59/><E119/><V62/><F135/><W12/><G12/><T18/><D86/><U3/><E53/><V16/><F114/><AGARI ba="0,1" hai="17,23,25,58,63,66,92,95,97,100,104,112,114,115" machi="114" ten="40,2600,0" yaku="1,1,11,1,53,0" doraHai="107" doraHaiUra="44" who="3" fromWho="2" sc="120,0,370,0,349,-26,151,36" /><INIT seed="3,0,0,5,0,39" ten="120,370,323,187" oya="3" hai0="57,23,33,85,122,40,73,121,53,37,69,1,2" hai1="18,105,108,114,132,19,72,68,95,75,14,109,44" hai2="103,65,4,86,51,81,60,47,125,133,42,83,48" hai3="43,30,59,54,24,99,115,55,38,74,63,101,61"/><W32/><G115/><T112/><D73/><U119/><E105/><V113/><F125/><W41/><G74/><T110/><D33/><U16/><E68/><V102/><F133/><W45/><G41/><T52/><D69/><U100/><E132/><V129/><F83/><W58/><G99/><T111/><D112/><U71/><E71/><V8/><F51/><W128/><G101/><T96/><D53/><U77/><E114/><V10/><F129/><W29/><G29/><T90/><D96/><U130/><E77/><N who="2" m="46383" /><F10/><W17/><REACH who="3" step="1"/><G17/><REACH who="3" ten="120,370,323,177" step="2"/><T82/><D122/><U50/><E75/><V76/><F113/><W104/><G104/><T79/><D121/><U9/><E72/><V131/><F131/><AGARI ba="0,1" hai="24,30,32,38,43,45,54,55,58,59,61,63,128,131" machi="131" ten="40,7700,0" yaku="1,1,9,1,52,1,53,0" doraHai="39" doraHaiUra="62" who="3" fromWho="2" sc="120,0,370,0,323,-77,177,87" /><INIT seed="3,1,0,2,4,132" ten="120,370,246,264" oya="3" hai0="128,30,53,80,105,50,43,47,33,65,1,124,130" hai1="9,88,20,76,10,63,86,93,78,112,72,125,127" hai2="110,39,23,5,48,121,135,21,126,12,113,95,34" hai3="45,96,69,22,70,6,3,54,29,118,117,111,24"/><W79/><G111/><T83/><D1/><U129/><E112/><V36/><F34/><W28/><G79/><T119/><D119/><U120/><E120/><V98/><F110/><W82/><G82/><N who="0" m="31275" /><D105/><U42/><E42/><V122/><F135/><W46/><G96/><T94/><D94/><U92/><E129/><N who="0" m="49769" /><D65/><U16/><E63/><V32/><F32/><W106/><G106/><T35/><D43/><U91/><E76/><V2/><F113/><W15/><G54/><T13/><D13/><N who="1" m="9231" /><E78/><V89/><F2/><W59/><G3/><T14/><D14/><U66/><E66/><V18/><F5/><W81/><G6/><T37/><D37/><U71/><E71/><V44/><F23/><W57/><G22/><T75/><D75/><U107/><E107/><V101/><F101/><W26/><G15/><T31/><D35/><U19/><E19/><V115/><F115/><W11/><G81/><T90/><D90/><U84/><E72/><V25/><F39/><W123/><REACH who="3" step="1"/><G11/><REACH who="3" ten="120,370,246,254" step="2"/><T58/><D47/><U134/><E134/><V114/><F12/><W8/><G8/><T108/><D108/><U62/><E9/><V41/><F114/><W102/><G102/><T68/><D68/><U103/><E10/><V100/><F100/><W74/><G74/><T131/><D131/><U27/><E103/><V40/><F40/><W55/><G55/><T49/><D49/><U56/><E27/><V133/><F133/><W87/><G87/><T60/><D50/><U116/><E86/><V64/><F48/><W109/><G109/><T0/><D0/><U67/><E84/><RYUUKYOKU ba="1,1" sc="120,-10,370,-10,246,-10,254,30" hai3="24,26,28,29,45,46,57,59,69,70,117,118,123" /><INIT seed="3,2,1,0,5,117" ten="110,360,236,284" oya="3" hai0="103,61,122,57,113,75,118,37,19,104,127,12,1" hai1="82,86,0,2,88,50,87,120,64,55,23,9,20" hai2="49,14,121,15,93,25,24,48,71,83,94,126,73" hai3="99,106,38,68,97,4,133,36,108,98,91,16,66"/><W107/><G133/><T77/><D118/><U74/><E74/><V43/><F73/><W109/><G4/><T7/><D37/><N who="3" m="14441" /><G16/><T60/><D113/><U115/><E115/><V31/><F31/><W125/><G125/><T27/><D127/><U6/><E0/><V84/><F71/><W53/><G53/><T51/><D27/><N who="2" m="10314" /><F126/><W124/><G91/><T3/><D3/><U22/><E64/><V101/><F121/><W80/><G80/><T79/><D122/><U59/><E120/><V128/><F128/><W111/><G124/><T58/><D75/><U11/><E11/><V95/><F101/><W42/><G42/><T52/><D7/><U10/><E10/><V110/><F110/><W114/><G114/><T100/><D1/><U21/><E21/><V46/><F48/><W45/><G45/><T69/><D51/><U119/><E119/><V65/><F65/><W47/><G47/><T92/><D69/><U28/><E28/><V54/><F54/><W35/><G35/><T32/><D104/><N who="3" m="39977" /><G66/><N who="0" m="39183" /><D32/><U18/><E87/><V67/><F67/><W134/><G134/><T130/><D130/><U112/><E112/><V132/><F132/><W41/><G41/><T96/><D103/><U135/><E135/><V26/><F26/><AGARI ba="2,1" hai="2,6,9,18,20,22,23,26,50,55,59,82,86,88" machi="26" ten="30,2000,0" yaku="7,1,54,1" doraHai="117" who="1" fromWho="2" sc="110,0,360,36,236,-26,284,0" /><INIT seed="4,0,0,3,1,107" ten="110,396,210,284" oya="0" hai0="95,66,126,114,14,31,82,40,45,60,104,113,7" hai1="59,89,38,132,115,108,131,130,22,32,81,92,5" hai2="86,6,98,52,37,90,43,56,119,53,28,54,106" hai3="46,101,47,94,16,19,91,24,97,85,83,9,116"/><T10/><D104/><U27/><E32/><V70/><F70/><W109/><G109/><T74/><D126/><U20/><E38/><V41/><F119/><W44/><G116/><T73/><D31/><U0/><E108/><V33/><F6/><W103/><G103/><T51/><D95/><U110/><E110/><V76/><F76/><W105/><G105/><T35/><D35/><U128/><E132/><V87/><F56/><W8/><REACH who="3" step="1"/><G24/><REACH who="3" ten="110,396,210,274" step="2"/><T39/><D39/><U77/><E27/><V80/><F37/><W11/><AGARI ba="0,1" hai="8,9,11,16,19,44,46,47,83,85,91,94,97,101" machi="11" ten="30,8000,1" yaku="1,1,2,1,0,1,8,1,54,1,53,0" doraHai="107" doraHaiUra="129" who="3" fromWho="3" sc="110,-40,396,-20,210,-20,274,90" /><INIT seed="5,0,0,5,1,84" ten="70,376,190,364" oya="1" hai0="100,104,65,85,7,33,112,43,34,22,67,75,93" hai1="92,79,102,130,42,101,128,61,117,31,120,37,98" hai2="18,88,23,72,44,116,76,1,68,38,53,96,55" hai3="0,81,48,115,27,103,56,134,91,95,86,20,12"/><U41/><E120/><V35/><F116/><W121/><G0/><T6/><D75/><U122/><E122/><V69/><F35/><W71/><G121/><T9/><D112/><U4/><E117/><V5/><F1/><W132/><G71/><T57/><D43/><U51/><E37/><V29/><F5/><W45/><G115/><T58/><D22/><U97/><E4/><V119/><F29/><W39/><G39/><T74/><D74/><U60/><E79/><V94/><F119/><W114/><G114/><T2/><D2/><U28/><E92/><V108/><F108/><W36/><G36/><T129/><D129/><U10/><E51/><V59/><F76/><W52/><G12/><T64/><D93/><U8/><AGARI ba="0,0" hai="8,10,28,31,41,42,60,61,97,98,101,102,128,130" machi="8" ten="25,4800,0" yaku="0,1,22,2" doraHai="84" who="1" fromWho="1" sc="70,-16,376,48,190,-16,364,-16" /><INIT seed="5,1,0,2,1,135" ten="54,424,174,348" oya="1" hai0="105,53,0,58,15,22,57,77,107,89,24,13,10" hai1="20,51,129,110,104,30,33,78,92,91,97,85,61" hai2="100,93,101,21,125,36,87,14,118,42,127,31,50" hai3="39,95,43,25,46,134,66,49,65,81,28,47,120"/><U62/><E129/><V45/><F118/><W70/><G134/><T102/><D102/><U5/><E33/><V6/><F31/><W130/><G120/><T44/><D77/><U131/><E131/><V38/><F100/><W32/><G130/><T112/><D112/><U8/><E104/><V19/><F6/><W56/><G70/><T90/><D0/><U35/><E35/><V80/><F93/><W3/><G3/><T29/><D44/><U63/><E78/><V126/><F101/><W41/><G81/><T54/><D29/><U109/><E51/><V64/><F64/><W124/><G124/><T122/><D22/><U18/><E30/><V103/><F103/><W48/><G95/><T55/><D24/><U9/><E97/><V116/><F116/><W83/><G39/><T11/><REACH who="0" step="1"/><D55/><REACH who="0" ten="44,424,174,348" step="2"/><U88/><E91/><AGARI ba="1,1" hai="14,19,21,36,38,42,45,50,80,87,91,125,126,127" machi="91" ten="40,8000,1" yaku="18,1,52,3" doraHai="135" who="2" fromWho="1" sc="44,0,424,-83,174,93,348,0" /><INIT seed="6,0,0,0,0,79" ten="44,341,267,348" oya="2" hai0="73,27,117,17,119,12,47,114,53,98,1,111,64" hai1="30,62,60,90,38,77,123,72,89,25,101,49,92" hai2="87,11,24,91,20,36,21,57,100,55,3,69,84" hai3="4,83,85,43,35,127,33,104,61,51,5,8,95"/><V41/><F69/><W58/><G104/><T80/><D64/><U135/><E38/><V70/><F70/><W52/><G127/><T103/><D53/><U18/><E101/><V97/><F41/><W63/><G35/><T46/><D46/><U106/><E106/><V124/><F36/><W32/><G33/><T68/><D47/><U45/><E123/><V59/><F124/><W93/><G32/><T34/><D17/><U65/><E90/><V133/><F133/><W15/><G5/><T96/><D12/><U10/><E77/><V54/><F3/><W128/><G128/><T86/><D27/><U76/><E76/><V126/><F126/><W19/><G19/><T99/><D1/><U121/><E72/><V9/><F97/><N who="0" m="37482" /><D68/><U22/><E121/><V120/><F91/><N who="3" m="51647" /><G43/><T16/><D16/><U48/><E65/><V78/><F120/><W0/><G0/><T131/><D34/><U66/><E66/><V13/><F78/><W14/><G15/><T81/><D131/><U50/><E45/><V67/><F13/><W56/><G61/><N who="1" m="23658" /><E10/><V107/><F107/><W39/><G39/><T88/><D111/><U44/><E44/><V134/><F67/><AGARI ba="0,0" hai="4,8,14,51,52,56,58,63,67,93,95" m="51647" machi="67" ten="30,3900,0" yaku="8,1,52,1,54,1" doraHai="79" who="3" fromWho="2" sc="44,0,341,0,267,-39,348,39" /><INIT seed="7,0,0,3,4,90" ten="44,341,228,387" oya="3" hai0="2,44,82,43,12,102,58,109,107,78,81,39,33" hai1="103,54,40,129,17,16,11,104,24,46,37,134,96" hai2="25,35,7,127,110,63,116,69,131,31,118,135,93" hai3="23,114,13,27,48,95,115,117,52,6,91,76,8"/><W101/><G117/><T124/><D109/><U133/><E129/><V59/><F69/><W72/><G101/><T71/><D71/><U113/><E113/><N who="3" m="43018" /><G76/><T45/><D2/><U70/><E70/><V60/><F110/><W26/><G72/><T132/><D132/><U41/><E41/><V125/><F7/><W4/><G4/><T0/><D0/><U5/><E54/><V122/><F131/><W73/><G23/><T92/><D107/><U3/><REACH who="1" step="1"/><E24/><REACH who="1" ten="44,331,228,387" step="2"/><V56/><F122/><W100/><G73/><T62/><D124/><U9/><E9/><V123/><F123/><W75/><G75/><T20/><D33/><U80/><E80/><V50/><F25/><W21/><G21/><T34/><D34/><U15/><E15/><V65/><F35/><W47/><G100/><T66/><D78/><U111/><E111/><V19/><F135/><AGARI ba="0,1" hai="3,5,11,16,17,37,40,46,96,103,104,133,134,135" machi="135" ten="40,8000,1" yaku="1,1,20,1,54,1,53,1" doraHai="90" doraHaiUra="98" who="1" fromWho="2" sc="44,0,331,90,228,-80,387,0" owari="44,-46.0,421,52.0,148,-25.0,387,19.0" /></mjloggm>