<mjloggm ver="2.3"><GO type="225" lobby="0"/><UN n0="%E8%92%BC%E8%A1%A3%E9%88%B4" n1="%E5%B0%B1%E6%B4%BB%E7%94%9F%40%E5%B7%9D%E6%9D%91%E8%BB%8D%E5%9B%A3" n2="%68%69%67%68%31%35%31%35" n3="%74%61%6B%75%61%6B%61" dan="16,16,16,17" rate="2055.34,2135.79,2021.05,2157.00" sx="F,M,M,M"/><TAIKYOKU oya="0"/><INIT seed="0,0,0,1,4,109" ten="250,250,250,250" oya="0" hai0="79,2,17,75,107,57,115,7,96,16,34,63,59" hai1="123,40,114,125,82,49,69,111,18,11,3,116,94" hai2="41,47,95,19,27,108,54,105,48,1,132,127,5" hai3="37,30,120,71,117,90,99,80,85,4,39,128,50"/><T70/><D34/><U91/><E69/><V103/><F105/><W61/><G128/><T129/><D129/><U72/><E111/><V46/><F108/><W20/><G117/><T24/><D70/><U102/><E102/><V100/><F132/><W98/><G4/><T74/><D2/><U76/><E123/><V36/><F127/><W43/><G39/><T121/><D7/><U0/><E116/><V13/><F27/><N who="3" m="16743" /><G37/><T35/><D35/><U73/><E73/><V106/><F106/><W25/><G71/><T110/><D121/><U10/><E125/><V119/><F119/><W29/><G61/><T53/><D110/><U33/><E33/><V81/><F95/><W92/><G120/><T93/><D107/><U23/><E114/><V104/><F104/><W88/><G25/><T78/><D24/><U42/><E3/><V58/><F58/><W118/><G29/><T14/><D115/><U122/><E122/><V51/><F36/><W86/><G118/><T83/><D59/><U28/><E28/><V113/><F113/><W55/><G43/><T134/><D14/><U84/><E0/><V22/><F5/><W32/><G32/><T126/><D126/><U12/><E42/><V52/><F1/><W15/><G15/><T6/><D6/><U56/><E40/><N who="2" m="24647" /><F81/><W68/><G68/><T26/><D26/><U133/><E133/><V87/><F87/><W135/><G135/><T101/><D134/><U112/><E112/><V89/><F89/><W65/><G65/><T45/><D45/><AGARI ba="0,0" hai="45,50,55,80,85,86,88,90,92,98,99" m="16743" machi="45" ten="30,2000,0" yaku="8,1,54,1" doraHai="109" who="3" fromWho="0" sc="250,-20,250,0,250,0,250,20" /><INIT seed="1,0,0,4,3,50" ten="230,250,250,270" oya="1" hai0="20,16,38,111,100,11,13,95,121,87,103,105,126" hai1="10,40,104,8,49,56,14,108,99,93,2,120,65" hai2="83,0,41,24,129,63,88,33,119,114,77,74,131" hai3="39,55,28,27,44,98,52,118,32,6,127,15,75"/><U42/><E120/><V128/><F0/><W45/><G75/><T26/><D121/><U46/><E104/><V112/><F41/><W59/><G127/><T60/><D111/><U17/><E108/><V102/><F119/><W25/><G39/><T76/><D126/><U132/><E132/><V37/><F37/><W51/><G118/><T67/><D38/><U31/><E31/><N who="2" m="19687" /><F102/><W66/><G32/><T101/><D105/><U96/><E42/><V64/><F88/><W133/><G28/><N who="0" m="17479" /><D76/><U134/><E134/><V85/><F85/><W135/><G133/><T84/><D95/><U116/><E116/><V90/><F90/><W72/><G72/><T23/><D11/><N who="1" m="6367" /><E2/><V70/><AGARI ba="0,0" hai="63,64,70,74,77,83,112,114,128,129,131" m="19687" machi="70" ten="40,2700,0" yaku="19,1,23,1" doraHai="50" who="2" fromWho="2" sc="230,-7,250,-13,250,27,270,-7" /><INIT seed="2,0,0,1,3,71" ten="223,237,277,263" oya="2" hai0="57,76,62,101,105,24,16,20,132,103,117,88,87" hai1="79,98,52,127,60,39,26,14,9,37,100,18,74" hai2="86,77,83,97,82,56,2,94,44,89,73,58,54" hai3="135,111,5,102,90,27,119,85,12,7,19,49,107"/><V32/><F2/><W80/><G119/><T106/><D117/><U130/><E130/><V46/><F32/><W48/><G135/><T91/><D132/><U69/><E127/><V35/><F35/><W131/><G111/><T17/><D105/><U67/><E26/><V11/><F11/><W51/><G131/><T116/><D106/><U31/><E31/><V8/><F8/><N who="3" m="6535" /><G107/><T109/><D109/><U72/><E52/><V124/><F124/><W42/><G102/><N who="0" m="38923" /><D116/><U63/><E60/><V38/><F38/><W68/><G68/><T0/><D0/><U1/><E1/><V104/><F104/><W43/><G27/><T28/><D76/><U121/><E121/><V55/><F82/><W47/><G47/><N who="2" m="17961" /><F73/><W134/><G134/><T23/><D23/><U93/><REACH who="1" step="1"/><E79/><REACH who="1" ten="223,227,277,263" step="2"/><V21/><F55/><W115/><G115/><T99/><D62/><U112/><E112/><V114/><F54/><W122/><G122/><T84/><D57/><U29/><E29/><V10/><F114/><W33/><G33/><T25/><D25/><U4/><E4/><AGARI ba="0,1" hai="4,5,7,42,43,48,49,51,80,85,90" m="6535" machi="4" ten="30,1000,0" yaku="8,1" doraHai="71" who="3" fromWho="1" sc="223,0,227,-10,277,0,263,20" /><INIT seed="3,0,0,1,0,96" ten="223,217,277,283" oya="3" hai0="5,112,109,132,41,105,29,49,91,120,26,129,99" hai1="31,119,50,3,101,51,115,117,48,75,68,24,33" hai2="116,73,20,89,18,12,103,7,65,2,104,125,1" hai3="126,25,131,63,22,30,76,70,61,4,106,111,92"/><W42/><G106/><T35/><D120/><U94/><E75/><V130/><F73/><W127/><G131/><T97/><D129/><U53/><E3/><V55/><F130/><W62/><G70/><T47/><D109/><U64/><E115/><V40/><F116/><N who="1" m="44617" /><E68/><V135/><F65/><W78/><G111/><T66/><D112/><U123/><E64/><V52/><F40/><W45/><G92/><T10/><D132/><U81/><E81/><V9/><F135/><W100/><G100/><T80/><D66/><U59/><E123/><V69/><F69/><W54/><G54/><T114/><D114/><U56/><E56/><V84/><F125/><N who="3" m="47627" /><G4/><T67/><D67/><U38/><E38/><AGARI ba="0,0" hai="22,25,30,38,42,45,61,62,63,76,78" m="47627" machi="38" ten="30,1500,0" yaku="18,1" doraHai="96" who="3" fromWho="1" sc="223,0,217,-15,277,0,283,15" /><INIT seed="3,1,0,4,4,82" ten="223,202,277,298" oya="3" hai0="84,107,135,28,109,101,30,54,57,93,129,105,65" hai1="117,43,63,32,56,126,8,110,39,76,98,90,17" hai2="52,125,47,1,20,31,81,38,60,119,44,18,41" hai3="49,42,36,123,97,132,133,111,83,108,112,67,11"/><W25/><G123/><T118/><D118/><U87/><E32/><V72/><F119/><W22/><G112/><T122/><D122/><U2/><E117/><V92/><F125/><W13/><G36/><T124/><D124/><U121/><E126/><V26/><F1/><W71/><G83/><T106/><D109/><N who="3" m="42057" /><G97/><T62/><D129/><U33/><E110/><V16/><F72/><W116/><G116/><T51/><D135/><U7/><E33/><V55/><F81/><W15/><G67/><T59/><REACH who="0" step="1"/><D101/><REACH who="0" ten="213,202,277,298" step="2"/><U95/><E121/><V75/><F75/><W103/><G103/><T78/><D78/><U89/><E76/><V5/><F38/><W48/><G133/><T77/><D77/><U86/><E89/><AGARI ba="1,1" hai="28,30,51,54,57,59,62,65,84,89,93,105,106,107" machi="89" ten="40,2600,0" yaku="1,1,52,1,53,0" doraHai="82" doraHaiUra="120" who="0" fromWho="1" sc="213,39,202,-29,277,0,298,0" /><INIT seed="4,0,0,4,2,103" ten="252,173,277,298" oya="0" hai0="90,110,127,25,117,26,75,16,30,88,14,29,94" hai1="7,10,95,112,24,60,19,66,82,118,96,68,65" hai2="107,59,133,47,120,38,3,22,128,69,56,85,111" hai3="34,58,32,108,49,52,105,8,76,4,91,11,93"/><T131/><D117/><U106/><E118/><V104/><F69/><W84/><G105/><T61/><D75/><U13/><E112/><V115/><F3/><W37/><G108/><T9/><D127/><U20/><E66/><V70/><F70/><W123/><G37/><T116/><D116/><U81/><REACH who="1" step="1"/><E106/><REACH who="1" ten="252,163,277,298" step="2"/><V23/><F107/><W45/><G123/><T80/><D131/><U44/><E44/><V119/><F104/><W129/><G129/><T113/><D113/><U122/><E122/><V78/><F120/><W87/><G45/><T5/><D110/><U101/><AGARI ba="0,1" hai="7,10,13,19,20,24,60,65,68,81,82,95,96,101" machi="101" ten="20,2700,0" yaku="1,1,0,1,7,1,53,0" doraHai="103" doraHaiUra="54" who="1" fromWho="1" sc="252,-13,163,37,277,-7,298,-7" /><INIT seed="5,0,0,4,5,113" ten="239,200,270,291" oya="1" hai0="99,12,29,18,79,104,85,103,2,101,128,50,121" hai1="67,57,19,36,8,126,1,108,6,106,74,59,122" hai2="52,30,114,115,98,95,47,22,15,100,33,120,131" hai3="11,73,38,66,110,7,90,42,43,97,118,80,87"/><U41/><E122/><V130/><F120/><W10/><G110/><T117/><D121/><U89/><E106/><V16/><F33/><W26/><G118/><T105/><D2/><U111/><E74/><V123/><F30/><W44/><G73/><T62/><D128/><N who="2" m="49194" /><F123/><W20/><G66/><T5/><D5/><U125/><E19/><V76/><F76/><W27/><G43/><T24/><D62/><U127/><E67/><V63/><F47/><W56/><G56/><AGARI ba="0,0" hai="15,16,22,52,56,63,95,98,100,114,115" m="49194" machi="56" ten="30,3900,0" yaku="19,1,54,2" doraHai="113" who="2" fromWho="3" sc="239,0,200,0,270,39,291,-39" owari="239,-16.0,200,-30.0,309,41.0,252,5.0" /></mjloggm>