<mjloggm ver="2.3"><GO type="169" lobby="0"/><UN n0="%E3%83%A0%E3%83%A1%E3%82%A4" n1="%E3%83%A4%E3%82%AD%E3%83%B3" n2="%E9%BA%BB%E5%B8%83%E5%A0%85%E4%B8%80" n3="%E5%B0%B1%E6%B4%BB%E7%94%9F%40%E5%B7%9D%E6%9D%91%E8%BB%8D%E5%9B%A3" dan="16,17,18,16" rate="2093.96,2139.31,2298.17,2180.90" sx="M,M,M,M"/><TAIKYOKU oya="0"/><INIT seed="0,0,0,3,4,89" ten="250,250,250,250" oya="0" hai0="87,107,28,44,85,55,132,121,66,65,0,9,86" hai1="113,98,93,21,106,70,128,68,23,135,131,91,101" hai2="126,47,97,71,134,78,30,63,69,81,46,76,108" hai3="11,90,84,42,130,45,19,129,53,75,51,18,22"/><T115/><D115/><U99/><E135/><V52/><F134/><W57/><G75/><T67/><D107/><U83/><E83/><V100/><F30/><W72/><G72/><T103/><D132/><U41/><E41/><V74/><F108/><W61/><G11/><T77/><D121/><U39/><E39/><V102/><F126/><W62/><G62/><T38/><D28/><U104/><E113/><V12/><F12/><W73/><G73/><T16/><D103/><U118/><E118/><V17/><F17/><W48/><G61/><T37/><D77/><U33/><E33/><V82/><F74/><W7/><G7/><T3/><D3/><U35/><E35/><V64/><F63/><W1/><G1/><T49/><REACH who="0" step="1"/><D0/><REACH who="0" ten="240,250,250,250" step="2"/><U31/><E31/><V4/><F102/><W34/><G34/><T2/><D2/><U59/><E106/><V123/><F100/><W32/><G32/><T117/><D117/><U96/><E101/><V14/><F78/><W109/><G109/><T114/><D114/><U10/><E104/><V116/><F76/><W79/><G79/><T127/><D127/><U80/><E131/><V120/><F116/><W94/><REACH who="3" step="1"/><G19/><REACH who="3" ten="240,250,250,240" step="2"/><T20/><D20/><U5/><E23/><V60/><F123/><W36/><G36/><T54/><D54/><U124/><E21/><V112/><F120/><W26/><AGARI ba="0,2" hai="18,22,26,42,45,48,51,53,57,84,90,94,129,130" machi="26" ten="30,7900,0" yaku="1,1,0,1,52,1,53,1" doraHai="89" doraHaiUra="88" who="3" fromWho="3" sc="240,-39,250,-20,250,-20,240,99" /><INIT seed="1,0,0,5,5,59" ten="201,230,230,339" oya="1" hai0="23,34,76,110,112,89,129,107,84,30,52,9,135" hai1="58,131,69,41,97,20,55,18,28,45,105,62,94" hai2="37,21,54,100,39,121,116,64,71,95,46,50,66" hai3="98,47,128,22,2,108,19,109,73,96,53,17,42"/><U115/><E115/><V124/><F100/><W3/><G73/><T29/><D112/><U26/><E131/><V7/><F7/><W25/><G53/><T40/><D110/><N who="3" m="42601" /><G19/><T27/><D107/><U86/><E69/><V16/><F116/><W78/><G78/><T119/><D119/><U49/><E105/><V1/><F1/><N who="3" m="11" /><G128/><T44/><D129/><U24/><E86/><V102/><F16/><W6/><G6/><T75/><D75/><U117/><E117/><V125/><F54/><W67/><G67/><T31/><D76/><U88/><E28/><V13/><F66/><W99/><G99/><T134/><D52/><U133/><E133/><V56/><F64/><W51/><AGARI ba="0,0" hai="17,22,25,42,47,51,96,98" m="11,42601" machi="51" ten="30,1100,0" yaku="14,1" doraHai="59" who="3" fromWho="3" sc="201,-3,230,-5,230,-3,339,11" /><INIT seed="2,0,0,5,1,9" ten="198,225,227,350" oya="2" hai0="54,79,67,96,25,65,64,35,115,10,92,56,74" hai1="87,135,99,131,31,125,102,123,1,82,112,53,88" hai2="73,126,91,38,111,106,40,42,48,120,6,124,15" hai3="59,23,26,113,89,5,27,76,46,55,121,90,72"/><V24/><F120/><W68/><G68/><T44/><D115/><U14/><E1/><V109/><F38/><W58/><G121/><T28/><D44/><U107/><E123/><V66/><F106/><W18/><G72/><T39/><D39/><U122/><E122/><V128/><F73/><W117/><G117/><T4/><D79/><U52/><E112/><V34/><F66/><W62/><G76/><T86/><D86/><U133/><E31/><N who="2" m="19815" /><F91/><N who="3" m="34827" /><G5/><T105/><D105/><U7/><E125/><N who="2" m="48235" /><F128/><W41/><G113/><T127/><D74/><U77/><E131/><V95/><F95/><W80/><G80/><T103/><D127/><U69/><E69/><V118/><F118/><W134/><G134/><N who="1" m="51210" /><E77/><V104/><F104/><W110/><G110/><N who="2" m="41993" /><F48/><N who="3" m="26703" /><G58/><T81/><D56/><U13/><E7/><V0/><F0/><W71/><G71/><T78/><D4/><U51/><E53/><V32/><F32/><W50/><G50/><T45/><D78/><U30/><E52/><V43/><F43/><W119/><G119/><T21/><D54/><U47/><E51/><V11/><AGARI ba="0,0" hai="6,11,15,40,42" m="41993,48235,19815" machi="11" ten="40,12000,1" yaku="18,1,14,1,10,1,52,1" doraHai="9" who="2" fromWho="2" sc="198,-40,225,-40,227,120,350,-40" /><INIT seed="2,1,0,5,5,63" ten="158,185,347,310" oya="2" hai0="61,35,83,13,45,120,78,107,32,117,10,101,110" hai1="108,115,121,52,25,90,71,65,36,24,1,93,23" hai2="56,57,67,41,127,4,70,54,126,69,28,43,95" hai3="58,40,96,20,134,64,30,47,85,29,98,39,49"/><V128/><F28/><W80/><G134/><T16/><D120/><U22/><E115/><V131/><F4/><W105/><G105/><T84/><D110/><U68/><E36/><V27/><F27/><W73/><G73/><T82/><D117/><U60/><E1/><V5/><F5/><W114/><G114/><T133/><D133/><U6/><E6/><V135/><F95/><W123/><G123/><T0/><D0/><U44/><E108/><V79/><F79/><W21/><G30/><T132/><D132/><U12/><E71/><N who="2" m="27147" /><F135/><W113/><G113/><T8/><D8/><U94/><E121/><V55/><F67/><W122/><G122/><T7/><D7/><U92/><E90/><V97/><F97/><W66/><G39/><T118/><D118/><U59/><E44/><V74/><F74/><W3/><G58/><N who="2" m="22633" /><F55/><W99/><G3/><T2/><D2/><U9/><E9/><V87/><F54/><W104/><G104/><T38/><D107/><U62/><REACH who="1" step="1"/><E12/><REACH who="1" ten="158,175,347,310" step="2"/><V51/><F128/><W102/><G102/><T14/><D14/><U46/><E46/><V50/><F131/><W112/><G112/><T18/><D101/><U31/><E31/><V119/><F119/><W26/><G20/><AGARI ba="1,1" hai="20,22,23,24,25,52,59,60,62,65,68,92,93,94" machi="20" ten="40,5200,0" yaku="1,1,52,1,54,1,53,0" doraHai="63" doraHaiUra="106" who="1" fromWho="3" sc="158,0,175,65,347,0,310,-55" /><INIT seed="3,0,0,3,3,13" ten="158,240,347,255" oya="3" hai0="36,16,74,79,0,85,73,32,97,91,2,78,71" hai1="72,6,119,54,35,67,111,96,106,48,134,29,61" hai2="40,7,80,135,23,46,130,131,10,5,83,66,63" hai3="8,12,113,118,127,125,100,25,84,102,101,117,22"/><W45/><G113/><T70/><D36/><U52/><E72/><V114/><F114/><W9/><G84/><T19/><D32/><U4/><E111/><V75/><F135/><W56/><G56/><T27/><D97/><U1/><E134/><V53/><F53/><W18/><G45/><T86/><D91/><U133/><E133/><V81/><F75/><W15/><G15/><T17/><D17/><U34/><E119/><V98/><F98/><W39/><G39/><T42/><D27/><U41/><E41/><AGARI ba="0,0" hai="0,2,16,19,41,42,70,71,73,74,78,79,85,86" machi="41" ten="25,8000,1" yaku="22,2,52,2,54,1" doraHai="13" who="0" fromWho="1" sc="158,80,240,-80,347,0,255,0" /><INIT seed="4,0,0,1,1,49" ten="238,160,347,255" oya="0" hai0="55,105,1,47,127,33,81,83,20,85,101,51,135" hai1="25,91,30,69,95,123,120,41,32,99,31,131,124" hai2="63,89,110,125,39,93,79,43,73,111,26,46,94" hai3="56,29,92,57,7,13,67,6,35,17,70,27,71"/><T16/><D33/><U113/><E69/><V50/><F125/><W115/><G71/><T103/><D1/><U0/><E0/><V59/><F73/><W10/><G115/><T128/><D105/><U24/><E124/><V61/><F79/><W14/><G6/><T12/><D127/><U129/><E113/><V119/><F119/><W117/><G117/><T90/><D128/><U97/><E41/><V77/><F77/><W108/><G108/><T87/><D135/><U38/><E38/><V100/><F63/><W86/><G70/><T45/><D45/><U107/><E107/><V116/><F116/><W121/><G67/><T76/><AGARI ba="0,0" hai="12,16,20,47,51,55,76,81,83,85,87,90,101,103" machi="76" ten="20,12000,1" yaku="0,1,7,1,8,1,52,1,54,1" doraHai="49" who="0" fromWho="0" sc="238,120,160,-40,347,-40,255,-40" /><INIT seed="4,1,0,1,5,15" ten="358,120,307,215" oya="0" hai0="76,106,132,101,128,19,63,107,114,49,71,12,48" hai1="66,77,1,59,56,90,50,9,60,61,5,103,7" hai2="116,99,124,67,135,42,30,4,110,104,102,38,53" hai3="120,72,22,40,108,118,20,17,86,31,117,57,95"/><T75/><D114/><U94/><E77/><V34/><F53/><W24/><G72/><T127/><D127/><U98/><E7/><V54/><F54/><W32/><G108/><T13/><D132/><U134/><E134/><V92/><F92/><W39/><G120/><T100/><D76/><U129/><E129/><V119/><F135/><W51/><G39/><T58/><D75/><U83/><E50/><V43/><F110/><W126/><G126/><T21/><D71/><U44/><E44/><V85/><F85/><W78/><G32/><T105/><D128/><U6/><E6/><V33/><F124/><W41/><G41/><T79/><D79/><U37/><E37/><V93/><F93/><W123/><G123/><T3/><D3/><U62/><E83/><V28/><F67/><W68/><G68/><T10/><D100/><U29/><E29/><V26/><F4/><W2/><G2/><T70/><D70/><U11/><E11/><V55/><F55/><N who="3" m="31999" /><G40/><T96/><D107/><U81/><E66/><V36/><F42/><W82/><G117/><N who="2" m="45129" /><F43/><W131/><G131/><T74/><D74/><U52/><REACH who="1" step="1"/><E59/><REACH who="1" ten="358,110,307,215" step="2"/><V23/><F30/><W14/><G118/><T27/><D58/><U46/><E46/><V111/><F111/><W47/><G47/><T0/><D49/><U97/><E97/><V91/><F38/><W133/><G133/><T88/><D48/><U84/><AGARI ba="1,1" hai="1,5,9,52,56,60,61,62,81,84,90,94,98,103" machi="84" ten="30,4000,0" yaku="1,1,0,1,54,1,53,0" doraHai="15" doraHaiUra="113" who="1" fromWho="1" sc="358,-21,110,53,307,-11,215,-11" /><INIT seed="5,0,0,5,2,63" ten="337,163,296,204" oya="1" hai0="71,123,134,93,70,39,125,74,108,13,23,79,69" hai1="122,47,27,59,127,133,31,12,8,120,58,105,104" hai2="87,67,35,121,114,42,54,44,60,46,85,65,22" hai3="113,1,99,2,126,82,103,5,61,84,0,64,34"/><U57/><E127/><V92/><F35/><W15/><G126/><T78/><D108/><U11/><E133/><V38/><F121/><W112/><G34/><T36/><D125/><U102/><E47/><V128/><F22/><W119/><G119/><T91/><D134/><U96/><E105/><V53/><F92/><W26/><G26/><T14/><D74/><U101/><E102/><V94/><F94/><W75/><G75/><T17/><D123/><U45/><E45/><V76/><F60/><W98/><G15/><T41/><D41/><U81/><E81/><V28/><F28/><W89/><G5/><T49/><D49/><U129/><E129/><V29/><F29/><W50/><G50/><T52/><D23/><U80/><E80/><V9/><F76/><W4/><G4/><T30/><D79/><U118/><E118/><V32/><F32/><W106/><REACH who="3" step="1"/><G98/><REACH who="3" ten="337,163,296,194" step="2"/><T73/><D73/><U48/><E48/><V107/><F42/><W16/><G16/><T131/><D17/><N who="1" m="8327" /><E11/><V18/><F9/><W115/><G115/><T37/><D37/><U110/><E110/><V20/><F114/><W6/><G6/><T88/><D39/><U24/><E24/><V33/><F38/><W66/><G66/><T111/><D36/><U130/><E130/><V62/><F67/><W83/><G83/><T124/><D131/><U19/><E19/><V95/><F65/><W43/><G43/><T51/><D124/><U72/><E72/><V40/><F40/><W97/><G97/><T25/><D111/><U10/><E10/><V109/><F109/><W68/><AGARI ba="0,1" hai="0,1,2,61,64,68,82,84,89,99,103,106,112,113" machi="68" ten="40,8000,1" yaku="1,1,5,1,0,1,52,1,53,1" doraHai="63" doraHaiUra="100" who="3" fromWho="3" sc="337,-20,163,-40,296,-20,194,90" /><INIT seed="6,0,0,3,0,107" ten="317,123,276,284" oya="2" hai0="90,71,96,65,83,61,127,53,115,52,20,42,74" hai1="122,114,109,5,11,110,31,30,0,125,108,123,131" hai2="55,54,102,10,111,113,1,94,4,69,8,62,129" hai3="95,79,40,50,128,49,75,25,106,16,43,47,91"/><V17/><F113/><W117/><G106/><T38/><D115/><U99/><E114/><V84/><F129/><W85/><G117/><T14/><D127/><U29/><E99/><V104/><F104/><W12/><G128/><T35/><D35/><U76/><E131/><V101/><F111/><W68/><G68/><T21/><D42/><U73/><REACH who="1" step="1"/><E125/><REACH who="1" ten="317,113,276,284" step="2"/><V28/><F101/><W9/><G25/><T133/><D96/><U77/><E77/><V36/><F102/><W130/><G130/><T58/><D133/><U70/><E70/><V103/><F103/><W13/><G13/><T27/><D71/><U19/><E19/><V46/><F17/><W57/><G79/><T67/><D14/><U97/><E97/><V6/><F69/><W112/><G112/><T22/><D90/><U119/><E119/><V72/><F1/><W15/><G15/><T93/><D27/><U132/><E132/><V78/><F78/><W41/><G75/><T124/><D74/><U66/><E66/><V87/><F72/><W37/><G37/><T7/><D67/><U32/><E32/><V63/><F36/><W134/><G134/><T44/><D38/><U120/><E120/><V92/><F84/><W86/><G85/><T100/><D65/><U135/><E135/><V3/><F87/><W18/><G18/><T105/><D124/><U34/><E34/><V116/><F116/><W126/><G126/><T26/><D26/><U81/><AGARI ba="0,1" hai="0,5,11,29,30,31,73,76,81,108,109,110,122,123" machi="81" ten="40,5200,0" yaku="1,1,0,1,52,1,53,0" doraHai="107" doraHaiUra="64" who="1" fromWho="1" sc="317,-13,113,62,276,-26,284,-13" /><INIT seed="7,0,0,1,5,120" ten="304,175,250,271" oya="3" hai0="21,26,111,58,47,103,113,118,17,79,96,32,81" hai1="44,56,33,19,65,18,127,41,45,126,135,11,70" hai2="133,10,89,93,30,76,83,108,8,121,77,88,66" hai3="24,94,13,12,87,3,9,37,52,40,130,131,100"/><W62/><G24/><T85/><D111/><U80/><E33/><V68/><F108/><W125/><G125/><T91/><D118/><U116/><E70/><V48/><F68/><W20/><G3/><T43/><D32/><U105/><E105/><V50/><F66/><W92/><G20/><T102/><D58/><U73/><E116/><V5/><F30/><W61/><G61/><T98/><D113/><U0/><E135/><V60/><F60/><W78/><G37/><T71/><D71/><U134/><E134/><V6/><F133/><W123/><G40/><T35/><D35/><U63/><E45/><V109/><F109/><W67/><G67/><T4/><D4/><N who="1" m="1415" /><E18/><V97/><F121/><W1/><G1/><T86/><D96/><U27/><E19/><V75/><F75/><W51/><G62/><T46/><D98/><U128/><E27/><V59/><F97/><W90/><G78/><T29/><D17/><U53/><E65/><V132/><F132/><W34/><G34/><T117/><D117/><U28/><E28/><V95/><F59/><N who="3" m="33183" /><G100/><N who="0" m="38443" /><D43/><U110/><E110/><V55/><F55/><W14/><G123/><T114/><D114/><U49/><E128/><N who="3" m="49194" /><G94/><AGARI ba="0,0" hai="21,26,29,46,47,79,81,85,86,91,94" m="38443" machi="94" ten="30,1000,0" yaku="8,1" doraHai="120" who="0" fromWho="3" sc="304,10,175,0,250,0,271,-10" owari="314,41.0,175,-32.0,250,-15.0,261,6.0" /></mjloggm>