<mjloggm ver="2.3"><GO type="97" lobby="0"/><UN n0="%E5%B0%B1%E6%B4%BB%E7%94%9F%40%E5%B7%9D%E6%9D%91%E8%BB%8D%E5%9B%A3" n1="%E4%B8%80%E5%A4%A9%E4%B8%89%E5%B1%80" n2="%E3%83%9E%E3%83%AD%E3%83%B3%E3%82%BF%E3%83%AB%E3%83%88" n3="%E3%82%8F%E3%81%A3%E3%81%91" dan="14,14,13,14" rate="1995.67,1900.84,1842.40,1916.52" sx="M,F,M,M"/><TAIKYOKU oya="0"/><INIT seed="0,0,0,2,2,36" ten="250,250,250,250" oya="0" hai0="40,50,54,6,91,107,0,130,53,66,32,114,64" hai1="2,79,110,88,45,74,31,96,33,23,47,27,126" hai2="11,12,83,17,49,4,87,8,18,15,112,62,113" hai3="67,19,123,125,68,44,5,46,51,22,43,9,56"/><T108/><D107/><U57/><E110/><V128/><F128/><W30/><G123/><T21/><D32/><U61/><E126/><V98/><F98/><W94/><G125/><T118/><D118/><U99/><E2/><V120/><F120/><W26/><G68/><T93/><D114/><U48/><E33/><V69/><F4/><W38/><G94/><T37/><D108/><U75/><E75/><V127/><F127/><W119/><G119/><T132/><D130/><U3/><E3/><V103/><F103/><W135/><G135/><T115/><D132/><U82/><E82/><V29/><F29/><W10/><G30/><T100/><D115/><U58/><E58/><V102/><BYE who="1" /><F102/><W78/><G78/><T39/><D100/><U72/><E72/><V95/><F95/><W25/><G25/><T124/><D124/><U59/><E59/><V71/><F62/><UN n1="%E4%B8%80%E5%A4%A9%E4%B8%89%E5%B1%80" /><W85/><G85/><N who="0" m="52463" /><D39/><U63/><E74/><V14/><F112/><W89/><G89/><T42/><D37/><U86/><E79/><V106/><F106/><W41/><REACH who="3" step="1"/><G5/><REACH who="3" ten="250,250,250,240" step="2"/><T70/><D70/><U35/><E27/><V1/><F71/><W65/><G65/><N who="0" m="25195" /><D6/><U92/><E31/><V121/><F69/><W109/><G109/><T129/><D129/><U16/><E35/><V77/><F121/><W122/><G122/><T131/><D131/><U55/><E92/><V134/><F134/><W73/><G73/><T76/><D76/><U84/><E86/><V104/><F104/><W101/><G101/><T81/><D81/><U24/><E84/><V28/><F113/><W111/><G111/><RYUUKYOKU ba="0,1" sc="250,-10,250,-10,250,-10,240,30" hai3="9,10,19,22,26,38,41,43,44,46,51,56,67" /><INIT seed="1,1,1,3,4,78" ten="240,240,240,270" oya="1" hai0="76,128,100,47,38,107,50,84,77,33,108,97,110" hai1="7,58,95,6,103,22,41,98,4,96,36,86,23" hai2="104,101,59,105,113,18,83,42,99,51,53,28,8" hai3="55,49,69,72,57,70,112,3,0,93,15,116,14"/><U52/><E36/><V19/><F113/><W39/><G112/><T79/><D33/><U46/><E41/><V131/><F131/><W16/><G116/><T35/><D35/><U25/><E46/><V90/><F28/><W61/><G39/><T26/><D38/><U123/><E123/><V40/><F105/><W11/><G72/><T10/><D128/><U109/><E109/><N who="0" m="42089" /><D26/><U102/><E86/><V24/><F24/><W43/><G93/><T9/><D84/><U60/><REACH who="1" step="1"/><E25/><REACH who="1" ten="240,230,240,270" step="2"/><V126/><F126/><W1/><G43/><AGARI ba="1,2" hai="9,10,43,47,50,76,77,79,97,100,107" m="42089" machi="43" ten="30,1000,0" yaku="14,1" doraHai="78" who="0" fromWho="3" sc="240,33,230,0,240,0,270,-13" /><INIT seed="2,0,0,0,0,132" ten="273,230,240,257" oya="2" hai0="100,103,115,8,85,96,40,119,29,80,133,38,74" hai1="91,92,19,42,125,2,39,93,67,135,117,43,41" hai2="88,4,106,97,9,34,55,54,107,111,82,129,131" hai3="90,116,64,17,44,77,87,7,134,73,45,25,110"/><V75/><F34/><W37/><G116/><T112/><D133/><U124/><E117/><V16/><F111/><W23/><G134/><T126/><D74/><U122/><E135/><V57/><F75/><W10/><G110/><T32/><D119/><U33/><E39/><V51/><F4/><W46/><G64/><T99/><D8/><U48/><E33/><V22/><F9/><W50/><G37/><T36/><D40/><U102/><E2/><V76/><F76/><W21/><G21/><T104/><D29/><U108/><E108/><V120/><F120/><W78/><G73/><T18/><D18/><U79/><E79/><V11/><F55/><W35/><G35/><T101/><D32/><U0/><E0/><V72/><F72/><W26/><G26/><T121/><D121/><U86/><E67/><V81/><F11/><W1/><REACH who="3" step="1"/><G50/><REACH who="3" ten="273,230,240,247" step="2"/><T60/><D38/><U109/><E109/><V130/><F107/><W49/><G49/><T68/><D36/><U20/><E48/><V47/><F106/><W123/><G123/><T6/><D104/><U128/><E122/><V66/><F66/><W118/><G118/><T114/><D114/><U65/><E65/><V95/><F47/><W59/><G59/><T127/><D115/><U70/><E70/><V89/><F89/><W58/><G58/><T14/><D112/><U84/><E102/><V12/><AGARI ba="0,1" hai="12,16,22,51,54,57,81,82,88,95,97,129,130,131" machi="12" ten="30,11700,0" yaku="0,1,19,1,54,2" doraHai="132" who="2" fromWho="2" sc="273,-39,230,-39,240,127,247,-39" /><INIT seed="2,1,0,4,4,39" ten="234,191,367,208" oya="2" hai0="44,18,129,128,20,14,6,27,8,17,127,38,88" hai1="1,117,68,113,19,51,32,56,9,0,15,114,36" hai2="50,91,74,86,48,21,116,76,23,67,121,79,59" hai3="131,123,71,110,28,108,49,107,57,134,73,16,43"/><V120/><F116/><W29/><G123/><T92/><D127/><U78/><E117/><V98/><F74/><W111/><G71/><T7/><D38/><U41/><E68/><V22/><F98/><W34/><G134/><T80/><D80/><U72/><E32/><V13/><F13/><W125/><G125/><T11/><D44/><U2/><E36/><V130/><F130/><N who="0" m="50282" /><D11/><U12/><E12/><V45/><F121/><W58/><G131/><T52/><D52/><U112/><E78/><N who="2" m="29739" /><F120/><W31/><G73/><T37/><D37/><U99/><E72/><V115/><F115/><W4/><G107/><T87/><AGARI ba="1,0" hai="6,7,8,14,17,18,20,27,87,88,92" m="50282" machi="87" ten="30,2000,0" yaku="19,1,54,1" doraHai="39" who="0" fromWho="0" sc="234,23,191,-6,367,-11,208,-6" /><INIT seed="3,0,0,0,4,18" ten="257,185,356,202" oya="3" hai0="8,29,11,73,133,93,103,52,107,110,53,1,13" hai1="75,65,119,106,19,38,76,28,108,6,0,95,79" hai2="105,56,39,50,60,89,58,16,97,74,122,116,96" hai3="41,115,68,4,80,22,134,121,131,69,55,135,32"/><W37/><G121/><T123/><D107/><U78/><E119/><V21/><F116/><W128/><G115/><T66/><D73/><U27/><E108/><V120/><F74/><W24/><G32/><T127/><D123/><N who="2" m="47146" /><F39/><W114/><G114/><T85/><D110/><U49/><E106/><V94/><F105/><W104/><G104/><T132/><D1/><U87/><E75/><V62/><F97/><W67/><G4/><T44/><D66/><U77/><E38/><V12/><F50/><W42/><G80/><T100/><D127/><U17/><E65/><V10/><F10/><W109/><G109/><T15/><D29/><U125/><E125/><V113/><F113/><W88/><G55/><T45/><D93/><U84/><E49/><V91/><F89/><W112/><G112/><T82/><D82/><U9/><E87/><AGARI ba="0,0" hai="8,11,13,15,44,45,52,53,85,87,100,103,132,133" machi="87" ten="25,3200,0" yaku="22,2,54,1" doraHai="18" who="0" fromWho="1" sc="257,32,185,-32,356,0,202,0" owari="289,9.0,153,-35.0,356,46.0,202,-20.0" /></mjloggm>