<mjloggm ver="2.3"><GO type="41" lobby="0"/><UN n0="%E5%B0%B1%E6%B4%BB%E7%94%9F%40%E5%B7%9D%E6%9D%91%E8%BB%8D%E5%9B%A3" n1="%74%6F%79%61%6D%61%73%6B" n2="%41%50%53%68%6F%74%21%21" n3="%E9%BA%BB%E9%9B%80" dan="14,15,14,14" rate="1938.22,2004.05,1963.53,1937.14" sx="M,M,F,M"/><TAIKYOKU oya="0"/><INIT seed="0,0,0,1,1,117" ten="250,250,250,250" oya="0" hai0="13,18,40,47,45,15,28,116,53,59,24,29,51" hai1="66,46,8,95,88,120,3,0,90,104,26,83,12" hai2="97,37,76,68,99,87,2,50,118,93,63,84,54" hai3="10,38,20,128,21,1,23,113,75,69,32,67,110"/><T73/><D116/><U114/><E114/><V49/><F118/><W27/><G113/><T129/><D73/><U58/><E104/><V102/><F37/><W133/><G75/><T101/><D129/><U115/><E115/><V100/><F2/><W108/><G38/><T6/><D101/><U125/><E125/><V11/><F11/><W48/><G128/><T4/><D45/><U34/><E120/><V92/><F68/><W56/><G69/><T25/><D25/><U7/><E46/><V52/><F63/><W22/><G133/><T89/><D89/><U5/><E5/><V33/><F33/><W19/><G67/><T135/><D135/><U130/><E130/><V70/><F70/><W39/><G39/><T109/><D109/><N who="3" m="42089" /><G56/><T74/><D74/><U119/><E119/><V86/><F86/><W60/><G48/><T132/><D132/><U112/><E112/><V126/><F126/><W134/><G60/><T121/><D121/><U43/><E43/><V62/><F62/><W72/><G72/><T122/><D122/><U57/><E66/><V77/><AGARI ba="0,0" hai="49,50,52,54,76,77,84,87,92,93,97,99,100,102" machi="77" ten="25,8000,1" yaku="0,1,22,2,8,1,54,1" doraHai="117" who="2" fromWho="2" sc="250,-40,250,-20,250,80,250,-20" /><INIT seed="1,0,0,0,3,59" ten="210,230,330,230" oya="1" hai0="102,63,124,50,109,23,11,8,45,99,111,129,24" hai1="117,131,92,18,12,127,2,49,115,101,13,71,46" hai2="47,89,105,119,130,6,70,20,104,93,56,74,118" hai3="33,28,81,100,34,85,30,122,116,110,75,48,35"/><U86/><E117/><V40/><F70/><W103/><G116/><T90/><D124/><U52/><E115/><V121/><F121/><W7/><G122/><T80/><D129/><U36/><E127/><V112/><F74/><W57/><G75/><T126/><D126/><U1/><E131/><V26/><F130/><W9/><G110/><N who="0" m="41995" /><D90/><U66/><E36/><V96/><F112/><W106/><G106/><N who="0" m="63839" /><D80/><U120/><E120/><V84/><F118/><W133/><G133/><T135/><D135/><U17/><E101/><V61/><F6/><W62/><G103/><T10/><D63/><U43/><E92/><V21/><F119/><W4/><G48/><T5/><D5/><U113/><E113/><V53/><F20/><W125/><G4/><T95/><D95/><U27/><E86/><V51/><F84/><W3/><G100/><T72/><D72/><U108/><E108/><V41/><REACH who="2" step="1"/><F41/><REACH who="2" ten="210,230,320,230" step="2"/><W69/><G69/><T107/><D11/><U15/><E43/><V58/><F58/><W79/><REACH who="3" step="1"/><G125/><REACH who="3" ten="210,230,320,220" step="2"/><T76/><D45/><U128/><E128/><V29/><AGARI ba="0,2" hai="21,26,29,40,47,51,53,56,61,89,93,96,104,105" machi="29" ten="20,5200,0" yaku="1,1,0,1,7,1,52,1,53,0" doraHai="59" doraHaiUra="78" who="2" fromWho="2" sc="210,-13,230,-26,320,72,220,-13" /><INIT seed="2,0,0,5,2,68" ten="197,204,392,207" oya="2" hai0="118,98,93,85,112,49,84,24,76,80,115,18,132" hai1="63,116,104,38,55,110,130,114,2,37,45,74,70" hai2="109,135,87,90,69,17,10,53,92,105,58,43,127" hai3="40,50,128,26,113,5,73,123,64,95,129,94,75"/><V66/><F105/><W91/><G123/><T48/><D118/><U0/><RYUUKYOKU type="yao9" ba="0,0" sc="197,0,204,0,392,0,207,0" hai1="0,2,37,38,45,55,63,70,74,104,110,114,116,130" /><INIT seed="2,1,0,0,3,120" ten="197,204,392,207" oya="2" hai0="55,88,108,115,17,27,33,106,25,45,12,59,122" hai1="94,69,50,58,128,83,8,40,131,4,125,56,13" hai2="112,82,64,127,42,10,34,124,44,97,107,132,52" hai3="29,30,1,18,0,3,81,135,48,118,38,113,35"/><V74/><F112/><W117/><G38/><T21/><D106/><U126/><E69/><V57/><F132/><W32/><G135/><T43/><D115/><U53/><E94/><V24/><F64/><W86/><G113/><T92/><D122/><U71/><E71/><V41/><F10/><W78/><G48/><T121/><D33/><U89/><E40/><V23/><F34/><W119/><REACH who="3" step="1"/><G18/><REACH who="3" ten="197,204,392,197" step="2"/><T19/><D121/><U31/><E50/><N who="2" m="30871" /><F127/><W123/><G123/><T60/><D19/><U95/><E126/><V93/><F124/><W130/><G130/><T63/><D63/><U116/><E125/><V99/><F107/><W70/><G70/><T47/><D108/><U26/><E128/><V54/><F74/><W110/><G110/><T68/><D68/><U76/><E131/><V90/><F82/><W15/><G15/><T39/><REACH who="0" step="1"/><D47/><REACH who="0" ten="187,204,392,197" step="2"/><U134/><E134/><V114/><F114/><W105/><G105/><T91/><D91/><U11/><E89/><V109/><F109/><W61/><G61/><T5/><D5/><U46/><E4/><V96/><F44/><W62/><G62/><T101/><D101/><U104/><E46/><V22/><F90/><W36/><G36/><T49/><D49/><U87/><E104/><V16/><F42/><W6/><G6/><T100/><D100/><U79/><E58/><V111/><F41/><W85/><G85/><AGARI ba="1,2" hai="12,17,21,25,27,39,43,45,55,59,60,85,88,92" machi="85" ten="30,7700,0" yaku="1,1,7,1,54,1,53,1" doraHai="120" doraHaiUra="14" who="0" fromWho="3" sc="187,100,204,0,392,0,197,-80" /><INIT seed="3,0,0,5,4,85" ten="287,204,392,117" oya="3" hai0="50,54,17,128,44,22,41,93,134,129,83,130,62" hai1="120,45,80,46,31,16,99,71,1,94,82,0,81" hai2="125,63,122,75,66,9,33,57,6,51,77,113,19" hai3="20,59,132,101,102,43,126,39,72,131,53,78,15"/><W23/><G132/><T24/><D134/><U65/><E120/><V96/><F113/><W67/><G126/><T105/><D105/><U26/><E71/><V2/><F125/><W118/><G118/><T89/><D83/><U106/><E65/><V52/><F122/><W121/><G121/><T8/><D8/><U40/><E106/><V70/><F33/><W108/><G131/><T98/><REACH who="0" step="1"/><D62/><REACH who="0" ten="277,204,392,117" step="2"/><U117/><E82/><V69/><F63/><W115/><G115/><T36/><D36/><U49/><E81/><V112/><F112/><W135/><G39/><T133/><D133/><U3/><E80/><V55/><F77/><W84/><G78/><T95/><D95/><U116/><E117/><V37/><F37/><W12/><G135/><T124/><D124/><U64/><E116/><V28/><F9/><W76/><G76/><T30/><D30/><U119/><E119/><V123/><F28/><W73/><G72/><T92/><D92/><U127/><E127/><V13/><F75/><W103/><G73/><T18/><D18/><U107/><E107/><V86/><F19/><W111/><G111/><T91/><D91/><U32/><E16/><V48/><F123/><W34/><G108/><T38/><D38/><U114/><E114/><V7/><F7/><W100/><G34/><T21/><D21/><U104/><E104/><V35/><F6/><W79/><G20/><T74/><D74/><U60/><E60/><V10/><F35/><W29/><G79/><T110/><D110/><U90/><E32/><V42/><F10/><W56/><N who="3" m="26112" /><DORA hai="87" /><W61/><G61/><RYUUKYOKU ba="0,1" sc="277,30,204,-10,392,-10,117,-10" hai0="17,22,24,41,44,50,54,89,93,98,128,129,130" /><INIT seed="4,1,1,0,2,111" ten="307,194,382,107" oya="0" hai0="1,9,103,88,83,26,50,2,56,134,10,107,38" hai1="96,105,119,20,125,82,93,120,30,97,114,68,44" hai2="124,118,40,47,72,104,78,106,115,117,35,0,65" hai3="4,74,24,59,86,128,77,23,69,129,92,101,90"/><T31/><D38/><U60/><E119/><V130/><F115/><W12/><G69/><T75/><D134/><U7/><E120/><V13/><F13/><W8/><G59/><T34/><D107/><U36/><E105/><V17/><F17/><W43/><G43/><T112/><D103/><U5/><E125/><V109/><F109/><W133/><G133/><T85/><D75/><U76/><E114/><V66/><F124/><W58/><G58/><T131/><D131/><N who="3" m="50249" /><G101/><T16/><D112/><U27/><E68/><V52/><F35/><W100/><G100/><T64/><D10/><U22/><E22/><V29/><F0/><W46/><G46/><T33/><D33/><U98/><E36/><V73/><F40/><W49/><G49/><T14/><REACH who="0" step="1"/><D50/><REACH who="0" ten="297,194,382,107" step="2"/><U3/><E60/><AGARI ba="1,2" hai="1,2,9,14,16,26,31,34,56,60,64,83,85,88" machi="60" ten="40,12000,1" yaku="1,1,2,1,54,2,53,0" doraHai="111" doraHaiUra="99" who="0" fromWho="1" sc="297,143,194,-123,382,0,107,0" /><INIT seed="4,2,0,5,0,70" ten="440,71,382,107" oya="0" hai0="99,82,9,67,97,55,7,110,44,126,113,38,76" hai1="17,28,96,66,65,98,12,13,58,78,127,0,52" hai2="57,73,130,120,114,106,51,42,47,37,111,112,85" hai3="19,36,117,68,91,41,3,104,26,102,80,46,81"/><T135/><D110/><U131/><E127/><V24/><F73/><W48/><G117/><T116/><D126/><U50/><E131/><V84/><F106/><W39/><G68/><T125/><D125/><U5/><E0/><V16/><F111/><W83/><G3/><T124/><D116/><U79/><E28/><V56/><F120/><W86/><G102/><T119/><D119/><U77/><E5/><V20/><F130/><W2/><G2/><T72/><D135/><U71/><E13/><V75/><F75/><W29/><G19/><T123/><D123/><U15/><E71/><V62/><F51/><W103/><G103/><T60/><D113/><N who="2" m="43626" /><F56/><W53/><G104/><T23/><D23/><U132/><E132/><V63/><F63/><W25/><G25/><T89/><D89/><U30/><E30/><V64/><AGARI ba="2,0" hai="16,20,24,37,42,47,57,62,64,84,85" m="43626" machi="64" ten="30,4000,0" yaku="15,1,52,1,54,1" doraHai="70" who="2" fromWho="2" sc="440,-22,71,-12,382,46,107,-12" /><INIT seed="5,0,0,4,3,42" ten="418,59,428,95" oya="1" hai0="70,122,24,61,131,118,3,1,37,75,85,103,134" hai1="78,95,6,110,123,50,115,18,81,5,25,52,44" hai2="89,117,43,19,63,66,106,105,49,72,36,55,51" hai3="45,34,60,28,12,119,109,30,128,86,96,76,108"/><U15/><E115/><V32/><F117/><W0/><G119/><T8/><D85/><U64/><E123/><V69/><F72/><W80/><G0/><T56/><D56/><U23/><E110/><V53/><F32/><W77/><G128/><T127/><D103/><U39/><E39/><V68/><F19/><W59/><G109/><T67/><D118/><U16/><E95/><V13/><F13/><W20/><G34/><T21/><D21/><U27/><E64/><V120/><F89/><W82/><G108/><T121/><D37/><U9/><E27/><V2/><F2/><W79/><G96/><T58/><D70/><U92/><E92/><V33/><F33/><W126/><G126/><T7/><D3/><U112/><E112/><V38/><F120/><W74/><G77/><T100/><D131/><U26/><E26/><V104/><F43/><W46/><G30/><T129/><D24/><U4/><E4/><V132/><F104/><W94/><G94/><T14/><D129/><U114/><E114/><V97/><F97/><W57/><G28/><T48/><D48/><U125/><E125/><V17/><F63/><W135/><G12/><T31/><D1/><U133/><E133/><V111/><F111/><W29/><G135/><T107/><D127/><U35/><E35/><V65/><F132/><W83/><G83/><T10/><D134/><U124/><E124/><V90/><F90/><W84/><G74/><AGARI ba="0,0" hai="5,6,9,15,16,18,23,25,44,50,52,74,78,81" machi="74" ten="30,11600,0" yaku="7,1,52,1,54,2" doraHai="42" who="1" fromWho="3" sc="418,0,59,116,428,0,95,-116" owari="418,22.0,175,-22.0,428,52.0,-21,-52.0" /></mjloggm>