<mjloggm ver="2.3"><GO type="169" lobby="0"/><UN n0="%E3%82%82%E3%81%86%E3%82%8A%E3%81%83%E2%98%86" n1="%E3%82%A6%E3%83%AB%E3%83%88%E3%83%A9%E7%AB%8B%E7%9B%B4" n2="%68%61%79%61%74%6F%E2%98%86" n3="%62%65%65%73%6F%6E%6F" dan="16,17,16,16" rate="2088.17,2156.15,2072.42,2133.81" sx="M,M,M,M"/><TAIKYOKU oya="0"/><INIT seed="0,0,0,0,4,81" ten="250,250,250,250" oya="0" hai0="79,121,9,106,69,18,80,54,124,86,48,118,109" hai1="68,37,94,93,3,132,13,50,39,91,123,76,40" hai2="20,130,52,21,11,99,4,107,61,70,66,90,115" hai3="16,46,83,105,78,17,116,30,64,119,56,5,19"/><T71/><D118/><U95/><E3/><V1/><F115/><W15/><G105/><T134/><D121/><U22/><E123/><V133/><F133/><W88/><G46/><T26/><D134/><U12/><E132/><V131/><F52/><W59/><G30/><T111/><D106/><U73/><E68/><V75/><F75/><W63/><G59/><N who="0" m="33223" /><D124/><U98/><E39/><V120/><F120/><W7/><G116/><T31/><D18/><N who="3" m="7273" /><G78/><T27/><D9/><U117/><E73/><V74/><F74/><W38/><G38/><T103/><D103/><U84/><E37/><V24/><F24/><N who="0" m="9258" /><D31/><U53/><E40/><V82/><F107/><W114/><G114/><T89/><D79/><U42/><E42/><V10/><F10/><N who="3" m="6647" /><G119/><T67/><D67/><U44/><E117/><V127/><F127/><W135/><G135/><T87/><D87/><AGARI ba="0,0" hai="5,7,56,63,64,83,87,88" m="6647,7273" machi="87" ten="30,7700,0" yaku="8,1,52,1,54,2" doraHai="81" who="3" fromWho="0" sc="250,-77,250,0,250,0,250,77" /><INIT seed="1,0,0,2,4,128" ten="173,250,250,327" oya="1" hai0="116,108,95,119,5,58,105,78,52,131,7,25,33" hai1="92,42,134,88,6,72,66,93,135,40,133,36,53" hai2="4,9,31,13,97,20,117,132,110,74,59,82,67" hai3="121,64,70,46,23,68,126,30,87,98,71,127,77"/><U34/><E34/><V18/><F117/><W48/><G121/><T107/><D131/><U109/><E109/><V75/><F110/><W37/><G30/><T125/><D108/><U89/><E72/><V80/><F97/><W54/><G23/><T15/><D125/><N who="3" m="47625" /><G98/><T86/><D105/><U85/><E66/><V76/><F31/><W60/><G77/><T16/><D107/><U83/><E36/><V102/><F102/><W8/><G87/><T32/><D32/><U28/><E28/><V11/><F11/><W90/><G90/><N who="1" m="34922" /><E53/><V79/><F67/><W17/><G17/><T27/><D95/><N who="1" m="36427" /><E6/><V124/><F59/><N who="3" m="36895" /><G8/><T106/><D106/><U73/><E73/><V94/><F94/><W24/><G24/><T123/><D33/><U19/><E19/><V120/><F124/><W104/><G104/><T49/><D123/><U114/><E114/><V65/><F65/><W61/><G37/><T69/><D119/><U63/><E63/><AGARI ba="0,0" hai="46,48,54,61,63,68,70,71" m="36895,47625" machi="63" ten="40,5200,0" yaku="18,1,34,2" doraHai="128" who="3" fromWho="1" sc="173,0,250,-52,250,0,327,52" /><INIT seed="2,0,0,1,5,51" ten="173,198,250,379" oya="2" hai0="78,111,16,88,68,77,24,104,22,56,126,34,129" hai1="3,127,15,98,38,33,131,29,86,69,84,76,49" hai2="94,39,17,41,66,92,7,2,117,99,106,6,53" hai3="36,28,102,50,52,13,108,27,70,89,10,87,72"/><V30/><F117/><W37/><G70/><T8/><D68/><U115/><E3/><V101/><F30/><W62/><G62/><T71/><D71/><U97/><E38/><V91/><F66/><W4/><G72/><T81/><D104/><U119/><E115/><V133/><F133/><W47/><G102/><T55/><D111/><U67/><E119/><V125/><F125/><W90/><G90/><T103/><D103/><U122/><E127/><V5/><F2/><W14/><G14/><N who="0" m="7239" /><D34/><U26/><E131/><V134/><F134/><W95/><G108/><T113/><D113/><U9/><E122/><V63/><F17/><W54/><G54/><T123/><D129/><U130/><E130/><V23/><F23/><AGARI ba="0,0" hai="4,10,13,23,27,28,36,37,47,50,52,87,89,95" machi="23" ten="30,3900,0" yaku="7,1,52,1,54,1" doraHai="51" who="3" fromWho="2" sc="173,0,198,0,250,-39,379,39" /><INIT seed="3,0,0,4,5,17" ten="173,198,211,418" oya="3" hai0="118,27,125,58,45,61,119,57,62,38,6,47,128" hai1="72,1,53,31,111,28,71,73,82,20,68,2,15" hai2="41,109,96,91,100,18,89,8,75,106,12,93,132" hai3="85,108,49,105,99,83,90,46,86,22,102,126,63"/><W78/><G126/><T36/><D6/><U60/><E15/><V131/><F75/><W40/><G108/><T70/><D27/><U32/><E60/><V74/><F74/><W13/><G63/><T112/><D70/><U59/><E111/><V7/><F109/><W42/><G42/><T4/><D4/><U50/><E82/><V26/><F131/><W84/><G13/><T48/><D125/><U127/><E127/><V134/><F41/><W80/><G22/><T24/><D24/><U76/><E76/><V56/><F56/><W110/><G110/><T66/><D128/><U5/><E59/><V122/><F122/><W94/><G83/><T14/><D14/><U44/><E5/><V129/><F129/><W117/><G117/><T79/><D79/><U30/><E32/><V3/><F26/><W64/><G64/><T43/><D112/><U123/><E123/><V92/><F92/><W34/><G34/><T54/><D38/><U67/><E67/><AGARI ba="0,0" hai="36,43,45,47,48,54,57,58,61,62,66,67,118,119" machi="67" ten="30,8000,1" yaku="7,1,9,1,34,3" doraHai="17" who="0" fromWho="1" sc="173,80,198,-80,211,0,418,0" /><INIT seed="4,0,0,0,2,44" ten="253,118,211,418" oya="0" hai0="122,126,5,51,25,104,3,68,80,53,72,28,17" hai1="58,1,117,90,46,35,111,62,18,106,110,19,130" hai2="73,112,93,59,32,76,61,42,15,124,13,109,65" hai3="119,67,102,70,133,16,95,11,86,135,99,48,30"/><T64/><D122/><U118/><E106/><V120/><F32/><W54/><G30/><T116/><D116/><N who="1" m="44651" /><E90/><V6/><F120/><W9/><G119/><T47/><D104/><U8/><E46/><V91/><F109/><N who="1" m="41481" /><E58/><V71/><F71/><W37/><G37/><T29/><D68/><U43/><E62/><V60/><F60/><W52/><G54/><T10/><D64/><U128/><E43/><V2/><F42/><W57/><G86/><T24/><D126/><U66/><E35/><V49/><F124/><W39/><G39/><T96/><D96/><U7/><E66/><V115/><F76/><W77/><G77/><T127/><D127/><U75/><E75/><V31/><F73/><W134/><G67/><T50/><D72/><U108/><N who="1" m="41489" /><U20/><DORA hai="105" /><E20/><V83/><F83/><W34/><G70/><T55/><D80/><U101/><E101/><V87/><F61/><W85/><G34/><T21/><D55/><U114/><E114/><V94/><F94/><W74/><G85/><T4/><D21/><U63/><E63/><V56/><F65/><W81/><G81/><T14/><D53/><U79/><E79/><V78/><F78/><W41/><G74/><T131/><D47/><U88/><E88/><V84/><F91/><W23/><G41/><T100/><D100/><U82/><E82/><V69/><F69/><W0/><G0/><T92/><D3/><U107/><E107/><V132/><F2/><W45/><G45/><T27/><D92/><U103/><E103/><V129/><F87/><W26/><AGARI ba="0,0" hai="9,11,16,23,26,48,52,57,95,99,102,133,134,135" machi="26" ten="30,8000,1" yaku="0,1,20,1,52,1,54,2" doraHai="44,105" who="3" fromWho="3" sc="253,-40,118,-20,211,-20,418,80" /><INIT seed="5,0,0,2,3,101" ten="213,98,191,498" oya="1" hai0="134,28,84,120,30,21,87,52,36,100,26,14,75" hai1="96,50,44,18,7,6,102,85,29,76,5,73,114" hai2="122,17,93,78,99,80,82,38,25,89,59,121,71" hai3="53,51,66,1,0,41,39,34,54,31,45,94,4"/><U81/><E114/><V11/><F71/><W124/><G124/><T128/><D75/><U61/><E29/><V126/><F38/><W133/><G66/><T60/><D36/><U86/><E61/><V111/><F111/><W22/><G34/><T15/><D134/><U20/><E20/><V19/><F126/><W12/><G53/><T129/><D120/><U56/><E56/><V67/><F80/><W37/><G37/><T90/><D30/><U127/><E18/><V131/><F131/><N who="0" m="50250" /><D100/><U109/><E109/><V106/><F19/><W107/><G12/><N who="0" m="4651" /><D90/><U9/><E9/><V40/><F11/><W83/><G51/><T105/><D105/><U113/><E113/><V74/><F106/><W79/><G45/><T10/><D10/><U49/><E127/><V117/><F117/><W91/><G41/><T108/><D108/><U112/><E112/><V69/><F40/><W27/><G22/><T103/><D103/><U62/><E62/><V57/><F121/><W33/><G54/><T13/><N who="0" m="4659" /><T110/><DORA hai="35" /><D110/><U8/><E8/><V32/><F122/><W64/><G31/><T97/><D97/><U95/><REACH who="1" step="1"/><E50/><REACH who="1" ten="213,88,191,498" step="2"/><V98/><F32/><W43/><G33/><T77/><D21/><U2/><E2/><V135/><F17/><W65/><G0/><T46/><D28/><U115/><E115/><V3/><F3/><W68/><G1/><T118/><D118/><U123/><E123/><V23/><F23/><W55/><G39/><T119/><D119/><U47/><E47/><V48/><F48/><W132/><G133/><T63/><D46/><RYUUKYOKU ba="0,1" sc="213,-10,88,30,191,-10,498,-10" hai1="5,6,7,44,49,73,76,81,85,86,95,96,102" /><INIT seed="5,1,1,3,3,128" ten="203,118,181,488" oya="1" hai0="35,54,32,130,91,116,100,96,117,71,39,132,37" hai1="111,52,74,47,34,6,89,122,134,18,57,105,0" hai2="127,94,4,73,14,88,21,64,82,5,125,61,66" hai3="93,58,129,11,124,27,80,101,81,115,119,131,77"/><U83/><E122/><V95/><F21/><W121/><G119/><T49/><D130/><N who="3" m="49673" /><G121/><T62/><D91/><U16/><E105/><V123/><F123/><W109/><G109/><T28/><D49/><N who="1" m="28735" /><E34/><V133/><F14/><W113/><G124/><T22/><D35/><U42/><E74/><V112/><F112/><W3/><G27/><T59/><D71/><U10/><E111/><V55/><F55/><W68/><G58/><T110/><D32/><U84/><E42/><V104/><F104/><W60/><G81/><T1/><D110/><U33/><E33/><V65/><F61/><W15/><G60/><T43/><D43/><U108/><E108/><V135/><F73/><N who="3" m="43055" /><G68/><T98/><D62/><U99/><E57/><V36/><F36/><W106/><G106/><T25/><D59/><U7/><E134/><N who="2" m="51211" /><F4/><N who="1" m="1577" /><E0/><V79/><F5/><N who="3" m="3567" /><G3/><T23/><D1/><U69/><E69/><V30/><F30/><W85/><G115/><T41/><D28/><U26/><E26/><V107/><F107/><W2/><G113/><T9/><D25/><U48/><E48/><V118/><F118/><W46/><G46/><T50/><D50/><U56/><E56/><V102/><F127/><W40/><G40/><T53/><D41/><U17/><E10/><V31/><F31/><W76/><G2/><T51/><D132/><U114/><E114/><V13/><F125/><W12/><G12/><T90/><D39/><U86/><E83/><V120/><F13/><W45/><G45/><T126/><D117/><U75/><E75/><V92/><F120/><W8/><G8/><T63/><D116/><RYUUKYOKU ba="1,1" sc="203,-10,118,30,181,-10,488,-10" hai1="16,17,18,84,86,89,99" /><INIT seed="5,2,1,2,5,89" ten="193,148,171,478" oya="1" hai0="3,27,80,28,72,12,38,15,75,135,35,121,118" hai1="10,34,120,47,88,6,56,86,29,91,39,85,130" hai2="30,123,99,53,43,70,55,115,49,61,114,103,107" hai3="129,132,94,113,1,5,2,95,20,36,98,23,100"/><U73/><E120/><V87/><F123/><W59/><G36/><T110/><D80/><N who="1" m="49223" /><E73/><V76/><F30/><W52/><G132/><T58/><D58/><U13/><E34/><V111/><F111/><W116/><G129/><T134/><D38/><U67/><E39/><V109/><F109/><W71/><G113/><N who="2" m="43017" /><F43/><W92/><G71/><T64/><D64/><U16/><E130/><V90/><F76/><W51/><G116/><T4/><D75/><U41/><E29/><V74/><F74/><W50/><G50/><T14/><D72/><U102/><E102/><V83/><F49/><W40/><G40/><T17/><D110/><U84/><E41/><V18/><F18/><W57/><G57/><T19/><D121/><U96/><E47/><V9/><F9/><W93/><REACH who="3" step="1"/><G5/><REACH who="3" ten="193,148,171,468" step="2"/><T24/><D118/><U46/><E6/><V124/><F124/><W133/><G133/><T60/><D135/><U81/><E46/><V82/><F70/><W68/><G68/><T22/><D134/><U108/><E108/><V42/><F42/><W101/><G101/><T105/><D60/><N who="1" m="38279" /><E81/><V78/><F61/><W54/><G54/><T63/><D63/><U79/><E79/><V45/><F45/><W7/><G7/><T66/><D4/><U32/><E32/><V106/><F78/><W11/><G11/><T33/><D35/><U128/><E128/><V131/><F131/><W97/><G97/><T21/><D33/><U126/><E126/><V48/><F83/><W112/><G112/><T8/><D8/><U119/><E119/><V37/><F37/><W44/><G44/><RYUUKYOKU ba="2,2" sc="193,-15,148,15,171,-15,468,15" hai1="10,13,16,84,85,91,96" hai3="1,2,20,23,51,52,59,92,93,94,95,98,100" /><INIT seed="5,3,2,5,4,117" ten="178,163,156,483" oya="1" hai0="64,34,60,38,46,133,1,107,33,76,90,121,35" hai1="8,87,108,131,89,23,88,81,114,11,58,118,97" hai2="79,26,73,80,12,67,6,13,123,42,5,104,16" hai3="10,99,85,41,51,20,48,63,69,30,105,102,82"/><U39/><E39/><V59/><F104/><W27/><G41/><T113/><D1/><U61/><E118/><V92/><F42/><W21/><G10/><N who="1" m="3626" /><E108/><V84/><F123/><W7/><G7/><N who="2" m="2569" /><F73/><W22/><G51/><T0/><D0/><U40/><E131/><V25/><F92/><W127/><G48/><T28/><D107/><U53/><E114/><V77/><F79/><W17/><G127/><T128/><D113/><U109/><E109/><V65/><F12/><W2/><G2/><T110/><D110/><U96/><E40/><V14/><F13/><W75/><G75/><T135/><D128/><U31/><E89/><V32/><F32/><W54/><G17/><T19/><D76/><U72/><E72/><V66/><F59/><W47/><G47/><T115/><D115/><U78/><E78/><V44/><F44/><W125/><G125/><T3/><D3/><U55/><E55/><V122/><F122/><W129/><G129/><T101/><D121/><U100/><E100/><V130/><F130/><W111/><G111/><T9/><D46/><U68/><E68/><V126/><F126/><W71/><G71/><T120/><D120/><U95/><E95/><V74/><F74/><W50/><G69/><T43/><D43/><U49/><E61/><V91/><F77/><W93/><G63/><T94/><D60/><U36/><E36/><V124/><F124/><W56/><G105/><T15/><D38/><U112/><E112/><V29/><F29/><W116/><G116/><T18/><D28/><U132/><E132/><V57/><F57/><W86/><G82/><RYUUKYOKU ba="3,2" sc="178,-30,163,10,156,10,483,10" hai1="23,31,49,53,58,81,87,88,96,97" hai2="14,16,25,26,65,66,67,80,84,91" hai3="20,21,22,27,30,50,54,56,85,86,93,99,102" /><INIT seed="5,4,2,2,1,48" ten="148,173,166,493" oya="1" hai0="106,82,45,85,111,51,3,76,127,88,7,22,28" hai1="79,59,123,108,132,104,41,83,24,43,13,50,121" hai2="133,53,20,114,109,60,84,64,33,27,125,57,65" hai3="86,18,95,105,35,80,120,92,107,21,58,96,17"/><U62/><E104/><V0/><F0/><W119/><G35/><T38/><D111/><U124/><E108/><V93/><F109/><W78/><G120/><T98/><D38/><U101/><E123/><V71/><F114/><W10/><G119/><T129/><D127/><U128/><E121/><V12/><F125/><W23/><G10/><T14/><D129/><U91/><E124/><V55/><F33/><W6/><G6/><T49/><D3/><U19/><E128/><V36/><F36/><W126/><G95/><N who="0" m="56679" /><D106/><U66/><E132/><V34/><F34/><W67/><G126/><T40/><D51/><U42/><E101/><V25/><F133/><W29/><G23/><T81/><D81/><U5/><E91/><N who="2" m="53479" /><F71/><W1/><G18/><N who="0" m="10583" /><D7/><U16/><E50/><V116/><F116/><W69/><G69/><T46/><D46/><U77/><E24/><N who="2" m="9291" /><F20/><W117/><G21/><T68/><D68/><U97/><E97/><V99/><F99/><W8/><G96/><T15/><D15/><U131/><E131/><V134/><F134/><W4/><G1/><T74/><D74/><U130/><E130/><V63/><F12/><W37/><G37/><T112/><D112/><U54/><E5/><V44/><F44/><W61/><G4/><T72/><D72/><N who="1" m="43431" /><E79/><V9/><F9/><W110/><G8/><T122/><D122/><U102/><E102/><V103/><F103/><W70/><G107/><T75/><D75/><U56/><E13/><V135/><F135/><W90/><G105/><T39/><D39/><U87/><E87/><V52/><F60/><W2/><G110/><RYUUKYOKU ba="4,2" sc="148,10,173,10,166,10,493,-30" hai0="28,40,45,49,76,82,85" hai1="16,19,41,42,43,54,56,59,62,66" hai2="52,53,55,57,63,64,65" /><INIT seed="5,5,2,2,1,102" ten="158,183,176,463" oya="1" hai0="110,93,91,60,113,62,37,19,107,24,125,131,119" hai1="48,44,121,117,58,59,123,45,33,129,27,100,31" hai2="41,99,101,0,57,50,7,42,82,17,77,63,55" hai3="21,92,28,65,49,20,3,38,127,88,61,89,108"/><U132/><E117/><V114/><F7/><W81/><G38/><T52/><D37/><U40/><E129/><V124/><F0/><W76/><G3/><T35/><D110/><U79/><E132/><V95/><F124/><W29/><G108/><T16/><D119/><U126/><E126/><V73/><F114/><W115/><G127/><T47/><D125/><U74/><E100/><V26/><F17/><W94/><G115/><T122/><D113/><U71/><E71/><V86/><F26/><W66/><G49/><T70/><D131/><U104/><E104/><V2/><F2/><W64/><G61/><T5/><D107/><U14/><E14/><V134/><F134/><W18/><G18/><T78/><D78/><U133/><E133/><V15/><F15/><W111/><G111/><T103/><D103/><U75/><E45/><N who="2" m="28111" /><F73/><W67/><G67/><AGARI ba="5,2" hai="41,42,57,63,67,77,82,86,95,99,101" m="28111" machi="67" ten="30,1000,0" yaku="8,1" doraHai="102" who="2" fromWho="3" sc="158,0,183,0,176,45,463,-25" /><INIT seed="6,0,0,0,0,88" ten="158,183,221,438" oya="2" hai0="23,36,112,28,69,95,130,93,32,20,122,97,94" hai1="1,54,38,96,33,35,8,47,67,75,64,120,6" hai2="44,65,14,126,111,121,55,123,17,42,92,16,103" hai3="108,11,104,29,101,127,131,31,119,61,48,132,27"/><V118/><F118/><W133/><G101/><T3/><D122/><U66/><E120/><V19/><F111/><W128/><G104/><T82/><D69/><U78/><E96/><V2/><F2/><W18/><G119/><T102/><D36/><U89/><E89/><V45/><F65/><W84/><G84/><T50/><D3/><U21/><E21/><V85/><F126/><W107/><G48/><T40/><D130/><N who="3" m="49705" /><G61/><T53/><D40/><N who="1" m="22935" /><E54/><V39/><F14/><N who="3" m="7519" /><G107/><T99/><D112/><U34/><E66/><V43/><F55/><W109/><G31/><T80/><D28/><U100/><E100/><V4/><F4/><W46/><G46/><N who="0" m="27863" /><D32/><N who="1" m="8195" /><U63/><DORA hai="51" /><E63/><V105/><F105/><W83/><G127/><T7/><D7/><U15/><E15/><V58/><F58/><W91/><G29/><T56/><D56/><U98/><E98/><N who="0" m="37385" /><D102/><U5/><E5/><V26/><F103/><W9/><G109/><T124/><D124/><U135/><E135/><V12/><F121/><W117/><G132/><T0/><D0/><U87/><E87/><V10/><F123/><W73/><G133/><T113/><D113/><U62/><E62/><V71/><F71/><W41/><G108/><T49/><D49/><U52/><E52/><V59/><F39/><W81/><G117/><T116/><D116/><U30/><E30/><V60/><F42/><W115/><G41/><T77/><D77/><U86/><E86/><V13/><F43/><W25/><G115/><T72/><D72/><U125/><E125/><V134/><F134/><W22/><G73/><T90/><D90/><RYUUKYOKU ba="0,0" sc="158,15,183,15,221,-15,438,-15" hai0="20,23,80,82,93,94,95" hai1="1,6,8,64,67,75,78" /><INIT seed="7,1,0,1,4,11" ten="173,198,206,423" oya="3" hai0="16,35,91,82,112,103,34,115,44,94,58,9,113" hai1="117,122,75,40,125,41,121,111,30,90,102,7,69" hai2="62,64,6,105,50,48,27,93,71,120,17,126,134" hai3="49,123,52,98,54,36,55,3,86,24,129,80,2"/><W95/><G123/><T22/><D9/><U21/><E111/><V87/><F105/><W81/><G36/><T32/><D44/><U132/><E69/><V130/><F6/><W45/><G129/><T96/><D58/><U46/><E75/><V12/><F27/><W104/><G104/><T23/><D16/><U59/><E117/><V66/><F66/><W51/><G81/><T65/><D65/><U72/><E72/><V67/><F67/><W114/><G114/><T85/><AGARI ba="1,0" hai="22,23,32,34,35,82,85,91,94,96,103,112,113,115" machi="85" ten="40,5200,0" yaku="0,1,15,1,11,1" doraHai="11" who="0" fromWho="0" sc="173,55,198,-14,206,-14,423,-27" owari="228,3.0,184,-32.0,192,-21.0,396,50.0" /></mjloggm>