<mjloggm ver="2.3"><GO type="225" lobby="0"/><UN n0="%46%43%50%54%4B" n1="%E4%B8%8A%E5%AE%B6%E3%81%AF%E6%80%AA%E3%81%97%E3%81%84%EF%BC%81%EF%BC%81" n2="%E3%82%A6%E3%83%AB%E3%83%88%E3%83%A9%E7%AB%8B%E7%9B%B4" n3="%E7%88%86%E6%92%83%E3%81%A1%E3%82%83%E3%82%93" dan="16,16,17,16" rate="2079.78,2109.81,2101.79,2137.41" sx="M,M,M,M"/><TAIKYOKU oya="0"/><INIT seed="0,0,0,1,2,57" ten="250,250,250,250" oya="0" hai0="32,47,92,112,9,104,50,110,41,86,81,111,134" hai1="5,107,11,29,16,66,62,68,52,98,103,60,56" hai2="45,100,106,64,23,43,108,24,70,67,132,89,65" hai3="6,40,10,38,71,87,34,91,135,99,25,102,113"/><T46/><D112/><U122/><E29/><V95/><F132/><W93/><G113/><T28/><D104/><U101/><E101/><V123/><F123/><W8/><G135/><T73/><D134/><U51/><E122/><V75/><F75/><W22/><G34/><T84/><D73/><U124/><E124/><V30/><F108/><N who="0" m="41514" /><D32/><U21/><E11/><V94/><F106/><W97/><G71/><T128/><D128/><U0/><E5/><V36/><F100/><W96/><G102/><T42/><D28/><U7/><E7/><V133/><F133/><W35/><G35/><T2/><D92/><U74/><E0/><V58/><F94/><W49/><G38/><N who="0" m="21847" /><D81/><U129/><E74/><V130/><F130/><W116/><G116/><T18/><D18/><U61/><E129/><V44/><F45/><N who="3" m="25767" /><G6/><AGARI ba="0,0" hai="2,6,9,41,47,50,84,86" m="21847,41514" machi="6" ten="30,2900,0" yaku="14,1,10,1" doraHai="57" who="0" fromWho="3" sc="250,29,250,0,250,0,250,-29" /><INIT seed="0,1,0,1,3,127" ten="279,250,250,221" oya="0" hai0="88,68,119,50,108,10,62,135,111,118,73,82,95" hai1="38,107,69,31,18,26,56,52,6,40,43,70,133" hai2="106,28,21,30,22,78,103,53,12,57,39,123,66" hai3="34,19,94,25,15,63,134,126,16,14,81,29,32"/><T87/><D135/><U99/><E133/><V23/><F39/><W3/><G134/><T77/><D50/><U33/><E6/><V41/><F41/><W5/><G81/><T86/><D10/><U11/><E70/><V71/><F123/><W101/><G126/><T132/><D132/><U61/><E38/><V121/><F121/><W74/><G74/><T96/><D68/><U24/><E69/><V60/><F78/><W37/><G37/><T46/><D46/><U92/><E107/><V35/><F35/><N who="3" m="20911" /><G94/><T8/><D8/><U85/><E85/><N who="0" m="32265" /><D62/><U47/><E47/><V104/><F12/><N who="3" m="4651" /><G101/><T117/><AGARI ba="1,0" hai="73,77,82,88,95,96,108,111,117,118,119" m="32265" machi="117" ten="40,7800,0" yaku="34,2,54,1" doraHai="127" who="0" fromWho="0" sc="279,81,250,-27,250,-27,221,-27" /><INIT seed="0,2,0,2,1,86" ten="360,223,223,194" oya="0" hai0="80,92,112,44,36,95,24,87,29,12,120,84,32" hai1="59,118,133,27,99,88,57,11,129,96,97,117,2" hai2="67,38,98,62,63,28,15,70,89,124,81,115,72" hai3="22,58,3,76,78,134,42,66,16,1,26,39,90"/><T9/><D112/><U102/><E133/><V127/><F38/><W13/><G134/><T40/><D120/><U20/><E129/><V113/><F28/><W60/><G1/><T106/><D106/><U21/><E102/><V31/><F31/><W56/><G3/><T74/><D74/><U109/><E109/><V18/><F63/><W82/><G58/><T108/><D108/><U110/><E110/><V7/><F7/><W0/><G0/><T5/><REACH who="0" step="1"/><D87/><REACH who="0" ten="350,223,223,194" step="2"/><U122/><E122/><V50/><F72/><W101/><G78/><AGARI ba="2,1" hai="5,9,12,24,29,32,36,40,44,78,80,84,92,95" machi="78" ten="30,5800,0" yaku="1,1,2,1,7,1,53,0" doraHai="86" doraHaiUra="103" who="0" fromWho="3" sc="350,74,223,0,223,0,194,-64" /><INIT seed="0,3,0,1,0,45" ten="424,223,223,130" oya="0" hai0="49,47,130,90,77,71,79,107,2,58,61,126,9" hai1="115,67,43,62,116,8,99,74,75,27,80,21,127" hai2="40,7,28,97,76,112,135,6,4,101,48,89,106" hai3="22,55,113,111,118,1,83,103,120,29,117,86,100"/><T121/><D71/><U119/><E115/><V25/><F112/><W70/><G1/><T73/><D121/><U88/><E127/><V41/><F135/><W131/><G70/><T44/><D126/><U64/><E8/><V98/><F76/><W129/><G113/><T50/><D107/><U68/><E64/><V109/><F109/><W52/><G111/><T78/><D73/><U81/><E43/><V57/><F89/><W65/><G65/><T69/><D69/><U34/><E80/><V85/><F85/><W92/><G120/><T32/><D32/><U56/><E34/><V59/><F98/><W20/><G83/><T54/><D130/><U84/><E68/><V33/><REACH who="2" step="1"/><F59/><REACH who="2" ten="424,223,213,130" step="2"/><W16/><G86/><T3/><D90/><U125/><E125/><V13/><F13/><W91/><G91/><T87/><D87/><U53/><E75/><V94/><F94/><W14/><G92/><T108/><D108/><U10/><E74/><V134/><F134/><W37/><G103/><T96/><D96/><U19/><E99/><V95/><F95/><W110/><G100/><T122/><D122/><U66/><E116/><V36/><F36/><W42/><G110/><T35/><D79/><U38/><E38/><V104/><F104/><W51/><G37/><T133/><D78/><U102/><E119/><V15/><F15/><W5/><G118/><T26/><D133/><U82/><E102/><V128/><F128/><N who="3" m="49227" /><G117/><T18/><D77/><U114/><E84/><V17/><F17/><W105/><G105/><T24/><D18/><U31/><E88/><V72/><F72/><RYUUKYOKU ba="3,1" sc="424,-10,223,-10,213,30,130,-10" hai2="4,6,7,25,28,33,40,41,48,57,97,101,106" /><INIT seed="1,4,1,0,2,75" ten="414,213,243,120" oya="1" hai0="130,66,48,62,77,73,96,119,43,65,107,69,26" hai1="39,86,129,23,67,70,38,134,82,33,131,8,14" hai2="7,19,104,74,71,98,55,12,36,41,45,30,105" hai3="3,125,63,72,9,83,46,93,60,126,81,124,1"/><U28/><E33/><V76/><F71/><W101/><G46/><T135/><D119/><U106/><E106/><V42/><F42/><W58/><G9/><T29/><D130/><N who="1" m="49675" /><E134/><V5/><F30/><W47/><G47/><T120/><D135/><U10/><E67/><V64/><F64/><W13/><G13/><T16/><D120/><U25/><E70/><V54/><F55/><W97/><G63/><T37/><D37/><N who="1" m="13835" /><E14/><V116/><F54/><W92/><G92/><T27/><D66/><U111/><E111/><V31/><F116/><W121/><G121/><T102/><D27/><U11/><E8/><V78/><F105/><W87/><G72/><T114/><D26/><U4/><E4/><V132/><F132/><W99/><G99/><T34/><D34/><U15/><E15/><V84/><F98/><W103/><G103/><T85/><D107/><U17/><E28/><V49/><F31/><W57/><G57/><T44/><D69/><U90/><AGARI ba="4,1" hai="10,11,17,23,25,82,86,90" m="13835,49675" machi="90" ten="30,1500,0" yaku="19,1" doraHai="75" who="1" fromWho="1" sc="414,-9,213,37,243,-9,120,-9" /><INIT seed="1,5,0,4,3,117" ten="405,250,234,111" oya="1" hai0="126,87,15,40,88,97,16,5,98,119,59,127,100" hai1="130,23,134,9,111,106,20,80,64,36,110,79,121" hai2="92,46,76,68,12,4,95,39,114,1,66,71,61" hai3="49,3,27,57,24,128,101,91,116,65,85,50,53"/><U48/><E36/><V11/><F114/><W37/><G116/><T81/><D119/><U8/><E106/><V51/><F68/><W132/><G37/><T2/><D2/><U21/><E134/><V74/><F12/><W32/><G132/><T67/><D5/><U69/><E130/><V30/><F30/><W73/><G73/><T118/><D118/><U28/><E28/><V10/><F10/><W86/><G3/><T109/><D40/><U135/><E135/><V54/><F76/><W131/><G101/><T125/><D109/><N who="1" m="41483" /><E48/><V123/><F74/><W122/><G65/><T22/><REACH who="0" step="1"/><D100/><REACH who="0" ten="395,250,234,111" step="2"/><U17/><E17/><V7/><F7/><W105/><G105/><T83/><D83/><U44/><E80/><V70/><F4/><W41/><G41/><T43/><D43/><U108/><E108/><V115/><F1/><W82/><G82/><T13/><D13/><U26/><E26/><V113/><F113/><W103/><G103/><T33/><D33/><U94/><E79/><V78/><F78/><W102/><G102/><T34/><D34/><U133/><E133/><V14/><F115/><W89/><G32/><T75/><D75/><U104/><E104/><V60/><F14/><W63/><G53/><T47/><D47/><U35/><E44/><V31/><F46/><W38/><G38/><T112/><D112/><U42/><E35/><V0/><F39/><W93/><G93/><T58/><D58/><U120/><E94/><V90/><F95/><W29/><G57/><T62/><AGARI ba="5,1" hai="15,16,22,59,62,67,81,87,88,97,98,125,126,127" machi="62" ten="40,8000,1" yaku="1,1,0,1,18,1,54,2,53,0" doraHai="117" doraHaiUra="25" who="0" fromWho="0" sc="395,105,250,-45,234,-25,111,-25" /><INIT seed="2,0,0,5,4,0" ten="500,205,209,86" oya="2" hai0="117,34,26,122,1,36,67,109,102,8,87,98,42" hai1="4,25,73,134,79,32,82,84,104,119,111,115,35" hai2="96,37,51,15,31,124,7,13,106,71,54,114,93" hai3="129,116,43,120,70,72,131,45,20,44,92,29,95"/><V5/><F71/><W108/><G120/><T40/><D122/><U83/><E115/><V97/><F37/><W53/><G116/><T133/><D117/><U121/><E119/><V135/><F106/><W2/><G70/><T86/><D109/><U101/><E121/><V76/><F114/><W103/><G108/><T90/><D133/><U18/><E134/><V28/><F76/><W78/><G53/><T81/><D67/><U69/><E69/><V9/><F124/><W30/><G2/><T125/><D125/><U99/><E111/><V23/><F23/><W130/><G20/><T128/><D128/><U49/><E49/><V14/><F135/><W61/><G61/><T63/><D63/><U112/><E112/><V94/><F94/><W105/><G105/><T22/><D34/><U132/><E132/><V11/><F14/><W57/><G57/><T62/><D62/><U75/><E75/><V41/><F41/><W17/><G17/><T64/><D64/><U10/><E18/><V88/><F96/><W91/><G103/><T52/><D52/><U66/><E66/><V65/><F65/><W80/><G95/><N who="0" m="58719" /><D36/><U59/><E59/><AGARI ba="0,0" hai="5,7,9,11,13,15,28,31,51,54,59,88,93,97" machi="59" ten="30,18000,2" yaku="7,1,9,1,8,1,52,2,54,1" doraHai="0" who="2" fromWho="1" sc="500,0,205,-180,209,180,86,0" /><INIT seed="2,1,0,1,2,14" ten="500,25,389,86" oya="2" hai0="73,93,107,111,58,82,55,123,114,9,126,71,83" hai1="26,72,88,33,99,108,86,8,79,45,95,67,61" hai2="75,129,68,127,27,24,102,0,69,22,53,2,109" hai3="50,131,28,97,56,3,103,11,78,18,106,15,92"/><V5/><F75/><W43/><G131/><T100/><D114/><U119/><E119/><V42/><F129/><W60/><G3/><T66/><D123/><U81/><E108/><V1/><F109/><W47/><G28/><T120/><D111/><U12/><E45/><V118/><F118/><W110/><G110/><T133/><D120/><U10/><E8/><V37/><F127/><W19/><G78/><T101/><D126/><U17/><E26/><V7/><F42/><W52/><G106/><T80/><D107/><U41/><E41/><V59/><F102/><W57/><G56/><T113/><D113/><U39/><E33/><V104/><F37/><W91/><G103/><T31/><D71/><U116/><E39/><V76/><F76/><W124/><G124/><T51/><D66/><U70/><REACH who="1" step="1"/><E116/><REACH who="1" ten="500,15,389,86" step="2"/><V121/><F121/><W40/><G43/><T87/><D9/><U105/><E105/><V98/><F2/><W35/><G35/><T85/><D133/><U38/><E38/><V64/><F27/><W62/><G40/><T74/><D74/><AGARI ba="1,1" hai="10,12,17,61,67,70,72,74,79,81,86,88,95,99" machi="74" ten="40,5200,0" yaku="1,1,52,1,54,1,53,0" doraHai="14" doraHaiUra="117" who="1" fromWho="0" sc="500,-55,15,65,389,0,86,0" /><INIT seed="3,0,0,0,0,109" ten="445,80,389,86" oya="3" hai0="68,123,42,50,15,126,26,9,54,31,76,87,14" hai1="6,102,95,35,112,29,40,130,98,52,58,94,67" hai2="8,3,129,96,7,128,118,99,30,122,0,134,25" hai3="132,62,83,32,47,65,45,115,66,82,71,39,79"/><W34/><G115/><T1/><D123/><U107/><E112/><V33/><F118/><W131/><G83/><N who="0" m="47591" /><D68/><U101/><E130/><N who="2" m="50283" /><F122/><W46/><G131/><T116/><D116/><U133/><E133/><V23/><F134/><W22/><G132/><T27/><D1/><U114/><E114/><V5/><F99/><W2/><G2/><T61/><D126/><U91/><E67/><V92/><F92/><W105/><G105/><T28/><D42/><U69/><E69/><V100/><F96/><W111/><G111/><T57/><D61/><U20/><E35/><V125/><F100/><N who="1" m="38505" /><E40/><V90/><F90/><W13/><G66/><T48/><D48/><N who="1" m="30983" /><E107/><V113/><F125/><W38/><G34/><T17/><D14/><U56/><E94/><V81/><F81/><W10/><G32/><T43/><D43/><U41/><E41/><V103/><F103/><W63/><G63/><T55/><D54/><U86/><E6/><V127/><F113/><W4/><REACH who="3" step="1"/><G22/><REACH who="3" ten="445,80,389,76" step="2"/><N who="0" m="13647" /><D27/><N who="1" m="16615" /><E56/><V75/><F127/><W121/><G121/><T70/><D70/><U135/><E135/><V11/><F75/><AGARI ba="0,1" hai="4,10,13,38,39,45,46,47,62,65,71,75,79,82" machi="75" ten="40,3900,0" yaku="1,1,53,1" doraHai="109" doraHaiUra="106" who="3" fromWho="2" sc="445,0,80,0,389,-39,76,49" /><INIT seed="3,1,0,4,2,30" ten="445,80,350,125" oya="3" hai0="89,32,106,16,29,78,94,33,116,14,61,105,117" hai1="126,50,68,96,5,52,53,84,90,64,40,119,4" hai2="13,12,80,97,56,0,8,72,79,65,48,125,42" hai3="49,9,85,66,129,82,47,38,99,15,2,75,104"/><W23/><G75/><T1/><D1/><U87/><E119/><V41/><F0/><W3/><G38/><T17/><D78/><U113/><E113/><V11/><F125/><W70/><G129/><T95/><D29/><U20/><E126/><V10/><F97/><W111/><G23/><T71/><D71/><U54/><E96/><V128/><F128/><W120/><G120/><T121/><D61/><U44/><E87/><V108/><F108/><W133/><G111/><T92/><D121/><U67/><E20/><V98/><F98/><W131/><G131/><T86/><D86/><U118/><E118/><N who="0" m="45673" /><D14/><U58/><E68/><V45/><F42/><W7/><G133/><T91/><D91/><U114/><E114/><V76/><F76/><W21/><G21/><T26/><D26/><U107/><E107/><N who="0" m="40969" /><D89/><U130/><E130/><V31/><F31/><W22/><G22/><T109/><D109/><U51/><E64/><V74/><F74/><W46/><G66/><T43/><D43/><U81/><REACH who="1" step="1"/><E50/><REACH who="1" ten="445,70,350,125" step="2"/><V103/><F103/><N who="3" m="62591" /><G70/><T88/><D88/><U34/><E34/><AGARI ba="1,1" hai="16,17,32,33,34,92,94,95" m="40969,45673" machi="34" ten="40,12000,2" yaku="28,2,52,3,54,1" doraHai="30" who="0" fromWho="1" sc="445,133,70,-123,350,0,125,0" owari="578,67.0,-53,-55.0,350,15.0,125,-27.0" /></mjloggm>