<mjloggm ver="2.3"><GO type="169" lobby="0"/><UN n0="%E3%81%97%E3%81%8A%E3%81%BE%E3%81%AD%E3%81%8D" n1="%66%75%6B%75%30%32" n2="%E3%81%A0%E3%81%A3%E3%81%A6%E3%81%84%E3%81%86" n3="%E3%82%A6%E3%83%AB%E3%83%88%E3%83%A9%E7%AB%8B%E7%9B%B4" dan="16,17,16,18" rate="2144.81,2212.79,2094.75,2209.31" sx="M,M,M,M"/><TAIKYOKU oya="0"/><INIT seed="0,0,0,4,3,112" ten="250,250,250,250" oya="0" hai0="45,74,108,25,20,64,83,49,8,90,100,120,27" hai1="30,63,93,99,130,34,35,5,23,18,126,73,55" hai2="52,133,36,106,96,91,129,97,107,134,46,65,26" hai3="22,47,6,44,42,48,119,116,81,110,95,40,113"/><T59/><D120/><U58/><E73/><V0/><F0/><W29/><G113/><T32/><D32/><U15/><E126/><V17/><F129/><W124/><G124/><T104/><D27/><U68/><E130/><V85/><F65/><W51/><G110/><T118/><D108/><U43/><E68/><V117/><F26/><W125/><G125/><T3/><D100/><U4/><E43/><V75/><F17/><W103/><G6/><T21/><D104/><N who="2" m="39978" /><F36/><W102/><G81/><T84/><D74/><U82/><E82/><N who="2" m="49591" /><F75/><W13/><G29/><T105/><D105/><U109/><E109/><V60/><F60/><W38/><G38/><T123/><D123/><U86/><E86/><V72/><F72/><W19/><G95/><T77/><D8/><U31/><E35/><V41/><F41/><W131/><G131/><T79/><D3/><U66/><E66/><V70/><F70/><W61/><G61/><T62/><D21/><U122/><E122/><V88/><F117/><AGARI ba="0,0" hai="13,19,22,40,42,44,47,48,51,102,103,116,117,119" machi="117" ten="40,8000,1" yaku="9,1,52,3" doraHai="112" who="3" fromWho="2" sc="250,0,250,0,250,-80,250,80" /><INIT seed="1,0,0,1,4,109" ten="250,250,170,330" oya="1" hai0="19,92,10,60,118,24,35,29,6,52,124,36,31" hai1="14,46,93,84,20,101,2,37,94,70,21,1,7" hai2="125,72,75,34,114,5,13,12,74,9,43,3,71" hai3="85,88,48,113,100,27,68,65,89,119,76,121,38"/><U4/><E70/><V130/><F71/><W56/><G38/><T0/><D36/><U122/><E122/><V126/><F43/><W107/><G121/><T47/><D118/><U50/><E37/><V127/><F34/><W15/><G76/><T98/><D124/><U28/><E1/><V79/><F79/><W41/><G89/><T8/><D35/><U69/><E69/><V80/><F80/><W16/><G27/><T95/><D95/><U102/><E2/><V42/><F42/><W134/><G134/><T33/><D33/><U45/><E28/><V99/><F130/><W59/><G59/><T104/><D104/><U129/><E129/><V111/><F111/><W90/><G90/><T54/><D54/><U17/><E84/><V112/><F99/><W128/><G100/><T39/><D39/><U44/><E50/><V57/><F57/><W86/><G107/><T55/><D55/><U132/><E132/><V63/><F63/><W73/><G86/><T87/><D87/><U106/><E106/><V18/><F3/><W30/><G73/><T11/><D6/><N who="1" m="2091" /><E21/><AGARI ba="0,0" hai="5,9,12,13,18,21,72,74,75,112,114,125,126,127" machi="21" ten="50,6400,0" yaku="18,1,52,2" doraHai="109" who="2" fromWho="1" sc="250,0,250,-64,170,64,330,0" /><INIT seed="2,0,0,3,4,80" ten="250,186,234,330" oya="2" hai0="53,87,4,71,45,49,22,77,103,108,21,125,41" hai1="24,51,11,133,63,14,56,101,48,89,121,127,119" hai2="0,115,129,96,79,122,94,116,91,1,83,64,105" hai3="70,104,68,43,6,54,109,134,106,44,8,128,92"/><V76/><F116/><W85/><G54/><T12/><D108/><U130/><E119/><V82/><F122/><W37/><G109/><T9/><D71/><U27/><E121/><V73/><F64/><W113/><G128/><T35/><D35/><U75/><E75/><V33/><F33/><W84/><G134/><T93/><D125/><U124/><E133/><V95/><F129/><W23/><G23/><T65/><D65/><N who="1" m="39143" /><E130/><V107/><F1/><W34/><G34/><T32/><D32/><U20/><E101/><N who="2" m="60575" /><F0/><W31/><G106/><T100/><D53/><U18/><E27/><V123/><F123/><W74/><G104/><T26/><D22/><U59/><E59/><V3/><F3/><W66/><G74/><T55/><D55/><U29/><E89/><V19/><F19/><W2/><G31/><N who="0" m="17871" /><D77/><U98/><E98/><N who="2" m="57695" /><F115/><W81/><G66/><T50/><D103/><U16/><E29/><V5/><F5/><W135/><G135/><T97/><D100/><U17/><E17/><V99/><F99/><W57/><G113/><T110/><D97/><U72/><E72/><AGARI ba="0,0" hai="72,73,76,79,82,83,105,107" m="57695,60575" machi="72" ten="30,12000,1" yaku="35,5" doraHai="80" who="2" fromWho="1" sc="250,0,186,-120,234,120,330,0" /><INIT seed="2,1,0,4,2,123" ten="250,66,354,330" oya="2" hai0="89,69,114,37,70,36,8,90,126,55,111,12,21" hai1="87,130,52,60,24,92,44,120,96,98,54,14,121" hai2="61,134,57,2,118,91,104,115,81,108,68,112,128" hai3="83,125,132,119,78,29,16,94,6,38,103,73,4"/><V18/><F118/><W32/><G119/><T64/><D114/><U9/><E130/><V19/><F2/><W71/><G38/><T13/><D55/><N who="1" m="21035" /><E44/><V51/><F128/><W124/><G71/><T39/><D126/><N who="3" m="48745" /><G132/><T58/><D21/><U95/><E60/><V20/><F51/><W127/><G127/><T75/><D75/><U1/><E1/><V67/><F91/><W15/><G29/><T99/><D99/><N who="1" m="37931" /><E24/><V105/><F18/><W59/><G32/><T65/><D39/><U7/><E87/><V53/><F134/><W35/><G35/><T107/><D107/><U93/><E121/><V49/><F104/><W50/><G50/><T66/><D66/><U48/><E120/><V45/><F105/><W5/><G59/><T56/><REACH who="0" step="1"/><D8/><REACH who="0" ten="240,66,354,330" step="2"/><U17/><E48/><V102/><F49/><W3/><G73/><T116/><D116/><U100/><E100/><V10/><F102/><W63/><G103/><T27/><D27/><U122/><E122/><V23/><F53/><W109/><G63/><T97/><D97/><U82/><E82/><V41/><F81/><W85/><G83/><T11/><D11/><U101/><E101/><V0/><F10/><W42/><G85/><T80/><D80/><U33/><E33/><V133/><F61/><W117/><G117/><T88/><D88/><U84/><E84/><V86/><F86/><W47/><G94/><T40/><D40/><U77/><E77/><V34/><F41/><W43/><G42/><T76/><D76/><U46/><E46/><V28/><F34/><W25/><G43/><T131/><D131/><RYUUKYOKU ba="1,1" sc="240,15,66,15,354,-15,330,-15" hai0="12,13,36,37,56,58,64,65,69,70,89,90,111" hai1="7,9,14,17,92,93,95" /><INIT seed="3,2,1,0,5,72" ten="255,81,339,315" oya="3" hai0="76,67,28,129,54,70,45,59,32,94,15,60,13" hai1="39,31,63,82,8,127,26,69,92,105,17,126,12" hai2="43,124,122,108,91,81,130,90,0,64,29,51,7" hai3="40,58,99,61,111,47,88,33,35,98,114,107,46"/><W9/><G114/><T5/><D129/><U3/><E39/><V85/><F130/><W117/><G117/><T120/><D120/><U14/><E105/><V20/><F108/><W133/><G133/><T68/><D94/><U19/><E3/><V34/><F34/><W48/><G111/><T116/><D116/><U93/><E82/><V73/><F73/><W121/><G121/><T41/><D28/><U125/><E63/><V135/><F124/><W27/><G9/><T6/><D32/><U106/><E69/><V87/><F64/><W78/><G47/><T22/><D70/><U86/><E86/><V4/><F0/><W42/><G42/><T102/><D102/><U23/><REACH who="1" step="1"/><E106/><REACH who="1" ten="255,71,339,315" step="2"/><V11/><F87/><W119/><G107/><T57/><D68/><U132/><E132/><V50/><F85/><W131/><G119/><T79/><D6/><U74/><E74/><V104/><F7/><W66/><G131/><T38/><D5/><U24/><E24/><V96/><F4/><W128/><G27/><T25/><D15/><U56/><E56/><V113/><F104/><W123/><G123/><T49/><D25/><U2/><E2/><V44/><F122/><W21/><G128/><T83/><D83/><U109/><E109/><V10/><F81/><W97/><G58/><T52/><D38/><U75/><E75/><V1/><F1/><W37/><G61/><N who="0" m="36007" /><D67/><U36/><E36/><V62/><F135/><W30/><G66/><T71/><D71/><U118/><E118/><V103/><F62/><W115/><G37/><T101/><D101/><U110/><E110/><RYUUKYOKU ba="2,2" sc="255,15,71,15,339,-15,315,-15" hai0="13,22,41,45,49,54,59,60,76,79" hai1="8,12,14,17,19,23,26,31,92,93,125,126,127" /><INIT seed="4,3,2,1,5,27" ten="270,86,324,300" oya="0" hai0="3,119,109,89,96,69,8,52,24,95,9,124,10" hai1="134,103,14,127,132,118,56,73,38,6,98,102,32" hai2="50,61,128,16,93,63,29,62,41,54,121,75,90" hai3="79,110,72,37,46,125,112,55,76,26,91,19,99"/><T114/><D69/><U12/><E73/><V34/><F75/><W28/><G110/><T1/><D119/><U120/><E38/><V74/><F74/><W20/><G112/><T0/><D114/><U71/><E71/><V108/><F121/><W5/><G125/><T116/><D116/><U66/><E118/><V65/><F108/><W57/><G5/><T64/><D109/><U133/><E120/><V88/><F128/><W47/><G37/><T15/><D124/><U84/><E127/><V113/><F41/><W77/><G19/><T87/><D64/><U78/><E32/><V67/><F90/><W51/><G72/><T30/><D15/><U126/><E126/><V81/><F81/><W59/><G57/><T97/><REACH who="0" step="1"/><D52/><REACH who="0" ten="260,86,324,300" step="2"/><U17/><E12/><V39/><F65/><W33/><G59/><T44/><D44/><U94/><E6/><V122/><F67/><W115/><G47/><T68/><D68/><U104/><E56/><V25/><F113/><W31/><G115/><T23/><AGARI ba="3,3" hai="0,1,3,8,9,10,23,24,30,87,89,95,96,97" machi="23" ten="40,7800,0" yaku="1,1,0,1,52,1,53,0" doraHai="27" doraHaiUra="100" who="0" fromWho="0" sc="260,117,86,-29,324,-29,300,-29" /><INIT seed="4,4,0,1,0,32" ten="377,57,295,271" oya="0" hai0="134,131,27,101,7,88,46,110,47,38,123,28,76" hai1="113,87,121,4,37,91,106,75,40,132,81,86,119" hai2="109,80,118,60,128,1,63,6,54,19,23,130,31" hai3="10,65,12,107,120,68,56,0,73,48,5,116,14"/><T97/><D123/><U95/><E106/><V84/><F109/><W89/><G116/><T82/><D110/><U99/><E121/><V34/><F118/><W44/><G120/><T35/><D134/><U115/><E119/><V41/><F41/><W127/><G73/><T8/><D131/><N who="2" m="50218" /><F34/><W52/><G127/><T135/><D135/><U93/><E4/><V61/><F31/><W18/><G107/><T78/><D38/><U67/><E132/><V33/><F33/><W50/><G89/><T125/><D125/><U20/><E67/><V129/><F54/><W30/><G30/><T100/><D88/><N who="1" m="55783" /><E20/><V45/><F45/><W51/><G50/><T57/><D57/><U77/><E40/><V111/><F111/><W72/><G72/><T49/><D49/><U114/><E37/><V117/><F117/><W74/><G74/><AGARI ba="4,0" hai="74,75,77,81,86,87,91,93,113,114,115" m="55783" machi="74" ten="30,8000,1" yaku="15,1,11,1,34,2,54,1" doraHai="32" who="1" fromWho="3" sc="377,0,57,92,295,0,271,-92" /><INIT seed="5,0,0,3,4,70" ten="377,149,295,179" oya="1" hai0="113,95,106,99,133,108,28,71,53,81,13,130,49" hai1="60,16,72,1,80,67,44,107,104,20,82,132,12" hai2="34,89,37,10,69,76,32,94,27,127,55,88,9" hai3="115,101,61,51,68,93,24,96,92,128,22,7,59"/><U47/><E1/><V19/><F69/><W26/><G128/><T126/><D108/><U123/><E123/><V33/><F127/><W35/><G115/><T85/><D71/><U39/><E132/><V110/><F110/><W42/><G7/><T54/><D113/><U21/><E21/><V23/><F76/><W119/><G119/><T66/><D133/><U86/><E72/><V58/><F37/><W120/><G120/><T125/><D66/><U87/><E87/><V114/><F114/><W105/><G26/><T43/><D106/><U40/><E47/><V5/><F5/><W0/><G0/><T3/><D3/><U64/><E82/><V103/><F103/><W77/><G77/><T134/><D134/><U75/><E75/><V98/><REACH who="2" step="1"/><F89/><REACH who="2" ten="377,149,285,179" step="2"/><W100/><G100/><T124/><D124/><U135/><E135/><V62/><AGARI ba="0,1" hai="9,10,19,23,27,32,33,34,55,58,62,88,94,98" machi="62" ten="30,16000,3" yaku="1,1,2,1,0,1,25,2,54,1,53,3" doraHai="70" doraHaiUra="29" who="2" fromWho="2" sc="377,-40,149,-80,285,170,179,-40" /><INIT seed="6,0,0,0,0,74" ten="337,69,455,139" oya="2" hai0="17,2,107,56,50,60,41,3,8,35,129,51,116" hai1="100,109,58,80,115,84,131,101,48,79,124,82,52" hai2="57,77,54,45,67,122,49,104,44,65,11,75,13" hai3="92,78,87,94,62,130,111,127,53,15,6,86,123"/><V102/><F122/><W133/><G123/><T12/><D35/><U16/><E109/><V29/><F29/><W135/><G111/><T43/><D107/><U85/><E115/><V73/><F102/><W61/><G127/><T4/><D116/><U64/><E124/><V81/><F104/><W132/><G130/><T25/><D129/><U32/><E32/><V71/><F75/><W26/><G26/><T66/><D3/><U69/><E131/><V96/><F96/><W0/><G0/><T88/><D25/><U125/><E125/><V97/><F97/><W121/><G121/><T21/><D51/><U1/><E1/><V10/><F10/><W19/><G6/><T134/><D134/><U113/><E113/><V28/><F28/><W105/><G105/><T119/><D119/><U103/><E69/><V34/><F34/><W18/><G53/><T112/><D112/><U39/><E39/><V117/><F117/><W9/><G78/><T30/><D30/><U37/><E37/><V108/><F108/><W118/><G118/><T95/><REACH who="0" step="1"/><D50/><REACH who="0" ten="327,69,455,139" step="2"/><U110/><E110/><V27/><F27/><W83/><G135/><T38/><D38/><U55/><E64/><V106/><F106/><W90/><G133/><T7/><D7/><U40/><E40/><V5/><F67/><W68/><G132/><T46/><D46/><U89/><E55/><V114/><F114/><W59/><G19/><AGARI ba="0,1" hai="16,19,48,52,58,79,80,82,84,85,89,100,101,103" machi="19" ten="40,8000,1" yaku="8,1,52,1,54,2" doraHai="74" who="1" fromWho="3" sc="327,0,69,90,455,0,139,-80" /><INIT seed="7,0,0,2,4,75" ten="327,159,455,59" oya="3" hai0="116,15,74,59,80,10,125,114,129,110,37,26,71" hai1="3,33,123,53,58,5,126,101,27,20,51,49,78" hai2="112,89,28,29,68,0,82,47,66,69,77,36,128" hai3="85,4,40,63,99,16,64,19,54,31,87,57,2"/><W131/><G131/><T11/><D80/><U92/><E33/><V12/><F66/><W35/><G40/><T21/><D59/><U24/><E123/><V91/><F0/><W103/><G4/><T105/><D21/><U72/><E126/><V102/><F112/><W42/><G2/><T55/><D11/><U62/><E3/><V132/><F47/><W81/><G42/><T97/><D10/><U23/><E5/><V8/><F12/><W61/><G31/><T107/><D97/><N who="1" m="59559" /><E72/><V65/><F8/><W45/><G35/><T79/><D55/><U94/><E78/><V108/><F65/><W46/><G46/><T48/><D15/><U56/><E94/><V84/><F128/><W135/><G135/><T14/><D14/><U13/><E13/><V39/><F132/><W73/><G73/><T106/><D26/><N who="1" m="9771" /><E51/><V93/><F68/><W83/><G83/><T76/><D48/><U134/><E134/><V90/><F69/><W1/><G1/><T109/><D71/><U38/><E38/><V121/><F121/><W52/><G85/><T43/><D129/><U70/><E70/><V117/><F117/><W95/><G63/><T6/><D116/><U120/><E120/><V111/><F84/><W9/><G9/><T41/><D125/><U127/><E127/><V50/><F82/><W7/><G7/><T124/><D6/><U119/><E119/><V25/><F29/><W44/><G64/><AGARI ba="0,0" hai="20,23,49,53,56,58,62,64" m="9771,59559" machi="64" ten="30,1000,0" yaku="8,1" doraHai="75" who="1" fromWho="3" sc="327,0,159,10,455,0,59,-10" owari="327,13.0,169,-23.0,455,55.0,49,-45.0" /></mjloggm>