<mjloggm ver="2.3"><GO type="169" lobby="0"/><UN n0="%E3%81%84%E3%81%AA%E3%81%97%E3%82%93%E3%80%82" n1="%E3%81%9C%E3%82%8D%E3%82%81%E3%81%90" n2="%E3%82%A6%E3%83%AB%E3%83%88%E3%83%A9%E7%AB%8B%E7%9B%B4" n3="%E5%83%95%E3%83%A2%E3%83%8E%E3%82%AF%E3%83%9E%E3%81%86%E3%81%B7%E3%81%B7" dan="16,16,17,16" rate="2083.19,2050.36,2168.66,2327.17" sx="F,F,M,M"/><TAIKYOKU oya="0"/><INIT seed="0,0,0,0,2,82" ten="250,250,250,250" oya="0" hai0="81,109,72,6,20,38,28,61,42,21,106,51,32" hai1="55,127,129,40,25,63,43,66,17,90,62,108,15" hai2="88,124,128,102,105,41,104,49,118,58,46,16,9" hai3="78,50,96,100,84,85,73,95,121,101,7,70,97"/><T113/><D106/><U56/><E108/><V0/><F102/><N who="3" m="39531" /><G70/><T54/><D38/><U13/><E127/><V99/><F124/><W3/><G3/><T87/><D72/><U103/><E129/><V45/><F0/><W76/><G7/><T69/><D42/><U18/><E103/><V114/><F114/><W59/><G121/><T30/><D113/><U11/><E25/><V98/><F104/><W2/><G2/><T35/><D6/><U26/><E26/><V37/><F128/><W77/><G73/><T44/><D32/><U111/><E111/><V48/><F58/><W94/><G50/><T117/><D117/><U31/><E31/><N who="0" m="11817" /><D35/><U19/><E90/><V29/><F29/><W8/><G8/><T27/><D69/><U36/><E36/><V1/><F1/><W107/><G107/><T57/><D27/><U64/><E55/><V65/><F37/><W91/><G59/><T75/><D75/><U24/><E24/><V12/><F105/><W47/><G47/><T10/><D10/><N who="1" m="6327" /><E19/><V71/><F118/><W123/><G123/><T83/><D109/><U120/><E120/><V130/><F130/><W89/><AGARI ba="0,0" hai="76,77,78,84,85,89,91,94,95,96,97" m="39531" machi="89" ten="30,16000,3" yaku="8,1,35,5,52,2" doraHai="82" who="3" fromWho="3" sc="250,-80,250,-40,250,-40,250,160" /><INIT seed="1,0,0,5,2,67" ten="170,210,210,410" oya="1" hai0="82,23,28,71,69,126,54,99,85,81,109,26,93" hai1="76,11,50,18,64,84,77,104,16,45,86,59,6" hai2="118,119,105,131,47,29,66,39,4,113,129,46,68" hai3="22,103,130,31,60,19,49,5,95,42,51,52,78"/><U75/><E104/><V102/><F29/><W70/><G130/><T43/><D43/><U80/><E75/><V133/><F4/><W89/><G78/><T63/><D109/><U108/><E108/><V115/><F102/><W25/><G70/><T101/><D126/><U44/><E77/><V27/><F27/><W12/><G103/><T8/><D8/><U72/><E72/><V20/><F20/><W40/><G60/><T36/><D36/><U123/><E123/><V35/><F35/><W116/><G5/><T30/><D30/><U48/><E86/><V132/><F105/><W38/><G38/><T96/><D96/><U0/><E64/><V110/><F66/><W83/><G116/><T14/><D14/><U33/><E33/><V98/><F98/><N who="3" m="57711" /><G83/><T56/><REACH who="0" step="1"/><D81/><REACH who="0" ten="160,210,210,410" step="2"/><U97/><E97/><V94/><F39/><W117/><G12/><T58/><D58/><U90/><E59/><V7/><F110/><W1/><G31/><T62/><D62/><U74/><E45/><V111/><F111/><W121/><G121/><T107/><D107/><U61/><E61/><V79/><F119/><W32/><G117/><T41/><D41/><N who="1" m="24591" /><E50/><V125/><F118/><W3/><G49/><T87/><D87/><U106/><E106/><V2/><F129/><W34/><G42/><T65/><D65/><U135/><E74/><V120/><F131/><W114/><G40/><T17/><D17/><U37/><E37/><V55/><F120/><W15/><G51/><T100/><D100/><U24/><E18/><V128/><F128/><W112/><G19/><T9/><D9/><RYUUKYOKU ba="0,1" sc="160,30,210,-10,210,-10,410,-10" hai0="23,26,28,54,56,63,69,71,82,85,93,99,101" /><INIT seed="2,1,1,4,2,60" ten="190,200,200,400" oya="2" hai0="87,109,79,43,27,10,102,77,108,15,42,4,71" hai1="120,39,115,113,29,98,1,96,97,111,36,2,25" hai2="17,80,114,110,44,54,131,9,57,67,62,133,76" hai3="7,45,53,112,92,40,74,125,93,59,105,48,16"/><V129/><F114/><W26/><G105/><T101/><D71/><U107/><E107/><V49/><F133/><W70/><G74/><T130/><D27/><U127/><E111/><N who="0" m="42569" /><D130/><N who="2" m="49674" /><F110/><W82/><G70/><T118/><D118/><U55/><E127/><V83/><F76/><N who="0" m="29258" /><D87/><U135/><E135/><V18/><F18/><W86/><G112/><T132/><D132/><U13/><E120/><V91/><F91/><N who="3" m="51671" /><G125/><T61/><D61/><U117/><E115/><V100/><F100/><AGARI ba="1,1" hai="4,10,15,42,43,100,101,102" m="29258,42569" machi="100" ten="30,1000,0" yaku="14,1" doraHai="60" who="0" fromWho="2" sc="190,23,200,0,200,-13,400,0" /><INIT seed="3,0,0,5,3,68" ten="213,200,187,400" oya="3" hai0="106,125,120,110,11,44,57,122,33,45,37,1,23" hai1="63,96,86,77,94,14,29,25,40,4,79,124,134" hai2="95,73,20,13,64,21,31,128,38,113,15,130,93" hai3="42,114,18,133,2,103,85,72,90,6,69,105,43"/><W101/><G72/><T32/><D23/><U82/><E124/><V55/><F64/><W59/><G69/><T19/><D19/><U104/><E104/><V30/><F55/><W12/><G114/><T28/><D57/><U65/><E134/><V24/><F73/><W76/><G133/><T74/><D45/><U100/><E40/><V83/><F83/><N who="3" m="47335" /><G2/><T135/><D125/><U81/><E4/><V131/><F131/><W87/><G105/><T98/><D110/><U89/><E14/><V71/><F71/><W80/><G6/><N who="0" m="1487" /><D74/><U67/><E63/><V109/><F109/><W26/><G26/><N who="0" m="18455" /><D33/><U70/><E70/><V92/><F92/><W84/><G84/><T34/><D34/><U53/><E53/><V119/><F24/><W102/><G59/><T112/><D112/><U78/><E82/><V88/><F113/><W52/><G52/><T9/><D135/><U58/><E58/><V91/><F119/><W121/><G121/><T27/><D27/><U75/><E75/><V61/><F61/><W10/><AGARI ba="0,0" hai="10,12,18,42,43,80,87,90,101,102,103" m="47335" machi="10" ten="30,1500,0" yaku="8,1" doraHai="68" who="3" fromWho="3" sc="213,-5,200,-5,187,-5,400,15" /><INIT seed="3,1,0,4,1,16" ten="208,195,182,415" oya="3" hai0="12,96,71,8,93,46,17,61,107,31,27,115,132" hai1="101,121,54,15,130,100,43,52,0,44,10,91,124" hai2="57,18,50,49,28,83,45,19,59,98,112,55,20" hai3="33,3,74,134,110,125,13,66,30,127,94,104,97"/><W35/><G3/><T38/><D115/><U76/><E121/><V79/><F112/><W68/><G74/><T23/><D107/><U88/><E0/><V118/><F118/><W51/><G104/><T48/><D38/><U67/><E124/><V70/><F70/><W41/><G134/><T126/><D126/><U5/><E76/><V26/><F98/><W120/><G120/><T4/><D132/><U109/><E109/><V106/><F106/><W108/><G13/><T6/><D71/><U60/><E130/><V129/><F129/><W1/><G1/><T135/><D61/><U90/><E67/><V29/><F29/><W24/><G35/><T42/><REACH who="0" step="1"/><D135/><REACH who="0" ten="198,195,182,415" step="2"/><U103/><REACH who="1" step="1"/><E60/><REACH who="1" ten="198,185,182,415" step="2"/><V116/><F116/><W113/><G127/><T95/><D95/><U72/><E72/><V117/><F117/><W64/><G94/><T14/><D14/><U92/><E92/><V123/><F123/><W37/><G125/><T39/><D39/><AGARI ba="1,2" hai="5,10,15,39,43,44,52,54,88,90,91,100,101,103" machi="39" ten="40,5200,0" yaku="1,1,54,2,53,0" doraHai="16" doraHaiUra="32" who="1" fromWho="0" sc="198,-55,185,75,182,0,415,0" /><INIT seed="4,0,0,2,3,10" ten="143,260,182,415" oya="0" hai0="97,44,130,95,117,108,22,18,2,73,26,68,62" hai1="86,31,92,43,102,67,75,123,39,85,32,94,83" hai2="11,74,9,42,29,4,64,15,134,0,59,6,14" hai3="89,52,5,21,84,133,1,128,3,55,131,76,119"/><T37/><D117/><U48/><E123/><V20/><F74/><W17/><G76/><T135/><D73/><U63/><E39/><V111/><F111/><W129/><G133/><T66/><D2/><N who="3" m="521" /><G5/><T87/><D135/><U116/><E116/><V25/><F134/><W100/><G100/><T122/><D122/><U79/><E32/><V80/><F0/><W105/><G105/><T12/><D130/><U45/><E31/><V33/><F80/><N who="3" m="49287" /><G119/><T109/><D87/><U23/><E23/><V82/><F82/><W54/><G54/><T104/><D104/><U36/><E36/><V124/><F42/><W16/><G17/><T114/><D114/><U132/><E132/><V88/><F88/><W27/><AGARI ba="0,0" hai="16,21,27,52,55,128,129,131" m="49287,521" machi="27" ten="40,5200,0" yaku="19,1,54,2" doraHai="10" who="3" fromWho="3" sc="143,-26,260,-13,182,-13,415,52" /><INIT seed="5,0,0,2,4,104" ten="117,247,169,467" oya="1" hai0="92,9,102,54,96,2,8,10,64,56,37,18,1" hai1="103,51,44,124,115,6,97,52,75,58,16,82,45" hai2="65,35,111,74,116,81,68,11,42,69,5,53,19" hai3="31,61,83,59,73,86,134,32,131,101,79,67,30"/><U135/><E115/><V70/><F19/><W94/><G131/><T133/><D37/><U123/><E123/><V0/><F53/><W118/><G134/><T22/><D133/><U48/><E135/><V88/><F116/><W120/><G120/><T126/><D126/><U34/><E34/><V41/><F111/><W107/><G32/><T119/><D119/><U117/><E117/><V77/><F35/><W114/><G114/><T93/><D64/><U27/><E6/><V49/><F65/><W121/><G121/><T36/><D36/><U84/><E124/><V125/><F125/><W100/><G100/><T55/><D92/><U60/><E75/><V109/><F109/><W4/><G4/><T14/><REACH who="0" step="1"/><D56/><REACH who="0" ten="107,247,169,467" step="2"/><U63/><E58/><V76/><F69/><W29/><G94/><T25/><D25/><U130/><E27/><V57/><F68/><W33/><G118/><T28/><D28/><U23/><E130/><V112/><F70/><W20/><G33/><T43/><D43/><U7/><E45/><V12/><F112/><W108/><G108/><T129/><D129/><U113/><E44/><V46/><F57/><W47/><G47/><T80/><D80/><U85/><E82/><V105/><F42/><W15/><G31/><T122/><D122/><U91/><E113/><V13/><F105/><W98/><G30/><T127/><D127/><U17/><E52/><AGARI ba="0,1" hai="1,2,8,9,10,14,18,22,52,54,55,93,96,102" machi="52" ten="40,8000,1" yaku="1,1,54,1,53,3" doraHai="104" doraHaiUra="50" who="0" fromWho="1" sc="107,90,247,-80,169,0,467,0" /><INIT seed="6,0,0,2,1,135" ten="197,167,169,467" oya="2" hai0="103,27,43,74,131,29,65,30,114,67,69,80,19" hai1="116,75,124,104,44,118,82,55,115,57,78,120,132" hai2="35,15,21,93,129,24,52,5,37,86,45,66,31" hai3="4,9,58,134,42,20,10,85,73,123,6,106,127"/><V49/><F129/><W112/><G123/><T14/><D43/><U18/><E104/><V102/><F37/><W98/><G73/><T130/><D103/><U3/><E3/><V12/><F35/><W113/><G134/><T117/><D117/><U79/><E132/><V2/><F66/><N who="0" m="25098" /><D69/><U109/><E109/><V94/><F2/><W61/><G42/><T7/><D7/><U8/><E120/><V90/><F5/><W76/><G20/><T11/><D114/><U99/><E115/><V87/><F102/><W17/><G10/><T28/><D80/><U83/><E8/><V51/><F51/><W71/><G9/><T122/><D74/><U128/><E75/><V100/><F100/><W133/><G106/><T89/><D89/><AGARI ba="0,0" hai="12,15,21,24,31,45,49,52,86,87,89,90,93,94" machi="89" ten="40,7700,0" yaku="9,1,8,1,54,1" doraHai="135" who="2" fromWho="0" sc="197,-77,167,0,169,77,467,0" /><INIT seed="6,1,0,5,2,6" ten="120,167,246,467" oya="2" hai0="45,27,61,5,107,48,106,128,75,68,81,52,1" hai1="110,97,116,90,108,3,120,92,29,104,31,59,57" hai2="39,102,71,7,79,44,131,72,133,118,89,127,135" hai3="9,88,69,132,4,28,84,40,76,66,130,21,65"/><V94/><F71/><W34/><G34/><T30/><D128/><U73/><E116/><V109/><F102/><W134/><G130/><T74/><D5/><U119/><E119/><V32/><F32/><W49/><G76/><T82/><D1/><U123/><E73/><V10/><F118/><W125/><G69/><T105/><D81/><U22/><E104/><V0/><F127/><W19/><G28/><T77/><D74/><U11/><E31/><V126/><F126/><W42/><G49/><T46/><D46/><U113/><E113/><V8/><F109/><W67/><G19/><T50/><D50/><U86/><E110/><V25/><F25/><W20/><G40/><T70/><REACH who="0" step="1"/><D61/><REACH who="0" ten="110,167,246,467" step="2"/><U13/><E3/><V100/><F7/><W47/><G4/><T115/><D115/><U124/><E124/><V26/><F0/><W95/><G47/><T23/><AGARI ba="1,1" hai="23,27,30,45,48,52,68,70,75,77,82,105,106,107" machi="23" ten="30,4000,0" yaku="1,1,0,1,54,1,53,0" doraHai="6" doraHaiUra="38" who="0" fromWho="0" sc="110,53,167,-11,246,-21,467,-11" /><INIT seed="7,0,0,5,4,109" ten="163,156,225,456" oya="3" hai0="118,133,34,26,27,89,37,132,45,112,113,13,36" hai1="121,30,102,11,88,68,39,78,32,76,98,87,92" hai2="115,41,82,67,57,47,59,74,52,51,61,123,2" hai3="55,14,9,28,19,111,21,56,99,48,65,38,120"/><W70/><G38/><N who="0" m="14955" /><D45/><U54/><E121/><V127/><F82/><W135/><G135/><N who="0" m="51787" /><D118/><U24/><E68/><V93/><F93/><W95/><G95/><T103/><D103/><U46/><E11/><V44/><F74/><W73/><G19/><T7/><D34/><U15/><E15/><V64/><F2/><W29/><G55/><T97/><D97/><U94/><REACH who="1" step="1"/><E54/><REACH who="1" ten="163,146,225,456" step="2"/><V77/><F52/><W16/><G14/><T117/><D117/><U33/><E33/><V86/><F123/><W126/><G9/><N who="0" m="4287" /><D89/><U8/><E8/><V107/><F41/><AGARI ba="0,1" hai="24,30,32,39,41,46,76,78,87,88,92,94,98,102" machi="41" ten="40,2600,0" yaku="1,1,54,1,53,0" doraHai="109" doraHaiUra="10" who="1" fromWho="2" sc="163,0,146,36,225,-26,456,0" owari="163,-34.0,182,-22.0,199,0.0,456,56.0" /></mjloggm>