<mjloggm ver="2.3"><GO type="169" lobby="0"/><UN n0="%E9%9D%A2%E6%B8%85%E3%81%AE%E3%83%90%E3%83%93%E3%82%A3" n1="%E7%A9%B6%E6%A5%B5%41%49" n2="%E3%83%88%E3%83%88%E3%83%AA%E5%85%88%E7%94%9F%31%39%E6%AD%B3" n3="%6D%61%63%6A%72" dan="16,16,18,17" rate="2108.27,2059.39,2282.49,2124.31" sx="M,M,F,M"/><TAIKYOKU oya="0"/><INIT seed="0,0,0,3,4,47" ten="250,250,250,250" oya="0" hai0="81,116,59,41,3,22,34,128,21,108,45,9,5" hai1="68,111,26,49,38,35,40,71,84,8,29,39,125" hai2="78,2,17,89,69,56,31,32,53,57,83,7,104" hai3="126,33,135,94,102,43,123,52,113,112,16,90,117"/><T122/><D116/><U97/><E111/><V28/><F69/><W95/><G117/><T87/><D122/><U36/><E125/><V10/><F104/><W99/><G33/><T54/><D34/><U14/><E97/><V109/><F109/><W73/><G73/><T19/><D128/><U20/><E35/><V62/><F32/><W70/><G70/><T18/><D108/><U48/><E71/><V79/><F89/><W93/><G126/><T107/><D107/><U1/><E1/><V25/><F78/><W24/><G123/><T64/><D64/><U51/><E68/><V91/><F91/><W105/><G43/><T15/><D19/><U27/><E27/><V76/><F76/><W11/><G90/><T133/><D133/><U114/><E114/><V67/><F17/><W86/><G86/><T74/><D74/><U60/><E60/><V92/><F92/><W65/><G65/><T72/><D72/><U101/><E101/><V63/><REACH who="2" step="1"/><F25/><REACH who="2" ten="250,250,240,250" step="2"/><W12/><G135/><T134/><D134/><U88/><E40/><V129/><F129/><W44/><REACH who="3" step="1"/><G24/><REACH who="3" ten="250,250,240,240" step="2"/><T100/><D100/><U118/><E118/><V85/><AGARI ba="0,2" hai="2,7,10,28,31,53,56,57,62,63,67,79,83,85" machi="85" ten="20,2700,0" yaku="1,1,0,1,7,1,53,0" doraHai="47" doraHaiUra="120" who="2" fromWho="2" sc="250,-13,250,-7,240,47,240,-7" /><INIT seed="1,0,0,5,4,30" ten="237,243,287,233" oya="1" hai0="57,10,60,58,21,111,121,82,25,16,18,15,44" hai1="119,83,76,1,94,103,109,64,92,51,126,47,77" hai2="34,91,133,112,131,48,95,49,65,36,28,0,72" hai3="124,9,20,62,90,73,75,3,39,130,69,96,35"/><U80/><E1/><V31/><F36/><W56/><G39/><T66/><D111/><U50/><E119/><V68/><F72/><W99/><G69/><T106/><D106/><U89/><E109/><V118/><F0/><W128/><G124/><T117/><D117/><U22/><E126/><V29/><F118/><W46/><G46/><T61/><D121/><U42/><E64/><V12/><F131/><N who="3" m="50219" /><G20/><T26/><D82/><N who="1" m="31275" /><E51/><V43/><F133/><W125/><G35/><T108/><D108/><U116/><E116/><V71/><F112/><W55/><G125/><T11/><D44/><U78/><E103/><V53/><F43/><W52/><G55/><T120/><D120/><U101/><E101/><V87/><F34/><W85/><G9/><T13/><REACH who="0" step="1"/><D21/><REACH who="0" ten="227,243,287,233" step="2"/><U93/><E22/><V17/><F95/><N who="3" m="54735" /><G3/><T19/><D19/><U107/><E107/><V135/><F17/><W2/><G2/><T122/><D122/><U8/><E8/><V32/><F29/><W129/><G129/><T105/><D105/><U4/><E4/><V86/><F31/><W33/><G33/><T37/><D37/><U70/><E89/><V97/><F28/><W14/><G14/><T63/><D63/><U6/><E6/><V132/><F12/><W115/><G115/><T81/><D81/><U41/><E41/><V84/><F32/><W123/><G123/><T54/><AGARI ba="0,1" hai="10,11,13,15,16,18,25,26,54,57,58,60,61,66" machi="54" ten="20,12000,2" yaku="1,1,0,1,7,1,9,1,8,1,54,1,53,0" doraHai="30" doraHaiUra="110" who="0" fromWho="0" sc="227,130,243,-60,287,-30,233,-30" /><INIT seed="2,0,0,3,1,76" ten="357,183,257,203" oya="2" hai0="90,46,40,20,129,109,84,43,79,73,106,127,96" hai1="18,97,132,104,42,63,100,66,113,60,62,75,11" hai2="68,107,134,89,39,125,35,28,17,45,103,91,4" hai3="92,23,61,47,70,12,81,27,85,54,10,117,94"/><V51/><F39/><W32/><G32/><T112/><D112/><U80/><E113/><V98/><F68/><W64/><G117/><T108/><D40/><U115/><E115/><V111/><F134/><W114/><G114/><T52/><D43/><U36/><E132/><V59/><F125/><W88/><G47/><T65/><D65/><U116/><E116/><V83/><F111/><N who="0" m="42570" /><D20/><U26/><E66/><V101/><F59/><N who="3" m="35063" /><G64/><T2/><D2/><U86/><E75/><V1/><F103/><W30/><G70/><T9/><D9/><U105/><E105/><V74/><F17/><AGARI ba="0,0" hai="10,12,17,23,27,30,81,85,88,92,94" m="35063" machi="17" ten="30,3900,0" yaku="8,1,52,1,54,1" doraHai="76" who="3" fromWho="2" sc="357,0,183,0,257,-39,203,39" /><INIT seed="3,0,0,3,3,61" ten="357,183,218,242" oya="3" hai0="18,119,17,2,44,125,53,117,19,102,120,12,112" hai1="77,42,11,126,70,63,22,0,106,16,88,92,122" hai2="115,134,80,107,127,65,113,71,4,95,73,20,13" hai3="132,55,29,99,94,45,64,58,15,90,35,108,41"/><W78/><G132/><T34/><D102/><U84/><E122/><V7/><F107/><W124/><G124/><T26/><D44/><U66/><E126/><V37/><F127/><W110/><G78/><T6/><D53/><U54/><E106/><V109/><F37/><W103/><G15/><T49/><D49/><U14/><E42/><V128/><F13/><W31/><G90/><T47/><D47/><U25/><E77/><V129/><F20/><W116/><G116/><T39/><D39/><U118/><E118/><V105/><F105/><W30/><G35/><T8/><D125/><U79/><E79/><V32/><F71/><W23/><G23/><N who="0" m="11687" /><D120/><U104/><E104/><V24/><F24/><W51/><REACH who="3" step="1"/><G64/><REACH who="3" ten="357,183,218,232" step="2"/><T76/><D76/><U1/><REACH who="1" step="1"/><E54/><REACH who="1" ten="357,173,218,232" step="2"/><V62/><F134/><W38/><AGARI ba="0,2" hai="29,30,31,38,41,45,51,55,58,94,99,103,108,110" machi="38" ten="30,6000,0" yaku="1,1,2,1,0,1,53,0" doraHai="61" doraHaiUra="28" who="3" fromWho="3" sc="357,-20,173,-20,218,-20,232,80" /><INIT seed="3,1,0,0,1,5" ten="337,153,198,312" oya="3" hai0="101,79,4,10,47,17,106,16,119,99,98,56,11" hai1="20,118,108,52,2,22,24,39,41,46,14,3,117" hai2="53,70,69,83,73,32,81,57,133,114,77,100,126" hai3="27,0,31,96,55,128,129,43,18,58,109,84,23"/><W91/><G43/><T123/><D123/><U131/><E108/><V76/><F114/><W82/><G109/><T40/><D119/><N who="1" m="45579" /><E131/><V65/><F32/><W61/><G0/><T29/><D29/><N who="1" m="17543" /><E52/><V13/><F133/><W88/><REACH who="3" step="1"/><G31/><REACH who="3" ten="337,153,198,302" step="2"/><T75/><D40/><U122/><E122/><V33/><F126/><W95/><AGARI ba="1,1" hai="18,23,27,55,58,61,82,84,88,91,95,96,128,129" machi="95" ten="30,18000,2" yaku="1,1,2,1,0,1,25,2,54,1,53,0" doraHai="5" doraHaiUra="107" who="3" fromWho="3" sc="337,-61,153,-61,198,-61,302,193" /><INIT seed="3,2,0,3,2,77" ten="276,92,137,495" oya="3" hai0="64,101,96,3,121,122,105,39,6,81,99,0,53" hai1="26,45,78,7,70,8,52,38,100,61,59,40,71" hai2="104,91,17,19,5,14,55,65,117,94,129,79,27" hai3="95,41,72,13,103,92,110,15,135,9,124,85,54"/><W22/><G72/><T73/><D53/><U130/><E130/><V12/><F117/><W126/><G135/><T58/><D58/><U63/><E100/><V11/><F129/><W18/><G41/><T47/><D64/><U98/><E98/><V51/><F104/><W112/><G112/><T115/><D115/><U44/><E26/><V118/><F118/><W132/><G132/><T80/><D73/><U37/><E45/><V29/><F65/><W127/><G103/><T4/><D101/><U48/><E38/><V16/><F79/><W31/><G110/><T25/><D25/><U83/><E71/><V107/><F107/><W109/><G109/><T2/><D47/><U116/><E116/><V49/><F55/><W89/><G54/><T133/><D105/><U134/><E134/><V20/><REACH who="2" step="1"/><F12/><REACH who="2" ten="276,92,127,495" step="2"/><W68/><G68/><T131/><D133/><U33/><E70/><V46/><F46/><W113/><G113/><T86/><D131/><U106/><E106/><V21/><F21/><W102/><G15/><T125/><D0/><N who="1" m="103" /><E33/><V60/><F60/><W111/><G111/><T67/><D67/><U97/><E63/><V43/><F43/><W74/><G22/><T28/><D39/><U57/><E61/><V120/><F120/><W128/><G128/><T87/><REACH who="0" step="1"/><D28/><REACH who="0" ten="266,92,127,495" step="2"/><U76/><E59/><V88/><F88/><N who="3" m="53263" /><G31/><T119/><D119/><U75/><E78/><V69/><F69/><W90/><G74/><T1/><D1/><U66/><E66/><V35/><F35/><W36/><G36/><T23/><D23/><U62/><E37/><V30/><F30/><RYUUKYOKU ba="2,2" sc="266,0,92,0,127,0,495,0" hai0="2,3,4,6,80,81,86,87,96,99,121,122,125" hai1="40,44,48,52,57,62,75,76,83,97" hai2="5,11,14,16,17,19,20,27,29,49,51,91,94" hai3="9,13,18,89,90,95,102,124,126,127" /><INIT seed="3,3,2,3,2,75" ten="266,92,127,495" oya="3" hai0="113,76,84,7,17,79,129,74,60,16,112,106,2" hai1="52,40,128,127,63,6,49,5,62,135,29,9,48" hai2="54,118,18,125,133,116,96,72,66,65,111,132,45" hai3="56,19,98,115,14,24,44,36,34,61,55,83,46"/><W47/><G115/><N who="0" m="44107" /><D106/><U58/><E127/><V101/><F125/><W12/><G36/><T77/><D129/><U124/><E124/><V20/><F72/><W27/><G34/><T10/><D74/><U108/><E128/><V50/><F111/><W71/><G71/><T102/><D102/><U104/><E104/><V134/><F20/><W80/><G98/><T26/><D60/><N who="1" m="23083" /><E108/><V4/><F18/><N who="0" m="7274" /><D26/><N who="3" m="9769" /><G14/><T57/><D57/><U120/><E120/><V38/><F4/><N who="1" m="1641" /><E135/><V41/><F41/><W119/><G119/><N who="2" m="45609" /><F38/><W1/><G1/><T8/><D10/><AGARI ba="3,2" hai="10,12,19,44,46,47,55,56,61,80,83" m="9769" machi="10" ten="30,1500,0" yaku="8,1" doraHai="75" who="3" fromWho="0" sc="266,-24,92,0,127,0,495,44" /><INIT seed="3,4,0,0,1,35" ten="242,92,127,539" oya="3" hai0="100,53,120,61,62,40,86,4,133,114,73,36,33" hai1="60,51,116,111,30,89,104,31,0,83,37,88,125" hai2="12,74,52,25,84,11,71,59,112,119,39,115,127" hai3="122,109,14,43,118,54,98,132,82,77,134,81,97"/><W50/><G118/><T99/><D73/><U78/><E37/><V92/><F119/><W28/><G122/><T49/><D33/><U47/><E116/><V46/><F74/><W80/><G43/><T57/><D120/><U18/><E104/><V121/><F121/><W103/><G28/><N who="1" m="10794" /><E0/><V102/><F25/><W16/><G77/><T108/><D108/><U15/><E111/><V10/><F71/><W101/><G109/><T5/><D133/><N who="3" m="51305" /><G98/><T135/><D114/><U67/><E125/><V22/><F22/><N who="3" m="11543" /><G97/><T117/><D117/><U110/><E110/><V9/><F127/><W123/><G123/><T94/><D135/><U42/><E67/><V105/><F105/><W107/><G107/><T87/><D40/><U8/><E60/><N who="0" m="23145" /><D36/><U34/><E34/><V93/><F112/><W124/><G124/><T32/><D32/><U2/><E2/><V17/><F115/><W91/><G91/><T79/><D79/><U128/><E128/><V29/><F39/><W96/><G96/><T85/><AGARI ba="4,0" hai="4,5,49,53,57,85,86,87,94,99,100" m="23145" machi="85" ten="30,1100,0" yaku="8,1" doraHai="35" who="0" fromWho="0" sc="242,23,92,-7,127,-7,539,-9" /><INIT seed="4,0,0,5,1,41" ten="265,85,120,530" oya="0" hai0="112,87,71,109,64,135,40,76,84,13,53,48,63" hai1="93,7,24,26,73,100,17,69,89,74,79,25,134" hai2="103,123,5,6,126,114,102,116,122,28,12,10,50" hai3="99,9,96,133,27,44,70,42,82,57,94,60,120"/><T37/><D112/><U98/><E69/><V117/><F114/><W14/><G70/><T32/><D32/><U22/><E134/><V107/><F126/><W21/><G133/><T33/><D33/><U90/><E7/><V23/><F5/><W20/><G120/><T30/><D30/><U121/><E121/><V72/><F72/><W2/><G82/><T19/><D76/><U55/><E55/><V52/><F122/><W104/><G104/><T78/><D78/><U16/><E17/><V101/><F123/><W35/><G2/><T92/><D92/><U124/><E124/><V67/><F67/><W119/><G119/><N who="2" m="45641" /><F23/><W83/><G83/><T8/><D109/><U95/><E79/><V59/><F28/><W3/><G3/><T45/><REACH who="0" step="1"/><D135/><REACH who="0" ten="255,85,120,530" step="2"/><U125/><E125/><V118/><F118/><W15/><G35/><T88/><D88/><U18/><E100/><V38/><F107/><W1/><G94/><T132/><D132/><U39/><E98/><V105/><F105/><W130/><G96/><T113/><D113/><U131/><E22/><V77/><F77/><W56/><G99/><T106/><D106/><U61/><E90/><V66/><F102/><W81/><G81/><T68/><D68/><U91/><E89/><V110/><F101/><W11/><G21/><T36/><D36/><U97/><E39/><V115/><F38/><W62/><G20/><T58/><AGARI ba="0,1" hai="8,13,19,37,40,45,48,53,58,63,64,71,84,87" machi="58" ten="20,18000,2" yaku="1,1,0,1,7,1,24,2,52,1,53,0" doraHai="41" doraHaiUra="0" who="0" fromWho="0" sc="255,190,85,-60,120,-60,530,-60" /><INIT seed="4,1,0,0,1,57" ten="445,25,60,470" oya="0" hai0="45,67,39,56,33,51,58,11,15,90,14,1,64" hai1="106,93,83,10,104,110,123,105,41,92,133,61,82" hai2="30,113,122,127,79,108,119,124,44,87,125,60,115" hai3="46,88,128,81,134,114,32,0,116,55,5,70,68"/><T34/><D39/><U48/><E110/><V13/><F108/><W52/><G32/><T117/><D117/><U53/><E123/><V25/><F122/><W111/><G111/><T66/><D1/><U121/><E121/><V98/><F119/><W101/><G116/><T59/><D90/><U99/><E133/><V18/><F44/><W71/><G101/><T75/><D75/><U16/><E41/><V109/><F109/><W94/><G114/><N who="2" m="43529" /><F98/><W17/><G81/><T84/><D84/><U3/><E61/><V38/><F38/><W24/><G128/><T112/><D112/><U50/><E93/><V100/><F100/><W65/><G65/><T129/><D129/><U31/><E31/><V89/><F79/><W35/><G134/><T91/><D91/><U132/><E132/><V42/><F42/><W7/><G46/><T135/><D135/><U62/><E62/><V80/><F60/><W76/><G76/><T74/><D74/><U126/><E126/><V20/><F124/><W22/><G35/><AGARI ba="1,0" hai="13,18,20,25,30,35,80,87,89,125,127" m="43529" machi="35" ten="30,1000,0" yaku="15,1" doraHai="57" who="2" fromWho="3" sc="445,0,25,0,60,13,470,-13" /><INIT seed="5,0,0,4,0,119" ten="445,25,73,457" oya="1" hai0="116,8,32,98,16,123,117,54,93,46,14,51,17" hai1="89,27,118,78,36,106,113,133,50,38,11,90,67" hai2="62,21,53,107,103,13,1,28,124,97,73,72,4" hai3="115,56,9,60,126,85,134,49,2,65,6,70,23"/><U7/><E118/><V48/><F124/><W20/><G126/><T68/><D68/><U94/><E106/><V111/><F111/><W29/><G115/><T87/><D32/><U69/><E113/><V101/><F1/><W135/><G29/><T35/><D35/><U121/><E133/><N who="3" m="50698" /><G85/><T37/><D37/><U112/><E112/><V43/><F43/><W19/><G19/><T0/><D0/><U5/><E27/><V22/><F62/><N who="3" m="40247" /><G49/><T57/><D17/><U47/><E78/><V33/><F33/><W104/><G104/><T66/><D87/><U84/><E90/><V127/><F101/><W63/><G63/><T100/><D117/><U81/><E94/><V130/><F127/><W91/><G91/><T18/><D116/><U55/><E7/><V80/><F130/><W131/><G131/><T71/><D71/><U31/><E31/><V105/><F105/><W10/><G10/><T44/><D18/><U96/><E96/><V109/><F109/><W122/><G122/><T59/><D66/><AGARI ba="0,0" hai="2,6,9,20,23,56,60,66" m="40247,50698" machi="66" ten="30,1000,0" yaku="20,1" doraHai="119" who="3" fromWho="0" sc="445,-10,25,0,73,0,457,10" /><INIT seed="6,0,0,1,3,98" ten="435,25,73,467" oya="2" hai0="25,58,118,124,34,126,79,7,125,116,35,46,90" hai1="88,48,113,16,32,133,10,1,13,69,115,2,114" hai2="103,132,93,129,77,50,39,68,71,62,57,60,127" hai3="4,54,66,44,6,67,109,122,47,100,80,92,95"/><V87/><F39/><W130/><G109/><T89/><D79/><U18/><E69/><V31/><F129/><W9/><G122/><T135/><D7/><U101/><E32/><N who="0" m="12329" /><D46/><U120/><E120/><V30/><F132/><W131/><G80/><T51/><D25/><U117/><E117/><N who="0" m="45161" /><D135/><U119/><E119/><V29/><F127/><N who="0" m="32514" /><T53/><AGARI ba="0,0" hai="51,53,58,89,90" m="32514,45161,12329" machi="53" ten="50,6400,0" yaku="4,1,12,1,18,1" doraHai="98" who="0" fromWho="0" sc="435,64,25,-16,73,-32,467,-16" /><INIT seed="7,0,0,2,1,78" ten="499,9,41,451" oya="3" hai0="125,41,69,38,11,75,67,116,123,80,118,56,65" hai1="70,46,6,84,135,36,129,77,102,32,110,115,111" hai2="114,82,88,3,112,8,66,20,124,91,76,49,2" hai3="128,0,117,10,95,104,45,97,62,107,21,58,61"/><W127/><G117/><N who="0" m="45163" /><D80/><U47/><E84/><N who="2" m="48199" /><F124/><W42/><G127/><T68/><D11/><U24/><E77/><V121/><F121/><W22/><G128/><T79/><D79/><U109/><E110/><V17/><F49/><W63/><G58/><T53/><D75/><U33/><E24/><N who="2" m="14351" /><F66/><N who="0" m="25098" /><D123/><U59/><E59/><V29/><F29/><W131/><G131/><T90/><D90/><N who="2" m="34346" /><F8/><W132/><G132/><T27/><D27/><U130/><E135/><V87/><F87/><W122/><G122/><T101/><D101/><U19/><E102/><V31/><F31/><W14/><G0/><T99/><D99/><U16/><E115/><V18/><F18/><W23/><G95/><T72/><D72/><U94/><E94/><V51/><F51/><W12/><G97/><T28/><D28/><U100/><E100/><V119/><F119/><W44/><G10/><T113/><D113/><AGARI ba="0,0" hai="2,3,112,113,114" m="34346,14351,48199" machi="113" ten="30,3900,0" yaku="15,1,52,1,54,1" doraHai="78" who="2" fromWho="0" sc="499,-39,9,0,41,39,451,0" owari="460,56.0,9,-49.0,80,-32.0,451,25.0" /></mjloggm>