<mjloggm ver="2.3"><GO type="41" lobby="0"/><UN n0="%E5%B0%B1%E6%B4%BB%E7%94%9F%40%E5%B7%9D%E6%9D%91%E8%BB%8D%E5%9B%A3" n1="%54%4B%5A" n2="%69%6B%61%79%61%6B%69%6F" n3="%48%52%50%4E" dan="14,15,14,14" rate="1919.96,1935.50,2027.83,1936.43" sx="M,M,M,M"/><TAIKYOKU oya="0"/><INIT seed="0,0,0,3,1,105" ten="250,250,250,250" oya="0" hai0="77,128,74,26,95,115,18,91,118,47,19,131,1" hai1="76,10,52,104,80,56,85,96,116,103,40,107,48" hai2="2,33,11,16,68,79,86,97,124,55,38,93,73" hai3="51,31,112,87,134,132,8,117,84,3,21,57,30"/><T94/><D1/><U127/><E127/><V126/><F38/><W135/><G112/><T34/><D118/><U5/><E116/><V62/><F33/><W101/><G117/><T4/><D4/><U89/><E40/><V37/><F37/><W114/><G114/><T122/><D122/><U123/><E123/><V69/><F86/><N who="3" m="32811" /><G101/><T98/><D115/><U109/><E109/><V66/><F55/><N who="3" m="31999" /><G21/><T41/><D95/><U42/><E42/><V15/><F2/><W14/><G3/><T108/><D108/><U110/><E110/><V29/><F69/><W125/><G125/><N who="2" m="48233" /><F29/><W129/><G129/><N who="0" m="49739" /><D34/><U71/><E71/><V49/><F49/><W64/><G64/><T32/><D32/><U119/><E119/><V102/><F79/><W44/><G44/><T120/><D26/><U59/><E107/><V6/><F6/><AGARI ba="0,0" hai="6,8,14,30,31,132,134,135" m="31999,32811" machi="6" ten="30,1000,0" yaku="20,1" doraHai="105" who="3" fromWho="2" sc="250,0,250,0,250,-10,250,10" /><INIT seed="1,0,0,0,1,57" ten="250,250,240,260" oya="1" hai0="26,80,70,38,110,114,75,22,62,93,84,125,76" hai1="27,65,6,122,35,53,50,94,19,104,107,52,46" hai2="127,28,103,128,56,23,102,63,41,126,100,8,34" hai3="106,130,82,33,108,123,45,91,49,73,42,54,121"/><U39/><E122/><V88/><F34/><W13/><G108/><T3/><D3/><U101/><E39/><V48/><F8/><W92/><G106/><T87/><D114/><U51/><E65/><V12/><F128/><W17/><G33/><T131/><D110/><U0/><E6/><V20/><F41/><W98/><G130/><T120/><D120/><U66/><E66/><V95/><F48/><W10/><REACH who="3" step="1"/><G42/><REACH who="3" ten="250,250,240,250" step="2"/><T58/><D131/><U16/><E104/><V117/><F117/><W72/><G72/><T69/><D125/><U71/><E107/><V25/><F127/><W112/><G112/><T9/><D38/><U86/><E35/><V105/><F105/><W89/><G89/><T116/><D116/><U90/><E101/><V77/><F126/><W4/><G4/><T47/><D70/><U7/><E71/><V68/><F68/><W37/><G37/><T115/><D69/><U29/><E7/><V61/><F77/><AGARI ba="0,1" hai="10,13,17,45,49,54,73,77,82,91,92,98,121,123" machi="77" ten="40,1300,0" yaku="1,1,53,0" doraHai="57" doraHaiUra="111" who="3" fromWho="2" sc="250,0,250,0,240,-13,250,23" /><INIT seed="2,0,0,2,5,96" ten="250,250,227,273" oya="2" hai0="62,68,3,112,80,86,11,130,10,101,61,131,0" hai1="44,46,59,31,58,110,17,42,93,41,48,16,39" hai2="30,78,71,132,7,107,20,109,27,122,70,126,29" hai3="98,28,47,64,55,69,57,77,14,113,72,90,13"/><V54/><F122/><W129/><G129/><N who="0" m="49163" /><D112/><U8/><E110/><V103/><F126/><W111/><G111/><T75/><D75/><U128/><E128/><V85/><F132/><W2/><G2/><N who="0" m="555" /><D101/><U105/><E105/><V87/><F109/><W92/><G113/><T121/><D121/><U65/><E31/><V15/><F30/><W133/><G133/><T84/><D68/><U26/><E26/><V120/><F120/><W50/><G28/><T73/><D73/><U67/><E8/><N who="0" m="3113" /><D80/><U125/><E125/><V104/><F15/><W45/><G72/><T24/><D24/><U66/><E93/><V40/><F107/><W114/><G13/><T97/><D97/><U38/><E17/><V100/><F104/><W76/><G69/><T21/><D21/><U51/><REACH who="1" step="1"/><E16/><REACH who="1" ten="250,240,227,273" step="2"/><V115/><F115/><W119/><G114/><T135/><D135/><U22/><E22/><V82/><F20/><W1/><G1/><T52/><D52/><U127/><E127/><V4/><F54/><W5/><G55/><T32/><D32/><U118/><E118/><V123/><F123/><W89/><G64/><T81/><D81/><U49/><AGARI ba="0,1" hai="38,39,41,42,44,46,48,49,51,58,59,65,66,67" machi="49" ten="30,16000,3" yaku="1,1,0,1,9,1,35,6,53,0" doraHai="96" doraHaiUra="102" who="1" fromWho="1" sc="250,-40,240,170,227,-80,273,-40" /><INIT seed="3,0,0,3,0,23" ten="210,410,147,233" oya="3" hai0="5,71,36,86,31,88,97,84,8,134,16,7,28" hai1="10,114,124,76,9,81,19,133,91,59,87,46,21" hai2="75,49,34,50,22,26,61,15,102,68,40,72,14" hai3="100,94,35,2,56,92,3,111,90,17,63,121,118"/><W52/><G118/><T120/><D71/><U41/><E114/><V80/><F34/><W132/><G121/><T117/><D36/><U44/><E124/><V33/><F33/><W74/><G74/><T25/><D120/><U85/><E59/><V37/><F102/><W1/><G35/><T62/><D117/><U30/><E30/><N who="0" m="11305" /><D134/><U6/><E133/><V48/><F37/><W47/><G132/><T65/><D65/><U103/><E103/><V83/><F40/><W42/><G111/><T135/><D135/><U127/><E127/><V96/><F96/><W113/><G113/><T29/><D29/><U130/><E130/><V119/><F119/><W99/><G17/><T78/><D62/><U43/><E43/><V112/><F112/><W0/><G1/><T125/><D125/><U67/><E67/><V101/><F101/><W12/><G12/><N who="0" m="7175" /><D25/><N who="1" m="14527" /><E41/><V39/><F39/><W58/><G0/><T20/><D20/><U89/><E76/><V69/><F61/><W64/><G42/><T106/><D106/><U38/><E38/><V82/><F22/><W110/><G110/><T27/><D27/><U77/><E77/><V70/><REACH who="2" step="1"/><F26/><REACH who="2" ten="210,410,137,233" step="2"/><W95/><G100/><T116/><D116/><U45/><E6/><N who="0" m="2057" /><D78/><U115/><E115/><V98/><F98/><W122/><G99/><T105/><D105/><U13/><E13/><AGARI ba="0,1" hai="13,14,15,48,49,50,68,69,70,72,75,80,82,83" machi="13" ten="50,8000,1" yaku="1,1,29,2,28,2,53,0" doraHai="23" doraHaiUra="123" who="2" fromWho="1" sc="210,0,410,-80,137,90,233,0" /><INIT seed="4,0,0,5,2,80" ten="210,330,227,233" oya="0" hai0="57,8,48,122,58,84,16,119,88,96,34,95,100" hai1="74,32,103,131,18,67,6,91,99,89,94,28,77" hai2="37,108,61,118,11,35,133,65,31,115,82,46,7" hai3="51,38,106,0,112,127,97,68,45,129,3,49,21"/><T130/><D119/><U17/><E6/><V12/><F108/><W44/><G38/><T134/><D122/><U73/><E67/><V76/><F115/><W42/><G112/><T72/><D72/><U19/><E73/><V71/><F118/><W23/><G68/><T33/><D130/><U54/><E54/><V109/><F133/><W117/><G129/><T121/><D121/><U81/><REACH who="1" step="1"/><E131/><REACH who="1" ten="210,320,227,233" step="2"/><V14/><F109/><W64/><G117/><T79/><D134/><U124/><E124/><V90/><F7/><W135/><G64/><T98/><D34/><U101/><E101/><V123/><F123/><W85/><G127/><T20/><D33/><U56/><E56/><V55/><F55/><W50/><G135/><T9/><D58/><U83/><E83/><V111/><F111/><W13/><G45/><T62/><D79/><U27/><AGARI ba="0,1" hai="17,18,19,27,28,32,74,77,81,89,91,94,99,103" machi="27" ten="30,2000,0" yaku="1,1,0,1,53,0" doraHai="80" doraHaiUra="113" who="1" fromWho="1" sc="210,-10,320,30,227,-5,233,-5" /><INIT seed="5,0,0,4,0,47" ten="200,350,222,228" oya="1" hai0="80,43,57,61,5,39,110,55,15,25,88,9,123" hai1="83,120,2,85,79,69,38,20,108,135,12,104,94" hai2="60,23,124,117,68,52,98,132,95,56,111,26,3" hai3="134,10,106,129,66,127,40,35,18,107,6,109,4"/><U81/><E2/><V97/><F117/><W130/><G109/><T42/><D110/><U65/><E38/><V86/><F3/><W115/><G115/><T51/><D123/><U45/><E104/><V44/><F111/><W116/><G116/><T21/><D39/><U133/><E108/><V112/><F124/><W22/><G35/><T114/><D114/><U77/><E94/><V48/><F68/><W41/><G66/><T67/><D80/><U121/><E65/><V102/><F112/><W96/><G134/><N who="1" m="51210" /><E69/><V46/><F86/><W126/><G41/><T28/><REACH who="0" step="1"/><D88/><REACH who="0" ten="190,350,222,228" step="2"/><N who="1" m="51247" /><E120/><V103/><F132/><W113/><G113/><T87/><D87/><N who="1" m="48623" /><E79/><V13/><F13/><W14/><G14/><T24/><D24/><U62/><E12/><V27/><F27/><W105/><G127/><T131/><D131/><U73/><E73/><V100/><F103/><W101/><G126/><T19/><D19/><U78/><E78/><V33/><F33/><W31/><G130/><T7/><D7/><U36/><E121/><V49/><F100/><W75/><G129/><T59/><AGARI ba="0,1" hai="5,9,15,21,25,28,42,43,51,55,57,59,61,67" machi="59" ten="20,8000,1" yaku="1,1,0,1,7,1,8,1,52,1,53,0" doraHai="47" doraHaiUra="76" who="0" fromWho="0" sc="190,90,350,-40,222,-20,228,-20" /><INIT seed="6,0,0,4,4,43" ten="280,310,202,208" oya="2" hai0="93,121,110,63,6,118,12,60,94,73,47,89,37" hai1="3,32,24,9,61,81,126,23,17,33,8,114,15" hai2="124,40,18,103,54,135,67,4,79,127,129,132,119" hai3="125,84,31,111,10,52,92,20,7,70,35,46,56"/><V13/><F119/><W16/><G111/><T133/><D73/><U99/><E61/><V115/><F79/><W117/><G117/><T55/><D110/><U107/><E81/><V21/><F103/><W102/><G70/><T96/><D121/><U116/><E99/><V106/><F106/><W59/><G35/><N who="1" m="13386" /><E107/><V48/><F67/><W97/><G125/><N who="2" m="48201" /><F4/><W122/><G122/><T65/><D133/><N who="2" m="51274" /><F115/><W128/><G128/><T90/><D118/><U58/><E58/><N who="2" m="33095" /><F40/><W82/><G7/><T44/><D37/><U62/><E62/><V78/><F78/><N who="3" m="46167" /><G31/><T71/><D6/><N who="1" m="1119" /><E126/><V30/><F30/><W5/><G5/><T26/><D26/><U75/><E75/><V109/><F109/><W14/><G10/><T80/><D12/><U0/><E116/><V91/><F91/><W134/><G134/><T49/><D80/><U68/><E68/><V112/><F112/><W72/><G72/><T101/><D101/><U87/><E87/><V120/><F120/><W28/><G28/><T1/><D1/><U85/><E85/><V25/><F25/><W27/><G27/><T130/><D65/><U100/><E100/><V88/><F88/><W41/><G41/><T98/><D71/><U66/><E66/><V29/><F29/><W74/><G74/><T108/><D108/><U123/><E114/><V42/><F42/><W19/><G19/><T76/><D76/><U45/><E123/><V51/><F51/><AGARI ba="0,0" hai="14,16,20,46,51,52,56,59,92,97,102" m="46167" machi="51" ten="30,7700,0" yaku="8,1,52,1,54,2" doraHai="43" who="3" fromWho="2" sc="280,0,310,0,202,-77,208,77" /><INIT seed="7,0,0,1,2,80" ten="280,310,125,285" oya="3" hai0="5,11,20,66,97,108,94,23,65,73,67,91,81" hai1="122,104,101,8,47,57,75,128,40,110,31,120,133" hai2="15,59,25,1,126,119,95,9,22,38,100,58,24" hai3="130,82,28,56,106,112,55,114,131,74,99,16,48"/><W98/><G28/><T63/><D108/><U50/><E110/><V30/><F38/><W118/><G118/><T21/><D73/><U46/><E75/><V33/><F119/><W76/><G106/><T29/><D81/><U41/><E133/><V51/><F59/><W78/><G78/><T83/><D83/><U62/><E31/><V26/><F58/><W4/><G4/><T77/><D77/><U60/><E8/><V90/><F51/><W54/><G54/><T86/><D97/><U116/><E116/><V32/><F100/><W103/><G16/><T107/><D107/><U18/><E18/><N who="2" m="12375" /><F95/><W19/><G19/><T135/><D135/><U52/><E101/><V36/><F90/><W134/><G134/><T87/><D29/><U37/><E104/><V45/><F36/><W85/><G74/><T6/><D11/><U61/><E128/><N who="3" m="49194" /><G103/><T53/><D87/><U14/><E14/><V27/><F45/><W96/><AGARI ba="0,0" hai="48,55,56,76,82,85,96,98,99,112,114" m="49194" machi="96" ten="40,3900,0" yaku="19,1,52,1" doraHai="80" who="3" fromWho="3" sc="280,-13,310,-13,125,-13,285,39" owari="267,-13.0,297,10.0,112,-39.0,324,42.0" /></mjloggm>