<mjloggm ver="2.3"><GO type="169" lobby="0"/><UN n0="%E5%8D%8A%E3%82%AA%E3%82%AB%E3%83%AB%E3%83%88" n1="%E3%82%A6%E3%83%AB%E3%83%88%E3%83%A9%E7%AB%8B%E7%9B%B4" n2="%79%75%75%69%30%35%32%37" n3="%46%75%6B%61%74%73%75%72" dan="16,17,16,16" rate="2037.86,2167.62,2038.20,2058.28" sx="M,M,F,M"/><TAIKYOKU oya="0"/><INIT seed="0,0,0,3,2,135" ten="250,250,250,250" oya="0" hai0="70,72,45,126,16,110,57,86,23,88,46,100,17" hai1="31,94,27,35,5,28,30,44,129,66,20,108,102" hai2="107,1,87,74,58,132,60,112,90,71,123,68,89" hai3="69,95,51,37,33,105,25,48,62,114,128,8,98"/><T75/><D70/><U34/><E66/><V13/><F1/><W101/><G37/><T55/><D100/><U0/><E44/><V91/><F74/><W9/><G128/><T15/><D75/><U7/><E94/><V116/><F123/><W56/><G114/><T97/><D72/><U36/><E102/><V134/><F112/><W42/><G69/><T59/><D97/><U50/><E50/><V109/><F109/><W120/><G120/><T10/><D110/><U130/><E36/><V82/><F107/><W11/><G105/><T111/><D111/><U19/><E108/><V79/><F116/><W63/><G33/><N who="1" m="12298" /><E0/><V118/><F118/><W40/><G25/><N who="0" m="14567" /><D126/><U49/><E49/><N who="3" m="19018" /><G63/><N who="0" m="36287" /><D59/><U41/><E41/><V131/><F68/><W24/><G24/><T104/><D104/><U6/><AGARI ba="0,0" hai="5,6,7,19,20,27,28,30,31,129,130" m="12298" machi="6" ten="40,2700,0" yaku="34,2" doraHai="135" who="1" fromWho="1" sc="250,-13,250,27,250,-7,250,-7" /><INIT seed="1,0,0,5,3,15" ten="237,277,243,243" oya="1" hai0="104,36,105,106,124,127,68,98,9,85,42,5,53" hai1="63,112,35,80,83,62,71,79,33,58,110,64,100" hai2="17,59,76,122,51,91,131,92,125,7,12,88,86" hai3="55,109,50,67,41,46,69,3,56,1,31,84,66"/><U121/><E121/><V82/><F122/><W40/><G31/><T75/><D68/><U27/><E112/><V10/><F125/><N who="0" m="48202" /><D75/><U44/><E110/><V37/><F37/><W135/><G84/><T57/><D85/><U21/><E100/><V108/><F108/><W25/><G25/><T16/><D5/><U28/><E44/><V26/><F131/><W48/><G3/><T61/><D42/><U123/><E123/><V52/><REACH who="2" step="1"/><F92/><REACH who="2" ten="237,277,233,243" step="2"/><W89/><G109/><T77/><D36/><U54/><REACH who="1" step="1"/><E83/><REACH who="1" ten="237,267,233,243" step="2"/><V116/><F116/><W101/><G46/><T119/><D119/><U60/><E60/><V94/><F94/><W30/><G135/><T43/><D106/><U87/><AGARI ba="0,2" hai="21,27,28,33,35,54,58,62,63,64,71,79,80,87" machi="87" ten="20,3900,0" yaku="1,1,0,1,7,1,53,0" doraHai="15" doraHaiUra="130" who="1" fromWho="1" sc="237,-13,267,59,233,-13,243,-13" /><INIT seed="1,1,0,3,2,57" ten="224,326,220,230" oya="1" hai0="116,108,101,84,76,19,25,58,70,21,66,92,36" hai1="112,13,95,26,47,117,0,16,107,82,90,27,52" hai2="106,23,10,120,96,15,28,113,69,11,31,97,65" hai3="93,134,55,20,29,62,104,41,44,91,12,18,48"/><U98/><E0/><V129/><F120/><W35/><G104/><T75/><D75/><U67/><E107/><V87/><F129/><W89/><G134/><T111/><D70/><U128/><E128/><V118/><F118/><W109/><G109/><N who="0" m="42059" /><D36/><U125/><E125/><V94/><F87/><W6/><G35/><T5/><D5/><U24/><E112/><V40/><F40/><W33/><G33/><T135/><D135/><U133/><E133/><V4/><F11/><W73/><G73/><T56/><D116/><U114/><E114/><V38/><F38/><W9/><G29/><T78/><D66/><U34/><E34/><V99/><F106/><W124/><G124/><T39/><D39/><U59/><E117/><V45/><F65/><W103/><G103/><T68/><D68/><U122/><E122/><V123/><F69/><W54/><G91/><N who="0" m="53351" /><D101/><U119/><E119/><V77/><F113/><W37/><G37/><T46/><D46/><U74/><E74/><V72/><F45/><W121/><G121/><T102/><D102/><U130/><E130/><V32/><F32/><W64/><G6/><T79/><AGARI ba="1,0" hai="19,21,25,56,58,76,78,79" m="53351,42059" machi="79" ten="30,1100,0" yaku="14,1" doraHai="57" who="0" fromWho="0" sc="224,14,326,-6,220,-4,230,-4" /><INIT seed="2,0,0,2,1,80" ten="238,320,216,226" oya="2" hai0="45,60,116,53,110,27,78,132,6,11,41,131,117" hai1="86,63,119,106,91,62,123,25,31,4,102,49,111" hai2="125,124,97,68,51,127,82,134,79,112,55,40,100" hai3="108,38,93,56,72,71,0,76,104,52,92,3,83"/><V64/><F112/><W89/><G71/><T74/><D132/><U39/><E39/><V98/><F40/><W47/><G104/><T95/><D131/><U7/><E119/><N who="0" m="45641" /><D110/><U19/><E19/><V130/><F130/><W16/><G108/><T15/><D74/><U75/><E75/><N who="2" m="43391" /><F134/><W85/><G93/><T17/><D78/><U24/><E24/><V109/><F109/><W59/><G59/><N who="0" m="34927" /><D95/><U44/><E123/><V57/><F100/><W113/><G113/><T26/><D6/><U133/><E133/><V46/><F68/><W115/><G115/><T2/><D2/><U105/><E105/><V14/><F14/><W65/><G65/><T22/><D22/><N who="1" m="15799" /><E102/><V20/><F20/><W30/><G30/><T77/><D77/><U8/><E106/><V35/><F35/><W118/><G118/><T88/><D88/><U101/><E101/><V90/><F90/><W114/><G114/><T121/><D121/><U81/><E111/><V37/><F37/><AGARI ba="0,0" hai="11,15,17,26,27,37,41,45" m="34927,45641" machi="37" ten="30,1000,0" yaku="12,1" doraHai="80" who="0" fromWho="2" sc="238,10,320,0,216,-10,226,0" /><INIT seed="3,0,0,1,2,12" ten="248,320,206,226" oya="3" hai0="15,75,85,6,107,92,4,19,117,46,114,108,5" hai1="129,118,29,57,131,82,116,32,98,113,17,23,94" hai2="58,77,120,55,64,81,121,49,76,132,3,119,72" hai3="51,133,66,31,110,104,111,71,0,28,43,37,126"/><W65/><G104/><T42/><D75/><U61/><E82/><V14/><F3/><W112/><G112/><T128/><D107/><U8/><E8/><V80/><F119/><N who="1" m="45609" /><E29/><N who="3" m="11338" /><G0/><T123/><D123/><N who="2" m="47178" /><F132/><W89/><G133/><T53/><D114/><U60/><E32/><V73/><F14/><W70/><G126/><T127/><D127/><U84/><E84/><N who="2" m="48135" /><F64/><N who="3" m="24683" /><G89/><N who="0" m="53295" /><D117/><U88/><E113/><V39/><F39/><W74/><G74/><AGARI ba="0,0" hai="49,55,58,72,73,74,77,81" m="48135,47178" machi="74" ten="30,1000,0" yaku="13,1" doraHai="12" who="2" fromWho="3" sc="248,0,320,0,206,10,226,-10" /><INIT seed="4,0,0,2,0,28" ten="248,320,216,216" oya="0" hai0="19,88,38,17,132,82,97,128,42,36,125,95,73" hai1="101,78,133,7,2,30,55,109,122,29,23,92,31" hai2="103,52,71,114,104,126,50,56,96,34,63,72,93" hai3="130,11,5,75,35,22,46,123,15,49,66,134,39"/><T94/><D38/><U131/><E78/><V3/><F3/><W85/><G75/><T1/><D1/><U108/><E55/><V86/><F72/><W98/><G39/><T60/><D36/><U62/><E62/><V9/><F114/><W117/><G117/><T57/><D42/><U4/><E92/><V64/><F126/><W116/><G116/><T24/><D125/><U12/><E101/><V115/><F115/><W32/><G66/><T14/><D132/><U20/><E122/><V47/><F9/><W10/><G134/><T87/><D128/><U25/><E133/><V91/><REACH who="2" step="1"/><F34/><REACH who="2" ten="248,320,206,216" step="2"/><W121/><G130/><T106/><D73/><U76/><E2/><V112/><F112/><W100/><G11/><N who="0" m="6367" /><D106/><U105/><E105/><V6/><F6/><W44/><G22/><N who="0" m="13407" /><D97/><U53/><E131/><V102/><F102/><W135/><G135/><T45/><D45/><AGARI ba="0,1" hai="45,47,50,52,56,63,64,71,86,91,93,96,103,104" machi="45" ten="40,2600,0" yaku="1,1,54,1,53,0" doraHai="28" doraHaiUra="124" who="2" fromWho="0" sc="248,-26,320,0,206,36,216,0" /><INIT seed="5,0,0,4,5,114" ten="222,320,242,216" oya="1" hai0="95,37,41,24,44,78,99,6,64,38,18,108,5" hai1="4,8,133,30,7,54,122,55,48,98,132,91,81" hai2="72,52,83,134,51,116,1,62,61,128,87,123,25" hai3="46,100,68,119,125,32,60,36,39,33,50,77,29"/><U40/><E122/><V121/><F1/><W27/><G77/><T113/><D38/><U42/><E30/><V88/><F128/><W112/><G112/><T75/><D108/><U117/><E117/><V85/><F72/><W22/><G125/><T135/><D113/><U127/><E127/><V96/><F96/><W3/><G3/><T73/><D64/><U106/><E81/><V23/><F116/><W107/><G22/><T102/><D135/><U105/><E91/><V92/><F134/><W47/><G33/><T12/><D24/><U56/><E48/><V59/><F121/><W71/><G71/><T34/><D34/><U101/><E56/><V0/><F0/><W67/><G119/><T2/><D2/><U11/><E98/><V57/><F123/><W74/><G74/><T70/><D70/><U80/><E80/><V15/><F15/><W97/><G47/><T120/><D120/><U49/><E49/><V126/><F59/><W14/><G14/><T20/><REACH who="0" step="1"/><D75/><REACH who="0" ten="212,320,242,216" step="2"/><U66/><E66/><V63/><F126/><W104/><REACH who="3" step="1"/><G107/><REACH who="3" ten="212,320,242,206" step="2"/><T13/><D13/><U79/><E105/><V76/><REACH who="2" step="1"/><F63/><REACH who="2" ten="212,320,232,206" step="2"/><W58/><G58/><T26/><D26/><U130/><E133/><V94/><F94/><W43/><AGARI ba="0,3" hai="27,29,32,36,39,43,46,50,60,67,68,97,100,104" machi="43" ten="20,12000,2" yaku="1,1,0,1,7,1,25,2,53,1" doraHai="114" doraHaiUra="21" who="3" fromWho="3" sc="212,-30,320,-60,232,-30,206,150" /><INIT seed="6,0,0,3,1,2" ten="182,260,202,356" oya="2" hai0="114,11,84,64,120,97,48,102,91,135,128,72,34" hai1="116,131,15,109,25,125,53,12,78,1,24,130,74" hai2="85,132,113,79,17,29,101,99,31,47,4,134,100" hai3="61,23,92,81,19,96,110,77,106,49,65,88,33"/><V39/><F113/><W42/><G33/><T59/><D72/><U43/><E43/><N who="2" m="23039" /><F17/><W119/><G42/><T44/><D34/><U8/><E78/><V50/><F50/><W37/><G49/><T41/><D114/><U122/><E74/><V55/><F55/><W95/><G37/><T89/><D120/><U57/><E53/><V52/><F52/><W40/><G40/><T38/><D135/><N who="2" m="51754" /><F4/><W26/><G106/><T86/><D128/><U32/><E131/><V7/><F7/><W30/><G119/><T63/><D38/><U46/><E130/><V67/><F67/><W62/><G65/><T107/><D86/><U14/><E46/><V16/><F16/><W80/><G19/><T20/><D84/><U90/><E116/><V6/><F6/><W83/><G77/><T94/><D11/><U73/><E8/><V3/><F3/><W66/><G66/><T0/><D0/><U115/><E1/><V22/><F22/><W18/><G18/><T5/><D5/><U70/><E14/><V117/><F117/><W82/><G62/><T54/><D20/><U69/><E15/><V71/><F71/><W111/><G61/><T68/><D107/><U126/><E12/><V121/><F121/><W104/><G104/><T98/><D68/><U124/><E70/><V60/><F60/><W129/><G129/><T105/><D64/><U27/><E69/><V75/><F75/><W112/><G112/><T9/><D9/><U28/><E73/><V36/><F36/><W10/><N who="3" m="20480" /><DORA hai="93" /><W76/><G23/><T123/><D123/><U35/><E122/><RYUUKYOKU ba="0,0" sc="182,30,260,-10,202,-10,356,-10" hai0="41,44,48,54,59,63,89,91,94,97,98,102,105" /><INIT seed="7,1,0,2,1,20" ten="212,250,192,346" oya="3" hai0="114,57,56,27,60,22,21,96,80,84,25,34,45" hai1="92,66,47,70,31,91,134,37,133,132,108,52,7" hai2="14,12,29,126,94,54,1,61,100,6,117,121,103" hai3="127,40,116,67,44,88,68,93,101,58,81,111,28"/><W16/><G68/><T63/><D34/><U122/><E122/><V118/><F121/><W106/><G88/><N who="0" m="51207" /><D96/><U107/><E107/><V19/><F126/><W9/><G16/><N who="0" m="12455" /><D45/><U128/><E108/><V15/><F29/><W55/><G28/><N who="0" m="17527" /><D114/><U13/><E47/><V75/><F75/><W104/><G44/><T120/><D120/><U17/><E37/><V49/><F61/><AGARI ba="1,0" hai="56,57,60,61,63" m="17527,12455,51207" machi="61" ten="30,8000,1" yaku="8,1,52,2,54,2" doraHai="20" who="0" fromWho="2" sc="212,83,250,0,192,-83,346,0" owari="295,10.0,250,-15.0,109,-39.0,346,44.0" /></mjloggm>