<mjloggm ver="2.3"><GO type="169" lobby="0"/><UN n0="%E7%A8%B2%E4%BD%9C%E3%83%B4%E3%82%A9%E3%83%AB%E3%82%B1%E3%82%A4%E3%83%8E" n1="%E3%82%A6%E3%83%AB%E3%83%88%E3%83%A9%E7%AB%8B%E7%9B%B4" n2="%61%6D%65%64%69%6F" n3="%E5%86%A5%E5%9C%9F%E3%81%AE%E3%83%AF%E3%83%8B%E8%94%B5" dan="18,17,18,18" rate="2249.50,2213.42,2252.40,2221.53" sx="M,M,M,M"/><TAIKYOKU oya="0"/><INIT seed="0,0,0,0,4,128" ten="250,250,250,250" oya="0" hai0="58,121,62,51,100,81,125,131,85,83,65,5,35" hai1="108,109,31,132,82,14,12,11,113,43,23,66,78" hai2="38,115,13,34,114,127,16,99,64,112,1,41,111" hai3="33,101,28,40,27,60,119,122,8,71,92,0,87"/><T2/><D121/><U42/><E66/><V117/><F34/><W107/><G119/><T93/><D35/><U95/><E95/><V44/><F1/><W15/><G40/><T89/><D131/><U133/><E113/><V102/><F117/><W97/><G122/><T21/><D125/><U7/><E42/><V77/><F127/><W72/><G72/><T90/><D100/><U55/><E55/><V98/><F111/><N who="1" m="42569" /><E43/><V19/><F64/><N who="3" m="41351" /><G0/><T47/><D21/><U4/><E31/><V69/><F69/><W88/><G15/><N who="1" m="5674" /><E23/><V120/><F120/><W63/><G63/><T17/><D17/><U29/><E29/><V74/><F102/><W94/><G94/><T37/><D37/><U70/><E70/><V129/><F129/><W6/><G6/><N who="1" m="2090" /><E11/><AGARI ba="0,0" hai="8,11,27,28,33,87,88,92,97,101,107" m="41351" machi="11" ten="30,2000,0" yaku="25,1,54,1" doraHai="128" who="3" fromWho="1" sc="250,0,250,-20,250,0,250,20" /><INIT seed="1,0,0,5,5,21" ten="250,230,250,270" oya="1" hai0="17,46,12,94,13,61,14,9,78,83,63,129,108" hai1="6,91,115,2,131,116,7,76,118,102,34,74,84" hai2="43,35,1,99,130,5,18,117,101,24,80,128,107" hai3="38,120,81,85,33,109,82,55,103,88,125,23,105"/><U119/><E115/><V47/><F80/><W44/><G33/><T25/><D108/><U79/><E131/><V50/><F117/><W62/><G120/><T72/><D129/><N who="2" m="49770" /><F5/><W95/><G109/><T64/><D94/><U48/><E74/><V37/><F1/><W32/><G32/><T70/><D63/><U112/><E112/><V127/><F127/><W59/><G125/><T89/><D89/><U27/><E102/><V57/><F57/><W68/><G68/><T93/><D93/><U3/><E3/><V29/><F18/><W65/><G105/><T41/><REACH who="0" step="1"/><D25/><REACH who="0" ten="240,230,250,270" step="2"/><U60/><E27/><V69/><F69/><W71/><G71/><T42/><D42/><U135/><E118/><V110/><F110/><W134/><G62/><T114/><D114/><U86/><E60/><V58/><F58/><W22/><G95/><T54/><D54/><U52/><E52/><V0/><F0/><W20/><G55/><T73/><D73/><U100/><E2/><V126/><F126/><W53/><G59/><T30/><D30/><U98/><E119/><V87/><F87/><W19/><G53/><T66/><D66/><U10/><E84/><V104/><F104/><W51/><G65/><T15/><D15/><U49/><E86/><V133/><F50/><AGARI ba="0,1" hai="9,12,13,14,17,41,46,50,61,64,70,72,78,83" machi="50" ten="30,2000,0" yaku="1,1,7,1,53,0" doraHai="21" doraHaiUra="123" who="0" fromWho="2" sc="240,30,230,0,250,-20,270,0" /><INIT seed="2,0,0,3,3,70" ten="270,230,230,270" oya="2" hai0="10,20,97,133,65,67,48,13,105,43,80,9,73" hai1="87,38,1,51,39,33,114,134,119,41,71,52,76" hai2="60,16,45,3,89,77,126,64,85,2,25,99,115" hai3="37,44,40,82,8,4,19,29,108,98,23,56,91"/><V30/><F115/><W111/><G29/><T135/><D20/><U83/><E119/><V128/><F126/><W118/><G118/><T129/><D129/><U103/><E114/><V122/><F122/><W101/><G56/><T90/><D43/><U96/><E134/><N who="0" m="51209" /><D48/><U66/><E41/><V68/><F128/><W104/><G91/><T107/><D9/><U32/><E1/><V116/><F116/><W72/><G19/><N who="0" m="8631" /><D90/><U112/><E112/><V62/><F62/><W106/><G106/><N who="0" m="40459" /><D97/><U59/><E32/><V81/><F99/><W14/><REACH who="3" step="1"/><G23/><REACH who="3" ten="270,230,230,260" step="2"/><T131/><D131/><U120/><E120/><V36/><F89/><W46/><G46/><T84/><D80/><U57/><E57/><V79/><F77/><AGARI ba="0,1" hai="4,8,14,37,40,44,72,77,82,98,101,104,108,111" machi="77" ten="40,5200,0" yaku="1,1,52,1,53,1" doraHai="70" doraHaiUra="6" who="3" fromWho="2" sc="270,0,230,0,230,-52,260,62" /><INIT seed="3,0,0,4,0,32" ten="270,230,178,322" oya="3" hai0="78,71,81,14,10,90,25,53,65,121,83,114,62" hai1="47,35,39,95,118,120,93,7,31,16,64,66,17" hai2="75,22,101,113,59,69,107,111,23,4,123,72,56" hai3="115,92,24,80,131,125,87,49,116,88,135,30,89"/><W82/><G116/><T58/><D121/><U3/><E120/><V60/><F123/><W37/><G115/><T43/><D114/><U133/><E118/><V99/><F113/><W13/><G37/><T19/><D43/><U91/><E133/><V40/><F111/><W42/><G135/><T77/><D25/><U8/><E31/><V94/><F69/><W103/><G125/><T126/><D126/><U20/><E35/><V73/><F40/><W117/><G117/><T70/><D90/><U79/><E79/><V28/><F107/><W129/><G103/><T67/><D71/><U48/><E39/><V68/><F68/><W6/><G42/><T36/><D36/><U55/><E95/><V52/><F28/><W9/><G49/><T51/><D70/><U110/><E110/><V100/><F100/><W96/><REACH who="3" step="1"/><G82/><REACH who="3" ten="270,230,178,312" step="2"/><N who="0" m="31243" /><D51/><U2/><E48/><V128/><F128/><W98/><G98/><T26/><D62/><U109/><E109/><V97/><F99/><W105/><G105/><T130/><D130/><U18/><E93/><V86/><F86/><W0/><G0/><T122/><D122/><U74/><E3/><V108/><F108/><W54/><G54/><T46/><D53/><U127/><E55/><V132/><F132/><W12/><G12/><T61/><D67/><U50/><E66/><V85/><F85/><W124/><G124/><T21/><D46/><U45/><E64/><V29/><F52/><W106/><G106/><T134/><D134/><U104/><E104/><V63/><F97/><W57/><G57/><T15/><D14/><N who="1" m="9239" /><E127/><V119/><F119/><RYUUKYOKU ba="0,1" sc="270,15,230,-15,178,-15,312,15" hai0="10,15,19,21,26,58,61,65,77,78" hai3="6,9,13,24,30,80,87,88,89,92,96,129,131" /><INIT seed="3,1,1,0,4,4" ten="285,215,163,327" oya="3" hai0="126,93,113,37,44,78,3,20,25,27,69,89,53" hai1="79,22,123,57,11,121,58,6,46,100,135,76,129" hai2="101,115,63,64,56,80,119,67,110,85,38,107,91" hai3="33,132,26,31,112,124,24,52,39,95,45,96,120"/><W17/><G120/><T102/><D3/><U108/><E108/><V21/><F110/><W30/><G112/><T73/><D69/><U1/><E129/><V19/><F115/><W59/><G124/><T109/><D109/><U125/><E125/><V55/><F119/><W48/><G132/><T62/><D126/><U2/><E135/><V104/><F38/><W86/><G86/><T54/><D102/><U65/><E100/><V88/><F91/><W114/><G17/><T16/><D113/><U84/><E46/><V106/><REACH who="2" step="1"/><F101/><REACH who="2" ten="285,215,153,327" step="2"/><W61/><G39/><T116/><D37/><U40/><E123/><V41/><F41/><W83/><G114/><T42/><D42/><U15/><E40/><V99/><F99/><W14/><G96/><T43/><D89/><U13/><E121/><V60/><F60/><W134/><G61/><T18/><D62/><U36/><E36/><V71/><F71/><W9/><G134/><T68/><D43/><U8/><E79/><V81/><F81/><W70/><G83/><T92/><D78/><U117/><E117/><V75/><F75/><W72/><G72/><T118/><D73/><U94/><E76/><V5/><F5/><N who="3" m="3375" /><G70/><T35/><D68/><U7/><E84/><V47/><F47/><W133/><G133/><T28/><D44/><U23/><E65/><V98/><F98/><W87/><G45/><T97/><D97/><U122/><E122/><V10/><F10/><W32/><G87/><T66/><D66/><U51/><E51/><V127/><F127/><W128/><G128/><T105/><D118/><U29/><E94/><AGARI ba="1,2" hai="24,26,30,31,32,33,48,52,59,94,95" m="3375" machi="94" ten="30,5800,0" yaku="6,1,52,1,54,1" doraHai="4" who="3" fromWho="1" sc="285,0,215,-61,153,0,327,81" /><INIT seed="3,2,0,1,1,95" ten="285,154,153,408" oya="3" hai0="65,0,66,96,44,14,70,94,120,23,124,105,135" hai1="75,127,64,19,1,76,33,132,112,60,125,56,77" hai2="123,78,4,42,118,67,80,114,47,122,17,13,11" hai3="71,45,34,21,116,107,84,103,10,92,129,115,36"/><W7/><G34/><T59/><D0/><U91/><E112/><V111/><F114/><W12/><G71/><T130/><D120/><N who="2" m="46122" /><F111/><W86/><G115/><T26/><D105/><U53/><E33/><V97/><F67/><W46/><G107/><T41/><D70/><U8/><E132/><V2/><F118/><W102/><G129/><T43/><D130/><U61/><E91/><V74/><F17/><W28/><G36/><T6/><D124/><N who="1" m="47691" /><E75/><V99/><F13/><W89/><G84/><T51/><D43/><U58/><E19/><V55/><F55/><W35/><G35/><T121/><D135/><U16/><E1/><V40/><F40/><W131/><G116/><T98/><D121/><U110/><E110/><V104/><F104/><W81/><G131/><T119/><D119/><U128/><E128/><V52/><F52/><W3/><G3/><T9/><D59/><U106/><E106/><V100/><F100/><W15/><G102/><T39/><D39/><AGARI ba="2,0" hai="2,4,11,39,42,47,74,78,80,97,99" m="46122" machi="39" ten="30,7700,0" yaku="25,1,13,1,52,2" doraHai="95" who="2" fromWho="0" sc="285,-83,154,0,153,83,408,0" /><INIT seed="4,0,0,3,3,26" ten="202,154,236,408" oya="0" hai0="128,45,56,87,38,126,11,29,96,31,52,1,4" hai1="69,106,94,121,120,130,33,42,116,60,89,81,46" hai2="76,71,3,77,48,6,20,35,12,0,18,61,72" hai3="78,21,53,17,83,103,113,109,74,62,23,70,63"/><T80/><D128/><U127/><E106/><V30/><F48/><W19/><G109/><T84/><BYE who="1" /><D126/><U111/><E111/><V22/><F72/><UN n1="%E3%82%A6%E3%83%AB%E3%83%88%E3%83%A9%E7%AB%8B%E7%9B%B4" /><W57/><G113/><T95/><D38/><U131/><E33/><V14/><F61/><W13/><G103/><T86/><D45/><U88/><E116/><V118/><F71/><W124/><G124/><T129/><D80/><U90/><E127/><V132/><F118/><W64/><G19/><T27/><D27/><U39/><E81/><V58/><F58/><W85/><G74/><T93/><D129/><N who="1" m="49163" /><E94/><V51/><F51/><W34/><G34/><T102/><REACH who="0" step="1"/><D95/><REACH who="0" ten="192,154,236,408" step="2"/><U40/><E40/><V44/><F44/><W15/><G83/><T125/><D125/><U32/><E32/><V41/><F41/><W91/><G78/><T135/><D135/><U107/><E107/><V5/><F132/><W79/><G79/><T67/><D67/><AGARI ba="0,1" hai="39,42,46,60,67,69,88,89,90,120,121" m="49163" machi="67" ten="30,2000,0" yaku="19,1,54,1" doraHai="26" who="1" fromWho="0" sc="192,-20,154,30,236,0,408,0" /><INIT seed="5,0,0,2,2,78" ten="172,184,236,408" oya="1" hai0="59,94,117,58,73,119,134,97,52,42,74,124,87" hai1="29,96,47,129,111,14,54,35,4,127,36,60,105" hai2="123,50,32,135,131,6,18,20,12,16,19,3,77" hai3="49,88,15,89,102,0,103,51,30,122,132,101,128"/><U113/><E113/><V66/><F123/><W9/><G0/><T69/><D69/><U125/><E129/><V93/><F131/><W27/><G122/><T109/><D109/><U46/><E111/><V118/><F118/><W65/><G65/><T64/><D64/><U90/><E29/><V72/><F135/><W85/><G132/><T133/><D42/><U55/><E35/><V68/><F32/><W110/><G110/><T48/><D124/><N who="1" m="47691" /><E60/><V39/><F39/><W63/><G89/><T7/><D7/><U120/><E120/><V25/><F66/><W116/><G63/><T115/><D115/><U13/><E4/><V37/><F68/><W98/><G98/><T2/><D2/><U41/><E90/><V67/><F67/><W38/><G116/><T22/><D133/><U76/><E76/><V83/><F37/><W80/><G38/><T28/><D134/><U56/><E47/><V40/><F93/><W71/><G71/><T107/><D117/><U11/><E11/><N who="2" m="4215" /><F72/><W82/><G128/><T26/><D119/><U121/><E121/><V126/><F3/><W5/><G51/><T61/><D61/><N who="1" m="35991" /><E55/><V10/><F10/><W114/><G49/><T17/><D58/><U86/><E86/><N who="2" m="48495" /><F126/><W31/><G114/><T79/><D73/><U34/><E34/><V70/><F70/><W92/><G31/><T53/><D74/><U108/><E108/><V43/><F43/><W84/><G84/><T57/><D28/><U106/><E106/><V104/><F104/><W24/><G30/><T33/><D107/><U45/><E45/><AGARI ba="0,0" hai="16,18,19,20,25,40,45,50" m="48495,4215" machi="45" ten="30,7700,0" yaku="25,1,8,1,52,1,54,1" doraHai="78" who="2" fromWho="1" sc="172,0,184,-77,236,77,408,0" /><INIT seed="6,0,0,0,0,3" ten="172,107,313,408" oya="2" hai0="68,27,49,42,54,26,77,107,14,112,19,110,32" hai1="135,128,95,69,66,100,96,31,84,18,21,94,116" hai2="15,114,37,134,133,109,67,47,0,45,23,76,53" hai3="104,65,8,85,89,92,81,124,60,48,2,121,87"/><V101/><F109/><W111/><G111/><T74/><D110/><U88/><E116/><V51/><F101/><W56/><G104/><T80/><D107/><U1/><E128/><V28/><F76/><W33/><G33/><T122/><D122/><U125/><E125/><V4/><F114/><W13/><G2/><T58/><D112/><U63/><E135/><N who="2" m="51723" /><F67/><W41/><G124/><T9/><D68/><U119/><E31/><V43/><F0/><W70/><G121/><T75/><D32/><U106/><E1/><V127/><F127/><W39/><G39/><T25/><REACH who="0" step="1"/><D42/><REACH who="0" ten="162,107,313,408" step="2"/><U52/><E119/><V61/><F43/><W73/><G70/><T82/><D82/><U97/><E97/><V72/><F37/><W99/><G81/><T79/><D79/><U64/><E106/><V98/><F72/><AGARI ba="0,1" hai="9,14,19,25,26,27,49,54,58,72,74,75,77,80" machi="72" ten="40,1300,0" yaku="1,1,53,0" doraHai="3" doraHaiUra="24" who="0" fromWho="2" sc="162,23,107,0,313,-13,408,0" /><INIT seed="7,0,0,0,0,4" ten="185,107,300,408" oya="3" hai0="26,16,20,107,32,72,70,113,51,130,39,86,77" hai1="2,132,56,28,19,59,66,87,31,118,37,67,12" hai2="84,6,8,90,49,68,30,110,99,15,14,121,126" hai3="109,50,5,29,23,44,63,9,108,48,65,111,83"/><W103/><G103/><T101/><D39/><U97/><E37/><V117/><F68/><W0/><G83/><T105/><D70/><U35/><E2/><V55/><F110/><W22/><G29/><T71/><D71/><U25/><E132/><V54/><F121/><W17/><G17/><T135/><D72/><U114/><E114/><V27/><F126/><W75/><G75/><T57/><D32/><U3/><E3/><V127/><F117/><W62/><G50/><T120/><D120/><U96/><E118/><V41/><F127/><W102/><G102/><T21/><D135/><U104/><E87/><V53/><F99/><W115/><G115/><T119/><D119/><U69/><E31/><V43/><F15/><W78/><G78/><T124/><D124/><U40/><E40/><V45/><F43/><N who="3" m="24607" /><G63/><T46/><D113/><U94/><E97/><V13/><F13/><W95/><G95/><T42/><D101/><U112/><E112/><V133/><F133/><W47/><G47/><T52/><D20/><U128/><E128/><V91/><REACH who="2" step="1"/><F84/><REACH who="2" ten="185,107,290,408" step="2"/><W134/><G134/><T34/><D86/><U93/><E104/><V131/><F131/><W64/><G64/><T7/><D107/><U74/><E74/><V10/><F10/><W11/><G9/><T100/><D105/><U24/><E24/><V88/><F88/><W82/><G109/><T116/><D26/><U58/><E69/><V98/><F98/><W73/><G111/><T79/><D130/><U18/><E96/><V33/><AGARI ba="0,1" hai="6,8,14,27,30,33,41,45,49,53,54,55,90,91" machi="33" ten="30,4000,0" yaku="1,1,0,1,52,1,53,0" doraHai="4" doraHaiUra="106" who="2" fromWho="2" sc="185,-10,107,-10,290,50,408,-20" owari="175,-22.0,97,-40.0,340,14.0,388,48.0" /></mjloggm>