<mjloggm ver="2.3"><GO type="41" lobby="0"/><UN n0="%E3%81%99%E3%81%A0%E3%81%A1%E5%A4%A7%E9%AD%94%E7%8E%8B" n1="%E5%B0%B1%E6%B4%BB%E7%94%9F%40%E5%B7%9D%E6%9D%91%E8%BB%8D%E5%9B%A3" n2="%57%78%59" n3="%E3%81%8A%E3%81%86%E3%81%8D%E3%81%97%E3%82%87%E3%81%86%E3%81%90%E3%82%93" dan="14,15,13,14" rate="1902.36,2044.34,1889.22,1963.61" sx="M,M,M,M"/><TAIKYOKU oya="0"/><INIT seed="0,0,0,3,4,73" ten="250,250,250,250" oya="0" hai0="99,131,15,95,82,66,84,77,23,35,110,127,3" hai1="117,56,108,2,100,102,42,5,89,55,18,39,4" hai2="113,37,109,7,79,28,96,47,24,98,69,134,59" hai3="62,34,118,29,33,120,124,135,114,11,129,75,91"/><T86/><D3/><U19/><E117/><V74/><F113/><W71/><G62/><T105/><D35/><U43/><E108/><V103/><F69/><W8/><G91/><T67/><D105/><U38/><E89/><V88/><F109/><W122/><G122/><T128/><D110/><U92/><E92/><V126/><F134/><W20/><G29/><T30/><D127/><U70/><E56/><V0/><F126/><W85/><G85/><T44/><D44/><U97/><E2/><V111/><F111/><W133/><G20/><T45/><D45/><U123/><E123/><V76/><F74/><W52/><G33/><T80/><D128/><U50/><E50/><V132/><F132/><W49/><G49/><T83/><D131/><U125/><E125/><V90/><F7/><W26/><G52/><T106/><D106/><U107/><E107/><V32/><F0/><W93/><G93/><T65/><D84/><U112/><E97/><V119/><F119/><W54/><G34/><T57/><D57/><U17/><E55/><V13/><F13/><W94/><G54/><T41/><D41/><N who="1" m="15371" /><E70/><V60/><F37/><N who="1" m="13833" /><E112/><V61/><F47/><W130/><G71/><T81/><D81/><U25/><E25/><V1/><F1/><W16/><G75/><T116/><D116/><U14/><E14/><V115/><F115/><W121/><G114/><T46/><D46/><U12/><E12/><V68/><F68/><W10/><G118/><T101/><D15/><U58/><E58/><V53/><F61/><W6/><G124/><T36/><D36/><U40/><E40/><RYUUKYOKU ba="0,0" sc="250,15,250,15,250,-15,250,-15" hai0="23,30,65,66,67,77,80,82,83,86,95,99,101" hai1="4,5,17,18,19,100,102" /><INIT seed="0,1,0,5,5,130" ten="265,265,235,235" oya="0" hai0="78,40,124,15,107,132,3,106,49,41,110,81,125" hai1="34,44,114,127,122,74,100,102,20,116,11,69,22" hai2="85,35,37,0,30,64,112,31,111,7,1,59,5" hai3="12,25,103,133,131,86,32,4,6,88,10,33,38"/><T48/><D3/><U67/><E34/><V45/><F112/><W77/><G131/><T14/><D78/><U70/><E74/><V91/><F111/><W63/><G38/><T117/><D81/><U16/><E116/><V43/><F64/><W123/><G123/><T115/><D115/><U101/><E122/><V80/><F59/><W68/><G77/><T92/><D92/><U71/><E114/><V135/><F135/><W93/><G133/><T50/><D117/><U51/><E127/><N who="0" m="48713" /><D132/><U126/><E67/><V18/><F18/><W98/><G103/><T58/><D58/><U54/><REACH who="1" step="1"/><E126/><REACH who="1" ten="265,255,235,235" step="2"/><V82/><F35/><W72/><G33/><T13/><D110/><U94/><E94/><V42/><F37/><W23/><G72/><T66/><D66/><U21/><E21/><V99/><F85/><W46/><G32/><T118/><D118/><U104/><E104/><AGARI ba="1,1" hai="13,14,15,40,41,48,49,50,104,106,107" m="48713" machi="104" ten="40,7700,0" yaku="28,2,18,1" doraHai="130" who="0" fromWho="1" sc="265,90,255,-80,235,0,235,0" /><INIT seed="0,2,0,2,1,105" ten="355,175,235,235" oya="0" hai0="97,14,9,52,84,88,135,64,123,92,127,130,108" hai1="77,26,6,50,13,85,10,17,87,120,53,51,95" hai2="115,118,66,79,63,119,81,58,128,68,93,43,47" hai3="129,109,132,104,67,124,37,121,18,27,2,65,12"/><T42/><D123/><U126/><E120/><V32/><F32/><W30/><G104/><T5/><D135/><U23/><E126/><V24/><F115/><W48/><G37/><T41/><D127/><U114/><E114/><V110/><F110/><W89/><G124/><T20/><D130/><U7/><E51/><V73/><F128/><W1/><G121/><T82/><D64/><U71/><E71/><V45/><F24/><W117/><G129/><T3/><D108/><U76/><E6/><V4/><F4/><W116/><G109/><T56/><D3/><U99/><E77/><V133/><F133/><W44/><G132/><T75/><D20/><U134/><E76/><V113/><F113/><W0/><G117/><N who="2" m="44553" /><F93/><W125/><G116/><T111/><D75/><U78/><E78/><V54/><F43/><W122/><G125/><T112/><D112/><U72/><E72/><V90/><F90/><W29/><G122/><T55/><D111/><U70/><E70/><V98/><F98/><W49/><G2/><T69/><D69/><U100/><REACH who="1" step="1"/><E134/><REACH who="1" ten="355,165,235,235" step="2"/><V46/><F68/><W38/><G1/><T8/><D8/><U91/><E91/><V25/><F25/><W80/><G0/><T28/><D28/><U101/><E101/><V31/><F31/><W11/><G38/><T19/><D5/><U94/><E94/><V33/><F33/><W34/><G49/><AGARI ba="2,1" hai="45,46,47,49,54,58,63,66,73,79,81" m="44553" machi="49" ten="30,2000,0" yaku="12,1,52,1" doraHai="105" who="2" fromWho="3" sc="355,0,165,0,235,36,235,-26" /><INIT seed="1,0,0,1,0,25" ten="355,165,271,209" oya="1" hai0="80,43,81,128,117,59,33,119,127,104,5,8,12" hai1="13,85,48,54,95,120,87,118,61,89,20,112,46" hai2="92,27,23,24,123,19,2,74,73,52,102,42,57" hai3="17,96,75,109,124,0,106,44,22,105,29,129,51"/><U1/><E118/><V69/><F123/><W63/><G109/><T47/><D104/><U62/><E120/><V83/><F69/><W32/><G0/><T68/><D68/><U130/><E112/><V98/><F2/><W45/><G75/><T3/><D33/><U72/><E72/><V49/><F42/><W91/><G129/><T31/><D128/><U107/><E107/><V103/><F83/><W34/><G124/><T50/><D127/><U56/><E1/><V53/><F103/><W84/><G63/><T113/><D113/><U88/><E130/><V111/><F111/><W14/><G45/><T64/><D3/><U115/><E115/><V55/><F55/><W15/><G15/><T100/><D100/><U97/><E97/><V82/><F82/><W67/><G67/><T90/><D90/><U131/><E131/><V6/><F6/><W41/><G96/><T78/><D78/><U122/><E122/><V4/><F4/><W65/><G65/><T86/><D86/><U101/><E101/><V121/><F121/><W39/><G39/><T35/><D119/><U36/><E36/><V7/><F7/><W37/><G37/><T9/><D9/><U135/><E135/><V76/><F76/><W77/><G77/><T66/><D117/><U30/><E46/><V71/><F71/><W60/><G60/><N who="0" m="37919" /><D66/><U21/><E21/><N who="2" m="13375" /><F53/><W110/><G110/><T116/><D116/><U38/><E38/><V133/><F133/><W125/><G125/><T134/><D134/><U16/><E30/><V126/><F126/><W99/><G99/><T11/><D11/><RYUUKYOKU ba="0,0" sc="355,10,165,10,271,10,209,-30" hai0="5,8,12,31,35,43,47,50,80,81" hai1="13,16,20,48,54,56,61,62,85,87,88,89,95" hai2="23,27,49,52,57,73,74,92,98,102" /><INIT seed="1,1,0,3,5,7" ten="365,175,281,179" oya="1" hai0="124,40,48,34,54,0,5,18,116,82,90,106,114" hai1="49,133,62,132,98,31,89,135,71,131,105,103,12" hai2="101,63,39,47,76,110,44,46,83,122,96,107,58" hai3="2,11,33,97,24,42,115,15,84,75,120,112,38"/><U77/><E131/><V134/><F122/><W30/><G120/><T57/><D114/><U10/><E77/><V99/><F110/><W61/><G75/><T125/><D116/><U88/><E31/><V95/><F134/><W123/><G2/><T60/><D106/><U20/><E20/><V85/><F39/><W64/><G123/><T86/><D34/><U94/><E49/><V32/><F32/><W35/><G35/><T128/><D128/><U121/><E121/><V129/><F129/><W28/><G28/><T72/><D72/><U41/><E41/><V14/><F14/><W21/><G33/><T59/><D18/><U118/><E118/><V36/><F36/><W93/><G84/><T87/><D87/><U43/><E43/><V104/><REACH who="2" step="1"/><F99/><REACH who="2" ten="365,175,271,179" step="2"/><W102/><G38/><T37/><D37/><U68/><E62/><V100/><F100/><W51/><G42/><T91/><D40/><U19/><E89/><V113/><F113/><W26/><G51/><T80/><D90/><U9/><E9/><V29/><F29/><W66/><G26/><T130/><D130/><U27/><E27/><V25/><F25/><W74/><G74/><T69/><D48/><U65/><E65/><AGARI ba="1,1" hai="44,46,47,58,63,65,76,83,85,95,96,101,104,107" machi="65" ten="40,1300,0" yaku="1,1,53,0" doraHai="7" doraHaiUra="13" who="2" fromWho="1" sc="365,0,175,-16,271,26,179,0" /><INIT seed="2,0,0,4,3,84" ten="365,159,297,179" oya="2" hai0="52,92,81,15,128,78,118,14,26,56,28,71,9" hai1="1,135,44,109,96,21,114,120,61,32,106,112,2" hai2="68,83,12,49,33,102,10,16,95,131,41,6,18" hai3="87,60,59,77,38,116,134,27,70,100,110,3,105"/><V11/><F68/><W93/><G116/><T89/><D71/><U64/><E120/><V13/><F33/><W58/><G110/><T101/><D101/><U47/><E135/><V17/><F131/><W104/><G134/><T88/><D128/><U115/><E32/><V7/><F83/><W45/><G3/><T62/><D92/><U74/><E109/><V76/><F76/><W54/><G70/><T94/><D94/><U24/><E74/><V103/><F95/><W107/><G27/><T90/><D9/><U5/><E106/><V129/><F129/><W99/><G58/><T19/><D19/><U126/><E126/><V57/><F57/><W127/><G127/><T29/><D118/><U119/><E96/><V37/><F37/><W82/><G45/><AGARI ba="0,0" hai="6,7,10,11,12,13,16,17,18,41,45,49,102,103" machi="45" ten="40,7700,0" yaku="9,1,8,1,54,1" doraHai="84" who="2" fromWho="3" sc="365,0,159,0,297,77,179,-77" /><INIT seed="2,1,0,0,5,86" ten="365,159,374,102" oya="2" hai0="44,71,6,112,47,84,35,128,42,58,50,82,89" hai1="109,2,66,7,51,123,10,73,100,103,72,52,121" hai2="70,55,85,75,78,99,20,88,54,15,48,96,102" hai3="114,115,134,74,132,45,3,104,129,119,113,53,97"/><V37/><F70/><W90/><G53/><T56/><D35/><U1/><E66/><V133/><F37/><W9/><G45/><T101/><D112/><U22/><E109/><V61/><F133/><N who="3" m="51307" /><G9/><T39/><D71/><U79/><E22/><V60/><F75/><W81/><G3/><T27/><D128/><U14/><E73/><V76/><F102/><N who="1" m="38953" /><E79/><N who="2" m="30251" /><F54/><W94/><G129/><T26/><D6/><U62/><E72/><V13/><F99/><W49/><G49/><T40/><D101/><U117/><E62/><N who="2" m="24171" /><F96/><W38/><G38/><T29/><REACH who="0" step="1"/><D29/><REACH who="0" ten="355,159,374,102" step="2"/><U106/><E106/><V118/><F118/><W98/><G119/><T19/><D19/><U30/><E30/><V43/><F43/><W21/><G21/><T34/><D34/><U126/><E117/><V69/><F69/><W124/><G124/><T64/><D64/><U25/><E126/><V108/><F20/><W80/><G74/><T135/><D135/><U111/><E1/><V91/><F108/><W93/><G104/><T67/><D67/><U0/><E111/><V130/><F130/><W23/><G23/><T87/><D87/><U16/><E2/><V92/><F85/><W46/><G46/><T95/><D95/><U59/><E0/><V122/><F92/><W8/><G8/><T36/><D36/><U120/><E25/><AGARI ba="1,1" hai="25,26,27,39,40,42,44,47,50,56,58,82,84,89" machi="25" ten="40,2600,0" yaku="1,1,52,1,53,0" doraHai="86" doraHaiUra="65" who="0" fromWho="1" sc="355,39,159,-29,374,0,102,0" /><INIT seed="3,0,0,3,1,83" ten="394,130,374,102" oya="3" hai0="73,45,49,105,121,88,15,103,117,115,82,75,40" hai1="53,102,84,70,46,124,43,129,122,58,133,92,65" hai2="97,29,101,3,11,22,69,113,108,16,12,91,48" hai3="36,59,130,107,71,125,23,13,111,134,61,66,50"/><W123/><G123/><T32/><D121/><U74/><E74/><V78/><F113/><W90/><G107/><T89/><D117/><U112/><E122/><V26/><F69/><W21/><G111/><T31/><D115/><U39/><E112/><V7/><F108/><W116/><G116/><T99/><D31/><U0/><E0/><V106/><F78/><W38/><G125/><T14/><D32/><U8/><E124/><V34/><F91/><W52/><G130/><T79/><D75/><U98/><E129/><V62/><F48/><W41/><G134/><T80/><D89/><U86/><E133/><V4/><F4/><W87/><G21/><T95/><REACH who="0" step="1"/><D82/><REACH who="0" ten="384,130,374,102" step="2"/><U109/><E109/><V81/><F81/><W10/><G23/><T126/><D126/><U28/><E28/><V37/><F37/><W72/><G72/><T47/><D47/><U6/><E70/><V67/><F62/><W76/><G76/><T57/><D57/><U120/><E120/><V63/><F63/><W132/><G132/><T17/><D17/><U54/><E65/><AGARI ba="0,1" hai="3,7,11,12,16,22,26,29,34,65,67,97,101,106" machi="65" ten="40,5200,0" yaku="24,2,54,1" doraHai="83" who="2" fromWho="1" sc="384,0,130,-52,374,62,102,0" /><INIT seed="4,0,0,4,5,63" ten="384,78,436,102" oya="0" hai0="59,52,32,19,103,82,57,93,0,87,133,20,91" hai1="125,120,67,33,12,89,121,42,62,84,102,118,38" hai2="92,99,49,80,61,5,97,71,101,47,113,26,119" hai3="86,4,115,56,28,94,123,2,17,31,106,27,69"/><T116/><D116/><U66/><E33/><V36/><F113/><W108/><G115/><T58/><D32/><U41/><E118/><V76/><F36/><W127/><G108/><T134/><D0/><U53/><E125/><V75/><F119/><W81/><G127/><T105/><D105/><U45/><E41/><V114/><F114/><W90/><G123/><T135/><D103/><U43/><E43/><V54/><F5/><W3/><G106/><T74/><D74/><U130/><E102/><V117/><F117/><W79/><G69/><T23/><D23/><U109/><E130/><V83/><F83/><W11/><G2/><T95/><REACH who="0" step="1"/><D52/><REACH who="0" ten="374,78,436,102" step="2"/><U15/><E53/><V98/><F101/><W39/><G39/><T112/><D112/><U100/><E109/><V110/><F75/><W48/><G17/><T129/><D129/><U13/><E100/><V24/><F110/><W104/><G104/><T44/><D44/><U131/><E131/><V72/><F92/><W29/><G48/><T73/><D73/><U128/><E128/><V85/><F72/><W50/><G50/><T111/><D111/><U18/><E18/><V7/><F7/><W16/><G16/><T25/><AGARI ba="0,1" hai="19,20,25,57,58,59,82,87,91,93,95,133,134,135" machi="25" ten="40,7800,0" yaku="1,1,0,1,20,1,53,0" doraHai="63" doraHaiUra="96" who="0" fromWho="0" sc="374,88,78,-26,436,-26,102,-26" /><INIT seed="4,1,0,4,5,25" ten="462,52,410,76" oya="0" hai0="21,97,94,119,70,101,11,125,7,48,116,54,81" hai1="65,90,13,26,50,134,80,68,106,69,117,43,62" hai2="32,4,10,58,120,86,45,38,0,28,85,27,115" hai3="37,89,30,67,98,102,118,49,71,111,57,31,93"/><T123/><D123/><U100/><E117/><V3/><F120/><W8/><G111/><T41/><D70/><U56/><E134/><V87/><F115/><W75/><G118/><T79/><D125/><U46/><E13/><V84/><F38/><W126/><G75/><T64/><D64/><U61/><E106/><V44/><N who="2" m="22016" /><DORA hai="73" /><V36/><F36/><W20/><G126/><T82/><D41/><U95/><E100/><V83/><F83/><W88/><G71/><T2/><D79/><U1/><E1/><V78/><F78/><W33/><G37/><T77/><D77/><U109/><E80/><V74/><F74/><W14/><G33/><T128/><D128/><U130/><E130/><V108/><F108/><W51/><G20/><T60/><D60/><U34/><E109/><V66/><REACH who="2" step="1"/><F0/><REACH who="2" ten="462,52,400,76" step="2"/><W72/><G72/><T29/><D116/><U63/><E68/><V5/><F5/><W6/><G51/><T104/><D119/><U42/><E69/><V23/><F23/><W122/><G122/><T19/><D82/><U92/><E42/><V113/><F113/><W55/><REACH who="3" step="1"/><G67/><REACH who="3" ten="462,52,400,66" step="2"/><T114/><D81/><U96/><REACH who="1" step="1"/><E92/><REACH who="1" ten="462,42,400,66" step="2"/><V53/><F53/><W132/><G132/><T99/><D94/><U107/><E107/><V16/><F16/><W129/><G129/><T12/><D104/><U103/><E103/><V127/><F127/><W15/><G15/><N who="0" m="9471" /><D101/><U105/><E105/><V24/><F24/><W133/><G133/><T39/><D12/><U112/><E112/><V121/><F121/><W124/><G124/><T131/><D114/><U40/><E40/><RYUUKYOKU ba="1,3" sc="462,-30,42,10,400,10,66,10" hai1="26,34,43,46,50,56,61,62,63,65,90,95,96" hai2="3,4,10,27,28,32,44,45,58,66" hai3="6,8,14,30,31,49,55,57,88,89,93,98,102" /><INIT seed="5,2,3,4,0,42" ten="432,52,410,76" oya="1" hai0="21,51,86,34,117,96,24,63,123,30,83,70,105" hai1="111,75,108,56,57,94,125,8,2,48,90,19,44" hai2="49,41,13,47,118,55,0,71,130,61,25,37,128" hai3="5,60,45,74,122,114,127,99,115,113,14,89,116"/><U102/><E75/><V26/><F118/><W11/><G122/><T120/><D117/><U110/><E125/><V104/><F0/><W39/><G127/><T54/><D21/><U109/><E102/><V107/><F13/><W36/><G116/><T38/><D38/><U17/><N who="1" m="28160" /><DORA hai="16" /><U53/><E2/><V7/><F7/><W6/><G6/><T100/><D83/><U28/><E28/><V59/><F25/><W95/><G74/><T62/><D86/><N who="1" m="52567" /><E8/><V3/><F3/><W112/><N who="3" m="28672" /><DORA hai="9" /><W33/><G33/><T32/><D32/><U84/><E84/><V124/><F26/><W85/><G85/><T129/><D129/><N who="2" m="49770" /><F124/><W78/><G78/><T103/><D103/><U4/><E4/><V27/><F27/><W87/><G87/><T121/><REACH who="0" step="1"/><D70/><REACH who="0" ten="422,52,410,76" step="2"/><U22/><E17/><V65/><AGARI ba="2,4" hai="37,41,47,49,55,59,61,65,71,104,107" m="49770" machi="65" ten="30,4000,0" yaku="24,1,19,1,52,1" doraHai="42,16,9" who="2" fromWho="2" sc="422,-12,52,-22,410,86,76,-12" /><INIT seed="6,0,0,4,3,122" ten="410,30,496,64" oya="2" hai0="87,24,133,82,4,5,83,55,63,30,21,85,128" hai1="115,107,91,44,120,135,47,73,57,113,103,6,48" hai2="52,3,39,105,34,121,40,20,126,12,10,70,43" hai3="28,60,71,1,77,118,62,134,41,26,16,90,8"/><V14/><F105/><W50/><G118/><T68/><D128/><U108/><E73/><V109/><F121/><W125/><G134/><T111/><D111/><U78/><E78/><V11/><F70/><W131/><G125/><T104/><D104/><U58/><E120/><V31/><F126/><W127/><G131/><T112/><D112/><U0/><E135/><V65/><F109/><W67/><G127/><T66/><D133/><U99/><E91/><V2/><F65/><W53/><G62/><T76/><REACH who="0" step="1"/><D55/><REACH who="0" ten="400,30,496,64" step="2"/><U69/><E69/><V64/><F52/><W119/><G119/><T81/><D81/><U18/><E108/><V25/><F64/><W38/><G77/><AGARI ba="0,1" hai="4,5,21,24,30,63,66,68,76,77,82,83,85,87" machi="77" ten="30,3900,0" yaku="1,1,7,1,9,1,53,0" doraHai="122" doraHaiUra="36" who="0" fromWho="3" sc="400,49,30,0,496,0,64,-39" /><INIT seed="7,0,0,1,0,37" ten="449,30,496,25" oya="3" hai0="126,3,112,89,109,41,96,111,12,24,105,38,45" hai1="80,93,57,113,99,102,81,75,127,79,68,85,84" hai2="7,92,121,74,78,2,44,43,14,60,29,11,72" hai3="8,0,35,47,46,36,10,27,49,56,103,125,1"/><W42/><G125/><T106/><D3/><U40/><E68/><V52/><F121/><W9/><G103/><T91/><D126/><U128/><E127/><V95/><F29/><W54/><REACH who="3" step="1"/><G47/><REACH who="3" ten="449,30,496,15" step="2"/><T30/><D45/><U25/><E128/><V62/><F44/><W135/><G135/><T17/><D112/><U73/><E113/><V107/><F107/><W98/><G98/><T122/><D122/><U21/><E57/><V28/><F72/><W71/><G71/><T131/><D106/><U110/><E110/><V115/><F74/><W69/><G69/><T119/><D131/><U6/><E6/><V104/><F7/><W64/><G64/><T70/><D70/><U90/><E40/><V33/><F104/><W82/><G82/><T67/><D67/><U13/><E13/><V116/><F43/><W39/><G39/><T124/><D124/><U51/><E51/><V5/><F14/><W50/><G50/><T120/><D120/><U83/><E83/><V55/><F5/><W31/><AGARI ba="0,1" hai="0,1,8,9,10,27,31,35,36,42,46,49,54,56" machi="31" ten="30,6000,0" yaku="1,1,0,1,52,1,53,0" doraHai="37" doraHaiUra="77" who="3" fromWho="3" sc="449,-20,30,-20,496,-20,15,70" /><INIT seed="7,1,0,3,5,26" ten="429,10,476,85" oya="3" hai0="14,107,98,122,73,57,102,90,50,121,0,43,5" hai1="42,3,29,91,2,106,86,99,134,45,68,18,135" hai2="24,21,55,16,101,77,78,66,15,67,92,89,46" hai3="87,75,31,132,4,1,112,97,17,53,104,130,38"/><W84/><G75/><T12/><D73/><U65/><E68/><V72/><F101/><W70/><G38/><T124/><D124/><U35/><E65/><N who="2" m="24587" /><F72/><W79/><G70/><T100/><D100/><U62/><E18/><N who="2" m="12343" /><F55/><W119/><G31/><T11/><D90/><U34/><E62/><V109/><F46/><W20/><G17/><T96/><D96/><U85/><E106/><V74/><F74/><W103/><G104/><T83/><D83/><U8/><E99/><N who="2" m="57743" /><F109/><W71/><G71/><T123/><REACH who="0" step="1"/><D43/><REACH who="0" ten="419,10,476,85" step="2"/><U110/><E110/><V133/><F133/><W127/><G132/><T113/><D113/><U126/><E126/><V44/><F44/><W117/><G127/><T69/><D69/><U111/><E111/><V52/><F52/><AGARI ba="1,1" hai="0,5,11,12,14,50,52,57,98,102,107,121,122,123" machi="52" ten="40,2600,0" yaku="1,1,54,1,53,0" doraHai="26" doraHaiUra="25" who="0" fromWho="2" sc="419,39,10,0,476,-29,85,0" owari="458,55.0,10,-49.0,447,25.0,85,-31.0" /></mjloggm>