<mjloggm ver="2.3"><GO type="97" lobby="0"/><UN n0="%E3%81%B5%E3%82%82%E3%81%82" n1="%6B%61%6E%6A%69%5E%5E" n2="%E5%B0%B1%E6%B4%BB%E7%94%9F%40%E5%B7%9D%E6%9D%91%E8%BB%8D%E5%9B%A3" n3="%48%65%75%6C%6F%67" dan="15,15,15,14" rate="2034.59,2032.75,2016.43,1962.09" sx="M,M,M,M"/><TAIKYOKU oya="0"/><INIT seed="0,0,0,5,4,98" ten="250,250,250,250" oya="0" hai0="64,117,36,68,39,114,50,97,53,58,115,99,8" hai1="24,70,107,32,42,62,85,6,88,126,90,3,21" hai2="78,92,25,131,20,27,34,18,79,121,77,28,51" hai3="101,82,104,48,102,4,127,119,65,129,23,89,133"/><T17/><D8/><U35/><E107/><V130/><F121/><W40/><G119/><T66/><D17/><U80/><E42/><V49/><REACH who="2" step="1"/><F92/><REACH who="2" ten="250,250,240,250" step="2"/><W72/><G104/><T74/><D117/><U67/><E80/><V2/><F2/><W12/><G82/><T5/><D99/><U44/><E3/><V91/><F91/><W110/><G89/><T123/><D97/><U105/><E90/><V13/><F13/><W111/><G12/><T134/><D123/><U7/><E88/><V81/><F81/><W38/><G110/><T10/><D115/><U45/><E105/><V128/><AGARI ba="0,1" hai="18,20,25,27,28,34,49,51,77,78,79,128,130,131" machi="128" ten="40,5200,0" yaku="1,1,0,1,19,1,53,0" doraHai="98" doraHaiUra="122" who="2" fromWho="2" sc="250,-26,250,-13,240,62,250,-13" /><INIT seed="1,0,0,1,4,130" ten="224,237,302,237" oya="1" hai0="103,94,21,73,87,118,46,113,18,35,56,16,112" hai1="61,36,82,86,9,63,19,121,114,0,59,115,92" hai2="57,135,88,38,79,81,90,62,107,53,80,49,47" hai3="78,6,24,34,110,45,41,40,106,127,105,68,55"/><U30/><E36/><V4/><F107/><W128/><G68/><T132/><D73/><U104/><E121/><V50/><F135/><W42/><G128/><T83/><D35/><U17/><E104/><V26/><F38/><W122/><G122/><T101/><D118/><U72/><E72/><V99/><F4/><W32/><G110/><T54/><D18/><U119/><E119/><V31/><F99/><W77/><G127/><T131/><D131/><U29/><E114/><V100/><F100/><W23/><G6/><T51/><D101/><U123/><E115/><V22/><F50/><W97/><G97/><T98/><D132/><U39/><E39/><V111/><F111/><W52/><G23/><T102/><D56/><U7/><E123/><V48/><F48/><W96/><G96/><T133/><D103/><U58/><E92/><V108/><F108/><W125/><G41/><T8/><D8/><U5/><E9/><V44/><F44/><W116/><G24/><T124/><D133/><U69/><E69/><V65/><REACH who="2" step="1"/><F81/><REACH who="2" ten="224,237,292,237" step="2"/><W33/><G116/><T27/><REACH who="0" step="1"/><D124/><REACH who="0" ten="214,237,292,237" step="2"/><U76/><E82/><V15/><F15/><W85/><G125/><T84/><D84/><AGARI ba="0,2" hai="22,26,31,47,49,53,57,62,65,79,80,84,88,90" machi="84" ten="30,7700,0" yaku="1,1,7,1,8,1,54,1,53,0" doraHai="130" doraHaiUra="70" who="2" fromWho="0" sc="214,-77,237,0,292,97,237,0" /><INIT seed="2,0,0,1,2,124" ten="137,237,389,237" oya="2" hai0="135,23,93,106,49,0,129,110,50,25,64,115,34" hai1="74,127,18,76,102,116,69,126,128,20,24,28,88" hai2="114,83,134,51,36,4,122,70,89,68,91,97,77" hai3="62,121,27,104,30,16,133,44,87,61,47,79,42"/><V111/><F36/><W1/><G121/><T66/><D106/><U52/><E69/><V32/><F32/><W12/><G104/><T81/><D0/><U37/><E37/><V92/><F122/><W125/><G1/><T96/><D34/><U118/><E102/><V112/><F4/><W86/><G125/><N who="1" m="47626" /><E74/><V53/><F134/><W131/><G133/><T109/><D115/><U31/><E76/><V103/><F111/><W85/><G131/><T2/><D2/><U113/><E113/><V130/><F130/><W58/><G79/><T60/><D135/><U39/><E39/><V82/><F82/><W78/><G78/><T10/><D10/><U94/><E128/><V80/><F80/><W73/><G73/><T17/><D129/><U41/><E41/><V38/><F38/><W65/><G62/><T98/><D110/><U45/><E31/><V33/><F33/><W101/><G101/><T105/><D109/><U84/><E28/><V3/><F3/><W21/><REACH who="3" step="1"/><G42/><REACH who="3" ten="137,237,389,227" step="2"/><T19/><D105/><U54/><E45/><N who="2" m="27887" /><F77/><W8/><AGARI ba="0,1" hai="8,12,16,21,27,30,44,47,58,61,65,85,86,87" machi="8" ten="30,7900,0" yaku="1,1,0,1,8,1,54,1,53,0" doraHai="124" doraHaiUra="119" who="3" fromWho="3" sc="137,-20,237,-20,389,-39,227,89" /><INIT seed="3,0,0,5,1,121" ten="117,217,350,316" oya="3" hai0="123,89,81,124,59,61,2,112,126,111,79,93,88" hai1="131,38,6,51,105,71,98,76,129,83,25,77,37" hai2="29,107,56,75,36,44,73,70,34,125,108,55,3" hai3="60,27,106,22,133,46,19,86,109,117,132,101,100"/><W99/><G117/><T5/><D2/><U120/><E120/><V30/><F107/><W134/><G101/><T18/><D5/><U9/><E71/><V114/><F70/><W1/><G1/><T63/><D18/><U91/><E25/><V90/><F3/><W41/><G60/><T65/><D61/><U102/><E51/><V48/><F114/><W11/><G11/><T104/><D104/><U113/><E113/><V31/><F125/><N who="0" m="48234" /><D59/><U80/><E6/><V68/><F108/><W97/><G109/><T69/><D63/><U72/><E9/><V78/><F78/><W110/><G110/><T24/><D24/><U62/><E62/><V8/><F68/><W35/><G35/><T96/><D65/><U115/><E115/><V57/><F34/><W0/><G0/><T45/><D45/><U128/><REACH who="1" step="1"/><E91/><REACH who="1" ten="117,207,350,316" step="2"/><N who="0" m="34889" /><D69/><U15/><E15/><V67/><F36/><N who="3" m="21799" /><G97/><T4/><D4/><U82/><E82/><V53/><F8/><W127/><G127/><T58/><D58/><U21/><E21/><V64/><F64/><W130/><G130/><T103/><D112/><U16/><E16/><V39/><F67/><W20/><G20/><T26/><D26/><U42/><E42/><N who="2" m="22623" /><F90/><W33/><G33/><T40/><D111/><U66/><E66/><V12/><F12/><W7/><G7/><T52/><D40/><U14/><E14/><V95/><F48/><W50/><G50/><T122/><D52/><N who="2" m="20042" /><F57/><W85/><AGARI ba="0,1" hai="19,22,27,85,86,99,100,106,132,133,134" m="21799" machi="85" ten="40,2100,0" yaku="20,1" doraHai="121" who="3" fromWho="3" sc="117,-7,207,-7,350,-7,316,31" owari="110,-39.0,200,-20.0,343,14.0,347,45.0" /></mjloggm>