<mjloggm ver="2.3"><GO type="169" lobby="0"/><UN n0="%E5%A4%A9%E9%BC%93" n1="%E3%82%A6%E3%83%AB%E3%83%88%E3%83%A9%E7%AB%8B%E7%9B%B4" n2="%6D%6F%6D%6F%2D" n3="%E9%B7%B9%E6%AD%A3%E3%81%AE%E5%80%85%EF%BC%9D%E5%AF%8C%E7%8C%AB" dan="18,17,16,16" rate="2184.06,2153.48,2077.51,2106.31" sx="M,M,M,M"/><TAIKYOKU oya="0"/><INIT seed="0,0,0,5,1,59" ten="250,250,250,250" oya="0" hai0="29,78,20,132,121,74,91,21,37,65,117,48,125" hai1="81,42,30,80,56,70,108,45,69,27,9,50,73" hai2="39,17,77,92,22,115,98,25,111,57,101,35,47" hai3="120,71,34,96,87,128,123,55,84,12,116,89,14"/><T62/><D37/><U10/><E108/><V24/><F115/><W105/><G34/><T61/><D117/><U79/><E81/><V131/><F131/><W11/><G116/><T83/><D121/><N who="3" m="46665" /><G71/><T13/><D132/><U119/><E119/><V58/><F111/><W1/><G128/><T99/><D125/><U68/><REACH who="1" step="1"/><E56/><REACH who="1" ten="250,240,250,250" step="2"/><V88/><F58/><W118/><G118/><T46/><D83/><U6/><E6/><V64/><F77/><W122/><G122/><T134/><D78/><U0/><E0/><V18/><F57/><W28/><G1/><T4/><D4/><U3/><E3/><V36/><F64/><W5/><G5/><T40/><D65/><U104/><E104/><V135/><F135/><W106/><G106/><T102/><D134/><U107/><E107/><V85/><F47/><W16/><G105/><T33/><D74/><U19/><E19/><V127/><F127/><W82/><G16/><N who="0" m="10255" /><D33/><AGARI ba="0,1" hai="9,10,27,30,33,42,45,50,68,69,70,73,79,80" machi="33" ten="40,2600,0" yaku="1,1,53,1" doraHai="59" doraHaiUra="38" who="1" fromWho="0" sc="250,-26,240,36,250,0,250,0" /><INIT seed="1,0,0,5,5,76" ten="224,276,250,250" oya="1" hai0="17,61,128,28,85,121,70,6,19,36,65,7,57" hai1="25,108,79,86,62,46,54,15,97,48,118,93,135" hai2="116,67,20,24,114,52,27,37,127,22,42,78,80" hai3="38,34,69,26,110,40,30,119,51,47,12,60,23"/><U109/><E118/><V81/><F116/><W43/><G119/><T113/><D113/><U4/><E135/><V68/><F114/><W87/><G110/><N who="1" m="42602" /><E25/><V123/><F123/><W101/><G101/><T100/><D121/><U21/><E62/><V107/><F107/><W71/><G60/><T63/><D28/><U66/><E66/><V98/><F98/><W131/><G131/><T59/><D128/><U112/><E112/><V31/><F127/><W53/><G43/><T16/><D36/><U58/><E46/><V103/><F103/><W82/><G12/><T89/><D100/><U29/><E29/><V117/><F117/><W104/><G104/><T129/><D129/><U124/><E124/><V13/><F13/><W14/><G14/><T92/><REACH who="0" step="1"/><D70/><REACH who="0" ten="214,276,250,250" step="2"/><U91/><E4/><V90/><F68/><W95/><G71/><T10/><D10/><U99/><E79/><V35/><F78/><W9/><G69/><T105/><D105/><U77/><E77/><V2/><F31/><W56/><G9/><T134/><D134/><U39/><E39/><V32/><F37/><W33/><G34/><T55/><AGARI ba="0,1" hai="6,7,16,17,19,55,57,59,61,63,65,85,89,92" machi="55" ten="30,7900,0" yaku="1,1,0,1,8,1,54,1,53,0" doraHai="76" doraHaiUra="122" who="0" fromWho="0" sc="214,89,276,-39,250,-20,250,-20" /><INIT seed="2,0,0,3,2,1" ten="303,237,230,230" oya="2" hai0="54,59,83,67,90,131,43,24,70,108,45,72,68" hai1="51,20,77,132,74,135,91,23,133,38,18,35,16" hai2="113,56,69,80,73,99,101,41,75,48,118,92,102" hai3="14,2,61,111,25,57,85,49,71,121,37,127,46"/><V5/><F69/><W119/><G2/><T7/><D108/><U98/><E38/><V116/><F113/><W31/><G119/><T105/><D105/><U6/><E35/><V130/><F130/><W124/><G111/><T4/><D131/><U26/><E51/><V79/><F75/><W55/><G121/><T89/><D24/><U22/><E77/><V115/><F115/><W95/><G14/><T40/><D72/><U11/><E74/><V87/><F102/><W52/><G37/><T81/><D59/><U32/><E91/><N who="0" m="34825" /><D54/><U63/><E98/><V103/><F103/><W66/><G85/><T126/><D45/><U76/><E63/><V64/><F73/><W97/><G95/><T19/><D19/><N who="1" m="7211" /><E76/><V82/><F82/><N who="0" m="31242" /><D67/><U129/><E129/><V53/><F64/><W109/><G97/><T62/><D62/><U112/><E112/><V9/><REACH who="2" step="1"/><F41/><REACH who="2" ten="303,237,220,230" step="2"/><N who="0" m="15946" /><D126/><U86/><E133/><V36/><F36/><W21/><G109/><T30/><D70/><U50/><E132/><V107/><F107/><W100/><G100/><T33/><D68/><U58/><E135/><V93/><F93/><W120/><G120/><T84/><D84/><U106/><E86/><V104/><F104/><W27/><G71/><T0/><D0/><AGARI ba="0,1" hai="0,5,9,48,53,56,79,80,87,92,99,101,116,118" machi="0" ten="30,5800,0" yaku="1,1,7,1,52,1,53,0" doraHai="1" doraHaiUra="117" who="2" fromWho="0" sc="303,-58,237,0,220,68,230,0" /><INIT seed="2,1,0,2,1,97" ten="245,237,288,230" oya="2" hai0="51,14,121,100,89,45,44,52,116,130,124,81,60" hai1="31,107,96,35,9,101,71,54,135,122,39,36,40" hai2="119,27,48,29,64,85,67,63,78,105,28,88,104" hai3="56,23,41,83,3,10,37,112,57,102,125,26,43"/><V5/><F119/><W33/><G33/><T46/><D116/><U86/><E135/><V75/><F5/><W82/><G125/><T87/><D121/><U109/><E109/><V0/><F0/><W94/><G112/><T128/><D124/><U131/><E131/><N who="0" m="50217" /><D60/><U73/><E54/><V84/><F75/><W58/><G10/><T15/><D100/><U11/><E86/><V69/><F64/><W47/><G43/><T114/><D114/><U59/><E59/><AGARI ba="1,0" hai="14,15,44,45,46,51,52,59,81,87,89" m="50217" machi="59" ten="30,2000,0" yaku="19,1,54,1" doraHai="97" who="0" fromWho="1" sc="245,23,237,-23,288,0,230,0" /><INIT seed="3,0,0,2,2,104" ten="268,214,288,230" oya="3" hai0="77,40,86,51,29,22,38,95,108,73,34,66,17" hai1="55,9,42,6,70,4,120,54,30,60,133,8,93" hai2="49,32,92,102,14,11,81,124,90,1,56,128,63" hai3="116,74,99,71,130,80,110,57,61,135,0,82,7"/><W20/><G116/><T13/><D108/><U112/><E120/><V28/><F128/><W115/><G71/><T64/><D38/><U37/><E112/><V91/><F1/><W5/><G115/><T78/><D73/><U44/><E133/><V39/><F39/><W41/><G41/><T84/><D34/><U58/><E70/><V122/><F122/><W109/><G135/><T114/><D29/><U103/><E30/><V16/><F124/><W68/><G68/><T35/><D35/><U106/><E106/><V36/><F36/><W12/><G0/><T21/><D114/><U50/><E93/><V127/><F127/><W134/><G134/><T89/><D21/><U117/><E103/><V65/><F81/><W87/><G99/><T62/><D84/><U98/><E98/><N who="2" m="59719" /><F32/><W2/><G2/><T131/><D131/><U27/><E27/><V79/><F79/><N who="0" m="30218" /><D62/><U15/><E117/><V75/><F75/><W69/><G69/><T96/><D96/><U59/><REACH who="1" step="1"/><E9/><REACH who="1" ten="268,204,288,230" step="2"/><V52/><F28/><W33/><G130/><T24/><D24/><U113/><E113/><V97/><F97/><W111/><G111/><T67/><D95/><U105/><E105/><V45/><AGARI ba="0,1" hai="11,14,16,45,49,52,56,63,65,90,91" m="59719" machi="45" ten="30,4000,0" yaku="8,1,54,2" doraHai="104" who="2" fromWho="2" sc="268,-10,204,-10,288,50,230,-20" /><INIT seed="4,0,0,1,1,128" ten="258,194,338,210" oya="0" hai0="121,133,45,21,30,1,75,127,57,93,40,35,62" hai1="106,123,27,130,8,101,126,120,59,78,83,23,87" hai2="51,22,60,112,14,19,100,132,49,15,96,37,10" hai3="125,13,98,90,9,34,131,116,97,43,44,99,129"/><T38/><D121/><U46/><E130/><N who="3" m="49674" /><G34/><T111/><D35/><U67/><E126/><V81/><F37/><N who="3" m="21615" /><G125/><T70/><D127/><U53/><E8/><V20/><F20/><W73/><G73/><T4/><D70/><U118/><E118/><V63/><F81/><W86/><G116/><T33/><D33/><U61/><E106/><V25/><F15/><W79/><G79/><T94/><D75/><U77/><E101/><V47/><F51/><W72/><G72/><T48/><D38/><U52/><E78/><V56/><F56/><W103/><G13/><T108/><D4/><U110/><E110/><V58/><F58/><W85/><G9/><T105/><D105/><U2/><E2/><V0/><F0/><W50/><G50/><T102/><D1/><U16/><REACH who="1" step="1"/><E46/><REACH who="1" ten="258,184,338,210" step="2"/><V109/><F109/><W26/><G103/><T84/><D111/><U88/><E88/><V82/><F47/><W71/><G90/><T55/><D108/><U65/><E65/><V95/><F100/><W6/><G6/><T36/><D102/><U124/><E124/><V64/><F64/><W42/><G71/><T104/><D104/><U54/><AGARI ba="0,1" hai="16,23,27,52,53,54,59,61,67,77,83,87,120,123" machi="54" ten="30,7900,0" yaku="1,1,0,1,54,2,53,0" doraHai="128" doraHaiUra="31" who="1" fromWho="1" sc="258,-39,184,89,338,-20,210,-20" /><INIT seed="5,0,0,0,1,40" ten="219,273,318,190" oya="1" hai0="124,63,123,16,108,46,50,80,22,1,79,45,84" hai1="38,54,78,105,12,134,7,44,53,36,120,11,49" hai2="9,62,127,8,73,74,107,110,66,131,133,64,29" hai3="86,104,125,39,114,35,68,26,75,103,82,57,10"/><U90/><E105/><V132/><F110/><W34/><G68/><T135/><D108/><U18/><E120/><V96/><F131/><W5/><G75/><T52/><D1/><U17/><E134/><N who="2" m="51819" /><F127/><W37/><G125/><T70/><D135/><U85/><E78/><V106/><F29/><W4/><G4/><T30/><D124/><U122/><E122/><V101/><F106/><W117/><G117/><T100/><D123/><U43/><E38/><V15/><F64/><W27/><G114/><T116/><D116/><U88/><E90/><V59/><F9/><W93/><G104/><T81/><D30/><U112/><E112/><V65/><F65/><W61/><G37/><T55/><D100/><U48/><E36/><V56/><F56/><W21/><G39/><T87/><D70/><U67/><E67/><V94/><F94/><W77/><G27/><N who="0" m="14791" /><D63/><U98/><E98/><V2/><F2/><W129/><G93/><T28/><D28/><U91/><E91/><V89/><F89/><W71/><G71/><T47/><D50/><U60/><E60/><V3/><F3/><W0/><G103/><T118/><D118/><U14/><E49/><V121/><F121/><W99/><G99/><T58/><D58/><U111/><E111/><V13/><F13/><W126/><G126/><T130/><D130/><U23/><E7/><AGARI ba="0,0" hai="7,8,15,59,62,66,73,74,96,101,107" m="51819" machi="7" ten="30,1000,0" yaku="20,1" doraHai="40" who="2" fromWho="1" sc="219,0,273,-10,318,10,190,0" /><INIT seed="6,0,0,3,1,121" ten="219,263,328,190" oya="2" hai0="44,65,8,59,119,49,131,17,71,109,128,29,83" hai1="7,132,21,75,20,99,73,43,102,9,42,112,27" hai2="130,80,10,69,134,56,115,6,101,11,39,60,24" hai3="58,55,103,22,70,77,113,94,32,3,79,105,104"/><V57/><F39/><W84/><G32/><T25/><D119/><U82/><E112/><V85/><F115/><W50/><G70/><T110/><D71/><U107/><E132/><V72/><F72/><W88/><G3/><T117/><D117/><U45/><E82/><V46/><F46/><W23/><G113/><T61/><D83/><U2/><E21/><V127/><F134/><W26/><G23/><N who="0" m="13551" /><D8/><U89/><E89/><V78/><F130/><N who="0" m="49706" /><D29/><U62/><E43/><AGARI ba="0,0" hai="43,44,49,59,61,65,109,110" m="49706,13551" machi="43" ten="30,3900,0" yaku="19,1,52,2" doraHai="121" who="0" fromWho="1" sc="219,39,263,-39,328,0,190,0" /><INIT seed="7,0,0,0,4,50" ten="258,224,328,190" oya="3" hai0="109,33,18,41,60,56,114,98,32,36,113,55,101" hai1="16,61,100,102,37,68,132,29,80,111,59,13,120" hai2="77,31,28,71,93,86,125,89,88,115,121,39,96" hai3="1,69,42,97,21,24,135,8,5,2,116,25,112"/><W34/><G69/><T26/><D109/><U40/><E68/><V119/><F119/><W78/><G116/><T122/><D122/><U10/><E111/><V46/><F121/><W22/><G42/><T14/><D26/><N who="3" m="10345" /><G78/><T0/><D0/><U117/><E37/><V110/><F71/><W12/><G97/><T51/><D51/><U133/><E120/><V92/><F77/><W3/><G135/><N who="1" m="51786" /><E29/><V53/><F110/><W90/><G90/><T27/><D27/><U130/><E130/><V65/><F39/><W95/><G95/><N who="0" m="58591" /><D41/><U67/><E40/><V128/><F128/><W105/><G105/><T66/><D66/><U72/><E117/><V91/><F91/><W73/><G73/><T38/><D38/><U81/><E72/><V7/><F89/><W64/><G64/><T84/><D84/><U124/><E124/><V83/><F65/><W43/><G43/><T118/><D36/><U52/><E67/><V17/><F125/><W54/><G54/><T20/><D118/><U15/><E15/><V4/><F53/><W63/><G63/><T9/><D20/><N who="3" m="7785" /><G112/><AGARI ba="0,0" hai="9,14,18,32,33,55,56,60,112,113,114" m="58591" machi="112" ten="30,3900,0" yaku="15,1,11,1,52,1" doraHai="50" who="0" fromWho="3" sc="258,39,224,0,328,0,190,-39" owari="297,10.0,224,-18.0,328,43.0,151,-35.0" /></mjloggm>