<mjloggm ver="2.3"><GO type="97" lobby="0"/><UN n0="%E8%A9%A9%E7%B9%94" n1="%E3%83%AA%E3%83%AA%EF%BC%8D%E3%83%8A" n2="%53%49%4E%59" n3="%E3%83%88%E3%83%88%E3%83%AA%E5%85%88%E7%94%9F%31%39%E6%AD%B3" dan="15,13,15,15" rate="2001.25,1910.85,1958.55,2031.29" sx="M,M,M,F"/><TAIKYOKU oya="0"/><INIT seed="0,0,0,4,4,47" ten="250,250,250,250" oya="0" hai0="5,133,105,65,16,24,19,40,21,100,49,127,61" hai1="97,86,28,18,41,85,32,102,132,107,38,48,3" hai2="9,64,17,6,119,91,106,62,84,29,134,89,73" hai3="104,14,113,8,92,67,111,23,27,120,44,88,50"/><T39/><D39/><U108/><E3/><V68/><F119/><W112/><G104/><T45/><D127/><U53/><E132/><V130/><F130/><W26/><G111/><T103/><D133/><U122/><E122/><V46/><F134/><W128/><G128/><T79/><D5/><U110/><E38/><V56/><F73/><W83/><G120/><T78/><D19/><U35/><E18/><V52/><F106/><W87/><G67/><T22/><D22/><U20/><E41/><V94/><F29/><N who="3" m="17631" /><G27/><T55/><D40/><U126/><E126/><V60/><F17/><N who="3" m="8391" /><G92/><T2/><D2/><U54/><E20/><V93/><F46/><W81/><G81/><T125/><D125/><U37/><E37/><V13/><REACH who="2" step="1"/><F89/><REACH who="2" ten="250,250,240,250" step="2"/><W42/><G113/><T33/><D33/><U43/><E108/><V131/><F131/><W69/><G112/><T51/><D105/><U30/><E110/><V75/><F75/><W71/><G71/><T31/><D31/><U101/><E107/><V121/><F121/><W118/><G69/><T63/><D103/><U15/><E35/><V7/><F7/><W1/><G118/><T117/><D100/><U58/><E32/><V0/><F0/><W135/><G1/><T99/><D117/><U77/><E102/><V96/><F96/><W11/><G135/><T57/><D99/><U90/><E101/><V98/><F98/><W82/><G11/><T72/><D72/><U80/><E97/><V36/><F36/><W70/><G70/><N who="0" m="42287" /><D45/><U129/><E90/><V74/><F74/><W123/><G123/><T66/><D66/><RYUUKYOKU ba="0,1" sc="250,10,250,-30,240,10,250,10" hai0="16,21,24,49,51,55,57,63,78,79" hai2="6,9,13,52,56,60,62,64,68,84,91,93,94" hai3="42,44,50,82,83,87,88" /><INIT seed="0,1,1,2,4,35" ten="260,220,250,260" oya="0" hai0="94,86,133,2,51,22,123,91,34,109,80,12,6" hai1="33,58,18,116,114,1,50,10,129,21,57,3,5" hai2="55,44,127,19,81,103,40,48,102,73,49,28,108" hai3="125,134,13,65,15,99,60,90,70,92,117,87,59"/><T95/><D123/><U82/><E116/><V105/><F108/><W66/><G117/><T120/><D120/><U101/><E129/><V24/><F127/><W78/><G125/><T42/><D34/><U11/><E114/><V110/><F110/><W121/><G121/><T85/><D133/><U84/><E33/><V4/><F4/><W113/><G113/><T88/><D109/><U69/><E69/><V111/><F111/><W63/><G134/><T74/><D2/><U61/><E101/><V56/><F19/><W128/><G128/><T9/><D22/><U96/><E96/><V89/><F105/><W119/><G119/><T26/><D26/><U17/><E50/><V47/><F56/><W54/><G78/><T106/><D106/><U118/><E118/><V23/><REACH who="2" step="1"/><F89/><REACH who="2" ten="260,220,240,260" step="2"/><W76/><G70/><T122/><D122/><U72/><E18/><V29/><F29/><W98/><G90/><T43/><REACH who="0" step="1"/><D51/><REACH who="0" ten="250,220,240,260" step="2"/><U25/><E61/><V124/><F124/><W62/><G60/><T14/><D14/><U7/><E72/><V68/><F68/><W83/><G63/><T30/><D30/><U36/><E36/><V31/><F31/><W132/><G132/><T97/><D97/><N who="3" m="36873" /><G15/><T79/><AGARI ba="1,3" hai="6,9,12,42,43,74,79,80,85,86,88,91,94,95" machi="79" ten="30,11700,0" yaku="1,1,0,1,9,1,54,1,53,0" doraHai="35" doraHaiUra="126" who="0" fromWho="0" sc="250,150,220,-40,240,-40,260,-40" /><INIT seed="0,2,0,0,5,26" ten="400,180,200,220" oya="0" hai0="40,80,101,64,98,123,93,87,4,112,79,129,109" hai1="71,118,76,70,122,90,42,125,32,58,60,120,23" hai2="115,63,126,16,68,104,27,12,15,103,28,133,127" hai3="65,135,29,52,81,38,17,77,8,134,9,31,61"/><T11/><D112/><U24/><E32/><V89/><F115/><W69/><G38/><T117/><D123/><U132/><E118/><V100/><F133/><N who="3" m="50699" /><G17/><T108/><D117/><U33/><E132/><V53/><F89/><W97/><G97/><T128/><D64/><U95/><E33/><N who="2" m="20639" /><F104/><W96/><G96/><T5/><D40/><U56/><E125/><N who="2" m="47627" /><F12/><W85/><G52/><T7/><REACH who="0" step="1"/><D11/><AGARI ba="2,0" hai="8,9,11,29,31,61,65,69,77,81,85" m="50699" machi="11" ten="30,3900,0" yaku="20,1,52,2" doraHai="26" who="3" fromWho="0" sc="400,-45,180,0,200,0,220,45" /><INIT seed="1,0,0,2,4,0" ten="355,180,200,265" oya="1" hai0="110,8,102,60,83,54,64,6,116,9,27,40,23" hai1="89,14,113,87,133,119,7,18,105,22,47,48,17" hai2="72,41,63,130,128,13,69,76,95,3,80,85,77" hai3="65,44,2,81,33,70,82,78,79,118,103,10,67"/><U21/><E119/><V5/><F3/><W25/><G118/><T62/><D110/><U117/><E113/><V50/><F69/><W123/><G123/><T111/><D111/><U129/><E117/><V46/><F63/><W30/><G70/><T68/><D9/><N who="1" m="4415" /><E105/><V135/><F135/><W11/><G103/><T49/><D102/><U59/><E129/><N who="2" m="49771" /><F95/><W84/><G44/><T51/><D40/><N who="1" m="24679" /><E59/><V114/><F114/><W39/><G39/><T75/><D116/><U106/><E133/><V99/><F99/><W12/><G10/><T20/><D60/><U71/><E71/><V56/><F56/><W134/><G2/><T132/><D132/><U126/><E126/><V115/><F115/><W131/><G134/><T86/><D75/><U57/><E57/><V24/><F24/><W36/><G36/><T74/><D74/><U94/><E106/><V4/><F13/><W101/><G131/><T108/><D108/><U73/><E73/><V96/><F96/><W92/><G101/><T19/><D54/><U45/><E45/><V31/><F31/><W97/><G97/><T1/><REACH who="0" step="1"/><D23/><AGARI ba="0,0" hai="17,18,21,22,23,87,89,94" m="24679,4415" machi="23" ten="30,2900,0" yaku="8,1,52,1" doraHai="0" who="1" fromWho="0" sc="355,-29,180,29,200,0,265,0" /><INIT seed="1,1,0,1,1,19" ten="326,209,200,265" oya="1" hai0="108,13,53,26,56,25,52,24,67,41,120,91,37" hai1="85,66,72,43,68,132,40,16,113,107,90,57,133" hai2="6,123,76,62,78,122,15,86,89,48,27,70,98" hai3="101,32,61,117,54,38,126,121,77,82,8,103,5"/><U36/><E113/><V130/><F130/><W125/><G121/><T45/><D108/><U12/><E72/><V9/><F98/><W93/><G38/><T131/><D120/><U128/><E68/><V4/><F4/><W104/><G32/><T14/><D131/><U39/><E107/><V87/><F122/><W118/><G104/><T46/><D67/><U96/><E96/><V94/><F123/><W17/><G17/><T95/><D46/><U105/><E105/><V49/><F27/><W111/><G111/><T18/><D56/><U97/><E97/><V60/><F70/><W42/><G42/><N who="1" m="15914" /><E57/><V22/><F22/><W29/><G29/><T30/><D30/><U116/><E66/><V127/><F127/><N who="3" m="48651" /><G93/><T58/><D58/><U10/><E116/><N who="3" m="44650" /><G54/><T112/><D112/><U75/><E75/><V11/><F11/><W73/><G61/><N who="2" m="23657" /><F86/><W34/><G34/><T81/><D81/><N who="1" m="49455" /><E128/><V135/><F135/><AGARI ba="1,0" hai="10,12,16,36,39,132,133,135" m="49455,15914" machi="135" ten="30,2900,0" yaku="20,1,54,1" doraHai="19" who="1" fromWho="2" sc="326,0,209,32,200,-32,265,0" /><INIT seed="1,2,0,4,4,59" ten="326,241,168,265" oya="1" hai0="85,68,62,32,45,50,25,107,40,65,15,82,78" hai1="126,30,135,66,131,80,44,61,23,57,1,123,124" hai2="58,52,127,94,114,47,101,41,81,134,51,0,3" hai3="22,89,97,9,67,111,49,60,7,100,87,121,11"/><U132/><E1/><V88/><F134/><N who="1" m="51241" /><E123/><V48/><F127/><N who="1" m="48681" /><E44/><V34/><F114/><W73/><G111/><T96/><D15/><U33/><E80/><V29/><F29/><W20/><G73/><T27/><REACH who="0" step="1"/><D32/><REACH who="0" ten="316,241,168,265" step="2"/><U120/><E33/><V95/><F34/><W56/><G121/><T128/><D128/><U12/><E120/><V79/><F101/><AGARI ba="2,1" hai="25,27,40,45,50,62,65,68,78,82,85,96,101,107" machi="101" ten="40,5200,0" yaku="1,1,52,1,53,1" doraHai="59" doraHaiUra="93" who="0" fromWho="2" sc="316,68,241,0,168,-58,265,0" /><INIT seed="2,0,0,0,5,67" ten="384,241,110,265" oya="2" hai0="125,15,9,128,81,120,132,16,103,66,91,92,68" hai1="31,58,94,38,111,52,7,83,75,46,73,10,35" hai2="50,134,135,53,77,112,118,65,34,20,124,89,95" hai3="32,114,101,84,51,14,61,122,19,70,12,63,74"/><V87/><F118/><W96/><G122/><T5/><D120/><U99/><E111/><V39/><F112/><W62/><G74/><T8/><D125/><U106/><E83/><V107/><F39/><W47/><G32/><T79/><D128/><U105/><E105/><V45/><F34/><W27/><G70/><T121/><D132/><N who="2" m="50730" /><F107/><W30/><G114/><T13/><D103/><U48/><E106/><V88/><F77/><W97/><G30/><T57/><D57/><U123/><E123/><V21/><F124/><W131/><G131/><T36/><D36/><U72/><E35/><V108/><F108/><W43/><G101/><T119/><D121/><U80/><E31/><V17/><F17/><W11/><G27/><T100/><D100/><U133/><E133/><V41/><F65/><W29/><G29/><T56/><D56/><U24/><E24/><V42/><F89/><W129/><G129/><T104/><D104/><U3/><E75/><V60/><F60/><W93/><G14/><T23/><D119/><U28/><E28/><V69/><F69/><W2/><G2/><T126/><D66/><U98/><E72/><V86/><F86/><W59/><G59/><T64/><D64/><U78/><E94/><V33/><F33/><W40/><G84/><N who="0" m="48191" /><D68/><U116/><E116/><V76/><F76/><W25/><G25/><T0/><D126/><U22/><E22/><AGARI ba="0,0" hai="20,21,22,41,42,45,50,53,87,88,95" m="50730" machi="22" ten="30,2900,0" yaku="20,1,54,1" doraHai="67" who="2" fromWho="1" sc="384,0,241,-29,110,29,265,0" /><INIT seed="2,1,0,5,0,49" ten="384,212,139,265" oya="2" hai0="64,74,132,44,130,70,66,14,122,120,111,60,78" hai1="36,133,76,59,110,9,41,63,83,124,127,113,107" hai2="100,108,65,112,98,37,31,72,20,89,80,38,81" hai3="82,18,35,19,73,61,0,23,77,102,135,96,84"/><V11/><F112/><W22/><G35/><T5/><D111/><U40/><E110/><V8/><F65/><W52/><G0/><T94/><D130/><U104/><E113/><V21/><F108/><W106/><G135/><T43/><D132/><U114/><E114/><V13/><F72/><W87/><G22/><T26/><D64/><N who="1" m="39039" /><E133/><V134/><F134/><W116/><G19/><T34/><D94/><U88/><E9/><V97/><F13/><W7/><G7/><T6/><D14/><U47/><E40/><V95/><F31/><W92/><G116/><T55/><D6/><U46/><E46/><V121/><F95/><W86/><G106/><T68/><D5/><U123/><E76/><V119/><F119/><W118/><G118/><T10/><D10/><U48/><E36/><V17/><F17/><W56/><G73/><T71/><D78/><U85/><E123/><V50/><F50/><W4/><REACH who="3" step="1"/><G4/><REACH who="3" ten="384,212,139,255" step="2"/><T90/><D74/><U33/><E33/><V42/><F100/><W62/><G62/><T1/><D60/><U131/><E131/><V25/><F25/><AGARI ba="1,1" hai="18,23,25,52,56,61,77,82,84,86,87,92,96,102" machi="25" ten="30,12000,2" yaku="1,1,7,1,8,1,52,1,54,1,53,1" doraHai="49" doraHaiUra="16" who="3" fromWho="2" sc="384,0,212,0,139,-123,255,133" /><INIT seed="3,0,0,5,5,120" ten="384,212,16,388" oya="3" hai0="44,2,99,79,67,125,42,97,73,19,7,95,46" hai1="134,49,55,1,52,62,117,37,4,32,11,45,26" hai2="105,130,75,133,90,126,111,104,0,118,129,81,41" hai3="116,57,66,3,51,83,33,68,56,34,127,89,61"/><W16/><G116/><T58/><D125/><U20/><E117/><V69/><F41/><W74/><G3/><T132/><D132/><U112/><E32/><V10/><F10/><W96/><G127/><T94/><D7/><U86/><E112/><V113/><F90/><W98/><G34/><T25/><D79/><U100/><E100/><V131/><F81/><W64/><G33/><T38/><D73/><U124/><E124/><V22/><F22/><W48/><G68/><T101/><D2/><U76/><E134/><V29/><F29/><W35/><G35/><T102/><D46/><U39/><E62/><V107/><F69/><W40/><G74/><T88/><D88/><U65/><E65/><N who="3" m="25194" /><G16/><T106/><D106/><N who="2" m="27138" /><V115/><DORA hai="78" /><F0/><W135/><G135/><T63/><D19/><U43/><E39/><V114/><F133/><W80/><G80/><T28/><D25/><U18/><REACH who="1" step="1"/><E37/><REACH who="1" ten="384,202,16,388" step="2"/><V8/><F126/><W93/><G61/><T103/><D103/><U23/><E23/><V59/><F59/><W47/><G57/><T21/><D21/><U53/><E53/><V122/><F8/><W92/><G56/><T36/><D36/><U87/><E87/><V109/><F75/><W24/><G96/><T91/><D91/><U17/><E17/><V119/><F122/><W50/><G98/><T15/><D28/><U77/><E77/><V6/><F6/><W12/><G51/><T71/><D71/><U60/><E60/><V108/><AGARI ba="0,1" hai="108,109,111,113,114,115,118,119,129,130,131" m="27138" machi="108" ten="70,32000,5" yaku="29,2,28,2,14,1,19,1,31,2,34,2,52,3" doraHai="120,78" who="2" fromWho="2" sc="384,-80,202,-80,16,330,388,-160" owari="304,10.0,122,-38.0,346,45.0,228,-17.0" /></mjloggm>