<mjloggm ver="2.3"><GO type="169" lobby="0"/><UN n0="%E9%A2%A8%E8%BB%8A%E3%81%AE%E7%B5%B5%E7%90%86%E5%AD%90" n1="%E3%82%AE%E3%82%AC%E3%83%9E%E3%82%A4%E3%83%B3" n2="%73%68%6F%6F%74%33%39" n3="%E3%82%A6%E3%83%AB%E3%83%88%E3%83%A9%E7%AB%8B%E7%9B%B4" dan="17,16,19,16" rate="2134.85,2125.69,2151.35,2155.75" sx="F,M,M,M"/><TAIKYOKU oya="0"/><INIT seed="0,0,0,5,4,19" ten="250,250,250,250" oya="0" hai0="27,29,62,114,21,123,89,35,86,70,15,68,75" hai1="11,80,23,12,134,31,66,36,96,24,94,90,126" hai2="95,104,79,58,117,55,132,22,133,100,28,41,74" hai3="107,1,14,93,57,115,8,49,34,92,121,9,128"/><T72/><D114/><U33/><E36/><V73/><F104/><W43/><G115/><T47/><D123/><U81/><E126/><V71/><F71/><W84/><G128/><T39/><D70/><U69/><E134/><N who="2" m="51819" /><F41/><W50/><G107/><T40/><D35/><U77/><E33/><V112/><F79/><W127/><G34/><T82/><REACH who="0" step="1"/><D15/><REACH who="0" ten="240,250,250,250" step="2"/><U109/><E69/><V83/><F112/><W131/><G14/><T45/><D45/><U46/><E46/><V48/><F117/><W135/><G121/><T67/><AGARI ba="0,1" hai="21,27,29,39,40,47,62,67,68,72,75,82,86,89" machi="67" ten="30,11700,0" yaku="1,1,0,1,52,1,53,1" doraHai="19" doraHaiUra="25" who="0" fromWho="0" sc="240,127,250,-39,250,-39,250,-39" /><INIT seed="0,1,0,2,4,96" ten="367,211,211,211" oya="0" hai0="17,126,36,62,71,37,23,90,131,53,63,88,75" hai1="117,99,111,80,84,103,3,57,41,94,69,31,79" hai2="60,81,32,49,118,27,116,70,33,128,8,113,108" hai3="104,134,124,56,66,59,97,110,58,95,130,50,34"/><T38/><D75/><U86/><E69/><V73/><F113/><W35/><G110/><T74/><D74/><U55/><E3/><V115/><F115/><W28/><G124/><T102/><D131/><U89/><E117/><V107/><F49/><W1/><G130/><T121/><D121/><U43/><E31/><V29/><F33/><W114/><G114/><T14/><D126/><U16/><E111/><V2/><F108/><W106/><G134/><T22/><D63/><U82/><REACH who="1" step="1"/><E16/><REACH who="1" ten="367,201,211,211" step="2"/><V83/><F128/><W6/><G28/><T30/><D71/><U13/><E13/><V109/><F109/><W91/><G1/><T26/><D30/><U68/><E68/><V100/><F2/><W101/><G6/><T46/><D14/><U10/><E10/><V125/><F8/><W4/><G4/><T12/><D12/><U78/><E78/><V9/><F9/><W42/><G34/><T72/><D17/><U51/><AGARI ba="1,1" hai="41,43,51,55,57,79,80,82,84,86,89,94,99,103" machi="51" ten="20,8000,1" yaku="1,1,0,1,7,1,8,1,52,1,53,0" doraHai="96" doraHaiUra="20" who="1" fromWho="1" sc="367,-41,201,93,211,-21,211,-21" /><INIT seed="1,0,0,1,5,68" ten="326,294,190,190" oya="1" hai0="69,43,86,118,104,37,35,49,74,82,81,131,80" hai1="5,11,117,107,135,134,60,4,22,52,1,65,2" hai2="41,54,115,28,109,78,83,126,120,38,59,56,116" hai3="121,6,89,7,63,34,95,128,44,85,103,24,15"/><U10/><E107/><V132/><F28/><W55/><G121/><T40/><D104/><U90/><E117/><V114/><F120/><W102/><G128/><T9/><D35/><U71/><E22/><V8/><F116/><W124/><G124/><T45/><D118/><U3/><E3/><V29/><F29/><W32/><G32/><T97/><D69/><U79/><E79/><V61/><F126/><W46/><G34/><T105/><D74/><U96/><REACH who="1" step="1"/><E52/><REACH who="1" ten="326,284,190,190" step="2"/><V16/><F54/><W13/><G55/><T42/><D105/><U17/><E17/><V51/><F16/><W91/><G63/><T33/><D33/><U18/><E18/><V50/><F78/><W53/><G53/><T110/><D131/><U64/><E64/><V47/><F61/><W27/><G95/><AGARI ba="0,1" hai="1,2,4,5,10,11,60,65,71,90,95,96,134,135" machi="95" ten="40,3900,0" yaku="1,1,9,1,53,0" doraHai="68" doraHaiUra="14" who="1" fromWho="3" sc="326,0,284,49,190,0,190,-39" /><INIT seed="1,1,0,3,2,105" ten="326,333,190,151" oya="1" hai0="14,43,13,64,85,81,45,5,86,15,119,25,114" hai1="122,83,117,20,92,55,7,34,70,127,38,97,113" hai2="87,47,62,115,4,49,22,129,121,72,57,16,69" hai3="91,132,94,23,21,12,63,59,44,135,3,99,6"/><U126/><E34/><V50/><F121/><W134/><G12/><T53/><D114/><U31/><E113/><V101/><F69/><W61/><G61/><T130/><D119/><U103/><E117/><V18/><F129/><W66/><REACH who="3" step="1"/><G44/><REACH who="3" ten="326,333,190,141" step="2"/><T116/><D116/><U36/><E122/><V106/><F62/><W32/><G32/><T118/><D118/><U77/><E126/><V82/><F47/><W100/><G100/><T102/><D102/><U56/><E103/><V110/><F101/><W68/><G68/><T128/><D15/><U88/><E70/><V96/><F115/><W120/><G120/><T17/><D14/><U108/><E127/><V67/><F57/><W26/><G26/><T65/><D25/><U71/><E56/><V37/><F106/><W10/><AGARI ba="1,1" hai="3,6,10,21,23,59,63,66,91,94,99,132,134,135" machi="10" ten="40,5200,0" yaku="1,1,0,1,20,1,53,0" doraHai="105" doraHaiUra="29" who="3" fromWho="3" sc="326,-14,333,-27,190,-14,141,65" /><INIT seed="2,0,0,5,4,13" ten="312,306,176,206" oya="2" hai0="7,33,2,14,94,40,16,4,35,98,28,59,15" hai1="30,97,134,44,5,58,118,78,64,100,131,102,63" hai2="47,1,45,56,133,122,43,50,8,114,82,106,12" hai3="76,77,36,109,69,57,81,3,105,75,71,88,73"/><V90/><F114/><W103/><G109/><T112/><D112/><U24/><E118/><V124/><F122/><W120/><G120/><T31/><D40/><U11/><E134/><V70/><F70/><W127/><G127/><T116/><D59/><U110/><E110/><V107/><F1/><W62/><G36/><T83/><D83/><U54/><E131/><V52/><F124/><W41/><G41/><T93/><D98/><U115/><E78/><V21/><F21/><W20/><G3/><T128/><D2/><U32/><E115/><V23/><F23/><W48/><G48/><T126/><D126/><U42/><E54/><V87/><F133/><W49/><G49/><T34/><D128/><U80/><E80/><V79/><F90/><W38/><G38/><T86/><D86/><U18/><E97/><V123/><F123/><W135/><G135/><T66/><D66/><U37/><E18/><V89/><F89/><W25/><G75/><T27/><D116/><U9/><E9/><V95/><F95/><W26/><G77/><T104/><D104/><U92/><E92/><V61/><F47/><W117/><G26/><T29/><D93/><U91/><E91/><V129/><F129/><W67/><G88/><T39/><D94/><U53/><E64/><V72/><F72/><W132/><G132/><T113/><D39/><U68/><E68/><V55/><F55/><W111/><G111/><T60/><D113/><U125/><E125/><V22/><F22/><W96/><G117/><T65/><D34/><U17/><E5/><AGARI ba="0,0" hai="5,8,12,43,45,50,52,56,61,79,82,87,106,107" machi="5" ten="30,11600,0" yaku="7,1,25,2,54,1" doraHai="13" who="2" fromWho="1" sc="312,0,306,-116,176,116,206,0" /><INIT seed="2,1,0,0,4,52" ten="312,190,292,206" oya="2" hai0="91,100,88,14,41,127,89,24,1,101,98,77,65" hai1="80,31,15,111,16,3,33,108,18,57,118,90,69" hai2="104,63,113,120,20,92,73,122,29,42,132,72,54" hai3="87,47,114,93,106,62,67,115,125,28,43,19,131"/><V27/><F104/><W61/><G106/><T105/><D1/><U9/><E69/><V23/><F113/><W0/><G0/><T12/><D41/><U107/><E107/><V71/><F132/><W95/><G125/><T97/><D77/><U85/><E118/><V6/><F42/><W112/><G131/><T48/><D65/><U34/><E3/><V119/><F119/><W96/><G28/><T25/><D127/><U32/><E31/><V5/><F92/><W11/><G87/><T135/><D48/><U8/><REACH who="1" step="1"/><E57/><REACH who="1" ten="312,180,292,206" step="2"/><V37/><F71/><W49/><G96/><N who="0" m="36971" /><D105/><U26/><E26/><N who="0" m="10345" /><D135/><U55/><E55/><V59/><F29/><W13/><REACH who="3" step="1"/><G62/><REACH who="3" ten="312,180,292,196" step="2"/><T30/><D30/><U79/><E79/><V133/><F63/><W75/><G75/><T74/><D74/><U17/><E17/><V103/><F73/><W109/><G109/><T86/><D86/><U76/><E76/><V124/><F72/><W78/><G78/><T110/><D110/><U84/><E84/><V4/><F133/><W99/><G99/><T121/><D121/><U53/><E53/><V94/><F54/><W117/><G117/><T116/><D116/><U129/><E129/><V68/><F122/><W22/><G22/><T36/><D101/><U50/><E50/><V66/><F103/><W64/><G64/><T45/><D100/><U21/><E21/><V51/><F23/><W130/><G130/><T7/><D7/><U102/><E102/><V35/><F6/><W83/><G83/><T40/><D91/><U44/><E44/><V38/><F4/><W128/><G128/><RYUUKYOKU ba="1,2" sc="312,10,180,10,292,-30,196,10" hai0="12,14,36,40,45,88,89" hai1="8,9,15,16,18,32,33,34,80,85,90,108,111" hai3="11,13,19,43,47,49,61,67,93,95,112,114,115" /><INIT seed="3,2,2,4,1,103" ten="322,190,262,206" oya="3" hai0="37,91,92,63,26,120,51,84,98,89,99,108,15" hai1="90,39,88,25,36,102,113,18,59,64,49,86,74" hai2="16,96,67,62,72,42,123,30,132,32,7,73,134" hai3="10,22,115,61,38,3,112,78,33,106,6,31,104"/><W82/><G22/><T8/><D37/><U133/><E74/><V57/><F123/><W110/><G61/><T122/><D108/><U12/><E113/><V65/><F7/><W117/><G117/><T128/><D128/><U135/><E25/><N who="2" m="18511" /><F42/><W46/><G110/><T52/><D122/><U70/><E70/><V19/><F67/><W79/><G78/><T41/><D120/><U127/><E127/><V28/><F28/><W29/><G31/><T116/><D116/><U93/><E102/><V9/><F96/><W81/><G82/><T87/><D41/><U14/><E90/><V76/><F9/><W66/><G66/><T68/><D26/><U125/><E125/><V27/><F27/><N who="3" m="18623" /><G46/><T114/><D114/><N who="3" m="43561" /><G38/><T17/><D63/><N who="1" m="38015" /><E49/><V44/><F44/><W47/><G47/><N who="0" m="27775" /><D68/><U35/><E35/><V94/><F76/><W77/><G77/><T97/><D87/><U80/><E80/><AGARI ba="2,2" hai="8,15,17,80,84,89,91,92,97,98,99" m="27775" machi="80" ten="30,3900,0" yaku="25,1,8,1,54,1" doraHai="103" who="0" fromWho="1" sc="322,65,190,-45,262,0,206,0" /><INIT seed="4,0,0,1,1,98" ten="387,145,262,206" oya="0" hai0="55,53,49,10,35,5,93,99,66,112,128,78,18" hai1="135,15,100,76,9,24,88,90,95,42,134,71,11" hai2="108,22,65,54,13,81,74,40,120,115,26,2,84" hai3="1,34,43,96,105,109,94,63,47,52,44,127,131"/><T118/><D35/><U21/><E71/><V77/><F2/><W33/><G109/><T8/><D118/><U104/><E76/><V129/><F120/><W50/><G127/><T75/><D66/><U45/><E104/><V57/><F108/><W117/><G117/><T86/><D75/><U31/><E100/><V111/><F74/><W29/><G131/><T27/><D112/><U116/><E11/><V67/><F129/><W37/><G1/><T106/><D106/><U97/><E90/><V30/><F115/><W69/><G105/><T122/><D122/><U12/><E116/><V82/><F82/><W64/><REACH who="3" step="1"/><G29/><REACH who="3" ten="387,145,262,196" step="2"/><T80/><D128/><U19/><REACH who="1" step="1"/><E15/><REACH who="1" ten="387,135,262,196" step="2"/><V36/><F13/><W73/><G73/><T41/><D27/><U110/><E110/><V20/><F111/><W89/><AGARI ba="0,2" hai="33,34,37,43,44,47,50,52,63,64,69,89,94,96" machi="89" ten="20,8000,1" yaku="1,1,0,1,7,1,54,1,53,1" doraHai="98" doraHaiUra="38" who="3" fromWho="3" sc="387,-40,135,-20,262,-20,196,100" /><INIT seed="5,0,0,3,0,22" ten="347,115,242,296" oya="1" hai0="81,97,23,106,85,65,52,130,51,94,86,128,117" hai1="11,41,49,64,17,95,66,16,113,6,83,133,90" hai2="39,118,101,36,21,12,88,8,124,58,50,2,110" hai3="60,45,134,107,56,19,76,71,99,46,69,87,119"/><U82/><E113/><V4/><F118/><W27/><G119/><T48/><D117/><U131/><E133/><V28/><F110/><W84/><G134/><T25/><D106/><U30/><E30/><V59/><F101/><W109/><G109/><T0/><D0/><U44/><E131/><V108/><F124/><W35/><G71/><T63/><D48/><U53/><E64/><V132/><F132/><W32/><G69/><T24/><D23/><U103/><E66/><V98/><F108/><W26/><G107/><T14/><D14/><N who="1" m="5495" /><E103/><V72/><F72/><W61/><G99/><T115/><D115/><U104/><E41/><V92/><F2/><W89/><G56/><N who="0" m="37095" /><D130/><U77/><E104/><V9/><F8/><W120/><G89/><N who="0" m="55503" /><D128/><U111/><E111/><V5/><F39/><W127/><G76/><N who="0" m="46247" /><D86/><N who="1" m="48463" /><E83/><V121/><F36/><W15/><G127/><T79/><D79/><U57/><E44/><AGARI ba="0,0" hai="24,25,44,51,52" m="46247,55503,37095" machi="44" ten="30,7700,0" yaku="8,1,52,2,54,1" doraHai="22" who="0" fromWho="1" sc="347,77,115,-77,242,0,296,0" /><INIT seed="6,0,0,2,4,47" ten="424,38,242,296" oya="2" hai0="114,10,129,112,82,96,87,126,78,72,95,40,38" hai1="14,59,116,101,22,31,15,94,36,106,0,125,57" hai2="86,51,92,74,122,18,100,93,12,107,58,71,76" hai3="83,62,111,73,91,103,30,8,16,7,53,105,45"/><V88/><F71/><W2/><G111/><T17/><D129/><U37/><E94/><V66/><F122/><W90/><G30/><T64/><D64/><U133/><E0/><V28/><F28/><W41/><G16/><T81/><D126/><U26/><E116/><V120/><F120/><W134/><G134/><T132/><D132/><U121/><E133/><V60/><F107/><W32/><G32/><T61/><D61/><U54/><E125/><V34/><F34/><W77/><G103/><T124/><D124/><U4/><E121/><V70/><F74/><W99/><G99/><T35/><D35/><U44/><E106/><V42/><F76/><W3/><G3/><T128/><D128/><U75/><E75/><V50/><F42/><W97/><G97/><T56/><D56/><U119/><E101/><V127/><F70/><W23/><G23/><T104/><D40/><U1/><E119/><V55/><F66/><W63/><G105/><T65/><D38/><U6/><E59/><V11/><F127/><W39/><G62/><T9/><D65/><U25/><E25/><V46/><F46/><W135/><G135/><T118/><D118/><U13/><E44/><V5/><F18/><W52/><G63/><T115/><D17/><U21/><E21/><V19/><F19/><W89/><AGARI ba="0,0" hai="2,7,8,39,41,45,52,53,73,77,83,89,90,91" machi="89" ten="30,7900,0" yaku="0,1,25,2,54,1" doraHai="47" who="3" fromWho="3" sc="424,-20,38,-20,242,-39,296,79" /><INIT seed="7,0,0,2,0,104" ten="404,18,203,375" oya="3" hai0="1,26,91,94,41,100,57,81,113,50,82,126,108" hai1="31,3,89,58,10,75,130,86,21,37,24,23,112" hai2="19,42,35,14,76,7,5,99,98,16,11,30,132" hai3="69,73,134,38,106,0,51,47,12,114,116,88,27"/><W29/><G116/><T127/><D1/><U22/><E58/><V13/><F42/><W70/><G0/><T77/><D108/><U54/><E54/><V118/><F76/><W92/><G106/><T102/><D113/><U105/><E86/><V59/><F118/><W128/><G73/><T129/><D129/><U33/><E89/><V53/><F132/><W119/><G119/><T40/><D26/><U103/><E103/><N who="0" m="39465" /><D127/><U15/><E105/><V95/><F30/><W85/><G114/><T17/><D126/><U83/><E37/><V72/><F35/><W43/><G128/><T32/><D32/><U39/><E39/><V133/><F133/><W68/><G134/><T93/><D17/><U90/><E90/><V60/><F72/><W96/><G12/><T46/><D40/><U6/><E83/><N who="0" m="31753" /><D77/><U49/><E49/><V44/><F44/><W28/><G38/><T20/><D20/><U125/><E75/><V8/><F99/><W124/><G124/><T122/><D122/><U52/><E52/><V64/><F53/><W121/><G121/><T131/><D131/><U65/><E65/><V97/><F98/><W55/><G43/><T87/><D57/><U111/><E112/><V25/><F25/><W120/><G120/><T61/><D61/><U34/><E125/><V45/><REACH who="2" step="1"/><F45/><REACH who="2" ten="404,18,193,375" step="2"/><W123/><G123/><T2/><D2/><U36/><E36/><V9/><F9/><W110/><G110/><T80/><AGARI ba="0,1" hai="41,46,50,80,87,91,93,94" m="31753,39465" machi="80" ten="30,1100,0" yaku="8,1" doraHai="104" who="0" fromWho="0" sc="404,21,18,-3,193,-3,375,-5" owari="425,52.0,15,-48.0,190,-21.0,370,17.0" /></mjloggm>