<mjloggm ver="2.3"><GO type="97" lobby="0"/><UN n0="%31%33%36%30" n1="%E5%85%A8%E5%B1%80%E5%8F%82%E5%8A%A0%E5%9E%8B%E9%9B%80%E5%9C%9F" n2="%E5%B0%B1%E6%B4%BB%E7%94%9F%40%E5%B7%9D%E6%9D%91%E8%BB%8D%E5%9B%A3" n3="%75%73%77" dan="15,14,15,15" rate="1982.16,1911.59,2020.74,1942.27" sx="M,M,M,M"/><TAIKYOKU oya="0"/><INIT seed="0,0,0,1,2,121" ten="250,250,250,250" oya="0" hai0="84,64,74,18,96,57,5,1,40,117,30,15,134" hai1="54,47,110,48,44,94,33,14,10,125,32,106,82" hai2="25,100,85,107,114,2,103,73,66,122,36,116,131" hai3="104,115,12,119,29,97,123,113,45,24,55,127,35"/><T70/><D74/><U68/><E106/><V75/><F66/><W3/><G119/><T78/><D117/><U93/><E125/><V38/><F25/><W126/><G45/><T108/><D70/><U39/><E68/><V17/><F17/><W46/><G46/><T98/><D1/><U102/><E82/><V4/><F4/><W11/><G55/><T63/><D5/><U20/><E20/><V52/><F116/><W37/><G97/><T28/><D40/><U61/><E61/><V9/><F9/><W130/><G37/><T50/><D50/><U89/><E102/><V95/><F107/><W56/><G56/><T118/><D118/><U92/><E110/><V65/><F65/><W43/><G43/><T105/><D108/><U81/><E39/><V124/><F2/><W8/><G104/><T72/><D72/><U6/><REACH who="1" step="1"/><E47/><REACH who="1" ten="250,240,250,250" step="2"/><V132/><F36/><W58/><G126/><T83/><D134/><U23/><E23/><V59/><F38/><W135/><G127/><T26/><D105/><U109/><E109/><V133/><F124/><W67/><G135/><T62/><D63/><U90/><E90/><V91/><F132/><W112/><G112/><T41/><D41/><U19/><E19/><V129/><F133/><W99/><G113/><T111/><D111/><U7/><E7/><V34/><F114/><W49/><G115/><T88/><D78/><U53/><E53/><V79/><F79/><W0/><G0/><T60/><D62/><U128/><E128/><N who="2" m="49227" /><F34/><W87/><G130/><T31/><D26/><U51/><E51/><N who="2" m="31135" /><F122/><W21/><G123/><RYUUKYOKU ba="0,1" sc="250,10,240,10,250,10,250,-30" hai0="15,18,28,30,31,57,60,64,83,84,88,96,98" hai1="6,10,14,32,33,44,48,54,81,89,92,93,94" hai2="73,75,85,91,95,100,103" /><INIT seed="0,1,1,3,4,127" ten="260,250,260,220" oya="0" hai0="47,53,90,62,70,79,3,45,123,17,73,126,86" hai1="71,72,119,18,133,10,15,129,59,65,57,21,2" hai2="25,108,99,37,92,60,50,35,132,84,14,122,9" hai3="24,63,106,115,128,52,55,23,54,95,19,82,66"/><T26/><D3/><U40/><E119/><V109/><F37/><W76/><G106/><T87/><D123/><U97/><E133/><V67/><F122/><W101/><G115/><T100/><D126/><U111/><E111/><N who="2" m="42571" /><F132/><W117/><G117/><T43/><D73/><U33/><E33/><V110/><N who="2" m="42579" /><V75/><DORA hai="31" /><F75/><W116/><G116/><T61/><D100/><U39/><E72/><V6/><F50/><W8/><G8/><T5/><D5/><U56/><E71/><N who="2" m="42471" /><F84/><W22/><G101/><T34/><D70/><U77/><E77/><V13/><F25/><W103/><G103/><T85/><D79/><U12/><E2/><N who="2" m="215" /><F35/><W38/><G38/><T41/><D90/><AGARI ba="1,1" hai="13,14,90,92,99" m="215,42471,42579" machi="90" ten="40,1300,0" yaku="14,1" doraHai="127,31" who="2" fromWho="0" sc="260,-16,250,0,260,26,220,0" /><INIT seed="1,0,0,5,2,125" ten="244,250,286,220" oya="1" hai0="54,22,108,77,59,69,105,117,75,60,6,87,115" hai1="2,48,72,57,99,37,3,122,120,74,50,14,100" hai2="44,68,33,82,24,30,11,23,81,123,127,109,21" hai3="13,64,126,124,113,97,132,31,17,12,45,34,55"/><U92/><E37/><V0/><F123/><W38/><G64/><T107/><D117/><U46/><E122/><V88/><F68/><W86/><G113/><T27/><D115/><U32/><E120/><V96/><F127/><N who="3" m="48683" /><G97/><T20/><D75/><U1/><E32/><V4/><F109/><W94/><G132/><T90/><D77/><U19/><E57/><V51/><F82/><W102/><G102/><T47/><D69/><U53/><REACH who="1" step="1"/><E50/><REACH who="1" ten="244,240,286,220" step="2"/><V71/><F71/><W40/><G34/><T35/><D108/><U129/><E129/><V119/><F119/><W28/><G38/><T89/><D35/><U73/><E73/><V43/><F96/><W121/><G121/><T131/><D131/><U103/><E103/><V36/><F36/><W52/><G86/><T79/><D87/><U130/><E130/><V112/><F112/><W91/><G45/><T41/><D47/><U58/><E58/><V85/><AGARI ba="0,1" hai="0,4,11,21,23,24,30,33,43,44,51,81,85,88" machi="85" ten="30,2000,0" yaku="0,1,54,1" doraHai="125" who="2" fromWho="2" sc="244,-5,240,-10,286,30,220,-5" /><INIT seed="2,0,0,0,2,67" ten="239,230,316,215" oya="2" hai0="53,134,100,77,30,61,4,98,111,8,102,69,1" hai1="132,11,73,131,122,59,104,70,62,27,90,80,108" hai2="58,9,71,78,45,24,124,79,49,47,94,126,36" hai3="105,97,96,40,83,55,13,84,12,63,129,44,66"/><V86/><F36/><W34/><G34/><T114/><D114/><U57/><E108/><V3/><F24/><W135/><G135/><T32/><D102/><U125/><E132/><V41/><F47/><W16/><G129/><T92/><D134/><U116/><E116/><V60/><F3/><W20/><G105/><T123/><D111/><U91/><E104/><V88/><F9/><W117/><G117/><T106/><D92/><U93/><E122/><V22/><F22/><W72/><G72/><T85/><D53/><U95/><E125/><N who="2" m="48235" /><F58/><N who="3" m="37239" /><G55/><T2/><D85/><U120/><E120/><V35/><F35/><W87/><G12/><T115/><D77/><N who="2" m="29194" /><F60/><W14/><G14/><T128/><D128/><U130/><E70/><AGARI ba="0,0" hai="41,45,49,70,71,86,88,94" m="29194,48235" machi="70" ten="30,11600,0" yaku="18,1,52,2,54,1" doraHai="67" who="2" fromWho="1" sc="239,0,230,-116,316,116,215,0" /><INIT seed="2,1,0,2,2,36" ten="239,114,432,215" oya="2" hai0="62,105,29,3,23,89,50,90,13,22,76,83,60" hai1="41,112,38,114,18,107,57,52,135,58,86,74,82" hai2="39,133,126,5,27,7,127,30,42,6,24,8,21" hai3="35,65,70,53,102,59,98,55,45,97,37,106,64"/><V78/><F78/><W91/><G35/><T88/><D105/><U40/><E135/><V19/><F133/><W14/><G14/><T87/><D3/><U9/><E74/><V25/><F39/><W1/><G1/><T11/><D50/><N who="1" m="30871" /><E107/><V17/><F42/><N who="1" m="16489" /><E38/><V123/><F123/><W125/><G125/><N who="2" m="47625" /><F30/><W63/><G91/><T111/><D111/><U46/><E112/><V108/><F108/><W85/><G85/><T115/><D115/><U31/><E114/><V4/><F19/><W51/><G37/><T10/><D10/><U20/><E58/><V0/><AGARI ba="1,0" hai="0,4,5,6,7,8,17,21,24,25,27" m="47625" machi="0" ten="30,6000,0" yaku="18,1,34,2" doraHai="36" who="2" fromWho="2" sc="239,-21,114,-21,432,63,215,-21" /><INIT seed="2,2,0,5,0,97" ten="218,93,495,194" oya="2" hai0="120,68,65,20,96,104,3,75,123,47,98,58,10" hai1="115,6,1,122,70,95,90,54,66,43,23,107,85" hai2="103,81,62,7,29,55,30,19,106,35,92,25,117" hai3="9,135,126,39,113,22,63,87,13,26,36,78,61"/><V64/><F117/><W32/><G32/><T102/><D58/><U111/><E111/><V84/><F30/><W31/><G113/><T127/><D20/><U129/><E115/><V50/><F7/><W48/><G135/><T124/><D47/><U52/><E129/><V94/><F19/><W56/><G126/><N who="0" m="48171" /><D75/><U14/><E122/><N who="0" m="46633" /><D98/><U11/><E107/><V133/><F133/><W119/><G119/><T15/><D15/><U49/><E70/><V5/><F5/><N who="3" m="3247" /><G36/><T80/><D80/><U132/><E132/><V67/><F67/><W110/><G39/><T121/><N who="0" m="46641" /><T105/><DORA hai="51" /><D10/><U69/><E69/><V53/><F106/><W125/><G110/><T24/><D24/><U8/><E66/><V108/><F108/><W74/><G74/><T16/><D105/><U45/><REACH who="1" step="1"/><E23/><REACH who="1" ten="218,83,495,194" step="2"/><V33/><F33/><W112/><G112/><T76/><D65/><U0/><E0/><V12/><F64/><W59/><G125/><T82/><D3/><U109/><E109/><V79/><F35/><W128/><G128/><T114/><D68/><U41/><E41/><V116/><F116/><W37/><G22/><T46/><D114/><U88/><E88/><V27/><F79/><W4/><G78/><T60/><D76/><U2/><E2/><V57/><F27/><W86/><G26/><T34/><D34/><U21/><E21/><V38/><F25/><W77/><G77/><T83/><D104/><U134/><E134/><V91/><F29/><W40/><G31/><T101/><D16/><AGARI ba="2,1" hai="1,6,8,11,14,16,43,45,49,52,54,85,90,95" machi="16" ten="30,12000,2" yaku="1,1,7,1,52,2,54,2,53,1" doraHai="97,51" doraHaiUra="99,89" who="1" fromWho="0" sc="218,-126,83,136,495,0,194,0" /><INIT seed="3,0,0,2,0,1" ten="92,219,495,194" oya="3" hai0="53,49,120,55,71,76,105,11,54,72,129,4,108" hai1="86,113,23,102,50,36,82,115,67,18,92,91,122" hai2="99,16,0,85,79,111,130,84,46,81,12,13,15" hai3="112,5,66,21,17,100,64,10,48,34,63,68,33"/><W98/><G112/><T80/><D105/><U89/><E36/><V78/><F0/><W28/><G66/><T106/><D120/><U118/><E102/><V110/><F130/><W60/><G60/><T116/><D129/><U88/><E122/><V93/><F46/><W101/><G48/><T52/><D106/><U26/><E118/><V2/><F2/><W95/><G100/><T97/><D108/><N who="2" m="41514" /><F16/><W45/><G45/><T30/><D116/><U59/><E50/><V65/><F65/><W22/><G28/><T104/><D71/><U38/><E89/><N who="2" m="55727" /><F79/><W7/><G22/><T44/><D30/><U61/><E38/><V42/><F42/><W19/><G19/><T8/><D8/><U58/><E58/><V37/><F37/><W41/><G41/><T40/><N who="0" m="13312" /><DORA hai="94" /><T9/><REACH who="0" step="1"/><D4/><REACH who="0" ten="82,219,495,194" step="2"/><U57/><E57/><V14/><N who="2" m="3584" /><DORA hai="128" /><V135/><F135/><W103/><G7/><T83/><D83/><U114/><E114/><V123/><F123/><W107/><G5/><T70/><D70/><U20/><E115/><V96/><F96/><W24/><G10/><T39/><D39/><U62/><E113/><V73/><AGARI ba="0,1" hai="73,78,81,84,85" m="3584,55727,41514" machi="73" ten="50,3200,0" yaku="14,1,52,1" doraHai="1,94,128" who="2" fromWho="2" sc="82,-8,219,-8,495,42,194,-16" owari="74,-43.0,211,1.0,537,64.0,178,-22.0" /></mjloggm>