<mjloggm ver="2.3"><GO type="169" lobby="0"/><UN n0="%E3%81%95%E3%82%8A%E3%83%BC%E3%81%99%E3%81%93%E3%81%A3%E3%81%A8" n1="%E9%9B%80%E6%97%A5%E9%80%A3%E7%99%BD%E6%B3%A2%E7%80%AC" n2="%E3%82%A6%E3%83%AB%E3%83%88%E3%83%A9%E7%AB%8B%E7%9B%B4" n3="%74%61%72%6F%33%39%30%30" dan="16,16,18,17" rate="2057.11,2150.28,2226.70,2134.40" sx="F,M,M,M"/><TAIKYOKU oya="0"/><INIT seed="0,0,0,0,0,46" ten="250,250,250,250" oya="0" hai0="14,40,128,110,82,74,56,24,49,62,67,8,60" hai1="29,87,135,88,41,47,17,121,106,37,81,93,28" hai2="75,27,124,54,50,80,18,119,21,98,31,9,0" hai3="76,35,13,115,57,122,103,52,10,55,6,89,92"/><T94/><D128/><U70/><E121/><V118/><F124/><W77/><G115/><T71/><D24/><U20/><E135/><V25/><F98/><W11/><G35/><T42/><D110/><U112/><E112/><V91/><F0/><W45/><G103/><T132/><D132/><U83/><E106/><V64/><F64/><W95/><G122/><T99/><D82/><U131/><E131/><V43/><F43/><W78/><G11/><T125/><D74/><U22/><E70/><V5/><F5/><W134/><G134/><T104/><D104/><U61/><E22/><V130/><F130/><W120/><G120/><T12/><D12/><U116/><E116/><V84/><F75/><W109/><G109/><T63/><D63/><U7/><E7/><V86/><F86/><W97/><G95/><T53/><D62/><U117/><E117/><V101/><F101/><W58/><G55/><T16/><REACH who="0" step="1"/><D125/><REACH who="0" ten="240,250,250,250" step="2"/><U3/><E3/><V59/><REACH who="2" step="1"/><F9/><REACH who="2" ten="240,250,240,250" step="2"/><W68/><G68/><T34/><D34/><AGARI ba="0,2" hai="18,21,25,27,31,34,50,54,59,80,84,91,118,119" machi="34" ten="40,5200,0" yaku="1,1,2,1,52,1,53,0" doraHai="46" doraHaiUra="38" who="2" fromWho="0" sc="240,-52,250,0,240,72,250,0" /><INIT seed="1,0,0,4,1,42" ten="188,250,312,250" oya="1" hai0="109,124,28,125,83,106,117,45,19,114,33,16,80" hai1="93,133,13,55,129,66,53,112,31,29,110,32,84" hai2="23,27,11,9,39,126,67,30,94,64,50,91,18" hai3="2,96,115,123,6,98,111,47,48,74,76,61,46"/><U24/><E112/><V103/><F39/><W121/><G115/><T17/><D109/><U34/><E110/><V128/><F126/><N who="0" m="48746" /><D114/><U62/><E133/><V0/><F128/><W3/><G111/><T88/><D106/><U85/><E129/><V99/><F0/><W41/><G61/><T7/><D7/><U58/><E13/><V26/><F103/><W59/><G59/><T37/><D117/><U56/><E93/><V95/><F95/><W81/><G123/><T10/><D10/><U134/><E134/><V8/><REACH who="2" step="1"/><F50/><REACH who="2" ten="188,250,302,250" step="2"/><W75/><G2/><T40/><D88/><U5/><E5/><V63/><F63/><W108/><G6/><T97/><D97/><U60/><REACH who="1" step="1"/><E66/><REACH who="1" ten="188,240,302,250" step="2"/><V104/><F104/><W92/><G108/><T35/><D35/><AGARI ba="0,2" hai="8,9,11,18,23,26,27,30,35,64,67,91,94,99" machi="35" ten="40,1300,0" yaku="1,1,53,0" doraHai="42" doraHaiUra="44" who="2" fromWho="0" sc="188,-13,240,0,302,33,250,0" /><INIT seed="2,0,0,2,5,43" ten="175,240,335,250" oya="2" hai0="117,86,84,110,122,2,111,62,76,90,115,83,116" hai1="69,31,88,10,1,120,114,51,103,66,32,85,53" hai2="25,81,46,109,63,112,133,68,89,118,108,121,44" hai3="52,80,33,73,64,49,75,50,34,123,96,39,24"/><V29/><F121/><W70/><G123/><T18/><D2/><U102/><E120/><V79/><F89/><W94/><G39/><T12/><D62/><U26/><E114/><V23/><F112/><W100/><G50/><T9/><D115/><U128/><E128/><V101/><F101/><W38/><G38/><T47/><D122/><U124/><E124/><V72/><F118/><W97/><G64/><T65/><D65/><U135/><E135/><V27/><F133/><W28/><G70/><T93/><REACH who="0" step="1"/><D47/><REACH who="0" ten="165,240,335,250" step="2"/><U131/><E131/><V87/><F63/><W78/><G34/><T132/><D132/><U92/><E66/><V77/><F68/><W58/><REACH who="3" step="1"/><G96/><REACH who="3" ten="165,240,335,240" step="2"/><T6/><D6/><U55/><E69/><V42/><F109/><AGARI ba="0,2" hai="9,12,18,76,83,84,86,90,93,109,110,111,116,117" machi="109" ten="40,5200,0" yaku="1,1,14,1,53,1" doraHai="43" doraHaiUra="15" who="0" fromWho="2" sc="165,72,240,0,335,-52,240,0" /><INIT seed="3,0,0,5,2,40" ten="237,240,283,240" oya="3" hai0="36,127,73,47,39,5,112,91,65,33,85,122,68" hai1="82,62,20,24,32,89,135,35,61,86,115,43,109" hai2="59,53,1,72,111,67,21,64,114,6,13,66,14" hai3="116,129,88,123,107,79,52,81,54,55,133,108,78"/><W29/><G116/><T95/><D112/><U92/><E115/><V75/><F114/><W104/><G123/><T8/><D122/><U37/><E109/><V119/><F119/><W130/><G108/><T10/><D73/><U51/><E37/><V11/><F111/><W34/><G133/><T77/><D77/><N who="3" m="29193" /><G29/><T80/><D80/><U125/><E125/><V50/><REACH who="2" step="1"/><F21/><REACH who="2" ten="237,240,273,240" step="2"/><W98/><G34/><T16/><D33/><U103/><E32/><V106/><F106/><W128/><G81/><T124/><D124/><U69/><E35/><V70/><F70/><W44/><G107/><T60/><D68/><U15/><E69/><V2/><F2/><W45/><G104/><T113/><D113/><U120/><E120/><V22/><F22/><W93/><AGARI ba="0,1" hai="44,45,52,54,55,88,93,98,128,129,130" m="29193" machi="93" ten="40,12000,1" yaku="19,1,52,2,54,2" doraHai="40" who="3" fromWho="3" sc="237,-40,240,-40,273,-40,240,130" /><INIT seed="3,1,0,4,0,91" ten="197,200,233,370" oya="3" hai0="110,39,132,3,24,130,87,15,6,118,121,95,14" hai1="38,111,120,113,97,25,13,68,35,1,11,23,37" hai2="47,102,90,93,2,115,34,40,28,125,7,94,61" hai3="51,30,0,129,59,56,98,80,52,77,50,123,44"/><W88/><G123/><T31/><D118/><U29/><E120/><V64/><F115/><W79/><G0/><T16/><D39/><U101/><E113/><V133/><F125/><W119/><G119/><T10/><D121/><U21/><E111/><V104/><F133/><W135/><G135/><T33/><D132/><U122/><E68/><V76/><F76/><W9/><G129/><T42/><D42/><U8/><E23/><V112/><F112/><W117/><G117/><T12/><D130/><U22/><E22/><V116/><F116/><W99/><G9/><T83/><D110/><U53/><E8/><V106/><F7/><W103/><G30/><T109/><D95/><N who="1" m="58559" /><E53/><V17/><F17/><W72/><G79/><T86/><D109/><U107/><E107/><V131/><F2/><W67/><G67/><T43/><D43/><U45/><E45/><V96/><F131/><W92/><G51/><T69/><D69/><U46/><E46/><V74/><F74/><W26/><G26/><T58/><D58/><U84/><E84/><V134/><F134/><W54/><G54/><T41/><D87/><U105/><E105/><AGARI ba="1,0" hai="44,50,52,56,59,72,77,80,88,92,98,99,103,105" machi="105" ten="30,11600,0" yaku="7,1,52,1,54,2" doraHai="91" who="3" fromWho="1" sc="197,0,200,-119,233,0,370,119" /><INIT seed="3,2,0,1,2,69" ten="197,81,233,489" oya="3" hai0="71,24,96,102,19,109,27,32,37,67,2,82,66" hai1="117,108,126,62,9,129,12,64,55,110,79,118,134" hai2="122,61,11,112,98,83,42,104,128,76,105,116,13" hai3="114,6,30,81,101,124,29,8,25,5,44,35,63"/><W4/><G114/><T43/><D109/><N who="1" m="42091" /><E79/><V75/><F116/><N who="1" m="44649" /><E12/><V91/><F112/><W49/><G124/><T15/><D2/><U16/><E9/><V57/><F128/><W14/><G101/><T100/><D82/><U22/><E129/><V36/><F122/><W111/><G111/><T113/><D113/><U95/><E95/><V103/><F91/><W52/><G30/><T40/><D96/><U34/><E34/><V85/><F75/><W50/><G63/><T99/><D99/><U87/><E87/><V51/><F104/><W86/><REACH who="3" step="1"/><G49/><REACH who="3" ten="197,81,233,479" step="2"/><T17/><D102/><U48/><E126/><V46/><F103/><W23/><G23/><T119/><D100/><U115/><E115/><V106/><F106/><W28/><G28/><T70/><D119/><U53/><E134/><V45/><F105/><W107/><G107/><T72/><D32/><U133/><E133/><V31/><F31/><W0/><G0/><T59/><D70/><U125/><E125/><V94/><F61/><W3/><G3/><T123/><D71/><U65/><E48/><V135/><F51/><W7/><G7/><T39/><D123/><U26/><E64/><V84/><F135/><W56/><G56/><AGARI ba="2,1" hai="16,22,26,53,55,56,62,65" m="44649,42091" machi="56" ten="30,3900,0" yaku="14,1,12,1,54,1" doraHai="69" who="1" fromWho="3" sc="197,0,81,55,233,0,479,-45" /><INIT seed="4,0,0,2,1,36" ten="197,136,233,434" oya="0" hai0="49,18,96,75,43,39,67,72,9,124,133,80,134" hai1="47,53,125,129,40,77,100,6,58,85,73,60,63" hai2="127,31,123,19,116,83,14,7,108,121,71,101,62" hai3="69,1,95,29,26,50,74,24,27,104,68,106,132"/><T110/><D39/><U113/><E73/><V107/><F108/><W82/><G1/><T70/><D110/><U38/><E129/><V117/><F127/><W33/><G132/><N who="0" m="50795" /><D96/><U20/><E125/><V59/><F71/><W97/><G68/><T55/><D80/><U2/><E113/><V51/><F31/><W10/><G69/><T98/><D98/><U118/><E118/><N who="2" m="45675" /><F7/><W122/><G10/><T22/><D9/><U120/><E120/><V35/><F35/><W32/><G122/><T25/><D124/><U21/><E100/><V86/><F101/><W103/><G33/><T17/><D17/><U91/><E77/><V78/><F107/><W56/><G104/><T92/><D92/><U109/><E109/><V16/><F19/><W76/><G106/><T99/><D99/><U114/><E114/><V46/><F16/><W135/><G135/><T3/><D3/><U115/><E115/><V42/><F14/><W131/><G131/><T45/><D55/><AGARI ba="0,0" hai="42,46,51,55,59,62,78,83,86,121,123" m="45675" machi="55" ten="30,2000,0" yaku="12,1,52,1" doraHai="36" who="2" fromWho="0" sc="197,-20,136,0,233,20,434,0" /><INIT seed="5,0,0,5,2,20" ten="177,136,253,434" oya="1" hai0="92,46,17,82,7,66,2,47,135,55,99,12,32" hai1="108,130,33,54,45,112,52,67,129,132,118,60,128" hai2="6,85,131,29,1,125,35,43,121,8,37,103,31" hai3="126,40,11,22,69,95,39,73,14,4,86,42,16"/><U63/><E33/><V84/><F85/><W57/><G69/><T90/><D135/><U123/><E132/><V18/><F84/><W91/><G73/><T68/><D82/><U62/><E123/><V110/><F121/><W105/><G105/><T49/><D32/><U0/><E0/><V53/><F53/><N who="1" m="20585" /><E118/><V96/><F31/><W27/><G39/><T120/><D120/><U111/><E112/><V65/><F18/><W3/><G126/><T24/><D68/><N who="1" m="42087" /><E45/><N who="2" m="23791" /><F65/><W19/><G3/><T71/><D71/><U94/><E94/><V113/><F125/><W133/><G133/><T28/><D66/><U79/><E79/><V44/><F44/><W74/><G74/><T107/><D107/><U9/><E9/><V51/><F113/><W15/><G4/><T76/><D76/><U87/><E87/><V13/><F8/><W50/><G14/><T104/><D104/><U81/><E81/><V93/><F13/><W38/><G86/><T56/><D2/><U75/><E75/><V106/><F6/><W5/><G95/><T102/><D90/><U88/><E88/><V114/><F1/><W34/><G91/><T109/><D7/><U101/><E101/><V98/><F114/><W41/><G5/><T115/><D115/><U89/><E89/><V58/><F96/><W61/><G34/><N who="0" m="20743" /><D47/><U78/><E78/><V127/><F127/><W72/><G72/><T36/><D46/><U97/><E97/><V48/><F98/><W77/><G77/><T21/><D36/><U122/><E122/><V64/><F35/><W119/><G38/><T30/><D30/><RYUUKYOKU ba="0,0" sc="177,15,136,15,253,-15,434,-15" hai0="12,17,21,49,55,56,92,99,102,109" hai1="62,63,108,111,128,129,130" /><INIT seed="5,1,0,0,0,125" ten="192,151,238,419" oya="1" hai0="117,88,58,89,53,82,46,91,83,23,15,122,80" hai1="43,79,128,87,70,13,9,121,116,97,12,71,11" hai2="31,32,132,66,45,126,72,78,94,113,44,25,115" hai3="95,101,109,5,29,37,10,30,129,18,111,20,57"/><U52/><E116/><V27/><F126/><W114/><G37/><T4/><D117/><U55/><E121/><V134/><F66/><W133/><G57/><T65/><D122/><U33/><E33/><V38/><F94/><W118/><G95/><T100/><D100/><U123/><E123/><V26/><F26/><W76/><G76/><T35/><D35/><U28/><E28/><V73/><F27/><W54/><G54/><N who="1" m="20522" /><E70/><V74/><F78/><W77/><G77/><T103/><D103/><U8/><E71/><V135/><F44/><W99/><G99/><T24/><D46/><U63/><E63/><V1/><F1/><W3/><G101/><T34/><D34/><U61/><E61/><V68/><F68/><W42/><G42/><AGARI ba="1,0" hai="25,31,32,38,42,45,72,73,74,113,115,132,134,135" machi="42" ten="60,7700,0" yaku="20,1,23,2" doraHai="125" who="2" fromWho="3" sc="192,0,151,0,238,80,419,-80" /><INIT seed="6,0,0,2,3,109" ten="192,151,318,339" oya="2" hai0="96,84,133,12,48,99,0,69,93,86,7,3,34" hai1="8,50,106,110,123,45,60,64,21,16,97,105,59" hai2="71,122,68,77,79,35,118,56,82,92,132,1,52" hai3="33,95,13,115,89,107,101,117,22,58,81,87,38"/><V5/><F122/><W94/><G33/><T46/><D69/><U57/><E123/><V112/><F35/><W17/><G38/><T31/><D133/><U75/><E110/><V124/><F118/><W20/><G117/><T103/><D99/><U44/><E75/><V40/><F79/><W126/><G126/><T24/><D0/><U78/><E78/><V6/><F6/><W104/><G115/><T36/><D36/><U15/><E45/><V85/><F40/><W30/><G107/><T67/><D67/><U11/><E59/><V32/><F32/><W41/><G41/><T39/><D3/><U111/><E111/><V128/><F92/><W26/><G104/><T70/><D70/><U113/><E113/><V53/><F53/><W62/><G101/><T25/><D39/><U29/><E97/><V131/><F112/><W129/><G129/><N who="2" m="49737" /><F124/><W66/><AGARI ba="0,0" hai="13,17,20,22,26,30,58,62,66,81,87,89,94,95" machi="66" ten="20,2700,0" yaku="0,1,7,1,8,1" doraHai="109" who="3" fromWho="3" sc="192,-7,151,-7,318,-13,339,27" /><INIT seed="7,0,0,5,5,14" ten="185,144,305,366" oya="3" hai0="123,7,46,93,129,134,9,38,16,87,3,55,56" hai1="101,94,33,85,5,111,57,15,84,68,63,70,91" hai2="40,108,102,36,43,24,110,58,89,53,17,106,27" hai3="42,74,135,54,126,133,107,35,59,122,1,125,77"/><W21/><G35/><T127/><D123/><U8/><E111/><V113/><F102/><W30/><G1/><T128/><D127/><N who="3" m="48649" /><G107/><T115/><D134/><N who="3" m="51209" /><G122/><T60/><D115/><U100/><E33/><V6/><F6/><W121/><G121/><T120/><D120/><U23/><E70/><V29/><F89/><W92/><G42/><T2/><D2/><U64/><E68/><V124/><F43/><W132/><G132/><T86/><D93/><U82/><REACH who="1" step="1"/><E23/><REACH who="1" ten="185,134,305,366" step="2"/><V79/><F110/><W73/><G21/><T80/><D80/><U52/><E52/><V130/><F53/><W71/><G71/><T37/><D16/><U97/><E97/><V32/><F17/><W114/><G54/><T90/><D46/><U51/><E51/><V109/><F32/><W117/><G59/><T41/><D41/><U13/><E13/><V4/><F40/><W44/><G44/><T116/><D37/><U31/><E31/><V96/><F29/><W61/><G30/><T81/><D38/><U119/><E119/><V99/><F36/><W67/><G117/><T10/><D116/><U50/><E50/><V49/><F49/><W88/><G67/><T78/><D55/><U12/><E12/><V65/><F65/><W45/><G45/><T34/><D56/><U11/><E11/><V69/><F58/><W98/><G98/><N who="2" m="37417" /><F109/><W26/><G61/><T19/><D9/><U47/><E47/><V0/><F108/><W18/><G18/><T62/><D19/><U103/><E103/><V66/><F124/><W72/><G26/><N who="2" m="9769" /><F69/><W20/><G20/><T25/><D34/><RYUUKYOKU ba="0,1" sc="185,-10,134,30,305,-10,366,-10" hai1="5,8,15,57,63,64,82,84,85,91,94,100,101" owari="175,-22.0,164,-34.0,295,10.0,366,46.0" /></mjloggm>