<mjloggm ver="2.3"><GO type="169" lobby="0"/><UN n0="%E3%81%84%E3%81%AC%E3%81%98%E3%82%83%E3%82%89%EF%BC%94" n1="%6D%6F%74%6F%79%61" n2="%61%73%30%37%36%30%33%69" n3="%E3%82%A6%E3%83%AB%E3%83%88%E3%83%A9%E7%AB%8B%E7%9B%B4" dan="17,16,16,16" rate="2178.48,2099.59,2057.19,2118.01" sx="M,M,M,M"/><TAIKYOKU oya="0"/><INIT seed="0,0,0,2,3,5" ten="250,250,250,250" oya="0" hai0="120,89,53,100,79,98,122,10,63,126,45,50,77" hai1="55,51,88,90,16,104,29,1,114,20,72,118,127" hai2="57,21,102,3,106,116,59,13,48,30,74,38,80" hai3="58,65,23,7,8,86,91,9,56,124,81,61,15"/><T0/><D126/><U69/><E104/><V134/><F3/><W47/><G124/><T111/><D111/><U70/><E72/><V66/><F116/><W101/><G101/><T22/><D89/><U82/><E118/><V52/><F38/><W76/><G47/><T18/><D63/><U71/><E127/><V33/><F33/><W131/><G131/><T96/><D122/><U125/><E125/><V119/><F119/><W99/><G58/><T93/><D98/><U123/><E123/><V54/><F66/><W132/><G132/><T60/><D120/><U75/><E29/><V49/><F106/><W46/><G46/><T11/><D60/><U129/><E1/><V24/><F102/><W2/><G23/><T78/><REACH who="0" step="1"/><D0/><REACH who="0" ten="240,250,250,250" step="2"/><U83/><E90/><V92/><F134/><W109/><G109/><T43/><D43/><U42/><E42/><V135/><F135/><W107/><G91/><T35/><D35/><U73/><E88/><V41/><F41/><W32/><G32/><T37/><D37/><U121/><E121/><V64/><F64/><W6/><G99/><T27/><AGARI ba="0,1" hai="10,11,18,22,27,45,50,53,77,78,79,93,96,100" machi="27" ten="30,18000,2" yaku="1,1,0,1,8,1,52,2,53,1" doraHai="5" doraHaiUra="12" who="0" fromWho="0" sc="240,190,250,-60,250,-60,250,-60" /><INIT seed="0,1,0,5,4,28" ten="430,190,190,190" oya="0" hai0="87,54,108,134,33,37,15,93,18,135,92,119,131" hai1="74,45,115,112,73,56,41,44,34,111,3,39,78" hai2="38,77,104,100,75,126,132,51,72,47,53,125,99" hai3="133,83,128,9,130,2,109,68,80,32,84,129,5"/><T13/><D119/><U23/><E111/><V101/><F132/><W88/><G68/><T61/><D37/><U116/><E3/><V63/><F77/><W10/><G109/><T7/><D108/><U120/><E116/><V4/><F4/><W57/><G133/><N who="0" m="50699" /><D33/><U8/><E120/><V94/><F38/><W60/><G10/><N who="0" m="4319" /><D87/><U65/><E8/><V81/><F81/><N who="3" m="49167" /><G32/><T42/><D42/><U0/><E0/><V24/><F75/><W14/><G2/><T106/><D106/><U76/><E34/><V21/><F72/><W48/><G48/><T66/><D54/><AGARI ba="1,0" hai="5,9,14,54,57,60,80,83,128,129,130" m="49167" machi="54" ten="30,2000,0" yaku="19,1,54,1" doraHai="28" who="3" fromWho="0" sc="430,-23,190,0,190,0,190,23" /><INIT seed="1,0,0,0,1,12" ten="407,190,190,213" oya="1" hai0="117,59,36,123,86,84,131,30,104,93,15,55,3" hai1="48,22,102,89,106,8,41,43,124,63,130,90,109" hai2="57,110,19,1,71,113,45,94,67,27,24,73,87" hai3="54,127,116,114,98,96,6,7,14,122,52,65,120"/><U0/><E124/><V34/><F73/><W121/><G14/><T112/><D104/><U75/><E75/><V100/><F1/><W4/><G65/><T69/><D3/><U28/><E130/><V129/><F71/><W99/><G127/><T18/><D69/><U81/><E106/><V66/><F110/><W74/><G74/><T13/><D36/><U111/><E102/><V21/><F45/><W23/><G23/><T33/><D13/><U95/><E63/><V39/><F39/><W62/><G62/><T77/><D77/><U68/><E68/><V60/><F129/><W107/><G107/><T16/><D117/><U61/><E61/><V50/><F50/><W64/><G64/><T126/><D112/><U101/><E8/><V32/><F66/><W44/><G44/><T25/><D123/><U79/><E0/><V47/><F47/><W134/><G134/><T20/><D126/><U70/><E70/><V49/><F49/><W91/><G91/><N who="1" m="34826" /><E48/><V118/><F118/><W72/><G72/><T29/><D33/><U133/><E133/><V26/><F113/><W97/><N who="3" m="24576" /><DORA hai="85" /><W35/><G116/><T115/><D115/><U58/><E101/><V80/><F100/><W125/><G114/><T42/><D131/><U119/><E119/><V40/><F34/><W83/><G125/><T2/><D2/><U88/><E79/><N who="2" m="46495" /><F32/><W108/><G35/><T9/><D93/><U53/><E95/><V76/><F94/><W51/><G51/><N who="0" m="31231" /><D42/><N who="1" m="15883" /><E111/><V10/><F76/><W56/><G108/><T105/><D105/><U37/><E109/><V103/><F103/><RYUUKYOKU ba="0,0" sc="407,30,190,-10,190,-10,213,-10" hai0="9,15,16,18,20,25,29,30,84,86" /><INIT seed="2,1,0,5,4,42" ten="437,180,180,203" oya="2" hai0="54,22,41,33,23,95,58,123,100,11,39,107,87" hai1="121,17,135,91,116,21,69,81,70,86,122,52,26" hai2="106,67,2,96,29,36,71,5,32,93,77,49,113" hai3="111,84,94,125,18,103,92,76,43,80,78,132,44"/><V6/><F36/><W63/><G125/><T99/><D33/><U10/><E116/><V60/><F113/><W66/><G132/><T0/><D123/><U128/><E135/><V35/><F2/><W62/><G111/><T51/><D41/><U97/><E128/><V118/><F118/><W64/><G18/><T104/><D39/><U12/><E97/><V79/><F32/><W65/><G76/><T68/><D68/><U16/><REACH who="1" step="1"/><E52/><REACH who="1" ten="437,170,180,203" step="2"/><V59/><F77/><W75/><G103/><T74/><D54/><U27/><E27/><N who="2" m="18879" /><F79/><W120/><G120/><AGARI ba="1,1" hai="10,12,16,17,21,26,69,70,81,86,91,120,121,122" machi="120" ten="40,5200,0" yaku="1,1,13,1,54,1,53,0" doraHai="42" doraHaiUra="30" who="1" fromWho="3" sc="437,0,170,65,180,0,203,-55" /><INIT seed="3,0,0,3,0,46" ten="437,235,180,148" oya="3" hai0="117,18,78,31,84,111,123,89,23,74,66,34,6" hai1="125,60,32,129,11,2,26,44,59,43,130,42,27" hai2="36,29,37,101,12,58,105,73,71,98,62,77,55" hai3="86,97,124,13,95,88,3,131,65,132,68,134,16"/><W33/><G3/><T30/><D6/><U114/><E32/><V118/><F118/><W48/><G33/><T50/><D34/><U93/><E114/><V15/><F73/><W63/><G124/><T80/><D111/><U76/><E125/><V87/><F77/><W52/><G97/><T102/><D123/><U56/><E76/><V51/><F87/><W19/><G131/><N who="1" m="50186" /><E93/><V103/><F103/><W7/><G7/><T75/><D75/><U21/><E60/><V10/><F29/><W4/><G4/><T106/><D50/><N who="1" m="26903" /><E43/><V81/><F81/><W17/><REACH who="3" step="1"/><G13/><REACH who="3" ten="437,235,180,138" step="2"/><T41/><D117/><U49/><E2/><V126/><F126/><W39/><G39/><T135/><D106/><U127/><E127/><V61/><F15/><W122/><G122/><T72/><D102/><U5/><E5/><V100/><F100/><W25/><G25/><T90/><D72/><U116/><E26/><V22/><F37/><W115/><G115/><T107/><D74/><U99/><E99/><V133/><F36/><W79/><G79/><T24/><D107/><U82/><E27/><V40/><F105/><W64/><G64/><T94/><D66/><U91/><E116/><V57/><F101/><W9/><G9/><T0/><D0/><U112/><E11/><V92/><F98/><W14/><G14/><T35/><D35/><U109/><E112/><V47/><F10/><W69/><G69/><T28/><D78/><U120/><E120/><V8/><F71/><W119/><G119/><T121/><D121/><U54/><E21/><V53/><F8/><W96/><G96/><RYUUKYOKU ba="0,1" sc="437,-10,235,-10,180,-10,138,30" hai3="16,17,19,48,52,63,65,68,86,88,95,132,134" /><INIT seed="3,1,1,1,2,10" ten="427,225,170,168" oya="3" hai0="103,36,110,83,62,94,1,106,108,37,115,73,25" hai1="30,54,80,95,125,16,32,67,68,43,82,35,23" hai2="14,99,129,98,58,100,119,7,92,102,46,45,93" hai3="60,18,107,33,40,24,0,113,55,13,41,19,27"/><W118/><G0/><T64/><D106/><U8/><E43/><N who="3" m="16458" /><G107/><T50/><D1/><U120/><E120/><V65/><F129/><W128/><G33/><T31/><D50/><U6/><E125/><V38/><F38/><W47/><G113/><T9/><D9/><U5/><E5/><V90/><F119/><W44/><G118/><T123/><D123/><U117/><E117/><V132/><F132/><W29/><G128/><T96/><D115/><U71/><E54/><V28/><F28/><W109/><G109/><N who="0" m="42091" /><D83/><U3/><E95/><V77/><F77/><W86/><G86/><T76/><D76/><U130/><E35/><V2/><F2/><W52/><G29/><T12/><D73/><U124/><E124/><V111/><F90/><W126/><G126/><T15/><D37/><U114/><E114/><V89/><F89/><W81/><G81/><N who="1" m="31338" /><E67/><V20/><F111/><W75/><G75/><T122/><D36/><U84/><E84/><V112/><F112/><W59/><G55/><T101/><D101/><U56/><E130/><V34/><F34/><W4/><G4/><T61/><D122/><U49/><E30/><V53/><F65/><W105/><G19/><T104/><D104/><U87/><E32/><V26/><F7/><W11/><G105/><T78/><D78/><U17/><E17/><N who="2" m="10295" /><F26/><AGARI ba="1,1" hai="11,13,18,24,26,27,44,47,52,59,60" m="16458" machi="26" ten="30,5800,0" yaku="8,1,52,1,54,1" doraHai="10" who="3" fromWho="2" sc="427,0,225,0,170,-61,168,71" /><INIT seed="3,2,0,2,2,129" ten="427,225,109,239" oya="3" hai0="38,79,13,67,80,63,21,125,123,36,127,39,66" hai1="56,59,53,84,30,91,93,23,100,95,131,68,86" hai2="118,132,101,108,107,40,109,81,18,46,29,77,105" hai3="135,103,50,98,122,72,4,10,57,8,14,115,58"/><W28/><G72/><T16/><D123/><U116/><E68/><V51/><F118/><W22/><G122/><T65/><REACH who="0" step="1"/><D63/><REACH who="0" ten="417,225,109,239" step="2"/><U69/><E116/><V52/><F108/><W128/><G128/><T41/><D41/><U19/><E131/><V76/><F109/><W126/><G115/><T112/><D112/><U3/><E69/><V82/><F29/><W110/><G110/><T11/><D11/><U25/><E30/><V32/><F32/><W49/><G10/><T31/><D31/><U48/><E3/><V5/><F5/><W20/><G28/><T83/><D83/><U62/><E100/><V24/><F101/><W55/><G126/><T119/><D119/><U92/><REACH who="1" step="1"/><E86/><AGARI ba="2,1" hai="13,16,21,36,38,39,65,66,67,79,80,86,125,127" machi="86" ten="50,3200,0" yaku="1,1,54,1,53,0" doraHai="129" doraHaiUra="124" who="0" fromWho="1" sc="417,48,225,-38,109,0,239,0" /><INIT seed="4,0,0,4,3,13" ten="465,187,109,239" oya="0" hai0="76,119,16,12,65,64,56,135,89,95,97,98,96" hai1="81,116,75,122,33,24,80,53,73,3,99,85,109" hai2="86,79,2,107,6,61,17,48,102,114,130,132,129" hai3="67,1,84,70,82,42,68,104,77,54,105,134,111"/><T127/><D127/><U23/><E3/><V51/><F114/><W123/><G111/><T31/><D135/><U21/><E116/><V115/><F115/><W63/><G1/><T124/><D124/><U69/><E69/><V45/><F107/><W26/><G134/><T87/><D119/><U106/><E122/><V103/><F61/><W120/><G42/><T90/><D76/><U46/><E33/><V94/><F2/><W10/><G10/><N who="0" m="6167" /><D31/><U71/><E71/><V128/><F6/><W101/><G70/><T92/><D56/><U112/><E46/><V41/><F132/><W22/><G54/><T59/><D59/><U88/><E53/><V19/><F48/><W125/><G125/><T121/><D121/><N who="3" m="46665" /><G101/><N who="2" m="38409" /><F94/><W113/><G113/><T7/><D7/><U9/><E106/><V50/><F50/><W5/><G5/><T8/><D8/><U37/><E9/><V40/><F40/><W66/><G66/><AGARI ba="0,0" hai="64,65,66,87,89,90,92,95,96,97,98" m="6167" machi="66" ten="30,5800,0" yaku="8,1,52,1,54,1" doraHai="13" who="0" fromWho="3" sc="465,58,187,0,109,0,239,-58" /><INIT seed="4,1,0,5,2,114" ten="523,187,109,181" oya="0" hai0="113,110,88,76,111,132,91,118,61,1,51,104,35" hai1="98,10,18,69,39,99,12,107,41,27,62,34,14" hai2="48,56,11,90,77,63,80,86,128,78,123,106,13" hai3="89,75,65,81,46,17,87,74,53,112,67,135,70"/><T64/><D104/><U45/><E99/><V100/><F123/><W85/><G112/><T127/><D118/><U36/><E36/><V33/><F33/><W83/><G135/><T66/><D1/><U16/><E69/><V103/><F128/><W3/><G3/><T121/><D121/><U30/><E62/><V26/><F106/><W5/><G5/><T72/><D132/><U15/><REACH who="1" step="1"/><E18/><REACH who="1" ten="523,177,109,181" step="2"/><V2/><F103/><AGARI ba="1,1" hai="10,12,14,15,16,27,30,34,39,41,45,98,103,107" machi="103" ten="40,12000,2" yaku="1,1,2,1,54,1,53,3" doraHai="114" doraHaiUra="9" who="1" fromWho="2" sc="523,0,177,133,109,-123,181,0" owari="523,62.0,310,11.0,-14,-51.0,181,-22.0" /></mjloggm>