<mjloggm ver="2.3"><GO type="97" lobby="0"/><UN n0="%E5%B0%B1%E6%B4%BB%E7%94%9F%40%E5%B7%9D%E6%9D%91%E8%BB%8D%E5%9B%A3" n1="%E8%B2%AF%E9%AC%BC" n2="%E3%81%82%2E%E3%81%BB%E3%83%BC%E3%81%99%2E" n3="%6B%69%6E%75%68%69%6B%61" dan="14,13,15,13" rate="1943.27,1828.20,2004.41,1899.56" sx="M,M,M,M"/><TAIKYOKU oya="0"/><INIT seed="0,0,0,0,3,21" ten="250,250,250,250" oya="0" hai0="96,67,120,37,73,75,16,3,119,92,47,122,66" hai1="23,106,91,127,134,6,113,24,39,135,128,32,53" hai2="1,76,63,27,40,100,10,14,83,88,64,31,104" hai3="30,72,123,118,42,114,45,55,131,78,26,36,85"/><T121/><D119/><U117/><E117/><V125/><F125/><W15/><G123/><T43/><D3/><U81/><E106/><V69/><F1/><W54/><G118/><T29/><D29/><U65/><E32/><V94/><F40/><W132/><G114/><T112/><D112/><U86/><E39/><V98/><F76/><W58/><G132/><T62/><D67/><U80/><E127/><V2/><F2/><W74/><G131/><T70/><REACH who="0" step="1"/><D16/><REACH who="0" ten="240,250,250,250" step="2"/><N who="1" m="12391" /><E113/><V129/><F129/><W41/><G74/><T102/><AGARI ba="0,1" hai="37,43,47,62,66,70,73,75,92,96,102,120,121,122" machi="102" ten="30,6000,0" yaku="1,1,0,1,53,1" doraHai="21" doraHaiUra="90" who="0" fromWho="0" sc="240,70,250,-20,250,-20,250,-20" /><INIT seed="0,1,0,3,4,55" ten="310,230,230,230" oya="0" hai0="105,116,52,67,128,25,9,45,20,38,97,114,111" hai1="22,93,18,50,41,37,64,19,30,90,88,69,49" hai2="110,81,4,23,24,86,32,34,78,56,83,70,85" hai3="35,28,42,113,122,94,95,125,21,135,39,132,3"/><T47/><D116/><U66/><E69/><V92/><F70/><W62/><G113/><T91/><D114/><U61/><E37/><V118/><F118/><W73/><G35/><T51/><D128/><U13/><E30/><V40/><F40/><W117/><G117/><T124/><D124/><U0/><E0/><V109/><F4/><W44/><G122/><T104/><D67/><U46/><E90/><V12/><F12/><W7/><G125/><T89/><D111/><N who="2" m="42506" /><F92/><W101/><G101/><T74/><D74/><U84/><E50/><V106/><F106/><W107/><G107/><T120/><D120/><U58/><E19/><N who="2" m="12415" /><F56/><W134/><G73/><T16/><D9/><U133/><E133/><V11/><F11/><N who="3" m="2559" /><G62/><T87/><D97/><U1/><E1/><V130/><F130/><W76/><G76/><AGARI ba="1,0" hai="32,34,76,78,81,83,85,86" m="12415,42506" machi="76" ten="30,1000,0" yaku="14,1" doraHai="55" who="2" fromWho="3" sc="310,0,230,0,230,13,230,-13" /><INIT seed="1,0,0,2,5,76" ten="310,230,243,217" oya="1" hai0="91,43,119,129,47,28,75,73,116,90,88,94,134" hai1="41,40,123,42,68,7,108,122,16,8,31,103,48" hai2="56,96,59,80,51,72,98,115,133,0,92,52,12" hai3="79,110,26,127,39,109,113,124,2,11,20,3,10"/><U100/><E68/><V99/><F0/><N who="3" m="43" /><G39/><T87/><D129/><U120/><E31/><V22/><F115/><W1/><N who="3" m="51" /><W13/><DORA hai="50" /><G79/><T23/><D134/><U63/><E7/><V44/><F133/><W111/><G113/><T30/><D75/><U130/><E130/><V82/><F72/><W45/><G45/><T34/><D73/><U101/><E48/><V102/><F92/><W46/><G46/><T107/><D107/><U37/><E37/><V112/><F112/><W126/><G13/><T89/><D34/><U86/><E108/><N who="3" m="27650" /><W19/><AGARI ba="0,0" hai="10,11,19,20,26,124,126,127" m="27650,51" machi="19" ten="70,8000,1" yaku="4,1,18,1,14,1,34,2" doraHai="76,50" who="3" fromWho="3" sc="310,-20,230,-40,243,-20,217,80" /><INIT seed="2,0,0,3,3,135" ten="290,190,223,297" oya="2" hai0="48,106,110,113,122,44,5,117,101,116,39,100,34" hai1="15,70,111,79,28,127,18,85,87,108,21,82,105" hai2="2,11,102,50,59,80,66,74,55,81,96,72,14" hai3="24,99,129,36,131,109,75,47,54,62,3,27,46"/><V133/><F2/><W30/><G75/><T1/><D34/><U89/><E105/><V6/><F133/><W84/><G3/><T71/><D71/><U58/><E70/><V123/><F123/><W92/><G36/><T119/><D122/><U20/><E58/><V25/><F25/><W112/><G84/><T97/><D113/><U114/><E114/><V126/><F126/><W90/><G112/><T65/><D110/><U41/><E41/><V16/><F6/><W40/><G109/><N who="1" m="42058" /><E28/><V37/><F37/><W93/><G93/><T103/><D39/><U94/><E21/><V31/><F31/><W63/><G63/><T8/><REACH who="0" step="1"/><D65/><REACH who="0" ten="280,190,223,297" step="2"/><U13/><E127/><V77/><F66/><W68/><G27/><AGARI ba="0,1" hai="13,15,18,20,27,79,82,85,87,89,94" m="42058" machi="27" ten="30,1000,0" yaku="14,1" doraHai="135" who="1" fromWho="3" sc="280,0,190,20,223,0,297,-10" /><INIT seed="3,0,0,3,5,51" ten="280,210,223,287" oya="3" hai0="52,73,5,109,65,117,58,18,0,60,56,4,26" hai1="16,110,7,121,61,1,100,10,92,131,28,114,132" hai2="84,53,36,72,31,107,45,71,50,33,133,43,98" hai3="20,2,17,62,66,102,54,125,105,104,103,76,30"/><W127/><G2/><T14/><D117/><U32/><E121/><V55/><F72/><W37/><G37/><T22/><D73/><U89/><E114/><V90/><F71/><W87/><G87/><T78/><BYE who="3" /><D109/><U12/><E110/><V40/><F133/><W38/><G38/><T68/><D78/><U48/><E131/><V129/><F129/><W63/><G63/><N who="0" m="36231" /><D68/><U11/><E100/><V123/><F123/><W6/><G6/><N who="0" m="2667" /><D0/><U85/><E132/><V130/><F130/><W42/><G42/><T80/><D80/><U101/><E101/><V39/><F107/><W88/><G88/><T113/><D113/><U21/><E11/><V135/><F135/><W108/><G108/><T119/><D119/><U8/><E8/><V95/><F33/><W81/><G81/><T120/><D120/><U27/><E48/><N who="2" m="28815" /><F39/><W118/><G118/><T3/><D3/><U41/><E61/><V64/><F64/><W13/><G13/><AGARI ba="0,0" hai="13,14,18,22,26,58,60,65" m="2667,36231" machi="13" ten="30,3900,0" yaku="8,1,52,1,54,1" doraHai="51" who="0" fromWho="3" sc="280,39,210,0,223,0,287,-39" owari="319,42.0,210,-29.0,223,-18.0,248,5.0" /></mjloggm>