<mjloggm ver="2.3"><GO type="225" lobby="0"/><UN n0="%E3%83%91%E3%82%B7%E3%83%AA%EF%BC%A0%E5%B7%9D%E6%9D%91%E8%BB%8D%E5%9B%A3" n1="%E3%83%88%E3%83%88%E3%83%AA%E5%85%88%E7%94%9F%31%39%E6%AD%B3" n2="%E4%BC%9D%E8%AA%AC%E3%81%AE%E3%81%B2%E3%82%88%E3%81%93" n3="%E3%81%AA%E3%81%A3%E3%81%8D%E3%82%8A" dan="16,16,16,17" rate="2072.76,2176.80,2141.68,2177.58" sx="M,F,F,M"/><TAIKYOKU oya="0"/><INIT seed="0,0,0,1,5,128" ten="250,250,250,250" oya="0" hai0="7,113,77,80,118,39,93,72,48,59,9,3,101" hai1="71,81,28,55,90,12,115,74,102,1,17,56,67" hai2="107,11,127,133,88,16,38,131,84,129,65,34,33" hai3="29,117,62,53,51,50,40,69,41,25,15,76,43"/><T64/><D113/><U75/><E1/><V14/><F107/><W95/><G117/><T126/><D118/><U109/><E115/><V60/><F38/><W63/><G76/><T123/><D123/><U47/><E109/><V106/><F106/><W18/><G69/><T111/><D111/><U82/><E102/><V135/><F127/><W5/><G5/><T96/><D126/><U119/><E119/><V27/><F27/><W68/><G68/><T4/><D4/><U116/><E116/><V87/><F87/><W66/><G66/><T35/><D35/><U94/><E47/><V44/><F44/><N who="3" m="27879" /><G50/><T49/><REACH who="0" step="1"/><D39/><REACH who="0" ten="240,250,250,250" step="2"/><U134/><E134/><N who="2" m="51211" /><F33/><W125/><G125/><T114/><D114/><U78/><E74/><V57/><F34/><W32/><G32/><T21/><D21/><U124/><E75/><V61/><F61/><AGARI ba="0,1" hai="3,7,9,48,49,59,61,64,72,77,80,93,96,101" machi="61" ten="40,2000,0" yaku="1,1,53,0" doraHai="128" doraHaiUra="85" who="0" fromWho="2" sc="240,30,250,0,250,-20,250,0" /><INIT seed="0,1,0,1,0,66" ten="270,250,230,250" oya="0" hai0="25,32,23,119,94,14,81,19,57,46,80,34,125" hai1="107,76,42,85,74,26,35,5,78,104,123,7,62" hai2="77,115,109,86,89,75,33,56,92,11,3,16,36" hai3="12,69,48,1,133,100,103,8,129,59,98,40,55"/><T134/><D119/><U29/><E123/><V120/><F120/><W28/><G133/><T135/><D125/><U30/><E74/><V65/><F36/><W63/><G129/><T37/><D57/><U49/><E42/><V84/><F75/><W102/><G1/><T95/><D37/><U82/><E49/><V10/><F33/><N who="0" m="12906" /><D46/><U108/><E108/><V18/><F109/><W131/><G131/><T122/><D122/><U116/><E116/><V70/><F70/><W4/><G28/><T51/><D51/><U0/><E30/><V99/><F115/><W128/><G128/><T112/><D112/><U114/><E114/><V72/><F72/><W24/><G24/><T2/><D2/><U90/><E0/><V39/><F39/><W105/><REACH who="3" step="1"/><G40/><REACH who="3" ten="270,250,230,240" step="2"/><T27/><D27/><U41/><E41/><V64/><F3/><W124/><G124/><T60/><D25/><U87/><E26/><V96/><F77/><W79/><G79/><T53/><D135/><U132/><E132/><V45/><F89/><W83/><G83/><T15/><D81/><N who="1" m="49519" /><E29/><V106/><F106/><N who="1" m="40489" /><E35/><V9/><F92/><W6/><G6/><T71/><D95/><U126/><E76/><V61/><F99/><W22/><G22/><T127/><D23/><U44/><E126/><V88/><F9/><W68/><G68/><T20/><D71/><U67/><E7/><V54/><F11/><W13/><G13/><T118/><D15/><U58/><E5/><V73/><F10/><W31/><G31/><T38/><D127/><U101/><E101/><V130/><F130/><W93/><G93/><RYUUKYOKU ba="1,1" sc="270,-15,250,15,230,-15,240,15" hai1="44,58,62,67,78,82,85" hai3="4,8,12,48,55,59,63,69,98,100,102,103,105" /><INIT seed="1,2,1,1,2,64" ten="255,265,215,255" oya="1" hai0="11,81,66,90,36,12,99,35,100,88,75,133,58" hai1="105,14,16,122,84,68,18,30,70,86,115,15,120" hai2="126,95,42,10,98,3,59,23,56,130,78,49,61" hai3="46,65,83,117,13,103,31,109,110,54,102,28,25"/><U47/><E115/><V97/><F130/><W34/><G117/><T107/><D35/><U4/><E47/><V92/><F126/><W106/><G31/><T74/><D36/><U87/><E30/><V112/><F112/><W72/><G65/><T123/><D133/><U33/><E4/><V82/><F3/><W26/><G26/><T0/><D0/><U24/><E24/><V128/><F128/><W89/><G13/><N who="1" m="4618" /><E105/><V57/><F10/><W39/><G106/><T45/><D45/><U76/><E76/><V32/><F23/><W9/><G9/><T17/><D123/><N who="1" m="47147" /><E33/><V20/><F20/><W91/><G91/><T85/><REACH who="0" step="1"/><D90/><REACH who="0" ten="245,265,215,255" step="2"/><U116/><E116/><V6/><F32/><W44/><G89/><T37/><D37/><U113/><E113/><V134/><F134/><W55/><G39/><T118/><D118/><U62/><E62/><AGARI ba="2,2" hai="11,12,17,58,62,66,74,75,81,85,88,99,100,107" machi="62" ten="40,2600,0" yaku="1,1,54,1,53,0" doraHai="64" doraHaiUra="27" who="0" fromWho="1" sc="245,52,265,-32,215,0,255,0" /><INIT seed="2,0,0,3,2,27" ten="297,233,215,255" oya="2" hai0="34,102,71,59,127,83,135,112,77,106,79,76,88" hai1="93,7,114,96,11,57,16,50,49,45,13,110,21" hai2="118,14,52,35,92,90,47,75,9,26,8,41,40" hai3="133,134,121,129,91,62,44,123,84,22,87,73,31"/><V98/><F118/><W4/><G73/><T126/><D71/><U20/><E114/><V15/><F75/><W103/><G103/><T131/><D112/><U94/><E110/><V42/><F35/><W19/><G4/><T111/><D34/><U30/><E30/><V39/><F39/><W68/><G68/><T104/><D59/><U107/><E107/><N who="0" m="41001" /><D111/><U33/><E33/><V89/><F26/><N who="3" m="16855" /><G129/><T53/><D53/><N who="1" m="31927" /><E7/><V32/><F32/><W36/><G62/><T66/><D102/><N who="1" m="60687" /><E94/><N who="2" m="56655" /><F8/><W51/><G36/><T17/><D131/><U63/><E63/><V124/><F124/><W56/><G56/><T61/><D61/><U69/><E69/><V54/><F47/><W5/><G19/><T120/><D66/><U46/><E46/><V99/><F15/><W18/><G18/><AGARI ba="0,0" hai="9,14,18,40,41,42,52,54,90,92,99" m="56655" machi="18" ten="30,2900,0" yaku="8,1,54,1" doraHai="27" who="2" fromWho="3" sc="297,0,233,0,215,29,255,-29" /><INIT seed="2,1,0,3,1,77" ten="297,233,244,226" oya="2" hai0="79,9,1,67,105,22,10,109,3,93,11,87,49" hai1="0,19,99,123,33,31,95,34,131,56,85,29,91" hai2="135,106,47,116,63,115,27,39,90,12,41,125,107" hai3="81,132,133,13,66,40,30,55,4,17,52,112,126"/><V113/><F116/><W21/><G126/><T71/><D105/><U86/><E0/><V23/><F125/><W88/><G112/><T62/><D109/><U84/><E131/><V69/><F135/><N who="3" m="51787" /><G66/><T64/><D64/><U43/><E123/><V5/><F106/><W110/><G110/><T80/><D22/><U122/><E122/><V18/><F107/><W48/><G4/><T92/><D49/><U72/><E72/><V38/><F38/><W42/><G30/><N who="1" m="11274" /><E34/><V54/><F69/><W2/><G2/><T57/><D71/><U104/><E104/><V134/><F134/><W97/><G97/><T24/><D24/><U65/><E33/><V114/><F90/><W102/><G102/><T25/><D25/><U94/><E43/><N who="3" m="16426" /><G48/><T50/><D50/><U103/><E19/><V36/><F36/><W124/><G124/><T128/><D128/><U73/><E73/><V120/><F120/><W127/><G127/><T61/><D61/><AGARI ba="1,0" hai="56,61,65,84,85,86,91,94,95,99,103" m="11274" machi="61" ten="30,1000,0" yaku="8,1" doraHai="77" who="1" fromWho="0" sc="297,-13,233,13,244,0,226,0" /><INIT seed="3,0,0,1,2,25" ten="284,246,244,226" oya="3" hai0="3,24,120,50,80,53,48,117,82,110,0,12,132" hai1="11,79,71,127,83,112,63,109,122,129,108,97,88" hai2="9,58,111,17,72,67,49,21,70,27,113,47,130" hai3="22,73,94,26,54,124,8,4,85,60,43,68,41"/><W77/><G73/><T107/><D120/><U105/><E11/><V90/><F113/><W103/><G124/><T37/><D37/><U10/><E10/><V36/><F72/><W31/><G103/><T100/><D117/><U114/><E63/><V32/><F130/><W28/><G28/><T104/><D12/><U7/><E71/><V134/><F134/><W34/><G34/><T116/><D116/><U86/><E7/><V74/><F74/><W15/><G68/><T62/><D62/><U118/><E122/><V2/><F32/><W69/><G69/><T42/><D24/><U87/><E118/><V89/><F36/><W64/><G64/><T133/><D53/><U96/><E129/><V126/><F126/><W33/><G33/><T55/><D55/><U102/><E96/><V6/><F70/><W84/><G84/><T66/><D66/><U123/><E127/><V75/><F75/><W76/><G94/><T101/><D42/><N who="3" m="15881" /><G85/><T81/><D81/><N who="1" m="49231" /><E123/><V115/><F115/><AGARI ba="0,0" hai="79,83,87,97,102,105,108,109,112,114,115" m="49231" machi="115" ten="30,3900,0" yaku="34,2,54,1" doraHai="25" who="1" fromWho="2" sc="284,0,246,39,244,-39,226,0" /><INIT seed="4,0,0,2,5,105" ten="284,285,205,226" oya="0" hai0="134,116,10,12,84,71,41,80,48,76,31,81,96" hai1="99,110,42,4,66,53,49,121,58,40,69,51,64" hai2="33,0,55,82,59,87,16,35,8,61,62,24,1" hai3="2,89,57,30,102,131,100,68,120,77,18,26,29"/><T72/><D116/><U95/><E121/><V79/><F61/><W11/><G68/><T32/><D71/><U108/><E4/><V14/><REACH who="2" step="1"/><F24/><REACH who="2" ten="284,285,195,226" step="2"/><W9/><G26/><T44/><D134/><U97/><E108/><V126/><F126/><W38/><G30/><T54/><D31/><U112/><E110/><V109/><F109/><W124/><G29/><T28/><D28/><U129/><E69/><V122/><F122/><W20/><G120/><T13/><D32/><AGARI ba="0,1" hai="0,1,8,14,16,32,33,35,55,59,62,79,82,87" machi="32" ten="40,2600,0" yaku="1,1,54,1,53,0" doraHai="105" doraHaiUra="125" who="2" fromWho="0" sc="284,-26,285,0,195,36,226,0" /><INIT seed="5,0,0,2,4,128" ten="258,285,231,226" oya="1" hai0="0,2,118,77,119,135,73,71,37,47,9,107,27" hai1="66,81,31,92,83,113,3,53,22,105,51,12,23" hai2="67,86,16,87,56,88,131,13,58,126,76,116,85" hai3="93,100,106,64,41,38,115,15,30,8,32,54,7"/><U24/><E105/><V6/><F116/><W111/><G111/><T29/><D71/><U108/><E3/><V102/><F102/><W89/><G115/><T125/><D107/><U43/><E113/><V84/><F131/><W114/><G114/><T80/><D125/><U65/><E43/><V95/><F126/><W63/><G32/><N who="0" m="20543" /><D135/><U101/><E108/><V129/><F129/><W39/><G41/><N who="0" m="22959" /><D0/><U11/><E22/><N who="2" m="11535" /><F6/><AGARI ba="0,0" hai="2,6,9,73,77,80,118,119" m="22959,20543" machi="6" ten="30,2000,0" yaku="25,1,23,1" doraHai="128" who="0" fromWho="2" sc="258,20,285,0,231,-20,226,0" /><INIT seed="6,0,0,1,2,101" ten="278,285,211,226" oya="2" hai0="41,34,97,116,92,24,77,66,120,39,111,130,76" hai1="56,70,45,126,99,71,9,118,82,63,59,60,86" hai2="123,44,40,48,10,38,102,31,112,84,108,23,35" hai3="132,134,22,131,57,81,115,16,4,32,129,5,61"/><V52/><F123/><W1/><G32/><T51/><D111/><U36/><E118/><V68/><F35/><W98/><G81/><T46/><D120/><U104/><E126/><V62/><F108/><W21/><G115/><T19/><D66/><U75/><E75/><V106/><F10/><N who="3" m="2319" /><G5/><T107/><D130/><N who="3" m="49673" /><G98/><T109/><D107/><U15/><E104/><V85/><F112/><W33/><G33/><T12/><D39/><U3/><E99/><N who="2" m="61791" /><F23/><W79/><G79/><T122/><D122/><U14/><E3/><V73/><F31/><W47/><G47/><T27/><D109/><U93/><E45/><V20/><F20/><W69/><G69/><T88/><D116/><U95/><E36/><V124/><F73/><W67/><G22/><N who="0" m="11623" /><D34/><U121/><E121/><V91/><F91/><W72/><G72/><T100/><D100/><U8/><E71/><V110/><F110/><W49/><G49/><T50/><D50/><U64/><E70/><V28/><F28/><W74/><G74/><T0/><D0/><U37/><E37/><V133/><F133/><W119/><G119/><T11/><D11/><N who="1" m="4171" /><E14/><AGARI ba="0,0" hai="14,16,21,57,61,67,132,134" m="49673,2319" machi="14" ten="30,2000,0" yaku="19,1,54,1" doraHai="101" who="3" fromWho="1" sc="278,0,285,-20,211,0,226,20" /><INIT seed="7,0,0,4,0,10" ten="278,265,211,246" oya="3" hai0="38,42,92,11,17,62,132,79,0,67,74,91,12" hai1="89,103,87,56,52,18,125,20,102,80,77,2,48" hai2="60,131,13,1,51,93,95,127,114,94,15,26,124" hai3="69,86,46,14,110,57,115,37,47,123,29,61,59"/><W83/><G123/><T98/><D0/><U9/><E125/><N who="2" m="48203" /><F1/><W68/><G115/><T90/><D132/><U126/><E126/><V107/><F114/><W40/><G110/><T28/><D28/><U82/><E9/><V76/><F131/><W3/><G3/><T7/><D74/><U39/><E39/><V54/><F60/><W24/><G14/><N who="2" m="5129" /><F76/><W85/><G47/><T96/><D79/><U66/><E66/><V16/><F107/><W113/><G85/><T45/><D7/><U23/><E2/><V111/><F111/><W128/><G128/><T36/><D36/><U72/><E23/><N who="2" m="13671" /><F95/><W99/><G113/><T33/><D62/><U134/><E134/><V120/><F120/><W135/><G135/><T71/><D92/><U104/><E104/><V6/><F6/><W53/><G99/><T108/><D96/><U30/><E30/><V4/><F4/><W49/><G24/><AGARI ba="0,0" hai="18,20,24,48,52,56,72,77,80,82,87,89,102,103" machi="24" ten="30,2000,0" yaku="7,1,54,1" doraHai="10" who="1" fromWho="3" sc="278,0,265,20,211,0,246,-20" owari="278,8.0,285,38.0,211,-29.0,226,-17.0" /></mjloggm>