<mjloggm ver="2.3"><GO type="169" lobby="0"/><UN n0="%4B%E3%80%82" n1="%E3%83%88%E3%83%88%E3%83%AA%E5%85%88%E7%94%9F%31%39%E6%AD%B3" n2="%E9%8A%80%E3%81%B0%E3%81%95%E3%81%BF" n3="%E3%83%AD%E3%83%B3%E3%81%AE%E5%AE%9F" dan="17,18,18,16" rate="2100.62,2268.61,2279.16,2008.52" sx="M,F,M,M"/><TAIKYOKU oya="0"/><INIT seed="0,0,0,1,2,67" ten="250,250,250,250" oya="0" hai0="8,40,76,59,91,27,65,17,109,117,41,92,44" hai1="46,131,114,13,7,18,112,90,55,51,9,96,47" hai2="15,12,20,56,45,25,85,126,63,123,52,57,110" hai3="66,36,43,2,100,125,22,128,6,74,104,79,69"/><T89/><D117/><U106/><E131/><V29/><F123/><W32/><G22/><T68/><D76/><U108/><E108/><V82/><F126/><W134/><G125/><T129/><D129/><U122/><E122/><V11/><F110/><W107/><G128/><T78/><D78/><U71/><E71/><V113/><F113/><N who="1" m="43625" /><E90/><V26/><F45/><W0/><G32/><T4/><D68/><U53/><E47/><V28/><F56/><W101/><G101/><T102/><D102/><N who="1" m="62791" /><E18/><V70/><F70/><W75/><G134/><T93/><D44/><U127/><E127/><V121/><F121/><W77/><G43/><AGARI ba="0,0" hai="7,9,13,43,46,51,53,55" m="62791,43625" machi="43" ten="30,1000,0" yaku="11,1" doraHai="67" who="1" fromWho="3" sc="250,0,250,10,250,0,250,-10" /><INIT seed="1,0,0,3,3,92" ten="250,260,250,240" oya="1" hai0="109,39,124,29,78,119,67,14,85,20,21,61,59" hai1="121,52,38,125,3,9,122,57,105,23,33,75,133" hai2="82,30,46,51,24,87,63,135,118,53,66,56,19" hai3="36,8,43,7,108,32,116,101,13,103,100,22,99"/><U95/><E33/><V129/><F135/><W1/><G32/><T44/><D119/><U128/><E105/><V70/><F129/><W106/><G116/><T94/><D124/><U60/><E38/><V64/><F118/><W131/><G131/><T104/><D104/><U102/><E128/><V134/><F134/><W15/><G108/><T115/><D115/><U10/><E133/><V48/><F19/><W93/><G106/><T132/><D132/><U34/><E34/><V83/><F87/><W123/><G123/><T4/><D39/><U42/><E42/><V58/><F70/><W74/><G74/><T71/><D71/><U26/><E75/><V97/><F97/><W84/><G84/><T11/><D44/><U62/><E125/><V2/><F2/><W98/><G22/><T28/><D109/><U127/><E127/><V55/><REACH who="2" step="1"/><F64/><REACH who="2" ten="250,260,240,240" step="2"/><W120/><G120/><T27/><D85/><U96/><E3/><V49/><F49/><W76/><G1/><T126/><D126/><U79/><E121/><V12/><F12/><W77/><G15/><T113/><D113/><U41/><E122/><V117/><F117/><W91/><G99/><T31/><D27/><U40/><E62/><V35/><AGARI ba="0,1" hai="24,30,35,46,48,51,53,55,56,58,63,66,82,83" machi="35" ten="20,2700,0" yaku="1,1,0,1,7,1,53,0" doraHai="92" doraHaiUra="16" who="2" fromWho="2" sc="250,-7,260,-13,240,37,240,-7" /><INIT seed="2,0,0,1,4,121" ten="243,247,277,233" oya="2" hai0="10,110,65,42,45,76,7,123,112,33,135,26,39" hai1="69,13,22,124,44,74,71,97,109,128,111,28,59" hai2="117,88,85,35,77,78,41,68,19,104,38,24,108" hai3="9,93,80,90,102,106,25,130,72,67,95,0,84"/><V118/><F104/><W131/><G67/><T51/><D123/><U98/><E74/><V2/><F68/><N who="1" m="26185" /><E59/><V55/><F2/><W92/><G25/><T11/><D112/><U132/><E132/><V101/><F101/><W18/><G18/><T86/><D65/><U6/><E128/><N who="3" m="49194" /><G9/><T105/><D105/><U37/><E124/><V31/><F55/><W21/><G21/><T17/><D39/><U113/><E113/><V8/><F41/><W75/><G0/><T34/><D135/><U64/><E64/><V115/><F115/><W40/><G40/><T60/><D60/><U54/><E28/><V133/><F38/><W99/><AGARI ba="0,0" hai="72,75,80,84,90,92,93,95,99,102,106" m="49194" machi="99" ten="40,5200,0" yaku="19,1,34,2" doraHai="121" who="3" fromWho="3" sc="243,-13,247,-13,277,-26,233,52" /><INIT seed="3,0,0,5,4,94" ten="230,234,251,285" oya="3" hai0="65,70,53,32,93,12,45,42,39,60,24,105,99" hai1="50,36,120,102,121,87,9,15,92,43,80,56,126" hai2="78,28,79,61,127,72,27,84,63,20,17,1,44" hai3="117,14,97,86,104,134,115,31,125,107,73,3,8"/><W10/><G73/><T66/><D66/><U35/><E35/><V129/><F72/><W124/><G115/><T109/><D109/><U37/><E126/><N who="3" m="48746" /><G117/><T101/><D12/><U18/><E37/><V4/><F127/><W26/><G134/><T131/><D131/><U25/><E36/><V68/><F129/><W57/><G86/><T40/><D40/><U0/><E0/><V110/><F110/><W128/><G128/><T111/><D111/><U96/><E25/><V88/><F44/><W34/><G57/><T112/><D112/><U7/><E18/><V62/><F68/><W69/><G69/><T2/><D2/><U83/><E83/><V64/><F64/><W6/><G97/><T100/><D100/><U71/><E71/><V118/><F118/><W77/><G77/><N who="2" m="29193" /><F1/><W47/><G47/><T48/><D93/><U108/><E108/><V122/><F122/><W51/><G51/><T67/><D67/><U74/><E74/><V38/><F38/><W13/><G3/><T58/><D32/><U106/><E106/><V98/><F4/><AGARI ba="0,0" hai="4,6,8,10,13,14,26,31,34,104,107" m="48746" machi="4" ten="30,1500,0" yaku="18,1" doraHai="94" who="3" fromWho="2" sc="230,0,234,0,251,-15,285,15" /><INIT seed="3,1,0,1,3,66" ten="230,234,236,300" oya="3" hai0="45,8,107,101,83,90,17,25,51,81,133,110,23" hai1="38,63,52,64,65,15,19,109,106,122,111,115,135" hai2="56,131,130,54,30,85,71,55,78,96,22,12,68" hai3="120,49,1,4,128,50,114,44,105,13,108,89,20"/><W72/><G72/><T18/><D110/><N who="1" m="41995" /><E122/><V74/><F74/><W16/><G120/><T86/><D133/><U42/><E115/><V125/><F96/><W6/><G114/><T57/><D107/><U46/><E106/><V82/><F125/><W94/><G105/><T126/><D101/><U70/><E135/><V116/><F116/><W98/><G108/><T80/><D126/><U53/><E65/><V79/><F79/><W62/><G128/><N who="2" m="49193" /><F55/><W117/><G117/><T119/><D57/><U132/><E132/><V87/><F87/><W100/><G62/><T118/><D118/><U37/><E37/><V41/><F41/><W26/><G1/><T121/><D121/><U58/><E58/><V102/><F102/><W61/><G61/><T47/><D119/><U99/><E99/><V97/><F97/><W77/><G77/><T113/><D113/><U95/><E95/><V9/><F22/><AGARI ba="1,0" hai="15,19,22,38,42,46,52,53,63,64,70" m="41995" machi="22" ten="30,3900,0" yaku="14,1,52,1,54,1" doraHai="66" who="1" fromWho="2" sc="230,0,234,42,236,-42,300,0" /><INIT seed="4,0,0,5,2,13" ten="230,276,194,300" oya="0" hai0="92,38,24,21,37,68,131,102,63,32,86,120,56" hai1="43,42,82,78,90,113,81,121,16,101,72,104,47" hai2="123,45,31,66,27,36,49,111,17,60,96,9,112" hai3="108,83,91,61,52,130,85,89,74,95,69,100,26"/><T79/><D120/><U4/><E121/><V11/><F123/><W7/><G108/><T15/><D68/><U126/><E126/><V88/><F111/><W109/><G109/><T28/><D131/><U39/><E113/><V116/><F36/><W50/><G7/><T134/><D134/><U14/><E4/><V5/><F112/><W33/><G74/><T23/><D79/><U77/><E42/><V59/><F116/><W53/><G100/><T110/><D110/><U3/><E3/><V119/><F119/><W58/><G69/><T107/><D107/><U87/><E101/><V80/><F5/><W118/><G118/><T44/><D44/><U2/><E104/><V127/><F127/><W117/><G117/><T12/><D32/><U94/><E2/><V73/><F73/><W29/><G130/><T103/><D38/><U70/><E70/><V22/><F31/><W124/><G124/><T129/><D37/><U1/><E1/><V35/><F35/><W71/><G71/><T34/><D34/><U65/><E65/><V40/><F96/><W125/><G125/><T10/><D129/><U54/><E54/><V25/><F25/><W128/><G128/><T51/><D51/><U0/><E0/><V48/><REACH who="2" step="1"/><F49/><REACH who="2" ten="230,276,184,300" step="2"/><W105/><G50/><T122/><D122/><U133/><E133/><V8/><F8/><W64/><G105/><T20/><D28/><U98/><E14/><N who="0" m="5161" /><D24/><U46/><E72/><V30/><F30/><W114/><G114/><T135/><D135/><U57/><E39/><V99/><F99/><AGARI ba="0,1" hai="26,29,33,52,53,58,61,64,83,85,89,91,95,99" machi="99" ten="30,2000,0" yaku="7,1,54,1" doraHai="13" who="3" fromWho="2" sc="230,0,276,0,184,-20,300,30" /><INIT seed="5,0,0,5,0,23" ten="230,276,164,330" oya="1" hai0="135,129,77,65,110,48,121,117,12,115,62,46,55" hai1="67,125,92,0,85,101,49,35,91,79,72,31,118" hai2="114,127,38,86,124,97,1,105,51,126,58,107,56" hai3="44,4,106,104,102,6,134,14,28,123,120,73,24"/><U3/><E118/><V57/><F38/><W100/><G73/><T128/><D110/><U47/><E125/><V21/><F1/><W52/><G134/><T29/><D117/><U70/><E101/><V36/><F36/><W33/><G123/><T108/><D108/><U75/><E67/><V42/><F114/><W94/><G120/><T63/><D121/><U116/><E70/><V89/><F97/><W13/><G106/><T109/><D109/><U76/><E116/><V59/><N who="2" m="14848" /><DORA hai="43" /><V15/><F15/><W83/><G83/><T112/><D135/><U41/><E75/><V61/><F61/><N who="0" m="23050" /><D77/><U103/><E103/><V82/><REACH who="2" step="1"/><F21/><REACH who="2" ten="230,276,154,330" step="2"/><W50/><G104/><T19/><D65/><U2/><E2/><V81/><F81/><W71/><G13/><T39/><D39/><U96/><E3/><V30/><F30/><W80/><G14/><T78/><D29/><U68/><E0/><V45/><AGARI ba="0,1" hai="42,45,51,82,86,89,105,107,124,126,127" m="14848" machi="45" ten="50,8000,1" yaku="1,1,0,1,18,1,52,1,53,0" doraHai="23,43" doraHaiUra="8,10" who="2" fromWho="2" sc="230,-20,276,-40,154,90,330,-20" /><INIT seed="6,0,0,1,3,14" ten="210,236,244,310" oya="2" hai0="72,102,33,41,31,35,10,57,135,32,13,8,129" hai1="90,123,81,40,112,66,134,30,34,62,101,105,29" hai2="45,80,109,24,132,92,130,107,0,88,104,108,12" hai3="110,23,48,58,22,99,91,27,47,60,114,56,1"/><V26/><F0/><W87/><G1/><T79/><D102/><U74/><E112/><V103/><F132/><W18/><G110/><N who="2" m="42601" /><F130/><W50/><G99/><T67/><D135/><U131/><E134/><V38/><F80/><W16/><G114/><T115/><D115/><U53/><E81/><V113/><F113/><W94/><G58/><T17/><D129/><U61/><E123/><V68/><F68/><W126/><G126/><T3/><D41/><U75/><E75/><V39/><F12/><N who="3" m="9479" /><G47/><T46/><D46/><U54/><E74/><V9/><F9/><W44/><G44/><T122/><D122/><U116/><E116/><V5/><F5/><W65/><AGARI ba="0,0" hai="18,23,27,48,50,56,60,65,87,91,94" m="9479" machi="65" ten="30,7900,0" yaku="8,1,52,2,54,1" doraHai="14" who="3" fromWho="3" sc="210,-20,236,-20,244,-39,310,79" /><INIT seed="7,0,0,3,0,80" ten="190,216,205,389" oya="3" hai0="28,19,135,2,20,41,3,12,116,126,105,114,8" hai1="43,74,92,54,21,87,110,124,10,125,68,24,89" hai2="115,52,117,113,60,26,86,88,27,14,40,104,1" hai3="18,131,109,11,42,15,78,0,69,111,100,94,121"/><W36/><G69/><T35/><D105/><U64/><E110/><V13/><F1/><N who="0" m="10" /><D41/><U118/><E74/><V132/><F104/><W101/><G0/><T91/><D91/><U73/><E73/><V133/><F117/><W61/><G61/><T123/><D116/><U32/><E118/><V53/><F40/><W70/><G70/><T82/><D82/><U56/><E32/><V30/><F14/><W16/><G78/><T31/><D123/><U59/><E10/><V58/><F13/><W103/><G131/><T49/><D49/><U38/><E54/><V130/><F53/><W6/><G94/><T47/><D47/><N who="1" m="24055" /><E68/><V84/><F130/><W75/><G75/><T106/><D106/><U93/><E93/><N who="2" m="54407" /><F86/><W95/><G95/><T112/><D135/><N who="2" m="51786" /><F27/><W96/><G96/><T44/><D44/><U90/><E90/><V7/><F7/><W71/><G11/><T119/><D119/><U17/><E64/><V51/><F51/><W48/><G18/><N who="0" m="8455" /><D35/><AGARI ba="0,0" hai="26,30,35,52,58,60,113,115" m="51786,54407" machi="35" ten="30,7700,0" yaku="20,1,52,1,54,2" doraHai="80" who="2" fromWho="0" sc="190,-77,216,0,205,77,389,0" owari="113,-39.0,216,-18.0,282,8.0,389,49.0" /></mjloggm>