<mjloggm ver="2.3"><GO type="41" lobby="0"/><UN n0="%E5%B0%B1%E6%B4%BB%E7%94%9F%40%E5%B7%9D%E6%9D%91%E8%BB%8D%E5%9B%A3" n1="%E3%81%95%E3%81%95%E3%81%95%E3%81%95" n2="%E3%83%AD%E3%83%9E%E3%83%8D%E3%82%B9%E3%82%AF" n3="%6D%61%73%61%79%61%6E%32" dan="16,15,15,14" rate="2126.10,2029.16,2066.85,1965.39" sx="M,M,M,M"/><TAIKYOKU oya="0"/><INIT seed="0,0,0,2,3,128" ten="250,250,250,250" oya="0" hai0="101,15,77,126,95,44,76,99,3,60,108,22,75" hai1="23,131,117,62,4,17,40,109,88,10,132,35,92" hai2="21,30,47,123,61,114,50,91,1,28,43,24,134" hai3="27,51,9,104,97,19,72,133,26,98,31,106,71"/><T89/><D3/><U110/><E117/><V18/><F123/><W83/><G133/><T94/><D126/><U68/><E132/><V63/><F114/><W41/><G71/><T33/><D33/><U100/><E35/><V81/><F134/><W14/><G106/><T105/><D105/><U107/><E40/><V122/><F1/><W32/><G27/><T127/><D127/><U11/><E131/><V45/><F122/><W87/><G72/><T46/><D108/><N who="1" m="41579" /><E4/><V29/><REACH who="2" step="1"/><F47/><REACH who="2" ten="250,250,240,250" step="2"/><W6/><G104/><T34/><D46/><U25/><E100/><V103/><F103/><W82/><G41/><T48/><D75/><U130/><E130/><V102/><F102/><W2/><G51/><T55/><D60/><U118/><E118/><V20/><F20/><W13/><G2/><T69/><D34/><U113/><E113/><V73/><F73/><W66/><G32/><T16/><REACH who="0" step="1"/><D69/><REACH who="0" ten="240,250,240,250" step="2"/><U93/><E68/><V129/><F129/><W90/><G66/><T78/><D78/><U52/><E62/><V8/><F8/><W135/><G9/><T74/><D74/><U58/><E10/><V70/><F70/><W119/><G135/><T84/><AGARI ba="0,2" hai="15,16,22,44,48,55,76,77,84,89,94,95,99,101" machi="84" ten="20,12000,1" yaku="1,1,0,1,7,1,8,1,54,1,53,0" doraHai="128" doraHaiUra="59" who="0" fromWho="0" sc="240,140,250,-40,240,-40,250,-40" /><INIT seed="0,1,0,1,4,13" ten="380,210,200,210" oya="0" hai0="104,121,93,122,29,102,80,71,89,99,32,105,42" hai1="134,101,35,98,106,66,119,39,76,86,61,130,4" hai2="112,110,60,94,55,107,69,78,17,81,18,125,124" hai3="22,85,131,96,52,72,91,6,1,62,97,37,68"/><T117/><D71/><U87/><E119/><V65/><F112/><W19/><G131/><T0/><D0/><U103/><E39/><V82/><F107/><W53/><G72/><T84/><D42/><U7/><E130/><V16/><F110/><W114/><G37/><T54/><D32/><U88/><E134/><V109/><F109/><W31/><G114/><T47/><D29/><U9/><E101/><V59/><F94/><W77/><G77/><N who="0" m="46095" /><D54/><U108/><E108/><V67/><F81/><W8/><G31/><T51/><D51/><U79/><E35/><V36/><F36/><W58/><G68/><T118/><D47/><U33/><E86/><N who="2" m="48471" /><F69/><W12/><REACH who="3" step="1"/><G53/><REACH who="3" ten="380,210,200,200" step="2"/><T44/><D118/><U74/><E74/><V135/><F135/><W46/><G46/><T113/><D44/><U116/><E79/><V30/><F30/><W40/><G40/><T128/><D128/><U115/><E76/><V15/><F15/><W48/><G48/><T95/><D113/><U45/><E45/><V14/><F14/><W24/><G24/><T27/><D117/><U75/><E116/><V41/><F41/><W73/><G73/><T28/><D27/><U49/><E75/><V20/><F20/><W83/><AGARI ba="1,1" hai="1,6,8,12,19,22,52,58,62,83,85,91,96,97" machi="83" ten="20,8000,1" yaku="1,1,0,1,7,1,52,1,54,1,53,0" doraHai="13" doraHaiUra="26" who="3" fromWho="3" sc="380,-41,210,-21,200,-21,200,93" /><INIT seed="1,0,0,0,5,17" ten="339,189,179,293" oya="1" hai0="33,21,124,130,109,43,28,108,51,61,70,132,59" hai1="64,13,135,93,96,114,106,92,6,52,77,30,121" hai2="72,26,63,36,111,129,62,94,16,88,122,55,53" hai3="104,71,5,48,23,37,76,85,97,74,98,103,46"/><U105/><E121/><V44/><F122/><W101/><G71/><T39/><D33/><U67/><E114/><V84/><F72/><W41/><G74/><T56/><D39/><U119/><E119/><V45/><F111/><N who="0" m="42570" /><D130/><U7/><E77/><V86/><F129/><W8/><G23/><T90/><D132/><U49/><E135/><V38/><F38/><W91/><G76/><T112/><D112/><U131/><E131/><V31/><F84/><W95/><G37/><T66/><D124/><U120/><E120/><V29/><F36/><W99/><REACH who="3" step="1"/><G104/><REACH who="3" ten="339,189,179,283" step="2"/><T118/><D118/><U54/><E105/><V102/><F102/><W9/><G9/><T14/><D28/><U127/><E30/><V1/><F31/><W134/><G134/><T65/><D21/><U57/><E106/><V3/><F29/><W89/><G89/><T78/><D90/><U133/><E133/><V110/><F110/><W24/><G24/><T11/><D78/><U87/><E127/><V117/><F117/><W34/><G34/><T4/><D66/><U47/><E64/><V81/><F26/><W125/><G125/><T116/><D116/><U32/><E67/><V79/><F79/><W0/><AGARI ba="0,1" hai="0,5,8,41,46,48,85,91,95,97,98,99,101,103" machi="0" ten="30,4000,0" yaku="1,1,0,1,53,1" doraHai="17" doraHaiUra="83" who="3" fromWho="3" sc="339,-10,189,-20,179,-10,283,50" /><INIT seed="2,0,0,0,5,117" ten="329,169,169,333" oya="2" hai0="78,108,87,51,97,93,71,112,90,58,31,0,123" hai1="79,83,60,19,115,88,82,17,126,103,84,130,100" hai2="76,95,135,94,8,6,15,24,109,1,5,77,27" hai3="35,30,104,40,3,127,16,4,56,37,52,111,44"/><V68/><F68/><W133/><G104/><T9/><D71/><U20/><E115/><V28/><F109/><W66/><G111/><T124/><D108/><U47/><E126/><V121/><F121/><W50/><G127/><T63/><D124/><U131/><E47/><V38/><F38/><W116/><G133/><T14/><D112/><U42/><E42/><V107/><F135/><W132/><G132/><T61/><D0/><U26/><E60/><V89/><F107/><W75/><G116/><T29/><D123/><U119/><E119/><V113/><F113/><W34/><G75/><T106/><D51/><U21/><E130/><V86/><F1/><W62/><G30/><T67/><D63/><U2/><E2/><V55/><F6/><W59/><G3/><T45/><D45/><U11/><E11/><V33/><F27/><W125/><G4/><T69/><D69/><U10/><E10/><V114/><F114/><W39/><G39/><T73/><D73/><U129/><E129/><V120/><F120/><W74/><G74/><T13/><D13/><U105/><E105/><V7/><F7/><W80/><G80/><N who="0" m="47511" /><D106/><U18/><E131/><V25/><F25/><W99/><G99/><T110/><D110/><U122/><E122/><V102/><REACH who="2" step="1"/><F55/><REACH who="2" ten="329,169,159,333" step="2"/><W134/><G125/><T53/><D53/><U54/><E54/><V92/><F92/><W70/><G134/><T85/><D31/><U64/><E26/><V101/><F101/><W96/><G70/><T43/><D29/><U72/><E103/><V118/><F118/><W23/><G96/><AGARI ba="0,1" hai="5,8,15,24,28,33,76,77,86,89,94,95,96,102" machi="96" ten="40,2000,0" yaku="1,1,53,0" doraHai="117" doraHaiUra="128" who="2" fromWho="3" sc="329,0,169,0,159,30,333,-20" /><INIT seed="2,1,0,5,4,98" ten="329,169,189,313" oya="2" hai0="129,81,55,45,115,87,117,19,17,97,88,35,118" hai1="121,14,42,135,124,91,110,59,123,10,41,21,72" hai2="62,27,107,24,111,56,7,101,112,33,96,90,53" hai3="30,32,1,74,109,37,64,83,12,16,105,61,51"/><V13/><F112/><W4/><G109/><T134/><D35/><U132/><E72/><V77/><F77/><W79/><G105/><T43/><D115/><U103/><E110/><V68/><F111/><W93/><G37/><T125/><D129/><U3/><E91/><V2/><F2/><W39/><G39/><T108/><D108/><U9/><E59/><V73/><F73/><W58/><G51/><T106/><D125/><U119/><E119/><N who="0" m="45577" /><D134/><N who="1" m="51243" /><E124/><V80/><F33/><W31/><G32/><T57/><D45/><U69/><E69/><V44/><F68/><W126/><G126/><T48/><D43/><N who="1" m="16395" /><E3/><V95/><F80/><W20/><G4/><T86/><D86/><U47/><E47/><V11/><REACH who="2" step="1"/><F44/><REACH who="2" ten="329,169,179,313" step="2"/><W60/><G1/><T46/><D46/><U25/><E121/><V89/><F89/><W6/><G6/><T122/><D122/><U127/><E123/><V116/><F116/><W133/><G133/><T36/><D36/><U65/><E127/><V67/><F67/><W114/><G114/><T28/><D28/><U130/><E65/><V38/><F38/><W66/><G93/><N who="0" m="56487" /><D106/><U82/><E82/><V34/><F34/><W100/><G100/><T23/><D81/><U84/><E103/><V0/><F0/><W78/><G79/><T94/><D94/><U70/><E70/><AGARI ba="1,1" hai="12,16,20,30,31,58,60,61,64,66,70,74,78,83" machi="70" ten="30,2000,0" yaku="7,1,54,1" doraHai="98" who="3" fromWho="1" sc="329,0,169,-23,179,0,313,33" /><INIT seed="3,0,0,3,5,93" ten="329,146,179,346" oya="3" hai0="25,37,113,123,35,53,79,118,117,110,57,32,88" hai1="107,86,104,40,49,94,103,2,55,83,114,5,84" hai2="135,36,78,0,38,61,128,98,105,12,130,11,13" hai3="80,23,4,10,125,124,126,31,15,116,33,106,65"/><W96/><G116/><T60/><D37/><N who="2" m="14442" /><F135/><W131/><G131/><N who="2" m="50217" /><F78/><W22/><G65/><T108/><D123/><U24/><E114/><V16/><F61/><W47/><G47/><T18/><D79/><U1/><E40/><V74/><F74/><W67/><G67/><T28/><D113/><U119/><E119/><V75/><F75/><W82/><G33/><T76/><D76/><U64/><E64/><V81/><F81/><N who="3" m="31339" /><G31/><T127/><D127/><U41/><E83/><V48/><F48/><W100/><AGARI ba="0,0" hai="4,10,15,22,23,96,100,106,124,125,126" m="31339" machi="100" ten="40,3900,0" yaku="18,1,52,1" doraHai="93" who="3" fromWho="3" sc="329,-13,146,-13,179,-13,346,39" /><INIT seed="3,1,0,3,1,3" ten="316,133,166,385" oya="3" hai0="20,46,128,52,74,43,85,36,39,9,57,89,63" hai1="18,132,29,95,67,26,135,71,8,55,126,23,37" hai2="118,10,102,54,131,41,56,4,25,35,129,40,0" hai3="98,105,19,64,61,72,117,116,32,76,11,86,73"/><W58/><G32/><T123/><D128/><N who="2" m="49226" /><F118/><W13/><G73/><T38/><D123/><U104/><E104/><V122/><F122/><W121/><G72/><T79/><D79/><U114/><E37/><V50/><F102/><W33/><G33/><T109/><D74/><U112/><E55/><V21/><F35/><W80/><G121/><T34/><D34/><U44/><E44/><V78/><F78/><W81/><G105/><T22/><D109/><U108/><E67/><V6/><F6/><W111/><G111/><T87/><D87/><U83/><E83/><V24/><F24/><W88/><G80/><T110/><D110/><U103/><E71/><V66/><F66/><W92/><AGARI ba="1,0" hai="11,13,19,58,61,64,76,81,86,88,92,98,116,117" machi="92" ten="30,3000,0" yaku="0,1,54,1" doraHai="3" who="3" fromWho="3" sc="316,-11,133,-11,166,-11,385,33" /><INIT seed="3,2,0,4,5,12" ten="305,122,155,418" oya="3" hai0="101,97,108,30,130,7,33,14,74,73,41,92,121" hai1="77,124,83,91,112,100,20,67,60,59,45,82,94" hai2="72,70,39,84,107,80,128,29,123,68,99,18,110" hai3="63,23,113,129,3,13,42,0,102,116,114,8,56"/><W10/><G116/><T126/><D121/><U120/><E120/><V61/><F123/><W50/><G102/><T90/><D126/><U98/><E124/><V119/><F119/><W64/><G129/><T37/><D130/><U32/><E32/><V57/><F128/><W52/><G42/><T36/><D108/><U93/><E112/><V55/><F110/><W51/><G23/><T26/><D74/><U117/><E117/><V35/><F72/><W133/><G8/><T1/><D73/><U28/><E45/><V95/><F39/><W4/><G133/><T27/><D1/><U106/><E106/><V44/><F107/><W24/><G51/><T43/><D27/><N who="1" m="16487" /><E77/><V135/><F44/><W65/><G24/><T69/><D69/><U53/><E53/><V134/><F29/><W31/><G31/><T87/><D37/><U105/><E105/><V40/><F40/><W71/><REACH who="3" step="1"/><G64/><REACH who="3" ten="305,122,155,408" step="2"/><T86/><D36/><U54/><E67/><V47/><F134/><W15/><G15/><T46/><D43/><U58/><E100/><N who="2" m="60543" /><F135/><W17/><G17/><T79/><D41/><U19/><E19/><V11/><F35/><W21/><G21/><T25/><D14/><U88/><E59/><V6/><F18/><W122/><G122/><T96/><D26/><U66/><E66/><V38/><F38/><W104/><G104/><T103/><D25/><U132/><E132/><V34/><F34/><W78/><G78/><T76/><D30/><U75/><E58/><V131/><F131/><W22/><G22/><T48/><D79/><U16/><E16/><V9/><F57/><RYUUKYOKU ba="2,1" sc="305,-10,122,-10,155,-10,408,30" hai3="0,3,4,10,13,50,52,56,63,65,71,113,114" /><INIT seed="3,3,1,5,2,47" ten="295,112,145,438" oya="3" hai0="82,123,57,65,93,74,118,55,72,5,23,61,68" hai1="99,24,36,33,115,1,15,87,103,76,125,120,26" hai2="110,94,64,81,51,44,0,98,22,35,3,49,134" hai3="31,8,7,91,102,77,84,17,109,108,28,119,58"/><W117/><G102/><T54/><D123/><U88/><E1/><V53/><F35/><W67/><G77/><T9/><D118/><U13/><E120/><V40/><F110/><N who="3" m="42603" /><G17/><T60/><D82/><U126/><E76/><V50/><F134/><W29/><G67/><T45/><D23/><U34/><E36/><V101/><F64/><W130/><G58/><T39/><D93/><U11/><E115/><V63/><F81/><N who="3" m="49551" /><G130/><T73/><D39/><U25/><E103/><V43/><F3/><AGARI ba="3,1" hai="3,7,8,28,29,31,117,119" m="49551,42603" machi="3" ten="30,2900,0" yaku="14,1,10,1" doraHai="47" who="3" fromWho="2" sc="295,0,112,0,145,-38,438,48" /><INIT seed="3,4,0,5,1,22" ten="295,112,107,486" oya="3" hai0="115,9,48,105,128,133,52,120,132,54,35,23,82" hai1="124,20,60,126,90,10,77,113,74,117,88,79,69" hai2="86,99,13,123,85,21,57,3,110,63,73,38,81" hai3="100,39,34,12,107,8,51,131,58,17,97,75,135"/><W36/><G135/><T32/><D105/><U89/><E113/><V59/><F3/><W125/><G131/><T46/><D120/><U121/><E121/><V68/><F38/><W114/><G125/><N who="1" m="48234" /><E10/><V72/><F123/><W15/><G114/><T93/><D115/><U95/><E117/><V33/><F110/><W112/><G75/><T26/><D128/><U24/><E74/><V64/><F33/><W7/><G112/><T102/><D82/><U55/><E95/><V101/><F73/><W104/><G34/><T29/><D9/><U108/><E108/><V5/><F72/><W62/><G107/><T98/><D132/><U50/><E60/><V49/><F49/><W106/><G51/><T130/><D133/><U2/><E2/><V96/><F96/><W27/><G27/><T42/><D130/><U134/><E69/><V127/><F127/><W111/><G106/><T4/><D4/><U14/><E14/><V119/><F119/><W118/><G111/><T103/><D103/><U44/><E134/><V116/><F116/><W80/><G80/><T76/><D76/><U18/><AGARI ba="4,0" hai="18,20,24,44,50,55,77,79,88,89,90" m="48234" machi="18" ten="30,4000,0" yaku="18,1,52,1,54,1" doraHai="22" who="1" fromWho="1" sc="295,-14,112,52,107,-14,486,-24" /><INIT seed="4,0,0,3,3,40" ten="281,164,93,462" oya="0" hai0="61,27,58,65,3,75,30,99,34,103,73,11,48" hai1="110,39,135,41,133,76,52,90,68,25,8,36,117" hai2="124,67,81,96,86,24,104,118,42,120,119,53,114" hai3="12,4,109,125,122,126,101,47,43,64,105,132,69"/><T15/><D3/><U37/><E76/><V131/><F120/><W89/><G109/><T56/><D56/><U129/><E110/><V70/><F114/><W13/><G122/><T54/><D65/><U7/><E117/><N who="2" m="44555" /><F24/><W108/><G108/><T130/><D130/><U16/><E68/><V127/><F53/><W62/><G132/><N who="1" m="50762" /><E129/><V98/><F131/><W38/><G4/><T51/><D73/><U60/><E90/><N who="2" m="51535" /><F42/><W19/><G105/><T115/><D75/><U71/><E71/><V2/><F2/><W87/><G101/><T0/><D0/><U32/><E32/><V91/><F67/><W22/><REACH who="3" step="1"/><G12/><REACH who="3" ten="281,164,93,452" step="2"/><T112/><D112/><U21/><E7/><V31/><F104/><W123/><G123/><T66/><D115/><U46/><E8/><V26/><F70/><W23/><G23/><T35/><D35/><U28/><E28/><V49/><F31/><W80/><AGARI ba="0,1" hai="13,19,22,38,43,47,62,64,69,80,87,89,125,126" machi="80" ten="30,4000,0" yaku="1,1,0,1,52,1,53,0" doraHai="40" doraHaiUra="1" who="3" fromWho="3" sc="281,-20,164,-10,93,-10,452,50" /><INIT seed="5,0,0,3,1,54" ten="261,154,83,502" oya="1" hai0="121,35,53,65,82,109,119,115,101,67,49,27,11" hai1="126,102,92,112,100,128,66,43,4,122,23,38,12" hai2="72,46,124,47,130,62,44,105,36,103,75,50,42" hai3="77,106,61,117,78,18,73,135,10,129,110,91,79"/><U97/><E122/><V96/><F124/><W15/><G117/><T6/><D109/><U111/><E126/><V59/><F130/><W25/><G110/><T94/><D119/><U113/><E111/><V71/><F71/><W22/><G129/><T26/><D121/><U87/><E128/><V20/><F20/><W88/><G135/><T93/><D115/><N who="1" m="44107" /><E87/><V5/><F5/><W56/><G106/><T114/><D114/><U89/><E66/><N who="0" m="25097" /><D35/><U1/><E1/><V37/><F37/><W7/><G73/><T32/><D32/><U17/><E17/><V41/><REACH who="2" step="1"/><F44/><REACH who="2" ten="261,154,73,502" step="2"/><W34/><G34/><T108/><D6/><U99/><E4/><V98/><F98/><W39/><G39/><T3/><D3/><U95/><E23/><V52/><AGARI ba="0,1" hai="36,41,42,46,47,50,52,59,62,72,75,96,103,105" machi="52" ten="20,12000,2" yaku="1,1,0,1,7,1,52,1,54,1,53,1" doraHai="54" doraHaiUra="68" who="2" fromWho="2" sc="261,-30,154,-60,73,130,502,-30" /><INIT seed="6,0,0,0,4,57" ten="231,94,203,472" oya="2" hai0="129,16,48,53,93,110,89,107,115,17,20,97,95" hai1="94,10,44,65,46,54,114,122,37,88,23,14,124" hai2="59,3,13,29,69,19,6,49,8,71,67,81,38" hai3="131,104,121,47,86,112,130,35,117,134,15,68,66"/><V73/><F38/><W50/><G121/><T118/><D110/><U133/><E122/><V80/><F29/><W85/><G117/><T28/><D118/><U63/><E114/><V2/><F2/><W101/><G112/><T56/><D115/><U83/><E133/><V120/><F120/><W96/><G134/><T42/><D107/><U31/><E124/><V34/><F34/><W41/><G35/><T36/><D129/><N who="3" m="49161" /><G15/><T125/><D125/><U40/><E83/><V135/><F135/><W9/><G9/><T52/><D36/><U45/><E54/><V25/><F25/><W60/><AGARI ba="0,0" hai="41,47,50,60,66,68,85,86,96,101,104" m="49161" machi="60" ten="30,2000,0" yaku="19,1,52,1" doraHai="57" who="3" fromWho="3" sc="231,-5,94,-5,203,-10,472,20" /><INIT seed="7,0,0,4,5,51" ten="226,89,193,492" oya="3" hai0="82,57,81,76,95,92,58,75,102,18,65,121,67" hai1="109,48,104,43,64,108,1,55,35,62,126,49,54" hai2="44,134,63,135,69,21,73,14,20,15,130,91,101" hai3="17,114,89,117,115,45,106,125,84,112,94,110,25"/><W97/><G110/><N who="1" m="42602" /><E1/><V4/><F73/><W79/><G117/><T24/><D121/><U111/><E35/><V122/><F122/><W131/><G125/><T0/><D0/><U32/><E32/><V107/><F91/><W68/><G131/><T99/><D75/><U5/><E5/><V116/><F116/><W118/><G118/><T59/><D92/><U85/><E85/><V2/><F130/><W72/><G68/><T93/><D93/><U78/><E78/><V9/><F44/><W96/><G45/><T90/><D102/><U29/><E29/><V12/><F63/><W80/><G25/><T71/><D71/><N who="1" m="42391" /><E104/><V3/><F69/><W70/><G70/><T7/><D7/><U113/><N who="1" m="42610" /><U8/><DORA hai="77" /><E8/><N who="2" m="2071" /><F101/><N who="3" m="62767" /><G17/><T39/><D39/><U53/><E126/><V22/><F107/><W103/><G103/><T83/><D76/><U100/><E100/><V120/><F120/><W19/><G19/><T50/><D50/><N who="1" m="19563" /><E43/><V86/><F86/><AGARI ba="0,0" hai="72,79,80,84,86,89,94,96,112,114,115" m="62767" machi="86" ten="30,11600,0" yaku="15,1,34,2,52,1" doraHai="51,77" who="3" fromWho="2" sc="226,0,89,0,193,-116,492,116" owari="226,3.0,89,-31.0,77,-42.0,608,70.0" /></mjloggm>