<mjloggm ver="2.3"><GO type="169" lobby="0"/><UN n0="%E5%A5%88%E8%90%BD%E3%81%AE%E7%8E%8B" n1="%E3%82%A6%E3%83%AB%E3%83%88%E3%83%A9%E7%AB%8B%E7%9B%B4" n2="%73%61%63%68%69%6F" n3="%42%69%67%75" dan="17,17,16,17" rate="2161.20,2137.54,2090.91,2151.50" sx="M,M,M,M"/><TAIKYOKU oya="0"/><INIT seed="0,0,0,2,0,88" ten="250,250,250,250" oya="0" hai0="15,122,19,28,110,18,101,93,58,59,61,16,92" hai1="126,124,130,29,0,14,48,56,102,111,68,31,118" hai2="78,17,105,115,10,76,41,83,116,75,95,4,85" hai3="25,36,71,103,106,50,63,119,98,81,77,35,109"/><T91/><D122/><U65/><E68/><V1/><F115/><W37/><G119/><T30/><D110/><U121/><E0/><V87/><F105/><W108/><G50/><T107/><D107/><U86/><E118/><V117/><F17/><N who="0" m="6762" /><D101/><U70/><E70/><V112/><F112/><W8/><G8/><N who="0" m="6631" /><D59/><U120/><E102/><V13/><F13/><W79/><G79/><T6/><D6/><U72/><E14/><V23/><F23/><W51/><G51/><T74/><D74/><U57/><E48/><V55/><F55/><W97/><G97/><N who="0" m="57503" /><D93/><U49/><E72/><V82/><F41/><W20/><G35/><T100/><D100/><U114/><E57/><V7/><F7/><W54/><G71/><T24/><D24/><U34/><E56/><V46/><F46/><W44/><G44/><T94/><D94/><U69/><E69/><V123/><F123/><W128/><G128/><T42/><D42/><U45/><E45/><V53/><F53/><AGARI ba="0,0" hai="28,30,53,58,61" m="57503,6631,6762" machi="53" ten="30,5800,0" yaku="8,1,52,1,54,1" doraHai="88" who="0" fromWho="2" sc="250,58,250,0,250,-58,250,0" /><INIT seed="0,1,0,5,2,93" ten="308,250,192,250" oya="0" hai0="70,59,12,89,128,54,7,63,27,114,113,118,129" hai1="2,15,23,92,26,39,29,83,33,108,50,42,96" hai2="131,31,75,38,37,20,76,124,132,16,72,87,86" hai3="41,110,98,53,119,55,91,107,14,21,85,18,130"/><T51/><D118/><U69/><E69/><V79/><F31/><W22/><G119/><T60/><D27/><U36/><E108/><V102/><F102/><W120/><G120/><T49/><D89/><U25/><E2/><V123/><F132/><W9/><G110/><T11/><D51/><U99/><E15/><V52/><F131/><N who="0" m="50250" /><D70/><U32/><E83/><V0/><F0/><W125/><G125/><T88/><D88/><U71/><E71/><V95/><F123/><W115/><G115/><AGARI ba="1,0" hai="7,11,12,49,54,59,60,63,113,114,115" m="50250" machi="115" ten="30,1500,0" yaku="19,1" doraHai="93" who="0" fromWho="3" sc="308,18,250,0,192,0,250,-18" /><INIT seed="0,2,0,2,4,94" ten="326,250,192,232" oya="0" hai0="8,29,132,23,99,122,35,120,48,125,107,41,90" hai1="71,49,65,96,112,109,105,115,91,104,24,134,20" hai2="89,127,30,130,84,28,95,54,76,135,123,55,7" hai3="131,88,79,26,45,67,11,80,66,117,81,72,42"/><T4/><D35/><U73/><E73/><V85/><F123/><W38/><G117/><T15/><D132/><U37/><E37/><V57/><F135/><W10/><G131/><T53/><D41/><U114/><E134/><V92/><F130/><W60/><G26/><T16/><D29/><U110/><E49/><V102/><F127/><W133/><G133/><T43/><D43/><U108/><E65/><V12/><F55/><W93/><G81/><T46/><D125/><U13/><E13/><V3/><F3/><W62/><G66/><T128/><D128/><U40/><E71/><V0/><F0/><W58/><REACH who="3" step="1"/><G62/><REACH who="3" ten="326,250,192,222" step="2"/><T50/><D122/><U52/><E40/><V61/><F76/><W33/><G33/><T69/><D120/><U63/><E63/><V70/><F70/><W32/><G32/><T78/><D69/><U64/><E64/><V83/><F83/><W121/><G121/><T25/><D78/><U47/><E24/><V44/><F44/><W124/><G124/><T31/><D31/><U119/><E119/><V87/><F30/><W97/><AGARI ba="2,1" hai="10,11,38,42,45,58,60,67,72,79,80,88,93,97" machi="97" ten="20,12000,2" yaku="1,1,0,1,7,1,52,1,54,1,53,2" doraHai="94" doraHaiUra="6" who="3" fromWho="3" sc="326,-62,250,-32,192,-32,222,136" /><INIT seed="1,0,0,2,1,103" ten="264,218,160,358" oya="1" hai0="95,130,66,34,99,10,60,65,25,87,125,37,126" hai1="41,1,135,12,128,112,0,90,53,120,33,76,17" hai2="42,39,105,64,69,82,11,57,131,104,16,2,132" hai3="117,123,122,73,32,30,63,3,79,27,47,24,75"/><U61/><E120/><V96/><F69/><W20/><G117/><T85/><D37/><U67/><E112/><V45/><F132/><W51/><G3/><T119/><D10/><U31/><E135/><V5/><F96/><W74/><G63/><T4/><D4/><U86/><E128/><V18/><F131/><W38/><G38/><T91/><D119/><U114/><E114/><V56/><F56/><W23/><G79/><T54/><D54/><U102/><E41/><V13/><F18/><W22/><REACH who="3" step="1"/><G27/><REACH who="3" ten="264,218,160,348" step="2"/><T84/><D130/><U109/><E0/><V49/><F82/><W133/><G133/><T40/><D60/><U81/><E1/><V88/><F88/><W68/><G68/><T26/><D26/><U111/><E90/><V9/><REACH who="2" step="1"/><F49/><REACH who="2" ten="264,218,150,348" step="2"/><W118/><G118/><T89/><D89/><U115/><E81/><V15/><F15/><W113/><G113/><T52/><D91/><U55/><E12/><V101/><F101/><W59/><G59/><T78/><D78/><U106/><E76/><V28/><F28/><W72/><N who="3" m="18432" /><DORA hai="116" /><W36/><G36/><T134/><D134/><U71/><E31/><V14/><F14/><W124/><G124/><T80/><D126/><U62/><E102/><V83/><F83/><W121/><G121/><T8/><D80/><U97/><E71/><V77/><F77/><W29/><G29/><T127/><D127/><U46/><E115/><V58/><F58/><W7/><G7/><T21/><D125/><U93/><E67/><V50/><F50/><W35/><G35/><T98/><D85/><U44/><E33/><RYUUKYOKU ba="0,2" sc="264,-15,218,-15,150,15,348,15" hai2="2,5,9,11,13,16,39,42,45,57,64,104,105" hai3="20,22,23,24,30,32,47,51,122,123" /><INIT seed="2,1,2,5,2,54" ten="249,203,165,363" oya="2" hai0="87,78,61,57,7,30,42,99,49,8,116,73,125" hai1="1,96,121,5,89,117,81,2,52,130,66,25,134" hai2="53,26,27,102,114,98,40,132,68,105,28,14,94" hai3="75,20,13,126,44,38,97,90,41,12,101,109,104"/><V32/><F114/><W50/><G75/><T108/><D73/><U19/><E117/><V92/><F132/><W43/><G126/><T4/><D125/><U62/><E134/><V77/><F77/><W39/><G109/><T48/><D108/><U127/><E127/><V106/><F40/><W80/><G43/><T0/><D7/><U93/><E130/><V45/><F14/><W76/><G90/><T33/><D99/><U47/><E121/><V131/><F131/><W67/><G67/><T84/><D116/><U74/><E5/><V6/><F6/><W79/><G79/><T51/><D78/><U129/><E129/><V21/><F68/><W63/><G63/><T128/><D42/><U35/><E35/><V120/><F106/><W110/><G110/><T65/><D128/><U59/><E81/><V135/><F135/><W64/><G64/><T119/><D119/><U72/><E74/><V22/><F120/><W88/><G76/><T86/><D30/><U29/><E72/><V58/><F45/><W15/><G20/><T69/><REACH who="0" step="1"/><D33/><REACH who="0" ten="239,203,165,363" step="2"/><U122/><E29/><V107/><F32/><W16/><G41/><T71/><AGARI ba="1,3" hai="0,4,8,48,49,51,57,61,65,69,71,84,86,87" machi="71" ten="40,8000,1" yaku="1,1,2,1,0,1,52,1,53,0" doraHai="54" doraHaiUra="118" who="0" fromWho="0" sc="239,113,203,-21,165,-41,363,-21" /><INIT seed="3,0,0,2,2,97" ten="352,182,124,342" oya="3" hai0="76,30,50,95,108,66,94,113,107,74,69,62,96" hai1="125,5,12,16,27,2,41,81,60,36,21,31,86" hai2="109,77,23,63,84,57,20,54,25,116,80,75,120" hai3="19,46,111,61,83,92,64,119,103,67,70,131,33"/><W11/><G119/><T130/><D108/><U38/><E125/><V99/><F116/><W40/><G33/><T112/><D130/><U114/><E114/><N who="0" m="44137" /><D30/><U102/><E41/><V45/><F109/><W93/><G131/><T56/><D107/><U8/><E60/><V34/><F120/><W98/><G67/><T55/><D96/><U18/><E18/><V44/><F75/><W79/><G111/><T121/><D121/><U135/><E102/><V134/><F134/><W59/><G11/><T15/><D15/><U37/><E135/><V14/><F34/><W87/><G19/><T68/><D68/><U7/><REACH who="1" step="1"/><E2/><REACH who="1" ten="352,172,124,342" step="2"/><V104/><F14/><W22/><G70/><T52/><D62/><U100/><E100/><V9/><F9/><W89/><G22/><T78/><D69/><U53/><E53/><V71/><F20/><W101/><REACH who="3" step="1"/><G93/><REACH who="3" ten="352,172,124,332" step="2"/><T65/><D95/><U26/><E26/><V122/><F23/><W91/><G91/><AGARI ba="0,2" hai="5,7,8,12,16,21,27,31,36,37,38,81,86,91" machi="91" ten="40,2600,0" yaku="1,1,54,1,53,0" doraHai="97" doraHaiUra="39" who="1" fromWho="3" sc="352,0,172,46,124,0,332,-26" /><INIT seed="4,0,0,3,0,3" ten="352,218,124,306" oya="0" hai0="89,77,107,40,84,126,37,74,38,20,135,115,11" hai1="114,106,59,103,22,82,1,75,111,4,45,63,99" hai2="57,131,83,28,21,71,33,24,65,43,73,32,34" hai3="72,94,13,49,101,79,18,87,42,26,54,70,61"/><T27/><D107/><U5/><E111/><V64/><F71/><W60/><G72/><T93/><D115/><U52/><E1/><V120/><F120/><W123/><G123/><T105/><D105/><U44/><E114/><V36/><F131/><W100/><G42/><T14/><D126/><U17/><E75/><V96/><F43/><W66/><G26/><T124/><D135/><U46/><REACH who="1" step="1"/><E82/><REACH who="1" ten="352,208,124,306" step="2"/><V112/><F112/><W110/><G110/><T41/><D74/><U122/><E122/><V53/><F73/><W78/><G78/><T29/><D77/><U7/><E7/><V113/><F83/><W55/><G79/><T48/><D124/><U35/><E35/><V97/><F113/><W19/><G19/><T86/><D38/><U118/><E118/><V8/><F36/><W58/><G94/><T108/><D37/><U39/><E39/><V69/><F33/><W88/><G18/><T119/><D119/><U15/><AGARI ba="0,1" hai="4,5,15,17,22,44,45,46,52,59,63,99,103,106" machi="15" ten="30,8000,1" yaku="1,1,0,1,52,2,54,1,53,0" doraHai="3" doraHaiUra="127" who="1" fromWho="1" sc="352,-40,208,90,124,-20,306,-20" /><INIT seed="5,0,0,3,4,100" ten="312,298,104,286" oya="1" hai0="46,32,76,106,132,130,29,99,6,48,118,10,58" hai1="68,62,91,85,44,83,103,54,98,28,96,20,87" hai2="78,72,80,114,23,123,47,89,34,50,2,52,86" hai3="135,5,97,104,77,127,69,61,9,17,45,49,105"/><U16/><E28/><V42/><F34/><W41/><G135/><T93/><D118/><U116/><E116/><V107/><F123/><W126/><G97/><T35/><D130/><U101/><E68/><V111/><F111/><W134/><G134/><T90/><D76/><U82/><E98/><V120/><F120/><W75/><G17/><T14/><D132/><U4/><E4/><V70/><F70/><W65/><G77/><T21/><D106/><U7/><E7/><V115/><F23/><W26/><G26/><T60/><D21/><U66/><E66/><V109/><F109/><W59/><G75/><T22/><D22/><U64/><E64/><V119/><F119/><W53/><G9/><T43/><D29/><U79/><E96/><V56/><F2/><W94/><G94/><T15/><D15/><N who="1" m="9247" /><E44/><V39/><REACH who="2" step="1"/><F107/><REACH who="2" ten="312,298,94,286" step="2"/><W113/><G113/><T108/><D108/><U95/><E101/><V133/><F133/><W57/><G69/><T110/><D110/><U8/><E103/><V25/><F25/><W18/><G105/><T122/><D122/><U71/><E71/><V36/><F36/><W74/><G104/><T33/><D33/><U31/><E31/><V24/><F24/><W92/><G127/><T131/><D131/><U1/><E1/><V55/><F55/><AGARI ba="0,1" hai="6,10,14,32,35,43,46,48,55,58,60,90,93,99" machi="55" ten="30,1000,0" yaku="7,1" doraHai="100" who="0" fromWho="2" sc="312,20,298,0,94,-10,286,0" /><INIT seed="6,0,0,2,5,62" ten="332,298,84,286" oya="2" hai0="82,112,103,21,95,96,71,20,90,24,113,87,37" hai1="74,127,55,10,105,27,124,110,69,118,132,56,80" hai2="65,50,133,91,121,94,8,115,2,89,18,117,130" hai3="41,51,25,119,30,5,70,79,60,42,23,34,66"/><V106/><F106/><W98/><G119/><T59/><D71/><U29/><E110/><V123/><F117/><W13/><G79/><T44/><D59/><U39/><E39/><V67/><F115/><N who="0" m="44106" /><D24/><U85/><E132/><V40/><F133/><W86/><G86/><T58/><D58/><U63/><E10/><V78/><F78/><W77/><G77/><T6/><D6/><U31/><E105/><V47/><F130/><W11/><G51/><T0/><D0/><U93/><E118/><V16/><F2/><W26/><REACH who="3" step="1"/><G98/><REACH who="3" ten="332,298,84,276" step="2"/><T111/><D111/><U83/><E85/><N who="2" m="52527" /><F123/><W84/><G84/><T75/><D75/><U4/><E74/><V125/><F121/><W135/><G135/><T76/><D76/><U92/><E80/><V126/><F91/><W33/><G33/><T73/><D73/><U102/><E83/><V49/><F49/><W128/><G128/><T32/><D32/><U81/><E81/><V7/><F126/><W116/><G116/><T101/><D101/><U3/><E127/><V38/><F125/><W48/><G48/><T131/><D131/><U99/><E124/><V45/><F45/><W9/><G9/><T114/><D114/><U28/><E99/><V35/><F35/><W109/><G109/><T104/><D82/><U12/><E102/><V53/><F38/><W43/><G43/><AGARI ba="0,1" hai="20,21,37,43,44,87,90,95,96,103,104" m="44106" machi="43" ten="30,1000,0" yaku="15,1" doraHai="62" who="0" fromWho="3" sc="332,20,298,0,84,0,276,-10" /><INIT seed="7,0,0,0,3,135" ten="352,298,84,266" oya="3" hai0="68,52,19,40,66,60,65,111,25,44,0,64,51" hai1="75,116,99,76,74,103,57,125,107,56,16,78,54" hai2="8,102,96,77,106,105,121,126,92,63,7,108,6" hai3="94,10,5,82,115,122,3,53,73,129,2,109,24"/><W55/><G122/><T35/><D0/><U88/><E16/><V71/><F71/><W48/><G115/><T9/><D111/><U38/><E38/><V114/><F63/><W104/><G104/><N who="2" m="40041" /><F8/><W34/><G109/><T37/><D35/><U58/><E54/><V81/><F7/><W18/><G129/><T14/><D25/><U95/><E116/><V32/><F6/><W132/><G132/><T98/><D98/><U118/><E118/><V120/><F32/><W26/><G3/><T61/><D61/><U21/><E21/><V62/><F62/><W17/><G55/><T12/><D12/><U131/><E131/><V97/><F108/><W59/><G94/><T49/><D49/><U67/><E67/><V29/><F29/><W23/><G73/><T13/><D13/><U39/><E75/><N who="2" m="43199" /><F97/><W15/><G34/><T1/><D1/><U11/><E58/><AGARI ba="0,0" hai="9,14,19,37,40,44,51,52,58,60,64,65,66,68" machi="58" ten="30,7700,0" yaku="7,1,24,2,54,1" doraHai="135" who="0" fromWho="1" sc="352,77,298,-77,84,0,266,0" owari="429,53.0,221,-18.0,84,-42.0,266,7.0" /></mjloggm>