<mjloggm ver="2.3"><GO type="225" lobby="0"/><UN n0="%E9%95%B7%E3%81%84%E5%A4%A2" n1="%53%65%6E%61%72" n2="%79%69%6E%6E%65%72%30%36" n3="%E5%B0%B1%E6%B4%BB%E7%94%9F%40%E5%B7%9D%E6%9D%91%E8%BB%8D%E5%9B%A3" dan="16,16,16,16" rate="2139.75,2059.33,2076.18,2090.75" sx="M,M,M,M"/><TAIKYOKU oya="0"/><INIT seed="0,0,0,3,4,111" ten="250,250,250,250" oya="0" hai0="89,101,71,116,72,42,113,51,84,12,93,129,41" hai1="75,8,24,79,134,103,64,1,23,73,98,124,47" hai2="26,59,46,108,36,53,100,87,38,114,13,106,105" hai3="66,67,3,122,57,49,28,99,20,43,86,9,81"/><T123/><D116/><U77/><E124/><V130/><F130/><W44/><G122/><T30/><D123/><U76/><E134/><V70/><F70/><W2/><G2/><T128/><D72/><U82/><E64/><V65/><F65/><W102/><G3/><T126/><D126/><U10/><E47/><V97/><F106/><W88/><G9/><T121/><D121/><U32/><E32/><V83/><F108/><W7/><G7/><T85/><D71/><U60/><E60/><V21/><F13/><W16/><G57/><T132/><D132/><U15/><E1/><V5/><F5/><W48/><G28/><T62/><D113/><U95/><E82/><V119/><F46/><W135/><G49/><T68/><D30/><U125/><E125/><V22/><F114/><W45/><G45/><N who="0" m="26031" /><D42/><U58/><E58/><V25/><F119/><W74/><G74/><T14/><D101/><U96/><E96/><V110/><F110/><W63/><G63/><T4/><D4/><U90/><E103/><V6/><F6/><W109/><G109/><T120/><D84/><U133/><E133/><V69/><F69/><W35/><G35/><T94/><D94/><U31/><E73/><V61/><F38/><W112/><G112/><T29/><D29/><U115/><E75/><V104/><F36/><W52/><G43/><T50/><D50/><U0/><E115/><V37/><F37/><W19/><G135/><T56/><D68/><U92/><E92/><V33/><F105/><N who="3" m="63711" /><G19/><T40/><D40/><U80/><E0/><V55/><F33/><W127/><G127/><RYUUKYOKU ba="0,0" sc="250,-10,250,-10,250,-10,250,30" hai3="16,20,44,48,52,66,67,81,86,88" /><INIT seed="1,1,0,4,4,47" ten="240,240,240,280" oya="1" hai0="130,30,103,15,45,26,83,108,86,42,41,31,7" hai1="51,60,69,79,95,17,106,128,85,12,99,22,39" hai2="6,66,25,23,112,125,53,36,129,92,21,29,52" hai3="1,101,35,14,65,123,33,100,58,18,11,134,104"/><U0/><E39/><V40/><F129/><W24/><G123/><T90/><D130/><U34/><E128/><V2/><F125/><W124/><G1/><T10/><D108/><U133/><E133/><V81/><F112/><W113/><G124/><T102/><D41/><U80/><E0/><V50/><F66/><W96/><G134/><T110/><D110/><U120/><E120/><V48/><F36/><W97/><G113/><T43/><D43/><U114/><E106/><V44/><F2/><W121/><G121/><T89/><D89/><U56/><E34/><V55/><F6/><W76/><G76/><T46/><D46/><U61/><E114/><V28/><F81/><W118/><G118/><T107/><D107/><U4/><E4/><V78/><F78/><W74/><G74/><T122/><D122/><U93/><E69/><V75/><F75/><W98/><G104/><T68/><D68/><U64/><E61/><V27/><F92/><N who="1" m="35401" /><E99/><V72/><F72/><W117/><G117/><T88/><D90/><U91/><E91/><V116/><F116/><W105/><G105/><T37/><REACH who="0" step="1"/><D31/><REACH who="0" ten="230,240,240,280" step="2"/><U94/><E94/><V82/><F82/><W32/><G101/><T77/><D77/><U84/><E85/><V62/><REACH who="2" step="1"/><F48/><AGARI ba="1,1" hai="12,17,22,48,51,56,60,64,79,80,84" m="35401" machi="48" ten="30,5800,0" yaku="8,1,52,2" doraHai="47" who="1" fromWho="2" sc="230,0,240,71,240,-61,280,0" /><INIT seed="1,2,0,4,1,103" ten="230,311,179,280" oya="1" hai0="1,57,95,36,11,13,72,133,129,79,35,92,21" hai1="43,34,113,84,70,50,33,68,66,118,132,105,109" hai2="10,32,123,71,47,42,54,45,29,4,85,115,111" hai3="18,78,94,107,40,17,64,77,6,130,39,81,91"/><U16/><E118/><V53/><F123/><W20/><G130/><T30/><D129/><U90/><E113/><V62/><F115/><W22/><G107/><T28/><D36/><U52/><E105/><V0/><F111/><W99/><G6/><N who="0" m="1487" /><D30/><U108/><E43/><V15/><F85/><N who="3" m="48303" /><G39/><T86/><D72/><U75/><E75/><V44/><F42/><W38/><G38/><T63/><D86/><U125/><E125/><V97/><F97/><W8/><G78/><T127/><D79/><U110/><E132/><V121/><F121/><W5/><G64/><N who="0" m="39023" /><D133/><U46/><E16/><N who="3" m="6250" /><G40/><T104/><D104/><U49/><E49/><V101/><F101/><W14/><AGARI ba="2,0" hai="5,8,14,20,22,91,94,99" m="6250,48303" machi="14" ten="30,2000,0" yaku="8,1,54,1" doraHai="103" who="3" fromWho="3" sc="230,-7,311,-12,179,-7,280,26" /><INIT seed="2,0,0,2,4,128" ten="223,299,172,306" oya="2" hai0="90,66,79,69,101,15,27,20,32,64,132,16,24" hai1="45,73,58,117,61,35,29,70,54,19,22,113,80" hai2="25,135,21,49,2,52,121,109,89,55,51,115,7" hai3="18,84,85,10,126,56,4,110,23,103,83,114,123"/><V0/><F121/><W65/><G114/><T87/><D132/><U122/><E113/><V47/><F115/><W102/><G110/><T1/><D1/><U60/><E117/><V86/><F109/><W31/><G126/><T36/><D36/><U118/><E118/><V104/><F104/><W8/><G31/><T92/><D69/><U14/><E45/><V34/><F34/><W57/><G123/><T120/><D120/><U71/><E122/><V44/><F135/><W17/><G84/><T67/><D32/><U106/><E106/><V97/><F97/><W94/><G94/><T116/><D116/><U112/><E112/><V9/><F2/><W127/><G18/><T50/><D101/><N who="3" m="38409" /><G65/><T76/><REACH who="0" step="1"/><D50/><REACH who="0" ten="213,299,172,306" step="2"/><U68/><E68/><V107/><F107/><W88/><G127/><T119/><D119/><U46/><E71/><V39/><F39/><W130/><G130/><T111/><D111/><U100/><E70/><V81/><F21/><W91/><G91/><T77/><AGARI ba="0,1" hai="15,16,20,24,27,64,66,67,76,77,79,87,90,92" machi="77" ten="30,7900,0" yaku="1,1,0,1,8,1,54,1,53,0" doraHai="128" doraHaiUra="129" who="0" fromWho="0" sc="213,89,299,-20,172,-39,306,-20" /><INIT seed="3,0,0,3,1,76" ten="302,279,133,286" oya="3" hai0="88,120,109,66,9,58,85,126,35,130,98,110,11" hai1="74,40,52,101,51,33,118,64,78,75,93,83,56" hai2="47,132,26,1,45,105,121,100,84,115,39,60,133" hai3="21,27,25,0,24,79,59,117,18,125,16,32,34"/><W77/><G117/><T53/><D120/><U129/><E33/><V31/><F115/><W43/><G0/><T72/><D130/><U30/><E30/><V57/><F1/><W107/><G125/><T92/><D126/><U68/><E129/><V14/><F121/><W103/><G107/><T13/><D72/><U65/><E118/><V5/><F39/><W55/><G34/><T89/><D66/><U48/><E74/><V90/><F100/><W7/><G32/><T15/><D35/><U23/><E23/><N who="2" m="15839" /><F105/><W134/><G134/><N who="2" m="51817" /><F14/><N who="0" m="5130" /><D110/><U128/><E128/><V3/><F3/><W69/><G69/><T22/><D22/><U113/><E113/><V119/><F5/><W97/><G7/><T91/><D109/><U44/><REACH who="1" step="1"/><E68/><REACH who="1" ten="302,269,133,286" step="2"/><V73/><F73/><W96/><G43/><T86/><D11/><U114/><E114/><V81/><F119/><W70/><G70/><T106/><D9/><U38/><E38/><V36/><F36/><W82/><G21/><T123/><D123/><U127/><E127/><V104/><F104/><W62/><G79/><T99/><D106/><U49/><E49/><V116/><F116/><W67/><G67/><T94/><D91/><U46/><E46/><V37/><F37/><W63/><G63/><AGARI ba="0,1" hai="53,58,63,85,86,88,89,92,94,98,99" m="5130" machi="63" ten="30,2000,0" yaku="8,1,54,1" doraHai="76" who="0" fromWho="3" sc="302,30,269,0,133,0,286,-20" owari="332,43.0,269,7.0,133,-37.0,266,-13.0" /></mjloggm>