<mjloggm ver="2.3"><GO type="41" lobby="0"/><UN n0="%E3%83%92%E3%83%AD%31%39%38%35" n1="%E3%83%90%E3%83%B3%E3%83%96%E3%83%BC%E3%83%A1%E3%83%A2%E3%83%AA%E3%83%BC" n2="%E6%B2%B3%E8%B1%9A%E5%BC%8F%E6%94%B9" n3="%E5%B0%B1%E6%B4%BB%E7%94%9F%40%E5%B7%9D%E6%9D%91%E8%BB%8D%E5%9B%A3" dan="14,15,13,15" rate="2003.11,1993.90,1891.74,2053.54" sx="F,M,M,M"/><TAIKYOKU oya="0"/><INIT seed="0,0,0,2,3,82" ten="250,250,250,250" oya="0" hai0="43,80,116,74,65,105,56,57,98,127,75,67,59" hai1="91,93,12,6,121,20,48,85,88,70,73,45,92" hai2="49,129,134,111,77,17,41,83,23,1,25,87,46" hai3="55,15,30,102,52,81,53,26,16,118,86,64,66"/><T130/><D116/><U63/><E121/><V84/><F1/><W44/><G102/><T27/><D130/><U32/><E73/><V133/><F129/><W101/><G101/><T119/><D119/><U69/><E32/><V120/><F120/><W94/><G94/><T33/><D127/><U2/><E2/><V114/><F114/><W22/><G44/><T58/><D43/><U103/><E103/><V3/><F3/><W14/><G118/><T0/><D0/><U96/><E63/><V108/><REACH who="2" step="1"/><F87/><REACH who="2" ten="250,250,240,250" step="2"/><W106/><G106/><T112/><D112/><U39/><E39/><V42/><F42/><W95/><G95/><T128/><D128/><U79/><E79/><V97/><F97/><W10/><G15/><T24/><D105/><U61/><E61/><V40/><F40/><W132/><G132/><AGARI ba="0,1" hai="17,23,25,41,46,49,77,83,84,108,111,132,133,134" machi="132" ten="40,12000,2" yaku="1,1,20,1,52,1,53,3" doraHai="82" doraHaiUra="131" who="2" fromWho="3" sc="250,0,250,0,240,130,250,-120" /><INIT seed="1,0,0,3,0,61" ten="250,250,370,130" oya="1" hai0="97,62,115,116,101,113,18,96,77,99,102,87,39" hai1="117,94,65,56,95,108,30,67,104,24,57,11,60" hai2="71,32,12,122,3,86,131,47,10,37,134,69,8" hai3="6,132,53,130,4,70,19,114,98,121,38,119,72"/><U33/><E117/><V16/><F32/><W112/><G70/><T46/><D116/><U50/><E108/><V23/><F122/><W90/><G38/><T110/><D110/><U15/><E104/><V85/><F131/><W44/><G72/><T41/><D18/><U27/><E27/><V124/><F124/><W9/><G121/><T43/><D43/><U49/><E49/><V26/><F134/><W89/><G119/><T84/><D77/><U2/><E2/><V52/><F37/><W81/><G132/><T91/><D62/><U128/><E128/><V64/><F71/><W20/><G130/><T109/><D109/><U45/><E67/><V25/><F3/><W118/><G118/><T129/><D129/><U73/><E56/><V105/><F105/><W66/><G66/><T42/><D42/><U48/><E48/><N who="2" m="28703" /><F64/><W78/><G114/><T14/><D14/><U13/><E13/><V92/><F69/><W21/><G112/><T59/><D59/><U103/><E103/><V7/><F7/><W0/><G6/><T34/><D34/><U54/><REACH who="1" step="1"/><E73/><REACH who="1" ten="250,240,370,130" step="2"/><V135/><F135/><W63/><G0/><T74/><D74/><U123/><E123/><V83/><F25/><W120/><G63/><T68/><D68/><U93/><E93/><V22/><F26/><W133/><G44/><T88/><D115/><U40/><E40/><V29/><F29/><W58/><G133/><T82/><D113/><U55/><E55/><V80/><F92/><W125/><G53/><T35/><D35/><U31/><E31/><V51/><F51/><W28/><G58/><RYUUKYOKU ba="0,1" sc="250,15,240,15,370,-15,130,-15" hai0="39,41,46,82,84,87,88,91,96,97,99,101,102" hai1="11,15,24,30,33,45,50,54,57,60,65,94,95" /><INIT seed="1,1,1,0,0,11" ten="265,255,355,115" oya="1" hai0="38,42,63,8,73,18,106,79,129,93,81,37,22" hai1="14,55,29,72,82,117,25,132,6,31,59,10,86" hai2="36,30,1,99,104,68,70,122,109,15,13,97,32" hai3="107,88,39,96,12,120,34,131,41,115,95,126,119"/><U28/><E117/><V102/><F1/><W128/><G115/><T69/><D106/><U24/><E72/><V51/><F36/><W92/><G120/><T74/><D74/><U3/><E3/><V123/><F109/><W130/><G34/><T133/><D133/><U111/><E132/><V101/><F51/><W40/><G107/><T75/><D75/><U94/><E94/><V84/><F84/><W64/><G64/><T134/><D134/><U108/><E111/><V17/><F17/><W90/><G39/><T20/><D129/><U48/><REACH who="1" step="1"/><E108/><REACH who="1" ten="265,245,355,115" step="2"/><V53/><F104/><W121/><G119/><T5/><D93/><U43/><E43/><V9/><F32/><W4/><G121/><T33/><D42/><U23/><E23/><V16/><F9/><N who="3" m="4135" /><G126/><T61/><D33/><U100/><E100/><V124/><F124/><W35/><G35/><T118/><D118/><U26/><E26/><V2/><F2/><W76/><G76/><AGARI ba="1,2" hai="6,10,14,24,25,28,29,31,48,55,59,76,82,86" machi="76" ten="40,7700,0" yaku="1,1,8,1,52,1,53,0" doraHai="11" doraHaiUra="58" who="1" fromWho="3" sc="265,0,245,100,355,0,115,-80" /><INIT seed="1,2,0,2,0,109" ten="265,345,355,35" oya="1" hai0="10,110,60,93,48,126,20,121,52,57,43,2,24" hai1="45,28,103,132,101,114,39,66,100,30,105,13,87" hai2="72,82,99,18,96,36,42,117,1,58,65,125,46" hai3="63,119,91,25,3,78,68,64,62,32,50,120,38"/><U135/><E114/><V106/><F106/><W75/><G120/><T79/><D110/><U90/><E66/><V112/><F117/><W74/><G119/><T77/><D121/><U69/><E69/><V98/><F125/><W92/><G3/><T4/><D126/><U83/><E13/><V6/><F18/><W33/><G38/><T47/><REACH who="0" step="1"/><D93/><REACH who="0" ten="255,345,355,35" step="2"/><U127/><E127/><V15/><F15/><W37/><G37/><T7/><D7/><U129/><E129/><V95/><F95/><W19/><G50/><T31/><AGARI ba="2,1" hai="2,4,10,20,24,31,43,47,48,52,57,60,77,79" machi="31" ten="20,12000,2" yaku="1,1,0,1,7,1,54,1,53,2" doraHai="109" doraHaiUra="73" who="0" fromWho="0" sc="255,136,345,-62,355,-32,35,-32" /><INIT seed="2,0,0,0,0,121" ten="391,283,323,3" oya="2" hai0="11,107,53,18,64,12,69,93,47,105,33,9,46" hai1="20,86,120,85,79,73,70,102,82,135,104,42,6" hai2="25,75,78,80,2,3,31,88,57,91,108,32,92" hai3="119,122,101,126,94,114,16,36,99,96,49,21,34"/><V113/><F91/><W98/><G34/><T29/><D33/><U62/><E120/><V30/><F30/><W41/><G36/><T134/><D29/><U67/><E135/><V77/><F77/><W87/><G114/><T74/><D74/><U97/><E42/><V27/><F27/><W124/><G122/><T22/><D134/><U59/><E6/><V129/><F113/><W10/><G119/><T68/><D107/><U26/><REACH who="1" step="1"/><E70/><REACH who="1" ten="391,273,323,3" step="2"/><V56/><F129/><W66/><G66/><T48/><D68/><U23/><E23/><V8/><F8/><W0/><G0/><T132/><D9/><U44/><E44/><V109/><F3/><W128/><G10/><T133/><D47/><U127/><E127/><N who="3" m="48682" /><G128/><T38/><D11/><U43/><E43/><V83/><F2/><W106/><G41/><T125/><D64/><U50/><E50/><V60/><F83/><W112/><G112/><T51/><D69/><U7/><E7/><V130/><F130/><W61/><G49/><T28/><D51/><U118/><E118/><V111/><REACH who="2" step="1"/><F60/><REACH who="2" ten="391,273,313,3" step="2"/><W54/><G61/><T15/><D125/><U115/><E115/><V1/><F1/><W24/><G54/><T37/><D53/><U131/><E131/><V76/><F76/><W116/><G116/><T40/><D133/><U123/><E123/><V95/><F95/><W55/><G55/><T100/><D93/><U103/><E103/><V45/><F45/><W110/><G110/><T5/><D132/><U13/><E13/><V19/><F19/><AGARI ba="0,2" hai="19,20,26,59,62,67,73,79,82,85,86,97,102,104" machi="19" ten="30,3900,0" yaku="1,1,7,1,53,1" doraHai="121" doraHaiUra="72" who="1" fromWho="2" sc="391,0,273,59,313,-39,3,0" /><INIT seed="3,0,0,5,3,33" ten="391,332,274,3" oya="3" hai0="59,38,41,16,48,101,109,56,55,97,110,92,51" hai1="95,66,3,102,82,60,80,131,18,73,14,45,12" hai2="91,29,111,39,115,117,19,113,34,40,50,135,120" hai3="77,79,62,44,26,21,67,65,133,84,74,134,5"/><W106/><G106/><T11/><D38/><U24/><E131/><V53/><F29/><W107/><G107/><T104/><D104/><U20/><E3/><V119/><F34/><W118/><G74/><T88/><D101/><U70/><E45/><V112/><F91/><W35/><G35/><T96/><D96/><U47/><E47/><V42/><F19/><N who="3" m="12607" /><G118/><T124/><D124/><U7/><E7/><V15/><F15/><W23/><G5/><T75/><D75/><U57/><E70/><V90/><F90/><W22/><G44/><N who="0" m="25615" /><D110/><U130/><E130/><V132/><F50/><W49/><G49/><T81/><D81/><U108/><E108/><V105/><F53/><W64/><G62/><T94/><D94/><U61/><E61/><V4/><F132/><N who="3" m="50795" /><G84/><T71/><D109/><U27/><E73/><V83/><F105/><W89/><G89/><T121/><D71/><U126/><E126/><V63/><F111/><W0/><G0/><T28/><D121/><U2/><E2/><V128/><F120/><W114/><G114/><T99/><D97/><N who="1" m="59711" /><E27/><V68/><F135/><W17/><G23/><T1/><D1/><U32/><E32/><V69/><F128/><W46/><G46/><N who="0" m="28151" /><D28/><U93/><E93/><V9/><F113/><W13/><AGARI ba="0,0" hai="13,17,22,64,65,67,77,79" m="50795,12607" machi="13" ten="30,1500,0" yaku="20,1" doraHai="33" who="3" fromWho="3" sc="391,-5,332,-5,274,-5,3,15" /><INIT seed="3,1,0,0,3,37" ten="386,327,269,18" oya="3" hai0="91,49,102,70,59,73,14,3,48,25,0,110,2" hai1="47,78,98,131,112,57,93,67,72,127,45,9,76" hai2="103,51,106,65,85,133,7,66,69,20,114,86,100" hai3="19,11,27,29,111,13,31,80,84,44,35,30,124"/><W117/><G117/><T134/><D70/><U5/><E112/><V36/><F36/><W83/><G124/><T68/><D68/><U50/><E127/><V128/><F69/><W108/><G44/><T115/><D73/><U28/><E131/><V32/><F7/><W6/><G83/><T38/><D115/><U125/><E125/><V60/><F114/><W26/><G80/><T97/><D38/><U71/><E71/><V96/><F96/><W116/><G116/><T22/><D134/><U8/><E28/><N who="3" m="10858" /><G84/><T56/><D14/><U17/><E17/><V94/><F20/><AGARI ba="1,0" hai="6,11,13,19,20,26,27,31,35,108,111" m="10858" machi="20" ten="30,2900,0" yaku="34,2" doraHai="37" who="3" fromWho="2" sc="386,0,327,0,269,-32,18,32" /><INIT seed="3,2,0,4,5,25" ten="386,327,237,50" oya="3" hai0="2,49,79,62,84,98,48,91,8,95,109,20,81" hai1="102,1,106,40,51,28,110,117,27,64,56,39,5" hai2="74,90,33,100,123,82,92,111,10,128,69,134,96" hai3="50,41,65,18,107,126,47,32,133,97,45,89,71"/><W72/><G72/><T116/><D116/><U66/><E117/><V26/><F10/><W118/><G118/><T35/><D35/><U122/><E122/><V85/><F123/><W88/><G32/><T73/><D109/><U15/><E110/><V67/><F74/><W124/><G133/><T4/><D62/><U44/><E1/><V76/><F134/><W37/><G71/><T129/><D129/><U9/><E39/><V115/><F128/><W13/><G65/><T101/><REACH who="0" step="1"/><D20/><REACH who="0" ten="376,327,237,50" step="2"/><U29/><E29/><V63/><F111/><W70/><G70/><T125/><D125/><N who="3" m="48233" /><G107/><AGARI ba="2,1" hai="2,4,8,48,49,73,79,81,84,91,95,98,101,107" machi="107" ten="30,7700,0" yaku="1,1,7,1,24,2,53,0" doraHai="25" doraHaiUra="131" who="0" fromWho="3" sc="376,93,327,0,237,0,50,-83" owari="469,56.0,327,13.0,237,-16.0,-33,-53.0" /></mjloggm>