<mjloggm ver="2.3"><GO type="41" lobby="0"/><UN n0="%E3%81%A6%E3%81%BD%E3%81%A9%E3%82%93%EF%BC%81" n1="%E5%B0%B1%E6%B4%BB%E7%94%9F%40%E5%B7%9D%E6%9D%91%E8%BB%8D%E5%9B%A3" n2="%E3%81%A4%E3%81%98%E3%82%82%E3%82%93%E3%83%A9%E3%83%96" n3="%73%68%6F%63%6B" dan="13,15,13,13" rate="1890.61,1995.80,1894.70,1991.59" sx="M,M,M,M"/><TAIKYOKU oya="0"/><INIT seed="0,0,0,4,5,26" ten="250,250,250,250" oya="0" hai0="61,83,31,55,118,48,93,114,15,27,128,23,54" hai1="109,111,57,35,117,43,20,115,37,39,17,9,75" hai2="10,51,45,71,96,60,124,92,0,33,59,1,18" hai3="25,84,34,134,90,69,73,62,41,116,108,7,24"/><T88/><D118/><U77/><E35/><V123/><F71/><W104/><G116/><T19/><D114/><U66/><E117/><V98/><F123/><W38/><G73/><T121/><D121/><U47/><E115/><V56/><F124/><W30/><G104/><T97/><D128/><U65/><E39/><V12/><F33/><W126/><G126/><T28/><D83/><U67/><E9/><V49/><F59/><W46/><G134/><T105/><D105/><U127/><E127/><V58/><F58/><W44/><G108/><T52/><D61/><U13/><E75/><V95/><F51/><W113/><G113/><T70/><D70/><U89/><E77/><V32/><F32/><W3/><G24/><T78/><D78/><U8/><E89/><V36/><F36/><W129/><G129/><T119/><D119/><U101/><E101/><V107/><F92/><W5/><G3/><T2/><D2/><U50/><E57/><V14/><F98/><W125/><G125/><T72/><D72/><U16/><REACH who="1" step="1"/><E37/><REACH who="1" ten="250,240,250,250" step="2"/><V40/><F107/><W82/><G44/><N who="0" m="27655" /><D27/><AGARI ba="0,1" hai="8,13,16,17,20,27,43,47,50,65,66,67,109,111" machi="27" ten="40,8000,1" yaku="1,1,54,1,53,2" doraHai="26" doraHaiUra="122" who="1" fromWho="0" sc="250,-80,240,90,250,0,250,0" /><INIT seed="1,0,0,1,5,135" ten="170,330,250,250" oya="1" hai0="45,3,78,21,102,101,93,97,35,4,76,44,75" hai1="19,64,30,105,17,33,122,61,2,82,95,11,119" hai2="49,72,32,26,106,67,121,100,65,132,36,53,81" hai3="20,43,28,5,123,18,12,127,113,55,54,8,89"/><U74/><E105/><V85/><F36/><W84/><G123/><T94/><D35/><U23/><E122/><V79/><F72/><W87/><G113/><T27/><D75/><U62/><E119/><V109/><F109/><W117/><G117/><T59/><D59/><U90/><E33/><V115/><F115/><W88/><G28/><T110/><D110/><U71/><E30/><V38/><F38/><W42/><G127/><T52/><D3/><U83/><E74/><V125/><F125/><W134/><G134/><T10/><D78/><U47/><E47/><V13/><F13/><W107/><G107/><T63/><D76/><U9/><E62/><V99/><F132/><W112/><G112/><T133/><D133/><U68/><E68/><V103/><F121/><W118/><G118/><T86/><D86/><U111/><E111/><V126/><F126/><W0/><G54/><T98/><D10/><U16/><E23/><V131/><F103/><W24/><G0/><T108/><D4/><U80/><REACH who="1" step="1"/><E2/><REACH who="1" ten="170,320,250,250" step="2"/><V1/><F1/><W69/><G69/><T34/><D34/><U31/><E31/><V130/><F32/><W129/><G20/><T70/><D70/><U124/><E124/><V15/><F106/><W25/><G8/><T120/><D120/><U58/><E58/><V46/><F46/><W60/><G60/><T29/><D108/><U14/><E14/><V7/><F15/><W116/><G12/><T51/><D63/><U57/><E57/><V128/><F26/><W56/><G24/><T73/><D73/><U48/><E48/><V41/><F49/><RYUUKYOKU ba="0,1" sc="170,15,320,15,250,-15,250,-15" hai0="21,27,29,44,45,51,52,93,94,97,98,101,102" hai1="9,11,16,17,19,61,64,71,80,82,83,90,95" /><INIT seed="1,1,1,0,5,92" ten="185,335,235,235" oya="1" hai0="101,115,104,52,7,73,70,1,108,120,34,126,19" hai1="5,38,8,18,47,14,39,103,49,41,31,3,91" hai2="25,12,29,87,109,80,58,81,98,15,28,135,51" hai3="112,40,116,67,85,43,20,74,59,84,105,133,13"/><U89/><E31/><V21/><F109/><W68/><G112/><T10/><RYUUKYOKU type="yao9" ba="1,1" sc="185,0,335,0,235,0,235,0" hai0="1,7,10,19,34,52,70,73,101,104,108,115,120,126" /><INIT seed="1,2,1,3,2,11" ten="185,335,235,235" oya="1" hai0="78,76,128,120,134,63,37,44,115,46,14,50,98" hai1="2,38,67,112,15,107,130,13,61,4,21,113,108" hai2="81,24,27,135,51,105,9,57,7,49,52,30,93" hai3="69,106,101,114,26,119,124,99,127,97,36,77,133"/><U95/><E107/><V83/><F105/><W103/><G36/><T80/><D120/><U65/><E38/><V45/><F135/><W73/><G69/><T53/><D115/><U82/><E2/><V34/><F93/><N who="3" m="58543" /><G26/><T66/><D134/><U59/><E130/><V47/><F27/><W68/><G133/><T8/><D128/><U29/><E108/><V125/><F125/><N who="3" m="48203" /><G68/><T94/><D37/><U89/><E113/><V117/><F117/><W18/><G18/><T96/><D94/><U35/><E35/><V116/><F116/><W84/><G73/><T54/><D80/><U102/><E112/><V132/><F57/><W71/><G71/><T60/><D98/><N who="1" m="59743" /><E65/><V33/><F33/><W72/><G114/><T131/><D131/><U10/><E89/><V79/><F79/><N who="0" m="30250" /><D96/><U17/><E82/><V75/><F75/><W62/><G72/><T42/><D66/><U88/><E88/><V6/><F132/><W122/><G62/><N who="0" m="23595" /><D44/><U126/><E126/><V40/><REACH who="2" step="1"/><F7/><AGARI ba="2,1" hai="7,8,14,42,46,50,53,54" m="23595,30250" machi="7" ten="30,2000,0" yaku="8,1,52,1" doraHai="11" who="0" fromWho="2" sc="185,36,335,0,235,-26,235,0" /><INIT seed="2,0,0,3,1,26" ten="221,335,209,235" oya="2" hai0="25,127,117,45,108,15,111,91,18,116,21,14,50" hai1="8,62,83,135,85,11,86,104,41,60,71,52,0" hai2="84,76,95,118,105,75,90,19,43,67,53,5,96" hai3="54,93,46,80,2,37,33,73,77,89,119,55,35"/><V32/><F32/><W68/><G119/><N who="0" m="45643" /><D127/><U22/><E104/><V130/><F130/><W129/><G2/><T49/><D91/><U12/><E135/><V107/><F118/><W30/><G68/><T63/><D63/><U110/><E110/><N who="0" m="42025" /><D45/><U27/><E41/><V17/><F107/><W59/><G129/><T39/><D39/><U58/><E0/><V40/><F5/><W78/><G33/><T106/><D106/><U114/><E114/><V128/><F128/><W57/><G77/><T126/><D126/><U97/><E97/><V98/><F98/><W51/><G37/><T87/><D87/><U82/><E12/><N who="0" m="4649" /><D50/><U38/><E38/><V122/><F122/><W16/><G54/><T124/><D49/><U133/><E133/><V113/><F67/><W74/><G74/><T1/><D124/><U131/><E131/><V56/><F43/><W42/><G42/><T28/><D1/><U102/><E102/><V13/><F40/><W48/><G57/><T6/><D6/><U92/><E92/><V29/><F75/><W47/><G48/><T9/><D9/><N who="1" m="3659" /><E71/><V66/><F76/><W101/><G101/><T79/><D79/><U94/><E62/><V132/><F132/><W100/><G100/><T7/><D7/><U121/><E121/><V3/><F3/><W112/><G47/><T61/><D61/><U123/><E123/><V24/><F66/><W36/><G46/><T44/><D44/><U125/><E125/><V64/><F64/><W10/><G36/><T23/><D23/><U34/><E22/><V72/><F72/><W69/><G69/><RYUUKYOKU ba="0,0" sc="221,30,335,-10,209,-10,235,-10" hai0="18,21,25,28" /><INIT seed="3,1,0,5,4,102" ten="251,325,199,225" oya="3" hai0="125,26,121,104,48,85,71,73,115,101,69,60,38" hai1="105,95,15,45,91,87,120,103,134,30,107,118,44" hai2="93,116,37,42,2,130,135,77,33,127,67,53,34" hai3="11,117,124,106,54,16,126,63,39,57,1,24,32"/><W81/><G39/><T41/><D121/><U122/><E118/><V84/><F93/><W46/><G117/><T133/><D85/><U86/><E134/><V82/><F67/><W79/><G46/><T88/><D73/><U12/><E30/><V74/><F53/><W52/><G54/><T129/><D38/><U65/><E103/><V123/><F42/><W20/><G32/><T28/><D88/><U109/><E91/><V43/><F43/><W22/><G22/><T96/><D41/><U66/><E95/><V19/><F19/><W113/><G113/><T7/><D48/><U6/><E6/><V68/><F84/><W25/><G25/><T97/><D7/><U110/><AGARI ba="1,0" hai="12,15,44,45,65,66,86,87,105,107,109,110,120,122" machi="110" ten="25,8000,1" yaku="0,1,22,2,52,2" doraHai="102" who="1" fromWho="1" sc="251,-21,325,83,199,-21,225,-41" /><INIT seed="4,0,0,3,1,72" ten="230,408,178,184" oya="0" hai0="2,80,125,110,109,71,86,115,45,38,113,130,99" hai1="54,19,23,105,57,52,31,55,1,61,85,69,25" hai2="59,9,35,118,29,93,91,36,107,51,17,81,37" hai3="47,119,12,132,68,73,127,40,53,49,131,82,75"/><T39/><D2/><U121/><E121/><V4/><F107/><W76/><G119/><T56/><D71/><U135/><E135/><V11/><F118/><W96/><G132/><T3/><D3/><U95/><E105/><V63/><F51/><W30/><G131/><T114/><D130/><U28/><E1/><V84/><F81/><W116/><G116/><T13/><D125/><U79/><E69/><V112/><F112/><W90/><G127/><T22/><D99/><U133/><E133/><V89/><F89/><W77/><G68/><T92/><D92/><U50/><E95/><V124/><F124/><W101/><G30/><T24/><D13/><U123/><E123/><V26/><F17/><W32/><G32/><T27/><D56/><U120/><E120/><V103/><F103/><W98/><G101/><T44/><D86/><U67/><E50/><V102/><F102/><W64/><G64/><T42/><D80/><AGARI ba="0,0" hai="19,23,25,28,31,52,54,55,57,61,67,79,80,85" machi="80" ten="40,5200,0" yaku="8,1,52,1,54,1" doraHai="72" who="1" fromWho="0" sc="230,-52,408,52,178,0,184,0" /><INIT seed="5,0,0,0,2,20" ten="178,460,178,184" oya="1" hai0="21,2,91,129,111,126,26,42,39,55,119,83,58" hai1="90,52,135,107,8,74,64,94,112,16,36,12,33" hai2="60,99,34,85,88,46,123,101,81,79,61,128,96" hai3="122,70,104,25,87,132,28,134,56,93,120,65,31"/><U68/><E36/><V109/><F109/><W37/><G37/><T27/><D119/><U116/><E107/><V38/><F34/><W40/><G104/><T125/><D111/><U50/><E116/><V45/><F38/><W133/><G40/><T10/><D129/><U3/><E74/><V24/><F123/><W71/><G31/><T14/><D2/><U118/><E118/><V86/><F128/><W76/><G56/><T43/><D39/><U67/><E33/><V29/><F99/><W59/><G59/><T9/><D91/><U98/><E112/><V84/><F84/><W80/><G93/><T57/><D83/><U47/><E68/><V0/><F61/><W121/><REACH who="3" step="1"/><G65/><REACH who="3" ten="178,460,178,174" step="2"/><T1/><D1/><U130/><E130/><V19/><F29/><W18/><G18/><N who="0" m="10455" /><D43/><U66/><E135/><V51/><F46/><W53/><G53/><T5/><D42/><U44/><E3/><V108/><F0/><W49/><G49/><N who="0" m="30959" /><D58/><AGARI ba="0,1" hai="8,12,16,44,47,50,52,58,64,66,67,90,94,98" machi="58" ten="40,7700,0" yaku="8,1,54,2" doraHai="20" who="1" fromWho="0" sc="178,-77,460,87,178,0,174,0" /><INIT seed="5,1,0,5,2,5" ten="101,547,178,174" oya="1" hai0="71,2,102,25,117,107,16,74,127,79,78,68,89" hai1="72,38,73,130,100,134,31,86,111,49,37,41,94" hai2="132,119,88,93,120,23,123,125,55,34,84,53,14" hai3="8,99,69,33,42,40,32,45,67,58,48,43,76"/><U4/><E4/><V27/><F34/><W133/><G76/><T13/><D117/><U124/><E31/><V61/><F119/><W110/><G110/><T95/><D127/><U109/><E41/><V82/><F125/><W30/><G133/><T101/><D2/><U64/><E64/><V26/><F26/><W28/><G99/><T56/><D71/><U96/><E49/><V131/><F131/><W114/><G114/><T129/><D129/><U39/><E130/><V65/><F132/><W21/><G32/><T115/><D115/><U18/><E124/><V77/><F120/><W46/><G33/><T52/><D68/><U90/><E18/><V70/><F123/><W60/><G21/><T47/><D47/><U44/><E44/><V105/><F14/><W54/><G8/><N who="0" m="6183" /><D25/><U113/><E113/><V10/><F10/><W19/><G19/><T121/><D107/><U122/><E122/><V24/><F24/><W51/><G28/><T9/><D9/><U1/><E1/><V83/><F105/><W75/><G30/><T128/><D128/><U6/><E6/><V3/><F3/><W20/><G20/><T59/><D59/><U63/><E63/><V116/><F116/><W81/><G75/><T103/><D74/><U97/><E134/><V98/><F83/><W15/><G15/><T35/><D35/><U50/><E50/><N who="3" m="18986" /><G81/><T11/><D11/><U29/><E29/><AGARI ba="1,0" hai="23,27,29,53,55,61,65,70,77,82,84,88,93,98" machi="29" ten="30,2000,0" yaku="7,1,54,1" doraHai="5" who="2" fromWho="1" sc="101,0,547,-23,178,23,174,0" /><INIT seed="6,0,0,4,1,38" ten="101,524,201,174" oya="2" hai0="34,46,26,77,84,67,44,24,71,98,108,19,12" hai1="33,132,58,86,51,105,78,69,89,96,79,2,23" hai2="20,102,52,39,13,25,95,62,28,0,4,7,47" hai3="55,45,72,93,37,117,6,36,42,123,80,17,3"/><V22/><F0/><W65/><G123/><T101/><D108/><U124/><E33/><V110/><F110/><W125/><G125/><T61/><D34/><U91/><E2/><V133/><F133/><W16/><G117/><T18/><D18/><U59/><E69/><V104/><F104/><W81/><G36/><T75/><D75/><U103/><E124/><V134/><F134/><W130/><G130/><T90/><D77/><U73/><E132/><V115/><F115/><W100/><G65/><T128/><D128/><U15/><E89/><V56/><F39/><W99/><G80/><T111/><D111/><U135/><E135/><V53/><F95/><W126/><G55/><T114/><D114/><U9/><E23/><V85/><F85/><W83/><G83/><T54/><D54/><U88/><E91/><V120/><F102/><W50/><G50/><T107/><D26/><U97/><E97/><V14/><F120/><W66/><G66/><T30/><D90/><U8/><E8/><V1/><F1/><W32/><G32/><N who="0" m="20551" /><D84/><U21/><E21/><AGARI ba="0,0" hai="12,19,21,44,46,61,67,71,98,101,107" m="20551" machi="21" ten="30,1000,0" yaku="25,1" doraHai="38" who="0" fromWho="1" sc="101,10,524,-10,201,0,174,0" /><INIT seed="7,0,0,3,3,99" ten="111,514,201,174" oya="3" hai0="70,107,48,59,62,61,35,7,72,28,130,41,23" hai1="135,79,56,115,54,32,118,133,46,104,12,51,25" hai2="109,78,80,65,71,20,24,64,73,58,19,116,108" hai3="11,120,2,49,119,75,9,123,37,66,86,105,117"/><W129/><G11/><T36/><D72/><U106/><E115/><V124/><F124/><W110/><G49/><T128/><D107/><U121/><E121/><V21/><F116/><W22/><G66/><T39/><D7/><U94/><E118/><V16/><F71/><W26/><G86/><T38/><D23/><U6/><E79/><V52/><F65/><W82/><G22/><T101/><D35/><U74/><E74/><V84/><F73/><W5/><G26/><T88/><D28/><U134/><E94/><V29/><F29/><W34/><G129/><N who="0" m="49771" /><D41/><U45/><E25/><V83/><F83/><W50/><G34/><T87/><D70/><U100/><E32/><V18/><F18/><W112/><G110/><T43/><D43/><U103/><E106/><V30/><F30/><W127/><G117/><T4/><D4/><U8/><E104/><V63/><F64/><W96/><G119/><T33/><D33/><U122/><E122/><V31/><REACH who="2" step="1"/><F21/><REACH who="2" ten="111,514,191,174" step="2"/><W92/><G120/><T27/><D27/><U55/><E55/><V76/><F76/><W89/><G75/><T132/><D48/><U57/><E57/><V17/><AGARI ba="0,1" hai="16,17,19,20,24,31,52,58,63,78,80,84,108,109" machi="17" ten="30,7900,0" yaku="1,1,0,1,54,2,53,0" doraHai="99" doraHaiUra="68" who="2" fromWho="2" sc="111,-20,514,-20,191,89,174,-39" owari="91,-41.0,494,59.0,280,8.0,135,-26.0" /></mjloggm>