<mjloggm ver="2.3"><GO type="97" lobby="0"/><UN n0="%E5%B0%B1%E6%B4%BB%E7%94%9F%40%E5%B7%9D%E6%9D%91%E8%BB%8D%E5%9B%A3" n1="%E5%A4%A9%E6%B1%9F%E8%A1%A3%E3%82%BF%E3%83%AB%E3%82%BF%E3%83%AB%EF%BD%9E" n2="%E5%B9%B3%E4%BA%95%E9%8A%80%E3%83%8B" n3="%6D%69%73%63%61%73%74" dan="15,14,14,14" rate="2059.64,1941.64,1924.37,1926.22" sx="M,F,M,M"/><TAIKYOKU oya="0"/><INIT seed="0,0,0,5,4,61" ten="250,250,250,250" oya="0" hai0="44,97,92,123,100,12,4,116,84,48,55,50,117" hai1="22,34,24,130,93,53,113,66,68,21,125,13,107" hai2="9,118,52,88,124,15,77,19,131,85,89,27,90" hai3="54,7,38,11,3,29,101,65,45,115,31,70,104"/><T99/><D123/><U42/><E130/><V75/><F131/><W25/><G115/><T49/><D117/><U109/><E107/><V82/><F124/><W111/><G111/><T46/><D116/><U0/><E109/><V40/><F118/><W35/><G54/><T108/><D108/><U16/><E0/><V126/><F126/><W132/><G31/><T30/><D30/><U71/><E125/><V14/><F40/><W94/><G94/><N who="0" m="58423" /><D84/><U134/><E113/><V59/><F27/><W28/><G28/><T91/><D55/><U36/><E34/><V23/><F75/><W57/><G57/><T18/><D4/><U102/><E134/><V119/><F119/><W10/><G10/><AGARI ba="0,0" hai="10,12,18,44,46,48,49,50,91,92,99" m="58423" machi="10" ten="30,1500,0" yaku="8,1" doraHai="61" who="0" fromWho="3" sc="250,15,250,0,250,0,250,-15" /><INIT seed="0,1,0,3,2,129" ten="265,250,250,235" oya="0" hai0="102,66,134,93,11,121,57,133,123,5,10,17,6" hai1="126,61,25,68,39,90,89,30,75,4,106,117,21" hai2="62,64,26,85,91,135,87,86,94,8,42,59,46" hai3="70,71,105,41,73,124,96,35,28,78,1,72,13"/><T98/><D66/><U109/><E117/><V7/><F26/><W27/><G1/><T51/><D57/><U88/><E109/><V3/><REACH who="2" step="1"/><F135/><REACH who="2" ten="265,250,240,235" step="2"/><N who="0" m="51722" /><D51/><AGARI ba="1,1" hai="3,7,8,42,46,51,59,62,64,85,86,87,91,94" machi="51" ten="30,2000,0" yaku="1,1,7,1,53,0" doraHai="129" doraHaiUra="100" who="2" fromWho="0" sc="265,-23,250,0,240,33,235,0" /><INIT seed="1,0,0,2,0,11" ten="242,250,273,235" oya="1" hai0="66,9,118,123,56,12,53,49,87,71,105,114,119" hai1="0,99,68,100,63,106,50,108,80,4,37,15,135" hai2="125,116,14,94,43,101,120,19,85,31,44,132,36" hai3="117,35,38,45,109,20,28,113,133,121,24,81,124"/><U41/><E0/><V134/><F120/><W13/><G121/><T78/><D105/><U90/><E135/><N who="2" m="51755" /><F125/><W55/><G133/><T69/><D114/><U97/><E37/><V89/><F116/><W48/><G113/><T75/><D75/><U33/><E33/><V128/><F128/><W17/><G124/><T79/><D123/><U29/><E29/><V84/><F101/><W95/><G109/><T10/><D9/><U57/><E68/><V127/><F31/><W25/><G38/><T74/><D74/><U107/><E108/><V129/><F129/><W102/><G81/><T61/><D71/><U86/><E106/><V59/><F59/><W2/><G2/><T126/><D126/><U130/><E130/><V98/><F127/><W72/><G72/><T52/><D53/><U92/><E107/><V7/><F7/><W3/><G3/><T103/><D103/><U18/><E4/><V70/><F70/><W21/><G117/><T111/><D111/><U131/><E131/><V16/><F19/><W34/><REACH who="3" step="1"/><G25/><REACH who="3" ten="242,250,273,225" step="2"/><T5/><D79/><U67/><E100/><V65/><F65/><W54/><G54/><T122/><D122/><U26/><E80/><V46/><F44/><W42/><G42/><T62/><D118/><U1/><E26/><V96/><F84/><W110/><G110/><T60/><D119/><U91/><E1/><V8/><AGARI ba="0,1" hai="8,14,16,36,43,46,85,89,94,96,98" m="51755" machi="8" ten="30,4000,0" yaku="20,1,52,1,54,1" doraHai="11" who="2" fromWho="2" sc="242,-10,250,-20,273,50,225,-10" /><INIT seed="2,0,0,0,4,84" ten="232,230,323,215" oya="2" hai0="30,47,116,20,65,34,14,42,109,85,96,32,27" hai1="26,44,51,124,35,119,12,33,71,70,128,79,31" hai2="135,112,77,89,56,3,105,75,110,36,9,130,64" hai3="23,94,91,39,97,50,86,78,95,1,73,58,6"/><V63/><F112/><W54/><G39/><T102/><D109/><U43/><E119/><V103/><F36/><W115/><G115/><T13/><D65/><U53/><E128/><V11/><F130/><W49/><G73/><T98/><D96/><U4/><E124/><V60/><F135/><W28/><G1/><T80/><D32/><U121/><E121/><V123/><F123/><W74/><G6/><T57/><D57/><U40/><E33/><V67/><F110/><W7/><G7/><T83/><D34/><U45/><E53/><V82/><F3/><W99/><G74/><T122/><D80/><U18/><E4/><V29/><F29/><W17/><G28/><T133/><D133/><U2/><E79/><V62/><F62/><W129/><G129/><T76/><D122/><U37/><REACH who="1" step="1"/><E2/><REACH who="1" ten="232,220,323,215" step="2"/><V69/><F67/><W38/><G78/><T131/><D131/><U68/><E68/><V100/><F69/><W46/><G38/><T15/><D116/><U61/><E61/><V90/><F63/><W113/><G113/><T55/><D55/><U101/><E101/><V117/><F103/><W66/><G66/><T0/><D0/><U126/><E126/><V5/><F5/><W120/><G120/><T21/><D42/><U87/><E87/><V25/><F117/><W104/><G86/><T114/><D114/><U59/><E59/><V132/><F56/><W48/><G58/><T88/><D47/><U52/><E52/><V24/><F64/><W107/><G54/><T92/><D76/><U134/><E134/><V127/><F77/><W125/><G125/><RYUUKYOKU ba="0,1" sc="232,15,220,15,323,-15,215,-15" hai0="13,14,15,20,21,27,30,83,85,88,92,98,102" hai1="12,18,26,31,35,37,40,43,44,45,51,70,71" /><INIT seed="3,1,1,2,2,134" ten="247,235,308,200" oya="3" hai0="8,76,112,66,128,5,59,49,33,117,78,89,121" hai1="47,118,74,55,132,75,9,123,40,114,93,57,83" hai2="64,130,82,24,29,115,126,20,35,109,22,104,52" hai3="96,113,41,108,133,51,1,87,25,85,2,92,53"/><W48/><G113/><T16/><D33/><U37/><E114/><V19/><F126/><W6/><G133/><T100/><D100/><U62/><E132/><V26/><F130/><W110/><G41/><T105/><D105/><U44/><E123/><V70/><F109/><N who="3" m="42091" /><G25/><T28/><D28/><U34/><E118/><V21/><F104/><W65/><G65/><T106/><D106/><U86/><E34/><V127/><F127/><W27/><G27/><T135/><D135/><U38/><E93/><V94/><F115/><W129/><G129/><T56/><D121/><U43/><REACH who="1" step="1"/><E9/><REACH who="1" ten="247,225,308,200" step="2"/><V77/><F94/><W58/><G51/><T79/><D128/><U18/><E18/><V30/><F35/><W4/><G4/><T119/><D112/><U131/><E131/><V7/><F7/><W124/><G124/><T68/><D16/><U72/><E72/><V107/><F19/><W63/><G48/><T88/><D117/><U42/><E42/><V61/><F107/><W11/><G1/><T103/><D119/><U102/><E102/><AGARI ba="1,2" hai="2,6,11,53,58,63,85,87,92,96,102" m="42091" machi="102" ten="30,2900,0" yaku="14,1,10,1" doraHai="134" who="3" fromWho="1" sc="247,0,225,-32,308,0,200,52" /><INIT seed="3,2,0,3,1,111" ten="247,193,308,252" oya="3" hai0="53,95,103,125,129,1,40,126,3,79,86,32,42" hai1="46,61,108,107,21,56,52,69,15,78,130,18,34" hai2="83,50,89,128,72,70,75,118,121,41,22,57,73" hai3="17,76,116,36,97,135,59,27,94,60,132,99,28"/><W14/><G36/><T68/><D32/><U58/><E108/><V55/><F70/><W96/><G76/><T113/><D68/><U33/><E130/><V106/><F106/><W20/><G94/><T13/><D129/><U38/><E107/><V47/><F118/><W81/><G81/><N who="0" m="47423" /><D53/><U35/><E69/><V16/><F128/><W124/><G124/><N who="0" m="47723" /><D13/><U114/><E58/><V117/><F117/><W74/><G74/><T92/><D113/><U85/><E78/><V64/><F64/><W43/><G43/><N who="0" m="16427" /><D103/><U25/><E38/><V110/><F110/><W29/><G116/><T90/><D95/><U44/><E114/><V30/><F55/><W5/><G5/><T77/><D77/><U71/><E85/><AGARI ba="2,0" hai="1,3,85,90,92" m="16427,47723,47423" machi="85" ten="30,1000,0" yaku="18,1" doraHai="111" who="0" fromWho="1" sc="247,16,193,-16,308,0,252,0" owari="263,6.0,177,-32.0,308,41.0,252,-15.0" /></mjloggm>