<mjloggm ver="2.3"><GO type="193" lobby="0"/><UN n0="%E3%81%B7%E3%82%89%E3%81%99%E3%82%A2%E3%83%AB%E3%83%95%E3%82%A1%E3%83%BC" n1="%28%C2%B4%E3%83%BB%CF%89%E3%83%BB%29%EF%BC%8F" n2="%E3%83%88%E3%83%88%E3%83%AA%E5%85%88%E7%94%9F%31%39%E6%AD%B3" n3="%6F%6B%61%6C%74%79" dan="12,13,9,14" rate="1863.25,1797.91,1832.56,1866.14" sx="M,M,F,M"/><TAIKYOKU oya="0"/><INIT seed="0,0,0,3,3,117" ten="250,250,250,250" oya="0" hai0="57,33,109,18,106,80,101,113,104,22,91,5,50" hai1="95,125,130,44,36,71,92,135,111,59,56,74,40" hai2="90,65,73,12,13,129,51,131,112,3,35,37,1" hai3="110,41,46,45,11,7,120,86,134,133,25,20,61"/><T127/><D33/><U32/><E74/><V8/><F112/><W75/><G75/><T97/><D113/><U16/><E32/><V10/><F37/><W88/><G110/><T55/><D127/><U29/><E29/><V47/><F73/><W124/><G124/><T9/><D109/><U23/><E135/><N who="3" m="51722" /><G61/><T6/><D106/><U78/><E78/><V30/><F90/><W83/><G41/><T115/><D115/><U2/><E2/><V54/><F65/><W79/><G79/><T69/><D69/><U82/><E82/><V85/><F85/><W53/><G53/><T132/><D132/><U84/><E111/><V122/><F122/><W102/><G102/><T68/><D68/><U39/><E71/><V96/><F96/><W70/><G70/><T17/><D80/><U108/><E108/><V128/><F30/><N who="3" m="17703" /><G120/><T99/><D91/><U66/><E130/><V100/><F100/><W26/><G26/><T94/><D104/><U81/><E125/><V19/><REACH who="2" step="1"/><F35/><REACH who="2" ten="250,250,240,250" step="2"/><W107/><G107/><T58/><D99/><U14/><E39/><V49/><F49/><W123/><G123/><T38/><D38/><U0/><E0/><AGARI ba="0,1" hai="0,7,11,45,46,83,86,88" m="17703,51722" machi="0" ten="30,2000,0" yaku="20,1,54,1" doraHai="117" who="3" fromWho="1" sc="250,0,250,-20,240,0,250,30" /><INIT seed="1,0,0,2,3,118" ten="250,230,240,280" oya="1" hai0="47,21,0,72,46,108,107,131,78,86,40,93,20" hai1="24,11,38,87,68,85,28,3,104,62,37,52,116" hai2="1,58,14,10,49,65,42,27,61,132,25,30,7" hai3="95,130,135,32,126,112,133,75,129,63,73,56,119"/><U80/><E104/><V19/><F132/><N who="3" m="50763" /><G95/><T102/><D131/><N who="3" m="50185" /><G32/><T115/><D115/><U29/><E116/><V84/><F84/><W77/><G119/><T69/><D0/><U59/><E68/><V103/><F103/><W16/><G16/><T125/><D69/><U51/><E29/><V45/><REACH who="2" step="1"/><F30/><REACH who="2" ten="250,230,230,280" step="2"/><W109/><G112/><T120/><D120/><U71/><E71/><V105/><F105/><W64/><G109/><T2/><D108/><U92/><E92/><V48/><F48/><W122/><G122/><T17/><D107/><U98/><E87/><V8/><AGARI ba="0,1" hai="1,7,8,10,14,19,25,27,42,45,49,58,61,65" machi="8" ten="20,2700,0" yaku="1,1,0,1,7,1,53,0" doraHai="118" doraHaiUra="70" who="2" fromWho="2" sc="250,-7,230,-13,230,37,280,-7" /><INIT seed="2,0,0,4,3,5" ten="243,217,267,273" oya="2" hai0="134,99,42,27,3,62,91,35,51,95,85,115,57" hai1="2,81,70,59,83,93,30,72,53,114,32,0,6" hai2="110,9,64,105,107,4,15,128,118,41,73,69,12" hai3="54,63,80,89,103,125,101,7,71,60,11,98,8"/><V119/><F73/><W22/><G71/><T109/><D115/><U112/><E70/><V45/><F128/><W36/><G36/><T82/><D134/><U23/><E32/><V14/><F110/><W111/><G111/><T47/><D109/><U17/><E30/><V46/><F64/><W43/><G43/><T20/><D35/><U28/><E28/><V65/><F65/><W39/><G39/><T106/><D3/><U34/><E34/><V52/><F69/><W120/><G120/><T135/><D135/><U131/><E131/><V50/><F118/><W108/><G108/><T55/><D106/><U21/><E93/><V116/><F116/><W90/><G125/><T92/><D99/><U74/><E6/><V25/><F25/><W123/><G123/><T10/><REACH who="0" step="1"/><D10/><REACH who="0" ten="233,217,267,273" step="2"/><U44/><E17/><AGARI ba="0,1" hai="17,20,27,42,47,51,55,57,62,82,85,91,92,95" machi="17" ten="30,7700,0" yaku="1,1,2,1,7,1,8,1,53,0" doraHai="5" doraHaiUra="104" who="0" fromWho="1" sc="233,87,217,-77,267,0,273,0" /><INIT seed="3,0,0,5,5,130" ten="320,140,267,273" oya="3" hai0="33,70,18,45,119,135,42,118,25,103,94,23,125" hai1="57,76,132,110,126,79,106,122,19,55,26,37,63" hai2="10,67,102,15,53,51,31,82,117,87,105,52,58" hai3="133,35,71,36,73,0,4,48,64,56,5,107,74"/><W97/><G48/><T20/><D70/><U7/><E106/><V127/><F117/><W50/><G50/><T129/><D125/><U13/><E37/><V8/><F127/><W49/><G49/><T128/><D33/><U101/><E126/><V104/><F53/><W47/><G56/><T114/><D114/><U83/><E101/><V85/><F85/><W21/><G21/><T69/><D69/><U112/><E110/><V80/><F67/><W99/><G99/><T61/><D61/><U27/><E112/><V98/><F104/><W65/><G65/><T32/><D32/><U40/><E122/><V88/><F31/><W54/><G54/><T120/><D120/><U86/><E79/><V12/><REACH who="2" step="1"/><F82/><REACH who="2" ten="320,140,257,273" step="2"/><W121/><G121/><T89/><D119/><U93/><E40/><V44/><F44/><W111/><G111/><T90/><D128/><U91/><E7/><V60/><F60/><N who="3" m="40327" /><G5/><T134/><D118/><U43/><E43/><V115/><F115/><W11/><G35/><T78/><D129/><U131/><E131/><V66/><F66/><W95/><G95/><T92/><D94/><U108/><E108/><V39/><F39/><W81/><G81/><T6/><D42/><U14/><E132/><V62/><F62/><W77/><G133/><T1/><D92/><U41/><E41/><V34/><F34/><W3/><G3/><T30/><D1/><U124/><E124/><V2/><F2/><W123/><G123/><T28/><D134/><U84/><REACH who="1" step="1"/><E14/><AGARI ba="0,1" hai="8,10,12,14,15,51,52,58,80,87,88,98,102,105" machi="14" ten="40,5200,0" yaku="1,1,54,2,53,0" doraHai="130" doraHaiUra="109" who="2" fromWho="1" sc="320,0,140,-52,257,62,273,0" owari="320,42.0,88,-41.0,319,12.0,273,-13.0" /></mjloggm>