<mjloggm ver="2.3"><GO type="169" lobby="0"/><UN n0="%E3%81%88%E3%81%B3%E3%83%81%E3%83%AA%EF%BC%94" n1="%EF%BC%98%EF%BC%99%EF%BC%91%EF%BC%90" n2="%E3%83%88%E3%83%88%E3%83%AA%E5%85%88%E7%94%9F%31%39%E6%AD%B3" n3="%67%6F%75%73%69" dan="16,16,17,17" rate="2080.12,2048.27,2226.28,2189.15" sx="M,M,F,M"/><TAIKYOKU oya="0"/><INIT seed="0,0,0,1,2,124" ten="250,250,250,250" oya="0" hai0="92,40,87,60,70,105,110,131,77,74,129,73,29" hai1="14,18,53,83,106,101,109,111,21,64,114,24,65" hai2="132,43,90,22,68,69,34,33,7,62,0,55,66" hai3="118,23,39,71,35,63,127,61,25,93,79,104,4"/><T89/><D105/><U95/><E106/><V120/><F120/><W94/><G104/><T108/><D40/><U41/><E41/><V102/><F68/><W51/><G39/><T54/><D29/><U85/><E114/><V8/><F132/><W59/><G35/><T100/><D100/><U76/><E53/><V133/><F133/><W134/><G118/><T45/><D45/><U50/><E50/><V32/><F102/><W46/><G4/><T126/><D126/><U38/><E38/><V88/><F43/><W116/><G116/><T26/><D26/><U10/><E111/><N who="0" m="42537" /><D77/><U91/><E101/><V113/><F113/><W3/><G79/><T99/><D87/><N who="1" m="52735" /><E109/><V84/><F84/><W36/><G36/><T67/><D54/><U75/><E75/><AGARI ba="0,0" hai="60,67,70,73,74,75,89,92,99,129,131" m="42537" machi="75" ten="30,11600,0" yaku="14,1,10,1,52,2" doraHai="124" who="0" fromWho="1" sc="250,116,250,-116,250,0,250,0" /><INIT seed="0,1,0,2,1,112" ten="366,134,250,250" oya="0" hai0="45,87,91,131,125,23,51,21,16,18,96,49,109" hai1="66,114,116,123,29,59,74,73,39,22,90,110,52" hai2="33,6,50,100,43,101,99,106,27,11,34,133,53" hai3="56,62,41,67,58,55,128,61,102,132,108,63,86"/><T119/><D131/><U117/><E123/><V130/><F130/><W4/><G128/><T113/><D125/><U38/><E74/><V76/><F133/><W19/><G4/><T64/><D113/><U57/><E73/><V30/><F100/><W75/><G75/><T40/><D119/><U121/><E114/><V118/><F76/><W20/><G108/><T13/><D64/><U93/><E121/><V97/><F97/><W94/><G41/><T60/><D60/><U81/><E81/><V31/><F43/><W14/><G132/><T126/><D126/><U134/><E134/><V9/><F118/><N who="1" m="45673" /><E59/><V2/><F9/><W25/><G102/><T135/><D135/><U46/><BYE who="0" /><E46/><V70/><F70/><W35/><G35/><T10/><D10/><U12/><E66/><V65/><F65/><W71/><G71/><T1/><D1/><U37/><E29/><V89/><F89/><N who="3" m="53559" /><G63/><T68/><D68/><U26/><E26/><AGARI ba="1,0" hai="14,19,20,25,26,55,56,58,61,62,67" m="53559" machi="26" ten="30,1000,0" yaku="8,1" doraHai="112" who="3" fromWho="1" sc="366,0,134,-13,250,0,250,13" /><INIT seed="1,0,0,2,2,3" ten="366,121,250,263" oya="1" hai0="5,123,42,81,94,35,4,78,135,17,117,68,95" hai1="59,101,11,125,61,41,85,2,124,48,114,106,84" hai2="133,113,21,18,13,105,82,116,76,50,67,23,90" hai3="29,72,71,16,119,128,34,36,49,108,33,39,75"/><U32/><E114/><V111/><F116/><W37/><G71/><T120/><D120/><U9/><E32/><V25/><F105/><UN n0="%E3%81%88%E3%81%B3%E3%83%81%E3%83%AA%EF%BC%94" /><W87/><G29/><T40/><D68/><U126/><E106/><V92/><F113/><W38/><G38/><T65/><D123/><U102/><E41/><N who="0" m="15977" /><D35/><U0/><E48/><V115/><F115/><W53/><G119/><T100/><D135/><U24/><E24/><V19/><F111/><W60/><G60/><T73/><D65/><U44/><E44/><V83/><F133/><W118/><G118/><T129/><D73/><U86/><E59/><V27/><F76/><W31/><G34/><T121/><D17/><U47/><E47/><V110/><F110/><W112/><G108/><T107/><D107/><U131/><E61/><V132/><F132/><W96/><G31/><T12/><D12/><U7/><REACH who="1" step="1"/><E131/><REACH who="1" ten="366,111,250,263" step="2"/><V26/><F67/><W103/><G49/><T77/><D129/><U80/><E80/><N who="2" m="30763" /><F50/><W127/><G33/><T56/><D81/><U43/><E43/><V89/><F92/><W74/><G128/><T99/><D121/><U10/><E10/><N who="2" m="6455" /><F25/><W88/><G112/><T122/><D122/><U52/><E52/><V57/><F57/><W54/><G53/><T15/><D95/><U69/><E69/><V91/><F27/><W93/><G54/><T79/><D117/><U104/><E104/><V1/><F23/><W14/><G37/><T30/><D56/><U8/><E8/><V55/><F55/><W98/><G39/><T64/><D64/><U22/><E22/><V20/><F20/><W66/><G36/><RYUUKYOKU ba="0,1" sc="366,-15,111,15,250,15,263,-15" hai1="0,2,7,9,11,84,85,86,101,102,124,125,126" hai2="1,19,21,26,89,90,91" /><INIT seed="1,1,1,2,2,63" ten="351,126,265,248" oya="1" hai0="19,128,2,107,46,114,80,73,1,75,42,55,72" hai1="58,105,118,112,89,38,17,49,110,127,39,71,3" hai2="21,104,8,15,23,48,129,51,106,68,100,125,77" hai3="30,16,14,40,84,59,76,121,88,111,123,116,101"/><U115/><E105/><V56/><F68/><W57/><G30/><T5/><D55/><N who="1" m="32111" /><E3/><V134/><F129/><W99/><G76/><N who="0" m="44039" /><D128/><U26/><E89/><V70/><F70/><W7/><G7/><T93/><D19/><U90/><E90/><V0/><F0/><W13/><G40/><T113/><D93/><U94/><E94/><V98/><F106/><W6/><G6/><T65/><D65/><U20/><E71/><V60/><F134/><W22/><G14/><T97/><D2/><U122/><E122/><V25/><F125/><W79/><G79/><T124/><D124/><U133/><E127/><V34/><F34/><W103/><G103/><N who="0" m="62959" /><D5/><U67/><E67/><V96/><F77/><W50/><G101/><T29/><D29/><U33/><E33/><V37/><F100/><W64/><G64/><T87/><D87/><U32/><E32/><V102/><F102/><W66/><G99/><T12/><D12/><U92/><E92/><V69/><F104/><W78/><G66/><T24/><D24/><U95/><E133/><V120/><F69/><W53/><G78/><T44/><D1/><U135/><E135/><V28/><F120/><W130/><G121/><T74/><D73/><U126/><E126/><V47/><F98/><W119/><G123/><T132/><D132/><U54/><E26/><V108/><F96/><W81/><G59/><T36/><D46/><U109/><E17/><V131/><F131/><W86/><G86/><T91/><D91/><U18/><E18/><V41/><F25/><W83/><G130/><T10/><D10/><U62/><E39/><RYUUKYOKU ba="1,1" sc="351,30,126,-10,265,-10,248,-10" hai0="36,42,44,74,75,113,114" /><INIT seed="2,2,1,3,2,101" ten="381,116,255,238" oya="2" hai0="130,30,50,127,104,24,86,23,112,0,12,103,10" hai1="17,20,48,68,6,27,69,100,82,51,126,78,15" hai2="52,76,56,38,128,43,53,29,14,35,117,36,84" hai3="49,47,102,108,63,87,28,7,110,121,134,131,95"/><V58/><F117/><W25/><G121/><T97/><D112/><U89/><E126/><V119/><F119/><W114/><G7/><T8/><D127/><U11/><E100/><V45/><F128/><W61/><G131/><T34/><D130/><U1/><E89/><V83/><F38/><W65/><G134/><T31/><D30/><U55/><E1/><V21/><F35/><W96/><G87/><T90/><D50/><U62/><E62/><V123/><F123/><W18/><G18/><T22/><D8/><U88/><E51/><V54/><REACH who="2" step="1"/><F14/><REACH who="2" ten="381,116,245,238" step="2"/><W57/><G114/><T70/><D0/><U79/><E69/><V105/><F105/><W98/><G108/><T44/><D70/><U91/><E68/><V94/><F94/><W64/><G110/><T109/><D109/><U9/><E15/><V13/><F13/><W40/><G95/><T37/><D37/><U16/><E82/><V106/><F106/><W93/><G93/><T41/><D12/><U74/><E74/><V125/><F125/><W81/><G81/><T99/><D104/><U67/><E11/><V77/><F77/><W42/><G102/><T133/><D10/><U4/><E79/><V32/><F32/><W122/><G122/><T115/><D103/><U111/><E78/><V107/><F107/><W135/><G135/><T59/><D133/><U75/><E111/><V72/><F72/><W71/><G42/><T120/><D41/><U60/><E75/><V66/><F66/><W26/><G64/><T39/><D120/><U124/><E67/><V129/><F129/><W73/><G65/><RYUUKYOKU ba="2,2" sc="381,-10,116,-10,245,30,238,-10" hai2="21,29,36,43,45,52,53,54,56,58,76,83,84" /><INIT seed="2,3,2,0,4,98" ten="371,106,275,228" oya="2" hai0="28,81,74,5,87,107,82,73,72,122,128,57,10" hai1="77,13,102,131,4,103,51,78,15,67,1,27,18" hai2="37,65,89,46,48,36,116,85,124,93,43,58,26" hai3="126,68,64,38,106,117,61,0,44,119,69,129,121"/><V135/><F116/><W91/><G91/><T59/><D122/><U23/><E131/><V3/><F3/><W75/><G68/><T112/><D112/><U130/><E130/><V108/><F135/><W110/><G61/><T62/><D107/><U101/><E67/><V11/><F124/><W132/><G44/><T134/><D134/><U79/><E1/><V47/><F108/><W66/><G66/><T8/><D28/><U80/><E4/><V114/><F114/><W115/><G64/><T86/><D5/><U94/><E94/><V92/><F11/><N who="0" m="4138" /><D62/><U70/><E70/><V19/><F92/><W17/><G17/><T42/><D42/><U125/><E125/><V34/><F19/><W104/><G104/><T71/><D71/><U99/><E99/><V39/><F58/><N who="0" m="22026" /><D128/><U7/><E7/><V118/><F65/><W22/><G22/><T33/><D33/><AGARI ba="3,2" hai="0,33,38,69,75,106,110,115,117,119,121,126,129,132" machi="33" ten="0,32000,5" yakuman="47" doraHai="98" who="3" fromWho="0" sc="371,-329,106,0,275,0,228,349" /><INIT seed="3,0,0,5,4,37" ten="42,106,275,577" oya="3" hai0="68,94,117,31,66,17,109,78,42,20,100,73,83" hai1="8,12,92,7,90,2,15,46,16,128,123,62,5" hai2="69,0,30,9,54,103,48,63,93,98,26,51,116" hai3="120,13,132,49,60,61,19,84,71,50,89,82,67"/><W11/><G120/><T38/><D109/><U70/><E123/><V44/><F116/><W102/><G132/><T111/><D111/><U77/><E128/><V56/><F69/><W95/><G102/><T110/><D110/><U118/><E118/><V125/><F125/><W122/><G122/><T58/><D31/><U115/><E115/><V133/><F133/><W52/><G95/><T129/><D129/><U124/><E124/><V40/><F9/><W104/><G104/><T114/><D114/><U24/><E77/><V101/><F0/><W96/><G96/><T45/><D117/><U41/><E24/><V64/><F101/><W106/><G106/><T14/><D68/><U18/><E2/><V135/><F135/><W97/><G97/><T10/><D100/><U86/><E62/><V81/><F81/><W112/><G112/><T76/><D94/><U79/><E79/><V4/><F4/><W127/><G127/><T43/><D76/><U34/><E34/><V32/><REACH who="2" step="1"/><F51/><REACH who="2" ten="42,106,265,577" step="2"/><W28/><G50/><T108/><D108/><U35/><E70/><V80/><F80/><W131/><G131/><T21/><D58/><U57/><E57/><V130/><F130/><W33/><G71/><T113/><D113/><U25/><E5/><V47/><F47/><W121/><G121/><T6/><D66/><AGARI ba="0,1" hai="26,30,32,40,44,48,54,56,63,64,66,93,98,103" machi="66" ten="40,2600,0" yaku="1,1,52,1,53,0" doraHai="37" doraHaiUra="72" who="2" fromWho="0" sc="42,-26,106,0,265,36,577,0" /><INIT seed="4,0,0,5,0,38" ten="16,106,301,577" oya="0" hai0="89,10,59,126,73,99,5,16,119,115,35,26,88" hai1="60,65,97,67,76,34,50,127,12,95,131,43,80" hai2="111,121,113,19,133,58,62,91,6,25,27,114,51" hai3="33,64,31,61,44,17,102,22,82,87,48,104,24"/><T122/><D119/><U11/><E34/><V56/><F111/><W109/><G109/><T116/><D116/><U68/><E131/><V9/><F121/><W71/><G102/><T18/><D122/><U57/><E127/><V13/><F133/><W23/><G104/><T75/><D126/><U84/><E68/><V42/><F91/><W2/><G2/><T47/><D115/><N who="2" m="44042" /><F56/><W4/><G4/><T123/><D123/><U100/><E67/><N who="2" m="39383" /><F19/><W69/><G69/><T130/><D130/><U81/><E81/><V93/><F93/><W53/><G17/><T46/><D59/><U49/><E43/><V86/><F86/><W125/><G125/><T39/><D5/><AGARI ba="0,0" hai="5,11,12,49,50,57,60,65,76,80,84,95,97,100" machi="5" ten="30,2000,0" yaku="7,1,8,1" doraHai="38" who="1" fromWho="0" sc="16,-20,106,20,301,0,577,0" owari="-4,-50.0,126,-27.0,301,10.0,577,67.0" /></mjloggm>