<mjloggm ver="2.3"><GO type="97" lobby="0"/><UN n0="%52%2E%4E%2E%E3%81%9B%E3%82%93%E3%81%9A%E3%82%8A" n1="%E3%81%8D%E3%82%8A%E3%81%B5%E3%81%A0" n2="%E3%82%BD%E3%83%BC%E3%83%8A%E3%83%B3%E3%82%B9" n3="%E5%B0%B1%E6%B4%BB%E7%94%9F%40%E5%B7%9D%E6%9D%91%E8%BB%8D%E5%9B%A3" dan="14,15,14,14" rate="1945.02,2009.69,1952.38,1975.86" sx="M,M,M,M"/><TAIKYOKU oya="0"/><INIT seed="0,0,0,1,1,69" ten="250,250,250,250" oya="0" hai0="120,117,133,92,96,46,61,20,35,39,45,105,57" hai1="86,30,107,1,112,99,60,59,14,72,24,50,49" hai2="51,91,66,100,65,44,102,19,58,5,13,85,87" hai3="73,76,130,129,40,128,54,21,116,23,110,67,104"/><T88/><D88/><U111/><BYE who="0" /><E72/><V3/><F5/><W15/><G116/><T63/><D63/><U6/><E1/><V29/><F3/><W101/><G110/><T68/><D68/><U38/><E38/><UN n0="%52%2E%4E%2E%E3%81%9B%E3%82%93%E3%81%9A%E3%82%8A" /><V126/><F29/><W55/><G67/><N who="2" m="25609" /><F126/><W94/><G104/><T108/><D57/><U80/><E111/><V103/><F58/><W22/><G40/><T134/><D92/><U28/><E107/><V93/><F85/><W81/><REACH who="3" step="1"/><G15/><REACH who="3" ten="250,250,250,240" step="2"/><T10/><D105/><U17/><E14/><V118/><F118/><W78/><G78/><T64/><D117/><U53/><E112/><V48/><F44/><W84/><G84/><T8/><D46/><U37/><E86/><V89/><F48/><W90/><G90/><T32/><D45/><U77/><E50/><V123/><F51/><W75/><G75/><T113/><D108/><U132/><E49/><V16/><F123/><W36/><G36/><T114/><D39/><U82/><E37/><V70/><F70/><W9/><G9/><T0/><D120/><U135/><E77/><V115/><F115/><W47/><G47/><T62/><D64/><U106/><E106/><V41/><F41/><W42/><G42/><T43/><D43/><U71/><E71/><V109/><F109/><W131/><N who="3" m="33280" /><DORA hai="33" /><W25/><G25/><T74/><D74/><U98/><E24/><V121/><F121/><W127/><G127/><T125/><D125/><U7/><E60/><V2/><F2/><W34/><G34/><T95/><D0/><U79/><E79/><V119/><F119/><W31/><G31/><RYUUKYOKU ba="0,1" sc="250,-10,250,-10,250,-10,240,30" hai3="21,22,23,54,55,73,76,81,94,101" /><INIT seed="1,1,1,4,4,80" ten="240,240,240,270" oya="1" hai0="117,131,75,2,6,86,63,49,129,13,130,5,125" hai1="36,54,12,87,108,17,124,40,113,109,45,32,58" hai2="84,107,132,52,19,133,15,88,23,106,104,105,69" hai3="38,30,35,68,37,56,102,119,22,79,46,85,16"/><U123/><E123/><V74/><F69/><W78/><G68/><T9/><D75/><U100/><E113/><V10/><N who="2" m="27136" /><DORA hai="41" /><V61/><F74/><W90/><G119/><T95/><D117/><U101/><E32/><V111/><F23/><W73/><G73/><T59/><D125/><U121/><E124/><V128/><F111/><N who="1" m="42569" /><E121/><V82/><REACH who="2" step="1"/><F128/><REACH who="2" ten="240,240,230,270" step="2"/><W20/><G35/><T64/><D49/><N who="1" m="31055" /><E87/><V81/><F81/><W57/><G38/><T18/><D2/><U135/><E135/><V67/><F67/><W98/><G37/><T71/><D71/><U60/><E60/><V28/><F28/><W127/><G30/><T110/><D110/><U103/><E103/><V51/><F51/><W27/><G127/><T65/><D65/><U53/><E53/><V96/><F96/><W116/><G98/><T89/><AGARI ba="1,2" hai="5,6,9,13,18,59,63,64,86,89,95,129,130,131" machi="89" ten="40,5200,0" yaku="0,1,19,1,52,1" doraHai="80,41" who="0" fromWho="0" sc="240,75,240,-27,230,-14,270,-14" /><INIT seed="2,0,0,5,5,117" ten="315,213,216,256" oya="2" hai0="63,111,116,75,33,105,121,66,29,12,114,42,87" hai1="84,71,3,127,55,101,45,60,74,90,10,21,7" hai2="70,27,135,76,9,17,80,120,34,14,23,20,35" hai3="113,37,128,4,115,8,77,16,69,83,19,130,109"/><V86/><F70/><W65/><G37/><T93/><D75/><U107/><E74/><V36/><F36/><W106/><G106/><T79/><D105/><U47/><E127/><V44/><F135/><W59/><G69/><T134/><D114/><N who="3" m="43529" /><G109/><T85/><D42/><U58/><E71/><V91/><F120/><W73/><G59/><T18/><D121/><U124/><E124/><V48/><F34/><W108/><G65/><T129/><D111/><U112/><E112/><V122/><F122/><W46/><G46/><T38/><D38/><U95/><REACH who="1" step="1"/><E21/><REACH who="1" ten="315,203,216,256" step="2"/><V1/><F35/><W123/><G123/><T25/><D33/><U118/><E118/><V88/><F1/><N who="3" m="15" /><G108/><T62/><D116/><U131/><E131/><AGARI ba="0,1" hai="16,19,73,77,83,128,130,131" m="15,43529" machi="131" ten="30,3900,0" yaku="19,1,11,1,54,1" doraHai="117" who="3" fromWho="1" sc="315,0,203,-39,216,0,256,49" /><INIT seed="3,0,0,3,2,123" ten="315,164,216,305" oya="3" hai0="61,68,97,100,63,22,69,24,62,20,31,109,18" hai1="55,82,26,35,113,107,130,133,79,6,96,9,83" hai2="102,132,45,86,47,44,48,56,104,28,67,131,108" hai3="49,77,84,106,127,76,15,119,33,1,32,37,93"/><W111/><G1/><T21/><D109/><U117/><E113/><V52/><F28/><W114/><G111/><T14/><REACH who="0" step="1"/><D21/><REACH who="0" ten="305,164,216,305" step="2"/><U13/><E117/><V59/><F108/><W10/><G119/><T53/><D53/><U27/><E133/><V54/><F132/><W128/><G106/><AGARI ba="0,1" hai="14,18,20,22,24,31,61,62,63,68,69,97,100,106" machi="106" ten="40,1300,0" yaku="1,1,53,0" doraHai="123" doraHaiUra="112" who="0" fromWho="3" sc="305,23,164,0,216,0,305,-13" owari="328,43.0,164,-34.0,216,-18.0,292,9.0" /></mjloggm>