<mjloggm ver="2.3"><GO type="225" lobby="0"/><UN n0="%52%65%6D%65%6D%62%65%72" n1="%63%6F%61" n2="%E3%83%88%E3%83%88%E3%83%AA%E5%85%88%E7%94%9F%31%39%E6%AD%B3" n3="%63%6F%6C%6F%70%6C" dan="16,17,18,16" rate="2068.14,2138.26,2274.39,2072.75" sx="M,M,F,M"/><TAIKYOKU oya="0"/><INIT seed="0,0,0,3,0,89" ten="250,250,250,250" oya="0" hai0="8,62,128,67,11,76,80,118,72,103,52,35,19" hai1="91,10,53,68,27,115,84,61,43,55,90,24,119" hai2="79,13,105,106,70,16,64,111,123,132,85,2,28" hai3="120,95,124,108,29,14,30,1,116,6,71,112,78"/><T88/><D118/><U54/><E119/><V101/><F123/><W127/><G116/><T41/><D41/><U97/><E115/><V17/><F2/><W100/><G112/><T66/><D35/><U82/><E43/><V81/><F111/><W74/><G71/><T20/><D103/><U83/><E10/><V39/><F39/><W131/><G1/><T59/><D128/><U50/><E50/><V51/><F132/><W18/><G6/><T31/><D31/><U113/><E113/><V125/><F125/><N who="3" m="48203" /><G108/><T99/><D11/><U102/><E68/><V57/><F70/><W23/><G131/><T5/><D8/><U63/><E91/><V130/><F130/><W26/><G26/><N who="1" m="9770" /><E83/><V73/><F28/><W15/><G15/><T12/><REACH who="0" step="1"/><D5/><REACH who="0" ten="240,250,250,250" step="2"/><U4/><E4/><V47/><F101/><W121/><G29/><T134/><D134/><U38/><E38/><V7/><F7/><W75/><G30/><T109/><D109/><U36/><E36/><V87/><F17/><W129/><G129/><T126/><D126/><U94/><AGARI ba="0,1" hai="53,54,55,61,63,82,84,90,94,97,102" m="9770" machi="94" ten="30,2000,0" yaku="8,1,52,1" doraHai="89" who="1" fromWho="1" sc="240,-10,250,30,250,-5,250,-5" /><INIT seed="1,0,0,5,4,72" ten="230,280,245,245" oya="1" hai0="85,119,104,50,133,123,52,112,98,12,33,59,105" hai1="49,101,19,37,86,94,116,68,64,69,7,62,114" hai2="57,4,134,70,8,43,47,63,74,54,24,51,117" hai3="124,97,5,78,82,83,18,129,131,44,1,71,3"/><U100/><E37/><V110/><F117/><W103/><G71/><T127/><D119/><U48/><E116/><V87/><F74/><N who="3" m="43351" /><G124/><T34/><D112/><U92/><E7/><V35/><F134/><W61/><G61/><T13/><D133/><U29/><E29/><V106/><F106/><N who="3" m="63855" /><G44/><T31/><D127/><U66/><E19/><V40/><F110/><W111/><G111/><T132/><D132/><U23/><E23/><V60/><F24/><W20/><G5/><T53/><D98/><U128/><E114/><V75/><F75/><W16/><G18/><T84/><D123/><U130/><E64/><V102/><F102/><W96/><G83/><T41/><D41/><U80/><E80/><V17/><F35/><W73/><G73/><T39/><D31/><U32/><E66/><V42/><F70/><W121/><G96/><T26/><D26/><U89/><E32/><V28/><F17/><W10/><G10/><T88/><D50/><U25/><E25/><V107/><F63/><W81/><G81/><T99/><D99/><U0/><E62/><V108/><F28/><W65/><G65/><T67/><D67/><U27/><E27/><V122/><F108/><W30/><G30/><T22/><D22/><U56/><E0/><N who="2" m="7" /><F107/><W90/><G90/><T120/><D39/><U38/><E38/><V15/><F15/><N who="3" m="9247" /><G121/><T109/><D120/><U95/><E69/><V6/><F122/><W45/><G45/><T36/><D36/><U21/><E68/><V125/><F125/><W58/><G58/><T46/><D109/><U77/><E56/><V9/><F87/><RYUUKYOKU ba="0,0" sc="230,-15,280,-15,245,15,245,15" hai2="6,9,40,42,43,47,51,54,57,60" hai3="1,3,129,131" /><INIT seed="2,1,0,5,2,93" ten="215,265,260,260" oya="2" hai0="131,97,107,23,109,78,120,0,101,2,127,63,13" hai1="133,34,70,80,5,19,96,27,51,123,105,132,104" hai2="90,45,6,10,30,43,41,103,1,20,61,94,24" hai3="113,17,42,79,38,50,53,114,32,111,15,85,119"/><V64/><F103/><W3/><G32/><T58/><D120/><U110/><E70/><V56/><REACH who="2" step="1"/><F45/><REACH who="2" ten="215,265,250,260" step="2"/><W102/><G102/><T11/><D109/><U21/><E110/><V108/><F108/><W118/><G111/><T82/><D131/><U83/><E123/><V115/><F115/><W91/><G114/><T106/><D127/><U33/><E132/><V40/><F40/><W134/><G42/><T59/><D107/><U55/><E133/><V48/><F48/><W130/><G134/><T129/><D129/><U29/><E105/><V87/><AGARI ba="1,1" hai="1,6,10,20,24,30,41,43,56,61,64,87,90,94" machi="87" ten="20,7800,0" yaku="1,1,0,1,7,1,53,1" doraHai="93" doraHaiUra="4" who="2" fromWho="2" sc="215,-27,265,-27,250,91,260,-27" /><INIT seed="2,2,0,2,5,103" ten="188,238,341,233" oya="2" hai0="41,1,104,116,17,112,25,83,53,7,125,27,32" hai1="102,96,107,98,55,40,81,42,130,106,68,86,71" hai2="14,0,126,20,13,61,122,64,120,115,117,57,44" hai3="76,109,23,38,77,54,78,90,132,39,127,123,79"/><V6/><F115/><W48/><G123/><T24/><D112/><U133/><E133/><V88/><F117/><W45/><G132/><T11/><D41/><U65/><E130/><V87/><F126/><W31/><G127/><T46/><D125/><U62/><E71/><V58/><F0/><W28/><G109/><T85/><D116/><U114/><E114/><V113/><F113/><W43/><N who="3" m="19456" /><DORA hai="105" /><W129/><G129/><T91/><D32/><U52/><E81/><V73/><F73/><W18/><G90/><T67/><D67/><U60/><E86/><V100/><F100/><W111/><G111/><T59/><D46/><U118/><E102/><V66/><F44/><W63/><G63/><T56/><D17/><U29/><E118/><V101/><F101/><W33/><G33/><T12/><D1/><U16/><E68/><V35/><F35/><W22/><G22/><T131/><D131/><U110/><E110/><V49/><F20/><W50/><G50/><T80/><D104/><U21/><E21/><V5/><F49/><W19/><G19/><T72/><REACH who="0" step="1"/><D53/><REACH who="0" ten="178,238,341,233" step="2"/><U108/><E16/><V92/><F122/><W74/><G43/><T95/><D95/><U4/><E108/><V84/><F120/><W30/><REACH who="3" step="1"/><G74/><REACH who="3" ten="178,238,341,223" step="2"/><T51/><D51/><U10/><E42/><V2/><F61/><W128/><G128/><T26/><N who="0" m="6144" /><DORA hai="75" /><T121/><D121/><U15/><E40/><V70/><F5/><W9/><G9/><T124/><D124/><U82/><E10/><V37/><F6/><W93/><G93/><T119/><D119/><U36/><E4/><RYUUKYOKU ba="2,2" sc="178,15,238,-15,341,-15,223,15" hai0="7,11,12,56,59,72,80,83,85,91" hai3="18,23,28,30,31,38,39,45,48,54" /><INIT seed="3,3,2,0,3,113" ten="193,223,326,238" oya="3" hai0="127,13,53,86,62,65,76,134,32,80,82,29,23" hai1="19,49,108,33,70,21,36,55,121,83,90,0,15" hai2="14,3,87,129,59,37,85,116,84,75,30,66,2" hai3="115,60,34,10,54,38,6,105,18,130,132,112,126"/><W69/><G105/><T122/><D32/><U50/><E121/><V52/><F75/><W110/><G38/><T95/><D122/><U47/><E33/><V28/><F37/><W104/><G34/><T45/><D134/><U57/><E36/><V125/><F116/><W4/><G132/><T96/><D127/><U27/><E70/><V43/><F43/><W74/><G126/><T118/><D118/><U67/><E0/><V135/><F125/><W1/><G104/><T25/><D82/><U128/><E108/><V41/><F41/><W72/><G4/><T61/><D13/><U71/><E128/><V89/><F66/><W92/><G130/><T88/><D65/><U78/><E71/><V79/><F135/><W99/><G18/><T109/><D109/><U5/><E90/><V131/><F79/><W93/><G110/><T100/><D100/><U114/><E114/><V107/><F107/><W106/><G106/><T103/><D103/><U24/><E5/><V133/><F133/><W12/><G1/><T40/><D53/><N who="1" m="31927" /><E67/><V51/><F3/><W117/><G69/><T68/><D68/><U111/><E111/><V9/><F2/><W31/><G117/><T48/><AGARI ba="3,2" hai="23,25,29,40,45,48,61,62,76,80,86,88,95,96" machi="48" ten="20,5200,0" yaku="0,1,7,1,8,1,54,1" doraHai="113" who="0" fromWho="0" sc="193,81,223,-16,326,-16,238,-29" owari="274,7.0,207,-29.0,310,41.0,209,-19.0" /></mjloggm>