<mjloggm ver="2.3"><GO type="41" lobby="0"/><UN n0="%E3%81%A8%E3%81%9F%E3%81%AE" n1="%E3%81%BF%E3%82%86%E3%81%BF%E3%82%86" n2="%E5%B0%B1%E6%B4%BB%E7%94%9F%40%E5%B7%9D%E6%9D%91%E8%BB%8D%E5%9B%A3" n3="%E3%80%93%42%41%4C%53%E3%80%93" dan="14,14,14,14" rate="1967.57,1961.51,1952.54,2030.40" sx="M,M,M,M"/><TAIKYOKU oya="0"/><INIT seed="0,0,0,5,5,42" ten="250,250,250,250" oya="0" hai0="17,8,104,84,101,65,111,47,87,76,82,81,1" hai1="29,68,54,100,112,110,46,117,51,99,9,66,88" hai2="56,25,64,50,113,123,85,72,62,120,43,128,41" hai3="19,135,48,18,118,5,58,2,73,31,126,90,94"/><T67/><D1/><U69/><E117/><V127/><F72/><W122/><G118/><T105/><D111/><U14/><E110/><V61/><F25/><W4/><G122/><T53/><D104/><U129/><E129/><V57/><F85/><W96/><G73/><T86/><D101/><U70/><E112/><V130/><F113/><W37/><G37/><T0/><D105/><U102/><E29/><V114/><F114/><W91/><G135/><T22/><D0/><U119/><E119/><V109/><F109/><W133/><G133/><T23/><D87/><U3/><E3/><V134/><F134/><W13/><G126/><T74/><D74/><U40/><E66/><N who="0" m="25097" /><D23/><U52/><E88/><V44/><F41/><W59/><G31/><T83/><D86/><U7/><REACH who="1" step="1"/><E102/><REACH who="1" ten="250,240,250,250" step="2"/><V132/><F132/><W89/><G89/><T30/><D30/><U55/><E55/><N who="2" m="33983" /><F127/><W33/><G90/><T125/><D125/><U45/><E45/><V121/><AGARI ba="0,1" hai="43,44,50,56,62,64,120,121,123,128,130" m="33983" machi="121" ten="40,5200,0" yaku="34,2,52,1" doraHai="42" who="2" fromWho="2" sc="250,-26,240,-13,250,62,250,-13" /><INIT seed="1,0,0,5,1,94" ten="224,227,312,237" oya="1" hai0="121,93,114,72,34,100,127,3,79,81,44,29,31" hai1="76,45,5,26,120,118,122,132,123,95,21,69,110" hai2="82,102,0,25,30,111,62,18,48,40,74,71,125" hai3="10,97,50,46,58,133,119,39,109,85,49,112,16"/><U13/><E118/><V53/><F0/><W20/><G112/><T64/><D114/><U56/><E69/><V106/><F125/><W57/><G119/><T101/><D127/><U130/><E132/><V117/><F117/><W113/><G113/><T89/><D121/><U66/><E130/><V14/><F111/><W96/><G133/><T134/><D3/><U92/><E110/><V115/><F115/><W9/><G109/><T75/><D134/><U15/><E76/><V70/><F40/><N who="3" m="24775" /><G39/><T88/><D75/><U80/><E80/><V84/><F74/><W24/><G85/><T12/><D64/><U116/><E116/><V105/><F62/><W59/><G50/><T128/><D89/><U91/><E45/><V36/><F36/><W43/><G43/><T11/><D128/><U68/><E68/><V42/><F42/><W60/><G60/><T33/><D44/><U67/><E92/><V6/><F6/><W61/><G61/><T41/><D41/><U131/><E131/><V87/><F71/><W17/><G17/><T27/><D31/><U51/><E51/><V52/><F70/><W108/><G108/><T4/><D34/><U129/><E129/><V90/><F84/><AGARI ba="0,0" hai="4,11,12,27,29,33,72,79,81,84,88,93,100,101" machi="84" ten="30,2000,0" yaku="7,1,54,1" doraHai="94" who="0" fromWho="2" sc="224,20,227,0,312,-20,237,0" /><INIT seed="2,0,0,4,4,36" ten="244,227,292,237" oya="2" hai0="23,16,86,12,54,47,25,50,33,3,70,84,59" hai1="129,46,82,5,40,26,91,81,31,119,121,37,62" hai2="28,48,19,15,27,111,93,112,94,44,118,49,108" hai3="95,80,85,135,56,39,96,13,127,6,113,1,79"/><V126/><F118/><W30/><G113/><T101/><D70/><U88/><E119/><V63/><F112/><W4/><G135/><T97/><D3/><U132/><E132/><V41/><F126/><W24/><G127/><T45/><D33/><U9/><E129/><V17/><F63/><W74/><G1/><T65/><D47/><U8/><E121/><V35/><F49/><W115/><G115/><T98/><D98/><U125/><E125/><V75/><F75/><W14/><G39/><T52/><D65/><U73/><E62/><V72/><F72/><W43/><G74/><T128/><D12/><U99/><E99/><V103/><F103/><W116/><G56/><T66/><D66/><U83/><E73/><V120/><F120/><W87/><G87/><T2/><D2/><U29/><E29/><V90/><F19/><W7/><G43/><T78/><D78/><U107/><E107/><V32/><F32/><W109/><G109/><N who="2" m="42057" /><F90/><N who="3" m="55415" /><G116/><T22/><D22/><AGARI ba="0,0" hai="15,17,22,27,28,35,41,44,48,93,94" m="42057" machi="22" ten="30,5800,0" yaku="14,1,10,1,52,1" doraHai="36" who="2" fromWho="0" sc="244,-58,227,0,292,58,237,0" /><AGARI ba="0,0" hai="4,6,7,13,14,22,24,30,79,80,85" m="55415" machi="22" ten="30,1000,0" yaku="8,1" doraHai="36" who="3" fromWho="0" sc="186,-10,227,0,350,0,237,10" /><INIT seed="2,1,0,5,3,71" ten="176,227,350,247" oya="2" hai0="45,41,42,12,28,100,79,128,135,5,70,49,81" hai1="87,97,47,104,91,44,93,94,6,8,72,50,131" hai2="32,51,40,129,3,123,20,121,36,106,66,9,31" hai3="108,19,48,80,25,127,89,110,116,96,130,22,82"/><V62/><F106/><W67/><G116/><T68/><D128/><U11/><E131/><V78/><F129/><W24/><G130/><T53/><D135/><U15/><E72/><V34/><F20/><W64/><G127/><T115/><D115/><U16/><E104/><V59/><F78/><W99/><G48/><T95/><D68/><U61/><E61/><V4/><F51/><W57/><G57/><T55/><D70/><U63/><E63/><V113/><F113/><W105/><G105/><T103/><D28/><U74/><E74/><V114/><F114/><W101/><G22/><T84/><D41/><U35/><E35/><V1/><F1/><W88/><G19/><T10/><D95/><U120/><E120/><V76/><F76/><W119/><G119/><T83/><REACH who="0" step="1"/><D81/><REACH who="0" ten="166,227,350,247" step="2"/><U111/><E111/><V52/><F31/><W125/><REACH who="3" step="1"/><G125/><REACH who="3" ten="166,227,350,237" step="2"/><T26/><D26/><U56/><E94/><V124/><F124/><W77/><G77/><T30/><D30/><U85/><E93/><V27/><F27/><W13/><G13/><T65/><D65/><U46/><E15/><V21/><F66/><W33/><G33/><T14/><D14/><U0/><E0/><V109/><F34/><W2/><G2/><T54/><AGARI ba="1,2" hai="5,10,12,42,45,49,53,54,55,79,83,84,100,103" machi="54" ten="30,12000,2" yaku="1,1,0,1,25,2,8,1,53,1" doraHai="71" doraHaiUra="38" who="0" fromWho="0" sc="166,143,227,-31,350,-61,237,-31" /><INIT seed="3,0,0,0,1,78" ten="309,196,289,206" oya="3" hai0="60,57,131,4,111,71,113,0,123,50,65,41,97" hai1="52,125,39,91,127,94,32,21,9,67,104,36,129" hai2="56,89,13,29,122,69,3,126,101,84,7,124,68" hai3="96,19,35,102,22,87,130,44,93,119,76,8,110"/><W47/><G119/><T24/><D123/><U92/><E32/><V33/><F3/><W48/><G130/><T86/><D131/><U38/><E129/><V121/><F101/><W14/><G35/><T63/><D113/><U16/><E9/><N who="2" m="4287" /><F29/><W42/><G110/><T109/><D97/><U55/><E67/><V20/><F33/><W106/><G47/><N who="0" m="25967" /><D86/><N who="1" m="52343" /><E94/><N who="2" m="54567" /><F56/><W83/><REACH who="3" step="1"/><G106/><REACH who="3" ten="309,196,289,196" step="2"/><T62/><D111/><U88/><E104/><V128/><F128/><W100/><G100/><T49/><D109/><U105/><E105/><V54/><F122/><W72/><G72/><T18/><D71/><U53/><E36/><V132/><F121/><W6/><G6/><T98/><D4/><U59/><E38/><V118/><F69/><W2/><G2/><T114/><D0/><U116/><E39/><V108/><F68/><W1/><G1/><T70/><D114/><U85/><E116/><V90/><F108/><W79/><G79/><T45/><D70/><U58/><E127/><V30/><F118/><W5/><G5/><T77/><D77/><U112/><E125/><V120/><F120/><W133/><G133/><T61/><D65/><U95/><E112/><V74/><F126/><W23/><AGARI ba="0,1" hai="8,14,19,22,23,42,44,48,76,83,87,93,96,102" machi="23" ten="30,18000,2" yaku="1,1,0,1,8,1,52,1,53,2" doraHai="78" doraHaiUra="17" who="3" fromWho="3" sc="309,-60,196,-60,289,-60,196,190" /><INIT seed="3,1,0,4,4,114" ten="249,136,229,386" oya="3" hai0="70,100,103,3,16,43,94,134,83,95,0,108,105" hai1="34,101,88,28,85,130,77,41,129,14,68,113,112" hai2="125,135,120,49,111,91,80,107,27,18,10,36,58" hai3="64,66,38,132,97,20,55,124,115,82,22,1,29"/><W93/><G115/><N who="1" m="44106" /><E68/><V48/><F36/><W12/><G38/><T96/><D70/><U54/><E41/><V57/><F107/><W81/><G1/><T128/><D134/><U23/><E101/><V15/><F135/><W76/><G132/><T110/><D128/><N who="1" m="49259" /><E77/><V106/><F106/><W118/><G76/><T46/><D83/><N who="1" m="49215" /><E54/><V26/><F120/><W42/><G55/><T133/><D133/><U56/><E56/><N who="2" m="21611" /><F125/><W73/><G124/><T24/><D103/><U89/><E89/><V62/><F111/><N who="0" m="42538" /><D95/><U74/><E74/><V33/><F33/><W13/><G73/><T63/><D105/><U47/><E47/><V121/><F121/><W6/><G66/><T117/><D63/><U40/><E40/><V37/><F37/><W92/><G64/><T98/><D46/><U52/><E52/><V4/><F62/><W32/><G42/><T119/><D43/><U75/><E75/><V65/><F65/><W79/><G79/><T53/><D53/><U69/><E69/><V17/><F49/><W39/><G39/><T35/><D98/><U45/><E45/><V86/><F48/><W131/><G97/><T123/><D123/><U87/><E87/><V44/><F44/><W11/><G32/><T9/><D35/><U21/><E14/><V5/><F5/><W60/><G6/><N who="0" m="1223" /><D3/><U30/><E34/><V102/><F102/><W31/><G13/><T127/><D127/><U61/><E61/><V122/><F122/><W2/><G60/><T78/><D78/><U126/><E126/><V50/><F50/><W8/><G2/><T71/><D71/><RYUUKYOKU ba="1,0" sc="249,10,136,10,229,10,386,-30" hai0="16,24,94,96,100,117,119" hai1="21,23,28,30" hai2="4,10,15,17,18,26,27,80,86,91" /><INIT seed="4,2,0,0,0,60" ten="259,146,239,356" oya="0" hai0="87,66,77,117,32,67,21,72,107,3,28,115,30" hai1="2,49,90,79,106,100,92,80,133,91,78,93,62" hai2="19,111,118,102,119,116,56,70,99,84,47,9,57" hai3="44,31,42,18,82,34,40,23,89,38,36,52,97"/><T113/><D117/><U130/><E2/><V59/><F70/><W22/><G34/><T24/><D3/><U108/><E108/><V63/><F111/><W48/><G31/><N who="0" m="11819" /><D32/><U6/><E6/><V65/><F84/><W14/><G42/><T1/><D1/><U124/><E124/><V120/><F120/><W8/><G38/><T12/><D12/><U75/><E133/><V123/><F123/><W17/><G17/><N who="0" m="12335" /><D72/><U127/><E127/><V39/><F39/><W54/><G97/><T61/><D107/><U98/><E62/><V128/><F128/><W112/><G112/><N who="0" m="43083" /><D61/><U69/><E49/><V45/><F19/><W81/><G36/><T33/><D33/><U29/><E130/><V26/><F26/><W134/><G81/><AGARI ba="2,0" hai="66,67,77,81,87" m="43083,12335,11819" machi="81" ten="30,5800,0" yaku="15,1,52,2" doraHai="60" who="0" fromWho="3" sc="259,64,146,0,239,0,356,-64" /><INIT seed="4,3,0,5,1,114" ten="323,146,239,292" oya="0" hai0="94,57,82,83,23,11,87,50,81,20,53,26,102" hai1="27,130,45,24,133,110,126,89,0,6,109,117,25" hai2="116,124,121,91,118,51,10,49,52,85,105,99,92" hai3="135,127,22,29,36,15,58,71,128,107,43,37,98"/><T125/><BYE who="2" /><D125/><U28/><E117/><V62/><F62/><W14/><G127/><T70/><D70/><U67/><E126/><V115/><F115/><W35/><G71/><T75/><D75/><U86/><E67/><V64/><F64/><W100/><G135/><T96/><D11/><U16/><E133/><V61/><F61/><W101/><G101/><T97/><D97/><U76/><E76/><UN n2="%E5%B0%B1%E6%B4%BB%E7%94%9F%40%E5%B7%9D%E6%9D%91%E8%BB%8D%E5%9B%A3" /><V1/><F121/><W113/><G113/><T55/><D55/><U134/><E45/><V40/><F124/><W47/><G128/><T33/><D33/><U88/><E130/><V66/><F66/><W90/><G35/><T63/><D50/><U48/><E134/><V84/><F40/><W93/><G58/><T12/><D12/><U9/><E48/><V80/><F49/><W21/><G36/><T95/><D95/><U69/><E69/><V19/><F105/><W108/><G108/><N who="1" m="41578" /><E86/><V132/><F132/><W65/><G65/><T46/><D46/><U8/><E89/><N who="2" m="51335" /><F99/><W13/><REACH who="3" step="1"/><G29/><REACH who="3" ten="323,146,239,282" step="2"/><N who="0" m="17607" /><D23/><U119/><E28/><V104/><F104/><W77/><G77/><AGARI ba="3,1" hai="53,57,63,77,81,82,83,87,94,96,102" m="17607" machi="77" ten="30,1500,0" yaku="8,1" doraHai="114" who="0" fromWho="3" sc="323,34,146,0,239,0,282,-24" /><INIT seed="4,4,0,5,3,27" ten="357,146,239,258" oya="0" hai0="131,81,52,34,95,71,96,32,44,17,54,92,99" hai1="62,103,121,126,75,114,24,123,87,38,31,51,104" hai2="12,113,8,80,127,93,135,19,100,59,10,40,117" hai3="101,79,83,58,85,25,26,61,18,65,72,119,50"/><T69/><D131/><U13/><E75/><V3/><F127/><W86/><G119/><T76/><D44/><U37/><E126/><V115/><F117/><W88/><G101/><T84/><D17/><U111/><E51/><V116/><F116/><W63/><G63/><T132/><D132/><U74/><E87/><V14/><F135/><W15/><G50/><T105/><D105/><U125/><E13/><V43/><F3/><W9/><REACH who="3" step="1"/><G72/><REACH who="3" ten="357,146,239,248" step="2"/><T129/><D129/><U7/><E74/><V30/><F115/><W107/><G107/><T36/><D36/><U106/><E38/><V98/><F113/><W73/><G73/><T4/><D71/><U122/><E37/><V42/><F59/><W11/><G11/><T118/><D69/><U60/><E104/><V49/><F49/><W20/><G20/><T112/><D118/><U45/><E106/><V16/><F80/><AGARI ba="4,1" hai="9,15,18,25,26,58,61,65,79,80,83,85,86,88" machi="80" ten="30,12000,2" yaku="1,1,7,1,8,1,54,1,53,2" doraHai="27" doraHaiUra="22" who="3" fromWho="2" sc="357,0,146,0,239,-132,248,142" /><INIT seed="5,0,0,5,1,93" ten="357,146,107,390" oya="1" hai0="95,39,9,13,5,26,110,112,131,120,55,128,17" hai1="35,54,75,40,119,85,123,37,80,27,1,38,43" hai2="51,44,12,86,130,77,67,63,25,23,70,59,0" hai3="89,30,18,64,45,84,21,19,96,90,22,106,41"/><U109/><E75/><V73/><F0/><W132/><G132/><T2/><D39/><U50/><E119/><V46/><F130/><N who="0" m="49706" /><D110/><U49/><E123/><V113/><F73/><W97/><G106/><T104/><D104/><U68/><E1/><V88/><F113/><W82/><G64/><T48/><D112/><U31/><E68/><V14/><F77/><N who="3" m="46159" /><G41/><T122/><D26/><U99/><E109/><V71/><F71/><W34/><G34/><T57/><D95/><U83/><E83/><V61/><F61/><W4/><G4/><T102/><D102/><U16/><E16/><N who="3" m="6186" /><G45/><T116/><D116/><U72/><E72/><V62/><F62/><W36/><G36/><T15/><D2/><U10/><E40/><V101/><F70/><W107/><G107/><T29/><D29/><U103/><E43/><V100/><F44/><W79/><G79/><T87/><D87/><U69/><E69/><V133/><F133/><W65/><G65/><T129/><N who="0" m="49714" /><T53/><DORA hai="24" /><D55/><U121/><E54/><N who="2" m="30071" /><F25/><N who="3" m="16687" /><G22/><AGARI ba="0,0" hai="5,9,13,15,17,22,48,53,57,120,122" m="49714" machi="22" ten="40,1300,0" yaku="19,1" doraHai="93,24" who="0" fromWho="3" sc="357,13,146,0,107,0,390,-13" /><INIT seed="6,0,0,0,4,97" ten="370,146,107,377" oya="2" hai0="63,58,113,53,105,20,120,73,110,12,87,39,72" hai1="52,46,29,108,61,96,28,133,2,15,111,102,66" hai2="27,49,31,51,25,18,50,74,81,115,95,131,48" hai3="107,116,103,88,54,109,47,117,17,5,86,90,106"/><V82/><F115/><W9/><G109/><T126/><D110/><U89/><E2/><V99/><F131/><W14/><G107/><T64/><D120/><U6/><E133/><V135/><F135/><W33/><G33/><T62/><D113/><U40/><E89/><V19/><N who="2" m="12288" /><DORA hai="123" /><V80/><F74/><W132/><G54/><T94/><D39/><U134/><E134/><V43/><F43/><W101/><G106/><T3/><D3/><U91/><E40/><V121/><F121/><W34/><G47/><T114/><D114/><U84/><E46/><V57/><F57/><W13/><G34/><T128/><D128/><U85/><E85/><V26/><REACH who="2" step="1"/><F31/><REACH who="2" ten="370,146,97,377" step="2"/><W23/><G132/><T36/><D72/><U41/><E41/><V0/><F0/><W79/><G117/><T22/><D73/><U59/><E28/><V75/><F75/><W71/><G116/><T124/><D58/><U70/><E29/><V56/><F56/><W7/><G71/><T118/><D118/><U55/><E59/><V122/><F122/><W37/><G37/><T83/><D36/><U127/><E108/><V30/><F30/><W129/><G129/><T44/><D126/><U1/><E1/><V98/><F98/><W38/><G38/><T10/><D124/><U45/><E127/><V8/><F8/><W100/><G79/><N who="0" m="46591" /><D10/><N who="1" m="4567" /><E111/><V16/><F16/><W65/><G9/><T42/><D42/><U11/><E11/><V78/><F78/><W21/><G17/><T76/><D76/><U104/><E45/><V32/><F32/><W60/><G5/><T112/><D44/><RYUUKYOKU ba="0,1" sc="370,-15,146,15,97,15,377,-15" hai1="52,55,61,66,70,84,91,96,102,104" hai2="18,19,25,26,27,80,81,82,95,99" /><INIT seed="6,1,1,4,5,62" ten="355,161,112,362" oya="2" hai0="36,63,50,119,80,24,67,81,90,74,114,39,35" hai1="20,40,95,55,34,122,116,54,18,72,66,45,100" hai2="27,111,117,83,75,56,10,113,104,5,2,88,38" hai3="102,60,77,59,103,26,98,65,132,73,96,128,125"/><V123/><F117/><W78/><G132/><T23/><D119/><U105/><E34/><V124/><F123/><W76/><G128/><T99/><D114/><U94/><E116/><V46/><F113/><W52/><G125/><T16/><D35/><U7/><E122/><V4/><F104/><W29/><G73/><T69/><D74/><U135/><E135/><V47/><F5/><W115/><G115/><T6/><D50/><N who="1" m="26919" /><E72/><V71/><F71/><W120/><G120/><T68/><D68/><U85/><E105/><V86/><F124/><W30/><G65/><T28/><D6/><U126/><E126/><V118/><F118/><W13/><G13/><T107/><D81/><U106/><E106/><V87/><F75/><W93/><REACH who="3" step="1"/><G26/><REACH who="3" ten="355,161,112,352" step="2"/><T41/><D24/><U97/><E7/><V43/><F111/><W32/><G32/><T1/><D1/><U92/><E66/><V110/><F110/><W53/><G53/><N who="1" m="19978" /><E85/><V15/><F27/><AGARI ba="1,2" hai="18,20,27,92,94,95,97,100" m="19978,26919" machi="27" ten="30,1000,0" yaku="8,1" doraHai="62" who="1" fromWho="2" sc="355,0,161,33,112,-13,352,0" /><INIT seed="7,0,0,1,0,62" ten="355,194,99,352" oya="3" hai0="120,115,95,68,135,83,110,113,123,71,11,119,130" hai1="64,129,50,47,78,38,75,21,43,25,51,10,46" hai2="23,4,12,73,61,9,66,84,86,17,26,126,59" hai3="54,72,90,13,65,41,8,28,45,125,103,93,76"/><W7/><G125/><T18/><D130/><U69/><E129/><V48/><F73/><W82/><G54/><T121/><D135/><U105/><E105/><V52/><REACH who="2" step="1"/><F126/><REACH who="2" ten="355,194,89,352" step="2"/><W100/><G28/><T116/><D121/><U49/><E75/><V39/><F39/><W70/><G70/><T102/><D120/><U0/><E78/><V91/><F91/><W6/><G6/><T74/><D123/><U19/><E10/><V124/><F124/><W33/><G33/><T55/><D119/><U36/><E0/><V85/><F85/><W101/><G65/><T106/><D116/><U114/><E114/><V29/><F29/><W79/><G79/><T112/><D115/><U77/><E77/><V89/><F89/><W97/><G103/><T44/><D113/><U67/><E69/><V40/><F40/><AGARI ba="0,1" hai="19,21,25,36,38,40,43,46,47,49,50,51,64,67" machi="40" ten="40,5200,0" yaku="9,1,52,2" doraHai="62" who="1" fromWho="2" sc="355,0,194,62,89,-52,352,0" owari="355,45.0,256,-14.0,37,-46.0,352,15.0" /></mjloggm>