<mjloggm ver="2.3"><GO type="193" lobby="0"/><UN n0="%6B%6F%6E%6E%74%79%61%6E" n1="%E3%83%88%E3%83%88%E3%83%AA%E5%85%88%E7%94%9F%31%39%E6%AD%B3" n2="%59%55%4B%49%E9%BA%BB%E5%91%82" n3="%34%31%34%31%75%64%61" dan="11,10,11,12" rate="1560.71,1847.89,1589.91,1786.70" sx="M,F,F,M"/><TAIKYOKU oya="0"/><INIT seed="0,0,0,0,3,61" ten="250,250,250,250" oya="0" hai0="48,105,35,13,85,114,122,112,57,51,127,27,16" hai1="124,42,18,62,113,80,53,20,50,111,40,102,60" hai2="28,69,77,38,120,100,93,56,86,89,126,104,14" hai3="98,0,130,41,125,87,131,82,74,25,11,75,99"/><T29/><D122/><U63/><E111/><V83/><F69/><W15/><G25/><T46/><D127/><U31/><E124/><V8/><F126/><W54/><G125/><T129/><D105/><U110/><E110/><V55/><F38/><W39/><G54/><T67/><D129/><N who="3" m="49161" /><G0/><T92/><D114/><U72/><E113/><V78/><F120/><W58/><G58/><T71/><D112/><U4/><E31/><V103/><F28/><W68/><G68/><T108/><D71/><U17/><E4/><V94/><F8/><W101/><G41/><T65/><D108/><U9/><E102/><N who="2" m="38955" /><F14/><W76/><G39/><T21/><D46/><U132/><E132/><V81/><F56/><W73/><G15/><T66/><REACH who="0" step="1"/><D57/><REACH who="0" ten="240,250,250,250" step="2"/><U119/><E119/><V43/><F104/><N who="3" m="63543" /><G11/><T134/><D134/><U30/><E9/><V135/><F135/><W3/><G3/><T6/><D6/><U116/><E116/><V96/><F43/><W22/><G22/><T90/><AGARI ba="0,1" hai="13,16,21,27,29,35,48,51,65,66,67,85,90,92" machi="90" ten="30,18000,2" yaku="1,1,0,1,52,3,54,1,53,0" doraHai="61" doraHaiUra="59" who="0" fromWho="0" sc="240,190,250,-60,250,-60,250,-60" /><INIT seed="0,1,0,5,2,94" ten="430,190,190,190" oya="0" hai0="121,21,29,57,125,11,113,30,122,91,71,31,123" hai1="14,46,126,28,79,44,97,13,127,18,45,17,5" hai2="100,87,76,96,108,131,49,118,66,53,6,61,81" hai3="24,119,27,20,56,47,67,129,105,58,124,101,37"/><T73/><D71/><U83/><E28/><V10/><F131/><W102/><G119/><T7/><D73/><U59/><E59/><V41/><F118/><W130/><G124/><N who="1" m="47658" /><E97/><V16/><F108/><W19/><G24/><T62/><D125/><U60/><E60/><V85/><F41/><W63/><G58/><T43/><D43/><U92/><E92/><N who="2" m="58375" /><F87/><W82/><G82/><T48/><D113/><U68/><E68/><V0/><F0/><W52/><G37/><T111/><D111/><U116/><E116/><V104/><F104/><W12/><G27/><T134/><D134/><U26/><E26/><V109/><F109/><W128/><G105/><T103/><D48/><AGARI ba="1,0" hai="12,19,20,47,48,52,56,63,67,101,102,128,129,130" machi="48" ten="40,2600,0" yaku="19,1,54,1" doraHai="94" who="3" fromWho="0" sc="430,-29,190,0,190,0,190,29" /><INIT seed="1,0,0,4,1,121" ten="401,190,190,219" oya="1" hai0="29,42,75,91,65,93,44,14,50,1,89,17,84" hai1="10,80,122,43,0,25,24,18,85,103,20,19,23" hai2="117,52,104,6,15,132,63,129,90,51,127,46,53" hai3="82,41,114,126,45,54,33,64,9,81,40,16,77"/><U61/><E122/><V98/><F117/><W58/><G114/><T125/><D75/><U70/><E43/><N who="3" m="16458" /><G33/><T60/><D1/><U107/><E103/><V67/><F104/><W68/><G68/><T108/><D29/><U8/><E107/><V106/><F132/><W105/><G105/><T3/><D3/><U38/><E38/><V120/><F120/><W78/><G126/><T88/><D125/><U134/><E0/><V94/><F127/><W130/><G45/><T37/><D108/><U116/><E116/><V83/><F106/><W115/><G64/><T30/><D30/><U76/><E134/><V2/><F2/><W86/><G130/><T27/><D37/><U4/><E4/><V13/><F129/><W5/><G115/><T71/><D27/><U56/><REACH who="1" step="1"/><E70/><REACH who="1" ten="401,180,190,219" step="2"/><V66/><F6/><W32/><G5/><T7/><D7/><U112/><E112/><V73/><F73/><W97/><G78/><T109/><D109/><U101/><E101/><V92/><F92/><W118/><G77/><T79/><D79/><U72/><E72/><V74/><F74/><W69/><G118/><T110/><D110/><U28/><E28/><V119/><F119/><W123/><G69/><T113/><D113/><U47/><E47/><V36/><F36/><W59/><G123/><T100/><D100/><U135/><E135/><V55/><F83/><W11/><G82/><T99/><D99/><U111/><E111/><V124/><F124/><W39/><G97/><T12/><D12/><N who="2" m="4682" /><F63/><W21/><G81/><T102/><D102/><U96/><E96/><V49/><F46/><RYUUKYOKU ba="0,1" sc="401,10,180,10,190,10,219,-30" hai0="14,17,42,44,50,60,65,71,84,88,89,91,93" hai1="8,10,18,19,20,23,24,25,56,61,76,80,85" hai2="49,51,52,53,55,66,67,90,94,98" /><INIT seed="1,1,1,1,5,55" ten="411,190,200,189" oya="1" hai0="118,39,50,113,1,83,0,31,91,85,109,99,45" hai1="15,52,82,115,56,90,47,130,79,3,75,22,48" hai2="129,110,122,33,6,114,102,10,93,29,135,36,100" hai3="127,96,20,13,40,104,37,84,8,119,133,128,81"/><U132/><E115/><V2/><F122/><W70/><G70/><T44/><D113/><U9/><E130/><V19/><F114/><W23/><G128/><T67/><D118/><U86/><E132/><V108/><F129/><W121/><G133/><T105/><D109/><N who="2" m="42090" /><F36/><W125/><G121/><T64/><D39/><U49/><E3/><V95/><F135/><W24/><G119/><T27/><D44/><U66/><E22/><V73/><F73/><W43/><G104/><T7/><D7/><U11/><E15/><V92/><F19/><N who="3" m="8615" /><G96/><T63/><D105/><U58/><E66/><V94/><N who="2" m="24064" /><DORA hai="69" /><V42/><F42/><N who="3" m="15915" /><G37/><T57/><D67/><U12/><E58/><V54/><F54/><W101/><G101/><N who="2" m="39017" /><F29/><W61/><G61/><T60/><D60/><U18/><E11/><V112/><F112/><W131/><G131/><T30/><D1/><U68/><E68/><V35/><AGARI ba="1,1" hai="2,6,10,33,35" m="39017,24064,42090" machi="35" ten="50,1600,0" yaku="14,1" doraHai="55,69" who="2" fromWho="2" sc="411,-5,190,-9,200,29,189,-5" /><INIT seed="2,0,0,3,2,123" ten="406,181,229,184" oya="2" hai0="52,132,72,100,75,14,121,88,31,20,21,91,67" hai1="109,38,64,0,5,15,32,125,43,124,8,33,65" hai2="135,46,114,17,77,50,22,42,24,133,127,19,134" hai3="80,29,68,11,113,103,37,1,126,18,66,27,76"/><V95/><F114/><W10/><G37/><T3/><D121/><U6/><E38/><V85/><F127/><N who="1" m="48713" /><E43/><V28/><F77/><W59/><G126/><T86/><D3/><U97/><E97/><V84/><REACH who="2" step="1"/><F95/><REACH who="2" ten="406,181,219,184" step="2"/><W99/><G113/><T69/><D132/><U96/><E109/><V13/><F13/><W57/><G76/><T79/><D14/><U44/><E15/><V70/><F70/><W128/><G68/><T2/><D2/><U25/><E0/><V34/><F34/><W30/><G1/><T122/><D122/><U101/><E32/><V54/><F54/><W110/><G66/><T87/><D52/><U83/><E64/><V9/><F9/><W98/><G11/><T90/><D67/><U78/><E8/><V117/><F117/><W53/><G10/><T92/><D69/><U74/><E65/><V12/><F12/><W116/><G53/><T16/><D79/><U81/><E81/><V63/><F63/><W40/><G80/><T131/><D92/><N who="1" m="58503" /><E6/><V62/><F62/><W7/><G110/><T94/><D94/><U47/><E5/><V118/><F118/><W36/><G7/><T107/><D107/><U39/><E33/><V35/><F35/><W71/><G116/><T129/><D31/><U120/><E120/><V48/><F48/><W104/><G30/><T73/><D16/><AGARI ba="0,1" hai="16,17,19,22,24,28,42,46,50,84,85,133,134,135" machi="16" ten="40,7700,0" yaku="1,1,20,1,54,1,53,0" doraHai="123" doraHaiUra="89" who="2" fromWho="0" sc="406,-77,181,0,219,87,184,0" /><INIT seed="2,1,0,5,0,134" ten="329,181,306,184" oya="2" hai0="39,45,53,70,103,56,90,42,21,30,80,15,87" hai1="88,27,133,51,5,74,129,127,65,83,7,52,49" hai2="119,57,13,84,37,58,35,85,36,28,96,26,9" hai3="67,25,22,78,94,117,44,118,76,79,29,105,60"/><V32/><F119/><W47/><G105/><T125/><D70/><U63/><E129/><V114/><F114/><W121/><G121/><T99/><D30/><U19/><E133/><V20/><F96/><W100/><G118/><T132/><D132/><U16/><E127/><V69/><F69/><W46/><G117/><T2/><D125/><U122/><E122/><V91/><F37/><W59/><REACH who="3" step="1"/><G76/><REACH who="3" ten="329,181,306,174" step="2"/><T11/><D2/><U34/><E74/><V61/><F36/><W102/><G102/><T131/><D131/><U6/><E34/><V110/><F35/><W24/><G24/><T116/><D116/><U113/><E113/><V1/><F32/><W50/><G50/><N who="1" m="18954" /><E27/><V10/><F110/><W93/><G93/><T104/><D11/><U23/><E23/><V72/><F9/><W38/><G38/><T33/><D33/><U71/><E71/><V0/><F72/><W98/><AGARI ba="1,1" hai="22,25,29,44,46,47,59,60,67,78,79,94,98,100" machi="98" ten="30,8000,1" yaku="1,1,0,1,25,2,8,1,53,0" doraHai="134" doraHaiUra="81" who="3" fromWho="3" sc="329,-21,181,-21,306,-41,174,93" /><INIT seed="3,0,0,3,3,120" ten="308,160,265,267" oya="3" hai0="133,95,103,58,63,35,109,18,89,25,41,122,100" hai1="134,22,57,45,61,28,32,135,130,82,38,29,75" hai2="5,49,84,71,98,53,96,91,19,27,106,40,131" hai3="24,8,129,97,14,9,104,16,44,99,59,13,31"/><W94/><G129/><T43/><D122/><U88/><E32/><V74/><F71/><W125/><G125/><T20/><D35/><U37/><E130/><V121/><F74/><W65/><G104/><T2/><D133/><U73/><E45/><V128/><F121/><W52/><G44/><T68/><D68/><U4/><E4/><V132/><F40/><W42/><G42/><N who="0" m="15883" /><D2/><U83/><E22/><V3/><F132/><W60/><G65/><N who="0" m="39159" /><D109/><U110/><E57/><V85/><F3/><W117/><G117/><T113/><D113/><U67/><E61/><V79/><F5/><W102/><G99/><AGARI ba="0,0" hai="18,20,25,89,95,99,100,103" m="39159,15883" machi="99" ten="30,1000,0" yaku="8,1" doraHai="120" who="0" fromWho="3" sc="308,10,160,0,265,0,267,-10" owari="318,41.0,160,-34.0,265,7.0,257,-14.0" /></mjloggm>