<mjloggm ver="2.3"><GO type="225" lobby="0"/><UN n0="%E4%B8%96%E3%82%92%E7%9B%B4%E3%81%99%E8%80%85" n1="%66%75%6B%75%30%32" n2="%6B%6F%75%33%32%38%34" n3="%E3%83%88%E3%83%88%E3%83%AA%E5%85%88%E7%94%9F%31%39%E6%AD%B3" dan="16,16,16,17" rate="2017.12,2110.64,2148.54,2183.84" sx="M,M,F,F"/><TAIKYOKU oya="0"/><INIT seed="0,0,0,0,1,11" ten="250,250,250,250" oya="0" hai0="50,93,101,113,102,80,105,15,12,69,8,72,6" hai1="126,95,121,125,111,46,128,133,85,132,3,103,98" hai2="37,131,17,117,91,84,38,43,100,90,51,94,2" hai3="119,40,68,67,54,87,78,130,44,13,81,110,14"/><T31/><D113/><U10/><E121/><V112/><F112/><W65/><G119/><T127/><D69/><U19/><E111/><V23/><F2/><W74/><G110/><T4/><D105/><U42/><E85/><V73/><F73/><W0/><G130/><T106/><D106/><U109/><E109/><V48/><F38/><W118/><G118/><T24/><D127/><N who="1" m="48651" /><E128/><V30/><F37/><W56/><G0/><T63/><D72/><U49/><E19/><V5/><F5/><AGARI ba="0,0" hai="3,5,10,42,46,49,95,98,103,132,133" m="48651" machi="5" ten="30,1000,0" yaku="18,1" doraHai="11" who="1" fromWho="2" sc="250,0,250,10,250,-10,250,0" /><INIT seed="1,0,0,0,0,51" ten="250,260,240,250" oya="1" hai0="35,4,63,72,48,5,128,94,107,66,110,125,12" hai1="52,14,74,122,19,123,130,24,22,126,103,13,3" hai2="106,89,55,111,70,99,26,131,43,116,132,11,6" hai3="80,18,86,30,16,104,88,53,90,102,133,64,0"/><U68/><E3/><V42/><F116/><W23/><G0/><T27/><D107/><U121/><E74/><V47/><F70/><W118/><G118/><T40/><D72/><U105/><E68/><V1/><F111/><W46/><G133/><T36/><D36/><U56/><E126/><V113/><F132/><W2/><G2/><T44/><D110/><U109/><E109/><V108/><F108/><W69/><G104/><T101/><D125/><U39/><E39/><V134/><F134/><W124/><G102/><T95/><D128/><U15/><E130/><V84/><F131/><W25/><G124/><T7/><D35/><U129/><E129/><V77/><F26/><W96/><G64/><T91/><D27/><U87/><E87/><V37/><F113/><W8/><G69/><T135/><D135/><U92/><E105/><V29/><F29/><W41/><G8/><T75/><D75/><U119/><E119/><V71/><F71/><W10/><G10/><T79/><D79/><U100/><REACH who="1" step="1"/><E92/><REACH who="1" ten="250,250,240,250" step="2"/><V31/><F106/><W93/><REACH who="3" step="1"/><G53/><REACH who="3" ten="250,250,240,240" step="2"/><T83/><D95/><U9/><E9/><V97/><F55/><W45/><G45/><T17/><D94/><U59/><E59/><V49/><F47/><W20/><G20/><T115/><D44/><U28/><E28/><V33/><F31/><W73/><G73/><T60/><D115/><U78/><E78/><V38/><F77/><W61/><G61/><AGARI ba="0,2" hai="13,14,15,19,22,24,52,56,61,100,103,121,122,123" machi="61" ten="50,9600,0" yaku="1,1,52,1,54,1,53,0" doraHai="51" doraHaiUra="34" who="1" fromWho="3" sc="250,0,250,116,240,0,240,-96" /><INIT seed="1,1,0,2,2,79" ten="250,366,240,144" oya="1" hai0="131,84,100,12,32,68,55,5,67,71,86,16,31" hai1="78,51,59,42,0,87,113,2,101,64,23,115,109" hai2="133,14,19,129,118,91,107,105,135,43,17,111,15" hai3="93,116,98,62,69,39,112,34,52,1,88,24,73"/><U47/><E101/><V121/><F118/><W119/><G112/><T103/><D5/><U46/><E109/><V11/><F121/><W56/><G39/><T120/><D120/><U92/><E115/><V97/><F129/><W80/><G1/><T128/><D31/><U9/><E113/><V36/><F43/><W48/><G34/><T41/><D32/><U104/><E104/><V74/><F74/><W20/><G69/><N who="0" m="26699" /><D41/><U72/><E72/><V110/><F36/><W63/><G48/><T4/><D4/><U54/><E9/><N who="2" m="6351" /><F91/><W130/><G63/><T44/><D67/><U83/><E92/><V90/><F90/><W99/><G99/><T26/><D26/><U65/><E23/><V3/><F3/><W82/><G130/><N who="0" m="49707" /><D86/><U134/><E0/><V127/><F127/><W53/><G53/><T49/><D84/><U94/><E2/><V10/><F11/><AGARI ba="1,0" hai="11,12,16,44,49,55,100,103" m="49707,26699" machi="11" ten="30,2000,0" yaku="19,1,54,1" doraHai="79" who="0" fromWho="2" sc="250,23,366,0,240,-23,144,0" /><INIT seed="2,0,0,1,1,23" ten="273,366,217,144" oya="2" hai0="42,74,118,46,89,129,86,108,47,43,115,104,117" hai1="57,81,127,24,77,45,125,128,111,107,135,84,73" hai2="5,76,14,113,55,134,13,133,26,70,126,4,61" hai3="121,28,99,130,16,105,15,97,44,94,19,72,120"/><V6/><F113/><W131/><G72/><T48/><D74/><U85/><E107/><V96/><F126/><N who="1" m="48137" /><E111/><V114/><F114/><W102/><G44/><T92/><D115/><U101/><E101/><V29/><F76/><W1/><G1/><T11/><D104/><U0/><E0/><V67/><F96/><W82/><G82/><T18/><D108/><U53/><E128/><V41/><F55/><W35/><G105/><T38/><D129/><N who="3" m="49161" /><G99/><T10/><REACH who="0" step="1"/><D18/><REACH who="0" ten="263,366,217,144" step="2"/><N who="3" m="6697" /><G15/><T22/><D22/><U80/><E73/><V123/><F123/><W31/><G35/><T20/><D20/><U79/><E79/><V9/><F14/><W100/><G100/><T17/><D17/><U62/><E77/><V34/><REACH who="2" step="1"/><F41/><REACH who="2" ten="263,366,207,144" step="2"/><W75/><G75/><T112/><D112/><U59/><E85/><V52/><F52/><W66/><G66/><T54/><D54/><U21/><E53/><V32/><F32/><W7/><G7/><AGARI ba="0,2" hai="4,5,6,7,9,13,26,29,34,61,67,70,133,134" machi="7" ten="40,3900,0" yaku="1,1,52,1,53,0" doraHai="23" doraHaiUra="49" who="2" fromWho="3" sc="263,0,366,0,207,59,144,-39" /><INIT seed="2,1,0,2,5,100" ten="263,366,266,105" oya="2" hai0="84,3,61,110,68,129,69,30,11,39,41,46,44" hai1="4,28,113,15,42,127,86,89,75,98,119,16,111" hai2="65,12,107,91,123,37,92,96,9,115,7,2,23" hai3="135,73,6,58,59,21,33,116,63,131,134,47,109"/><V81/><F115/><W54/><G116/><T126/><D110/><U83/><E113/><V40/><F123/><W105/><G33/><T66/><D129/><U102/><E119/><V49/><F37/><W85/><G73/><T32/><D126/><U57/><E111/><V99/><F65/><W103/><G109/><T43/><D84/><U55/><E127/><V38/><F38/><W106/><G131/><T5/><D46/><U45/><E75/><V14/><F2/><W56/><G103/><T93/><D43/><U125/><E125/><V62/><F62/><W25/><G6/><T27/><D93/><N who="1" m="58703" /><E4/><V104/><F96/><W128/><G85/><T26/><D27/><U77/><E28/><V90/><F90/><W130/><G130/><T10/><D11/><N who="1" m="6271" /><E45/><V108/><F81/><W1/><G1/><T122/><D122/><U13/><E13/><V17/><REACH who="2" step="1"/><F108/><REACH who="2" ten="263,366,256,105" step="2"/><W118/><G128/><T97/><D97/><U48/><E89/><V19/><F19/><N who="3" m="12479" /><G118/><T34/><D32/><U80/><E80/><V87/><F87/><W50/><G63/><T0/><D3/><U76/><E76/><V74/><F74/><W8/><G8/><T132/><D132/><AGARI ba="1,1" hai="47,50,54,56,58,59,105,106,132,134,135" m="12479" machi="132" ten="30,3900,0" yaku="20,1,52,2" doraHai="100" who="3" fromWho="0" sc="263,-42,366,0,256,0,105,52" /><INIT seed="3,0,0,3,4,85" ten="221,366,256,157" oya="3" hai0="65,66,54,86,102,92,107,75,68,134,131,67,135" hai1="101,3,17,123,50,115,114,56,42,130,29,28,90" hai2="100,37,103,48,36,40,12,95,0,55,109,70,6" hai3="106,127,61,11,58,52,113,21,128,7,80,23,105"/><W69/><G113/><T112/><D75/><U122/><E101/><V119/><F0/><W31/><G128/><T110/><D131/><U111/><E130/><V83/><F70/><W133/><G133/><T79/><D110/><U4/><E90/><V89/><F83/><W46/><G127/><T91/><D112/><N who="1" m="43051" /><E56/><V126/><F119/><W98/><G69/><T39/><D39/><U5/><E50/><V118/><F109/><W30/><G23/><T74/><D68/><U18/><E42/><V49/><F37/><W73/><G46/><T124/><D124/><U47/><E47/><N who="2" m="25703" /><F36/><W76/><G21/><T117/><D117/><U27/><E111/><V121/><F121/><N who="1" m="46089" /><E29/><V16/><F6/><N who="1" m="2665" /><E3/><V62/><F62/><W82/><G82/><N who="0" m="45431" /><D54/><U57/><E57/><N who="2" m="33007" /><F118/><W81/><G81/><T93/><D92/><U24/><E24/><V99/><F126/><W20/><G98/><AGARI ba="0,0" hai="65,66,67,86,91,93,98,102,107,134,135" m="45431" machi="98" ten="30,2000,0" yaku="24,1,52,1" doraHai="85" who="0" fromWho="3" sc="221,20,366,0,256,0,157,-20" owari="241,-16.0,366,46.0,256,6.0,137,-36.0" /></mjloggm>