<mjloggm ver="2.3"><GO type="41" lobby="0"/><UN n0="%E5%B0%B1%E6%B4%BB%E7%94%9F%40%E5%B7%9D%E6%9D%91%E8%BB%8D%E5%9B%A3" n1="%6D%6F%6D%69%61%67%65%30" n2="%E6%A1%83%E3%82%84%E3%82%93" n3="%6D%61%74%74%69%65" dan="17,14,15,15" rate="2166.82,1974.18,2027.97,2006.70" sx="M,M,M,M"/><TAIKYOKU oya="0"/><INIT seed="0,0,0,1,5,6" ten="250,250,250,250" oya="0" hai0="59,35,122,74,11,12,133,134,18,2,16,88,61" hai1="26,77,38,102,23,44,51,103,36,70,89,79,45" hai2="31,50,84,20,22,85,93,80,114,110,52,95,81" hai3="65,107,25,68,119,100,27,73,43,32,63,108,116"/><T30/><D74/><U9/><E70/><V17/><F110/><W104/><G108/><T49/><D122/><U94/><E38/><V69/><F69/><W92/><G27/><N who="0" m="18911" /><D49/><U113/><E36/><V106/><F106/><W34/><G92/><T46/><D46/><N who="1" m="18027" /><E9/><V130/><F130/><W15/><G15/><N who="0" m="7295" /><D88/><U109/><E109/><V21/><F17/><W129/><G43/><T4/><D59/><U42/><E42/><V14/><F14/><W111/><G111/><T123/><D61/><U126/><E51/><V5/><F5/><W60/><G60/><T29/><D29/><N who="1" m="17631" /><E126/><V67/><F67/><W115/><G115/><T66/><D66/><U121/><E113/><V135/><F31/><N who="3" m="19567" /><G34/><T117/><D117/><U90/><E90/><V97/><F114/><W64/><G64/><T86/><D86/><N who="1" m="52535" /><E121/><V57/><F135/><N who="0" m="51722" /><D123/><U48/><E48/><V0/><F97/><N who="3" m="61455" /><G107/><T128/><D128/><U24/><E102/><V131/><F131/><W72/><G129/><T99/><D99/><U76/><E103/><V54/><F54/><W112/><G112/><T127/><D127/><U96/><E96/><V56/><F95/><W91/><G91/><T37/><D37/><U71/><E71/><V101/><F93/><W83/><G72/><T132/><N who="0" m="51730" /><T53/><DORA hai="40" /><D53/><U10/><E76/><AGARI ba="0,0" hai="63,65,68,73,76,83,116,119" m="61455,19567" machi="76" ten="30,2000,0" yaku="25,1,23,1" doraHai="6,40" who="3" fromWho="1" sc="250,0,250,-20,250,0,250,20" /><INIT seed="1,0,0,1,5,105" ten="250,230,250,270" oya="1" hai0="54,26,93,37,17,91,86,50,56,89,68,130,77" hai1="108,51,92,84,119,116,22,132,25,135,29,21,66" hai2="87,110,127,133,72,55,34,45,12,71,18,16,44" hai3="58,76,82,96,39,94,103,97,134,128,100,6,79"/><U48/><E66/><V70/><F34/><W43/><G6/><T63/><D130/><U121/><E121/><V90/><F133/><N who="1" m="51273" /><E108/><V27/><F110/><W46/><G134/><T109/><D109/><U129/><E129/><V122/><F127/><W102/><G128/><T85/><D37/><U0/><E0/><V28/><F122/><W118/><G118/><N who="1" m="45098" /><E21/><V38/><F38/><W81/><G58/><T10/><D77/><U98/><E84/><V11/><F18/><W53/><G53/><T112/><D112/><U30/><E30/><V67/><F45/><W19/><G19/><T123/><D123/><U3/><E3/><V47/><F47/><W5/><G5/><T31/><D68/><U125/><E125/><V65/><F70/><W33/><G33/><T117/><D117/><U120/><E120/><V74/><F71/><W115/><G115/><T42/><D31/><U1/><E1/><V23/><F65/><W106/><G106/><T114/><D114/><U61/><E61/><V104/><F67/><W14/><G14/><T101/><D63/><U75/><E75/><V49/><F104/><W2/><G2/><T15/><D26/><U32/><E32/><V8/><F8/><W131/><G131/><T95/><D42/><U126/><E126/><V64/><F64/><W69/><G69/><T36/><D36/><U62/><E62/><V20/><F20/><W59/><G59/><T80/><D80/><AGARI ba="0,0" hai="11,12,16,23,27,28,44,49,55,72,74,80,87,90" machi="80" ten="30,12000,2" yaku="7,1,25,2,52,2,54,1" doraHai="105" who="2" fromWho="0" sc="250,-120,230,0,250,120,270,0" /><INIT seed="2,0,0,4,1,101" ten="130,230,370,270" oya="2" hai0="60,22,122,112,126,127,68,124,82,72,79,102,17" hai1="21,115,108,33,90,27,125,114,94,74,77,47,121" hai2="116,5,70,38,104,34,83,65,110,51,10,85,113" hai3="76,99,26,35,3,63,87,103,31,59,48,69,81"/><V119/><F38/><W88/><G3/><T89/><D122/><U0/><E108/><V93/><F34/><W8/><G8/><T98/><D112/><U100/><E125/><V15/><F113/><W111/><G111/><T23/><D89/><U11/><E121/><V135/><F110/><W123/><G123/><T91/><D91/><U96/><E33/><V32/><F93/><W29/><G29/><T4/><D4/><U12/><E0/><V133/><F32/><W41/><G41/><T84/><D72/><U107/><E47/><V86/><F86/><W132/><G132/><N who="2" m="50761" /><F104/><W54/><G69/><T73/><D73/><U67/><E67/><V20/><F20/><W106/><G76/><T52/><D17/><U129/><E129/><V36/><F36/><W58/><G63/><T2/><D2/><U50/><E50/><V80/><F80/><W45/><AGARI ba="0,0" hai="26,31,35,45,48,54,58,59,81,87,88,99,103,106" machi="45" ten="20,5200,0" yaku="0,1,7,1,52,1,54,1" doraHai="101" who="3" fromWho="3" sc="130,-13,230,-13,370,-26,270,52" /><INIT seed="3,0,0,5,5,13" ten="117,217,344,322" oya="3" hai0="114,52,119,135,78,90,103,43,93,106,126,44,111" hai1="77,19,84,28,16,27,85,18,127,42,17,107,12" hai2="3,6,118,25,102,98,94,105,4,121,128,23,68" hai3="15,110,113,37,67,101,108,99,122,70,131,9,62"/><W71/><G113/><T69/><D69/><U50/><E107/><V117/><F68/><W34/><G37/><T5/><D111/><N who="3" m="42537" /><G71/><T47/><D119/><U35/><E77/><V73/><F121/><W30/><G131/><T129/><D129/><U24/><E24/><V58/><F128/><W10/><G122/><T20/><D78/><U49/><E127/><V79/><F105/><N who="3" m="63679" /><G15/><T89/><D5/><U21/><REACH who="1" step="1"/><E42/><REACH who="1" ten="117,207,344,322" step="2"/><V125/><F79/><W54/><G54/><T104/><D126/><U132/><E132/><V72/><F125/><W96/><G96/><T7/><D52/><U46/><E46/><V82/><F98/><W97/><G97/><T64/><D44/><U134/><E134/><V29/><F118/><W11/><G30/><T75/><D47/><U55/><E55/><V100/><F117/><W66/><G66/><T76/><D64/><U123/><E123/><V8/><F29/><W87/><G87/><AGARI ba="0,1" hai="12,16,17,18,19,21,27,28,35,49,50,84,85,87" machi="87" ten="40,12000,2" yaku="1,1,52,4,54,1,53,0" doraHai="13" doraHaiUra="116" who="1" fromWho="3" sc="117,0,207,130,344,0,322,-120" /><INIT seed="4,0,0,5,4,64" ten="117,337,344,202" oya="0" hai0="38,50,83,66,119,74,104,90,88,52,31,42,3" hai1="81,15,19,112,92,59,113,41,56,53,8,95,47" hai2="122,39,123,12,110,26,130,107,25,58,62,46,37" hai3="96,111,61,105,29,21,118,44,117,126,68,4,63"/><T129/><D119/><U72/><E72/><V102/><F110/><W23/><G44/><T134/><D104/><U27/><E27/><V99/><F130/><W109/><G105/><T131/><D3/><U70/><E70/><V115/><F115/><N who="1" m="44105" /><E81/><V2/><F2/><W1/><G126/><T106/><D106/><U40/><E40/><V43/><F39/><W79/><G1/><T76/><D134/><U108/><E108/><V51/><F12/><W127/><G127/><T98/><D66/><U87/><E87/><V132/><F132/><W35/><G96/><T86/><D31/><U24/><E24/><V121/><REACH who="2" step="1"/><F37/><REACH who="2" ten="117,337,334,202" step="2"/><W30/><G4/><T65/><D38/><N who="1" m="21943" /><E59/><V55/><AGARI ba="0,1" hai="25,26,43,46,51,55,58,62,99,102,107,121,122,123" machi="55" ten="30,2000,0" yaku="1,1,0,1,53,0" doraHai="64" doraHaiUra="17" who="2" fromWho="2" sc="117,-10,337,-5,334,30,202,-5" /><INIT seed="5,0,0,5,1,14" ten="107,332,364,197" oya="1" hai0="33,44,31,61,2,131,37,86,21,109,23,10,5" hai1="47,94,58,89,70,7,63,96,91,104,18,103,72" hai2="78,42,51,129,67,81,38,56,27,87,126,0,25" hai3="122,28,1,16,132,80,22,125,83,95,41,124,92"/><U34/><E72/><V54/><F0/><W8/><G41/><T48/><D109/><U90/><E7/><V20/><F129/><W40/><G40/><T73/><D131/><U17/><E34/><V117/><F126/><N who="3" m="48747" /><G122/><T130/><D130/><U46/><E70/><V98/><F117/><W118/><G118/><T123/><D73/><U11/><E11/><V128/><F128/><W43/><G43/><T15/><D37/><U79/><E79/><V66/><F27/><N who="3" m="14791" /><G132/><T135/><D135/><U26/><E26/><V36/><F36/><W29/><G92/><T55/><D123/><U24/><E24/><V134/><F134/><W76/><G95/><T69/><D33/><U93/><E93/><V106/><F42/><W6/><G80/><T68/><D31/><N who="3" m="11849" /><G83/><T133/><D133/><U85/><E104/><V113/><F38/><W74/><G74/><T84/><D68/><U3/><E85/><V71/><F71/><W112/><G76/><T75/><D75/><U121/><E121/><V115/><F98/><W101/><G101/><T50/><D50/><U107/><E107/><V88/><F78/><W102/><G102/><T116/><D116/><U120/><E120/><V13/><F106/><W114/><AGARI ba="0,0" hai="1,6,8,112,114" m="11849,14791,48747" machi="114" ten="40,8000,1" yaku="18,1,34,2,52,1,54,1" doraHai="14" who="3" fromWho="3" sc="107,-20,332,-40,364,-20,197,80" /><INIT seed="6,0,0,1,3,23" ten="87,292,344,277" oya="2" hai0="18,73,124,89,83,51,1,91,75,24,7,15,94" hai1="64,95,58,61,28,87,127,41,96,27,116,100,22" hai2="60,5,21,130,121,47,50,92,85,42,93,52,133" hai3="126,54,128,72,132,88,36,97,25,115,81,114,16"/><V45/><F121/><W125/><G36/><T59/><D124/><N who="3" m="47721" /><G72/><T26/><D1/><U119/><E127/><V44/><F130/><W19/><G128/><T70/><D70/><U104/><E104/><V17/><F133/><W66/><G132/><T78/><D7/><U102/><E102/><V80/><F5/><W84/><G66/><T110/><D110/><U69/><E69/><V101/><F60/><W106/><G54/><T111/><D111/><U112/><E112/><N who="3" m="43050" /><G25/><T4/><D4/><U135/><E135/><V10/><F101/><AGARI ba="0,0" hai="16,19,81,84,88,97,101,106" m="43050,47721" machi="101" ten="30,8000,1" yaku="18,1,15,1,11,1,54,2" doraHai="23" who="3" fromWho="2" sc="87,0,292,0,344,-80,277,80" /><INIT seed="7,0,0,0,2,117" ten="87,292,264,357" oya="3" hai0="72,108,30,84,21,121,126,28,78,68,101,70,127" hai1="8,34,22,79,6,105,116,31,104,93,44,75,129" hai2="60,124,95,134,123,106,114,74,122,119,4,9,97" hai3="50,81,102,32,82,120,43,11,3,37,90,112,40"/><W33/><G120/><N who="2" m="46121" /><F106/><W109/><G109/><T128/><D121/><U113/><E113/><V15/><F74/><W91/><G112/><T103/><D72/><U0/><E129/><V80/><F114/><W20/><G102/><T76/><D128/><U18/><E116/><V54/><F119/><W64/><G64/><T62/><D62/><U132/><E132/><V10/><F124/><W92/><G50/><T61/><D61/><U107/><E93/><V42/><F42/><W35/><G20/><T87/><REACH who="0" step="1"/><D21/><REACH who="0" ten="77,292,264,357" step="2"/><U5/><E22/><V27/><F134/><W51/><G35/><T98/><D98/><U46/><E75/><V88/><F80/><W39/><G51/><T73/><D73/><U23/><E23/><V131/><F131/><W59/><G11/><T118/><D118/><U89/><E8/><V86/><F10/><W13/><G3/><T47/><D47/><U24/><E46/><V41/><F41/><W12/><G59/><T19/><D19/><U63/><E44/><V7/><F27/><W110/><G110/><AGARI ba="0,1" hai="28,30,68,70,76,78,84,87,101,103,108,110,126,127" machi="110" ten="25,3200,0" yaku="1,1,22,2,53,0" doraHai="117" doraHaiUra="2" who="0" fromWho="3" sc="77,42,292,0,264,0,357,-32" owari="119,-38.0,292,9.0,264,-14.0,325,43.0" /></mjloggm>