<mjloggm ver="2.3"><GO type="97" lobby="0"/><UN n0="%E3%81%9B%E3%82%8A%E3%81%8A" n1="%72%79%6F%2D%74%72%65%6B" n2="%52%2E%4E%2E%E3%81%9B%E3%82%93%E3%81%9A%E3%82%8A" n3="%E5%B0%B1%E6%B4%BB%E7%94%9F%40%E5%B7%9D%E6%9D%91%E8%BB%8D%E5%9B%A3" dan="13,14,14,15" rate="1903.87,1878.06,1957.03,1991.18" sx="F,M,M,M"/><TAIKYOKU oya="0"/><INIT seed="0,0,0,2,2,4" ten="250,250,250,250" oya="0" hai0="72,2,81,120,48,108,132,122,126,24,22,19,109" hai1="129,63,56,15,125,34,66,116,92,102,49,43,131" hai2="14,29,39,60,78,8,76,53,96,103,127,77,59" hai3="79,31,12,32,64,69,21,114,57,74,113,82,9"/><T61/><D2/><U87/><E34/><V7/><F127/><W128/><G69/><T80/><D126/><U11/><E116/><V83/><F39/><W117/><G32/><T36/><D36/><U93/><E102/><V30/><REACH who="2" step="1"/><F83/><REACH who="2" ten="250,250,240,250" step="2"/><W133/><G117/><T107/><D81/><U1/><E125/><V50/><F50/><W13/><G114/><T35/><D80/><U89/><E49/><V70/><F70/><W94/><G113/><T62/><D48/><U3/><E43/><V23/><F23/><W58/><G21/><T42/><D22/><U91/><E129/><V27/><F27/><W28/><G128/><T99/><D24/><U95/><E131/><V68/><F68/><W118/><G82/><T33/><D42/><U106/><E106/><AGARI ba="0,1" hai="7,8,14,29,30,53,59,60,76,77,78,96,103,106" machi="106" ten="40,2600,0" yaku="1,1,52,1,53,0" doraHai="4" doraHaiUra="44" who="2" fromWho="1" sc="250,0,250,-26,240,36,250,0" /><INIT seed="1,0,0,2,0,30" ten="250,224,276,250" oya="1" hai0="32,127,75,25,125,3,128,118,112,132,68,24,80" hai1="39,114,13,105,119,81,103,115,90,27,106,101,41" hai2="92,83,58,66,38,35,64,31,11,52,26,14,86" hai3="40,56,109,135,89,94,1,9,20,47,37,85,91"/><U12/><E119/><V55/><F92/><W45/><G135/><T34/><D118/><U50/><E50/><V84/><F38/><W82/><G109/><T67/><D112/><U36/><E41/><V77/><F84/><W5/><G47/><T79/><D3/><U62/><E27/><V23/><F35/><N who="0" m="13354" /><D128/><U59/><E59/><V57/><F57/><W17/><G56/><T2/><D132/><U102/><E81/><V88/><F77/><W117/><G117/><T29/><D2/><U22/><E22/><V87/><F86/><W18/><REACH who="3" step="1"/><G20/><REACH who="3" ten="250,224,276,240" step="2"/><T124/><D29/><U73/><E115/><V121/><F121/><W123/><G123/><T108/><D108/><U60/><E114/><V111/><F111/><W70/><G70/><T122/><D122/><U131/><E131/><V63/><F64/><W28/><G28/><T72/><D72/><U7/><E7/><AGARI ba="0,1" hai="7,11,14,23,26,31,52,55,58,63,66,83,87,88" machi="7" ten="30,7700,0" yaku="7,1,8,1,54,2" doraHai="30" who="2" fromWho="1" sc="250,0,224,-77,276,87,240,0" /><INIT seed="2,0,0,1,4,76" ten="250,147,363,240" oya="2" hai0="63,117,109,4,52,92,72,105,7,14,71,6,43" hai1="68,125,81,108,59,127,94,65,67,17,48,12,112" hai2="1,90,45,93,119,27,113,133,66,34,50,35,123" hai3="33,88,64,135,8,49,32,77,131,36,5,69,124"/><V38/><F113/><W29/><G36/><T78/><D105/><U130/><E112/><V60/><F119/><W97/><G77/><T46/><D117/><U84/><E108/><V134/><F1/><W0/><G131/><T100/><D109/><U79/><E94/><V47/><F38/><W102/><G124/><T24/><D24/><U98/><E98/><N who="2" m="57655" /><F123/><W56/><G135/><N who="2" m="51721" /><F27/><W54/><G29/><T91/><D14/><U80/><E130/><V106/><F106/><W13/><G0/><T15/><D15/><U16/><E68/><N who="2" m="42055" /><F47/><W75/><G75/><T89/><D46/><U10/><E17/><V18/><F18/><W101/><G69/><T20/><D4/><U31/><E31/><V58/><F58/><W87/><G64/><T70/><D6/><U95/><E95/><V53/><AGARI ba="0,0" hai="34,35,45,50,53" m="42055,51721,57655" machi="53" ten="30,1500,0" yaku="20,1" doraHai="76" who="2" fromWho="2" sc="250,-5,147,-5,363,15,240,-5" /><INIT seed="2,1,0,1,1,9" ten="245,142,378,235" oya="2" hai0="111,5,109,60,96,103,82,124,89,84,49,57,1" hai1="114,58,33,13,118,25,62,15,74,129,68,105,91" hai2="95,112,106,100,123,56,17,14,52,130,116,11,131" hai3="29,80,40,21,47,102,63,71,126,72,134,122,23"/><V0/><F106/><W10/><G122/><T94/><D1/><U50/><E74/><V54/><F123/><W43/><G126/><T132/><D124/><U99/><E118/><V73/><F112/><W28/><G134/><T108/><D132/><U55/><E114/><V66/><F73/><W104/><G104/><T69/><D69/><U8/><E8/><V30/><F116/><W93/><G72/><T87/><D5/><U37/><E37/><V22/><F131/><W4/><G80/><T121/><D49/><U46/><E68/><V24/><F0/><W42/><G47/><T88/><D57/><U83/><E129/><V7/><F7/><W32/><G32/><T97/><D60/><U77/><E77/><V44/><F44/><W110/><G110/><T90/><D121/><U34/><E34/><V79/><F79/><W98/><G63/><T45/><D45/><U64/><E105/><V48/><F130/><W19/><G71/><T38/><D38/><U78/><E78/><V120/><F120/><W127/><G127/><T125/><D125/><U86/><E99/><N who="2" m="59519" /><F54/><W92/><G92/><N who="0" m="58759" /><D87/><U39/><E39/><V81/><F66/><W61/><G61/><T59/><D59/><U128/><REACH who="1" step="1"/><E128/><REACH who="1" ten="245,132,378,235" step="2"/><V115/><F115/><W65/><G4/><T6/><D6/><U135/><E135/><V85/><F11/><W18/><G10/><T70/><D70/><U2/><E2/><V12/><F22/><N who="3" m="8203" /><G65/><T107/><D107/><U3/><E3/><V76/><F76/><AGARI ba="1,1" hai="76,82,84,88,89,90,94,97,108,109,111" m="58759" machi="76" ten="30,7700,0" yaku="14,1,34,2,54,1" doraHai="9" who="0" fromWho="2" sc="245,90,132,0,378,-80,235,0" /><INIT seed="3,0,0,4,1,33" ten="335,132,298,235" oya="3" hai0="134,99,72,36,29,1,73,20,10,58,89,79,100" hai1="2,98,71,61,119,115,127,12,46,84,111,17,59" hai2="30,8,116,15,62,131,74,6,96,126,118,80,107" hai3="31,38,128,0,9,16,23,66,92,101,39,22,83"/><W122/><G122/><T78/><D36/><U35/><E71/><V117/><F131/><W18/><G128/><T75/><D89/><U112/><E119/><V68/><F126/><W76/><G66/><T121/><D121/><U21/><E35/><V110/><F110/><W133/><G133/><T77/><D58/><U102/><E111/><V124/><F124/><W81/><G31/><T132/><D1/><U87/><E46/><V135/><F135/><N who="0" m="51754" /><D10/><U44/><E44/><V47/><F47/><W97/><G39/><T43/><D43/><U129/><E129/><V4/><F30/><W60/><G38/><T50/><D50/><U69/><E69/><V3/><F6/><W40/><G40/><T106/><D20/><U70/><E70/><V32/><F32/><W53/><G9/><T54/><D54/><U86/><E127/><V113/><F113/><W120/><G0/><T24/><D24/><U56/><E2/><V104/><F15/><W63/><G120/><T34/><D34/><U13/><E13/><V125/><F96/><W14/><G53/><T5/><D5/><U37/><E37/><V123/><F123/><W90/><G90/><T49/><D49/><U26/><E12/><V41/><F41/><W11/><G11/><T25/><D25/><U67/><REACH who="1" step="1"/><E56/><REACH who="1" ten="335,122,298,235" step="2"/><V88/><F125/><W105/><G14/><T91/><D29/><U108/><E108/><V48/><F118/><W109/><G109/><T82/><D75/><U55/><E55/><V65/><F117/><W93/><G23/><T51/><D73/><U94/><AGARI ba="0,1" hai="17,21,26,59,61,67,84,86,87,94,98,102,112,115" machi="94" ten="30,2000,0" yaku="1,1,0,1,53,0" doraHai="33" doraHaiUra="7" who="1" fromWho="1" sc="335,-5,122,30,298,-5,235,-10" owari="330,43.0,152,-35.0,293,9.0,225,-17.0" /></mjloggm>