<mjloggm ver="2.3"><GO type="97" lobby="0"/><UN n0="%E7%91%A0%E5%94%96%EF%BC%A0%E8%9B%87%E5%8E%A8" n1="%E5%B1%B1%E7%94%B0%E3%81%AE%E3%83%90%E3%83%8A%E3%83%8A" n2="%54%45%4E%31%31" n3="%E5%B0%B1%E6%B4%BB%E7%94%9F%40%E5%B7%9D%E6%9D%91%E8%BB%8D%E5%9B%A3" dan="13,15,14,15" rate="1913.75,1952.43,1969.95,2019.34" sx="M,M,M,M"/><TAIKYOKU oya="0"/><INIT seed="0,0,0,1,1,33" ten="250,250,250,250" oya="0" hai0="16,29,17,132,44,125,19,101,111,123,128,134,104" hai1="20,8,105,23,77,67,122,85,45,42,5,0,121" hai2="112,76,55,62,63,48,109,100,99,56,113,126,37" hai3="30,3,110,64,135,10,129,98,127,59,84,66,14"/><T119/><D123/><U87/><E105/><V65/><F76/><W86/><G127/><T27/><D119/><U88/><E67/><V41/><F126/><W49/><G129/><T106/><D125/><U107/><E107/><V58/><F109/><W96/><G135/><N who="0" m="51755" /><D128/><U79/><E85/><N who="3" m="32874" /><G3/><T71/><D71/><U75/><E75/><V32/><F32/><W46/><G30/><T82/><D101/><U53/><E53/><V39/><F99/><N who="3" m="37931" /><G59/><T4/><D111/><U80/><E79/><V69/><F100/><W18/><G110/><T124/><D82/><U21/><REACH who="1" step="1"/><E77/><REACH who="1" ten="250,240,250,250" step="2"/><V89/><F89/><W11/><G11/><T73/><D73/><U94/><E94/><V9/><F9/><W92/><G92/><T70/><D124/><U7/><E7/><V116/><F116/><W51/><G51/><AGARI ba="0,1" hai="0,5,8,20,21,23,42,45,51,80,87,88,121,122" machi="51" ten="40,5200,0" yaku="1,1,52,1,54,1,53,0" doraHai="33" doraHaiUra="131" who="1" fromWho="3" sc="250,0,240,62,250,0,250,-52" /><INIT seed="1,0,0,3,4,105" ten="250,302,250,198" oya="1" hai0="0,91,36,44,90,9,76,5,35,110,22,41,38" hai1="55,63,125,114,116,67,31,118,13,130,74,108,61" hai2="60,85,96,101,24,66,123,17,2,120,134,3,69" hai3="14,19,52,122,18,95,27,81,59,99,6,32,117"/><U115/><E31/><V129/><F129/><W48/><G122/><T133/><D35/><U10/><E125/><V112/><F112/><W94/><G117/><T53/><D36/><U62/><E130/><V28/><F134/><W49/><G6/><T65/><D133/><U93/><E55/><V113/><F113/><W78/><G48/><T1/><D1/><U26/><E26/><V4/><F85/><W80/><G80/><T45/><D110/><U58/><E108/><V102/><F17/><W127/><G127/><T21/><D65/><U87/><E114/><V132/><F132/><W12/><G32/><T100/><D100/><U47/><E47/><V34/><F101/><W54/><G54/><T73/><D22/><U97/><E115/><V86/><F86/><W11/><G27/><T131/><D21/><U107/><E87/><V98/><F98/><W109/><G109/><T126/><D131/><U75/><E107/><N who="2" m="63943" /><F4/><W92/><G81/><N who="0" m="45199" /><D126/><U30/><E30/><V64/><F64/><W83/><G83/><T50/><AGARI ba="0,0" hai="0,5,9,38,41,44,45,50,53,90,91" m="45199" machi="50" ten="30,2000,0" yaku="25,1,52,1" doraHai="105" who="0" fromWho="0" sc="250,20,302,-10,250,-5,198,-5" /><INIT seed="2,0,0,0,4,62" ten="270,292,245,193" oya="2" hai0="71,23,80,129,67,73,135,66,131,15,5,46,14" hai1="3,32,100,105,88,63,35,87,81,119,41,104,76" hai2="48,111,28,98,130,59,11,89,16,133,77,110,84" hai3="43,86,95,64,126,114,102,31,107,69,75,132,116"/><V121/><F121/><W123/><G116/><T12/><D71/><U92/><E3/><V65/><F130/><N who="0" m="49674" /><D135/><U120/><E119/><V60/><F133/><W26/><G123/><T55/><D5/><U39/><E120/><V22/><F28/><W33/><G114/><T94/><D94/><U97/><E104/><V82/><F48/><W134/><G126/><T127/><D127/><U91/><E91/><V34/><F34/><W30/><G30/><T40/><D55/><U117/><E117/><V106/><F11/><W25/><G25/><T118/><D118/><U13/><E13/><V83/><F106/><W56/><G75/><T42/><D23/><U96/><E39/><V7/><F7/><W128/><G128/><T6/><D6/><U4/><E4/><V19/><F98/><W51/><G86/><T45/><D80/><U99/><E41/><N who="0" m="15977" /><D73/><N who="1" m="43151" /><E63/><V1/><F1/><W0/><G95/><T124/><D124/><U125/><E125/><V10/><F10/><W29/><G29/><T52/><D52/><U108/><E108/><N who="2" m="41515" /><F22/><W109/><G0/><T21/><D21/><U44/><E44/><AGARI ba="0,0" hai="12,14,15,44,45,46,66,67" m="15977,49674" machi="44" ten="40,8000,1" yaku="28,2,19,1,52,2" doraHai="62" who="0" fromWho="1" sc="270,80,292,-80,245,0,193,0" /><INIT seed="3,0,0,3,2,41" ten="350,212,245,193" oya="3" hai0="23,84,72,125,48,82,17,2,59,85,75,135,49" hai1="86,15,19,56,9,33,107,42,90,24,101,95,57" hai2="13,6,37,127,129,34,111,124,88,76,3,61,78" hai3="73,134,128,103,47,112,104,18,40,109,87,77,94"/><W68/><G112/><T116/><D2/><U97/><REACH who="1" step="1"/><E42/><REACH who="1" ten="350,202,245,193" step="2"/><V99/><F127/><W50/><G128/><T60/><D125/><U54/><E54/><V74/><F124/><W79/><G134/><T96/><D116/><U29/><AGARI ba="0,1" hai="9,15,19,24,29,33,56,57,86,90,95,97,101,107" machi="29" ten="30,7900,0" yaku="21,2,0,1,53,1" doraHai="41" doraHaiUra="100" who="1" fromWho="1" sc="350,-20,202,89,245,-20,193,-39" owari="330,43.0,291,9.0,225,-17.0,154,-35.0" /></mjloggm>