<mjloggm ver="2.3"><GO type="169" lobby="0"/><UN n0="%E3%82%A4%E3%82%B5%E3%82%AD" n1="%E3%83%8A%E3%82%AB%E3%83%9E%E3%82%B9%E3%83%86%E3%82%A3%E3%83%95" n2="%E3%82%A6%E3%83%AB%E3%83%88%E3%83%A9%E7%AB%8B%E7%9B%B4" n3="%E3%82%AB%E3%83%9C%E3%83%81%E3%83%A3%E3%82%BF%E3%83%8D" dan="17,16,17,17" rate="2165.11,2085.60,2102.59,2141.53" sx="M,M,M,M"/><TAIKYOKU oya="0"/><INIT seed="0,0,0,0,4,104" ten="250,250,250,250" oya="0" hai0="4,43,76,89,77,90,67,91,117,132,29,93,14" hai1="74,65,92,123,81,27,121,2,118,40,25,24,46" hai2="88,94,125,12,108,53,84,63,113,44,86,103,129" hai3="64,114,124,133,80,115,62,99,79,128,23,135,69"/><T73/><D117/><U59/><E2/><V22/><F125/><W1/><G99/><T131/><D131/><U87/><E118/><V11/><F108/><W96/><G23/><T68/><D132/><N who="3" m="50761" /><G1/><T66/><D68/><U122/><E65/><N who="0" m="24585" /><D73/><U71/><E59/><V60/><F129/><W107/><G128/><T110/><D110/><U41/><E71/><V95/><F22/><W5/><G5/><T51/><D29/><U85/><E92/><V56/><F44/><W31/><G31/><T39/><D39/><U19/><E19/><V120/><F120/><W55/><G55/><T109/><D109/><U38/><REACH who="1" step="1"/><E41/><REACH who="1" ten="250,240,250,250" step="2"/><V8/><F95/><W0/><G0/><T75/><D93/><U130/><E130/><V33/><F94/><W50/><G124/><T21/><D43/><U36/><E36/><V28/><F56/><W112/><G50/><T134/><D51/><U47/><E47/><V101/><F101/><N who="3" m="62887" /><G115/><T127/><D127/><U6/><E6/><V72/><F103/><W37/><G37/><T48/><D48/><U3/><E3/><V97/><F113/><W16/><G16/><T83/><D134/><U119/><E119/><V13/><F97/><W26/><G26/><T61/><D4/><U42/><E42/><V105/><F105/><W17/><G17/><T102/><D102/><U7/><E7/><V58/><F58/><W116/><G116/><T34/><D14/><U45/><E45/><V70/><F13/><W82/><G82/><T9/><D83/><U98/><E98/><V30/><F12/><W111/><G111/><T18/><D18/><RYUUKYOKU ba="0,1" sc="250,-15,240,15,250,-15,250,15" hai1="24,25,27,38,40,46,74,81,85,87,121,122,123" hai3="62,64,69,79,80,112,114" /><INIT seed="1,1,1,5,0,66" ten="235,255,235,265" oya="1" hai0="30,36,46,4,15,117,27,109,95,52,90,124,50" hai1="134,12,26,84,54,10,127,9,56,1,7,85,77" hai2="75,48,41,102,68,39,101,73,115,97,13,17,45" hai3="111,67,31,98,88,122,107,34,59,65,33,19,96"/><U44/><E127/><V5/><F5/><W132/><G122/><T32/><D117/><U49/><E134/><V21/><F115/><W16/><G59/><T0/><D124/><U82/><E26/><V133/><F133/><W58/><G132/><T25/><D109/><U135/><E135/><V81/><F101/><W69/><G58/><T105/><D105/><U2/><E84/><V89/><F39/><W100/><G67/><T24/><D36/><U125/><E125/><V61/><F89/><W116/><G111/><T40/><D0/><U120/><E120/><V93/><REACH who="2" step="1"/><F81/><REACH who="2" ten="235,255,225,265" step="2"/><W63/><G116/><T22/><D4/><U130/><E130/><V14/><F14/><W86/><G98/><T6/><D6/><U29/><E2/><V23/><F23/><W113/><G113/><T104/><D104/><U112/><E112/><V91/><F91/><W20/><G20/><T131/><D131/><U11/><E1/><V37/><F37/><W35/><REACH who="3" step="1"/><G31/><REACH who="3" ten="235,255,225,255" step="2"/><T43/><D30/><U64/><E29/><V123/><F123/><W70/><G70/><T110/><D110/><U87/><E10/><V60/><F60/><W121/><G121/><T3/><D32/><U129/><E11/><V72/><F72/><W38/><G38/><T103/><D22/><U18/><E129/><V106/><F106/><W74/><G74/><T53/><D3/><U128/><E128/><V80/><F80/><AGARI ba="1,3" hai="16,19,33,34,35,63,65,69,80,86,88,96,100,107" machi="80" ten="40,8000,1" yaku="1,1,52,1,54,2,53,0" doraHai="66" doraHaiUra="71" who="3" fromWho="2" sc="235,0,255,0,225,-83,255,113" /><INIT seed="2,0,0,5,4,107" ten="235,255,142,368" oya="2" hai0="123,114,21,76,26,130,94,86,85,13,122,124,133" hai1="4,53,49,14,54,134,110,23,128,81,47,95,1" hai2="120,102,34,87,135,78,99,40,27,121,77,117,131" hai3="12,126,74,9,129,16,68,8,2,33,106,101,41"/><V25/><F117/><W108/><G68/><T113/><D13/><U35/><E35/><V28/><F131/><W10/><G41/><T116/><D26/><U43/><E1/><V69/><F135/><W61/><G61/><T84/><D21/><U32/><E32/><V89/><F69/><W46/><G46/><T92/><D133/><U7/><E128/><V57/><F40/><W20/><G33/><T59/><D59/><U80/><E110/><V65/><F27/><W42/><G42/><T29/><D29/><U30/><E95/><N who="0" m="36393" /><D130/><U73/><E73/><V63/><F89/><W90/><G108/><T5/><D5/><U115/><E134/><V70/><F57/><W97/><G129/><T51/><D51/><U24/><E115/><N who="0" m="44041" /><D116/><U64/><E64/><V48/><F48/><W125/><G2/><T52/><D52/><N who="1" m="20075" /><E4/><V37/><F37/><W111/><G111/><T103/><D124/><N who="3" m="47721" /><G90/><T132/><D132/><U75/><E47/><V18/><F18/><W112/><G112/><T96/><D76/><U0/><E49/><V45/><F45/><W119/><G119/><T79/><D79/><U17/><E43/><V38/><F38/><W71/><G71/><T60/><D60/><U66/><E66/><V15/><F15/><W50/><G50/><T118/><D118/><U105/><E0/><V100/><F77/><W83/><G8/><T36/><D36/><U44/><E44/><V62/><F62/><W127/><G127/><T67/><D67/><U11/><E11/><V39/><F39/><W56/><G56/><T88/><D103/><N who="2" m="39466" /><F99/><W72/><G9/><RYUUKYOKU ba="0,0" sc="235,15,255,-15,142,15,368,-15" hai0="84,85,86,88,96,122,123" hai2="25,28,34,63,65,70,78,87,120,121" /><INIT seed="2,1,0,0,2,29" ten="250,240,157,353" oya="2" hai0="47,27,116,103,9,25,98,67,57,3,102,81,106" hai1="78,86,32,11,80,96,91,101,118,40,17,69,7" hai2="129,130,79,13,99,15,126,76,33,128,49,20,68" hai3="85,26,127,22,14,114,28,41,44,123,75,108,51"/><V94/><F68/><W48/><G75/><T24/><D103/><U42/><E69/><V95/><F126/><W43/><G123/><T39/><D116/><U111/><E118/><V83/><F33/><W73/><G73/><T10/><D3/><U6/><E111/><V112/><F112/><W58/><G108/><T84/><D39/><U21/><E32/><V72/><F79/><W117/><G117/><T133/><D133/><U66/><E66/><V93/><F49/><W45/><G127/><T64/><D47/><U59/><E59/><V37/><F37/><W122/><G122/><T88/><REACH who="0" step="1"/><D67/><REACH who="0" ten="240,240,157,353" step="2"/><U120/><E120/><V16/><REACH who="2" step="1"/><F13/><REACH who="2" ten="240,240,147,353" step="2"/><W54/><G14/><T2/><D2/><U90/><E78/><V46/><F46/><W18/><G114/><T38/><D38/><U52/><E90/><AGARI ba="1,2" hai="15,16,20,72,76,83,90,93,94,95,99,128,129,130" machi="90" ten="40,7700,0" yaku="1,1,19,1,54,1,53,0" doraHai="29" doraHaiUra="56" who="2" fromWho="1" sc="240,0,240,-80,147,100,353,0" /><INIT seed="2,2,0,3,5,79" ten="240,160,247,353" oya="2" hai0="15,127,52,129,110,7,111,45,4,100,75,94,39" hai1="88,135,65,73,117,130,78,70,128,107,106,99,13" hai2="105,42,36,122,49,62,60,112,133,131,21,81,6" hai3="57,14,116,25,82,43,92,101,63,30,113,68,26"/><V93/><F105/><W5/><G68/><T58/><D127/><U48/><E117/><V3/><F122/><W132/><G132/><T89/><D100/><U84/><E135/><V55/><F131/><N who="1" m="50217" /><E70/><V8/><F112/><W83/><G43/><N who="0" m="22783" /><D129/><U108/><E65/><V16/><F133/><W18/><G5/><T27/><D27/><N who="3" m="10249" /><G30/><T40/><D40/><U134/><E134/><V24/><F93/><W41/><G41/><T47/><D47/><U124/><E124/><V50/><F36/><W0/><G0/><T59/><D59/><U2/><E2/><V103/><F103/><W33/><G33/><T64/><D64/><U86/><E13/><V90/><F42/><W28/><G28/><T109/><D15/><U1/><E1/><V34/><F34/><W76/><G76/><T44/><D44/><U119/><E48/><V11/><F50/><W121/><G116/><T9/><D9/><N who="2" m="3658" /><F3/><W31/><G31/><T23/><D23/><U125/><E125/><V98/><F6/><W46/><G46/><T10/><D10/><U123/><E119/><V115/><F115/><W69/><G69/><T126/><D126/><U17/><E123/><V91/><F49/><W38/><G38/><T53/><D75/><U61/><E73/><V85/><F55/><N who="0" m="21066" /><D58/><U80/><E107/><V56/><F56/><W12/><G121/><T19/><D19/><U67/><E106/><V66/><F66/><N who="3" m="39279" /><G113/><T51/><D51/><U120/><E120/><V54/><F54/><W118/><G118/><T22/><D22/><U97/><E67/><V20/><F20/><N who="3" m="11335" /><G14/><T104/><D104/><RYUUKYOKU ba="2,0" sc="240,10,160,-30,247,10,353,10" hai0="4,7,89,94,109,110,111" hai2="16,21,24,60,62,81,85,90,91,98" hai3="82,83,92,101" /><INIT seed="2,3,0,5,1,37" ten="250,130,257,363" oya="2" hai0="50,27,39,13,35,110,79,99,85,14,47,73,48" hai1="38,3,31,92,36,20,2,94,41,51,104,117,45" hai2="23,0,25,66,29,123,120,133,21,132,114,70,68" hai3="100,124,115,75,122,15,86,113,111,55,108,106,105"/><V9/><F66/><W26/><G75/><T80/><D39/><U64/><E104/><N who="3" m="40042" /><G100/><T93/><D110/><N who="3" m="42025" /><G124/><T59/><D73/><U74/><E74/><V71/><F114/><W112/><G122/><T103/><D50/><U5/><E117/><V95/><F95/><W84/><G15/><T60/><D35/><U98/><E64/><V101/><F101/><W125/><G125/><T7/><D27/><U135/><E135/><N who="2" m="51787" /><F21/><W11/><G26/><T109/><D109/><U77/><E2/><V88/><F88/><W33/><G33/><T54/><REACH who="0" step="1"/><D7/><AGARI ba="3,0" hai="0,7,9,23,25,29,68,70,71,120,123" m="51787" machi="7" ten="40,2000,0" yaku="20,1" doraHai="37" who="2" fromWho="0" sc="250,-29,130,0,257,29,363,0" /><INIT seed="2,4,0,4,5,130" ten="221,130,286,363" oya="2" hai0="13,128,107,80,10,64,6,18,11,119,102,135,116" hai1="41,78,15,103,101,63,49,117,61,114,108,36,31" hai2="74,28,17,9,44,2,29,71,45,46,94,70,21" hai3="59,91,76,39,72,129,106,16,7,93,40,90,65"/><V125/><F74/><W132/><G106/><T99/><D128/><U79/><E117/><V115/><F115/><W54/><G65/><T22/><D64/><U60/><E114/><V3/><F125/><W68/><G68/><T62/><D62/><U38/><E108/><V48/><F48/><W20/><G7/><T35/><D35/><U81/><E31/><V52/><F52/><W55/><G129/><T123/><D123/><U4/><E38/><V100/><F71/><W34/><G34/><T53/><D53/><U120/><E36/><V89/><F100/><W110/><G110/><T73/><D135/><U83/><E120/><V95/><F70/><W97/><G132/><T47/><D47/><N who="1" m="25839" /><E81/><V27/><F2/><W121/><G91/><T50/><D50/><U131/><E131/><V105/><F105/><W127/><G127/><T82/><D10/><N who="1" m="4551" /><E83/><V42/><F42/><W37/><G121/><T126/><D126/><U77/><AGARI ba="4,0" hai="60,61,63,77,78,79,101,103" m="4551,25839" machi="77" ten="30,1100,0" yaku="8,1" doraHai="130" who="1" fromWho="1" sc="221,-7,130,23,286,-9,363,-7" /><INIT seed="3,0,0,1,3,72" ten="214,153,277,356" oya="3" hai0="101,23,64,29,37,104,93,0,10,56,68,57,89" hai1="17,85,32,20,80,83,99,79,95,2,30,14,35" hai2="74,90,6,123,106,130,62,125,51,117,110,121,55" hai3="31,42,19,105,8,135,38,59,43,124,13,78,60"/><W113/><G105/><T49/><D37/><U100/><E2/><V122/><F117/><W108/><G113/><T77/><D68/><U4/><E4/><V24/><F110/><W119/><G38/><T18/><D104/><U116/><E116/><V75/><F125/><W33/><G119/><T63/><D101/><U94/><E30/><V134/><F130/><W5/><G135/><T115/><D115/><U25/><E25/><V98/><F134/><W52/><G124/><T44/><D57/><U54/><E95/><V12/><F62/><W109/><G78/><T88/><D29/><U11/><E11/><N who="2" m="4215" /><F24/><N who="3" m="18663" /><G19/><T111/><D111/><AGARI ba="0,0" hai="5,8,13,42,43,52,59,60,108,109,111" m="18663" machi="111" ten="30,5800,0" yaku="14,1,10,1,54,1" doraHai="72" who="3" fromWho="0" sc="214,-58,153,0,277,0,356,58" /><INIT seed="3,1,0,3,5,62" ten="156,153,277,414" oya="3" hai0="41,12,111,98,43,74,19,83,40,135,116,84,9" hai1="128,120,32,89,47,104,0,8,113,100,81,80,42" hai2="7,71,131,66,122,30,61,123,106,94,103,25,64" hai3="15,109,108,118,1,70,88,16,105,72,92,58,99"/><W68/><G72/><T101/><D116/><U107/><E32/><N who="2" m="20559" /><F94/><W23/><G1/><T87/><D111/><N who="3" m="42569" /><G118/><T129/><D129/><U85/><E120/><N who="2" m="46123" /><F131/><W5/><G5/><T4/><D135/><U54/><E113/><V78/><F78/><W79/><G79/><T86/><D74/><U51/><E128/><V22/><F22/><W53/><G105/><T110/><D110/><U91/><E100/><V11/><F103/><W27/><G15/><T44/><D4/><U57/><E8/><V55/><F106/><W69/><G69/><T48/><REACH who="0" step="1"/><D83/><REACH who="0" ten="146,153,277,414" step="2"/><U126/><E126/><V45/><F71/><W112/><G112/><T17/><D17/><U65/><E0/><V33/><F33/><W127/><G127/><T125/><D125/><U3/><E3/><V115/><F115/><W39/><G39/><T36/><D36/><U132/><E132/><V76/><F7/><W13/><G27/><T24/><D24/><U119/><E119/><V37/><F37/><W46/><G68/><T35/><D35/><U134/><E134/><V2/><F2/><W28/><G70/><T133/><D133/><U93/><E81/><V130/><F130/><W82/><G82/><T97/><D97/><U124/><E124/><V6/><F6/><W52/><G99/><T114/><D114/><U121/><E121/><V95/><F95/><AGARI ba="1,1" hai="9,12,19,40,41,43,44,48,84,86,87,95,98,101" machi="95" ten="40,2600,0" yaku="1,1,8,1,53,0" doraHai="62" doraHaiUra="102" who="0" fromWho="2" sc="146,39,153,0,277,-29,414,0" /><INIT seed="4,0,0,5,1,13" ten="185,153,248,414" oya="0" hai0="68,67,11,38,114,8,127,9,63,130,98,125,96" hai1="21,33,108,97,74,62,71,25,32,105,109,4,106" hai2="104,120,86,53,46,94,80,81,99,117,22,77,123" hai3="116,39,119,115,45,95,135,31,112,75,111,47,61"/><T91/><D38/><U49/><E74/><V85/><F53/><W55/><G75/><T113/><D130/><U5/><E33/><V27/><F46/><W88/><G31/><T110/><D110/><U15/><E32/><V121/><F104/><W2/><G2/><T10/><N who="0" m="2048" /><DORA hai="12" /><T56/><D68/><U16/><E108/><V17/><F117/><W35/><G35/><T6/><D6/><U93/><E109/><V36/><F36/><W122/><G135/><T92/><REACH who="0" step="1"/><D98/><REACH who="0" ten="175,153,248,414" step="2"/><U69/><E69/><V129/><F129/><W48/><G111/><T19/><D19/><U42/><E4/><V78/><F121/><W0/><G122/><T128/><D128/><U24/><E5/><V133/><REACH who="2" step="1"/><F133/><REACH who="2" ten="175,153,238,414" step="2"/><W89/><G39/><T3/><D3/><U131/><E131/><V50/><F50/><W73/><G0/><T18/><D18/><U66/><E49/><V30/><F30/><W41/><G48/><T79/><D79/><U20/><E42/><V65/><F65/><W58/><G41/><T83/><D83/><U44/><E44/><V28/><F28/><W43/><G47/><T60/><D60/><U118/><E118/><V87/><F87/><N who="3" m="52639" /><G119/><T103/><D103/><AGARI ba="0,2" hai="17,22,27,77,78,80,81,85,86,94,99,103,120,123" machi="103" ten="30,8000,1" yaku="1,1,7,1,9,1,52,2,53,0" doraHai="13,12" doraHaiUra="51,64" who="2" fromWho="0" sc="175,-80,153,0,238,100,414,0" /><INIT seed="5,0,0,2,4,9" ten="95,153,338,414" oya="1" hai0="85,83,95,18,115,20,113,10,58,66,42,116,3" hai1="121,27,81,38,36,76,107,67,33,134,111,70,46" hai2="82,97,24,17,53,124,80,127,45,1,52,118,32" hai3="28,108,55,43,6,7,93,103,11,109,22,23,14"/><U62/><E121/><V54/><F1/><W73/><G73/><T106/><D116/><U34/><E134/><V72/><F118/><W65/><G65/><T105/><D42/><U68/><E111/><V60/><F97/><W71/><G71/><T98/><D3/><U15/><E15/><V29/><F60/><W119/><G55/><T31/><D10/><U135/><E68/><V56/><F56/><W102/><G93/><T130/><D130/><U101/><E135/><V39/><F17/><W8/><G43/><T74/><D74/><N who="1" m="43159" /><E46/><V49/><F39/><W50/><G50/><T5/><D5/><U69/><E69/><V64/><F64/><W25/><G119/><T37/><D37/><U86/><E86/><V41/><REACH who="2" step="1"/><F72/><REACH who="2" ten="95,153,328,414" step="2"/><W40/><G108/><T94/><D58/><U100/><E38/><V87/><F87/><W21/><G109/><T89/><D66/><U57/><E36/><V122/><F122/><W120/><G120/><T61/><D61/><U0/><E57/><V104/><F104/><W75/><G75/><T19/><D106/><U51/><E0/><V48/><F48/><W88/><G6/><T117/><D117/><U79/><E51/><V47/><F47/><W133/><G7/><T91/><D105/><U26/><E107/><V112/><F112/><N who="0" m="43082" /><D18/><U92/><E62/><V129/><F129/><W63/><G63/><T114/><N who="0" m="43090" /><T123/><DORA hai="96" /><D123/><U13/><E67/><V90/><F90/><W125/><G88/><T126/><D95/><U59/><E92/><V132/><F132/><W12/><G133/><T16/><D94/><RYUUKYOKU ba="0,1" sc="95,-10,153,-10,328,30,414,-10" hai2="24,29,32,41,45,49,52,53,54,80,82,124,127" /><INIT seed="6,1,1,3,4,132" ten="85,143,358,404" oya="2" hai0="104,57,55,107,46,4,37,130,19,23,79,24,110" hai1="61,69,44,81,21,45,77,75,40,38,71,96,13" hai2="114,60,88,12,34,93,90,11,62,53,99,102,135" hai3="111,82,56,35,30,49,65,3,64,72,54,100,9"/><V73/><F34/><W106/><G111/><T122/><D122/><U29/><E61/><N who="2" m="23659" /><F73/><W51/><G30/><T22/><D130/><U17/><E96/><V98/><F135/><W50/><G35/><T76/><D4/><U84/><E75/><V103/><F114/><W126/><G106/><T112/><D112/><U101/><E101/><V59/><F90/><W128/><G100/><T134/><D134/><U108/><E108/><V117/><F99/><W125/><G128/><T1/><D1/><U123/><E123/><V52/><F117/><W68/><G68/><T48/><D110/><U2/><E2/><V18/><F53/><W105/><G105/><T94/><D107/><U131/><E131/><V0/><F0/><W116/><G116/><T42/><D104/><U89/><E89/><V7/><F7/><N who="3" m="1279" /><G54/><T33/><D33/><U6/><E6/><V27/><F27/><W43/><G56/><T14/><REACH who="0" step="1"/><D94/><REACH who="0" ten="75,143,358,404" step="2"/><U124/><E69/><V26/><F26/><W119/><G119/><T58/><D58/><U28/><E71/><V20/><F20/><W87/><G43/><T39/><D39/><U83/><E40/><V36/><F36/><W127/><G72/><T115/><D115/><U113/><E38/><V67/><F67/><W95/><G95/><T16/><AGARI ba="1,2" hai="14,16,19,22,23,24,37,42,46,48,55,57,76,79" machi="16" ten="20,8000,1" yaku="1,1,0,1,7,1,54,1,53,1" doraHai="132" doraHaiUra="8" who="0" fromWho="0" sc="75,103,143,-21,358,-41,404,-21" /><INIT seed="7,0,0,3,5,106" ten="178,122,317,383" oya="3" hai0="134,82,81,61,0,121,128,111,89,99,74,64,90" hai1="20,28,73,105,38,59,122,102,104,126,129,100,55" hai2="94,91,112,65,108,2,97,33,36,107,77,6,132" hai3="32,15,1,69,47,85,10,35,71,18,98,62,25"/><W58/><G1/><T83/><D121/><U29/><E122/><V56/><F33/><W119/><G119/><T87/><D0/><U27/><E38/><V19/><F6/><W133/><G133/><T5/><D111/><U7/><E126/><V66/><F36/><W42/><G35/><T30/><D5/><U115/><E115/><V76/><F132/><W48/><G85/><T124/><D134/><U57/><E129/><V24/><F107/><W67/><REACH who="3" step="1"/><G98/><REACH who="3" ten="178,122,317,373" step="2"/><T11/><D99/><U113/><E113/><V31/><F112/><W120/><G120/><T86/><D87/><U75/><E7/><V79/><F108/><W23/><G23/><T127/><D86/><U70/><E20/><V95/><F2/><W37/><G37/><T130/><D127/><U118/><E27/><V84/><F31/><AGARI ba="0,1" hai="10,15,18,25,31,32,42,47,48,58,62,67,69,71" machi="31" ten="40,2000,0" yaku="1,1,53,0" doraHai="106" doraHaiUra="34" who="3" fromWho="2" sc="178,0,122,0,317,-20,373,30" owari="178,-22.0,122,-38.0,297,10.0,403,50.0" /></mjloggm>