<mjloggm ver="2.3"><GO type="169" lobby="0"/><UN n0="%67%69%6A%79%75%74%75" n1="%E3%83%95%E3%83%AC%E3%83%BC%E3%82%BA%E3%83%8E" n2="%41%4D%4B%52" n3="%E3%82%A6%E3%83%AB%E3%83%88%E3%83%A9%E7%AB%8B%E7%9B%B4" dan="17,16,16,16" rate="2200.77,2100.60,2015.39,2119.34" sx="M,M,M,M"/><TAIKYOKU oya="0"/><INIT seed="0,0,0,2,3,118" ten="250,250,250,250" oya="0" hai0="90,66,100,97,102,69,15,96,67,38,34,19,55" hai1="105,26,129,47,54,126,39,83,93,58,111,14,127" hai2="88,35,89,29,70,115,79,20,121,123,131,46,2" hai3="117,21,8,11,33,59,109,30,49,13,7,22,106"/><T134/><D34/><U65/><E105/><V63/><F115/><W28/><G106/><T128/><D38/><U108/><E129/><V78/><F131/><W116/><G49/><T42/><D42/><N who="1" m="23007" /><E83/><V125/><F35/><W17/><G59/><T50/><D128/><U44/><E26/><V82/><F2/><N who="3" m="119" /><G109/><N who="1" m="42058" /><E93/><V5/><F5/><W62/><G62/><T51/><D90/><U41/><E65/><V132/><F63/><W98/><G98/><T124/><D96/><U61/><E14/><V23/><F46/><W40/><G40/><T32/><D15/><U9/><E9/><V133/><F82/><W68/><G68/><T87/><D69/><U71/><E71/><V80/><F80/><W16/><G11/><T107/><D97/><U53/><E53/><V31/><REACH who="2" step="1"/><F70/><REACH who="2" ten="250,250,240,250" step="2"/><W91/><G33/><T122/><D32/><U72/><E72/><V10/><F10/><W73/><G73/><T130/><D130/><U0/><E0/><V45/><F45/><W95/><G117/><T36/><D67/><U74/><E74/><V48/><F48/><AGARI ba="0,1" hai="41,44,48,54,58,61,126,127" m="42058,23007" machi="48" ten="30,3900,0" yaku="14,1,34,2" doraHai="118" who="1" fromWho="2" sc="250,0,250,49,240,-39,250,0" /><INIT seed="1,0,0,5,0,71" ten="250,299,201,250" oya="1" hai0="40,30,7,72,82,130,28,62,92,87,47,101,23" hai1="45,51,127,117,93,84,43,14,39,29,5,134,66" hai2="68,95,75,25,103,0,44,31,4,26,126,85,56" hai3="63,34,15,1,52,96,110,12,73,104,76,108,112"/><U21/><E117/><V97/><F68/><W18/><G34/><T38/><D130/><U10/><E127/><V128/><F75/><W118/><G1/><T111/><D111/><N who="3" m="42537" /><G112/><T114/><D114/><U48/><E134/><V113/><F113/><W119/><G76/><T107/><D107/><U65/><E39/><V86/><F128/><W77/><G77/><T61/><D72/><U79/><E51/><V59/><F126/><W50/><G63/><T109/><D109/><U49/><E49/><V106/><F44/><N who="3" m="27719" /><G73/><T115/><D115/><U6/><E6/><V32/><F26/><W78/><G78/><T2/><D61/><U27/><E79/><V36/><F0/><W125/><G125/><T116/><D62/><U94/><REACH who="1" step="1"/><E84/><REACH who="1" ten="250,289,201,250" step="2"/><V83/><F86/><W100/><G18/><T88/><D116/><AGARI ba="0,1" hai="12,15,96,100,104,116,118,119" m="27719,42537" machi="116" ten="30,3900,0" yaku="12,1,14,1,54,1" doraHai="71" who="3" fromWho="0" sc="250,-39,289,0,201,0,250,49" /><INIT seed="2,0,0,1,0,129" ten="211,289,201,299" oya="2" hai0="77,11,108,28,16,88,49,20,7,57,67,90,22" hai1="53,14,106,52,43,29,122,3,91,85,56,98,113" hai2="61,10,66,15,36,123,112,34,131,100,99,74,105" hai3="27,18,47,4,128,25,63,12,32,78,60,50,73"/><V37/><F112/><W70/><G128/><T93/><D108/><U94/><E3/><V75/><F131/><W26/><G32/><T92/><D77/><U79/><E113/><V69/><F15/><W76/><G4/><T58/><D28/><U6/><E122/><V9/><F9/><W13/><G73/><N who="2" m="27657" /><F123/><W39/><G39/><N who="2" m="14921" /><F10/><W5/><G70/><T46/><D11/><N who="1" m="4471" /><E43/><V59/><F59/><N who="0" m="22538" /><D67/><U54/><E106/><V72/><F72/><W84/><G5/><T114/><D7/><U51/><E29/><V19/><F19/><W101/><G13/><N who="0" m="9231" /><D114/><U125/><E56/><V121/><F121/><W2/><G12/><T115/><D115/><U86/><E51/><V0/><F0/><W64/><G2/><T126/><D22/><U116/><E79/><V117/><F117/><W127/><G78/><T120/><D120/><U104/><E116/><V82/><F82/><N who="3" m="47175" /><G18/><T24/><D24/><U21/><E21/><V68/><F68/><W119/><G119/><T48/><D126/><U40/><E125/><V111/><F111/><W55/><G127/><T87/><D46/><U133/><E40/><V135/><F34/><W130/><G130/><T80/><D80/><U31/><E31/><V103/><F103/><W33/><G33/><T89/><D89/><U30/><E30/><V118/><F118/><W23/><G101/><T17/><D17/><U110/><E91/><V41/><F41/><W45/><G45/><T81/><D81/><U132/><E110/><V44/><F44/><W96/><G23/><T35/><D35/><U8/><E8/><V38/><F38/><RYUUKYOKU ba="0,0" sc="211,15,289,-15,201,15,299,-15" hai0="48,49,87,88,90,92,93" hai2="61,66,69,99,100,105,135" /><INIT seed="2,1,0,5,3,58" ten="226,274,216,284" oya="2" hai0="102,12,74,55,130,85,22,70,65,32,71,105,24" hai1="35,107,111,100,10,87,108,46,31,104,68,38,37" hai2="6,128,56,11,17,94,80,54,118,135,23,64,42" hai3="28,9,77,51,5,59,34,125,20,43,72,83,110"/><V101/><F118/><W129/><G34/><T90/><D74/><U84/><E68/><V86/><F64/><W78/><G125/><T14/><D55/><U122/><E122/><V21/><F42/><W18/><G129/><T50/><D50/><U29/><E10/><V92/><F135/><W62/><G28/><N who="1" m="10826" /><E35/><V75/><F75/><W132/><G110/><N who="1" m="42026" /><E100/><V89/><F128/><W66/><G132/><T26/><D102/><U16/><E16/><V134/><F101/><W27/><G78/><T113/><D32/><U41/><E38/><V53/><F134/><W131/><G131/><T79/><D79/><U119/><E119/><V112/><F112/><W52/><G43/><T98/><D70/><U73/><E73/><V96/><F96/><W2/><REACH who="3" step="1"/><G66/><REACH who="3" ten="226,274,216,274" step="2"/><T48/><D65/><U57/><E41/><V13/><F21/><W45/><G45/><T25/><D22/><U95/><E46/><V120/><F120/><W3/><G3/><T88/><D130/><U1/><E1/><V39/><F39/><W103/><G103/><T67/><D67/><U33/><E33/><V40/><F40/><W133/><G133/><T76/><D76/><U126/><E37/><V81/><F54/><W114/><G114/><T121/><D113/><U19/><E126/><V60/><REACH who="2" step="1"/><F80/><REACH who="2" ten="226,274,206,274" step="2"/><W44/><G44/><T117/><D121/><U97/><E57/><V124/><F124/><W15/><G15/><AGARI ba="1,2" hai="6,11,13,15,17,23,53,56,60,81,86,89,92,94" machi="15" ten="30,11600,0" yaku="1,1,7,1,8,1,52,1,53,0" doraHai="58" doraHaiUra="116" who="2" fromWho="3" sc="226,0,274,0,206,139,274,-119" /><INIT seed="2,2,0,5,3,34" ten="226,274,345,155" oya="2" hai0="37,123,7,13,36,0,115,74,84,114,70,125,100" hai1="14,103,68,45,28,67,108,134,63,83,53,30,98" hai2="9,79,27,92,122,61,77,32,29,46,81,135,75" hai3="66,113,35,19,87,58,129,57,51,12,118,2,21"/><V99/><F122/><W38/><G118/><T62/><D13/><U20/><E108/><V25/><F135/><W33/><G38/><N who="0" m="14955" /><D84/><U80/><E134/><V22/><F46/><W130/><G113/><T15/><D15/><U101/><E101/><V1/><F61/><W88/><G2/><T60/><D60/><U117/><E117/><V41/><F41/><W65/><G65/><N who="0" m="41271" /><D123/><U105/><E30/><V49/><F79/><W50/><G66/><T55/><D55/><U102/><E102/><V116/><F116/><W94/><G35/><T54/><D54/><U119/><E119/><V26/><F22/><W6/><G33/><T104/><D74/><U112/><E112/><V78/><F78/><W47/><G6/><T106/><D125/><U59/><E45/><V56/><F26/><W91/><G91/><T131/><D131/><N who="3" m="50185" /><G51/><T111/><D111/><U69/><E69/><V24/><F49/><W18/><G18/><T48/><D48/><U43/><E43/><AGARI ba="2,0" hai="12,19,21,43,47,50,57,58,87,88,94" m="50185" machi="43" ten="30,2000,0" yaku="19,1,54,1" doraHai="34" who="3" fromWho="1" sc="226,0,274,-26,345,0,155,26" /><INIT seed="3,0,0,2,3,100" ten="226,248,345,181" oya="3" hai0="53,117,57,76,69,70,21,15,102,75,93,40,97" hai1="17,18,59,51,107,121,88,46,63,133,8,0,87" hai2="14,6,77,120,128,12,124,47,103,19,24,33,65" hai3="74,44,94,26,16,66,114,72,35,27,11,4,132"/><W73/><G114/><T110/><D117/><U48/><E121/><V10/><F103/><W134/><G66/><T80/><D110/><U105/><E133/><N who="3" m="51306" /><G94/><T129/><D129/><U131/><E131/><V92/><F92/><W30/><G44/><T60/><D40/><U37/><E37/><V95/><F95/><W101/><G101/><T22/><D22/><U41/><E51/><V55/><F65/><W84/><G84/><T96/><D96/><U115/><E115/><V49/><F77/><W9/><G4/><T31/><D15/><U82/><E18/><V62/><F62/><W122/><G122/><T38/><D38/><U113/><E113/><V135/><F120/><W85/><G85/><T61/><REACH who="0" step="1"/><D60/><REACH who="0" ten="216,248,345,181" step="2"/><U81/><E0/><V34/><F128/><W89/><G89/><T83/><D83/><U90/><E90/><V56/><F135/><W109/><G109/><T13/><D13/><U43/><E82/><V116/><F14/><W78/><G78/><T67/><D67/><U32/><E81/><V68/><F12/><W108/><G108/><T91/><D91/><U64/><E88/><V106/><F116/><W29/><G16/><T39/><D39/><U2/><E17/><V86/><F19/><W28/><G35/><T58/><D58/><U50/><E32/><V118/><F33/><W112/><G112/><T42/><D42/><U98/><E43/><V111/><F34/><W119/><G119/><T126/><D126/><U1/><E41/><V20/><F118/><W104/><G104/><T52/><D52/><U36/><E107/><V45/><F106/><RYUUKYOKU ba="0,1" sc="216,15,248,-15,345,-15,181,15" hai0="21,31,53,57,61,69,70,75,76,80,93,97,102" hai3="9,11,26,27,28,29,30,72,73,74" /><INIT seed="3,1,1,0,3,113" ten="231,233,330,196" oya="3" hai0="15,34,12,88,4,118,17,120,108,99,132,31,35" hai1="0,94,48,21,104,11,74,7,1,46,43,77,66" hai2="62,95,109,25,5,18,91,96,103,69,135,121,14" hai3="80,130,60,64,8,67,27,107,78,134,30,55,56"/><W105/><G130/><T81/><D120/><U87/><E104/><V13/><F121/><W90/><G134/><T73/><D73/><U84/><E66/><V61/><F135/><W114/><G114/><T86/><D132/><U123/><E123/><V19/><F109/><W57/><G8/><T33/><D108/><U127/><E127/><V115/><F69/><W20/><G90/><T111/><D111/><U76/><E74/><V125/><F125/><W72/><REACH who="3" step="1"/><G67/><REACH who="3" ten="231,233,330,186" step="2"/><T38/><D88/><U39/><E11/><V117/><F91/><W75/><G75/><T122/><D122/><U100/><E77/><V102/><F115/><W24/><G24/><T2/><D4/><U65/><E76/><V47/><F25/><W71/><G71/><T9/><D9/><U124/><E7/><V58/><F5/><W3/><G3/><T41/><D2/><U44/><E65/><V37/><F103/><W112/><G112/><T54/><D99/><N who="1" m="59511" /><E124/><V42/><F102/><W45/><G45/><T106/><D86/><U32/><E1/><V93/><F96/><W79/><G79/><T36/><D12/><U116/><E0/><V53/><F47/><W82/><G82/><T83/><D81/><U70/><E46/><V129/><F129/><W16/><G16/><T52/><D17/><U128/><E128/><V10/><F10/><W131/><G131/><T68/><D83/><U23/><E70/><V119/><F19/><W26/><G26/><T133/><D133/><U92/><E84/><V50/><F18/><W101/><G101/><T98/><D68/><U110/><E87/><RYUUKYOKU ba="1,2" sc="231,-10,233,-10,330,-10,186,30" hai3="20,27,30,55,56,57,60,64,72,78,80,105,107" /><INIT seed="3,2,2,3,5,134" ten="221,223,320,216" oya="3" hai0="122,80,16,35,28,72,90,70,37,104,21,101,98" hai1="108,2,107,57,23,51,32,14,0,41,44,114,33" hai2="110,128,100,52,99,67,53,130,6,119,76,106,4" hai3="133,30,88,91,38,113,95,68,63,56,125,8,24"/><W109/><G113/><T62/><D122/><U132/><E107/><V61/><F119/><W54/><G38/><T3/><D3/><U22/><E2/><V10/><F110/><W69/><G133/><T39/><D90/><U9/><E0/><N who="2" m="263" /><F6/><W11/><G109/><T116/><D80/><U65/><E33/><V94/><F76/><W118/><G118/><T5/><D5/><N who="1" m="3375" /><E32/><V126/><F126/><W7/><G125/><T46/><D72/><U58/><E108/><V50/><F50/><W36/><G36/><T86/><D86/><U102/><E114/><V48/><F48/><W120/><G120/><T96/><D96/><U64/><E102/><V34/><F106/><W43/><G43/><T124/><D46/><U31/><E132/><V115/><F34/><W85/><G91/><T42/><D42/><U73/><E73/><V78/><F78/><W81/><G95/><T93/><D93/><U55/><E31/><V75/><F75/><W27/><G11/><T105/><D105/><U12/><E41/><V79/><F79/><W121/><G121/><T103/><D103/><U71/><E71/><N who="2" m="42479" /><F115/><W49/><G49/><T135/><D135/><U84/><E84/><V66/><F66/><N who="1" m="25705" /><E23/><V13/><F100/><W26/><REACH who="3" step="1"/><G30/><REACH who="3" ten="221,223,320,206" step="2"/><T60/><D116/><U97/><E97/><V1/><F94/><W40/><G40/><T92/><D92/><U77/><E77/><V112/><F112/><W117/><G117/><T127/><D127/><U18/><AGARI ba="2,3" hai="12,18,22,44,51,55,57,58" m="25705,3375" machi="18" ten="30,1100,0" yaku="8,1" doraHai="134" who="1" fromWho="1" sc="221,-5,223,47,320,-5,206,-7" /><INIT seed="4,0,0,4,0,87" ten="216,270,315,199" oya="0" hai0="55,51,80,124,128,90,110,125,45,113,71,116,114" hai1="86,121,61,1,4,107,58,91,48,19,75,100,117" hai2="32,25,123,72,67,38,130,129,84,83,82,119,54" hai3="21,131,56,118,16,81,63,30,70,122,76,53,18"/><T79/><D79/><U40/><E75/><V3/><F123/><W62/><G118/><T9/><D9/><U115/><E121/><V127/><F72/><W44/><G131/><T104/><D104/><U95/><E4/><V34/><F3/><W28/><G122/><T120/><D120/><U10/><E1/><V85/><F38/><W94/><G44/><T26/><D128/><U7/><E117/><V33/><F119/><W102/><G70/><T69/><D116/><U126/><E126/><N who="0" m="48745" /><D26/><U50/><E40/><V23/><F34/><W20/><G63/><T66/><D66/><U133/><E7/><V97/><F127/><W77/><G76/><T106/><D106/><U65/><E133/><V109/><F67/><W74/><G102/><T105/><D105/><U135/><E135/><V108/><F25/><W134/><G134/><T22/><D22/><U43/><E107/><V39/><F39/><W27/><REACH who="3" step="1"/><G94/><REACH who="3" ten="216,270,315,189" step="2"/><T73/><D69/><U13/><E100/><V98/><F129/><W2/><G2/><T15/><D71/><U52/><E43/><V31/><F130/><W68/><G68/><T11/><D45/><U5/><E115/><V60/><F109/><W111/><G111/><T41/><D110/><U37/><E37/><V78/><F108/><W59/><G59/><T36/><D114/><U35/><E58/><V0/><F78/><W12/><AGARI ba="0,1" hai="12,16,18,20,21,27,28,30,53,56,62,74,77,81" machi="12" ten="20,5200,0" yaku="1,1,0,1,7,1,54,1,53,0" doraHai="87" doraHaiUra="93" who="3" fromWho="3" sc="216,-26,270,-13,315,-13,189,62" /><INIT seed="5,0,0,2,5,95" ten="190,257,302,251" oya="1" hai0="133,82,105,122,128,32,5,125,103,36,58,120,60" hai1="104,75,37,26,62,126,129,72,74,131,17,56,8" hai2="1,47,98,57,112,34,38,91,61,78,30,94,59" hai3="81,88,45,15,86,134,71,35,3,109,19,69,22"/><U9/><E37/><V0/><F78/><W121/><G121/><N who="0" m="46699" /><D36/><U31/><E104/><V49/><F38/><W4/><G109/><T21/><D32/><U42/><E42/><V111/><F111/><W99/><G134/><T92/><D133/><U65/><E126/><V28/><F112/><W64/><G35/><T27/><D125/><U110/><E110/><V41/><F30/><W73/><G73/><T6/><D105/><U90/><E90/><V43/><F43/><W12/><G3/><T76/><D128/><N who="1" m="49227" /><E17/><V108/><F59/><W80/><G69/><T40/><D40/><U29/><E29/><V46/><F46/><W97/><G45/><T50/><D50/><U66/><E65/><V44/><F44/><W127/><G127/><T67/><D82/><N who="3" m="31849" /><G64/><T93/><D76/><U2/><E2/><V135/><F135/><W20/><G71/><T53/><D53/><U123/><E123/><V51/><F108/><W79/><G79/><T96/><D92/><U117/><E117/><V18/><F47/><W118/><G118/><T7/><D7/><U119/><E119/><V83/><F0/><W55/><G55/><T87/><D87/><U39/><E39/><V84/><F1/><W11/><G22/><AGARI ba="0,0" hai="8,9,22,26,31,56,62,66,72,74,75" m="49227" machi="22" ten="40,2000,0" yaku="19,1" doraHai="95" who="1" fromWho="3" sc="190,0,257,20,302,0,251,-20" /><INIT seed="5,1,0,5,4,31" ten="190,277,302,231" oya="1" hai0="123,60,18,92,62,20,50,66,120,47,13,41,93" hai1="80,24,107,119,127,72,29,46,48,90,130,56,105" hai2="43,59,45,51,86,7,12,108,116,69,25,23,115" hai3="1,75,33,6,83,70,9,34,114,38,65,126,87"/><U78/><E119/><V16/><F69/><W4/><G87/><T63/><REACH who="0" step="1"/><D66/><REACH who="0" ten="180,277,302,231" step="2"/><U74/><E127/><V102/><F116/><W3/><G126/><T118/><D118/><U98/><E130/><V129/><F129/><W134/><G134/><T21/><D21/><U37/><E74/><V97/><F23/><W101/><G114/><T32/><D32/><U95/><E37/><V110/><F115/><W124/><G38/><T77/><D77/><U113/><E113/><V125/><F125/><W82/><G124/><T30/><D30/><U5/><E5/><V17/><F7/><W112/><G112/><T96/><D96/><U27/><E27/><V99/><F25/><W68/><G65/><T94/><AGARI ba="1,1" hai="13,18,20,41,47,50,60,62,63,92,93,94,120,123" machi="94" ten="40,12000,2" yaku="21,2,0,1,53,3" doraHai="31" doraHaiUra="58" who="0" fromWho="0" sc="180,133,277,-61,302,-31,231,-31" /><INIT seed="6,0,0,5,3,109" ten="313,216,271,200" oya="2" hai0="11,102,122,98,108,59,55,28,35,79,63,76,118" hai1="45,5,54,10,48,16,104,135,100,39,1,53,6" hai2="89,132,124,72,91,111,120,69,46,58,74,15,30" hai3="82,65,19,114,51,60,17,96,23,52,112,44,18"/><V32/><F69/><W113/><G96/><T24/><D108/><U13/><E135/><V88/><F111/><W33/><G82/><T26/><D122/><U106/><E39/><V12/><F120/><W43/><G33/><T107/><D118/><U4/><E1/><V75/><F32/><W94/><G94/><T7/><D24/><U86/><E86/><V129/><F30/><W117/><G117/><T57/><D59/><U29/><E29/><V99/><F99/><W92/><G92/><T47/><D47/><U27/><E27/><V127/><F58/><N who="3" m="34887" /><G65/><T34/><D34/><U87/><E87/><V119/><F119/><W49/><G49/><T3/><AGARI ba="0,0" hai="3,7,11,26,28,35,55,57,63,76,79,98,102,107" machi="3" ten="20,1500,0" yaku="0,1,7,1" doraHai="109" who="0" fromWho="0" sc="313,15,216,-4,271,-7,200,-4" /><INIT seed="7,0,0,3,4,101" ten="328,212,264,196" oya="3" hai0="14,78,93,83,86,33,76,92,111,85,15,106,73" hai1="39,59,4,8,124,19,20,30,48,122,34,47,40" hai2="65,113,56,100,87,125,129,43,104,102,126,23,90" hai3="31,96,77,105,81,121,3,2,67,6,128,21,98"/><W115/><G121/><T110/><D33/><U84/><E122/><V44/><F113/><W28/><G115/><T94/><D73/><U71/><E71/><V72/><F72/><W54/><G128/><T103/><D14/><U63/><E124/><V79/><F79/><N who="0" m="30250" /><D15/><U0/><E84/><N who="0" m="32361" /><D83/><U60/><E39/><V49/><F23/><W116/><G116/><T80/><D80/><U70/><E70/><V25/><F25/><W95/><G81/><T130/><D130/><U66/><E34/><V89/><F129/><W52/><G77/><T51/><D51/><U36/><E36/><V119/><F119/><W32/><G32/><T22/><D22/><U61/><E30/><N who="3" m="11306" /><G21/><T7/><D7/><U99/><E99/><AGARI ba="0,0" hai="92,93,94,99,103,106,110,111" m="32361,30250" machi="99" ten="30,3900,0" yaku="34,2,52,1" doraHai="101" who="0" fromWho="1" sc="328,39,212,-39,264,0,196,0" owari="367,47.0,173,-33.0,264,6.0,196,-20.0" /></mjloggm>