<mjloggm ver="2.3"><GO type="41" lobby="0"/><UN n0="%79%61%67%69%6D%65%6D%65" n1="%E5%B0%B1%E6%B4%BB%E7%94%9F%40%E5%B7%9D%E6%9D%91%E8%BB%8D%E5%9B%A3" n2="%E7%8C%AB%E3%81%AE%E8%B6%B3%E8%B7%A1" n3="%6D%61%79%6F%6E%32" dan="14,15,16,14" rate="1843.28,1954.63,2011.98,1933.44" sx="M,M,M,M"/><TAIKYOKU oya="0"/><INIT seed="0,0,0,2,4,103" ten="250,250,250,250" oya="0" hai0="116,66,110,88,109,135,124,22,21,70,74,40,57" hai1="59,102,105,112,31,121,38,111,2,39,25,101,65" hai2="30,84,43,117,19,85,12,83,44,68,107,36,3" hai3="34,1,4,93,16,54,33,63,32,123,53,17,80"/><T35/><D74/><U8/><E121/><V108/><F3/><W128/><G123/><T52/><D35/><U71/><E111/><N who="0" m="42505" /><D40/><U48/><E112/><V42/><F108/><W129/><G80/><T125/><D116/><U126/><E126/><N who="0" m="48745" /><D135/><U26/><E101/><V97/><F43/><W99/><G4/><T77/><D77/><U119/><E119/><V49/><F117/><W10/><G1/><T95/><D70/><U90/><E90/><V18/><F68/><W76/><G76/><T114/><D66/><U106/><E65/><V92/><F36/><W7/><G7/><T75/><D75/><U14/><E71/><V72/><F72/><W73/><G73/><T9/><D9/><U23/><E2/><V51/><F42/><W58/><G54/><T28/><D28/><U69/><E69/><V64/><F30/><W118/><G118/><T15/><D15/><U81/><E39/><V86/><F12/><W13/><REACH who="3" step="1"/><G17/><REACH who="3" ten="250,250,250,240" step="2"/><T127/><N who="0" m="48753" /><T47/><DORA hai="62" /><D114/><U41/><E31/><V24/><F19/><W11/><G11/><T6/><D6/><U61/><E8/><V131/><F18/><W37/><G37/><T113/><D113/><U82/><E38/><V78/><F78/><W5/><G5/><T55/><D55/><U120/><E120/><V104/><F64/><W0/><G0/><T98/><D47/><U134/><E134/><V60/><F44/><W100/><AGARI ba="0,1" hai="10,13,16,32,33,34,53,58,63,93,99,100,128,129" machi="100" ten="40,8000,1" yaku="1,1,0,1,54,1,53,1" doraHai="103,62" doraHaiUra="132,91" who="3" fromWho="3" sc="250,-40,250,-20,250,-20,240,90" /><INIT seed="1,0,0,2,2,61" ten="210,230,230,330" oya="1" hai0="74,100,114,6,53,126,128,65,70,96,8,54,111" hai1="52,17,13,95,29,92,39,23,87,135,132,75,79" hai2="11,42,56,27,26,119,125,89,113,49,5,102,9" hai3="57,40,64,116,131,72,67,73,118,15,88,43,99"/><U121/><E39/><V58/><F119/><N who="3" m="45611" /><G131/><T134/><D128/><U101/><E121/><V16/><F125/><W122/><G122/><T45/><D126/><U1/><E1/><V103/><F113/><W93/><G15/><T133/><D74/><N who="3" m="28777" /><G57/><T107/><D114/><U130/><E130/><V47/><F89/><W50/><G50/><T110/><D45/><U123/><E75/><V37/><F37/><W77/><G77/><T84/><D84/><U117/><E117/><V85/><F85/><W120/><G120/><T0/><D54/><U18/><E29/><V44/><F49/><W19/><G19/><T112/><D53/><U63/><E101/><V108/><F42/><AGARI ba="0,0" hai="40,42,43,64,67,88,93,99" m="28777,45611" machi="42" ten="30,7700,0" yaku="12,1,52,2,54,1" doraHai="61" who="3" fromWho="2" sc="210,0,230,0,230,-77,330,77" /><INIT seed="2,0,0,5,0,19" ten="210,230,153,407" oya="2" hai0="97,60,70,106,64,45,84,104,39,128,62,14,25" hai1="3,112,107,4,42,102,41,11,61,92,118,81,6" hai2="38,69,124,83,12,125,1,17,51,10,76,33,27" hai3="119,131,53,32,78,49,108,31,44,130,123,93,129"/><V37/><F69/><W115/><G119/><T34/><D128/><U72/><E118/><V82/><F1/><W30/><G123/><T75/><D84/><U86/><E112/><V79/><F51/><W58/><G115/><T55/><D75/><U88/><E6/><V20/><F33/><W29/><G78/><T80/><D80/><U89/><E89/><V67/><F67/><W35/><G108/><T121/><D121/><U59/><E107/><V135/><F135/><W54/><G93/><T101/><D104/><U24/><E24/><V95/><F95/><W117/><G117/><T132/><D132/><U50/><E50/><AGARI ba="0,0" hai="29,30,31,32,35,44,49,50,53,54,58,129,130,131" machi="50" ten="50,1600,0" yaku="19,1" doraHai="19" who="3" fromWho="1" sc="210,0,230,-16,153,0,407,16" /><INIT seed="3,0,0,0,1,38" ten="210,214,153,423" oya="3" hai0="78,36,114,103,50,35,126,6,123,84,82,53,68" hai1="90,80,107,19,54,87,100,46,111,92,18,72,105" hai2="113,119,29,42,108,131,101,48,65,41,45,12,121" hai3="132,69,86,61,14,95,5,27,15,32,2,59,25"/><W89/><G69/><T30/><D68/><U34/><E34/><V20/><F113/><W94/><G132/><T134/><D134/><U81/><E111/><V10/><F119/><W17/><G95/><T0/><D114/><U91/><E54/><V120/><F108/><W117/><G117/><T104/><D36/><U26/><E26/><N who="2" m="16583" /><F101/><W40/><G40/><N who="2" m="15465" /><F65/><W115/><G32/><T128/><D128/><U75/><E46/><V44/><F48/><W109/><G109/><T67/><D67/><U130/><E130/><V21/><F21/><N who="3" m="11447" /><G115/><T51/><D30/><U116/><E116/><V118/><F118/><W93/><G2/><T66/><D66/><U24/><E24/><V56/><F56/><W31/><G27/><T97/><D35/><U11/><E11/><V74/><F74/><N who="1" m="28201" /><E18/><N who="2" m="8471" /><F131/><W58/><G59/><T8/><D51/><U77/><E19/><V102/><F102/><W79/><G58/><T9/><D9/><U49/><E49/><V55/><F55/><W133/><G133/><T33/><D33/><U13/><E13/><V76/><F76/><W47/><G79/><T3/><D3/><U73/><E100/><V52/><F52/><W110/><G110/><T28/><D28/><U16/><E16/><V127/><F127/><W62/><G31/><T70/><D70/><U7/><E7/><V63/><F63/><W122/><G62/><T1/><D126/><U125/><E125/><V88/><F88/><W129/><G89/><T60/><D60/><U43/><E43/><V57/><F57/><W4/><G61/><T112/><D112/><U39/><E39/><RYUUKYOKU ba="0,0" sc="210,-15,214,15,153,15,423,-15" hai1="73,77,80,81,87,90,91,92,105,107" hai2="44,45,120,121" /><INIT seed="4,1,0,4,0,41" ten="195,229,168,408" oya="0" hai0="120,101,57,135,73,49,129,130,2,81,25,94,7" hai1="133,42,97,47,46,66,72,64,17,80,21,123,113" hai2="121,91,0,85,131,70,109,99,28,33,27,31,6" hai3="88,29,93,43,18,84,104,3,103,37,65,19,53"/><T51/><D120/><U34/><E34/><V115/><F121/><W117/><G117/><T124/><D124/><U71/><E71/><V26/><F109/><W114/><G114/><T32/><D135/><U87/><E72/><V5/><F70/><W78/><G3/><T110/><D110/><U89/><E123/><V35/><F115/><W112/><G112/><T68/><D68/><U52/><E113/><V83/><F131/><N who="0" m="50186" /><D73/><U119/><E119/><V22/><F0/><W107/><G29/><N who="0" m="19503" /><D81/><U125/><E125/><V67/><F67/><N who="1" m="25641" /><E133/><V126/><F126/><W122/><G65/><T38/><D38/><U128/><E42/><V116/><F116/><W98/><G122/><T44/><D57/><U24/><E97/><V36/><F36/><W74/><G107/><T10/><D101/><U90/><E128/><V79/><F22/><W62/><G62/><T4/><D4/><U58/><E89/><V45/><F99/><W96/><G96/><T111/><D111/><U15/><E24/><V92/><F91/><W102/><G102/><T55/><D51/><AGARI ba="1,0" hai="15,17,21,46,47,51,52,58,80,87,90" m="25641" machi="51" ten="30,7700,0" yaku="8,1,52,2,54,1" doraHai="41" who="1" fromWho="0" sc="195,-80,229,80,168,0,408,0" /><INIT seed="5,0,0,0,0,6" ten="115,309,168,408" oya="1" hai0="116,17,52,60,110,21,105,108,93,58,127,102,117" hai1="45,70,41,73,18,48,46,121,100,92,9,71,42" hai2="35,115,61,51,44,86,101,19,96,126,112,26,97" hai3="34,16,33,104,43,29,87,0,7,64,22,8,80"/><U39/><E121/><V37/><F37/><W109/><G104/><T63/><D127/><U124/><E73/><V27/><F126/><W69/><G109/><T76/><D105/><U10/><E124/><V113/><F35/><W3/><G3/><T54/><D76/><U14/><REACH who="1" step="1"/><E9/><REACH who="1" ten="115,299,168,408" step="2"/><V57/><F113/><W40/><G34/><T81/><D110/><U77/><E77/><V133/><F112/><W28/><G33/><T123/><D123/><U68/><E68/><V66/><F115/><W85/><G8/><T13/><D108/><U129/><E129/><V84/><F133/><W53/><G22/><T94/><D117/><U83/><E83/><V74/><F74/><W99/><G80/><T47/><D116/><U89/><E89/><V135/><F135/><W1/><G69/><T2/><D2/><U24/><E24/><V103/><F27/><W88/><G1/><T31/><D81/><U72/><E72/><V50/><F26/><W122/><G122/><T125/><D125/><U90/><E90/><V25/><F25/><W118/><G88/><T20/><D31/><U120/><E120/><V5/><F103/><W62/><G118/><T30/><D30/><U82/><E82/><V119/><F101/><W128/><G29/><T75/><D75/><U95/><E95/><V130/><F119/><W91/><G28/><T4/><D102/><U79/><E79/><V32/><F130/><W132/><G0/><T98/><D94/><U49/><E49/><V106/><F50/><W111/><G128/><T36/><D93/><U67/><E67/><V56/><F66/><RYUUKYOKU ba="0,1" sc="115,-10,299,30,168,-10,408,-10" hai1="10,14,18,39,41,42,45,46,48,70,71,92,100" /><INIT seed="5,1,1,0,1,3" ten="105,329,158,398" oya="1" hai0="112,6,95,72,24,14,60,52,39,80,65,75,2" hai1="127,55,66,86,79,17,91,120,44,30,90,8,87" hai2="107,12,53,38,20,37,67,15,118,45,23,121,49" hai3="98,16,48,41,0,35,92,117,63,11,56,132,58"/><U4/><E120/><V73/><F118/><W40/><G35/><T101/><D39/><U21/><E127/><V5/><F107/><W123/><G123/><T104/><D104/><U88/><E66/><V22/><F121/><W19/><G117/><T76/><D2/><U110/><E30/><V64/><F73/><W81/><G81/><T69/><D112/><U134/><E134/><V42/><F38/><W82/><G82/><T115/><D115/><U133/><E133/><V46/><REACH who="2" step="1"/><F15/><REACH who="2" ten="105,329,148,398" step="2"/><W62/><G132/><T99/><D75/><U119/><E119/><V26/><F26/><W105/><G105/><T106/><D24/><N who="1" m="14383" /><E110/><V29/><F29/><W59/><G92/><T70/><D106/><U103/><E103/><V96/><F96/><W18/><G98/><T109/><D109/><U31/><E31/><V33/><F33/><W9/><G0/><T68/><REACH who="0" step="1"/><D52/><REACH who="0" ten="95,329,148,398" step="2"/><U34/><E55/><V77/><F77/><W43/><REACH who="3" step="1"/><G48/><REACH who="3" ten="95,329,148,388" step="2"/><T61/><D61/><AGARI ba="1,4" hai="9,11,16,18,19,40,41,43,56,58,59,61,62,63" machi="61" ten="50,16000,3" yaku="1,1,2,1,29,2,28,2,8,1,54,1,53,0" doraHai="3" doraHaiUra="130" who="3" fromWho="0" sc="95,-163,329,0,148,0,388,203" owari="-68,-57.0,329,13.0,148,-25.0,591,69.0" /></mjloggm>