<mjloggm ver="2.3"><GO type="97" lobby="0"/><UN n0="%6E%6F%62%75%6E%61" n1="%E3%82%A2%E3%83%8A%E3%83%AB%E4%BA%8B%E4%BB%B6" n2="%E5%B0%B1%E6%B4%BB%E7%94%9F%40%E5%B7%9D%E6%9D%91%E8%BB%8D%E5%9B%A3" n3="%E3%81%97%E3%82%85%E3%82%93%E3%81%A6%E3%81%83%CE%A9" dan="13,14,15,14" rate="1866.30,1979.49,1968.41,1946.31" sx="M,M,M,M"/><TAIKYOKU oya="0"/><INIT seed="0,0,0,0,3,37" ten="250,250,250,250" oya="0" hai0="33,107,80,74,11,72,58,103,26,65,63,93,101" hai1="92,99,15,56,59,121,31,112,0,49,117,5,100" hai2="61,88,111,122,83,81,75,106,13,135,42,18,105" hai3="76,35,98,97,25,120,44,79,17,10,131,32,20"/><T6/><D107/><U109/><E117/><V114/><F122/><W50/><G120/><T134/><D134/><U94/><E0/><V38/><F114/><W78/><G131/><T133/><D133/><U52/><E121/><V69/><F135/><W127/><G127/><T123/><D123/><U90/><E109/><V68/><F111/><W108/><G108/><T9/><D74/><U8/><E112/><V110/><F110/><W84/><G84/><T119/><D119/><U2/><E2/><V82/><F75/><W116/><G116/><T23/><D33/><U124/><E124/><V91/><F105/><W126/><G126/><T102/><D72/><U89/><E31/><V12/><F12/><N who="3" m="7319" /><G32/><T129/><D129/><U67/><E94/><V19/><F19/><N who="3" m="12447" /><G35/><T47/><D80/><U54/><E67/><V73/><F73/><W28/><G28/><N who="0" m="17503" /><D6/><U27/><E27/><V130/><F130/><W55/><AGARI ba="0,0" hai="44,50,55,76,78,79,97,98" m="12447,7319" machi="55" ten="30,1100,0" yaku="8,1" doraHai="37" who="3" fromWho="3" sc="250,-5,250,-3,250,-3,250,11" /><INIT seed="1,0,0,1,0,43" ten="245,247,247,261" oya="1" hai0="77,34,23,51,26,69,56,49,1,8,82,48,33" hai1="126,15,87,122,62,18,109,63,101,132,108,73,114" hai2="79,29,72,127,93,98,25,134,70,9,81,52,130" hai3="59,103,47,124,38,7,24,97,74,80,100,95,30"/><U54/><E73/><V57/><F70/><W76/><G124/><T46/><D69/><U102/><E114/><V11/><F127/><W14/><G103/><N who="1" m="39434" /><E126/><V96/><F134/><W71/><G71/><T39/><D34/><U66/><E122/><V28/><F130/><W85/><G59/><T61/><D33/><U5/><E5/><V107/><F107/><W68/><G68/><T110/><D110/><N who="1" m="42603" /><E132/><V42/><F42/><W125/><G125/><T32/><D32/><U3/><E3/><V53/><F53/><W106/><G7/><T50/><D39/><U135/><E135/><V94/><F25/><W20/><G14/><T84/><D1/><U133/><E133/><V119/><F119/><W112/><G112/><T40/><D8/><U104/><E104/><V92/><F11/><W128/><G128/><T89/><D77/><U41/><E66/><V65/><F9/><W120/><G120/><T10/><D10/><N who="1" m="6519" /><E87/><V4/><F4/><W21/><G21/><T67/><REACH who="0" step="1"/><D51/><REACH who="0" ten="235,247,247,261" step="2"/><U129/><E129/><V121/><F121/><W6/><G6/><T116/><D116/><U37/><E54/><V19/><F65/><W123/><G123/><T75/><D75/><U13/><E13/><V118/><F118/><W2/><G2/><T99/><D99/><U60/><E41/><V78/><F96/><W115/><G115/><T17/><AGARI ba="0,1" hai="17,23,26,40,46,48,49,50,56,61,67,82,84,89" machi="17" ten="20,8000,1" yaku="1,1,0,1,7,1,8,1,52,1,53,0" doraHai="43" doraHaiUra="91" who="0" fromWho="0" sc="235,90,247,-40,247,-20,261,-20" /><INIT seed="2,0,0,0,1,91" ten="325,207,227,241" oya="2" hai0="54,6,52,23,95,63,101,5,62,36,24,44,108" hai1="16,78,55,3,127,99,85,89,65,96,9,133,129" hai2="38,117,114,132,13,39,41,73,34,4,124,106,90" hai3="94,88,57,119,30,2,12,103,116,37,29,100,118"/><V81/><F34/><W82/><G2/><T27/><D108/><U10/><E127/><V80/><F117/><W17/><G37/><T18/><D36/><U61/><E129/><V42/><F106/><W47/><G47/><T64/><D24/><U77/><E133/><V128/><F114/><W75/><G75/><T21/><D21/><U93/><E3/><V72/><F4/><N who="0" m="1642" /><D64/><U32/><E32/><V111/><F13/><W56/><G82/><T115/><D115/><U125/><E125/><V70/><F90/><W19/><G12/><T31/><D31/><N who="3" m="11785" /><G116/><T131/><D131/><U110/><E110/><V98/><F70/><W40/><G40/><T69/><D69/><U86/><E55/><N who="0" m="21033" /><D44/><U113/><E113/><V33/><F111/><W130/><G130/><T15/><D27/><U0/><E0/><V43/><F33/><W105/><G105/><T74/><D74/><U50/><E50/><V102/><F124/><W104/><G104/><T8/><D8/><U135/><E9/><V121/><F128/><W79/><G119/><T48/><D48/><U46/><E46/><V68/><F121/><W122/><G122/><T22/><D22/><U35/><E35/><V53/><F68/><W25/><G118/><T76/><D76/><N who="1" m="29291" /><E135/><V45/><F132/><W120/><G120/><T112/><D112/><U97/><E10/><V83/><F73/><W126/><G126/><T20/><D20/><U60/><E65/><V58/><F72/><W28/><G79/><T67/><D67/><U7/><E7/><V109/><BYE who="1" /><F109/><W66/><G66/><T26/><D15/><RYUUKYOKU ba="0,0" sc="325,30,207,-10,227,-10,241,-10" hai0="18,23,26,62,63,95,101" /><INIT seed="3,1,0,5,1,33" ten="355,197,217,231" oya="3" hai0="131,30,70,100,74,105,69,23,49,20,52,121,61" hai1="120,39,79,135,18,12,34,3,92,50,80,7,62" hai2="40,43,14,134,97,99,51,1,63,84,124,73,119" hai3="31,32,110,19,107,75,4,27,101,96,89,94,67"/><W57/><G110/><T55/><D121/><U86/><E86/><V115/><F73/><W2/><G75/><T112/><D74/><U0/><E0/><V37/><F119/><W114/><G114/><T8/><D131/><U13/><E13/><V95/><F37/><W109/><G109/><T98/><D112/><U29/><E29/><V108/><F1/><W106/><G19/><T59/><D8/><U22/><E22/><V130/><F108/><W53/><G67/><T133/><D133/><U35/><E35/><V122/><F124/><W104/><G4/><T47/><D30/><U93/><E93/><V9/><F122/><W11/><G11/><T126/><REACH who="0" step="1"/><D126/><REACH who="0" ten="345,197,217,231" step="2"/><U111/><E111/><V81/><F134/><W24/><G2/><T10/><D10/><U58/><E58/><V78/><F9/><W113/><G113/><T60/><D60/><U132/><E132/><V5/><F63/><W90/><REACH who="3" step="1"/><G27/><REACH who="3" ten="345,197,217,221" step="2"/><T127/><D127/><U129/><E129/><V102/><F115/><W116/><G116/><T83/><D83/><U26/><E26/><V45/><F81/><W54/><G54/><T87/><D87/><U123/><E123/><V88/><F84/><W72/><G72/><T77/><D77/><U56/><E56/><V128/><F78/><W76/><G76/><T17/><D17/><U68/><E68/><AGARI ba="1,2" hai="20,23,47,49,52,55,59,61,68,69,70,98,100,105" machi="68" ten="40,2600,0" yaku="1,1,54,1,53,0" doraHai="33" doraHaiUra="85" who="0" fromWho="1" sc="345,49,197,-29,217,0,221,0" owari="394,49.0,168,-33.0,217,-18.0,221,2.0" /></mjloggm>