<mjloggm ver="2.3"><GO type="97" lobby="0"/><UN n0="%E5%B0%B1%E6%B4%BB%E7%94%9F%40%E5%B7%9D%E6%9D%91%E8%BB%8D%E5%9B%A3" n1="%E3%82%AF%E3%83%AA%E3%83%BC%E3%82%AA%E3%82%A6" n2="%E3%82%A8%E3%83%AA%E3%82%A2%E3%83%AB%E3%81%9F%E3%82%93" n3="%73%35%37" dan="15,13,14,14" rate="1954.08,1918.77,1951.92,1908.30" sx="M,M,M,M"/><TAIKYOKU oya="0"/><INIT seed="0,0,0,2,5,131" ten="250,250,250,250" oya="0" hai0="30,118,2,8,114,76,92,91,96,35,50,129,128" hai1="113,34,87,38,122,45,25,121,101,24,105,4,89" hai2="126,86,95,83,40,48,119,11,56,17,62,125,99" hai3="123,116,81,102,63,132,74,60,82,130,67,9,51"/><T84/><D118/><U54/><E113/><V65/><F119/><W124/><G116/><T103/><D114/><U21/><E4/><V59/><F17/><W53/><G130/><N who="0" m="50283" /><D76/><U71/><E71/><N who="2" m="42423" /><F11/><W5/><G124/><N who="2" m="47721" /><F48/><W31/><G63/><T110/><D110/><U19/><E34/><V10/><F10/><W64/><G64/><T26/><D50/><U13/><E101/><N who="2" m="60671" /><F40/><W20/><G123/><T120/><D120/><U79/><E79/><AGARI ba="0,0" hai="56,59,79,83,86" m="60671,47721,42423" machi="79" ten="30,1000,0" yaku="18,1" doraHai="131" who="2" fromWho="1" sc="250,0,250,-10,250,10,250,0" /><INIT seed="1,0,0,2,4,127" ten="250,240,260,250" oya="1" hai0="27,48,14,10,121,46,61,103,126,41,34,38,58" hai1="64,1,15,94,73,47,67,78,9,36,18,68,113" hai2="132,87,124,74,57,97,106,101,43,65,105,13,22" hai3="51,30,85,2,49,39,93,107,100,128,12,119,29"/><U116/><E116/><V3/><F3/><W60/><G2/><T0/><D126/><U108/><E108/><V82/><F124/><W42/><G39/><T52/><D121/><U135/><E135/><V81/><F132/><W23/><G107/><T20/><D34/><U111/><E111/><V114/><F43/><W70/><G119/><T17/><D103/><U44/><E113/><V59/><F74/><W53/><G70/><T16/><REACH who="0" step="1"/><D0/><REACH who="0" ten="240,240,260,250" step="2"/><U45/><E36/><AGARI ba="0,1" hai="10,14,16,17,20,27,36,38,41,46,48,52,58,61" machi="36" ten="40,8000,1" yaku="1,1,2,1,54,2,53,0" doraHai="127" doraHaiUra="88" who="0" fromWho="1" sc="240,90,240,-80,260,0,250,0" /><INIT seed="2,0,0,3,4,70" ten="330,160,260,250" oya="2" hai0="84,52,50,119,103,59,45,5,3,115,4,121,134" hai1="15,124,33,17,132,86,133,28,113,135,14,8,76" hai2="27,66,69,23,46,122,21,96,54,62,32,102,11" hai3="78,81,7,60,105,127,26,85,24,90,37,101,30"/><V75/><F75/><N who="3" m="43231" /><G7/><T40/><D121/><U6/><E86/><V48/><F122/><W0/><G60/><T56/><D115/><U109/><E76/><V13/><F32/><W88/><G0/><T98/><D134/><U126/><E113/><V120/><F120/><W83/><G26/><T74/><D74/><U94/><E94/><V47/><F47/><W92/><G127/><N who="1" m="48682" /><E109/><V71/><F71/><W130/><G130/><T36/><D3/><U42/><E42/><V43/><F27/><W99/><G90/><T118/><D84/><U35/><E28/><V51/><F51/><W39/><G83/><T89/><D89/><U63/><E63/><V108/><F108/><W68/><G68/><T61/><D59/><U79/><E79/><V64/><F66/><W111/><G111/><T53/><D53/><U116/><E116/><N who="0" m="44585" /><D61/><U38/><E38/><V31/><F54/><W44/><G44/><T1/><D1/><U9/><AGARI ba="0,0" hai="6,8,9,14,15,17,33,35,132,133,135" m="48682" machi="9" ten="40,8000,1" yaku="20,1,18,1,34,2" doraHai="70" who="1" fromWho="1" sc="330,-20,160,80,260,-40,250,-20" /><INIT seed="3,0,0,1,3,63" ten="310,240,220,230" oya="3" hai0="124,36,29,27,127,6,9,113,34,59,110,56,50" hai1="16,66,97,82,47,58,33,37,2,103,83,0,122" hai2="116,45,81,46,91,125,51,79,87,120,134,78,68" hai3="57,52,131,106,21,99,31,4,86,11,70,35,93"/><W94/><G70/><T39/><D110/><U5/><E33/><V30/><F116/><W3/><G35/><T12/><D113/><U17/><E122/><V24/><F120/><W20/><G106/><T69/><D69/><U8/><E2/><V128/><F68/><W80/><G131/><T71/><D71/><U26/><E37/><N who="0" m="14409" /><D50/><U121/><E47/><V1/><F1/><W65/><G65/><T123/><D123/><U7/><E7/><V112/><F128/><W28/><G94/><T22/><D34/><U108/><E108/><V92/><F112/><W89/><G31/><T10/><D9/><U84/><E83/><V115/><F115/><W130/><G28/><T53/><D53/><U95/><E26/><V98/><F134/><W101/><REACH who="3" step="1"/><G130/><REACH who="3" ten="310,240,220,220" step="2"/><T72/><D72/><U85/><E121/><V43/><F125/><AGARI ba="0,1" hai="6,10,12,22,27,29,56,59,124,125,127" m="14409" machi="125" ten="30,1000,0" yaku="18,1" doraHai="63" who="0" fromWho="2" sc="310,20,240,0,220,-10,220,0" owari="330,43.0,240,4.0,210,-29.0,220,-18.0" /></mjloggm>