<mjloggm ver="2.3"><GO type="225" lobby="0"/><UN n0="%73%61%72%61%68%31%32%33" n1="%E9%8A%80%E3%81%B0%E3%81%95%E3%81%BF" n2="%E7%99%BD%E6%B2%B3%E3%81%84%E3%81%8A%E3%82%8A" n3="%E5%B0%B1%E6%B4%BB%E7%94%9F%40%E5%B7%9D%E6%9D%91%E8%BB%8D%E5%9B%A3" dan="16,18,16,16" rate="2099.90,2190.58,2151.14,2093.05" sx="M,M,F,M"/><TAIKYOKU oya="0"/><INIT seed="0,0,0,3,2,7" ten="250,250,250,250" oya="0" hai0="76,118,61,26,125,43,47,10,5,36,132,126,78" hai1="28,13,17,134,87,11,108,49,25,57,51,135,71" hai2="128,8,112,37,99,114,27,131,113,12,106,122,1" hai3="50,29,20,95,94,56,115,82,85,30,53,0,104"/><T63/><D118/><U111/><E71/><V55/><F122/><W48/><G104/><T96/><D132/><N who="1" m="50731" /><E87/><V35/><F37/><W123/><G0/><N who="0" m="295" /><D96/><U15/><E15/><V116/><F116/><W19/><G115/><T21/><D61/><U24/><E24/><V14/><F55/><W44/><G123/><T72/><D63/><U18/><E18/><V34/><F1/><W9/><G95/><T130/><D72/><U77/><E77/><V133/><F133/><W121/><G94/><T92/><D92/><U46/><E57/><V58/><F58/><W70/><G70/><T93/><D93/><U73/><E73/><V59/><F59/><W88/><G121/><T54/><D54/><N who="1" m="30007" /><E51/><V60/><F60/><W110/><G110/><T6/><D6/><U32/><AGARI ba="0,0" hai="11,13,17,25,28,32,108,111" m="30007,50731" machi="32" ten="30,2000,0" yaku="20,1,52,1" doraHai="7" who="1" fromWho="1" sc="250,-10,250,20,250,-5,250,-5" /><INIT seed="1,0,0,3,0,58" ten="240,270,245,245" oya="1" hai0="114,2,103,89,13,85,134,70,59,99,133,55,63" hai1="8,35,130,29,128,121,31,33,104,101,119,66,5" hai2="42,60,23,80,123,77,100,56,87,79,20,96,19" hai3="38,118,82,25,124,91,117,53,64,18,107,113,84"/><U26/><E66/><V126/><F123/><W61/><G107/><T92/><D114/><U98/><E119/><N who="3" m="45578" /><G38/><T73/><D73/><U41/><E121/><V129/><F129/><N who="1" m="49769" /><E41/><V14/><F126/><W102/><G124/><T120/><D120/><U112/><E112/><V54/><F42/><W127/><G127/><T45/><D2/><N who="1" m="55" /><E31/><V40/><F40/><W122/><G122/><T51/><D70/><U9/><E9/><V71/><F71/><N who="3" m="42383" /><G113/><T11/><D11/><U15/><E15/><V3/><F3/><W131/><G131/><T93/><REACH who="0" step="1"/><D13/><REACH who="0" ten="230,270,245,245" step="2"/><U135/><E135/><V81/><F23/><AGARI ba="0,1" hai="23,26,29,33,35,98,101,104" m="55,49769" machi="23" ten="30,1500,0" yaku="19,1" doraHai="58" who="1" fromWho="2" sc="230,0,270,25,245,-15,245,0" /><INIT seed="1,1,0,1,1,61" ten="230,295,230,245" oya="1" hai0="94,3,45,35,130,11,24,64,103,73,2,10,93" hai1="111,81,101,66,82,74,59,95,75,18,7,63,22" hai2="135,47,67,29,54,40,0,30,85,104,116,9,117" hai3="8,123,119,97,129,100,16,122,68,50,25,120,125"/><U23/><E7/><V132/><F104/><W91/><G125/><T113/><D73/><U86/><E111/><V52/><F85/><W126/><G129/><T49/><D113/><U31/><E75/><V112/><F112/><W121/><G126/><T115/><D115/><U19/><E74/><V5/><F67/><W38/><G119/><N who="2" m="45641" /><F30/><W27/><G38/><T118/><D118/><U105/><E105/><V133/><F29/><W39/><G39/><AGARI ba="1,0" hai="0,5,9,39,40,47,52,54,132,133,135" m="45641" machi="39" ten="40,2600,0" yaku="20,1,54,1" doraHai="61" who="2" fromWho="3" sc="230,0,295,0,230,29,245,-29" /><INIT seed="2,0,0,4,1,7" ten="230,295,259,216" oya="2" hai0="61,71,105,49,47,121,69,70,46,86,79,6,11" hai1="19,77,80,27,38,55,58,85,9,60,107,3,120" hai2="65,115,37,28,104,59,67,48,20,99,81,116,39" hai3="114,29,84,87,43,133,66,21,25,127,129,35,113"/><V5/><F116/><W45/><G129/><T44/><D105/><U125/><E107/><V13/><F115/><N who="3" m="44043" /><G133/><T134/><D134/><U15/><E38/><V78/><F28/><W40/><G127/><T10/><D121/><U56/><E3/><V42/><F99/><W96/><G66/><T72/><D72/><U122/><E125/><V124/><F104/><W100/><G35/><T91/><D79/><U98/><E98/><V64/><F124/><W89/><G45/><T14/><D61/><U16/><E58/><V82/><F59/><W53/><G53/><T103/><D103/><U83/><E83/><V41/><F82/><N who="3" m="49303" /><G87/><T75/><D75/><U95/><E95/><AGARI ba="0,0" hai="21,25,29,40,43,95,96,100" m="49303,44043" machi="95" ten="30,1000,0" yaku="11,1" doraHai="7" who="3" fromWho="1" sc="230,0,295,-10,259,0,216,10" /><INIT seed="3,0,0,4,5,75" ten="230,285,259,226" oya="3" hai0="116,10,86,72,107,114,61,132,108,4,117,17,1" hai1="113,11,64,26,96,77,95,128,111,100,93,54,13" hai2="52,135,123,59,57,105,0,8,131,6,66,55,104" hai3="35,28,43,14,39,3,38,32,21,44,30,89,53"/><W24/><G3/><T127/><D86/><U41/><E113/><V16/><F135/><W109/><G109/><T18/><D61/><U50/><E128/><V103/><F131/><W71/><G71/><T49/><D49/><U58/><E111/><V85/><F66/><W133/><G133/><T47/><D47/><U122/><E122/><V12/><F123/><W2/><G2/><T29/><D72/><U84/><E26/><V31/><F31/><W110/><G110/><T97/><D108/><U73/><E73/><V19/><F103/><W120/><G120/><T70/><D70/><U63/><E41/><V90/><F104/><W91/><G39/><T22/><D132/><U27/><E27/><V60/><F105/><W56/><G32/><T46/><D46/><N who="1" m="27991" /><E93/><N who="2" m="54479" /><F0/><W40/><G40/><T9/><D114/><U7/><E84/><V69/><F69/><W125/><G125/><T25/><D127/><U23/><E23/><V82/><F82/><W106/><G106/><T98/><D107/><U78/><AGARI ba="0,0" hai="7,11,13,58,63,64,77,78,95,96,100" m="27991" machi="78" ten="30,4000,0" yaku="8,1,52,2" doraHai="75" who="1" fromWho="1" sc="230,-10,285,40,259,-10,226,-20" owari="220,-18.0,325,42.0,249,5.0,206,-29.0" /></mjloggm>