<mjloggm ver="2.3"><GO type="97" lobby="0"/><UN n0="%E5%B0%B1%E6%B4%BB%E7%94%9F%40%E5%B7%9D%E6%9D%91%E8%BB%8D%E5%9B%A3" n1="%E5%A4%A9%E7%8B%90%E3%81%A1%E3%82%83%E3%82%93%E3%80%82" n2="%4B%49%44%4F" n3="%72%6F%6E%72%6F%6E%76" dan="14,14,14,13" rate="1941.43,1864.29,1926.34,1881.55" sx="M,F,M,M"/><TAIKYOKU oya="0"/><INIT seed="0,0,0,1,5,57" ten="250,250,250,250" oya="0" hai0="38,115,4,81,7,20,45,35,69,74,75,113,77" hai1="46,109,96,101,5,111,21,110,135,128,48,108,18" hai2="118,63,19,37,131,102,88,33,50,79,56,130,29" hai3="99,47,66,61,36,91,67,52,95,132,54,64,3"/><T2/><D74/><U22/><E5/><V70/><F37/><W127/><G3/><T78/><D78/><U42/><E135/><V134/><F79/><W85/><G132/><T28/><D20/><U27/><N who="1" m="28160" /><DORA hai="86" /><U94/><REACH who="1" step="1"/><E22/><REACH who="1" ten="250,240,250,250" step="2"/><V76/><F134/><W24/><G127/><T98/><D7/><U107/><E107/><V51/><F70/><W106/><G106/><T89/><D69/><U1/><E1/><V17/><F76/><W83/><G36/><T90/><D4/><U62/><E62/><V97/><F102/><W112/><G112/><T121/><D2/><U44/><E44/><V0/><F0/><W80/><G47/><T31/><D121/><U58/><E58/><V10/><F33/><W43/><G61/><T82/><D35/><U120/><E120/><V39/><F29/><W125/><G125/><T72/><D31/><U25/><E25/><V15/><F39/><W104/><G24/><T65/><D28/><U23/><E23/><V93/><F19/><W123/><G104/><T103/><D45/><U117/><E117/><V68/><F68/><W11/><G123/><T6/><D6/><U71/><E71/><V14/><F14/><W105/><G105/><N who="0" m="63735" /><D38/><U73/><E73/><V60/><F118/><W55/><G83/><T124/><D124/><U16/><E16/><V49/><REACH who="2" step="1"/><F56/><REACH who="2" ten="250,240,240,250" step="2"/><W26/><G26/><T9/><D113/><U12/><E12/><V53/><F53/><W84/><G54/><T59/><D115/><U122/><E122/><V92/><F92/><W129/><G55/><T13/><D13/><U87/><E87/><RYUUKYOKU ba="0,2" sc="250,-15,240,15,240,15,250,-15" hai1="18,21,27,42,46,48,94,96,101,128" hai2="10,15,17,49,50,51,60,63,88,93,97,130,131" /><INIT seed="1,1,2,4,0,135" ten="235,255,255,235" oya="1" hai0="36,42,80,103,78,68,24,0,89,26,19,98,72" hai1="85,25,114,88,87,62,73,2,5,107,61,30,77" hai2="92,17,112,81,57,118,131,28,52,16,15,104,126" hai3="86,32,102,119,125,20,46,130,117,40,64,14,51"/><U44/><E114/><V59/><F104/><W65/><G102/><T34/><D68/><U6/><E107/><V54/><F118/><N who="3" m="45067" /><G32/><T37/><D0/><U101/><E101/><V8/><F131/><W113/><G130/><T122/><D122/><U27/><E2/><V67/><F126/><W93/><G125/><T60/><D89/><U21/><E27/><V18/><F112/><W99/><G86/><T38/><D60/><N who="1" m="23147" /><E73/><V7/><F67/><W71/><G71/><T47/><D26/><U91/><E77/><V63/><F28/><W31/><G113/><T115/><D115/><U23/><E23/><V83/><F92/><W12/><G93/><T110/><D110/><U120/><E44/><V10/><F10/><W105/><G99/><T79/><D79/><U108/><E108/><V55/><F63/><W43/><G105/><N who="0" m="63735" /><D19/><U48/><E48/><V124/><REACH who="2" step="1"/><F124/><REACH who="2" ten="235,255,245,235" step="2"/><W45/><G31/><AGARI ba="1,3" hai="24,31,34,36,37,38,42,47,72,78,80" m="63735" machi="31" ten="30,2000,0" yaku="33,2" doraHai="135" who="0" fromWho="3" sc="235,53,255,0,245,0,235,-23" /><INIT seed="2,0,0,2,5,126" ten="288,255,245,212" oya="2" hai0="46,13,71,20,40,120,90,8,37,102,24,32,60" hai1="36,118,122,45,103,25,55,127,53,21,56,11,42" hai2="34,31,2,116,83,101,3,77,73,85,33,135,48" hai3="12,23,68,108,78,52,105,22,10,125,59,66,94"/><V64/><F116/><W50/><G105/><T69/><D120/><U107/><E127/><V131/><F135/><W76/><G125/><T70/><D32/><U117/><E122/><V9/><F101/><W100/><G108/><T128/><D128/><U19/><E11/><V123/><F123/><W49/><G68/><T84/><D102/><U47/><E47/><V98/><F64/><W39/><G66/><T16/><D60/><U7/><E7/><V5/><F98/><N who="3" m="59479" /><G49/><T57/><D57/><U133/><E133/><V1/><F131/><W113/><G39/><T17/><REACH who="0" step="1"/><D71/><REACH who="0" ten="278,255,245,212" step="2"/><U92/><E56/><V4/><F4/><N who="3" m="3143" /><G113/><T130/><D130/><U119/><E107/><V67/><F67/><W43/><G43/><T80/><AGARI ba="0,1" hai="8,13,16,17,20,24,37,40,46,69,70,80,84,90" machi="80" ten="20,5200,0" yaku="1,1,0,1,7,1,54,1,53,0" doraHai="126" doraHaiUra="35" who="0" fromWho="0" sc="278,62,255,-13,245,-26,212,-13" /><INIT seed="3,0,0,3,3,15" ten="340,242,219,199" oya="3" hai0="85,113,112,65,19,119,59,61,77,132,124,29,89" hai1="117,13,90,55,101,120,45,115,122,133,131,28,92" hai2="129,123,98,6,18,23,33,73,46,80,16,58,67" hai3="125,9,107,22,96,51,37,2,83,93,75,88,17"/><W49/><G37/><T48/><D119/><U81/><E115/><N who="0" m="44105" /><D132/><U95/><E133/><V104/><F33/><W25/><G125/><T26/><D124/><U108/><E108/><V50/><F6/><W1/><G107/><T66/><D77/><U68/><E68/><V94/><F104/><W8/><G8/><T78/><D78/><U100/><E28/><V11/><F73/><W31/><G75/><T134/><D134/><U102/><E13/><N who="2" m="7231" /><F129/><W3/><G83/><N who="0" m="49343" /><D19/><U116/><E55/><V27/><F80/><W63/><G63/><T21/><D48/><U99/><E131/><V110/><F110/><W44/><G44/><T56/><D66/><U74/><E81/><V38/><F38/><W54/><REACH who="3" step="1"/><G54/><REACH who="3" ten="340,242,219,189" step="2"/><T36/><D36/><U127/><E127/><V4/><F123/><N who="1" m="47145" /><E117/><V64/><F58/><AGARI ba="0,1" hai="21,26,29,56,58,59,61,65" m="49343,44105" machi="58" ten="30,1000,0" yaku="11,1" doraHai="15" who="0" fromWho="2" sc="340,20,242,0,219,-10,189,0" owari="360,46.0,242,4.0,209,-19.0,189,-31.0" /></mjloggm>