<mjloggm ver="2.3"><GO type="41" lobby="0"/><UN n0="%E3%82%A2%E3%83%83%E3%82%AB%E3%83%AA%E3%83%BC%E3%82%BD" n1="%E5%B0%B1%E6%B4%BB%E7%94%9F%40%E5%B7%9D%E6%9D%91%E8%BB%8D%E5%9B%A3" n2="%76%61%6E%69%6C%6C%65" n3="%6B%65%6E%6F%6B%75" dan="13,15,13,13" rate="1829.62,2018.24,1889.37,1885.12" sx="M,M,M,M"/><TAIKYOKU oya="0"/><INIT seed="0,0,0,3,3,87" ten="250,250,250,250" oya="0" hai0="100,28,129,2,117,111,58,108,75,109,113,135,124" hai1="65,4,52,17,93,34,63,82,84,55,0,70,12" hai2="79,83,94,25,112,37,96,104,88,120,74,38,85" hai3="106,68,40,11,78,27,49,60,48,76,23,15,9"/><T80/><D117/><U107/><E34/><V119/><F119/><W57/><G106/><T103/><D113/><U92/><E107/><V116/><F116/><W133/><G68/><T62/><D129/><U56/><E4/><V126/><F120/><W6/><G9/><T24/><D124/><U102/><E0/><V50/><F112/><W123/><G133/><T64/><D135/><U8/><E102/><N who="2" m="62535" /><F126/><W90/><G40/><T32/><D2/><U30/><E30/><V13/><F25/><W39/><G39/><T99/><D99/><U101/><E101/><V122/><F122/><W18/><G90/><T132/><D132/><U131/><E131/><V69/><F69/><W21/><G21/><T3/><D3/><U118/><E118/><V66/><F66/><N who="3" m="39183" /><G123/><T43/><D43/><U26/><E26/><V14/><F50/><AGARI ba="0,0" hai="6,11,15,18,23,27,48,49,50,76,78" m="39183" machi="50" ten="30,1000,0" yaku="8,1" doraHai="87" who="3" fromWho="2" sc="250,0,250,0,250,-10,250,10" /><INIT seed="1,0,0,2,2,65" ten="250,250,240,260" oya="1" hai0="15,35,44,39,19,47,0,23,88,53,135,70,98" hai1="11,113,72,25,78,132,42,75,55,51,89,123,14" hai2="37,124,12,41,83,17,85,110,126,7,20,107,43" hai3="13,91,52,54,48,31,40,111,57,94,80,122,46"/><U97/><E123/><V5/><F107/><W119/><G111/><T58/><D135/><U100/><E132/><V1/><F110/><W29/><G122/><T28/><D0/><U114/><E42/><N who="2" m="15883" /><F37/><W81/><G119/><T26/><D70/><U130/><E130/><V16/><F1/><W116/><G116/><T10/><D39/><U68/><E68/><V66/><F66/><W18/><G54/><T56/><D56/><U4/><E89/><N who="2" m="51391" /><F124/><W49/><G31/><T2/><D2/><U60/><E60/><V36/><F36/><W117/><G29/><T71/><D71/><U82/><E72/><V24/><F126/><W69/><G69/><T32/><D32/><U27/><E113/><V59/><F59/><W61/><G49/><T63/><D35/><U128/><E128/><V99/><F99/><W108/><G108/><T3/><D3/><U134/><E134/><V74/><F74/><W95/><G117/><T86/><REACH who="0" step="1"/><D98/><REACH who="0" ten="240,250,240,260" step="2"/><U120/><E114/><V92/><F92/><AGARI ba="0,1" hai="10,15,19,23,26,28,44,47,53,58,63,86,88,92" machi="92" ten="30,8000,1" yaku="1,1,2,1,7,1,8,1,54,1,53,0" doraHai="65" doraHaiUra="30" who="0" fromWho="2" sc="240,90,250,0,240,-80,260,0" /><INIT seed="2,0,0,5,0,12" ten="330,250,160,260" oya="2" hai0="123,135,100,7,43,52,77,18,93,23,70,78,60" hai1="36,88,117,61,74,94,125,47,68,99,115,118,96" hai2="116,126,16,42,19,4,40,56,92,8,79,81,37" hai3="122,97,59,62,111,75,44,109,72,132,102,53,30"/><V5/><F116/><W83/><G122/><T127/><D123/><U101/><E74/><V9/><F37/><W105/><G132/><T27/><D135/><U71/><E115/><V130/><F130/><W49/><G30/><T114/><D114/><U124/><E36/><V113/><F113/><W29/><G29/><T48/><D127/><N who="1" m="48715" /><E47/><V55/><F126/><W90/><G90/><T0/><D0/><U17/><E17/><N who="2" m="6731" /><F92/><W86/><G86/><T45/><D7/><N who="2" m="2634" /><F81/><W91/><G91/><T129/><D129/><U80/><E80/><V131/><F79/><W128/><G83/><T33/><D33/><U32/><E32/><V1/><F1/><W95/><G128/><T10/><D10/><N who="2" m="4202" /><F131/><W89/><G105/><T38/><D78/><U24/><E24/><V107/><F107/><W25/><G102/><T64/><D77/><U21/><E21/><V134/><F134/><W58/><G75/><T104/><D104/><N who="1" m="63527" /><E71/><V84/><F84/><W22/><G72/><T28/><D93/><U69/><E69/><V103/><F103/><W85/><G85/><T11/><D100/><U6/><E6/><V57/><F55/><W34/><G58/><AGARI ba="0,0" hai="40,42,56,57,58" m="4202,2634,6731" machi="58" ten="30,18000,2" yaku="28,2,8,1,52,3,54,1" doraHai="12" who="2" fromWho="3" sc="330,0,250,0,160,180,260,-180" /><INIT seed="2,1,0,2,1,58" ten="330,250,340,80" oya="2" hai0="95,129,1,76,87,90,127,31,24,61,25,35,114" hai1="62,111,135,19,85,30,117,37,42,10,116,47,88" hai2="43,72,79,134,9,70,77,63,14,46,112,113,22" hai3="132,78,86,101,39,44,57,94,120,65,7,52,17"/><V2/><F134/><W100/><G132/><T49/><D114/><U50/><E135/><V82/><F79/><W106/><G106/><T108/><D127/><U68/><E111/><V74/><F74/><W26/><G39/><T118/><D118/><U128/><E30/><V105/><F22/><N who="3" m="13647" /><G7/><T60/><D129/><U122/><E128/><V18/><F105/><W119/><G119/><T40/><D108/><U53/><E122/><V54/><F2/><W55/><G120/><T131/><D131/><U126/><E126/><V107/><F107/><W96/><G100/><T11/><D76/><U124/><E124/><V71/><F71/><W69/><G69/><T6/><D24/><U23/><E10/><V130/><F130/><W98/><G98/><T27/><REACH who="0" step="1"/><D25/><REACH who="0" ten="320,250,340,80" step="2"/><U45/><E117/><V41/><F113/><W109/><G109/><T64/><D64/><U115/><E116/><V110/><F112/><W93/><G78/><T123/><D123/><U102/><E115/><V89/><F110/><W8/><G8/><T104/><D104/><U73/><E73/><V125/><F125/><W133/><G133/><T121/><D121/><U33/><E33/><V59/><F70/><W38/><G65/><T3/><D3/><U36/><E102/><V99/><F46/><AGARI ba="1,1" hai="1,6,11,27,31,35,40,46,49,60,61,87,90,95" machi="46" ten="40,5200,0" yaku="1,1,52,2,53,0" doraHai="58" doraHaiUra="16" who="0" fromWho="2" sc="320,65,250,0,340,-55,80,0" /><INIT seed="3,0,0,3,0,114" ten="385,250,285,80" oya="3" hai0="3,11,77,50,58,10,60,40,97,0,28,63,41" hai1="100,73,57,42,83,64,14,7,21,26,75,131,72" hai2="24,84,33,128,133,80,103,6,47,117,94,116,76" hai3="110,108,55,107,66,30,132,102,45,39,87,86,101"/><W118/><G66/><T71/><D71/><U96/><E131/><V16/><F33/><W36/><G30/><T67/><D28/><U105/><E42/><V89/><F6/><W70/><G70/><T109/><D109/><N who="3" m="42089" /><G132/><T61/><D77/><U2/><E2/><V82/><F47/><W74/><G74/><T104/><D104/><U78/><E14/><V68/><F68/><W59/><G45/><T85/><D85/><N who="3" m="32265" /><G118/><N who="2" m="45673" /><F16/><W119/><G119/><T95/><D67/><U13/><E13/><V38/><F24/><W92/><G107/><T69/><D69/><U12/><E12/><V37/><F37/><N who="3" m="14411" /><G92/><T53/><D3/><U126/><E7/><V29/><F38/><W113/><G113/><T91/><D0/><U123/><E123/><V121/><F29/><W49/><AGARI ba="0,0" hai="49,55,59,101,102" m="14411,32265,42089" machi="49" ten="40,3900,0" yaku="14,1,10,1" doraHai="114" who="3" fromWho="3" sc="385,-13,250,-13,285,-13,80,39" /><INIT seed="3,1,0,5,4,59" ten="372,237,272,119" oya="3" hai0="38,50,53,33,58,124,71,14,80,84,60,127,8" hai1="102,47,61,88,0,129,36,109,117,130,86,96,78" hai2="3,77,5,27,106,26,90,29,133,64,57,48,121" hai3="112,43,104,35,118,62,65,73,126,9,56,40,114"/><W19/><G118/><T122/><D33/><U69/><E0/><V34/><F121/><W110/><G104/><T105/><D122/><U70/><E117/><V83/><F106/><W111/><G73/><T30/><D105/><U119/><E119/><V32/><F90/><W134/><G35/><T42/><D30/><U75/><E109/><N who="3" m="41482" /><G134/><T107/><D107/><N who="1" m="63943" /><E78/><V76/><F133/><W55/><G126/><T6/><D71/><U44/><E75/><V37/><F37/><W131/><G131/><N who="1" m="50186" /><E36/><V72/><F76/><W81/><G81/><T20/><D20/><U101/><E101/><V52/><F64/><W123/><G123/><T91/><D38/><U54/><E70/><V100/><F100/><W95/><G95/><T39/><D39/><U103/><E103/><V82/><F82/><W21/><G9/><T135/><D135/><U132/><E132/><V128/><F128/><W4/><G4/><T18/><D6/><U49/><E69/><V67/><F5/><W15/><G65/><T17/><D17/><U24/><E24/><V98/><F3/><W85/><G85/><T68/><D68/><U115/><E115/><AGARI ba="1,0" hai="15,19,21,40,43,55,56,62,112,114,115" m="41482" machi="115" ten="30,5800,0" yaku="14,1,10,1,52,1" doraHai="59" who="3" fromWho="1" sc="372,0,237,-61,272,0,119,61" /><INIT seed="3,2,0,1,0,101" ten="372,176,272,180" oya="3" hai0="74,85,14,16,135,27,59,133,3,99,36,84,88" hai1="47,42,56,87,123,73,63,7,15,119,86,82,50" hai2="12,126,19,71,13,17,39,35,23,80,102,113,125" hai3="103,108,18,95,68,118,106,40,30,122,55,129,60"/><W72/><G118/><T69/><D36/><U111/><E119/><V120/><F71/><W6/><G122/><T32/><D3/><U90/><E123/><V110/><F39/><W132/><G72/><T61/><D69/><U105/><E111/><V58/><F102/><W46/><G6/><T65/><D74/><U67/><E73/><V81/><F58/><W25/><G108/><T45/><D45/><U66/><E105/><V54/><F54/><W127/><G18/><T124/><D124/><N who="2" m="47722" /><F35/><N who="3" m="20943" /><G127/><T93/><D27/><U78/><E67/><V41/><F120/><W114/><G55/><T20/><REACH who="0" step="1"/><D32/><REACH who="0" ten="362,176,272,180" step="2"/><U21/><E87/><AGARI ba="2,1" hai="14,16,20,59,61,65,84,85,87,88,93,99,133,135" machi="87" ten="40,8000,1" yaku="1,1,2,1,54,2,53,0" doraHai="101" doraHaiUra="70" who="0" fromWho="1" sc="362,96,176,-86,272,0,180,0" /><INIT seed="4,0,0,5,2,125" ten="458,90,272,180" oya="0" hai0="26,52,134,82,29,7,109,51,57,32,17,106,71" hai1="56,74,95,120,69,36,22,20,64,25,73,61,80" hai2="96,119,100,10,68,76,83,117,67,85,44,90,94" hai3="110,101,48,84,70,18,27,40,105,99,41,21,77"/><T122/><D122/><U62/><E120/><V72/><F10/><W79/><G110/><T55/><D109/><U75/><E36/><V6/><F6/><W102/><G70/><T49/><D134/><U4/><E4/><V16/><F44/><N who="3" m="25607" /><G105/><T13/><D71/><U65/><E95/><V34/><F34/><W30/><G41/><T45/><D106/><U112/><E112/><V113/><F113/><W66/><G99/><T1/><D1/><U108/><E108/><V54/><F67/><W53/><G66/><T23/><D7/><U12/><E12/><V88/><F68/><W92/><G30/><T24/><D82/><U63/><E63/><V98/><F54/><W97/><G53/><T14/><AGARI ba="0,0" hai="13,14,17,23,24,26,29,32,45,49,51,52,55,57" machi="14" ten="30,3000,0" yaku="0,1,54,1" doraHai="125" who="0" fromWho="0" sc="458,30,90,-10,272,-10,180,-10" /><INIT seed="4,1,0,1,0,6" ten="488,80,262,170" oya="0" hai0="45,37,106,17,39,40,66,119,69,91,109,111,62" hai1="135,35,52,34,121,123,33,58,118,32,8,115,9" hai2="86,82,51,101,4,27,75,84,13,47,21,95,133" hai3="30,23,44,116,93,124,102,12,46,104,10,11,107"/><T103/><D119/><U26/><N who="1" m="8704" /><DORA hai="90" /><U132/><E118/><V100/><F75/><W120/><G124/><T59/><D17/><U42/><E42/><V114/><F114/><W110/><G110/><N who="0" m="41995" /><D106/><U131/><E26/><V74/><F74/><W88/><G116/><T92/><D103/><U96/><E96/><N who="2" m="59423" /><F101/><W125/><G125/><T112/><D112/><U22/><E22/><V79/><F133/><N who="1" m="51273" /><E131/><V28/><F4/><W60/><G104/><T80/><D80/><U85/><E85/><N who="2" m="48351" /><F13/><W14/><G102/><T20/><D20/><U89/><E89/><V129/><F129/><W48/><G107/><T50/><D69/><U81/><E81/><V18/><F28/><W105/><G105/><T5/><D5/><U64/><E64/><V134/><F134/><W128/><G128/><T126/><D126/><U19/><E19/><V98/><F98/><AGARI ba="1,0" hai="37,39,40,45,50,59,62,66,91,92,98" m="41995" machi="98" ten="30,2900,0" yaku="10,1,52,1" doraHai="6,90" who="0" fromWho="2" sc="488,32,80,0,262,-32,170,0" /><INIT seed="4,2,0,1,1,3" ten="520,80,230,170" oya="0" hai0="1,73,19,103,84,105,95,98,97,60,32,82,108" hai1="115,23,119,129,114,89,51,76,123,106,57,7,4" hai2="131,39,29,125,35,134,25,85,14,70,61,58,122" hai3="36,20,107,77,63,8,113,120,102,9,2,81,49"/><T34/><D108/><U33/><E33/><V69/><F39/><W48/><G36/><T31/><D1/><U18/><E106/><V56/><F56/><W80/><G113/><N who="1" m="43018" /><E119/><V37/><F37/><W44/><G102/><T12/><D31/><U93/><E123/><V52/><F122/><W124/><G107/><T99/><D99/><N who="1" m="57775" /><E129/><V13/><F125/><W79/><G124/><T43/><D43/><U11/><E11/><V100/><F134/><W135/><G135/><T128/><D128/><U15/><E76/><V27/><F131/><W30/><G120/><T83/><D60/><U16/><E18/><V71/><F25/><W5/><G63/><T68/><D68/><U92/><E92/><V0/><F0/><W6/><G2/><T110/><D110/><U59/><E59/><V10/><F100/><W117/><G117/><T17/><D73/><U21/><E21/><V96/><F96/><W26/><G20/><T22/><D83/><U94/><E94/><V55/><F85/><W74/><G44/><T127/><D127/><U24/><E24/><V42/><F42/><W67/><G74/><T50/><D50/><U62/><E51/><V87/><F87/><W101/><G26/><T64/><D64/><AGARI ba="2,0" hai="4,7,15,16,23,57,62,64" m="57775,43018" machi="64" ten="30,8000,1" yaku="15,1,11,1,52,2,54,1" doraHai="3" who="1" fromWho="0" sc="520,-86,80,86,230,0,170,0" /><INIT seed="5,0,0,5,4,67" ten="434,166,230,170" oya="1" hai0="32,109,2,69,51,64,123,117,126,31,59,128,93" hai1="26,102,133,23,47,49,72,22,9,82,65,53,107" hai2="52,46,97,95,100,81,92,131,101,125,94,119,58" hai3="54,71,33,75,110,68,99,66,0,6,122,108,30"/><U84/><E133/><V83/><F119/><W74/><G122/><T120/><D117/><U103/><E72/><N who="3" m="27690" /><G99/><T20/><D126/><U37/><E37/><V55/><F125/><W4/><G54/><T85/><D128/><U10/><E65/><V40/><F131/><W36/><G6/><T17/><D109/><N who="3" m="42089" /><G66/><T8/><D69/><N who="3" m="26697" /><G36/><T116/><D116/><U12/><E107/><V129/><F129/><W113/><G113/><T80/><D120/><U70/><E70/><V77/><F55/><W124/><G124/><T112/><D123/><U115/><E115/><V41/><F97/><W43/><G43/><N who="2" m="16457" /><F46/><W14/><G14/><T15/><D15/><U118/><E118/><V48/><F77/><W45/><G45/><T57/><D64/><U56/><E56/><V38/><F38/><W104/><G104/><T89/><D57/><U28/><E23/><V79/><F79/><W27/><G4/><T98/><D98/><U106/><E106/><V11/><F11/><N who="1" m="4105" /><E12/><V96/><F96/><W13/><G13/><T44/><D8/><U35/><E35/><V19/><F19/><W111/><N who="3" m="42097" /><W5/><DORA hai="21" /><G5/><T61/><D17/><U18/><E18/><V7/><F7/><W60/><G60/><T105/><D32/><U39/><E39/><V50/><F50/><W114/><G114/><T134/><D51/><U34/><E34/><V42/><F42/><W16/><G16/><T29/><D61/><U135/><E135/><V132/><F132/><W73/><N who="3" m="27698" /><W127/><DORA hai="121" /><G127/><T63/><D134/><U90/><AGARI ba="0,0" hai="22,26,28,47,49,53,82,84,90,102,103" m="4105" machi="90" ten="30,3000,0" yaku="8,1,52,1" doraHai="67,21,121" who="1" fromWho="1" sc="434,-10,166,30,230,-10,170,-10" /><INIT seed="5,1,0,4,0,60" ten="424,196,220,160" oya="1" hai0="38,12,62,132,27,96,121,76,20,66,92,79,106" hai1="5,114,84,18,88,101,57,0,46,99,83,40,22" hai2="56,24,33,77,61,13,103,11,51,7,10,105,67" hai3="74,64,4,58,21,29,44,73,31,48,91,45,59"/><U28/><E114/><V17/><F77/><W98/><G4/><T94/><D121/><U37/><E28/><N who="3" m="10826" /><G74/><T49/><D132/><U55/><E5/><V118/><F118/><W81/><G73/><T85/><D38/><U116/><E0/><V124/><F33/><W16/><G45/><T47/><D106/><U2/><E2/><V14/><F24/><N who="3" m="14375" /><G64/><T108/><D108/><U128/><E128/><V134/><F134/><W3/><G3/><T69/><D12/><U43/><E116/><V89/><F124/><W102/><G102/><T119/><D119/><U123/><E123/><V54/><F103/><W36/><G36/><T78/><D85/><U39/><E39/><V90/><REACH who="2" step="1"/><F105/><REACH who="2" ten="424,196,210,160" step="2"/><W95/><G81/><T1/><D78/><U52/><E40/><AGARI ba="1,1" hai="40,44,48,58,59,91,95,98" m="14375,10826" machi="40" ten="30,2000,0" yaku="8,1,54,1" doraHai="60" who="3" fromWho="1" sc="424,0,196,-23,210,0,160,33" /><INIT seed="6,0,0,2,2,69" ten="424,173,210,193" oya="2" hai0="129,3,89,90,124,109,81,54,83,39,24,46,125" hai1="110,2,56,9,71,70,11,74,33,86,59,13,51" hai2="16,45,43,19,127,12,135,111,130,123,91,64,40" hai3="66,79,23,104,105,88,68,113,108,75,121,117,26"/><V37/><F123/><W63/><G108/><T6/><D109/><U65/><E74/><V119/><F119/><W132/><G117/><T57/><D129/><U126/><E110/><V30/><F111/><W61/><G121/><T53/><D3/><U77/><E33/><V17/><F127/><N who="0" m="48714" /><D6/><U107/><E126/><V115/><F130/><W35/><G132/><T92/><D24/><U99/><E2/><V18/><F135/><W47/><G63/><T120/><D120/><U87/><E77/><V134/><F134/><W112/><G88/><N who="0" m="33899" /><D92/><U78/><E78/><V102/><F102/><W101/><G47/><T128/><D128/><U133/><E133/><V25/><F115/><N who="3" m="44107" /><G35/><T97/><D97/><U84/><E99/><V34/><F64/><W29/><G101/><T82/><D57/><U20/><E107/><V22/><F43/><AGARI ba="0,0" hai="39,43,46,53,54,81,82,83" m="33899,48714" machi="43" ten="40,5200,0" yaku="18,1,52,1,54,1" doraHai="69" who="0" fromWho="2" sc="424,52,173,0,210,-52,193,0" /><INIT seed="7,0,0,3,5,130" ten="476,173,158,193" oya="3" hai0="18,4,96,81,122,72,74,50,24,26,44,108,105" hai1="66,134,22,29,25,92,115,77,2,98,113,46,89" hai2="97,94,71,79,23,131,14,129,51,57,85,109,20" hai3="35,103,83,5,56,111,58,7,128,107,45,11,64"/><W62/><G128/><T28/><D108/><U10/><E134/><V52/><F71/><W95/><G35/><T101/><D122/><U15/><E2/><V123/><F109/><W78/><G107/><T54/><D4/><U127/><E127/><V125/><F125/><W43/><G58/><T80/><D18/><U93/><E77/><V39/><F39/><W90/><G103/><T6/><D6/><U68/><E46/><V119/><F119/><W0/><G7/><T82/><D26/><U61/><REACH who="1" step="1"/><E92/><REACH who="1" ten="476,163,158,193" step="2"/><V69/><F123/><W65/><G95/><T41/><D74/><U70/><E70/><V110/><F69/><W88/><G78/><T17/><D72/><U19/><AGARI ba="0,1" hai="10,15,19,22,25,29,61,66,68,89,93,98,113,115" machi="19" ten="30,2000,0" yaku="1,1,0,1,53,0" doraHai="130" doraHaiUra="37" who="1" fromWho="1" sc="476,-5,163,30,158,-5,193,-10" owari="471,58.0,193,-1.0,153,-35.0,183,-22.0" /></mjloggm>