<mjloggm ver="2.3"><GO type="97" lobby="0"/><UN n0="%E5%B0%B1%E6%B4%BB%E7%94%9F%40%E5%B7%9D%E6%9D%91%E8%BB%8D%E5%9B%A3" n1="%E7%B4%94%E3%83%81%E3%83%A3%E3%83%B3%E5%B0%8F%E5%83%A7" n2="%E3%83%88%E3%83%8B%E3%83%BC%E2%98%86%E5%BD%A1" n3="%E7%89%B9%E3%81%AB%E3%81%AA%E3%81%97" dan="14,15,14,13" rate="1925.19,2030.83,1965.15,1823.02" sx="M,M,M,M"/><TAIKYOKU oya="0"/><INIT seed="0,0,0,4,0,129" ten="250,250,250,250" oya="0" hai0="78,69,86,6,85,83,134,49,73,112,12,79,115" hai1="37,15,93,95,88,50,119,77,76,104,131,80,125" hai2="124,22,38,92,48,72,60,42,64,1,82,123,114" hai3="113,13,40,110,133,44,84,0,99,51,32,66,5"/><T100/><D69/><U109/><E119/><V8/><F123/><W34/><G51/><T101/><D49/><U118/><E118/><V16/><F114/><N who="0" m="43562" /><D6/><U11/><E37/><V67/><F124/><W43/><G84/><N who="0" m="32363" /><D12/><U26/><E109/><V61/><F92/><N who="1" m="35401" /><E104/><V135/><F48/><W7/><G13/><T121/><D121/><U107/><E107/><V122/><F122/><W39/><G43/><T9/><D9/><U116/><E116/><V4/><F61/><W106/><G7/><T3/><D3/><U56/><E88/><V19/><F60/><W94/><G94/><T75/><D134/><U21/><E125/><V31/><F135/><W28/><G113/><T132/><D132/><U41/><E131/><V102/><F102/><N who="0" m="39530" /><D83/><U105/><E80/><V65/><F31/><W20/><G66/><T91/><D91/><U68/><E68/><V96/><F22/><W89/><G133/><T2/><D2/><U108/><E105/><V81/><F81/><W120/><G120/><T33/><D33/><U47/><E56/><V14/><F1/><W127/><G127/><T35/><D35/><U30/><E108/><V59/><F59/><W27/><G110/><T62/><D62/><U128/><E128/><V103/><F38/><W45/><G0/><T71/><D71/><U10/><E10/><V130/><F130/><W58/><G5/><AGARI ba="0,0" hai="5,11,15,21,26,30,41,47,50,76,77" m="35401" machi="5" ten="30,1000,0" yaku="8,1" doraHai="129" who="1" fromWho="3" sc="250,0,250,10,250,0,250,-10" /><INIT seed="1,0,0,1,2,86" ten="250,260,250,240" oya="1" hai0="73,46,71,31,29,95,106,118,91,50,24,20,33" hai1="117,75,111,108,125,81,9,97,66,89,84,43,121" hai2="93,61,13,17,135,16,88,133,129,27,32,96,26" hai3="101,6,10,80,105,57,113,100,110,48,126,52,65"/><U5/><E121/><V69/><F129/><W70/><G113/><T23/><D118/><U112/><E117/><V62/><F32/><W103/><G105/><T98/><D71/><U127/><E112/><V63/><F69/><W4/><G70/><T51/><D73/><U19/><E66/><V109/><F17/><W25/><G126/><N who="1" m="48138" /><E43/><V99/><F99/><W134/><G134/><N who="2" m="51209" /><F109/><N who="1" m="42057" /><E97/><V8/><AGARI ba="0,0" hai="8,13,16,26,27,61,62,63,88,93,96" m="51209" machi="8" ten="30,7900,0" yaku="20,1,52,1,54,2" doraHai="86" who="2" fromWho="2" sc="250,-20,260,-39,250,79,240,-20" /><INIT seed="2,0,0,0,2,66" ten="230,221,329,220" oya="2" hai0="17,43,118,35,61,84,129,133,102,14,87,36,38" hai1="70,88,101,52,107,53,28,74,105,81,5,62,8" hai2="60,48,82,26,16,42,57,22,97,96,13,32,10" hai3="92,131,47,6,68,19,119,125,80,127,79,1,72"/><V59/><F32/><W89/><G68/><T27/><D118/><U56/><E28/><V11/><F11/><N who="3" m="2511" /><G131/><T63/><D129/><U104/><E101/><V65/><F82/><W128/><G128/><T94/><D133/><U130/><E130/><V86/><F86/><N who="3" m="52279" /><G47/><T85/><D43/><U40/><E40/><V46/><REACH who="2" step="1"/><F57/><REACH who="2" ten="230,221,319,220" step="2"/><W90/><G119/><T58/><D58/><U126/><E74/><V34/><F34/><W69/><G127/><T103/><D35/><U135/><E126/><V100/><F100/><W41/><G80/><T99/><D103/><U67/><E135/><V55/><F55/><W25/><G41/><T121/><D121/><U12/><E56/><V76/><F76/><W109/><G79/><T91/><D102/><U108/><REACH who="1" step="1"/><E108/><REACH who="1" ten="230,211,319,220" step="2"/><V50/><F50/><W0/><G109/><T44/><D44/><U4/><E4/><AGARI ba="0,2" hai="4,10,13,16,22,26,42,46,48,59,60,65,96,97" machi="4" ten="30,11600,0" yaku="1,1,7,1,8,1,54,1,53,0" doraHai="66" doraHaiUra="120" who="2" fromWho="1" sc="230,0,211,-116,319,136,220,0" /><INIT seed="2,1,0,5,3,98" ten="230,95,455,220" oya="2" hai0="27,126,91,67,95,66,92,77,87,44,80,94,76" hai1="111,121,5,69,106,110,31,2,133,62,24,78,4" hai2="1,6,89,118,72,120,32,17,88,25,41,50,84" hai3="127,51,68,114,8,75,129,101,134,83,108,130,15"/><V86/><F120/><W10/><G68/><T54/><D126/><U57/><E121/><V48/><F72/><W22/><G75/><T61/><D27/><U128/><E133/><V116/><F1/><W105/><G134/><T79/><D44/><U58/><E128/><V64/><F6/><W29/><G127/><T20/><D20/><U99/><E78/><V73/><F73/><W119/><G119/><T49/><D49/><U21/><E69/><V123/><F123/><W33/><G108/><T103/><D103/><U52/><E58/><AGARI ba="1,0" hai="54,58,61,66,67,76,77,79,80,87,91,92,94,95" machi="58" ten="40,1300,0" yaku="8,1" doraHai="98" who="0" fromWho="1" sc="230,16,95,-16,455,0,220,0" /><INIT seed="3,0,0,3,0,41" ten="246,79,455,220" oya="3" hai0="14,124,5,49,64,6,59,45,90,101,62,105,73" hai1="60,130,26,10,78,9,67,22,89,87,39,57,36" hai2="27,25,69,119,44,0,34,82,66,113,103,128,63" hai3="56,92,43,110,102,54,79,116,106,77,100,80,134"/><W95/><G43/><T108/><D73/><U11/><E36/><V12/><F119/><W99/><G56/><T46/><D108/><U127/><E127/><V23/><F0/><W51/><G54/><T104/><D104/><U4/><E39/><V115/><F103/><W58/><G58/><T83/><D124/><U31/><E130/><V13/><F128/><W86/><G51/><T81/><D105/><U97/><E78/><V53/><F53/><W40/><G40/><N who="0" m="24743" /><D101/><U123/><E123/><V37/><F63/><W33/><G33/><T61/><D61/><U75/><E75/><V29/><F66/><W121/><G116/><T98/><D46/><U42/><E42/><V35/><F35/><W15/><G15/><T93/><D14/><U125/><E125/><V52/><F13/><W47/><G47/><T117/><D117/><U133/><E133/><V7/><F44/><W18/><G18/><T65/><D65/><U2/><E2/><V24/><F12/><W135/><G102/><T21/><D21/><U109/><E109/><V55/><F23/><W129/><G129/><T71/><D71/><U68/><E68/><V30/><F69/><W114/><G110/><T8/><D8/><U28/><E4/><AGARI ba="0,0" hai="4,5,6,59,62,64,81,83,90,93,98" m="24743" machi="4" ten="30,2000,0" yaku="8,1,52,1" doraHai="41" who="0" fromWho="1" sc="246,20,79,-20,455,0,220,0" owari="266,7.0,59,-44.0,455,55.0,220,-18.0" /></mjloggm>