<mjloggm ver="2.3"><GO type="97" lobby="0"/><UN n0="%73%79%6F%75%6A%69%30%34" n1="%45%79%61%68" n2="%E5%B0%B1%E6%B4%BB%E7%94%9F%40%E5%B7%9D%E6%9D%91%E8%BB%8D%E5%9B%A3" n3="%E9%9B%80%E8%8D%98%E3%81%AE%E5%BC%A5%E4%B8%89" dan="13,13,14,13" rate="1845.43,2029.26,1956.02,1842.19" sx="M,F,M,M"/><TAIKYOKU oya="0"/><INIT seed="0,0,0,4,2,132" ten="250,250,250,250" oya="0" hai0="125,14,87,41,46,62,68,120,37,60,82,95,86" hai1="103,127,71,50,18,5,73,28,105,79,0,39,114" hai2="45,93,19,112,126,134,83,43,88,106,101,32,96" hai3="74,69,59,80,12,102,51,91,11,22,77,33,49"/><T129/><D129/><U107/><BYE who="0" /><E50/><V35/><F134/><W44/><G69/><T10/><D10/><U116/><E18/><V7/><F112/><W57/><G33/><T29/><D29/><U70/><E28/><V128/><F128/><W78/><G51/><T115/><D115/><U99/><E116/><V90/><F7/><W55/><G22/><UN n0="%73%79%6F%75%6A%69%30%34" /><T63/><D120/><U36/><E114/><V89/><F126/><W109/><G109/><T54/><D125/><U92/><E92/><V40/><F40/><W117/><G117/><T84/><D95/><U27/><E107/><V38/><F106/><W124/><G102/><T8/><D68/><N who="1" m="26155" /><E27/><V110/><F110/><W9/><G124/><T25/><D25/><U133/><E133/><V56/><F19/><W58/><G11/><T100/><D100/><U135/><E135/><V131/><F131/><W94/><G74/><T123/><D123/><U113/><E113/><V67/><REACH who="2" step="1"/><F83/><REACH who="2" ten="250,250,240,250" step="2"/><W97/><G80/><T121/><D121/><U3/><E127/><V20/><F20/><W47/><REACH who="3" step="1"/><G47/><REACH who="3" ten="250,250,240,240" step="2"/><T53/><REACH who="0" step="1"/><D82/><REACH who="0" ten="240,250,240,240" step="2"/><N who="1" m="45423" /><E5/><AGARI ba="0,3" hai="5,9,12,44,49,55,57,58,59,77,78,91,94,97" machi="5" ten="40,5200,0" yaku="1,1,8,1,53,1" doraHai="132" doraHaiUra="1" who="3" fromWho="1" sc="240,0,250,-52,240,0,240,82" /><AGARI ba="0,0" hai="5,8,14,37,41,46,53,54,60,62,63,84,86,87" machi="5" ten="40,3900,0" yaku="1,1,53,1" doraHai="132" doraHaiUra="1" who="0" fromWho="1" sc="240,39,198,-39,240,0,322,0" /><INIT seed="0,1,0,2,5,62" ten="279,159,240,322" oya="0" hai0="37,73,7,104,78,1,15,113,12,129,43,91,74" hai1="79,123,135,30,69,13,22,118,56,103,0,64,5" hai2="109,3,59,110,116,60,19,49,83,122,131,51,11" hai3="86,134,90,65,93,47,31,117,99,125,36,53,58"/><T67/><D113/><U54/><E118/><V107/><F122/><W44/><G36/><T105/><D129/><U100/><E123/><V57/><F107/><W8/><G117/><T71/><D91/><U35/><E135/><V41/><F131/><W87/><G134/><T20/><D20/><U112/><E79/><V2/><F116/><W40/><G125/><T46/><D74/><U38/><E38/><V119/><F119/><W133/><G133/><T25/><D25/><N who="1" m="18895" /><E69/><V24/><F83/><W88/><G31/><T45/><D45/><U70/><E70/><V76/><F76/><W130/><G40/><T9/><D105/><U26/><E26/><V23/><F59/><W124/><G124/><T39/><D39/><U4/><E4/><V52/><F11/><W132/><G132/><T81/><D104/><U121/><E54/><V61/><F61/><AGARI ba="1,0" hai="1,7,9,12,15,37,43,46,61,67,71,73,78,81" machi="61" ten="40,7700,0" yaku="25,2,52,1" doraHai="62" who="0" fromWho="2" sc="279,80,159,0,240,-80,322,0" /><INIT seed="0,2,0,1,5,91" ten="359,159,160,322" oya="0" hai0="85,45,123,117,97,21,33,34,104,49,31,8,80" hai1="76,4,116,2,14,93,56,100,70,83,103,82,54" hai2="32,111,134,73,75,62,11,127,23,124,27,19,107" hai3="65,36,135,57,122,58,7,51,18,128,26,129,20"/><T1/><D117/><U95/><E70/><V43/><F107/><W109/><G36/><T24/><D123/><U47/><E2/><V38/><F32/><W71/><G71/><T99/><D104/><U112/><E116/><V29/><F111/><W37/><G37/><T121/><D121/><U60/><E112/><V118/><F118/><W74/><G74/><T110/><D110/><U106/><E106/><V66/><F134/><W13/><G109/><T44/><D34/><U0/><E0/><V64/><F43/><W28/><G135/><T120/><D33/><U22/><E47/><V69/><F66/><W96/><G122/><T15/><D1/><U50/><E60/><V5/><F29/><W77/><G77/><N who="0" m="46223" /><D44/><U63/><E63/><V86/><F38/><W114/><G114/><T87/><D87/><N who="1" m="48583" /><E83/><V55/><F86/><W6/><G65/><T52/><D120/><U9/><E22/><V59/><F11/><W72/><G72/><T90/><D90/><U10/><E10/><V102/><F102/><AGARI ba="2,0" hai="4,9,14,50,54,56,93,95,100,102,103" m="48583" machi="102" ten="30,3900,0" yaku="8,1,52,2" doraHai="91" who="1" fromWho="2" sc="359,0,159,45,160,-45,322,0" /><INIT seed="1,0,0,4,4,17" ten="359,204,115,322" oya="1" hai0="97,85,109,30,4,112,95,87,91,66,72,124,126" hai1="86,88,32,33,22,24,67,43,99,5,114,119,49" hai2="98,116,123,111,78,47,61,132,83,25,56,62,21" hai3="75,55,54,103,14,8,89,11,71,57,15,63,104"/><U48/><E114/><V115/><F116/><W96/><G89/><T77/><D66/><U37/><E37/><V105/><F123/><W129/><G75/><T73/><D30/><U18/><E119/><V108/><F115/><W82/><G82/><N who="0" m="47311" /><D4/><U50/><E43/><V92/><F132/><W100/><G129/><T0/><D0/><U127/><E127/><N who="0" m="48681" /><D112/><U121/><E121/><V2/><F2/><W6/><G71/><T107/><D109/><U131/><E131/><V64/><F105/><W1/><G1/><T101/><AGARI ba="0,0" hai="72,73,87,91,95,97,101,107" m="48681,47311" machi="101" ten="30,4000,0" yaku="18,1,34,2" doraHai="17" who="0" fromWho="0" sc="359,40,204,-20,115,-10,322,-10" /><INIT seed="2,0,0,3,3,17" ten="399,184,105,312" oya="2" hai0="93,118,19,27,28,65,44,90,46,109,1,63,6" hai1="64,51,36,100,127,75,41,7,62,76,31,122,85" hai2="59,0,15,78,81,18,61,34,2,24,38,83,68" hai3="4,54,108,32,69,47,102,99,22,5,97,135,57"/><V48/><F38/><W132/><G69/><T25/><D118/><U106/><E127/><V91/><F68/><W14/><G32/><T12/><D109/><U73/><E122/><V124/><F124/><W101/><G108/><T26/><D28/><U52/><E7/><V13/><F48/><W56/><G47/><T21/><D6/><U35/><E41/><V128/><F128/><W86/><G86/><T114/><D1/><U117/><E36/><V3/><F91/><W116/><G116/><T104/><D104/><U129/><E129/><V84/><F81/><W112/><G112/><T39/><D39/><U95/><E76/><V49/><F49/><W70/><G70/><T96/><REACH who="0" step="1"/><D114/><REACH who="0" ten="389,184,105,312" step="2"/><U72/><E106/><V115/><F115/><W126/><G126/><T43/><D43/><U82/><E31/><V107/><F107/><W125/><G125/><T50/><D50/><U80/><E51/><V29/><REACH who="2" step="1"/><F18/><REACH who="2" ten="389,184,95,312" step="2"/><W74/><G5/><T8/><D8/><U120/><E82/><V121/><F121/><W11/><G4/><T58/><AGARI ba="0,2" hai="12,19,21,25,26,27,44,46,58,63,65,90,93,96" machi="58" ten="30,7900,0" yaku="1,1,0,1,8,1,52,1,53,0" doraHai="17" doraHaiUra="131" who="0" fromWho="0" sc="389,99,184,-20,95,-39,312,-20" /><INIT seed="3,0,0,3,3,36" ten="488,164,56,292" oya="3" hai0="31,17,91,120,122,126,113,45,87,112,28,19,7" hai1="106,24,78,66,50,34,48,103,58,44,32,39,42" hai2="18,64,16,81,132,3,88,115,68,74,59,12,60" hai3="47,108,124,0,35,51,111,61,83,101,128,27,104"/><W134/><G0/><T46/><D7/><U69/><E78/><V11/><F115/><N who="0" m="44106" /><D126/><U109/><E32/><V1/><F132/><W63/><G124/><T84/><D91/><U95/><E95/><V9/><F68/><W6/><G134/><T77/><D77/><U75/><E75/><V15/><REACH who="2" step="1"/><F74/><REACH who="2" ten="488,164,46,292" step="2"/><W52/><G128/><T20/><D122/><U57/><E69/><V4/><F4/><W116/><G116/><T30/><D120/><U99/><E109/><N who="3" m="42058" /><G6/><T130/><D130/><U114/><E114/><V10/><F10/><W71/><G71/><T127/><D127/><U21/><E106/><V96/><F96/><N who="3" m="61479" /><G83/><T29/><N who="0" m="7680" /><DORA hai="105" /><T14/><D19/><U62/><E99/><V129/><F129/><W67/><G35/><T26/><D26/><U80/><E24/><V70/><F70/><N who="3" m="42351" /><G27/><T56/><D56/><U54/><E57/><V5/><F5/><W119/><G119/><T85/><AGARI ba="0,1" hai="14,17,20,45,46,84,85,87" m="7680,44106" machi="85" ten="50,1600,0" yaku="11,1" doraHai="36,105" who="0" fromWho="0" sc="488,26,164,-4,46,-4,292,-8" owari="514,62.0,160,-24.0,42,-46.0,284,8.0" /></mjloggm>