<mjloggm ver="2.3"><GO type="97" lobby="0"/><UN n0="%E5%B0%B1%E6%B4%BB%E7%94%9F%40%E5%B7%9D%E6%9D%91%E8%BB%8D%E5%9B%A3" n1="%74%61%65%72%75" n2="%E3%82%B2%E3%83%B3%E3%82%B4%E3%83%AD" n3="%E5%AE%9F%E5%A6%B9" dan="15,15,13,15" rate="1953.83,2041.82,1881.92,2062.60" sx="M,M,M,F"/><TAIKYOKU oya="0"/><INIT seed="0,0,0,3,3,79" ten="250,250,250,250" oya="0" hai0="122,51,36,19,30,57,49,13,114,119,135,22,78" hai1="62,46,74,50,71,92,53,134,61,67,104,48,118" hai2="60,117,103,44,99,25,111,131,81,106,109,93,3" hai3="5,1,26,110,90,121,125,65,83,120,10,29,28"/><T34/><D122/><N who="3" m="47209" /><G65/><T128/><D119/><U82/><E104/><V123/><F3/><W47/><G47/><T31/><D114/><U33/><E33/><V42/><F117/><W38/><G38/><T101/><D36/><U66/><E92/><V95/><F123/><W98/><G98/><T14/><D128/><U130/><E118/><V72/><F131/><W63/><G63/><T96/><D135/><U18/><E130/><V84/><F60/><W52/><G110/><N who="2" m="41993" /><F25/><W58/><G125/><T133/><D133/><U15/><E134/><V12/><F12/><W37/><G37/><T70/><D70/><U11/><E50/><N who="2" m="26903" /><F72/><W21/><G29/><T45/><D34/><U87/><E74/><V91/><AGARI ba="0,0" hai="81,84,91,93,95,99,103,106" m="26903,41993" machi="91" ten="30,2000,0" yaku="14,1,52,1" doraHai="79" who="2" fromWho="2" sc="250,-10,250,-5,250,20,250,-5" /><INIT seed="1,0,0,0,4,97" ten="240,245,270,245" oya="1" hai0="12,47,42,27,130,21,46,126,114,100,120,81,112" hai1="109,17,66,122,37,117,53,76,3,48,105,34,135" hai2="65,52,70,40,29,78,18,43,61,99,64,132,6" hai3="84,35,60,104,93,7,9,11,63,0,20,41,32"/><U108/><E37/><V110/><F132/><W73/><G73/><T83/><D126/><U10/><E122/><V28/><F110/><N who="1" m="42601" /><E117/><V22/><F78/><W95/><G104/><T77/><D130/><U33/><E76/><V51/><F6/><W111/><G111/><T75/><D120/><U14/><E66/><V4/><F65/><W119/><G119/><T125/><D125/><U133/><E105/><V90/><F4/><W49/><G11/><T57/><D83/><U131/><E53/><V71/><F71/><W58/><G60/><T68/><D68/><U113/><E48/><V69/><F69/><W129/><G129/><T94/><D57/><U88/><E131/><V121/><F121/><W23/><G49/><T44/><D42/><U102/><E102/><V55/><F55/><W31/><G41/><T39/><D39/><U24/><E88/><V59/><F43/><W26/><G35/><N who="1" m="13322" /><E3/><V91/><F40/><W107/><G107/><T25/><D112/><U74/><E74/><V54/><F54/><W115/><G115/><T13/><D114/><U79/><E79/><V87/><F99/><W1/><G1/><T15/><D21/><N who="1" m="13359" /><E113/><V62/><F62/><W19/><G84/><T2/><D2/><U98/><E98/><V82/><REACH who="2" step="1"/><F91/><REACH who="2" ten="240,245,260,245" step="2"/><W128/><G128/><T123/><D123/><U56/><E56/><V103/><F103/><W85/><G58/><T72/><D72/><U86/><E86/><V106/><F106/><W80/><G85/><T134/><D134/><U124/><E124/><V16/><F16/><AGARI ba="0,1" hai="10,14,16,133,135" m="13359,13322,42601" machi="16" ten="30,12000,1" yaku="14,1,10,1,34,2,54,1" doraHai="97" who="1" fromWho="2" sc="240,0,245,130,260,-120,245,0" /><INIT seed="1,1,0,5,1,22" ten="240,375,140,245" oya="1" hai0="0,89,70,75,63,109,55,61,25,80,93,32,74" hai1="110,43,114,111,56,57,37,125,11,90,47,84,8" hai2="107,48,135,115,108,18,45,59,15,121,21,76,31" hai3="2,30,127,87,77,96,23,91,46,123,117,92,1"/><U7/><E114/><V82/><F121/><W27/><G123/><T104/><D0/><U16/><E125/><V68/><F115/><W88/><G127/><T4/><D104/><U78/><E78/><V98/><F108/><N who="1" m="41513" /><E11/><V20/><F135/><W126/><G126/><T28/><D109/><U105/><E105/><V24/><F68/><W13/><G117/><T133/><D133/><U42/><E42/><V130/><F130/><W128/><G128/><T103/><D4/><U66/><E66/><V64/><F107/><W132/><G132/><T12/><D70/><U102/><E102/><V99/><F64/><W119/><G119/><T113/><D113/><U49/><E37/><V67/><F59/><W118/><G118/><T54/><D103/><U100/><E100/><V86/><REACH who="2" step="1"/><F67/><REACH who="2" ten="240,375,130,245" step="2"/><W122/><G122/><T51/><D63/><U60/><E57/><V69/><F69/><W120/><G120/><T10/><D61/><U97/><E56/><V9/><F9/><W72/><G2/><T85/><D10/><U124/><E60/><V40/><AGARI ba="1,1" hai="15,18,20,21,24,31,40,45,48,76,82,86,98,99" machi="40" ten="20,8000,1" yaku="1,1,0,1,7,1,8,1,52,1,53,0" doraHai="22" doraHaiUra="134" who="2" fromWho="2" sc="240,-21,375,-41,130,93,245,-21" /><INIT seed="2,0,0,4,0,97" ten="219,334,223,224" oya="2" hai0="1,29,110,135,21,87,12,105,132,19,31,37,34" hai1="115,65,66,2,98,80,133,0,112,124,43,92,13" hai2="73,9,8,6,122,28,118,15,128,49,23,85,54" hai3="39,16,88,103,76,84,51,69,114,89,18,25,17"/><V83/><F122/><W45/><G39/><T38/><D105/><U72/><E43/><V90/><F73/><W130/><G69/><T42/><D1/><U71/><E133/><N who="0" m="51273" /><D110/><U11/><E124/><V91/><F118/><W46/><G130/><T101/><D101/><U93/><E80/><V79/><F128/><W108/><G108/><T22/><D34/><U127/><E72/><V7/><F28/><N who="0" m="10826" /><D42/><U100/><E127/><V14/><REACH who="2" step="1"/><F23/><REACH who="2" ten="219,334,213,224" step="2"/><N who="0" m="8714" /><D87/><U63/><E115/><V125/><F125/><W4/><G114/><T94/><D94/><U82/><E112/><V67/><F67/><W61/><G25/><T10/><AGARI ba="0,1" hai="10,12,19,37,38" m="8714,10826,51273" machi="10" ten="30,1100,0" yaku="20,1" doraHai="97" who="0" fromWho="0" sc="219,21,334,-3,213,-5,224,-3" /><INIT seed="3,0,0,1,5,7" ten="240,331,208,221" oya="3" hai0="120,108,97,73,101,117,64,6,47,124,87,32,37" hai1="66,99,103,78,134,45,71,109,118,40,19,75,82" hai2="28,84,102,106,52,30,2,126,39,104,81,9,34" hai3="89,76,125,123,24,25,127,62,38,48,85,113,12"/><W72/><G38/><T46/><D73/><U20/><E109/><V22/><F39/><W60/><G123/><T98/><D32/><U36/><E134/><V83/><F34/><W3/><G3/><T33/><D33/><U114/><E118/><V26/><F126/><N who="3" m="48139" /><G76/><T128/><D117/><U0/><E0/><V92/><F30/><W35/><G72/><T56/><D120/><U122/><E122/><V31/><F31/><N who="3" m="19943" /><G25/><T49/><D108/><U95/><E95/><V5/><F83/><W58/><G113/><T41/><D128/><U65/><E71/><V107/><F92/><W70/><G70/><T121/><D121/><U42/><E114/><V8/><F8/><W100/><G100/><T14/><D124/><U10/><E103/><V119/><F119/><W61/><G48/><T86/><D101/><U68/><E68/><V74/><F74/><W67/><G12/><T53/><D14/><U129/><E129/><V13/><F102/><W23/><G23/><T105/><D105/><U93/><E75/><V88/><REACH who="2" step="1"/><F52/><REACH who="2" ten="240,331,198,221" step="2"/><W131/><G131/><T21/><D53/><U110/><E110/><V55/><F55/><W135/><G135/><T132/><D37/><U111/><E36/><V133/><F133/><W77/><G77/><T91/><D132/><U27/><E78/><V94/><F94/><AGARI ba="0,1" hai="58,60,61,62,67,85,89,94" m="19943,48139" machi="94" ten="30,1500,0" yaku="18,1" doraHai="7" who="3" fromWho="2" sc="240,0,331,0,198,-15,221,25" /><INIT seed="3,1,0,2,2,125" ten="240,331,183,246" oya="3" hai0="135,0,67,26,55,130,35,98,101,51,14,61,54" hai1="36,129,57,60,106,79,8,103,40,42,32,65,19" hai2="88,84,116,53,77,110,87,66,18,78,1,108,81" hai3="31,86,115,27,56,68,59,72,118,11,62,99,96"/><W12/><G72/><T9/><D130/><U133/><E32/><V21/><F1/><W80/><G118/><T131/><D131/><U4/><E129/><V91/><F66/><W97/><G115/><T50/><D135/><U94/><E106/><V20/><F53/><N who="0" m="19978" /><D0/><U13/><E133/><V38/><F38/><W105/><G105/><T17/><D35/><U58/><E79/><V25/><F116/><W43/><G43/><N who="1" m="16426" /><E36/><V16/><F25/><W46/><G46/><T117/><D117/><U22/><E58/><V70/><REACH who="2" step="1"/><F81/><REACH who="2" ten="240,331,173,246" step="2"/><W2/><G2/><T33/><D33/><U76/><E65/><V74/><F74/><W119/><G119/><T30/><D26/><U122/><E122/><V93/><F93/><W39/><G39/><T71/><D71/><AGARI ba="1,1" hai="16,18,20,21,70,71,77,78,84,87,88,91,108,110" machi="71" ten="25,8000,1" yaku="1,1,22,2,54,2,53,0" doraHai="125" doraHaiUra="134" who="2" fromWho="0" sc="240,-83,331,0,173,93,246,0" owari="157,-34.0,331,42.0,266,7.0,246,-15.0" /></mjloggm>