<mjloggm ver="2.3"><GO type="41" lobby="0"/><UN n0="%E5%B0%B1%E6%B4%BB%E7%94%9F%40%E5%B7%9D%E6%9D%91%E8%BB%8D%E5%9B%A3" n1="%E6%AF%92%E9%A4%85" n2="%E3%81%A1%E3%82%85%E3%81%A1%E3%82%85%EF%BC%95%EF%BC%91" n3="%E3%81%88%E3%81%AC%E3%81%BE%27" dan="14,14,14,14" rate="1970.13,1958.93,1959.43,1966.87" sx="M,F,M,F"/><TAIKYOKU oya="0"/><INIT seed="0,0,0,1,5,87" ten="250,250,250,250" oya="0" hai0="28,101,4,106,29,114,110,54,56,108,111,99,93" hai1="45,8,117,122,50,6,59,121,40,21,38,67,96" hai2="39,32,104,74,85,88,77,61,73,118,20,26,127" hai3="42,86,100,82,44,116,60,30,24,81,75,2,79"/><T102/><D114/><U65/><E96/><V125/><F39/><W103/><G2/><T120/><D120/><N who="1" m="46187" /><E8/><V107/><F32/><W35/><G60/><T11/><D106/><N who="2" m="40490" /><F61/><W3/><G3/><N who="0" m="415" /><D101/><U46/><E21/><V22/><F26/><W89/><REACH who="3" step="1"/><G116/><REACH who="3" ten="250,250,250,240" step="2"/><T64/><D64/><U48/><E117/><V18/><F118/><W1/><G1/><T126/><D126/><N who="2" m="48138" /><F18/><W49/><AGARI ba="0,1" hai="24,30,35,42,44,49,75,79,81,82,86,89,100,103" machi="49" ten="20,5200,0" yaku="1,1,0,1,7,1,52,1,53,0" doraHai="87" doraHaiUra="62" who="3" fromWho="3" sc="250,-26,250,-13,250,-13,240,62" /><INIT seed="1,0,0,0,1,121" ten="224,237,237,302" oya="1" hai0="131,92,25,88,34,77,37,111,1,17,13,54,16" hai1="59,102,11,118,62,107,114,79,103,23,81,123,100" hai2="0,40,124,63,14,18,60,132,49,91,53,19,104" hai3="101,52,135,29,56,12,6,87,93,20,66,117,78"/><U57/><E118/><V7/><F104/><W35/><G117/><T80/><D1/><U127/><E123/><V73/><F73/><W47/><G35/><T5/><D37/><U61/><E127/><V44/><F124/><W39/><G135/><T115/><D115/><U65/><E114/><V58/><F63/><W67/><G39/><T72/><D131/><U108/><E11/><V28/><F28/><W10/><G47/><T129/><D129/><U75/><E23/><V42/><F132/><W125/><G125/><T8/><D111/><U31/><E31/><V45/><F91/><N who="3" m="53503" /><G101/><T112/><D112/><U24/><E24/><V22/><F0/><W98/><G98/><T128/><D128/><U43/><E43/><V120/><F120/><W95/><G95/><T70/><D70/><U96/><REACH who="1" step="1"/><E108/><REACH who="1" ten="224,227,237,302" step="2"/><V119/><F119/><W15/><G29/><T83/><D25/><U46/><E46/><V71/><F44/><W51/><G78/><T55/><D34/><U90/><E90/><V82/><F42/><W64/><G20/><T113/><D113/><U76/><E76/><V84/><F7/><W109/><G109/><T94/><D5/><U133/><E133/><V30/><F30/><W50/><G6/><T110/><D110/><U116/><E116/><V122/><F122/><W9/><G9/><T86/><D17/><U21/><E21/><V36/><F19/><W89/><G89/><T27/><D27/><U26/><E26/><V105/><F18/><W99/><G10/><T68/><D8/><U41/><E41/><V2/><F40/><W126/><G126/><RYUUKYOKU ba="0,1" sc="224,-10,227,30,237,-10,302,-10" hai1="57,59,61,62,65,75,79,81,96,100,102,103,107" /><INIT seed="1,1,1,2,2,37" ten="214,257,227,292" oya="1" hai0="2,8,96,117,25,100,94,111,129,60,79,85,134" hai1="99,41,3,73,31,120,124,53,15,51,86,90,78" hai2="81,132,101,66,122,52,84,36,118,114,4,16,39" hai3="106,49,5,55,82,131,133,126,119,110,67,83,113"/><U1/><E120/><V69/><F118/><W57/><G113/><T18/><D117/><U32/><E124/><V11/><F114/><W74/><G119/><T42/><D129/><U13/><E99/><V47/><F101/><W72/><G106/><T91/><D134/><U0/><E32/><V23/><F132/><W26/><G131/><T20/><D111/><U102/><E102/><V45/><F66/><W54/><G110/><T103/><D60/><U33/><E78/><V9/><F69/><W130/><G67/><T107/><D103/><U112/><E73/><V28/><F28/><W48/><G130/><T21/><D21/><U59/><E112/><V98/><F98/><W35/><G5/><T38/><D79/><U104/><E104/><V12/><F45/><W93/><G93/><T6/><REACH who="0" step="1"/><D38/><REACH who="0" ten="204,257,227,292" step="2"/><U115/><E115/><V64/><F39/><W109/><G109/><T34/><D34/><U116/><E116/><V14/><F36/><W95/><G35/><T29/><D29/><U97/><E31/><V17/><F64/><W19/><G133/><T58/><D58/><U40/><E33/><V128/><F128/><W43/><G57/><T88/><D88/><U92/><REACH who="1" step="1"/><E97/><REACH who="1" ten="204,247,227,292" step="2"/><V50/><F122/><W24/><G126/><T121/><D121/><U30/><E30/><V75/><F75/><W7/><G74/><T127/><D127/><U68/><E68/><V125/><F125/><W123/><G72/><T108/><D108/><U27/><E27/><V62/><F84/><W61/><G123/><T71/><D71/><U63/><E63/><V10/><F62/><RYUUKYOKU ba="1,3" sc="204,15,247,15,227,-15,292,-15" hai0="2,6,8,18,20,25,42,85,91,94,96,100,107" hai1="0,1,3,13,15,40,41,51,53,59,86,90,92" /><INIT seed="1,2,3,1,5,26" ten="219,262,212,277" oya="1" hai0="13,74,64,99,117,29,85,104,114,59,31,119,56" hai1="2,22,12,110,49,96,70,24,129,18,82,107,68" hai2="72,48,34,101,92,109,51,44,57,78,66,36,133" hai3="10,132,40,63,124,65,81,16,134,83,0,91,33"/><U55/><E2/><V120/><F120/><W93/><G33/><T131/><D74/><U61/><E129/><V35/><F133/><N who="3" m="51307" /><G40/><T90/><D114/><U94/><E107/><V60/><F109/><W52/><G52/><T128/><D99/><U21/><E82/><V111/><F111/><W27/><G124/><T116/><D104/><U76/><E76/><V130/><F130/><N who="0" m="49706" /><D13/><U45/><E61/><V77/><F72/><W115/><G115/><T58/><D64/><U23/><E110/><V105/><F105/><W106/><G106/><T1/><D1/><U89/><REACH who="1" step="1"/><E23/><REACH who="1" ten="219,252,212,277" step="2"/><V19/><F78/><W3/><G83/><AGARI ba="2,4" hai="29,31,56,58,59,83,85,90,116,117,119" m="49706" machi="83" ten="40,5200,0" yaku="19,1,52,2" doraHai="26" who="0" fromWho="3" sc="219,98,252,0,212,0,277,-58" /><INIT seed="2,0,0,1,1,68" ten="317,252,212,219" oya="2" hai0="76,92,1,103,56,19,36,67,6,102,91,48,16" hai1="8,90,82,123,97,80,132,53,75,100,88,104,101" hai2="108,126,49,134,120,106,64,13,29,95,83,31,62" hai3="135,26,37,78,2,115,125,61,118,109,71,119,55"/><V44/><F120/><W81/><G2/><T129/><D129/><U105/><E8/><V51/><F106/><N who="1" m="41065" /><E53/><V110/><F134/><W63/><G135/><T52/><D36/><U17/><E17/><N who="0" m="6729" /><D1/><U86/><E132/><V113/><F51/><W96/><G37/><T128/><D128/><U116/><E116/><V98/><F113/><W74/><G71/><T14/><D76/><N who="1" m="44063" /><E123/><V24/><F83/><W43/><G81/><T20/><D67/><U94/><AGARI ba="0,0" hai="82,86,88,90,94,97,100,101" m="44063,41065" machi="94" ten="30,12000,2" yaku="35,5,54,1" doraHai="68" who="1" fromWho="1" sc="317,-30,252,120,212,-60,219,-30" /><INIT seed="3,0,0,4,2,1" ten="287,372,152,189" oya="3" hai0="99,109,77,86,78,129,67,127,27,69,44,8,20" hai1="121,64,118,132,3,10,49,42,125,39,71,18,111" hai2="98,35,114,68,88,52,57,110,11,131,96,80,97" hai3="126,47,28,74,75,113,135,87,123,13,130,73,122"/><W103/><G113/><T134/><D109/><U100/><E64/><V6/><F35/><W26/><G126/><T108/><D108/><U2/><E49/><V128/><F110/><W48/><G103/><T54/><D129/><U9/><E42/><V92/><F68/><W45/><G130/><N who="2" m="49705" /><F80/><W120/><G135/><T90/><D134/><U112/><E100/><V76/><F76/><W16/><G87/><T59/><D127/><U105/><E71/><V19/><F19/><W38/><G38/><T32/><D32/><U117/><E39/><V119/><F119/><N who="1" m="45577" /><E105/><V79/><F79/><W85/><G85/><T94/><D69/><U33/><E111/><V29/><F29/><W116/><G48/><T46/><D67/><U50/><E125/><V58/><F58/><W15/><G116/><T22/><D77/><U25/><E132/><V65/><F65/><W41/><G41/><T14/><D78/><U36/><E36/><V107/><F107/><W61/><G61/><N who="0" m="36087" /><D46/><U17/><E50/><N who="2" m="30871" /><F114/><W60/><G60/><T21/><D44/><U66/><E112/><V101/><F101/><W31/><G45/><T93/><D27/><U4/><E66/><V5/><F5/><W7/><G7/><N who="0" m="3359" /><D93/><U30/><E121/><V91/><F91/><W115/><G47/><T84/><AGARI ba="0,0" hai="20,21,22,84,86,90,94,99" m="3359,36087" machi="84" ten="30,2000,0" yaku="8,1,52,1" doraHai="1" who="0" fromWho="0" sc="287,20,372,-5,152,-5,189,-10" /><INIT seed="4,0,0,5,3,41" ten="307,367,147,179" oya="0" hai0="123,107,98,64,57,51,18,32,128,130,87,68,11" hai1="132,110,48,83,14,26,22,0,6,37,114,23,3" hai2="1,112,46,78,49,70,99,84,91,135,62,53,7" hai3="39,109,89,73,92,108,47,36,74,44,72,19,71"/><T24/><D123/><U125/><E37/><N who="3" m="14410" /><G19/><T34/><D87/><U10/><E110/><N who="3" m="42602" /><G92/><T86/><D86/><U56/><E125/><V111/><F111/><W94/><G94/><T101/><D11/><U79/><E132/><V29/><F29/><W16/><G16/><T119/><D119/><U127/><E114/><V9/><F112/><W116/><G116/><T2/><D2/><U131/><E131/><V13/><F135/><W5/><G5/><T63/><D18/><U81/><E127/><V118/><F118/><W65/><G65/><T28/><D34/><U25/><E48/><V105/><F78/><W40/><G40/><T100/><D100/><U58/><E6/><V21/><F99/><W27/><G27/><T15/><D15/><U38/><E38/><V50/><F105/><W104/><G104/><T12/><D12/><U17/><E10/><V52/><F21/><W122/><G71/><T124/><D124/><U134/><E14/><V117/><F117/><W54/><G54/><AGARI ba="0,0" hai="24,28,32,51,54,57,63,64,68,98,101,107,128,130" machi="54" ten="40,3900,0" yaku="25,2" doraHai="41" who="0" fromWho="3" sc="307,39,367,0,147,0,179,-39" /><INIT seed="4,1,0,4,5,54" ten="346,367,147,140" oya="0" hai0="56,93,4,14,96,135,104,23,89,39,51,113,0" hai1="35,70,115,62,90,72,131,67,52,24,74,102,6" hai2="127,15,45,53,65,49,117,16,124,91,99,114,32" hai3="87,61,40,34,79,112,31,75,101,118,128,76,88"/><T116/><D39/><U30/><E131/><V129/><F32/><W18/><G128/><T73/><D116/><U80/><E6/><V133/><F129/><W109/><G118/><T48/><D113/><U33/><E115/><V78/><F117/><W22/><G112/><T130/><D130/><U77/><E90/><V68/><F78/><W64/><G109/><T125/><D73/><U94/><E72/><V108/><F108/><W29/><G101/><T119/><D119/><U43/><E43/><V9/><F133/><W107/><G107/><T38/><D38/><U86/><E52/><V95/><F114/><W122/><G40/><T103/><D135/><U55/><E55/><V134/><F134/><W71/><G122/><T21/><D125/><U28/><E28/><V81/><F81/><W11/><G11/><N who="0" m="4455" /><D0/><U63/><E63/><V20/><REACH who="2" step="1"/><F9/><REACH who="2" ten="346,367,137,140" step="2"/><W92/><G75/><T17/><D104/><U19/><E77/><V59/><F59/><W36/><G79/><T5/><D5/><U132/><E80/><V10/><F10/><W57/><G76/><T1/><D1/><U121/><E132/><V105/><F105/><W106/><G106/><T3/><D3/><U110/><E110/><V27/><F27/><N who="3" m="14807" /><G34/><T100/><D21/><U97/><E35/><V8/><F8/><W42/><G71/><T46/><D56/><U12/><E74/><V25/><F25/><W44/><G57/><T98/><D46/><U50/><E33/><V66/><F66/><W13/><G13/><T123/><D23/><U37/><E12/><V2/><F2/><W83/><G83/><RYUUKYOKU ba="1,1" sc="346,-15,367,-15,137,15,140,15" hai2="15,16,20,45,49,53,65,68,91,95,99,124,127" hai3="29,31,36,42,44,61,64,87,88,92" /><INIT seed="5,2,1,4,0,116" ten="331,352,152,155" oya="1" hai0="104,4,132,64,41,78,36,62,8,88,29,69,124" hai1="110,67,89,87,122,47,46,49,70,101,119,7,68" hai2="127,97,92,94,27,55,19,40,80,45,98,73,120" hai3="71,105,100,2,54,22,95,33,84,81,42,16,20"/><U32/><E119/><V39/><F127/><W26/><G33/><T125/><D104/><U43/><E32/><V86/><F73/><W66/><G105/><T107/><D107/><U128/><E128/><V38/><F38/><W10/><G42/><T75/><D132/><U61/><E110/><V56/><F120/><W15/><G2/><T82/><D29/><U111/><E111/><V123/><F123/><W12/><G54/><T60/><D60/><U76/><E122/><V50/><F27/><W24/><G71/><T113/><D113/><U11/><E101/><V74/><F74/><W90/><G66/><T79/><D79/><U0/><E47/><V18/><F94/><W131/><G131/><T1/><D88/><U65/><E76/><V44/><F98/><N who="3" m="59487" /><G10/><T106/><D106/><U108/><E108/><V85/><F85/><W112/><G112/><T134/><D134/><U51/><E67/><V25/><F25/><W63/><G63/><T48/><D48/><U5/><E5/><V96/><F45/><AGARI ba="2,1" hai="1,4,8,36,41,45,62,64,69,75,78,82,124,125" machi="45" ten="40,8000,1" yaku="25,2,23,2" doraHai="116" who="0" fromWho="2" sc="331,96,352,0,152,-86,155,0" /><INIT seed="6,0,0,2,4,30" ten="427,352,66,155" oya="2" hai0="3,66,105,77,31,43,10,65,118,70,74,35,89" hai1="124,123,60,96,116,90,37,104,61,51,7,127,80" hai2="55,122,81,93,94,32,133,120,75,68,78,107,108" hai3="71,134,114,73,110,63,111,53,28,129,49,45,26"/><V19/><F68/><W42/><G73/><T12/><D105/><U72/><E7/><V14/><F107/><W33/><G134/><T40/><D118/><U13/><E13/><V54/><F133/><W39/><G129/><T48/><D3/><U29/><E29/><V130/><F130/><W103/><G103/><T101/><D101/><N who="1" m="62503" /><E37/><V131/><F131/><W4/><G4/><T44/><D43/><U1/><E51/><V8/><F108/><W59/><G114/><T20/><D70/><U23/><E23/><V126/><F126/><N who="1" m="48169" /><E61/><V83/><F83/><W27/><G26/><T85/><D77/><N who="1" m="44071" /><E60/><V50/><F32/><W57/><G59/><T119/><D119/><U58/><E58/><V106/><F106/><W102/><G102/><T24/><D74/><U38/><E38/><V9/><F9/><W67/><AGARI ba="0,0" hai="27,28,33,39,42,45,49,53,57,63,67,71,110,111" machi="67" ten="30,7900,0" yaku="0,1,24,2,52,1" doraHai="30" who="3" fromWho="3" sc="427,-20,352,-20,66,-39,155,79" /><INIT seed="7,0,0,5,2,86" ten="407,332,27,234" oya="3" hai0="30,117,116,81,65,121,120,27,77,14,84,39,128" hai1="126,45,72,99,113,56,96,24,94,85,55,15,89" hai2="51,42,95,79,133,47,13,52,123,75,2,101,93" hai3="63,68,103,44,29,82,76,28,0,7,17,132,37"/><W78/><G132/><T34/><D39/><U22/><E126/><V6/><F133/><W8/><G78/><T57/><D128/><U9/><E113/><V38/><F123/><W105/><G17/><T46/><D46/><U114/><E72/><V4/><F101/><W74/><G103/><T70/><D70/><U32/><E32/><V109/><F109/><W106/><G29/><T11/><D57/><U127/><E127/><V35/><F35/><W91/><G28/><T33/><D65/><U40/><E114/><V18/><F6/><W5/><G7/><T71/><D71/><U61/><E45/><V16/><F13/><W66/><G91/><T104/><D104/><U112/><E40/><AGARI ba="0,0" hai="0,5,8,37,40,44,63,66,68,74,76,82,105,106" machi="40" ten="40,12000,1" yaku="25,2,33,3" doraHai="86" who="3" fromWho="1" sc="407,0,332,-120,27,0,234,120" /><INIT seed="7,1,0,4,4,13" ten="407,212,27,354" oya="3" hai0="42,75,117,49,53,64,111,130,31,27,63,81,128" hai1="59,100,33,43,87,7,6,37,10,104,47,15,134" hai2="35,88,109,101,25,120,78,71,30,114,44,66,3" hai3="26,56,55,1,129,4,18,50,23,69,90,62,118"/><W21/><G118/><T52/><D111/><U41/><E134/><V54/><F120/><W124/><G124/><T65/><D117/><U8/><E43/><V85/><F109/><W19/><G129/><N who="0" m="49771" /><D42/><U132/><E132/><V131/><F44/><W17/><G1/><T76/><D49/><U102/><E33/><V12/><F54/><N who="0" m="21098" /><D63/><U34/><E34/><AGARI ba="1,0" hai="27,31,34,64,65,75,76,81" m="21098,49771" machi="34" ten="30,2000,0" yaku="19,1,54,1" doraHai="13" who="0" fromWho="1" sc="407,23,212,-23,27,0,354,0" owari="430,53.0,189,-21.0,27,-47.0,354,15.0" /></mjloggm>