<mjloggm ver="2.3"><GO type="97" lobby="0"/><UN n0="%E5%B0%B1%E6%B4%BB%E7%94%9F%40%E5%B7%9D%E6%9D%91%E8%BB%8D%E5%9B%A3" n1="%41%6D%65%74%68%75%73" n2="%E3%83%81%E3%83%A3%E3%83%83%E3%82%AF" n3="%E3%81%B2%E3%82%8D%E3%81%97%E3%81%BE" dan="15,15,14,14" rate="1979.00,2040.01,1950.95,1910.15" sx="M,M,M,M"/><TAIKYOKU oya="0"/><INIT seed="0,0,0,1,0,110" ten="250,250,250,250" oya="0" hai0="116,36,117,70,11,83,18,96,77,105,47,37,69" hai1="88,40,131,126,55,28,75,58,59,121,81,13,48" hai2="125,41,82,60,23,33,89,114,98,72,104,109,1" hai3="8,25,53,87,63,2,39,97,71,86,35,95,22"/><T24/><D24/><U20/><E121/><V56/><F33/><W113/><G35/><T31/><D31/><U45/><E131/><V94/><F1/><W106/><G39/><N who="0" m="14923" /><D18/><N who="1" m="10319" /><E75/><V78/><F41/><W129/><G113/><T101/><D11/><U57/><E126/><V130/><F125/><W119/><G119/><N who="0" m="45643" /><D47/><U91/><E28/><V15/><F130/><W9/><G129/><T80/><D80/><U14/><E14/><V79/><F79/><W73/><G73/><AGARI ba="0,0" hai="69,70,73,77,83,96,101,105" m="45643,14923" machi="73" ten="30,1500,0" yaku="23,1" doraHai="110" who="0" fromWho="3" sc="250,15,250,0,250,0,250,-15" /><INIT seed="0,1,0,2,2,60" ten="265,250,250,235" oya="0" hai0="68,132,94,117,92,39,30,123,27,76,48,131,97" hai1="71,102,43,3,16,53,89,125,35,83,78,40,111" hai2="86,119,98,103,130,82,133,9,93,112,47,69,19" hai3="81,36,67,49,100,109,58,1,2,38,14,56,121"/><T42/><D117/><U107/><E3/><V96/><F112/><W95/><G109/><T62/><D123/><U88/><E35/><V23/><F9/><W108/><G108/><T72/><D131/><U54/><E111/><V120/><F120/><W50/><G121/><T116/><D116/><U104/><E71/><V128/><F119/><W87/><G14/><T80/><D132/><U63/><E125/><V84/><F133/><W115/><G81/><T37/><D48/><U5/><E5/><V57/><F69/><W118/><G118/><T90/><D42/><U11/><E78/><V31/><F31/><W0/><G115/><T74/><D74/><U77/><E77/><V85/><F47/><W8/><G8/><T110/><D110/><U73/><E73/><V28/><F28/><W126/><G126/><T33/><REACH who="0" step="1"/><D94/><REACH who="0" ten="255,250,250,235" step="2"/><U29/><E43/><V113/><F113/><W99/><G49/><T12/><D12/><U106/><E40/><V124/><F124/><W15/><G15/><T44/><D44/><U26/><E107/><V65/><F130/><W52/><REACH who="3" step="1"/><G87/><REACH who="3" ten="255,250,250,225" step="2"/><T46/><D46/><U22/><E106/><V10/><F128/><W4/><G4/><T64/><AGARI ba="1,2" hai="27,30,33,37,39,62,64,68,72,76,80,90,92,97" machi="64" ten="30,11700,0" yaku="1,1,0,1,52,1,53,1" doraHai="60" doraHaiUra="91" who="0" fromWho="0" sc="255,140,250,-40,250,-40,225,-40" /><INIT seed="0,2,0,2,1,53" ten="395,210,210,185" oya="0" hai0="93,107,10,98,8,116,96,85,40,49,117,129,12" hai1="1,77,110,9,69,45,118,66,22,92,26,105,63" hai2="38,48,121,114,134,50,44,127,29,95,19,132,94" hai3="28,86,88,37,111,80,76,20,83,16,70,108,30"/><T122/><D122/><U113/><E118/><V123/><F121/><W2/><G70/><T119/><D129/><U52/><E105/><V56/><F123/><W131/><G37/><T47/><D107/><U17/><E110/><N who="3" m="42026" /><G2/><T102/><D96/><U126/><E126/><V11/><F114/><W21/><G21/><T82/><REACH who="0" step="1"/><D12/><REACH who="0" ten="385,210,210,185" step="2"/><U42/><E113/><V34/><F127/><W46/><G131/><T103/><D103/><U67/><E1/><V27/><F95/><W97/><G97/><T58/><D58/><N who="1" m="35271" /><E69/><V65/><F94/><W81/><G46/><T106/><D106/><U7/><E92/><V115/><F115/><W55/><G76/><AGARI ba="2,1" hai="8,10,40,47,49,76,82,85,93,98,102,116,117,119" machi="76" ten="40,2000,0" yaku="1,1,53,0" doraHai="53" doraHaiUra="60" who="0" fromWho="3" sc="385,36,210,0,210,0,185,-26" /><INIT seed="0,3,0,4,3,43" ten="421,210,210,159" oya="0" hai0="120,48,124,93,119,95,36,33,55,65,44,10,71" hai1="74,128,54,116,50,60,30,131,63,21,49,78,61" hai2="32,114,73,100,105,7,103,25,117,69,133,129,96" hai3="38,59,106,99,22,67,81,19,102,89,34,64,80"/><T42/><D33/><U123/><E74/><V53/><F114/><W79/><G34/><T51/><D119/><U130/><E78/><V18/><F117/><W108/><G108/><T109/><D120/><U77/><E77/><V24/><F133/><W2/><G2/><T70/><D124/><U62/><E116/><V9/><F129/><W41/><G59/><T88/><D109/><U92/><E92/><V76/><F69/><W27/><G89/><T82/><D36/><U23/><E123/><V39/><F103/><W98/><G98/><T107/><D107/><U12/><E30/><V17/><F39/><W75/><REACH who="3" step="1"/><G81/><REACH who="3" ten="421,210,210,149" step="2"/><T72/><D88/><U35/><E35/><V13/><F76/><W135/><G135/><T68/><D82/><U91/><E91/><V58/><F73/><W56/><G56/><T121/><D70/><U113/><E113/><V115/><F115/><W127/><G127/><T11/><D71/><U90/><E90/><V5/><F32/><W57/><G57/><T8/><D68/><U111/><E111/><V15/><F7/><W86/><G86/><T4/><D121/><U0/><E0/><V85/><F5/><W112/><G112/><T28/><D72/><U47/><E131/><V132/><F85/><W83/><G83/><T26/><D65/><U134/><E134/><V31/><F132/><W97/><G97/><T125/><D125/><U45/><E130/><V126/><F126/><W122/><G122/><T110/><D110/><U20/><N who="1" m="15872" /><DORA hai="37" /><U29/><E128/><V14/><F96/><W16/><G16/><T1/><D1/><RYUUKYOKU ba="3,1" sc="421,-10,210,-10,210,-10,149,30" hai3="19,22,27,38,41,64,67,75,79,80,99,102,106" /><INIT seed="1,4,1,2,3,87" ten="411,200,200,179" oya="1" hai0="25,16,129,85,81,8,109,66,73,65,31,57,86" hai1="107,96,117,44,90,124,35,50,52,101,126,18,2" hai2="58,91,119,89,1,74,112,134,68,0,37,70,128" hai3="13,125,67,111,40,113,72,97,103,15,64,43,30"/><U99/><E117/><V38/><F119/><W114/><G113/><T82/><D73/><U78/><E35/><V20/><F74/><W49/><G72/><T95/><D109/><U10/><E78/><V47/><F47/><W26/><G111/><T6/><D129/><U3/><E18/><V53/><F53/><W123/><G123/><T133/><D133/><U80/><E10/><V17/><F17/><W115/><G125/><N who="1" m="48234" /><E80/><V55/><F55/><W63/><G115/><T14/><D6/><U69/><E69/><V61/><F112/><W21/><G114/><T121/><D121/><U92/><AGARI ba="4,1" hai="2,3,44,50,52,90,92,96,99,101,107" m="48234" machi="92" ten="30,6000,0" yaku="18,1,52,1,54,1" doraHai="87" who="1" fromWho="1" sc="411,-24,200,82,200,-24,179,-24" /><INIT seed="1,5,0,3,1,38" ten="387,282,176,155" oya="1" hai0="114,90,61,116,60,54,76,130,119,129,20,125,3" hai1="95,30,112,108,117,106,107,113,14,128,5,55,72" hai2="16,120,111,32,15,22,1,37,88,2,126,24,40" hai3="42,47,43,35,51,97,83,28,73,99,67,10,74"/><U26/><E117/><V127/><F120/><W101/><G67/><T39/><D39/><U78/><E128/><N who="0" m="49257" /><D3/><U135/><E135/><V75/><F75/><W8/><G28/><T92/><D76/><U98/><E108/><V103/><F103/><W9/><G35/><T7/><D7/><U79/><E55/><V118/><F118/><N who="0" m="45098" /><D114/><U21/><E113/><V94/><F24/><W58/><G58/><T56/><D20/><U82/><E79/><V6/><F6/><W34/><G34/><T53/><D125/><N who="2" m="47626" /><F32/><W110/><G110/><T17/><D17/><U87/><E72/><V23/><F23/><W77/><G74/><T46/><D46/><U50/><E112/><V93/><F93/><W131/><G131/><T81/><D81/><U48/><E107/><V109/><F109/><W0/><G0/><T70/><D70/><U18/><E5/><V68/><F68/><W89/><G89/><T134/><D134/><U123/><E123/><V91/><F111/><W65/><G65/><N who="0" m="39047" /><D61/><U104/><E104/><V86/><F91/><W121/><G121/><T13/><D13/><U59/><E106/><V84/><F86/><AGARI ba="5,0" hai="53,54,86,90,92" m="39047,45098,49257" machi="86" ten="30,1000,0" yaku="19,1" doraHai="38" who="0" fromWho="2" sc="387,25,282,0,176,-25,155,0" /><INIT seed="2,0,0,5,3,81" ten="412,282,151,155" oya="2" hai0="30,93,27,31,82,71,48,56,4,49,47,128,6" hai1="7,5,87,125,116,115,53,126,14,110,28,84,52" hai2="73,88,70,63,51,107,118,40,35,122,133,124,10" hai3="95,72,79,123,69,43,89,112,113,44,109,54,86"/><V46/><F122/><W104/><G123/><T96/><D71/><U64/><E116/><V76/><F118/><W66/><G109/><T111/><D111/><U91/><E110/><V105/><F35/><W78/><G104/><T74/><D128/><U55/><E115/><N who="3" m="44106" /><G72/><T8/><D74/><U83/><E64/><V62/><F133/><W60/><G54/><N who="0" m="31815" /><D82/><N who="1" m="49559" /><E28/><N who="0" m="10793" /><D27/><U120/><E120/><V15/><F76/><W20/><G20/><T50/><D8/><U39/><E39/><AGARI ba="0,0" hai="39,43,44,60,66,69,78,79,86,89,95" m="44106" machi="39" ten="30,2000,0" yaku="11,1,52,1" doraHai="81" who="3" fromWho="1" sc="412,0,282,-20,151,0,155,20" /><INIT seed="3,0,0,5,1,60" ten="412,262,151,175" oya="3" hai0="111,10,77,24,94,51,39,129,29,6,13,73,70" hai1="95,12,4,21,125,82,63,135,81,102,22,7,134" hai2="74,126,53,119,90,113,127,8,117,108,85,98,97" hai3="132,78,110,43,49,106,66,18,42,62,65,100,16"/><W59/><G78/><T40/><D111/><U33/><E33/><V26/><F8/><W41/><G106/><T17/><D129/><U50/><E125/><N who="2" m="47627" /><F26/><W52/><G110/><T67/><D39/><U112/><E112/><V44/><F44/><N who="3" m="27687" /><G132/><N who="1" m="50730" /><E50/><V109/><F53/><N who="3" m="34159" /><G100/><T69/><D73/><U116/><E116/><N who="2" m="44619" /><F113/><W19/><AGARI ba="0,0" hai="16,18,19,41,42,43,65,66" m="34159,27687" machi="19" ten="30,12000,1" yaku="8,1,52,2,54,2" doraHai="60" who="3" fromWho="3" sc="412,-40,262,-40,151,-40,175,120" /><INIT seed="3,1,0,0,1,9" ten="372,222,111,295" oya="3" hai0="130,132,93,27,125,34,30,31,0,105,114,86,39" hai1="110,12,62,102,28,32,123,133,119,115,57,46,54" hai2="83,82,41,35,128,112,108,2,84,127,111,38,37" hai3="70,15,79,5,18,29,89,19,60,11,7,122,71"/><W67/><G122/><T106/><D39/><U77/><E123/><V134/><F112/><W64/><G79/><T8/><D114/><U75/><E115/><V92/><F35/><W22/><G29/><T90/><D31/><U69/><E110/><V51/><F2/><W24/><REACH who="3" step="1"/><G89/><REACH who="3" ten="372,222,111,285" step="2"/><T101/><D90/><U109/><E77/><V49/><F128/><W88/><G88/><T113/><D113/><U4/><E28/><V42/><F134/><W99/><G99/><T117/><D132/><U13/><E133/><V25/><F92/><W47/><G47/><T126/><D117/><U96/><E119/><V53/><F84/><W43/><G43/><T116/><D116/><U104/><E75/><V16/><F53/><W85/><G85/><T52/><D130/><U23/><E46/><V10/><F127/><W100/><G100/><T118/><D86/><U124/><E124/><V98/><F98/><W59/><G59/><T81/><D101/><U48/><E69/><V78/><F78/><W56/><G56/><T33/><D33/><U72/><E72/><V95/><F95/><W80/><G80/><T121/><D81/><U45/><E32/><V20/><F111/><W68/><G68/><T129/><D125/><U74/><E74/><V17/><F108/><W21/><G21/><T58/><D126/><U97/><E97/><V55/><F20/><W3/><G3/><T94/><D0/><U14/><E23/><V76/><F42/><W135/><G135/><T120/><D58/><U50/><E109/><V26/><F76/><W103/><G103/><T61/><D120/><RYUUKYOKU ba="1,1" sc="372,-10,222,-10,111,-10,285,30" hai3="5,7,11,15,18,19,22,24,60,64,67,70,71" /><INIT seed="3,2,1,2,1,129" ten="362,212,101,315" oya="3" hai0="9,88,112,39,28,82,59,43,127,65,78,68,20" hai1="110,79,40,87,42,16,11,61,91,29,22,89,97" hai2="83,8,114,13,102,26,95,34,108,54,77,37,81" hai3="0,128,48,45,104,118,124,7,19,105,74,17,33"/><W134/><G134/><T72/><D68/><U38/><E110/><V63/><F114/><W49/><G118/><T96/><D112/><U101/><E38/><V64/><F37/><W24/><G74/><T116/><D116/><U117/><E117/><V90/><F54/><W85/><G128/><T122/><D122/><U1/><E79/><V92/><F102/><W130/><G130/><T120/><D120/><U106/><E61/><V60/><F108/><W25/><G85/><T100/><D127/><U93/><E29/><V5/><F34/><W111/><G111/><T80/><D39/><U103/><E103/><V133/><F26/><W132/><G124/><T66/><D43/><U123/><E123/><V58/><F63/><W15/><G132/><T107/><D9/><U18/><E91/><V23/><F23/><N who="3" m="13423" /><G0/><T36/><D36/><U69/><E69/><V6/><F6/><W14/><G33/><T73/><D59/><U86/><E86/><V55/><F55/><N who="3" m="30095" /><G49/><T121/><D121/><U51/><E51/><V131/><F131/><W2/><G2/><T62/><D62/><U71/><E71/><V67/><F67/><W75/><G75/><T126/><D126/><U109/><E109/><V113/><F113/><W99/><G99/><T57/><D57/><U70/><E70/><V98/><F95/><W31/><G7/><T41/><D73/><U53/><E53/><V115/><F115/><W3/><G3/><T4/><D4/><N who="1" m="1423" /><E18/><V30/><F30/><W27/><G31/><T32/><D32/><U35/><E35/><V119/><F119/><W10/><G15/><AGARI ba="2,1" hai="15,16,22,40,42,87,89,93,97,101,106" m="1423" machi="15" ten="30,2000,0" yaku="6,1,54,1" doraHai="129" who="1" fromWho="3" sc="362,0,212,36,101,0,315,-26" owari="362,46.0,248,-15.0,101,-40.0,289,9.0" /></mjloggm>