<mjloggm ver="2.3"><GO type="41" lobby="0"/><UN n0="%E9%80%86%E6%B5%81%E6%80%A7%E9%A3%9F%E5%A0%82%E7%82%8E" n1="%66%6C%61%6E%64%33" n2="%58%44%44%44" n3="%E5%B0%B1%E6%B4%BB%E7%94%9F%40%E5%B7%9D%E6%9D%91%E8%BB%8D%E5%9B%A3" dan="15,14,13,14" rate="1973.22,1937.77,1812.54,1975.11" sx="M,M,F,M"/><TAIKYOKU oya="0"/><INIT seed="0,0,0,5,1,87" ten="250,250,250,250" oya="0" hai0="132,98,64,42,5,8,84,96,32,71,58,78,107" hai1="70,80,130,115,23,24,72,19,56,61,126,105,76" hai2="38,67,30,45,101,69,95,3,60,74,40,36,43" hai3="15,100,11,90,86,127,125,35,116,110,7,34,129"/><T108/><D32/><U63/><E130/><V48/><F74/><W102/><G116/><T44/><D71/><U131/><E131/><V14/><F3/><W65/><G65/><T106/><D132/><U93/><E126/><N who="3" m="48138" /><G129/><T49/><D108/><U12/><E105/><V27/><F14/><W0/><G0/><T54/><D64/><U121/><E121/><V81/><F81/><N who="3" m="49487" /><G110/><T97/><D78/><U91/><E70/><V10/><F10/><W73/><G73/><T89/><D5/><U53/><E115/><V111/><F111/><W82/><G82/><T79/><D8/><U47/><E47/><V55/><F101/><AGARI ba="0,0" hai="7,11,15,34,35,100,101,102" m="49487,48138" machi="101" ten="30,2000,0" yaku="18,1,52,1" doraHai="87" who="3" fromWho="2" sc="250,0,250,0,250,-20,250,20" /><INIT seed="1,0,0,4,0,114" ten="250,250,230,270" oya="1" hai0="57,111,99,39,38,123,15,60,88,94,134,58,0" hai1="95,76,45,50,113,52,108,33,98,5,16,115,106" hai2="44,41,46,32,71,107,49,17,78,101,36,18,77" hai3="74,120,70,83,13,30,4,79,14,6,122,34,89"/><U19/><E33/><V65/><F32/><W87/><G70/><T80/><D0/><U26/><E106/><V56/><F107/><W131/><G131/><T110/><D58/><U24/><E115/><V130/><F130/><W93/><G34/><T20/><D134/><U40/><E113/><V97/><F78/><W72/><G30/><T12/><D123/><U125/><E125/><V59/><F77/><W109/><G109/><T132/><D132/><U10/><E108/><N who="0" m="41513" /><D80/><U63/><E76/><V128/><F128/><W47/><G47/><T3/><D3/><U96/><E10/><V66/><F101/><W62/><G74/><T69/><D69/><U84/><E5/><V90/><F17/><N who="1" m="6729" /><E84/><V105/><F18/><W118/><G6/><T64/><D20/><U121/><E121/><V75/><F75/><W68/><G4/><T1/><D1/><U102/><E98/><V91/><F105/><W53/><G120/><T67/><D67/><U42/><E63/><V48/><F97/><W116/><G122/><T103/><D103/><U55/><E55/><N who="2" m="30087" /><F91/><W43/><G43/><AGARI ba="0,0" hai="24,26,40,42,43,45,50,52,95,96,102" m="6729" machi="43" ten="30,5800,0" yaku="8,1,54,2" doraHai="114" who="1" fromWho="3" sc="250,0,250,58,230,0,270,-58" /><INIT seed="1,1,0,3,2,88" ten="250,308,230,212" oya="1" hai0="46,99,61,118,126,47,84,80,105,18,81,74,5" hai1="111,86,40,24,79,12,41,6,91,57,48,0,72" hai2="35,68,121,101,78,26,51,128,77,59,71,1,97" hai3="31,36,66,117,27,58,70,96,133,112,9,63,87"/><U39/><E0/><V135/><F121/><W115/><G36/><T90/><D118/><U134/><E39/><V76/><F1/><W13/><G117/><T82/><D126/><U21/><E72/><V108/><F108/><W122/><G122/><T45/><D5/><U54/><E79/><V34/><F135/><W25/><G133/><T64/><D18/><N who="1" m="12343" /><E134/><V116/><F116/><W123/><G123/><T65/><D74/><U17/><E111/><V7/><F7/><W49/><G27/><T114/><D114/><U56/><E57/><V32/><F128/><W29/><G29/><T98/><D105/><U43/><E6/><V103/><F26/><W38/><G38/><T100/><D100/><U113/><E113/><V83/><F83/><N who="0" m="31818" /><D61/><U120/><E120/><V106/><F101/><W20/><G87/><T33/><D33/><U110/><E110/><V60/><REACH who="2" step="1"/><F51/><REACH who="2" ten="250,308,220,212" step="2"/><W131/><G131/><T53/><D82/><N who="1" m="49623" /><E40/><V2/><F2/><W69/><G112/><T11/><D99/><U15/><E12/><V67/><AGARI ba="1,1" hai="32,34,35,59,60,67,68,71,76,77,78,97,103,106" machi="67" ten="40,2700,0" yaku="1,1,0,1,53,0" doraHai="88" doraHaiUra="22" who="2" fromWho="2" sc="250,-8,308,-14,220,40,212,-8" /><INIT seed="2,0,0,4,0,27" ten="242,294,260,204" oya="2" hai0="34,82,9,31,98,46,37,35,95,77,113,75,123" hai1="107,19,69,24,106,18,33,125,4,93,55,74,86" hai2="90,48,60,89,71,43,115,17,112,50,6,64,116" hai3="49,94,103,108,128,131,10,97,68,73,84,51,96"/><V99/><F116/><W104/><G68/><T32/><D123/><U52/><E74/><V7/><F43/><W122/><G122/><T63/><D113/><U83/><E4/><V67/><F17/><W88/><G10/><T11/><D63/><U57/><E69/><V126/><F71/><W1/><G1/><T62/><D62/><U23/><E33/><V91/><F60/><W127/><G73/><T119/><D119/><U16/><E125/><V21/><F21/><W15/><G15/><T109/><D109/><U40/><E40/><V22/><F22/><W28/><G127/><T76/><D76/><U102/><E107/><V3/><F91/><W130/><G108/><T29/><D37/><U66/><E106/><V14/><F3/><W2/><G2/><T134/><D134/><U47/><E66/><V54/><F54/><N who="1" m="20521" /><E47/><V135/><F14/><W81/><REACH who="3" step="1"/><G28/><REACH who="3" ten="242,294,260,194" step="2"/><T121/><D121/><U38/><E19/><V118/><F126/><W92/><G92/><T44/><D44/><U13/><E93/><V114/><F118/><W65/><G65/><T39/><D9/><U78/><E18/><V25/><F115/><W8/><G8/><T87/><D11/><U100/><E13/><V117/><F117/><W124/><G124/><T20/><D75/><U111/><E111/><V12/><F12/><W105/><G105/><T72/><D72/><U42/><E57/><V41/><F114/><W59/><G59/><T58/><D58/><U36/><E38/><V79/><F112/><W45/><G45/><T85/><D46/><N who="1" m="23879" /><E16/><V56/><F67/><W132/><G132/><RYUUKYOKU ba="0,1" sc="242,-15,294,15,260,-15,194,15" hai1="23,24,78,83,86,100,102" hai3="49,51,81,84,88,94,96,97,103,104,128,130,131" /><INIT seed="3,1,1,0,0,119" ten="227,309,245,209" oya="3" hai0="111,16,52,96,128,59,30,35,115,123,66,63,84" hai1="60,92,74,18,118,44,9,93,86,29,91,57,78" hai2="17,46,25,125,132,133,80,100,114,102,90,129,23" hai3="32,27,105,64,104,131,22,135,47,70,130,21,8"/><W6/><G70/><T75/><D75/><U106/><E118/><V113/><F46/><W126/><G64/><T38/><D38/><U108/><E106/><V121/><F121/><W87/><G126/><T43/><D43/><U101/><E29/><V61/><F61/><W40/><G135/><N who="2" m="51785" /><F125/><W98/><G32/><T95/><D128/><N who="3" m="49193" /><G87/><T110/><D115/><N who="2" m="44042" /><F129/><W3/><G98/><T134/><D134/><U73/><E44/><V50/><F50/><N who="3" m="26983" /><G21/><T109/><D84/><AGARI ba="1,1" hai="17,23,25,80,84,90,100,102" m="44042,51785" machi="84" ten="30,1000,0" yaku="20,1" doraHai="119" who="2" fromWho="0" sc="227,-13,309,0,245,23,209,0" /><INIT seed="4,0,0,3,0,41" ten="214,309,268,209" oya="0" hai0="64,10,60,52,9,85,84,45,18,116,14,65,40" hai1="46,37,99,109,67,124,39,0,71,4,135,112,34" hai2="57,13,50,102,123,17,97,91,28,127,78,8,104" hai3="129,83,5,24,119,2,49,80,81,66,47,48,29"/><T54/><D116/><U70/><E4/><V114/><F123/><W11/><G119/><T68/><D64/><U61/><E99/><V72/><F127/><W131/><G66/><T56/><D54/><U90/><E90/><V75/><F114/><W86/><G86/><T101/><D101/><U128/><E61/><V74/><F28/><W117/><G117/><T26/><D26/><U23/><E46/><V94/><F78/><W93/><G93/><T88/><D85/><U63/><E63/><V16/><F17/><W122/><G49/><N who="0" m="28719" /><D68/><U115/><E23/><V53/><REACH who="2" step="1"/><F74/><REACH who="2" ten="214,309,258,209" step="2"/><W98/><G122/><T58/><D56/><U92/><E112/><V19/><F19/><W118/><G118/><T33/><D33/><U105/><E34/><V25/><F25/><W22/><REACH who="3" step="1"/><G98/><AGARI ba="0,1" hai="8,13,16,50,53,57,72,75,91,94,97,98,102,104" machi="98" ten="30,3900,0" yaku="1,1,7,1,54,1,53,0" doraHai="41" doraHaiUra="111" who="2" fromWho="3" sc="214,0,309,0,258,49,209,-39" /><INIT seed="5,0,0,3,3,63" ten="214,309,307,170" oya="1" hai0="79,98,122,27,0,128,5,36,104,110,68,15,13" hai1="72,95,103,107,83,41,101,48,120,100,109,34,65" hai2="14,86,52,2,67,17,102,55,10,29,64,114,93" hai3="88,33,37,32,91,58,44,132,51,25,74,118,129"/><U57/><E34/><V21/><F114/><W123/><G123/><T115/><D68/><U81/><E120/><V49/><F2/><W125/><G74/><T66/><D36/><U18/><E109/><V20/><F102/><W70/><G70/><T12/><D128/><U105/><E18/><V59/><F29/><W4/><G129/><T97/><D115/><U26/><E26/><V56/><F93/><W31/><G118/><T43/><D43/><U90/><E65/><N who="2" m="25163" /><F86/><W78/><G33/><T75/><D110/><U108/><E108/><V82/><F82/><N who="1" m="31241" /><E57/><V61/><AGARI ba="0,0" hai="10,14,17,20,21,49,52,55,56,59,61" m="25163" machi="61" ten="30,8000,1" yaku="8,1,52,3,54,1" doraHai="63" who="2" fromWho="2" sc="214,-20,309,-40,307,80,170,-20" /><INIT seed="6,0,0,0,5,42" ten="194,269,387,150" oya="2" hai0="71,111,82,92,117,98,2,81,64,115,29,31,25" hai1="66,119,52,33,79,67,28,83,4,102,5,70,128" hai2="99,35,38,103,30,133,114,16,78,1,41,63,121" hai3="12,135,104,59,32,56,123,89,126,58,75,69,3"/><V27/><F121/><W93/><G3/><T110/><D2/><U24/><E70/><V53/><F114/><W48/><G104/><T9/><D31/><U54/><E119/><V15/><F133/><W76/><G69/><T8/><D115/><U17/><E128/><V72/><F1/><W0/><G0/><T22/><D117/><U14/><E102/><V97/><F72/><W101/><G123/><T51/><D64/><U43/><E43/><V118/><F118/><W88/><G135/><T34/><D71/><U6/><E67/><V61/><F78/><W77/><G126/><T106/><D106/><U74/><REACH who="1" step="1"/><E66/><REACH who="1" ten="194,259,387,150" step="2"/><V87/><F103/><W45/><G32/><T80/><D34/><U96/><E96/><V23/><F99/><N who="3" m="59631" /><G75/><T13/><D111/><U90/><E90/><N who="3" m="34922" /><G12/><T130/><D110/><U84/><E84/><V134/><F97/><W57/><N who="3" m="14848" /><DORA hai="85" /><W68/><G68/><T132/><D132/><U49/><E49/><V19/><F15/><W18/><G18/><T20/><D51/><U39/><E39/><V37/><F19/><W131/><G131/><T50/><D130/><U95/><E95/><V124/><F16/><W44/><G48/><T55/><D50/><U26/><E26/><V112/><F27/><W21/><G21/><AGARI ba="0,1" hai="4,5,6,14,17,21,24,28,33,52,54,74,79,83" machi="21" ten="40,2600,0" yaku="1,1,54,1,53,0" doraHai="42,85" doraHaiUra="125,113" who="1" fromWho="3" sc="194,0,259,36,387,0,150,-26" /><INIT seed="7,0,0,1,5,80" ten="194,295,387,124" oya="3" hai0="105,19,23,34,60,13,46,100,92,116,22,62,21" hai1="97,104,35,7,15,5,30,9,45,125,42,10,113" hai2="103,107,90,3,59,24,6,57,129,39,123,65,50" hai3="110,106,0,61,115,121,128,33,36,14,134,127,29"/><W68/><G29/><T117/><D34/><U99/><E104/><V2/><F39/><W95/><G14/><T28/><D105/><U72/><E72/><V40/><F129/><W26/><G26/><T81/><D46/><U32/><E125/><V25/><F6/><W119/><G95/><T53/><D28/><U79/><E79/><V85/><F107/><W56/><G56/><T126/><D126/><U55/><E55/><V111/><F111/><W16/><G61/><T87/><D53/><U8/><E113/><V89/><F123/><W83/><G83/><T75/><D75/><U17/><E45/><V67/><F103/><W18/><G18/><T130/><D130/><U69/><E69/><V86/><F50/><W109/><G16/><T38/><D38/><U132/><E132/><V78/><F78/><W120/><G110/><T54/><D54/><U74/><E42/><AGARI ba="0,0" hai="2,3,24,25,40,42,57,59,65,67,85,86,89,90" machi="42" ten="25,6400,0" yaku="22,2,52,2" doraHai="80" who="2" fromWho="1" sc="194,0,295,-64,387,64,124,0" owari="194,-21.0,231,3.0,451,56.0,124,-38.0" /></mjloggm>