<mjloggm ver="2.3"><GO type="169" lobby="0"/><UN n0="%79%61%6E%6F%70%61%6E" n1="%E3%83%88%E3%83%88%E3%83%AA%E5%85%88%E7%94%9F%31%39%E6%AD%B3" n2="%E3%82%B7%E3%83%A3%E3%83%B3%E3%83%86%E3%83%B3%E5%9C%B0%E7%8D%84%E2%98%86" n3="%73%68%6F%6F%74%33%39" dan="16,18,17,18" rate="2070.34,2268.54,2131.62,2203.66" sx="M,F,F,M"/><TAIKYOKU oya="0"/><INIT seed="0,0,0,2,0,47" ten="250,250,250,250" oya="0" hai0="33,44,85,132,12,6,16,2,89,94,86,128,36" hai1="13,51,121,27,23,8,79,72,53,39,50,28,46" hai2="88,97,35,40,129,11,103,62,73,38,90,75,41" hai3="18,95,119,131,0,58,37,125,57,42,101,45,68"/><T122/><D122/><U96/><E121/><V26/><F129/><W115/><G0/><T120/><D120/><U123/><E123/><V76/><F11/><W14/><G119/><T108/><D33/><U20/><E72/><V63/><F35/><W91/><G115/><T74/><D74/><U22/><E79/><V4/><F4/><W110/><G68/><T98/><D128/><U114/><E39/><V3/><F3/><W64/><G131/><T109/><D132/><U66/><E114/><V15/><F15/><W31/><G31/><T34/><D34/><U77/><E77/><V59/><F26/><W117/><G101/><T116/><D116/><U80/><E80/><V105/><F62/><W30/><G30/><T1/><D1/><U99/><E66/><V113/><F113/><W7/><G7/><T9/><D44/><N who="1" m="27847" /><E27/><V126/><F76/><W107/><G107/><T92/><D36/><U82/><E82/><V133/><F133/><W87/><G64/><T67/><D67/><U102/><E102/><V124/><F75/><W112/><G112/><T61/><D61/><U111/><E111/><N who="0" m="42569" /><D92/><U81/><E81/><V56/><F73/><W54/><G110/><T32/><D32/><U5/><E28/><V24/><F38/><W21/><G117/><T52/><D52/><AGARI ba="0,0" hai="5,8,13,20,22,23,46,51,52,96,99" m="27847" machi="52" ten="30,7700,0" yaku="8,1,52,2,54,1" doraHai="47" who="1" fromWho="0" sc="250,-77,250,77,250,0,250,0" /><INIT seed="1,0,0,0,4,14" ten="173,327,250,250" oya="1" hai0="115,85,72,22,65,86,39,40,2,64,134,108,28" hai1="30,55,116,66,122,19,129,133,23,3,100,77,58" hai2="80,38,67,17,48,18,75,5,0,79,35,53,119" hai3="8,95,49,20,131,106,69,130,54,135,44,25,87"/><U6/><E116/><V92/><F35/><W84/><G106/><T27/><D115/><U78/><E122/><V132/><F119/><W74/><G74/><T10/><D72/><U101/><E129/><N who="3" m="49162" /><G135/><T41/><D108/><U31/><E133/><V103/><F67/><W107/><G107/><T98/><D134/><U36/><E36/><V46/><F132/><W56/><G69/><T4/><D98/><U61/><E6/><V33/><F33/><W123/><G123/><T94/><D39/><U32/><E3/><V117/><F117/><W21/><G8/><T127/><D127/><U110/><E110/><V128/><F128/><W60/><G95/><T29/><D29/><N who="1" m="10763" /><E66/><V99/><REACH who="2" step="1"/><F38/><REACH who="2" ten="173,327,240,250" step="2"/><W43/><G21/><T82/><D65/><U42/><E32/><V51/><F51/><W76/><G76/><N who="1" m="29290" /><E42/><V118/><F118/><W112/><G112/><T71/><D64/><U16/><E23/><V124/><F124/><W1/><G1/><T81/><D71/><U97/><E97/><V104/><F104/><W12/><G43/><T11/><D2/><U113/><E113/><V125/><F125/><W105/><G105/><T109/><D22/><U37/><E37/><V93/><F93/><W63/><G12/><T120/><D120/><U111/><E111/><V47/><F47/><W88/><G44/><T90/><D109/><U15/><E15/><V45/><F45/><W52/><G20/><N who="0" m="15463" /><D41/><U70/><E70/><V7/><F7/><W102/><G54/><T68/><D68/><U89/><E55/><V34/><F34/><W59/><G52/><T73/><D40/><RYUUKYOKU ba="0,1" sc="173,-10,327,-10,240,30,250,-10" hai2="0,5,17,18,46,48,53,75,79,80,92,99,103" /><INIT seed="2,1,1,1,5,90" ten="163,317,270,240" oya="2" hai0="73,82,94,103,81,48,61,44,113,42,64,117,54" hai1="116,128,30,60,70,83,27,53,95,85,39,24,23" hai2="18,25,5,74,93,9,123,101,41,33,67,80,29" hai3="125,47,31,84,96,110,36,106,26,21,107,17,119"/><V34/><F123/><W111/><G119/><T11/><D113/><U51/><E116/><V92/><F34/><W98/><G125/><T57/><D117/><U135/><E39/><V78/><F101/><W38/><G84/><T72/><D72/><U129/><E135/><V46/><F67/><W56/><G56/><T97/><D73/><U50/><E27/><V133/><F18/><W126/><G126/><T99/><D11/><U108/><E108/><N who="3" m="41514" /><G17/><T49/><REACH who="0" step="1"/><D99/><REACH who="0" ten="153,317,270,240" step="2"/><N who="3" m="37929" /><G38/><T22/><D22/><U12/><E23/><V105/><F133/><W16/><G31/><T87/><D87/><U45/><E85/><V69/><F105/><W79/><G79/><T86/><D86/><U32/><E30/><V13/><REACH who="2" step="1"/><F69/><AGARI ba="1,2" hai="42,44,48,49,54,57,61,64,69,81,82,94,97,103" machi="69" ten="30,7700,0" yaku="1,1,7,1,52,1,53,1" doraHai="90" doraHaiUra="88" who="0" fromWho="2" sc="153,100,317,0,270,-80,240,0" /><INIT seed="3,0,0,3,0,8" ten="253,317,190,240" oya="3" hai0="111,95,14,46,53,50,122,71,133,100,32,20,117" hai1="12,101,67,25,115,21,92,62,82,97,91,131,34" hai2="72,106,77,13,31,109,116,93,22,68,1,73,79" hai3="37,0,39,85,98,19,45,41,17,44,96,61,36"/><W7/><G0/><T121/><D32/><U75/><E131/><V78/><F106/><W40/><G7/><T59/><D117/><U127/><E127/><V99/><F68/><W60/><G39/><T126/><D71/><U52/><E115/><V42/><F1/><W28/><G85/><T4/><D126/><U81/><E34/><V47/><F116/><W35/><G35/><T90/><D111/><U56/><E75/><V108/><F72/><W80/><G80/><T10/><D133/><U24/><E67/><V23/><F73/><W33/><G33/><T49/><D100/><U118/><E118/><V11/><F31/><AGARI ba="0,0" hai="17,19,28,31,36,37,40,41,44,45,60,61,96,98" machi="31" ten="25,2400,0" yaku="22,2" doraHai="8" who="3" fromWho="2" sc="253,0,317,0,190,-24,240,24" /><INIT seed="3,1,0,3,3,106" ten="253,317,166,264" oya="3" hai0="34,13,128,59,132,24,37,63,40,28,126,130,101" hai1="111,92,39,0,7,79,41,84,31,113,100,121,91" hai2="72,112,99,75,8,12,131,93,60,123,54,32,109" hai3="108,119,64,110,129,44,68,96,87,49,89,38,103"/><W19/><G119/><T6/><D126/><U73/><E113/><V30/><F112/><W16/><G38/><T82/><D132/><U58/><E121/><V5/><F123/><W27/><G129/><N who="0" m="49771" /><D101/><U134/><E134/><V51/><F131/><W115/><G115/><T29/><D29/><U122/><E122/><V35/><F60/><W65/><G68/><T95/><D95/><U86/><E111/><N who="3" m="42538" /><G27/><T14/><D6/><U4/><E84/><V107/><F107/><N who="3" m="63975" /><G65/><N who="0" m="39167" /><D82/><U70/><E39/><V67/><F67/><W66/><G64/><T1/><D1/><U81/><E0/><V85/><F109/><W118/><G66/><T50/><D37/><U22/><E70/><V135/><F135/><W76/><G118/><T61/><D61/><U53/><E31/><V104/><F30/><W117/><G117/><T116/><D116/><U69/><E69/><V42/><F35/><W17/><G76/><T47/><AGARI ba="1,0" hai="13,14,24,28,34,40,47,50" m="39167,49771" machi="47" ten="30,1100,0" yaku="19,1" doraHai="106" who="0" fromWho="0" sc="253,14,317,-4,166,-4,264,-6" /><INIT seed="4,0,0,1,5,9" ten="267,313,162,258" oya="0" hai0="31,117,132,99,96,79,57,19,61,115,41,120,54" hai1="4,10,88,52,84,66,18,111,75,107,74,60,12" hai2="0,1,40,89,35,125,126,20,64,8,80,49,135" hai3="122,38,69,70,23,45,91,73,77,102,131,6,76"/><T16/><D120/><U78/><E111/><V93/><F35/><W106/><G76/><T95/><D117/><U110/><E110/><V51/><F64/><W11/><G23/><T68/><D115/><U116/><E116/><V55/><F135/><W129/><G91/><T87/><D132/><U121/><E121/><V5/><F80/><N who="3" m="45103" /><G122/><T58/><D68/><U53/><E107/><V67/><F67/><W3/><G102/><T104/><D104/><U33/><E33/><V7/><F20/><W56/><G56/><N who="0" m="34967" /><D31/><U30/><E30/><V13/><F40/><N who="3" m="22679" /><G106/><T83/><D41/><U134/><E134/><V24/><F24/><W62/><G62/><T17/><D95/><N who="1" m="54663" /><E78/><V112/><F112/><W114/><G114/><T42/><D42/><U119/><E75/><V130/><F130/><AGARI ba="0,0" hai="3,6,11,69,70,129,130,131" m="22679,45103" machi="130" ten="30,3900,0" yaku="25,1,19,1,23,1" doraHai="9" who="3" fromWho="2" sc="267,0,313,0,162,-39,258,39" /><INIT seed="5,0,0,2,0,112" ten="267,313,123,297" oya="1" hai0="125,118,52,10,132,29,58,51,22,56,35,11,43" hai1="30,26,109,12,114,50,47,46,8,62,101,80,81" hai2="89,119,78,75,83,65,107,53,104,115,41,17,91" hai3="116,72,32,39,106,7,20,74,94,57,1,86,21"/><U105/><E114/><V76/><F115/><W122/><G106/><T121/><D35/><U18/><E109/><V64/><F41/><W49/><G32/><T40/><D121/><U128/><E128/><V61/><F78/><W55/><G39/><T42/><D132/><U71/><E47/><V93/><F65/><W130/><G122/><T135/><D135/><U95/><E105/><V82/><F82/><W28/><G130/><T88/><D118/><U68/><E95/><V133/><F133/><W31/><G1/><T111/><D111/><U90/><E101/><V63/><F63/><W98/><G7/><T77/><D125/><U129/><E129/><V103/><F119/><W67/><G86/><T9/><D77/><U85/><E62/><V44/><F103/><W45/><G116/><T59/><D29/><N who="3" m="11337" /><G74/><T13/><D22/><N who="3" m="8809" /><G72/><T113/><D113/><U5/><E80/><V102/><F17/><W2/><G2/><T110/><D110/><U87/><E87/><V24/><F24/><W99/><G94/><T70/><D70/><U73/><E5/><V25/><F25/><W0/><G0/><T69/><D69/><U37/><E37/><V48/><F104/><W34/><G34/><T134/><D134/><U84/><E84/><V4/><F107/><W117/><G117/><T38/><D38/><U36/><E36/><V120/><F4/><W6/><G6/><T127/><D13/><U19/><E73/><V66/><F120/><W33/><G33/><T54/><D9/><U60/><E68/><N who="2" m="41999" /><F66/><W123/><G123/><T131/><D131/><U126/><E71/><RYUUKYOKU ba="0,0" sc="267,-15,313,-15,123,15,297,15" hai2="44,48,53,75,76,83,89,91,93,102" hai3="45,49,55,57,67,98,99" /><INIT seed="6,1,0,0,1,82" ten="252,298,138,312" oya="2" hai0="49,5,53,39,45,55,34,80,92,40,68,111,73" hai1="117,135,29,106,66,38,22,36,0,23,132,83,123" hai2="43,121,6,44,58,133,46,69,100,90,41,50,75" hai3="134,64,113,9,116,72,91,120,19,35,1,33,79"/><V56/><F121/><W15/><G64/><T105/><D111/><U59/><E106/><V103/><F69/><W52/><G116/><T70/><D105/><U3/><E117/><V62/><F75/><W57/><G120/><T2/><D34/><U16/><E123/><V107/><F133/><N who="1" m="51273" /><E83/><V65/><F107/><W87/><G79/><N who="0" m="44143" /><D92/><U74/><E74/><V12/><F56/><W122/><G72/><T110/><D110/><U8/><E8/><V129/><F129/><W76/><G76/><T128/><D128/><U28/><E59/><V31/><F31/><N who="1" m="11849" /><E23/><V97/><F6/><W109/><G109/><T112/><D112/><U124/><E66/><V115/><F115/><W51/><G113/><T27/><D27/><N who="1" m="14791" /><E124/><V95/><REACH who="2" step="1"/><F12/><REACH who="2" ten="252,298,128,312" step="2"/><W78/><G122/><T47/><D68/><U7/><E7/><V93/><F93/><N who="3" m="54527" /><G134/><T89/><D70/><U131/><E131/><V104/><F104/><W85/><G1/><AGARI ba="1,1" hai="0,1,3,36,38" m="14791,11849,51273" machi="1" ten="30,2000,0" yaku="20,1,54,1" doraHai="82" who="1" fromWho="3" sc="252,0,298,33,128,0,312,-23" /><INIT seed="7,0,0,1,2,112" ten="252,331,128,289" oya="3" hai0="105,31,9,11,116,85,28,94,102,107,2,40,133" hai1="20,48,52,80,13,98,50,14,96,57,43,61,78" hai2="75,100,6,8,72,51,24,89,16,1,84,115,135" hai3="103,33,128,93,83,64,132,10,126,117,101,3,125"/><W38/><G38/><T73/><D73/><U46/><E61/><V99/><F115/><W71/><G33/><T82/><D133/><U109/><E109/><V4/><F135/><W97/><G132/><T37/><D94/><U44/><E57/><V74/><F6/><N who="3" m="1375" /><G128/><T129/><D129/><U111/><E111/><V12/><F24/><W66/><G103/><T53/><D53/><U65/><E65/><N who="3" m="25194" /><G83/><T121/><D121/><U113/><E113/><V69/><F69/><W55/><G55/><T88/><D37/><U81/><E81/><V119/><F99/><N who="1" m="37929" /><E20/><V131/><F100/><W63/><G63/><T36/><D102/><U104/><E104/><V59/><F131/><W124/><G71/><T5/><D36/><U18/><E18/><V32/><F32/><W56/><G56/><T76/><D40/><U21/><E21/><V95/><F119/><AGARI ba="0,0" hai="93,97,101,117,119,124,125,126" m="25194,1375" machi="119" ten="40,7700,0" yaku="18,1,52,2" doraHai="112" who="3" fromWho="2" sc="252,0,331,0,128,-77,289,77" owari="252,-15.0,331,13.0,51,-45.0,366,47.0" /></mjloggm>