<mjloggm ver="2.3"><GO type="97" lobby="0"/><UN n0="%E5%B0%B1%E6%B4%BB%E7%94%9F%40%E5%B7%9D%E6%9D%91%E8%BB%8D%E5%9B%A3" n1="%E3%82%86%E3%82%8C%E3%81%AA%E3%81%8C%E3%82%89" n2="%E3%82%BF%E3%82%B3%E3%82%B9%EF%BC%A0%E6%9D%B1%E9%A2%A8" n3="%57%65%62%63%6F%6D" dan="15,15,15,14" rate="2010.27,2011.13,1953.77,1887.11" sx="M,M,M,M"/><TAIKYOKU oya="0"/><INIT seed="0,0,0,2,3,18" ten="250,250,250,250" oya="0" hai0="93,109,134,88,85,86,19,114,125,37,45,131,110" hai1="97,96,26,68,24,81,9,20,122,29,118,108,102" hai2="33,34,67,119,43,111,104,25,103,99,16,130,21" hai3="133,64,13,92,57,80,7,54,36,65,5,83,124"/><T106/><D106/><U50/><E118/><V63/><F111/><N who="0" m="42506" /><D114/><U87/><E108/><V42/><F130/><W52/><G36/><T90/><D131/><U51/><E68/><N who="2" m="42111" /><F34/><W55/><G124/><T61/><D134/><U78/><E122/><V46/><F46/><W0/><G0/><T120/><D120/><U60/><E9/><V98/><F98/><N who="1" m="37993" /><E102/><V91/><F91/><W123/><G92/><N who="0" m="54287" /><D61/><U73/><E73/><V58/><F58/><W22/><G123/><T69/><D69/><U128/><E128/><V71/><F71/><W79/><G133/><T30/><D30/><U127/><E127/><V107/><F107/><W77/><G57/><T115/><D125/><U132/><E132/><V95/><F95/><W101/><G55/><T117/><D115/><U39/><E39/><V6/><F6/><W40/><G13/><T10/><D117/><U135/><E135/><V112/><F112/><W23/><G40/><N who="0" m="22671" /><D10/><U3/><E3/><V113/><F113/><W49/><G49/><N who="1" m="18442" /><E60/><V2/><F2/><W89/><G89/><T66/><D19/><U14/><E29/><N who="2" m="19631" /><F119/><W75/><G75/><T72/><D72/><U53/><E53/><V121/><F121/><W4/><G4/><T70/><D70/><U56/><E56/><V17/><F17/><AGARI ba="0,0" hai="14,17,20,24,26,78,81,87" m="18442,37993" machi="17" ten="30,2000,0" yaku="8,1,52,1" doraHai="18" who="1" fromWho="2" sc="250,0,250,20,250,-20,250,0" /><INIT seed="1,0,0,2,1,18" ten="250,270,230,250" oya="1" hai0="48,130,111,134,20,13,8,105,50,87,57,99,67" hai1="74,70,2,103,125,69,86,104,29,24,100,72,63" hai2="115,126,61,6,95,4,34,90,89,109,0,88,16" hai3="19,85,41,44,26,47,17,135,91,73,21,124,46"/><U37/><E37/><V33/><F109/><W113/><G73/><T45/><D111/><U31/><E2/><V96/><F126/><W82/><G124/><T40/><D130/><U81/><E125/><V117/><F117/><W1/><G1/><T79/><D134/><U23/><E31/><V84/><F115/><W53/><G113/><T54/><D67/><U71/><E63/><V110/><F110/><W123/><G123/><T127/><D105/><U56/><E56/><V59/><F34/><W114/><G135/><T51/><D99/><U118/><E118/><V49/><F33/><W7/><G7/><N who="2" m="2601" /><F0/><W28/><G114/><T43/><D127/><U32/><E32/><V102/><F49/><W30/><G30/><T39/><D8/><U132/><E132/><V97/><F97/><W116/><G116/><T133/><D40/><U68/><E68/><V58/><F84/><W42/><G53/><T83/><REACH who="0" step="1"/><D133/><REACH who="0" ten="240,270,230,250" step="2"/><U66/><E66/><V101/><F101/><W36/><G47/><T5/><D5/><U121/><E121/><V25/><F61/><W52/><G52/><T11/><D11/><U98/><REACH who="1" step="1"/><E100/><REACH who="1" ten="240,260,230,250" step="2"/><V14/><F102/><W10/><REACH who="3" step="1"/><G10/><REACH who="3" ten="240,260,230,240" step="2"/><T55/><D55/><U120/><E120/><V65/><F65/><W93/><G93/><T112/><D112/><U22/><E22/><N who="2" m="11543" /><F95/><W78/><G78/><AGARI ba="0,3" hai="23,24,29,69,70,71,72,74,78,81,86,98,103,104" machi="78" ten="40,3900,0" yaku="1,1,52,1,53,0" doraHai="18" doraHaiUra="108" who="1" fromWho="3" sc="240,0,260,69,230,0,240,-39" /><INIT seed="1,1,0,2,3,94" ten="240,329,230,201" oya="1" hai0="125,118,73,90,129,24,63,110,8,46,29,10,85" hai1="17,115,102,54,55,20,30,18,80,103,96,70,122" hai2="37,107,76,97,23,47,106,84,11,43,56,42,41" hai3="74,127,120,19,27,113,51,5,77,3,83,98,126"/><U88/><E115/><V130/><F130/><W9/><G120/><T36/><D73/><U13/><E70/><V112/><F112/><W39/><G39/><T111/><D118/><U67/><E122/><V59/><F37/><W61/><G113/><T52/><D125/><N who="3" m="47625" /><G51/><N who="0" m="28791" /><D36/><U21/><E30/><V131/><F131/><W134/><G61/><T117/><D63/><U60/><E55/><V6/><F47/><W65/><G65/><T100/><D100/><U68/><E54/><V78/><F23/><N who="3" m="13823" /><G134/><T38/><D38/><U104/><E103/><V72/><F72/><W116/><G98/><T31/><D117/><AGARI ba="1,0" hai="3,5,9,74,77,83,116,117" m="13823,47625" machi="117" ten="30,1000,0" yaku="18,1" doraHai="94" who="3" fromWho="0" sc="240,-13,329,0,230,0,201,13" /><INIT seed="2,0,0,2,4,98" ten="227,329,230,214" oya="2" hai0="92,31,91,38,22,125,44,55,134,123,135,52,5" hai1="35,45,99,96,73,110,93,75,19,60,41,89,126" hai2="79,112,37,51,4,54,124,122,59,97,61,88,87" hai3="77,103,80,62,12,133,18,49,36,100,43,69,46"/><V121/><F37/><W117/><G117/><T24/><D123/><U76/><E35/><V105/><F112/><W63/><G133/><N who="0" m="50699" /><D5/><U30/><E30/><V53/><F124/><W114/><G114/><T8/><D8/><U82/><E126/><V131/><F131/><W101/><G36/><T95/><D125/><U108/><E60/><V83/><F4/><W116/><G116/><T102/><D102/><U9/><E75/><V57/><REACH who="2" step="1"/><F105/><REACH who="2" ten="227,329,220,214" step="2"/><W71/><G69/><T16/><D31/><U106/><E106/><V42/><F42/><W33/><G71/><T65/><D65/><U47/><E41/><V50/><F50/><W72/><REACH who="3" step="1"/><G33/><REACH who="3" ten="227,329,220,204" step="2"/><T20/><D38/><U26/><E108/><V27/><F27/><W1/><G1/><T15/><D24/><U118/><E110/><V58/><F58/><W2/><G2/><T48/><D15/><N who="1" m="7663" /><E26/><V129/><F129/><W119/><G119/><T11/><D48/><U78/><E118/><V64/><F64/><W17/><G17/><T115/><D16/><U94/><E45/><V40/><F40/><W86/><G86/><T34/><D44/><U70/><E47/><V32/><F32/><W13/><G13/><T113/><D34/><U109/><E70/><V10/><F10/><AGARI ba="0,2" hai="10,12,18,43,46,49,62,63,72,77,80,100,101,103" machi="10" ten="40,8000,1" yaku="1,1,52,3,53,0" doraHai="98" doraHaiUra="66" who="3" fromWho="2" sc="227,0,329,0,220,-80,204,100" /><INIT seed="3,0,0,0,5,61" ten="227,329,140,304" oya="3" hai0="56,11,4,34,73,78,49,40,110,96,45,105,25" hai1="100,21,87,103,36,13,2,95,6,32,29,97,30" hai2="10,122,82,81,43,109,66,68,118,128,31,70,0" hai3="12,48,50,114,79,120,83,3,92,72,134,42,116"/><W115/><G3/><T53/><D110/><U121/><E36/><V77/><F118/><W64/><G116/><T98/><D73/><U74/><E121/><V125/><F109/><W14/><G120/><T65/><D78/><U41/><E74/><V58/><F122/><W52/><G134/><T24/><D65/><U20/><E2/><V135/><F135/><W80/><G64/><T23/><D34/><U7/><E41/><V130/><F31/><N who="1" m="11785" /><E32/><V60/><F43/><W55/><G42/><T76/><D76/><U104/><E104/><V1/><F125/><W93/><G72/><T38/><D105/><U91/><E97/><V67/><F58/><W16/><G79/><T119/><D119/><U9/><E7/><V54/><F54/><W33/><G33/><T112/><D112/><U111/><E111/><V102/><F102/><AGARI ba="0,0" hai="6,9,13,20,21,87,91,95,100,102,103" m="11785" machi="102" ten="30,1000,0" yaku="8,1" doraHai="61" who="1" fromWho="2" sc="227,0,329,10,140,-10,304,0" owari="227,-17.0,339,44.0,130,-37.0,304,10.0" /></mjloggm>