<mjloggm ver="2.3"><GO type="169" lobby="0"/><UN n0="%E3%82%A6%E3%83%AB%E3%83%88%E3%83%A9%E7%AB%8B%E7%9B%B4" n1="%E3%83%80%E3%83%B3%E3%83%86" n2="%E3%81%AF%E3%81%BF%E3%82%82%E3%82%93" n3="%E3%82%89%E3%81%84%E3%81%B5%E3%81%8C%E3%83%BC%E3%81%A9%E3%81%99%E3%81%8D" dan="17,16,16,17" rate="2126.49,2108.16,2150.92,2145.65" sx="M,M,M,M"/><TAIKYOKU oya="0"/><INIT seed="0,0,0,4,4,55" ten="250,250,250,250" oya="0" hai0="60,47,25,114,38,35,65,32,41,48,116,12,5" hai1="72,61,132,134,94,16,101,97,30,17,49,92,29" hai2="28,86,108,93,46,102,121,45,119,15,18,84,112" hai3="6,126,129,115,80,42,54,9,10,21,82,113,83"/><T87/><D116/><U2/><E2/><V58/><F108/><W125/><G42/><T135/><D114/><N who="3" m="43529" /><G21/><T8/><D135/><N who="1" m="51755" /><E72/><V24/><F121/><W59/><G129/><T98/><D38/><U39/><E39/><V131/><F131/><W111/><G6/><T107/><D25/><U120/><E120/><V34/><F119/><W130/><G130/><T106/><D87/><U133/><N who="1" m="51763" /><U95/><DORA hai="14" /><E61/><V64/><F86/><W3/><G3/><T66/><D66/><U110/><E49/><V0/><F0/><W127/><G111/><T57/><REACH who="0" step="1"/><D98/><REACH who="0" ten="240,250,250,250" step="2"/><U22/><E110/><V56/><F84/><W79/><G79/><T63/><D63/><AGARI ba="0,1" hai="9,10,54,59,63,80,82,83,125,126,127" m="43529" machi="63" ten="40,2600,0" yaku="18,1,52,1" doraHai="55,14" who="3" fromWho="0" sc="240,-26,250,0,250,0,250,36" /><INIT seed="1,0,0,3,4,108" ten="214,250,250,286" oya="1" hai0="55,63,132,118,37,83,4,130,84,53,47,8,31" hai1="34,70,27,114,65,95,94,131,73,41,91,44,54" hai2="66,29,100,7,86,57,9,50,75,17,111,19,36" hai3="26,25,121,1,46,13,49,88,92,42,39,81,15"/><U82/><E131/><V104/><F75/><W119/><G121/><T10/><D118/><U120/><E120/><V122/><F36/><W59/><G1/><T33/><D130/><U103/><E114/><V90/><F111/><W113/><G113/><T125/><D125/><U80/><E54/><V78/><F29/><W97/><G119/><T107/><D107/><U109/><E109/><V96/><F78/><W124/><G124/><T87/><D132/><U5/><E5/><V60/><F50/><W115/><G115/><T74/><D74/><U30/><E103/><V71/><F71/><W64/><G81/><T14/><D31/><U105/><E105/><V116/><F116/><W72/><G72/><T22/><D33/><U110/><E110/><V21/><F21/><W123/><G123/><T135/><D22/><U3/><E3/><V112/><F112/><W0/><G0/><T98/><D37/><U61/><E95/><V76/><F76/><W85/><G39/><T89/><D53/><U117/><E117/><V101/><F101/><W48/><G64/><T18/><D135/><U12/><E12/><V23/><F23/><W68/><G15/><N who="0" m="7543" /><D98/><U11/><E11/><V24/><F24/><N who="3" m="9323" /><G68/><T129/><D129/><U2/><E2/><V56/><F122/><W38/><G13/><T45/><D84/><N who="1" m="52583" /><E73/><V52/><F9/><W20/><G20/><T67/><D67/><U28/><E28/><V126/><F126/><W32/><G32/><T79/><D79/><U99/><E99/><V6/><F104/><W102/><G59/><AGARI ba="0,0" hai="4,8,14,45,47,55,59,63,83,87,89" m="7543" machi="59" ten="30,1000,0" yaku="8,1" doraHai="108" who="0" fromWho="3" sc="214,10,250,0,250,0,286,-10" /><INIT seed="2,0,0,5,5,23" ten="224,250,250,276" oya="2" hai0="68,75,42,103,38,4,76,113,27,29,24,47,134" hai1="2,11,6,61,88,51,49,43,10,50,82,25,71" hai2="48,120,122,116,16,86,87,101,15,91,74,17,106" hai3="1,67,59,80,66,127,94,99,44,45,132,111,83"/><V117/><F74/><W60/><G1/><T98/><D113/><U30/><E11/><V114/><F114/><W8/><G111/><T52/><D68/><U107/><E107/><V118/><F86/><W13/><G127/><T123/><D123/><U19/><E19/><V84/><F87/><W34/><G34/><T37/><D37/><U73/><E73/><V28/><F28/><W131/><G131/><T64/><D64/><U65/><E43/><V22/><F48/><W81/><G67/><T0/><D29/><U112/><E112/><V130/><F130/><W57/><G57/><T32/><D32/><U72/><E72/><V105/><F17/><N who="3" m="8359" /><G132/><T55/><D55/><U90/><REACH who="1" step="1"/><E82/><REACH who="1" ten="224,240,250,276" step="2"/><V121/><REACH who="2" step="1"/><F101/><AGARI ba="0,1" hai="44,45,59,60,66,80,81,83,94,99,101" m="8359" machi="101" ten="30,1000,0" yaku="8,1" doraHai="23" who="3" fromWho="2" sc="224,0,240,0,250,-10,276,20" /><INIT seed="3,0,0,0,0,131" ten="224,240,240,296" oya="3" hai0="66,7,28,105,129,134,99,122,13,98,78,33,103" hai1="35,90,80,72,62,82,64,5,95,113,108,42,12" hai2="74,49,31,87,85,60,26,57,92,30,63,125,0" hai3="36,130,117,27,55,56,10,133,41,21,53,104,37"/><W25/><G117/><T3/><D13/><U17/><E35/><V102/><F74/><W1/><G130/><T123/><D129/><U110/><E113/><V44/><F0/><W132/><G104/><T29/><D78/><U70/><E5/><V68/><F68/><W109/><G109/><N who="1" m="42090" /><E42/><N who="2" m="24727" /><F125/><W40/><G1/><T38/><D38/><U118/><E72/><V15/><F15/><W23/><G56/><T19/><D19/><U119/><E119/><V111/><F63/><W43/><REACH who="3" step="1"/><G40/><REACH who="3" ten="224,240,240,286" step="2"/><T89/><D3/><U91/><E118/><V73/><F111/><W77/><G77/><T97/><D105/><U8/><E91/><V59/><F57/><W79/><G79/><T126/><D89/><U4/><E4/><V121/><F59/><W124/><G124/><T46/><D7/><U71/><E71/><V112/><F112/><W115/><G115/><T128/><D126/><U58/><E70/><V18/><F102/><W76/><G76/><T96/><D128/><U2/><E2/><V11/><F73/><W16/><G16/><T54/><D103/><U20/><E8/><AGARI ba="0,1" hai="8,10,21,23,25,27,36,37,41,43,53,55,132,133" machi="8" ten="25,12000,1" yaku="1,1,22,2,52,2,53,0" doraHai="131" doraHaiUra="93" who="3" fromWho="1" sc="224,0,240,-120,240,0,286,130" /><INIT seed="3,1,0,1,0,127" ten="224,120,240,416" oya="3" hai0="40,5,46,135,29,7,110,112,133,17,18,50,64" hai1="22,125,77,109,15,60,48,99,61,59,72,12,66" hai2="38,8,128,36,114,2,3,101,33,118,42,96,9" hai3="79,107,0,30,62,129,87,92,25,123,102,53,27"/><W26/><G123/><T63/><D29/><U4/><E125/><V100/><F42/><W81/><G0/><T105/><D105/><U10/><E109/><V113/><F96/><N who="3" m="59655" /><G107/><T80/><D80/><U39/><E39/><V55/><F55/><W67/><G67/><T95/><D95/><U35/><E35/><V74/><F33/><W91/><G129/><T28/><D28/><U20/><E72/><V93/><F93/><W124/><G124/><T121/><D121/><U115/><E77/><V88/><F88/><W89/><G30/><T52/><D40/><U131/><E115/><V45/><F45/><W70/><G70/><T57/><D110/><U13/><E99/><V111/><F111/><W84/><G84/><T117/><D117/><U106/><E106/><V41/><F41/><W86/><G86/><T19/><REACH who="0" step="1"/><D112/><REACH who="0" ten="214,120,240,416" step="2"/><U1/><E131/><V116/><F74/><W134/><G81/><T65/><D65/><U108/><E108/><V97/><F97/><W83/><G83/><T85/><D85/><U104/><E104/><V23/><F128/><W11/><G87/><T78/><D78/><U16/><E61/><V34/><F34/><W73/><G79/><T51/><D51/><U75/><E75/><V82/><F82/><W31/><G73/><T76/><D76/><U44/><REACH who="1" step="1"/><E22/><AGARI ba="1,1" hai="2,3,8,9,22,23,36,38,100,101,113,114,116,118" machi="22" ten="25,1600,0" yaku="22,2" doraHai="127" who="2" fromWho="1" sc="214,0,120,-19,240,29,416,0" /><INIT seed="4,0,0,5,5,51" ten="214,101,269,416" oya="0" hai0="95,98,94,59,82,12,44,99,61,125,48,77,89" hai1="87,65,113,37,4,8,127,110,114,56,66,25,9" hai2="28,112,108,126,130,64,5,0,36,71,31,123,81" hai3="101,24,73,13,83,50,16,11,29,17,33,134,58"/><T62/><D125/><U68/><E68/><V100/><F108/><W39/><G39/><T46/><D12/><U92/><E110/><V103/><F123/><W35/><G134/><T111/><D111/><U132/><E37/><V3/><F36/><W40/><G101/><T19/><D19/><U79/><E132/><V54/><F64/><W42/><G35/><T75/><D59/><U118/><E118/><V84/><F71/><W117/><G117/><T55/><REACH who="0" step="1"/><D46/><REACH who="0" ten="204,101,269,416" step="2"/><U30/><E127/><V27/><F126/><W91/><G17/><T124/><D124/><U72/><E56/><V97/><F3/><W115/><G16/><T2/><D2/><U38/><E4/><V80/><F0/><W90/><G58/><T45/><D45/><U6/><E6/><V76/><F5/><W128/><G13/><T69/><D69/><U14/><E14/><V7/><F7/><W41/><G11/><T26/><D26/><U131/><E9/><V60/><F27/><W43/><G24/><T85/><D85/><U63/><E8/><V67/><F84/><W119/><G119/><T104/><D104/><U53/><E25/><V10/><F10/><W96/><G29/><T133/><D133/><U20/><E30/><V32/><F28/><W120/><G33/><T106/><D106/><U135/><E135/><V116/><F32/><W52/><G73/><T107/><D107/><U88/><E72/><V22/><F31/><W23/><G23/><T102/><AGARI ba="0,1" hai="44,48,55,61,62,75,77,82,89,94,95,98,99,102" machi="102" ten="20,7800,0" yaku="1,1,0,1,7,1,52,1,53,0" doraHai="51" doraHaiUra="121" who="0" fromWho="0" sc="204,88,101,-26,269,-26,416,-26" /><INIT seed="4,1,0,3,4,18" ten="292,75,243,390" oya="0" hai0="69,97,87,11,63,109,91,26,35,77,113,61,7" hai1="37,72,44,29,100,106,23,117,124,65,110,107,116" hai2="98,108,46,123,73,4,81,93,70,16,120,99,115" hai3="78,84,129,9,33,10,82,49,74,75,19,50,125"/><T41/><D113/><U126/><E110/><V1/><F70/><W102/><G33/><T83/><D41/><U8/><E72/><V92/><F108/><W64/><G125/><N who="1" m="48234" /><E65/><V3/><F4/><W55/><G129/><T24/><D109/><U53/><E8/><V80/><F73/><W43/><G64/><T34/><D69/><U114/><E114/><V111/><F46/><W118/><G102/><T122/><D122/><U96/><E107/><V94/><F111/><W85/><G118/><T25/><D35/><U60/><E60/><V51/><F51/><W27/><G75/><T89/><D34/><U101/><E101/><V5/><F5/><W21/><G74/><T56/><D97/><U17/><E29/><V6/><F6/><W47/><G85/><T54/><REACH who="0" step="1"/><D63/><REACH who="0" ten="282,75,243,390" step="2"/><U30/><E117/><V67/><F98/><W134/><G134/><T22/><D22/><U40/><E116/><V42/><F99/><W127/><G127/><T36/><D36/><U28/><E53/><V12/><F42/><W104/><G104/><T38/><D38/><U66/><E66/><V112/><F67/><W76/><G55/><T135/><D135/><U79/><E79/><V59/><F115/><W57/><G78/><T119/><D119/><U58/><E96/><V52/><F112/><W32/><G32/><T2/><AGARI ba="1,1" hai="2,7,11,24,25,26,54,56,61,77,83,87,89,91" machi="2" ten="30,12000,1" yaku="1,1,0,1,53,3" doraHai="18" doraHaiUra="20" who="0" fromWho="0" sc="282,133,75,-41,243,-41,390,-41" /><INIT seed="4,2,0,1,3,56" ten="415,34,202,349" oya="0" hai0="101,53,1,40,88,8,105,52,45,24,79,73,37" hai1="130,90,14,48,3,17,71,133,59,22,44,9,70" hai2="4,100,134,102,23,96,36,119,67,10,19,114,11" hai3="69,94,95,115,97,34,112,58,113,18,30,60,81"/><T51/><D101/><U42/><E130/><V62/><F36/><W28/><G69/><T84/><D105/><U65/><E133/><V2/><F10/><W123/><G123/><T125/><D24/><U68/><E90/><V43/><F114/><W49/><G34/><T92/><D51/><U124/><E124/><V109/><F43/><W25/><G49/><T127/><D127/><U110/><E110/><V126/><F109/><W64/><G81/><N who="0" m="45295" /><D125/><U135/><E135/><V111/><F111/><W107/><G107/><T99/><D99/><U87/><E87/><V5/><F5/><AGARI ba="2,0" hai="1,5,8,37,40,45,52,53,84,88,92" m="45295" machi="5" ten="30,5800,0" yaku="25,1,54,2" doraHai="56" who="0" fromWho="2" sc="415,64,34,0,202,-64,349,0" /><INIT seed="4,3,0,1,4,61" ten="479,34,138,349" oya="0" hai0="41,127,80,82,66,89,114,73,33,59,3,113,27" hai1="14,21,40,9,108,55,116,34,76,4,0,67,132" hai2="8,106,62,94,6,87,102,95,45,84,42,105,25" hai3="22,90,70,12,134,29,18,86,104,92,16,135,46"/><T115/><D3/><U28/><E108/><V109/><F109/><W36/><G104/><T124/><D41/><U43/><E116/><V83/><F25/><W44/><G29/><N who="0" m="19647" /><D89/><U77/><E132/><N who="3" m="50730" /><G70/><T93/><D93/><U23/><E23/><V63/><F94/><W19/><G36/><T85/><D85/><U15/><E15/><V56/><F87/><W48/><G46/><T75/><D82/><U100/><E100/><V68/><F68/><W101/><G101/><T130/><D130/><U126/><E126/><N who="0" m="48169" /><D80/><U17/><E55/><AGARI ba="3,0" hai="12,16,18,19,22,44,48,55,86,90,92" m="50730" machi="55" ten="30,2000,0" yaku="20,1,54,1" doraHai="61" who="3" fromWho="1" sc="479,0,34,-29,138,0,349,29" /><INIT seed="5,0,0,1,4,127" ten="479,5,138,378" oya="1" hai0="109,75,1,101,36,23,100,45,37,97,13,9,125" hai1="95,43,107,63,40,86,92,19,62,30,21,31,59" hai2="78,82,96,117,6,3,102,71,93,91,105,133,123" hai3="126,46,54,111,25,74,60,89,84,7,131,55,81"/><U38/><E107/><V72/><F71/><W132/><G111/><T134/><D75/><U27/><E38/><V120/><F6/><W8/><G126/><T98/><D1/><U116/><E116/><V73/><F3/><W53/><G74/><T110/><D23/><U52/><E63/><V10/><F10/><W18/><G132/><T26/><D26/><U130/><E130/><V122/><F73/><W0/><G131/><T128/><D128/><U49/><E49/><V14/><F14/><N who="3" m="5407" /><G60/><T41/><D125/><U16/><E19/><V121/><F121/><W80/><G0/><T76/><D76/><U15/><E86/><V47/><F47/><W28/><G28/><N who="1" m="10794" /><E15/><V135/><F117/><W85/><G18/><T99/><D134/><U104/><E104/><V77/><F77/><N who="3" m="46095" /><G25/><T103/><REACH who="0" step="1"/><D36/><REACH who="0" ten="469,5,138,378" step="2"/><U4/><E4/><AGARI ba="0,1" hai="4,9,13,37,41,45,97,98,99,100,101,103,109,110" machi="4" ten="40,2600,0" yaku="1,1,2,1,53,0" doraHai="127" doraHaiUra="87" who="0" fromWho="1" sc="469,36,5,-26,138,0,378,0" owari="505,60.0,-21,-52.0,138,-26.0,378,18.0" /></mjloggm>