<mjloggm ver="2.3"><GO type="97" lobby="0"/><UN n0="%E5%B0%B1%E6%B4%BB%E7%94%9F%40%E5%B7%9D%E6%9D%91%E8%BB%8D%E5%9B%A3" n1="%E3%81%A1%E3%82%86%E3%81%A1%E3%82%83%E3%82%93" n2="%E3%81%97%E3%81%BF%E3%81%A3%E3%81%9F%E3%82%8C%2B%CF%86" n3="%E3%81%AF%E3%82%93%E3%81%A6%E3%81%A4" dan="15,13,14,14" rate="2018.43,1917.29,1976.31,1961.26" sx="M,F,M,M"/><TAIKYOKU oya="0"/><INIT seed="0,0,0,0,2,106" ten="250,250,250,250" oya="0" hai0="91,101,37,125,27,82,69,60,33,5,16,7,26" hai1="133,36,17,23,122,126,92,109,131,18,10,4,54" hai2="66,94,67,85,48,6,71,96,40,46,42,8,103" hai3="52,89,95,134,107,63,108,45,105,74,58,127,70"/><T51/><D37/><U81/><E36/><V35/><F35/><W115/><G115/><T28/><D125/><U0/><E122/><V97/><F71/><W44/><G127/><T124/><D124/><U130/><E126/><V43/><F96/><W87/><G134/><T68/><D101/><U9/><E133/><V47/><F85/><W56/><G70/><T98/><D51/><U19/><E81/><V121/><F121/><W3/><G3/><T73/><D98/><U20/><E92/><V1/><REACH who="2" step="1"/><F40/><REACH who="2" ten="250,250,240,250" step="2"/><W78/><G108/><T86/><D73/><U21/><E54/><V62/><F62/><N who="3" m="36103" /><G74/><T50/><D69/><U39/><E39/><AGARI ba="0,1" hai="1,6,8,39,42,43,46,47,48,66,67,94,97,103" machi="39" ten="30,3900,0" yaku="1,1,7,1,53,1" doraHai="106" doraHaiUra="90" who="2" fromWho="1" sc="250,0,250,-39,240,49,250,0" /><INIT seed="1,0,0,1,1,49" ten="250,211,289,250" oya="1" hai0="115,68,107,35,86,18,133,22,24,83,106,110,8" hai1="78,19,118,26,50,55,31,70,95,41,25,123,124" hai2="11,10,117,42,60,54,46,36,56,65,7,66,81" hai3="90,120,74,6,3,85,122,69,61,96,72,2,53"/><U34/><E118/><V92/><F117/><W12/><G3/><T14/><D68/><U5/><E123/><V134/><F134/><W129/><G2/><T64/><D115/><U108/><E70/><V29/><F29/><W94/><G129/><T93/><D133/><U109/><E124/><V100/><F81/><W114/><G114/><T135/><D135/><U45/><E78/><V77/><F77/><W17/><G6/><T20/><D110/><N who="1" m="42603" /><E5/><V75/><F75/><W51/><G122/><T47/><D35/><U111/><N who="1" m="42611" /><U62/><DORA hai="87" /><E95/><V13/><F11/><W16/><G120/><T121/><D121/><U127/><E127/><V132/><F132/><W128/><G128/><T102/><D107/><U80/><E80/><V84/><REACH who="2" step="1"/><F100/><REACH who="2" ten="250,211,279,250" step="2"/><W40/><G74/><T112/><D102/><U43/><E62/><V15/><F15/><W0/><G72/><T52/><D83/><U23/><AGARI ba="0,1" hai="19,23,25,26,31,34,41,43,45,50,55" m="42611" machi="23" ten="40,7800,0" yaku="14,1,10,1,52,1" doraHai="49,87" who="1" fromWho="1" sc="250,-26,211,88,279,-26,250,-26" /><INIT seed="1,1,0,2,0,106" ten="224,299,253,224" oya="1" hai0="8,4,29,26,121,70,9,17,123,79,56,117,52" hai1="10,108,62,38,77,50,71,132,92,11,22,3,76" hai2="91,83,78,89,131,43,6,68,55,41,133,65,13" hai3="39,32,126,7,127,46,37,114,120,116,31,44,19"/><U57/><E38/><N who="3" m="14346" /><G7/><T54/><D70/><U95/><E71/><V111/><F111/><W53/><G19/><T40/><D117/><U27/><E132/><V48/><F133/><W118/><G31/><T35/><D40/><U105/><E105/><V86/><F131/><W135/><G32/><T58/><D79/><N who="1" m="30283" /><E3/><V99/><F68/><W119/><G135/><T5/><D17/><N who="1" m="12751" /><E50/><V101/><F65/><W122/><G114/><T18/><D18/><U0/><E0/><V90/><F6/><W42/><G53/><T59/><D5/><U33/><E33/><V66/><F13/><W30/><G30/><T60/><D8/><N who="1" m="3115" /><E108/><V20/><F66/><AGARI ba="1,0" hai="57,62,66,92,95" m="3115,12751,30283" machi="66" ten="30,1500,0" yaku="8,1" doraHai="106" who="1" fromWho="2" sc="224,0,299,18,253,-18,224,0" /><INIT seed="1,2,0,1,2,91" ten="224,317,235,224" oya="1" hai0="30,67,31,11,90,70,97,45,78,101,108,47,26" hai1="69,130,52,49,7,134,4,51,14,126,100,118,135" hai2="133,82,58,6,113,71,36,12,68,85,79,107,24" hai3="106,73,59,19,75,48,123,62,41,43,57,17,33"/><U10/><E118/><V21/><F133/><N who="1" m="50697" /><E69/><V110/><F110/><W65/><G106/><T16/><D108/><U98/><E130/><V116/><F116/><W38/><G33/><T117/><D70/><U20/><E126/><V74/><F113/><W93/><G38/><T56/><D78/><U122/><E122/><V81/><F107/><W124/><G123/><T83/><D117/><U80/><E49/><V25/><F36/><W105/><G105/><T94/><D45/><N who="1" m="27759" /><E20/><V86/><F74/><W76/><G124/><T125/><D47/><U102/><E80/><V29/><F58/><W95/><G48/><T104/><D125/><U50/><E50/><V87/><F25/><W96/><G76/><T32/><D32/><U109/><E109/><V39/><F39/><W72/><G72/><T0/><D56/><U129/><E129/><V119/><F119/><W88/><G65/><T77/><D67/><U37/><E37/><V46/><F46/><W121/><G121/><T18/><D83/><U92/><E4/><V111/><F111/><W3/><G3/><T114/><D114/><U120/><E120/><V128/><F128/><W27/><G27/><T115/><D115/><U5/><E5/><V127/><F127/><W64/><G64/><T9/><D77/><U53/><E53/><V55/><F55/><W54/><G54/><T42/><D42/><U40/><E40/><V28/><F81/><W60/><G96/><T89/><D26/><U35/><E35/><V132/><F132/><W112/><G112/><T2/><D97/><U15/><E15/><V66/><F68/><RYUUKYOKU ba="2,0" sc="224,-15,317,15,235,-15,224,15" hai1="7,10,14,92,98,100,102" hai3="17,19,41,43,57,59,60,62,73,75,88,93,95" /><INIT seed="1,3,0,4,5,85" ten="209,332,220,239" oya="1" hai0="109,42,52,103,113,88,34,105,116,74,75,117,4" hai1="23,61,102,121,135,6,31,59,24,29,95,90,84" hai2="81,40,62,66,114,51,110,19,27,55,79,100,128" hai3="111,2,99,77,28,89,96,46,21,22,98,17,106"/><U33/><E121/><V129/><F110/><W43/><G2/><T108/><D34/><U118/><E118/><N who="0" m="45673" /><D42/><U57/><E135/><V97/><F114/><W56/><G111/><N who="0" m="42571" /><D4/><U70/><E70/><V125/><F125/><W38/><G77/><T32/><D32/><U36/><E102/><V30/><F40/><W64/><G106/><T127/><D127/><U80/><E36/><V107/><F19/><W76/><G76/><T45/><D113/><U25/><E95/><V37/><F37/><W5/><G5/><T134/><D134/><U73/><E73/><N who="2" m="43247" /><F51/><W48/><G28/><T12/><D12/><U60/><E6/><V8/><F55/><W54/><G64/><T101/><D105/><U123/><E60/><V92/><F8/><W7/><G7/><T11/><D11/><U10/><E61/><V119/><F119/><W72/><G72/><N who="0" m="27691" /><D88/><U120/><E10/><V131/><F107/><W91/><REACH who="3" step="1"/><G22/><REACH who="3" ten="209,332,220,229" step="2"/><T126/><D126/><U112/><E23/><N who="2" m="15743" /><F66/><W13/><AGARI ba="3,1" hai="13,17,21,38,43,46,48,54,56,89,91,96,98,99" machi="13" ten="30,7900,0" yaku="1,1,0,1,52,2,53,0" doraHai="85" doraHaiUra="63" who="3" fromWho="3" sc="209,-23,332,-42,220,-23,229,98" /><INIT seed="2,0,0,3,3,81" ten="186,290,197,327" oya="2" hai0="48,27,3,21,19,43,34,125,57,28,120,45,109" hai1="100,91,112,10,50,118,121,63,124,99,116,24,9" hai2="64,75,104,130,22,31,73,23,18,86,12,8,96" hai3="6,122,14,49,105,110,7,102,32,4,107,119,2"/><V70/><F130/><W80/><G122/><T78/><D120/><U135/><E121/><V133/><F133/><W42/><G119/><T113/><D113/><U13/><E135/><V1/><F64/><W41/><G32/><T0/><D109/><U16/><E112/><V38/><F70/><W56/><G110/><T108/><D108/><U65/><E124/><V87/><F38/><W79/><G2/><T94/><D125/><U55/><E9/><V131/><F131/><W134/><G134/><T44/><D78/><U101/><E24/><V77/><F23/><W47/><G42/><T129/><D129/><U127/><E127/><V62/><F62/><W85/><G102/><T40/><D94/><U92/><E116/><V84/><F77/><W89/><G89/><T69/><D57/><N who="1" m="37103" /><E118/><V103/><REACH who="2" step="1"/><F31/><REACH who="2" ten="186,290,187,327" step="2"/><W11/><REACH who="3" step="1"/><G56/><AGARI ba="0,1" hai="10,13,16,50,55,56,91,92,99,100,101" m="37103" machi="56" ten="30,2000,0" yaku="8,1,54,1" doraHai="81" who="1" fromWho="3" sc="186,0,290,30,187,0,327,-20" /><INIT seed="3,0,0,5,0,123" ten="186,320,187,307" oya="3" hai0="126,107,106,56,89,131,35,4,67,66,124,51,84" hai1="133,118,83,5,61,125,115,6,43,33,63,41,42" hai2="85,134,53,39,76,90,74,34,11,32,129,94,3" hai3="44,65,112,127,23,54,31,95,78,62,92,120,104"/><W57/><G104/><N who="0" m="39979" /><D35/><U80/><E115/><V116/><F116/><W132/><G112/><T69/><D69/><U26/><E118/><V71/><F71/><W109/><G120/><T98/><D4/><N who="1" m="1643" /><E33/><V0/><F39/><W101/><G132/><T36/><D36/><U86/><E133/><V50/><F134/><W100/><G127/><N who="0" m="48683" /><D131/><U128/><E128/><V60/><F129/><W16/><G109/><T28/><D28/><U38/><E38/><V87/><F74/><W68/><G31/><T110/><D110/><U121/><E121/><V17/><F60/><N who="1" m="23113" /><E125/><V117/><F117/><W88/><G78/><T59/><D98/><U7/><E7/><V79/><F3/><W18/><G18/><T105/><N who="0" m="39987" /><T113/><DORA hai="12" /><D113/><U15/><E15/><N who="2" m="7423" /><F0/><W93/><G88/><T64/><D51/><U29/><E29/><V8/><F34/><W103/><G44/><T25/><D25/><U2/><E2/><V111/><F32/><W27/><G68/><T102/><D102/><U19/><E86/><N who="2" m="32779" /><F111/><W108/><REACH who="3" step="1"/><G108/><REACH who="3" ten="186,320,187,297" step="2"/><T55/><D55/><AGARI ba="0,1" hai="16,23,27,54,55,57,62,65,92,93,95,100,101,103" machi="55" ten="40,18000,2" yaku="1,1,2,1,8,1,52,1,54,1,53,1" doraHai="123,12" doraHaiUra="46,13" who="3" fromWho="0" sc="186,-180,320,0,187,0,297,190" owari="6,-49.0,320,12.0,187,-21.0,487,58.0" /></mjloggm>