<mjloggm ver="2.3"><GO type="225" lobby="0"/><UN n0="%47%E3%83%A8%E9%BE%8D%E9%96%80" n1="%E3%83%88%E3%83%88%E3%83%AA%E5%85%88%E7%94%9F%31%39%E6%AD%B3" n2="%E7%B6%BE%E7%80%AC%E5%A5%88%E9%83%BD%E5%B8%8C" n3="%E5%A4%A7%E5%AE%AE%E5%BF%8D%76" dan="17,18,16,16" rate="2066.49,2265.02,2154.81,2142.71" sx="M,F,F,M"/><TAIKYOKU oya="0"/><INIT seed="0,0,0,4,0,130" ten="250,250,250,250" oya="0" hai0="42,77,25,132,27,126,48,15,94,13,35,62,58" hai1="37,52,101,2,105,88,82,61,55,59,69,116,75" hai2="34,115,40,70,103,21,134,44,26,22,122,98,93" hai3="67,80,109,135,16,38,112,120,49,73,20,57,64"/><T125/><D132/><U66/><E116/><V4/><F115/><W119/><G119/><T131/><D131/><U63/><E2/><V108/><F122/><W54/><G112/><T60/><D77/><U7/><E7/><V86/><F108/><W18/><G109/><T72/><D72/><U23/><E37/><V53/><F4/><W24/><G38/><T123/><D123/><U36/><E36/><V12/><F134/><W51/><G135/><T118/><D118/><U113/><E113/><V87/><F70/><W128/><G120/><T83/><D83/><U106/><E101/><V28/><F53/><N who="3" m="31919" /><G73/><T41/><D94/><U45/><E23/><V10/><F22/><N who="3" m="13383" /><G80/><T14/><D35/><U102/><E102/><V71/><F71/><W32/><G32/><T33/><D33/><U114/><E114/><V30/><F30/><W68/><G68/><T78/><D14/><U121/><E121/><V91/><F34/><W111/><G111/><T8/><D8/><U1/><E1/><V50/><F103/><W74/><G74/><T5/><D5/><U3/><E3/><V129/><F129/><W39/><G39/><T43/><D13/><U9/><E9/><V17/><AGARI ba="0,0" hai="10,12,17,21,26,28,40,44,50,86,87,91,93,98" machi="17" ten="20,2700,0" yaku="0,1,7,1,8,1" doraHai="130" who="2" fromWho="2" sc="250,-13,250,-7,250,27,250,-7" /><INIT seed="1,0,0,0,1,3" ten="237,243,277,243" oya="1" hai0="16,129,33,57,104,25,100,115,40,112,103,39,101" hai1="127,28,56,71,45,19,22,73,77,46,70,35,122" hai2="49,91,47,113,76,120,133,118,109,31,81,105,65" hai3="106,123,58,132,125,18,130,131,4,30,117,90,52"/><U59/><E122/><V36/><F105/><W72/><G123/><T82/><D104/><U99/><E127/><V38/><F120/><W119/><G106/><T48/><D129/><N who="3" m="49161" /><G72/><T116/><D116/><N who="3" m="44617" /><G30/><T23/><D33/><U51/><E99/><V69/><F118/><W126/><G90/><T121/><D121/><U88/><E28/><V13/><F31/><W63/><G18/><T83/><D83/><U94/><E35/><V95/><F113/><W29/><G29/><T107/><D107/><U15/><E46/><V84/><F133/><W78/><G78/><T5/><D5/><U79/><E73/><V86/><F109/><W62/><G4/><T61/><D82/><U6/><E6/><V41/><F69/><W110/><G110/><T67/><D39/><U111/><E70/><V66/><F38/><W80/><G80/><T27/><D27/><U10/><E71/><V44/><REACH who="2" step="1"/><F13/><REACH who="2" ten="237,243,267,243" step="2"/><W128/><G128/><T37/><D37/><U2/><E111/><V54/><AGARI ba="0,1" hai="36,41,44,47,49,54,65,66,76,81,84,86,91,95" machi="54" ten="20,12000,2" yaku="1,1,2,1,0,1,7,1,53,2" doraHai="3" doraHaiUra="60" who="2" fromWho="2" sc="237,-30,243,-60,267,130,243,-30" /><INIT seed="2,0,0,0,3,60" ten="207,183,397,213" oya="2" hai0="96,28,24,58,101,23,38,69,39,68,104,19,132" hai1="0,12,95,15,81,13,9,85,111,83,47,49,124" hai2="42,25,16,11,21,18,34,129,1,86,77,102,76" hai3="22,55,94,90,97,114,112,8,53,119,105,45,73"/><V43/><F34/><W62/><G119/><T115/><D115/><N who="3" m="44073" /><G73/><T31/><D132/><U4/><E111/><V133/><F133/><W78/><G78/><T126/><D126/><U89/><REACH who="1" step="1"/><E124/><REACH who="1" ten="207,173,397,213" step="2"/><V128/><F128/><W10/><G105/><T29/><REACH who="0" step="1"/><D58/><REACH who="0" ten="197,173,397,213" step="2"/><U88/><E88/><V79/><F129/><W131/><G131/><T59/><D59/><U87/><E87/><V61/><F86/><W108/><G108/><T71/><AGARI ba="0,2" hai="19,23,24,28,29,31,38,39,68,69,71,96,101,104" machi="71" ten="40,2700,0" yaku="1,1,0,1,53,0" doraHai="60" doraHaiUra="74" who="0" fromWho="0" sc="197,47,173,-7,397,-13,213,-7" /><INIT seed="3,0,0,2,5,41" ten="244,166,384,206" oya="3" hai0="40,112,13,90,111,45,54,24,33,53,28,21,107" hai1="17,76,98,25,77,132,122,73,118,125,6,68,88" hai2="48,69,66,50,109,34,84,97,117,32,19,108,114" hai3="23,131,120,104,71,89,64,124,105,43,55,9,135"/><W67/><G9/><T1/><D111/><N who="2" m="42570" /><F114/><W56/><G120/><T102/><D1/><U70/><E122/><V110/><F117/><W8/><G8/><T94/><D107/><U133/><E6/><V27/><F97/><W81/><G23/><N who="0" m="15391" /><D102/><U93/><E118/><V75/><F75/><W5/><G55/><T51/><D33/><N who="2" m="12906" /><F84/><W103/><G56/><T92/><D112/><U0/><E0/><V130/><F130/><W31/><G89/><T16/><D94/><U129/><E129/><V58/><F69/><N who="1" m="26729" /><E73/><V119/><F119/><W2/><G67/><T134/><D134/><N who="1" m="51819" /><E125/><V29/><F19/><W14/><G5/><T46/><D46/><U4/><E4/><V74/><F74/><W3/><G2/><T106/><D106/><U91/><E91/><V113/><F113/><W63/><G135/><T26/><D13/><U127/><E127/><V101/><F101/><W65/><G124/><T22/><D22/><U128/><E128/><V44/><F110/><W49/><G131/><T78/><D78/><U121/><E121/><V59/><F66/><W39/><G65/><T100/><D100/><U61/><E61/><V10/><F10/><W18/><G63/><T52/><D90/><U123/><E123/><V30/><F50/><W80/><G49/><T36/><D51/><U47/><E47/><V62/><F62/><W7/><G3/><T38/><D92/><U126/><E126/><V99/><F29/><W20/><G7/><T95/><D95/><U57/><E57/><V42/><F99/><N who="3" m="61567" /><G31/><T72/><D72/><U12/><E25/><V115/><F115/><RYUUKYOKU ba="0,0" sc="244,10,166,10,384,10,206,-30" hai0="16,21,26,36,38,40,45,52,53,54" hai1="12,17,76,77,88,93,98" hai2="27,30,42,44,48,58,59" owari="254,5.0,176,-22.0,394,49.0,176,-32.0" /></mjloggm>