<mjloggm ver="2.3"><GO type="97" lobby="0"/><UN n0="%41%6F%79%61%67%69%5F%39" n1="%E6%9C%9D%E5%80%89%E6%9C%88%E5%A5%88" n2="%E5%B0%8F%E5%B3%B0%E3%82%B7%E3%83%AD" n3="%E5%B0%B1%E6%B4%BB%E7%94%9F%40%E5%B7%9D%E6%9D%91%E8%BB%8D%E5%9B%A3" dan="14,13,14,17" rate="1854.22,1916.99,2007.98,2100.74" sx="M,M,F,M"/><TAIKYOKU oya="0"/><INIT seed="0,0,0,3,2,124" ten="250,250,250,250" oya="0" hai0="7,64,68,119,72,47,25,28,98,27,33,94,112" hai1="9,118,83,4,92,41,32,37,13,66,103,22,48" hai2="36,30,34,40,102,45,1,82,43,86,35,52,65" hai3="134,63,114,24,58,50,100,120,59,90,99,111,78"/><T128/><D119/><U127/><E32/><V70/><F102/><W2/><G114/><T17/><D94/><U74/><E118/><V81/><F1/><W107/><G2/><T19/><D112/><U20/><E127/><V61/><F40/><W80/><G120/><T113/><D72/><U126/><E126/><V16/><F30/><W57/><G134/><T77/><D77/><U109/><E37/><V5/><F5/><W115/><G115/><T6/><D98/><N who="1" m="59847" /><E109/><V116/><F116/><W10/><G10/><T88/><D47/><N who="1" m="25711" /><E74/><V95/><F95/><W49/><G63/><T108/><D113/><U122/><E122/><V55/><F82/><W130/><G130/><T15/><D128/><U135/><E135/><V110/><F110/><W46/><G46/><T60/><D108/><U129/><E129/><V54/><REACH who="2" step="1"/><F16/><REACH who="2" ten="250,250,240,250" step="2"/><W51/><G111/><T85/><D19/><U87/><E66/><V29/><F29/><W79/><G24/><T96/><D25/><U132/><E132/><V84/><F84/><W105/><G105/><T38/><D96/><U18/><E18/><V104/><F104/><W91/><G79/><AGARI ba="0,1" hai="4,9,13,20,22,79,83,87" m="25711,59847" machi="79" ten="30,2000,0" yaku="25,1,8,1" doraHai="124" who="1" fromWho="3" sc="250,0,250,30,240,0,250,-20" /><AGARI ba="0,0" hai="34,35,36,43,45,52,54,55,61,65,70,79,81,86" machi="79" ten="40,2600,0" yaku="1,1,54,1,53,0" doraHai="124" doraHaiUra="133" who="2" fromWho="3" sc="250,0,280,0,240,26,230,-26" /><INIT seed="1,0,0,0,3,43" ten="250,280,266,204" oya="1" hai0="24,52,22,28,31,71,134,77,69,128,51,40,120" hai1="81,66,19,125,85,46,17,4,68,105,79,80,76" hai2="102,55,59,47,113,11,96,27,7,122,23,3,111" hai3="73,2,0,97,100,132,21,114,107,129,83,88,45"/><U84/><E105/><V87/><F111/><W126/><G114/><T35/><D120/><U108/><E108/><V25/><F122/><W131/><G132/><T29/><D134/><U89/><E125/><V60/><F113/><W38/><G126/><T56/><D128/><N who="3" m="49225" /><G21/><T39/><D77/><U44/><E68/><V65/><F23/><W123/><G123/><T54/><D35/><U58/><E4/><V53/><F87/><N who="3" m="50303" /><G73/><T75/><D75/><U101/><E101/><V9/><F9/><W119/><G119/><T94/><D94/><U74/><E74/><V10/><F10/><W112/><G112/><T72/><D72/><U61/><E89/><V92/><F65/><W1/><G1/><T15/><D15/><U41/><REACH who="1" step="1"/><E46/><REACH who="1" ten="250,270,266,204" step="2"/><V67/><F47/><W110/><G110/><T95/><D95/><U6/><E6/><V115/><F115/><W57/><G57/><T117/><D117/><U70/><E70/><V121/><F121/><W82/><G82/><T18/><REACH who="0" step="1"/><D54/><REACH who="0" ten="240,270,266,204" step="2"/><U109/><E109/><V133/><F55/><W127/><G127/><T116/><D116/><U36/><AGARI ba="0,2" hai="17,19,36,41,44,58,61,66,76,79,80,81,84,85" machi="36" ten="20,12000,1" yaku="1,1,0,1,7,1,9,1,52,1,53,0" doraHai="43" doraHaiUra="91" who="1" fromWho="1" sc="240,-40,270,140,266,-40,204,-40" /><INIT seed="1,1,0,2,1,55" ten="200,410,226,164" oya="1" hai0="78,100,6,99,70,125,113,122,59,24,11,76,43" hai1="18,69,105,27,101,7,109,52,9,60,39,64,121" hai2="56,25,10,133,13,37,53,68,110,29,79,124,77" hai3="104,74,129,118,117,17,131,47,62,26,12,61,3"/><U92/><E121/><V130/><F133/><W73/><G3/><T115/><D70/><U1/><E39/><V135/><F37/><W83/><G104/><T4/><D125/><U50/><E105/><V91/><F130/><N who="3" m="49675" /><G26/><T31/><D43/><U66/><E109/><V89/><F110/><W97/><G47/><T8/><D122/><U15/><E27/><V71/><F124/><W2/><G2/><T45/><D45/><U116/><E116/><N who="3" m="44650" /><G97/><T0/><D59/><U51/><E66/><V41/><F41/><W30/><G30/><T72/><D72/><N who="3" m="27753" /><G83/><T46/><D46/><U33/><E33/><V95/><F135/><W82/><G82/><T114/><D99/><U134/><E134/><V38/><F71/><W5/><G5/><T21/><REACH who="0" step="1"/><D100/><REACH who="0" ten="190,410,226,164" step="2"/><U35/><E101/><V63/><F68/><W111/><G111/><T54/><D54/><U75/><E52/><V94/><F53/><W57/><G57/><T119/><D119/><U48/><E69/><V103/><F56/><W34/><G34/><T108/><D108/><U40/><E35/><V96/><F96/><W28/><G28/><T44/><D44/><U14/><E40/><V19/><F29/><W67/><G67/><T16/><D16/><U22/><E64/><V127/><F19/><W132/><G132/><T98/><D98/><U32/><E18/><V93/><F103/><W65/><G65/><T107/><D107/><U106/><E32/><V20/><F127/><W42/><G42/><T90/><D90/><U80/><E106/><V123/><F91/><W126/><G126/><T85/><D85/><RYUUKYOKU ba="1,1" sc="190,15,410,-15,226,-15,164,15" hai0="0,4,6,8,11,21,24,31,76,78,113,114,115" hai3="12,17,61,62" /><INIT seed="2,2,1,4,2,44" ten="205,395,211,179" oya="2" hai0="120,107,93,89,8,43,73,14,38,13,22,82,7" hai1="131,88,117,111,118,96,35,12,74,60,58,79,77" hai2="65,105,108,135,5,40,29,125,51,56,78,80,23" hai3="64,52,109,24,115,133,32,85,45,17,114,101,98"/><V6/><F125/><W62/><G133/><T97/><D120/><U127/><E35/><V2/><F135/><W103/><G109/><T1/><D107/><U20/><E131/><V128/><F128/><W47/><G85/><T68/><D68/><U122/><E127/><V66/><F105/><W0/><G0/><T42/><D22/><U48/><E111/><V90/><F2/><W126/><G126/><T100/><D100/><U15/><E122/><V19/><F29/><W76/><G76/><N who="0" m="44303" /><D43/><U57/><E74/><V67/><F108/><W104/><G103/><T92/><D93/><N who="1" m="56359" /><E118/><V102/><F102/><W71/><G17/><T106/><D106/><U3/><E3/><V87/><F78/><W81/><G81/><T11/><D8/><U30/><E117/><V54/><F40/><W119/><G119/><T27/><D27/><AGARI ba="2,1" hai="5,6,19,23,27,51,54,56,65,66,67,80,87,90" machi="27" ten="40,3900,0" yaku="8,1,52,1" doraHai="44" who="2" fromWho="0" sc="205,-45,395,0,211,55,179,0" /><INIT seed="2,3,0,5,0,95" ten="160,395,266,179" oya="2" hai0="112,117,107,132,90,0,24,110,78,56,85,5,127" hai1="61,93,134,135,7,29,75,54,88,86,2,118,12" hai2="102,51,13,28,98,125,17,130,57,9,47,15,14" hai3="109,103,30,39,20,69,34,36,31,129,66,32,6"/><V76/><F130/><W96/><G129/><T122/><D112/><U48/><E118/><V45/><F125/><W64/><G109/><T116/><D122/><U35/><E75/><V10/><F76/><W128/><G128/><T8/><D132/><N who="1" m="50731" /><E61/><V49/><F28/><W133/><G133/><T84/><D110/><U23/><E35/><V70/><F70/><W71/><G6/><T123/><D123/><U124/><E124/><V1/><F1/><W38/><G20/><T92/><D24/><N who="1" m="16543" /><E2/><V22/><F57/><W26/><G31/><T44/><D56/><N who="1" m="32839" /><E12/><V19/><F14/><W33/><G26/><T120/><D120/><U52/><E52/><V104/><REACH who="2" step="1"/><F22/><REACH who="2" ten="160,395,256,179" step="2"/><W65/><G30/><T81/><D127/><U72/><E72/><V114/><F114/><W83/><G83/><T111/><D111/><U126/><E126/><V91/><F91/><W79/><G79/><T63/><D107/><AGARI ba="3,1" hai="32,33,34,36,38,39,64,65,66,69,71,96,103,107" machi="107" ten="50,6400,0" yaku="29,2,52,1" doraHai="95" who="3" fromWho="0" sc="160,-73,395,0,256,0,179,83" /><INIT seed="3,0,0,5,2,79" ten="87,395,256,262" oya="3" hai0="102,39,54,130,48,46,122,49,11,75,42,114,95" hai1="124,66,119,16,12,1,26,63,60,6,83,58,111" hai2="33,72,14,28,126,74,61,81,59,125,128,65,21" hai3="84,69,107,101,45,100,0,27,110,73,19,20,7"/><W71/><G73/><T103/><D75/><U82/><E124/><N who="2" m="47723" /><F128/><W64/><G110/><T35/><D35/><U50/><E119/><V98/><F33/><W116/><G116/><T41/><D114/><U131/><E131/><V89/><F89/><W85/><G45/><T9/><D95/><U77/><E1/><V15/><F98/><W87/><G64/><T13/><D130/><U4/><E26/><N who="2" m="16463" /><F74/><W52/><G7/><T10/><D122/><U106/><E106/><V90/><F90/><W86/><G0/><T92/><D39/><U67/><E50/><V18/><F18/><W38/><G38/><T56/><D41/><U22/><E111/><V78/><AGARI ba="0,0" hai="14,15,59,61,65,72,78,81" m="16463,47723" machi="78" ten="30,2000,0" yaku="18,1,52,1" doraHai="79" who="2" fromWho="2" sc="87,-5,395,-5,256,20,262,-10" owari="82,-42.0,390,49.0,276,8.0,252,-15.0" /></mjloggm>