<mjloggm ver="2.3"><GO type="169" lobby="0"/><UN n0="%E2%91%A3%E3%82%BB%E3%83%B3%E3%83%81" n1="%E3%82%A6%E3%83%AB%E3%83%88%E3%83%A9%E7%AB%8B%E7%9B%B4" n2="%E3%83%A1%E3%83%AB%E3%82%AF" n3="%69%63%65%6D%61%6E%32" dan="18,17,16,16" rate="2236.39,2152.64,2082.30,2153.98" sx="M,M,M,M"/><TAIKYOKU oya="0"/><INIT seed="0,0,0,0,1,12" ten="250,250,250,250" oya="0" hai0="62,52,76,89,13,107,21,97,104,31,38,26,51" hai1="72,106,114,10,14,85,79,23,82,73,2,64,135" hai2="118,115,32,0,36,47,109,54,24,37,92,100,94" hai3="58,122,101,81,16,95,83,15,105,44,68,87,61"/><T134/><D38/><U102/><E135/><V67/><F0/><W129/><G68/><T131/><D134/><U117/><E117/><V29/><F118/><W8/><G129/><T57/><D131/><U66/><E114/><V116/><F116/><W111/><G111/><T1/><D1/><U56/><E102/><V77/><F115/><W34/><G34/><T120/><D120/><U98/><E98/><V39/><F109/><W41/><G105/><T124/><D124/><U133/><E106/><V17/><F77/><W19/><G122/><T30/><D76/><U86/><E133/><V113/><F113/><W91/><G101/><T11/><D31/><U25/><E2/><V63/><F100/><W60/><G60/><T5/><D97/><U65/><E86/><V22/><F54/><W6/><G44/><T93/><REACH who="0" step="1"/><D62/><REACH who="0" ten="240,250,250,250" step="2"/><U18/><REACH who="1" step="1"/><E56/><REACH who="1" ten="240,240,250,250" step="2"/><N who="2" m="37351" /><F47/><W103/><G103/><T27/><D27/><U59/><E59/><V74/><F24/><W121/><G121/><T70/><D70/><U132/><E132/><V130/><F130/><W9/><G41/><T40/><D40/><U20/><E20/><V112/><F22/><W7/><G83/><T96/><AGARI ba="0,2" hai="5,11,13,21,26,30,51,52,57,89,93,96,104,107" machi="96" ten="20,12000,1" yaku="1,1,0,1,7,1,54,1,53,1" doraHai="12" doraHaiUra="45" who="0" fromWho="0" sc="240,140,240,-40,250,-40,250,-40" /><INIT seed="0,1,0,3,2,87" ten="380,200,210,210" oya="0" hai0="52,79,39,100,105,49,115,20,44,109,45,34,55" hai1="122,12,53,95,16,131,89,60,78,70,24,104,32" hai2="112,1,26,113,17,107,33,35,82,36,120,99,7" hai3="56,50,65,9,13,11,75,58,132,43,23,124,62"/><T119/><D34/><U103/><E122/><V38/><F120/><W6/><G75/><T68/><D115/><U110/><E110/><V72/><F17/><W66/><G132/><T133/><D119/><U27/><E131/><V3/><F7/><W73/><G73/><T54/><D68/><U21/><E32/><N who="2" m="12363" /><F26/><W108/><G108/><T90/><D109/><U111/><E111/><V0/><F0/><W63/><G124/><T83/><D133/><U22/><E78/><N who="2" m="44359" /><F1/><W102/><G102/><T117/><D117/><U127/><E127/><V46/><F3/><W57/><G11/><T123/><D123/><U40/><E40/><N who="2" m="22791" /><F38/><W37/><G37/><T81/><D20/><U128/><E128/><V41/><F41/><W14/><G43/><T18/><D18/><U96/><E22/><V98/><F98/><W76/><G76/><T2/><D2/><U97/><REACH who="1" step="1"/><E53/><REACH who="1" ten="380,190,210,210" step="2"/><V118/><F118/><W61/><G50/><T106/><D39/><U92/><E92/><V77/><F77/><W88/><G23/><T74/><D44/><U42/><E42/><V67/><F67/><AGARI ba="1,1" hai="12,16,21,24,27,60,67,70,89,95,96,97,103,104" machi="67" ten="40,5200,0" yaku="1,1,52,1,54,1,53,0" doraHai="87" doraHaiUra="30" who="1" fromWho="2" sc="380,0,190,65,210,-55,210,0" /><INIT seed="1,0,0,1,5,118" ten="380,255,155,210" oya="1" hai0="132,130,89,12,40,105,107,22,14,117,99,55,91" hai1="19,6,0,80,52,133,71,109,87,60,85,113,67" hai2="103,90,124,108,102,5,62,82,115,45,135,20,50" hai3="33,83,15,68,18,126,48,17,46,47,42,72,129"/><U128/><E113/><V111/><F108/><W10/><G68/><T75/><D117/><U112/><E112/><V97/><F111/><W98/><G126/><T131/><D75/><U74/><E109/><V57/><F135/><W88/><G33/><T2/><D2/><U100/><E133/><V35/><F124/><W70/><G70/><T120/><D132/><U122/><E128/><V106/><F115/><W41/><G129/><T95/><D40/><U36/><E122/><V43/><F35/><W7/><G72/><T11/><D55/><U31/><E31/><V125/><F125/><W94/><REACH who="3" step="1"/><G83/><REACH who="3" ten="380,255,155,200" step="2"/><T59/><D131/><U34/><E34/><V13/><F82/><W96/><G96/><T104/><D99/><U3/><E74/><V54/><F97/><W65/><G65/><T27/><D130/><U84/><E80/><V123/><F123/><W121/><G121/><T44/><D120/><U25/><E67/><V134/><F134/><W110/><G110/><T64/><D64/><U26/><E71/><V32/><F32/><W51/><AGARI ba="0,1" hai="7,10,15,17,18,41,42,46,47,48,51,88,94,98" machi="51" ten="20,12000,2" yaku="1,1,0,1,7,1,9,1,8,1,54,1,53,0" doraHai="118" doraHaiUra="29" who="3" fromWho="3" sc="380,-30,255,-60,155,-30,200,130" /><INIT seed="2,0,0,0,1,98" ten="350,195,125,330" oya="2" hai0="13,1,134,61,64,95,123,110,46,74,93,40,80" hai1="32,100,119,116,106,128,94,11,101,20,45,89,129" hai2="111,19,71,83,109,113,4,21,135,117,43,125,122" hai3="60,3,72,9,87,84,37,85,86,99,49,53,108"/><V52/><F71/><W91/><G37/><T15/><D1/><U68/><E32/><V115/><F43/><W131/><G72/><T5/><D123/><U47/><E68/><V51/><F122/><W12/><G3/><T22/><D110/><N who="2" m="41994" /><F117/><N who="1" m="45129" /><E20/><V44/><F135/><W58/><G131/><N who="1" m="50250" /><E11/><V107/><F125/><W33/><G33/><T23/><D134/><U133/><E133/><V10/><F107/><W127/><G127/><T0/><D0/><U82/><E106/><V102/><F102/><N who="1" m="39529" /><E82/><V66/><F83/><W73/><G73/><T34/><D34/><U96/><AGARI ba="0,0" hai="45,47,89,94,96" m="39529,50250,45129" machi="96" ten="40,8000,1" yaku="19,1,52,3" doraHai="98" who="1" fromWho="1" sc="350,-20,195,80,125,-40,330,-20" /><INIT seed="3,0,0,0,5,59" ten="330,275,85,310" oya="3" hai0="104,11,17,45,98,62,113,8,52,46,23,25,35" hai1="79,134,106,76,111,83,29,86,68,67,88,118,74" hai2="50,96,82,14,120,53,80,43,129,105,26,81,94" hai3="16,87,115,70,131,127,37,30,28,89,54,93,19"/><W66/><G37/><T12/><D113/><U32/><E111/><V90/><F129/><W9/><G115/><T40/><D35/><U24/><E134/><V84/><F120/><W78/><G131/><T51/><D104/><U22/><E118/><V18/><F105/><W95/><G127/><T55/><D98/><U119/><E119/><V92/><F43/><W47/><G78/><T122/><D122/><U44/><E106/><V65/><F65/><W3/><G3/><T72/><D72/><U63/><E44/><V97/><F26/><W7/><G70/><T123/><D123/><U101/><E101/><V116/><F116/><W42/><G66/><T128/><D128/><U34/><REACH who="1" step="1"/><E79/><REACH who="1" ten="330,265,85,310" step="2"/><V69/><F69/><W10/><G42/><T31/><D11/><N who="3" m="4105" /><G7/><T57/><REACH who="0" step="1"/><D46/><REACH who="0" ten="320,265,85,310" step="2"/><U2/><E2/><V112/><F112/><W5/><G5/><T60/><D60/><U126/><E126/><V100/><F100/><W110/><G110/><T108/><D108/><U77/><E77/><V27/><F90/><W0/><G0/><T58/><D58/><U85/><E85/><V36/><F84/><W64/><G87/><T125/><D125/><U109/><E109/><V91/><F91/><W21/><G89/><T4/><D4/><U102/><E102/><V6/><F97/><W56/><G47/><T33/><D33/><U121/><E121/><V130/><F96/><W1/><G1/><T99/><D99/><U39/><E39/><V117/><F36/><W114/><G114/><T41/><AGARI ba="0,2" hai="8,12,17,23,25,31,40,41,45,51,52,55,57,62" machi="41" ten="30,8000,1" yaku="1,1,0,1,8,1,52,1,54,1,53,0" doraHai="59" doraHaiUra="71" who="0" fromWho="0" sc="320,100,265,-20,85,-20,310,-40" /><INIT seed="4,0,0,2,5,109" ten="420,245,65,270" oya="0" hai0="54,93,37,114,32,72,57,86,92,113,19,47,21" hai1="133,53,79,108,20,40,25,59,43,44,80,50,71" hai2="81,46,36,77,101,7,118,28,107,34,95,122,6" hai3="112,65,100,63,94,73,121,31,75,13,48,84,128"/><T62/><D72/><U52/><E71/><V23/><F122/><W14/><G121/><T83/><D32/><U119/><E108/><V26/><F118/><W35/><G128/><T17/><D37/><U134/><E119/><V38/><F107/><W4/><G48/><T9/><D47/><U1/><E1/><V91/><F101/><W0/><G0/><T15/><D93/><U22/><E134/><V5/><F34/><W135/><G135/><T99/><D92/><U132/><E133/><V45/><F36/><W74/><G4/><T129/><D99/><U110/><E110/><V41/><F45/><W42/><G42/><T104/><D104/><U29/><E22/><V105/><F105/><W124/><G124/><T11/><D129/><U56/><E132/><V10/><F91/><W115/><G31/><T78/><REACH who="0" step="1"/><D9/><REACH who="0" ten="410,245,65,270" step="2"/><U123/><E123/><V87/><REACH who="2" step="1"/><F95/><REACH who="2" ten="410,245,55,270" step="2"/><W120/><G35/><T69/><D69/><U2/><E44/><V103/><F103/><W30/><G120/><T97/><D97/><U89/><E43/><V55/><F55/><W127/><G100/><T27/><AGARI ba="0,2" hai="11,15,17,19,21,27,54,57,62,78,83,86,113,114" machi="27" ten="30,11700,0" yaku="1,1,0,1,52,2,53,0" doraHai="109" doraHaiUra="88" who="0" fromWho="0" sc="410,137,245,-39,55,-39,270,-39" /><INIT seed="4,1,0,5,5,120" ten="547,206,16,231" oya="0" hai0="36,108,118,89,127,125,116,21,100,91,88,130,6" hai1="9,87,132,53,135,90,33,31,121,93,104,69,46" hai2="76,99,77,92,62,97,67,56,37,47,25,133,105" hai3="5,34,115,27,95,111,119,73,64,134,78,102,55"/><T122/><D36/><U107/><E121/><V70/><F133/><N who="1" m="51273" /><E69/><V17/><F105/><W48/><G119/><T22/><D122/><U86/><E9/><V15/><F25/><W74/><G115/><T54/><D6/><U52/><E31/><V129/><F129/><W68/><G5/><T29/><D130/><U65/><E33/><V71/><F99/><W12/><G134/><T43/><D43/><U110/><E65/><V35/><F35/><W14/><G111/><T51/><D100/><U30/><E30/><V106/><F106/><W50/><G50/><T109/><D118/><U18/><E110/><N who="0" m="42601" /><D116/><U41/><E18/><V96/><F96/><W16/><G78/><T39/><D39/><U79/><E107/><V19/><F19/><W114/><G114/><T24/><D21/><U103/><E104/><V26/><F26/><W83/><G34/><T32/><D32/><U58/><E103/><V57/><F71/><W59/><G68/><T94/><D94/><U1/><E1/><V23/><F70/><W124/><G95/><T82/><D82/><N who="1" m="47455" /><E58/><AGARI ba="1,0" hai="22,24,29,51,54,58,88,89,91,125,127" m="42601" machi="58" ten="30,12000,1" yaku="10,1,52,3,54,1" doraHai="120" who="0" fromWho="1" sc="547,123,206,-123,16,0,231,0" /><INIT seed="4,2,0,0,4,8" ten="670,83,16,231" oya="0" hai0="125,119,106,122,130,27,111,91,68,0,118,78,88" hai1="79,67,65,51,103,60,12,101,16,53,87,109,57" hai2="6,31,22,108,86,135,96,56,107,4,2,128,37" hai3="45,47,123,26,33,36,10,25,34,35,110,105,117"/><T121/><D68/><U115/><E115/><V97/><F37/><W70/><G70/><T63/><D0/><U99/><E109/><V14/><F108/><W23/><G105/><T89/><D111/><U112/><E112/><V69/><F69/><W46/><G117/><T39/><D39/><U43/><E43/><V28/><F135/><W82/><G110/><T132/><D63/><U127/><E127/><V41/><F128/><W5/><G36/><T52/><D52/><U95/><E103/><V54/><F2/><W74/><G123/><T15/><D27/><U11/><E60/><N who="2" m="35863" /><F107/><W32/><N who="3" m="8192" /><DORA hai="81" /><W75/><G82/><AGARI ba="2,0" hai="11,12,16,51,53,57,65,67,79,82,87,95,99,101" machi="82" ten="40,8000,1" yaku="8,1,52,2,54,1" doraHai="8,81" who="1" fromWho="3" sc="670,0,83,86,16,0,231,-86" /><INIT seed="5,0,0,0,5,46" ten="670,169,16,145" oya="1" hai0="27,104,34,130,90,87,109,80,122,15,66,19,29" hai1="16,28,52,82,95,99,132,31,44,108,40,23,113" hai2="70,18,9,83,126,5,124,68,89,125,12,72,98" hai3="100,20,71,118,93,85,14,11,102,49,119,35,58"/><U120/><E120/><V42/><F42/><W59/><G35/><T91/><D109/><U13/><E108/><V36/><F36/><W128/><G71/><T107/><D122/><U21/><E132/><V32/><F32/><W64/><G128/><T50/><D130/><U60/><E113/><V2/><F98/><W101/><G64/><T65/><D91/><U38/><E82/><V131/><F131/><W79/><G79/><T37/><D37/><U61/><E23/><V62/><F62/><W112/><G112/><T76/><D50/><N who="1" m="28743" /><E40/><V133/><F133/><W57/><G20/><T6/><D6/><U94/><E94/><V96/><F96/><W97/><G85/><T48/><D48/><U134/><E134/><V45/><F45/><W30/><G30/><N who="1" m="11306" /><E38/><V75/><F89/><AGARI ba="0,0" hai="13,16,21,60,61,89,95,99" m="11306,28743" machi="89" ten="30,11600,0" yaku="8,1,52,1,54,2" doraHai="46" who="1" fromWho="2" sc="670,0,169,116,16,-116,145,0" owari="670,76.0,285,9.0,-100,-60.0,145,-25.0" /></mjloggm>