<mjloggm ver="2.3"><GO type="169" lobby="0"/><UN n0="%73%68%61%70%65%6C%65%72" n1="%E3%81%91%E3%82%93%31%39%37%30" n2="%E3%82%A6%E3%83%AB%E3%83%88%E3%83%A9%E7%AB%8B%E7%9B%B4" n3="%E3%81%B5%E3%81%81%E3%81%84%E3%81%A1%E3%82%83%E3%82%80%E2%98%85" dan="16,16,17,17" rate="2124.37,2082.21,2151.07,2214.00" sx="M,M,M,M"/><TAIKYOKU oya="0"/><INIT seed="0,0,0,0,1,0" ten="250,250,250,250" oya="0" hai0="128,91,29,24,60,92,23,123,118,38,2,109,67" hai1="116,8,81,125,22,106,12,71,19,14,4,53,73" hai2="122,107,57,21,5,96,78,76,17,99,84,94,26" hai3="49,62,31,105,13,39,98,131,85,64,41,40,54"/><T111/><D38/><U42/><E116/><V43/><F122/><W102/><G131/><T1/><D123/><U79/><E125/><V33/><F33/><W28/><G85/><T44/><D44/><U83/><E106/><V61/><F107/><W114/><G114/><T72/><D72/><U115/><E115/><V100/><F43/><W15/><G28/><T134/><D118/><U34/><E34/><V9/><F96/><W55/><G55/><T117/><D128/><U37/><E71/><V27/><F27/><W59/><G31/><T120/><D120/><U35/><E35/><V66/><REACH who="2" step="1"/><F84/><REACH who="2" ten="250,250,240,250" step="2"/><W48/><G40/><T16/><D117/><U52/><REACH who="1" step="1"/><E83/><REACH who="1" ten="250,240,240,250" step="2"/><V132/><F132/><W97/><G105/><T127/><D134/><U20/><E20/><V108/><F108/><W89/><G102/><T90/><D127/><U25/><E25/><V63/><F63/><W113/><G62/><T70/><D109/><U50/><E50/><V124/><F124/><W18/><G49/><T68/><D111/><U129/><E129/><V121/><F121/><W74/><G48/><T32/><D32/><U112/><E112/><V88/><F88/><W130/><G89/><T46/><D90/><U133/><E133/><V95/><F95/><W110/><G113/><T82/><D82/><U126/><E126/><V45/><F45/><AGARI ba="0,2" hai="4,8,12,14,19,22,37,42,45,52,53,73,79,81" machi="45" ten="40,8000,1" yaku="1,1,52,1,54,1,53,2" doraHai="0" doraHaiUra="51" who="1" fromWho="2" sc="250,0,240,100,240,-80,250,0" /><INIT seed="1,0,0,3,4,100" ten="250,340,160,250" oya="1" hai0="7,131,35,97,21,6,58,66,72,14,118,50,76" hai1="29,126,25,57,132,71,38,103,22,33,115,124,45" hai2="54,37,128,116,67,123,46,102,127,9,12,88,83" hai3="43,78,3,68,63,30,0,51,98,61,96,112,77"/><U84/><E71/><V133/><F123/><W18/><G68/><T2/><D35/><U119/><E115/><V52/><F116/><W39/><G39/><T15/><D2/><U24/><E119/><V81/><F127/><W4/><G30/><T5/><D118/><U109/><E132/><V82/><F133/><W93/><G112/><T113/><D113/><U121/><E121/><V42/><F128/><W90/><G18/><T125/><D125/><N who="1" m="48235" /><E57/><V56/><F102/><W108/><G108/><T55/><D131/><U10/><E10/><V105/><F105/><W36/><G36/><T101/><D66/><U23/><E109/><V104/><F104/><W13/><G13/><T19/><D72/><U74/><E74/><V60/><REACH who="2" step="1"/><F88/><REACH who="2" ten="250,340,150,250" step="2"/><W95/><G90/><T49/><D101/><U48/><E103/><V73/><F73/><W134/><G134/><T16/><D97/><U1/><E84/><V70/><F70/><W135/><G135/><T32/><D76/><U41/><E1/><V26/><F26/><W69/><G3/><T53/><D32/><U94/><E94/><V79/><F79/><W75/><G0/><T111/><D111/><U99/><E99/><V62/><F62/><W85/><G96/><T122/><D122/><U44/><E25/><V117/><F117/><W47/><G98/><T130/><D130/><U86/><E86/><V87/><F87/><W59/><G85/><T20/><REACH who="0" step="1"/><D5/><AGARI ba="0,1" hai="5,9,12,37,42,46,52,54,56,60,67,81,82,83" machi="5" ten="40,5200,0" yaku="1,1,54,1,53,1" doraHai="100" doraHaiUra="11" who="2" fromWho="0" sc="250,-52,340,0,150,62,250,0" /><INIT seed="2,0,0,1,2,15" ten="198,340,212,250" oya="2" hai0="54,111,73,36,2,37,123,130,86,52,10,13,25" hai1="131,102,1,11,120,87,5,19,93,28,127,8,99" hai2="109,132,107,62,80,98,91,77,53,103,85,60,110" hai3="63,59,106,101,38,20,21,45,95,96,72,89,83"/><V84/><F53/><W129/><G129/><T82/><D73/><U22/><E131/><V44/><F44/><W64/><G38/><T119/><D2/><U97/><E127/><V26/><F26/><W12/><G45/><T71/><D71/><U61/><E120/><V35/><F35/><W43/><G43/><T121/><D130/><U117/><E117/><V9/><F9/><W88/><G89/><T69/><D69/><U33/><E11/><V46/><F46/><W100/><G100/><T118/><D25/><U114/><E114/><V7/><F7/><W6/><G6/><T32/><D32/><U48/><E61/><V34/><F34/><W41/><G41/><T133/><D133/><U14/><E48/><V57/><F57/><W65/><G65/><T74/><D74/><U115/><E115/><V27/><F27/><W75/><G12/><T124/><D124/><U112/><E112/><V42/><F42/><W51/><G51/><T23/><D23/><U17/><E28/><V125/><F125/><W29/><G75/><T47/><D47/><U92/><E33/><V122/><F122/><W126/><G29/><T66/><D66/><U135/><E135/><V31/><F31/><W68/><G68/><T30/><D30/><U134/><E134/><V128/><F128/><W18/><G126/><T67/><D123/><U49/><E49/><V105/><F105/><W81/><G106/><T16/><D121/><U70/><E70/><V108/><REACH who="2" step="1"/><F132/><REACH who="2" ten="198,340,202,250" step="2"/><W56/><G59/><T79/><D67/><U0/><E5/><V40/><F40/><W94/><G64/><RYUUKYOKU ba="0,1" sc="198,-10,340,-10,202,30,250,-10" hai2="60,62,77,80,84,85,91,98,103,107,108,109,110" /><INIT seed="2,1,1,5,0,124" ten="188,330,232,240" oya="2" hai0="112,125,39,128,15,35,91,105,7,135,19,80,68" hai1="50,89,74,56,62,51,129,116,85,59,44,101,100" hai2="132,110,87,122,84,66,117,119,20,42,67,96,98" hai3="71,49,45,114,109,11,57,95,55,24,123,126,106"/><V54/><F42/><N who="3" m="24759" /><G106/><T83/><D105/><U86/><E74/><V46/><F46/><W61/><G95/><T30/><D39/><U99/><E116/><V32/><F20/><W2/><G2/><T14/><D68/><U94/><E86/><N who="2" m="32811" /><F32/><W36/><G11/><T76/><D35/><U70/><E70/><V79/><F54/><N who="3" m="33975" /><G24/><T97/><D30/><U133/><E44/><V21/><F21/><W90/><G90/><T0/><D0/><U88/><E62/><V8/><F8/><W107/><G107/><T43/><D43/><U5/><E5/><V108/><F122/><W131/><G71/><T93/><D7/><U120/><E120/><V111/><F79/><W38/><G123/><T12/><D76/><U130/><E85/><V40/><F40/><W37/><G126/><T1/><D1/><U48/><E48/><V127/><F127/><W29/><G29/><T113/><D19/><U53/><E53/><V28/><F28/><W9/><G9/><T64/><D125/><U10/><E10/><V102/><F132/><W47/><G114/><T82/><D135/><U134/><E94/><N who="2" m="58647" /><F98/><AGARI ba="1,1" hai="50,51,56,59,88,89,98,99,100,101,129,130,133,134" machi="98" ten="25,8000,1" yaku="22,2,52,2,54,1" doraHai="124" who="1" fromWho="2" sc="188,0,330,93,232,-83,240,0" /><INIT seed="3,0,0,4,1,108" ten="188,423,149,240" oya="3" hai0="25,58,37,120,33,130,11,63,129,115,122,73,1" hai1="83,101,79,100,64,97,67,88,59,112,22,50,61" hai2="6,77,0,128,113,72,19,66,114,3,78,94,24" hai3="15,7,18,49,40,133,9,45,26,81,131,8,86"/><W69/><G69/><T117/><D73/><U89/><E67/><V90/><F66/><W105/><G105/><T28/><D37/><U4/><E112/><N who="2" m="43115" /><F6/><W62/><G133/><T13/><D115/><U126/><E4/><V38/><F38/><W21/><G131/><N who="0" m="50187" /><D1/><N who="2" m="586" /><F128/><W134/><G134/><T47/><D47/><U29/><E50/><V36/><F36/><W5/><G62/><T121/><D58/><U125/><E100/><V27/><F72/><W39/><G39/><T110/><D63/><U98/><E98/><V35/><F19/><N who="3" m="8687" /><G8/><T55/><D55/><U91/><E29/><V23/><F23/><W106/><G106/><T43/><D43/><U123/><E22/><V92/><F35/><W74/><G74/><T127/><D117/><U80/><E79/><AGARI ba="0,0" hai="5,7,18,21,26,40,45,49,79,81,86" m="8687" machi="79" ten="30,1500,0" yaku="8,1" doraHai="108" who="3" fromWho="1" sc="188,0,423,-15,149,0,240,15" /><INIT seed="3,1,0,0,4,70" ten="188,408,149,255" oya="3" hai0="126,111,40,52,32,44,129,107,99,38,75,24,65" hai1="63,20,62,80,42,85,61,120,94,36,127,87,0" hai2="64,91,116,22,51,48,7,46,68,33,89,121,96" hai3="73,105,60,104,34,21,55,98,39,66,82,71,112"/><W57/><G34/><T50/><D75/><U93/><E0/><V59/><F116/><W25/><G112/><T2/><D2/><U37/><E42/><V76/><F33/><W135/><G135/><T18/><D129/><U31/><E120/><V77/><F121/><W56/><G56/><T97/><D126/><U54/><E54/><V69/><F7/><W17/><G98/><T53/><D53/><U67/><E67/><V47/><F22/><W102/><G102/><T35/><D65/><U10/><E10/><V117/><F64/><W49/><G73/><T110/><D35/><U15/><E127/><V106/><F117/><W26/><G82/><T45/><D107/><U84/><E80/><V19/><F96/><W27/><REACH who="3" step="1"/><G39/><REACH who="3" ten="188,408,149,245" step="2"/><T72/><D72/><U83/><E83/><V81/><F81/><W113/><G113/><T29/><D110/><U90/><E90/><V115/><F115/><W108/><G108/><T119/><D111/><U128/><E128/><V95/><F59/><W123/><G123/><T114/><D119/><U122/><E122/><V103/><F103/><W43/><G43/><T78/><D114/><U9/><E36/><V130/><F130/><W125/><G125/><T92/><D78/><U86/><E37/><V100/><F100/><W1/><G1/><T58/><D58/><U14/><E87/><V131/><F131/><W23/><G23/><T28/><D32/><U30/><E20/><V109/><F109/><W134/><G134/><T16/><D97/><U8/><E8/><V74/><F74/><W11/><G11/><T118/><D118/><RYUUKYOKU ba="1,1" sc="188,-10,408,-10,149,-10,245,30" hai3="17,21,25,26,27,49,55,57,60,66,71,104,105" /><INIT seed="3,2,1,0,0,81" ten="178,398,139,275" oya="3" hai0="98,85,7,90,32,54,111,102,123,56,53,55,10" hai1="20,88,117,97,99,118,4,66,126,18,68,25,59" hai2="36,115,72,46,6,62,28,14,43,92,122,23,84" hai3="2,94,76,33,1,73,104,83,9,37,57,135,67"/><W114/><G104/><T108/><D32/><U19/><E68/><V74/><F115/><W13/><G37/><T70/><D70/><U112/><E112/><V121/><F62/><W86/><G33/><T58/><D123/><N who="2" m="47114" /><F28/><W41/><G41/><T132/><D132/><U15/><E4/><V101/><F101/><W129/><G114/><T75/><D75/><N who="2" m="28714" /><F23/><W44/><G44/><T42/><D42/><U38/><E38/><V124/><F124/><W49/><G67/><T93/><D108/><U34/><E126/><V131/><F131/><W26/><G26/><T22/><D22/><U30/><E19/><V79/><F79/><W82/><G94/><T11/><D111/><U21/><E34/><V27/><F27/><W47/><G57/><T110/><D110/><U61/><E88/><N who="2" m="53255" /><F6/><W29/><G29/><T119/><D119/><AGARI ba="2,1" hai="15,18,20,21,25,30,59,61,66,97,99,117,118,119" machi="119" ten="40,1300,0" yaku="12,1" doraHai="81" who="1" fromWho="0" sc="178,-19,398,29,139,0,275,0" /><INIT seed="4,0,0,4,4,117" ten="159,427,139,275" oya="0" hai0="92,76,107,67,55,27,88,102,56,79,66,70,39" hai1="71,93,99,122,60,38,12,111,130,135,50,8,129" hai2="125,13,33,42,21,91,131,59,94,1,98,116,31" hai3="105,110,0,58,62,113,78,25,35,97,2,114,119"/><T134/><D39/><U30/><E38/><V109/><F116/><W16/><G110/><T120/><D120/><U15/><E111/><V103/><F1/><W51/><G119/><T32/><D102/><U121/><E30/><V65/><F109/><W36/><G36/><T118/><D107/><U127/><E135/><V24/><F125/><W49/><G78/><T74/><D134/><U72/><E72/><V80/><F131/><N who="1" m="50185" /><E127/><V57/><F42/><W41/><G35/><T82/><D79/><U11/><E50/><V19/><F65/><W126/><G126/><T63/><D118/><U53/><E15/><V101/><F101/><N who="3" m="62639" /><G0/><T95/><D95/><U128/><E128/><V34/><F34/><W89/><G89/><T52/><D67/><N who="1" m="41447" /><E53/><V61/><F61/><W40/><G2/><T90/><D55/><U45/><E45/><V108/><F108/><W132/><G132/><T10/><D10/><N who="1" m="3627" /><E12/><V3/><F3/><W133/><G133/><T96/><D32/><U54/><E54/><V123/><F123/><W29/><G41/><T14/><D14/><U112/><E112/><N who="3" m="43114" /><G29/><T75/><D27/><U124/><E124/><V37/><F37/><W77/><G40/><T115/><D115/><U4/><E4/><V46/><F46/><W83/><G51/><T44/><D44/><U87/><E87/><N who="2" m="50663" /><F33/><W6/><G6/><T48/><D75/><U17/><E17/><V28/><F28/><W68/><G68/><T18/><D18/><U43/><E43/><V104/><F104/><W69/><G16/><T64/><D64/><U5/><E5/><V84/><F84/><RYUUKYOKU ba="0,0" sc="159,10,427,10,139,10,275,-30" hai0="48,52,56,63,66,70,74,76,82,88,90,92,96" hai1="93,99,121,122" hai2="13,19,21,24,31,57,59,94,98,103" /><INIT seed="4,1,0,0,1,60" ten="169,437,149,245" oya="0" hai0="125,73,64,105,83,124,91,33,130,56,29,89,82" hai1="28,93,31,55,128,57,119,77,86,6,101,10,41" hai2="131,13,18,127,5,79,121,45,26,65,96,42,111" hai3="46,9,80,63,38,8,67,20,97,102,107,16,27"/><T48/><D105/><U94/><E128/><V71/><F111/><W51/><G80/><T50/><D130/><U37/><E119/><V76/><F121/><W122/><G38/><T1/><D1/><U99/><E41/><V104/><F131/><W117/><G117/><T59/><D29/><U21/><E37/><V72/><F127/><W11/><G122/><T58/><D33/><U129/><E129/><V81/><F76/><W98/><G98/><T24/><D24/><U39/><E39/><V0/><F26/><W88/><G88/><N who="0" m="33867" /><D64/><U69/><E69/><V75/><F75/><W30/><G30/><T133/><D73/><U115/><E21/><V34/><F34/><W132/><G132/><T100/><D100/><U109/><E94/><V90/><F65/><W134/><G134/><T110/><D133/><U135/><E135/><V108/><F71/><W2/><G2/><T103/><D103/><U52/><E28/><V68/><F68/><W17/><G17/><T14/><D14/><U106/><E31/><V66/><F66/><W74/><G74/><T44/><D44/><U40/><E106/><V116/><F116/><W114/><G114/><T120/><D120/><U23/><E115/><V78/><F0/><W126/><G126/><N who="0" m="48747" /><D110/><U95/><E109/><V35/><F108/><W54/><G8/><T4/><D4/><U112/><E10/><N who="2" m="6455" /><F5/><W92/><G107/><T70/><D70/><AGARI ba="1,0" hai="9,11,16,20,27,46,51,54,63,67,70,92,97,102" machi="70" ten="30,3900,0" yaku="7,1,52,1,54,1" doraHai="60" who="3" fromWho="0" sc="169,-42,437,0,149,0,245,42" /><INIT seed="5,0,0,2,0,101" ten="127,437,149,287" oya="1" hai0="38,91,74,54,81,102,134,71,42,22,61,72,96" hai1="50,23,100,59,1,25,12,18,46,93,80,24,45" hai2="6,119,49,82,94,83,29,110,120,34,33,69,104" hai3="108,133,115,32,31,103,123,78,67,10,30,2,131"/><U13/><E1/><V60/><F119/><W0/><G67/><T79/><D91/><U99/><E80/><V76/><F110/><W129/><G78/><T97/><D74/><U58/><E46/><V20/><F120/><W62/><G62/><T56/><D71/><U73/><E73/><V89/><F6/><N who="3" m="1351" /><G103/><T28/><D134/><U121/><E121/><V48/><F104/><W55/><G55/><T8/><D8/><U68/><E68/><V11/><F11/><W37/><G37/><T52/><D54/><U35/><E35/><V106/><F34/><W112/><G2/><T98/><D42/><U36/><E36/><V86/><F106/><W53/><G53/><T5/><D38/><U111/><E111/><V132/><F33/><W90/><G90/><T14/><D102/><U39/><E39/><V130/><F83/><W114/><G123/><T15/><REACH who="0" step="1"/><D5/><REACH who="0" ten="117,437,149,287" step="2"/><U26/><E100/><V65/><F132/><W107/><G133/><T126/><D126/><U125/><E125/><V57/><F69/><W7/><G7/><T17/><D17/><U113/><E18/><V70/><F70/><W3/><G115/><T116/><D116/><U84/><E113/><V128/><F128/><W122/><G129/><T44/><D44/><U19/><E45/><V117/><F130/><W41/><G131/><T127/><D127/><U87/><E19/><V109/><F117/><W63/><G114/><T75/><D75/><U95/><E87/><N who="2" m="52543" /><F109/><W77/><G112/><T4/><D4/><U118/><E118/><V105/><F105/><W21/><G108/><T135/><D135/><RYUUKYOKU ba="0,1" sc="117,15,437,-15,149,15,287,-15" hai0="14,15,22,28,52,56,61,72,79,81,96,97,98" hai2="20,29,48,49,57,60,65,76,82,86" /><INIT seed="6,1,1,0,3,77" ten="132,422,164,272" oya="2" hai0="112,119,76,69,68,109,57,6,83,75,89,62,52" hai1="70,46,3,7,1,61,80,105,135,12,26,16,40" hai2="118,130,99,101,48,123,122,11,53,58,90,121,65" hai3="95,111,0,9,93,92,8,36,34,82,54,131,120"/><V110/><F118/><W134/><G34/><T28/><D119/><U33/><E105/><V108/><F130/><W124/><G120/><T30/><D109/><N who="2" m="42090" /><F11/><N who="3" m="4171" /><G36/><T59/><D6/><U18/><E7/><V114/><F114/><W66/><G0/><T20/><D112/><U39/><E135/><V117/><F117/><W84/><G134/><T113/><D113/><U73/><E70/><V41/><F90/><N who="3" m="51479" /><G124/><T115/><D115/><U71/><E71/><V45/><F65/><W42/><G42/><T72/><D72/><U25/><E61/><N who="2" m="36047" /><F123/><W78/><G66/><T64/><D69/><U107/><E3/><V24/><F24/><W81/><G131/><T85/><D68/><U14/><E1/><V10/><F10/><W17/><G54/><T63/><REACH who="0" step="1"/><D20/><REACH who="0" ten="122,422,164,272" step="2"/><U37/><E33/><V49/><F49/><W51/><G111/><T29/><D29/><U104/><E39/><V129/><F129/><W31/><G51/><T38/><D38/><U88/><E37/><V133/><F133/><W106/><G31/><T19/><D19/><U22/><E18/><V43/><F43/><W74/><G17/><T79/><D79/><U32/><E40/><V97/><F97/><W47/><G78/><T126/><D126/><U4/><E16/><V102/><F102/><W128/><G128/><T103/><D103/><U35/><E4/><V50/><F50/><W5/><G5/><T15/><D15/><U55/><E14/><V2/><F2/><W44/><G74/><T100/><D100/><U125/><E12/><V86/><F86/><W21/><G21/><T98/><D98/><RYUUKYOKU ba="1,2" sc="122,15,422,-15,164,15,272,-15" hai0="28,30,52,57,59,62,63,64,75,76,83,85,89" hai2="41,45,48,99,101,121,122" /><INIT seed="6,2,2,2,0,73" ten="137,407,179,257" oya="2" hai0="83,53,79,110,59,77,116,65,100,62,41,70,44" hai1="81,109,124,99,35,33,29,31,108,86,42,91,21" hai2="27,72,78,54,74,101,66,24,9,111,114,15,131" hai3="90,119,45,129,4,68,97,1,57,106,120,39,76"/><V123/><F123/><W84/><G68/><T58/><D110/><U23/><E124/><V107/><F111/><W98/><G119/><T40/><D116/><U94/><E42/><V7/><F74/><W13/><G1/><T69/><D100/><U46/><E35/><V67/><F107/><W71/><G71/><T60/><D40/><U12/><E33/><V43/><F72/><W49/><G39/><T19/><D19/><U56/><E46/><V75/><F75/><W92/><G129/><T47/><D47/><U132/><E132/><V32/><F32/><W118/><G57/><T18/><D18/><U104/><E104/><V3/><F3/><W0/><G0/><T88/><D69/><U95/><E95/><V134/><F43/><N who="3" m="24767" /><G106/><T85/><D70/><U125/><E125/><V82/><F131/><W16/><G4/><T30/><D30/><U87/><E87/><N who="2" m="48599" /><F134/><W6/><G6/><T17/><D17/><N who="1" m="10407" /><E108/><V36/><F36/><AGARI ba="2,2" hai="36,41,44,53,58,59,60,62,65,77,79,83,85,88" machi="36" ten="30,7700,0" yaku="7,1,52,2,54,1" doraHai="73" who="0" fromWho="2" sc="137,103,407,0,179,-83,257,0" /><INIT seed="7,0,0,0,1,105" ten="240,407,96,257" oya="3" hai0="90,3,1,42,82,120,8,20,44,125,21,13,0" hai1="14,23,97,115,111,128,86,15,91,77,50,134,65" hai2="11,113,106,60,112,130,53,64,5,126,108,52,78" hai3="33,25,118,41,75,59,16,68,62,94,116,87,55"/><W28/><G75/><T122/><D125/><U38/><E38/><V35/><F35/><W48/><G68/><T63/><D63/><U127/><E111/><V117/><F106/><W67/><G41/><T84/><D120/><U27/><E115/><V40/><F78/><W99/><G87/><T30/><D122/><U102/><E77/><V88/><F88/><W100/><REACH who="3" step="1"/><G16/><REACH who="3" ten="240,407,96,247" step="2"/><T98/><D98/><U76/><E86/><V51/><F40/><W4/><G4/><T36/><REACH who="0" step="1"/><D30/><REACH who="0" ten="230,407,96,247" step="2"/><U54/><E97/><V93/><F113/><W81/><G81/><T131/><D131/><U37/><E128/><V124/><F130/><W10/><G10/><T47/><D47/><U32/><E23/><V45/><F112/><W2/><G2/><T26/><D26/><U133/><E27/><V12/><F126/><W24/><G24/><T121/><D121/><U119/><E127/><V74/><F124/><W114/><G114/><T6/><AGARI ba="0,2" hai="0,1,3,6,8,13,20,21,36,42,44,82,84,90" machi="6" ten="30,2000,0" yaku="1,1,0,1,53,0" doraHai="105" doraHaiUra="104" who="0" fromWho="0" sc="230,40,407,-5,96,-5,247,-10" owari="270,7.0,402,50.0,91,-41.0,237,-16.0" /></mjloggm>