<mjloggm ver="2.3"><GO type="193" lobby="0"/><UN n0="%E3%83%88%E3%83%88%E3%83%AA%E5%85%88%E7%94%9F%31%39%E6%AD%B3" n1="%E3%81%A4%E3%81%8F%E3%81%AD%E3%81%A8%E7%A0%82%E8%82%9D" n2="%79%75%6B%6B%6F%32%32" n3="%6D%69%31%33%36%31" dan="3,13,11,12" rate="1603.11,1795.46,1749.91,1673.65" sx="F,M,M,M"/><TAIKYOKU oya="0"/><INIT seed="0,0,0,4,2,124" ten="250,250,250,250" oya="0" hai0="129,1,69,54,81,44,8,48,117,90,59,10,40" hai1="118,88,106,64,70,134,45,7,103,14,99,62,85" hai2="119,73,36,23,58,51,37,79,34,135,105,2,68" hai3="72,113,3,94,93,52,82,76,108,132,17,114,12"/><T61/><D117/><U46/><E118/><V128/><F23/><W20/><G3/><T123/><D123/><U5/><E134/><V11/><F11/><W71/><G71/><T120/><D120/><U6/><REACH who="1" step="1"/><E14/><REACH who="1" ten="250,240,250,250" step="2"/><V4/><F4/><W24/><G132/><T104/><D1/><U102/><E102/><V9/><F9/><W25/><G108/><T96/><D10/><U22/><E22/><V31/><F79/><W21/><G114/><T28/><D8/><U84/><E84/><V26/><F119/><W65/><G65/><T13/><D13/><U116/><E116/><V115/><F135/><W74/><G74/><T41/><D96/><U39/><E39/><V35/><F115/><W16/><G113/><T50/><D90/><U0/><E0/><V107/><F73/><W111/><G111/><T43/><D104/><N who="2" m="40010" /><F2/><W77/><G77/><T42/><D81/><AGARI ba="0,1" hai="5,6,7,45,46,62,64,70,81,85,88,99,103,106" machi="81" ten="40,2600,0" yaku="1,1,54,1,53,0" doraHai="124" doraHaiUra="75" who="1" fromWho="0" sc="250,-26,240,36,250,0,250,0" /><INIT seed="1,0,0,4,3,16" ten="224,276,250,250" oya="1" hai0="24,129,90,28,94,46,45,57,20,10,60,102,19" hai1="112,70,130,98,124,134,104,120,8,34,51,7,79" hai2="82,69,114,72,128,117,59,87,123,109,62,125,4" hai3="75,0,66,1,101,38,5,103,111,77,26,127,93"/><U63/><E124/><V107/><F4/><W44/><G127/><T110/><D110/><U13/><E130/><V74/><F82/><W96/><G111/><T40/><D129/><U23/><E120/><V49/><F87/><W119/><G0/><T2/><D102/><U131/><E134/><V133/><F49/><W122/><G119/><T91/><D40/><U126/><E112/><V43/><F59/><W9/><G26/><T67/><D91/><U105/><E126/><V56/><F43/><W50/><G122/><T25/><D2/><U88/><E131/><V65/><F56/><W12/><G66/><T54/><D67/><U115/><E34/><V48/><F48/><W21/><G38/><T39/><D39/><U83/><E115/><V89/><F89/><W81/><G21/><N who="0" m="15407" /><D10/><U99/><E51/><V76/><F76/><W135/><G135/><T121/><D121/><U132/><E132/><V53/><F62/><W73/><G73/><T11/><D11/><U85/><E105/><V6/><F53/><W3/><G103/><T47/><D46/><U33/><E104/><V113/><F65/><W27/><G27/><T17/><D17/><U29/><E33/><V106/><F6/><W80/><G80/><T95/><D95/><U52/><E70/><V35/><F113/><W32/><G32/><T97/><AGARI ba="0,0" hai="19,20,24,45,47,54,57,60,90,94,97" m="15407" machi="97" ten="30,7900,0" yaku="25,1,8,1,52,2" doraHai="16" who="0" fromWho="0" sc="224,79,276,-39,250,-20,250,-20" /><INIT seed="2,0,0,0,1,133" ten="303,237,230,230" oya="2" hai0="73,127,120,32,135,86,49,114,129,16,70,19,95" hai1="17,51,126,60,106,88,75,115,33,130,53,132,97" hai2="96,81,44,90,9,104,14,6,12,2,26,93,8" hai3="18,24,57,38,99,25,102,43,85,107,41,124,117"/><V83/><F104/><W112/><G117/><T40/><D114/><U91/><E115/><V89/><F44/><W28/><G124/><T122/><D73/><U22/><E126/><V21/><F89/><W87/><G112/><T67/><D127/><U29/><E132/><V47/><F47/><W1/><G1/><T109/><D135/><U72/><E130/><V116/><F116/><W125/><G125/><T78/><D32/><U20/><E33/><V10/><F8/><W76/><G57/><T0/><D0/><U56/><E106/><V3/><F2/><W4/><G4/><T77/><D129/><U63/><E75/><V71/><F71/><W123/><G123/><T30/><D30/><U62/><E72/><V113/><F113/><W84/><G38/><T45/><D109/><U79/><E79/><V121/><F121/><W108/><G108/><T110/><D110/><U15/><E97/><V48/><F48/><W13/><G25/><AGARI ba="0,0" hai="15,17,20,22,25,29,51,53,56,60,62,63,88,91" machi="25" ten="40,2600,0" yaku="8,1,54,1" doraHai="133" who="1" fromWho="3" sc="303,0,237,26,230,0,230,-26" /><INIT seed="3,0,0,1,1,69" ten="303,263,230,204" oya="3" hai0="5,52,29,129,95,73,41,86,8,104,74,18,77" hai1="2,3,65,71,112,84,106,111,1,33,81,102,42" hai2="135,100,34,124,19,131,117,39,122,32,63,97,101" hai3="14,56,103,75,87,134,60,6,66,58,50,119,11"/><W45/><G75/><T38/><D104/><U90/><E112/><V96/><F117/><W46/><G119/><T67/><D129/><U44/><E111/><V22/><F122/><W70/><G134/><T110/><D110/><U132/><E132/><V91/><F131/><W108/><G108/><T24/><D67/><U51/><E33/><V109/><F109/><W36/><G103/><T17/><D52/><U116/><E116/><V99/><F135/><W62/><G36/><T72/><D41/><U64/><E71/><V85/><F124/><W21/><G46/><T115/><D38/><U37/><REACH who="1" step="1"/><E51/><REACH who="1" ten="303,253,230,204" step="2"/><V61/><F39/><W49/><G49/><T31/><D115/><U26/><E26/><N who="2" m="14687" /><F32/><W4/><G4/><T20/><D29/><U16/><E16/><V120/><F120/><W128/><G128/><T9/><D9/><U94/><E94/><N who="2" m="54639" /><F34/><W25/><G70/><T127/><D127/><U12/><E12/><V93/><F93/><W79/><G50/><T88/><REACH who="0" step="1"/><D77/><REACH who="0" ten="293,253,230,204" step="2"/><U80/><E80/><V35/><F35/><W7/><G45/><T54/><D54/><U133/><E133/><V82/><F82/><W43/><G43/><T13/><AGARI ba="0,2" hai="5,8,13,17,18,20,24,31,72,73,74,86,88,95" machi="13" ten="30,7900,0" yaku="1,1,0,1,54,1,53,1" doraHai="69" doraHaiUra="27" who="0" fromWho="0" sc="293,99,253,-20,230,-20,204,-39" owari="392,49.0,233,3.0,210,-19.0,165,-33.0" /></mjloggm>