<mjloggm ver="2.3"><GO type="193" lobby="0"/><UN n0="%E3%83%88%E3%83%88%E3%83%AA%E5%85%88%E7%94%9F%31%39%E6%AD%B3" n1="%E5%85%A8%E8%87%AA%E5%8B%95%E6%8C%AF%E8%BE%BC%E6%A9%9F" n2="%E3%83%A9%E3%83%A0%E8%82%89" n3="%4E%49%47%48%54" dan="12,11,11,9" rate="1925.92,1727.04,1614.06,1706.19" sx="F,M,M,F"/><TAIKYOKU oya="0"/><INIT seed="0,0,0,1,5,14" ten="250,250,250,250" oya="0" hai0="85,36,46,38,89,108,75,10,70,111,29,60,94" hai1="17,129,55,78,100,2,23,32,67,79,114,68,96" hai2="52,117,19,125,87,8,28,20,116,27,63,102,11" hai3="98,30,83,91,126,21,69,64,97,31,37,9,16"/><T45/><D75/><U92/><E2/><V86/><F86/><N who="3" m="50655" /><G37/><T131/><D131/><U134/><E129/><V99/><F87/><W47/><G126/><T42/><D29/><N who="3" m="10761" /><G69/><T88/><D10/><U26/><E134/><V77/><F77/><W56/><G9/><T121/><D121/><U109/><E109/><N who="0" m="42057" /><D89/><U62/><E114/><V124/><F11/><W18/><G21/><T44/><D42/><U82/><E32/><V104/><F8/><W106/><G106/><T3/><D3/><U57/><E82/><V59/><REACH who="2" step="1"/><F28/><REACH who="2" ten="250,250,240,250" step="2"/><W53/><G64/><AGARI ba="0,1" hai="36,38,44,45,46,60,64,70,85,88,94" m="42057" machi="64" ten="30,5800,0" yaku="14,1,10,1,54,1" doraHai="14" who="0" fromWho="3" sc="250,68,250,0,240,0,250,-58" /><INIT seed="0,1,0,2,3,38" ten="318,250,240,192" oya="0" hai0="7,22,35,59,134,50,79,29,92,55,57,114,14" hai1="2,84,131,68,126,31,104,16,123,69,62,28,125" hai2="21,32,111,90,96,83,116,129,103,42,11,0,67" hai3="34,39,51,46,81,63,58,40,97,93,60,65,10"/><T94/><D114/><U49/><E123/><V107/><F32/><W87/><G34/><T124/><D35/><U120/><E120/><V132/><F67/><W71/><G10/><N who="0" m="4447" /><D134/><U19/><E2/><V20/><F111/><W4/><G4/><T118/><D118/><U85/><E131/><V3/><F129/><W127/><G127/><N who="1" m="48650" /><E104/><V130/><F130/><W48/><G93/><N who="0" m="35947" /><D124/><U37/><E37/><V13/><F132/><W25/><G97/><T27/><D79/><U76/><E49/><N who="3" m="19018" /><G87/><N who="1" m="33354" /><E76/><V33/><F33/><W101/><G25/><T115/><D115/><U106/><E106/><V99/><F116/><W91/><G91/><T100/><D100/><U86/><E86/><V56/><F56/><AGARI ba="1,0" hai="22,27,29,50,55,56,57,59" m="35947,4447" machi="56" ten="30,1500,0" yaku="8,1" doraHai="38" who="0" fromWho="2" sc="318,18,250,0,240,-18,192,0" /><INIT seed="0,2,0,2,0,18" ten="336,250,222,192" oya="0" hai0="55,108,13,33,116,49,75,78,34,9,99,126,85" hai1="104,91,35,57,0,97,65,94,74,38,90,15,3" hai2="53,69,86,61,37,80,110,7,101,121,117,28,73" hai3="106,14,119,111,10,88,107,131,66,44,72,27,132"/><T93/><D116/><U63/><E38/><V56/><F73/><W6/><G119/><T100/><D75/><U123/><E74/><V89/><F121/><W25/><G132/><T31/><D126/><U42/><E123/><V77/><F117/><W22/><G111/><T51/><D108/><U70/><E35/><V135/><F110/><W133/><G133/><T105/><D31/><U102/><E42/><V82/><F135/><W113/><G113/><T92/><D49/><U54/><E91/><V16/><F37/><W45/><G72/><T130/><D130/><U124/><E124/><V40/><F40/><W29/><G131/><T96/><D105/><U59/><E70/><V67/><F7/><W20/><G66/><T83/><D13/><U129/><E129/><V115/><F115/><W95/><G106/><T122/><D9/><U79/><E79/><V12/><F101/><W21/><G107/><T58/><REACH who="0" step="1"/><D122/><REACH who="0" ten="326,250,222,192" step="2"/><U109/><E109/><V24/><F80/><W36/><G36/><T5/><D5/><U8/><E15/><V26/><F77/><W30/><REACH who="3" step="1"/><G22/><REACH who="3" ten="326,250,222,182" step="2"/><T19/><D19/><U46/><E8/><V23/><REACH who="2" step="1"/><F28/><REACH who="2" ten="326,250,212,182" step="2"/><W4/><G4/><T64/><D64/><U41/><E65/><V11/><F11/><W112/><G112/><T87/><D87/><AGARI ba="2,3" hai="6,10,14,20,21,25,27,29,30,44,45,87,88,95" machi="87" ten="30,12000,2" yaku="1,1,7,1,9,1,8,1,52,2,54,1,53,0" doraHai="18" doraHaiUra="62" who="3" fromWho="0" sc="326,-126,250,0,212,0,182,156" /><INIT seed="1,0,0,4,1,80" ten="200,250,212,338" oya="1" hai0="77,122,72,21,109,124,84,48,128,65,97,18,58" hai1="113,26,57,38,14,9,107,121,16,135,95,108,13" hai2="36,70,69,103,22,31,89,54,126,99,35,20,66" hai3="34,15,7,51,12,8,100,118,104,101,52,56,39"/><U62/><E113/><V5/><F36/><W98/><G34/><T102/><D72/><U68/><E121/><V87/><F126/><W49/><G39/><T40/><D124/><U86/><E107/><V110/><F110/><W30/><G118/><T85/><D109/><U59/><E108/><V67/><F5/><W25/><G100/><T114/><D114/><U78/><E38/><V94/><F35/><W24/><G30/><T132/><D122/><U1/><E1/><V112/><F112/><W131/><G131/><T11/><D128/><U17/><E26/><V75/><F75/><W90/><G90/><T71/><D71/><U115/><E68/><V105/><F69/><W19/><G51/><T32/><D32/><U106/><E106/><V123/><F123/><W134/><G134/><T47/><D132/><U27/><E27/><V88/><F70/><W46/><G46/><T50/><D11/><AGARI ba="0,0" hai="7,8,11,12,15,19,24,25,49,52,56,98,101,104" machi="11" ten="30,2000,0" yaku="7,1,54,1" doraHai="80" who="3" fromWho="0" sc="200,-20,250,0,212,0,338,20" /><INIT seed="2,0,0,2,2,119" ten="180,250,212,358" oya="2" hai0="106,126,133,57,7,53,70,30,50,75,5,0,39" hai1="83,93,11,36,26,2,65,64,114,24,55,76,127" hai2="85,129,67,42,35,21,117,54,1,99,125,45,122" hai3="109,103,22,116,49,120,59,37,94,84,90,19,130"/><V63/><F1/><W29/><G29/><T89/><D39/><U41/><E114/><V98/><F35/><W40/><G116/><T25/><D70/><U73/><E127/><V82/><F117/><W6/><G6/><T52/><D126/><U121/><E121/><V33/><F33/><W46/><G120/><T124/><D124/><U118/><E118/><V71/><F129/><W43/><G130/><T14/><D106/><U47/><E55/><V4/><F4/><W48/><G109/><T134/><D75/><U20/><E93/><V95/><F125/><W78/><G103/><T81/><D0/><U60/><E60/><V101/><F21/><W92/><G78/><T9/><D7/><N who="1" m="1527" /><E26/><V132/><F132/><W74/><G74/><T113/><D113/><U123/><E123/><V17/><F17/><AGARI ba="0,0" hai="17,20,24,36,41,47,64,65,73,76,83" m="1527" machi="17" ten="30,1000,0" yaku="25,1" doraHai="119" who="1" fromWho="2" sc="180,0,250,10,212,-10,358,0" /><INIT seed="3,0,0,0,3,0" ten="180,260,202,358" oya="3" hai0="13,114,85,94,51,75,63,48,12,30,47,122,66" hai1="116,72,121,38,89,124,70,62,58,60,127,8,28" hai2="132,100,20,19,93,105,126,2,7,69,55,79,6" hai3="68,16,56,123,18,115,107,80,53,87,10,77,104"/><W17/><G68/><T49/><D122/><U64/><E121/><V44/><F69/><W92/><G92/><T86/><D75/><U65/><E38/><V111/><F105/><W125/><G125/><T103/><D114/><U99/><E72/><V37/><F111/><W118/><G118/><T39/><D39/><U106/><E116/><V117/><F117/><W35/><G35/><T4/><D30/><U45/><E45/><V95/><F132/><W73/><G73/><T133/><D133/><U57/><E70/><V61/><F2/><W130/><G130/><T21/><D47/><U43/><E43/><V41/><F79/><W67/><G67/><T135/><D135/><U110/><E28/><V128/><F128/><W32/><G32/><T84/><D21/><U82/><E110/><V46/><F126/><W25/><G115/><T78/><D78/><U36/><E36/><V27/><F46/><W54/><G10/><N who="0" m="4167" /><D13/><U22/><E22/><V33/><F33/><W101/><G25/><T34/><D34/><U102/><E8/><V109/><F109/><W91/><G77/><T40/><D40/><U81/><E81/><V88/><F100/><W50/><G101/><T98/><D63/><U11/><E11/><V9/><F9/><W113/><G113/><T129/><D129/><U112/><E112/><V1/><F1/><W15/><G123/><T74/><D74/><U119/><E119/><V108/><F108/><W90/><G107/><T31/><D31/><U96/><E124/><V59/><F95/><W3/><G104/><T29/><D29/><U83/><E127/><RYUUKYOKU ba="0,0" sc="180,10,260,10,202,10,358,-30" hai0="48,49,51,66,84,85,86,94,98,103" hai1="57,58,60,62,64,65,82,83,89,96,99,102,106" hai2="6,7,19,20,27,37,41,44,55,59,61,88,93" owari="190,-31.0,270,7.0,212,-19.0,328,43.0" /></mjloggm>