<mjloggm ver="2.3"><GO type="233" lobby="0"/><UN n0="%E3%82%A6%E3%83%AB%E3%83%88%E3%83%A9%E7%AB%8B%E7%9B%B4" n1="%E6%AE%8B%E5%B0%BF%E6%84%9F%E3%81%AA%E3%81%84%EF%BC%9F" n2="%E5%B0%8F%E9%98%AA%E3%81%A1%E3%81%B2%E3%82%8D" n3="%E8%92%BC%E8%A1%A3%E9%88%B4" dan="17,16,16,16" rate="2197.46,2169.54,2055.91,2050.75" sx="M,F,F,F"/><TAIKYOKU oya="0"/><INIT seed="0,0,0,5,3,21" ten="250,250,250,250" oya="0" hai0="106,27,123,97,5,42,85,93,26,6,20,122,35" hai1="128,46,80,133,37,61,132,117,49,70,109,84,129" hai2="74,38,96,24,1,55,94,64,73,126,95,16,60" hai3="113,79,116,69,34,92,29,78,131,10,112,11,100"/><T41/><D106/><U107/><E109/><V89/><F1/><W108/><G116/><T15/><D35/><U62/><E107/><V8/><F38/><W12/><G108/><T105/><D105/><U111/><E111/><V45/><F126/><W91/><G69/><T23/><D85/><U58/><E84/><V98/><F55/><W65/><G65/><T124/><D124/><U3/><E3/><V25/><F45/><W125/><G125/><T32/><D32/><U86/><E86/><V130/><F130/><N who="1" m="50281" /><E80/><V43/><F43/><N who="0" m="16394" /><D123/><U115/><E37/><V83/><F83/><W40/><G131/><T50/><D122/><U7/><E7/><N who="0" m="2569" /><D50/><U39/><E39/><V118/><F118/><W120/><G120/><T71/><D71/><U17/><E117/><V134/><F73/><W102/><G112/><T103/><D15/><U135/><E70/><V47/><F74/><W33/><G113/><T127/><D127/><U104/><E104/><V101/><F8/><W81/><G12/><T30/><D30/><U36/><E36/><V76/><F76/><W54/><G29/><T63/><D63/><N who="1" m="24075" /><E17/><V53/><F16/><W31/><G31/><T87/><D87/><U9/><E9/><V48/><REACH who="2" step="1"/><F134/><REACH who="2" ten="250,250,240,250" step="2"/><W57/><G10/><T77/><D77/><U4/><E115/><V90/><F90/><W22/><G11/><T67/><D67/><U82/><E4/><V72/><F72/><W52/><G79/><T75/><D75/><U66/><E82/><V28/><F28/><W68/><G81/><T88/><D88/><U56/><E66/><V114/><F114/><RYUUKYOKU ba="0,1" sc="250,10,250,10,240,10,250,-30" hai0="20,23,26,27,93,97,103" hai1="46,49,56,58,132,133,135" hai2="24,25,47,48,53,60,64,89,94,95,96,98,101" /><INIT seed="0,1,1,3,2,78" ten="260,260,250,220" oya="0" hai0="90,130,104,77,25,98,110,112,57,85,132,38,73" hai1="14,89,102,20,19,27,100,23,113,118,13,64,122" hai2="16,4,131,119,129,44,15,58,30,71,125,81,111" hai3="47,39,10,48,120,33,97,66,88,87,101,135,41"/><T68/><D68/><U123/><E118/><V86/><F119/><W126/><G126/><T108/><D38/><U134/><E64/><V65/><F71/><W8/><G33/><T31/><D112/><U60/><E60/><N who="2" m="38039" /><F4/><W74/><G135/><T46/><D46/><U6/><E89/><N who="2" m="51407" /><F30/><W95/><G74/><T82/><D57/><U106/><E102/><V29/><F29/><W45/><G66/><T5/><D5/><U1/><E100/><V53/><F111/><N who="0" m="42538" /><D130/><N who="2" m="49674" /><F53/><W62/><G120/><T133/><D104/><U93/><E106/><V35/><F35/><W96/><G62/><T11/><D11/><N who="3" m="4137" /><G39/><T94/><D73/><U79/><E6/><V17/><F44/><N who="3" m="25615" /><G96/><T75/><D75/><U121/><E121/><V0/><F0/><W107/><G107/><T26/><D26/><U127/><E27/><V67/><F67/><W59/><G59/><T105/><D105/><U54/><E123/><V22/><F17/><W69/><G69/><T99/><D99/><U32/><E19/><V7/><F7/><W9/><N who="3" m="4145" /><W56/><DORA hai="28" /><G56/><T21/><AGARI ba="1,1" hai="21,25,31,77,82,85,90,94,98,132,133" m="42538" machi="21" ten="30,6000,0" yaku="14,1,10,1,52,1" doraHai="78,28" who="0" fromWho="0" sc="260,73,260,-21,250,-21,220,-21" /><INIT seed="0,2,0,2,4,7" ten="333,239,229,199" oya="0" hai0="83,82,113,31,102,104,123,84,111,16,23,120,127" hai1="90,118,55,88,0,103,71,93,117,4,3,2,114" hai2="61,110,10,95,73,125,98,48,30,59,58,87,67" hai3="68,9,12,128,18,49,56,42,62,122,100,105,37"/><T75/><D113/><U135/><E71/><V41/><F73/><W54/><G128/><T34/><D127/><U131/><E103/><V64/><F110/><W69/><G122/><T134/><D111/><U47/><E131/><V133/><F125/><W99/><REACH who="3" step="1"/><G37/><REACH who="3" ten="333,239,229,189" step="2"/><T78/><D123/><U101/><E114/><V29/><F133/><W25/><G25/><T6/><D134/><U130/><E135/><V77/><F29/><W32/><G32/><T26/><D34/><U17/><E130/><V81/><F30/><W115/><G115/><T46/><D31/><U19/><E118/><V92/><F64/><W94/><G94/><T112/><D26/><U66/><E66/><V89/><F92/><W5/><G5/><T1/><D6/><U76/><E4/><V43/><F67/><W70/><G70/><T79/><D120/><U121/><E117/><V129/><F129/><W96/><G96/><T44/><D112/><U40/><E121/><V51/><F95/><W27/><G27/><T72/><D1/><U14/><E3/><V106/><F98/><W24/><G24/><T74/><D104/><U86/><E2/><V20/><F106/><W36/><G36/><T80/><D16/><U124/><E19/><V116/><F116/><W65/><G65/><T109/><D109/><U119/><E0/><V52/><F20/><W33/><G33/><T13/><D83/><N who="1" m="47463" /><E124/><V91/><F81/><W57/><G57/><T38/><D82/><U35/><E119/><V39/><F59/><W107/><G107/><T22/><D80/><U60/><E35/><V85/><F39/><RYUUKYOKU ba="2,1" sc="333,-10,239,-10,229,-10,189,30" hai3="9,12,18,42,49,54,56,62,68,69,99,100,105" /><INIT seed="1,3,1,0,5,49" ten="323,229,219,219" oya="1" hai0="15,58,119,19,107,91,135,71,127,123,89,94,23" hai1="69,99,45,52,92,6,72,70,53,106,98,40,77" hai2="128,11,26,134,7,10,82,51,55,54,81,41,33" hai3="34,21,85,61,5,97,39,2,43,90,24,129,0"/><U113/><E113/><V13/><F134/><W86/><G34/><T48/><D107/><U101/><E70/><V42/><F128/><W105/><G129/><T112/><D71/><U29/><E69/><V50/><F33/><W93/><G105/><T115/><D119/><U31/><E72/><V14/><F26/><W118/><G118/><T44/><D135/><U78/><E6/><AGARI ba="3,1" hai="6,7,10,11,13,14,41,42,50,51,54,55,81,82" machi="6" ten="25,8000,1" yaku="22,2,8,1,52,2" doraHai="49" who="2" fromWho="1" sc="323,0,229,-89,219,99,219,0" /><INIT seed="2,0,0,3,5,45" ten="323,140,318,219" oya="2" hai0="117,18,76,105,0,35,79,15,71,100,13,90,111" hai1="73,48,125,19,59,38,24,82,75,32,110,87,14" hai2="85,20,25,119,78,46,135,37,133,31,16,81,97" hai3="94,91,66,77,127,128,123,4,28,40,126,29,17"/><V8/><F119/><W36/><G123/><T21/><D0/><U122/><E110/><V67/><F67/><W34/><G128/><T104/><D35/><U116/><E38/><V1/><F97/><W84/><G4/><T109/><D71/><U12/><E116/><V58/><F58/><W47/><G34/><T51/><D117/><U64/><E125/><N who="3" m="47626" /><G77/><T108/><D90/><U3/><E3/><V95/><F95/><W118/><G118/><T101/><D15/><U41/><E122/><V44/><F37/><W72/><G72/><T49/><D101/><U70/><E70/><V96/><F96/><W22/><G66/><T121/><D121/><U98/><E32/><V86/><F86/><W52/><G52/><T130/><D130/><U7/><E7/><N who="2" m="1135" /><F31/><W114/><G114/><T26/><D100/><U80/><E98/><V112/><F112/><W11/><G28/><N who="0" m="17487" /><D79/><U62/><E75/><V61/><F61/><W69/><G29/><T42/><D76/><U132/><E73/><V129/><F129/><W63/><G63/><T68/><D42/><U120/><E41/><V65/><F65/><W115/><G115/><T2/><D108/><U83/><E120/><V113/><F113/><W50/><G69/><T92/><D68/><U55/><E64/><V107/><F107/><W106/><G106/><T99/><D105/><U27/><E62/><V6/><F6/><W103/><G103/><T30/><D104/><U9/><E55/><V60/><F60/><W23/><G36/><T54/><D111/><U5/><E5/><V93/><F93/><W43/><G43/><RYUUKYOKU ba="0,0" sc="323,-15,140,-15,318,15,219,15" hai2="16,20,25,44,46,78,81,85,133,135" hai3="11,17,22,23,40,47,50,84,91,94" /><INIT seed="2,1,0,1,1,91" ten="308,125,333,234" oya="2" hai0="104,85,101,118,35,122,112,19,114,130,102,132,51" hai1="8,129,53,128,29,52,133,6,28,39,60,72,36" hai2="14,31,10,30,76,43,9,65,56,74,1,64,119" hai3="58,48,82,134,111,21,103,115,124,79,26,86,78"/><V68/><F119/><W54/><G111/><T23/><D35/><U57/><E72/><V37/><F68/><W34/><G34/><T32/><D32/><U113/><E113/><V13/><F1/><W90/><G115/><T20/><D122/><U94/><E133/><V69/><F69/><W11/><G134/><T71/><D71/><U117/><E117/><V18/><F37/><W98/><G11/><T16/><D132/><U106/><E106/><V123/><F43/><W49/><G49/><T2/><D51/><U61/><E8/><V24/><F74/><W33/><G33/><T83/><D85/><U59/><REACH who="1" step="1"/><E94/><REACH who="1" ten="308,115,333,234" step="2"/><V131/><F9/><W125/><G125/><T47/><D104/><U92/><E92/><V5/><F10/><W80/><G124/><T70/><D118/><U25/><E25/><V126/><F24/><W41/><G82/><T22/><D83/><U4/><AGARI ba="1,1" hai="4,6,28,29,36,39,52,53,57,59,60,61,128,129" machi="4" ten="25,8000,1" yaku="1,1,0,1,22,2,54,1,53,0" doraHai="91" doraHaiUra="100" who="1" fromWho="1" sc="308,-21,115,93,333,-41,234,-21" /><INIT seed="3,0,0,1,4,100" ten="287,208,292,213" oya="3" hai0="74,130,46,87,31,115,96,12,21,10,111,43,9" hai1="79,63,30,71,17,2,73,60,23,34,91,105,19" hai2="59,36,126,82,42,86,8,133,132,88,76,112,103" hai3="68,24,135,67,6,5,75,37,41,95,25,108,20"/><W47/><G75/><T120/><D74/><U70/><E2/><V89/><F112/><W15/><G135/><N who="2" m="51785" /><F126/><W102/><G108/><T62/><D120/><U32/><E91/><V69/><F69/><N who="1" m="26121" /><E30/><V49/><F36/><W106/><G95/><T18/><D130/><U64/><E23/><V109/><F109/><W56/><G68/><T113/><D111/><U38/><E64/><V22/><F103/><W58/><G15/><T125/><D125/><U117/><E73/><V92/><F8/><W27/><G20/><T55/><D87/><U65/><E65/><V118/><F118/><W53/><G67/><T14/><D96/><U54/><E79/><V72/><F22/><W45/><G45/><T61/><D31/><U44/><E54/><N who="2" m="32207" /><F89/><W50/><REACH who="3" step="1"/><G58/><REACH who="3" ten="287,208,292,203" step="2"/><T85/><D21/><U110/><E110/><V0/><F0/><W116/><G116/><T33/><D115/><U119/><E117/><V114/><F114/><W26/><N who="3" m="6144" /><DORA hai="80" /><W101/><G101/><T123/><D113/><U129/><E119/><V93/><F93/><W104/><G104/><T29/><D14/><U28/><E105/><V78/><F72/><W7/><G7/><T128/><D12/><U127/><E28/><V39/><F92/><W3/><G3/><T134/><D29/><U52/><E127/><V98/><F98/><AGARI ba="0,1" hai="5,6,37,41,47,50,53,56,98,102,106" m="6144" machi="98" ten="50,12000,1" yaku="1,1,52,1,53,2" doraHai="100,80" doraHaiUra="51,94" who="3" fromWho="2" sc="287,0,208,0,292,-120,203,130" /><INIT seed="3,1,0,3,0,120" ten="287,208,172,333" oya="3" hai0="65,53,112,71,27,36,103,48,14,68,75,39,66" hai1="54,133,100,49,31,2,12,17,18,59,10,64,58" hai2="45,102,32,117,40,52,74,78,41,51,3,98,55" hai3="9,86,21,121,84,119,126,1,110,24,125,28,116"/><W20/><G121/><T123/><D75/><U4/><E133/><V62/><F117/><N who="3" m="45131" /><G84/><T88/><D14/><U81/><E100/><V26/><F3/><W34/><G86/><T115/><D27/><U0/><E31/><V56/><F74/><W107/><G107/><T5/><D5/><U37/><E37/><N who="0" m="14409" /><D88/><U118/><E118/><V69/><F78/><W101/><G101/><T132/><D112/><U130/><E130/><V93/><F69/><N who="0" m="26698" /><D103/><U92/><E92/><V44/><F32/><W134/><G134/><T104/><D104/><U114/><E114/><V67/><REACH who="2" step="1"/><F26/><REACH who="2" ten="287,208,162,333" step="2"/><W97/><G125/><T83/><D115/><U109/><E2/><V76/><F76/><W7/><G126/><T22/><D132/><U73/><E0/><V19/><F19/><W87/><G24/><T15/><D123/><U80/><E17/><V42/><F42/><W135/><G135/><T13/><D13/><U57/><E18/><V8/><F8/><W129/><G34/><T29/><D15/><U47/><E73/><V50/><AGARI ba="1,1" hai="40,41,44,45,50,51,52,55,56,62,67,93,98,102" machi="50" ten="20,12000,2" yaku="1,1,0,1,7,1,9,1,8,1,54,1,53,0" doraHai="120" doraHaiUra="6" who="2" fromWho="2" sc="287,-31,208,-31,162,133,333,-61" /><INIT seed="4,0,0,2,4,17" ten="256,177,295,272" oya="0" hai0="103,55,123,7,77,21,70,128,105,69,4,104,58" hai1="84,1,8,19,124,131,126,36,60,93,42,112,31" hai2="40,116,80,0,53,65,45,122,89,134,41,97,85" hai3="108,32,56,95,130,54,62,114,120,12,88,83,75"/><T87/><D123/><U50/><E36/><V90/><F122/><W121/><G108/><T111/><D111/><U113/><E31/><V28/><F134/><W107/><G114/><N who="1" m="44138" /><E60/><V2/><F65/><W72/><G32/><T100/><D58/><U91/><E131/><V115/><F115/><W14/><G107/><T35/><D55/><U79/><E79/><V66/><F66/><W27/><G130/><T47/><D77/><U117/><E117/><V132/><F132/><W37/><G37/><T30/><D30/><U16/><E42/><V26/><F53/><W86/><G120/><T51/><D35/><U46/><E1/><V81/><F116/><W102/><G121/><T109/><D51/><U61/><E61/><V10/><F10/><W71/><G71/><T133/><D133/><U106/><E106/><V68/><F68/><W119/><G119/><T38/><D38/><U23/><E8/><V110/><F110/><W129/><G129/><T125/><D128/><U18/><E23/><V20/><F40/><W135/><G135/><T96/><D21/><U73/><E73/><V92/><REACH who="2" step="1"/><F81/><REACH who="2" ten="256,177,285,272" step="2"/><W82/><G82/><T52/><D109/><U64/><E64/><V44/><F44/><W24/><G83/><T15/><D47/><U94/><E94/><V59/><F59/><W76/><G72/><T49/><D70/><U74/><E74/><V13/><F13/><N who="3" m="5227" /><G75/><T25/><D69/><U6/><E6/><V48/><AGARI ba="0,1" hai="0,2,20,26,28,41,45,48,80,85,89,90,92,97" machi="48" ten="20,8000,1" yaku="1,1,0,1,7,1,52,1,53,1" doraHai="17" doraHaiUra="78" who="2" fromWho="2" sc="256,-40,177,-20,285,90,272,-20" /><INIT seed="5,0,0,2,2,70" ten="216,157,375,252" oya="1" hai0="115,85,52,37,86,22,1,65,75,82,103,41,35" hai1="8,96,92,63,43,40,134,12,89,3,88,67,64" hai2="109,108,28,135,118,81,68,133,94,6,102,4,42" hai3="76,33,60,77,105,59,119,23,74,99,66,46,45"/><U93/><E3/><V11/><F68/><W48/><G119/><T14/><D35/><U54/><E134/><N who="2" m="51211" /><F28/><W17/><G33/><T21/><D65/><N who="1" m="25163" /><E54/><V10/><F118/><W25/><G74/><T19/><D1/><U15/><E63/><V51/><F81/><W78/><G105/><T123/><D123/><U53/><E53/><V111/><F102/><W62/><G99/><T79/><D103/><U47/><E47/><N who="2" m="26103" /><F94/><W73/><G73/><T100/><D100/><U49/><E49/><V87/><F87/><W7/><G60/><T83/><D75/><U124/><E124/><V120/><F120/><W27/><G7/><AGARI ba="0,0" hai="4,6,7,10,11,108,109,111" m="26103,51211" machi="7" ten="40,1300,0" yaku="20,1" doraHai="70" who="2" fromWho="3" sc="216,0,157,0,375,13,252,-13" /><INIT seed="6,0,0,2,4,11" ten="216,157,388,239" oya="2" hai0="27,96,61,83,89,91,111,42,88,80,60,70,33" hai1="30,114,36,87,66,121,48,100,53,99,71,50,38" hai2="118,67,107,4,72,35,16,12,105,58,102,112,29" hai3="51,81,103,73,76,41,135,124,117,77,93,90,128"/><V82/><F118/><W59/><G117/><T17/><D111/><U52/><E30/><V56/><F4/><W21/><G124/><T25/><D33/><U134/><E87/><V79/><F102/><W54/><G128/><T133/><D70/><U129/><E99/><V84/><F112/><W39/><G135/><T45/><D133/><U14/><E100/><V40/><F40/><W110/><G110/><T8/><D96/><U120/><E134/><V3/><F3/><W131/><G131/><T15/><D45/><N who="1" m="27663" /><E129/><V115/><F115/><W94/><G103/><T20/><D42/><U18/><E114/><V126/><F126/><W62/><G39/><T7/><D27/><U101/><E101/><V98/><F98/><W127/><G127/><T123/><D123/><N who="1" m="47179" /><E71/><V63/><F84/><N who="3" m="50447" /><G73/><T37/><D37/><U75/><E75/><V55/><F29/><W68/><G68/><T13/><D25/><U78/><E78/><N who="3" m="30314" /><G21/><T46/><D83/><U74/><E74/><V132/><F132/><W65/><G65/><T1/><D80/><U57/><E66/><V69/><F69/><W86/><G86/><T47/><D1/><U9/><AGARI ba="0,0" hai="9,14,18,36,38,50,53,57" m="47179,27663" machi="9" ten="30,4000,0" yaku="13,1,52,1,54,1" doraHai="11" who="1" fromWho="1" sc="216,-10,157,40,388,-20,239,-10" /><INIT seed="7,0,0,0,2,27" ten="206,197,368,229" oya="3" hai0="80,76,130,6,116,132,88,20,83,71,44,131,75" hai1="38,109,62,101,134,45,41,122,95,49,30,68,52" hai2="103,54,19,125,39,51,91,60,108,32,22,69,8" hai3="92,99,79,85,10,110,58,5,73,127,124,61,66"/><W115/><G115/><T105/><D105/><U119/><E109/><V14/><F108/><W104/><G110/><T2/><D71/><U15/><E122/><V65/><F32/><W9/><G104/><T84/><D116/><U18/><E134/><V40/><F103/><N who="3" m="60903" /><G73/><T35/><D35/><U36/><E119/><V0/><F125/><N who="3" m="48203" /><G5/><T87/><D132/><U56/><E30/><V43/><F39/><W28/><G28/><T17/><D6/><U96/><REACH who="1" step="1"/><E68/><REACH who="1" ten="206,187,368,229" step="2"/><V55/><F69/><W53/><G66/><T34/><D34/><U1/><E1/><V16/><F0/><W21/><G21/><AGARI ba="0,1" hai="15,18,21,36,38,41,45,49,52,56,62,95,96,101" machi="21" ten="30,7700,0" yaku="1,1,7,1,54,1,53,1" doraHai="27" doraHaiUra="90" who="1" fromWho="3" sc="206,0,187,87,368,0,229,-77" owari="206,-19.0,274,7.0,368,47.0,152,-35.0" /></mjloggm>