<mjloggm ver="2.3"><GO type="169" lobby="0"/><UN n0="%E5%A4%A9%E9%BC%93" n1="%E3%83%A1%E3%82%A4%E3%82%A2%E3%82%AF%E3%83%88" n2="%E3%82%A6%E3%83%AB%E3%83%88%E3%83%A9%E7%AB%8B%E7%9B%B4" n3="%72%79%6F%E2%80%A6%31%35" dan="18,16,17,17" rate="2189.83,2069.88,2135.98,2078.74" sx="M,M,M,M"/><TAIKYOKU oya="0"/><INIT seed="0,0,0,5,4,42" ten="250,250,250,250" oya="0" hai0="11,104,76,111,13,87,120,62,35,5,135,116,70" hai1="23,59,28,61,27,33,37,52,109,123,106,97,94" hai2="83,66,55,41,98,112,103,71,40,44,64,46,4" hai3="6,74,127,68,92,24,108,9,93,39,38,25,89"/><T85/><D116/><U1/><E1/><V21/><F112/><W117/><G108/><T69/><D120/><U53/><E37/><V36/><F4/><W67/><G117/><T114/><D114/><U34/><E123/><V45/><F21/><W43/><G74/><T91/><D111/><U129/><E109/><V102/><F71/><W65/><G127/><T17/><D135/><U20/><E106/><V48/><F83/><W115/><G115/><T81/><D104/><U63/><E129/><V118/><F118/><W105/><G105/><T12/><D62/><U125/><E125/><V57/><F103/><W88/><G43/><N who="2" m="16457" /><F36/><W3/><G68/><T60/><D60/><U90/><E23/><V82/><F82/><W26/><G39/><T56/><D56/><AGARI ba="0,0" hai="20,27,28,33,34,52,53,56,59,61,63,90,94,97" machi="56" ten="40,2600,0" yaku="9,1,54,1" doraHai="42" who="1" fromWho="0" sc="250,-26,250,26,250,0,250,0" /><INIT seed="1,0,0,0,0,5" ten="224,276,250,250" oya="1" hai0="111,56,80,44,94,15,26,127,134,70,59,31,20" hai1="25,126,10,77,9,129,28,106,38,67,36,96,63" hai2="35,52,99,19,133,85,53,89,39,84,27,119,81" hai3="12,54,124,128,13,130,83,57,125,92,115,22,95"/><U17/><E77/><V86/><F119/><W122/><G122/><T93/><D70/><U74/><E74/><V101/><F133/><W91/><G83/><T21/><D134/><U103/><E129/><N who="3" m="49770" /><G115/><T40/><D111/><U88/><E126/><N who="3" m="48746" /><G22/><T71/><D71/><U117/><E117/><V108/><F39/><W79/><G79/><T87/><D127/><U48/><E48/><V29/><F108/><W66/><G66/><T102/><D20/><U45/><E17/><V104/><F19/><W14/><G91/><T61/><D15/><U90/><E45/><V72/><F72/><W16/><G16/><T60/><D59/><U65/><E65/><V46/><F81/><W82/><G82/><T34/><D21/><U55/><E38/><V78/><F78/><W41/><G41/><T0/><D56/><U51/><E36/><V109/><F109/><W116/><G116/><T7/><D80/><U32/><E88/><V76/><F76/><W6/><G6/><T113/><D7/><U135/><E90/><V73/><F73/><W68/><G68/><T112/><D40/><U33/><E33/><V118/><F89/><W110/><G110/><T114/><D34/><U97/><E32/><V121/><F121/><W2/><G2/><T120/><D0/><U11/><E67/><V75/><F75/><W43/><G43/><T50/><D120/><U8/><E25/><V3/><F3/><W123/><G123/><T107/><D26/><U30/><E30/><V58/><F118/><W100/><G100/><T42/><D114/><U49/><E28/><V24/><F29/><RYUUKYOKU ba="0,0" sc="224,-10,276,-10,250,-10,250,30" hai3="12,13,14,54,57,92,95" /><INIT seed="2,1,0,1,3,15" ten="214,266,240,280" oya="2" hai0="94,35,100,76,52,127,29,18,69,59,88,115,30" hai1="56,75,1,26,81,107,9,40,61,105,119,49,122" hai2="118,135,54,130,24,102,85,93,123,7,34,89,46" hai3="22,125,25,19,80,128,4,87,83,103,17,48,21"/><V79/><F123/><W121/><G121/><T43/><D115/><U78/><E122/><V124/><F118/><W82/><G128/><T108/><D69/><U41/><E119/><V104/><F130/><W47/><G125/><T132/><D127/><U106/><E49/><V8/><F124/><W60/><G4/><T39/><D108/><U129/><E129/><V120/><F120/><W73/><G73/><T55/><D132/><U116/><E116/><V67/><F135/><W16/><G103/><T13/><D100/><U62/><E62/><V33/><F67/><W133/><G133/><T101/><D101/><U44/><E26/><V99/><F24/><N who="3" m="14399" /><G60/><N who="0" m="35943" /><D35/><U23/><E23/><V126/><F126/><W0/><G0/><T131/><D39/><U5/><E41/><V90/><F90/><N who="3" m="51583" /><G17/><T98/><D131/><U50/><E107/><V38/><F79/><W57/><G57/><T14/><D76/><U10/><E10/><V71/><F71/><W114/><G114/><T64/><D64/><AGARI ba="1,0" hai="1,5,9,40,44,50,56,61,64,75,78,81,105,106" machi="64" ten="30,1000,0" yaku="7,1" doraHai="15" who="1" fromWho="0" sc="214,-13,266,13,240,0,280,0" /><INIT seed="3,0,0,2,3,50" ten="201,279,240,280" oya="3" hai0="45,17,42,105,108,96,97,89,54,11,61,18,57" hai1="123,77,124,31,99,32,20,3,37,74,8,55,60" hai2="6,103,83,112,76,133,80,93,28,100,64,66,72" hai3="59,98,118,129,19,71,113,132,35,70,87,5,58"/><W0/><G118/><T15/><D108/><U22/><E37/><V56/><F112/><W86/><G35/><T78/><D78/><U49/><E123/><V115/><F115/><W79/><G0/><T24/><D105/><U48/><E32/><V68/><F133/><W53/><G5/><T62/><D62/><U116/><E116/><V73/><F28/><W23/><G113/><T38/><REACH who="0" step="1"/><D89/><REACH who="0" ten="191,279,240,280" step="2"/><U134/><E77/><V102/><F76/><W75/><G79/><T110/><D110/><U12/><E74/><V81/><F73/><W14/><G75/><T25/><D25/><U109/><E109/><V36/><F72/><W34/><G132/><T52/><D52/><U41/><E55/><V125/><F102/><W84/><G129/><T67/><D67/><U46/><E134/><V27/><F103/><W39/><G53/><T104/><D104/><U114/><E114/><V65/><F66/><W44/><G44/><T111/><D111/><U7/><E60/><V119/><F65/><W106/><G106/><T10/><D10/><U128/><E128/><V43/><F64/><W13/><G71/><T82/><D82/><U130/><E130/><V127/><F81/><W30/><G70/><T21/><AGARI ba="0,1" hai="11,15,17,18,21,24,38,42,45,54,57,61,96,97" machi="21" ten="30,8000,1" yaku="1,1,0,1,52,1,53,2" doraHai="50" doraHaiUra="92" who="0" fromWho="0" sc="191,90,279,-20,240,-20,280,-40" /><INIT seed="4,0,0,2,3,51" ten="281,259,220,240" oya="0" hai0="34,36,48,83,71,39,131,52,23,72,13,110,74" hai1="44,119,117,92,112,78,24,19,97,12,2,115,82" hai2="133,81,121,57,58,107,21,135,98,84,16,22,105" hai3="8,94,130,99,125,85,111,77,88,132,32,101,80"/><T104/><D34/><U63/><E2/><V114/><F121/><W106/><G32/><T20/><D131/><U47/><E24/><N who="2" m="14375" /><F22/><W33/><G33/><T79/><D110/><U134/><E134/><N who="2" m="51211" /><F114/><N who="1" m="43561" /><E119/><V26/><F26/><W120/><G120/><T113/><D74/><N who="1" m="43351" /><E117/><V10/><F10/><W86/><G132/><T11/><D104/><N who="2" m="40010" /><F98/><W37/><G111/><T9/><D113/><U4/><E4/><V103/><F103/><W25/><G25/><T53/><D9/><U49/><E19/><V123/><F123/><W15/><G130/><T38/><D71/><U108/><E12/><V59/><F59/><W0/><G0/><T55/><REACH who="0" step="1"/><D48/><REACH who="0" ten="271,259,220,240" step="2"/><U68/><E49/><V126/><F126/><W41/><G125/><T67/><D67/><N who="1" m="41087" /><E108/><V93/><F93/><W14/><G8/><T60/><D60/><U6/><E6/><AGARI ba="0,1" hai="6,11,13,20,23,36,38,39,52,53,55,72,79,83" machi="6" ten="50,12000,1" yaku="1,1,52,3,54,1,53,0" doraHai="51" doraHaiUra="31" who="0" fromWho="1" sc="271,130,259,-120,220,0,240,0" /><INIT seed="4,1,0,5,3,41" ten="401,139,220,240" oya="0" hai0="117,40,121,49,20,35,16,66,14,110,25,55,79" hai1="34,97,68,104,24,36,45,72,28,46,13,2,74" hai2="99,109,125,133,73,6,127,107,85,37,29,60,123" hai3="96,100,62,105,124,120,63,56,95,44,57,10,21"/><T7/><D121/><U76/><E2/><V12/><F73/><W52/><G124/><N who="2" m="47689" /><F109/><W135/><G135/><T51/><D117/><U58/><E36/><V115/><F123/><W1/><G120/><T75/><D110/><U93/><E104/><V80/><F133/><W92/><G21/><T82/><D66/><U33/><E33/><V101/><F115/><W54/><REACH who="3" step="1"/><G44/><REACH who="3" ten="401,139,220,230" step="2"/><N who="0" m="25735" /><D35/><U32/><E32/><V103/><F29/><W118/><G118/><T77/><D75/><U17/><E68/><V128/><F128/><W102/><G102/><T15/><D25/><U71/><E71/><V30/><F103/><W50/><G50/><T131/><D131/><U86/><E74/><V4/><F30/><W19/><G19/><N who="0" m="10367" /><D7/><AGARI ba="1,1" hai="1,7,10,52,54,56,57,62,63,92,95,96,100,105" machi="7" ten="40,5200,0" yaku="1,1,9,1,54,1,53,0" doraHai="41" doraHaiUra="87" who="3" fromWho="0" sc="401,-55,139,0,220,0,230,65" /><INIT seed="5,0,0,0,2,74" ten="346,139,220,295" oya="1" hai0="26,64,40,129,92,54,9,36,113,67,5,34,0" hai1="105,126,41,45,84,51,120,38,108,20,23,121,62" hai2="19,70,106,83,46,77,55,85,29,21,66,128,95" hai3="99,69,53,68,122,72,8,107,16,33,130,35,60"/><U6/><E105/><V115/><F106/><W101/><G122/><T47/><D129/><U116/><E116/><V1/><F1/><W71/><G72/><T75/><D113/><U97/><E108/><V27/><F128/><W93/><G130/><T30/><D54/><U112/><E112/><V81/><F115/><W10/><G107/><T100/><D100/><U86/><E126/><V50/><F95/><W14/><G8/><T59/><D59/><U24/><E6/><V123/><F123/><W134/><G134/><T131/><D131/><U32/><E32/><V132/><F132/><W88/><REACH who="3" step="1"/><G101/><REACH who="3" ten="346,139,220,285" step="2"/><T98/><D75/><U91/><E121/><V114/><F114/><W103/><G103/><T90/><AGARI ba="0,1" hai="0,5,9,26,30,34,36,40,47,64,67,90,92,98" machi="90" ten="20,1500,0" yaku="0,1,7,1" doraHai="74" who="0" fromWho="0" sc="346,25,139,-7,220,-4,285,-4" /><INIT seed="6,0,0,1,5,101" ten="371,132,216,281" oya="2" hai0="81,14,76,125,73,82,98,118,54,47,4,33,87" hai1="12,8,22,74,85,131,43,91,38,102,27,26,52" hai2="55,29,51,24,11,103,122,106,21,70,36,65,120" hai3="58,84,19,5,110,90,30,31,89,111,99,6,75"/><V10/><F36/><W127/><G75/><T35/><D125/><U46/><E74/><V97/><F65/><W64/><G127/><T72/><D118/><U77/><E77/><V57/><REACH who="2" step="1"/><F70/><REACH who="2" ten="371,132,206,281" step="2"/><W105/><G64/><T123/><D123/><AGARI ba="0,1" hai="10,11,21,24,29,51,55,57,97,103,106,120,122,123" machi="123" ten="40,12000,1" yaku="1,1,2,1,52,1,53,1" doraHai="101" doraHaiUra="100" who="2" fromWho="0" sc="371,-120,132,0,206,130,281,0" /><INIT seed="6,1,0,1,1,13" ten="251,132,336,281" oya="2" hai0="51,28,66,11,64,34,128,109,26,107,85,10,62" hai1="9,63,16,18,50,129,91,25,132,122,37,58,32" hai2="116,134,35,113,98,59,43,42,68,133,7,29,127" hai3="104,3,87,95,72,65,71,81,45,30,117,22,100"/><V79/><F116/><W73/><G3/><T24/><D109/><U110/><E37/><V41/><F68/><W17/><G117/><T86/><D128/><U125/><E110/><V14/><F127/><W102/><G30/><T111/><D111/><U67/><E129/><V23/><F113/><W77/><G104/><T124/><D124/><U15/><E125/><V135/><F79/><W82/><G95/><T90/><D107/><U19/><E132/><V56/><F98/><W39/><G72/><T80/><D66/><U96/><E122/><V103/><F103/><W21/><G21/><T40/><D26/><U5/><E32/><V120/><F120/><W27/><G65/><T74/><D74/><U55/><E25/><N who="2" m="18863" /><F7/><W88/><REACH who="3" step="1"/><G71/><REACH who="3" ten="251,132,336,271" step="2"/><T38/><D28/><U121/><E121/><V94/><F94/><W101/><G101/><T46/><D34/><U47/><E96/><V114/><F114/><W69/><G69/><T131/><D131/><U54/><E91/><V118/><F118/><W48/><G48/><T20/><D51/><U75/><REACH who="1" step="1"/><E75/><REACH who="1" ten="251,122,336,271" step="2"/><V57/><F134/><W44/><G44/><T108/><D108/><U83/><E83/><V99/><F135/><W126/><G126/><T89/><D89/><U36/><E36/><V33/><F133/><W92/><G92/><T93/><D93/><U31/><E31/><V52/><F33/><W53/><G53/><AGARI ba="1,2" hai="5,9,15,16,18,19,47,50,53,54,55,58,63,67" machi="53" ten="40,12000,2" yaku="1,1,8,1,52,3,54,1,53,0" doraHai="13" doraHaiUra="84" who="1" fromWho="3" sc="251,0,122,143,336,0,271,-123" /><INIT seed="7,0,0,4,2,45" ten="251,265,336,148" oya="3" hai0="106,87,2,18,114,21,128,34,20,84,10,50,73" hai1="88,129,24,85,8,31,5,17,97,70,133,81,15" hai2="92,112,11,111,52,53,25,74,94,48,109,16,93" hai3="130,79,125,71,33,100,23,47,32,9,7,69,28"/><W12/><G125/><T29/><D73/><U108/><E70/><V135/><F74/><W64/><G130/><T3/><D128/><U77/><E108/><V101/><F135/><W67/><G79/><T95/><D106/><U122/><E133/><V57/><F112/><W1/><G100/><T118/><D118/><U59/><E129/><V75/><F75/><W49/><G69/><T86/><D114/><U91/><E122/><V119/><F119/><W131/><G131/><T13/><D95/><U56/><E5/><V123/><F123/><W132/><G132/><T38/><D38/><U126/><E126/><V120/><F120/><W90/><G71/><T83/><D83/><U103/><E91/><V105/><F105/><W110/><G110/><T78/><D78/><U6/><E6/><V41/><F101/><W4/><G4/><T44/><D34/><U107/><E77/><V134/><F134/><W0/><G0/><T96/><D96/><U43/><E43/><V14/><F41/><N who="3" m="24815" /><G90/><T99/><D99/><U63/><E63/><N who="2" m="36263" /><F111/><W42/><G42/><N who="0" m="24855" /><D2/><U39/><E39/><V36/><F36/><W102/><G102/><T89/><D3/><U127/><E127/><V54/><F109/><W115/><G115/><T68/><D68/><U30/><E30/><V117/><F117/><W116/><G116/><T62/><D62/><U55/><E55/><N who="2" m="21003" /><F48/><W37/><G37/><T72/><D72/><U60/><E60/><V82/><F82/><W46/><G46/><T76/><D76/><U35/><AGARI ba="0,0" hai="8,15,17,24,31,35,56,59,81,85,88,97,103,107" machi="35" ten="20,2700,0" yaku="0,1,7,1,54,1" doraHai="45" who="1" fromWho="1" sc="251,-7,265,27,336,-7,148,-13" owari="244,-16.0,292,9.0,329,43.0,135,-36.0" /></mjloggm>