<mjloggm ver="2.3"><GO type="97" lobby="0"/><UN n0="%E5%B0%B1%E6%B4%BB%E7%94%9F%40%E5%B7%9D%E6%9D%91%E8%BB%8D%E5%9B%A3" n1="%E3%81%97%E3%82%85%E3%81%B0%E3%82%8B%E3%81%A4" n2="%52%52%4F%4F%41%41%52%52" n3="%54%4F%4B%59%4F%4B%49%44" dan="14,14,13,17" rate="1983.95,1888.15,1941.93,2160.78" sx="M,M,M,M"/><TAIKYOKU oya="0"/><INIT seed="0,0,0,1,2,88" ten="250,250,250,250" oya="0" hai0="127,24,112,59,46,110,101,42,114,54,55,51,34" hai1="125,3,37,131,94,92,111,19,122,91,47,133,40" hai2="29,106,86,16,0,78,63,28,120,90,41,44,109" hai3="36,6,119,38,80,76,93,103,97,98,134,132,95"/><T1/><D1/><U35/><E122/><V71/><F120/><W4/><G119/><T30/><D127/><U104/><E104/><V11/><F106/><W2/><G2/><T25/><D110/><U83/><E35/><V68/><F78/><W124/><G124/><T123/><D123/><U73/><E125/><V107/><F107/><W18/><G18/><T13/><D101/><U105/><E105/><V5/><F109/><W64/><G64/><T31/><D13/><U56/><E111/><V102/><F102/><W129/><G80/><T135/><D55/><U117/><E117/><V10/><F10/><W14/><G14/><T70/><D70/><U9/><E56/><V81/><F16/><W84/><G84/><T23/><REACH who="0" step="1"/><D135/><REACH who="0" ten="240,250,250,250" step="2"/><N who="3" m="51753" /><G76/><T39/><AGARI ba="0,1" hai="23,24,25,30,31,34,39,42,46,51,54,59,112,114" machi="39" ten="20,3900,0" yaku="1,1,0,1,7,1,53,0" doraHai="88" doraHaiUra="33" who="0" fromWho="0" sc="240,49,250,-13,250,-13,250,-13" /><INIT seed="0,1,0,3,3,124" ten="289,237,237,237" oya="0" hai0="27,121,114,34,79,49,102,86,76,59,7,31,9" hai1="105,16,134,61,107,28,125,90,116,113,37,66,39" hai2="94,96,21,48,115,57,10,45,118,15,95,35,22" hai3="56,131,0,99,8,68,74,32,122,82,53,120,1"/><T18/><D114/><U64/><E116/><V81/><F115/><W89/><G68/><T26/><D121/><N who="3" m="46697" /><G32/><T112/><D112/><U119/><E125/><V106/><F35/><W91/><G131/><T117/><D102/><U128/><E28/><V127/><F106/><W80/><G8/><T130/><D130/><U12/><E119/><V65/><F127/><W77/><G82/><T58/><D117/><U87/><E113/><V50/><F81/><W5/><G5/><T38/><D38/><U29/><E29/><V52/><F65/><W14/><G14/><T104/><D104/><U103/><E64/><V3/><F3/><N who="3" m="1099" /><G99/><T132/><D132/><U67/><E128/><V98/><F118/><W92/><G92/><N who="2" m="35369" /><F96/><W70/><G70/><T30/><D18/><U44/><E134/><V41/><F98/><W20/><G20/><T129/><D129/><U72/><E105/><V11/><F11/><W123/><N who="3" m="46705" /><W101/><DORA hai="43" /><G101/><T133/><D133/><U40/><E103/><V2/><F2/><W24/><G24/><T25/><D25/><U46/><E107/><V84/><F84/><W97/><G97/><T69/><D69/><U71/><E87/><V78/><F78/><W51/><AGARI ba="1,0" hai="51,53,56,74,77,80,89,91" m="1099,46705" machi="51" ten="50,1600,0" yaku="13,1" doraHai="124,43" who="3" fromWho="3" sc="289,-9,237,-5,237,-5,237,19" /><INIT seed="1,0,0,1,2,46" ten="280,232,232,256" oya="1" hai0="13,25,119,92,88,77,56,23,69,106,59,71,50" hai1="5,30,37,89,72,68,35,124,65,113,87,83,130" hai2="109,121,39,44,112,53,47,79,14,12,74,118,78" hai3="26,135,2,98,40,60,80,115,97,123,45,1,107"/><U101/><E113/><V61/><F121/><W48/><G115/><T18/><D106/><U131/><E37/><V84/><F112/><W90/><G123/><T27/><D119/><U52/><E124/><V20/><F118/><W15/><G135/><T128/><D128/><N who="1" m="49195" /><E5/><V126/><F126/><W94/><G26/><N who="0" m="9739" /><D71/><U41/><E30/><V36/><F20/><W11/><G60/><T120/><D69/><U55/><E41/><V54/><F61/><W63/><G63/><T33/><D33/><U73/><E35/><V19/><F84/><W16/><REACH who="3" step="1"/><G80/><REACH who="3" ten="280,232,232,246" step="2"/><T99/><D120/><U117/><E117/><V85/><F109/><W66/><G66/><T132/><D132/><U108/><E108/><V95/><F95/><W3/><G3/><T29/><D29/><U75/><E101/><AGARI ba="0,1" hai="1,2,11,15,16,40,45,48,90,94,97,98,101,107" machi="101" ten="40,8000,1" yaku="1,1,52,1,54,1,53,1" doraHai="46" doraHaiUra="8" who="3" fromWho="1" sc="280,0,232,-80,232,0,246,90" /><INIT seed="2,0,0,3,0,90" ten="280,152,232,336" oya="2" hai0="58,74,37,43,23,117,114,45,20,66,5,127,15" hai1="104,80,52,6,32,14,130,29,35,92,49,93,86" hai2="126,64,89,1,41,33,27,120,57,119,135,70,40" hai3="17,88,12,79,76,108,28,25,60,91,50,123,113"/><V71/><F120/><W84/><G123/><T103/><D74/><U65/><E104/><V95/><F119/><W69/><G113/><T4/><D117/><U78/><E65/><V19/><F1/><W134/><G108/><T77/><D114/><U42/><E130/><V0/><F0/><W53/><G134/><T81/><D127/><U54/><E32/><V83/><F135/><W102/><G102/><T124/><D124/><U10/><E35/><V59/><F126/><W73/><G73/><T16/><D103/><U67/><E67/><V99/><F71/><W105/><G60/><T97/><D97/><U21/><E54/><V63/><F70/><W22/><G91/><T46/><D46/><N who="1" m="27703" /><E42/><V128/><F128/><W96/><G96/><T82/><D82/><U109/><E109/><V101/><F57/><N who="3" m="32951" /><G105/><T129/><D129/><U125/><E125/><V107/><F83/><N who="3" m="49183" /><G69/><T39/><D39/><U34/><E34/><V47/><F47/><W56/><G56/><T38/><D38/><U72/><E72/><V62/><F63/><W122/><G122/><T94/><D20/><AGARI ba="0,0" hai="12,17,20,22,25,28,76,79" m="49183,32951" machi="20" ten="30,2000,0" yaku="8,1,54,1" doraHai="90" who="3" fromWho="0" sc="280,-20,152,0,232,0,336,20" /><INIT seed="3,0,0,1,1,35" ten="260,152,232,356" oya="3" hai0="20,123,92,72,80,96,17,29,124,10,114,25,51" hai1="24,82,11,105,59,68,30,49,104,130,9,126,36" hai2="37,56,120,43,84,55,2,100,98,46,41,127,125" hai3="111,65,21,47,27,39,113,0,52,13,31,75,3"/><W6/><G113/><T121/><D114/><U19/><E36/><V23/><F23/><W78/><G111/><T64/><D124/><N who="2" m="47690" /><F2/><W63/><G78/><T102/><D64/><U74/><E126/><V50/><F84/><W32/><G75/><T117/><D117/><U69/><E130/><V99/><F120/><W14/><G39/><T87/><D72/><U81/><E30/><V53/><F43/><W4/><G32/><T89/><D51/><U7/><E49/><V107/><F99/><W116/><G116/><T122/><D122/><U90/><E74/><V12/><F55/><W94/><G6/><T67/><D67/><U135/><E135/><V71/><F12/><W34/><G14/><T73/><D73/><U42/><E42/><V108/><F108/><W38/><G38/><T101/><D101/><U91/><E7/><V18/><F18/><W103/><G4/><T115/><D115/><U61/><E19/><V57/><F71/><W70/><G103/><T62/><D62/><U128/><E128/><V66/><F66/><W22/><G34/><T132/><D132/><U118/><E118/><V95/><F57/><W28/><G70/><T54/><D54/><U88/><E90/><V110/><F110/><W26/><G65/><T48/><D48/><U134/><E134/><V5/><F5/><W97/><G52/><T131/><D131/><U77/><E77/><V112/><F112/><W8/><G63/><T33/><D10/><U1/><E61/><V83/><F83/><W58/><G8/><T60/><D60/><U85/><E69/><V40/><F41/><RYUUKYOKU ba="0,0" sc="260,15,152,-15,232,15,356,-15" hai0="17,20,25,29,33,80,87,89,92,96,102,121,123" hai2="37,40,46,50,53,56,95,98,100,107" owari="275,8.0,137,-36.0,247,-15.0,341,43.0" /></mjloggm>