<mjloggm ver="2.3"><GO type="97" lobby="0"/><UN n0="%E5%B0%B1%E6%B4%BB%E7%94%9F%40%E5%B7%9D%E6%9D%91%E8%BB%8D%E5%9B%A3" n1="%E3%82%B1%E3%82%A4%E3%83%B3%E3%83%BB%E6%B1%A0%E8%B0%B7" n2="%E3%82%89%E3%82%8A%E3%81%8F%E3%81%BE" n3="%6D%69%72%61%69%7A" dan="15,14,14,13" rate="1959.33,1926.98,1924.72,1886.61" sx="M,M,M,M"/><TAIKYOKU oya="0"/><INIT seed="0,0,0,1,1,119" ten="250,250,250,250" oya="0" hai0="95,92,35,26,125,4,78,128,19,9,88,131,5" hai1="83,22,23,71,28,115,31,51,109,118,120,75,82" hai2="50,21,106,8,100,52,45,65,62,27,77,132,104" hai3="14,42,113,84,111,63,36,37,81,114,76,110,40"/><T134/><D125/><U90/><E118/><V93/><F77/><W17/><G63/><T49/><D134/><U107/><E115/><V133/><F8/><W66/><G66/><T127/><D127/><U126/><E126/><V1/><F1/><W55/><G55/><T29/><D78/><U32/><E107/><V116/><F116/><W102/><G102/><T57/><D92/><U129/><E129/><N who="0" m="49737" /><D19/><U39/><E32/><V74/><F74/><W122/><G17/><T54/><D9/><U70/><E90/><V34/><F34/><W69/><G14/><T48/><D48/><U44/><E51/><V58/><F133/><W73/><G69/><T124/><D124/><U67/><E67/><V43/><F43/><N who="3" m="16427" /><G84/><AGARI ba="0,0" hai="4,5,26,29,35,49,54,57,84,88,95" m="49737" machi="84" ten="30,2900,0" yaku="19,1,54,1" doraHai="119" who="0" fromWho="3" sc="250,29,250,0,250,0,250,-29" /><INIT seed="0,1,0,0,1,32" ten="279,250,250,221" oya="0" hai0="15,1,132,104,94,97,50,80,53,11,126,122,74" hai1="127,51,113,70,21,44,81,78,103,83,55,84,58" hai2="42,117,119,89,75,0,95,7,39,130,123,118,41" hai3="135,87,128,56,86,79,66,71,33,18,38,45,111"/><T5/><D122/><U72/><E113/><V61/><F75/><W93/><G71/><T68/><D68/><U69/><E127/><V34/><F34/><W40/><G135/><T121/><D121/><U29/><E103/><V59/><F130/><W85/><G128/><T31/><D104/><U134/><E134/><V73/><F73/><W48/><G33/><T67/><D132/><U25/><E44/><V2/><F7/><W10/><G79/><AGARI ba="1,0" hai="21,25,29,51,55,58,69,70,72,78,79,81,83,84" machi="79" ten="30,1000,0" yaku="7,1" doraHai="32" who="1" fromWho="3" sc="279,0,250,13,250,0,221,-13" /><INIT seed="1,0,0,1,1,21" ten="279,263,250,208" oya="1" hai0="50,98,92,119,15,43,46,5,34,10,9,65,36" hai1="101,35,122,59,6,104,85,57,90,55,105,25,68" hai2="86,16,127,4,77,116,1,95,83,33,61,94,108" hai3="111,107,58,84,12,78,31,29,19,30,39,118,89"/><U93/><E122/><V8/><F108/><W2/><G2/><T114/><D119/><U120/><E120/><V37/><F37/><W53/><G107/><T133/><D34/><U115/><E115/><V100/><F127/><W64/><G39/><T106/><D114/><U117/><E117/><V13/><F33/><W121/><G118/><T128/><D128/><U14/><E68/><V113/><F113/><W32/><G121/><T28/><D133/><U102/><E57/><V69/><F100/><W74/><G64/><T70/><D106/><U40/><E40/><V125/><F125/><W110/><G78/><T81/><D28/><U88/><E104/><V124/><F124/><W48/><G74/><T17/><D81/><U67/><E105/><V91/><F77/><W60/><G60/><T135/><D135/><U7/><E67/><V22/><REACH who="2" step="1"/><F116/><REACH who="2" ten="279,263,240,208" step="2"/><W79/><G79/><T72/><D36/><U18/><E101/><V63/><F63/><W56/><G111/><T51/><D72/><U54/><E102/><V87/><F87/><W123/><G110/><T66/><D51/><U11/><E90/><V82/><F82/><N who="3" m="49303" /><G123/><T76/><D76/><U49/><E35/><V23/><F23/><N who="3" m="11751" /><G32/><T80/><D80/><U47/><REACH who="1" step="1"/><E25/><REACH who="1" ten="279,253,240,208" step="2"/><V0/><F0/><W41/><G41/><T134/><D134/><U3/><E3/><V103/><F103/><W75/><G75/><T27/><D27/><U24/><E24/><V126/><F126/><W112/><G112/><T132/><D132/><U52/><E52/><V20/><F20/><W42/><G42/><T38/><D43/><RYUUKYOKU ba="0,2" sc="279,-30,253,10,240,10,208,10" hai1="6,7,11,14,18,47,49,54,55,59,85,88,93" hai2="1,4,8,13,16,22,61,69,83,86,91,94,95" hai3="29,30,31,48,53,56,58" /><INIT seed="1,1,2,2,1,100" ten="249,263,250,218" oya="1" hai0="94,78,23,43,2,24,14,119,126,107,96,130,20" hai1="36,6,115,106,73,16,109,59,118,108,116,127,60" hai2="29,52,42,1,105,3,28,77,22,55,83,88,82" hai3="117,95,66,34,7,58,5,81,68,124,8,79,30"/><U101/><E115/><V111/><F111/><N who="1" m="42569" /><E127/><V72/><F42/><W54/><G117/><N who="1" m="45162" /><E36/><V25/><F105/><W46/><G124/><T65/><D107/><U84/><E73/><V10/><F29/><W89/><G68/><T33/><D2/><U103/><E6/><V21/><F21/><W76/><G66/><T102/><D130/><U74/><E74/><V87/><F3/><W113/><G46/><T35/><D126/><U38/><E38/><V123/><REACH who="2" step="1"/><F123/><REACH who="2" ten="249,263,240,218" step="2"/><W128/><G113/><T97/><D35/><U50/><E106/><V9/><F9/><W133/><G34/><T44/><D33/><U134/><E134/><V70/><F70/><W91/><G30/><T12/><D23/><U48/><E101/><V45/><F45/><W90/><G133/><T98/><D20/><U27/><E103/><V129/><F129/><W4/><G128/><T11/><D102/><U17/><E84/><V18/><F18/><N who="1" m="7273" /><E27/><V114/><F114/><W26/><G26/><T62/><D24/><U125/><E125/><V19/><F19/><W31/><G31/><T93/><D11/><U85/><E85/><V132/><F132/><W121/><G8/><T51/><D14/><U80/><E80/><V32/><F32/><W56/><G121/><T110/><D12/><U67/><AGARI ba="1,3" hai="48,50,59,60,67" m="7273,45162,42569" machi="67" ten="40,7800,0" yaku="14,1,10,1,54,1" doraHai="100" who="1" fromWho="1" sc="249,-27,263,111,240,-27,218,-27" /><INIT seed="1,2,0,0,2,6" ten="222,374,213,191" oya="1" hai0="66,95,28,29,13,3,16,131,54,32,37,102,4" hai1="36,90,5,22,125,116,113,70,120,94,47,53,24" hai2="60,40,15,67,38,72,93,73,86,109,65,14,107" hai3="2,117,74,26,84,98,18,87,52,83,112,21,134"/><U12/><E116/><V11/><F107/><W68/><G112/><T34/><D37/><U23/><E120/><V59/><F109/><W97/><G117/><T42/><D42/><U89/><E70/><V132/><F132/><W17/><G2/><T101/><D66/><U20/><E113/><V35/><F35/><N who="0" m="13354" /><D95/><U8/><E125/><V81/><F67/><W118/><G118/><T76/><D54/><U50/><E36/><V0/><F0/><W78/><G134/><T46/><D76/><U63/><E63/><V127/><F127/><W82/><G68/><T129/><D46/><U55/><E53/><V19/><F93/><W99/><G74/><T1/><D102/><U30/><E90/><V114/><F114/><W133/><G133/><T33/><D101/><U41/><E41/><V96/><F96/><AGARI ba="2,0" hai="5,8,12,20,22,23,24,30,47,50,55,89,94,96" machi="96" ten="30,5800,0" yaku="7,1,8,1,52,1" doraHai="6" who="1" fromWho="2" sc="222,0,374,64,213,-64,191,0" /><INIT seed="1,3,0,3,2,114" ten="222,438,149,191" oya="1" hai0="31,0,80,102,12,97,116,125,21,79,123,110,64" hai1="57,13,94,55,68,92,98,36,9,117,37,43,39" hai2="72,16,112,26,118,65,5,115,104,59,2,10,1" hai3="75,76,129,29,103,82,81,119,105,30,7,15,45"/><U128/><E117/><V122/><F104/><W51/><G82/><T70/><D0/><N who="2" m="106" /><F72/><W58/><G129/><T14/><D123/><U38/><E128/><V44/><F44/><W49/><G58/><T69/><D116/><U106/><E68/><V74/><F74/><W6/><G119/><T46/><D110/><U66/><E66/><V83/><F83/><W50/><G105/><T71/><D125/><U67/><E67/><V120/><F59/><W134/><G103/><T126/><D64/><U42/><N who="1" m="9728" /><DORA hai="108" /><U8/><E106/><V90/><F90/><W96/><G96/><T101/><D46/><U20/><E20/><N who="2" m="13575" /><F65/><W89/><G89/><T127/><D127/><U18/><E9/><V91/><F91/><W60/><G60/><T95/><D102/><U124/><E124/><V35/><F35/><W131/><G131/><T41/><D41/><U11/><E11/><V52/><F52/><W121/><G45/><T63/><D63/><U56/><E56/><V3/><F118/><W53/><G53/><T86/><D126/><U19/><E92/><V32/><F32/><W61/><G61/><T25/><AGARI ba="3,0" hai="12,14,21,25,31,69,70,71,79,80,86,95,97,101" machi="25" ten="40,1500,0" yaku="0,1" doraHai="114,108" who="0" fromWho="0" sc="222,24,438,-10,149,-7,191,-7" /><INIT seed="2,0,0,2,3,31" ten="246,428,142,184" oya="2" hai0="99,111,68,16,17,54,10,25,23,30,57,60,63" hai1="92,3,125,34,36,33,100,69,74,123,48,45,37" hai2="116,42,85,130,131,2,64,35,38,97,129,44,96" hai3="58,121,81,75,84,90,6,49,0,98,110,20,55"/><V41/><F2/><W46/><G121/><T109/><D99/><U21/><E74/><V86/><F116/><W56/><G110/><N who="0" m="41995" /><D10/><U62/><E3/><V105/><F64/><AGARI ba="0,0" hai="16,17,23,25,30,54,57,60,63,64,68" m="41995" machi="64" ten="30,2000,0" yaku="14,1,54,1" doraHai="31" who="0" fromWho="2" sc="246,20,428,0,142,-20,184,0" /><INIT seed="3,0,0,1,0,95" ten="266,428,122,184" oya="3" hai0="44,42,79,76,84,30,130,103,22,92,106,74,33" hai1="112,113,97,126,43,37,72,34,94,96,59,19,56" hai2="88,23,129,131,5,17,49,122,73,3,28,2,16" hai3="70,121,50,27,29,35,108,85,116,71,91,133,25"/><W128/><G116/><T11/><D33/><U54/><E72/><V31/><F73/><W15/><G121/><T66/><D106/><U114/><E34/><V4/><F49/><W83/><G133/><T93/><D74/><U78/><E78/><V61/><F61/><W82/><G128/><N who="2" m="49225" /><F122/><W81/><G108/><T101/><D66/><U60/><E126/><V135/><F135/><W32/><G15/><T119/><D11/><U63/><E37/><V80/><F80/><W39/><G39/><T21/><D130/><U65/><E43/><V110/><F110/><W117/><G117/><T68/><D68/><U127/><E127/><V102/><F17/><W64/><G50/><N who="0" m="26903" /><D30/><N who="2" m="11306" /><F102/><N who="0" m="38922" /><D119/><U48/><E112/><V62/><F62/><W0/><G0/><N who="2" m="41" /><F88/><W6/><G6/><T124/><D124/><U100/><E48/><V90/><F90/><W38/><G38/><T107/><D107/><U26/><E97/><V36/><F36/><W13/><G13/><AGARI ba="0,0" hai="4,5,13,16,23" m="41,11306,49225" machi="13" ten="30,7700,0" yaku="19,1,34,2,54,1" doraHai="95" who="2" fromWho="3" sc="266,0,428,0,122,77,184,-77" owari="266,7.0,428,52.0,199,-20.0,107,-39.0" /></mjloggm>