<mjloggm ver="2.3"><GO type="97" lobby="0"/><UN n0="%E3%83%88%E3%83%88%E3%83%AA%E5%85%88%E7%94%9F%31%39%E6%AD%B3" n1="%6B%6F%69%6E%6B%6F%69%6E" n2="%E6%9C%89%E5%88%A9" n3="%6B%2D%74%61%6B%61%74%6F" dan="14,13,13,15" rate="2017.20,1836.21,1867.63,1967.65" sx="F,M,M,M"/><TAIKYOKU oya="0"/><INIT seed="0,0,0,3,0,75" ten="250,250,250,250" oya="0" hai0="99,133,90,97,121,123,60,96,27,83,18,7,4" hai1="119,65,103,43,8,54,42,122,104,120,5,127,94" hai2="69,53,9,46,98,38,61,14,70,44,40,117,130" hai3="57,20,95,108,39,93,80,77,19,79,73,49,115"/><T87/><D133/><U91/><E104/><V88/><F130/><W111/><G39/><T58/><D121/><U85/><E65/><V105/><F117/><W16/><G115/><T86/><D123/><U21/><E103/><V89/><F70/><W24/><G19/><T36/><D36/><U66/><E66/><V28/><F28/><W71/><G71/><T100/><D100/><U68/><E68/><V3/><F3/><W92/><G57/><T84/><D18/><U78/><E119/><V126/><F126/><W51/><REACH who="3" step="1"/><G79/><REACH who="3" ten="250,250,250,240" step="2"/><T82/><D58/><U1/><E78/><V31/><F69/><W109/><AGARI ba="0,1" hai="16,20,24,49,51,73,77,80,92,93,95,108,109,111" machi="109" ten="40,12000,2" yaku="1,1,2,1,0,1,14,1,52,1,54,1,53,0" doraHai="75" doraHaiUra="35" who="3" fromWho="3" sc="250,-60,250,-30,250,-30,240,130" /><INIT seed="1,0,0,1,3,127" ten="190,220,220,370" oya="1" hai0="46,128,130,11,62,58,100,68,97,33,54,83,88" hai1="69,45,122,73,36,96,24,71,56,131,133,102,114" hai2="18,14,91,43,135,132,1,123,28,120,85,119,13" hai3="39,67,59,17,16,4,27,106,35,61,81,53,66"/><U31/><E114/><V9/><F43/><W86/><G39/><T101/><D33/><U76/><E122/><N who="2" m="46635" /><F91/><W42/><G106/><T49/><D68/><U126/><E126/><V109/><F85/><W41/><G4/><T55/><D11/><U29/><E56/><V5/><F119/><W78/><G35/><T0/><D0/><U44/><E133/><V64/><F64/><N who="3" m="24619" /><G27/><T21/><D21/><U80/><E45/><V60/><F60/><W23/><G23/><T107/><REACH who="0" step="1"/><D100/><REACH who="0" ten="180,220,220,370" step="2"/><U63/><E71/><V94/><F28/><W121/><G121/><T116/><D116/><U2/><E2/><V117/><F117/><W15/><G15/><T104/><D104/><U99/><E29/><V26/><F109/><W115/><G115/><T93/><D93/><U77/><E102/><V84/><F94/><W92/><G92/><T118/><D118/><U10/><E69/><V6/><F6/><W108/><G108/><T8/><D8/><U111/><E111/><V134/><F84/><AGARI ba="0,1" hai="46,49,54,55,58,62,83,84,88,97,101,107,128,130" machi="84" ten="40,12000,2" yaku="1,1,52,2,54,1,53,2" doraHai="127" doraHaiUra="50" who="0" fromWho="2" sc="180,130,220,0,220,-120,370,0" /><INIT seed="2,0,0,3,1,69" ten="310,220,100,370" oya="2" hai0="113,92,131,11,84,26,101,63,125,98,65,64,10" hai1="2,78,43,107,19,38,58,42,3,52,20,112,132" hai2="72,24,129,47,54,83,87,13,9,25,106,95,30" hai3="110,5,90,120,77,14,67,44,29,75,85,4,133"/><V66/><F106/><W100/><G120/><T40/><D113/><U73/><E112/><V116/><F129/><W60/><G133/><T91/><D131/><U117/><E132/><V79/><F116/><W45/><G110/><T56/><D125/><U1/><E117/><V124/><F66/><W62/><G29/><T109/><D109/><U41/><E107/><V48/><F124/><W18/><G75/><T23/><D40/><U89/><E78/><V94/><F72/><W55/><G77/><T123/><D65/><U35/><E73/><V93/><REACH who="2" step="1"/><F30/><REACH who="2" ten="310,220,90,370" step="2"/><W86/><G67/><T17/><REACH who="0" step="1"/><D123/><REACH who="0" ten="300,220,90,370" step="2"/><U7/><E42/><V119/><F119/><W121/><G121/><T6/><D6/><AGARI ba="0,2" hai="6,9,13,24,25,47,48,54,79,83,87,93,94,95" machi="6" ten="40,3900,0" yaku="1,1,8,1,53,0" doraHai="69" doraHaiUra="96" who="2" fromWho="0" sc="300,-39,220,0,90,59,370,0" /><INIT seed="2,1,0,1,1,1" ten="261,220,149,370" oya="2" hai0="5,75,117,114,101,60,51,65,89,4,13,79,33" hai1="131,134,39,135,2,52,83,61,92,118,24,55,76" hai2="105,10,44,96,128,100,45,12,123,19,102,49,112" hai3="70,43,124,32,84,54,47,69,108,133,42,109,73"/><V74/><F123/><W113/><G73/><T111/><D114/><U14/><E118/><V8/><F112/><W103/><G32/><T66/><D33/><U56/><E2/><V130/><F74/><W11/><G103/><T18/><D117/><U17/><E24/><V41/><F102/><W15/><G113/><T125/><D111/><N who="3" m="42569" /><G133/><T0/><D0/><U59/><E39/><V25/><F25/><W31/><G31/><T88/><D125/><U64/><E92/><V91/><F91/><N who="0" m="34890" /><D75/><U85/><E131/><V129/><REACH who="2" step="1"/><F44/><REACH who="2" ten="261,220,139,370" step="2"/><W48/><G124/><T116/><D101/><U16/><E135/><V62/><F62/><W53/><G84/><T71/><D116/><U36/><E134/><V29/><F29/><W27/><G27/><T104/><D60/><U46/><E46/><V63/><F63/><W110/><G110/><T99/><D79/><U80/><E59/><V98/><F98/><W87/><G87/><T106/><D99/><U121/><E121/><V57/><F57/><W77/><G77/><T58/><D104/><U23/><E83/><V72/><F72/><W6/><G42/><T126/><D106/><U28/><E64/><N who="0" m="24681" /><D126/><U132/><E132/><V97/><F97/><W119/><G119/><T122/><D122/><U94/><E28/><V95/><F95/><W93/><G93/><T115/><D115/><U9/><E94/><V86/><F86/><W120/><G120/><T26/><D26/><N who="1" m="14695" /><E55/><AGARI ba="1,1" hai="6,11,15,43,47,48,53,54,55,69,70" m="42569" machi="55" ten="30,2000,0" yaku="14,1,52,1" doraHai="1" who="3" fromWho="1" sc="261,0,220,-23,139,0,370,33" /><INIT seed="3,0,0,3,2,117" ten="261,197,139,403" oya="3" hai0="63,70,60,128,79,24,134,14,113,45,4,18,109" hai1="89,0,82,133,74,91,114,64,102,90,119,1,5" hai2="85,2,80,106,107,17,100,131,21,34,103,55,135" hai3="118,22,65,66,38,56,81,129,108,76,10,30,29"/><W41/><G118/><T69/><D4/><U31/><E119/><V42/><F34/><W95/><G129/><T116/><D116/><U23/><E114/><V61/><F2/><W53/><G108/><T130/><D134/><U57/><E133/><V8/><F135/><W84/><G38/><T105/><D105/><U96/><E5/><V15/><F131/><N who="0" m="50218" /><D24/><U46/><E46/><V86/><F42/><W52/><G41/><T78/><D45/><U51/><E74/><V125/><F125/><W104/><G104/><T58/><D109/><U50/><E82/><V48/><F48/><BYE who="2" /><W110/><G110/><T47/><D47/><U73/><E73/><V9/><F9/><W26/><G10/><N who="0" m="6487" /><D113/><U36/><E36/><V122/><F122/><W124/><G124/><UN n2="%E6%9C%89%E5%88%A9" /><T126/><D126/><U121/><E121/><V112/><F112/><W7/><G7/><T75/><D75/><U44/><E44/><V49/><F107/><W62/><G30/><T72/><D63/><U59/><E1/><V25/><F106/><W3/><G3/><T37/><D37/><U32/><E32/><V11/><F61/><W71/><G71/><N who="0" m="27147" /><D72/><U13/><E0/><V93/><F11/><W6/><G6/><T120/><D120/><U127/><E127/><V16/><F93/><W111/><G111/><T28/><D28/><U54/><E31/><V67/><F86/><W99/><G66/><AGARI ba="0,0" hai="58,60,66,78,79" m="27147,6487,50218" machi="66" ten="30,1000,0" yaku="19,1" doraHai="117" who="0" fromWho="3" sc="261,10,197,0,139,0,403,-10" owari="271,7.0,197,-20.0,139,-36.0,393,49.0" /></mjloggm>