<mjloggm ver="2.3"><GO type="169" lobby="0"/><UN n0="%E3%82%A6%E3%83%AB%E3%83%88%E3%83%A9%E7%AB%8B%E7%9B%B4" n1="%E8%88%AC%E5%8D%93%E3%81%AE%E9%A4%8A%E5%88%86" n2="%E3%81%99%E3%81%84%E3%81%8F%E3%82%8D" n3="%74%6E%66%73%68%32%30%34" dan="17,16,16,17" rate="2127.64,2018.60,2062.73,2165.39" sx="M,M,M,M"/><TAIKYOKU oya="0"/><INIT seed="0,0,0,2,5,21" ten="250,250,250,250" oya="0" hai0="26,107,120,66,85,62,119,6,20,121,19,82,88" hai1="31,111,92,83,13,24,123,93,8,51,43,41,69" hai2="86,0,29,46,81,126,39,101,117,52,80,131,90" hai3="37,18,74,59,134,73,36,133,77,47,65,57,96"/><T61/><D107/><U4/><E111/><V60/><F0/><W89/><G18/><T40/><D119/><U28/><E123/><V38/><F101/><W17/><G17/><T44/><D6/><U100/><E69/><V58/><F131/><W48/><G96/><T76/><D76/><U78/><E31/><V1/><F1/><W15/><G15/><T12/><D62/><U5/><E5/><V129/><F126/><W102/><G102/><T130/><D130/><U63/><E63/><V75/><F29/><W35/><G89/><T16/><D44/><N who="1" m="25999" /><E43/><V30/><F30/><W112/><G35/><T104/><D40/><U94/><E100/><V97/><F75/><W33/><G33/><T67/><D67/><U113/><E113/><V56/><F38/><W109/><G112/><T127/><D127/><U125/><E125/><V7/><F39/><W124/><G124/><T118/><D104/><U64/><E64/><V11/><F117/><W70/><G109/><T108/><D108/><U14/><E14/><V122/><F122/><W10/><G37/><T103/><D103/><U105/><E105/><V87/><F129/><W45/><G36/><T128/><D128/><U25/><E28/><V9/><F7/><W22/><G73/><T106/><D106/><U3/><E3/><V71/><F60/><W91/><G74/><T72/><D72/><U55/><E55/><V53/><F71/><W42/><G70/><N who="0" m="42319" /><D118/><U116/><E116/><V95/><F53/><W132/><G65/><T23/><D121/><U135/><E135/><V27/><F52/><W115/><G134/><RYUUKYOKU ba="0,0" sc="250,15,250,15,250,-15,250,-15" hai0="12,16,19,20,23,26,82,85,88,120" hai1="4,8,13,24,25,78,83,92,93,94" /><INIT seed="0,1,0,2,2,11" ten="265,265,235,235" oya="0" hai0="55,93,77,18,0,115,33,12,8,119,82,70,130" hai1="66,83,7,21,99,39,32,101,57,2,109,87,56" hai2="24,58,3,103,9,73,94,36,14,113,91,111,41" hai3="114,80,117,122,65,54,26,135,29,112,86,107,30"/><T59/><D119/><U47/><E32/><V25/><F73/><W127/><G117/><T121/><D121/><U5/><E109/><V42/><F3/><W13/><G122/><T49/><D115/><U4/><E2/><V71/><F71/><W45/><G107/><T37/><D130/><U46/><E21/><V92/><F111/><W15/><G127/><T84/><D33/><U1/><E1/><V27/><F103/><W102/><G102/><T124/><D124/><U35/><E35/><V125/><F94/><W118/><G118/><T98/><D0/><U97/><E97/><V40/><F125/><W108/><G135/><T105/><D70/><U126/><E126/><V28/><F113/><W31/><G108/><T63/><D37/><U74/><E74/><V78/><F58/><W34/><G112/><T62/><D105/><U134/><E134/><V44/><F78/><N who="3" m="46359" /><G114/><T51/><REACH who="0" step="1"/><D62/><REACH who="0" ten="255,265,235,235" step="2"/><N who="1" m="38215" /><E4/><V131/><F131/><W43/><G34/><T20/><D20/><U123/><E5/><V106/><F106/><W89/><G31/><T88/><AGARI ba="1,1" hai="8,12,18,49,51,55,59,63,77,82,84,88,93,98" machi="88" ten="20,18000,2" yaku="1,1,0,1,7,1,8,1,52,1,54,1,53,0" doraHai="11" doraHaiUra="116" who="0" fromWho="0" sc="255,193,265,-61,235,-61,235,-61" /><INIT seed="0,2,0,0,4,88" ten="448,204,174,174" oya="0" hai0="69,107,67,10,16,1,131,76,31,20,3,101,128" hai1="135,53,116,13,27,97,24,74,59,39,117,14,45" hai2="70,8,126,72,125,121,23,118,66,49,22,56,63" hai3="124,122,114,132,92,64,113,133,98,21,6,25,30"/><T5/><D76/><U109/><E74/><V89/><F72/><W81/><G122/><T110/><D67/><U47/><E109/><V26/><F8/><W15/><G64/><T115/><D69/><U83/><E83/><V60/><F49/><W33/><G81/><T87/><D107/><U73/><E73/><V2/><F2/><W71/><G71/><T102/><D115/><U17/><E135/><N who="3" m="51786" /><G124/><T77/><D31/><U65/><E65/><V43/><F43/><W129/><G129/><N who="0" m="49739" /><D1/><U80/><E80/><V37/><F37/><W42/><G42/><T111/><D87/><U36/><E97/><V123/><F118/><W28/><G28/><T38/><D77/><U18/><E59/><V100/><F70/><W12/><G6/><T34/><D34/><U40/><E40/><V32/><F32/><W99/><G33/><T86/><D86/><U96/><E96/><V120/><F125/><W41/><G99/><T68/><D38/><U35/><E35/><V79/><F126/><W46/><G114/><T103/><D68/><U55/><AGARI ba="2,0" hai="13,14,17,18,24,27,36,39,45,47,53,55,116,117" machi="55" ten="25,3200,0" yaku="0,1,22,2" doraHai="88" who="1" fromWho="1" sc="448,-18,204,38,174,-10,174,-10" /><INIT seed="1,0,0,2,4,128" ten="430,242,164,164" oya="1" hai0="1,15,36,97,50,32,131,110,2,43,77,23,26" hai1="133,115,73,45,125,107,8,108,70,14,67,93,124" hai2="96,17,130,126,84,113,94,103,4,5,122,64,51" hai3="28,37,120,10,87,111,88,75,40,7,68,119,48"/><U79/><E107/><V59/><F130/><W80/><G120/><T86/><D36/><U47/><E115/><V104/><F126/><W102/><G68/><T3/><D97/><U30/><E30/><V118/><F118/><W9/><G119/><T11/><D32/><U99/><E108/><V132/><F4/><W44/><G111/><T25/><D23/><U21/><E21/><V46/><F5/><W90/><G75/><T112/><D131/><U27/><E27/><V134/><F122/><W78/><G102/><T69/><D69/><U117/><E117/><V18/><F113/><W95/><G28/><T60/><D60/><N who="1" m="40295" /><E73/><V31/><F31/><W106/><G106/><T62/><D62/><U83/><E83/><V81/><F59/><W129/><G129/><T63/><D63/><U65/><E79/><N who="2" m="46143" /><F64/><W92/><G37/><T54/><D1/><U34/><E65/><V71/><F71/><W12/><G10/><T85/><D2/><U61/><E61/><V42/><F104/><W38/><G38/><T76/><D3/><U58/><E58/><V53/><F42/><W24/><G24/><N who="0" m="9323" /><D43/><U19/><E34/><V57/><F57/><W135/><G95/><T66/><D66/><U55/><E45/><V49/><F49/><W33/><G33/><T114/><D110/><U91/><E47/><V13/><F13/><W39/><G39/><T35/><D35/><U56/><E56/><V0/><F0/><W22/><G92/><T123/><D114/><U20/><E55/><V100/><F100/><W41/><G41/><T52/><D112/><U98/><E14/><RYUUKYOKU ba="0,0" sc="430,-10,242,-10,164,30,164,-10" hai2="17,18,46,51,53,94,96,103,132,134" /><INIT seed="2,1,0,0,5,132" ten="420,232,194,154" oya="2" hai0="116,51,123,83,17,21,57,102,31,6,73,71,98" hai1="74,39,96,45,14,13,114,80,118,94,46,15,89" hai2="84,107,4,27,122,92,70,24,85,67,2,124,8" hai3="32,63,119,36,10,109,56,50,41,126,54,95,81"/><V52/><F107/><W113/><G119/><T135/><D71/><U86/><E118/><V72/><F72/><W49/><G32/><T25/><D123/><U60/><E114/><V76/><F70/><W55/><G113/><T18/><D135/><U125/><E74/><V11/><F67/><W59/><G81/><T44/><D6/><U29/><E39/><V64/><F64/><W37/><G95/><T105/><D57/><U3/><E3/><V69/><F69/><W30/><G30/><T62/><D62/><U34/><E34/><V103/><F76/><W35/><G35/><T19/><D116/><U120/><E29/><V129/><F103/><W28/><G28/><T33/><D83/><U117/><E117/><V48/><F4/><W131/><G10/><T66/><D66/><U110/><E110/><V40/><F11/><W104/><G104/><T82/><D82/><U112/><E112/><V61/><F8/><W87/><G87/><T121/><D73/><U68/><E120/><V127/><F84/><W100/><G100/><T99/><D99/><U65/><REACH who="1" step="1"/><E125/><REACH who="1" ten="420,222,194,154" step="2"/><V7/><F2/><W77/><G109/><T47/><D121/><U0/><E0/><V42/><F127/><W130/><G126/><T97/><D33/><U58/><E58/><V93/><F122/><W91/><G36/><T106/><D51/><U78/><AGARI ba="1,1" hai="13,14,15,45,46,60,65,68,78,80,86,89,94,96" machi="78" ten="30,4000,0" yaku="1,1,0,1,53,1" doraHai="132" doraHaiUra="88" who="1" fromWho="1" sc="420,-11,222,53,194,-21,154,-11" /><INIT seed="3,0,0,3,3,59" ten="409,275,173,143" oya="3" hai0="18,113,39,99,100,71,90,126,63,132,107,64,60" hai1="36,134,125,104,47,123,131,32,72,76,124,110,45" hai2="95,16,78,83,55,118,13,85,20,34,40,65,58" hai3="11,102,57,93,122,115,29,54,28,33,84,10,22"/><W94/><G122/><T129/><D39/><U117/><E76/><V66/><F34/><W106/><G115/><T119/><D119/><U4/><E4/><V7/><F118/><W31/><G33/><T35/><D113/><U19/><E19/><V91/><F40/><W44/><G44/><T135/><D126/><U41/><E47/><V61/><REACH who="2" step="1"/><F7/><REACH who="2" ten="409,275,163,143" step="2"/><W42/><G42/><T103/><D35/><U98/><E41/><V82/><F82/><W21/><G106/><T130/><D107/><U67/><E32/><V70/><F70/><W3/><G94/><T53/><D71/><U114/><E104/><V111/><F111/><W17/><G3/><T24/><D132/><U69/><E69/><V50/><F50/><W26/><G22/><N who="0" m="13399" /><D135/><U120/><E134/><V1/><F1/><W37/><G37/><T133/><D133/><U56/><E124/><V52/><F52/><W8/><G93/><N who="0" m="56759" /><D130/><U74/><E131/><V9/><F9/><W51/><G102/><T81/><D81/><U75/><E36/><V68/><F68/><W14/><REACH who="3" step="1"/><G84/><AGARI ba="0,1" hai="13,16,20,55,58,61,65,66,78,83,84,85,91,95" machi="84" ten="30,8000,1" yaku="1,1,7,1,8,1,52,1,54,1,53,0" doraHai="59" doraHaiUra="128" who="2" fromWho="3" sc="409,0,275,0,163,90,143,-80" /><INIT seed="4,0,0,5,3,80" ten="409,275,253,63" oya="0" hai0="81,94,95,45,108,2,125,71,67,117,39,87,38" hai1="74,43,48,40,114,106,28,118,128,66,126,113,6" hai2="86,42,23,111,100,59,70,135,60,57,69,49,107" hai3="105,127,101,115,124,36,3,12,27,21,54,55,78"/><T120/><D2/><U62/><E118/><V16/><F107/><W13/><G3/><T18/><D117/><U1/><E74/><V10/><F100/><W41/><G78/><T64/><D120/><U47/><E106/><V32/><F32/><W131/><G131/><T25/><D125/><N who="3" m="48201" /><G115/><N who="1" m="44042" /><E128/><V89/><F10/><W9/><G41/><T51/><D39/><U130/><E130/><V31/><F31/><N who="3" m="17903" /><G36/><T102/><D38/><U44/><E126/><V75/><F75/><W116/><G116/><T56/><D71/><N who="1" m="42455" /><E28/><V77/><F135/><W30/><G30/><T104/><D104/><U19/><E19/><V109/><F109/><W26/><G26/><T11/><D25/><U121/><E121/><V79/><F111/><W37/><G37/><T63/><D18/><U53/><E1/><V68/><F68/><W93/><G105/><T29/><D29/><U97/><E6/><V84/><F70/><W83/><G13/><T112/><D11/><U91/><E44/><N who="2" m="25751" /><F69/><W14/><G14/><T22/><D22/><U96/><E96/><V133/><F133/><W20/><G20/><T99/><D108/><U46/><E46/><V134/><F134/><W129/><G129/><T35/><D35/><U98/><E98/><V76/><F59/><W61/><G12/><T15/><D15/><U8/><E8/><V33/><F33/><W132/><G9/><T103/><D99/><U85/><E97/><V65/><F23/><W119/><G132/><T52/><D112/><U88/><E91/><V7/><F89/><W58/><G119/><T123/><D123/><U82/><AGARI ba="0,0" hai="40,43,47,48,53,82,85,88" m="42455,44042" machi="82" ten="30,8000,1" yaku="5,1,15,1,11,1,52,1,54,1" doraHai="80" who="1" fromWho="1" sc="409,-40,275,80,253,-20,63,-20" /><INIT seed="5,0,0,4,0,96" ten="369,355,233,43" oya="1" hai0="114,123,16,85,30,25,89,47,3,104,42,101,28" hai1="41,107,7,22,64,39,106,12,75,18,9,90,109" hai2="93,21,117,51,31,65,126,29,0,108,69,79,95" hai3="17,66,102,116,70,43,119,88,127,92,82,20,99"/><U132/><E75/><V10/><F69/><W4/><G127/><T1/><D30/><U120/><E120/><V134/><F65/><W56/><G70/><T100/><D104/><U52/><E132/><V113/><F79/><W83/><G4/><T8/><D1/><U131/><E131/><V2/><F21/><W115/><G115/><T97/><D97/><U87/><E109/><V72/><F10/><W62/><G43/><T135/><D135/><U133/><E133/><V111/><F72/><W105/><G116/><T73/><D73/><U38/><E64/><V27/><F27/><W55/><G119/><T49/><D114/><U48/><E107/><V118/><F134/><W129/><G129/><T63/><D63/><U71/><E106/><V44/><F51/><W50/><G66/><T98/><D98/><U77/><E77/><V128/><F128/><W19/><G62/><T23/><D123/><U110/><E110/><V46/><F113/><W54/><G54/><T59/><D59/><N who="1" m="33159" /><E71/><V86/><F86/><N who="3" m="52247" /><G17/><T37/><D37/><U68/><E68/><V35/><F35/><W103/><G103/><T6/><D28/><U124/><E124/><AGARI ba="0,0" hai="0,2,29,31,44,46,93,95,108,111,117,118,124,126" machi="124" ten="25,1600,0" yaku="22,2" doraHai="96" who="2" fromWho="1" sc="369,0,355,-16,233,16,43,0" /><INIT seed="6,0,0,5,4,67" ten="369,339,249,43" oya="2" hai0="42,20,54,133,100,34,104,98,31,23,114,56,51" hai1="120,127,106,132,24,7,134,9,0,117,109,91,107" hai2="16,50,32,6,69,85,25,94,2,110,39,128,103" hai3="124,26,40,46,73,88,60,1,99,71,125,95,82"/><V61/><F39/><W119/><G119/><T76/><D114/><U41/><E109/><V38/><F38/><W12/><G1/><T83/><D133/><N who="1" m="51307" /><E117/><V66/><F6/><W62/><G26/><T64/><D42/><U112/><E112/><V97/><F2/><W105/><G105/><T18/><D18/><U84/><E127/><N who="3" m="48714" /><G12/><T11/><D11/><U19/><E120/><V123/><F128/><W72/><G82/><T65/><D34/><U93/><E41/><V5/><F5/><W14/><G14/><T122/><D122/><U63/><E63/><N who="3" m="24106" /><G71/><T111/><D111/><U130/><E130/><V118/><F110/><W135/><G135/><T115/><D115/><U74/><E74/><V57/><F123/><W45/><G45/><T21/><REACH who="0" step="1"/><D31/><REACH who="0" ten="359,339,249,43" step="2"/><U113/><E113/><V80/><F32/><W33/><G33/><T92/><D92/><U86/><E93/><V87/><F118/><W77/><G77/><T48/><D48/><AGARI ba="0,1" hai="40,46,48,72,73,88,95,99" m="24106,48714" machi="48" ten="30,2000,0" yaku="18,1,54,1" doraHai="67" who="3" fromWho="0" sc="359,-20,339,0,249,0,43,30" /><INIT seed="7,0,0,5,4,33" ten="339,339,249,73" oya="3" hai0="6,7,82,40,72,24,18,68,51,5,53,29,34" hai1="64,30,114,98,123,12,125,94,42,1,74,128,31" hai2="36,101,115,77,56,131,102,106,22,52,120,45,130" hai3="122,16,67,99,41,75,43,88,70,83,126,73,20"/><W49/><G122/><T118/><D68/><U9/><E123/><V21/><F77/><W50/><G126/><T60/><D118/><U97/><E125/><V119/><F120/><W89/><G70/><T117/><D117/><U134/><E74/><V86/><F119/><W69/><G69/><T57/><D18/><U4/><E114/><V54/><F36/><W111/><G67/><T0/><D0/><U103/><E134/><V112/><F56/><W92/><G111/><T100/><D100/><U66/><E128/><V61/><F61/><W85/><G75/><T133/><D133/><U96/><E1/><V110/><F86/><W3/><G3/><T135/><D135/><U46/><E98/><V132/><F132/><W65/><G65/><N who="1" m="25194" /><E97/><V48/><F48/><AGARI ba="0,0" hai="4,9,12,30,31,42,46,48,94,96,103" m="25194" machi="48" ten="30,1000,0" yaku="8,1" doraHai="33" who="1" fromWho="2" sc="339,0,339,10,249,-10,73,0" owari="339,14.0,349,45.0,239,-16.0,73,-43.0" /></mjloggm>