<mjloggm ver="2.3"><GO type="97" lobby="0"/><UN n0="%E6%9D%B1%E6%A8%AA%E6%A1%83%E5%AD%90%EF%BC%A0%E9%A2%A8%E9%9C%B2%E8%8D%89" n1="%E3%82%A2%E3%83%AA%E3%82%B9%E3%82%AB%E3%82%BF%E3%83%AC%E3%83%83%E3%83%88" n2="%E5%B0%B1%E6%B4%BB%E7%94%9F%40%E5%B7%9D%E6%9D%91%E8%BB%8D%E5%9B%A3" n3="%E3%81%8D%E3%82%93%E3%81%8E%E3%82%87%E2%98%86" dan="13,13,14,15" rate="1905.24,1837.22,1931.84,1993.74" sx="F,F,M,F"/><TAIKYOKU oya="0"/><INIT seed="0,0,0,2,3,78" ten="250,250,250,250" oya="0" hai0="67,91,25,38,92,22,6,12,105,129,94,10,98" hai1="81,64,116,42,127,101,41,87,77,114,112,62,68" hai2="85,113,29,58,33,80,15,76,26,28,122,23,126" hai3="52,31,119,65,100,133,72,50,61,118,32,132,89"/><T66/><D129/><U103/><E116/><N who="3" m="44586" /><G100/><N who="1" m="38474" /><E127/><V54/><F122/><W0/><G72/><T93/><D105/><U97/><E97/><V110/><F113/><AGARI ba="0,0" hai="41,42,62,64,68,77,81,87,112,113,114" m="38474" machi="113" ten="30,2000,0" yaku="11,1,52,1" doraHai="78" who="1" fromWho="2" sc="250,0,250,20,250,-20,250,0" /><INIT seed="1,0,0,2,3,25" ten="250,270,230,250" oya="1" hai0="121,41,27,78,97,3,18,125,79,62,133,103,83" hai1="94,49,81,69,56,17,88,87,104,35,4,38,45" hai2="42,2,44,58,48,7,73,65,39,98,118,12,105" hai3="131,92,99,1,130,71,126,43,128,134,135,22,6"/><U33/><E104/><V85/><F118/><W102/><G71/><T23/><D3/><U16/><E69/><V54/><F73/><W40/><G6/><T28/><D125/><U106/><E106/><V124/><F124/><W119/><G1/><T91/><D133/><N who="3" m="50697" /><G126/><T96/><D121/><U117/><E117/><V86/><F2/><W129/><N who="3" m="32768" /><DORA hai="113" /><W26/><G119/><T64/><D41/><U80/><E4/><V122/><F122/><W9/><G9/><T66/><D62/><U89/><E38/><V63/><F7/><W46/><G46/><T82/><D91/><U37/><E37/><V34/><F34/><W115/><G115/><T107/><D97/><N who="1" m="57543" /><E35/><V101/><REACH who="2" step="1"/><F12/><REACH who="2" ten="250,270,220,250" step="2"/><W31/><AGARI ba="0,1" hai="22,26,31,40,43,92,99,102" m="32768,50697" machi="31" ten="60,7900,0" yaku="20,1,19,1,52,1" doraHai="25,113" who="3" fromWho="3" sc="250,-20,270,-39,220,-20,250,89" /><INIT seed="2,0,0,0,1,119" ten="230,231,200,339" oya="2" hai0="107,105,48,100,60,75,46,57,104,90,115,59,14" hai1="69,113,47,118,35,131,126,121,89,123,31,85,86" hai2="132,50,94,134,1,33,130,36,39,72,74,83,102" hai3="37,15,101,25,41,53,55,26,18,21,84,129,98"/><V71/><F33/><W3/><G129/><T56/><D115/><U68/><E118/><V54/><F1/><W6/><G37/><N who="2" m="14409" /><F130/><W24/><G41/><T80/><D100/><U92/><E113/><V43/><F83/><W12/><G3/><T38/><D38/><U82/><E131/><V17/><F17/><W93/><REACH who="3" step="1"/><G84/><REACH who="3" ten="230,231,200,329" step="2"/><T10/><D75/><U77/><E126/><V16/><F43/><W5/><G5/><T99/><D99/><U7/><E7/><V79/><F74/><W61/><G61/><T32/><D60/><U19/><E19/><V122/><F72/><W67/><G67/><T117/><D117/><U95/><E31/><V133/><F122/><N who="1" m="46601" /><E35/><V91/><F16/><W30/><G30/><T64/><D32/><U51/><E92/><V88/><F71/><W29/><G29/><T135/><D104/><U9/><E9/><AGARI ba="0,1" hai="6,9,12,15,18,21,24,25,26,53,55,93,98,101" machi="9" ten="40,8000,1" yaku="1,1,8,1,53,3" doraHai="119" doraHaiUra="22" who="3" fromWho="1" sc="230,0,231,-80,200,0,329,90" /><INIT seed="3,0,0,2,1,10" ten="230,151,200,419" oya="3" hai0="49,47,37,96,48,107,74,80,123,106,23,12,58" hai1="3,25,109,87,104,30,114,93,17,14,111,54,24" hai2="61,98,27,15,46,19,85,52,89,77,95,92,91" hai3="50,113,110,83,69,63,131,41,62,28,68,22,18"/><W7/><G7/><T31/><D123/><U35/><E104/><V4/><F4/><W60/><G28/><T88/><D37/><U101/><E54/><V66/><F77/><W122/><G113/><T32/><D32/><N who="1" m="20551" /><E87/><V128/><F128/><W135/><G122/><T105/><D74/><U73/><E73/><V0/><F0/><W38/><G38/><T99/><D58/><U82/><E82/><V8/><F27/><W43/><G131/><T71/><D71/><U42/><E93/><V126/><F126/><W76/><G135/><T129/><D129/><U39/><E101/><V9/><F66/><W56/><G110/><N who="1" m="41994" /><E42/><V97/><F85/><W53/><G68/><T51/><D47/><U130/><E39/><V1/><F1/><W26/><G69/><T134/><D134/><U127/><E130/><V79/><F79/><W44/><G44/><T55/><D55/><U75/><E75/><V45/><F9/><W34/><G34/><T116/><D80/><U94/><E94/><V132/><F132/><W120/><G120/><T13/><D88/><U119/><E119/><V125/><F125/><W121/><G121/><T57/><D116/><U102/><E102/><V112/><F112/><W40/><G40/><T33/><D57/><AGARI ba="0,0" hai="8,15,19,45,46,52,57,61,89,91,92,95,97,98" machi="57" ten="40,8000,1" yaku="9,1,8,1,52,1,54,1" doraHai="10" who="2" fromWho="0" sc="230,-80,151,0,200,80,419,0" owari="150,-35.0,151,-25.0,280,8.0,419,52.0" /></mjloggm>