<mjloggm ver="2.3"><GO type="225" lobby="0"/><UN n0="%E4%BF%BA%E3%81%A8%E5%A6%96%E5%A4%A2" n1="%E9%9D%92%E5%B1%B1%E5%AD%A6%E9%99%A2%EF%BC%94%E5%B9%B4" n2="%E5%B0%B1%E6%B4%BB%E7%94%9F%40%E5%B7%9D%E6%9D%91%E8%BB%8D%E5%9B%A3" n3="%4D%61%6D%65%2D%79%61" dan="16,16,16,16" rate="2109.87,2150.86,2079.45,2213.67" sx="F,M,M,M"/><TAIKYOKU oya="0"/><INIT seed="0,0,0,0,3,58" ten="250,250,250,250" oya="0" hai0="118,103,5,38,125,13,108,0,19,88,114,131,77" hai1="96,37,83,67,40,119,18,70,90,126,12,3,78" hai2="56,60,72,6,102,95,128,111,24,99,124,61,116" hai3="30,51,17,132,106,93,22,54,16,59,8,97,100"/><T66/><D114/><U26/><E3/><V79/><F116/><W71/><G132/><T84/><D118/><U69/><E26/><V9/><F128/><W115/><G115/><T122/><D122/><U43/><E37/><V7/><F124/><W53/><G71/><T36/><D77/><U127/><E70/><V110/><F24/><N who="3" m="16663" /><G106/><T117/><D117/><U104/><E119/><V82/><F7/><W92/><G8/><T35/><D35/><U2/><E2/><V28/><F28/><W11/><G11/><T46/><D5/><U15/><E15/><N who="2" m="5559" /><F56/><N who="3" m="32831" /><G93/><T63/><D0/><U105/><E105/><V120/><F120/><W109/><G109/><AGARI ba="0,0" hai="60,61,72,79,82,95,99,102,109,110,111" m="5559" machi="109" ten="30,3900,0" yaku="14,1,52,2" doraHai="58" who="2" fromWho="3" sc="250,0,250,0,250,39,250,-39" /><INIT seed="1,0,0,5,2,31" ten="250,250,289,211" oya="1" hai0="76,83,86,7,17,84,129,119,101,126,55,133,29" hai1="121,110,95,8,64,44,28,67,46,77,97,87,103" hai2="130,57,125,5,114,116,36,22,111,54,63,32,48" hai3="66,27,106,52,62,47,45,128,12,132,20,80,89"/><U75/><E121/><V105/><F32/><W74/><G106/><T73/><D119/><U25/><E110/><V118/><F105/><W117/><G117/><T33/><D7/><U96/><E75/><V0/><F111/><W13/><G128/><T10/><D129/><U88/><E77/><V85/><F36/><W53/><G132/><T104/><D133/><U19/><E67/><V18/><F130/><W3/><G3/><T42/><D42/><U61/><E19/><V92/><F114/><W72/><G89/><T135/><D135/><U43/><E8/><V98/><F125/><W2/><G2/><T50/><D10/><U24/><E24/><V15/><F63/><W122/><G122/><T69/><D17/><U113/><E113/><V11/><REACH who="2" step="1"/><F85/><REACH who="2" ten="250,250,279,211" step="2"/><W38/><G38/><T59/><D84/><U81/><E96/><V35/><F35/><W14/><G72/><T16/><D73/><U124/><E124/><V71/><F71/><W108/><G108/><T115/><D115/><U93/><E93/><V4/><F4/><W82/><G74/><T131/><D131/><U23/><REACH who="1" step="1"/><E43/><REACH who="1" ten="250,240,279,211" step="2"/><V99/><F99/><W102/><G80/><T39/><D126/><U58/><AGARI ba="0,2" hai="23,25,28,44,46,58,61,64,81,87,88,95,97,103" machi="58" ten="20,24000,3" yaku="1,1,2,1,0,1,7,1,25,2,8,1,54,1,53,2" doraHai="31" doraHaiUra="41" who="1" fromWho="1" sc="250,-80,240,260,279,-80,211,-80" /><INIT seed="1,1,0,4,3,126" ten="170,500,199,131" oya="1" hai0="28,91,48,30,117,71,32,58,132,47,9,107,129" hai1="15,109,25,14,97,46,60,131,105,118,92,69,101" hai2="80,34,120,72,16,124,52,102,82,100,12,73,41" hai3="61,66,135,53,134,6,111,121,128,90,18,112,86"/><U133/><E118/><V108/><F120/><W21/><G121/><T13/><D117/><U122/><E122/><V64/><F34/><W5/><G112/><T26/><D71/><U10/><E46/><V99/><F124/><W65/><G111/><T38/><D38/><U54/><E133/><N who="3" m="50698" /><G53/><T85/><D132/><U93/><E15/><V20/><F64/><N who="3" m="24683" /><G61/><T106/><D28/><U19/><E109/><V29/><F41/><W4/><G128/><T113/><D58/><U67/><E131/><V83/><F108/><W3/><G3/><T119/><D113/><U62/><REACH who="1" step="1"/><E25/><REACH who="1" ten="170,490,199,131" step="2"/><V68/><F68/><W43/><G43/><T70/><D119/><U40/><E40/><V22/><F73/><W11/><G11/><T56/><D70/><U115/><E115/><V7/><F72/><W88/><G86/><T49/><D85/><U37/><E37/><V55/><F7/><N who="3" m="1795" /><W63/><DORA hai="33" /><G63/><T45/><D129/><U50/><E50/><V36/><F36/><W0/><G0/><T17/><D48/><U103/><E103/><V87/><F87/><W74/><G74/><T81/><D49/><U31/><E31/><V130/><F130/><W51/><G51/><T110/><D110/><U44/><E44/><V89/><F100/><W79/><G79/><T116/><D116/><U123/><E123/><V96/><F102/><W2/><G2/><T94/><D45/><U95/><E95/><N who="2" m="56431" /><F99/><W127/><G127/><T59/><D47/><U57/><AGARI ba="1,1" hai="10,14,19,54,57,60,62,67,69,92,93,97,101,105" machi="57" ten="30,6000,0" yaku="1,1,0,1,53,1" doraHai="126,33" doraHaiUra="98,39" who="1" fromWho="1" sc="170,-21,490,73,199,-21,131,-21" /><INIT seed="1,2,0,4,1,129" ten="149,563,178,110" oya="1" hai0="10,18,107,96,61,35,65,100,36,62,38,135,34" hai1="64,7,53,4,44,89,13,73,87,57,2,104,85" hai2="31,67,109,60,48,113,58,80,5,22,83,15,37" hai3="117,112,51,111,126,1,52,122,54,23,99,68,88"/><U39/><E104/><V84/><F37/><W130/><G112/><T40/><D62/><U93/><E73/><V124/><F113/><W0/><G122/><T86/><D86/><U90/><E2/><V24/><F109/><W45/><G130/><T105/><D105/><U127/><E127/><V108/><F124/><W27/><G126/><T123/><D123/><U21/><E64/><V43/><F108/><W131/><G131/><T132/><D18/><N who="1" m="10447" /><E44/><V92/><F92/><W121/><G121/><T3/><D10/><U20/><E39/><N who="0" m="14889" /><D40/><U6/><E20/><V119/><F119/><W118/><G111/><T32/><D3/><U75/><E75/><V77/><F83/><W28/><G68/><AGARI ba="2,0" hai="32,34,35,61,65,68,96,100,107,132,135" m="14889" machi="68" ten="40,5200,0" yaku="23,1,52,2" doraHai="129" who="0" fromWho="3" sc="149,58,563,0,178,0,110,-58" /><INIT seed="2,0,0,0,5,75" ten="207,563,178,52" oya="2" hai0="14,59,48,56,28,72,98,57,42,102,108,77,126" hai1="134,71,114,120,6,85,96,86,101,39,32,131,100" hai2="54,35,119,123,9,24,121,4,66,2,17,99,88" hai3="58,122,38,135,109,36,118,40,20,37,94,22,74"/><V19/><F119/><W29/><G118/><T70/><D70/><U93/><E6/><V5/><F66/><W116/><G116/><T69/><D69/><U60/><E60/><V65/><F65/><W133/><G122/><T103/><D108/><U78/><E32/><V44/><F5/><W25/><G109/><T91/><D126/><U51/><E101/><V33/><F54/><W110/><G110/><T90/><D28/><U47/><E39/><V68/><F68/><W81/><G94/><T10/><D42/><U11/><E100/><V12/><F44/><W16/><G58/><T127/><D127/><U129/><E71/><V49/><F49/><W43/><G43/><T62/><D48/><U83/><E51/><V67/><F67/><W125/><G40/><T1/><D1/><U61/><E47/><V132/><F132/><N who="3" m="50763" /><G125/><T64/><D64/><U31/><E61/><V82/><F19/><W53/><G53/><T111/><D62/><U130/><E130/><V124/><F124/><W7/><G7/><T30/><D111/><U95/><E134/><V3/><F3/><W89/><G89/><T84/><D59/><U18/><E18/><V0/><F0/><W63/><G63/><T113/><D57/><U8/><E129/><V115/><F115/><W105/><G105/><T80/><D90/><U13/><E114/><V92/><F82/><W104/><G104/><T21/><D56/><U26/><E83/><V41/><F41/><W46/><G46/><T87/><D113/><U50/><E131/><V73/><F92/><W76/><G38/><T106/><D80/><RYUUKYOKU ba="0,0" sc="207,-10,563,-10,178,-10,52,30" hai3="16,20,22,25,29,36,37,74,76,81" /><INIT seed="3,1,0,4,0,133" ten="197,553,168,82" oya="3" hai0="0,72,45,112,29,71,78,76,54,60,69,108,38" hai1="50,12,119,61,131,9,5,94,134,123,114,86,6" hai2="3,101,39,74,83,102,19,14,28,96,103,42,65" hai3="32,46,36,100,47,48,113,97,111,53,120,56,27"/><W63/><G113/><T44/><D0/><U13/><E61/><V34/><F3/><W110/><G120/><T127/><D29/><U58/><E58/><V77/><F65/><W62/><G32/><T17/><D112/><U20/><E50/><V21/><F96/><W129/><G27/><T91/><D91/><U125/><E86/><V66/><F66/><W51/><G129/><T10/><D54/><U73/><E94/><V24/><F42/><N who="3" m="22855" /><G97/><T105/><D105/><U67/><E131/><V68/><F68/><W116/><G100/><T8/><D17/><U135/><E123/><V49/><F49/><W16/><G16/><T11/><D60/><N who="3" m="23081" /><G116/><T95/><D8/><U25/><E9/><V80/><F80/><W52/><AGARI ba="1,0" hai="47,48,51,52,53,56,110,111" m="23081,22855" machi="52" ten="30,6000,0" yaku="34,2,54,1" doraHai="133" who="3" fromWho="3" sc="197,-21,553,-21,168,-21,82,63" /><INIT seed="3,2,0,5,1,10" ten="176,532,147,145" oya="3" hai0="91,12,119,31,41,68,7,79,100,74,124,37,52" hai1="57,129,24,44,28,61,63,115,9,26,17,14,70" hai2="4,105,49,45,133,93,46,51,122,65,5,94,56" hai3="22,13,15,109,48,131,16,78,50,87,30,96,104"/><W36/><G36/><T98/><D119/><U103/><E115/><V58/><F105/><W27/><G131/><T66/><D31/><U85/><E129/><V8/><F122/><W21/><G109/><T110/><D110/><U71/><E63/><N who="2" m="38119" /><F133/><W92/><G104/><T39/><D91/><U69/><E85/><V55/><F58/><W134/><G134/><T112/><D112/><U33/><E103/><V88/><F8/><W1/><G1/><T0/><D0/><U117/><E44/><V118/><F118/><W35/><G35/><T76/><D74/><U3/><E26/><V114/><F114/><W128/><G128/><T108/><D37/><U82/><E82/><V86/><F94/><W67/><G67/><T64/><D64/><U101/><E101/><V113/><F113/><W90/><G13/><T62/><D108/><U59/><E61/><V97/><F97/><W60/><G60/><T120/><D120/><U23/><E117/><V107/><F107/><W38/><G38/><T89/><D68/><U54/><E54/><AGARI ba="2,0" hai="4,5,45,46,49,51,54,55,86,88,93" m="38119" machi="54" ten="30,2000,0" yaku="8,1,54,1" doraHai="10" who="2" fromWho="1" sc="176,0,532,-26,147,26,145,0" owari="176,-2.0,506,60.0,173,-23.0,145,-35.0" /></mjloggm>