<mjloggm ver="2.3"><GO type="169" lobby="0"/><UN n0="%E6%B0%B4%E5%B8%8C%E2%99%AA" n1="%E3%82%A6%E3%83%AB%E3%83%88%E3%83%A9%E7%AB%8B%E7%9B%B4" n2="%E3%83%8A%E3%83%A9" n3="%4C%65%69%72%69%6F%6E" dan="16,17,16,17" rate="2052.46,2206.14,2113.51,2167.78" sx="M,M,M,M"/><TAIKYOKU oya="0"/><INIT seed="0,0,0,0,1,85" ten="250,250,250,250" oya="0" hai0="125,53,135,121,8,131,62,58,134,96,65,37,74" hai1="7,104,112,56,127,92,111,89,124,32,77,67,108" hai2="5,100,81,57,123,99,116,45,94,31,40,14,60" hai3="86,22,101,24,29,87,122,30,117,1,33,119,97"/><T35/><D74/><U61/><E32/><V48/><F123/><W80/><G1/><T130/><D35/><U43/><E104/><V15/><F116/><W28/><G122/><T4/><D96/><N who="1" m="57359" /><E112/><V91/><F31/><W93/><G86/><T20/><D121/><U25/><E7/><V78/><F100/><W39/><G39/><T49/><D20/><U90/><E77/><V27/><F27/><W13/><G33/><T83/><D83/><U73/><E73/><V9/><F15/><W75/><G75/><T114/><D8/><U17/><E43/><V98/><F98/><W66/><G66/><T107/><D107/><U55/><E67/><V79/><REACH who="2" step="1"/><F81/><REACH who="2" ten="250,250,240,250" step="2"/><W69/><G13/><T2/><D2/><U110/><E25/><V70/><F70/><W64/><G117/><T47/><D114/><U68/><E68/><V103/><F103/><W41/><G119/><T59/><D4/><U26/><E26/><V52/><AGARI ba="0,1" hai="5,9,14,40,45,48,52,57,60,78,79,91,94,99" machi="52" ten="20,12000,2" yaku="1,1,0,1,7,1,8,1,52,1,54,1,53,0" doraHai="85" doraHaiUra="63" who="2" fromWho="2" sc="250,-60,250,-30,240,130,250,-30" /><INIT seed="1,0,0,4,4,7" ten="190,220,370,220" oya="1" hai0="30,47,135,21,129,131,51,87,8,20,23,55,2" hai1="64,17,76,37,35,121,80,91,27,13,113,9,83" hai2="31,125,109,34,114,126,119,128,84,26,106,75,18" hai3="81,92,39,33,95,94,57,45,58,107,3,69,53"/><U122/><E113/><V68/><F75/><W82/><G107/><T89/><D30/><U38/><E64/><V86/><F106/><W77/><G69/><T124/><D124/><U10/><E38/><V22/><F119/><W25/><G3/><T19/><D135/><U101/><E37/><V15/><F68/><W29/><G81/><T61/><D61/><U90/><E101/><V105/><F105/><W130/><G130/><T32/><D32/><U115/><E115/><V73/><F73/><W36/><G45/><T48/><D48/><U50/><E35/><V67/><F67/><W62/><REACH who="3" step="1"/><G58/><REACH who="3" ten="190,220,370,210" step="2"/><T1/><D1/><U99/><E83/><V65/><F128/><W0/><G0/><T16/><D2/><U63/><E80/><V79/><F114/><W60/><G60/><T118/><D118/><U66/><E63/><V52/><F125/><W127/><G127/><T110/><D131/><U102/><E122/><V28/><F126/><W120/><G120/><T112/><D129/><U4/><E121/><V5/><F109/><W46/><G46/><T134/><D112/><U78/><E78/><V88/><F79/><W108/><G108/><T98/><D110/><U93/><E76/><V41/><F41/><W49/><G49/><T132/><D51/><U44/><E50/><V100/><F65/><W40/><G40/><T14/><D47/><U85/><E66/><V123/><F123/><W74/><AGARI ba="0,1" hai="25,29,33,36,39,53,57,62,74,77,82,92,94,95" machi="74" ten="30,2000,0" yaku="1,1,0,1,53,0" doraHai="7" doraHaiUra="43" who="3" fromWho="3" sc="190,-5,220,-10,370,-5,210,30" /><INIT seed="2,0,0,0,3,117" ten="185,210,365,240" oya="2" hai0="21,75,85,11,87,132,127,107,125,3,102,45,129" hai1="80,35,115,131,31,63,113,101,9,78,49,70,55" hai2="58,90,1,62,104,22,28,133,86,110,66,79,83" hai3="20,89,91,120,74,97,0,17,59,123,53,126,96"/><V43/><F133/><W46/><G0/><T103/><D21/><U73/><E131/><V130/><F1/><W30/><G30/><T134/><D45/><U81/><E101/><N who="0" m="38409" /><D3/><U50/><E35/><V19/><F104/><W24/><G74/><T105/><D75/><U124/><E31/><V10/><F130/><W71/><G71/><T44/><D44/><U57/><E124/><N who="0" m="47689" /><D11/><U98/><E98/><V29/><F110/><W13/><G126/><T128/><D85/><U54/><E9/><V92/><F43/><W108/><G13/><T12/><D87/><U16/><E16/><V36/><F36/><W38/><G108/><T47/><D47/><U111/><E111/><V121/><F10/><W119/><G119/><T37/><D37/><U118/><E118/><V7/><F7/><W23/><G23/><T5/><D12/><U27/><E27/><V95/><F22/><W82/><G46/><T15/><D15/><U33/><E33/><V109/><F19/><W122/><G38/><T26/><D26/><U25/><E25/><V41/><F109/><W76/><G76/><T42/><D42/><U48/><E78/><V64/><F79/><W69/><G69/><T61/><D5/><U2/><E2/><V56/><F41/><W99/><REACH who="3" step="1"/><G82/><REACH who="3" ten="185,210,365,230" step="2"/><N who="1" m="31850" /><E73/><V68/><F68/><W34/><G34/><T72/><D72/><U106/><E70/><V14/><F14/><W116/><G116/><T65/><D128/><U67/><E106/><N who="0" m="40457" /><D129/><U94/><E94/><V60/><F92/><W4/><G4/><T77/><D77/><U88/><E88/><V84/><F90/><RYUUKYOKU ba="0,1" sc="185,10,210,10,365,-30,230,10" hai0="61,65,132,134" hai1="48,49,50,54,55,57,63,67,113,115" hai3="17,20,24,53,59,89,91,96,97,99,120,122,123" /><INIT seed="3,1,1,5,3,114" ten="195,220,335,240" oya="3" hai0="0,91,117,70,104,39,33,129,59,102,74,23,96" hai1="29,64,120,128,4,1,89,84,63,77,107,38,130" hai2="67,13,86,20,109,132,43,48,36,97,18,121,133" hai3="41,68,40,52,66,81,105,51,11,92,116,72,15"/><W10/><G105/><T3/><D23/><U88/><E107/><V103/><F109/><W111/><G116/><T99/><D59/><U93/><E38/><V62/><F121/><W56/><G111/><T49/><D49/><U16/><E120/><V85/><F48/><W14/><G68/><T9/><D91/><U106/><E106/><N who="2" m="63855" /><F43/><N who="3" m="16459" /><G72/><T7/><D99/><U60/><E29/><V17/><F17/><N who="3" m="8407" /><G92/><T127/><D0/><U113/><E113/><V126/><F36/><W27/><G81/><T75/><D39/><U87/><E1/><V82/><F82/><W37/><G37/><T118/><D33/><U46/><E4/><V32/><F32/><W131/><G131/><T112/><D129/><U6/><E6/><V55/><F55/><W30/><G66/><T71/><D112/><U122/><E64/><V80/><F80/><W73/><G73/><N who="0" m="27659" /><D127/><U61/><E122/><V124/><F124/><W2/><G2/><T42/><D42/><U76/><E128/><V100/><F126/><W58/><G58/><T95/><D95/><N who="1" m="54663" /><E130/><V57/><F100/><W22/><G15/><T101/><D101/><U98/><E46/><V69/><F69/><AGARI ba="1,1" hai="3,7,9,69,70,71,96,102,104,117,118" m="27659" machi="69" ten="30,3900,0" yaku="23,1,52,2" doraHai="114" who="0" fromWho="2" sc="195,52,220,0,335,-42,240,0" /><INIT seed="4,0,0,1,3,70" ten="247,220,293,240" oya="0" hai0="37,24,56,28,120,52,62,130,35,128,68,30,3" hai1="71,11,29,5,19,2,34,123,64,78,57,39,9" hai2="59,108,66,74,85,31,32,76,90,12,60,0,72" hai3="77,6,50,36,81,51,53,102,63,125,46,13,41"/><T10/><D120/><U16/><E57/><V98/><F0/><W106/><G125/><T110/><D110/><U103/><E103/><V112/><F108/><W79/><G106/><T75/><D75/><U99/><E99/><V84/><F112/><W107/><G107/><T44/><D30/><U47/><E123/><V131/><F131/><N who="0" m="50218" /><D68/><U89/><E89/><V121/><F121/><W22/><G102/><T20/><D35/><U58/><E58/><V91/><F31/><W65/><G77/><T117/><D117/><U49/><E49/><V87/><F32/><W48/><G22/><T15/><D3/><U93/><E11/><V114/><F114/><W25/><G25/><T86/><D86/><U88/><E29/><V67/><F76/><W95/><G95/><T105/><D105/><U116/><E34/><V26/><F26/><W124/><G124/><T118/><D118/><U111/><E116/><V69/><F98/><W7/><G13/><T1/><D1/><U4/><E111/><V122/><F122/><W82/><G82/><T8/><D15/><U119/><E119/><V97/><F12/><W83/><G83/><T104/><D104/><U42/><E78/><V133/><F97/><W132/><G132/><T40/><AGARI ba="0,0" hai="8,10,20,24,28,37,40,44,52,56,62" m="50218" machi="40" ten="30,6000,0" yaku="19,1,52,1,54,1" doraHai="70" who="0" fromWho="0" sc="247,60,220,-20,293,-20,240,-20" /><INIT seed="4,1,0,3,3,131" ten="307,200,273,220" oya="0" hai0="62,12,118,23,84,107,16,33,93,24,110,122,55" hai1="111,43,47,21,92,59,106,134,119,51,70,1,60" hai2="5,73,89,58,96,20,13,123,52,28,35,53,71" hai3="30,15,57,56,3,37,88,67,74,38,40,83,104"/><T97/><D118/><U49/><E106/><V34/><F123/><W45/><G104/><T6/><D122/><U78/><E1/><V48/><F71/><W42/><G30/><T19/><D107/><U63/><E78/><V0/><F73/><W102/><G102/><T125/><D125/><U69/><E92/><V54/><F0/><W90/><G3/><T115/><D115/><U112/><E21/><V7/><F34/><W22/><G67/><T95/><D110/><U85/><E85/><V126/><F35/><W41/><G74/><T9/><D33/><U36/><E119/><V10/><F5/><W50/><G38/><T27/><D84/><U72/><E72/><V100/><F100/><W91/><G83/><T2/><D97/><U32/><E32/><V109/><F126/><W130/><G130/><T116/><D116/><U132/><E111/><V39/><F39/><W14/><G37/><T117/><D117/><U26/><E26/><N who="2" m="16455" /><F109/><W80/><G80/><T99/><D19/><U18/><E18/><V65/><F65/><W113/><G113/><T124/><D124/><U25/><E25/><V4/><F4/><W68/><G68/><N who="1" m="26218" /><E112/><V86/><F96/><W64/><G64/><T121/><D121/><U66/><E60/><V135/><F86/><W46/><G50/><AGARI ba="1,0" hai="36,43,47,49,50,51,59,63,66,132,134" m="26218" machi="50" ten="30,7700,0" yaku="34,2,52,2" doraHai="131" who="1" fromWho="3" sc="307,0,200,80,273,0,220,-80" /><INIT seed="5,0,0,5,0,74" ten="307,280,273,140" oya="1" hai0="15,86,39,47,22,49,24,64,75,25,120,0,48" hai1="91,20,16,122,58,130,129,102,115,67,95,45,81" hai2="111,63,55,4,1,121,76,8,82,127,93,104,116" hai3="54,87,9,126,112,72,11,30,2,84,89,119,125"/><U33/><E33/><V90/><F104/><W103/><G72/><T80/><D0/><U60/><E122/><V3/><F111/><W34/><G103/><T96/><D75/><U92/><E115/><V107/><F107/><W50/><G112/><T5/><D39/><U83/><E45/><V44/><F116/><W124/><G119/><T43/><D120/><U38/><E38/><V19/><F121/><W37/><G37/><T12/><D64/><U77/><E102/><V53/><F19/><W118/><G118/><T32/><D32/><U79/><E92/><V69/><F69/><W99/><G2/><T101/><D49/><U26/><E83/><V10/><F63/><W106/><G106/><T42/><D42/><U132/><E81/><V36/><F127/><N who="3" m="32515" /><W108/><DORA hai="110" /><G108/><T31/><D25/><U56/><E56/><V88/><F93/><N who="3" m="56751" /><G30/><T131/><D131/><N who="1" m="50187" /><E132/><V113/><F113/><W52/><G34/><T62/><D62/><U97/><AGARI ba="0,0" hai="16,20,26,58,60,67,77,79,91,95,97" m="50187" machi="97" ten="30,11700,0" yaku="19,1,52,2,54,1" doraHai="74,110" who="1" fromWho="1" sc="307,-39,280,117,273,-39,140,-39" /><INIT seed="5,1,0,3,4,131" ten="268,397,234,101" oya="1" hai0="11,24,4,41,97,52,105,19,48,91,92,78,25" hai1="54,87,34,125,124,65,114,82,115,99,77,80,0" hai2="130,64,8,3,30,47,85,37,72,110,60,68,15" hai3="126,79,67,5,113,69,21,71,81,63,49,66,121"/><U112/><E34/><V58/><F110/><W39/><G39/><T9/><D105/><U53/><E0/><V13/><F72/><W100/><G126/><N who="1" m="48746" /><E65/><V33/><F130/><W51/><G113/><T102/><D41/><U31/><E31/><V26/><F85/><W1/><G121/><T23/><D78/><N who="1" m="46487" /><E99/><V88/><F3/><W40/><G100/><T55/><D25/><U134/><E134/><V103/><F103/><W75/><G21/><T95/><D4/><U132/><E132/><V116/><F116/><W61/><REACH who="3" step="1"/><G40/><REACH who="3" ten="268,397,234,91" step="2"/><T27/><D102/><U84/><AGARI ba="1,1" hai="53,54,77,82,84,112,114,115" m="46487,48746" machi="84" ten="40,3900,0" yaku="15,1,18,1" doraHai="131" who="1" fromWho="1" sc="268,-14,397,52,234,-14,91,-14" /><INIT seed="5,2,0,0,4,9" ten="254,449,220,77" oya="1" hai0="94,40,98,114,6,108,15,101,82,72,120,35,3" hai1="4,28,62,63,39,125,55,26,106,56,46,91,70" hai2="116,88,97,36,135,90,118,41,18,64,107,5,115" hai3="21,32,86,123,73,59,78,50,69,42,119,14,44"/><U71/><E106/><V81/><F64/><W124/><G124/><T89/><D35/><U112/><E112/><V61/><F61/><W100/><G32/><T33/><D33/><U76/><E125/><V53/><F5/><W24/><G69/><T130/><D3/><U38/><E76/><V54/><F135/><W30/><G123/><T11/><D108/><U51/><E4/><V121/><F121/><W60/><G119/><T68/><D68/><N who="1" m="26155" /><E26/><V19/><F81/><W20/><G73/><T126/><D126/><U102/><E91/><N who="2" m="34859" /><F115/><W95/><G78/><T127/><D127/><U66/><E28/><V117/><F97/><W122/><G122/><T10/><D114/><U12/><E63/><V83/><F107/><W45/><G45/><T57/><D120/><U128/><E62/><V132/><F83/><W74/><G74/><T49/><D82/><U87/><E46/><V2/><F2/><W109/><G109/><T47/><D72/><U58/><E66/><V52/><F132/><W104/><G104/><T22/><D89/><U111/><E111/><V1/><F1/><W7/><G86/><T79/><D79/><U103/><E87/><V37/><F41/><W27/><G7/><T92/><D92/><U34/><E34/><V96/><F96/><N who="3" m="59423" /><G27/><T113/><D113/><U75/><E75/><V99/><F99/><W29/><G29/><T129/><D6/><U77/><E77/><V67/><F67/><N who="3" m="39327" /><G21/><T93/><D93/><U13/><E103/><V65/><F65/><W105/><G105/><T25/><D25/><U133/><E102/><V16/><AGARI ba="2,0" hai="16,18,19,36,37,52,53,54,116,117,118" m="34859" machi="16" ten="40,16000,3" yaku="5,1,29,2,28,2,26,2,54,3" doraHai="9" who="2" fromWho="2" sc="254,-42,449,-82,220,166,77,-42" /><INIT seed="6,0,0,1,3,63" ten="212,367,386,35" oya="2" hai0="27,74,110,89,120,119,105,112,92,60,108,34,82" hai1="116,106,9,115,75,56,133,100,4,132,42,16,84" hai2="2,88,80,114,103,96,48,3,22,17,65,130,64" hai3="69,57,44,19,11,10,102,6,15,125,113,72,35"/><V62/><F114/><W38/><G69/><T123/><D27/><U97/><E75/><V95/><F130/><W8/><G113/><T23/><D23/><U33/><E115/><V49/><F3/><W40/><G35/><T87/><D34/><U58/><E33/><V43/><F2/><W54/><G125/><T101/><D60/><U51/><E116/><V25/><F43/><W32/><G32/><T36/><D36/><U73/><E73/><V78/><F103/><W134/><G134/><N who="1" m="51818" /><E84/><N who="2" m="48151" /><F62/><W12/><G102/><T77/><D112/><U53/><E42/><V0/><F0/><W26/><G72/><T24/><D24/><U70/><E70/><V45/><F45/><W85/><G26/><T21/><D21/><U67/><E67/><AGARI ba="0,0" hai="17,22,25,48,49,64,65,67,88,95,96" m="48151" machi="67" ten="30,12000,1" yaku="8,1,52,3,54,1" doraHai="63" who="2" fromWho="1" sc="212,0,367,-120,386,120,35,0" /><INIT seed="6,1,0,4,0,131" ten="212,247,506,35" oya="2" hai0="106,63,45,62,91,83,17,59,50,65,66,102,110" hai1="51,79,133,20,60,34,4,30,104,117,55,5,13" hai2="73,121,80,15,128,71,115,41,108,125,64,68,2" hai3="77,32,25,82,10,130,129,29,53,85,90,18,52"/><V107/><RYUUKYOKU type="yao9" ba="1,0" sc="212,0,247,0,506,0,35,0" hai2="2,15,41,64,68,71,73,80,107,108,115,121,125,128" /><INIT seed="6,2,0,1,0,99" ten="212,247,506,35" oya="2" hai0="79,93,43,0,133,24,116,35,100,1,19,87,15" hai1="22,4,13,32,118,38,28,16,21,90,51,23,33" hai2="127,114,36,104,52,61,9,11,72,95,46,76,47" hai3="123,18,77,117,97,48,44,113,106,78,73,94,129"/><V135/><F104/><W102/><G123/><T98/><D133/><U88/><E38/><V29/><F127/><W54/><G117/><T57/><D116/><U8/><E118/><V30/><F114/><W115/><G129/><T45/><D57/><U50/><E28/><V125/><F125/><W96/><G73/><T26/><D35/><U20/><E33/><V12/><F135/><W2/><G2/><T63/><D63/><U10/><E32/><V59/><F36/><W53/><G53/><T65/><D65/><U132/><E132/><V14/><F95/><W5/><G5/><T68/><D68/><U92/><E90/><V31/><F76/><W75/><G75/><T131/><D131/><U56/><E56/><V126/><F72/><W105/><G18/><T39/><D0/><U128/><E128/><V64/><F126/><W17/><G17/><T107/><D1/><U121/><E121/><V122/><F122/><W25/><G25/><T40/><D40/><U66/><E66/><V69/><F69/><W27/><G27/><T109/><D109/><U119/><E119/><V71/><F71/><W74/><G74/><T130/><D130/><U7/><E7/><N who="2" m="3135" /><F64/><W34/><G34/><T84/><D79/><U91/><E91/><V3/><F3/><W124/><G124/><T49/><D39/><U58/><E58/><V85/><F85/><N who="0" m="32842" /><D107/><U55/><E4/><AGARI ba="2,0" hai="4,11,14,29,30,31,46,47,52,59,61" m="3135" machi="4" ten="30,2900,0" yaku="8,1,54,1" doraHai="99" who="2" fromWho="1" sc="212,0,247,-35,506,35,35,0" /><INIT seed="6,3,0,2,0,1" ten="212,212,541,35" oya="2" hai0="10,64,14,34,45,120,97,89,9,126,132,7,11" hai1="41,47,112,73,8,86,27,13,101,38,130,99,24" hai2="63,85,74,119,129,48,128,62,69,68,102,19,35" hai3="133,56,33,25,106,29,135,134,91,50,3,83,49"/><V18/><F74/><W81/><G106/><T52/><D120/><U108/><E73/><V65/><F119/><W82/><G3/><T46/><D34/><U70/><E70/><V79/><F48/><W66/><G66/><T30/><D132/><U15/><E108/><V78/><F85/><W121/><G121/><T58/><D126/><U105/><E112/><V32/><F102/><W22/><G56/><T111/><D30/><U118/><E118/><V72/><F72/><W103/><G103/><T16/><D64/><AGARI ba="3,0" hai="18,19,32,35,62,63,64,65,68,69,78,79,128,129" machi="64" ten="25,2400,0" yaku="22,2" doraHai="1" who="2" fromWho="0" sc="212,-33,212,0,541,33,35,0" /><INIT seed="6,4,0,2,0,9" ten="179,212,574,35" oya="2" hai0="113,106,122,27,5,37,47,130,71,77,76,50,55" hai1="36,90,72,88,98,32,28,62,41,57,15,121,51" hai2="34,124,66,19,56,1,20,35,29,123,65,104,78" hai3="108,84,68,30,132,6,24,89,40,91,4,13,54"/><V119/><F104/><W70/><G108/><T61/><D106/><U45/><E72/><V87/><F119/><W8/><G132/><T102/><D102/><U97/><E32/><V135/><F123/><W127/><G127/><T43/><D122/><U94/><E121/><V60/><F1/><W22/><G40/><T46/><D113/><U129/><E129/><V38/><F38/><W73/><G73/><T116/><D116/><U7/><E28/><V67/><F135/><W0/><G89/><T81/><D130/><U21/><E36/><V12/><F124/><W103/><G103/><T14/><D27/><U110/><E110/><V16/><F29/><W26/><G54/><T99/><D99/><N who="1" m="37899" /><E94/><V93/><F34/><W52/><G24/><T120/><D120/><U126/><E126/><V100/><F35/><W25/><G25/><T53/><D81/><U83/><E83/><N who="2" m="47607" /><F100/><W59/><G4/><T64/><REACH who="0" step="1"/><D55/><REACH who="0" ten="169,212,574,35" step="2"/><N who="1" m="34111" /><E7/><V42/><F66/><W101/><G101/><T75/><D75/><U114/><E114/><V85/><F67/><W112/><G112/><T95/><D95/><U18/><AGARI ba="4,1" hai="15,18,21,41,45,51,88,90" m="34111,37899" machi="18" ten="30,4000,0" yaku="8,1,52,1,54,1" doraHai="9" who="1" fromWho="1" sc="169,-14,212,62,574,-24,35,-14" /><INIT seed="7,0,0,0,3,132" ten="155,274,550,21" oya="3" hai0="0,27,125,117,89,83,131,49,8,65,101,118,104" hai1="38,81,86,6,58,74,29,99,133,134,39,128,112" hai2="116,20,100,10,40,69,43,30,129,115,34,13,51" hai3="45,52,56,47,124,73,25,92,103,28,84,18,91"/><W79/><G103/><T9/><D65/><U119/><E119/><V108/><F34/><W106/><G106/><T60/><D60/><U82/><E128/><V130/><F69/><W15/><G73/><T95/><D131/><U66/><E112/><V107/><F115/><W94/><G79/><T105/><D49/><U54/><E66/><V3/><F100/><W5/><G5/><T19/><D19/><U1/><E29/><V123/><F107/><W90/><G28/><T96/><D27/><U97/><E82/><V102/><F102/><W22/><G124/><T127/><D83/><U63/><E74/><V33/><F30/><W53/><G53/><T35/><D35/><U70/><E70/><V111/><F116/><N who="0" m="44650" /><D0/><U85/><E85/><V46/><F123/><W87/><REACH who="3" step="1"/><G25/><REACH who="3" ten="155,274,550,11" step="2"/><T26/><D26/><U50/><E54/><V16/><F129/><W80/><G80/><T68/><D105/><U7/><E81/><V57/><F130/><W120/><G120/><T17/><D104/><U37/><E7/><V42/><F111/><W2/><G2/><T62/><D101/><U88/><E6/><V121/><F108/><W41/><G41/><T11/><D127/><U76/><E1/><V44/><F121/><W114/><G114/><T93/><D125/><U59/><E76/><V14/><F3/><W72/><G72/><T4/><D4/><U135/><E134/><V110/><F110/><W48/><AGARI ba="0,1" hai="15,18,22,45,47,48,52,56,84,87,90,91,92,94" machi="48" ten="20,24000,3" yaku="1,1,0,1,7,1,9,1,25,2,8,1,54,1,53,1" doraHai="132" doraHaiUra="12" who="3" fromWho="3" sc="155,-80,274,-80,550,-80,11,250" /><INIT seed="7,1,0,3,0,84" ten="75,194,470,261" oya="3" hai0="38,46,95,109,58,111,72,67,134,11,48,33,85" hai1="22,13,103,14,102,10,123,96,17,86,8,42,128" hai2="99,106,130,5,127,119,12,74,122,39,32,15,108" hai3="87,59,50,51,100,0,66,40,64,81,91,6,55"/><W18/><G0/><T4/><D33/><U26/><E123/><V129/><F99/><W21/><G6/><T1/><D134/><U114/><E114/><V133/><F15/><W9/><G9/><T90/><D67/><U113/><E113/><V112/><F12/><N who="3" m="9415" /><G100/><T73/><D58/><U125/><E125/><V30/><F30/><W31/><G31/><T104/><D104/><U93/><E128/><V71/><F5/><W78/><G78/><T101/><D101/><U120/><E120/><V28/><F28/><W135/><G135/><T92/><D72/><U60/><E86/><V29/><F29/><W53/><G40/><T35/><D35/><U89/><E42/><V57/><F57/><AGARI ba="1,0" hai="50,51,53,55,57,59,64,66,81,87,91" m="9415" machi="57" ten="30,2900,0" yaku="8,1,52,1" doraHai="84" who="3" fromWho="2" sc="75,0,194,0,470,-32,261,32" /><INIT seed="7,2,0,4,5,105" ten="75,194,438,293" oya="3" hai0="123,120,100,35,58,56,15,93,134,97,28,49,107" hai1="4,66,61,19,132,89,63,82,126,46,18,111,39" hai2="33,129,32,26,115,75,12,22,42,72,103,0,47" hai3="31,17,108,57,128,90,78,55,74,20,36,106,102"/><W69/><G69/><T88/><D134/><U83/><E46/><V54/><F0/><W79/><G36/><T114/><D35/><U116/><E4/><V34/><F115/><W24/><G128/><T119/><D119/><U87/><E87/><V60/><F103/><W62/><G108/><T80/><D28/><U68/><E66/><V2/><F2/><W44/><G44/><T135/><D135/><U8/><E8/><V6/><F129/><W67/><G74/><T65/><D65/><U94/><E94/><V14/><F54/><W23/><G106/><T113/><D15/><U29/><E29/><V73/><F60/><W104/><G104/><T109/><D109/><U48/><E68/><V11/><F14/><W127/><G127/><T64/><D64/><U51/><E126/><V50/><REACH who="2" step="1"/><F33/><REACH who="2" ten="75,194,428,293" step="2"/><W38/><G102/><T7/><D7/><U77/><E111/><V122/><F122/><N who="0" m="46634" /><D49/><U27/><E27/><V125/><F125/><W71/><G38/><T10/><D10/><U133/><E39/><V110/><F110/><W130/><G130/><T131/><D131/><U43/><E116/><V9/><F9/><W3/><G3/><T101/><D101/><U59/><E59/><N who="0" m="22569" /><D107/><U53/><E51/><V112/><F112/><N who="0" m="43114" /><D100/><U41/><E48/><V52/><F52/><W118/><G118/><T117/><D117/><U98/><E132/><V99/><F99/><W85/><G71/><T76/><D76/><U70/><E77/><V124/><F124/><W95/><G67/><T45/><D45/><U25/><E133/><V21/><F21/><W92/><G78/><RYUUKYOKU ba="2,1" sc="75,15,194,-15,428,15,293,-15" hai0="80,88,93,97" hai2="6,11,12,22,26,32,34,42,47,50,72,73,75" owari="90,-41.0,179,-22.0,453,55.0,278,8.0" /></mjloggm>