<mjloggm ver="2.3"><GO type="41" lobby="0"/><UN n0="%E3%82%AD%E3%83%A7%E3%82%A6%E3%82%BF" n1="%E3%82%B5%E3%83%BC%E3%83%9E%E3%83%AB" n2="%E5%B0%B1%E6%B4%BB%E7%94%9F%40%E5%B7%9D%E6%9D%91%E8%BB%8D%E5%9B%A3" n3="%6E%61%6B%61%79%61%6E%38" dan="14,14,15,13" rate="2033.69,1942.10,2019.82,1892.47" sx="M,M,M,M"/><TAIKYOKU oya="0"/><INIT seed="0,0,0,5,5,29" ten="250,250,250,250" oya="0" hai0="30,27,103,82,59,116,34,31,55,90,115,77,47" hai1="43,40,20,13,44,118,0,71,113,79,51,98,42" hai2="63,38,122,87,9,97,33,135,64,120,37,8,25" hai3="104,96,125,111,133,39,36,84,114,110,15,75,54"/><T126/><D116/><U74/><E118/><V41/><F135/><W46/><G75/><T19/><D115/><U127/><E0/><V12/><F8/><W4/><G114/><T32/><D126/><U95/><E113/><V112/><F112/><W108/><G125/><T119/><D119/><U16/><E71/><V117/><F117/><W73/><G73/><T2/><D2/><U45/><E127/><V121/><F97/><W70/><G70/><T22/><D103/><U109/><E109/><V5/><F41/><W18/><G4/><T57/><D31/><U17/><E17/><V3/><F87/><W124/><G84/><T76/><D34/><U21/><E45/><V23/><F12/><W131/><G124/><T50/><D90/><U14/><E14/><V92/><F92/><W106/><G133/><T67/><D67/><U11/><E79/><V62/><F62/><W69/><G69/><T130/><D130/><U78/><E78/><V81/><F81/><W123/><G131/><T49/><D82/><U6/><E74/><V128/><F128/><W68/><G68/><T91/><D91/><U26/><E21/><V72/><F72/><W65/><G65/><T93/><D93/><U83/><E83/><V61/><F61/><W56/><G106/><T58/><REACH who="0" step="1"/><D50/><REACH who="0" ten="240,250,250,250" step="2"/><U89/><AGARI ba="0,1" hai="6,11,13,16,20,26,40,42,43,44,51,89,95,98" machi="89" ten="20,5200,0" yaku="0,1,7,1,8,1,54,1" doraHai="29" who="1" fromWho="1" sc="240,-26,250,62,250,-13,250,-13" /><INIT seed="1,0,0,5,3,57" ten="214,312,237,237" oya="1" hai0="89,74,126,105,98,50,125,90,131,133,9,36,106" hai1="8,123,120,86,1,33,82,127,112,31,113,35,109" hai2="30,0,110,118,58,44,71,32,41,52,39,42,38" hai3="21,95,94,84,122,10,53,5,96,12,97,77,87"/><U63/><E1/><V75/><F0/><W129/><G122/><T37/><D133/><U59/><E127/><N who="0" m="48649" /><D74/><U40/><E40/><V78/><F118/><W102/><G129/><T101/><D131/><U114/><E8/><V11/><F110/><W119/><G119/><T16/><D106/><U68/><E68/><V128/><F128/><W14/><G77/><T134/><D134/><U7/><E7/><V20/><F71/><W48/><G21/><T67/><D67/><U29/><E109/><V65/><F65/><W62/><G14/><N who="0" m="7247" /><D50/><U25/><E120/><V76/><F32/><W79/><G79/><T92/><D90/><U6/><E6/><V43/><F75/><W45/><REACH who="3" step="1"/><G62/><REACH who="3" ten="214,312,237,227" step="2"/><T99/><AGARI ba="0,1" hai="36,37,89,92,98,99,101,105" m="7247,48649" machi="99" ten="30,2000,0" yaku="18,1,54,1" doraHai="57" who="0" fromWho="0" sc="214,30,312,-10,237,-5,227,-5" /><INIT seed="2,0,0,3,4,0" ten="244,302,232,222" oya="2" hai0="1,84,60,56,96,88,94,122,99,27,113,124,128" hai1="123,58,33,108,86,118,3,64,70,48,111,5,46" hai2="87,126,50,35,37,19,45,134,121,90,25,75,57" hai3="109,14,55,66,119,26,116,105,42,43,23,98,8"/><V20/><F75/><W4/><G109/><N who="1" m="42058" /><E33/><V18/><F121/><W135/><G135/><T110/><D110/><U16/><E123/><V71/><F71/><W49/><G66/><T12/><D1/><U125/><E70/><V52/><F126/><W101/><G119/><T72/><D122/><U69/><E69/><V78/><F134/><W63/><G63/><T51/><D72/><U97/><E125/><V32/><F78/><W77/><G77/><T24/><D124/><U41/><E97/><N who="0" m="37449" /><D128/><U131/><E131/><V28/><F19/><W10/><G10/><T95/><D113/><U120/><E120/><V54/><F28/><W102/><G101/><T29/><D51/><U132/><E86/><V31/><F31/><W80/><G80/><N who="0" m="49159" /><D12/><U133/><E118/><V53/><F37/><W100/><G102/><T21/><D27/><U13/><E64/><AGARI ba="0,0" hai="21,24,29,56,60,64,94,95" m="49159,37449" machi="64" ten="30,2000,0" yaku="8,1,54,1" doraHai="0" who="0" fromWho="1" sc="244,20,302,-20,232,0,222,0" /><INIT seed="3,0,0,0,3,15" ten="264,282,232,222" oya="3" hai0="118,57,17,120,86,98,2,116,55,36,122,30,48" hai1="54,97,23,33,129,59,68,108,101,38,131,124,28" hai2="75,22,123,119,135,19,67,90,96,126,66,79,53" hai3="84,87,16,47,72,4,7,18,20,95,130,107,128"/><W76/><G107/><T114/><D36/><U73/><E33/><V14/><F123/><W3/><G72/><T81/><D2/><U112/><E112/><V29/><F119/><W83/><G20/><T64/><D114/><U31/><E68/><V58/><F126/><W61/><G3/><T13/><D116/><U50/><E124/><V1/><F1/><W93/><G61/><T106/><D118/><U133/><E73/><V104/><F135/><W62/><G62/><T74/><D74/><U24/><E38/><V78/><F29/><W21/><G21/><T39/><D39/><U45/><E133/><V27/><F27/><W102/><G47/><T88/><D30/><U109/><E45/><V92/><F104/><W85/><G83/><T26/><D26/><U51/><E51/><V77/><REACH who="2" step="1"/><F75/><REACH who="2" ten="264,282,222,222" step="2"/><W46/><G76/><T56/><D120/><U60/><E31/><V110/><F110/><W8/><G46/><T89/><D122/><U115/><E115/><V117/><F117/><W5/><G102/><T134/><D134/><U113/><E113/><V82/><F82/><W127/><G127/><T103/><D89/><U35/><E109/><V40/><F40/><W99/><G8/><T132/><D132/><U6/><E108/><V12/><F12/><W70/><G70/><T100/><D100/><U69/><E35/><V105/><F105/><W10/><G10/><T43/><D43/><U11/><E101/><V121/><F121/><W32/><G32/><T80/><D80/><U44/><E28/><V71/><F71/><W65/><G130/><T9/><D57/><RYUUKYOKU ba="0,1" sc="264,15,282,-15,222,15,222,-15" hai0="9,13,17,48,55,56,64,81,86,88,98,103,106" hai2="14,19,22,53,58,66,67,77,78,79,90,92,96" /><INIT seed="4,1,1,4,5,32" ten="279,267,237,207" oya="0" hai0="90,115,128,27,79,8,92,66,40,63,23,120,20" hai1="99,119,6,55,82,84,126,94,2,80,34,109,21" hai2="58,131,60,29,50,18,28,104,42,38,14,127,56" hai3="74,124,78,100,64,53,87,101,76,130,105,26,83"/><T11/><D120/><U113/><E119/><V22/><F104/><W33/><G64/><T73/><D128/><U135/><E109/><V107/><F107/><W49/><G33/><T57/><D115/><U70/><E34/><V95/><F131/><W121/><G130/><T102/><D102/><U25/><E113/><V88/><F127/><W15/><G121/><T13/><D40/><U71/><E126/><V69/><F69/><W114/><G26/><T12/><D73/><U37/><E37/><V16/><F38/><W43/><G114/><T123/><D79/><U52/><E135/><V45/><F18/><W0/><G43/><T19/><D123/><U24/><E82/><V116/><F116/><W118/><G124/><T91/><D91/><U10/><E25/><V41/><F41/><W17/><G118/><T97/><REACH who="0" step="1"/><D27/><REACH who="0" ten="269,267,237,207" step="2"/><U35/><E99/><N who="2" m="57831" /><F58/><W4/><G74/><T30/><D30/><U5/><E71/><V44/><F45/><W77/><G101/><T132/><D132/><U122/><E70/><V51/><F51/><W3/><G100/><T125/><D125/><U81/><E122/><V98/><F98/><W68/><G68/><T93/><D93/><U129/><E94/><V31/><F31/><W117/><G105/><T54/><D54/><AGARI ba="1,2" hai="14,16,22,28,29,42,44,50,54,56,60" m="57831" machi="54" ten="30,3900,0" yaku="8,1,54,2" doraHai="32" who="2" fromWho="0" sc="269,-42,267,0,237,62,207,0" /><INIT seed="5,0,0,3,5,126" ten="227,267,299,207" oya="1" hai0="16,85,10,25,70,134,29,91,32,13,2,121,98" hai1="95,127,58,21,122,112,131,19,135,59,41,61,118" hai2="9,46,30,62,8,101,84,23,86,89,88,81,90" hai3="73,115,54,92,102,11,96,117,99,116,65,26,40"/><U108/><E118/><V130/><F130/><W103/><G65/><T128/><D70/><U106/><E127/><V60/><F101/><W97/><G40/><T69/><D69/><U18/><E122/><V1/><F46/><W105/><G11/><N who="2" m="4169" /><F1/><W132/><G54/><T80/><D121/><U38/><E106/><V133/><F133/><W111/><G26/><T83/><D134/><U14/><E131/><V7/><F7/><W53/><G53/><T22/><D128/><U39/><E135/><V76/><F86/><W36/><G132/><T75/><D98/><N who="3" m="37993" /><G36/><T44/><D44/><U5/><E108/><V42/><F42/><W45/><G45/><T3/><REACH who="0" step="1"/><D32/><REACH who="0" ten="217,267,299,207" step="2"/><U63/><E39/><V4/><F4/><W79/><G111/><T129/><D129/><U47/><E5/><V125/><F125/><W17/><G105/><T56/><D56/><U67/><E59/><V15/><F30/><W27/><G117/><T124/><D124/><U20/><E63/><V82/><F82/><W93/><G116/><T104/><D104/><U55/><E47/><V33/><F33/><W24/><G103/><T57/><D57/><U114/><E38/><V64/><F64/><W109/><G109/><T28/><D28/><U31/><E67/><V107/><F107/><W35/><G102/><T74/><D74/><U113/><E31/><V49/><F49/><W78/><G73/><T0/><D0/><U123/><E123/><V66/><F66/><W34/><G35/><T94/><D94/><U48/><E95/><V6/><F6/><W100/><G92/><T51/><D51/><RYUUKYOKU ba="0,1" sc="217,15,267,-15,299,15,207,-15" hai0="2,3,10,13,16,22,25,29,75,80,83,85,91" hai2="15,23,60,62,76,81,84,88,89,90" /><INIT seed="6,1,1,5,3,129" ten="232,252,314,192" oya="2" hai0="100,127,12,25,117,57,45,5,131,124,93,40,27" hai1="14,56,81,91,26,119,10,97,46,8,21,79,13" hai2="6,112,120,4,118,76,60,96,71,2,114,86,99" hai3="29,111,72,47,95,133,128,106,107,94,77,70,18"/><V33/><F33/><W23/><G70/><T35/><D131/><U104/><E119/><V109/><F118/><W66/><G128/><T51/><D117/><U31/><E46/><V34/><F120/><W36/><G111/><T22/><D57/><U11/><E56/><V41/><F34/><W32/><G29/><T126/><D35/><U24/><E26/><V130/><F41/><W39/><G32/><T102/><D93/><U110/><E110/><V125/><F130/><W1/><G1/><T65/><D65/><U19/><E104/><V59/><F71/><W54/><G66/><T134/><D134/><U30/><E97/><V108/><F76/><W53/><G72/><T92/><D92/><U90/><E14/><V7/><F86/><W103/><G77/><T17/><D25/><U68/><E68/><V123/><F2/><W73/><G73/><T48/><D48/><U42/><E42/><V98/><F123/><W62/><G62/><T16/><D5/><U84/><REACH who="1" step="1"/><E31/><REACH who="1" ten="232,242,314,192" step="2"/><V64/><F125/><W0/><G0/><T69/><REACH who="0" step="1"/><D69/><REACH who="0" ten="222,242,314,192" step="2"/><U78/><E78/><V132/><F132/><W101/><G133/><T75/><D75/><U116/><E116/><V113/><AGARI ba="1,3" hai="4,6,7,59,60,64,96,98,99,108,109,112,113,114" machi="113" ten="40,12000,1" yaku="0,1,29,2,15,1" doraHai="129" who="2" fromWho="2" sc="222,-41,242,-41,314,153,192,-41" /><INIT seed="6,2,0,1,4,129" ten="181,201,467,151" oya="2" hai0="69,42,121,93,82,28,92,72,120,99,20,100,130" hai1="111,2,128,134,66,90,52,118,46,34,105,117,107" hai2="112,65,60,123,22,80,0,27,5,14,87,125,57" hai3="101,50,108,63,58,89,83,64,95,124,18,6,77"/><V43/><F0/><W1/><G108/><T132/><D69/><U113/><E128/><V25/><F123/><W16/><G124/><T38/><D130/><U59/><E111/><V12/><F112/><W9/><G101/><T47/><D93/><U85/><E34/><V106/><F106/><W53/><G89/><T67/><D67/><U15/><E2/><V7/><F125/><W49/><G95/><T74/><D74/><U86/><E113/><V4/><F43/><W8/><G8/><T21/><D21/><U29/><E29/><V17/><REACH who="2" step="1"/><F12/><REACH who="2" ten="181,201,457,151" step="2"/><W114/><G114/><T102/><D42/><U122/><E122/><V39/><F39/><W103/><G103/><T127/><D38/><U37/><E37/><V109/><F109/><W32/><G32/><T97/><D127/><U119/><E15/><V54/><F54/><W75/><REACH who="3" step="1"/><G49/><REACH who="3" ten="181,201,457,141" step="2"/><T19/><D100/><U56/><E117/><V10/><F10/><W78/><G78/><AGARI ba="2,2" hai="4,5,7,14,17,22,25,27,57,60,65,78,80,87" machi="78" ten="40,3900,0" yaku="1,1,8,1,53,0" doraHai="129" doraHaiUra="70" who="2" fromWho="3" sc="181,0,201,0,457,65,141,-45" /><INIT seed="6,3,0,3,0,50" ten="181,201,522,96" oya="2" hai0="73,124,28,2,119,9,26,82,4,7,135,52,75" hai1="132,41,81,91,15,44,127,80,112,126,99,70,20" hai2="58,97,5,106,29,55,54,60,45,64,37,114,18" hai3="110,24,10,43,53,109,69,86,11,6,48,76,95"/><V96/><F114/><W56/><G69/><T33/><D119/><U84/><E132/><V23/><F37/><W111/><G43/><T85/><D135/><U113/><E70/><V1/><F1/><W30/><G6/><T117/><D117/><U74/><E74/><V3/><F3/><W131/><G131/><T102/><D7/><U93/><E20/><V17/><F5/><W71/><G71/><T128/><D128/><U72/><E15/><V35/><F35/><W38/><G38/><T16/><D102/><U49/><E72/><V77/><F77/><W19/><G19/><N who="2" m="7177" /><F106/><W101/><G76/><T92/><D92/><U94/><E94/><V133/><F133/><W108/><N who="3" m="28160" /><DORA hai="57" /><W36/><G36/><T8/><D124/><N who="1" m="47659" /><E80/><V87/><F87/><W83/><G83/><T0/><D0/><U22/><E22/><V116/><F116/><W125/><G125/><T42/><D42/><U115/><E81/><V14/><F14/><W31/><G31/><T21/><D8/><U129/><E129/><V62/><F45/><W39/><G39/><T121/><D121/><U51/><E99/><N who="2" m="37963" /><F62/><W134/><G134/><T122/><D122/><U25/><E25/><AGARI ba="3,0" hai="23,25,29,54,55,58,60,64" m="37963,7177" machi="25" ten="30,11600,0" yaku="8,1,52,3" doraHai="50,57" who="2" fromWho="1" sc="181,0,201,-125,522,125,96,0" /><INIT seed="6,4,0,4,2,102" ten="181,76,647,96" oya="2" hai0="56,22,79,24,109,84,61,67,73,65,108,111,119" hai1="107,133,105,16,114,123,129,25,92,9,43,52,124" hai2="14,3,20,77,13,12,81,78,113,83,82,18,91" hai3="98,103,62,30,99,44,80,128,104,58,120,71,110"/><V135/><F3/><W85/><G120/><T100/><D73/><U33/><E124/><V1/><F1/><W74/><G110/><T47/><D119/><U115/><E43/><V101/><F113/><N who="1" m="43017" /><E123/><V6/><F135/><W121/><G71/><T38/><D100/><U53/><E133/><V60/><F6/><W2/><G2/><T134/><D134/><U96/><E129/><V59/><F101/><W23/><G128/><T70/><D79/><U86/><E33/><V15/><REACH who="2" step="1"/><F91/><REACH who="2" ten="181,76,637,96" step="2"/><W54/><G121/><T93/><D109/><U75/><E75/><V42/><F42/><W57/><G103/><T66/><D111/><U39/><E39/><V90/><F90/><W125/><G99/><T97/><D97/><U126/><E126/><V63/><F63/><W64/><G62/><T50/><D61/><U35/><E96/><V0/><F0/><W131/><G98/><T28/><D38/><U37/><E37/><V11/><F11/><W117/><G125/><T127/><D127/><U130/><E130/><V41/><F41/><W122/><G131/><T45/><D108/><U89/><E9/><V17/><F17/><W116/><G122/><T40/><D40/><U94/><E16/><V118/><F118/><W88/><G117/><T26/><D70/><U49/><E89/><V68/><F68/><W31/><G88/><N who="0" m="53383" /><D26/><U72/><E72/><V29/><F29/><W21/><G74/><T87/><D87/><U4/><E25/><V27/><F27/><W46/><G85/><T5/><D5/><U69/><E4/><V34/><F34/><W76/><G116/><RYUUKYOKU ba="4,1" sc="181,15,76,-15,637,15,96,-15" hai0="22,24,28,45,47,50,56,65,66,67" hai2="12,13,14,15,18,20,59,60,77,78,81,82,83" /><INIT seed="6,5,1,1,3,130" ten="196,61,652,81" oya="2" hai0="103,102,47,116,49,24,28,18,22,91,26,8,51" hai1="127,42,36,83,57,59,68,72,25,40,107,118,134" hai2="54,111,31,10,35,66,73,129,6,58,13,74,100" hai3="78,64,108,7,67,20,121,88,123,132,94,135,12"/><V120/><F120/><N who="3" m="46155" /><G108/><T98/><D116/><U97/><E107/><V69/><F129/><W70/><G78/><T52/><D8/><U61/><E25/><V113/><F111/><W15/><G70/><T99/><D51/><U80/><E118/><V33/><F113/><W45/><G45/><T19/><D19/><U34/><E34/><V48/><F100/><N who="0" m="38442" /><D91/><U110/><E97/><N who="0" m="36873" /><D26/><U2/><E2/><V46/><F69/><W95/><G7/><T43/><D18/><U41/><E36/><V65/><F35/><W131/><G131/><T90/><D90/><U92/><E110/><V115/><F115/><W53/><G20/><T50/><D50/><U109/><E92/><N who="3" m="35370" /><G53/><AGARI ba="5,1" hai="22,24,28,43,47,49,52,53" m="36873,38442" machi="53" ten="30,2000,0" yaku="8,1,54,1" doraHai="130" who="0" fromWho="3" sc="196,45,61,0,652,0,81,-35" /><INIT seed="7,0,0,4,5,40" ten="241,61,652,46" oya="3" hai0="90,119,76,64,6,42,83,35,71,50,106,31,52" hai1="44,133,3,130,114,70,123,98,15,66,30,25,46" hai2="34,63,111,13,22,124,73,4,105,61,94,48,102" hai3="27,85,54,135,127,122,118,11,97,12,116,107,79"/><W47/><G122/><T75/><D106/><U117/><E123/><V10/><F34/><W68/><G68/><T59/><D119/><U72/><E117/><V62/><F105/><W128/><G135/><T100/><D100/><U60/><E133/><V1/><F73/><W88/><G79/><T77/><D76/><U19/><E3/><V86/><F111/><W43/><G128/><T81/><D6/><U131/><E72/><V20/><F124/><W2/><G127/><T109/><D109/><U113/><E98/><N who="2" m="59735" /><F1/><W16/><G54/><T89/><D83/><U36/><E36/><V115/><F115/><N who="1" m="44041" /><E130/><V112/><F112/><W134/><G2/><T39/><D31/><U87/><E87/><V17/><F86/><W108/><G134/><T38/><D35/><N who="1" m="20943" /><E131/><V96/><F96/><W56/><G108/><T103/><D103/><U93/><E93/><V129/><F129/><W5/><G107/><T121/><D121/><U14/><E14/><N who="2" m="5447" /><F48/><W57/><G97/><T32/><D32/><U120/><E120/><V23/><AGARI ba="0,0" hai="13,17,20,22,23,61,62,63" m="5447,59735" machi="23" ten="30,1100,0" yaku="8,1" doraHai="40" who="2" fromWho="2" sc="241,-3,61,-3,652,11,46,-5" owari="238,4.0,58,-34.0,663,76.0,41,-46.0" /></mjloggm>