<mjloggm ver="2.3"><GO type="41" lobby="0"/><UN n0="%E3%82%88%E3%81%93%E3%81%9A%E3%81%8D" n1="%72%65%3A%E3%81%BF%E3%81%AA%E3%81%84%E3%81%A0%E3%82%93" n2="%6D%65%6E%74%61%6E" n3="%E5%B0%B1%E6%B4%BB%E7%94%9F%40%E5%B7%9D%E6%9D%91%E8%BB%8D%E5%9B%A3" dan="13,16,15,14" rate="1913.45,1996.67,1971.55,1966.32" sx="M,M,M,M"/><TAIKYOKU oya="0"/><INIT seed="0,0,0,5,4,15" ten="250,250,250,250" oya="0" hai0="133,9,101,22,77,128,52,95,21,83,81,113,86" hai1="93,115,88,71,48,25,18,70,67,56,13,59,97" hai2="94,61,31,85,135,7,109,38,119,55,27,127,80" hai3="69,130,75,5,4,16,124,126,43,54,118,29,104"/><T91/><D113/><U120/><E120/><V35/><F38/><W107/><G75/><T122/><D122/><U8/><E115/><V121/><F121/><W0/><G69/><T114/><D114/><U90/><E90/><V129/><F135/><W79/><G118/><T100/><D133/><U99/><E99/><V65/><F127/><N who="3" m="48683" /><G0/><T33/><D33/><U58/><E67/><V64/><F129/><W24/><G43/><T78/><D128/><U34/><REACH who="1" step="1"/><E48/><REACH who="1" ten="250,240,250,250" step="2"/><V72/><F65/><W37/><G37/><T116/><D116/><U47/><E47/><V111/><F64/><W17/><G79/><N who="0" m="30219" /><D9/><U20/><E20/><N who="0" m="7785" /><D52/><U45/><E45/><V11/><F55/><W117/><G54/><T40/><D40/><U66/><E66/><V98/><F119/><W10/><G117/><T123/><D123/><U82/><E82/><AGARI ba="0,1" hai="81,82,83,86,91,95,100,101" m="7785,30219" machi="82" ten="30,1500,0" yaku="8,1" doraHai="15" who="0" fromWho="1" sc="250,25,240,-15,250,0,250,0" /><INIT seed="0,1,0,5,2,132" ten="275,225,250,250" oya="0" hai0="46,77,71,52,35,62,55,0,4,45,98,57,27" hai1="49,96,28,33,14,121,108,119,89,120,47,128,118" hai2="110,126,74,113,54,50,81,40,10,44,130,84,106" hai3="86,11,38,101,91,42,51,103,95,6,129,102,60"/><T115/><D115/><U76/><E33/><V19/><F113/><W34/><G34/><T82/><D71/><U41/><E28/><V22/><F106/><W72/><G72/><T59/><D0/><U69/><E14/><V85/><F130/><W30/><G30/><T1/><D1/><U73/><E128/><V135/><F135/><W68/><G38/><T29/><D4/><U100/><E89/><V80/><F110/><W13/><G129/><T16/><D98/><U20/><E20/><V94/><F94/><W36/><G36/><T25/><D27/><U88/><E108/><V26/><F74/><W123/><G123/><T31/><D16/><U23/><E23/><V112/><F10/><W58/><G68/><T133/><D31/><U87/><E69/><V2/><F2/><W24/><G24/><T64/><D64/><U75/><E120/><V93/><F93/><W134/><G134/><T39/><D39/><U56/><E56/><V127/><F112/><W79/><G79/><T104/><D104/><U114/><E121/><V67/><F67/><N who="3" m="39319" /><G51/><T12/><D12/><U9/><E114/><V83/><REACH who="2" step="1"/><F40/><AGARI ba="1,0" hai="6,11,13,40,42,86,91,95,101,102,103" m="39319" machi="40" ten="30,1000,0" yaku="8,1" doraHai="132" who="3" fromWho="2" sc="275,0,225,0,250,-13,250,13" /><INIT seed="1,0,0,0,5,82" ten="275,225,237,263" oya="1" hai0="84,98,134,53,56,126,55,60,14,21,15,116,108" hai1="89,124,30,34,95,129,121,59,85,74,107,93,41" hai2="133,39,86,57,105,33,91,72,79,92,114,63,67" hai3="65,125,52,117,27,77,76,64,0,16,9,71,127"/><U50/><E121/><V103/><F39/><W68/><G117/><T99/><D116/><U69/><E107/><V102/><F133/><W45/><G0/><T90/><D108/><U78/><E69/><N who="3" m="26698" /><G76/><T3/><D3/><U96/><E129/><V75/><F33/><W49/><G77/><T37/><D37/><U80/><E124/><N who="3" m="47690" /><G27/><T131/><D126/><U122/><E122/><V83/><F114/><W70/><N who="3" m="26706" /><W128/><DORA hai="132" /><G128/><T17/><D131/><U48/><E41/><V40/><F72/><W97/><G97/><N who="0" m="36875" /><D134/><U38/><E38/><V66/><F105/><W109/><G109/><T47/><D47/><U7/><E7/><V135/><F135/><W2/><G2/><T112/><D112/><U6/><E6/><V54/><REACH who="2" step="1"/><F40/><REACH who="2" ten="275,225,227,263" step="2"/><W113/><G113/><T22/><D22/><U58/><E34/><V19/><F19/><W23/><G9/><T119/><D119/><U118/><E118/><V20/><F20/><W26/><AGARI ba="0,1" hai="16,23,26,45,49,52,64,65" m="47690,26706" machi="26" ten="50,12000,2" yaku="18,1,52,3,54,2" doraHai="82,132" who="3" fromWho="3" sc="275,-30,225,-60,227,-30,263,130" /><INIT seed="2,0,0,1,3,70" ten="245,165,197,393" oya="2" hai0="78,28,3,17,71,16,53,104,13,25,116,50,60" hai1="41,51,35,38,127,27,1,37,113,68,129,72,12" hai2="24,130,103,134,58,0,115,66,95,93,133,47,33" hai3="43,84,74,98,126,61,65,82,59,6,112,90,102"/><V63/><F115/><W54/><G112/><T48/><D116/><U42/><E12/><V128/><F0/><W30/><G126/><T73/><D3/><U101/><BYE who="3" /><E113/><V121/><F47/><W109/><G109/><T21/><D104/><UN n3="%E5%B0%B1%E6%B4%BB%E7%94%9F%40%E5%B7%9D%E6%9D%91%E8%BB%8D%E5%9B%A3" /><U64/><E1/><V7/><F7/><W29/><G74/><T132/><D132/><N who="2" m="50794" /><F121/><W99/><G99/><T11/><D73/><U55/><E72/><V110/><F110/><W36/><G6/><T8/><D78/><U10/><E10/><V92/><F103/><W77/><G77/><T67/><D50/><U9/><E9/><V107/><F107/><W100/><G100/><T117/><D117/><U26/><E101/><V56/><F56/><W111/><G111/><T18/><REACH who="0" step="1"/><D8/><REACH who="0" ten="235,165,197,393" step="2"/><U80/><E127/><V46/><F46/><AGARI ba="0,1" hai="11,13,16,17,18,21,25,28,46,48,53,60,67,71" machi="46" ten="30,7700,0" yaku="1,1,2,1,7,1,54,1,53,0" doraHai="70" doraHaiUra="131" who="0" fromWho="2" sc="235,87,165,0,197,-77,393,0" /><INIT seed="3,0,0,5,4,72" ten="322,165,120,393" oya="3" hai0="122,124,101,43,42,61,60,67,8,100,126,5,12" hai1="127,65,9,24,118,117,121,74,111,4,82,46,30" hai2="98,115,95,119,128,131,129,104,113,20,17,110,112" hai3="41,97,53,93,51,102,28,63,54,106,7,45,123"/><W135/><G123/><T81/><D122/><U47/><E65/><V94/><F119/><W109/><G135/><T73/><D73/><U78/><E121/><V58/><F58/><W89/><G109/><T15/><D81/><U80/><E111/><V105/><F20/><W75/><G75/><T22/><D22/><U77/><E127/><N who="0" m="48681" /><D15/><U33/><E117/><V35/><F17/><W38/><G7/><T56/><D61/><U96/><E96/><V10/><F10/><W85/><G28/><T86/><D86/><U14/><REACH who="1" step="1"/><E118/><REACH who="1" ten="322,155,120,393" step="2"/><V88/><F110/><W134/><G134/><T16/><D5/><U48/><E48/><V59/><F35/><W3/><G3/><T71/><D71/><U69/><E69/><V13/><F59/><W23/><G63/><T37/><D37/><U79/><E79/><V116/><F116/><W19/><G51/><T87/><D87/><AGARI ba="0,1" hai="4,9,14,24,30,33,46,47,74,77,78,80,82,87" machi="87" ten="30,8000,1" yaku="1,1,7,1,52,2,53,1" doraHai="72" doraHaiUra="25" who="1" fromWho="0" sc="322,-80,155,90,120,0,393,0" /><INIT seed="4,0,0,3,0,96" ten="242,245,120,393" oya="0" hai0="16,79,97,39,88,72,132,59,30,100,101,0,80" hai1="94,51,18,124,61,71,105,36,108,43,47,25,19" hai2="106,74,68,77,119,129,33,112,99,8,131,37,2" hai3="63,104,120,10,40,9,60,69,122,27,103,121,13"/><T95/><D39/><U31/><E108/><V84/><RYUUKYOKU type="yao9" ba="0,0" sc="242,0,245,0,120,0,393,0" hai2="2,8,33,37,68,74,77,84,99,106,112,119,129,131" /><INIT seed="4,1,0,4,3,8" ten="242,245,120,393" oya="0" hai0="4,33,114,74,58,14,97,107,16,49,88,94,92" hai1="26,123,100,53,7,28,22,71,10,116,59,78,39" hai2="98,128,121,108,37,44,80,0,2,45,30,34,38" hai3="57,115,112,51,106,117,13,95,11,50,82,105,102"/><T70/><D70/><U27/><E116/><V84/><F108/><W68/><G68/><T135/><D114/><N who="3" m="43561" /><G117/><T20/><D74/><U104/><E123/><V54/><F121/><W124/><G124/><T110/><D110/><U42/><E71/><V83/><F128/><W129/><G129/><T46/><D135/><U67/><E67/><V48/><F98/><N who="3" m="59743" /><G82/><T111/><D111/><U65/><E65/><V79/><F83/><W21/><G21/><T36/><D33/><U3/><E78/><V87/><F87/><W101/><G57/><T93/><D107/><N who="3" m="40969" /><G101/><T125/><D125/><U1/><E1/><V103/><F103/><W18/><AGARI ba="1,0" hai="11,13,18,50,51" m="40969,59743,43561" machi="18" ten="30,2000,0" yaku="15,1,52,1" doraHai="8" who="3" fromWho="3" sc="242,-11,245,-6,120,-6,393,23" /><INIT seed="5,0,0,4,0,50" ten="231,239,114,416" oya="1" hai0="122,74,46,94,32,89,115,80,52,81,131,35,66" hai1="120,30,134,106,24,69,63,39,113,33,130,3,22" hai2="85,99,84,0,91,95,21,37,62,72,47,2,20" hai3="65,71,26,14,96,41,124,58,116,129,13,126,45"/><U125/><RYUUKYOKU type="yao9" ba="0,0" sc="231,0,239,0,114,0,416,0" hai1="3,22,24,30,33,39,63,69,106,113,120,125,130,134" /><INIT seed="5,1,0,2,5,37" ten="231,239,114,416" oya="1" hai0="24,126,89,86,124,80,94,15,9,16,134,55,99" hai1="87,101,113,108,47,92,135,82,68,21,44,103,62" hai2="83,84,61,116,34,11,35,88,90,49,2,10,117" hai3="132,125,29,123,13,30,93,48,72,27,121,56,96"/><U50/><E113/><V75/><F75/><W23/><G72/><T45/><D134/><U95/><E135/><V63/><F49/><W43/><G132/><T52/><D24/><U67/><E108/><V119/><F90/><W57/><G125/><N who="0" m="48235" /><D45/><U12/><E101/><AGARI ba="1,0" hai="9,15,16,52,55,80,86,89,94,99,101" m="48235" machi="101" ten="30,3900,0" yaku="18,1,54,2" doraHai="37" who="0" fromWho="1" sc="231,42,239,-42,114,0,416,0" /><INIT seed="6,0,0,2,5,105" ten="273,197,114,416" oya="2" hai0="33,111,5,44,4,9,3,21,63,0,6,59,102" hai1="104,86,100,126,12,61,1,65,49,101,67,98,19" hai2="47,116,11,16,114,73,24,97,56,30,31,85,29" hai3="82,42,25,89,124,99,129,62,133,110,23,123,51"/><V134/><F116/><W64/><G110/><T69/><D69/><U58/><E1/><V34/><F114/><W131/><G123/><T92/><D111/><U38/><E38/><V84/><F134/><W127/><G133/><T94/><D33/><U107/><E126/><N who="3" m="48170" /><G51/><T103/><D44/><U52/><E86/><N who="2" m="33387" /><F73/><W115/><G42/><T108/><D108/><U53/><E104/><V76/><F76/><W74/><G115/><T40/><D40/><U54/><E100/><V66/><F34/><W68/><G99/><T48/><D48/><U119/><E119/><V20/><F47/><W113/><G113/><T112/><D112/><U50/><REACH who="1" step="1"/><E67/><REACH who="1" ten="273,187,114,416" step="2"/><V93/><F66/><N who="3" m="41047" /><G131/><T106/><D106/><U71/><E71/><V55/><F11/><AGARI ba="0,1" hai="11,12,19,49,50,52,53,54,58,61,65,98,101,107" machi="11" ten="40,5200,0" yaku="1,1,54,1,53,1" doraHai="105" doraHaiUra="8" who="1" fromWho="2" sc="273,0,187,62,114,-52,416,0" /><INIT seed="7,0,0,5,4,119" ten="273,249,62,416" oya="3" hai0="4,96,115,133,30,126,70,57,130,58,26,28,81" hai1="8,84,101,103,56,62,24,53,60,71,10,68,120" hai2="69,125,107,52,100,104,90,72,118,87,5,131,20" hai3="23,127,31,109,64,106,19,94,76,47,95,14,32"/><W67/><G106/><T54/><D115/><U59/><E24/><V132/><F118/><W117/><G117/><T91/><D70/><U29/><E29/><V74/><F69/><W39/><G127/><T13/><D126/><U21/><E21/><V9/><F125/><W73/><G109/><T61/><D130/><U15/><E84/><V79/><F131/><W86/><G73/><T111/><D133/><U27/><E27/><V48/><F132/><W75/><G75/><T99/><D111/><U82/><E82/><V122/><F20/><W112/><G32/><T35/><D30/><U105/><E105/><V17/><F17/><W80/><G31/><T121/><D121/><U93/><E93/><N who="3" m="35338" /><G39/><T134/><D134/><U114/><E53/><V77/><F122/><W22/><G47/><T37/><D37/><U34/><E15/><V16/><F16/><N who="3" m="10519" /><G112/><T33/><D33/><U42/><E34/><V38/><F38/><W40/><G40/><T46/><D46/><U55/><E42/><V6/><F100/><W66/><G66/><T12/><D58/><U83/><E83/><V25/><F25/><AGARI ba="0,0" hai="19,23,25,64,67,76,80,86" m="10519,35338" machi="25" ten="30,2900,0" yaku="8,1,54,1" doraHai="119" who="3" fromWho="2" sc="273,0,249,0,62,-29,416,29" owari="273,7.0,249,-15.0,33,-47.0,445,55.0" /></mjloggm>