<mjloggm ver="2.3"><GO type="169" lobby="0"/><UN n0="%79%6F%73%68%69%67%69" n1="%E3%82%A6%E3%83%AB%E3%83%88%E3%83%A9%E7%AB%8B%E7%9B%B4" n2="%E3%82%BC%E3%83%B3%E3%83%84%E3%83%83%E3%83%91" n3="%E3%83%99%E3%82%BF%E3%82%AA%E3%83%AA%E3%82%B9%E3%82%AF" dan="16,17,17,17" rate="2144.12,2211.71,2143.15,2192.32" sx="M,M,M,M"/><TAIKYOKU oya="0"/><INIT seed="0,0,0,4,1,75" ten="250,250,250,250" oya="0" hai0="104,25,50,1,69,2,108,135,5,72,31,99,30" hai1="110,33,14,80,51,32,34,98,40,130,85,10,90" hai2="60,61,84,68,87,46,131,45,18,56,7,4,49" hai3="26,97,59,81,93,55,116,42,112,111,127,39,38"/><T122/><D122/><U78/><E130/><V64/><F131/><W94/><G112/><T120/><D120/><U52/><E110/><V126/><F126/><W36/><G116/><T83/><D135/><U124/><E124/><V0/><F18/><W103/><G127/><T27/><D108/><U101/><E40/><V20/><F20/><W125/><G125/><T6/><D50/><U82/><E101/><V77/><F0/><N who="0" m="106" /><D83/><U58/><E98/><V134/><F134/><W86/><G111/><T74/><D69/><U65/><E65/><V19/><F19/><W41/><G93/><T67/><D67/><U95/><REACH who="1" step="1"/><E78/><REACH who="1" ten="250,240,250,250" step="2"/><V12/><F77/><W48/><REACH who="3" step="1"/><G26/><REACH who="3" ten="250,240,250,240" step="2"/><N who="0" m="9739" /><D104/><U123/><E123/><V9/><F64/><W17/><G17/><AGARI ba="0,2" hai="10,14,17,32,33,34,51,52,58,80,82,85,90,95" machi="17" ten="40,2600,0" yaku="1,1,54,1,53,0" doraHai="75" doraHaiUra="73" who="1" fromWho="3" sc="250,0,240,46,250,0,240,-26" /><INIT seed="1,0,0,2,5,8" ten="250,286,250,214" oya="1" hai0="12,25,119,42,43,16,110,20,57,87,41,9,106" hai1="96,28,36,49,105,68,102,69,7,23,35,71,93" hai2="125,90,63,124,51,40,46,79,24,108,128,104,92" hai3="66,47,123,2,52,94,76,58,72,112,56,27,54"/><U48/><E36/><V30/><F108/><W70/><G2/><T98/><D119/><U74/><E74/><V75/><F104/><W97/><G123/><T15/><D110/><U37/><E37/><V91/><F128/><W31/><G112/><T116/><D116/><U133/><E133/><V22/><F63/><W95/><G70/><T115/><D115/><U55/><E35/><V21/><F21/><W53/><G66/><T64/><D87/><U32/><E32/><V34/><F34/><W13/><G47/><T99/><D106/><U29/><E7/><V50/><F50/><W81/><G13/><N who="0" m="5195" /><D9/><U129/><E129/><V111/><F111/><W101/><REACH who="3" step="1"/><G95/><REACH who="3" ten="250,286,250,204" step="2"/><T130/><D130/><U1/><E1/><V73/><F92/><W77/><G77/><T121/><D121/><U100/><E105/><V109/><F109/><W114/><G114/><T17/><D17/><U86/><E71/><V0/><F0/><W120/><G120/><T85/><D85/><U14/><E86/><V132/><F75/><W135/><G135/><T26/><D26/><U107/><E69/><V78/><F132/><W82/><G82/><T83/><D83/><U134/><E68/><V62/><F73/><W39/><G39/><T19/><D19/><N who="1" m="10743" /><E134/><V65/><F79/><W118/><G118/><T5/><D5/><U88/><E107/><V33/><F78/><W18/><G18/><T38/><D38/><U61/><E29/><V113/><F113/><W89/><G89/><T4/><D4/><U103/><E28/><V84/><F90/><W45/><G45/><T44/><D44/><RYUUKYOKU ba="0,1" sc="250,10,286,10,250,-30,204,10" hai0="16,20,25,41,42,43,57,64,98,99" hai1="48,49,55,61,88,93,96,100,102,103" hai3="27,31,52,53,54,56,58,72,76,81,94,97,101" /><INIT seed="1,1,1,3,5,91" ten="260,296,220,214" oya="1" hai0="71,102,122,133,63,40,56,26,98,53,75,46,50" hai1="107,11,69,9,127,89,94,79,120,70,105,78,129" hai2="84,4,128,106,87,57,111,81,27,1,14,130,86" hai3="21,42,37,90,6,20,88,35,28,131,24,93,115"/><U44/><E120/><V76/><F1/><W83/><G115/><T19/><D122/><U59/><E59/><V17/><F106/><W29/><G131/><N who="2" m="50217" /><F111/><W25/><G6/><T85/><D133/><U12/><E129/><V95/><F4/><W97/><G35/><T45/><D75/><U48/><E127/><V121/><F27/><W67/><G67/><T41/><D85/><U72/><E72/><N who="2" m="43143" /><F57/><W132/><G132/><T61/><D26/><U43/><E70/><V15/><F121/><W2/><G2/><T134/><D19/><N who="1" m="8591" /><E69/><V13/><F17/><W5/><G5/><T23/><D23/><U16/><E107/><V33/><F33/><W18/><G18/><T55/><D134/><U117/><E105/><V8/><F8/><W104/><G104/><T52/><D102/><U60/><E117/><V31/><F31/><W100/><G83/><T82/><D98/><N who="1" m="57679" /><E60/><N who="0" m="23113" /><D82/><U103/><E103/><V92/><AGARI ba="1,1" hai="13,14,15,84,86,87,92,95" m="43143,50217" machi="92" ten="40,5200,0" yaku="19,1,52,2" doraHai="91" who="2" fromWho="2" sc="260,-14,296,-27,220,65,214,-14" /><INIT seed="2,0,0,1,4,92" ten="246,269,285,200" oya="2" hai0="87,99,33,22,37,89,102,130,15,4,134,70,62" hai1="18,111,112,66,60,83,121,107,42,118,40,39,8" hai2="109,71,12,88,46,72,132,117,63,77,48,49,68" hai3="90,108,38,55,100,69,9,133,45,126,86,53,0"/><V13/><F117/><W95/><G69/><T27/><D134/><U93/><E107/><V91/><F132/><W50/><G133/><T34/><D130/><U31/><E118/><V84/><F72/><W125/><G108/><T97/><D37/><U74/><E112/><V114/><F114/><W105/><G38/><T3/><D34/><U113/><E113/><V21/><F109/><W6/><REACH who="3" step="1"/><G55/><REACH who="3" ten="246,269,285,190" step="2"/><T19/><D70/><U116/><E39/><V98/><F68/><W119/><G119/><T43/><D43/><U65/><E116/><V23/><F71/><W26/><G26/><T11/><D102/><U35/><E111/><V96/><F63/><W110/><G110/><T14/><D62/><U44/><E60/><V10/><F77/><W58/><G58/><T25/><D27/><U61/><E61/><V17/><F49/><W36/><G36/><T124/><D124/><U20/><E66/><V7/><F21/><W59/><G59/><T127/><D127/><U94/><E65/><V52/><REACH who="2" step="1"/><F91/><REACH who="2" ten="246,269,275,190" step="2"/><W5/><G5/><T79/><D33/><U115/><E20/><V78/><F78/><W120/><G120/><T129/><D79/><U85/><E121/><V82/><AGARI ba="0,2" hai="7,10,12,13,17,23,46,48,52,82,84,88,96,98" machi="82" ten="20,24000,3" yaku="1,1,0,1,7,1,8,1,52,2,54,2,53,0" doraHai="92" doraHaiUra="106" who="2" fromWho="2" sc="246,-80,269,-80,275,260,190,-80" /><INIT seed="2,1,0,4,4,42" ten="166,189,535,110" oya="2" hai0="36,14,46,79,26,96,19,64,103,126,66,43,30" hai1="73,0,116,110,104,130,106,97,45,86,28,32,31" hai2="74,98,70,71,83,24,72,41,56,123,4,27,5" hai3="48,6,113,100,131,59,47,95,65,80,77,81,37"/><V57/><F41/><W33/><G37/><T17/><D126/><U122/><E73/><V75/><F98/><W101/><G33/><T112/><D112/><U22/><E116/><V109/><F83/><W3/><G113/><T53/><D79/><U90/><E0/><V94/><F94/><W9/><G131/><T11/><D19/><U128/><E110/><V18/><F18/><W124/><G124/><T7/><D53/><U62/><E32/><V20/><F20/><W49/><G95/><T135/><D17/><U23/><E62/><V85/><F85/><W127/><G127/><T39/><D36/><U76/><E76/><V87/><F87/><W93/><G93/><T40/><D40/><U84/><E122/><V50/><F50/><W125/><G125/><T63/><D63/><U91/><E97/><V132/><F132/><W129/><G80/><T44/><D44/><AGARI ba="1,0" hai="22,23,28,31,44,45,84,86,90,91,104,106,128,130" machi="44" ten="25,6400,0" yaku="22,2,52,2" doraHai="42" who="1" fromWho="0" sc="166,-67,189,67,535,0,110,0" /><INIT seed="3,0,0,1,1,95" ten="99,256,535,110" oya="3" hai0="106,42,86,109,111,77,13,79,8,67,110,10,0" hai1="5,107,94,52,50,6,61,19,55,118,128,65,64" hai2="45,100,3,47,131,126,56,84,80,59,26,101,132" hai3="43,87,130,17,78,15,129,18,116,63,82,112,4"/><W44/><G112/><T91/><D106/><U62/><E107/><V124/><F3/><W57/><G116/><T69/><D42/><U71/><E128/><N who="3" m="49258" /><G15/><T53/><D53/><U41/><E19/><V40/><F131/><W88/><G4/><T99/><D0/><U14/><E14/><V125/><F132/><W108/><G78/><T33/><D33/><U54/><E94/><V25/><F40/><W34/><G34/><T2/><D2/><U68/><E118/><V113/><F84/><W12/><G12/><T105/><D67/><U97/><E97/><V119/><F80/><W20/><G20/><T121/><D69/><U74/><E74/><V96/><F119/><W58/><G108/><T60/><D60/><U27/><E27/><N who="2" m="10251" /><F113/><W21/><G21/><T114/><D114/><U75/><E75/><V28/><F28/><W81/><G81/><T7/><D10/><U89/><E6/><V51/><F100/><W66/><G58/><N who="2" m="22057" /><F51/><AGARI ba="0,0" hai="17,18,43,44,51,57,63,66,82,87,88" m="49258" machi="51" ten="30,2900,0" yaku="19,1,54,1" doraHai="95" who="3" fromWho="2" sc="99,0,256,0,535,-29,110,29" /><INIT seed="3,1,0,1,4,47" ten="99,256,506,139" oya="3" hai0="74,34,81,96,108,105,9,128,91,115,31,126,23" hai1="32,41,19,112,61,33,37,135,54,87,29,59,20" hai2="2,17,95,99,86,83,92,43,25,113,56,28,0" hai3="52,129,60,119,15,79,134,97,123,78,77,103,55"/><W93/><G119/><T118/><D23/><U24/><E112/><V106/><F113/><W1/><G1/><T53/><D53/><U88/><E135/><V117/><F117/><W6/><G123/><T75/><D9/><U18/><E41/><V109/><F109/><W114/><G114/><T63/><D63/><U73/><E73/><V98/><F106/><W80/><G129/><T4/><D4/><U101/><E101/><V42/><F17/><W39/><G39/><T8/><D8/><U14/><E37/><V76/><F56/><W100/><G6/><T12/><D12/><U30/><E19/><V66/><F66/><W21/><G103/><N who="0" m="62695" /><D115/><U50/><E61/><V133/><F133/><W46/><G134/><T131/><D118/><U13/><E13/><V5/><F0/><W57/><G15/><T45/><D45/><U70/><E70/><V7/><F7/><W69/><G21/><T27/><D108/><U64/><E64/><V90/><F5/><W38/><G69/><T107/><D107/><U44/><E44/><V122/><F122/><W130/><G130/><N who="0" m="49707" /><D126/><U132/><E132/><V124/><F124/><W104/><G104/><T36/><D36/><U111/><E111/><V26/><F2/><W72/><REACH who="3" step="1"/><G55/><REACH who="3" ten="99,256,506,129" step="2"/><T58/><D34/><U48/><E32/><N who="2" m="20495" /><F26/><W22/><G22/><T10/><D27/><U84/><E33/><V110/><F110/><W35/><G35/><T120/><D120/><U85/><E24/><V67/><F67/><W68/><G68/><T116/><D116/><U65/><E65/><V51/><F42/><AGARI ba="1,1" hai="38,42,46,52,57,60,72,77,78,79,80,93,97,100" machi="42" ten="40,7700,0" yaku="1,1,54,1,53,1" doraHai="47" doraHaiUra="89" who="3" fromWho="2" sc="99,0,256,0,506,-80,129,90" /><INIT seed="3,2,0,0,3,70" ten="99,256,426,219" oya="3" hai0="117,44,100,72,76,128,43,63,110,82,27,17,61" hai1="33,16,15,102,9,129,126,92,56,54,69,47,3" hai2="41,73,26,64,65,75,105,89,25,132,94,2,32" hai3="71,119,20,10,23,99,101,107,55,131,21,8,29"/><W11/><G119/><T50/><D117/><U111/><E111/><V108/><F108/><W49/><G71/><T0/><D110/><U45/><E126/><V14/><F105/><W88/><G131/><T66/><D128/><U30/><E129/><V116/><F2/><W35/><G35/><T124/><D124/><U121/><E69/><V113/><F113/><W114/><G114/><T38/><D100/><U60/><E121/><V24/><F32/><W13/><G29/><T133/><D133/><U118/><E118/><V91/><F116/><W37/><G88/><T83/><D83/><U87/><E3/><V86/><F132/><W104/><G104/><T67/><D50/><U97/><REACH who="1" step="1"/><E87/><REACH who="1" ten="99,246,426,219" step="2"/><V98/><F75/><W12/><REACH who="3" step="1"/><G37/><REACH who="3" ten="99,246,426,209" step="2"/><T78/><D38/><U6/><E6/><V36/><F36/><W18/><G18/><T48/><D17/><U58/><E58/><AGARI ba="2,2" hai="8,10,11,12,13,20,21,23,49,55,58,99,101,107" machi="58" ten="40,2000,0" yaku="1,1,53,0" doraHai="70" doraHaiUra="79" who="3" fromWho="1" sc="99,0,246,-26,426,0,209,46" /><INIT seed="3,3,0,4,5,113" ten="99,220,426,255" oya="3" hai0="22,6,26,3,27,119,50,96,30,131,127,11,38" hai1="88,59,69,76,118,34,39,44,24,71,70,60,42" hai2="65,61,124,133,55,56,112,73,53,107,116,19,89" hai3="121,81,117,21,62,43,52,92,9,102,80,2,54"/><W103/><G121/><T82/><D38/><U135/><E76/><V79/><F116/><W48/><G43/><T84/><D131/><U0/><E0/><V108/><F108/><W17/><G117/><T15/><D127/><U90/><E118/><V128/><F112/><W105/><G105/><T57/><D119/><U41/><E135/><V49/><F107/><W7/><G62/><T31/><D96/><U32/><E42/><V12/><F128/><W123/><G54/><T114/><D114/><U97/><E24/><V67/><F124/><W13/><G123/><T109/><D109/><U25/><E25/><V99/><F133/><W29/><G29/><T87/><D3/><U28/><E28/><V58/><F79/><W78/><G92/><T63/><D50/><U129/><E129/><V46/><F73/><W94/><G94/><T126/><D126/><U66/><REACH who="1" step="1"/><E97/><REACH who="1" ten="99,210,426,255" step="2"/><V16/><F99/><W110/><G110/><T95/><D27/><U68/><N who="1" m="17408" /><DORA hai="77" /><U130/><E130/><V115/><F115/><W51/><G78/><T125/><D31/><U40/><E40/><V45/><F12/><W85/><G2/><T10/><D125/><U4/><E4/><V104/><F104/><W93/><G7/><T111/><D111/><U75/><E75/><V1/><F1/><W20/><G85/><T120/><D120/><U86/><E86/><V23/><F19/><W14/><G17/><T100/><D87/><U101/><E101/><V74/><F74/><W106/><G106/><T122/><D122/><U8/><E8/><V98/><F98/><W18/><G9/><RYUUKYOKU ba="3,1" sc="99,-10,210,30,426,-10,255,-10" hai1="32,34,39,41,44,59,60,66,88,90" /><INIT seed="4,4,1,5,4,16" ten="89,240,416,245" oya="0" hai0="109,25,33,116,77,130,7,62,37,13,96,45,126" hai1="87,129,117,93,114,79,101,8,9,27,59,17,35" hai2="132,120,111,19,48,71,63,88,18,104,131,72,12" hai3="6,73,118,123,61,108,89,81,83,70,86,84,46"/><T100/><D116/><U14/><E117/><V91/><F111/><W38/><G118/><T36/><D109/><U4/><E129/><V76/><F120/><W105/><G105/><T58/><D130/><U44/><E114/><V21/><F104/><W43/><G73/><T42/><D126/><U20/><E44/><V99/><F131/><W82/><G108/><T65/><D77/><U133/><E133/><V57/><F132/><W95/><G123/><T51/><D33/><U125/><E125/><V31/><F71/><W128/><G128/><T90/><D90/><U103/><E35/><V24/><F48/><W32/><G32/><T28/><D13/><N who="1" m="5255" /><E59/><V15/><F72/><W60/><G6/><T64/><D7/><N who="1" m="3391" /><E93/><V49/><F49/><W56/><G70/><T119/><D65/><U55/><E55/><V1/><F1/><W39/><G39/><T69/><D119/><U113/><E113/><V75/><F75/><W122/><G122/><T74/><D74/><U107/><E107/><V127/><F76/><W22/><G38/><T29/><D29/><U2/><E2/><V92/><F91/><W85/><G56/><T135/><D135/><U106/><E106/><V54/><F127/><W5/><G5/><T115/><D115/><U34/><E34/><V67/><F54/><W98/><G46/><T10/><D10/><U66/><E66/><V112/><F112/><W68/><G68/><T23/><D69/><U53/><E53/><V80/><F80/><AGARI ba="4,1" hai="17,20,27,79,80,87,101,103" m="3391,5255" machi="80" ten="30,2000,0" yaku="8,1,52,1" doraHai="16" who="1" fromWho="2" sc="89,0,240,42,416,-32,245,0" /><INIT seed="5,0,0,4,2,6" ten="89,282,384,245" oya="1" hai0="90,91,35,119,80,122,106,104,47,69,131,135,14" hai1="54,44,115,86,16,29,94,101,42,75,15,13,62" hai2="100,19,39,24,113,93,108,50,109,82,116,70,105" hai3="124,99,127,96,134,72,98,25,31,9,23,10,87"/><U133/><E75/><V27/><F116/><W52/><G72/><T8/><D69/><U121/><E121/><V74/><F39/><W58/><G134/><T61/><D35/><U65/><E133/><V56/><F70/><W71/><G71/><T78/><D135/><U21/><E29/><V67/><F105/><W17/><G87/><T46/><D119/><U64/><E115/><V36/><F36/><W114/><G114/><T125/><D125/><N who="3" m="48201" /><G31/><T20/><D131/><U77/><E42/><V107/><F107/><W43/><G43/><T55/><D122/><U3/><E3/><V45/><F113/><W117/><G117/><T92/><D104/><U112/><E112/><V118/><F118/><W81/><G81/><T128/><D106/><U59/><E44/><V102/><F82/><W11/><G99/><T66/><D128/><U123/><E123/><V26/><F74/><W7/><G7/><T49/><D47/><U63/><E63/><AGARI ba="0,0" hai="9,10,11,17,23,25,52,58,63,96,98" m="48201" machi="63" ten="30,8000,1" yaku="18,1,52,3,54,1" doraHai="6" who="3" fromWho="1" sc="89,0,282,-80,384,0,245,80" /><INIT seed="6,0,0,1,5,94" ten="89,202,384,325" oya="2" hai0="115,82,106,29,107,3,10,63,90,50,30,78,24" hai1="46,135,48,124,2,98,17,128,4,41,23,85,120" hai2="61,109,42,39,121,131,92,16,99,86,100,81,38" hai3="33,13,127,84,125,59,37,102,134,55,27,45,25"/><V104/><F121/><W60/><G134/><T32/><D115/><U110/><E110/><V83/><F131/><W44/><G102/><T70/><D50/><U71/><E71/><V51/><F109/><W119/><G119/><T75/><D90/><U72/><E72/><V19/><F104/><W64/><G13/><T28/><D28/><U34/><E34/><V74/><F74/><W5/><G5/><T133/><D133/><U21/><E124/><V114/><F114/><W6/><G6/><T117/><D117/><U26/><E128/><V58/><F39/><W97/><G97/><T126/><D126/><U96/><E135/><V47/><F38/><W67/><G37/><T130/><D130/><U18/><E120/><V43/><F43/><W87/><G33/><T9/><D9/><U20/><E4/><V36/><F36/><W8/><G8/><T89/><D89/><U49/><E2/><V35/><F35/><W112/><G112/><T52/><D30/><U65/><E65/><N who="3" m="25162" /><G127/><T66/><REACH who="0" step="1"/><D52/><REACH who="0" ten="79,202,384,325" step="2"/><U11/><E49/><V53/><F81/><W57/><G125/><T54/><D54/><U111/><E111/><V79/><AGARI ba="0,1" hai="16,19,42,47,51,53,58,61,79,83,86,92,99,100" machi="79" ten="20,12000,1" yaku="0,1,7,1,8,1,52,1,54,1" doraHai="94" who="2" fromWho="2" sc="79,-40,202,-40,384,130,325,-40" /><INIT seed="6,1,0,1,2,118" ten="39,162,514,285" oya="2" hai0="64,0,47,50,28,110,6,33,36,41,59,68,112" hai1="100,5,95,70,51,8,130,39,40,128,81,45,129" hai2="122,111,38,3,53,89,84,10,25,135,91,109,77" hai3="116,2,63,66,98,15,4,114,106,79,19,12,117"/><V83/><F122/><W48/><G2/><T52/><D110/><N who="2" m="41994" /><F38/><W32/><G32/><T93/><D112/><U101/><E70/><V16/><F135/><W54/><G4/><T49/><D93/><U76/><E95/><V31/><F53/><W18/><G79/><T107/><D107/><U132/><E132/><V92/><F3/><W61/><G114/><T126/><D126/><U60/><E60/><V97/><F10/><W23/><G106/><T134/><D134/><U56/><E56/><V69/><F69/><W131/><G131/><T26/><D0/><N who="1" m="39" /><E51/><V74/><F16/><W29/><G29/><T96/><D6/><U99/><E99/><V119/><F119/><W105/><G105/><T104/><D104/><U103/><E103/><N who="2" m="60839" /><F74/><AGARI ba="1,0" hai="39,40,45,74,76,81,100,101,128,129,130" m="39" machi="74" ten="30,2000,0" yaku="25,1,19,1" doraHai="118" who="1" fromWho="2" sc="39,0,162,23,514,-23,285,0" /><INIT seed="7,0,0,3,3,50" ten="39,185,491,285" oya="3" hai0="18,112,99,60,28,23,26,115,52,117,80,59,27" hai1="75,86,116,93,65,96,22,111,21,14,17,91,5" hai2="10,113,135,61,76,1,118,81,20,46,41,64,42" hai3="39,8,90,32,87,98,0,55,124,43,53,101,120"/><W25/><G120/><T83/><D117/><U29/><E75/><V105/><F118/><W2/><G124/><T31/><D99/><U95/><E111/><V127/><F105/><W109/><G109/><T92/><D31/><U3/><E3/><V107/><F107/><W77/><G77/><T35/><REACH who="0" step="1"/><D92/><REACH who="0" ten="29,185,491,285" step="2"/><N who="1" m="54391" /><E29/><V130/><F127/><W11/><G98/><T13/><D13/><U97/><E14/><V62/><F1/><W48/><G2/><T9/><D9/><U102/><E93/><V108/><F10/><W114/><G0/><T68/><D68/><U89/><E95/><V110/><F108/><W30/><G8/><T79/><D79/><U37/><E116/><V104/><F104/><W84/><G11/><T49/><D49/><U133/><E96/><V78/><F78/><W33/><G30/><T69/><D69/><U85/><E97/><V38/><F110/><W70/><G70/><T122/><D122/><U36/><E102/><V74/><F20/><W24/><G101/><T88/><D88/><U44/><E89/><V57/><F81/><W128/><G90/><T123/><D123/><U71/><E22/><V73/><F76/><W4/><G48/><T121/><D121/><U15/><E21/><V119/><F74/><W129/><G39/><T72/><D72/><U54/><E37/><V67/><F73/><W131/><G131/><T134/><D134/><U47/><E36/><V19/><F135/><W94/><G94/><T100/><D100/><U103/><E103/><V58/><F130/><W125/><G129/><T126/><D126/><U12/><E133/><RYUUKYOKU ba="0,1" sc="29,30,185,-10,491,-10,285,-10" hai0="18,23,26,27,28,35,52,59,60,80,83,112,115" owari="59,-44.0,175,-22.0,491,58.0,275,8.0" /></mjloggm>