<mjloggm ver="2.3"><GO type="169" lobby="0"/><UN n0="%69%6B%65%65%74%74%69" n1="%E6%AE%8B%E5%B0%BF%E6%84%9F%E3%81%AA%E3%81%84%EF%BC%9F" n2="%E5%8D%97%E6%98%9F%E6%98%8E%E6%97%A5%E6%AD%A9" n3="%E3%83%88%E3%83%88%E3%83%AA%E5%85%88%E7%94%9F%31%39%E6%AD%B3" dan="16,16,17,18" rate="2042.73,2123.35,2188.55,2287.70" sx="F,F,M,F"/><TAIKYOKU oya="0"/><INIT seed="0,0,0,4,4,35" ten="250,250,250,250" oya="0" hai0="1,53,105,84,58,18,106,131,36,7,78,55,115" hai1="21,23,67,26,88,103,74,16,60,41,5,71,37" hai2="34,40,122,48,45,98,24,113,27,56,63,95,39" hai3="96,13,110,65,75,119,125,52,17,15,38,69,90"/><T93/><D115/><U76/><E103/><V120/><F113/><W126/><G119/><T130/><D36/><U57/><E5/><V49/><F39/><W29/><G75/><T118/><D118/><U121/><E121/><V0/><F0/><W54/><G38/><T11/><D18/><U73/><E76/><V68/><F68/><W2/><G110/><T109/><D109/><U114/><E114/><V14/><F49/><W44/><G29/><T42/><D42/><U46/><E71/><V102/><F34/><W59/><G69/><T89/><D78/><U85/><REACH who="1" step="1"/><E23/><REACH who="1" ten="250,240,250,250" step="2"/><V43/><F122/><W62/><G125/><T51/><REACH who="0" step="1"/><D55/><REACH who="0" ten="240,240,250,250" step="2"/><U77/><E77/><V107/><F120/><W50/><G54/><T116/><D116/><U79/><E79/><V127/><F127/><W83/><G126/><T4/><D4/><U47/><E47/><V100/><F45/><W101/><G44/><T108/><D108/><U123/><E123/><V112/><F112/><W6/><G6/><T64/><D64/><U94/><AGARI ba="0,2" hai="16,21,26,37,41,46,57,60,67,73,74,85,88,94" machi="94" ten="20,12000,2" yaku="1,1,0,1,7,1,54,2,53,1" doraHai="35" doraHaiUra="12" who="1" fromWho="1" sc="240,-60,240,140,250,-30,250,-30" /><INIT seed="1,0,0,3,5,4" ten="180,380,220,220" oya="1" hai0="2,22,43,38,77,14,120,75,82,35,121,73,132" hai1="113,9,39,20,29,52,23,26,66,105,63,74,102" hai2="126,108,71,65,58,69,61,45,5,31,17,76,101" hai3="93,90,3,106,10,78,86,32,110,13,112,135,56"/><U89/><E113/><V80/><F108/><W114/><G32/><T67/><D35/><U104/><E39/><V21/><F126/><W97/><G3/><T30/><D2/><U25/><E74/><V129/><F129/><W130/><G130/><T107/><D107/><U41/><E41/><V70/><F101/><W50/><G110/><T100/><D100/><U18/><E102/><V123/><F31/><W88/><G78/><T40/><D132/><U91/><E104/><V115/><F123/><N who="0" m="47178" /><D73/><U0/><E105/><V124/><F124/><W117/><G135/><T19/><D38/><U87/><E87/><V49/><F5/><W133/><G117/><T85/><D30/><N who="1" m="17703" /><E66/><V37/><F115/><W131/><G131/><T6/><D6/><U111/><E0/><V99/><F37/><W96/><G133/><T8/><D22/><U134/><E134/><V44/><F99/><N who="3" m="57767" /><G106/><T57/><D75/><U127/><E127/><V128/><F128/><W28/><G28/><T125/><D125/><U47/><E111/><V46/><F71/><W12/><G114/><T64/><D64/><U118/><E118/><V62/><F70/><W11/><G112/><T7/><D7/><U83/><E83/><V84/><F69/><W109/><G109/><T36/><D36/><U116/><E116/><V42/><F65/><W103/><G103/><T55/><D67/><U53/><E63/><AGARI ba="0,0" hai="8,14,19,40,43,55,57,63,77,82,85" m="47178" machi="63" ten="30,2000,0" yaku="13,1,52,1" doraHai="4" who="0" fromWho="1" sc="180,20,380,-20,220,0,220,0" /><INIT seed="2,0,0,4,2,40" ten="200,360,220,220" oya="2" hai0="70,101,43,118,42,8,27,21,121,26,134,116,39" hai1="111,61,53,68,45,75,41,112,31,13,82,102,90" hai2="81,91,85,67,103,38,128,95,17,6,46,69,89" hai3="64,22,60,84,25,57,44,3,71,99,65,113,109"/><V47/><F128/><W0/><G109/><T105/><D121/><U50/><E111/><V127/><F38/><W76/><G113/><T37/><D134/><U93/><E31/><V16/><F127/><W51/><G65/><T11/><D21/><U2/><E2/><V79/><F69/><W110/><G71/><T125/><D101/><U98/><E112/><V107/><F6/><W62/><G62/><T58/><D70/><U88/><E13/><V49/><F67/><W74/><G74/><T87/><D87/><N who="1" m="50295" /><E75/><V80/><F107/><W35/><G35/><T12/><D12/><U126/><E126/><V131/><F131/><W10/><G10/><T124/><D58/><N who="1" m="35023" /><E68/><V83/><F103/><AGARI ba="0,0" hai="41,45,50,90,93,98,102,103" m="35023,50295" machi="103" ten="30,3900,0" yaku="8,1,52,1,54,1" doraHai="40" who="1" fromWho="2" sc="200,0,360,39,220,-39,220,0" /><INIT seed="3,0,0,2,5,53" ten="200,399,181,220" oya="3" hai0="68,125,2,7,6,93,105,37,89,36,119,33,102" hai1="79,131,1,86,77,0,55,92,15,34,13,69,109" hai2="45,115,48,116,95,39,65,63,75,46,32,30,61" hai3="19,128,29,44,90,83,121,133,85,94,107,135,8"/><W117/><G117/><T12/><D119/><U3/><E34/><V103/><F75/><W28/><G121/><T56/><D2/><U88/><E109/><V23/><F116/><W120/><G120/><T41/><D33/><U123/><E69/><V113/><F32/><W76/><G107/><T54/><D68/><U4/><E123/><V96/><F39/><W99/><G128/><T104/><D125/><U22/><E131/><V49/><F115/><W10/><G44/><N who="2" m="17001" /><F113/><W35/><G19/><T81/><D81/><U100/><E100/><V71/><F71/><W14/><G35/><T106/><D102/><U82/><E4/><V98/><F98/><W127/><G127/><T40/><D37/><U84/><E79/><V78/><F78/><W59/><G10/><T97/><D36/><U18/><REACH who="1" step="1"/><E55/><REACH who="1" ten="200,389,181,220" step="2"/><V129/><F129/><W91/><G76/><T72/><D6/><U134/><E134/><V20/><F103/><W67/><G135/><T31/><D7/><U118/><E118/><V11/><F65/><W27/><G133/><T110/><D110/><U122/><E122/><V5/><F5/><N who="3" m="3343" /><G27/><AGARI ba="0,1" hai="0,1,3,13,15,18,22,27,77,82,84,86,88,92" machi="27" ten="40,2600,0" yaku="1,1,54,1,53,0" doraHai="53" doraHaiUra="114" who="1" fromWho="3" sc="200,0,389,36,181,0,220,-26" /><INIT seed="4,0,0,3,2,51" ten="200,425,181,194" oya="0" hai0="21,29,32,83,39,34,60,26,88,15,95,46,117" hai1="120,119,106,91,87,58,112,65,116,81,98,129,131" hai2="4,56,64,6,50,47,3,121,126,42,27,11,78" hai3="63,75,122,114,14,71,123,8,66,19,62,30,113"/><T52/><D117/><N who="1" m="45131" /><E58/><V86/><F121/><N who="3" m="46091" /><G75/><T24/><D15/><U59/><E59/><V25/><F126/><W37/><G37/><T45/><D39/><U5/><E65/><V1/><F1/><W18/><G30/><T102/><D34/><U133/><E5/><N who="2" m="2155" /><F11/><W110/><G110/><T93/><D32/><U115/><E133/><V135/><F3/><W22/><G63/><T73/><D26/><AGARI ba="0,0" hai="8,14,18,19,22,26,62,66,71,113,114" m="46091" machi="26" ten="30,1000,0" yaku="13,1" doraHai="51" who="3" fromWho="0" sc="200,-10,425,0,181,0,194,10" /><INIT seed="5,0,0,4,2,2" ten="190,425,181,204" oya="1" hai0="79,1,16,73,48,50,51,17,37,59,135,100,67" hai1="43,95,86,130,131,125,90,32,122,77,111,15,23" hai2="97,29,127,5,82,112,126,3,46,69,57,42,128" hai3="104,47,8,56,53,116,78,119,7,121,11,123,129"/><U94/><E32/><V24/><F69/><W98/><G129/><T62/><D37/><U80/><E122/><V40/><F128/><N who="1" m="49193" /><E43/><V115/><F57/><W124/><G11/><T34/><D135/><U39/><E39/><N who="2" m="21791" /><F42/><W65/><G78/><T20/><D34/><U58/><E125/><N who="2" m="47627" /><F97/><W75/><G75/><T26/><D1/><U85/><E58/><V36/><F36/><W38/><G124/><T117/><D117/><N who="3" m="45129" /><G65/><T27/><D100/><U30/><E111/><V33/><F82/><W132/><G132/><T114/><D114/><U52/><E52/><V22/><F22/><W54/><G47/><T41/><D73/><U120/><E120/><V12/><F12/><N who="3" m="5151" /><G54/><T103/><D103/><U88/><E15/><V63/><F63/><N who="3" m="36239" /><G38/><T91/><D79/><U71/><E23/><V109/><F109/><W9/><G98/><T93/><D41/><U66/><E66/><V49/><F49/><W44/><G44/><T87/><REACH who="0" step="1"/><D26/><REACH who="0" ten="180,425,181,204" step="2"/><U0/><E77/><V110/><F110/><W35/><G35/><T61/><D61/><U72/><E0/><V68/><F68/><W55/><G123/><T106/><D106/><U99/><E71/><V101/><F101/><W21/><G104/><T25/><D25/><U84/><E72/><V10/><AGARI ba="0,1" hai="3,5,10,24,29,33,112,115" m="47627,21791" machi="10" ten="40,5200,0" yaku="18,1,23,1,52,1" doraHai="2" who="2" fromWho="2" sc="180,-13,425,-26,181,62,204,-13" /><INIT seed="6,0,0,5,0,113" ten="167,399,243,191" oya="2" hai0="4,42,117,6,93,16,62,0,20,100,94,51,39" hai1="91,46,101,103,95,106,125,17,111,27,8,53,44" hai2="70,120,127,3,43,128,7,121,116,68,10,50,87" hai3="56,54,40,52,98,31,135,47,72,71,34,24,81"/><V60/><F116/><W96/><G71/><T65/><D39/><U104/><E17/><V48/><F70/><W75/><G135/><T80/><D0/><U114/><E53/><V14/><F128/><W22/><G34/><T18/><D117/><U55/><E55/><V129/><F127/><W97/><G81/><T77/><D100/><U130/><E91/><V118/><F118/><W37/><REACH who="3" step="1"/><G54/><REACH who="3" ten="167,399,243,181" step="2"/><T102/><D80/><U110/><E125/><V86/><F68/><W88/><G88/><T2/><D77/><U82/><E82/><V78/><F78/><W74/><G74/><T29/><D102/><U32/><E130/><V28/><F129/><W83/><G83/><T45/><D2/><U57/><E32/><V9/><F3/><W76/><G76/><T30/><D65/><U1/><E103/><V112/><F121/><W35/><G35/><T99/><D62/><AGARI ba="0,1" hai="22,24,31,37,40,47,52,56,62,72,75,96,97,98" machi="62" ten="40,2600,0" yaku="1,1,54,1,53,0" doraHai="113" doraHaiUra="109" who="3" fromWho="0" sc="167,-26,399,0,243,0,181,36" /><INIT seed="7,0,0,2,3,113" ten="141,399,243,217" oya="3" hai0="123,117,112,133,75,51,105,86,57,18,76,66,59" hai1="0,103,125,72,124,81,121,87,84,7,62,74,100" hai2="119,85,25,24,5,31,109,77,135,114,22,45,127" hai3="38,115,4,88,129,10,106,67,89,60,23,96,122"/><W52/><G122/><T107/><D123/><U98/><E121/><V12/><F109/><W13/><G38/><T48/><D75/><U101/><E62/><V37/><F119/><W50/><G115/><T11/><D11/><N who="1" m="2535" /><E98/><V104/><F127/><N who="1" m="48713" /><E87/><V39/><F45/><W41/><G129/><T92/><D66/><U91/><AGARI ba="0,0" hai="72,74,81,84,91,100,101,103" m="48713,2535" machi="91" ten="30,1100,0" yaku="18,1" doraHai="113" who="1" fromWho="1" sc="141,-3,399,11,243,-3,217,-5" owari="138,-36.0,410,51.0,240,4.0,212,-19.0" /></mjloggm>