<mjloggm ver="2.3"><GO type="169" lobby="0"/><UN n0="%EF%BC%88%E2%88%AA%EF%BC%BE%CF%89%EF%BC%BE%29%E2%98%86" n1="%E3%83%A4%E3%82%AD%E3%83%B3" n2="%65%69%6B%31" n3="%E3%83%88%E3%83%88%E3%83%AA%E5%85%88%E7%94%9F%31%39%E6%AD%B3" dan="18,16,17,18" rate="2244.78,2154.11,2172.77,2176.85" sx="F,M,M,F"/><TAIKYOKU oya="0"/><INIT seed="0,0,0,1,3,124" ten="250,250,250,250" oya="0" hai0="102,125,58,32,110,119,16,131,5,99,37,39,83" hai1="82,86,51,111,74,43,28,106,3,108,94,133,38" hai2="34,113,65,70,120,11,118,69,22,46,30,79,26" hai3="63,52,91,25,12,122,9,77,2,71,66,114,87"/><T117/><D32/><U126/><E106/><V19/><F120/><W109/><G122/><T92/><D125/><U6/><E126/><V17/><F113/><W89/><G109/><T21/><D5/><U23/><E38/><V57/><F79/><W29/><G2/><T64/><D110/><U112/><E112/><V44/><F118/><W45/><G114/><T33/><D33/><U76/><E133/><V31/><F31/><W48/><G77/><T115/><D115/><U53/><E43/><V7/><F57/><W27/><G29/><T97/><D117/><U88/><E6/><V13/><F19/><W15/><G89/><T90/><D83/><U42/><E42/><V101/><F101/><W49/><G49/><T60/><D119/><U8/><E8/><V1/><REACH who="2" step="1"/><F65/><REACH who="2" ten="250,250,240,250" step="2"/><W134/><G134/><T67/><D64/><U93/><E111/><V72/><F72/><W127/><G127/><T96/><D96/><U24/><E108/><V10/><F10/><W85/><G9/><T107/><REACH who="0" step="1"/><D131/><REACH who="0" ten="240,250,240,250" step="2"/><U0/><REACH who="1" step="1"/><E94/><REACH who="1" ten="240,240,240,250" step="2"/><V4/><F4/><W59/><G66/><T130/><D130/><U135/><E135/><V95/><F95/><W73/><G73/><T100/><D100/><U75/><E75/><V50/><F50/><W56/><G48/><T36/><D36/><U68/><E68/><AGARI ba="0,3" hai="1,7,11,13,17,22,26,30,34,44,46,68,69,70" machi="68" ten="40,5200,0" yaku="1,1,24,2,53,0" doraHai="124" doraHaiUra="104" who="2" fromWho="1" sc="240,0,240,-52,240,82,250,0" /><INIT seed="1,0,0,5,1,59" ten="240,188,322,250" oya="1" hai0="77,93,88,32,24,84,87,100,125,11,90,132,109" hai1="26,91,72,15,51,5,7,10,108,86,62,20,25" hai2="45,118,129,50,71,47,126,65,127,117,63,3,31" hai3="111,95,114,34,60,44,116,23,110,67,8,79,2"/><U40/><E72/><V16/><F3/><W83/><G114/><T69/><D69/><U1/><E108/><N who="3" m="41514" /><G34/><T61/><D109/><U70/><E40/><N who="2" m="24871" /><F31/><W68/><G116/><N who="2" m="44649" /><F16/><W135/><G135/><T4/><D77/><U131/><E131/><V53/><F129/><W56/><G44/><T97/><D132/><U103/><E103/><V9/><F9/><W21/><G68/><T78/><D78/><U6/><E51/><AGARI ba="0,0" hai="47,51,53,63,65,71,126,127" m="44649,24871" machi="51" ten="30,3900,0" yaku="34,2,52,1" doraHai="59" who="2" fromWho="1" sc="240,0,188,-39,322,39,250,0" /><INIT seed="2,0,0,2,2,14" ten="240,149,361,250" oya="2" hai0="10,17,44,33,40,69,15,114,60,72,68,122,21" hai1="124,95,106,18,8,52,112,94,89,102,28,113,80" hai2="16,131,26,92,41,0,129,54,103,45,43,132,27" hai3="35,117,107,128,29,86,19,116,99,79,93,78,118"/><V73/><F0/><W90/><G128/><T51/><D33/><U104/><E28/><V6/><F73/><W13/><G29/><T59/><D72/><U81/><E124/><V133/><F6/><W3/><G3/><T115/><D122/><U77/><E102/><V9/><F54/><W100/><REACH who="3" step="1"/><G35/><REACH who="3" ten="240,149,361,240" step="2"/><T47/><D114/><U121/><E113/><V109/><F131/><W49/><G49/><T134/><D115/><U4/><E112/><V126/><F129/><W31/><G31/><T108/><D108/><U74/><E121/><V20/><F109/><W101/><G101/><T39/><D134/><U98/><E106/><V46/><F103/><W2/><G2/><T22/><D39/><U50/><E104/><V67/><F132/><W96/><G96/><T130/><D130/><U37/><E37/><V123/><F123/><W91/><G91/><T57/><D44/><U75/><E98/><V42/><F46/><W127/><G127/><T85/><D85/><U76/><E89/><V62/><F45/><W61/><G61/><T105/><D105/><U82/><E75/><V88/><F88/><W64/><G64/><T110/><D110/><U97/><E74/><V66/><F67/><W58/><G58/><N who="0" m="22027" /><D60/><U7/><E97/><V1/><F62/><W119/><N who="3" m="29696" /><DORA hai="135" /><W34/><G34/><T38/><D38/><U53/><E50/><V83/><F126/><W84/><G84/><T12/><D68/><U48/><E48/><V25/><F133/><W87/><G87/><T23/><D69/><U125/><E125/><V70/><F70/><W11/><AGARI ba="0,1" hai="11,13,19,78,79,86,90,93,99,100,107" m="29696" machi="11" ten="60,8000,1" yaku="1,1,5,1,0,1,52,1,53,0" doraHai="14,135" doraHaiUra="120,32" who="3" fromWho="3" sc="240,-20,149,-20,361,-40,240,90" /><INIT seed="3,0,0,3,4,70" ten="220,129,321,330" oya="3" hai0="111,82,63,51,18,74,109,8,127,73,61,5,85" hai1="14,15,129,4,128,118,65,89,98,116,39,91,3" hai2="103,126,53,62,34,23,2,7,0,42,26,78,22" hai3="83,69,124,97,100,133,131,21,101,20,43,110,11"/><W52/><G69/><T86/><D127/><U24/><E3/><V29/><F126/><W71/><G71/><T33/><D33/><U38/><E65/><V54/><F78/><W49/><G124/><T88/><D18/><U16/><E4/><V76/><F76/><W107/><G131/><N who="1" m="50250" /><E24/><V46/><F103/><W12/><G133/><T17/><D17/><U125/><E125/><V113/><F113/><W93/><G110/><N who="0" m="41995" /><D85/><U96/><E15/><V57/><F54/><W55/><G83/><T45/><D73/><U114/><E114/><V130/><F130/><W134/><G134/><T99/><D99/><N who="1" m="37931" /><E91/><V27/><F7/><N who="3" m="3199" /><G107/><T31/><D31/><U44/><E89/><V132/><F132/><W9/><G9/><T60/><D74/><U115/><E115/><V48/><F34/><W50/><G101/><T117/><D117/><N who="1" m="45163" /><E44/><V35/><F35/><W95/><G95/><T94/><D94/><U108/><E108/><V37/><F62/><W122/><G93/><T123/><D123/><U13/><E13/><V67/><F67/><W135/><G135/><T47/><D51/><U104/><E104/><V30/><AGARI ba="0,0" hai="0,2,22,23,26,27,29,30,37,42,46,48,53,57" machi="30" ten="20,5200,0" yaku="0,1,7,1,9,1,52,1" doraHai="70" who="2" fromWho="2" sc="220,-13,129,-13,321,52,330,-26" /><INIT seed="4,0,0,5,3,11" ten="207,116,373,304" oya="0" hai0="105,18,101,70,48,95,119,83,58,81,49,110,106" hai1="67,33,99,9,62,73,63,114,90,45,7,69,2" hai2="13,31,21,107,3,74,8,77,82,52,117,113,5" hai3="97,89,94,129,40,10,32,47,132,122,68,115,78"/><T60/><D70/><U27/><E73/><V22/><F107/><W39/><G68/><T46/><D119/><U123/><E123/><V127/><F113/><W28/><G122/><T59/><D110/><U84/><E114/><V64/><F64/><W30/><G115/><T87/><D105/><U38/><E99/><V100/><F100/><W1/><G129/><T24/><D106/><U126/><E126/><V133/><F127/><W85/><G132/><T125/><D125/><U76/><E76/><V56/><F133/><W17/><G32/><T65/><D58/><U91/><E63/><V98/><F98/><W112/><G112/><T54/><D49/><U135/><E135/><V121/><F117/><W19/><G19/><T57/><D46/><U103/><E103/><V25/><F121/><W43/><G43/><T128/><D128/><U6/><E6/><V42/><F42/><W51/><G39/><T134/><D134/><U61/><E61/><V108/><F108/><W44/><G44/><T124/><D124/><U86/><E45/><V50/><F3/><W72/><G72/><T20/><D101/><U120/><E38/><V111/><F111/><W102/><G78/><T0/><D0/><U41/><E41/><V93/><F93/><N who="3" m="54447" /><G1/><T118/><D118/><U116/><E116/><V12/><F12/><AGARI ba="0,0" hai="10,12,17,28,30,40,47,51,94,97,102" m="54447" machi="12" ten="30,2000,0" yaku="8,1,52,1" doraHai="11" who="3" fromWho="2" sc="207,0,116,0,373,-20,304,20" /><INIT seed="5,0,0,1,5,129" ten="207,116,353,324" oya="1" hai0="33,9,63,111,77,134,113,60,16,69,81,12,64" hai1="35,32,116,119,2,94,118,34,135,40,45,92,49" hai2="125,29,80,66,61,86,28,59,26,30,52,55,114" hai3="62,103,44,97,78,115,53,93,98,106,54,88,117"/><U27/><E2/><V108/><F108/><W8/><G115/><T7/><D111/><U11/><E11/><V1/><F1/><W104/><G117/><T89/><D33/><U109/><E109/><V57/><F125/><W47/><G104/><T42/><D42/><U74/><E74/><V82/><F114/><W17/><G78/><T38/><D38/><U5/><E5/><V15/><F15/><W95/><G106/><T50/><D113/><U100/><E135/><V71/><F26/><W99/><G99/><T14/><D50/><U110/><E110/><V96/><F96/><W22/><G8/><T23/><D63/><U21/><REACH who="1" step="1"/><E100/><REACH who="1" ten="207,106,353,324" step="2"/><V72/><F72/><W83/><G103/><T37/><D37/><U18/><AGARI ba="0,1" hai="18,21,27,32,34,35,40,45,49,92,94,116,118,119" machi="18" ten="40,7800,0" yaku="1,1,2,1,0,1,53,0" doraHai="129" doraHaiUra="25" who="1" fromWho="1" sc="207,-26,106,88,353,-26,324,-26" /><INIT seed="5,1,0,0,3,83" ten="181,194,327,298" oya="1" hai0="7,30,101,78,35,119,64,47,13,37,77,26,121" hai1="36,104,40,94,23,80,132,34,42,46,50,16,88" hai2="22,59,135,79,76,133,103,27,66,105,15,5,81" hai3="0,63,116,48,113,99,31,127,6,68,71,122,95"/><U125/><E34/><V12/><F103/><W118/><G122/><T108/><D108/><U102/><E104/><V112/><F105/><W11/><G113/><T1/><D119/><N who="3" m="45609" /><G127/><T25/><D1/><U93/><E132/><V85/><F79/><W17/><G31/><T106/><D64/><U110/><E125/><V72/><F72/><W32/><G32/><T52/><D121/><U8/><E8/><V90/><F76/><W82/><G17/><T117/><D117/><U53/><E110/><V129/><F129/><W45/><G82/><T84/><D25/><N who="1" m="14567" /><E36/><V65/><F112/><W67/><G63/><T107/><D37/><U29/><E29/><V62/><F66/><W10/><G10/><T86/><D101/><U120/><E120/><V98/><F5/><W92/><G67/><T74/><D74/><U128/><E128/><V131/><F131/><W130/><G130/><T51/><D106/><U54/><E54/><V87/><F135/><W100/><G92/><N who="1" m="35434" /><E102/><V56/><F133/><W96/><G96/><T75/><D75/><U111/><E111/><V57/><F98/><W44/><G68/><T9/><REACH who="0" step="1"/><D107/><REACH who="0" ten="171,194,327,298" step="2"/><U24/><E24/><V115/><F115/><W124/><G124/><T134/><D134/><U91/><E91/><V61/><F65/><W70/><G70/><T73/><D73/><U19/><E19/><V18/><F27/><W21/><G71/><T39/><D39/><U109/><E109/><V41/><F90/><W123/><G123/><T114/><D114/><U55/><E55/><V89/><F18/><W33/><G100/><T20/><D20/><RYUUKYOKU ba="1,1" sc="171,15,194,15,327,-15,298,-15" hai0="7,9,13,26,30,35,47,51,52,77,78,84,86" hai1="40,42,46,50,53,80,88" /><INIT seed="5,2,1,1,0,129" ten="186,209,312,283" oya="1" hai0="3,67,23,68,73,36,14,88,53,47,107,45,113" hai1="13,125,18,80,93,78,37,112,96,133,21,1,56" hai2="34,95,55,10,82,132,58,105,44,90,22,110,91" hai3="101,60,99,120,109,19,39,40,85,46,130,41,64"/><U122/><E122/><V124/><F105/><W62/><G109/><T11/><D73/><U63/><E112/><V86/><F34/><W28/><G120/><T25/><D107/><U51/><E37/><V83/><F110/><W7/><G130/><T128/><D3/><U12/><E125/><V49/><F124/><W59/><G7/><N who="0" m="3455" /><D113/><U24/><E51/><V74/><F132/><W29/><G40/><T135/><D67/><U94/><E133/><V131/><F131/><W123/><G123/><T118/><D68/><U30/><E1/><V50/><F10/><W98/><G19/><N who="0" m="12543" /><D36/><U102/><E94/><N who="2" m="54615" /><F22/><W111/><G111/><T117/><D117/><U20/><E20/><V31/><F31/><W70/><G85/><T54/><D118/><U97/><E97/><N who="2" m="57599" /><F74/><W106/><G98/><T27/><D27/><U89/><E30/><V75/><F75/><W66/><AGARI ba="2,1" hai="28,29,39,41,46,59,60,62,64,66,70,99,101,106" machi="66" ten="20,1500,0" yaku="0,1,7,1" doraHai="129" who="3" fromWho="3" sc="186,-6,209,-9,312,-6,283,31" /><INIT seed="6,0,0,2,0,100" ten="180,200,306,314" oya="2" hai0="30,6,29,2,102,113,63,72,88,32,3,111,40" hai1="86,43,41,82,122,85,89,133,95,31,49,58,37" hai2="60,75,44,105,130,118,8,93,24,81,23,47,110" hai3="57,126,68,70,0,35,84,59,67,10,5,73,99"/><V117/><F130/><W74/><G35/><T92/><D72/><U51/><E133/><V134/><F134/><W131/><G131/><T98/><D111/><U16/><E31/><V109/><F105/><W124/><G84/><T116/><D113/><U83/><E37/><V121/><F121/><W76/><G99/><T128/><D128/><U14/><E122/><V64/><F8/><W66/><G76/><T52/><D40/><N who="1" m="15435" /><E58/><N who="3" m="22026" /><G67/><T80/><D116/><U77/><E83/><V26/><F93/><W101/><G101/><T87/><D6/><U54/><E54/><V11/><F11/><AGARI ba="0,0" hai="11,14,16,49,51,77,82,85,86,89,95" m="15435" machi="11" ten="30,2000,0" yaku="8,1,54,1" doraHai="100" who="1" fromWho="2" sc="180,0,200,20,306,-20,314,0" /><INIT seed="7,0,0,2,3,97" ten="180,220,286,314" oya="3" hai0="33,52,64,133,127,103,116,92,7,31,27,61,81" hai1="101,109,125,0,59,93,68,35,113,26,66,44,118" hai2="29,45,108,98,4,50,10,2,6,62,56,34,16" hai3="55,25,63,99,115,132,107,84,58,13,20,17,41"/><W53/><G115/><T74/><D116/><U78/><E68/><V119/><F119/><W131/><G131/><T120/><D120/><U82/><E118/><V72/><F72/><W21/><G132/><T123/><D123/><U83/><E0/><V134/><F108/><W121/><G121/><T57/><D133/><U11/><E109/><V8/><F98/><W130/><G130/><T77/><D7/><U95/><E11/><V91/><F91/><W128/><G128/><T1/><D1/><U100/><E44/><V9/><F134/><W105/><G41/><T124/><D64/><U15/><E15/><V73/><F73/><W112/><G112/><T46/><D46/><U69/><E69/><V40/><F6/><W70/><G70/><T102/><REACH who="0" step="1"/><D92/><REACH who="0" ten="170,220,286,314" step="2"/><U36/><E113/><V12/><F4/><W106/><G106/><T111/><D111/><U79/><E66/><V14/><F2/><W51/><G107/><T30/><D30/><N who="1" m="19927" /><E93/><V87/><F29/><W60/><G105/><T86/><D86/><N who="1" m="48471" /><E95/><V18/><F87/><W96/><G84/><T38/><D38/><U90/><E36/><V5/><F5/><W54/><G17/><T67/><D67/><U49/><E125/><AGARI ba="0,1" hai="27,31,33,52,57,61,74,77,81,102,103,124,125,127" machi="125" ten="40,8000,1" yaku="1,1,18,1,52,2,54,1,53,0" doraHai="97" doraHaiUra="117" who="0" fromWho="1" sc="170,90,220,-80,286,0,314,0" owari="260,-14.0,140,-36.0,286,9.0,314,41.0" /></mjloggm>