<mjloggm ver="2.3"><GO type="169" lobby="0"/><UN n0="%E8%B1%86%E7%89%B9%EF%BC%A0%E6%B2%B3%E6%9D%91%E8%BB%8D%E5%9B%A3" n1="%E3%81%A0%E3%81%A3%E3%81%A6%E3%81%84%E3%81%86" n2="%E3%81%AF%E3%81%BF%E3%82%82%E3%82%93" n3="%E3%82%A6%E3%83%AB%E3%83%88%E3%83%A9%E7%AB%8B%E7%9B%B4" dan="17,17,17,17" rate="2143.41,2132.79,2138.12,2212.33" sx="M,M,M,M"/><TAIKYOKU oya="0"/><INIT seed="0,0,0,0,4,89" ten="250,250,250,250" oya="0" hai0="44,69,126,117,50,74,24,91,22,53,38,132,31" hai1="27,82,124,102,133,11,34,128,4,106,40,10,7" hai2="93,90,121,5,71,61,66,113,86,64,26,94,65" hai3="62,1,63,118,21,36,114,47,51,73,58,30,88"/><T95/><D117/><U131/><E40/><V52/><F113/><W68/><G73/><T19/><D74/><U12/><E82/><N who="2" m="49495" /><F71/><W100/><G1/><T98/><D69/><U87/><E87/><V23/><F5/><W76/><G76/><T49/><D38/><U6/><E102/><V129/><F129/><N who="1" m="49737" /><E106/><V77/><F77/><W120/><G100/><T33/><D132/><U32/><E133/><V79/><F79/><W15/><G114/><T127/><REACH who="0" step="1"/><D50/><REACH who="0" ten="240,250,250,250" step="2"/><U134/><E134/><V39/><F39/><W56/><G68/><T28/><D28/><N who="1" m="19487" /><E124/><V75/><F75/><W37/><G37/><T13/><AGARI ba="0,1" hai="13,19,22,24,31,33,44,49,53,91,95,98,126,127" machi="13" ten="30,6000,0" yaku="1,1,0,1,52,1,53,0" doraHai="89" doraHaiUra="3" who="0" fromWho="0" sc="240,70,250,-20,250,-20,250,-20" /><INIT seed="0,1,0,2,4,111" ten="310,230,230,230" oya="0" hai0="47,33,45,122,115,92,120,31,16,50,12,9,41" hai1="55,3,104,76,116,15,0,63,34,19,4,29,86" hai2="43,42,135,25,30,24,71,81,110,100,60,82,11" hai3="133,121,134,99,66,35,77,117,109,36,123,44,18"/><T8/><D8/><U14/><E104/><V56/><F110/><W90/><G35/><T127/><D127/><U79/><E116/><V128/><F71/><W107/><G66/><T64/><D64/><U49/><E63/><V54/><F135/><W69/><G69/><T105/><D105/><U114/><E14/><V21/><F100/><N who="3" m="62879" /><G109/><T108/><D108/><U73/><E73/><V84/><F128/><W23/><G77/><T65/><D65/><U96/><E96/><V75/><F75/><W20/><G90/><T103/><D103/><U37/><E37/><V67/><F67/><W130/><G20/><T2/><D92/><U58/><E4/><V129/><F129/><W126/><G130/><T38/><D2/><U51/><E79/><V97/><F97/><W102/><G102/><T88/><D88/><U125/><E125/><V26/><F11/><W101/><G101/><T106/><D106/><U124/><E124/><V70/><F70/><W87/><G87/><T89/><D89/><U57/><E86/><V132/><F132/><N who="3" m="50795" /><G117/><T28/><D33/><U119/><E76/><N who="2" m="46119" /><F82/><W32/><G32/><T112/><D120/><U98/><E98/><V62/><F21/><W27/><G126/><T93/><D122/><U6/><E119/><V131/><F131/><W74/><G74/><T52/><REACH who="0" step="1"/><D93/><REACH who="0" ten="300,230,230,230" step="2"/><U85/><E34/><V10/><F10/><W22/><G22/><T7/><D7/><U94/><E6/><V78/><F78/><W40/><AGARI ba="1,1" hai="18,23,27,36,40,44,121,123" m="50795,62879" machi="40" ten="30,1100,0" yaku="20,1" doraHai="111" who="3" fromWho="3" sc="300,-6,230,-4,230,-4,230,24" /><INIT seed="1,0,0,4,4,94" ten="294,226,226,254" oya="1" hai0="93,72,69,71,65,55,102,81,16,18,85,92,105" hai1="87,106,113,115,31,15,54,25,13,39,128,89,28" hai2="135,38,30,121,101,120,123,76,79,83,82,112,6" hai3="0,14,88,68,91,97,64,53,104,70,4,19,60"/><U125/><E39/><V100/><F30/><W32/><G70/><T132/><D132/><U8/><E106/><V41/><F6/><W75/><G75/><T84/><D72/><U95/><E128/><V22/><F22/><W1/><G32/><T42/><D42/><U36/><E36/><V7/><F7/><W50/><G4/><T124/><D124/><U98/><E125/><V90/><F41/><W23/><G104/><T103/><D105/><U27/><E54/><V45/><F45/><W48/><G48/><T110/><D55/><U109/><E109/><V116/><F38/><W78/><G78/><N who="2" m="29737" /><F116/><W34/><G34/><T51/><D51/><U129/><E129/><V44/><F44/><W127/><G127/><T73/><D73/><U43/><E43/><V63/><F63/><W3/><REACH who="3" step="1"/><G97/><REACH who="3" ten="294,226,226,244" step="2"/><T10/><D71/><U80/><E115/><V56/><F112/><W122/><G122/><T59/><D69/><U5/><E113/><V126/><F126/><W52/><G52/><T57/><D65/><U111/><E111/><V74/><F74/><W86/><G86/><T118/><D84/><U66/><E66/><V119/><F123/><W33/><G33/><T9/><D85/><U46/><E46/><AGARI ba="0,1" hai="0,1,3,14,19,23,46,50,53,60,64,68,88,91" machi="46" ten="40,2600,0" yaku="1,1,54,1,53,0" doraHai="94" doraHaiUra="131" who="3" fromWho="1" sc="294,0,226,-26,226,0,244,36" /><INIT seed="2,0,0,5,3,125" ten="294,200,226,280" oya="2" hai0="63,104,9,39,135,116,102,18,97,56,17,128,31" hai1="49,4,36,54,133,78,47,43,112,66,67,50,53" hai2="29,73,94,115,91,68,88,59,74,95,13,0,105" hai3="119,20,71,126,77,32,123,27,83,5,101,121,120"/><V85/><F0/><W55/><G71/><T103/><D39/><U110/><E78/><V16/><F105/><W22/><G101/><T25/><D102/><U131/><E4/><V15/><F68/><W62/><G119/><T64/><D116/><U76/><E76/><V23/><F115/><W75/><G5/><T37/><D37/><U3/><E3/><V134/><F134/><W30/><G126/><T111/><D111/><U84/><E133/><V107/><F107/><W24/><G24/><T96/><D96/><U93/><E110/><V38/><F38/><W42/><G42/><T11/><D135/><U109/><E109/><V92/><F29/><W52/><G62/><T79/><D79/><U19/><E112/><V124/><F124/><W33/><REACH who="3" step="1"/><G20/><REACH who="3" ten="294,200,226,270" step="2"/><T44/><D63/><U90/><E43/><V48/><F74/><W100/><G100/><T2/><D103/><U14/><E36/><V65/><F73/><W7/><G7/><T86/><D25/><U34/><E34/><AGARI ba="0,1" hai="22,27,30,32,33,34,52,55,75,77,83,120,121,123" machi="34" ten="50,3200,0" yaku="1,1,54,1,53,0" doraHai="125" doraHaiUra="82" who="3" fromWho="1" sc="294,0,200,-32,226,0,270,42" /><INIT seed="3,0,0,2,0,49" ten="294,168,226,312" oya="3" hai0="69,7,1,9,132,8,65,13,123,84,102,94,128" hai1="51,32,2,86,70,72,44,63,12,3,89,20,103" hai2="121,48,42,90,23,45,66,71,33,15,110,4,10" hai3="87,78,133,37,79,112,116,50,35,34,68,109,22"/><W88/><G37/><T92/><D123/><U64/><E72/><V57/><F33/><W97/><G68/><T113/><D132/><U52/><E32/><V119/><F110/><W77/><G116/><T26/><D128/><U118/><E118/><V108/><F108/><W105/><G109/><T114/><D26/><U54/><E103/><V73/><F73/><W93/><G112/><N who="0" m="43115" /><D65/><U126/><E126/><V99/><F71/><W18/><G133/><T127/><D69/><U16/><E54/><V14/><F121/><W61/><G61/><T31/><D31/><U82/><AGARI ba="0,0" hai="2,3,12,16,20,44,51,52,63,64,70,82,86,89" machi="82" ten="20,8000,1" yaku="0,1,7,1,52,1,54,2" doraHai="49" who="1" fromWho="1" sc="294,-20,168,80,226,-20,312,-40" /><INIT seed="4,0,0,4,2,1" ten="274,248,206,272" oya="0" hai0="33,92,26,35,119,8,90,24,126,79,72,116,111" hai1="36,122,47,81,13,48,55,118,62,65,98,115,17" hai2="57,16,56,94,28,10,27,121,78,67,70,61,114" hai3="5,37,109,4,89,124,12,34,130,113,50,127,31"/><T42/><D42/><U9/><E118/><V106/><F106/><W104/><G37/><T7/><D126/><U71/><E122/><V49/><F114/><W135/><G104/><T14/><D111/><U64/><E115/><V52/><F78/><W84/><G113/><T22/><D116/><U133/><E133/><V87/><F121/><W23/><G34/><T43/><D43/><U6/><E65/><V91/><F10/><W18/><G31/><T117/><D117/><U120/><E120/><V83/><F16/><W21/><G21/><T53/><D119/><U73/><E36/><V41/><F41/><W134/><G50/><T101/><D101/><U58/><E98/><V108/><F108/><W102/><G102/><T74/><D79/><U88/><E73/><V76/><F70/><W54/><G54/><T68/><D53/><U107/><E107/><V60/><F49/><W2/><G2/><T96/><D68/><U128/><E128/><V82/><REACH who="2" step="1"/><F76/><REACH who="2" ten="274,248,196,272" step="2"/><W86/><G109/><T0/><D0/><U46/><E17/><V29/><F29/><W59/><G127/><T80/><D8/><U69/><E71/><V95/><F95/><W15/><G124/><T38/><D92/><U40/><E40/><V85/><F85/><W45/><G86/><T93/><D72/><U3/><E3/><V11/><F11/><W100/><G84/><T129/><D93/><U110/><E110/><V123/><F123/><W103/><G134/><T63/><D74/><U44/><E69/><V32/><AGARI ba="0,1" hai="27,28,32,52,56,57,60,61,67,82,83,87,91,94" machi="32" ten="20,5200,0" yaku="1,1,0,1,7,1,54,1,53,0" doraHai="1" doraHaiUra="75" who="2" fromWho="2" sc="274,-26,248,-13,196,62,272,-13" /><INIT seed="5,0,0,3,0,124" ten="248,235,258,259" oya="1" hai0="90,56,48,74,44,105,98,39,134,22,13,116,1" hai1="10,84,9,24,67,66,104,71,46,3,103,118,130" hai2="89,51,43,14,59,93,126,26,38,58,88,50,7" hai3="131,21,41,42,91,128,73,129,0,5,27,40,77"/><U62/><E118/><V135/><F38/><W110/><G110/><T57/><D1/><U80/><E67/><V11/><F135/><W31/><G91/><N who="2" m="34889" /><F126/><W102/><G102/><T36/><D74/><U55/><E3/><V123/><F123/><W82/><G0/><T95/><D116/><U47/><E104/><V75/><F75/><W85/><G5/><T33/><D33/><U70/><E70/><V54/><F93/><W83/><G83/><T79/><D79/><U69/><E69/><V94/><F94/><W125/><G125/><T28/><D105/><U8/><E103/><V68/><F68/><W92/><G92/><T101/><D101/><U106/><E106/><V132/><F26/><W18/><G31/><T2/><D2/><U64/><E64/><V121/><F132/><W122/><G73/><T78/><D36/><U119/><E119/><V107/><F107/><W32/><G32/><T97/><D39/><U52/><E24/><V60/><F121/><AGARI ba="0,0" hai="18,21,27,40,41,42,77,82,85,121,122,128,129,131" machi="121" ten="50,8000,1" yaku="19,1,52,3" doraHai="124" who="3" fromWho="2" sc="248,0,235,0,258,-80,259,80" /><INIT seed="6,0,0,2,3,6" ten="248,235,178,339" oya="2" hai0="134,69,5,33,10,78,43,13,81,88,128,40,56" hai1="28,127,32,103,49,131,55,76,27,130,80,72,20" hai2="120,24,85,87,9,105,93,91,107,1,39,117,113" hai3="37,66,3,47,82,67,7,26,125,96,101,135,4"/><V52/><F120/><W16/><G4/><T79/><D69/><U29/><E127/><V35/><F117/><W83/><G83/><T73/><D33/><U11/><E103/><V25/><F39/><W77/><G16/><T97/><D134/><U2/><E2/><V21/><F35/><W132/><G26/><T95/><D128/><N who="1" m="49195" /><E11/><V99/><F113/><W92/><G67/><T15/><D79/><U115/><E115/><V84/><F25/><W54/><G66/><T19/><D56/><N who="1" m="32879" /><E32/><V64/><F64/><W133/><G125/><T44/><D44/><U74/><E29/><V60/><F1/><W8/><G54/><T59/><D59/><U51/><E51/><V70/><F9/><AGARI ba="0,0" hai="5,9,10,13,15,19,40,43,73,78,81,88,95,97" machi="9" ten="30,7700,0" yaku="7,1,52,2,54,1" doraHai="6" who="0" fromWho="2" sc="248,77,235,0,178,-77,339,0" /><INIT seed="7,0,0,4,4,118" ten="325,235,101,339" oya="3" hai0="5,92,12,24,130,25,46,9,26,78,51,110,38" hai1="77,53,56,119,104,16,80,126,98,52,132,76,70" hai2="27,117,101,34,4,125,11,122,83,111,103,88,59" hai3="18,42,6,106,33,120,102,28,40,15,39,31,47"/><W63/><G120/><T97/><D110/><U134/><E70/><V81/><F111/><W99/><G33/><T19/><D38/><U66/><E119/><V107/><F34/><W94/><G6/><T44/><D130/><U10/><E126/><V13/><F117/><W37/><G106/><T0/><D78/><U41/><E41/><V57/><F125/><W29/><G63/><T7/><D0/><U8/><E66/><V109/><F109/><W82/><G82/><T30/><D30/><U113/><E113/><V91/><F107/><W112/><G112/><T129/><D129/><U72/><E76/><V3/><F3/><W69/><G69/><T87/><D87/><U54/><E8/><V17/><F27/><W55/><G55/><N who="0" m="30183" /><D46/><U64/><E64/><V67/><F67/><W36/><REACH who="3" step="1"/><G47/><REACH who="3" ten="325,235,101,329" step="2"/><T1/><D1/><U35/><E35/><V100/><F122/><W21/><AGARI ba="0,1" hai="15,18,21,28,29,31,36,37,39,40,42,94,99,102" machi="21" ten="40,7800,0" yaku="1,1,2,1,0,1,53,0" doraHai="118" doraHaiUra="123" who="3" fromWho="3" sc="325,-26,235,-26,101,-26,329,88" owari="299,10.0,209,-19.0,75,-42.0,417,51.0" /></mjloggm>