<mjloggm ver="2.3"><GO type="41" lobby="0"/><UN n0="%E5%A4%A9%E7%A5%9E%E4%B9%83%E9%9B%80" n1="%54%4A%70%6C%75%73" n2="%E5%B0%B1%E6%B4%BB%E7%94%9F%40%E5%B7%9D%E6%9D%91%E8%BB%8D%E5%9B%A3" n3="%72%65%62%65%72%69%32%35" dan="14,14,15,13" rate="1973.06,1973.75,1998.14,1914.38" sx="M,M,M,F"/><TAIKYOKU oya="0"/><INIT seed="0,0,0,5,1,60" ten="250,250,250,250" oya="0" hai0="118,99,41,21,1,130,44,61,91,95,92,114,113" hai1="97,28,5,26,112,124,24,37,120,72,17,14,30" hai2="35,56,2,127,7,90,53,135,79,64,20,0,51" hai3="83,106,39,67,100,96,110,78,87,122,25,43,98"/><T133/><D118/><U89/><E120/><V111/><F35/><W31/><G110/><T45/><D1/><U117/><E37/><V65/><F79/><W32/><G122/><T12/><D130/><U107/><E72/><V75/><F75/><W80/><G96/><T33/><D33/><U73/><E73/><V47/><F7/><W71/><G83/><T132/><D61/><U19/><E117/><V58/><F2/><W46/><REACH who="3" step="1"/><G71/><REACH who="3" ten="250,250,250,240" step="2"/><T123/><D123/><U59/><E97/><V134/><F111/><W108/><G108/><T11/><D114/><U52/><E112/><V16/><F0/><W18/><G18/><T103/><D113/><U22/><E124/><V82/><F127/><W66/><AGARI ba="0,1" hai="25,31,32,39,43,46,66,67,78,80,87,98,100,106" machi="66" ten="30,7900,0" yaku="1,1,0,1,52,2,53,0" doraHai="60" doraHaiUra="131" who="3" fromWho="3" sc="250,-39,250,-20,250,-20,240,89" /><INIT seed="1,0,0,1,2,24" ten="211,230,230,329" oya="1" hai0="108,47,89,56,113,49,61,101,87,97,123,7,57" hai1="68,50,73,21,27,106,129,118,0,23,14,46,31" hai2="20,67,121,120,103,10,119,104,74,102,127,34,28" hai3="41,132,77,88,16,126,78,35,98,3,111,39,100"/><U65/><E118/><V18/><F119/><W66/><G111/><T62/><D113/><U17/><E106/><V9/><F74/><W36/><G132/><T25/><D108/><U83/><E129/><V44/><F127/><W72/><G126/><T94/><D7/><U32/><E0/><V22/><F104/><W79/><G35/><T48/><D123/><U80/><E73/><V12/><F67/><W63/><G72/><T59/><D25/><U4/><E4/><V1/><F44/><W76/><G41/><T6/><D6/><U5/><E5/><N who="2" m="1199" /><F103/><W85/><G3/><T125/><D49/><U38/><E38/><V15/><F102/><W37/><G16/><T42/><REACH who="0" step="1"/><D125/><REACH who="0" ten="201,230,230,329" step="2"/><U2/><E2/><V19/><F10/><W51/><G51/><T13/><D13/><U130/><E130/><V105/><F105/><AGARI ba="0,1" hai="42,47,48,56,57,59,61,62,87,89,94,97,101,105" machi="105" ten="40,1300,0" yaku="1,1,53,0" doraHai="24" doraHaiUra="109" who="0" fromWho="2" sc="201,23,230,0,230,-13,329,0" /><INIT seed="2,0,0,2,3,95" ten="224,230,217,329" oya="2" hai0="118,34,82,127,126,91,56,25,40,51,15,24,17" hai1="86,52,96,3,122,84,93,44,106,89,69,75,65" hai2="54,119,133,103,19,18,12,35,58,124,105,29,87" hai3="68,79,117,28,10,42,123,61,97,5,100,73,92"/><V135/><F119/><W57/><G123/><T22/><D118/><U78/><E3/><V0/><F0/><W81/><G117/><T60/><D34/><U88/><E122/><V63/><F124/><N who="0" m="47658" /><D51/><U134/><E134/><N who="2" m="51211" /><F87/><W53/><G68/><T83/><D40/><U125/><E125/><V32/><F29/><W130/><G130/><T39/><D39/><U132/><E132/><V59/><F19/><W11/><G42/><T90/><D25/><U72/><E69/><V111/><F111/><W109/><G109/><T26/><D26/><U115/><E115/><V101/><F59/><W112/><G112/><T38/><D24/><U107/><E65/><V76/><F76/><W43/><G43/><T129/><D38/><U108/><E108/><V110/><F110/><W67/><G11/><T74/><D74/><N who="1" m="28203" /><E52/><V85/><F85/><W94/><G28/><T41/><D41/><U62/><E44/><V33/><F105/><N who="1" m="39945" /><E62/><V77/><F77/><W55/><REACH who="3" step="1"/><G94/><REACH who="3" ten="224,230,217,319" step="2"/><T1/><D129/><U70/><E70/><V71/><F71/><W2/><AGARI ba="0,1" hai="2,5,10,53,55,57,61,67,73,79,81,92,97,100" machi="2" ten="20,8000,1" yaku="1,1,2,1,0,1,7,1,52,1,53,0" doraHai="95" doraHaiUra="45" who="3" fromWho="3" sc="224,-20,230,-20,217,-40,319,90" /><INIT seed="3,0,0,2,5,87" ten="204,210,177,409" oya="3" hai0="135,109,71,42,16,83,70,8,9,82,39,63,65" hai1="133,62,80,23,125,75,131,134,105,51,76,28,61" hai2="12,15,20,102,68,27,45,122,40,94,111,3,92" hai3="110,59,19,106,116,22,86,117,25,0,43,78,123"/><W73/><G123/><T38/><D135/><N who="1" m="51723" /><E131/><V52/><F3/><W127/><G127/><T36/><D42/><U107/><E125/><V67/><F111/><W41/><G73/><T74/><D109/><U88/><E51/><V57/><F122/><W93/><G106/><N who="1" m="40458" /><E28/><V46/><F68/><W34/><G0/><T126/><D126/><U81/><E23/><V114/><F67/><W1/><G1/><T6/><D71/><U50/><E50/><V47/><F114/><W72/><G72/><T99/><D99/><U130/><E130/><V60/><F40/><W24/><G110/><T33/><D74/><U53/><E53/><V13/><REACH who="2" step="1"/><F102/><REACH who="2" ten="204,210,167,409" step="2"/><W96/><G117/><T98/><D70/><U124/><E124/><V95/><F95/><W101/><G116/><T129/><D65/><U108/><E108/><V115/><F115/><W21/><G43/><T118/><D129/><U100/><E100/><V89/><F89/><W26/><G41/><T113/><D118/><U54/><E54/><V104/><F104/><W18/><G34/><T32/><D33/><U90/><E90/><V58/><F58/><W97/><G97/><T31/><D32/><U56/><E56/><V5/><F5/><W49/><G59/><T112/><D98/><U121/><E121/><V35/><F35/><W120/><G120/><T91/><D113/><U84/><AGARI ba="0,1" hai="61,62,75,76,80,81,84,88" m="40458,51723" machi="84" ten="40,5200,0" yaku="20,1,52,1,54,1" doraHai="87" who="1" fromWho="1" sc="204,-13,210,62,167,-13,409,-26" /><INIT seed="4,0,0,1,1,53" ten="191,272,154,383" oya="0" hai0="135,123,73,17,4,23,129,110,84,130,26,66,9" hai1="27,25,70,98,106,56,126,2,67,44,37,121,71" hai2="22,49,112,6,65,77,36,50,78,88,7,63,111" hai3="5,19,48,21,124,92,34,16,32,118,1,105,12"/><T29/><D73/><U122/><E2/><V54/><F111/><W46/><G105/><T10/><D66/><U35/><E126/><V89/><F36/><W80/><G124/><T43/><D43/><N who="1" m="22639" /><E56/><N who="2" m="37095" /><F112/><W13/><G118/><T127/><D84/><U107/><E25/><V133/><F22/><W128/><G128/><N who="0" m="49259" /><D127/><U18/><E18/><V120/><F120/><W68/><G68/><N who="1" m="26154" /><E67/><V83/><F133/><W24/><G80/><T99/><D99/><U75/><E75/><V125/><F125/><W45/><G92/><T87/><D87/><U11/><E11/><N who="0" m="4105" /><D123/><N who="1" m="47115" /><E98/><V82/><F50/><W20/><G48/><T85/><D85/><U62/><E62/><V55/><F54/><W115/><G115/><T134/><D110/><U132/><E132/><N who="0" m="50729" /><D4/><N who="2" m="1578" /><F83/><W69/><G69/><T30/><AGARI ba="0,0" hai="17,23,26,29,30" m="50729,4105,49259" machi="30" ten="40,12000,1" yaku="19,1,20,1,34,2" doraHai="53" who="0" fromWho="0" sc="191,120,272,-40,154,-40,383,-40" /><INIT seed="4,1,0,0,5,107" ten="311,232,114,343" oya="0" hai0="36,133,45,96,87,44,77,38,110,127,131,82,27" hai1="124,121,75,65,62,39,30,28,71,125,59,20,67" hai2="25,64,10,24,55,11,70,126,98,23,123,31,99" hai3="7,12,63,68,72,61,47,129,117,73,8,118,119"/><T37/><D127/><N who="1" m="48715" /><E39/><V18/><F126/><W111/><G129/><T86/><D131/><U69/><E121/><V92/><F123/><W122/><G111/><T113/><D113/><U105/><E105/><V16/><F70/><N who="1" m="26633" /><E75/><V103/><F64/><W14/><G122/><T54/><D133/><U4/><E67/><V94/><F55/><W112/><G68/><T60/><D110/><U83/><E83/><V114/><F114/><W29/><G112/><T22/><D96/><U33/><E33/><V79/><F79/><W102/><G102/><T88/><D60/><U17/><E4/><V51/><F51/><W76/><G29/><T15/><D54/><U81/><E81/><V128/><F128/><W57/><G76/><T90/><D15/><AGARI ba="1,0" hai="15,17,20,28,30,59,62,65" m="26633,48715" machi="15" ten="30,1000,0" yaku="18,1" doraHai="107" who="1" fromWho="0" sc="311,-13,232,13,114,0,343,0" /><INIT seed="5,0,0,1,1,97" ten="298,245,114,343" oya="1" hai0="9,48,5,11,55,123,56,49,44,28,109,98,46" hai1="90,101,118,64,50,134,125,129,67,131,38,61,87" hai2="74,47,76,16,108,45,26,121,40,114,22,82,124" hai3="37,30,126,110,120,89,12,15,70,35,27,52,127"/><U133/><E38/><V20/><F108/><W0/><G110/><T10/><D123/><U54/><E118/><V94/><F121/><W107/><G0/><T77/><D109/><U14/><E14/><V42/><F124/><W83/><G120/><T99/><D28/><U80/><E125/><N who="3" m="47626" /><G107/><T132/><D132/><N who="1" m="50795" /><E101/><V60/><F114/><W62/><G37/><T41/><D77/><U112/><E112/><V34/><F34/><W105/><G105/><T25/><D5/><U31/><E31/><V92/><F60/><W21/><G35/><T3/><D3/><U24/><E24/><V8/><F8/><W128/><G128/><N who="1" m="49226" /><E61/><V1/><F1/><W117/><G117/><T88/><D25/><U13/><E13/><V71/><F71/><W78/><G89/><T116/><D116/><U6/><E6/><V119/><F119/><W102/><G102/><T18/><D18/><U81/><E81/><V65/><F65/><N who="3" m="41271" /><G52/><T7/><D7/><U32/><E32/><V122/><F122/><W23/><G23/><T19/><D19/><U104/><E104/><V43/><F22/><W130/><G130/><T58/><D99/><U73/><E73/><AGARI ba="0,0" hai="12,15,21,27,30,73,78,83" m="41271,47626" machi="73" ten="30,1000,0" yaku="18,1" doraHai="97" who="3" fromWho="1" sc="298,0,245,-10,114,0,343,10" /><INIT seed="6,0,0,2,3,131" ten="298,235,114,353" oya="2" hai0="89,14,88,41,83,84,129,87,2,15,0,22,108" hai1="11,111,109,16,110,126,21,55,104,63,72,67,94" hai2="13,47,116,5,32,78,82,71,66,75,10,50,8" hai3="27,107,59,133,64,18,95,12,123,135,42,54,80"/><V121/><F32/><W98/><G123/><T17/><D129/><U34/><E104/><V69/><F121/><W29/><G107/><T31/><D108/><U43/><E126/><V85/><F116/><W37/><G64/><T112/><D112/><U6/><E72/><V103/><F66/><W96/><G80/><T28/><D41/><U119/><E43/><V77/><F103/><W115/><G115/><T30/><REACH who="0" step="1"/><D15/><REACH who="0" ten="288,235,114,353" step="2"/><U134/><E134/><N who="3" m="51210" /><G42/><T90/><D90/><U36/><E119/><V120/><F120/><W74/><G37/><T124/><D124/><U45/><E36/><V91/><F10/><N who="3" m="6423" /><G74/><T44/><D44/><U93/><E45/><V117/><F117/><W61/><G95/><AGARI ba="0,1" hai="0,2,14,17,22,28,30,31,83,84,87,88,89,95" machi="95" ten="40,2600,0" yaku="1,1,54,1,53,0" doraHai="131" doraHaiUra="1" who="0" fromWho="3" sc="288,36,235,0,114,0,353,-26" /><INIT seed="7,0,0,2,2,91" ten="324,235,114,327" oya="3" hai0="5,119,116,58,78,117,13,44,63,100,25,35,65" hai1="45,102,55,118,98,54,60,7,113,133,101,22,64" hai2="121,89,107,26,129,77,48,72,104,132,73,126,46" hai3="94,23,27,79,21,11,19,93,114,67,125,47,85"/><W105/><G105/><T3/><D100/><U6/><E133/><V76/><F48/><W88/><G11/><T68/><D78/><N who="2" m="30314" /><F46/><W62/><G125/><T80/><D80/><U90/><E118/><V127/><F26/><N who="3" m="14655" /><G114/><T70/><D44/><U12/><E113/><V53/><F53/><W83/><G79/><T50/><D13/><U86/><E102/><V87/><F132/><W18/><G47/><T74/><D74/><N who="2" m="28778" /><F129/><W32/><G32/><T61/><D50/><U81/><E45/><V96/><F121/><W112/><G112/><T111/><D111/><U24/><E54/><V109/><F109/><W52/><G67/><T38/><D38/><U115/><E55/><V92/><F127/><W10/><G10/><T124/><D124/><U56/><E12/><V130/><F130/><W36/><G36/><T40/><D40/><U131/><E131/><V39/><F39/><W122/><G122/><T34/><D25/><U16/><REACH who="1" step="1"/><E115/><REACH who="1" ten="324,225,114,327" step="2"/><V99/><F126/><W1/><G1/><T71/><D119/><U14/><E14/><V51/><F51/><W66/><G66/><T9/><D117/><U20/><E20/><V4/><F4/><W8/><G8/><T57/><REACH who="0" step="1"/><D116/><REACH who="0" ten="314,225,114,327" step="2"/><U0/><E0/><V41/><F41/><W135/><G135/><T28/><D28/><U15/><E15/><V84/><F107/><AGARI ba="0,2" hai="6,7,16,22,24,56,60,64,81,86,90,98,101,107" machi="107" ten="30,3900,0" yaku="1,1,7,1,54,1,53,0" doraHai="91" doraHaiUra="49" who="1" fromWho="2" sc="314,0,225,59,114,-39,327,0" owari="314,11.0,284,-12.0,75,-42.0,327,43.0" /></mjloggm>