<mjloggm ver="2.3"><GO type="169" lobby="0"/><UN n0="%E7%94%9F%E8%82%89%E3%81%A7%E3%81%99%E3%82%88" n1="%58%E7%8C%AB" n2="%E3%82%A6%E3%83%AB%E3%83%88%E3%83%A9%E7%AB%8B%E7%9B%B4" n3="%E6%9C%88%E8%A9%A0%E3%81%95%E3%82%93" dan="16,17,17,16" rate="2124.32,2145.90,2210.94,2107.88" sx="M,M,M,F"/><TAIKYOKU oya="0"/><INIT seed="0,0,0,0,4,33" ten="250,250,250,250" oya="0" hai0="18,79,116,115,131,112,54,40,11,105,77,53,130" hai1="108,98,16,55,128,52,2,93,84,62,95,34,83" hai2="50,6,94,75,91,29,73,88,27,92,106,21,41" hai3="107,100,47,20,9,31,99,85,45,39,19,35,76"/><T44/><D105/><U127/><E34/><V14/><F106/><W59/><G35/><T61/><D116/><U10/><E128/><N who="0" m="49193" /><D11/><U13/><E2/><V120/><F120/><W70/><G70/><T17/><D18/><U114/><E108/><V28/><F28/><W135/><G135/><T123/><D17/><U4/><E127/><V5/><F41/><W56/><G31/><T96/><D96/><U1/><E114/><N who="0" m="43561" /><D123/><U3/><E3/><V125/><F125/><W12/><G9/><T43/><D79/><U81/><E95/><V65/><F14/><W22/><G76/><T30/><D30/><U69/><E83/><V118/><F29/><W24/><G19/><T7/><D7/><U134/><E134/><V129/><F129/><W133/><G99/><T23/><D23/><U124/><E124/><V26/><F21/><W63/><G22/><T72/><D72/><U48/><E98/><V97/><F97/><W101/><G20/><T122/><D77/><U103/><E103/><V119/><F75/><W49/><G101/><T121/><D121/><U15/><E15/><V86/><F73/><W80/><G12/><T51/><D122/><U68/><E93/><V71/><F119/><W0/><G100/><T8/><D8/><U74/><E74/><V64/><F118/><W32/><G32/><T78/><D78/><N who="1" m="46135" /><E4/><V37/><F5/><W82/><G107/><T57/><AGARI ba="0,0" hai="40,43,44,51,53,54,57,61" m="43561,49193" machi="57" ten="40,7800,0" yaku="19,1,34,2" doraHai="33" who="0" fromWho="0" sc="250,78,250,-26,250,-26,250,-26" /><INIT seed="0,1,0,3,0,90" ten="328,224,224,224" oya="0" hai0="59,94,3,133,0,106,70,41,132,104,24,80,8" hai1="82,65,81,33,14,112,43,115,4,20,92,126,124" hai2="130,53,1,19,128,21,62,116,61,93,111,69,46" hai3="134,102,49,121,73,9,85,103,22,12,16,95,67"/><T64/><D70/><U11/><E33/><V119/><F1/><W7/><G73/><T77/><D41/><U57/><E43/><V58/><F46/><W110/><G110/><T113/><D113/><N who="1" m="43595" /><E20/><V6/><F6/><W101/><G134/><T23/><D3/><U50/><E92/><V98/><F111/><W37/><G37/><T97/><D8/><U79/><E81/><V107/><F107/><W42/><G121/><T118/><D0/><U100/><E100/><V39/><F39/><W125/><G125/><T108/><D108/><U74/><E65/><V29/><F29/><W54/><G67/><T52/><D64/><U26/><E26/><V84/><F84/><W86/><G42/><T88/><D118/><N who="2" m="45098" /><F69/><W87/><G95/><T48/><D132/><U96/><E96/><V78/><F78/><W2/><REACH who="3" step="1"/><G87/><REACH who="3" ten="328,224,224,214" step="2"/><T55/><D133/><U38/><E38/><V83/><F93/><W76/><G76/><T123/><D123/><U30/><E126/><V75/><F98/><W28/><G28/><T109/><D109/><U45/><E30/><V89/><F75/><W68/><G68/><T36/><D36/><U114/><E124/><V31/><F31/><W99/><G99/><T27/><D104/><U34/><E34/><V63/><F83/><W71/><G71/><T120/><D106/><U122/><E122/><V5/><F89/><W105/><G105/><T15/><D120/><U135/><E135/><V117/><F117/><W47/><AGARI ba="1,1" hai="2,7,9,12,16,22,47,49,54,85,86,101,102,103" machi="47" ten="30,4000,0" yaku="1,1,0,1,54,1,53,0" doraHai="90" doraHaiUra="91" who="3" fromWho="3" sc="328,-21,224,-11,224,-11,214,53" /><INIT seed="1,0,0,1,5,58" ten="307,213,213,267" oya="1" hai0="68,96,46,126,26,5,0,28,107,81,86,40,85" hai1="36,88,63,55,119,90,53,66,17,7,131,80,20" hai2="50,15,116,106,57,34,118,30,69,97,99,95,25" hai3="127,124,41,22,130,52,110,33,82,103,77,8,72"/><U135/><E119/><V83/><F69/><W74/><G33/><T93/><D68/><U125/><E36/><V75/><F106/><W108/><G41/><T65/><D107/><U47/><E7/><V19/><F99/><W109/><G8/><T98/><D65/><U12/><E135/><V112/><F112/><W54/><G130/><T60/><D5/><U39/><E131/><V84/><F75/><W32/><G32/><T115/><D0/><U76/><E125/><N who="3" m="48202" /><G103/><T35/><D115/><U16/><E17/><V18/><F50/><W67/><G74/><T113/><D113/><U122/><E122/><V21/><F57/><W101/><G101/><T1/><D1/><U27/><E27/><V128/><F128/><W10/><G10/><T94/><D35/><U37/><E37/><V79/><REACH who="2" step="1"/><F19/><REACH who="2" ten="307,213,203,267" step="2"/><W59/><G59/><T51/><D96/><U121/><E121/><V133/><F133/><W44/><G44/><T31/><D98/><U14/><E39/><V13/><F13/><W134/><G134/><T3/><D46/><U111/><E14/><V56/><F56/><W61/><G109/><T62/><D126/><U89/><E47/><V23/><F23/><W2/><G22/><T42/><D3/><U70/><REACH who="1" step="1"/><E111/><REACH who="1" ten="307,203,203,267" step="2"/><V87/><F87/><AGARI ba="0,2" hai="12,16,20,53,55,63,66,70,76,80,87,88,89,90" machi="87" ten="40,12000,1" yaku="1,1,2,1,52,1,54,2,53,0" doraHai="58" doraHaiUra="117" who="1" fromWho="2" sc="307,0,203,140,203,-120,267,0" /><INIT seed="1,1,0,2,3,128" ten="307,343,83,267" oya="1" hai0="78,100,125,121,89,105,104,122,110,101,60,127,3" hai1="55,32,134,22,66,51,75,67,41,10,25,83,114" hai2="79,80,14,71,20,50,53,18,123,90,133,48,93" hai3="31,5,112,59,62,120,92,23,118,56,52,16,73"/><U40/><E114/><V77/><F71/><W85/><G112/><T47/><D3/><U0/><E32/><V116/><F123/><N who="0" m="47114" /><D47/><U42/><E134/><V111/><F116/><W88/><G120/><T97/><D60/><U132/><E132/><V119/><F119/><W84/><G73/><T13/><D13/><U108/><E75/><V98/><F111/><W30/><G5/><T6/><D6/><U115/><E115/><V45/><F133/><W113/><G113/><T26/><D26/><U29/><E108/><V129/><F129/><W107/><G107/><N who="0" m="41035" /><D78/><U37/><E37/><V106/><F106/><W46/><G46/><T17/><D17/><U63/><E63/><V130/><F130/><W15/><G118/><T43/><D43/><U72/><E10/><V86/><REACH who="2" step="1"/><F50/><REACH who="2" ten="307,343,73,267" step="2"/><N who="3" m="30743" /><G85/><T28/><D110/><U94/><E51/><V19/><F19/><W99/><G84/><T58/><D28/><U1/><E29/><V21/><F21/><W124/><G124/><N who="0" m="47691" /><D58/><U11/><E22/><V12/><F12/><W126/><G126/><T131/><D131/><U39/><E0/><V69/><F69/><W34/><G34/><T74/><D74/><U102/><E1/><V33/><F33/><W7/><G7/><T36/><D36/><U70/><E39/><V96/><F96/><W9/><G23/><T24/><D24/><U68/><E70/><V49/><F49/><W109/><G109/><T27/><D27/><U61/><E68/><V38/><F38/><W76/><G31/><T2/><D2/><U64/><E25/><V87/><F87/><W54/><G30/><RYUUKYOKU ba="1,1" sc="307,10,343,-30,73,10,267,10" hai0="89,97,100,101" hai2="14,18,20,45,48,53,77,79,80,86,90,93,98" hai3="9,15,16,54,59,62,76,88,92,99" /><INIT seed="2,2,1,2,1,91" ten="317,313,83,277" oya="2" hai0="96,69,51,68,38,45,82,46,54,99,27,23,75" hai1="72,32,18,2,39,112,101,121,134,60,117,29,131" hai2="108,13,85,34,73,9,102,26,59,84,129,61,12" hai3="88,81,114,111,97,49,50,55,16,87,135,42,133"/><V66/><F73/><W122/><G122/><T30/><D69/><U119/><RYUUKYOKU type="yao9" ba="2,1" sc="317,0,313,0,83,0,277,0" hai1="2,18,29,32,39,60,72,101,112,117,119,121,131,134" /><INIT seed="2,3,1,3,2,123" ten="317,313,83,277" oya="2" hai0="79,114,109,121,0,43,131,117,75,86,126,47,90" hai1="111,134,62,96,107,95,125,46,10,48,127,84,7" hai2="57,28,12,124,22,56,68,105,102,58,77,16,8" hai3="41,99,78,76,128,104,74,59,14,119,39,83,35"/><V87/><F124/><N who="1" m="47689" /><E134/><V26/><F68/><W115/><G119/><T67/><D121/><U100/><E111/><V30/><F105/><W97/><G35/><T54/><D114/><U110/><E110/><V51/><F102/><W64/><G104/><T89/><D109/><U21/><E62/><V52/><F30/><W82/><G128/><T132/><D0/><N who="1" m="359" /><E21/><V112/><REACH who="2" step="1"/><F112/><REACH who="2" ten="317,313,73,277" step="2"/><W24/><G115/><T108/><D126/><U55/><E84/><V44/><F44/><W65/><G74/><T5/><D86/><U37/><E37/><V73/><F73/><W70/><G70/><T101/><D75/><U122/><E122/><V63/><F63/><W71/><G71/><T94/><D108/><U13/><E107/><V120/><F120/><W106/><G106/><T27/><D117/><U1/><E1/><V32/><F32/><W116/><G116/><T6/><D132/><U69/><E69/><V29/><F29/><W103/><G103/><T80/><D101/><U129/><E129/><V93/><F93/><W135/><G135/><T19/><D94/><U42/><E100/><V40/><F40/><W50/><G41/><T72/><D43/><U66/><E42/><V9/><F9/><W4/><G39/><T130/><D131/><U81/><E95/><V15/><F15/><W98/><G14/><T118/><D130/><U23/><E13/><V3/><F3/><W113/><G113/><T33/><D118/><U92/><E46/><V45/><F45/><W53/><G98/><T49/><D33/><U18/><E96/><V34/><F34/><W2/><G99/><RYUUKYOKU ba="3,2" sc="317,-10,313,-10,73,30,277,-10" hai2="8,12,16,22,26,28,51,52,56,57,58,77,87" /><INIT seed="2,4,2,0,2,42" ten="307,303,103,267" oya="2" hai0="79,55,48,127,31,75,11,24,132,72,59,60,113" hai1="61,4,7,83,112,98,18,87,110,105,10,52,64" hai2="82,108,77,81,84,62,103,53,99,3,35,9,117" hai3="91,21,58,102,32,68,130,76,37,123,85,80,0"/><V106/><F117/><W25/><G123/><T116/><D113/><U23/><E112/><V56/><F35/><W78/><G68/><T120/><D120/><U97/><E110/><V124/><F124/><W94/><G32/><T50/><D116/><U34/><E34/><V16/><F108/><W36/><G0/><T129/><D129/><U38/><E38/><V29/><F29/><W28/><G130/><T126/><D132/><U69/><E52/><V22/><F3/><W73/><G78/><T89/><D89/><U1/><E105/><V46/><F9/><W125/><G125/><N who="0" m="47627" /><D11/><U133/><E4/><V111/><F111/><W67/><G102/><T107/><D107/><U39/><E39/><V118/><F118/><W92/><G92/><T88/><D88/><U119/><E133/><V95/><F106/><W14/><G14/><T43/><D43/><U5/><E5/><V27/><REACH who="2" step="1"/><F82/><REACH who="2" ten="307,303,93,267" step="2"/><W47/><G80/><N who="0" m="45159" /><D75/><U41/><E119/><V101/><F101/><W131/><G73/><T135/><D135/><U93/><E83/><V70/><F70/><W45/><G131/><T122/><D122/><U2/><E2/><V115/><F115/><W12/><G28/><T30/><D30/><U17/><E1/><V6/><F6/><W44/><G21/><AGARI ba="4,3" hai="21,24,31,48,50,55,59,60" m="45159,47627" machi="21" ten="30,1000,0" yaku="18,1" doraHai="42" who="0" fromWho="3" sc="307,52,303,0,93,0,267,-22" /><INIT seed="3,0,0,0,1,23" ten="359,303,93,245" oya="3" hai0="46,117,116,64,38,67,28,29,92,91,72,80,127" hai1="82,121,62,132,13,77,95,63,47,56,42,43,39" hai2="11,96,24,104,6,86,69,115,1,113,109,98,65" hai3="4,60,30,125,70,73,5,75,59,129,76,27,0"/><W20/><G129/><T9/><D127/><U106/><E106/><V2/><F109/><W12/><G125/><T89/><D72/><U44/><E121/><V134/><F134/><W16/><G70/><T26/><D9/><U17/><E132/><V103/><F2/><W88/><G0/><T85/><D38/><U58/><E95/><V128/><F128/><W90/><G75/><T40/><D40/><U48/><E63/><V34/><F86/><W112/><G112/><T21/><D46/><U37/><E48/><V130/><F96/><W57/><G76/><T99/><REACH who="0" step="1"/><D29/><REACH who="0" ten="349,303,93,245" step="2"/><U54/><E44/><V120/><F130/><W84/><G73/><T68/><D68/><U78/><E42/><V126/><F126/><W31/><G31/><T33/><D33/><U35/><E35/><V3/><F120/><W81/><G90/><T49/><D49/><U118/><E39/><V7/><F1/><W61/><G61/><T14/><D14/><U19/><E13/><V124/><F124/><W74/><G74/><T108/><D108/><U110/><E110/><V66/><F7/><N who="3" m="2635" /><G60/><T100/><D100/><U22/><E62/><N who="2" m="40119" /><F66/><AGARI ba="0,1" hai="21,26,28,64,66,67,80,85,89,91,92,99,116,117" machi="66" ten="40,2600,0" yaku="1,1,52,1,53,0" doraHai="23" doraHaiUra="123" who="0" fromWho="2" sc="349,36,303,0,93,-26,245,0" /><INIT seed="4,0,0,4,4,12" ten="385,303,67,245" oya="0" hai0="39,54,89,127,44,21,53,135,75,121,65,16,122" hai1="111,66,106,134,0,22,83,63,74,133,40,77,31" hai2="131,18,81,45,112,125,50,9,41,92,8,32,10" hai3="80,85,61,93,129,38,42,14,76,6,35,124,3"/><T15/><D75/><U108/><E0/><V91/><F32/><W79/><G3/><T78/><D135/><N who="1" m="51723" /><E106/><V34/><F34/><W69/><G35/><T73/><D127/><U23/><E40/><V84/><F112/><W5/><G79/><T88/><D73/><U7/><E7/><V56/><F125/><W46/><G129/><T27/><D78/><U64/><E64/><V33/><F33/><W43/><G43/><T37/><D65/><U17/><E31/><V62/><F131/><W47/><G47/><T11/><D121/><U109/><E17/><V114/><F114/><W52/><G124/><T67/><D67/><U97/><E97/><V96/><F62/><W30/><G30/><T110/><D110/><U2/><E2/><V60/><F60/><W70/><G70/><AGARI ba="0,0" hai="22,23,63,66,70,74,77,83,108,109,111" m="51723" machi="70" ten="40,1300,0" yaku="20,1" doraHai="12" who="1" fromWho="3" sc="385,0,303,13,67,0,245,-13" /><INIT seed="5,0,0,3,1,57" ten="385,316,67,232" oya="1" hai0="42,114,132,30,59,28,119,133,116,23,94,2,81" hai1="21,74,65,72,77,95,10,5,29,47,126,109,68" hai2="135,111,4,22,54,31,62,106,16,115,64,108,98" hai3="33,85,91,35,97,7,112,78,49,76,69,130,122"/><U118/><E118/><V120/><F120/><W53/><G122/><T102/><D2/><U128/><E77/><V83/><F135/><W125/><G7/><T41/><D114/><U117/><E117/><V50/><F115/><W60/><G112/><T48/><D81/><U96/><E47/><V13/><F4/><W67/><G130/><T93/><D59/><U105/><E105/><V25/><F83/><W79/><G97/><T88/><D102/><U38/><E38/><V131/><F131/><W66/><G66/><T103/><D103/><U90/><E128/><V36/><F36/><W46/><REACH who="3" step="1"/><G125/><REACH who="3" ten="385,316,67,222" step="2"/><T84/><D116/><U8/><E126/><V6/><F6/><W19/><G19/><T20/><D119/><U26/><E109/><V39/><F98/><W43/><G43/><T37/><D42/><U12/><E65/><V121/><F121/><W11/><G11/><T55/><D41/><U63/><E10/><V32/><F106/><W129/><G129/><T71/><D132/><U18/><E29/><V58/><REACH who="2" step="1"/><F39/><REACH who="2" ten="385,316,57,222" step="2"/><W100/><G100/><T3/><D37/><U15/><E5/><V92/><F92/><AGARI ba="0,2" hai="33,35,46,49,53,60,67,69,76,78,79,85,91,92" machi="92" ten="40,2600,0" yaku="1,1,52,1,53,0" doraHai="57" doraHaiUra="134" who="3" fromWho="2" sc="385,0,316,0,57,-26,222,46" /><INIT seed="6,0,0,0,5,23" ten="385,316,31,268" oya="2" hai0="95,130,112,111,125,79,7,87,40,93,82,46,74" hai1="80,55,4,43,129,119,35,133,89,116,101,90,21" hai2="68,106,51,123,98,14,109,5,9,132,27,34,30" hai3="66,83,131,24,17,108,61,94,126,96,18,56,64"/><V134/><F123/><W81/><G108/><T12/><D111/><U103/><E35/><V16/><F109/><W122/><G131/><T26/><D112/><U72/><E43/><V52/><F68/><W88/><G126/><T13/><D125/><U58/><E4/><V115/><F115/><W53/><G122/><T41/><D41/><U44/><E44/><V70/><F70/><W117/><G117/><T19/><D74/><U62/><E101/><V25/><F106/><W69/><G18/><T45/><D45/><U15/><E103/><V32/><F98/><W28/><G17/><T57/><D57/><U47/><E47/><V50/><F50/><W75/><G75/><T124/><D124/><U121/><E121/><V99/><F99/><W84/><G69/><T104/><D104/><U54/><E54/><V59/><F5/><W10/><G10/><T105/><D105/><U127/><E127/><V102/><F102/><W11/><G11/><T118/><D7/><U38/><E38/><V77/><F77/><W36/><G36/><T31/><D118/><U86/><E72/><V42/><F42/><W113/><G113/><T97/><D130/><U110/><E129/><V128/><F128/><W63/><G63/><T29/><D40/><U39/><E39/><V2/><F2/><W49/><G61/><T1/><D97/><U85/><E110/><V120/><F120/><W6/><G6/><T8/><D1/><U65/><E116/><V71/><F71/><W91/><G83/><T3/><D3/><U107/><E119/><V78/><F78/><W67/><G67/><RYUUKYOKU ba="0,0" sc="385,-15,316,-15,31,15,268,15" hai2="9,14,16,25,27,30,32,34,51,52,59,132,134" hai3="24,28,49,53,56,64,66,81,84,88,91,94,96" /><INIT seed="6,1,0,4,4,3" ten="370,301,46,283" oya="2" hai0="30,23,117,61,111,90,59,96,73,87,128,135,36" hai1="134,93,33,68,129,98,25,55,78,37,83,13,116" hai2="107,130,50,41,113,8,126,51,6,127,1,103,84" hai3="118,48,100,9,104,44,69,0,45,53,133,125,131"/><V56/><F130/><W70/><G118/><T121/><D36/><U95/><E116/><V108/><F113/><W32/><G32/><T124/><D111/><U66/><E37/><V75/><F75/><W102/><G131/><T132/><D73/><U19/><E95/><V110/><F107/><W5/><G125/><N who="2" m="47625" /><F103/><W62/><G133/><T49/><D128/><U82/><E82/><V67/><F84/><W20/><G45/><T94/><D124/><U120/><E129/><V15/><F1/><W43/><G20/><T64/><D121/><U91/><E134/><N who="0" m="51241" /><D49/><N who="2" m="18442" /><F41/><W89/><G104/><T122/><D122/><U21/><E120/><V24/><F24/><W4/><G102/><N who="0" m="60695" /><D117/><U58/><E33/><V80/><F80/><W109/><G100/><T42/><D42/><U18/><E83/><V47/><F47/><W72/><G72/><T11/><D87/><U7/><E78/><V63/><AGARI ba="1,0" hai="6,8,15,56,63,67,108,110" m="18442,47625" machi="63" ten="40,3900,0" yaku="18,1,52,1" doraHai="3" who="2" fromWho="2" sc="370,-14,301,-14,46,42,283,-14" /><INIT seed="6,2,0,0,4,56" ten="356,287,88,269" oya="2" hai0="29,10,128,9,131,45,100,13,135,64,124,26,103" hai1="40,85,17,123,59,41,11,34,78,120,125,12,97" hai2="113,69,18,30,4,70,21,58,49,81,109,80,51" hai3="71,88,94,5,50,90,38,87,1,37,72,46,19"/><V2/><F113/><W33/><G72/><T36/><D124/><U23/><E34/><V82/><F109/><W116/><G116/><T14/><D135/><U42/><E125/><V57/><F30/><W53/><G33/><T122/><D64/><U127/><E127/><V117/><F117/><W3/><G71/><T27/><D122/><N who="1" m="46635" /><E97/><V84/><F69/><W89/><G89/><T74/><D74/><U24/><E59/><N who="2" m="22539" /><F70/><W66/><G66/><T48/><D36/><U8/><E24/><N who="2" m="14391" /><F2/><W99/><G19/><T102/><D29/><U95/><E95/><V54/><F4/><W65/><G65/><T67/><D67/><U133/><E133/><V15/><F15/><N who="0" m="5642" /><D131/><U47/><E47/><N who="2" m="27967" /><F51/><W75/><G75/><T28/><D128/><U77/><E77/><AGARI ba="2,0" hai="77,80,81,82,84" m="27967,14391,22539" machi="77" ten="30,1500,0" yaku="8,1" doraHai="56" who="2" fromWho="1" sc="356,0,287,-21,88,21,269,0" /><INIT seed="6,3,0,1,0,87" ten="356,266,109,269" oya="2" hai0="122,73,32,93,129,45,66,35,47,55,70,5,28" hai1="58,14,81,86,7,84,120,24,0,99,22,60,15" hai2="12,8,114,3,39,117,56,9,76,79,121,65,37" hai3="132,110,77,10,29,111,1,109,33,16,13,104,89"/><V90/><F121/><W95/><G104/><T94/><D73/><U128/><E128/><V64/><F117/><W98/><G132/><T131/><D122/><U101/><E120/><V27/><F3/><W30/><G33/><T62/><D5/><U85/><E0/><V23/><F114/><W124/><G124/><T38/><D38/><U107/><E7/><V88/><F12/><W25/><G1/><T43/><D43/><U52/><REACH who="1" step="1"/><E81/><REACH who="1" ten="356,256,109,269" step="2"/><V100/><F100/><W125/><G125/><T63/><D129/><U102/><E102/><V51/><F37/><W113/><G113/><T116/><D131/><U57/><E57/><V134/><F39/><W108/><G108/><T19/><D116/><U40/><E40/><V67/><F134/><W96/><G110/><T21/><D70/><U78/><E78/><N who="2" m="29739" /><F56/><W74/><G77/><T34/><D47/><U59/><E59/><V68/><F68/><W4/><G111/><T6/><D45/><U106/><E106/><V42/><F42/><W31/><G109/><T115/><D115/><U53/><E53/><V69/><F69/><W75/><G75/><T20/><D55/><U2/><E2/><V61/><F61/><W127/><G74/><T80/><D62/><U133/><E133/><V83/><F51/><W44/><G127/><T26/><D63/><U130/><E130/><V72/><F72/><W18/><G44/><T123/><D123/><U82/><E82/><V135/><F135/><W71/><G71/><T112/><D80/><U126/><E126/><V118/><F118/><W41/><G41/><T50/><D112/><RYUUKYOKU ba="3,1" sc="356,-10,256,30,109,-10,269,-10" hai1="14,15,22,24,52,58,60,84,85,86,99,101,107" /><INIT seed="7,4,1,2,5,124" ten="346,286,99,259" oya="3" hai0="40,36,5,18,28,45,79,76,55,78,3,67,121" hai1="1,127,46,81,52,85,50,32,99,14,117,135,120" hai2="122,43,23,92,87,63,114,109,106,82,19,56,128" hai3="61,7,54,101,112,116,58,33,57,90,111,125,98"/><W105/><G116/><T89/><D121/><U13/><E117/><V9/><F106/><W6/><G33/><T123/><D123/><U29/><E120/><V95/><F122/><W94/><G125/><T96/><D67/><U118/><E118/><V71/><F114/><W51/><G112/><T133/><D133/><U119/><E119/><V0/><F71/><W34/><G34/><T97/><D28/><U44/><E1/><V104/><F109/><W22/><G22/><T38/><D18/><U110/><E110/><V88/><F104/><W17/><G17/><T53/><D36/><U27/><E127/><V130/><F43/><W16/><G16/><T31/><D31/><U70/><E70/><V10/><F10/><W20/><G20/><T49/><D38/><U41/><E99/><N who="0" m="37961" /><D3/><U24/><E24/><V68/><F68/><W77/><G77/><T93/><D5/><U73/><E73/><V48/><F48/><W8/><G111/><T75/><D75/><U59/><E135/><V72/><F9/><W84/><REACH who="3" step="1"/><G8/><REACH who="3" ten="346,286,99,249" step="2"/><T102/><D79/><U131/><E131/><N who="2" m="50219" /><F72/><W30/><G30/><T15/><D78/><U2/><E2/><V60/><F0/><W11/><G11/><T103/><D76/><U4/><E4/><V12/><F60/><W66/><AGARI ba="4,2" hai="6,7,51,54,57,58,61,66,84,90,94,98,101,105" machi="66" ten="20,3900,0" yaku="1,1,0,1,7,1,53,0" doraHai="124" doraHaiUra="37" who="3" fromWho="3" sc="346,-17,286,-17,99,-17,249,71" /><INIT seed="7,5,0,1,3,7" ten="329,269,82,320" oya="3" hai0="73,63,81,80,10,21,9,79,35,68,24,125,99" hai1="41,76,100,62,15,120,82,31,20,40,118,38,45" hai2="66,47,25,133,30,96,26,128,88,103,13,104,37" hai3="107,105,94,95,109,93,6,55,36,19,127,59,22"/><W53/><G36/><T0/><D0/><U67/><E120/><V4/><F128/><W33/><G33/><T78/><D125/><U115/><E115/><V86/><F133/><W64/><G127/><T114/><D35/><U52/><E118/><V116/><F116/><W48/><G109/><T2/><D2/><U56/><E100/><V27/><F37/><W110/><G110/><T101/><D114/><U91/><E91/><V108/><F108/><W43/><G6/><T132/><D132/><U29/><E41/><V134/><F134/><W57/><G64/><T65/><D21/><U54/><E31/><V122/><F122/><W92/><N who="3" m="23552" /><DORA hai="69" /><W126/><G126/><T77/><D24/><U61/><E61/><V121/><F121/><W18/><G43/><T97/><D79/><U34/><E34/><V87/><F87/><W49/><G19/><T117/><D117/><U28/><E28/><V131/><F131/><W119/><G119/><T129/><D129/><U111/><E111/><V74/><F74/><W71/><G71/><T50/><D50/><U51/><E38/><V32/><F66/><W84/><G84/><N who="0" m="48143" /><D101/><U75/><REACH who="1" step="1"/><E15/><AGARI ba="5,0" hai="15,18,22,48,49,53,55,57,59,105,107" m="23552" machi="15" ten="50,2400,0" yaku="9,1" doraHai="7,69" who="3" fromWho="1" sc="329,0,269,-39,82,0,320,39" owari="329,13.0,230,-17.0,82,-42.0,359,46.0" /></mjloggm>