<mjloggm ver="2.3"><GO type="169" lobby="0"/><UN n0="%E2%96%A0%E3%82%B9%E3%83%A1%E3%83%A9%E3%82%AE%E2%96%A0" n1="%E3%82%A2%E3%83%95%E3%83%AA%E3%82%AB" n2="%58%E7%8C%AB" n3="%E3%82%A6%E3%83%AB%E3%83%88%E3%83%A9%E7%AB%8B%E7%9B%B4" dan="16,17,16,17" rate="2111.97,2118.24,2161.28,2192.92" sx="M,M,M,M"/><TAIKYOKU oya="0"/><INIT seed="0,0,0,5,3,130" ten="250,250,250,250" oya="0" hai0="93,97,47,4,6,24,12,11,96,95,20,36,53" hai1="133,63,64,50,98,48,0,123,110,51,23,7,16" hai2="32,67,83,116,68,128,27,103,70,18,28,88,61" hai3="26,85,38,30,122,75,1,119,89,19,117,45,33"/><T34/><D34/><U9/><E123/><V126/><F128/><W115/><G75/><T131/><D131/><U58/><E110/><V106/><F116/><W55/><G115/><T108/><D108/><U71/><E98/><N who="0" m="37993" /><D36/><U94/><E94/><N who="0" m="35849" /><D47/><U120/><E120/><V84/><F126/><W42/><G1/><T31/><D53/><U86/><E86/><V62/><F18/><AGARI ba="0,0" hai="4,6,11,12,18,20,24,31" m="35849,37993" machi="18" ten="30,1500,0" yaku="8,1" doraHai="130" who="0" fromWho="2" sc="250,15,250,0,250,-15,250,0" /><INIT seed="0,1,0,2,4,134" ten="265,250,235,250" oya="0" hai0="47,16,49,128,72,48,64,78,19,105,90,83,80" hai1="17,4,123,15,57,131,39,34,76,52,74,32,104" hai2="51,135,130,45,84,0,20,59,55,85,109,101,11" hai3="69,56,79,30,95,23,5,27,124,37,12,3,96"/><T68/><D105/><U97/><E39/><V126/><F135/><W106/><G37/><T81/><D128/><U115/><E123/><V87/><F130/><W31/><G69/><T38/><D38/><U66/><E66/><V41/><F109/><W14/><G106/><T112/><D112/><U61/><E131/><V22/><F101/><W54/><G79/><T108/><D78/><U114/><E4/><V129/><F129/><W33/><G33/><T62/><D72/><U65/><E65/><V132/><F132/><W67/><G67/><T53/><D108/><U63/><E63/><V18/><F126/><W10/><G31/><T116/><D116/><U44/><E44/><V113/><F113/><N who="1" m="43017" /><E76/><V29/><F29/><W111/><G124/><T13/><D49/><U43/><E43/><V103/><F103/><W58/><G58/><T7/><REACH who="0" step="1"/><D90/><REACH who="0" ten="255,250,235,250" step="2"/><U94/><E74/><V36/><F36/><W82/><G111/><T117/><D117/><U120/><E104/><V88/><F88/><W26/><G82/><T127/><D127/><U35/><E120/><V100/><F100/><W60/><G95/><T102/><D102/><N who="1" m="60727" /><E35/><V91/><F91/><W71/><G96/><T98/><D98/><U107/><E107/><V89/><F89/><W75/><G75/><T2/><D2/><U125/><E125/><V6/><F0/><W133/><G3/><T73/><D73/><U92/><E92/><V119/><F119/><W77/><G77/><T25/><D25/><U99/><E99/><V8/><F51/><N who="3" m="30815" /><G27/><T70/><D70/><U40/><E40/><V46/><F41/><RYUUKYOKU ba="1,1" sc="255,15,250,15,235,-15,250,-15" hai0="7,13,16,19,47,48,53,62,64,68,80,81,83" hai1="15,17,32,34,52,57,61" /><INIT seed="0,2,1,5,2,25" ten="270,265,220,235" oya="0" hai0="109,115,60,41,88,20,118,108,70,80,4,59,22" hai1="76,21,99,130,1,49,43,42,98,57,91,101,96" hai2="113,65,53,103,78,58,30,11,121,93,50,38,71" hai3="19,92,51,86,24,112,105,52,124,34,123,128,106"/><T31/><D115/><U46/><E1/><V74/><F121/><W27/><G112/><T110/><D118/><U77/><E130/><V3/><F113/><W56/><G128/><T0/><D70/><U66/><E43/><V16/><F38/><W15/><G124/><T13/><D41/><U18/><E91/><V87/><F74/><W97/><G123/><T85/><D0/><U89/><E89/><V82/><F3/><W35/><G86/><T64/><D31/><U12/><E101/><V68/><F65/><W131/><G131/><T67/><D67/><U81/><E81/><V14/><REACH who="2" step="1"/><F30/><REACH who="2" ten="270,265,210,235" step="2"/><W40/><G34/><T126/><D126/><U62/><AGARI ba="2,2" hai="12,18,21,42,46,49,57,62,66,76,77,96,98,99" machi="62" ten="30,2000,0" yaku="0,1,8,1" doraHai="25" who="1" fromWho="1" sc="270,-12,265,46,210,-7,235,-7" /><INIT seed="1,0,0,4,2,35" ten="258,311,203,228" oya="1" hai0="15,32,98,5,24,18,83,58,12,74,102,133,106" hai1="87,121,122,75,46,114,2,89,82,50,27,34,1" hai2="127,95,25,103,113,91,37,21,99,62,31,134,52" hai3="70,64,77,40,3,63,104,100,88,119,41,72,13"/><U116/><E114/><V4/><F113/><W29/><G13/><T11/><D133/><U65/><E65/><V117/><F117/><W14/><G14/><T39/><D39/><U9/><E116/><V30/><F134/><W56/><G56/><T23/><D58/><U124/><E75/><V0/><F37/><W26/><G88/><T131/><D131/><U84/><E124/><V85/><F127/><W94/><G94/><T92/><D106/><U73/><E73/><V86/><F31/><W55/><G55/><T51/><D51/><U43/><E87/><V44/><F62/><W128/><G128/><T66/><D66/><U69/><E69/><V112/><F112/><W7/><G77/><T97/><D97/><U54/><E43/><V38/><F38/><W22/><G72/><T80/><D74/><U125/><E125/><V90/><F90/><W47/><G47/><T71/><D71/><U101/><E101/><V132/><F132/><W48/><G48/><T8/><REACH who="0" step="1"/><D32/><REACH who="0" ten="248,311,203,228" step="2"/><U42/><E34/><V16/><F86/><W115/><G115/><T36/><D36/><U93/><E50/><V10/><F44/><W126/><G126/><T109/><D109/><U123/><E46/><V96/><F52/><W17/><G119/><T57/><D57/><U111/><E54/><V67/><F67/><W135/><G135/><T53/><D53/><U20/><E111/><V79/><F79/><W59/><G70/><T45/><D45/><U33/><E33/><N who="2" m="20687" /><F103/><W118/><G118/><T78/><D78/><U76/><E76/><V81/><F81/><W130/><G130/><RYUUKYOKU ba="0,1" sc="248,15,311,-15,203,15,228,-15" hai0="5,8,11,12,15,18,23,24,80,83,92,98,102" hai2="0,4,10,16,21,85,91,95,96,99" /><INIT seed="2,1,1,5,2,21" ten="263,296,218,213" oya="2" hai0="108,109,81,94,135,95,30,116,115,27,89,83,67" hai1="85,8,131,15,84,20,22,10,82,43,120,69,44" hai2="91,98,54,88,87,124,6,11,35,114,110,75,77" hai3="132,26,133,111,123,2,18,129,117,78,65,70,33"/><V96/><F114/><W125/><G78/><T16/><D115/><U17/><E69/><V9/><F124/><W48/><G48/><T23/><D135/><U97/><E120/><V42/><F42/><W101/><G101/><T90/><D116/><U76/><E131/><V47/><F35/><W127/><G65/><T50/><D67/><U73/><E97/><N who="2" m="37483" /><F75/><W36/><G26/><N who="0" m="14695" /><D50/><N who="1" m="26911" /><E73/><V107/><F107/><W72/><G18/><T40/><D40/><U28/><E85/><V61/><F110/><N who="0" m="42602" /><D95/><U130/><E130/><V63/><F77/><W41/><G41/><T0/><D0/><U51/><E51/><N who="2" m="29055" /><F91/><N who="0" m="34826" /><D94/><U4/><E4/><V34/><F34/><AGARI ba="1,1" hai="27,30,34,81,83" m="34826,42602,14695" machi="34" ten="30,7700,0" yaku="14,1,52,2,54,1" doraHai="21" who="0" fromWho="2" sc="263,90,296,0,218,-80,213,0" /><INIT seed="3,0,0,4,4,40" ten="353,296,138,213" oya="3" hai0="6,23,10,134,54,34,121,48,109,82,91,12,74" hai1="39,16,61,41,28,111,36,133,67,62,120,102,88" hai2="96,17,81,0,70,3,86,89,58,8,99,31,115" hai3="75,125,97,126,92,85,60,66,131,107,42,122,25"/><W69/><G75/><T30/><D121/><U11/><E120/><V55/><F70/><W35/><G122/><T7/><D109/><U135/><E111/><V84/><F115/><W29/><G131/><T113/><D134/><N who="1" m="51211" /><E102/><V27/><F3/><W100/><G42/><T14/><D113/><U53/><E28/><V52/><F55/><W108/><G108/><T119/><D119/><U63/><E53/><V72/><F72/><W116/><G116/><T95/><D34/><U101/><E101/><V22/><F86/><W65/><G65/><T127/><D127/><U37/><E88/><AGARI ba="0,0" hai="25,29,35,60,66,69,85,88,92,97,100,107,125,126" machi="88" ten="40,7700,0" yaku="25,2,54,1" doraHai="40" who="3" fromWho="1" sc="353,0,296,-77,138,0,213,77" /><INIT seed="3,1,0,2,1,109" ten="353,219,138,290" oya="3" hai0="38,11,119,0,5,2,135,83,37,122,34,20,108" hai1="111,81,24,44,45,92,68,76,22,7,114,67,131" hai2="133,91,128,51,10,48,134,56,78,132,55,6,31" hai3="101,46,96,106,117,50,72,129,9,19,12,93,57"/><W70/><G70/><T66/><D20/><U23/><E111/><V105/><F128/><W97/><G72/><T8/><D108/><U86/><E131/><V54/><F105/><W74/><G74/><T112/><D119/><U42/><E7/><V27/><F78/><W53/><G129/><T4/><D122/><U121/><E121/><V40/><F40/><W113/><G117/><T125/><D135/><U102/><E114/><V62/><F91/><W87/><G87/><T17/><D17/><U84/><E23/><V88/><F88/><W3/><G3/><T94/><D125/><U14/><E14/><V36/><F36/><W64/><G113/><T13/><D13/><U89/><E102/><V1/><REACH who="2" step="1"/><F55/><REACH who="2" ten="353,219,128,290" step="2"/><W124/><G124/><T99/><D83/><U41/><E41/><V16/><F16/><W65/><G106/><T80/><D80/><U49/><E42/><V100/><F100/><W69/><G97/><T39/><D34/><AGARI ba="1,1" hai="1,6,10,27,31,34,48,51,54,56,62,132,133,134" machi="34" ten="40,2600,0" yaku="1,1,20,1,53,0" doraHai="109" doraHaiUra="79" who="2" fromWho="0" sc="353,-29,219,0,128,39,290,0" /><INIT seed="4,0,0,1,3,7" ten="324,219,167,290" oya="0" hai0="44,61,83,19,81,82,110,80,101,56,13,89,108" hai1="31,93,109,30,18,41,24,133,1,112,90,20,57" hai2="2,16,104,123,125,74,135,67,88,29,48,63,21" hai3="46,9,10,72,59,52,11,128,122,54,73,15,117"/><T75/><D101/><U100/><E109/><V102/><F123/><W120/><G117/><T70/><D70/><U124/><E133/><V26/><F135/><W35/><G35/><T62/><D44/><U28/><E124/><V36/><F74/><W92/><G15/><T39/><D39/><U68/><E68/><V113/><F36/><W64/><G64/><T78/><D89/><U38/><E1/><V116/><F2/><W37/><G92/><T132/><D132/><U91/><E112/><V60/><F113/><W5/><G5/><T121/><D121/><N who="3" m="46697" /><G128/><T50/><D50/><U87/><E38/><V3/><F3/><W119/><G119/><T98/><D98/><N who="1" m="57663" /><E100/><V130/><F130/><W85/><G85/><T42/><D42/><U134/><E41/><V114/><F114/><W86/><G86/><T71/><D71/><U97/><E97/><V27/><F116/><W105/><G105/><T107/><D107/><U45/><E134/><V96/><F125/><W99/><G99/><T23/><REACH who="0" step="1"/><D62/><REACH who="0" ten="314,219,167,290" step="2"/><U0/><E45/><V34/><F60/><N who="3" m="35943" /><G37/><T127/><D127/><U22/><E57/><V118/><F118/><W131/><G131/><T65/><AGARI ba="0,1" hai="13,19,23,56,61,65,75,78,80,81,82,83,108,110" machi="65" ten="30,3000,0" yaku="1,1,0,1,53,0" doraHai="7" doraHaiUra="84" who="0" fromWho="0" sc="314,40,219,-10,167,-10,290,-10" /><INIT seed="4,1,0,4,3,30" ten="354,209,157,280" oya="0" hai0="109,132,104,10,22,113,90,87,80,13,107,53,105" hai1="38,24,15,26,3,47,126,8,135,84,33,55,83" hai2="108,114,18,81,78,17,101,63,29,7,72,9,60" hai3="96,97,131,98,70,94,99,51,71,125,110,127,69"/><T59/><D113/><U120/><E3/><V128/><F108/><W31/><G110/><T61/><D109/><U100/><E120/><V35/><F128/><W66/><G131/><T23/><REACH who="0" step="1"/><D132/><REACH who="0" ten="344,209,157,280" step="2"/><U27/><E135/><V50/><F114/><W67/><G127/><T11/><D11/><U20/><E126/><V12/><F101/><W119/><G125/><T74/><D74/><U14/><E100/><V42/><F18/><AGARI ba="1,1" hai="10,13,18,22,23,53,59,61,80,87,90,104,105,107" machi="18" ten="40,2000,0" yaku="1,1,53,0" doraHai="30" doraHaiUra="65" who="0" fromWho="2" sc="344,33,209,0,157,-23,280,0" /><INIT seed="4,2,0,5,1,110" ten="377,209,134,280" oya="0" hai0="38,28,3,124,109,56,90,122,128,76,75,7,131" hai1="6,133,68,84,24,86,49,37,129,117,99,66,130" hai2="59,123,23,96,61,73,74,33,57,135,118,46,114" hai3="41,65,121,25,132,81,92,126,120,98,103,106,35"/><T58/><D38/><U42/><E37/><V12/><F123/><W95/><G41/><T77/><D3/><U10/><E117/><V113/><F33/><W125/><G65/><T107/><D107/><U53/><E42/><V54/><F118/><W78/><G25/><T82/><D7/><U70/><E133/><V50/><F135/><W134/><G35/><T72/><D28/><U31/><E99/><V55/><F96/><W2/><G2/><T102/><D102/><U119/><E119/><V97/><F97/><W112/><G112/><N who="2" m="43113" /><F23/><W64/><G64/><T40/><D40/><U22/><E70/><V29/><F29/><W85/><G132/><T1/><D1/><N who="1" m="335" /><E68/><V94/><F94/><N who="3" m="35883" /><G134/><T105/><D105/><U39/><E39/><V51/><F12/><W14/><G14/><T36/><D36/><U101/><E101/><V8/><F8/><W60/><G121/><T45/><D122/><U48/><E22/><V67/><AGARI ba="2,0" hai="46,50,51,54,55,57,59,61,67,73,74" m="43113" machi="67" ten="30,7900,0" yaku="15,1,52,3" doraHai="110" who="2" fromWho="2" sc="377,-41,209,-22,134,85,280,-22" /><INIT seed="5,0,0,4,4,121" ten="336,187,219,258" oya="1" hai0="12,82,22,88,118,84,132,107,120,28,80,128,51" hai1="113,124,97,115,133,37,95,63,70,86,19,111,23" hai2="31,73,61,14,134,30,13,29,5,27,91,67,26" hai3="56,50,17,49,44,42,55,127,48,90,100,109,78"/><U25/><E37/><V87/><F73/><W34/><G34/><T66/><D107/><U126/><E86/><V119/><F119/><W123/><G78/><T130/><D118/><U108/><E133/><V18/><F134/><W135/><G100/><T110/><D132/><U76/><E76/><V98/><F98/><W117/><G135/><T74/><D66/><N who="1" m="41311" /><E95/><V38/><F38/><W47/><G117/><T32/><D32/><U40/><E97/><V2/><F2/><W11/><G123/><T4/><D74/><U36/><E40/><V72/><F72/><W125/><G90/><T69/><D69/><U21/><E21/><V53/><F5/><W114/><G17/><N who="0" m="10535" /><D28/><U71/><E71/><V99/><F99/><W54/><G11/><T33/><D33/><U106/><E36/><V93/><F14/><W59/><G114/><N who="1" m="43530" /><E106/><V122/><F122/><W43/><REACH who="3" step="1"/><G49/><REACH who="3" ten="336,187,219,248" step="2"/><T112/><D51/><U6/><E6/><V77/><F77/><W101/><G101/><T105/><D4/><U52/><E52/><V60/><F53/><W24/><G24/><N who="2" m="9257" /><F67/><W35/><G35/><T58/><D112/><U46/><E46/><V41/><F41/><W20/><G20/><AGARI ba="0,1" hai="13,18,20,29,30,31,60,61,87,91,93" m="9257" machi="20" ten="30,1000,0" yaku="8,1" doraHai="121" who="2" fromWho="3" sc="336,0,187,0,219,20,248,-10" /><INIT seed="6,0,0,0,3,123" ten="336,187,239,238" oya="2" hai0="50,34,109,119,131,48,99,84,106,118,24,61,126" hai1="127,64,14,70,56,30,95,21,26,98,134,87,76" hai2="2,29,80,16,94,69,115,108,20,38,125,66,28" hai3="18,89,36,12,86,130,51,37,112,93,63,71,27"/><V45/><F2/><W122/><G122/><T8/><D109/><U43/><E70/><V110/><F125/><W1/><G1/><T32/><D126/><U4/><E127/><V100/><F80/><W128/><G27/><T135/><D131/><N who="3" m="50217" /><G51/><N who="0" m="19499" /><D135/><U40/><E134/><V11/><F11/><N who="3" m="6431" /><G112/><T102/><D8/><U92/><E14/><N who="2" m="9239" /><F115/><W104/><G104/><T49/><D61/><N who="1" m="37927" /><E4/><V22/><F22/><W35/><G35/><T53/><D84/><U114/><E114/><V120/><F120/><W55/><G55/><T105/><D24/><U31/><E31/><N who="2" m="11851" /><F69/><W88/><G89/><T133/><D106/><U54/><E54/><V33/><F33/><W25/><G25/><T107/><D107/><U39/><E39/><V85/><F66/><AGARI ba="0,0" hai="36,37,63,66,71,86,88,93" m="6431,50217" machi="66" ten="30,2000,0" yaku="19,1,54,1" doraHai="123" who="3" fromWho="2" sc="336,0,187,0,239,-20,238,20" /><INIT seed="7,0,0,0,2,116" ten="336,187,219,258" oya="3" hai0="99,93,114,5,62,77,106,35,66,126,51,9,105" hai1="115,103,89,132,6,40,18,67,44,25,88,69,19" hai2="107,57,127,128,64,55,110,68,130,41,124,111,21" hai3="12,39,134,84,133,42,11,60,95,16,87,53,2"/><W4/><G42/><T83/><D35/><U120/><E115/><V17/><F107/><W109/><G39/><T59/><D126/><N who="2" m="48170" /><F41/><W46/><G95/><T63/><D114/><U82/><E132/><V78/><F78/><W52/><G53/><T28/><D28/><U123/><E103/><V29/><F29/><W81/><G109/><N who="2" m="41481" /><F64/><W47/><G47/><T72/><D63/><U108/><E108/><V30/><F30/><W113/><G113/><T3/><D51/><U119/><E119/><V15/><F68/><W91/><G84/><T135/><D135/><U54/><E54/><V32/><F32/><W70/><G70/><T38/><D38/><U50/><E67/><V27/><F27/><W94/><G94/><T58/><D58/><U131/><E69/><V79/><F79/><W33/><G33/><T104/><D104/><U101/><E101/><AGARI ba="0,0" hai="3,5,9,59,62,66,72,77,83,93,99,101,105,106" machi="101" ten="30,1000,0" yaku="7,1" doraHai="116" who="0" fromWho="1" sc="336,10,187,-10,219,0,258,0" owari="346,44.0,177,-32.0,219,-18.0,258,6.0" /></mjloggm>