<mjloggm ver="2.3"><GO type="41" lobby="0"/><UN n0="%6A%6A%62%6F%79" n1="%E5%B0%B1%E6%B4%BB%E7%94%9F%40%E5%B7%9D%E6%9D%91%E8%BB%8D%E5%9B%A3" n2="%72%61%72%75%74%6F" n3="%E3%81%91%E3%81%84%E3%81%8F%E3%82%93" dan="14,15,15,14" rate="1935.13,2023.13,2126.56,1918.38" sx="M,M,M,M"/><TAIKYOKU oya="0"/><INIT seed="0,0,0,5,2,96" ten="250,250,250,250" oya="0" hai0="16,3,60,79,40,70,26,91,64,32,131,41,23" hai1="67,58,38,21,89,15,118,99,92,115,24,13,135" hai2="46,55,97,109,133,59,6,56,90,81,34,31,9" hai3="77,123,43,128,95,22,65,122,103,25,101,116,82"/><T20/><D3/><U29/><E118/><V49/><F34/><W57/><G116/><T66/><D131/><U27/><E38/><V94/><F31/><W106/><G43/><T105/><D79/><U121/><E121/><N who="3" m="46090" /><G128/><T37/><D37/><U125/><E115/><V63/><F133/><W30/><G106/><T11/><D32/><U83/><E125/><V78/><F109/><W35/><G35/><T62/><D105/><U33/><E135/><V36/><F63/><N who="3" m="38127" /><G95/><T75/><D75/><AGARI ba="0,0" hai="22,25,30,75,77,82,101,103" m="38127,46090" machi="75" ten="30,3900,0" yaku="13,1,52,2" doraHai="96" who="3" fromWho="0" sc="250,-39,250,0,250,0,250,39" /><INIT seed="1,0,0,0,0,3" ten="211,250,250,289" oya="1" hai0="34,66,2,11,115,90,59,53,50,122,24,88,119" hai1="45,123,80,20,42,41,109,108,102,96,15,104,106" hai2="1,35,127,16,69,95,68,21,82,86,14,79,107" hai3="131,89,26,91,124,55,75,38,56,30,39,32,40"/><U0/><E0/><V77/><F107/><W7/><G75/><T105/><D105/><U57/><E106/><V61/><F35/><W114/><G114/><T5/><D119/><U125/><E123/><V63/><F1/><W8/><G131/><T33/><D115/><U46/><E125/><V133/><F133/><W6/><G124/><T98/><D122/><U47/><E80/><V81/><F127/><W37/><G40/><T52/><D66/><U97/><E97/><V60/><REACH who="2" step="1"/><F95/><REACH who="2" ten="211,250,240,289" step="2"/><W17/><G91/><T65/><D33/><U128/><E128/><V64/><F64/><W126/><G89/><T25/><D65/><U84/><E84/><AGARI ba="0,1" hai="14,16,21,60,61,63,68,69,77,79,81,82,84,86" machi="84" ten="40,5200,0" yaku="1,1,9,1,54,1,53,0" doraHai="3" doraHaiUra="92" who="2" fromWho="1" sc="211,0,250,-52,240,62,289,0" /><INIT seed="2,0,0,5,3,128" ten="211,198,302,289" oya="2" hai0="37,126,29,3,24,119,16,23,50,72,69,9,62" hai1="73,91,115,92,59,98,11,54,123,35,97,135,93" hai2="118,41,13,134,30,122,46,113,82,57,25,47,27" hai3="132,79,31,52,133,106,22,77,110,65,129,7,67"/><V68/><F68/><W102/><G129/><T60/><D37/><U14/><E73/><V26/><F118/><W105/><G7/><T17/><D72/><U53/><E35/><V130/><F122/><W39/><G39/><T40/><D69/><U84/><E123/><V8/><F113/><W85/><G110/><T107/><D107/><U61/><E115/><V120/><F120/><W5/><G5/><T49/><D3/><U28/><E135/><N who="3" m="51786" /><G52/><T109/><D126/><U43/><E28/><V95/><F130/><W71/><G71/><T103/><D103/><U90/><E84/><V51/><F134/><W86/><G102/><T15/><D119/><U114/><E114/><V96/><F46/><W108/><G108/><T6/><D40/><U81/><E81/><V116/><F82/><W1/><G1/><T101/><D101/><U19/><REACH who="1" step="1"/><E43/><REACH who="1" ten="211,188,302,289" step="2"/><V55/><F30/><W66/><G85/><T0/><D109/><U10/><E10/><V36/><F116/><W99/><G99/><T63/><REACH who="0" step="1"/><D17/><REACH who="0" ten="201,188,302,289" step="2"/><U70/><E70/><V20/><F41/><W38/><G38/><T32/><AGARI ba="0,2" hai="0,6,9,15,16,23,24,29,32,49,50,60,62,63" machi="32" ten="30,12000,2" yaku="1,1,2,1,0,1,24,2,54,1,53,0" doraHai="128" doraHaiUra="124" who="0" fromWho="0" sc="201,140,188,-30,302,-60,289,-30" /><INIT seed="3,0,0,3,3,84" ten="341,158,242,259" oya="3" hai0="21,11,101,53,51,97,15,4,122,99,44,82,133" hai1="70,1,117,5,33,56,62,65,34,128,134,3,91" hai2="78,0,127,90,87,121,80,63,59,123,119,40,28" hai3="71,32,104,25,68,27,94,67,48,41,45,89,114"/><W14/><G104/><T22/><D122/><N who="2" m="46602" /><F0/><W46/><G114/><T24/><D133/><U105/><E105/><V60/><F119/><W54/><G32/><T52/><D82/><U17/><E117/><V13/><F28/><W18/><G68/><T118/><D118/><U110/><E110/><V2/><F2/><W9/><G67/><T66/><D66/><U116/><E116/><V73/><F40/><W93/><G93/><N who="0" m="58543" /><D99/><U29/><E134/><V58/><F13/><W95/><G95/><T102/><D102/><U120/><E128/><V79/><F127/><W43/><G71/><T113/><D113/><U130/><E130/><V49/><F49/><N who="3" m="26815" /><G41/><N who="0" m="24975" /><D22/><U19/><E120/><V100/><F100/><W129/><G129/><T8/><D11/><U124/><E70/><V125/><F125/><W36/><G36/><T109/><D109/><U31/><E124/><V57/><F78/><W131/><G131/><T85/><D85/><AGARI ba="0,0" hai="9,14,18,25,27,46,48,54,85,89,94" m="26815" machi="85" ten="30,2900,0" yaku="8,1,52,1" doraHai="84" who="3" fromWho="0" sc="341,-29,158,0,242,0,259,29" /><INIT seed="3,1,0,4,3,91" ten="312,158,242,288" oya="3" hai0="32,81,2,43,63,30,19,129,33,132,38,5,86" hai1="17,134,103,89,18,118,8,133,94,112,51,79,93" hai2="119,27,39,117,15,92,42,37,83,48,108,80,85" hai3="41,99,114,58,121,34,1,67,96,107,102,100,73"/><W125/><G121/><T46/><D132/><N who="1" m="50795" /><E112/><V130/><F27/><W10/><G114/><T109/><D109/><U88/><E118/><V44/><F108/><W110/><G34/><T64/><D129/><U57/><E79/><V25/><F130/><W28/><G73/><T75/><D30/><U70/><E103/><V101/><F37/><W76/><G76/><N who="0" m="44191" /><D19/><N who="1" m="7179" /><E8/><V40/><F25/><W97/><G28/><T62/><D86/><N who="1" m="52375" /><E70/><V16/><F117/><W0/><G110/><T72/><D72/><U26/><E26/><V135/><F119/><W106/><G41/><T90/><D90/><U131/><E131/><V36/><F135/><W54/><G67/><T60/><D60/><U66/><E51/><V122/><F36/><W98/><G125/><T59/><D62/><N who="1" m="38223" /><E89/><V113/><F113/><W21/><G21/><T69/><D59/><U61/><E61/><V23/><F122/><W9/><G10/><AGARI ba="1,0" hai="2,5,10,32,33,38,43,46,63,64,69" m="44191" machi="10" ten="30,3900,0" yaku="25,1,33,2" doraHai="91" who="0" fromWho="3" sc="312,42,158,0,242,0,288,-42" /><INIT seed="4,0,0,4,5,39" ten="354,158,242,246" oya="0" hai0="62,88,83,104,103,97,98,56,49,78,50,52,117" hai1="18,45,70,105,1,2,66,24,44,93,61,75,22" hai2="120,101,128,106,94,85,92,14,31,4,42,77,72" hai3="119,57,110,90,26,23,74,111,0,87,114,53,96"/><T127/><D117/><U38/><E105/><V81/><F31/><W89/><G74/><T131/><D131/><U34/><E75/><V123/><F4/><W3/><G119/><T129/><D129/><U82/><E34/><V9/><F128/><W102/><G114/><T60/><D127/><U84/><E93/><V43/><F120/><W32/><G32/><T8/><D8/><U27/><E27/><V73/><F123/><W25/><G25/><T21/><D21/><U30/><E30/><V132/><F72/><W29/><G90/><T135/><D49/><U121/><E121/><V10/><F132/><W63/><G0/><T13/><D13/><U95/><E95/><V35/><F35/><W126/><G3/><T109/><D135/><U67/><E67/><V65/><F65/><W48/><G48/><T15/><D15/><U20/><E20/><V79/><F94/><W86/><G126/><T99/><D109/><U118/><E45/><V36/><F36/><W69/><G69/><T37/><D37/><U55/><E118/><V100/><F73/><W58/><G58/><T41/><D60/><U116/><E116/><V47/><F47/><W54/><G54/><T130/><D130/><U125/><E55/><V134/><F134/><W7/><G7/><T28/><D28/><U80/><E125/><V108/><F106/><N who="3" m="63815" /><G87/><N who="0" m="50303" /><D78/><N who="1" m="46103" /><E82/><V59/><F81/><N who="3" m="49359" /><G110/><T19/><D19/><U12/><E12/><V124/><F108/><W16/><G111/><T76/><D76/><U91/><E91/><V33/><F77/><W112/><G29/><T17/><D17/><U122/><E122/><RYUUKYOKU ba="0,0" sc="354,10,158,10,242,-30,246,10" hai0="41,50,52,56,62,97,98,99,103,104" hai1="1,2,18,22,24,38,44,61,66,70" hai3="16,23,26,53,57,63,112" /><INIT seed="4,1,0,5,2,3" ten="364,168,212,256" oya="0" hai0="62,122,61,39,64,47,84,51,82,101,86,45,11" hai1="18,79,105,114,6,9,10,95,81,35,46,32,26" hai2="123,107,88,25,5,91,98,125,113,103,4,120,19" hai3="99,7,121,1,28,102,56,90,57,17,53,131,112"/><T68/><D122/><U36/><E105/><V73/><F113/><W92/><G121/><T2/><D101/><U54/><E114/><V110/><F123/><W128/><G112/><T71/><D82/><U20/><E9/><V74/><F120/><W38/><G38/><T63/><D2/><U15/><E95/><V34/><F73/><W40/><G40/><N who="0" m="22687" /><D11/><U108/><E108/><V16/><F74/><W60/><G28/><T55/><D86/><U109/><E109/><V127/><F110/><W70/><G70/><N who="0" m="26667" /><D84/><U132/><E132/><V97/><F34/><W43/><G43/><T27/><D27/><U117/><E117/><V37/><F37/><W12/><G102/><T94/><D94/><U126/><E126/><N who="2" m="48139" /><F97/><W0/><G0/><T83/><D83/><U31/><E36/><V72/><F72/><W24/><G24/><T23/><D23/><U49/><REACH who="1" step="1"/><E31/><REACH who="1" ten="364,158,212,256" step="2"/><V135/><F135/><W33/><G33/><T69/><AGARI ba="1,1" hai="47,51,55,61,62,63,64,69" m="26667,22687" machi="69" ten="30,12000,1" yaku="35,5" doraHai="3" who="0" fromWho="0" sc="364,133,158,-41,212,-41,256,-41" /><INIT seed="4,2,0,5,5,94" ten="497,117,171,215" oya="0" hai0="91,90,78,108,105,6,36,27,73,47,81,97,109" hai1="123,121,131,49,50,125,106,0,102,134,119,96,100" hai2="122,24,114,4,130,101,88,86,118,67,112,85,34" hai3="2,1,69,54,107,32,110,59,19,115,104,66,43"/><T38/><D6/><U16/><E0/><V117/><F67/><W63/><G110/><N who="0" m="42603" /><D27/><U62/><E119/><N who="2" m="45579" /><F4/><W127/><G32/><T41/><D36/><U12/><E131/><V23/><F34/><W10/><G127/><T37/><D38/><U98/><E125/><V83/><F122/><W31/><G31/><T13/><D13/><U116/><E116/><V111/><F130/><W61/><G43/><T68/><D68/><U21/><E134/><V132/><F132/><W35/><G35/><T92/><D105/><U128/><E128/><V28/><F111/><W71/><G115/><T48/><D37/><U84/><E84/><V89/><F101/><AGARI ba="2,0" hai="41,47,48,73,78,81,90,91,92,97,101" m="42603" machi="101" ten="30,2900,0" yaku="10,1,52,1" doraHai="94" who="0" fromWho="2" sc="497,35,117,0,171,-35,215,0" /><INIT seed="4,3,0,5,5,118" ten="532,117,136,215" oya="0" hai0="21,89,127,92,102,18,104,70,62,135,54,116,31" hai1="94,114,49,103,11,52,34,91,98,32,131,44,77" hai2="7,109,128,123,24,56,60,48,9,85,130,90,51" hai3="80,101,36,2,72,129,46,68,23,134,106,82,13"/><T105/><D116/><U67/><E131/><N who="2" m="50219" /><F24/><W63/><G129/><T81/><D135/><U39/><E77/><V10/><F109/><W96/><G2/><T27/><D127/><U4/><E114/><V17/><F17/><W122/><G134/><T124/><D124/><U84/><E67/><N who="2" m="39303" /><F123/><W37/><G122/><T126/><D70/><U5/><E39/><V6/><F10/><W108/><G108/><T53/><D105/><U93/><REACH who="1" step="1"/><E5/><REACH who="1" ten="532,107,136,215" step="2"/><V26/><F7/><W119/><G119/><T133/><D126/><U25/><E25/><V99/><F26/><W43/><G37/><T112/><D31/><U83/><E83/><N who="2" m="49471" /><F99/><W120/><G120/><T40/><D112/><U59/><E59/><V50/><F6/><W65/><G72/><T132/><D133/><U88/><E88/><V29/><F9/><W66/><G65/><T45/><D81/><U97/><E97/><V19/><F19/><W58/><G68/><T117/><D132/><U33/><E33/><V79/><F79/><W20/><G80/><T121/><D121/><U75/><E75/><V42/><F29/><W71/><G82/><T12/><D27/><U100/><E100/><V47/><AGARI ba="3,1" hai="42,47,48,50,51" m="49471,39303,50219" machi="47" ten="30,1100,0" yaku="19,1" doraHai="118" who="2" fromWho="2" sc="532,-8,107,-6,136,30,215,-6" /><INIT seed="5,0,0,0,3,37" ten="524,101,166,209" oya="1" hai0="94,110,127,33,43,96,64,70,53,63,69,125,38" hai1="108,122,102,107,2,46,118,59,78,62,35,52,92" hai2="109,73,65,86,47,50,13,100,93,61,54,25,10" hai3="133,19,95,20,18,4,16,60,131,88,128,56,121"/><U77/><E118/><V57/><F109/><W84/><G121/><T14/><D33/><U31/><E122/><V123/><F123/><W101/><G4/><T81/><D110/><U124/><E108/><V135/><F73/><W126/><G126/><N who="0" m="48139" /><D81/><U15/><E107/><V79/><F135/><W21/><G101/><N who="0" m="60567" /><D14/><U23/><E124/><V39/><F25/><W8/><G8/><T114/><D53/><U30/><E2/><V91/><F39/><W17/><G133/><T117/><D117/><U119/><E119/><V132/><F132/><W28/><G28/><N who="1" m="10794" /><E46/><V44/><F100/><W76/><N who="3" m="4096" /><DORA hai="105" /><W6/><G6/><T120/><D114/><U129/><E129/><N who="3" m="49738" /><G76/><N who="1" m="29290" /><E35/><V89/><F79/><W116/><G116/><T87/><D70/><U58/><E58/><N who="2" m="33111" /><F89/><W104/><G104/><T34/><D34/><U22/><E15/><V111/><F111/><W11/><G11/><T71/><D71/><U24/><E24/><V66/><F10/><W9/><G9/><T41/><D120/><U99/><AGARI ba="0,0" hai="22,23,52,59,62,92,99,102" m="29290,10794" machi="99" ten="30,3000,0" yaku="8,1,54,1" doraHai="37,105" who="1" fromWho="1" sc="524,-10,101,30,166,-10,209,-10" /><INIT seed="5,1,0,0,3,102" ten="514,131,156,199" oya="1" hai0="126,71,22,23,115,43,32,16,116,25,26,123,91" hai1="134,118,110,50,132,56,75,14,65,93,131,24,53" hai2="81,96,117,54,60,44,5,69,21,70,111,12,113" hai3="63,13,76,0,68,87,49,17,3,30,121,84,82"/><U129/><E75/><V57/><F117/><W78/><G121/><T88/><D71/><U119/><E24/><N who="0" m="9321" /><D116/><N who="1" m="44587" /><E14/><V85/><F111/><W79/><G30/><T45/><D32/><U66/><E93/><V67/><F113/><W2/><G49/><N who="0" m="26815" /><D126/><U15/><E15/><V37/><F96/><W83/><G68/><T105/><D105/><U99/><E99/><V127/><F127/><W34/><G63/><T41/><D41/><U28/><E28/><V42/><F5/><W4/><G4/><T39/><D39/><U94/><E94/><V107/><F107/><W18/><G13/><N who="0" m="9487" /><D115/><U8/><E8/><V11/><F11/><W40/><G40/><T10/><D10/><U103/><E103/><V77/><F69/><W128/><G128/><N who="1" m="49226" /><E110/><V100/><F100/><W130/><G130/><T58/><D23/><U98/><E98/><V135/><F21/><W19/><REACH who="3" step="1"/><G34/><REACH who="3" ten="514,131,156,189" step="2"/><T109/><D109/><U52/><E53/><V48/><F12/><W33/><G33/><T46/><D123/><U72/><E72/><V104/><F104/><W61/><G61/><T55/><D46/><U97/><E97/><V108/><F108/><W7/><G7/><T31/><D31/><U1/><E1/><V89/><F89/><AGARI ba="1,1" hai="0,2,3,17,18,19,76,78,79,82,83,84,87,89" machi="89" ten="50,1600,0" yaku="1,1,53,0" doraHai="102" doraHaiUra="90" who="3" fromWho="2" sc="514,0,131,0,156,-19,189,29" /><INIT seed="6,0,0,1,4,125" ten="514,131,137,218" oya="2" hai0="44,124,17,116,20,49,79,100,72,35,47,85,69" hai1="25,129,68,42,56,46,32,31,10,96,121,65,103" hai2="106,5,80,82,41,64,1,113,37,102,12,24,36" hai3="0,119,115,109,87,48,70,60,27,118,3,92,11"/><V77/><F1/><W9/><G109/><T120/><D72/><U93/><E121/><V131/><F64/><W45/><G27/><T73/><D73/><U13/><E68/><V122/><F122/><W97/><G87/><T133/><D69/><U23/><E32/><V18/><F5/><W4/><G115/><T63/><D35/><U101/><E101/><V29/><F113/><W53/><G70/><T51/><D120/><U104/><E104/><V134/><F134/><W130/><G60/><T30/><D30/><U135/><E135/><V19/><F131/><W16/><G130/><T67/><D124/><U127/><E127/><V89/><F89/><W14/><REACH who="3" step="1"/><G0/><REACH who="3" ten="514,131,137,208" step="2"/><T111/><D133/><U66/><E129/><V91/><F24/><W84/><G84/><T99/><D85/><U34/><E34/><V98/><F29/><W81/><G81/><T78/><D116/><U105/><E105/><V117/><F80/><W7/><G7/><T123/><D123/><U107/><E107/><V61/><F117/><W15/><G15/><T110/><D110/><U55/><E13/><V132/><F61/><W90/><AGARI ba="0,1" hai="3,4,9,11,14,16,45,48,53,90,92,97,118,119" machi="90" ten="20,5200,0" yaku="1,1,0,1,7,1,54,1,53,0" doraHai="125" doraHaiUra="38" who="3" fromWho="3" sc="514,-13,131,-13,137,-26,208,62" /><INIT seed="7,0,0,3,2,23" ten="501,118,111,270" oya="3" hai0="45,121,101,91,104,49,38,62,13,73,94,35,68" hai1="120,92,116,114,85,32,28,81,88,16,7,43,41" hai2="75,84,20,37,55,119,10,103,100,99,21,64,129" hai3="76,113,12,40,72,25,59,112,27,105,33,60,87"/><W130/><G105/><T98/><D38/><U96/><E120/><V53/><F37/><W77/><G40/><N who="1" m="15434" /><E32/><V56/><F75/><W89/><G130/><T128/><D35/><U63/><E116/><V57/><F119/><W51/><G51/><T39/><D39/><U22/><E114/><N who="3" m="44138" /><G12/><T24/><D73/><U47/><E7/><V18/><F129/><W11/><G11/><T58/><D68/><U69/><E69/><V1/><F1/><W44/><G44/><T135/><D135/><U70/><E70/><V124/><F124/><W4/><G4/><T0/><D0/><U71/><E71/><V19/><F10/><W117/><G33/><T126/><D126/><U26/><E47/><V108/><F108/><W34/><G34/><T29/><D13/><U106/><E63/><V82/><F64/><N who="3" m="38943" /><G117/><T17/><D121/><U110/><E106/><V74/><F74/><W67/><G67/><N who="0" m="39383" /><D104/><U134/><E134/><V15/><F55/><W52/><G52/><N who="0" m="29743" /><D128/><U66/><E66/><V93/><F53/><W127/><G127/><T102/><D29/><U5/><E5/><V54/><F54/><W30/><G30/><T50/><D50/><U86/><E110/><V78/><F100/><W48/><G48/><T80/><D101/><N who="1" m="60551" /><E28/><V8/><REACH who="2" step="1"/><F8/><REACH who="2" ten="501,118,101,270" step="2"/><W125/><G125/><T133/><D133/><U97/><E81/><V95/><F95/><AGARI ba="0,1" hai="16,22,26,85,86,88,95,97" m="60551,15434" machi="95" ten="30,7700,0" yaku="8,1,52,1,54,2" doraHai="23" who="1" fromWho="2" sc="501,0,118,87,101,-77,270,0" owari="501,60.0,205,-19.0,24,-48.0,270,7.0" /></mjloggm>