<mjloggm ver="2.3"><GO type="41" lobby="0"/><UN n0="%E5%8C%97%E9%96%80%E6%85%B6" n1="%E5%B0%B1%E6%B4%BB%E7%94%9F%40%E5%B7%9D%E6%9D%91%E8%BB%8D%E5%9B%A3" n2="%6B%69%79%6F%34%35" n3="%2D%64%6F%72%61%31%2D" dan="14,17,14,14" rate="1994.67,2116.96,1993.21,2040.91" sx="M,M,M,M"/><TAIKYOKU oya="0"/><INIT seed="0,0,0,4,2,10" ten="250,250,250,250" oya="0" hai0="36,98,64,89,40,129,2,134,34,8,95,19,58" hai1="68,55,39,114,60,29,124,66,102,3,65,24,83" hai2="28,125,86,56,115,110,103,91,47,109,26,117,101" hai3="11,118,27,43,84,78,96,81,50,9,12,105,73"/><T14/><D129/><U88/><E3/><V21/><F115/><W57/><G118/><T70/><D134/><U18/><E114/><V52/><F125/><W46/><G11/><T106/><D34/><U59/><E39/><V97/><F47/><W74/><G27/><T1/><D106/><U5/><E5/><V7/><F7/><W49/><G49/><T20/><D70/><U13/><E102/><V67/><F67/><W123/><G123/><T92/><D95/><U90/><E124/><V76/><F76/><W45/><G45/><T111/><D111/><N who="2" m="42506" /><F117/><W132/><G57/><T75/><D75/><U121/><E121/><V51/><F97/><W48/><G48/><T35/><D35/><U53/><E53/><V17/><F28/><W33/><G33/><T93/><D92/><AGARI ba="0,0" hai="17,21,26,51,52,56,86,91,92,101,103" m="42506" machi="92" ten="30,2000,0" yaku="14,1,54,1" doraHai="10" who="2" fromWho="0" sc="250,-20,250,0,250,20,250,0" /><INIT seed="1,0,0,4,3,132" ten="230,250,270,250" oya="1" hai0="77,19,60,39,8,90,21,96,25,35,124,73,113" hai1="10,59,131,4,26,45,23,33,127,17,106,93,29" hai2="111,134,122,120,38,70,80,46,81,89,65,76,27" hai3="20,112,64,0,102,105,129,50,86,37,44,103,5"/><U99/><E106/><V16/><F134/><W41/><G112/><T84/><D39/><U66/><E131/><V22/><F111/><W31/><G105/><T7/><D113/><U85/><E45/><V61/><F81/><W69/><G129/><T36/><D36/><U98/><E85/><V42/><REACH who="2" step="1"/><F89/><REACH who="2" ten="230,250,260,250" step="2"/><W40/><G103/><T82/><D90/><U97/><E127/><V79/><F79/><W100/><G102/><T52/><D124/><U1/><E66/><V56/><F56/><W12/><G100/><T62/><D73/><AGARI ba="0,1" hai="16,22,27,38,42,46,61,65,70,73,76,80,120,122" machi="73" ten="30,3900,0" yaku="1,1,7,1,54,1,53,0" doraHai="132" doraHaiUra="109" who="2" fromWho="0" sc="230,-39,250,0,260,49,250,0" /><INIT seed="2,0,0,3,5,103" ten="191,250,309,250" oya="2" hai0="128,132,51,133,53,97,64,19,0,114,91,129,121" hai1="88,32,17,3,7,69,25,86,34,135,36,111,6" hai2="4,26,108,119,59,21,123,117,79,63,62,102,104" hai3="41,112,98,73,109,54,101,95,33,92,28,72,46"/><V113/><F123/><W122/><G122/><T43/><D0/><U9/><E69/><V93/><F113/><W45/><G109/><T99/><D19/><U71/><E71/><V12/><F79/><W118/><G118/><T125/><D114/><U1/><E36/><V90/><F63/><W27/><G112/><T89/><D64/><U23/><E111/><V52/><F108/><W126/><G126/><T24/><D24/><U18/><E135/><N who="0" m="51785" /><D121/><U55/><E55/><V49/><F4/><N who="1" m="1577" /><E88/><N who="0" m="33865" /><D43/><U120/><E86/><V106/><F12/><W76/><G95/><T68/><D68/><U67/><E67/><V107/><F102/><W35/><G35/><N who="1" m="13354" /><E120/><V58/><F58/><W16/><G46/><N who="0" m="27895" /><D125/><U61/><E61/><V13/><F13/><AGARI ba="0,0" hai="1,3,9,13,17,18,23,25" m="13354,1577" machi="13" ten="30,8000,1" yaku="35,5" doraHai="103" who="1" fromWho="2" sc="191,0,250,80,309,-80,250,0" /><INIT seed="3,0,0,1,4,125" ten="191,330,229,250" oya="3" hai0="19,92,93,62,128,35,14,75,131,9,23,80,5" hai1="16,88,57,18,110,38,64,117,77,40,99,44,29" hai2="129,1,54,98,51,103,68,42,74,30,102,28,87" hai3="108,127,123,118,21,100,17,86,78,33,7,94,20"/><W53/><G118/><T49/><D35/><U89/><E117/><V107/><F74/><W133/><G123/><T47/><D62/><U119/><E119/><V111/><F1/><W0/><G33/><T59/><D59/><U25/><E110/><V41/><F68/><W39/><G127/><T32/><D80/><U56/><E77/><V3/><F3/><W46/><G20/><T61/><D61/><U84/><E99/><V70/><F70/><W120/><G120/><T11/><D75/><U85/><E64/><V2/><F2/><W36/><G133/><T8/><D32/><U90/><E57/><V67/><F111/><W114/><G114/><T116/><D5/><U96/><E56/><V95/><F67/><W43/><G53/><T24/><D24/><U121/><E96/><V37/><F37/><W34/><G34/><T63/><D63/><U71/><E71/><V55/><F87/><W106/><G106/><T69/><D69/><U15/><E121/><V73/><F73/><W105/><G105/><T6/><D6/><U52/><E52/><V124/><F124/><W83/><G39/><T79/><D79/><U135/><E135/><V26/><F107/><W48/><G36/><T109/><D109/><U27/><E29/><V81/><F81/><W31/><G31/><T122/><D122/><U13/><E84/><V101/><F30/><W115/><G108/><T4/><D4/><U66/><E66/><V65/><F65/><W130/><G115/><T112/><D112/><U82/><E85/><V58/><F55/><W45/><G86/><T134/><D116/><RYUUKYOKU ba="0,0" sc="191,0,330,0,229,0,250,0" /><INIT seed="4,1,0,5,1,12" ten="191,330,229,250" oya="0" hai0="31,48,120,95,10,106,108,122,57,80,25,78,32" hai1="134,53,75,133,89,109,26,87,6,22,47,4,40" hai2="8,46,30,113,17,37,61,65,129,110,43,28,112" hai3="42,91,11,2,93,41,9,18,54,55,82,90,127"/><T118/><D118/><U1/><E75/><V130/><F110/><W70/><G70/><T121/><D106/><U126/><E53/><V105/><F105/><W92/><G127/><T98/><D108/><U104/><E104/><V68/><F30/><W21/><G2/><T66/><D10/><U83/><E1/><V24/><F8/><W34/><G34/><T135/><D135/><N who="1" m="51723" /><E109/><V62/><F62/><W84/><G21/><T116/><D116/><U76/><E76/><V88/><F88/><W64/><G64/><T77/><D80/><U111/><E126/><V56/><F17/><W125/><G125/><T23/><D32/><U100/><E100/><V117/><F24/><W35/><G35/><T39/><D39/><N who="1" m="21919" /><E111/><V36/><F28/><AGARI ba="1,0" hai="4,6,22,26,28,83,87,89" m="21919,51723" machi="28" ten="30,1000,0" yaku="20,1" doraHai="12" who="1" fromWho="2" sc="191,0,330,13,229,-13,250,0" /><INIT seed="5,0,0,3,3,12" ten="191,343,216,250" oya="1" hai0="33,106,98,23,108,101,52,124,128,58,3,9,39" hai1="62,81,59,89,44,123,20,27,75,68,111,35,121" hai2="71,53,37,31,7,67,88,129,18,104,47,48,135" hai3="76,16,64,82,91,115,45,95,94,22,5,42,84"/><U113/><E68/><V114/><F104/><W69/><G115/><T66/><D108/><U32/><E111/><V132/><F7/><W130/><G130/><T54/><D128/><U133/><E113/><V79/><F79/><W109/><G109/><T105/><D124/><U19/><E133/><N who="2" m="51275" /><F31/><W41/><G5/><T29/><D39/><U24/><E44/><V13/><F114/><W4/><G4/><T125/><D106/><U90/><E90/><V72/><F72/><W78/><G64/><T92/><D125/><U25/><E35/><V97/><F37/><W38/><G42/><T6/><D105/><U60/><E60/><N who="2" m="40423" /><F129/><W1/><G1/><T85/><D33/><U77/><E89/><V99/><F88/><W127/><G69/><T28/><D85/><U50/><E50/><V17/><F13/><W61/><G61/><T70/><D70/><U36/><E36/><V100/><F100/><W73/><G127/><T51/><D23/><U21/><E32/><V56/><F47/><W80/><G76/><T2/><D2/><U110/><E110/><V93/><F93/><W87/><G73/><T46/><REACH who="0" step="1"/><D66/><REACH who="0" ten="181,343,216,250" step="2"/><U102/><E21/><V134/><F134/><W11/><REACH who="3" step="1"/><G11/><REACH who="3" ten="181,343,216,240" step="2"/><T8/><D8/><U0/><E0/><V49/><F49/><AGARI ba="0,2" hai="3,6,9,28,29,46,49,51,52,54,58,92,98,101" machi="49" ten="30,3900,0" yaku="1,1,7,1,54,1,53,0" doraHai="12" doraHaiUra="74" who="0" fromWho="2" sc="181,59,343,0,216,-39,240,0" /><INIT seed="6,0,0,2,2,93" ten="240,343,177,240" oya="2" hai0="124,129,20,9,53,59,71,102,61,73,109,103,68" hai1="108,1,83,0,52,91,34,12,116,35,99,47,81" hai2="51,7,133,112,2,56,11,39,80,130,100,78,134" hai3="86,24,46,16,126,135,79,30,88,132,122,32,41"/><V10/><F10/><W72/><G122/><T6/><D109/><U43/><E116/><V118/><F112/><W95/><G126/><T90/><D124/><U28/><E108/><V31/><F118/><W33/><G79/><T64/><D129/><U26/><E35/><V40/><F39/><W15/><G72/><T120/><D73/><U22/><E1/><V66/><F100/><W70/><G33/><T58/><D120/><U114/><E0/><V107/><F107/><W105/><G70/><T74/><D74/><U49/><E114/><V110/><F31/><W89/><G89/><T123/><D123/><U94/><E34/><V97/><F97/><W85/><G85/><T76/><D76/><U44/><REACH who="1" step="1"/><E12/><REACH who="1" ten="240,333,177,240" step="2"/><V54/><F40/><W117/><G117/><T87/><D20/><U27/><E27/><V96/><F96/><W104/><G135/><N who="2" m="51721" /><F130/><W17/><G132/><T4/><D4/><U106/><E106/><V57/><F110/><W128/><G128/><T98/><D98/><U119/><E119/><V62/><F80/><W38/><G17/><T92/><D102/><U121/><E121/><V19/><F19/><W8/><AGARI ba="0,1" hai="8,15,16,24,30,32,38,41,46,86,88,95,104,105" machi="8" ten="20,5200,0" yaku="0,1,7,1,54,2" doraHai="93" who="3" fromWho="3" sc="240,-13,333,-13,177,-26,240,62" /><INIT seed="7,0,0,5,2,20" ten="227,320,151,302" oya="3" hai0="16,37,129,45,64,75,110,25,13,92,100,15,11" hai1="60,121,111,43,133,31,77,117,70,56,130,94,132" hai2="17,39,119,104,65,87,71,55,27,93,44,102,95" hai3="122,123,126,53,108,79,26,90,73,135,58,9,98"/><W72/><G126/><T5/><D110/><U76/><E70/><V42/><F119/><W66/><G108/><T14/><D129/><U28/><E111/><V114/><F114/><W107/><G135/><N who="1" m="51786" /><E130/><V34/><F87/><W35/><G66/><T62/><D75/><U97/><E43/><V19/><F55/><W105/><G9/><T115/><D115/><U88/><E121/><V63/><F93/><W125/><G125/><T47/><D37/><U18/><E18/><V96/><F95/><W50/><G73/><T120/><D120/><U30/><E117/><V46/><REACH who="2" step="1"/><F46/><REACH who="2" ten="227,320,141,302" step="2"/><W80/><G122/><T113/><D113/><U8/><E8/><V116/><F116/><W84/><G123/><T6/><D47/><U33/><E33/><V0/><F0/><W1/><G1/><T29/><D45/><U124/><E124/><V82/><F82/><W54/><G54/><AGARI ba="0,1" hai="28,30,31,54,56,60,76,77,88,94,97" m="51786" machi="54" ten="30,2000,0" yaku="20,1,54,1" doraHai="20" who="1" fromWho="3" sc="227,0,320,30,141,0,302,-20" owari="227,-17.0,350,45.0,141,-36.0,282,8.0" /></mjloggm>