<mjloggm ver="2.3"><GO type="225" lobby="0"/><UN n0="%E5%A4%A7%E7%8E%89%E5%B0%86" n1="%E3%83%B4%E3%83%A0%EF%BC%99%E3%81%A6" n2="%E3%83%88%E3%83%88%E3%83%AA%E5%85%88%E7%94%9F%31%39%E6%AD%B3" n3="%E7%99%BD%E6%B0%B4%E3%82%82%E3%81%AB" dan="16,16,17,17" rate="2154.51,2050.69,2123.77,2169.27" sx="M,M,F,F"/><TAIKYOKU oya="0"/><INIT seed="0,0,0,4,0,90" ten="250,250,250,250" oya="0" hai0="105,24,80,8,70,122,7,14,119,40,120,48,68" hai1="49,117,96,13,124,27,44,21,102,88,133,75,116" hai2="28,82,129,130,128,33,42,132,39,59,3,100,55" hai3="58,2,95,131,12,85,6,121,114,56,113,84,89"/><T30/><D119/><U73/><E133/><V0/><F132/><W66/><G131/><T112/><D112/><U101/><E124/><V60/><F100/><W92/><G2/><N who="2" m="553" /><F82/><W65/><G121/><T115/><D115/><U1/><E1/><V57/><F57/><N who="3" m="22123" /><G114/><T86/><D105/><U43/><E13/><V97/><F97/><W20/><G113/><T107/><D107/><U53/><E101/><V72/><F72/><W5/><G20/><T50/><D70/><U17/><E102/><V15/><F15/><W62/><G62/><T123/><D68/><U125/><E125/><V64/><F42/><W36/><G36/><T78/><REACH who="0" step="1"/><D40/><REACH who="0" ten="240,250,250,250" step="2"/><U35/><E43/><V29/><F128/><W25/><G6/><T79/><D79/><U38/><E116/><V11/><F129/><W74/><G5/><T83/><D83/><U135/><E117/><V109/><F130/><W22/><G66/><T108/><D108/><U91/><E135/><V81/><F109/><W63/><G65/><T93/><D93/><U32/><E53/><V45/><F81/><W41/><G41/><T19/><D19/><U77/><E77/><V37/><F64/><W94/><G94/><T9/><D9/><U134/><E17/><V111/><F11/><W34/><G95/><T106/><D106/><U118/><E118/><V99/><F111/><W98/><G92/><T110/><D110/><U26/><E134/><V87/><F37/><W127/><G98/><T51/><D51/><U10/><E96/><V67/><F99/><W52/><G127/><T71/><D71/><U69/><E69/><RYUUKYOKU ba="0,1" sc="240,30,250,-10,250,-10,250,-10" hai0="7,8,14,24,30,48,50,78,80,86,120,122,123" /><INIT seed="0,1,1,2,1,63" ten="270,240,240,240" oya="0" hai0="21,15,58,81,75,123,20,27,101,72,6,64,23" hai1="41,78,50,118,113,30,93,53,59,121,129,24,99" hai2="28,73,67,38,97,66,77,133,120,35,49,56,57" hai3="108,85,18,83,112,80,94,29,1,44,89,36,55"/><T116/><D123/><U3/><E121/><V126/><F120/><W86/><G112/><T32/><D116/><U102/><E118/><V82/><F38/><W33/><G108/><T106/><D32/><U114/><E3/><V2/><F2/><W52/><G1/><T46/><D27/><U74/><E129/><V130/><F130/><W132/><G132/><T22/><D46/><U117/><E117/><V13/><F133/><W115/><G115/><N who="1" m="44042" /><E41/><V111/><F126/><W39/><G18/><T26/><D81/><N who="1" m="45271" /><E24/><V135/><F111/><W70/><G44/><T84/><D84/><U104/><E30/><V12/><F135/><W45/><G45/><T61/><D6/><U5/><E5/><V110/><F110/><W96/><G29/><T16/><REACH who="0" step="1"/><D26/><REACH who="0" ten="260,240,240,240" step="2"/><U60/><E104/><V4/><F35/><W69/><G33/><T8/><D8/><U107/><E107/><V37/><F4/><W95/><G96/><AGARI ba="1,2" hai="15,16,20,21,22,23,58,61,64,72,75,96,101,106" machi="96" ten="40,7700,0" yaku="1,1,52,1,54,1,53,0" doraHai="63" doraHaiUra="79" who="0" fromWho="3" sc="260,100,240,0,240,0,240,-80" /><INIT seed="0,2,0,5,5,34" ten="360,240,240,160" oya="0" hai0="130,106,19,36,135,107,0,16,110,37,77,82,58" hai1="105,123,128,30,24,114,112,25,111,11,23,4,8" hai2="64,85,97,13,122,51,45,1,131,108,104,117,3" hai3="20,66,41,113,48,65,115,31,38,6,57,22,27"/><T133/><D130/><U79/><E105/><N who="0" m="39945" /><D58/><U14/><E79/><V67/><F122/><W26/><G38/><N who="0" m="14955" /><D0/><N who="2" m="74" /><F85/><W33/><G6/><T91/><D91/><U116/><E123/><V47/><F13/><W28/><G33/><T12/><D12/><N who="1" m="5127" /><E128/><V39/><F131/><W5/><G5/><T17/><D110/><U59/><E59/><V84/><F84/><W69/><G69/><T78/><D82/><U101/><E101/><N who="2" m="62511" /><F39/><W86/><G86/><T21/><D21/><N who="1" m="15631" /><E111/><V56/><F108/><W95/><G95/><T63/><D63/><U29/><E116/><V46/><F56/><W61/><REACH who="3" step="1"/><G66/><REACH who="3" ten="360,240,240,150" step="2"/><T121/><BYE who="2" /><D121/><U55/><E55/><V52/><F52/><W75/><G75/><T92/><D92/><U94/><E94/><V83/><F83/><W88/><G88/><T96/><D96/><U87/><E87/><V50/><F50/><W68/><G68/><T73/><D73/><U60/><E60/><V32/><F32/><W53/><G53/><T18/><N who="0" m="4096" /><DORA hai="70" /><T118/><D118/><U90/><E90/><V74/><F74/><W126/><G126/><T93/><D93/><UN n2="%E3%83%88%E3%83%88%E3%83%AA%E5%85%88%E7%94%9F%31%39%E6%AD%B3" /><U76/><E76/><AGARI ba="2,1" hai="76,77,78,133,135" m="4096,14955,39945" machi="76" ten="50,18000,2" yaku="28,2,52,3,54,1" doraHai="34,70" who="0" fromWho="1" sc="360,196,240,-186,240,0,150,0" /><INIT seed="0,3,0,5,3,48" ten="556,54,240,150" oya="0" hai0="82,51,43,52,55,80,91,40,130,4,61,56,50" hai1="12,108,97,30,109,22,95,36,77,8,127,59,100" hai2="45,115,99,114,46,126,58,124,13,9,7,47,101" hai3="90,26,121,37,10,119,78,87,83,34,35,38,65"/><T39/><D130/><U81/><E36/><V1/><F1/><W129/><G119/><T17/><D39/><U57/><E127/><N who="2" m="48683" /><F58/><W75/><G129/><T96/><D4/><U128/><E128/><V116/><F116/><W103/><G121/><T42/><D17/><U93/><E93/><AGARI ba="3,0" hai="7,9,13,45,46,47,93,99,101,114,115" m="48683" machi="93" ten="30,1000,0" yaku="18,1" doraHai="48" who="2" fromWho="1" sc="556,0,54,-19,240,19,150,0" /><INIT seed="1,0,0,2,1,92" ten="556,35,259,150" oya="1" hai0="17,131,90,19,70,118,115,107,77,31,86,55,84" hai1="54,62,51,25,99,66,121,33,3,6,67,42,108" hai2="27,57,113,2,56,22,101,41,124,21,122,126,117" hai3="50,116,132,29,10,105,114,134,103,30,128,76,53"/><U130/><E121/><V35/><F122/><W75/><G128/><T46/><D118/><U63/><E130/><V9/><F117/><W69/><G114/><T37/><D70/><U79/><E42/><V5/><F113/><W58/><G116/><T95/><D107/><U88/><E79/><V13/><F41/><W32/><G69/><T61/><D131/><U24/><E108/><V20/><F101/><W93/><G105/><T71/><D37/><U135/><E135/><N who="3" m="51754" /><G32/><T111/><D71/><U40/><E40/><V45/><F45/><W36/><G36/><T68/><D111/><U12/><E3/><V1/><F56/><W34/><G34/><T120/><D68/><U18/><E6/><V7/><F57/><W109/><G109/><T60/><D120/><U78/><E78/><V83/><F83/><N who="3" m="45471" /><G10/><T112/><D31/><U97/><E33/><V16/><F2/><W102/><G102/><T81/><D112/><U23/><E62/><N who="0" m="24169" /><D115/><U123/><E123/><V47/><F47/><W8/><G8/><T72/><D72/><U127/><E127/><N who="2" m="48683" /><F1/><W110/><G110/><T94/><D94/><N who="1" m="56519" /><E99/><AGARI ba="0,0" hai="29,30,50,53,58,93,99,103" m="45471,51754" machi="99" ten="30,2000,0" yaku="20,1,52,1" doraHai="92" who="3" fromWho="1" sc="556,0,35,-20,259,0,150,20" /><INIT seed="2,0,0,3,4,85" ten="556,15,259,170" oya="2" hai0="81,91,7,27,103,120,40,54,98,72,94,3,65" hai1="53,113,18,11,25,49,17,71,66,100,34,13,73" hai2="108,16,88,110,75,124,24,22,89,30,10,15,55" hai3="45,135,115,104,23,12,60,78,5,67,79,131,83"/><V132/><F75/><W32/><G32/><T28/><D120/><U44/><E113/><V63/><F132/><W59/><G135/><T106/><D40/><U6/><E73/><V76/><F76/><W57/><G131/><T86/><D65/><U52/><E100/><V92/><F124/><W38/><G104/><T122/><D54/><U84/><E53/><V2/><F2/><W119/><G119/><T111/><D122/><U46/><E46/><V8/><F8/><W74/><G79/><N who="0" m="44263" /><D111/><N who="2" m="42538" /><F92/><W126/><G126/><T58/><D58/><AGARI ba="0,0" hai="10,15,16,22,24,30,55,58,63,88,89" m="42538" machi="58" ten="30,18000,2" yaku="14,1,10,1,52,2,54,2" doraHai="85" who="2" fromWho="0" sc="556,-180,15,0,259,180,170,0" /><INIT seed="2,1,0,0,5,125" ten="376,15,439,170" oya="2" hai0="58,27,39,107,41,127,113,59,67,66,74,55,54" hai1="26,80,7,116,112,42,53,89,34,5,61,48,50" hai2="25,71,81,101,60,44,86,68,93,130,90,106,47" hai3="62,21,4,100,40,126,124,82,46,2,123,119,85"/><V38/><F130/><W88/><G119/><T57/><D107/><U17/><E116/><V1/><F1/><W9/><G123/><T32/><D74/><U35/><E112/><V121/><F121/><W133/><G133/><T103/><D32/><U73/><E35/><V94/><F38/><W29/><G100/><T6/><D103/><U18/><E34/><V110/><F110/><W135/><G135/><T20/><D6/><U104/><E104/><V16/><F106/><W56/><G21/><T51/><D27/><U118/><E118/><V63/><F71/><W111/><G29/><T102/><D102/><U37/><E37/><V132/><F132/><W10/><G10/><T75/><D20/><U91/><E73/><V92/><F101/><W43/><G111/><T65/><D75/><U72/><E72/><V76/><F76/><W45/><G43/><T0/><D0/><U70/><E70/><V13/><F25/><W97/><G97/><T12/><D12/><U95/><E26/><V52/><F68/><W8/><G8/><T28/><D28/><U105/><E105/><V19/><F19/><W117/><G117/><T115/><D127/><N who="3" m="48681" /><G40/><T78/><D78/><U30/><E30/><V87/><F87/><W134/><G134/><T128/><D39/><U120/><E120/><V96/><F96/><W15/><G2/><T69/><D69/><U22/><E42/><V108/><F108/><W83/><G83/><T11/><D11/><U84/><E80/><V49/><F47/><W36/><G36/><T129/><D113/><U109/><E109/><V122/><F122/><RYUUKYOKU ba="1,0" sc="376,-15,15,-15,439,15,170,15" hai2="13,16,44,49,52,60,63,81,86,90,92,93,94" hai3="4,9,15,45,46,56,62,82,85,88" /><INIT seed="2,2,0,1,1,130" ten="361,0,454,185" oya="2" hai0="10,114,64,1,81,34,44,49,129,35,56,116,72" hai1="93,123,29,76,78,25,38,71,58,95,89,88,122" hai2="85,52,133,59,7,75,98,132,131,115,111,39,99" hai3="61,110,2,135,36,73,91,22,94,60,53,101,106"/><V126/><F115/><W86/><G2/><T21/><D129/><U80/><E71/><V9/><F75/><W63/><G36/><T28/><D114/><U20/><E38/><V65/><F131/><W54/><G73/><T128/><D116/><U50/><E122/><V17/><F39/><W32/><G32/><T96/><D128/><U11/><E123/><V5/><F65/><W83/><G22/><T13/><D1/><U43/><E11/><V24/><F126/><W62/><G106/><T70/><D70/><U121/><E121/><V69/><F69/><W48/><G54/><T4/><D34/><U117/><E117/><V134/><F111/><W82/><G101/><T45/><D35/><U42/><E80/><V14/><F85/><W26/><G26/><T77/><D96/><N who="2" m="36906" /><F24/><W37/><G86/><T19/><D28/><U84/><E43/><V3/><F3/><W31/><G110/><T102/><D102/><U108/><E108/><V6/><F6/><W87/><G87/><T55/><REACH who="0" step="1"/><D64/><REACH who="0" ten="351,0,454,185" step="2"/><U100/><E100/><V92/><F92/><W57/><G31/><T107/><D107/><U125/><E125/><V119/><F119/><W127/><G127/><T18/><D18/><U104/><E104/><V51/><AGARI ba="2,1" hai="5,7,9,14,17,51,52,59,132,133,134" m="36906" machi="51" ten="40,12000,1" yaku="20,1,52,3,54,1" doraHai="130" who="2" fromWho="2" sc="351,-42,0,-42,454,136,185,-42" owari="309,11.0,-42,-54.0,590,69.0,143,-26.0" /></mjloggm>