<mjloggm ver="2.3"><GO type="97" lobby="0"/><UN n0="%E8%97%A4%E7%94%B0%E5%92%B2" n1="%46%2E%6B%6F%6B%6F%72%6F" n2="%E5%B0%B1%E6%B4%BB%E7%94%9F%40%E5%B7%9D%E6%9D%91%E8%BB%8D%E5%9B%A3" n3="%77%69%6E%63%68%61%6E" dan="13,14,15,13" rate="1875.51,1945.24,1988.15,1805.34" sx="M,M,M,F"/><TAIKYOKU oya="0"/><INIT seed="0,0,0,3,5,78" ten="250,250,250,250" oya="0" hai0="8,107,10,89,51,21,67,100,34,106,72,108,28" hai1="86,7,69,26,11,94,126,24,109,84,4,105,76" hai2="12,88,121,70,62,15,129,87,124,52,22,35,73" hai3="65,50,53,40,122,99,93,66,117,128,33,2,49"/><T115/><D108/><U91/><E69/><V55/><F35/><W37/><G33/><T95/><D72/><U9/><E105/><V16/><F73/><W103/><G2/><T13/><D115/><U130/><E109/><V23/><F121/><W90/><G117/><T18/><D67/><U41/><E126/><V32/><F32/><W47/><G122/><T80/><D106/><U43/><E130/><V27/><F124/><W98/><G37/><T5/><D107/><U68/><E68/><V58/><F129/><W120/><G120/><T30/><D51/><U83/><E9/><V127/><F70/><W38/><G38/><T48/><D48/><U79/><E79/><V131/><F131/><W123/><G123/><T25/><D30/><U97/><E97/><V36/><F36/><W64/><G128/><T19/><D19/><U81/><E94/><N who="2" m="54559" /><F127/><W29/><G29/><T110/><D110/><U63/><E63/><N who="2" m="36295" /><F23/><W46/><G66/><T92/><D100/><U125/><E125/><V114/><F114/><W96/><G96/><T6/><D6/><N who="1" m="2091" /><E11/><V42/><F42/><AGARI ba="0,0" hai="24,26,41,42,43,76,81,83,84,86,91" m="2091" machi="42" ten="30,3900,0" yaku="8,1,52,2" doraHai="78" who="1" fromWho="2" sc="250,0,250,39,250,-39,250,0" /><INIT seed="1,0,0,5,1,127" ten="250,289,211,250" oya="1" hai0="39,57,58,52,36,66,124,53,40,49,18,3,79" hai1="6,108,34,99,117,59,103,26,95,109,120,81,92" hai2="114,30,121,38,47,5,73,20,16,82,35,61,84" hai3="101,116,106,19,22,23,0,102,113,37,87,70,77"/><U1/><E117/><V42/><F121/><W80/><G37/><N who="0" m="14411" /><D3/><U72/><E120/><V88/><F114/><W51/><G70/><T67/><D18/><U24/><E59/><N who="0" m="22537" /><D79/><N who="1" m="44263" /><E34/><V94/><F61/><W89/><G0/><T100/><D124/><U125/><E125/><V76/><F5/><W55/><G113/><T74/><D74/><U62/><E62/><V32/><REACH who="2" step="1"/><F30/><REACH who="2" ten="250,289,201,250" step="2"/><W54/><G116/><T107/><D107/><N who="1" m="63999" /><E6/><V31/><F31/><W110/><G19/><T63/><D100/><U75/><E1/><V10/><F10/><W9/><G102/><T44/><D63/><U111/><E75/><V2/><F2/><W7/><G101/><T43/><D43/><U86/><E86/><V115/><F115/><W97/><G7/><T90/><D90/><U8/><E8/><V13/><AGARI ba="0,1" hai="13,16,20,32,35,38,42,47,73,76,82,84,88,94" machi="13" ten="20,8000,1" yaku="1,1,0,1,7,1,54,2,53,0" doraHai="127" doraHaiUra="134" who="2" fromWho="2" sc="250,-20,289,-40,201,90,250,-20" /><INIT seed="2,0,0,3,0,13" ten="230,249,291,230" oya="2" hai0="115,129,56,84,16,3,14,4,126,66,6,125,96" hai1="25,37,58,70,90,31,88,72,47,121,20,101,99" hai2="57,112,19,80,45,35,55,116,83,74,109,22,15" hai3="32,124,89,132,44,104,46,110,5,93,100,135,78"/><V0/><F116/><W76/><G32/><T27/><D115/><U18/><E121/><V43/><F112/><W91/><G5/><T85/><D129/><U33/><E70/><V105/><F105/><W38/><G38/><T1/><D27/><U71/><E71/><V114/><F114/><W28/><G28/><T119/><D96/><U128/><E72/><V69/><F69/><W82/><G46/><T122/><D122/><U65/><E128/><V67/><F0/><N who="0" m="74" /><D56/><U120/><E120/><V87/><F35/><W60/><G60/><T92/><D66/><U10/><E10/><V103/><F74/><N who="3" m="43287" /><G44/><T26/><D26/><U2/><E2/><V30/><F30/><W98/><G110/><T42/><D42/><U24/><E37/><V48/><F67/><W7/><G7/><N who="0" m="2603" /><D119/><U53/><E47/><V63/><F109/><W113/><G113/><T51/><D51/><U34/><E34/><V11/><F103/><W95/><G78/><T68/><D92/><N who="3" m="35401" /><G124/><N who="0" m="47723" /><D68/><U127/><E127/><V73/><F73/><W36/><G36/><T17/><D14/><U61/><REACH who="1" step="1"/><E65/><REACH who="1" ten="230,239,291,230" step="2"/><V102/><F45/><W59/><G59/><T41/><D41/><U50/><E50/><V130/><F48/><W97/><G97/><T77/><D77/><U106/><AGARI ba="0,1" hai="18,20,24,25,31,33,53,58,61,88,90,99,101,106" machi="106" ten="20,8000,1" yaku="1,1,0,1,7,1,52,1,54,1,53,0" doraHai="13" doraHaiUra="123" who="1" fromWho="1" sc="230,-20,239,90,291,-40,230,-20" /><INIT seed="3,0,0,5,3,45" ten="210,329,251,210" oya="3" hai0="51,33,127,0,26,16,132,60,20,130,134,115,65" hai1="9,34,27,59,58,87,50,38,57,36,43,75,5" hai2="84,125,63,112,131,4,55,102,106,41,30,97,32" hai3="135,17,114,14,52,101,15,124,74,29,108,107,22"/><W2/><G74/><T21/><D115/><U133/><E75/><V25/><F112/><W19/><G107/><T13/><D0/><U121/><E121/><V73/><F73/><W128/><G101/><T40/><D33/><U28/><E133/><N who="0" m="51305" /><D130/><U83/><E43/><V67/><F125/><W113/><G135/><T39/><D127/><U46/><E46/><V8/><F41/><W62/><G124/><T85/><D85/><U72/><E72/><V120/><F55/><W126/><G126/><T119/><D119/><U89/><REACH who="1" step="1"/><E50/><REACH who="1" ten="210,319,251,210" step="2"/><V90/><F120/><W116/><G116/><T31/><D39/><U79/><E79/><V91/><F131/><W77/><G77/><T23/><D40/><U105/><E105/><V96/><F106/><W110/><G128/><T54/><D65/><U18/><E18/><V66/><F67/><W103/><G103/><T123/><D60/><U70/><E70/><V49/><F102/><W95/><G62/><T117/><D117/><U118/><E118/><V109/><F63/><W69/><G69/><T37/><D37/><U3/><AGARI ba="0,1" hai="3,5,9,27,28,34,36,38,57,58,59,83,87,89" machi="3" ten="30,2000,0" yaku="1,1,0,1,53,0" doraHai="45" doraHaiUra="94" who="1" fromWho="1" sc="210,-5,319,30,251,-5,210,-10" owari="205,-19.0,349,44.0,246,5.0,200,-30.0" /></mjloggm>