<mjloggm ver="2.3"><GO type="41" lobby="0"/><UN n0="%E3%83%81%E3%82%BB%EF%BC%A0" n1="%E5%B0%B1%E6%B4%BB%E7%94%9F%40%E5%B7%9D%E6%9D%91%E8%BB%8D%E5%9B%A3" n2="%E7%A9%BA%EF%BC%A0%E9%A2%A8%E9%9B%85%E8%BB%8D%E5%9B%A3" n3="%73%61%6E%6E%64%61%73%75" dan="15,16,13,13" rate="1984.83,2080.45,1911.84,1893.59" sx="M,M,M,M"/><TAIKYOKU oya="0"/><INIT seed="0,0,0,0,4,53" ten="250,250,250,250" oya="0" hai0="49,30,89,48,70,22,66,81,73,133,92,23,113" hai1="29,105,26,69,35,77,1,102,62,126,119,125,80" hai2="118,103,17,54,42,114,79,19,129,2,130,75,36" hai3="64,95,107,74,3,91,57,128,32,104,10,59,84"/><T111/><D113/><U16/><E119/><V76/><F114/><W134/><G32/><T28/><D133/><U43/><E1/><V121/><F121/><W21/><G74/><T50/><D111/><U93/><E43/><V4/><F103/><W82/><G64/><T20/><D70/><U135/><E135/><V33/><F33/><W45/><G134/><T85/><D66/><U96/><E93/><V98/><F98/><W97/><G128/><N who="2" m="49257" /><F118/><W9/><G45/><T27/><D73/><U87/><E69/><V39/><F54/><W90/><G3/><T34/><REACH who="0" step="1"/><D30/><REACH who="0" ten="240,250,250,250" step="2"/><U131/><E131/><V24/><F75/><W6/><G6/><T109/><D109/><U14/><REACH who="1" step="1"/><E62/><REACH who="1" ten="240,240,250,250" step="2"/><V72/><F72/><W7/><G7/><T100/><D100/><U8/><AGARI ba="0,2" hai="8,14,16,26,29,35,77,80,87,96,102,105,125,126" machi="8" ten="30,8000,1" yaku="1,1,2,1,0,1,54,1,53,1" doraHai="53" doraHaiUra="99" who="1" fromWho="1" sc="240,-40,240,100,250,-20,250,-20" /><INIT seed="1,0,0,2,3,38" ten="200,340,230,230" oya="1" hai0="129,91,29,132,79,70,106,17,52,112,55,103,42" hai1="68,135,1,114,69,119,8,107,86,108,97,39,32" hai2="11,126,85,84,99,12,10,134,0,83,64,73,37" hai3="2,3,27,117,105,74,82,121,24,30,15,60,65"/><U125/><E86/><V5/><F134/><W21/><G121/><T118/><D70/><U56/><E56/><V110/><F110/><W53/><G105/><T13/><D29/><U31/><E8/><V98/><F126/><W36/><G117/><T7/><D7/><U34/><E31/><V88/><F37/><W133/><G133/><T123/><D79/><U71/><E97/><V19/><F73/><W50/><G36/><T9/><D118/><U111/><E71/><V102/><F64/><W43/><G74/><T122/><D129/><U57/><E57/><V46/><F102/><W54/><G82/><T41/><D91/><U90/><E90/><V45/><REACH who="2" step="1"/><F84/><REACH who="2" ten="200,340,220,230" step="2"/><W61/><G3/><T63/><D132/><U76/><E111/><V40/><F40/><N who="0" m="15466" /><D112/><U80/><E39/><V59/><F59/><W33/><G43/><T104/><D63/><U89/><E69/><V120/><F120/><N who="0" m="46122" /><D103/><U16/><E68/><V115/><F115/><W14/><G2/><T75/><D75/><U116/><E1/><V4/><F4/><W109/><G61/><T113/><D113/><U100/><E114/><V22/><F22/><W58/><G109/><T77/><D77/><U124/><E108/><V67/><F67/><W96/><G65/><T127/><D127/><U47/><E135/><V81/><F81/><W72/><G72/><T35/><D35/><U25/><E125/><V92/><F92/><W78/><G33/><N who="1" m="12906" /><E124/><V23/><F23/><W20/><G20/><T101/><D101/><U95/><E119/><V6/><F6/><W62/><G21/><T87/><D87/><RYUUKYOKU ba="0,1" sc="200,15,340,-15,220,15,230,-15" hai0="9,13,17,52,55,104,106" hai2="0,5,10,11,12,19,45,46,83,85,88,98,99" /><INIT seed="2,1,1,0,2,15" ten="215,325,235,215" oya="2" hai0="52,20,96,107,89,23,106,21,17,28,133,43,76" hai1="69,78,93,105,95,66,75,5,51,98,13,79,82" hai2="55,64,45,120,27,48,49,74,108,50,130,63,125" hai3="111,71,59,22,44,102,84,62,46,31,25,132,32"/><V37/><F74/><W117/><G111/><T123/><D123/><U119/><E119/><V26/><F120/><W83/><G117/><T103/><D76/><U90/><E105/><V135/><F135/><W12/><G132/><T94/><D43/><U14/><E79/><V128/><F26/><W91/><G71/><T110/><D110/><U30/><E30/><V92/><F92/><W60/><G102/><T68/><D68/><U129/><E129/><N who="2" m="49771" /><F108/><W36/><G36/><T11/><D52/><U16/><E93/><V86/><F86/><W24/><G62/><T104/><D133/><U47/><E5/><V4/><F27/><W80/><G83/><T77/><D77/><U0/><E0/><V2/><F125/><W67/><REACH who="3" step="1"/><G12/><REACH who="3" ten="215,325,235,205" step="2"/><T19/><D103/><U35/><E14/><V100/><F100/><W54/><G54/><T127/><D127/><U115/><E115/><V42/><F2/><W121/><G121/><T53/><D53/><U118/><E118/><V7/><F55/><W112/><G112/><T40/><D40/><U114/><E114/><V8/><F8/><W72/><G72/><T39/><D39/><U113/><E113/><V131/><F131/><W29/><AGARI ba="1,2" hai="22,24,25,29,31,32,44,46,59,60,67,80,84,91" machi="29" ten="20,2700,0" yaku="1,1,0,1,7,1,53,0" doraHai="15" doraHaiUra="88" who="3" fromWho="3" sc="215,-8,325,-8,235,-14,205,50" /><INIT seed="3,0,0,4,5,85" ten="207,317,221,255" oya="3" hai0="44,106,28,14,107,56,110,113,77,134,68,48,99" hai1="67,93,73,102,97,116,29,70,89,10,124,25,27" hai2="75,62,5,118,55,58,24,13,83,59,51,80,66" hai3="39,60,111,34,45,95,130,94,125,40,23,36,71"/><W4/><G34/><T22/><D68/><U15/><E116/><V54/><F118/><W84/><G130/><T131/><D77/><U92/><E73/><V33/><F75/><W98/><G4/><T21/><D113/><U53/><E124/><V12/><F66/><W121/><G121/><T128/><D56/><U105/><E105/><V52/><F54/><W100/><G125/><T19/><D99/><U16/><E70/><V108/><F108/><W37/><G111/><T126/><D134/><U133/><E67/><V103/><F103/><W76/><G23/><T18/><D28/><U30/><E53/><V88/><F5/><W82/><G71/><T63/><D63/><U61/><E61/><V135/><F135/><W38/><REACH who="3" step="1"/><G60/><REACH who="3" ten="207,317,221,245" step="2"/><T122/><D122/><U42/><E133/><V7/><F7/><W47/><G47/><T65/><D126/><U35/><E42/><V43/><F43/><W11/><G11/><T120/><D120/><U123/><E123/><V26/><F33/><W117/><G117/><T6/><D110/><U101/><E93/><AGARI ba="0,1" hai="36,37,38,39,40,45,76,82,84,93,94,95,98,100" machi="93" ten="40,2000,0" yaku="1,1,53,0" doraHai="85" doraHaiUra="87" who="3" fromWho="1" sc="207,0,317,-20,221,0,245,30" /><INIT seed="3,1,0,0,5,75" ten="207,297,221,275" oya="3" hai0="61,15,51,105,84,10,13,45,107,33,104,129,62" hai1="111,11,82,42,103,116,44,56,22,78,94,48,115" hai2="64,71,43,60,19,21,57,49,67,66,110,127,5" hai3="2,41,0,59,130,34,96,87,108,29,36,12,55"/><W81/><G130/><T114/><D33/><U128/><E116/><V123/><F110/><W83/><G81/><T70/><D129/><U88/><E115/><V72/><F72/><W92/><G34/><T20/><D114/><U8/><E111/><V134/><F134/><W73/><G73/><T26/><D70/><U93/><E128/><V58/><F127/><W4/><G108/><T47/><D84/><N who="1" m="48215" /><E22/><V32/><F32/><W6/><G36/><T131/><D47/><U132/><E132/><V77/><F5/><W122/><G122/><T124/><D124/><U126/><E126/><V117/><F117/><W91/><G41/><T46/><D46/><U40/><E40/><V37/><F77/><N who="3" m="46575" /><G0/><T16/><D15/><U7/><E7/><V133/><F133/><W135/><G135/><T31/><REACH who="0" step="1"/><D131/><REACH who="0" ten="197,297,221,275" step="2"/><U74/><E74/><V95/><F71/><W23/><G2/><T50/><D50/><U3/><E3/><V85/><F37/><W53/><G55/><AGARI ba="1,1" hai="10,13,16,20,26,31,45,51,55,61,62,104,105,107" machi="55" ten="40,2600,0" yaku="1,1,54,1,53,0" doraHai="75" doraHaiUra="1" who="0" fromWho="3" sc="197,39,297,0,221,0,275,-29" /><INIT seed="4,0,0,0,4,42" ten="236,297,221,246" oya="0" hai0="74,85,50,29,72,26,118,45,60,7,117,132,123" hai1="48,61,78,8,71,9,83,67,22,84,126,82,93" hai2="105,47,14,44,90,59,40,0,128,43,91,21,121" hai3="13,39,18,5,11,107,30,80,89,133,135,58,63"/><T75/><D123/><U115/><E115/><V3/><F105/><W33/><G39/><T122/><D122/><U28/><E126/><V51/><F121/><W10/><G107/><T125/><D125/><U119/><E119/><V88/><F128/><W103/><G103/><T77/><D132/><N who="3" m="50761" /><G80/><T54/><D7/><U101/><E83/><V53/><F21/><N who="3" m="11471" /><G89/><T79/><D60/><U129/><E129/><V57/><F14/><N who="3" m="5455" /><G58/><T108/><D108/><U34/><E34/><V25/><F25/><N who="3" m="18639" /><G63/><T99/><D99/><U114/><E114/><V109/><F109/><W87/><G87/><T49/><D85/><U41/><E101/><V17/><F17/><W16/><G11/><T66/><D66/><U134/><E93/><V131/><F131/><W111/><G111/><T31/><D50/><U73/><E134/><V104/><F104/><W110/><G110/><T36/><D36/><U70/><E70/><V92/><F92/><W38/><G38/><T68/><D68/><U95/><E95/><V62/><REACH who="2" step="1"/><F57/><REACH who="2" ten="236,297,211,246" step="2"/><W127/><G16/><T24/><D117/><U96/><E9/><V120/><F120/><W56/><G56/><T65/><D118/><U1/><E8/><V55/><F55/><W23/><G127/><T86/><D65/><U35/><E67/><V100/><F100/><W102/><G102/><T15/><D15/><U12/><E71/><V97/><F97/><W130/><G23/><N who="0" m="15519" /><D86/><U4/><E12/><V27/><F27/><W19/><G130/><T81/><D81/><U69/><E84/><V113/><F113/><W94/><G19/><T124/><D124/><RYUUKYOKU ba="0,1" sc="236,10,297,-30,211,10,246,10" hai0="26,31,45,49,54,72,74,75,77,79" hai2="0,3,40,43,44,47,51,53,59,62,88,90,91" hai3="94" /><INIT seed="4,1,1,3,2,31" ten="246,267,221,256" oya="0" hai0="100,33,104,116,110,10,43,51,132,52,99,87,89" hai1="24,3,30,71,102,112,39,118,96,58,75,67,108" hai2="27,123,29,32,48,127,44,135,26,114,98,23,83" hai3="78,25,13,120,95,90,128,73,74,109,11,113,35"/><T121/><D116/><U12/><E108/><V68/><F68/><W22/><G109/><T65/><D121/><U130/><E118/><V47/><F123/><W6/><G113/><T20/><D110/><U5/><E112/><V115/><F135/><W119/><G120/><T85/><D65/><U125/><E130/><V60/><F127/><W103/><G119/><T81/><D33/><U37/><E125/><V92/><F83/><W107/><G128/><T45/><D132/><U28/><E58/><V53/><F60/><W38/><G38/><T36/><D20/><U4/><E28/><V17/><REACH who="2" step="1"/><F47/><REACH who="2" ten="246,267,211,256" step="2"/><W97/><G78/><T106/><D10/><U129/><E71/><V131/><F131/><W69/><G69/><T117/><D117/><U82/><E129/><V15/><F15/><W94/><G35/><T42/><D104/><U124/><E12/><V41/><F41/><W2/><G2/><T0/><D0/><U72/><E3/><V86/><F86/><W56/><G107/><T134/><D134/><U1/><E1/><V111/><F111/><W16/><G56/><T70/><D70/><U80/><E124/><V79/><F79/><W64/><REACH who="3" step="1"/><G64/><REACH who="3" ten="246,267,211,246" step="2"/><T8/><D36/><U59/><E67/><V46/><F46/><W19/><G19/><T9/><D42/><U77/><E59/><V55/><F55/><W133/><G133/><T91/><D43/><U93/><E39/><V122/><F122/><W76/><G76/><T88/><D81/><N who="1" m="31339" /><E37/><V63/><F63/><W105/><G105/><T18/><D18/><U40/><E77/><V61/><F61/><RYUUKYOKU ba="1,3" sc="246,10,267,-30,211,10,246,10" hai0="8,9,45,51,52,85,87,88,89,91,99,100,106" hai2="17,23,26,27,29,32,44,48,53,92,98,114,115" hai3="6,11,13,16,22,25,73,74,90,94,95,97,103" /><INIT seed="4,2,3,2,0,79" ten="256,237,221,256" oya="0" hai0="71,57,70,80,61,46,86,39,34,85,66,45,41" hai1="92,97,12,11,58,120,59,110,129,114,36,98,24" hai2="65,73,91,106,44,49,115,37,54,109,10,1,29" hai3="63,93,21,13,32,23,67,127,108,9,0,95,94"/><T121/><D121/><U56/><E36/><V47/><F109/><W69/><G108/><T20/><D34/><U27/><E110/><V104/><F65/><W135/><G135/><T4/><D4/><N who="1" m="3175" /><E120/><V28/><F115/><W74/><G127/><T26/><D46/><U131/><E114/><V128/><F128/><N who="1" m="49225" /><E98/><V35/><F35/><W123/><G123/><T40/><D40/><U96/><E97/><V118/><F118/><W50/><G74/><T107/><D107/><U30/><E30/><V48/><F37/><W87/><G32/><T33/><D33/><U51/><E51/><V25/><F73/><W134/><G134/><T5/><D5/><U78/><E78/><V72/><F72/><W133/><G133/><T31/><REACH who="0" step="1"/><D85/><REACH who="0" ten="246,237,221,256" step="2"/><U82/><E82/><V83/><F104/><W88/><G0/><T76/><AGARI ba="2,4" hai="20,26,31,39,41,45,57,61,66,70,71,76,80,86" machi="76" ten="20,12000,1" yaku="1,1,2,1,0,1,7,1,52,1,53,0" doraHai="79" doraHaiUra="105" who="0" fromWho="0" sc="246,166,237,-42,221,-42,256,-42" /><INIT seed="4,3,0,5,4,131" ten="412,195,179,214" oya="0" hai0="81,23,79,34,82,20,49,121,128,61,101,133,42" hai1="16,17,48,95,14,0,110,107,65,67,63,47,22" hai2="24,123,58,11,4,85,109,52,15,132,77,114,5" hai3="105,55,78,135,62,21,9,129,71,96,108,134,117"/><T38/><D34/><U89/><E110/><V43/><F109/><W40/><G108/><T69/><D101/><U45/><E0/><V32/><F123/><W35/><G117/><T51/><D82/><U93/><E107/><V76/><F114/><W119/><G119/><T39/><D121/><U2/><E2/><V33/><F43/><W87/><G35/><T37/><D42/><U60/><E48/><V111/><F111/><W84/><G40/><T102/><D102/><U92/><E89/><V125/><F125/><W103/><G129/><T70/><D61/><U68/><REACH who="1" step="1"/><E17/><REACH who="1" ten="412,185,179,214" step="2"/><N who="2" m="8447" /><F76/><W130/><G130/><T10/><D51/><U50/><E50/><N who="2" m="30999" /><F4/><W26/><G78/><T116/><D49/><U90/><E90/><V29/><F5/><W1/><G1/><T74/><D128/><U126/><E126/><V57/><F77/><W25/><G9/><T28/><D10/><U112/><E112/><V8/><F29/><W104/><G104/><T53/><D28/><U27/><E27/><V75/><F8/><W99/><G26/><T86/><D79/><U120/><E120/><V64/><F24/><W118/><G118/><T124/><D124/><U73/><E73/><V36/><F75/><W83/><G25/><T19/><D74/><U18/><E18/><V98/><F32/><W72/><G72/><T12/><D38/><U100/><E100/><V13/><F36/><W80/><G103/><T115/><D37/><U46/><E46/><V6/><F33/><W59/><G105/><T113/><D39/><U31/><E31/><V7/><F6/><W3/><G3/><RYUUKYOKU ba="3,1" sc="412,-10,185,30,179,-10,214,-10" hai1="14,16,22,45,47,60,63,65,67,68,92,93,95" /><INIT seed="5,4,1,5,3,51" ten="402,215,169,204" oya="1" hai0="50,33,120,111,115,12,80,91,97,34,75,25,43" hai1="129,99,107,9,103,95,18,72,76,83,125,66,123" hai2="100,30,71,26,56,106,42,45,41,102,7,10,96" hai3="81,121,126,132,93,60,36,13,90,134,54,128,131"/><U94/><E123/><V37/><F71/><W59/><G36/><T82/><D115/><U64/><E125/><V6/><F42/><W3/><G3/><T110/><D12/><U49/><E129/><N who="3" m="49738" /><G121/><T23/><D82/><U11/><E94/><V17/><F100/><W29/><G29/><T46/><D111/><U87/><E49/><V63/><F17/><W127/><G81/><T61/><D61/><U116/><E116/><V57/><F10/><N who="1" m="3593" /><E107/><V73/><F73/><W85/><G13/><T1/><D1/><U2/><E2/><V40/><F40/><W68/><G68/><T133/><D75/><U38/><E38/><V124/><F124/><AGARI ba="4,1" hai="54,59,60,85,90,93,124,126,127,132,134" m="49738" machi="124" ten="30,8000,1" yaku="30,2,18,1,19,1,52,1" doraHai="51" who="3" fromWho="2" sc="402,0,215,0,169,-92,204,102" /><INIT seed="6,0,0,3,2,1" ten="402,215,77,306" oya="2" hai0="11,35,43,56,7,47,45,58,13,120,30,44,21" hai1="73,123,74,76,53,131,89,8,83,36,91,12,96" hai2="0,52,104,112,37,57,40,20,119,134,117,78,90" hai3="121,102,79,97,113,122,75,46,128,50,22,2,18"/><V132/><F104/><W15/><G2/><T88/><D43/><U3/><E73/><V42/><F0/><W55/><G128/><T23/><D35/><U5/><E36/><V118/><F112/><W108/><G108/><T68/><D68/><U59/><E123/><V64/><F78/><W51/><G113/><T115/><D115/><U125/><E131/><V99/><F64/><W63/><G63/><T31/><D88/><U95/><E125/><V19/><F90/><W67/><G67/><T133/><D133/><N who="2" m="51306" /><F99/><W69/><G69/><T60/><D58/><U39/><E39/><V77/><F77/><W32/><G32/><T92/><D92/><U16/><E89/><V82/><F82/><W65/><G65/><N who="0" m="39047" /><D120/><U84/><E74/><V72/><F72/><W62/><G62/><T94/><D94/><U110/><E110/><V105/><F105/><W34/><G34/><T6/><D6/><U124/><E124/><V27/><F37/><W26/><G79/><T71/><D71/><U49/><E3/><V14/><F27/><W9/><G75/><T103/><D103/><U93/><E93/><V111/><F111/><W28/><G51/><AGARI ba="0,0" hai="14,19,20,40,42,51,52,57,117,118,119" m="51306" machi="51" ten="40,3900,0" yaku="20,1,54,1" doraHai="1" who="2" fromWho="3" sc="402,0,215,0,77,39,306,-39" /><INIT seed="6,1,0,5,1,56" ten="402,215,116,267" oya="2" hai0="14,52,86,16,18,37,105,112,42,34,81,47,64" hai1="134,6,131,39,0,82,25,98,108,35,1,44,103" hai2="20,5,124,100,32,55,85,90,8,30,94,78,111" hai3="80,75,120,88,79,66,54,107,7,77,87,19,31"/><V15/><F124/><W28/><G120/><T2/><D2/><U4/><E108/><V133/><F133/><W36/><G36/><T21/><D34/><U67/><E67/><V51/><F111/><W95/><G7/><T104/><D112/><U114/><E114/><V113/><F113/><W122/><G122/><T84/><D84/><U29/><E134/><V65/><F65/><W93/><G107/><T27/><D64/><U97/><E131/><V60/><F32/><W83/><G66/><T128/><D52/><U118/><E118/><V89/><F78/><W9/><G54/><T62/><D62/><U41/><E82/><V45/><F60/><W11/><G75/><T23/><D128/><U26/><E26/><N who="2" m="16711" /><F85/><N who="3" m="48287" /><G77/><AGARI ba="1,0" hai="14,16,18,21,23,27,37,42,47,77,81,86,104,105" machi="77" ten="30,2000,0" yaku="7,1,54,1" doraHai="56" who="0" fromWho="3" sc="402,23,215,0,116,0,267,-23" /><INIT seed="7,0,0,1,4,58" ten="425,215,116,244" oya="3" hai0="17,2,37,128,106,92,14,98,18,103,11,4,85" hai1="79,71,72,41,35,75,64,73,16,124,131,9,62" hai2="120,61,32,60,78,30,13,46,53,15,135,108,48" hai3="121,77,29,44,27,6,112,25,89,24,129,70,69"/><W59/><G121/><T91/><D128/><U43/><E79/><V86/><F108/><W3/><G77/><T0/><D37/><U52/><E35/><V31/><F135/><W38/><G112/><T101/><D101/><U40/><E124/><V5/><F120/><W116/><G116/><T95/><D18/><U51/><E131/><V57/><F32/><W68/><G129/><T93/><REACH who="0" step="1"/><D4/><REACH who="0" ten="415,215,116,244" step="2"/><U97/><E97/><V117/><F117/><W42/><G29/><N who="2" m="10761" /><F5/><W104/><G6/><T110/><D110/><U88/><E88/><V87/><F46/><W50/><G3/><AGARI ba="0,1" hai="0,2,3,11,14,17,85,91,92,93,95,98,103,106" machi="3" ten="40,8000,1" yaku="1,1,53,3" doraHai="58" doraHaiUra="33" who="0" fromWho="3" sc="415,90,215,0,116,0,244,-80" owari="505,60.0,215,2.0,116,-38.0,164,-24.0" /></mjloggm>