<mjloggm ver="2.3"><GO type="41" lobby="0"/><UN n0="%67%6F%68%61%74%74%6F" n1="%72%6D%63%69%6B" n2="%E3%82%B9%E3%83%A9%E3%82%A4%E3%83%A0%E3%83%8A%E3%82%A4%E3%83%88" n3="%E5%B0%B1%E6%B4%BB%E7%94%9F%40%E5%B7%9D%E6%9D%91%E8%BB%8D%E5%9B%A3" dan="13,13,14,17" rate="1924.06,1916.57,1885.10,2149.46" sx="M,M,M,M"/><TAIKYOKU oya="0"/><INIT seed="0,0,0,2,4,131" ten="250,250,250,250" oya="0" hai0="44,13,126,81,75,94,52,103,48,18,128,8,114" hai1="95,12,26,3,58,107,32,24,118,129,97,36,117" hai2="27,21,108,49,60,29,30,53,134,37,39,10,65" hai3="23,127,42,85,20,5,73,87,91,56,100,74,7"/><T111/><D114/><U6/><E107/><V116/><F108/><W93/><G127/><T89/><D128/><U96/><E129/><V119/><F30/><W72/><G100/><T98/><D126/><U61/><E36/><V101/><F101/><W66/><G42/><T55/><D111/><U64/><E3/><V82/><F82/><W78/><G78/><T113/><D113/><U57/><E32/><V46/><F10/><W68/><G68/><T67/><D67/><U45/><E45/><V22/><F22/><W62/><G87/><N who="0" m="50415" /><D75/><U69/><E69/><V43/><F43/><AGARI ba="0,0" hai="8,13,18,43,44,48,52,55,94,98,103" m="50415" machi="43" ten="30,2900,0" yaku="8,1,54,1" doraHai="131" who="0" fromWho="2" sc="250,29,250,0,250,-29,250,0" /><INIT seed="0,1,0,1,0,110" ten="279,250,221,250" oya="0" hai0="23,26,133,64,27,33,132,134,42,31,54,108,5" hai1="128,76,29,22,12,13,1,8,117,116,109,130,113" hai2="68,58,48,11,120,123,90,87,131,93,122,59,52" hai3="9,3,38,126,91,2,44,83,14,71,39,89,16"/><T86/><D108/><U78/><E109/><V19/><F68/><W135/><G71/><T129/><D64/><U60/><E60/><V103/><F131/><N who="1" m="50217" /><E78/><V112/><F112/><W77/><G135/><T25/><D129/><U92/><E92/><V56/><REACH who="2" step="1"/><F103/><REACH who="2" ten="279,250,211,250" step="2"/><W53/><G126/><T51/><D42/><U102/><E102/><V72/><F72/><W66/><G3/><T65/><D65/><U34/><E113/><V10/><F10/><W36/><G66/><T121/><D121/><U75/><E75/><V97/><F97/><W74/><G2/><T94/><D86/><U111/><E111/><V79/><F79/><W96/><G96/><T88/><D33/><U20/><E76/><V30/><F30/><W4/><G4/><T84/><D5/><N who="1" m="1071" /><E34/><V18/><F18/><W28/><G28/><T49/><REACH who="0" step="1"/><D49/><REACH who="0" ten="269,250,211,250" step="2"/><U82/><E117/><V69/><F69/><W6/><G39/><T95/><D95/><U114/><E116/><V107/><F107/><W99/><G38/><T62/><D62/><U57/><E114/><V37/><F37/><W61/><G36/><T41/><D41/><U40/><E40/><V73/><F73/><W0/><G99/><T127/><D127/><U47/><E82/><V15/><AGARI ba="1,2" hai="11,15,19,48,52,56,58,59,87,90,93,120,122,123" machi="15" ten="40,5200,0" yaku="1,1,0,1,54,1,53,0" doraHai="110" doraHaiUra="67" who="2" fromWho="2" sc="269,-27,250,-14,211,75,250,-14" /><INIT seed="1,0,0,3,5,43" ten="242,236,286,236" oya="1" hai0="113,133,37,68,36,134,28,118,44,62,86,35,53" hai1="66,49,130,70,106,116,24,14,31,67,91,52,4" hai2="15,29,105,75,115,26,7,33,32,119,1,81,6" hai3="64,107,38,131,0,5,98,85,12,71,126,95,112"/><U129/><E116/><V19/><F105/><W45/><G112/><T50/><D118/><U73/><E73/><V16/><F119/><W101/><G126/><T54/><D113/><U11/><E106/><V93/><F115/><W58/><G131/><N who="1" m="50186" /><E91/><V39/><F39/><N who="0" m="14922" /><D35/><N who="2" m="13386" /><F93/><W61/><G0/><T109/><D28/><U56/><E70/><V27/><F81/><W30/><G30/><T117/><D117/><U94/><E94/><V23/><F75/><W18/><G5/><T80/><D109/><U57/><E24/><V74/><F74/><W3/><G3/><T41/><D80/><U2/><E31/><V63/><F63/><W34/><G34/><T83/><D83/><U120/><E120/><V127/><F127/><W20/><G71/><T21/><D21/><U84/><E84/><V13/><F1/><W25/><G85/><T110/><D110/><U55/><E2/><V135/><F135/><N who="0" m="51722" /><D86/><U69/><E69/><V65/><F65/><AGARI ba="0,0" hai="41,44,50,53,54,62,65,68" m="51722,14922" machi="65" ten="30,7700,0" yaku="20,1,34,2,52,1" doraHai="43" who="0" fromWho="2" sc="242,77,236,0,286,-77,236,0" /><INIT seed="2,0,0,1,2,4" ten="319,236,209,236" oya="2" hai0="129,111,14,44,67,78,132,114,96,21,118,10,58" hai1="121,87,18,110,9,20,85,72,89,17,15,34,52" hai2="69,116,27,50,80,24,86,26,135,49,95,0,35" hai3="83,43,32,92,109,102,101,25,90,23,127,41,126"/><V51/><F116/><W98/><G32/><T93/><D114/><U28/><E72/><V84/><F69/><W112/><G109/><T60/><D111/><U76/><E110/><V81/><F0/><W75/><G112/><T131/><D118/><U124/><E121/><V97/><F135/><W105/><G75/><T130/><D78/><U88/><E28/><V47/><F35/><W33/><G33/><T5/><D44/><U42/><E42/><V16/><F47/><W40/><G83/><T122/><D122/><U91/><E34/><V8/><F97/><W115/><G115/><T12/><D21/><U79/><E124/><N who="3" m="47658" /><G105/><T59/><D59/><U99/><E99/><V134/><F134/><W74/><G74/><T68/><D68/><U36/><E36/><V46/><F46/><W57/><G57/><T6/><D132/><U119/><E119/><V38/><F38/><W39/><G39/><T56/><D56/><U120/><E120/><V123/><F123/><W53/><G53/><T3/><D6/><U73/><E73/><V11/><F95/><W70/><G70/><T55/><D55/><U108/><E108/><V64/><F64/><W103/><G90/><AGARI ba="0,0" hai="3,5,10,12,14,58,60,67,90,93,96,129,130,131" machi="90" ten="40,2600,0" yaku="19,1,52,1" doraHai="4" who="0" fromWho="3" sc="319,26,236,0,209,0,236,-26" /><INIT seed="3,0,0,0,0,61" ten="345,236,209,210" oya="3" hai0="25,79,101,71,121,20,51,16,44,57,100,5,55" hai1="27,6,90,48,125,56,42,67,1,22,73,119,93" hai2="122,104,83,110,64,132,113,53,54,32,130,80,11" hai3="85,41,39,108,59,17,94,99,78,87,126,86,84"/><W30/><G126/><T118/><D118/><U105/><E125/><V15/><F113/><W68/><G68/><T35/><D121/><U21/><E105/><V75/><F104/><W97/><G108/><T107/><D79/><U91/><E73/><V47/><F32/><W62/><G30/><T123/><D123/><U120/><E120/><V9/><F122/><W102/><G78/><T72/><D72/><U28/><E6/><V4/><F110/><W124/><G124/><T46/><D5/><U0/><E1/><V128/><F132/><W82/><G17/><T89/><D107/><U58/><E0/><V50/><F75/><W81/><N who="3" m="22016" /><DORA hai="117" /><W43/><G99/><T135/><D89/><N who="1" m="33803" /><E93/><V40/><F11/><W69/><G69/><T14/><D135/><U77/><E77/><V3/><F3/><W96/><G96/><T76/><D76/><U133/><E119/><V65/><F53/><N who="3" m="34159" /><G39/><T131/><D71/><U92/><E92/><V26/><F26/><W116/><G116/><T13/><D35/><U7/><E7/><V36/><F83/><AGARI ba="0,0" hai="41,43,81,82,83,94,97,102" m="34159,22016" machi="83" ten="40,2000,0" yaku="8,1" doraHai="61,117" who="3" fromWho="2" sc="345,0,236,0,209,-20,210,20" /><INIT seed="3,1,0,0,4,48" ten="345,236,189,230" oya="3" hai0="134,41,60,135,40,58,27,114,8,24,14,130,101" hai1="122,37,85,112,39,0,42,80,110,121,21,49,124" hai2="89,16,104,92,13,96,97,50,11,87,17,63,31" hai3="125,46,20,2,131,67,12,62,66,69,55,99,54"/><W9/><G125/><T70/><D70/><U81/><E124/><V95/><F104/><W74/><G131/><T126/><D126/><U4/><E112/><V59/><F50/><W118/><G74/><T26/><D130/><U61/><E4/><V103/><F31/><W128/><G118/><T113/><D101/><U38/><E0/><V90/><F103/><W75/><G128/><T35/><D35/><U132/><E132/><N who="0" m="50729" /><D41/><U116/><E116/><V76/><F76/><W33/><G75/><T73/><D40/><U93/><E93/><V10/><F87/><W120/><G120/><T71/><D73/><U108/><E80/><V43/><F43/><W5/><G33/><T84/><D71/><U68/><E21/><V106/><F106/><W7/><G99/><T34/><D34/><U129/><E81/><V111/><F111/><N who="1" m="42537" /><E85/><V83/><F83/><W18/><G67/><T22/><D84/><U30/><E30/><V109/><F109/><W52/><REACH who="3" step="1"/><G5/><REACH who="3" ten="345,236,189,220" step="2"/><N who="0" m="3343" /><D114/><U123/><E129/><V23/><REACH who="2" step="1"/><F17/><REACH who="2" ten="345,236,179,220" step="2"/><W133/><G133/><T119/><D113/><U77/><E77/><V115/><F115/><W91/><G91/><T36/><D119/><U65/><E123/><V72/><F72/><W117/><G117/><T1/><D36/><U6/><E6/><V102/><F102/><W53/><G53/><AGARI ba="1,2" hai="10,11,13,16,23,53,59,63,89,90,92,95,96,97" machi="53" ten="30,12000,2" yaku="1,1,7,1,9,1,8,1,52,1,54,1,53,0" doraHai="48" doraHaiUra="105" who="2" fromWho="3" sc="345,0,236,0,179,143,220,-123" /><INIT seed="4,0,0,1,5,46" ten="345,236,322,97" oya="0" hai0="33,7,80,124,117,79,13,54,82,126,4,48,118" hai1="3,105,81,43,57,125,116,18,100,102,2,17,56" hai2="32,61,135,25,37,34,73,119,85,62,47,99,21" hai3="35,41,131,30,84,39,107,91,55,70,108,98,11"/><T77/><D33/><U121/><E116/><N who="0" m="44649" /><D13/><U104/><E121/><V14/><F119/><W59/><G108/><T110/><D110/><U0/><E43/><V1/><F73/><W130/><G70/><T26/><D26/><U129/><E81/><N who="0" m="31337" /><D54/><U52/><E125/><N who="0" m="48233" /><D48/><U78/><E78/><AGARI ba="0,0" hai="4,7,77,78,79" m="48233,31337,44649" machi="78" ten="40,7700,0" yaku="28,2,18,1" doraHai="46" who="0" fromWho="1" sc="345,77,236,-77,322,0,97,0" /><INIT seed="4,1,0,0,2,58" ten="422,159,322,97" oya="0" hai0="31,6,106,91,78,2,47,131,25,71,51,104,43" hai1="42,99,121,95,89,96,105,118,108,18,98,83,14" hai2="74,41,13,73,62,37,101,65,12,1,68,24,54" hai3="8,130,109,79,87,114,38,77,39,81,19,84,32"/><T21/><D131/><U48/><E121/><V27/><F1/><W30/><G109/><T34/><D71/><U64/><E108/><V67/><F67/><W59/><G114/><T124/><D124/><U52/><E118/><V29/><F101/><W9/><G130/><T16/><D78/><U17/><E42/><V7/><F27/><W28/><G32/><T92/><D2/><U103/><E83/><V80/><F54/><W107/><G107/><T97/><D6/><U44/><E18/><V132/><F132/><W4/><G59/><T33/><REACH who="0" step="1"/><D33/><REACH who="0" ten="412,159,322,97" step="2"/><U115/><E115/><V127/><F127/><W40/><G4/><T23/><D23/><U134/><E134/><V117/><F7/><W35/><G35/><T111/><D111/><U61/><E105/><V93/><F68/><W46/><G77/><T60/><D60/><U86/><E103/><V82/><F62/><W45/><G79/><T70/><D70/><U26/><E61/><V53/><F117/><W49/><G9/><T56/><D56/><U88/><E64/><V133/><F65/><W57/><G8/><T11/><D11/><N who="1" m="6367" /><E89/><V3/><F133/><W129/><G57/><T75/><D75/><U120/><E120/><V63/><F74/><W123/><G129/><T5/><D5/><U113/><E113/><V20/><F73/><W22/><G123/><T15/><AGARI ba="1,1" hai="15,16,21,25,31,34,43,47,51,91,92,97,104,106" machi="15" ten="20,7800,0" yaku="1,1,0,1,7,1,54,1,53,0" doraHai="58" doraHaiUra="0" who="0" fromWho="0" sc="412,91,159,-27,322,-27,97,-27" /><INIT seed="4,2,0,3,4,97" ten="503,132,295,70" oya="0" hai0="95,38,71,114,53,59,67,93,105,87,124,40,34" hai1="78,7,106,122,83,123,39,62,29,14,131,46,104" hai2="42,116,0,133,85,128,12,1,101,30,31,56,108" hai3="17,94,35,21,6,58,92,135,13,65,10,86,98"/><T125/><D34/><U32/><E131/><V134/><F108/><W20/><G35/><T91/><D114/><U11/><E62/><V75/><F75/><W107/><G135/><N who="2" m="51721" /><F116/><W63/><G107/><T68/><D105/><U64/><E64/><V22/><F42/><W70/><G70/><T120/><D120/><U112/><E112/><V69/><F69/><W111/><G111/><T96/><D67/><U109/><E109/><V81/><F56/><W90/><REACH who="3" step="1"/><G6/><REACH who="3" ten="503,132,295,60" step="2"/><T25/><D71/><U16/><E122/><V47/><F128/><W79/><G79/><T57/><D68/><U119/><E123/><V36/><F1/><W61/><G61/><T117/><D117/><U5/><E119/><V50/><F0/><W18/><G18/><T74/><D125/><U52/><E106/><V55/><F31/><W66/><G66/><T45/><D124/><U23/><E104/><V113/><F30/><W3/><G3/><T132/><D132/><U41/><E32/><V51/><F113/><W2/><G2/><T24/><D24/><U37/><E29/><V19/><F19/><W82/><G82/><T100/><D25/><U26/><E83/><V129/><F81/><W127/><G127/><T76/><D76/><U27/><E78/><V99/><F129/><W54/><G54/><T115/><D115/><U84/><E27/><V77/><F55/><W44/><G44/><T28/><D28/><U72/><E7/><V103/><F77/><W118/><G118/><T4/><D4/><U121/><E52/><V89/><F47/><W33/><G33/><T43/><D53/><RYUUKYOKU ba="2,1" sc="503,-10,132,-10,295,-10,60,30" hai3="10,13,17,20,21,58,63,65,86,90,92,94,98" /><INIT seed="5,3,1,4,3,80" ten="493,122,285,90" oya="1" hai0="24,23,128,9,74,129,108,117,89,30,39,98,26" hai1="78,21,95,114,63,49,62,12,20,8,64,6,16" hai2="120,99,132,97,93,35,13,130,69,103,45,134,67" hai3="79,38,58,65,31,40,85,127,27,50,43,41,42"/><U111/><E114/><V110/><F110/><W44/><G127/><T71/><D108/><U37/><E37/><V59/><F120/><W15/><G38/><T113/><D117/><U125/><E125/><V36/><F69/><W83/><G15/><T29/><D39/><U92/><E111/><V107/><F35/><W126/><G126/><T133/><D71/><U66/><E49/><V88/><F130/><N who="0" m="50282" /><D74/><U121/><E121/><V104/><F13/><W84/><G65/><N who="1" m="25194" /><E78/><V17/><F17/><W116/><G116/><T57/><D113/><U77/><E77/><V51/><F36/><W56/><REACH who="3" step="1"/><G84/><REACH who="3" ten="493,122,285,80" step="2"/><T115/><D115/><U1/><E1/><V46/><F67/><W32/><AGARI ba="3,2" hai="27,31,32,40,41,42,43,44,50,56,58,79,83,85" machi="32" ten="30,8000,1" yaku="1,1,2,1,0,1,52,1,53,1" doraHai="80" doraHaiUra="25" who="3" fromWho="3" sc="493,-23,122,-43,285,-23,80,109" /><INIT seed="6,0,0,0,3,4" ten="470,79,262,189" oya="2" hai0="55,87,98,100,93,3,59,58,37,76,131,64,82" hai1="90,54,133,30,40,78,34,18,41,8,67,88,126" hai2="60,57,117,33,109,19,86,53,29,132,62,26,2" hai3="72,74,80,45,68,38,6,85,71,97,15,69,129"/><V28/><F117/><W7/><G129/><T79/><D131/><U63/><E133/><V66/><F132/><W12/><G97/><T73/><D37/><U83/><E126/><V113/><F113/><W128/><G128/><T92/><D3/><U61/><E30/><V1/><F109/><W43/><G7/><T111/><D111/><U9/><E34/><V110/><F110/><W31/><G31/><T42/><D42/><U5/><E5/><V77/><F29/><W20/><G15/><T108/><D108/><U25/><E67/><V17/><F77/><W81/><G81/><T115/><D115/><U135/><E135/><V125/><F125/><W52/><G52/><T50/><D73/><U122/><E122/><V46/><F86/><W112/><G112/><T48/><D93/><U44/><E78/><V84/><F84/><W22/><G22/><T91/><D64/><U121/><E121/><V89/><F89/><W27/><G27/><T124/><D124/><U16/><E25/><V11/><F46/><W105/><G105/><T39/><D39/><U120/><E120/><V106/><F106/><W70/><G70/><T56/><D56/><U35/><E35/><V96/><F96/><W32/><G32/><T107/><D107/><U102/><E44/><V49/><F49/><W10/><REACH who="3" step="1"/><G20/><REACH who="3" ten="470,79,262,179" step="2"/><T119/><D119/><U65/><E54/><AGARI ba="0,1" hai="48,50,54,55,58,59,76,79,82,87,91,92,98,100" machi="54" ten="40,2600,0" yaku="9,1,8,1" doraHai="4" who="0" fromWho="1" sc="470,36,79,-26,262,0,179,0" /><INIT seed="7,0,0,0,0,46" ten="506,53,262,179" oya="3" hai0="73,64,3,82,90,81,49,102,86,78,38,31,112" hai1="124,40,6,72,53,75,52,39,68,120,36,122,34" hai2="19,14,30,123,29,121,27,32,116,13,95,7,16" hai3="96,8,9,57,87,74,69,119,12,88,70,89,110"/><W62/><G74/><T130/><D3/><U26/><E6/><V79/><F116/><W105/><G119/><T20/><D38/><U132/><E34/><V100/><F79/><W25/><G110/><T134/><D64/><U28/><E26/><N who="2" m="18487" /><F100/><W99/><G25/><T10/><D10/><U97/><E28/><V129/><F129/><W117/><G117/><T66/><D66/><U24/><E24/><V55/><F95/><W83/><G9/><T67/><D67/><U0/><E0/><V35/><F55/><W11/><G11/><T84/><D130/><U63/><E97/><V77/><F77/><W126/><G126/><T51/><D73/><U23/><E23/><N who="2" m="11663" /><F7/><W93/><G99/><T47/><D47/><U22/><E22/><AGARI ba="0,0" hai="14,19,22,27,30,35,121,123" m="11663,18487" machi="22" ten="30,3900,0" yaku="34,2,54,1" doraHai="46" who="2" fromWho="1" sc="506,0,53,-39,262,39,179,0" owari="506,61.0,14,-49.0,301,10.0,179,-22.0" /></mjloggm>