<mjloggm ver="2.3"><GO type="97" lobby="0"/><UN n0="%E5%B0%B1%E6%B4%BB%E7%94%9F%40%E5%B7%9D%E6%9D%91%E8%BB%8D%E5%9B%A3" n1="%63%6F%66%66%65%65%2E%53" n2="%E4%BB%8A%E5%87%BA%E5%B0%8F%EF%BC%92%E5%B9%B4" n3="%63%68%69%62%69%38%36%35" dan="14,13,13,14" rate="1932.32,1841.12,1827.78,1973.35" sx="M,M,M,M"/><TAIKYOKU oya="0"/><INIT seed="0,0,0,1,3,123" ten="250,250,250,250" oya="0" hai0="108,134,34,40,48,111,46,63,122,22,117,7,37" hai1="97,26,53,8,61,27,82,10,73,60,62,126,110" hai2="85,132,83,43,86,57,76,31,5,9,12,94,23" hai3="109,133,98,0,47,50,14,36,1,55,19,90,6"/><T39/><D122/><U42/><E126/><V15/><F132/><W115/><G115/><T113/><D34/><U130/><E130/><V114/><F114/><W20/><G133/><T59/><D113/><U118/><E118/><V41/><F57/><W99/><G36/><T79/><D134/><U38/><E38/><V124/><F124/><W116/><G116/><T91/><D79/><U66/><E42/><V78/><F78/><W68/><G68/><T72/><D72/><U13/><E73/><V87/><F87/><W69/><G69/><T17/><D7/><U67/><E82/><V104/><F104/><W52/><G55/><T121/><D121/><U3/><E3/><V29/><F29/><W18/><G18/><T96/><D117/><U135/><E135/><V93/><F93/><W127/><G127/><T45/><D91/><U65/><E53/><V80/><F80/><W56/><G47/><T2/><D96/><U51/><E51/><V103/><F103/><W24/><G1/><T88/><D88/><U21/><E21/><V128/><F128/><W77/><G77/><T28/><D28/><U4/><E97/><V71/><F71/><W49/><G0/><T32/><D2/><U35/><E35/><V100/><F100/><W89/><G50/><T131/><D32/><U58/><E58/><V81/><F81/><W30/><G6/><T107/><D107/><U70/><E70/><V95/><F95/><N who="3" m="56687" /><G99/><T16/><D131/><U112/><E112/><V101/><F101/><W44/><G90/><T102/><D39/><U54/><E54/><V74/><F23/><RYUUKYOKU ba="0,0" sc="250,0,250,0,250,0,250,0" /><INIT seed="1,1,0,4,4,119" ten="250,250,250,250" oya="1" hai0="111,50,52,112,89,124,116,23,34,70,3,57,81" hai1="32,76,109,13,39,43,53,33,29,63,38,59,73" hai2="15,2,10,31,134,72,114,41,9,14,90,64,45" hai3="117,26,128,118,8,94,7,101,71,115,74,5,84"/><U67/><E73/><V132/><F134/><W12/><G74/><T110/><D34/><U22/><E76/><V28/><F72/><W127/><G71/><T113/><D3/><U78/><E78/><V108/><F114/><N who="0" m="44138" /><D23/><U95/><E39/><V125/><F132/><W21/><G115/><T56/><D81/><U1/><E1/><V83/><F2/><W121/><G101/><T60/><D89/><U48/><E95/><V80/><F64/><W106/><G106/><T65/><D116/><N who="3" m="44649" /><G128/><T66/><D124/><U44/><E109/><N who="0" m="41481" /><D65/><U55/><E55/><V0/><F125/><W99/><G84/><T40/><D40/><U87/><E87/><V92/><F0/><W68/><G68/><AGARI ba="1,0" hai="50,52,56,57,60,66,68,70" m="41481,44138" machi="68" ten="30,7700,0" yaku="14,1,34,2,54,1" doraHai="119" who="0" fromWho="3" sc="250,80,250,0,250,0,250,-80" /><INIT seed="2,0,0,2,0,45" ten="330,250,250,170" oya="2" hai0="119,58,44,99,100,46,114,47,131,49,110,126,9" hai1="98,93,112,61,89,38,27,52,40,85,39,34,125" hai2="13,82,103,37,80,75,64,83,97,10,91,57,50" hai3="70,66,117,19,23,42,108,24,6,7,11,14,92"/><V105/><F37/><W134/><G70/><T3/><D114/><U28/><E112/><V68/><F75/><W5/><G66/><T67/><D110/><U22/><E125/><V41/><F68/><W96/><G42/><T84/><D119/><U21/><E39/><V118/><F118/><W122/><G117/><T43/><D126/><U102/><E40/><V35/><F35/><W127/><G127/><T107/><D131/><U121/><E38/><V87/><F64/><W109/><G96/><T106/><D106/><U33/><E121/><V71/><F71/><W130/><G130/><T120/><D120/><U25/><E61/><V12/><F12/><W30/><G92/><T135/><D135/><U63/><E63/><V1/><F1/><W32/><G134/><T62/><D84/><U8/><E8/><V94/><F105/><W111/><REACH who="3" step="1"/><G122/><REACH who="3" ten="330,250,250,160" step="2"/><T56/><D99/><U51/><E98/><V128/><F128/><W4/><G4/><T90/><D107/><U26/><E102/><V16/><F41/><W18/><G18/><T101/><D100/><U15/><E15/><AGARI ba="0,1" hai="5,6,7,11,14,15,19,23,24,30,32,108,109,111" machi="15" ten="40,8000,1" yaku="1,1,14,1,34,3,53,0" doraHai="45" doraHaiUra="124" who="3" fromWho="1" sc="330,0,250,-80,250,0,160,90" /><INIT seed="3,0,0,2,4,121" ten="330,170,250,250" oya="3" hai0="2,5,28,109,95,12,89,112,39,22,61,9,129" hai1="34,106,37,36,117,21,20,91,30,75,103,3,72" hai2="8,48,69,97,32,105,132,123,127,65,7,86,107" hai3="78,68,81,87,124,70,47,1,60,80,19,55,115"/><W35/><G35/><T58/><D109/><U45/><E3/><V62/><F62/><W118/><BYE who="2" /><G118/><T71/><D39/><U27/><E117/><V17/><F17/><W74/><G1/><T63/><D112/><U100/><E106/><V128/><F128/><W52/><G124/><T42/><D129/><U133/><E133/><V38/><F38/><W134/><G134/><T14/><D42/><U53/><E91/><V125/><F125/><W79/><G115/><T90/><D90/><U88/><E75/><V116/><F116/><W96/><G96/><T126/><D126/><U102/><E72/><V13/><F13/><W99/><G99/><N who="0" m="57839" /><D71/><U120/><E120/><V18/><F18/><W46/><G19/><N who="0" m="10599" /><D2/><U131/><E131/><V4/><F4/><W76/><G76/><T83/><D28/><U49/><E37/><V84/><F84/><W44/><REACH who="3" step="1"/><G60/><REACH who="3" ten="330,170,250,240" step="2"/><UN n2="%E4%BB%8A%E5%87%BA%E5%B0%8F%EF%BC%92%E5%B9%B4" /><T6/><D63/><U114/><E114/><V15/><F132/><W41/><G41/><T59/><D61/><U33/><E33/><V93/><F127/><W101/><G101/><T40/><D40/><U23/><E36/><V110/><F32/><W94/><G94/><T73/><D73/><U24/><E34/><V77/><F97/><W31/><G31/><T122/><D122/><U29/><E23/><V82/><F123/><W10/><G10/><T104/><D104/><U0/><E0/><V50/><F107/><W26/><G26/><T54/><D5/><U119/><E119/><V85/><F105/><W108/><G108/><T135/><D135/><U64/><E64/><V111/><F65/><RYUUKYOKU ba="0,1" sc="330,-15,170,15,250,-15,240,15" hai1="20,21,24,27,29,30,45,49,53,88,100,102,103" hai3="44,46,47,52,55,68,70,74,78,79,80,81,87" /><INIT seed="3,1,1,2,3,107" ten="315,185,235,255" oya="3" hai0="4,81,90,94,24,106,61,120,51,31,14,88,12" hai1="73,58,118,46,126,53,125,55,9,3,115,95,45" hai2="123,59,70,28,91,30,22,69,131,79,18,8,54" hai3="86,23,134,85,66,132,75,21,130,2,84,29,83"/><W133/><G2/><T96/><D120/><U39/><E115/><V1/><F1/><W10/><BYE who="2" /><G66/><T16/><D4/><U52/><E3/><V102/><F102/><W87/><G10/><T41/><D106/><U101/><E9/><V33/><F33/><W124/><G124/><N who="1" m="47722" /><E101/><V34/><F34/><W67/><G67/><T121/><D121/><U5/><E5/><V35/><F35/><W60/><G60/><T26/><D61/><U80/><E95/><V43/><F43/><W92/><G130/><T25/><D31/><U15/><E15/><V100/><F100/><W127/><G127/><T19/><D81/><U17/><E17/><N who="0" m="6729" /><D90/><U111/><E39/><V6/><F6/><W64/><G64/><T114/><D114/><U117/><E111/><V36/><F36/><W68/><G68/><T65/><D65/><U20/><E20/><N who="3" m="7754" /><G29/><UN n2="%E4%BB%8A%E5%87%BA%E5%B0%8F%EF%BC%92%E5%B9%B4" /><T47/><AGARI ba="1,1" hai="12,14,24,25,26,41,47,51,88,94,96" m="6729" machi="47" ten="30,4000,0" yaku="8,1,54,2" doraHai="107" who="0" fromWho="0" sc="315,53,185,-11,235,-11,255,-21" owari="368,48.0,174,-33.0,224,-18.0,234,3.0" /></mjloggm>