<mjloggm ver="2.3"><GO type="97" lobby="0"/><UN n0="%E3%83%88%E3%83%88%E3%83%AA%E5%85%88%E7%94%9F%31%39%E6%AD%B3" n1="%E3%82%86%E3%81%86%E3%81%98%E3%81%98" n2="%6F%73%72%67" n3="%6D%6D%6D%6D%6F%6F%6E" dan="13,14,14,14" rate="2000.54,1906.02,1953.89,1944.91" sx="F,M,M,F"/><TAIKYOKU oya="0"/><INIT seed="0,0,0,1,0,48" ten="250,250,250,250" oya="0" hai0="74,117,130,62,24,20,135,133,29,106,79,11,18" hai1="28,124,94,35,119,25,56,31,73,112,81,32,21" hai2="38,66,1,126,75,87,8,46,30,67,76,93,108" hai3="9,91,5,68,53,110,61,16,45,7,104,49,70"/><T2/><D106/><U134/><E119/><V12/><F126/><W128/><G104/><T88/><D117/><U23/><E124/><V50/><F38/><W105/><G105/><T69/><D130/><U90/><E112/><V64/><F1/><W95/><G128/><T84/><D79/><U4/><E134/><N who="0" m="51209" /><D74/><U6/><E81/><V39/><F39/><W118/><G118/><T103/><D103/><U98/><E73/><V129/><F129/><W51/><G51/><T47/><D47/><U26/><REACH who="1" step="1"/><E56/><REACH who="1" ten="250,240,250,250" step="2"/><V100/><F75/><W40/><G68/><T60/><D69/><U33/><AGARI ba="0,1" hai="4,6,21,23,25,26,28,31,32,33,35,90,94,98" machi="33" ten="30,7900,0" yaku="1,1,2,1,0,1,9,1,53,0" doraHai="48" doraHaiUra="132" who="1" fromWho="1" sc="250,-39,240,89,250,-20,250,-20" /><INIT seed="1,0,0,3,3,46" ten="211,329,230,230" oya="1" hai0="56,116,133,42,82,80,125,99,57,28,16,41,96" hai1="30,84,85,66,59,83,0,52,25,6,27,88,95" hai2="115,102,101,19,111,106,112,76,22,103,17,43,70" hai3="72,39,78,49,5,129,86,74,26,7,127,90,2"/><U126/><E126/><V73/><F70/><W89/><G39/><T61/><D116/><U37/><E37/><V124/><F43/><N who="0" m="16394" /><D125/><U81/><E66/><V91/><F124/><W44/><G127/><T35/><D28/><U54/><E0/><V97/><F19/><W77/><G129/><T14/><D35/><U36/><E6/><V11/><F11/><W10/><G7/><T108/><D108/><U51/><E36/><V62/><F62/><W87/><G26/><T65/><D57/><U3/><E3/><V122/><F122/><W67/><G67/><T79/><D133/><U121/><E121/><V60/><F60/><W69/><G69/><T1/><D1/><U94/><E30/><V64/><F64/><W71/><G71/><T58/><D58/><U93/><E54/><V47/><F76/><AGARI ba="0,0" hai="25,27,51,52,59,76,81,83,84,85,88,93,94,95" machi="76" ten="40,12000,1" yaku="8,1,52,1,54,2" doraHai="46" who="1" fromWho="2" sc="211,0,329,120,230,-120,230,0" /><INIT seed="1,1,0,0,0,72" ten="211,449,110,230" oya="1" hai0="43,0,62,83,50,14,23,26,7,18,75,68,102" hai1="110,89,58,130,79,41,112,27,31,63,135,21,37" hai2="13,5,57,119,108,11,56,19,66,101,128,105,40" hai3="121,88,73,34,80,28,64,24,55,39,104,76,118"/><U91/><E112/><V25/><F119/><W86/><G121/><T85/><D75/><U59/><E135/><V132/><F128/><W36/><G104/><T65/><D0/><U124/><E130/><V96/><F132/><W17/><G118/><T46/><D102/><U44/><E124/><V81/><F108/><W49/><G64/><T117/><D117/><U113/><E113/><V61/><F40/><W92/><REACH who="3" step="1"/><G17/><REACH who="3" ten="211,449,110,220" step="2"/><T125/><D125/><U2/><E110/><V45/><F45/><AGARI ba="1,1" hai="24,28,34,36,39,45,49,55,73,76,80,86,88,92" machi="45" ten="30,12000,2" yaku="1,1,2,1,7,1,52,1,54,1,53,1" doraHai="72" doraHaiUra="107" who="3" fromWho="2" sc="211,0,449,0,110,-123,220,133" owari="211,-19.0,449,55.0,-13,-51.0,353,15.0" /></mjloggm>