<mjloggm ver="2.3"><GO type="169" lobby="0"/><UN n0="%E9%9B%80%CE%B2%CE%BF%D1%83" n1="%E3%82%A6%E3%83%AB%E3%83%88%E3%83%A9%E7%AB%8B%E7%9B%B4" n2="%56%4F%4E%41%50%41%4C%54" n3="%E2%98%85%E9%9B%80%E9%AC%BC%E7%99%BE%E7%80%AC%E2%98%85" dan="16,18,16,18" rate="2098.29,2173.43,2086.93,2194.84" sx="M,M,M,M"/><TAIKYOKU oya="0"/><INIT seed="0,0,0,4,0,129" ten="250,250,250,250" oya="0" hai0="77,114,27,108,75,26,102,58,82,123,22,125,10" hai1="6,52,72,101,131,37,89,111,96,25,74,113,42" hai2="16,0,36,84,55,14,18,30,56,67,104,49,98" hai3="66,127,17,133,15,12,93,28,78,1,54,59,46"/><T13/><D125/><U60/><E113/><V97/><F36/><W103/><G1/><T124/><D114/><U40/><E131/><V73/><F73/><W79/><G28/><T99/><D123/><U134/><E111/><V9/><F30/><W116/><G116/><T80/><D108/><U29/><E6/><V11/><F84/><W64/><G46/><T126/><D126/><U106/><E89/><V86/><F86/><W51/><G12/><T81/><D27/><U4/><E4/><V118/><F118/><W35/><G35/><T109/><D109/><U117/><E117/><V91/><F104/><W105/><G105/><T31/><D58/><U83/><E52/><V88/><F67/><W68/><G68/><T57/><D57/><U39/><E60/><V69/><F69/><W2/><G2/><T8/><D8/><U112/><E112/><V44/><F44/><W45/><G127/><T71/><D71/><U70/><E70/><V43/><F43/><W92/><G64/><T115/><D115/><U76/><E72/><V47/><F47/><W87/><G17/><T3/><D3/><U119/><E119/><V85/><F0/><W132/><G45/><T120/><D120/><U110/><E110/><V90/><F85/><W50/><G66/><T100/><D124/><U20/><E39/><V121/><F121/><W65/><G65/><T62/><D62/><U41/><E37/><V130/><F130/><W128/><G128/><T32/><D32/><U33/><E33/><V5/><F5/><W19/><G78/><T24/><D77/><U21/><E21/><RYUUKYOKU ba="0,0" sc="250,-15,250,15,250,15,250,-15" hai1="20,25,29,40,41,42,74,76,83,96,101,106,134" hai2="9,11,14,16,18,49,55,56,88,90,91,97,98" /><INIT seed="1,1,0,0,5,33" ten="235,265,265,235" oya="1" hai0="123,51,61,26,46,15,29,131,76,16,74,10,113" hai1="17,20,5,117,105,70,68,81,21,22,124,69,47" hai2="96,66,92,14,45,71,99,133,64,83,49,18,85" hai3="100,55,103,12,48,94,101,90,119,34,75,132,65"/><U6/><E105/><V82/><F133/><W84/><G34/><T95/><D113/><U0/><E117/><V112/><F112/><W116/><G75/><T41/><D131/><U58/><E17/><V38/><F38/><W79/><G132/><T43/><D123/><U59/><E81/><V110/><F110/><W52/><G79/><T32/><D74/><U28/><E47/><V42/><F71/><W104/><G65/><N who="2" m="25193" /><F85/><W114/><G114/><T88/><D76/><U54/><E54/><V109/><F109/><W60/><G104/><T107/><D61/><U4/><E28/><V39/><F39/><W23/><G60/><T40/><REACH who="0" step="1"/><D107/><REACH who="0" ten="225,265,265,235" step="2"/><U27/><E27/><V134/><F134/><W63/><G63/><T13/><D13/><U130/><E130/><V127/><F127/><W120/><G120/><T25/><D25/><U44/><E124/><V53/><F42/><W80/><G116/><T97/><AGARI ba="1,1" hai="10,15,16,26,29,32,40,41,43,46,51,88,95,97" machi="97" ten="20,8000,1" yaku="1,1,0,1,7,1,54,2,53,0" doraHai="33" doraHaiUra="118" who="0" fromWho="0" sc="225,93,265,-41,265,-21,235,-21" /><INIT seed="2,0,0,2,4,84" ten="318,224,244,214" oya="2" hai0="3,24,89,41,47,58,95,20,105,83,125,8,66" hai1="37,29,59,110,22,9,77,86,72,61,78,25,120" hai2="131,109,65,91,67,11,94,74,48,103,128,16,15" hai3="38,71,87,126,32,45,49,33,100,134,2,127,54"/><V44/><F74/><W70/><G2/><T69/><D69/><U96/><E110/><V36/><F36/><W17/><G100/><T106/><D83/><U21/><E120/><V92/><F109/><W46/><G134/><T111/><D111/><U19/><E37/><V35/><F35/><W56/><G17/><T30/><D125/><N who="3" m="47625" /><G32/><T34/><D34/><U135/><E135/><V132/><F132/><W40/><G33/><T26/><D26/><U6/><E96/><N who="2" m="59783" /><F131/><W52/><G87/><T101/><D101/><U68/><E68/><V4/><F4/><W39/><G39/><T80/><D80/><U28/><E72/><V82/><F82/><W5/><G5/><T79/><D79/><U1/><E86/><N who="2" m="52599" /><F128/><W43/><G43/><AGARI ba="0,0" hai="11,15,16,43,44,48,65,67" m="52599,59783" machi="43" ten="30,5800,0" yaku="8,1,52,1,54,1" doraHai="84" who="2" fromWho="3" sc="318,0,224,0,244,58,214,-58" /><INIT seed="2,1,0,1,5,95" ten="318,224,302,156" oya="2" hai0="7,22,92,2,72,133,65,16,28,121,79,68,60" hai1="13,17,86,24,124,5,96,69,34,12,102,81,35" hai2="41,111,6,58,26,67,122,20,118,104,54,127,64" hai3="19,97,46,100,106,30,73,11,105,117,56,108,119"/><V49/><F118/><W74/><G108/><T76/><D121/><U99/><E69/><V61/><F122/><W14/><G30/><T21/><D133/><U42/><E124/><V63/><F111/><W114/><G114/><T75/><D28/><U103/><E42/><V131/><F104/><W84/><G106/><T77/><D22/><N who="1" m="13391" /><E34/><V50/><F6/><W120/><G120/><T55/><D55/><U37/><E37/><V1/><F1/><W125/><G125/><T10/><REACH who="0" step="1"/><D92/><REACH who="0" ten="308,224,302,156" step="2"/><U70/><E35/><V89/><F127/><W48/><G117/><T128/><D128/><U38/><E38/><V83/><F131/><W91/><G119/><T98/><D98/><N who="1" m="37419" /><E70/><V110/><F110/><W113/><G113/><T0/><D0/><U90/><E13/><AGARI ba="1,1" hai="2,7,10,13,16,21,60,65,68,72,75,76,77,79" machi="13" ten="40,2600,0" yaku="1,1,54,1,53,0" doraHai="95" doraHaiUra="27" who="0" fromWho="1" sc="308,39,224,-29,302,0,156,0" /><INIT seed="3,0,0,3,4,22" ten="347,195,302,156" oya="3" hai0="32,31,54,102,21,122,15,0,131,79,16,55,107" hai1="46,105,133,7,58,18,112,23,124,135,26,100,126" hai2="13,30,117,81,75,48,71,130,51,125,66,70,132" hai3="134,93,76,98,82,45,127,111,47,74,92,53,108"/><W6/><G6/><T2/><D122/><U11/><E100/><V129/><F117/><W64/><G64/><T110/><D131/><N who="2" m="50186" /><F125/><N who="1" m="48233" /><E105/><V20/><F132/><N who="1" m="50761" /><E58/><V87/><F75/><W42/><G134/><T62/><D79/><U14/><E46/><V96/><F96/><W3/><G3/><T12/><D102/><U40/><E40/><V56/><F56/><W35/><G127/><T119/><D107/><U69/><E69/><N who="2" m="26123" /><F66/><W38/><G35/><T73/><D62/><U91/><E91/><N who="2" m="51695" /><F30/><W34/><G98/><T39/><D119/><U65/><E65/><V28/><F28/><W59/><G45/><T121/><D73/><U43/><E43/><V83/><F83/><W97/><G34/><T33/><D39/><U9/><E9/><V84/><F84/><W120/><G120/><T5/><D121/><U61/><E61/><V52/><F52/><W25/><G53/><T60/><D55/><U67/><E67/><V104/><F104/><W103/><G59/><T10/><D54/><U115/><AGARI ba="0,0" hai="7,11,14,18,23,26,112,115" m="50761,48233" machi="115" ten="40,8000,1" yaku="18,1,20,1,34,2,52,1" doraHai="22" who="1" fromWho="1" sc="347,-20,195,80,302,-20,156,-40" /><INIT seed="4,0,0,5,3,30" ten="327,275,282,116" oya="0" hai0="131,128,13,104,89,74,52,47,105,36,59,58,122" hai1="0,125,10,12,67,16,84,64,41,121,43,111,87" hai2="93,96,76,49,127,25,34,11,124,48,26,4,5" hai3="3,63,102,112,97,71,77,115,22,50,37,33,23"/><T120/><D74/><U98/><E0/><V103/><F76/><W27/><G3/><T14/><D47/><U101/><E111/><V68/><F68/><W73/><G37/><T17/><D36/><U45/><E125/><N who="2" m="48203" /><F5/><W130/><G130/><N who="0" m="49707" /><D89/><U117/><E121/><N who="0" m="46697" /><D59/><U2/><E2/><N who="2" m="407" /><F34/><W28/><G77/><T54/><D54/><U100/><E117/><V82/><F82/><W19/><G73/><T29/><D29/><U132/><E43/><V24/><AGARI ba="0,0" hai="24,25,26,48,49,93,96,103" m="407,48203" machi="24" ten="30,1100,0" yaku="18,1" doraHai="30" who="2" fromWho="2" sc="327,-5,275,-3,282,11,116,-3" /><INIT seed="5,0,0,4,2,77" ten="322,272,293,113" oya="1" hai0="25,2,75,124,125,116,53,130,54,28,47,119,32" hai1="17,35,105,15,22,111,128,132,63,41,71,72,23" hai2="110,31,29,62,92,96,90,46,80,99,100,82,118" hai3="115,84,129,117,97,74,60,131,50,56,55,57,122"/><U11/><E35/><V106/><F118/><N who="0" m="45098" /><D75/><U67/><E128/><V68/><F110/><W9/><G117/><T102/><D102/><U16/><E111/><V123/><F123/><W81/><G122/><T86/><D2/><U7/><E132/><V61/><F46/><W94/><G74/><T52/><D86/><U51/><E105/><V98/><F98/><W45/><G115/><T21/><D32/><U18/><REACH who="1" step="1"/><E72/><REACH who="1" ten="322,262,293,113" step="2"/><V70/><F70/><W135/><G131/><T30/><D130/><U10/><E10/><V27/><F68/><W109/><G129/><T20/><D20/><U78/><E78/><V19/><F106/><W37/><G109/><T127/><D30/><U83/><E83/><N who="2" m="31787" /><F99/><W39/><G135/><T33/><D33/><U134/><E134/><V65/><F100/><W88/><G9/><T120/><D120/><U133/><E133/><V49/><F49/><AGARI ba="0,1" hai="21,25,28,47,49,52,53,54,124,125,127" m="45098" machi="49" ten="40,2600,0" yaku="18,1,54,1" doraHai="77" who="0" fromWho="2" sc="322,36,262,0,293,-26,113,0" /><INIT seed="6,0,0,3,0,94" ten="358,262,267,113" oya="2" hai0="84,35,71,132,10,37,127,108,13,67,65,1,90" hai1="74,97,27,18,116,43,42,8,73,40,69,115,131" hai2="49,125,28,118,20,56,52,48,92,120,3,103,106" hai3="2,66,112,126,111,31,38,34,99,98,80,59,51"/><V102/><F118/><W36/><G2/><T100/><D35/><U33/><E69/><V29/><F120/><W30/><G111/><T96/><D1/><U63/><E116/><V82/><F3/><W16/><G34/><T32/><D32/><U129/><E115/><V78/><F106/><W134/><G112/><T107/><D108/><U61/><E97/><N who="2" m="59815" /><F102/><W19/><G126/><T119/><D127/><U47/><E47/><V110/><F125/><W57/><G51/><T60/><D132/><U123/><E123/><V72/><F110/><W70/><G70/><T55/><D37/><U15/><E27/><N who="2" m="16487" /><F29/><W12/><G12/><T23/><D23/><U7/><E7/><V68/><F68/><W89/><G134/><T87/><D119/><U101/><E101/><V64/><F52/><W113/><G113/><T45/><D71/><U58/><E33/><V91/><F91/><W25/><G89/><T17/><D90/><U122/><E122/><V62/><AGARI ba="0,0" hai="48,49,56,62,64,72,78,82" m="16487,59815" machi="62" ten="30,3000,0" yaku="25,1,52,1" doraHai="94" who="2" fromWho="2" sc="358,-10,262,-10,267,30,113,-10" /><INIT seed="6,1,0,5,5,24" ten="348,252,297,103" oya="2" hai0="40,123,127,33,87,15,120,65,67,39,96,36,99" hai1="68,21,119,62,133,128,5,94,49,66,19,26,114" hai2="11,118,0,44,3,57,92,125,47,69,70,48,20" hai3="81,38,106,25,51,132,28,89,58,18,110,27,73"/><V131/><F118/><W97/><G38/><T76/><D33/><U101/><E119/><V88/><F47/><W64/><G110/><T104/><D104/><U83/><E114/><V116/><F116/><W35/><G132/><T135/><D40/><U91/><E128/><V117/><F117/><W103/><G51/><T72/><D87/><U31/><E133/><V121/><F121/><W7/><G7/><T45/><D45/><U53/><E5/><V54/><F125/><W43/><G43/><T22/><D22/><U111/><E111/><V59/><F20/><W86/><G18/><T71/><D15/><U129/><E129/><V60/><F131/><W122/><G122/><T6/><D6/><U55/><E101/><V34/><F34/><W46/><G46/><T30/><D76/><U109/><E109/><V78/><F78/><W95/><G25/><T75/><D135/><U113/><E113/><V107/><F107/><W134/><G134/><T126/><D71/><U29/><E83/><V98/><F59/><W77/><G64/><T9/><D9/><U115/><E115/><V37/><F37/><W82/><G82/><T14/><D14/><U93/><E93/><V17/><F17/><W16/><G16/><T100/><D100/><U130/><E130/><V32/><F32/><W112/><G112/><T42/><D42/><U23/><E23/><V80/><F80/><W84/><REACH who="3" step="1"/><G58/><REACH who="3" ten="348,252,297,93" step="2"/><T102/><D102/><U8/><E8/><V85/><F11/><W2/><G2/><T12/><D12/><U41/><E41/><N who="2" m="24591" /><F98/><AGARI ba="1,1" hai="27,28,35,73,77,81,84,86,89,95,97,98,103,106" machi="98" ten="30,3900,0" yaku="1,1,7,1,52,1,53,0" doraHai="24" doraHaiUra="1" who="3" fromWho="2" sc="348,0,252,0,297,-42,93,52" /><INIT seed="7,0,0,5,3,88" ten="348,252,255,145" oya="3" hai0="132,32,47,85,15,116,108,96,38,87,10,75,101" hai1="41,25,70,68,9,77,36,65,117,92,113,104,6" hai2="71,72,94,81,134,8,43,59,4,111,115,90,2" hai3="27,103,120,53,112,114,14,34,63,86,119,99,44"/><W26/><G120/><T11/><D32/><U98/><E104/><V79/><F111/><W56/><G119/><T1/><D75/><U35/><E113/><N who="3" m="43626" /><G34/><T118/><D132/><U100/><E117/><V28/><F71/><W76/><G14/><T24/><D24/><U131/><E131/><V133/><F115/><W130/><G130/><T39/><D47/><N who="1" m="23975" /><E92/><V12/><F28/><W23/><G44/><T128/><D1/><N who="1" m="207" /><E77/><V45/><F59/><W127/><G127/><T19/><D101/><U102/><E102/><V124/><F124/><W33/><G33/><T82/><D96/><U89/><E89/><V64/><F64/><W48/><G48/><T91/><D82/><U109/><E65/><V54/><F54/><W97/><G97/><T107/><D15/><U66/><E66/><V62/><F62/><W73/><G86/><T93/><D108/><U20/><E109/><V83/><F83/><N who="3" m="45455" /><G23/><T37/><D128/><U22/><E20/><V17/><F12/><W49/><G49/><T58/><D37/><U106/><E22/><V129/><F129/><W3/><G3/><T7/><D38/><U123/><E123/><V67/><F67/><W21/><G21/><T42/><D39/><U61/><E61/><V52/><F133/><W78/><G78/><T29/><D87/><U16/><E16/><V51/><F17/><W5/><G5/><T18/><D7/><U55/><E55/><V105/><F134/><W110/><G110/><T135/><D18/><U121/><E121/><V122/><F122/><W125/><G125/><T74/><D19/><U60/><E60/><RYUUKYOKU ba="0,0" sc="348,-15,252,15,255,-15,145,15" hai1="25,35,68,70,98,100,106" hai3="26,27,53,56,63,99,103" /><INIT seed="7,1,0,5,3,81" ten="333,267,240,160" oya="3" hai0="68,84,38,36,61,39,10,74,29,0,120,57,92" hai1="31,116,115,98,96,7,109,124,22,90,16,88,82" hai2="91,41,40,55,102,63,134,105,14,125,19,123,112" hai3="21,73,129,67,75,58,26,121,93,42,132,113,51"/><W97/><G121/><T2/><D74/><U83/><E109/><V48/><F123/><W23/><G129/><T8/><D68/><U118/><E31/><V5/><F112/><W13/><G113/><T43/><D43/><U65/><E7/><V54/><F134/><W103/><G132/><T117/><D117/><U46/><E65/><V44/><F5/><W17/><G42/><T15/><D29/><U127/><E46/><V94/><F125/><W20/><G51/><T32/><D120/><U101/><E115/><V47/><F105/><W45/><G45/><T133/><D32/><U33/><E33/><V56/><F102/><W1/><G1/><T37/><D37/><U71/><E71/><V99/><REACH who="2" step="1"/><F47/><REACH who="2" ten="333,267,230,160" step="2"/><W59/><G59/><T130/><D57/><U89/><E101/><V64/><F64/><W111/><G111/><T77/><D133/><U25/><E127/><V76/><F76/><W49/><G49/><T126/><D77/><U122/><E124/><V24/><F24/><W60/><REACH who="3" step="1"/><G26/><REACH who="3" ten="333,267,230,150" step="2"/><T6/><D126/><U128/><E122/><V27/><F27/><W28/><G28/><T110/><D110/><U78/><E128/><V11/><AGARI ba="1,2" hai="11,14,19,40,41,44,48,54,55,56,63,91,94,99" machi="11" ten="20,5200,0" yaku="1,1,0,1,7,1,8,1,53,0" doraHai="81" doraHaiUra="70" who="2" fromWho="2" sc="333,-14,267,-14,230,75,150,-27" owari="319,42.0,253,-15.0,305,11.0,123,-38.0" /></mjloggm>