<mjloggm ver="2.3"><GO type="225" lobby="0"/><UN n0="%E3%81%BE%E3%81%95%E3%82%8B%E3%81%95%E3%82%93%E3%80%82%E3%80%82" n1="%E9%8A%80%E3%81%B0%E3%81%95%E3%81%BF" n2="%E3%83%88%E3%83%88%E3%83%AA%E5%85%88%E7%94%9F%31%39%E6%AD%B3" n3="%44%26%46" dan="16,18,17,16" rate="2084.88,2228.71,2241.23,2029.10" sx="M,M,F,M"/><TAIKYOKU oya="0"/><BYE who="2" /><UN n2="%E3%83%88%E3%83%88%E3%83%AA%E5%85%88%E7%94%9F%31%39%E6%AD%B3" /><INIT seed="0,0,0,3,5,47" ten="250,250,250,250" oya="0" hai0="24,111,116,106,54,52,79,85,17,60,48,101,51" hai1="12,83,90,120,92,105,77,134,29,128,39,61,119" hai2="104,109,35,113,98,50,132,115,7,84,58,63,65" hai3="14,28,30,78,23,53,118,16,40,70,21,71,67"/><T0/><D116/><U5/><E119/><V2/><F2/><W15/><BYE who="2" /><G118/><UN n2="%E3%83%88%E3%83%88%E3%83%AA%E5%85%88%E7%94%9F%31%39%E6%AD%B3" /><T89/><D0/><U82/><E39/><V108/><F108/><W74/><BYE who="2" /><G40/><UN n2="%E3%83%88%E3%83%88%E3%83%AA%E5%85%88%E7%94%9F%31%39%E6%AD%B3" /><T37/><D37/><U9/><E105/><V72/><F72/><W66/><BYE who="2" /><G78/><UN n2="%E3%83%88%E3%83%88%E3%83%AA%E5%85%88%E7%94%9F%31%39%E6%AD%B3" /><T4/><D111/><U112/><E120/><V46/><F46/><W11/><BYE who="2" /><G74/><T69/><D69/><U8/><E128/><V27/><F27/><W117/><G117/><T10/><D79/><U68/><E134/><V110/><F110/><W103/><G103/><T59/><D101/><U123/><E123/><V81/><F81/><W41/><G41/><T94/><D106/><U57/><E68/><V1/><F1/><W127/><G127/><T124/><D124/><U34/><E112/><V6/><F6/><W97/><G97/><T99/><D54/><U18/><E77/><V32/><F32/><W96/><G96/><T22/><D4/><U13/><E29/><N who="3" m="11370" /><G70/><T55/><D55/><N who="1" m="33983" /><E34/><V36/><F36/><W133/><G133/><T62/><D62/><U88/><E90/><V43/><F43/><W31/><G71/><T125/><D125/><U44/><E44/><V129/><F129/><W80/><G53/><T131/><D131/><U102/><E102/><V19/><F19/><N who="3" m="10495" /><G80/><T73/><D73/><U126/><E126/><V75/><F75/><W87/><G87/><AGARI ba="0,0" hai="5,8,9,12,13,18,82,83,87,88,92" m="33983" machi="87" ten="30,2000,0" yaku="8,1,54,1" doraHai="47" who="1" fromWho="3" sc="250,0,250,20,250,0,250,-20" /><INIT seed="1,0,0,3,5,5" ten="250,270,250,230" oya="1" hai0="16,67,13,19,105,26,57,68,134,74,1,97,112" hai1="86,129,76,58,115,2,40,80,31,49,8,63,124" hai2="3,36,117,33,23,123,11,14,18,98,70,46,28" hai3="85,73,54,131,50,37,118,62,20,101,6,91,7"/><U108/><E115/><V15/><F15/><W130/><G73/><T121/><D112/><U81/><E129/><N who="3" m="49162" /><G37/><T100/><D134/><U78/><E124/><V45/><F45/><N who="3" m="27983" /><G118/><T72/><D121/><U55/><E31/><V65/><F65/><W99/><G62/><T61/><D1/><U56/><E108/><V114/><F114/><W110/><G20/><T127/><D127/><U71/><E71/><V60/><F60/><W125/><G125/><T106/><D106/><U69/><E69/><V111/><F111/><W0/><G0/><T122/><D122/><U83/><E78/><V27/><F27/><W120/><G120/><T4/><D68/><U109/><E109/><V44/><F44/><W96/><G110/><T48/><D48/><U75/><E75/><V77/><F77/><W82/><G99/><T10/><D72/><U128/><E128/><V59/><F59/><W39/><G39/><T116/><D116/><U79/><E79/><V126/><F126/><W24/><G24/><T88/><D74/><U95/><E95/><AGARI ba="0,0" hai="6,7,82,85,91,95,96,101" m="27983,49162" machi="95" ten="30,1000,0" yaku="19,1" doraHai="5" who="3" fromWho="1" sc="250,0,270,-10,250,0,230,10" /><INIT seed="2,0,0,4,3,5" ten="250,260,250,240" oya="2" hai0="0,11,78,91,87,56,8,28,106,88,94,85,103" hai1="116,61,23,96,64,131,36,50,45,15,101,25,21" hai2="77,19,38,35,126,69,102,90,39,71,105,115,48" hai3="63,57,117,40,47,42,84,13,67,29,122,109,1"/><V10/><F10/><N who="0" m="3626" /><D106/><U37/><E116/><V30/><F30/><W81/><G1/><T43/><D28/><U98/><E131/><V73/><F73/><W92/><G109/><T93/><D0/><U99/><E101/><V44/><F44/><W132/><G132/><T4/><D4/><U76/><E76/><V125/><F125/><W89/><G117/><T49/><D78/><U70/><E15/><V133/><F133/><W108/><G108/><T79/><D79/><U24/><E21/><V74/><F74/><W52/><G29/><T65/><D103/><U107/><E107/><V82/><F82/><W83/><G13/><T112/><D112/><U32/><E32/><V97/><F97/><W14/><G14/><T31/><D31/><U53/><REACH who="1" step="1"/><E23/><REACH who="1" ten="250,250,250,240" step="2"/><V135/><F135/><W27/><G122/><T119/><D119/><U59/><E59/><V46/><F46/><W118/><G118/><T111/><D111/><U128/><E128/><V104/><F104/><W130/><G130/><T51/><D43/><U9/><E9/><V75/><F75/><W3/><G42/><T124/><D124/><U113/><E113/><V26/><F26/><AGARI ba="0,1" hai="24,25,26,36,37,45,50,53,61,64,70,96,98,99" machi="26" ten="40,1300,0" yaku="1,1,53,0" doraHai="5" doraHaiUra="33" who="1" fromWho="2" sc="250,0,250,23,250,-13,240,0" /><INIT seed="3,0,0,4,3,12" ten="250,273,237,240" oya="3" hai0="89,0,10,31,66,55,42,114,15,84,6,86,27" hai1="3,128,45,44,47,32,46,29,94,133,49,72,65" hai2="14,60,124,101,77,110,48,41,30,70,129,132,126" hai3="76,98,112,90,68,118,25,130,79,13,36,91,22"/><W73/><G36/><T51/><D114/><U19/><E3/><V57/><F57/><W104/><G112/><T63/><D42/><U120/><E72/><V61/><F61/><W28/><G68/><T117/><D117/><U107/><E107/><V23/><F23/><W88/><G118/><T125/><D125/><U100/><E120/><V26/><F26/><W135/><G135/><T18/><D63/><U106/><E106/><V37/><F37/><W111/><G130/><T115/><D66/><U87/><E128/><V105/><F105/><W1/><G1/><T33/><D115/><U103/><E65/><V108/><F108/><W119/><G119/><T131/><D131/><U34/><E133/><V116/><F116/><W109/><G73/><T74/><D74/><U39/><E39/><V121/><F121/><W54/><G54/><T64/><D64/><U75/><E75/><V69/><F69/><W5/><G5/><T16/><D84/><U24/><E34/><V56/><F56/><W113/><G113/><T102/><D102/><U38/><E38/><V9/><F9/><W83/><G13/><T40/><D40/><U81/><E94/><V20/><F20/><W8/><G8/><T21/><D33/><U95/><E95/><V80/><F80/><W127/><G83/><N who="0" m="49375" /><D0/><U93/><E93/><V123/><F123/><W96/><G127/><T50/><D50/><U59/><E59/><AGARI ba="0,0" hai="6,10,15,16,18,21,27,31,51,55,59" m="49375" machi="59" ten="30,7700,0" yaku="8,1,52,2,54,1" doraHai="12" who="0" fromWho="1" sc="250,77,273,-77,237,0,240,0" owari="327,42.0,196,-30.0,237,-16.0,240,4.0" /></mjloggm>