<mjloggm ver="2.3"><GO type="169" lobby="0"/><UN n0="%E5%B0%B1%E6%B4%BB%E7%94%9F%40%E5%B7%9D%E6%9D%91%E8%BB%8D%E5%9B%A3" n1="%E3%81%82%E3%81%A3%E3%81%8D%E3%83%BC%E3%81%AB%E3%82%83%E3%82%93" n2="%E5%99%82%E3%81%AE%E3%81%8D%E3%81%BF%E3%81%A9%E3%82%8A" n3="%E3%81%89%E3%82%83%E3%81%99%E3%81%BF" dan="16,16,16,16" rate="2095.18,2063.45,2127.47,2163.91" sx="M,M,F,M"/><TAIKYOKU oya="0"/><INIT seed="0,0,0,0,1,61" ten="250,250,250,250" oya="0" hai0="43,15,14,126,120,27,117,26,57,80,96,119,109" hai1="135,118,54,53,25,56,63,133,65,115,103,23,32" hai2="42,124,127,110,21,71,75,13,66,60,58,46,11" hai3="67,94,36,131,33,5,74,16,125,123,59,70,116"/><T1/><D120/><U101/><E118/><V44/><F75/><W38/><G116/><T128/><D126/><N who="2" m="48170" /><F110/><W29/><G125/><T95/><D1/><U48/><E32/><V108/><F108/><W41/><G70/><T77/><D109/><U91/><E91/><V134/><F21/><W35/><G74/><T10/><D128/><U99/><E115/><V102/><F102/><W8/><G131/><T132/><D132/><N who="1" m="50763" /><E99/><V12/><F134/><W121/><G94/><T72/><D43/><U28/><E53/><V92/><F92/><W17/><G41/><T89/><D15/><N who="2" m="5706" /><F11/><W45/><G35/><T62/><D117/><U107/><E107/><V39/><F46/><AGARI ba="0,0" hai="23,25,28,46,48,54,56,63,65,101,103" m="50763" machi="46" ten="30,2000,0" yaku="20,1,52,1" doraHai="61" who="1" fromWho="2" sc="250,0,250,20,250,-20,250,0" /><INIT seed="1,0,0,5,5,77" ten="250,270,230,250" oya="1" hai0="70,134,121,0,16,17,50,111,102,80,126,115,100" hai1="51,107,110,57,45,99,76,90,46,69,127,40,20" hai2="34,56,52,112,101,25,15,63,91,109,9,2,72" hai3="27,120,65,116,93,85,14,122,37,26,48,33,130"/><U103/><E69/><V44/><F2/><W38/><G130/><T54/><D70/><U119/><E119/><V4/><F109/><W75/><G75/><T68/><D68/><U78/><E127/><V113/><F101/><W55/><G65/><T12/><D0/><U81/><E110/><V3/><F72/><W53/><G116/><T106/><D121/><U23/><E57/><V86/><F44/><W6/><G93/><T1/><D111/><U98/><E46/><V67/><F3/><W83/><G33/><T92/><D1/><U35/><E35/><V104/><F104/><W29/><G29/><T71/><D71/><U84/><E99/><V88/><F67/><W64/><G64/><T32/><D32/><U124/><E124/><V13/><F13/><W41/><G85/><T11/><D106/><U7/><E7/><V28/><REACH who="2" step="1"/><F86/><REACH who="2" ten="250,270,220,250" step="2"/><W49/><G14/><T117/><D126/><U114/><E114/><AGARI ba="0,1" hai="4,9,15,25,28,34,52,56,63,88,91,112,113,114" machi="114" ten="40,8000,1" yaku="1,1,2,1,11,1,54,2,53,0" doraHai="77" doraHaiUra="61" who="2" fromWho="1" sc="250,0,270,-80,220,90,250,0" /><INIT seed="2,0,0,1,1,3" ten="250,190,310,250" oya="2" hai0="77,59,25,60,18,4,5,31,17,92,23,80,66" hai1="109,129,32,63,16,112,29,14,47,45,50,130,67" hai2="124,35,64,117,30,22,21,44,123,118,2,82,90" hai3="49,54,122,114,6,81,133,89,126,1,51,42,111"/><V99/><F123/><W79/><G122/><T98/><D18/><U106/><E106/><V120/><F120/><W85/><G111/><T121/><D17/><U55/><E112/><V12/><F124/><W15/><G133/><T93/><D93/><U43/><E109/><V46/><F2/><W34/><G34/><T69/><D69/><U39/><E29/><V75/><F64/><W28/><G28/><T40/><D40/><U24/><E24/><V52/><F117/><W108/><G108/><T87/><REACH who="0" step="1"/><D121/><REACH who="0" ten="240,190,310,250" step="2"/><U107/><E107/><V102/><F118/><W100/><G42/><T86/><D86/><U95/><E95/><V65/><F75/><W19/><G19/><T68/><D68/><U13/><E32/><V104/><F35/><W135/><G85/><T125/><D125/><U8/><REACH who="1" step="1"/><E13/><REACH who="1" ten="240,180,310,250" step="2"/><V97/><F104/><W33/><G33/><T26/><D26/><U48/><E48/><V74/><F12/><W110/><G15/><T7/><D7/><U27/><E27/><V73/><F30/><W128/><G51/><T56/><D56/><AGARI ba="0,2" hai="8,14,16,39,43,45,47,50,55,56,63,67,129,130" machi="56" ten="40,2600,0" yaku="1,1,54,1,53,0" doraHai="3" doraHaiUra="134" who="1" fromWho="0" sc="240,-26,180,46,310,0,250,0" /><INIT seed="3,0,0,2,0,37" ten="214,226,310,250" oya="3" hai0="62,54,70,50,74,26,31,104,34,80,46,40,35" hai1="13,4,129,94,101,8,42,5,127,2,43,93,118" hai2="133,71,67,125,79,119,69,117,113,39,111,41,10" hai3="15,77,36,25,106,59,66,33,7,85,14,105,52"/><W56/><G36/><T102/><D35/><U72/><E72/><V124/><F79/><W130/><G130/><T89/><D89/><U82/><E129/><V29/><F29/><W16/><G66/><T83/><D74/><U30/><E127/><N who="2" m="48715" /><F10/><W49/><G59/><T99/><REACH who="0" step="1"/><D54/><REACH who="0" ten="204,226,310,250" step="2"/><U103/><E118/><N who="2" m="45067" /><F113/><W3/><G33/><T1/><D1/><U96/><E2/><V48/><F111/><W115/><G115/><T76/><D76/><U122/><E122/><V27/><F133/><W109/><G109/><T0/><D0/><U28/><E103/><V114/><F114/><W135/><G3/><T128/><D128/><U68/><E101/><V86/><F86/><W120/><G135/><T98/><D98/><U24/><E96/><V19/><F67/><AGARI ba="0,1" hai="26,31,34,40,46,50,62,67,70,80,83,99,102,104" machi="67" ten="40,8000,1" yaku="1,1,25,2,52,1,53,0" doraHai="37" doraHaiUra="110" who="0" fromWho="2" sc="204,90,226,0,310,-80,250,0" /><INIT seed="4,0,0,1,0,48" ten="294,226,230,250" oya="0" hai0="7,42,114,54,121,28,19,34,36,98,111,118,27" hai1="10,9,67,90,94,22,128,56,59,32,106,134,100" hai2="35,108,72,6,115,8,13,31,38,77,130,92,73" hai3="83,41,120,124,78,127,122,39,46,33,2,64,25"/><T40/><D121/><N who="3" m="46697" /><G64/><T49/><D118/><U89/><E32/><V99/><F108/><W70/><G70/><T103/><D114/><U107/><E134/><V11/><F115/><W5/><G25/><T0/><D36/><U88/><E128/><V104/><F104/><W116/><G33/><T74/><D74/><U76/><E76/><V96/><F130/><W47/><G47/><T82/><D111/><U61/><E106/><V86/><F38/><W68/><G68/><T129/><D129/><U109/><E107/><V117/><F31/><W17/><G17/><T71/><D71/><U132/><E132/><V53/><F35/><W101/><G101/><T51/><D51/><U87/><E87/><V14/><F117/><W58/><G58/><T119/><D82/><U84/><E84/><V105/><F105/><W4/><G116/><T65/><D65/><U131/><E131/><V44/><F44/><W60/><G60/><T112/><D112/><U97/><E109/><V85/><F92/><W37/><G37/><T62/><D62/><N who="1" m="38343" /><E22/><V75/><F75/><N who="3" m="43487" /><G2/><T12/><D119/><U45/><E45/><V21/><F77/><W16/><G5/><T57/><D7/><U135/><E135/><V91/><F6/><W26/><G4/><T126/><D0/><U29/><E29/><V20/><REACH who="2" step="1"/><F91/><REACH who="2" ten="294,226,220,250" step="2"/><W133/><G133/><T18/><D18/><U1/><E1/><V69/><F69/><W23/><AGARI ba="0,1" hai="16,23,26,39,41,46,124,127" m="43487,46697" machi="23" ten="30,2000,0" yaku="13,1,54,1" doraHai="48" who="3" fromWho="3" sc="294,-10,226,-5,220,-5,250,30" /><INIT seed="5,0,0,4,2,14" ten="284,221,215,280" oya="1" hai0="61,119,120,90,28,43,121,79,86,88,27,15,110" hai1="29,114,133,41,51,26,98,73,57,9,117,10,112" hai2="131,25,24,129,113,103,70,127,108,66,95,125,100" hai3="50,5,115,8,75,35,42,118,64,60,126,104,13"/><U85/><E73/><V80/><F70/><W92/><G75/><T48/><D110/><U99/><E117/><V38/><F38/><W63/><G118/><T3/><D3/><U49/><E133/><V109/><F66/><W11/><G35/><T58/><D119/><U102/><E85/><V33/><F33/><W7/><G115/><N who="1" m="44074" /><E51/><V46/><F113/><W44/><G104/><T21/><D79/><U40/><E98/><V2/><F46/><W81/><G81/><T30/><D30/><U132/><E132/><V111/><F80/><W32/><G32/><T101/><D101/><N who="2" m="38986" /><F95/><W78/><G78/><T45/><D15/><U135/><E135/><V130/><F2/><W68/><G63/><T0/><D0/><U22/><E57/><V97/><F97/><W94/><G126/><AGARI ba="0,0" hai="24,25,108,109,111,125,126,127,129,130,131" m="38986" machi="126" ten="50,8000,1" yaku="28,2,18,1,19,1" doraHai="14" who="2" fromWho="3" sc="284,0,221,0,215,80,280,-80" /><INIT seed="6,0,0,4,0,49" ten="284,221,295,200" oya="2" hai0="33,93,1,102,115,77,71,31,112,30,84,120,56" hai1="44,126,108,54,32,106,65,13,46,72,63,123,92" hai2="130,41,69,26,121,101,87,39,35,111,98,82,6" hai3="40,50,135,131,80,9,122,74,3,7,128,96,78"/><V42/><F111/><W4/><G122/><T60/><D71/><U119/><E106/><V28/><F121/><W12/><G135/><T16/><D1/><U79/><E123/><V90/><F130/><N who="3" m="49707" /><G96/><N who="0" m="59663" /><D120/><U76/><E32/><V83/><F6/><N who="3" m="3127" /><G3/><T53/><D33/><U43/><E119/><V103/><F101/><W11/><G11/><T70/><D70/><U10/><E126/><V55/><F39/><W89/><G89/><T85/><D16/><N who="1" m="8247" /><E72/><V67/><F82/><W57/><G40/><T48/><D60/><U100/><E65/><V61/><REACH who="2" step="1"/><F55/><AGARI ba="0,0" hai="4,7,50,55,57,74,78,80" m="3127,49707" machi="55" ten="30,2000,0" yaku="19,1,52,1" doraHai="49" who="3" fromWho="2" sc="284,0,221,0,295,-20,200,20" /><INIT seed="7,0,0,1,4,38" ten="284,221,275,220" oya="3" hai0="122,116,27,16,78,36,119,56,92,39,90,71,97" hai1="115,32,43,104,42,69,47,118,33,101,89,126,79" hai2="105,55,93,94,24,130,88,85,23,125,99,100,18" hai3="124,2,108,52,28,59,37,20,65,83,44,91,6"/><W48/><G108/><T135/><D122/><U76/><E69/><V1/><F130/><W67/><G124/><T73/><D71/><U5/><E126/><V12/><F125/><W66/><G2/><T131/><D131/><U98/><E118/><V109/><F109/><W0/><G0/><T123/><D123/><U3/><E115/><V81/><F1/><W30/><G6/><T107/><D135/><U96/><E5/><V21/><REACH who="2" step="1"/><F55/><REACH who="2" ten="284,221,265,220" step="2"/><N who="3" m="30087" /><G37/><T77/><D39/><U129/><E3/><V57/><F57/><W117/><G117/><T49/><D36/><U45/><E129/><V11/><F11/><W102/><G20/><T46/><D116/><U95/><E32/><V22/><F22/><W87/><G102/><T75/><D119/><U86/><E33/><V68/><F68/><W7/><G7/><T8/><D56/><U14/><E101/><V111/><F111/><W53/><G53/><T113/><D113/><U35/><E35/><V9/><F9/><W128/><G128/><T34/><D34/><U114/><E114/><V54/><F54/><W112/><G112/><T40/><D8/><U41/><E45/><V25/><F25/><W63/><AGARI ba="0,1" hai="28,30,52,59,63,65,66,67,83,87,91" m="30087" machi="63" ten="30,3000,0" yaku="8,1,54,1" doraHai="38" who="3" fromWho="3" sc="284,-10,221,-10,265,-10,220,40" /><INIT seed="7,1,0,5,2,54" ten="274,211,255,260" oya="3" hai0="84,50,58,60,85,19,95,131,99,53,97,39,46" hai1="21,75,119,11,52,69,66,132,120,124,41,114,94" hai2="1,17,31,36,23,15,115,61,16,108,56,25,130" hai3="64,68,129,128,101,44,74,65,37,112,12,35,79"/><W43/><G35/><T110/><D110/><U123/><E75/><V86/><F108/><W51/><G101/><T40/><D131/><N who="3" m="50249" /><G12/><T100/><D19/><U20/><E119/><V89/><F130/><W24/><G24/><T81/><D99/><U77/><E114/><V34/><F115/><W22/><G22/><T5/><D5/><U9/><E41/><V135/><F135/><W6/><G6/><T91/><REACH who="0" step="1"/><D85/><REACH who="0" ten="264,211,255,260" step="2"/><U30/><E132/><V73/><F73/><W106/><G112/><T83/><D83/><U59/><E124/><V71/><F17/><W113/><G113/><T18/><D18/><U87/><E123/><V28/><F28/><W14/><G74/><T13/><D13/><U57/><E120/><V133/><F1/><W32/><G14/><T117/><D117/><U109/><E109/><V10/><F133/><W33/><G106/><T62/><AGARI ba="1,1" hai="39,40,46,50,53,58,60,62,81,84,91,95,97,100" machi="62" ten="30,4000,0" yaku="1,1,0,1,52,1,53,0" doraHai="54" doraHaiUra="116" who="0" fromWho="0" sc="264,53,211,-11,255,-11,260,-21" owari="317,42.0,200,-30.0,244,4.0,239,-16.0" /></mjloggm>