<mjloggm ver="2.3"><GO type="41" lobby="0"/><UN n0="%E9%98%BF%E8%89%AF%E3%80%85%E6%9C%A8%E6%9A%A6" n1="%E5%B0%B1%E6%B4%BB%E7%94%9F%40%E5%B7%9D%E6%9D%91%E8%BB%8D%E5%9B%A3" n2="%53%70%6F%6E%67%65%42" n3="%6E%75%72%75%70%6F" dan="15,14,15,13" rate="2007.91,1926.66,2019.07,1836.43" sx="F,M,M,M"/><TAIKYOKU oya="0"/><INIT seed="0,0,0,2,4,56" ten="250,250,250,250" oya="0" hai0="83,115,3,24,46,48,16,108,93,84,69,98,114" hai1="57,2,92,66,119,127,104,116,18,100,71,37,12" hai2="131,74,10,128,101,26,117,129,29,34,97,87,50" hai3="4,31,65,30,79,78,61,112,113,89,110,96,5"/><T73/><D73/><U130/><E2/><V132/><F74/><W53/><G110/><T45/><D69/><U33/><E33/><V42/><F132/><W28/><G53/><T27/><D3/><U86/><E37/><V103/><F10/><W59/><G96/><T106/><D106/><U52/><E127/><V21/><F117/><W22/><G89/><T0/><D0/><U95/><E130/><V62/><F87/><W55/><G22/><N who="0" m="13383" /><D108/><U1/><E1/><V20/><F103/><W63/><G31/><T13/><D115/><U123/><E123/><V72/><F72/><W111/><G111/><T90/><D114/><U35/><E35/><V124/><F124/><W23/><G23/><T109/><D109/><U121/><E121/><V44/><F62/><W122/><G55/><N who="0" m="30095" /><D27/><U70/><E104/><AGARI ba="0,0" hai="20,21,26,29,34,42,44,50,97,101,104,128,129,131" machi="104" ten="40,1300,0" yaku="19,1" doraHai="56" who="2" fromWho="1" sc="250,0,250,-13,250,13,250,0" /><INIT seed="1,0,0,4,3,28" ten="250,237,263,250" oya="1" hai0="78,108,19,33,79,91,36,12,107,47,31,115,99" hai1="71,37,18,100,75,116,85,98,125,10,35,27,64" hai2="67,15,89,95,129,84,120,114,53,110,92,24,109" hai3="59,127,131,72,0,88,6,2,134,61,106,119,20"/><U81/><E116/><V90/><F120/><W21/><G106/><T80/><D115/><U63/><E37/><V40/><F40/><W94/><G72/><T132/><D108/><N who="2" m="41578" /><F67/><W51/><G119/><T39/><D132/><U128/><E125/><V25/><F114/><W103/><G127/><T111/><D111/><U68/><E128/><V104/><F104/><W32/><G134/><T60/><D60/><U4/><E71/><V13/><F129/><W74/><G74/><T14/><D107/><U133/><E133/><V123/><F123/><W9/><G131/><T22/><D47/><U7/><E75/><V5/><F53/><W43/><G103/><T44/><D44/><U66/><E66/><V17/><F5/><W58/><G0/><T101/><D36/><U122/><E122/><V83/><F83/><W124/><G124/><T86/><D39/><U62/><E62/><V130/><F130/><W30/><G43/><T96/><D80/><U113/><E113/><V73/><F73/><W118/><G118/><T77/><D101/><U49/><E49/><V52/><F13/><W121/><G121/><T135/><D12/><N who="1" m="7447" /><E85/><N who="2" m="52271" /><F52/><W46/><G46/><T16/><D135/><U42/><E42/><V57/><F57/><W69/><G51/><T45/><D45/><U93/><E81/><V26/><F26/><W117/><G117/><T38/><D38/><U50/><E50/><V87/><F87/><W65/><G59/><T11/><D86/><U8/><E8/><AGARI ba="0,0" hai="8,15,17,24,25,84,90,95" m="52271,41578" machi="8" ten="30,1000,0" yaku="14,1" doraHai="28" who="2" fromWho="1" sc="250,0,237,-10,263,10,250,0" /><INIT seed="2,0,0,4,0,79" ten="250,227,273,250" oya="2" hai0="15,87,19,127,104,48,100,3,58,117,59,120,40" hai1="125,110,72,114,86,108,1,42,115,105,101,81,111" hai2="23,131,134,6,47,16,61,66,123,21,77,116,55" hai3="52,92,7,44,2,64,75,93,96,71,112,99,109"/><V135/><F123/><W49/><G75/><T65/><D120/><U32/><E1/><V83/><F116/><W67/><G109/><T37/><D3/><U57/><E32/><V102/><F102/><W85/><G112/><N who="1" m="43050" /><E42/><V130/><F6/><W41/><G7/><T39/><D127/><U45/><E45/><V113/><F113/><W22/><G2/><T74/><D74/><U132/><E57/><V122/><F122/><W4/><G4/><T97/><D87/><U53/><E53/><V38/><F38/><W70/><G22/><T98/><D98/><N who="1" m="61623" /><E125/><V9/><F9/><W29/><G29/><T106/><D117/><U60/><E60/><V43/><F43/><W63/><G85/><T33/><D33/><U18/><E18/><V13/><F47/><W35/><G35/><T78/><D37/><U90/><E72/><V30/><F55/><W8/><G8/><N who="0" m="6631" /><D39/><U133/><AGARI ba="0,0" hai="81,86,90,108,110,111,132,133" m="61623,43050" machi="133" ten="40,8000,1" yaku="14,1,34,2,52,1" doraHai="79" who="1" fromWho="1" sc="250,-20,227,80,273,-40,250,-20" /><INIT seed="3,0,0,4,1,77" ten="230,307,233,230" oya="3" hai0="30,134,40,26,31,86,97,118,0,120,1,59,20" hai1="92,69,76,27,125,91,32,101,67,121,28,56,64" hai2="107,130,34,112,79,21,50,66,41,57,49,43,110" hai3="61,58,87,8,16,88,116,47,127,71,81,39,3"/><W11/><G116/><T85/><D118/><U44/><E121/><V82/><F34/><W115/><G115/><T65/><D120/><U42/><E69/><V72/><F112/><W46/><G127/><T52/><D134/><U117/><E117/><V98/><F130/><W102/><G102/><T9/><D40/><U60/><E125/><V78/><F110/><W7/><G71/><T106/><D65/><U36/><E101/><V38/><F79/><W13/><G39/><T114/><D114/><U111/><E111/><V105/><F38/><W129/><G129/><T45/><D45/><U119/><E119/><V55/><F66/><AGARI ba="0,0" hai="3,7,8,11,13,16,46,47,58,61,66,81,87,88" machi="66" ten="30,11600,0" yaku="7,1,52,1,54,2" doraHai="77" who="3" fromWho="2" sc="230,0,307,0,233,-116,230,116" /><INIT seed="3,1,0,3,5,58" ten="230,307,117,346" oya="3" hai0="121,26,97,122,103,110,7,123,49,134,75,11,41" hai1="57,96,67,18,63,117,33,126,14,52,124,4,89" hai2="106,47,37,61,27,1,112,118,99,19,93,60,113" hai3="98,23,104,2,6,43,59,128,78,39,66,55,86"/><W87/><G128/><T119/><D75/><U54/><E33/><V68/><F1/><W29/><G66/><T132/><D119/><U0/><E0/><V94/><F68/><W25/><G6/><T74/><D74/><U22/><E4/><V72/><F72/><W109/><G2/><T108/><D26/><U115/><E115/><V131/><F118/><W79/><G43/><T32/><D32/><U36/><E36/><V135/><F131/><W17/><G39/><T91/><D91/><U45/><E45/><V90/><F106/><W35/><G104/><N who="0" m="63599" /><D49/><U92/><REACH who="1" step="1"/><E117/><REACH who="1" ten="230,297,117,346" step="2"/><V125/><F112/><W5/><G5/><T73/><D121/><U81/><E81/><V129/><F113/><W28/><G35/><T34/><D34/><U105/><E105/><V48/><F129/><W3/><G3/><T62/><D123/><U40/><E40/><V133/><F37/><W77/><G109/><T44/><D122/><U24/><E24/><V127/><F93/><W56/><G29/><T85/><D108/><U88/><E88/><V46/><F46/><W30/><G30/><T76/><D44/><U95/><E95/><V101/><F27/><W70/><G28/><T16/><D110/><U71/><E71/><V20/><F90/><W31/><G31/><T38/><D41/><U130/><E130/><V53/><F19/><W111/><G111/><T107/><D16/><U80/><E80/><V69/><F69/><W9/><G70/><T21/><D38/><U10/><E10/><V15/><F15/><W116/><G9/><T82/><D107/><U64/><E64/><RYUUKYOKU ba="1,1" sc="230,-10,297,30,117,-10,346,-10" hai1="14,18,22,52,54,57,63,67,89,92,96,124,126" /><INIT seed="4,2,1,4,2,15" ten="220,327,107,336" oya="0" hai0="93,97,73,123,128,120,84,56,51,78,111,39,44" hai1="122,32,69,59,13,127,116,3,96,133,68,23,110" hai2="118,135,131,65,38,77,0,7,107,117,28,81,58" hai3="12,43,114,100,112,57,54,89,121,74,104,34,45"/><T115/><D73/><U99/><E32/><V41/><F107/><W60/><G34/><T55/><D128/><U36/><E3/><V1/><F28/><W87/><G74/><T125/><D115/><N who="3" m="44073" /><G121/><T102/><D125/><U85/><E36/><V71/><F131/><W79/><G79/><T11/><D111/><U31/><E122/><V10/><F58/><W47/><G12/><T30/><D30/><U61/><E116/><V50/><F50/><W29/><G29/><T19/><D39/><U49/><E127/><V42/><F42/><W101/><G104/><T4/><D44/><N who="3" m="16969" /><G43/><T95/><D4/><U76/><E110/><V17/><F135/><W66/><G66/><T109/><D109/><U98/><E133/><V75/><F0/><W20/><G20/><T5/><D5/><U21/><E69/><V53/><F53/><W8/><G8/><T24/><D11/><U82/><E68/><V67/><F67/><W16/><G16/><T70/><D70/><U48/><E23/><V26/><F65/><W90/><G90/><T6/><D6/><U103/><E103/><V92/><F71/><W94/><AGARI ba="2,1" hai="54,57,60,87,89,94,100,101" m="16969,44073" machi="94" ten="30,1100,0" yaku="15,1" doraHai="15" who="3" fromWho="3" sc="220,-7,327,-5,107,-5,336,27" /><INIT seed="5,0,0,1,2,31" ten="213,322,102,363" oya="1" hai0="60,57,127,123,15,114,91,129,117,18,36,87,90" hai1="98,85,92,5,13,32,79,6,28,17,65,48,3" hai2="121,105,99,0,40,41,45,111,70,24,128,119,47" hai3="66,21,107,52,75,35,135,27,125,37,33,23,108"/><U89/><E65/><V73/><F121/><W84/><G37/><T132/><D117/><U133/><E133/><V20/><F119/><W86/><G108/><T97/><D123/><U7/><E3/><V102/><F111/><W11/><G75/><T74/><D132/><U81/><E48/><V68/><F128/><W8/><G135/><T51/><D129/><U1/><E1/><V46/><F0/><W9/><G107/><T4/><D114/><U71/><E71/><V64/><F73/><W94/><G66/><T53/><D127/><U110/><E110/><V120/><F120/><W104/><G104/><T12/><D36/><U61/><E61/><V113/><F113/><W112/><G112/><T115/><D115/><U16/><REACH who="1" step="1"/><E13/><REACH who="1" ten="213,312,102,363" step="2"/><V78/><F70/><W69/><G69/><T93/><D51/><U49/><E49/><V134/><F134/><W106/><G125/><T56/><D60/><U126/><E126/><V38/><F40/><W19/><G106/><T29/><D53/><U25/><AGARI ba="0,1" hai="5,6,7,16,17,25,28,32,79,81,85,89,92,98" machi="25" ten="30,12000,1" yaku="1,1,0,1,52,1,54,1,53,1" doraHai="31" doraHaiUra="26" who="1" fromWho="1" sc="213,-40,312,130,102,-40,363,-40" /><INIT seed="5,1,0,0,3,23" ten="173,442,62,323" oya="1" hai0="93,51,32,131,64,96,101,30,2,38,27,60,108" hai1="31,81,91,89,114,46,9,92,106,20,11,47,103" hai2="134,29,39,88,62,50,78,135,130,21,56,6,8" hai3="87,83,3,41,48,16,104,73,33,1,119,68,123"/><U40/><E106/><V17/><F39/><W77/><G123/><T43/><D108/><U44/><E114/><V126/><F78/><W82/><G33/><T109/><D109/><U70/><E70/><V53/><F29/><W71/><G104/><T113/><D113/><U12/><E40/><V49/><F126/><W110/><G110/><T74/><D131/><U52/><E81/><V85/><F130/><W15/><G119/><T121/><D51/><U55/><E103/><V122/><F122/><W42/><G48/><T132/><D132/><N who="2" m="50730" /><F8/><N who="1" m="3145" /><E89/><V63/><F49/><W94/><G94/><T34/><D74/><U54/><E12/><N who="2" m="9383" /><F6/><W26/><G73/><T58/><D2/><U59/><E20/><V57/><F57/><W13/><G77/><T125/><D125/><U65/><E31/><V5/><F5/><W128/><G128/><T10/><D10/><U45/><N who="1" m="11776" /><DORA hai="133" /><U80/><E80/><AGARI ba="1,0" hai="50,53,56,62,63,80,85,88" m="9383,50730" machi="80" ten="30,2000,0" yaku="20,1,54,1" doraHai="23,133" who="2" fromWho="1" sc="173,0,442,-23,62,23,323,0" /><INIT seed="6,0,0,3,0,75" ten="173,419,85,323" oya="2" hai0="28,129,115,10,73,79,62,76,103,85,36,105,60" hai1="50,88,71,40,59,39,130,131,78,64,134,5,18" hai2="61,92,94,20,127,24,86,68,91,1,121,33,132" hai3="54,25,128,135,111,43,95,56,55,108,63,58,57"/><V9/><F121/><W82/><G82/><T114/><D36/><U65/><E134/><V41/><F33/><W66/><G95/><T96/><D129/><N who="1" m="49163" /><E71/><V27/><F41/><W99/><G99/><T120/><D120/><U93/><E39/><V44/><F132/><W89/><G89/><T113/><D28/><U74/><E5/><V100/><F44/><W21/><G128/><T37/><D37/><U4/><E4/><V46/><F46/><W70/><G135/><T53/><D73/><U12/><E78/><N who="0" m="29737" /><D85/><N who="1" m="52367" /><E74/><V26/><F127/><W34/><G34/><T90/><D90/><U67/><E40/><V80/><F1/><W125/><G125/><T0/><D53/><N who="3" m="19977" /><G21/><T101/><D101/><U83/><E83/><V107/><F9/><W119/><G25/><T17/><D0/><U124/><E124/><V15/><F107/><W126/><G126/><T109/><D109/><N who="3" m="42057" /><G43/><T122/><D122/><U87/><E87/><V16/><REACH who="2" step="1"/><F100/><REACH who="2" ten="173,419,75,323" step="2"/><W118/><AGARI ba="0,1" hai="56,57,58,63,66,70,118,119" m="42057,19977" machi="118" ten="40,2700,0" yaku="34,2" doraHai="75" who="3" fromWho="3" sc="173,-7,419,-7,75,-13,323,37" /><INIT seed="7,0,0,0,4,116" ten="166,412,62,360" oya="3" hai0="56,73,93,117,60,70,127,98,87,121,94,112,128" hai1="76,82,61,130,58,102,64,52,48,105,114,17,131" hai2="54,51,74,80,37,91,133,6,85,23,66,103,22" hai3="34,101,27,77,75,57,134,69,113,107,0,29,2"/><W53/><G113/><T71/><D121/><U95/><E114/><V7/><F37/><W81/><G134/><T46/><D127/><U63/><E105/><V68/><F133/><W119/><G119/><T135/><D128/><N who="1" m="49195" /><E17/><V78/><F103/><W35/><G53/><T21/><D135/><U44/><E63/><V5/><F66/><W4/><G57/><T49/><D117/><U72/><E95/><V36/><F36/><W62/><G34/><T40/><D73/><U15/><E15/><V89/><F68/><W25/><G25/><T32/><D32/><U26/><E26/><V13/><F74/><W92/><G92/><T50/><D50/><U42/><E102/><V88/><REACH who="2" step="1"/><F13/><REACH who="2" ten="166,412,52,360" step="2"/><W31/><G101/><T1/><D71/><U41/><AGARI ba="0,1" hai="41,42,44,48,52,58,61,64,72,76,82" m="49195" machi="41" ten="30,2000,0" yaku="19,1,54,1" doraHai="116" who="1" fromWho="1" sc="166,-5,412,30,52,-5,360,-10" owari="161,-24.0,442,54.0,47,-45.0,350,15.0" /></mjloggm>