<mjloggm ver="2.3"><GO type="233" lobby="0"/><UN n0="%E3%82%A6%E3%83%AB%E3%83%88%E3%83%A9%E7%AB%8B%E7%9B%B4" n1="%6E%61%6B%61%6A%75%75%6E" n2="%E3%81%B5%E3%81%81%E3%81%84%E3%81%A1%E3%82%83%E3%82%80%E2%98%85" n3="%E6%9D%BE%E5%B1%8B%E3%81%8A%E3%81%98%E3%81%95%E3%82%93" dan="17,18,16,17" rate="2206.03,2175.02,2074.11,2106.56" sx="M,M,M,M"/><TAIKYOKU oya="0"/><INIT seed="0,0,0,1,1,114" ten="250,250,250,250" oya="0" hai0="98,5,120,103,94,134,71,11,118,17,45,41,35" hai1="52,82,133,87,44,101,13,37,111,117,122,2,106" hai2="97,108,6,8,22,25,12,74,20,55,38,128,81" hai3="75,123,64,102,54,0,135,43,47,7,42,9,29"/><T88/><D120/><U26/><E2/><V4/><F38/><W59/><G135/><T78/><D71/><U109/><E122/><V130/><F108/><N who="1" m="41545" /><E133/><V24/><F97/><W105/><G75/><T58/><D134/><U34/><E13/><N who="2" m="5255" /><F55/><W68/><G29/><T65/><D35/><U56/><E101/><V119/><F81/><W60/><G123/><T116/><D78/><U32/><E26/><N who="2" m="10347" /><F74/><W99/><G47/><T129/><D17/><U49/><E106/><V110/><F110/><W90/><G90/><T85/><D129/><N who="2" m="49770" /><F119/><W84/><G84/><T63/><D45/><U89/><E117/><V124/><F124/><W39/><G39/><T96/><D41/><AGARI ba="0,0" hai="32,34,37,41,44,49,52,56,82,87,89" m="41545" machi="41" ten="30,2000,0" yaku="14,1,54,1" doraHai="114" who="1" fromWho="0" sc="250,-20,250,20,250,0,250,0" /><INIT seed="1,0,0,5,3,68" ten="230,270,250,250" oya="1" hai0="126,15,82,14,36,131,33,120,21,11,58,129,54" hai1="69,67,114,88,95,29,134,81,90,85,45,6,57" hai2="92,1,102,56,24,9,84,12,44,83,115,100,3" hai3="49,10,106,48,87,38,22,51,43,122,108,27,28"/><U8/><E114/><V19/><F115/><W99/><G122/><T98/><D33/><U42/><E29/><V60/><F1/><W23/><G108/><T66/><D66/><U47/><E69/><V124/><F124/><W35/><G87/><T13/><D126/><U59/><E134/><V77/><F3/><W65/><G65/><T62/><D120/><U86/><E67/><V135/><F135/><W91/><G10/><T113/><D113/><U2/><REACH who="1" step="1"/><E47/><REACH who="1" ten="230,260,250,250" step="2"/><V104/><F44/><W79/><G28/><T130/><D131/><U118/><E118/><V39/><F104/><W112/><G106/><T34/><D130/><U80/><E80/><V63/><F83/><W119/><G119/><T89/><D82/><U72/><E72/><V93/><F77/><W107/><G79/><T26/><D129/><U52/><E52/><V17/><F92/><W37/><G107/><T46/><D34/><U32/><E32/><V5/><F93/><W116/><G35/><T110/><D46/><U70/><E70/><V75/><F75/><W55/><G55/><T7/><D110/><U20/><E20/><V41/><F56/><W127/><G23/><T128/><D128/><U133/><E133/><V101/><F9/><W64/><G64/><T96/><D54/><U25/><E25/><V16/><F41/><W53/><G116/><T73/><D58/><U94/><E94/><V97/><F24/><W40/><G112/><T76/><D26/><U109/><E109/><V4/><F63/><W0/><G43/><T125/><D11/><U50/><AGARI ba="0,1" hai="2,6,8,42,45,50,57,59,81,85,86,88,90,95" machi="50" ten="20,7800,0" yaku="1,1,0,1,7,1,54,1,53,0" doraHai="68" doraHaiUra="121" who="1" fromWho="1" sc="230,-26,260,88,250,-26,250,-26" /><INIT seed="1,1,0,5,4,93" ten="204,348,224,224" oya="1" hai0="27,46,71,58,94,101,60,52,38,115,117,36,102" hai1="61,49,48,65,125,92,41,81,43,104,80,122,3" hai2="130,97,127,75,21,113,84,22,106,57,39,14,59" hai3="24,8,45,7,11,50,79,15,2,70,42,126,29"/><U119/><E104/><V112/><F75/><W5/><G126/><T0/><D0/><U56/><E3/><V87/><F39/><W64/><G79/><T16/><D115/><N who="2" m="44106" /><F127/><W55/><G64/><T90/><D117/><U109/><E122/><V44/><F44/><W32/><REACH who="3" step="1"/><G70/><REACH who="3" ten="204,348,224,214" step="2"/><T54/><D71/><U6/><E125/><V95/><F130/><W100/><G100/><T99/><D38/><U53/><E65/><V124/><F124/><W132/><G132/><T114/><D114/><U67/><E67/><V98/><F59/><W40/><AGARI ba="1,1" hai="2,5,7,8,11,15,24,29,32,40,42,45,50,55" machi="40" ten="30,2000,0" yaku="1,1,0,1,53,0" doraHai="93" doraHaiUra="96" who="3" fromWho="3" sc="204,-6,348,-11,224,-6,214,33" /><INIT seed="2,0,0,2,4,69" ten="198,337,218,247" oya="2" hai0="51,109,96,102,125,3,88,111,1,30,45,53,22" hai1="132,103,126,50,79,7,83,114,62,89,56,17,32" hai2="91,52,93,76,25,23,2,130,72,100,20,77,68" hai3="99,116,59,0,33,81,36,54,31,47,58,135,107"/><V55/><F2/><W80/><G116/><T128/><D125/><U15/><E114/><V105/><F68/><W12/><G0/><T10/><D128/><U44/><E32/><V21/><F130/><W101/><G135/><T86/><D10/><U28/><E28/><V84/><F25/><W14/><G58/><T65/><D65/><U82/><E103/><V108/><F108/><N who="0" m="41546" /><D22/><U16/><E132/><V48/><F55/><W117/><G117/><T78/><D78/><U94/><E7/><V37/><F37/><W18/><G31/><T39/><D30/><U92/><E92/><V106/><F106/><W98/><G33/><T46/><D96/><N who="1" m="57423" /><E126/><V127/><F127/><W87/><G98/><T57/><D102/><U75/><E75/><V90/><F90/><W97/><G97/><T110/><N who="0" m="41554" /><T29/><DORA hai="71" /><D29/><U95/><E95/><V26/><F26/><W13/><G18/><N who="1" m="7274" /><E15/><V131/><F131/><W38/><G81/><N who="0" m="49231" /><D57/><U113/><E79/><V121/><F72/><W34/><G34/><T43/><AGARI ba="0,0" hai="1,3,39,43,45,46,51,53" m="49231,41554" machi="43" ten="40,8000,1" yaku="14,1,52,2,54,1" doraHai="69,71" who="0" fromWho="0" sc="198,80,337,-20,218,-40,247,-20" /><INIT seed="3,0,0,5,0,45" ten="278,317,178,227" oya="3" hai0="93,51,73,56,128,115,54,82,9,62,88,39,108" hai1="38,52,90,20,81,57,135,111,26,102,47,98,66" hai2="84,29,27,130,106,83,25,95,116,58,33,12,11" hai3="79,80,18,34,114,28,127,19,112,15,44,43,48"/><W64/><G127/><T21/><D39/><U77/><E111/><V16/><F106/><W3/><G3/><T85/><D115/><U46/><E66/><V97/><F116/><W105/><G105/><T113/><D113/><U126/><E38/><V107/><F130/><W104/><G104/><T134/><D128/><U96/><E102/><V30/><F107/><W101/><G101/><T120/><D108/><U121/><E121/><V71/><F71/><W103/><G103/><T6/><D134/><U124/><E135/><V60/><F29/><W92/><G92/><T69/><D120/><U87/><E126/><V86/><F27/><W13/><G64/><T68/><D21/><U36/><E36/><V4/><F83/><W129/><G129/><T42/><D42/><U5/><E5/><V22/><F33/><W53/><G43/><T117/><D117/><U1/><E1/><V0/><F0/><W89/><G89/><T61/><D69/><U110/><E110/><V59/><F4/><W17/><G28/><T72/><D68/><U76/><E98/><V7/><F59/><W40/><G40/><T14/><D73/><U133/><E133/><V55/><F30/><W10/><G34/><T74/><D74/><U41/><E41/><V8/><F8/><W37/><G37/><T123/><D123/><U91/><E124/><V131/><F131/><W100/><G100/><AGARI ba="0,0" hai="7,11,12,16,22,25,55,58,60,84,86,95,97,100" machi="100" ten="30,3900,0" yaku="7,1,8,1,54,1" doraHai="45" who="2" fromWho="3" sc="278,0,317,0,178,39,227,-39" /><INIT seed="4,0,0,0,5,89" ten="278,317,217,188" oya="0" hai0="106,27,41,32,109,79,60,0,15,91,13,30,9" hai1="47,52,93,73,111,21,22,2,18,19,129,127,70" hai2="97,64,123,102,94,1,113,12,45,51,116,131,71" hai3="31,56,25,86,33,92,134,3,122,16,88,120,42"/><T132/><D106/><U128/><E70/><V65/><F1/><W103/><G134/><T62/><D132/><U43/><E73/><V34/><F34/><W5/><G103/><T20/><D109/><U125/><E2/><V11/><F123/><N who="3" m="47147" /><G42/><T81/><D41/><U55/><E111/><V57/><F113/><W66/><G5/><T76/><D32/><U121/><E121/><V133/><F133/><W84/><G3/><T85/><D0/><U53/><E93/><V40/><F131/><N who="1" m="50249" /><E22/><V80/><F116/><W24/><G66/><T83/><D15/><N who="1" m="9439" /><E19/><V105/><F71/><W39/><G39/><AGARI ba="0,0" hai="39,43,47,52,53,55,125,127" m="9439,50249" machi="39" ten="30,2000,0" yaku="19,1,54,1" doraHai="89" who="1" fromWho="3" sc="278,0,317,20,217,0,188,-20" /><INIT seed="5,0,0,1,2,102" ten="278,337,217,168" oya="1" hai0="7,37,86,96,58,66,107,71,53,134,29,62,24" hai1="111,43,6,52,60,27,80,128,83,42,105,135,59" hai2="75,100,93,81,20,115,95,19,79,4,31,9,109" hai3="13,44,30,132,12,87,78,22,114,120,34,121,11"/><U72/><E105/><V110/><F115/><W129/><G114/><T74/><D74/><U46/><E128/><V36/><F36/><W82/><G129/><T133/><D7/><U15/><E135/><N who="0" m="51721" /><D86/><U98/><E27/><V68/><F68/><W125/><G132/><T40/><D40/><U119/><E119/><V85/><F31/><W131/><G131/><T1/><D1/><U2/><E2/><V25/><F75/><W63/><G125/><T91/><D37/><U54/><E98/><V89/><F95/><W67/><G34/><N who="0" m="20775" /><D91/><U41/><E72/><V32/><F32/><W118/><G118/><T130/><D130/><U108/><E108/><V101/><F109/><W48/><G30/><T106/><D96/><U88/><E111/><V103/><F110/><W8/><G22/><T55/><D55/><N who="1" m="33919" /><E46/><V28/><F79/><W56/><G13/><T16/><D16/><U17/><E6/><V123/><F123/><W99/><G11/><T18/><D18/><U35/><E35/><V50/><F4/><W116/><G116/><T113/><D113/><U3/><E3/><V70/><F19/><W45/><G99/><T57/><D71/><U84/><E83/><V0/><F70/><W73/><G73/><T10/><D10/><AGARI ba="0,0" hai="10,15,17,41,42,43,52,54,80,84,88" m="33919" machi="10" ten="30,5800,0" yaku="8,1,54,2" doraHai="102" who="1" fromWho="0" sc="278,-58,337,58,217,0,168,0" /><INIT seed="5,1,0,5,1,85" ten="220,395,217,168" oya="1" hai0="8,72,114,113,24,25,116,99,103,62,35,14,81" hai1="45,122,120,128,115,106,50,31,15,43,101,2,54" hai2="84,53,129,23,4,134,11,95,92,91,30,55,17" hai3="82,5,61,127,16,32,83,97,46,70,6,49,78"/><U51/><E2/><V126/><F126/><W65/><G127/><T105/><D116/><U38/><E115/><N who="0" m="44041" /><D35/><U67/><E31/><V68/><F68/><W20/><G32/><T42/><D42/><U48/><E101/><V117/><F117/><W7/><G97/><T41/><D41/><U69/><E106/><V66/><F66/><W52/><REACH who="3" step="1"/><G78/><REACH who="3" ten="220,395,217,158" step="2"/><N who="0" m="44231" /><D62/><U110/><E120/><V111/><F111/><W39/><G39/><T44/><D44/><U102/><E122/><V22/><F129/><W71/><G71/><T80/><D80/><U76/><E69/><V3/><F134/><W47/><G47/><T118/><D118/><U0/><E45/><V98/><F98/><W10/><G10/><T90/><D90/><U119/><E38/><V73/><F91/><W89/><G89/><T28/><D28/><U26/><E128/><V21/><F30/><W60/><G60/><T112/><D112/><U40/><E119/><V1/><F11/><W57/><G57/><T37/><D37/><U79/><E110/><V124/><F124/><W94/><G94/><T93/><D93/><U33/><E33/><V58/><F95/><W64/><G64/><T123/><D123/><U88/><E67/><V107/><F92/><W108/><G108/><T27/><D8/><U125/><E125/><V36/><F36/><W87/><G87/><T13/><AGARI ba="1,1" hai="13,14,24,25,27,99,103,105" m="44231,44041" machi="13" ten="40,1500,0" yaku="15,1" doraHai="85" who="0" fromWho="0" sc="220,28,395,-8,217,-5,158,-5" /><INIT seed="6,0,0,3,1,89" ten="248,387,212,153" oya="2" hai0="63,48,69,88,130,4,128,74,28,91,24,43,113" hai1="78,30,105,58,37,6,133,20,75,98,18,65,56" hai2="108,8,71,129,126,100,90,84,42,61,93,135,97" hai3="119,96,132,127,117,23,50,10,35,52,0,17,70"/><V120/><F120/><W57/><G127/><T115/><D74/><U101/><E37/><V122/><F122/><W104/><G132/><T103/><D103/><U3/><E30/><V134/><F126/><W31/><G70/><T39/><D4/><U25/><E65/><N who="2" m="41391" /><F42/><W125/><G125/><T83/><D39/><U73/><E133/><N who="2" m="50699" /><F8/><W53/><G31/><T62/><D48/><U116/><E116/><V79/><F79/><W81/><G35/><T80/><D43/><U14/><E78/><V77/><F77/><W85/><G10/><T1/><D69/><U7/><E75/><V34/><F34/><W5/><G5/><T45/><D28/><U41/><E73/><V99/><F99/><W33/><G33/><T60/><D62/><U15/><E41/><V12/><F12/><W44/><G0/><T40/><D40/><U121/><E3/><V109/><F129/><W87/><G117/><T27/><D1/><U76/><E76/><V22/><F22/><W106/><G119/><T131/><D131/><U26/><E14/><V59/><F59/><W94/><G104/><AGARI ba="0,0" hai="84,90,93,97,100,104,108,109" m="50699,41391" machi="104" ten="30,2900,0" yaku="20,1,52,1" doraHai="89" who="2" fromWho="3" sc="248,0,387,0,212,29,153,-29" /><INIT seed="6,1,0,5,4,124" ten="248,387,241,124" oya="2" hai0="14,64,53,86,6,76,56,92,112,74,118,58,83" hai1="62,116,27,51,72,52,46,71,106,8,84,108,82" hai2="41,60,85,13,2,65,109,54,24,28,19,45,88" hai3="102,69,37,73,43,33,91,23,50,80,12,55,0"/><V96/><F2/><W105/><G69/><T63/><D112/><U17/><E108/><V134/><F134/><W121/><G0/><T35/><D35/><U9/><E106/><V110/><F96/><W135/><G33/><T107/><D107/><U48/><E72/><V113/><F54/><W57/><G121/><T114/><D114/><U119/><E71/><V42/><F113/><W39/><G135/><T36/><D36/><U90/><E62/><V117/><F117/><W123/><G123/><T115/><D115/><U132/><E132/><V99/><F99/><W101/><G105/><T95/><D74/><U104/><E104/><V130/><F24/><W103/><G43/><T128/><D128/><U100/><E100/><V97/><F97/><W30/><G30/><T34/><D34/><U32/><E48/><V93/><F28/><W59/><G59/><T11/><REACH who="0" step="1"/><D118/><REACH who="0" ten="238,387,241,124" step="2"/><U122/><E122/><V20/><F109/><W70/><G73/><T61/><AGARI ba="1,1" hai="6,11,14,53,56,58,61,63,64,76,83,86,92,95" machi="61" ten="20,8000,1" yaku="1,1,2,1,0,1,7,1,8,1,53,0" doraHai="124" doraHaiUra="31" who="0" fromWho="0" sc="238,93,387,-21,241,-41,124,-21" /><INIT seed="7,0,0,2,1,94" ten="331,366,200,103" oya="3" hai0="22,31,64,12,125,17,43,20,27,99,34,107,66" hai1="67,1,126,79,16,102,104,87,113,3,83,127,109" hai2="101,10,19,29,112,60,53,69,120,97,37,23,92" hai3="70,35,86,36,73,85,80,128,26,59,84,122,95"/><W2/><G122/><T77/><D125/><N who="1" m="47627" /><E109/><V110/><F37/><W5/><G70/><T74/><D43/><U15/><E67/><V129/><F110/><W93/><G128/><T133/><D133/><U38/><E38/><V108/><F108/><W51/><G36/><T9/><D74/><U50/><E50/><V47/><F129/><W117/><G117/><T106/><D77/><U21/><E113/><V32/><F112/><W30/><G5/><T11/><D107/><U115/><E115/><V57/><F10/><W88/><G2/><T45/><D45/><U58/><E58/><V46/><F120/><W14/><G14/><T71/><D22/><U111/><E111/><V132/><F132/><W82/><G73/><T33/><D33/><U116/><E116/><V131/><F131/><W76/><REACH who="3" step="1"/><G85/><REACH who="3" ten="331,366,200,93" step="2"/><T0/><D0/><U4/><E4/><V135/><F135/><W18/><G18/><T72/><D72/><U124/><E124/><V52/><F69/><W6/><G6/><T78/><D71/><U90/><E3/><V89/><F19/><W114/><G114/><T49/><D12/><U123/><E1/><V63/><F29/><W41/><G41/><T121/><D31/><U119/><E119/><V91/><F32/><W48/><G48/><T61/><D49/><U134/><E134/><V8/><F8/><W100/><G100/><T96/><D34/><U25/><E123/><V68/><F23/><W118/><G118/><T130/><D9/><U39/><E39/><V98/><F68/><W55/><AGARI ba="0,1" hai="26,30,35,51,55,59,76,80,82,84,86,88,93,95" machi="55" ten="30,6000,0" yaku="1,1,0,1,54,1,53,0" doraHai="94" doraHaiUra="40" who="3" fromWho="3" sc="331,-20,366,-20,200,-20,93,70" /><INIT seed="7,1,0,0,0,126" ten="311,346,180,163" oya="3" hai0="53,48,20,73,72,61,8,98,52,23,19,111,100" hai1="26,85,75,22,68,77,103,118,46,135,102,60,33" hai2="21,89,130,119,55,69,39,90,122,86,11,127,16" hai3="114,116,7,24,35,6,74,36,10,12,67,51,28"/><W45/><G116/><T2/><D111/><U78/><E75/><V27/><F69/><W93/><G36/><T128/><D128/><U58/><E33/><V29/><F119/><W56/><G74/><T14/><D73/><U43/><E68/><V41/><F130/><W87/><G114/><T37/><D37/><U4/><E4/><V112/><F112/><W76/><G67/><T94/><D2/><U107/><E107/><V0/><F127/><W84/><G56/><N who="0" m="34951" /><D72/><U106/><E135/><V71/><F71/><W32/><G6/><T79/><D79/><N who="1" m="30219" /><E85/><V64/><F64/><W62/><G62/><T134/><D134/><U108/><E106/><V57/><F122/><W17/><G35/><T25/><D25/><U113/><E113/><V54/><F0/><W38/><G38/><T49/><D49/><N who="1" m="26847" /><E108/><V50/><F86/><W81/><G7/><T91/><D100/><U95/><E95/><V59/><F39/><W133/><G133/><T99/><D99/><U105/><E105/><V110/><F110/><W65/><G65/><T96/><D96/><U13/><E118/><V88/><F41/><W129/><G129/><T47/><AGARI ba="1,0" hai="8,14,19,20,23,47,48,53,91,94,98" m="34951" machi="47" ten="30,2000,0" yaku="8,1,54,1" doraHai="126" who="0" fromWho="0" sc="311,23,346,-6,180,-6,163,-11" owari="334,13.0,340,45.0,174,-23.0,152,-35.0" /></mjloggm>