<mjloggm ver="2.3"><GO type="97" lobby="0"/><UN n0="%E5%A4%A9%E5%9F%8E" n1="%65%6E%64%6F%6D%69%72" n2="%E3%83%88%E3%83%88%E3%83%AA%E5%85%88%E7%94%9F%31%39%E6%AD%B3" n3="%E9%9B%B2%E6%B7%A1%E9%A2%A8%E6%B8%85" dan="14,14,14,14" rate="1974.90,1866.27,2052.35,1922.93" sx="M,M,F,M"/><TAIKYOKU oya="0"/><INIT seed="0,0,0,1,0,20" ten="250,250,250,250" oya="0" hai0="131,23,37,94,36,108,80,104,35,10,92,12,9" hai1="83,127,54,46,72,133,33,39,96,56,66,123,93" hai2="3,38,68,27,77,64,124,2,125,62,97,32,8" hai3="50,95,134,130,11,45,76,73,74,28,121,101,129"/><T24/><D131/><N who="3" m="50185" /><G134/><T29/><D104/><U113/><E133/><V55/><F38/><W71/><G71/><T16/><D108/><U106/><E106/><V22/><F77/><W81/><G121/><T61/><D61/><U119/><E119/><V102/><F55/><N who="3" m="30159" /><G11/><T47/><D80/><U114/><E127/><N who="2" m="48715" /><F8/><W25/><G95/><T57/><D57/><U135/><E123/><V67/><F67/><W84/><G101/><T75/><D75/><U42/><E66/><V109/><F109/><W13/><G13/><T118/><D118/><U63/><E135/><V110/><F110/><W128/><N who="3" m="50193" /><W88/><DORA hai="31" /><G76/><T69/><D69/><U132/><E132/><V85/><F85/><W18/><G18/><T40/><D36/><U99/><E99/><V120/><F120/><W52/><G52/><T43/><D43/><U103/><E83/><V78/><F78/><W117/><G117/><T87/><D87/><U105/><E72/><V100/><F100/><W122/><G122/><T26/><D10/><U51/><E39/><V41/><F41/><W30/><G28/><AGARI ba="0,0" hai="9,12,16,23,24,26,28,29,35,37,40,47,92,94" machi="28" ten="30,12000,1" yaku="7,1,52,3,54,1" doraHai="20,31" who="0" fromWho="3" sc="250,120,250,0,250,0,250,-120" /><INIT seed="0,1,0,2,1,21" ten="370,250,250,130" oya="0" hai0="126,44,104,61,87,12,24,121,118,48,45,85,123" hai1="64,71,98,83,110,20,32,49,33,11,93,6,47" hai2="80,95,99,50,14,102,70,96,57,78,135,119,131" hai3="75,34,113,100,52,134,89,108,58,97,69,127,4"/><T112/><D118/><U23/><E83/><V130/><F70/><W103/><G113/><T117/><D117/><U62/><E23/><V94/><F119/><W67/><G108/><T74/><D74/><U133/><E133/><V65/><F14/><W76/><G127/><T9/><D104/><U63/><E63/><V19/><F19/><W86/><G134/><T28/><D112/><U13/><E20/><V77/><F135/><W18/><G34/><T40/><D61/><U27/><E27/><V41/><F65/><W56/><G69/><T84/><D126/><U51/><E51/><V68/><F68/><W0/><G0/><T26/><D28/><U3/><E3/><V111/><F111/><W30/><G30/><T88/><D88/><U114/><E114/><V5/><F5/><W59/><G67/><T124/><D124/><U106/><E106/><V36/><F36/><W46/><G4/><T53/><D121/><U31/><E31/><V29/><F29/><W109/><G109/><T116/><D116/><U129/><E129/><N who="2" m="49163" /><F80/><W54/><G18/><T115/><D115/><U72/><E110/><V132/><F132/><W17/><G17/><T91/><D123/><U35/><E35/><V16/><F16/><W55/><G46/><T42/><D44/><U81/><E81/><V8/><F8/><W66/><G66/><T22/><D22/><U90/><E72/><V25/><F57/><W43/><G43/><AGARI ba="1,0" hai="6,11,13,32,33,43,47,49,62,64,71,90,93,98" machi="43" ten="30,1000,0" yaku="7,1" doraHai="21" who="1" fromWho="3" sc="370,0,250,13,250,0,130,-13" /><INIT seed="1,0,0,3,0,33" ten="370,263,250,117" oya="1" hai0="19,26,0,22,12,86,85,64,122,23,71,31,88" hai1="49,59,4,67,87,6,66,30,50,126,20,70,42" hai2="132,69,84,111,62,16,89,104,32,92,9,135,65" hai3="103,60,1,8,105,75,90,10,36,133,113,63,95"/><U120/><E120/><V43/><F32/><W128/><G113/><T101/><D101/><U74/><E74/><V115/><F104/><W48/><G128/><T80/><D0/><U107/><E107/><V83/><F115/><W129/><G129/><T52/><D64/><N who="1" m="24619" /><E70/><V2/><F111/><W77/><G133/><N who="2" m="51273" /><F43/><W97/><G36/><T93/><D71/><U11/><E126/><V109/><F109/><W39/><G39/><T116/><D116/><U73/><E73/><V119/><F119/><W58/><G48/><T112/><D112/><U13/><E4/><N who="2" m="1175" /><F16/><W34/><G34/><T125/><D125/><U29/><E20/><V81/><AGARI ba="0,0" hai="62,65,69,81,83,84,89,92" m="1175,51273" machi="81" ten="30,2000,0" yaku="20,1,52,1" doraHai="33" who="2" fromWho="2" sc="370,-5,263,-10,250,20,117,-5" /><INIT seed="2,0,0,4,5,74" ten="365,253,270,112" oya="2" hai0="104,64,116,24,113,6,109,98,59,7,39,79,92" hai1="91,77,9,52,22,58,35,34,105,14,63,126,76" hai2="124,84,5,133,110,83,72,111,95,134,16,94,8" hai3="37,81,66,70,18,28,82,26,119,65,51,29,55"/><V118/><F118/><W60/><G37/><T3/><D113/><U87/><E105/><V11/><F72/><W12/><G66/><T85/><D104/><U129/><E129/><V125/><F95/><W53/><G119/><T56/><D116/><U4/><E126/><N who="2" m="48747" /><F94/><W128/><G128/><T19/><D39/><U2/><E22/><V99/><F99/><W71/><G71/><T43/><D43/><U93/><REACH who="1" step="1"/><E2/><REACH who="1" ten="365,243,270,112" step="2"/><N who="2" m="55" /><F11/><W122/><G122/><T86/><D3/><U31/><E31/><V69/><F69/><W21/><G28/><T50/><D109/><N who="2" m="41482" /><F16/><W61/><G18/><T44/><D19/><U121/><E121/><V67/><F67/><W48/><G65/><T120/><D64/><U20/><E20/><V127/><N who="2" m="48755" /><V90/><AGARI ba="0,1" hai="83,84,90,133,134" m="41482,55,48755" machi="90" ten="50,12000,1" yaku="4,1,18,1,14,1,10,1" doraHai="74" who="2" fromWho="2" sc="365,-40,243,-40,270,130,112,-40" /><INIT seed="2,1,0,4,4,57" ten="325,203,400,72" oya="2" hai0="113,109,108,73,127,83,124,60,81,112,52,135,116" hai1="67,65,120,2,12,84,43,128,134,131,13,46,41" hai2="48,58,28,25,38,18,96,62,9,8,50,71,70" hai3="103,123,110,44,74,94,47,6,42,126,31,92,101"/><V130/><F38/><W49/><G123/><T36/><D36/><U133/><E120/><V105/><F130/><N who="1" m="49705" /><E2/><V69/><F96/><W90/><G74/><T59/><D135/><N who="1" m="51723" /><E46/><V3/><F105/><W40/><G126/><N who="0" m="48171" /><D116/><U111/><E84/><V118/><F118/><W87/><G110/><N who="0" m="42603" /><D73/><U99/><E99/><V14/><F8/><W82/><G31/><T107/><D107/><U77/><E77/><V39/><F3/><W117/><G117/><T95/><D95/><U86/><E86/><V11/><F11/><W15/><G15/><N who="1" m="5706" /><E111/><V37/><F37/><W66/><G66/><AGARI ba="1,0" hai="41,43,65,66,67" m="5706,51723,49705" machi="66" ten="40,8000,1" yaku="28,2,19,1,20,1" doraHai="57" who="1" fromWho="3" sc="325,0,203,83,400,0,72,-83" owari="325,13.0,286,-11.0,400,49.0,-11,-51.0" /></mjloggm>