<mjloggm ver="2.3"><GO type="169" lobby="0"/><UN n0="%74%61%72%6F%6F" n1="%E3%82%A6%E3%83%AB%E3%83%88%E3%83%A9%E7%AB%8B%E7%9B%B4" n2="%56%4F%4E%41%50%41%4C%54" n3="%E5%87%9B%E5%AE%99" dan="18,17,16,17" rate="2152.54,2138.11,2086.43,2145.30" sx="M,M,M,M"/><TAIKYOKU oya="0"/><INIT seed="0,0,0,5,0,47" ten="250,250,250,250" oya="0" hai0="14,80,62,39,26,99,50,113,70,87,84,135,63" hai1="43,101,65,98,31,3,0,102,29,37,1,38,77" hai2="85,112,93,35,53,105,36,116,64,129,58,7,34" hai3="67,111,52,123,109,40,126,96,125,41,20,115,18"/><T127/><D113/><U71/><E77/><V91/><F112/><W10/><G10/><T131/><D39/><U8/><E8/><V54/><F129/><W59/><G96/><T9/><D131/><U66/><E43/><N who="3" m="16458" /><G115/><T78/><D127/><N who="3" m="48649" /><G67/><N who="1" m="25610" /><E98/><V24/><F36/><N who="1" m="13929" /><E71/><V119/><F105/><W22/><G123/><T90/><D135/><U79/><E79/><V17/><F64/><W21/><G18/><N who="0" m="8527" /><D70/><U132/><E132/><V128/><F17/><W48/><AGARI ba="0,0" hai="20,21,22,48,52,59,109,111" m="48649,16458" machi="48" ten="40,5200,0" yaku="18,1,52,1,54,1" doraHai="47" who="3" fromWho="3" sc="250,-26,250,-13,250,-13,250,52" /><INIT seed="1,0,0,5,4,77" ten="224,237,237,302" oya="1" hai0="66,30,25,16,58,12,123,24,40,17,79,120,84" hai1="134,133,32,81,37,54,34,95,43,115,61,7,128" hai2="56,130,112,104,9,33,36,38,75,26,129,106,125" hai3="131,117,31,63,21,119,10,105,132,127,85,5,4"/><U27/><E115/><V108/><F108/><W13/><G105/><N who="2" m="40553" /><F112/><W101/><G101/><T3/><D40/><U29/><E34/><V110/><F110/><W102/><G102/><T59/><D3/><U11/><E95/><V22/><F33/><W1/><G63/><T44/><D44/><N who="1" m="23663" /><E54/><V35/><F35/><W65/><G65/><T48/><D66/><U72/><E61/><V74/><F56/><W14/><G85/><T96/><D96/><U98/><E98/><V86/><F86/><W126/><G131/><N who="2" m="50185" /><F9/><N who="3" m="4271" /><G132/><T80/><D30/><U52/><E128/><V41/><F125/><N who="3" m="47627" /><G1/><T6/><D58/><U82/><E52/><V70/><F70/><W103/><G103/><T64/><D64/><U97/><E97/><V135/><F135/><N who="1" m="51721" /><E72/><N who="2" m="27691" /><F41/><W62/><G62/><T88/><D59/><U19/><E19/><AGARI ba="0,0" hai="19,22,26,36,38" m="27691,50185,40553" machi="19" ten="40,1300,0" yaku="19,1" doraHai="77" who="2" fromWho="1" sc="224,0,237,-13,237,13,302,0" /><INIT seed="2,0,0,5,1,102" ten="224,224,250,302" oya="2" hai0="27,101,65,90,116,31,35,49,104,1,48,34,13" hai1="126,109,23,11,18,54,118,111,75,66,20,112,81" hai2="132,124,108,74,105,6,119,120,93,10,38,16,46" hai3="17,36,127,83,2,59,100,82,56,89,129,115,121"/><V32/><RYUUKYOKU type="yao9" ba="0,0" sc="224,0,224,0,250,0,302,0" hai2="6,10,16,32,38,46,74,93,105,108,119,120,124,132" /><INIT seed="2,1,0,5,5,58" ten="224,224,250,302" oya="2" hai0="102,72,78,4,35,17,57,3,101,68,117,104,131" hai1="109,37,54,110,56,47,26,113,5,43,96,10,30" hai2="123,99,135,88,29,80,36,48,73,59,21,107,84" hai3="114,105,11,6,106,28,118,87,64,13,69,94,126"/><V51/><F36/><W34/><G118/><T49/><D68/><U63/><E96/><V46/><F123/><W120/><G120/><T108/><D35/><U86/><E86/><V0/><F0/><W18/><G126/><T122/><D3/><U77/><E77/><V71/><F71/><W44/><G114/><T133/><D4/><U38/><E38/><V76/><F59/><W50/><G6/><T19/><D72/><U67/><E113/><V42/><F135/><W79/><G34/><T97/><D78/><U98/><E98/><V112/><F112/><W62/><G28/><T127/><D97/><U93/><E93/><V91/><F48/><W8/><G8/><T16/><D104/><U9/><E67/><V53/><F42/><W82/><REACH who="3" step="1"/><G94/><REACH who="3" ten="224,224,250,292" step="2"/><T1/><D127/><U89/><E9/><V40/><F29/><W134/><G134/><T129/><D133/><U22/><REACH who="1" step="1"/><E89/><REACH who="1" ten="224,214,250,292" step="2"/><V27/><F91/><W7/><G7/><T60/><D122/><U81/><E81/><V111/><F88/><W74/><G74/><T75/><D75/><U66/><E66/><V24/><F73/><W52/><AGARI ba="1,2" hai="11,13,18,44,50,52,62,64,69,79,82,87,105,106" machi="52" ten="20,8000,1" yaku="1,1,0,1,7,1,52,1,54,1,53,0" doraHai="58" doraHaiUra="121" who="3" fromWho="3" sc="224,-21,214,-21,250,-41,292,103" /><INIT seed="3,0,0,0,5,104" ten="203,193,209,395" oya="3" hai0="48,92,9,133,8,107,20,119,85,43,95,86,55" hai1="47,22,65,88,79,117,7,63,71,118,131,19,51" hai2="110,93,106,5,59,40,58,109,77,46,78,105,6" hai3="60,28,70,1,113,89,23,84,80,111,44,57,120"/><W101/><G113/><T25/><D107/><U10/><E131/><V87/><F93/><N who="0" m="35914" /><D133/><U73/><E88/><V64/><F87/><N who="0" m="33290" /><D43/><U24/><E79/><V128/><F40/><W32/><G32/><T68/><D68/><U98/><E98/><V74/><F128/><W17/><G70/><T122/><D122/><U99/><E99/><V94/><F94/><W36/><G1/><T69/><D69/><U124/><E73/><V52/><F74/><W27/><G120/><T66/><D66/><U100/><E100/><V15/><F64/><N who="3" m="38927" /><G36/><T116/><D116/><U18/><E118/><V35/><F35/><W129/><G129/><T56/><D119/><U54/><E117/><V91/><F91/><W53/><G28/><AGARI ba="0,0" hai="8,9,20,25,28,48,55,56" m="33290,35914" machi="28" ten="30,1000,0" yaku="8,1" doraHai="104" who="0" fromWho="3" sc="203,10,193,0,209,0,395,-10" /><INIT seed="4,0,0,0,2,29" ten="213,193,209,385" oya="0" hai0="2,130,97,48,113,82,98,53,39,68,10,49,57" hai1="11,88,21,12,28,43,125,111,1,24,100,8,120" hai2="7,58,75,84,91,80,99,119,92,40,87,35,103" hai3="41,60,70,46,51,31,52,72,59,123,17,44,47"/><T50/><D39/><U107/><E111/><V66/><F35/><W15/><G72/><T20/><D68/><U83/><E120/><V54/><F40/><W73/><G73/><T3/><D113/><U78/><E125/><V132/><F66/><W127/><G127/><T105/><D130/><U131/><E131/><V85/><F7/><W112/><G112/><T90/><D105/><U128/><E128/><V115/><F115/><W114/><G114/><T32/><D32/><U27/><E27/><V129/><F129/><W9/><G123/><T116/><D116/><U89/><E43/><V14/><F132/><W33/><REACH who="3" step="1"/><G70/><REACH who="3" ten="213,193,209,375" step="2"/><T79/><D2/><U18/><E1/><V65/><F75/><W96/><G96/><T110/><D98/><U71/><E71/><V61/><F119/><W74/><G74/><T124/><D97/><U134/><E134/><V56/><REACH who="2" step="1"/><F14/><REACH who="2" ten="213,193,199,375" step="2"/><W93/><G93/><T13/><D13/><U101/><E12/><V19/><F19/><W62/><G62/><AGARI ba="0,2" hai="54,56,58,61,62,65,80,84,85,87,91,92,99,103" machi="62" ten="30,3900,0" yaku="1,1,7,1,8,1,53,0" doraHai="29" doraHaiUra="108" who="2" fromWho="3" sc="213,0,193,0,199,59,375,-39" /><INIT seed="5,0,0,4,0,124" ten="213,193,258,336" oya="1" hai0="62,14,29,106,57,113,76,132,77,43,44,48,90" hai1="131,68,18,40,33,20,13,114,0,47,11,42,32" hai2="39,41,81,34,130,104,8,75,28,125,135,129,1" hai3="64,21,116,108,109,87,133,2,36,49,115,134,46"/><U9/><E68/><V119/><RYUUKYOKU type="yao9" ba="0,0" sc="213,0,193,0,258,0,336,0" hai2="1,8,28,34,39,41,75,81,104,119,125,129,130,135" /><INIT seed="5,1,0,0,1,9" ten="213,193,258,336" oya="1" hai0="23,52,5,50,123,72,39,22,36,118,60,45,1" hai1="88,46,80,6,30,94,133,76,21,13,12,107,3" hai2="128,126,78,55,86,28,11,124,7,63,131,113,35" hai3="105,64,100,34,14,85,0,99,25,117,41,2,15"/><U69/><E107/><V122/><F122/><W98/><G117/><T120/><D118/><U68/><E133/><V116/><F116/><W57/><G41/><T91/><D72/><U75/><E3/><V132/><F113/><W87/><G34/><T104/><D104/><U109/><E109/><V54/><F35/><W16/><G0/><T37/><D91/><U121/><E121/><N who="0" m="46665" /><D60/><U17/><E30/><V20/><F20/><N who="0" m="7722" /><D1/><U96/><REACH who="1" step="1"/><E46/><REACH who="1" ten="213,183,258,336" step="2"/><V119/><F119/><W24/><G2/><T110/><D5/><U66/><E66/><V58/><F28/><W18/><G105/><T111/><AGARI ba="1,1" hai="36,37,39,45,50,52,110,111" m="7722,46665" machi="111" ten="40,2700,0" yaku="13,1,54,1" doraHai="9" who="0" fromWho="0" sc="213,40,183,-14,258,-8,336,-8" /><INIT seed="6,0,0,0,0,84" ten="253,169,250,328" oya="2" hai0="132,80,111,70,0,57,120,24,66,95,26,81,104" hai1="62,13,60,85,74,7,34,21,63,45,52,16,82" hai2="53,108,92,61,3,40,32,123,125,106,86,116,135" hai3="64,114,9,121,105,124,31,59,98,39,18,109,134"/><V68/><RYUUKYOKU type="yao9" ba="0,0" sc="253,0,169,0,250,0,328,0" hai2="3,32,40,53,61,68,86,92,106,108,116,123,125,135" /><INIT seed="6,1,0,2,4,30" ten="253,169,250,328" oya="2" hai0="79,33,7,63,38,105,28,113,84,26,120,125,83" hai1="27,132,82,99,25,124,114,81,17,68,116,121,74" hai2="91,45,15,87,6,60,23,76,35,55,135,11,119" hai3="128,47,89,70,92,41,123,109,133,39,93,98,127"/><V1/><F119/><W3/><G109/><T59/><D120/><U103/><E116/><V64/><F135/><W56/><G70/><T4/><D113/><U112/><E68/><V24/><F76/><W67/><G3/><T100/><D38/><U52/><E17/><V58/><F35/><W37/><G123/><T101/><D125/><U57/><E121/><V96/><F96/><W78/><G78/><T75/><D75/><U51/><E132/><V66/><F45/><W9/><G127/><T49/><D49/><U43/><E43/><V21/><F1/><W31/><G133/><T22/><D33/><U61/><E51/><V129/><F129/><W106/><G106/><T46/><D46/><U111/><E111/><V117/><F117/><W115/><G115/><N who="1" m="44074" /><E124/><V16/><F23/><W73/><G37/><T88/><D79/><N who="1" m="44279" /><E82/><AGARI ba="1,0" hai="6,11,15,16,21,24,55,58,60,64,66,82,87,91" machi="82" ten="30,5800,0" yaku="7,1,8,1,54,1" doraHai="30" who="2" fromWho="1" sc="253,0,169,-61,250,61,328,0" /><INIT seed="6,2,0,0,3,78" ten="253,108,311,328" oya="2" hai0="86,119,39,91,114,71,15,69,109,45,29,105,123" hai1="104,120,4,73,47,51,122,103,55,134,108,23,121" hai2="5,81,100,48,94,90,110,22,21,50,58,3,38" hai3="43,113,89,126,129,131,102,116,16,57,75,111,34"/><V93/><F38/><W35/><G111/><T112/><D105/><U10/><E108/><V97/><F110/><W19/><G116/><T13/><D123/><U56/><E73/><V17/><F3/><W66/><G75/><T128/><D128/><N who="3" m="49225" /><G102/><T18/><D29/><U8/><E134/><V127/><F5/><W20/><G43/><N who="0" m="22783" /><D109/><U59/><E103/><V25/><F127/><W87/><G126/><T135/><D119/><U124/><E104/><V54/><F81/><N who="3" m="49391" /><G113/><N who="0" m="43627" /><D13/><U84/><E124/><V118/><F118/><W27/><G19/><T36/><D36/><U9/><E4/><V63/><F22/><W12/><G12/><T44/><D44/><U26/><REACH who="1" step="1"/><E84/><AGARI ba="2,0" hai="17,21,25,48,50,54,58,63,84,90,93,94,97,100" machi="84" ten="30,2900,0" yaku="7,1,8,1" doraHai="78" who="2" fromWho="1" sc="253,0,108,-35,311,35,328,0" /><INIT seed="6,3,0,2,3,76" ten="253,73,346,328" oya="2" hai0="117,54,113,112,131,134,25,115,64,9,58,34,67" hai1="82,114,26,92,78,123,89,56,14,97,41,74,55" hai2="120,12,88,71,42,85,102,70,65,52,48,7,122" hai3="22,0,49,119,27,108,39,90,10,91,16,61,5"/><V80/><F102/><W33/><G108/><T107/><D107/><U38/><E114/><V96/><F96/><W18/><G39/><T75/><D75/><U105/><E123/><V125/><F125/><W6/><G119/><T8/><D117/><U50/><E14/><V110/><F42/><W103/><G103/><T126/><D134/><U130/><E130/><V116/><F116/><W68/><G49/><N who="0" m="31055" /><D131/><U63/><E38/><V86/><F110/><W101/><G101/><T99/><D99/><U121/><E121/><V135/><F135/><W35/><G6/><T129/><D126/><U72/><E105/><V23/><F85/><W15/><G18/><T77/><D77/><U60/><E41/><V4/><F4/><W24/><G24/><T73/><D73/><U30/><REACH who="1" step="1"/><E72/><REACH who="1" ten="253,63,346,328" step="2"/><V37/><F37/><W19/><G15/><T51/><D129/><U98/><E98/><V132/><F12/><W43/><G43/><T46/><D113/><U87/><E87/><V53/><F122/><W3/><G0/><T59/><D115/><U111/><E111/><V118/><F120/><W31/><G3/><T45/><D112/><U29/><E29/><V81/><F86/><W127/><G31/><T36/><D36/><U93/><E93/><V66/><F118/><W1/><G127/><T84/><D84/><U133/><E133/><V95/><F132/><W124/><G124/><T106/><D106/><U62/><E62/><V40/><F40/><W17/><G61/><T100/><D51/><U11/><E11/><V2/><F48/><W109/><G109/><T20/><D8/><RYUUKYOKU ba="3,1" sc="253,-10,63,30,346,-10,328,-10" hai1="26,30,50,55,56,60,63,74,78,82,89,92,97" /><INIT seed="7,4,1,4,2,72" ten="243,93,336,318" oya="3" hai0="131,86,28,126,95,70,106,23,11,98,4,68,7" hai1="66,111,91,56,108,82,123,61,93,103,74,43,100" hai2="109,127,133,30,0,92,12,55,26,39,107,97,6" hai3="10,27,49,104,33,29,128,112,57,76,120,114,20"/><W3/><G120/><T51/><D126/><U9/><E43/><V41/><F109/><W34/><G104/><T58/><D106/><U25/><E9/><V88/><F0/><W130/><G76/><T8/><D70/><U89/><E25/><V54/><F133/><W37/><G37/><T85/><D68/><U64/><E56/><V119/><F119/><W125/><G125/><T14/><D28/><U129/><E61/><V118/><F118/><W53/><G10/><T71/><D23/><U63/><E63/><V18/><F6/><W13/><G13/><T117/><D71/><U60/><E60/><V65/><F65/><W46/><G3/><T101/><D117/><U73/><E64/><V78/><F78/><W24/><G46/><T36/><D36/><U19/><E66/><V135/><F107/><W48/><G49/><T110/><D110/><U134/><E19/><V16/><F127/><W132/><G132/><T5/><D5/><U80/><E134/><V83/><F83/><W15/><G15/><T115/><D8/><U121/><REACH who="1" step="1"/><E93/><REACH who="1" ten="243,83,336,318" step="2"/><V40/><F135/><W113/><G34/><T81/><D11/><U96/><E96/><V2/><F18/><AGARI ba="4,2" hai="18,20,24,27,29,33,48,53,57,112,113,114,128,130" machi="18" ten="40,2000,0" yaku="15,1" doraHai="72" who="3" fromWho="2" sc="243,0,83,0,336,-32,318,52" owari="243,-16.0,83,-42.0,304,10.0,370,48.0" /></mjloggm>