<mjloggm ver="2.3"><GO type="169" lobby="0"/><UN n0="%E3%82%A6%E3%83%AB%E3%83%88%E3%83%A9%E7%AB%8B%E7%9B%B4" n1="%E9%81%8A%E8%B5%B0" n2="%E3%82%A2%E3%82%AB%E3%82%AE%EF%BC%A0%E5%B7%9D%E6%9D%91%E8%BB%8D%E5%9B%A3" n3="%E3%81%82%E3%81%B2%E3%82%8B%E3%81%95%E3%82%93" dan="17,17,16,16" rate="2114.45,2184.40,2187.92,2043.89" sx="M,M,M,M"/><TAIKYOKU oya="0"/><INIT seed="0,0,0,4,3,94" ten="250,250,250,250" oya="0" hai0="13,52,79,76,124,113,82,27,72,128,67,9,68" hai1="18,75,55,10,104,97,19,91,50,26,49,85,108" hai2="41,24,16,80,93,95,28,102,51,64,74,33,25" hai3="62,15,34,44,39,42,45,3,116,46,120,43,106"/><T70/><D113/><U107/><E75/><V58/><F41/><W35/><G3/><T78/><D124/><U109/><E26/><V131/><F131/><W130/><G116/><T73/><D128/><U20/><E20/><V7/><F7/><W122/><G130/><T63/><D27/><U47/><E49/><V98/><F95/><W81/><G81/><T111/><D111/><N who="1" m="42571" /><E10/><V32/><F51/><W1/><G1/><T22/><D22/><U114/><E114/><V2/><F2/><W61/><G45/><T5/><D70/><U60/><E60/><V110/><F110/><W83/><G83/><T117/><D117/><U87/><E87/><V0/><F0/><W90/><G15/><T36/><D36/><U17/><E97/><V30/><F80/><AGARI ba="0,0" hai="17,18,19,47,50,55,80,85,91,104,107" m="42571" machi="80" ten="30,1000,0" yaku="14,1" doraHai="94" who="1" fromWho="2" sc="250,0,250,10,250,-10,250,0" /><INIT seed="1,0,0,4,0,12" ten="250,260,240,250" oya="1" hai0="111,71,69,41,91,43,119,49,97,6,65,14,134" hai1="1,117,118,57,7,0,52,18,50,67,16,15,35" hai2="123,25,56,17,130,53,129,122,38,99,31,30,26" hai3="51,22,8,68,9,63,3,86,78,4,80,20,76"/><U87/><E35/><N who="2" m="20943" /><F38/><W85/><G51/><T94/><D119/><U92/><E118/><V45/><F45/><W39/><G39/><T120/><D134/><U81/><E117/><V103/><F53/><W114/><G114/><T32/><D111/><U101/><E0/><V59/><F56/><W54/><G68/><T93/><D32/><U121/><E1/><V105/><F59/><W95/><G54/><T96/><D120/><N who="2" m="46122" /><F99/><W72/><G63/><T48/><D14/><U82/><E121/><V10/><F103/><W58/><G58/><T33/><D33/><U115/><E115/><V34/><F105/><W13/><G72/><T104/><D6/><U61/><E101/><V5/><F17/><N who="1" m="6761" /><E67/><V42/><F42/><W84/><G3/><AGARI ba="0,0" hai="3,5,10,26,31,34,129,130" m="46122,20943" machi="3" ten="30,3900,0" yaku="23,1,34,2" doraHai="12" who="2" fromWho="3" sc="250,0,260,0,240,39,250,-39" /><INIT seed="2,0,0,5,0,1" ten="250,260,279,211" oya="2" hai0="96,55,8,13,101,10,29,19,27,71,75,64,107" hai1="6,7,129,41,99,39,34,16,20,134,63,123,79" hai2="90,18,9,22,93,102,40,25,15,72,131,116,135" hai3="91,88,113,2,50,5,31,66,26,11,70,100,104"/><V89/><F116/><W30/><G113/><T74/><D55/><U103/><E34/><V52/><F72/><W110/><G110/><T112/><D112/><U115/><E115/><V81/><F135/><W92/><G31/><T60/><REACH who="0" step="1"/><D10/><REACH who="0" ten="240,260,279,211" step="2"/><U122/><E129/><V3/><F131/><W67/><G67/><T24/><D24/><N who="1" m="14343" /><E134/><V42/><F52/><W54/><G66/><T76/><D76/><U84/><E63/><V117/><F25/><W23/><G70/><T57/><D57/><U124/><E124/><V51/><F9/><W61/><G61/><T98/><D98/><U32/><E41/><V45/><F42/><W105/><G105/><T21/><AGARI ba="0,1" hai="8,13,19,21,27,29,60,64,71,74,75,96,101,107" machi="21" ten="20,2700,0" yaku="1,1,0,1,7,1,53,0" doraHai="1" doraHaiUra="87" who="0" fromWho="0" sc="240,37,260,-7,279,-13,211,-7" /><INIT seed="3,0,0,4,4,115" ten="277,253,266,204" oya="3" hai0="65,8,37,134,17,14,47,91,68,100,77,9,38" hai1="84,34,31,0,23,81,6,78,90,30,89,128,104" hai2="114,25,123,105,49,126,112,92,5,116,33,22,50" hai3="1,24,95,20,87,54,135,62,64,131,129,56,7"/><W42/><G42/><T18/><D100/><U96/><E128/><V74/><F105/><W40/><G40/><T29/><D77/><U39/><E34/><V53/><F74/><W110/><G135/><T3/><D29/><U13/><E0/><V71/><F33/><W43/><G43/><T2/><D47/><U15/><E39/><V94/><F71/><W75/><G75/><T101/><D101/><U88/><E104/><V99/><F5/><W45/><G110/><T83/><D65/><U67/><E96/><V109/><F109/><W61/><G7/><T12/><D68/><U97/><E97/><V58/><F126/><W122/><G1/><T113/><D134/><U103/><E103/><V19/><F123/><W69/><G122/><T51/><D51/><U93/><E67/><V36/><F36/><W72/><G72/><T26/><D26/><N who="1" m="16735" /><E31/><V132/><F132/><W79/><G45/><T107/><D107/><U102/><E102/><V70/><F70/><W27/><G27/><T119/><D113/><U124/><E124/><V59/><F112/><W86/><G79/><T80/><REACH who="0" step="1"/><D91/><REACH who="0" ten="267,253,266,204" step="2"/><U108/><E108/><V52/><F114/><W63/><G62/><T73/><D73/><U82/><E90/><V111/><F111/><W117/><G63/><T106/><D106/><U98/><E89/><V10/><F50/><W76/><G76/><T55/><D55/><U48/><E48/><V120/><F49/><W46/><G54/><T130/><D130/><U44/><E44/><V125/><F53/><W118/><G46/><T32/><D32/><U35/><E35/><RYUUKYOKU ba="0,1" sc="267,30,253,-10,266,-10,204,-10" hai0="2,3,8,9,12,14,17,18,37,38,80,83,119" /><INIT seed="4,1,1,1,0,92" ten="297,243,256,194" oya="0" hai0="87,72,97,43,89,40,50,131,110,112,74,42,10" hai1="90,134,133,54,49,80,104,122,13,119,12,99,52" hai2="81,11,75,37,98,102,65,108,118,105,106,18,95" hai3="66,82,115,114,124,93,128,46,53,22,57,41,59"/><T62/><D112/><U2/><E122/><V23/><F37/><W19/><G128/><T34/><D34/><U6/><E119/><V86/><F108/><W91/><G124/><T7/><D131/><U27/><E27/><V3/><F118/><W5/><G5/><T135/><D135/><N who="1" m="51723" /><E2/><V107/><F65/><W67/><G82/><T116/><D116/><U17/><E6/><V31/><F31/><W60/><G59/><T55/><D62/><U61/><E61/><V35/><F35/><W36/><G115/><T69/><D69/><U96/><E104/><V83/><F75/><W24/><REACH who="3" step="1"/><G114/><REACH who="3" ten="297,243,256,184" step="2"/><T51/><D7/><U38/><E38/><V32/><F83/><W48/><G48/><T64/><D51/><U63/><E63/><V130/><F130/><W113/><G113/><T56/><D50/><U21/><E54/><V94/><F81/><W125/><G125/><T9/><D55/><U20/><E80/><V132/><F132/><W47/><G47/><T71/><D56/><N who="1" m="32783" /><E90/><V111/><F111/><W39/><G39/><T84/><D110/><U129/><E129/><V85/><F3/><W25/><G25/><T77/><D89/><U45/><E45/><V4/><F4/><W121/><G121/><T126/><D126/><U76/><E76/><V103/><F103/><W117/><G117/><T29/><D77/><U109/><E109/><V14/><F102/><W30/><G30/><T123/><D29/><U120/><E120/><V28/><F28/><W127/><G127/><T16/><D123/><U26/><E26/><V78/><F78/><W70/><G70/><RYUUKYOKU ba="1,2" sc="297,-15,243,15,256,-15,184,15" hai1="12,13,17,20,21,96,99" hai3="19,22,24,36,41,46,53,57,60,66,67,91,93" /><INIT seed="5,2,2,1,4,50" ten="282,258,241,199" oya="1" hai0="54,107,57,2,40,12,81,18,90,72,11,36,25" hai1="127,89,84,39,88,77,96,16,110,75,27,22,58" hai2="21,105,114,23,135,61,14,56,32,131,65,17,66" hai3="83,91,15,38,48,49,43,41,104,64,121,7,133"/><U44/><E127/><V13/><F32/><W125/><G104/><T33/><D107/><U79/><E75/><V30/><F105/><W115/><G121/><T97/><D2/><U108/><E96/><V103/><F135/><W92/><G115/><T24/><D33/><U6/><E6/><V111/><F111/><N who="1" m="42537" /><E58/><V55/><F114/><W69/><G133/><T128/><D128/><U60/><E60/><V123/><F123/><W126/><G83/><T71/><D71/><U52/><E89/><V102/><F131/><W76/><G76/><T73/><D73/><U117/><E117/><V93/><F30/><W37/><G7/><T82/><D81/><N who="1" m="49167" /><E52/><V34/><F34/><W35/><G35/><T129/><D129/><U87/><E87/><V80/><F80/><W4/><G4/><T20/><D97/><U67/><E67/><N who="2" m="25611" /><F93/><W134/><G92/><T132/><D132/><U31/><E31/><V68/><F68/><W8/><G64/><T113/><D113/><U106/><E106/><V86/><F86/><W9/><G134/><T124/><D82/><U47/><E47/><V118/><F118/><W99/><G99/><T95/><D95/><U120/><E120/><V10/><F14/><W119/><G69/><T19/><D72/><U29/><E29/><V3/><F3/><W78/><G78/><T63/><D90/><U100/><E100/><AGARI ba="2,2" hai="10,13,17,21,23,55,56,61,100,102,103" m="25611" machi="100" ten="30,2000,0" yaku="8,1,52,1" doraHai="50" who="2" fromWho="1" sc="282,0,258,-26,241,46,199,0" /><INIT seed="6,0,0,3,1,102" ten="282,232,287,199" oya="2" hai0="17,37,41,44,46,78,35,132,122,62,114,117,40" hai1="5,19,16,130,59,67,112,80,124,92,23,126,38" hai2="77,95,30,108,73,25,27,86,34,9,71,72,33" hai3="50,4,18,13,131,97,135,63,110,6,120,39,57"/><V119/><F119/><W43/><G120/><T133/><D35/><U87/><E38/><V105/><F71/><W48/><G110/><T51/><D78/><U128/><E112/><V14/><F108/><W15/><G39/><T75/><D75/><U121/><E92/><V81/><F95/><W64/><G135/><N who="0" m="51787" /><D17/><N who="1" m="6731" /><E5/><V98/><F98/><W7/><G131/><N who="1" m="50218" /><E23/><V49/><F33/><W82/><G15/><T101/><D101/><U125/><E121/><V10/><F34/><W88/><G43/><T60/><D122/><U1/><E1/><V66/><F27/><W84/><REACH who="3" step="1"/><G97/><REACH who="3" ten="282,232,287,189" step="2"/><T99/><D99/><U116/><E116/><V65/><F14/><W32/><G32/><T109/><D109/><U103/><E126/><V90/><F25/><W55/><G55/><T8/><D117/><U21/><E21/><AGARI ba="0,1" hai="4,6,7,13,18,21,48,50,57,63,64,82,84,88" machi="21" ten="40,5200,0" yaku="1,1,8,1,54,1,53,0" doraHai="102" doraHaiUra="104" who="3" fromWho="1" sc="282,0,232,-52,287,0,189,62" /><INIT seed="7,0,0,2,2,130" ten="282,180,287,251" oya="3" hai0="57,104,35,90,91,106,27,32,76,102,28,84,23" hai1="10,69,33,24,118,129,38,30,9,7,81,65,66" hai2="105,79,37,132,123,31,55,108,62,0,85,83,86" hai3="77,124,99,73,95,75,46,112,6,42,40,20,120"/><W29/><G120/><T101/><D76/><U12/><E129/><V26/><F105/><W56/><G112/><T116/><D57/><U48/><E38/><V17/><F0/><W117/><G117/><T53/><D53/><U15/><E118/><V98/><F37/><W49/><G124/><T36/><D36/><U134/><E69/><V113/><F108/><W115/><G115/><T125/><D125/><U67/><E81/><V63/><F98/><W59/><G6/><T127/><D84/><U51/><REACH who="1" step="1"/><E134/><REACH who="1" ten="282,170,287,251" step="2"/><V45/><F132/><W92/><G75/><T43/><D116/><U18/><AGARI ba="0,1" hai="7,9,10,12,15,18,24,30,33,48,51,65,66,67" machi="18" ten="30,8000,1" yaku="1,1,2,1,0,1,53,2" doraHai="130" doraHaiUra="4" who="1" fromWho="1" sc="282,-20,170,90,287,-20,251,-40" /><INIT seed="8,0,0,1,1,96" ten="262,260,267,211" oya="0" hai0="123,42,84,39,76,12,63,35,67,131,102,75,133" hai1="106,1,37,13,31,20,107,29,77,70,134,130,23" hai2="91,43,74,48,56,45,50,5,127,85,55,99,24" hai3="105,10,129,86,3,90,89,78,14,64,93,95,61"/><T108/><D123/><U69/><E13/><V25/><F74/><W6/><G105/><T124/><D35/><U28/><E77/><V82/><F127/><W15/><G78/><T51/><D75/><U121/><E121/><V113/><F113/><W135/><G135/><T103/><D39/><U116/><E37/><V81/><F5/><W34/><G34/><T119/><D119/><U125/><E125/><V17/><F82/><W122/><G129/><T46/><D131/><U62/><E130/><V2/><F2/><W4/><G4/><T80/><D124/><U92/><E92/><V54/><F99/><W57/><REACH who="3" step="1"/><G122/><REACH who="3" ten="262,260,267,201" step="2"/><T33/><D33/><U60/><E134/><V101/><F101/><W41/><G41/><T109/><D133/><U83/><E107/><V7/><F7/><W11/><G11/><T26/><D26/><U128/><E106/><V88/><F91/><W27/><G27/><T72/><D72/><U132/><E132/><V115/><F115/><W71/><G71/><N who="0" m="42495" /><D12/><U68/><E128/><V110/><F110/><AGARI ba="0,1" hai="42,46,51,76,80,84,102,103,108,109,110" m="42495" machi="110" ten="30,5800,0" yaku="10,1,52,2" doraHai="96" who="0" fromWho="2" sc="262,68,260,0,267,-58,201,0" owari="330,43.0,260,6.0,209,-19.0,201,-30.0" /></mjloggm>