<mjloggm ver="2.3"><GO type="169" lobby="0"/><UN n0="%E5%B0%B1%E6%B4%BB%E7%94%9F%40%E5%B7%9D%E6%9D%91%E8%BB%8D%E5%9B%A3" n1="%E3%81%BD%E3%81%BF%E3%82%85" n2="%E3%82%A6%E3%82%A3%E3%83%89%E3%82%A5%EF%BC%A0%E9%98%AA%E7%A5%9E" n3="%E3%82%B5%E3%83%9C" dan="16,16,16,16" rate="2057.42,2094.87,2179.46,2059.34" sx="M,F,M,M"/><TAIKYOKU oya="0"/><INIT seed="0,0,0,5,5,111" ten="250,250,250,250" oya="0" hai0="23,4,43,114,36,68,83,26,75,126,98,11,51" hai1="5,22,39,124,101,0,92,116,122,18,59,79,128" hai2="109,125,89,72,17,52,20,103,9,58,35,50,38" hai3="104,88,112,44,117,127,71,131,24,61,85,14,56"/><T67/><D114/><U21/><E39/><V76/><F35/><W115/><G117/><T110/><D110/><U33/><E33/><V46/><F109/><W63/><G104/><T130/><D126/><U107/><E107/><V120/><F120/><W74/><G74/><T3/><D130/><U95/><E122/><V87/><F125/><W133/><G127/><T47/><D98/><U81/><E116/><V13/><F103/><W90/><G133/><T57/><D68/><U55/><E128/><V40/><F72/><W53/><G131/><T27/><D23/><U12/><E124/><V99/><F99/><W15/><G24/><T8/><D8/><U60/><E101/><V31/><F76/><W1/><G1/><T94/><D94/><U84/><E0/><V37/><F31/><W96/><G44/><T66/><D66/><U121/><E121/><V105/><F105/><W108/><G108/><T69/><D69/><U7/><E22/><V97/><F97/><W32/><G32/><T93/><D93/><AGARI ba="0,0" hai="5,7,12,18,21,55,59,60,79,81,84,92,93,95" machi="93" ten="40,1300,0" yaku="8,1" doraHai="111" who="1" fromWho="0" sc="250,-13,250,13,250,0,250,0" /><INIT seed="1,0,0,5,1,11" ten="237,263,250,250" oya="1" hai0="70,41,39,130,59,118,92,109,35,127,117,103,74" hai1="134,52,124,91,36,87,63,17,42,37,69,116,33" hai2="75,72,54,7,122,44,65,66,121,88,57,99,10" hai3="55,106,24,3,18,15,14,85,13,30,100,68,102"/><U86/><E33/><V49/><F75/><W128/><G3/><T131/><D35/><U56/><E116/><N who="0" m="44649" /><D74/><U34/><E34/><V81/><F72/><W6/><G106/><T9/><D9/><U76/><E134/><V45/><F121/><W115/><G115/><T12/><D103/><N who="3" m="39465" /><G68/><T64/><D92/><U71/><E124/><V90/><F122/><W93/><G128/><N who="0" m="49195" /><D109/><U79/><E69/><V105/><F105/><W2/><G2/><T31/><D31/><U83/><E71/><V67/><F99/><W62/><G30/><T120/><D120/><U114/><E114/><V104/><F104/><W48/><G6/><T89/><D89/><N who="2" m="34410" /><F81/><W84/><G93/><T110/><D110/><U32/><E32/><V1/><F1/><W47/><G62/><N who="0" m="40215" /><D59/><U133/><E76/><V16/><F7/><W26/><G18/><T43/><D127/><U5/><E5/><V123/><F123/><W51/><G85/><T40/><D12/><AGARI ba="0,0" hai="10,12,16,44,45,49,54,57,65,66,67" m="34410" machi="12" ten="30,7700,0" yaku="8,1,52,1,54,2" doraHai="11" who="2" fromWho="0" sc="237,-77,263,0,250,77,250,0" /><INIT seed="2,0,0,2,0,117" ten="160,263,327,250" oya="2" hai0="37,125,2,45,24,103,55,75,65,79,59,58,129" hai1="107,36,105,68,26,99,96,16,91,102,81,10,106" hai2="116,33,122,61,85,38,76,22,62,112,32,21,31" hai3="25,23,131,42,111,9,28,20,118,95,82,64,44"/><V121/><F38/><W11/><G118/><T133/><D2/><U113/><E36/><V83/><F116/><W114/><G111/><T29/><D125/><U15/><E68/><V72/><F112/><W132/><G132/><T51/><D133/><U4/><E113/><V41/><F41/><W1/><G131/><T66/><D129/><U3/><E26/><V77/><F72/><W7/><G64/><T134/><D134/><U60/><E60/><V100/><F100/><W130/><G130/><T40/><D103/><U109/><E109/><V27/><F76/><W128/><G128/><T8/><D8/><U50/><E50/><V73/><F73/><W84/><G11/><T124/><D124/><U67/><E67/><V13/><F21/><W71/><G95/><T39/><D79/><U104/><E81/><V34/><REACH who="2" step="1"/><F13/><REACH who="2" ten="160,263,317,250" step="2"/><W14/><G14/><T80/><D39/><U89/><REACH who="1" step="1"/><E99/><REACH who="1" ten="160,253,317,250" step="2"/><V119/><F119/><W0/><G114/><T63/><D75/><U78/><E78/><V6/><F6/><W120/><G7/><T98/><D98/><U87/><E87/><V115/><F115/><W123/><G84/><T57/><D37/><U97/><E97/><V90/><F90/><W127/><G127/><T94/><D80/><U5/><E5/><V17/><F17/><W53/><G82/><T49/><D40/><U12/><E12/><V70/><F70/><W47/><G42/><T52/><D24/><U74/><E74/><V88/><F88/><W69/><G25/><T135/><D135/><U35/><E35/><V126/><F126/><W43/><G0/><RYUUKYOKU ba="0,2" sc="160,-15,253,15,317,15,250,-15" hai1="3,4,10,15,16,89,91,96,102,104,105,106,107" hai2="22,27,31,32,33,34,61,62,77,83,85,121,122" /><INIT seed="2,1,2,5,1,10" ten="145,268,332,235" oya="2" hai0="61,123,4,88,68,55,108,96,81,86,130,105,117" hai1="95,99,114,57,131,92,126,65,26,3,14,12,21" hai2="31,107,27,44,97,62,33,116,67,25,53,36,87" hai3="121,41,45,120,72,47,32,100,60,66,63,119,5"/><V34/><F116/><W40/><G119/><T115/><D123/><N who="3" m="47177" /><G72/><T125/><D108/><U0/><E114/><V76/><F76/><W51/><G32/><T28/><D115/><U102/><E131/><V98/><F87/><W84/><G5/><T30/><D125/><U49/><E126/><V83/><F83/><W11/><G11/><T43/><D43/><N who="3" m="16457" /><G84/><T79/><D130/><U110/><E110/><V132/><F132/><W64/><G100/><T129/><D129/><U35/><E35/><V22/><F36/><W48/><G48/><T42/><D42/><U1/><E49/><V56/><F107/><W46/><G51/><T90/><D117/><U59/><E95/><V69/><F44/><W118/><G118/><T29/><D4/><U38/><E38/><V50/><REACH who="2" step="1"/><F33/><REACH who="2" ten="145,268,322,235" step="2"/><W103/><G103/><T93/><D105/><U17/><REACH who="1" step="1"/><E59/><REACH who="1" ten="145,258,322,235" step="2"/><V15/><F15/><W89/><G89/><N who="0" m="55343" /><D68/><U135/><E135/><V6/><F6/><W112/><G112/><T113/><D113/><U104/><E104/><V106/><F106/><W78/><G78/><T122/><D122/><U124/><E124/><V8/><F8/><W94/><G94/><T58/><AGARI ba="1,4" hai="28,29,30,55,58,61,79,81,86,88,90" m="55343" machi="58" ten="30,2000,0" yaku="8,1,54,1" doraHai="10" who="0" fromWho="0" sc="145,63,258,-6,322,-11,235,-6" /><INIT seed="3,0,0,2,1,12" ten="208,252,311,229" oya="3" hai0="14,111,18,83,59,63,41,131,124,127,20,100,32" hai1="104,7,67,91,21,117,6,16,44,118,25,11,37" hai2="22,74,50,35,109,33,30,55,2,123,56,31,58" hai3="4,85,51,26,114,96,27,24,19,8,103,122,70"/><W79/><G114/><T126/><D32/><U87/><E104/><V29/><F74/><W23/><G70/><T133/><D111/><U69/><E69/><V61/><F2/><W1/><G122/><T38/><D100/><U43/><E67/><V106/><F106/><W73/><G73/><T128/><D83/><U10/><E10/><V130/><F109/><W105/><REACH who="3" step="1"/><G51/><REACH who="3" ten="208,252,311,219" step="2"/><T94/><D38/><U121/><E121/><V76/><F50/><W45/><G45/><T13/><D127/><U135/><E135/><V3/><F123/><W53/><G53/><T84/><D133/><U129/><E129/><V28/><F55/><W42/><G42/><T72/><D41/><U49/><E49/><V112/><F112/><W132/><G132/><T75/><D124/><U65/><E65/><V92/><F130/><W90/><G90/><T5/><D126/><U71/><E71/><V102/><F56/><W47/><G47/><T80/><D75/><U88/><E91/><V119/><F58/><W82/><AGARI ba="0,1" hai="1,4,8,19,23,24,26,27,79,82,85,96,103,105" machi="82" ten="30,6000,0" yaku="1,1,0,1,52,1,53,0" doraHai="12" doraHaiUra="125" who="3" fromWho="3" sc="208,-20,252,-20,311,-20,219,70" /><INIT seed="3,1,0,0,4,72" ten="188,232,291,289" oya="3" hai0="41,84,98,73,77,32,33,25,53,109,55,6,28" hai1="120,31,94,56,95,47,111,16,74,71,76,101,62" hai2="54,38,89,21,39,103,122,110,66,78,118,70,5" hai3="59,26,99,3,112,18,48,14,44,108,104,123,129"/><W119/><G112/><T106/><D109/><U50/><E71/><V52/><F118/><W35/><G119/><T85/><D33/><U29/><E120/><V92/><F5/><W117/><G117/><T1/><D84/><U9/><E111/><V64/><F110/><W91/><G3/><T121/><D85/><U43/><E74/><V134/><F103/><W80/><G108/><T132/><D132/><U27/><E76/><V133/><F122/><W75/><G123/><T34/><D34/><U107/><E107/><V115/><F115/><W65/><G129/><T24/><D24/><U45/><E45/><V19/><F78/><W126/><G126/><T124/><D41/><U42/><E42/><V130/><F130/><W96/><G104/><T116/><D116/><U17/><E17/><V102/><F102/><W67/><G35/><T86/><D124/><U10/><E10/><V58/><F54/><N who="3" m="29959" /><G26/><T8/><D86/><U0/><E0/><V51/><F39/><W131/><G75/><T57/><D121/><U11/><E11/><V37/><F37/><W128/><G128/><T22/><D32/><U60/><E60/><V105/><F38/><W46/><G46/><T36/><D36/><U87/><E87/><N who="2" m="52287" /><F105/><W7/><G7/><T49/><D55/><N who="1" m="34079" /><E101/><V114/><F114/><W81/><G131/><T100/><D73/><U13/><E27/><N who="2" m="14783" /><F70/><W20/><G91/><T125/><D125/><U30/><AGARI ba="1,0" hai="9,13,16,29,30,31,43,47,50,94,95" m="34079" machi="30" ten="30,2000,0" yaku="8,1,54,1" doraHai="72" who="1" fromWho="1" sc="188,-6,232,23,291,-6,289,-11" /><INIT seed="4,0,0,1,0,129" ten="182,255,285,278" oya="0" hai0="113,21,40,117,96,34,89,51,98,26,102,6,93" hai1="133,99,120,15,41,64,109,0,54,1,75,106,67" hai2="132,49,87,13,5,56,105,2,80,70,78,118,71" hai3="68,7,18,125,25,53,45,111,43,63,121,69,55"/><T24/><D117/><U14/><E75/><V92/><F105/><W50/><G7/><T126/><D126/><U36/><E41/><V8/><F118/><W76/><G76/><T11/><D113/><U9/><E109/><V112/><F112/><W94/><G111/><T122/><D122/><U37/><E9/><V62/><F49/><W22/><G125/><T47/><D34/><U72/><E72/><V19/><F92/><W123/><G94/><T46/><D46/><U48/><E48/><V59/><F132/><W135/><G135/><T42/><D42/><U119/><E119/><V134/><F134/><W82/><G82/><T101/><D96/><U100/><E133/><V31/><F31/><W86/><G86/><T32/><D32/><U115/><E115/><V97/><F97/><W57/><REACH who="3" step="1"/><G43/><REACH who="3" ten="182,255,285,268" step="2"/><T85/><D85/><U38/><E106/><V114/><F114/><W95/><G95/><T17/><REACH who="0" step="1"/><D26/><REACH who="0" ten="172,255,285,268" step="2"/><U16/><E120/><AGARI ba="0,2" hai="18,22,25,45,50,53,55,57,63,68,69,120,121,123" machi="120" ten="40,5200,0" yaku="1,1,13,1,53,1" doraHai="129" doraHaiUra="23" who="3" fromWho="1" sc="172,0,255,-52,285,0,268,72" /><INIT seed="5,0,0,3,2,79" ten="172,203,285,340" oya="1" hai0="92,47,90,66,62,83,99,134,76,41,112,24,69" hai1="25,129,87,64,71,4,23,21,78,34,42,73,39" hai2="117,110,59,27,126,18,102,106,46,38,77,120,113" hai3="51,26,103,75,57,107,97,16,60,94,56,95,40"/><U74/><E129/><V43/><F110/><W12/><G75/><T70/><D112/><U53/><E34/><V91/><F117/><W124/><G26/><T13/><D134/><U85/><E4/><V80/><F120/><W122/><G124/><T0/><D0/><U49/><E42/><V128/><F126/><W5/><G5/><T130/><D130/><U118/><E39/><V89/><F128/><W7/><G7/><T52/><D24/><U88/><E118/><V3/><F3/><W116/><G116/><T104/><D13/><U131/><E131/><V50/><F102/><W30/><G30/><T72/><D104/><U28/><E71/><V20/><F106/><W45/><G122/><T10/><D10/><U108/><E64/><V121/><F113/><W29/><G29/><T109/><D109/><U125/><E125/><V14/><F27/><W37/><G37/><T114/><D114/><U58/><E23/><V1/><F1/><W17/><G17/><T2/><D2/><U65/><E65/><V68/><F68/><W115/><G57/><T127/><D127/><U15/><E15/><V35/><F35/><W54/><G115/><T111/><D111/><U105/><E105/><V133/><F133/><W32/><G32/><T82/><D70/><U135/><E135/><V11/><F11/><AGARI ba="0,0" hai="11,12,16,40,45,51,54,56,60,94,95,97,103,107" machi="11" ten="30,2000,0" yaku="7,1,54,1" doraHai="79" who="3" fromWho="2" sc="172,0,203,0,285,-20,340,20" /><INIT seed="6,0,0,0,3,20" ten="172,203,265,360" oya="2" hai0="101,73,75,43,38,123,16,60,100,46,133,131,93" hai1="109,89,69,97,9,41,115,32,6,34,112,58,8" hai2="57,107,22,19,91,28,86,49,5,68,67,29,10" hai3="48,111,27,81,126,134,52,71,119,72,15,11,82"/><V118/><F107/><W23/><G119/><T36/><D123/><U12/><E69/><V18/><F68/><W90/><G71/><T105/><D105/><U74/><E74/><V70/><F70/><W30/><G111/><T96/><D133/><U63/><E41/><V31/><F118/><W83/><G134/><T0/><D131/><U24/><E109/><V33/><F33/><W61/><G61/><T128/><D128/><U94/><E9/><V122/><F122/><W59/><G126/><T17/><D38/><U113/><REACH who="1" step="1"/><E24/><REACH who="1" ten="172,193,265,360" step="2"/><N who="2" m="14431" /><F5/><N who="3" m="3567" /><G72/><T85/><D0/><U88/><E88/><AGARI ba="0,1" hai="23,27,30,48,52,59,81,82,83,88,90" m="3567" machi="88" ten="30,7700,0" yaku="8,1,52,1,54,2" doraHai="20" who="3" fromWho="1" sc="172,0,193,-77,265,0,360,87" /><INIT seed="7,0,0,1,5,17" ten="172,116,265,447" oya="3" hai0="22,29,71,133,7,105,40,18,6,89,47,68,56" hai1="96,31,99,9,24,43,33,112,32,26,117,1,72" hai2="92,44,104,111,34,2,77,109,131,121,106,55,63" hai3="102,107,101,3,30,90,58,48,66,119,84,128,65"/><W38/><G58/><T57/><D29/><U20/><E72/><V134/><F2/><W79/><G90/><T113/><D105/><U5/><E112/><V135/><F34/><W15/><G15/><T120/><D120/><U85/><E117/><V52/><F77/><W39/><G48/><T12/><D133/><U42/><E33/><V54/><F121/><W125/><G84/><T108/><D108/><U118/><E118/><V75/><F75/><W61/><G79/><T49/><D113/><U80/><E42/><V45/><F131/><W122/><G61/><T13/><D71/><U83/><E43/><V76/><F76/><W28/><G3/><T88/><D68/><U100/><E85/><V87/><F63/><W36/><G36/><T123/><D123/><U127/><E127/><V41/><F92/><W78/><G39/><T37/><D37/><U95/><REACH who="1" step="1"/><E99/><REACH who="1" ten="172,106,265,447" step="2"/><V70/><F87/><W94/><G119/><T62/><D6/><U132/><E132/><V67/><F41/><W73/><G122/><T97/><D7/><U93/><E93/><V103/><F134/><W0/><G125/><T124/><D97/><U59/><E59/><V11/><F135/><W82/><G94/><T114/><D57/><U16/><AGARI ba="0,1" hai="1,5,9,16,20,24,26,31,32,80,83,95,96,100" machi="16" ten="20,12000,2" yaku="1,1,0,1,7,1,52,1,54,1,53,1" doraHai="17" doraHaiUra="98" who="1" fromWho="1" sc="172,-30,106,130,265,-30,447,-60" owari="142,-36.0,236,4.0,235,-16.0,387,48.0" /></mjloggm>