<mjloggm ver="2.3"><GO type="97" lobby="0"/><UN n0="%6A%75%72%69%65%73%75" n1="%68%61%6E%65%79%75%6D%61" n2="%E3%83%88%E3%83%88%E3%83%AA%E5%85%88%E7%94%9F%31%39%E6%AD%B3" n3="%E8%97%A4%E7%94%B0%E5%92%B2" dan="14,13,14,13" rate="1942.24,1847.29,2036.22,1856.95" sx="M,M,F,M"/><TAIKYOKU oya="0"/><INIT seed="0,0,0,5,0,83" ten="250,250,250,250" oya="0" hai0="120,36,30,33,98,93,45,130,128,80,111,86,123" hai1="25,55,28,14,102,89,70,22,50,35,97,27,75" hai2="65,42,3,119,18,134,53,16,105,114,52,43,95" hai3="96,66,64,84,5,68,125,15,1,79,124,37,121"/><T24/><D36/><U61/><E75/><V20/><F114/><W11/><G37/><T92/><D45/><U10/><E89/><V58/><F105/><W107/><G121/><T108/><D120/><U41/><E41/><N who="2" m="15371" /><F3/><W31/><G31/><T60/><D60/><U48/><E70/><V57/><F65/><W54/><G54/><N who="2" m="21097" /><F134/><W88/><G1/><T82/><D82/><U103/><E61/><V72/><F72/><W56/><G79/><T81/><D81/><U4/><E102/><V49/><F49/><W113/><G113/><T46/><D46/><U2/><E55/><V0/><F0/><W47/><G107/><T78/><D123/><U116/><E116/><V9/><F119/><W6/><G68/><T74/><D74/><U127/><E127/><V104/><F104/><W13/><G124/><T115/><D115/><U76/><E76/><V112/><F112/><W32/><G125/><T85/><D93/><U99/><E99/><V135/><F135/><W118/><G118/><T67/><D67/><U117/><E117/><V129/><F129/><N who="0" m="49770" /><D86/><U73/><E73/><V131/><F95/><W8/><G47/><T110/><D110/><U100/><E103/><AGARI ba="0,0" hai="24,30,33,78,80,85,92,98,103,108,111" m="49770" machi="103" ten="30,2900,0" yaku="19,1,52,1" doraHai="83" who="0" fromWho="1" sc="250,29,250,-29,250,0,250,0" /><INIT seed="0,1,0,5,2,79" ten="279,221,250,250" oya="0" hai0="9,76,3,126,11,95,52,47,123,43,81,131,13" hai1="93,40,119,118,6,22,51,53,64,121,17,12,98" hai2="33,85,74,61,23,128,110,117,36,46,104,111,54" hai3="42,27,1,102,48,30,56,112,50,132,29,107,75"/><T80/><D123/><U84/><E121/><V88/><F33/><W82/><G1/><T63/><D131/><U70/><E40/><V134/><F104/><W26/><G132/><T34/><D34/><U62/><E6/><V97/><F74/><W69/><G69/><T0/><D11/><U39/><E39/><V114/><F114/><W58/><G112/><T68/><D95/><U106/><E106/><V18/><F97/><W65/><G75/><T20/><D20/><U94/><E94/><V32/><F32/><W49/><G42/><T83/><D76/><U124/><E124/><V10/><F10/><W37/><G37/><T21/><D21/><U96/><E96/><V72/><F72/><W89/><G102/><T109/><D126/><U60/><E60/><V57/><F128/><W108/><G108/><N who="2" m="41513" /><F36/><W133/><G133/><T44/><D109/><U28/><E28/><V16/><F134/><W24/><G89/><T38/><D68/><U100/><REACH who="1" step="1"/><E84/><REACH who="1" ten="279,211,250,250" step="2"/><V92/><F117/><W105/><G50/><T135/><D135/><U101/><E101/><V45/><F18/><W2/><G2/><T77/><D77/><U73/><E73/><V113/><F113/><W116/><G116/><T41/><D41/><U86/><E86/><V35/><F35/><W115/><G115/><T55/><D63/><U7/><E7/><V130/><F130/><W120/><G120/><T122/><D122/><U8/><E8/><V99/><F85/><W127/><G127/><T91/><D91/><U31/><E31/><V71/><F71/><W15/><G107/><T19/><D55/><RYUUKYOKU ba="1,1" sc="279,10,211,10,250,10,250,-30" hai0="0,3,9,13,19,38,43,44,47,52,80,81,83" hai1="12,17,22,51,53,62,64,70,93,98,100,118,119" hai2="16,23,45,46,54,57,61,88,92,99" /><INIT seed="0,2,1,3,4,57" ten="289,221,260,220" oya="0" hai0="36,24,133,37,5,80,108,44,135,56,70,4,25" hai1="58,6,98,95,65,50,19,3,77,13,8,131,109" hai2="49,93,27,10,67,11,54,1,7,84,125,41,62" hai3="79,104,110,12,119,86,48,30,121,89,101,35,123"/><T122/><D122/><N who="3" m="46601" /><G119/><T28/><D70/><U103/><E109/><V100/><F125/><W39/><G39/><T88/><D108/><U129/><E77/><V64/><F41/><W29/><G110/><T91/><D56/><U32/><E32/><V130/><F130/><W96/><G12/><T47/><D80/><U40/><E40/><V69/><F67/><W20/><G20/><T18/><D18/><U99/><E99/><V126/><F126/><W124/><G124/><T59/><D59/><U128/><E50/><V113/><F113/><W68/><G35/><T115/><REACH who="0" step="1"/><D28/><REACH who="0" ten="279,221,260,220" step="2"/><U2/><E6/><V15/><F69/><W14/><G29/><T51/><D51/><U72/><E72/><V17/><F17/><W9/><G30/><T120/><D120/><U94/><E94/><V85/><F93/><W81/><G68/><T116/><D116/><U26/><E26/><V66/><F27/><W134/><G48/><T22/><D22/><U112/><E112/><AGARI ba="2,2" hai="4,5,24,25,36,37,44,47,88,91,112,115,133,135" machi="112" ten="25,9600,0" yaku="1,1,22,2,54,1,53,0" doraHai="57" doraHaiUra="92" who="0" fromWho="1" sc="279,122,221,-102,260,0,220,0" /><INIT seed="0,3,0,0,0,25" ten="401,119,260,220" oya="0" hai0="50,129,92,28,133,110,82,45,19,88,126,57,36" hai1="29,127,4,54,60,86,111,21,102,90,106,78,71" hai2="37,116,43,73,68,77,49,58,74,130,53,80,83" hai3="85,112,27,16,104,101,0,48,13,39,1,99,121"/><T6/><D36/><U61/><E4/><V91/><F68/><W128/><G39/><T41/><D126/><U124/><E102/><V87/><F130/><W66/><G112/><T32/><D129/><U22/><E106/><V109/><F109/><W119/><G128/><T123/><D123/><U118/><E118/><V55/><F116/><W62/><G119/><T93/><D6/><U15/><E78/><V51/><F43/><W105/><G48/><T7/><D7/><U26/><E111/><V24/><F37/><W23/><G121/><T108/><D93/><U35/><E15/><V97/><F97/><W134/><G105/><T76/><D19/><U67/><E60/><V46/><REACH who="2" step="1"/><F24/><REACH who="2" ten="401,119,250,220" step="2"/><W100/><G27/><T132/><D108/><U94/><REACH who="1" step="1"/><E54/><REACH who="1" ten="401,109,250,220" step="2"/><V42/><F42/><W52/><G52/><T113/><D110/><U114/><E114/><V98/><F98/><W2/><G62/><T125/><D113/><U38/><E38/><V8/><F8/><W70/><G66/><T81/><D41/><U11/><E11/><V84/><AGARI ba="3,2" hai="46,49,51,53,55,58,73,74,77,80,83,84,87,91" machi="84" ten="20,8000,1" yaku="1,1,0,1,7,1,53,2" doraHai="25" doraHaiUra="107" who="2" fromWho="2" sc="401,-43,109,-23,250,109,220,-23" /><INIT seed="1,0,0,4,4,110" ten="358,86,359,197" oya="1" hai0="34,86,103,44,3,66,48,87,11,83,94,75,77" hai1="71,27,13,78,32,135,35,58,15,90,81,73,0" hai2="41,121,114,6,88,51,131,39,20,22,122,59,12" hai3="119,95,67,70,72,92,61,45,49,26,127,120,18"/><U65/><E0/><V17/><F131/><W106/><G72/><T55/><D34/><U38/><E38/><V60/><F39/><W117/><G106/><T5/><REACH who="0" step="1"/><D66/><REACH who="0" ten="348,86,359,197" step="2"/><U129/><E129/><V82/><F121/><W105/><G120/><T62/><D62/><U132/><E71/><V125/><F60/><W74/><G127/><T84/><D84/><U42/><E42/><V112/><F125/><W89/><G105/><T25/><D25/><U8/><E27/><V50/><F122/><W107/><G107/><T134/><D134/><N who="1" m="51243" /><E90/><V76/><F88/><W80/><G74/><T68/><D68/><U69/><E69/><V113/><F41/><W53/><G119/><T85/><D85/><U54/><E65/><V28/><F6/><W109/><G117/><T97/><AGARI ba="0,1" hai="3,5,11,44,48,55,75,77,83,86,87,94,97,103" machi="97" ten="30,4000,0" yaku="1,1,0,1,53,1" doraHai="110" doraHaiUra="43" who="0" fromWho="0" sc="348,50,86,-20,359,-10,197,-10" /><INIT seed="2,0,0,5,1,111" ten="398,66,349,187" oya="2" hai0="21,64,89,19,105,99,6,107,12,8,131,76,5" hai1="83,130,4,119,108,134,45,23,18,31,13,75,126" hai2="78,51,50,22,101,47,41,66,104,94,115,54,88" hai3="120,84,56,58,35,16,32,81,27,109,53,79,15"/><V116/><F116/><W93/><G109/><T123/><D123/><U82/><E108/><V121/><F121/><W69/><G120/><T72/><D6/><U30/><E119/><V70/><F78/><W106/><G69/><T43/><D64/><U62/><E75/><V14/><F115/><W87/><G106/><T59/><D59/><U0/><E45/><V80/><F80/><W103/><G27/><T26/><D43/><U33/><E62/><V100/><F104/><W20/><G58/><T11/><D131/><U60/><E60/><V117/><F117/><W24/><G24/><T91/><D11/><N who="1" m="2439" /><E83/><V1/><F1/><W36/><G36/><T102/><D105/><U29/><E82/><V10/><F22/><W28/><G28/><N who="1" m="10858" /><E126/><V3/><F3/><W65/><G65/><T122/><D122/><U55/><E55/><V44/><F66/><W85/><G103/><T40/><D40/><U39/><E39/><V34/><F34/><W68/><G68/><T96/><D96/><U71/><E71/><V61/><F61/><W52/><G53/><T124/><D124/><U112/><E130/><V7/><F70/><W90/><G85/><AGARI ba="0,0" hai="7,10,14,41,44,47,50,51,54,85,88,94,100,101" machi="85" ten="30,5800,0" yaku="7,1,8,1,54,1" doraHai="111" who="2" fromWho="3" sc="398,0,66,0,349,58,187,-58" /><INIT seed="2,1,0,4,1,128" ten="398,66,407,129" oya="2" hai0="129,83,121,104,132,0,110,87,72,2,46,4,52" hai1="32,119,63,13,20,113,57,76,102,92,6,67,12" hai2="90,36,17,41,94,127,43,122,81,58,111,75,130" hai3="107,45,86,16,77,133,73,21,11,19,38,135,93"/><V114/><F122/><W23/><G107/><T120/><D104/><U116/><E32/><V48/><F114/><W22/><G73/><T60/><D72/><U54/><E113/><V26/><F36/><W61/><G61/><T85/><D85/><U15/><E116/><V44/><F130/><W18/><G11/><T10/><D129/><U55/><E119/><V27/><F127/><W69/><G69/><T106/><D106/><U56/><E76/><V34/><F111/><W9/><G9/><T109/><D2/><U40/><E40/><V8/><F43/><W66/><G66/><T108/><D132/><N who="3" m="50761" /><G45/><T7/><D7/><U33/><E33/><V95/><F34/><W1/><G1/><T96/><D96/><U25/><E6/><V70/><F70/><W3/><G3/><T29/><D29/><U126/><E126/><V30/><F30/><W101/><G101/><T31/><D31/><U35/><E35/><V99/><F58/><W62/><G62/><T103/><D103/><U37/><E37/><V100/><F8/><W74/><G74/><T39/><D39/><U59/><E102/><V123/><F123/><W51/><G38/><T79/><D46/><U28/><E28/><V49/><F49/><W53/><G77/><T105/><D105/><U131/><E131/><V88/><F17/><N who="3" m="4355" /><W125/><DORA hai="68" /><G125/><T97/><D120/><U118/><E118/><V82/><F75/><W71/><G71/><T89/><D121/><U50/><E92/><V47/><F95/><W112/><G112/><T134/><D134/><U84/><E84/><V78/><F100/><RYUUKYOKU ba="1,0" sc="398,0,66,0,407,0,129,0" /><INIT seed="3,2,0,4,1,107" ten="398,66,407,129" oya="3" hai0="77,90,52,60,118,38,57,81,14,116,114,29,22" hai1="43,36,7,76,25,30,115,127,23,73,109,85,42" hai2="37,59,55,108,45,63,51,70,133,24,87,64,46" hai3="117,12,124,112,102,98,79,104,15,125,1,8,71"/><W131/><G71/><T128/><D38/><U19/><E115/><V119/><F119/><W97/><G117/><T103/><D90/><U58/><E127/><N who="3" m="48714" /><G112/><T34/><D114/><U39/><E109/><V13/><F108/><W35/><G35/><T100/><D34/><U53/><E7/><V89/><F133/><W69/><G69/><T129/><D116/><U62/><E39/><V130/><F130/><N who="0" m="50282" /><D118/><U18/><E36/><V3/><F3/><W120/><G120/><T84/><D14/><N who="3" m="5161" /><G79/><T86/><D84/><U99/><E73/><V20/><F37/><W5/><G131/><T26/><AGARI ba="2,0" hai="22,26,29,52,57,60,77,81,86,100,103" m="50282" machi="26" ten="30,2000,0" yaku="19,1,54,1" doraHai="107" who="0" fromWho="0" sc="398,26,66,-7,407,-7,129,-12" owari="424,52.0,59,-44.0,400,20.0,117,-28.0" /></mjloggm>