<mjloggm ver="2.3"><GO type="41" lobby="0"/><UN n0="%4B%2E%41%2E%5A" n1="%E3%83%88%E3%83%88%E3%83%AA%E5%85%88%E7%94%9F%31%39%E6%AD%B3" n2="%E9%87%8E%E9%A7%92" n3="%56%E9%AD%82" dan="13,14,14,15" rate="1968.36,2021.42,1937.28,1977.48" sx="M,F,M,M"/><TAIKYOKU oya="0"/><INIT seed="0,0,0,4,5,1" ten="250,250,250,250" oya="0" hai0="20,82,119,47,91,132,115,84,130,128,92,4,35" hai1="31,39,89,54,40,76,62,109,72,70,71,100,117" hai2="107,45,85,80,95,101,34,126,86,98,18,87,113" hai3="27,61,29,75,127,112,15,125,17,69,66,60,106"/><T30/><D35/><U37/><E31/><V22/><F113/><W104/><G75/><T12/><D115/><U110/><E100/><V83/><F34/><W0/><G61/><T81/><D119/><U133/><E89/><V108/><F108/><W120/><G120/><T105/><D105/><U3/><E3/><V118/><F126/><N who="3" m="48139" /><G0/><T68/><D68/><U102/><E102/><V94/><F118/><W44/><G44/><T14/><D132/><U99/><E99/><N who="2" m="61887" /><F45/><W77/><G77/><T97/><D47/><U111/><E76/><N who="2" m="46215" /><F18/><W21/><G112/><T114/><D114/><U26/><E26/><V25/><F22/><AGARI ba="0,0" hai="15,17,21,22,27,29,60,66,69,104,106" m="48139" machi="22" ten="30,1000,0" yaku="18,1" doraHai="1" who="3" fromWho="2" sc="250,0,250,0,250,-10,250,10" /><INIT seed="1,0,0,0,0,86" ten="250,250,240,260" oya="1" hai0="39,58,15,69,115,31,22,35,11,8,120,6,106" hai1="12,44,26,122,100,82,64,33,70,116,94,54,80" hai2="25,38,125,127,92,68,7,71,126,99,65,111,61" hai3="88,114,76,91,5,90,29,119,30,9,52,2,83"/><U57/><E116/><V89/><F7/><W109/><G114/><T74/><D69/><U129/><E122/><V0/><F0/><W96/><G119/><T97/><D39/><U48/><E129/><V112/><F111/><W50/><G109/><T42/><D42/><U95/><E70/><V28/><F112/><W105/><G96/><T103/><D74/><U43/><E64/><V81/><F68/><W34/><G105/><T77/><D77/><U102/><E26/><V18/><F38/><W98/><G98/><T67/><D115/><U60/><E33/><V24/><F81/><N who="1" m="31337" /><E12/><V53/><F53/><W73/><REACH who="3" step="1"/><G34/><REACH who="3" ten="250,250,240,250" step="2"/><T131/><D35/><U49/><E102/><V23/><F28/><W75/><G75/><T84/><D120/><U41/><E100/><V72/><F72/><W87/><G87/><T45/><D84/><U59/><E43/><V19/><F25/><W132/><G132/><T108/><D108/><U1/><E41/><V133/><F133/><W130/><G130/><T27/><D131/><U4/><E54/><V14/><F24/><W16/><G16/><AGARI ba="0,1" hai="14,16,18,19,23,61,65,71,89,92,99,125,126,127" machi="16" ten="40,5200,0" yaku="18,1,52,1,54,1" doraHai="86" who="2" fromWho="3" sc="250,0,250,0,240,62,250,-52" /><INIT seed="2,0,0,1,1,108" ten="250,250,302,198" oya="2" hai0="120,33,62,5,95,80,70,88,42,31,93,61,9" hai1="118,26,84,107,66,34,12,1,73,135,32,116,23" hai2="60,3,69,119,114,7,99,83,18,2,28,130,79" hai3="94,97,21,15,91,45,76,52,98,37,71,77,8"/><V55/><F119/><W96/><G71/><T87/><D120/><U58/><E73/><V113/><F28/><W17/><G37/><T82/><D42/><U56/><E1/><V51/><F99/><W101/><G8/><T14/><D70/><U19/><E107/><V11/><F3/><W90/><G97/><T49/><D49/><U86/><E135/><V10/><F130/><W126/><G126/><T104/><D104/><U132/><E132/><V35/><F35/><W38/><G38/><T16/><D31/><U46/><E46/><V65/><F18/><W134/><G134/><T81/><D33/><U40/><E40/><V41/><F11/><W39/><G39/><T121/><D121/><U106/><E106/><V74/><REACH who="2" step="1"/><F41/><REACH who="2" ten="250,250,292,198" step="2"/><W85/><G98/><T133/><D133/><U78/><E34/><V115/><F115/><W110/><G96/><T105/><D105/><U36/><E32/><V20/><F20/><W50/><G21/><T89/><D5/><U0/><E0/><V103/><F103/><W47/><G17/><T124/><D124/><U27/><E118/><V122/><F122/><W92/><G15/><T59/><D59/><AGARI ba="0,1" hai="2,7,10,51,55,59,60,65,69,74,79,83,113,114" machi="59" ten="30,12000,1" yaku="1,1,7,1,52,2,53,1" doraHai="108" doraHaiUra="75" who="2" fromWho="0" sc="250,-120,250,0,292,130,198,0" /><INIT seed="2,1,0,2,4,38" ten="130,250,422,198" oya="2" hai0="62,8,30,104,29,32,7,77,26,90,97,70,89" hai1="73,123,52,75,56,3,91,132,130,103,44,117,107" hai2="34,99,135,15,46,31,66,24,72,10,102,64,126" hai3="17,55,67,92,60,40,74,114,129,57,98,131,134"/><V116/><F116/><W128/><G74/><T4/><D77/><U53/><E117/><V69/><F135/><W45/><G134/><T109/><D4/><U9/><E132/><V87/><F87/><W61/><G17/><T133/><D133/><U88/><E130/><V13/><F15/><W39/><G98/><T110/><D30/><U106/><E123/><V105/><F126/><W96/><G96/><T18/><D18/><U12/><E3/><V2/><F72/><W48/><G92/><T19/><D19/><U0/><E0/><V47/><F66/><W50/><G114/><T82/><D90/><U22/><E75/><V108/><F108/><W68/><AGARI ba="1,0" hai="39,40,45,48,50,55,57,60,61,67,68,128,129,131" machi="68" ten="30,12000,2" yaku="0,1,19,1,34,3,52,1" doraHai="38" who="3" fromWho="3" sc="130,-31,250,-31,422,-61,198,123" /><INIT seed="3,0,0,1,0,20" ten="99,219,361,321" oya="3" hai0="21,125,83,19,30,95,47,37,130,82,74,81,127" hai1="96,52,53,45,22,78,105,113,101,32,80,18,56" hai2="17,0,67,100,15,134,89,55,39,109,62,42,46" hai3="50,97,88,129,16,34,133,106,38,119,11,31,1"/><W72/><G119/><T51/><D37/><U13/><E113/><V94/><F109/><W54/><G38/><T9/><D9/><U86/><E32/><V123/><F0/><W24/><G129/><T63/><D30/><U98/><E56/><V117/><F134/><W85/><G133/><T8/><D8/><U71/><E71/><V7/><F100/><W64/><G72/><T99/><D63/><U110/><E110/><V87/><F7/><W90/><G64/><T28/><D28/><U10/><E45/><V49/><F117/><W103/><G85/><T43/><D74/><U112/><E112/><V108/><F108/><W65/><G65/><T23/><D130/><U6/><REACH who="1" step="1"/><E98/><REACH who="1" ten="99,209,361,321" step="2"/><V2/><F46/><W111/><G111/><T77/><D77/><U26/><AGARI ba="0,1" hai="6,10,13,18,22,26,52,53,78,80,86,96,101,105" machi="26" ten="20,12000,2" yaku="1,1,2,1,0,1,7,1,52,1,54,1,53,1" doraHai="20" doraHaiUra="14" who="1" fromWho="1" sc="99,-30,209,130,361,-30,321,-60" /><INIT seed="4,0,0,5,0,69" ten="69,339,331,261" oya="0" hai0="55,53,42,68,33,34,5,72,126,135,89,51,37" hai1="58,119,88,103,100,71,66,87,107,125,111,52,91" hai2="29,101,30,117,97,59,108,41,84,18,122,60,105" hai3="132,4,56,44,47,74,39,73,76,112,90,50,83"/><T114/><D72/><U3/><E119/><V38/><F108/><W96/><G74/><T26/><D5/><U12/><E111/><V79/><F122/><W78/><G78/><T131/><D68/><U65/><E3/><V13/><F79/><W6/><G112/><T31/><D131/><U17/><E125/><V121/><F121/><W2/><G132/><T104/><D104/><U46/><E46/><V81/><F117/><W77/><G77/><T43/><D114/><U25/><E25/><V27/><F27/><W9/><G6/><T133/><D126/><U130/><E71/><V127/><F41/><N who="3" m="22591" /><G56/><T62/><D34/><U115/><E130/><V16/><F18/><W113/><G113/><T129/><D129/><U92/><E91/><V93/><F105/><W21/><G21/><T80/><D62/><U8/><E115/><V120/><F38/><W110/><G110/><T1/><D1/><U99/><REACH who="1" step="1"/><E103/><REACH who="1" ten="69,329,331,261" step="2"/><V109/><F120/><W57/><G90/><T95/><D80/><U22/><E22/><N who="2" m="11535" /><F109/><W70/><G70/><T28/><D28/><U0/><E0/><V116/><F127/><W15/><G2/><T67/><D135/><U134/><E134/><V35/><F116/><W14/><G76/><T82/><D133/><U63/><AGARI ba="0,1" hai="8,12,17,52,58,63,65,66,87,88,92,99,100,107" machi="63" ten="20,8000,1" yaku="1,1,0,1,7,1,54,2,53,0" doraHai="69" doraHaiUra="36" who="1" fromWho="1" sc="69,-40,329,90,331,-20,261,-20" /><INIT seed="5,0,0,5,1,90" ten="29,419,311,241" oya="1" hai0="122,76,29,126,2,81,62,4,37,117,10,9,65" hai1="3,59,85,30,94,19,74,45,88,113,6,104,71" hai2="27,33,44,68,7,79,131,11,67,57,121,128,63" hai3="100,31,127,14,123,0,99,93,111,119,52,66,40"/><U35/><E71/><V78/><F121/><W87/><G0/><T21/><D117/><U5/><E74/><V56/><F33/><W75/><G75/><T8/><D122/><U32/><E104/><V89/><F27/><W20/><G111/><T83/><D37/><U72/><E72/><V28/><F28/><W120/><G127/><T103/><D103/><U133/><E113/><V41/><F57/><W70/><G40/><T129/><D129/><N who="2" m="49738" /><F56/><W15/><G119/><T50/><D50/><U114/><E133/><V58/><F58/><W18/><G87/><T49/><D49/><U97/><E114/><V112/><F89/><W43/><G43/><T98/><D126/><U39/><E39/><N who="2" m="21567" /><F112/><W48/><G31/><T53/><D98/><U60/><E45/><V17/><F17/><W64/><G70/><T1/><D53/><U135/><E135/><V118/><F118/><W25/><G120/><T51/><D51/><U46/><E46/><V106/><F106/><W16/><G123/><T116/><D116/><U109/><E109/><V110/><F110/><W91/><G91/><T34/><D34/><N who="1" m="12843" /><E19/><V47/><F47/><N who="3" m="27679" /><G25/><N who="0" m="16559" /><D76/><U55/><E30/><V23/><F23/><AGARI ba="0,0" hai="14,15,16,18,20,23,64,66,93,99,100" m="27679" machi="23" ten="30,7700,0" yaku="8,1,52,1,54,2" doraHai="90" who="3" fromWho="2" sc="29,0,419,0,311,-77,241,77" /><INIT seed="6,0,0,4,3,36" ten="29,419,234,318" oya="2" hai0="5,97,134,102,35,7,66,57,24,126,11,115,77" hai1="119,59,63,1,3,99,127,70,52,125,87,83,20" hai2="108,88,46,114,101,6,91,16,64,62,47,54,100" hai3="45,116,98,103,55,120,75,14,19,121,123,43,30"/><V84/><F6/><W76/><G116/><T89/><D77/><U49/><E119/><V72/><F72/><W44/><G30/><T56/><D115/><U48/><E99/><V9/><F114/><W53/><G76/><T10/><D134/><U29/><E29/><V90/><F108/><W41/><G75/><T25/><D35/><U133/><E20/><V110/><F110/><W42/><G45/><N who="2" m="16905" /><F64/><W80/><G80/><T2/><D126/><N who="1" m="48139" /><E133/><V38/><F38/><W23/><REACH who="3" step="1"/><G44/><REACH who="3" ten="29,419,234,308" step="2"/><T96/><D89/><N who="2" m="34410" /><F84/><W71/><G71/><T50/><D102/><N who="2" m="39530" /><F91/><W27/><G27/><T73/><D73/><U106/><E70/><V51/><F62/><W4/><G4/><T12/><D2/><N who="1" m="523" /><E106/><AGARI ba="0,1" hai="14,19,23,41,42,43,53,55,98,103,106,120,121,123" machi="106" ten="50,8000,1" yaku="1,1,52,3,53,0" doraHai="36" doraHaiUra="112" who="3" fromWho="1" sc="29,0,419,-80,234,0,308,90" /><INIT seed="7,0,0,5,2,9" ten="29,339,234,398" oya="3" hai0="77,113,60,23,44,121,78,115,43,8,37,21,79" hai1="86,91,90,19,75,92,38,99,109,46,34,31,25" hai2="72,128,118,65,84,40,101,134,52,48,11,108,62" hai3="50,81,106,131,64,53,63,117,93,88,98,76,10"/><W96/><G117/><T56/><D121/><U47/><E109/><V0/><F108/><W129/><G10/><T29/><D8/><U130/><E75/><V124/><F101/><W97/><G106/><T12/><D29/><U104/><E130/><N who="3" m="49674" /><G53/><T28/><D28/><U49/><E38/><V30/><F124/><W133/><G50/><T125/><D125/><U7/><E7/><V119/><F134/><W6/><G6/><T112/><REACH who="0" step="1"/><D12/><REACH who="0" ten="19,339,234,398" step="2"/><U18/><E47/><V41/><F30/><W105/><G133/><T126/><D126/><U5/><E5/><V102/><F11/><W111/><G111/><T67/><AGARI ba="0,1" hai="21,23,37,43,44,56,60,67,77,78,79,112,113,115" machi="67" ten="40,8000,1" yaku="1,1,0,1,15,1,11,1,53,0" doraHai="9" doraHaiUra="24" who="0" fromWho="0" sc="19,90,339,-20,234,-20,398,-40" owari="109,-39.0,319,12.0,214,-19.0,358,46.0" /></mjloggm>