<mjloggm ver="2.3"><GO type="97" lobby="0"/><UN n0="%36%61%72%72%6F%77%73" n1="%E5%B0%B1%E6%B4%BB%E7%94%9F%40%E5%B7%9D%E6%9D%91%E8%BB%8D%E5%9B%A3" n2="%E5%98%98%E3%81%AF%E7%BD%AA" n3="%66%65%6C%66%65%6E" dan="13,15,14,13" rate="1914.19,2079.50,1939.97,1901.48" sx="M,M,M,F"/><TAIKYOKU oya="0"/><INIT seed="0,0,0,3,1,130" ten="250,250,250,250" oya="0" hai0="66,91,34,15,26,31,4,51,10,97,76,3,105" hai1="47,18,36,87,68,78,80,67,17,16,74,95,40" hai2="5,107,32,127,8,120,54,113,121,108,109,46,103" hai3="118,25,65,106,23,88,28,27,101,110,98,126,20"/><T38/><D38/><U116/><E116/><V50/><F113/><W99/><G118/><T123/><D123/><U89/><E67/><V44/><F32/><W6/><G110/><N who="2" m="42601" /><F103/><W81/><G126/><T102/><D76/><U94/><E68/><V58/><F107/><W64/><G6/><T49/><D91/><U124/><E124/><V96/><F96/><W24/><G27/><T63/><REACH who="0" step="1"/><D3/><REACH who="0" ten="240,250,250,250" step="2"/><U62/><E89/><V11/><F127/><W82/><G88/><T135/><D135/><U84/><E84/><V128/><F128/><W93/><G99/><T60/><D60/><U77/><E62/><V70/><F70/><AGARI ba="0,1" hai="4,10,15,26,31,34,49,51,63,66,70,97,102,105" machi="70" ten="30,11600,0" yaku="1,1,7,1,25,2,53,0" doraHai="130" doraHaiUra="111" who="0" fromWho="2" sc="240,126,250,0,250,-116,250,0" /><INIT seed="0,1,0,1,5,38" ten="366,250,134,250" oya="0" hai0="100,6,35,12,115,82,55,18,48,88,57,52,108" hai1="126,104,56,5,1,134,133,15,121,96,106,13,64" hai2="61,28,54,131,98,95,9,103,65,117,19,132,16" hai3="135,120,90,81,49,42,127,101,83,84,123,30,21"/><T113/><D35/><U29/><E121/><N who="3" m="46666" /><G135/><N who="1" m="51722" /><E126/><V10/><F131/><W32/><G127/><T89/><D6/><U53/><E29/><V66/><F132/><W80/><G32/><T0/><D0/><U17/><E64/><V75/><F117/><W36/><G36/><T71/><D71/><U7/><E1/><V87/><F75/><W105/><G105/><N who="1" m="40554" /><E96/><V76/><F28/><W31/><G101/><T3/><D100/><U91/><E91/><V125/><F125/><W85/><G85/><T110/><D3/><U116/><E116/><V94/><F54/><W92/><G21/><T25/><D25/><U60/><E13/><V2/><F2/><W20/><G20/><AGARI ba="1,0" hai="5,7,15,17,20,53,56,60" m="40554,51722" machi="20" ten="30,1000,0" yaku="20,1" doraHai="38" who="1" fromWho="3" sc="366,0,250,13,134,0,250,-13" /><INIT seed="1,0,0,2,5,97" ten="366,263,134,237" oya="1" hai0="130,67,75,119,128,64,90,68,118,89,66,70,37" hai1="133,22,106,33,27,83,41,20,82,9,23,31,74" hai2="11,95,10,125,85,46,127,60,131,3,36,112,134" hai3="14,78,49,122,16,135,29,58,63,57,123,109,117"/><U4/><E106/><V80/><F112/><W1/><G1/><T51/><D37/><U115/><E115/><V34/><F34/><W56/><G109/><T48/><D67/><U94/><E133/><V53/><F134/><W96/><G135/><T69/><D69/><U26/><E41/><V5/><F131/><W120/><G29/><T114/><D114/><U100/><E27/><V129/><F129/><W50/><G117/><T108/><D75/><U110/><E110/><AGARI ba="0,0" hai="48,51,64,66,68,70,89,90,108,110,118,119,128,130" machi="110" ten="25,1600,0" yaku="22,2" doraHai="97" who="0" fromWho="1" sc="366,16,263,-16,134,0,237,0" /><INIT seed="2,0,0,4,3,99" ten="382,247,134,237" oya="2" hai0="2,86,40,35,132,45,21,134,13,17,47,38,57" hai1="60,69,94,50,93,25,48,11,31,120,98,97,23" hai2="58,7,87,110,42,44,131,4,56,111,126,81,19" hai3="6,107,53,24,67,125,59,43,51,103,33,135,26"/><V80/><F126/><W49/><G135/><T3/><D35/><U52/><E120/><V37/><F131/><W88/><G125/><T75/><D75/><U46/><E11/><V82/><F87/><W29/><G6/><T115/><D115/><U34/><E34/><V66/><F19/><W16/><G67/><T18/><D57/><N who="1" m="34855" /><E69/><V78/><F78/><W109/><G109/><N who="2" m="41481" /><F66/><W101/><G88/><T27/><D86/><U133/><E133/><N who="0" m="51305" /><D47/><U84/><E84/><V72/><F72/><W64/><G64/><T130/><D130/><U123/><E123/><V121/><F121/><W12/><G107/><T77/><D77/><U54/><E50/><V1/><F1/><W32/><G26/><T118/><D118/><U129/><E129/><V8/><F8/><AGARI ba="0,0" hai="2,3,8,13,17,18,21,27,38,40,45" m="51305" machi="8" ten="30,1000,0" yaku="20,1" doraHai="99" who="0" fromWho="2" sc="382,10,247,0,134,-10,237,0" /><INIT seed="3,0,0,3,2,77" ten="392,247,124,237" oya="3" hai0="45,119,30,108,106,79,55,22,10,68,36,1,20" hai1="129,35,0,61,3,51,87,118,105,110,34,72,112" hai2="120,62,86,19,103,56,117,115,89,57,111,38,81" hai3="109,9,95,50,83,107,33,14,66,25,31,4,97"/><W82/><G107/><T85/><D68/><U43/><E72/><V70/><F117/><W113/><G113/><T27/><D106/><U116/><E105/><V78/><F115/><W24/><G109/><T63/><D108/><U98/><E110/><V17/><F111/><W58/><G25/><T39/><D119/><N who="1" m="45611" /><E129/><V54/><F120/><W92/><G92/><T21/><D1/><N who="1" m="587" /><E61/><V26/><F70/><W32/><G32/><T53/><D10/><U6/><E6/><V104/><F38/><W96/><G96/><T65/><D39/><U124/><E124/><V18/><F104/><W94/><G94/><T71/><D36/><U49/><E98/><V121/><F103/><W12/><G12/><T46/><D46/><N who="1" m="25823" /><E112/><V23/><F121/><W64/><G64/><T125/><D125/><U131/><E131/><V13/><F13/><W93/><G93/><T28/><D45/><U134/><E134/><V48/><REACH who="2" step="1"/><F78/><REACH who="2" ten="392,247,114,237" step="2"/><W126/><G126/><T42/><D42/><U7/><E7/><V130/><F130/><W102/><G102/><T91/><D79/><U88/><E51/><V8/><F8/><W75/><G50/><T67/><D67/><AGARI ba="0,1" hai="17,18,19,23,26,48,54,56,57,62,67,81,86,89" machi="67" ten="30,7700,0" yaku="1,1,7,1,8,1,52,1,53,0" doraHai="77" doraHaiUra="128" who="2" fromWho="0" sc="392,-77,247,0,114,87,237,0" owari="315,41.0,247,5.0,201,-30.0,237,-16.0" /></mjloggm>