<mjloggm ver="2.3"><GO type="97" lobby="0"/><UN n0="%E5%BA%83%E5%A0%B4%E3%81%AE%E7%8B%BC" n1="%E3%82%B0%E3%83%AC%E3%83%BC%E3%83%88%4B" n2="%E3%81%BE%E3%81%A3%E3%81%9F%E3%82%8A%E9%9B%80%E5%A3%AB" n3="%E5%B0%B1%E6%B4%BB%E7%94%9F%40%E5%B7%9D%E6%9D%91%E8%BB%8D%E5%9B%A3" dan="15,14,13,15" rate="2045.88,1958.24,1811.43,2064.32" sx="M,M,M,M"/><TAIKYOKU oya="0"/><INIT seed="0,0,0,4,4,27" ten="250,250,250,250" oya="0" hai0="58,113,54,103,117,41,55,19,20,7,111,110,93" hai1="34,65,62,96,77,45,39,13,2,116,49,17,101" hai2="0,63,97,119,46,131,47,132,51,104,99,128,127" hai3="125,133,28,82,80,100,42,107,1,33,79,52,66"/><T23/><D113/><U102/><E2/><V88/><F127/><W50/><G1/><T43/><D7/><U83/><E34/><V10/><F132/><W15/><G125/><T98/><D117/><U71/><E39/><V134/><F134/><W94/><G133/><T115/><D115/><U9/><E116/><V61/><F119/><W30/><G107/><T76/><D76/><U25/><E25/><V106/><F99/><N who="3" m="59511" /><G33/><T6/><D6/><U60/><E60/><N who="2" m="23115" /><F0/><W31/><G66/><T112/><D112/><U92/><E102/><V91/><F10/><W118/><G118/><T74/><D74/><U78/><REACH who="1" step="1"/><E83/><REACH who="1" ten="250,240,250,250" step="2"/><N who="3" m="31786" /><G79/><T126/><D126/><U40/><AGARI ba="0,1" hai="9,13,17,40,45,49,62,65,71,77,78,92,96,101" machi="40" ten="20,8000,1" yaku="1,1,0,1,7,1,53,2" doraHai="27" doraHaiUra="72" who="1" fromWho="1" sc="250,-40,240,90,250,-20,250,-20" /><INIT seed="1,0,0,3,2,1" ten="210,330,230,230" oya="1" hai0="3,107,0,16,27,37,132,13,49,104,61,39,87" hai1="11,85,97,2,21,118,110,81,84,45,5,88,34" hai2="116,78,128,101,89,92,96,73,74,95,26,9,124" hai3="4,56,17,94,28,40,14,53,76,50,8,66,134"/><U79/><E118/><V99/><F116/><W48/><G134/><T72/><D72/><U60/><E34/><V93/><F128/><W69/><G28/><T67/><D27/><U122/><E122/><V113/><F113/><W83/><G94/><N who="2" m="36457" /><F9/><W129/><G129/><T108/><D132/><U75/><E97/><V121/><F26/><W77/><G69/><T51/><D108/><U7/><E60/><V57/><F57/><W32/><G32/><T6/><D39/><U47/><E21/><V133/><F121/><W29/><G66/><T58/><D37/><U106/><E106/><N who="2" m="63783" /><F133/><W42/><G29/><T125/><D107/><U41/><E47/><V55/><F55/><W86/><G76/><T12/><D104/><U126/><E126/><V98/><F124/><W80/><G80/><T71/><D125/><U82/><E85/><N who="2" m="52655" /><F73/><W33/><G33/><T19/><D71/><U23/><E23/><V70/><F70/><W123/><G123/><T38/><D38/><N who="1" m="21687" /><E110/><V65/><F65/><W20/><REACH who="3" step="1"/><G48/><REACH who="3" ten="210,330,230,220" step="2"/><T52/><D51/><U62/><E62/><V100/><F100/><W91/><G91/><T44/><D67/><U90/><E90/><V35/><F35/><W10/><G10/><T68/><D68/><U59/><E59/><V30/><F30/><W18/><G18/><T109/><D19/><U114/><E114/><V43/><F43/><W54/><G54/><T63/><D52/><U112/><E112/><V130/><F130/><W135/><G135/><T25/><D16/><U115/><E115/><V131/><F131/><W120/><G120/><T102/><D49/><RYUUKYOKU ba="0,1" sc="210,-30,330,10,230,10,220,10" hai1="2,5,7,11,75,79,81,82,84,88" hai2="74,78,98,99" hai3="4,8,14,17,20,40,42,50,53,56,77,83,86" /><INIT seed="1,1,1,5,5,30" ten="180,340,240,230" oya="1" hai0="80,17,84,83,110,29,37,15,132,4,3,103,94" hai1="39,67,42,12,19,35,1,43,135,2,10,62,31" hai2="61,57,108,46,56,68,14,13,5,20,79,69,134" hai3="32,114,82,58,25,73,34,50,92,119,18,65,51"/><U6/><E39/><V76/><F108/><W88/><G114/><T98/><D37/><U72/><E72/><V38/><F20/><W81/><G119/><T55/><D110/><U131/><E131/><V47/><F38/><W24/><G65/><T8/><D132/><U86/><E86/><V124/><F61/><W116/><G116/><T22/><D84/><U16/><E135/><V99/><F134/><W115/><G115/><T9/><D29/><U87/><E87/><V100/><F100/><W106/><G106/><T112/><D112/><U74/><E74/><V59/><F99/><W63/><G18/><N who="1" m="6698" /><E43/><V48/><F48/><W60/><G73/><T45/><REACH who="0" step="1"/><D8/><REACH who="0" ten="170,340,240,230" step="2"/><U75/><E75/><V117/><F117/><W130/><G130/><T91/><D91/><U120/><E120/><V64/><F79/><W111/><G111/><T40/><D40/><U113/><E42/><V107/><F76/><W44/><G88/><T52/><D52/><U102/><E113/><V49/><F64/><W7/><G82/><T95/><D95/><U90/><E90/><V97/><F107/><W78/><G92/><T128/><D128/><U36/><E36/><V89/><F89/><W21/><G81/><T122/><D122/><U53/><E53/><V70/><F97/><W123/><G78/><T33/><D33/><U27/><E102/><V66/><F66/><W118/><G123/><T23/><D23/><U93/><E93/><V54/><F5/><W77/><G118/><T26/><D26/><U126/><E126/><V109/><F124/><W133/><G7/><T11/><D11/><RYUUKYOKU ba="1,2" sc="170,15,340,15,240,-15,230,-15" hai0="3,4,9,15,17,22,45,55,80,83,94,98,103" hai1="1,2,6,10,12,27,31,35,62,67" /><INIT seed="1,2,2,3,2,64" ten="185,355,225,215" oya="1" hai0="24,108,55,33,56,113,5,109,124,4,101,62,89" hai1="134,129,96,130,13,42,117,116,77,60,41,3,49" hai2="78,67,65,37,25,112,85,80,23,127,104,22,98" hai3="83,72,63,11,121,131,122,128,51,17,35,54,133"/><U19/><E3/><V40/><F127/><W34/><G133/><T15/><D113/><U119/><E134/><V61/><F112/><W16/><G72/><T36/><D36/><U39/><E39/><V70/><F65/><W73/><G73/><T94/><D124/><U90/><E77/><V135/><F135/><W68/><G83/><T123/><D101/><U86/><E96/><V97/><F104/><W76/><G76/><T106/><D106/><U87/><E60/><V114/><F114/><W71/><G63/><T126/><D126/><U110/><E110/><N who="0" m="42601" /><D123/><N who="3" m="47113" /><G35/><T9/><D5/><U53/><E53/><V79/><F78/><W105/><G105/><T100/><D100/><U18/><E49/><V8/><F8/><W81/><G34/><T12/><D15/><U28/><E28/><V20/><REACH who="2" step="1"/><F25/><REACH who="2" ten="185,355,215,215" step="2"/><W132/><G132/><T1/><D24/><U27/><E27/><V38/><F38/><W44/><G11/><T7/><D33/><U2/><E2/><V59/><F59/><W69/><G81/><T26/><D26/><U95/><E13/><V75/><F75/><W102/><G102/><T48/><D1/><U125/><E125/><V82/><F82/><W111/><G111/><T99/><D4/><U115/><E115/><V84/><F84/><W58/><G58/><T52/><D55/><U10/><E87/><V14/><F14/><W46/><G46/><AGARI ba="2,3" hai="20,22,23,37,40,46,61,67,70,79,80,85,97,98" machi="46" ten="40,5200,0" yaku="1,1,52,1,53,1" doraHai="64" doraHaiUra="66" who="2" fromWho="3" sc="185,0,355,0,215,88,215,-58" /><INIT seed="2,0,0,0,3,113" ten="185,355,303,157" oya="2" hai0="7,14,121,123,23,0,51,74,57,17,37,2,63" hai1="49,104,56,48,128,82,124,107,3,79,114,98,125" hai2="58,33,25,97,5,11,34,1,100,120,133,102,6" hai3="27,108,78,116,129,15,72,101,81,55,119,26,135"/><V66/><F120/><W35/><G101/><T40/><D74/><U90/><E3/><V19/><F133/><W28/><G135/><T62/><D62/><U38/><E38/><V91/><F91/><W77/><G129/><T89/><D37/><U41/><E41/><V16/><F102/><W127/><G127/><N who="1" m="48714" /><E56/><V115/><F5/><W43/><G78/><T112/><D112/><U32/><E32/><V96/><F96/><W70/><G108/><T10/><D0/><U21/><E21/><V42/><F42/><W65/><G43/><T103/><D103/><U85/><E114/><V105/><F115/><W71/><G27/><T67/><REACH who="0" step="1"/><D89/><REACH who="0" ten="175,355,303,157" step="2"/><U130/><E48/><V80/><F1/><W106/><G106/><N who="1" m="40490" /><E49/><V95/><F105/><W92/><G92/><AGARI ba="0,1" hai="79,82,85,90,92,98,128,130" m="40490,48714" machi="92" ten="40,5200,0" yaku="18,1,34,2" doraHai="113" who="1" fromWho="3" sc="175,0,355,62,303,0,157,-52" /><INIT seed="3,0,0,0,3,121" ten="175,417,303,105" oya="3" hai0="46,110,35,72,31,68,106,42,32,4,127,88,96" hai1="77,114,73,21,133,119,87,48,109,57,120,47,97" hai2="75,95,3,24,132,80,37,22,53,91,18,40,9" hai3="5,79,102,125,99,135,117,90,51,71,69,67,30"/><W134/><G117/><T13/><D68/><U92/><E114/><V44/><F132/><N who="3" m="50731" /><G79/><T54/><D72/><U70/><E109/><V124/><F124/><W15/><G30/><T23/><D127/><U116/><E133/><V74/><F53/><W50/><G125/><T25/><D54/><U65/><E120/><V0/><F80/><W82/><G90/><T81/><D110/><U6/><E6/><V28/><F0/><W16/><G82/><T85/><D4/><U83/><E70/><N who="3" m="26634" /><G67/><T45/><D45/><U93/><E93/><V98/><F3/><W12/><G5/><T63/><D63/><U2/><E2/><V131/><F131/><W94/><G15/><T78/><D13/><U118/><E21/><AGARI ba="0,0" hai="12,16,21,50,51,94,99,102" m="26634,50731" machi="21" ten="30,2900,0" yaku="20,1,54,1" doraHai="121" who="3" fromWho="1" sc="175,0,417,-29,303,0,105,29" /><INIT seed="3,1,0,2,3,3" ten="175,388,303,134" oya="3" hai0="106,55,89,103,29,132,5,57,86,34,135,85,23" hai1="104,25,96,32,118,60,49,108,0,38,24,102,21" hai2="51,63,10,117,59,113,101,133,15,121,111,16,130" hai3="125,48,122,70,127,18,27,19,53,11,90,81,97"/><W98/><G70/><T6/><D34/><U69/><E0/><V68/><F113/><W7/><G122/><T78/><D78/><U30/><E38/><V94/><F117/><W126/><G81/><N who="0" m="49327" /><D103/><U110/><E49/><V95/><F121/><W50/><G50/><N who="0" m="30967" /><D106/><U4/><E4/><V119/><F119/><W41/><G41/><T120/><D120/><U79/><E79/><V64/><F130/><W2/><G27/><N who="0" m="16639" /><D86/><U45/><E45/><V67/><F133/><AGARI ba="1,0" hai="5,6,132,133,135" m="16639,30967,49327" machi="133" ten="30,3900,0" yaku="20,1,52,2" doraHai="3" who="0" fromWho="2" sc="175,42,388,0,303,-42,134,0" owari="217,-18.0,388,49.0,261,6.0,134,-37.0" /></mjloggm>