<mjloggm ver="2.3"><GO type="169" lobby="0"/><UN n0="%E3%82%A6%E3%83%AB%E3%83%88%E3%83%A9%E7%AB%8B%E7%9B%B4" n1="%E5%AE%8C%E5%85%A8%E7%84%A1%E6%95%B5%E5%B0%91%E5%A5%B3%45%58" n2="%66%75%6B%75%30%32" n3="%E9%AB%98%E7%94%BA%E3%83%B4%E3%82%A3%E3%83%B4%E3%82%A3%E3%82%AA%E2%98%86" dan="17,16,17,17" rate="2139.78,2154.73,2137.67,2203.86" sx="M,M,M,F"/><TAIKYOKU oya="0"/><INIT seed="0,0,0,4,1,7" ten="250,250,250,250" oya="0" hai0="131,8,99,134,74,112,28,125,30,130,86,29,26" hai1="27,21,80,66,42,61,69,119,104,46,50,44,23" hai2="6,113,98,52,132,2,20,70,55,0,54,11,106" hai3="96,117,53,4,76,108,110,71,120,10,57,82,43"/><T18/><D74/><U75/><E119/><V45/><F70/><W97/><G71/><T127/><D99/><U105/><E23/><V101/><F132/><W17/><G43/><T24/><D86/><U14/><E14/><V35/><F35/><W121/><G17/><T34/><D112/><U133/><E133/><V126/><F126/><N who="0" m="48138" /><D134/><U92/><E92/><V31/><F113/><W111/><G117/><T49/><D49/><U56/><E69/><V63/><F0/><N who="3" m="263" /><G96/><T79/><D79/><U115/><E115/><V36/><F36/><W22/><G22/><N who="0" m="13399" /><D8/><U109/><E46/><V123/><F123/><N who="3" m="47179" /><G97/><T103/><D103/><U78/><E105/><V32/><F32/><W89/><G89/><T72/><D72/><U3/><E104/><V9/><F9/><W25/><G82/><T85/><D85/><U38/><E80/><V33/><F33/><W60/><G76/><T95/><D95/><U102/><E78/><V118/><F118/><W87/><G87/><T5/><D5/><U88/><E102/><V107/><F107/><W135/><G135/><T128/><AGARI ba="0,0" hai="26,28,29,30,34,128,130,131" m="13399,48138" machi="128" ten="40,12000,1" yaku="19,1,18,1,34,2" doraHai="7" who="0" fromWho="0" sc="250,120,250,-40,250,-40,250,-40" /><INIT seed="0,1,0,2,2,16" ten="370,210,210,210" oya="0" hai0="45,83,70,90,131,46,81,117,88,36,121,113,49" hai1="2,31,80,59,120,124,21,86,111,95,32,107,64" hai2="105,17,14,66,40,73,100,20,0,127,52,84,51" hai3="119,67,62,56,42,35,6,55,109,60,92,28,41"/><T7/><D70/><U23/><E107/><V126/><F73/><W134/><G119/><T132/><D117/><U85/><E2/><V9/><F66/><W76/><G134/><T97/><D113/><U25/><E120/><V108/><F108/><W13/><G109/><T103/><D36/><U39/><E39/><V128/><F128/><W63/><G76/><T47/><D7/><U99/><E111/><V115/><F115/><W24/><G92/><N who="0" m="58791" /><D131/><U1/><E1/><V122/><F122/><W82/><G82/><N who="0" m="31243" /><D132/><U102/><E124/><N who="2" m="47659" /><F40/><W54/><G6/><T78/><D78/><U77/><REACH who="1" step="1"/><E86/><REACH who="1" ten="370,200,210,210" step="2"/><V11/><F84/><W71/><G13/><T135/><D121/><U75/><E75/><V114/><F114/><W12/><G12/><T91/><D135/><U58/><E58/><AGARI ba="1,1" hai="24,28,35,41,42,54,55,56,58,60,62,63,67,71" machi="58" ten="40,1300,0" yaku="9,1" doraHai="16" who="3" fromWho="1" sc="370,0,200,-16,210,0,210,26" /><INIT seed="1,0,0,5,0,23" ten="370,184,210,236" oya="1" hai0="40,4,59,72,57,18,61,43,35,101,5,96,56" hai1="113,29,97,87,27,71,123,31,134,132,64,103,15" hai2="83,19,70,74,28,126,13,133,79,110,24,115,7" hai3="78,66,33,120,16,99,94,75,41,38,51,111,85"/><U2/><E123/><V76/><F70/><W11/><G120/><T63/><D72/><U46/><E2/><V62/><F110/><W95/><G38/><T45/><D18/><U105/><E113/><V6/><F115/><W36/><G33/><T25/><D35/><N who="1" m="20927" /><E31/><V88/><F126/><W37/><G75/><T104/><D25/><U10/><E46/><V125/><F125/><W53/><G111/><T129/><D43/><U34/><E87/><V93/><F79/><W81/><G66/><T107/><D107/><U102/><E102/><V9/><F62/><W47/><G94/><T91/><D91/><U127/><E34/><V30/><F133/><W90/><REACH who="3" step="1"/><G41/><REACH who="3" ten="370,184,210,226" step="2"/><T121/><D40/><U60/><E127/><V100/><F100/><W117/><G117/><T17/><D101/><U82/><E82/><V42/><F42/><W114/><G114/><T48/><D104/><U54/><E54/><V89/><F30/><W69/><G69/><T77/><D121/><U112/><E112/><V20/><REACH who="2" step="1"/><F89/><REACH who="2" ten="370,184,200,226" step="2"/><W39/><G39/><T131/><D77/><U86/><E134/><V22/><F22/><W58/><G58/><T80/><D59/><U68/><E132/><V119/><F119/><W12/><AGARI ba="0,2" hai="11,12,16,36,37,47,51,53,78,81,85,90,95,99" machi="12" ten="30,4000,0" yaku="1,1,0,1,54,1,53,0" doraHai="23" doraHaiUra="21" who="3" fromWho="3" sc="370,-10,184,-20,200,-10,226,60" /><INIT seed="2,0,0,4,1,44" ten="360,164,190,286" oya="2" hai0="100,14,117,89,127,102,105,4,41,104,88,91,6" hai1="92,116,39,19,134,72,55,81,114,111,40,30,32" hai2="13,73,36,42,133,97,59,125,1,61,50,94,38" hai3="5,71,68,69,11,78,65,107,25,35,95,96,124"/><V20/><F1/><W106/><G124/><T53/><D41/><U34/><E114/><V132/><F73/><W80/><G65/><T86/><D86/><U123/><E116/><V135/><F125/><W43/><G43/><T85/><D85/><U122/><E111/><V66/><F13/><W64/><G64/><T58/><D127/><U57/><E30/><V109/><F20/><W18/><G35/><T70/><D70/><U46/><E92/><V101/><F109/><W9/><G18/><T99/><D14/><U49/><E19/><V93/><F93/><W83/><G25/><T112/><D112/><U130/><E130/><V23/><F23/><W119/><G119/><T84/><D84/><U131/><E131/><V51/><F42/><W87/><G83/><T28/><D28/><U22/><E22/><V115/><F115/><W62/><G62/><T60/><D117/><U45/><E45/><V113/><F113/><W8/><REACH who="3" step="1"/><G5/><REACH who="3" ten="360,164,190,276" step="2"/><T118/><D118/><U129/><E129/><V63/><F63/><W79/><G79/><T76/><D76/><N who="1" m="44167" /><E134/><V7/><F7/><W126/><G126/><T121/><D6/><U29/><E29/><V110/><F110/><W90/><AGARI ba="0,1" hai="8,9,11,68,69,71,78,80,87,90,95,96,106,107" machi="90" ten="40,2700,0" yaku="1,1,0,1,53,0" doraHai="44" doraHaiUra="21" who="3" fromWho="3" sc="360,-7,164,-7,190,-13,276,37" /><INIT seed="3,0,0,2,5,42" ten="353,157,177,313" oya="3" hai0="114,16,28,14,45,35,87,36,85,17,7,90,63" hai1="18,60,54,0,46,21,25,127,76,56,88,86,118" hai2="132,37,33,94,91,41,26,110,11,62,105,78,61" hai3="8,77,68,73,84,112,97,82,115,109,123,75,95"/><W22/><G68/><T1/><D17/><U66/><E0/><V72/><F105/><W129/><G8/><N who="0" m="2159" /><D63/><U99/><E127/><V34/><F110/><W43/><G43/><N who="0" m="22759" /><D90/><U126/><E126/><V67/><F132/><W65/><G65/><T32/><D32/><U108/><E108/><V5/><F62/><W12/><G109/><T133/><D133/><U27/><E118/><V51/><F37/><W6/><G123/><T64/><D64/><U103/><E76/><V58/><F26/><W53/><G53/><T116/><D116/><U130/><E130/><V101/><F101/><W83/><G129/><T39/><D39/><U40/><E66/><V120/><F120/><W119/><G119/><T4/><D4/><U24/><E99/><V124/><F124/><W70/><G70/><T135/><D135/><U9/><E103/><V125/><F125/><W107/><G6/><T98/><D98/><U102/><E102/><V81/><F51/><W48/><G48/><T19/><D19/><U44/><E9/><V106/><F106/><W23/><G107/><T49/><D49/><N who="1" m="26759" /><E46/><V128/><F41/><W55/><G23/><N who="0" m="11671" /><D114/><U80/><AGARI ba="0,0" hai="18,21,24,25,27,54,56,60,80,86,88" m="26759" machi="80" ten="30,4000,0" yaku="8,1,52,1,54,1" doraHai="42" who="1" fromWho="1" sc="353,-10,157,40,177,-10,313,-20" /><INIT seed="4,0,0,5,4,42" ten="343,197,167,293" oya="0" hai0="124,21,14,25,53,58,126,114,49,104,86,93,113" hai1="106,95,8,90,88,130,44,55,18,26,20,36,11" hai2="65,117,34,134,45,15,70,64,63,41,72,80,129" hai3="123,111,96,92,31,110,132,17,2,38,68,71,60"/><T131/><D104/><U1/><E106/><V22/><F34/><W37/><G2/><T35/><D35/><U67/><E130/><V99/><F129/><W107/><G107/><T4/><D4/><U16/><E1/><V10/><F134/><W135/><G123/><T101/><D14/><U19/><E67/><V6/><F117/><W89/><G31/><T61/><D49/><N who="1" m="29095" /><E36/><N who="3" m="13930" /><G17/><N who="1" m="6762" /><E90/><V30/><F65/><W3/><G3/><T5/><D5/><U83/><E83/><V94/><F80/><W120/><G120/><T133/><D133/><N who="3" m="51273" /><G60/><T128/><D131/><U85/><AGARI ba="0,0" hai="8,11,19,20,26,85,88,95" m="6762,29095" machi="85" ten="30,7900,0" yaku="8,1,52,1,54,2" doraHai="42" who="1" fromWho="1" sc="343,-39,197,79,167,-20,293,-20" /><INIT seed="5,0,0,3,4,95" ten="304,276,147,273" oya="1" hai0="116,45,130,70,102,10,85,132,24,32,1,73,105" hai1="83,55,87,108,72,38,6,128,98,101,110,93,52" hai2="36,61,97,111,28,46,99,40,103,121,123,113,0" hai3="119,62,27,77,64,94,34,86,4,63,96,23,57"/><U118/><E118/><V56/><F111/><N who="1" m="42537" /><E38/><V33/><F0/><W2/><G34/><T124/><D24/><U54/><E128/><V75/><F75/><W39/><G39/><T14/><D14/><U22/><E6/><V69/><F113/><W79/><G119/><T41/><D10/><U76/><E22/><V15/><F69/><W67/><G4/><T109/><D41/><U11/><E11/><V50/><F36/><W80/><G2/><T35/><D45/><U9/><E9/><V48/><F48/><W126/><G126/><T125/><D35/><U5/><E5/><V135/><F135/><W59/><G86/><AGARI ba="0,0" hai="52,54,55,72,76,83,86,87,93,98,101" m="42537" machi="86" ten="30,5800,0" yaku="10,1,52,1,54,1" doraHai="95" who="1" fromWho="3" sc="304,0,276,58,147,0,273,-58" /><INIT seed="5,1,0,2,3,103" ten="304,334,147,215" oya="1" hai0="45,48,26,122,61,102,19,117,77,25,106,133,86" hai1="59,29,96,109,18,71,112,88,127,121,22,104,110" hai2="47,87,84,125,74,6,40,5,81,115,31,55,30" hai3="39,107,27,36,130,132,80,69,98,20,28,37,14"/><U53/><E121/><V12/><F125/><W51/><G130/><T79/><D117/><U128/><E71/><V101/><F115/><W135/><G69/><T119/><D119/><U64/><E64/><V68/><F68/><W92/><G51/><T91/><D133/><N who="3" m="51273" /><G80/><T105/><D61/><N who="1" m="36079" /><E29/><V116/><F74/><W35/><G107/><N who="0" m="40971" /><D102/><N who="1" m="62535" /><E112/><V126/><F116/><W70/><G70/><T62/><D62/><U57/><E57/><V111/><F126/><W24/><G14/><T129/><D129/><U49/><E49/><V63/><F101/><N who="3" m="60615" /><G39/><T75/><D77/><U60/><E128/><V108/><F81/><W95/><G95/><T124/><D79/><U90/><E60/><V0/><F63/><W3/><G3/><T44/><D75/><U21/><E21/><V99/><F0/><W43/><G43/><T8/><D45/><U42/><E42/><V97/><F40/><W89/><G89/><T23/><D23/><U11/><E11/><V33/><F47/><W38/><G38/><T13/><D124/><U41/><E41/><V100/><F100/><W118/><G118/><T56/><D56/><U52/><E127/><V113/><F113/><W2/><G2/><T46/><D46/><U34/><E90/><V66/><F33/><W9/><G9/><T50/><D50/><U120/><E34/><V94/><F94/><W32/><G32/><T67/><D67/><U83/><E120/><V134/><F134/><W123/><G123/><T17/><D122/><U4/><E83/><V114/><F114/><W85/><G85/><T10/><D48/><U76/><E76/><RYUUKYOKU ba="1,0" sc="304,-10,334,-10,147,-10,215,30" hai3="20,24,27,28,35,36,37" /><INIT seed="6,2,0,0,5,5" ten="294,324,137,245" oya="2" hai0="38,8,39,123,59,118,35,34,27,87,117,67,31" hai1="131,1,106,85,80,17,78,10,129,77,119,9,135" hai2="72,69,110,42,12,3,37,57,81,40,41,47,46" hai3="25,36,97,68,112,91,58,11,53,13,114,102,20"/><V96/><F3/><W132/><G68/><T0/><D87/><U30/><E119/><N who="0" m="45577" /><D35/><U61/><E106/><V90/><F69/><W89/><G36/><T124/><D124/><U2/><E135/><V64/><F110/><W134/><G89/><T100/><D100/><U18/><E30/><V88/><F12/><W95/><G91/><T109/><D123/><U107/><E107/><V52/><F64/><W33/><G33/><T73/><D73/><U92/><E92/><N who="2" m="56343" /><F72/><W128/><G128/><N who="1" m="49226" /><E78/><V86/><F37/><W29/><G53/><T22/><D34/><U120/><E120/><V93/><F93/><W44/><G58/><T74/><D74/><U70/><E2/><V55/><F55/><W54/><G44/><T28/><D109/><U79/><E1/><V130/><F130/><W4/><REACH who="3" step="1"/><G54/><REACH who="3" ten="294,324,137,235" step="2"/><T32/><D32/><U45/><E45/><V21/><F21/><W6/><G6/><N who="0" m="1095" /><D59/><U26/><E79/><V50/><AGARI ba="2,1" hai="40,41,42,46,47,50,52,57,81,86,88" m="56343" machi="50" ten="30,6000,0" yaku="8,1,54,2" doraHai="5" who="2" fromWho="2" sc="294,-22,324,-22,137,76,235,-22" /><INIT seed="6,3,0,5,0,47" ten="272,302,213,213" oya="2" hai0="133,61,110,19,42,132,131,96,60,98,117,70,37" hai1="116,101,18,122,30,85,38,2,46,100,72,13,32" hai2="91,119,75,27,64,26,115,109,107,121,0,90,9" hai3="36,68,51,29,93,50,97,106,125,3,78,34,22"/><V113/><F119/><W87/><G106/><T108/><D19/><U114/><E2/><V16/><F121/><W44/><G34/><T135/><D117/><U58/><E72/><V33/><F75/><W52/><G3/><T1/><D1/><U55/><E116/><V79/><F79/><W39/><G68/><T59/><D131/><U56/><E114/><V11/><F107/><W7/><G125/><T65/><D98/><U53/><E30/><V43/><F109/><N who="0" m="42090" /><D96/><U88/><E32/><V41/><F64/><W63/><G7/><T124/><D124/><U130/><E38/><V17/><REACH who="2" step="1"/><F0/><REACH who="2" ten="272,302,203,213" step="2"/><W103/><G78/><T111/><D111/><U76/><E122/><V92/><F92/><N who="3" m="58791" /><G36/><T62/><D70/><U15/><E76/><V127/><F127/><W69/><G39/><T134/><D134/><U25/><E130/><V99/><F99/><W81/><G69/><T48/><D37/><U4/><E85/><V128/><F128/><W20/><G93/><T126/><D126/><U10/><E101/><V57/><F57/><N who="3" m="35239" /><G29/><T120/><D120/><U89/><E100/><V94/><F94/><W84/><G84/><T123/><D123/><U83/><E58/><V77/><F77/><N who="3" m="46511" /><G44/><AGARI ba="3,1" hai="42,44,48,59,60,61,62,65,132,133,135" m="42090" machi="44" ten="40,8000,1" yaku="20,1,34,2,52,1" doraHai="47" who="0" fromWho="3" sc="272,99,302,0,203,0,213,-89" /><INIT seed="7,0,0,3,1,27" ten="371,302,203,124" oya="3" hai0="46,55,52,89,104,87,95,35,19,102,133,121,56" hai1="110,9,48,74,24,1,13,59,26,82,25,50,93" hai2="10,30,20,73,120,98,126,54,37,79,101,86,131" hai3="0,77,78,57,122,118,112,67,14,109,5,12,2"/><W4/><G118/><T38/><D35/><U85/><E1/><V97/><F37/><W83/><G122/><T132/><D121/><U128/><E128/><V68/><F68/><W15/><G112/><T16/><D102/><U45/><E110/><V6/><F73/><W60/><G109/><T123/><D104/><U42/><E74/><V22/><F120/><W8/><REACH who="3" step="1"/><G83/><REACH who="3" ten="371,302,203,114" step="2"/><T70/><D123/><U106/><E82/><N who="2" m="47455" /><F131/><W63/><G63/><T84/><D132/><U44/><E106/><V49/><F126/><W116/><G116/><T40/><D133/><U51/><E93/><V33/><F98/><W124/><G124/><T114/><D95/><U29/><E50/><V18/><F97/><W88/><G88/><T107/><D89/><U39/><E51/><V94/><F49/><W34/><G34/><T23/><D114/><U41/><E48/><V58/><F33/><W92/><G92/><T62/><D62/><U71/><E39/><V103/><F94/><W105/><G105/><T7/><D107/><U117/><E117/><V81/><F81/><W96/><G96/><T31/><D38/><U17/><E44/><V135/><F103/><W61/><G61/><T64/><D46/><U108/><E45/><V90/><F101/><W129/><G129/><T72/><D40/><U100/><E42/><V32/><F90/><W130/><G130/><T21/><D84/><U11/><E41/><V80/><F135/><W43/><G43/><T115/><D87/><U75/><E85/><V36/><F80/><W134/><G134/><T65/><D115/><U28/><E108/><RYUUKYOKU ba="0,1" sc="371,-10,302,-10,203,-10,114,30" hai3="0,2,4,5,8,12,14,15,57,60,67,77,78" /><INIT seed="7,1,1,3,5,132" ten="361,292,193,144" oya="3" hai0="75,78,115,44,28,89,82,99,61,84,133,2,108" hai1="112,51,119,18,120,9,69,57,22,23,37,36,62" hai2="121,35,83,8,135,98,19,15,134,107,63,58,109" hai3="48,3,73,128,130,49,118,80,92,14,13,40,55"/><W125/><G118/><T127/><D2/><U117/><E120/><V34/><F121/><W123/><G3/><T93/><D133/><N who="2" m="50698" /><F109/><W25/><G123/><T122/><D28/><U54/><E112/><V65/><F83/><W52/><G25/><T116/><D61/><U110/><E110/><V27/><F27/><W39/><G39/><T86/><D44/><U106/><E106/><V7/><F7/><W66/><G66/><T4/><D4/><U113/><E9/><V70/><F70/><W103/><G40/><T43/><D43/><U101/><E101/><AGARI ba="1,1" hai="8,15,19,34,35,58,63,65,98,101,107" m="50698" machi="101" ten="30,1000,0" yaku="20,1" doraHai="132" who="2" fromWho="1" sc="361,0,292,-13,193,23,144,0" owari="361,46.0,279,8.0,216,-18.0,144,-36.0" /></mjloggm>