<mjloggm ver="2.3"><GO type="41" lobby="0"/><UN n0="%E3%81%A8%E3%83%BC%E3%82%88%E3%81%93" n1="%5A%45%4E%45%52" n2="%48%75%6E%74%65%72%C3%97%32" n3="%E5%B0%B1%E6%B4%BB%E7%94%9F%40%E5%B7%9D%E6%9D%91%E8%BB%8D%E5%9B%A3" dan="13,13,14,15" rate="2042.80,2004.24,2007.37,1982.85" sx="F,M,M,M"/><TAIKYOKU oya="0"/><INIT seed="0,0,0,0,0,115" ten="250,250,250,250" oya="0" hai0="57,72,112,43,0,76,126,45,132,46,121,42,106" hai1="18,40,75,99,123,91,135,85,111,108,95,23,11" hai2="68,94,27,59,104,66,36,29,62,1,133,52,63" hai3="44,10,32,39,100,5,30,13,79,49,124,37,31"/><T70/><D112/><U28/><E123/><V109/><F104/><W97/><G124/><T22/><D132/><U53/><E75/><V25/><F1/><W33/><G79/><T60/><D0/><U119/><E135/><V73/><F73/><W7/><G7/><T20/><D76/><U105/><E40/><V96/><F133/><W98/><G98/><T51/><D106/><U21/><E119/><V67/><F36/><W24/><G31/><T54/><D70/><U130/><E130/><V102/><F109/><N who="1" m="42057" /><E28/><V89/><F68/><W38/><G33/><T41/><D121/><U82/><E105/><V15/><F15/><W74/><G74/><T34/><D34/><U117/><E117/><V78/><F78/><W107/><REACH who="3" step="1"/><G38/><REACH who="3" ten="250,250,250,240" step="2"/><T129/><D72/><U114/><E114/><V35/><F35/><W90/><G90/><T58/><D126/><U83/><E91/><V14/><F29/><W93/><G93/><T87/><D129/><U120/><E95/><V3/><F89/><W81/><G81/><T12/><D87/><U26/><E85/><V56/><F94/><W17/><G17/><N who="0" m="10279" /><D22/><U6/><E99/><V110/><F110/><W50/><G50/><T77/><D77/><U92/><E23/><V116/><F116/><W64/><G64/><AGARI ba="0,1" hai="41,42,43,45,46,51,54,57,58,60,64" m="10279" machi="64" ten="30,1500,0" yaku="8,1" doraHai="115" who="0" fromWho="3" sc="250,25,250,0,250,0,240,-15" /><INIT seed="0,1,0,5,1,39" ten="275,250,250,225" oya="0" hai0="109,31,63,88,62,102,95,105,107,60,98,57,25" hai1="128,84,43,61,21,125,23,24,70,33,45,77,5" hai2="124,14,110,19,34,131,117,6,119,91,127,83,9" hai3="78,104,54,120,29,36,129,103,53,40,64,26,59"/><T118/><D118/><N who="2" m="45066" /><F83/><W20/><G120/><T12/><D109/><U123/><E123/><V16/><F91/><W0/><G129/><T96/><D12/><U2/><E128/><V94/><F131/><W8/><G78/><T130/><D130/><U126/><E5/><V76/><F76/><W27/><G27/><T55/><REACH who="0" step="1"/><D105/><REACH who="0" ten="265,250,250,225" step="2"/><U42/><E2/><V100/><F110/><W121/><G121/><T50/><D50/><U92/><E24/><V66/><F100/><W90/><G103/><T75/><D75/><U101/><E101/><V68/><F94/><W80/><G104/><T3/><D3/><U32/><E92/><V93/><F93/><W28/><G0/><T113/><D113/><U47/><E77/><V132/><F132/><W17/><G8/><T51/><D51/><U52/><E84/><V106/><F106/><W15/><G15/><T41/><D41/><U10/><E10/><V82/><F82/><W71/><G40/><T85/><D85/><U13/><E13/><V135/><F135/><W122/><G122/><T30/><D30/><U35/><E43/><V18/><F34/><AGARI ba="1,1" hai="25,31,34,55,57,60,62,63,88,95,96,98,102,107" machi="34" ten="30,5800,0" yaku="1,1,7,1,54,1,53,0" doraHai="39" doraHaiUra="37" who="0" fromWho="2" sc="265,71,250,0,250,-61,225,0" /><INIT seed="0,2,0,5,1,115" ten="336,250,189,225" oya="0" hai0="112,82,36,131,110,40,105,123,42,65,31,22,17" hai1="103,97,46,37,122,21,130,84,75,11,113,71,104" hai2="20,34,106,125,88,91,68,4,35,116,3,66,52" hai3="39,2,18,90,135,48,23,111,69,86,96,114,101"/><T59/><D112/><U77/><E113/><V54/><F106/><W0/><G114/><T15/><D123/><U99/><E122/><V109/><F109/><W127/><G39/><T85/><D105/><U61/><E130/><V74/><F74/><W70/><G111/><T134/><D110/><U64/><E75/><V120/><F120/><W57/><G127/><T126/><D126/><U95/><E37/><V30/><F125/><W89/><G135/><T62/><D131/><U107/><E46/><V12/><F3/><W49/><G70/><T1/><D1/><U94/><E11/><V43/><F43/><W129/><G69/><T73/><D73/><U78/><E21/><V108/><F108/><W24/><G129/><T14/><D134/><U121/><E121/><V76/><F76/><W118/><G118/><T26/><D36/><U81/><REACH who="1" step="1"/><E78/><REACH who="1" ten="336,240,189,225" step="2"/><V47/><F20/><W13/><G0/><T8/><REACH who="0" step="1"/><D15/><REACH who="0" ten="326,240,189,225" step="2"/><U56/><E56/><V10/><F12/><W87/><G57/><T5/><D5/><U58/><E58/><V41/><F4/><W100/><G2/><T63/><D63/><U133/><E133/><V29/><F68/><W19/><G49/><T32/><D32/><U117/><E117/><V9/><F116/><W6/><G48/><T102/><D102/><AGARI ba="2,2" hai="61,64,71,77,81,84,94,95,97,99,102,103,104,107" machi="102" ten="30,3900,0" yaku="1,1,7,1,9,1,53,0" doraHai="115" doraHaiUra="132" who="1" fromWho="0" sc="326,-45,240,65,189,0,225,0" /><INIT seed="1,0,0,2,3,109" ten="281,305,189,225" oya="1" hai0="30,34,131,3,48,130,61,78,123,125,4,52,127" hai1="49,11,25,21,36,103,2,26,77,50,104,13,105" hai2="40,86,119,17,89,71,124,90,76,12,7,16,43" hai3="53,111,120,79,88,66,118,54,93,108,91,31,57"/><U129/><E36/><V42/><F71/><W38/><G38/><T97/><D123/><U75/><E129/><N who="0" m="49161" /><D78/><U63/><E2/><V33/><F33/><W68/><G120/><T59/><D97/><U69/><E26/><V117/><F124/><W135/><G68/><T44/><D34/><U5/><E77/><V107/><F107/><W133/><G79/><T95/><D30/><U115/><E75/><V64/><F64/><W37/><G31/><T132/><D95/><U1/><E1/><V100/><F100/><W29/><G29/><T102/><D102/><U9/><E9/><V116/><F7/><W47/><G118/><T74/><D74/><U41/><E103/><V84/><F76/><W96/><G91/><N who="2" m="34825" /><F12/><W55/><G37/><T85/><D85/><AGARI ba="0,0" hai="16,17,40,42,43,84,85,86,116,117,119" m="34825" machi="85" ten="40,5200,0" yaku="28,2,54,1" doraHai="109" who="2" fromWho="0" sc="281,-52,305,0,189,52,225,0" /><INIT seed="2,0,0,0,1,21" ten="229,305,241,225" oya="2" hai0="66,40,11,112,28,71,48,34,74,126,23,49,47" hai1="125,89,129,121,86,76,51,117,30,132,104,22,81" hai2="36,43,80,72,26,99,8,27,10,65,95,64,59" hai3="91,62,106,38,52,77,135,9,102,134,1,100,4"/><V46/><F72/><W25/><G38/><T79/><D34/><U56/><E117/><V111/><F80/><W12/><G77/><T90/><D112/><U67/><E104/><V60/><F65/><W3/><G91/><T122/><D122/><U113/><E113/><V17/><F111/><W6/><G6/><T50/><D126/><U42/><E125/><V120/><F120/><W68/><G68/><T87/><D79/><U31/><E121/><V24/><REACH who="2" step="1"/><F17/><REACH who="2" ten="229,305,231,225" step="2"/><W97/><G102/><AGARI ba="0,1" hai="8,10,24,26,27,36,43,46,59,60,64,95,99,102" machi="102" ten="40,18000,2" yaku="1,1,2,1,52,3,53,1" doraHai="21" doraHaiUra="92" who="2" fromWho="3" sc="229,0,305,0,231,190,225,-180" /><INIT seed="2,1,0,1,2,40" ten="229,305,421,45" oya="2" hai0="128,131,70,107,108,97,63,61,103,93,98,123,25" hai1="64,53,46,15,129,79,86,104,88,57,132,102,105" hai2="42,50,3,45,106,85,76,118,68,29,82,56,71" hai3="126,11,38,44,90,13,22,69,81,121,17,7,95"/><V116/><F106/><W77/><G69/><T30/><D123/><U0/><E0/><V19/><F3/><W31/><G121/><T10/><D10/><U122/><E122/><V34/><F71/><W14/><G126/><T16/><D108/><U65/><E132/><V47/><F68/><W94/><G31/><T36/><D36/><U101/><E129/><N who="0" m="49737" /><D16/><U18/><E79/><V80/><F56/><W110/><G110/><T1/><D70/><U12/><E12/><V134/><F134/><W83/><G83/><T24/><D1/><U48/><E104/><V91/><F19/><W96/><G94/><T5/><D5/><U21/><E105/><V49/><F34/><W39/><REACH who="3" step="1"/><G44/><REACH who="3" ten="229,305,421,35" step="2"/><T73/><D30/><U74/><E74/><AGARI ba="1,1" hai="7,11,13,14,17,22,38,39,74,77,81,90,95,96" machi="74" ten="30,3900,0" yaku="1,1,2,1,7,1,53,0" doraHai="40" doraHaiUra="43" who="3" fromWho="1" sc="229,0,305,-42,421,0,35,52" /><INIT seed="3,0,0,3,4,91" ten="229,263,421,87" oya="3" hai0="10,18,81,30,39,126,8,38,48,85,24,77,80" hai1="104,58,106,59,125,32,7,29,102,84,83,14,34" hai2="22,52,109,62,68,67,134,42,4,53,73,100,87" hai3="89,2,123,31,128,19,65,75,47,21,116,130,120"/><W15/><G75/><T69/><D69/><U86/><E125/><V119/><F119/><W56/><G47/><T79/><D126/><U17/><E7/><V63/><F73/><W55/><G65/><T49/><D38/><U50/><E102/><V27/><F109/><W108/><G116/><T6/><D18/><U60/><E50/><V98/><F4/><W71/><G71/><T35/><D39/><U110/><E110/><V103/><F134/><W94/><G108/><T95/><D95/><U114/><E114/><V132/><F132/><W113/><G31/><T70/><D70/><U25/><E34/><V16/><F42/><W118/><G2/><T0/><REACH who="0" step="1"/><D10/><REACH who="0" ten="219,263,421,87" step="2"/><U96/><E106/><V28/><F28/><W66/><G118/><T11/><D11/><U41/><E104/><V107/><F107/><W46/><G113/><T45/><D45/><U115/><E115/><V33/><F68/><W76/><G46/><T93/><D93/><U112/><E112/><V26/><F100/><W72/><G72/><AGARI ba="0,1" hai="0,6,8,24,30,35,48,49,72,77,79,80,81,85" machi="72" ten="30,2000,0" yaku="1,1,7,1,53,0" doraHai="91" doraHaiUra="101" who="0" fromWho="3" sc="219,30,263,0,421,0,87,-20" /><INIT seed="4,0,0,5,0,73" ten="249,263,421,67" oya="0" hai0="109,107,49,23,83,128,33,100,120,36,31,134,88" hai1="48,41,103,97,1,30,113,91,32,125,47,52,114" hai2="62,87,55,90,108,7,17,94,104,63,123,106,0" hai3="53,93,80,81,60,4,50,77,127,38,6,121,18"/><T92/><D120/><U69/><E1/><V82/><F123/><W70/><G38/><T27/><D36/><U66/><E125/><V56/><F108/><W46/><G121/><T99/><D109/><U61/><E91/><V115/><F115/><N who="1" m="44041" /><E30/><V15/><F7/><W16/><G127/><T76/><D128/><U11/><E11/><V101/><F0/><W26/><G93/><T116/><D134/><U10/><E10/><V110/><F110/><W14/><G70/><T21/><D116/><U72/><E72/><V102/><F106/><W44/><G60/><T78/><D49/><U119/><E32/><V28/><F28/><W84/><G46/><T3/><D3/><U45/><E119/><V117/><F117/><W129/><G129/><T65/><D65/><U29/><E29/><V12/><F104/><W40/><G53/><T5/><D5/><U35/><E35/><V89/><F63/><W79/><G26/><T118/><D118/><U22/><E22/><N who="2" m="11559" /><F15/><W43/><G43/><T86/><REACH who="0" step="1"/><D78/><REACH who="0" ten="239,263,421,67" step="2"/><U58/><E58/><V135/><F135/><W54/><G54/><T57/><D57/><N who="1" m="32903" /><E41/><V8/><F56/><W112/><G112/><T85/><AGARI ba="0,1" hai="21,23,27,31,33,76,83,85,86,88,92,99,100,107" machi="85" ten="20,18000,2" yaku="1,1,0,1,7,1,52,1,54,1,53,2" doraHai="73" doraHaiUra="19" who="0" fromWho="0" sc="239,190,263,-60,421,-60,67,-60" /><INIT seed="4,1,0,3,2,45" ten="429,203,361,7" oya="0" hai0="18,21,22,126,96,106,26,56,44,89,99,72,40" hai1="73,58,120,135,85,19,114,134,55,0,30,92,67" hai2="8,102,129,127,31,49,78,111,130,113,10,101,41" hai3="83,80,68,64,42,82,1,48,15,12,28,105,46"/><T93/><D126/><U35/><E120/><V69/><F69/><W13/><G105/><T27/><D72/><U23/><E73/><V24/><F111/><W116/><G116/><T52/><D106/><U50/><E0/><V103/><F127/><W118/><G118/><T131/><D131/><N who="2" m="50186" /><F78/><W25/><G1/><T100/><D100/><U84/><E67/><V121/><F121/><W95/><G68/><T51/><D96/><U112/><E30/><V87/><F87/><N who="1" m="33353" /><E35/><V38/><F38/><W108/><G108/><T14/><REACH who="0" step="1"/><D22/><REACH who="0" ten="419,203,361,7" step="2"/><U128/><E128/><V115/><F115/><N who="1" m="44073" /><E92/><V107/><F107/><W37/><G95/><T110/><D110/><U63/><E135/><V81/><F113/><W109/><G109/><T77/><D77/><U60/><E134/><V119/><F119/><W91/><G37/><AGARI ba="1,1" hai="14,18,21,26,27,37,40,44,51,52,56,89,93,99" machi="37" ten="30,11600,0" yaku="1,1,7,1,52,1,54,1,53,0" doraHai="45" doraHaiUra="3" who="0" fromWho="3" sc="419,129,203,0,361,0,7,-119" owari="548,65.0,203,-20.0,361,16.0,-112,-61.0" /></mjloggm>