<mjloggm ver="2.3"><GO type="225" lobby="0"/><UN n0="%E5%B7%9D%E6%9D%91%E6%99%83%E8%A3%95%EF%BC%88%E4%B8%A1%E6%96%B9%EF%BC%89" n1="%E5%85%88%E2%99%80%E7%94%9F" n2="%E5%B0%B1%E6%B4%BB%E7%94%9F%40%E5%B7%9D%E6%9D%91%E8%BB%8D%E5%9B%A3" n3="%E3%83%9E%E3%83%84%E3%82%B6%E3%82%AD" dan="16,16,16,17" rate="2056.50,2117.23,2121.61,2181.63" sx="M,F,M,M"/><TAIKYOKU oya="0"/><INIT seed="0,0,0,3,0,40" ten="250,250,250,250" oya="0" hai0="50,15,24,120,58,18,116,39,8,98,111,73,34" hai1="48,77,82,130,134,114,124,53,11,97,133,69,105" hai2="76,131,41,118,57,66,125,113,42,109,79,47,75" hai3="96,51,64,55,93,86,43,14,104,7,20,62,117"/><T32/><D39/><U68/><E124/><V33/><F33/><W12/><G117/><T106/><D73/><U90/><E130/><V121/><F113/><W119/><G119/><T71/><D71/><U46/><E114/><V101/><F121/><W52/><G104/><T126/><D116/><U80/><E11/><V30/><F118/><W123/><G123/><T45/><D120/><U4/><E4/><V128/><F109/><W13/><G86/><T38/><D126/><U10/><E10/><V83/><F30/><W102/><G7/><T74/><D74/><N who="1" m="43063" /><E82/><V60/><F79/><W92/><G92/><T115/><D115/><U25/><E25/><V2/><F125/><W37/><G37/><T21/><D111/><U9/><E9/><V99/><F2/><W19/><G43/><T112/><D112/><U91/><E105/><V1/><F1/><W35/><G35/><T26/><D58/><U87/><E97/><V56/><F56/><N who="3" m="35079" /><G64/><T17/><D38/><U132/><E87/><V28/><F28/><W29/><G29/><T129/><D26/><U103/><E103/><V70/><F57/><AGARI ba="0,0" hai="12,13,14,19,20,51,55,57,93,96,102" m="35079" machi="57" ten="30,2000,0" yaku="8,1,54,1" doraHai="40" who="3" fromWho="2" sc="250,0,250,0,250,-20,250,20" /><INIT seed="1,0,0,5,3,76" ten="250,250,230,270" oya="1" hai0="134,85,129,18,127,116,104,94,54,15,14,50,64" hai1="100,27,33,73,87,110,1,131,102,83,66,101,25" hai2="46,56,39,74,72,26,106,3,120,20,77,43,4" hai3="49,62,29,67,35,91,130,19,71,115,108,117,52"/><U68/><E1/><V57/><F120/><W118/><G115/><T128/><D104/><U51/><E73/><V69/><F106/><W123/><G123/><T42/><D116/><N who="3" m="44649" /><G108/><T70/><D42/><U37/><E37/><V107/><F107/><W32/><G130/><N who="0" m="50283" /><D134/><U90/><E131/><V21/><F69/><W38/><G38/><T24/><D127/><U119/><E119/><V97/><F97/><W58/><G29/><T17/><D64/><U109/><E33/><N who="3" m="12874" /><G91/><N who="0" m="53615" /><D70/><U95/><E51/><V133/><F133/><W96/><G96/><T135/><D135/><U44/><E44/><V23/><F26/><N who="1" m="9737" /><E66/><V0/><F0/><W60/><G19/><N who="0" m="7179" /><D24/><U2/><E68/><V59/><F3/><W11/><G11/><T124/><D124/><U93/><E2/><V88/><F4/><W9/><G9/><T111/><D111/><AGARI ba="0,0" hai="83,87,90,93,95,100,101,102,109,110,111" m="9737" machi="111" ten="30,5800,0" yaku="14,1,10,1,52,1" doraHai="76" who="1" fromWho="0" sc="250,-58,250,58,230,0,270,0" /><INIT seed="1,1,0,4,0,14" ten="192,308,230,270" oya="1" hai0="122,85,115,4,120,119,106,59,62,37,22,61,124" hai1="0,9,32,107,5,24,11,95,81,23,68,116,131" hai2="54,26,111,63,90,29,53,13,73,38,125,2,108" hai3="21,44,46,28,35,114,1,78,133,3,102,127,96"/><U80/><E116/><V12/><F2/><W66/><G114/><T126/><D106/><U86/><E107/><V74/><F38/><W27/><G133/><T79/><D115/><U77/><E68/><V129/><F129/><W43/><G127/><N who="0" m="48683" /><D119/><U16/><E131/><V64/><F90/><W105/><G78/><T56/><D4/><U88/><E32/><N who="2" m="20535" /><F12/><W42/><G66/><N who="0" m="39207" /><D37/><U100/><E100/><V50/><F13/><W7/><G7/><T55/><D22/><U103/><E103/><V6/><F6/><W67/><G67/><T70/><D70/><U76/><E11/><V39/><F39/><W91/><G91/><T94/><D94/><U72/><E77/><V25/><F25/><W132/><G132/><T49/><D85/><U58/><E58/><V40/><F73/><W15/><G1/><T17/><D79/><U84/><REACH who="1" step="1"/><E80/><REACH who="1" ten="192,298,230,270" step="2"/><V41/><F125/><W113/><G113/><T82/><D82/><U134/><E134/><V48/><F74/><AGARI ba="1,1" hai="0,5,9,16,23,24,72,74,76,81,84,86,88,95" machi="74" ten="40,12000,1" yaku="1,1,52,1,54,2,53,0" doraHai="14" doraHaiUra="45" who="1" fromWho="2" sc="192,0,298,133,230,-123,270,0" /><INIT seed="1,2,0,1,0,96" ten="192,431,107,270" oya="1" hai0="89,120,11,46,62,68,63,76,27,4,125,9,15" hai1="104,10,72,32,106,88,78,57,74,119,66,36,3" hai2="105,93,56,12,109,114,60,97,65,128,13,122,50" hai3="98,21,99,54,52,85,82,58,84,71,103,51,19"/><U87/><E119/><V23/><F105/><W113/><G113/><T95/><D125/><U67/><E36/><V80/><F122/><W121/><G121/><T45/><D120/><U25/><E74/><V49/><F114/><W0/><G0/><T5/><D76/><U110/><E110/><V92/><F109/><W101/><G71/><T42/><D27/><U53/><E67/><V33/><F128/><W2/><G2/><T132/><D132/><U28/><E66/><V22/><F33/><W1/><G1/><T124/><D124/><U44/><E44/><N who="0" m="17001" /><D68/><U75/><E75/><V18/><F80/><W130/><G130/><T123/><D42/><U83/><E10/><N who="0" m="3593" /><D15/><U16/><E3/><V24/><F92/><W39/><G39/><T77/><D77/><U14/><E14/><V59/><F59/><N who="3" m="33183" /><G98/><N who="0" m="57711" /><D123/><U117/><E117/><V8/><F8/><W100/><G99/><T7/><AGARI ba="2,0" hai="4,5,7,62,63" m="57711,3593,17001" machi="7" ten="30,1100,0" yaku="8,1" doraHai="96" who="0" fromWho="0" sc="192,17,431,-7,107,-5,270,-5" /><INIT seed="2,0,0,3,0,85" ten="209,424,102,265" oya="2" hai0="20,96,61,132,59,77,29,5,55,113,108,60,21" hai1="92,8,42,103,36,87,62,128,104,12,95,111,18" hai2="58,22,101,88,117,33,105,7,91,81,64,72,17" hai3="65,114,63,41,99,130,46,93,83,19,37,70,106"/><V124/><F33/><W2/><G130/><T44/><D113/><U67/><E111/><V24/><F117/><W48/><G2/><T80/><D108/><U126/><E128/><V115/><F115/><W82/><G106/><T50/><D132/><U125/><E104/><V86/><F124/><N who="1" m="47721" /><E103/><V39/><F39/><W43/><G114/><T90/><D5/><U98/><E98/><V127/><F127/><W109/><G109/><T49/><D90/><N who="2" m="34346" /><F105/><W121/><G121/><T74/><D96/><U16/><E87/><V120/><F72/><W1/><G1/><T129/><D129/><U31/><E95/><V53/><F120/><W11/><G93/><T6/><D6/><U28/><E92/><V26/><F7/><W131/><G99/><T10/><D10/><U79/><E79/><N who="2" m="46399" /><F64/><W94/><G131/><T45/><D74/><U100/><E67/><V112/><F112/><W84/><G70/><T102/><D102/><U13/><E100/><V51/><F101/><W0/><G65/><T75/><D75/><U135/><E36/><V107/><F107/><W47/><G37/><T25/><D80/><U23/><E135/><V122/><F122/><W54/><G83/><T89/><D77/><U3/><E3/><V40/><F40/><W110/><G82/><T97/><D89/><U73/><E42/><V57/><F57/><W134/><G134/><T34/><D97/><U35/><E73/><V9/><F9/><W133/><G133/><T27/><D34/><U66/><E35/><V123/><F123/><W69/><G110/><T68/><D59/><AGARI ba="0,0" hai="8,12,13,16,18,23,28,31,59,62,66" m="47721" machi="59" ten="30,2000,0" yaku="18,1,54,1" doraHai="85" who="1" fromWho="0" sc="209,-20,424,20,102,0,265,0" /><INIT seed="3,0,0,2,3,129" ten="189,444,102,265" oya="3" hai0="10,58,34,101,81,35,7,24,131,85,46,37,88" hai1="0,128,63,106,83,70,78,120,38,51,96,52,23" hai2="42,19,90,12,119,48,112,118,121,68,9,133,8" hai3="89,135,72,2,108,27,17,32,93,26,28,91,132"/><W43/><G72/><T53/><D131/><U116/><E120/><V56/><F68/><W100/><G2/><T87/><D101/><U74/><E38/><V105/><F105/><W65/><G108/><T22/><D46/><U67/><E0/><V77/><F112/><W99/><G43/><T94/><D37/><U111/><E111/><V40/><F77/><W124/><G65/><T69/><D69/><U1/><E1/><V80/><F121/><W18/><G124/><T107/><D107/><U21/><E116/><V50/><F80/><W134/><G26/><T71/><D71/><U5/><E5/><V126/><F90/><AGARI ba="0,0" hai="17,18,27,28,32,89,90,91,93,99,100,132,134,135" machi="90" ten="40,12000,1" yaku="20,1,52,3" doraHai="129" who="3" fromWho="2" sc="189,0,444,0,102,-120,265,120" owari="189,-21.0,444,54.0,-18,-52.0,385,19.0" /></mjloggm>