<mjloggm ver="2.3"><GO type="169" lobby="0"/><UN n0="%E6%93%AC%E4%BC%BC%E9%80%A3%E5%AE%9D%E7%87%88%E7%BE%8E" n1="%77%61%74%61%75" n2="%4C%53%E9%99%BD" n3="%E3%83%88%E3%83%88%E3%83%AA%E5%85%88%E7%94%9F%31%39%E6%AD%B3" dan="17,16,16,17" rate="2177.27,2062.13,2030.80,2238.75" sx="M,M,M,F"/><TAIKYOKU oya="0"/><INIT seed="0,0,0,0,5,16" ten="250,250,250,250" oya="0" hai0="25,108,88,7,129,9,14,57,94,98,84,73,54" hai1="60,93,87,48,64,11,111,56,45,83,4,22,82" hai2="37,71,118,106,131,53,123,126,59,40,114,128,68" hai3="81,112,77,116,8,107,97,28,38,75,92,113,12"/><T61/><D73/><U130/><E111/><V101/><F101/><W18/><G116/><T44/><D129/><N who="2" m="49738" /><F106/><W6/><G38/><T124/><D124/><U134/><E130/><V47/><F118/><W63/><G107/><T69/><D108/><U26/><E134/><V19/><F19/><W36/><G36/><T115/><D115/><U3/><E93/><V50/><F123/><W31/><G63/><T42/><D69/><N who="2" m="26698" /><F114/><W41/><G41/><T17/><D84/><U132/><E132/><V102/><F102/><W15/><G112/><T79/><D79/><U90/><E82/><V10/><F10/><W133/><G133/><T117/><D117/><U119/><E119/><V51/><F126/><W85/><G75/><T120/><D120/><U89/><E89/><V52/><F53/><W34/><G34/><T125/><D125/><U5/><E11/><V78/><F78/><W1/><G1/><T33/><D33/><U55/><REACH who="1" step="1"/><E3/><REACH who="1" ten="250,240,250,250" step="2"/><V58/><F58/><W103/><BYE who="0" /><REACH who="3" step="1"/><G113/><REACH who="3" ten="250,240,250,240" step="2"/><T99/><D99/><U49/><E49/><AGARI ba="0,2" hai="37,40,47,49,50,51,52,59" m="26698,49738" machi="49" ten="30,7700,0" yaku="19,1,34,2,54,1" doraHai="16" who="2" fromWho="1" sc="250,0,240,-77,250,97,240,0" /><INIT seed="1,0,0,4,2,7" ten="250,163,347,240" oya="1" hai0="17,0,88,133,29,34,67,89,121,71,62,15,91" hai1="37,2,5,58,56,27,42,11,10,45,107,85,117" hai2="115,127,41,22,77,72,65,18,96,119,47,113,122" hai3="101,39,83,111,129,25,82,63,64,80,118,48,36"/><U73/><E117/><V100/><F122/><W130/><G111/><T86/><D86/><U94/><E73/><UN n0="%E6%93%AC%E4%BC%BC%E9%80%A3%E5%AE%9D%E7%87%88%E7%BE%8E" /><V55/><F119/><W21/><G101/><T124/><D0/><U40/><E107/><V26/><F127/><W90/><G48/><T78/><D124/><U104/><E104/><V60/><F55/><W20/><G90/><T97/><D78/><U59/><E40/><V32/><F32/><W24/><G118/><T31/><D121/><U92/><E85/><V116/><BYE who="0" /><F77/><W125/><G125/><T50/><D50/><U131/><E131/><N who="3" m="50186" /><G63/><T69/><D69/><U66/><E66/><V109/><F72/><W19/><G64/><T102/><D102/><U105/><E105/><V70/><F109/><UN n0="%E6%93%AC%E4%BC%BC%E9%80%A3%E5%AE%9D%E7%87%88%E7%BE%8E" /><W93/><G93/><T30/><D133/><U87/><E87/><V79/><F79/><W23/><G19/><T95/><REACH who="0" step="1"/><D34/><REACH who="0" ten="240,163,347,240" step="2"/><U135/><E135/><V35/><F116/><W9/><G39/><T126/><D126/><U103/><E103/><V123/><F35/><W49/><G36/><T99/><D99/><U12/><REACH who="1" step="1"/><E27/><REACH who="1" ten="240,153,347,240" step="2"/><V108/><F26/><W54/><G25/><T106/><D106/><U120/><E120/><V14/><F100/><W68/><G24/><T16/><D16/><AGARI ba="0,2" hai="2,5,10,11,12,16,37,42,45,56,58,59,92,94" machi="16" ten="40,12000,1" yaku="1,1,52,2,54,1,53,0" doraHai="7" doraHaiUra="74" who="1" fromWho="0" sc="240,-120,153,140,347,0,240,0" /><INIT seed="1,1,0,4,3,104" ten="120,293,347,240" oya="1" hai0="94,133,60,112,76,71,96,131,59,15,114,100,95" hai1="22,101,103,86,61,43,68,3,65,26,37,45,73" hai2="117,18,118,122,90,124,109,38,57,102,2,128,78" hai3="8,9,51,88,79,83,69,54,130,92,23,123,44"/><U99/><E3/><V97/><F18/><W82/><G123/><T10/><D71/><U40/><E40/><V135/><F57/><W113/><G69/><T125/><D125/><U108/><E108/><V129/><F38/><W6/><G113/><T89/><D133/><U67/><E67/><V105/><F2/><W115/><G115/><T27/><D131/><N who="2" m="50250" /><F124/><W29/><G130/><T33/><D76/><U13/><E73/><V7/><F7/><W25/><G6/><T120/><D120/><U41/><E41/><V46/><F46/><W127/><G127/><T50/><D50/><U5/><E86/><V132/><F122/><W111/><G111/><T72/><D72/><U19/><REACH who="1" step="1"/><E99/><REACH who="1" ten="120,283,347,240" step="2"/><N who="2" m="61663" /><F109/><W32/><G32/><T98/><D33/><U110/><E110/><V49/><F117/><W85/><REACH who="3" step="1"/><G82/><REACH who="3" ten="120,283,347,230" step="2"/><T87/><D114/><U70/><E70/><V63/><F118/><W30/><G30/><T75/><D112/><U80/><E80/><V16/><F132/><W4/><G4/><T126/><D126/><U55/><E55/><V119/><F135/><W74/><AGARI ba="1,2" hai="8,9,23,25,29,44,51,54,74,79,83,85,88,92" machi="74" ten="20,8000,1" yaku="1,1,0,1,7,1,52,1,54,1,53,0" doraHai="104" doraHaiUra="0" who="3" fromWho="3" sc="120,-21,283,-41,347,-21,230,103" /><INIT seed="2,0,0,3,2,10" ten="99,242,326,333" oya="2" hai0="76,92,77,44,115,34,31,68,64,14,126,55,22" hai1="12,33,45,36,99,17,54,108,2,58,95,61,102" hai2="75,119,129,9,57,52,83,89,30,80,46,29,118" hai3="40,135,51,73,116,86,37,93,67,65,20,35,79"/><V90/><F129/><W72/><G116/><T27/><D115/><U4/><E108/><V62/><F119/><W70/><G35/><T41/><D126/><U47/><E33/><V43/><F118/><W59/><G135/><T87/><D55/><U25/><E36/><V107/><F107/><W0/><G0/><T48/><D68/><U42/><E42/><V123/><F123/><W66/><G70/><T81/><D64/><U11/><REACH who="1" step="1"/><E25/><REACH who="1" ten="99,232,326,333" step="2"/><V96/><F43/><W125/><G37/><T28/><D34/><U103/><E103/><V50/><F80/><W23/><G40/><T8/><D92/><U53/><E53/><N who="2" m="34095" /><F83/><N who="3" m="47487" /><G93/><T132/><D132/><U78/><E78/><V130/><F130/><W38/><G38/><T69/><D77/><U49/><E49/><V105/><F105/><W60/><G51/><T104/><D104/><U106/><E106/><V6/><F75/><W113/><G73/><T82/><D82/><U21/><AGARI ba="0,1" hai="2,4,11,12,17,21,45,47,54,58,61,95,99,102" machi="21" ten="20,5200,0" yaku="1,1,0,1,7,1,52,1,53,0" doraHai="10" doraHaiUra="109" who="1" fromWho="1" sc="99,-13,232,62,326,-26,333,-13" /><INIT seed="3,0,0,4,0,29" ten="86,294,300,320" oya="3" hai0="79,101,92,109,10,78,38,87,115,58,32,80,117" hai1="42,25,123,108,31,116,95,89,105,3,100,7,131" hai2="17,52,39,30,67,27,128,57,74,5,50,11,98" hai3="81,4,104,126,68,110,24,49,102,121,73,65,132"/><W56/><G121/><T21/><D117/><U22/><E123/><V55/><F39/><W34/><G4/><T94/><D38/><U64/><E116/><V90/><F74/><W0/><G0/><T14/><D109/><U43/><E108/><V36/><F36/><W93/><G93/><T1/><D115/><U133/><E131/><V112/><F112/><W125/><G110/><T48/><D1/><U62/><E100/><V85/><F128/><W6/><G6/><T19/><D101/><U120/><E105/><V54/><F67/><W72/><G132/><T41/><D32/><U127/><E127/><N who="3" m="48650" /><G81/><T106/><D106/><U35/><E133/><V103/><F103/><W76/><G76/><T47/><D79/><U23/><E7/><V18/><F98/><N who="3" m="61527" /><G49/><T8/><REACH who="0" step="1"/><D58/><REACH who="0" ten="76,294,300,320" step="2"/><U122/><E3/><V83/><F57/><W46/><G56/><T13/><D13/><U66/><E120/><V37/><F37/><W53/><G34/><T16/><D16/><U86/><E122/><V114/><F114/><W119/><G24/><T70/><D70/><U2/><E2/><N who="2" m="439" /><F18/><W77/><G77/><T33/><D33/><U69/><E66/><V51/><F17/><W59/><G119/><T135/><D135/><U124/><E124/><V26/><F26/><W45/><G68/><T63/><D63/><U71/><E69/><V130/><F130/><W28/><G65/><T60/><D60/><U82/><E35/><N who="2" m="20959" /><F50/><N who="3" m="31159" /><G28/><T12/><D12/><U91/><E23/><V20/><F51/><W129/><G129/><T118/><D118/><U107/><E107/><V9/><F20/><RYUUKYOKU ba="0,1" sc="76,0,294,0,300,0,320,0" hai0="8,10,14,19,21,41,47,48,78,80,87,92,94" hai1="22,25,31,42,43,62,64,71,82,86,89,91,95" hai2="9,52,54,55,83,85,90" hai3="45,46,72,73" /><INIT seed="3,1,1,1,5,42" ten="76,294,300,320" oya="3" hai0="92,56,122,110,34,53,16,88,10,7,22,124,13" hai1="108,0,35,1,39,36,125,118,72,100,73,21,82" hai2="99,63,128,8,33,95,89,37,134,66,117,19,78" hai3="17,111,40,132,2,91,71,3,65,98,27,112,130"/><W70/><G112/><T48/><D110/><U55/><E108/><V87/><F117/><W67/><G111/><T26/><D124/><U105/><E21/><V47/><F33/><W81/><G130/><T74/><D122/><U94/><E94/><V50/><F134/><W62/><G132/><T25/><D74/><N who="1" m="28779" /><E125/><V77/><F128/><W60/><G40/><T106/><D106/><U9/><E9/><V75/><F37/><N who="1" m="14409" /><E82/><V83/><F19/><W45/><G45/><T23/><D34/><U30/><E55/><N who="2" m="30175" /><F8/><W64/><G64/><T41/><D41/><U135/><E135/><V51/><F51/><W123/><G123/><T31/><D92/><U38/><E38/><V121/><F121/><W119/><G119/><T24/><REACH who="0" step="1"/><D88/><REACH who="0" ten="66,294,300,320" step="2"/><U116/><E100/><V80/><F89/><W85/><G98/><T127/><D127/><U52/><E105/><V44/><F95/><W59/><G59/><T79/><D79/><U5/><E118/><V107/><F99/><W97/><G97/><T133/><D133/><U86/><E116/><V12/><F107/><W6/><G6/><T120/><D120/><U54/><E86/><V14/><F87/><W69/><G69/><T104/><D104/><U131/><E131/><V29/><F75/><W102/><G102/><T96/><D96/><U15/><E5/><V61/><F78/><W18/><G18/><T113/><D113/><U76/><E76/><V103/><F77/><W4/><G4/><T28/><D28/><U109/><E30/><V57/><F29/><W90/><G90/><T49/><D49/><U129/><E109/><RYUUKYOKU ba="1,2" sc="66,15,294,-15,300,-15,320,15" hai0="7,10,13,16,22,23,24,25,26,31,48,53,56" hai3="2,3,17,27,60,62,65,67,70,71,81,85,91" /><INIT seed="3,2,2,0,5,17" ten="81,279,285,335" oya="3" hai0="126,78,84,14,130,129,120,58,50,69,66,123,30" hai1="89,31,64,45,105,22,112,28,60,83,113,46,49" hai2="18,29,122,12,5,63,110,77,98,118,24,79,100" hai3="133,75,16,19,81,111,71,51,125,73,108,135,48"/><W39/><G81/><N who="0" m="47159" /><D30/><U7/><E105/><V86/><F5/><W6/><G6/><T43/><D69/><U2/><E46/><V62/><F110/><N who="3" m="42027" /><G71/><T34/><D34/><U35/><E35/><V109/><F109/><W99/><G39/><T72/><D72/><N who="3" m="27721" /><G125/><T96/><D126/><U80/><E2/><V88/><F79/><W132/><G99/><T32/><D96/><U15/><E80/><V40/><F77/><W25/><G25/><T54/><D14/><U61/><E7/><V93/><F12/><W127/><G127/><T116/><D123/><U38/><E38/><V134/><F122/><W94/><G94/><T44/><D120/><U11/><E15/><V27/><F27/><W36/><G36/><T90/><D130/><U95/><E83/><V102/><F24/><W55/><G51/><T101/><D50/><U68/><E60/><V76/><F63/><W104/><G104/><T0/><D129/><U106/><E49/><V87/><F62/><W9/><G9/><T97/><D97/><N who="1" m="57583" /><E11/><V103/><F98/><W114/><G114/><T1/><D1/><U91/><E106/><V56/><F29/><W47/><AGARI ba="2,2" hai="16,19,47,48,55,132,133,135" m="27721,42027" machi="47" ten="40,12000,1" yaku="20,1,14,1,10,1,54,1" doraHai="17" who="3" fromWho="3" sc="81,-42,279,-42,285,-42,335,146" /><INIT seed="3,3,0,1,1,66" ten="39,237,243,481" oya="3" hai0="38,102,74,14,65,21,118,49,10,91,58,81,95" hai1="115,117,22,16,99,31,133,29,116,71,73,106,85" hai2="6,40,3,77,128,79,46,119,87,82,44,15,19" hai3="43,18,62,24,47,112,61,17,72,8,59,90,92"/><W36/><G112/><T4/><D38/><U121/><E115/><V130/><F119/><N who="1" m="45641" /><E121/><V37/><F77/><W1/><G72/><T25/><D118/><U88/><E73/><V83/><F83/><W113/><G113/><T134/><D134/><U69/><E133/><V56/><F56/><W86/><G61/><T39/><D39/><U135/><E135/><V20/><F46/><W11/><G1/><T103/><D81/><N who="1" m="49199" /><E99/><V124/><F124/><W55/><REACH who="3" step="1"/><G24/><REACH who="3" ten="39,237,243,471" step="2"/><T13/><D74/><U94/><E106/><V123/><F123/><W53/><G53/><N who="0" m="32047" /><D65/><U54/><E54/><V64/><F3/><W57/><G57/><T125/><D125/><U76/><E94/><V101/><F64/><W52/><G52/><T27/><D14/><N who="1" m="9495" /><E76/><V7/><F79/><W96/><G96/><N who="0" m="57471" /><D27/><U109/><E109/><V51/><F15/><W84/><G84/><T100/><D100/><U131/><E131/><V33/><F101/><W2/><G2/><T98/><D98/><U80/><E80/><V70/><F128/><W110/><G110/><T50/><D103/><U30/><AGARI ba="3,1" hai="29,30,31,69,71" m="9495,49199,45641" machi="30" ten="30,8000,1" yaku="12,1,52,2,54,2" doraHai="66" who="1" fromWho="1" sc="39,-23,237,99,243,-23,471,-43" /><INIT seed="4,0,0,0,1,3" ten="16,336,220,428" oya="0" hai0="91,85,28,129,90,53,37,2,77,86,33,69,66" hai1="113,35,127,84,65,40,118,60,130,63,121,15,95" hai2="83,41,101,124,105,62,123,74,12,87,106,128,110" hai3="27,117,10,93,47,79,57,54,43,49,29,22,4"/><T82/><D129/><U39/><E118/><V134/><F41/><W32/><G117/><T126/><D126/><U99/><E121/><V92/><F62/><W131/><G131/><T89/><D37/><U64/><E127/><V67/><F67/><W80/><G93/><T109/><D109/><U25/><E130/><V116/><F12/><W30/><G32/><T42/><D42/><U114/><E84/><V108/><F124/><W26/><G26/><T11/><D53/><U44/><E15/><V94/><F116/><W5/><G30/><T71/><D86/><U18/><E18/><V17/><F17/><W133/><G10/><T8/><D66/><N who="1" m="25707" /><E25/><V21/><F128/><W70/><G133/><T19/><D19/><U72/><E72/><V59/><F74/><W46/><G70/><T55/><D55/><U125/><E35/><V50/><F134/><W119/><G119/><T36/><D36/><U45/><E45/><V20/><F123/><W115/><G115/><N who="1" m="44042" /><E125/><V112/><F112/><W56/><G47/><T97/><D97/><U111/><E111/><V6/><F110/><W52/><G54/><T51/><D33/><U102/><AGARI ba="0,0" hai="39,40,44,60,63,95,99,102" m="44042,25707" machi="102" ten="30,2000,0" yaku="15,1,11,1" doraHai="3" who="1" fromWho="1" sc="16,-10,336,20,220,-5,428,-5" /><INIT seed="5,0,0,1,4,5" ten="6,356,215,423" oya="1" hai0="106,109,33,63,30,25,92,65,116,104,16,45,48" hai1="114,13,108,81,99,70,35,62,36,37,129,38,88" hai2="100,12,127,46,47,18,120,14,32,107,64,40,98" hai3="59,57,28,50,121,72,84,73,125,61,102,78,39"/><U10/><E35/><V8/><F120/><W134/><G39/><T1/><D109/><U130/><E114/><V87/><F127/><W132/><G121/><T6/><D116/><U123/><E123/><V4/><F32/><W105/><G125/><T90/><D16/><N who="1" m="8247" /><E108/><V58/><F87/><W19/><G28/><T27/><D27/><U124/><E124/><V75/><F75/><W126/><G126/><T112/><D112/><U80/><E70/><V41/><F64/><N who="3" m="38959" /><G19/><T77/><D77/><U3/><E3/><V74/><F58/><W117/><G117/><T85/><D6/><U51/><E51/><V23/><F74/><W110/><G110/><T97/><D85/><U68/><E68/><V43/><AGARI ba="0,0" hai="4,8,12,14,18,23,40,41,43,46,47,98,100,107" machi="43" ten="30,2000,0" yaku="0,1,52,1" doraHai="5" who="2" fromWho="2" sc="6,-5,356,-10,215,20,423,-5" /><INIT seed="6,0,0,3,5,50" ten="1,346,235,418" oya="2" hai0="28,92,94,89,64,40,61,25,3,79,74,63,26" hai1="47,37,98,96,106,5,95,11,13,113,122,41,108" hai2="134,131,124,76,87,71,133,23,48,77,59,58,51" hai3="66,97,111,112,60,56,72,45,116,99,85,81,24"/><V128/><F23/><W36/><G111/><T119/><D3/><U123/><E108/><V6/><F6/><W100/><G116/><T18/><D119/><U105/><E113/><V57/><F71/><W30/><G72/><T130/><D130/><N who="2" m="49706" /><F87/><W55/><G30/><T49/><D74/><U15/><E15/><V7/><F7/><W121/><G121/><N who="1" m="46090" /><E98/><V12/><F12/><W42/><G112/><T114/><D79/><N who="2" m="30282" /><F124/><W101/><G24/><T27/><D114/><U4/><E4/><V68/><F68/><W16/><G16/><T127/><D127/><U21/><E21/><V80/><F80/><W67/><G85/><N who="0" m="52271" /><D18/><U78/><E78/><V88/><F88/><AGARI ba="0,0" hai="5,11,13,37,41,47,88,95,96,105,106" m="46090" machi="88" ten="30,2000,0" yaku="13,1,54,1" doraHai="50" who="1" fromWho="2" sc="1,0,346,20,235,-20,418,0" /><INIT seed="7,0,0,5,4,86" ten="1,366,215,418" oya="3" hai0="118,117,130,55,61,0,71,90,42,45,101,114,85" hai1="89,120,64,11,50,96,103,83,133,111,14,129,38" hai2="66,94,8,67,19,116,21,70,65,135,39,6,77" hai3="93,12,79,57,4,29,80,68,35,78,134,54,99"/><W43/><G68/><T32/><D85/><N who="1" m="50367" /><E111/><V46/><F70/><W31/><G134/><T74/><D101/><U109/><E109/><V100/><F77/><N who="3" m="29195" /><G35/><T18/><D18/><N who="1" m="8543" /><E38/><V69/><F69/><W26/><G43/><T47/><D90/><U128/><E120/><V126/><F126/><W49/><G26/><T131/><D0/><U1/><E1/><V115/><F115/><W53/><G80/><T34/><D74/><U2/><E2/><V122/><F122/><W92/><G4/><T30/><D30/><N who="3" m="11273" /><G99/><T97/><D97/><U56/><E133/><V81/><F81/><W82/><G82/><T51/><D32/><U112/><E112/><V98/><F94/><W121/><G121/><T106/><D34/><U76/><E76/><V105/><F98/><W62/><G12/><T124/><D106/><U127/><E127/><V9/><F100/><W25/><G25/><T59/><D124/><U48/><E64/><V123/><F105/><W5/><G5/><T24/><D24/><U40/><E40/><V22/><F22/><W119/><G119/><T60/><D114/><U72/><E56/><AGARI ba="0,0" hai="49,53,54,56,57,62,92,93" m="11273,29195" machi="56" ten="30,1500,0" yaku="8,1" doraHai="86" who="3" fromWho="1" sc="1,0,366,-15,215,0,418,15" owari="1,-50.0,351,15.0,215,-18.0,433,53.0" /></mjloggm>