<mjloggm ver="2.3"><GO type="169" lobby="0"/><UN n0="%74%61%6E%61%4B%61" n1="%E2%98%86%E7%9C%9F%E9%A2%A8%E2%98%86" n2="%E3%82%A6%E3%83%AB%E3%83%88%E3%83%A9%E7%AB%8B%E7%9B%B4" n3="%E7%B4%85%E3%81%84%E7%9E%B3%E3%81%AE%E6%AD%A6%E4%B8%B8" dan="16,16,17,16" rate="2129.66,2101.52,2198.64,2111.28" sx="M,F,M,M"/><TAIKYOKU oya="0"/><INIT seed="0,0,0,1,5,128" ten="250,250,250,250" oya="0" hai0="70,98,131,10,29,106,78,88,55,6,64,80,41" hai1="60,15,37,2,81,50,125,68,66,36,57,58,51" hai2="112,71,74,86,129,32,61,59,5,135,67,132,4" hai3="83,109,54,25,127,111,44,33,12,39,53,52,97"/><T130/><D41/><U123/><E2/><V56/><F74/><W76/><G127/><T100/><D29/><U24/><E24/><V91/><F32/><W72/><G12/><N who="0" m="5207" /><D55/><N who="1" m="31999" /><E15/><V35/><F35/><W133/><G97/><T75/><D64/><U48/><E81/><N who="2" m="49615" /><F112/><W121/><G121/><T101/><D70/><U117/><E117/><V18/><F18/><W115/><G115/><T28/><D28/><U104/><E104/><V84/><F84/><W85/><G72/><T124/><D124/><U73/><E73/><V34/><F34/><W116/><G116/><T38/><D38/><N who="1" m="14955" /><E125/><V87/><F87/><W22/><G33/><T21/><D21/><U95/><E95/><V107/><F107/><W9/><G9/><T62/><D62/><N who="1" m="40023" /><E123/><V19/><F19/><W42/><G22/><T40/><D101/><U31/><E31/><V7/><F7/><W134/><REACH who="3" step="1"/><G25/><REACH who="3" ten="250,250,250,240" step="2"/><T17/><D75/><U92/><E92/><V82/><F4/><W45/><G45/><T23/><D98/><U3/><E3/><V79/><F5/><W27/><G27/><T77/><D23/><U20/><E20/><V108/><F82/><W89/><G89/><T114/><D88/><U16/><E16/><V118/><F118/><W11/><G11/><T30/><D17/><U113/><E113/><V63/><F79/><W102/><G102/><T47/><D100/><U26/><E26/><V49/><F71/><W119/><G119/><T96/><D114/><U103/><E103/><V69/><F69/><W90/><G90/><T94/><D77/><U126/><E126/><V99/><F99/><RYUUKYOKU ba="0,1" sc="250,-15,250,15,250,-15,240,15" hai1="48,50,58,60" hai3="39,42,44,52,53,54,76,83,85,109,111,133,134" /><INIT seed="1,1,1,4,5,84" ten="235,265,235,255" oya="1" hai0="69,103,6,112,32,65,114,53,68,64,85,95,34" hai1="17,19,107,55,39,63,11,42,86,134,111,67,37" hai2="108,20,16,7,82,92,72,123,127,125,113,27,15" hai3="9,25,57,56,80,131,97,35,3,133,50,102,93"/><U96/><E134/><V10/><F123/><W54/><G133/><T62/><D6/><U115/><E115/><V83/><F113/><W0/><G131/><T130/><D53/><U26/><E111/><V40/><F108/><W119/><G119/><T49/><D49/><U30/><E55/><V47/><F92/><W76/><G57/><T23/><D23/><U1/><E86/><V73/><F83/><W46/><G9/><T45/><D130/><U71/><E42/><V90/><F90/><W31/><REACH who="3" step="1"/><G46/><REACH who="3" ten="235,265,235,245" step="2"/><T104/><D45/><U121/><E121/><V24/><F127/><W74/><AGARI ba="1,2" hai="0,3,25,31,35,50,54,56,74,76,80,93,97,102" machi="74" ten="20,5200,0" yaku="1,1,2,1,0,1,7,1,53,0" doraHai="84" doraHaiUra="5" who="3" fromWho="3" sc="235,-14,265,-27,235,-14,245,75" /><INIT seed="2,0,0,3,0,25" ten="221,238,221,320" oya="2" hai0="71,56,57,24,133,29,128,30,6,96,62,88,18" hai1="89,109,112,116,10,113,7,39,70,48,117,110,132" hai2="124,45,51,114,104,107,33,13,42,120,11,105,50" hai3="23,72,122,85,90,44,12,38,101,98,15,103,131"/><V78/><F120/><W26/><G72/><T108/><D108/><N who="1" m="41579" /><E70/><V77/><F114/><N who="1" m="44137" /><E89/><V65/><F124/><W83/><G122/><T106/><D128/><U9/><E48/><V115/><F115/><W32/><G32/><T14/><D133/><U16/><E39/><V100/><F33/><W46/><G131/><T102/><D71/><U59/><E59/><V60/><F100/><N who="3" m="38475" /><G98/><T126/><D126/><U0/><E132/><V58/><REACH who="2" step="1"/><F51/><REACH who="2" ten="221,238,211,320" step="2"/><W93/><G38/><T68/><D102/><U125/><E125/><V31/><F31/><N who="0" m="11786" /><D106/><U121/><E121/><V41/><F41/><W49/><G49/><T55/><D68/><U2/><E2/><V81/><F81/><W40/><G83/><T4/><D57/><U63/><E63/><V27/><F27/><W37/><G37/><T95/><D24/><U64/><E64/><V8/><F8/><AGARI ba="0,1" hai="4,6,8,14,18,55,56,62,88,95,96" m="11786" machi="8" ten="30,8000,1" yaku="8,1,52,3,54,1" doraHai="25" who="0" fromWho="2" sc="221,90,238,0,211,-80,320,0" /><INIT seed="3,0,0,4,3,51" ten="311,238,131,320" oya="3" hai0="62,99,55,116,33,11,132,80,18,87,85,84,57" hai1="27,50,38,9,67,14,20,130,124,102,48,134,0" hai2="54,93,28,31,86,32,104,2,121,97,49,29,126" hai3="70,37,66,7,59,41,65,100,106,35,83,13,8"/><W16/><G35/><T113/><D116/><U122/><E122/><V120/><F2/><W68/><G68/><T17/><D33/><U109/><E109/><V78/><F126/><W58/><G70/><T43/><D132/><U24/><E130/><V108/><F108/><W133/><G133/><T34/><D34/><U103/><E124/><V71/><F71/><W60/><G37/><T98/><D113/><U72/><E0/><V118/><F118/><W21/><G41/><T1/><D43/><U91/><E72/><V53/><F32/><W10/><G83/><T95/><D1/><U129/><E38/><V23/><F23/><W96/><G7/><T90/><D99/><U111/><E111/><V88/><F49/><W19/><REACH who="3" step="1"/><G19/><REACH who="3" ten="311,238,131,310" step="2"/><T61/><D17/><U81/><E134/><V107/><F107/><W46/><G46/><T47/><D47/><U6/><E81/><N who="2" m="47415" /><F104/><W89/><G89/><T123/><D123/><AGARI ba="0,1" hai="28,29,31,53,54,88,93,97,120,121,123" m="47415" machi="123" ten="30,7700,0" yaku="13,1,52,2,54,1" doraHai="51" who="2" fromWho="0" sc="311,-77,238,0,131,87,310,0" /><INIT seed="4,0,0,2,3,12" ten="234,238,218,310" oya="0" hai0="58,67,69,76,68,117,35,70,8,101,47,46,71" hai1="2,61,52,112,17,115,22,20,124,92,63,107,27" hai2="14,95,0,7,33,40,48,29,23,73,50,13,36" hai3="75,79,98,15,116,88,108,100,93,134,31,132,109"/><T97/><D35/><U111/><E111/><N who="3" m="42570" /><G15/><T125/><D117/><U26/><E107/><V56/><F50/><W60/><G31/><T55/><D125/><U87/><E2/><V11/><F95/><W38/><G60/><T96/><D67/><U1/><E1/><V44/><F73/><W110/><G38/><T51/><D76/><U42/><E42/><V4/><F56/><W102/><G116/><T64/><N who="0" m="17408" /><DORA hai="59" /><T41/><D64/><U49/><E124/><V80/><F80/><N who="3" m="45183" /><G110/><T53/><D101/><AGARI ba="0,0" hai="88,93,98,100,101,102,132,134" m="45183,42570" machi="101" ten="30,3900,0" yaku="34,2,54,1" doraHai="12,59" who="3" fromWho="0" sc="234,-39,238,0,218,0,310,39" /><INIT seed="5,0,0,5,1,101" ten="195,238,218,349" oya="1" hai0="17,90,13,37,68,48,24,66,14,130,69,70,72" hai1="79,42,12,44,87,119,133,126,36,2,56,80,47" hai2="16,65,106,125,115,15,132,27,33,0,7,52,49" hai3="62,34,40,129,84,58,134,51,121,82,30,131,64"/><U122/><E119/><V59/><F125/><W83/><G121/><T29/><D37/><U97/><E122/><V85/><F132/><W108/><G108/><T102/><D102/><U89/><E2/><V93/><F115/><W4/><G134/><T128/><D72/><U50/><E126/><V99/><F65/><W25/><G4/><T54/><D90/><U112/><E112/><V57/><F0/><W96/><G96/><T135/><D135/><U76/><E133/><V116/><F106/><W28/><G28/><T26/><D66/><U95/><E56/><N who="2" m="32783" /><F33/><W39/><G39/><T1/><D1/><U3/><E3/><V77/><F27/><N who="0" m="10282" /><D29/><U78/><REACH who="1" step="1"/><E12/><REACH who="1" ten="195,228,218,349" step="2"/><V110/><F116/><W113/><G113/><T94/><D13/><U107/><E107/><V22/><F110/><W120/><G120/><T18/><D14/><U10/><E10/><V11/><F11/><W46/><G129/><T19/><D128/><U81/><E81/><N who="2" m="47279" /><F7/><W92/><G131/><T23/><D130/><U71/><E71/><V32/><F32/><W60/><G83/><T100/><D69/><U109/><E109/><V8/><F8/><W21/><G34/><T35/><D35/><U73/><E73/><V61/><F61/><N who="3" m="37943" /><G92/><T53/><D70/><U38/><E38/><V105/><F105/><W31/><G62/><T20/><D68/><U118/><E118/><V124/><F124/><W43/><G60/><T88/><D20/><U45/><E45/><V41/><F59/><W114/><G114/><T127/><D23/><U111/><E111/><V104/><F57/><W9/><G9/><RYUUKYOKU ba="0,1" sc="195,-10,228,30,218,-10,349,-10" hai1="36,42,44,47,50,76,78,79,80,87,89,95,97" /><INIT seed="5,1,1,2,2,46" ten="185,258,208,339" oya="1" hai0="102,108,81,109,79,85,6,76,106,123,38,89,33" hai1="12,23,129,56,26,68,105,77,114,11,120,29,98" hai2="34,80,100,37,27,52,72,131,42,9,73,133,41" hai3="0,74,61,69,16,65,53,47,93,54,51,115,48"/><U66/><E120/><V32/><F27/><W5/><G74/><T88/><D33/><U22/><E114/><V10/><F100/><W112/><G93/><N who="0" m="54415" /><D38/><U17/><E129/><V58/><F131/><W31/><G31/><T126/><D6/><U14/><E68/><V63/><F72/><W3/><G5/><T122/><D126/><U4/><E77/><N who="0" m="29769" /><D102/><U90/><E105/><V117/><F117/><W132/><G132/><T125/><D106/><U118/><E118/><V49/><F37/><W71/><G71/><T134/><D134/><U21/><E21/><V130/><F34/><W103/><G103/><T87/><D125/><U40/><E40/><N who="2" m="15467" /><F32/><W67/><G0/><T18/><D18/><U7/><E7/><V135/><F73/><W15/><G3/><T84/><D84/><U92/><E56/><N who="2" m="32783" /><F130/><W2/><G2/><T30/><D30/><U124/><E124/><V96/><F135/><W119/><G119/><T62/><D62/><U1/><E1/><V128/><F128/><W60/><G60/><T43/><D43/><U75/><E75/><V110/><F110/><AGARI ba="1,1" hai="81,87,89,108,109,110,122,123" m="29769,54415" machi="110" ten="30,3900,0" yaku="34,2,54,1" doraHai="46" who="0" fromWho="2" sc="185,52,258,0,208,-42,339,0" /><INIT seed="6,0,0,0,1,6" ten="237,258,166,339" oya="2" hai0="68,59,110,5,76,118,28,119,123,102,19,25,24" hai1="82,16,113,23,84,41,125,9,20,111,53,91,31" hai2="99,112,17,134,44,35,71,54,36,129,130,39,124" hai3="65,98,13,95,1,2,58,66,73,38,108,45,106"/><V78/><F35/><W56/><G73/><T100/><D68/><U63/><E111/><V61/><F78/><W11/><G106/><T74/><D110/><U42/><E113/><V30/><F30/><W40/><G108/><T115/><D5/><U8/><E125/><V43/><F99/><W121/><G121/><T128/><D115/><U131/><E131/><N who="2" m="50187" /><F112/><W26/><G26/><T51/><D128/><U105/><E105/><V27/><F124/><W50/><G38/><T60/><D123/><U75/><E75/><V89/><F89/><N who="3" m="55663" /><G1/><T22/><D51/><U69/><E23/><N who="2" m="13807" /><F134/><W135/><G2/><T85/><D74/><U93/><E31/><V97/><F97/><W117/><G135/><T37/><D37/><U79/><E79/><V107/><F107/><W77/><G77/><T46/><D76/><U114/><E114/><V116/><F116/><W34/><G34/><T81/><D28/><U14/><E93/><V122/><F122/><W104/><G104/><T133/><D119/><U32/><E32/><V96/><F96/><W21/><G21/><T3/><D133/><U88/><E91/><V90/><F90/><W62/><G117/><T101/><D118/><U87/><E87/><V55/><F36/><W47/><G47/><T120/><D46/><U70/><E70/><V67/><AGARI ba="0,0" hai="39,43,44,54,55,61,67,71" m="13807,50187" machi="67" ten="30,1500,0" yaku="19,1" doraHai="6" who="2" fromWho="2" sc="237,-5,258,-5,166,15,339,-5" /><INIT seed="6,1,0,4,5,69" ten="232,253,181,334" oya="2" hai0="13,6,80,63,128,125,112,21,57,122,7,1,10" hai1="107,0,117,72,36,39,31,114,29,46,75,95,113" hai2="2,135,56,127,81,130,54,55,116,37,74,120,68" hai3="93,85,18,97,133,59,96,38,66,104,124,118,48"/><V121/><RYUUKYOKU type="yao9" ba="1,0" sc="232,0,253,0,181,0,334,0" hai2="2,37,54,55,56,68,74,81,116,120,121,127,130,135" /><INIT seed="6,2,0,2,3,111" ten="232,253,181,334" oya="2" hai0="132,51,55,95,89,79,118,87,60,122,100,85,34" hai1="18,96,48,1,38,124,22,36,104,27,23,59,68" hai2="21,58,125,39,13,74,44,115,11,5,103,114,66" hai3="31,91,77,123,130,28,109,37,108,61,67,57,88"/><V20/><F74/><W30/><G123/><T116/><D122/><U75/><E124/><V41/><F103/><W102/><G37/><T72/><D34/><U121/><E68/><V128/><F125/><W9/><G130/><T73/><D132/><U117/><E117/><N who="0" m="45161" /><D60/><U33/><E33/><V98/><F98/><W80/><G102/><T25/><D25/><U81/><E1/><V19/><F128/><W69/><G69/><T7/><D7/><U29/><E121/><V2/><REACH who="2" step="1"/><F21/><REACH who="2" ten="232,253,171,334" step="2"/><W8/><G108/><T42/><D100/><U3/><E96/><V26/><F26/><W129/><G109/><T135/><D73/><U110/><E110/><V63/><AGARI ba="2,1" hai="2,5,11,13,19,20,39,41,44,58,63,66,114,115" machi="63" ten="30,11700,0" yaku="1,1,0,1,52,2,53,0" doraHai="111" doraHaiUra="90" who="2" fromWho="2" sc="232,-41,253,-41,171,133,334,-41" /><INIT seed="6,3,0,1,0,43" ten="191,212,304,293" oya="2" hai0="96,41,116,34,47,37,14,74,49,29,6,105,32" hai1="9,111,76,33,56,123,103,114,128,23,100,40,130" hai2="121,18,92,63,19,102,132,125,20,79,120,21,25" hai3="11,55,2,5,129,73,86,97,8,89,131,52,66"/><V10/><F125/><W50/><G73/><T127/><D127/><U84/><E33/><V16/><F132/><W69/><G97/><T4/><D74/><U72/><E111/><V59/><F79/><W24/><G24/><T42/><D116/><U30/><E72/><V0/><F0/><W110/><G110/><T99/><D29/><U133/><E133/><V36/><F36/><W7/><G66/><T109/><D109/><U31/><E114/><V77/><F77/><W126/><G69/><T64/><D64/><U1/><E56/><V35/><F35/><W122/><G122/><T135/><D135/><U112/><E112/><V87/><F10/><W65/><G65/><T95/><D105/><U60/><E60/><V106/><F106/><W45/><G55/><T28/><D28/><N who="1" m="10795" /><E23/><V81/><F120/><W90/><G126/><T51/><D14/><U88/><E40/><V71/><F71/><W12/><REACH who="3" step="1"/><G89/><REACH who="3" ten="191,212,304,283" step="2"/><T83/><D37/><U61/><E123/><V82/><F25/><W68/><G68/><T62/><D32/><U107/><E76/><V13/><F121/><W44/><G44/><T115/><D47/><U3/><E103/><V70/><F70/><W58/><G58/><T26/><D34/><U85/><E88/><N who="2" m="53279" /><F102/><W91/><G91/><T98/><D98/><U39/><E100/><V53/><F21/><W94/><AGARI ba="3,1" hai="2,5,7,8,11,12,45,50,52,86,90,94,129,131" machi="94" ten="30,7900,0" yaku="1,1,0,1,52,1,54,1,53,0" doraHai="43" doraHaiUra="118" who="3" fromWho="3" sc="191,-23,212,-23,304,-42,283,98" /><INIT seed="7,0,0,2,2,133" ten="168,189,262,381" oya="3" hai0="17,46,7,12,106,71,98,33,96,55,66,95,8" hai1="57,123,118,67,127,16,41,122,30,131,81,56,84" hai2="36,120,77,135,25,64,38,15,32,69,26,129,70" hai3="109,2,5,14,28,68,100,134,78,60,121,47,27"/><W112/><G121/><T3/><D33/><U103/><E30/><V110/><F15/><W22/><G2/><T40/><D55/><U48/><E131/><V74/><F77/><W19/><G134/><T0/><D106/><U23/><E118/><V45/><F45/><W105/><G112/><T89/><D98/><U101/><E127/><V37/><F37/><W117/><G78/><T39/><REACH who="0" step="1"/><D17/><REACH who="0" ten="158,189,262,381" step="2"/><U126/><E126/><V82/><F32/><W50/><G19/><T108/><D108/><U42/><E123/><V20/><F110/><W4/><G105/><T21/><D21/><U31/><E122/><V11/><F20/><W114/><G22/><T63/><AGARI ba="0,1" hai="0,3,7,8,12,39,40,46,63,66,71,89,95,96" machi="63" ten="30,4000,0" yaku="1,1,0,1,53,1" doraHai="133" doraHaiUra="58" who="0" fromWho="0" sc="158,50,189,-10,262,-10,381,-20" owari="208,-19.0,179,-32.0,252,5.0,361,46.0" /></mjloggm>