<mjloggm ver="2.3"><GO type="97" lobby="0"/><UN n0="%E3%83%A9%E3%82%A4%E3%83%A9%E3%83%83%E3%82%AF" n1="%E5%B0%B1%E6%B4%BB%E7%94%9F%40%E5%B7%9D%E6%9D%91%E8%BB%8D%E5%9B%A3" n2="%E3%81%8D%E3%81%95%E3%82%93%E3%81%98" n3="%E3%81%8C%E3%81%8A%E3%83%BC" dan="13,14,14,15" rate="1873.56,1978.97,1987.01,2060.95" sx="M,M,M,M"/><TAIKYOKU oya="0"/><INIT seed="0,0,0,1,3,18" ten="250,250,250,250" oya="0" hai0="111,96,0,26,133,77,128,113,134,70,85,97,109" hai1="3,22,54,119,43,59,61,100,57,41,58,117,123" hai2="48,42,20,55,38,78,1,30,16,34,110,94,82" hai3="127,102,69,126,132,4,17,32,25,83,13,50,10"/><T121/><D70/><U112/><E3/><V35/><F1/><W129/><G69/><T65/><D0/><U86/><E123/><V118/><F118/><W62/><G62/><T19/><D121/><U39/><E112/><V92/><F110/><N who="0" m="41994" /><D65/><U81/><E100/><V101/><F42/><N who="1" m="15881" /><E39/><V44/><F38/><W114/><G50/><T6/><D6/><U29/><E117/><V122/><F30/><N who="3" m="19535" /><G102/><T107/><D128/><U89/><E119/><V130/><F130/><W105/><G83/><N who="0" m="47343" /><D113/><U23/><E29/><V8/><F8/><N who="3" m="6311" /><G105/><T45/><D45/><U40/><N who="1" m="15889" /><U9/><DORA hai="73" /><E9/><V84/><F122/><W120/><G129/><T12/><D26/><U11/><E11/><V46/><F46/><W88/><G120/><T75/><D75/><U93/><E93/><N who="2" m="35947" /><F35/><W47/><G47/><T115/><D115/><U15/><E15/><N who="2" m="9247" /><F34/><W104/><G114/><T2/><D2/><U125/><E125/><V63/><F63/><W98/><G126/><T108/><N who="0" m="42002" /><T76/><DORA hai="60" /><D107/><U72/><E72/><V5/><F5/><W67/><G104/><T64/><D64/><N who="1" m="38959" /><E58/><V74/><F74/><W71/><G67/><T24/><D24/><U49/><AGARI ba="0,0" hai="22,23,49,54,59,81,86,89" m="38959,15889" machi="49" ten="30,7900,0" yaku="8,1,52,3" doraHai="18,73,60" who="1" fromWho="1" sc="250,-39,250,79,250,-20,250,-20" /><INIT seed="1,0,0,5,3,82" ten="211,329,230,230" oya="1" hai0="87,25,18,68,34,134,127,122,13,117,36,133,42" hai1="35,105,55,75,53,39,15,4,61,64,58,21,44" hai2="130,40,96,16,128,9,118,92,113,26,1,91,80" hai3="94,85,45,62,19,70,3,10,59,47,107,49,51"/><U56/><E35/><V95/><F40/><W20/><G70/><T30/><D68/><U97/><E75/><V37/><F37/><W65/><G107/><T76/><D117/><U31/><E39/><V119/><F80/><W17/><G3/><T5/><D5/><U120/><E120/><V125/><F95/><W41/><G10/><T132/><D122/><U83/><E83/><V93/><F93/><W73/><G73/><T66/><D66/><U99/><E105/><V7/><F125/><W102/><G20/><T32/><D127/><U14/><E44/><V69/><F69/><W79/><G102/><T57/><D57/><U78/><E78/><V135/><F135/><W77/><G77/><T121/><D121/><U22/><E64/><V124/><F124/><W115/><G115/><T123/><D123/><U114/><E114/><V111/><F111/><W100/><G100/><T0/><D0/><U74/><E74/><V106/><F106/><W131/><G131/><N who="2" m="50217" /><F113/><W89/><G79/><T90/><D76/><U63/><E31/><V103/><F103/><W38/><G38/><T88/><D90/><U48/><E48/><V52/><F119/><W98/><G98/><T112/><D112/><U109/><E109/><V33/><F118/><W129/><G129/><T81/><D34/><U108/><E108/><V11/><F33/><W12/><G12/><T101/><D101/><U8/><E8/><V110/><F110/><W50/><G50/><T84/><D36/><U86/><E4/><V2/><F2/><W46/><G46/><T28/><D32/><U27/><E27/><RYUUKYOKU ba="0,0" sc="211,-15,329,15,230,-15,230,15" hai1="14,15,21,22,53,55,56,58,61,63,86,97,99" hai3="17,19,41,45,47,49,51,59,62,65,85,89,94" /><INIT seed="1,1,0,4,0,2" ten="196,344,215,245" oya="1" hai0="31,124,29,128,120,89,71,129,62,98,38,4,50" hai1="126,59,92,95,39,70,36,80,45,18,14,52,46" hai2="63,108,64,1,19,68,12,13,119,105,40,72,93" hai3="131,5,23,100,30,65,51,101,25,28,79,77,48"/><U78/><E70/><V132/><F72/><W123/><G123/><T115/><D38/><U58/><E126/><V97/><F1/><W76/><G131/><N who="0" m="50251" /><D115/><U103/><E39/><V121/><F121/><W27/><G65/><N who="0" m="41399" /><D124/><U35/><E35/><V57/><F119/><W109/><G109/><T8/><D50/><N who="3" m="18985" /><G5/><T130/><N who="0" m="50259" /><T74/><DORA hai="32" /><D74/><U69/><E69/><V125/><F108/><W127/><G127/><T106/><D120/><U44/><E36/><V85/><F125/><W114/><G114/><T134/><D134/><U20/><E103/><N who="3" m="39498" /><G23/><T3/><D106/><U75/><REACH who="1" step="1"/><E58/><REACH who="1" ten="196,334,215,245" step="2"/><V9/><F57/><W110/><G110/><T49/><D49/><AGARI ba="1,1" hai="14,18,20,44,45,46,49,52,59,75,78,80,92,95" machi="49" ten="40,12000,1" yaku="1,1,2,1,54,1,53,1" doraHai="2,32" doraHaiUra="96,47" who="1" fromWho="0" sc="196,-123,334,133,215,0,245,0" /><BYE who="0" /><INIT seed="1,2,0,1,4,49" ten="73,467,215,245" oya="1" hai0="108,74,78,33,72,107,19,121,130,25,43,79,30" hai1="112,51,31,117,47,118,45,75,101,27,4,28,73" hai2="127,18,21,83,131,89,86,16,64,9,77,109,135" hai3="0,111,134,81,11,106,26,97,35,20,123,60,58"/><U120/><E112/><V71/><F135/><UN n0="%E3%83%A9%E3%82%A4%E3%83%A9%E3%83%83%E3%82%AF" /><W52/><G123/><T48/><D48/><U22/><BYE who="0" /><E120/><UN n0="%E3%83%A9%E3%82%A4%E3%83%A9%E3%83%83%E3%82%AF" /><V46/><BYE who="0" /><F131/><W14/><G35/><T62/><D62/><U41/><E101/><V61/><F127/><W23/><G111/><T2/><D2/><U119/><E31/><V114/><F109/><W102/><G134/><T80/><D80/><U54/><REACH who="1" step="1"/><E4/><REACH who="1" ten="73,457,215,245" step="2"/><V70/><F114/><W76/><G102/><T99/><D99/><U105/><E105/><V53/><F18/><W85/><G97/><T34/><D34/><U8/><E8/><V82/><F9/><W55/><G106/><T95/><D95/><U84/><E84/><V5/><F5/><N who="3" m="3439" /><G0/><T115/><D115/><U104/><E104/><V6/><F6/><W12/><G12/><T10/><D10/><U133/><E133/><V90/><F16/><N who="3" m="12551" /><G23/><T100/><D100/><U39/><AGARI ba="2,1" hai="22,27,28,39,41,45,47,51,54,73,75,117,118,119" machi="39" ten="30,12000,1" yaku="1,1,0,1,52,1,53,2" doraHai="49" doraHaiUra="42" who="1" fromWho="1" sc="73,-42,457,136,215,-42,245,-42" /><INIT seed="1,3,0,1,2,16" ten="31,593,173,203" oya="1" hai0="29,0,89,65,84,45,101,59,47,26,92,102,67" hai1="33,56,107,122,10,46,93,125,86,2,114,127,79" hai2="117,123,111,124,3,60,7,53,106,58,20,95,24" hai3="94,43,103,118,50,49,70,120,64,14,116,99,23"/><U51/><E33/><V55/><F106/><W21/><G120/><T82/><D82/><U32/><E107/><V133/><F123/><W28/><G64/><T22/><D22/><N who="3" m="8201" /><G70/><T4/><D4/><U27/><E114/><V15/><F117/><N who="3" m="45163" /><G28/><T88/><D88/><N who="1" m="53399" /><E79/><V6/><F3/><W62/><G62/><T131/><D131/><U128/><E128/><V18/><F133/><W44/><G14/><T63/><D63/><U75/><E75/><V71/><F71/><W35/><G35/><T78/><D78/><U108/><E108/><V76/><F111/><W69/><G69/><T77/><D77/><U104/><E104/><V129/><F76/><W85/><G85/><T132/><D132/><U113/><E113/><V134/><F124/><N who="1" m="47689" /><E122/><V126/><F134/><W96/><G96/><T112/><D112/><U36/><E32/><V25/><F129/><W72/><G72/><T121/><D121/><U41/><E27/><N who="2" m="10315" /><F126/><W98/><G98/><T87/><D87/><U68/><E68/><V61/><F95/><W1/><G1/><T115/><D115/><U119/><E119/><V97/><F97/><W19/><G19/><T110/><D110/><U73/><E73/><V135/><F135/><W37/><AGARI ba="3,0" hai="37,43,44,49,50,94,99,103" m="45163,8201" machi="37" ten="30,7900,0" yaku="12,1,52,3" doraHai="16" who="3" fromWho="3" sc="31,-23,593,-42,173,-23,203,88" /><INIT seed="2,0,0,5,0,61" ten="8,551,150,291" oya="2" hai0="36,24,74,51,18,19,59,109,134,107,118,64,115" hai1="13,47,66,38,125,41,135,2,92,110,35,57,84" hai2="80,50,60,117,122,62,112,1,69,33,78,40,15" hai3="95,104,99,30,32,124,114,29,94,116,91,55,88"/><V6/><F1/><W105/><G116/><T120/><D120/><U49/><E2/><V28/><F122/><W128/><G128/><T27/><D27/><U8/><E35/><V100/><F100/><W48/><G124/><T76/><D76/><U81/><E110/><V72/><F117/><W16/><G114/><T68/><D68/><U89/><E125/><V103/><F103/><W86/><G32/><T102/><D102/><U31/><E135/><V70/><F112/><W7/><G7/><T65/><D65/><U101/><E31/><V126/><F28/><W133/><G133/><T20/><D20/><U14/><E38/><V34/><F33/><W75/><G75/><T17/><D17/><U123/><E123/><V96/><F34/><W44/><G105/><T93/><D93/><U37/><E37/><V11/><F126/><W43/><G104/><T58/><D58/><U10/><E101/><V90/><F96/><W42/><G30/><T87/><D87/><U54/><E92/><V5/><F90/><W82/><G29/><T0/><D0/><U83/><E83/><V52/><F40/><W67/><G67/><T131/><D131/><U63/><E41/><V113/><F113/><W111/><G111/><T108/><D108/><U73/><E73/><V45/><F5/><W21/><REACH who="3" step="1"/><G82/><REACH who="3" ten="8,551,150,281" step="2"/><T46/><D46/><U25/><E47/><V9/><F70/><W77/><G77/><T3/><D3/><U119/><E119/><V12/><F69/><W121/><G121/><T97/><D97/><U23/><E81/><V85/><F72/><W127/><G127/><RYUUKYOKU ba="0,1" sc="8,-15,551,-15,150,15,281,15" hai2="6,9,11,12,15,45,50,52,60,62,78,80,85" hai3="16,21,42,43,44,48,55,86,88,91,94,95,99" owari="-7,-51.0,546,64.0,165,-23.0,296,10.0" /></mjloggm>