<mjloggm ver="2.3"><GO type="97" lobby="0"/><UN n0="%43%61%6C%6B%61%6E" n1="%EF%BC%98%E7%95%AA%E3%83%A9%E3%82%A4%E3%83%88%E5%A4%A7%E8%B0%B7" n2="%E5%B0%B1%E6%B4%BB%E7%94%9F%40%E5%B7%9D%E6%9D%91%E8%BB%8D%E5%9B%A3" n3="%6D%61%65%2D%6B%65%6E%6E" dan="14,14,15,13" rate="1902.22,1970.77,1962.73,1866.27" sx="M,F,M,M"/><TAIKYOKU oya="0"/><INIT seed="0,0,0,1,5,127" ten="250,250,250,250" oya="0" hai0="48,117,5,124,95,85,109,51,70,32,122,0,116" hai1="79,13,72,111,37,107,126,40,73,23,135,89,16" hai2="20,4,52,129,132,11,68,33,88,21,61,75,19" hai3="35,50,45,84,91,41,6,46,26,106,65,110,18"/><T42/><D122/><U44/><E126/><V123/><F75/><W17/><G106/><T29/><D124/><U90/><E135/><V30/><F33/><W115/><G115/><T1/><D70/><U24/><E107/><V120/><F132/><W10/><G110/><T130/><D109/><U14/><E111/><V69/><F129/><W96/><G65/><T58/><D130/><U102/><E102/><V62/><F30/><W97/><G35/><T38/><D32/><U28/><E13/><V77/><F77/><W133/><G133/><T131/><D131/><U22/><REACH who="1" step="1"/><E79/><REACH who="1" ten="250,240,250,250" step="2"/><V125/><F125/><W36/><G26/><T59/><D1/><U54/><E54/><V100/><F100/><W15/><G96/><T76/><D116/><U119/><E119/><V105/><F105/><W112/><G97/><T134/><D117/><U56/><E56/><V39/><F69/><W98/><G98/><T2/><D134/><U53/><E53/><V12/><F68/><W7/><G112/><T27/><D2/><U82/><E82/><V31/><F120/><W92/><G7/><T25/><D0/><U80/><E80/><V81/><F123/><W86/><G6/><T55/><D5/><U121/><E121/><V60/><F52/><W83/><G15/><T94/><D76/><U66/><E66/><V101/><F101/><W34/><G83/><T63/><D29/><U64/><E64/><V104/><F104/><W9/><G92/><T57/><D94/><U87/><E87/><N who="2" m="50287" /><F31/><W78/><G84/><T103/><D85/><U118/><E118/><V47/><F4/><RYUUKYOKU ba="0,1" sc="250,-15,240,15,250,15,250,-15" hai1="14,16,22,23,24,28,37,40,44,72,73,89,90" hai2="11,12,19,20,21,39,47,60,61,62" /><INIT seed="1,1,1,3,0,81" ten="235,255,265,235" oya="1" hai0="117,125,8,47,95,23,50,74,96,18,4,40,72" hai1="32,113,42,103,64,115,10,43,14,107,11,63,36" hai2="69,78,128,49,15,130,46,37,3,132,127,133,26" hai3="89,48,29,77,54,112,53,116,38,1,93,7,98"/><U58/><E32/><V16/><F3/><W34/><G112/><T114/><D125/><U39/><E103/><V67/><F37/><W17/><G116/><T118/><D114/><U35/><E35/><V83/><F26/><W28/><G38/><T33/><D33/><U0/><E0/><V84/><F67/><W108/><G108/><T91/><D118/><U97/><E97/><V57/><F57/><W56/><G77/><T44/><D117/><U30/><E30/><V52/><F69/><W92/><G34/><T134/><D134/><N who="2" m="51818" /><F127/><W126/><G126/><T129/><D129/><U65/><E14/><V102/><F102/><W121/><G121/><T55/><D8/><AGARI ba="1,1" hai="8,15,16,46,49,52,78,83,84,128,130" m="51818" machi="8" ten="30,7700,0" yaku="20,1,52,1,54,2" doraHai="81" who="2" fromWho="0" sc="235,-80,255,0,265,90,235,0" /><INIT seed="2,0,0,2,1,73" ten="155,255,355,235" oya="2" hai0="122,63,109,47,34,71,133,6,70,107,57,92,61" hai1="26,27,90,12,24,134,37,97,83,45,125,52,121" hai2="127,86,76,35,117,84,94,67,66,10,102,100,135" hai3="30,28,42,32,72,0,118,11,110,46,43,123,116"/><V44/><F35/><W56/><G123/><T48/><D122/><U85/><E121/><V88/><F117/><W18/><G56/><T74/><D107/><U81/><E134/><V132/><F127/><W40/><G110/><T19/><D109/><U60/><E125/><V9/><F44/><W20/><G46/><T99/><D133/><N who="2" m="51274" /><F10/><W62/><G62/><T58/><D34/><U87/><E97/><V23/><F23/><W29/><G72/><T80/><D6/><U113/><E37/><V31/><F31/><W51/><G51/><T89/><D19/><U104/><E104/><V16/><F66/><W120/><G120/><T54/><D74/><U75/><E75/><V3/><F67/><W7/><REACH who="3" step="1"/><G32/><REACH who="3" ten="155,255,355,225" step="2"/><T98/><D70/><U115/><E60/><V5/><F16/><W101/><G101/><T111/><D111/><U4/><E115/><V22/><F22/><W8/><G8/><T131/><D71/><U15/><E113/><V33/><F33/><W128/><G128/><T77/><D131/><U13/><E4/><V49/><F49/><W50/><G50/><T112/><D112/><U108/><E108/><V59/><F59/><W91/><G91/><T79/><D61/><U38/><E38/><V64/><F64/><W2/><G2/><T39/><D39/><U114/><E114/><V65/><F65/><W36/><G36/><T17/><D58/><U95/><E45/><V14/><F3/><W103/><G103/><N who="0" m="60871" /><D17/><U106/><E90/><V1/><F1/><W41/><N who="3" m="10752" /><DORA hai="119" /><W69/><G69/><T78/><D89/><U129/><E129/><RYUUKYOKU ba="0,1" sc="155,-15,255,-15,355,15,225,15" hai2="5,9,14,76,84,86,88,94,100,102" hai3="0,7,11,18,20,28,29,30,116,118" /><INIT seed="2,1,1,2,5,113" ten="140,240,370,240" oya="2" hai0="103,117,34,33,128,26,73,40,81,31,19,90,88" hai1="80,61,25,106,51,98,1,48,133,45,82,30,41" hai2="11,118,120,111,58,105,99,125,102,43,68,46,3" hai3="100,64,50,6,108,112,63,96,17,107,131,71,0"/><V62/><F120/><W15/><G112/><T83/><D128/><U92/><E106/><V124/><F111/><W13/><G108/><T44/><D103/><U66/><E1/><V127/><F3/><W76/><G131/><T74/><D19/><U93/><E51/><N who="2" m="27103" /><F11/><W67/><G76/><T16/><D16/><U4/><E4/><V54/><F68/><W75/><G75/><T28/><D44/><U72/><E72/><V38/><F38/><W52/><G64/><T79/><D40/><U129/><E92/><V78/><F78/><W89/><G89/><T104/><D104/><U122/><E129/><V132/><F132/><W87/><G87/><T91/><D117/><AGARI ba="1,1" hai="54,58,62,99,102,105,117,118,124,125,127" m="27103" machi="117" ten="30,5800,0" yaku="18,1,52,2" doraHai="113" who="2" fromWho="0" sc="140,-61,240,0,370,71,240,0" /><INIT seed="2,2,0,4,4,111" ten="79,240,441,240" oya="2" hai0="18,24,79,39,71,133,125,119,135,109,19,81,99" hai1="122,104,69,76,82,21,89,103,106,128,29,78,40" hai2="20,31,41,43,84,113,70,5,73,30,51,25,17" hai3="72,32,66,105,131,85,37,4,95,13,75,9,67"/><V57/><F73/><W98/><G131/><T0/><D39/><U93/><E69/><V87/><F70/><W62/><G37/><T2/><D71/><U88/><E40/><V118/><F118/><W92/><G32/><T27/><D99/><N who="1" m="59887" /><E21/><V47/><F5/><W34/><G34/><T94/><D94/><U44/><E44/><V120/><F120/><W77/><G105/><N who="1" m="40554" /><E29/><V127/><F127/><W6/><G6/><T65/><D81/><U117/><E117/><V54/><F43/><W33/><G33/><T50/><D79/><N who="1" m="30251" /><E128/><V1/><F1/><N who="0" m="618" /><D65/><U123/><E82/><V63/><F31/><W129/><G129/><T26/><D50/><U102/><E102/><V55/><F41/><W8/><G66/><T42/><D42/><U115/><E115/><V56/><F113/><W132/><G67/><T121/><D119/><U38/><E38/><V83/><F47/><W74/><G62/><T116/><D116/><U7/><E7/><V100/><F100/><W12/><G74/><T36/><D36/><U16/><E16/><N who="0" m="6185" /><D121/><AGARI ba="2,0" hai="88,89,121,122,123" m="30251,40554,59887" machi="121" ten="30,7700,0" yaku="13,1,34,2,54,1" doraHai="111" who="1" fromWho="0" sc="79,-83,240,83,441,0,240,0" owari="-4,-50.0,323,12.0,441,54.0,240,-16.0" /></mjloggm>