<mjloggm ver="2.3"><GO type="41" lobby="0"/><UN n0="%E3%82%AD%E3%82%AA%74%7A" n1="%76%61%6E%69%6C%6C%65" n2="%E5%B0%B1%E6%B4%BB%E7%94%9F%40%E5%B7%9D%E6%9D%91%E8%BB%8D%E5%9B%A3" n3="%63%68%6F%6E%6A%69" dan="13,14,16,14" rate="1927.41,1929.79,2169.58,1984.11" sx="M,M,M,M"/><TAIKYOKU oya="0"/><INIT seed="0,0,0,2,1,56" ten="250,250,250,250" oya="0" hai0="16,117,66,127,106,128,47,122,100,74,126,94,50" hai1="92,103,27,110,123,49,41,116,90,63,4,121,2" hai2="60,71,46,67,51,7,28,18,37,105,65,1,38" hai3="19,76,119,102,14,13,34,53,72,40,23,99,24"/><T98/><D122/><U61/><E116/><V20/><F105/><W70/><G119/><T79/><D117/><U5/><E103/><V96/><F65/><W31/><G40/><T131/><D66/><U44/><E2/><V77/><F77/><W133/><G133/><T68/><D68/><U108/><E123/><V118/><F28/><W10/><G53/><N who="0" m="29919" /><D74/><U35/><E121/><V54/><F118/><W81/><G70/><T75/><D75/><U115/><E115/><V135/><F135/><W124/><G124/><N who="0" m="47659" /><D79/><U52/><E41/><V22/><F22/><W120/><G120/><T0/><D0/><U42/><E42/><V43/><F7/><N who="1" m="2633" /><E35/><V15/><F1/><W129/><G129/><N who="0" m="49739" /><D16/><U88/><E90/><V107/><F43/><W3/><G3/><T39/><D39/><U12/><E12/><V134/><F134/><W11/><G14/><T80/><D80/><U32/><E27/><V64/><F64/><W59/><G59/><T83/><D83/><U78/><E78/><V25/><F25/><W89/><G89/><T114/><D114/><U29/><E29/><V8/><F8/><W30/><G30/><T17/><D17/><U6/><E6/><V86/><F38/><W97/><G97/><T113/><D113/><U73/><E73/><V112/><F112/><W95/><AGARI ba="0,0" hai="10,11,13,19,23,24,31,34,72,76,81,95,99,102" machi="95" ten="20,1500,0" yaku="0,1,7,1" doraHai="56" who="3" fromWho="3" sc="250,-7,250,-4,250,-4,250,15" /><INIT seed="1,0,0,5,5,67" ten="243,246,246,265" oya="1" hai0="103,11,96,99,16,102,87,51,12,1,49,26,101" hai1="32,68,23,135,74,54,91,75,28,95,127,24,86" hai2="29,100,92,106,115,108,128,4,81,19,82,17,132" hai3="134,73,44,37,46,30,72,71,52,122,25,65,105"/><U125/><E135/><V21/><F106/><W43/><G134/><T93/><D1/><U83/><E32/><V76/><F132/><W41/><G52/><T117/><D117/><U126/><E54/><V79/><F4/><W59/><G59/><T107/><D26/><U111/><E111/><V121/><F121/><W70/><G122/><T130/><D130/><U63/><E83/><V88/><F100/><W13/><G13/><T40/><D40/><U55/><E55/><V118/><F118/><W64/><G64/><AGARI ba="0,0" hai="23,24,28,63,64,68,74,75,86,91,95,125,126,127" machi="64" ten="40,3900,0" yaku="18,1,52,1" doraHai="67" who="1" fromWho="3" sc="243,0,246,39,246,0,265,-39" /><INIT seed="1,1,0,5,5,64" ten="243,285,246,226" oya="1" hai0="67,109,68,53,12,10,127,39,103,96,104,27,49" hai1="21,79,84,117,19,106,43,32,59,134,34,107,90" hai2="95,121,111,120,38,37,81,99,9,73,97,112,100" hai3="108,94,22,2,132,70,29,44,5,93,23,130,61"/><U74/><E117/><V65/><F112/><W89/><G108/><T118/><D118/><U119/><E119/><V114/><F114/><W78/><G130/><T91/><D127/><U20/><E43/><V102/><F65/><W4/><G132/><T133/><D133/><U6/><E6/><V50/><F111/><W66/><G94/><T131/><D131/><U41/><E41/><V7/><F38/><W105/><G105/><T75/><D75/><U126/><E21/><V58/><F37/><W47/><G78/><T128/><D128/><U60/><E79/><V51/><F81/><W123/><G123/><T83/><D109/><U16/><E74/><V24/><F24/><W3/><G5/><T15/><D39/><U46/><E46/><V31/><F31/><W42/><G22/><T82/><D15/><U69/><E19/><V115/><F73/><W63/><G63/><T1/><D1/><U52/><E69/><V87/><F87/><W40/><G40/><T135/><D135/><U92/><E134/><V45/><F115/><W26/><G42/><T113/><D68/><U56/><E126/><V110/><F110/><W48/><G48/><T85/><D67/><U72/><E72/><V28/><F50/><W30/><G3/><T17/><D113/><U129/><E129/><V80/><F51/><W124/><G30/><T101/><D27/><N who="1" m="14727" /><E59/><V13/><F58/><W18/><G29/><T125/><D125/><U36/><E36/><V76/><F120/><W88/><G124/><T55/><D103/><N who="2" m="39466" /><F121/><W71/><G71/><T25/><D25/><U62/><E62/><RYUUKYOKU ba="1,0" sc="243,-10,285,30,246,-10,226,-10" hai1="32,34,52,56,60,84,90,92,106,107" /><INIT seed="1,2,0,3,3,54" ten="233,315,236,216" oya="1" hai0="13,49,35,40,132,48,109,80,70,52,106,90,63" hai1="128,32,71,83,98,27,74,122,17,37,59,119,111" hai2="16,57,118,15,1,41,50,94,39,134,61,67,34" hai3="21,84,102,97,10,2,7,66,45,4,110,28,25"/><U42/><E122/><V121/><F1/><W92/><G110/><T26/><D132/><U135/><E119/><V11/><F118/><W73/><G73/><T75/><D109/><U22/><E32/><V100/><F134/><W9/><G84/><T93/><D106/><U46/><E71/><V44/><F121/><W62/><G45/><T114/><D114/><U96/><E111/><V3/><F3/><W30/><G30/><T31/><D13/><U77/><E128/><V20/><F34/><W131/><G131/><T56/><D70/><U29/><E135/><V99/><F39/><W78/><G78/><T133/><D133/><U117/><E117/><V60/><F60/><W125/><G125/><T8/><D8/><AGARI ba="2,0" hai="8,11,15,16,20,41,44,50,57,61,67,94,99,100" machi="8" ten="40,5200,0" yaku="8,1,52,1,54,1" doraHai="54" who="2" fromWho="0" sc="233,-58,315,0,236,58,216,0" /><INIT seed="2,0,0,0,4,9" ten="175,315,294,216" oya="2" hai0="85,97,115,75,127,3,128,62,59,67,22,69,120" hai1="68,39,6,43,17,11,105,54,118,66,33,99,95" hai2="125,73,21,53,1,126,20,119,116,88,0,12,4" hai3="80,111,103,60,87,81,135,77,23,70,122,98,18"/><V31/><F73/><W36/><G122/><T29/><D120/><U15/><E118/><N who="2" m="45099" /><F88/><W124/><G124/><N who="2" m="47721" /><F53/><W38/><G111/><T133/><D127/><U51/><E105/><V32/><F32/><W109/><G135/><T65/><D115/><U37/><E33/><V27/><F20/><W71/><G109/><T13/><D128/><U63/><E43/><V42/><F42/><W52/><G81/><T8/><D133/><U76/><E76/><V26/><F26/><W110/><G110/><T14/><D75/><U25/><E25/><V57/><F57/><W102/><G102/><T24/><D69/><U41/><E41/><V72/><F72/><W7/><G71/><T48/><D48/><U46/><E6/><V101/><F101/><AGARI ba="0,0" hai="11,15,17,37,39,46,51,54,63,66,68,95,99,101" machi="101" ten="30,2000,0" yaku="7,1,52,1" doraHai="9" who="1" fromWho="2" sc="175,0,315,20,294,-20,216,0" /><INIT seed="3,0,0,2,2,105" ten="175,335,274,216" oya="3" hai0="10,1,58,76,7,65,103,125,91,15,16,83,70" hai1="96,54,129,45,24,75,19,64,122,110,55,78,77" hai2="85,73,126,39,102,90,46,20,29,61,120,69,9" hai3="80,59,38,2,37,21,0,25,48,56,86,4,114"/><W104/><G114/><T117/><D117/><U84/><E122/><V82/><F120/><W22/><G104/><T23/><D125/><U63/><E110/><V98/><F126/><W34/><G34/><T135/><D135/><U5/><E5/><V41/><F9/><W43/><G59/><T47/><D70/><U28/><E129/><V112/><F112/><W107/><G107/><T100/><D91/><U119/><E75/><V99/><F73/><W89/><G21/><T130/><D47/><U53/><E45/><V40/><F40/><W51/><G51/><T68/><D68/><U93/><E19/><V134/><F134/><W113/><G113/><T49/><D130/><U36/><E84/><V62/><F69/><W115/><G115/><T131/><D131/><U88/><E36/><V111/><F111/><W127/><G127/><T67/><D67/><U35/><REACH who="1" step="1"/><E119/><REACH who="1" ten="175,325,274,216" step="2"/><V18/><F98/><W118/><G118/><T30/><D30/><U116/><E116/><V74/><F29/><W32/><G38/><T14/><D1/><U106/><E106/><V17/><F74/><W11/><G37/><T44/><D44/><U33/><E33/><V95/><F18/><W27/><G0/><T101/><D49/><U12/><E12/><AGARI ba="0,1" hai="12,17,20,39,41,46,61,62,82,85,90,95,99,102" machi="12" ten="30,1000,0" yaku="7,1" doraHai="105" who="2" fromWho="1" sc="175,0,325,-10,274,20,216,0" /><INIT seed="4,0,0,5,3,7" ten="175,315,294,216" oya="0" hai0="9,128,49,91,38,135,108,41,34,13,31,116,4" hai1="81,100,53,97,48,61,11,28,19,95,43,123,3" hai2="90,134,37,14,111,78,117,120,65,57,119,82,75" hai3="35,102,106,12,84,46,73,50,76,42,72,109,60"/><T6/><D116/><N who="2" m="44618" /><F37/><W33/><G84/><T67/><D38/><U103/><E123/><V10/><F111/><W126/><G109/><T87/><D108/><U20/><E28/><V124/><F124/><W15/><G126/><T59/><D128/><U68/><E43/><V44/><F134/><W18/><G60/><T69/><D135/><U107/><E81/><V85/><F44/><W71/><G12/><T70/><D4/><U63/><E68/><V32/><F32/><W64/><G64/><T89/><D70/><U66/><E107/><V122/><F57/><W113/><G113/><T131/><D131/><U51/><E51/><V24/><F24/><W8/><G71/><T1/><D69/><U58/><E63/><V45/><F45/><W93/><G106/><T125/><D125/><U16/><E66/><V92/><F65/><W114/><G114/><T112/><D112/><U36/><E36/><V79/><F79/><W54/><G42/><T83/><D1/><U132/><E132/><V25/><F25/><W17/><G76/><T40/><D91/><N who="1" m="55551" /><E48/><V94/><F94/><W0/><G0/><T121/><D121/><U74/><E3/><V30/><F30/><W101/><G35/><T130/><D130/><U2/><E2/><V133/><F133/><W115/><G33/><T29/><D34/><U99/><E74/><V129/><F129/><W86/><G73/><T96/><D96/><U21/><E99/><V23/><F23/><N who="1" m="8777" /><E19/><AGARI ba="0,0" hai="10,14,19,75,78,82,85,90,92,120,122" m="44618" machi="19" ten="30,2000,0" yaku="12,1,52,1" doraHai="7" who="2" fromWho="1" sc="175,0,315,-20,294,20,216,0" /><INIT seed="5,0,0,4,3,113" ten="175,295,314,216" oya="1" hai0="87,129,76,121,48,74,92,30,35,41,77,51,134" hai1="60,24,105,67,71,64,123,56,131,21,65,97,109" hai2="22,59,95,47,52,70,0,7,75,9,118,91,11" hai3="27,29,2,26,12,111,80,106,42,89,132,68,3"/><U43/><E123/><V99/><F70/><W84/><G111/><T108/><D108/><U53/><E109/><V73/><F118/><W10/><G132/><T107/><D107/><U79/><E131/><V61/><F11/><W8/><G8/><T34/><D129/><U39/><E79/><V45/><REACH who="2" step="1"/><F22/><REACH who="2" ten="175,295,304,216" step="2"/><W122/><G122/><T104/><D121/><U128/><E128/><V62/><F62/><W78/><G68/><T31/><D134/><U33/><E33/><V36/><F36/><W101/><G3/><T69/><D69/><U40/><E39/><V25/><F25/><W19/><G26/><T102/><D74/><AGARI ba="0,1" hai="0,7,9,45,47,52,59,61,73,74,75,91,95,99" machi="74" ten="40,5200,0" yaku="1,1,54,1,53,1" doraHai="113" doraHaiUra="93" who="2" fromWho="0" sc="175,-52,295,0,304,62,216,0" /><INIT seed="6,0,0,3,1,132" ten="123,295,366,216" oya="2" hai0="37,9,20,57,109,114,90,135,48,3,88,75,129" hai1="46,13,115,16,45,69,61,55,89,17,53,81,35" hai2="0,36,44,101,38,11,94,116,97,80,127,19,68" hai3="100,50,122,25,111,67,60,28,18,126,77,39,21"/><V95/><F68/><W70/><G111/><T105/><D135/><U86/><E35/><V31/><F31/><W30/><G122/><T71/><D71/><U42/><E17/><V133/><F133/><W23/><G39/><T64/><D109/><U43/><E115/><V7/><F116/><W103/><G77/><T1/><D75/><U47/><E69/><V110/><F110/><W99/><G50/><T4/><D37/><U12/><E12/><V108/><F108/><W32/><G23/><T22/><D114/><U98/><E98/><V91/><F80/><W119/><G30/><T106/><D129/><U104/><E104/><V134/><F134/><W24/><G119/><T40/><D48/><U120/><E120/><V83/><F83/><W113/><G113/><T117/><D117/><U34/><E34/><V125/><F19/><W128/><G103/><T84/><D40/><N who="1" m="15403" /><E61/><V112/><F112/><W56/><G56/><T76/><D76/><U123/><E123/><V8/><F8/><AGARI ba="0,0" hai="8,13,16,45,46,47,53,55,81,86,89" m="15403" machi="8" ten="30,2000,0" yaku="8,1,54,1" doraHai="132" who="1" fromWho="2" sc="123,0,295,20,366,-20,216,0" /><INIT seed="7,0,0,2,2,26" ten="123,315,346,216" oya="3" hai0="11,0,2,65,89,3,94,16,116,67,90,129,111" hai1="87,88,57,127,98,91,104,117,97,61,121,75,126" hai2="85,72,40,135,20,36,33,113,101,95,34,14,21" hai3="42,48,134,23,119,123,43,131,37,115,44,125,30"/><W81/><G123/><T106/><D116/><U41/><E121/><V29/><F72/><W69/><G119/><T84/><D111/><U18/><E117/><V28/><F36/><W110/><G134/><T105/><D129/><U55/><E75/><V120/><F40/><W83/><G131/><T19/><D11/><U50/><E91/><N who="0" m="34825" /><D94/><N who="1" m="54559" /><E104/><N who="0" m="40041" /><D84/><U108/><E108/><V35/><F101/><W60/><G110/><T46/><D46/><N who="1" m="25935" /><E18/><V100/><F100/><W114/><G83/><T82/><D82/><U27/><E27/><V96/><F95/><W32/><G81/><T64/><AGARI ba="0,0" hai="0,2,3,16,19,64,65,67" m="40041,34825" machi="64" ten="40,5200,0" yaku="28,2,54,1" doraHai="26" who="0" fromWho="0" sc="123,52,315,-13,346,-13,216,-26" owari="175,-32.0,302,10.0,333,43.0,190,-21.0" /></mjloggm>