<mjloggm ver="2.3"><GO type="169" lobby="0"/><UN n0="%E3%83%88%E3%83%AD%E4%B9%9D" n1="%73%68%61%70%65%6C%65%72" n2="%E3%82%A6%E3%83%AB%E3%83%88%E3%83%A9%E7%AB%8B%E7%9B%B4" n3="%6F%6E%65%73%74%61%72" dan="16,16,17,16" rate="2045.70,2148.82,2213.40,2110.78" sx="M,M,M,M"/><TAIKYOKU oya="0"/><INIT seed="0,0,0,1,0,3" ten="250,250,250,250" oya="0" hai0="1,97,131,132,79,26,122,53,87,35,33,120,86" hai1="11,4,94,124,129,6,84,130,70,45,133,36,37" hai2="13,47,77,125,32,135,76,17,55,72,25,75,92" hai3="71,95,43,60,118,100,63,104,0,116,101,49,44"/><T46/><D1/><U16/><E70/><V5/><F125/><W74/><G74/><T18/><D132/><U40/><E37/><V98/><F135/><W27/><G95/><T123/><D131/><N who="1" m="50187" /><E133/><V30/><F75/><W99/><G100/><T42/><D53/><U113/><E124/><V19/><F72/><W82/><G82/><T10/><D97/><U24/><E113/><V31/><F31/><W112/><G60/><T51/><D79/><U111/><E111/><V41/><F55/><W126/><G126/><T81/><D81/><U59/><E59/><V109/><F109/><W114/><G0/><T9/><D9/><U50/><E36/><V127/><F127/><W62/><G62/><T21/><REACH who="0" step="1"/><D10/><REACH who="0" ten="240,250,250,250" step="2"/><U39/><E11/><N who="2" m="4335" /><F77/><W89/><G99/><T22/><D22/><N who="1" m="13383" /><E39/><V85/><F98/><W73/><G114/><T20/><D20/><U8/><E8/><V108/><F108/><W102/><G112/><T90/><D90/><AGARI ba="0,1" hai="4,6,40,45,50,84,90,94" m="13383,50187" machi="90" ten="30,7700,0" yaku="19,1,52,2,54,1" doraHai="3" who="1" fromWho="0" sc="240,-77,250,87,250,0,250,0" /><INIT seed="1,0,0,5,4,110" ten="163,337,250,250" oya="1" hai0="99,108,35,131,134,124,98,53,115,102,60,66,91" hai1="125,28,51,52,119,6,46,25,8,118,2,59,18" hai2="71,87,29,27,113,49,96,63,68,37,26,45,62" hai3="112,126,81,4,12,106,17,9,122,43,128,109,19"/><U127/><E18/><V103/><F37/><W47/><G109/><T97/><D108/><U1/><E1/><V56/><F87/><W77/><G122/><T83/><D35/><U58/><E119/><V11/><F11/><W79/><G128/><T93/><D131/><U61/><E118/><V72/><F72/><W5/><G126/><T74/><D124/><N who="1" m="47691" /><E61/><V65/><F113/><W64/><G112/><T107/><D115/><U76/><E76/><V30/><F30/><W116/><G116/><T121/><D121/><U3/><E3/><V44/><F44/><W94/><G106/><T90/><D53/><U120/><E120/><V50/><F50/><N who="3" m="27007" /><G5/><T67/><D134/><U82/><E82/><V117/><F117/><W20/><G64/><T88/><D66/><U85/><E85/><V31/><F31/><W130/><G130/><T101/><D60/><U42/><E42/><V22/><F63/><W135/><G135/><T24/><D24/><U92/><E92/><V15/><F27/><N who="3" m="14735" /><G81/><T80/><D67/><U111/><E111/><V132/><F15/><N who="3" m="5543" /><G94/><N who="0" m="56543" /><D80/><U95/><E95/><N who="2" m="58783" /><F132/><W75/><G75/><T114/><D114/><U84/><E84/><V0/><F0/><W73/><G73/><T23/><D23/><AGARI ba="0,0" hai="2,6,8,23,25,28,46,51,52,58,59" m="47691" machi="23" ten="30,2900,0" yaku="18,1,54,1" doraHai="110" who="1" fromWho="0" sc="163,-29,337,29,250,0,250,0" /><AGARI ba="0,0" hai="12,19,23,77,79" m="5543,14735,27007" machi="23" ten="30,1000,0" yaku="8,1" doraHai="110" who="3" fromWho="0" sc="134,-10,366,0,250,0,250,10" /><INIT seed="1,1,0,2,5,45" ten="124,366,250,260" oya="1" hai0="12,75,8,72,46,13,128,74,54,34,78,28,30" hai1="4,58,73,123,43,29,132,122,102,85,56,66,106" hai2="47,63,55,26,65,35,112,22,49,33,18,129,104" hai3="90,69,130,99,67,115,37,120,117,25,98,131,82"/><U81/><E73/><V127/><F104/><W125/><G37/><T50/><D128/><U86/><E43/><V103/><F129/><N who="3" m="49163" /><G115/><T105/><D105/><U10/><E29/><V53/><F112/><W39/><G39/><T133/><D133/><U3/><E86/><V101/><F127/><W94/><G69/><T62/><D12/><U135/><E102/><V76/><F76/><W52/><G67/><T87/><D34/><U51/><E106/><V42/><F35/><W83/><G125/><T126/><D126/><U32/><E32/><V88/><F33/><W95/><G25/><T84/><D62/><U100/><E100/><V70/><F55/><W23/><G23/><T44/><D44/><U7/><E7/><V27/><F27/><W6/><G6/><T41/><D54/><N who="1" m="31839" /><E58/><V48/><F88/><N who="3" m="55623" /><G120/><T5/><REACH who="0" step="1"/><D87/><REACH who="0" ten="114,366,250,260" step="2"/><U114/><E114/><V124/><F124/><W92/><G117/><T36/><D36/><U40/><E66/><V111/><F111/><W79/><G52/><T11/><D11/><U68/><E40/><V96/><F96/><N who="3" m="57367" /><G79/><T64/><D64/><U20/><E132/><V24/><F24/><W93/><G99/><T121/><D121/><U97/><E135/><V119/><F119/><W60/><G60/><T31/><D31/><U19/><E97/><V59/><AGARI ba="1,1" hai="18,22,26,42,47,48,49,53,59,63,65,70,101,103" machi="59" ten="20,5200,0" yaku="0,1,7,1,52,2" doraHai="45" who="2" fromWho="2" sc="114,-14,366,-27,250,65,260,-14" /><INIT seed="2,0,0,2,5,130" ten="100,339,315,246" oya="2" hai0="45,32,34,61,112,100,10,60,86,69,131,97,124" hai1="65,58,110,72,26,103,2,55,120,105,93,80,48" hai2="0,85,63,7,81,95,90,73,113,74,51,117,126" hai3="57,43,114,111,127,84,123,13,31,3,99,33,102"/><V68/><F117/><W88/><G3/><T78/><D112/><U8/><E105/><V38/><F38/><W76/><G114/><T22/><D131/><U35/><E120/><V47/><F113/><W104/><G111/><T39/><D124/><U40/><E110/><V128/><F128/><W12/><G127/><T119/><D119/><U16/><E40/><V87/><F126/><W89/><G123/><T24/><D10/><U21/><E35/><V11/><F63/><W9/><G43/><T125/><D125/><U59/><E72/><V6/><F68/><W46/><G46/><T23/><D39/><U49/><E80/><V14/><F0/><W44/><G44/><T118/><D45/><U122/><E122/><V94/><F6/><W109/><G13/><T18/><D118/><U129/><E129/><V135/><F135/><W5/><G109/><T56/><D69/><U25/><E25/><V132/><F132/><W92/><G89/><T101/><D60/><N who="1" m="38039" /><E8/><V116/><F116/><W4/><G57/><T29/><D86/><U121/><E2/><V106/><F106/><W70/><G70/><T83/><D83/><U37/><E37/><V134/><F134/><W71/><G71/><T15/><D78/><U28/><E28/><V17/><F7/><N who="3" m="3135" /><G76/><T30/><D30/><U19/><E19/><V75/><REACH who="2" step="1"/><F87/><REACH who="2" ten="100,339,305,246" step="2"/><W62/><G62/><T79/><D61/><N who="1" m="36095" /><E121/><V20/><F20/><W41/><G5/><T66/><D23/><U133/><E133/><V115/><F115/><W1/><G1/><T50/><D22/><U67/><E67/><V82/><F82/><RYUUKYOKU ba="0,1" sc="100,-15,339,15,305,15,246,-15" hai1="16,21,26,48,49,93,103" hai2="11,14,17,47,51,73,74,75,81,85,90,94,95" /><INIT seed="2,1,1,1,5,121" ten="85,354,320,231" oya="2" hai0="81,87,40,68,132,88,78,76,134,7,103,9,48" hai1="94,117,38,52,22,53,73,20,106,45,36,5,84" hai2="101,126,128,113,61,65,75,31,8,98,59,66,21" hai3="18,47,39,35,14,83,37,125,17,120,129,41,51"/><V23/><F113/><W110/><G120/><T4/><D68/><U44/><E106/><V15/><F75/><W70/><G35/><T131/><D131/><U77/><E73/><V133/><F128/><W43/><G129/><T62/><D103/><U25/><E117/><V114/><F114/><W135/><G125/><T46/><D62/><U95/><E5/><V56/><F126/><W127/><G127/><T30/><D30/><U0/><E84/><V55/><F133/><N who="0" m="51306" /><D4/><U108/><E25/><V105/><F31/><W82/><G135/><T93/><D81/><U99/><E99/><V92/><F105/><W27/><G70/><T72/><D72/><U28/><E28/><V19/><REACH who="2" step="1"/><F66/><REACH who="2" ten="85,354,310,231" step="2"/><W122/><G122/><T49/><D49/><AGARI ba="1,2" hai="8,15,19,21,23,49,55,56,59,61,65,92,98,101" machi="49" ten="30,11600,0" yaku="1,1,2,1,7,1,8,1,53,0" doraHai="121" doraHaiUra="69" who="2" fromWho="0" sc="85,-119,354,0,310,139,231,0" owari="-34,-53.0,354,15.0,449,55.0,231,-17.0" /></mjloggm>