<mjloggm ver="2.3"><GO type="225" lobby="0"/><UN n0="%E3%82%A8%E3%83%AB%E3%82%AF" n1="%E5%B0%B1%E6%B4%BB%E7%94%9F%40%E5%B7%9D%E6%9D%91%E8%BB%8D%E5%9B%A3" n2="%E3%81%99%E3%81%BF%E3%82%84%E3%81%AB" n3="%E9%87%8F%E7%94%A3%E5%9E%8B%E3%83%8D%E3%82%B3%E5%9E%8B%E3%83%AD%E3%83%9C" dan="16,16,16,16" rate="2089.81,2056.05,2054.32,2082.97" sx="M,M,M,M"/><TAIKYOKU oya="0"/><INIT seed="0,0,0,0,1,129" ten="250,250,250,250" oya="0" hai0="124,96,23,74,90,15,31,87,13,101,93,0,33" hai1="83,5,17,28,80,117,65,34,69,72,111,127,52" hai2="99,76,112,58,63,75,22,14,39,79,12,100,53" hai3="106,88,59,43,29,37,73,4,133,6,71,64,120"/><T92/><D124/><U50/><E117/><V70/><F112/><W19/><G120/><T110/><D0/><U105/><E105/><V1/><F1/><W26/><G71/><T55/><D74/><U36/><E36/><V85/><F39/><W45/><G73/><T16/><D110/><U47/><E111/><V77/><F75/><W27/><G106/><T131/><D131/><U123/><E123/><V24/><F85/><W30/><G19/><N who="0" m="10735" /><D33/><U3/><E127/><V89/><F70/><W8/><G8/><N who="0" m="6247" /><D55/><U86/><E72/><V135/><F89/><W128/><G128/><T10/><D10/><U46/><E3/><V91/><F91/><W44/><G88/><N who="0" m="55303" /><D31/><U78/><E5/><V103/><F135/><W104/><G104/><T49/><D49/><U67/><E69/><V122/><F122/><W109/><G109/><T20/><D20/><U130/><E130/><V121/><F121/><W38/><G133/><T116/><D116/><U41/><E28/><N who="2" m="17431" /><F99/><W115/><G115/><T107/><D107/><U119/><E34/><V102/><AGARI ba="0,0" hai="12,14,53,58,63,76,77,79,100,102,103" m="17431" machi="102" ten="30,1100,0" yaku="8,1" doraHai="129" who="2" fromWho="2" sc="250,-5,250,-3,250,11,250,-3" /><INIT seed="1,0,0,2,4,37" ten="245,247,261,247" oya="1" hai0="50,85,8,36,7,67,61,0,4,118,101,56,89" hai1="73,72,55,26,111,110,35,34,44,133,117,102,16" hai2="58,93,81,5,48,38,62,63,13,126,45,120,54" hai3="65,59,77,43,94,69,6,96,14,52,12,31,83"/><U49/><E117/><V66/><F120/><W124/><G124/><T123/><D118/><U10/><E102/><V18/><F126/><W95/><G31/><T33/><D36/><U22/><E133/><V116/><F116/><W122/><G122/><T60/><D123/><U108/><REACH who="1" step="1"/><E10/><REACH who="1" ten="245,237,261,247" step="2"/><V134/><F134/><W25/><G96/><T42/><D101/><U84/><E84/><V40/><F5/><W76/><G6/><T64/><D4/><U127/><E127/><V99/><F81/><W109/><G83/><T107/><D8/><U121/><E121/><V20/><F66/><W28/><G65/><T11/><D11/><U92/><E92/><V27/><F27/><W29/><G95/><T105/><D7/><U103/><E103/><AGARI ba="0,1" hai="13,18,20,38,40,45,48,54,58,62,63,93,99,103" machi="103" ten="30,2000,0" yaku="7,1,52,1" doraHai="37" who="2" fromWho="1" sc="245,0,237,-20,261,30,247,0" /><INIT seed="2,0,0,5,0,69" ten="245,217,291,247" oya="2" hai0="109,70,94,125,43,101,129,16,64,88,134,44,3" hai1="48,113,85,128,56,124,10,9,1,106,117,63,89" hai2="83,126,86,132,15,47,8,30,51,61,6,73,32" hai3="26,123,25,45,91,41,81,120,21,52,42,112,79"/><V35/><F73/><W71/><G71/><T17/><D3/><U14/><E106/><V130/><F126/><W114/><G91/><T90/><D101/><U60/><E117/><V121/><F121/><W54/><G21/><T116/><D64/><U29/><E113/><N who="3" m="43626" /><G81/><T53/><D70/><U96/><E124/><V82/><F130/><W12/><G12/><T133/><D125/><U118/><E128/><V58/><F132/><N who="0" m="50794" /><D129/><U33/><E118/><V122/><F122/><N who="3" m="46635" /><G79/><T108/><D116/><U49/><E33/><V59/><F83/><W38/><G42/><T18/><D53/><AGARI ba="0,0" hai="25,26,38,41,45,52,53,54" m="46635,43626" machi="53" ten="30,3900,0" yaku="11,1,52,1,54,1" doraHai="69" who="3" fromWho="0" sc="245,-39,217,0,291,0,247,39" /><INIT seed="3,0,0,3,2,33" ten="206,217,291,286" oya="3" hai0="77,124,7,40,55,45,135,74,4,63,58,24,109" hai1="29,64,75,83,30,57,11,42,26,66,3,79,123" hai2="12,132,107,115,111,56,20,128,98,81,89,8,65" hai3="17,82,10,27,21,104,97,52,37,5,35,93,38"/><W116/><G116/><T133/><D109/><U18/><E123/><V19/><F115/><W72/><G104/><T129/><D124/><U41/><E29/><V13/><F111/><W102/><G35/><T70/><D129/><U95/><E95/><N who="2" m="56687" /><F107/><W117/><G117/><T1/><D70/><U2/><E42/><V103/><F132/><N who="0" m="50762" /><D24/><U39/><E41/><V62/><F128/><W6/><G6/><N who="0" m="2091" /><D77/><U44/><E44/><V130/><F130/><W78/><G52/><T108/><D108/><U126/><E126/><V16/><F81/><W122/><G122/><T48/><D74/><U32/><E39/><V71/><F71/><W80/><G80/><T134/><N who="0" m="50770" /><T118/><DORA hai="85" /><D118/><U9/><E9/><N who="2" m="6159" /><F103/><W106/><G106/><T86/><D86/><U51/><E66/><V61/><F61/><W14/><AGARI ba="0,0" hai="5,10,14,17,21,27,37,38,72,78,82,93,97,102" machi="14" ten="20,2100,0" yaku="0,1,7,1" doraHai="33,85" who="3" fromWho="3" sc="206,-7,217,-7,291,-7,286,21" owari="199,-30.0,210,-19.0,284,8.0,307,41.0" /></mjloggm>