<mjloggm ver="2.3"><GO type="41" lobby="0"/><UN n0="%E5%B0%B1%E6%B4%BB%E7%94%9F%40%E5%B7%9D%E6%9D%91%E8%BB%8D%E5%9B%A3" n1="%E5%A5%B3%E6%B5%81%E3%83%97%E3%83%AD%EF%BC%B3" n2="%E9%BE%8D%E9%96%80%E6%B8%95%E9%80%8F%E8%8F%AF" n3="%E8%80%B3%E3%81%8B%E3%82%8A%E3%81%8B%E3%82%8A" dan="16,14,14,15" rate="2053.57,1838.02,1977.40,2019.37" sx="M,F,M,F"/><TAIKYOKU oya="0"/><INIT seed="0,0,0,2,0,110" ten="250,250,250,250" oya="0" hai0="22,49,2,70,134,86,104,117,58,0,5,19,91" hai1="59,62,24,83,105,60,113,119,6,106,107,1,72" hai2="66,103,129,123,69,8,73,63,79,61,114,56,32" hai3="75,76,11,87,118,51,35,9,29,97,64,26,42"/><T57/><D117/><U120/><E120/><V39/><F123/><W7/><G118/><T85/><D70/><U131/><E131/><V4/><F32/><W122/><G75/><T96/><D134/><U99/><E99/><V108/><F108/><W127/><G64/><T3/><D5/><U30/><E119/><V68/><F129/><W92/><G122/><T101/><D49/><U14/><E1/><V95/><F114/><W65/><G65/><T40/><D40/><U89/><E14/><V38/><F79/><W12/><G11/><T121/><D121/><U17/><E17/><V88/><F103/><W25/><G25/><T36/><D36/><U98/><E98/><V100/><F73/><W27/><G27/><T43/><D43/><U109/><E109/><V34/><F100/><W54/><G127/><T16/><D19/><U80/><E80/><V52/><F69/><W28/><G28/><T44/><D44/><U21/><E6/><V84/><REACH who="2" step="1"/><F34/><REACH who="2" ten="250,250,240,250" step="2"/><W78/><G78/><T50/><D50/><U23/><E72/><V37/><F37/><W53/><G76/><T67/><D67/><U47/><E113/><V111/><F111/><W45/><G87/><T115/><D115/><U128/><E128/><V135/><F135/><W82/><G82/><T18/><D86/><U130/><E130/><V48/><F48/><W126/><G126/><T77/><D77/><U102/><E83/><V20/><F20/><N who="1" m="7753" /><E102/><AGARI ba="0,1" hai="7,9,12,26,29,35,42,45,51,53,54,92,97,102" machi="102" ten="30,1000,0" yaku="7,1" doraHai="110" who="3" fromWho="1" sc="250,0,250,-10,240,0,250,20" /><INIT seed="1,0,0,5,0,48" ten="250,240,240,270" oya="1" hai0="65,128,37,111,121,17,85,51,5,122,30,31,58" hai1="33,73,88,1,87,9,113,131,7,70,76,63,67" hai2="24,32,18,46,4,56,74,101,6,98,92,126,55" hai3="123,110,130,129,61,23,13,53,100,39,84,115,105"/><U82/><E131/><N who="3" m="50186" /><G115/><T44/><D128/><U25/><E113/><V89/><F126/><W69/><G39/><T93/><D111/><U20/><E33/><V45/><F74/><W112/><G112/><T99/><D5/><U125/><E125/><V109/><F109/><W2/><G2/><T10/><D85/><U96/><E96/><V94/><F32/><W103/><G123/><T8/><D37/><U120/><E120/><N who="0" m="46185" /><D58/><U124/><E124/><V43/><F18/><N who="3" m="10703" /><G105/><T72/><D65/><U62/><E67/><V57/><F24/><W54/><G110/><T66/><D66/><U97/><E97/><V21/><F21/><W47/><G69/><T35/><D72/><U78/><E70/><V19/><F19/><W3/><G3/><T79/><D79/><U75/><E76/><V80/><F80/><W34/><G34/><T26/><D17/><U86/><E75/><V0/><F0/><W107/><G107/><T119/><D31/><U106/><E106/><V114/><F114/><W29/><G29/><T42/><D119/><U68/><E68/><V117/><F117/><W41/><G84/><T52/><D42/><U71/><E71/><V133/><F133/><W95/><G61/><T91/><AGARI ba="0,0" hai="8,10,26,30,35,44,51,52,91,93,99" m="46185" machi="91" ten="30,4000,0" yaku="13,1,52,1,54,1" doraHai="48" who="0" fromWho="0" sc="250,40,240,-20,240,-10,270,-10" /><INIT seed="2,0,0,4,0,127" ten="290,220,230,260" oya="2" hai0="21,96,11,66,116,98,128,109,53,95,134,68,2" hai1="61,85,41,10,55,9,113,42,82,99,92,28,79" hai2="38,43,7,93,3,34,57,76,63,60,108,20,133" hai3="51,107,56,45,103,94,120,40,25,13,111,4,54"/><V47/><F133/><W39/><G120/><T44/><D116/><U19/><E113/><V62/><F34/><W80/><G107/><T70/><D109/><U31/><E41/><V35/><F35/><W72/><G25/><T78/><D78/><U12/><E42/><V0/><F108/><W73/><G111/><T81/><D81/><U58/><REACH who="1" step="1"/><E10/><REACH who="1" ten="290,210,230,260" step="2"/><V112/><F43/><W49/><G40/><T118/><D11/><U59/><E59/><V67/><F38/><W23/><G39/><T86/><D68/><U6/><E6/><V26/><F57/><W15/><G4/><T102/><D70/><U106/><E106/><V71/><F7/><W90/><G56/><T29/><D44/><U105/><E105/><V124/><F47/><W100/><G45/><T123/><D118/><U119/><E119/><V22/><F112/><W27/><G72/><T77/><D134/><U97/><E97/><V121/><F71/><W36/><G73/><T5/><D96/><U129/><E129/><V65/><F124/><W130/><G130/><T46/><D98/><U30/><E30/><V87/><F121/><W74/><G74/><T18/><D128/><U110/><E110/><V16/><F87/><W132/><G36/><T64/><D29/><U125/><E125/><V48/><F67/><W33/><G132/><T135/><D123/><U24/><E24/><V1/><F26/><W117/><G27/><T126/><D135/><U131/><E131/><V75/><F65/><W89/><G117/><T50/><D126/><U17/><E17/><V69/><F75/><W52/><G103/><AGARI ba="0,1" hai="9,12,19,28,31,55,58,61,79,82,85,92,99,103" machi="103" ten="30,7700,0" yaku="1,1,6,1,7,1,8,1,53,0" doraHai="127" doraHaiUra="122" who="1" fromWho="3" sc="290,0,210,87,230,0,260,-77" /><INIT seed="3,0,0,4,3,55" ten="290,297,230,183" oya="3" hai0="35,105,61,121,16,45,49,12,98,107,70,43,22" hai1="117,54,94,46,133,103,36,83,106,31,32,81,91" hai2="19,95,37,18,9,85,20,75,82,93,86,88,79" hai3="14,128,41,126,8,71,59,112,116,42,113,0,7"/><W34/><G116/><T130/><D121/><U51/><E133/><V15/><F37/><W120/><G71/><T124/><D130/><U78/><E117/><V89/><REACH who="2" step="1"/><F20/><REACH who="2" ten="290,297,220,183" step="2"/><W77/><G120/><T40/><D35/><U6/><E32/><V2/><F2/><W24/><G128/><T129/><D129/><U25/><E36/><V80/><F80/><W65/><G0/><T23/><D124/><U58/><E31/><V69/><F69/><W97/><G126/><T134/><D134/><U99/><E25/><V4/><AGARI ba="0,1" hai="4,9,15,18,19,75,79,82,85,86,88,89,93,95" machi="4" ten="20,8000,1" yaku="1,1,0,1,7,1,9,1,54,1,53,0" doraHai="55" doraHaiUra="131" who="2" fromWho="2" sc="290,-20,297,-20,220,90,183,-40" /><INIT seed="4,0,0,2,1,10" ten="270,277,310,143" oya="0" hai0="7,51,91,112,85,77,86,59,119,3,102,45,38" hai1="121,31,44,65,63,35,43,84,78,27,15,26,110" hai2="13,134,46,92,108,76,62,56,100,5,124,106,95" hai3="58,104,47,41,32,126,69,24,21,127,116,60,131"/><T20/><D119/><U55/><E110/><V48/><F108/><W53/><G116/><T12/><D112/><U115/><E55/><V34/><F34/><W93/><G104/><T133/><D133/><U114/><E121/><V90/><F134/><W30/><G69/><T109/><D38/><U94/><E31/><V66/><F124/><N who="3" m="47659" /><G93/><T42/><D3/><U39/><E35/><V113/><F113/><N who="1" m="43017" /><E94/><V25/><F76/><W18/><G131/><T75/><D109/><U68/><E84/><V72/><F72/><W36/><G32/><T97/><D75/><U19/><E78/><V33/><F106/><W2/><G2/><T130/><D130/><U80/><E80/><V9/><F100/><W73/><G73/><T81/><D59/><U22/><AGARI ba="0,0" hai="15,19,22,26,27,39,43,44,63,65,68" m="43017" machi="22" ten="30,4000,0" yaku="15,1,11,1,52,1" doraHai="10" who="1" fromWho="1" sc="270,-20,277,40,310,-10,143,-10" /><INIT seed="5,0,0,3,0,83" ten="250,317,300,133" oya="1" hai0="34,100,134,48,75,11,55,82,115,96,43,112,66" hai1="80,107,26,29,41,62,38,114,87,68,110,76,18" hai2="27,7,113,101,31,118,93,61,17,73,117,70,130" hai3="111,28,12,36,127,64,72,25,51,131,116,53,8"/><U14/><E114/><N who="0" m="43561" /><D134/><U74/><E107/><V103/><F113/><W133/><G111/><T124/><D124/><U120/><E120/><V119/><F73/><W104/><G104/><T90/><D34/><U88/><E110/><V4/><F17/><W69/><G36/><T135/><D135/><U30/><E26/><V57/><F70/><W23/><G133/><T92/><D66/><U99/><E99/><V123/><F123/><W81/><G127/><T102/><D43/><U122/><E122/><V50/><F50/><W125/><G125/><T89/><D11/><N who="1" m="6495" /><E68/><V49/><F49/><W24/><G24/><T121/><D121/><U16/><E74/><V45/><F45/><W52/><G131/><T108/><D108/><U71/><E41/><V47/><F47/><W40/><G40/><T106/><D106/><U77/><E71/><V128/><F130/><W85/><G72/><T1/><D1/><U39/><E39/><V97/><F103/><W126/><G126/><T35/><D35/><U42/><E42/><V33/><REACH who="2" step="1"/><F128/><REACH who="2" ten="250,317,290,133" step="2"/><W79/><G51/><T22/><D100/><U44/><E38/><V78/><F78/><N who="1" m="30313" /><E44/><V105/><F105/><W94/><G116/><T9/><D75/><U67/><E16/><V15/><F15/><W60/><REACH who="3" step="1"/><G94/><REACH who="3" ten="250,317,290,123" step="2"/><T91/><D92/><U3/><E3/><V13/><F13/><W98/><G98/><T20/><D96/><U129/><E129/><V84/><F84/><W2/><G2/><T132/><D132/><U19/><E19/><AGARI ba="0,2" hai="8,12,19,23,25,28,52,53,60,64,69,79,81,85" machi="19" ten="30,7700,0" yaku="1,1,7,1,52,1,54,1,53,0" doraHai="83" doraHaiUra="54" who="3" fromWho="1" sc="250,0,317,-77,290,0,123,97" /><INIT seed="6,0,0,0,2,90" ten="250,240,290,220" oya="2" hai0="22,54,108,56,51,52,25,29,40,130,64,132,122" hai1="7,38,78,62,129,27,134,83,77,120,69,13,50" hai2="39,116,85,35,89,100,97,57,119,86,109,36,91" hai3="115,26,10,114,14,0,37,15,61,87,111,47,45"/><V17/><F35/><W24/><G111/><T32/><D108/><U102/><E38/><V41/><F109/><W95/><G0/><T94/><D122/><U128/><E134/><V124/><F124/><W82/><G61/><N who="0" m="37927" /><D32/><U72/><E78/><V110/><F110/><W104/><G104/><T31/><D132/><U106/><E120/><V33/><F33/><W28/><G15/><T73/><D73/><U44/><E27/><N who="3" m="10282" /><G28/><N who="0" m="17463" /><D130/><N who="1" m="50283" /><E69/><V19/><F41/><W126/><G37/><T1/><D1/><U30/><E62/><V80/><F57/><W125/><G82/><T93/><D40/><N who="1" m="24839" /><E30/><N who="0" m="11273" /><D54/><U11/><E106/><V74/><F74/><W81/><G81/><T75/><D75/><U3/><E102/><V63/><F63/><W9/><G125/><T71/><D71/><U16/><E3/><V84/><F116/><W101/><G126/><T103/><D103/><U4/><AGARI ba="0,0" hai="4,7,11,13,16,72,77,83" m="24839,50283" machi="4" ten="30,2000,0" yaku="19,1,54,1" doraHai="90" who="1" fromWho="1" sc="250,-5,240,20,290,-10,220,-5" /><INIT seed="7,0,0,0,5,12" ten="245,260,280,215" oya="3" hai0="61,3,22,98,102,92,90,66,24,10,23,107,0" hai1="29,70,124,101,99,108,41,47,53,27,60,120,128" hai2="37,122,74,112,119,28,88,78,111,16,89,40,135" hai3="17,11,1,79,123,71,50,63,80,104,132,39,48"/><W19/><G123/><T105/><D23/><U115/><E120/><V106/><F119/><W8/><G104/><T43/><D43/><U62/><E115/><V129/><F111/><W95/><G39/><T100/><D107/><U131/><E124/><V109/><F109/><W31/><G31/><T82/><D82/><U18/><E18/><N who="3" m="6666" /><G1/><T6/><D0/><U76/><E53/><V94/><F28/><W56/><G71/><T73/><D73/><U97/><E76/><V54/><F40/><W33/><G33/><T30/><REACH who="0" step="1"/><D105/><REACH who="0" ten="235,260,280,215" step="2"/><U126/><E108/><V14/><F74/><W86/><G132/><T116/><D116/><U103/><E126/><V130/><F106/><W49/><G95/><T134/><D134/><U51/><E131/><V35/><F94/><W4/><G4/><T59/><AGARI ba="0,1" hai="3,6,10,22,24,30,59,61,66,90,92,98,100,102" machi="59" ten="20,2700,0" yaku="1,1,0,1,7,1,53,0" doraHai="12" doraHaiUra="77" who="0" fromWho="0" sc="235,37,260,-7,280,-7,215,-13" /><INIT seed="8,0,0,1,4,131" ten="272,253,273,202" oya="0" hai0="33,68,18,57,77,60,1,58,31,29,73,21,100" hai1="108,56,82,120,66,111,79,76,102,86,26,39,64" hai2="89,105,87,74,2,125,109,5,104,75,78,41,103" hai3="38,94,121,132,48,118,19,55,49,36,115,84,40"/><T14/><D1/><U127/><E39/><V70/><F70/><W96/><G118/><T0/><D0/><U91/><E127/><V51/><F109/><W107/><G107/><N who="2" m="41033" /><F51/><W71/><G71/><T50/><D68/><U46/><E120/><V81/><F41/><W28/><G84/><T88/><D33/><U43/><E111/><V83/><F5/><W101/><G28/><N who="0" m="10827" /><D73/><N who="2" m="27658" /><F2/><W85/><G85/><T99/><D77/><N who="1" m="29771" /><E108/><V113/><F113/><W42/><G121/><T15/><D100/><U13/><E102/><V126/><F103/><W44/><G115/><T61/><D15/><U135/><E135/><V54/><F54/><W133/><G19/><T35/><D35/><U52/><E13/><V97/><F97/><W67/><G67/><N who="1" m="25642" /><E43/><N who="3" m="16426" /><G49/><T10/><D10/><U116/><E116/><V128/><F128/><W124/><G124/><N who="2" m="47721" /><F78/><W24/><G24/><T93/><D50/><N who="1" m="30743" /><E26/><V12/><F12/><W4/><G4/><T114/><D114/><U98/><E98/><V69/><F69/><W34/><G34/><T106/><D106/><U129/><E129/><V112/><F112/><W53/><G55/><T134/><D134/><AGARI ba="0,0" hai="36,38,44,48,53,94,96,101,132,133,134" m="16426" machi="134" ten="30,7700,0" yaku="20,1,52,3" doraHai="131" who="3" fromWho="0" sc="272,-77,253,0,273,0,202,77" /><INIT seed="9,0,0,5,1,18" ten="195,253,273,279" oya="1" hai0="74,37,65,123,83,96,126,124,75,34,125,42,101" hai1="127,88,58,81,51,36,85,86,135,108,31,20,62" hai2="1,98,115,23,19,90,5,6,17,122,15,120,33" hai3="45,59,64,87,49,133,24,105,78,118,110,47,119"/><U112/><E112/><V26/><F98/><W77/><G105/><T97/><D34/><U76/><E36/><V57/><F90/><W128/><G110/><T66/><D37/><U3/><E3/><V93/><F57/><W84/><G133/><T28/><D42/><U35/><E35/><V129/><F93/><W0/><G0/><T11/><D28/><U63/><E127/><V68/><F68/><W130/><G59/><T89/><D11/><U14/><E135/><V95/><F95/><W2/><G2/><T4/><D4/><N who="2" m="1642" /><F115/><W27/><REACH who="3" step="1"/><G49/><REACH who="3" ten="195,253,273,269" step="2"/><T48/><D48/><U91/><E108/><V80/><F1/><W53/><G53/><T134/><D134/><U50/><E51/><V9/><F129/><W7/><G7/><T107/><D123/><N who="2" m="47146" /><F80/><W116/><G116/><T43/><D43/><U38/><E38/><V56/><F56/><W40/><G40/><T22/><D66/><AGARI ba="0,1" hai="24,27,45,47,64,66,77,78,84,87,118,119,128,130" machi="66" ten="25,3200,0" yaku="1,1,22,2,53,0" doraHai="18" doraHaiUra="131" who="3" fromWho="0" sc="195,-32,253,0,273,0,269,42" owari="163,-34.0,253,-15.0,273,7.0,311,42.0" /></mjloggm>