<mjloggm ver="2.3"><GO type="41" lobby="0"/><UN n0="%6D%65%6B%69%72%6F" n1="%73%73%74%75%72%6E" n2="%E3%81%99%E3%81%A6%E3%81%BE%E3%82%8B" n3="%E5%B0%B1%E6%B4%BB%E7%94%9F%40%E5%B7%9D%E6%9D%91%E8%BB%8D%E5%9B%A3" dan="14,15,14,15" rate="1944.35,2011.70,1962.40,2024.75" sx="M,M,M,M"/><TAIKYOKU oya="0"/><INIT seed="0,0,0,0,5,13" ten="250,250,250,250" oya="0" hai0="57,45,67,33,93,132,36,104,73,107,2,26,130" hai1="118,42,37,100,78,125,129,66,135,114,112,113,74" hai2="60,87,91,38,126,46,101,124,51,10,49,80,56" hai3="29,75,19,32,69,110,103,76,62,52,6,20,98"/><T90/><D73/><U86/><E118/><V134/><F101/><W43/><G110/><T34/><D2/><U81/><E66/><V119/><F119/><W106/><G43/><T92/><D92/><U9/><E129/><V127/><F134/><W120/><G6/><T22/><D132/><U23/><E135/><V88/><F10/><W71/><G120/><T77/><D77/><U58/><E125/><V12/><F12/><W50/><G29/><T3/><D3/><U5/><E100/><V1/><F1/><W64/><G32/><T105/><D130/><U68/><E68/><V44/><F38/><W59/><G76/><T72/><D72/><U17/><E58/><V48/><REACH who="2" step="1"/><F91/><REACH who="2" ten="250,250,240,250" step="2"/><W123/><G123/><T63/><D36/><U122/><E122/><V96/><F96/><W95/><G75/><T35/><D107/><U79/><E9/><V41/><F41/><W47/><G106/><T84/><REACH who="0" step="1"/><D45/><REACH who="0" ten="240,250,240,250" step="2"/><N who="1" m="23759" /><E74/><V53/><AGARI ba="0,2" hai="44,46,48,49,51,53,56,60,80,87,88,124,126,127" machi="53" ten="40,8000,1" yaku="1,1,0,1,18,1,54,1,53,0" doraHai="13" doraHaiUra="99" who="2" fromWho="2" sc="240,-40,250,-20,240,100,250,-20" /><INIT seed="1,0,0,1,5,80" ten="200,230,340,230" oya="1" hai0="41,42,133,71,50,17,25,84,79,75,73,81,63" hai1="74,4,5,87,110,15,35,123,122,49,29,90,54" hai2="116,56,121,100,98,85,28,57,43,46,111,107,59" hai3="127,124,132,24,88,128,66,47,77,68,129,44,115"/><U19/><E74/><V108/><F116/><W61/><G77/><T36/><D133/><U16/><E35/><V101/><F121/><W58/><G24/><T65/><D36/><U130/><E29/><V18/><F101/><W91/><G115/><T0/><D0/><U64/><E64/><V38/><F28/><W93/><G68/><T32/><D50/><U135/><E135/><V82/><REACH who="2" step="1"/><F18/><REACH who="2" ten="200,230,330,230" step="2"/><W37/><G132/><T23/><D17/><U1/><E123/><V126/><F126/><N who="3" m="48171" /><G37/><T102/><D102/><U125/><E122/><V86/><F86/><N who="3" m="52375" /><G91/><AGARI ba="0,1" hai="38,43,46,56,57,59,82,85,91,98,100,107,108,111" machi="91" ten="40,2600,0" yaku="1,1,52,1,53,0" doraHai="80" doraHaiUra="20" who="2" fromWho="3" sc="200,0,230,0,330,36,230,-26" /><INIT seed="2,0,0,3,3,123" ten="200,230,366,204" oya="2" hai0="29,89,2,19,109,56,7,84,39,113,5,9,103" hai1="112,71,128,18,64,105,37,135,131,43,33,10,49" hai2="47,91,79,3,80,88,69,55,65,76,11,4,8" hai3="106,60,57,27,14,83,68,86,54,59,100,108,115"/><V81/><F11/><W63/><G115/><T119/><D113/><U30/><E112/><V110/><F110/><W120/><G120/><T70/><D70/><U36/><E105/><V25/><F25/><W111/><G68/><T134/><D39/><U118/><E118/><V1/><F69/><W31/><G14/><T44/><D119/><U62/><E135/><V13/><F65/><W26/><G100/><T101/><D134/><U48/><E18/><V125/><F125/><W61/><G106/><T51/><D29/><U75/><E75/><V92/><F47/><W38/><G38/><N who="1" m="14954" /><E10/><V127/><F55/><W24/><G31/><T53/><D109/><N who="3" m="42057" /><G54/><N who="0" m="30055" /><D2/><U17/><E43/><V102/><F127/><W28/><G28/><T52/><D103/><U93/><E30/><V126/><F126/><W41/><G41/><T34/><D101/><U74/><E33/><V66/><F1/><W129/><G129/><T96/><D34/><U15/><E128/><V20/><F3/><W78/><AGARI ba="0,0" hai="24,26,27,57,59,60,61,63,78,83,86" m="42057" machi="78" ten="40,8000,1" yaku="14,1,52,3" doraHai="123" who="3" fromWho="3" sc="200,-20,230,-20,366,-40,204,80" /><INIT seed="3,0,0,1,5,135" ten="180,210,326,284" oya="3" hai0="124,58,60,76,81,112,105,84,38,47,74,59,10" hai1="129,44,102,122,39,92,89,40,8,64,68,57,1" hai2="100,42,119,15,86,65,83,36,6,23,75,109,33" hai3="130,45,82,134,96,95,21,94,79,49,37,126,85"/><W35/><G35/><T125/><D105/><U11/><E122/><V5/><F119/><W77/><G37/><T48/><D112/><U17/><E102/><V51/><F36/><W107/><G134/><T110/><D110/><U4/><E129/><V54/><F33/><W7/><G130/><T117/><D117/><U26/><E68/><V88/><F109/><W62/><G7/><N who="2" m="2569" /><F75/><W123/><G79/><T69/><D38/><U14/><E26/><V80/><F65/><W78/><G78/><T34/><D34/><U25/><E25/><V46/><F100/><W72/><G123/><T108/><D10/><U97/><E64/><V55/><F83/><W31/><G62/><T101/><D101/><U116/><E116/><V133/><F133/><W18/><G31/><T103/><D103/><U73/><REACH who="1" step="1"/><E57/><REACH who="1" ten="180,200,326,284" step="2"/><V128/><F128/><W24/><G107/><T0/><D69/><U93/><E93/><V3/><F3/><W120/><G95/><T118/><D0/><U70/><E70/><V41/><F42/><W52/><G120/><T19/><D59/><U12/><E12/><V90/><F41/><W32/><G32/><T87/><D118/><U43/><E43/><V131/><F131/><W61/><G61/><T13/><D108/><U28/><E28/><V63/><F63/><W111/><G111/><T2/><D60/><U53/><E53/><V50/><F54/><W127/><REACH who="3" step="1"/><G96/><REACH who="3" ten="180,200,326,274" step="2"/><T99/><D99/><U20/><E20/><V98/><F98/><W66/><G66/><T30/><D30/><U91/><E91/><AGARI ba="0,2" hai="18,21,24,45,49,52,72,77,82,85,91,94,126,127" machi="91" ten="40,12000,1" yaku="1,1,52,2,54,1,53,0" doraHai="135" doraHaiUra="56" who="3" fromWho="1" sc="180,0,200,-120,326,0,274,140" /><INIT seed="3,1,0,5,3,42" ten="180,80,326,414" oya="3" hai0="60,20,63,56,43,37,127,79,28,80,45,105,54" hai1="90,118,81,85,124,94,114,66,35,104,120,50,16" hai2="44,17,84,27,46,78,7,74,33,98,82,3,103" hai3="133,88,10,132,12,72,71,115,134,112,93,19,122"/><W2/><G71/><T64/><D105/><U87/><E120/><V18/><F3/><W117/><G72/><T135/><D135/><U32/><E114/><N who="3" m="43562" /><G2/><T48/><D127/><U95/><E124/><V5/><F33/><W47/><G122/><T55/><D55/><U59/><E104/><V97/><F74/><W52/><G117/><T61/><D20/><U4/><E4/><N who="2" m="1611" /><F103/><W75/><G75/><T119/><D28/><U101/><E118/><V29/><F29/><W128/><G128/><T76/><D119/><U100/><E35/><V57/><F57/><W6/><G6/><T21/><D21/><U123/><E32/><V110/><F110/><W77/><G77/><N who="0" m="29771" /><D80/><U14/><E123/><V116/><F116/><W130/><G130/><T34/><D34/><U113/><E113/><V108/><F108/><W53/><G47/><N who="2" m="17961" /><F27/><W39/><G39/><T89/><D89/><U67/><E101/><V125/><F125/><W91/><G91/><T1/><D1/><U9/><E100/><V109/><F109/><W24/><G24/><T92/><D37/><U96/><E95/><V11/><F11/><W68/><G68/><T107/><D107/><U106/><E106/><V126/><F126/><W62/><G62/><N who="0" m="37959" /><D92/><U51/><E81/><V30/><F30/><W0/><G0/><T129/><D129/><U73/><E73/><V36/><F36/><W25/><G25/><T22/><D22/><U83/><E83/><V99/><AGARI ba="1,0" hai="17,18,78,82,84,97,98,99" m="17961,1611" machi="99" ten="30,7900,0" yaku="8,1,52,3" doraHai="42" who="2" fromWho="2" sc="180,-21,80,-21,326,82,414,-40" /><INIT seed="4,0,0,1,3,131" ten="159,59,408,374" oya="0" hai0="19,115,125,86,7,134,133,14,8,26,44,38,132" hai1="118,24,36,120,100,62,18,42,1,30,78,2,35" hai2="21,64,43,10,111,59,47,95,94,76,29,70,73" hai3="52,107,79,124,89,117,60,4,13,68,71,3,61"/><T28/><D115/><U65/><E118/><V49/><F111/><W126/><G3/><T96/><D125/><N who="3" m="48233" /><G89/><T56/><D96/><U72/><E120/><V55/><F10/><N who="3" m="4295" /><G79/><T51/><D86/><U41/><E18/><V50/><F73/><W105/><G117/><T130/><D130/><U101/><E42/><V104/><F104/><N who="3" m="40011" /><G52/><N who="0" m="31775" /><D7/><U102/><E78/><V108/><F108/><W15/><G15/><T20/><D44/><U53/><E72/><V45/><F76/><W63/><AGARI ba="0,0" hai="60,61,63,68,71" m="40011,4295,48233" machi="63" ten="40,1500,0" yaku="18,1" doraHai="131" who="3" fromWho="3" sc="159,-7,59,-4,408,-4,374,15" /><INIT seed="5,0,0,1,2,31" ten="152,55,404,389" oya="1" hai0="108,106,93,23,97,15,133,104,92,50,131,129,78" hai1="40,68,121,80,110,7,90,69,12,55,54,94,32" hai2="28,22,74,88,20,65,64,49,33,77,114,126,60" hai3="109,9,53,99,75,119,1,118,95,43,89,81,24"/><U4/><E121/><V123/><F123/><W82/><G109/><T38/><D108/><U102/><E110/><V87/><F126/><W86/><G43/><T37/><D78/><U36/><E40/><V21/><F74/><W103/><G24/><T14/><D133/><U16/><E36/><N who="0" m="13929" /><D50/><U26/><E69/><V19/><F77/><N who="3" m="44223" /><G53/><N who="1" m="19978" /><E68/><V124/><F124/><W63/><G63/><T134/><D134/><U73/><E73/><V13/><F49/><W46/><G46/><T17/><D14/><U98/><E32/><V130/><F130/><N who="0" m="49674" /><D92/><N who="1" m="58695" /><E26/><V117/><F117/><N who="3" m="44555" /><G9/><T59/><D59/><U105/><E105/><V34/><F28/><W45/><G45/><T70/><D70/><U42/><E42/><V29/><F29/><W83/><G1/><T10/><D23/><N who="1" m="11655" /><E80/><AGARI ba="0,0" hai="80,82,83,86,89,95,99,103" m="44555,44223" machi="80" ten="30,3900,0" yaku="12,1,34,2" doraHai="31" who="3" fromWho="1" sc="152,0,55,-39,404,0,389,39" /><INIT seed="6,0,0,0,4,37" ten="152,16,404,428" oya="2" hai0="93,106,75,86,102,4,85,132,110,87,98,10,101" hai1="114,90,29,47,111,124,104,3,68,28,127,126,59" hai2="100,83,116,16,30,61,12,125,25,42,38,55,88" hai3="130,72,131,66,122,74,120,48,94,107,32,44,56"/><V52/><F116/><W67/><G107/><T41/><D110/><U21/><E68/><V50/><F125/><W18/><G32/><T5/><D75/><N who="3" m="28713" /><G18/><T15/><D132/><U8/><E104/><V0/><F0/><W92/><G56/><T80/><D41/><U54/><E111/><V108/><F108/><W99/><G48/><T77/><D106/><U53/><E114/><V133/><F133/><W135/><G44/><T39/><D39/><U22/><E47/><N who="2" m="25975" /><F38/><W63/><G63/><T6/><D102/><U45/><E45/><V36/><F36/><W24/><G24/><T82/><D77/><U40/><E90/><V64/><F100/><W117/><G117/><T62/><D62/><U19/><E3/><V11/><F64/><N who="3" m="24619" /><G99/><T95/><D95/><N who="3" m="36393" /><G135/><T97/><D97/><U2/><E2/><V115/><F115/><W65/><G65/><T13/><D13/><U123/><E126/><V112/><F112/><W91/><G91/><T79/><D79/><U78/><E78/><V7/><F30/><W34/><G34/><T9/><D9/><U121/><E8/><V70/><F70/><W96/><G96/><T73/><D73/><U26/><E59/><N who="2" m="35047" /><F55/><W33/><G33/><T129/><D129/><AGARI ba="0,0" hai="120,122,129,130,131" m="36393,24619,28713" machi="129" ten="40,5200,0" yaku="28,2,19,1" doraHai="37" who="3" fromWho="0" sc="152,-52,16,0,404,0,428,52" /><INIT seed="7,0,0,3,3,125" ten="100,16,404,480" oya="3" hai0="104,131,38,106,27,41,1,17,86,26,91,5,48" hai1="107,57,66,94,85,18,12,102,7,117,89,35,55" hai2="37,73,65,52,15,60,56,24,23,22,45,123,10" hai3="39,46,6,11,103,84,97,72,30,88,78,100,28"/><W8/><G72/><T31/><D38/><U19/><E35/><V20/><F73/><W21/><G78/><T69/><D69/><U44/><E117/><V82/><F123/><W93/><G103/><T16/><D5/><U112/><E112/><V42/><F82/><W99/><G97/><T83/><D1/><U47/><E66/><V115/><F115/><W67/><G67/><T71/><D71/><U132/><E132/><V98/><F98/><W127/><G127/><T105/><D27/><U96/><E7/><V58/><F24/><W81/><G21/><T49/><D49/><U122/><E122/><V116/><F116/><W53/><G11/><T68/><D48/><U126/><E126/><V79/><F79/><W124/><G124/><T120/><D41/><U32/><E32/><V54/><REACH who="2" step="1"/><F56/><REACH who="2" ten="100,16,394,480" step="2"/><W63/><G81/><T76/><D120/><U111/><E111/><V87/><F87/><W130/><G99/><T75/><D68/><U36/><E36/><V135/><F135/><W70/><G39/><T118/><D118/><U101/><E102/><V121/><F121/><W77/><G100/><T13/><D75/><U29/><E29/><V2/><F2/><W50/><G84/><T25/><D86/><U129/><E129/><V9/><F9/><W40/><G130/><T114/><D31/><U64/><E64/><V134/><F134/><W90/><G8/><T14/><D131/><U62/><REACH who="1" step="1"/><E19/><REACH who="1" ten="100,6,394,480" step="2"/><V92/><F92/><W133/><G30/><T33/><D17/><U113/><E113/><V4/><AGARI ba="0,2" hai="4,10,15,20,22,23,37,42,45,52,54,58,60,65" machi="4" ten="30,4000,0" yaku="1,1,0,1,54,1,53,0" doraHai="125" doraHaiUra="74" who="2" fromWho="2" sc="100,-10,6,-10,394,60,480,-20" owari="90,-31.0,-4,-50.0,454,25.0,460,56.0" /></mjloggm>