<mjloggm ver="2.3"><GO type="97" lobby="0"/><UN n0="%E5%B0%B1%E6%B4%BB%E7%94%9F%40%E5%B7%9D%E6%9D%91%E8%BB%8D%E5%9B%A3" n1="%E9%95%B7%E5%B7%9E%E3%81%AE%E5%85%8B" n2="%63%74%32%30%30%30%68" n3="%48%35%38%41" dan="15,15,14,13" rate="2067.38,2000.46,1903.12,1923.11" sx="M,M,M,M"/><TAIKYOKU oya="0"/><INIT seed="0,0,0,4,2,33" ten="250,250,250,250" oya="0" hai0="48,82,59,43,21,55,108,27,49,7,124,118,121" hai1="62,52,10,115,97,90,58,61,77,130,85,109,71" hai2="126,113,26,131,110,47,8,53,81,54,117,103,128" hai3="96,65,14,74,35,18,30,67,9,122,36,32,75"/><T28/><D118/><U69/><E109/><V17/><F110/><W57/><G36/><T11/><D108/><U6/><E77/><V31/><F113/><W66/><G122/><T46/><D121/><U92/><E130/><N who="2" m="49707" /><F103/><W2/><G96/><T1/><REACH who="0" step="1"/><D82/><REACH who="0" ten="240,250,250,250" step="2"/><U19/><E115/><V79/><F117/><W44/><G75/><T101/><D101/><U23/><E71/><V20/><F126/><AGARI ba="0,1" hai="1,7,11,21,27,28,43,46,48,49,55,59,124,126" machi="126" ten="40,3900,0" yaku="1,1,52,1,53,0" doraHai="33" doraHaiUra="100" who="0" fromWho="2" sc="240,49,250,0,250,-39,250,0" /><INIT seed="0,1,0,4,4,3" ten="289,250,211,250" oya="0" hai0="123,132,135,117,44,69,32,107,74,24,128,25,26" hai1="92,50,87,35,42,126,75,45,61,116,88,0,23" hai2="20,77,110,31,118,6,13,72,47,1,95,56,57" hai3="114,119,85,17,59,10,79,83,90,121,99,93,48"/><T134/><D107/><U19/><E35/><V105/><F105/><W86/><G114/><T112/><D69/><U43/><E75/><V73/><F1/><W106/><G121/><T2/><D74/><U108/><E0/><V52/><F110/><W64/><G119/><T62/><D123/><U68/><E108/><V94/><F118/><W21/><G106/><T4/><D117/><U9/><E9/><N who="2" m="4279" /><F73/><W127/><G127/><T33/><D112/><U38/><E126/><V98/><F72/><W78/><G10/><N who="0" m="2327" /><D128/><U29/><E29/><V60/><F77/><W71/><G71/><T91/><D91/><U125/><E125/><V8/><F8/><W63/><G48/><T7/><D62/><U22/><E116/><V34/><F34/><N who="0" m="13418" /><D44/><U89/><E38/><V70/><F70/><W120/><G120/><T82/><D82/><U131/><E131/><V122/><F122/><W40/><G40/><T113/><D113/><U124/><E124/><V18/><F31/><W65/><G65/><T97/><D97/><U96/><E43/><V80/><F80/><W28/><G28/><T111/><D7/><U15/><E68/><V30/><F30/><W130/><G130/><T14/><D14/><U55/><E61/><N who="2" m="35975" /><F47/><W58/><G58/><T37/><D37/><U46/><E45/><V54/><F98/><W36/><G36/><T102/><D102/><U51/><E42/><V27/><AGARI ba="1,0" hai="18,20,27,54,57,60,94,95" m="35975,4279" machi="27" ten="30,4000,0" yaku="8,1,52,1,54,1" doraHai="3" who="2" fromWho="2" sc="289,-21,250,-11,211,43,250,-11" /><INIT seed="1,0,0,5,3,6" ten="268,239,254,239" oya="1" hai0="13,8,78,128,41,79,61,101,44,17,35,108,103" hai1="18,59,10,14,112,70,63,115,110,107,83,32,5" hai2="20,92,88,69,29,50,24,2,93,106,102,21,22" hai3="77,0,51,76,116,16,91,113,97,12,54,4,98"/><U73/><E70/><V64/><F2/><W131/><G113/><T23/><D35/><U11/><E107/><V67/><F106/><W117/><G131/><T130/><D108/><U52/><E32/><V26/><F69/><W40/><G40/><T49/><D61/><U87/><E73/><V46/><F102/><N who="0" m="38922" /><D23/><N who="2" m="8778" /><F93/><W55/><G4/><T125/><D125/><U80/><E110/><V53/><F26/><W38/><G38/><T47/><D47/><U129/><E129/><AGARI ba="0,0" hai="8,13,17,41,44,49,78,79,128,129,130" m="38922" machi="129" ten="30,2000,0" yaku="19,1,52,1" doraHai="6" who="0" fromWho="1" sc="268,20,239,-20,254,0,239,0" /><INIT seed="2,0,0,3,0,99" ten="288,219,254,239" oya="2" hai0="97,129,4,63,59,46,51,86,53,7,42,37,55" hai1="103,89,133,34,82,40,93,31,135,13,17,79,62" hai2="10,83,119,27,81,110,36,41,45,122,69,71,113" hai3="18,11,26,39,98,70,24,128,56,88,72,87,64"/><V58/><F119/><W57/><G72/><T29/><D129/><U109/><E109/><V120/><F113/><W66/><G39/><T121/><D121/><U85/><E40/><V44/><F110/><W80/><G70/><T1/><D29/><U65/><E31/><V108/><F108/><W91/><G128/><T67/><D1/><U94/><E34/><V130/><F130/><W30/><G26/><T134/><D134/><N who="1" m="51211" /><E79/><V19/><F58/><W118/><G118/><T75/><D75/><U123/><E123/><V126/><F126/><W21/><G66/><T96/><D86/><U117/><E117/><V9/><F27/><W8/><G30/><T61/><D7/><U78/><E78/><V114/><F114/><W2/><G2/><T115/><D4/><U5/><E5/><V127/><F127/><W90/><G64/><T124/><D124/><U77/><E77/><V47/><F47/><W20/><G20/><T32/><D32/><U132/><N who="1" m="51219" /><U12/><DORA hai="6" /><E17/><V84/><F84/><W35/><G98/><T54/><D115/><U105/><E105/><V33/><F33/><W100/><G100/><T92/><D97/><N who="1" m="59823" /><E82/><V107/><F19/><W106/><G106/><T22/><D96/><U50/><E50/><V49/><F107/><W28/><G28/><T104/><D104/><U14/><E14/><V112/><F112/><W3/><G3/><T52/><D92/><U111/><E111/><V102/><F41/><W48/><G35/><T95/><D95/><U16/><E16/><V125/><F125/><W0/><G0/><T38/><D22/><RYUUKYOKU ba="0,0" sc="288,15,219,15,254,-15,239,-15" hai0="37,38,42,46,51,52,53,54,55,59,61,63,67" hai1="12,13,62,65,85,89,94" /><INIT seed="3,1,0,0,5,133" ten="303,234,239,224" oya="3" hai0="37,18,121,127,71,88,40,131,117,33,49,112,97" hai1="52,9,72,22,27,109,129,58,116,76,132,34,66" hai2="41,46,74,32,124,57,43,113,70,80,134,95,56" hai3="13,111,60,119,89,85,8,11,92,30,21,106,108"/><W122/><G122/><T3/><RYUUKYOKU type="yao9" ba="1,0" sc="303,0,234,0,239,0,224,0" hai0="3,18,33,37,40,49,71,88,97,112,117,121,127,131" /><INIT seed="3,2,0,1,1,90" ten="303,234,239,224" oya="3" hai0="104,91,76,118,30,19,20,52,129,133,29,31,109" hai1="86,24,85,100,103,41,74,17,37,34,46,69,44" hai2="79,10,92,35,62,39,9,2,50,63,96,131,21" hai3="71,6,113,55,107,58,88,108,132,112,126,94,27"/><W36/><G132/><T47/><D104/><U84/><E74/><V54/><F35/><W45/><G126/><T3/><D3/><U22/><E69/><V11/><F39/><W111/><G71/><T1/><D1/><U26/><E34/><V82/><F131/><W18/><G107/><T97/><D118/><U53/><E26/><V77/><F21/><N who="3" m="13751" /><G6/><T65/><D109/><N who="3" m="42057" /><G45/><T7/><D65/><U81/><E81/><V32/><F32/><W40/><G40/><T106/><D7/><U87/><N who="1" m="22016" /><DORA hai="73" /><U135/><REACH who="1" step="1"/><E135/><REACH who="1" ten="303,224,239,224" step="2"/><V14/><F82/><W66/><G66/><T0/><D133/><U99/><E99/><V48/><F2/><W13/><G13/><T115/><D97/><U121/><E121/><V68/><F68/><W5/><G5/><T101/><D0/><U130/><E130/><V120/><F120/><W16/><G36/><T42/><D129/><U61/><E61/><N who="2" m="23051" /><F14/><W127/><G127/><T89/><D31/><U134/><E134/><V124/><F124/><W98/><G16/><T72/><D30/><U102/><E102/><N who="2" m="60679" /><F50/><AGARI ba="2,1" hai="50,55,58,88,94,98,112,113" m="42057,13751" machi="50" ten="30,11600,0" yaku="14,1,10,1,52,1,54,1" doraHai="90,73" who="3" fromWho="2" sc="303,0,224,0,239,-122,224,132" /><AGARI ba="2,0" hai="17,22,24,37,41,44,46,50,53,100,103" m="22016" machi="50" ten="50,3200,0" yaku="1,1,53,1" doraHai="90,73" doraHaiUra="59,70" who="1" fromWho="2" sc="303,0,224,32,117,-32,356,0" owari="303,10.0,256,-14.0,85,-41.0,356,45.0" /></mjloggm>