<mjloggm ver="2.3"><GO type="169" lobby="0"/><UN n0="%E3%83%8C%E3%83%83%E3%83%97" n1="%E5%B0%B1%E6%B4%BB%E7%94%9F%40%E5%B7%9D%E6%9D%91%E8%BB%8D%E5%9B%A3" n2="%E3%81%8B%E3%82%89%E3%83%BC%E3%81%9C" n3="%74%61%6E%61%4B%61" dan="16,16,17,16" rate="2124.69,2104.18,2126.34,2096.76" sx="M,M,M,M"/><TAIKYOKU oya="0"/><INIT seed="0,0,0,3,4,93" ten="250,250,250,250" oya="0" hai0="53,3,28,48,66,27,21,1,10,126,55,72,61" hai1="130,18,100,107,71,121,132,75,80,94,134,32,92" hai2="44,116,76,81,51,115,25,91,6,110,120,128,104" hai3="39,15,12,16,95,5,42,62,40,82,119,108,36"/><T63/><D72/><U17/><E71/><V101/><F110/><W106/><G108/><T127/><D55/><U13/><E32/><V50/><F120/><W73/><G106/><T69/><D63/><U56/><E121/><V34/><F6/><W89/><G119/><T96/><D10/><U111/><E111/><V114/><F128/><W8/><G62/><T23/><D23/><U19/><E130/><V131/><F131/><W4/><G39/><T41/><D41/><U38/><E38/><V37/><F91/><W54/><G36/><T78/><D78/><U14/><E56/><V7/><F7/><W2/><G2/><T22/><D22/><U98/><E75/><N who="2" m="43167" /><F51/><W133/><G133/><N who="1" m="51306" /><E80/><V67/><F37/><W52/><G82/><T135/><D135/><U45/><E45/><V47/><F47/><W85/><G73/><T79/><D79/><U26/><E26/><V20/><F34/><W102/><G102/><T29/><D29/><U122/><E122/><V9/><F116/><W64/><G64/><T74/><D74/><U129/><E129/><V117/><F117/><W112/><G4/><T77/><D77/><U99/><E107/><V24/><F104/><W103/><G103/><AGARI ba="0,0" hai="13,14,17,18,19,92,94,98,99,100,103" m="51306" machi="103" ten="30,3900,0" yaku="20,1,52,2" doraHai="93" who="1" fromWho="3" sc="250,0,250,39,250,0,250,-39" /><INIT seed="1,0,0,5,3,92" ten="250,289,250,211" oya="1" hai0="43,22,97,18,25,110,30,12,103,83,51,116,104" hai1="124,134,126,46,90,111,3,49,1,96,87,17,40" hai2="112,61,115,78,62,118,55,50,7,71,36,23,63" hai3="6,11,35,125,73,86,133,14,15,59,85,5,41"/><U21/><E134/><V89/><F78/><W74/><G35/><T69/><D110/><U0/><E111/><V119/><F7/><W79/><G41/><T44/><D69/><U99/><E21/><V13/><F13/><W81/><G133/><T91/><D116/><N who="2" m="44586" /><F23/><W26/><G125/><N who="1" m="48234" /><E17/><V135/><F89/><W109/><G109/><T127/><D127/><U20/><E20/><V94/><F94/><AGARI ba="0,0" hai="0,1,3,40,46,49,87,90,94,96,99" m="48234" machi="94" ten="40,7700,0" yaku="18,1,52,2" doraHai="92" who="1" fromWho="2" sc="250,0,289,77,250,-77,211,0" /><INIT seed="1,1,0,5,1,2" ten="250,366,173,211" oya="1" hai0="78,21,9,24,14,22,102,100,34,6,52,98,37" hai1="18,56,70,31,82,116,133,96,94,7,29,71,73" hai2="112,44,123,57,3,43,1,130,88,132,62,23,28" hai3="25,128,40,0,119,77,105,83,84,86,74,68,99"/><U50/><E116/><V91/><F123/><W109/><G68/><T81/><D37/><U122/><E133/><V61/><F132/><W117/><G40/><T48/><D34/><U127/><E70/><V54/><F130/><W134/><G0/><T126/><D126/><U11/><E71/><V17/><F112/><W41/><G41/><T63/><D63/><U27/><E127/><V92/><F62/><W67/><G67/><T15/><D15/><N who="1" m="5631" /><E18/><V45/><F28/><N who="1" m="10825" /><E73/><V20/><F20/><W111/><G25/><T115/><D24/><U38/><E82/><V35/><F35/><W10/><G10/><T42/><D42/><U104/><E104/><V80/><F80/><W72/><G128/><T12/><D12/><U129/><E129/><V32/><F32/><W33/><G33/><T110/><D110/><N who="3" m="41993" /><G134/><T97/><D102/><U49/><E38/><V89/><F92/><W36/><G36/><T90/><D100/><N who="1" m="60439" /><E122/><V87/><F87/><N who="3" m="33323" /><G72/><T47/><D115/><U26/><E49/><V39/><REACH who="2" step="1"/><F45/><REACH who="2" ten="250,366,163,211" step="2"/><W85/><G74/><T69/><D22/><U106/><E106/><V93/><F93/><W125/><G125/><T114/><D21/><U51/><E51/><V5/><F5/><W60/><G60/><T107/><D48/><U19/><E19/><V108/><F108/><W65/><G65/><T76/><D81/><U113/><E113/><V64/><F64/><W4/><G4/><T124/><D6/><U55/><AGARI ba="1,1" hai="26,27,50,55,56" m="60439,10825,5631" machi="55" ten="30,3000,0" yaku="8,1,52,1" doraHai="2" who="1" fromWho="1" sc="250,-11,366,43,163,-11,211,-11" /><INIT seed="1,2,0,5,5,104" ten="239,409,152,200" oya="1" hai0="74,116,113,97,108,115,110,61,32,72,21,50,121" hai1="88,7,112,0,14,96,73,55,17,85,71,128,131" hai2="67,103,1,16,99,118,56,66,64,98,46,47,100" hai3="2,33,102,44,4,114,134,54,11,34,107,3,89"/><U125/><E71/><V76/><F118/><W35/><G114/><T30/><D32/><U132/><E112/><N who="0" m="43081" /><D121/><U27/><E27/><V77/><F1/><W41/><G134/><T38/><D38/><U105/><E7/><V106/><F56/><W43/><G2/><T53/><D61/><U93/><E132/><V65/><N who="2" m="16384" /><DORA hai="9" /><V63/><F63/><W5/><G5/><T60/><D60/><U84/><E0/><V80/><F16/><W68/><G68/><T12/><D97/><U124/><E73/><V52/><F52/><W51/><REACH who="3" step="1"/><G89/><REACH who="3" ten="239,409,152,190" step="2"/><T13/><D116/><U78/><E78/><V20/><F77/><W94/><G94/><T62/><D108/><U22/><E55/><V29/><F76/><W109/><G109/><T59/><D53/><U123/><E123/><V48/><F80/><W120/><G120/><T19/><D110/><U90/><E105/><V15/><F106/><W23/><G23/><T130/><D21/><U45/><E45/><V117/><F117/><W81/><G81/><T92/><D92/><N who="1" m="54287" /><E96/><AGARI ba="2,1" hai="3,4,11,33,34,35,41,43,44,51,54,96,102,107" machi="96" ten="40,8000,1" yaku="1,1,53,3" doraHai="104,9" doraHaiUra="58,28" who="3" fromWho="1" sc="239,0,409,-86,152,0,190,96" /><INIT seed="2,0,0,1,3,84" ten="239,323,152,286" oya="2" hai0="62,18,47,135,37,110,5,3,82,19,97,30,45" hai1="63,112,39,127,54,13,68,123,106,119,31,107,130" hai2="7,15,78,133,111,26,132,41,50,59,65,58,64" hai3="90,22,116,46,118,60,40,11,61,16,98,99,89"/><V114/><F114/><W95/><G11/><T48/><D37/><U56/><E39/><V66/><F78/><W120/><G120/><T103/><D30/><U128/><E112/><V113/><F113/><W88/><G116/><T76/><D135/><N who="2" m="51786" /><F111/><W80/><G118/><T86/><D3/><U75/><E75/><V23/><F7/><W85/><G99/><T27/><D27/><U42/><E119/><V87/><F15/><N who="3" m="9503" /><G46/><T121/><D47/><U83/><E83/><V4/><F4/><W94/><G40/><T33/><D33/><U12/><E68/><V93/><F41/><W126/><G126/><T1/><D1/><U24/><E42/><V52/><F59/><W74/><G74/><T77/><D5/><U125/><E123/><V109/><F109/><W25/><G25/><T69/><D77/><U131/><E13/><V101/><F101/><N who="3" m="60631" /><G95/><T14/><D14/><U2/><E12/><V10/><F10/><W34/><G34/><T55/><D110/><U115/><E2/><V79/><F79/><AGARI ba="0,0" hai="60,61,79,80,85,88,89,90" m="60631,9503" machi="79" ten="30,12000,2" yaku="8,1,52,3,54,2" doraHai="84" who="3" fromWho="2" sc="239,0,323,0,152,-120,286,120" /><INIT seed="3,0,0,2,1,2" ten="239,323,32,406" oya="3" hai0="27,127,108,51,111,96,91,112,84,15,116,117,66" hai1="25,47,100,10,134,41,94,3,114,72,70,86,104" hai2="13,28,44,93,77,124,11,45,76,63,32,105,50" hai3="21,18,78,20,9,37,122,102,64,0,128,99,107"/><W38/><G122/><T17/><D66/><U35/><E70/><V49/><F124/><W60/><G128/><T36/><D36/><U129/><E72/><V57/><F105/><W92/><G78/><T87/><D27/><U12/><E3/><V133/><F133/><W7/><G107/><T30/><D30/><U132/><E104/><V89/><F32/><W81/><G81/><T75/><D75/><U71/><E71/><V5/><F28/><W22/><REACH who="3" step="1"/><G18/><REACH who="3" ten="239,323,32,396" step="2"/><T98/><D17/><U39/><E129/><V52/><F76/><W58/><AGARI ba="0,1" hai="0,7,9,20,21,22,37,38,58,60,64,92,99,102" machi="58" ten="30,12000,1" yaku="1,1,2,1,0,1,52,1,53,1" doraHai="2" doraHaiUra="6" who="3" fromWho="3" sc="239,-40,323,-40,32,-40,396,130" owari="199,-20.0,283,8.0,-8,-51.0,526,63.0" /></mjloggm>