<mjloggm ver="2.3"><GO type="169" lobby="0"/><UN n0="%EF%BF%A1%E3%81%BA%E3%82%93%E3%81%BA%E3%82%93%EF%BF%A1" n1="%E5%A5%88%E8%90%BD%E3%81%AE%E7%8E%8B" n2="%E9%97%87%E3%82%B5%E3%83%88%E3%82%B7" n3="%E3%82%A6%E3%83%AB%E3%83%88%E3%83%A9%E7%AB%8B%E7%9B%B4" dan="16,17,16,17" rate="2091.49,2160.67,2049.65,2135.97" sx="M,M,F,M"/><TAIKYOKU oya="0"/><INIT seed="0,0,0,4,2,22" ten="250,250,250,250" oya="0" hai0="39,95,98,35,101,66,48,31,135,33,9,46,120" hai1="16,53,27,83,80,2,88,86,44,103,56,64,20" hai2="54,25,119,68,58,21,81,82,32,60,127,90,97" hai3="41,123,118,121,15,108,74,78,67,40,18,5,134"/><T132/><D39/><U76/><E2/><V8/><F127/><W43/><G118/><T19/><D120/><N who="3" m="46153" /><G108/><T94/><D66/><U69/><E69/><V106/><F119/><W11/><G134/><N who="0" m="51243" /><D31/><U37/><E103/><V63/><F32/><N who="0" m="12362" /><D9/><U128/><E128/><V59/><F8/><W4/><G67/><T91/><D19/><U52/><E64/><V100/><F68/><W6/><G78/><T70/><D70/><U12/><E12/><V79/><F79/><W71/><G71/><T125/><D125/><U126/><E126/><V72/><F90/><W50/><G74/><T130/><D130/><U73/><REACH who="1" step="1"/><E56/><REACH who="1" ten="250,240,250,250" step="2"/><V57/><F58/><W24/><G15/><T29/><D29/><U75/><E75/><V96/><F59/><W93/><G5/><T116/><D116/><U14/><E14/><V34/><F57/><W42/><G4/><T129/><D129/><U17/><E17/><V23/><F60/><W115/><G6/><T89/><D95/><U47/><E47/><V92/><F63/><W109/><G93/><T105/><D94/><U13/><E13/><V3/><F92/><W62/><G18/><T45/><D45/><U36/><E36/><V112/><F3/><W104/><G11/><T110/><D110/><U61/><E61/><V117/><F117/><W102/><G62/><T122/><D122/><U99/><E99/><V84/><F97/><N who="3" m="61519" /><G109/><T7/><D7/><U49/><E49/><V107/><F96/><W65/><G65/><T77/><D48/><U10/><E10/><V124/><F124/><W28/><N who="3" m="10240" /><DORA hai="111" /><W30/><G50/><RYUUKYOKU ba="0,1" sc="250,-10,240,30,250,-10,250,-10" hai1="16,20,27,37,44,52,53,73,76,80,83,86,88" /><INIT seed="1,1,1,1,3,50" ten="240,270,240,240" oya="1" hai0="109,25,123,83,105,112,84,10,62,38,116,8,119" hai1="73,1,26,106,36,108,56,121,134,74,115,54,64" hai2="30,98,11,72,13,52,68,19,63,111,14,20,15" hai3="81,120,96,110,16,6,129,122,113,95,46,21,57"/><U75/><E121/><V35/><F111/><W7/><G113/><T128/><D38/><U27/><E115/><V51/><F72/><W92/><G110/><T101/><D112/><U133/><E108/><V3/><F35/><W9/><G129/><T125/><D109/><U2/><E106/><V28/><F3/><N who="1" m="1033" /><E64/><V17/><F98/><W90/><G81/><T53/><D123/><U47/><E47/><V93/><F93/><W100/><G46/><T131/><D25/><N who="1" m="9227" /><E36/><V24/><F68/><W117/><G117/><T94/><D105/><U79/><E79/><V102/><F63/><W78/><G9/><T135/><D119/><U41/><E41/><V61/><F61/><W40/><G78/><T87/><D116/><U12/><E12/><N who="2" m="4715" /><F102/><W0/><G40/><T114/><D101/><U97/><E97/><V48/><F48/><W37/><G37/><T86/><D114/><U34/><E34/><V45/><AGARI ba="1,1" hai="11,15,17,19,20,24,28,30,45,51,52" m="4715" machi="45" ten="30,4000,0" yaku="8,1,52,1,54,1" doraHai="50" who="2" fromWho="2" sc="240,-11,270,-21,240,53,240,-11" /><INIT seed="2,0,0,5,0,83" ten="229,249,293,229" oya="2" hai0="33,77,12,122,54,11,115,104,125,31,45,68,38" hai1="18,62,21,71,97,85,130,87,84,70,30,66,107" hai2="50,15,14,60,6,108,99,134,135,46,51,105,3" hai3="59,119,73,47,109,91,57,4,126,113,112,0,36"/><V76/><F108/><W117/><G73/><T82/><D68/><U22/><E130/><V121/><F121/><W116/><G4/><T53/><D104/><U19/><E71/><V98/><F76/><W101/><G0/><T24/><D115/><N who="3" m="44105" /><G101/><T106/><D106/><U94/><E107/><V79/><F79/><W114/><G114/><T25/><D125/><U63/><E30/><V42/><F60/><N who="1" m="23081" /><E66/><V13/><F50/><W90/><G126/><T8/><D24/><N who="1" m="14391" /><E70/><V5/><F5/><W55/><G109/><T74/><D122/><U37/><E37/><V56/><F56/><N who="3" m="21579" /><G36/><T39/><D39/><U32/><E32/><V27/><F27/><W103/><G103/><T132/><D38/><U110/><E110/><V102/><REACH who="2" step="1"/><F99/><REACH who="2" ten="229,249,283,229" step="2"/><W26/><G26/><T128/><D25/><N who="1" m="14559" /><E97/><V72/><F72/><W2/><G119/><T69/><D74/><U129/><E129/><V95/><F95/><AGARI ba="0,1" hai="84,85,87,94,95" m="14559,14391,23081" machi="95" ten="30,7700,0" yaku="8,1,52,3" doraHai="83" who="1" fromWho="2" sc="229,0,249,87,283,-77,229,0" /><INIT seed="3,0,0,1,2,67" ten="229,336,206,229" oya="3" hai0="32,90,87,6,129,45,121,27,33,123,71,19,37" hai1="62,38,119,97,89,63,28,20,75,78,13,72,26" hai2="106,35,104,1,83,41,99,53,25,110,86,105,120" hai3="131,127,117,115,8,91,18,95,69,7,102,22,23"/><W111/><G117/><T21/><D129/><U46/><E119/><V118/><F118/><W100/><G115/><T96/><D6/><U133/><E133/><V85/><F110/><W30/><G131/><T81/><D71/><U93/><E78/><V74/><F120/><W134/><G127/><T108/><D108/><U3/><E3/><V24/><F1/><W10/><G69/><T132/><D132/><U125/><E125/><V64/><F41/><W128/><G134/><T16/><D19/><U11/><E75/><V52/><F64/><W103/><G128/><T2/><D2/><U94/><E94/><V73/><F99/><W114/><G114/><T113/><D113/><U66/><E72/><V12/><F12/><N who="3" m="9543" /><G7/><T59/><D59/><U40/><E66/><V43/><F43/><W107/><G107/><T5/><D5/><AGARI ba="0,0" hai="5,11,13,20,26,28,38,40,46,62,63,89,93,97" machi="5" ten="30,1000,0" yaku="7,1" doraHai="67" who="1" fromWho="0" sc="229,-10,336,10,206,0,229,0" /><INIT seed="4,0,0,3,5,47" ten="219,346,206,229" oya="0" hai0="40,94,112,97,114,105,8,55,96,83,125,108,46" hai1="113,133,118,35,11,24,19,68,111,122,9,77,79" hai2="20,129,61,72,132,28,2,31,62,88,85,48,44" hai3="57,65,21,64,121,12,81,30,87,4,92,53,71"/><T119/><D119/><U78/><E68/><V14/><F72/><W134/><G71/><T102/><D125/><U39/><E39/><V107/><F2/><W66/><G134/><T42/><D108/><U7/><E111/><V22/><F107/><W104/><G104/><T126/><D126/><U50/><E118/><V80/><F132/><W69/><G69/><T123/><D123/><U36/><E36/><V32/><F32/><W13/><G92/><T131/><D131/><U43/><E122/><V70/><F129/><W52/><G4/><T58/><D8/><U82/><E133/><V75/><F75/><W91/><G53/><T29/><D29/><N who="2" m="11338" /><F70/><W127/><G127/><T1/><D83/><U23/><E35/><V86/><F86/><W76/><G76/><T101/><D1/><U10/><E113/><N who="0" m="43625" /><D46/><N who="1" m="25951" /><E82/><V18/><F22/><W135/><G135/><T54/><D54/><AGARI ba="0,0" hai="14,18,20,44,48,54,61,62,80,85,88" m="11338" machi="54" ten="30,3900,0" yaku="8,1,52,1,54,1" doraHai="47" who="2" fromWho="0" sc="219,-39,346,0,206,39,229,0" /><INIT seed="5,0,0,2,1,84" ten="180,346,245,229" oya="1" hai0="114,116,31,110,32,86,66,8,92,3,51,38,73" hai1="98,109,24,111,9,91,48,41,43,107,79,11,68" hai2="30,37,60,2,42,95,126,77,69,26,118,47,28" hai3="64,34,20,53,23,90,70,25,18,103,124,123,115"/><U121/><E121/><V54/><F118/><W101/><G34/><T94/><D38/><U22/><E68/><V17/><F2/><W52/><G123/><T134/><D73/><U61/><E79/><V131/><F77/><W72/><G72/><T99/><D110/><N who="1" m="41995" /><E61/><V21/><F126/><W125/><G115/><T15/><D116/><U135/><E135/><V56/><F131/><W71/><G64/><T35/><D3/><U128/><E128/><V96/><REACH who="2" step="1"/><F69/><REACH who="2" ten="180,346,235,229" step="2"/><W97/><G71/><T49/><D114/><U120/><E120/><V13/><F13/><W133/><G70/><T67/><D134/><U6/><E107/><V63/><F63/><W80/><G133/><T65/><D32/><U119/><E119/><V112/><F112/><W82/><G124/><T0/><D0/><U46/><E43/><V27/><F27/><W55/><G125/><T36/><D35/><U59/><E41/><V62/><F62/><W1/><G1/><T45/><D15/><U87/><E24/><V75/><F75/><W83/><G23/><T132/><D132/><U10/><E22/><V12/><F12/><W16/><G18/><T58/><D31/><U88/><E11/><V7/><F7/><W33/><G33/><T117/><D8/><U85/><E10/><V29/><F29/><W50/><G50/><T130/><D117/><U104/><E9/><V105/><F105/><W127/><G127/><T76/><D130/><U57/><E104/><V102/><AGARI ba="0,1" hai="17,21,26,28,30,37,42,47,54,56,60,95,96,102" machi="102" ten="20,2700,0" yaku="1,1,0,1,7,1,53,0" doraHai="84" doraHaiUra="5" who="2" fromWho="2" sc="180,-7,346,-13,235,37,229,-7" /><INIT seed="6,0,0,4,4,105" ten="173,333,272,222" oya="2" hai0="40,33,133,95,9,104,41,100,96,74,79,50,109" hai1="28,126,59,101,112,108,75,60,56,127,128,97,3" hai2="135,37,15,29,82,80,4,11,107,130,117,66,5" hai3="58,88,35,7,47,2,83,110,51,72,131,17,92"/><V64/><F117/><W30/><G110/><T65/><D109/><U21/><E108/><V68/><F37/><W61/><G131/><T36/><D133/><U45/><E3/><V26/><F107/><W42/><G30/><T102/><D33/><U10/><E10/><V69/><F130/><W55/><G35/><T76/><D36/><U48/><E128/><V8/><F135/><W122/><G122/><T106/><D65/><U52/><E75/><V123/><F123/><W54/><G17/><T116/><D116/><U67/><E112/><V124/><F124/><N who="1" m="47657" /><E21/><V85/><F80/><W94/><G94/><T53/><D9/><U63/><E28/><V19/><F19/><W31/><G31/><T23/><D23/><U20/><E20/><N who="2" m="15559" /><F68/><W111/><G111/><T90/><D104/><N who="1" m="63535" /><E63/><V46/><F69/><AGARI ba="0,0" hai="45,48,52,56,59,60,67,69" m="63535,47657" machi="69" ten="30,2000,0" yaku="18,1,54,1" doraHai="105" who="1" fromWho="2" sc="173,0,333,20,272,-20,222,0" /><INIT seed="7,0,0,0,1,63" ten="173,353,252,222" oya="3" hai0="62,128,60,129,35,29,101,81,77,67,69,57,18" hai1="104,68,132,58,127,116,5,7,121,75,41,72,33" hai2="34,113,90,122,80,19,103,87,131,133,25,92,12" hai3="66,44,85,24,15,11,1,51,10,40,118,38,49"/><W76/><G38/><T114/><D101/><U3/><RYUUKYOKU type="yao9" ba="0,0" sc="173,0,353,0,252,0,222,0" hai1="3,5,7,33,41,58,68,72,75,104,116,121,127,132" /><INIT seed="7,1,0,2,5,63" ten="173,353,252,222" oya="3" hai0="43,134,47,31,127,57,59,72,52,53,44,69,10" hai1="33,46,58,85,135,21,9,86,26,110,105,41,87" hai2="20,8,56,91,62,88,79,98,82,100,116,106,55" hai3="75,92,118,54,68,40,80,48,35,84,121,4,49"/><W67/><G35/><T25/><D72/><U123/><E110/><V96/><F96/><W64/><G68/><T12/><D127/><U108/><E108/><V3/><F20/><W73/><G75/><T61/><D134/><U129/><E105/><V131/><F131/><W126/><G126/><T115/><D69/><U112/><E123/><V81/><F81/><W45/><G121/><T111/><D111/><U28/><E33/><V24/><F24/><W14/><G92/><T18/><D115/><U50/><E135/><V71/><F71/><W109/><G109/><T15/><D43/><U32/><E32/><V99/><F99/><W16/><G4/><T65/><D15/><U29/><E129/><V130/><F116/><W37/><G37/><T113/><D113/><U38/><E38/><V17/><F130/><W34/><G34/><T19/><D19/><N who="1" m="12607" /><E112/><V6/><REACH who="2" step="1"/><F17/><REACH who="2" ten="173,353,242,222" step="2"/><W107/><G118/><T1/><D1/><U5/><E29/><V76/><F76/><N who="3" m="46087" /><G107/><T119/><D119/><U90/><E28/><V23/><F23/><N who="3" m="11671" /><G73/><AGARI ba="1,1" hai="3,6,8,55,56,62,73,79,82,88,91,98,100,106" machi="73" ten="30,3900,0" yaku="1,1,7,1,54,1,53,0" doraHai="63" doraHaiUra="36" who="2" fromWho="3" sc="173,0,353,0,242,52,222,-42" owari="173,-33.0,353,46.0,294,9.0,180,-22.0" /></mjloggm>