<mjloggm ver="2.3"><GO type="169" lobby="0"/><UN n0="%E3%82%A6%E3%83%AB%E3%83%88%E3%83%A9%E7%AB%8B%E7%9B%B4" n1="%47%D0%81%D0%99%49%55%53" n2="%E3%81%8B%E3%82%89%E3%83%BC%E3%81%9C" n3="%E5%B0%B1%E6%B4%BB%E7%94%9F%40%E5%B7%9D%E6%9D%91%E8%BB%8D%E5%9B%A3" dan="17,17,17,16" rate="2110.77,2186.87,2198.62,2035.61" sx="M,M,M,M"/><TAIKYOKU oya="0"/><INIT seed="0,0,0,5,1,28" ten="250,250,250,250" oya="0" hai0="130,64,105,46,112,118,95,68,34,98,128,83,120" hai1="125,32,89,94,9,109,133,17,86,72,67,65,8" hai2="121,66,39,55,20,12,50,27,78,131,114,43,58" hai3="40,73,19,108,23,97,127,59,85,21,4,88,7"/><T36/><D120/><U115/><E72/><V106/><F121/><W6/><G73/><T49/><D118/><U41/><E109/><V69/><F114/><W33/><G108/><T117/><D117/><U24/><E115/><V96/><F131/><N who="0" m="50218" /><D105/><U16/><E32/><V82/><F12/><W132/><G132/><T104/><D104/><U124/><E41/><V38/><F69/><W25/><G127/><N who="1" m="48714" /><E133/><V111/><F66/><N who="1" m="25097" /><E24/><V71/><F71/><W35/><G40/><N who="0" m="24775" /><D36/><U26/><E26/><V45/><F111/><W63/><G23/><T101/><D112/><U92/><E92/><V54/><F38/><W91/><G91/><T60/><D83/><U80/><E80/><V110/><F110/><W44/><G44/><T15/><D15/><U56/><E56/><V81/><F54/><N who="3" m="34295" /><G85/><T103/><D34/><U123/><E123/><V10/><F39/><W102/><G102/><AGARI ba="0,0" hai="60,64,68,95,98,101,102,103" m="24775,50218" machi="102" ten="30,1500,0" yaku="19,1" doraHai="28" who="0" fromWho="3" sc="250,15,250,0,250,0,250,-15" /><INIT seed="0,1,0,5,0,12" ten="265,250,250,235" oya="0" hai0="7,70,40,16,105,89,20,85,116,107,5,43,37" hai1="64,126,3,13,50,19,61,93,52,101,68,11,18" hai2="9,103,83,124,132,92,112,77,131,72,27,122,106" hai3="63,76,110,62,78,33,58,75,71,94,14,100,86"/><T45/><D70/><U82/><E3/><V91/><F122/><W118/><G118/><T46/><D116/><U130/><E126/><V69/><F69/><W133/><G110/><T80/><D107/><U42/><E42/><V123/><F123/><W51/><G133/><T39/><D105/><U22/><E130/><V108/><F112/><W1/><G33/><T36/><REACH who="0" step="1"/><D39/><REACH who="0" ten="255,250,250,235" step="2"/><U134/><E134/><V84/><F106/><W17/><G71/><T30/><D30/><U2/><E2/><V98/><F132/><W55/><G1/><T53/><D53/><U56/><E82/><V67/><F83/><W119/><G119/><T21/><D21/><U95/><REACH who="1" step="1"/><E101/><REACH who="1" ten="255,240,250,235" step="2"/><V44/><F103/><W115/><G100/><T54/><D54/><U25/><AGARI ba="1,2" hai="11,13,18,19,22,25,50,52,56,61,64,68,93,95" machi="25" ten="20,12000,2" yaku="1,1,2,1,0,1,7,1,52,2,54,1,53,0" doraHai="12" doraHaiUra="26" who="1" fromWho="1" sc="255,-61,240,143,250,-31,235,-31" /><INIT seed="1,0,0,4,3,7" ten="194,383,219,204" oya="1" hai0="43,16,62,66,107,96,54,102,58,115,21,37,111" hai1="24,6,120,61,11,131,29,122,34,69,65,94,134" hai2="126,123,10,3,25,49,59,125,19,57,79,93,53" hai3="81,103,33,97,45,13,74,91,106,116,41,76,117"/><U68/><E68/><V99/><F123/><W50/><G33/><T78/><D115/><U118/><E118/><V112/><F112/><W129/><G129/><T42/><D111/><U5/><E5/><N who="2" m="1343" /><F79/><W56/><G56/><T86/><D37/><U18/><E131/><V98/><F59/><W47/><G47/><T28/><D28/><U27/><E134/><V9/><F93/><W121/><G121/><T108/><D108/><U1/><REACH who="1" step="1"/><E94/><REACH who="1" ten="194,373,219,204" step="2"/><V124/><F25/><W40/><G116/><T130/><D130/><U14/><E14/><AGARI ba="0,1" hai="9,14,19,49,53,57,98,99,124,125,126" m="1343" machi="14" ten="30,3900,0" yaku="18,1,52,2" doraHai="7" who="2" fromWho="1" sc="194,0,373,-39,219,49,204,0" /><INIT seed="2,0,0,0,1,48" ten="194,334,268,204" oya="2" hai0="40,73,33,44,42,72,90,47,100,36,76,21,28" hai1="106,56,4,34,108,104,93,24,54,110,23,116,89" hai2="74,53,133,122,124,67,58,105,9,121,120,49,55" hai3="26,103,86,39,85,12,88,91,78,35,118,45,13"/><V107/><F124/><W30/><G118/><T112/><D112/><U123/><E116/><V25/><F133/><W15/><G103/><T18/><D100/><U17/><E34/><V63/><F74/><W7/><G78/><T66/><D76/><U19/><E4/><V20/><F9/><W129/><G129/><T99/><D28/><U52/><E17/><V77/><F77/><W41/><REACH who="3" step="1"/><G7/><REACH who="3" ten="194,334,268,194" step="2"/><T61/><D72/><U2/><E123/><V84/><F122/><W131/><G131/><T10/><D73/><U83/><E110/><V71/><F121/><W69/><G69/><T3/><D90/><AGARI ba="0,1" hai="12,13,15,26,30,35,39,41,45,85,86,88,90,91" machi="90" ten="40,2600,0" yaku="1,1,54,1,53,0" doraHai="48" doraHaiUra="95" who="3" fromWho="0" sc="194,-26,334,0,268,0,194,36" /><INIT seed="3,0,0,1,1,94" ten="168,334,268,230" oya="3" hai0="86,118,74,109,112,8,92,107,2,22,17,16,88" hai1="41,25,122,46,75,78,59,80,73,123,100,71,106" hai2="14,67,26,87,129,119,5,34,51,91,57,32,61" hai3="7,126,93,24,42,29,0,105,115,37,44,121,53"/><W11/><G105/><T70/><D118/><U68/><E59/><V132/><F119/><W90/><G121/><N who="1" m="46090" /><E25/><V108/><F108/><W120/><G115/><T114/><D70/><U30/><E30/><V65/><F132/><W110/><G120/><T27/><D109/><U47/><E47/><V135/><F135/><W39/><G110/><T28/><D74/><U89/><E89/><V12/><F129/><W127/><G53/><T15/><D2/><U64/><E75/><V103/><F67/><W52/><G52/><T113/><REACH who="0" step="1"/><D107/><REACH who="0" ten="158,334,268,230" step="2"/><U18/><E68/><V48/><F65/><W128/><G128/><T9/><D9/><U98/><E71/><V31/><F34/><W40/><G127/><T95/><D95/><U99/><E64/><V60/><F32/><W43/><G126/><T96/><D96/><U111/><E99/><V58/><F61/><W45/><G39/><T72/><D72/><U23/><E111/><V124/><F60/><W50/><G37/><T81/><D81/><U55/><E80/><V3/><F3/><W77/><G93/><T97/><D97/><U1/><E1/><V38/><F38/><W49/><G11/><T33/><D33/><U35/><E35/><V13/><F124/><W134/><G0/><T84/><D84/><U83/><E106/><V66/><F66/><W131/><G131/><T10/><D10/><U20/><E98/><V69/><F69/><W21/><G134/><T56/><D56/><U19/><E73/><V102/><F58/><W36/><G36/><T6/><AGARI ba="0,1" hai="6,8,15,16,17,22,27,28,86,88,92,112,113,114" machi="6" ten="30,8000,1" yaku="1,1,0,1,11,1,54,2,53,0" doraHai="94" doraHaiUra="116" who="0" fromWho="0" sc="158,90,334,-20,268,-20,230,-40" /><INIT seed="4,0,0,1,1,33" ten="248,314,248,190" oya="0" hai0="16,115,113,7,88,66,24,126,109,79,92,38,86" hai1="27,130,60,116,48,98,132,90,71,72,32,2,43" hai2="129,117,44,20,81,104,3,46,83,135,67,1,55" hai3="106,8,102,13,114,100,53,23,105,29,12,39,107"/><T25/><D38/><U22/><E116/><V19/><F104/><W49/><G39/><T128/><D126/><U62/><E72/><V78/><F67/><W123/><G123/><T131/><D109/><U133/><E32/><V101/><F101/><W69/><G69/><T40/><D40/><U111/><E111/><V47/><F83/><W10/><G114/><N who="0" m="43531" /><D7/><U65/><E130/><N who="0" m="49705" /><D66/><U57/><E43/><V56/><F135/><W94/><G94/><T58/><D58/><U35/><E57/><V110/><F117/><W31/><G23/><N who="0" m="13415" /><D25/><U59/><E27/><V118/><F118/><W21/><G21/><T36/><D36/><U45/><E22/><V75/><F110/><W76/><G13/><T9/><D9/><U61/><E35/><V74/><F129/><W89/><G10/><T34/><D79/><U41/><E71/><V6/><F6/><W17/><G76/><T28/><D34/><U112/><E112/><V122/><F56/><W18/><G18/><T82/><D82/><U50/><E65/><V124/><F124/><W97/><G31/><AGARI ba="0,0" hai="28,31,86,88,92" m="13415,49705,43531" machi="31" ten="30,11600,0" yaku="15,1,19,1,54,2" doraHai="33" who="0" fromWho="3" sc="248,116,314,0,248,0,190,-116" /><INIT seed="4,1,0,1,1,109" ten="364,314,248,74" oya="0" hai0="117,135,36,86,43,32,76,7,71,81,9,31,4" hai1="88,100,13,44,92,97,119,62,46,74,95,78,79" hai2="116,69,1,67,26,113,73,40,24,128,19,103,132" hai3="34,129,15,23,94,114,2,118,16,0,58,83,111"/><T25/><D71/><U126/><E119/><V91/><F91/><W120/><G111/><T134/><D117/><U27/><E126/><V133/><F40/><W3/><G118/><T38/><D7/><U108/><E108/><V72/><F67/><W50/><G120/><T98/><D98/><N who="1" m="57607" /><E74/><V22/><F116/><W42/><G34/><T52/><D52/><U21/><E13/><V82/><F82/><W60/><G129/><T80/><D80/><U104/><E104/><V77/><F77/><N who="1" m="29193" /><E62/><V49/><F69/><W29/><G29/><AGARI ba="1,0" hai="21,27,29,44,46,95,97,100" m="29193,57607" machi="29" ten="30,2000,0" yaku="8,1,54,1" doraHai="109" who="1" fromWho="3" sc="364,0,314,23,248,0,74,-23" /><INIT seed="5,0,0,2,0,131" ten="364,337,248,51" oya="1" hai0="14,2,50,35,80,132,92,34,11,109,33,37,125" hai1="42,76,89,60,18,58,101,48,46,115,17,114,43" hai2="88,104,108,128,54,98,25,102,129,127,78,134,94" hai3="110,38,99,133,111,44,59,120,113,68,84,77,41"/><U24/><E76/><V105/><F25/><W8/><G120/><T49/><D37/><U7/><E7/><V31/><F31/><W73/><G68/><T106/><D106/><N who="2" m="41066" /><F54/><W107/><G113/><N who="1" m="43018" /><E101/><N who="2" m="60631" /><F108/><W23/><G23/><T79/><D14/><U87/><E43/><V19/><F19/><W27/><G27/><T85/><D11/><U61/><E24/><V95/><F127/><W70/><G59/><T75/><D2/><U66/><E60/><V21/><F21/><W39/><G8/><T4/><D125/><U103/><E103/><V6/><F6/><W96/><G70/><T122/><D109/><U93/><AGARI ba="0,0" hai="17,18,42,46,48,58,61,66,87,89,93" m="43018" machi="93" ten="30,1500,0" yaku="15,1" doraHai="131" who="1" fromWho="1" sc="364,-5,337,15,248,-5,51,-5" /><INIT seed="5,1,0,3,2,56" ten="359,352,243,46" oya="1" hai0="36,53,54,100,18,9,1,22,121,135,62,19,91" hai1="112,57,65,130,115,119,89,126,72,80,103,3,13" hai2="102,83,68,97,108,0,12,74,60,21,50,87,122" hai3="104,30,67,6,48,38,15,37,94,120,41,45,8"/><U42/><E3/><V106/><F108/><W134/><G120/><T114/><D36/><U26/><E119/><V34/><F122/><W129/><G104/><T79/><D135/><U131/><E103/><V132/><F132/><W99/><G129/><N who="1" m="49162" /><E42/><V29/><F0/><W24/><G134/><T40/><D40/><U39/><E39/><V61/><F74/><W88/><REACH who="3" step="1"/><G67/><REACH who="3" ten="359,352,243,36" step="2"/><T11/><D121/><U92/><E126/><V90/><F106/><W70/><G70/><T16/><D114/><U86/><E115/><V32/><F68/><W84/><G84/><T110/><D110/><U78/><E112/><V105/><F105/><W66/><G66/><T96/><D96/><U31/><E65/><V27/><F97/><W23/><AGARI ba="1,1" hai="6,8,15,23,24,30,37,38,41,45,48,88,94,99" machi="23" ten="20,5200,0" yaku="1,1,0,1,7,1,54,1,53,0" doraHai="56" doraHaiUra="98" who="3" fromWho="3" sc="359,-14,352,-27,243,-14,36,65" /><INIT seed="6,0,0,2,5,94" ten="345,325,229,101" oya="2" hai0="22,30,2,88,111,86,84,74,110,64,61,33,24" hai1="75,58,78,65,116,38,68,108,77,135,131,19,124" hai2="0,113,15,16,47,63,55,82,120,91,5,95,49" hai3="3,101,7,92,46,133,127,57,36,52,21,1,104"/><V10/><F113/><W109/><G104/><T39/><D74/><U43/><E108/><V51/><F120/><W106/><G106/><T56/><D39/><U62/><E116/><V42/><F82/><W41/><G109/><T4/><D4/><U117/><E117/><V103/><F103/><W98/><G127/><T26/><D2/><U53/><E124/><V13/><F63/><W28/><G133/><T66/><D66/><U112/><E112/><V89/><F95/><W81/><G7/><T128/><D86/><U83/><E135/><V130/><F130/><W71/><G71/><T93/><D128/><U67/><E131/><V114/><F114/><W25/><REACH who="3" step="1"/><G81/><REACH who="3" ten="345,325,229,91" step="2"/><T37/><D37/><U23/><E68/><V70/><F70/><W85/><G85/><T115/><D115/><U69/><E69/><V118/><F118/><W35/><G35/><T123/><D123/><U99/><E83/><V34/><F34/><W126/><G126/><T134/><D134/><U29/><E75/><V119/><F119/><W129/><G129/><T44/><D111/><U17/><E78/><V97/><F5/><W96/><G96/><T79/><D79/><U11/><E99/><V18/><F97/><W12/><G12/><T32/><D110/><U45/><E77/><V122/><F122/><W31/><G31/><T14/><D14/><N who="1" m="7391" /><E29/><V54/><F13/><W6/><G6/><T132/><D132/><U60/><E60/><AGARI ba="0,1" hai="1,3,21,25,28,36,41,46,52,57,60,92,98,101" machi="60" ten="30,7700,0" yaku="1,1,7,1,52,1,54,1,53,0" doraHai="94" doraHaiUra="73" who="3" fromWho="1" sc="345,0,325,-77,229,0,91,87" /><INIT seed="7,0,0,4,3,79" ten="345,248,229,178" oya="3" hai0="96,16,36,29,1,54,66,132,94,63,24,84,127" hai1="35,42,97,98,121,62,28,102,76,4,99,38,12" hai2="45,71,115,65,130,108,87,77,34,88,106,9,22" hai3="125,119,21,58,101,44,14,56,100,133,26,48,126"/><W30/><G119/><T10/><D36/><U73/><E121/><V70/><F108/><W39/><G39/><T40/><D40/><U19/><E4/><V112/><F34/><W64/><G133/><T5/><D16/><U131/><E131/><V85/><F106/><W27/><G126/><T135/><D84/><U90/><E90/><V74/><F74/><W13/><G125/><T114/><D54/><U105/><E42/><V68/><F130/><W86/><G27/><T91/><D114/><N who="2" m="43562" /><F9/><W11/><G14/><T116/><D116/><U33/><E38/><V61/><F45/><W0/><G0/><T7/><D127/><U134/><E134/><N who="0" m="51241" /><D10/><U104/><E35/><V59/><F77/><W80/><G64/><T25/><D1/><U43/><E43/><V128/><F128/><W113/><G113/><T31/><D31/><U69/><E76/><V53/><F22/><W118/><G118/><T82/><D82/><U52/><E73/><V117/><F117/><W110/><G110/><T15/><D15/><U78/><E78/><V17/><F17/><N who="3" m="8383" /><G44/><T81/><D25/><N who="1" m="18575" /><E104/><V49/><F85/><W55/><G58/><N who="0" m="37239" /><D24/><U92/><E105/><V109/><F109/><W6/><G6/><T111/><D29/><U37/><E37/><V93/><AGARI ba="0,0" hai="49,53,59,61,65,68,70,71,87,88,93" m="43562" machi="93" ten="30,2000,0" yaku="15,1,54,1" doraHai="79" who="2" fromWho="2" sc="345,-5,248,-5,229,20,178,-10" owari="340,44.0,243,-16.0,249,5.0,168,-33.0" /></mjloggm>