<mjloggm ver="2.3"><GO type="169" lobby="0"/><UN n0="%E4%B8%AD%E6%9D%91%E8%B1%AA" n1="%E3%82%A6%E3%83%AB%E3%83%88%E3%83%A9%E7%AB%8B%E7%9B%B4" n2="%E3%82%80%E3%81%99%E3%82%93%E3%81%A7%E3%81%B2%E3%82%89%E3%81%84%E3%81%A6" n3="%E9%AB%98%E7%94%BA%EF%BC%A0%E3%81%AA%E3%81%AE%E3%81%AF" dan="17,17,16,16" rate="2169.04,2120.57,2092.11,2143.97" sx="M,M,M,F"/><TAIKYOKU oya="0"/><INIT seed="0,0,0,1,0,36" ten="250,250,250,250" oya="0" hai0="87,79,34,102,84,59,117,105,111,81,21,8,5" hai1="43,126,54,112,113,74,62,124,70,99,115,97,72" hai2="56,18,16,33,28,132,65,23,10,37,47,76,66" hai3="32,67,86,123,46,64,125,122,51,40,17,44,118"/><T2/><D34/><U7/><E7/><V27/><F132/><W14/><G32/><T1/><D117/><U45/><E54/><V24/><F76/><W9/><G125/><N who="1" m="48234" /><E62/><V57/><F57/><W0/><G118/><T116/><D116/><U80/><E70/><V83/><F83/><W110/><G110/><T95/><D105/><U103/><E80/><V13/><REACH who="2" step="1"/><F56/><REACH who="2" ten="250,250,240,250" step="2"/><W134/><G134/><T133/><D133/><U85/><E85/><V89/><F89/><W4/><G86/><T60/><D84/><U91/><E91/><V58/><F58/><W92/><G46/><T121/><D59/><U96/><E103/><V6/><F6/><W106/><G106/><T127/><D102/><U3/><E3/><V120/><F120/><N who="3" m="46123" /><G92/><T30/><D95/><U11/><E11/><AGARI ba="0,1" hai="0,4,9,11,14,17,40,44,51,64,67" m="46123" machi="11" ten="30,2000,0" yaku="13,1,52,1" doraHai="36" who="3" fromWho="1" sc="250,0,250,-20,240,0,250,30" /><INIT seed="1,0,0,3,3,105" ten="250,230,240,280" oya="1" hai0="15,78,99,123,104,28,97,29,44,58,64,11,133" hai1="40,55,85,120,50,56,30,31,125,10,13,70,114" hai2="35,116,43,21,12,84,18,72,129,131,75,98,52" hai3="89,24,19,54,77,110,62,101,109,119,107,121,49"/><U46/><E120/><V126/><F116/><W41/><G121/><T5/><D133/><U53/><E114/><V124/><F35/><W0/><G0/><T80/><D123/><U68/><E125/><N who="2" m="48235" /><F43/><W8/><G77/><T122/><D122/><U65/><E70/><V127/><F127/><W27/><G41/><T36/><D64/><U94/><E68/><V102/><F84/><W7/><G62/><T66/><D36/><U23/><E65/><V34/><F34/><W1/><G119/><T113/><D44/><U22/><E31/><V86/><F86/><W38/><G38/><T76/><D104/><U32/><E32/><V103/><F52/><N who="1" m="20041" /><E56/><V9/><F9/><W6/><G6/><T59/><D113/><U39/><E39/><V91/><F91/><W106/><G89/><T61/><D59/><U90/><E30/><N who="0" m="11881" /><D80/><U95/><E95/><N who="2" m="58719" /><F103/><W92/><G92/><T115/><D115/><U51/><E51/><V2/><F2/><W132/><G101/><T96/><AGARI ba="0,0" hai="5,11,15,58,61,66,76,78,96,97,99" m="11881" machi="96" ten="30,1100,0" yaku="8,1" doraHai="105" who="0" fromWho="0" sc="250,11,230,-5,240,-3,280,-3" /><INIT seed="2,0,0,4,4,53" ten="261,225,237,277" oya="2" hai0="116,70,24,52,12,126,88,41,93,43,114,4,46" hai1="39,119,16,96,38,18,99,97,59,14,107,10,66" hai2="110,94,69,33,132,77,71,26,34,13,64,98,57" hai3="118,79,67,15,120,135,134,84,100,42,61,55,20"/><V122/><F122/><W47/><G120/><T45/><D70/><U31/><E107/><V2/><F2/><W73/><G73/><T17/><D114/><U25/><E119/><V75/><F132/><W125/><G100/><T109/><D109/><U21/><REACH who="1" step="1"/><E31/><REACH who="1" ten="261,215,237,277" step="2"/><V108/><F110/><W78/><G118/><T121/><D116/><U29/><E29/><V65/><F108/><W89/><G134/><T103/><D126/><U106/><E106/><V112/><F112/><W86/><G135/><T87/><D121/><U30/><E30/><V32/><F32/><W11/><G125/><T62/><D43/><U85/><E85/><V58/><F75/><W128/><G42/><T50/><D41/><U102/><E102/><V104/><F104/><W129/><G84/><T123/><D103/><U48/><E48/><V35/><F35/><W49/><G128/><T80/><D50/><U44/><E44/><V130/><F130/><W63/><G129/><T105/><D46/><U82/><E82/><V9/><F33/><W27/><G86/><T22/><D45/><U51/><E51/><V95/><F34/><W91/><G78/><T23/><D105/><U6/><E6/><V3/><F77/><W19/><G79/><T28/><D4/><U37/><E37/><V131/><F131/><W83/><G83/><T54/><D123/><U76/><E76/><V133/><F133/><W60/><G67/><T92/><D54/><U113/><E113/><V5/><F65/><W1/><G1/><T68/><D52/><U111/><E111/><V40/><F40/><W7/><AGARI ba="0,1" hai="7,11,15,19,20,27,47,49,55,60,61,63,89,91" machi="7" ten="30,4000,0" yaku="5,1,0,1,8,1" doraHai="53" who="3" fromWho="3" sc="261,-10,215,-10,237,-20,277,50" /><INIT seed="3,0,0,5,3,80" ten="251,205,217,327" oya="3" hai0="88,60,106,76,82,15,67,54,118,110,69,0,90" hai1="23,105,94,22,108,8,49,1,29,120,25,62,116" hai2="66,55,81,72,87,114,113,68,129,16,85,27,73" hai3="53,121,122,78,135,34,127,11,89,95,40,19,48"/><W35/><G135/><T58/><D0/><U99/><E120/><V42/><F42/><W130/><G40/><T59/><D106/><U86/><E108/><V77/><F129/><W93/><G78/><T43/><D118/><U119/><E62/><V115/><F55/><W10/><G130/><T31/><D31/><U56/><E23/><V97/><F97/><W117/><G117/><N who="1" m="45130" /><E49/><V126/><F126/><W104/><G104/><T32/><D32/><U109/><E56/><V6/><F6/><W131/><G131/><T84/><D110/><U36/><E36/><V64/><F72/><W103/><G127/><T70/><D43/><U102/><E109/><V30/><F16/><W47/><G35/><T37/><D37/><U38/><E38/><V50/><F50/><W26/><G34/><T128/><D128/><U4/><E94/><V133/><F133/><W101/><G121/><T132/><D132/><U33/><E22/><V13/><F13/><W46/><G122/><T79/><D15/><U107/><E107/><V41/><F41/><W20/><G95/><T17/><D17/><U52/><E52/><V92/><F92/><W65/><G46/><T12/><D12/><U75/><E86/><V112/><N who="2" m="28672" /><DORA hai="124" /><V71/><F66/><W57/><G65/><T111/><D111/><U125/><E125/><V45/><F45/><W44/><G44/><T39/><D39/><U98/><E98/><V7/><F64/><W83/><G47/><T9/><D67/><U123/><E123/><V61/><F61/><W96/><G83/><T2/><D82/><U100/><E75/><RYUUKYOKU ba="0,0" sc="251,-15,205,15,217,-15,327,15" hai1="1,4,8,25,29,33,99,100,102,105" hai3="10,11,19,20,26,48,53,57,89,93,96,101,103" /><INIT seed="3,1,0,3,1,10" ten="236,220,202,342" oya="3" hai0="132,13,63,115,2,9,22,72,91,25,102,65,70" hai1="103,60,111,23,58,106,33,6,123,100,28,44,54" hai2="124,104,0,55,67,131,61,29,68,86,121,62,76" hai3="45,30,24,113,52,18,4,78,108,117,32,129,39"/><W56/><G117/><T95/><D72/><U53/><E123/><V133/><F0/><W93/><G113/><T92/><D132/><U36/><E33/><V51/><F104/><W126/><G126/><T19/><D115/><U16/><E106/><V35/><F133/><W114/><G114/><T57/><D70/><U37/><E111/><V64/><F124/><W97/><G108/><T27/><D102/><U110/><E110/><V49/><F131/><W14/><G78/><T125/><D125/><U82/><E28/><V116/><F116/><W84/><G84/><T105/><D105/><U135/><E135/><V77/><F121/><W20/><G4/><T3/><D27/><U118/><E118/><V83/><F76/><W69/><G69/><T47/><D47/><U17/><E6/><V46/><F51/><W79/><G79/><T98/><REACH who="0" step="1"/><D95/><REACH who="0" ten="226,220,202,342" step="2"/><U130/><E103/><V73/><F73/><W119/><G119/><T94/><D94/><U134/><E100/><V34/><REACH who="2" step="1"/><F29/><AGARI ba="1,1" hai="2,3,9,13,19,22,25,29,57,63,65,91,92,98" machi="29" ten="30,3900,0" yaku="1,1,7,1,52,1,53,0" doraHai="10" doraHaiUra="66" who="0" fromWho="2" sc="226,52,220,0,202,-42,342,0" /><INIT seed="4,0,0,2,3,26" ten="278,220,160,342" oya="0" hai0="67,20,105,134,9,23,21,118,125,27,35,110,62" hai1="29,89,44,40,28,30,119,129,31,80,15,123,22" hai2="115,93,64,126,12,25,108,74,17,97,88,42,75" hai3="87,56,109,52,37,82,24,66,3,41,101,34,84"/><T132/><D105/><U120/><E119/><V5/><F108/><W45/><G3/><T61/><D118/><U63/><E129/><V33/><F126/><W13/><G109/><T58/><D110/><U65/><E89/><V72/><F115/><W117/><G117/><T81/><D125/><U130/><E130/><V10/><F42/><W92/><G66/><T68/><D9/><U116/><E80/><V69/><F64/><W39/><G39/><T111/><D111/><U135/><E135/><N who="0" m="51753" /><D81/><U11/><E116/><V90/><F69/><W18/><G92/><T107/><D107/><U1/><N who="1" m="7168" /><DORA hai="85" /><U95/><E95/><V73/><N who="2" m="18432" /><DORA hai="98" /><V103/><REACH who="2" step="1"/><F33/><REACH who="2" ten="278,220,150,342" step="2"/><W76/><G34/><T2/><D35/><U47/><E40/><V102/><F102/><W113/><G101/><T114/><D114/><U14/><E123/><V50/><F50/><W43/><G43/><T32/><D32/><U51/><E51/><V36/><F36/><W83/><G113/><T78/><D67/><U54/><E120/><V77/><F77/><W121/><G121/><T96/><D78/><U127/><E127/><V7/><F7/><W60/><G41/><T38/><D68/><U4/><E54/><V53/><F53/><W16/><G37/><T19/><D38/><U91/><E65/><V0/><F0/><W86/><G76/><T128/><D2/><U133/><E133/><V94/><F94/><W79/><G79/><T46/><D128/><U49/><E1/><V6/><F6/><W70/><G70/><T100/><D100/><U59/><E49/><V122/><F122/><RYUUKYOKU ba="0,1" sc="278,-10,220,-10,150,30,342,-10" hai2="5,10,12,17,25,88,90,93,97,103" /><INIT seed="5,1,1,1,4,82" ten="268,210,180,332" oya="1" hai0="41,131,98,18,19,96,4,71,134,67,53,66,62" hai1="90,26,107,126,27,86,89,81,103,99,5,46,91" hai2="49,64,105,129,37,21,17,112,39,1,74,108,38" hai3="35,65,102,3,68,36,42,133,106,83,12,30,80"/><U25/><E126/><V15/><F108/><W101/><G133/><T69/><D131/><U2/><E5/><V9/><F129/><W123/><G3/><T118/><D41/><U0/><REACH who="1" step="1"/><E46/><REACH who="1" ten="268,200,180,332" step="2"/><V57/><F112/><W6/><G6/><T109/><D4/><U125/><E125/><V135/><F135/><W73/><G123/><T16/><D134/><U75/><E75/><V56/><F74/><W88/><G73/><T8/><D109/><U122/><E122/><V128/><F128/><W59/><G106/><T50/><D118/><U51/><E51/><V92/><F105/><W47/><G47/><T110/><D110/><U45/><E45/><V114/><F114/><W13/><G36/><T78/><D50/><U94/><E94/><V127/><F127/><W54/><G80/><T11/><D62/><U43/><E43/><V61/><F92/><W76/><G42/><T132/><D132/><U84/><E84/><V28/><F1/><AGARI ba="1,2" hai="0,1,2,25,26,27,81,86,89,90,91,99,103,107" machi="1" ten="40,12000,1" yaku="1,1,52,1,53,3" doraHai="82" doraHaiUra="23" who="1" fromWho="2" sc="268,0,200,143,180,-123,332,0" /><INIT seed="5,2,0,5,4,128" ten="268,343,57,332" oya="1" hai0="135,11,29,123,109,2,86,103,129,63,47,57,71" hai1="99,113,116,36,108,22,97,17,46,80,25,34,94" hai2="118,119,37,73,67,1,81,132,19,91,35,12,54" hai3="64,53,88,134,40,114,89,100,27,130,104,55,66"/><U76/><E116/><V9/><F35/><W95/><G114/><T93/><D109/><U106/><E113/><V79/><F37/><W90/><G104/><T121/><D71/><U122/><E122/><N who="0" m="46601" /><D29/><U58/><E108/><V42/><F42/><W75/><G75/><T10/><D2/><U70/><E70/><V133/><F1/><W59/><G130/><T15/><D47/><U32/><E106/><V18/><F67/><N who="3" m="25643" /><G134/><N who="2" m="51817" /><F91/><W48/><G40/><T131/><D135/><U110/><E46/><V21/><F54/><N who="3" m="32199" /><G27/><AGARI ba="2,0" hai="9,12,18,19,21,27,73,79,81,118,119" m="51817" machi="27" ten="30,7700,0" yaku="20,1,52,3" doraHai="128" who="2" fromWho="3" sc="268,0,343,0,57,83,332,-83" /><INIT seed="6,0,0,0,4,59" ten="268,343,140,249" oya="2" hai0="125,43,89,96,88,79,0,126,30,22,84,122,35" hai1="106,1,27,9,44,8,102,128,32,85,7,107,56" hai2="14,15,57,78,46,94,62,21,99,20,72,127,108" hai3="65,66,48,110,29,103,40,104,92,45,33,67,74"/><V80/><F127/><N who="0" m="48650" /><D0/><U123/><E102/><V134/><F134/><W119/><G104/><T42/><D35/><U135/><E9/><V47/><F108/><W124/><G74/><T52/><D122/><U98/><E98/><V31/><F20/><W116/><G110/><T71/><D71/><U10/><E10/><V11/><F31/><W55/><G124/><T129/><D129/><U4/><E8/><V3/><F21/><W51/><G103/><T58/><D96/><U50/><E4/><V82/><F3/><W24/><REACH who="3" step="1"/><G92/><REACH who="3" ten="268,343,140,239" step="2"/><T70/><D79/><U91/><E107/><V131/><F131/><W90/><G90/><T109/><D89/><U23/><E91/><N who="2" m="55775" /><F72/><W133/><G133/><T39/><D109/><U12/><E106/><V68/><F68/><W2/><G2/><T16/><D70/><U113/><E1/><V77/><F77/><W69/><G69/><T86/><D88/><U60/><E135/><V36/><F36/><W38/><G38/><T13/><D39/><U117/><E128/><V37/><F37/><W25/><G25/><T115/><D115/><U41/><E27/><V130/><F130/><W95/><G95/><T73/><D73/><U75/><E75/><N who="2" m="43103" /><F82/><W26/><G26/><T101/><D101/><U87/><E113/><V93/><F93/><W83/><G83/><T64/><D30/><U49/><E87/><V132/><F132/><W63/><G63/><N who="0" m="36295" /><D64/><U34/><E85/><AGARI ba="0,1" hai="13,16,22,42,43,84,85,86" m="36295,48650" machi="85" ten="30,7700,0" yaku="18,1,52,1,54,2" doraHai="59" who="0" fromWho="1" sc="268,87,343,-77,140,0,239,0" /><INIT seed="7,0,0,4,1,32" ten="355,266,140,239" oya="3" hai0="11,99,74,63,77,28,4,69,5,17,7,19,23" hai1="58,37,110,100,9,108,47,130,0,104,8,107,122" hai2="62,114,25,89,61,120,121,44,80,129,106,111,16" hai3="1,27,71,70,54,115,3,133,105,96,46,134,52"/><W15/><G115/><T72/><D77/><U82/><E58/><V30/><F106/><W56/><G27/><N who="0" m="16511" /><D69/><N who="3" m="26121" /><G15/><N who="0" m="7423" /><D72/><U39/><E82/><V98/><F111/><W34/><G34/><T57/><D74/><U87/><E87/><V65/><F129/><W29/><G29/><T128/><D128/><U118/><E130/><V85/><F114/><W117/><G117/><T79/><D79/><U113/><E113/><V48/><F98/><W101/><G46/><T42/><D42/><U40/><E122/><V66/><F30/><W43/><G43/><T102/><D19/><U67/><E67/><V88/><F89/><W83/><G83/><T81/><D81/><U35/><E35/><V49/><F49/><N who="3" m="30735" /><G54/><T131/><D131/><U38/><E9/><V18/><F66/><W124/><G124/><T2/><D2/><U75/><E75/><V22/><F18/><W21/><G21/><T90/><D90/><U36/><E118/><V86/><F86/><W45/><G45/><T60/><D57/><U109/><E100/><V92/><F80/><W97/><G97/><T59/><D59/><U13/><E13/><V125/><F125/><W94/><G105/><T95/><AGARI ba="0,0" hai="4,5,7,60,63,95,99,102" m="7423,16511" machi="95" ten="30,1100,0" yaku="8,1" doraHai="32" who="0" fromWho="0" sc="355,11,266,-3,140,-3,239,-5" owari="366,47.0,263,6.0,137,-36.0,234,-17.0" /></mjloggm>