<mjloggm ver="2.3"><GO type="169" lobby="0"/><UN n0="%E2%91%A3%E3%82%BB%E3%83%B3%E3%83%81" n1="%E5%B0%B1%E6%B4%BB%E7%94%9F%40%E5%B7%9D%E6%9D%91%E8%BB%8D%E5%9B%A3" n2="%E3%83%89%E3%83%BC%E3%83%B3%E3%83%89" n3="%E7%AA%93%E4%BB%98%E3%81%8D%2E" dan="18,16,16,17" rate="2219.81,2083.24,2083.82,2069.20" sx="M,M,M,F"/><TAIKYOKU oya="0"/><INIT seed="0,0,0,0,1,131" ten="250,250,250,250" oya="0" hai0="33,110,77,123,112,15,53,100,14,75,67,113,10" hai1="90,120,118,63,39,30,46,6,115,76,65,18,88" hai2="122,125,96,69,89,97,29,32,60,3,26,55,34" hai3="52,71,16,133,73,58,109,13,51,31,43,86,108"/><T81/><D33/><U85/><E120/><V116/><F122/><W107/><G73/><T103/><D123/><U135/><E118/><V91/><F3/><W119/><G119/><T127/><D127/><U84/><E30/><V72/><F72/><W38/><G107/><T124/><D124/><U117/><E76/><V45/><F116/><W83/><G71/><T44/><D67/><U1/><E117/><V24/><F69/><W19/><G31/><T74/><D110/><N who="3" m="42601" /><G133/><T9/><D44/><U132/><E115/><V36/><F29/><W4/><G4/><T106/><D53/><U40/><E18/><V61/><F45/><N who="3" m="23799" /><G13/><T102/><D106/><U93/><E6/><V92/><F55/><W79/><AGARI ba="0,0" hai="16,19,51,52,58,79,83,86" m="23799,42601" machi="79" ten="30,4000,0" yaku="14,1,54,2" doraHai="131" who="3" fromWho="3" sc="250,-20,250,-10,250,-10,250,40" /><INIT seed="1,0,0,3,4,60" ten="230,240,240,290" oya="1" hai0="10,122,134,131,67,87,34,13,92,113,31,56,53" hai1="0,40,133,102,89,80,27,8,123,116,50,125,9" hai2="119,64,104,66,124,58,117,15,74,107,26,73,72" hai3="5,76,44,14,78,121,2,112,84,29,1,115,88"/><U32/><E123/><V108/><F26/><W28/><G121/><T25/><D122/><U82/><E116/><V57/><F15/><W130/><G130/><T106/><D113/><U75/><E102/><V16/><F16/><W41/><G14/><T38/><D106/><U54/><E125/><V20/><F20/><W42/><G44/><T33/><D38/><U135/><E40/><V22/><F22/><W132/><G84/><T128/><D34/><U81/><E75/><V59/><F108/><W111/><G111/><T24/><D24/><U77/><E77/><V11/><F11/><W43/><G88/><T103/><D134/><N who="1" m="51211" /><E0/><N who="3" m="106" /><G5/><T12/><D12/><U129/><E129/><V68/><F68/><W36/><G36/><T55/><D103/><U90/><E8/><V126/><F107/><W94/><G94/><T3/><D3/><U37/><E37/><V21/><F104/><W85/><G85/><T46/><D131/><U97/><E97/><V71/><F71/><W95/><G95/><T63/><D128/><U99/><E99/><V120/><F120/><W45/><G132/><T105/><D105/><U96/><E9/><V18/><F21/><W61/><G112/><T86/><D86/><U52/><E96/><V101/><F101/><W35/><G35/><T49/><D87/><U70/><E70/><V110/><F110/><W100/><G115/><T17/><REACH who="0" step="1"/><D92/><REACH who="0" ten="220,240,240,290" step="2"/><U39/><E39/><V6/><F117/><W4/><G100/><T30/><D30/><N who="1" m="19551" /><E54/><AGARI ba="0,1" hai="10,13,17,25,31,33,46,49,53,54,55,56,63,67" machi="54" ten="30,3900,0" yaku="1,1,7,1,52,1,53,0" doraHai="60" doraHaiUra="19" who="0" fromWho="1" sc="220,49,240,-39,240,0,290,0" /><INIT seed="2,0,0,4,5,11" ten="269,201,240,290" oya="2" hai0="114,105,85,58,60,76,94,22,79,102,65,107,119" hai1="109,117,78,72,8,135,25,52,66,57,56,132,82" hai2="49,5,48,68,134,63,37,26,50,108,123,100,97" hai3="120,90,106,93,131,2,17,13,77,121,46,92,14"/><V129/><F123/><W104/><G2/><T38/><D114/><U124/><E117/><V111/><F37/><W24/><G77/><T98/><D38/><U122/><E122/><V33/><F134/><N who="1" m="51241" /><E109/><N who="2" m="42059" /><F129/><W36/><G36/><T47/><D119/><U35/><E124/><V87/><F87/><W101/><G90/><T84/><D107/><U42/><E42/><V112/><F112/><W73/><G17/><T69/><D69/><U81/><E66/><N who="2" m="41055" /><F5/><W67/><G131/><T91/><D84/><U1/><E82/><V9/><F9/><W3/><G120/><T19/><REACH who="0" step="1"/><D47/><REACH who="0" ten="259,201,240,290" step="2"/><U4/><E57/><V23/><F33/><W32/><G32/><T125/><D125/><U20/><E35/><V34/><F34/><W126/><G126/><T41/><D41/><U113/><E113/><V40/><F40/><W12/><G46/><T71/><D71/><U62/><E72/><V53/><F97/><N who="3" m="59567" /><G73/><T7/><D7/><U118/><E118/><V96/><F96/><W6/><G121/><T51/><D51/><U55/><E81/><V127/><F127/><W54/><G6/><T31/><D31/><N who="1" m="17831" /><E78/><V88/><F50/><W83/><G83/><T133/><D133/><U61/><E61/><V30/><F49/><W64/><G104/><T75/><D75/><U89/><E62/><V70/><F70/><W39/><G106/><T95/><D95/><U99/><E56/><N who="2" m="32807" /><F100/><W29/><G39/><T27/><AGARI ba="0,1" hai="19,22,27,58,60,65,76,79,85,91,94,98,102,105" machi="27" ten="20,2700,0" yaku="1,1,0,1,7,1,53,0" doraHai="11" doraHaiUra="110" who="0" fromWho="0" sc="259,37,201,-7,240,-13,290,-7" /><INIT seed="3,0,0,3,3,35" ten="296,194,227,283" oya="3" hai0="68,92,58,80,3,94,124,32,99,67,111,34,116" hai1="125,1,107,41,11,45,62,76,77,48,134,84,104" hai2="19,70,73,7,6,106,66,10,120,91,64,22,49" hai3="117,97,108,60,131,101,98,18,50,0,95,133,128"/><W85/><G117/><T17/><D68/><U96/><E134/><V44/><F106/><W78/><G133/><T74/><D116/><U82/><E125/><V75/><F6/><W42/><G108/><T126/><D111/><U36/><E77/><V71/><F66/><W102/><G18/><T20/><D94/><U55/><E62/><V65/><F64/><W21/><G21/><T72/><D3/><U86/><E86/><V14/><F120/><W129/><G0/><T83/><D83/><U103/><E11/><V23/><F22/><W121/><G121/><T25/><D67/><U47/><E1/><V43/><F91/><W88/><G60/><T132/><D58/><U57/><REACH who="1" step="1"/><E47/><REACH who="1" ten="296,184,227,283" step="2"/><V90/><F65/><W29/><G78/><N who="0" m="44103" /><D74/><U38/><E38/><V40/><F73/><W4/><G4/><T112/><D132/><U109/><E109/><V69/><F75/><W113/><G128/><T5/><D5/><U12/><E12/><V39/><F39/><W16/><G129/><T114/><D126/><U26/><E26/><V81/><F44/><W27/><G27/><T24/><D24/><U28/><E28/><V2/><F49/><W115/><G29/><T30/><D124/><U110/><E110/><V15/><F15/><W46/><G131/><T53/><D32/><U52/><E52/><V59/><F59/><W93/><REACH who="3" step="1"/><G16/><REACH who="3" ten="296,184,227,273" step="2"/><T13/><D17/><U122/><E122/><V123/><F123/><W56/><G56/><T135/><D135/><U8/><E8/><V130/><F130/><W118/><G118/><T54/><D30/><U63/><E63/><RYUUKYOKU ba="0,2" sc="296,-30,184,10,227,10,273,10" hai1="36,41,45,48,55,57,76,82,84,96,103,104,107" hai2="2,7,10,14,19,23,40,43,69,70,71,81,90" hai3="42,46,50,85,88,93,95,97,98,101,102,113,115" /><INIT seed="3,1,2,5,3,37" ten="266,194,237,283" oya="3" hai0="120,96,43,135,14,64,18,89,52,10,87,7,85" hai1="130,71,134,72,92,28,17,6,133,46,54,107,124" hai2="26,101,24,3,69,111,38,15,123,106,56,132,77" hai3="0,35,39,79,13,62,30,11,91,5,9,119,1"/><W115/><G39/><T59/><D120/><U4/><E107/><V44/><F56/><W66/><G79/><T2/><D135/><N who="1" m="51723" /><E72/><V61/><F15/><N who="3" m="5551" /><G62/><T104/><D64/><U126/><E71/><V73/><F61/><W40/><G66/><T113/><D113/><U60/><E28/><V70/><F70/><W127/><G40/><T21/><D43/><U105/><E105/><V23/><F44/><W108/><G91/><T75/><D75/><U63/><E92/><V97/><F77/><W41/><G41/><T81/><D104/><U22/><E60/><V98/><F69/><W19/><G115/><T34/><D34/><U100/><E100/><V128/><F101/><W42/><G42/><T47/><D47/><U53/><E130/><V90/><F128/><W93/><G93/><T50/><D87/><U33/><E33/><V86/><F86/><W76/><G76/><T25/><REACH who="0" step="1"/><D96/><REACH who="0" ten="256,194,237,283" step="2"/><U68/><E46/><V32/><F98/><W57/><G35/><T121/><D121/><U78/><E68/><V117/><F97/><W88/><G57/><T58/><D58/><N who="1" m="35279" /><E54/><V12/><F132/><W110/><G108/><T51/><D51/><U122/><E122/><V27/><F111/><W29/><G110/><T67/><D67/><U55/><E55/><V74/><F123/><W109/><G109/><T99/><D99/><U129/><E129/><V116/><F73/><W20/><G119/><T125/><D125/><N who="1" m="48235" /><E78/><V114/><F74/><W49/><G127/><T36/><D36/><U94/><E94/><V16/><F38/><W118/><G118/><T45/><D45/><RYUUKYOKU ba="1,3" sc="256,15,194,15,237,-15,283,-15" hai0="2,7,10,14,18,21,25,50,52,59,81,85,89" hai1="4,6,17,22" /><INIT seed="4,2,3,5,4,91" ten="271,209,222,268" oya="0" hai0="80,101,59,71,8,121,89,113,13,73,39,125,129" hai1="54,74,63,43,38,130,94,75,31,132,22,56,48" hai2="133,52,114,20,32,4,66,14,131,84,29,24,87" hai3="26,72,108,58,19,37,109,36,0,67,123,88,92"/><T30/><D71/><U27/><E130/><V6/><F131/><W28/><G0/><T99/><D39/><U17/><E132/><V68/><F133/><W11/><G72/><T100/><D121/><U97/><E38/><V127/><F68/><W9/><G123/><T111/><D113/><U105/><E105/><V60/><F66/><W3/><G37/><T85/><D125/><U104/><E104/><V134/><F134/><W116/><G36/><T51/><D111/><U10/><E10/><V1/><F6/><W135/><G135/><T57/><D73/><U50/><E31/><V96/><F96/><N who="3" m="57351" /><G116/><T122/><D122/><U34/><E34/><V76/><F114/><W45/><G3/><T69/><D69/><U115/><E115/><V64/><F32/><W41/><G108/><T5/><D129/><U120/><E120/><V21/><F1/><W86/><G28/><T12/><D30/><U7/><E7/><V110/><F4/><W118/><G118/><T44/><D13/><U18/><E18/><V70/><F127/><W62/><G109/><T82/><D82/><U15/><E15/><V77/><F110/><W35/><G35/><T83/><D83/><U40/><E74/><V93/><F14/><N who="3" m="7647" /><G26/><T102/><REACH who="0" step="1"/><D99/><REACH who="0" ten="261,209,222,268" step="2"/><U81/><E81/><V55/><F29/><W90/><G9/><T79/><D79/><U128/><E75/><V2/><F76/><W119/><G119/><T112/><D112/><U106/><E128/><V78/><F77/><W124/><G124/><T46/><D46/><U42/><E106/><V53/><F78/><W117/><G45/><RYUUKYOKU ba="2,4" sc="261,15,209,15,222,-15,268,-15" hai0="5,8,12,44,51,57,59,80,85,89,100,101,102" hai1="17,22,27,40,42,43,48,50,54,56,63,94,97" /><INIT seed="4,3,4,0,5,50" ten="276,224,207,253" oya="0" hai0="2,5,55,37,34,90,38,15,45,95,12,32,87" hai1="109,68,89,80,41,14,16,122,17,77,132,127,6" hai2="48,91,57,98,131,8,20,23,47,118,120,135,13" hai3="35,43,126,119,56,33,69,81,99,27,84,3,121"/><T83/><D2/><U74/><E109/><V53/><F120/><W0/><G119/><T29/><D38/><U97/><E122/><V129/><F135/><W52/><G69/><T60/><D37/><U116/><E68/><V124/><F124/><W24/><G121/><T85/><D32/><U26/><E116/><V75/><F75/><W19/><G126/><T11/><D34/><U42/><E127/><V61/><F118/><W104/><G43/><T86/><D29/><U36/><E36/><V123/><F123/><W134/><G134/><T72/><D72/><U108/><E108/><V28/><F28/><W9/><G0/><T63/><D15/><U115/><E115/><V130/><F91/><N who="3" m="51599" /><G104/><T31/><D31/><U4/><E132/><V92/><F92/><W88/><G3/><T110/><D110/><U100/><E26/><V10/><F98/><W73/><G73/><T78/><D87/><N who="1" m="48527" /><E17/><N who="2" m="10287" /><F23/><W59/><G33/><T106/><D106/><U125/><E74/><V105/><F105/><W18/><G35/><T39/><D39/><U79/><E79/><V76/><F76/><W54/><G27/><T112/><D112/><U93/><E100/><V58/><F58/><N who="3" m="22059" /><G24/><T51/><AGARI ba="3,4" hai="5,11,12,45,51,55,60,63,78,83,85,86,90,95" machi="51" ten="30,6000,0" yaku="0,1,8,1,52,1" doraHai="50" who="0" fromWho="0" sc="276,109,224,-23,207,-23,253,-23" /><INIT seed="4,4,0,0,2,59" ten="385,201,184,230" oya="0" hai0="123,39,103,96,38,132,117,26,125,76,40,86,99" hai1="55,4,89,22,35,102,24,37,82,2,16,3,78" hai2="88,126,29,121,23,11,47,69,128,92,14,115,42" hai3="87,10,74,135,84,131,28,49,70,63,80,93,116"/><T6/><D6/><U1/><E37/><V32/><F121/><W48/><G116/><T104/><D123/><U122/><E122/><V0/><F69/><W13/><G131/><T19/><D117/><U129/><E129/><V85/><F128/><W79/><G135/><T106/><D125/><U109/><E109/><V118/><F126/><W20/><G74/><T113/><D113/><U67/><E102/><V124/><F124/><W58/><G70/><T12/><D26/><U110/><E110/><V77/><F115/><W98/><G84/><T72/><D72/><U111/><E111/><V127/><F127/><W130/><G130/><T15/><D15/><U133/><E133/><V97/><F0/><W21/><G28/><T18/><D18/><U60/><E89/><V114/><F32/><W64/><G20/><T46/><D39/><U34/><E55/><V68/><F68/><W91/><REACH who="3" step="1"/><G21/><REACH who="3" ten="385,201,184,220" step="2"/><T30/><D30/><U83/><E34/><V71/><F71/><W36/><G36/><T81/><D132/><U94/><E35/><V27/><F118/><W57/><G57/><T66/><D86/><U90/><E78/><V101/><F77/><W43/><G43/><T120/><D40/><U62/><E82/><V61/><F114/><W95/><G95/><T100/><D81/><U7/><E83/><V33/><F33/><W17/><AGARI ba="4,1" hai="10,13,17,48,49,58,63,64,79,80,87,91,93,98" machi="17" ten="20,8000,1" yaku="1,1,0,1,7,1,8,1,52,1,53,0" doraHai="59" doraHaiUra="108" who="3" fromWho="3" sc="385,-44,201,-24,184,-24,220,102" /><INIT seed="5,0,0,2,0,52" ten="341,177,160,322" oya="1" hai0="125,76,59,28,33,86,21,75,26,114,10,5,47" hai1="60,96,55,62,39,11,118,91,82,132,42,8,12" hai2="0,13,70,65,51,64,104,112,35,27,88,92,110" hai3="9,7,45,126,72,97,17,41,101,40,20,68,81"/><U103/><E118/><V22/><F110/><W113/><G68/><T130/><D75/><U63/><E132/><V99/><F0/><W67/><G67/><T19/><D114/><U14/><E39/><V127/><F112/><W73/><G113/><T84/><D125/><U89/><E42/><V48/><F35/><W105/><G126/><T53/><D47/><U30/><E30/><V98/><F127/><W49/><G40/><T131/><D76/><U109/><E109/><V24/><F13/><W46/><G46/><T6/><D6/><U119/><E55/><V77/><F77/><W100/><G100/><T36/><D36/><U3/><E3/><V102/><F27/><W15/><REACH who="3" step="1"/><G81/><REACH who="3" ten="341,177,160,312" step="2"/><T129/><D129/><U87/><E119/><V117/><F117/><W90/><G90/><T54/><D131/><U123/><E91/><V120/><F120/><W135/><G135/><T83/><D83/><U37/><E123/><V78/><F78/><W71/><G71/><T31/><D53/><U4/><E37/><V107/><F65/><W133/><G133/><T29/><D130/><U18/><E103/><V106/><F70/><W61/><G61/><T115/><D54/><U94/><E82/><V56/><F102/><W80/><G80/><T108/><D115/><U32/><E32/><V44/><F44/><W16/><G16/><T95/><D19/><U66/><E66/><V124/><F124/><W111/><G111/><T43/><D108/><U128/><E128/><V38/><F38/><W50/><G50/><T25/><D33/><U2/><E2/><AGARI ba="0,1" hai="2,7,9,15,17,20,41,45,49,72,73,97,101,105" machi="2" ten="30,2000,0" yaku="1,1,7,1,53,0" doraHai="52" doraHaiUra="23" who="3" fromWho="1" sc="341,0,177,-20,160,0,312,30" /><INIT seed="6,0,0,0,5,39" ten="341,157,160,342" oya="2" hai0="134,67,130,103,126,61,82,30,10,115,83,42,38" hai1="80,113,86,15,5,62,23,48,119,121,63,33,58" hai2="29,79,19,135,76,84,102,8,85,65,123,31,35" hai3="95,75,24,7,96,107,3,56,6,52,125,90,40"/><V77/><F123/><W25/><G75/><T129/><D115/><U88/><E33/><V66/><F102/><W11/><G125/><T53/><D126/><U27/><E113/><V46/><F135/><W21/><G107/><T101/><D30/><N who="2" m="11274" /><F35/><W12/><G40/><T13/><D53/><N who="1" m="32039" /><E119/><V98/><F98/><W81/><G81/><N who="0" m="30731" /><D134/><U1/><E1/><V32/><F32/><W44/><G44/><N who="0" m="23639" /><D13/><U28/><E121/><V92/><F46/><W118/><G118/><T20/><D20/><U70/><E70/><V4/><F4/><N who="3" m="3175" /><G3/><T26/><D26/><N who="3" m="10345" /><G21/><T91/><D91/><U50/><E50/><AGARI ba="0,0" hai="6,7,50,52,56,90,95,96" m="10345,3175" machi="50" ten="30,2000,0" yaku="8,1,54,1" doraHai="39" who="3" fromWho="1" sc="341,0,157,-20,160,0,342,20" /><INIT seed="7,0,0,0,1,126" ten="341,137,160,362" oya="3" hai0="94,71,121,125,53,102,79,110,78,49,15,47,17" hai1="6,135,21,44,34,92,70,1,98,87,7,4,2" hai2="114,59,72,130,107,11,20,27,5,84,48,31,109" hai3="132,37,81,66,46,54,32,103,52,106,40,10,93"/><W29/><G106/><T82/><D71/><U96/><E34/><V124/><F72/><W45/><G66/><T85/><D125/><U131/><E70/><V67/><F107/><W122/><G122/><T60/><D121/><U62/><E135/><V99/><F84/><W129/><G132/><T116/><D110/><U64/><E131/><V42/><F114/><W28/><G129/><T0/><D0/><U57/><E44/><N who="2" m="25623" /><F130/><W68/><G68/><T101/><D116/><U75/><E75/><V3/><F124/><W90/><G32/><T80/><D60/><U73/><E73/><V22/><F99/><W115/><G115/><T119/><D119/><U8/><E1/><V104/><F104/><W133/><G133/><T113/><D113/><U25/><E87/><V35/><F109/><W86/><G10/><T127/><D127/><U13/><E98/><V97/><F97/><N who="3" m="59823" /><G40/><T33/><D33/><U61/><E61/><N who="2" m="38335" /><F35/><W12/><G37/><T43/><D43/><U26/><E2/><V100/><F100/><W24/><G24/><T105/><D105/><U39/><E39/><V51/><F51/><N who="3" m="29047" /><G12/><T19/><D15/><U88/><E26/><V14/><F3/><W9/><G9/><T18/><REACH who="0" step="1"/><D94/><REACH who="0" ten="331,137,160,362" step="2"/><U89/><E89/><V112/><F112/><W69/><G69/><T74/><AGARI ba="0,1" hai="17,18,19,47,49,53,74,78,79,80,82,85,101,102" machi="74" ten="30,7900,0" yaku="1,1,2,1,0,1,53,1" doraHai="126" doraHaiUra="83" who="0" fromWho="0" sc="331,89,137,-20,160,-20,362,-39" owari="420,52.0,117,-38.0,140,-26.0,323,12.0" /></mjloggm>