<mjloggm ver="2.3"><GO type="193" lobby="0"/><UN n0="%74%65%6C" n1="%4E%6F%79%37" n2="%67%61%6E%6F%66%75" n3="%E3%83%88%E3%83%88%E3%83%AA%E5%85%88%E7%94%9F%31%39%E6%AD%B3" dan="11,12,12,12" rate="1730.96,1614.66,1768.23,1860.26" sx="M,M,M,F"/><TAIKYOKU oya="0"/><INIT seed="0,0,0,0,0,74" ten="250,250,250,250" oya="0" hai0="116,65,112,10,88,48,11,18,114,73,24,16,6" hai1="106,62,94,26,28,99,69,0,134,86,87,19,78" hai2="27,70,32,42,56,40,76,102,3,1,25,71,125" hai3="49,17,103,122,72,7,63,38,84,68,59,89,52"/><T5/><D116/><U55/><E0/><V120/><F125/><W126/><G126/><T107/><D73/><U4/><E4/><N who="0" m="1641" /><D107/><U128/><E128/><V45/><F102/><W83/><G122/><T37/><D37/><U33/><E134/><V111/><F111/><W110/><G110/><T104/><D104/><U85/><E55/><V14/><F14/><W29/><G38/><T135/><D65/><N who="1" m="41143" /><E19/><N who="0" m="7209" /><D48/><U67/><E67/><V75/><F56/><W22/><G72/><T47/><D47/><U36/><E36/><V129/><F75/><W81/><G7/><T66/><D66/><U133/><E133/><V43/><F129/><W13/><G68/><T121/><D121/><U30/><E30/><V109/><F109/><W101/><G81/><T64/><D64/><U127/><E127/><V61/><F61/><W123/><G123/><T98/><D135/><U77/><E94/><V93/><F120/><W23/><G63/><T95/><D114/><U54/><E54/><V105/><F105/><W131/><G131/><T82/><D112/><U58/><E58/><V92/><F43/><W117/><G117/><T80/><D24/><AGARI ba="0,0" hai="13,17,22,23,24,29,49,52,59,83,84,89,101,103" machi="24" ten="40,2600,0" yaku="8,1,54,1" doraHai="74" who="3" fromWho="0" sc="250,-26,250,0,250,0,250,26" /><INIT seed="1,0,0,4,0,70" ten="224,250,250,276" oya="1" hai0="29,71,104,9,1,88,55,126,122,45,25,11,108" hai1="27,5,92,125,127,39,134,43,128,102,60,99,48" hai2="36,91,21,121,28,96,119,131,112,8,94,85,117" hai3="10,115,77,63,46,76,72,132,54,7,87,37,69"/><U73/><E73/><V22/><F121/><W24/><G115/><T97/><D71/><U40/><E134/><V26/><F112/><W53/><G132/><T61/><D122/><U103/><E128/><V33/><F131/><W74/><G24/><T20/><D108/><U75/><E75/><V135/><F135/><W98/><G98/><T58/><D104/><U110/><E110/><V90/><F36/><W3/><G87/><T49/><D126/><N who="1" m="48139" /><E5/><V89/><F33/><W81/><G63/><T86/><D1/><U42/><E27/><V30/><F8/><W130/><G69/><T2/><D97/><U123/><E123/><V0/><F0/><W66/><G66/><T12/><D2/><U109/><E60/><V79/><F79/><W105/><G130/><T32/><D12/><U118/><E118/><V84/><F91/><W59/><G59/><T34/><D34/><U38/><E109/><V62/><F62/><W47/><G47/><T82/><REACH who="0" step="1"/><D32/><REACH who="0" ten="214,250,250,276" step="2"/><U124/><N who="1" m="48147" /><U80/><DORA hai="6" /><E80/><V52/><F119/><W120/><G120/><T114/><D114/><U15/><E15/><V106/><F106/><W50/><G105/><T31/><D31/><U68/><E68/><V41/><F117/><W19/><G3/><T95/><D95/><U14/><E14/><V35/><F35/><W93/><G93/><T129/><D129/><U78/><E78/><V113/><F113/><W107/><G77/><T4/><D4/><U100/><E48/><V67/><F96/><W116/><G76/><T111/><D111/><U56/><E56/><V101/><F30/><RYUUKYOKU ba="0,1" sc="214,15,250,15,250,-15,276,-15" hai0="9,11,20,25,29,45,49,55,58,61,82,86,88" hai1="38,39,40,42,43,92,99,100,102,103" /><INIT seed="1,1,1,2,2,25" ten="229,265,235,261" oya="1" hai0="79,64,126,124,29,97,55,94,30,93,57,19,42" hai1="92,10,102,52,63,60,2,88,28,75,24,27,16" hai2="111,103,21,91,100,41,36,58,114,14,76,70,34" hai3="7,98,112,13,96,109,122,129,47,32,39,31,45"/><U56/><E75/><V38/><F111/><W90/><G112/><T82/><D64/><U65/><E2/><V125/><F125/><N who="0" m="48234" /><D42/><U4/><E4/><V101/><F114/><W23/><G122/><T130/><D19/><U37/><E37/><V8/><F70/><W99/><G32/><T53/><D130/><U121/><E102/><V50/><F34/><W26/><G109/><T134/><D134/><U1/><E1/><V18/><F76/><W78/><G129/><T89/><D94/><U113/><E121/><V131/><F131/><W104/><G104/><T95/><D93/><U72/><E72/><V40/><F38/><W62/><G39/><T68/><D68/><U22/><E10/><V46/><F36/><W127/><G127/><T67/><D67/><U115/><E63/><V48/><F91/><W0/><G0/><T61/><D55/><U135/><E135/><V117/><F117/><W71/><G71/><T86/><AGARI ba="1,1" hai="29,30,53,57,61,79,82,86,89,95,97" m="48234" machi="86" ten="30,4000,0" yaku="18,1,52,2" doraHai="25" who="0" fromWho="0" sc="229,53,265,-21,235,-11,261,-11" /><INIT seed="2,0,0,5,5,121" ten="282,244,224,250" oya="2" hai0="26,8,12,101,24,91,20,11,93,38,79,28,118" hai1="9,112,84,29,17,89,40,73,82,31,51,5,36" hai2="61,109,80,99,123,10,39,76,75,55,127,50,59" hai3="78,125,133,111,69,46,92,110,62,68,23,97,0"/><V53/><F123/><W37/><G0/><T13/><D38/><U102/><E36/><V70/><F127/><W52/><G125/><T120/><D79/><U85/><E112/><V4/><F70/><W129/><G129/><T106/><D101/><U64/><E64/><V90/><F39/><W58/><G133/><T47/><D106/><U96/><E73/><V32/><F32/><W19/><G78/><T63/><D47/><N who="1" m="26087" /><E85/><V113/><F113/><W43/><G69/><T74/><D63/><U35/><E35/><V57/><F109/><N who="3" m="41483" /><G68/><T135/><D74/><U114/><E114/><V94/><F4/><W83/><G83/><T117/><D93/><N who="1" m="58639" /><E17/><V87/><F10/><N who="0" m="3626" /><D120/><U122/><E122/><V42/><REACH who="2" step="1"/><F42/><REACH who="2" ten="282,244,214,250" step="2"/><W44/><G43/><T65/><D135/><U130/><E130/><V15/><F15/><AGARI ba="0,1" hai="5,9,15,29,31,82,84,89" m="58639,26087" machi="15" ten="30,1000,0" yaku="8,1" doraHai="121" who="1" fromWho="2" sc="282,0,244,20,214,-10,250,0" /><INIT seed="3,0,0,4,5,6" ten="282,264,204,250" oya="3" hai0="75,26,7,28,102,107,101,110,93,57,81,2,50" hai1="47,43,126,73,127,11,54,118,70,95,41,48,88" hai2="74,100,84,133,76,13,8,80,14,27,18,116,46" hai3="55,113,129,128,105,119,120,112,115,60,37,87,63"/><W96/><G119/><T31/><D110/><U39/><E73/><V66/><F116/><W78/><G120/><T103/><D107/><U89/><E70/><V79/><F133/><W9/><G37/><T25/><D75/><U1/><E118/><V29/><F66/><W77/><G55/><N who="0" m="31991" /><D2/><U12/><E1/><V130/><F130/><N who="3" m="50283" /><G9/><T131/><D7/><N who="1" m="3199" /><E89/><V23/><F100/><N who="3" m="62599" /><G87/><T109/><D131/><U69/><E69/><V30/><F46/><W86/><G86/><T62/><D62/><AGARI ba="0,0" hai="60,62,63,77,78,112,113,115" m="62599,50283" machi="62" ten="40,2000,0" yaku="19,1" doraHai="6" who="3" fromWho="0" sc="282,-20,264,0,204,0,250,20" /><INIT seed="3,1,0,4,4,96" ten="262,264,204,270" oya="3" hai0="10,43,3,104,57,17,41,11,38,59,34,48,30" hai1="52,134,121,7,93,83,100,21,118,33,99,18,85" hai2="44,72,6,126,92,56,49,117,87,63,95,20,24" hai3="25,76,53,81,77,115,131,51,119,61,128,9,1"/><W113/><G119/><T124/><D104/><U26/><E121/><V27/><F117/><W94/><G61/><T106/><D106/><U36/><E36/><V23/><F126/><W12/><G1/><T50/><D38/><U111/><E118/><V71/><F71/><W122/><G122/><T15/><D3/><U90/><E111/><V29/><F72/><W74/><G25/><T42/><D34/><U80/><E134/><V19/><F6/><W86/><G77/><T16/><D30/><U120/><E120/><V60/><F87/><W66/><G66/><T107/><D107/><U108/><E108/><V13/><F63/><W45/><G94/><T82/><D82/><N who="1" m="49463" /><E33/><V70/><F70/><W102/><G102/><T14/><D124/><U132/><E7/><V109/><F109/><W91/><G76/><T105/><D105/><U47/><E132/><V0/><F0/><W55/><G55/><T46/><D48/><AGARI ba="1,0" hai="18,21,26,47,48,52,80,83,93,99,100" m="49463" machi="48" ten="30,3900,0" yaku="8,1,52,1,54,1" doraHai="96" who="1" fromWho="0" sc="262,-42,264,42,204,0,270,0" owari="220,-18.0,306,41.0,204,-30.0,270,7.0" /></mjloggm>