<mjloggm ver="2.3"><GO type="97" lobby="0"/><UN n0="%E3%83%88%E3%83%88%E3%83%AA%E5%85%88%E7%94%9F%31%39%E6%AD%B3" n1="%E3%81%82%E3%82%8F%E3%81%82%E3%82%8F%E2%98%86" n2="%E6%80%A7%E8%B1%AA" n3="%E3%81%8F%E3%82%89%E3%81%8F%E3%82%89" dan="14,14,15,14" rate="2017.06,2001.71,1998.63,1905.66" sx="F,F,M,M"/><TAIKYOKU oya="0"/><INIT seed="0,0,0,3,1,35" ten="250,250,250,250" oya="0" hai0="13,74,69,105,98,125,12,38,81,2,40,102,115" hai1="14,33,64,4,36,8,70,118,93,96,46,126,89" hai2="84,103,50,37,19,116,34,95,65,55,88,111,87" hai3="107,63,101,91,7,77,26,79,67,66,76,124,11"/><T32/><D115/><U110/><E118/><V23/><F116/><W75/><G124/><T114/><D114/><U133/><E126/><V59/><F37/><W42/><G66/><T131/><D125/><U41/><E133/><V60/><F111/><W3/><G26/><T78/><D131/><U62/><REACH who="1" step="1"/><E33/><REACH who="1" ten="250,240,250,250" step="2"/><V1/><F1/><W113/><G113/><T17/><D32/><U121/><E121/><V86/><F34/><W9/><G75/><T117/><D2/><U28/><E28/><V5/><F103/><W83/><G101/><T57/><D117/><U123/><E123/><V56/><REACH who="2" step="1"/><F5/><REACH who="2" ten="250,240,240,250" step="2"/><W27/><G7/><T30/><D102/><U132/><E132/><V15/><AGARI ba="0,2" hai="15,19,23,50,55,56,59,60,65,84,86,87,88,95" machi="15" ten="20,16000,3" yaku="1,1,2,1,0,1,7,1,25,2,8,1,54,1,53,0" doraHai="35" doraHaiUra="99" who="2" fromWho="2" sc="250,-80,240,-40,240,180,250,-40" /><INIT seed="1,0,0,0,1,107" ten="170,200,420,210" oya="1" hai0="21,12,106,131,69,13,29,79,11,134,47,124,4" hai1="102,113,35,10,90,87,98,109,91,129,55,82,71" hai2="57,45,125,80,46,116,30,89,96,18,104,72,61" hai3="25,68,22,62,75,50,86,40,26,112,16,3,133"/><U127/><E113/><V81/><F116/><W101/><G112/><T115/><D115/><U120/><E35/><V95/><F104/><W56/><G3/><T73/><D106/><U23/><E120/><V76/><F81/><W114/><G133/><T20/><D69/><U85/><E129/><V52/><F125/><W130/><G114/><T122/><D131/><U59/><E127/><V92/><F30/><W84/><G130/><T53/><D124/><U38/><E71/><V128/><F128/><W2/><G2/><T100/><D100/><U99/><E38/><V5/><F5/><W63/><G101/><T1/><D134/><U32/><E32/><V94/><F94/><W123/><G123/><T66/><D66/><U17/><E102/><V83/><F83/><W8/><G8/><T118/><D118/><U6/><E10/><V36/><F95/><W51/><G68/><T34/><D122/><U24/><E6/><V105/><F105/><W108/><G75/><T119/><D119/><U37/><E37/><V103/><F103/><W39/><G39/><T15/><D79/><U110/><E109/><V70/><F70/><W135/><G135/><T64/><D64/><U31/><E31/><V132/><F132/><W78/><G108/><T54/><D73/><U60/><E110/><V7/><F7/><W41/><G78/><T117/><D117/><U93/><AGARI ba="0,0" hai="17,23,24,55,59,60,82,85,87,90,91,93,98,99" machi="93" ten="20,3900,0" yaku="0,1,7,1,8,1" doraHai="107" who="1" fromWho="1" sc="170,-13,200,39,420,-13,210,-13" /><INIT seed="1,1,0,3,0,74" ten="157,239,407,197" oya="1" hai0="95,127,39,47,121,5,66,114,92,49,31,88,15" hai1="84,44,131,129,9,32,2,37,30,65,119,70,120" hai2="105,124,69,78,90,8,108,1,3,96,107,112,86" hai3="116,132,56,110,94,27,6,64,109,50,20,54,68"/><U128/><E119/><V100/><F107/><W80/><G6/><T97/><D114/><U111/><E120/><V117/><F117/><W101/><G116/><T33/><D121/><U34/><E111/><V123/><F123/><W21/><G21/><T135/><D39/><U106/><E106/><V122/><F122/><W23/><G23/><T93/><D135/><U59/><E70/><V38/><F112/><W22/><G22/><T73/><D73/><U62/><E30/><V52/><F124/><W40/><G132/><T18/><D127/><U24/><E24/><V7/><F108/><W58/><G80/><T134/><D134/><U60/><E60/><V83/><F69/><W14/><G14/><T10/><D66/><U118/><E118/><V75/><F52/><W11/><G11/><T12/><D31/><U13/><E2/><N who="2" m="119" /><F38/><W79/><G79/><T77/><D33/><U25/><E25/><V26/><F26/><W36/><G58/><T115/><D77/><U53/><E84/><V61/><F61/><N who="3" m="39951" /><G94/><AGARI ba="1,0" hai="1,3,75,78,83,86,90,94,96,100,105" m="119" machi="94" ten="30,2000,0" yaku="24,1,52,1" doraHai="74" who="2" fromWho="3" sc="157,0,239,0,407,23,197,-23" /><INIT seed="2,0,0,0,5,77" ten="157,239,430,174" oya="2" hai0="44,64,45,67,89,118,124,94,53,91,60,63,133" hai1="20,18,85,7,5,114,117,88,102,51,105,93,62" hai2="115,56,65,128,108,55,134,73,71,83,22,76,30" hai3="9,66,26,78,6,35,59,48,32,29,0,116,52"/><V28/><F115/><W54/><G116/><T96/><D133/><U79/><E114/><V1/><F134/><W110/><G110/><T74/><D74/><U113/><E117/><V57/><F108/><W2/><G66/><T11/><D124/><U119/><E113/><V123/><F71/><W130/><G130/><T106/><D118/><U27/><E119/><V111/><F1/><W47/><G2/><T109/><D109/><U86/><E62/><V121/><F121/><W42/><G54/><T31/><D106/><U40/><E105/><V70/><F111/><W126/><G126/><T84/><D31/><U95/><E102/><V17/><F70/><W92/><G92/><N who="1" m="35402" /><E79/><V80/><F65/><W127/><G127/><T82/><D11/><U8/><E8/><V99/><F123/><W25/><G25/><T103/><D103/><U36/><E36/><V131/><F76/><W10/><G10/><T72/><D72/><U104/><E104/><V39/><F73/><W15/><G0/><T34/><D34/><U58/><E58/><V38/><F57/><W75/><G75/><T125/><D125/><U21/><E21/><V12/><F56/><W100/><G78/><T97/><D97/><U61/><E61/><N who="0" m="23625" /><D45/><N who="1" m="26023" /><E86/><V135/><F39/><N who="3" m="21983" /><G100/><T98/><D98/><U129/><E129/><V43/><F38/><W24/><G35/><T13/><D13/><U90/><E90/><V122/><F131/><W107/><G107/><T4/><D4/><U50/><E50/><AGARI ba="0,0" hai="44,50,53,64,67,82,84,89,91,94,96" m="23625" machi="50" ten="30,2000,0" yaku="8,1,52,1" doraHai="77" who="0" fromWho="1" sc="157,20,239,-20,430,0,174,0" /><INIT seed="3,0,0,0,0,45" ten="177,219,430,174" oya="3" hai0="79,131,66,25,30,65,108,73,39,130,37,71,74" hai1="56,23,10,29,19,2,1,24,99,22,122,82,36" hai2="80,123,112,43,54,86,3,115,124,5,83,81,105" hai3="42,132,94,12,129,57,26,62,119,134,0,35,13"/><W77/><G119/><T49/><D108/><U18/><E36/><N who="0" m="13897" /><D49/><U102/><E122/><V70/><F105/><W101/><G0/><T28/><D79/><U51/><E2/><V135/><F123/><W106/><G77/><T84/><D84/><U128/><E128/><N who="0" m="49193" /><D28/><U100/><E19/><V69/><F70/><W89/><G129/><T32/><D71/><U46/><E56/><V16/><F69/><W27/><G101/><T118/><D118/><U11/><E82/><V126/><F3/><W4/><G106/><T20/><D32/><U31/><E31/><V98/><F112/><W116/><G116/><T9/><D9/><N who="1" m="3083" /><E99/><V103/><F115/><W68/><G68/><T6/><D6/><U93/><E93/><V85/><F103/><W48/><G35/><T7/><D7/><U63/><E63/><V72/><F124/><W58/><G4/><T34/><D34/><U111/><E111/><V76/><F5/><W88/><G48/><T21/><D21/><U61/><E61/><V114/><F126/><W44/><G62/><T109/><D109/><U125/><E125/><V75/><F76/><W17/><G42/><T87/><D87/><U121/><E121/><V110/><F43/><W60/><G60/><T33/><D33/><U67/><E67/><AGARI ba="0,0" hai="20,25,30,65,66,67,73,74" m="49193,13897" machi="67" ten="30,1000,0" yaku="19,1" doraHai="45" who="0" fromWho="1" sc="177,10,219,-10,430,0,174,0" owari="187,-21.0,209,1.0,430,53.0,174,-33.0" /></mjloggm>