<mjloggm ver="2.3"><GO type="97" lobby="0"/><UN n0="%E3%83%81%E3%82%AD%E3%83%B3" n1="%E5%A4%8F%E5%B7%9D%E3%81%BE%E3%82%86%E3%82%8A" n2="%6F%74%6F%72%68%69%6E%6F" n3="%E3%83%88%E3%83%88%E3%83%AA%E5%85%88%E7%94%9F%31%39%E6%AD%B3" dan="14,15,14,15" rate="1908.25,1950.75,1816.24,2083.10" sx="M,F,M,F"/><TAIKYOKU oya="0"/><INIT seed="0,0,0,3,2,105" ten="250,250,250,250" oya="0" hai0="29,104,77,3,135,24,118,133,65,22,53,103,41" hai1="4,89,79,15,91,27,122,40,55,81,66,25,50" hai2="10,30,13,84,62,102,68,9,37,23,52,97,31" hai3="130,21,14,99,16,35,109,8,87,26,115,94,38"/><T1/><D118/><U90/><E66/><V61/><F37/><W114/><G38/><T67/><D41/><U134/><E134/><N who="0" m="51209" /><D77/><U76/><E122/><V20/><F84/><W124/><G109/><T47/><D103/><U46/><E55/><V116/><F116/><W80/><G130/><T56/><D104/><U48/><E48/><V17/><F68/><W121/><G124/><T74/><D47/><U78/><REACH who="1" step="1"/><E81/><REACH who="1" ten="250,240,250,250" step="2"/><V5/><F52/><W19/><G121/><T69/><D69/><U117/><E117/><V93/><F62/><W85/><G35/><T92/><D65/><U125/><E125/><V11/><F61/><W6/><G114/><T2/><D67/><U96/><E96/><V54/><F54/><W88/><G115/><T112/><D112/><U58/><E58/><V7/><F31/><N who="3" m="17871" /><G85/><T123/><D123/><U42/><E42/><V110/><F110/><W64/><G64/><T18/><D29/><U128/><E128/><V83/><F83/><W71/><G71/><T98/><D56/><U106/><E106/><V119/><F119/><W60/><G60/><T45/><D53/><U108/><E108/><V51/><F51/><W126/><G126/><T57/><D57/><U59/><E59/><V95/><F30/><W129/><G129/><T120/><D45/><U43/><E43/><V75/><F102/><AGARI ba="0,1" hai="6,8,14,16,19,80,87,88,94,99,102" m="17871" machi="102" ten="30,3900,0" yaku="8,1,54,2" doraHai="105" who="3" fromWho="2" sc="250,0,240,0,250,-39,250,49" /><INIT seed="1,0,0,3,4,108" ten="250,240,211,299" oya="1" hai0="38,63,1,9,131,120,76,24,72,116,11,113,59" hai1="114,121,96,46,90,79,2,87,43,99,135,95,94" hai2="13,127,130,101,29,14,30,39,115,98,132,129,37" hai3="53,62,89,67,23,33,126,47,58,91,28,61,100"/><U3/><E121/><V5/><F127/><W31/><G126/><T111/><D116/><U124/><E124/><V82/><F132/><W56/><G33/><T134/><D38/><U77/><E135/><V0/><F0/><W109/><G109/><T41/><D134/><U112/><E2/><V25/><F82/><W10/><G100/><T106/><D106/><U44/><E3/><V75/><F75/><W42/><G10/><T93/><D41/><U48/><E46/><V92/><F115/><W123/><G123/><T26/><D120/><U81/><REACH who="1" step="1"/><E79/><REACH who="1" ten="250,230,211,299" step="2"/><V85/><F130/><W40/><G47/><T22/><D131/><U128/><E128/><V49/><F129/><W97/><G42/><T104/><D1/><U83/><E83/><V35/><F37/><W107/><G40/><T50/><D76/><U74/><E74/><V17/><F39/><W86/><G53/><T125/><D72/><U54/><E54/><V118/><F118/><W15/><G67/><T55/><D125/><U57/><E57/><V119/><F119/><W105/><G58/><T12/><D59/><U84/><E84/><V78/><F78/><W73/><G56/><T21/><D55/><U103/><AGARI ba="0,1" hai="43,44,48,77,81,87,90,94,95,96,99,103,112,114" machi="103" ten="20,12000,1" yaku="1,1,0,1,7,1,52,2,53,0" doraHai="108" doraHaiUra="4" who="1" fromWho="1" sc="250,-40,230,130,211,-40,299,-40" /><INIT seed="1,1,0,1,2,44" ten="210,360,171,259" oya="1" hai0="68,111,17,64,12,40,61,47,7,11,132,34,14" hai1="86,98,84,8,121,97,83,107,39,135,15,90,41" hai2="54,85,19,42,87,95,106,82,75,66,31,74,112" hai3="5,101,119,129,127,125,79,62,126,9,6,48,50"/><U69/><E121/><V28/><F106/><W94/><G129/><T131/><D34/><U134/><E69/><V63/><F112/><W73/><G119/><T35/><D35/><U57/><E57/><V37/><F54/><W133/><G133/><N who="1" m="50698" /><E107/><V60/><F37/><W81/><G6/><T52/><D132/><U128/><E128/><V56/><F42/><W45/><G45/><T55/><D131/><U26/><E26/><V1/><F1/><W76/><G76/><T71/><D111/><U10/><E41/><V102/><F63/><W65/><G94/><T27/><D71/><U110/><E39/><V70/><F70/><N who="3" m="42295" /><G101/><T49/><REACH who="0" step="1"/><D27/><REACH who="0" ten="200,360,171,259" step="2"/><U96/><E110/><V23/><F75/><W59/><G59/><T22/><AGARI ba="1,1" hai="7,11,12,14,17,22,40,47,49,52,55,61,64,68" machi="22" ten="20,12000,2" yaku="1,1,2,1,0,1,7,1,52,1,54,1,53,0" doraHai="44" doraHaiUra="118" who="0" fromWho="0" sc="200,133,360,-61,171,-31,259,-31" /><INIT seed="2,0,0,0,5,21" ten="333,299,140,228" oya="2" hai0="36,51,54,2,35,80,42,41,67,19,50,24,79" hai1="38,131,133,69,31,68,15,9,8,52,123,14,4" hai2="116,121,119,135,128,32,56,46,81,6,103,37,7" hai3="112,86,45,109,96,71,47,95,126,48,26,18,100"/><V125/><F121/><W66/><G109/><T73/><D2/><U91/><E123/><V106/><F125/><W10/><G126/><T58/><D67/><U94/><E38/><V129/><F32/><W82/><G112/><T124/><D124/><U13/><E133/><V17/><F135/><W93/><G71/><T102/><D36/><U108/><E108/><V3/><F81/><W104/><G66/><T60/><D102/><U98/><E131/><N who="2" m="50251" /><F56/><W1/><G47/><T111/><D111/><U70/><E31/><V5/><F17/><W84/><G84/><T122/><D122/><U43/><E43/><N who="2" m="22895" /><F3/><W62/><G62/><T33/><D33/><U49/><REACH who="1" step="1"/><E4/><REACH who="1" ten="333,289,140,228" step="2"/><N who="2" m="1027" /><V134/><DORA hai="83" /><F134/><W53/><G1/><T92/><D42/><U20/><E20/><V11/><F11/><W27/><G10/><T39/><D35/><U44/><AGARI ba="0,1" hai="8,9,13,14,15,44,49,52,68,69,70,91,94,98" machi="44" ten="40,5200,0" yaku="1,1,0,1,54,1,53,0" doraHai="21,83" doraHaiUra="114,23" who="1" fromWho="1" sc="333,-13,289,62,140,-26,228,-13" /><INIT seed="3,0,0,5,4,75" ten="320,351,114,215" oya="3" hai0="13,95,129,55,134,98,90,92,5,135,89,118,103" hai1="51,9,31,35,68,112,76,43,12,63,10,18,122" hai2="120,25,101,70,93,114,8,50,125,107,3,30,69" hai3="96,132,106,38,84,62,85,94,121,126,105,41,19"/><W61/><G121/><T4/><D55/><U29/><E122/><V26/><F120/><W80/><G132/><N who="0" m="50731" /><D13/><U58/><E68/><V86/><F114/><W72/><G126/><T81/><D4/><U24/><E31/><V87/><F125/><W39/><G72/><T33/><D5/><U27/><E27/><V71/><F50/><W32/><G32/><T108/><D33/><U131/><E131/><V16/><F107/><W133/><G133/><T66/><D66/><U110/><E110/><V42/><F42/><W83/><G19/><T6/><D6/><U119/><E119/><V73/><F73/><W104/><G41/><T124/><D124/><U40/><E112/><V2/><F8/><W15/><G15/><T67/><D67/><U123/><E9/><V53/><F53/><W109/><G109/><T78/><D108/><U34/><E34/><V91/><F101/><W54/><G54/><T22/><D22/><U14/><E10/><V21/><REACH who="2" step="1"/><F86/><REACH who="2" ten="320,351,104,215" step="2"/><N who="3" m="33387" /><G39/><T7/><D118/><U82/><E123/><V52/><F52/><W88/><G38/><T102/><D7/><U99/><E40/><V59/><F59/><W116/><G116/><T100/><D129/><U128/><E58/><V48/><F48/><W23/><G105/><T74/><D103/><U1/><E51/><V49/><F49/><W57/><G106/><T60/><D60/><N who="3" m="23145" /><G104/><N who="0" m="63511" /><D102/><U44/><E128/><V130/><F130/><W117/><G117/><T17/><D17/><U65/><E18/><V0/><F0/><W20/><G57/><T79/><D79/><U113/><E1/><V45/><F45/><RYUUKYOKU ba="0,1" sc="320,10,351,-30,104,10,215,10" hai0="74,78,81,89,90,92,95" hai2="2,3,16,21,25,26,30,69,70,71,87,91,93" hai3="20,23,80,83,88,94,96" /><INIT seed="3,1,1,5,1,3" ten="330,321,114,225" oya="3" hai0="35,63,79,36,66,38,116,132,62,55,124,98,91" hai1="11,105,42,112,76,69,72,75,65,133,60,107,104" hai2="18,25,48,110,46,89,15,37,52,17,59,100,54" hai3="33,26,117,122,32,78,125,14,111,41,85,84,131"/><W108/><G117/><T123/><D116/><U16/><E112/><V73/><F110/><N who="3" m="42027" /><G122/><T4/><D123/><U109/><E109/><V101/><F73/><W115/><G115/><T10/><D35/><N who="3" m="13385" /><G131/><T2/><D124/><U99/><E133/><V118/><F118/><W21/><G125/><T19/><D132/><U31/><E31/><V13/><F37/><W67/><G41/><T119/><D119/><U9/><E99/><V34/><F34/><W56/><G78/><T86/><D79/><U113/><E113/><V30/><F30/><N who="3" m="17743" /><G14/><T51/><D98/><U121/><E121/><V6/><F6/><W29/><G29/><T106/><D106/><U97/><E97/><V49/><F89/><W7/><G7/><T53/><D63/><AGARI ba="1,1" hai="56,63,67,84,85" m="17743,13385,42027" machi="63" ten="30,2900,0" yaku="14,1,10,1" doraHai="3" who="3" fromWho="0" sc="330,-32,321,0,114,0,225,42" /><INIT seed="3,2,0,5,3,131" ten="298,321,114,267" oya="3" hai0="27,32,15,104,78,5,37,105,102,0,12,93,68" hai1="117,91,16,75,29,121,3,52,1,90,76,74,10" hai2="54,97,135,57,9,31,99,7,22,134,14,86,69" hai3="107,113,41,129,50,23,132,116,85,109,59,39,87"/><W110/><G113/><T61/><D37/><U70/><E121/><V25/><F69/><W73/><G116/><T66/><D78/><U125/><E70/><V100/><F86/><N who="3" m="32779" /><G129/><T47/><D47/><U103/><E103/><V28/><F31/><W82/><G107/><T112/><D112/><U67/><E67/><V55/><F100/><W33/><G33/><T124/><D124/><U45/><E29/><V65/><F65/><W11/><G39/><T34/><D93/><U128/><E128/><V38/><F38/><W101/><G101/><T26/><D104/><U83/><E74/><V120/><F120/><W18/><G11/><T4/><D4/><N who="1" m="1295" /><E3/><V115/><F115/><W21/><G82/><T114/><D114/><U51/><E125/><V122/><F122/><W88/><G88/><T19/><D15/><U40/><E91/><V81/><F81/><W35/><G35/><T63/><D63/><U60/><E90/><V72/><F72/><W6/><G6/><T118/><D118/><U36/><E36/><V98/><REACH who="2" step="1"/><F57/><REACH who="2" ten="298,321,104,267" step="2"/><W49/><G73/><T94/><D105/><U126/><E75/><V130/><F130/><W30/><G59/><T119/><D119/><U64/><E83/><V24/><F24/><N who="0" m="9258" /><D32/><U133/><E117/><V17/><F17/><W8/><G18/><T123/><D34/><U106/><E16/><V56/><F56/><W46/><G30/><T79/><D123/><U80/><E80/><V44/><F44/><W58/><G58/><T43/><D19/><U111/><E45/><V96/><N who="2" m="24576" /><DORA hai="127" /><V95/><F95/><W48/><G46/><RYUUKYOKU ba="2,1" sc="298,-10,321,-10,104,30,267,-10" hai2="7,9,14,22,25,28,54,55,134,135" owari="288,9.0,321,42.0,134,-37.0,257,-14.0" /></mjloggm>