<mjloggm ver="2.3"><GO type="225" lobby="0"/><UN n0="%E3%83%88%E3%83%88%E3%83%AA%E5%85%88%E7%94%9F%31%39%E6%AD%B3" n1="%E3%81%88%E3%82%8B%E3%81%9F%E3%81%9D" n2="%E3%81%9F%E3%81%8C%E3%82%84%E3%81%99" n3="%E3%82%82%E3%82%81%E3%82%93%E3%81%AA%E3%81%A1%E3%82%83%E3%81%84" dan="17,17,16,17" rate="2288.14,2135.61,2138.85,2179.55" sx="F,F,M,M"/><TAIKYOKU oya="0"/><INIT seed="0,0,0,3,3,96" ten="250,250,250,250" oya="0" hai0="67,41,93,13,71,115,21,65,109,62,100,7,8" hai1="53,9,35,121,129,11,122,18,1,84,80,111,26" hai2="73,28,86,22,29,85,104,19,77,30,52,43,63" hai3="113,78,37,60,15,105,114,34,16,40,47,45,72"/><T103/><D115/><U135/><E129/><V12/><F104/><W132/><G34/><T14/><D109/><U48/><E111/><V0/><F0/><W25/><G25/><T17/><D41/><U33/><E135/><V23/><F73/><W64/><G132/><T119/><D119/><U133/><E133/><V59/><F43/><W127/><G127/><T36/><D36/><U38/><E38/><V99/><F99/><W83/><G47/><T74/><D74/><U106/><E106/><V6/><F6/><W87/><G105/><T75/><D75/><U2/><E2/><V46/><F46/><W126/><G72/><T98/><D65/><U81/><E81/><N who="2" m="47279" /><F86/><W79/><G79/><T125/><D125/><U128/><E128/><V94/><F94/><W76/><G76/><T124/><D124/><U24/><E24/><AGARI ba="0,0" hai="12,19,22,23,24,28,29,30,52,59,63" m="47279" machi="24" ten="30,2000,0" yaku="8,1,54,1" doraHai="96" who="2" fromWho="1" sc="250,0,250,-20,250,20,250,0" /><INIT seed="1,0,0,1,5,36" ten="250,230,270,250" oya="1" hai0="121,23,133,88,79,73,68,71,52,132,84,63,17" hai1="85,0,62,122,37,35,21,90,4,105,64,69,83" hai2="118,131,38,60,113,116,101,130,48,67,10,70,135" hai3="126,47,99,14,81,9,28,2,11,65,18,72,104"/><U111/><E122/><V61/><F10/><W93/><G104/><T41/><D121/><U75/><E35/><V59/><F101/><W44/><G126/><T124/><D124/><U34/><E34/><V89/><F89/><W78/><G28/><T77/><D41/><U134/><E134/><N who="0" m="51817" /><D73/><U91/><E111/><V13/><F13/><W92/><G65/><N who="0" m="41023" /><D71/><U106/><E75/><V120/><F38/><W128/><G128/><N who="2" m="49193" /><F135/><W26/><G26/><N who="0" m="14703" /><D52/><U98/><E37/><V117/><F120/><W102/><REACH who="3" step="1"/><G93/><AGARI ba="0,0" hai="77,79,84,88,93" m="14703,41023,51817" machi="93" ten="30,2000,0" yaku="20,1,54,1" doraHai="36" who="0" fromWho="3" sc="250,20,230,0,270,0,250,-20" /><INIT seed="2,0,0,3,3,18" ten="270,230,270,230" oya="2" hai0="97,51,75,68,27,3,81,23,127,119,93,59,116" hai1="45,65,62,30,0,78,102,96,86,83,1,128,118" hai2="48,21,112,13,125,80,66,34,76,91,56,69,26" hai3="100,113,44,74,130,36,84,87,57,32,37,4,98"/><V132/><F69/><W94/><G74/><T122/><D122/><U99/><E118/><N who="0" m="45097" /><D68/><U109/><E109/><V33/><F112/><W103/><G113/><T54/><D3/><U106/><E128/><V90/><F132/><W131/><G32/><T63/><D127/><U22/><E99/><V126/><F13/><W8/><G103/><N who="0" m="60847" /><D81/><U120/><E120/><V39/><F39/><W52/><G87/><T35/><D75/><U16/><E45/><V111/><F111/><W42/><G84/><T61/><D35/><U70/><REACH who="1" step="1"/><E30/><AGARI ba="0,0" hai="23,27,30,51,54,59,61,63" m="60847,45097" machi="30" ten="30,2000,0" yaku="12,1,52,1" doraHai="18" who="0" fromWho="1" sc="270,20,230,-20,270,0,230,0" /><INIT seed="3,0,0,1,5,56" ten="290,210,270,230" oya="3" hai0="67,59,83,73,118,72,99,81,84,135,26,54,35" hai1="30,131,51,105,10,60,23,74,77,132,31,25,32" hai2="76,108,24,57,20,66,9,53,75,71,5,28,17" hai3="50,91,47,103,12,11,1,93,70,89,41,100,69"/><W36/><G1/><T42/><D118/><U68/><E105/><V110/><F71/><W102/><G36/><T86/><D135/><U19/><E132/><V63/><F75/><W104/><G104/><T107/><D67/><U48/><E131/><V113/><F76/><W94/><G94/><T43/><D35/><U79/><E74/><V85/><F85/><W8/><G8/><T14/><D73/><U27/><E10/><V133/><F113/><W106/><G106/><T18/><D26/><U22/><E32/><V92/><F133/><W0/><G0/><T15/><D99/><U33/><E33/><V3/><F92/><W125/><G125/><T126/><D72/><U13/><E68/><V134/><F134/><W112/><G91/><N who="0" m="51599" /><D126/><U34/><REACH who="1" step="1"/><E60/><REACH who="1" ten="290,200,270,230" step="2"/><V7/><F7/><W80/><G112/><T39/><D107/><U111/><E111/><N who="2" m="42539" /><F28/><W98/><REACH who="3" step="1"/><G80/><REACH who="3" ten="290,200,270,220" step="2"/><T109/><D83/><U6/><E6/><AGARI ba="0,2" hai="6,11,12,41,47,50,69,70,89,93,98,100,102,103" machi="6" ten="40,3900,0" yaku="1,1,2,1,53,0" doraHai="56" doraHaiUra="120" who="3" fromWho="1" sc="290,0,200,-39,270,0,220,59" /><INIT seed="3,1,0,2,2,26" ten="290,161,270,279" oya="3" hai0="14,56,134,77,41,42,25,101,9,2,124,17,16" hai1="12,59,5,96,49,95,11,120,61,46,28,74,87" hai2="36,35,112,62,109,0,129,92,132,106,4,84,103" hai3="60,22,97,44,8,27,89,128,110,20,85,115,98"/><W38/><G115/><T53/><D2/><U130/><E74/><V31/><F92/><W70/><G128/><T75/><D134/><U65/><E130/><V76/><F84/><W104/><G104/><T121/><D121/><U24/><E120/><V63/><F129/><W30/><G110/><T52/><D124/><U50/><E87/><V72/><F63/><W102/><G102/><T39/><D39/><U73/><E73/><V86/><F86/><W55/><G70/><T48/><D101/><U37/><E37/><V34/><F34/><W117/><G117/><T21/><D75/><U105/><E105/><V58/><F58/><N who="3" m="34911" /><G38/><T54/><D77/><U123/><E123/><V113/><F109/><W45/><G20/><T93/><D93/><U1/><E1/><V122/><F122/><W10/><G10/><T90/><D90/><U40/><E40/><AGARI ba="1,0" hai="9,14,16,17,21,25,40,41,42,48,52,53,54,56" machi="40" ten="40,5200,0" yaku="8,1,54,2" doraHai="26" who="0" fromWho="1" sc="290,55,161,-55,270,0,279,0" owari="345,44.0,106,-39.0,270,-13.0,279,8.0" /></mjloggm>