<mjloggm ver="2.3"><GO type="41" lobby="0"/><UN n0="%E5%B0%B1%E6%B4%BB%E7%94%9F%40%E5%B7%9D%E6%9D%91%E8%BB%8D%E5%9B%A3" n1="%E3%81%AD%E3%81%8B%E3%81%BE%50" n2="%E3%83%A9%E3%83%93%E3%82%A8%E3%83%8C%E3%82%B9" n3="%E7%8C%AB%E3%81%AE%E8%B6%B3%E8%B7%A1" dan="14,14,15,16" rate="1922.70,1948.22,1956.30,1984.25" sx="M,F,M,M"/><TAIKYOKU oya="0"/><INIT seed="0,0,0,3,4,18" ten="250,250,250,250" oya="0" hai0="48,67,38,58,74,134,33,72,51,22,42,66,1" hai1="44,59,57,68,133,131,118,110,49,84,54,125,36" hai2="16,7,75,0,78,21,132,39,71,106,60,47,88" hai3="27,13,8,109,3,99,90,79,45,100,40,116,105"/><T37/><D33/><U69/><E118/><V20/><F106/><W34/><G116/><T29/><D1/><U89/><E125/><V124/><F124/><W35/><G3/><T85/><D134/><U117/><E117/><V96/><F132/><W32/><G109/><T6/><D6/><U46/><E110/><V4/><F75/><W112/><G112/><T77/><D85/><U115/><E133/><V5/><F0/><W65/><G65/><T23/><D29/><U55/><E115/><V56/><F71/><W15/><G79/><T113/><D113/><U92/><E131/><V12/><F78/><W98/><G27/><T80/><D77/><U101/><E101/><V26/><F39/><W28/><G28/><T103/><D58/><U119/><E119/><V91/><F47/><W86/><G99/><T126/><D126/><U135/><E135/><V31/><F96/><W10/><G10/><T30/><D30/><U43/><REACH who="1" step="1"/><E44/><REACH who="1" ten="250,240,250,250" step="2"/><V120/><REACH who="2" step="1"/><F120/><REACH who="2" ten="250,240,240,250" step="2"/><W114/><G114/><T62/><D103/><U95/><E95/><V53/><AGARI ba="0,2" hai="4,5,7,12,16,20,21,26,31,53,56,60,88,91" machi="53" ten="30,16000,3" yaku="1,1,2,1,0,1,8,1,52,2,54,2,53,0" doraHai="18" doraHaiUra="128" who="2" fromWho="2" sc="250,-80,240,-40,240,180,250,-40" /><INIT seed="1,0,0,3,5,90" ten="170,200,420,210" oya="1" hai0="23,71,113,38,24,15,70,81,124,132,33,54,100" hai1="45,14,118,63,127,133,53,86,47,88,19,77,8" hai2="125,6,114,58,76,83,75,85,129,119,46,12,10" hai3="67,34,25,110,122,109,106,2,98,69,0,49,116"/><U17/><E118/><V64/><F119/><W1/><G49/><T36/><D113/><U7/><E127/><V73/><F114/><W52/><G116/><T41/><D33/><U89/><E77/><V92/><F125/><W55/><G122/><T18/><D124/><U123/><E123/><V16/><F129/><W126/><G126/><T111/><D132/><U62/><E133/><V5/><F46/><N who="1" m="17417" /><E89/><N who="2" m="53295" /><F73/><W128/><G128/><T4/><D111/><N who="3" m="42505" /><G67/><T48/><D100/><U87/><E87/><N who="2" m="48615" /><F64/><W120/><G69/><T79/><D41/><U80/><E63/><V59/><F75/><W105/><G120/><T131/><D131/><U95/><E80/><V39/><F39/><W20/><G34/><T112/><D112/><U65/><E65/><V22/><F22/><W72/><G72/><T42/><D42/><U104/><E104/><N who="3" m="40042" /><G98/><T31/><D70/><U43/><E43/><V68/><F68/><W103/><G103/><T29/><D71/><U9/><E9/><V28/><F28/><AGARI ba="0,0" hai="0,1,2,20,25,28,52,55" m="40042,42505" machi="28" ten="40,2600,0" yaku="14,1,54,1" doraHai="90" who="3" fromWho="2" sc="170,0,200,0,420,-26,210,26" /><INIT seed="2,0,0,4,2,61" ten="170,200,394,236" oya="2" hai0="107,76,48,29,108,23,5,72,100,64,90,17,103" hai1="8,10,19,81,59,3,125,77,67,79,49,70,50" hai2="88,9,78,58,6,126,121,38,47,46,69,54,85" hai3="14,110,80,41,84,12,97,16,101,116,98,66,33"/><V114/><F121/><W34/><G116/><T60/><D108/><U91/><E70/><V55/><F114/><W123/><G110/><T26/><D5/><U0/><E125/><V27/><F69/><W105/><G123/><T42/><D107/><U63/><E91/><V89/><F126/><W74/><G74/><T133/><D133/><U39/><E39/><V106/><F106/><W4/><G98/><T22/><D72/><U129/><E129/><V40/><F27/><W87/><G41/><T96/><D76/><U128/><E128/><V45/><F78/><W118/><G118/><T15/><D42/><U32/><E32/><V95/><F89/><W21/><G84/><T115/><D115/><U131/><E131/><V56/><F56/><W65/><G34/><T2/><D2/><U1/><E77/><V119/><F119/><W30/><G30/><T93/><REACH who="0" step="1"/><D48/><REACH who="0" ten="160,200,394,236" step="2"/><U7/><E7/><V62/><F54/><W13/><G33/><T20/><D20/><U68/><E8/><V130/><F130/><W35/><G35/><T11/><D11/><U51/><E3/><AGARI ba="0,1" hai="3,6,9,38,40,45,46,47,55,58,62,85,88,95" machi="3" ten="30,2900,0" yaku="7,1,54,1" doraHai="61" who="2" fromWho="1" sc="160,0,200,-29,394,39,236,0" /><INIT seed="2,1,0,0,4,65" ten="160,171,433,236" oya="2" hai0="98,26,24,67,81,116,41,34,76,11,69,112,19" hai1="103,122,21,93,79,110,135,82,118,60,107,6,63" hai2="8,10,56,83,30,66,22,131,50,80,77,20,101" hai3="75,46,117,115,102,130,119,126,16,91,124,3,73"/><V88/><F101/><W74/><G3/><T100/><D112/><U87/><E107/><V18/><F131/><W2/><G2/><T54/><D116/><U61/><E118/><N who="3" m="45066" /><G46/><T62/><D41/><U0/><E122/><V95/><F30/><W12/><G115/><T57/><D34/><U105/><E105/><V84/><F22/><N who="3" m="11527" /><G102/><T47/><D47/><U99/><E21/><V125/><F125/><N who="3" m="48235" /><G91/><T44/><D44/><U59/><E6/><V108/><F80/><W45/><G45/><T39/><D39/><U1/><E135/><V9/><F50/><W42/><G42/><T70/><D26/><U89/><E110/><V14/><F108/><W4/><G4/><T35/><D35/><U127/><E127/><V129/><F129/><AGARI ba="1,0" hai="73,74,75,129,130" m="48235,11527,45066" machi="129" ten="40,2600,0" yaku="18,1,54,1" doraHai="65" who="3" fromWho="2" sc="160,0,171,0,433,-29,236,29" /><INIT seed="3,0,0,0,3,122" ten="160,171,404,265" oya="3" hai0="19,33,110,124,18,108,112,43,10,93,24,60,95" hai1="119,49,37,115,88,52,2,73,17,67,32,78,128" hai2="127,8,118,130,77,28,85,104,21,98,134,126,16" hai3="6,81,41,4,114,51,117,55,94,102,13,101,9"/><W53/><G114/><T42/><D124/><N who="2" m="47658" /><F118/><W123/><G117/><T100/><D112/><U89/><E37/><V103/><F134/><W125/><G125/><T70/><D33/><U39/><E115/><V82/><F130/><W80/><G123/><T106/><D106/><U90/><E39/><V38/><F38/><W22/><G6/><T12/><D70/><U1/><E32/><V59/><F59/><W65/><G65/><T15/><D24/><U44/><E119/><V76/><F8/><W69/><G69/><T135/><D60/><U64/><E17/><V74/><F74/><W62/><G22/><T54/><D54/><N who="3" m="20489" /><G62/><T29/><D29/><U3/><REACH who="1" step="1"/><E128/><REACH who="1" ten="160,161,404,265" step="2"/><V48/><F28/><W20/><G4/><T50/><D135/><U86/><E86/><V121/><F121/><W35/><G35/><T57/><D100/><U113/><E113/><V45/><F85/><W79/><G102/><T56/><D50/><U87/><E87/><V71/><F48/><W66/><G101/><T25/><D25/><U105/><E105/><V84/><F104/><W61/><G51/><T116/><D116/><U0/><N who="1" m="512" /><DORA hai="63" /><U31/><E31/><V111/><F103/><W11/><G61/><T34/><D34/><U120/><E120/><V58/><F84/><W109/><G66/><T23/><D23/><U72/><E72/><V96/><F16/><W7/><G20/><T40/><D40/><U97/><E97/><V107/><F96/><W133/><G41/><T26/><D26/><U27/><E27/><V47/><F98/><W5/><G133/><T83/><D10/><RYUUKYOKU ba="0,1" sc="160,15,161,15,404,-15,265,-15" hai0="12,15,18,19,42,43,56,57,83,93,95,108,110" hai1="44,49,52,64,67,73,78,88,89,90" /><INIT seed="4,1,1,0,5,5" ten="175,176,389,250" oya="0" hai0="99,38,33,111,109,92,105,65,14,60,84,51,6" hai1="39,107,95,30,79,41,73,93,56,45,114,119,100" hai2="36,24,98,94,113,20,64,120,121,81,72,133,52" hai3="25,7,118,106,112,23,103,101,77,129,43,130,59"/><T48/><D33/><U53/><E119/><V62/><F36/><W54/><G118/><T122/><D38/><U31/><E107/><V71/><F133/><W115/><G43/><T123/><D105/><U125/><E125/><V47/><F113/><N who="3" m="43595" /><G77/><T124/><D124/><U18/><E114/><V22/><F72/><W83/><G83/><T34/><D34/><U91/><E100/><N who="3" m="38474" /><G7/><T17/><D6/><U66/><E66/><V89/><F81/><W74/><G74/><T78/><D78/><U57/><E57/><V117/><F117/><W16/><G106/><T35/><D35/><U70/><E79/><V134/><F120/><N who="0" m="46122" /><D84/><U108/><E73/><V131/><F121/><W32/><G32/><T127/><D92/><U63/><E95/><V68/><F68/><W69/><G69/><N who="0" m="42151" /><D99/><U37/><E37/><V9/><F71/><W26/><G26/><T75/><D75/><U4/><E70/><V2/><F24/><W40/><G40/><T80/><D80/><U42/><E4/><V97/><F97/><W87/><G87/><T85/><D85/><U27/><E42/><V15/><F2/><W49/><AGARI ba="1,1" hai="16,23,25,49,54,59,129,130" m="38474,43595" machi="49" ten="30,2000,0" yaku="15,1,54,1" doraHai="5" who="3" fromWho="3" sc="175,-11,176,-6,389,-6,250,33" /><INIT seed="5,0,0,2,5,0" ten="164,170,383,283" oya="1" hai0="73,41,95,76,130,70,79,133,108,83,103,100,66" hai1="96,89,28,58,81,37,92,4,65,117,45,126,1" hai2="25,131,94,26,93,110,36,44,47,121,53,22,64" hai3="18,99,9,78,101,109,112,82,120,107,12,84,102"/><U98/><E117/><V27/><F121/><W32/><G112/><T88/><D108/><U35/><E126/><V118/><F118/><W97/><G109/><T134/><D41/><U57/><E35/><V114/><F110/><W43/><G120/><T19/><D130/><U14/><E1/><V74/><F74/><W111/><G111/><T87/><D19/><U60/><E28/><V85/><F131/><W129/><G129/><T59/><D70/><U119/><E119/><V124/><F124/><W10/><G43/><T122/><D122/><U128/><E128/><V77/><F36/><W56/><G56/><T49/><D66/><U6/><E14/><V40/><F40/><W75/><G32/><T13/><D13/><U29/><E29/><V105/><F105/><W80/><G80/><N who="0" m="45071" /><D49/><U23/><E23/><V16/><F64/><W15/><G75/><N who="0" m="43519" /><D59/><N who="1" m="37023" /><E45/><N who="2" m="17483" /><F53/><W61/><G61/><T46/><D46/><U55/><E37/><V52/><F52/><W50/><G50/><T31/><D31/><U39/><E39/><V125/><F125/><W38/><G38/><T69/><D69/><U62/><E58/><V71/><F71/><W72/><G72/><T24/><D24/><N who="2" m="9322" /><F114/><W54/><G54/><T20/><D20/><U21/><E21/><V51/><F51/><W67/><G67/><T33/><D33/><U68/><E68/><V42/><F42/><W132/><G15/><T3/><D3/><U90/><E81/><AGARI ba="0,0" hai="16,22,27,77,81,85,93,94" m="9322,17483" machi="81" ten="30,2000,0" yaku="8,1,54,1" doraHai="0" who="2" fromWho="1" sc="164,0,170,-20,383,20,283,0" /><INIT seed="6,0,0,4,0,118" ten="164,150,403,283" oya="2" hai0="126,91,121,99,42,1,70,64,77,40,133,10,69" hai1="62,28,52,89,95,36,108,37,79,94,22,131,47" hai2="110,93,0,130,71,72,76,128,51,14,78,46,135" hai3="59,7,39,34,127,129,20,43,120,67,60,106,21"/><V111/><F0/><W122/><G106/><T66/><D77/><N who="2" m="29802" /><F72/><W88/><G34/><T105/><D121/><U125/><E108/><N who="2" m="41515" /><F135/><W73/><G73/><T123/><D123/><U61/><E79/><V30/><F71/><W85/><G127/><T55/><D126/><U35/><E125/><V48/><F30/><W53/><G129/><N who="2" m="49769" /><F46/><W74/><G74/><T5/><D133/><U75/><E35/><V132/><F132/><W81/><G122/><T117/><D117/><U4/><E75/><V82/><F82/><W97/><G120/><T38/><D70/><U115/><E28/><V54/><F54/><W134/><G53/><T31/><D69/><U84/><E47/><V45/><F45/><W104/><G134/><T109/><D55/><U101/><E52/><V63/><F63/><W113/><G60/><T3/><D31/><U17/><E61/><V9/><F93/><W11/><G81/><T103/><D109/><U15/><E62/><V16/><AGARI ba="0,0" hai="9,14,16,48,51" m="49769,41515,29802" machi="16" ten="40,7800,0" yaku="10,1,19,1,54,1" doraHai="118" who="2" fromWho="2" sc="164,-26,150,-26,403,78,283,-26" /><INIT seed="6,1,0,5,3,46" ten="138,124,481,257" oya="2" hai0="106,111,101,78,7,88,11,64,13,50,63,117,9" hai1="5,35,96,87,32,2,89,39,66,110,104,12,91" hai2="100,44,23,65,37,80,53,22,81,93,49,107,70" hai3="129,133,73,48,86,130,42,124,113,123,0,1,79"/><V61/><F107/><W69/><G123/><T67/><D111/><U114/><E2/><V77/><F77/><W116/><G116/><T75/><D117/><U115/><E110/><V55/><F37/><W85/><G69/><T25/><D75/><U4/><E39/><V33/><F33/><W14/><G124/><T109/><D109/><U97/><E66/><V20/><REACH who="2" step="1"/><F55/><REACH who="2" ten="138,124,471,257" step="2"/><W94/><G79/><T15/><D78/><U34/><E104/><V103/><F103/><W90/><G130/><T102/><D106/><U40/><E35/><V119/><F119/><W43/><G129/><T58/><D102/><U36/><E36/><V128/><F128/><W62/><G90/><T47/><D101/><U24/><E114/><V38/><F38/><W3/><G113/><T51/><D88/><U76/><E115/><V52/><F52/><W31/><G73/><T125/><D125/><U6/><E76/><V132/><F132/><W84/><G133/><T74/><D74/><U83/><E91/><V68/><F68/><W16/><G43/><T60/><D47/><U135/><E40/><V82/><F82/><W122/><G42/><T29/><D29/><N who="1" m="19495" /><E34/><V41/><F41/><W18/><G31/><T112/><D112/><U30/><E135/><V56/><F56/><W45/><G45/><T17/><D25/><U27/><E27/><V21/><N who="2" m="5120" /><DORA hai="134" /><V127/><F127/><W98/><G122/><T71/><AGARI ba="1,1" hai="7,9,11,13,15,17,50,51,58,60,63,64,67,71" machi="71" ten="20,5200,0" yaku="0,1,7,1,52,2" doraHai="46,134" who="0" fromWho="0" sc="138,65,124,-14,471,-27,257,-14" /><INIT seed="7,0,0,0,0,61" ten="203,110,444,243" oya="3" hai0="71,33,55,10,126,111,115,120,35,48,123,73,110" hai1="29,80,31,16,98,8,37,77,68,104,47,69,38" hai2="23,133,43,58,39,82,50,42,28,130,44,114,18" hai3="119,122,64,56,26,84,3,70,106,96,74,116,14"/><W101/><G74/><T76/><D71/><U52/><E104/><V15/><F114/><W11/><G3/><T40/><D40/><U88/><E68/><V125/><F125/><W107/><G107/><T62/><D126/><U95/><E69/><V134/><F130/><W7/><G122/><T105/><D105/><U86/><E37/><V97/><F58/><W54/><G84/><T127/><D127/><U90/><E77/><V85/><F97/><W109/><G109/><T34/><D115/><U72/><E72/><V79/><F28/><W124/><G124/><T49/><D76/><U17/><E38/><V99/><F99/><W135/><G135/><N who="2" m="51721" /><F39/><W128/><G128/><T91/><D73/><U131/><E131/><V60/><F60/><W45/><G45/><T87/><D10/><U89/><E89/><V67/><F42/><W103/><G103/><T102/><D102/><U75/><E75/><V24/><F15/><W30/><G70/><T32/><D110/><U4/><E29/><V66/><AGARI ba="0,0" hai="18,23,24,43,44,50,66,67,79,82,85" m="51721" machi="66" ten="30,4000,0" yaku="20,1,52,2" doraHai="61" who="2" fromWho="2" sc="203,-10,110,-10,444,40,243,-20" owari="193,-21.0,100,-40.0,484,59.0,223,2.0" /></mjloggm>