<mjloggm ver="2.3"><GO type="41" lobby="0"/><UN n0="%6C%75%70%67%6E%69" n1="%6F%74%75%70%61%69" n2="%E5%B0%B1%E6%B4%BB%E7%94%9F%40%E5%B7%9D%E6%9D%91%E8%BB%8D%E5%9B%A3" n3="%48%69%73%61%E5%B8%9D" dan="14,13,17,13" rate="1948.43,1842.91,2150.23,1918.14" sx="F,M,M,M"/><TAIKYOKU oya="0"/><INIT seed="0,0,0,0,1,55" ten="250,250,250,250" oya="0" hai0="35,27,105,13,77,58,74,73,88,57,11,56,63" hai1="84,46,115,80,96,15,20,128,92,50,21,53,86" hai2="71,25,121,125,14,82,60,69,117,29,97,87,32" hai3="6,64,37,23,124,93,31,132,38,30,126,8,120"/><T10/><D105/><U48/><E115/><V135/><F121/><W39/><G120/><T101/><D101/><U72/><E72/><V44/><F117/><W116/><G116/><T22/><D77/><U41/><E128/><V107/><F125/><N who="3" m="48235" /><G132/><T5/><D35/><U102/><E15/><V12/><F135/><W54/><G93/><T0/><D88/><N who="1" m="51207" /><E86/><V49/><F107/><W95/><G95/><T61/><D74/><U66/><E66/><V110/><F110/><W1/><G64/><T2/><D73/><U59/><AGARI ba="0,0" hai="20,21,41,46,48,50,53,59,92,96,102" m="51207" machi="59" ten="30,4000,0" yaku="8,1,52,1,54,1" doraHai="55" who="1" fromWho="1" sc="250,-20,250,40,250,-10,250,-10" /><INIT seed="1,0,0,2,5,50" ten="230,290,240,240" oya="1" hai0="122,7,64,35,97,91,111,9,3,78,102,89,94" hai1="14,77,129,4,34,90,115,23,61,41,5,68,83" hai2="74,24,58,79,133,96,104,107,65,80,51,15,128" hai3="37,49,109,114,126,101,112,103,60,116,33,124,56"/><U11/><E115/><N who="3" m="44074" /><G37/><T92/><D122/><U54/><E129/><V88/><F128/><W132/><G132/><T99/><D35/><U10/><E34/><V47/><F133/><W2/><G2/><T55/><D111/><U20/><E41/><V29/><F15/><W85/><G109/><T105/><D64/><U25/><E25/><V27/><F65/><N who="3" m="39047" /><G33/><T131/><D131/><U70/><E70/><V19/><F58/><W16/><G116/><T46/><D78/><U36/><E36/><V123/><F123/><W39/><G39/><T45/><D55/><U57/><E68/><V110/><F110/><W93/><G93/><T17/><REACH who="0" step="1"/><D17/><REACH who="0" ten="220,290,240,240" step="2"/><U42/><E42/><V52/><F19/><W44/><G16/><T81/><D81/><U63/><E63/><V106/><REACH who="2" step="1"/><F29/><REACH who="2" ten="220,290,230,240" step="2"/><W86/><G103/><T8/><D8/><U108/><E108/><V59/><F59/><W71/><G101/><T82/><D82/><U40/><E40/><V118/><F118/><W69/><G86/><AGARI ba="0,2" hai="3,7,9,45,46,86,89,91,92,94,97,99,102,105" machi="86" ten="30,3900,0" yaku="1,1,7,1,53,1" doraHai="50" doraHaiUra="0" who="0" fromWho="3" sc="220,59,290,0,230,0,240,-39" /><INIT seed="2,0,0,4,5,113" ten="279,290,230,201" oya="2" hai0="28,57,24,122,27,80,36,43,127,26,50,69,132" hai1="63,61,88,31,38,107,130,22,59,55,30,4,79" hai2="98,16,82,124,134,84,118,100,104,112,73,83,135" hai3="8,60,53,125,62,56,108,103,96,41,71,47,20"/><V7/><F112/><W94/><G108/><T111/><D122/><U10/><E38/><V92/><F7/><W77/><G125/><T46/><D111/><U114/><E114/><V109/><F109/><W0/><G77/><T89/><D127/><U90/><E107/><V101/><F124/><W75/><G75/><T39/><D132/><N who="2" m="50730" /><F16/><W97/><G97/><T21/><D69/><U45/><E130/><V105/><F118/><W37/><G71/><T17/><D39/><U66/><E79/><N who="2" m="44399" /><F101/><W115/><G115/><T86/><D36/><U120/><E120/><V121/><F121/><W33/><G33/><T49/><D17/><U87/><E45/><V12/><F12/><W65/><G0/><T126/><D126/><U40/><E40/><V133/><N who="2" m="50738" /><V52/><DORA hai="93" /><F52/><AGARI ba="0,0" hai="21,24,26,27,28,43,46,49,50,52,57,80,86,89" machi="52" ten="40,2600,0" yaku="8,1,54,1" doraHai="113,93" who="0" fromWho="2" sc="279,26,290,0,230,-26,201,0" /><INIT seed="3,0,0,5,1,60" ten="305,290,204,201" oya="3" hai0="91,55,40,114,3,106,125,49,103,123,18,93,27" hai1="52,131,132,20,16,21,129,35,96,116,78,121,66" hai2="50,107,113,7,47,134,126,32,88,73,94,17,104" hai3="122,45,56,90,34,15,87,38,95,30,58,85,0"/><W130/><G122/><T53/><D123/><U54/><E121/><V36/><F36/><W19/><G0/><T31/><D125/><U72/><E35/><V84/><F113/><W117/><G117/><T83/><D3/><U6/><E6/><V127/><F73/><W99/><G130/><N who="1" m="49674" /><E21/><V109/><F109/><W28/><G34/><T37/><D37/><U135/><E96/><V74/><F74/><W118/><G118/><T8/><D40/><U68/><E116/><V105/><F32/><W110/><G110/><T24/><D53/><N who="1" m="20587" /><E72/><V64/><F64/><W51/><G38/><T42/><D42/><U89/><E89/><V62/><F62/><W71/><G71/><T1/><D31/><N who="3" m="11817" /><G85/><T4/><D18/><U97/><E97/><V5/><F134/><W76/><G76/><T39/><D39/><U120/><E78/><V48/><F17/><W2/><G2/><T82/><D24/><N who="1" m="14343" /><E120/><V61/><F61/><AGARI ba="0,0" hai="61,66,68,132,135" m="14343,20587,49674" machi="61" ten="30,7700,0" yaku="19,1,52,1,54,2" doraHai="60" who="1" fromWho="2" sc="305,0,290,77,204,-77,201,0" /><INIT seed="4,0,0,2,4,86" ten="305,367,127,201" oya="0" hai0="70,60,76,13,122,44,107,90,45,120,53,74,128" hai1="96,34,2,130,108,116,124,28,29,117,38,118,42" hai2="131,4,112,110,1,80,58,97,98,55,111,39,66" hai3="82,85,41,75,109,69,43,57,21,105,103,54,99"/><T84/><D128/><U129/><E96/><V135/><F131/><N who="1" m="50185" /><E42/><V23/><F135/><W46/><G109/><T37/><D107/><U24/><E38/><V63/><F112/><W12/><G75/><T26/><D26/><N who="1" m="18711" /><E2/><V0/><F39/><W9/><G69/><T125/><D125/><U61/><E61/><V33/><F33/><W127/><G127/><T14/><D44/><U91/><E91/><V79/><F111/><W68/><G68/><T87/><D74/><U36/><E36/><V16/><F110/><W51/><G21/><T20/><D20/><N who="1" m="15495" /><E108/><V92/><F66/><W62/><G82/><T100/><D100/><U64/><E64/><V77/><F4/><W8/><G85/><T123/><D76/><U56/><E56/><V95/><F1/><W49/><G12/><T106/><D84/><U48/><E48/><V83/><F0/><W15/><G15/><T52/><D106/><U93/><E93/><V104/><F104/><W7/><G7/><T101/><D101/><U10/><E10/><V31/><F31/><W22/><G22/><T78/><D78/><N who="2" m="29706" /><F95/><W65/><G43/><T5/><D5/><U81/><E81/><N who="2" m="31307" /><F92/><W126/><G126/><AGARI ba="0,0" hai="116,117,118,124,126" m="15495,18711,50185" machi="126" ten="40,5200,0" yaku="19,1,34,2" doraHai="86" who="1" fromWho="3" sc="305,0,367,52,127,0,201,-52" /><INIT seed="5,0,0,0,4,29" ten="305,419,127,149" oya="1" hai0="35,22,128,2,67,30,113,1,41,100,52,85,111" hai1="39,130,83,124,81,114,93,9,50,106,71,27,12" hai2="102,122,15,4,44,65,57,87,103,89,28,34,56" hai3="112,119,10,96,108,47,36,60,13,72,116,59,23"/><U16/><E106/><V127/><F122/><W95/><G108/><T55/><D128/><U26/><E39/><V120/><F120/><W19/><G72/><T49/><D111/><U75/><E71/><V92/><F127/><W90/><G112/><T32/><D113/><U24/><E114/><V5/><F44/><W94/><G94/><T68/><D85/><U66/><E75/><V84/><F15/><W131/><G131/><T8/><D100/><U76/><E130/><V43/><F43/><W109/><G109/><T33/><D41/><U123/><E123/><V45/><F45/><W133/><G133/><T18/><D49/><U117/><E117/><N who="3" m="45130" /><G36/><T121/><D67/><U126/><E93/><V51/><F51/><W74/><G47/><T25/><D68/><U104/><E104/><V101/><F65/><N who="3" m="39071" /><G74/><T99/><D99/><U63/><E50/><V46/><F46/><W115/><G115/><T14/><REACH who="0" step="1"/><D121/><REACH who="0" ten="295,419,127,149" step="2"/><U53/><E66/><V38/><F38/><W80/><G80/><T6/><D6/><U69/><E69/><V7/><REACH who="2" step="1"/><F84/><REACH who="2" ten="295,419,117,149" step="2"/><W135/><G135/><T82/><D82/><U42/><E83/><V58/><F58/><W118/><N who="3" m="45138" /><W54/><DORA hai="107" /><G54/><AGARI ba="0,2" hai="1,2,8,14,18,22,25,30,32,33,35,52,54,55" machi="54" ten="40,12000,2" yaku="1,1,52,3,54,1,53,1" doraHai="29,107" doraHaiUra="21,40" who="0" fromWho="3" sc="295,140,419,0,117,0,149,-120" /><INIT seed="6,0,0,1,5,107" ten="435,419,117,29" oya="2" hai0="130,87,85,3,83,42,61,38,57,88,102,82,99" hai1="109,24,127,95,123,134,69,47,2,118,65,32,135" hai2="81,49,41,115,91,29,36,68,26,54,19,21,14" hai3="17,0,77,125,4,112,90,98,131,60,100,113,12"/><V44/><F115/><N who="3" m="44107" /><G131/><T55/><D3/><U5/><E95/><V105/><F105/><N who="3" m="63639" /><G125/><T25/><D130/><U84/><E84/><N who="2" m="50575" /><F68/><W8/><G60/><T35/><D38/><U34/><E47/><V133/><F133/><W43/><G43/><T13/><D42/><U22/><E22/><N who="2" m="15575" /><F36/><W28/><G28/><T62/><D13/><U18/><E18/><V23/><F41/><W80/><G90/><N who="0" m="51511" /><D25/><U37/><E24/><V122/><F122/><W101/><G101/><T76/><D35/><U111/><E65/><V1/><F1/><W103/><G103/><T129/><D129/><U64/><E64/><V121/><F121/><W52/><G52/><T53/><D53/><U110/><E110/><V51/><F51/><W30/><G30/><T11/><D11/><AGARI ba="0,0" hai="11,14,19,21,23,44,49,54" m="15575,50575" machi="11" ten="30,2900,0" yaku="25,1,8,1" doraHai="107" who="2" fromWho="0" sc="435,-29,419,0,117,29,29,0" /><INIT seed="6,1,0,2,1,17" ten="406,419,146,29" oya="2" hai0="76,75,120,63,46,19,78,33,121,24,21,91,28" hai1="23,32,74,2,129,131,126,3,50,40,103,85,118" hai2="4,41,61,77,29,117,44,13,119,14,15,1,5" hai3="25,79,95,20,107,97,42,11,87,83,39,80,88"/><V101/><F77/><W55/><G107/><T9/><D75/><U62/><E74/><V81/><F81/><N who="3" m="47551" /><G39/><T43/><D63/><U45/><E32/><V108/><F108/><W38/><G38/><T66/><D66/><U48/><E118/><V113/><F113/><W35/><G35/><T114/><D114/><U65/><E103/><V59/><F101/><W6/><G42/><T37/><D9/><U122/><E50/><V127/><F127/><W68/><G68/><T8/><D8/><U99/><E99/><V53/><F29/><N who="3" m="17575" /><G55/><T135/><D135/><U82/><E122/><V102/><F102/><W104/><G104/><T56/><D56/><U73/><E73/><V124/><F124/><W27/><G27/><T18/><D18/><U125/><E125/><V123/><F123/><W134/><G134/><T16/><D19/><U30/><E30/><V128/><F128/><W69/><G69/><T47/><D47/><U58/><E126/><V115/><F115/><W67/><G67/><T71/><D71/><U31/><E31/><V10/><REACH who="2" step="1"/><F4/><REACH who="2" ten="406,419,136,29" step="2"/><W116/><G116/><T26/><D121/><U133/><E133/><V90/><F90/><W57/><G6/><T70/><D120/><U92/><E131/><V72/><F72/><W84/><G11/><T7/><D7/><U110/><E129/><V96/><F96/><W34/><G34/><T106/><D91/><U54/><E110/><V100/><F100/><N who="3" m="60479" /><G83/><T111/><D111/><U112/><E82/><V93/><F93/><W52/><G57/><T105/><D70/><U22/><E112/><V89/><F89/><RYUUKYOKU ba="1,1" sc="406,10,419,-30,136,10,29,10" hai0="16,21,24,26,28,33,37,43,46,76,78,105,106" hai2="1,5,10,13,14,15,41,44,53,59,61,117,119" hai3="52,80,84,88" /><INIT seed="6,2,1,1,5,36" ten="416,389,146,39" oya="2" hai0="112,73,82,90,105,2,34,96,0,40,91,99,87" hai1="32,127,58,79,3,120,41,14,119,80,118,15,78" hai2="43,68,50,6,28,38,60,46,33,22,67,89,9" hai3="66,121,109,23,51,62,129,69,113,76,63,17,125"/><V26/><F89/><N who="0" m="33802" /><D34/><U29/><E3/><V19/><F38/><W106/><G121/><T107/><D40/><U5/><E120/><V49/><F49/><W71/><G109/><T35/><D2/><U54/><E127/><V95/><F95/><W131/><G125/><T102/><D0/><U30/><E32/><V77/><F77/><W70/><G113/><T61/><D35/><U21/><E21/><V123/><F123/><W108/><G108/><T100/><D61/><U122/><E122/><V84/><F84/><W114/><G114/><T11/><D11/><U65/><E65/><V39/><F39/><W97/><G76/><N who="0" m="46535" /><D112/><U81/><E58/><V85/><F85/><W116/><G116/><T128/><D128/><N who="3" m="49225" /><G51/><T56/><D56/><U45/><E45/><V18/><REACH who="2" step="1"/><F33/><REACH who="2" ten="416,389,136,39" step="2"/><W48/><G48/><T24/><D73/><U25/><E119/><V86/><F86/><W42/><G42/><T12/><D105/><U10/><E41/><V130/><F130/><W103/><G66/><T74/><D74/><U135/><E118/><V126/><F126/><W110/><G110/><T37/><D107/><U75/><E75/><V44/><F44/><W53/><G53/><T59/><D37/><U134/><E54/><V88/><F88/><W52/><G52/><T111/><D111/><U98/><E79/><V20/><F20/><W27/><AGARI ba="2,2" hai="17,23,27,62,63,69,70,71,97,103,106" m="49225" machi="27" ten="40,1500,0" yaku="19,1" doraHai="36" who="3" fromWho="3" sc="416,-6,389,-6,136,-9,39,41" /><INIT seed="7,0,0,4,0,85" ten="410,383,127,80" oya="3" hai0="42,35,84,6,7,67,80,60,9,119,106,58,132" hai1="131,56,23,57,3,65,38,125,78,5,19,76,17" hai2="114,118,113,112,36,29,105,75,124,44,24,127,43" hai3="20,135,52,90,101,70,28,12,74,59,48,123,25"/><W99/><G123/><T93/><D132/><U37/><E131/><V41/><F118/><W126/><G74/><T110/><D119/><U2/><E125/><N who="2" m="48203" /><F43/><W62/><G126/><T30/><D110/><U115/><E115/><V107/><F75/><W117/><G117/><T32/><D106/><U63/><E63/><V87/><F87/><W26/><G135/><T122/><D122/><U121/><E121/><V27/><F27/><N who="3" m="16487" /><G70/><T14/><D42/><U73/><E73/><V81/><F81/><W11/><G101/><T15/><D93/><U104/><E104/><V8/><F8/><W61/><G90/><T120/><D30/><U96/><E23/><AGARI ba="0,0" hai="23,24,29,36,41,44,105,107,112,113,114" m="48203" machi="23" ten="40,2600,0" yaku="15,1,18,1" doraHai="85" who="2" fromWho="1" sc="410,0,383,-26,127,26,80,0" owari="410,51.0,357,16.0,153,-25.0,80,-42.0" /></mjloggm>