<mjloggm ver="2.3"><GO type="169" lobby="0"/><UN n0="%52%6F%62%69%4E" n1="%E3%83%96%E3%83%AB%E3%83%96%E3%83%AB%E3%83%8F%E3%83%BC%E3%83%84" n2="%E6%B8%8B%E8%B0%B7%E3%81%AE%64%6F%76%65" n3="%E5%B0%B1%E6%B4%BB%E7%94%9F%40%E5%B7%9D%E6%9D%91%E8%BB%8D%E5%9B%A3" dan="17,18,16,16" rate="2119.34,2245.40,2122.69,2117.74" sx="M,M,M,M"/><TAIKYOKU oya="0"/><INIT seed="0,0,0,2,3,19" ten="250,250,250,250" oya="0" hai0="133,100,10,14,36,84,132,39,114,18,101,128,110" hai1="28,66,71,87,2,108,52,70,83,34,15,21,134" hai2="74,89,51,81,109,4,45,47,7,67,22,57,37" hai3="33,62,13,135,131,58,129,102,75,68,122,115,119"/><T41/><D114/><U1/><E34/><V73/><F37/><W46/><G33/><T124/><D128/><U29/><E108/><V60/><F109/><W31/><G31/><T54/><D110/><U42/><E42/><V8/><F4/><W32/><G32/><T30/><D30/><U43/><E43/><V92/><F81/><W93/><G75/><T0/><D124/><U59/><E134/><N who="0" m="51817" /><D0/><U127/><E127/><V105/><F105/><W95/><G135/><T77/><D54/><U96/><E28/><V104/><F104/><W55/><G115/><T5/><D5/><U79/><E66/><V38/><F38/><N who="0" m="14378" /><D41/><U25/><E1/><V120/><F74/><W24/><G55/><T23/><D10/><U98/><E2/><V94/><F73/><W91/><G46/><T56/><D56/><U117/><E70/><V78/><F47/><W3/><G58/><T125/><D125/><U86/><E71/><V103/><F8/><W12/><G3/><T123/><D123/><U113/><E113/><V107/><F7/><W20/><G122/><T17/><D17/><U106/><E52/><V9/><F9/><W82/><G68/><T49/><D49/><U111/><E59/><V35/><F120/><W50/><G50/><T6/><D6/><U80/><E29/><V61/><F51/><W27/><G62/><T65/><D65/><U69/><E69/><V97/><F60/><W16/><G129/><T90/><D77/><U48/><E48/><V40/><F40/><W99/><G131/><T116/><D116/><U76/><E117/><V53/><F67/><RYUUKYOKU ba="0,0" sc="250,30,250,-10,250,-10,250,-10" hai0="14,18,23,84,90,100,101" /><INIT seed="0,1,0,0,3,128" ten="280,240,240,240" oya="0" hai0="17,80,79,86,40,95,67,131,104,81,8,121,101" hai1="47,77,32,133,24,22,48,90,123,125,3,102,66" hai2="111,124,94,113,33,117,126,83,93,9,14,110,62" hai3="96,72,76,132,38,84,35,70,119,107,36,78,34"/><T87/><D121/><U53/><E32/><N who="3" m="12330" /><G84/><T99/><D67/><U85/><E3/><V26/><F113/><W74/><G119/><T116/><D40/><U28/><E123/><V56/><F83/><W46/><G46/><T120/><D116/><U75/><E125/><N who="2" m="48235" /><F117/><W60/><G78/><T39/><D39/><U44/><E102/><V20/><F33/><W64/><G76/><N who="0" m="46343" /><D8/><U4/><E4/><N who="2" m="3367" /><F20/><W61/><G61/><T59/><D17/><U6/><E6/><V51/><F51/><W71/><G71/><T69/><D69/><U135/><E77/><V97/><F26/><W103/><G132/><N who="1" m="50762" /><E75/><AGARI ba="1,0" hai="36,38,60,64,70,72,74,75,96,103,107" m="12330" machi="75" ten="30,2000,0" yaku="33,2" doraHai="128" who="3" fromWho="1" sc="280,0,240,-23,240,0,240,23" /><INIT seed="1,0,0,2,2,68" ten="280,217,240,263" oya="1" hai0="93,126,124,5,31,41,73,72,117,86,131,19,123" hai1="12,119,111,104,34,134,75,69,87,40,108,56,121" hai2="2,13,64,116,99,92,88,26,4,57,44,133,10" hai3="59,48,60,82,127,0,46,6,83,9,85,102,98"/><U91/><E69/><V21/><F116/><W110/><G127/><T101/><D117/><U77/><E119/><V51/><F133/><W23/><G110/><N who="1" m="42026" /><E121/><V125/><F125/><W89/><G23/><T81/><D123/><U25/><E134/><V65/><F2/><W67/><G83/><T90/><D126/><U29/><E104/><V47/><F57/><W54/><G102/><T114/><D114/><U55/><E40/><V27/><F27/><W66/><G98/><T53/><D41/><AGARI ba="0,0" hai="0,6,9,41,46,48,54,59,60,66,67,82,85,89" machi="41" ten="30,1000,0" yaku="7,1" doraHai="68" who="3" fromWho="0" sc="280,-10,217,0,240,0,263,10" /><INIT seed="2,0,0,1,3,11" ten="270,217,240,273" oya="2" hai0="111,123,135,102,21,100,15,126,24,83,54,28,87" hai1="27,103,18,50,38,131,73,105,89,0,116,59,130" hai2="9,17,121,108,14,65,37,127,48,98,92,67,20" hai3="6,62,46,70,79,124,119,77,93,85,53,74,69"/><V49/><F37/><W43/><G74/><T51/><D123/><U110/><E38/><V55/><F121/><W52/><G119/><T122/><D122/><U90/><E0/><V80/><F127/><W25/><G124/><T66/><D126/><U101/><E73/><V12/><F108/><W1/><G79/><T71/><D111/><U72/><E72/><V7/><F80/><W88/><G77/><T19/><D71/><U41/><E110/><V76/><F76/><W35/><G35/><T97/><D66/><U33/><E116/><V16/><F7/><W31/><G1/><T132/><D83/><U3/><E3/><V107/><F107/><W104/><G104/><T128/><D87/><U95/><E89/><N who="2" m="55567" /><F49/><W114/><G6/><T47/><D128/><U63/><E105/><V133/><F133/><N who="0" m="51274" /><D97/><U94/><E94/><V13/><F13/><W4/><G4/><T82/><D82/><U84/><E131/><V40/><F40/><W86/><G114/><T60/><D60/><U23/><E33/><AGARI ba="0,0" hai="15,19,21,24,28,33,47,51,54,100,102" m="51274" machi="33" ten="30,2000,0" yaku="20,1,52,1" doraHai="11" who="0" fromWho="1" sc="270,20,217,-20,240,0,273,0" /><INIT seed="3,0,0,4,2,125" ten="290,197,240,273" oya="3" hai0="133,62,118,134,74,44,10,49,73,34,36,81,78" hai1="95,83,92,4,119,5,9,66,71,0,32,122,29" hai2="89,16,80,98,69,24,84,85,124,58,91,120,61" hai3="31,26,18,28,8,19,15,109,93,11,21,56,52"/><W96/><G109/><T115/><D118/><U51/><E122/><V50/><F120/><W128/><G11/><T23/><D34/><U25/><E119/><V70/><F124/><W94/><G128/><T82/><D115/><U45/><E4/><V2/><F2/><W131/><G131/><T87/><D10/><U20/><E66/><V6/><F6/><W27/><G27/><T116/><D36/><U35/><E71/><V102/><F50/><W86/><G86/><T54/><D116/><U106/><E106/><V67/><F102/><W13/><G13/><T88/><D74/><U111/><E111/><V7/><F7/><W132/><G132/><T14/><D62/><U123/><E123/><V99/><F70/><W117/><G117/><T46/><D46/><U65/><E65/><V135/><F69/><W129/><G129/><T55/><D54/><U68/><E68/><V112/><F112/><W76/><G76/><T63/><D63/><U1/><E1/><V126/><F135/><N who="0" m="51722" /><D23/><U48/><E48/><V22/><REACH who="2" step="1"/><F126/><REACH who="2" ten="290,197,230,273" step="2"/><W39/><G39/><T104/><D104/><U110/><E110/><V103/><F103/><N who="3" m="60815" /><G94/><AGARI ba="0,1" hai="16,22,24,58,61,67,80,84,85,89,91,94,98,99" machi="94" ten="30,7700,0" yaku="1,1,7,1,8,1,54,1,53,0" doraHai="125" doraHaiUra="130" who="2" fromWho="3" sc="290,0,197,0,230,87,273,-77" /><INIT seed="4,0,0,5,4,26" ten="290,197,317,196" oya="0" hai0="10,112,92,107,89,73,33,18,25,13,83,114,58" hai1="21,17,104,60,66,109,74,70,91,77,122,59,133" hai2="63,11,87,131,62,81,75,116,24,23,134,54,14" hai3="72,6,111,45,43,8,78,51,128,41,34,71,4"/><T90/><D107/><U132/><E109/><V38/><F75/><W9/><G111/><T3/><D3/><U12/><E122/><V108/><F38/><W80/><G128/><T125/><D125/><U0/><E0/><V113/><F108/><W36/><G34/><T32/><D58/><U16/><E104/><V39/><F39/><W46/><G71/><T2/><D2/><U27/><E70/><V98/><F113/><N who="0" m="43626" /><D32/><U124/><E124/><V121/><F121/><W61/><G61/><T123/><D123/><U35/><E91/><N who="2" m="51695" /><F131/><W30/><G30/><N who="0" m="19663" /><D92/><U99/><E35/><V28/><F134/><W106/><G106/><T117/><D117/><U101/><E132/><V135/><F135/><W105/><G105/><T42/><D42/><U93/><E133/><V120/><F120/><W100/><G43/><T47/><D47/><U119/><E119/><V79/><F116/><W129/><G46/><T95/><D95/><U40/><E40/><V7/><F79/><AGARI ba="0,0" hai="10,13,18,73,79,83,89,90" m="19663,43626" machi="79" ten="30,2900,0" yaku="15,1,52,1" doraHai="26" who="0" fromWho="2" sc="290,29,197,0,317,-29,196,0" /><INIT seed="4,1,0,1,5,35" ten="319,197,288,196" oya="0" hai0="64,26,108,77,133,94,56,131,10,68,113,11,48" hai1="24,102,57,66,96,106,114,93,103,130,14,109,62" hai2="61,83,33,70,13,91,7,20,25,101,17,22,129" hai3="15,65,44,120,21,116,135,18,69,59,87,1,72"/><T105/><D105/><U53/><E109/><V54/><F129/><W115/><G72/><T41/><D131/><U36/><E130/><V4/><F33/><W122/><G116/><T88/><D68/><U110/><E36/><V3/><F3/><W81/><G69/><T112/><D133/><U30/><E110/><V9/><F22/><W82/><G135/><T128/><D77/><U74/><E74/><V92/><F70/><W118/><G118/><T67/><D128/><U79/><E79/><V42/><F42/><W117/><G117/><T37/><D37/><U85/><E114/><N who="0" m="44137" /><D26/><U23/><E103/><V95/><F101/><W126/><G44/><N who="0" m="25615" /><D108/><U32/><E106/><V132/><F132/><W16/><G115/><T76/><D76/><U63/><E32/><V119/><F4/><W45/><G45/><T49/><D49/><U60/><E53/><V75/><F75/><W51/><G51/><T27/><D27/><U125/><E125/><V78/><F78/><W8/><G126/><T107/><D107/><U39/><E39/><V46/><F119/><W12/><G59/><T28/><D28/><U99/><E62/><V80/><F46/><W31/><G65/><N who="0" m="25163" /><D56/><U121/><E60/><V47/><F47/><W43/><G31/><T127/><D127/><U134/><E134/><V40/><F40/><W52/><G43/><T38/><D38/><U86/><E121/><V19/><F61/><W5/><G52/><T97/><AGARI ba="1,0" hai="10,11,88,94,97" m="25163,25615,44137" machi="97" ten="30,3000,0" yaku="15,1,54,1" doraHai="35" who="0" fromWho="0" sc="319,33,197,-11,288,-11,196,-11" /><INIT seed="4,2,0,0,5,44" ten="352,186,277,185" oya="0" hai0="31,88,83,56,128,25,72,131,109,100,14,23,112" hai1="86,106,134,126,69,116,4,115,114,118,78,117,1" hai2="54,58,130,10,29,53,96,121,13,42,103,77,64" hai3="97,107,85,48,120,28,57,24,66,41,132,46,92"/><T62/><D112/><N who="1" m="43051" /><E69/><V22/><F121/><W75/><G75/><T45/><D109/><U52/><E106/><V63/><F130/><W37/><G120/><T26/><D100/><U34/><E34/><V102/><F77/><W30/><G132/><T104/><D104/><U50/><E134/><V51/><F42/><W60/><G107/><T124/><D72/><U73/><E73/><V108/><F108/><W47/><G85/><N who="0" m="50239" /><D124/><U2/><E4/><N who="2" m="3271" /><F96/><W74/><G74/><T122/><D122/><U80/><E126/><V98/><F98/><W71/><G24/><T0/><D0/><U11/><E11/><V59/><F64/><W95/><G95/><T20/><D128/><U12/><E12/><V55/><F55/><W35/><G35/><T113/><D131/><U27/><E27/><AGARI ba="2,0" hai="22,27,29,51,53,54,58,59,63,102,103" m="3271" machi="27" ten="30,2000,0" yaku="8,1,52,1" doraHai="44" who="2" fromWho="1" sc="352,0,186,-26,277,26,185,0" /><INIT seed="5,0,0,5,2,89" ten="352,160,303,185" oya="1" hai0="68,4,90,2,14,126,32,67,57,36,66,64,31" hai1="11,27,58,70,22,29,97,46,129,120,109,43,28" hai2="45,30,91,81,110,107,71,83,24,128,102,121,47" hai3="53,13,59,62,6,49,9,99,10,60,25,78,50"/><U39/><E120/><V35/><F121/><W94/><G78/><T77/><D36/><U117/><E70/><V104/><F110/><W23/><G10/><T79/><D68/><U16/><E117/><V114/><F104/><W105/><G105/><T44/><D2/><U111/><E129/><V42/><F128/><W133/><G62/><T101/><D101/><U56/><E97/><V26/><F114/><W54/><G54/><T116/><D57/><N who="1" m="22123" /><E11/><V37/><F24/><W95/><G133/><T1/><D32/><U5/><E5/><V8/><F8/><W0/><G0/><T51/><D4/><U100/><E100/><V82/><F45/><W21/><G21/><T127/><D1/><U34/><E34/><V88/><REACH who="2" step="1"/><F71/><REACH who="2" ten="352,160,293,185" step="2"/><W123/><G123/><T7/><D116/><U33/><E33/><V85/><F85/><W20/><G20/><T17/><D64/><U118/><E118/><V130/><F130/><W122/><G122/><T48/><D67/><U61/><E61/><V112/><F112/><W131/><G131/><T18/><D66/><U63/><E63/><V86/><F86/><W40/><G23/><T125/><D125/><U119/><E119/><V87/><F87/><W38/><G9/><T69/><D126/><U103/><E28/><V92/><F92/><W98/><G94/><T52/><D31/><U132/><E132/><V113/><F113/><W115/><G115/><T80/><D127/><U3/><E29/><V93/><F93/><W72/><G95/><T124/><D124/><U74/><E103/><V19/><F19/><W134/><G134/><RYUUKYOKU ba="0,1" sc="352,-10,160,-10,293,30,185,-10" hai2="26,30,35,37,42,47,81,82,83,88,91,102,107" /><INIT seed="6,1,1,2,3,126" ten="342,150,323,175" oya="2" hai0="134,128,62,6,96,83,24,117,97,90,7,101,70" hai1="48,13,108,125,59,25,84,9,44,15,81,129,74" hai2="60,4,98,51,80,39,86,46,121,34,49,113,65" hai3="123,111,102,85,53,41,43,22,87,104,73,89,16"/><V93/><F121/><W18/><G111/><T2/><D134/><U78/><E108/><V58/><F34/><W82/><G123/><T45/><D2/><U106/><E125/><V131/><F131/><W8/><G73/><T77/><D128/><U67/><E129/><V115/><F4/><W35/><G35/><T120/><D90/><U50/><E106/><V66/><F66/><W29/><G104/><T40/><D97/><U69/><E69/><V127/><F127/><W3/><G102/><T75/><D70/><U23/><E74/><V114/><F39/><W68/><G68/><T99/><D99/><U52/><E9/><V10/><F10/><W103/><G103/><T5/><D62/><N who="1" m="38367" /><E48/><V79/><REACH who="2" step="1"/><F46/><REACH who="2" ten="342,150,313,175" step="2"/><W63/><G8/><T0/><D120/><U61/><E61/><V27/><F27/><N who="3" m="16631" /><G3/><T124/><D0/><U37/><E37/><V133/><F133/><W130/><G130/><T26/><D124/><U55/><E55/><V76/><F76/><N who="3" m="46279" /><G63/><T33/><D33/><U12/><E25/><V100/><AGARI ba="1,2" hai="49,51,58,60,65,79,80,86,93,98,100,113,114,115" machi="100" ten="30,6000,0" yaku="1,1,0,1,15,1,53,0" doraHai="126" doraHaiUra="30" who="2" fromWho="2" sc="342,-21,150,-21,313,83,175,-21" /><INIT seed="6,2,0,3,0,12" ten="321,129,396,154" oya="2" hai0="9,35,50,93,66,135,121,78,27,5,124,99,117" hai1="125,72,39,100,126,36,81,51,84,102,37,101,59" hai2="52,67,77,57,43,23,97,30,19,92,10,133,21" hai3="24,46,68,116,64,61,33,82,129,13,56,131,29"/><V104/><F104/><W119/><G56/><T75/><D121/><U89/><E72/><V91/><F133/><W65/><G64/><T112/><D112/><U14/><E51/><N who="2" m="30879" /><F67/><W60/><G60/><T79/><D135/><U1/><E1/><V94/><F43/><W69/><G69/><T53/><D66/><U42/><E59/><V80/><F30/><W90/><G46/><T113/><D113/><U110/><E110/><V98/><F80/><W103/><G103/><T127/><D75/><U74/><E74/><V85/><F77/><W3/><G3/><T122/><D122/><U20/><E42/><V108/><F108/><W87/><REACH who="3" step="1"/><G13/><REACH who="3" ten="321,129,396,144" step="2"/><N who="0" m="5295" /><D124/><U38/><N who="1" m="9216" /><DORA hai="63" /><U111/><E111/><V62/><F62/><W70/><G70/><T95/><D127/><U0/><REACH who="1" step="1"/><E0/><REACH who="1" ten="321,119,396,144" step="2"/><V31/><F31/><W115/><G115/><T11/><D117/><AGARI ba="2,2" hai="24,29,33,61,65,68,82,87,90,116,117,119,129,131" machi="117" ten="40,2600,0" yaku="1,1,52,1,53,0" doraHai="12,63" doraHaiUra="16,120" who="3" fromWho="0" sc="321,-32,119,0,396,0,144,52" /><INIT seed="7,0,0,1,3,67" ten="289,119,396,196" oya="3" hai0="60,11,20,26,93,135,89,59,24,53,65,50,87" hai1="25,126,82,75,68,39,134,33,101,17,115,41,105" hai2="104,34,92,77,108,62,15,71,52,10,23,83,111" hai3="36,96,80,113,56,122,7,37,114,29,133,27,66"/><W116/><G116/><T44/><D135/><U119/><RYUUKYOKU type="yao9" ba="0,0" sc="289,0,119,0,396,0,196,0" hai1="17,25,33,39,41,68,75,82,101,105,115,119,126,134" /><INIT seed="7,1,0,0,1,124" ten="289,119,396,196" oya="3" hai0="99,113,89,127,109,17,77,44,123,9,67,5,110" hai1="125,95,70,69,106,63,22,55,102,82,19,87,8" hai2="43,108,101,81,132,94,72,83,20,16,52,88,74" hai3="30,59,117,48,31,47,1,32,13,28,93,120,4"/><W3/><G59/><T135/><D123/><U105/><E125/><V78/><F108/><W115/><G120/><T60/><D77/><U96/><E106/><V97/><F43/><W23/><G93/><T35/><D35/><U68/><E105/><V54/><F132/><W134/><G48/><T61/><D44/><U25/><E68/><V14/><F101/><W39/><G39/><T126/><D17/><U114/><E114/><V90/><F90/><W73/><G73/><T26/><D26/><U76/><E69/><V38/><F38/><W91/><G91/><T84/><D99/><U116/><E116/><V129/><F129/><W64/><G64/><T24/><D24/><U29/><E70/><V46/><F46/><W36/><G36/><T75/><D75/><U6/><E29/><V51/><F51/><W10/><G47/><T65/><D113/><U62/><REACH who="1" step="1"/><E55/><REACH who="1" ten="289,109,396,196" step="2"/><V100/><F100/><W50/><G115/><T41/><D127/><U49/><E49/><V45/><F45/><W7/><G50/><T121/><D126/><U11/><E11/><V92/><F92/><W80/><G31/><T131/><D121/><U85/><E85/><V104/><F104/><W0/><G30/><T86/><D86/><U57/><E57/><V15/><F15/><AGARI ba="1,1" hai="6,8,15,19,22,25,62,63,76,82,87,95,96,102" machi="15" ten="30,3900,0" yaku="1,1,7,1,8,1,53,0" doraHai="124" doraHaiUra="66" who="1" fromWho="2" sc="289,0,109,52,396,-42,196,0" owari="289,9.0,161,-34.0,354,45.0,196,-20.0" /></mjloggm>