<mjloggm ver="2.3"><GO type="41" lobby="0"/><UN n0="%E3%83%9F%E3%83%89%E3%83%AA%E3%82%B4%E3%82%B1" n1="%E5%B0%B1%E6%B4%BB%E7%94%9F%40%E5%B7%9D%E6%9D%91%E8%BB%8D%E5%9B%A3" n2="%73%65%38%76%65%6E" n3="%E3%83%81%E3%83%83%E3%83%81%E3%81%A7%E3%83%88%E3%83%96" dan="15,15,13,13" rate="1944.92,2004.83,1845.32,1882.12" sx="M,M,F,M"/><TAIKYOKU oya="0"/><INIT seed="0,0,0,3,0,71" ten="250,250,250,250" oya="0" hai0="84,111,46,62,109,38,45,1,57,58,85,135,50" hai1="124,67,37,10,108,7,2,113,36,21,66,51,122" hai2="26,73,82,123,86,74,90,131,83,133,98,30,33" hai3="34,5,47,130,134,95,75,13,48,129,59,125,20"/><T52/><D1/><U121/><E113/><V89/><F123/><W29/><G75/><T114/><D114/><U119/><E119/><V4/><F133/><W22/><G125/><T76/><D135/><U103/><E124/><V79/><F131/><W32/><G59/><T64/><D76/><U3/><E103/><V53/><F90/><W127/><G127/><T87/><D38/><U60/><E108/><AGARI ba="0,0" hai="45,46,50,52,57,58,62,64,84,85,87,108,109,111" machi="108" ten="40,7700,0" yaku="14,1,10,1,54,1" doraHai="71" who="0" fromWho="1" sc="250,77,250,-77,250,0,250,0" /><INIT seed="0,1,0,1,5,109" ten="327,173,250,250" oya="0" hai0="22,102,62,56,64,103,85,10,26,48,134,87,96" hai1="99,117,128,71,17,32,82,67,135,65,114,73,59" hai2="42,79,19,43,88,78,131,61,115,98,74,30,84" hai3="127,126,34,113,27,6,81,18,76,13,75,23,63"/><T2/><D134/><U116/><E71/><V57/><F131/><W66/><G34/><T106/><D102/><U20/><E32/><V52/><F115/><W53/><G53/><T16/><D48/><U110/><E128/><V95/><F30/><W40/><G40/><N who="2" m="15401" /><F74/><W120/><G120/><T119/><REACH who="0" step="1"/><D119/><REACH who="0" ten="317,173,250,250" step="2"/><U21/><E117/><V58/><F98/><W1/><G126/><T77/><D77/><U130/><E116/><V107/><F107/><W14/><G76/><T54/><D54/><U83/><E135/><V68/><F68/><W133/><G127/><T5/><AGARI ba="1,1" hai="2,5,10,16,22,26,56,62,64,85,87,96,103,106" machi="5" ten="30,6000,0" yaku="1,1,0,1,54,1,53,0" doraHai="109" doraHaiUra="90" who="0" fromWho="0" sc="317,73,173,-21,250,-21,250,-21" /><INIT seed="0,2,0,1,3,109" ten="390,152,229,229" oya="0" hai0="101,113,31,125,85,60,75,45,2,71,108,13,89" hai1="72,128,115,69,107,126,21,39,26,5,18,8,55" hai2="135,11,106,92,97,123,30,95,83,131,53,47,32" hai3="132,120,56,110,34,104,80,82,49,61,88,70,4"/><T134/><D2/><U103/><E72/><V102/><F123/><W118/><G118/><T58/><D75/><U7/><E69/><V121/><F121/><W15/><G120/><T59/><D134/><U24/><E39/><V116/><F116/><W68/><G104/><T74/><D74/><U40/><E40/><V77/><F131/><W62/><G34/><T3/><D3/><U96/><E128/><V127/><F127/><W54/><G132/><T65/><D125/><U44/><E126/><V43/><F53/><W73/><G110/><T105/><D31/><U25/><E115/><V19/><F135/><W35/><G35/><T91/><D91/><U99/><E99/><V111/><F111/><W57/><G70/><T33/><D113/><U6/><E8/><V50/><F30/><W76/><G68/><T78/><D78/><U29/><E29/><V28/><F28/><W1/><G1/><T93/><D33/><U27/><E44/><V100/><F32/><W48/><G15/><T17/><D45/><U23/><E55/><V9/><F19/><W87/><REACH who="3" step="1"/><G4/><REACH who="3" ten="390,152,229,219" step="2"/><T63/><D108/><U98/><E23/><V14/><F14/><W37/><G37/><T46/><D105/><U0/><E0/><V42/><F106/><W84/><G84/><T36/><D71/><U12/><E96/><N who="2" m="59399" /><F43/><W51/><G51/><T22/><D36/><U41/><N who="1" m="6656" /><DORA hai="124" /><U117/><E117/><V129/><F129/><W67/><AGARI ba="2,1" hai="48,49,54,56,57,61,62,67,73,76,80,82,87,88" machi="67" ten="20,8000,1" yaku="1,1,0,1,7,1,54,1,53,1" doraHai="109,124" doraHaiUra="81,66" who="3" fromWho="3" sc="390,-42,152,-22,229,-22,219,96" /><INIT seed="1,0,0,2,5,82" ten="348,130,207,315" oya="1" hai0="25,53,10,103,69,79,111,126,107,101,85,70,91" hai1="77,74,50,99,21,18,65,22,109,106,31,56,28" hai2="4,8,32,105,90,6,67,3,102,80,98,128,7" hai3="86,20,121,54,71,119,84,57,52,47,15,93,13"/><U123/><E123/><V41/><F32/><W108/><G71/><T64/><D111/><U33/><E33/><V2/><F128/><W72/><G72/><T124/><D79/><U81/><E109/><V51/><F3/><W63/><G121/><T118/><D118/><U110/><E110/><V78/><F90/><W19/><G108/><T134/><D134/><U96/><E22/><V125/><F125/><N who="0" m="48234" /><D64/><U5/><E5/><V73/><F67/><W48/><G119/><T62/><D10/><U0/><E0/><V36/><F51/><W26/><G93/><T17/><D107/><U88/><E99/><V120/><REACH who="2" step="1"/><F120/><REACH who="2" ten="348,130,197,315" step="2"/><W100/><G100/><T66/><D66/><U75/><E65/><V131/><F131/><W132/><G132/><T30/><D91/><U45/><E56/><V46/><AGARI ba="0,1" hai="2,4,6,7,8,36,41,46,73,78,80,98,102,105" machi="46" ten="30,7900,0" yaku="1,1,0,1,25,2,53,0" doraHai="82" doraHaiUra="12" who="2" fromWho="2" sc="348,-20,130,-39,197,89,315,-20" /><INIT seed="2,0,0,5,2,55" ten="328,91,286,295" oya="2" hai0="79,13,98,104,101,58,127,28,114,14,35,49,71" hai1="121,116,76,90,15,40,97,50,78,117,73,6,46" hai2="67,4,135,56,38,100,17,64,82,63,0,111,81" hai3="125,1,108,26,112,30,66,22,29,12,2,27,109"/><V128/><F38/><W130/><G66/><T113/><D71/><U120/><E6/><V37/><F37/><W89/><G89/><T107/><D107/><U83/><E15/><V20/><F135/><W60/><G60/><T75/><D127/><U34/><E34/><V57/><F128/><W31/><G130/><T47/><D79/><U80/><E97/><V62/><F111/><N who="3" m="42571" /><G125/><T39/><D75/><U103/><E103/><V24/><F100/><W115/><G12/><T74/><D74/><U42/><E90/><V52/><REACH who="2" step="1"/><F67/><REACH who="2" ten="328,91,276,295" step="2"/><W9/><G112/><T68/><D39/><U84/><REACH who="1" step="1"/><E40/><REACH who="1" ten="328,81,276,295" step="2"/><V93/><F93/><W69/><G115/><T99/><D113/><U118/><AGARI ba="0,2" hai="42,46,50,73,76,78,80,83,84,116,117,118,120,121" machi="118" ten="40,5200,0" yaku="1,1,2,1,0,1,53,0" doraHai="55" doraHaiUra="102" who="1" fromWho="1" sc="328,-13,81,72,276,-26,295,-13" /><INIT seed="3,0,0,3,2,68" ten="315,153,250,282" oya="3" hai0="28,63,109,49,0,93,78,124,77,75,83,94,97" hai1="45,48,116,35,14,36,114,121,76,131,57,115,3" hai2="17,133,20,120,32,16,42,85,99,62,38,91,66" hai3="22,2,103,31,47,126,135,69,100,87,4,104,39"/><W107/><G69/><T122/><D122/><U132/><E3/><V127/><F32/><W21/><G31/><T106/><D0/><U27/><E121/><V7/><F120/><W123/><G123/><T82/><D28/><U72/><E131/><V125/><F99/><W33/><G33/><T89/><D49/><U5/><E116/><V10/><F20/><W52/><G135/><T50/><D50/><U13/><E132/><V84/><F84/><W81/><G126/><N who="2" m="48137" /><F42/><W117/><G117/><T67/><D124/><U9/><E14/><N who="2" m="5471" /><F38/><W134/><G134/><T11/><D11/><U112/><E57/><N who="2" m="37199" /><F133/><W101/><G2/><T119/><D119/><U71/><E71/><V92/><AGARI ba="0,0" hai="16,17,85,91,92" m="37199,5471,48137" machi="92" ten="30,2000,0" yaku="18,1,54,1" doraHai="68" who="2" fromWho="2" sc="315,-5,153,-5,250,20,282,-10" /><INIT seed="4,0,0,0,5,65" ten="310,148,270,272" oya="0" hai0="4,24,87,109,32,28,70,59,54,135,60,107,11" hai1="17,85,93,30,78,38,97,113,50,99,67,101,39" hai2="7,1,19,73,68,12,10,71,41,0,18,77,31" hai3="5,63,117,90,34,111,129,53,55,35,100,27,82"/><T80/><D135/><U130/><E130/><V114/><F31/><W25/><G117/><T124/><D124/><U3/><E3/><V84/><F114/><W66/><G100/><T98/><D109/><U83/><E113/><V115/><F115/><W29/><G111/><T42/><D42/><U123/><E123/><V64/><F64/><W58/><G5/><T36/><D36/><U22/><E30/><V103/><F73/><W128/><G34/><T88/><D70/><U14/><E67/><V61/><F61/><W9/><G9/><T48/><D107/><U119/><E119/><V6/><F19/><W13/><G13/><T110/><D98/><U51/><E38/><V108/><F108/><W89/><G27/><T132/><D132/><U57/><E39/><V62/><F62/><W47/><G47/><T96/><D96/><U52/><REACH who="1" step="1"/><E99/><REACH who="1" ten="310,138,270,272" step="2"/><V8/><F1/><W86/><G128/><T116/><D116/><U56/><E56/><V45/><F18/><W74/><G129/><T76/><D110/><U122/><E122/><V49/><F103/><W121/><G121/><T105/><D105/><U92/><E92/><V106/><F106/><W118/><G118/><T126/><D126/><U23/><E23/><V125/><F125/><W15/><G58/><T95/><D95/><U43/><E43/><V75/><F75/><W72/><G66/><T134/><D134/><U44/><E44/><V127/><F127/><W69/><G29/><T102/><D59/><U33/><E33/><V16/><F16/><W81/><G35/><T2/><D32/><U120/><E120/><RYUUKYOKU ba="0,1" sc="310,-15,138,15,270,15,272,-15" hai1="14,17,22,50,51,52,57,78,83,85,93,97,101" hai2="0,6,7,8,10,12,41,45,49,68,71,77,84" /><INIT seed="5,1,1,2,0,29" ten="295,153,285,257" oya="1" hai0="50,103,15,125,87,16,57,31,12,41,65,100,40" hai1="92,113,130,128,19,98,48,122,13,84,0,9,4" hai2="67,78,134,52,28,17,124,32,25,26,73,18,22" hai3="93,83,106,49,95,119,86,91,55,77,53,118,76"/><U114/><E122/><V35/><F78/><N who="3" m="30315" /><G49/><T20/><D125/><U5/><E48/><V127/><F73/><W108/><G53/><N who="0" m="31927" /><D31/><U7/><E84/><V27/><F67/><W44/><G44/><T2/><D2/><U23/><E92/><N who="3" m="35402" /><G55/><T80/><D65/><U120/><E98/><V112/><F112/><N who="1" m="43113" /><E120/><V89/><F134/><W74/><G108/><T60/><D60/><U102/><E102/><N who="0" m="38953" /><D12/><N who="1" m="9703" /><E0/><V79/><F79/><AGARI ba="1,1" hai="15,16,20,40,41,79,80,87" m="38953,31927" machi="79" ten="30,2000,0" yaku="8,1,54,1" doraHai="29" who="0" fromWho="2" sc="295,33,153,0,285,-23,257,0" /><INIT seed="6,0,0,0,5,38" ten="328,153,262,257" oya="2" hai0="115,76,10,31,55,135,44,96,82,84,2,37,131" hai1="114,125,89,5,77,32,101,73,51,102,56,95,117" hai2="20,18,87,69,4,88,81,48,70,14,104,6,72" hai3="106,132,107,105,92,75,54,74,19,127,16,112,21"/><V62/><F104/><W126/><G112/><T63/><D115/><U122/><E114/><V34/><F34/><W90/><G54/><T36/><D135/><U110/><E110/><V113/><F113/><W39/><G39/><T103/><D131/><U43/><E122/><V109/><F109/><W85/><G132/><T29/><D37/><U100/><E117/><V133/><F133/><W50/><G50/><T30/><D63/><U129/><E125/><N who="3" m="47626" /><G21/><T78/><D2/><U22/><E129/><V124/><F124/><W64/><G64/><T45/><D10/><U60/><E32/><V59/><F48/><W66/><G66/><T118/><D118/><U42/><E73/><AGARI ba="0,0" hai="16,19,73,74,75,85,90,92,105,106,107" m="47626" machi="73" ten="40,2600,0" yaku="18,1,54,1" doraHai="38" who="3" fromWho="1" sc="328,0,153,-26,262,0,257,26" /><INIT seed="7,0,0,3,3,55" ten="328,127,262,283" oya="3" hai0="7,63,115,125,123,10,23,4,58,28,94,117,126" hai1="93,79,96,74,27,46,109,89,21,67,97,98,68" hai2="72,110,54,107,61,20,88,65,40,122,48,45,32" hai3="118,71,56,26,101,80,131,90,57,124,121,103,69"/><W53/><G121/><T77/><D123/><U47/><E109/><V78/><F110/><W87/><G118/><T102/><D117/><U92/><E68/><V41/><F107/><W130/><G124/><N who="0" m="47723" /><D115/><U0/><E0/><V83/><F32/><W62/><G26/><N who="0" m="16479" /><D77/><U104/><E104/><V52/><F122/><W17/><G17/><T99/><D10/><U59/><E74/><V91/><F20/><W50/><G71/><T6/><D6/><U14/><E79/><V39/><F41/><W127/><G69/><T35/><D35/><U85/><E14/><V106/><F106/><W66/><G127/><T51/><D51/><U12/><E12/><V19/><F19/><W38/><REACH who="3" step="1"/><G38/><REACH who="3" ten="328,127,262,273" step="2"/><T132/><D132/><U44/><E93/><V128/><F128/><AGARI ba="0,1" hai="50,53,56,57,62,66,80,87,90,101,103,128,130,131" machi="128" ten="40,12000,1" yaku="1,1,2,1,19,1,52,2,53,0" doraHai="55" doraHaiUra="105" who="3" fromWho="2" sc="328,0,127,0,262,-120,273,130" owari="328,13.0,127,-37.0,142,-26.0,403,50.0" /></mjloggm>