<mjloggm ver="2.3"><GO type="97" lobby="0"/><UN n0="%E5%B0%B1%E6%B4%BB%E7%94%9F%40%E5%B7%9D%E6%9D%91%E8%BB%8D%E5%9B%A3" n1="%E6%9F%8F%E6%9C%A8%E3%82%A7%E3%82%A7" n2="%53%69%6D%61%54%6F%6D%6F" n3="%E3%83%80%E3%83%B3%E3%83%86" dan="14,14,15,14" rate="1996.19,1956.50,2042.82,1970.77" sx="M,M,M,M"/><TAIKYOKU oya="0"/><INIT seed="0,0,0,5,1,58" ten="250,250,250,250" oya="0" hai0="85,2,5,135,132,64,72,96,30,15,134,127,60" hai1="111,21,47,67,31,104,116,17,102,130,34,54,93" hai2="105,20,0,108,46,38,65,56,22,112,39,133,8" hai3="118,82,91,106,87,71,114,89,119,62,28,94,99"/><T10/><D72/><U9/><E116/><V37/><F112/><W29/><G114/><T120/><D120/><U110/><E104/><V107/><F108/><W86/><G118/><T101/><D127/><U4/><E130/><V16/><F133/><W50/><G119/><T41/><D41/><U52/><E67/><V131/><F131/><W122/><G122/><T88/><D30/><U95/><E31/><V121/><F121/><W32/><G50/><T26/><D26/><N who="1" m="14639" /><E34/><V6/><F46/><W73/><G73/><T80/><D2/><U117/><E117/><V123/><F123/><W27/><G28/><T124/><D124/><U70/><E70/><V74/><F74/><W78/><G106/><T36/><D36/><U25/><E25/><V35/><F22/><W97/><REACH who="3" step="1"/><G91/><REACH who="3" ten="250,250,250,240" step="2"/><T79/><D79/><U51/><E110/><V44/><F107/><W75/><G75/><T43/><D43/><U66/><E111/><V23/><F105/><W49/><G49/><T42/><D42/><U19/><E51/><V103/><F39/><W61/><G61/><T81/><D101/><U33/><E102/><V113/><F103/><W83/><G83/><N who="0" m="49215" /><D96/><U48/><E48/><V11/><F113/><W126/><G126/><T14/><D81/><U3/><E47/><V12/><F38/><W90/><G90/><T57/><D80/><U69/><E93/><V63/><F37/><W7/><G7/><T128/><D128/><U53/><E95/><V68/><F44/><W125/><G125/><T76/><D76/><U59/><E4/><V92/><F6/><W1/><G1/><RYUUKYOKU ba="0,1" sc="250,15,250,-15,250,-15,240,15" hai0="5,10,14,15,57,60,64,132,134,135" hai3="27,29,32,62,71,78,82,86,87,89,94,97,99" /><INIT seed="0,1,1,3,4,118" ten="265,235,235,255" oya="0" hai0="47,16,48,73,105,23,21,76,61,14,17,125,124" hai1="127,54,95,69,31,30,110,26,70,119,77,44,112" hai2="72,96,86,27,92,107,111,55,28,10,102,68,131" hai3="49,41,134,34,35,83,22,108,130,40,20,38,13"/><T135/><D105/><U101/><E119/><V29/><F72/><W0/><G0/><T89/><D135/><U117/><E117/><V37/><F37/><W7/><G38/><T67/><D89/><U128/><E110/><V53/><F111/><W52/><G108/><T103/><D103/><U36/><E127/><N who="0" m="48713" /><D76/><U80/><E128/><V63/><F131/><W60/><G134/><T71/><D73/><U98/><E112/><V116/><F116/><W115/><G115/><T79/><D79/><U94/><E94/><V11/><F29/><W51/><G130/><T58/><D71/><U106/><E95/><V87/><F11/><N who="3" m="4351" /><G35/><T132/><D132/><U121/><E31/><V122/><F10/><W3/><G34/><T5/><D5/><U39/><E121/><V57/><F122/><W85/><G3/><T81/><D81/><U126/><E126/><V2/><F2/><W100/><G100/><T66/><D66/><U120/><E120/><V64/><F107/><W15/><G60/><T9/><D17/><U45/><E39/><V82/><F68/><W18/><G22/><T99/><D99/><U129/><E129/><V33/><REACH who="2" step="1"/><F87/><REACH who="2" ten="265,235,225,255" step="2"/><W62/><G85/><T91/><D9/><U114/><E114/><V88/><AGARI ba="1,2" hai="27,28,33,53,55,57,63,64,82,86,88,92,96,102" machi="88" ten="20,12000,2" yaku="1,1,2,1,0,1,7,1,54,1,53,1" doraHai="118" doraHaiUra="78" who="2" fromWho="2" sc="265,-61,235,-31,225,143,255,-31" /><INIT seed="1,0,0,3,3,47" ten="204,204,368,224" oya="1" hai0="21,77,124,54,122,97,108,53,132,41,65,32,50" hai1="52,90,27,67,83,129,98,5,101,76,35,106,1" hai2="107,55,36,46,115,102,81,109,111,24,59,70,51" hai3="100,105,15,30,63,125,66,93,56,12,23,126,14"/><U17/><E129/><V99/><F70/><W112/><G112/><T44/><D122/><U3/><E90/><V118/><F118/><W84/><G105/><T8/><D32/><U62/><E5/><V135/><F115/><W123/><G123/><T9/><D124/><U45/><E17/><V87/><F135/><W4/><G4/><T19/><D132/><U25/><E25/><V39/><F24/><N who="3" m="16671" /><G84/><T48/><D108/><N who="2" m="41546" /><F46/><W119/><G119/><T20/><D77/><AGARI ba="0,0" hai="36,39,51,55,59,77,81,87,99,102,107" m="41546" machi="77" ten="30,2000,0" yaku="14,1,52,1" doraHai="47" who="2" fromWho="0" sc="204,-20,204,0,368,20,224,0" /><INIT seed="2,0,0,1,5,91" ten="184,204,388,224" oya="2" hai0="30,132,93,63,102,39,45,111,36,14,55,5,127" hai1="50,12,29,28,67,106,23,47,37,7,97,32,1" hai2="80,53,42,69,35,40,27,94,135,82,6,66,21" hai3="17,51,116,0,74,13,81,103,16,46,77,75,31"/><V18/><F69/><W114/><G0/><T34/><D127/><U72/><E37/><V11/><F66/><W112/><G116/><T4/><D132/><U43/><E72/><V56/><F35/><W100/><G75/><T8/><D111/><U119/><E119/><V125/><F125/><W134/><G134/><T101/><D5/><U60/><E1/><V65/><F65/><W110/><G31/><T92/><D36/><U104/><E32/><V62/><F135/><W130/><G130/><T70/><D70/><U44/><E44/><V3/><F82/><W10/><G17/><T86/><D39/><U99/><E106/><V19/><F80/><W96/><G110/><T2/><D2/><U38/><E38/><V61/><F61/><W49/><G49/><N who="0" m="29103" /><D34/><U109/><E109/><V57/><F57/><W25/><G25/><T22/><D63/><U115/><E115/><N who="3" m="44074" /><G96/><N who="1" m="36938" /><E104/><V9/><F3/><W131/><G131/><T33/><D33/><U128/><E128/><V123/><F6/><W105/><G105/><T126/><D126/><U15/><E7/><V129/><F129/><W76/><G76/><T98/><D86/><U118/><E118/><V59/><F42/><AGARI ba="0,0" hai="10,13,16,42,46,51,74,77,81,100,103" m="44074" machi="42" ten="30,2000,0" yaku="11,1,54,1" doraHai="91" who="3" fromWho="2" sc="184,0,204,0,388,-20,224,20" /><INIT seed="3,0,0,2,3,71" ten="184,204,368,244" oya="3" hai0="108,72,18,13,4,19,113,33,105,88,79,45,31" hai1="30,66,85,97,91,76,126,37,84,60,29,67,114" hai2="89,46,24,25,50,9,62,93,43,63,124,86,23" hai3="104,1,3,116,34,123,117,27,10,20,133,131,6"/><W56/><G56/><T14/><D105/><U64/><E114/><V65/><F124/><W107/><G123/><T96/><D113/><U54/><E126/><V121/><F121/><W98/><G98/><T51/><D108/><U47/><E37/><V94/><F65/><W100/><G100/><T38/><D38/><U135/><E135/><V118/><F118/><W125/><G125/><T80/><D4/><U75/><E75/><V101/><F9/><W83/><G83/><T99/><D31/><N who="1" m="11787" /><E76/><V8/><F8/><W74/><G34/><T49/><D33/><U128/><E128/><V77/><F77/><W12/><G74/><T17/><D51/><N who="1" m="29055" /><E60/><N who="2" m="23083" /><F23/><W16/><G133/><T36/><D36/><U22/><E22/><V42/><F42/><W70/><G70/><T48/><D48/><U115/><E115/><V134/><F134/><W111/><G111/><T7/><D7/><U0/><E0/><V39/><F39/><W15/><G131/><T120/><D120/><U35/><E35/><V2/><F2/><N who="3" m="523" /><G104/><T41/><REACH who="0" step="1"/><D99/><AGARI ba="0,0" hai="24,25,43,46,50,86,89,93,94,99,101" m="23083" machi="99" ten="30,1000,0" yaku="8,1" doraHai="71" who="2" fromWho="0" sc="184,-10,204,0,368,10,244,0" owari="174,-33.0,204,-20.0,378,49.0,244,4.0" /></mjloggm>