<mjloggm ver="2.3"><GO type="41" lobby="0"/><UN n0="%E5%B0%B1%E6%B4%BB%E7%94%9F%40%E5%B7%9D%E6%9D%91%E8%BB%8D%E5%9B%A3" n1="%E5%A4%A9%E9%81%B8%E8%80%85" n2="%68%6F%73%69%67%61%6D%69" n3="%44%69%6E%67%6F" dan="16,13,16,14" rate="2079.33,1911.98,2079.29,1920.79" sx="M,F,M,M"/><TAIKYOKU oya="0"/><INIT seed="0,0,0,3,3,68" ten="250,250,250,250" oya="0" hai0="117,110,15,97,69,91,78,106,79,115,107,34,18" hai1="43,124,111,35,26,12,21,112,86,24,77,121,10" hai2="22,66,127,41,113,17,31,120,89,53,6,114,80" hai3="59,108,104,9,81,92,55,25,61,3,32,87,14"/><T100/><D117/><U122/><E121/><V126/><F120/><W40/><G104/><T103/><D115/><U67/><E112/><V129/><F129/><W56/><G3/><T13/><D69/><U2/><E122/><V48/><F66/><W75/><G108/><T0/><D34/><U54/><E111/><V123/><F123/><W30/><G75/><T99/><D0/><U8/><E124/><N who="2" m="47659" /><F41/><W72/><G72/><T1/><D1/><U44/><E67/><V76/><F31/><W130/><G130/><T36/><D110/><U5/><E35/><V128/><F6/><W95/><G40/><T7/><D7/><U42/><E54/><V52/><F89/><W74/><G74/><T46/><D91/><U47/><E21/><V116/><F128/><W85/><G59/><T19/><REACH who="0" step="1"/><D46/><REACH who="0" ten="240,250,250,250" step="2"/><U83/><E2/><V49/><F116/><W82/><G81/><T90/><D90/><U73/><E73/><V101/><F80/><W58/><G56/><T64/><D64/><U118/><E118/><V62/><F114/><W96/><G82/><T93/><D93/><U27/><E10/><V105/><F113/><W119/><G95/><T133/><D133/><U94/><E94/><V109/><F109/><W51/><G119/><T16/><D16/><U50/><E27/><V4/><F17/><N who="3" m="8399" /><G92/><T11/><D11/><U29/><E29/><V88/><F4/><W60/><G96/><T37/><AGARI ba="0,1" hai="13,15,18,19,36,37,78,79,97,99,100,103,106,107" machi="37" ten="25,18000,2" yaku="1,1,0,1,22,2,52,2,53,0" doraHai="68" doraHaiUra="134" who="0" fromWho="0" sc="240,190,250,-60,250,-60,250,-60" /><INIT seed="0,1,0,5,5,80" ten="430,190,190,190" oya="0" hai0="64,91,16,5,4,30,90,19,123,12,9,31,71" hai1="56,17,73,10,26,2,65,98,110,88,74,60,41" hai2="84,92,46,102,120,117,70,109,118,11,40,93,133" hai3="82,81,100,78,124,125,22,86,15,23,51,103,94"/><T129/><D123/><U62/><E110/><V116/><F120/><W121/><G51/><T27/><D71/><U8/><E41/><V45/><F70/><W39/><G39/><T67/><D129/><U89/><E2/><V32/><F32/><W14/><G121/><T6/><D19/><U66/><E98/><V101/><F109/><W48/><G48/><T107/><D107/><U59/><E26/><V47/><F133/><W99/><G103/><N who="2" m="39433" /><F11/><W49/><G49/><T25/><D67/><U112/><REACH who="1" step="1"/><E17/><REACH who="1" ten="430,180,190,190" step="2"/><V3/><F3/><W37/><G37/><T105/><D105/><U115/><AGARI ba="1,1" hai="8,10,56,59,60,62,65,66,73,74,88,89,112,115" machi="115" ten="25,12000,2" yaku="1,1,2,1,0,1,22,2,54,1,53,0" doraHai="80" doraHaiUra="134" who="1" fromWho="1" sc="430,-61,180,133,190,-31,190,-31" /><INIT seed="1,0,0,3,2,12" ten="369,313,159,159" oya="1" hai0="118,42,5,121,124,65,50,99,28,119,68,100,76" hai1="130,80,132,95,102,75,54,59,66,39,84,105,103" hai2="57,96,134,6,13,74,72,26,71,123,18,79,117" hai3="110,62,120,21,90,125,33,63,89,88,7,93,61"/><U129/><E39/><V53/><F117/><W31/><G33/><T82/><D121/><U37/><E37/><V40/><F123/><W114/><G120/><T32/><D124/><U87/><E66/><V81/><F71/><W91/><G125/><T44/><D5/><U10/><E10/><V0/><F134/><W86/><G114/><T41/><D41/><U25/><E25/><V46/><F26/><N who="3" m="16847" /><G110/><T60/><D28/><U128/><E132/><V135/><F135/><W16/><G7/><T22/><D22/><U83/><E54/><V104/><F6/><W8/><G8/><T30/><D30/><U55/><E55/><V34/><F0/><W94/><G89/><T97/><D32/><U101/><E59/><V17/><F34/><W108/><G108/><T127/><D127/><U23/><E23/><V3/><F3/><W11/><G86/><N who="1" m="32810" /><E105/><V27/><F27/><W48/><G48/><T45/><D45/><U106/><E106/><V47/><F47/><W15/><AGARI ba="0,0" hai="11,15,16,61,62,63,88,90,91,93,94" m="16847" machi="15" ten="40,8000,1" yaku="8,1,52,1,54,2" doraHai="12" who="3" fromWho="3" sc="369,-20,313,-40,159,-20,159,80" /><INIT seed="2,0,0,5,0,5" ten="349,273,139,239" oya="2" hai0="110,75,14,78,114,31,112,92,43,53,63,113,130" hai1="93,86,66,99,84,13,81,35,98,8,19,76,21" hai2="82,42,32,80,125,124,117,25,40,71,1,108,16" hai3="120,72,133,38,51,54,44,49,20,6,11,111,0"/><V29/><F117/><W46/><G120/><T2/><D2/><U94/><E35/><V107/><F71/><W77/><G111/><T95/><D110/><U18/><E66/><V91/><F108/><W109/><G109/><T45/><D130/><U105/><E105/><V50/><F107/><W123/><G123/><T56/><D31/><U121/><E121/><V101/><F101/><W116/><G133/><T103/><D103/><U15/><REACH who="1" step="1"/><E86/><REACH who="1" ten="349,263,139,239" step="2"/><V64/><F64/><W3/><G116/><T119/><D119/><U12/><E12/><V96/><F1/><W17/><G3/><T33/><D33/><U90/><E90/><V128/><F91/><W30/><G72/><T52/><D75/><U48/><E48/><V59/><F50/><W122/><G122/><T87/><D87/><U57/><E57/><V22/><F59/><W134/><G38/><T79/><D79/><U69/><E69/><V74/><F74/><W26/><G134/><T4/><D78/><U41/><E41/><V85/><F42/><W83/><G77/><T10/><REACH who="0" step="1"/><D53/><REACH who="0" ten="339,263,139,239" step="2"/><U104/><E104/><V118/><F128/><W127/><G54/><T106/><D106/><U9/><E9/><V67/><F118/><W97/><G0/><T88/><D88/><U129/><E129/><V60/><F32/><W24/><G97/><AGARI ba="0,2" hai="8,13,15,18,19,21,76,81,84,93,94,97,98,99" machi="97" ten="40,8000,1" yaku="1,1,8,1,52,1,53,1" doraHai="5" doraHaiUra="73" who="1" fromWho="3" sc="339,0,263,100,139,0,239,-80" /><INIT seed="3,0,0,1,1,129" ten="339,363,139,159" oya="3" hai0="103,118,45,109,17,76,135,62,27,110,100,67,63" hai1="70,74,127,28,71,86,16,111,29,73,112,105,50" hai2="51,23,107,9,20,53,126,38,88,102,14,46,125" hai3="95,8,60,123,64,2,55,42,10,59,81,31,37"/><W57/><G123/><T91/><D118/><U121/><E121/><V92/><F38/><W15/><G2/><T43/><D76/><U33/><E112/><V35/><F35/><W130/><G130/><T124/><D124/><N who="2" m="47722" /><F102/><W114/><G114/><T56/><D91/><U11/><E127/><V134/><F107/><W119/><G119/><T78/><D78/><U34/><E111/><N who="0" m="42505" /><D62/><U98/><E105/><V5/><F134/><W25/><G81/><T80/><D80/><U77/><E98/><AGARI ba="0,0" hai="5,9,14,20,23,46,51,53,88,92,98" m="47722" machi="98" ten="30,2000,0" yaku="18,1,54,1" doraHai="129" who="2" fromWho="1" sc="339,0,363,-20,139,20,159,0" /><INIT seed="4,0,0,2,4,129" ten="339,343,159,159" oya="0" hai0="53,135,112,27,49,107,109,134,96,54,0,35,93" hai1="124,34,111,103,44,11,132,97,74,14,72,46,42" hai2="43,75,57,6,86,15,1,45,32,98,52,82,23" hai3="90,108,5,2,7,39,8,100,73,102,79,60,101"/><T12/><D107/><U24/><E111/><V3/><F32/><W37/><G108/><T67/><D67/><U62/><E124/><V120/><F120/><W84/><G7/><T30/><D0/><U29/><E132/><N who="0" m="50729" /><D109/><U77/><E62/><V119/><F75/><W64/><G79/><T130/><D130/><U10/><E10/><V133/><F133/><W41/><G41/><T99/><D112/><U63/><E63/><V87/><F119/><W9/><G9/><T50/><D12/><U117/><E117/><V69/><F69/><W91/><G73/><T92/><D92/><U16/><E77/><V4/><F15/><W22/><G22/><T13/><D13/><U94/><E44/><V83/><F23/><W17/><G17/><T115/><D115/><U131/><E131/><V65/><F45/><W26/><G26/><T126/><D126/><U56/><E56/><V59/><F65/><W88/><REACH who="3" step="1"/><G84/><REACH who="3" ten="339,343,159,149" step="2"/><T123/><D123/><U113/><E113/><V104/><F87/><W48/><G48/><AGARI ba="0,1" hai="11,14,16,24,29,34,42,46,48,72,74,94,97,103" machi="48" ten="30,2000,0" yaku="7,1,54,1" doraHai="129" who="1" fromWho="3" sc="339,0,343,30,159,0,149,-20" /><INIT seed="5,0,0,3,0,92" ten="339,373,159,129" oya="1" hai0="37,32,107,122,128,129,100,44,31,0,83,75,12" hai1="123,27,58,62,77,65,95,48,76,19,40,52,130" hai2="11,102,80,16,121,26,60,50,85,97,45,2,25" hai3="127,135,71,28,86,6,18,38,99,53,43,9,74"/><U103/><E123/><V94/><F121/><W63/><G74/><T81/><D0/><U101/><E130/><N who="0" m="50281" /><D32/><U120/><E120/><V56/><F2/><W29/><G135/><T33/><D33/><U34/><E34/><V24/><F11/><W51/><G127/><T41/><D31/><U73/><E73/><V13/><F13/><W78/><G18/><T105/><D122/><U106/><E106/><N who="0" m="40457" /><D100/><U124/><E124/><V47/><F50/><W112/><G112/><T54/><D75/><U89/><E40/><V125/><F125/><W55/><G43/><T82/><D54/><U42/><E42/><V111/><F111/><W96/><G38/><T84/><D12/><U57/><E101/><V46/><F56/><N who="3" m="35215" /><G71/><T35/><D35/><U118/><E103/><V61/><REACH who="2" step="1"/><F16/><REACH who="2" ten="339,373,149,129" step="2"/><W114/><G9/><T87/><AGARI ba="0,1" hai="37,41,44,81,82,83,84,87" m="40457,50281" machi="87" ten="40,1500,0" yaku="19,1" doraHai="92" who="0" fromWho="0" sc="339,25,373,-7,149,-4,129,-4" /><INIT seed="6,0,0,2,3,110" ten="364,366,145,125" oya="2" hai0="96,129,104,132,121,108,59,29,46,60,135,44,101" hai1="36,85,103,80,79,118,81,84,97,99,42,56,134" hai2="37,87,38,95,51,93,105,41,1,7,55,119,19" hai3="113,75,2,47,111,10,4,73,89,68,62,127,88"/><V112/><F119/><W86/><G111/><T90/><D108/><U106/><E118/><V126/><F105/><W54/><G127/><T31/><D129/><U133/><E56/><V77/><F126/><W78/><G78/><T18/><D90/><N who="1" m="51463" /><E42/><V115/><F7/><W128/><G128/><T107/><D18/><U14/><E14/><V131/><F131/><W25/><G25/><T116/><D116/><U26/><E26/><V9/><F1/><W57/><G89/><T6/><D6/><U125/><E36/><N who="2" m="13931" /><F41/><W35/><G35/><T109/><D109/><U45/><E45/><N who="0" m="17513" /><D121/><U43/><E43/><V23/><F9/><W24/><G24/><T32/><D32/><U12/><E12/><N who="2" m="9703" /><F87/><W20/><G20/><T27/><D27/><U49/><E125/><V8/><F77/><W82/><G47/><T114/><D104/><N who="1" m="63615" /><E49/><V33/><F8/><W94/><G68/><T100/><D100/><AGARI ba="0,0" hai="79,81,85,97,100,106,133,134" m="63615,51463" machi="100" ten="30,2000,0" yaku="34,2" doraHai="110" who="1" fromWho="0" sc="364,-20,366,20,145,0,125,0" /><INIT seed="7,0,0,4,2,64" ten="344,386,145,125" oya="3" hai0="43,63,109,91,118,133,116,130,69,60,65,40,41" hai1="115,7,49,76,117,28,17,74,78,123,62,114,47" hai2="121,77,106,134,95,18,105,61,104,44,9,52,32" hai3="50,128,131,67,13,87,54,93,83,101,53,2,98"/><W102/><G2/><T71/><D91/><U126/><E126/><V107/><F107/><W8/><G102/><T66/><D109/><U11/><E62/><V3/><F32/><W38/><G38/><T42/><D130/><N who="3" m="49705" /><G67/><T70/><D133/><U132/><E123/><V125/><F134/><W108/><G108/><T80/><D80/><U20/><E117/><N who="0" m="45161" /><D42/><U35/><E74/><V34/><F34/><W56/><G56/><AGARI ba="0,0" hai="40,41,43,56,60,63,65,66,69,70,71" m="45161" machi="56" ten="30,8000,1" yaku="34,2,52,3" doraHai="64" who="0" fromWho="3" sc="344,80,386,0,145,0,125,-80" owari="424,51.0,386,19.0,145,-25.0,45,-45.0" /></mjloggm>