<mjloggm ver="2.3"><GO type="169" lobby="0"/><UN n0="%E3%81%9F%E3%82%8D%E3%81%9F%E3%82%8D%2E" n1="%E3%83%97%E3%83%AD%E3%83%86%E3%82%A4%E3%83%B3%E5%BE%97%E7%9B%9B" n2="%4E%57%43" n3="%E3%82%A6%E3%83%AB%E3%83%88%E3%83%A9%E7%AB%8B%E7%9B%B4" dan="18,17,16,17" rate="2210.46,2127.63,2038.12,2167.31" sx="M,M,M,M"/><TAIKYOKU oya="0"/><INIT seed="0,0,0,0,0,44" ten="250,250,250,250" oya="0" hai0="18,10,29,122,82,54,135,108,22,40,123,42,120" hai1="81,14,55,104,127,51,100,72,105,33,1,97,19" hai2="87,39,128,86,125,15,7,17,83,96,58,134,110" hai3="84,57,28,36,48,16,115,102,71,49,50,70,52"/><T129/><D29/><U95/><E1/><V9/><F110/><W13/><G36/><T8/><D108/><U45/><E33/><V101/><F134/><W56/><G115/><T66/><D135/><U68/><E68/><V62/><F39/><W111/><G111/><T116/><D116/><U61/><E127/><V32/><F32/><W4/><G28/><T34/><D34/><U35/><E35/><V2/><F128/><W98/><G4/><T112/><D129/><U94/><E61/><V92/><F83/><W74/><G74/><T124/><D124/><U88/><E72/><V53/><F125/><W26/><G26/><T130/><D130/><U63/><E63/><V73/><F73/><W89/><G70/><T12/><D112/><U107/><E81/><V27/><F27/><W24/><G24/><T109/><D66/><U47/><E47/><V106/><F106/><W20/><G71/><T121/><D109/><U119/><E119/><V69/><F69/><W79/><G79/><T113/><D113/><U64/><E64/><V23/><AGARI ba="0,0" hai="2,7,9,15,17,23,53,58,62,86,87,92,96,101" machi="23" ten="20,1500,0" yaku="0,1,7,1" doraHai="44" who="2" fromWho="2" sc="250,-7,250,-4,250,15,250,-4" /><INIT seed="1,0,0,3,2,118" ten="243,246,265,246" oya="1" hai0="77,91,114,7,25,12,64,92,75,26,51,43,104" hai1="62,110,10,15,130,85,132,102,82,134,39,113,5" hai2="128,123,14,36,103,116,105,34,106,122,117,24,50" hai3="112,2,70,28,38,95,90,83,107,124,1,60,23"/><U69/><E39/><V81/><F36/><W86/><G112/><T16/><D104/><U101/><E113/><V6/><F128/><W78/><G38/><T59/><D7/><U108/><E130/><V18/><F6/><W79/><G107/><T65/><D77/><U89/><E62/><V33/><F24/><N who="0" m="9322" /><D75/><U66/><E66/><V55/><F81/><W119/><G23/><N who="0" m="11655" /><D114/><U71/><E102/><V94/><F105/><W99/><G28/><T63/><D64/><U129/><E101/><V42/><F42/><W115/><G115/><T52/><D43/><U100/><E100/><V0/><F0/><W67/><G119/><T127/><D127/><U19/><E5/><V76/><F106/><W11/><G124/><T21/><D21/><U20/><E20/><V87/><F116/><W74/><G11/><T111/><D111/><N who="1" m="42539" /><E129/><V120/><F117/><W73/><G1/><T47/><D92/><U68/><AGARI ba="0,0" hai="10,15,19,68,69,71,82,85,89,132,134" m="42539" machi="68" ten="40,3900,0" yaku="14,1,10,1" doraHai="118" who="1" fromWho="1" sc="243,-13,246,39,265,-13,246,-13" /><INIT seed="1,1,0,5,4,114" ten="230,285,252,233" oya="1" hai0="49,131,87,39,42,24,37,40,36,88,82,96,41" hai1="5,31,52,85,67,48,64,78,47,134,16,23,135" hai2="62,127,38,58,86,0,98,105,21,34,43,117,80" hai3="27,71,26,101,9,125,61,130,73,89,75,18,68"/><U118/><E5/><V132/><F34/><W92/><G101/><T12/><D131/><U69/><E31/><V83/><F0/><W106/><G106/><T133/><D133/><N who="1" m="50699" /><E118/><V70/><F70/><W65/><G71/><T53/><D24/><N who="1" m="14439" /><E69/><V63/><F117/><W7/><G130/><T19/><D96/><U100/><E100/><V94/><F98/><W74/><G18/><T25/><D25/><U44/><E44/><V81/><F105/><W57/><G68/><T129/><D129/><U72/><E72/><V115/><F115/><W29/><G29/><T60/><D60/><U116/><E116/><V8/><F62/><W17/><G17/><T126/><D126/><U13/><E13/><V119/><F63/><W50/><G50/><T91/><D91/><U15/><E15/><V2/><F119/><W97/><REACH who="3" step="1"/><G125/><REACH who="3" ten="230,285,252,223" step="2"/><T77/><D39/><U35/><E35/><V102/><F38/><W76/><G76/><T104/><D77/><U33/><E33/><V28/><F127/><W3/><AGARI ba="1,1" hai="3,7,9,26,27,57,61,65,73,74,75,89,92,97" machi="3" ten="30,4000,0" yaku="1,1,0,1,53,1" doraHai="114" doraHaiUra="90" who="3" fromWho="3" sc="230,-11,285,-21,252,-11,223,53" /><INIT seed="2,0,0,2,4,5" ten="219,264,241,276" oya="2" hai0="86,26,13,118,71,11,37,135,113,117,124,105,72" hai1="4,48,27,84,120,132,61,60,23,34,80,40,36" hai2="121,128,53,9,78,119,75,91,30,77,97,43,81" hai3="129,21,31,74,67,99,8,52,50,7,49,130,22"/><V33/><F119/><N who="0" m="45578" /><D71/><U106/><E106/><V92/><F121/><W70/><G74/><T94/><D105/><U83/><E36/><V16/><F128/><N who="3" m="49259" /><G50/><T109/><D37/><U59/><E34/><V1/><F78/><W133/><G133/><T28/><D72/><U116/><E120/><V29/><F33/><W115/><G115/><T35/><D135/><U123/><E123/><V127/><F127/><W98/><G67/><T125/><D113/><U93/><E4/><V107/><F43/><W0/><G70/><T103/><D109/><U14/><E14/><V95/><F107/><W126/><G126/><T47/><D47/><N who="1" m="25703" /><E132/><V10/><F1/><W100/><G31/><T73/><D73/><U87/><E116/><V76/><F76/><W111/><G111/><T42/><D42/><U79/><E93/><V41/><F41/><W20/><G100/><T134/><D134/><U25/><E59/><AGARI ba="0,0" hai="0,7,8,20,21,22,49,52,59,98,99" m="49259" machi="59" ten="30,3900,0" yaku="19,1,52,1,54,1" doraHai="5" who="3" fromWho="1" sc="219,0,264,-39,241,0,276,39" /><INIT seed="3,0,0,2,5,125" ten="219,225,241,315" oya="3" hai0="72,23,44,57,3,107,1,131,89,82,65,20,86" hai1="29,112,21,53,24,127,99,48,90,37,84,8,38" hai2="12,78,62,31,71,108,117,104,49,94,103,39,4" hai3="96,33,122,9,7,6,97,81,85,28,43,13,34"/><W128/><G122/><T0/><D107/><U2/><E127/><V132/><F39/><W51/><G7/><T80/><D44/><U60/><E112/><V118/><F31/><W17/><G17/><T16/><D23/><U64/><E99/><V47/><F78/><N who="3" m="46263" /><G28/><T113/><D113/><U91/><E91/><V59/><F71/><W92/><G97/><T93/><D72/><U116/><E116/><V50/><F104/><W124/><G124/><T134/><D134/><U56/><E8/><V106/><F106/><W75/><G75/><T74/><D74/><U126/><E2/><V135/><F50/><W54/><G54/><T27/><D65/><U101/><E101/><V68/><F68/><W58/><G58/><T83/><REACH who="0" step="1"/><D57/><REACH who="0" ten="209,225,241,315" step="2"/><U14/><E126/><V63/><F59/><W133/><G133/><T26/><D26/><U105/><E105/><V45/><F132/><W130/><G34/><T41/><D41/><U46/><REACH who="1" step="1"/><E14/><REACH who="1" ten="209,215,241,315" step="2"/><V19/><F12/><W66/><G66/><T109/><D109/><U15/><E15/><V42/><F108/><W100/><G33/><T32/><D32/><U120/><E120/><V114/><F135/><W22/><G22/><T70/><D70/><U73/><E73/><V76/><F114/><W110/><G110/><T123/><D123/><U18/><E18/><V88/><F19/><W55/><G55/><T115/><D115/><U79/><E79/><V69/><F76/><W95/><G13/><T87/><D87/><U121/><E121/><V111/><F111/><W40/><G40/><T102/><D102/><U52/><E52/><RYUUKYOKU ba="0,2" sc="209,15,215,15,241,-15,315,-15" hai0="0,1,3,16,20,27,80,82,83,86,89,93,131" hai1="21,24,29,37,38,46,48,53,56,60,64,84,90" /><INIT seed="4,1,2,1,3,92" ten="224,230,226,300" oya="0" hai0="35,28,83,19,63,68,21,98,5,116,34,95,26" hai1="127,65,129,4,18,47,24,66,30,124,67,51,36" hai2="102,7,27,121,49,54,122,73,90,13,119,25,79" hai3="115,88,103,85,77,20,71,46,84,1,78,89,112"/><T9/><D83/><U53/><E4/><V61/><F119/><W23/><G71/><T59/><D68/><U120/><E18/><V135/><F135/><W99/><G46/><T42/><D42/><U76/><E76/><V41/><F102/><W97/><REACH who="3" step="1"/><G103/><REACH who="3" ten="224,230,226,290" step="2"/><N who="0" m="60895" /><D116/><U126/><E120/><V48/><F121/><W58/><G58/><T82/><D82/><U131/><REACH who="1" step="1"/><E36/><REACH who="1" ten="224,220,226,290" step="2"/><V55/><F122/><W56/><G56/><T52/><D35/><AGARI ba="1,4" hai="24,30,35,47,51,53,65,66,67,124,126,127,129,131" machi="35" ten="50,6400,0" yaku="1,1,2,1,18,1,53,0" doraHai="92" doraHaiUra="81" who="1" fromWho="0" sc="224,-67,220,107,226,0,290,0" /><INIT seed="5,0,0,4,4,19" ten="157,327,226,290" oya="1" hai0="45,70,90,29,86,105,53,40,60,2,51,30,100" hai1="62,23,109,31,54,81,72,39,131,118,42,91,49" hai2="115,12,120,59,127,46,33,15,130,11,27,5,36" hai3="41,43,37,17,20,119,135,76,65,104,50,58,121"/><U99/><E39/><V108/><F120/><W4/><G104/><T112/><D2/><U21/><E42/><V0/><F108/><W44/><G121/><T7/><D7/><U68/><E118/><V24/><F127/><W18/><G119/><T77/><D112/><U89/><E31/><V94/><F130/><W97/><G4/><T107/><D77/><U26/><E26/><V88/><F59/><W69/><G135/><T110/><D110/><U9/><E9/><V128/><F128/><W80/><G69/><T102/><D105/><U124/><E124/><V133/><F133/><W101/><G18/><T34/><D34/><U79/><E131/><V28/><F24/><W85/><G37/><T73/><D73/><U134/><E134/><V87/><F115/><W71/><G71/><T83/><D107/><U48/><E48/><V35/><F33/><W3/><G3/><T93/><D83/><U129/><E109/><V6/><F5/><W132/><G132/><T123/><D123/><U92/><E91/><V64/><F64/><W47/><G47/><T61/><D61/><U10/><E10/><V74/><F74/><W38/><G38/><T122/><D122/><U57/><REACH who="1" step="1"/><E129/><REACH who="1" ten="157,317,226,290" step="2"/><V103/><F103/><W82/><G43/><T56/><D100/><U126/><E126/><V1/><F0/><W106/><G41/><T14/><D102/><U52/><E52/><V125/><F125/><W111/><G111/><T95/><D30/><U84/><E84/><V66/><F66/><AGARI ba="0,1" hai="21,23,49,54,57,62,66,68,72,79,81,89,92,99" machi="66" ten="40,7700,0" yaku="1,1,52,2,53,0" doraHai="19" doraHaiUra="22" who="1" fromWho="2" sc="157,0,317,87,226,-77,290,0" /><INIT seed="5,1,0,3,2,88" ten="157,404,149,290" oya="1" hai0="9,82,97,75,12,93,25,108,15,90,134,104,14" hai1="122,100,20,32,78,81,3,116,13,67,76,69,21" hai2="65,37,44,29,16,7,131,57,132,99,96,27,118" hai3="60,112,55,119,85,124,115,92,126,70,117,114,18"/><U135/><E32/><V120/><F118/><N who="3" m="45067" /><G18/><T101/><D108/><U79/><E3/><V98/><F120/><W72/><G72/><T51/><D134/><U64/><E135/><V48/><F132/><W74/><G74/><T102/><D25/><U30/><E122/><V35/><F131/><W40/><G85/><T19/><D51/><U121/><E121/><V66/><F37/><W111/><G92/><T46/><D46/><U123/><E123/><V130/><F7/><W61/><G40/><T63/><D63/><N who="3" m="24137" /><G70/><T106/><D106/><U42/><E42/><V54/><F130/><W68/><G68/><T17/><D104/><U36/><E36/><V87/><F44/><W59/><G111/><T73/><D73/><U24/><E69/><V110/><F110/><W91/><G91/><T26/><D75/><U109/><E100/><N who="0" m="38505" /><D82/><U45/><E45/><V6/><F6/><W1/><G1/><T86/><D86/><N who="1" m="48423" /><E116/><V34/><F34/><W49/><AGARI ba="1,0" hai="49,55,59,112,114,115,124,126" m="24137,45067" machi="49" ten="40,8000,1" yaku="15,1,12,1,34,2" doraHai="88" who="3" fromWho="3" sc="157,-21,404,-41,149,-21,290,83" /><INIT seed="6,0,0,3,5,63" ten="136,363,128,373" oya="2" hai0="19,5,8,22,133,23,45,27,55,98,43,80,54" hai1="25,9,129,31,107,131,88,0,32,97,30,38,64" hai2="18,94,122,119,120,76,106,20,112,123,1,61,130" hai3="117,110,72,14,93,96,77,113,51,67,33,75,79"/><V40/><F119/><W15/><G33/><T44/><D133/><U37/><E31/><V125/><F106/><W95/><G51/><N who="0" m="27039" /><D98/><U52/><E64/><V89/><F1/><W56/><G56/><T66/><D66/><U87/><E52/><N who="0" m="20009" /><D23/><U105/><E9/><V26/><F112/><W2/><G96/><T69/><D69/><U108/><E0/><V90/><F130/><N who="1" m="49673" /><E108/><V124/><F40/><W62/><G62/><T29/><D45/><U132/><E132/><V128/><F128/><W100/><G2/><T59/><D59/><U121/><E121/><V116/><F116/><W74/><G67/><T114/><D114/><U35/><E35/><V104/><F104/><N who="1" m="40009" /><E97/><V118/><F118/><W111/><G117/><T36/><D36/><U92/><AGARI ba="0,0" hai="25,30,32,37,38,87,88,92" m="40009,49673" machi="92" ten="30,2000,0" yaku="19,1,54,1" doraHai="63" who="1" fromWho="1" sc="136,-5,363,20,128,-10,373,-5" /><INIT seed="7,0,0,3,3,26" ten="131,383,118,368" oya="3" hai0="83,60,45,55,44,59,51,32,128,113,2,36,73" hai1="104,13,65,21,67,27,81,78,7,124,71,70,37" hai2="61,17,127,132,66,105,126,118,9,122,101,34,38" hai3="117,12,5,79,39,111,25,48,121,62,41,6,30"/><W16/><G121/><T82/><D2/><U134/><E104/><V97/><F38/><W28/><G117/><T74/><D32/><U110/><E37/><V0/><F118/><W99/><G39/><T119/><D119/><U43/><E43/><V22/><F122/><W98/><G111/><T42/><D128/><U125/><E110/><V23/><F132/><W14/><G79/><T90/><D113/><U31/><E134/><V131/><F131/><W88/><G62/><T87/><D83/><U3/><E3/><V103/><F103/><W129/><G129/><T24/><D24/><U47/><E47/><V77/><F77/><W10/><G25/><T107/><D107/><U92/><E92/><V29/><F22/><N who="3" m="11543" /><G6/><T64/><AGARI ba="0,0" hai="36,42,44,45,51,55,59,60,64,73,74,82,87,90" machi="64" ten="20,1500,0" yaku="0,1,7,1" doraHai="26" who="0" fromWho="0" sc="131,15,383,-4,118,-4,368,-7" owari="146,-25.0,379,48.0,114,-39.0,361,16.0" /></mjloggm>