<mjloggm ver="2.3"><GO type="97" lobby="0"/><UN n0="%E3%81%86%E3%81%A3%E3%81%86%E3%83%BC%E3%82%84%E3%82%88%E3%81%84" n1="%E5%85%A8%E5%B1%80%E5%8F%82%E5%8A%A0%E5%9E%8B%E9%9B%80%E5%A3%AB" n2="%EF%BC%BA%EF%BC%A5%EF%BC%B2%EF%BC%AF%EF%BC%8D%EF%BC%AD%EF%BC%A1%EF%BC%B8" n3="%E5%B0%B1%E6%B4%BB%E7%94%9F%40%E5%B7%9D%E6%9D%91%E8%BB%8D%E5%9B%A3" dan="15,14,15,15" rate="2073.83,1964.13,1949.68,1961.19" sx="F,M,M,M"/><TAIKYOKU oya="0"/><INIT seed="0,0,0,3,5,3" ten="250,250,250,250" oya="0" hai0="74,85,28,113,67,99,126,10,92,121,53,24,123" hai1="26,100,5,27,119,94,44,49,112,1,21,104,66" hai2="82,71,34,116,33,109,11,118,35,107,73,127,52" hai3="84,61,72,89,43,58,55,79,108,50,97,75,91"/><T8/><D113/><U4/><E104/><V86/><F109/><W6/><G108/><T88/><D74/><U65/><E1/><V83/><F127/><W129/><G129/><T131/><D131/><U25/><E112/><V36/><F36/><W68/><G75/><T2/><D126/><U70/><E70/><V47/><F71/><W130/><G72/><T134/><D134/><U95/><E119/><N who="2" m="45611" /><F73/><W19/><G130/><T77/><D67/><N who="1" m="25611" /><E21/><V54/><F107/><W15/><G68/><T41/><D41/><N who="1" m="24719" /><E100/><V18/><F47/><N who="3" m="25983" /><G97/><T16/><D53/><N who="2" m="20586" /><F86/><W56/><G6/><AGARI ba="0,0" hai="4,5,6,25,26,27,94,95" m="24719,25611" machi="6" ten="30,7700,0" yaku="8,1,52,3" doraHai="3" who="1" fromWho="3" sc="250,0,250,77,250,0,250,-77" /><INIT seed="1,0,0,4,4,42" ten="250,327,250,173" oya="1" hai0="56,9,89,88,76,78,24,66,123,30,103,22,108" hai1="52,130,109,49,13,86,114,37,131,57,58,90,134" hai2="61,70,121,73,122,33,67,80,71,54,97,133,92" hai3="40,65,119,43,110,48,112,116,26,98,101,72,117"/><U55/><E114/><V104/><F133/><W120/><G72/><T27/><D108/><U36/><E13/><V106/><F71/><W87/><G112/><T2/><D123/><U107/><E107/><V15/><F33/><W115/><G115/><T100/><D27/><U39/><E134/><V75/><F122/><W63/><G110/><T85/><D2/><U5/><E5/><V64/><F64/><W4/><G120/><T21/><D9/><U118/><E109/><V31/><F31/><W53/><G4/><T94/><D22/><U91/><E118/><V135/><F135/><W62/><G87/><T34/><D34/><U47/><E58/><V125/><F125/><W83/><G83/><T3/><D3/><U128/><E86/><V45/><F121/><W82/><G82/><T102/><REACH who="0" step="1"/><D89/><REACH who="0" ten="240,327,250,173" step="2"/><U19/><E19/><V127/><F127/><W81/><G26/><T126/><D126/><U74/><E74/><V0/><F0/><W129/><G129/><T50/><D50/><AGARI ba="0,1" hai="36,37,39,47,49,50,52,55,57,90,91,128,130,131" machi="50" ten="50,9600,0" yaku="19,1,52,1,54,1" doraHai="42" who="1" fromWho="0" sc="240,-96,327,106,250,0,173,0" /><INIT seed="1,1,0,0,3,112" ten="144,433,250,173" oya="1" hai0="12,60,116,40,46,29,17,124,6,102,87,119,129" hai1="11,100,41,30,7,135,130,91,133,25,57,92,88" hai2="43,14,123,49,9,103,127,26,48,121,93,132,72" hai3="78,99,45,74,10,23,19,28,106,54,125,80,76"/><U39/><E130/><V1/><F1/><W15/><G125/><T110/><D124/><U109/><E109/><V13/><F127/><W44/><G76/><T33/><D129/><U38/><E100/><V104/><F104/><W67/><G67/><T134/><D110/><U34/><E57/><V126/><F126/><W31/><G54/><T22/><D6/><U62/><E62/><V56/><F132/><N who="1" m="50761" /><E41/><V118/><F118/><W37/><G37/><N who="1" m="13834" /><E92/><V50/><F43/><W66/><G66/><T73/><D73/><U86/><E86/><V65/><F72/><W128/><G128/><T117/><D134/><U75/><E75/><V69/><F69/><W0/><G45/><T55/><D102/><U64/><E64/><V35/><F56/><W61/><G44/><T52/><D87/><U63/><E63/><V83/><F65/><W3/><G61/><T36/><REACH who="0" step="1"/><D60/><REACH who="0" ten="134,433,250,173" step="2"/><U107/><E107/><V71/><F103/><W77/><G106/><T111/><D111/><U21/><E34/><V113/><F35/><W79/><G99/><T47/><D47/><U101/><E101/><V94/><F113/><W81/><G74/><T32/><D32/><U95/><E95/><V16/><F94/><W131/><G131/><T84/><D84/><U98/><E98/><V59/><F93/><W82/><G0/><AGARI ba="1,1" hai="0,7,11,21,25,30,88,91" m="13834,50761" machi="0" ten="30,2900,0" yaku="20,1,54,1" doraHai="112" who="1" fromWho="3" sc="134,0,433,42,250,0,173,-32" /><INIT seed="1,2,0,4,5,33" ten="134,475,250,141" oya="1" hai0="127,49,16,35,106,22,4,67,28,50,114,90,60" hai1="78,105,96,0,41,95,14,31,29,109,18,8,135" hai2="69,83,119,113,108,46,59,77,72,65,84,92,6" hai3="111,115,89,123,23,51,79,20,30,37,58,118,133"/><U42/><E105/><V9/><F108/><W27/><G37/><T44/><D114/><U36/><E135/><V10/><F119/><W98/><G123/><T132/><D132/><U100/><E109/><V97/><F113/><W2/><G115/><T81/><D106/><U101/><E78/><V26/><F69/><W7/><G111/><T11/><D127/><U32/><E100/><N who="2" m="60455" /><F72/><W15/><G133/><T93/><D81/><U87/><E87/><V131/><F131/><W61/><G79/><T66/><D28/><U129/><E129/><V86/><F6/><W126/><G126/><T55/><D35/><U39/><E32/><V17/><F46/><W121/><G121/><T104/><D104/><U107/><E107/><V85/><F85/><W53/><G2/><T102/><D102/><U64/><E64/><V57/><F84/><W19/><G7/><T62/><D50/><U56/><E0/><V128/><F128/><W125/><G125/><T47/><D47/><U94/><E94/><V34/><F34/><W80/><G118/><T5/><D5/><U76/><E76/><V112/><F112/><W21/><G80/><T117/><D117/><U13/><E13/><V130/><F130/><W122/><G122/><T74/><D74/><U70/><E70/><V45/><F65/><W134/><G134/><T99/><D66/><U91/><E36/><V124/><F124/><W120/><G120/><T12/><REACH who="0" step="1"/><D67/><REACH who="0" ten="124,475,250,141" step="2"/><U75/><E75/><V71/><F71/><W63/><G51/><T38/><D38/><U54/><E39/><V40/><F45/><W73/><G73/><RYUUKYOKU ba="2,1" sc="124,30,475,-10,250,-10,141,-10" hai0="4,11,12,16,22,44,49,55,60,62,90,93,99" /><INIT seed="2,3,1,3,0,33" ten="154,465,240,131" oya="2" hai0="45,130,35,17,44,89,13,61,11,15,90,100,111" hai1="83,107,75,91,38,4,50,69,48,118,56,64,25" hai2="9,92,132,101,85,37,8,86,51,62,122,96,124" hai3="134,104,123,22,24,125,58,59,5,63,106,41,73"/><V52/><F37/><W105/><G123/><T36/><D35/><U54/><E107/><V117/><F117/><W53/><G73/><T10/><D111/><U97/><E38/><V98/><F122/><W135/><G125/><T82/><D130/><U6/><E118/><V42/><F124/><W32/><G32/><T31/><D31/><U114/><E114/><V30/><F132/><N who="3" m="50731" /><G41/><T99/><D61/><U102/><E69/><V40/><F62/><N who="3" m="36175" /><G5/><T23/><D23/><U39/><E39/><V115/><F115/><W127/><G127/><T46/><D36/><U109/><E109/><V65/><F30/><N who="3" m="17687" /><G105/><T60/><D60/><U84/><E75/><V34/><F34/><W71/><G71/><T21/><D82/><U1/><E1/><V3/><F42/><W74/><G74/><T103/><D21/><U95/><E64/><AGARI ba="3,1" hai="59,63,64,104,106" m="17687,36175,50731" machi="64" ten="30,1000,0" yaku="20,1" doraHai="33" who="3" fromWho="1" sc="154,0,465,-19,240,0,131,29" /><INIT seed="3,0,0,0,1,42" ten="154,446,240,160" oya="3" hai0="33,8,125,2,19,87,77,132,117,29,59,89,70" hai1="122,131,62,30,113,90,12,133,98,72,23,73,24" hai2="20,26,28,123,25,110,31,45,37,15,108,81,82" hai3="66,7,111,128,35,76,114,16,118,124,63,120,40"/><W13/><G120/><T39/><D70/><U14/><E113/><V54/><F123/><W86/><G118/><T83/><D117/><U41/><E122/><V68/><F68/><W46/><G114/><T50/><D39/><U93/><E131/><V102/><F102/><W134/><G35/><T3/><D132/><U18/><E133/><V22/><F15/><W10/><G134/><T112/><D112/><U17/><E41/><N who="2" m="22703" /><F54/><W64/><G124/><T65/><D125/><U127/><E127/><V109/><AGARI ba="0,0" hai="20,22,25,26,28,31,81,82,108,109,110" m="22703" machi="109" ten="30,2000,0" yaku="14,1,52,1" doraHai="42" who="2" fromWho="2" sc="154,-5,446,-5,240,20,160,-10" owari="149,-35.0,441,54.0,260,6.0,150,-25.0" /></mjloggm>