<mjloggm ver="2.3"><GO type="41" lobby="0"/><UN n0="%E6%B7%A1%E8%B7%AF%E3%81%AE%E8%99%8E" n1="%E5%B0%B1%E6%B4%BB%E7%94%9F%40%E5%B7%9D%E6%9D%91%E8%BB%8D%E5%9B%A3" n2="%E2%98%86%E9%80%86%E8%A5%B2%E3%81%AE%E8%A5%BF%E2%98%86" n3="%E5%94%AF%E4%BA%95%E3%81%B5%E3%81%9F%E3%81%BF" dan="13,15,13,14" rate="1847.53,2050.34,1899.46,2074.15" sx="M,M,M,F"/><TAIKYOKU oya="0"/><INIT seed="0,0,0,5,2,84" ten="250,250,250,250" oya="0" hai0="9,31,66,69,68,61,44,4,79,73,2,74,59" hai1="113,75,133,53,110,118,86,39,77,125,7,58,57" hai2="33,55,28,51,18,21,15,30,103,106,85,101,127" hai3="62,42,3,83,8,64,93,96,102,122,105,67,104"/><T13/><D31/><U40/><E75/><V11/><F127/><W72/><G122/><T112/><D112/><U119/><E7/><V115/><F115/><W70/><G42/><T43/><D13/><U48/><E77/><V50/><F106/><W46/><G46/><T135/><D135/><U26/><E113/><V80/><F33/><W27/><G67/><T34/><D34/><U114/><E114/><V65/><F65/><W129/><G27/><T38/><REACH who="0" step="1"/><D73/><REACH who="0" ten="240,250,250,250" step="2"/><U109/><E26/><N who="2" m="16463" /><F30/><W16/><G3/><T17/><D17/><U95/><E125/><V130/><F130/><W128/><G16/><T14/><D14/><U19/><E19/><V92/><F18/><W52/><G8/><T100/><D100/><U107/><E119/><V126/><F15/><W121/><G129/><T99/><D99/><U41/><E118/><V36/><F11/><W76/><G128/><T35/><D35/><U98/><E98/><N who="2" m="59591" /><F126/><W54/><G121/><T32/><D32/><U25/><E25/><V88/><F103/><W111/><G104/><T1/><D1/><U49/><E107/><V47/><F36/><W0/><G0/><T131/><D131/><U78/><E110/><V45/><F51/><W123/><G111/><T87/><D87/><U124/><E109/><V81/><F80/><AGARI ba="0,1" hai="2,4,9,38,43,44,59,61,66,68,69,74,79,80" machi="80" ten="40,12000,1" yaku="1,1,25,2,53,1" doraHai="84" doraHaiUra="6" who="0" fromWho="2" sc="240,130,250,0,250,-120,250,0" /><INIT seed="0,1,0,2,5,63" ten="370,250,130,250" oya="0" hai0="78,97,104,46,50,19,16,85,29,129,94,8,22" hai1="133,47,69,77,14,90,71,83,121,0,66,126,68" hai2="111,27,70,30,40,112,75,118,17,84,124,10,41" hai3="130,35,52,48,44,45,103,3,119,56,9,11,23"/><T39/><D104/><U15/><E0/><V55/><F112/><W113/><G35/><T101/><D39/><U36/><E121/><V26/><F70/><W115/><G119/><T122/><D122/><U49/><E36/><V6/><F118/><W62/><G103/><T93/><D129/><U7/><E133/><V58/><F75/><W43/><G130/><T2/><D2/><U96/><E126/><V135/><F124/><W60/><G3/><T38/><D38/><U120/><E120/><V80/><F135/><W116/><G116/><T5/><D29/><U100/><E90/><V102/><F111/><W99/><G99/><T123/><D93/><U13/><E7/><V89/><F102/><W73/><G73/><T28/><D22/><U92/><E83/><V12/><F6/><W98/><G98/><T131/><D28/><U53/><REACH who="1" step="1"/><E77/><REACH who="1" ten="370,240,130,250" step="2"/><V31/><F30/><W107/><G115/><T33/><D123/><U86/><E86/><V117/><F117/><W87/><G87/><T57/><D131/><U21/><E21/><N who="2" m="15823" /><F89/><W32/><G113/><T34/><D78/><U127/><E127/><V20/><F84/><W82/><G32/><T79/><D85/><U72/><E72/><V64/><F80/><W132/><G82/><T42/><D79/><U51/><E51/><N who="2" m="31103" /><F20/><W95/><G23/><T134/><D134/><U67/><AGARI ba="1,1" hai="13,14,15,47,49,53,66,67,68,69,71,92,96,100" machi="67" ten="40,8000,1" yaku="1,1,0,1,52,2,53,0" doraHai="63" doraHaiUra="81" who="1" fromWho="1" sc="370,-41,240,93,130,-21,250,-21" /><INIT seed="1,0,0,3,1,67" ten="329,333,109,229" oya="1" hai0="114,53,99,55,80,4,43,41,127,32,10,48,2" hai1="91,66,131,11,38,79,125,123,90,56,12,97,23" hai2="113,119,77,101,94,128,19,69,64,76,88,135,78" hai3="98,121,37,83,35,75,74,63,72,46,8,51,68"/><U36/><E123/><V28/><F119/><W82/><G121/><T49/><D114/><U59/><E125/><V87/><F113/><W86/><G35/><T29/><D127/><U103/><E131/><V108/><F128/><W73/><G37/><T14/><D99/><U109/><E79/><V93/><F135/><W105/><G105/><T62/><D2/><U31/><E38/><V40/><F28/><W5/><G98/><T129/><D129/><U71/><E36/><V118/><F118/><W106/><G106/><T115/><D115/><U34/><E71/><V110/><F40/><W45/><G45/><T130/><D130/><U47/><E34/><V30/><F19/><W15/><N who="3" m="18432" /><DORA hai="84" /><W81/><G63/><T1/><D1/><U61/><E56/><V20/><F20/><W33/><G33/><T57/><D80/><U18/><E47/><V21/><F21/><W58/><G58/><N who="0" m="35167" /><D32/><U9/><E109/><N who="2" m="42091" /><F30/><W133/><G133/><T3/><D29/><U116/><E116/><V102/><F64/><W60/><G60/><N who="0" m="35887" /><D3/><U54/><E54/><V22/><F69/><W39/><G39/><T27/><D27/><N who="1" m="16895" /><E11/><V85/><F22/><W24/><G24/><T120/><D120/><U124/><E124/><V111/><N who="2" m="42099" /><V112/><DORA hai="132" /><F112/><W96/><G96/><T107/><D107/><U134/><E134/><V7/><F7/><W92/><G68/><T65/><D65/><U26/><E26/><V122/><F122/><W0/><G0/><T104/><D104/><U126/><E126/><V100/><F85/><W50/><G46/><T89/><D89/><AGARI ba="0,0" hai="5,8,15,50,51,81,82,83,86,89,92" m="18432" machi="89" ten="70,4500,0" yaku="6,1,52,1" doraHai="67,84,132" who="3" fromWho="0" sc="329,-45,333,0,109,0,229,45" /><INIT seed="2,0,0,5,3,122" ten="284,333,109,274" oya="2" hai0="40,48,51,52,111,112,133,94,41,114,33,98,15" hai1="27,62,66,115,45,124,67,76,130,91,121,85,75" hai2="125,25,53,119,12,5,127,43,1,101,36,14,59" hai3="22,35,60,126,37,129,24,105,57,49,17,82,54"/><V74/><F101/><W26/><G37/><T88/><D33/><U0/><E0/><V65/><F74/><W89/><G105/><T30/><D30/><U4/><E121/><V69/><F119/><W7/><G7/><T8/><D133/><U78/><E115/><V42/><F25/><W128/><G126/><N who="2" m="48137" /><F1/><W120/><G120/><T55/><D112/><U100/><E124/><V10/><F12/><W83/><G49/><T58/><D114/><U79/><E130/><N who="3" m="50282" /><G89/><T28/><D28/><AGARI ba="0,0" hai="17,22,24,26,28,35,54,57,60,82,83" m="50282" machi="28" ten="30,1000,0" yaku="19,1" doraHai="122" who="3" fromWho="0" sc="284,-10,333,0,109,0,274,10" /><INIT seed="3,0,0,2,1,101" ten="274,333,109,284" oya="3" hai0="31,54,61,117,23,64,10,2,105,68,66,116,132" hai1="39,87,74,134,22,48,55,86,104,70,89,45,59" hai2="108,36,40,133,118,15,124,6,12,69,99,13,83" hai3="100,102,67,125,46,34,14,5,8,98,30,135,38"/><W103/><G135/><T79/><D66/><U109/><E74/><V17/><F118/><W131/><G131/><T56/><D132/><U129/><E70/><V113/><F69/><W19/><G125/><T94/><D79/><U115/><E115/><V112/><F133/><W110/><G67/><T84/><D2/><U63/><E134/><V47/><F124/><W49/><G38/><T130/><D10/><U88/><E129/><V120/><F120/><W20/><G110/><T57/><D130/><U18/><E39/><V33/><F108/><W114/><G114/><T26/><D68/><U58/><E109/><V73/><F99/><W4/><G34/><T24/><D24/><N who="1" m="14423" /><E104/><V3/><F33/><W121/><G121/><T50/><D117/><U96/><E96/><V27/><F27/><N who="3" m="16743" /><G98/><T80/><D94/><N who="1" m="54551" /><E63/><V85/><F17/><W97/><G97/><T51/><D116/><U1/><E1/><V111/><F111/><W128/><G128/><T53/><D64/><U37/><E37/><V82/><F85/><W62/><G62/><T43/><D43/><AGARI ba="0,0" hai="4,5,8,14,19,43,46,49,100,102,103" m="16743" machi="43" ten="30,1500,0" yaku="8,1" doraHai="101" who="3" fromWho="0" sc="274,-15,333,0,109,0,284,15" /><INIT seed="3,1,0,2,4,106" ten="259,333,109,299" oya="3" hai0="31,10,6,46,7,24,108,63,14,57,62,107,93" hai1="125,117,80,40,77,23,41,59,119,73,42,72,54" hai2="50,49,115,19,104,98,103,5,87,33,121,29,118" hai3="132,86,21,126,83,11,133,97,128,45,13,39,134"/><W112/><G112/><T116/><D107/><U127/><E23/><V99/><F118/><N who="1" m="45065" /><E80/><V43/><F115/><W27/><G39/><T35/><D116/><U52/><E77/><V70/><F121/><W79/><G45/><T22/><D108/><U61/><E54/><V78/><F70/><W105/><G126/><AGARI ba="1,0" hai="40,41,42,52,59,61,72,73,125,126,127" m="45065" machi="126" ten="40,8000,1" yaku="18,1,12,1,52,2,54,1" doraHai="106" who="1" fromWho="3" sc="259,0,333,83,109,0,299,-83" /><INIT seed="4,0,0,3,3,128" ten="259,416,109,216" oya="0" hai0="94,132,99,27,68,33,43,63,46,86,125,7,121" hai1="103,9,12,115,52,135,22,36,17,35,37,18,62" hai2="21,31,120,107,83,16,117,78,69,55,38,40,81" hai3="134,77,98,116,80,54,24,122,113,13,131,79,26"/><T10/><D121/><U1/><E35/><V39/><F120/><W67/><G116/><T72/><D86/><U104/><E115/><V89/><F117/><W114/><G67/><T57/><D72/><U75/><E75/><V70/><F107/><W74/><G122/><T58/><D125/><U34/><E34/><V65/><F31/><W50/><G131/><T45/><D68/><U11/><E1/><V51/><F89/><W105/><G13/><T126/><D126/><U42/><E42/><V71/><F65/><W88/><G79/><T25/><D43/><U87/><E87/><V118/><F118/><W5/><G5/><T123/><D123/><U90/><E90/><V82/><F78/><W84/><G26/><N who="0" m="9739" /><D132/><U0/><E135/><V59/><REACH who="2" step="1"/><F40/><REACH who="2" ten="259,416,99,216" step="2"/><W44/><G134/><T130/><D130/><U91/><E104/><V111/><F111/><W49/><G105/><T48/><D99/><U8/><E91/><V106/><F106/><W133/><G98/><T60/><D94/><U23/><E103/><V28/><F28/><W66/><G133/><T112/><D112/><U92/><E0/><V32/><F32/><W129/><G129/><T101/><D33/><U3/><E3/><V56/><F56/><N who="0" m="21610" /><D101/><U110/><E110/><V102/><F102/><W108/><G108/><T20/><D20/><U95/><E92/><V93/><F93/><W119/><G119/><T6/><D10/><U53/><E95/><V76/><F76/><W19/><G114/><T124/><D124/><U100/><E100/><V85/><F85/><N who="3" m="50215" /><G113/><T2/><D2/><U109/><E109/><RYUUKYOKU ba="0,1" sc="259,-10,416,-10,99,30,216,-10" hai2="16,21,38,39,51,55,59,69,70,71,81,82,83" /><INIT seed="5,1,1,1,1,96" ten="249,406,129,206" oya="1" hai0="16,7,117,20,58,30,78,18,74,49,79,116,93" hai1="86,66,39,0,37,72,52,125,127,121,118,69,108" hai2="4,8,32,35,103,133,104,5,45,135,41,24,88" hai3="110,85,34,119,68,105,9,83,2,43,73,112,102"/><U44/><E0/><V107/><F24/><W21/><G34/><T40/><D74/><U130/><E72/><V15/><F5/><W114/><G68/><T120/><D20/><U46/><E86/><V61/><F61/><W134/><G43/><T64/><D7/><U98/><E98/><V91/><F32/><W109/><G21/><T6/><D6/><U42/><E108/><N who="3" m="41578" /><G9/><T31/><D58/><U82/><E82/><V123/><F35/><W106/><G2/><T122/><D93/><U3/><E3/><V25/><F25/><W26/><G26/><T63/><D63/><N who="1" m="40159" /><E118/><N who="0" m="45673" /><D64/><U14/><E14/><V36/><F123/><N who="0" m="47146" /><D49/><N who="1" m="28711" /><E121/><V56/><F56/><W67/><G67/><T99/><D40/><N who="1" m="22799" /><E130/><V60/><F60/><W95/><G119/><T51/><D99/><U89/><E89/><V27/><F27/><W94/><G73/><T48/><D79/><U132/><E132/><N who="2" m="50763" /><F107/><N who="3" m="40971" /><G134/><T71/><D78/><U128/><E128/><V47/><F104/><W81/><G81/><T28/><D71/><U131/><E131/><V38/><F103/><W80/><G80/><T90/><D90/><N who="2" m="34346" /><F41/><W23/><G23/><T124/><D124/><N who="1" m="47691" /><E42/><N who="2" m="22727" /><F47/><W100/><G94/><T70/><D70/><U22/><E22/><V126/><F126/><W97/><G100/><T87/><D87/><U10/><E10/><V113/><F8/><W62/><G62/><T17/><AGARI ba="1,1" hai="16,17,18,28,30,31,48,51" m="47146,45673" machi="17" ten="40,8000,1" yaku="28,2,13,1,54,1" doraHai="96" who="0" fromWho="0" sc="249,93,406,-41,129,-21,206,-21" /><INIT seed="6,0,0,0,3,118" ten="342,365,108,185" oya="2" hai0="50,30,43,53,32,130,85,14,67,11,116,127,75" hai1="100,23,16,78,105,134,132,19,88,15,133,90,126" hai2="93,62,28,123,34,8,39,131,49,25,48,45,0" hai3="94,103,55,61,24,60,64,13,51,66,71,122,119"/><V107/><F107/><W91/><G119/><T42/><D116/><U86/><E126/><V95/><F131/><W35/><G103/><T101/><D130/><U96/><E78/><V12/><F62/><W97/><G13/><T99/><D75/><U69/><E69/><V46/><F39/><W87/><G35/><T104/><D127/><U26/><REACH who="1" step="1"/><E86/><REACH who="1" ten="342,355,108,185" step="2"/><V38/><F38/><W113/><G87/><T108/><D85/><U2/><E2/><V80/><F0/><W9/><G71/><T89/><D67/><U27/><E27/><V73/><F80/><W47/><G24/><T29/><D108/><U82/><E82/><V5/><F73/><W120/><G64/><T72/><D72/><U65/><E65/><V59/><F59/><W10/><G66/><T17/><D32/><U83/><E83/><V7/><F46/><W135/><G135/><T54/><D89/><U68/><E68/><V41/><F48/><W114/><G60/><T1/><D1/><U6/><E6/><V70/><F7/><W56/><G61/><T57/><REACH who="0" step="1"/><D54/><REACH who="0" ten="332,355,108,185" step="2"/><U58/><E58/><V84/><F70/><W112/><G56/><T81/><D81/><U74/><E74/><V77/><F77/><W110/><G110/><T40/><AGARI ba="0,2" hai="11,14,17,29,30,40,42,43,50,53,57,99,101,104" machi="40" ten="30,2000,0" yaku="1,1,0,1,53,0" doraHai="118" doraHaiUra="18" who="0" fromWho="0" sc="332,40,355,-5,108,-10,185,-5" /><INIT seed="7,0,0,2,4,56" ten="372,350,98,180" oya="3" hai0="102,125,47,63,133,76,0,40,5,6,36,119,112" hai1="71,83,95,126,57,106,114,27,100,37,9,121,74" hai2="124,82,48,77,87,94,79,98,65,73,43,78,34" hai3="101,72,103,22,59,105,49,61,15,128,13,41,110"/><W33/><G33/><T130/><D119/><U111/><E71/><V7/><F34/><W38/><G72/><T50/><D102/><U68/><E68/><V117/><F7/><N who="0" m="2570" /><D0/><U4/><E37/><V39/><F65/><W69/><G110/><T91/><D112/><U32/><E106/><V12/><F48/><W113/><G113/><T31/><D125/><U45/><E114/><V131/><F12/><W75/><G75/><T44/><D130/><U52/><E121/><V104/><F43/><W92/><G105/><T54/><D133/><U129/><E111/><V115/><F39/><W90/><G128/><T109/><D109/><U107/><E107/><V8/><F8/><W28/><G69/><T97/><D76/><N who="2" m="29290" /><F115/><W127/><G13/><T11/><D11/><U58/><E74/><V85/><F131/><W132/><G49/><N who="0" m="26759" /><D31/><U135/><E129/><V18/><F18/><W122/><G59/><N who="0" m="35319" /><D36/><U62/><E135/><V99/><F117/><W29/><G22/><T2/><D2/><U53/><E126/><V20/><F20/><W25/><G127/><T24/><D24/><U1/><E45/><V88/><F124/><W17/><G17/><T80/><D80/><U23/><E32/><V120/><F120/><W108/><G15/><T26/><D26/><U134/><E134/><V51/><F51/><W46/><G46/><T10/><D10/><U67/><E83/><V14/><F14/><W93/><G41/><N who="0" m="24943" /><D97/><N who="2" m="36874" /><F104/><W19/><G38/><T55/><D55/><N who="1" m="21067" /><E58/><V86/><AGARI ba="0,0" hai="73,79,82,85,86,87,88,94" m="36874,29290" machi="86" ten="30,12000,2" yaku="35,5,54,1" doraHai="56" who="2" fromWho="2" sc="372,-30,350,-30,98,120,180,-60" owari="342,44.0,320,12.0,218,-18.0,120,-38.0" /></mjloggm>