<mjloggm ver="2.3"><GO type="41" lobby="0"/><UN n0="%E5%B0%B1%E6%B4%BB%E7%94%9F%40%E5%B7%9D%E6%9D%91%E8%BB%8D%E5%9B%A3" n1="%E9%A6%99%E3%81%B0%E3%81%97%E3%81%84%E3%81%8A%E3%81%A3%E3%81%95%E3%82%93" n2="%70%73%6D%66%6B%65%6A%65" n3="%E3%81%84%E3%81%8B%E3%81%8F%E3%82%93" dan="15,13,15,14" rate="2015.30,1897.58,2038.99,1916.11" sx="M,F,M,M"/><TAIKYOKU oya="0"/><INIT seed="0,0,0,4,2,114" ten="250,250,250,250" oya="0" hai0="50,43,84,61,48,25,113,23,112,115,85,21,97" hai1="62,82,57,18,135,78,4,45,81,100,8,73,99" hai2="56,126,3,83,121,132,0,19,49,119,10,128,9" hai3="29,41,16,31,39,53,109,32,12,2,130,66,70"/><T120/><D120/><U22/><E81/><V127/><F121/><W77/><G130/><T54/><D97/><U42/><E135/><V68/><F68/><W134/><G109/><T123/><D123/><U13/><E99/><V7/><F132/><W28/><G134/><T98/><D98/><U131/><E131/><V69/><F69/><W106/><G2/><T124/><D124/><N who="2" m="47658" /><F128/><W40/><G106/><T105/><D105/><U52/><E100/><V58/><F83/><W86/><G39/><T107/><D107/><U89/><E89/><V26/><F26/><W79/><G70/><T110/><D110/><U14/><E45/><V76/><F76/><W111/><G77/><T59/><D23/><U36/><E36/><V74/><F74/><W96/><G79/><T95/><D43/><U117/><E42/><V46/><F119/><W27/><G111/><T129/><D129/><U33/><REACH who="1" step="1"/><E33/><REACH who="1" ten="250,240,250,250" step="2"/><V44/><F44/><W5/><G32/><T55/><D95/><U11/><E11/><V47/><F47/><W104/><G104/><T101/><D101/><U75/><E75/><V60/><F46/><W65/><G41/><T122/><D122/><U35/><E35/><V67/><F10/><W93/><G40/><T37/><D37/><U133/><E133/><V20/><F9/><W6/><G96/><T63/><D85/><U125/><E125/><V17/><F7/><W87/><G86/><T116/><D84/><U24/><E24/><V92/><F0/><W15/><G87/><T88/><D113/><U102/><E102/><V72/><F3/><W118/><G27/><RYUUKYOKU ba="0,1" sc="250,-10,240,30,250,-10,250,-10" hai1="4,8,13,14,18,22,52,57,62,73,78,82,117" /><INIT seed="1,1,1,1,0,135" ten="240,270,240,240" oya="1" hai0="74,118,103,63,113,48,64,98,125,105,47,62,90" hai1="107,115,52,104,133,89,45,80,55,130,78,111,60" hai2="57,29,77,8,119,39,7,15,18,12,42,19,53" hai3="5,121,132,131,83,4,84,10,109,41,86,40,46"/><U126/><E89/><V99/><F119/><W100/><G132/><T97/><D113/><U36/><E133/><V6/><F77/><W108/><G131/><T69/><D118/><U71/><E115/><V95/><F29/><W79/><G121/><T76/><D63/><U134/><E134/><V13/><F42/><W43/><G100/><T37/><D37/><U114/><E114/><V14/><F39/><W68/><G68/><T82/><D97/><U1/><E1/><V27/><F27/><W93/><G93/><T26/><D26/><U38/><E130/><V21/><F21/><W24/><G24/><T25/><D25/><U22/><E22/><V66/><F66/><W70/><G70/><T0/><D0/><U94/><E94/><V101/><F19/><W16/><G4/><T124/><REACH who="0" step="1"/><D90/><REACH who="0" ten="230,270,240,240" step="2"/><U2/><E2/><V72/><F72/><W58/><G108/><T9/><D9/><U17/><E111/><V50/><AGARI ba="1,2" hai="6,7,8,12,13,14,15,18,50,53,57,95,99,101" machi="50" ten="30,2000,0" yaku="0,1,8,1" doraHai="135" who="2" fromWho="2" sc="230,-6,270,-11,240,43,240,-6" /><INIT seed="2,0,0,0,1,131" ten="224,259,283,234" oya="2" hai0="82,49,44,33,14,43,56,34,135,127,38,102,31" hai1="114,40,93,42,19,94,132,65,17,24,67,29,90" hai2="23,16,77,128,123,108,101,134,111,0,22,3,69" hai3="88,58,2,81,64,76,4,32,37,117,74,10,66"/><V105/><F69/><W18/><G117/><T125/><D102/><U99/><E29/><V87/><F123/><W5/><G5/><T89/><D14/><U85/><E114/><V28/><F128/><W130/><G130/><T97/><D31/><U25/><E99/><N who="2" m="61631" /><F28/><W78/><G78/><T21/><D21/><U84/><REACH who="1" step="1"/><E90/><REACH who="1" ten="224,249,283,234" step="2"/><V92/><F77/><W13/><G88/><T118/><D97/><U86/><E86/><V126/><F87/><W96/><G96/><T110/><D34/><U1/><E1/><V59/><F0/><W98/><G32/><T50/><D33/><U100/><E100/><V71/><F3/><W106/><G98/><T95/><D89/><U109/><E109/><V6/><F108/><W45/><G76/><T54/><D110/><U133/><AGARI ba="0,1" hai="17,19,24,25,40,42,65,67,84,85,93,94,132,133" machi="133" ten="25,12000,2" yaku="1,1,0,1,22,2,52,2,53,0" doraHai="131" doraHaiUra="47" who="1" fromWho="1" sc="224,-30,249,130,283,-60,234,-30" /><INIT seed="3,0,0,0,3,71" ten="194,379,223,204" oya="3" hai0="124,75,83,69,42,29,120,109,62,94,113,102,48" hai1="89,64,114,77,108,37,56,115,103,117,55,21,68" hai2="58,8,52,100,14,112,3,88,46,66,2,23,41" hai3="119,24,10,44,1,27,125,50,67,22,90,107,63"/><W13/><G119/><T30/><D120/><U31/><E89/><V131/><F100/><W122/><G125/><T59/><D69/><U15/><E68/><V87/><F112/><W26/><G122/><T135/><D113/><U49/><E64/><V82/><F131/><W38/><G107/><T86/><D75/><U72/><E15/><V4/><F66/><W7/><G38/><T80/><D124/><U95/><E21/><V104/><F23/><W98/><G63/><T12/><D109/><U110/><E31/><V18/><F4/><W39/><G39/><T91/><D135/><U36/><E95/><V33/><F33/><W35/><G67/><T32/><D32/><U47/><E103/><V126/><F104/><W70/><G70/><T28/><D12/><U9/><E9/><V116/><F116/><W60/><G60/><T84/><D102/><U79/><E49/><V121/><F121/><W20/><G35/><T106/><D106/><U85/><E56/><V76/><F76/><W0/><G0/><T97/><D48/><U99/><E72/><V25/><F25/><W74/><G74/><T130/><D42/><U73/><E73/><V65/><F65/><W127/><G127/><T132/><D132/><U123/><E117/><V45/><F126/><W96/><G1/><N who="2" m="9" /><F41/><N who="3" m="24847" /><G90/><T133/><D133/><U118/><E118/><V17/><F17/><W19/><G7/><T129/><D129/><U5/><E123/><V16/><F18/><W101/><G101/><T111/><D130/><U134/><E115/><V57/><F46/><W92/><G98/><T34/><D91/><RYUUKYOKU ba="0,0" sc="194,-15,379,-15,223,15,204,15" hai2="8,14,16,45,52,57,58,82,87,88" hai3="10,13,19,20,22,24,26,27,92,96" /><INIT seed="3,1,0,1,0,64" ten="179,364,238,219" oya="3" hai0="103,75,61,85,9,93,87,70,59,51,98,94,5" hai1="123,35,122,132,66,43,58,84,117,63,91,11,119" hai2="68,10,106,34,13,78,57,32,129,20,105,90,7" hai3="134,92,131,73,21,125,62,65,82,135,42,0,37"/><W116/><G116/><N who="1" m="44618" /><E35/><V80/><F68/><N who="3" m="42039" /><G0/><T14/><D75/><U38/><E132/><N who="3" m="50730" /><G125/><T72/><D72/><U49/><E11/><V40/><F129/><W4/><G131/><T19/><D93/><N who="1" m="54503" /><E38/><V112/><F112/><W25/><G92/><T121/><D121/><U115/><E115/><V128/><F128/><W47/><G4/><T114/><D114/><U8/><E8/><V48/><F106/><W113/><G113/><T124/><D124/><U104/><E104/><V79/><F105/><W15/><G15/><T6/><D6/><U74/><E74/><V60/><F79/><W102/><G102/><T108/><D108/><U1/><E1/><V30/><F78/><W24/><G21/><T69/><D5/><U33/><E33/><V3/><F3/><W71/><G71/><T27/><D27/><U28/><E28/><V2/><F2/><W118/><G118/><T83/><D51/><U53/><E43/><V81/><F34/><W97/><G97/><T56/><D56/><AGARI ba="1,0" hai="49,53,56,58,63,66,122,123" m="54503,44618" machi="56" ten="30,1000,0" yaku="12,1" doraHai="64" who="1" fromWho="0" sc="179,-13,364,13,238,0,219,0" /><INIT seed="4,0,0,2,0,115" ten="166,377,238,219" oya="0" hai0="129,28,89,55,21,113,29,134,61,109,98,99,38" hai1="110,46,132,79,22,81,56,127,78,13,24,74,19" hai2="14,52,71,87,101,104,15,9,51,48,111,49,33" hai3="118,84,120,50,95,57,18,17,0,126,93,66,16"/><T12/><D38/><U97/><E79/><V73/><F73/><W122/><G0/><T75/><D75/><U123/><E123/><N who="3" m="47146" /><G126/><T68/><D113/><U77/><E77/><V6/><F33/><W41/><G118/><T91/><D109/><U112/><E132/><V108/><F71/><W32/><G32/><T47/><D134/><U100/><E127/><V125/><F125/><W37/><G37/><T65/><D129/><U8/><E46/><V105/><F105/><W107/><G107/><T85/><D89/><U82/><E112/><V83/><F108/><W121/><G121/><T30/><D47/><U45/><E45/><V60/><F111/><W76/><G41/><T34/><D34/><U80/><E56/><V26/><F26/><W11/><G11/><T103/><D55/><U54/><E54/><V7/><F104/><W102/><G102/><T116/><D116/><U88/><E110/><V69/><F101/><W36/><G36/><T31/><D103/><U1/><E1/><V43/><F43/><W62/><G50/><N who="2" m="19561" /><F69/><W42/><G42/><T20/><N who="0" m="7680" /><DORA hai="92" /><T40/><D40/><U117/><E100/><V67/><F51/><W35/><G35/><T70/><D70/><U64/><E117/><V72/><F72/><W3/><G3/><T27/><D27/><U63/><E24/><V44/><F44/><W119/><G119/><T39/><D39/><U2/><E74/><V124/><F124/><W4/><G4/><T23/><REACH who="0" step="1"/><D12/><REACH who="0" ten="156,377,238,219" step="2"/><U86/><E13/><V96/><F15/><W53/><G53/><T10/><D10/><U5/><E8/><RYUUKYOKU ba="0,1" sc="156,15,377,-15,238,-15,219,15" hai0="20,21,23,61,65,68,85,91,98,99" hai3="16,17,18,57,62,66,76,84,93,95" /><INIT seed="4,1,1,1,2,102" ten="171,362,223,234" oya="0" hai0="58,61,96,25,75,114,34,10,26,29,23,98,67" hai1="0,83,36,135,130,94,8,104,100,119,103,62,5" hai2="45,18,59,14,122,93,54,12,78,41,95,38,9" hai3="2,35,109,82,49,126,69,117,57,46,60,24,17"/><T16/><D75/><U11/><E36/><V85/><F122/><W32/><G117/><T110/><D110/><U39/><E39/><V52/><F54/><W91/><G109/><T113/><REACH who="0" step="1"/><D10/><REACH who="0" ten="161,362,223,234" step="2"/><U76/><E119/><V42/><F42/><W105/><G126/><T56/><D56/><U92/><E11/><V33/><F33/><W66/><G35/><T127/><D127/><U133/><E130/><V72/><F72/><W116/><G116/><T131/><D131/><U20/><E20/><V19/><F78/><W7/><G32/><T21/><D21/><U121/><E121/><V107/><F107/><W30/><G105/><T22/><D22/><U27/><E104/><V112/><F85/><W43/><G57/><T129/><D129/><U99/><E99/><AGARI ba="1,2" hai="16,23,25,26,29,34,58,61,67,96,98,99,113,114" machi="99" ten="40,3900,0" yaku="1,1,54,1,53,0" doraHai="102" doraHaiUra="79" who="0" fromWho="1" sc="161,62,362,-42,223,0,234,0" /><INIT seed="4,2,0,0,1,32" ten="223,320,223,234" oya="0" hai0="50,39,131,34,14,60,37,6,47,68,54,70,16" hai1="58,79,77,42,75,72,89,90,8,25,91,66,78" hai2="46,26,24,93,59,28,4,111,62,67,122,135,103" hai3="43,29,129,86,99,121,85,117,21,81,1,130,9"/><T92/><D34/><U30/><E42/><V3/><F122/><W33/><G117/><T123/><D123/><U128/><E128/><N who="3" m="49258" /><G121/><T17/><D131/><U23/><E8/><V97/><F111/><W61/><G33/><T57/><D6/><U65/><REACH who="1" step="1"/><E58/><REACH who="1" ten="223,310,223,234" step="2"/><V80/><F46/><W63/><G43/><T98/><D70/><U95/><E95/><V44/><F44/><W100/><G9/><T52/><D68/><U116/><E116/><V115/><F4/><W106/><G106/><T94/><D94/><U40/><E40/><V108/><F108/><W96/><G81/><T31/><D31/><U118/><E118/><V45/><F45/><W19/><G29/><T73/><D17/><U105/><E105/><V38/><F80/><W84/><G19/><T126/><D126/><U0/><E0/><V110/><F3/><W124/><G1/><T125/><D125/><U49/><E49/><V27/><F110/><W15/><G124/><T119/><D119/><U5/><E5/><V104/><F104/><W74/><G61/><T53/><D73/><AGARI ba="2,1" hai="23,25,30,65,66,72,73,75,77,78,79,89,90,91" machi="73" ten="50,1600,0" yaku="1,1,53,0" doraHai="32" doraHaiUra="101" who="1" fromWho="0" sc="223,-22,310,32,223,0,234,0" /><INIT seed="5,0,0,4,5,17" ten="201,342,223,234" oya="1" hai0="121,126,11,56,77,68,45,33,127,12,89,81,67" hai1="14,129,53,97,101,61,108,55,116,69,23,78,42" hai2="58,10,65,7,19,92,87,85,104,122,26,51,119" hai3="90,15,6,98,0,52,117,112,123,91,66,62,103"/><U110/><E78/><V113/><F104/><W131/><G112/><T4/><D33/><U73/><E73/><V76/><F119/><W95/><G123/><T18/><D68/><U8/><E116/><V37/><F37/><W38/><G131/><T21/><D121/><U107/><E42/><V134/><F122/><W2/><G91/><T5/><D45/><U120/><E120/><V43/><F134/><W125/><G125/><N who="0" m="47627" /><D89/><U40/><E40/><V96/><F113/><W84/><G117/><T48/><D11/><U70/><E129/><V13/><F65/><W27/><G38/><T29/><D29/><U30/><E8/><V9/><F76/><W16/><G66/><T1/><D1/><U128/><E128/><V47/><F58/><W94/><G2/><T64/><D64/><N who="1" m="41103" /><E70/><V60/><F60/><W105/><G62/><N who="0" m="38343" /><D48/><U32/><E32/><V41/><F41/><W22/><G0/><T124/><D124/><U111/><E14/><N who="2" m="5439" /><F26/><AGARI ba="0,0" hai="23,26,30,53,55,97,101,107,108,110,111" m="41103" machi="26" ten="30,2900,0" yaku="10,1,52,1" doraHai="17" who="1" fromWho="2" sc="201,0,342,29,223,-29,234,0" /><INIT seed="5,1,0,2,2,131" ten="201,371,194,234" oya="1" hai0="49,13,132,68,56,1,27,12,80,123,84,19,115" hai1="11,9,46,40,76,101,7,41,110,26,25,39,90" hai2="88,58,3,24,112,73,106,87,107,118,83,36,74" hai3="96,130,125,2,109,120,64,108,71,89,61,31,22"/><U103/><E76/><V42/><F3/><W33/><G120/><T70/><D1/><U75/><E75/><V18/><F118/><W111/><G130/><T48/><D123/><U135/><E110/><V38/><F112/><W20/><G22/><T57/><D115/><U63/><E63/><V62/><F38/><W32/><G20/><N who="0" m="13727" /><D70/><U66/><E90/><V98/><F42/><W30/><G125/><T78/><D68/><U102/><E66/><V129/><F36/><W34/><G2/><T127/><D132/><U85/><E85/><V67/><F129/><W8/><G8/><T0/><D0/><U86/><E86/><V133/><F133/><W21/><G21/><T97/><D97/><U100/><E135/><V116/><F116/><W82/><G82/><T50/><D127/><U72/><E72/><V113/><F113/><W79/><G79/><T43/><D43/><U105/><E40/><V29/><F18/><W134/><G134/><T28/><D28/><U81/><E105/><V59/><F58/><AGARI ba="1,0" hai="12,13,48,49,50,56,57,58,78,80,84" m="13727" machi="58" ten="30,1000,0" yaku="8,1" doraHai="131" who="0" fromWho="2" sc="201,13,371,0,194,-13,234,0" /><INIT seed="6,0,0,3,2,50" ten="214,371,181,234" oya="2" hai0="113,116,33,20,1,34,95,101,18,123,128,19,17" hai1="97,129,48,51,105,23,108,49,32,64,85,117,61" hai2="10,42,41,22,99,131,55,106,68,36,14,73,111" hai3="90,118,103,11,78,76,100,4,27,7,77,79,52"/><V114/><F73/><W84/><G118/><T134/><D123/><U9/><E32/><V80/><F68/><W83/><G27/><T82/><D1/><U66/><E117/><V26/><F111/><W89/><G7/><T44/><D116/><U67/><E108/><V65/><F65/><W13/><G100/><T121/><D121/><U91/><E9/><V120/><F120/><W47/><G103/><T74/><D113/><U43/><E23/><V132/><F114/><W0/><G0/><T12/><D128/><U98/><E129/><V5/><F131/><W94/><G94/><T53/><D134/><U126/><E126/><V135/><F36/><W28/><G28/><T35/><D82/><U8/><E8/><V56/><F80/><W63/><G63/><T93/><D74/><U87/><E61/><N who="2" m="35999" /><F106/><W92/><G92/><T81/><D81/><U115/><E105/><V96/><F135/><W62/><G62/><T58/><D44/><U125/><E125/><V70/><F70/><W86/><G86/><N who="1" m="32778" /><E115/><V46/><F46/><W30/><G30/><T119/><D95/><N who="1" m="56575" /><E98/><N who="2" m="37419" /><F132/><W104/><G104/><T25/><D119/><U21/><E21/><V124/><F124/><W130/><G130/><T59/><D93/><U6/><E43/><V112/><F112/><W39/><G39/><T127/><D101/><U3/><E3/><V38/><F38/><W60/><G60/><N who="0" m="35919" /><D127/><U45/><E45/><V54/><F54/><W107/><G107/><T133/><D133/><U15/><E67/><V24/><F24/><W75/><G75/><T57/><D25/><U122/><E122/><RYUUKYOKU ba="0,0" sc="214,0,371,0,181,0,234,0" hai0="12,17,18,19,20,33,34,35,57,59" hai1="6,15,48,49,51,64,66" hai2="5,10,14,22,26,41,42" hai3="4,11,13,47,52,76,77,78,79,83,84,89,90" /><INIT seed="6,1,0,5,5,98" ten="214,371,181,234" oya="2" hai0="56,12,6,33,79,77,11,53,21,123,131,16,127" hai1="57,25,111,130,32,17,29,112,88,38,67,13,110" hai2="100,94,128,14,42,92,15,28,3,117,90,95,8" hai3="113,133,22,83,19,4,66,73,30,115,89,106,96"/><V49/><F117/><W107/><G133/><T60/><D123/><U125/><E38/><V5/><F128/><W84/><G30/><T58/><D33/><U85/><E130/><V103/><F3/><W27/><G66/><N who="0" m="39175" /><D127/><U64/><E125/><V1/><F1/><W2/><G4/><T23/><D131/><U44/><E44/><N who="2" m="25751" /><F28/><W51/><G2/><T50/><D23/><U126/><E126/><V76/><F76/><W104/><G51/><T18/><D6/><U102/><E112/><N who="3" m="43082" /><G73/><T40/><D40/><U81/><E111/><V55/><F55/><W36/><G36/><T75/><D75/><U114/><E114/><V124/><F124/><W121/><G121/><T72/><D72/><U43/><E110/><V74/><F74/><W109/><G109/><T35/><D35/><U99/><E43/><V134/><F134/><W24/><G24/><AGARI ba="1,0" hai="11,12,16,18,21,24,50,53,58,77,79" m="39175" machi="24" ten="30,2000,0" yaku="8,1,54,1" doraHai="98" who="0" fromWho="3" sc="214,23,371,0,181,0,234,-23" /><INIT seed="7,0,0,1,4,95" ten="237,371,181,211" oya="3" hai0="100,90,29,2,114,15,27,113,38,75,84,25,17" hai1="129,116,83,121,123,120,24,78,8,54,63,125,92" hai2="45,117,26,69,21,79,62,66,105,48,9,5,112" hai3="97,124,35,61,28,43,1,3,103,104,110,96,111"/><W70/><G124/><T67/><D75/><U115/><E8/><V133/><F133/><W36/><G36/><T71/><D2/><U49/><E63/><V81/><F117/><W57/><G43/><T94/><D38/><U40/><E40/><V30/><F112/><N who="0" m="43114" /><D100/><U72/><E92/><V131/><F131/><W68/><G57/><T135/><D135/><U11/><E11/><V87/><F105/><N who="3" m="63719" /><G61/><N who="0" m="40431" /><D29/><U18/><E125/><V102/><F102/><N who="3" m="62543" /><G68/><T37/><D37/><U130/><E116/><V132/><F132/><W108/><G70/><T51/><D51/><U39/><E39/><V22/><F22/><AGARI ba="0,0" hai="15,17,22,25,27,84,90,94" m="40431,43114" machi="22" ten="30,2000,0" yaku="15,1,11,1" doraHai="95" who="0" fromWho="2" sc="237,20,371,0,181,-20,211,0" owari="257,6.0,371,47.0,161,-34.0,211,-19.0" /></mjloggm>