<mjloggm ver="2.3"><GO type="97" lobby="0"/><UN n0="%E5%B0%B1%E6%B4%BB%E7%94%9F%40%E5%B7%9D%E6%9D%91%E8%BB%8D%E5%9B%A3" n1="%E5%AE%9F%E6%8A%80%E3%81%A7%E3%81%AD%E2%98%86" n2="%42%69%67%42%6F%6E%75%73" n3="%E2%98%85%E9%9B%85%E2%98%85" dan="15,13,14,13" rate="2057.47,1920.25,1923.99,1923.97" sx="M,M,M,M"/><TAIKYOKU oya="0"/><INIT seed="0,0,0,2,1,11" ten="250,250,250,250" oya="0" hai0="14,3,129,47,101,78,65,46,23,58,22,93,54" hai1="50,121,83,59,53,131,13,2,116,105,124,48,20" hai2="63,51,66,134,85,39,0,21,108,90,52,111,15" hai3="32,80,18,117,104,109,132,68,16,43,19,40,112"/><T12/><D3/><U82/><E116/><V70/><F0/><W5/><G117/><T9/><D65/><U114/><E121/><V89/><F39/><W8/><G104/><T98/><D78/><U135/><E105/><V103/><F103/><W35/><G68/><T99/><D129/><U87/><E135/><V77/><F77/><W6/><G112/><T4/><D98/><U41/><E131/><V128/><F128/><W106/><G106/><T1/><D1/><U119/><E119/><V125/><F134/><W24/><G132/><T62/><D22/><U91/><E2/><V7/><F125/><W25/><G80/><T10/><D23/><U49/><E124/><V130/><F130/><W86/><G86/><T33/><D33/><N who="3" m="12873" /><G109/><T31/><D31/><U72/><E41/><N who="3" m="15946" /><G8/><T95/><D95/><N who="1" m="54783" /><E72/><V61/><F61/><W44/><G44/><T123/><D123/><U84/><E114/><V71/><F71/><W45/><G45/><T28/><D28/><U118/><E118/><V92/><F90/><W102/><G102/><T67/><D67/><U122/><E122/><V17/><REACH who="2" step="1"/><F7/><AGARI ba="0,0" hai="5,6,7,16,18,19,24,25" m="15946,12873" machi="7" ten="40,5200,0" yaku="28,2,54,1" doraHai="11" who="3" fromWho="2" sc="250,0,250,0,250,-52,250,52" /><AGARI ba="0,0" hai="4,7,9,10,12,14,46,47,54,58,62,93,99,101" machi="7" ten="30,12000,1" yaku="7,1,9,1,8,1,52,2" doraHai="11" who="0" fromWho="2" sc="250,120,250,0,198,-120,302,0" /><INIT seed="0,1,0,0,0,9" ten="370,250,78,302" oya="0" hai0="69,109,17,73,53,101,5,15,119,44,22,23,58" hai1="121,128,113,64,129,34,7,56,114,0,116,106,28" hai2="134,78,29,115,49,118,103,3,11,74,93,66,37" hai3="70,80,84,91,102,105,124,75,86,50,30,87,135"/><T48/><D69/><U12/><E106/><V60/><F37/><W39/><G70/><T32/><D32/><U67/><E56/><V88/><F115/><N who="1" m="44041" /><E67/><V16/><F29/><W104/><G39/><T43/><D73/><U120/><E64/><V51/><F118/><W42/><G30/><T41/><D119/><U94/><E94/><V8/><F3/><W33/><G33/><T63/><D109/><U20/><E116/><V18/><F78/><N who="3" m="44127" /><G50/><N who="2" m="18953" /><F74/><W10/><G10/><N who="2" m="3625" /><F103/><W38/><G42/><N who="0" m="24599" /><D5/><U47/><E47/><V13/><F134/><W117/><G38/><T83/><D101/><U111/><E111/><V95/><F95/><N who="3" m="54759" /><G117/><T35/><D35/><U62/><E62/><V107/><F107/><N who="3" m="41035" /><G135/><T100/><D100/><U133/><E133/><V25/><F25/><W72/><G124/><T126/><D126/><U112/><N who="1" m="44049" /><U27/><DORA hai="52" /><E0/><V98/><F13/><W55/><G55/><T92/><D83/><U130/><E7/><V125/><F125/><W89/><G102/><T71/><D71/><U46/><E46/><V14/><F14/><W4/><G4/><T96/><D23/><U40/><E40/><V97/><F97/><W110/><G110/><T79/><D79/><U82/><E34/><V36/><F36/><W131/><G131/><N who="1" m="33538" /><U6/><DORA hai="76" /><E6/><V31/><F31/><W45/><G45/><T57/><D57/><AGARI ba="1,0" hai="16,18,57,60,66,88,93,98" m="3625,18953" machi="57" ten="30,7700,0" yaku="8,1,52,1,54,2" doraHai="9,52,76" who="2" fromWho="0" sc="370,-80,250,0,78,80,302,0" /><INIT seed="1,0,0,4,0,36" ten="290,250,158,302" oya="1" hai0="129,32,55,103,133,35,61,108,124,44,72,131,39" hai1="66,24,13,3,83,56,8,57,52,82,48,92,5" hai2="69,125,111,23,128,94,116,85,71,11,50,112,123" hai3="2,19,34,109,15,75,114,117,68,17,64,22,93"/><U38/><E38/><V0/><F123/><W33/><G75/><T70/><D72/><U25/><E3/><V126/><F116/><W84/><G114/><T30/><D124/><N who="2" m="47722" /><F111/><W80/><G109/><T62/><D108/><U29/><E92/><V58/><F112/><W31/><G2/><T47/><D133/><U86/><E29/><V51/><F23/><W102/><G31/><T118/><D103/><U9/><E9/><V101/><F58/><W76/><G117/><T4/><D4/><U77/><REACH who="1" step="1"/><E83/><REACH who="1" ten="290,240,158,302" step="2"/><V14/><F0/><W79/><G93/><T115/><D30/><U59/><E59/><V54/><F94/><W10/><G68/><T134/><D70/><U45/><E45/><V130/><F71/><W99/><G34/><T20/><D134/><U104/><E104/><V113/><F69/><W97/><G33/><T95/><D35/><U110/><E110/><V26/><F113/><W100/><G64/><T127/><D32/><U89/><E89/><V27/><F11/><W16/><G76/><T67/><D118/><U74/><E74/><V65/><F101/><N who="3" m="39019" /><G19/><T91/><D115/><U63/><AGARI ba="0,1" hai="5,8,13,24,25,48,52,56,57,63,66,77,82,86" machi="63" ten="30,11700,0" yaku="1,1,0,1,8,1,54,1,53,0" doraHai="36" doraHaiUra="121" who="1" fromWho="1" sc="290,-39,240,127,158,-39,302,-39" /><INIT seed="1,1,0,2,5,57" ten="251,367,119,263" oya="1" hai0="43,22,73,102,60,37,18,32,24,49,89,62,39" hai1="88,94,121,42,111,92,110,19,25,44,78,122,65" hai2="126,35,8,117,125,120,128,10,64,13,51,93,114" hai3="127,48,45,100,115,1,109,56,124,69,7,5,98"/><U38/><E78/><V112/><F93/><W58/><G69/><T72/><D32/><U66/><E94/><V133/><F51/><W116/><G115/><N who="2" m="44073" /><F120/><W87/><G87/><T21/><D102/><U135/><E135/><V76/><F76/><W83/><G83/><T75/><D89/><U3/><E3/><V108/><F64/><W113/><G113/><T47/><REACH who="0" step="1"/><D22/><REACH who="0" ten="241,367,119,263" step="2"/><N who="1" m="13535" /><E122/><V33/><F117/><W36/><G116/><T71/><D71/><U29/><E121/><V28/><F133/><W118/><G118/><T2/><D2/><U46/><E29/><V134/><F134/><W20/><G1/><T67/><D67/><U34/><E34/><N who="2" m="12811" /><F28/><W84/><G20/><T4/><D4/><U79/><E65/><V130/><F108/><N who="1" m="41513" /><E66/><V86/><F86/><W6/><G109/><T77/><D77/><U31/><E79/><V129/><F10/><W85/><G84/><T74/><N who="0" m="18432" /><DORA hai="40" /><T103/><D103/><U132/><E31/><V91/><F91/><W27/><G85/><T15/><D15/><U119/><E132/><V50/><F50/><W41/><G27/><T97/><D97/><N who="1" m="57479" /><E119/><V90/><F90/><W30/><G30/><T99/><D99/><U16/><E16/><AGARI ba="1,1" hai="8,13,16,125,126,128,129,130" m="12811,44073" machi="16" ten="40,8000,1" yaku="19,1,11,1,34,2,54,1" doraHai="57,40" who="2" fromWho="1" sc="241,0,367,-83,119,93,263,0" /><INIT seed="2,0,0,1,0,130" ten="241,284,212,263" oya="2" hai0="15,21,63,67,88,7,38,100,43,55,117,54,13" hai1="126,103,50,19,101,32,105,111,65,121,85,133,35" hai2="95,33,66,132,24,41,82,0,16,73,36,51,58" hai3="135,94,37,40,89,107,14,115,96,48,45,28,12"/><V68/><F0/><W22/><G115/><T49/><D117/><U92/><E111/><V61/><F33/><W3/><G3/><T104/><D104/><U80/><E121/><V70/><F70/><W124/><G124/><T25/><D100/><U99/><E126/><V119/><F119/><W79/><G107/><T118/><D38/><U131/><E131/><V110/><F110/><W1/><G1/><T129/><D129/><U56/><E101/><V106/><F106/><W125/><G125/><T4/><D118/><U75/><E19/><V109/><F109/><W78/><G135/><T27/><D43/><U93/><E93/><V29/><F29/><W46/><G14/><N who="0" m="5131" /><D67/><U127/><E133/><V81/><F68/><W44/><G37/><T98/><D63/><N who="1" m="38119" /><E50/><V71/><F73/><W30/><G40/><T42/><D42/><U83/><E83/><V84/><F132/><W91/><G91/><T108/><D108/><U23/><E23/><N who="2" m="13415" /><F71/><W5/><G48/><T116/><D116/><U90/><E127/><V62/><F62/><W102/><G102/><T72/><D72/><U120/><E120/><V122/><F36/><W34/><G34/><T97/><D97/><U77/><AGARI ba="0,0" hai="32,35,75,77,80,85,90,92,99,103,105" m="38119" machi="77" ten="30,1100,0" yaku="24,1" doraHai="130" who="1" fromWho="1" sc="241,-3,284,11,212,-5,263,-3" /><INIT seed="3,0,0,0,2,68" ten="238,295,207,260" oya="3" hai0="34,114,63,88,96,71,82,53,21,69,78,111,74" hai1="23,8,101,132,79,75,61,94,4,99,52,67,76" hai2="102,73,54,39,121,107,28,33,29,135,24,131,133" hai3="59,81,18,112,60,97,91,129,1,26,86,110,19"/><W2/><G112/><T66/><D34/><U134/><E23/><V64/><F54/><W70/><G70/><T12/><D111/><U35/><E35/><V124/><F29/><W103/><G129/><T117/><D114/><U10/><E75/><V93/><F93/><W95/><G110/><T20/><D117/><U38/><E38/><V125/><F39/><W31/><G2/><T45/><D71/><U48/><E61/><V118/><F64/><W47/><G47/><T77/><D77/><N who="1" m="29771" /><E67/><V100/><F73/><W108/><G1/><T109/><D109/><U0/><E0/><V36/><F36/><W43/><G43/><T5/><D5/><U46/><E4/><V6/><F6/><W22/><G108/><T13/><D13/><U130/><E130/><V49/><F49/><W104/><G104/><T32/><D12/><U128/><E128/><V11/><F11/><W87/><G87/><T30/><D30/><U51/><E51/><V42/><F42/><W80/><G80/><T126/><D32/><U65/><E65/><AGARI ba="0,0" hai="18,19,22,26,31,59,60,65,81,86,91,95,97,103" machi="65" ten="30,11600,0" yaku="7,1,25,2,8,1" doraHai="68" who="3" fromWho="1" sc="238,0,295,-116,207,0,260,116" owari="238,4.0,179,-32.0,207,-19.0,376,47.0" /></mjloggm>