<mjloggm ver="2.3"><GO type="41" lobby="0"/><UN n0="%41%6B%6B%69%79" n1="%E5%B0%B1%E6%B4%BB%E7%94%9F%40%E5%B7%9D%E6%9D%91%E8%BB%8D%E5%9B%A3" n2="%4A%61%6B%69%64%64" n3="%E8%99%9A%E7%A9%BA%E5%81%87%E9%9D%A2" dan="15,17,14,13" rate="1973.10,2110.34,1972.17,1827.73" sx="M,M,M,F"/><TAIKYOKU oya="0"/><INIT seed="0,0,0,4,3,87" ten="250,250,250,250" oya="0" hai0="92,40,102,82,39,19,53,10,123,121,127,125,29" hai1="24,86,126,64,98,71,113,68,27,91,60,34,109" hai2="7,112,76,135,8,124,104,75,59,78,131,32,108" hai3="99,110,21,88,61,48,83,134,5,31,43,133,130"/><T9/><D40/><U49/><E109/><V28/><F59/><W103/><G110/><T95/><D39/><U73/><E73/><V46/><F78/><W74/><G130/><T120/><D29/><U23/><E113/><V89/><F89/><W111/><G5/><T51/><D82/><U15/><E126/><N who="0" m="48137" /><D19/><U41/><E71/><V72/><F8/><N who="0" m="3178" /><D102/><U12/><E34/><V107/><F46/><AGARI ba="0,0" hai="46,51,53,92,95,120,121,123" m="3178,48137" machi="46" ten="40,2000,0" yaku="18,1" doraHai="87" who="0" fromWho="2" sc="250,20,250,0,250,-20,250,0" /><INIT seed="0,1,0,0,1,24" ten="270,250,230,250" oya="0" hai0="43,94,113,42,50,9,70,62,82,63,107,76,44" hai1="12,79,93,133,68,30,104,54,90,15,86,40,56" hai2="81,89,20,117,22,49,5,110,83,8,128,134,53" hai3="51,101,106,10,57,64,87,2,47,102,100,13,105"/><T103/><D107/><U31/><E68/><V125/><F117/><W132/><G2/><T124/><D124/><U91/><E104/><V99/><F125/><W123/><G123/><T34/><D34/><U25/><E133/><V29/><F134/><W126/><G126/><T11/><D43/><U92/><E79/><V130/><F20/><W88/><G132/><T41/><D41/><U61/><E40/><V65/><F65/><W3/><G3/><T85/><D113/><U96/><REACH who="1" step="1"/><E31/><REACH who="1" ten="270,240,230,250" step="2"/><V26/><F110/><W74/><G106/><T7/><D70/><U66/><E66/><V17/><F130/><W16/><G105/><T122/><D122/><U18/><E18/><V109/><F17/><W67/><G74/><T52/><D42/><U55/><E55/><V97/><F109/><W69/><G69/><T4/><D4/><U35/><AGARI ba="1,1" hai="12,15,25,30,35,54,56,61,86,90,91,92,93,96" machi="35" ten="20,5200,0" yaku="1,1,0,1,7,1,52,1,53,0" doraHai="24" doraHaiUra="19" who="1" fromWho="1" sc="270,-27,240,65,230,-14,250,-14" /><INIT seed="1,0,0,1,3,30" ten="243,305,216,236" oya="1" hai0="18,67,89,85,95,75,17,70,84,110,108,68,58" hai1="126,48,119,105,106,133,40,81,96,134,132,35,19" hai2="99,26,80,37,72,123,11,100,44,24,82,88,47" hai3="52,122,115,42,32,127,79,97,57,120,13,38,90"/><U114/><E119/><V111/><F123/><W135/><G115/><T59/><D75/><U16/><E114/><V36/><F11/><W41/><G127/><T22/><D67/><U62/><E126/><V107/><F111/><N who="0" m="42538" /><D85/><U113/><E113/><V125/><F125/><W77/><G135/><T14/><D18/><N who="1" m="6699" /><E62/><V45/><F82/><W1/><G32/><T101/><D101/><N who="1" m="62631" /><E81/><V116/><F116/><W51/><G1/><T92/><D95/><U23/><E23/><V128/><F128/><W131/><G38/><T61/><D61/><U5/><E5/><V15/><F15/><W69/><G69/><AGARI ba="0,0" hai="14,17,22,58,59,68,69,70,84,89,92" m="42538" machi="69" ten="30,1000,0" yaku="14,1" doraHai="30" who="0" fromWho="3" sc="243,10,305,0,216,0,236,-10" /><INIT seed="2,0,0,1,5,2" ten="253,305,216,226" oya="2" hai0="128,131,80,99,42,132,15,95,94,61,70,68,133" hai1="122,21,120,106,40,75,37,12,38,25,14,97,5" hai2="82,35,103,3,31,123,93,87,16,109,73,117,62" hai3="46,13,112,49,126,30,66,23,63,98,104,113,86"/><V121/><F117/><W41/><G126/><T29/><D29/><U47/><E75/><V44/><F62/><W19/><G30/><T89/><D42/><U85/><E38/><V124/><F73/><W83/><G104/><T134/><D61/><U9/><E85/><V26/><F3/><W7/><G98/><T36/><D36/><U51/><E37/><V101/><F124/><W39/><G39/><T67/><D67/><U107/><E14/><V55/><F103/><W8/><G112/><T102/><D15/><U17/><REACH who="1" step="1"/><E97/><REACH who="1" ten="253,295,216,226" step="2"/><V22/><F123/><AGARI ba="0,1" hai="5,9,12,17,21,25,40,47,51,106,107,120,122,123" machi="123" ten="40,8000,1" yaku="1,1,2,1,13,1,52,1,53,0" doraHai="2" doraHaiUra="53" who="1" fromWho="2" sc="253,0,295,90,216,-80,226,0" /><INIT seed="3,0,0,3,4,16" ten="253,385,136,226" oya="3" hai0="129,44,128,67,118,64,36,135,90,124,47,82,72" hai1="104,111,28,3,80,87,110,75,119,113,43,12,19" hai2="121,26,24,53,98,92,4,20,95,0,85,68,6" hai3="130,94,107,42,54,31,52,49,108,9,8,133,22"/><W37/><G130/><T15/><D118/><U100/><E3/><V86/><F68/><W56/><G133/><T34/><D34/><U127/><E119/><V109/><F0/><W101/><G107/><T48/><D72/><U13/><E113/><V23/><F53/><W102/><G37/><T25/><D25/><U41/><E28/><V58/><F58/><N who="3" m="33039" /><G42/><T103/><D103/><N who="3" m="39433" /><G94/><T11/><D36/><U21/><E75/><V60/><F60/><N who="3" m="35863" /><G108/><N who="1" m="41514" /><E100/><V122/><REACH who="2" step="1"/><F109/><REACH who="2" ten="253,385,126,226" step="2"/><W27/><AGARI ba="0,1" hai="8,9,22,27,31" m="35863,39433,33039" machi="27" ten="30,6000,0" yaku="8,1,52,1,54,1" doraHai="16" who="3" fromWho="3" sc="253,-20,385,-20,126,-20,226,70" /><INIT seed="3,1,0,4,4,95" ten="233,365,106,296" oya="3" hai0="73,68,36,82,45,32,83,46,107,1,30,109,43" hai1="15,16,85,7,62,23,72,39,100,18,93,110,129" hai2="135,28,66,126,57,117,47,81,122,128,75,44,103" hai3="115,92,121,5,13,69,96,35,22,101,2,24,37"/><W112/><G121/><T77/><D83/><U63/><E39/><V86/><F75/><W9/><G69/><T26/><D46/><U25/><E72/><V38/><F117/><W80/><G37/><T31/><D31/><U50/><E129/><V65/><F128/><W51/><G80/><T8/><D109/><U89/><E110/><V108/><F108/><W76/><G76/><T105/><D68/><U70/><E70/><V74/><F74/><W111/><G51/><T130/><D130/><U40/><E7/><AGARI ba="1,0" hai="1,7,8,26,30,32,36,43,45,73,77,82,105,107" machi="7" ten="40,8000,1" yaku="25,2,33,3" doraHai="95" who="0" fromWho="1" sc="233,83,365,-83,106,0,296,0" /><INIT seed="4,0,0,0,4,110" ten="316,282,106,296" oya="0" hai0="103,34,112,5,48,86,78,69,109,89,56,61,130" hai1="17,102,11,132,55,84,40,15,83,3,49,63,45" hai2="126,91,6,129,77,99,114,79,105,65,44,134,47" hai3="38,43,58,120,52,104,107,68,90,14,85,117,21"/><T54/><D34/><U25/><E132/><V127/><F134/><W10/><G117/><T133/><D109/><U35/><E3/><V32/><F32/><W57/><G120/><T13/><D130/><U92/><E35/><V119/><F129/><W71/><G58/><T94/><D103/><U87/><E25/><V24/><F65/><W4/><G21/><T108/><D108/><U88/><E63/><V95/><F119/><W22/><G22/><T125/><D125/><U31/><E31/><V30/><F6/><W128/><G128/><T93/><D78/><U19/><E102/><V0/><F0/><W111/><G111/><T41/><D69/><U131/><E131/><V9/><F9/><W121/><G121/><T123/><D123/><U81/><E81/><V18/><F18/><W106/><G43/><T118/><D118/><U135/><E135/><V50/><F30/><W96/><G38/><T7/><D133/><U66/><E66/><V59/><F24/><W64/><G64/><T20/><D94/><U16/><E40/><V26/><F26/><W29/><G29/><T97/><D97/><U80/><E80/><V33/><F33/><W115/><G96/><T70/><D70/><U124/><E124/><V42/><F105/><W116/><G116/><T27/><D13/><U51/><E51/><V101/><F101/><W37/><G37/><T98/><D98/><U2/><E2/><V39/><F127/><W8/><G71/><T76/><D41/><U60/><E60/><V75/><F42/><W67/><G68/><T73/><D61/><U1/><E1/><RYUUKYOKU ba="0,0" sc="316,-10,282,30,106,-10,296,-10" hai1="11,15,16,17,19,45,49,55,83,84,87,88,92" /><INIT seed="5,1,0,4,0,51" ten="306,312,96,286" oya="1" hai0="43,129,27,1,128,41,69,112,76,91,135,63,29" hai1="122,35,15,94,40,56,2,10,117,65,127,17,66" hai2="103,9,113,118,32,37,11,60,44,68,52,39,34" hai3="134,102,47,125,107,21,49,73,99,108,132,75,87"/><U57/><E117/><V86/><F118/><W59/><G108/><T24/><D1/><U62/><E122/><V67/><F103/><W82/><G21/><T25/><D76/><U90/><E35/><V126/><F126/><W121/><G59/><T131/><D112/><U124/><E2/><V6/><F113/><W89/><G121/><T92/><D135/><N who="3" m="51753" /><G125/><N who="1" m="48202" /><E40/><AGARI ba="1,0" hai="40,47,49,73,75,82,87,89,99,102,107" m="51753" machi="40" ten="30,1000,0" yaku="20,1" doraHai="51" who="3" fromWho="1" sc="306,0,312,-13,96,0,286,13" /><INIT seed="6,0,0,2,0,21" ten="306,299,96,299" oya="2" hai0="0,52,34,126,102,96,20,73,99,80,130,123,127" hai1="33,58,83,111,91,133,71,24,26,106,60,62,18" hai2="84,31,79,1,44,125,105,131,98,103,128,86,55" hai3="114,57,69,119,49,56,104,53,19,82,95,22,25"/><V38/><F1/><W6/><G119/><T27/><D34/><U124/><E111/><V94/><F125/><N who="0" m="47626" /><D0/><U50/><E106/><V17/><F86/><W28/><G104/><T40/><D40/><U46/><E33/><V37/><F17/><W132/><G69/><T8/><D8/><U45/><E71/><V51/><F31/><W12/><G114/><T36/><D36/><U120/><E133/><V3/><F3/><W76/><G132/><T100/><D130/><N who="2" m="49706" /><F94/><W112/><G112/><T129/><D129/><U107/><E107/><V113/><F113/><W5/><G95/><T68/><D68/><U85/><E18/><V90/><F90/><W43/><G57/><T134/><D134/><U10/><E10/><V135/><F135/><W101/><G43/><T67/><D67/><U93/><E93/><V23/><F23/><W74/><REACH who="3" step="1"/><G101/><REACH who="3" ten="306,299,96,289" step="2"/><T39/><D102/><U78/><E124/><V63/><F63/><W77/><G77/><T87/><D100/><U70/><E70/><V108/><F108/><W41/><G41/><T88/><D99/><U4/><E62/><V29/><F29/><W14/><G14/><T59/><D96/><U122/><E78/><V61/><F61/><W72/><G72/><T115/><D73/><U15/><E60/><V65/><F65/><W89/><G89/><T66/><D88/><U110/><E110/><V7/><F7/><W64/><G64/><T13/><D66/><U32/><E4/><V117/><F117/><W35/><AGARI ba="0,1" hai="5,6,12,19,22,25,28,35,49,53,56,74,76,82" machi="35" ten="20,5200,0" yaku="1,1,0,1,7,1,52,1,53,0" doraHai="21" doraHaiUra="109" who="3" fromWho="3" sc="306,-13,299,-13,96,-26,289,62" /><INIT seed="7,0,0,0,5,53" ten="293,286,70,351" oya="3" hai0="36,129,122,49,78,34,75,50,14,25,43,70,107" hai1="134,123,40,85,111,68,54,57,81,102,55,58,62" hai2="124,72,35,103,16,15,63,47,110,66,118,116,92" hai3="64,87,96,38,39,99,77,90,113,132,5,130,48"/><W69/><G113/><T18/><D122/><U2/><E111/><V45/><F72/><W109/><G109/><T8/><D107/><U20/><E2/><V98/><F110/><W97/><G132/><T23/><D70/><U108/><E108/><V32/><F124/><W84/><G130/><T46/><D34/><U29/><E123/><V6/><F35/><W120/><G5/><T121/><D129/><U65/><E134/><V106/><F32/><W22/><G22/><T119/><D119/><U135/><E135/><V24/><F6/><W128/><G128/><T101/><D101/><U51/><E102/><V27/><F106/><W80/><G48/><T1/><D121/><U26/><E40/><V13/><F13/><W125/><G125/><T93/><D93/><U59/><E55/><V17/><F17/><W71/><G120/><T73/><D1/><U60/><E60/><V114/><F114/><W105/><G105/><T88/><D88/><AGARI ba="0,0" hai="20,26,29,51,54,57,58,59,62,65,68,81,85,88" machi="88" ten="30,8000,1" yaku="7,1,52,3,54,1" doraHai="53" who="1" fromWho="0" sc="293,-80,286,80,70,0,351,0" owari="213,-19.0,366,47.0,70,-43.0,351,15.0" /></mjloggm>