<mjloggm ver="2.3"><GO type="225" lobby="0"/><UN n0="%E4%B8%AD%E3%81%AE%E4%B8%8A" n1="%E5%B0%B1%E6%B4%BB%E7%94%9F%40%E5%B7%9D%E6%9D%91%E8%BB%8D%E5%9B%A3" n2="%45%53%54%69" n3="%E5%A4%A9%E7%A9%BA%73%61%79%61" dan="16,16,16,16" rate="2023.89,2050.98,2131.61,2139.02" sx="M,M,M,M"/><TAIKYOKU oya="0"/><INIT seed="0,0,0,4,2,58" ten="250,250,250,250" oya="0" hai0="76,87,60,40,28,5,0,120,79,54,51,133,29" hai1="38,3,114,33,48,49,41,2,126,42,67,121,50" hai2="98,99,47,72,1,43,8,118,83,74,62,88,65" hai3="103,69,117,111,12,21,81,97,35,108,116,80,104"/><T129/><D120/><U132/><E121/><V113/><F113/><W73/><G35/><T131/><D133/><U130/><E33/><V134/><F134/><W102/><G69/><T105/><D105/><U135/><E114/><V55/><F55/><W44/><G44/><N who="0" m="25991" /><D0/><U77/><E77/><N who="0" m="29769" /><D5/><U93/><E93/><V66/><F74/><W27/><G12/><T96/><D96/><U46/><E126/><V94/><F99/><N who="3" m="61567" /><G27/><T82/><D131/><U124/><E124/><V16/><F118/><N who="3" m="45675" /><G21/><T90/><D129/><U19/><E130/><V20/><F66/><W13/><G13/><T36/><D36/><U61/><E42/><V109/><F109/><N who="3" m="42059" /><G73/><T64/><D64/><U84/><E2/><V25/><F1/><W125/><G125/><T24/><D24/><U95/><E3/><V39/><F8/><W89/><G89/><T78/><D78/><U4/><E4/><V23/><F23/><W123/><G123/><T107/><D107/><AGARI ba="0,0" hai="80,81,97,102,107" m="42059,45675,61567" machi="107" ten="30,3900,0" yaku="14,1,34,2" doraHai="58" who="3" fromWho="0" sc="250,-39,250,0,250,0,250,39" /><INIT seed="1,0,0,0,0,79" ten="211,250,250,289" oya="1" hai0="58,90,24,37,26,105,44,57,7,134,3,64,39" hai1="5,29,132,92,56,33,10,94,100,40,108,19,6" hai2="50,88,25,113,117,16,98,27,47,30,85,119,49" hai3="86,120,121,73,36,126,82,20,31,35,115,62,51"/><U91/><E132/><V69/><F69/><W70/><G36/><T80/><D105/><U65/><E40/><V41/><F113/><W22/><G73/><T34/><D134/><U102/><E33/><V99/><F50/><W93/><G115/><T110/><D44/><U131/><E29/><V103/><F27/><W1/><G1/><T76/><D90/><U59/><E131/><V89/><F89/><W55/><G35/><T96/><D96/><N who="1" m="59399" /><E108/><V14/><F103/><W8/><G8/><T125/><D125/><U0/><E0/><V53/><F41/><W54/><G93/><T38/><D110/><U83/><E83/><N who="2" m="49215" /><F119/><W21/><G31/><T135/><D34/><U12/><E102/><V84/><F84/><W122/><G126/><T124/><D3/><U28/><E28/><V123/><F123/><W128/><G128/><T52/><D38/><U11/><E65/><V32/><F117/><W133/><G133/><T71/><D64/><U48/><E48/><V17/><F32/><W112/><G112/><T2/><D39/><U109/><E109/><V18/><F30/><W46/><G51/><T9/><D37/><U63/><E63/><V78/><F78/><N who="3" m="46423" /><G46/><T87/><D71/><U13/><E19/><N who="2" m="7243" /><F14/><W67/><G55/><T101/><D135/><U45/><E45/><V116/><F116/><W129/><G54/><T43/><D124/><U74/><E74/><V111/><F111/><W77/><G129/><T107/><D43/><U95/><E91/><V127/><F127/><W104/><G104/><T81/><D107/><U61/><E61/><V23/><AGARI ba="0,0" hai="18,23,25,47,49,53,98,99" m="7243,49215" machi="23" ten="30,8000,1" yaku="5,1,8,1,52,1,54,2" doraHai="79" who="2" fromWho="2" sc="211,-20,250,-40,250,80,289,-20" /><INIT seed="2,0,0,5,4,95" ten="191,210,330,269" oya="2" hai0="69,63,66,85,67,9,111,97,79,3,104,32,37" hai1="52,25,6,94,23,53,26,59,118,92,31,72,15" hai2="125,135,68,100,8,70,64,133,99,24,101,54,35" hai3="19,29,47,134,107,41,120,128,129,121,126,87,108"/><V127/><F54/><W90/><G107/><T40/><D67/><U58/><E72/><V124/><F8/><W93/><G108/><T75/><D85/><U45/><E118/><V74/><F74/><W13/><G29/><T43/><D111/><U22/><E45/><V116/><F116/><W39/><G126/><T98/><D32/><U36/><E36/><V51/><F51/><W0/><G0/><T65/><D65/><U33/><E33/><V78/><F78/><W82/><G82/><N who="0" m="45439" /><D43/><U11/><E58/><V16/><F101/><W106/><G106/><T61/><D61/><N who="1" m="36071" /><E53/><V80/><F64/><W122/><REACH who="3" step="1"/><G134/><REACH who="3" ten="191,210,330,259" step="2"/><T50/><D104/><U84/><E84/><V132/><F132/><W77/><G77/><T81/><D81/><U119/><E119/><V89/><F135/><W71/><G71/><T12/><D3/><U14/><E14/><V131/><F133/><W105/><G105/><T42/><D12/><U20/><E20/><AGARI ba="0,1" hai="13,19,20,39,41,47,87,90,93,120,121,122,128,129" machi="20" ten="40,1300,0" yaku="1,1,53,0" doraHai="95" doraHaiUra="112" who="3" fromWho="1" sc="191,0,210,-13,330,0,259,23" /><INIT seed="3,0,0,1,3,97" ten="191,197,330,282" oya="3" hai0="115,75,129,24,52,32,11,42,121,55,124,58,29" hai1="112,46,53,67,111,3,134,106,45,119,44,94,92" hai2="10,86,62,60,6,85,131,16,118,96,57,114,105" hai3="39,54,116,59,1,128,14,110,31,88,68,102,127"/><W4/><G1/><T91/><D121/><U50/><E106/><V93/><F114/><W61/><G116/><T9/><D115/><U82/><E3/><V89/><F118/><W70/><G39/><T78/><D124/><U21/><E112/><V49/><F131/><W66/><G128/><T47/><D129/><U101/><E119/><V130/><F130/><W103/><G127/><T90/><D78/><U100/><E111/><V17/><F49/><W71/><G110/><T2/><D75/><U108/><E67/><V117/><F117/><W135/><G135/><T36/><D55/><U98/><E108/><V40/><F40/><W87/><G31/><T23/><D32/><U107/><E134/><V63/><F57/><W77/><G77/><T80/><D80/><U74/><E21/><V69/><F69/><W20/><G66/><T123/><D123/><U125/><E125/><V95/><F105/><W0/><G0/><T43/><D43/><U18/><E18/><N who="2" m="7275" /><F95/><W84/><G20/><T133/><D133/><U65/><E65/><V7/><F10/><N who="0" m="3594" /><D2/><U99/><E107/><V48/><F48/><W132/><G132/><T76/><D76/><AGARI ba="0,0" hai="44,45,46,50,53,74,76,82,92,94,98,99,100,101" machi="76" ten="40,5200,0" yaku="9,1,52,2" doraHai="97" who="1" fromWho="0" sc="191,-52,197,52,330,0,282,0" owari="139,-36.0,249,-15.0,330,43.0,282,8.0" /></mjloggm>