<mjloggm ver="2.3"><GO type="169" lobby="0"/><UN n0="%62%75%74%69%74%61%6D%61" n1="%2E%44%49%56%41" n2="%E5%B0%B1%E6%B4%BB%E7%94%9F%40%E5%B7%9D%E6%9D%91%E8%BB%8D%E5%9B%A3" n3="%48%6F%6F%6F%6F%6F%6F%69" dan="18,16,16,16" rate="2176.09,2062.77,2115.14,2101.00" sx="M,M,M,M"/><TAIKYOKU oya="0"/><INIT seed="0,0,0,2,4,53" ten="250,250,250,250" oya="0" hai0="30,108,94,0,127,45,37,125,99,28,23,93,12" hai1="36,25,74,80,13,78,9,135,58,96,88,83,44" hai2="63,52,21,15,97,8,79,76,104,1,111,56,100" hai3="110,2,55,120,20,66,57,122,117,43,14,124,119"/><T34/><D0/><U18/><E135/><V116/><F111/><W16/><G2/><T42/><D108/><U132/><E132/><V49/><F116/><W75/><G75/><T129/><D129/><U4/><E36/><V29/><F1/><W81/><G110/><T32/><D93/><U38/><E38/><V85/><F85/><W11/><G124/><N who="0" m="47691" /><D12/><U133/><E44/><V101/><F100/><W71/><G43/><T72/><D72/><U47/><E47/><V134/><F134/><W130/><G130/><T115/><D115/><U24/><E133/><V82/><F82/><W112/><G112/><T102/><D23/><U68/><E68/><V31/><F63/><N who="3" m="40415" /><G81/><T86/><D86/><U6/><E74/><V123/><F123/><N who="3" m="47147" /><G20/><T60/><D60/><AGARI ba="0,0" hai="11,14,16,55,57,60,117,119" m="47147,40415" machi="60" ten="30,3900,0" yaku="13,1,52,1,54,1" doraHai="53" who="3" fromWho="0" sc="250,-39,250,0,250,0,250,39" /><INIT seed="1,0,0,0,3,126" ten="211,250,250,289" oya="1" hai0="40,133,8,9,124,11,67,17,108,7,118,65,57" hai1="47,111,107,94,61,117,113,116,38,95,54,44,91" hai2="66,135,31,21,68,14,25,62,45,2,1,50,89" hai3="32,27,123,23,52,75,96,82,69,106,121,29,81"/><U30/><E113/><V119/><F119/><W99/><G99/><T18/><D118/><U46/><E107/><V43/><F135/><W104/><G104/><T0/><D124/><U49/><E111/><V28/><F31/><W56/><G69/><T97/><D133/><U101/><E30/><V76/><F76/><W131/><G32/><T19/><D108/><U3/><E3/><V115/><F115/><W4/><G4/><T84/><D40/><U22/><E22/><V79/><F79/><W13/><G75/><T77/><D97/><U59/><E38/><V39/><F89/><W103/><G13/><T109/><D109/><U100/><E116/><V36/><F14/><W58/><G58/><T73/><D73/><U112/><E112/><V5/><F5/><W129/><G82/><T110/><D110/><U60/><E117/><V10/><F10/><W24/><G24/><T26/><D26/><U90/><E61/><V63/><F63/><W80/><G80/><N who="0" m="47119" /><D0/><U102/><REACH who="1" step="1"/><E60/><REACH who="1" ten="211,240,250,289" step="2"/><V122/><F122/><W20/><G121/><T64/><D7/><U37/><E37/><V6/><F6/><W15/><G123/><T33/><D33/><U125/><E125/><V35/><F35/><W74/><G23/><T55/><D9/><U130/><E130/><V87/><F39/><W128/><G15/><T98/><D11/><U86/><E86/><V70/><F87/><W114/><G114/><T83/><D8/><U71/><E71/><N who="2" m="42455" /><F36/><W48/><G74/><T53/><D65/><U134/><E134/><V120/><F120/><W12/><G12/><T132/><D67/><RYUUKYOKU ba="0,1" sc="211,-30,240,10,250,10,289,10" hai1="44,46,47,49,54,59,90,91,94,95,100,101,102" hai2="1,2,21,25,28,43,45,50,68,70" hai3="20,27,29,48,52,56,81,96,103,106,128,129,131" /><INIT seed="1,1,1,2,0,38" ten="181,250,260,299" oya="1" hai0="24,105,72,133,92,88,20,113,111,2,134,58,53" hai1="79,30,6,103,13,71,41,19,56,25,96,40,37" hai2="129,27,14,77,26,49,28,70,108,132,112,51,80" hai3="89,59,15,47,34,109,82,102,97,120,3,124,81"/><U11/><E71/><V118/><F118/><W7/><G3/><T12/><D105/><U125/><E125/><V76/><F70/><W116/><G120/><T22/><D2/><U63/><E37/><V66/><F112/><W135/><G34/><T18/><D72/><U50/><E50/><V127/><F66/><W68/><G68/><T31/><D111/><U130/><E79/><V131/><F108/><W16/><G109/><T126/><D126/><U94/><E130/><N who="2" m="49675" /><F132/><W101/><G124/><T95/><D95/><U83/><E83/><V21/><F127/><W65/><G7/><T69/><D69/><U64/><REACH who="1" step="1"/><E6/><REACH who="1" ten="181,240,260,299" step="2"/><V114/><F77/><W33/><G81/><T52/><D113/><U46/><E46/><V10/><F114/><W75/><G47/><T60/><REACH who="0" step="1"/><D53/><REACH who="0" ten="171,240,260,299" step="2"/><U78/><E78/><V62/><F76/><W98/><G75/><T110/><D110/><U99/><E99/><AGARI ba="1,3" hai="12,18,20,22,24,31,52,58,60,88,92,99,133,134" machi="99" ten="40,8000,1" yaku="1,1,54,2,53,1" doraHai="38" doraHaiUra="9" who="0" fromWho="1" sc="171,113,240,-83,260,0,299,0" /><INIT seed="2,0,0,4,1,37" ten="284,157,260,299" oya="2" hai0="25,44,45,123,103,75,35,85,66,0,10,105,131" hai1="8,63,82,30,13,7,91,98,55,33,84,51,96" hai2="67,71,54,2,87,58,135,93,52,112,69,101,49" hai3="73,109,47,90,126,102,133,83,65,24,16,1,23"/><V132/><F2/><W19/><G1/><T100/><D75/><U4/><E63/><N who="2" m="36295" /><F101/><W110/><G102/><T56/><D123/><U32/><E7/><V64/><F93/><W14/><G126/><T22/><D35/><U68/><E68/><N who="2" m="26187" /><F87/><W115/><G115/><T6/><D131/><U124/><E124/><V29/><F29/><W130/><G130/><T119/><D119/><U27/><REACH who="1" step="1"/><E33/><REACH who="1" ten="284,147,260,299" step="2"/><V36/><F112/><W62/><G110/><T94/><D6/><U106/><E106/><V107/><F107/><W53/><G109/><T20/><D105/><U42/><E42/><V40/><F40/><W113/><G113/><T111/><D111/><U97/><E97/><V72/><F72/><W70/><G73/><T76/><D0/><U74/><E74/><V92/><F36/><W78/><G70/><T125/><D125/><U41/><E41/><V122/><F122/><W117/><G62/><T95/><D85/><U104/><E104/><V46/><F92/><W61/><G61/><T3/><D3/><U134/><E134/><AGARI ba="0,1" hai="46,49,54,64,67,132,134,135" m="26187,36295" machi="134" ten="30,11600,0" yaku="20,1,34,2,54,1" doraHai="37" who="2" fromWho="1" sc="284,0,147,-116,260,126,299,0" /><INIT seed="2,1,0,2,4,51" ten="284,31,386,299" oya="2" hai0="6,18,88,129,83,131,114,86,74,24,58,25,60" hai1="101,42,44,48,118,89,29,80,134,107,105,8,27" hai2="84,38,46,33,47,55,57,59,127,72,115,128,97" hai3="116,61,19,37,91,53,22,85,2,98,135,122,92"/><V26/><F72/><W62/><G122/><T94/><D114/><U70/><E118/><V102/><F115/><W103/><G116/><T50/><D6/><U28/><E134/><V100/><F128/><N who="0" m="49226" /><D50/><U54/><E70/><V73/><F73/><W20/><G37/><T41/><D41/><U31/><E27/><V49/><F127/><W4/><G135/><T14/><D83/><U110/><E110/><V30/><F84/><W90/><G20/><N who="0" m="11351" /><D74/><U67/><E67/><AGARI ba="1,0" hai="24,25,58,60,67,86,88,94" m="11351,49226" machi="67" ten="30,2000,0" yaku="19,1,54,1" doraHai="51" who="0" fromWho="1" sc="284,23,31,-23,386,0,299,0" /><INIT seed="3,0,0,4,0,115" ten="307,8,386,299" oya="3" hai0="135,86,4,70,91,112,68,96,61,116,82,89,79" hai1="26,85,22,66,29,62,12,50,98,130,83,35,59" hai2="3,126,107,87,2,93,134,77,121,131,54,33,100" hai3="48,97,43,36,123,31,132,117,72,56,47,25,64"/><W16/><G123/><T57/><D135/><U122/><E130/><V15/><F33/><W10/><G72/><T110/><D112/><U9/><E122/><V127/><F121/><W63/><G132/><T94/><D110/><U102/><E35/><V34/><F34/><W125/><G125/><T71/><D4/><U5/><E50/><V78/><F107/><W118/><G97/><T28/><D28/><U42/><E42/><V53/><F131/><W45/><G10/><T18/><D18/><U108/><E108/><V37/><F37/><W124/><G124/><N who="2" m="47657" /><F134/><W8/><G8/><T103/><REACH who="0" step="1"/><D116/><REACH who="0" ten="297,8,386,299" step="2"/><U90/><E98/><N who="2" m="59471" /><F3/><W69/><G16/><T27/><D27/><U30/><E102/><V80/><F2/><W23/><REACH who="3" step="1"/><G69/><REACH who="3" ten="297,8,386,289" step="2"/><T120/><D120/><U133/><E133/><V38/><F15/><W14/><G14/><T44/><D44/><U95/><E30/><V17/><F17/><W41/><AGARI ba="0,2" hai="23,25,31,36,41,43,45,47,48,56,63,64,117,118" machi="41" ten="20,12000,1" yaku="1,1,0,1,7,1,52,2,53,0" doraHai="115" doraHaiUra="49" who="3" fromWho="3" sc="297,-40,8,-40,386,-40,289,140" owari="257,-14.0,-32,-53.0,346,15.0,429,52.0" /></mjloggm>