<mjloggm ver="2.3"><GO type="97" lobby="0"/><UN n0="%E5%B0%B1%E6%B4%BB%E7%94%9F%40%E5%B7%9D%E6%9D%91%E8%BB%8D%E5%9B%A3" n1="%5A%61%67%61%74%6F" n2="%E3%82%B5%E3%82%A4%E3%82%A2%E3%83%BC%E3%82%AF" n3="%6D%6F%6D%74%61%72%6F%75" dan="15,14,13,14" rate="1956.34,1988.43,1921.37,1927.47" sx="M,M,M,F"/><TAIKYOKU oya="0"/><INIT seed="0,0,0,5,0,102" ten="250,250,250,250" oya="0" hai0="3,27,51,54,99,92,28,61,87,74,1,0,37" hai1="47,62,135,115,77,89,111,108,84,64,17,24,44" hai2="116,133,35,72,48,55,26,59,122,21,132,78,79" hai3="134,80,45,131,130,23,2,38,124,83,127,73,119"/><T85/><D37/><U7/><E135/><N who="2" m="51787" /><F122/><W57/><G2/><T18/><D74/><U52/><E7/><V58/><F35/><W39/><G134/><T71/><D71/><U96/><E115/><V113/><F113/><W16/><G119/><T29/><D18/><U8/><E64/><V5/><F5/><W22/><G57/><N who="2" m="21513" /><F116/><W126/><G73/><T53/><D61/><U10/><E62/><V41/><F41/><W82/><G45/><T128/><D128/><U75/><E44/><N who="2" m="28039" /><F72/><W90/><G90/><T101/><D28/><AGARI ba="0,0" hai="21,26,28,78,79" m="28039,21513,51787" machi="28" ten="30,1000,0" yaku="20,1" doraHai="102" who="2" fromWho="0" sc="250,-10,250,0,250,10,250,0" /><INIT seed="1,0,0,4,5,109" ten="240,250,260,250" oya="1" hai0="35,132,33,53,8,23,37,92,98,87,96,66,40" hai1="55,24,36,63,26,45,107,19,130,105,114,113,68" hai2="85,52,99,131,125,34,100,6,135,43,7,16,72" hai3="117,120,21,128,123,4,51,119,97,1,64,73,111"/><U84/><E130/><V58/><F131/><W83/><G64/><T129/><D132/><U44/><E68/><V133/><F72/><W71/><G71/><T3/><D66/><U14/><E84/><V30/><F43/><W9/><G128/><T5/><D129/><U15/><E63/><V10/><F125/><W90/><G111/><T108/><D108/><U32/><E55/><V29/><F85/><W122/><G21/><T41/><D53/><U115/><E19/><V103/><F34/><W49/><G97/><T48/><D37/><U79/><E36/><V101/><F99/><W118/><REACH who="3" step="1"/><G90/><REACH who="3" ten="240,250,260,240" step="2"/><T116/><D96/><U59/><E32/><V20/><F135/><W82/><G82/><T38/><D98/><U81/><E81/><V127/><F133/><W65/><G65/><T54/><D116/><U22/><E22/><V76/><F127/><W13/><G13/><N who="1" m="4618" /><E79/><AGARI ba="0,1" hai="1,4,9,49,51,73,79,83,117,118,119,120,122,123" machi="79" ten="50,3200,0" yaku="1,1,12,1,53,0" doraHai="109" doraHaiUra="86" who="3" fromWho="1" sc="240,0,250,-32,260,0,240,42" /><INIT seed="2,0,0,3,1,70" ten="240,218,260,282" oya="2" hai0="51,108,21,95,66,43,3,86,28,100,87,37,44" hai1="17,83,8,102,73,60,14,38,74,107,124,112,4" hai2="80,115,53,30,67,47,72,27,117,9,98,23,90" hai3="5,2,29,64,36,15,92,84,128,54,46,56,79"/><V26/><F115/><W85/><G128/><T63/><D3/><U12/><E124/><V121/><F117/><W0/><G29/><T41/><D108/><U109/><E109/><V58/><F121/><W13/><G64/><T118/><D118/><U88/><E112/><V122/><F122/><W105/><G105/><T24/><D43/><U132/><E60/><N who="2" m="38295" /><F72/><W62/><G0/><T106/><D106/><U59/><E59/><V126/><F126/><W50/><G2/><T7/><D7/><U130/><E132/><V34/><F34/><W6/><G79/><T16/><D51/><U11/><E130/><V55/><F26/><W111/><G111/><T25/><D100/><U77/><E73/><V116/><F116/><W135/><G135/><T99/><D99/><U31/><E31/><V120/><F120/><W39/><G92/><T52/><D95/><U78/><E74/><V57/><F9/><W76/><G76/><T75/><D75/><U89/><E107/><V104/><F104/><W127/><G127/><T103/><D103/><U68/><E102/><V40/><F57/><W45/><G56/><T33/><REACH who="0" step="1"/><D52/><REACH who="0" ten="230,218,260,282" step="2"/><U19/><E4/><V65/><F55/><W96/><G54/><T97/><D97/><U10/><E83/><V35/><F53/><W133/><G96/><T93/><D93/><U114/><E114/><V125/><F98/><W101/><G133/><T119/><D119/><U18/><E68/><AGARI ba="0,1" hai="16,21,24,25,28,33,37,41,44,63,66,68,86,87" machi="68" ten="30,7700,0" yaku="1,1,7,1,52,1,54,1,53,0" doraHai="70" doraHaiUra="129" who="0" fromWho="1" sc="230,87,218,-77,260,0,282,0" /><INIT seed="3,0,0,0,0,32" ten="317,141,260,282" oya="3" hai0="130,61,76,45,66,56,93,118,46,65,55,42,13" hai1="128,5,10,34,58,7,110,86,107,47,9,60,95" hai2="103,82,52,123,20,129,63,43,73,19,11,131,30" hai3="36,102,17,23,48,78,14,94,89,28,2,74,121"/><W104/><G121/><T135/><D118/><U68/><E128/><N who="2" m="49227" /><F123/><W81/><G36/><T133/><D130/><U54/><E110/><V49/><F103/><W6/><G28/><T91/><D76/><U126/><E126/><V37/><F30/><W24/><G48/><N who="0" m="26679" /><D13/><U134/><E134/><N who="0" m="51209" /><D46/><U98/><E34/><V71/><F82/><W57/><G57/><T41/><D41/><U29/><E29/><V120/><F73/><W35/><G35/><T21/><D21/><U101/><E47/><N who="2" m="24047" /><F120/><W25/><G6/><T16/><D16/><U12/><E68/><V31/><F31/><W39/><G39/><T0/><D0/><U92/><REACH who="1" step="1"/><E86/><AGARI ba="0,0" hai="55,56,61,65,66,86,91,93" m="51209,26679" machi="86" ten="30,1000,0" yaku="20,1" doraHai="32" who="0" fromWho="1" sc="317,10,141,-10,260,0,282,0" owari="327,43.0,131,-37.0,260,-14.0,282,8.0" /></mjloggm>