<mjloggm ver="2.3"><GO type="41" lobby="0"/><UN n0="%6B%65%6E%74%61%72%6F%6F" n1="%E5%B0%B1%E6%B4%BB%E7%94%9F%40%E5%B7%9D%E6%9D%91%E8%BB%8D%E5%9B%A3" n2="%E3%81%B2%E3%81%A4%E3%81%BE%E3%81%B6%E3%81%97%E2%88%9E" n3="%E7%90%B5%E7%90%B6%E5%AD%90%EF%BC%A0%E5%B7%9D%E6%9D%91%E8%BB%8D%E5%9B%A3" dan="13,16,13,15" rate="1833.04,2097.19,2013.40,2028.30" sx="M,M,M,M"/><TAIKYOKU oya="0"/><INIT seed="0,0,0,3,4,16" ten="250,250,250,250" oya="0" hai0="113,6,14,84,95,134,125,71,129,12,75,44,99" hai1="27,97,9,102,135,89,85,59,82,79,116,123,132" hai2="57,37,24,64,67,10,81,2,78,112,117,108,25" hai3="53,124,66,133,121,52,21,3,80,63,86,19,46"/><T34/><D71/><U54/><E116/><V55/><F112/><W20/><G3/><T48/><D34/><U114/><E114/><V28/><F37/><W74/><G74/><T106/><D75/><U128/><E123/><V8/><F117/><W30/><G121/><T18/><D106/><U7/><E128/><V119/><F119/><W4/><G4/><T56/><D129/><U33/><E33/><V107/><F107/><W43/><G133/><T94/><D134/><U72/><E27/><V40/><F40/><W126/><G30/><T61/><D6/><U131/><E131/><V70/><F108/><W32/><G32/><T109/><D125/><N who="3" m="48233" /><G19/><T100/><D109/><U105/><E9/><N who="2" m="3691" /><F70/><N who="3" m="42335" /><G53/><T0/><D0/><U11/><E11/><V41/><F2/><W23/><G52/><N who="0" m="29703" /><D18/><U62/><REACH who="1" step="1"/><E7/><REACH who="1" ten="250,240,250,250" step="2"/><V42/><F24/><W47/><G43/><T93/><D113/><U58/><E58/><V73/><F42/><W101/><G101/><T90/><D94/><AGARI ba="0,1" hai="54,59,62,72,79,82,85,89,94,97,102,105,132,135" machi="94" ten="40,5200,0" yaku="1,1,24,2,53,0" doraHai="16" doraHaiUra="118" who="1" fromWho="0" sc="250,-52,240,62,250,0,250,0" /><INIT seed="1,0,0,5,5,4" ten="198,302,250,250" oya="1" hai0="23,49,87,124,24,43,107,127,30,126,22,102,31" hai1="135,112,96,64,18,7,39,129,29,85,97,37,52" hai2="116,103,115,40,110,47,20,13,50,55,100,75,91" hai3="98,56,0,113,3,8,111,68,132,48,46,117,28"/><U131/><E112/><V58/><F116/><W65/><G117/><T82/><D107/><U72/><E72/><V12/><F115/><W67/><G113/><T125/><D102/><N who="2" m="38954" /><F75/><W101/><G68/><T104/><D104/><U14/><E64/><V83/><F110/><W76/><G111/><T73/><D73/><U57/><E29/><V11/><F20/><W10/><G76/><T1/><D1/><U33/><E33/><V21/><F21/><W54/><G28/><T105/><D105/><U120/><E7/><N who="2" m="3199" /><F13/><W59/><G132/><T5/><D5/><U34/><E34/><V2/><F2/><W9/><G0/><T133/><D133/><U109/><E120/><V35/><F35/><W119/><G3/><T62/><D62/><U123/><E123/><V17/><F17/><W44/><G119/><T108/><D108/><U38/><E109/><V45/><F40/><W84/><G84/><AGARI ba="0,0" hai="45,47,50,55,58,83,84,91" m="3199,38954" machi="84" ten="30,2000,0" yaku="8,1,52,1" doraHai="4" who="2" fromWho="3" sc="198,0,302,0,250,20,250,-20" /><INIT seed="2,0,0,0,5,106" ten="198,302,270,230" oya="2" hai0="74,83,17,86,125,69,79,15,87,75,53,107,97" hai1="58,88,103,117,78,67,123,39,63,50,0,33,126" hai2="72,46,124,26,57,65,112,49,51,104,128,131,11" hai3="8,9,99,16,10,19,114,37,4,44,6,59,118"/><V90/><F104/><W101/><G118/><T109/><D69/><U102/><E39/><V48/><F26/><W98/><G114/><T77/><D53/><U110/><E33/><V134/><F112/><W105/><G99/><T30/><D30/><U129/><E0/><V35/><F35/><W45/><G59/><T41/><D41/><U130/><E117/><V60/><F90/><W28/><G28/><T94/><D125/><U122/><E78/><N who="0" m="29705" /><D15/><U36/><E126/><V73/><F124/><W82/><G82/><T2/><D17/><U29/><E29/><V127/><F127/><W115/><G115/><T100/><D2/><U7/><E7/><V61/><F46/><W20/><G19/><T121/><D109/><U116/><E36/><V132/><F11/><W89/><G89/><N who="0" m="51423" /><D121/><N who="1" m="46091" /><E110/><V111/><F111/><W95/><G105/><T93/><D87/><U1/><E50/><V3/><F3/><W21/><G21/><T71/><D71/><U27/><E27/><V62/><F62/><W12/><G37/><T85/><D85/><U133/><E1/><V64/><F49/><W23/><G23/><T113/><D113/><U24/><E24/><V108/><F108/><W43/><G43/><T76/><N who="0" m="29713" /><T14/><DORA hai="42" /><D14/><U135/><E116/><V120/><F120/><W25/><G25/><T119/><D119/><U38/><E38/><V54/><F57/><W13/><G13/><T80/><D80/><U92/><E103/><V18/><F18/><W32/><G32/><T55/><D55/><AGARI ba="0,0" hai="48,51,54,55,60,61,64,65,72,73,128,131,132,134" machi="55" ten="25,9600,0" yaku="22,2,52,2" doraHai="106,42" who="2" fromWho="0" sc="198,-96,302,0,270,96,230,0" /><INIT seed="2,1,0,5,4,102" ten="102,302,366,230" oya="2" hai0="35,64,42,78,85,108,39,83,22,56,17,45,117" hai1="66,114,112,86,100,4,126,6,128,87,132,1,28" hai2="127,120,5,96,88,27,59,26,57,98,76,23,61" hai3="77,14,74,115,7,69,44,49,104,65,130,54,72"/><V125/><F120/><W105/><G130/><T95/><D35/><U121/><E121/><V101/><F76/><W93/><G93/><T122/><D122/><U18/><E128/><V53/><F5/><W131/><G131/><T81/><D117/><U50/><E126/><V70/><F70/><W16/><G7/><T3/><D3/><U51/><E132/><V10/><F10/><W90/><G90/><T30/><D30/><U119/><E119/><V20/><F101/><W13/><G115/><T52/><D64/><U21/><E66/><V46/><F46/><W79/><G79/><T89/><D78/><U11/><E100/><V34/><F34/><W32/><G32/><T67/><D67/><U134/><E134/><V37/><F37/><W73/><G77/><T58/><D108/><U133/><E133/><V68/><F68/><W92/><G92/><T0/><D58/><U94/><E28/><V19/><F59/><W12/><REACH who="3" step="1"/><G16/><REACH who="3" ten="102,302,366,220" step="2"/><T41/><D0/><U97/><E6/><V106/><F88/><W25/><G25/><T38/><D38/><U135/><E135/><V55/><F127/><W111/><G111/><T113/><D113/><U71/><E114/><V129/><F125/><W91/><G91/><T62/><D41/><U60/><E112/><V82/><F129/><W2/><G2/><T15/><REACH who="0" step="1"/><D62/><AGARI ba="1,1" hai="12,13,14,44,49,54,62,65,69,72,73,74,104,105" machi="62" ten="50,8000,1" yaku="1,1,52,2,53,1" doraHai="102" doraHaiUra="63" who="3" fromWho="0" sc="102,-83,302,0,366,0,220,93" /><INIT seed="3,0,0,4,0,50" ten="19,302,366,313" oya="3" hai0="4,81,132,112,35,77,74,104,30,51,97,125,67" hai1="27,32,10,62,38,79,68,1,31,16,52,78,69" hai2="54,5,109,98,40,122,39,17,83,48,46,23,41" hai3="49,124,33,56,3,70,71,9,0,89,57,12,94"/><W8/><G33/><T64/><D67/><U44/><E68/><V21/><F122/><W13/><G49/><T26/><D132/><U87/><E87/><V7/><F109/><W99/><G99/><T116/><D116/><U20/><E69/><V117/><F117/><W108/><G108/><T96/><D97/><U43/><E10/><V127/><F127/><W106/><G94/><T18/><D125/><U59/><E1/><V120/><F120/><W63/><G124/><T129/><D129/><U60/><E60/><V110/><F110/><W72/><G63/><T121/><D121/><U28/><E28/><V66/><F66/><W133/><G133/><T42/><D4/><N who="2" m="1610" /><F39/><W105/><REACH who="3" step="1"/><G89/><REACH who="3" ten="19,302,366,303" step="2"/><T86/><D64/><U29/><E29/><V47/><F98/><W84/><G84/><T95/><D112/><U107/><E107/><V58/><F83/><W19/><G19/><T101/><D51/><U113/><E113/><V114/><F114/><W90/><G90/><T128/><D128/><U92/><E92/><V93/><F93/><W22/><G22/><N who="2" m="8201" /><F17/><W82/><G82/><T126/><D18/><U88/><E88/><V85/><F85/><W118/><G118/><T25/><D126/><U55/><REACH who="1" step="1"/><E55/><REACH who="1" ten="19,292,366,303" step="2"/><V111/><F111/><W2/><G2/><T115/><D115/><U76/><E76/><V45/><AGARI ba="0,2" hai="40,41,45,46,47,48,54,58" m="8201,1610" machi="45" ten="30,2000,0" yaku="8,1,52,1" doraHai="50" who="2" fromWho="2" sc="19,-5,292,-5,366,40,303,-10" /><INIT seed="4,0,0,1,1,63" ten="14,287,406,293" oya="0" hai0="38,87,135,82,44,77,60,119,80,33,2,48,4" hai1="50,37,97,34,91,31,112,107,70,83,45,116,104" hai2="121,54,106,130,111,27,22,126,57,11,99,9,53" hai3="93,46,120,108,59,41,122,25,127,3,84,123,20"/><T124/><D119/><U17/><E116/><V51/><F121/><W19/><G108/><T73/><D33/><U36/><E70/><V109/><F130/><W72/><G72/><T7/><D135/><U1/><E1/><V24/><F126/><W13/><G3/><T89/><D124/><U114/><E34/><V96/><F106/><N who="1" m="40489" /><E17/><V49/><F57/><W65/><G127/><T30/><D30/><U86/><E31/><V95/><F95/><W21/><G93/><T113/><D113/><N who="1" m="43627" /><E97/><V15/><F15/><W14/><G84/><T76/><D76/><U117/><E117/><V66/><F22/><W0/><G0/><T94/><D2/><U62/><E62/><V6/><F6/><W129/><G129/><T35/><D35/><U47/><E47/><V101/><F101/><W100/><G100/><T88/><D60/><U5/><E5/><V68/><F68/><W102/><G102/><T92/><D38/><U115/><N who="1" m="43635" /><U134/><DORA hai="26" /><E134/><V110/><F110/><W39/><G21/><T8/><D8/><U64/><E64/><AGARI ba="0,0" hai="9,11,24,27,49,51,53,54,64,66,96,99,109,111" machi="64" ten="25,6400,0" yaku="22,2,52,2" doraHai="63,26" who="2" fromWho="1" sc="14,0,287,-64,406,64,293,0" /><INIT seed="5,0,0,5,1,83" ten="14,223,470,293" oya="1" hai0="50,47,60,2,62,130,51,104,87,56,103,84,30" hai1="85,58,46,32,16,44,124,109,132,28,43,105,59" hai2="125,57,9,23,101,81,19,13,21,86,15,118,111" hai3="68,29,54,126,72,6,133,33,91,41,8,17,99"/><U22/><E105/><V90/><F111/><W113/><G68/><T127/><D2/><U80/><E109/><V53/><F118/><W110/><G110/><T92/><D104/><U121/><E121/><V34/><F34/><W69/><G69/><T73/><D73/><U49/><E124/><V64/><F125/><W134/><G72/><T97/><D127/><U42/><E132/><N who="3" m="50794" /><G126/><T25/><D130/><U35/><E28/><V45/><F101/><W55/><G113/><T107/><D107/><U117/><E35/><V95/><F64/><W71/><G71/><T112/><D112/><U75/><E32/><V12/><F15/><N who="3" m="5527" /><G41/><T106/><D106/><U74/><E74/><V36/><F36/><W120/><G120/><T18/><D18/><U26/><E75/><V135/><F135/><W123/><G123/><T94/><D94/><U39/><REACH who="1" step="1"/><E117/><REACH who="1" ten="14,213,470,293" step="2"/><V1/><F9/><W114/><G114/><T63/><D56/><U119/><E119/><V116/><F116/><W65/><G29/><T77/><D77/><AGARI ba="0,1" hai="16,22,26,39,42,43,44,46,49,58,59,77,80,85" machi="77" ten="30,12000,1" yaku="1,1,7,1,52,1,54,1,53,1" doraHai="83" doraHaiUra="76" who="1" fromWho="0" sc="14,-120,213,130,470,0,293,0" owari="-106,-61.0,343,14.0,470,58.0,293,-11.0" /></mjloggm>