<mjloggm ver="2.3"><GO type="97" lobby="0"/><UN n0="%E3%83%88%E3%83%88%E3%83%AA%E5%85%88%E7%94%9F%31%39%E6%AD%B3" n1="%E8%99%8E%E6%96%91%E6%9C%A8%E8%8F%9F" n2="%E9%9B%AB%40" n3="%E3%83%A9%E3%83%A0%E3%82%B9" dan="14,15,13,14" rate="2021.23,1930.03,1962.50,1979.13" sx="F,M,F,M"/><TAIKYOKU oya="0"/><INIT seed="0,0,0,4,0,94" ten="250,250,250,250" oya="0" hai0="20,27,47,14,33,36,16,91,130,10,90,100,64" hai1="1,67,23,4,66,9,29,103,34,41,42,71,107" hai2="11,96,61,3,26,2,32,8,119,56,7,58,117" hai3="132,110,62,92,115,126,99,52,73,101,60,116,108"/><T74/><D74/><U129/><E129/><V69/><F69/><W125/><G115/><T95/><D130/><U112/><E112/><V134/><F134/><W17/><G116/><N who="2" m="44617" /><F61/><W49/><G73/><T18/><D33/><U5/><E5/><N who="2" m="1079" /><F96/><W105/><G17/><T123/><D123/><U15/><E1/><V25/><F25/><W63/><G132/><T13/><D64/><U68/><E68/><V59/><F26/><W55/><G105/><T82/><D82/><U84/><E84/><V30/><F30/><W87/><G87/><T111/><D111/><N who="3" m="42537" /><G49/><T24/><D47/><U37/><E34/><AGARI ba="0,0" hai="3,7,11,32,34,56,58,59" m="1079,44617" machi="34" ten="30,1000,0" yaku="12,1" doraHai="94" who="2" fromWho="1" sc="250,0,250,-10,250,10,250,0" /><INIT seed="1,0,0,5,0,35" ten="250,240,260,250" oya="1" hai0="23,38,88,92,72,108,57,17,132,85,61,19,105" hai1="6,31,70,55,59,24,44,4,111,29,134,40,122" hai2="53,32,93,68,82,15,126,89,8,3,12,119,62" hai3="110,118,54,120,75,21,25,16,109,36,80,50,5"/><U98/><E122/><V125/><F32/><W11/><G120/><T42/><D105/><U65/><E134/><V49/><F119/><W37/><G118/><T133/><D72/><U79/><E111/><N who="3" m="42506" /><G75/><T121/><D121/><U30/><E79/><V123/><F82/><W97/><G80/><T94/><D108/><U45/><E24/><V115/><F123/><W86/><G86/><T95/><D42/><U18/><E18/><V10/><F115/><W41/><G97/><T33/><D38/><U124/><E124/><N who="2" m="47723" /><F62/><W69/><G41/><T77/><D19/><U73/><E73/><V71/><F3/><N who="3" m="447" /><G69/><N who="2" m="26697" /><F8/><W128/><G128/><T131/><D33/><U51/><E98/><N who="2" m="57647" /><F10/><W22/><G22/><T91/><D131/><U87/><E87/><V48/><F48/><W46/><AGARI ba="0,0" hai="16,21,25,36,37,46,50,54" m="447,42506" machi="46" ten="30,4000,0" yaku="14,1,52,1,54,1" doraHai="35" who="3" fromWho="3" sc="250,-10,240,-20,260,-10,250,40" /><INIT seed="2,0,0,4,4,127" ten="240,220,250,290" oya="2" hai0="113,115,80,123,72,8,91,21,31,114,53,34,76" hai1="98,2,23,15,22,55,85,60,100,65,111,131,104" hai2="19,61,116,95,36,47,10,134,0,56,37,44,11" hai3="27,87,117,41,126,78,132,133,94,110,93,130,20"/><V46/><F116/><W79/><G117/><T108/><D123/><U84/><E2/><V50/><F50/><W28/><G126/><T82/><D34/><U70/><E111/><V4/><F134/><N who="3" m="51819" /><G110/><T71/><D71/><U118/><E118/><V18/><F95/><N who="3" m="36363" /><G87/><T67/><D67/><U32/><E32/><V24/><F24/><W30/><G41/><T43/><D108/><U25/><E131/><V92/><F92/><W49/><G49/><T17/><D43/><U3/><E3/><V7/><F37/><W120/><G120/><T77/><D91/><U66/><E66/><V103/><F103/><W96/><G96/><T112/><D53/><U14/><E55/><V125/><F36/><W105/><G105/><T129/><D129/><U124/><E124/><V54/><REACH who="2" step="1"/><F125/><REACH who="2" ten="240,220,240,290" step="2"/><W57/><G130/><T75/><D113/><U68/><E104/><V45/><N who="2" m="11776" /><DORA hai="40" /><V101/><F101/><W81/><G81/><T122/><D122/><U97/><E100/><V58/><F58/><W42/><G42/><T64/><D112/><U59/><E59/><V106/><F106/><W9/><G57/><T107/><D107/><U12/><E70/><V69/><F69/><W128/><G128/><T33/><D114/><U62/><E68/><V109/><F109/><W63/><G63/><T102/><D115/><U1/><E62/><V73/><F73/><W26/><G26/><N who="0" m="18679" /><D102/><U74/><E74/><V83/><F83/><W86/><G30/><T35/><D75/><U52/><E60/><V119/><F119/><W6/><G86/><T51/><D72/><U29/><E85/><RYUUKYOKU ba="0,1" sc="240,-15,220,-15,240,15,290,15" hai2="0,4,7,10,11,18,19,54,56,61" hai3="6,9,20,27,28,78,79" /><INIT seed="2,1,1,1,2,25" ten="225,205,255,305" oya="2" hai0="108,46,89,59,76,51,49,16,98,78,113,69,94" hai1="15,6,114,132,75,42,4,7,29,80,95,39,64" hai2="30,13,52,135,63,61,79,82,81,34,102,106,45" hai3="74,27,126,33,11,68,5,124,32,0,56,107,118"/><V55/><F135/><W65/><G74/><T133/><D113/><U38/><E114/><V91/><F106/><W53/><G68/><T105/><D69/><U93/><E132/><V67/><F102/><W104/><G65/><T37/><D133/><U58/><E29/><V1/><F1/><W84/><G118/><T18/><D108/><U130/><E130/><V3/><F3/><W97/><G84/><T92/><D105/><U60/><E15/><V121/><F121/><W127/><G97/><N who="0" m="57487" /><D37/><U43/><E39/><V48/><F13/><W41/><G41/><N who="0" m="24783" /><D51/><U14/><E14/><V8/><F63/><W23/><G107/><T100/><D59/><U87/><E75/><V54/><F61/><N who="3" m="35983" /><G104/><T110/><D110/><U12/><E12/><V116/><F116/><W115/><G115/><T122/><D122/><U44/><REACH who="1" step="1"/><E43/><REACH who="1" ten="225,195,255,305" step="2"/><V72/><F34/><W62/><G33/><T134/><D134/><U128/><E128/><V99/><F72/><W50/><G32/><T70/><D70/><U19/><E19/><AGARI ba="1,2" hai="16,18,19,76,78,94,98,100" m="24783,57487" machi="19" ten="30,2000,0" yaku="8,1,54,1" doraHai="25" who="0" fromWho="1" sc="225,43,195,-23,255,0,305,0" /><INIT seed="3,0,0,1,4,109" ten="268,172,255,305" oya="3" hai0="32,33,66,80,90,110,93,100,28,74,125,42,85" hai1="39,97,114,87,46,117,95,130,0,30,67,57,91" hai2="112,78,4,20,64,2,41,83,24,53,105,13,119" hai3="131,11,40,84,129,94,70,25,106,34,115,121,23"/><W18/><G106/><T127/><D110/><U27/><E0/><V98/><F119/><W73/><G115/><T88/><D100/><U21/><E117/><V36/><F64/><W29/><G73/><T44/><D66/><U132/><E132/><V5/><F112/><W101/><G70/><T126/><D28/><U31/><E130/><N who="3" m="49674" /><G121/><T47/><D47/><U122/><E122/><V113/><F113/><W108/><G108/><T102/><D102/><U86/><E114/><V55/><F105/><W68/><G68/><T123/><D123/><U26/><E39/><V37/><F98/><N who="3" m="59607" /><G40/><T56/><D56/><U69/><E46/><V7/><F2/><W54/><G11/><T51/><D74/><U133/><E69/><V52/><F41/><W19/><G34/><T45/><D45/><U116/><E116/><V77/><F77/><W104/><G104/><T59/><D59/><U124/><E124/><V81/><F78/><W62/><G84/><AGARI ba="0,0" hai="32,33,42,44,51,80,84,85,88,90,93,125,126,127" machi="84" ten="40,2600,0" yaku="18,1,54,1" doraHai="109" who="0" fromWho="3" sc="268,26,172,0,255,0,305,-26" /><INIT seed="4,0,0,3,1,74" ten="294,172,255,279" oya="0" hai0="96,3,99,112,62,32,65,17,46,36,100,121,14" hai1="114,130,120,18,1,64,94,38,111,2,4,104,79" hai2="91,58,73,76,69,60,70,81,119,63,20,23,116" hai3="117,110,45,7,0,115,72,24,27,105,78,30,9"/><T86/><D121/><U66/><E111/><V22/><F91/><W39/><G110/><T6/><D32/><U61/><E120/><V92/><F92/><W83/><G115/><T33/><D33/><U29/><E104/><V40/><F40/><N who="3" m="22687" /><G117/><N who="2" m="45129" /><F60/><W57/><G105/><T35/><D35/><U90/><E38/><V21/><N who="2" m="5632" /><DORA hai="102" /><V97/><F97/><W106/><G30/><T134/><D62/><U93/><E114/><V88/><F88/><W135/><G135/><T48/><D36/><U56/><E130/><V54/><AGARI ba="0,0" hai="54,58,63,69,70,73,76,81" m="5632,45129" machi="54" ten="50,3200,0" yaku="12,1,52,1" doraHai="74,102" who="2" fromWho="2" sc="294,-16,172,-8,255,32,279,-8" /><INIT seed="5,0,0,2,4,86" ten="278,164,287,271" oya="1" hai0="6,13,8,65,119,97,124,127,79,78,1,55,116" hai1="134,94,25,108,50,96,130,76,34,99,45,80,41" hai2="51,35,75,47,135,53,38,24,72,32,125,19,63" hai3="21,77,131,14,27,10,57,30,28,98,84,74,126"/><U36/><E134/><V87/><F38/><W22/><G74/><T67/><D55/><U81/><E130/><V121/><F121/><W37/><G37/><T73/><D1/><U58/><E108/><V17/><F135/><W62/><G131/><T89/><D67/><U64/><E76/><N who="0" m="29225" /><D65/><U12/><E12/><V105/><F105/><W93/><G126/><N who="0" m="48171" /><D73/><U85/><E85/><V11/><F125/><W43/><G43/><T82/><D82/><U106/><E106/><V70/><F87/><W44/><G44/><T54/><D54/><U110/><E110/><V5/><F72/><W23/><G84/><T122/><D122/><U9/><E9/><V90/><F75/><W16/><G77/><T92/><AGARI ba="0,0" hai="6,8,13,89,92,97,116,119" m="48171,29225" machi="92" ten="30,2000,0" yaku="18,1,52,1" doraHai="86" who="0" fromWho="0" sc="278,20,164,-10,287,-5,271,-5" /><INIT seed="6,0,0,1,0,35" ten="298,154,282,266" oya="2" hai0="47,76,125,74,110,115,106,92,28,17,42,19,49" hai1="98,41,114,111,38,129,112,113,18,99,80,8,102" hai2="15,69,78,94,6,72,86,71,40,20,10,135,121" hai3="58,105,7,23,43,90,22,3,128,68,123,96,4"/><V62/><F121/><W131/><G68/><T33/><D110/><U16/><E111/><V82/><F135/><W122/><G43/><T9/><D106/><U108/><E108/><V134/><F134/><W124/><G58/><T118/><D9/><U64/><E129/><N who="3" m="49738" /><G90/><T31/><D92/><U56/><E80/><V97/><F40/><W70/><G70/><T117/><D115/><U65/><E56/><V109/><F109/><W75/><G75/><T13/><D125/><U34/><E34/><V67/><F20/><N who="3" m="7723" /><G124/><T39/><D33/><U61/><E61/><V50/><F50/><W55/><G55/><T127/><D127/><U79/><E79/><V2/><F71/><W25/><G25/><T116/><D13/><U52/><E52/><V132/><F132/><W91/><G91/><T48/><D76/><U100/><E41/><V21/><F72/><W95/><G95/><T46/><D74/><U37/><E114/><V30/><F21/><W120/><G3/><T11/><D46/><U12/><E12/><V32/><F2/><W60/><G60/><T133/><D133/><U53/><E53/><V5/><F94/><W0/><G0/><T89/><D89/><U45/><REACH who="1" step="1"/><E8/><REACH who="1" ten="298,144,282,266" step="2"/><N who="2" m="4495" /><F62/><W36/><G36/><T27/><D11/><U103/><E103/><AGARI ba="0,1" hai="4,7,96,103,105,120,122,123" m="7723,49738" machi="103" ten="40,1300,0" yaku="19,1" doraHai="35" who="3" fromWho="1" sc="298,0,144,-13,282,0,266,23" /><INIT seed="7,0,0,4,5,50" ten="298,131,282,289" oya="3" hai0="0,106,92,49,24,68,36,118,47,31,105,112,124" hai1="59,129,85,104,37,54,74,72,89,51,20,2,44" hai2="7,114,116,117,109,5,130,102,8,127,70,88,126" hai3="94,65,93,84,76,56,23,1,15,6,71,101,132"/><W26/><G71/><T87/><D118/><N who="2" m="45674" /><F70/><W122/><G122/><T103/><D0/><U86/><E2/><V63/><F109/><W21/><G1/><T67/><D36/><U22/><E104/><V28/><F114/><W107/><G107/><T78/><D124/><N who="2" m="47658" /><F102/><W120/><G120/><T113/><D67/><U58/><E129/><V48/><F63/><N who="3" m="38119" /><G132/><T12/><D68/><U96/><E72/><V39/><F39/><W18/><G101/><T3/><D3/><U30/><E74/><V69/><F69/><W10/><G21/><T90/><D103/><U41/><E59/><V121/><F121/><W134/><G134/><T66/><D106/><U133/><E133/><V4/><F130/><W99/><G99/><T80/><D105/><U131/><E131/><V16/><F28/><W32/><G32/><T110/><D110/><U135/><E135/><V60/><F60/><W53/><G53/><N who="0" m="29887" /><D66/><U79/><E79/><V57/><F88/><N who="3" m="53383" /><G94/><T11/><D92/><U14/><E96/><V82/><F82/><W75/><G75/><T64/><D64/><U46/><E46/><V34/><F34/><W125/><G125/><T43/><D78/><AGARI ba="0,0" hai="6,10,15,18,23,26,76,78" m="53383,38119" machi="78" ten="30,2900,0" yaku="8,1,54,1" doraHai="50" who="3" fromWho="0" sc="298,-29,131,0,282,0,289,29" owari="269,-13.0,131,-37.0,282,8.0,318,42.0" /></mjloggm>