<mjloggm ver="2.3"><GO type="169" lobby="0"/><UN n0="%E3%82%A6%E3%83%AB%E3%83%88%E3%83%A9%E7%AB%8B%E7%9B%B4" n1="%E6%B0%91%E8%8A%B8" n2="%E5%A4%A7%E9%B3%A5%E7%8D%85%E5%AD%90%E5%90%BC" n3="%77%61%64%6F%70%72%6F" dan="17,18,16,16" rate="2175.40,2162.29,2120.55,2117.77" sx="M,M,M,M"/><TAIKYOKU oya="0"/><INIT seed="0,0,0,0,3,64" ten="250,250,250,250" oya="0" hai0="61,83,70,89,126,39,48,40,59,11,76,90,58" hai1="57,33,122,29,110,71,98,10,20,73,72,92,69" hai2="1,129,119,0,118,25,42,128,124,17,56,117,134" hai3="84,23,26,95,21,31,88,44,18,115,99,4,85"/><T121/><D121/><U27/><E122/><V22/><F42/><W108/><G115/><T114/><D114/><U94/><E110/><V86/><F124/><W62/><G108/><T75/><D126/><U19/><E94/><V68/><F68/><W5/><G44/><T102/><D102/><U105/><E105/><V46/><F46/><W55/><G84/><T81/><D39/><U41/><E41/><V7/><F86/><W97/><G97/><T6/><D70/><U74/><E57/><V123/><F123/><W51/><G51/><T120/><D120/><U49/><E49/><V82/><F82/><W109/><G109/><T9/><D9/><U125/><E10/><N who="2" m="2407" /><F56/><N who="3" m="35103" /><G85/><T104/><D104/><U111/><E125/><V135/><F1/><W8/><G8/><T112/><D112/><U131/><E111/><V80/><F80/><W14/><AGARI ba="0,0" hai="4,5,14,18,21,23,26,31,88,95,99" m="35103" machi="14" ten="30,2000,0" yaku="8,1,54,1" doraHai="64" who="3" fromWho="3" sc="250,-10,250,-5,250,-5,250,20" /><INIT seed="1,0,0,4,4,13" ten="240,245,245,270" oya="1" hai0="66,121,23,46,134,81,86,20,26,102,56,33,93" hai1="85,90,119,65,76,95,67,22,114,28,117,116,118" hai2="80,55,132,124,18,105,53,35,111,68,51,75,4" hai3="131,42,91,72,83,48,98,108,64,101,32,15,113"/><U84/><E114/><V38/><F38/><W11/><G113/><T52/><D121/><U99/><N who="1" m="29696" /><DORA hai="82" /><U34/><E34/><V19/><F68/><W8/><G32/><T133/><D33/><U45/><E45/><V47/><F111/><W88/><G108/><T127/><D66/><U120/><E120/><V44/><F105/><W135/><G135/><N who="0" m="51723" /><D46/><U17/><E28/><V78/><F35/><W128/><G64/><T39/><D39/><U89/><E76/><V74/><F124/><W54/><G42/><T25/><D127/><U109/><E109/><V7/><F132/><W10/><G15/><T71/><D71/><U103/><E89/><V122/><F122/><W110/><G110/><T69/><D69/><U6/><E6/><V100/><F100/><W2/><G2/><T40/><D40/><U129/><E85/><V62/><F62/><W104/><G72/><T30/><D93/><U61/><E61/><V87/><F87/><N who="3" m="50303" /><G91/><N who="0" m="51663" /><D102/><U58/><E129/><N who="3" m="49738" /><G10/><T9/><D9/><U126/><E126/><V59/><F59/><AGARI ba="0,0" hai="8,11,48,54,59,98,101,104" m="49738,50303" machi="59" ten="30,3900,0" yaku="19,1,52,1,54,1" doraHai="13,82" who="3" fromWho="2" sc="240,0,245,0,245,-39,270,39" /><INIT seed="2,0,0,0,2,18" ten="240,245,206,309" oya="2" hai0="71,6,81,126,48,40,42,54,0,22,17,31,16" hai1="10,36,1,116,52,85,41,131,49,119,130,68,109" hai2="26,33,30,46,38,57,110,118,65,34,123,124,55" hai3="135,128,106,127,9,8,73,24,105,14,86,37,92"/><V94/><F118/><N who="1" m="45097" /><E85/><V113/><F113/><W61/><G73/><T120/><D71/><U125/><E1/><V129/><F123/><W87/><G37/><T11/><D120/><U12/><E12/><V79/><F79/><W35/><G135/><T93/><D31/><U72/><E72/><V66/><F129/><N who="1" m="49161" /><E10/><V45/><F34/><W13/><G128/><T29/><D126/><U115/><E125/><V103/><F110/><W7/><G127/><T108/><D108/><U122/><E109/><V62/><F124/><W3/><G3/><T74/><D29/><U19/><E19/><V78/><F78/><W82/><G92/><T67/><D17/><U121/><E115/><V88/><F103/><W64/><G35/><T99/><D81/><U89/><E89/><V83/><F83/><W25/><G82/><T39/><D74/><U75/><E75/><V20/><F33/><W97/><G97/><T44/><D93/><U95/><E95/><V27/><F27/><W28/><G28/><T111/><D99/><U77/><E77/><V4/><F4/><W101/><G7/><T63/><D111/><U53/><E68/><V112/><F112/><W69/><G69/><T98/><D98/><U91/><E91/><V96/><F38/><W133/><G101/><T56/><D39/><U5/><E5/><V70/><F70/><W102/><G102/><T60/><D60/><U117/><N who="1" m="45105" /><U134/><DORA hai="32" /><E134/><V47/><AGARI ba="0,0" hai="20,26,30,45,46,47,55,57,62,65,66,88,94,96" machi="47" ten="30,11700,0" yaku="0,1,8,1,52,1,54,1" doraHai="18,32" who="2" fromWho="2" sc="240,-39,245,-39,206,117,309,-39" /><INIT seed="2,1,0,3,3,22" ten="201,206,323,270" oya="2" hai0="4,31,101,94,72,85,62,11,105,13,102,3,53" hai1="112,50,0,81,37,23,110,47,70,121,126,113,132" hai2="74,67,127,111,8,36,106,95,7,118,108,73,122" hai3="125,103,33,41,15,134,54,130,12,104,89,123,20"/><V46/><F118/><W52/><G123/><T61/><D72/><U28/><E121/><V107/><F122/><W88/><G33/><T17/><D105/><N who="2" m="39946" /><F67/><W42/><G104/><T77/><D31/><U120/><E120/><V49/><F49/><W39/><G103/><T86/><D102/><U26/><E70/><V79/><F95/><W2/><G2/><T71/><D71/><U75/><E37/><V119/><F119/><W83/><G125/><T1/><D1/><U18/><E0/><N who="2" m="103" /><F127/><W124/><G124/><T29/><D29/><U80/><E126/><V45/><F45/><W64/><G64/><T97/><D53/><U10/><E132/><V117/><F117/><W90/><G134/><T66/><D66/><U115/><E110/><N who="2" m="42027" /><F79/><W131/><G39/><T58/><D77/><U76/><E80/><V135/><F135/><W65/><G65/><T129/><D61/><U60/><E60/><V21/><F21/><W98/><G83/><T69/><D69/><U24/><E10/><V57/><F57/><W9/><G98/><T5/><D58/><U51/><REACH who="1" step="1"/><E47/><REACH who="1" ten="201,196,323,270" step="2"/><V25/><F46/><W92/><G9/><T44/><D62/><U56/><E56/><V27/><F36/><W116/><G116/><T59/><D59/><U40/><E40/><V133/><F133/><W82/><G42/><T43/><D43/><U99/><E99/><V91/><F91/><W14/><G41/><T6/><D44/><U87/><E87/><N who="0" m="33289" /><D3/><U32/><AGARI ba="1,1" hai="18,23,24,26,28,32,50,51,75,76,81,112,113,115" machi="32" ten="30,8000,1" yaku="1,1,0,1,52,2,53,1" doraHai="22" doraHaiUra="19" who="1" fromWho="1" sc="201,-21,196,93,323,-41,270,-21" /><INIT seed="3,0,0,0,5,35" ten="180,289,282,249" oya="3" hai0="61,119,24,65,120,103,115,79,123,124,12,39,51" hai1="34,45,80,59,133,41,40,17,102,107,11,28,20" hai2="18,89,71,31,48,121,16,117,5,129,135,30,83" hai3="26,63,122,109,91,62,77,33,105,96,13,72,70"/><W118/><G118/><T127/><D103/><U56/><E133/><V47/><F71/><W81/><G122/><T60/><D79/><U110/><E110/><V87/><F117/><W128/><G128/><T76/><D76/><U116/><E116/><V21/><F135/><W14/><G109/><T75/><D75/><U93/><E107/><V97/><F129/><W49/><G63/><T100/><D100/><U25/><E80/><V108/><F108/><W15/><G49/><T32/><D32/><U27/><E40/><N who="2" m="24679" /><F5/><W114/><G114/><T104/><D104/><U46/><E46/><V36/><F36/><W37/><G37/><T94/><D119/><U50/><E11/><V74/><F74/><W84/><G105/><T112/><D12/><U43/><E43/><V98/><F18/><W66/><G96/><N who="2" m="36969" /><F121/><N who="0" m="46666" /><D24/><AGARI ba="0,0" hai="16,21,24,30,31,83,87,89" m="36969,24679" machi="24" ten="30,2000,0" yaku="8,1,54,1" doraHai="35" who="2" fromWho="0" sc="180,-20,289,0,282,20,249,0" /><INIT seed="4,0,0,2,1,91" ten="160,289,302,249" oya="0" hai0="17,84,122,132,1,98,40,80,49,53,86,36,5" hai1="100,15,112,113,126,74,77,68,107,11,4,103,67" hai2="61,31,55,120,90,119,121,96,47,135,24,14,51" hai3="26,43,79,18,58,22,27,111,72,63,48,76,64"/><T97/><D122/><U45/><E126/><V6/><F135/><W124/><G124/><T66/><D132/><U78/><E45/><V130/><F130/><W108/><G27/><T52/><D5/><U89/><E89/><V83/><F119/><W73/><G43/><T9/><D1/><U54/><E54/><N who="0" m="21097" /><D66/><U13/><E13/><V117/><F117/><W44/><G44/><N who="0" m="25735" /><D36/><U29/><E67/><V82/><F61/><W116/><G48/><T134/><D134/><U38/><E68/><V118/><F118/><W87/><G116/><T41/><D41/><U127/><E38/><V71/><F71/><W133/><G133/><T37/><D37/><U110/><E127/><V57/><F120/><W28/><G72/><T115/><D115/><U93/><E74/><V35/><F47/><W50/><G73/><T21/><D9/><U42/><E42/><V23/><F35/><W10/><G50/><T46/><D46/><U125/><E125/><V101/><F121/><W109/><G10/><T56/><D56/><U129/><E107/><V2/><F2/><W39/><G39/><T70/><D70/><U19/><E4/><V123/><F123/><W32/><G32/><T65/><D65/><U30/><E112/><V16/><F6/><W81/><G28/><N who="1" m="10858" /><E113/><V88/><F57/><W95/><G109/><T25/><D86/><U75/><E110/><V94/><F55/><W3/><G111/><T34/><D34/><U131/><E75/><V105/><F51/><W104/><G108/><T7/><D7/><U69/><E69/><V128/><F105/><W99/><G104/><RYUUKYOKU ba="0,0" sc="160,30,289,-10,302,-10,249,-10" hai0="17,21,25,80,84,97,98" /><INIT seed="4,1,0,2,2,98" ten="190,279,292,239" oya="0" hai0="135,28,15,105,115,51,110,23,44,46,61,64,90" hai1="85,93,89,84,7,62,30,42,1,8,52,47,75" hai2="82,20,73,130,37,63,120,123,72,128,32,101,102" hai3="24,91,43,36,114,78,79,11,103,38,17,100,25"/><T10/><D105/><U67/><E75/><N who="2" m="28747" /><F32/><W6/><G114/><T12/><D115/><U74/><E74/><V97/><F63/><W59/><G91/><T45/><D110/><U133/><E133/><V92/><F20/><W124/><G124/><T109/><D135/><U13/><E30/><V5/><F5/><W14/><G59/><N who="0" m="36927" /><D109/><U33/><E33/><V16/><F16/><W54/><G54/><N who="0" m="30055" /><D90/><U57/><E1/><V34/><F37/><W48/><G38/><T22/><D15/><U77/><E77/><N who="3" m="29194" /><G36/><T94/><D94/><U122/><E122/><N who="2" m="46635" /><F34/><W117/><G117/><T56/><D56/><U112/><E112/><V108/><F108/><W88/><G88/><T76/><D76/><U111/><E111/><V80/><F101/><N who="3" m="38987" /><G6/><N who="0" m="3159" /><D23/><U119/><E119/><V4/><F4/><W118/><G118/><T87/><D87/><N who="1" m="52415" /><E42/><V69/><F69/><W83/><G83/><AGARI ba="1,0" hai="80,82,83,92,97,102,128,130" m="46635,28747" machi="83" ten="40,5200,0" yaku="34,2,52,1" doraHai="98" who="2" fromWho="3" sc="190,0,279,0,292,55,239,-55" /><INIT seed="5,0,0,5,5,19" ten="190,279,347,184" oya="1" hai0="26,44,109,1,40,130,106,112,28,85,111,70,11" hai1="105,55,53,86,7,61,71,18,119,13,101,90,80" hai2="29,94,113,89,92,99,33,88,54,52,69,66,24" hai3="96,9,131,10,37,34,125,36,45,50,63,6,120"/><U4/><E119/><V73/><F73/><W133/><G120/><T95/><D106/><U16/><E105/><V83/><F113/><W46/><G34/><T81/><D70/><U17/><E101/><V56/><F83/><W103/><G125/><T79/><D112/><U82/><E82/><V47/><F69/><W72/><G72/><T39/><D130/><U49/><E13/><V35/><F35/><W123/><G123/><T108/><D95/><U51/><E61/><V12/><F12/><W58/><G131/><T117/><D117/><U135/><E135/><V15/><F15/><W23/><G133/><T75/><D85/><U115/><E71/><V114/><F114/><W8/><G6/><N who="1" m="2090" /><E115/><V128/><F128/><W126/><G126/><T132/><D132/><U20/><E20/><N who="2" m="15495" /><F47/><W98/><G23/><T102/><D102/><U129/><E129/><V67/><F33/><W60/><G60/><T2/><REACH who="0" step="1"/><D11/><REACH who="0" ten="180,279,347,184" step="2"/><U22/><E86/><N who="2" m="52247" /><F54/><W64/><G98/><T122/><D122/><U77/><E53/><V91/><F91/><W43/><REACH who="3" step="1"/><G45/><REACH who="3" ten="180,279,347,174" step="2"/><T21/><AGARI ba="0,2" hai="1,2,21,26,28,39,40,44,75,79,81,108,109,111" machi="21" ten="30,4000,0" yaku="1,1,0,1,52,1,53,0" doraHai="19" doraHaiUra="127" who="0" fromWho="0" sc="180,60,279,-20,347,-10,174,-10" /><INIT seed="6,0,0,2,5,12" ten="240,259,337,164" oya="2" hai0="73,109,52,24,75,125,61,11,108,0,115,72,23" hai1="17,28,82,86,128,66,30,106,26,18,51,90,83" hai2="39,4,131,127,54,133,10,9,59,118,43,77,99" hai3="7,15,50,104,8,116,21,56,71,105,98,88,37"/><V53/><F118/><W2/><G37/><T41/><D125/><U112/><E106/><V130/><F127/><W124/><G71/><T68/><D41/><U100/><E100/><V107/><F77/><W122/><G122/><T55/><D115/><U38/><E38/><V58/><F133/><W62/><G124/><T76/><D76/><U126/><E126/><V117/><F117/><W60/><G116/><T81/><D81/><U57/><E112/><V44/><F99/><W1/><G50/><T111/><D68/><U97/><E97/><V25/><F25/><W92/><G62/><T85/><D85/><N who="1" m="50495" /><E128/><N who="2" m="49195" /><F107/><W129/><G129/><T46/><D46/><U19/><E26/><V13/><F9/><W22/><G22/><T16/><REACH who="0" step="1"/><D61/><REACH who="0" ten="230,259,337,164" step="2"/><N who="1" m="38191" /><E51/><V40/><F43/><W114/><G114/><T96/><D96/><U84/><E84/><V70/><F70/><W74/><G74/><T120/><D120/><U89/><AGARI ba="0,1" hai="17,18,19,28,30,82,86,89" m="38191,50495" machi="89" ten="30,7900,0" yaku="8,1,52,3" doraHai="12" who="1" fromWho="1" sc="230,-20,259,89,337,-39,164,-20" /><INIT seed="7,0,0,1,4,75" ten="210,348,298,144" oya="3" hai0="101,116,82,114,86,91,31,68,70,14,108,36,10" hai1="98,106,93,53,32,40,76,55,48,43,65,124,8" hai2="0,131,52,60,96,120,28,18,9,54,107,69,119" hai3="80,1,25,62,51,45,44,49,3,15,20,7,121"/><W130/><G121/><T47/><D108/><U125/><E32/><V133/><F119/><W41/><G130/><T110/><D116/><U104/><E65/><V113/><F113/><W17/><G62/><T26/><D110/><U95/><E76/><V134/><F131/><W71/><G71/><T67/><D67/><U103/><E8/><V78/><F28/><W63/><G63/><T27/><D27/><U115/><E115/><V57/><F69/><W66/><G66/><T89/><D101/><U94/><E104/><V111/><F111/><W12/><G80/><T50/><D36/><U58/><E53/><V99/><F120/><W88/><G88/><T30/><D30/><U4/><E4/><N who="2" m="1159" /><F107/><W122/><G122/><T35/><D91/><U129/><E129/><V34/><F34/><W105/><G105/><T128/><D128/><U92/><E106/><V59/><F18/><W126/><G126/><AGARI ba="0,0" hai="40,43,48,55,58,92,93,94,95,98,103,124,125,126" machi="126" ten="40,1300,0" yaku="18,1" doraHai="75" who="1" fromWho="3" sc="210,0,348,13,298,0,144,-13" owari="210,-19.0,361,46.0,298,10.0,131,-37.0" /></mjloggm>