<mjloggm ver="2.3"><GO type="169" lobby="0"/><UN n0="%E3%81%B1%E3%82%93%E3%81%9E%E3%81%86" n1="%79%61%6D%69" n2="%E3%83%88%E3%83%88%E3%83%AA%E5%85%88%E7%94%9F%31%39%E6%AD%B3" n3="%79%61%6E%6F%70%61%6E" dan="16,16,18,16" rate="2094.76,2132.08,2179.06,2135.76" sx="M,M,F,M"/><TAIKYOKU oya="0"/><INIT seed="0,0,0,5,5,38" ten="250,250,250,250" oya="0" hai0="30,68,32,132,34,36,66,98,101,45,3,94,117" hai1="35,25,79,83,60,76,81,93,52,129,97,61,59" hai2="116,110,20,29,118,96,48,106,80,111,121,14,46" hai3="69,27,17,125,51,109,47,85,128,54,112,22,21"/><T74/><D117/><N who="2" m="45162" /><F121/><W77/><G69/><T72/><D132/><U89/><E129/><V31/><F80/><N who="1" m="30793" /><E35/><V1/><F1/><W78/><G128/><T15/><D3/><U130/><E130/><V91/><F14/><W7/><G7/><T11/><D66/><U28/><E28/><N who="2" m="10827" /><F20/><W58/><G112/><T10/><D68/><U120/><E25/><V44/><F91/><W95/><G22/><T108/><D11/><U135/><E120/><V5/><F5/><W123/><G123/><T12/><D15/><U90/><E135/><V56/><F56/><W82/><G78/><N who="1" m="29738" /><E90/><V40/><F46/><W124/><G109/><N who="2" m="41481" /><F96/><W103/><G103/><T107/><D108/><U73/><E73/><V62/><F62/><AGARI ba="0,0" hai="52,59,60,61,62,89,93,97" m="29738,30793" machi="62" ten="30,2000,0" yaku="8,1,54,1" doraHai="38" who="1" fromWho="2" sc="250,0,250,20,250,-20,250,0" /><INIT seed="1,0,0,3,2,43" ten="250,270,230,250" oya="1" hai0="110,85,70,4,50,17,60,104,15,52,78,20,79" hai1="91,62,38,7,2,121,126,130,135,134,54,28,10" hai2="11,107,67,33,80,14,55,132,95,89,24,111,128" hai3="74,19,27,112,77,3,26,57,84,13,106,113,115"/><U102/><E121/><V34/><F107/><W44/><G3/><T18/><D110/><U114/><E114/><V64/><F111/><W118/><G106/><T82/><D104/><U131/><E38/><V21/><F128/><N who="1" m="49193" /><E102/><V101/><F132/><N who="1" m="50729" /><E28/><V99/><F34/><W23/><G118/><T124/><D4/><U122/><E122/><V37/><F33/><W66/><G74/><T73/><D73/><U93/><E62/><V88/><F37/><W123/><G123/><T72/><D60/><U109/><E109/><V69/><F101/><W16/><G112/><T47/><D72/><U92/><E54/><V45/><F69/><W58/><G113/><T76/><D52/><U56/><E56/><V90/><F67/><W51/><G115/><T35/><D70/><U87/><E92/><V8/><F64/><W61/><G57/><T32/><D50/><U96/><E96/><V36/><F36/><W86/><G77/><T68/><D78/><U42/><E42/><V40/><F40/><N who="3" m="24967" /><G27/><T0/><D76/><U48/><E48/><N who="2" m="29071" /><F24/><W98/><G98/><T29/><D35/><U100/><E100/><V105/><F105/><W116/><G116/><T1/><D68/><U6/><E6/><V120/><F120/><W63/><G63/><T97/><D97/><U81/><E81/><V41/><F41/><W59/><G59/><T117/><D82/><U5/><E5/><V31/><F80/><W9/><AGARI ba="0,0" hai="9,13,16,19,23,26,58,61,66,84,86" m="24967" machi="9" ten="30,4000,0" yaku="8,1,52,1,54,1" doraHai="43" who="3" fromWho="3" sc="250,-10,270,-20,230,-10,250,40" /><INIT seed="2,0,0,4,3,57" ten="240,250,220,290" oya="2" hai0="111,27,17,23,133,50,51,47,38,83,43,54,13" hai1="34,86,74,77,79,91,59,102,121,8,118,30,81" hai2="4,115,68,127,32,40,80,113,73,33,82,84,7" hai3="110,131,76,135,90,94,70,5,125,120,3,89,66"/><V116/><F40/><W97/><G120/><T19/><D111/><U71/><E71/><V134/><F68/><W56/><G110/><T52/><D133/><U26/><E118/><V122/><F116/><W0/><G70/><T46/><D83/><U103/><E121/><V36/><F122/><W20/><G135/><T101/><D101/><U100/><E74/><V95/><F134/><W104/><G104/><T112/><D112/><U12/><REACH who="1" step="1"/><E59/><REACH who="1" ten="240,240,220,290" step="2"/><V106/><F73/><W61/><G56/><T6/><D6/><AGARI ba="0,1" hai="6,8,12,26,30,34,77,79,81,86,91,100,102,103" machi="6" ten="40,8000,1" yaku="1,1,2,1,53,3" doraHai="57" doraHaiUra="99" who="1" fromWho="0" sc="240,-80,240,90,220,0,290,0" /><INIT seed="3,0,0,5,1,122" ten="160,330,220,290" oya="3" hai0="39,118,79,80,20,76,4,10,27,35,126,127,117" hai1="72,22,99,93,74,130,91,113,114,47,57,119,116" hai2="15,120,83,14,2,135,51,65,3,75,54,107,64" hai3="1,45,17,86,73,18,30,96,106,67,32,94,104"/><W63/><G73/><N who="1" m="28266" /><E47/><V9/><F107/><W41/><G1/><T84/><D39/><U108/><E57/><V88/><F120/><W89/><G104/><T81/><D35/><U37/><E37/><V8/><F135/><W58/><G32/><T90/><D10/><U78/><E22/><V21/><F21/><W12/><G30/><T100/><D4/><U133/><E133/><V112/><F112/><N who="1" m="43113" /><E130/><V50/><F75/><W68/><G68/><T42/><D42/><U53/><E53/><V129/><F129/><W121/><G121/><T13/><D13/><U24/><E24/><V124/><F83/><W31/><G31/><T6/><D6/><U62/><E62/><V29/><F29/><W103/><REACH who="3" step="1"/><G12/><REACH who="3" ten="160,330,220,280" step="2"/><T40/><D27/><U132/><E132/><V134/><F134/><W109/><G109/><T0/><D0/><U7/><E108/><V56/><F2/><W95/><G95/><T59/><D118/><U33/><E33/><V61/><F3/><W55/><G55/><T34/><D117/><U25/><E119/><V82/><F14/><W115/><G115/><T43/><D34/><U71/><E116/><V23/><F54/><W87/><G87/><T123/><D123/><U52/><E71/><V44/><F15/><W97/><G97/><T98/><D20/><U69/><E69/><V19/><F23/><W77/><G77/><T85/><D85/><U128/><E52/><V70/><F70/><W28/><G28/><T26/><D84/><U92/><E78/><V11/><F11/><W66/><G66/><T125/><D79/><U102/><E99/><RYUUKYOKU ba="0,1" sc="160,-10,330,-10,220,-10,280,30" hai3="17,18,41,45,58,63,67,86,89,94,96,103,106" /><INIT seed="3,1,1,4,2,117" ten="150,320,210,310" oya="3" hai0="14,114,13,56,83,1,120,134,8,84,17,20,28" hai1="50,86,54,97,16,31,52,45,66,0,118,22,33" hai2="79,109,104,47,116,91,113,98,119,3,124,75,129" hai3="110,90,67,53,60,36,23,103,77,126,106,130,122"/><W132/><G36/><T57/><D134/><U123/><E0/><V4/><F47/><W96/><G132/><T64/><D114/><U29/><E123/><V27/><F27/><W11/><G77/><T63/><D1/><U48/><E33/><V125/><F4/><W58/><G126/><N who="2" m="48745" /><F3/><W37/><G37/><T38/><D38/><U100/><E66/><V127/><F127/><W41/><G122/><T9/><D120/><U73/><E73/><V76/><F113/><W81/><G41/><T7/><D28/><U24/><E118/><N who="2" m="45099" /><F109/><W87/><G110/><T80/><D56/><U18/><E18/><V40/><F40/><W115/><G115/><T93/><REACH who="0" step="1"/><D9/><REACH who="0" ten="140,320,210,310" step="2"/><U68/><E68/><V5/><F129/><W19/><G11/><T39/><D39/><U94/><E86/><V82/><F5/><W133/><G130/><T102/><D102/><U69/><E69/><V61/><F75/><W2/><G2/><T85/><D85/><U65/><E65/><V121/><F121/><W89/><G133/><T15/><D15/><U42/><E42/><V108/><F108/><W131/><G131/><T78/><D78/><U55/><E55/><V101/><F79/><N who="3" m="46527" /><G67/><T112/><D112/><U92/><REACH who="1" step="1"/><E94/><REACH who="1" ten="140,310,210,310" step="2"/><V95/><F95/><W88/><G53/><T25/><D25/><U99/><E99/><V34/><F98/><W135/><G135/><T12/><D12/><U30/><E30/><V111/><F111/><W72/><G72/><T44/><D44/><AGARI ba="1,3" hai="16,22,24,29,31,44,45,48,50,52,54,92,97,100" machi="44" ten="30,12000,2" yaku="1,1,7,1,9,1,8,1,54,2,53,0" doraHai="117" doraHaiUra="32" who="1" fromWho="0" sc="140,-123,310,153,210,0,310,0" /><INIT seed="4,0,0,1,0,87" ten="17,463,210,310" oya="0" hai0="63,47,130,124,116,77,97,133,67,9,91,115,102" hai1="22,82,1,70,4,12,73,38,56,31,6,59,61" hai2="129,71,48,88,41,84,114,109,13,60,29,89,51" hai3="72,122,53,92,33,101,68,118,85,36,28,39,80"/><T10/><D116/><U95/><E38/><V99/><F109/><W43/><G118/><T66/><D77/><U55/><E1/><V19/><F114/><W23/><G68/><T79/><D79/><U120/><E120/><V134/><F134/><W20/><G72/><T44/><D115/><U40/><E40/><V123/><F123/><W26/><G122/><T35/><D35/><U105/><E105/><V3/><F3/><W81/><G81/><T119/><D119/><U90/><E70/><V86/><F129/><W7/><G7/><T25/><D133/><U128/><E128/><V45/><F29/><W69/><G69/><T104/><D130/><U50/><E82/><N who="2" m="49175" /><F71/><W76/><G53/><T11/><D124/><U16/><E31/><V75/><F75/><W107/><G107/><T34/><D34/><U131/><E73/><V113/><F113/><W74/><G33/><T111/><D111/><U14/><E14/><V98/><F51/><W127/><G127/><T126/><D126/><U106/><E106/><V103/><F103/><W21/><G28/><T135/><D135/><U46/><E131/><V65/><F60/><W2/><G2/><T117/><D117/><U78/><E78/><V62/><F62/><W58/><G36/><T96/><D25/><U57/><E61/><V64/><F64/><N who="0" m="24618" /><D63/><U18/><E18/><V42/><F65/><W110/><G110/><T108/><D108/><U24/><E24/><V121/><F121/><W27/><G74/><T15/><D15/><U30/><E30/><V5/><F13/><W100/><G27/><T49/><D49/><RYUUKYOKU ba="0,0" sc="17,15,463,15,210,-15,310,-15" hai0="9,10,11,44,47,91,96,97,102,104" hai1="4,6,12,16,22,46,50,55,56,57,59,90,95" /><INIT seed="4,1,0,5,5,96" ten="32,478,195,295" oya="0" hai0="90,85,34,39,0,17,87,120,106,2,51,67,7" hai1="78,117,38,66,33,127,35,95,55,56,134,83,15" hai2="123,59,76,62,3,122,77,6,57,112,21,121,92" hai3="75,26,46,84,18,128,130,25,71,28,10,107,22"/><T91/><D120/><U135/><E38/><V108/><F108/><W98/><G75/><T109/><D39/><U48/><E117/><V125/><F112/><W104/><G71/><T116/><D116/><U12/><E66/><V64/><F125/><W126/><G126/><T94/><D109/><U114/><E95/><V111/><F111/><W102/><G84/><T9/><D106/><U81/><E81/><V72/><F72/><W31/><G46/><T105/><D105/><U70/><E70/><V74/><F74/><W11/><G107/><T44/><D34/><N who="1" m="12811" /><E114/><V129/><F129/><N who="3" m="49771" /><G31/><T118/><D118/><U23/><E23/><AGARI ba="1,0" hai="10,11,18,22,23,25,26,28,98,102,104" m="49771" machi="23" ten="30,2000,0" yaku="19,1,52,1" doraHai="96" who="3" fromWho="1" sc="32,0,478,-23,195,0,295,23" /><INIT seed="5,0,0,3,1,14" ten="32,455,195,318" oya="1" hai0="89,78,124,127,49,74,42,87,115,134,65,41,75" hai1="95,111,18,33,106,98,66,34,58,133,82,92,84" hai2="81,61,107,52,23,85,62,68,90,46,51,114,36" hai3="97,4,15,55,24,70,113,5,32,79,103,63,118"/><U9/><E106/><V28/><F107/><W10/><G113/><T53/><D65/><U101/><E95/><V35/><F35/><W20/><G118/><T54/><D115/><U48/><E133/><V121/><F121/><W125/><G125/><N who="0" m="48203" /><D134/><U12/><E111/><V56/><F114/><W6/><G79/><T105/><D105/><U37/><E37/><V2/><F2/><W129/><G129/><T7/><D7/><U16/><E18/><V88/><F68/><W119/><G32/><T13/><D13/><U71/><E71/><V120/><F120/><W0/><G0/><T57/><D78/><U22/><E9/><V26/><F36/><W69/><G119/><T86/><D89/><U38/><E38/><V91/><REACH who="2" step="1"/><F62/><REACH who="2" ten="32,455,185,318" step="2"/><W67/><G69/><T126/><N who="0" m="48211" /><T21/><DORA hai="132" /><D21/><U123/><E123/><V108/><F108/><W47/><G70/><T30/><D30/><U31/><E31/><V117/><F117/><W29/><G29/><T83/><D54/><AGARI ba="0,1" hai="23,26,28,46,51,52,54,56,61,81,85,88,90,91" machi="54" ten="30,8000,1" yaku="1,1,7,1,8,1,54,2,53,0" doraHai="14,132" doraHaiUra="116,94" who="2" fromWho="0" sc="32,-80,455,0,185,90,318,0" owari="-48,-55.0,455,55.0,275,-12.0,318,12.0" /></mjloggm>