<mjloggm ver="2.3"><GO type="169" lobby="0"/><UN n0="%E5%8F%8A%E5%B7%9D%E5%86%B0%E9%BA%97" n1="%E3%81%BE%E3%81%95%E3%82%8B%E3%81%95%E3%82%93%E3%80%82%E3%80%82" n2="%E3%82%A6%E3%83%AB%E3%83%88%E3%83%A9%E7%AB%8B%E7%9B%B4" n3="%E5%8D%97%E6%A5%B5%31%E5%8F%B7" dan="16,16,17,16" rate="2134.90,2082.90,2150.79,2058.92" sx="M,M,M,M"/><TAIKYOKU oya="0"/><INIT seed="0,0,0,2,4,39" ten="250,250,250,250" oya="0" hai0="130,105,118,81,135,93,52,26,91,19,100,51,89" hai1="60,117,92,114,25,7,129,125,45,11,75,106,29" hai2="28,23,35,128,5,84,62,98,9,18,79,61,94" hai3="65,27,103,82,132,78,21,85,14,90,124,101,15"/><T116/><D130/><U76/><E106/><V86/><F128/><W126/><G132/><T134/><D26/><U13/><E129/><V31/><F35/><W113/><G65/><T53/><D19/><U40/><E117/><N who="0" m="45161" /><D105/><U69/><E114/><V58/><F9/><W64/><G64/><T99/><D53/><U96/><E69/><V12/><F5/><W108/><G113/><T57/><D81/><U67/><E75/><V36/><F36/><W83/><G103/><T0/><D0/><U131/><E131/><V42/><F42/><W88/><G101/><T133/><AGARI ba="0,0" hai="51,52,57,89,91,93,99,100,133,134,135" m="45161" machi="133" ten="40,3900,0" yaku="20,1,54,1" doraHai="39" who="0" fromWho="0" sc="250,39,250,-13,250,-13,250,-13" /><INIT seed="0,1,0,4,1,113" ten="289,237,237,237" oya="0" hai0="62,18,98,125,114,49,118,25,56,50,124,87,119" hai1="55,65,29,45,105,46,135,76,34,129,10,32,39" hai2="47,27,96,4,79,132,23,40,95,86,20,101,59" hai3="60,100,19,16,110,103,44,117,108,21,82,73,109"/><T133/><D114/><U61/><E105/><V12/><F132/><W15/><G60/><T120/><D120/><U116/><E135/><V43/><F47/><W88/><G44/><T85/><D133/><U67/><E76/><V28/><F79/><W94/><G82/><T42/><D42/><U112/><E61/><V54/><F86/><N who="0" m="32778" /><D98/><U14/><E29/><V57/><F57/><W38/><G73/><T127/><D25/><U17/><E34/><V104/><F104/><W7/><G7/><T123/><D123/><U130/><E32/><V24/><F12/><N who="3" m="9447" /><G38/><T107/><D107/><U80/><E80/><V64/><F4/><W126/><G117/><N who="0" m="44555" /><D18/><U66/><E116/><V30/><REACH who="2" step="1"/><F64/><AGARI ba="1,0" hai="49,50,56,62,64,124,125,127" m="44555,32778" machi="64" ten="40,12000,1" yaku="18,1,52,3" doraHai="113" who="0" fromWho="2" sc="289,123,237,0,237,-123,237,0" /><INIT seed="0,2,0,0,0,105" ten="412,237,114,237" oya="0" hai0="123,125,127,69,119,23,124,114,108,72,78,13,32" hai1="27,68,113,92,93,94,0,60,9,66,126,91,112" hai2="57,16,102,3,117,99,44,52,132,61,50,34,31" hai3="22,56,121,87,59,131,120,58,100,51,20,128,71"/><T110/><D123/><N who="3" m="47177" /><G100/><T79/><D119/><U21/><E126/><V106/><F3/><W90/><G71/><T104/><D114/><N who="1" m="44139" /><E9/><V29/><F34/><W24/><G51/><T86/><D104/><U95/><E0/><V111/><F111/><N who="0" m="42538" /><D32/><U48/><E48/><V74/><F132/><W43/><G43/><T46/><D69/><U8/><E8/><V107/><F107/><W41/><G41/><T84/><D46/><U39/><E39/><V70/><F117/><W55/><G55/><T122/><D122/><U49/><E49/><V17/><F74/><W4/><G4/><T101/><D101/><U28/><E94/><V37/><F37/><W109/><G109/><T53/><D53/><U35/><E35/><V54/><REACH who="2" step="1"/><F70/><REACH who="2" ten="412,237,104,237" step="2"/><W133/><G133/><T10/><D72/><U14/><E14/><V129/><F129/><N who="3" m="49739" /><G24/><T67/><D124/><U82/><E82/><AGARI ba="2,1" hai="20,22,56,58,59,82,87,90" m="49739,47177" machi="82" ten="40,2600,0" yaku="13,1,19,1" doraHai="105" who="3" fromWho="1" sc="412,0,237,-32,104,0,237,42" /><INIT seed="1,0,0,1,2,5" ten="412,205,104,279" oya="1" hai0="117,55,27,76,105,6,129,23,100,14,52,78,72" hai1="42,36,91,132,17,69,111,89,32,37,45,86,56" hai2="94,67,15,61,128,59,84,30,18,9,41,87,39" hai3="3,119,102,21,44,19,28,68,74,121,25,109,13"/><U125/><E69/><V116/><F116/><W135/><G121/><T90/><D117/><U47/><E32/><V51/><F128/><W57/><G68/><T46/><D129/><U11/><E89/><V1/><F1/><W49/><G74/><T101/><D90/><U35/><E35/><V81/><F39/><W126/><G57/><T71/><D71/><U43/><E56/><V123/><F123/><W8/><G119/><T50/><D72/><U96/><E96/><V73/><F73/><W114/><G126/><T103/><D105/><U95/><E125/><V108/><F108/><W10/><G109/><T48/><D14/><U83/><E111/><V4/><F30/><W20/><G135/><T29/><REACH who="0" step="1"/><D6/><REACH who="0" ten="402,205,104,279" step="2"/><U31/><E132/><V24/><F94/><W127/><G127/><T92/><D92/><U63/><E95/><V54/><F81/><W104/><G3/><T85/><D85/><U62/><E31/><V99/><F99/><W7/><G7/><T106/><D106/><U93/><E93/><V131/><F131/><W120/><G120/><T53/><D53/><U38/><E38/><V122/><F122/><W134/><G134/><T80/><D80/><U113/><E113/><V40/><F87/><W112/><G104/><T97/><D97/><U34/><E34/><V75/><F84/><W107/><G107/><T22/><D22/><U118/><E118/><V65/><F75/><W70/><G70/><T64/><D64/><U16/><E17/><V66/><F66/><W77/><G112/><T130/><D130/><U33/><E33/><V79/><F67/><RYUUKYOKU ba="0,1" sc="402,15,205,15,104,-15,279,-15" hai0="23,27,29,46,48,50,52,55,76,78,100,101,103" hai1="11,16,36,37,42,43,45,47,62,63,83,86,91" /><INIT seed="1,1,1,4,0,41" ten="417,220,89,264" oya="1" hai0="14,28,0,92,67,130,106,19,132,77,87,59,52" hai1="51,23,70,89,25,3,2,111,57,100,13,39,96" hai2="110,32,53,45,11,66,88,72,122,55,47,80,22" hai3="27,36,81,107,128,113,125,129,109,10,124,6,127"/><U90/><E39/><V16/><F32/><W58/><G36/><T95/><D106/><U64/><E70/><V108/><F122/><W84/><G107/><T61/><D0/><U126/><E3/><V119/><F66/><W102/><G102/><T123/><D130/><N who="3" m="50281" /><G113/><T38/><D38/><U74/><E74/><V44/><F11/><W121/><G27/><T69/><D132/><U85/><E2/><V82/><F119/><W29/><G29/><T43/><D43/><U62/><E13/><N who="2" m="9487" /><F72/><W60/><G109/><N who="2" m="42089" /><F82/><W71/><G71/><T120/><D28/><N who="1" m="17471" /><E111/><V105/><F105/><W65/><G121/><N who="0" m="46667" /><D67/><U112/><E112/><V75/><F75/><W131/><G131/><T9/><D69/><U135/><E135/><V35/><F35/><W34/><G34/><T114/><D114/><U15/><E15/><V78/><F78/><N who="3" m="46135" /><G10/><T118/><D118/><U37/><E64/><V68/><F68/><W56/><G6/><T134/><D134/><U79/><E79/><V76/><F76/><W40/><G65/><T12/><D12/><U97/><E97/><V48/><F48/><W8/><G8/><T5/><D5/><U7/><E51/><V93/><F80/><AGARI ba="1,1" hai="9,14,19,52,59,61,77,80,87,92,95" m="46667" machi="80" ten="30,2000,0" yaku="13,1,54,1" doraHai="41" who="0" fromWho="2" sc="417,33,220,0,89,-23,264,0" /><INIT seed="2,0,0,0,1,97" ten="450,220,66,264" oya="2" hai0="58,91,112,66,62,47,111,105,44,74,49,92,114" hai1="21,110,15,101,113,116,93,19,102,56,79,48,12" hai2="78,8,103,0,68,9,81,3,1,26,36,130,51" hai3="25,77,135,24,131,37,30,82,95,32,35,18,46"/><V99/><F68/><W22/><G131/><T80/><D105/><U118/><E113/><V84/><F130/><W63/><G135/><T108/><D80/><U50/><E79/><V11/><F51/><N who="1" m="19497" /><E110/><N who="0" m="42025" /><D74/><U16/><E56/><V90/><F26/><W57/><G46/><N who="0" m="17451" /><D49/><U53/><E53/><V60/><F60/><W14/><G37/><T5/><D5/><U17/><E93/><V115/><F115/><W120/><G120/><T7/><D7/><U104/><E104/><V125/><F125/><W109/><G32/><T83/><D83/><U121/><E121/><V127/><F127/><W41/><G41/><T119/><D119/><N who="1" m="45611" /><E21/><V75/><F36/><W33/><G33/><T59/><D59/><U126/><E126/><V54/><F54/><W106/><G57/><T20/><D20/><U133/><E133/><V34/><F34/><W42/><G106/><T43/><D43/><U52/><E52/><V88/><REACH who="2" step="1"/><F75/><REACH who="2" ten="450,220,56,264" step="2"/><W122/><G42/><T27/><D27/><U55/><E55/><V38/><F38/><W72/><G35/><T117/><D117/><U123/><E123/><V87/><F87/><AGARI ba="0,1" hai="58,62,66,87,91,92,112,114" m="17451,42025" machi="87" ten="30,1000,0" yaku="14,1" doraHai="97" who="0" fromWho="2" sc="450,20,220,0,56,-10,264,0" /><INIT seed="3,0,0,3,0,6" ten="470,220,46,264" oya="3" hai0="135,126,50,32,67,105,127,46,14,83,0,88,59" hai1="90,128,116,71,47,119,129,114,15,91,118,30,133" hai2="110,27,31,25,8,122,115,99,103,18,125,9,72" hai3="7,117,92,76,11,39,58,93,104,120,73,49,36"/><W64/><G104/><T43/><D105/><U29/><E114/><V81/><F115/><W2/><G120/><T123/><D0/><U22/><E133/><V41/><F122/><W20/><G117/><T82/><D123/><U124/><E124/><N who="0" m="47657" /><D32/><U38/><E71/><V66/><F125/><W12/><G2/><T52/><D135/><U106/><E106/><V79/><F110/><W10/><G7/><T24/><D24/><N who="1" m="16535" /><E15/><V13/><F41/><W89/><G73/><T68/><D14/><U80/><E80/><V69/><F31/><W98/><G76/><T134/><D134/><U85/><E30/><V86/><F72/><W130/><G39/><N who="0" m="21887" /><D88/><N who="1" m="33835" /><E85/><V65/><F69/><W63/><G36/><T97/><D97/><U87/><E87/><V34/><F34/><W37/><G37/><T95/><D95/><U35/><E35/><V61/><F99/><W56/><G93/><T102/><D102/><U44/><E38/><V78/><F103/><W3/><G3/><T113/><D113/><U33/><E33/><V77/><F79/><W54/><G130/><AGARI ba="0,0" hai="44,47,116,118,119,128,129,130" m="33835,16535" machi="130" ten="40,5200,0" yaku="12,1,19,1,54,1" doraHai="6" who="1" fromWho="3" sc="470,0,220,52,46,0,264,-52" /><INIT seed="4,0,0,1,0,29" ten="470,272,46,212" oya="0" hai0="128,91,63,105,108,56,35,111,133,92,55,38,118" hai1="31,27,98,97,51,33,124,66,81,70,41,77,8" hai2="126,15,130,134,42,25,104,86,3,53,22,67,120" hai3="61,125,129,116,106,127,75,4,115,100,90,50,11"/><T112/><D112/><U21/><E124/><N who="3" m="47690" /><G75/><T114/><D114/><U101/><E41/><V24/><F104/><W1/><G116/><T103/><D118/><U78/><E51/><V68/><F3/><W23/><G129/><T13/><D38/><U99/><E8/><V121/><F130/><W85/><G61/><T36/><D36/><U20/><E101/><V48/><F126/><W9/><G9/><T87/><D128/><U43/><E43/><V89/><F134/><W131/><G50/><T34/><D133/><U5/><E5/><V57/><F25/><W80/><G115/><T49/><D13/><U83/><E70/><V10/><F42/><W76/><G23/><T122/><D122/><U94/><E94/><V110/><F110/><N who="0" m="42026" /><D49/><U65/><E20/><V93/><F68/><W32/><G32/><T96/><AGARI ba="0,0" hai="34,35,55,56,63,87,91,92,96,103,105" m="42026" machi="96" ten="30,6000,0" yaku="10,1,52,2" doraHai="29" who="0" fromWho="0" sc="470,60,272,-20,46,-20,212,-20" /><INIT seed="4,1,0,5,4,58" ten="530,252,26,192" oya="0" hai0="23,14,87,67,70,135,8,68,110,54,38,6,34" hai1="47,86,37,69,0,82,107,117,65,109,55,32,24" hai2="57,108,15,72,126,125,127,1,17,41,3,74,118" hai3="90,53,71,76,12,113,20,114,11,77,59,134,124"/><T94/><D34/><U99/><E0/><V51/><F108/><W73/><G71/><T10/><D110/><U5/><E5/><V18/><F118/><W120/><G124/><T81/><D38/><U4/><E4/><V88/><F41/><W26/><G134/><T98/><D135/><U84/><E55/><V2/><F51/><W29/><G90/><T129/><D129/><U92/><E92/><V128/><F128/><W111/><G120/><T64/><D70/><U28/><E82/><V62/><F88/><W95/><G95/><T83/><D23/><U133/><E117/><V21/><REACH who="2" step="1"/><F17/><REACH who="2" ten="530,252,16,192" step="2"/><W25/><G111/><T33/><D83/><U19/><E109/><V63/><F63/><W103/><G103/><T45/><D81/><U46/><E19/><V104/><F104/><W91/><G91/><T49/><D98/><U115/><E99/><V85/><F85/><W30/><G73/><T7/><D87/><U106/><E86/><V40/><F40/><W52/><G76/><T61/><D61/><U78/><E84/><V101/><F101/><W39/><G77/><T16/><D16/><U79/><E78/><V100/><F100/><W96/><G39/><T130/><D49/><U122/><E79/><V66/><AGARI ba="1,1" hai="1,2,3,15,18,21,57,62,66,72,74,125,126,127" machi="66" ten="40,8000,1" yaku="1,1,0,1,18,1,52,1,53,1" doraHai="58" doraHaiUra="13" who="2" fromWho="2" sc="530,-41,252,-21,16,93,192,-21" /><INIT seed="5,0,0,2,4,116" ten="489,231,109,171" oya="1" hai0="46,104,83,99,59,35,19,39,44,41,36,122,79" hai1="105,72,106,102,40,2,50,62,69,131,33,43,93" hai2="14,17,128,57,0,119,76,125,38,42,120,85,123" hai3="67,54,132,117,108,25,47,109,34,95,81,29,3"/><U30/><E106/><V133/><F0/><W78/><G117/><T51/><D19/><U12/><E2/><V49/><F119/><W9/><G67/><T75/><D59/><U113/><E72/><V18/><F125/><W114/><G132/><T45/><D45/><U24/><E93/><V74/><F74/><W127/><G95/><T27/><D51/><U20/><E131/><V111/><F111/><W124/><G114/><T101/><D122/><U84/><E84/><V87/><F128/><W112/><G54/><T89/><D89/><U55/><E113/><V10/><F133/><W66/><G47/><T63/><D63/><U98/><E12/><V82/><F38/><W5/><G66/><T56/><D56/><N who="1" m="32887" /><E20/><V126/><F126/><N who="3" m="48171" /><G112/><T58/><D58/><U11/><E11/><V31/><F31/><W4/><G4/><T107/><D107/><U70/><E70/><V92/><F92/><W110/><G110/><T96/><D96/><U13/><E13/><V32/><F87/><AGARI ba="0,0" hai="3,5,9,25,29,34,78,81,87,108,109" m="48171" machi="87" ten="30,1000,0" yaku="18,1" doraHai="116" who="3" fromWho="2" sc="489,0,231,0,109,-10,171,10" /><INIT seed="6,0,0,4,4,128" ten="489,231,99,181" oya="2" hai0="120,57,42,12,116,64,85,37,103,4,99,44,102" hai1="20,122,40,111,50,33,72,67,39,97,41,55,86" hai2="51,96,1,0,82,76,135,101,78,88,106,18,17" hai3="74,54,110,29,46,89,49,117,70,9,133,48,91"/><V58/><F135/><W125/><G70/><T11/><D116/><U69/><E72/><V131/><F131/><W60/><G74/><T115/><D115/><U113/><E33/><V5/><F78/><W119/><G29/><T129/><D129/><U47/><E113/><V28/><F76/><W27/><G27/><T105/><D103/><U81/><E97/><V10/><F1/><W63/><G110/><T36/><D85/><U132/><E132/><V59/><F28/><W65/><G125/><T92/><D105/><U75/><E75/><V79/><F79/><W127/><G127/><T13/><D13/><U71/><E71/><V32/><F32/><W30/><G30/><T118/><D118/><U68/><E68/><V126/><F126/><W6/><G133/><T107/><D107/><U22/><E111/><V109/><F109/><W121/><G121/><T21/><D21/><U84/><E22/><V95/><F82/><W15/><G49/><T19/><D120/><U100/><E20/><V90/><F90/><N who="3" m="34315" /><G119/><T45/><D45/><U7/><E47/><V66/><F66/><W98/><G98/><T56/><D64/><U134/><E67/><V16/><REACH who="2" step="1"/><F51/><REACH who="2" ten="489,231,89,181" step="2"/><W108/><G65/><T25/><D37/><U34/><E50/><V2/><F2/><W14/><G117/><T77/><D77/><U3/><E39/><V23/><F23/><W114/><G114/><T38/><D38/><U112/><E3/><V83/><F83/><W26/><G108/><T73/><D73/><U35/><E81/><V104/><F104/><W94/><G94/><T80/><D80/><RYUUKYOKU ba="0,1" sc="489,15,231,-15,89,15,181,-15" hai0="4,11,12,19,25,36,42,44,56,57,92,99,102" hai2="0,5,10,16,17,18,58,59,88,95,96,101,106" /><INIT seed="6,1,1,1,4,72" ten="504,216,104,166" oya="2" hai0="30,50,107,99,23,70,2,34,0,114,7,105,19" hai1="93,35,123,62,49,98,78,122,64,46,90,94,133" hai2="53,45,69,66,91,81,28,11,63,6,39,103,73" hai3="79,13,108,113,4,104,10,125,86,77,135,61,115"/><V16/><F28/><W55/><G108/><T65/><D114/><N who="3" m="43529" /><G104/><T15/><D50/><U57/><E78/><N who="3" m="29706" /><G135/><T129/><D129/><U42/><E94/><V24/><F73/><W27/><G27/><N who="0" m="18783" /><D7/><U101/><E35/><V112/><F112/><W5/><G86/><T48/><D48/><U74/><E74/><V38/><F103/><W20/><G20/><T130/><D130/><U32/><E32/><V117/><F117/><W132/><G132/><T119/><D119/><U124/><E124/><V87/><F45/><W25/><G25/><T22/><D22/><U118/><E118/><V60/><F24/><W47/><G125/><T84/><D84/><U96/><E133/><V26/><F26/><W95/><G95/><T44/><D44/><U68/><E68/><V76/><F91/><W75/><G75/><T110/><D110/><U67/><E67/><V80/><F80/><W31/><G31/><T56/><D23/><U8/><E8/><V71/><F16/><N who="3" m="8247" /><G47/><T116/><D107/><U120/><E98/><V37/><F53/><W102/><G102/><AGARI ba="1,1" hai="42,46,49,57,62,64,90,93,96,101,102,120,122,123" machi="102" ten="40,1300,0" yaku="13,1" doraHai="72" who="1" fromWho="3" sc="504,0,216,26,104,0,166,-16" /><INIT seed="7,0,0,2,4,59" ten="504,242,104,150" oya="3" hai0="93,14,115,127,22,133,18,65,56,16,46,57,41" hai1="107,70,94,13,89,110,92,117,119,48,135,32,29" hai2="15,31,113,30,72,74,77,83,39,73,121,71,36" hai3="40,55,67,102,11,78,42,47,80,125,128,37,85"/><W64/><G128/><T69/><D133/><U58/><E135/><V130/><F113/><W86/><G125/><T103/><D127/><U79/><E107/><V105/><F130/><W34/><G34/><T49/><D115/><U4/><E70/><V0/><F121/><W66/><G102/><T99/><REACH who="0" step="1"/><D18/><REACH who="0" ten="494,242,104,150" step="2"/><U44/><E117/><V75/><F105/><W21/><G37/><T132/><D132/><U63/><E79/><V45/><F0/><W25/><G78/><T123/><D123/><U28/><E32/><V124/><F124/><W38/><G38/><T96/><D96/><U129/><E129/><V52/><F39/><W26/><G85/><T60/><AGARI ba="0,1" hai="14,16,22,41,46,49,56,57,60,65,69,93,99,103" machi="60" ten="30,7900,0" yaku="1,1,0,1,52,1,54,1,53,0" doraHai="59" doraHaiUra="20" who="0" fromWho="0" sc="494,89,242,-20,104,-20,150,-39" owari="583,69.0,222,2.0,84,-42.0,111,-29.0" /></mjloggm>