<mjloggm ver="2.3"><GO type="97" lobby="0"/><UN n0="%E5%B0%B1%E6%B4%BB%E7%94%9F%40%E5%B7%9D%E6%9D%91%E8%BB%8D%E5%9B%A3" n1="%E3%81%A9%E3%81%B6%E3%81%B8%E3%81%84" n2="%6B%61%6D%65%6E%61%6E%6E" n3="%E3%82%B8%E3%82%A7%E3%83%AA%E3%82%B3%E3%81%AE%E5%A3%81" dan="16,14,13,13" rate="2059.84,1942.84,1877.88,1909.20" sx="M,M,M,M"/><TAIKYOKU oya="0"/><INIT seed="0,0,0,5,0,20" ten="250,250,250,250" oya="0" hai0="59,129,79,95,7,65,104,25,27,37,52,61,35" hai1="1,69,117,120,78,99,114,130,123,70,67,22,84" hai2="90,8,2,28,31,17,12,112,135,34,126,98,83" hai3="134,77,23,3,97,119,122,128,68,75,57,110,36"/><T55/><D104/><U38/><E1/><V113/><F98/><W109/><G97/><T41/><D35/><U48/><E38/><V133/><F83/><W63/><G23/><T62/><D129/><U64/><E117/><V30/><F90/><W26/><G26/><N who="0" m="9739" /><D37/><U66/><E22/><V6/><F126/><W92/><G92/><T39/><D39/><U94/><E130/><V124/><F124/><W106/><G57/><N who="0" m="37039" /><D41/><U93/><E114/><N who="2" m="44139" /><F34/><W0/><G63/><T18/><D79/><U88/><E48/><V80/><F80/><W87/><G87/><T40/><D40/><U19/><E19/><V101/><F101/><W96/><G96/><T51/><D7/><U53/><E53/><V47/><F47/><W11/><G11/><AGARI ba="0,0" hai="2,6,8,11,12,17,28,30,31,133,135" m="44139" machi="11" ten="40,2600,0" yaku="34,2" doraHai="20" who="2" fromWho="3" sc="250,0,250,0,250,26,250,-26" /><INIT seed="1,0,0,1,0,2" ten="250,250,276,224" oya="1" hai0="89,27,65,123,52,69,6,93,10,45,77,105,58" hai1="118,20,126,128,8,119,80,56,102,55,57,62,3" hai2="131,82,97,94,40,129,106,92,130,135,90,63,59" hai3="72,75,42,122,127,4,46,41,109,115,76,68,28"/><U19/><E128/><V50/><F135/><W31/><G68/><T7/><D105/><U87/><E126/><V14/><F106/><W114/><G127/><T9/><D123/><U133/><E133/><V34/><F34/><W54/><G46/><T70/><D77/><U13/><E102/><V12/><F82/><W29/><G76/><T116/><D116/><U125/><E125/><V39/><F39/><W24/><G24/><T44/><D70/><U32/><E32/><V16/><F50/><W85/><G85/><N who="0" m="52399" /><D69/><U79/><E3/><V23/><F40/><W78/><G78/><T48/><D27/><U88/><E79/><V26/><F92/><W38/><G31/><T121/><D121/><U84/><E84/><V64/><AGARI ba="0,0" hai="12,14,16,23,26,59,63,64,90,94,97,129,130,131" machi="64" ten="30,4000,0" yaku="0,1,19,1,54,1" doraHai="2" who="2" fromWho="2" sc="250,-10,250,-20,276,40,224,-10" /><INIT seed="2,0,0,3,4,65" ten="240,230,316,214" oya="2" hai0="25,0,73,123,88,132,14,18,126,101,24,112,22" hai1="87,76,129,134,58,114,92,37,10,67,108,3,95" hai2="80,85,100,107,122,125,53,2,52,20,50,21,117" hai3="46,119,32,86,81,93,23,72,71,31,106,45,51"/><V63/><F122/><W57/><G32/><T28/><D73/><U17/><E37/><V110/><F117/><W99/><G71/><T49/><D0/><U13/><E114/><V83/><F2/><W115/><G72/><T16/><D123/><U96/><E108/><V94/><F107/><W79/><G106/><T47/><D112/><U40/><E40/><V78/><F110/><W103/><G115/><T8/><D132/><U74/><E74/><V29/><F125/><W64/><G119/><T121/><D121/><U68/><E134/><V135/><F135/><W62/><REACH who="3" step="1"/><G51/><REACH who="3" ten="240,230,316,204" step="2"/><T70/><D70/><U9/><E68/><V133/><F133/><W11/><G11/><T1/><D126/><U89/><E9/><V82/><F50/><W69/><G69/><T4/><D101/><U105/><E105/><V120/><F120/><W30/><G30/><T77/><D77/><U7/><E76/><V90/><F78/><W59/><G59/><T109/><D109/><U43/><E58/><V124/><F100/><W97/><G97/><T56/><D56/><U6/><E96/><V48/><F124/><W127/><G127/><T12/><D88/><U15/><E89/><V44/><F29/><W84/><G84/><T33/><D18/><U5/><E17/><V128/><F128/><W35/><G35/><T19/><D19/><U131/><E129/><V41/><F63/><W66/><G66/><T38/><D38/><U91/><E131/><V61/><F61/><W42/><G42/><AGARI ba="0,1" hai="1,4,8,12,14,16,22,24,25,28,33,42,47,49" machi="42" ten="30,2000,0" yaku="7,1,54,1" doraHai="65" who="0" fromWho="3" sc="240,30,230,0,316,0,204,-20" /><INIT seed="3,0,0,0,1,43" ten="270,230,316,184" oya="3" hai0="41,7,118,31,73,26,80,6,29,0,112,8,45" hai1="98,40,11,85,127,87,57,66,91,96,13,61,14" hai2="132,19,59,49,93,44,109,18,86,21,17,50,28" hai3="74,104,107,95,27,12,67,89,20,5,105,65,52"/><W84/><G74/><T106/><D118/><U38/><E127/><V16/><F109/><W76/><G76/><N who="0" m="44047" /><D6/><U55/><E38/><V24/><F132/><W32/><G32/><N who="0" m="20535" /><D31/><U9/><E40/><V33/><F33/><W58/><G5/><T51/><D51/><U48/><E14/><V70/><F70/><W63/><REACH who="3" step="1"/><G12/><REACH who="3" ten="270,230,316,174" step="2"/><T126/><D126/><U113/><E113/><V78/><F21/><W125/><G125/><T135/><D112/><U119/><E119/><V22/><F22/><W30/><AGARI ba="0,1" hai="20,27,30,52,58,63,65,67,84,89,95,104,105,107" machi="30" ten="30,11700,0" yaku="1,1,0,1,54,1,53,1" doraHai="43" doraHaiUra="88" who="3" fromWho="3" sc="270,-39,230,-39,316,-39,174,127" owari="231,-17.0,191,-31.0,277,8.0,301,40.0" /></mjloggm>