<mjloggm ver="2.3"><GO type="41" lobby="0"/><UN n0="%E3%81%97%E3%81%8A%E3%81%B2%E3%81%8C%E3%82%8A" n1="%E7%B7%8B%E7%89%A1%E4%B8%B9%E3%83%90%E3%83%AB%E3%82%AB%E3%83%B3" n2="%6D%61%6E%74%65%74%75" n3="%E5%B0%B1%E6%B4%BB%E7%94%9F%40%E5%B7%9D%E6%9D%91%E8%BB%8D%E5%9B%A3" dan="14,14,13,15" rate="1937.23,1939.18,1810.63,1964.87" sx="M,M,M,M"/><TAIKYOKU oya="0"/><INIT seed="0,0,0,5,0,80" ten="250,250,250,250" oya="0" hai0="5,83,89,135,111,13,0,53,122,77,37,25,56" hai1="98,43,23,38,112,6,44,16,79,50,129,11,75" hai2="115,33,46,92,47,51,119,110,97,84,60,103,21" hai3="99,65,29,114,85,20,94,15,125,35,67,19,1"/><T10/><D122/><U45/><E112/><V61/><F33/><W32/><G114/><T95/><D37/><U26/><E129/><V36/><F36/><W66/><G125/><T22/><D135/><U18/><E18/><V7/><F115/><W109/><G109/><T24/><D111/><U58/><E58/><V121/><F47/><W63/><G1/><T57/><D0/><U39/><E98/><V126/><F110/><W27/><G85/><T127/><D127/><U101/><E101/><V54/><F126/><W17/><G17/><T72/><D56/><U82/><REACH who="1" step="1"/><E45/><REACH who="1" ten="250,240,250,250" step="2"/><V8/><F121/><W2/><G2/><AGARI ba="0,1" hai="2,6,11,16,23,26,38,39,43,44,50,75,79,82" machi="2" ten="30,7700,0" yaku="1,1,2,1,7,1,54,1,53,0" doraHai="80" doraHaiUra="117" who="1" fromWho="3" sc="250,0,240,87,250,0,250,-77" /><INIT seed="1,0,0,1,0,113" ten="250,327,250,173" oya="1" hai0="48,5,21,85,133,57,42,77,110,38,64,3,36" hai1="52,50,51,127,79,91,1,63,56,12,44,80,71" hai2="119,94,117,18,131,101,23,97,28,108,30,88,73" hai3="93,87,82,90,123,75,67,4,121,134,125,98,39"/><U61/><E1/><V135/><F73/><W122/><G39/><T112/><D112/><U83/><E71/><V69/><F69/><W120/><G4/><T41/><D110/><U8/><E127/><V76/><F76/><W22/><G67/><T70/><D133/><U95/><E79/><V128/><F135/><W60/><G60/><T15/><D3/><U54/><E63/><V109/><F101/><W118/><N who="3" m="31232" /><DORA hai="104" /><W103/><G22/><T126/><D126/><U53/><E61/><V68/><F68/><W32/><G32/><T86/><D70/><U9/><E54/><V62/><F62/><W72/><G125/><T43/><D64/><U130/><E130/><N who="2" m="49707" /><F23/><W92/><G134/><T116/><D116/><N who="2" m="44618" /><F18/><W107/><G118/><T115/><D115/><U35/><E35/><V13/><F13/><W49/><G49/><T31/><D21/><U81/><REACH who="1" step="1"/><E12/><REACH who="1" ten="250,317,250,173" step="2"/><V37/><F37/><W34/><G34/><T96/><D15/><U45/><E45/><V89/><F109/><W66/><G66/><T11/><D38/><U74/><E74/><AGARI ba="0,1" hai="72,74,75,82,87,90,92,93,98,103,107" m="31232" machi="74" ten="70,12000,2" yaku="34,3,52,3" doraHai="113,104" who="3" fromWho="1" sc="250,0,317,-120,250,0,173,130" /><INIT seed="2,0,0,4,1,100" ten="250,197,250,303" oya="2" hai0="116,10,33,112,88,83,56,3,54,120,113,105,14" hai1="52,30,40,73,115,27,63,53,1,70,99,2,82" hai2="49,12,25,64,77,124,13,5,118,86,55,104,81" hai3="85,117,19,6,28,65,121,21,135,130,96,98,43"/><V133/><F118/><W66/><G117/><T97/><D120/><U76/><E115/><V74/><F64/><W95/><G121/><T71/><D71/><U108/><E40/><V72/><F5/><W32/><G130/><T51/><D3/><U68/><E108/><V107/><F25/><W11/><G135/><T8/><D33/><U36/><E36/><V119/><F119/><W75/><G75/><T90/><D8/><U23/><E99/><V45/><F133/><W93/><G43/><T22/><D22/><U114/><E114/><V61/><F61/><W111/><G32/><T122/><D122/><U17/><E30/><V131/><F131/><W50/><G28/><T94/><D116/><U58/><REACH who="1" step="1"/><E53/><REACH who="1" ten="250,187,250,303" step="2"/><V39/><F39/><W134/><G96/><T109/><D113/><U59/><E59/><V125/><F74/><W41/><G98/><T26/><D109/><U9/><E9/><V46/><F72/><W123/><G11/><T0/><D10/><U129/><E129/><V106/><F46/><W18/><G111/><T89/><D97/><U15/><E15/><V24/><F24/><W16/><G134/><T103/><D14/><U20/><E20/><V84/><F12/><W48/><G21/><T67/><D26/><U102/><E102/><V57/><F13/><W132/><G41/><T128/><D128/><U69/><AGARI ba="0,1" hai="1,2,17,23,27,52,58,63,68,69,70,73,76,82" machi="69" ten="30,4000,0" yaku="1,1,0,1,54,1,53,0" doraHai="100" doraHaiUra="4" who="1" fromWho="1" sc="250,-10,187,50,250,-20,303,-10" /><INIT seed="3,0,0,1,0,113" ten="240,237,230,293" oya="3" hai0="103,49,20,76,39,77,78,110,85,37,63,80,33" hai1="14,6,55,32,82,58,66,38,8,31,123,128,105" hai2="94,62,135,107,47,22,131,40,122,7,114,60,106" hai3="10,30,44,21,74,89,5,9,59,28,90,108,11"/><W43/><G74/><T119/><D33/><U84/><E105/><V65/><F114/><W97/><G5/><T96/><D110/><U54/><E38/><V102/><F62/><W67/><G108/><T57/><D119/><U51/><E123/><V25/><F122/><W73/><G73/><T64/><D49/><U116/><E128/><V115/><F7/><W29/><G21/><T125/><D125/><U93/><E93/><V70/><F135/><W3/><G3/><T45/><D20/><U19/><E66/><V27/><F27/><W109/><G109/><T104/><REACH who="0" step="1"/><D45/><REACH who="0" ten="230,237,230,293" step="2"/><U23/><E32/><V18/><F115/><W0/><G0/><T4/><D4/><U112/><E6/><V134/><F134/><W121/><G121/><T13/><D13/><U120/><E112/><V61/><F131/><W17/><G17/><T127/><D127/><U133/><E120/><V72/><F61/><N who="3" m="38335" /><G97/><T35/><D35/><U98/><E133/><V69/><F69/><W83/><G44/><T34/><D34/><U26/><E98/><V99/><F72/><W101/><G43/><T91/><AGARI ba="0,1" hai="37,39,57,63,64,76,77,78,80,85,91,96,103,104" machi="91" ten="30,4000,0" yaku="1,1,0,1,53,1" doraHai="113" doraHaiUra="87" who="0" fromWho="0" sc="230,50,237,-10,230,-10,293,-20" /><INIT seed="4,0,0,5,4,91" ten="280,227,220,273" oya="0" hai0="121,87,76,50,55,110,67,65,56,48,6,102,97" hai1="109,128,62,114,77,29,41,94,59,89,45,2,96" hai2="25,72,83,20,100,103,61,84,37,32,34,44,40" hai3="30,73,35,57,132,38,104,78,39,4,85,112,8"/><T123/><D110/><U5/><E109/><V105/><F32/><W71/><G71/><T131/><D131/><U26/><E128/><V7/><F34/><W47/><G104/><T19/><D6/><U101/><E101/><V51/><F105/><W122/><G122/><T46/><D121/><U75/><E75/><V115/><F72/><W113/><G132/><T135/><D135/><U130/><E77/><V1/><F115/><N who="3" m="44107" /><G73/><T58/><D123/><U81/><E81/><V117/><F117/><W60/><G47/><T107/><D58/><U106/><E106/><V17/><F37/><W54/><G30/><T0/><D0/><U12/><E2/><V18/><F7/><W9/><G35/><T33/><D33/><U31/><E114/><V68/><F1/><N who="3" m="15" /><G9/><T42/><REACH who="0" step="1"/><D19/><REACH who="0" ten="270,227,220,273" step="2"/><U118/><E130/><V92/><F17/><W74/><G74/><T11/><D11/><U80/><E5/><V99/><F68/><W10/><G10/><T66/><D66/><U43/><E59/><V13/><F13/><W49/><G60/><T64/><D64/><U95/><E12/><V53/><F61/><W98/><G57/><T108/><D108/><U52/><E62/><V63/><F63/><W27/><G27/><T126/><D126/><U82/><E26/><V15/><F25/><W119/><G119/><T36/><D36/><U69/><E69/><V16/><F18/><W3/><G39/><T14/><D14/><U88/><E118/><V120/><F120/><W129/><G38/><T127/><D127/><U22/><E29/><V134/><F134/><W79/><G129/><RYUUKYOKU ba="0,1" sc="270,30,227,-10,220,-10,273,-10" hai0="42,46,48,50,55,56,65,67,76,87,97,102,107" /><INIT seed="4,1,1,5,5,54" ten="300,217,210,263" oya="0" hai0="75,117,51,71,46,116,98,6,52,78,87,91,12" hai1="68,26,38,17,22,96,72,41,86,8,2,43,30" hai2="35,21,131,25,124,14,7,11,107,112,109,101,53" hai3="39,48,89,34,133,16,103,67,10,20,110,132,63"/><T84/><D71/><U81/><E72/><V122/><F122/><W123/><G39/><T93/><D75/><U47/><E43/><V97/><F109/><W36/><G34/><T31/><D31/><U50/><E68/><V61/><F131/><W56/><G36/><T28/><D28/><U111/><E111/><V49/><F124/><W42/><G110/><T120/><D120/><U3/><E96/><V5/><F35/><W29/><G103/><T44/><D44/><U74/><E50/><V69/><F61/><W82/><G29/><T108/><D108/><U70/><E70/><V118/><F69/><W130/><G130/><T4/><D4/><U80/><E80/><V106/><F106/><W135/><G10/><T102/><D78/><U27/><E8/><V100/><F100/><W1/><G1/><T62/><D62/><U19/><E74/><V90/><F90/><W55/><G42/><T114/><D114/><U113/><E113/><V79/><F79/><W105/><G105/><T66/><D66/><U88/><REACH who="1" step="1"/><E19/><REACH who="1" ten="300,207,210,263" step="2"/><V59/><F112/><W37/><G37/><T85/><D116/><U24/><E24/><V125/><F118/><W58/><G123/><T23/><D117/><U127/><E127/><V33/><F125/><W134/><G134/><T13/><D6/><U73/><E73/><V128/><F128/><W95/><G82/><T77/><D98/><U119/><E119/><V129/><F129/><W126/><G126/><T65/><D51/><U0/><E0/><V32/><F5/><W83/><G83/><T99/><D99/><U104/><E104/><RYUUKYOKU ba="1,2" sc="300,-15,207,15,210,15,263,-15" hai1="2,3,17,22,26,27,30,38,41,47,81,86,88" hai2="7,11,14,21,25,32,33,49,53,59,97,101,107" /><INIT seed="5,2,2,3,1,95" ten="285,222,225,248" oya="1" hai0="66,52,132,133,92,101,79,67,45,99,119,43,13" hai1="121,80,22,30,90,1,16,85,35,134,0,91,60" hai2="74,11,21,62,19,69,125,104,8,71,31,25,27" hai3="84,124,18,118,96,36,98,10,131,39,87,55,4"/><U50/><E121/><V54/><F74/><W117/><G18/><T37/><D119/><N who="3" m="45577" /><G55/><T61/><D79/><U42/><E134/><N who="0" m="51817" /><D13/><U38/><E38/><N who="3" m="14378" /><G131/><T48/><D61/><U110/><E110/><V73/><F73/><W32/><G32/><T135/><N who="0" m="51825" /><T2/><DORA hai="76" /><D2/><U129/><E129/><V103/><F71/><W6/><G124/><T41/><D41/><U107/><E107/><V108/><F54/><W126/><G126/><T56/><AGARI ba="2,2" hai="37,43,45,48,52,56,66,67,92,99,101" m="51825" machi="56" ten="40,5200,0" yaku="20,1,52,1,54,1" doraHai="95,76" who="0" fromWho="0" sc="285,78,222,-28,225,-15,248,-15" /><INIT seed="6,0,0,4,0,31" ten="363,194,210,233" oya="2" hai0="21,128,58,112,99,73,118,9,88,111,77,86,69" hai1="82,126,57,63,131,103,15,116,12,19,122,98,100" hai2="54,60,74,84,0,70,64,2,61,20,101,38,32" hai3="104,95,96,30,132,40,48,107,51,90,10,89,76"/><V25/><F74/><W39/><G132/><T43/><D111/><U114/><E116/><V56/><F84/><W81/><G39/><T44/><D69/><U119/><E119/><V121/><F121/><W52/><G40/><T42/><D112/><U6/><E114/><V75/><F75/><W117/><G117/><T37/><D43/><U24/><E122/><V93/><F38/><W34/><G51/><T130/><D77/><U18/><E126/><V125/><F125/><W17/><G89/><T92/><D73/><U36/><E36/><V67/><F54/><W91/><G91/><T85/><D9/><U53/><E131/><N who="0" m="50217" /><D118/><U115/><E115/><V109/><F109/><W108/><G108/><T113/><D113/><U78/><E6/><V110/><F110/><W49/><G49/><T1/><D1/><U105/><E100/><V97/><REACH who="2" step="1"/><F32/><REACH who="2" ten="363,194,200,233" step="2"/><W5/><G34/><T80/><D85/><U59/><E59/><V16/><AGARI ba="0,1" hai="0,2,16,20,25,56,60,61,64,67,70,93,97,101" machi="16" ten="20,12000,1" yaku="1,1,2,1,0,1,7,1,54,1,53,0" doraHai="31" doraHaiUra="134" who="2" fromWho="2" sc="363,-40,194,-40,200,130,233,-40" /><INIT seed="6,1,0,1,5,92" ten="323,154,330,193" oya="2" hai0="103,119,49,124,31,2,66,46,82,70,12,127,104" hai1="35,44,84,4,94,11,60,34,109,106,73,56,53" hai2="43,6,51,33,69,55,23,57,18,108,101,13,61" hai3="96,97,54,0,28,135,72,45,63,132,129,59,134"/><V24/><F101/><W83/><G0/><T89/><D2/><U90/><E106/><V74/><F74/><W111/><G111/><T131/><D131/><U62/><E73/><V81/><F81/><W130/><G28/><T64/><D31/><U19/><E109/><V27/><F69/><W14/><G14/><T123/><D123/><U16/><E62/><V71/><F71/><W88/><G45/><T37/><D37/><U47/><E35/><V120/><F120/><W42/><G42/><T99/><D12/><U116/><E34/><V25/><F33/><W9/><G9/><T128/><D128/><N who="3" m="49257" /><G88/><T87/><D119/><U29/><E29/><V30/><F6/><W117/><G117/><T126/><REACH who="0" step="1"/><D70/><REACH who="0" ten="313,154,330,193" step="2"/><U95/><E116/><V17/><F108/><W102/><G102/><T114/><D114/><U100/><E4/><V78/><F13/><W48/><G63/><T39/><D39/><U122/><E122/><V113/><F113/><W52/><G54/><AGARI ba="1,1" hai="46,49,54,64,66,82,87,89,99,103,104,124,126,127" machi="54" ten="40,5200,0" yaku="1,1,18,1,52,1,53,0" doraHai="92" doraHaiUra="75" who="0" fromWho="3" sc="313,65,154,0,330,0,193,-55" /><INIT seed="7,0,0,2,3,36" ten="378,154,330,138" oya="3" hai0="21,68,100,4,13,70,123,9,61,11,45,20,29" hai1="24,35,130,10,75,59,85,63,44,52,88,14,55" hai2="25,74,38,105,22,133,40,99,108,48,31,109,50" hai3="129,34,93,41,102,110,53,12,89,117,2,16,126"/><W67/><G2/><T23/><D123/><U135/><E75/><V79/><F50/><W58/><G117/><T121/><D121/><U104/><E104/><V125/><F48/><W17/><G34/><T0/><D100/><U111/><E111/><V96/><F96/><N who="3" m="57391" /><G110/><T51/><D61/><N who="1" m="36095" /><E35/><V27/><F27/><W84/><G129/><T1/><D29/><U6/><E130/><V101/><F125/><W86/><G126/><T127/><D127/><U131/><E131/><V56/><F56/><W134/><G134/><T39/><D39/><U43/><E135/><V60/><F60/><N who="3" m="35919" /><G67/><T115/><D115/><U49/><E24/><V128/><F133/><W76/><G102/><T113/><D113/><U103/><E103/><V7/><F128/><W28/><G28/><T26/><D26/><U71/><E71/><V78/><F109/><W65/><G65/><T87/><D87/><N who="3" m="33321" /><G76/><T30/><D30/><U119/><E119/><V97/><F108/><W90/><G90/><T98/><D98/><U106/><E106/><V62/><F99/><W95/><G95/><T8/><D0/><U64/><E85/><V42/><F105/><W116/><G116/><T32/><D32/><U122/><E122/><V15/><F97/><W120/><G120/><T69/><REACH who="0" step="1"/><D1/><REACH who="0" ten="368,154,330,138" step="2"/><U82/><E82/><V33/><F101/><W77/><G77/><T81/><D81/><U73/><E14/><V132/><F132/><W94/><G94/><T18/><D18/><N who="3" m="7273" /><G12/><T92/><D92/><U5/><E5/><V107/><F107/><W19/><N who="3" m="7281" /><W37/><DORA hai="72" /><G37/><T3/><D3/><RYUUKYOKU ba="0,1" sc="368,15,154,-15,330,-15,138,15" hai0="4,8,9,11,13,20,21,23,45,51,68,69,70" hai3="41" /><INIT seed="7,1,1,0,0,40" ten="383,139,315,153" oya="3" hai0="1,6,86,2,54,101,49,35,127,128,29,23,93" hai1="12,89,5,56,120,133,25,95,31,119,131,105,129" hai2="102,22,114,111,52,75,0,46,79,104,28,96,19" hai3="17,103,47,48,92,85,134,78,107,8,112,99,34"/><W59/><G134/><T32/><D127/><U115/><E133/><V81/><F111/><W113/><G34/><T9/><D128/><N who="1" m="49227" /><E120/><V69/><F69/><W132/><G132/><T90/><D1/><U10/><E119/><V36/><F0/><W110/><G110/><T97/><D23/><N who="1" m="15807" /><E115/><N who="3" m="44106" /><G59/><T117/><D117/><U71/><E71/><V42/><F28/><W77/><G85/><T13/><D2/><U125/><E125/><V44/><F114/><W70/><G70/><T74/><D74/><U53/><E105/><V45/><REACH who="2" step="1"/><F52/><REACH who="2" ten="383,139,305,153" step="2"/><N who="3" m="29727" /><G107/><T11/><D29/><U7/><E53/><V72/><F72/><W91/><G103/><T108/><D108/><U43/><E43/><V84/><F84/><W135/><G135/><T122/><D122/><U16/><E56/><V21/><F21/><W82/><G82/><T33/><D33/><U68/><E68/><V66/><F66/><W18/><G8/><T88/><D11/><U62/><E62/><V83/><F83/><W38/><G38/><T27/><D35/><U14/><E14/><AGARI ba="1,2" hai="14,19,22,36,42,44,45,46,75,79,81,96,102,104" machi="14" ten="30,8000,1" yaku="1,1,7,1,52,3,53,0" doraHai="40" doraHaiUra="87" who="2" fromWho="1" sc="383,0,139,-83,305,103,153,0" owari="383,18.0,56,-44.0,408,51.0,153,-25.0" /></mjloggm>