<mjloggm ver="2.3"><GO type="169" lobby="0"/><UN n0="%E3%82%A6%E3%83%AB%E3%83%88%E3%83%A9%E7%AB%8B%E7%9B%B4" n1="%E3%81%B5%E3%81%98%E3%81%8A" n2="%6D%61%72%75%66%75%6B%75" n3="%E3%82%81%E3%81%8C%EF%BC%93" dan="17,19,16,16" rate="2135.39,2239.67,2073.11,2152.95" sx="M,M,M,M"/><TAIKYOKU oya="0"/><INIT seed="0,0,0,0,2,69" ten="250,250,250,250" oya="0" hai0="41,110,115,67,54,30,119,93,18,53,133,10,48" hai1="57,129,108,4,120,38,0,75,72,84,92,128,97" hai2="76,8,68,1,112,49,31,131,59,63,99,102,117" hai3="62,109,60,24,14,19,71,5,17,6,130,101,9"/><T55/><D119/><U64/><E120/><V105/><F112/><W132/><G109/><T13/><D110/><U123/><E123/><V95/><F117/><W100/><G130/><N who="1" m="50282" /><E108/><V114/><F68/><W111/><G111/><T33/><D115/><U32/><E32/><V85/><F114/><W125/><G125/><T29/><D133/><U45/><E84/><V25/><F49/><W77/><G77/><T122/><D122/><U50/><E64/><V12/><F1/><W2/><G132/><T7/><D67/><U27/><E27/><V127/><F127/><W58/><G71/><T15/><D33/><U94/><E94/><V104/><F85/><W28/><G2/><T116/><D116/><U44/><E57/><V35/><F76/><W3/><G3/><T43/><D93/><U126/><E126/><V74/><F74/><N who="1" m="28201" /><E50/><V79/><F79/><W70/><G70/><T135/><D135/><U65/><E65/><V96/><F131/><W40/><G58/><T36/><D36/><U52/><E52/><V21/><F35/><W51/><G51/><T87/><D87/><U61/><E61/><V106/><F104/><W88/><G60/><T83/><D83/><U82/><E82/><V80/><F106/><W78/><G62/><T118/><D118/><U103/><E38/><V107/><F80/><W91/><G78/><T47/><REACH who="0" step="1"/><D43/><REACH who="0" ten="240,250,250,250" step="2"/><U56/><E92/><V134/><F134/><W73/><G40/><T46/><D46/><U20/><E45/><V113/><F113/><W90/><G73/><T39/><D39/><U42/><E44/><V26/><F107/><RYUUKYOKU ba="0,1" sc="240,30,250,-10,250,-10,250,-10" hai0="7,10,13,15,18,29,30,41,47,48,53,54,55" /><INIT seed="0,1,1,4,1,97" ten="270,240,240,240" oya="0" hai0="52,75,58,107,85,2,118,19,130,83,74,84,17" hai1="117,43,111,46,79,38,132,135,50,90,53,40,23" hai2="59,101,87,70,103,76,119,30,92,106,60,95,35" hai3="44,100,89,62,37,72,110,18,48,0,134,96,33"/><T63/><D118/><U32/><E32/><V126/><F106/><W14/><G110/><T9/><D130/><U82/><E117/><V16/><F70/><W78/><G134/><N who="1" m="51242" /><E111/><V21/><F126/><W88/><G0/><T125/><D125/><U99/><E38/><V42/><F35/><W133/><G33/><T65/><D107/><U128/><E128/><V25/><F42/><W10/><G37/><T4/><D84/><N who="1" m="48223" /><E23/><N who="2" m="15679" /><F119/><W15/><G133/><T123/><D123/><U31/><E31/><V98/><F76/><W121/><G72/><T122/><D122/><U29/><E29/><V5/><F87/><W13/><G78/><T86/><D86/><U93/><AGARI ba="1,1" hai="40,43,46,50,53,90,93,99" m="48223,51242" machi="93" ten="30,1100,0" yaku="20,1" doraHai="97" who="1" fromWho="1" sc="270,-6,240,24,240,-4,240,-4" /><INIT seed="1,0,0,4,4,118" ten="264,264,236,236" oya="1" hai0="111,120,61,27,60,133,67,102,43,39,92,100,18" hai1="64,55,20,50,1,119,13,59,41,124,9,135,98" hai2="103,56,84,107,28,101,51,110,108,97,126,5,62" hai3="79,129,78,72,48,81,4,95,57,99,34,70,24"/><U104/><E119/><V66/><F5/><W93/><G129/><T122/><D111/><N who="2" m="42538" /><F126/><W123/><G123/><N who="0" m="47147" /><D133/><U2/><E124/><V16/><F103/><N who="0" m="39466" /><D92/><U116/><E116/><V73/><F73/><W94/><G70/><N who="0" m="42343" /><D61/><U3/><E135/><V36/><F62/><W88/><G94/><T12/><D27/><U134/><E134/><V21/><F107/><W10/><G95/><T29/><D29/><U53/><E104/><V90/><F36/><W69/><G24/><T83/><D83/><U114/><E98/><V26/><F28/><W71/><G81/><T115/><D115/><U44/><E114/><V58/><F66/><W105/><G105/><T38/><D43/><U82/><E82/><N who="2" m="49431" /><F101/><W76/><G93/><T42/><D42/><U86/><E64/><V40/><F97/><W33/><G99/><T46/><D46/><AGARI ba="0,0" hai="16,21,26,40,46,51,56,58" m="49431,42538" machi="46" ten="30,2000,0" yaku="14,1,54,1" doraHai="118" who="2" fromWho="0" sc="264,-20,264,0,236,20,236,0" /><INIT seed="2,0,0,4,2,28" ten="244,264,256,236" oya="2" hai0="76,61,104,7,108,95,29,79,38,8,2,94,120" hai1="42,131,81,25,96,35,47,125,78,111,134,72,17" hai2="59,90,97,119,67,133,21,41,16,31,105,14,24" hai3="68,99,19,93,3,107,50,114,130,112,89,12,126"/><V122/><F122/><W71/><G130/><T121/><D104/><U82/><E131/><V27/><F133/><W20/><G126/><T110/><D38/><U51/><E125/><V113/><F113/><N who="3" m="43627" /><G3/><T26/><D61/><U87/><E111/><N who="0" m="42537" /><D94/><U98/><E134/><V123/><F123/><N who="0" m="47178" /><D95/><U10/><E10/><V85/><F119/><W60/><G50/><T48/><D48/><U32/><E17/><V128/><F105/><W56/><G107/><T102/><D102/><U1/><E1/><V13/><F97/><W62/><G62/><T63/><D63/><U124/><E124/><V4/><F128/><W33/><G33/><AGARI ba="0,0" hai="2,7,8,26,29,33,76,79" m="47178,42537" machi="33" ten="30,2000,0" yaku="14,1,52,1" doraHai="28" who="0" fromWho="3" sc="244,20,264,0,256,0,236,-20" /><INIT seed="3,0,0,4,3,126" ten="264,264,256,216" oya="3" hai0="23,43,82,120,86,106,125,53,20,115,11,9,36" hai1="21,30,3,27,69,58,5,101,96,132,60,70,45" hai2="7,105,42,117,35,102,56,38,51,78,14,39,94" hai3="76,65,22,63,1,44,90,33,29,124,131,119,85"/><W80/><G119/><T128/><D106/><U111/><E111/><V54/><F35/><W40/><G124/><T108/><D120/><U88/><E132/><V10/><F117/><W71/><G1/><T103/><D103/><U48/><E5/><V109/><F105/><W18/><G131/><T64/><D64/><U61/><E3/><V6/><F78/><W13/><G76/><T121/><D53/><U110/><E110/><V122/><F122/><W47/><REACH who="3" step="1"/><G40/><REACH who="3" ten="264,264,256,206" step="2"/><T24/><D128/><U93/><E101/><V46/><F109/><W127/><G127/><T19/><D125/><U15/><E15/><V50/><F39/><W73/><G73/><T130/><D130/><U113/><E113/><V79/><F38/><W57/><G57/><T87/><D43/><U52/><E61/><V25/><F79/><W92/><G92/><T98/><D36/><U129/><E129/><V91/><F56/><W97/><G97/><T62/><D98/><U104/><REACH who="1" step="1"/><E104/><REACH who="1" ten="264,254,256,206" step="2"/><V32/><F94/><W77/><G77/><T66/><D62/><U2/><E2/><V75/><F102/><W0/><G0/><T31/><D108/><U17/><E17/><V133/><F133/><W4/><G4/><T74/><D19/><U114/><E114/><V100/><F6/><W26/><AGARI ba="0,2" hai="13,18,22,26,29,33,44,47,63,65,71,80,85,90" machi="26" ten="30,3000,0" yaku="1,1,0,1,53,0" doraHai="126" doraHaiUra="55" who="3" fromWho="3" sc="264,-10,254,-10,256,-10,206,50" /><INIT seed="3,1,0,0,0,106" ten="254,244,246,256" oya="3" hai0="99,89,30,26,118,2,12,97,39,24,122,19,16" hai1="125,98,28,48,65,94,114,36,21,80,124,130,117" hai2="115,83,9,52,62,51,29,68,33,63,27,73,57" hai3="67,131,54,32,47,45,3,53,132,72,102,70,66"/><W0/><G132/><T61/><D2/><U109/><E114/><V82/><F115/><W22/><G102/><T129/><D122/><U86/><E109/><V95/><F95/><W50/><G131/><T64/><D39/><U90/><E130/><V101/><F101/><W31/><G32/><T123/><D123/><U23/><E36/><V44/><F68/><W20/><G31/><T58/><D129/><U134/><E134/><V81/><F9/><W93/><G93/><T55/><D118/><U100/><E117/><V11/><F11/><W25/><G25/><T112/><D112/><U13/><E65/><V84/><F84/><W18/><G18/><T7/><D7/><U42/><E13/><V88/><F88/><W92/><G92/><T108/><D108/><U77/><E28/><V78/><REACH who="2" step="1"/><F63/><REACH who="2" ten="254,244,236,256" step="2"/><W116/><G70/><T40/><D89/><U110/><E110/><V127/><F127/><N who="1" m="48713" /><E90/><V113/><F113/><W119/><G50/><T46/><D97/><U87/><E86/><V128/><F128/><W103/><REACH who="3" step="1"/><G103/><REACH who="3" ten="254,244,236,246" step="2"/><T74/><D99/><U69/><E69/><V8/><F8/><W85/><G85/><T6/><D30/><U79/><E79/><V60/><F60/><W71/><G71/><T4/><D61/><U91/><E100/><V76/><F76/><W34/><G34/><T105/><D6/><U59/><E77/><V41/><AGARI ba="1,2" hai="27,29,33,41,44,51,52,57,62,73,78,81,82,83" machi="41" ten="20,12000,2" yaku="1,1,0,1,7,1,52,1,54,1,53,1" doraHai="106" doraHaiUra="37" who="2" fromWho="2" sc="254,-31,244,-31,236,143,246,-61" /><INIT seed="4,0,0,0,1,80" ten="223,213,379,185" oya="0" hai0="59,85,86,29,117,60,53,127,24,112,97,56,81" hai1="25,135,109,118,50,54,38,28,78,95,6,79,126" hai2="11,131,73,123,47,113,84,89,94,124,66,35,90" hai3="30,134,0,16,99,107,58,3,76,48,77,70,88"/><T17/><D117/><U49/><E118/><V72/><F123/><W1/><G70/><T129/><D127/><U46/><E38/><V44/><F35/><W39/><G39/><T116/><D116/><U10/><E109/><V125/><F113/><W57/><G134/><T69/><D69/><U12/><E135/><V2/><F66/><W93/><G107/><T104/><D112/><U55/><E95/><N who="2" m="54695" /><F2/><W119/><G119/><T23/><D129/><U122/><E126/><N who="2" m="48747" /><F11/><W101/><G101/><T83/><D29/><U115/><E122/><V63/><F63/><W52/><G30/><T22/><D22/><N who="1" m="15415" /><E115/><V36/><F131/><W67/><REACH who="3" step="1"/><G16/><REACH who="3" ten="223,213,379,175" step="2"/><T111/><D104/><U82/><E6/><V43/><F47/><W133/><G133/><T102/><D111/><U100/><E46/><V106/><F106/><W62/><AGARI ba="0,1" hai="0,1,3,48,52,57,58,62,67,76,77,88,93,99" machi="62" ten="40,8000,1" yaku="1,1,0,1,54,2,53,0" doraHai="80" doraHaiUra="68" who="3" fromWho="3" sc="223,-40,213,-20,379,-20,175,90" /><INIT seed="5,0,0,4,0,122" ten="183,193,359,265" oya="1" hai0="14,10,131,119,26,60,76,104,38,22,19,55,132" hai1="77,70,1,5,4,15,37,12,30,100,13,27,68" hai2="45,123,20,116,117,110,108,6,83,23,134,32,33" hai3="78,46,43,67,11,129,17,61,57,40,50,94,36"/><U8/><E37/><V81/><F45/><W47/><G129/><T92/><D104/><U49/><E100/><V112/><F6/><W54/><G78/><T115/><D131/><U44/><E77/><V9/><F9/><W98/><G11/><T75/><D115/><U24/><E4/><V71/><F71/><W62/><G17/><T84/><D132/><U118/><E118/><V93/><F93/><W74/><G74/><T35/><D119/><U127/><E127/><V86/><F86/><W73/><G73/><T66/><D75/><U42/><REACH who="1" step="1"/><E24/><REACH who="1" ten="183,183,359,265" step="2"/><V80/><F112/><W85/><G36/><T48/><D38/><U31/><E31/><V95/><F117/><W0/><G0/><T130/><D130/><U82/><E82/><V16/><F81/><W29/><G29/><T96/><D26/><U87/><E87/><V125/><F125/><W133/><G85/><T18/><D84/><U53/><E53/><V79/><F83/><W88/><G133/><T113/><D76/><U89/><E89/><V107/><F80/><W99/><G99/><T3/><D96/><U56/><E56/><V114/><F79/><W65/><G54/><T41/><D55/><U135/><E135/><V59/><F114/><W2/><G2/><T72/><D3/><U103/><E103/><V91/><F91/><W34/><G57/><N who="0" m="37135" /><D113/><U106/><E106/><V126/><F126/><W25/><G88/><T124/><D124/><U111/><E111/><V128/><F116/><W58/><G58/><T121/><D72/><U105/><E105/><V21/><F110/><W39/><G39/><RYUUKYOKU ba="0,1" sc="183,-10,183,30,359,-10,265,-10" hai1="1,5,8,12,13,15,27,30,42,44,49,68,70" /><INIT seed="5,1,1,5,4,3" ten="173,213,349,255" oya="1" hai0="106,25,17,51,0,130,12,9,96,134,62,110,37" hai1="54,72,52,108,103,59,97,58,43,102,55,36,93" hai2="14,45,90,48,2,34,75,133,33,46,87,23,74" hai3="131,42,26,65,61,49,76,56,128,32,125,7,66"/><U98/><E72/><V30/><F2/><W79/><G125/><T113/><D110/><U116/><E116/><V73/><F46/><N who="3" m="25815" /><G65/><T19/><D113/><U40/><E108/><V27/><F14/><W11/><G32/><T120/><D130/><N who="3" m="49705" /><G26/><T78/><D134/><U109/><E109/><V60/><F60/><W89/><G89/><T50/><D120/><U112/><E112/><V1/><F1/><AGARI ba="1,1" hai="1,7,11,56,61,66,76,79" m="49705,25815" machi="1" ten="30,2000,0" yaku="19,1,52,1" doraHai="3" who="3" fromWho="2" sc="173,0,213,0,349,-23,255,33" /><INIT seed="6,0,0,2,0,129" ten="173,213,326,288" oya="2" hai0="27,131,60,120,63,6,111,83,76,73,122,25,48" hai1="90,26,68,85,15,91,77,108,19,81,51,87,13" hai2="62,118,31,101,54,0,24,88,18,98,74,106,92" hai3="53,96,75,124,99,16,123,42,116,21,12,2,117"/><V79/><F0/><W40/><G123/><T28/><D131/><U113/><E68/><V132/><F132/><W46/><G2/><T134/><D111/><U67/><E108/><V37/><F37/><W84/><G75/><T78/><D6/><U103/><E67/><V58/><F118/><W44/><G124/><T125/><D125/><U1/><E1/><V126/><F126/><W130/><G130/><T86/><D48/><U43/><E103/><V127/><F127/><W114/><G114/><T9/><D9/><U105/><E105/><V17/><F79/><W128/><G128/><T95/><D95/><U69/><E69/><V107/><F107/><W59/><G84/><T55/><D55/><U80/><E113/><V100/><F74/><W66/><G66/><T52/><D134/><U50/><E77/><V47/><F47/><N who="3" m="17963" /><G117/><T14/><D14/><N who="1" m="5131" /><E43/><N who="3" m="16426" /><G116/><T119/><D119/><U34/><E34/><V97/><F101/><W39/><G39/><T61/><D52/><U5/><E5/><V45/><F45/><W3/><G3/><T4/><D4/><U104/><E104/><V110/><F110/><W8/><G8/><T10/><D10/><U135/><E135/><V29/><REACH who="2" step="1"/><F31/><REACH who="2" ten="173,213,316,288" step="2"/><W133/><G133/><T115/><D115/><U36/><E36/><V89/><F89/><W121/><G121/><N who="0" m="46699" /><D76/><U71/><E91/><V7/><F7/><W41/><G41/><T32/><D73/><U33/><E90/><V23/><AGARI ba="0,1" hai="17,18,23,24,29,54,58,62,88,92,97,98,100,106" machi="23" ten="20,18000,2" yaku="1,1,0,1,7,1,54,1,53,2" doraHai="129" doraHaiUra="93" who="2" fromWho="2" sc="173,-60,213,-60,316,190,288,-60" /><INIT seed="6,1,0,5,3,25" ten="113,153,506,228" oya="2" hai0="39,33,122,93,62,1,78,94,114,24,129,43,89" hai1="4,111,44,80,50,72,102,90,133,29,52,10,60" hai2="14,76,113,40,130,67,74,64,103,131,110,123,22" hai3="61,126,37,79,70,91,46,58,134,13,35,117,104"/><V63/><F113/><W105/><G117/><T59/><D122/><U100/><E111/><V55/><F110/><W97/><G79/><T68/><D114/><U116/><E116/><V112/><F112/><W54/><G134/><T96/><D129/><U26/><E133/><V77/><F55/><W21/><G35/><T9/><D68/><U2/><E60/><V125/><F103/><W82/><G70/><T86/><D43/><U84/><REACH who="1" step="1"/><E72/><REACH who="1" ten="113,143,506,228" step="2"/><V65/><F63/><W45/><G61/><T23/><D39/><U28/><E28/><V56/><F123/><W47/><G37/><T27/><D33/><AGARI ba="1,1" hai="2,4,10,26,29,33,44,50,52,80,84,90,100,102" machi="33" ten="30,8000,1" yaku="1,1,7,1,52,1,54,1,53,1" doraHai="25" doraHaiUra="20" who="1" fromWho="0" sc="113,-83,143,93,506,0,228,0" /><INIT seed="7,0,0,5,3,111" ten="30,236,506,228" oya="3" hai0="43,127,122,50,16,81,25,22,120,24,129,84,44" hai1="7,130,59,94,49,28,119,133,91,128,79,71,108" hai2="83,9,64,107,67,112,14,42,54,29,62,109,1" hai3="97,39,80,11,5,105,45,37,31,15,34,125,10"/><W89/><G125/><T86/><D127/><U82/><E108/><V13/><F1/><W104/><G31/><T38/><D129/><N who="1" m="49771" /><E133/><V30/><F107/><W117/><G34/><T20/><D38/><U103/><E103/><V85/><F29/><W78/><G117/><T51/><D122/><U26/><E71/><V88/><F42/><W66/><G66/><T126/><D120/><U73/><E119/><V68/><F30/><W131/><G131/><T18/><D126/><U102/><E102/><V121/><F121/><W61/><G61/><T93/><D93/><U48/><E59/><V99/><F68/><W118/><G118/><T90/><D81/><U12/><E12/><V23/><F67/><W132/><G132/><T27/><D27/><U21/><E7/><V3/><F14/><W115/><G115/><T134/><D134/><U47/><E47/><V40/><F13/><W6/><G89/><T87/><D90/><U123/><E123/><V60/><F88/><W101/><G105/><T77/><D77/><U35/><E35/><V110/><F62/><W113/><G113/><T17/><D44/><U75/><E75/><V100/><F60/><W65/><G65/><T4/><D4/><U2/><E2/><V57/><F64/><W92/><G104/><T56/><D56/><U98/><AGARI ba="0,0" hai="21,26,28,48,49,73,79,82,91,94,98" m="49771" machi="98" ten="30,1100,0" yaku="19,1" doraHai="111" who="1" fromWho="1" sc="30,-3,236,11,506,-3,228,-5" owari="27,-47.0,247,5.0,503,60.0,223,-18.0" /></mjloggm>