<mjloggm ver="2.3"><GO type="41" lobby="0"/><UN n0="%E9%BB%92%E6%9C%A8%E8%80%B3" n1="%67%61%63%68%61%30%30" n2="%E5%B0%B1%E6%B4%BB%E7%94%9F%40%E5%B7%9D%E6%9D%91%E8%BB%8D%E5%9B%A3" n3="%54%73%75%62%61%6B%69" dan="15,13,17,14" rate="2001.77,1864.56,2210.36,1843.52" sx="M,M,M,M"/><TAIKYOKU oya="0"/><INIT seed="0,0,0,0,3,40" ten="250,250,250,250" oya="0" hai0="15,107,125,36,8,133,115,106,68,65,64,130,102" hai1="73,117,55,44,124,14,1,72,131,32,113,17,127" hai2="24,23,12,78,91,2,76,58,82,110,81,43,66" hai3="6,56,105,92,35,7,99,28,114,74,101,97,119"/><T77/><D115/><U18/><E117/><V5/><F2/><W38/><G119/><T88/><D133/><U42/><E113/><V80/><F110/><W27/><G114/><T103/><D77/><U10/><E32/><V104/><F104/><W54/><G74/><N who="1" m="28778" /><E131/><V51/><F91/><W9/><G38/><T123/><D123/><U26/><E55/><N who="2" m="32127" /><F66/><W83/><G83/><T30/><D130/><U13/><E26/><V93/><F43/><W33/><G35/><T62/><D30/><U84/><E84/><V122/><F93/><W34/><G33/><T21/><D21/><U120/><E120/><V85/><F85/><W22/><G34/><T118/><D118/><U126/><E1/><V29/><F122/><W109/><G109/><T128/><D128/><U0/><E0/><V116/><F116/><W52/><G54/><T71/><D36/><N who="1" m="21575" /><E14/><V53/><F53/><W41/><G41/><T37/><D37/><U96/><E96/><V70/><F70/><W39/><G39/><T3/><D3/><U25/><E25/><V19/><F5/><AGARI ba="0,0" hai="5,10,13,17,18,124,126,127" m="21575,28778" machi="5" ten="40,2600,0" yaku="18,1,52,1" doraHai="40" who="1" fromWho="2" sc="250,0,250,26,250,-26,250,0" /><INIT seed="1,0,0,3,0,26" ten="250,276,224,250" oya="1" hai0="35,114,23,72,12,6,75,63,41,30,36,5,113" hai1="48,97,78,37,44,43,135,110,42,55,92,87,53" hai2="73,94,117,80,39,122,4,38,19,0,108,59,62" hai3="16,57,64,58,93,13,77,123,68,22,40,71,95"/><U102/><E135/><V133/><F117/><W20/><G123/><T111/><D63/><U124/><E124/><V109/><F122/><W88/><G77/><T121/><D121/><U14/><E110/><N who="2" m="42603" /><F133/><W11/><G40/><N who="1" m="15402" /><E37/><V70/><F70/><W8/><G64/><T101/><D101/><U66/><E66/><N who="2" m="39263" /><F19/><W29/><G29/><T83/><D111/><U45/><E14/><V31/><F94/><W9/><G71/><T67/><D67/><U25/><E25/><V79/><F31/><W61/><G68/><T128/><D128/><U49/><E87/><V76/><F76/><AGARI ba="0,0" hai="44,45,48,49,53,55,76,78,92,97,102" m="15402" machi="76" ten="30,1500,0" yaku="8,1" doraHai="26" who="1" fromWho="2" sc="250,0,276,15,224,-15,250,0" /><INIT seed="1,1,0,5,5,38" ten="250,291,209,250" oya="1" hai0="1,36,108,48,35,134,110,133,131,68,126,47,9" hai1="60,43,53,3,117,12,44,123,25,54,10,28,99" hai2="49,14,135,31,62,88,113,7,129,58,18,105,27" hai3="124,21,65,112,102,19,8,95,33,85,51,103,79"/><U83/><E123/><V81/><F105/><W86/><G33/><T4/><D36/><U101/><E117/><V109/><F109/><N who="0" m="42090" /><D68/><U130/><E130/><V97/><F135/><N who="0" m="51722" /><D35/><U5/><E83/><V78/><F7/><W98/><G112/><T23/><D23/><U17/><E60/><V69/><F69/><W104/><G65/><T32/><D32/><N who="1" m="20495" /><E99/><V50/><F113/><W115/><G115/><T52/><D131/><U24/><E101/><V120/><F120/><W96/><G8/><T39/><D39/><N who="1" m="21631" /><E24/><V59/><F129/><W74/><G51/><N who="2" m="19465" /><F78/><W40/><G40/><T77/><D77/><U111/><E111/><V93/><F81/><N who="3" m="45303" /><G21/><AGARI ba="1,0" hai="3,5,10,12,17,21,53,54" m="21631,20495" machi="21" ten="30,2900,0" yaku="24,1,52,1" doraHai="38" who="1" fromWho="3" sc="250,0,291,32,209,0,250,-32" /><INIT seed="1,2,0,1,1,25" ten="250,323,209,218" oya="1" hai0="92,42,0,63,17,97,106,77,102,22,118,87,72" hai1="103,51,85,70,91,18,89,57,124,7,4,90,13" hai2="117,2,15,109,125,29,48,129,9,107,105,96,34" hai3="93,5,114,47,123,43,78,112,49,26,66,62,45"/><U27/><E124/><V74/><F74/><W95/><G123/><T110/><D0/><U121/><E121/><V11/><F117/><W44/><G5/><N who="1" m="2122" /><E70/><V55/><F2/><W82/><G95/><T130/><D118/><U19/><E103/><V98/><F125/><W119/><G119/><T88/><D42/><U24/><E57/><V126/><F126/><W41/><G93/><T99/><D63/><U76/><E51/><V37/><F37/><W16/><G82/><N who="0" m="45351" /><D130/><U86/><E76/><V38/><F38/><W135/><G78/><T10/><D10/><N who="1" m="6455" /><E27/><V35/><F107/><W113/><G16/><T127/><D127/><U28/><E19/><V108/><F129/><W94/><G26/><N who="0" m="14671" /><D99/><U60/><E60/><V69/><F105/><W40/><G94/><T120/><D120/><U84/><E24/><V68/><F69/><N who="3" m="42199" /><G49/><T52/><D110/><U21/><E21/><V67/><F68/><W134/><AGARI ba="2,0" hai="40,41,43,44,45,47,112,113,114,134,135" m="42199" machi="134" ten="50,8000,1" yaku="29,2,34,2" doraHai="25" who="3" fromWho="3" sc="250,-22,323,-42,209,-22,218,86" /><INIT seed="2,0,0,3,4,120" ten="228,281,187,304" oya="2" hai0="52,59,45,23,82,62,31,26,66,122,113,109,89" hai1="95,68,43,64,69,35,14,24,36,21,13,75,70" hai2="77,25,78,17,9,128,99,2,92,7,0,48,90" hai3="12,86,46,20,50,30,83,104,124,79,114,6,119"/><V108/><F128/><W105/><G119/><T39/><D122/><U63/><E75/><V110/><F2/><W10/><G124/><T16/><D113/><U117/><E117/><V53/><F17/><W100/><G114/><T47/><D109/><N who="2" m="42090" /><F25/><W18/><G100/><T134/><D134/><U85/><E35/><V98/><F98/><W22/><G20/><T33/><D39/><U131/><E36/><V51/><F51/><W103/><G103/><T112/><D112/><U8/><E43/><V29/><F29/><W27/><REACH who="3" step="1"/><G30/><REACH who="3" ten="228,281,187,294" step="2"/><T80/><D33/><U74/><E131/><V19/><F19/><W101/><G101/><T28/><D28/><U3/><E21/><V135/><F135/><W116/><G116/><T5/><D31/><U67/><E8/><V81/><F81/><W61/><G61/><T55/><D80/><U132/><E63/><V73/><F73/><W115/><G115/><T87/><D5/><U94/><E74/><V37/><F37/><W32/><G32/><T44/><AGARI ba="0,1" hai="16,23,26,44,45,47,52,55,59,62,66,82,87,89" machi="44" ten="30,7900,0" yaku="0,1,8,1,54,2" doraHai="120" who="0" fromWho="0" sc="228,89,281,-20,187,-39,294,-20" /><INIT seed="3,0,0,5,4,129" ten="317,261,148,274" oya="3" hai0="54,12,78,112,35,47,59,73,11,25,50,13,2" hai1="51,75,43,4,36,52,131,88,72,62,40,135,66" hai2="99,80,26,1,108,127,30,3,37,105,14,49,107" hai3="128,115,16,134,84,97,120,24,45,103,83,85,67"/><W58/><G128/><T10/><D112/><U61/><E131/><V28/><F108/><W70/><G70/><T38/><D35/><U86/><E4/><V71/><F127/><W55/><G115/><T89/><D89/><U82/><E135/><V20/><F71/><W79/><G120/><T130/><D25/><U65/><E72/><V91/><F37/><W100/><G134/><T95/><D95/><U21/><E75/><V17/><F30/><W8/><G67/><N who="1" m="25610" /><E36/><V133/><F133/><W39/><G39/><T69/><D69/><U9/><E9/><V106/><F49/><N who="3" m="31087" /><G45/><T44/><D44/><N who="1" m="27751" /><E21/><V92/><REACH who="2" step="1"/><F80/><REACH who="2" ten="317,261,138,274" step="2"/><W19/><G83/><T102/><D130/><U23/><E23/><AGARI ba="0,1" hai="1,3,14,17,20,23,26,28,91,92,99,105,106,107" machi="23" ten="40,2600,0" yaku="1,1,2,1,53,0" doraHai="129" doraHaiUra="77" who="2" fromWho="1" sc="317,0,261,-26,138,36,274,0" /><INIT seed="4,0,0,5,4,58" ten="317,235,174,274" oya="0" hai0="118,50,87,110,114,20,21,30,35,83,4,33,91" hai1="115,128,18,2,32,102,22,5,129,124,84,38,19" hai2="52,88,123,41,56,104,72,90,125,111,127,93,40" hai3="68,1,23,16,53,70,9,109,48,117,69,134,28"/><T74/><D118/><U133/><E38/><V98/><F111/><W113/><G117/><T17/><D110/><U51/><E102/><V132/><F123/><W108/><G28/><T76/><D114/><U63/><E115/><V6/><F72/><W116/><G113/><T46/><D4/><U120/><E120/><V14/><F104/><W59/><G116/><T81/><D21/><U61/><E124/><N who="2" m="47691" /><F132/><W94/><G134/><T130/><D30/><U131/><E133/><V95/><F14/><W64/><G1/><T0/><D0/><U96/><E32/><V3/><F6/><W49/><G9/><T60/><D130/><U27/><E96/><N who="2" m="57383" /><F3/><W8/><G8/><T10/><D10/><N who="1" m="2359" /><E84/><V73/><F73/><W105/><G105/><T89/><D33/><U79/><E79/><V101/><F101/><W65/><G109/><T103/><D103/><U26/><E51/><AGARI ba="0,0" hai="40,41,51,52,56,90,95,98" m="57383,47691" machi="51" ten="30,3900,0" yaku="18,1,54,2" doraHai="58" who="2" fromWho="1" sc="317,0,235,-39,174,39,274,0" /><INIT seed="5,0,0,2,0,78" ten="317,196,213,274" oya="1" hai0="27,116,58,79,14,5,1,135,119,38,100,4,115" hai1="89,40,36,122,111,110,95,11,63,91,61,33,53" hai2="90,9,66,73,19,74,131,80,99,2,113,97,104" hai3="75,50,54,128,21,13,3,24,86,125,26,126,10"/><U109/><E122/><V30/><F30/><W15/><G75/><T55/><D115/><U85/><E33/><V65/><F131/><W47/><G128/><T25/><D38/><U43/><E11/><V0/><F113/><W23/><G3/><T94/><D135/><U81/><E36/><V83/><F9/><W22/><G10/><T77/><D1/><U42/><REACH who="1" step="1"/><E53/><REACH who="1" ten="317,186,213,274" step="2"/><V17/><F90/><W134/><G134/><T35/><D55/><U70/><E70/><V107/><AGARI ba="0,1" hai="0,2,17,19,65,66,73,74,80,83,97,99,104,107" machi="107" ten="25,8000,1" yaku="0,1,22,2,52,2" doraHai="78" who="2" fromWho="2" sc="317,-20,186,-40,213,90,274,-20" /><INIT seed="6,0,0,5,3,69" ten="297,146,303,254" oya="2" hai0="130,102,110,62,55,73,111,41,123,17,59,51,47" hai1="9,19,18,79,29,87,36,77,76,4,113,104,98" hai2="56,49,78,14,42,84,126,25,64,35,86,40,50" hai3="88,92,131,46,82,116,95,112,39,7,2,118,31"/><V54/><F126/><W83/><G2/><T22/><D123/><U85/><E113/><V21/><F35/><W12/><G31/><T33/><D73/><U57/><E36/><V68/><F68/><W124/><G7/><T109/><D130/><U60/><E29/><V20/><F64/><W70/><G70/><T89/><D33/><U72/><E72/><V43/><F78/><N who="1" m="19969" /><U10/><DORA hai="101" /><E104/><V11/><F49/><W8/><G131/><T75/><D75/><U120/><E120/><V81/><F81/><N who="3" m="30731" /><G12/><T108/><D89/><U94/><E4/><N who="2" m="3431" /><F20/><W1/><G8/><N who="1" m="3178" /><E98/><V128/><F128/><W13/><G1/><T52/><N who="0" m="27648" /><DORA hai="63" /><T132/><D132/><U23/><E94/><V38/><F38/><W28/><G118/><T26/><REACH who="0" step="1"/><D102/><REACH who="0" ten="287,146,303,254" step="2"/><U27/><E19/><AGARI ba="0,1" hai="19,21,25,40,42,43,50,54,56,84,86" m="3431" machi="19" ten="30,1500,0" yaku="8,1" doraHai="69,101,63" who="2" fromWho="1" sc="287,0,146,-15,303,25,254,0" /><INIT seed="6,1,0,1,0,124" ten="287,131,328,254" oya="2" hai0="68,71,104,119,77,0,42,117,84,80,60,66,131" hai1="11,39,50,13,81,1,59,55,123,25,57,7,54" hai2="38,93,114,120,88,94,15,79,45,41,87,21,44" hai3="111,48,53,52,115,129,69,65,107,134,43,73,82"/><V32/><F32/><W127/><G82/><T31/><D0/><U6/><E123/><V105/><F105/><W20/><G20/><T98/><D42/><U116/><E116/><N who="0" m="44617" /><D31/><U108/><E108/><V118/><F120/><W22/><G22/><T12/><D12/><U62/><E39/><V133/><F133/><W103/><G103/><N who="0" m="62583" /><D71/><U67/><E81/><V76/><F118/><W95/><G107/><T16/><D16/><N who="1" m="8255" /><E1/><V40/><F94/><W29/><G95/><T4/><D4/><N who="1" m="1579" /><E25/><V135/><F135/><W125/><G134/><T28/><D28/><U63/><E50/><V64/><F114/><W27/><G115/><T24/><D24/><U72/><E72/><V56/><F56/><W110/><G27/><T75/><D75/><U35/><E35/><V26/><F64/><AGARI ba="1,0" hai="54,55,57,59,62,63,64,67" m="1579,8255" machi="64" ten="30,2000,0" yaku="8,1,54,1" doraHai="124" who="1" fromWho="2" sc="287,0,131,23,328,-23,254,0" /><INIT seed="7,0,0,4,0,88" ten="287,154,305,254" oya="3" hai0="49,107,22,71,81,134,106,35,91,89,123,92,17" hai1="114,20,1,27,132,41,110,80,14,19,45,29,125" hai2="72,128,99,43,115,104,24,75,112,25,13,47,21" hai3="101,44,126,4,58,56,84,105,51,67,73,52,100"/><W124/><G73/><N who="2" m="28233" /><F128/><W94/><G105/><T98/><D123/><U0/><E110/><V32/><F13/><W82/><G4/><T60/><D35/><U63/><E114/><N who="2" m="43563" /><F32/><W37/><G37/><T86/><D134/><U97/><E132/><V59/><F59/><W74/><G74/><T36/><D36/><U64/><E125/><N who="3" m="48234" /><G67/><T129/><D129/><U33/><E97/><V65/><F65/><W18/><G18/><T39/><D39/><U116/><E116/><V55/><F55/><W69/><G69/><T7/><D7/><U16/><E80/><V46/><F43/><W131/><G131/><T122/><D122/><U118/><E118/><V57/><F57/><N who="3" m="22123" /><G94/><T30/><D30/><U70/><REACH who="1" step="1"/><E19/><REACH who="1" ten="287,144,305,254" step="2"/><N who="2" m="12351" /><F25/><W121/><G121/><T5/><D81/><U62/><E62/><V54/><F54/><W87/><G82/><T79/><D60/><U66/><E66/><V85/><F85/><AGARI ba="0,1" hai="44,51,52,84,85,87,100,101" m="22123,48234" machi="85" ten="30,2900,0" yaku="18,1,54,1" doraHai="88" who="3" fromWho="2" sc="287,0,144,0,305,-29,254,39" /><INIT seed="7,1,0,3,0,116" ten="287,144,276,293" oya="3" hai0="15,63,19,114,98,31,83,86,51,40,56,55,121" hai1="68,16,80,36,8,84,65,135,52,22,11,37,97" hai2="6,57,69,48,67,29,50,111,129,76,127,104,96" hai3="95,28,92,100,72,62,73,27,34,5,99,24,110"/><W58/><G110/><T108/><D108/><U131/><E131/><V117/><F111/><W14/><G24/><T90/><D121/><U59/><E135/><V38/><F38/><W44/><G44/><N who="0" m="25991" /><D114/><U17/><E37/><V120/><F117/><W71/><G71/><T91/><D31/><U124/><E124/><V23/><F76/><W53/><REACH who="3" step="1"/><G92/><REACH who="3" ten="287,144,276,283" step="2"/><N who="0" m="56607" /><D15/><N who="1" m="9503" /><E36/><V66/><F127/><W0/><G0/><T25/><D25/><U79/><E68/><V125/><F69/><W18/><G18/><AGARI ba="1,1" hai="18,19,55,56,63,83,86,90" m="56607,25991" machi="18" ten="30,1000,0" yaku="8,1" doraHai="116" who="0" fromWho="3" sc="287,23,144,0,276,0,283,-13" owari="310,41.0,144,-36.0,276,8.0,270,-13.0" /></mjloggm>