<mjloggm ver="2.3"><GO type="41" lobby="0"/><UN n0="%E3%81%95%E3%81%8F%E3%81%AF%E3%82%8B" n1="%E5%B0%B1%E6%B4%BB%E7%94%9F%40%E5%B7%9D%E6%9D%91%E8%BB%8D%E5%9B%A3" n2="%E3%83%AA%E3%82%B9%E3%83%83%E3%83%81" n3="%E3%81%82%E3%81%98%E3%82%88%E3%81%97" dan="13,15,15,13" rate="1963.08,2044.98,2035.87,1852.94" sx="M,M,M,M"/><TAIKYOKU oya="0"/><INIT seed="0,0,0,5,5,30" ten="250,250,250,250" oya="0" hai0="21,71,24,125,17,78,3,85,49,121,84,118,111" hai1="31,126,54,4,106,73,83,48,80,37,66,124,86" hai2="104,102,90,64,1,88,81,26,119,132,128,135,13" hai3="91,15,52,93,9,89,32,10,50,87,53,112,100"/><T11/><D121/><U116/><E37/><V108/><F1/><W68/><G112/><T58/><D71/><U96/><E116/><V34/><F119/><W61/><G100/><T20/><D118/><U43/><E43/><V115/><F115/><W35/><G89/><T12/><D3/><U2/><E2/><V113/><F113/><W82/><G82/><T74/><D125/><U22/><E4/><V18/><F108/><W23/><G23/><T77/><D111/><U39/><E39/><V97/><F128/><W131/><G131/><T36/><D36/><U29/><E66/><V44/><F44/><W62/><G9/><T117/><D117/><U99/><E22/><N who="0" m="8809" /><D24/><U101/><E96/><V7/><F7/><W103/><G103/><T38/><D38/><U33/><E73/><V5/><F5/><W28/><G28/><T98/><D98/><U129/><E129/><V133/><F81/><W65/><G62/><T14/><D14/><U114/><E83/><V59/><F18/><W123/><G123/><T45/><D58/><U95/><E106/><V19/><F19/><W41/><G41/><N who="0" m="24751" /><D74/><U67/><E114/><V70/><F59/><W127/><G127/><T120/><D120/><U109/><E99/><V110/><F13/><W40/><G40/><T6/><D6/><U63/><E109/><V130/><F110/><W0/><G0/><T47/><D47/><U69/><E124/><V94/><F130/><W27/><G27/><T72/><D72/><U134/><E69/><V76/><F104/><W79/><G79/><AGARI ba="0,0" hai="11,12,17,77,78,79,84,85" m="24751,8809" machi="79" ten="30,1500,0" yaku="8,1" doraHai="30" who="0" fromWho="3" sc="250,15,250,0,250,0,250,-15" /><INIT seed="0,1,0,0,5,66" ten="265,250,250,235" oya="0" hai0="70,102,2,63,135,87,106,77,88,117,126,101,23" hai1="35,130,38,52,121,30,3,103,115,120,112,94,40" hai2="78,60,76,74,47,73,81,85,119,42,10,48,97" hai3="123,129,125,105,61,95,86,110,100,51,118,107,5"/><T8/><D117/><U111/><E3/><V45/><F119/><W32/><G118/><T37/><D37/><U16/><E35/><V11/><F97/><W71/><G32/><T57/><D70/><U113/><E30/><V9/><F60/><W17/><G5/><T15/><D2/><U58/><E40/><V65/><F65/><W114/><G114/><T128/><D77/><U75/><E38/><V98/><F98/><W72/><G72/><T93/><D128/><U18/><E75/><V64/><F64/><W43/><G129/><T56/><D135/><U127/><E127/><V49/><REACH who="2" step="1"/><F78/><REACH who="2" ten="265,250,240,235" step="2"/><W25/><G125/><T68/><D126/><U59/><E130/><V7/><F7/><W0/><G0/><T22/><D63/><U83/><E115/><V92/><F92/><W133/><G133/><T108/><D93/><U116/><E94/><V69/><F69/><W39/><G61/><T109/><D68/><U46/><E116/><V90/><F90/><W4/><G71/><T28/><D88/><U53/><E113/><V99/><F99/><W31/><G4/><T14/><D109/><U27/><E111/><V34/><F34/><W54/><G110/><T41/><D108/><U80/><E112/><V50/><F50/><W131/><G131/><T33/><D33/><U62/><E62/><V6/><F6/><W12/><G51/><T134/><D134/><U44/><E103/><V82/><F82/><W91/><G100/><T13/><D102/><U26/><AGARI ba="1,1" hai="16,18,26,27,44,46,52,53,58,59,80,83,120,121" machi="26" ten="25,8000,1" yaku="0,1,22,2,54,2" doraHai="66" who="1" fromWho="1" sc="265,-41,250,93,240,-21,235,-21" /><INIT seed="1,0,0,1,3,133" ten="224,343,219,214" oya="1" hai0="132,79,110,58,130,53,17,51,61,57,63,71,100" hai1="62,27,49,52,96,118,92,21,128,10,42,80,78" hai2="68,122,67,115,95,31,72,38,82,97,0,34,127" hai3="55,74,60,81,119,15,98,22,24,45,120,36,16"/><U77/><E118/><V64/><F122/><W129/><G120/><T43/><D100/><U83/><E128/><V56/><F68/><W91/><G129/><T50/><D79/><U121/><E42/><V12/><F0/><W11/><G119/><T93/><D93/><U23/><E10/><V108/><F108/><W6/><G36/><T114/><D130/><U30/><E62/><N who="0" m="23561" /><D17/><U47/><E23/><V109/><F109/><W54/><G74/><T35/><D35/><U19/><E121/><V13/><F38/><W99/><G45/><N who="0" m="25919" /><D110/><U125/><E125/><V44/><F127/><W29/><G29/><T37/><D114/><U105/><E105/><V116/><F115/><W117/><G117/><T126/><D132/><U111/><E30/><V25/><F116/><W5/><G5/><T73/><D73/><U46/><E111/><V8/><F72/><W107/><G107/><T7/><D7/><U59/><E78/><V102/><F82/><N who="1" m="31273" /><E77/><V124/><F124/><W1/><G1/><T9/><D9/><U28/><E28/><V26/><F26/><W113/><G113/><T40/><D126/><U94/><E94/><V69/><F12/><W3/><G3/><T32/><D32/><U90/><AGARI ba="0,0" hai="19,21,27,46,47,49,52,59,90,92,96" m="31273" machi="90" ten="30,3000,0" yaku="8,1,54,1" doraHai="133" who="1" fromWho="1" sc="224,-10,343,30,219,-10,214,-10" /><INIT seed="1,1,0,1,2,14" ten="214,373,209,204" oya="1" hai0="58,135,103,40,120,76,44,97,38,5,13,28,130" hai1="127,119,90,51,80,42,133,62,129,131,64,91,60" hai2="93,108,117,24,72,21,56,70,61,104,66,65,132" hai3="26,30,33,1,69,99,37,54,84,49,3,39,0"/><U95/><E119/><V83/><F104/><W48/><G69/><T7/><D135/><U35/><E35/><V89/><F117/><W52/><G99/><T71/><D71/><U107/><E107/><V53/><F132/><W79/><G49/><T113/><D113/><U46/><E133/><V86/><F108/><W134/><G134/><T12/><D28/><U18/><E127/><V27/><F70/><W94/><G54/><T121/><D76/><U19/><E80/><V122/><F122/><N who="0" m="47210" /><D58/><N who="1" m="36887" /><E90/><V31/><F72/><W111/><G111/><T128/><D5/><U110/><E62/><V4/><F4/><W78/><G78/><T81/><D81/><U23/><E23/><N who="2" m="15775" /><F83/><W98/><G79/><T59/><D59/><U29/><E29/><AGARI ba="1,0" hai="21,27,29,53,56,61,65,66,86,89,93" m="15775" machi="29" ten="30,1000,0" yaku="8,1" doraHai="14" who="2" fromWho="1" sc="214,0,373,-13,209,13,204,0" /><INIT seed="2,0,0,0,4,76" ten="214,360,222,204" oya="2" hai0="121,54,33,103,48,96,106,31,21,117,122,61,112" hai1="127,69,97,105,74,115,16,118,60,113,94,40,87" hai2="90,11,85,104,66,131,72,7,58,84,36,78,52" hai3="42,30,45,14,13,80,73,77,50,1,135,109,28"/><V22/><F104/><W15/><G1/><T34/><D112/><U43/><E74/><V25/><F36/><W53/><G135/><T79/><D117/><U124/><E105/><V41/><F41/><W24/><G109/><T107/><D107/><U20/><E87/><V23/><F72/><W57/><REACH who="3" step="1"/><G24/><REACH who="3" ten="214,360,222,194" step="2"/><T134/><D134/><U126/><E118/><V63/><F131/><W110/><G110/><T89/><D122/><U93/><E115/><V47/><F23/><W130/><G130/><T6/><D21/><U114/><E114/><V51/><F22/><W12/><N who="3" m="3584" /><DORA hai="9" /><W18/><G18/><T49/><D121/><U86/><E20/><V132/><F25/><W32/><G32/><T95/><D34/><U55/><E16/><V128/><F132/><W44/><G44/><T75/><D33/><U19/><E19/><V98/><F128/><W129/><G129/><T38/><D31/><U99/><E113/><V29/><F29/><W56/><G56/><T102/><D6/><U65/><E126/><V46/><F7/><W123/><G123/><T83/><D38/><AGARI ba="0,1" hai="28,30,38,42,45,50,53,57,73,77,80" m="3584" machi="38" ten="50,12000,2" yaku="1,1,52,5,53,1" doraHai="76,9" doraHaiUra="39,17" who="3" fromWho="0" sc="214,-120,360,0,222,0,194,130" /><INIT seed="3,0,0,0,0,28" ten="94,360,222,324" oya="3" hai0="58,107,7,132,68,48,30,52,43,94,115,75,9" hai1="112,108,71,18,78,25,42,122,11,0,86,55,89" hai2="5,117,83,10,17,51,46,23,103,79,29,96,44" hai3="81,26,45,119,8,85,98,1,34,74,126,99,127"/><W27/><G119/><T104/><D68/><U39/><E71/><V49/><F117/><W40/><G74/><T53/><D75/><U105/><E105/><V66/><F29/><W116/><G116/><T100/><D43/><U90/><E39/><V62/><F103/><W133/><G133/><T20/><D132/><U63/><E42/><V82/><F96/><W60/><G60/><T77/><D77/><U21/><E78/><V13/><F66/><W91/><G98/><T124/><D124/><N who="3" m="47657" /><G99/><T57/><D94/><U76/><E63/><V3/><F62/><W135/><G135/><T114/><D100/><U32/><E86/><V70/><F70/><W14/><G1/><T37/><D37/><U59/><E0/><V12/><F3/><W41/><G34/><T80/><D80/><U69/><E32/><V73/><F83/><W16/><G41/><T4/><D114/><U36/><E69/><V128/><F128/><W6/><G6/><T38/><D7/><U121/><E121/><V111/><F111/><W50/><AGARI ba="0,0" hai="8,14,16,26,27,40,45,50,81,85,91" m="47657" machi="50" ten="30,3000,0" yaku="18,1,54,1" doraHai="28" who="3" fromWho="3" sc="94,-10,360,-10,222,-10,324,30" /><INIT seed="3,1,0,2,2,9" ten="84,350,212,354" oya="3" hai0="41,95,67,25,114,88,64,87,130,81,2,19,104" hai1="70,42,92,56,58,106,34,116,100,126,80,98,60" hai2="63,48,83,59,0,133,96,65,26,52,62,131,103" hai3="108,135,36,23,90,111,119,69,105,27,46,50,110"/><W4/><G119/><T12/><D104/><U112/><E112/><V24/><F0/><W6/><G69/><T44/><D2/><U132/><E126/><V20/><F131/><W72/><G36/><T66/><D130/><U79/><E132/><V13/><F133/><W89/><G135/><T84/><D114/><U77/><E77/><V113/><F113/><W43/><G72/><T107/><D107/><U134/><E42/><V29/><F83/><W122/><G105/><T55/><D25/><U31/><E92/><N who="2" m="58759" /><F24/><W85/><G122/><T118/><D118/><U33/><E134/><V91/><F91/><N who="3" m="34827" /><G85/><T71/><D71/><U11/><E11/><V40/><F40/><W86/><G86/><T54/><D54/><U7/><E7/><V78/><F78/><W53/><G43/><T39/><D55/><U82/><E82/><V101/><F101/><W18/><AGARI ba="1,0" hai="4,6,18,23,27,46,50,53,108,110,111" m="34827" machi="18" ten="40,3900,0" yaku="14,1,10,1" doraHai="9" who="3" fromWho="3" sc="84,-14,350,-14,212,-14,354,42" /><INIT seed="3,2,0,3,2,66" ten="70,336,198,396" oya="3" hai0="117,101,92,18,22,31,3,5,17,45,128,124,30" hai1="97,81,68,76,39,127,79,29,86,4,105,84,96" hai2="89,90,42,73,99,134,51,43,107,23,109,49,12" hai3="135,85,27,57,55,82,10,28,52,95,20,88,35"/><W41/><G135/><T77/><D117/><U53/><E39/><V87/><F73/><W112/><G112/><T75/><D128/><U74/><E4/><V115/><F115/><W64/><G41/><T15/><D124/><U59/><E29/><N who="0" m="10761" /><D77/><N who="1" m="44215" /><E68/><V130/><F130/><W65/><G35/><T7/><D92/><U118/><E59/><V60/><F134/><W50/><G10/><N who="0" m="6391" /><D101/><N who="1" m="62631" /><E53/><V56/><F12/><W16/><G28/><T100/><D100/><U13/><E13/><V0/><F0/><W11/><G11/><N who="0" m="2495" /><D75/><U46/><E46/><V71/><F56/><N who="3" m="32791" /><G82/><T26/><D45/><U83/><E118/><V61/><F42/><W129/><G129/><T116/><D116/><U122/><E122/><V78/><F43/><W80/><G80/><T8/><D7/><U25/><E83/><V2/><F51/><AGARI ba="2,0" hai="16,20,27,51,55,57,64,65,85,88,95" m="32791" machi="51" ten="30,11600,0" yaku="8,1,54,3" doraHai="66" who="3" fromWho="2" sc="70,0,336,0,198,-122,396,122" /><INIT seed="3,3,0,4,1,59" ten="70,336,76,518" oya="3" hai0="54,122,70,91,115,15,29,103,132,4,1,84,11" hai1="83,75,102,22,90,82,19,127,7,61,69,98,121" hai2="41,108,111,80,114,66,73,3,48,77,117,37,20" hai3="33,124,31,116,12,72,21,0,27,26,134,51,126"/><W43/><G72/><T10/><D122/><U42/><E127/><V14/><F48/><W60/><G116/><T95/><D132/><U88/><E42/><V62/><F20/><W94/><G134/><T65/><D29/><U101/><E7/><V68/><F14/><W35/><G0/><T81/><D54/><U123/><E123/><V112/><F3/><W106/><G106/><T86/><D115/><U130/><E130/><V113/><REACH who="2" step="1"/><F117/><REACH who="2" ten="70,336,66,518" step="2"/><W58/><G12/><T18/><D103/><U97/><E22/><V109/><F109/><W64/><G35/><T17/><D65/><U96/><E19/><V110/><F110/><W34/><G34/><T13/><D70/><U74/><E69/><V45/><AGARI ba="3,1" hai="37,41,45,62,66,68,73,77,80,108,111,112,113,114" machi="45" ten="40,12000,2" yaku="1,1,0,1,23,2,52,1,53,1" doraHai="59" doraHaiUra="57" who="2" fromWho="2" sc="70,-33,336,-33,66,139,518,-63" /><INIT seed="4,0,0,2,1,58" ten="37,303,205,455" oya="0" hai0="51,121,33,101,35,5,82,85,135,0,94,50,128" hai1="39,10,59,125,22,123,29,56,117,7,9,108,95" hai2="65,92,86,70,73,72,54,46,61,13,90,23,21" hai3="88,41,45,19,44,43,52,31,110,84,17,115,57"/><T102/><D121/><U133/><E39/><V93/><F93/><N who="3" m="54407" /><G110/><T42/><D0/><U109/><E123/><V119/><F119/><W78/><G115/><T8/><D135/><U3/><E59/><V130/><F130/><W131/><G131/><T99/><D128/><U105/><E105/><V87/><F87/><W113/><G113/><T112/><D112/><U103/><E125/><V81/><F23/><W47/><G78/><T64/><D64/><U122/><E133/><V16/><REACH who="2" step="1"/><F81/><REACH who="2" ten="37,303,195,455" step="2"/><W34/><G34/><T67/><D67/><U62/><E117/><V48/><AGARI ba="0,1" hai="13,16,21,46,48,54,61,65,70,72,73,86,90,92" machi="48" ten="30,12000,2" yaku="1,1,2,1,0,1,52,1,54,1,53,1" doraHai="58" doraHaiUra="83" who="2" fromWho="2" sc="37,-60,303,-30,195,130,455,-30" owari="-23,-52.0,273,-13.0,325,13.0,425,52.0" /></mjloggm>