<mjloggm ver="2.3"><GO type="97" lobby="0"/><UN n0="%E3%81%8B%E3%81%B9%E3%81%A1%E3%83%BC" n1="%4F%4E%4F%46%46" n2="%E5%B0%B1%E6%B4%BB%E7%94%9F%40%E5%B7%9D%E6%9D%91%E8%BB%8D%E5%9B%A3" n3="%E5%85%AD%E6%9D%A1%E3%81%AE%E5%BE%A1%E6%81%AF%E6%89%80" dan="14,14,14,14" rate="1929.18,1925.58,1979.33,1914.66" sx="M,M,M,F"/><TAIKYOKU oya="0"/><INIT seed="0,0,0,3,0,75" ten="250,250,250,250" oya="0" hai0="93,61,118,54,24,0,36,40,15,110,131,70,80" hai1="77,16,48,67,113,74,29,47,33,23,62,50,45" hai2="26,17,41,42,90,103,43,51,130,71,124,88,122" hai3="129,65,105,18,120,101,133,9,27,85,134,91,4"/><T5/><D118/><U21/><E113/><V111/><F122/><W116/><G116/><T44/><D131/><U20/><E33/><V14/><F71/><W1/><G129/><T94/><D0/><U115/><E29/><V13/><F130/><W60/><G120/><T123/><D123/><U52/><E115/><V25/><F124/><W96/><G27/><N who="2" m="10249" /><F111/><W68/><REACH who="3" step="1"/><G18/><REACH who="3" ten="250,250,250,240" step="2"/><T72/><D24/><U95/><E16/><V117/><F117/><W109/><G109/><T98/><D110/><U39/><E20/><V119/><F119/><W10/><G10/><T112/><D112/><U38/><E21/><V128/><F128/><W3/><G3/><T132/><D132/><U58/><E23/><V79/><F17/><W97/><G97/><T114/><D98/><U59/><E95/><AGARI ba="0,1" hai="1,4,9,60,65,68,85,91,95,96,101,105,133,134" machi="95" ten="40,1300,0" yaku="1,1,53,0" doraHai="75" doraHaiUra="73" who="3" fromWho="1" sc="250,0,250,-13,250,0,240,23" /><INIT seed="1,0,0,1,5,79" ten="250,237,250,263" oya="1" hai0="58,116,105,88,127,6,107,64,15,10,30,31,62" hai1="73,4,70,121,133,20,8,81,38,67,47,29,69" hai2="37,12,56,128,21,66,36,60,87,26,123,100,3" hai3="82,50,24,14,93,114,102,89,18,61,80,43,106"/><U101/><E121/><V9/><F123/><W78/><G114/><T108/><D116/><U7/><E133/><V126/><F128/><W134/><G134/><T65/><D127/><U104/><E67/><V124/><F3/><W39/><G39/><T120/><D120/><U27/><E4/><V98/><F124/><W13/><G106/><T125/><D125/><U52/><E101/><V112/><F87/><W131/><G131/><T2/><D108/><U110/><E104/><V23/><F112/><W16/><G102/><T11/><D105/><U68/><E110/><V111/><F111/><W1/><G1/><T74/><D74/><U75/><E38/><V84/><F84/><N who="3" m="52391" /><G78/><T51/><D107/><U59/><E47/><V96/><F126/><W49/><G61/><T90/><D51/><N who="3" m="19465" /><G43/><T44/><D44/><U132/><E132/><V113/><F113/><W19/><G24/><T94/><D65/><U71/><E71/><V40/><F40/><W35/><G35/><T99/><REACH who="0" step="1"/><D90/><REACH who="0" ten="240,237,250,263" step="2"/><U91/><E91/><V41/><F37/><W42/><G42/><T86/><D86/><U103/><E103/><V28/><F41/><W118/><G118/><T83/><D83/><AGARI ba="0,1" hai="13,14,16,18,19,80,82,83" m="19465,52391" machi="83" ten="30,8000,1" yaku="8,1,52,3,54,1" doraHai="79" who="3" fromWho="0" sc="240,-80,237,0,250,0,263,90" /><INIT seed="2,0,0,0,5,130" ten="160,237,250,353" oya="2" hai0="50,125,83,11,24,63,33,54,26,52,3,48,58" hai1="17,98,46,42,117,101,61,14,72,82,77,13,57" hai2="44,94,112,86,2,69,41,32,36,4,8,116,59" hai3="100,45,15,132,109,105,135,85,51,87,115,70,68"/><V67/><F112/><W43/><G115/><T65/><D125/><U122/><E117/><V133/><F116/><W19/><G109/><T78/><D33/><U102/><E122/><V79/><F32/><W91/><G105/><T113/><D113/><U49/><E13/><V40/><F40/><W81/><G100/><T106/><D106/><U129/><E129/><V93/><F69/><W1/><G1/><T92/><D92/><U28/><E28/><V47/><F47/><W64/><G87/><T114/><D114/><U99/><E102/><V88/><F79/><W104/><G104/><T0/><D0/><U21/><REACH who="1" step="1"/><E101/><REACH who="1" ten="160,227,250,353" step="2"/><V96/><F133/><N who="3" m="51275" /><G64/><AGARI ba="0,1" hai="14,17,21,42,46,49,57,61,64,72,77,82,98,99" machi="64" ten="30,3900,0" yaku="1,1,7,1,53,1" doraHai="130" doraHaiUra="38" who="1" fromWho="3" sc="160,0,227,49,250,0,353,-39" /><INIT seed="3,0,0,1,3,41" ten="160,276,250,314" oya="3" hai0="124,102,45,103,6,12,76,68,29,113,81,85,64" hai1="91,2,3,73,79,58,48,120,108,114,72,84,47" hai2="119,50,82,63,122,61,23,49,109,123,28,25,27" hai3="94,126,69,34,80,106,62,66,19,20,36,128,115"/><W54/><G106/><T42/><D113/><U74/><E120/><N who="2" m="46123" /><F119/><W105/><G105/><T17/><D29/><U10/><E114/><V70/><F109/><W78/><G115/><T35/><D35/><U129/><E108/><V125/><F125/><W0/><G34/><T32/><D32/><U87/><E129/><V33/><F82/><W7/><G128/><T4/><D124/><U98/><E98/><V77/><F77/><W16/><G126/><T22/><D68/><U100/><E100/><V135/><F135/><W112/><G112/><T67/><D102/><U5/><E2/><V88/><F70/><W96/><G36/><T99/><D64/><U56/><E79/><V26/><F50/><W65/><G66/><T38/><REACH who="0" step="1"/><D67/><REACH who="0" ten="150,276,250,314" step="2"/><U11/><E10/><V134/><F134/><W127/><G127/><T43/><D43/><U101/><E101/><V92/><F33/><W95/><G65/><T24/><D24/><U132/><E132/><V55/><F26/><W130/><G69/><T93/><AGARI ba="0,1" hai="4,6,12,17,22,38,42,45,76,81,85,93,99,103" machi="93" ten="20,5200,0" yaku="1,1,0,1,7,1,52,1,53,0" doraHai="41" doraHaiUra="121" who="0" fromWho="0" sc="150,62,276,-13,250,-13,314,-26" /><INIT seed="4,0,0,3,2,103" ten="212,263,237,288" oya="0" hai0="51,16,124,127,111,62,27,46,94,132,61,8,133" hai1="109,47,33,22,118,18,75,74,125,59,93,116,87" hai2="101,0,112,9,100,30,43,52,98,91,120,17,2" hai3="129,84,50,40,23,54,29,15,67,66,21,38,86"/><T44/><D111/><U104/><E33/><V4/><F120/><W90/><G129/><T14/><D94/><U131/><E109/><V77/><F112/><W64/><G38/><T6/><D6/><U79/><E131/><V92/><F77/><W42/><G29/><T78/><D27/><U73/><E125/><N who="0" m="48201" /><D78/><U119/><E47/><N who="0" m="17961" /><D51/><U88/><E59/><V37/><F37/><W19/><G23/><T70/><D70/><U107/><REACH who="1" step="1"/><E79/><REACH who="1" ten="212,253,237,288" step="2"/><V24/><F43/><W72/><G42/><T130/><D130/><U10/><E10/><V121/><F121/><W122/><G40/><T60/><AGARI ba="0,1" hai="8,14,16,60,61,62,132,133" m="17961,48201" machi="60" ten="40,3900,0" yaku="18,1,54,1" doraHai="103" who="0" fromWho="0" sc="212,49,253,-13,237,-13,288,-13" /><INIT seed="4,1,0,5,5,24" ten="261,240,224,275" oya="0" hai0="3,103,63,68,122,105,19,66,112,59,2,75,119" hai1="134,67,79,104,33,56,57,69,51,34,102,110,54" hai2="94,60,26,39,123,50,81,83,95,1,64,74,14" hai3="27,31,11,48,40,15,118,111,85,49,38,44,76"/><T128/><D119/><U71/><E110/><V133/><F39/><W84/><G118/><T13/><D122/><U29/><E134/><V77/><F1/><W72/><G111/><T89/><D75/><U61/><E79/><V132/><F123/><W126/><G126/><T6/><D6/><U82/><E82/><V7/><F81/><W37/><G72/><T0/><D112/><U73/><E73/><V28/><F50/><N who="3" m="26887" /><G76/><T16/><D128/><U42/><E42/><V93/><F14/><W92/><G38/><T53/><D89/><U70/><E34/><V116/><F7/><N who="3" m="3583" /><G37/><T62/><REACH who="0" step="1"/><D13/><REACH who="0" ten="251,240,224,275" step="2"/><U113/><E113/><V43/><F116/><W100/><G100/><T86/><D86/><N who="3" m="33385" /><G92/><T87/><D87/><U25/><E25/><V121/><F121/><W80/><G80/><T78/><D78/><U91/><E91/><V58/><REACH who="2" step="1"/><F43/><REACH who="2" ten="251,240,214,275" step="2"/><W96/><G96/><AGARI ba="1,2" hai="0,2,3,16,19,53,59,62,63,66,68,96,103,105" machi="96" ten="40,3900,0" yaku="1,1,54,1,53,0" doraHai="24" doraHaiUra="23" who="0" fromWho="3" sc="251,62,240,0,214,0,275,-42" owari="313,42.0,240,4.0,214,-29.0,233,-17.0" /></mjloggm>