<mjloggm ver="2.3"><GO type="97" lobby="0"/><UN n0="%6D%61%72%6F%72%6F%6E" n1="%E5%B0%B1%E6%B4%BB%E7%94%9F%40%E5%B7%9D%E6%9D%91%E8%BB%8D%E5%9B%A3" n2="%63%74%32%30%30%30%68" n3="%70%65%70%6F%32%35%31" dan="14,14,13,14" rate="1948.82,1952.14,1853.72,1929.22" sx="M,M,M,M"/><TAIKYOKU oya="0"/><INIT seed="0,0,0,3,3,30" ten="250,250,250,250" oya="0" hai0="3,65,14,94,80,20,98,70,88,100,84,64,112" hai1="71,108,106,77,131,46,102,47,68,53,119,129,34" hai2="132,117,22,9,97,18,101,105,31,29,4,52,55" hai3="50,58,75,17,99,63,82,39,124,56,85,12,109"/><T96/><D112/><U121/><E77/><V37/><F37/><W107/><G75/><T19/><D3/><U66/><E119/><V28/><F132/><W89/><G39/><T127/><D127/><U6/><E6/><V51/><F117/><W11/><G124/><T43/><D70/><N who="1" m="26667" /><E121/><V122/><F122/><W104/><G109/><T1/><D1/><U73/><E73/><V120/><F120/><W21/><G99/><T62/><D43/><U27/><E66/><V44/><F55/><W7/><G58/><T49/><D49/><U59/><E108/><V32/><F9/><W16/><G17/><T42/><D42/><U103/><E106/><V60/><F60/><W61/><G61/><T128/><D128/><N who="1" m="49227" /><E27/><V13/><REACH who="2" step="1"/><F4/><REACH who="2" ten="250,250,240,250" step="2"/><W74/><G50/><T48/><D48/><N who="1" m="31143" /><E34/><AGARI ba="0,1" hai="13,18,22,28,29,31,32,34,44,51,52,97,101,105" machi="34" ten="40,8000,1" yaku="1,1,52,2,54,1,53,0" doraHai="30" doraHaiUra="67" who="2" fromWho="1" sc="250,0,250,-80,240,90,250,0" /><INIT seed="1,0,0,2,0,74" ten="250,170,330,250" oya="1" hai0="44,58,40,100,33,8,59,101,50,48,28,78,65" hai1="85,32,103,82,49,109,120,102,134,79,135,133,21" hai2="125,73,24,1,7,36,116,123,9,0,53,14,16" hai3="104,83,2,108,60,99,26,51,3,66,4,112,87"/><U94/><E32/><V107/><F36/><W41/><G4/><T15/><D28/><U56/><E120/><V11/><F107/><W20/><G112/><T35/><D35/><U117/><E117/><V92/><F116/><W118/><G118/><T27/><D27/><U10/><E10/><V18/><F73/><W76/><G108/><T84/><D33/><U12/><E12/><V61/><F123/><W63/><G63/><T17/><D58/><U96/><E21/><V62/><F125/><W122/><G122/><T25/><D25/><U72/><E109/><V80/><F80/><W55/><G41/><T54/><D65/><U121/><E121/><V31/><F92/><W105/><G105/><T69/><D69/><U131/><E131/><V132/><F132/><W77/><G104/><T129/><D129/><U70/><E70/><V119/><F119/><W93/><G3/><T19/><D19/><U126/><E126/><V115/><F115/><W43/><G43/><T75/><D75/><U97/><E49/><V128/><F128/><W130/><G2/><T29/><D29/><U23/><E56/><V42/><F42/><W110/><G110/><T113/><D113/><U68/><E23/><V90/><F0/><W37/><G37/><T86/><D86/><U38/><E38/><V64/><F1/><W57/><G130/><T22/><D22/><U95/><E68/><V88/><F31/><N who="3" m="17863" /><G55/><T47/><D47/><U106/><E106/><V5/><F53/><W30/><G30/><T39/><D39/><U89/><E72/><V81/><F64/><W52/><G52/><RYUUKYOKU ba="0,0" sc="250,15,170,15,330,-15,250,-15" hai0="8,15,17,40,44,48,50,54,59,78,84,100,101" hai1="79,82,85,89,94,95,96,97,102,103,133,134,135" /><INIT seed="1,1,0,3,2,20" ten="265,185,315,235" oya="1" hai0="41,9,109,44,14,105,37,113,61,91,45,5,21" hai1="13,79,86,84,110,101,16,96,74,102,28,63,107" hai2="134,35,88,135,128,66,22,73,53,39,31,100,36" hai3="11,57,49,94,30,111,33,87,43,29,125,38,118"/><U80/><E101/><V50/><F73/><W0/><G38/><T26/><D113/><U119/><E119/><V127/><F35/><W40/><G118/><T129/><D109/><U27/><E110/><V2/><F2/><W46/><G111/><T55/><D105/><U3/><E3/><V17/><F100/><W32/><G125/><T7/><D129/><U92/><E107/><V48/><F127/><W82/><G94/><T34/><D34/><U71/><E71/><V65/><F128/><W56/><G11/><T78/><D78/><U24/><E63/><V130/><F130/><W85/><G82/><T51/><D61/><U6/><E6/><V59/><F31/><W72/><G72/><T19/><REACH who="0" step="1"/><D91/><REACH who="0" ten="255,185,315,235" step="2"/><U81/><E28/><AGARI ba="1,1" hai="5,7,9,14,19,21,26,28,37,41,44,45,51,55" machi="28" ten="30,7700,0" yaku="1,1,2,1,7,1,52,1,53,0" doraHai="20" doraHaiUra="89" who="0" fromWho="1" sc="255,90,185,-80,315,0,235,0" /><INIT seed="2,0,0,0,0,75" ten="345,105,315,235" oya="2" hai0="46,63,57,33,103,88,52,95,20,53,74,0,17" hai1="6,77,27,79,55,121,70,116,31,18,8,5,10" hai2="61,19,2,65,82,97,25,12,48,112,43,90,120" hai3="21,80,41,26,4,11,87,129,50,119,101,72,126"/><V128/><F120/><W15/><G72/><T68/><D0/><U58/><E116/><V113/><F2/><W34/><G129/><T78/><D33/><U64/><E121/><V106/><F128/><W91/><G126/><T7/><D7/><N who="1" m="2571" /><E70/><V135/><F135/><W66/><G66/><T81/><D103/><U60/><E64/><V96/><F25/><W98/><G119/><T122/><D122/><U22/><E31/><V111/><F111/><W86/><G34/><T56/><D46/><U14/><E27/><V28/><F28/><W13/><G13/><T110/><D110/><U37/><E37/><V69/><F106/><W9/><G9/><AGARI ba="0,0" hai="8,9,10,14,18,22,55,58,60,77,79" m="2571" machi="9" ten="30,3900,0" yaku="8,1,52,2" doraHai="75" who="1" fromWho="3" sc="345,0,105,39,315,0,235,-39" /><INIT seed="3,0,0,2,0,58" ten="345,144,315,196" oya="3" hai0="86,26,94,12,72,61,132,1,54,133,124,75,116" hai1="0,79,7,50,43,96,39,103,63,67,35,119,31" hai2="112,118,41,83,20,69,135,24,88,21,4,106,126" hai3="121,53,49,22,128,81,2,100,77,11,55,99,134"/><W36/><G36/><T5/><D1/><U73/><E119/><V14/><F118/><W104/><G121/><T23/><D116/><U60/><E50/><V15/><F112/><W8/><G128/><T65/><D124/><U107/><E35/><V91/><F126/><W28/><G134/><N who="0" m="51819" /><D54/><U108/><E108/><V114/><F114/><W44/><G2/><T9/><D86/><U130/><E31/><V16/><F69/><W93/><G104/><T57/><D94/><U105/><E105/><V34/><F106/><W111/><G111/><T62/><D62/><U47/><E130/><V110/><F34/><W129/><G129/><T52/><D65/><U95/><E95/><V46/><F110/><W115/><G115/><T10/><D10/><N who="1" m="2407" /><E67/><V59/><F135/><W13/><G55/><T89/><D89/><N who="2" m="34378" /><F83/><W27/><REACH who="3" step="1"/><G13/><REACH who="3" ten="345,144,315,186" step="2"/><T101/><D101/><U122/><E122/><V109/><F109/><W29/><G29/><AGARI ba="0,1" hai="5,9,12,23,26,29,52,57,61,72,75" m="51819" machi="29" ten="30,3900,0" yaku="20,1,52,1,54,1" doraHai="58" who="0" fromWho="3" sc="345,49,144,0,315,0,186,-39" owari="394,49.0,144,-36.0,315,12.0,147,-25.0" /></mjloggm>