<mjloggm ver="2.3"><GO type="41" lobby="0"/><UN n0="%E3%81%9F%E3%81%8B%E3%82%80" n1="%46%2D%53%75%6D%6D%65%72" n2="%E5%B0%B1%E6%B4%BB%E7%94%9F%40%E5%B7%9D%E6%9D%91%E8%BB%8D%E5%9B%A3" n3="%6D%65%6B%69%72%6F" dan="14,14,15,14" rate="1940.98,1917.14,1965.05,1968.29" sx="M,M,M,M"/><TAIKYOKU oya="0"/><INIT seed="0,0,0,3,4,2" ten="250,250,250,250" oya="0" hai0="61,78,14,12,58,133,120,42,28,124,107,45,33" hai1="51,106,62,92,44,97,17,70,99,103,130,85,84" hai2="56,89,22,27,126,129,8,39,30,25,0,121,96" hai3="135,74,77,113,35,134,20,16,66,88,71,43,91"/><T15/><D120/><U38/><E38/><V93/><F39/><W34/><G113/><T21/><D107/><U105/><E130/><V64/><F121/><W60/><G43/><T125/><D78/><U48/><E48/><V98/><F126/><N who="0" m="48746" /><D33/><N who="3" m="12297" /><G74/><T109/><D109/><U7/><E106/><V41/><F129/><W111/><G77/><T50/><D133/><N who="3" m="50697" /><G111/><T101/><D101/><U26/><E62/><V57/><F41/><W94/><G94/><T1/><D28/><U108/><E70/><V80/><F80/><W23/><G23/><T118/><D1/><U83/><E83/><V37/><F37/><W82/><G82/><T6/><D118/><U95/><E105/><V132/><F132/><W122/><G122/><T117/><D117/><U36/><E36/><V67/><F27/><AGARI ba="0,0" hai="16,20,27,60,66,71,88,91" m="50697,12297" machi="27" ten="30,3900,0" yaku="20,1,54,2" doraHai="2" who="3" fromWho="2" sc="250,0,250,0,250,-39,250,39" /><INIT seed="1,0,0,3,2,13" ten="250,250,211,289" oya="1" hai0="86,31,32,80,29,63,2,53,27,49,71,61,134" hai1="91,23,101,3,118,11,130,5,68,85,89,41,36" hai2="10,70,94,45,113,30,107,4,119,1,83,17,51" hai3="116,54,135,50,16,39,43,88,24,104,75,74,92"/><U19/><E118/><V57/><F107/><W114/><G114/><T127/><D2/><U90/><E130/><V60/><F70/><W33/><G116/><T78/><D127/><U97/><E68/><V132/><F119/><W102/><G39/><T121/><D121/><U34/><E34/><V35/><F132/><W115/><G43/><T133/><D29/><U66/><E66/><V129/><F129/><W81/><G115/><T100/><D100/><U126/><E126/><V8/><F113/><W25/><G135/><T105/><D105/><U96/><E41/><V128/><F128/><W14/><G104/><T37/><D37/><U82/><E36/><V77/><F94/><W112/><G112/><T12/><D12/><U125/><E125/><V42/><F30/><W123/><G123/><T40/><D40/><U99/><REACH who="1" step="1"/><E101/><REACH who="1" ten="250,240,211,289" step="2"/><V7/><F35/><W124/><G33/><T44/><REACH who="0" step="1"/><D63/><REACH who="0" ten="240,240,211,289" step="2"/><U122/><E122/><V64/><F60/><W111/><G124/><T48/><D48/><U62/><E62/><V6/><F51/><W46/><G50/><T26/><D26/><AGARI ba="0,2" hai="3,5,11,19,23,26,82,85,89,90,91,96,97,99" machi="26" ten="40,3900,0" yaku="1,1,52,1,53,0" doraHai="13" doraHaiUra="72" who="1" fromWho="0" sc="240,-39,240,59,211,0,289,0" /><INIT seed="1,1,0,0,5,36" ten="201,299,211,289" oya="1" hai0="97,83,33,21,23,14,116,131,130,20,110,51,71" hai1="34,81,68,99,78,62,63,41,108,61,43,2,94" hai2="48,35,73,66,7,123,55,135,106,79,28,119,105" hai3="74,38,80,3,31,49,115,122,45,102,96,26,59"/><U57/><E34/><V72/><F123/><W18/><G115/><T124/><D33/><U112/><E112/><V67/><F119/><W128/><G38/><T40/><D116/><U103/><E2/><V4/><F135/><W1/><G128/><N who="0" m="49195" /><D71/><U93/><E68/><V134/><F134/><W70/><G70/><T64/><D64/><U27/><E27/><V12/><F35/><W44/><G44/><N who="0" m="25991" /><D124/><U52/><E108/><V104/><F28/><W37/><G37/><T9/><D110/><U111/><E111/><V5/><F12/><W107/><G31/><T95/><D83/><U11/><E11/><V120/><F120/><W100/><G59/><T88/><D9/><U56/><E93/><V46/><REACH who="2" step="1"/><F79/><REACH who="2" ten="201,299,201,289" step="2"/><W24/><G3/><T13/><AGARI ba="1,1" hai="13,14,20,21,23,88,95,97" m="25991,49195" machi="13" ten="40,5200,0" yaku="19,1,52,1,54,1" doraHai="36" who="0" fromWho="0" sc="201,65,299,-27,201,-14,289,-14" /><INIT seed="2,0,0,3,3,64" ten="266,272,187,275" oya="2" hai0="74,14,13,40,49,118,90,113,98,6,131,102,71" hai1="117,107,82,130,57,62,26,43,105,56,68,111,53" hai2="83,99,24,34,65,132,129,17,11,48,63,75,32" hai3="84,133,115,93,122,4,92,35,41,22,46,73,119"/><V58/><F129/><W109/><G35/><T80/><D113/><U31/><E117/><V10/><F132/><W3/><G73/><T79/><D131/><U67/><E130/><V101/><F34/><W78/><G133/><T9/><D118/><U116/><E116/><V87/><F75/><W110/><G119/><T70/><D14/><U114/><E114/><V23/><F32/><W127/><G115/><T45/><D90/><U1/><E1/><V95/><REACH who="2" step="1"/><F48/><REACH who="2" ten="266,272,177,275" step="2"/><N who="3" m="26703" /><G122/><T134/><D134/><U55/><E107/><AGARI ba="0,1" hai="6,9,13,40,45,49,70,71,74,79,80,98,102,107" machi="107" ten="30,3900,0" yaku="7,1,52,2" doraHai="64" who="0" fromWho="1" sc="266,49,272,-39,177,0,275,0" /><INIT seed="3,0,0,3,4,99" ten="315,233,177,275" oya="3" hai0="44,66,131,95,117,109,105,86,8,110,83,111,46" hai1="38,15,4,29,64,22,20,33,13,16,90,72,56" hai2="17,28,45,120,81,135,89,31,85,57,55,103,61" hai3="71,53,1,106,34,96,76,9,69,107,133,98,24"/><W50/><G76/><T113/><D117/><U5/><E38/><V25/><F120/><W3/><G133/><T79/><D105/><U134/><E72/><V87/><F135/><W100/><G53/><T63/><D113/><U30/><E134/><V77/><F45/><W23/><G50/><T36/><D36/><U70/><E70/><N who="3" m="26634" /><G23/><T130/><D8/><N who="1" m="4231" /><E90/><V58/><F58/><W21/><G21/><T118/><D95/><U41/><E41/><V119/><F119/><W75/><G9/><T132/><D132/><U93/><E93/><V115/><F115/><W80/><G80/><T73/><D73/><U37/><E37/><V101/><F17/><W114/><G114/><T47/><D118/><U11/><E56/><AGARI ba="0,0" hai="44,46,47,56,63,66,79,83,86,109,110,111,130,131" machi="56" ten="50,1600,0" yaku="14,1" doraHai="99" who="0" fromWho="1" sc="315,16,233,-16,177,0,275,0" /><INIT seed="4,0,0,2,4,37" ten="331,217,177,275" oya="0" hai0="134,52,121,94,130,27,32,102,82,107,118,72,9" hai1="127,31,88,120,23,1,73,61,108,2,39,57,71" hai2="46,21,18,14,59,114,110,43,135,93,106,66,6" hai3="3,92,100,15,22,117,79,69,4,60,128,33,105"/><T38/><D121/><U111/><E71/><V8/><F106/><W84/><G33/><T5/><D118/><U28/><E73/><V103/><F114/><W119/><G105/><T16/><D38/><U47/><E120/><V11/><F135/><W7/><G3/><T126/><D134/><U86/><E2/><V122/><F110/><W0/><G0/><T76/><D126/><U29/><E1/><V85/><F122/><W50/><G128/><T45/><D130/><U34/><E34/><V20/><F66/><W75/><G75/><T80/><D80/><U74/><E74/><V13/><F59/><W35/><G35/><T70/><D70/><U124/><E23/><V64/><F64/><W25/><G69/><T81/><D81/><N who="1" m="49231" /><E47/><V68/><F68/><W55/><G60/><T53/><D107/><U62/><E39/><V49/><REACH who="2" step="1"/><F103/><REACH who="2" ten="331,217,167,275" step="2"/><W132/><G132/><T115/><D115/><U41/><E57/><V116/><F116/><W36/><G100/><T56/><D56/><U87/><E108/><V67/><F67/><W98/><G119/><T123/><D123/><U10/><E111/><V44/><F44/><W77/><G117/><T131/><D131/><U78/><E124/><V125/><F125/><W19/><G98/><T58/><D45/><U83/><E127/><V101/><F101/><W12/><G55/><T30/><D53/><U51/><E10/><V129/><F129/><W96/><G96/><T97/><D58/><U40/><E51/><V90/><AGARI ba="0,1" hai="6,8,11,13,14,18,20,21,43,46,49,85,90,93" machi="90" ten="30,7900,0" yaku="1,1,0,1,8,1,52,1,53,0" doraHai="37" doraHaiUra="109" who="2" fromWho="2" sc="331,-39,217,-20,167,89,275,-20" /><INIT seed="5,0,0,4,2,42" ten="292,197,256,255" oya="1" hai0="13,89,56,79,78,34,129,48,70,76,80,95,94" hai1="111,132,133,72,113,14,88,120,43,125,90,25,114" hai2="126,96,17,37,124,46,54,122,107,110,18,20,131" hai3="16,98,92,35,104,59,36,41,71,8,112,33,97"/><U60/><E120/><V23/><F122/><W0/><G71/><T108/><D70/><U99/><E72/><V44/><F110/><W75/><G75/><T84/><D129/><U85/><E25/><V61/><F131/><W30/><G112/><N who="1" m="43114" /><E60/><V57/><F96/><W47/><G104/><T103/><D34/><U3/><E3/><V15/><F107/><W81/><G0/><T63/><D108/><U50/><E111/><V64/><F37/><W10/><G36/><T38/><D38/><U74/><E74/><V5/><F5/><W32/><G33/><T49/><D13/><U102/><E14/><V55/><F124/><W7/><G32/><T116/><D116/><U91/><E50/><N who="0" m="19561" /><D103/><U106/><E43/><V40/><F40/><W115/><G41/><T119/><D119/><U52/><E52/><AGARI ba="0,0" hai="52,56,63,76,78,79,80,84,89,94,95" m="19561" machi="52" ten="30,2000,0" yaku="8,1,54,1" doraHai="42" who="0" fromWho="1" sc="292,20,197,-20,256,0,255,0" /><INIT seed="6,0,0,5,2,39" ten="312,177,256,255" oya="2" hai0="55,95,73,115,105,113,74,35,21,118,46,63,47" hai1="1,64,87,119,117,13,130,37,67,23,31,114,134" hai2="52,3,72,128,102,82,83,132,68,101,25,126,26" hai3="90,84,57,18,85,98,59,75,100,19,43,92,2"/><V77/><F68/><W93/><G75/><T127/><D105/><U76/><E1/><V0/><F128/><W78/><G2/><T124/><D35/><U66/><E37/><V11/><F126/><N who="0" m="48170" /><D95/><U4/><E114/><N who="0" m="43529" /><D21/><U41/><E41/><V38/><F38/><W99/><G43/><T28/><D28/><U133/><E130/><V45/><F132/><N who="1" m="50793" /><E87/><N who="3" m="33354" /><G78/><T129/><D129/><U20/><E76/><V123/><F123/><W89/><G100/><T125/><N who="0" m="48178" /><T131/><DORA hai="135" /><D131/><U88/><E88/><V106/><F106/><W24/><G18/><T70/><D118/><N who="1" m="45067" /><E31/><V107/><F107/><W8/><G8/><T51/><D47/><U86/><E86/><V42/><F11/><W97/><G98/><T40/><D40/><U6/><E13/><V112/><F112/><W91/><G90/><T94/><D94/><U14/><E14/><V69/><F42/><W79/><G79/><T48/><D48/><U22/><AGARI ba="0,0" hai="4,6,20,22,23,64,66,67" m="45067,50793" machi="22" ten="40,5200,0" yaku="28,2,20,1" doraHai="39,135" who="1" fromWho="1" sc="312,-13,177,52,256,-26,255,-13" /><INIT seed="7,0,0,2,0,73" ten="299,229,230,242" oya="3" hai0="40,22,53,86,5,108,109,43,74,123,133,23,102" hai1="78,34,13,48,87,101,134,79,116,128,82,47,16" hai2="27,125,107,93,130,4,10,11,36,84,112,18,15" hai3="63,67,31,110,14,46,35,38,1,89,37,69,62"/><W44/><G1/><T49/><D102/><U81/><E34/><V61/><F107/><W119/><G119/><T9/><D123/><U30/><E30/><V127/><F36/><W58/><G35/><T92/><D74/><U59/><E128/><V55/><F112/><W41/><G31/><T56/><D109/><U75/><E134/><V19/><F130/><W20/><G110/><T88/><D108/><U42/><E59/><N who="2" m="35071" /><F27/><W12/><G89/><T113/><D113/><U103/><E116/><V96/><F84/><W17/><G44/><T106/><D106/><U120/><E120/><V124/><F11/><AGARI ba="0,0" hai="11,13,16,42,47,48,75,78,79,81,82,87,101,103" machi="11" ten="30,7700,0" yaku="7,1,52,2,54,1" doraHai="73" who="1" fromWho="2" sc="299,0,229,77,230,-77,242,0" owari="299,10.0,306,41.0,153,-35.0,242,-16.0" /></mjloggm>