<mjloggm ver="2.3"><GO type="225" lobby="0"/><UN n0="%E4%B8%A6%E3%81%BF%E3%81%AE%E7%AB%9C" n1="%E3%83%9A%E3%83%81%E3%83%A7%E3%83%BC%E3%83%AA%E3%83%B3" n2="%E5%B0%B1%E6%B4%BB%E7%94%9F%40%E5%B7%9D%E6%9D%91%E8%BB%8D%E5%9B%A3" n3="%73%61%72%61%6B" dan="16,17,17,16" rate="2061.42,2173.58,2098.90,2138.55" sx="M,M,M,M"/><TAIKYOKU oya="0"/><INIT seed="0,0,0,5,0,15" ten="250,250,250,250" oya="0" hai0="122,77,3,33,130,30,91,83,67,69,134,17,92" hai1="21,1,94,118,108,57,71,104,117,63,23,115,124" hai2="11,72,114,90,52,47,76,50,46,18,73,4,86" hai3="68,7,48,82,66,10,116,107,31,65,6,70,40"/><T28/><D122/><U24/><E104/><V80/><F114/><W123/><G116/><T110/><D3/><U125/><E1/><V49/><F76/><W43/><G107/><T127/><D134/><U58/><E71/><V97/><F97/><W54/><G123/><T19/><D130/><U61/><E94/><V113/><F113/><W8/><G31/><N who="0" m="11819" /><D33/><U74/><E74/><V25/><F25/><W112/><G112/><T87/><D69/><U56/><E115/><V101/><F101/><W13/><G82/><T121/><D121/><U5/><E5/><N who="3" m="1546" /><G70/><T22/><D127/><N who="1" m="48715" /><E108/><V88/><F90/><W27/><G27/><T129/><D129/><U119/><E23/><V89/><F89/><W44/><G8/><T60/><D110/><U100/><E100/><V0/><REACH who="2" step="1"/><F18/><AGARI ba="0,0" hai="18,21,24,56,57,58,61,63,117,118,119" m="48715" machi="18" ten="40,2600,0" yaku="18,1,52,1" doraHai="15" who="1" fromWho="2" sc="250,0,250,26,250,-26,250,0" /><INIT seed="1,0,0,1,5,132" ten="250,276,224,250" oya="1" hai0="68,58,12,6,98,120,24,3,128,50,87,93,37" hai1="130,2,104,116,105,41,51,75,102,40,30,64,10" hai2="89,11,43,131,79,16,129,118,1,88,86,9,80" hai3="21,133,71,76,7,107,4,135,114,20,109,113,33"/><U23/><E75/><V28/><F118/><W125/><G107/><T8/><D68/><U96/><E116/><V83/><F28/><W60/><G60/><T46/><D37/><U111/><E105/><V106/><F106/><W77/><G71/><T42/><D128/><N who="2" m="49226" /><F1/><W61/><G61/><T69/><D69/><U48/><E130/><V22/><F43/><W25/><G109/><T112/><D112/><U52/><E64/><V44/><F44/><W127/><G25/><T67/><D3/><U54/><E111/><V100/><F100/><W78/><G77/><T18/><D120/><U91/><E91/><N who="2" m="34891" /><F83/><W29/><G29/><T15/><D87/><U121/><E121/><V65/><F65/><W27/><G27/><AGARI ba="0,0" hai="9,11,16,22,27,79,80,86" m="34891,49226" machi="27" ten="30,3900,0" yaku="19,1,54,2" doraHai="132" who="2" fromWho="3" sc="250,0,276,0,224,39,250,-39" /><INIT seed="2,0,0,3,4,96" ten="250,276,263,211" oya="2" hai0="27,85,1,16,53,61,104,44,29,68,75,34,52" hai1="118,49,23,60,51,83,87,84,28,25,10,89,65" hai2="110,62,67,134,46,30,14,86,73,91,35,79,72" hai3="115,69,55,114,122,123,21,31,59,132,9,94,106"/><V129/><F134/><W64/><G106/><T56/><D75/><U33/><E118/><V108/><F129/><W39/><G9/><T48/><D1/><U111/><E111/><N who="2" m="42539" /><F46/><W100/><G21/><T58/><D104/><U42/><E33/><V4/><F79/><W125/><G31/><T102/><D68/><U63/><E10/><N who="2" m="4423" /><F30/><W117/><G94/><T18/><D58/><N who="1" m="37015" /><E63/><V103/><F103/><W38/><G100/><T15/><D102/><U119/><E119/><V105/><F105/><W80/><G117/><T120/><D120/><N who="3" m="46121" /><G132/><T77/><REACH who="0" step="1"/><D15/><REACH who="0" ten="240,276,263,211" step="2"/><U126/><E126/><V50/><F35/><W78/><G125/><T26/><D26/><U8/><E25/><V12/><F12/><W71/><G69/><T40/><D40/><U22/><E42/><V90/><F67/><W97/><G71/><T20/><D20/><U57/><E23/><V99/><F62/><W3/><G64/><T92/><D92/><U98/><E22/><V41/><F41/><W101/><G3/><T121/><D121/><U76/><E83/><AGARI ba="0,1" hai="16,18,27,29,34,44,48,52,53,56,61,77,83,85" machi="83" ten="40,8000,1" yaku="1,1,54,2,53,1" doraHai="96" doraHaiUra="54" who="0" fromWho="1" sc="240,90,276,-80,263,0,211,0" /><INIT seed="3,0,0,4,5,55" ten="330,196,263,211" oya="3" hai0="73,106,127,7,38,24,112,40,68,113,79,50,16" hai1="34,111,53,90,9,104,56,89,81,43,86,87,10" hai2="124,31,17,110,46,49,65,108,93,132,44,67,5" hai3="84,63,117,29,128,2,122,0,69,123,35,85,101"/><W41/><G117/><T99/><D68/><U57/><E111/><N who="2" m="42539" /><F124/><W92/><G41/><T131/><D127/><U114/><E114/><N who="0" m="44137" /><D131/><U125/><E104/><V78/><F132/><W37/><G85/><T18/><D38/><U118/><E125/><V120/><F78/><W74/><G92/><T39/><D39/><U6/><E34/><V134/><F120/><W129/><G63/><T103/><D7/><U47/><E118/><V97/><F134/><W15/><G101/><T22/><D50/><N who="1" m="27007" /><E6/><V11/><F31/><W91/><G15/><T59/><D40/><U115/><E115/><V28/><F28/><W100/><G29/><N who="0" m="17559" /><D59/><N who="1" m="22603" /><E53/><N who="2" m="29863" /><F46/><W133/><G133/><T70/><D70/><U13/><E13/><N who="2" m="7359" /><F5/><W33/><G69/><T105/><D105/><U77/><E77/><V66/><F66/><W1/><G123/><T54/><D54/><U36/><E36/><V26/><F26/><W62/><G37/><T83/><AGARI ba="0,0" hai="16,18,73,79,83,99,103,106" m="17559,44137" machi="83" ten="30,2000,0" yaku="11,1,54,1" doraHai="55" who="0" fromWho="0" sc="330,20,196,-5,263,-5,211,-10" owari="350,45.0,191,-31.0,258,6.0,201,-20.0" /></mjloggm>