<mjloggm ver="2.3"><GO type="225" lobby="0"/><UN n0="%E9%9D%92%E7%A9%BA%E7%89%87%E6%80%9D%E3%81%84" n1="%E7%B6%BE%E7%80%AC%E5%A5%88%E9%83%BD%E5%B8%8C" n2="%E5%B0%B1%E6%B4%BB%E7%94%9F%40%E5%B7%9D%E6%9D%91%E8%BB%8D%E5%9B%A3" n3="%E3%81%A4%E3%81%B0%E3%81%8D%E3%81%A1%30%33" dan="16,16,16,16" rate="2039.05,2078.91,2062.78,2164.01" sx="F,F,M,M"/><TAIKYOKU oya="0"/><INIT seed="0,0,0,5,0,46" ten="250,250,250,250" oya="0" hai0="51,98,57,120,115,0,110,118,32,87,19,77,5" hai1="89,44,126,79,96,36,41,100,134,71,18,55,109" hai2="82,94,129,107,125,105,72,29,2,91,23,104,102" hai3="26,3,13,40,119,75,81,50,60,35,93,70,97"/><T66/><D115/><U99/><E109/><V76/><F2/><W135/><G119/><T8/><D118/><U4/><E71/><V131/><F29/><W54/><G3/><T108/><D120/><U128/><E4/><V95/><F23/><W39/><G39/><T67/><D32/><U111/><E111/><N who="0" m="42537" /><D98/><U83/><E18/><V15/><F15/><W1/><G1/><T7/><D7/><U86/><E128/><N who="2" m="49227" /><F125/><W88/><G13/><T24/><D24/><U56/><E126/><V101/><F95/><W49/><G26/><T74/><D74/><U69/><E69/><V58/><F58/><N who="3" m="34903" /><G70/><T114/><D19/><U25/><E25/><V16/><F16/><W37/><G75/><T132/><D114/><U124/><E124/><V61/><F61/><W21/><G35/><T92/><D132/><U106/><E134/><V9/><F9/><W34/><G135/><T85/><D92/><U130/><E130/><V78/><F78/><W123/><G34/><T17/><D17/><U33/><E33/><V103/><F103/><N who="3" m="60847" /><G21/><T64/><D77/><U73/><E73/><V30/><F30/><W12/><G12/><T6/><D6/><U63/><E79/><V20/><F20/><W117/><G117/><T59/><D59/><U52/><E99/><AGARI ba="0,0" hai="72,76,82,91,94,99,101,102,104,105,107" m="49227" machi="99" ten="40,5200,0" yaku="19,1,34,2" doraHai="46" who="2" fromWho="1" sc="250,0,250,-52,250,52,250,0" /><INIT seed="1,0,0,2,4,117" ten="250,198,302,250" oya="1" hai0="124,72,103,83,13,69,48,97,70,61,14,35,1" hai1="17,123,85,19,63,82,32,62,23,132,87,64,10" hai2="111,44,51,112,4,114,116,130,108,41,39,15,33" hai3="2,11,90,126,22,95,45,0,100,7,67,89,125"/><U118/><E118/><V46/><F33/><W65/><G0/><T58/><D35/><U109/><E32/><V131/><F4/><W134/><G134/><T106/><D124/><N who="3" m="47721" /><G22/><T80/><D1/><U133/><E123/><V78/><F15/><W42/><G100/><T86/><D72/><U102/><E102/><V3/><F3/><W8/><G8/><T12/><D48/><U5/><E109/><N who="2" m="42059" /><F78/><W59/><G59/><T121/><D121/><U16/><E23/><V77/><F77/><W57/><G57/><T31/><D31/><U107/><E107/><V104/><F104/><W79/><G79/><T38/><D38/><U74/><E74/><V29/><F29/><W115/><G115/><N who="2" m="44073" /><F116/><W43/><G43/><AGARI ba="0,0" hai="39,41,43,44,46,51,130,131" m="44073,42059" machi="43" ten="40,8000,1" yaku="14,1,11,1,34,2" doraHai="117" who="2" fromWho="3" sc="250,0,198,0,302,80,250,-80" /><INIT seed="2,0,0,4,1,6" ten="250,198,382,170" oya="2" hai0="83,115,91,96,107,101,119,60,70,131,103,40,77" hai1="71,39,88,97,127,110,30,86,5,11,42,68,102" hai2="21,73,12,10,19,16,50,75,92,130,27,9,81" hai3="114,113,29,125,112,90,51,118,66,23,56,28,67"/><V22/><F130/><W109/><G118/><T61/><D115/><N who="3" m="29441" /><W129/><DORA hai="69" /><G109/><T132/><D119/><U38/><E110/><V117/><F117/><W1/><G1/><T78/><D131/><U126/><E30/><N who="3" m="11882" /><G129/><T93/><D132/><U18/><E18/><V35/><F75/><W8/><G23/><T26/><D70/><U122/><E42/><V20/><F73/><W32/><G32/><T104/><D104/><N who="1" m="63567" /><E68/><V124/><F35/><W33/><G33/><T95/><D107/><U120/><E71/><V54/><F124/><N who="1" m="47657" /><E11/><N who="2" m="4107" /><F81/><W63/><G125/><T4/><D83/><N who="1" m="49247" /><E5/><V36/><F36/><AGARI ba="0,0" hai="36,38,39,120,122" m="49247,47657,63567" machi="36" ten="30,8000,1" yaku="18,1,52,3,54,1" doraHai="6,69" who="1" fromWho="2" sc="250,0,198,80,382,-80,170,0" /><INIT seed="3,0,0,0,0,77" ten="250,278,302,170" oya="3" hai0="29,30,57,82,130,15,92,37,19,129,122,52,40" hai1="96,45,24,42,23,83,25,2,104,28,8,32,124" hai2="90,36,18,76,73,49,9,80,3,107,66,81,123" hai3="87,72,126,101,13,112,85,103,21,48,115,7,108"/><W65/><G72/><T51/><D122/><U134/><E134/><V46/><F107/><W79/><G126/><T33/><D33/><U11/><E124/><V71/><F36/><W62/><G108/><T132/><D132/><U86/><E2/><V41/><F123/><W0/><G0/><T109/><D109/><U64/><E64/><V118/><F118/><W91/><G48/><T38/><D92/><U84/><E96/><V119/><F119/><W70/><G112/><T20/><D82/><U131/><E104/><V78/><F90/><W98/><G115/><T68/><D68/><U102/><E102/><V53/><F71/><W44/><G44/><T47/><REACH who="0" step="1"/><D37/><REACH who="0" ten="240,278,302,170" step="2"/><U75/><E131/><AGARI ba="0,1" hai="15,19,20,29,30,38,40,47,51,52,57,129,130,131" machi="131" ten="40,12000,2" yaku="1,1,2,1,19,1,54,1,53,3" doraHai="77" doraHaiUra="125" who="0" fromWho="1" sc="240,130,278,-120,302,0,170,0" owari="370,47.0,158,-34.0,302,10.0,170,-23.0" /></mjloggm>