<mjloggm ver="2.3"><GO type="41" lobby="0"/><UN n0="%70%6F%6E%2D%65%6E" n1="%E3%81%84%E3%81%A6%E3%81%A4%E3%81%8F%E3%81%AF%E3%81%A9%E3%81%8A" n2="%E5%B0%B1%E6%B4%BB%E7%94%9F%40%E5%B7%9D%E6%9D%91%E8%BB%8D%E5%9B%A3" n3="%E4%BD%90%E5%9F%8E%E9%9B%AA%E7%BE%8E" dan="15,14,15,15" rate="2036.41,1939.77,2006.17,2000.84" sx="M,M,M,M"/><TAIKYOKU oya="0"/><INIT seed="0,0,0,1,1,46" ten="250,250,250,250" oya="0" hai0="39,10,92,53,87,45,72,25,51,123,88,14,95" hai1="126,69,42,112,59,93,18,130,80,29,86,76,15" hai2="133,107,71,5,32,122,96,100,9,4,114,12,41" hai3="78,52,35,109,81,113,75,102,21,125,48,40,60"/><T105/><D123/><U97/><E126/><V64/><F122/><W23/><G35/><T120/><D120/><U85/><E130/><V28/><F114/><W67/><G113/><T111/><D72/><U128/><E128/><V47/><F133/><W132/><G132/><T73/><D73/><U27/><E69/><V24/><F71/><W116/><G116/><T104/><D111/><U135/><E135/><V115/><F115/><W54/><G40/><T94/><D39/><U38/><E112/><V6/><REACH who="2" step="1"/><F64/><REACH who="2" ten="250,250,240,250" step="2"/><W56/><G125/><T0/><D0/><U119/><E119/><V26/><F26/><W83/><G109/><T30/><D25/><U33/><E27/><V31/><F31/><W65/><G67/><T101/><D30/><U3/><E29/><V108/><F108/><W55/><G65/><T43/><D43/><U79/><E42/><V118/><F118/><W77/><G55/><T89/><D101/><U36/><E33/><V17/><F17/><W110/><G102/><T49/><D49/><AGARI ba="0,1" hai="4,5,6,9,12,24,28,32,41,47,49,96,100,107" machi="49" ten="30,3900,0" yaku="1,1,7,1,52,1,53,0" doraHai="46" doraHaiUra="34" who="2" fromWho="0" sc="250,-39,250,0,240,49,250,0" /><INIT seed="1,0,0,1,3,98" ten="211,250,289,250" oya="1" hai0="53,77,52,4,125,102,130,64,131,54,121,28,6" hai1="103,100,9,73,76,61,70,21,10,50,134,110,117" hai2="104,2,124,91,55,26,13,78,93,85,96,67,49" hai3="0,38,95,123,17,41,42,90,19,33,14,36,15"/><U133/><E117/><V135/><F2/><W69/><G123/><T92/><D121/><U46/><E110/><V12/><F124/><W40/><G69/><T122/><D122/><U8/><E21/><V57/><F135/><N who="1" m="51721" /><E76/><V82/><F67/><W128/><G33/><T3/><D125/><U115/><E115/><V118/><F118/><W80/><G80/><T24/><D77/><U23/><E73/><V116/><F116/><W45/><G128/><N who="0" m="49195" /><D3/><U68/><E23/><V120/><F120/><W51/><G0/><T108/><D64/><N who="1" m="40975" /><E70/><V112/><F112/><W58/><G58/><T111/><D92/><U79/><E79/><V89/><F26/><W99/><G38/><T43/><D43/><AGARI ba="0,0" hai="8,9,10,43,46,50,100,103" m="40975,51721" machi="43" ten="30,5800,0" yaku="20,1,52,2" doraHai="98" who="1" fromWho="0" sc="211,-58,250,58,289,0,250,0" /><INIT seed="1,1,0,0,0,42" ten="153,308,289,250" oya="1" hai0="107,128,39,20,99,24,53,114,88,15,124,78,100" hai1="50,18,47,112,6,14,49,9,65,120,74,113,80" hai2="59,12,21,75,126,54,36,34,103,135,38,115,101" hai3="82,27,90,57,73,69,28,116,1,40,66,110,55"/><U23/><E120/><V81/><F34/><W48/><G1/><T68/><D114/><U94/><E50/><V33/><F33/><W44/><G116/><T108/><D68/><U119/><E119/><V17/><F115/><W31/><G110/><T35/><D35/><U130/><E130/><V127/><F135/><W97/><G73/><T89/><D78/><U64/><E112/><V109/><F109/><W122/><G122/><T11/><D39/><N who="2" m="14890" /><F81/><W104/><G104/><T16/><D108/><U29/><E29/><V134/><F75/><W93/><G82/><T84/><D124/><N who="2" m="47658" /><F134/><W111/><G111/><T95/><D128/><U77/><E113/><V79/><F79/><W118/><G118/><T129/><D129/><U87/><E74/><V26/><F12/><W76/><G76/><T105/><D53/><N who="1" m="29887" /><E94/><V117/><F117/><W96/><G96/><T7/><REACH who="0" step="1"/><D89/><REACH who="0" ten="143,308,289,250" step="2"/><U32/><E32/><V45/><F45/><W131/><G131/><T72/><D72/><U71/><E71/><V4/><F4/><W3/><G69/><T46/><D46/><U83/><E83/><AGARI ba="1,1" hai="7,11,15,16,20,24,83,84,88,95,99,100,105,107" machi="83" ten="30,7700,0" yaku="1,1,7,1,54,2,53,0" doraHai="42" doraHaiUra="62" who="0" fromWho="1" sc="143,90,308,-80,289,0,250,0" /><INIT seed="2,0,0,4,2,30" ten="233,228,289,250" oya="2" hai0="94,52,68,20,109,75,113,54,123,117,28,119,69" hai1="81,63,48,17,110,98,126,38,3,92,111,85,64" hai2="27,46,16,51,70,24,55,57,10,76,4,133,60" hai3="93,105,56,132,50,42,11,96,124,74,89,135,120"/><V116/><F116/><N who="0" m="44618" /><D113/><U77/><E38/><V134/><F70/><N who="0" m="27242" /><D123/><U65/><E3/><V29/><F76/><W35/><G120/><T1/><D109/><N who="1" m="41483" /><E48/><V87/><F87/><W12/><G74/><T19/><D75/><U25/><E126/><V88/><F88/><W23/><G105/><T32/><D1/><U115/><E63/><V66/><F16/><W61/><G124/><T118/><N who="0" m="44626" /><T41/><DORA hai="6" /><D41/><U40/><E40/><V9/><F4/><W97/><G42/><T91/><D32/><U34/><E115/><V18/><F18/><W122/><G35/><T104/><D28/><N who="1" m="19727" /><E17/><V0/><F27/><W37/><G122/><T21/><D104/><U2/><E2/><V47/><F47/><W72/><G72/><T36/><D36/><U128/><E65/><V62/><F62/><W45/><G37/><T103/><D103/><U22/><E64/><V107/><F0/><W84/><G61/><T73/><D73/><U71/><E71/><V31/><F31/><W15/><G45/><T106/><D106/><U79/><E79/><V127/><F127/><W95/><G56/><T59/><D59/><U58/><E58/><V13/><F107/><W112/><G112/><T33/><D33/><U121/><E121/><V102/><F102/><W83/><G50/><T44/><D44/><U53/><E77/><V78/><F78/><W26/><G97/><N who="0" m="57567" /><D20/><U101/><E22/><N who="2" m="15511" /><F13/><AGARI ba="0,0" hai="13,19,21,52,54" m="57567,27242,44626" machi="13" ten="40,2600,0" yaku="12,1,54,1" doraHai="30,6" who="0" fromWho="2" sc="233,26,228,0,289,-26,250,0" /><INIT seed="3,0,0,1,0,108" ten="259,228,263,250" oya="3" hai0="7,71,44,95,72,54,85,67,117,84,129,93,23" hai1="118,1,119,122,103,131,20,13,88,25,86,60,79" hai2="66,76,41,126,52,91,68,100,134,57,33,5,45" hai3="10,39,135,92,75,73,43,4,38,127,22,101,50"/><W35/><G35/><T107/><D72/><U111/><E122/><V0/><F33/><W37/><G135/><T51/><D107/><U29/><E111/><V3/><F134/><W6/><G127/><T125/><D117/><U28/><E131/><V128/><F126/><W12/><G4/><T46/><D125/><U80/><E1/><V78/><F128/><W19/><G43/><T116/><D116/><N who="1" m="44587" /><E103/><V59/><F100/><W48/><G101/><T130/><D7/><U89/><E29/><V96/><F59/><W114/><G114/><T105/><D105/><U15/><E60/><N who="2" m="40007" /><F91/><AGARI ba="0,0" hai="13,15,20,25,28,79,80,86,88,89,91" m="44587" machi="91" ten="30,2000,0" yaku="12,1,54,1" doraHai="108" who="1" fromWho="2" sc="259,0,228,20,263,-20,250,0" /><INIT seed="4,0,0,1,5,91" ten="259,248,243,250" oya="0" hai0="85,107,55,67,8,105,76,2,65,112,31,12,123" hai1="70,32,53,96,109,125,43,38,103,108,130,47,134" hai2="128,54,121,131,88,126,3,16,7,78,46,48,27" hai3="84,36,21,33,52,87,114,5,92,97,29,17,50"/><T51/><D2/><U101/><E125/><V90/><F121/><W119/><G36/><T80/><D123/><U117/><E117/><V110/><F126/><W13/><G119/><T72/><D112/><U120/><E120/><V4/><F110/><W15/><G114/><T94/><D31/><U20/><E103/><V82/><F3/><W11/><G29/><T62/><D72/><U73/><E20/><N who="2" m="13703" /><F7/><W24/><G24/><T28/><D28/><U42/><E42/><V99/><F99/><W115/><G33/><T124/><D124/><U77/><E32/><V19/><F19/><W129/><G129/><N who="2" m="49737" /><F4/><W75/><G75/><AGARI ba="0,0" hai="46,48,54,75,78,82,88,90" m="49737,13703" machi="75" ten="30,3900,0" yaku="19,1,54,2" doraHai="91" who="2" fromWho="3" sc="259,0,248,0,243,39,250,-39" /><INIT seed="5,0,0,5,3,130" ten="259,248,282,211" oya="1" hai0="12,14,41,25,1,92,128,77,124,44,60,24,132" hai1="4,18,23,134,43,28,48,91,96,67,113,27,61" hai2="31,100,32,94,111,116,93,97,114,54,8,22,0" hai3="72,10,59,115,127,62,70,68,102,39,63,99,75"/><U78/><E113/><V55/><F111/><W38/><G115/><T2/><D92/><U11/><E78/><V30/><F32/><W107/><G127/><T90/><D60/><U80/><E28/><V82/><F116/><W17/><G17/><T125/><D90/><U16/><E18/><V15/><F114/><W35/><G10/><T83/><D14/><U52/><E43/><V129/><F0/><N who="0" m="106" /><D12/><U9/><E4/><V69/><F69/><W104/><G35/><T5/><D5/><U74/><E74/><V40/><F40/><W7/><G7/><T33/><D128/><U71/><E96/><N who="2" m="59407" /><F82/><W126/><G126/><N who="0" m="48747" /><D132/><U118/><E134/><V117/><F117/><W121/><G121/><T109/><D109/><U120/><E120/><V105/><F105/><W86/><G86/><N who="0" m="48495" /><D33/><U42/><E118/><V56/><F22/><W112/><G112/><T79/><D79/><U3/><E3/><V108/><F108/><W65/><G59/><T98/><D98/><U19/><E42/><V122/><F122/><W84/><G84/><T50/><AGARI ba="0,0" hai="24,25,41,44,50" m="48495,48747,106" machi="50" ten="30,1100,0" yaku="18,1" doraHai="130" who="0" fromWho="0" sc="259,11,248,-5,282,-3,211,-3" /><INIT seed="6,0,0,0,4,37" ten="270,243,279,208" oya="2" hai0="84,14,51,104,20,125,121,102,16,74,1,68,79" hai1="42,28,103,56,30,130,59,9,47,26,83,57,5" hai2="116,72,107,95,53,69,18,75,70,39,126,86,63" hai3="36,91,76,133,33,35,123,22,21,77,66,88,127"/><V87/><F107/><W45/><G123/><T34/><D121/><U67/><E130/><V110/><F116/><W32/><G66/><T93/><D125/><U12/><E103/><V115/><F39/><W15/><G127/><T105/><D68/><U54/><E67/><V120/><F120/><W13/><G133/><T38/><D38/><U64/><E64/><V40/><F40/><W81/><G36/><T78/><D74/><U27/><E83/><V128/><F126/><W17/><G45/><T8/><D34/><U96/><E96/><V108/><F18/><W135/><G135/><T48/><D104/><U49/><REACH who="1" step="1"/><E54/><REACH who="1" ten="270,233,279,208" step="2"/><V132/><F53/><W89/><REACH who="3" step="1"/><G81/><REACH who="3" ten="270,233,279,198" step="2"/><T25/><D105/><U114/><E114/><V99/><F132/><W41/><G41/><T61/><D79/><U10/><E10/><V3/><F70/><W65/><G65/><T98/><D78/><U4/><E4/><V52/><F69/><W80/><G80/><T92/><D8/><U119/><E119/><V134/><F115/><W24/><G24/><AGARI ba="0,2" hai="5,9,12,24,26,27,28,30,42,47,49,56,57,59" machi="24" ten="40,5200,0" yaku="1,1,8,1,52,1,53,0" doraHai="37" doraHaiUra="60" who="1" fromWho="3" sc="270,0,233,72,279,0,198,-52" /><INIT seed="7,0,0,1,4,96" ten="270,305,279,146" oya="3" hai0="38,13,20,109,55,24,47,129,52,37,95,35,92" hai1="84,23,63,82,77,69,7,115,32,28,72,104,18" hai2="43,11,3,58,67,40,100,50,130,91,125,25,132" hai3="107,73,87,110,118,54,48,127,71,36,90,74,114"/><W45/><G118/><T34/><D109/><U126/><E104/><V97/><F125/><W33/><G127/><T124/><D124/><U78/><E126/><V22/><F130/><W21/><G114/><T51/><D129/><U117/><E7/><V29/><F132/><W108/><G33/><T112/><D112/><U57/><E115/><V88/><F3/><W27/><G107/><T120/><D120/><U19/><E69/><V17/><F11/><W105/><G105/><T103/><D55/><N who="1" m="34239" /><E32/><V44/><F17/><N who="1" m="6153" /><E72/><V5/><F43/><W99/><G99/><T113/><D13/><U93/><E117/><V131/><F5/><W59/><G71/><T116/><D116/><U14/><E93/><N who="2" m="58415" /><F131/><W106/><G106/><T119/><D103/><U31/><E14/><V111/><F111/><N who="3" m="42539" /><G36/><T62/><D38/><U128/><E128/><V89/><F58/><W121/><G59/><N who="0" m="35175" /><D37/><U86/><E23/><V66/><AGARI ba="0,0" hai="22,25,29,40,44,50,66,67,88,89,91" m="58415" machi="66" ten="30,4000,0" yaku="8,1,52,1,54,1" doraHai="96" who="2" fromWho="2" sc="270,-10,305,-10,279,40,146,-20" owari="260,-14.0,295,10.0,319,41.0,126,-37.0" /></mjloggm>