<mjloggm ver="2.3"><GO type="97" lobby="0"/><UN n0="%53%55%49%4B%41" n1="%E3%82%86%E3%81%B9%E3%81%97" n2="%6A%61%6E%67%61" n3="%E5%B0%B1%E6%B4%BB%E7%94%9F%40%E5%B7%9D%E6%9D%91%E8%BB%8D%E5%9B%A3" dan="13,15,14,15" rate="1877.42,1958.87,1958.02,2003.37" sx="M,F,M,M"/><TAIKYOKU oya="0"/><INIT seed="0,0,0,4,2,68" ten="250,250,250,250" oya="0" hai0="100,11,45,69,132,134,81,87,21,77,108,50,117" hai1="130,37,103,7,135,42,97,32,39,14,113,63,74" hai2="59,123,114,105,57,80,65,34,60,44,78,55,31" hai3="38,91,88,53,106,75,66,79,27,24,16,12,83"/><T8/><D117/><U64/><E32/><V62/><F105/><W15/><G106/><T58/><D69/><U20/><E74/><V26/><F114/><W0/><G0/><T90/><D100/><U52/><E42/><V102/><F102/><W25/><G38/><T109/><D21/><U28/><E113/><V76/><F123/><W56/><G66/><T18/><D58/><U41/><E41/><V48/><REACH who="2" step="1"/><F80/><REACH who="2" ten="250,250,240,250" step="2"/><W46/><G46/><T47/><D18/><U112/><E112/><V111/><F111/><N who="0" m="42570" /><D77/><U98/><E103/><V96/><F96/><W131/><G131/><T71/><D71/><U61/><E98/><V107/><F107/><W73/><G73/><T82/><D82/><U84/><E97/><V85/><F85/><W33/><G33/><T126/><D126/><U2/><E84/><V116/><F116/><W1/><G1/><T70/><D70/><U30/><E130/><V125/><F125/><W67/><G83/><T93/><D81/><U36/><E2/><V118/><F118/><W92/><G75/><T104/><D104/><U129/><E129/><V127/><F127/><W95/><G79/><T23/><D23/><U122/><E20/><V110/><F110/><W9/><G92/><T72/><D72/><U19/><E122/><V6/><F6/><N who="3" m="3127" /><G95/><T86/><D86/><U121/><E7/><V43/><AGARI ba="0,1" hai="26,31,34,43,44,48,55,57,59,60,62,65,76,78" machi="43" ten="20,2700,0" yaku="1,1,0,1,7,1,53,0" doraHai="68" doraHaiUra="13" who="2" fromWho="2" sc="250,-13,250,-7,240,37,250,-7" /><INIT seed="1,0,0,2,0,109" ten="237,243,277,243" oya="1" hai0="15,60,47,79,10,12,117,118,54,35,125,57,68" hai1="17,9,98,72,51,43,91,122,78,26,106,129,126" hai2="28,59,100,97,31,131,56,84,37,45,69,66,0" hai3="70,102,8,116,34,3,39,11,44,2,123,128,132"/><U61/><E122/><V83/><F0/><W27/><G70/><T87/><D125/><U36/><E126/><V23/><F131/><W104/><G104/><T53/><D35/><U16/><E129/><V71/><F71/><W55/><G128/><T89/><D79/><U73/><E36/><V80/><F69/><W88/><G102/><T48/><D68/><U42/><E61/><V21/><F66/><W95/><G123/><T14/><D118/><U107/><E78/><V81/><F84/><W4/><G116/><T25/><D25/><U62/><E62/><V6/><F6/><W77/><G77/><T7/><D117/><U108/><E26/><V49/><F37/><W20/><G132/><T94/><AGARI ba="0,0" hai="7,10,12,14,15,47,48,53,54,57,60,87,89,94" machi="94" ten="20,2700,0" yaku="0,1,7,1,8,1" doraHai="109" who="0" fromWho="0" sc="237,27,243,-13,277,-7,243,-7" /><INIT seed="2,0,0,4,2,39" ten="264,230,270,236" oya="2" hai0="100,104,127,75,80,134,86,8,78,24,53,10,3" hai1="29,95,18,64,0,68,4,35,135,52,91,42,38" hai2="47,45,57,16,106,119,60,25,7,96,133,107,69" hai3="22,15,121,14,48,125,37,5,98,30,44,33,111"/><V126/><F119/><W76/><G33/><T6/><D134/><U128/><E18/><V51/><F69/><W115/><G121/><T102/><D127/><U55/><E135/><V113/><F133/><W9/><G37/><T83/><D104/><U109/><E109/><V85/><F7/><W19/><G111/><T21/><D10/><U103/><E103/><V122/><F96/><W72/><G115/><T17/><REACH who="0" step="1"/><D53/><REACH who="0" ten="254,230,270,236" step="2"/><U27/><E128/><V77/><F107/><W43/><G125/><T92/><D92/><U67/><E67/><N who="2" m="39311" /><F106/><W132/><G132/><T49/><D49/><U99/><E0/><V66/><F66/><W1/><G98/><T54/><D54/><U71/><E4/><V59/><F122/><W84/><G72/><T2/><D2/><U94/><E94/><V20/><F113/><W87/><G1/><T58/><D58/><U93/><E93/><V88/><F126/><W129/><G129/><T79/><AGARI ba="0,1" hai="3,6,8,17,21,24,75,78,79,80,83,86,100,102" machi="79" ten="20,8000,1" yaku="1,1,0,1,7,1,53,2" doraHai="39" doraHaiUra="73" who="0" fromWho="0" sc="254,90,230,-20,270,-40,236,-20" /><INIT seed="3,0,0,1,1,15" ten="344,210,230,216" oya="3" hai0="67,20,117,60,100,8,47,73,121,120,114,49,72" hai1="102,89,82,122,110,80,62,88,68,129,44,32,52" hai2="126,85,69,134,66,108,17,74,43,39,34,116,76" hai3="2,41,13,56,105,124,125,65,21,109,36,9,33"/><W40/><G105/><T94/><D8/><U26/><E122/><V90/><F116/><W35/><G2/><T58/><D73/><U104/><E110/><V16/><F34/><N who="3" m="12811" /><G36/><T93/><D117/><U91/><E129/><V63/><F108/><W128/><G128/><T84/><D72/><U53/><E102/><V92/><F126/><N who="3" m="48747" /><G109/><T28/><D84/><U118/><E104/><V127/><F127/><W98/><G98/><N who="0" m="59471" /><D94/><U42/><E118/><V24/><F24/><W113/><G113/><T57/><D57/><U22/><E32/><V77/><F134/><W111/><G21/><T115/><D115/><U130/><E130/><V96/><F96/><W133/><G133/><T50/><D114/><U4/><E4/><V19/><REACH who="2" step="1"/><F74/><REACH who="2" ten="344,210,220,216" step="2"/><W107/><G111/><T123/><D123/><U132/><E132/><V70/><F70/><W0/><G107/><T79/><D121/><U46/><E68/><V64/><F64/><W14/><G0/><T25/><D120/><U18/><E82/><V12/><F12/><N who="3" m="4715" /><G9/><T135/><D135/><U37/><E80/><V5/><F5/><W6/><G6/><T101/><D101/><U61/><E53/><V103/><F103/><W99/><G99/><T1/><D1/><U7/><E7/><V27/><F27/><W48/><G65/><T106/><D106/><U3/><E3/><V83/><F83/><W45/><G56/><T87/><D79/><U112/><E112/><V59/><F59/><W29/><G29/><T30/><D47/><AGARI ba="0,1" hai="16,17,19,39,43,47,63,66,69,76,77,85,90,92" machi="47" ten="40,12000,2" yaku="1,1,52,3,54,1,53,2" doraHai="15" doraHaiUra="75" who="2" fromWho="0" sc="344,-120,210,0,220,130,216,0" owari="224,2.0,210,-29.0,350,45.0,216,-18.0" /></mjloggm>