<mjloggm ver="2.3"><GO type="169" lobby="0"/><UN n0="%E3%83%A8%E3%82%B3%E3%83%A8%E3%82%B3" n1="%E3%82%A6%E3%83%AB%E3%83%88%E3%83%A9%E7%AB%8B%E7%9B%B4" n2="%28%E3%80%8C%E3%83%BB%60%CF%89%E3%83%BB%29%E3%80%8C" n3="%53%48%49%53%55%4B%45" dan="16,17,18,16" rate="2064.33,2121.13,2193.55,2056.58" sx="M,M,M,M"/><TAIKYOKU oya="0"/><INIT seed="0,0,0,2,0,99" ten="250,250,250,250" oya="0" hai0="40,86,38,45,68,109,14,11,108,94,28,12,19" hai1="105,125,70,16,3,39,31,107,64,71,35,25,123" hai2="124,27,115,85,79,111,17,57,52,7,51,89,77" hai3="0,29,60,72,122,95,65,18,6,24,63,44,81"/><T8/><D68/><U66/><E123/><V49/><F115/><W47/><G122/><T120/><D28/><U130/><E16/><V116/><F111/><N who="0" m="42570" /><D120/><U42/><E66/><V73/><F73/><W26/><G0/><T2/><D2/><U131/><E3/><V5/><F124/><W113/><G113/><T13/><D19/><U84/><E84/><V46/><F116/><W50/><G6/><N who="2" m="2057" /><F17/><W58/><G18/><T30/><D30/><U69/><E64/><V129/><F27/><W98/><G24/><T67/><D67/><U34/><E125/><V9/><F9/><W126/><G126/><T119/><D119/><U118/><E118/><V92/><F129/><N who="1" m="49161" /><E34/><V59/><F59/><W62/><G81/><T20/><D20/><U36/><E42/><AGARI ba="0,0" hai="42,46,49,51,52,57,77,79,85,89,92" m="2057" machi="42" ten="30,2000,0" yaku="8,1,54,1" doraHai="99" who="2" fromWho="1" sc="250,0,250,-20,250,20,250,0" /><INIT seed="1,0,0,1,2,88" ten="250,230,270,250" oya="1" hai0="48,20,35,70,125,110,2,4,82,22,90,73,41" hai1="103,32,132,27,7,84,116,18,43,135,134,39,113" hai2="6,106,83,29,87,131,102,11,81,50,61,112,115" hai3="114,40,36,71,28,57,130,63,129,31,91,30,66"/><U77/><E116/><V100/><F29/><W64/><G114/><N who="2" m="43561" /><F106/><W121/><G121/><T1/><D70/><U98/><E113/><V13/><F131/><N who="3" m="50187" /><G91/><T93/><D35/><U10/><E43/><V46/><F61/><N who="3" m="37935" /><G40/><T59/><D110/><U8/><E39/><AGARI ba="0,0" hai="28,30,31,36,39,63,66,71" m="37935,50187" machi="39" ten="30,1000,0" yaku="19,1" doraHai="88" who="3" fromWho="1" sc="250,0,230,-10,270,0,250,10" /><INIT seed="2,0,0,2,1,42" ten="250,220,270,260" oya="2" hai0="11,76,30,98,13,24,135,125,45,113,21,50,1" hai1="27,132,59,22,52,105,93,48,0,106,128,118,111" hai2="57,61,2,28,101,90,9,6,53,83,41,36,95" hai3="112,124,120,134,81,5,91,43,99,3,129,71,14"/><V119/><F119/><W117/><G117/><T85/><D1/><U58/><E118/><V92/><F28/><W131/><G71/><T70/><D70/><U87/><E111/><V51/><F101/><W38/><G120/><T49/><D125/><U78/><E128/><N who="3" m="49226" /><G14/><T54/><D135/><U123/><E132/><V16/><F61/><W72/><G134/><T63/><D113/><U7/><E123/><V73/><F90/><W15/><G15/><T77/><D63/><U62/><E7/><V114/><F114/><W96/><G124/><T33/><D33/><U4/><E4/><V115/><F115/><W66/><G66/><T39/><D39/><U110/><E0/><V56/><F56/><W31/><G31/><T74/><D74/><U20/><E110/><V32/><F32/><W60/><G60/><T126/><D126/><U23/><E27/><V116/><F16/><W127/><G127/><T47/><D98/><U64/><REACH who="1" step="1"/><E93/><REACH who="1" ten="250,210,270,260" step="2"/><V104/><F116/><W75/><G112/><T18/><REACH who="0" step="1"/><D85/><REACH who="0" ten="240,210,270,260" step="2"/><U89/><E89/><V55/><F2/><W121/><G121/><T84/><D84/><U130/><E130/><V102/><F73/><W94/><G3/><T65/><D65/><U109/><E109/><V29/><F95/><N who="3" m="56447" /><G75/><T69/><D69/><U34/><E34/><V67/><F67/><W86/><G72/><T97/><D97/><U19/><E19/><V82/><F92/><W46/><G5/><T133/><D133/><U25/><E25/><V12/><F6/><W108/><G108/><T122/><D122/><U79/><E79/><V80/><F12/><RYUUKYOKU ba="0,2" sc="240,15,210,15,270,-15,260,-15" hai0="11,13,18,21,24,30,45,47,49,50,54,76,77" hai1="20,22,23,48,52,58,59,62,64,78,87,105,106" /><INIT seed="3,1,2,3,0,17" ten="255,225,255,245" oya="3" hai0="114,27,63,57,34,9,54,123,133,10,135,116,79" hai1="20,80,37,56,6,26,104,45,47,1,101,76,71" hai2="99,69,40,70,111,52,8,87,22,77,55,125,18" hai3="4,100,73,67,16,43,53,29,119,59,38,13,2"/><W32/><G119/><T21/><D34/><U39/><E71/><V85/><F40/><W109/><G73/><T108/><D123/><U102/><E1/><V121/><F121/><W28/><G109/><T25/><D108/><U75/><E6/><V48/><F111/><W74/><G74/><T134/><D114/><U41/><E104/><V112/><F112/><W51/><G100/><T66/><D116/><U49/><E56/><V90/><F8/><N who="0" m="3178" /><D79/><U107/><E107/><V130/><F55/><W132/><G132/><T127/><D127/><U60/><E60/><V113/><F125/><W61/><G4/><T3/><D3/><U14/><E14/><V64/><F113/><W89/><G2/><T30/><D25/><U65/><E65/><AGARI ba="1,2" hai="21,27,30,54,57,63,65,66,133,134,135" m="3178" machi="65" ten="40,2600,0" yaku="20,1,52,1" doraHai="17" who="0" fromWho="1" sc="255,49,225,-29,255,0,245,0" /><INIT seed="4,0,0,2,3,111" ten="304,196,255,245" oya="0" hai0="90,0,103,127,19,135,77,113,96,104,59,123,34" hai1="125,130,32,31,69,41,23,55,95,5,112,118,128" hai2="3,10,115,79,81,40,109,84,47,124,106,63,15" hai3="117,28,131,49,83,94,56,52,68,22,35,100,11"/><T30/><D123/><U29/><E118/><V73/><F109/><W101/><G117/><T65/><D0/><U102/><E69/><V6/><F84/><W64/><G131/><N who="1" m="50218" /><E32/><V58/><F106/><W89/><G35/><T62/><D77/><U110/><E110/><V33/><F33/><W50/><G64/><T17/><D127/><U114/><E125/><V1/><F124/><W44/><G68/><T13/><D135/><U57/><E41/><V71/><F71/><W25/><G83/><T51/><D90/><U132/><E5/><V133/><F133/><W53/><REACH who="3" step="1"/><G11/><REACH who="3" ten="304,196,255,235" step="2"/><T91/><D65/><U129/><E129/><V38/><F115/><N who="1" m="44073" /><E132/><V82/><F82/><W134/><G134/><T27/><D113/><U93/><E23/><V36/><F36/><W74/><G74/><T60/><D34/><U87/><E102/><V48/><F38/><W107/><G107/><T16/><D103/><U70/><E70/><V20/><F20/><W12/><G12/><T122/><D13/><U67/><E67/><AGARI ba="0,1" hai="1,3,6,10,15,40,47,48,58,63,67,73,79,81" machi="67" ten="30,1000,0" yaku="7,1" doraHai="111" who="2" fromWho="1" sc="304,0,196,-10,255,20,235,0" /><INIT seed="5,0,0,0,4,28" ten="304,186,275,235" oya="1" hai0="62,49,67,47,9,100,106,29,30,87,105,71,115" hai1="11,94,64,66,121,43,14,79,114,90,26,38,5" hai2="108,116,134,44,125,48,40,83,109,4,133,68,92" hai3="2,89,65,70,82,103,7,113,51,107,131,17,124"/><U123/><E114/><V120/><F4/><W50/><G113/><T102/><D115/><U96/><E79/><V42/><F83/><W52/><G131/><T1/><D87/><U20/><E38/><V122/><F92/><W46/><G124/><T18/><D102/><U12/><E43/><N who="2" m="24607" /><F125/><W41/><G7/><T98/><D105/><U0/><E0/><V8/><F8/><W97/><G2/><T85/><D85/><U112/><E112/><V32/><F32/><W15/><G82/><T19/><D1/><U57/><E14/><V23/><F23/><W110/><G89/><T80/><D80/><U75/><E75/><V77/><F77/><W72/><G72/><T95/><D106/><U76/><E76/><V74/><F74/><W39/><G110/><N who="2" m="42601" /><F68/><W135/><G135/><N who="2" m="51721" /><F116/><W127/><G127/><T25/><D9/><U36/><E20/><V111/><N who="2" m="42609" /><V63/><DORA hai="91" /><F63/><W22/><G70/><T99/><D98/><U132/><E132/><V54/><F54/><W33/><G33/><T81/><D81/><U130/><E96/><V129/><F129/><W6/><G6/><T10/><D10/><U88/><E130/><V59/><F59/><W93/><G107/><T56/><D71/><U45/><E57/><V73/><F73/><W104/><G104/><T128/><D128/><U27/><E94/><V58/><F58/><N who="3" m="33047" /><G39/><T101/><D29/><U3/><E3/><V78/><F78/><W34/><G34/><N who="0" m="20815" /><D101/><U37/><E37/><V84/><F84/><W117/><G117/><T55/><D100/><U86/><E5/><V61/><F61/><RYUUKYOKU ba="0,0" sc="304,10,186,-30,275,10,235,10" hai0="18,19,47,49,55,56,62,67,95,99" hai2="40,42,120,122" hai3="15,17,22,41,46,51,65,93,97,103" /><INIT seed="6,1,0,5,2,86" ten="314,156,285,245" oya="2" hai0="126,33,82,124,2,56,50,80,81,6,90,77,70" hai1="46,92,84,67,102,130,24,93,62,76,59,39,31" hai2="85,43,36,14,53,128,57,121,4,97,48,112,132" hai3="119,118,113,8,40,69,7,114,134,34,16,110,89"/><V51/><F121/><W123/><G69/><T71/><D33/><U9/><E130/><V91/><F128/><W74/><G74/><T72/><D72/><U98/><E9/><N who="2" m="4391" /><F36/><W100/><G100/><T109/><D77/><U120/><E120/><V107/><F107/><W129/><G129/><T131/><D109/><U22/><E92/><N who="2" m="56479" /><F112/><N who="3" m="43115" /><G123/><T26/><D131/><U104/><E104/><V0/><F0/><N who="3" m="103" /><G110/><T28/><D6/><U111/><E111/><V75/><F75/><W103/><G103/><T116/><D116/><N who="3" m="44585" /><G34/><T25/><D71/><U127/><E127/><V20/><F132/><W94/><G134/><T73/><D70/><U83/><E39/><V45/><F20/><W61/><G40/><T19/><D73/><U122/><REACH who="1" step="1"/><E122/><REACH who="1" ten="314,146,285,245" step="2"/><V3/><F3/><W135/><G135/><T55/><D2/><U133/><E133/><V54/><F43/><W10/><G61/><T95/><D124/><U47/><AGARI ba="1,1" hai="22,24,31,46,47,59,62,67,76,83,84,93,98,102" machi="47" ten="30,12000,2" yaku="1,1,0,1,25,2,8,1,53,1" doraHai="86" doraHaiUra="63" who="1" fromWho="1" sc="314,-31,146,133,285,-61,245,-31" /><INIT seed="7,0,0,4,3,63" ten="283,279,224,214" oya="3" hai0="104,62,68,86,123,14,24,71,25,57,80,30,85" hai1="18,82,56,20,129,5,72,131,19,59,43,55,12" hai2="89,116,6,126,127,4,50,17,7,113,1,119,10" hai3="84,69,9,16,45,132,128,61,13,31,92,135,66"/><W130/><G31/><T118/><D104/><U79/><E43/><V39/><F39/><W35/><G35/><T41/><D123/><U37/><E37/><V0/><F50/><W78/><G45/><T70/><D118/><U23/><E5/><N who="2" m="2155" /><F89/><N who="3" m="53287" /><G78/><T2/><D2/><N who="2" m="1130" /><F113/><W121/><G121/><T122/><D122/><U103/><E103/><V53/><N who="2" m="2163" /><V76/><DORA hai="21" /><F76/><W51/><G51/><T8/><D41/><U49/><REACH who="1" step="1"/><E56/><REACH who="1" ten="283,269,224,214" step="2"/><V40/><F40/><W134/><AGARI ba="0,1" hai="9,13,16,61,66,69,128,130,132,134,135" m="53287" machi="134" ten="40,7800,0" yaku="20,1,52,1,54,1" doraHai="63,21" who="3" fromWho="3" sc="283,-26,269,-26,224,-26,214,88" owari="257,6.0,243,-16.0,198,-30.0,302,40.0" /></mjloggm>