<mjloggm ver="2.3"><GO type="169" lobby="0"/><UN n0="%E3%81%8D%E3%81%BF%E3%81%9F%E3%81%BE%E3%81%94" n1="%E3%82%A6%E3%83%AB%E3%83%88%E3%83%A9%E7%AB%8B%E7%9B%B4" n2="%E3%81%84%E3%81%AE%E3%81%91%E3%82%93" n3="%E3%82%AF%E3%83%AD%E3%83%8E%E3%82%B9%40" dan="16,17,16,18" rate="2060.80,2106.16,2128.07,2252.85" sx="M,M,F,M"/><TAIKYOKU oya="0"/><INIT seed="0,0,0,5,0,20" ten="250,250,250,250" oya="0" hai0="27,36,103,84,72,89,97,62,48,129,9,73,47" hai1="34,92,18,117,95,52,109,11,43,22,122,46,96" hai2="51,121,28,14,61,118,132,111,107,79,23,29,127" hai3="50,91,131,10,58,60,0,119,2,83,15,38,110"/><T63/><D36/><U55/><E34/><V53/><F121/><W94/><G38/><T41/><D129/><U66/><E109/><V80/><F111/><W134/><G110/><T88/><D9/><U39/><E117/><V3/><F3/><W99/><G134/><T130/><D130/><U26/><E122/><V5/><F132/><W24/><G119/><T133/><D133/><U123/><E123/><V30/><F118/><W113/><G113/><T102/><D72/><U57/><E92/><V69/><F107/><W75/><G131/><T54/><D73/><U65/><E11/><V6/><F127/><W105/><G105/><T70/><D70/><U12/><E12/><V35/><F35/><W37/><G37/><T90/><D84/><U115/><E115/><V31/><F61/><N who="0" m="23050" /><D97/><U104/><E104/><V44/><F69/><W1/><G50/><N who="0" m="26991" /><D27/><U32/><E32/><V135/><F135/><W4/><G24/><T85/><D85/><U17/><E17/><V120/><F120/><W78/><REACH who="3" step="1"/><G0/><REACH who="3" ten="250,250,250,240" step="2"/><T67/><D67/><AGARI ba="0,1" hai="1,2,4,10,15,58,60,67,75,78,83,91,94,99" machi="67" ten="30,3900,0" yaku="1,1,2,1,7,1,53,0" doraHai="20" doraHaiUra="71" who="3" fromWho="0" sc="250,-39,250,0,250,0,240,49" /><INIT seed="1,0,0,3,4,81" ten="211,250,250,289" oya="1" hai0="131,115,75,2,57,14,4,123,13,82,111,80,0" hai1="19,29,38,116,76,91,17,1,68,83,28,69,117" hai2="12,8,98,35,61,105,59,65,55,51,119,62,109" hai3="30,108,74,52,27,107,34,133,6,45,126,89,33"/><U73/><E38/><V46/><F119/><W120/><G120/><T10/><D115/><U72/><E91/><V95/><F109/><W7/><G34/><T135/><D111/><U71/><E1/><V134/><F134/><W41/><G108/><T100/><D131/><U56/><E56/><V99/><F35/><W24/><G107/><T53/><D135/><U118/><REACH who="1" step="1"/><E72/><REACH who="1" ten="211,240,250,289" step="2"/><V124/><F124/><W49/><G74/><T48/><D75/><U44/><E44/><V103/><F46/><W85/><G126/><T18/><D123/><U42/><E42/><V32/><F32/><W114/><G133/><T50/><D100/><U26/><E26/><V66/><F66/><W113/><G113/><T104/><D2/><U121/><E121/><V90/><F65/><W21/><G114/><T79/><D0/><U129/><E129/><V87/><F99/><W37/><G41/><T93/><D79/><U110/><E110/><V96/><F96/><W122/><G37/><T77/><D77/><U84/><E84/><V43/><F43/><W92/><REACH who="3" step="1"/><G122/><REACH who="3" ten="211,240,250,279" step="2"/><T63/><D104/><U36/><E36/><V5/><AGARI ba="0,2" hai="5,8,12,51,55,59,61,62,87,90,95,98,103,105" machi="5" ten="20,2700,0" yaku="0,1,7,1,52,1" doraHai="81" who="2" fromWho="2" sc="211,-7,240,-13,250,47,279,-7" /><INIT seed="2,0,0,0,2,72" ten="204,227,297,272" oya="2" hai0="107,85,92,75,50,126,69,81,101,19,44,114,82" hai1="38,80,94,66,64,96,76,115,60,55,93,131,51" hai2="54,62,74,73,108,133,26,135,111,27,91,97,4" hai3="130,59,21,127,45,46,95,117,1,77,123,8,79"/><V7/><F62/><W132/><G117/><T47/><D47/><N who="3" m="17929" /><G1/><T125/><D69/><U39/><E131/><V16/><F54/><W52/><G123/><T106/><D19/><U129/><E129/><V83/><F97/><W35/><G35/><T118/><D44/><U37/><E115/><V61/><F61/><N who="3" m="36071" /><G130/><T41/><D50/><U88/><E94/><V116/><F91/><W113/><G113/><T109/><D41/><U11/><E11/><V20/><F116/><W124/><G132/><N who="2" m="50761" /><F27/><W15/><G21/><T78/><D114/><U42/><E42/><V28/><F28/><W0/><G0/><T33/><D33/><U90/><E51/><V70/><F70/><W32/><G32/><T2/><D2/><U89/><E55/><V6/><F83/><W17/><G95/><T86/><D118/><U12/><E12/><V104/><F104/><W128/><G128/><T34/><D34/><U25/><E25/><V134/><N who="2" m="50769" /><V49/><DORA hai="36" /><F49/><W102/><G102/><T29/><D29/><U71/><REACH who="1" step="1"/><E66/><REACH who="1" ten="204,217,297,272" step="2"/><V14/><F26/><W119/><G119/><T24/><D24/><U43/><E43/><V65/><F65/><W103/><G103/><T13/><D106/><U22/><E22/><V98/><F98/><W121/><G121/><T87/><D107/><U48/><E48/><V56/><F56/><W120/><G120/><T84/><D13/><U68/><E68/><V40/><F40/><W112/><G112/><T53/><D53/><U18/><E18/><V30/><F30/><W23/><G23/><T57/><N who="0" m="22016" /><DORA hai="31" /><T10/><D10/><RYUUKYOKU ba="0,1" sc="204,-30,217,10,297,10,272,10" hai1="37,38,39,60,64,71,76,80,88,89,90,93,96" hai2="4,6,7,14,16,20,73,74,108,111" hai3="8,15,17,77,79,124,127" /><INIT seed="2,1,1,4,4,132" ten="174,227,307,282" oya="2" hai0="73,112,64,50,4,51,78,28,129,58,130,22,42" hai1="41,39,26,82,69,53,86,65,115,2,118,38,120" hai2="110,80,12,24,49,10,85,70,37,108,61,109,81" hai3="100,93,97,98,114,88,63,95,135,117,75,33,11"/><V44/><F37/><W1/><G75/><T89/><D112/><U84/><E2/><V48/><F24/><W59/><G135/><T27/><D78/><U68/><E41/><V43/><F49/><N who="0" m="18442" /><D89/><U91/><E53/><V21/><F21/><W90/><G114/><T23/><D27/><U7/><E26/><V34/><F34/><W126/><G126/><T87/><D4/><U76/><E7/><N who="2" m="3167" /><F85/><W47/><G33/><T16/><D23/><U0/><E0/><V121/><F121/><W107/><G117/><T56/><D28/><U17/><E17/><V104/><F104/><W19/><G47/><T20/><D20/><U94/><E118/><V72/><F72/><W30/><G30/><T35/><D87/><U106/><E106/><V9/><F9/><W32/><G32/><T15/><D73/><U29/><E29/><V57/><F70/><W124/><G124/><T102/><D35/><U83/><E115/><V5/><F5/><W8/><G1/><T3/><D3/><U131/><E120/><V52/><AGARI ba="1,1" hai="43,44,48,52,57,61,80,81,108,109,110" m="3167" machi="52" ten="30,6000,0" yaku="14,1,10,1,54,1" doraHai="132" who="2" fromWho="2" sc="174,-21,227,-21,307,73,282,-21" /><INIT seed="2,2,0,0,5,98" ten="153,206,380,261" oya="2" hai0="102,100,24,122,15,58,123,16,79,60,52,86,93" hai1="68,41,18,83,76,89,27,40,129,64,50,135,11" hai2="95,20,47,54,51,23,44,25,120,69,111,39,85" hai3="59,48,81,49,114,78,82,63,7,67,33,13,113"/><V38/><F120/><W74/><G33/><T57/><D24/><U96/><E129/><V124/><F69/><W75/><G7/><T94/><D122/><U133/><E64/><V12/><F124/><W72/><G13/><T31/><D31/><U8/><E68/><V128/><F128/><W3/><G3/><T84/><D123/><U103/><E89/><N who="2" m="53679" /><F39/><W46/><G48/><N who="0" m="30855" /><D93/><N who="1" m="58767" /><E27/><V97/><F38/><W45/><G45/><T107/><D107/><U125/><E125/><V104/><F104/><W17/><G17/><T88/><D84/><N who="1" m="48231" /><E18/><N who="2" m="10311" /><F111/><W19/><G19/><T105/><D79/><U87/><E87/><V9/><F97/><W29/><G29/><T53/><D105/><U6/><E6/><V121/><F121/><W26/><G26/><T130/><D130/><U66/><E66/><V28/><F9/><AGARI ba="2,0" hai="9,15,16,53,58,60,86,88,94,100,102" m="30855" machi="9" ten="30,12000,2" yaku="8,1,52,2,54,3" doraHai="98" who="0" fromWho="2" sc="153,126,206,0,380,-126,261,0" /><INIT seed="3,0,0,4,0,32" ten="279,206,254,261" oya="3" hai0="61,57,130,83,115,0,6,112,122,64,92,26,107" hai1="74,27,5,42,9,82,117,110,24,4,46,14,30" hai2="17,65,109,31,97,105,39,125,41,67,126,96,76" hai3="58,68,104,129,101,53,13,87,89,40,29,91,19"/><W113/><G68/><T20/><D107/><U38/><E117/><V71/><F109/><W48/><G113/><T135/><D122/><U66/><E110/><V69/><F76/><W88/><G129/><T15/><D83/><U127/><E127/><N who="2" m="48651" /><F31/><W134/><G134/><T118/><D15/><U111/><E111/><V52/><F41/><W28/><G40/><T21/><D21/><U78/><E66/><N who="2" m="25099" /><F39/><W119/><G119/><T120/><D118/><U108/><E108/><V3/><F3/><W84/><G101/><T81/><D135/><U1/><E30/><N who="3" m="11882" /><G104/><T90/><D130/><U60/><E60/><V95/><F105/><W75/><G75/><T12/><D120/><U51/><E51/><V44/><F17/><W103/><G103/><T114/><D81/><U131/><E131/><V116/><F116/><W85/><G89/><T128/><D128/><U45/><E45/><V49/><F97/><W121/><G121/><T93/><D90/><AGARI ba="0,0" hai="44,49,52,69,71,90,95,96" m="25099,48651" machi="90" ten="30,2000,0" yaku="18,1,54,1" doraHai="32" who="2" fromWho="0" sc="279,-20,206,0,254,20,261,0" /><INIT seed="4,0,0,0,0,69" ten="259,206,274,261" oya="0" hai0="132,101,15,61,128,50,126,124,89,113,74,9,121" hai1="20,133,67,105,107,10,93,13,59,98,34,81,3" hai2="43,97,99,0,95,53,11,84,76,85,26,36,60" hai3="18,28,111,120,127,106,119,12,32,70,86,63,22"/><T33/><D33/><U24/><E133/><V17/><F0/><W38/><G119/><T78/><D89/><U103/><E34/><V44/><F76/><W135/><G111/><T56/><D121/><U131/><E3/><V80/><F80/><W58/><G127/><N who="0" m="48683" /><D50/><U123/><E81/><V130/><F130/><W66/><G135/><T125/><N who="0" m="48691" /><T25/><DORA hai="31" /><D25/><U5/><E131/><V45/><F99/><W108/><G108/><T54/><D128/><U6/><E6/><V77/><F77/><W82/><G106/><T48/><D101/><U94/><E94/><V65/><F45/><W112/><G112/><T117/><D132/><U118/><E118/><V30/><F53/><W116/><G116/><T110/><D110/><U52/><E123/><V115/><F115/><W88/><G120/><T1/><D1/><U91/><E103/><V114/><F114/><W109/><G109/><T75/><D113/><U72/><E72/><N who="0" m="27689" /><D117/><U47/><E47/><V134/><F134/><W7/><G7/><N who="0" m="3519" /><D48/><U100/><E100/><V40/><F40/><W42/><G42/><T79/><AGARI ba="0,0" hai="54,56,61,78,79" m="3519,27689,48691" machi="79" ten="50,2400,0" yaku="18,1" doraHai="69,31" who="0" fromWho="0" sc="259,24,206,-8,274,-8,261,-8" /><INIT seed="4,1,0,5,3,27" ten="283,198,266,253" oya="0" hai0="21,85,98,86,122,131,130,15,71,44,40,64,99" hai1="67,13,125,90,19,79,17,89,59,49,32,117,77" hai2="61,14,119,109,69,20,108,1,103,53,128,4,56" hai3="126,116,104,39,107,24,120,76,42,58,50,96,123"/><T29/><D122/><N who="3" m="46633" /><G126/><T35/><D64/><U46/><E32/><V121/><F121/><W63/><G39/><N who="0" m="21535" /><D71/><U31/><E117/><V83/><F119/><W113/><G113/><T26/><D15/><U48/><E31/><V92/><F128/><N who="0" m="49194" /><D21/><U10/><E125/><V18/><F69/><W9/><G116/><T30/><D30/><U129/><E129/><V74/><F1/><W52/><G76/><N who="1" m="29258" /><E19/><V112/><F4/><W51/><G9/><T127/><D127/><U5/><E17/><V43/><F112/><W16/><G42/><T94/><D99/><U34/><E34/><V133/><F43/><W101/><G107/><T134/><D134/><U36/><E36/><V66/><F133/><W23/><AGARI ba="1,0" hai="16,23,24,50,51,52,58,63,96,101,104" m="46633" machi="23" ten="30,4000,0" yaku="13,1,54,2" doraHai="27" who="3" fromWho="3" sc="283,-21,198,-11,266,-11,253,43" /><INIT seed="5,0,0,3,3,34" ten="262,187,255,296" oya="1" hai0="63,35,49,80,127,51,133,68,67,16,0,97,93" hai1="64,114,132,43,39,28,18,32,10,59,13,30,134" hai2="130,62,112,52,128,74,12,29,117,21,92,45,110" hai3="38,121,135,103,41,53,123,104,108,106,86,66,25"/><U100/><E43/><V78/><F110/><W69/><G108/><T54/><D35/><U31/><E39/><V89/><F117/><W55/><G135/><N who="1" m="51754" /><E100/><V70/><F112/><W48/><G55/><T118/><D133/><U82/><E82/><V76/><F70/><W47/><G25/><T65/><D65/><U20/><E32/><V17/><F74/><W50/><G50/><T6/><D127/><U119/><E119/><V95/><F29/><N who="1" m="11369" /><E114/><V113/><F113/><W94/><G121/><T91/><D118/><U2/><N who="1" m="11377" /><U61/><DORA hai="71" /><E20/><V23/><F95/><W105/><G123/><T15/><D80/><U109/><E109/><V87/><F23/><W22/><G22/><T77/><D77/><U7/><E18/><V27/><F27/><W56/><G103/><T98/><D98/><U36/><E36/><V116/><F116/><W9/><G9/><T5/><D51/><U14/><AGARI ba="0,0" hai="2,7,10,13,14,59,61,64" m="11377,51754" machi="14" ten="40,3900,0" yaku="20,1,52,1" doraHai="34,71" who="1" fromWho="1" sc="262,-13,187,39,255,-13,296,-13" /><INIT seed="5,1,0,3,5,60" ten="249,226,242,283" oya="1" hai0="61,23,65,56,28,10,109,50,20,118,124,114,2" hai1="94,95,24,135,133,41,47,121,128,92,74,126,129" hai2="98,22,48,84,0,93,88,115,113,73,107,40,78" hai3="21,54,31,125,14,44,35,36,29,64,15,4,53"/><U87/><E74/><V111/><F0/><W76/><G35/><T57/><D109/><U8/><E121/><V26/><F111/><W49/><G125/><T96/><D114/><N who="2" m="43530" /><F73/><W117/><G76/><T75/><D75/><U69/><E8/><V68/><F68/><W127/><G127/><T30/><D118/><U83/><E69/><V106/><F40/><W101/><G101/><T103/><D124/><U82/><E24/><V39/><F39/><W132/><G132/><N who="1" m="50762" /><E126/><V81/><F48/><W63/><G36/><T91/><D10/><U120/><E120/><V134/><F134/><W122/><G54/><N who="0" m="31831" /><D2/><U62/><E62/><V110/><F110/><W33/><G33/><T16/><D103/><U18/><E18/><AGARI ba="1,0" hai="18,22,26,78,81,84,88,93,98,106,107" m="43530" machi="18" ten="30,3900,0" yaku="15,1,11,1,54,1" doraHai="60" who="2" fromWho="1" sc="249,0,226,-42,242,42,283,0" /><INIT seed="6,0,0,5,2,65" ten="249,184,284,283" oya="2" hai0="44,70,68,86,107,13,15,55,23,105,37,50,5" hai1="98,72,51,113,104,101,16,124,120,90,129,111,58" hai2="4,76,79,126,108,94,49,135,132,95,73,75,112" hai3="14,63,45,43,34,80,125,82,77,7,131,8,56"/><V133/><F4/><W59/><G131/><T71/><D37/><U88/><E111/><V69/><F49/><N who="3" m="26815" /><G34/><T97/><D13/><U24/><E129/><V48/><F48/><W96/><G125/><T66/><D66/><U32/><E124/><V67/><F126/><W54/><G77/><N who="2" m="29769" /><F108/><W134/><G134/><T64/><D64/><U21/><E113/><V127/><F127/><W92/><G59/><T102/><D86/><U116/><E120/><V57/><F57/><W99/><G99/><T78/><D78/><U40/><E116/><V28/><F28/><W84/><G84/><T100/><D100/><AGARI ba="0,0" hai="7,8,14,54,56,63,80,82,92,96,100" m="26815" machi="100" ten="30,1000,0" yaku="8,1" doraHai="65" who="3" fromWho="0" sc="249,-10,184,0,284,0,283,10" /><INIT seed="7,0,0,3,3,105" ten="239,184,284,293" oya="3" hai0="28,44,106,116,36,78,22,112,11,134,98,61,130" hai1="133,62,93,34,57,120,21,27,82,65,70,51,76" hai2="95,49,30,94,20,40,97,86,0,74,77,26,121" hai3="73,3,129,89,118,4,46,87,81,104,5,33,6"/><W69/><G118/><T24/><D116/><U7/><E120/><V96/><F121/><W135/><G33/><T56/><D134/><U53/><E133/><V123/><F123/><W12/><G135/><T79/><D130/><U115/><E115/><V83/><F0/><W119/><G119/><T50/><D36/><U100/><E34/><V71/><F71/><W84/><G3/><T91/><D112/><U19/><E7/><V125/><F125/><W41/><G73/><T114/><D114/><U127/><E127/><V42/><F74/><W108/><G104/><T124/><D11/><U48/><E100/><V13/><F13/><W72/><G72/><T92/><D106/><U117/><E93/><V111/><F111/><W23/><G69/><T80/><D80/><U35/><E35/><V52/><F95/><N who="3" m="54695" /><G129/><T17/><D28/><U59/><E117/><V126/><F126/><W122/><G108/><T128/><D128/><U54/><E82/><V2/><F2/><W103/><G103/><T75/><D75/><U1/><E1/><V131/><F131/><W132/><G132/><T31/><D124/><U10/><E10/><V32/><F32/><W29/><G122/><T18/><D78/><AGARI ba="0,0" hai="19,21,27,48,51,53,54,57,59,62,65,70,76,78" machi="78" ten="40,1300,0" yaku="9,1" doraHai="105" who="1" fromWho="0" sc="239,-13,184,13,284,0,293,0" /><INIT seed="8,0,0,2,5,24" ten="226,197,284,293" oya="0" hai0="56,46,17,47,2,88,29,109,33,103,104,119,101" hai1="37,132,64,81,48,118,106,6,87,115,26,11,74" hai2="107,62,78,110,86,126,95,27,134,1,28,25,31" hai3="92,50,120,39,44,80,85,65,32,43,16,96,70"/><T49/><D2/><U7/><E37/><V23/><F110/><W93/><G120/><T98/><D119/><U4/><E74/><V41/><F107/><W125/><G32/><T71/><D103/><U130/><E106/><V123/><F123/><W131/><G131/><T84/><D71/><U67/><E130/><V15/><F1/><W135/><G135/><T121/><D121/><U13/><E132/><V77/><F134/><W20/><G125/><T111/><D17/><N who="1" m="8383" /><E115/><V75/><F126/><W19/><G70/><T97/><D97/><U82/><E118/><V69/><F75/><W73/><G65/><N who="1" m="25162" /><E87/><V68/><F41/><W66/><G66/><T117/><D117/><U100/><E100/><V76/><F62/><W54/><G73/><T53/><D109/><U61/><E61/><V79/><F69/><W9/><G96/><T0/><D0/><U89/><E89/><N who="2" m="53687" /><F68/><W124/><G124/><T34/><D111/><U57/><E26/><N who="2" m="9739" /><F79/><N who="3" m="46239" /><G39/><T51/><D29/><N who="2" m="11338" /><F78/><W113/><G113/><T72/><D72/><U36/><E36/><V122/><F122/><W128/><G128/><T102/><D102/><U112/><E112/><V30/><F30/><W133/><G133/><T40/><REACH who="0" step="1"/><D56/><REACH who="0" ten="216,197,284,293" step="2"/><U12/><E12/><V22/><F15/><N who="3" m="7279" /><G19/><T114/><D114/><U108/><E108/><V45/><F23/><W91/><G20/><T52/><D52/><AGARI ba="0,1" hai="4,6,7,48,52,57,81,82" m="25162,8383" machi="52" ten="30,2000,0" yaku="8,1,54,1" doraHai="24" who="1" fromWho="0" sc="216,-20,197,30,284,0,293,0" /><INIT seed="9,0,0,4,0,68" ten="196,227,284,293" oya="1" hai0="125,31,29,59,15,67,70,50,96,73,21,18,81" hai1="127,107,80,94,87,78,103,16,105,14,90,71,93" hai2="110,100,76,61,49,88,118,65,57,48,126,28,117" hai3="129,22,69,11,27,47,116,108,3,75,45,83,104"/><U62/><E127/><V135/><F126/><W85/><G108/><T54/><D125/><U43/><E43/><V119/><F110/><W34/><G34/><T113/><D113/><U92/><E71/><V109/><F109/><W39/><G69/><T112/><D112/><U30/><E30/><V12/><F135/><W123/><G104/><T6/><D6/><U33/><E33/><V111/><F111/><W41/><G123/><T8/><D96/><N who="1" m="61671" /><E62/><V66/><F100/><W20/><G47/><T101/><D101/><U10/><E107/><V19/><F76/><N who="3" m="44447" /><G129/><T64/><D70/><U95/><E16/><V17/><F28/><N who="0" m="10826" /><D73/><N who="1" m="43087" /><E14/><V99/><F65/><N who="0" m="25162" /><D81/><N who="1" m="49519" /><E10/><AGARI ba="0,0" hai="8,10,15,18,21,50,54,59" m="25162,10826" machi="10" ten="30,1000,0" yaku="8,1" doraHai="68" who="0" fromWho="1" sc="196,10,227,-10,284,0,293,0" /><INIT seed="10,0,0,2,1,63" ten="206,217,284,293" oya="2" hai0="66,130,103,115,8,132,11,64,86,134,57,45,12" hai1="5,106,100,43,105,41,49,25,24,99,128,4,75" hai2="77,54,108,35,96,16,39,34,0,83,111,67,52" hai3="102,21,72,44,13,26,98,69,30,60,37,84,61"/><V118/><F118/><W135/><G72/><T33/><D33/><U121/><E75/><N who="2" m="43455" /><F39/><W48/><G135/><N who="0" m="51755" /><D115/><U56/><E128/><V127/><F67/><N who="0" m="25642" /><D57/><U129/><E129/><V123/><F127/><W23/><G37/><T104/><D130/><U113/><E113/><V7/><F123/><W133/><G84/><T70/><D70/><U53/><E106/><V46/><F96/><W10/><G23/><T88/><D45/><U112/><E112/><V73/><F73/><W101/><G69/><T119/><D119/><U65/><E65/><V78/><F78/><W32/><G32/><N who="2" m="12329" /><F46/><W122/><G122/><T94/><D12/><U82/><E121/><V110/><F16/><W55/><G133/><T114/><D114/><U85/><E24/><V71/><F71/><W47/><G47/><T120/><D120/><U124/><E25/><V9/><AGARI ba="0,0" hai="0,7,9,52,54,108,110,111" m="12329,43455" machi="9" ten="40,3900,0" yaku="10,1,54,1" doraHai="63" who="2" fromWho="2" sc="206,-13,217,-13,284,39,293,-13" owari="193,-31.0,204,-20.0,323,43.0,280,8.0" /></mjloggm>