<mjloggm ver="2.3"><GO type="169" lobby="0"/><UN n0="%E5%B0%B1%E6%B4%BB%E7%94%9F%40%E5%B7%9D%E6%9D%91%E8%BB%8D%E5%9B%A3" n1="%E6%96%B0%E4%B8%96%E7%95%8C%E3%81%AE%E7%B4%99" n2="%EF%BC%A0%E3%81%BF%E3%82%84" n3="%E7%AD%91%E6%81%B5" dan="16,18,16,16" rate="2062.01,2219.00,2072.70,2061.25" sx="M,M,M,M"/><TAIKYOKU oya="0"/><INIT seed="0,0,0,0,5,117" ten="250,250,250,250" oya="0" hai0="73,22,98,14,103,7,69,113,34,4,76,52,49" hai1="17,85,99,95,66,35,116,67,102,50,135,21,93" hai2="54,39,18,41,121,6,125,23,62,0,122,28,38" hai3="56,124,123,118,90,88,5,119,8,26,111,87,20"/><T2/><D34/><U57/><E35/><V71/><F28/><W81/><G111/><T58/><D69/><U29/><E29/><V89/><F6/><W83/><G124/><T106/><D113/><U31/><E31/><V105/><F0/><W126/><G126/><T32/><D32/><U59/><E135/><V11/><F11/><W80/><G123/><N who="2" m="47113" /><F89/><W45/><G45/><T74/><D2/><U101/><E116/><V33/><F33/><W75/><G56/><N who="1" m="21578" /><E50/><V53/><F18/><W48/><G48/><T129/><D129/><U77/><E102/><V78/><F23/><W51/><G51/><T131/><D131/><U46/><E46/><N who="2" m="23863" /><F78/><W64/><G64/><T63/><D7/><U97/><E97/><V44/><F105/><W132/><G132/><T27/><D76/><U47/><E47/><V37/><F125/><W109/><G90/><T42/><D14/><N who="1" m="9399" /><E95/><V61/><F37/><W55/><G119/><T40/><D4/><U107/><E107/><V130/><F130/><W94/><G118/><T112/><D112/><U82/><AGARI ba="0,0" hai="66,67,77,82,85,93,99,101" m="9399,21578" machi="82" ten="30,1100,0" yaku="8,1" doraHai="117" who="1" fromWho="1" sc="250,-5,250,11,250,-3,250,-3" /><INIT seed="1,0,0,5,3,85" ten="245,261,247,247" oya="1" hai0="132,113,2,47,57,95,83,9,109,69,29,126,86" hai1="31,122,11,43,61,55,40,1,105,101,0,119,68" hai2="8,129,45,3,107,118,72,89,34,44,78,25,88" hai3="81,84,26,32,23,130,21,125,71,65,106,17,59"/><U41/><E119/><V121/><F121/><W54/><G106/><T87/><D69/><U99/><E122/><V20/><F118/><W98/><G32/><T75/><D113/><U24/><E11/><V15/><F107/><W73/><G73/><T93/><D29/><U37/><E37/><V28/><F129/><W10/><G130/><T39/><D57/><U42/><N who="1" m="10240" /><DORA hai="30" /><U103/><E103/><V102/><F102/><W67/><G71/><T97/><D47/><N who="2" m="17994" /><F78/><W63/><G10/><T5/><D39/><U12/><E12/><V117/><F72/><W48/><G98/><T127/><D75/><U46/><E46/><V36/><F36/><W76/><G125/><N who="0" m="47627" /><D132/><U77/><E77/><V92/><F92/><W135/><G135/><T120/><D120/><U56/><REACH who="1" step="1"/><E68/><REACH who="1" ten="245,251,247,247" step="2"/><V80/><F117/><W131/><G131/><T19/><D9/><U51/><E51/><V133/><F133/><W60/><G48/><T52/><D2/><U62/><E62/><V38/><F38/><W94/><G63/><T123/><D5/><U114/><E114/><V100/><F100/><W53/><G60/><T134/><D123/><U27/><E27/><V18/><F80/><W96/><G26/><T14/><D134/><U64/><E64/><V22/><F3/><W49/><G67/><T33/><D14/><U66/><E66/><V82/><F82/><W74/><G65/><T108/><D83/><U124/><E124/><V128/><F128/><W4/><G81/><T16/><D95/><U13/><E13/><V7/><F7/><W111/><G4/><T6/><D6/><RYUUKYOKU ba="0,1" sc="245,-15,251,15,247,15,247,-15" hai1="0,1,24,31,55,56,61,99,101,105" hai2="8,15,18,20,22,25,28,34,88,89" /><INIT seed="1,1,1,0,5,28" ten="230,266,262,232" oya="1" hai0="12,42,45,76,97,43,61,34,106,134,92,104,31" hai1="100,84,25,120,0,98,109,30,27,126,123,55,19" hai2="51,135,117,115,112,3,65,40,127,121,39,78,74" hai3="41,131,54,38,80,75,17,111,91,83,110,86,129"/><U70/><E0/><V122/><F78/><N who="3" m="44127" /><G54/><T69/><D134/><U16/><E70/><V73/><F51/><W32/><G17/><T37/><D43/><U105/><E126/><V118/><F65/><W46/><G32/><T36/><D36/><U24/><E109/><AGARI ba="1,1" hai="38,41,46,83,86,91,109,110,111,129,131" m="44127" machi="109" ten="30,1000,0" yaku="14,1" doraHai="28" who="3" fromWho="1" sc="230,0,266,-13,262,0,232,23" /><INIT seed="2,0,0,2,5,20" ten="230,253,262,255" oya="2" hai0="29,43,61,15,4,126,28,10,99,117,80,44,35" hai1="14,33,87,38,1,69,17,86,107,62,57,22,84" hai2="105,116,19,96,129,21,102,123,55,111,5,125,121" hai3="26,56,50,53,132,134,108,54,114,78,76,82,115"/><V124/><F116/><W127/><G127/><N who="2" m="48713" /><F129/><W130/><G130/><T25/><D117/><U97/><E38/><V2/><F111/><W66/><G66/><T0/><D126/><U88/><E69/><V11/><F55/><W118/><G118/><T104/><D29/><U39/><E39/><V60/><F60/><N who="3" m="35855" /><G108/><T6/><D6/><U109/><E109/><V58/><F58/><N who="3" m="33111" /><G26/><AGARI ba="0,0" hai="2,5,11,19,21,26,96,102,105,121,123" m="48713" machi="26" ten="30,2900,0" yaku="18,1,52,1" doraHai="20" who="2" fromWho="3" sc="230,0,253,0,262,29,255,-29" /><INIT seed="2,1,0,0,0,86" ten="230,253,291,226" oya="2" hai0="42,102,4,1,14,44,93,119,40,3,7,122,118" hai1="6,81,77,53,47,20,30,2,5,49,91,131,51" hai2="25,73,63,39,16,107,55,45,31,38,17,85,59" hai3="96,98,132,50,62,0,115,19,90,103,68,82,133"/><V94/><F107/><W57/><G0/><N who="0" m="75" /><D122/><U29/><E131/><V129/><F73/><W110/><G110/><T12/><D102/><U135/><E135/><N who="3" m="51786" /><G68/><T95/><D44/><U112/><E112/><V26/><F129/><W72/><G50/><T32/><D95/><U89/><E2/><V46/><F39/><W9/><G103/><T8/><D93/><U108/><E108/><V52/><F38/><W125/><G125/><T67/><D67/><U24/><E30/><V79/><F55/><W54/><G115/><T87/><D87/><N who="1" m="48559" /><E51/><V88/><F79/><N who="3" m="44391" /><G90/><AGARI ba="1,0" hai="5,6,20,24,29,47,49,53,89,90,91" m="48559" machi="90" ten="30,7700,0" yaku="8,1,52,3" doraHai="86" who="1" fromWho="3" sc="230,0,253,80,291,0,226,-80" /><INIT seed="3,0,0,3,3,86" ten="230,333,291,146" oya="3" hai0="6,122,47,37,124,83,99,0,79,42,57,50,90" hai1="63,106,92,43,115,111,18,5,16,78,65,44,130" hai2="8,77,134,64,49,110,116,12,40,71,19,91,13" hai3="75,135,33,81,87,20,3,95,66,105,108,25,54"/><W123/><G123/><T23/><D124/><U62/><E106/><V51/><F116/><W96/><G3/><T131/><D122/><U31/><E115/><V97/><F110/><W94/><G108/><T56/><D131/><U55/><E111/><V73/><F134/><W11/><G135/><T70/><D70/><U126/><E126/><V125/><F125/><W7/><G33/><T127/><D127/><U35/><E5/><V61/><F40/><W15/><G75/><N who="0" m="43519" /><D23/><U67/><E78/><V21/><F77/><W82/><G66/><T85/><D99/><U74/><E74/><V27/><F73/><W101/><G54/><T120/><D50/><N who="1" m="26911" /><E31/><V68/><F68/><W103/><G103/><T102/><D102/><U76/><E76/><V117/><F13/><W100/><G100/><T2/><D2/><U10/><E35/><V39/><F39/><W36/><G36/><T26/><D26/><U60/><E130/><V112/><F117/><W52/><G52/><T22/><D22/><U69/><E69/><V109/><F109/><W98/><G98/><T118/><D120/><U121/><E121/><V14/><F14/><W28/><REACH who="3" step="1"/><G105/><REACH who="3" ten="230,333,291,136" step="2"/><T107/><D107/><U132/><E132/><V29/><F112/><W48/><G48/><T114/><D114/><U93/><E55/><V84/><F97/><W53/><G53/><T17/><D118/><U89/><E65/><V113/><F113/><W45/><G45/><T128/><D128/><U41/><E67/><V32/><F32/><W9/><G9/><T104/><D104/><U34/><E34/><V88/><F84/><RYUUKYOKU ba="0,1" sc="230,-15,333,-15,291,15,136,15" hai2="8,12,19,21,27,29,49,51,61,64,71,88,91" hai3="7,11,15,20,25,28,81,82,87,94,95,96,101" /><INIT seed="3,1,1,2,5,98" ten="215,318,306,151" oya="3" hai0="26,56,80,117,127,71,48,123,61,63,83,68,67" hai1="58,91,133,42,77,46,128,20,21,10,28,11,118" hai2="126,55,5,109,96,38,105,30,24,27,18,22,113" hai3="14,1,120,37,69,116,100,40,25,74,0,39,93"/><W122/><G116/><T107/><D123/><N who="3" m="47145" /><G14/><T2/><D127/><U114/><E114/><V81/><F113/><W65/><G93/><T54/><D107/><U99/><E118/><V19/><F5/><W130/><G25/><T102/><D2/><N who="3" m="1129" /><G130/><T15/><D117/><U121/><E128/><V88/><F27/><W134/><G134/><T36/><D36/><N who="3" m="13897" /><G40/><T35/><D15/><U75/><E133/><V108/><F38/><W8/><G8/><T115/><D115/><U78/><E11/><V104/><F24/><W110/><G100/><T92/><D26/><U31/><E10/><V79/><F19/><W29/><G29/><T103/><D35/><U34/><E34/><V7/><F30/><W73/><G110/><T87/><D92/><U47/><E121/><V50/><F108/><W13/><G13/><T57/><D83/><U60/><E42/><V82/><F82/><W132/><G132/><T16/><D16/><U85/><E28/><V125/><F81/><W84/><G84/><T49/><D87/><U51/><E31/><V72/><F109/><W106/><G106/><T135/><D135/><U97/><E85/><V94/><F105/><W112/><G112/><T12/><D80/><U33/><E97/><V129/><F104/><W52/><G52/><N who="0" m="31759" /><D12/><U43/><E99/><V41/><F18/><W89/><G89/><T119/><D119/><U4/><E91/><V6/><F88/><W9/><G9/><T70/><D70/><U95/><E95/><V64/><F94/><W32/><G32/><T44/><D71/><U23/><E33/><V59/><F96/><RYUUKYOKU ba="1,1" sc="215,15,318,-15,306,-15,151,15" hai0="44,48,54,57,61,63,67,68,102,103" hai3="65,69,73,74" /><INIT seed="3,2,1,4,3,135" ten="230,303,291,166" oya="3" hai0="14,132,91,133,24,88,104,121,42,102,5,38,113" hai1="65,80,60,83,95,17,82,9,35,26,43,49,40" hai2="75,66,119,90,98,30,92,61,89,86,111,115,72" hai3="114,46,79,15,58,85,41,37,39,93,22,23,73"/><W126/><G114/><T62/><D121/><U34/><E34/><V76/><F119/><W103/><G73/><T109/><D109/><U128/><E128/><V69/><F111/><W64/><G39/><T117/><D117/><U54/><E95/><V71/><F115/><W31/><G126/><T84/><D113/><U134/><E134/><N who="0" m="51817" /><D24/><U94/><E94/><V68/><F68/><W2/><BYE who="2" /><G2/><T63/><D38/><U106/><E106/><V130/><F130/><W47/><G47/><T78/><D42/><N who="1" m="15915" /><E35/><V67/><F67/><W13/><G79/><T21/><D78/><U99/><E99/><V56/><F56/><W7/><G7/><T97/><D91/><U28/><E28/><V100/><F100/><W96/><G85/><T52/><D52/><U50/><E65/><V120/><F120/><W44/><G44/><T57/><D57/><N who="1" m="34871" /><E9/><V45/><F45/><W4/><G4/><T10/><D21/><AGARI ba="2,1" hai="17,21,26,49,50,80,82,83" m="34871,15915" machi="21" ten="30,1000,0" yaku="8,1" doraHai="135" who="1" fromWho="0" sc="230,-16,303,26,291,0,166,0" /><INIT seed="4,0,0,2,0,131" ten="214,329,291,166" oya="0" hai0="77,102,17,3,73,25,11,26,56,127,0,76,118" hai1="64,46,67,40,93,6,119,98,35,74,1,38,45" hai2="22,126,117,33,20,95,100,15,10,110,54,62,42" hai3="16,50,13,2,49,47,19,130,122,66,121,94,133"/><T72/><D118/><U55/><E35/><V80/><F80/><W5/><G130/><T79/><D127/><U86/><E74/><V41/><F41/><W120/><G2/><T12/><D102/><U101/><E119/><V107/><F107/><W83/><G66/><T108/><D108/><U24/><E24/><V78/><F78/><W59/><G83/><T113/><D113/><U30/><E30/><V36/><F36/><W69/><G69/><T134/><D134/><U52/><E1/><V43/><F43/><N who="3" m="24831" /><G94/><T87/><D87/><U85/><E6/><V39/><F39/><W132/><G5/><T103/><D103/><U18/><E18/><N who="3" m="6698" /><G13/><T99/><D99/><U65/><REACH who="1" step="1"/><E55/><AGARI ba="0,0" hai="50,55,59,120,121,122,132,133" m="6698,24831" machi="55" ten="40,8000,1" yaku="13,1,52,2,54,1" doraHai="131" who="3" fromWho="1" sc="214,0,329,-80,291,0,166,80" /><INIT seed="5,0,0,5,4,3" ten="214,249,291,246" oya="1" hai0="77,121,46,132,69,12,23,94,92,66,24,44,1" hai1="57,82,15,105,88,50,33,45,28,64,11,71,59" hai2="134,30,49,68,97,83,8,47,43,79,21,73,48" hai3="89,56,81,32,93,99,75,91,38,90,58,62,95"/><U42/><E105/><V70/><F70/><W103/><G32/><T22/><D1/><U17/><E33/><V0/><F0/><W5/><G38/><T34/><D121/><U122/><E122/><V129/><F129/><W130/><G130/><T135/><D77/><U108/><E108/><V100/><F100/><W102/><G58/><T98/><D98/><U115/><E115/><V19/><F19/><W84/><G5/><T110/><D110/><U39/><E28/><V120/><F120/><W55/><G75/><T101/><D34/><U4/><E39/><V67/><F67/><W113/><G113/><T74/><D74/><U116/><E116/><V26/><F26/><W27/><G27/><T35/><D35/><U51/><E51/><V123/><F123/><W53/><REACH who="3" step="1"/><G55/><REACH who="3" ten="214,249,291,236" step="2"/><T60/><D24/><U117/><E117/><V6/><F6/><W104/><G104/><T9/><D46/><U78/><E71/><V111/><F111/><W52/><G52/><T125/><D44/><U63/><E59/><V114/><F114/><W13/><G13/><T14/><D125/><U131/><E131/><V25/><F25/><W85/><AGARI ba="0,1" hai="53,56,62,81,84,85,89,90,91,93,95,99,102,103" machi="85" ten="20,5200,0" yaku="1,1,0,1,7,1,8,1,53,0" doraHai="3" doraHaiUra="10" who="3" fromWho="3" sc="214,-13,249,-26,291,-13,236,62" /><INIT seed="6,0,0,1,3,79" ten="201,223,278,298" oya="2" hai0="68,130,127,121,66,106,77,97,54,103,107,83,35" hai1="28,99,122,42,70,46,100,57,111,96,59,93,4" hai2="36,119,55,58,65,47,26,32,63,27,5,110,20" hai3="131,104,72,102,40,62,10,129,81,16,38,92,73"/><V39/><F39/><W53/><G104/><N who="0" m="63599" /><D54/><U21/><E111/><V18/><F18/><W135/><G135/><T50/><D50/><N who="1" m="26967" /><E70/><V101/><F101/><W25/><G40/><T85/><D66/><U15/><E122/><V98/><F98/><N who="3" m="59719" /><G38/><T2/><D68/><U34/><E34/><V124/><F124/><W45/><G81/><N who="0" m="47279" /><D2/><U120/><E120/><V0/><F0/><W9/><G9/><UN n2="%EF%BC%A0%E3%81%BF%E3%82%84" /><T84/><D35/><U115/><E115/><V91/><F36/><W108/><G108/><T7/><D7/><U29/><E99/><V48/><F110/><W37/><G37/><T14/><D14/><U80/><E80/><V78/><F32/><W44/><G44/><T22/><D22/><U74/><E74/><V8/><F20/><N who="3" m="13447" /><G10/><T64/><D64/><U61/><E4/><V1/><F47/><W24/><G24/><T17/><D17/><N who="1" m="10431" /><E59/><V33/><F58/><N who="3" m="35151" /><G45/><T94/><D121/><U133/><E133/><V109/><F33/><W11/><G11/><T87/><D127/><U117/><E117/><V69/><F119/><W52/><G52/><AGARI ba="0,0" hai="28,29,52,57,61,93,96,100" m="10431,26967" machi="52" ten="30,2000,0" yaku="8,1,54,1" doraHai="79" who="1" fromWho="3" sc="201,0,223,20,278,0,298,-20" /><INIT seed="7,0,0,0,0,57" ten="201,243,278,278" oya="3" hai0="16,8,6,15,121,23,74,67,129,93,18,92,88" hai1="22,116,17,128,81,36,52,119,114,107,7,34,1" hai2="24,110,40,113,130,109,3,63,51,56,39,94,12" hai3="31,111,50,44,127,124,45,135,104,58,95,2,60"/><W80/><G104/><T25/><D121/><U120/><E120/><V108/><F3/><W99/><G2/><T117/><D129/><U48/><E128/><V65/><F130/><W125/><G135/><T10/><D117/><N who="1" m="45131" /><E36/><V126/><F113/><W131/><G131/><T118/><D118/><U66/><E34/><V46/><F126/><W21/><G111/><T47/><D74/><U98/><E114/><V102/><F12/><W84/><G50/><T38/><D67/><U41/><E41/><V61/><F24/><N who="3" m="16783" /><G95/><T59/><D59/><N who="1" m="33159" /><E81/><V78/><F78/><N who="3" m="46103" /><G99/><T13/><D93/><U72/><E72/><V37/><F94/><W29/><G29/><T0/><D38/><U42/><E42/><V55/><F102/><W132/><G132/><T53/><D53/><AGARI ba="0,0" hai="44,45,53,58,60,124,125,127" m="46103,16783" machi="53" ten="30,2900,0" yaku="18,1,52,1" doraHai="57" who="3" fromWho="0" sc="201,-29,243,0,278,0,278,29" owari="172,-33.0,243,-16.0,278,8.0,307,41.0" /></mjloggm>