<mjloggm ver="2.3"><GO type="41" lobby="0"/><UN n0="%E5%B0%B1%E6%B4%BB%E7%94%9F%40%E5%B7%9D%E6%9D%91%E8%BB%8D%E5%9B%A3" n1="%76%61%6E%69%6C%6C%65" n2="%75%47%72%79%46%72%30%67" n3="%E3%82%8F%E3%81%9F%E5%9D%8A" dan="17,14,13,15" rate="2144.17,1945.59,1879.29,2054.45" sx="M,M,M,M"/><TAIKYOKU oya="0"/><INIT seed="0,0,0,0,5,44" ten="250,250,250,250" oya="0" hai0="119,64,128,74,78,114,130,89,22,51,2,104,112" hai1="15,97,103,135,82,62,80,132,36,59,35,91,3" hai2="18,30,54,101,48,106,110,79,120,109,124,115,0" hai3="40,93,68,88,45,7,24,73,117,127,70,87,9"/><T47/><D104/><U32/><E36/><V33/><F115/><N who="0" m="44074" /><D2/><U67/><E3/><V107/><F120/><W102/><G117/><T133/><D74/><U23/><E91/><V81/><F124/><W50/><G127/><T121/><D78/><U61/><E82/><V49/><F54/><W85/><G73/><T83/><D83/><U129/><E129/><N who="0" m="49769" /><D89/><U118/><E118/><V20/><F0/><W43/><G43/><N who="0" m="25087" /><D22/><U57/><E80/><V41/><F41/><W55/><G40/><T28/><D28/><U5/><E23/><V99/><F106/><W76/><G24/><T131/><D131/><U92/><E5/><V108/><F30/><W11/><G102/><T122/><D119/><U71/><E15/><N who="2" m="9311" /><F33/><W6/><G6/><T1/><D1/><U84/><E84/><AGARI ba="0,0" hai="48,49,79,81,84,99,101,107,108,109,110" m="9311" machi="84" ten="30,3900,0" yaku="14,1,52,2" doraHai="44" who="2" fromWho="1" sc="250,0,250,-39,250,39,250,0" /><INIT seed="1,0,0,1,5,56" ten="250,211,289,250" oya="1" hai0="84,83,33,5,64,119,108,87,104,113,85,24,114" hai1="36,2,122,77,44,15,1,107,29,133,62,127,86" hai2="58,123,109,111,116,69,118,75,102,9,70,34,101" hai3="26,12,7,8,130,79,120,30,38,76,117,20,106"/><U121/><E15/><V131/><F9/><W125/><G120/><T124/><D124/><U32/><E86/><V41/><F58/><W18/><G125/><T16/><D104/><U82/><E127/><V73/><F41/><W27/><G38/><T10/><D119/><U94/><E94/><V112/><F131/><W115/><G130/><T65/><D108/><U59/><E107/><V71/><F34/><W39/><G117/><N who="2" m="45161" /><F123/><W31/><G115/><T96/><D96/><U135/><E122/><V97/><F97/><W6/><G39/><T13/><D83/><U103/><E103/><N who="2" m="39435" /><F112/><W88/><G106/><T92/><D92/><U98/><E98/><V4/><F4/><N who="3" m="1579" /><G88/><T126/><D126/><U11/><E121/><V80/><F80/><W93/><G93/><T0/><D113/><U45/><E36/><V19/><F19/><W110/><G110/><AGARI ba="0,0" hai="69,70,71,73,75,109,110,111" m="39435,45161" machi="110" ten="40,5200,0" yaku="28,2,14,1" doraHai="56" who="2" fromWho="3" sc="250,0,211,0,289,52,250,-52" /><INIT seed="2,0,0,4,2,15" ten="250,211,341,198" oya="2" hai0="115,35,81,51,127,103,37,82,113,16,126,60,75" hai1="66,84,34,59,94,10,52,68,49,73,88,26,107" hai2="131,132,50,53,83,135,33,109,4,3,43,61,110" hai3="92,38,48,21,72,119,25,116,5,67,124,58,22"/><V57/><F33/><W36/><G72/><T97/><D37/><U101/><E73/><V130/><F4/><W121/><G121/><T46/><D35/><U111/><E111/><N who="2" m="42507" /><F83/><N who="0" m="31754" /><D60/><U85/><E10/><V14/><F14/><W100/><G124/><N who="0" m="47659" /><D75/><U125/><E125/><V80/><F80/><W54/><G5/><T40/><D16/><U106/><E101/><V13/><F13/><W32/><G38/><T128/><D128/><N who="2" m="49194" /><F3/><W31/><G36/><T74/><D74/><U134/><E34/><V63/><F43/><W19/><G32/><T18/><D18/><U99/><E26/><V7/><F7/><W56/><G31/><T120/><D120/><U78/><E78/><V42/><F42/><W76/><G76/><T20/><D20/><U9/><E9/><V117/><F117/><W104/><G116/><T12/><D12/><U114/><E68/><V39/><F39/><W91/><G119/><T105/><AGARI ba="0,0" hai="40,46,51,97,103,105,113,115" m="47659,31754" machi="105" ten="30,1100,0" yaku="18,1" doraHai="15" who="0" fromWho="0" sc="250,11,211,-3,341,-5,198,-3" /><INIT seed="3,0,0,0,4,61" ten="261,208,336,195" oya="3" hai0="55,70,17,75,30,74,109,121,35,9,98,101,110" hai1="10,59,118,111,48,36,62,117,97,44,124,93,91" hai2="34,23,12,7,132,18,21,25,76,79,41,96,128" hai3="105,130,13,33,134,19,67,103,54,56,77,68,122"/><W129/><G122/><T32/><D70/><U115/><E36/><V64/><F34/><W11/><G33/><N who="0" m="12875" /><D30/><U85/><E115/><V65/><F41/><W45/><G134/><T88/><D55/><U69/><E69/><V113/><F132/><W28/><G28/><T58/><D58/><U131/><E131/><N who="3" m="50186" /><G77/><N who="2" m="29769" /><F113/><W107/><G45/><T92/><D121/><U81/><E111/><N who="0" m="42505" /><D101/><U52/><E124/><V66/><F128/><W24/><G24/><T2/><D17/><U119/><E10/><N who="2" m="4191" /><F96/><N who="3" m="61671" /><G107/><T125/><D125/><U87/><REACH who="1" step="1"/><E81/><REACH who="1" ten="261,198,336,195" step="2"/><V73/><F73/><N who="0" m="27658" /><D9/><U3/><E3/><AGARI ba="0,1" hai="2,3,88,92,98" m="27658,42505,12875" machi="3" ten="40,2600,0" yaku="14,1,54,1" doraHai="61" who="0" fromWho="1" sc="261,36,198,-26,336,0,195,0" /><INIT seed="4,0,0,3,5,92" ten="297,172,336,195" oya="0" hai0="9,85,131,71,86,21,4,65,96,76,129,89,100" hai1="28,81,27,31,58,54,110,91,70,72,105,42,11" hai2="35,95,128,114,109,133,19,5,66,69,0,77,117" hai3="104,16,61,127,111,74,10,45,75,68,63,112,108"/><T102/><D71/><U43/><E70/><V126/><RYUUKYOKU type="yao9" ba="0,0" sc="297,0,172,0,336,0,195,0" hai2="0,5,19,35,66,69,77,95,109,114,117,126,128,133" /><INIT seed="4,1,0,3,1,112" ten="297,172,336,195" oya="0" hai0="59,23,24,91,11,105,50,118,78,65,26,15,63" hai1="22,92,3,8,97,84,74,67,62,129,83,25,5" hai2="46,14,82,64,133,27,0,89,1,32,104,47,20" hai3="2,93,111,107,16,10,48,109,58,31,70,28,43"/><T113/><D118/><U85/><E129/><V108/><F108/><W76/><G107/><T29/><D113/><U56/><E74/><V117/><F117/><W81/><G70/><T73/><D105/><U94/><E94/><V126/><F0/><W51/><G93/><T116/><D116/><U17/><E83/><V72/><F1/><W36/><G36/><T127/><D127/><U18/><E18/><V37/><F32/><W71/><G71/><T123/><D123/><U12/><E3/><V40/><F14/><W135/><G135/><T75/><D78/><U128/><REACH who="1" step="1"/><E128/><REACH who="1" ten="297,162,336,195" step="2"/><V61/><F104/><W44/><G2/><T54/><D91/><AGARI ba="1,1" hai="5,8,12,17,22,25,56,62,67,84,85,91,92,97" machi="91" ten="30,8000,1" yaku="1,1,2,1,7,1,8,1,53,1" doraHai="112" doraHaiUra="60" who="1" fromWho="0" sc="297,-83,162,93,336,0,195,0" /><INIT seed="5,0,0,2,4,3" ten="214,255,336,195" oya="1" hai0="122,95,117,63,24,82,43,18,85,2,35,22,13" hai1="75,25,113,19,5,100,127,65,62,41,123,40,59" hai2="99,73,51,90,7,107,87,66,121,77,60,81,70" hai3="101,130,93,53,92,37,42,61,110,6,111,47,84"/><U124/><E75/><V72/><F121/><W11/><G130/><T57/><D117/><U36/><E123/><V125/><F125/><N who="1" m="48201" /><E113/><V38/><F51/><W17/><G17/><T54/><D122/><U10/><E36/><V49/><F49/><W89/><G61/><T14/><D2/><N who="1" m="311" /><E100/><V29/><F29/><W131/><G53/><T33/><D43/><U16/><E25/><V106/><F38/><W112/><G131/><T135/><D135/><U104/><E104/><V23/><F23/><W129/><G129/><T0/><D0/><U94/><E94/><V74/><F7/><W80/><G112/><T102/><D35/><U91/><E91/><V118/><F118/><W116/><G116/><T34/><D33/><U50/><E50/><V52/><F52/><W109/><REACH who="3" step="1"/><G101/><REACH who="3" ten="214,255,336,185" step="2"/><T67/><D54/><U128/><E128/><V79/><F60/><W1/><AGARI ba="0,1" hai="1,6,11,37,42,47,80,84,89,92,93,109,110,111" machi="1" ten="30,7900,0" yaku="1,1,2,1,0,1,52,1,53,0" doraHai="3" doraHaiUra="126" who="3" fromWho="3" sc="214,-20,255,-39,336,-20,185,89" /><INIT seed="6,0,0,4,2,0" ten="194,216,316,274" oya="2" hai0="11,91,73,13,47,124,96,54,94,82,64,77,33" hai1="52,100,130,17,40,29,79,90,34,15,30,112,109" hai2="89,62,59,21,114,23,10,9,76,123,67,56,86" hai3="72,98,93,128,85,1,107,50,32,3,27,115,28"/><V49/><F123/><W80/><G72/><T38/><D124/><U57/><E109/><V104/><F76/><W25/><G107/><T18/><D33/><U39/><E112/><V122/><F122/><W20/><G115/><T63/><D38/><U117/><E117/><V125/><F125/><W116/><G50/><T113/><D113/><U134/><E134/><V35/><F35/><W26/><G128/><T101/><D47/><U129/><E34/><V37/><F104/><W69/><G69/><T66/><D54/><U4/><E79/><V43/><F37/><W55/><G55/><T48/><D48/><N who="1" m="30855" /><E100/><V12/><F114/><W31/><G27/><T135/><D135/><U42/><E39/><V36/><F36/><W68/><G68/><T6/><D6/><U41/><E90/><V97/><F97/><W46/><G46/><T110/><D110/><U99/><E99/><V131/><F9/><W75/><G75/><T81/><D63/><U108/><E108/><V118/><F131/><N who="1" m="50185" /><E4/><N who="2" m="3143" /><F118/><W60/><G116/><T103/><D103/><U8/><AGARI ba="0,0" hai="8,15,17,29,30,40,41,42" m="50185,30855" machi="8" ten="30,2000,0" yaku="19,1,54,1" doraHai="0" who="1" fromWho="1" sc="194,-5,216,20,316,-10,274,-5" /><INIT seed="7,0,0,5,0,112" ten="189,236,306,269" oya="3" hai0="98,28,32,44,18,130,86,56,13,36,104,135,97" hai1="78,119,1,103,49,48,14,35,121,127,61,12,45" hai2="109,99,124,19,33,91,63,27,83,133,113,93,102" hai3="64,59,92,66,132,22,37,90,88,8,87,82,105"/><W57/><G105/><T46/><D130/><U60/><E35/><V134/><F109/><W42/><G132/><N who="2" m="50793" /><F113/><W68/><G68/><T58/><D135/><U53/><E1/><V117/><F124/><W9/><G37/><T96/><D104/><U0/><E0/><V50/><F117/><W38/><G38/><T15/><D32/><U54/><E121/><V131/><F131/><W11/><G42/><T80/><D28/><U72/><E78/><V111/><F111/><W2/><G2/><T84/><D36/><U116/><E72/><V20/><F50/><W67/><G22/><T29/><D29/><U5/><E103/><V107/><F33/><W6/><G6/><T52/><D58/><U62/><E127/><V31/><F83/><W95/><G82/><T77/><D86/><AGARI ba="0,0" hai="8,9,11,57,59,64,66,67,86,87,88,90,92,95" machi="86" ten="40,7700,0" yaku="9,1,8,1,54,1" doraHai="112" who="3" fromWho="0" sc="189,-77,236,0,306,0,269,77" owari="112,-39.0,236,-16.0,306,11.0,346,44.0" /></mjloggm>