<mjloggm ver="2.3"><GO type="97" lobby="0"/><UN n0="%74%79%6F%6B%6F%37%37" n1="%E8%A6%AA%E6%88%9A%E3%81%AA%E3%81%AE%E3%81%89" n2="%E5%B0%B1%E6%B4%BB%E7%94%9F%40%E5%B7%9D%E6%9D%91%E8%BB%8D%E5%9B%A3" n3="%74%6F%6E%6E%64%61%67%6F" dan="14,14,14,14" rate="1900.11,1909.18,1959.25,1916.03" sx="M,M,M,F"/><TAIKYOKU oya="0"/><INIT seed="0,0,0,4,3,4" ten="250,250,250,250" oya="0" hai0="60,87,34,90,86,84,79,82,91,125,128,124,121" hai1="18,134,8,130,14,51,98,116,67,30,112,75,118" hai2="111,52,1,56,35,108,96,24,120,76,107,123,110" hai3="45,122,58,50,97,89,3,68,106,46,78,81,66"/><T85/><D34/><U133/><E75/><V95/><F1/><W117/><G68/><T43/><D60/><U103/><E30/><N who="2" m="19911" /><F76/><W132/><G132/><N who="1" m="50794" /><E67/><V0/><F0/><W9/><G117/><N who="1" m="45162" /><E51/><N who="2" m="30751" /><F107/><W55/><G122/><T93/><D121/><U113/><E130/><V49/><F49/><W29/><G29/><T127/><D43/><U20/><E103/><AGARI ba="0,0" hai="95,96,103,108,110,111,120,123" m="30751,19911" machi="103" ten="30,2000,0" yaku="14,1,54,1" doraHai="4" who="2" fromWho="1" sc="250,0,250,-20,250,20,250,0" /><INIT seed="1,0,0,5,4,75" ten="250,230,270,250" oya="1" hai0="20,115,66,86,13,80,114,116,17,28,22,67,40" hai1="99,89,27,83,73,54,2,82,43,119,109,38,53" hai2="126,76,52,98,132,34,127,78,129,44,60,125,79" hai3="46,11,42,5,7,91,88,107,96,37,57,130,3"/><U0/><E119/><V104/><F129/><W101/><G130/><T51/><D116/><U97/><E38/><V124/><F132/><W92/><G7/><T35/><D35/><U135/><E43/><V4/><F124/><W62/><G107/><T110/><D110/><U9/><E135/><V77/><F77/><W93/><REACH who="3" step="1"/><G92/><REACH who="3" ten="250,230,270,240" step="2"/><T1/><D115/><U69/><E109/><V33/><F4/><W105/><G105/><T25/><D114/><U95/><E99/><V94/><F104/><W68/><G68/><T108/><D108/><U48/><E69/><V63/><F63/><W128/><G128/><T18/><D1/><U61/><E61/><V117/><F117/><W106/><G106/><T58/><D28/><U56/><E0/><V90/><F60/><W24/><G24/><T100/><D100/><U120/><E27/><V131/><F131/><W111/><G111/><T29/><D29/><U23/><E120/><V39/><F39/><W87/><G87/><T134/><D134/><U10/><E73/><V31/><F31/><W85/><G85/><T15/><D25/><U12/><E2/><V121/><F121/><W50/><G50/><AGARI ba="0,1" hai="33,34,44,50,52,76,78,79,90,94,98,125,126,127" machi="50" ten="50,8000,1" yaku="18,1,52,3,54,1" doraHai="75" who="2" fromWho="3" sc="250,0,230,0,270,90,240,-80" /><INIT seed="2,0,0,5,0,63" ten="250,230,360,160" oya="2" hai0="36,33,41,84,58,93,117,116,32,7,38,113,94" hai1="57,107,64,126,88,112,69,4,134,52,81,97,99" hai2="0,122,120,51,14,25,39,102,129,83,108,16,80" hai3="40,27,22,44,48,75,105,62,68,72,103,87,66"/><V82/><F39/><N who="0" m="14890" /><D58/><U23/><E112/><V98/><F0/><W13/><G13/><T46/><D7/><U11/><E126/><V29/><F129/><W50/><G50/><N who="0" m="26959" /><D113/><U15/><E134/><V132/><F132/><W1/><G1/><T43/><D43/><U130/><E130/><V9/><F108/><W12/><G12/><T111/><D111/><U47/><E47/><V106/><REACH who="2" step="1"/><F51/><REACH who="2" ten="250,230,350,160" step="2"/><W115/><G115/><T21/><D117/><U90/><E107/><V127/><F127/><W96/><REACH who="3" step="1"/><G87/><REACH who="3" ten="250,230,350,150" step="2"/><T109/><D84/><U124/><E124/><V104/><F104/><W34/><G34/><AGARI ba="0,2" hai="9,14,16,25,29,34,80,82,83,98,102,106,120,122" machi="34" ten="40,3900,0" yaku="1,1,54,1,53,0" doraHai="63" doraHaiUra="60" who="2" fromWho="3" sc="250,0,230,0,350,59,150,-39" /><INIT seed="2,1,0,2,4,111" ten="250,230,409,111" oya="2" hai0="38,84,28,47,15,118,61,60,8,112,91,14,2" hai1="135,99,41,21,0,70,121,81,103,39,6,77,49" hai2="13,107,78,96,75,27,18,20,110,35,10,123,93" hai3="29,67,37,71,44,133,127,43,51,130,85,132,52"/><V66/><F107/><W55/><G29/><T116/><D28/><U122/><E70/><V101/><F123/><N who="1" m="47113" /><E21/><V104/><F110/><W108/><G108/><T42/><D2/><U86/><E39/><V117/><F35/><W94/><G127/><T4/><D15/><U80/><E80/><V3/><F3/><W74/><G74/><T124/><D124/><U23/><E23/><V54/><F117/><N who="0" m="45162" /><D61/><U59/><E59/><V11/><F66/><W68/><G85/><T82/><D60/><U125/><E125/><V72/><F104/><W9/><G94/><T65/><D65/><U5/><E0/><V98/><F98/><W109/><G9/><T90/><D90/><U22/><E22/><V114/><F78/><W88/><G88/><T50/><D38/><U25/><E25/><V134/><F134/><N who="3" m="51819" /><G130/><T89/><D89/><U129/><E135/><V63/><F75/><W57/><G109/><T56/><D56/><U58/><E129/><V128/><F72/><W31/><G31/><T102/><D102/><U17/><E17/><V30/><F128/><W73/><G73/><T64/><D64/><U24/><E24/><V26/><F27/><W36/><G36/><T45/><D45/><N who="1" m="25775" /><E58/><V16/><F26/><W126/><G126/><T119/><N who="0" m="45170" /><T33/><DORA hai="105" /><D33/><U79/><E79/><V83/><F30/><W106/><G106/><AGARI ba="1,0" hai="5,6,77,81,86,99,103,106" m="25775,47113" machi="106" ten="30,1000,0" yaku="13,1" doraHai="111,105" who="1" fromWho="3" sc="250,0,230,13,409,0,111,-13" /><INIT seed="3,0,0,2,5,15" ten="250,243,409,98" oya="3" hai0="108,80,77,41,73,102,29,113,90,89,55,58,48" hai1="27,13,70,56,110,112,83,16,39,132,47,111,120" hai2="50,72,135,91,96,46,32,92,43,124,12,76,71" hai3="19,88,82,52,134,87,51,22,114,8,67,121,118"/><W17/><G121/><T128/><D108/><N who="1" m="41515" /><E120/><V54/><F71/><W23/><G118/><T66/><D128/><U25/><E70/><V84/><F124/><W131/><G114/><T81/><D113/><U105/><E112/><V20/><F135/><W2/><G134/><T14/><D102/><U130/><E132/><V117/><F32/><W62/><G131/><T78/><D66/><U64/><E130/><V65/><F65/><W129/><G129/><T26/><D14/><U123/><E123/><V42/><F72/><W6/><G22/><T109/><D41/><N who="1" m="22975" /><E105/><V7/><F117/><W60/><G23/><T74/><D109/><U21/><E83/><N who="2" m="47207" /><F20/><AGARI ba="0,0" hai="20,26,29,48,55,58,73,74,77,78,80,81,89,90" machi="20" ten="30,2000,0" yaku="7,1,9,1" doraHai="15" who="0" fromWho="2" sc="250,20,243,0,409,-20,98,0" owari="270,7.0,243,-16.0,389,49.0,98,-40.0" /></mjloggm>