<mjloggm ver="2.3"><GO type="169" lobby="0"/><UN n0="%E9%BA%BB%E9%9B%80%E7%89%87%E6%83%B3%E3%81%84" n1="%E3%82%A6%E3%83%AB%E3%83%88%E3%83%A9%E7%AB%8B%E7%9B%B4" n2="%E3%83%A1%E3%82%AD%E3%83%AD%E3%82%B9" n3="%EF%BC%93%E7%95%AA%E3%82%B7%E3%83%A7%E3%83%BC%E3%83%88%E5%9D%82%E7%94%B0" dan="17,17,17,16" rate="2115.43,2200.06,2177.50,2137.64" sx="M,M,M,M"/><TAIKYOKU oya="0"/><INIT seed="0,0,0,0,3,53" ten="250,250,250,250" oya="0" hai0="48,122,63,76,115,104,31,101,102,103,79,135,116" hai1="123,56,109,29,25,45,96,5,106,74,90,69,64" hai2="17,82,120,14,93,34,99,70,98,41,49,130,61" hai3="59,27,7,108,43,38,42,4,33,66,39,65,118"/><T32/><D116/><U85/><E74/><V127/><F120/><W86/><G33/><T133/><D104/><U114/><E123/><V54/><F130/><W6/><G27/><T55/><D115/><U24/><E109/><V124/><F34/><W87/><G108/><T62/><D122/><U84/><E69/><V119/><F119/><W89/><G89/><T107/><D107/><U9/><E45/><V21/><F82/><W83/><G83/><T28/><D32/><U110/><E110/><V117/><F117/><W13/><G13/><T126/><D126/><N who="2" m="48170" /><F93/><W80/><G80/><T81/><D81/><U30/><E106/><V57/><F41/><N who="3" m="15371" /><G59/><N who="0" m="33255" /><D135/><U60/><E114/><V78/><F78/><N who="0" m="29738" /><D133/><U50/><E25/><V8/><F8/><W67/><G118/><T94/><D94/><N who="1" m="56407" /><E24/><V36/><F36/><AGARI ba="0,0" hai="4,6,7,36,38,39,65,66,67,86,87" m="15371" machi="36" ten="40,2600,0" yaku="28,2" doraHai="53" who="3" fromWho="2" sc="250,0,250,0,250,-26,250,26" /><INIT seed="1,0,0,0,4,73" ten="250,250,224,276" oya="1" hai0="82,48,50,118,41,99,49,103,37,135,61,76,18" hai1="111,131,7,107,64,20,81,2,67,8,92,15,19" hai2="72,70,38,65,55,106,40,28,0,47,109,115,77" hai3="59,58,1,134,45,10,36,94,87,44,62,17,56"/><U11/><E107/><V79/><F106/><W120/><G120/><T16/><D135/><U52/><E131/><V113/><F72/><W9/><G1/><T29/><D118/><U5/><E111/><V93/><F109/><W80/><G134/><T130/><D130/><U34/><E34/><V96/><F0/><W32/><G32/><T110/><D110/><U26/><E92/><V133/><F133/><W91/><G36/><T35/><D61/><U121/><E121/><V123/><F123/><W75/><G75/><T12/><D35/><U126/><E126/><V14/><F28/><W108/><G108/><T27/><D29/><U43/><E43/><V128/><F128/><W3/><G3/><T97/><D27/><U88/><REACH who="1" step="1"/><E52/><REACH who="1" ten="250,240,224,276" step="2"/><V31/><F55/><W71/><G94/><T95/><D99/><U125/><E125/><V98/><F96/><W66/><G45/><T57/><D41/><U21/><E21/><V69/><F98/><W119/><G119/><T84/><D37/><U90/><E90/><V68/><F93/><W4/><G44/><T30/><D30/><U53/><E53/><V132/><F132/><W104/><G104/><T117/><D117/><U60/><E60/><V89/><F89/><W100/><G62/><T24/><D24/><U102/><E102/><V54/><F54/><W33/><G100/><T23/><D18/><U13/><E13/><V39/><F14/><N who="3" m="7375" /><G33/><T101/><D101/><U116/><E116/><V114/><F31/><W78/><G91/><T129/><D129/><U86/><AGARI ba="0,1" hai="2,5,7,8,11,15,19,20,26,64,67,81,86,88" machi="86" ten="30,12000,1" yaku="1,1,0,1,54,1,53,2" doraHai="73" doraHaiUra="6" who="1" fromWho="1" sc="250,-40,240,130,224,-40,276,-40" /><INIT seed="1,1,0,4,1,9" ten="210,370,184,236" oya="1" hai0="39,35,27,115,98,15,131,47,113,57,130,126,135" hai1="132,69,66,18,36,94,61,49,22,12,38,121,10" hai2="25,122,117,7,80,24,81,48,114,56,87,127,65" hai3="33,92,59,43,78,0,102,23,96,26,76,64,37"/><U120/><E132/><V89/><F117/><W62/><G33/><T21/><D35/><U40/><E49/><V3/><F122/><W41/><G0/><T17/><D135/><U105/><E105/><V1/><F127/><W106/><G106/><T34/><D126/><U90/><E40/><N who="3" m="15434" /><G37/><T14/><D39/><U86/><E38/><V134/><F134/><W74/><G74/><T93/><D47/><U53/><E53/><V8/><F114/><N who="0" m="43530" /><D57/><U11/><REACH who="1" step="1"/><E36/><REACH who="1" ten="210,360,184,236" step="2"/><V28/><F48/><W63/><G63/><T68/><D93/><U58/><E58/><V75/><F56/><W88/><G102/><T108/><D68/><U128/><E128/><N who="0" m="49193" /><D108/><U29/><E29/><AGARI ba="1,1" hai="23,26,29,59,62,64,76,78,88,92,96" m="15434" machi="29" ten="30,2000,0" yaku="8,1,54,1" doraHai="9" who="3" fromWho="1" sc="210,0,360,-23,184,0,236,33" /><INIT seed="2,0,0,0,4,120" ten="210,337,184,269" oya="2" hai0="129,98,38,55,83,42,23,12,134,49,65,88,103" hai1="4,37,80,125,73,63,95,82,6,17,45,86,94" hai2="7,29,81,16,112,66,118,19,18,108,46,15,47" hai3="122,84,21,115,74,30,36,24,96,130,91,26,72"/><V106/><F112/><W93/><G122/><T62/><D129/><U48/><E37/><V90/><F118/><W89/><G130/><T8/><D134/><U135/><E135/><V131/><F131/><W85/><G36/><T28/><D38/><U51/><E125/><V57/><F106/><W35/><G115/><T10/><D42/><U75/><E63/><N who="2" m="38255" /><F29/><W11/><G11/><T128/><D128/><U119/><E17/><V41/><F108/><W76/><G76/><T3/><D3/><U110/><E86/><N who="2" m="50511" /><F41/><W25/><G96/><T117/><D117/><U123/><E119/><V77/><F77/><W126/><G126/><T33/><D33/><U70/><E70/><V97/><F97/><W100/><G100/><T109/><D109/><U107/><E107/><V60/><F60/><W78/><G78/><T39/><D39/><U14/><E123/><V0/><F0/><W5/><G74/><T56/><D28/><U132/><E132/><V50/><F50/><W1/><G72/><T101/><D101/><U116/><E116/><V114/><F114/><W54/><G35/><T20/><D103/><U121/><E121/><V2/><F2/><W92/><G54/><T64/><D64/><U27/><E110/><V71/><F71/><W68/><G68/><T127/><D127/><U105/><E105/><V99/><F99/><W124/><G124/><T44/><D98/><U32/><E75/><V31/><F31/><W40/><G40/><T113/><D113/><U58/><E73/><V59/><F59/><W61/><G61/><T9/><D12/><U102/><E32/><RYUUKYOKU ba="0,0" sc="210,10,337,-30,184,10,269,10" hai0="8,9,10,20,23,44,49,55,56,62,65,83,88" hai2="7,15,16,18,19,46,47" hai3="1,5,21,24,25,26,30,84,85,89,91,92,93" /><INIT seed="2,1,0,5,3,16" ten="220,307,194,279" oya="2" hai0="60,29,82,41,130,111,126,12,9,23,27,33,1" hai1="127,102,40,59,21,46,101,55,54,109,104,70,107" hai2="87,105,47,116,65,81,117,79,133,68,100,13,108" hai3="64,34,75,14,63,94,43,0,20,62,50,119,89"/><V17/><F133/><W38/><G34/><T22/><D41/><U112/><E70/><V8/><F108/><W122/><G0/><T32/><D82/><U37/><E109/><V125/><F125/><W91/><G75/><T73/><D73/><U56/><E127/><V53/><F68/><W115/><G38/><T51/><D51/><U44/><E40/><V129/><F129/><W7/><G122/><T123/><D60/><U113/><REACH who="1" step="1"/><E21/><REACH who="1" ten="220,297,194,279" step="2"/><N who="0" m="7689" /><D111/><U61/><E61/><V72/><F117/><W11/><G63/><T36/><D126/><U132/><E132/><V58/><F116/><W110/><G119/><T99/><D123/><U52/><E52/><V106/><F53/><W92/><G110/><T98/><D36/><AGARI ba="1,1" hai="36,37,44,46,54,55,56,59,101,102,104,107,112,113" machi="36" ten="25,8000,1" yaku="1,1,22,2,53,2" doraHai="16" doraHaiUra="42" who="1" fromWho="0" sc="220,-83,297,93,194,0,279,0" /><INIT seed="3,0,0,3,0,38" ten="137,390,194,279" oya="3" hai0="51,60,12,20,85,78,100,82,111,13,35,2,122" hai1="41,103,133,18,126,7,95,5,93,33,114,134,10" hai2="4,65,39,8,74,118,45,81,83,36,25,117,116" hai3="56,59,105,80,101,106,88,112,70,129,49,72,66"/><W79/><G112/><T61/><D2/><U50/><E33/><V14/><F65/><W77/><G77/><T21/><D35/><U107/><E107/><V94/><F94/><W19/><G129/><T31/><D111/><U52/><E114/><V29/><F74/><W55/><G70/><T24/><D122/><U90/><E126/><V47/><F47/><W109/><G109/><T71/><D100/><U1/><E41/><V32/><REACH who="2" step="1"/><F36/><REACH who="2" ten="137,390,184,279" step="2"/><W37/><G105/><T130/><D130/><U127/><E95/><V67/><F67/><W57/><G37/><T96/><D96/><U48/><E93/><V113/><F113/><W120/><G66/><T123/><D71/><U9/><E127/><V87/><F87/><N who="3" m="50279" /><G106/><T0/><D123/><U11/><E133/><V27/><F27/><W86/><G72/><T125/><D125/><U58/><E134/><V102/><F102/><W43/><G101/><T44/><D0/><U128/><E103/><V108/><F108/><W131/><G120/><T121/><D121/><U6/><E128/><V91/><F91/><W99/><G131/><T68/><D68/><U16/><E1/><V15/><F15/><W23/><G99/><T75/><D75/><U69/><E90/><V84/><F84/><W26/><G55/><N who="0" m="30183" /><D13/><U132/><E132/><V115/><F115/><W40/><G49/><T98/><D98/><U92/><E69/><V3/><F3/><W53/><G53/><T63/><D12/><U73/><E73/><V30/><F30/><W110/><G110/><T64/><D64/><U104/><E104/><V124/><F124/><RYUUKYOKU ba="0,1" sc="137,10,390,-30,184,10,279,10" hai0="20,21,24,31,60,61,63,78,82,85" hai2="4,8,14,25,29,32,39,45,81,83,116,117,118" hai3="19,23,26,40,43,56,57,59,79,86" /><INIT seed="3,1,1,2,3,72" ten="147,360,194,289" oya="3" hai0="109,90,0,79,2,9,76,126,115,16,10,127,84" hai1="125,7,56,114,64,14,36,110,106,28,54,111,75" hai2="105,87,62,89,85,23,120,81,93,116,129,69,8" hai3="40,4,49,80,68,55,25,41,12,101,86,135,18"/><W100/><G68/><T61/><D61/><U132/><E106/><V58/><F116/><W124/><G135/><T94/><D109/><N who="1" m="41483" /><E75/><V131/><F105/><W113/><G25/><T46/><D46/><U48/><E114/><V6/><F120/><W50/><G4/><T119/><D115/><U21/><E36/><V74/><F23/><N who="3" m="11719" /><G124/><N who="0" m="47659" /><D119/><U112/><E112/><V38/><F38/><W30/><G30/><T57/><D57/><U60/><E132/><V31/><F31/><W66/><G66/><T32/><D32/><U104/><E104/><V108/><F108/><W88/><G113/><T37/><D37/><U39/><E39/><V17/><F17/><W53/><G41/><T27/><D10/><N who="1" m="4447" /><E125/><V91/><F69/><W67/><G67/><T71/><D71/><N who="1" m="42375" /><E21/><V99/><F74/><W122/><G122/><T73/><D73/><U42/><E42/><V96/><F129/><W118/><G118/><T65/><D65/><U13/><E28/><V97/><F131/><W82/><G40/><T78/><D27/><U77/><E13/><AGARI ba="1,1" hai="0,2,9,13,16,76,78,79,84,90,94" m="47659" machi="13" ten="30,8000,1" yaku="18,1,52,3,54,1" doraHai="72" who="0" fromWho="1" sc="147,93,360,-83,194,0,289,0" /><INIT seed="4,0,0,0,3,124" ten="240,277,194,289" oya="0" hai0="70,125,88,77,28,127,54,81,73,89,117,47,14" hai1="18,51,134,15,19,53,72,93,75,92,21,96,10" hai2="40,109,74,41,3,103,104,135,76,82,116,126,67" hai3="97,33,78,100,35,87,48,1,45,71,49,105,50"/><T2/><D2/><U9/><E134/><V25/><F126/><N who="0" m="48138" /><D117/><U90/><E93/><V85/><F135/><W56/><G1/><T120/><D120/><U112/><E112/><V38/><F109/><W129/><G71/><T29/><D70/><U30/><E30/><N who="0" m="11881" /><D14/><U58/><REACH who="1" step="1"/><E9/><REACH who="1" ten="240,267,194,289" step="2"/><V86/><F116/><W12/><G105/><T23/><D23/><U7/><E7/><V42/><F104/><W34/><G35/><T107/><D107/><U62/><E62/><V95/><F95/><W102/><G34/><T43/><D54/><U114/><E114/><V55/><F55/><W119/><G33/><T6/><D6/><U91/><E91/><V113/><F113/><W122/><G119/><T27/><D27/><AGARI ba="0,1" hai="10,15,18,19,21,27,51,53,58,72,75,90,92,96" machi="27" ten="30,2000,0" yaku="1,1,7,1,53,0" doraHai="124" doraHaiUra="24" who="1" fromWho="0" sc="240,-20,267,30,194,0,289,0" /><INIT seed="5,0,0,0,1,96" ten="220,297,194,289" oya="1" hai0="9,75,60,99,36,115,3,56,20,38,87,130,74" hai1="67,34,66,68,100,44,12,42,33,69,30,129,19" hai2="58,123,105,124,121,24,31,71,131,84,135,97,13" hai3="49,82,52,48,37,10,125,65,80,15,53,26,46"/><U40/><E129/><V17/><F71/><W133/><G133/><T114/><D130/><U112/><E30/><V18/><F131/><W57/><G125/><T27/><D87/><U63/><E112/><N who="0" m="43049" /><D3/><U117/><E117/><V109/><F124/><W59/><G26/><T8/><D8/><U72/><E72/><N who="0" m="27689" /><D9/><U39/><E42/><V14/><F135/><W62/><REACH who="3" step="1"/><G37/><REACH who="3" ten="220,297,194,279" step="2"/><T77/><D36/><U106/><E39/><V134/><F24/><W32/><G32/><T16/><D38/><U70/><E34/><V108/><F134/><W104/><G104/><T128/><D128/><U83/><E33/><V21/><F105/><W126/><G126/><T88/><D77/><U89/><E106/><V51/><F109/><W35/><G35/><T50/><D50/><U55/><E63/><V92/><F108/><W25/><G25/><T23/><D23/><U85/><E69/><V94/><F51/><W5/><AGARI ba="0,1" hai="5,10,15,46,48,49,52,53,57,59,62,65,80,82" machi="5" ten="20,8000,1" yaku="1,1,0,1,7,1,8,1,54,1,53,0" doraHai="96" doraHaiUra="116" who="3" fromWho="3" sc="220,-20,297,-40,194,-20,279,90" /><INIT seed="6,0,0,2,4,41" ten="200,257,174,369" oya="2" hai0="115,48,86,88,75,84,12,102,106,46,94,69,52" hai1="66,100,89,85,42,65,33,99,51,3,97,101,79" hai2="1,13,11,61,134,107,32,98,123,73,133,19,112" hai3="91,15,47,131,124,0,29,25,71,56,30,63,55"/><V93/><F123/><W126/><G0/><T9/><D69/><U80/><E33/><V118/><F118/><W39/><G131/><T40/><D75/><U110/><E3/><V4/><F112/><W113/><G113/><T83/><D115/><U74/><E110/><V78/><F32/><W27/><G71/><T38/><D106/><U70/><E70/><V109/><F109/><W72/><G15/><T128/><D128/><U43/><E43/><V53/><F107/><W96/><G72/><T64/><D64/><U26/><E26/><N who="3" m="9738" /><G39/><T49/><D102/><N who="1" m="39531" /><E79/><V17/><F78/><W108/><G108/><T62/><D62/><U2/><E2/><V82/><F82/><W103/><G47/><N who="0" m="27711" /><D38/><U16/><E74/><V44/><F73/><W54/><G124/><T125/><D125/><U22/><E66/><V119/><F119/><W37/><G37/><T114/><D114/><U31/><E65/><V122/><F122/><W6/><G126/><T127/><D127/><U130/><E130/><V111/><F111/><W68/><G68/><T20/><D20/><U117/><E117/><V92/><F98/><W45/><G96/><N who="0" m="57415" /><D83/><U116/><E116/><V57/><F44/><W105/><G105/><T50/><D50/><U129/><E99/><V90/><F90/><W8/><G63/><T67/><D67/><U10/><E97/><V135/><REACH who="2" step="1"/><F19/><AGARI ba="0,0" hai="9,12,19,40,46,48,84,86" m="57415,27711" machi="19" ten="30,8000,1" yaku="8,1,52,2,54,2" doraHai="41" who="0" fromWho="2" sc="200,80,257,0,174,-80,369,0" /><INIT seed="7,0,0,1,1,67" ten="280,257,94,369" oya="3" hai0="99,101,93,119,126,13,109,55,31,3,94,83,46" hai1="71,57,26,98,103,0,84,7,69,89,124,36,51" hai2="40,32,64,72,54,87,132,5,75,49,108,91,100" hai3="90,39,17,43,44,16,29,77,85,63,27,82,35"/><W97/><G63/><T96/><D3/><U134/><E36/><V21/><F32/><W4/><G4/><T129/><D109/><U70/><E124/><V23/><F108/><W106/><REACH who="3" step="1"/><G90/><REACH who="3" ten="280,257,94,359" step="2"/><T66/><D126/><U9/><E134/><V95/><F72/><W80/><G80/><T8/><D83/><U78/><E78/><V52/><F75/><W111/><G111/><T1/><D119/><U53/><E26/><V33/><F33/><W86/><G86/><T38/><D129/><U125/><E125/><V20/><F132/><W25/><G25/><T133/><D133/><U56/><E84/><V74/><F74/><W105/><G105/><T113/><D113/><U30/><E89/><V42/><F100/><AGARI ba="0,1" hai="16,17,27,29,35,39,43,44,77,82,85,97,100,106" machi="100" ten="40,3900,0" yaku="1,1,54,1,53,0" doraHai="67" doraHaiUra="65" who="3" fromWho="2" sc="280,0,257,0,94,-39,359,49" owari="280,8.0,257,-14.0,55,-44.0,408,50.0" /></mjloggm>