<mjloggm ver="2.3"><GO type="97" lobby="0"/><UN n0="%E7%A5%90%E5%B8%8C%E5%A0%82%E4%BC%8A%E7%B9%94" n1="%E3%83%88%E3%83%88%E3%83%AA%E5%85%88%E7%94%9F%31%39%E6%AD%B3" n2="%73%74%65%69%6E" n3="%E8%B6%B3%E3%81%AE%E8%B8%8F%E3%81%BF%E5%A0%B4%E3%82%82%E3%81%AA%E3%81%84" dan="15,15,14,15" rate="1937.56,2074.82,1996.91,2072.26" sx="M,F,M,M"/><TAIKYOKU oya="0"/><INIT seed="0,0,0,1,3,84" ten="250,250,250,250" oya="0" hai0="131,121,89,29,59,17,113,80,76,135,119,111,108" hai1="42,39,31,107,95,27,81,52,51,115,55,98,54" hai2="7,56,14,86,125,85,38,124,77,130,25,70,63" hai3="132,36,118,40,69,60,96,88,65,41,58,19,117"/><T92/><D119/><U102/><E115/><V28/><F70/><W99/><G132/><T94/><D135/><U37/><E107/><V133/><F38/><W75/><G75/><T103/><D113/><U61/><E61/><V100/><F133/><W49/><G118/><T105/><D121/><U34/><REACH who="1" step="1"/><E81/><REACH who="1" ten="250,240,250,250" step="2"/><V0/><F63/><W73/><G117/><T82/><D82/><U79/><E79/><V101/><F77/><W120/><G120/><T128/><D105/><U23/><E23/><V4/><F125/><W129/><G129/><N who="0" m="49739" /><D29/><U93/><E93/><V32/><F124/><W8/><G73/><N who="0" m="43023" /><D17/><U126/><E126/><V44/><F28/><W26/><G19/><T97/><D59/><U24/><E24/><V48/><F56/><W6/><G26/><T13/><D13/><U134/><E134/><V122/><F25/><W20/><G58/><T116/><D116/><U78/><E78/><V110/><F122/><W50/><G20/><T47/><D47/><AGARI ba="0,1" hai="27,31,34,37,39,42,47,51,52,54,55,95,98,102" machi="47" ten="40,2600,0" yaku="1,1,54,1,53,0" doraHai="84" doraHaiUra="74" who="1" fromWho="0" sc="250,-26,240,36,250,0,250,0" /><INIT seed="1,0,0,5,3,46" ten="224,276,250,250" oya="1" hai0="37,108,134,24,95,21,133,100,57,20,96,67,15" hai1="19,34,109,79,50,72,93,101,69,115,41,49,43" hai2="85,31,44,40,91,23,118,54,130,32,70,75,125" hai3="47,128,25,39,113,106,51,107,61,64,8,26,11"/><U83/><E115/><V98/><F118/><W14/><G39/><T29/><D108/><U126/><E69/><V122/><F75/><W66/><G113/><T129/><D129/><U120/><E120/><V86/><F32/><W18/><G128/><T30/><D37/><U88/><E34/><V55/><F122/><W131/><G131/><T89/><D89/><U104/><E126/><V119/><F119/><W53/><G11/><T38/><D38/><U127/><E127/><V87/><F70/><W59/><REACH who="3" step="1"/><G66/><REACH who="3" ten="224,276,250,240" step="2"/><T92/><D134/><U10/><E10/><V82/><F130/><W62/><G62/><T22/><D133/><U110/><E109/><V123/><F125/><W68/><G68/><T80/><D67/><U5/><E110/><V58/><F123/><W4/><G4/><T94/><D24/><AGARI ba="0,1" hai="8,14,18,24,25,26,47,51,53,59,61,64,106,107" machi="24" ten="40,5200,0" yaku="1,1,52,1,53,1" doraHai="46" doraHaiUra="12" who="3" fromWho="0" sc="224,-52,276,0,250,0,240,62" /><INIT seed="2,0,0,4,4,88" ten="172,276,250,302" oya="2" hai0="51,25,114,58,37,34,104,70,83,69,125,17,118" hai1="60,45,8,124,103,109,85,20,106,101,91,132,19" hai2="38,72,30,44,73,24,81,117,65,127,97,11,22" hai3="80,32,7,99,3,67,134,116,90,119,75,4,26"/><V113/><F117/><W66/><G3/><T1/><D125/><U126/><E109/><V76/><F113/><W68/><G68/><T54/><D104/><U13/><E132/><V2/><F127/><N who="1" m="48681" /><E106/><V46/><F65/><W23/><G32/><T33/><D118/><U129/><E129/><V102/><F72/><W84/><G75/><T115/><D37/><U96/><E96/><V50/><F38/><W111/><G111/><T82/><D1/><U55/><E20/><V57/><F57/><W133/><G66/><T120/><D120/><U62/><E45/><V10/><F2/><W87/><G67/><T130/><D130/><U78/><E78/><V18/><F30/><W14/><G99/><T49/><D115/><U110/><E110/><V107/><REACH who="2" step="1"/><F46/><REACH who="2" ten="172,276,240,302" step="2"/><W94/><G119/><T56/><D114/><U48/><E62/><V40/><AGARI ba="0,1" hai="10,11,18,22,24,40,44,50,73,76,81,97,102,107" machi="40" ten="20,7800,0" yaku="1,1,2,1,0,1,7,1,53,0" doraHai="88" doraHaiUra="59" who="2" fromWho="2" sc="172,-26,276,-26,240,88,302,-26" /><INIT seed="2,1,0,5,2,38" ten="146,250,328,276" oya="2" hai0="53,36,59,125,21,26,18,51,102,39,70,78,11" hai1="29,5,99,109,135,13,76,91,40,6,118,41,69" hai2="74,98,89,27,28,64,55,104,103,124,117,33,86" hai3="17,79,8,32,87,60,111,85,52,34,80,116,84"/><V12/><F117/><W106/><G106/><T15/><D125/><U62/><E118/><V43/><F74/><W88/><G116/><T83/><D102/><U46/><E109/><V14/><F124/><W108/><G8/><T122/><D122/><U133/><E76/><V42/><F55/><W68/><G17/><T31/><REACH who="0" step="1"/><D70/><REACH who="0" ten="136,250,328,276" step="2"/><U134/><E69/><V49/><F103/><W1/><G68/><T72/><AGARI ba="1,1" hai="11,15,18,21,26,31,36,39,51,53,59,72,78,83" machi="72" ten="20,8000,1" yaku="1,1,2,1,0,1,7,1,53,1" doraHai="38" doraHaiUra="54" who="0" fromWho="0" sc="136,93,250,-21,328,-41,276,-21" /><INIT seed="3,0,0,2,1,80" ten="229,229,287,255" oya="3" hai0="126,98,92,105,130,127,39,54,43,77,21,81,96" hai1="79,46,8,129,14,26,20,71,42,24,87,66,38" hai2="12,18,123,95,102,135,57,40,132,109,119,27,61" hai3="3,7,64,134,131,124,116,2,16,47,34,41,29"/><W111/><G116/><T122/><D130/><U93/><E129/><V78/><F119/><W28/><G131/><T53/><D122/><U113/><E113/><V22/><F40/><W17/><G64/><T52/><D105/><U85/><E79/><V88/><F102/><W25/><G29/><T49/><D39/><U110/><E110/><V48/><F78/><W94/><G111/><T73/><D21/><U62/><E93/><V112/><F109/><W50/><G134/><N who="2" m="51241" /><F112/><W4/><G124/><N who="0" m="47659" /><D92/><U74/><E74/><V114/><F114/><W89/><G4/><T59/><D59/><U19/><REACH who="1" step="1"/><E26/><REACH who="1" ten="229,219,287,255" step="2"/><V125/><F125/><W118/><G118/><T86/><D73/><U10/><E10/><V0/><F27/><W90/><G94/><T100/><D100/><U75/><E75/><V115/><F95/><W65/><G25/><T36/><D36/><U91/><E91/><V72/><F88/><W68/><G90/><T44/><AGARI ba="0,1" hai="43,44,49,52,53,54,77,81,86,96,98" m="47659" machi="44" ten="40,5200,0" yaku="18,1,52,1,54,1" doraHai="80" who="0" fromWho="0" sc="229,62,219,-13,287,-13,255,-26" /><INIT seed="4,0,0,5,3,112" ten="291,206,274,229" oya="0" hai0="76,108,88,70,37,54,15,94,73,59,97,102,41" hai1="57,21,51,32,9,91,81,103,49,13,126,83,56" hai2="31,26,123,120,135,23,63,53,58,89,40,28,92" hai3="39,82,27,4,60,64,122,1,71,6,3,68,106"/><T43/><D108/><U128/><E32/><V7/><F135/><W98/><G122/><T52/><D70/><U129/><E126/><V48/><F7/><W86/><G39/><T65/><D37/><U29/><E103/><V77/><F77/><W10/><G27/><T19/><D76/><U84/><E83/><V74/><F74/><W130/><G130/><N who="1" m="50282" /><E21/><V85/><F123/><W5/><G71/><T99/><D73/><U8/><E29/><V25/><F120/><W90/><REACH who="3" step="1"/><G3/><REACH who="3" ten="291,206,274,219" step="2"/><T72/><D72/><U45/><E8/><V96/><F26/><W104/><G104/><T125/><D125/><U22/><E22/><V79/><F23/><W100/><AGARI ba="0,1" hai="1,4,5,6,10,60,64,68,82,86,90,98,100,106" machi="100" ten="30,4000,0" yaku="1,1,0,1,53,1" doraHai="112" doraHaiUra="95" who="3" fromWho="3" sc="291,-20,206,-10,274,-10,219,50" /><INIT seed="5,0,0,5,4,1" ten="271,196,264,269" oya="1" hai0="43,118,111,131,125,99,73,2,122,102,101,32,109" hai1="5,96,46,85,86,108,21,120,107,50,81,29,87" hai2="84,44,20,117,82,4,18,66,40,123,90,110,67" hai3="133,34,42,51,36,57,65,126,113,47,35,6,124"/><U33/><E120/><V130/><F123/><W54/><G113/><T62/><D131/><U22/><E108/><V10/><F117/><W129/><G129/><T7/><D125/><N who="3" m="48233" /><G133/><T97/><D32/><N who="3" m="12329" /><G65/><T25/><D118/><U11/><E81/><V93/><F110/><W94/><G94/><T77/><D43/><U26/><E96/><V88/><F130/><W31/><G31/><T9/><D25/><U49/><E107/><V70/><F70/><W72/><G6/><T45/><D45/><U135/><E135/><V71/><F71/><W80/><G80/><T68/><D122/><U106/><E106/><V52/><F67/><W103/><G103/><T91/><D91/><U100/><E100/><V89/><F66/><W63/><G72/><T24/><D24/><U76/><E76/><V16/><F89/><W19/><G19/><T83/><D62/><AGARI ba="0,0" hai="36,42,47,51,54,57,62,63" m="12329,48233" machi="62" ten="30,1000,0" yaku="18,1" doraHai="1" who="3" fromWho="0" sc="271,-10,196,0,264,0,269,10" /><INIT seed="6,0,0,2,3,56" ten="261,196,264,279" oya="2" hai0="20,59,116,50,124,84,18,107,23,133,110,57,112" hai1="109,88,46,99,29,101,40,16,62,54,74,86,2" hai2="5,119,92,13,135,90,73,42,83,126,132,102,71" hai3="103,128,100,24,66,49,0,129,93,53,69,17,11"/><V123/><F119/><W87/><G69/><T1/><D112/><U31/><E109/><V21/><F123/><W65/><G0/><T89/><D133/><N who="2" m="51274" /><F71/><W70/><G70/><T51/><D124/><U27/><E2/><V19/><F126/><W91/><G66/><T85/><D110/><U45/><E74/><V41/><F102/><W55/><G65/><T79/><D107/><U32/><E40/><V63/><F5/><W37/><G37/><T35/><D1/><U10/><E32/><V130/><F130/><N who="3" m="50283" /><G55/><T14/><D35/><U15/><E99/><N who="2" m="57751" /><F63/><W25/><G11/><T80/><D116/><U94/><E101/><N who="3" m="38986" /><G17/><T81/><D20/><N who="1" m="15591" /><E31/><V47/><F47/><AGARI ba="0,0" hai="24,25,47,49,53,87,91,93" m="38986,50283" machi="47" ten="30,1000,0" yaku="19,1" doraHai="56" who="3" fromWho="2" sc="261,0,196,0,264,-10,279,10" /><INIT seed="7,0,0,1,1,89" ten="261,196,254,289" oya="3" hai0="66,57,79,13,80,1,21,0,67,11,16,41,126" hai1="95,114,33,77,107,8,17,12,108,39,76,115,121" hai2="10,69,92,111,82,50,85,7,32,106,28,24,40" hai3="74,3,64,61,81,102,35,91,75,86,128,124,48"/><W52/><G3/><T26/><D126/><U104/><E121/><V49/><F106/><W131/><G124/><T30/><D41/><U55/><E108/><V54/><F69/><N who="3" m="42127" /><G35/><T38/><D38/><U83/><E33/><V125/><F111/><W78/><G102/><T31/><D67/><U4/><E39/><V70/><F70/><W60/><G60/><T58/><D66/><U120/><E120/><V34/><F125/><W129/><G78/><T29/><D0/><U44/><E107/><V15/><F34/><W116/><G116/><T23/><D1/><U117/><E104/><V130/><F130/><W22/><G22/><T105/><D105/><U68/><E68/><V20/><F40/><W96/><G96/><T133/><D133/><U45/><E117/><V18/><F54/><W25/><G25/><T6/><REACH who="0" step="1"/><D23/><REACH who="0" ten="251,196,254,289" step="2"/><U84/><E77/><V9/><F32/><W37/><G37/><T46/><D46/><AGARI ba="0,1" hai="46,48,52,74,75,81,86,91,128,129,131" m="42127" machi="46" ten="30,2900,0" yaku="19,1,54,1" doraHai="89" who="3" fromWho="0" sc="251,-29,196,0,254,0,289,39" owari="222,-18.0,196,-30.0,254,5.0,328,43.0" /></mjloggm>