<mjloggm ver="2.3"><GO type="193" lobby="0"/><UN n0="%79%61%6D%61%2E%2E%2E%2E" n1="%E7%AB%B9%E5%86%85" n2="%E3%83%94%E3%83%BC" n3="%E3%83%88%E3%83%88%E3%83%AA%E5%85%88%E7%94%9F%31%39%E6%AD%B3" dan="11,12,11,10" rate="1666.76,1732.27,1618.15,1719.95" sx="M,M,F,F"/><TAIKYOKU oya="0"/><INIT seed="0,0,0,0,4,54" ten="250,250,250,250" oya="0" hai0="81,118,3,14,18,85,33,135,126,122,49,23,26" hai1="8,46,113,98,51,65,73,2,74,61,67,31,25" hai2="90,125,6,59,109,114,66,70,10,83,129,106,32" hai3="21,101,94,87,35,119,78,128,63,84,45,105,117"/><T17/><D122/><U120/><E120/><V9/><F129/><W36/><G35/><T130/><D118/><U92/><E113/><V37/><F109/><W133/><G105/><T132/><D130/><U97/><E2/><V50/><F125/><W12/><G128/><T11/><D126/><U64/><E8/><V22/><F37/><W76/><G133/><N who="0" m="51275" /><D49/><U72/><E98/><V93/><F32/><W53/><G36/><T112/><D112/><U100/><E46/><V16/><F106/><W13/><G45/><T24/><D33/><U56/><REACH who="1" step="1"/><E51/><REACH who="1" ten="250,240,250,250" step="2"/><V62/><F114/><W30/><G117/><T4/><D3/><U47/><E47/><V42/><F10/><W116/><G119/><T95/><D95/><U79/><E79/><V80/><F50/><W55/><G78/><N who="0" m="46263" /><D4/><U104/><E104/><V60/><F42/><W58/><G116/><T48/><D48/><U57/><E57/><V107/><F107/><W39/><G39/><T89/><D89/><U115/><E115/><V15/><F62/><N who="3" m="36175" /><G76/><T88/><D88/><U44/><E44/><V110/><F70/><W75/><G94/><T77/><D77/><U43/><E43/><V19/><F110/><W28/><G101/><T7/><D7/><U69/><E69/><V0/><REACH who="2" step="1"/><F19/><REACH who="2" ten="250,240,240,250" step="2"/><W111/><G111/><T52/><D52/><U82/><E82/><V20/><F20/><AGARI ba="0,2" hai="20,25,31,56,61,64,65,67,72,73,74,92,97,100" machi="20" ten="40,8000,1" yaku="1,1,25,2,52,1,53,1" doraHai="54" doraHaiUra="27" who="1" fromWho="2" sc="250,0,240,100,240,-80,250,0" /><INIT seed="1,0,0,4,3,80" ten="250,340,160,250" oya="1" hai0="17,24,115,84,63,101,76,13,36,34,38,106,54" hai1="111,67,35,85,82,65,1,122,93,69,23,2,87" hai2="53,135,97,89,20,72,113,3,102,94,47,58,41" hai3="125,74,51,16,44,27,11,10,100,22,92,128,88"/><U7/><E122/><V91/><F135/><W12/><G74/><T116/><D115/><U33/><E111/><V108/><F113/><W134/><G134/><T109/><D116/><U114/><E114/><V132/><F108/><W118/><G128/><T71/><D109/><U40/><E40/><V68/><F132/><W127/><G118/><T120/><D120/><U96/><E23/><V130/><F72/><W81/><G100/><T49/><D101/><U105/><E105/><V57/><F130/><W110/><G81/><T52/><D106/><U18/><E18/><V66/><F68/><W95/><G95/><T83/><D24/><U121/><E121/><V77/><F3/><W46/><G110/><T21/><D34/><U103/><E7/><V133/><F77/><W59/><G11/><T64/><D54/><U104/><E104/><V61/><F133/><W99/><G59/><AGARI ba="0,0" hai="13,17,21,36,38,49,52,59,63,64,71,76,83,84" machi="59" ten="30,3900,0" yaku="7,1,52,1,54,1" doraHai="80" who="0" fromWho="3" sc="250,39,340,0,160,0,250,-39" /><INIT seed="2,0,0,0,3,8" ten="289,340,160,211" oya="2" hai0="61,17,27,105,129,135,57,37,89,98,80,41,128" hai1="107,119,75,108,68,88,44,43,91,21,7,36,62" hai2="12,0,90,104,126,67,11,97,114,2,102,133,51" hai3="24,74,38,22,32,77,71,16,109,15,92,70,87"/><V103/><F114/><W131/><G38/><T79/><D135/><U112/><E75/><V25/><F133/><W35/><G109/><T72/><D41/><U111/><E112/><V29/><F126/><W50/><G131/><N who="0" m="50251" /><D37/><U69/><E119/><V82/><F102/><W31/><G74/><T125/><D125/><U81/><E107/><V84/><F51/><W60/><G35/><T120/><D120/><U78/><E7/><V85/><F85/><W20/><G60/><T123/><D123/><U54/><E21/><V121/><F121/><W14/><G50/><T115/><D115/><U52/><E54/><V48/><F67/><W30/><G30/><T122/><D122/><U83/><E83/><V6/><REACH who="2" step="1"/><F48/><REACH who="2" ten="289,340,150,211" step="2"/><W132/><G132/><T34/><D34/><AGARI ba="0,1" hai="0,2,6,11,12,25,29,34,82,84,90,97,103,104" machi="34" ten="30,11600,0" yaku="1,1,2,1,7,1,52,1,53,0" doraHai="8" doraHaiUra="13" who="2" fromWho="0" sc="289,-116,340,0,150,126,211,0" /><INIT seed="2,1,0,4,0,28" ten="173,340,276,211" oya="2" hai0="23,54,70,31,124,132,16,34,18,24,88,127,77" hai1="39,27,71,133,89,104,57,43,102,2,135,112,101" hai2="98,110,15,58,120,32,38,81,131,13,51,109,65" hai3="37,21,121,59,40,10,66,129,8,116,55,134,14"/><V53/><F120/><W6/><G121/><T73/><D70/><U90/><E2/><V97/><F38/><W0/><G116/><T96/><D77/><U4/><E4/><V35/><F131/><W69/><G129/><T9/><D73/><U45/><E71/><V111/><F81/><W117/><G117/><T103/><D132/><N who="1" m="50763" /><E112/><V49/><F65/><W48/><G134/><T107/><D54/><U82/><E27/><V126/><F126/><N who="0" m="48170" /><D9/><U42/><E42/><V106/><F49/><W22/><G37/><T36/><D36/><U95/><E57/><V113/><F113/><W83/><G40/><T78/><D78/><U122/><E122/><V26/><F26/><W123/><G123/><T91/><D18/><U85/><E104/><V63/><F63/><W76/><G66/><T12/><AGARI ba="1,0" hai="12,16,23,24,31,34,88,91,96,103,107" m="48170" machi="12" ten="30,7900,0" yaku="18,1,52,1,54,2" doraHai="28" who="0" fromWho="0" sc="173,82,340,-21,276,-40,211,-21" /><INIT seed="3,0,0,0,3,39" ten="255,319,236,190" oya="3" hai0="83,110,56,14,78,133,10,76,108,127,70,19,29" hai1="80,75,12,86,93,69,27,84,8,85,73,123,50" hai2="43,20,4,40,74,109,23,45,25,107,88,81,101" hai3="13,119,79,113,55,68,41,130,9,21,114,67,38"/><W0/><G119/><T105/><D70/><U62/><E123/><V53/><F109/><N who="0" m="42090" /><D105/><U33/><E33/><V64/><F4/><W111/><G130/><T37/><D37/><U87/><E27/><V112/><F64/><W54/><G111/><T32/><D133/><U82/><E69/><V63/><F112/><W91/><G0/><T92/><D127/><U22/><E22/><N who="2" m="8235" /><F74/><N who="1" m="28169" /><E50/><N who="2" m="28879" /><F107/><W51/><G21/><T52/><D92/><U16/><E62/><V100/><F25/><W65/><G79/><T49/><D83/><N who="1" m="31787" /><E16/><V134/><F63/><N who="3" m="39999" /><G91/><T117/><D117/><U96/><E12/><V58/><F58/><N who="3" m="33119" /><G55/><T90/><D90/><N who="1" m="55351" /><E8/><V132/><F134/><W5/><G67/><T72/><D72/><U6/><N who="1" m="22016" /><DORA hai="15" /><U102/><E6/><V98/><F81/><W2/><G2/><T99/><D99/><U44/><E44/><AGARI ba="0,0" hai="5,9,13,38,41,44,113,114" m="33119,39999" machi="44" ten="30,2900,0" yaku="24,1,52,1" doraHai="39,15" who="3" fromWho="1" sc="255,0,319,-29,236,0,190,29" /><INIT seed="3,1,0,2,2,111" ten="255,290,236,219" oya="3" hai0="81,44,116,82,91,131,119,104,15,92,28,72,106" hai1="71,101,117,46,36,86,24,65,77,121,134,118,62" hai2="61,52,110,49,56,39,19,1,48,35,30,2,17" hai3="112,6,38,130,88,5,73,76,103,135,93,14,16"/><W50/><G38/><T79/><D28/><U132/><E121/><V128/><F110/><W126/><G112/><T41/><D131/><U9/><E101/><V69/><F128/><W25/><G130/><T43/><D43/><N who="1" m="22887" /><E24/><V21/><F39/><W74/><G135/><N who="1" m="51754" /><E9/><V99/><F69/><W57/><G126/><T96/><D15/><U122/><E122/><V0/><F35/><W95/><G25/><T98/><D41/><U109/><E109/><V22/><F99/><N who="0" m="37930" /><D44/><U133/><N who="1" m="51762" /><U12/><DORA hai="66" /><E12/><V123/><F123/><W68/><G68/><T54/><D54/><U47/><E86/><V83/><F30/><W29/><G29/><T127/><D127/><U59/><E77/><V18/><REACH who="2" step="1"/><F83/><REACH who="2" ten="255,290,226,219" step="2"/><N who="0" m="31754" /><D72/><U125/><E125/><V70/><F70/><W37/><G37/><T23/><D79/><U97/><E97/><V75/><F75/><W85/><G103/><T80/><N who="0" m="31762" /><T90/><DORA hai="8" /><D23/><AGARI ba="1,1" hai="0,1,2,17,18,19,21,22,23,48,49,52,56,61" machi="23" ten="50,3200,0" yaku="1,1,54,1,53,0" doraHai="111,66,8" doraHaiUra="27,120,124" who="2" fromWho="0" sc="255,-35,290,0,226,45,219,0" /><INIT seed="4,0,0,4,4,107" ten="220,290,271,219" oya="0" hai0="15,91,18,117,57,31,85,113,20,92,51,130,7" hai1="119,33,78,55,23,77,50,80,84,14,114,116,53" hai2="132,68,36,102,133,86,54,1,73,118,129,67,49" hai3="105,97,17,109,120,47,19,22,30,112,24,104,128"/><T9/><D117/><U46/><E33/><V96/><F1/><W43/><G109/><T61/><D130/><U79/><E114/><V56/><F36/><W64/><G112/><T90/><D51/><U108/><E108/><V66/><F118/><W58/><G128/><T25/><D113/><U98/><E98/><V63/><F129/><W2/><G2/><T59/><D90/><U13/><E119/><V28/><F86/><W82/><G120/><T6/><REACH who="0" step="1"/><D59/><REACH who="0" ten="210,290,271,219" step="2"/><U127/><E116/><V4/><F4/><W110/><G110/><T44/><D44/><U8/><E127/><V3/><F3/><W134/><G134/><T93/><D93/><U125/><E125/><V122/><F122/><W40/><G82/><T87/><D87/><U45/><E45/><V38/><F38/><W81/><G81/><T34/><D34/><U121/><E121/><V101/><F133/><W124/><G124/><T131/><D131/><U60/><E60/><V71/><F132/><W21/><G47/><T32/><D32/><U41/><E23/><V29/><F96/><W100/><G104/><T69/><D69/><U89/><E14/><V37/><F37/><W74/><G74/><T95/><D95/><U39/><E39/><V16/><F73/><W111/><G111/><T27/><D27/><U42/><E42/><N who="3" m="15914" /><G22/><T99/><D99/><U72/><E72/><V0/><F71/><W10/><G10/><T65/><AGARI ba="0,1" hai="6,7,9,15,18,20,25,31,57,61,65,85,91,92" machi="65" ten="20,7800,0" yaku="1,1,0,1,7,1,8,1,53,0" doraHai="107" doraHaiUra="115" who="0" fromWho="0" sc="210,88,290,-26,271,-26,219,-26" /><INIT seed="4,1,0,2,0,103" ten="298,264,245,193" oya="0" hai0="19,106,63,128,88,33,4,126,102,46,116,20,93" hai1="72,25,112,66,107,101,90,36,132,86,56,89,122" hai2="113,5,124,129,84,123,91,43,75,83,117,100,95" hai3="114,39,9,120,44,6,11,87,65,30,12,61,10"/><T118/><D33/><U85/><E36/><V135/><F123/><W108/><G120/><T45/><D128/><U32/><E32/><V24/><F113/><W109/><G114/><T67/><D126/><U15/><E66/><V81/><F129/><W78/><G30/><T8/><D102/><U121/><E25/><V14/><F135/><W69/><G11/><T110/><D106/><U41/><E56/><V131/><F124/><W47/><G10/><T48/><D110/><U64/><E41/><V133/><F131/><W82/><REACH who="3" step="1"/><G39/><REACH who="3" ten="298,264,245,183" step="2"/><T74/><D8/><U50/><E112/><V79/><F133/><W31/><G31/><T49/><D118/><U105/><E132/><V42/><F117/><W98/><G98/><T26/><D116/><U115/><E115/><V16/><F5/><W127/><G127/><T35/><D4/><U22/><E22/><V52/><F24/><W59/><G59/><N who="0" m="37375" /><D35/><U99/><E15/><V2/><F2/><W23/><G23/><T76/><D74/><U111/><E111/><AGARI ba="1,1" hai="6,9,12,44,47,61,65,69,78,82,87,108,109,111" machi="111" ten="40,1300,0" yaku="1,1,53,0" doraHai="103" doraHaiUra="29" who="3" fromWho="1" sc="298,0,264,-16,245,0,183,26" /><INIT seed="5,0,0,2,4,56" ten="298,248,245,209" oya="1" hai0="69,122,81,54,131,23,38,33,130,129,76,7,60" hai1="93,43,41,15,79,51,132,62,102,18,31,53,3" hai2="78,134,114,92,103,124,12,16,40,47,11,57,55" hai3="13,95,0,110,9,25,123,96,65,90,14,4,98"/><U5/><E3/><V68/><F114/><W109/><G123/><T71/><D38/><U10/><E31/><V91/><F134/><W21/><G65/><T8/><D33/><U66/><E79/><V111/><F124/><W42/><G42/><T48/><D122/><U135/><E102/><V44/><F111/><W70/><G70/><T99/><D99/><U82/><E82/><V115/><F68/><W117/><G117/><T72/><D60/><U1/><E93/><V45/><F78/><W58/><G58/><N who="0" m="33095" /><D23/><U59/><E135/><V74/><F103/><W49/><G49/><T26/><D26/><U133/><E133/><V88/><F74/><W73/><G73/><T89/><D89/><U22/><REACH who="1" step="1"/><E132/><REACH who="1" ten="298,238,245,209" step="2"/><V67/><F115/><W36/><G98/><T32/><D32/><U126/><E126/><V63/><F91/><W27/><G36/><T35/><D35/><U101/><E101/><V112/><F112/><W86/><G96/><T39/><D39/><U100/><E100/><V52/><REACH who="2" step="1"/><F40/><REACH who="2" ten="298,238,235,209" step="2"/><W119/><G109/><T113/><D113/><U24/><E24/><V28/><F28/><W94/><G110/><T80/><D81/><U125/><E125/><V30/><F30/><W84/><G27/><T120/><D120/><U87/><E87/><AGARI ba="0,2" hai="11,12,16,44,45,47,52,55,57,63,67,87,88,92" machi="87" ten="40,12000,2" yaku="1,1,8,1,52,1,54,3,53,0" doraHai="56" doraHaiUra="19" who="2" fromWho="1" sc="298,0,238,-120,235,140,209,0" owari="298,10.0,118,-38.0,375,47.0,209,-19.0" /></mjloggm>