<mjloggm ver="2.3"><GO type="97" lobby="0"/><UN n0="%E3%82%88%E3%81%93%E3%81%A1%EF%BD%8D" n1="%73%61%72%61%7A%6F" n2="%E5%B0%B1%E6%B4%BB%E7%94%9F%40%E5%B7%9D%E6%9D%91%E8%BB%8D%E5%9B%A3" n3="%73%69%65%67%31%34" dan="14,13,14,13" rate="1930.70,1884.16,1932.79,1876.73" sx="F,M,M,M"/><TAIKYOKU oya="0"/><INIT seed="0,0,0,3,5,117" ten="250,250,250,250" oya="0" hai0="48,80,44,132,115,16,116,135,84,38,31,2,6" hai1="47,110,83,36,51,120,61,75,27,0,72,86,89" hai2="52,67,15,43,1,118,134,79,26,37,128,77,53" hai3="39,18,129,70,41,65,88,121,19,13,20,101,95"/><T99/><D116/><U5/><E36/><V71/><F1/><W92/><G70/><T30/><D115/><U21/><E61/><V111/><F118/><W66/><G39/><T57/><D38/><U94/><E110/><V68/><F26/><W112/><G112/><T96/><D57/><U126/><E126/><V98/><F15/><W107/><G107/><T62/><D62/><U49/><E49/><V7/><F7/><W23/><G41/><T17/><D6/><U131/><E131/><V32/><F32/><W105/><G105/><T14/><D2/><U102/><E102/><V28/><F28/><N who="0" m="10794" /><D132/><U60/><E60/><V58/><F134/><W8/><G129/><T3/><D3/><U97/><E27/><V119/><F111/><W81/><G81/><T90/><D135/><U63/><E63/><V45/><F119/><W133/><G133/><T25/><D25/><U100/><E21/><V35/><F35/><W104/><G104/><T69/><D69/><U93/><E93/><V9/><F71/><W24/><G8/><N who="0" m="6215" /><D17/><U125/><E5/><V91/><F9/><W109/><G109/><T78/><D78/><U127/><E0/><V10/><F10/><W74/><G74/><T108/><D108/><U54/><E127/><V87/><F68/><W76/><G76/><T55/><AGARI ba="0,0" hai="44,48,55,80,84,90,96,99" m="6215,10794" machi="55" ten="30,6000,0" yaku="25,1,8,1,54,1" doraHai="117" who="0" fromWho="0" sc="250,60,250,-20,250,-20,250,-20" /><INIT seed="0,1,0,3,2,97" ten="310,230,230,230" oya="0" hai0="40,128,69,78,106,107,74,115,19,76,45,39,14" hai1="87,135,36,80,24,83,28,131,17,60,126,101,53" hai2="132,93,72,57,15,6,21,118,30,116,32,65,121" hai3="41,130,123,109,10,104,91,82,68,22,64,67,58"/><T49/><D128/><U85/><E36/><V27/><F72/><W2/><G104/><T81/><D115/><U1/><E1/><V4/><F93/><W48/><G130/><T12/><D69/><U92/><E131/><V127/><F65/><W33/><G33/><T129/><D129/><U51/><E60/><V7/><F57/><W46/><G123/><T11/><D76/><U95/><E17/><N who="2" m="10431" /><F121/><W47/><G109/><T117/><D117/><N who="2" m="45162" /><F132/><W44/><G22/><T103/><D39/><U114/><E135/><V18/><F18/><W102/><G102/><T71/><D71/><U75/><E75/><V100/><F100/><W134/><G10/><T25/><D25/><U38/><E38/><V120/><F120/><W43/><G2/><T13/><REACH who="0" step="1"/><D107/><REACH who="0" ten="300,230,230,230" step="2"/><U23/><E114/><V29/><F29/><W59/><G82/><T56/><D56/><N who="3" m="21545" /><G91/><T98/><AGARI ba="1,1" hai="11,12,13,14,19,40,45,49,74,78,81,98,103,106" machi="98" ten="30,6000,0" yaku="1,1,0,1,52,1,53,0" doraHai="97" doraHaiUra="52" who="0" fromWho="0" sc="300,73,230,-21,230,-21,230,-21" /><INIT seed="0,2,0,5,2,82" ten="373,209,209,209" oya="0" hai0="110,95,123,101,56,24,47,100,67,69,60,83,36" hai1="63,76,14,55,117,102,135,9,133,1,113,121,33" hai2="2,54,120,111,77,124,130,48,17,7,41,109,21" hai3="108,51,64,16,46,68,96,85,37,23,84,20,44"/><T115/><D123/><U132/><E121/><V10/><F120/><W3/><G3/><T80/><D115/><U34/><E117/><V89/><F124/><W92/><G108/><N who="2" m="41545" /><F130/><W11/><G68/><T30/><D110/><U107/><E113/><V122/><F122/><W114/><G64/><T32/><D69/><U129/><E1/><V0/><F77/><W112/><G37/><T116/><D116/><U43/><E76/><V106/><F106/><W42/><G114/><T22/><D32/><U8/><E129/><V119/><F119/><W15/><G112/><T71/><D71/><U45/><E107/><V104/><F104/><W79/><G79/><T72/><D72/><U57/><E102/><V25/><F41/><W26/><G46/><T74/><D101/><U88/><E88/><V87/><F2/><W18/><REACH who="3" step="1"/><G23/><REACH who="3" ten="373,209,209,199" step="2"/><T12/><D22/><U78/><E78/><V99/><F99/><W103/><AGARI ba="2,1" hai="11,15,16,18,20,26,42,44,51,84,85,92,96,103" machi="103" ten="20,16000,3" yaku="1,1,2,1,0,1,7,1,8,1,52,2,54,1,53,0" doraHai="82" doraHaiUra="59" who="3" fromWho="3" sc="373,-82,209,-42,209,-42,199,176" /><INIT seed="1,0,0,3,4,131" ten="291,167,167,375" oya="1" hai0="33,54,83,109,80,103,67,57,3,102,87,16,90" hai1="68,46,108,114,42,97,76,31,51,4,49,61,134" hai2="40,41,55,135,66,92,93,133,124,12,56,9,26" hai3="36,18,27,59,78,15,118,95,14,53,96,121,6"/><U44/><E31/><V129/><F129/><W35/><G36/><T81/><D109/><U21/><E21/><V74/><F74/><W94/><G121/><T106/><D3/><U75/><E4/><V119/><F119/><W38/><G38/><T116/><D116/><U32/><E32/><V112/><F112/><W64/><G35/><T125/><D33/><U100/><E114/><V20/><F66/><W105/><G105/><T107/><D67/><U39/><E108/><V43/><F124/><W17/><G64/><T122/><D122/><U132/><E61/><V50/><F93/><W10/><G118/><T1/><D1/><U89/><E68/><V91/><F26/><W24/><G78/><T65/><D65/><U85/><E76/><V60/><F60/><W71/><G71/><T23/><D125/><U88/><E75/><V0/><F0/><W2/><G2/><T111/><D111/><U19/><E19/><N who="2" m="10343" /><F9/><W115/><G115/><T72/><D72/><U63/><E63/><V7/><F7/><W77/><G77/><T113/><D113/><U47/><E39/><V127/><F127/><W37/><G37/><T99/><D107/><U86/><E100/><V30/><F30/><W22/><G95/><T29/><D103/><U79/><E79/><V8/><F8/><W110/><G110/><T13/><D29/><U69/><E69/><V98/><F98/><W28/><G6/><T62/><AGARI ba="0,0" hai="13,16,23,54,57,62,80,81,83,87,90,99,102,106" machi="62" ten="20,2700,0" yaku="0,1,7,1,54,1" doraHai="131" who="0" fromWho="0" sc="291,27,167,-13,167,-7,375,-7" /><INIT seed="2,0,0,4,5,133" ten="318,154,160,368" oya="2" hai0="113,127,80,99,97,132,68,121,85,5,15,41,92" hai1="107,125,122,103,130,16,44,39,42,117,79,17,100" hai2="10,47,84,135,124,7,35,36,86,14,60,76,29" hai3="55,28,59,123,131,111,101,72,65,56,61,46,24"/><V34/><F135/><W71/><G72/><T30/><D121/><U1/><E117/><V58/><F124/><W69/><G123/><T13/><D132/><U51/><E122/><V110/><F110/><W112/><G101/><T104/><D113/><U4/><E79/><V32/><F29/><W22/><G112/><T43/><D127/><U120/><E120/><V67/><REACH who="2" step="1"/><F76/><REACH who="2" ten="318,154,150,368" step="2"/><W38/><G131/><T119/><D30/><U93/><E125/><V115/><F115/><W78/><G111/><T134/><D119/><U126/><E130/><V87/><F87/><W40/><G78/><T73/><D134/><U95/><E126/><V18/><F18/><W90/><G90/><T9/><D85/><U12/><E107/><V81/><F81/><W118/><G118/><T102/><D80/><U2/><E100/><V25/><F25/><W53/><G28/><T74/><D104/><U98/><E93/><V50/><F50/><N who="3" m="30775" /><G24/><T106/><D92/><U21/><E17/><V52/><F52/><W8/><G22/><T0/><D102/><U89/><E103/><V96/><F96/><W23/><G8/><T114/><D106/><U31/><E31/><V57/><F57/><N who="3" m="37039" /><G23/><T108/><D114/><U49/><REACH who="1" step="1"/><E4/><REACH who="1" ten="318,144,150,368" step="2"/><V20/><F20/><W82/><G82/><T128/><D5/><U66/><E66/><V6/><F6/><W129/><G129/><T105/><D128/><U45/><E45/><V77/><F77/><W48/><AGARI ba="0,2" hai="38,40,46,48,55,59,69,71" m="37039,30775" machi="48" ten="30,8000,1" yaku="35,5" doraHai="133" who="3" fromWho="3" sc="318,-20,144,-20,150,-40,368,100" /><INIT seed="3,0,0,2,1,115" ten="298,124,110,468" oya="3" hai0="123,89,23,9,7,69,51,39,127,62,14,118,129" hai1="68,28,82,48,10,25,94,54,64,34,114,87,41" hai2="132,59,3,79,53,102,27,52,12,47,124,128,88" hai3="35,55,49,86,96,121,93,101,43,135,109,126,6"/><W83/><G121/><T95/><D123/><U1/><E41/><V65/><F3/><W50/><G35/><T76/><D129/><U0/><E114/><V38/><F128/><W104/><G6/><T91/><D127/><U78/><E68/><V133/><F124/><W125/><G109/><T112/><D112/><U100/><E64/><V32/><F102/><W77/><G43/><T8/><D39/><U67/><E67/><V110/><F110/><W18/><G18/><T4/><D76/><U46/><E10/><V81/><F12/><W11/><G11/><T66/><D51/><U20/><E34/><V16/><F65/><W21/><G21/><T57/><D23/><U120/><E120/><V122/><F122/><W17/><G17/><T63/><D69/><U70/><E70/><V71/><F71/><W45/><G135/><N who="2" m="51785" /><F38/><W73/><G50/><T117/><D14/><U84/><E84/><N who="2" m="50191" /><F79/><W98/><G98/><T131/><D66/><U103/><REACH who="1" step="1"/><E94/><REACH who="1" ten="298,114,110,468" step="2"/><V72/><F72/><W42/><G42/><T58/><REACH who="0" step="1"/><D131/><REACH who="0" ten="288,114,110,468" step="2"/><U24/><E24/><V97/><F32/><W75/><G126/><T61/><D61/><U74/><E74/><V31/><F31/><W29/><G125/><T13/><D13/><U36/><E36/><V26/><F26/><W15/><G29/><T33/><D33/><U56/><E56/><V44/><F97/><W134/><G15/><T113/><D113/><U119/><E119/><V2/><F2/><AGARI ba="0,2" hai="0,1,2,20,25,28,46,48,54,78,82,87,100,103" machi="2" ten="40,1300,0" yaku="1,1,53,0" doraHai="115" doraHaiUra="85" who="1" fromWho="2" sc="288,0,114,33,110,-13,468,0" owari="288,9.0,147,-25.0,97,-40.0,468,56.0" /></mjloggm>