<mjloggm ver="2.3"><GO type="169" lobby="0"/><UN n0="%58%E7%8C%AB" n1="%E3%82%B8%E3%83%A3%E3%82%B9%E3%82%BF%E3%82%A6%E3%82%A7%E3%82%A4" n2="%E3%82%A6%E3%83%AB%E3%83%88%E3%83%A9%E7%AB%8B%E7%9B%B4" n3="%E5%A4%A9%E5%B0%8A%E4%BD%8D" dan="16,17,17,16" rate="2098.38,2156.34,2146.00,2108.03" sx="M,M,M,F"/><TAIKYOKU oya="0"/><INIT seed="0,0,0,2,3,13" ten="250,250,250,250" oya="0" hai0="79,15,58,34,32,37,99,117,71,68,84,12,45" hai1="7,49,123,30,24,35,90,92,10,89,3,28,22" hai2="25,110,23,44,96,31,120,33,5,113,122,86,36" hai3="63,69,76,109,29,40,95,70,83,103,116,121,107"/><T111/><D117/><U59/><E123/><N who="2" m="47147" /><F86/><W132/><G29/><T72/><D72/><U53/><E35/><V112/><F96/><W46/><G109/><T67/><D99/><U135/><E135/><V6/><F44/><W21/><G116/><T60/><D79/><U4/><E4/><N who="2" m="1643" /><F36/><W42/><G107/><T41/><D84/><U54/><E28/><V75/><F75/><W14/><G103/><T56/><D56/><U38/><E38/><V119/><F119/><W2/><G76/><T131/><D131/><U115/><E115/><N who="2" m="44107" /><F110/><W39/><G39/><T16/><D111/><U73/><E73/><V51/><F51/><W65/><G83/><T133/><D133/><U74/><E74/><V105/><F105/><W61/><G132/><T134/><D134/><U1/><E1/><V17/><F33/><W97/><G97/><T0/><D0/><U88/><REACH who="1" step="1"/><E53/><REACH who="1" ten="250,240,250,250" step="2"/><V66/><F66/><W18/><G65/><T125/><D34/><U108/><E108/><V9/><F9/><W118/><G2/><T104/><D32/><U98/><AGARI ba="0,1" hai="3,7,10,22,24,30,49,54,59,88,89,90,92,98" machi="98" ten="20,5200,0" yaku="1,1,0,1,7,1,54,1,53,0" doraHai="13" doraHaiUra="8" who="1" fromWho="1" sc="250,-26,240,62,250,-13,250,-13" /><INIT seed="1,0,0,0,4,93" ten="224,302,237,237" oya="1" hai0="102,51,70,58,101,56,18,2,121,50,86,27,3" hai1="36,23,132,103,130,116,87,78,19,81,124,63,73" hai2="95,115,0,38,37,75,99,52,26,105,109,45,133" hai3="54,24,4,9,28,106,85,79,122,25,21,108,10"/><U96/><E36/><V111/><F0/><W31/><G122/><T97/><D70/><U57/><E116/><V119/><F105/><W71/><G71/><T22/><D121/><U43/><E130/><V48/><F75/><W89/><G108/><N who="2" m="41545" /><F119/><W118/><G118/><T92/><D86/><U131/><E131/><V123/><F123/><W69/><G69/><T8/><D102/><U42/><E124/><V17/><F133/><W91/><G106/><T20/><D20/><U40/><E132/><V14/><F26/><W16/><G54/><T104/><D104/><U68/><E68/><V126/><F126/><W34/><G9/><T1/><REACH who="0" step="1"/><D8/><REACH who="0" ten="214,302,237,237" step="2"/><U61/><E73/><V60/><F115/><W7/><G10/><T30/><D30/><U32/><E32/><V125/><F125/><W72/><G72/><T55/><D55/><U112/><E112/><V12/><F60/><W134/><G31/><T74/><D74/><U44/><E63/><V94/><F94/><W82/><G134/><T47/><D47/><U120/><E120/><V88/><F14/><W46/><G46/><T117/><D117/><U65/><E44/><V107/><F107/><W62/><G62/><T33/><D33/><U67/><E67/><V129/><F129/><W6/><AGARI ba="0,1" hai="4,6,7,16,21,24,25,28,34,79,82,85,89,91" machi="6" ten="30,2000,0" yaku="0,1,54,1" doraHai="93" who="3" fromWho="3" sc="214,-5,302,-10,237,-5,237,30" /><INIT seed="2,0,0,0,2,87" ten="209,292,232,267" oya="2" hai0="2,122,39,72,21,14,12,116,1,77,110,56,131" hai1="29,78,62,89,117,106,129,45,90,65,109,102,74" hai2="40,79,128,34,33,75,114,30,28,70,113,100,16" hai3="31,63,5,24,107,10,37,6,47,44,104,108,68"/><V127/><F70/><W121/><G121/><T66/><D122/><U0/><E0/><V92/><F75/><W120/><G120/><T49/><D39/><U80/><E117/><V27/><F79/><W38/><G5/><T124/><D131/><U25/><E129/><V53/><F40/><W97/><G108/><T86/><D72/><U61/><E109/><V42/><F42/><N who="3" m="22607" /><G47/><T73/><D73/><U46/><E46/><V126/><F53/><W71/><G97/><T58/><D110/><U123/><E45/><V105/><F105/><N who="3" m="40523" /><G63/><T91/><D77/><U54/><E62/><V20/><F92/><W41/><G41/><T69/><D69/><N who="1" m="42159" /><E54/><V101/><F128/><W3/><G38/><T125/><D116/><U36/><E36/><V13/><F101/><W55/><G55/><T93/><D66/><U88/><E90/><V76/><F100/><W51/><G51/><T83/><D93/><U119/><E119/><V112/><F76/><W60/><G60/><T48/><D86/><U99/><E123/><V52/><F52/><W132/><G71/><T4/><D4/><U43/><E43/><V135/><F135/><W7/><G132/><T81/><D21/><U23/><E23/><V57/><F57/><W95/><G68/><T103/><D103/><U17/><E17/><V22/><F22/><N who="3" m="15767" /><G7/><T133/><D133/><U96/><E96/><V26/><AGARI ba="0,0" hai="13,16,20,26,27,28,30,33,34,112,113,114,126,127" machi="26" ten="40,18000,2" yaku="0,1,9,1,34,3,54,1" doraHai="87" who="2" fromWho="2" sc="209,-60,292,-60,232,180,267,-60" /><INIT seed="2,1,0,4,3,2" ten="149,232,412,207" oya="2" hai0="30,90,13,97,15,66,4,106,43,52,48,111,73" hai1="84,122,88,77,102,89,27,5,113,46,42,55,39" hai2="16,75,49,87,125,70,40,133,54,44,0,114,9" hai3="117,83,104,29,23,126,127,38,105,47,17,101,116"/><V96/><F75/><W37/><G29/><T103/><D43/><U80/><E113/><V135/><F70/><W31/><G31/><T51/><D111/><U108/><E108/><V123/><F123/><W60/><G83/><T128/><D66/><U130/><E130/><V82/><F114/><W7/><G60/><T98/><D30/><U61/><E122/><V57/><F96/><W132/><G132/><T109/><D109/><U107/><E27/><V25/><F125/><N who="3" m="47627" /><G104/><T36/><D36/><N who="3" m="13929" /><G47/><T120/><D73/><U14/><E102/><V121/><F121/><W28/><G28/><T134/><D134/><U100/><E100/><V33/><F33/><W110/><G110/><T21/><D128/><U63/><E107/><V72/><F72/><W129/><G129/><T32/><D32/><U67/><E55/><V50/><F133/><W94/><G105/><T76/><D76/><U59/><E61/><V131/><F135/><W56/><G117/><T45/><D48/><U6/><REACH who="1" step="1"/><E14/><REACH who="1" ten="149,222,412,207" step="2"/><N who="2" m="7247" /><F0/><W112/><G112/><T81/><D15/><U1/><E1/><V74/><F131/><W35/><G116/><T10/><D120/><U3/><E3/><V62/><F62/><W65/><G101/><T19/><D106/><U71/><E71/><V119/><F25/><W64/><G35/><T24/><D103/><U91/><AGARI ba="1,1" hai="5,6,39,42,46,59,63,67,77,80,84,88,89,91" machi="91" ten="30,12000,2" yaku="1,1,0,1,52,2,54,1,53,1" doraHai="2" doraHaiUra="41" who="1" fromWho="1" sc="149,-31,222,133,412,-61,207,-31" /><INIT seed="3,0,0,1,2,29" ten="118,355,351,176" oya="3" hai0="78,62,54,74,133,75,68,56,76,20,120,33,77" hai1="88,127,5,13,32,7,0,132,55,85,104,60,109" hai2="45,90,100,115,102,21,39,121,31,95,124,135,6" hai3="27,52,24,123,119,46,131,1,34,94,30,51,17"/><W91/><G119/><T81/><D120/><U42/><E104/><V72/><F72/><W58/><G123/><T26/><D133/><U53/><E0/><V79/><F79/><W36/><G1/><T63/><D68/><U101/><E101/><V117/><F6/><W116/><G116/><T89/><D89/><U8/><E32/><V98/><F115/><W67/><G131/><T122/><D122/><U23/><E42/><N who="2" m="22751" /><F117/><W80/><G80/><T49/><D20/><U134/><E109/><V48/><F48/><W19/><G24/><T82/><REACH who="0" step="1"/><D77/><REACH who="0" ten="108,355,351,176" step="2"/><U105/><E23/><V110/><F90/><W15/><G36/><T14/><D14/><U22/><E22/><V99/><F21/><N who="3" m="15727" /><G15/><T12/><D12/><U10/><E132/><V125/><F135/><W112/><G34/><T11/><D11/><U57/><E134/><V106/><F121/><W84/><G112/><T25/><D25/><U18/><E8/><V126/><F31/><AGARI ba="0,1" hai="26,31,33,49,54,56,62,63,74,75,76,78,81,82" machi="31" ten="40,5200,0" yaku="1,1,9,1,52,1,53,0" doraHai="29" doraHaiUra="70" who="0" fromWho="2" sc="108,62,355,0,351,-52,176,0" /><INIT seed="4,0,0,2,4,80" ten="170,355,299,176" oya="0" hai0="82,87,7,45,73,95,124,103,42,49,119,133,121" hai1="54,89,63,122,53,25,125,84,44,67,30,23,40" hai2="71,118,91,114,107,110,76,78,99,47,70,3,8" hai3="117,102,59,123,21,26,33,16,100,83,9,77,28"/><T13/><D121/><U96/><E125/><V24/><F118/><W0/><G117/><T113/><D119/><U130/><E96/><V35/><F110/><W43/><G123/><T41/><D124/><U57/><E130/><V72/><F91/><W55/><G43/><T34/><D34/><U108/><E108/><V22/><F22/><W75/><G9/><N who="0" m="4287" /><D73/><U74/><E74/><V20/><F20/><W104/><G0/><T56/><D133/><U6/><E6/><N who="2" m="1119" /><F47/><W131/><G104/><T50/><D113/><U127/><E127/><V116/><F76/><W10/><G10/><T90/><D56/><U2/><E2/><V111/><F111/><W46/><G46/><N who="0" m="25807" /><D103/><U135/><E135/><V60/><F114/><W129/><G129/><T85/><D82/><U66/><E122/><V65/><F116/><W106/><G106/><T126/><D126/><U69/><E69/><N who="2" m="42151" /><F78/><W93/><G131/><T79/><D79/><U19/><E40/><V12/><F12/><W51/><REACH who="3" step="1"/><G93/><REACH who="3" ten="170,355,299,166" step="2"/><T5/><D5/><U98/><E44/><V15/><F107/><W27/><AGARI ba="0,1" hai="16,21,26,27,28,33,51,55,59,75,77,83,100,102" machi="27" ten="20,8000,1" yaku="1,1,2,1,0,1,7,1,54,1,53,0" doraHai="80" doraHaiUra="92" who="3" fromWho="3" sc="170,-40,355,-20,299,-20,166,90" /><INIT seed="5,0,0,3,5,71" ten="130,335,279,256" oya="1" hai0="84,77,2,98,0,78,133,97,32,91,35,109,96" hai1="52,95,110,46,119,73,26,29,81,125,4,94,61" hai2="107,57,59,50,3,76,112,39,117,20,5,83,135" hai3="15,16,64,1,22,38,120,72,115,14,6,134,56"/><U93/><E119/><V23/><F107/><W87/><G72/><T111/><D133/><U58/><E110/><V108/><F108/><W68/><G68/><T129/><D84/><U124/><E4/><V86/><F117/><W106/><G106/><T49/><D98/><U123/><E123/><V9/><F135/><W28/><G28/><T116/><D116/><U99/><E46/><V89/><F112/><W30/><G1/><T67/><D67/><U118/><E118/><V25/><F39/><W82/><G30/><T80/><D49/><U128/><E128/><V37/><F37/><W13/><G38/><T79/><D79/><U126/><E81/><V65/><F65/><W101/><G120/><T48/><D48/><U8/><E8/><V51/><F51/><W33/><G101/><T55/><D80/><U66/><E73/><V105/><F105/><W104/><G104/><T41/><D41/><U17/><E66/><V122/><F122/><W75/><G64/><T36/><D36/><U40/><E40/><V100/><F100/><W27/><G75/><T53/><REACH who="0" step="1"/><D91/><REACH who="0" ten="120,335,279,256" step="2"/><U24/><E99/><V7/><F50/><W11/><G82/><T90/><D90/><U114/><E125/><V70/><F89/><W127/><G127/><T113/><D113/><U34/><E114/><V74/><F86/><W45/><G87/><T21/><D21/><N who="1" m="13359" /><E124/><V85/><F85/><W31/><G115/><T10/><D10/><U19/><E126/><V92/><F70/><W88/><G134/><T131/><AGARI ba="0,1" hai="0,2,32,35,53,55,77,78,96,97,109,111,129,131" machi="131" ten="25,6400,0" yaku="1,1,0,1,22,2,53,0" doraHai="71" doraHaiUra="63" who="0" fromWho="0" sc="120,74,335,-32,279,-16,256,-16" /><INIT seed="6,0,0,1,5,105" ten="194,303,263,240" oya="2" hai0="13,44,0,124,20,115,59,62,68,74,82,75,83" hai1="1,47,98,10,69,66,129,85,46,99,19,58,130" hai2="60,122,133,89,16,121,64,54,103,57,123,18,35" hai3="127,23,86,101,131,38,22,109,135,81,78,6,3"/><V61/><F35/><W120/><G109/><T106/><D68/><U110/><E69/><V117/><F117/><W24/><G120/><T45/><D0/><U76/><E110/><V4/><F103/><W111/><G38/><T104/><D13/><N who="1" m="7607" /><E1/><V116/><F116/><W63/><G111/><T11/><D11/><U55/><E66/><V5/><F89/><W33/><G101/><T50/><D20/><U107/><E85/><V49/><F133/><W39/><G135/><T128/><D124/><U71/><E71/><V7/><REACH who="2" step="1"/><F60/><REACH who="2" ten="194,303,253,240" step="2"/><W43/><G63/><T34/><D34/><U29/><E129/><V26/><F26/><W134/><G24/><T65/><D128/><U102/><E130/><V94/><F94/><W52/><G33/><T90/><D90/><U79/><E102/><V96/><F96/><W42/><G134/><T70/><D70/><AGARI ba="0,1" hai="4,5,7,16,18,49,54,57,61,64,70,121,122,123" machi="70" ten="50,12000,1" yaku="1,1,54,1,53,2" doraHai="105" doraHaiUra="12" who="2" fromWho="0" sc="194,-120,303,0,253,130,240,0" /><INIT seed="6,1,0,2,1,12" ten="74,303,383,240" oya="2" hai0="93,85,68,95,48,82,29,64,100,125,35,130,1" hai1="78,94,53,108,54,62,71,101,3,32,118,92,11" hai2="39,122,69,113,88,40,42,4,135,24,22,44,90" hai3="43,63,96,106,133,131,0,128,80,30,58,17,124"/><V6/><F69/><W65/><G0/><T134/><D1/><U81/><E108/><V115/><F122/><W59/><G30/><T91/><D125/><U20/><E32/><V114/><F42/><W107/><G124/><T70/><D130/><N who="3" m="49705" /><G43/><T89/><D134/><U18/><E118/><V45/><F45/><W116/><G116/><T36/><D36/><U9/><E71/><V21/><F21/><W26/><G133/><T60/><D68/><U31/><E31/><V76/><F76/><W77/><G96/><T97/><D48/><U121/><E121/><V99/><F135/><W10/><G59/><T23/><D23/><U132/><E132/><V49/><F39/><W73/><G10/><N who="1" m="3594" /><E3/><V47/><F47/><W117/><G117/><T75/><D75/><U14/><E101/><V105/><F105/><W86/><G73/><T66/><D66/><U25/><E25/><V72/><F72/><W8/><G8/><T119/><D119/><U27/><E27/><V34/><F34/><W126/><G126/><T74/><D74/><U15/><E15/><V16/><F99/><W37/><G37/><T28/><REACH who="0" step="1"/><D35/><REACH who="0" ten="64,303,383,240" step="2"/><U46/><E62/><V103/><F4/><W13/><G63/><T110/><D110/><U19/><E53/><V83/><F6/><W127/><G127/><T84/><AGARI ba="1,1" hai="28,29,60,64,70,82,84,85,89,91,93,95,97,100" machi="84" ten="20,2700,0" yaku="1,1,0,1,7,1,53,0" doraHai="12" doraHaiUra="111" who="0" fromWho="0" sc="64,40,303,-8,383,-14,240,-8" /><INIT seed="7,0,0,0,3,22" ten="104,295,369,232" oya="3" hai0="72,88,114,9,125,45,128,64,49,132,77,76,79" hai1="42,14,32,47,102,103,59,16,92,24,105,110,20" hai2="23,108,63,29,8,75,25,34,7,83,50,115,65" hai3="21,116,82,38,135,61,0,90,69,70,122,40,60"/><W111/><G122/><T129/><D64/><U95/><E110/><V18/><F50/><W84/><G0/><T101/><D101/><U100/><E105/><V54/><F54/><W124/><G124/><T74/><D9/><U31/><REACH who="1" step="1"/><E59/><REACH who="1" ten="104,285,369,232" step="2"/><N who="2" m="37119" /><F108/><W126/><G126/><T56/><D125/><U27/><E27/><V89/><F25/><W58/><G135/><T15/><D132/><U3/><E3/><V120/><F120/><W33/><G33/><T67/><D114/><U57/><E57/><V80/><F34/><W104/><G104/><T11/><D56/><U96/><E96/><V87/><F115/><W4/><G61/><T86/><D67/><U106/><E106/><V71/><F71/><W19/><G4/><T43/><D129/><U46/><E46/><V117/><F7/><W119/><G111/><T93/><REACH who="0" step="1"/><D128/><REACH who="0" ten="94,285,369,232" step="2"/><U6/><E6/><V99/><F117/><W73/><G119/><T13/><D13/><U10/><E10/><V39/><F8/><W91/><G116/><T68/><D68/><U28/><E28/><V2/><F29/><W98/><G70/><T36/><D36/><AGARI ba="0,2" hai="14,16,20,24,31,32,36,42,47,92,95,100,102,103" machi="36" ten="40,12000,2" yaku="1,1,52,1,54,1,53,3" doraHai="22" doraHaiUra="97" who="1" fromWho="0" sc="94,-120,285,140,369,0,232,0" owari="-26,-53.0,425,53.0,369,17.0,232,-17.0" /></mjloggm>