<mjloggm ver="2.3"><GO type="169" lobby="0"/><UN n0="%E3%82%A6%E3%83%AB%E3%83%88%E3%83%A9%E7%AB%8B%E7%9B%B4" n1="%58%E7%8C%AB" n2="%64%75%72%72%72%72%72" n3="%E3%81%82%E3%82%8B%E3%81%B5%E3%81%81%E3%81%AE%E4%BA%BA" dan="17,16,17,16" rate="2124.36,2060.25,2190.06,2067.52" sx="M,M,M,M"/><TAIKYOKU oya="0"/><INIT seed="0,0,0,1,3,83" ten="250,250,250,250" oya="0" hai0="57,73,37,132,63,41,15,31,26,126,48,44,120" hai1="128,9,114,28,70,130,61,20,4,72,89,112,68" hai2="76,131,134,32,84,91,90,87,46,3,119,109,99" hai3="79,117,124,18,129,35,22,55,2,122,53,56,59"/><T39/><D120/><U104/><E104/><V86/><F3/><W121/><G117/><T34/><D73/><U74/><E28/><V88/><F32/><W110/><G110/><T54/><D126/><U98/><E20/><V6/><F6/><W43/><G124/><T67/><D132/><U103/><E89/><V96/><F109/><W47/><G129/><T51/><REACH who="0" step="1"/><D15/><REACH who="0" ten="240,250,250,250" step="2"/><N who="1" m="5543" /><E74/><V0/><F134/><W19/><G2/><T27/><D27/><U21/><E72/><V38/><F0/><W127/><G127/><T60/><D60/><U108/><E61/><V116/><F131/><N who="1" m="50217" /><E108/><V111/><F111/><W52/><G122/><T24/><D24/><U64/><E114/><V94/><F76/><W11/><G79/><T101/><D101/><U69/><E112/><V105/><F119/><W33/><G121/><T106/><D106/><U40/><E103/><N who="2" m="62719" /><F116/><W50/><G33/><T36/><D36/><U78/><E78/><V30/><F38/><W62/><G35/><T16/><D16/><U95/><E21/><V42/><F30/><W5/><G62/><T80/><D80/><U1/><E1/><V77/><F77/><W113/><G113/><T81/><D81/><U85/><E95/><V23/><F23/><W13/><G22/><T25/><D25/><U82/><E82/><V12/><F12/><W66/><G19/><T118/><D118/><U45/><E70/><AGARI ba="0,1" hai="26,31,34,37,39,41,44,48,51,54,57,63,67,70" machi="70" ten="30,2900,0" yaku="1,1,7,1,53,0" doraHai="83" doraHaiUra="133" who="0" fromWho="1" sc="240,39,250,-29,250,0,250,0" /><INIT seed="0,1,0,5,2,101" ten="279,221,250,250" oya="0" hai0="45,79,65,61,70,124,39,68,36,134,64,20,10" hai1="8,11,43,23,128,31,1,66,127,85,103,0,54" hai2="32,109,121,116,6,42,108,21,91,81,50,130,94" hai3="87,67,5,24,88,37,107,22,129,78,17,111,16"/><T120/><D120/><U19/><E31/><V90/><F32/><W12/><G37/><N who="0" m="14411" /><D10/><U29/><E29/><V26/><F121/><W112/><G112/><T117/><D20/><U92/><E43/><V57/><F6/><W104/><G111/><T106/><D79/><U102/><E66/><N who="0" m="25705" /><D106/><U132/><E54/><N who="2" m="31959" /><F116/><W14/><G129/><T25/><D25/><U46/><E128/><V83/><F42/><W62/><G78/><T86/><D86/><U33/><E33/><V98/><F130/><W7/><G7/><T76/><D76/><U72/><E23/><V71/><F71/><N who="0" m="27178" /><D117/><U125/><E85/><V55/><F91/><W131/><G5/><T59/><D124/><U115/><E115/><V30/><F83/><W84/><G84/><T15/><D15/><U27/><E92/><V35/><F81/><W2/><G2/><T28/><D28/><U114/><E114/><V52/><F35/><W51/><G24/><T93/><D93/><U105/><E27/><V13/><F13/><W48/><G131/><T99/><D99/><U44/><E72/><V123/><F123/><W119/><G119/><T47/><D134/><U96/><E132/><V97/><F97/><W40/><G107/><T95/><D95/><U122/><E122/><V34/><F34/><W110/><G104/><T9/><D9/><U38/><E105/><V58/><F109/><W53/><G110/><T135/><D135/><U69/><E96/><V89/><F108/><W41/><G12/><T118/><D118/><U49/><E0/><V60/><F90/><W82/><G88/><T113/><D113/><RYUUKYOKU ba="1,0" sc="279,15,221,-15,250,15,250,-15" hai0="45,47,59,61" hai2="21,26,30,52,55,58,60,89,94,98" /><INIT seed="0,2,0,2,4,3" ten="294,206,265,235" oya="0" hai0="2,5,40,12,114,6,77,131,81,111,45,76,92" hai1="27,107,66,72,32,83,94,129,84,79,71,86,78" hai2="128,8,60,21,25,93,4,95,37,31,70,90,89" hai3="109,39,117,35,46,106,98,24,42,15,23,19,11"/><T127/><D114/><U51/><E107/><V34/><F37/><W54/><G109/><T104/><D104/><U85/><E129/><V44/><F128/><W101/><G117/><T49/><D131/><U69/><E79/><N who="0" m="30281" /><D2/><U102/><E51/><V103/><F103/><W52/><REACH who="3" step="1"/><G35/><REACH who="3" ten="294,206,265,225" step="2"/><T108/><D127/><U20/><E32/><V130/><F34/><W74/><G74/><T122/><D122/><U80/><E72/><V41/><F130/><W56/><G56/><T116/><D116/><U62/><E71/><V59/><F70/><W100/><G100/><T82/><D111/><U43/><E102/><V88/><F44/><W67/><G67/><T135/><D108/><U97/><E69/><V73/><F73/><W125/><G125/><T58/><D135/><U124/><E124/><V47/><F47/><W68/><G68/><T119/><D119/><U134/><E134/><V133/><F133/><W65/><G65/><T48/><D58/><U33/><E33/><V17/><F59/><W121/><G121/><T53/><D45/><U120/><E120/><V113/><F113/><W30/><AGARI ba="2,1" hai="11,15,19,23,24,30,39,42,46,52,54,98,101,106" machi="30" ten="20,5200,0" yaku="1,1,0,1,7,1,54,1,53,0" doraHai="3" doraHaiUra="115" who="3" fromWho="3" sc="294,-28,206,-15,265,-15,225,68" /><INIT seed="1,0,0,1,3,24" ten="266,191,250,293" oya="1" hai0="21,124,106,13,133,29,14,135,59,114,4,103,79" hai1="118,53,5,84,109,47,1,96,107,101,125,56,25" hai2="42,88,97,26,120,71,65,52,18,134,112,70,33" hai3="91,20,57,12,45,54,9,83,50,90,55,86,35"/><U48/><E118/><V61/><F120/><W119/><G35/><T60/><D114/><U17/><E125/><V69/><F112/><W2/><G119/><T111/><D124/><U6/><E109/><V64/><F134/><N who="0" m="51210" /><D111/><U127/><E127/><V115/><F42/><W108/><G108/><T19/><D79/><U99/><E1/><V66/><F115/><W89/><G20/><T43/><D43/><U10/><E84/><V22/><F33/><W37/><G2/><T68/><D68/><U36/><E96/><V104/><F104/><W38/><G38/><T15/><D4/><U8/><E36/><V73/><F73/><W76/><G37/><T58/><D103/><U93/><E107/><V67/><N who="2" m="16384" /><DORA hai="121" /><V46/><F46/><W23/><G23/><N who="0" m="11775" /><D106/><U128/><E128/><V3/><F3/><W39/><G39/><T40/><D40/><N who="1" m="24679" /><E25/><V98/><REACH who="2" step="1"/><F88/><REACH who="2" ten="266,191,240,293" step="2"/><W129/><G129/><T7/><D59/><AGARI ba="0,1" hai="18,22,26,52,59,61,69,70,71,97,98" m="16384" machi="59" ten="60,7700,0" yaku="1,1,2,1,54,1,53,0" doraHai="24,121" doraHaiUra="130,72" who="2" fromWho="0" sc="266,-77,191,0,240,87,293,0" /><INIT seed="2,0,0,1,1,61" ten="189,191,327,293" oya="2" hai0="71,121,25,30,46,13,69,81,15,56,43,18,77" hai1="94,86,127,31,50,51,3,47,24,125,23,52,110" hai2="21,87,78,65,39,128,37,54,107,134,60,41,57" hai3="75,84,66,63,100,93,58,45,4,0,7,113,129"/><V35/><F35/><W92/><G75/><T12/><D121/><U133/><E3/><V122/><F107/><W132/><G132/><T80/><D18/><U68/><E133/><V9/><F134/><W109/><G109/><T72/><D81/><U130/><E130/><V5/><F122/><W106/><G129/><T26/><D56/><U34/><E110/><V131/><F21/><W10/><G113/><T27/><REACH who="0" step="1"/><D30/><REACH who="0" ten="179,191,327,293" step="2"/><U88/><E68/><V115/><F115/><W22/><G4/><T112/><D112/><U124/><REACH who="1" step="1"/><E51/><AGARI ba="0,1" hai="12,13,15,25,26,27,43,46,51,69,71,72,77,80" machi="51" ten="40,5200,0" yaku="1,1,53,2" doraHai="61" doraHaiUra="64" who="0" fromWho="1" sc="179,62,191,-52,327,0,293,0" /><INIT seed="3,0,0,2,0,90" ten="241,139,327,293" oya="3" hai0="94,29,1,38,36,63,58,120,66,132,123,61,25" hai1="89,125,52,124,32,129,39,9,7,91,81,23,101" hai2="30,24,19,106,3,107,74,10,49,71,69,56,73" hai3="114,8,5,122,84,117,18,14,2,96,13,130,27"/><W111/><G96/><T6/><D6/><U128/><E32/><N who="2" m="20551" /><F19/><W15/><G84/><T40/><D1/><U85/><E39/><V116/><F56/><W44/><G44/><T33/><D132/><U103/><E23/><V68/><F49/><W76/><G76/><T98/><D63/><U88/><E9/><V109/><F109/><W93/><G93/><T17/><D17/><U60/><E7/><N who="2" m="1407" /><F116/><W21/><G111/><T46/><REACH who="0" step="1"/><D36/><REACH who="0" ten="231,139,327,293" step="2"/><U16/><E16/><V78/><F78/><W12/><G117/><T99/><D99/><U79/><E60/><V28/><F28/><N who="3" m="17519" /><G122/><T105/><D105/><AGARI ba="0,1" hai="68,69,71,73,74,105,106,107" m="1407,20551" machi="105" ten="40,2600,0" yaku="33,2" doraHai="90" who="2" fromWho="0" sc="231,-26,139,0,327,36,293,0" /><INIT seed="4,0,0,2,2,25" ten="205,139,363,293" oya="0" hai0="122,123,54,46,34,66,127,118,82,50,132,124,116" hai1="117,75,19,83,67,22,53,125,93,77,55,2,59" hai2="86,1,15,28,20,21,48,119,109,36,78,38,88" hai3="56,37,47,100,95,115,135,130,62,103,41,89,94"/><T7/><D34/><U112/><E117/><N who="0" m="45161" /><D7/><U101/><E2/><V79/><F1/><W91/><G115/><T102/><D102/><U126/><E112/><V113/><F119/><W51/><G135/><T11/><D82/><U23/><E67/><V57/><F113/><W105/><G130/><T29/><D11/><U121/><E121/><N who="0" m="46089" /><D29/><U31/><E23/><V106/><F106/><W13/><G105/><T18/><D18/><U61/><E55/><N who="2" m="31975" /><F38/><W52/><G37/><T72/><D72/><U99/><E19/><N who="2" m="10367" /><F109/><W5/><G13/><T58/><D132/><U64/><REACH who="1" step="1"/><E53/><REACH who="1" ten="205,129,363,293" step="2"/><V108/><F108/><W40/><G40/><N who="0" m="24903" /><D66/><U14/><E14/><V35/><F35/><W120/><G120/><T69/><D69/><U128/><E128/><V43/><F43/><W133/><G133/><T6/><D6/><U49/><E49/><AGARI ba="0,1" hai="49,54,58,124,127" m="24903,46089,45161" machi="49" ten="30,2900,0" yaku="34,2" doraHai="25" who="0" fromWho="1" sc="205,39,129,-29,363,0,293,0" /><INIT seed="4,1,0,0,5,59" ten="244,100,363,293" oya="0" hai0="46,118,42,64,89,20,114,58,51,81,12,30,65" hai1="108,90,41,26,34,4,71,100,121,101,31,35,86" hai2="70,68,110,17,29,129,19,25,5,37,11,80,104" hai3="67,24,74,73,50,10,15,49,63,126,117,111,98"/><T32/><D118/><U124/><E108/><V77/><F110/><W105/><G111/><T85/><D114/><U48/><E121/><V47/><F104/><W107/><G117/><T38/><D32/><U82/><E124/><V116/><F17/><W72/><G24/><T75/><D75/><U52/><E41/><N who="2" m="22959" /><F19/><W131/><G131/><T16/><D38/><U119/><E119/><V14/><F14/><W99/><G107/><T13/><D30/><U127/><E127/><V103/><F103/><W28/><G28/><T8/><REACH who="0" step="1"/><D58/><REACH who="0" ten="234,100,363,293" step="2"/><U106/><E35/><V61/><F29/><W109/><G126/><T112/><D112/><U6/><E71/><V57/><F57/><W84/><G109/><T2/><D2/><U123/><E123/><V36/><F36/><W7/><G74/><T95/><D95/><U79/><E106/><V44/><F70/><W45/><G73/><T113/><D113/><U130/><E130/><V9/><F68/><W18/><G72/><T115/><D115/><U55/><E34/><V96/><F129/><W69/><G105/><T0/><D0/><U53/><E31/><V22/><F116/><W93/><G69/><T91/><D91/><U134/><E90/><V92/><F92/><W87/><G93/><T39/><D39/><U128/><E128/><V76/><F76/><W125/><G125/><T23/><D23/><U120/><E120/><V97/><F77/><W78/><G78/><T88/><D88/><U60/><E79/><V62/><F22/><W122/><G122/><T66/><D66/><U94/><E94/><V56/><F56/><RYUUKYOKU ba="1,1" sc="234,30,100,-10,363,-10,293,-10" hai0="8,12,13,16,20,42,46,51,64,65,81,85,89" /><INIT seed="4,2,1,1,3,77" ten="264,90,353,283" oya="0" hai0="12,37,61,96,117,28,2,3,50,109,98,27,10" hai1="45,85,94,52,59,116,93,48,111,88,75,13,119" hai2="118,92,97,81,79,39,129,91,120,131,41,23,74" hai3="26,134,102,51,31,38,60,62,47,104,49,108,82"/><T107/><D37/><U132/><E111/><V0/><F0/><W100/><G108/><T9/><D109/><U64/><E75/><V95/><F120/><W65/><G38/><T68/><D117/><U63/><E132/><V73/><F118/><W36/><G36/><T106/><D50/><U57/><E94/><N who="2" m="56543" /><F23/><N who="3" m="15839" /><G104/><T112/><D112/><U67/><REACH who="1" step="1"/><E13/><REACH who="1" ten="264,80,353,283" step="2"/><V42/><F73/><W80/><G134/><T76/><D12/><U72/><E72/><V105/><F105/><W34/><G34/><T22/><D2/><U121/><E121/><V103/><F92/><W43/><G49/><T135/><D3/><U6/><E6/><V130/><F39/><W15/><G15/><T16/><D135/><U113/><E113/><V1/><F1/><W83/><G62/><AGARI ba="2,2" hai="45,48,52,57,59,62,63,64,67,85,88,93,116,119" machi="62" ten="40,8000,1" yaku="1,1,9,1,54,2,53,1" doraHai="77" doraHaiUra="46" who="1" fromWho="3" sc="264,0,80,106,353,0,283,-86" /><INIT seed="5,0,0,0,1,113" ten="264,186,353,197" oya="1" hai0="33,129,34,2,118,110,85,0,51,35,124,50,40" hai1="87,16,74,9,127,103,72,24,112,83,82,100,86" hai2="91,62,14,43,117,104,4,47,19,134,39,45,115" hai3="22,44,75,46,3,64,29,84,135,123,7,78,48"/><U53/><E112/><V12/><F115/><W27/><G75/><T11/><D110/><U106/><E127/><V133/><F104/><W67/><G123/><T107/><D107/><U38/><E38/><V73/><F73/><W97/><G135/><N who="2" m="51721" /><F117/><W68/><G68/><T37/><D11/><U88/><E106/><V10/><F47/><W1/><G1/><T31/><D31/><U32/><E72/><V59/><F91/><W131/><G131/><T55/><D40/><U8/><E74/><V121/><F121/><W49/><G97/><T90/><D35/><U105/><E105/><V13/><F19/><W81/><G7/><T42/><D42/><U15/><E8/><V126/><F126/><W18/><G3/><T111/><D129/><U99/><E99/><V108/><F108/><W116/><G116/><T101/><D118/><U21/><E32/><V70/><F70/><W20/><G48/><T102/><D37/><U76/><E53/><AGARI ba="0,0" hai="4,10,12,13,14,39,43,45,53,59,62" m="51721" machi="53" ten="30,1000,0" yaku="20,1" doraHai="113" who="2" fromWho="1" sc="264,0,186,-10,353,10,197,0" /><INIT seed="6,0,0,3,3,32" ten="264,176,363,197" oya="2" hai0="119,135,50,52,75,122,17,10,91,59,109,30,89" hai1="47,106,96,85,61,110,21,45,42,69,43,117,40" hai2="3,95,64,90,88,31,27,86,51,83,114,62,120" hai3="97,134,130,102,72,111,124,18,100,29,93,6,116"/><V0/><F120/><W23/><G111/><T132/><D75/><U126/><E110/><V34/><F51/><W112/><G116/><T24/><D109/><U1/><E117/><V37/><F114/><W7/><G72/><T128/><D122/><U9/><E85/><V66/><F37/><W48/><G130/><T67/><D119/><U98/><E21/><V108/><F108/><W87/><G134/><N who="0" m="51243" /><D67/><U14/><E126/><V81/><F66/><W26/><G124/><T28/><D28/><U92/><E106/><V105/><F105/><W49/><G102/><T13/><D128/><U77/><E77/><V115/><F115/><W84/><G18/><T125/><D125/><U82/><E82/><V38/><F38/><W103/><G103/><T54/><D54/><U71/><E96/><V79/><F90/><W107/><G107/><T131/><D131/><U63/><E69/><V56/><F81/><W76/><G112/><T78/><D78/><U68/><E68/><V80/><F83/><N who="3" m="47207" /><G87/><AGARI ba="0,0" hai="0,3,27,31,34,56,62,64,79,80,86,87,88,95" machi="87" ten="30,11600,0" yaku="7,1,52,2,54,1" doraHai="32" who="2" fromWho="3" sc="264,0,176,0,363,116,197,-116" /><INIT seed="6,1,0,3,2,78" ten="264,176,479,81" oya="2" hai0="124,117,72,49,95,61,13,4,71,1,26,20,64" hai1="35,56,99,54,94,52,127,43,65,51,115,103,25" hai2="107,66,135,86,89,84,2,114,102,42,79,74,0" hai3="81,133,67,93,132,32,5,82,62,85,7,6,122"/><V12/><F12/><W21/><G32/><T116/><D1/><U23/><E35/><V33/><F66/><W113/><G113/><T47/><D72/><U101/><E127/><V91/><F42/><W69/><G122/><T111/><D111/><U48/><E115/><V53/><F53/><W76/><G93/><T3/><D3/><U36/><E36/><V24/><F24/><W57/><G69/><T44/><D49/><U68/><E68/><V58/><F58/><W17/><G133/><T90/><D13/><U10/><E10/><V19/><F19/><W80/><REACH who="3" step="1"/><G132/><REACH who="3" ten="264,176,479,71" step="2"/><T129/><D95/><U39/><E94/><N who="2" m="54567" /><F33/><W112/><G112/><T125/><D71/><U92/><E92/><V55/><F114/><W104/><G104/><T63/><D125/><U11/><E99/><V98/><F107/><W45/><G45/><T131/><D47/><U38/><E101/><V40/><F98/><W118/><G118/><T60/><D44/><U96/><E96/><V14/><F102/><W109/><G109/><T59/><D124/><U97/><E97/><V105/><F135/><W130/><G130/><T34/><D129/><U100/><E103/><V41/><F105/><W30/><G30/><T77/><D131/><U87/><E100/><V15/><F40/><W50/><G50/><T108/><D108/><U37/><E43/><V22/><F41/><W123/><G123/><T121/><D121/><U119/><E119/><V27/><F22/><W28/><G28/><T110/><D20/><U29/><E38/><V88/><F74/><W31/><G31/><N who="0" m="19831" /><D117/><U8/><E23/><RYUUKYOKU ba="1,1" sc="264,-10,176,-10,479,-10,71,30" hai3="5,6,7,17,21,57,62,67,76,80,81,82,85" /><INIT seed="7,2,1,5,4,31" ten="254,166,469,101" oya="3" hai0="3,109,112,132,51,6,47,108,130,125,107,129,117" hai1="42,1,68,7,98,78,27,50,33,59,104,84,87" hai2="12,105,110,29,13,119,114,57,49,106,135,21,55" hai3="74,99,128,88,126,43,100,93,14,116,64,45,18"/><W111/><G116/><T24/><D107/><U44/><E68/><V56/><F29/><W73/><G126/><T67/><D6/><U127/><E127/><V54/><F54/><W124/><G124/><T5/><D5/><U123/><E123/><V113/><F57/><W77/><G128/><T133/><D3/><U30/><E78/><V37/><F37/><W53/><G111/><T38/><D24/><U134/><E134/><V19/><F110/><W26/><G64/><T122/><D125/><U65/><E7/><V0/><F0/><W58/><G26/><T82/><D82/><U70/><E1/><V101/><F135/><N who="0" m="51786" /><D38/><U118/><E118/><V92/><F12/><W9/><G100/><T17/><D17/><U80/><E80/><V97/><F119/><W69/><G69/><T115/><D67/><U71/><E71/><V52/><F55/><W40/><G77/><T8/><D8/><U20/><E20/><V62/><F62/><W48/><REACH who="3" step="1"/><G43/><REACH who="3" ten="254,166,469,91" step="2"/><N who="0" m="25087" /><D117/><U36/><E70/><V23/><F113/><N who="0" m="43594" /><D122/><U121/><E121/><V120/><F114/><W10/><G10/><T83/><D108/><U35/><E65/><V86/><F120/><W60/><AGARI ba="2,2" hai="9,14,18,40,45,48,53,58,60,73,74,88,93,99" machi="60" ten="20,12000,1" yaku="1,1,0,1,7,1,54,1,53,1" doraHai="31" doraHaiUra="46" who="3" fromWho="3" sc="254,-42,166,-42,469,-42,91,146" /><INIT seed="7,3,0,0,4,93" ten="212,124,427,237" oya="3" hai0="75,86,49,124,57,62,44,98,107,130,133,50,95" hai1="117,33,41,39,81,82,104,29,128,84,121,69,58" hai2="80,89,67,55,16,13,105,25,111,31,77,10,65" hai3="43,92,45,1,90,88,132,85,6,12,78,60,22"/><W71/><G1/><T37/><D75/><U32/><E69/><V91/><F111/><W79/><G132/><T5/><D107/><U35/><E121/><V119/><F119/><W46/><G71/><T135/><D5/><U54/><E117/><V15/><F105/><W26/><G60/><T96/><D37/><U24/><E128/><V63/><F15/><W126/><G90/><N who="0" m="53719" /><D124/><U73/><E39/><V94/><F55/><W110/><G126/><T131/><D49/><U19/><E41/><V11/><F11/><N who="3" m="4215" /><G110/><T118/><D118/><U59/><E73/><V48/><F48/><N who="3" m="26687" /><G46/><T40/><D130/><U70/><E70/><V47/><F47/><W116/><G116/><T14/><D131/><U34/><E54/><V51/><F51/><W3/><G3/><T112/><D112/><U74/><E74/><V36/><F36/><W87/><G87/><T125/><D125/><U101/><E84/><N who="2" m="48143" /><F89/><W114/><G114/><T23/><D133/><U18/><E81/><V61/><F61/><W99/><G85/><T64/><D135/><U17/><E82/><V115/><F63/><W21/><G21/><T134/><D134/><U20/><N who="1" m="8704" /><DORA hai="68" /><U127/><REACH who="1" step="1"/><E127/><REACH who="1" ten="212,114,427,237" step="2"/><V129/><F129/><W28/><AGARI ba="3,1" hai="22,26,28,78,79,88,92,99" m="26687,4215" machi="28" ten="30,6000,0" yaku="8,1,52,1,54,1" doraHai="93,68" who="3" fromWho="3" sc="212,-23,114,-23,427,-23,237,79" /><INIT seed="7,4,0,3,2,124" ten="189,91,404,316" oya="3" hai0="12,88,54,80,98,99,6,68,28,37,120,4,10" hai1="26,61,56,60,24,66,118,33,19,111,83,106,114" hai2="9,39,14,52,53,51,82,77,133,72,0,8,130" hai3="87,108,113,25,126,100,42,94,116,15,128,69,103"/><W85/><G116/><T43/><D68/><U70/><E111/><V135/><F130/><W101/><G69/><T1/><D1/><U102/><E114/><V92/><F39/><W30/><G128/><T5/><D43/><U110/><E110/><V132/><F0/><W134/><G126/><T86/><D37/><U41/><E41/><V34/><F34/><W57/><G113/><T78/><D28/><U20/><E83/><V67/><F67/><W58/><G134/><T79/><D54/><N who="2" m="21098" /><F51/><W84/><G42/><T109/><D109/><U47/><E47/><V18/><F92/><W27/><G108/><T48/><D48/><U35/><E118/><V121/><F8/><W95/><G15/><T17/><D120/><AGARI ba="4,0" hai="9,14,18,72,77,82,120,121,132,133,135" m="21098" machi="120" ten="40,2600,0" yaku="20,1,54,1" doraHai="124" who="2" fromWho="0" sc="189,-38,91,0,404,38,316,0" owari="151,-25.0,91,-41.0,442,54.0,316,12.0" /></mjloggm>