<mjloggm ver="2.3"><GO type="169" lobby="0"/><UN n0="%64%75%72%72%72%72%72" n1="%E2%97%87%E8%87%B3%E8%AA%A0%E5%A1%BE%E2%97%87" n2="%E8%88%AC%E5%8D%93%E3%81%AE%E9%A4%8A%E5%88%86" n3="%E3%82%A6%E3%83%AB%E3%83%88%E3%83%A9%E7%AB%8B%E7%9B%B4" dan="17,17,16,17" rate="2205.65,2176.24,2050.11,2161.61" sx="M,M,M,M"/><TAIKYOKU oya="0"/><INIT seed="0,0,0,2,1,115" ten="250,250,250,250" oya="0" hai0="4,5,51,7,116,23,117,123,43,79,68,53,101" hai1="127,125,121,134,61,47,10,111,32,28,58,94,100" hai2="126,21,9,13,48,50,54,14,6,81,73,130,27" hai3="59,52,85,37,113,11,80,120,95,15,109,72,25"/><T128/><D123/><U110/><E121/><V88/><F130/><W62/><G120/><T122/><D122/><U45/><E134/><V18/><F126/><N who="1" m="48137" /><E10/><V35/><F35/><W57/><G113/><T114/><D114/><U99/><E28/><V60/><F73/><W132/><G132/><T96/><D68/><U26/><E26/><V33/><F33/><W108/><G37/><T107/><D128/><U64/><E32/><V71/><F14/><W31/><G95/><T129/><D129/><U82/><E82/><V98/><F71/><W17/><G72/><T65/><D65/><U1/><E1/><V118/><F118/><W89/><REACH who="3" step="1"/><G59/><REACH who="3" ten="250,250,250,240" step="2"/><T12/><D117/><U16/><E47/><V0/><F81/><W8/><G8/><T41/><D116/><U106/><E45/><V29/><F9/><W83/><G83/><T69/><D69/><U24/><E94/><V42/><F0/><W40/><G40/><T91/><D41/><U20/><AGARI ba="0,1" hai="16,20,24,58,61,64,99,100,106,110,111" m="48137" machi="20" ten="30,2000,0" yaku="18,1,54,1" doraHai="115" who="1" fromWho="1" sc="250,-10,250,30,250,-5,240,-5" /><INIT seed="1,0,0,1,4,112" ten="240,280,245,235" oya="1" hai0="31,19,50,65,95,113,33,20,129,64,48,71,41" hai1="110,1,24,47,99,49,80,44,58,70,36,116,91" hai2="101,23,27,76,78,114,87,5,120,67,132,121,118" hai3="102,122,63,69,72,88,26,107,108,39,85,89,35"/><U128/><E1/><V84/><F5/><W125/><G72/><T18/><D113/><U30/><E128/><V25/><F114/><W131/><G39/><T46/><D129/><U7/><E70/><V75/><F67/><N who="0" m="25674" /><D33/><U56/><E7/><V60/><F60/><W93/><G108/><T10/><D71/><U73/><E110/><V29/><F75/><W92/><G122/><T66/><D66/><U32/><E116/><V86/><F118/><W103/><G69/><T109/><D109/><U53/><E73/><V42/><F42/><W4/><G35/><T127/><D127/><U130/><E130/><V55/><F132/><W34/><G34/><T135/><D135/><U94/><REACH who="1" step="1"/><E80/><REACH who="1" ten="240,270,245,235" step="2"/><V54/><F121/><W81/><G4/><T105/><D41/><AGARI ba="0,1" hai="24,30,32,36,41,44,47,49,53,56,58,91,94,99" machi="41" ten="40,3900,0" yaku="1,1,2,1,53,0" doraHai="112" doraHaiUra="3" who="1" fromWho="0" sc="240,-39,270,49,245,0,235,0" /><INIT seed="1,1,0,1,2,132" ten="201,319,245,235" oya="1" hai0="89,85,51,47,96,1,59,124,98,104,6,75,87" hai1="26,113,2,66,11,0,22,64,41,80,108,93,16" hai2="27,82,102,97,50,103,36,127,23,5,129,69,121" hai3="92,52,70,63,35,32,12,110,7,100,24,114,76"/><U109/><E113/><V81/><F36/><W10/><G114/><T29/><D75/><U95/><E41/><V135/><F121/><W58/><G110/><N who="1" m="42602" /><E80/><V38/><F38/><W53/><G76/><T128/><D128/><U73/><E73/><V78/><F69/><W68/><G70/><T19/><D29/><U119/><E119/><V101/><F135/><W125/><G68/><T56/><D85/><U62/><E66/><V57/><F129/><W55/><G125/><T71/><D71/><N who="1" m="42391" /><E11/><V90/><F127/><W116/><G116/><T131/><D131/><U111/><E111/><V3/><F81/><W134/><G134/><T61/><D87/><U120/><E120/><V117/><F117/><W31/><G35/><T91/><D124/><U77/><E77/><V14/><F78/><W83/><G83/><T106/><D98/><U84/><E84/><V65/><F97/><W49/><G63/><T99/><D96/><U37/><E37/><V20/><F65/><W86/><G86/><T25/><D99/><U126/><E126/><V74/><F74/><W18/><G92/><AGARI ba="1,0" hai="0,2,16,22,26,92,93,95" m="42391,42602" machi="92" ten="30,5800,0" yaku="14,1,10,1,54,1" doraHai="132" who="1" fromWho="3" sc="201,0,319,61,245,0,235,-61" /><INIT seed="1,2,0,5,0,39" ten="201,380,245,174" oya="1" hai0="67,86,71,38,32,110,89,27,124,112,127,25,7" hai1="45,74,78,95,76,121,73,41,58,98,36,8,48" hai2="135,97,102,57,18,103,40,26,101,53,20,51,87" hai3="0,24,75,47,46,43,82,21,56,119,60,133,22"/><U28/><E121/><V118/><F118/><W42/><G0/><T15/><D112/><U131/><E131/><V70/><F70/><W120/><G120/><T90/><D110/><U88/><E28/><V64/><F135/><W123/><G123/><T72/><D72/><U13/><E74/><V77/><F64/><W111/><G133/><T62/><D38/><U52/><E73/><V5/><F5/><AGARI ba="2,0" hai="5,8,13,36,41,45,48,52,58,76,78,88,95,98" machi="5" ten="30,11600,0" yaku="7,1,52,1,54,2" doraHai="39" who="1" fromWho="2" sc="201,0,380,122,245,-122,174,0" /><INIT seed="1,3,0,1,1,64" ten="201,502,123,174" oya="1" hai0="82,5,90,118,12,9,17,2,76,68,60,55,96" hai1="98,66,132,10,124,100,81,28,79,57,19,20,117" hai2="69,30,84,18,51,14,122,120,109,126,23,133,86" hai3="95,39,4,85,71,70,89,101,35,91,111,33,93"/><U67/><E117/><V135/><F109/><W36/><G101/><T8/><D118/><U47/><E132/><N who="2" m="50763" /><F126/><W43/><G4/><T123/><D123/><N who="2" m="47146" /><F30/><W29/><G29/><T42/><D42/><U112/><E112/><V6/><F6/><W128/><G43/><T27/><D27/><U113/><E113/><V54/><F69/><W129/><REACH who="3" step="1"/><G85/><REACH who="3" ten="201,502,123,164" step="2"/><T49/><D5/><U63/><E28/><V21/><F21/><W78/><G78/><T7/><D76/><U37/><E20/><V114/><F114/><W72/><G72/><T125/><D7/><U97/><E100/><V50/><F50/><W94/><G94/><T73/><D49/><U134/><E134/><V11/><F23/><W92/><G92/><T104/><D73/><U24/><E79/><V99/><F99/><W41/><G41/><T56/><D96/><U103/><E98/><V119/><F119/><W116/><G116/><T44/><D9/><U0/><E97/><V13/><F13/><W58/><G58/><AGARI ba="3,1" hai="11,14,18,51,54,58,84,86" m="47146,50763" machi="58" ten="30,1000,0" yaku="20,1" doraHai="64" who="2" fromWho="3" sc="201,0,502,0,123,29,164,-19" /><INIT seed="2,0,0,1,1,24" ten="201,502,152,145" oya="2" hai0="66,125,120,77,84,68,75,86,14,119,95,96,47" hai1="15,133,107,17,7,26,98,1,116,108,69,72,110" hai2="16,82,54,19,76,129,130,104,44,105,115,64,127" hai3="132,109,0,3,53,30,114,5,41,52,43,122,11"/><V4/><F115/><W124/><G122/><T121/><D66/><U92/><E107/><N who="2" m="41035" /><F4/><W94/><G114/><T28/><D68/><U89/><E116/><V49/><F64/><W55/><G124/><T81/><D47/><U35/><E69/><V57/><F57/><W126/><G126/><T33/><D14/><U70/><E70/><V101/><F101/><W27/><G132/><T88/><D125/><U118/><E118/><V131/><F127/><W2/><G109/><N who="1" m="42090" /><E72/><AGARI ba="0,0" hai="16,19,44,49,54,72,76,82,129,130,131" m="41035" machi="72" ten="40,3900,0" yaku="19,1,54,1" doraHai="24" who="2" fromWho="1" sc="201,0,502,-39,152,39,145,0" /><INIT seed="2,1,0,4,2,42" ten="201,463,191,145" oya="2" hai0="75,73,9,86,77,31,123,117,30,122,97,108,25" hai1="95,64,41,96,34,4,7,114,52,81,15,35,74" hai2="87,60,2,27,83,91,0,116,46,40,59,106,98" hai3="20,22,56,65,6,8,82,53,54,121,51,69,118"/><V28/><F116/><W124/><G121/><T109/><D117/><U101/><E114/><V78/><F106/><W24/><G118/><T61/><D9/><U131/><E131/><V107/><F107/><W88/><G124/><T5/><D5/><U39/><E64/><V127/><F127/><W92/><G82/><N who="0" m="47439" /><D61/><U44/><E7/><V10/><F10/><W47/><G69/><T113/><D31/><U126/><E126/><V129/><F129/><W14/><G65/><T67/><D67/><U19/><E4/><V104/><F104/><W125/><G24/><T32/><D97/><U70/><E70/><V43/><F98/><N who="3" m="57607" /><G125/><T99/><D99/><U94/><E52/><V29/><F91/><W11/><G11/><T85/><D85/><U120/><E120/><N who="0" m="46121" /><D113/><U89/><E35/><V93/><F29/><W133/><G133/><T90/><D90/><U63/><E34/><V37/><F43/><W105/><G105/><T1/><D1/><U135/><E135/><V49/><F37/><W26/><G26/><T18/><D18/><U68/><E68/><V80/><F0/><W103/><G103/><T110/><AGARI ba="1,0" hai="25,30,32,73,75,108,109,110" m="46121,47439" machi="110" ten="40,1500,0" yaku="14,1" doraHai="42" who="0" fromWho="0" sc="201,18,463,-5,191,-8,145,-5" /><INIT seed="3,0,0,3,5,126" ten="219,458,183,140" oya="3" hai0="112,10,135,14,102,23,90,22,44,38,30,99,42" hai1="52,54,88,19,96,56,76,2,118,28,67,59,124" hai2="25,116,121,106,20,41,9,34,0,29,125,57,97" hai3="128,93,78,12,80,70,5,123,103,92,4,77,87"/><W119/><G70/><T7/><D135/><U17/><E2/><V111/><F116/><W105/><G12/><T104/><D112/><U131/><E118/><V109/><F125/><W49/><G119/><T129/><D129/><U89/><E124/><V66/><F121/><W98/><G49/><T47/><D30/><U64/><E76/><N who="3" m="29290" /><G5/><T101/><D101/><U36/><E131/><V107/><F41/><W74/><G4/><T132/><D132/><U39/><E96/><V62/><F20/><W16/><G16/><T91/><D47/><U55/><E55/><V95/><F0/><W75/><G123/><T50/><D38/><U31/><AGARI ba="0,0" hai="17,19,28,31,36,39,52,54,56,59,64,67,88,89" machi="31" ten="25,8000,1" yaku="0,1,22,2,54,2" doraHai="126" who="1" fromWho="1" sc="219,-20,458,80,183,-20,140,-40" /><INIT seed="4,0,0,0,3,77" ten="199,538,163,100" oya="0" hai0="18,26,79,73,59,97,49,13,24,78,44,96,15" hai1="54,68,70,9,118,52,80,14,34,101,32,19,107" hai2="135,131,134,39,125,7,46,3,103,43,41,65,21" hai3="1,50,5,11,122,113,64,62,20,119,83,69,33"/><T37/><D37/><U114/><E118/><V126/><F43/><W85/><G33/><T100/><D15/><U25/><E114/><V95/><F65/><W16/><G113/><T53/><D96/><U31/><E70/><V6/><F21/><W22/><G119/><T17/><D17/><U93/><E107/><V71/><F71/><W8/><G122/><T115/><D115/><U127/><E68/><V130/><F103/><W92/><G92/><N who="0" m="58407" /><D73/><U81/><E127/><N who="2" m="48651" /><F95/><W110/><G110/><T102/><D102/><U133/><E34/><V84/><F84/><W94/><G94/><T75/><D75/><U45/><E133/><N who="2" m="50699" /><F3/><W66/><G66/><T10/><D59/><U72/><E72/><V86/><F86/><W112/><G112/><T99/><D99/><N who="1" m="59631" /><E32/><V106/><F106/><W88/><G11/><T35/><D35/><U91/><E31/><V129/><AGARI ba="0,0" hai="6,7,39,41,46,129,130,131" m="50699,48651" machi="129" ten="40,32000,5" yakuman="39" doraHai="77" who="2" fromWho="2" sc="199,-160,538,-80,163,320,100,-80" /><INIT seed="5,0,0,2,4,14" ten="39,458,483,20" oya="1" hai0="0,54,66,98,90,36,28,110,115,107,131,65,53" hai1="83,71,18,77,121,60,16,123,81,85,76,5,78" hai2="48,13,127,17,43,108,106,118,42,132,27,86,59" hai3="135,55,26,133,37,105,93,12,114,6,92,87,38"/><U40/><E5/><V120/><F108/><W101/><G105/><T8/><D110/><U30/><E40/><V96/><F118/><W11/><G114/><T58/><D36/><U116/><E116/><V24/><F120/><W70/><G70/><T88/><D115/><U82/><E30/><V95/><F132/><N who="3" m="50763" /><G55/><T56/><D28/><U80/><E71/><V57/><F127/><W44/><G44/><T111/><D111/><U45/><E45/><N who="2" m="25655" /><F106/><W4/><G4/><T124/><D131/><U33/><E33/><V29/><F43/><W3/><G3/><T20/><D124/><U113/><E113/><V15/><F86/><W125/><G125/><T31/><D107/><U34/><E34/><V97/><F97/><N who="3" m="59559" /><G26/><T84/><D98/><U122/><REACH who="1" step="1"/><E60/><REACH who="1" ten="39,448,483,20" step="2"/><V75/><F29/><W79/><G79/><AGARI ba="0,1" hai="16,18,76,77,78,79,80,81,82,83,85,121,122,123" machi="79" ten="50,18000,2" yaku="1,1,2,1,29,2,52,2,54,1,53,0" doraHai="14" doraHaiUra="19" who="1" fromWho="3" sc="39,0,448,190,483,0,20,-180" owari="39,-36.0,638,74.0,483,28.0,-160,-66.0" /></mjloggm>