<mjloggm ver="2.3"><GO type="169" lobby="0"/><UN n0="%E3%83%8A%E3%83%A9" n1="%E7%89%8C%E3%81%AE%E9%9F%B3%E8%89%B2" n2="%E3%83%94%E3%82%AB%E5%90%BE%E9%83%8E" n3="%E5%B0%B1%E6%B4%BB%E7%94%9F%40%E5%B7%9D%E6%9D%91%E8%BB%8D%E5%9B%A3" dan="16,16,16,16" rate="2110.46,2087.26,2069.83,2092.10" sx="M,M,M,M"/><TAIKYOKU oya="0"/><INIT seed="0,0,0,0,3,70" ten="250,250,250,250" oya="0" hai0="96,38,114,82,118,87,72,79,42,103,32,90,123" hai1="14,50,53,102,81,99,77,125,12,73,49,58,23" hai2="65,19,26,43,31,9,68,129,13,89,10,124,69" hai3="30,61,121,97,63,60,34,7,126,16,130,6,8"/><T101/><D32/><U107/><E125/><V80/><F124/><W1/><G126/><T5/><D114/><U18/><REACH who="1" step="1"/><E50/><REACH who="1" ten="250,240,250,250" step="2"/><V110/><F129/><W92/><G121/><T66/><D123/><U88/><E88/><V39/><F89/><W29/><G130/><T120/><D120/><U37/><E37/><V122/><F39/><W44/><G34/><T127/><D127/><U84/><E84/><V75/><F122/><W134/><G134/><T51/><D51/><U109/><E109/><V35/><F110/><W131/><G131/><T55/><D90/><U64/><E64/><V74/><F65/><W111/><G111/><T3/><D66/><U22/><E22/><V28/><F75/><W52/><G6/><T112/><D87/><U17/><E17/><V86/><F74/><W106/><G106/><N who="0" m="63783" /><D112/><U40/><E40/><V71/><F43/><W15/><G7/><T27/><D55/><U91/><E91/><V47/><F86/><W59/><G1/><T116/><D103/><U46/><E46/><V133/><F47/><W128/><G128/><T93/><D93/><U41/><E41/><V25/><F133/><W100/><G44/><N who="0" m="23639" /><D27/><AGARI ba="0,1" hai="12,14,18,23,27,49,53,58,73,77,81,99,102,107" machi="27" ten="30,3900,0" yaku="1,1,7,1,53,1" doraHai="70" doraHaiUra="95" who="1" fromWho="0" sc="250,-39,240,49,250,0,250,0" /><INIT seed="1,0,0,4,2,46" ten="211,289,250,250" oya="1" hai0="94,1,37,53,50,14,58,56,68,115,123,131,84" hai1="120,67,82,29,66,70,28,47,55,116,64,69,59" hai2="57,95,26,127,24,128,100,16,17,43,76,130,0" hai3="126,34,132,62,23,114,107,78,129,124,33,106,74"/><U110/><E120/><V90/><F0/><W49/><G114/><T7/><D115/><U45/><E116/><V35/><F100/><W92/><G129/><N who="2" m="49769" /><F76/><W108/><G108/><T41/><D131/><U15/><E82/><V111/><F111/><W119/><G119/><T71/><D123/><U86/><E110/><V31/><F127/><W91/><G132/><T113/><D113/><U3/><E3/><V103/><F103/><W112/><G62/><T77/><D1/><U22/><E86/><N who="2" m="52695" /><F43/><W85/><G78/><T4/><D77/><U61/><E70/><V65/><F26/><W117/><G74/><T52/><D41/><U121/><E69/><V60/><AGARI ba="0,0" hai="16,17,24,31,35,57,60,65" m="52695,49769" machi="60" ten="30,2000,0" yaku="19,1,54,1" doraHai="46" who="2" fromWho="2" sc="211,-5,289,-10,250,20,250,-5" /><INIT seed="2,0,0,1,2,17" ten="206,279,270,245" oya="2" hai0="122,54,134,29,90,91,121,2,6,27,88,21,47" hai1="74,76,30,110,108,113,56,37,124,109,35,60,95" hai2="104,55,85,89,0,12,22,10,42,4,120,45,63" hai3="52,58,43,53,50,72,118,38,73,33,68,126,3"/><V107/><F120/><W11/><G118/><T116/><D116/><U44/><E113/><V132/><F132/><W64/><G33/><T31/><D134/><U34/><E30/><V81/><F55/><W103/><G103/><T23/><D6/><U78/><E95/><V86/><F63/><W97/><G97/><T24/><D2/><U32/><E74/><V8/><F86/><W39/><G126/><T14/><D14/><U96/><E96/><V133/><F133/><W7/><G53/><T16/><D16/><U131/><E124/><V65/><F65/><W59/><G59/><T48/><AGARI ba="0,0" hai="21,23,24,27,29,31,47,48,54,88,90,91,121,122" machi="48" ten="30,8000,1" yaku="0,1,9,1,52,2,54,1" doraHai="17" who="0" fromWho="0" sc="206,80,279,-20,270,-40,245,-20" /><INIT seed="3,0,0,5,3,109" ten="286,259,230,225" oya="3" hai0="2,74,85,119,50,88,132,7,55,122,29,67,115" hai1="84,60,36,79,28,130,131,113,78,92,5,53,114" hai2="69,124,126,4,70,40,38,129,77,48,87,98,32" hai3="10,9,83,101,24,25,68,26,13,133,16,37,39"/><W120/><G68/><T128/><D119/><U127/><E36/><V89/><F32/><W64/><G120/><T0/><D122/><U135/><E28/><V100/><F77/><W43/><G64/><T94/><D128/><N who="1" m="49195" /><E5/><V91/><F4/><W8/><G133/><T108/><D108/><U97/><E135/><V73/><F73/><W33/><G33/><T86/><D74/><U95/><E127/><N who="2" m="48683" /><F38/><W22/><G43/><T65/><D132/><U57/><E84/><V107/><F129/><W111/><G111/><T96/><D7/><U63/><E63/><V106/><F106/><W15/><G101/><T19/><D29/><U47/><E47/><N who="2" m="25703" /><F89/><W118/><G118/><T61/><D61/><U46/><E46/><V90/><F90/><W110/><G110/><T1/><D86/><U125/><E125/><V117/><F117/><W54/><G83/><AGARI ba="0,0" hai="69,70,83,87,91,98,100,107" m="25703,48683" machi="83" ten="30,1000,0" yaku="18,1" doraHai="109" who="2" fromWho="3" sc="286,0,259,0,230,10,225,-10" /><INIT seed="4,0,0,0,4,57" ten="286,259,240,215" oya="0" hai0="106,16,50,37,97,124,9,62,32,98,90,91,33" hai1="18,17,111,115,96,15,10,94,108,119,102,40,78" hai2="21,135,3,7,71,20,80,134,60,19,77,43,30" hai3="38,84,13,53,8,105,127,14,103,114,34,39,132"/><T129/><D37/><U120/><E119/><V52/><F43/><W4/><G34/><T86/><D124/><U113/><E120/><V95/><F30/><W81/><G114/><N who="1" m="43530" /><E78/><V107/><F107/><W22/><G127/><T54/><D106/><U63/><E18/><V133/><F95/><W24/><G132/><T0/><D0/><U23/><E40/><V123/><F123/><W131/><G131/><T128/><D62/><U41/><E41/><V76/><F76/><W12/><G39/><T42/><D42/><U85/><E85/><V56/><F71/><W6/><G38/><T55/><D86/><U49/><E49/><V99/><F99/><W110/><G110/><N who="1" m="42026" /><E10/><N who="2" m="2431" /><F19/><W31/><G6/><T126/><D16/><U112/><N who="1" m="43538" /><U2/><DORA hai="47" /><E2/><V59/><F59/><W66/><G4/><T1/><D1/><U65/><E65/><V44/><F44/><W28/><G66/><T92/><D126/><U51/><E51/><V121/><F121/><W26/><G8/><T11/><D50/><U58/><E58/><V79/><F79/><W67/><G67/><T125/><D125/><U27/><E27/><V29/><F29/><W46/><G46/><T73/><D73/><AGARI ba="0,0" hai="20,21,52,56,60,73,77,80,133,134,135" m="2431" machi="73" ten="30,3900,0" yaku="20,1,52,1,54,1" doraHai="57,47" who="2" fromWho="0" sc="286,-39,259,0,240,39,215,0" /><INIT seed="5,0,0,2,0,64" ten="247,259,279,215" oya="1" hai0="97,28,101,116,134,76,2,35,51,17,19,92,86" hai1="10,72,6,118,1,128,3,4,106,8,121,78,70" hai2="20,74,30,5,46,127,120,67,73,24,58,107,29" hai3="129,22,66,36,117,32,13,47,83,15,131,69,108"/><U49/><E121/><V63/><F107/><W114/><G108/><T95/><D116/><U56/><E118/><V61/><F120/><W132/><G32/><T39/><D39/><U33/><E128/><V115/><F127/><W124/><G117/><T104/><D2/><U94/><E106/><V18/><F5/><W110/><G110/><T119/><D119/><U57/><E33/><V77/><F115/><W96/><G114/><T112/><D112/><U42/><E94/><V43/><F63/><N who="3" m="40159" /><G124/><T85/><D134/><U41/><E70/><V0/><F0/><W45/><G132/><T103/><D35/><U53/><REACH who="1" step="1"/><E57/><REACH who="1" ten="247,249,279,215" step="2"/><V130/><F130/><W23/><G131/><T7/><D104/><U135/><E135/><V88/><F58/><W122/><G129/><T90/><D95/><U82/><AGARI ba="0,1" hai="1,3,4,6,8,10,41,42,49,53,56,72,78,82" machi="82" ten="30,6000,0" yaku="1,1,0,1,9,1,53,0" doraHai="64" doraHaiUra="31" who="1" fromWho="1" sc="247,-20,249,70,279,-20,215,-20" /><INIT seed="5,1,0,5,1,121" ten="227,319,259,195" oya="1" hai0="26,53,11,110,44,76,128,78,70,48,68,39,23" hai1="24,109,135,50,87,122,75,43,96,62,25,74,32" hai2="54,132,9,124,55,30,130,77,80,35,89,73,88" hai3="65,106,90,97,105,40,15,47,41,45,21,102,91"/><U81/><E122/><V52/><F124/><W8/><G65/><T99/><D128/><U83/><E135/><V56/><F130/><W94/><G21/><T125/><D125/><U5/><E5/><V6/><F132/><W116/><G116/><T14/><D39/><U63/><E96/><V36/><F36/><W104/><G45/><T49/><D110/><U113/><E113/><V101/><F101/><W0/><G0/><T103/><D49/><U38/><E38/><V10/><F10/><W22/><G22/><T12/><D68/><U19/><E87/><V84/><F30/><W114/><G114/><T107/><D70/><U16/><E50/><V66/><F35/><W20/><G20/><T17/><REACH who="0" step="1"/><D14/><REACH who="0" ten="217,319,259,195" step="2"/><U79/><E109/><V86/><F73/><W72/><G72/><T29/><AGARI ba="1,1" hai="11,12,17,23,26,29,44,48,53,76,78,99,103,107" machi="29" ten="20,5200,0" yaku="1,1,2,1,0,1,7,1,53,0" doraHai="121" doraHaiUra="67" who="0" fromWho="0" sc="217,65,319,-27,259,-14,195,-14" /><INIT seed="6,0,0,4,3,105" ten="282,292,245,181" oya="2" hai0="12,24,104,99,97,130,109,31,9,51,26,107,42" hai1="78,80,38,122,119,81,49,15,85,120,75,21,47" hai2="53,37,13,23,22,8,39,11,83,114,2,101,46" hai3="66,87,29,116,86,124,103,16,19,45,128,6,77"/><V134/><F114/><W59/><G116/><T133/><D109/><U14/><E38/><V73/><F101/><W17/><G124/><T56/><D104/><U90/><E21/><V125/><F125/><W18/><G128/><T127/><D107/><U7/><E7/><N who="2" m="1143" /><F53/><W82/><G29/><T54/><D127/><U34/><E34/><V68/><F68/><W72/><G6/><T79/><D130/><U48/><E48/><V89/><F89/><W33/><G33/><T1/><D1/><U113/><E113/><V44/><F44/><W0/><G0/><T65/><D79/><U69/><E69/><V41/><F39/><W121/><G121/><N who="1" m="46698" /><E119/><V131/><F134/><W117/><G117/><T5/><D42/><AGARI ba="0,0" hai="14,15,42,47,49,75,78,80,81,85,90" m="46698" machi="42" ten="30,2000,0" yaku="13,1,52,1" doraHai="105" who="1" fromWho="0" sc="282,-20,292,20,245,0,181,0" /><INIT seed="7,0,0,5,0,52" ten="262,312,245,181" oya="3" hai0="30,109,64,21,71,2,129,134,41,95,68,54,15" hai1="131,96,99,14,11,90,55,58,9,57,92,97,25" hai2="91,77,86,70,123,83,19,69,34,66,108,61,100" hai3="60,110,82,117,20,76,102,44,118,116,98,124,45"/><W121/><G121/><T135/><D2/><U48/><E131/><V51/><F34/><W111/><G124/><T128/><D109/><N who="3" m="41481" /><G20/><T46/><D95/><U84/><E25/><V32/><F32/><W115/><G115/><T63/><D15/><U133/><E133/><N who="0" m="50697" /><D21/><U31/><E31/><V103/><F70/><N who="0" m="26666" /><D54/><N who="1" m="31943" /><E14/><V23/><F123/><W101/><G60/><AGARI ba="0,0" hai="9,11,55,58,60,84,90,92,96,97,99" m="31943" machi="60" ten="30,3900,0" yaku="8,1,52,2" doraHai="52" who="1" fromWho="3" sc="262,0,312,39,245,0,181,-39" owari="262,6.0,351,45.0,245,-15.0,142,-36.0" /></mjloggm>