<mjloggm ver="2.3"><GO type="41" lobby="0"/><UN n0="%E3%83%A9%E3%83%93%E3%82%A8%E3%83%8C%E3%82%B9" n1="%E3%81%8B%E3%81%97%E3%81%B1%E3%82%93" n2="%E5%B0%B1%E6%B4%BB%E7%94%9F%40%E5%B7%9D%E6%9D%91%E8%BB%8D%E5%9B%A3" n3="%61%64%70%31%30" dan="15,13,14,15" rate="1938.47,1827.62,2002.04,2060.65" sx="M,M,M,M"/><TAIKYOKU oya="0"/><INIT seed="0,0,0,2,2,65" ten="250,250,250,250" oya="0" hai0="29,3,5,44,106,125,118,36,26,83,70,22,127" hai1="80,73,24,1,110,46,123,87,61,25,108,103,97" hai2="55,21,104,11,114,124,9,130,60,67,100,113,81" hai3="37,94,119,16,98,42,78,40,32,85,34,43,63"/><T35/><D118/><U95/><E1/><V62/><F124/><N who="0" m="47690" /><D106/><U82/><E123/><V7/><F130/><W23/><G37/><T20/><D83/><U86/><E46/><V12/><F100/><W121/><G119/><T117/><D117/><U31/><E61/><V15/><F104/><W64/><G121/><T134/><D134/><U71/><E71/><V49/><F21/><W10/><G10/><N who="0" m="2367" /><D70/><U128/><E128/><V109/><F109/><N who="1" m="42089" /><E73/><V102/><F102/><W17/><G78/><T56/><D56/><U75/><E75/><V90/><F90/><W28/><G85/><N who="1" m="32266" /><E25/><V66/><F81/><W74/><G74/><T88/><D88/><U52/><E52/><V79/><F79/><W8/><G98/><T53/><D53/><U69/><E69/><V116/><F116/><W30/><G94/><T122/><D122/><U84/><N who="1" m="32274" /><U93/><DORA hai="38" /><E93/><V105/><F105/><W48/><G64/><N who="2" m="24617" /><F114/><W135/><G135/><T99/><D99/><U129/><E129/><V0/><F0/><W101/><G101/><T77/><D77/><U91/><E103/><V132/><F132/><W76/><G76/><T111/><D111/><U54/><E54/><V47/><F113/><W68/><G68/><T59/><D59/><U131/><E131/><V89/><F89/><W96/><G96/><T126/><N who="0" m="47698" /><T18/><DORA hai="133" /><D18/><AGARI ba="0,0" hai="7,9,11,12,15,18,47,49,55,60,62" m="24617" machi="18" ten="30,1000,0" yaku="8,1" doraHai="65,38,133" who="2" fromWho="0" sc="250,-10,250,0,250,10,250,0" /><INIT seed="1,0,0,5,2,39" ten="240,250,260,250" oya="1" hai0="121,3,43,60,28,26,0,55,29,120,27,71,65" hai1="61,37,63,69,92,106,54,110,32,30,51,24,21" hai2="62,33,98,36,109,57,5,14,81,53,125,22,20" hai3="64,108,75,59,127,96,95,42,18,40,87,99,10"/><U8/><E106/><V79/><F33/><W74/><G75/><T67/><D55/><U49/><E37/><V105/><F125/><W133/><G74/><T35/><D43/><N who="3" m="16425" /><G108/><T84/><D84/><U93/><E110/><V107/><F36/><W126/><G133/><T129/><D129/><U118/><E118/><V31/><F109/><W50/><G127/><T117/><D117/><U16/><E69/><V58/><F107/><W104/><G104/><T34/><REACH who="0" step="1"/><D67/><REACH who="0" ten="230,250,260,250" step="2"/><U124/><E124/><V130/><F53/><N who="3" m="32183" /><G126/><T15/><D15/><N who="1" m="7271" /><E32/><V123/><F14/><N who="3" m="7511" /><G64/><T45/><D45/><N who="1" m="27951" /><E51/><V56/><F62/><AGARI ba="0,1" hai="21,24,30,61,62,63,92,93" m="27951,7271" machi="62" ten="30,2900,0" yaku="8,1,54,1" doraHai="39" who="1" fromWho="2" sc="230,0,250,39,260,-29,250,0" /><INIT seed="1,1,0,2,4,0" ten="230,289,231,250" oya="1" hai0="36,108,105,104,114,17,85,35,133,23,52,84,20" hai1="99,93,119,92,72,19,100,4,15,107,31,58,94" hai2="22,126,28,110,124,43,113,90,82,50,7,117,25" hai3="88,10,122,37,27,54,66,121,44,11,86,111,56"/><U116/><E72/><V135/><F117/><W49/><G111/><T53/><D35/><U51/><E31/><V76/><F113/><W29/><G121/><T2/><D114/><U131/><E131/><V64/><F64/><W71/><G122/><T80/><D36/><U115/><E115/><V118/><F118/><W57/><G71/><T47/><D2/><U12/><E51/><V41/><F110/><W106/><G106/><T97/><D108/><U60/><E15/><V48/><F135/><W83/><G37/><T6/><D97/><U42/><E42/><N who="2" m="15883" /><F90/><W89/><G89/><T125/><D133/><U103/><E103/><V70/><F70/><W112/><G112/><T30/><D30/><U5/><E119/><V65/><F65/><W73/><G73/><T95/><D80/><U40/><E40/><V79/><F7/><N who="1" m="2633" /><E107/><V127/><F79/><W102/><G102/><T16/><D6/><U96/><E116/><V134/><F134/><W34/><G66/><T87/><D47/><U45/><E45/><V32/><F32/><W38/><G38/><T63/><D105/><U14/><E100/><V69/><F69/><W67/><G67/><T55/><D104/><U98/><E19/><N who="0" m="7241" /><D63/><U130/><E130/><V128/><F128/><W46/><G46/><T101/><D125/><U74/><E74/><AGARI ba="1,0" hai="22,25,28,48,50,74,76,82,124,126,127" m="15883" machi="74" ten="30,1000,0" yaku="18,1" doraHai="0" who="2" fromWho="1" sc="230,0,289,-13,231,13,250,0" /><INIT seed="2,0,0,0,1,94" ten="230,276,244,250" oya="2" hai0="133,26,117,7,121,28,114,35,0,135,95,54,39" hai1="84,78,101,65,4,45,44,71,50,119,127,70,30" hai2="46,102,24,98,62,20,42,87,59,85,55,1,60" hai3="107,91,103,37,122,74,112,36,64,18,23,90,77"/><V118/><F118/><W75/><G122/><T14/><D39/><U32/><E119/><V56/><F1/><W73/><G77/><T31/><D117/><U105/><E127/><V96/><F46/><W11/><G11/><N who="0" m="2535" /><D54/><U53/><E4/><V128/><F42/><W83/><G64/><T67/><D67/><U76/><E84/><N who="2" m="32331" /><F102/><W97/><G83/><T72/><D72/><U43/><E30/><N who="2" m="17671" /><F128/><W132/><G112/><T108/><D114/><U27/><E27/><V99/><F59/><W8/><G8/><T29/><D121/><U41/><E32/><V109/><F109/><W123/><G123/><T126/><D108/><U88/><E101/><V110/><F110/><W130/><G130/><T111/><D111/><U47/><E105/><V13/><F13/><W48/><G37/><T34/><D95/><U61/><E88/><V19/><F19/><W17/><G36/><T92/><D92/><U33/><E33/><N who="0" m="12297" /><D14/><U89/><E89/><V12/><F12/><W9/><G90/><T6/><D6/><U131/><E78/><V106/><F106/><W2/><G91/><T125/><D26/><U25/><E25/><V38/><F38/><W58/><G75/><T129/><D129/><U86/><E86/><V10/><F10/><W80/><G107/><T115/><D115/><U49/><E76/><V63/><AGARI ba="0,0" hai="55,56,60,62,63,96,98,99" m="17671,32331" machi="63" ten="30,11700,0" yaku="8,1,52,3" doraHai="94" who="2" fromWho="2" sc="230,-39,276,-39,244,117,250,-39" /><INIT seed="2,1,0,0,4,5" ten="191,237,361,211" oya="2" hai0="115,17,123,50,10,18,93,64,16,126,66,65,75" hai1="72,34,61,67,131,87,60,78,56,86,55,48,70" hai2="116,25,7,127,13,23,90,22,74,6,107,79,43" hai3="38,97,36,99,77,92,26,133,121,58,39,44,122"/><V49/><F107/><W62/><G133/><T73/><D123/><U81/><E34/><V14/><F74/><N who="0" m="28170" /><D115/><U1/><E1/><V59/><F79/><W30/><G77/><T15/><D50/><U89/><E131/><V37/><F37/><W94/><G44/><T20/><D93/><U120/><E120/><V118/><F90/><W47/><G47/><T21/><D126/><U41/><E41/><V52/><F43/><W96/><G121/><T32/><D32/><U4/><E4/><V27/><F127/><W132/><G132/><T54/><D54/><U68/><E89/><V33/><F33/><W112/><G112/><T11/><D15/><U9/><E9/><AGARI ba="1,0" hai="9,10,11,16,17,18,20,21,64,65,66" m="28170" machi="9" ten="40,12000,2" yaku="28,2,52,3,54,1" doraHai="5" who="0" fromWho="1" sc="191,123,237,-123,361,0,211,0" /><INIT seed="3,0,0,4,0,130" ten="314,114,361,211" oya="3" hai0="85,83,12,8,104,109,86,62,59,113,34,131,106" hai1="19,134,74,57,6,112,115,24,17,32,15,38,93" hai2="103,94,23,78,84,66,96,97,61,135,107,52,36" hai3="91,10,44,37,68,30,88,48,117,53,55,16,118"/><W72/><G72/><T2/><D34/><U11/><E38/><V128/><F36/><W40/><G68/><T108/><D2/><U65/><E74/><V119/><F128/><W4/><G117/><T56/><D131/><U114/><E57/><N who="0" m="22089" /><D62/><U51/><E51/><V47/><F119/><W124/><G37/><T43/><D43/><U87/><E65/><V45/><F135/><W3/><G118/><T50/><D50/><U0/><E93/><V122/><F122/><W120/><G120/><T98/><D113/><U70/><E87/><N who="0" m="33289" /><D98/><U127/><E70/><V89/><F52/><W20/><G30/><T81/><D12/><U90/><E90/><V9/><F61/><W28/><G28/><T100/><D8/><N who="1" m="2119" /><E127/><V33/><F66/><W60/><G124/><T129/><D100/><U46/><E46/><V25/><F33/><W14/><G60/><T79/><D129/><U132/><E19/><V21/><F9/><W116/><G116/><T35/><D35/><U29/><AGARI ba="0,0" hai="11,15,17,24,29,32,112,114,115,132,134" m="2119" machi="29" ten="40,8000,1" yaku="34,2,52,2" doraHai="130" who="1" fromWho="1" sc="314,-20,114,80,361,-20,211,-40" /><INIT seed="4,0,0,1,2,8" ten="294,194,341,171" oya="0" hai0="14,17,10,22,70,127,119,12,111,115,89,109,3" hai1="15,63,84,47,112,135,59,41,7,71,48,107,13" hai2="25,126,86,82,61,79,133,72,113,73,28,6,36" hai3="60,4,50,51,80,69,57,121,104,62,90,66,120"/><T39/><D119/><U96/><E112/><V122/><F122/><N who="3" m="47211" /><G104/><T116/><D116/><U56/><E135/><V124/><F36/><W5/><G80/><T94/><D39/><U0/><E107/><V1/><F113/><W130/><G90/><T101/><D101/><U106/><E96/><V117/><F117/><W92/><G92/><T19/><D70/><U55/><E106/><V44/><F133/><W27/><G27/><T20/><D115/><U83/><E71/><V125/><F44/><W31/><G31/><T32/><D32/><U64/><E7/><N who="3" m="2634" /><G130/><T74/><D74/><U132/><E0/><V134/><F134/><W91/><G91/><T85/><D3/><U16/><E132/><V53/><F6/><W102/><G102/><T129/><D129/><U2/><E2/><V105/><F1/><W49/><G60/><T26/><REACH who="0" step="1"/><D127/><REACH who="0" ten="284,194,341,171" step="2"/><U114/><E114/><V11/><F105/><W30/><G30/><AGARI ba="0,1" hai="10,12,14,17,19,20,22,26,30,85,89,94,109,111" machi="30" ten="40,18000,2" yaku="1,1,2,1,52,2,53,2" doraHai="8" doraHaiUra="18" who="0" fromWho="3" sc="284,190,194,0,341,0,171,-180" owari="474,58.0,194,-21.0,341,14.0,-9,-51.0" /></mjloggm>