<mjloggm ver="2.3"><GO type="97" lobby="0"/><UN n0="%E3%82%81%E3%82%89%E3%81%BF%E3%81%BD%E3%81%A3%E3%81%B7" n1="%E3%81%91%E3%82%93%E3%81%A1%E3%82%83%E3%82%80" n2="%E5%B0%B1%E6%B4%BB%E7%94%9F%40%E5%B7%9D%E6%9D%91%E8%BB%8D%E5%9B%A3" n3="%6C%61%67%75%6E%61%2E" dan="13,15,15,15" rate="1878.63,1973.46,1992.03,2036.79" sx="F,M,M,M"/><TAIKYOKU oya="0"/><INIT seed="0,0,0,1,0,16" ten="250,250,250,250" oya="0" hai0="27,11,93,55,104,56,59,48,41,119,81,88,57" hai1="36,97,108,13,127,18,17,117,98,80,35,58,3" hai2="76,6,29,79,64,62,130,112,26,125,91,95,116" hai3="87,42,8,46,110,70,60,2,0,83,111,33,101"/><T134/><D119/><U121/><E117/><V43/><F116/><W99/><G33/><T12/><D104/><U73/><E3/><V129/><F112/><W24/><G24/><T135/><D41/><U100/><E121/><V40/><F6/><W132/><G132/><N who="0" m="50731" /><D81/><U109/><E35/><V20/><F125/><W7/><G70/><T69/><D27/><U89/><E127/><V23/><F43/><W52/><G60/><T77/><D77/><N who="2" m="29770" /><F40/><W74/><G74/><T103/><D103/><U78/><E36/><V34/><F62/><W133/><G133/><T65/><D65/><U44/><E44/><V25/><F64/><W21/><G21/><N who="2" m="8265" /><F29/><W114/><G114/><T1/><D1/><U72/><E72/><V75/><F75/><W39/><G0/><T85/><D69/><U113/><E113/><V96/><F34/><W61/><G61/><T49/><D49/><U120/><E73/><V66/><F66/><W71/><G71/><T50/><D50/><U30/><E30/><V63/><F63/><W131/><G39/><T5/><AGARI ba="0,0" hai="5,11,12,48,55,56,57,59,85,88,93" m="50731" machi="5" ten="30,3000,0" yaku="20,1,54,1" doraHai="16" who="0" fromWho="0" sc="250,30,250,-10,250,-10,250,-10" /><INIT seed="0,1,0,2,0,10" ten="280,240,240,240" oya="0" hai0="46,114,49,66,122,94,27,117,91,115,23,83,65" hai1="135,56,63,120,6,1,133,78,44,14,80,107,39" hai2="106,16,42,38,35,31,132,108,123,22,129,43,128" hai3="0,68,79,93,55,20,58,127,121,112,85,125,25"/><T87/><D117/><U28/><E120/><V109/><F106/><W52/><G121/><T7/><D122/><U2/><E107/><V84/><F123/><W116/><G116/><T21/><D7/><U119/><E119/><V75/><F75/><W131/><G0/><T57/><D115/><U4/><E28/><V15/><F132/><N who="1" m="50761" /><E4/><V90/><F31/><W105/><G105/><T71/><D71/><U111/><E111/><N who="2" m="42571" /><F35/><W48/><G68/><T70/><D70/><U72/><E39/><V36/><F36/><W53/><G112/><T98/><D57/><U67/><E44/><N who="2" m="23639" /><F43/><W19/><G131/><T126/><D23/><U8/><AGARI ba="1,0" hai="1,2,6,8,14,56,63,67,72,78,80" m="50761" machi="8" ten="30,2000,0" yaku="20,1,52,1" doraHai="10" who="1" fromWho="1" sc="280,-11,240,23,240,-6,240,-6" /><INIT seed="1,0,0,5,3,109" ten="269,263,234,234" oya="1" hai0="29,6,112,73,84,30,74,48,24,131,99,40,128" hai1="115,54,103,122,56,68,78,66,57,133,70,105,47" hai2="63,135,82,108,16,91,5,121,36,88,2,87,80" hai3="86,52,50,42,114,95,44,129,45,25,89,75,96"/><U98/><E122/><V71/><F108/><W8/><G75/><T59/><D6/><U117/><E117/><V101/><F121/><W69/><G69/><T18/><D99/><U124/><E133/><V126/><F36/><W90/><G129/><N who="0" m="49739" /><D112/><U31/><E124/><V34/><F34/><W23/><G114/><T62/><D18/><U125/><E125/><V58/><F126/><W55/><G8/><T27/><D84/><U9/><E31/><N who="0" m="11785" /><D48/><U76/><E9/><V79/><F71/><W11/><G11/><T39/><D40/><U104/><E70/><V38/><F38/><W17/><REACH who="3" step="1"/><G45/><REACH who="3" ten="269,263,234,224" step="2"/><T102/><D73/><U53/><E47/><V92/><F2/><W3/><G3/><T10/><D10/><U13/><E68/><V120/><F5/><W1/><G1/><T37/><D74/><U49/><E57/><V119/><F120/><W132/><G132/><T19/><D59/><U97/><E56/><V46/><F135/><W60/><G60/><T127/><D127/><U81/><E66/><V111/><F111/><W100/><G100/><T85/><D102/><U110/><E103/><V113/><F119/><W15/><G15/><T107/><D27/><U94/><E110/><V93/><F113/><W0/><G0/><T130/><D24/><U67/><E13/><V64/><F46/><W20/><G20/><T106/><D130/><U116/><E116/><V35/><F35/><W14/><G14/><T134/><D62/><U33/><E33/><V21/><F101/><W72/><G72/><T26/><D134/><U4/><E4/><V7/><F7/><RYUUKYOKU ba="0,1" sc="269,-10,263,-10,234,-10,224,30" hai3="17,23,25,42,44,50,52,55,86,89,90,95,96" /><INIT seed="2,1,1,2,2,15" ten="259,253,224,254" oya="2" hai0="42,118,103,18,3,132,121,19,30,58,124,89,59" hai1="128,0,120,33,119,17,81,7,40,71,107,72,61" hai2="85,116,5,2,13,14,134,44,69,11,67,77,46" hai3="26,43,117,82,23,36,113,95,9,24,50,52,131"/><V115/><F116/><W75/><G117/><T29/><D3/><U127/><RYUUKYOKU type="yao9" ba="1,1" sc="259,0,253,0,224,0,254,0" hai1="0,7,17,33,40,61,71,72,81,107,119,120,127,128" /><INIT seed="2,2,1,1,1,67" ten="259,253,224,254" oya="2" hai0="4,105,62,135,117,114,127,55,65,126,51,113,109" hai1="22,112,25,90,99,63,78,77,29,97,21,110,7" hai2="88,133,101,9,1,43,30,16,28,132,38,6,106" hai3="13,121,124,91,89,93,122,37,59,98,36,46,68"/><V33/><F106/><W82/><G68/><T118/><D105/><U130/><E112/><N who="0" m="43113" /><D4/><U119/><E119/><N who="0" m="45577" /><D109/><U47/><E110/><V71/><F101/><W86/><G124/><T50/><D135/><N who="2" m="51786" /><F71/><W125/><G125/><N who="0" m="47627" /><D55/><U5/><E5/><V128/><F128/><W45/><G13/><T74/><D74/><U42/><E7/><V8/><F43/><W10/><G10/><T72/><D72/><U103/><E130/><V52/><F38/><W100/><G37/><T102/><D102/><U80/><E103/><V111/><F111/><W69/><G36/><T57/><AGARI ba="2,1" hai="50,51,57,62,65" m="47627,45577,43113" machi="57" ten="40,8000,1" yaku="12,1,18,1,34,2" doraHai="67" who="0" fromWho="0" sc="259,96,253,-22,224,-42,254,-22" /><INIT seed="3,0,0,0,1,101" ten="355,231,182,232" oya="3" hai0="12,95,36,23,38,128,15,58,82,79,17,123,77" hai1="5,121,114,103,113,94,134,24,92,28,90,87,45" hai2="119,26,81,34,20,25,88,122,74,73,39,40,111" hai3="30,112,78,80,102,2,115,49,59,133,61,83,47"/><W31/><G2/><T72/><D123/><U32/><E121/><V60/><F122/><W120/><G120/><T67/><D128/><U19/><E134/><V54/><F119/><W68/><G68/><T37/><D77/><U96/><E5/><V27/><F111/><W76/><G133/><T71/><D71/><U14/><E45/><V69/><F34/><W48/><G102/><T131/><D95/><U108/><E108/><V64/><F54/><W132/><G132/><T46/><D46/><U100/><E100/><V109/><F109/><W35/><G35/><T98/><D98/><U29/><E29/><V65/><F65/><W51/><G47/><T85/><D58/><U97/><E97/><V56/><F69/><W4/><G4/><T89/><D67/><U13/><E13/><V118/><F118/><W6/><G6/><T63/><D63/><U21/><AGARI ba="0,0" hai="14,19,21,24,28,32,87,90,92,94,96,103,113,114" machi="21" ten="20,1500,0" yaku="0,1,7,1" doraHai="101" who="1" fromWho="1" sc="355,-4,231,15,182,-4,232,-7" owari="351,44.0,246,5.0,178,-32.0,225,-17.0" /></mjloggm>