<mjloggm ver="2.3"><GO type="41" lobby="0"/><UN n0="%E7%99%BD%E7%9F%B3%E9%BA%BB%E8%A1%A3" n1="%E7%96%8F%E6%A8%93%E8%A5%BF%E9%A2%A8" n2="%E3%83%AF%E3%82%B7%E3%82%BA%E3%80%82" n3="%E5%B0%B1%E6%B4%BB%E7%94%9F%40%E5%B7%9D%E6%9D%91%E8%BB%8D%E5%9B%A3" dan="15,13,13,14" rate="1968.41,1903.26,1892.42,1948.69" sx="M,F,M,M"/><TAIKYOKU oya="0"/><INIT seed="0,0,0,5,1,62" ten="250,250,250,250" oya="0" hai0="113,84,18,10,130,6,19,76,64,78,80,35,114" hai1="4,32,116,11,9,41,134,46,7,125,63,85,24" hai2="53,55,71,27,22,8,103,74,119,58,3,87,50" hai3="51,83,44,110,75,100,65,28,106,38,95,132,54"/><T12/><D35/><U96/><E116/><V91/><F119/><W127/><G106/><T118/><D118/><U61/><E134/><V29/><F74/><W39/><G132/><T37/><D37/><U25/><E125/><V86/><F103/><W67/><G127/><T1/><D130/><U15/><E32/><V117/><F71/><W2/><G2/><T111/><D111/><U0/><E96/><V104/><F104/><W23/><G110/><T60/><D76/><U49/><E85/><V98/><F117/><W128/><G128/><T129/><D129/><U40/><E40/><V56/><F98/><N who="3" m="59487" /><G39/><T120/><D120/><U99/><E99/><V68/><F68/><W21/><G38/><T42/><D42/><U82/><E82/><V92/><F87/><W66/><G75/><T52/><D52/><U94/><E94/><V102/><F102/><W57/><G83/><T101/><D101/><U115/><E115/><V16/><F3/><W73/><G73/><T26/><D26/><U20/><REACH who="1" step="1"/><E25/><REACH who="1" ten="250,240,250,250" step="2"/><V70/><F27/><N who="3" m="16495" /><G23/><T30/><D30/><AGARI ba="0,1" hai="0,4,7,9,11,15,20,24,30,41,46,49,61,63" machi="30" ten="30,2000,0" yaku="1,1,7,1,53,0" doraHai="62" doraHaiUra="121" who="1" fromWho="0" sc="250,-20,240,30,250,0,250,0" /><INIT seed="1,0,0,1,4,118" ten="230,270,250,250" oya="1" hai0="21,77,39,122,81,86,16,42,51,83,66,25,23" hai1="73,103,2,15,64,67,60,17,85,94,26,106,130" hai2="36,46,45,95,117,55,108,31,123,12,79,74,104" hai3="40,13,41,132,68,70,52,135,0,63,58,72,131"/><U125/><E106/><V126/><F117/><W121/><G0/><T71/><D39/><U47/><E73/><V35/><F108/><W111/><G72/><T1/><D1/><U89/><E2/><V112/><F112/><W82/><G82/><T27/><D71/><N who="3" m="27177" /><G13/><T116/><D116/><U6/><E130/><V28/><F104/><W11/><G11/><T49/><D66/><N who="1" m="25131" /><E125/><V18/><F126/><W53/><G131/><T105/><D105/><U8/><E47/><V134/><F134/><N who="3" m="51243" /><G111/><T44/><D51/><U99/><E60/><V33/><F45/><W119/><G119/><T54/><D83/><N who="1" m="49343" /><E26/><V61/><F36/><W127/><G127/><T29/><REACH who="0" step="1"/><D42/><REACH who="0" ten="220,270,250,250" step="2"/><N who="3" m="16489" /><G121/><AGARI ba="0,1" hai="16,21,23,25,27,29,44,49,54,77,81,86,121,122" machi="121" ten="40,12000,2" yaku="1,1,52,2,54,1,53,2" doraHai="118" doraHaiUra="22" who="0" fromWho="3" sc="220,130,270,0,250,0,250,-120" /><INIT seed="2,0,0,4,5,2" ten="350,270,250,130" oya="2" hai0="111,46,122,28,134,37,58,74,38,44,24,110,59" hai1="65,98,26,34,69,17,62,112,12,29,67,101,104" hai2="94,22,61,125,70,81,120,118,40,41,108,83,36" hai3="64,72,11,124,0,88,3,39,80,129,82,9,95"/><V4/><F120/><W7/><G124/><T132/><D74/><U90/><E67/><V109/><F125/><W85/><G129/><T127/><D28/><U102/><E102/><V42/><F118/><W32/><G39/><T35/><D35/><U100/><E100/><V6/><F36/><W121/><G32/><T15/><D15/><U20/><REACH who="1" step="1"/><E90/><REACH who="1" ten="350,260,250,130" step="2"/><V77/><F77/><W68/><G121/><T23/><D127/><U8/><E8/><V30/><F30/><W126/><G126/><T56/><D122/><U1/><E1/><V16/><F70/><W14/><G72/><T25/><D38/><U10/><E10/><V63/><F94/><W128/><G128/><T49/><D37/><U107/><E107/><V51/><F51/><W119/><G119/><T114/><D49/><U105/><E105/><V76/><F76/><W47/><G3/><T60/><D60/><N who="2" m="23114" /><F108/><W115/><G115/><AGARI ba="0,1" hai="12,17,20,26,29,34,62,65,69,98,101,104,112,115" machi="115" ten="40,5200,0" yaku="1,1,25,2,53,0" doraHai="2" doraHaiUra="75" who="1" fromWho="3" sc="350,0,260,62,250,0,130,-52" /><INIT seed="3,0,0,3,0,6" ten="350,322,250,78" oya="3" hai0="78,117,8,82,14,44,23,130,105,126,90,83,97" hai1="73,108,11,29,10,81,125,93,7,61,91,24,124" hai2="60,87,62,102,28,51,133,85,12,18,122,104,58" hai3="56,67,55,43,4,94,21,112,77,40,80,32,129"/><W116/><G32/><T72/><D117/><U49/><E108/><V25/><F122/><W74/><G116/><T17/><D130/><U107/><E107/><V66/><F133/><W5/><G129/><T2/><D126/><N who="1" m="48747" /><E7/><V1/><F1/><W31/><G112/><T86/><D44/><U119/><E119/><V45/><F62/><W84/><G67/><T103/><D2/><U59/><E49/><V70/><F70/><W30/><G74/><T135/><D135/><U121/><E121/><V96/><F18/><W47/><G94/><T120/><D120/><U19/><E19/><V106/><F104/><W13/><G5/><T22/><AGARI ba="0,0" hai="8,14,17,22,23,72,78,82,83,86,90,97,103,105" machi="22" ten="30,2000,0" yaku="0,1,52,1" doraHai="6" who="0" fromWho="0" sc="350,20,322,-5,250,-5,78,-10" /><INIT seed="4,0,0,3,1,95" ten="370,317,245,68" oya="0" hai0="110,46,44,101,1,4,76,3,56,53,30,99,70" hai1="89,58,129,23,27,68,59,74,96,39,112,103,102" hai2="47,35,6,132,65,115,54,73,28,0,31,15,11" hai3="40,123,86,41,109,83,90,130,124,21,14,67,106"/><T75/><D110/><U26/><E68/><V85/><F85/><W100/><G109/><T87/><D70/><U121/><E39/><V127/><F73/><W128/><G123/><T50/><D75/><U63/><E121/><V7/><F65/><W5/><G124/><T93/><D30/><U105/><E74/><V104/><F104/><W2/><G2/><T36/><D4/><U32/><E129/><V118/><F118/><W114/><G114/><T135/><D135/><U24/><E112/><V133/><F115/><W97/><G67/><T48/><D36/><U131/><E131/><N who="3" m="50218" /><G5/><T69/><D69/><U42/><E42/><V12/><F54/><W25/><G14/><N who="2" m="5161" /><F47/><N who="0" m="17962" /><D3/><U72/><E72/><V9/><F127/><W17/><AGARI ba="0,0" hai="17,21,25,40,41,83,86,90,97,100,106" m="50218" machi="17" ten="30,2000,0" yaku="19,1,52,1" doraHai="95" who="3" fromWho="3" sc="370,-10,317,-5,245,-5,68,20" /><INIT seed="5,0,0,0,3,90" ten="360,312,240,88" oya="1" hai0="68,18,79,113,64,31,61,5,107,21,114,98,33" hai1="128,111,55,54,62,88,103,123,99,104,26,2,69" hai2="101,43,121,10,126,1,19,134,4,3,72,80,129" hai3="132,122,9,117,24,15,86,124,0,108,83,73,40"/><U94/><E123/><V93/><F121/><W42/><G122/><T85/><D5/><U53/><E2/><V47/><F3/><W17/><G108/><T63/><D31/><U135/><E111/><V48/><F129/><W6/><G117/><T76/><D33/><U20/><E128/><V77/><F126/><W27/><G124/><T50/><D50/><U84/><E135/><V100/><F134/><W92/><G132/><T95/><D63/><U60/><REACH who="1" step="1"/><E69/><REACH who="1" ten="360,302,240,88" step="2"/><V127/><F127/><W105/><G105/><T22/><D114/><U66/><E66/><V109/><F109/><W82/><G42/><T13/><D113/><U130/><E130/><V58/><F43/><W28/><G40/><T46/><D68/><U67/><E67/><V133/><F133/><W14/><G0/><T71/><D71/><U38/><E38/><V112/><F1/><W45/><G45/><T37/><D46/><U75/><E75/><V116/><F72/><W102/><G73/><T120/><D37/><U51/><E51/><V115/><F116/><W91/><G102/><T59/><D120/><U41/><E41/><V49/><F115/><W118/><G118/><T96/><D64/><U11/><E11/><V34/><F112/><W119/><G119/><T16/><D61/><U81/><E81/><N who="3" m="30730" /><G28/><AGARI ba="0,1" hai="20,26,28,53,54,55,60,62,84,88,94,99,103,104" machi="28" ten="40,7700,0" yaku="1,1,52,1,54,1,53,0" doraHai="90" doraHaiUra="12" who="1" fromWho="3" sc="360,0,302,87,240,0,88,-77" /><INIT seed="5,1,0,1,2,98" ten="360,389,240,11" oya="1" hai0="43,67,79,135,20,42,3,81,95,130,36,44,12" hai1="64,46,17,126,94,68,53,122,71,133,96,90,27" hai2="111,38,107,132,124,72,6,62,22,54,24,8,32" hai3="134,125,120,85,66,39,41,2,110,14,18,13,16"/><U80/><E122/><V58/><F38/><W74/><G74/><T1/><D135/><U10/><E133/><V114/><F111/><W109/><G2/><T30/><D130/><U92/><E126/><V102/><F124/><W119/><G120/><T40/><D3/><U57/><E80/><V51/><F72/><W63/><G119/><T23/><D1/><U89/><E46/><V7/><F132/><W105/><G105/><T5/><D67/><U37/><E37/><V15/><F114/><W78/><G125/><T131/><D131/><U33/><E64/><V76/><F76/><W101/><G134/><T83/><D95/><U28/><E10/><V50/><F32/><W73/><G73/><T31/><D44/><U82/><E82/><N who="0" m="31241" /><D79/><U35/><E35/><V118/><F7/><W112/><G112/><T60/><D60/><U97/><E17/><V87/><F87/><W106/><G39/><T91/><D36/><U29/><E29/><N who="0" m="10761" /><D91/><U47/><REACH who="1" step="1"/><E47/><REACH who="1" ten="360,379,240,11" step="2"/><V11/><F118/><W75/><G75/><T115/><D115/><U56/><E56/><V100/><F58/><W4/><G4/><T116/><D116/><U9/><E9/><AGARI ba="1,1" hai="5,9,12,20,23,40,42,43" m="10761,31241" machi="9" ten="30,1000,0" yaku="8,1" doraHai="98" who="0" fromWho="1" sc="360,23,379,-13,240,0,11,0" /><INIT seed="6,0,0,4,1,34" ten="383,366,240,11" oya="2" hai0="29,128,83,69,10,38,65,0,63,4,106,59,52" hai1="135,9,112,95,8,56,28,126,85,3,18,117,55" hai2="26,36,97,61,43,31,47,33,116,32,73,66,16" hai3="84,35,110,90,19,24,87,13,80,41,40,100,118"/><V102/><F33/><W76/><G110/><T64/><D38/><U49/><E117/><V30/><F116/><W2/><G2/><T74/><D106/><U91/><E112/><V120/><F120/><W11/><G118/><T51/><D128/><U68/><E135/><V130/><F130/><W25/><G100/><T124/><D124/><U1/><E126/><V22/><F73/><W70/><G70/><T115/><D115/><U134/><E134/><V48/><F32/><W96/><G96/><T23/><D65/><U79/><E68/><V15/><F36/><W99/><G99/><T89/><D74/><U45/><E28/><V17/><F17/><W98/><G98/><T57/><D89/><U122/><E122/><V42/><F26/><N who="3" m="10347" /><G35/><T20/><D83/><AGARI ba="0,0" hai="11,13,19,40,41,76,80,83,84,87,90" m="10347" machi="83" ten="30,1000,0" yaku="8,1" doraHai="34" who="3" fromWho="0" sc="383,-10,366,0,240,0,11,10" /><INIT seed="7,0,0,4,3,7" ten="373,366,240,21" oya="3" hai0="59,29,112,88,95,117,61,80,99,126,25,74,69" hai1="115,104,50,132,49,70,100,10,47,71,31,57,38" hai2="11,125,108,18,48,55,131,133,65,12,6,15,45" hai3="116,93,35,67,105,90,36,83,9,123,60,119,19"/><W30/><G123/><T85/><D69/><U86/><E31/><V94/><F108/><W17/><G105/><T54/><D74/><U84/><E132/><V27/><F133/><W110/><G36/><T77/><D117/><U106/><E38/><V87/><F87/><W102/><G110/><T114/><REACH who="0" step="1"/><D126/><REACH who="0" ten="363,366,240,21" step="2"/><U20/><E71/><V91/><F125/><W58/><G35/><AGARI ba="0,1" hai="25,29,35,54,59,61,77,80,85,88,95,99,112,114" machi="35" ten="40,5200,0" yaku="1,1,2,1,54,1,53,0" doraHai="7" doraHaiUra="96" who="0" fromWho="3" sc="363,62,366,0,240,0,21,-52" owari="425,52.0,366,17.0,240,-16.0,-31,-53.0" /></mjloggm>