<mjloggm ver="2.3"><GO type="97" lobby="0"/><UN n0="%52%69%2D%4D%6F%2D" n1="%64%66%61%6C%6E%66%6B%6A" n2="%E5%B0%B1%E6%B4%BB%E7%94%9F%40%E5%B7%9D%E6%9D%91%E8%BB%8D%E5%9B%A3" n3="%E3%81%8C%E3%81%AD%E3%83%BC%E3%81%97%E3%82%83" dan="15,14,14,14" rate="1953.43,1892.28,1935.03,1979.58" sx="M,M,M,M"/><TAIKYOKU oya="0"/><INIT seed="0,0,0,4,0,90" ten="250,250,250,250" oya="0" hai0="103,126,6,100,67,20,101,132,91,89,83,51,123" hai1="61,71,47,32,94,124,110,9,75,133,122,128,14" hai2="5,50,134,49,54,60,107,120,16,55,88,125,4" hai3="42,46,3,117,10,30,112,38,81,77,87,28,104"/><T93/><D123/><U40/><E122/><V97/><F120/><W66/><G117/><T68/><D126/><U58/><E75/><V74/><F125/><W129/><G112/><T26/><D132/><U79/><E32/><V64/><F74/><W78/><G104/><T56/><D68/><U25/><E71/><V33/><F33/><W109/><G109/><T36/><D36/><U48/><E124/><V39/><F39/><W86/><G129/><T24/><D6/><U72/><E110/><V11/><F134/><W121/><G121/><T1/><D1/><U13/><E25/><V0/><F0/><W21/><G66/><T41/><D83/><U105/><E105/><V115/><F115/><W135/><G135/><T127/><D127/><U82/><E133/><V111/><F111/><W70/><G70/><T63/><D89/><U116/><E116/><V85/><F97/><W44/><G44/><N who="0" m="25999" /><D20/><U114/><E114/><V65/><F107/><W22/><G22/><T19/><D19/><U15/><E128/><V98/><F98/><AGARI ba="0,0" hai="24,26,56,63,67,91,93,98,100,101,103" m="25999" machi="98" ten="30,2900,0" yaku="8,1,52,1" doraHai="90" who="0" fromWho="2" sc="250,29,250,0,250,-29,250,0" /><INIT seed="0,1,0,5,0,41" ten="279,250,221,250" oya="0" hai0="56,132,83,130,55,10,3,20,15,119,11,112,53" hai1="64,86,94,85,21,98,36,45,124,28,100,44,126" hai2="39,115,96,43,7,40,84,131,16,127,65,35,22" hai3="78,116,0,27,79,76,51,70,125,26,82,90,23"/><T88/><D119/><U5/><E36/><V97/><F35/><W92/><G116/><T80/><D112/><U75/><E75/><V52/><F115/><W50/><G70/><T108/><D130/><U32/><E32/><V31/><F131/><W62/><G0/><T66/><D132/><U14/><E64/><V67/><F31/><W60/><G125/><N who="1" m="48234" /><E5/><V71/><F71/><W122/><G82/><T117/><D117/><U104/><E104/><V54/><F7/><W110/><G110/><T17/><D108/><U37/><E37/><V69/><F69/><W42/><G122/><T103/><D103/><U105/><E105/><V102/><F84/><N who="1" m="32361" /><E14/><N who="2" m="9495" /><F39/><W68/><G68/><T2/><D3/><U93/><E94/><N who="2" m="58647" /><F97/><N who="3" m="57495" /><G76/><T1/><D2/><U12/><E12/><V77/><F77/><W34/><G34/><T9/><D1/><U91/><E100/><V59/><F127/><W48/><G78/><T6/><D6/><U13/><E13/><V120/><F120/><W58/><G79/><T113/><D113/><U101/><E101/><V89/><F89/><W133/><G133/><T25/><D15/><U95/><E95/><V18/><F67/><W63/><G27/><AGARI ba="1,0" hai="21,27,28,44,45,91,93,98" m="32361,48234" machi="27" ten="30,3900,0" yaku="18,1,52,2" doraHai="41" who="1" fromWho="3" sc="279,0,250,42,221,0,250,-42" /><INIT seed="1,0,0,5,0,2" ten="279,292,221,208" oya="1" hai0="19,17,36,27,124,116,135,85,20,28,58,23,76" hai1="66,75,103,11,61,3,92,127,15,31,109,57,125" hai2="118,98,54,122,74,0,63,131,113,33,128,91,26" hai3="84,68,112,55,123,37,95,111,96,87,71,8,32"/><U40/><E75/><V38/><F74/><W106/><G112/><T83/><D116/><U12/><E3/><V130/><F0/><W13/><G123/><T22/><D124/><N who="1" m="47691" /><E109/><V6/><F38/><W69/><G32/><T64/><D36/><U48/><E31/><N who="2" m="19703" /><F118/><W86/><G106/><T50/><D135/><U1/><E40/><V104/><F122/><W46/><G111/><T115/><D115/><U108/><E108/><V73/><F73/><W67/><G67/><T53/><REACH who="0" step="1"/><D64/><REACH who="0" ten="269,292,221,208" step="2"/><U117/><E117/><V120/><F113/><W129/><G129/><T29/><D29/><U82/><E66/><V21/><F120/><W88/><G37/><T78/><D78/><U72/><E72/><V25/><F128/><W18/><G71/><T49/><D49/><U30/><E30/><V14/><F130/><W52/><G69/><T93/><D93/><U99/><E48/><V102/><F131/><W133/><G68/><T77/><D77/><U62/><E82/><V41/><F104/><W5/><G133/><T100/><D100/><U97/><E62/><V34/><F102/><W59/><G59/><T107/><D107/><U114/><E114/><V94/><F94/><W7/><G46/><T51/><D51/><U126/><E126/><V43/><F63/><W119/><G119/><T80/><D80/><U90/><E57/><V16/><F91/><W105/><G105/><T134/><D134/><U56/><E56/><V35/><F35/><AGARI ba="0,1" hai="17,19,20,22,23,27,28,35,50,53,58,76,83,85" machi="35" ten="40,2600,0" yaku="1,1,53,1" doraHai="2" doraHaiUra="24" who="0" fromWho="2" sc="269,36,292,0,221,-26,208,0" /><INIT seed="2,0,0,5,3,81" ten="305,292,195,208" oya="2" hai0="48,113,15,25,6,96,77,129,90,100,124,18,57" hai1="94,68,22,111,23,82,62,110,80,63,114,66,41" hai2="52,39,88,135,8,0,17,95,119,38,33,123,36" hai3="109,19,65,13,10,46,125,34,92,30,7,97,24"/><V127/><F33/><W134/><G109/><N who="1" m="41482" /><E114/><V42/><F119/><W133/><G125/><T132/><D113/><U5/><E5/><V67/><F123/><W59/><G46/><T16/><D124/><U115/><E115/><V26/><F127/><W2/><G59/><T105/><D129/><U121/><E121/><V11/><F135/><N who="3" m="51723" /><G65/><T55/><D132/><U107/><E107/><V75/><F75/><W32/><G92/><T35/><D77/><U116/><E116/><V98/><F67/><W86/><G97/><T28/><REACH who="0" step="1"/><D90/><REACH who="0" ten="295,292,195,208" step="2"/><U49/><E68/><V45/><F0/><W44/><G2/><T102/><D102/><U74/><E74/><V27/><F42/><W89/><G89/><T87/><D87/><U112/><E112/><V54/><F45/><W71/><G86/><T85/><D85/><U126/><E126/><V83/><F83/><W118/><G44/><T4/><D4/><U101/><E82/><V58/><F58/><W64/><G118/><T61/><D61/><U72/><E80/><V60/><F60/><N who="3" m="40327" /><G7/><T43/><D43/><U20/><E72/><V69/><F69/><W120/><G120/><T103/><D103/><U9/><E66/><V31/><F31/><W56/><G56/><T1/><D1/><U40/><E40/><V99/><F99/><W131/><G131/><T21/><D21/><AGARI ba="0,1" hai="10,13,19,21,24,30,32,34" m="40327,51723" machi="21" ten="30,1000,0" yaku="20,1" doraHai="81" who="3" fromWho="0" sc="295,-10,292,0,195,0,208,20" /><INIT seed="3,0,0,0,1,98" ten="285,292,195,228" oya="3" hai0="48,78,126,17,111,53,11,107,73,38,118,115,14" hai1="101,22,34,2,4,33,45,25,18,76,61,113,123" hai2="59,71,67,54,99,125,79,52,86,19,24,35,13" hai3="134,21,114,47,91,49,6,87,62,95,63,9,74"/><W66/><G74/><T128/><D118/><U130/><E123/><V69/><F125/><W20/><G114/><T102/><D38/><U64/><E113/><V36/><F36/><W27/><G134/><T28/><D115/><U7/><E130/><V104/><F35/><W42/><G27/><T117/><D117/><U119/><E119/><V81/><F24/><W121/><G121/><T3/><D128/><U68/><E76/><V116/><F116/><W65/><G62/><T75/><D126/><U97/><E45/><V103/><F67/><W93/><G93/><T80/><D111/><U58/><E58/><V15/><F54/><W12/><REACH who="3" step="1"/><G65/><REACH who="3" ten="285,292,195,218" step="2"/><T10/><D75/><U70/><E70/><AGARI ba="0,1" hai="6,9,12,20,21,42,47,49,63,66,70,87,91,95" machi="70" ten="30,11600,0" yaku="1,1,2,1,7,1,53,1" doraHai="98" doraHaiUra="83" who="3" fromWho="1" sc="285,0,292,-116,195,0,218,126" owari="285,9.0,176,-32.0,195,-20.0,344,43.0" /></mjloggm>