<mjloggm ver="2.3"><GO type="41" lobby="0"/><UN n0="%E5%B0%B1%E6%B4%BB%E7%94%9F%40%E5%B7%9D%E6%9D%91%E8%BB%8D%E5%9B%A3" n1="%E5%BF%8D%E2%98%86%E5%BF%8D" n2="%73%68%6F%6E%61%6E%6A%69" n3="%E3%81%AD%E3%81%98%E3%81%97%E3%81%8D" dan="14,15,14,13" rate="1956.43,2019.80,1937.43,1944.26" sx="M,M,M,M"/><TAIKYOKU oya="0"/><INIT seed="0,0,0,5,4,106" ten="250,250,250,250" oya="0" hai0="126,80,28,47,8,41,22,48,103,92,5,19,35" hai1="110,49,18,13,135,62,88,58,45,76,38,30,93" hai2="24,77,27,87,55,73,61,37,67,102,98,14,86" hai3="112,32,72,131,69,99,20,104,39,68,89,128,26"/><T70/><D70/><N who="3" m="27241" /><G39/><T133/><D126/><U66/><E76/><V127/><F127/><W100/><G112/><T107/><D107/><U7/><E30/><V11/><F37/><W82/><G32/><T46/><D133/><U90/><E38/><V1/><F87/><N who="3" m="50423" /><G20/><T115/><D115/><U97/><E135/><V81/><F1/><W96/><G26/><T57/><D28/><U94/><E110/><V17/><F55/><W56/><G56/><T134/><D35/><U44/><E7/><V9/><F9/><W36/><G36/><T119/><D119/><U3/><E3/><V54/><F54/><W84/><G84/><T101/><D134/><U31/><E31/><V123/><F123/><W59/><G59/><T25/><D47/><U108/><E108/><V125/><F125/><W52/><G52/><T111/><D111/><U16/><E49/><V21/><F61/><W12/><G12/><N who="0" m="5135" /><D80/><U34/><E34/><V29/><F67/><W50/><G72/><T105/><D105/><U121/><E121/><V109/><F27/><W79/><G104/><T23/><D92/><U43/><E43/><V114/><F109/><W42/><G42/><T91/><D91/><U15/><E15/><V53/><F114/><W120/><G120/><T95/><D95/><U74/><E74/><V85/><F53/><W0/><G0/><T132/><D132/><U116/><E116/><V83/><F83/><W129/><G100/><N who="0" m="38475" /><D23/><N who="1" m="11663" /><E18/><V10/><F10/><W78/><G50/><T40/><D40/><U122/><E122/><V51/><F51/><W75/><G75/><T60/><D57/><RYUUKYOKU ba="0,0" sc="250,0,250,0,250,0,250,0" hai0="19,22,25,41,46,48,60" hai1="44,45,58,62,66,88,90,93,94,97" hai2="11,14,17,21,24,29,73,77,81,85,86,98,102" hai3="78,79,96,99,128,129,131" /><INIT seed="0,1,0,4,4,76" ten="250,250,250,250" oya="0" hai0="88,6,52,92,121,111,102,50,130,27,57,44,69" hai1="55,63,0,61,73,112,32,2,35,83,41,128,58" hai2="4,124,103,20,110,7,118,90,72,60,77,18,119" hai3="67,51,64,127,126,117,93,132,89,11,95,8,123"/><T131/><D69/><U16/><E41/><V26/><F110/><W96/><G132/><T120/><D102/><U62/><E128/><N who="0" m="49193" /><D111/><U14/><E112/><V5/><F124/><N who="3" m="47659" /><G117/><T9/><D27/><U19/><E19/><V78/><F103/><W66/><G123/><T71/><D71/><U133/><E133/><V116/><F90/><N who="3" m="55351" /><G51/><T23/><D23/><U40/><E40/><V101/><F101/><W99/><AGARI ba="1,0" hai="8,11,64,66,67,89,95,99" m="55351,47659" machi="99" ten="30,1100,0" yaku="18,1" doraHai="76" who="3" fromWho="3" sc="250,-6,250,-4,250,-4,250,14" /><INIT seed="1,0,0,2,1,37" ten="244,246,246,264" oya="1" hai0="70,65,18,20,48,56,99,124,39,79,23,2,74" hai1="19,71,128,5,118,10,43,69,109,16,34,90,51" hai2="1,117,9,123,8,27,130,63,115,126,86,11,98" hai3="83,85,28,64,105,47,114,127,61,14,6,73,97"/><U26/><E118/><V52/><F117/><W80/><G114/><T13/><D39/><U46/><E128/><V57/><F130/><W55/><G127/><T67/><D2/><U7/><E7/><V135/><F126/><W111/><G111/><T93/><D70/><U50/><E109/><V25/><F115/><W68/><G28/><T72/><D124/><U38/><E38/><V77/><F123/><W84/><G6/><T66/><D79/><U29/><E50/><V44/><F1/><W45/><G14/><T31/><D31/><U104/><E104/><V0/><F0/><W59/><G73/><T88/><D72/><U110/><E110/><V53/><F135/><W81/><G97/><T4/><D74/><U133/><E133/><V102/><F44/><N who="3" m="16971" /><G68/><T92/><D4/><U21/><E90/><V35/><F53/><W62/><G105/><T78/><D78/><U108/><E108/><V82/><REACH who="2" step="1"/><F35/><REACH who="2" ten="244,246,236,264" step="2"/><W15/><G55/><N who="0" m="31847" /><D92/><AGARI ba="0,1" hai="8,9,11,25,27,52,57,63,77,82,86,92,98,102" machi="92" ten="40,5200,0" yaku="1,1,8,1,54,1,53,0" doraHai="37" doraHaiUra="103" who="2" fromWho="0" sc="244,-52,246,0,236,62,264,0" /><INIT seed="2,0,0,1,5,129" ten="192,246,298,264" oya="2" hai0="6,61,126,65,55,81,118,76,98,17,85,91,42" hai1="71,109,130,133,44,94,127,29,105,72,114,31,83" hai2="30,106,101,95,116,111,99,23,26,69,0,21,62" hai3="25,5,2,132,128,14,47,3,74,4,66,77,117"/><V88/><F111/><W63/><G128/><T51/><D118/><U135/><E71/><V89/><F116/><W113/><G117/><T123/><D123/><U87/><E130/><V7/><F7/><W60/><G77/><T45/><D126/><U8/><E109/><V39/><F39/><W96/><G96/><T119/><D119/><U38/><E105/><V48/><F0/><W56/><G74/><T24/><D6/><U102/><E114/><V15/><F48/><W54/><G14/><T20/><D98/><N who="1" m="59735" /><E72/><V115/><F115/><W121/><G25/><T16/><D17/><U27/><E8/><V86/><F89/><W93/><G121/><T12/><D12/><U90/><E127/><V33/><F15/><W9/><G113/><T68/><REACH who="0" step="1"/><D76/><REACH who="0" ten="182,246,298,264" step="2"/><U97/><E27/><V52/><REACH who="2" step="1"/><F52/><AGARI ba="0,1" hai="16,20,24,42,45,51,52,55,61,65,68,81,85,91" machi="52" ten="40,8000,1" yaku="1,1,2,1,54,2,53,0" doraHai="129" doraHaiUra="120" who="0" fromWho="2" sc="182,90,246,0,298,-80,264,0" /><INIT seed="3,0,0,2,5,1" ten="272,246,218,264" oya="3" hai0="88,123,76,43,108,111,120,12,23,31,107,101,21" hai1="67,70,18,14,74,82,92,126,33,129,56,73,133" hai2="61,128,24,95,16,57,32,27,117,29,53,28,34" hai3="97,85,118,77,20,109,44,65,66,80,125,99,131"/><W11/><G118/><T52/><D107/><U4/><E33/><V71/><F128/><W50/><G125/><T130/><D101/><U58/><E129/><V87/><F117/><W90/><G131/><T98/><D43/><U60/><E126/><V89/><REACH who="2" step="1"/><F71/><REACH who="2" ten="272,246,208,264" step="2"/><W19/><G109/><N who="0" m="42059" /><D130/><U119/><E119/><V42/><F42/><N who="3" m="24855" /><G11/><T38/><D38/><U84/><E133/><V62/><F62/><W40/><G40/><T78/><D123/><U37/><E37/><V47/><F47/><W5/><G77/><T30/><D120/><U8/><E70/><V63/><F63/><W104/><G104/><T93/><D78/><U103/><E58/><V41/><F41/><W132/><G132/><T100/><D76/><U69/><E69/><V110/><F110/><W59/><G59/><T2/><D2/><U9/><E60/><V94/><F94/><W0/><G0/><T26/><D100/><U135/><E56/><V46/><F46/><W64/><G90/><T79/><D79/><U106/><E135/><V13/><F13/><W114/><G114/><T51/><D12/><N who="1" m="5127" /><E106/><V81/><F81/><W39/><G39/><T102/><D102/><U96/><E67/><V22/><F22/><N who="0" m="8202" /><D26/><U105/><E105/><V91/><F91/><W15/><G64/><T45/><AGARI ba="0,1" hai="30,31,45,51,52,88,93,98" m="8202,42059" machi="45" ten="30,4000,0" yaku="14,1,54,2" doraHai="1" who="0" fromWho="0" sc="272,50,246,-10,208,-10,264,-20" /><INIT seed="4,0,0,1,5,34" ten="322,236,198,244" oya="0" hai0="8,2,30,134,71,98,55,99,103,17,54,89,120" hai1="70,121,81,111,83,115,125,56,64,16,84,122,77" hai2="14,9,23,20,1,53,27,106,42,104,47,38,108" hai3="39,80,3,87,126,107,128,93,15,46,32,7,75"/><T127/><D71/><U6/><E6/><V12/><F108/><W112/><G46/><T105/><D120/><U33/><E33/><V88/><F14/><W82/><G15/><T25/><D127/><U5/><E5/><V11/><F11/><W86/><G7/><T67/><D67/><U129/><E111/><V26/><F23/><W96/><G32/><T13/><D134/><U51/><E125/><V21/><F21/><W101/><G3/><T57/><D2/><U36/><E36/><V109/><F109/><W63/><G63/><T65/><D65/><U132/><E132/><V10/><F10/><W35/><G35/><T43/><D43/><U18/><E70/><V118/><F118/><W24/><G24/><T95/><D57/><U124/><E124/><V100/><F26/><W68/><G39/><T61/><D61/><U49/><E122/><V31/><F53/><W91/><G68/><T69/><D69/><U0/><E0/><V45/><F45/><W130/><G112/><T60/><D60/><U66/><E121/><V62/><F62/><W74/><G126/><T4/><D4/><U59/><E77/><V72/><F72/><N who="3" m="27691" /><G107/><T90/><D90/><AGARI ba="0,0" hai="80,82,86,87,90,91,93,96,101,128,130" m="27691" machi="90" ten="30,2000,0" yaku="34,2" doraHai="34" who="3" fromWho="0" sc="322,-20,236,0,198,0,244,20" /><INIT seed="5,0,0,2,3,129" ten="302,236,198,264" oya="1" hai0="135,22,107,30,56,41,55,91,108,49,72,95,39" hai1="86,69,123,126,31,106,121,99,102,119,12,97,21" hai2="87,116,81,133,19,37,20,77,64,48,66,73,43" hai3="109,6,96,24,27,51,9,65,28,98,122,52,58"/><U53/><E69/><V32/><F116/><W29/><G109/><T62/><D107/><U84/><E119/><V130/><F32/><W101/><G122/><T79/><D108/><U47/><E126/><V90/><F130/><W114/><G114/><T111/><D111/><U44/><E99/><V118/><F37/><W134/><G65/><T131/><D131/><U15/><E123/><V74/><F118/><W59/><G6/><T113/><D113/><U71/><E71/><V42/><F74/><W3/><G3/><T8/><D39/><U54/><E121/><V23/><F23/><W104/><G9/><T17/><D72/><U45/><E12/><V115/><F43/><W88/><G134/><T76/><D135/><U63/><E63/><V36/><F36/><W4/><G4/><T112/><D30/><N who="3" m="11881" /><G104/><T35/><D8/><U18/><REACH who="1" step="1"/><E31/><REACH who="1" ten="302,226,198,264" step="2"/><V61/><F115/><W1/><G1/><T25/><D112/><U33/><E33/><V110/><F110/><W85/><G101/><T128/><D35/><U46/><N who="1" m="11264" /><DORA hai="125" /><U105/><E105/><V34/><F34/><W60/><G98/><N who="0" m="57727" /><D128/><U7/><E7/><V100/><F61/><W67/><G96/><T11/><D41/><U93/><E93/><AGARI ba="0,1" hai="24,27,51,52,58,59,60,67,85,88,93" m="11881" machi="93" ten="30,3900,0" yaku="8,1,54,2" doraHai="129,125" who="3" fromWho="1" sc="302,0,226,-39,198,0,264,49" /><INIT seed="6,0,0,0,1,45" ten="302,187,198,313" oya="2" hai0="32,58,80,89,71,18,94,70,120,41,13,48,6" hai1="85,4,96,107,7,99,74,67,118,17,15,104,110" hai2="3,92,106,117,121,116,82,37,14,135,65,1,51" hai3="28,98,105,23,59,128,62,97,129,60,46,0,93"/><V130/><F106/><W49/><G0/><T111/><D111/><U47/><E74/><V10/><F37/><W63/><G59/><T44/><D120/><U112/><E118/><V64/><F121/><W61/><G105/><T108/><D108/><U124/><E110/><V77/><F130/><N who="3" m="50283" /><G63/><T81/><D32/><U75/><E75/><V127/><F135/><W132/><G132/><T39/><D6/><U16/><E85/><V115/><F127/><W36/><G93/><T84/><D70/><U55/><E124/><V133/><F115/><W78/><G78/><T100/><D100/><U25/><E25/><V30/><F133/><W83/><G83/><T43/><D71/><U2/><E2/><V103/><F3/><W26/><G36/><T113/><D113/><U90/><E112/><V123/><F1/><W101/><G101/><T9/><D43/><AGARI ba="0,0" hai="23,26,28,43,46,49,60,61,62,97,98" m="50283" machi="43" ten="30,2000,0" yaku="19,1,52,1" doraHai="45" who="3" fromWho="0" sc="302,-20,187,0,198,0,313,20" /><INIT seed="7,0,0,0,1,84" ten="282,187,198,333" oya="3" hai0="121,102,81,94,17,11,133,39,61,28,68,62,13" hai1="45,115,120,26,93,65,122,106,99,70,90,6,87" hai2="77,1,48,74,44,51,114,2,73,95,16,104,0" hai3="78,130,113,47,83,25,97,56,19,64,124,80,91"/><W126/><G113/><T125/><D121/><U43/><E115/><V24/><F114/><W132/><G132/><T33/><D39/><U40/><E6/><V59/><F104/><W103/><G130/><T92/><D133/><U18/><E40/><V129/><F129/><W35/><G91/><T66/><D125/><N who="3" m="48233" /><G47/><T107/><D62/><U98/><E98/><V27/><F77/><W38/><G38/><T86/><D102/><U101/><E65/><V32/><F59/><W82/><G56/><T76/><D107/><U131/><E70/><V69/><F69/><W57/><G57/><T100/><D100/><U10/><E131/><V53/><F51/><W3/><G3/><T34/><D28/><U85/><E85/><V22/><F32/><W46/><G46/><T60/><D60/><U128/><E128/><V105/><F105/><W96/><G64/><T119/><D119/><U31/><E18/><V116/><F116/><W75/><G97/><T36/><D36/><U9/><E122/><V54/><F95/><N who="3" m="58783" /><G35/><T42/><D42/><U123/><E123/><V108/><F108/><W89/><G75/><T15/><D34/><U63/><E63/><V134/><F134/><W118/><G78/><T21/><REACH who="0" step="1"/><D33/><REACH who="0" ten="272,187,198,333" step="2"/><N who="1" m="20727" /><E120/><V41/><F54/><W111/><G118/><T127/><D127/><U23/><E23/><V79/><F41/><W50/><G111/><T135/><D135/><U20/><E20/><V37/><F37/><W8/><G50/><T88/><D88/><U30/><E30/><N who="2" m="17687" /><F79/><W5/><G89/><T12/><D12/><U4/><E4/><AGARI ba="0,1" hai="4,11,13,15,17,21,61,66,68,76,81,86,92,94" machi="4" ten="30,3900,0" yaku="1,1,7,1,53,1" doraHai="84" doraHaiUra="72" who="0" fromWho="1" sc="272,49,187,-39,198,0,333,0" owari="321,12.0,148,-35.0,198,-20.0,333,43.0" /></mjloggm>