<mjloggm ver="2.3"><GO type="97" lobby="0"/><UN n0="%EF%BC%BC%E6%A8%AA%E6%B5%9C%E2%98%85%E5%84%AA%E5%8B%9D%EF%BC%8F" n1="%6D%61%79%6F%6E%32" n2="%E5%B0%B1%E6%B4%BB%E7%94%9F%40%E5%B7%9D%E6%9D%91%E8%BB%8D%E5%9B%A3" n3="%E7%AC%AC%E4%BA%8C%E9%9F%B3%E6%A5%BD%E5%AE%A4" dan="14,14,15,15" rate="1886.60,1890.56,1964.95,2057.58" sx="F,M,M,M"/><TAIKYOKU oya="0"/><INIT seed="0,0,0,0,3,32" ten="250,250,250,250" oya="0" hai0="11,34,132,38,86,41,21,40,79,51,25,12,58" hai1="111,65,133,112,17,78,19,29,127,47,103,117,6" hai2="131,81,91,129,135,72,48,52,49,53,89,10,110" hai3="96,5,90,0,64,76,20,2,46,24,93,16,30"/><T74/><D74/><U42/><E117/><V66/><F66/><W102/><G76/><T87/><D34/><U126/><E112/><V83/><F110/><W119/><G119/><T84/><D38/><U105/><E111/><V108/><F108/><W15/><G64/><T69/><D69/><U68/><E78/><V106/><F10/><W85/><G46/><T115/><D115/><U43/><E29/><V59/><F106/><W125/><G125/><N who="1" m="47626" /><E6/><V50/><F135/><W35/><G5/><N who="0" m="3183" /><D132/><U114/><E43/><N who="0" m="16457" /><D51/><U27/><E27/><V95/><F95/><AGARI ba="0,0" hai="0,2,15,16,20,24,30,35,85,90,93,95,96,102" machi="95" ten="30,7700,0" yaku="7,1,52,2,54,1" doraHai="32" who="3" fromWho="2" sc="250,0,250,0,250,-77,250,77" /><INIT seed="1,0,0,0,4,56" ten="250,250,173,327" oya="1" hai0="13,7,102,135,31,88,46,57,39,122,123,34,16" hai1="81,86,15,104,8,24,133,103,80,30,109,14,108" hai2="92,26,2,131,78,52,48,71,19,125,64,84,37" hai3="22,5,119,11,124,38,106,4,93,127,20,60,82"/><U77/><E133/><V120/><F37/><W9/><G106/><T132/><D7/><N who="3" m="2633" /><G119/><T98/><D34/><U63/><E63/><V65/><F2/><W0/><G38/><T23/><D31/><U83/><E83/><V87/><F120/><N who="0" m="46122" /><D57/><U74/><E103/><V27/><F131/><W58/><G93/><N who="0" m="56615" /><D102/><U72/><E104/><V95/><F125/><N who="3" m="48203" /><G82/><T3/><D3/><U61/><E61/><V43/><F43/><AGARI ba="0,0" hai="13,16,23,39,43,46,132,135" m="56615,46122" machi="43" ten="30,3900,0" yaku="13,1,54,2" doraHai="56" who="0" fromWho="2" sc="250,39,250,0,173,-39,327,0" /><INIT seed="2,0,0,4,0,127" ten="289,250,134,327" oya="2" hai0="26,19,97,132,84,51,47,37,22,125,43,95,116" hai1="104,11,114,52,106,83,122,107,49,24,57,55,38" hai2="44,87,63,103,62,82,21,58,18,36,100,78,25" hai3="121,77,46,2,15,1,88,12,48,94,5,66,70"/><V92/><F36/><W45/><G121/><T75/><D75/><U9/><E122/><V93/><F44/><W53/><G77/><T89/><D116/><U113/><E38/><V126/><F126/><W74/><G74/><T109/><D125/><U86/><E24/><V59/><F92/><W98/><G45/><T41/><D109/><U16/><E55/><V131/><F131/><W20/><G12/><T31/><D132/><U129/><E129/><V54/><REACH who="2" step="1"/><F93/><REACH who="2" ten="289,250,124,327" step="2"/><W40/><G94/><T85/><D37/><U64/><E114/><V33/><F33/><W10/><G46/><T128/><D128/><U61/><E113/><V73/><F73/><W96/><G40/><T69/><D43/><U27/><E83/><V108/><F108/><W7/><G2/><T35/><D69/><U56/><REACH who="1" step="1"/><E86/><REACH who="1" ten="289,240,124,327" step="2"/><V123/><F123/><W80/><G1/><T111/><D111/><U23/><AGARI ba="0,2" hai="9,11,16,23,27,49,52,56,57,61,64,104,106,107" machi="23" ten="40,8000,1" yaku="1,1,2,1,0,1,54,2,53,0" doraHai="127" doraHaiUra="68" who="1" fromWho="1" sc="289,-20,240,100,124,-40,327,-20" /><INIT seed="3,0,0,5,5,0" ten="269,340,84,307" oya="3" hai0="75,114,109,125,72,10,66,19,100,36,95,81,133" hai1="115,77,59,79,134,11,67,50,89,78,53,38,46" hai2="55,4,87,45,91,76,93,18,6,70,28,37,116" hai3="1,64,30,13,131,104,123,9,128,98,86,80,58"/><W126/><G123/><T25/><D36/><U42/><E115/><V132/><F116/><W65/><G126/><T122/><D122/><U2/><E134/><V112/><F70/><W106/><G1/><T110/><D133/><U97/><E67/><V69/><F132/><W24/><G58/><T118/><D125/><U41/><E41/><V16/><F69/><W34/><G64/><T29/><D118/><U117/><E117/><V111/><F112/><W12/><G65/><T44/><D114/><U32/><E32/><V14/><F111/><W108/><G108/><N who="0" m="41579" /><D66/><U43/><E43/><V99/><F28/><W102/><G106/><T26/><D44/><U7/><E97/><V56/><F45/><W20/><G34/><N who="0" m="20791" /><D81/><U21/><E21/><V85/><F37/><W27/><G27/><T40/><D40/><U35/><E35/><V33/><F33/><W88/><REACH who="3" step="1"/><G13/><REACH who="3" ten="269,340,84,297" step="2"/><N who="0" m="7607" /><D25/><U31/><E31/><V103/><F76/><W84/><G84/><T23/><D23/><U57/><E57/><V82/><F85/><W8/><G8/><T101/><D95/><U62/><REACH who="1" step="1"/><E89/><REACH who="1" ten="269,330,84,297" step="2"/><V92/><F82/><W71/><G71/><T130/><D130/><U52/><E52/><V22/><REACH who="2" step="1"/><F18/><AGARI ba="0,2" hai="9,12,18,20,24,30,80,86,88,98,102,104,128,131" machi="18" ten="40,12000,1" yaku="1,1,54,1,53,2" doraHai="0" doraHaiUra="127" who="3" fromWho="2" sc="269,0,330,0,84,-120,297,140" owari="269,-13.0,330,13.0,-36,-54.0,437,54.0" /></mjloggm>