<mjloggm ver="2.3"><GO type="97" lobby="0"/><UN n0="%28%E2%89%A7%D0%94%E2%89%A6%29%EF%BD%82" n1="%67%61%72%75%63%69%61" n2="%E3%81%BB%E3%82%8A%E3%81%84" n3="%E5%B0%B1%E6%B4%BB%E7%94%9F%40%E5%B7%9D%E6%9D%91%E8%BB%8D%E5%9B%A3" dan="15,15,14,15" rate="1960.00,2014.89,1968.79,1959.02" sx="M,M,M,M"/><TAIKYOKU oya="0"/><INIT seed="0,0,0,1,2,71" ten="250,250,250,250" oya="0" hai0="52,28,12,104,61,112,62,42,64,6,127,126,15" hai1="94,56,105,129,121,102,39,16,73,17,48,51,11" hai2="24,82,87,97,45,66,32,124,65,85,2,38,25" hai3="46,40,109,53,72,47,31,100,119,14,1,33,131"/><T78/><D104/><U114/><E105/><V125/><F2/><W88/><G1/><T60/><D112/><U21/><E73/><V41/><F97/><W101/><G72/><T50/><D42/><U57/><E121/><V111/><F111/><W98/><G119/><T44/><D78/><U36/><E129/><V107/><F85/><W5/><G109/><T115/><D115/><U26/><E114/><V76/><F107/><W92/><G131/><T23/><D6/><U10/><E94/><V59/><F59/><W67/><G67/><N who="2" m="25609" /><F32/><W13/><G33/><T43/><D64/><U20/><E26/><V68/><F68/><W116/><G31/><T86/><D86/><U7/><E102/><V55/><F55/><W69/><G69/><T133/><D133/><U0/><E0/><V22/><F22/><W35/><G35/><T19/><D28/><U29/><E29/><V132/><F132/><W95/><G116/><T110/><D110/><U96/><E96/><V30/><F30/><W74/><G74/><T89/><D89/><U118/><E7/><V108/><F108/><W123/><G5/><T84/><D84/><U91/><E91/><V134/><F134/><W128/><G128/><T79/><D79/><U120/><E120/><V135/><F135/><W117/><G117/><AGARI ba="0,0" hai="10,11,16,17,20,21,36,39,48,51,56,57,117,118" machi="117" ten="25,8000,1" yaku="22,2,52,2,54,1" doraHai="71" who="1" fromWho="3" sc="250,0,250,80,250,0,250,-80" /><INIT seed="1,0,0,1,1,25" ten="250,330,250,170" oya="1" hai0="11,57,10,64,84,89,124,130,103,72,22,105,40" hai1="52,20,19,94,1,107,82,3,63,127,24,36,37" hai2="131,85,28,132,41,54,92,83,123,60,73,115,76" hai3="61,114,86,8,6,66,87,106,80,15,16,126,100"/><U32/><E107/><V96/><F123/><W51/><G114/><T99/><D72/><U129/><E127/><V117/><F41/><W110/><G126/><T9/><D124/><U71/><E129/><V23/><F131/><W27/><G110/><T59/><D130/><U49/><E32/><V2/><F2/><W42/><G106/><T91/><D40/><U46/><E36/><V81/><F117/><W134/><G134/><T108/><D108/><U44/><E82/><V34/><F34/><W102/><G86/><T104/><D104/><U95/><E37/><V18/><F115/><W39/><G39/><T88/><D22/><U74/><E74/><V26/><F132/><W45/><G27/><T118/><D118/><U65/><REACH who="1" step="1"/><E46/><REACH who="1" ten="250,320,250,170" step="2"/><V133/><F133/><W14/><G66/><T70/><D64/><U0/><AGARI ba="0,1" hai="0,1,3,19,20,24,44,49,52,63,65,71,94,95" machi="0" ten="30,12000,1" yaku="1,1,2,1,0,1,54,1,53,1" doraHai="25" doraHaiUra="47" who="1" fromWho="1" sc="250,-40,320,130,250,-40,170,-40" /><INIT seed="1,1,0,4,3,21" ten="210,450,210,130" oya="1" hai0="84,88,78,112,122,95,55,113,19,36,127,9,126" hai1="85,7,62,94,49,41,10,74,4,16,37,99,119" hai2="100,118,133,81,91,47,58,79,33,3,102,77,90" hai3="52,15,46,18,6,1,35,39,40,51,98,123,27"/><U89/><E74/><V67/><F3/><W23/><G123/><T31/><D122/><U63/><E37/><V48/><F33/><W117/><G117/><T69/><D69/><U124/><E119/><V53/><F118/><W59/><G1/><T50/><D36/><U93/><E124/><N who="0" m="47657" /><D78/><N who="2" m="29706" /><F133/><W5/><REACH who="3" step="1"/><G98/><REACH who="3" ten="210,450,210,120" step="2"/><T97/><D97/><U135/><E135/><V104/><F104/><W96/><G96/><T65/><D112/><U110/><E110/><V14/><F14/><W72/><G72/><T71/><D113/><U43/><E4/><V0/><F0/><W116/><G116/><T111/><D111/><U76/><E7/><V24/><F24/><W125/><G125/><T134/><D134/><U106/><E106/><V132/><F132/><W30/><AGARI ba="1,1" hai="5,6,15,18,23,27,30,35,39,40,46,51,52,59" machi="30" ten="30,7900,0" yaku="1,1,0,1,52,1,54,1,53,0" doraHai="21" doraHaiUra="103" who="3" fromWho="3" sc="210,-21,450,-40,210,-21,120,92" /><INIT seed="2,0,0,2,2,32" ten="189,410,189,212" oya="2" hai0="29,11,107,49,116,34,114,100,115,113,19,79,89" hai1="73,45,15,38,56,86,41,67,21,129,117,71,112" hai2="52,61,39,60,10,96,74,88,77,87,126,135,80" hai3="26,6,121,93,23,36,57,12,44,17,84,91,85"/><V110/><F39/><W55/><G121/><T130/><D130/><U59/><E73/><V72/><F126/><W4/><G36/><T40/><D79/><U51/><E117/><V99/><F10/><W122/><G122/><T76/><D76/><U64/><E129/><V25/><F25/><W66/><G44/><T37/><D37/><U48/><E86/><N who="2" m="48399" /><F61/><N who="3" m="36031" /><G66/><N who="1" m="25130" /><E21/><V123/><F60/><W101/><G101/><T104/><D116/><U0/><E15/><V119/><F52/><W92/><G26/><T83/><D34/><U103/><E103/><V22/><F22/><W68/><G68/><T108/><D29/><U95/><E95/><N who="3" m="36426" /><G85/><T14/><D100/><U94/><E0/><V35/><F35/><W124/><G124/><T24/><D24/><U9/><E71/><V111/><F119/><W65/><G65/><T50/><D40/><U31/><E31/><V46/><F46/><W134/><G134/><T54/><D49/><U98/><E38/><V7/><F135/><W27/><G27/><T131/><D131/><U102/><E112/><V75/><F123/><W13/><G13/><T70/><D70/><U28/><E28/><V53/><F53/><W69/><G69/><T33/><D33/><U47/><E9/><V128/><F128/><W106/><G106/><T133/><D133/><U20/><E20/><V8/><F87/><W82/><AGARI ba="0,0" hai="4,6,12,17,23,82,84,91" m="36426,36031" machi="82" ten="30,1100,0" yaku="8,1" doraHai="32" who="3" fromWho="3" sc="189,-3,410,-3,189,-5,212,11" /><INIT seed="3,0,0,1,3,95" ten="186,407,184,223" oya="3" hai0="6,20,93,38,87,60,98,94,124,135,131,72,85" hai1="99,79,133,105,73,21,46,134,32,77,25,88,109" hai2="44,68,120,37,100,103,102,12,111,71,8,86,91" hai3="97,121,107,9,51,5,126,132,54,106,96,22,42"/><W40/><G121/><T29/><D72/><U53/><E32/><V123/><F111/><W52/><G22/><T11/><D38/><U108/><E73/><V28/><F28/><W10/><G51/><T117/><D117/><U50/><E79/><V13/><F13/><W75/><G75/><T66/><D124/><U18/><E77/><V67/><F37/><W7/><REACH who="3" step="1"/><G126/><REACH who="3" ten="186,407,184,213" step="2"/><T122/><D122/><N who="2" m="46634" /><F44/><W16/><G16/><T27/><D131/><U116/><E116/><V49/><F49/><W30/><G30/><T31/><D31/><U47/><E47/><V92/><F67/><W62/><G62/><T115/><D115/><U127/><E127/><V4/><AGARI ba="0,1" hai="4,8,12,68,71,86,91,92,100,102,103" m="46634" machi="4" ten="30,1100,0" yaku="13,1" doraHai="95" who="2" fromWho="2" sc="186,-3,407,-3,184,21,213,-5" owari="183,-32.0,404,50.0,205,-19.0,208,1.0" /></mjloggm>