<mjloggm ver="2.3"><GO type="169" lobby="0"/><UN n0="%E9%81%8A%E8%B5%B0" n1="%31%30%30%27%73" n2="%E3%82%A6%E3%83%AB%E3%83%88%E3%83%A9%E7%AB%8B%E7%9B%B4" n3="%2A%E3%81%B6%E3%81%A3%E3%81%A1%2A" dan="17,16,17,17" rate="2154.08,2083.95,2149.16,2181.33" sx="F,M,M,M"/><TAIKYOKU oya="0"/><INIT seed="0,0,0,5,2,41" ten="250,250,250,250" oya="0" hai0="16,32,43,85,47,96,68,82,135,120,64,31,30" hai1="73,34,49,106,69,122,77,109,130,13,91,8,88" hai2="58,19,46,89,97,125,15,110,131,39,28,45,37" hai3="52,94,113,80,51,75,63,61,78,101,66,103,124"/><T20/><D120/><U10/><E122/><V60/><F125/><W81/><G124/><T44/><D135/><U17/><E69/><V24/><F131/><W87/><G113/><T22/><D32/><U62/><E106/><V3/><F3/><W93/><G63/><T128/><D128/><U79/><E34/><V133/><F133/><W9/><G9/><T134/><D134/><U95/><E130/><V59/><F110/><W65/><G93/><T116/><D116/><U57/><E73/><V118/><F118/><W127/><G127/><T121/><D121/><U76/><E109/><V29/><F24/><W1/><G1/><T48/><D68/><U72/><E72/><V86/><F97/><W2/><G2/><T4/><D64/><N who="1" m="38991" /><E49/><V5/><F5/><W90/><G66/><T18/><D4/><N who="1" m="3207" /><E95/><N who="2" m="54711" /><F39/><W108/><G94/><T25/><D47/><N who="2" m="17930" /><F37/><W119/><G108/><T36/><D36/><U126/><E126/><V54/><F59/><W111/><G111/><T38/><D38/><U112/><E112/><V84/><F84/><W123/><G119/><T33/><D96/><U67/><E67/><V27/><F27/><W74/><G74/><T102/><D33/><U12/><AGARI ba="0,0" hai="10,12,17,76,77,79,88,91" m="3207,38991" machi="12" ten="30,2000,0" yaku="8,1,54,1" doraHai="41" who="1" fromWho="1" sc="250,-10,250,20,250,-5,250,-5" /><INIT seed="1,0,0,5,5,71" ten="240,270,245,245" oya="1" hai0="132,62,119,103,113,20,55,73,23,112,77,16,14" hai1="48,126,6,111,31,41,28,39,98,108,87,1,51" hai2="94,130,33,34,109,5,64,13,29,3,30,52,106" hai3="72,17,118,123,121,24,18,104,114,46,15,96,134"/><U69/><E69/><V131/><F94/><W85/><G72/><T90/><D119/><U91/><E126/><V105/><F64/><W53/><G114/><T124/><D124/><U89/><E98/><V133/><F52/><W99/><G118/><T129/><D129/><N who="2" m="49162" /><F105/><W107/><G24/><T95/><D132/><U27/><E39/><V19/><F106/><W60/><G134/><T100/><D112/><U10/><E89/><V8/><F133/><W12/><G85/><T101/><D113/><U37/><E37/><V92/><F92/><W0/><G53/><T49/><D62/><U57/><E57/><V82/><F82/><W2/><G60/><T9/><D77/><U38/><E38/><V84/><F84/><W25/><G46/><N who="0" m="28087" /><D73/><U67/><E67/><V42/><F42/><W127/><G25/><T88/><D90/><U63/><E63/><V125/><F125/><AGARI ba="0,0" hai="0,2,12,15,17,18,96,99,104,107,121,123,125,127" machi="125" ten="25,1600,0" yaku="22,2" doraHai="71" who="3" fromWho="2" sc="240,0,270,0,245,-16,245,16" /><INIT seed="2,0,0,3,5,21" ten="240,270,229,261" oya="2" hai0="101,79,74,78,128,66,28,104,120,80,133,43,132" hai1="50,38,103,110,126,127,60,97,37,8,55,112,58" hai2="130,116,11,67,117,9,34,87,99,114,2,19,65" hai3="68,77,30,70,41,122,25,4,124,51,107,119,96"/><V123/><F123/><W134/><G122/><T52/><D120/><U42/><E8/><N who="2" m="3147" /><F2/><W75/><G119/><N who="2" m="45641" /><F34/><W129/><G4/><T95/><D128/><U47/><E112/><V20/><F87/><W40/><G129/><T106/><D66/><N who="2" m="25098" /><F20/><W31/><G75/><T109/><D43/><U33/><E33/><V15/><F130/><W14/><G41/><T59/><D109/><U49/><E110/><V53/><F53/><W18/><G40/><T84/><D78/><U61/><E97/><V86/><F86/><W36/><G96/><N who="0" m="61479" /><D28/><U100/><E100/><V93/><F99/><W115/><G31/><T111/><D111/><U44/><E103/><V135/><F93/><W85/><G77/><T62/><D106/><U1/><E1/><V82/><F82/><W88/><G107/><T56/><D56/><U105/><E105/><V121/><F121/><W71/><G85/><T35/><D35/><U7/><E7/><V89/><F89/><AGARI ba="0,0" hai="52,59,62,74,79,80,84,89,95,132,133" m="61479" machi="89" ten="30,2000,0" yaku="24,1,54,1" doraHai="21" who="0" fromWho="2" sc="240,20,270,0,229,-20,261,0" /><INIT seed="3,0,0,2,3,110" ten="260,270,209,261" oya="3" hai0="95,15,71,29,36,14,80,101,27,88,10,49,13" hai1="76,109,20,6,97,98,84,108,62,134,52,125,57" hai2="81,61,67,117,77,74,91,46,5,82,73,18,93" hai3="26,54,59,102,119,22,85,78,111,128,50,3,133"/><W64/><G119/><T122/><D36/><U66/><E134/><V83/><F117/><W129/><G133/><T107/><D71/><U0/><E125/><V89/><F5/><W38/><G38/><T120/><D107/><U43/><E43/><V68/><F74/><W131/><G3/><T42/><D101/><U75/><E75/><V8/><F46/><W135/><G135/><T127/><D127/><U12/><E0/><V90/><F8/><W112/><G102/><T124/><D80/><N who="1" m="47111" /><E66/><V44/><F44/><W24/><G111/><N who="1" m="42570" /><E6/><V92/><F18/><AGARI ba="0,0" hai="12,18,20,52,57,62,97,98" m="42570,47111" machi="18" ten="30,2000,0" yaku="14,1,54,1" doraHai="110" who="1" fromWho="2" sc="260,0,270,20,209,-20,261,0" /><INIT seed="4,0,0,2,5,58" ten="260,290,189,261" oya="0" hai0="51,132,23,118,66,46,41,90,100,114,119,16,104" hai1="83,8,20,109,129,120,65,30,103,64,44,105,77" hai2="91,127,43,108,134,130,89,128,97,86,124,94,116" hai3="49,71,111,28,95,3,50,113,45,19,40,102,6"/><T93/><D132/><U52/><E109/><V22/><F43/><W107/><G111/><T131/><D131/><N who="2" m="50218" /><F22/><W98/><G113/><T7/><D114/><U76/><E8/><V9/><F9/><W35/><G19/><T29/><D29/><U112/><E64/><V24/><F24/><W15/><G3/><T18/><D7/><U11/><E11/><V36/><F36/><W73/><G15/><T117/><D66/><U125/><E65/><V37/><F37/><W17/><G6/><T101/><D104/><U25/><E120/><V74/><F108/><W4/><G71/><T33/><D33/><U59/><E83/><N who="2" m="49375" /><F116/><W38/><G17/><T5/><D5/><U54/><E20/><V82/><F134/><W0/><G4/><T10/><D10/><U39/><E25/><V70/><F70/><W47/><G0/><T1/><D1/><U84/><E39/><V2/><F2/><W53/><G38/><T99/><REACH who="0" step="1"/><D18/><REACH who="0" ten="250,290,189,261" step="2"/><U88/><E30/><V92/><F92/><W42/><G95/><T78/><D78/><AGARI ba="0,1" hai="74,78,82,91,94,97,124,127" m="49375,50218" machi="78" ten="30,3900,0" yaku="19,1,34,2" doraHai="58" who="2" fromWho="0" sc="250,-39,290,0,189,49,261,0" /><INIT seed="5,0,0,5,2,54" ten="211,290,238,261" oya="1" hai0="118,103,132,13,6,48,77,111,41,125,38,133,56" hai1="99,59,10,36,34,75,16,31,84,114,86,121,119" hai2="0,131,30,87,66,106,83,98,60,76,74,127,123" hai3="44,26,27,71,82,101,85,49,2,94,51,1,80"/><U3/><E75/><V37/><F123/><W95/><G71/><T35/><D118/><U120/><E36/><V96/><F127/><W115/><G101/><T68/><D111/><U24/><E86/><V33/><F131/><W18/><G85/><T58/><D68/><U53/><E119/><V117/><F117/><W105/><G44/><N who="0" m="25615" /><D38/><U93/><E84/><V15/><F0/><W29/><G105/><T50/><D35/><U73/><E73/><V22/><F33/><W134/><G29/><T62/><D125/><U21/><E114/><V43/><F106/><W5/><G5/><T63/><D103/><U47/><E47/><V25/><F74/><W42/><G18/><T79/><D50/><U78/><E78/><N who="0" m="29705" /><D63/><U19/><E3/><V9/><F43/><W46/><G115/><T69/><D62/><U135/><E34/><V108/><F37/><W113/><G113/><T70/><D69/><U124/><E124/><V109/><F108/><W32/><G32/><T90/><D70/><U39/><E39/><V17/><REACH who="2" step="1"/><F109/><REACH who="2" ten="211,290,228,261" step="2"/><W126/><G126/><T72/><D72/><U57/><E121/><V89/><F89/><W45/><G42/><T52/><D90/><U116/><E120/><V102/><F102/><W12/><G1/><T65/><D133/><U14/><E135/><V104/><F104/><W130/><G2/><T8/><D132/><U91/><E116/><V128/><F128/><W107/><G130/><T110/><D110/><U11/><E91/><V88/><F88/><W20/><G134/><T122/><D122/><U100/><E100/><V4/><F4/><RYUUKYOKU ba="0,1" sc="211,-10,290,-10,228,30,261,-10" hai2="9,15,17,22,25,30,60,66,76,83,87,96,98" /><INIT seed="6,1,1,1,0,42" ten="201,280,258,251" oya="2" hai0="64,80,118,53,95,5,121,69,35,103,98,93,20" hai1="85,112,49,36,29,110,67,132,4,55,59,8,6" hai2="45,72,134,86,96,16,15,12,31,44,81,7,33" hai3="92,19,24,76,114,87,94,68,122,79,14,57,125"/><V54/><F72/><W77/><G68/><T128/><D121/><U34/><E110/><V97/><F31/><W104/><G104/><T116/><D35/><U40/><E112/><V113/><F33/><W18/><G122/><T75/><D128/><U101/><E101/><V1/><F1/><W56/><G114/><T70/><D5/><U106/><E106/><V32/><F32/><W71/><G71/><T78/><D53/><U102/><E102/><V23/><F134/><W74/><G74/><T126/><D126/><U51/><E36/><V117/><F117/><N who="0" m="45162" /><D64/><U133/><E67/><V129/><F129/><W107/><G107/><T10/><D10/><U13/><E4/><V22/><F113/><W39/><G39/><T82/><D82/><U120/><E120/><V47/><F54/><W41/><G41/><T66/><D66/><U135/><E40/><V27/><F7/><W131/><G131/><T127/><D127/><U37/><E37/><V91/><F15/><W83/><G83/><T88/><D20/><N who="2" m="7722" /><F27/><W108/><G24/><T60/><D60/><U124/><E124/><V90/><F90/><W17/><G14/><T111/><D111/><U11/><E11/><AGARI ba="1,1" hai="11,12,16,44,45,47,81,86,91,96,97" m="7722" machi="11" ten="30,12000,1" yaku="8,1,52,3,54,1" doraHai="42" who="2" fromWho="1" sc="201,0,280,-123,258,133,251,0" /><INIT seed="6,2,0,3,1,43" ten="201,157,391,251" oya="2" hai0="126,27,22,54,97,41,67,77,111,23,49,118,129" hai1="88,87,28,113,25,12,84,32,26,2,128,29,11" hai2="96,127,21,39,131,46,86,100,15,95,103,62,40" hai3="85,79,132,94,110,55,64,56,116,130,52,92,99"/><V16/><F127/><W58/><G116/><T51/><D126/><U5/><E113/><V4/><F131/><W70/><G110/><T17/><D111/><U8/><E128/><V124/><F124/><W125/><G125/><T112/><D129/><U75/><E75/><V45/><F4/><W102/><G130/><T134/><D112/><U122/><E122/><V59/><F86/><W72/><G70/><T7/><D118/><U109/><E109/><V89/><F46/><W91/><G132/><T0/><D134/><U60/><E60/><V82/><F82/><W93/><G93/><T119/><D119/><U108/><E108/><V13/><F13/><W30/><G30/><T107/><D41/><U68/><E68/><V80/><F80/><W73/><G64/><AGARI ba="2,0" hai="15,16,21,39,40,45,59,62,64,89,95,96,100,103" machi="64" ten="30,5800,0" yaku="7,1,52,1,54,1" doraHai="43" who="2" fromWho="3" sc="201,0,157,0,391,64,251,-64" /><INIT seed="6,3,0,3,0,93" ten="201,157,455,187" oya="2" hai0="102,129,87,68,69,3,63,43,130,49,16,122,70" hai1="30,58,54,103,90,126,84,29,131,11,0,15,31" hai2="72,1,75,116,115,134,101,28,98,50,18,76,83" hai3="88,32,108,117,24,59,17,25,35,34,47,46,52"/><V5/><F28/><W22/><G117/><T60/><D3/><U36/><E131/><N who="0" m="50185" /><D122/><U39/><E0/><V79/><F116/><W86/><G108/><T40/><D87/><U57/><E126/><V80/><F5/><W82/><REACH who="3" step="1"/><G25/><REACH who="3" ten="201,157,455,177" step="2"/><T23/><D102/><U89/><E103/><V135/><F101/><W118/><G118/><T112/><D112/><U92/><E90/><V37/><F115/><W97/><G97/><T33/><D33/><U113/><E113/><V123/><F98/><W107/><G107/><T4/><D4/><U104/><E104/><V85/><F123/><W81/><G81/><T127/><D127/><U71/><E71/><V55/><F83/><W66/><G66/><T120/><D120/><U64/><E64/><V6/><F80/><W121/><G121/><T41/><D49/><AGARI ba="3,1" hai="17,22,24,32,34,35,46,47,49,52,59,82,86,88" machi="49" ten="40,5200,0" yaku="1,1,54,2,53,0" doraHai="93" doraHaiUra="114" who="3" fromWho="0" sc="201,-61,157,0,455,0,177,71" /><INIT seed="7,0,0,0,1,63" ten="140,157,455,248" oya="3" hai0="86,56,38,121,9,67,90,12,98,2,111,101,42" hai1="95,94,109,125,7,59,117,3,130,73,100,91,112" hai2="20,64,75,103,108,65,123,119,36,92,128,129,23" hai3="44,39,87,135,114,57,133,27,47,43,106,70,50"/><W32/><G70/><T52/><D121/><U10/><E109/><V61/><F36/><W25/><G114/><T71/><D111/><U49/><E112/><V14/><F75/><W118/><G118/><T62/><D2/><U93/><E117/><V79/><F79/><W96/><G87/><T115/><D115/><U74/><E130/><V55/><F108/><W134/><G32/><T81/><D38/><U31/><E125/><V17/><F123/><W132/><G132/><T80/><D42/><U53/><E31/><V54/><F119/><W34/><G34/><T28/><D28/><U11/><E11/><V127/><F127/><W85/><G85/><T18/><D80/><U51/><E100/><V68/><F68/><W46/><G46/><T58/><REACH who="0" step="1"/><D52/><REACH who="0" ten="130,157,455,248" step="2"/><U99/><REACH who="1" step="1"/><E51/><REACH who="1" ten="130,147,455,248" step="2"/><V104/><F103/><N who="3" m="62823" /><G39/><T107/><AGARI ba="0,2" hai="9,12,18,56,58,62,67,71,81,86,90,98,101,107" machi="107" ten="20,5200,0" yaku="1,1,0,1,7,1,52,1,53,0" doraHai="63" doraHaiUra="89" who="0" fromWho="0" sc="130,72,147,-13,455,-13,248,-26" owari="202,-20.0,134,-37.0,442,55.0,222,2.0" /></mjloggm>