<mjloggm ver="2.3"><GO type="169" lobby="0"/><UN n0="%E5%B0%B1%E6%B4%BB%E7%94%9F%40%E5%B7%9D%E6%9D%91%E8%BB%8D%E5%9B%A3" n1="%E3%82%B5%E3%83%B3%E3%82%B3%E3%83%BC%E3%83%88%E8%A5%BF%E5%AE%AE" n2="%E6%93%8D" n3="%E6%B0%B4%E5%B8%8C%E2%99%AA" dan="16,16,16,16" rate="2182.60,2022.89,2090.47,2051.87" sx="M,F,M,M"/><TAIKYOKU oya="0"/><INIT seed="0,0,0,0,4,134" ten="250,250,250,250" oya="0" hai0="4,63,68,58,27,64,67,119,88,123,129,26,36" hai1="65,86,109,113,57,121,37,49,23,15,41,102,40" hai2="85,14,103,71,77,98,135,20,94,92,43,91,104" hai3="31,13,16,72,117,116,50,47,83,39,124,128,5"/><T59/><D123/><U24/><E109/><V107/><F71/><W28/><G39/><T25/><D119/><U69/><E121/><V53/><F43/><W32/><G72/><T127/><D36/><U46/><E102/><V62/><F135/><W21/><G83/><T97/><D129/><U131/><E131/><V84/><F62/><W3/><G128/><T61/><D4/><U114/><E41/><V0/><F53/><W19/><G124/><T60/><D127/><U30/><E86/><V89/><F20/><W125/><G125/><T133/><D133/><U120/><E120/><V44/><F14/><W74/><G74/><T48/><D48/><U93/><E93/><V118/><F44/><W108/><G108/><T51/><D51/><U12/><E69/><V18/><F18/><W66/><G66/><N who="0" m="25131" /><D68/><U82/><E82/><N who="2" m="47183" /><F0/><W111/><G111/><T11/><D11/><U99/><E65/><V105/><F118/><W10/><G19/><T110/><D110/><U81/><E49/><V8/><F8/><W54/><G31/><T106/><D106/><U35/><E35/><V38/><F38/><W22/><G21/><T79/><D79/><U112/><E57/><N who="0" m="21513" /><D97/><AGARI ba="0,0" hai="85,89,91,92,94,97,98,103,104,105,107" m="47183" machi="97" ten="30,8000,1" yaku="35,5" doraHai="134" who="2" fromWho="0" sc="250,-80,250,0,250,80,250,0" /><INIT seed="1,0,0,1,1,48" ten="170,250,330,250" oya="1" hai0="39,71,75,116,133,24,6,65,94,80,11,96,107" hai1="49,113,57,132,74,89,105,128,67,21,19,41,63" hai2="95,22,123,66,59,103,52,121,73,45,16,62,88" hai3="15,32,46,25,77,64,7,29,70,61,87,58,31"/><U0/><E113/><V40/><F73/><W69/><G31/><T134/><D39/><U76/><E105/><V72/><F72/><W78/><G46/><T13/><D107/><U91/><E0/><V56/><F103/><W26/><G26/><T5/><D116/><U43/><E128/><V129/><F129/><W99/><G7/><T12/><D71/><U111/><E132/><N who="0" m="50793" /><D65/><U83/><E111/><V34/><F34/><W85/><G15/><T18/><D75/><U108/><E108/><V104/><F104/><W97/><G70/><T14/><D80/><U2/><E2/><V112/><F112/><W114/><G114/><T109/><D109/><U115/><E115/><V10/><F10/><W122/><G69/><T125/><D125/><U110/><E110/><V118/><F118/><W81/><G122/><T38/><D38/><U101/><E101/><V100/><F100/><W17/><G17/><T53/><D53/><U33/><E33/><V68/><F123/><W120/><G120/><T35/><D94/><U135/><E135/><V37/><F121/><W51/><G51/><T28/><D96/><U44/><REACH who="1" step="1"/><E41/><REACH who="1" ten="170,240,330,250" step="2"/><V4/><F4/><AGARI ba="0,1" hai="4,5,6,11,12,13,14,18,24,28,35" m="50793" machi="4" ten="30,3900,0" yaku="20,1,34,2" doraHai="48" who="0" fromWho="2" sc="170,49,240,0,330,-39,250,0" /><INIT seed="2,0,0,1,3,13" ten="219,240,291,250" oya="2" hai0="104,32,79,118,40,47,87,116,31,123,26,3,113" hai1="33,57,2,77,36,72,127,94,25,121,54,68,126" hai2="45,133,92,120,22,48,60,84,23,63,67,20,124" hai3="101,125,69,115,28,35,34,62,81,86,119,21,107"/><V18/><F120/><W100/><G119/><N who="0" m="45611" /><D123/><U106/><E106/><V15/><F133/><W75/><G75/><T97/><D113/><U117/><E68/><V38/><F38/><W91/><G115/><T88/><D3/><U1/><E36/><V29/><F124/><N who="1" m="47657" /><E121/><V76/><F29/><W12/><G125/><T105/><D79/><U66/><E66/><V46/><F46/><W61/><G107/><T108/><D97/><U8/><E8/><V16/><F67/><W109/><G109/><T95/><D108/><U73/><E94/><V4/><F4/><W130/><G69/><T0/><D0/><N who="1" m="107" /><E77/><V41/><F15/><W135/><G135/><T19/><D19/><N who="2" m="7210" /><F76/><W129/><G12/><T131/><D131/><U112/><E112/><V59/><F59/><W80/><G130/><T93/><D93/><U83/><E83/><V51/><F51/><AGARI ba="0,0" hai="26,31,32,40,47,51,87,88,95,104,105" m="45611" machi="51" ten="30,2000,0" yaku="12,1,54,1" doraHai="13" who="0" fromWho="2" sc="219,20,240,0,291,-20,250,0" /><INIT seed="3,0,0,4,0,35" ten="239,240,271,250" oya="3" hai0="128,36,109,76,110,130,83,24,131,17,12,10,82" hai1="119,86,37,15,56,44,49,129,97,5,22,30,71" hai2="25,75,127,98,80,11,51,120,121,133,55,41,4" hai3="114,135,112,103,85,95,26,13,124,115,107,18,99"/><W123/><G123/><T31/><D36/><U67/><E71/><V78/><F41/><W59/><G135/><T125/><D125/><U58/><E37/><V94/><F133/><W65/><G124/><T117/><D117/><U91/><E129/><V101/><F25/><W14/><G85/><T126/><D126/><U3/><E97/><V92/><F92/><W23/><REACH who="3" step="1"/><G107/><REACH who="3" ten="239,240,271,240" step="2"/><T96/><D96/><U105/><E105/><V39/><F127/><W89/><G89/><T84/><REACH who="0" step="1"/><D82/><REACH who="0" ten="229,240,271,240" step="2"/><U19/><E119/><V29/><F121/><W43/><G43/><T8/><D8/><U62/><E86/><V106/><F120/><W46/><G46/><T9/><D9/><U134/><E44/><V93/><F39/><W28/><G28/><T0/><D0/><U20/><E30/><V21/><F29/><W102/><G102/><T54/><D54/><U118/><E3/><V66/><F66/><W57/><G57/><T63/><D63/><AGARI ba="0,2" hai="13,14,18,23,26,59,63,65,95,99,103,112,114,115" machi="63" ten="40,3900,0" yaku="1,1,53,1" doraHai="35" doraHaiUra="53" who="3" fromWho="0" sc="229,-39,240,0,271,0,240,59" /><INIT seed="3,1,0,0,5,81" ten="190,240,271,299" oya="3" hai0="99,133,52,61,121,125,16,59,57,131,100,10,34" hai1="128,95,37,55,5,87,13,76,33,73,41,78,31" hai2="113,71,21,130,60,7,134,24,28,39,62,85,48" hai3="96,118,32,129,53,46,40,36,35,90,25,69,58"/><W105/><G118/><T44/><D121/><U123/><E123/><V2/><F39/><W97/><G69/><T82/><D34/><U135/><E73/><V120/><F113/><W80/><G129/><T93/><D131/><U106/><E106/><V109/><F130/><W111/><G111/><T77/><D125/><U45/><E33/><V75/><F75/><W56/><G56/><N who="0" m="34951" /><D44/><U6/><E31/><V79/><F109/><W89/><G105/><T9/><D133/><U8/><E128/><V102/><F102/><W11/><G11/><N who="0" m="4107" /><D16/><U49/><E6/><V86/><F7/><W18/><G18/><T98/><D99/><U15/><E15/><V74/><F2/><W83/><G35/><T70/><D70/><U122/><E122/><V103/><F134/><W23/><G32/><T66/><D66/><U108/><E108/><V68/><F68/><W50/><G23/><T47/><D47/><U14/><E14/><V67/><F120/><W104/><G25/><T3/><D3/><U114/><E114/><V119/><F119/><W19/><G19/><T51/><D51/><U29/><E29/><V12/><F48/><W26/><G26/><T42/><D42/><U1/><E1/><V4/><F67/><W54/><G54/><T112/><D112/><U91/><REACH who="1" step="1"/><E135/><REACH who="1" ten="190,230,271,299" step="2"/><V0/><F0/><W17/><G17/><T43/><D43/><U132/><E132/><V127/><F74/><W27/><G27/><T124/><D124/><U22/><E22/><V115/><F127/><W72/><G72/><T84/><AGARI ba="1,1" hai="57,59,77,82,84,93,98,100" m="4107,34951" machi="84" ten="30,4000,0" yaku="8,1,52,1,54,1" doraHai="81" who="0" fromWho="0" sc="190,53,230,-11,271,-11,299,-21" /><INIT seed="4,0,0,2,3,115" ten="243,219,260,278" oya="0" hai0="130,63,2,41,56,135,83,61,99,84,52,132,103" hai1="29,70,72,90,118,114,65,7,116,24,51,122,108" hai2="78,23,119,58,89,62,104,87,77,101,38,73,97" hai3="50,1,74,25,27,96,88,35,0,75,110,32,123"/><T120/><D2/><U15/><E72/><V69/><F69/><W34/><G110/><T55/><D120/><U11/><E90/><V54/><F38/><W134/><G50/><T109/><D41/><U127/><E51/><V3/><F3/><W64/><G64/><T66/><D130/><U125/><E65/><V37/><F37/><W128/><G128/><T112/><D112/><U68/><E114/><V53/><F73/><W12/><G12/><T30/><D30/><U4/><E108/><V67/><F23/><W20/><G20/><T6/><D6/><U98/><E98/><V71/><F119/><N who="1" m="45609" /><E122/><V106/><F106/><W14/><G96/><T107/><D109/><U49/><E49/><V82/><F54/><W57/><G74/><T5/><D5/><U42/><E42/><V36/><F36/><W26/><G88/><T46/><D46/><U22/><E4/><V28/><F28/><W111/><G75/><T133/><REACH who="0" step="1"/><D61/><AGARI ba="0,0" hai="53,58,61,62,67,71,77,78,82,87,89,97,101,104" machi="61" ten="30,1000,0" yaku="7,1" doraHai="115" who="2" fromWho="0" sc="243,-10,219,0,260,10,278,0" /><INIT seed="5,0,0,3,0,123" ten="233,219,270,278" oya="1" hai0="135,89,61,21,40,12,114,37,28,18,119,79,82" hai1="55,95,36,44,73,56,4,115,20,91,30,45,111" hai2="80,108,16,13,17,96,19,128,71,70,6,39,34" hai3="122,92,58,62,74,69,121,53,110,97,29,46,101"/><U124/><E115/><V83/><F39/><W35/><G110/><T22/><D119/><U0/><E73/><V129/><F34/><W38/><G74/><T125/><D135/><U85/><E124/><V86/><F96/><W51/><G29/><T127/><D114/><U1/><E4/><V9/><F108/><W68/><G35/><T42/><D89/><U23/><E111/><V107/><F107/><W63/><G63/><T27/><D61/><N who="1" m="35999" /><E1/><V106/><F106/><W87/><G87/><N who="0" m="48607" /><D37/><U64/><E0/><V133/><F133/><W102/><G102/><T78/><D78/><U8/><E36/><V65/><F65/><N who="3" m="41015" /><G69/><N who="2" m="26121" /><F86/><W93/><G93/><T100/><D100/><U77/><E64/><V126/><F126/><AGARI ba="0,0" hai="12,18,21,22,27,28,40,42,125,126,127" m="48607" machi="126" ten="30,1000,0" yaku="18,1" doraHai="123" who="0" fromWho="2" sc="233,10,219,0,270,-10,278,0" /><INIT seed="6,0,0,5,4,111" ten="243,219,260,278" oya="2" hai0="105,120,45,30,107,54,35,1,115,4,101,122,88" hai1="125,7,82,22,84,72,112,37,13,56,128,83,108" hai2="52,28,23,61,124,81,93,109,116,69,131,9,75" hai3="53,10,17,103,60,15,94,100,135,121,133,51,126"/><V31/><F116/><W25/><G121/><T5/><D54/><U80/><E108/><V102/><F109/><W36/><G36/><T127/><D45/><U66/><E37/><V58/><F131/><W71/><G126/><T113/><D127/><U89/><E125/><V62/><F124/><W92/><G25/><N who="0" m="18895" /><D88/><U63/><E128/><V48/><F9/><W96/><G71/><T99/><D107/><U87/><E72/><V106/><F106/><W19/><G19/><T44/><D44/><U68/><E68/><V95/><F23/><W34/><G34/><T6/><D1/><U97/><E112/><AGARI ba="0,0" hai="4,5,6,99,101,105,112,113,115,120,122" m="18895" machi="112" ten="30,7700,0" yaku="15,1,52,3" doraHai="111" who="0" fromWho="1" sc="243,77,219,-77,260,0,278,0" /><INIT seed="7,0,0,0,4,48" ten="320,142,260,278" oya="3" hai0="99,63,24,7,94,22,90,56,9,128,39,67,43" hai1="30,32,10,16,133,40,76,72,104,3,125,113,127" hai2="69,36,109,134,124,1,112,20,42,73,55,82,26" hai3="74,35,61,52,80,131,101,135,11,86,66,5,130"/><W25/><G74/><T12/><D128/><N who="3" m="49193" /><G101/><T100/><D39/><U45/><E104/><V18/><F73/><W57/><G135/><T58/><D43/><U34/><E133/><V51/><F134/><W21/><G35/><T83/><D83/><U37/><E113/><V111/><F112/><W28/><G11/><T132/><D132/><U81/><E16/><V44/><F1/><W33/><G5/><T0/><D0/><U70/><E70/><V91/><F69/><W102/><G102/><T93/><D58/><U92/><E92/><V64/><F64/><W110/><G110/><T87/><D22/><U116/><E116/><V6/><F6/><W41/><G41/><T105/><D105/><U47/><E47/><V121/><F121/><W62/><G33/><T31/><D24/><U71/><E71/><V29/><F124/><W78/><G62/><T89/><D31/><U79/><E79/><V122/><F122/><W17/><G28/><T108/><D108/><U13/><E13/><V68/><F68/><W115/><G115/><T8/><D8/><U53/><E53/><AGARI ba="0,0" hai="17,21,25,52,53,57,61,66,78,80,86" m="49193" machi="53" ten="30,11600,0" yaku="19,1,52,2,54,1" doraHai="48" who="3" fromWho="1" sc="320,0,142,-116,260,0,278,116" owari="320,12.0,26,-47.0,260,-14.0,394,49.0" /></mjloggm>