<mjloggm ver="2.3"><GO type="169" lobby="0"/><UN n0="%E5%A4%A7%E7%8E%89%E5%B0%86" n1="%E5%B0%B1%E6%B4%BB%E7%94%9F%40%E5%B7%9D%E6%9D%91%E8%BB%8D%E5%9B%A3" n2="%72%6D%63%69%6B" n3="%6B%69%79%6F%6E%61%72%69" dan="16,17,16,16" rate="2100.80,2180.07,2107.54,2081.30" sx="M,M,M,M"/><TAIKYOKU oya="0"/><INIT seed="0,0,0,1,1,52" ten="250,250,250,250" oya="0" hai0="94,48,78,121,126,14,128,57,71,111,124,59,2" hai1="112,104,90,98,26,123,42,56,5,127,86,100,134" hai2="37,29,76,33,38,73,133,92,18,69,58,30,34" hai3="17,83,125,55,45,64,65,117,72,4,13,24,132"/><T131/><D2/><U40/><E123/><V0/><F69/><W32/><G117/><T113/><D121/><U74/><E74/><V25/><F0/><W129/><G4/><T75/><D71/><U20/><E112/><V66/><F133/><W114/><G114/><T43/><D113/><U105/><E105/><V97/><F76/><W87/><G72/><T44/><D94/><U10/><E134/><V108/><F73/><W31/><G132/><T91/><D91/><U96/><E96/><V53/><F66/><W68/><G68/><T110/><D14/><U11/><E127/><N who="0" m="48681" /><D78/><U103/><E103/><V60/><F108/><N who="0" m="41514" /><D75/><U50/><E90/><N who="2" m="55447" /><F34/><W36/><G125/><T93/><D93/><U107/><E86/><V89/><F33/><W21/><G87/><T62/><D62/><U116/><E104/><V16/><F18/><W27/><G17/><T101/><D101/><U63/><E116/><V115/><F115/><W119/><G32/><T46/><D46/><U19/><E63/><V67/><F67/><W106/><G64/><T79/><D79/><U28/><E19/><V118/><F118/><W9/><G65/><T95/><D95/><U12/><E10/><V81/><F81/><W3/><G83/><T23/><D23/><U39/><E100/><V15/><F15/><W122/><G9/><T54/><D54/><N who="1" m="31831" /><E107/><V35/><F35/><W22/><G106/><T130/><AGARI ba="0,0" hai="43,44,48,57,59,128,130,131" m="41514,48681" machi="130" ten="40,24000,3" yaku="19,1,18,1,14,1,10,1,34,2,52,2" doraHai="52" who="0" fromWho="0" sc="250,240,250,-80,250,-80,250,-80" /><INIT seed="0,1,0,3,2,75" ten="490,170,170,170" oya="0" hai0="26,56,65,8,129,103,124,59,42,100,22,71,77" hai1="130,104,50,38,14,73,88,66,116,128,20,63,78" hai2="9,53,46,76,51,43,84,6,87,41,93,16,108" hai3="7,95,32,52,110,11,67,114,85,101,37,72,97"/><T17/><D124/><U70/><E104/><V127/><F108/><W35/><G114/><T135/><D129/><N who="1" m="49771" /><E38/><V10/><F127/><W115/><G115/><T21/><D135/><U4/><E116/><V61/><F61/><W74/><G37/><T102/><D8/><N who="1" m="4359" /><E50/><V12/><F9/><W58/><G67/><T62/><D42/><U96/><E20/><V44/><F6/><W40/><G35/><T89/><D77/><U126/><E126/><V25/><F25/><W68/><G32/><T29/><REACH who="0" step="1"/><D89/><REACH who="0" ten="480,170,170,170" step="2"/><U125/><E125/><V131/><F131/><W0/><G40/><T49/><D49/><U47/><E73/><V55/><F41/><W39/><G74/><T19/><D19/><U3/><E78/><V5/><F5/><W118/><G72/><T30/><D30/><U99/><E3/><V133/><F133/><W106/><G39/><T81/><D81/><U113/><E113/><V54/><F44/><W64/><G0/><T112/><D112/><U86/><E47/><V134/><F134/><W69/><G7/><T111/><D111/><U109/><E109/><V45/><F45/><W24/><G110/><T2/><D2/><U60/><E63/><V91/><F43/><W13/><G11/><T122/><D122/><U132/><E132/><V34/><F34/><W98/><G118/><T48/><D48/><U94/><AGARI ba="1,1" hai="60,66,70,86,88,94,96,99" m="4359,49771" machi="94" ten="30,2000,0" yaku="19,1,54,1" doraHai="75" who="1" fromWho="1" sc="480,-11,170,33,170,-6,170,-6" /><INIT seed="1,0,0,0,1,122" ten="469,203,164,164" oya="1" hai0="110,48,115,54,134,50,24,68,8,5,111,28,49" hai1="40,52,47,106,72,113,41,119,117,86,35,85,23" hai2="91,129,45,21,108,10,92,94,133,69,32,74,19" hai3="102,46,2,56,29,80,112,11,9,63,95,97,127"/><U43/><E35/><V59/><F32/><W125/><G112/><T42/><D115/><U53/><E72/><V14/><F69/><W79/><G46/><T118/><D118/><U51/><E106/><V25/><F74/><N who="3" m="43127" /><G29/><T96/><D134/><U38/><E113/><V135/><F129/><W75/><G2/><T7/><D68/><U114/><E114/><V89/><F45/><W84/><G84/><T3/><D42/><U87/><E38/><V109/><F59/><W20/><G20/><T105/><D7/><U31/><REACH who="1" step="1"/><E53/><REACH who="1" ten="469,193,164,164" step="2"/><V70/><F135/><W13/><G75/><T131/><D54/><U120/><E120/><V17/><F133/><W126/><G126/><T39/><D39/><U83/><E83/><V132/><F132/><W100/><G127/><T116/><D131/><U36/><E36/><V98/><REACH who="2" step="1"/><F70/><REACH who="2" ten="469,193,154,164" step="2"/><W76/><G125/><T37/><D37/><U90/><E90/><V71/><F71/><W55/><G102/><T124/><D124/><U18/><E18/><V64/><F64/><W33/><G100/><T82/><D116/><U22/><E22/><V93/><F93/><W88/><G33/><T130/><D130/><U6/><E6/><V16/><F16/><W15/><G95/><T78/><D105/><U121/><E121/><V57/><F57/><W12/><G88/><T44/><D44/><U26/><AGARI ba="0,2" hai="23,26,31,40,41,43,47,51,52,85,86,87,117,119" machi="26" ten="40,7800,0" yaku="1,1,0,1,54,1,53,0" doraHai="122" doraHaiUra="104" who="1" fromWho="1" sc="469,-26,193,98,154,-26,164,-26" /><INIT seed="1,1,0,2,5,43" ten="443,291,128,138" oya="1" hai0="20,25,127,74,41,6,95,34,76,46,50,15,47" hai1="91,92,7,90,39,67,22,117,124,35,79,106,73" hai2="101,84,122,105,59,129,53,134,38,26,52,27,1" hai3="12,21,71,60,112,29,65,66,11,44,14,16,82"/><U13/><E35/><V30/><F122/><W70/><G112/><T63/><D127/><U81/><E106/><V86/><F1/><W116/><G116/><T5/><D34/><U55/><E117/><V111/><F38/><W4/><G29/><T120/><D120/><U32/><E32/><V100/><F134/><W62/><G82/><T102/><D63/><U68/><E39/><V3/><F3/><W69/><REACH who="3" step="1"/><G44/><REACH who="3" ten="443,291,128,128" step="2"/><N who="0" m="25871" /><D74/><U104/><E81/><V72/><F30/><W125/><G125/><T103/><D76/><U19/><E73/><V64/><F72/><W24/><G24/><T18/><D25/><U131/><E79/><V78/><F78/><W113/><G113/><T97/><D102/><U77/><E77/><V23/><F27/><W56/><AGARI ba="1,1" hai="4,11,12,14,16,21,56,60,62,65,66,69,70,71" machi="56" ten="20,5200,0" yaku="1,1,0,1,7,1,54,1,53,0" doraHai="43" doraHaiUra="107" who="3" fromWho="3" sc="443,-14,291,-27,128,-14,128,65" /><INIT seed="2,0,0,5,5,79" ten="429,264,114,193" oya="2" hai0="32,121,95,11,3,64,71,39,124,31,6,37,110" hai1="28,105,5,97,98,91,42,44,96,50,22,134,12" hai2="94,21,114,20,111,85,135,99,16,8,104,58,63" hai3="128,118,35,0,40,1,123,41,13,107,4,103,14"/><V116/><F104/><W87/><G118/><T24/><D95/><U61/><E134/><V132/><F116/><W26/><G123/><T36/><D110/><U108/><E108/><V9/><F114/><W15/><G87/><T122/><REACH who="0" step="1"/><D124/><REACH who="0" ten="419,264,114,193" step="2"/><U34/><E105/><V112/><F111/><W25/><G107/><T72/><D72/><U57/><E97/><V18/><F112/><W38/><G103/><T65/><D65/><U126/><E96/><V89/><F135/><W17/><G0/><T55/><D55/><U83/><E98/><V77/><F132/><W73/><G1/><T23/><D23/><U133/><E34/><V119/><F119/><W82/><G73/><T76/><D76/><U92/><E22/><V120/><F120/><W86/><G35/><T49/><D49/><U113/><E50/><V54/><F77/><W47/><G40/><T88/><D88/><U51/><E51/><V2/><F85/><W93/><G93/><T53/><D53/><U68/><E92/><V100/><F100/><W69/><G41/><T106/><D106/><U130/><E91/><V60/><F60/><AGARI ba="0,1" hai="3,6,11,24,31,32,36,37,39,60,64,71,121,122" machi="60" ten="40,5200,0" yaku="1,1,23,2,53,0" doraHai="79" doraHaiUra="90" who="0" fromWho="2" sc="419,62,264,0,114,-52,193,0" /><INIT seed="3,0,0,1,2,27" ten="481,264,62,193" oya="3" hai0="131,68,91,28,22,34,50,112,72,94,15,33,120" hai1="134,42,21,46,62,64,129,99,19,26,115,116,14" hai2="86,113,58,59,108,74,100,44,83,61,55,92,123" hai3="49,36,93,124,13,121,73,16,84,97,30,10,35"/><W122/><G36/><T43/><D120/><U38/><E115/><V69/><F74/><W70/><G73/><T102/><D72/><U57/><E116/><V132/><F69/><W96/><G70/><T56/><D68/><U90/><E129/><V127/><F123/><W1/><G124/><T67/><D112/><U66/><E134/><V77/><F132/><W135/><G135/><T117/><D117/><U3/><E3/><V18/><F127/><W5/><G49/><T2/><D2/><U118/><E118/><V87/><F113/><W114/><G114/><T37/><D37/><U29/><E99/><N who="3" m="37962" /><G93/><T109/><D102/><U7/><E90/><V60/><F108/><W53/><G53/><T125/><D109/><U9/><REACH who="1" step="1"/><E66/><REACH who="1" ten="481,254,62,193" step="2"/><V41/><F100/><W95/><G1/><T107/><D125/><U23/><E23/><V0/><F0/><W128/><G35/><T110/><D34/><U51/><E51/><V32/><F32/><W47/><G128/><T71/><D110/><U12/><E12/><V89/><F18/><AGARI ba="0,1" hai="7,9,14,18,19,21,26,29,38,42,46,57,62,64" machi="18" ten="40,2600,0" yaku="1,1,52,1,53,0" doraHai="27" doraHaiUra="48" who="1" fromWho="2" sc="481,0,254,36,62,-26,193,0" /><INIT seed="4,0,0,3,1,69" ten="481,290,36,193" oya="0" hai0="81,122,41,77,119,6,52,93,124,45,72,100,12" hai1="123,33,133,99,65,85,96,63,79,23,95,55,20" hai2="98,70,16,67,103,82,128,42,25,57,28,125,4" hai3="60,32,26,71,118,127,108,34,30,110,105,89,9"/><T48/><D119/><U114/><E33/><V39/><F128/><W121/><G118/><T27/><D122/><U18/><E123/><V10/><F125/><W40/><G105/><T104/><D124/><U73/><E133/><V83/><F70/><W54/><G127/><T5/><D104/><U84/><E73/><V86/><F67/><W66/><G121/><T97/><D27/><U43/><E43/><V131/><F57/><W38/><G34/><T102/><D102/><U62/><E79/><V0/><F131/><W91/><G9/><T115/><D115/><U94/><E18/><V111/><F111/><W106/><G54/><T50/><REACH who="0" step="1"/><D12/><REACH who="0" ten="471,290,36,193" step="2"/><U120/><E120/><V2/><F2/><W88/><REACH who="3" step="1"/><G106/><REACH who="3" ten="471,290,36,183" step="2"/><T90/><D90/><U113/><E65/><V44/><F103/><W101/><G101/><T61/><D61/><U59/><E63/><V13/><F98/><W130/><G130/><T117/><D117/><U15/><E99/><V135/><F135/><W74/><G74/><T56/><AGARI ba="0,2" hai="5,6,41,45,48,50,52,56,72,77,81,93,97,100" machi="56" ten="20,18000,2" yaku="1,1,0,1,7,1,54,1,53,2" doraHai="69" doraHaiUra="1" who="0" fromWho="0" sc="471,200,290,-60,36,-60,183,-60" owari="671,77.0,230,3.0,-24,-52.0,123,-28.0" /></mjloggm>