<mjloggm ver="2.3"><GO type="97" lobby="0"/><UN n0="%E3%83%AD%E3%83%9C%E3%82%B3%E3%83%97" n1="%E5%B0%B1%E6%B4%BB%E7%94%9F%40%E5%B7%9D%E6%9D%91%E8%BB%8D%E5%9B%A3" n2="%E3%81%90%E3%82%89%E3%81%95%E3%82%93%EF%BC%88%E9%9B%80%E5%A3%AB%EF%BC%89" n3="%4F%6C%64%38%38" dan="14,15,13,14" rate="1922.45,1951.22,1877.41,1915.05" sx="M,M,M,M"/><TAIKYOKU oya="0"/><INIT seed="0,0,0,5,2,69" ten="250,250,250,250" oya="0" hai0="40,80,47,81,13,50,114,128,10,83,51,109,91" hai1="104,98,88,16,9,4,99,82,79,74,24,20,102" hai2="76,41,127,123,0,17,33,49,5,135,78,130,71" hai3="18,56,53,54,6,60,1,85,100,86,52,65,132"/><T134/><D114/><U68/><E68/><V45/><F123/><W92/><G132/><T3/><D134/><U110/><E110/><V113/><F113/><W28/><G28/><T107/><D3/><U61/><E61/><V31/><F135/><W101/><G6/><T57/><D128/><U116/><E116/><V2/><F71/><W118/><G1/><T64/><D107/><U35/><E35/><V11/><F0/><W94/><G118/><T29/><D109/><U105/><E4/><V106/><F106/><W7/><G7/><T119/><D119/><U46/><E9/><V96/><F96/><W48/><G18/><N who="0" m="8503" /><D29/><U77/><E46/><V67/><F67/><W42/><G48/><N who="0" m="26727" /><D91/><U21/><E21/><V19/><F130/><W97/><G42/><T72/><D72/><U124/><E124/><V34/><F127/><W26/><G26/><T63/><AGARI ba="0,0" hai="50,51,57,63,64,80,81,83" m="26727,8503" machi="63" ten="30,1500,0" yaku="8,1" doraHai="69" who="0" fromWho="0" sc="250,15,250,-5,250,-5,250,-5" /><INIT seed="0,1,0,2,3,76" ten="265,245,245,245" oya="0" hai0="97,122,45,3,10,41,68,0,35,130,80,100,62" hai1="44,54,19,52,36,1,109,42,75,60,40,2,91" hai2="112,63,29,103,37,113,125,12,18,61,69,72,88" hai3="9,27,71,57,117,49,102,81,58,96,107,116,111"/><T77/><D122/><U126/><E126/><V23/><F37/><W85/><G71/><T51/><D35/><U105/><E105/><V120/><F120/><W13/><G111/><T104/><D130/><U15/><E75/><V106/><F125/><W46/><G27/><T6/><D3/><U11/><E109/><V22/><F72/><W55/><G117/><T5/><D5/><U8/><E42/><V134/><F134/><W47/><G47/><T74/><REACH who="0" step="1"/><D62/><REACH who="0" ten="255,245,245,245" step="2"/><U94/><E60/><V135/><F61/><W32/><G32/><T39/><D39/><U38/><E38/><V128/><F63/><W64/><G116/><T21/><D21/><U16/><E2/><V127/><F23/><W131/><G64/><T34/><D34/><U95/><E1/><V20/><F20/><W129/><G129/><T65/><D65/><U66/><E66/><V79/><F22/><W133/><G131/><T14/><D14/><U33/><E33/><V28/><F12/><W118/><G133/><T119/><D119/><U99/><E11/><V83/><F135/><W25/><G118/><T67/><D67/><U90/><REACH who="1" step="1"/><E19/><REACH who="1" ten="255,235,245,245" step="2"/><V124/><F18/><W108/><G108/><T70/><AGARI ba="1,2" hai="0,6,10,41,45,51,68,70,74,77,80,97,100,104" machi="70" ten="30,6000,0" yaku="1,1,0,1,52,1,53,0" doraHai="76" doraHaiUra="87" who="0" fromWho="0" sc="255,83,235,-21,245,-21,245,-21" /><INIT seed="0,2,0,1,1,49" ten="338,214,224,224" oya="0" hai0="127,96,63,115,97,109,126,32,45,34,101,107,21" hai1="51,72,64,76,53,88,78,121,98,65,12,117,92" hai2="124,15,116,22,133,68,103,5,19,123,25,37,54" hai3="104,73,36,132,75,99,13,87,70,86,0,122,113"/><T91/><D115/><U81/><E121/><V90/><F123/><W131/><RYUUKYOKU type="yao9" ba="2,0" sc="338,0,214,0,224,0,224,0" hai3="0,13,36,70,73,75,86,87,99,104,113,122,131,132" /><INIT seed="0,3,0,0,4,23" ten="338,214,224,224" oya="0" hai0="4,45,102,42,83,88,112,87,59,43,107,84,17" hai1="119,28,78,18,68,54,56,76,121,113,132,69,67" hai2="130,61,21,80,117,9,25,60,34,8,7,122,37" hai3="134,48,115,11,70,127,41,118,99,32,108,47,95"/><T38/><D112/><U6/><E121/><V131/><F122/><W126/><G115/><T64/><D43/><U2/><E119/><V19/><F117/><W0/><G118/><T46/><D46/><U72/><E132/><V96/><F37/><W104/><G134/><T22/><D4/><U73/><E113/><V90/><F34/><W3/><G70/><T100/><D107/><U58/><E28/><V65/><F65/><W20/><G32/><T39/><D39/><U124/><E124/><N who="3" m="47658" /><G104/><T55/><D64/><U40/><E40/><V24/><F24/><W110/><G20/><T125/><D87/><U35/><E35/><V36/><F36/><W106/><G106/><T77/><D77/><U49/><E18/><V44/><F9/><W30/><G30/><T103/><D125/><U53/><E6/><V13/><F44/><W62/><G62/><T89/><D89/><U116/><E67/><V27/><F61/><W123/><G123/><T50/><REACH who="0" step="1"/><D103/><REACH who="0" ten="328,214,224,224" step="2"/><U52/><E116/><V94/><F80/><W135/><G135/><T91/><D91/><U114/><E114/><V71/><F131/><W120/><G120/><T86/><D86/><U82/><E2/><V105/><F130/><W10/><G3/><T26/><AGARI ba="3,1" hai="17,22,26,38,42,45,50,55,59,83,84,88,100,102" machi="26" ten="20,12000,1" yaku="1,1,0,1,7,1,52,1,54,1,53,0" doraHai="23" doraHaiUra="33" who="0" fromWho="0" sc="328,139,214,-43,224,-43,224,-43" /><INIT seed="0,4,0,4,2,67" ten="467,171,181,181" oya="0" hai0="108,47,130,113,11,18,63,45,131,25,76,52,110" hai1="88,56,90,133,39,119,17,10,83,86,2,122,6" hai2="69,118,3,74,92,58,109,19,129,23,73,102,36" hai3="50,26,68,72,123,35,96,97,59,121,61,55,1"/><T64/><D113/><U82/><E122/><N who="3" m="46602" /><G1/><T32/><D76/><U87/><E119/><V70/><F118/><W93/><G72/><N who="2" m="27753" /><F58/><W13/><G13/><N who="0" m="7487" /><D52/><U71/><E133/><V53/><F53/><W116/><G116/><T128/><D32/><U125/><E39/><V107/><F19/><W12/><G12/><T134/><D25/><U80/><E125/><V16/><F16/><W75/><G75/><T42/><D134/><U51/><E17/><V79/><F23/><W40/><G93/><T65/><D65/><U54/><REACH who="1" step="1"/><E71/><REACH who="1" ten="467,161,181,181" step="2"/><V91/><F69/><W27/><G68/><N who="0" m="42015" /><D45/><U30/><E30/><V34/><F70/><W85/><G35/><T105/><D105/><U21/><E21/><V95/><F34/><W94/><G61/><T15/><D15/><U9/><E9/><V127/><F3/><W124/><G124/><T78/><D78/><U81/><AGARI ba="4,1" hai="2,6,10,51,54,56,80,81,82,83,86,87,88,90" machi="81" ten="20,16000,3" yaku="1,1,0,1,7,1,9,1,54,1,53,4" doraHai="67" doraHaiUra="77" who="1" fromWho="1" sc="467,-84,161,182,181,-44,181,-44" /><INIT seed="1,0,0,0,2,27" ten="383,343,137,137" oya="1" hai0="117,60,114,131,46,81,12,35,71,30,133,24,127" hai1="70,11,50,29,80,134,32,1,53,2,19,95,100" hai2="84,48,8,16,52,97,54,38,4,94,37,124,39" hai3="59,76,108,91,18,47,0,121,21,56,109,122,7"/><U28/><E70/><V89/><F124/><W98/><G76/><T41/><D117/><U77/><E32/><V6/><F54/><W63/><G47/><T129/><D114/><U75/><E134/><V103/><F16/><W67/><G7/><T92/><D127/><U43/><E43/><V65/><F65/><W33/><G33/><T119/><D119/><U85/><E2/><V113/><F113/><W62/><G0/><T105/><D105/><U110/><E110/><N who="3" m="42602" /><G91/><T115/><D115/><U102/><E75/><V13/><F6/><W104/><G98/><T25/><D133/><U15/><E1/><V61/><F61/><W101/><G101/><N who="1" m="39018" /><E95/><V5/><F5/><W22/><G104/><T72/><D92/><U73/><E73/><V132/><F132/><W69/><G69/><T87/><D72/><U86/><E86/><V93/><REACH who="2" step="1"/><F37/><REACH who="2" ten="383,343,127,137" step="2"/><W123/><G18/><T14/><D60/><N who="3" m="23081" /><G67/><T125/><D125/><U23/><E11/><V130/><F130/><W126/><G126/><T3/><D129/><U40/><E40/><V96/><F96/><W34/><G34/><T64/><D131/><U90/><E77/><V128/><F128/><W9/><G9/><T82/><D64/><U49/><E49/><V99/><F99/><W112/><G112/><T55/><D35/><U44/><AGARI ba="0,1" hai="15,19,23,28,29,44,50,53,80,85,90" m="39018" machi="44" ten="30,6000,0" yaku="8,1,52,2" doraHai="27" who="1" fromWho="1" sc="383,-20,343,70,127,-20,137,-20" /><INIT seed="1,1,0,1,1,73" ten="363,413,107,117" oya="1" hai0="109,55,52,57,101,76,37,48,126,95,42,56,18" hai1="64,79,46,29,61,129,30,27,93,97,69,86,83" hai2="24,82,102,120,20,80,128,115,66,1,117,127,28" hai3="88,114,25,67,45,100,94,33,44,21,6,31,90"/><U99/><E129/><V133/><F117/><W7/><G114/><T34/><D34/><U54/><E93/><V2/><F120/><W74/><G74/><T39/><D109/><U134/><E134/><V58/><F115/><W50/><G33/><T16/><D126/><U8/><E8/><V38/><F38/><W47/><G50/><T113/><D113/><U130/><E130/><V43/><F128/><W124/><G124/><T15/><D76/><U68/><E68/><V91/><F127/><W19/><G67/><T35/><D35/><U32/><REACH who="1" step="1"/><E29/><REACH who="1" ten="363,403,107,117" step="2"/><V122/><F133/><W103/><G31/><T92/><D95/><U108/><E108/><V132/><F28/><W121/><G121/><T70/><D70/><U53/><E53/><V40/><F80/><W104/><G104/><T13/><D92/><U26/><E26/><V0/><F82/><W65/><G65/><T63/><D101/><N who="3" m="38985" /><G94/><T119/><D119/><U51/><AGARI ba="1,1" hai="27,30,32,46,51,54,61,64,69,79,83,86,97,99" machi="51" ten="30,6000,0" yaku="1,1,0,1,52,1,53,0" doraHai="73" doraHaiUra="98" who="1" fromWho="1" sc="363,-21,403,73,107,-21,117,-21" /><INIT seed="1,2,0,0,0,108" ten="342,476,86,96" oya="1" hai0="123,90,118,120,81,21,26,131,42,41,10,75,83" hai1="30,115,99,71,77,96,11,117,36,29,23,135,64" hai2="25,102,49,35,22,68,112,48,19,54,73,59,116" hai3="38,33,43,44,4,9,134,79,69,58,92,93,27"/><U52/><E117/><V85/><F116/><W122/><G122/><N who="0" m="46635" /><D118/><U67/><E36/><V104/><F68/><W57/><G134/><T15/><D131/><U128/><E135/><V70/><F70/><W14/><G69/><T37/><D90/><U31/><E128/><V119/><F119/><W78/><G33/><T111/><D111/><U28/><E71/><V60/><F73/><W82/><G27/><T84/><D75/><U91/><E77/><V50/><F35/><W107/><G107/><T127/><D127/><U1/><E115/><V16/><F19/><W51/><G79/><N who="0" m="46143" /><D83/><U95/><E99/><V72/><F72/><W5/><G5/><N who="0" m="3535" /><D37/><U114/><E114/><V121/><F121/><W34/><G34/><T8/><D8/><U24/><E1/><V110/><F110/><W61/><G38/><T89/><D89/><U129/><E11/><V62/><F112/><W94/><REACH who="3" step="1"/><G61/><REACH who="3" ten="342,476,86,86" step="2"/><N who="2" m="23657" /><F104/><W0/><G0/><T65/><D65/><U125/><E129/><V103/><F85/><AGARI ba="2,1" hai="4,9,14,43,44,51,57,58,78,82,85,92,93,94" machi="85" ten="40,8000,1" yaku="1,1,25,2,8,1,53,0" doraHai="108" doraHaiUra="101" who="3" fromWho="2" sc="342,0,476,0,86,-86,86,96" /><INIT seed="2,0,0,1,4,69" ten="342,476,0,182" oya="2" hai0="32,50,76,45,106,132,19,53,112,27,90,73,126" hai1="127,57,83,25,130,39,29,121,97,3,105,91,70" hai2="81,9,101,78,24,75,62,5,16,93,99,63,59" hai3="42,20,22,129,88,52,23,14,108,104,33,41,67"/><V124/><F124/><W2/><G104/><T103/><D112/><U135/><E70/><V36/><F36/><W13/><G129/><T47/><D126/><U60/><E39/><V38/><F38/><W89/><G33/><T128/><D132/><U94/><E3/><V96/><F96/><W114/><G2/><T125/><D125/><U1/><E1/><V58/><F58/><W11/><G114/><T117/><D117/><U74/><E127/><V85/><F75/><W111/><G67/><T68/><D68/><U86/><E121/><V87/><F87/><W8/><G23/><T80/><D128/><U37/><E37/><V72/><F72/><W44/><G44/><T64/><D64/><N who="1" m="38927" /><E74/><V77/><F77/><W84/><G84/><T54/><D76/><N who="1" m="46439" /><E105/><V15/><F59/><W110/><G110/><T43/><D106/><U12/><E130/><V118/><F118/><W123/><REACH who="3" step="1"/><G52/><REACH who="3" ten="342,476,0,172" step="2"/><T133/><D53/><U66/><E135/><V120/><F120/><AGARI ba="0,1" hai="8,11,13,14,20,22,41,42,88,89,108,111,120,123" machi="120" ten="25,8000,1" yaku="1,1,2,1,22,2,54,1,53,0" doraHai="69" doraHaiUra="65" who="3" fromWho="2" sc="342,0,476,0,0,-80,172,90" owari="342,14.0,476,58.0,-80,-58.0,262,-14.0" /></mjloggm>