<mjloggm ver="2.3"><GO type="169" lobby="0"/><UN n0="%E3%82%A6%E3%83%AB%E3%83%88%E3%83%A9%E7%AB%8B%E7%9B%B4" n1="%4A%57%49%4C%4C" n2="%6D%6F%6E%65%79%2E%2E%2E" n3="%66%65%65%73" dan="17,16,17,17" rate="2216.81,2149.52,2128.56,2101.48" sx="M,M,M,M"/><TAIKYOKU oya="0"/><INIT seed="0,0,0,2,4,27" ten="250,250,250,250" oya="0" hai0="23,1,111,72,46,59,76,121,18,113,6,39,119" hai1="52,54,96,120,124,71,115,108,21,129,91,79,62" hai2="74,3,106,10,7,35,40,58,112,132,42,116,61" hai3="24,38,53,123,25,127,88,68,94,5,34,110,47"/><T31/><D121/><U67/><E120/><V128/><F112/><W17/><G123/><T126/><D113/><U104/><E115/><V93/><F106/><W41/><G68/><T15/><D119/><U28/><E79/><V134/><F116/><W80/><G110/><T77/><D111/><U95/><E108/><V57/><F74/><W69/><G69/><T55/><D126/><U49/><E124/><V90/><F128/><W107/><G107/><T82/><D76/><U0/><E0/><V117/><F117/><W56/><G80/><T81/><D81/><U13/><E104/><V100/><F100/><W98/><G127/><T92/><D92/><U19/><E129/><V133/><F35/><W87/><G5/><T48/><D31/><U20/><REACH who="1" step="1"/><E49/><REACH who="1" ten="250,240,250,250" step="2"/><V70/><F70/><W2/><G2/><T109/><D109/><U64/><E64/><V60/><F60/><W78/><G78/><T99/><D1/><U29/><E29/><V66/><REACH who="2" step="1"/><F58/><REACH who="2" ten="250,240,240,250" step="2"/><W26/><G56/><T63/><D63/><U30/><E30/><V8/><F8/><W101/><G34/><T33/><D33/><U37/><E37/><V12/><F12/><W97/><G25/><AGARI ba="0,2" hai="13,19,20,21,25,28,52,54,62,67,71,91,95,96" machi="25" ten="40,5200,0" yaku="1,1,52,1,54,1,53,0" doraHai="27" doraHaiUra="122" who="1" fromWho="3" sc="250,0,240,72,240,0,250,-52" /><INIT seed="1,0,0,1,0,32" ten="250,312,240,198" oya="1" hai0="128,125,30,35,135,117,111,134,93,51,50,66,58" hai1="65,54,98,1,82,16,23,97,25,28,64,81,76" hai2="14,83,80,116,36,121,34,17,6,72,75,101,48" hai3="96,79,38,105,114,86,115,87,24,12,46,109,107"/><U110/><E1/><V99/><F36/><W53/><G24/><T18/><D30/><U56/><E110/><V131/><F116/><W26/><G26/><T119/><D35/><U67/><E28/><V31/><F121/><W122/><G12/><T112/><D93/><U133/><E133/><N who="0" m="50697" /><D18/><U27/><E27/><V44/><F6/><W70/><G70/><T63/><D112/><U106/><E106/><V92/><F72/><W37/><G46/><T11/><D11/><U78/><E82/><V29/><F75/><W21/><G79/><T39/><D111/><U3/><E3/><V33/><F131/><W61/><G109/><T47/><D128/><U89/><E89/><V4/><F4/><W22/><G61/><T13/><D13/><U52/><E54/><N who="2" m="29959" /><F34/><W88/><G53/><T20/><D20/><U74/><REACH who="1" step="1"/><E78/><REACH who="1" ten="250,302,240,198" step="2"/><V0/><F0/><W84/><G88/><T45/><D119/><U69/><E69/><V9/><F33/><W7/><G107/><T60/><D117/><U130/><E130/><V43/><F43/><W19/><G105/><T100/><D100/><U2/><E2/><V103/><F103/><W62/><G115/><T41/><D125/><U68/><E68/><V15/><F14/><W90/><G114/><T8/><D39/><U129/><E129/><V77/><F77/><W40/><G37/><T42/><D42/><U10/><E10/><V132/><F132/><W59/><G38/><T57/><D8/><U124/><E124/><V91/><F101/><W113/><G122/><T120/><D41/><U85/><E85/><N who="3" m="21762" /><W102/><DORA hai="55" /><G113/><RYUUKYOKU ba="0,1" sc="250,-15,302,15,240,15,198,-15" hai1="16,23,25,52,56,64,65,67,74,76,81,97,98" hai2="9,15,17,29,31,80,83,91,92,99" /><INIT seed="1,1,1,2,4,104" ten="235,317,255,183" oya="1" hai0="125,3,21,82,94,72,119,64,2,34,47,98,67" hai1="40,35,20,4,112,124,16,126,93,24,92,7,30" hai2="59,109,79,15,91,48,5,95,33,54,110,108,73" hai3="102,97,9,17,46,89,68,63,62,36,66,128,22"/><U135/><E40/><V99/><F33/><W29/><G29/><T1/><D34/><U55/><E55/><V12/><F5/><N who="1" m="2121" /><E93/><V76/><F76/><W32/><G32/><T117/><D125/><N who="1" m="48235" /><E92/><V113/><F113/><W134/><G89/><T11/><D11/><U65/><E65/><V0/><F0/><W71/><G128/><T51/><D21/><U106/><E106/><V43/><F43/><W121/><G9/><T50/><D67/><U53/><E53/><V120/><F120/><W60/><G71/><T44/><D64/><U70/><E70/><V61/><F61/><W39/><G121/><T101/><D47/><U123/><E123/><V86/><F99/><W38/><G46/><T133/><D50/><U96/><E96/><V78/><F78/><W103/><G134/><T27/><D133/><U56/><E56/><V130/><F130/><W13/><G66/><T28/><D51/><U14/><E135/><V118/><F118/><W100/><REACH who="3" step="1"/><G68/><REACH who="3" ten="235,317,255,173" step="2"/><T132/><D132/><U84/><E84/><V80/><AGARI ba="1,2" hai="12,15,48,54,59,73,79,80,86,91,95,108,109,110" machi="80" ten="40,5200,0" yaku="0,1,14,1,52,1" doraHai="104" who="2" fromWho="2" sc="235,-14,317,-27,255,75,173,-14" /><INIT seed="2,0,0,0,5,122" ten="221,290,330,159" oya="2" hai0="105,61,57,71,13,45,17,46,85,0,109,83,106" hai1="29,118,80,128,74,21,79,3,23,15,68,18,22" hai2="56,12,36,47,103,66,117,77,24,37,76,20,75" hai3="69,48,40,26,132,95,58,55,35,64,42,28,90"/><V133/><F117/><W30/><G132/><T8/><D71/><U107/><E118/><V94/><F133/><W129/><G129/><T2/><D2/><U31/><E128/><V10/><F75/><W104/><G104/><T114/><D114/><U86/><E3/><V127/><F127/><W130/><G130/><T60/><D0/><U135/><E135/><V134/><F134/><W102/><G102/><T5/><D5/><U19/><E68/><V111/><F111/><W49/><G30/><T7/><D7/><U125/><E107/><V93/><F37/><W73/><G73/><T4/><D4/><U91/><E125/><V6/><F47/><W39/><G39/><T119/><D119/><U108/><E108/><V115/><F36/><W121/><G121/><T63/><D109/><U51/><E51/><V92/><F103/><W65/><G48/><T67/><D106/><U1/><E1/><V113/><F113/><W54/><G54/><T88/><D105/><U43/><E43/><V72/><F72/><W124/><G124/><T120/><D120/><U34/><E34/><V25/><F25/><W53/><G53/><T14/><D14/><U116/><E116/><V89/><F89/><W16/><G16/><T100/><D100/><U99/><E99/><V52/><F66/><N who="3" m="25707" /><G69/><T84/><D84/><U62/><E62/><AGARI ba="0,0" hai="8,13,17,45,46,57,60,61,62,63,67,83,85,88" machi="62" ten="40,2600,0" yaku="8,1,54,1" doraHai="122" who="0" fromWho="1" sc="221,26,290,-26,330,0,159,0" /><INIT seed="3,0,0,3,1,111" ten="247,264,330,159" oya="3" hai0="113,114,3,117,51,78,50,17,97,4,38,86,44" hai1="104,135,110,94,79,85,30,73,43,22,62,131,41" hai2="54,14,56,32,129,28,57,13,11,98,0,66,87" hai3="20,100,77,74,102,123,26,83,133,53,23,39,95"/><W115/><G123/><T58/><D117/><U1/><E1/><V61/><F129/><W5/><G39/><T10/><D97/><U122/><E122/><V116/><F116/><W24/><G5/><T124/><D124/><U19/><E110/><V45/><F45/><W101/><G133/><T37/><D58/><U12/><E104/><V48/><F87/><W106/><G106/><T91/><D78/><U130/><E135/><V81/><F81/><W27/><G115/><N who="0" m="44043" /><D17/><U29/><E73/><V35/><F98/><W112/><G112/><T2/><D2/><U125/><E125/><V9/><F0/><W92/><REACH who="3" step="1"/><G53/><REACH who="3" ten="247,264,330,149" step="2"/><N who="0" m="29895" /><D51/><U42/><E62/><V88/><F48/><W76/><G76/><T119/><D119/><U69/><E79/><V36/><F61/><W105/><G105/><T33/><D33/><U108/><E108/><V132/><F35/><W67/><G67/><T72/><D72/><U47/><E130/><V65/><F66/><W31/><G31/><T46/><D46/><U118/><E131/><V34/><F65/><W96/><G96/><T93/><AGARI ba="0,1" hai="3,4,10,37,38,86,91,93" m="29895,44043" machi="93" ten="30,7900,0" yaku="11,1,52,3" doraHai="111" who="0" fromWho="0" sc="247,89,264,-20,330,-20,149,-39" /><INIT seed="4,0,0,4,5,59" ten="336,244,310,110" oya="0" hai0="65,129,91,105,112,36,104,81,99,123,125,25,34" hai1="3,83,30,22,74,58,67,40,68,8,18,75,13" hai2="46,117,96,47,94,15,14,10,39,29,37,20,101" hai3="48,135,50,45,2,24,77,116,35,127,5,102,7"/><T42/><D123/><U133/><E68/><V49/><F117/><W120/><G116/><T38/><D125/><U60/><E133/><V97/><F46/><W16/><G127/><T118/><D118/><U98/><E40/><V110/><F110/><W32/><G135/><T64/><D129/><U52/><E67/><V108/><F108/><W53/><G102/><T41/><D112/><U119/><E119/><V90/><F29/><W79/><G120/><T71/><D81/><U86/><E98/><V89/><F20/><W95/><G95/><T17/><D91/><U85/><E85/><V82/><F15/><W130/><G130/><T31/><D17/><U12/><E3/><V122/><F122/><W114/><G114/><T124/><D124/><U9/><E9/><V103/><F103/><W131/><G131/><T61/><D65/><U88/><REACH who="1" step="1"/><E30/><REACH who="1" ten="336,234,310,110" step="2"/><V54/><F82/><W100/><G2/><T33/><D42/><U62/><E62/><V80/><F80/><W115/><G115/><T57/><D71/><U21/><E21/><V134/><F134/><W78/><G35/><T126/><D126/><U56/><E56/><V92/><REACH who="2" step="1"/><F101/><REACH who="2" ten="336,234,300,110" step="2"/><W11/><G100/><N who="0" m="62495" /><D34/><U128/><E128/><V66/><F66/><W70/><G32/><T43/><D105/><U27/><E27/><V28/><F28/><W1/><G24/><T26/><D26/><U111/><E111/><V106/><F106/><W63/><G1/><T84/><D38/><U73/><E73/><V44/><F44/><W93/><G45/><N who="0" m="23719" /><D43/><U51/><E51/><V0/><F0/><N who="3" m="423" /><G48/><T19/><D33/><RYUUKYOKU ba="0,2" sc="336,-15,234,15,300,15,110,-15" hai1="8,12,13,18,22,52,58,60,74,75,83,86,88" hai2="10,14,37,39,47,49,54,89,90,92,94,96,97" /><INIT seed="5,1,2,1,3,52" ten="321,249,315,95" oya="1" hai0="121,100,89,33,18,112,22,108,49,69,37,102,8" hai1="5,94,23,79,70,91,26,19,135,27,72,134,129" hai2="53,7,113,21,115,41,103,96,124,116,46,90,62" hai3="68,77,78,92,104,99,109,35,128,61,74,75,105"/><U130/><E70/><V6/><F116/><W25/><G35/><T3/><D37/><U12/><E79/><N who="3" m="30218" /><G25/><N who="1" m="9226" /><E72/><N who="3" m="27690" /><G61/><T54/><D112/><N who="2" m="43082" /><F90/><N who="3" m="55703" /><G68/><T120/><D33/><U132/><E5/><V82/><F124/><W133/><G109/><T93/><D108/><U80/><E80/><V107/><F82/><W118/><G118/><T55/><D69/><U66/><E66/><V127/><F127/><W65/><G65/><T71/><D71/><U42/><E42/><V51/><F21/><W101/><G128/><T15/><D22/><U13/><E13/><V97/><F7/><W30/><G30/><T126/><D15/><U16/><E19/><V14/><F14/><W63/><G63/><T58/><D18/><U47/><E47/><V73/><F6/><W123/><G123/><T24/><D126/><U111/><E111/><V28/><F73/><W10/><G10/><T20/><D8/><U36/><E36/><V31/><F28/><W131/><G131/><T0/><D121/><U32/><E32/><V4/><F4/><W81/><G133/><N who="1" m="34050" /><U84/><AGARI ba="1,2" hai="12,16,23,84,91,94,129,130" m="34050,9226" machi="84" ten="50,9600,0" yaku="4,1,20,1,54,1" doraHai="52" who="1" fromWho="1" sc="321,-33,249,119,315,-33,95,-33" /><INIT seed="5,2,0,3,3,5" ten="288,368,282,62" oya="1" hai0="89,32,16,134,30,91,80,122,19,75,31,123,61" hai1="85,102,12,127,115,74,49,36,0,7,34,37,29" hai2="27,90,109,55,9,28,93,68,81,83,111,104,118" hai3="48,129,99,124,53,98,79,103,66,130,64,25,41"/><U38/><E74/><V120/><F118/><W72/><G41/><T44/><D134/><U110/><E102/><V132/><F120/><W8/><G99/><T35/><D61/><U133/><E0/><V63/><F104/><W105/><G124/><T6/><D6/><U88/><E133/><V116/><F116/><W11/><G72/><T107/><D75/><U43/><E127/><V119/><F119/><W86/><G25/><T33/><D44/><U112/><E110/><V24/><F132/><W3/><G3/><T71/><D80/><U96/><E96/><V59/><F27/><W77/><G66/><T22/><D22/><U15/><E29/><N who="0" m="10761" /><D71/><U92/><E34/><V40/><F40/><W26/><G26/><T73/><D73/><U101/><E101/><V126/><F126/><W60/><G86/><T95/><D95/><U51/><E43/><V2/><F68/><W82/><G82/><T94/><D94/><U78/><E78/><V50/><F63/><W57/><G79/><T21/><D21/><U114/><REACH who="1" step="1"/><E7/><REACH who="1" ten="288,358,282,62" step="2"/><N who="2" m="1271" /><F111/><W62/><G77/><T1/><D1/><U54/><E54/><V67/><F109/><W20/><G64/><T39/><D107/><U131/><E131/><V125/><F67/><W69/><G69/><T117/><D117/><U4/><E4/><V121/><F125/><W65/><G65/><T56/><D35/><U45/><E45/><V52/><F55/><W108/><G108/><T23/><D32/><U18/><E18/><V76/><F76/><W13/><G130/><T87/><D33/><U47/><E47/><V58/><F52/><RYUUKYOKU ba="2,1" sc="288,-10,358,30,282,-10,62,-10" hai1="12,15,36,37,38,49,51,85,88,92,112,114,115" /><INIT seed="5,3,1,5,0,21" ten="278,388,272,52" oya="1" hai0="132,39,58,50,38,121,6,100,43,74,131,110,94" hai1="108,14,80,69,19,124,32,66,73,119,11,126,56" hai2="9,3,67,91,10,109,95,81,60,103,97,46,52" hai3="78,0,122,112,79,118,86,93,16,40,120,133,64"/><U82/><E119/><V135/><F109/><W114/><G0/><T31/><D74/><U63/><E32/><V5/><F135/><W1/><G1/><T72/><D72/><U36/><E36/><V8/><F81/><W27/><G40/><T102/><D38/><U13/><E108/><V125/><F125/><N who="1" m="48233" /><E73/><V57/><F103/><W128/><G64/><T71/><D39/><U35/><E35/><V54/><F54/><W127/><G127/><T53/><D43/><U12/><E69/><V49/><AGARI ba="3,1" hai="3,5,8,9,10,46,49,52,57,60,67,91,95,97" machi="49" ten="30,2000,0" yaku="0,1,54,1" doraHai="21" who="2" fromWho="2" sc="278,-8,388,-13,272,39,52,-8" /><INIT seed="6,0,0,4,1,27" ten="270,375,311,44" oya="2" hai0="121,67,40,84,19,87,132,8,51,79,125,20,2" hai1="62,128,114,117,75,30,76,108,58,69,10,86,35" hai2="96,106,6,59,112,126,55,109,118,70,64,124,61" hai3="110,17,18,29,3,105,41,37,1,133,32,89,135"/><V72/><F118/><W28/><G105/><T57/><D121/><U83/><E117/><V123/><F123/><W101/><G101/><T4/><D125/><N who="2" m="48234" /><F72/><W26/><G37/><T82/><D132/><N who="3" m="50761" /><G41/><T103/><D103/><U91/><E108/><V66/><F6/><W73/><G73/><T94/><D67/><N who="2" m="25642" /><F96/><W36/><G36/><T122/><D122/><U21/><E69/><V80/><F80/><W93/><G89/><T107/><D107/><U0/><E35/><V81/><F81/><W102/><G93/><T15/><D94/><U34/><E34/><V88/><F88/><W12/><G102/><T42/><D87/><U100/><E100/><V52/><F70/><W25/><G110/><T97/><D97/><U130/><E91/><V47/><F106/><W50/><G50/><T95/><D95/><U43/><E75/><V11/><F11/><N who="3" m="6303" /><G18/><T56/><D51/><U16/><E83/><V9/><F109/><W71/><G71/><T46/><D82/><U104/><E104/><V74/><F74/><W22/><AGARI ba="0,0" hai="1,3,22,25,26,28,29,32" m="6303,50761" machi="22" ten="30,8000,1" yaku="20,1,34,2,52,2" doraHai="27" who="3" fromWho="3" sc="270,-20,375,-20,311,-40,44,80" /><INIT seed="7,0,0,2,4,122" ten="250,355,271,124" oya="3" hai0="42,104,61,129,92,79,66,3,55,107,54,11,116" hai1="62,67,45,89,98,5,74,10,23,86,105,72,16" hai2="47,115,120,18,31,39,57,114,13,64,51,27,84" hai3="14,21,73,119,7,4,106,101,128,82,108,44,110"/><W12/><G119/><T40/><D92/><U95/><E45/><V46/><F39/><W131/><G106/><T25/><D25/><U9/><E9/><N who="2" m="6447" /><F120/><W133/><G101/><T97/><D79/><U75/><E105/><V71/><F71/><W121/><G121/><T123/><D97/><U1/><E98/><V17/><F17/><N who="3" m="10407" /><G133/><T94/><D94/><U109/><E109/><N who="3" m="42090" /><G44/><T19/><D107/><U37/><E37/><V59/><F47/><W53/><G53/><T118/><D55/><U41/><E41/><V65/><F114/><W2/><G2/><T132/><D54/><U76/><E76/><V43/><F115/><W70/><G70/><T88/><D3/><U113/><E113/><V68/><F68/><W8/><G4/><T26/><D104/><U126/><E126/><V102/><F102/><W77/><AGARI ba="0,0" hai="7,8,14,73,77,82,128,131" m="42090,10407" machi="77" ten="30,11700,0" yaku="10,1,52,3" doraHai="122" who="3" fromWho="3" sc="250,-39,355,-39,271,-39,124,117" /><INIT seed="7,1,0,5,4,124" ten="211,316,232,241" oya="3" hai0="88,65,18,19,8,37,113,105,106,96,24,67,60" hai1="45,85,36,99,63,34,27,111,71,108,82,15,132" hai2="87,125,13,41,32,94,135,0,123,30,2,83,56" hai3="75,134,47,43,110,23,121,109,14,84,77,3,86"/><W130/><G121/><T95/><D37/><U5/><E99/><V11/><F125/><W7/><G134/><T62/><D113/><U68/><E132/><V52/><F135/><W61/><G61/><N who="0" m="23659" /><D106/><U42/><E68/><V17/><F94/><W117/><G117/><T78/><D105/><U116/><E116/><V101/><F101/><W4/><G23/><N who="0" m="13431" /><D78/><U133/><E133/><V80/><F41/><W39/><G14/><AGARI ba="1,0" hai="8,14,19,65,67,88,95,96" m="13431,23659" machi="14" ten="30,2000,0" yaku="8,1,54,1" doraHai="124" who="0" fromWho="3" sc="211,23,316,0,232,0,241,-23" owari="234,3.0,316,42.0,232,-17.0,218,-28.0" /></mjloggm>