<mjloggm ver="2.3"><GO type="169" lobby="0"/><UN n0="%E3%82%AB%E3%83%AB%E3%83%93" n1="%E3%82%A6%E3%83%AB%E3%83%88%E3%83%A9%E7%AB%8B%E7%9B%B4" n2="%E9%AB%98%E7%94%BA%EF%BC%A0%E3%81%AA%E3%81%AE%E3%81%AF" n3="%73%6F%64%6F%72" dan="16,17,16,16" rate="2100.95,2120.30,2142.87,2115.84" sx="M,M,F,M"/><TAIKYOKU oya="0"/><INIT seed="0,0,0,4,2,3" ten="250,250,250,250" oya="0" hai0="83,84,26,121,52,59,32,68,109,70,87,37,72" hai1="128,13,20,124,134,107,105,6,42,115,78,110,90" hai2="79,14,33,113,46,135,111,116,12,55,36,133,102" hai3="53,38,9,93,127,119,16,0,30,60,10,27,104"/><T71/><D121/><U81/><E110/><V43/><F113/><W22/><G104/><T56/><D37/><U92/><E124/><V41/><F111/><W54/><G38/><T11/><D109/><U103/><E128/><V50/><F116/><W65/><G119/><T120/><D120/><U18/><E134/><N who="2" m="51211" /><F33/><W8/><G127/><T91/><D72/><U58/><E115/><V95/><F79/><W80/><G80/><T130/><D130/><U89/><E42/><N who="2" m="15883" /><F36/><W17/><G93/><T25/><D32/><U96/><E105/><V23/><F23/><W132/><G132/><T99/><D99/><AGARI ba="0,0" hai="12,14,46,50,55,95,99,102" m="15883,51211" machi="99" ten="30,1000,0" yaku="20,1" doraHai="3" who="2" fromWho="0" sc="250,-10,250,0,250,10,250,0" /><INIT seed="1,0,0,1,5,116" ten="240,250,260,250" oya="1" hai0="131,94,61,23,24,2,96,8,12,17,62,26,79" hai1="70,100,40,88,64,42,92,15,53,107,1,60,13" hai2="22,36,127,103,0,73,106,112,27,78,98,38,29" hai3="50,99,105,134,20,57,129,65,81,11,84,120,95"/><U56/><E1/><V135/><F112/><W101/><G129/><T85/><D131/><U71/><E100/><V63/><F135/><W108/><G134/><T33/><D2/><U86/><E107/><V44/><F127/><W5/><G108/><T58/><D33/><U124/><E124/><V67/><F0/><W9/><G20/><T4/><D26/><U39/><E70/><V14/><F14/><W82/><G120/><T6/><D85/><U48/><E42/><V10/><F10/><W69/><G69/><T45/><D79/><U43/><E40/><V75/><F44/><AGARI ba="0,0" hai="13,15,39,43,44,48,53,56,60,64,71,86,88,92" machi="44" ten="40,7700,0" yaku="24,2,54,1" doraHai="116" who="1" fromWho="2" sc="240,0,250,77,260,-77,250,0" /><INIT seed="1,1,0,3,3,0" ten="240,327,183,250" oya="1" hai0="99,80,54,86,78,123,34,74,51,26,36,117,2" hai1="119,76,121,132,93,79,97,130,39,49,32,58,46" hai2="127,13,67,9,56,30,69,85,124,21,44,107,60" hai3="12,101,52,59,73,102,113,71,5,18,126,120,41"/><U96/><E130/><V133/><F107/><W40/><G71/><T106/><D117/><U33/><E121/><V6/><F133/><W7/><G73/><T65/><D36/><U112/><E112/><V122/><F122/><W38/><G120/><T110/><D123/><U77/><E119/><V109/><F109/><W129/><G113/><T75/><D110/><U111/><E111/><V66/><F44/><W27/><G27/><T92/><D106/><U103/><E132/><V105/><F105/><W100/><G126/><N who="2" m="48169" /><F85/><W23/><G129/><T62/><D2/><U84/><E97/><V1/><F1/><W16/><G18/><T63/><D26/><U35/><E39/><V116/><F116/><W91/><G91/><T50/><D34/><U47/><REACH who="1" step="1"/><E84/><REACH who="1" ten="240,317,183,250" step="2"/><V42/><F69/><W131/><G131/><T48/><D75/><U115/><E115/><V81/><F81/><W68/><G38/><T83/><D74/><U53/><AGARI ba="1,1" hai="32,33,35,46,47,49,53,58,76,77,79,93,96,103" machi="53" ten="40,3900,0" yaku="1,1,0,1,53,0" doraHai="0" doraHaiUra="25" who="1" fromWho="1" sc="240,-14,317,52,183,-14,250,-14" /><INIT seed="1,2,0,2,5,109" ten="226,369,169,236" oya="1" hai0="84,39,113,75,11,115,34,22,132,118,135,119,59" hai1="76,67,33,87,83,81,126,110,108,128,104,61,86" hai2="56,1,9,43,80,98,125,31,95,94,13,131,50" hai3="57,91,88,122,49,127,66,89,16,0,72,105,17"/><U129/><E33/><V73/><F1/><W79/><G0/><T65/><D75/><U40/><E40/><V96/><F131/><N who="1" m="50249" /><E104/><V53/><F125/><W21/><G122/><T70/><D84/><U2/><E2/><V28/><F73/><W124/><G105/><T64/><D34/><U6/><E6/><V47/><F80/><N who="3" m="45159" /><G21/><T93/><D93/><U130/><E126/><N who="3" m="48170" /><G49/><T42/><D22/><U48/><E48/><V133/><F133/><N who="0" m="51274" /><D11/><U45/><E45/><V58/><F58/><W12/><G12/><T69/><D59/><N who="1" m="37311" /><E130/><V123/><F123/><W15/><G15/><T32/><D32/><U25/><E25/><V35/><F35/><W116/><G116/><N who="0" m="44587" /><D42/><U27/><E27/><V54/><F54/><W112/><G112/><N who="0" m="43083" /><D39/><U74/><E74/><V99/><F95/><W7/><G7/><T100/><D100/><U60/><E86/><V20/><F94/><W62/><AGARI ba="2,0" hai="16,17,57,62,66,88,89,91" m="48170,45159" machi="62" ten="40,5200,0" yaku="18,1,54,2" doraHai="109" who="3" fromWho="3" sc="226,-15,369,-28,169,-15,236,58" /><INIT seed="2,0,0,4,3,31" ten="211,341,154,294" oya="2" hai0="108,61,89,56,71,124,135,127,47,11,132,88,107" hai1="36,95,125,17,19,60,8,13,94,129,46,52,3" hai2="66,83,133,35,50,55,128,118,45,57,4,0,119" hai3="59,114,20,23,44,75,40,1,86,39,42,21,73"/><V74/><F128/><W53/><G1/><T58/><D107/><U116/><E3/><V117/><F133/><N who="0" m="51274" /><D108/><U110/><E116/><V70/><F4/><W92/><G114/><T33/><D11/><U38/><E38/><V37/><F0/><W111/><G111/><T64/><D47/><U34/><E34/><V16/><F74/><W25/><G42/><T76/><D76/><U93/><E125/><N who="0" m="48201" /><D33/><U91/><E110/><V134/><F134/><W27/><G75/><T106/><D106/><U90/><E36/><V22/><F83/><W67/><G73/><T96/><D96/><U105/><E105/><V101/><F101/><W48/><G67/><T14/><D14/><U102/><E102/><V131/><F70/><W18/><G18/><T49/><D71/><U130/><E19/><V5/><F35/><W69/><G69/><T103/><D103/><U98/><E98/><V120/><F5/><W12/><G12/><T68/><D68/><U28/><E28/><V51/><F37/><W123/><G27/><T100/><D100/><U9/><E9/><V87/><F16/><W113/><G25/><T32/><D32/><U10/><E10/><V121/><F22/><W63/><G39/><T2/><D2/><U82/><E91/><V99/><F99/><W54/><G23/><T84/><D84/><N who="1" m="50455" /><E46/><V43/><F87/><W79/><G44/><T6/><D6/><U115/><E115/><V26/><F26/><W109/><G113/><T65/><D65/><U24/><E24/><V80/><F66/><W29/><G109/><T97/><D97/><U15/><E15/><RYUUKYOKU ba="0,0" sc="211,15,341,15,154,-15,294,-15" hai0="49,56,58,61,64,88,89" hai1="8,13,17,52,60,93,94,95,129,130" /><INIT seed="3,1,0,5,1,13" ten="226,356,139,279" oya="3" hai0="22,77,69,123,51,130,35,58,101,102,17,30,81" hai1="20,3,66,49,127,1,97,59,21,82,83,74,42" hai2="103,56,132,114,111,7,98,46,23,94,29,68,33" hai3="100,48,117,119,105,87,8,110,116,128,43,54,115"/><W75/><G75/><T108/><D123/><U39/><E97/><V92/><F114/><W18/><G115/><T124/><D69/><U63/><E127/><V70/><F111/><W36/><G36/><T10/><D124/><U121/><E121/><V131/><F33/><W12/><G43/><T86/><D108/><U14/><E21/><V96/><F7/><W65/><G110/><T90/><D130/><U72/><E82/><V112/><F131/><W67/><G128/><T93/><D35/><U50/><E50/><V99/><F112/><W85/><G105/><T126/><D30/><U133/><E1/><V27/><F132/><W53/><G100/><T64/><D10/><U88/><E3/><V31/><F46/><W37/><G37/><T57/><D126/><U60/><E60/><V89/><F31/><W9/><G9/><T26/><D58/><U79/><E88/><V120/><F120/><W104/><G104/><T4/><D4/><U11/><E11/><V106/><REACH who="2" step="1"/><F56/><REACH who="2" ten="226,356,129,279" step="2"/><W15/><G119/><T91/><D91/><AGARI ba="1,1" hai="23,27,29,68,70,89,91,92,94,96,98,99,103,106" machi="91" ten="30,7700,0" yaku="1,1,2,1,7,1,9,1,53,0" doraHai="13" doraHaiUra="45" who="2" fromWho="0" sc="226,-80,356,0,129,90,279,0" /><INIT seed="4,0,0,4,2,98" ten="146,356,219,279" oya="0" hai0="4,38,77,85,114,79,64,12,18,130,106,61,126" hai1="135,69,1,20,8,41,66,27,63,80,30,86,3" hai2="119,113,15,74,11,78,16,26,60,22,46,40,57" hai3="14,121,96,37,120,101,110,23,92,56,84,68,70"/><T95/><D106/><U44/><E8/><V107/><F119/><W31/><G37/><T127/><D38/><U35/><E35/><V123/><F107/><W134/><G110/><T10/><D114/><U36/><E135/><V99/><F113/><W0/><G0/><T24/><D130/><U132/><E132/><V133/><F133/><W25/><G134/><T54/><D54/><U32/><E32/><V118/><F118/><W45/><G45/><T90/><D24/><U115/><E115/><V5/><F123/><N who="3" m="47179" /><G84/><T87/><D4/><U81/><E81/><V2/><F99/><W13/><G56/><T67/><D67/><U83/><E83/><V51/><F74/><W97/><G97/><T82/><REACH who="0" step="1"/><D79/><AGARI ba="0,0" hai="1,3,20,27,30,36,41,44,63,66,69,79,80,86" machi="79" ten="30,1000,0" yaku="7,1" doraHai="98" who="1" fromWho="0" sc="146,-10,356,10,219,0,279,0" /><INIT seed="5,0,0,0,1,43" ten="136,366,219,279" oya="1" hai0="44,61,37,107,13,12,46,126,90,100,83,69,101" hai1="60,28,1,38,116,2,62,18,71,23,5,92,22" hai2="58,135,105,63,93,91,56,30,70,49,6,26,108" hai3="131,35,55,32,31,109,68,125,74,76,77,48,10"/><U52/><E116/><V51/><F105/><W15/><G68/><T17/><D126/><U4/><E38/><V88/><F108/><W19/><G109/><T95/><D83/><U42/><E42/><V41/><F135/><W29/><G125/><T72/><D72/><U114/><E114/><V40/><F70/><W99/><G131/><T25/><D37/><U124/><E124/><V134/><F134/><W73/><G73/><T64/><D25/><N who="1" m="16447" /><E2/><V50/><F6/><N who="1" m="2665" /><E1/><V123/><F123/><W16/><G35/><T132/><D132/><U98/><E52/><N who="2" m="34247" /><F56/><N who="3" m="32871" /><G74/><T110/><D110/><U53/><E53/><V9/><F9/><W11/><G32/><T20/><D12/><N who="1" m="9543" /><E71/><V84/><F91/><AGARI ba="0,0" hai="60,62,91,92,98" m="9543,2665,16447" machi="91" ten="30,1500,0" yaku="8,1" doraHai="43" who="1" fromWho="2" sc="136,0,366,15,219,-15,279,0" /><INIT seed="5,1,0,0,2,12" ten="136,381,204,279" oya="1" hai0="102,23,132,109,14,71,135,126,1,46,96,124,44" hai1="30,3,133,128,85,111,26,98,84,54,41,100,28" hai2="70,87,65,81,118,27,19,86,58,107,125,121,68" hai3="120,51,61,63,10,114,66,82,47,129,55,80,116"/><U59/><E3/><V17/><F107/><W123/><G114/><T8/><D71/><U88/><E128/><V103/><F121/><W37/><G129/><T31/><D109/><U48/><E133/><N who="0" m="51273" /><D1/><U20/><E111/><V2/><F2/><W34/><G34/><T29/><D46/><U115/><E115/><V78/><F103/><W76/><G116/><T97/><D44/><U15/><E15/><V18/><F118/><W22/><G37/><T52/><D52/><U74/><E74/><V79/><F125/><N who="0" m="48234" /><D23/><U89/><E41/><V39/><F39/><W49/><G49/><T33/><D33/><U24/><E85/><V67/><F27/><W42/><G42/><T40/><D40/><U91/><E84/><V119/><F119/><W93/><G10/><T94/><D97/><U50/><E50/><V95/><F70/><W105/><G63/><T5/><AGARI ba="1,0" hai="5,8,14,29,31,94,96,102" m="48234,51273" machi="5" ten="30,2000,0" yaku="20,1,18,1" doraHai="12" who="0" fromWho="0" sc="136,23,381,-11,204,-6,279,-6" /><INIT seed="6,0,0,4,1,63" ten="159,370,198,273" oya="2" hai0="5,8,41,72,56,19,73,7,33,32,67,61,118" hai1="17,75,119,110,58,64,16,84,78,133,70,50,99" hai2="1,69,85,103,97,49,117,29,55,83,59,62,43" hai3="87,123,46,80,2,15,92,128,51,31,18,122,113"/><V89/><F117/><W0/><G31/><T121/><D121/><U66/><E75/><V25/><F1/><W35/><G35/><T114/><D118/><U111/><E70/><V21/><F69/><W27/><G27/><T129/><D114/><U38/><E38/><V48/><REACH who="2" step="1"/><F43/><REACH who="2" ten="159,370,188,273" step="2"/><W120/><G120/><T82/><D129/><U34/><E119/><V105/><AGARI ba="0,1" hai="21,25,29,48,49,55,59,62,83,85,89,97,103,105" machi="105" ten="20,7800,0" yaku="1,1,2,1,0,1,7,1,53,0" doraHai="63" doraHaiUra="30" who="2" fromWho="2" sc="159,-26,370,-26,188,88,273,-26" /><INIT seed="6,1,0,5,2,131" ten="133,344,276,247" oya="2" hai0="110,6,120,85,48,5,99,76,134,21,78,86,16" hai1="10,96,109,74,34,72,113,7,12,28,84,128,98" hai2="2,47,41,19,22,56,89,132,87,0,49,101,50" hai3="77,92,93,39,51,112,88,25,46,114,58,15,127"/><V33/><F33/><W64/><G127/><T107/><D120/><U91/><E109/><V130/><F130/><W31/><G77/><T27/><D110/><U26/><E128/><V8/><F101/><W18/><G39/><T38/><D38/><U83/><REACH who="1" step="1"/><E113/><REACH who="1" ten="133,334,276,247" step="2"/><N who="3" m="43626" /><G64/><T44/><D134/><U135/><E135/><V67/><F132/><W60/><G58/><T20/><D107/><U105/><E105/><V124/><F124/><W97/><G60/><T108/><D108/><U42/><E42/><V69/><F69/><W61/><G61/><T43/><D99/><AGARI ba="1,1" hai="7,10,12,26,28,34,72,74,83,84,91,96,98,99" machi="99" ten="40,2600,0" yaku="1,1,53,1" doraHai="131" doraHaiUra="4" who="1" fromWho="0" sc="133,-29,334,39,276,0,247,0" /><INIT seed="7,0,0,2,4,78" ten="104,373,276,247" oya="3" hai0="70,71,31,54,128,88,62,0,114,109,44,113,43" hai1="86,79,1,108,75,81,21,103,104,129,123,34,89" hai2="118,14,127,29,111,13,72,65,119,23,77,59,5" hai3="45,126,57,73,92,58,41,25,117,116,93,105,130"/><W87/><G105/><T132/><D0/><U10/><E34/><V91/><F77/><W112/><G73/><T82/><D31/><U19/><E108/><V83/><F72/><W22/><G112/><N who="0" m="43115" /><D109/><U63/><E63/><N who="2" m="38143" /><F127/><W28/><G126/><T106/><D106/><U30/><E30/><V102/><F111/><W90/><G130/><T42/><D128/><U76/><E76/><V52/><F102/><W47/><G93/><T2/><D2/><U8/><E1/><V80/><F5/><W33/><G33/><T6/><D6/><U133/><E133/><V134/><F134/><W110/><G110/><T3/><D3/><U74/><E74/><V37/><F37/><W20/><G20/><T9/><D9/><U12/><E123/><V66/><F66/><W98/><G117/><T55/><D132/><U125/><E125/><V101/><F101/><W100/><G116/><T11/><D11/><U51/><E129/><V122/><F91/><W40/><G41/><N who="0" m="15371" /><D62/><U32/><E10/><V124/><F122/><W17/><G28/><T36/><D36/><U94/><E8/><V131/><F131/><W15/><G25/><T53/><D44/><N who="3" m="16969" /><G40/><T16/><D16/><U35/><E35/><V68/><F124/><W60/><G60/><T39/><D39/><U50/><E32/><V96/><F119/><W84/><G100/><T121/><D121/><U56/><E103/><V46/><F118/><W18/><G18/><T97/><D97/><U26/><E104/><V69/><F96/><W7/><G7/><T107/><D107/><U24/><E19/><V61/><F29/><RYUUKYOKU ba="0,0" sc="104,15,373,-15,276,-15,247,15" hai0="53,54,55,70,71,82,88" hai3="15,17,22,57,58,84,87,90,92,98" /><INIT seed="7,1,0,3,2,128" ten="119,358,261,262" oya="3" hai0="0,116,26,52,111,6,15,89,72,9,37,16,42" hai1="22,125,39,48,93,14,124,46,110,2,47,11,119" hai2="55,41,5,122,99,103,21,88,63,23,115,24,130" hai3="32,113,62,92,82,135,19,107,86,102,31,123,80"/><W70/><G123/><T79/><D116/><U59/><E39/><V74/><F74/><W25/><G107/><T75/><D111/><U73/><E73/><V108/><F108/><W121/><G121/><T105/><D105/><U64/><E2/><V30/><F122/><W20/><G113/><T34/><D89/><U98/><E22/><V4/><F130/><W118/><G118/><T44/><D79/><U101/><E119/><V12/><F115/><W117/><G117/><T49/><D26/><U68/><E68/><V97/><F41/><W3/><G3/><T40/><D34/><U84/><E84/><V104/><F104/><W28/><G28/><T50/><D37/><U67/><E59/><N who="2" m="35327" /><F88/><W57/><G70/><T71/><D71/><U83/><E83/><V10/><F103/><W77/><G82/><T94/><D94/><U90/><E47/><V91/><F91/><W33/><G135/><T35/><D35/><U43/><E101/><V95/><F95/><W76/><G76/><T36/><D36/><U61/><E61/><V51/><F23/><W18/><G33/><T85/><D85/><U126/><E110/><V66/><F66/><N who="3" m="39247" /><G32/><T38/><D38/><U54/><E43/><V27/><F27/><W100/><G100/><T96/><D96/><AGARI ba="1,0" hai="18,19,20,25,31,77,80,86,92,96,102" m="39247" machi="96" ten="30,2900,0" yaku="25,1,8,1" doraHai="128" who="3" fromWho="0" sc="119,-32,358,0,261,0,262,32" /><INIT seed="7,2,0,4,4,61" ten="87,358,261,294" oya="3" hai0="91,40,79,70,33,34,9,134,95,15,117,131,67" hai1="80,56,36,10,127,114,35,16,65,21,112,98,84" hai2="74,78,100,62,66,27,115,128,119,52,113,44,109" hai3="130,86,53,88,51,87,102,20,125,82,101,5,58"/><W38/><G38/><T30/><D91/><U2/><E35/><V107/><F109/><W69/><G69/><T126/><D95/><U90/><E36/><V48/><F119/><W77/><G125/><T129/><D79/><U133/><E98/><V106/><F128/><W7/><G130/><T121/><D15/><N who="1" m="9375" /><E127/><V46/><F46/><W6/><REACH who="3" step="1"/><G20/><REACH who="3" ten="87,358,261,284" step="2"/><T29/><D9/><U132/><E10/><V12/><F27/><W99/><G99/><T42/><D29/><U96/><E96/><V60/><F12/><W123/><G123/><T108/><D30/><U0/><E114/><N who="2" m="43531" /><F100/><W24/><G24/><T120/><D126/><U75/><E112/><V45/><F45/><W105/><G105/><T50/><D70/><U1/><E0/><V83/><F62/><W89/><G89/><T110/><D117/><U64/><E1/><V135/><F135/><W8/><G8/><T71/><D71/><AGARI ba="2,1" hai="44,48,52,60,66,71,74,78,83,106,107" m="43531" machi="71" ten="30,3900,0" yaku="15,1,52,1,54,1" doraHai="61" who="2" fromWho="0" sc="87,-45,358,0,261,55,284,0" owari="42,-46.0,358,46.0,316,12.0,284,-12.0" /></mjloggm>