<mjloggm ver="2.3"><GO type="169" lobby="0"/><UN n0="%E3%82%A6%E3%83%AB%E3%83%88%E3%83%A9%E7%AB%8B%E7%9B%B4" n1="%E3%81%8B%E3%81%A3%E3%81%B1%E3%83%BC" n2="%E3%82%A2%E3%83%8B%E3%82%BD%E3%83%B3%E5%A5%BD%E3%81%8D" n3="%6D%6F%6D%6F%2D" dan="17,16,16,16" rate="2149.08,2079.60,2027.33,2078.72" sx="M,M,F,M"/><TAIKYOKU oya="0"/><INIT seed="0,0,0,2,0,104" ten="250,250,250,250" oya="0" hai0="100,106,132,66,54,63,110,43,48,88,81,121,108" hai1="125,41,68,23,118,30,131,38,91,9,134,128,39" hai2="82,52,105,77,5,117,70,75,103,59,62,15,86" hai3="47,61,19,72,92,109,102,80,123,57,126,49,55"/><T107/><D121/><U69/><E118/><V50/><F117/><W2/><G123/><T40/><D132/><U116/><E116/><V46/><F70/><N who="1" m="27241" /><E91/><V14/><F5/><W76/><G126/><T113/><D113/><U51/><E9/><V74/><F103/><W26/><G109/><N who="0" m="42091" /><D63/><U27/><E125/><V6/><F105/><N who="0" m="39946" /><D66/><U84/><E84/><V60/><F60/><W13/><G2/><T56/><D100/><U95/><E95/><V87/><F87/><AGARI ba="0,0" hai="40,43,48,54,56,81,87,88" m="39946,42091" machi="87" ten="30,5800,0" yaku="14,1,10,1,54,1" doraHai="104" who="0" fromWho="2" sc="250,58,250,0,250,-58,250,0" /><INIT seed="0,1,0,3,2,66" ten="308,250,192,250" oya="0" hai0="91,18,21,15,131,123,79,92,113,68,28,133,42" hai1="33,25,83,14,74,48,55,119,130,2,99,122,59" hai2="71,69,115,22,134,40,102,94,126,101,57,67,20" hai3="100,128,53,86,11,36,13,124,64,10,30,112,75"/><T120/><D113/><U111/><E122/><V93/><F115/><W65/><G75/><T35/><D131/><U114/><E119/><V38/><F67/><W61/><G36/><T6/><D133/><U8/><E111/><V41/><F57/><W34/><G112/><T56/><D79/><U82/><E114/><V97/><F97/><W47/><G100/><T77/><D77/><U70/><E74/><V52/><F52/><W46/><G10/><T9/><D42/><U29/><E130/><V19/><F19/><W58/><G124/><T96/><D68/><U4/><E70/><V78/><F78/><W72/><G72/><T88/><D56/><U63/><E99/><V39/><F134/><W84/><G128/><T3/><REACH who="0" step="1"/><D91/><REACH who="0" ten="298,250,192,250" step="2"/><U129/><E129/><V51/><REACH who="2" step="1"/><F51/><REACH who="2" ten="298,250,182,250" step="2"/><W104/><G47/><T80/><D80/><U103/><E48/><V85/><F85/><W0/><G46/><T7/><D7/><U118/><E118/><V90/><F90/><W23/><G86/><T17/><D17/><U117/><E117/><V76/><F76/><W37/><G84/><T135/><D135/><U87/><E87/><V89/><F89/><W60/><G58/><T12/><D12/><U98/><E14/><V127/><AGARI ba="1,2" hai="20,22,38,39,40,41,69,71,93,94,101,102,126,127" machi="127" ten="25,12000,2" yaku="1,1,0,1,22,2,52,2,53,0" doraHai="66" doraHaiUra="81" who="2" fromWho="2" sc="298,-61,250,-31,182,143,250,-31" /><INIT seed="1,0,0,4,4,93" ten="237,219,325,219" oya="1" hai0="57,124,7,108,10,111,52,129,100,76,62,39,43" hai1="64,130,97,102,53,73,58,3,5,115,135,85,23" hai2="70,34,123,67,110,103,12,127,80,4,35,26,77" hai3="122,56,28,112,14,92,98,86,71,95,63,2,59"/><U45/><E73/><V9/><F123/><W101/><G2/><T1/><D124/><U126/><E115/><V6/><F127/><W0/><G0/><T128/><D76/><U19/><E126/><V22/><F4/><W134/><G122/><T33/><D33/><U88/><E130/><N who="0" m="50281" /><D100/><U109/><E135/><V125/><F125/><W91/><G112/><T68/><D68/><U44/><E109/><N who="0" m="42057" /><D43/><U116/><E116/><V51/><F110/><W41/><G134/><T47/><D47/><U30/><E64/><V96/><F67/><W74/><G74/><T83/><D83/><N who="1" m="49215" /><E30/><V29/><F70/><W133/><G28/><T20/><D20/><U79/><E79/><V46/><F80/><W94/><G41/><T81/><D81/><U50/><E3/><V72/><F77/><W117/><G117/><T37/><AGARI ba="0,0" hai="1,7,10,37,39,52,57,62" m="42057,50281" machi="37" ten="40,5200,0" yaku="19,1,14,1,54,1" doraHai="93" who="0" fromWho="0" sc="237,52,219,-26,325,-13,219,-13" /><INIT seed="2,0,0,0,1,21" ten="289,193,312,206" oya="2" hai0="77,108,52,10,135,91,5,12,55,71,49,109,85" hai1="48,80,4,82,110,79,26,37,73,23,124,15,1" hai2="132,32,89,126,69,113,102,106,2,103,29,39,76" hai3="130,118,24,134,125,121,67,74,72,60,34,19,65"/><V120/><RYUUKYOKU type="yao9" ba="0,0" sc="289,0,193,0,312,0,206,0" hai2="2,29,32,39,69,76,89,102,103,106,113,120,126,132" /><INIT seed="2,1,0,5,5,131" ten="289,193,312,206" oya="2" hai0="19,0,54,45,8,94,127,97,116,98,62,82,64" hai1="71,55,111,40,103,115,107,122,1,69,81,42,120" hai2="112,38,58,87,63,134,47,5,119,88,66,61,74" hai3="89,37,25,9,99,79,95,80,133,108,109,110,85"/><V121/><F119/><W26/><G37/><T113/><D113/><U52/><E1/><V34/><F112/><W3/><G3/><T77/><D127/><U36/><E107/><V6/><F121/><N who="1" m="46697" /><E103/><V4/><F74/><W2/><G2/><T43/><D54/><N who="1" m="20523" /><E81/><V16/><F34/><W135/><G9/><T10/><D19/><U114/><E111/><V51/><F38/><W86/><G86/><T44/><D44/><N who="1" m="23559" /><E42/><V23/><F63/><W57/><G57/><T21/><D82/><U35/><E35/><V48/><F47/><W92/><G92/><T106/><D45/><U17/><E17/><V125/><F125/><W73/><G73/><T20/><D43/><U84/><E84/><V129/><F129/><W15/><G15/><T56/><D106/><U29/><E29/><V7/><F7/><W30/><G26/><T78/><D0/><U49/><E49/><V105/><F105/><W24/><G24/><T132/><D97/><U128/><E128/><V90/><F51/><W100/><G100/><T27/><D27/><U117/><E117/><V18/><F48/><W28/><G28/><T130/><D116/><U118/><E118/><V50/><F50/><W65/><G65/><T41/><D130/><U22/><E22/><AGARI ba="1,0" hai="22,25,30,79,80,85,89,95,99,108,109,110,133,135" machi="22" ten="40,5200,0" yaku="14,1,52,2" doraHai="131" who="3" fromWho="1" sc="289,0,193,-55,312,0,206,55" /><INIT seed="3,0,0,1,1,41" ten="289,138,312,261" oya="3" hai0="23,94,43,124,98,110,31,68,11,89,96,65,5" hai1="62,102,16,134,47,72,97,61,115,75,83,88,99" hai2="64,55,6,19,67,127,104,86,107,7,1,85,27" hai3="122,30,76,74,17,95,82,129,84,15,90,42,121"/><W81/><G129/><T2/><D110/><U112/><E134/><V91/><F127/><W59/><G30/><T119/><D119/><U35/><E35/><V33/><F33/><W131/><G131/><T21/><D124/><U101/><E83/><V105/><F1/><W66/><G42/><T39/><D31/><U36/><E36/><V108/><F108/><W123/><G66/><T78/><D98/><U71/><E71/><V135/><F55/><W79/><G59/><T93/><D93/><U32/><E32/><V106/><F106/><W113/><G17/><T132/><D132/><U13/><E13/><V100/><F100/><W54/><G54/><T103/><D89/><U28/><E28/><V18/><F27/><W114/><REACH who="3" step="1"/><G15/><REACH who="3" ten="289,138,312,251" step="2"/><T0/><D65/><U45/><E88/><V37/><F91/><W128/><G128/><T14/><D14/><U34/><E34/><V40/><F135/><W46/><G46/><T118/><D43/><U111/><E111/><V8/><F18/><AGARI ba="0,1" hai="16,18,45,47,61,62,72,75,97,99,101,102,112,115" machi="18" ten="25,8000,1" yaku="22,2,52,2,54,1" doraHai="41" who="1" fromWho="2" sc="289,0,138,90,312,-80,251,0" /><INIT seed="4,0,0,3,2,119" ten="289,228,232,251" oya="0" hai0="36,12,82,41,67,99,83,108,17,24,130,45,37" hai1="84,1,72,40,69,28,31,109,7,115,3,44,34" hai2="62,53,96,110,25,107,11,70,85,103,121,54,50" hai3="55,32,2,56,43,112,26,94,4,128,60,29,73"/><T80/><D130/><U68/><E72/><V47/><F110/><W16/><G128/><T134/><D134/><U51/><E109/><V59/><F70/><W63/><G112/><T135/><D135/><U97/><E115/><V101/><F101/><W117/><G117/><T131/><D131/><U0/><E7/><V13/><F25/><W64/><G73/><T98/><D108/><U125/><E125/><V74/><F74/><W129/><G129/><T79/><D79/><U105/><E84/><V113/><F113/><W33/><G43/><T95/><D67/><U6/><E6/><V8/><F121/><W90/><G33/><T106/><D106/><U66/><E31/><V30/><F30/><W48/><G4/><T127/><D127/><U15/><E15/><V20/><F85/><W76/><G76/><T35/><D37/><U104/><E104/><V87/><F87/><W19/><G2/><T78/><D78/><U92/><E105/><V58/><F47/><W93/><G63/><T91/><D99/><U42/><E66/><V118/><F118/><W27/><G27/><T71/><D71/><U120/><E40/><V23/><REACH who="2" step="1"/><F11/><REACH who="2" ten="289,228,222,251" step="2"/><W57/><G93/><T81/><D83/><U126/><E126/><V88/><F88/><W9/><G9/><T22/><D81/><U21/><E68/><V46/><F46/><W102/><G102/><T65/><D80/><U114/><E69/><V111/><F111/><W116/><G116/><T49/><D82/><U61/><E114/><V39/><F39/><W38/><G38/><T18/><D36/><U89/><E28/><RYUUKYOKU ba="0,1" sc="289,-15,228,-15,222,15,251,15" hai2="8,13,20,23,50,53,54,58,59,62,96,103,107" hai3="16,19,26,29,32,48,55,56,57,60,64,90,94" /><INIT seed="5,1,1,2,2,29" ten="274,213,237,266" oya="1" hai0="10,9,38,114,51,15,54,65,79,43,39,60,88" hai1="0,72,75,24,92,18,128,11,121,98,63,120,117" hai2="125,2,74,123,48,127,44,124,34,1,55,22,119" hai3="91,64,40,95,105,30,131,46,70,5,6,12,35"/><U81/><E117/><V33/><F123/><W52/><G105/><T100/><D114/><U45/><E128/><V102/><F119/><W86/><G131/><T96/><D79/><U36/><E75/><V133/><F133/><W49/><G70/><T113/><D113/><U27/><E63/><V14/><F74/><W8/><G64/><T122/><D122/><U135/><E135/><V93/><F22/><W67/><G67/><T110/><D43/><N who="1" m="22759" /><E120/><V3/><F14/><W13/><G40/><T82/><D9/><U21/><E121/><V7/><F7/><W76/><G76/><T104/><D110/><U37/><E37/><V90/><REACH who="2" step="1"/><F102/><REACH who="2" ten="274,213,227,266" step="2"/><W73/><G73/><T111/><D111/><U99/><E21/><V101/><F101/><W31/><G12/><T134/><D134/><U106/><E18/><V56/><F56/><W77/><G6/><T20/><D20/><U118/><E118/><V109/><F109/><W116/><G116/><T103/><D103/><N who="1" m="62839" /><E11/><V130/><F130/><W16/><G5/><T85/><D10/><U126/><E0/><V84/><AGARI ba="1,2" hai="1,2,3,33,34,44,48,55,84,90,93,124,125,127" machi="84" ten="40,8000,1" yaku="1,1,0,1,18,1,52,2,53,0" doraHai="29" doraHaiUra="19" who="2" fromWho="2" sc="274,-21,213,-41,227,103,266,-21" /><INIT seed="6,0,0,1,0,100" ten="253,172,330,245" oya="2" hai0="104,133,73,115,88,71,98,103,112,96,6,72,106" hai1="30,11,0,55,50,108,23,34,127,84,57,27,16" hai2="89,32,18,83,64,36,68,35,52,134,3,107,19" hai3="54,79,69,130,101,22,60,86,42,4,117,61,56"/><V38/><F3/><W49/><G117/><T41/><D71/><U102/><E108/><V116/><F116/><W28/><G130/><T87/><D6/><U15/><E127/><V25/><F134/><W8/><G101/><N who="0" m="62503" /><D41/><U70/><E102/><V67/><F68/><W66/><G28/><T128/><D128/><U111/><E111/><V124/><F107/><W109/><G22/><T31/><D31/><U29/><E30/><V65/><F124/><W131/><G131/><T129/><D129/><U43/><E70/><V113/><F113/><N who="0" m="43594" /><D133/><U76/><E43/><V5/><F5/><W12/><G109/><T119/><D119/><U82/><REACH who="1" step="1"/><E0/><REACH who="1" ten="253,162,330,245" step="2"/><V92/><F35/><AGARI ba="0,1" hai="11,15,16,23,27,29,34,35,50,55,57,76,82,84" machi="35" ten="40,5200,0" yaku="1,1,2,1,54,1,53,0" doraHai="100" doraHaiUra="114" who="1" fromWho="2" sc="253,0,162,62,330,-52,245,0" /><INIT seed="7,0,0,1,3,29" ten="253,224,278,245" oya="3" hai0="13,98,126,49,100,104,0,11,68,134,129,125,10" hai1="86,55,105,36,96,99,3,57,122,103,32,41,109" hai2="107,37,118,92,60,48,88,24,77,19,47,89,4" hai3="108,66,91,127,44,50,46,132,8,53,14,74,73"/><W71/><G132/><T28/><D68/><U67/><E109/><V85/><F107/><W62/><G127/><T54/><D0/><U121/><E3/><V61/><F37/><W124/><G124/><T42/><D134/><U78/><E67/><V31/><F118/><W25/><G108/><T113/><D42/><U69/><E69/><V63/><F4/><W5/><G44/><T135/><D135/><U117/><E117/><V17/><F77/><W43/><G43/><T93/><D10/><U112/><E96/><V20/><F89/><W111/><G111/><T72/><D72/><U12/><E112/><V2/><F2/><W90/><G90/><T81/><D104/><U7/><E32/><V21/><F21/><W22/><REACH who="3" step="1"/><G91/><REACH who="3" ten="253,224,278,235" step="2"/><T15/><D125/><U65/><E41/><AGARI ba="0,1" hai="17,19,20,24,31,41,47,48,60,61,63,85,88,92" machi="41" ten="40,2600,0" yaku="8,1,54,1" doraHai="29" who="2" fromWho="1" sc="253,0,224,-26,278,36,235,0" owari="253,5.0,198,-30.0,314,41.0,235,-16.0" /></mjloggm>