<mjloggm ver="2.3"><GO type="169" lobby="0"/><UN n0="%6B%79%6F%6E%39%31%30" n1="%E3%82%A6%E3%83%AB%E3%83%88%E3%83%A9%E7%AB%8B%E7%9B%B4" n2="%E8%B5%A4%E8%A3%8F%E3%83%9B%E3%82%B7%E3%83%BC%E3%83%8E" n3="%E6%AC%A1%E5%85%83%E5%B9%B2%E6%B8%89" dan="16,17,16,16" rate="2079.32,2184.04,2163.58,2089.42" sx="M,M,M,M"/><TAIKYOKU oya="0"/><INIT seed="0,0,0,5,0,93" ten="250,250,250,250" oya="0" hai0="37,97,77,112,118,89,95,26,12,59,80,111,122" hai1="66,2,55,43,28,87,50,129,67,48,85,30,44" hai2="124,53,41,106,133,99,14,100,39,16,117,45,102" hai3="29,88,9,47,82,63,56,10,51,121,8,19,70"/><T135/><D122/><U4/><E129/><V108/><F117/><W1/><G70/><T78/><D118/><U104/><E104/><V75/><F108/><W49/><G49/><T107/><D112/><U38/><E38/><V96/><F133/><W81/><G1/><T105/><D37/><U91/><E4/><V101/><F124/><W69/><G69/><T15/><D135/><U128/><E2/><V32/><F32/><W73/><G73/><T46/><D46/><U40/><E128/><V71/><F75/><W132/><G132/><T84/><D111/><U18/><E18/><V116/><F116/><W17/><G29/><T57/><D78/><U24/><E24/><V7/><F71/><W5/><G5/><T94/><D94/><U25/><E25/><V123/><F7/><W3/><G3/><T113/><D113/><U79/><E79/><V62/><F123/><W103/><G103/><T83/><D83/><U34/><E34/><V90/><F90/><W130/><G130/><T58/><REACH who="0" step="1"/><D26/><REACH who="0" ten="240,250,250,250" step="2"/><U21/><E44/><V35/><F106/><AGARI ba="0,1" hai="12,15,57,58,59,77,80,84,89,95,97,105,106,107" machi="106" ten="40,7700,0" yaku="1,1,2,1,52,1,53,0" doraHai="93" doraHaiUra="27" who="0" fromWho="2" sc="240,87,250,0,250,-77,250,0" /><INIT seed="0,1,0,3,5,45" ten="327,250,173,250" oya="0" hai0="87,65,57,125,58,123,7,115,38,39,30,92,48" hai1="24,129,32,121,112,71,16,127,29,122,23,111,4" hai2="69,63,15,83,97,12,78,67,120,98,20,75,21" hai3="85,126,13,82,53,130,68,2,8,42,62,54,99"/><T128/><D123/><U89/><E71/><V59/><F120/><W37/><G2/><T22/><D115/><U26/><E112/><V124/><F124/><W14/><G126/><T25/><D125/><U135/><E127/><V93/><F69/><W31/><G14/><T9/><D128/><U132/><E89/><V73/><F73/><W81/><G81/><T19/><D65/><U28/><E129/><V118/><F118/><W105/><G37/><T17/><D58/><U56/><E56/><V133/><F133/><N who="1" m="51273" /><E111/><V46/><F98/><W106/><G42/><T40/><D39/><U51/><E51/><V107/><F107/><W47/><G130/><T117/><D117/><U100/><E100/><V119/><F119/><W44/><G106/><T88/><D38/><U61/><E61/><V102/><F21/><W49/><G105/><T116/><D116/><U60/><E60/><V91/><F91/><W109/><G109/><T18/><D40/><U113/><E113/><V80/><F80/><W101/><G101/><T35/><D35/><N who="1" m="20871" /><E4/><V50/><REACH who="2" step="1"/><F20/><REACH who="2" ten="327,250,163,250" step="2"/><W96/><G68/><T6/><REACH who="0" step="1"/><D9/><REACH who="0" ten="317,250,163,250" step="2"/><U64/><E64/><V84/><F84/><W72/><G85/><T104/><D104/><U36/><E36/><V41/><AGARI ba="1,2" hai="12,15,41,46,50,59,63,67,75,78,83,93,97,102" machi="41" ten="20,8000,1" yaku="1,1,0,1,7,1,52,1,53,1" doraHai="45" doraHaiUra="55" who="2" fromWho="2" sc="317,-41,250,-21,163,103,250,-21" /><INIT seed="1,0,0,5,5,59" ten="276,229,266,229" oya="1" hai0="118,36,99,113,73,87,65,124,50,1,44,102,18" hai1="10,69,43,62,8,20,54,127,46,111,96,53,12" hai2="52,24,38,125,88,116,126,76,91,48,64,103,4" hai3="117,14,131,31,66,77,19,34,30,85,49,121,95"/><U3/><E127/><N who="2" m="48651" /><F76/><W25/><G121/><T129/><D73/><U28/><E111/><V132/><F38/><W5/><G131/><T60/><D118/><U100/><E3/><V71/><F116/><W84/><G117/><T133/><D113/><U130/><E130/><V29/><F103/><W120/><G30/><T2/><D124/><U104/><E28/><V9/><F132/><W23/><G77/><T67/><D36/><U42/><E20/><N who="2" m="15495" /><F64/><W92/><G120/><T27/><D67/><U55/><E10/><V56/><F71/><W21/><G66/><T78/><D133/><U109/><E109/><V107/><F107/><W45/><G5/><T33/><D129/><U97/><E69/><V16/><F16/><N who="3" m="12455" /><G34/><T119/><D119/><U51/><E100/><V82/><F82/><W37/><G37/><T0/><D33/><U93/><E104/><V26/><F26/><W11/><G11/><T15/><D27/><U90/><E97/><V83/><F83/><W114/><G31/><T47/><D78/><U35/><E35/><V32/><F32/><W86/><G114/><T70/><D87/><U39/><E39/><V13/><AGARI ba="0,0" hai="4,9,13,48,52,56,88,91" m="15495,48651" machi="13" ten="30,4000,0" yaku="18,1,54,2" doraHai="59" who="2" fromWho="2" sc="276,-10,229,-20,266,40,229,-10" /><INIT seed="2,0,0,3,1,29" ten="266,209,306,219" oya="2" hai0="39,125,117,75,123,90,66,72,97,124,86,45,18" hai1="96,31,119,126,6,85,83,79,59,65,9,128,62" hai2="77,56,51,116,1,19,111,69,100,64,8,34,38" hai3="7,22,30,84,67,131,57,122,89,132,81,54,129"/><V134/><F116/><W103/><G122/><T44/><D66/><U87/><E119/><V49/><F38/><W73/><G132/><T70/><D70/><U10/><E126/><V27/><F77/><W28/><G67/><T71/><D71/><U76/><E128/><N who="3" m="49226" /><G73/><T40/><D117/><U16/><E31/><V74/><F100/><W106/><G7/><T94/><D123/><U118/><E118/><V101/><F101/><W32/><G22/><T105/><D45/><U12/><E96/><V23/><F23/><W120/><G120/><T108/><D18/><U80/><E6/><V104/><F19/><W112/><G112/><T36/><D36/><U55/><E65/><V4/><F4/><W68/><G68/><T21/><D21/><AGARI ba="0,0" hai="9,10,12,16,21,55,59,62,76,79,80,83,85,87" machi="21" ten="30,7700,0" yaku="7,1,9,1,8,1,54,1" doraHai="29" who="1" fromWho="0" sc="266,-77,209,77,306,0,219,0" /><INIT seed="3,0,0,3,0,32" ten="189,286,306,219" oya="3" hai0="77,63,126,5,8,49,50,9,93,129,68,96,83" hai1="94,107,61,12,1,3,122,54,101,118,110,133,89" hai2="124,23,76,92,100,42,98,73,14,114,29,78,33" hai3="17,123,90,56,113,18,15,34,35,116,112,127,40"/><W109/><G123/><T39/><D39/><U38/><E38/><V70/><F70/><W45/><G116/><T24/><D126/><U6/><E122/><V58/><F33/><W79/><G127/><T84/><D129/><U31/><E107/><V26/><F124/><W43/><G79/><T80/><D80/><U19/><E101/><V105/><F114/><W88/><G56/><T52/><D24/><U30/><E118/><V41/><F105/><W22/><G15/><T72/><D72/><U0/><E6/><V21/><F58/><W104/><G104/><T108/><D108/><U53/><E110/><V87/><F73/><W131/><G109/><T119/><D119/><U64/><E133/><V51/><F87/><W111/><G111/><T95/><D50/><U103/><E103/><V59/><F59/><W2/><G22/><T106/><D106/><U82/><E82/><V74/><F74/><W86/><G86/><T125/><D125/><U10/><E31/><V91/><F100/><W132/><G45/><T130/><D130/><U71/><REACH who="1" step="1"/><E30/><REACH who="1" ten="189,276,306,219" step="2"/><V85/><F29/><W46/><G131/><T48/><D95/><U37/><E37/><V75/><F92/><W120/><G120/><T60/><D5/><U67/><E67/><V62/><F75/><W27/><G132/><T7/><D7/><U81/><E81/><V117/><F117/><W97/><G113/><T66/><D93/><U55/><E55/><V25/><F41/><W16/><G112/><T115/><D115/><U4/><E4/><V20/><F42/><W121/><G121/><T69/><D66/><RYUUKYOKU ba="0,1" sc="189,-10,276,30,306,-10,219,-10" hai1="0,1,3,10,12,19,53,54,61,64,71,89,94" /><INIT seed="4,1,1,2,2,55" ten="179,306,296,209" oya="0" hai0="68,26,125,31,17,75,6,94,5,130,56,20,15" hai1="44,98,34,96,76,12,87,49,111,14,117,105,84" hai2="52,62,45,74,47,3,114,42,27,131,80,22,91" hai3="89,54,72,69,127,77,90,79,71,107,61,85,128"/><T97/><D68/><U51/><E34/><V38/><F3/><W8/><G127/><T86/><D75/><U1/><E1/><V10/><F10/><W21/><G107/><T101/><D125/><U40/><E111/><V35/><F35/><W95/><G71/><T124/><D124/><U132/><E132/><V30/><F114/><W100/><G100/><T2/><D130/><U58/><E105/><V11/><F11/><W82/><G128/><T18/><D2/><U113/><E113/><V104/><F104/><W53/><G8/><T0/><D0/><U88/><E117/><V65/><F131/><W106/><G106/><T39/><D39/><U99/><E76/><V81/><F91/><W66/><G79/><T57/><D86/><U116/><E116/><V64/><F64/><W135/><G135/><T4/><REACH who="0" step="1"/><D18/><REACH who="0" ten="169,306,296,209" step="2"/><U16/><E87/><V25/><F74/><W126/><G126/><T24/><D24/><U50/><E14/><V92/><F27/><W19/><G72/><T123/><D123/><U108/><E84/><V118/><F25/><W109/><G109/><T37/><D37/><U67/><E108/><V48/><F38/><W134/><G134/><T32/><AGARI ba="1,2" hai="4,5,6,15,17,20,26,31,32,56,57,94,97,101" machi="32" ten="30,11700,0" yaku="1,1,0,1,52,2,53,0" doraHai="55" doraHaiUra="120" who="0" fromWho="0" sc="169,140,306,-40,296,-40,209,-40" /><INIT seed="4,2,0,3,0,26" ten="309,266,256,169" oya="0" hai0="46,37,4,41,48,55,114,96,39,122,93,33,47" hai1="13,82,86,38,9,71,127,121,135,112,66,32,100" hai2="73,35,101,45,31,10,5,42,29,130,125,28,7" hai3="108,57,0,105,115,62,113,76,25,17,117,50,110"/><T84/><D122/><U97/><E38/><V65/><F73/><W133/><G105/><T131/><D114/><N who="3" m="43529" /><G76/><T118/><D118/><U24/><E121/><V49/><F130/><W94/><G117/><T11/><D131/><U116/><E116/><V3/><F125/><W30/><G133/><T99/><D33/><U95/><E135/><V54/><F101/><W34/><G0/><T89/><REACH who="0" step="1"/><D39/><REACH who="0" ten="299,266,256,169" step="2"/><U18/><E127/><V21/><F35/><W98/><G110/><T111/><D111/><U80/><E112/><V27/><F7/><W36/><G36/><T88/><D88/><U2/><E32/><V15/><F3/><AGARI ba="2,1" hai="3,4,11,37,41,46,47,48,55,84,89,93,96,99" machi="3" ten="30,2900,0" yaku="1,1,7,1,53,0" doraHai="26" doraHaiUra="16" who="0" fromWho="2" sc="299,45,266,0,256,-35,169,0" /><INIT seed="4,3,0,3,5,70" ten="344,266,221,169" oya="0" hai0="67,66,119,107,109,126,61,9,132,14,63,108,5" hai1="20,19,83,51,122,110,52,78,57,22,133,64,120" hai2="27,11,92,113,97,24,75,48,85,116,73,130,84" hai3="96,46,10,6,74,95,131,38,100,33,81,98,29"/><T123/><D107/><U88/><E110/><N who="0" m="42601" /><D123/><U15/><E133/><V112/><F11/><W26/><G131/><T124/><D119/><U55/><E64/><N who="0" m="24617" /><D132/><U127/><E127/><AGARI ba="3,0" hai="5,9,14,61,63,124,126,127" m="24617,42601" machi="127" ten="30,2900,0" yaku="18,1,10,1" doraHai="70" who="0" fromWho="1" sc="344,38,266,-38,221,0,169,0" /><INIT seed="4,4,0,2,5,127" ten="382,228,221,169" oya="0" hai0="16,96,86,125,100,60,108,121,21,43,14,1,119" hai1="10,102,19,36,128,3,133,77,59,62,22,120,12" hai2="52,6,124,37,116,111,74,13,81,49,85,131,112" hai3="118,107,98,129,53,67,40,91,56,122,66,20,113"/><T88/><D119/><U82/><E36/><V89/><F37/><W4/><G118/><T33/><D121/><U130/><E120/><V75/><F116/><W18/><G113/><T95/><D125/><U5/><E102/><V97/><F112/><W46/><G4/><T15/><D1/><U132/><E132/><V28/><F111/><W42/><G122/><T11/><D108/><U45/><E45/><V64/><F124/><W32/><G32/><T110/><D110/><U126/><E126/><V135/><F135/><W87/><G42/><T17/><D60/><U55/><REACH who="1" step="1"/><E133/><REACH who="1" ten="382,218,221,169" step="2"/><V80/><F74/><AGARI ba="4,1" hai="3,5,10,12,19,22,55,59,62,74,77,82,128,130" machi="74" ten="40,8000,1" yaku="1,1,2,1,52,2,53,1" doraHai="127" doraHaiUra="50" who="1" fromWho="2" sc="382,0,218,102,221,-92,169,0" /><INIT seed="5,0,0,2,2,41" ten="382,320,129,169" oya="1" hai0="115,97,63,57,86,117,102,130,43,59,62,105,80" hai1="32,70,77,100,75,106,16,132,19,31,35,42,48" hai2="72,67,124,44,113,120,103,122,128,7,96,79,54" hai3="1,17,49,29,131,78,119,125,99,84,71,12,52"/><U56/><E70/><V101/><F7/><W60/><G1/><T51/><D117/><U66/><E132/><V104/><F67/><W89/><G119/><T73/><D73/><U68/><E77/><V116/><F54/><W58/><G125/><T4/><D130/><U69/><E75/><V129/><F44/><N who="3" m="27687" /><G131/><N who="2" m="50249" /><F116/><W27/><G71/><T38/><D38/><U39/><E68/><V94/><F124/><W111/><G111/><T45/><D4/><U21/><E35/><V81/><F113/><W90/><G99/><AGARI ba="0,0" hai="72,79,81,94,96,99,101,103,104,120,122" m="50249" machi="99" ten="30,3900,0" yaku="19,1,34,2" doraHai="41" who="2" fromWho="3" sc="382,0,320,0,129,39,169,-39" /><INIT seed="6,0,0,0,3,61" ten="382,320,168,130" oya="2" hai0="32,24,89,14,1,51,59,113,6,93,106,49,36" hai1="88,115,18,42,92,66,54,9,131,80,39,23,46" hai2="76,68,37,63,34,78,8,35,81,30,74,130,40" hai3="72,135,96,116,83,112,91,134,109,129,45,44,58"/><V15/><F78/><W70/><G70/><T117/><D106/><U57/><E115/><V126/><F130/><W75/><G58/><T118/><D36/><U90/><E9/><V120/><F120/><W98/><G45/><T119/><D1/><U13/><E131/><V4/><F126/><W77/><G44/><T11/><D113/><U12/><E80/><V22/><F37/><W121/><G129/><T53/><D51/><U26/><E66/><V110/><F40/><W103/><G112/><T133/><D133/><N who="3" m="50697" /><G121/><T41/><D41/><U71/><E71/><V73/><F73/><N who="3" m="43439" /><G109/><T3/><D3/><U86/><REACH who="1" step="1"/><E90/><REACH who="1" ten="382,310,168,130" step="2"/><V2/><F110/><W21/><G116/><T105/><D89/><U107/><E107/><V47/><F68/><W19/><G91/><T38/><D105/><U101/><E101/><V29/><F8/><W111/><G111/><T67/><D11/><U79/><E79/><V28/><F76/><W69/><G69/><T100/><D100/><U102/><E102/><V132/><F132/><W52/><G103/><T65/><D118/><U17/><E17/><V48/><F81/><W62/><G75/><T85/><D119/><U97/><E97/><V64/><F74/><W124/><G72/><T20/><D117/><U0/><E0/><V31/><F2/><W33/><G98/><T60/><D93/><U123/><E123/><V99/><F99/><W104/><G96/><T5/><D85/><U128/><E128/><V82/><F82/><W7/><G104/><T94/><D94/><U10/><E10/><V87/><N who="2" m="7168" /><DORA hai="114" /><V50/><F64/><RYUUKYOKU ba="0,1" sc="382,-10,310,30,168,-10,130,-10" hai1="12,13,18,23,26,39,42,46,54,57,86,88,92" /><INIT seed="7,1,1,2,4,65" ten="372,340,158,120" oya="3" hai0="7,63,54,42,76,38,67,34,88,0,111,22,2" hai1="18,83,44,131,5,70,86,28,80,9,82,64,32" hai2="92,40,99,96,120,45,20,110,51,72,101,10,33" hai3="41,108,19,102,90,135,60,119,53,127,118,87,123"/><W50/><G123/><T39/><D34/><U24/><E131/><V14/><F120/><W15/><G127/><T8/><D111/><U115/><E115/><V49/><F110/><W85/><G108/><T104/><D104/><U94/><E44/><V62/><F72/><W43/><G135/><T55/><D76/><U16/><E64/><V98/><F33/><W106/><G85/><T48/><D0/><U29/><E70/><V130/><F130/><W46/><G60/><T61/><D42/><U125/><E125/><V105/><F62/><W97/><G119/><T36/><D61/><U47/><E47/><V116/><F116/><W59/><G118/><T132/><D132/><U91/><REACH who="1" step="1"/><E29/><REACH who="1" ten="372,330,158,120" step="2"/><V100/><F45/><W27/><G27/><T25/><D88/><U30/><E30/><V78/><F101/><W122/><G122/><T21/><D48/><U37/><E37/><V1/><F100/><W124/><G124/><T12/><D2/><AGARI ba="1,2" hai="2,5,9,16,18,24,28,32,80,82,83,86,91,94" machi="2" ten="40,2600,0" yaku="1,1,54,1,53,0" doraHai="65" doraHaiUra="126" who="1" fromWho="0" sc="372,-29,330,49,158,0,120,0" owari="343,14.0,379,48.0,158,-24.0,120,-38.0" /></mjloggm>