<mjloggm ver="2.3"><GO type="41" lobby="0"/><UN n0="%E5%B0%B1%E6%B4%BB%E7%94%9F%40%E5%B7%9D%E6%9D%91%E8%BB%8D%E5%9B%A3" n1="%E3%81%AB%E3%82%83%E3%82%81%E3%81%97" n2="%E9%89%84%E5%B7%A8%E4%BA%BA" n3="%E3%81%BE%E3%82%8B" dan="15,13,14,13" rate="2062.28,1963.61,1897.21,1849.45" sx="M,M,M,M"/><TAIKYOKU oya="0"/><INIT seed="0,0,0,0,0,22" ten="250,250,250,250" oya="0" hai0="30,95,127,1,57,2,49,113,75,133,54,86,82" hai1="42,43,8,91,16,102,7,28,41,37,31,72,29" hai2="104,15,122,20,126,131,46,88,63,36,132,112,116" hai3="119,60,89,118,90,69,98,19,34,70,21,129,111"/><T100/><D113/><U101/><E37/><V0/><RYUUKYOKU type="yao9" ba="0,0" sc="250,0,250,0,250,0,250,0" hai2="0,15,20,36,46,63,88,104,112,116,122,126,131,132" /><INIT seed="0,1,0,3,4,103" ten="250,250,250,250" oya="0" hai0="132,37,40,104,112,111,47,107,134,121,117,126,26" hai1="52,57,29,69,41,131,54,130,51,55,72,96,17" hai2="75,125,45,100,4,53,135,44,73,81,114,89,35" hai3="108,13,91,128,127,2,36,88,50,98,113,97,119"/><T78/><D117/><U5/><E72/><V92/><F114/><W34/><G119/><T30/><D121/><U19/><E5/><V124/><F35/><W109/><G113/><T11/><D112/><U6/><E6/><V76/><F75/><W106/><G36/><T122/><D122/><U22/><E69/><V66/><F4/><W61/><G2/><T42/><D42/><U9/><E96/><V58/><F66/><W15/><G34/><T16/><D126/><N who="2" m="48746" /><F100/><N who="3" m="62743" /><G127/><T56/><D78/><U32/><E32/><V64/><F64/><W87/><G61/><T82/><D82/><U120/><E120/><V10/><F10/><W49/><G128/><N who="1" m="49194" /><E9/><V105/><F105/><W99/><G99/><T8/><D111/><N who="3" m="42569" /><G97/><T43/><D43/><U85/><E85/><N who="2" m="52271" /><F135/><N who="0" m="51754" /><D56/><U86/><E86/><V28/><F28/><W14/><G91/><T83/><D83/><AGARI ba="1,0" hai="13,14,15,49,50,83,87,88" m="42569,62743" machi="83" ten="30,3900,0" yaku="14,1,52,1,54,1" doraHai="103" who="3" fromWho="0" sc="250,-42,250,0,250,0,250,42" /><INIT seed="1,0,0,4,3,96" ten="208,250,250,292" oya="1" hai0="105,64,45,95,2,89,32,70,11,68,88,69,18" hai1="49,109,106,19,60,130,99,135,26,126,1,8,98" hai2="31,102,42,61,90,53,39,119,22,30,16,59,50" hai3="51,111,72,128,38,63,76,7,101,91,134,104,57"/><U34/><E99/><V118/><F39/><W127/><G38/><T81/><D105/><U80/><E126/><V33/><F33/><W67/><G127/><T75/><D32/><U10/><E135/><V21/><F21/><W83/><G134/><T23/><D64/><U123/><E123/><V92/><F118/><W14/><G128/><T116/><D116/><U93/><E130/><V97/><F119/><W58/><G111/><T112/><D112/><U73/><E109/><V27/><F102/><W110/><G110/><T115/><D115/><U29/><E19/><V108/><F108/><W82/><G82/><T77/><D45/><AGARI ba="0,0" hai="16,22,27,30,31,42,45,50,53,59,61,90,92,97" machi="45" ten="40,8000,1" yaku="25,2,8,1,54,1" doraHai="96" who="2" fromWho="0" sc="208,-80,250,0,250,80,292,0" /><INIT seed="2,0,0,2,2,71" ten="128,250,330,292" oya="2" hai0="75,105,104,127,48,84,42,119,29,64,28,85,70" hai1="36,134,113,4,93,131,73,90,81,116,15,89,56" hai2="12,132,114,74,128,35,34,16,103,6,1,102,112" hai3="77,13,86,108,10,11,130,118,18,98,47,37,50"/><V94/><F74/><W107/><G118/><T44/><D75/><U40/><E116/><V60/><F132/><W55/><G130/><T54/><D119/><U115/><E134/><V8/><F128/><W45/><G108/><T5/><D127/><U46/><E131/><V106/><F106/><W65/><G65/><T123/><D123/><U61/><E90/><V80/><F80/><N who="3" m="47375" /><G37/><T0/><D70/><U9/><E81/><V66/><F34/><W38/><G38/><T111/><D111/><U30/><E30/><V19/><F35/><W49/><G107/><T83/><D64/><U100/><E100/><V43/><F43/><N who="3" m="24767" /><G98/><T69/><D69/><U22/><E73/><V97/><F103/><W92/><G92/><T52/><D104/><U109/><E109/><V3/><F3/><W24/><G24/><T20/><D105/><U91/><E91/><V72/><F72/><W135/><G135/><T58/><D20/><AGARI ba="0,0" hai="10,11,13,18,20,47,50,55" m="24767,47375" machi="20" ten="30,1000,0" yaku="8,1" doraHai="71" who="3" fromWho="0" sc="128,-10,250,0,330,0,292,10" /><INIT seed="3,0,0,2,5,127" ten="118,250,330,302" oya="3" hai0="105,69,36,85,20,98,71,34,135,10,23,45,90" hai1="115,32,64,50,87,111,44,128,81,29,49,17,126" hai2="47,7,0,101,104,93,84,46,63,37,113,3,57" hai3="133,31,132,27,125,77,122,112,51,40,53,15,79"/><W117/><G125/><T39/><D34/><U83/><E126/><V99/><F113/><W18/><G112/><T30/><D135/><U61/><E115/><V48/><F37/><W25/><G117/><T60/><D105/><U95/><E111/><V80/><F104/><W9/><G40/><T19/><D98/><U62/><E17/><V11/><F3/><W114/><G114/><T96/><D96/><U4/><E4/><V56/><F63/><W52/><G122/><T70/><D30/><U131/><E29/><V91/><REACH who="2" step="1"/><F46/><REACH who="2" ten="118,250,320,302" step="2"/><W8/><G132/><T97/><D60/><U65/><E62/><V41/><AGARI ba="0,1" hai="0,7,11,41,47,48,56,57,80,84,91,93,99,101" machi="41" ten="20,5200,0" yaku="1,1,2,1,0,1,7,1,53,0" doraHai="127" doraHaiUra="58" who="2" fromWho="2" sc="118,-13,250,-13,320,62,302,-26" /><INIT seed="4,0,0,1,2,78" ten="105,237,382,276" oya="0" hai0="67,47,33,114,65,25,101,79,18,26,97,84,34" hai1="20,27,0,71,10,48,24,68,8,13,9,91,69" hai2="74,112,120,70,62,117,122,37,87,30,2,61,39" hai3="115,75,64,46,5,80,22,17,96,21,29,66,94"/><T56/><D114/><U111/><E0/><V38/><F74/><W23/><G115/><T53/><D34/><U51/><E111/><V106/><F2/><W133/><G133/><T73/><D73/><U45/><E91/><V42/><F106/><W116/><G116/><T36/><D36/><U81/><E81/><V129/><F30/><W60/><G5/><T93/><D33/><U85/><E85/><V77/><F112/><W16/><G46/><T6/><D6/><U118/><E118/><V1/><F1/><W104/><G104/><T99/><D47/><U55/><REACH who="1" step="1"/><E51/><REACH who="1" ten="105,227,382,276" step="2"/><V57/><F117/><W127/><G80/><N who="0" m="47135" /><D97/><U88/><E88/><V86/><F86/><W58/><G75/><T72/><D72/><U19/><AGARI ba="0,1" hai="8,9,10,13,19,20,24,27,45,48,55,68,69,71" machi="19" ten="40,5200,0" yaku="1,1,0,1,53,1" doraHai="78" doraHaiUra="49" who="1" fromWho="1" sc="105,-26,227,62,382,-13,276,-13" /><INIT seed="5,0,0,5,2,134" ten="79,289,369,263" oya="1" hai0="111,30,63,108,130,13,110,67,101,1,46,64,62" hai1="121,3,98,104,132,6,103,50,51,129,116,131,55" hai2="72,2,32,100,20,44,124,95,23,83,127,38,68" hai3="92,87,5,31,82,57,122,29,45,66,119,26,109"/><U53/><E132/><V123/><F32/><W76/><G122/><T34/><D1/><U24/><E116/><V78/><F123/><W58/><G119/><T49/><D130/><N who="1" m="49675" /><E121/><V35/><F35/><W89/><G109/><T14/><D101/><U18/><E3/><V43/><F68/><W56/><G45/><T27/><D63/><U33/><E6/><V65/><F65/><W61/><G5/><T120/><D120/><U99/><E99/><N who="2" m="59519" /><F2/><W77/><G77/><T11/><D62/><U19/><E18/><V80/><F83/><W81/><G81/><T112/><D112/><U91/><E91/><V47/><F47/><W97/><REACH who="3" step="1"/><G31/><REACH who="3" ten="79,289,369,253" step="2"/><T118/><D118/><U115/><E115/><V40/><F43/><W93/><G93/><T102/><D102/><U15/><E19/><V70/><F70/><W17/><G17/><T28/><D28/><N who="1" m="19591" /><E15/><V85/><F72/><W42/><G42/><T75/><D75/><U0/><E0/><V36/><F38/><W25/><G25/><T105/><D105/><U84/><E84/><V128/><F128/><W8/><G8/><T12/><REACH who="0" step="1"/><D11/><REACH who="0" ten="69,289,369,253" step="2"/><U114/><E114/><V48/><F36/><W7/><G7/><T4/><D4/><U79/><E79/><V107/><F107/><W106/><G106/><T41/><AGARI ba="0,2" hai="12,13,14,27,30,34,41,46,49,64,67,108,110,111" machi="41" ten="40,2700,0" yaku="1,1,0,1,53,0" doraHai="134" doraHaiUra="59" who="0" fromWho="0" sc="69,47,289,-13,369,-7,253,-7" /><INIT seed="6,0,0,3,1,119" ten="116,276,362,246" oya="2" hai0="76,44,40,121,2,113,85,87,50,124,73,16,109" hai1="126,95,93,107,20,111,69,77,90,32,48,103,26" hai2="7,86,70,57,115,49,62,17,120,25,63,79,130" hai3="47,53,42,65,11,5,108,98,84,43,22,30,15"/><V45/><F115/><W21/><G108/><T89/><D109/><U41/><E111/><V97/><F130/><W129/><G129/><T24/><D2/><U34/><E126/><V123/><F7/><W128/><G128/><T36/><D113/><U31/><E77/><V54/><F97/><W18/><G65/><T100/><D124/><U110/><E69/><V80/><F70/><W60/><G98/><T4/><D4/><U39/><E39/><V122/><F25/><N who="3" m="16695" /><G84/><T6/><D6/><U29/><E110/><V131/><F131/><W83/><G83/><T12/><D73/><U135/><E135/><V52/><REACH who="2" step="1"/><F17/><REACH who="2" ten="116,276,352,246" step="2"/><W88/><G5/><T46/><D100/><U106/><E106/><V37/><F37/><W78/><G18/><T1/><D1/><U33/><E107/><V27/><F27/><W66/><G66/><T75/><D121/><U55/><E103/><V64/><F64/><W91/><G60/><AGARI ba="0,1" hai="45,49,52,54,57,60,62,63,79,80,86,120,122,123" machi="60" ten="40,12000,1" yaku="1,1,52,3,54,1,53,0" doraHai="119" doraHaiUra="96" who="2" fromWho="3" sc="116,0,276,0,352,130,246,-120" /><INIT seed="6,1,0,1,5,79" ten="116,276,482,126" oya="2" hai0="112,132,101,48,115,58,90,34,116,83,5,56,127" hai1="124,2,88,14,13,23,84,120,125,41,43,39,70" hai2="131,130,117,113,77,103,110,93,7,36,111,66,11" hai3="114,38,78,102,53,47,30,24,1,50,49,21,121"/><V9/><F117/><W37/><G121/><T27/><D132/><U59/><E70/><V60/><F36/><W62/><G1/><T65/><D127/><N who="1" m="48715" /><E2/><V4/><F77/><W76/><G102/><T72/><D116/><U126/><E120/><V81/><F81/><W68/><G114/><N who="0" m="43563" /><D5/><U28/><E59/><N who="2" m="37151" /><F113/><W44/><G38/><T67/><D101/><U97/><E97/><N who="2" m="59823" /><F7/><W96/><G37/><T0/><D0/><U64/><E64/><N who="0" m="24649" /><D48/><U99/><E99/><V128/><F9/><W123/><G96/><T29/><D72/><U135/><E135/><V61/><F61/><W108/><G123/><T87/><AGARI ba="1,0" hai="27,29,34,56,58,83,87,90" m="24649,43563" machi="87" ten="30,2000,0" yaku="15,1,52,1" doraHai="79" who="0" fromWho="0" sc="116,23,276,-6,482,-11,126,-6" /><INIT seed="7,0,0,4,4,107" ten="139,270,471,120" oya="3" hai0="76,33,40,92,67,24,5,102,8,30,44,104,114" hai1="77,29,90,15,57,0,36,80,34,9,59,109,1" hai2="53,82,97,134,84,105,111,132,130,14,28,60,74" hai3="106,133,131,63,98,23,103,71,117,128,99,56,116"/><W78/><G71/><T120/><D120/><U54/><E109/><V37/><F74/><W93/><G133/><T125/><D125/><U100/><E100/><V39/><F111/><W115/><G115/><T22/><D114/><U96/><E36/><V43/><F28/><W73/><G116/><T126/><D126/><U72/><E57/><N who="2" m="34863" /><F43/><W81/><G23/><T121/><D121/><U129/><E15/><V55/><F55/><W94/><G117/><T26/><D67/><U122/><E90/><V41/><F41/><W61/><G106/><T91/><D76/><U21/><E96/><V2/><F2/><W86/><G86/><T27/><D102/><U11/><E80/><V75/><F75/><W65/><REACH who="3" step="1"/><G63/><REACH who="3" ten="139,270,471,110" step="2"/><T113/><D104/><U12/><E21/><V89/><F105/><W70/><G70/><T83/><D113/><U17/><E122/><V4/><F84/><W19/><G19/><T16/><D33/><U110/><E34/><V95/><F95/><W25/><BYE who="2" /><G25/><T85/><D30/><U31/><E110/><V68/><F68/><W6/><G6/><T47/><D92/><U101/><E29/><V46/><F46/><N who="0" m="17450" /><D40/><U123/><E31/><V49/><F49/><W62/><G62/><T58/><D58/><U45/><E123/><V18/><F18/><W66/><G66/><T7/><D7/><U51/><E45/><V48/><F48/><W135/><G135/><T119/><D119/><U112/><E51/><V118/><F118/><W35/><G35/><T87/><D87/><UN n2="%E9%89%84%E5%B7%A8%E4%BA%BA" /><U108/><E17/><V127/><F134/><W42/><G42/><RYUUKYOKU ba="0,1" sc="139,15,270,-15,471,-15,110,15" hai0="5,8,16,22,24,26,27,83,85,91" hai3="56,61,65,73,78,81,93,94,98,99,103,128,131" /><INIT seed="7,1,1,1,3,106" ten="154,255,456,125" oya="3" hai0="44,68,121,126,107,43,15,102,91,7,99,46,72" hai1="124,8,74,57,111,123,134,64,90,49,81,65,13" hai2="86,88,75,77,33,47,21,12,69,51,100,116,109" hai3="115,55,45,32,22,125,114,27,54,84,112,60,24"/><W110/><G110/><T35/><D121/><U128/><E124/><V122/><F33/><W82/><G125/><T17/><D126/><U41/><E128/><V39/><F39/><W62/><G32/><T29/><D72/><U5/><E123/><V78/><F69/><W117/><G117/><T97/><D7/><U96/><E134/><V40/><F122/><W89/><G27/><T63/><D91/><U23/><E111/><V61/><F116/><W25/><G25/><N who="0" m="18863" /><D43/><U30/><E74/><V104/><F75/><W38/><G38/><T98/><D97/><U130/><E130/><V28/><F61/><N who="3" m="23659" /><G45/><T1/><D99/><U0/><E0/><V83/><F100/><W48/><G48/><T26/><D26/><N who="1" m="16735" /><E96/><V94/><F104/><W37/><G37/><T119/><D119/><U14/><E14/><V4/><F109/><W135/><G135/><T103/><D103/><U127/><E127/><V59/><F59/><W73/><G73/><T52/><D1/><U101/><E101/><V9/><F83/><W131/><G131/><T18/><D44/><N who="1" m="25743" /><E57/><V95/><F95/><W92/><G92/><T105/><D105/><U66/><E66/><V3/><F3/><W132/><G132/><T120/><D120/><U42/><E42/><V19/><F28/><AGARI ba="1,1" hai="22,24,28,54,55,82,84,89,112,114,115" m="23659" machi="28" ten="30,1500,0" yaku="15,1" doraHai="106" who="3" fromWho="2" sc="154,0,255,0,456,-18,125,28" /><INIT seed="7,2,0,3,5,81" ten="154,255,438,153" oya="3" hai0="116,0,76,75,93,120,101,111,60,19,107,98,74" hai1="113,25,99,94,7,129,108,96,3,13,82,87,23" hai2="16,119,4,43,41,65,2,86,20,123,53,11,29" hai3="45,128,92,48,102,103,57,54,42,89,125,40,9"/><W58/><G125/><T35/><D35/><U127/><E108/><V110/><F119/><W130/><G9/><T73/><D0/><U21/><E127/><V15/><F110/><W80/><G80/><N who="0" m="45071" /><D111/><U34/><E3/><V64/><F123/><W83/><G83/><T33/><D33/><U24/><E34/><V84/><F29/><W17/><G17/><T44/><D44/><U69/><E69/><V135/><F135/><W47/><G128/><T134/><D60/><U27/><E129/><V124/><F124/><W14/><G14/><T115/><D19/><U78/><E113/><V77/><F53/><W39/><G130/><T95/><D120/><U61/><E61/><V6/><F6/><W50/><BYE who="2" /><REACH who="3" step="1"/><G58/><REACH who="3" ten="154,255,438,143" step="2"/><UN n2="%E9%89%84%E5%B7%A8%E4%BA%BA" /><T122/><D122/><U85/><E7/><V70/><F70/><W91/><G91/><T18/><D18/><N who="1" m="10447" /><E23/><V56/><F11/><W117/><G117/><T118/><D134/><U109/><E109/><V68/><F56/><W100/><G100/><T46/><D115/><U8/><E8/><V59/><F68/><W32/><G32/><T28/><D28/><U121/><E121/><V1/><F4/><W5/><G5/><T49/><D116/><U31/><E31/><V10/><F10/><W63/><G63/><T105/><D118/><U126/><E126/><V71/><F71/><W72/><G72/><T131/><D131/><U55/><E27/><V62/><F62/><W104/><G104/><N who="0" m="40011" /><D95/><U112/><E25/><V67/><F59/><W12/><G12/><T106/><N who="0" m="40019" /><T90/><DORA hai="114" /><D90/><N who="1" m="53583" /><E24/><N who="2" m="14343" /><F1/><W66/><G66/><T51/><D75/><RYUUKYOKU ba="2,1" sc="154,-10,255,-10,438,-10,143,30" hai3="39,40,42,45,47,48,50,54,57,89,92,102,103" /><INIT seed="7,3,1,5,1,30" ten="144,245,428,173" oya="3" hai0="22,133,104,46,106,35,13,64,7,69,34,125,28" hai1="5,9,41,122,63,75,38,53,54,79,129,15,98" hai2="39,67,32,66,124,112,48,55,70,44,71,120,40" hai3="89,4,127,83,74,87,91,37,62,92,100,131,72"/><W130/><G37/><T99/><D125/><U52/><E129/><N who="3" m="49162" /><G4/><T65/><D133/><U132/><E132/><V94/><F32/><W123/><G62/><T18/><D7/><U8/><E122/><V96/><F120/><W121/><G127/><T102/><D106/><U51/><E98/><V21/><F124/><W119/><G100/><T12/><D12/><U23/><E23/><V73/><F112/><W82/><G119/><T47/><D64/><U85/><E38/><V60/><F73/><N who="3" m="28267" /><G83/><T33/><REACH who="0" step="1"/><D28/><REACH who="0" ten="134,245,428,173" step="2"/><U114/><E114/><V6/><F6/><W3/><G3/><T0/><D0/><U86/><E5/><V29/><F66/><W110/><G110/><T45/><D45/><U81/><E15/><V10/><F60/><AGARI ba="3,2" hai="13,18,22,33,34,35,46,47,60,65,69,99,102,104" machi="60" ten="40,12000,2" yaku="1,1,52,3,53,2" doraHai="30" doraHaiUra="43" who="0" fromWho="2" sc="134,149,245,0,428,-129,173,0" /><INIT seed="8,0,0,3,0,20" ten="283,245,299,173" oya="0" hai0="97,106,4,15,94,107,110,39,72,51,25,17,55" hai1="70,44,130,35,33,9,26,83,86,118,64,77,111" hai2="61,10,87,92,122,95,31,120,96,42,3,24,60" hai3="115,98,36,5,54,7,48,67,30,32,104,62,134"/><T63/><D72/><U126/><E111/><V38/><F38/><W114/><G36/><T85/><D39/><U50/><E130/><V99/><F42/><W57/><G134/><T43/><D110/><U125/><E118/><V109/><F109/><W81/><G81/><T22/><D43/><U82/><E9/><V128/><F128/><W8/><G30/><T103/><D63/><N who="2" m="24138" /><F122/><W27/><G27/><T6/><D107/><U52/><E64/><V34/><F120/><W84/><G32/><T93/><D15/><U28/><E35/><V23/><F34/><W113/><G84/><T59/><REACH who="0" step="1"/><D85/><REACH who="0" ten="273,245,299,173" step="2"/><U73/><REACH who="1" step="1"/><E70/><REACH who="1" ten="273,235,299,173" step="2"/><V78/><F3/><W40/><G8/><T12/><D12/><U112/><E112/><V71/><F71/><N who="3" m="42487" /><G40/><T90/><D90/><AGARI ba="0,2" hai="26,28,33,44,50,52,73,77,82,83,86,90,125,126" machi="90" ten="40,5200,0" yaku="1,1,52,1,54,1,53,0" doraHai="20" doraHaiUra="53" who="1" fromWho="0" sc="273,-52,235,72,299,0,173,0" owari="221,-18.0,307,41.0,299,10.0,173,-33.0" /></mjloggm>