<mjloggm ver="2.3"><GO type="41" lobby="0"/><UN n0="%E3%81%9F%E3%81%91%E3%81%98%E3%81%84%E3%81%95%E3%82%93" n1="%6B%30%30%37%34%73" n2="%6E%65%6B%75%74%61%69" n3="%E5%B0%B1%E6%B4%BB%E7%94%9F%40%E5%B7%9D%E6%9D%91%E8%BB%8D%E5%9B%A3" dan="15,15,15,15" rate="2000.30,2068.78,2019.94,2042.63" sx="M,M,M,M"/><TAIKYOKU oya="0"/><INIT seed="0,0,0,3,3,87" ten="250,250,250,250" oya="0" hai0="116,74,31,20,30,36,43,39,0,44,86,98,19" hai1="59,99,13,118,27,110,73,5,55,68,119,122,67" hai2="124,100,103,135,108,79,83,7,120,132,1,125,46" hai3="21,47,109,131,38,18,94,102,97,128,3,65,17"/><T112/><D116/><U42/><E73/><N who="2" m="43503" /><F108/><W85/><G3/><T104/><D112/><U113/><E122/><V81/><F46/><W115/><G115/><T80/><D0/><U62/><E113/><V77/><F7/><W57/><G109/><T78/><D36/><U92/><E110/><V88/><F1/><W111/><G38/><T107/><D74/><U33/><E42/><V60/><F60/><W89/><G47/><T72/><D72/><U134/><E134/><N who="2" m="51243" /><F77/><W54/><G65/><T129/><D129/><N who="3" m="49737" /><G21/><T29/><REACH who="0" step="1"/><D98/><REACH who="0" ten="240,250,250,250" step="2"/><U26/><E119/><V126/><F120/><W117/><G117/><T56/><D56/><U10/><E118/><V105/><F105/><N who="3" m="63695" /><G111/><T106/><D106/><U58/><E68/><V37/><F37/><W48/><AGARI ba="0,1" hai="17,18,48,54,57,85,89,94" m="63695,49737" machi="48" ten="30,2000,0" yaku="19,1,52,1" doraHai="87" who="3" fromWho="3" sc="240,-10,250,-5,250,-5,250,30" /><INIT seed="1,0,0,3,1,60" ten="230,245,245,280" oya="1" hai0="107,25,18,6,87,62,45,104,23,113,52,28,33" hai1="39,36,94,32,119,49,40,30,68,74,12,108,21" hai2="112,43,19,105,106,102,128,58,22,37,57,76,4" hai3="111,82,134,48,31,124,110,1,114,14,67,16,38"/><U95/><E74/><V61/><F128/><W7/><G38/><T121/><D113/><U88/><E32/><V42/><F4/><W0/><G114/><T69/><D6/><U41/><E119/><V54/><F76/><W50/><G31/><T103/><D121/><U72/><E72/><V70/><F70/><W79/><G124/><T93/><D69/><U129/><E68/><V13/><F112/><W122/><G134/><T90/><D103/><U131/><E49/><N who="3" m="19050" /><G7/><T53/><D45/><U29/><E12/><V24/><F57/><W34/><G34/><T127/><D127/><U64/><E21/><V116/><F13/><W9/><G67/><T26/><REACH who="0" step="1"/><D53/><REACH who="0" ten="220,245,245,280" step="2"/><U59/><E59/><AGARI ba="0,1" hai="18,23,25,26,28,33,52,59,62,87,90,93,104,107" machi="59" ten="40,5200,0" yaku="1,1,2,1,54,1,53,0" doraHai="60" doraHaiUra="135" who="0" fromWho="1" sc="220,62,245,-52,245,0,280,0" /><INIT seed="2,0,0,4,5,100" ten="282,193,245,280" oya="2" hai0="70,46,95,28,43,7,10,55,82,23,122,80,108" hai1="103,77,11,94,90,116,13,0,85,87,53,114,21" hai2="48,51,121,22,99,17,68,88,4,134,123,106,64" hai3="86,72,115,50,44,105,8,75,5,49,69,29,120"/><V78/><F134/><W42/><G120/><T45/><D70/><U63/><E0/><V113/><F113/><W65/><G115/><T66/><D122/><U58/><E114/><V3/><F78/><W130/><G29/><T12/><D66/><U41/><E116/><V76/><F76/><W91/><G130/><T14/><D108/><U54/><E41/><V107/><F123/><W112/><G112/><T32/><D32/><U25/><E103/><V98/><F121/><W20/><G20/><T18/><D28/><U74/><E74/><V79/><F79/><W67/><G105/><T127/><D127/><U109/><E109/><V89/><F64/><W26/><G26/><T27/><D27/><U16/><E77/><V9/><F68/><W133/><G133/><T47/><D95/><U38/><E38/><V124/><F124/><W39/><G67/><T97/><D97/><U6/><E53/><V83/><F98/><AGARI ba="0,0" hai="6,11,13,16,21,25,54,58,63,85,87,90,94,98" machi="98" ten="30,8000,1" yaku="7,1,25,2,8,1,54,1" doraHai="100" who="1" fromWho="2" sc="282,0,193,80,245,-80,280,0" /><INIT seed="3,0,0,4,1,101" ten="282,273,165,280" oya="3" hai0="97,79,36,128,23,53,131,95,117,8,28,44,103" hai1="111,11,30,124,107,5,88,61,113,52,132,19,2" hai2="116,25,6,133,129,38,89,14,108,69,57,115,78" hai3="94,76,37,96,123,100,71,17,12,27,20,35,102"/><W121/><G71/><T1/><D117/><U33/><E113/><V55/><F108/><W45/><G76/><T98/><D79/><U39/><E39/><V10/><F133/><W7/><G102/><T130/><D36/><U42/><E111/><V0/><F129/><W43/><REACH who="3" step="1"/><G7/><REACH who="3" ten="282,273,165,270" step="2"/><T54/><D103/><U90/><E132/><V18/><F69/><W31/><AGARI ba="0,1" hai="12,17,20,27,31,35,37,43,45,94,96,100,121,123" machi="31" ten="30,6000,0" yaku="1,1,2,1,0,1,53,0" doraHai="101" doraHaiUra="83" who="3" fromWho="3" sc="282,-20,273,-20,165,-20,270,70" /><INIT seed="3,1,0,4,2,50" ten="262,253,145,340" oya="3" hai0="58,129,48,108,123,116,1,102,80,89,92,96,106" hai1="47,13,91,17,65,35,70,112,12,73,125,27,34" hai2="97,109,113,90,74,15,43,103,99,64,95,134,68" hai3="2,98,76,40,55,88,31,104,77,81,118,36,86"/><W121/><G118/><T61/><D123/><U67/><E73/><V114/><F109/><W44/><G121/><T66/><D116/><U62/><E112/><V25/><F134/><W52/><G2/><T56/><D108/><U29/><E125/><V128/><F128/><W38/><G38/><T54/><D129/><U24/><E47/><V23/><F74/><W22/><G77/><T135/><D1/><U51/><E51/><V78/><F78/><W33/><G33/><T117/><D135/><U132/><E132/><V26/><F43/><W130/><G130/><T63/><D117/><U0/><E0/><V115/><F15/><W9/><G9/><T39/><D39/><U119/><E119/><V10/><F10/><W131/><G131/><T71/><D80/><U100/><E91/><V105/><REACH who="2" step="1"/><F23/><REACH who="2" ten="262,253,135,340" step="2"/><W60/><G22/><T69/><D63/><AGARI ba="1,1" hai="25,26,63,64,68,90,95,97,99,103,105,113,114,115" machi="63" ten="40,5200,0" yaku="1,1,2,1,53,1" doraHai="50" doraHaiUra="85" who="2" fromWho="0" sc="262,-55,253,0,135,65,340,0" /><INIT seed="4,0,0,5,5,73" ten="207,253,200,340" oya="0" hai0="21,9,0,92,80,112,1,132,133,42,64,94,48" hai1="78,36,116,86,17,113,15,46,89,55,81,44,93" hai2="54,75,43,134,124,4,31,126,5,16,77,130,7" hai3="98,62,96,53,127,99,38,68,105,74,119,110,100"/><T85/><D64/><U11/><E116/><V131/><F43/><W19/><G110/><T12/><D21/><U34/><E34/><V24/><F54/><W107/><G38/><T76/><D112/><U70/><E70/><V118/><F77/><W83/><G127/><N who="2" m="48681" /><F75/><W23/><G119/><T71/><D71/><U37/><E113/><V59/><F59/><W26/><G107/><T14/><D14/><U6/><E6/><V104/><F104/><W39/><G39/><T40/><D40/><U20/><E37/><V103/><F103/><W30/><G19/><T108/><D108/><U41/><E46/><V101/><F101/><W111/><G111/><T102/><D94/><U27/><E55/><V66/><F66/><W33/><G23/><T128/><D92/><U32/><E32/><N who="2" m="20583" /><F118/><W18/><G53/><T13/><D128/><N who="2" m="49194" /><F16/><W95/><G18/><T65/><D102/><U28/><REACH who="1" step="1"/><E93/><REACH who="1" ten="207,243,200,340" step="2"/><V8/><F134/><N who="0" m="51818" /><D65/><U109/><E109/><V47/><F47/><W120/><G95/><T129/><D129/><U84/><E84/><V72/><F72/><W25/><G33/><T97/><D97/><U50/><E50/><V115/><F115/><W67/><G98/><T52/><D42/><U61/><E61/><V49/><F49/><W79/><G99/><T69/><D69/><U90/><AGARI ba="0,1" hai="11,15,17,20,27,28,36,41,44,78,81,86,89,90" machi="90" ten="30,4000,0" yaku="1,1,0,1,52,1,53,0" doraHai="73" doraHaiUra="125" who="1" fromWho="1" sc="207,-20,243,50,200,-10,340,-10" /><INIT seed="5,0,0,3,0,8" ten="187,293,190,330" oya="1" hai0="38,116,40,83,50,33,73,7,112,14,29,126,99" hai1="76,107,84,11,30,115,56,110,25,9,69,95,113" hai2="75,57,125,27,39,32,70,34,87,103,13,46,79" hai3="91,28,35,101,78,21,123,12,90,108,88,36,64"/><U121/><E69/><V54/><F70/><W59/><G108/><T133/><D116/><U43/><E107/><V49/><F125/><W53/><G36/><T105/><D126/><U85/><E121/><V89/><F103/><W20/><G35/><T5/><D38/><U109/><E43/><V118/><F118/><W93/><G78/><T18/><D112/><N who="1" m="43083" /><E56/><V122/><F122/><W124/><G64/><T92/><D105/><U61/><E61/><V26/><F79/><W130/><G130/><T31/><D133/><U16/><E76/><V62/><F75/><W44/><G44/><N who="0" m="25863" /><D33/><N who="1" m="20687" /><E95/><V72/><F72/><W51/><G123/><T97/><D83/><U23/><E85/><V19/><F34/><W86/><G124/><T117/><D73/><U15/><E84/><V96/><F96/><N who="0" m="36938" /><D92/><U45/><E45/><V98/><F98/><W114/><G114/><T47/><D47/><U135/><E135/><V22/><F32/><W24/><G101/><T42/><D42/><U111/><AGARI ba="0,0" hai="9,11,15,16,23,109,110,111" m="20687,43083" machi="111" ten="40,18000,2" yaku="10,1,15,1,34,2,52,1,54,1" doraHai="8" who="1" fromWho="1" sc="187,-60,293,180,190,-60,330,-60" /><INIT seed="5,1,0,0,3,44" ten="127,473,130,270" oya="1" hai0="72,83,90,123,29,70,42,18,55,109,122,32,30" hai1="47,107,7,100,93,66,53,132,10,49,38,63,45" hai2="67,48,113,56,115,14,94,108,37,127,51,102,134" hai3="27,77,105,71,103,118,78,43,23,17,62,1,117"/><U129/><E107/><V26/><F108/><W116/><G1/><T91/><D70/><U87/><E132/><V81/><F134/><W61/><G43/><T20/><D42/><U95/><E129/><V58/><F37/><W46/><G46/><T124/><D109/><U112/><E112/><N who="2" m="43083" /><F127/><W13/><G13/><T39/><D39/><U15/><E100/><V25/><F81/><W31/><G17/><T35/><D55/><U36/><E36/><V64/><F14/><W69/><G69/><T130/><D83/><U68/><E87/><V60/><F94/><W80/><G71/><T24/><D72/><U111/><E111/><V85/><F85/><N who="3" m="48271" /><G78/><T28/><D124/><U3/><E3/><V59/><F102/><W11/><G11/><T73/><D73/><U75/><E75/><V98/><F98/><AGARI ba="1,0" hai="23,27,31,61,62,98,103,105,116,117,118" m="48271" machi="98" ten="30,1000,0" yaku="12,1" doraHai="44" who="3" fromWho="2" sc="127,0,473,0,130,-13,270,13" /><INIT seed="6,0,0,2,5,39" ten="127,473,117,283" oya="2" hai0="123,65,110,121,33,106,60,41,103,48,40,125,7" hai1="12,97,88,122,71,134,11,101,67,112,80,3,51" hai2="105,131,73,22,72,44,130,90,42,81,18,52,128" hai3="114,10,78,107,113,76,135,31,61,133,37,6,102"/><V79/><F105/><W46/><G31/><T20/><D110/><U19/><E3/><V1/><F1/><N who="3" m="335" /><G61/><T23/><D7/><U87/><E112/><N who="3" m="43114" /><G37/><T68/><D125/><U127/><E127/><V16/><F90/><W115/><G46/><T99/><D33/><U35/><E35/><V86/><F52/><W64/><G64/><T95/><D106/><U74/><E134/><N who="3" m="51210" /><G115/><T129/><D129/><U93/><E67/><V2/><F2/><W36/><G36/><T54/><D20/><U43/><E71/><V91/><F22/><W49/><G49/><T69/><D23/><U26/><E74/><N who="2" m="28779" /><F79/><W82/><G82/><T96/><D69/><U50/><E50/><AGARI ba="0,0" hai="16,18,42,44,50,81,86,91,128,130,131" m="28779" machi="50" ten="40,7700,0" yaku="19,1,52,1,54,1" doraHai="39" who="2" fromWho="1" sc="127,0,473,-77,117,77,283,0" /><INIT seed="6,1,0,5,4,30" ten="127,396,194,283" oya="2" hai0="25,67,99,96,98,115,49,6,128,113,38,63,31" hai1="18,131,102,54,90,71,62,29,119,94,37,118,32" hai2="134,34,21,24,93,14,1,13,3,105,110,75,65" hai3="108,5,10,61,56,39,28,60,55,0,100,69,36"/><V117/><F105/><W74/><G108/><T76/><D76/><U120/><E37/><V35/><F93/><W57/><G69/><T17/><D6/><U89/><E131/><V20/><F65/><W106/><G74/><T80/><D80/><U111/><E111/><V64/><F64/><W82/><G28/><T4/><D4/><U50/><E102/><V123/><F75/><W22/><G22/><N who="2" m="8809" /><F110/><W58/><G58/><T81/><D81/><U48/><E120/><V12/><F123/><W104/><G82/><T86/><D86/><U133/><E71/><V27/><F134/><W8/><G100/><T87/><D17/><U40/><E133/><V107/><F107/><W19/><G19/><T9/><D9/><U66/><E40/><V33/><F117/><W15/><G5/><T126/><D49/><U7/><E48/><V79/><F79/><W95/><G95/><T77/><D38/><U52/><E94/><V125/><F125/><W83/><G83/><T70/><D126/><U112/><E90/><V78/><F78/><W103/><G103/><T26/><D128/><U121/><E89/><V92/><F92/><W53/><G15/><T116/><D116/><U42/><E119/><V88/><F88/><W16/><G16/><T135/><D135/><U46/><E121/><V2/><AGARI ba="1,0" hai="1,2,3,12,13,14,24,27,33,34,35" m="8809" machi="2" ten="50,36000,4" yaku="29,2,28,2,35,5,52,3" doraHai="30" who="2" fromWho="2" sc="127,-121,396,-121,194,363,283,-121" /><INIT seed="6,2,0,2,1,2" ten="6,275,557,162" oya="2" hai0="82,80,8,116,86,17,102,99,89,108,49,5,97" hai1="69,123,71,15,9,1,118,40,19,28,105,81,85" hai2="124,132,6,101,75,41,39,92,54,20,76,29,120" hai3="67,74,52,107,95,60,30,43,115,37,114,33,51"/><V83/><F120/><W16/><G107/><T3/><D116/><U7/><E105/><V0/><F124/><W38/><G74/><T117/><D117/><U18/><E118/><V131/><F132/><W110/><G110/><T21/><D108/><U44/><E28/><V104/><F131/><W56/><G33/><T121/><D121/><U34/><E34/><V111/><F111/><W106/><G106/><T112/><D112/><N who="3" m="43049" /><G30/><T73/><D49/><U35/><E35/><V100/><F54/><W66/><G95/><T46/><D46/><U79/><E123/><V113/><F92/><W61/><G16/><T12/><D73/><U126/><E126/><V84/><F84/><W59/><G43/><T42/><D42/><U58/><E58/><AGARI ba="2,0" hai="37,38,51,52,56,58,59,60,61,66,67" m="43049" machi="58" ten="30,8000,1" yaku="15,1,11,1,34,2,54,1" doraHai="2" who="3" fromWho="1" sc="6,0,275,-86,557,0,162,86" /><INIT seed="7,0,0,1,2,32" ten="6,189,557,248" oya="3" hai0="103,23,30,8,91,78,11,115,3,48,120,110,28" hai1="98,2,63,95,36,40,0,46,17,6,61,74,71" hai2="9,52,18,134,99,81,47,45,1,94,69,67,60" hai3="131,128,119,124,53,132,122,43,56,89,27,66,73"/><W44/><G73/><T33/><D78/><U112/><E74/><V59/><F134/><W96/><G119/><T102/><D48/><U72/><E72/><V123/><F123/><W106/><G66/><T5/><D91/><U15/><E112/><V114/><F114/><W130/><G122/><T13/><D103/><U101/><E6/><V51/><F81/><W93/><G132/><T100/><D100/><U76/><E76/><V87/><F87/><W104/><G27/><T49/><D49/><U111/><E111/><V135/><F135/><W109/><G109/><T68/><D102/><U21/><REACH who="1" step="1"/><E71/><REACH who="1" ten="6,179,557,248" step="2"/><V37/><F37/><N who="3" m="21615" /><G124/><T39/><D68/><U26/><E26/><V83/><F83/><W75/><G75/><T57/><D39/><U41/><E41/><V125/><F125/><W19/><G19/><T50/><D120/><U113/><E113/><V92/><F18/><W82/><G82/><T20/><D115/><U79/><E79/><V77/><F77/><W105/><G105/><T108/><D57/><U129/><E129/><V85/><F85/><W35/><G106/><T58/><D58/><U107/><E107/><V90/><REACH who="2" step="1"/><F94/><REACH who="2" ten="6,179,547,248" step="2"/><W4/><G93/><T25/><D50/><U133/><E133/><V29/><F29/><W86/><G86/><T31/><D110/><U16/><E16/><V22/><F22/><N who="0" m="8234" /><D108/><U88/><E88/><V42/><F42/><W34/><G89/><T118/><D118/><U126/><E126/><V55/><F55/><W64/><G53/><T38/><D38/><U80/><E80/><V62/><F62/><AGARI ba="0,2" hai="0,2,15,17,21,36,40,46,61,62,63,95,98,101" machi="62" ten="40,5200,0" yaku="1,1,52,2,53,0" doraHai="32" doraHaiUra="121" who="1" fromWho="2" sc="6,0,179,72,547,-52,248,0" owari="6,-49.0,251,5.0,495,59.0,248,-15.0" /></mjloggm>