<mjloggm ver="2.3"><GO type="169" lobby="0"/><UN n0="%E3%81%A9%E3%81%B0%E3%81%A8%E3%81%A1%E3%82%83%E3%82%93" n1="%E3%83%8A%E3%83%A9" n2="%E5%B0%B1%E6%B4%BB%E7%94%9F%40%E5%B7%9D%E6%9D%91%E8%BB%8D%E5%9B%A3" n3="%E3%82%BF%E3%82%B1%E3%82%AA%E3%81%97%E3%82%83%E3%82%93" dan="17,17,17,19" rate="2193.37,2149.38,2210.19,2252.71" sx="F,M,M,M"/><TAIKYOKU oya="0"/><INIT seed="0,0,0,2,3,30" ten="250,250,250,250" oya="0" hai0="122,53,90,75,85,70,103,22,120,48,62,91,46" hai1="21,112,93,134,83,110,95,34,36,7,125,3,20" hai2="127,54,25,1,111,2,89,43,81,56,109,124,4" hai3="42,47,78,39,59,73,99,107,87,72,123,66,18"/><T79/><D91/><U5/><E36/><V64/><F43/><W115/><G115/><T0/><D0/><U58/><E112/><V60/><F25/><W98/><G123/><T11/><D11/><U13/><E110/><N who="2" m="41995" /><F4/><W10/><G87/><T88/><D103/><U106/><E106/><V121/><F121/><W92/><G107/><T45/><D90/><U100/><E100/><V133/><F133/><W14/><G78/><T116/><D116/><U57/><E3/><N who="2" m="1035" /><F89/><W16/><G72/><T9/><D9/><U27/><E27/><V117/><F117/><W52/><G73/><T37/><D75/><U69/><E134/><V77/><F54/><W132/><G132/><T68/><D79/><U135/><E135/><V49/><F49/><W131/><G18/><T84/><D84/><AGARI ba="0,0" hai="56,60,64,77,81,84,124,127" m="1035,41995" machi="84" ten="30,1000,0" yaku="14,1" doraHai="30" who="2" fromWho="0" sc="250,-10,250,0,250,10,250,0" /><INIT seed="1,0,0,3,2,14" ten="240,250,260,250" oya="1" hai0="85,47,100,36,55,120,38,51,123,12,46,111,33" hai1="134,124,114,16,87,2,106,74,31,132,10,27,94" hai2="39,4,42,37,22,135,118,59,26,0,20,103,7" hai3="80,96,45,32,81,3,54,35,66,29,69,65,92"/><U49/><E114/><V107/><F118/><W50/><G3/><T78/><D33/><U63/><E106/><V101/><F135/><N who="1" m="51753" /><E74/><V41/><F59/><W91/><G35/><T48/><D100/><U110/><E124/><V121/><F26/><W77/><G80/><N who="0" m="47255" /><D111/><U24/><E110/><V79/><F79/><W102/><G69/><T40/><D12/><N who="1" m="7191" /><E2/><V68/><F0/><W83/><G32/><T13/><D13/><U15/><E31/><V89/><F68/><W104/><G29/><T108/><D108/><U58/><E49/><V98/><F107/><W53/><G81/><T23/><D23/><U28/><E15/><V44/><F22/><W9/><G9/><T131/><D131/><U21/><E27/><V133/><F20/><W72/><REACH who="3" step="1"/><G53/><REACH who="3" ten="240,250,260,240" step="2"/><T115/><D115/><U122/><E122/><AGARI ba="0,1" hai="36,38,40,46,47,48,51,55,120,122,123" m="47255" machi="122" ten="30,1000,0" yaku="13,1" doraHai="14" who="0" fromWho="1" sc="240,20,250,-10,260,0,240,0" /><INIT seed="2,0,0,3,1,28" ten="260,240,260,240" oya="2" hai0="27,124,130,0,83,79,112,38,76,84,56,63,91" hai1="70,17,97,19,65,94,82,20,11,117,125,81,8" hai2="109,5,121,110,111,88,6,57,89,23,128,95,36" hai3="13,67,113,93,42,120,96,21,103,85,16,61,60"/><V72/><F121/><W100/><G113/><T37/><D112/><U45/><E117/><V50/><F36/><W119/><G119/><T133/><D0/><U106/><E106/><V116/><F116/><W41/><G120/><T104/><D104/><U114/><E114/><V108/><F128/><W78/><G103/><T51/><D130/><U12/><E125/><V52/><F72/><W4/><G4/><N who="2" m="1641" /><F109/><W22/><G22/><T74/><D133/><U101/><E45/><V58/><F23/><W49/><G49/><T44/><D79/><U26/><E70/><V2/><F2/><W129/><G129/><T131/><D27/><U7/><REACH who="1" step="1"/><E65/><REACH who="1" ten="260,230,260,240" step="2"/><V87/><F89/><W80/><G67/><T15/><D124/><U29/><E29/><V107/><F107/><W86/><G42/><T69/><D69/><U32/><E32/><V135/><F135/><W115/><G41/><T99/><D131/><U24/><E24/><V35/><F35/><W71/><G71/><T18/><D44/><AGARI ba="0,1" hai="44,50,52,57,58,87,88,95,108,110,111" m="1641" machi="44" ten="30,11600,0" yaku="14,1,10,1,54,2" doraHai="28" who="2" fromWho="0" sc="260,-116,230,0,260,126,240,0" /><INIT seed="2,1,0,5,5,106" ten="144,230,386,240" oya="2" hai0="58,71,36,80,27,98,97,99,65,127,39,101,133" hai1="19,45,51,63,112,7,10,4,1,9,24,110,78" hai2="15,119,70,91,67,92,53,3,43,116,38,30,123" hai3="120,122,41,0,26,135,34,74,40,5,73,82,90"/><V107/><F107/><W72/><G135/><T44/><D133/><U128/><E112/><V32/><F3/><W52/><G5/><T11/><D71/><U21/><E78/><V134/><F134/><W8/><G8/><T79/><D101/><U31/><E63/><V125/><F123/><W59/><G0/><T18/><D127/><U14/><E51/><V20/><F32/><W50/><G82/><T130/><D130/><U108/><E45/><V76/><F76/><W118/><G90/><T56/><D65/><U94/><E94/><V88/><F53/><W33/><G118/><T83/><D83/><U12/><REACH who="1" step="1"/><E128/><REACH who="1" ten="144,220,386,240" step="2"/><V62/><F92/><W68/><G120/><T55/><D44/><U54/><E54/><V103/><F62/><W86/><G122/><T48/><D48/><U42/><E42/><V96/><F43/><W61/><G40/><T57/><D55/><U131/><E131/><V2/><F38/><W22/><G41/><T81/><D39/><U25/><E25/><V60/><F116/><W114/><G114/><T64/><D36/><U87/><E87/><V113/><F113/><W124/><G86/><N who="0" m="48415" /><D64/><U85/><E85/><V47/><F47/><W13/><G26/><T84/><D27/><U126/><E126/><V69/><F125/><W46/><G124/><T105/><D105/><U37/><E37/><V66/><F67/><N who="3" m="41071" /><G46/><T121/><D121/><U75/><E75/><V104/><F119/><W6/><G74/><T132/><D132/><U89/><E89/><N who="2" m="34379" /><F70/><W16/><G72/><T77/><D99/><U23/><AGARI ba="1,1" hai="1,4,7,9,10,12,14,19,21,23,24,31,108,110" machi="23" ten="30,8000,1" yaku="1,1,0,1,34,3,53,0" doraHai="106" doraHaiUra="49" who="1" fromWho="1" sc="144,-21,220,93,386,-41,240,-21" /><INIT seed="3,0,0,2,3,96" ten="123,313,345,219" oya="3" hai0="109,72,105,6,82,10,33,15,66,46,67,102,29" hai1="79,1,41,94,120,128,18,68,104,92,12,23,80" hai2="40,4,27,19,56,64,110,98,133,8,116,131,130" hai3="9,22,57,43,127,91,52,77,118,16,125,73,45"/><W117/><G9/><T3/><D109/><U37/><E120/><V55/><F110/><W75/><G91/><T7/><D7/><U112/><E68/><V58/><F133/><W89/><G89/><T2/><D15/><U113/><E104/><V76/><F76/><W0/><G0/><N who="0" m="327" /><D46/><U34/><E128/><V48/><F116/><W11/><G11/><T53/><D53/><U42/><E34/><V35/><F40/><W25/><G118/><T126/><D66/><U134/><E41/><V108/><F108/><W132/><G132/><T106/><D67/><U115/><E134/><V51/><F98/><W93/><G93/><T5/><D126/><N who="3" m="48137" /><G77/><N who="0" m="44327" /><D5/><U123/><E1/><N who="0" m="9" /><D102/><U86/><E123/><V62/><F19/><W20/><G20/><T107/><D29/><U36/><E42/><V122/><F8/><W101/><G101/><T135/><D135/><U97/><E92/><V49/><F4/><W90/><G90/><T44/><D44/><U121/><E121/><V124/><F122/><W28/><G28/><T13/><D13/><U65/><E65/><V103/><F103/><W60/><G117/><T17/><D17/><U14/><E14/><V39/><F124/><W32/><G32/><AGARI ba="0,0" hai="32,33,105,106,107" m="9,44327,327" machi="32" ten="40,2600,0" yaku="33,2" doraHai="96" who="0" fromWho="3" sc="123,26,313,0,345,0,219,-26" /><INIT seed="4,0,0,3,1,130" ten="149,313,345,193" oya="0" hai0="102,110,26,81,80,72,99,79,133,128,131,119,114" hai1="52,115,43,25,3,31,44,63,23,132,96,10,18" hai2="98,34,94,89,62,106,20,36,70,134,28,77,129" hai3="37,19,4,40,103,120,69,59,29,87,38,13,24"/><T27/><D119/><U64/><E132/><V6/><F134/><W125/><G69/><T105/><D133/><U82/><E115/><V107/><F36/><W122/><G125/><T7/><D114/><U85/><E96/><V68/><F6/><W45/><G4/><T58/><D110/><U30/><E3/><V67/><F77/><W8/><G103/><T53/><D80/><U104/><E104/><V78/><F78/><W88/><G59/><T83/><D83/><U50/><E10/><V76/><F76/><W57/><G57/><T21/><D7/><U101/><E101/><V65/><F34/><W1/><G37/><T118/><D118/><U93/><E43/><V84/><F129/><N who="0" m="49738" /><D21/><U49/><E49/><AGARI ba="0,0" hai="26,27,49,53,58,72,79,81,99,102,105" m="49738" machi="49" ten="30,1500,0" yaku="19,1" doraHai="130" who="0" fromWho="1" sc="149,15,313,-15,345,0,193,0" /><INIT seed="4,1,0,4,4,91" ten="164,298,345,193" oya="0" hai0="60,87,25,28,19,68,23,59,98,18,72,63,121" hai1="107,36,84,99,55,22,2,131,0,114,69,27,102" hai2="109,97,4,120,96,123,44,26,89,50,39,13,74" hai3="34,12,134,105,31,35,124,117,56,76,17,104,49"/><T80/><D121/><U127/><E127/><V93/><F39/><W64/><G117/><T32/><D72/><U90/><E131/><V33/><F109/><W24/><G124/><T65/><D32/><U1/><E69/><V118/><F74/><W73/><G35/><T42/><D42/><U75/><E75/><V52/><F118/><W62/><G134/><T21/><D21/><U94/><E36/><V61/><F61/><W9/><G76/><T119/><D98/><U58/><E114/><V92/><F13/><W126/><G73/><T8/><D8/><U132/><E132/><V11/><F11/><W3/><G126/><T113/><D113/><U29/><REACH who="1" step="1"/><E2/><REACH who="1" ten="164,288,345,193" step="2"/><V133/><F133/><W7/><REACH who="3" step="1"/><G49/><AGARI ba="1,1" hai="0,1,22,27,29,49,55,58,84,90,94,99,102,107" machi="49" ten="30,8000,1" yaku="1,1,2,1,7,1,52,1,53,1" doraHai="91" doraHaiUra="101" who="1" fromWho="3" sc="164,0,288,93,345,0,193,-83" /><INIT seed="5,0,0,3,2,41" ten="164,381,345,110" oya="1" hai0="116,14,121,16,44,67,56,49,25,75,46,36,40" hai1="61,65,35,68,79,122,48,15,92,89,114,117,70" hai2="19,134,109,115,66,53,45,98,74,108,33,119,95" hai3="37,38,94,91,47,123,2,90,131,59,6,84,87"/><U103/><E117/><V72/><F119/><W64/><G123/><T126/><D116/><U23/><E122/><V71/><F33/><W7/><G131/><T22/><D121/><U118/><E118/><V63/><F134/><W100/><G100/><T69/><D75/><U113/><E35/><V54/><F115/><W42/><G38/><T128/><D126/><U76/><E70/><V0/><F0/><W133/><G133/><T8/><D69/><U18/><E103/><V1/><F1/><W132/><G2/><T124/><D124/><U55/><E113/><V120/><F120/><W50/><G132/><T52/><D128/><U73/><E73/><V12/><F74/><W112/><G112/><T77/><D77/><U110/><E110/><V13/><F13/><W20/><G20/><T129/><D129/><U127/><E127/><V29/><F29/><W96/><G96/><T26/><REACH who="0" step="1"/><D22/><REACH who="0" ten="154,381,345,110" step="2"/><U125/><E125/><V3/><F72/><W28/><G28/><T104/><D104/><U43/><E114/><V5/><F71/><W107/><G107/><T83/><D83/><U21/><E23/><V24/><F95/><N who="3" m="54727" /><G37/><T97/><D97/><U130/><E130/><V99/><F98/><W57/><G64/><T32/><D32/><U62/><E65/><V10/><F99/><W93/><G93/><T30/><D30/><U9/><E21/><N who="2" m="13375" /><F66/><W31/><G31/><T11/><D11/><U81/><E92/><V135/><F135/><W51/><G94/><T88/><D88/><U58/><E68/><V39/><F108/><W80/><G91/><T17/><D17/><RYUUKYOKU ba="0,1" sc="154,30,381,-10,345,-10,110,-10" hai0="8,14,16,25,26,36,40,44,46,49,52,56,67" /><INIT seed="6,1,1,1,5,86" ten="184,371,335,100" oya="2" hai0="11,42,20,79,108,9,53,48,94,37,127,45,121" hai1="112,49,116,83,29,96,18,3,104,47,75,80,64" hai2="50,73,74,24,57,76,105,101,82,114,32,97,117" hai3="106,8,30,35,125,17,0,7,10,16,131,54,65"/><V92/><F117/><W44/><G106/><T107/><D108/><U89/><E116/><V122/><F122/><W31/><G65/><T102/><D121/><U12/><E3/><V87/><F114/><W99/><G99/><T66/><D107/><U15/><E75/><V72/><F32/><W38/><G125/><T58/><D127/><U115/><E29/><V70/><F70/><W113/><G131/><T43/><D79/><U78/><E64/><V13/><F24/><W100/><G100/><T77/><D77/><U39/><E39/><V88/><F13/><W95/><G113/><N who="1" m="43594" /><E78/><V119/><F119/><W52/><G95/><T71/><D20/><N who="1" m="11335" /><E15/><V25/><F25/><W109/><G109/><T98/><D43/><N who="1" m="24831" /><E104/><V62/><F50/><W6/><G44/><T118/><D118/><U14/><E14/><V134/><F134/><W85/><G38/><T19/><D19/><U51/><E51/><V40/><F40/><W33/><REACH who="3" step="1"/><G85/><REACH who="3" ten="184,371,335,90" step="2"/><T4/><D94/><AGARI ba="1,2" hai="80,83,89,94,96" m="24831,11335,43594" machi="94" ten="30,2000,0" yaku="15,1,52,1" doraHai="86" who="1" fromWho="0" sc="184,-23,371,43,335,0,90,0" /><INIT seed="7,0,0,1,3,12" ten="161,414,335,90" oya="3" hai0="17,15,19,112,94,110,53,3,129,72,33,81,135" hai1="79,115,44,67,51,82,100,45,75,50,97,73,66" hai2="34,31,117,70,111,61,124,71,29,78,130,90,49" hai3="125,121,101,16,85,62,7,131,87,24,22,42,5"/><W102/><G121/><T77/><D110/><U57/><E75/><V107/><F49/><W108/><G131/><T55/><D3/><U2/><E2/><V83/><F90/><W119/><G119/><T43/><D33/><U91/><E91/><V122/><F31/><W59/><G42/><T9/><D129/><U84/><E73/><V8/><F8/><W68/><G68/><T96/><D135/><U35/><E35/><V93/><F93/><W11/><G125/><T18/><D43/><U21/><E21/><V123/><F29/><W126/><G126/><T103/><REACH who="0" step="1"/><D112/><REACH who="0" ten="151,414,335,90" step="2"/><U6/><E115/><V64/><F130/><W4/><G108/><T80/><D80/><U89/><E82/><V104/><F83/><W99/><G11/><T23/><D23/><U106/><E106/><V127/><F34/><W114/><G114/><T40/><D40/><U28/><E79/><V52/><F78/><W27/><G27/><T0/><D0/><U58/><E89/><V32/><F32/><W60/><G101/><T46/><D46/><U48/><E45/><V56/><F111/><W26/><G26/><T120/><D120/><U37/><E44/><V132/><F132/><W38/><G38/><T63/><D63/><N who="3" m="24105" /><G59/><T76/><D76/><U86/><E37/><V41/><F41/><W25/><G25/><T105/><D105/><N who="2" m="40522" /><F117/><W47/><G47/><T134/><D134/><U118/><E118/><V113/><F113/><W14/><G24/><T74/><D74/><U69/><E58/><V36/><F36/><W54/><G54/><AGARI ba="0,1" hai="9,15,17,18,19,53,54,55,72,77,81,94,96,103" machi="54" ten="40,8000,1" yaku="1,1,52,3,53,0" doraHai="12" doraHaiUra="65" who="0" fromWho="3" sc="151,90,414,0,335,0,90,-80" owari="241,-16.0,414,51.0,335,14.0,10,-49.0" /></mjloggm>