<mjloggm ver="2.3"><GO type="169" lobby="0"/><UN n0="%E3%82%A6%E3%83%AB%E3%83%88%E3%83%A9%E7%AB%8B%E7%9B%B4" n1="%E3%82%AF%E3%83%AD%E3%83%8E%E3%82%B9%40" n2="%E3%81%8B%E3%82%89%E3%83%BC%E3%81%9C" n3="%E6%A1%9C%E4%BA%95%E3%81%95%E3%82%93" dan="17,17,16,17" rate="2156.35,2231.41,2116.46,2138.61" sx="M,M,M,M"/><TAIKYOKU oya="0"/><INIT seed="0,0,0,1,2,126" ten="250,250,250,250" oya="0" hai0="13,49,80,50,39,18,5,19,112,107,40,15,71" hai1="127,10,86,89,58,23,110,45,44,104,29,48,47" hai2="95,30,28,99,116,55,83,115,125,25,81,118,124" hai3="79,22,103,88,53,59,98,105,37,26,119,130,84"/><T109/><D112/><U131/><E104/><V36/><F36/><W66/><G119/><N who="2" m="45609" /><F115/><W20/><G37/><T6/><D107/><U123/><E110/><V2/><F2/><W46/><G79/><T61/><D39/><U101/><E101/><N who="2" m="60671" /><F55/><W43/><G66/><T67/><D109/><U33/><E123/><V100/><F100/><W54/><G54/><T91/><D40/><U60/><E33/><N who="2" m="20623" /><F30/><W51/><G26/><T75/><D75/><U122/><E127/><AGARI ba="0,0" hai="81,83,124,125,127" m="20623,60671,45609" machi="127" ten="30,2000,0" yaku="18,1,12,1" doraHai="126" who="2" fromWho="1" sc="250,0,250,-20,250,20,250,0" /><INIT seed="1,0,0,1,2,121" ten="250,230,270,250" oya="1" hai0="134,69,48,83,53,115,129,49,5,56,117,112,50" hai1="19,54,119,77,42,127,124,109,26,65,1,32,70" hai2="62,24,103,87,0,126,105,93,84,135,6,4,14" hai3="59,9,10,16,35,110,85,125,90,107,41,86,123"/><U11/><E119/><V23/><F0/><W61/><G123/><T120/><D83/><U64/><E77/><V17/><F126/><N who="1" m="48169" /><E42/><V100/><F135/><W8/><G35/><T20/><D5/><N who="2" m="2154" /><F105/><W66/><G107/><T94/><D94/><U81/><E81/><V31/><F62/><W37/><G125/><T88/><D120/><U68/><E1/><V114/><F114/><W118/><G118/><T71/><D117/><U44/><E109/><V72/><F72/><W131/><G131/><T60/><D129/><U39/><E11/><N who="2" m="6367" /><F93/><W28/><G110/><T89/><D134/><U132/><E132/><V108/><F108/><W30/><G37/><T21/><D115/><U51/><E39/><V102/><AGARI ba="0,0" hai="23,24,31,84,87,100,102,103" m="6367,2154" machi="102" ten="30,1100,0" yaku="8,1" doraHai="121" who="2" fromWho="2" sc="250,-3,230,-5,270,11,250,-3" /><INIT seed="2,0,0,3,2,25" ten="247,225,281,247" oya="2" hai0="127,125,83,58,56,72,122,32,82,91,108,101,44" hai1="132,116,20,133,87,45,89,111,81,48,13,39,3" hai2="30,93,68,46,19,119,114,129,64,27,97,0,96" hai3="33,52,94,16,90,80,14,107,43,131,134,22,53"/><V15/><F114/><W102/><G131/><T34/><D101/><U41/><E3/><V36/><F129/><W55/><G134/><N who="1" m="51818" /><E116/><V79/><F0/><W49/><G33/><T115/><D44/><U26/><E13/><V8/><F119/><W42/><G49/><T124/><D122/><U74/><E74/><V118/><F118/><W66/><G66/><T73/><D91/><U10/><E10/><V61/><F79/><W103/><G80/><N who="0" m="30763" /><D115/><U62/><E111/><V117/><F117/><W121/><G121/><T63/><D108/><U12/><E12/><V11/><F11/><W67/><G67/><N who="0" m="39399" /><D58/><U51/><E62/><V9/><F9/><W4/><G4/><T37/><D37/><U57/><E57/><V69/><F69/><W109/><G109/><T99/><D72/><U29/><AGARI ba="0,0" hai="20,26,29,39,41,45,48,51,81,87,89" m="51818" machi="29" ten="30,2000,0" yaku="20,1,52,1" doraHai="25" who="1" fromWho="1" sc="247,-5,225,20,281,-10,247,-5" /><INIT seed="3,0,0,0,1,87" ten="242,245,271,242" oya="3" hai0="44,27,79,47,36,70,37,89,29,82,1,0,78" hai1="114,23,38,126,71,26,61,117,18,22,40,12,94" hai2="104,73,93,72,119,69,109,54,43,108,19,135,24" hai3="80,20,41,66,9,112,120,8,74,34,46,134,62"/><W17/><G112/><T42/><D70/><U53/><E114/><V64/><F104/><W6/><G120/><T14/><D14/><U91/><E126/><V5/><F119/><W130/><G34/><T60/><D60/><U98/><E117/><V57/><F135/><W11/><G134/><T33/><D89/><U122/><E122/><V132/><F43/><W116/><G116/><T115/><D115/><U133/><E133/><V15/><F132/><W105/><G105/><T30/><D30/><U124/><E124/><V84/><F64/><W3/><G130/><T97/><D97/><U85/><E71/><V28/><F5/><W99/><G99/><T76/><D82/><U128/><E128/><V88/><F69/><W110/><G110/><N who="2" m="42601" /><F19/><W83/><G83/><T51/><REACH who="0" step="1"/><D37/><REACH who="0" ten="232,245,271,242" step="2"/><U52/><E61/><N who="2" m="36023" /><F15/><N who="3" m="9279" /><G62/><T2/><D2/><U123/><E123/><V100/><F100/><W31/><G66/><T39/><D39/><U25/><E12/><V125/><F125/><W21/><G31/><T111/><D111/><U129/><E129/><V77/><F77/><N who="3" m="44087" /><G21/><AGARI ba="0,1" hai="21,24,28,72,73,84,88,93" m="36023,42601" machi="21" ten="30,3900,0" yaku="14,1,52,1,54,1" doraHai="87" who="2" fromWho="3" sc="232,0,245,0,271,49,242,-39" /><INIT seed="4,0,0,2,1,0" ten="232,245,320,203" oya="0" hai0="8,6,131,64,48,9,18,17,31,42,62,117,49" hai1="87,127,81,7,67,10,39,104,120,107,52,2,38" hai2="79,60,109,14,43,121,45,90,126,128,72,94,28" hai3="53,112,29,74,51,3,34,25,102,76,40,70,130"/><T113/><D117/><U97/><E120/><V58/><F121/><W114/><G70/><T134/><D113/><U93/><E67/><V56/><F109/><W92/><G130/><T110/><D131/><U59/><E127/><V35/><F128/><W78/><G40/><T99/><D134/><U103/><E107/><V125/><F72/><W21/><G3/><T37/><D37/><U69/><E104/><V135/><F79/><W41/><G41/><T19/><D110/><U116/><E69/><V15/><F135/><W118/><G118/><T106/><D31/><U68/><E68/><V91/><F35/><W33/><G33/><T115/><D115/><N who="3" m="44073" /><G74/><T123/><D123/><U22/><E22/><V4/><F28/><W89/><G102/><T111/><D111/><U12/><E2/><V83/><F83/><W65/><G65/><T30/><D30/><U23/><E23/><V71/><F71/><W46/><G34/><T16/><N who="0" m="4096" /><DORA hai="101" /><T95/><D106/><U122/><E122/><V82/><F82/><W55/><G53/><T57/><D42/><U63/><REACH who="1" step="1"/><E116/><REACH who="1" ten="232,235,320,203" step="2"/><V13/><F126/><W11/><G11/><T119/><D9/><U47/><E47/><V54/><F45/><W133/><G133/><T66/><D66/><U26/><E26/><V100/><F125/><W27/><G27/><T61/><D119/><U77/><AGARI ba="0,1" hai="7,10,12,38,39,52,59,63,77,81,87,93,97,103" machi="77" ten="20,12000,2" yaku="1,1,0,1,7,1,52,1,54,1,53,1" doraHai="0,101" doraHaiUra="80,44" who="1" fromWho="1" sc="232,-60,235,130,320,-30,203,-30" /><INIT seed="5,0,0,2,1,98" ten="172,365,290,173" oya="1" hai0="47,101,106,27,18,25,38,52,122,121,95,94,2" hai1="37,110,115,103,20,96,86,104,93,80,64,127,72" hai2="114,36,6,45,108,116,8,54,4,91,12,87,15" hai3="109,48,55,51,16,75,39,73,3,1,128,7,78"/><U97/><E37/><V89/><F108/><W68/><G109/><T133/><D2/><U129/><E64/><V111/><F111/><W31/><G39/><T62/><D38/><U66/><E66/><V135/><F116/><W100/><G68/><T26/><D18/><U23/><E110/><V79/><F135/><W84/><G31/><T42/><D42/><U123/><E123/><N who="0" m="47113" /><D133/><U40/><E40/><V132/><F132/><W85/><G7/><T83/><D83/><U125/><E115/><V81/><F114/><W30/><G30/><T33/><D33/><U24/><E72/><V0/><F36/><W71/><G71/><T32/><D32/><U117/><E117/><V119/><F119/><W29/><G29/><T49/><D62/><U28/><E129/><V88/><F6/><W41/><G41/><T69/><D69/><U9/><E9/><V63/><F63/><W90/><G16/><T11/><D11/><U77/><REACH who="1" step="1"/><E20/><REACH who="1" ten="172,355,290,173" step="2"/><V65/><F65/><W70/><G70/><T50/><D50/><U130/><E130/><V107/><F8/><W43/><G128/><T44/><D44/><U61/><E61/><V118/><F45/><W92/><G43/><T120/><D120/><U102/><AGARI ba="0,1" hai="23,24,28,77,80,86,93,96,97,102,103,104,125,127" machi="102" ten="30,11700,0" yaku="1,1,0,1,52,2,53,0" doraHai="98" doraHaiUra="56" who="1" fromWho="1" sc="172,-39,355,127,290,-39,173,-39" /><INIT seed="5,1,0,5,5,119" ten="133,482,251,134" oya="1" hai0="117,113,82,29,135,99,134,62,123,121,25,126,105" hai1="118,77,122,75,68,79,106,18,23,76,112,17,130" hai2="96,48,80,104,64,0,13,14,90,71,28,100,61" hai3="16,88,103,69,125,47,73,94,107,124,26,55,35"/><U128/><E75/><V110/><F110/><W40/><G73/><T51/><D117/><U15/><E118/><V87/><F0/><W50/><G69/><T5/><D5/><U111/><E68/><V115/><F115/><W98/><G35/><T101/><D113/><U84/><E106/><V43/><F43/><W45/><G26/><T49/><D126/><U57/><E112/><V38/><F38/><W60/><G16/><T81/><D62/><U53/><E111/><V12/><F48/><N who="0" m="18506" /><D82/><U92/><E53/><V131/><F131/><W74/><G74/><T31/><D81/><U86/><E57/><V58/><F58/><W54/><G60/><T20/><D31/><U3/><E3/><V102/><F102/><W44/><G50/><T9/><D9/><U24/><E92/><V95/><F28/><W34/><G34/><T91/><D91/><U10/><E130/><V41/><F41/><W66/><G66/><T36/><D36/><U32/><E32/><V8/><REACH who="2" step="1"/><F104/><REACH who="2" ten="133,482,241,134" step="2"/><W11/><G40/><T6/><D6/><AGARI ba="1,1" hai="6,8,12,13,14,61,64,71,80,87,90,95,96,100" machi="6" ten="30,3900,0" yaku="1,1,2,1,7,1,53,0" doraHai="119" doraHaiUra="37" who="2" fromWho="0" sc="133,-42,482,0,241,52,134,0" /><INIT seed="6,0,0,4,4,69" ten="91,482,293,134" oya="2" hai0="54,47,52,129,70,99,117,66,61,73,125,5,122" hai1="114,33,95,36,20,92,77,94,58,40,134,56,34" hai2="21,124,80,50,97,98,130,115,111,39,41,53,55" hai3="121,101,3,126,87,88,60,113,82,107,29,7,4"/><V103/><F115/><W62/><G121/><T93/><D73/><U79/><E114/><V81/><F124/><W123/><G123/><T100/><D122/><U37/><E20/><V135/><F135/><W65/><G113/><T67/><D125/><U17/><E17/><V120/><F120/><W83/><G126/><T64/><D129/><U85/><E85/><V24/><F130/><W22/><G3/><T11/><D117/><U45/><E134/><V105/><F111/><W28/><G107/><T42/><D66/><U38/><E45/><V2/><F2/><W49/><G101/><T13/><REACH who="0" step="1"/><D67/><REACH who="0" ten="81,482,293,134" step="2"/><U104/><E104/><V75/><F75/><W90/><G65/><T91/><D91/><U127/><E127/><V51/><F105/><W18/><G90/><T63/><D63/><U68/><E68/><V8/><F103/><W26/><G62/><T89/><D89/><U76/><E40/><V1/><F41/><W131/><G60/><T112/><D112/><U74/><E74/><V71/><F71/><W57/><G131/><T14/><D14/><U19/><E19/><V109/><F1/><W78/><G78/><T118/><D118/><U16/><E16/><V48/><F109/><W27/><G82/><T128/><D128/><U116/><E116/><V31/><F80/><W10/><G18/><T102/><D102/><U106/><E106/><V15/><F81/><W9/><G83/><T23/><D23/><U59/><AGARI ba="0,1" hai="33,34,36,37,38,56,58,59,76,77,79,92,94,95" machi="59" ten="50,32000,5" yakuman="40" doraHai="69" who="1" fromWho="1" sc="81,-80,482,330,293,-160,134,-80" /><INIT seed="7,0,0,3,3,88" ten="1,812,133,54" oya="3" hai0="32,98,85,133,128,119,117,5,14,115,102,8,81" hai1="53,108,11,89,101,3,94,72,62,135,90,103,6" hai2="82,49,97,105,125,100,0,73,30,29,63,23,110" hai3="59,71,122,13,131,60,4,64,130,96,123,28,56"/><W95/><G28/><T51/><D32/><U26/><E108/><V118/><F110/><W87/><G87/><T36/><D36/><U27/><E72/><V132/><F0/><W44/><G13/><T116/><D51/><U37/><E37/><V21/><F118/><N who="0" m="30210" /><T106/><DORA hai="43" /><D14/><N who="1" m="5495" /><E135/><V66/><F125/><W65/><G4/><T35/><D8/><U92/><E3/><V10/><F132/><W38/><G123/><T93/><D5/><U20/><E62/><V126/><F126/><W55/><G122/><T113/><D35/><U47/><E27/><V70/><F10/><W39/><G39/><T45/><D45/><U19/><E90/><V99/><F99/><W127/><G127/><T18/><D18/><U42/><E42/><V17/><F49/><W46/><G38/><T57/><D133/><U91/><E89/><V124/><F124/><W77/><G71/><T34/><D34/><U67/><E67/><V79/><F23/><W68/><G68/><T16/><D16/><U31/><E31/><V80/><F80/><W112/><G65/><T83/><D57/><U76/><E76/><V134/><F134/><W9/><G9/><T86/><D128/><U109/><E109/><V111/><F111/><W2/><G2/><T7/><D7/><U69/><E69/><V12/><AGARI ba="0,0" hai="12,17,21,29,30,63,66,70,73,79,82,97,100,105" machi="12" ten="20,1500,0" yaku="0,1,7,1" doraHai="88,43" who="2" fromWho="2" sc="1,-4,812,-4,133,15,54,-7" owari="-3,-50.0,808,90.0,148,-5.0,47,-35.0" /></mjloggm>