<mjloggm ver="2.3"><GO type="41" lobby="0"/><UN n0="%73%75%67%69%73%68%6F" n1="%6B%69%74%73%66" n2="%6E%61%74%74%6F" n3="%E5%B0%B1%E6%B4%BB%E7%94%9F%40%E5%B7%9D%E6%9D%91%E8%BB%8D%E5%9B%A3" dan="14,14,14,15" rate="1905.84,2016.06,1898.84,1933.30" sx="M,M,M,M"/><TAIKYOKU oya="0"/><INIT seed="0,0,0,2,5,82" ten="250,250,250,250" oya="0" hai0="81,53,76,71,49,117,99,120,38,23,36,91,46" hai1="70,101,132,20,73,32,113,134,21,3,34,131,115" hai2="79,110,68,19,50,96,65,31,62,4,10,15,7" hai3="74,55,89,6,69,9,88,87,114,121,112,75,22"/><T104/><D120/><U44/><E73/><V116/><F110/><W30/><G69/><T2/><D117/><U12/><E70/><V5/><F116/><W98/><G121/><T97/><D71/><U64/><E64/><V0/><F31/><W40/><G40/><T111/><D2/><U59/><E59/><V102/><F79/><W128/><G128/><T35/><D35/><N who="1" m="13355" /><E44/><V95/><REACH who="2" step="1"/><F50/><REACH who="2" ten="250,250,240,250" step="2"/><W51/><G114/><N who="1" m="43530" /><E131/><V84/><F84/><W78/><G112/><T58/><D49/><U33/><E101/><V126/><F126/><W109/><G109/><T1/><D99/><U60/><E60/><V122/><F122/><W13/><G74/><T72/><D97/><U41/><E41/><V25/><F25/><N who="3" m="16695" /><G75/><T37/><D72/><U90/><E132/><V14/><F14/><W39/><G39/><T52/><D37/><U24/><E134/><V18/><F18/><W130/><G130/><T8/><D111/><U94/><E12/><V66/><F66/><W11/><G98/><T92/><D38/><U42/><E42/><V54/><F54/><W118/><G118/><T48/><D52/><U63/><E63/><V103/><F103/><W28/><G28/><T61/><D53/><U127/><E127/><V67/><F67/><W106/><G13/><T16/><D61/><U85/><E3/><AGARI ba="0,1" hai="0,3,4,5,7,10,15,19,62,65,68,95,96,102" machi="3" ten="40,1300,0" yaku="1,1,53,0" doraHai="82" doraHaiUra="100" who="2" fromWho="1" sc="250,0,250,-13,240,23,250,0" /><INIT seed="1,0,0,3,5,18" ten="250,237,263,250" oya="1" hai0="6,5,37,113,117,132,112,66,7,131,44,68,106" hai1="129,3,28,130,35,127,45,94,14,103,67,50,30" hai2="47,101,15,71,98,2,22,118,86,100,114,4,90" hai3="124,25,46,36,128,116,63,122,111,62,85,97,92"/><U20/><E3/><V76/><F118/><W55/><G122/><T12/><D117/><U19/><E127/><V64/><F76/><W9/><G116/><T84/><D106/><U96/><E67/><V39/><F114/><W99/><G124/><T81/><D131/><U16/><E35/><V33/><F33/><W107/><G107/><T11/><D132/><U0/><E0/><V125/><F125/><W79/><G128/><N who="1" m="49258" /><E19/><V26/><F2/><W29/><G111/><T13/><D66/><U57/><E57/><V72/><F72/><W82/><G9/><T10/><D68/><U34/><E34/><V83/><F64/><W110/><G110/><T102/><D102/><U70/><E70/><V23/><F71/><W40/><G99/><T135/><D135/><U89/><E89/><V95/><F26/><W58/><G63/><T133/><D133/><U115/><E115/><V32/><F32/><W104/><G104/><T42/><REACH who="0" step="1"/><D5/><REACH who="0" ten="240,237,263,250" step="2"/><U121/><E121/><V80/><F4/><W21/><G97/><T109/><D109/><U59/><E59/><V52/><F98/><W78/><REACH who="3" step="1"/><G92/><REACH who="3" ten="240,237,263,240" step="2"/><T43/><D43/><AGARI ba="0,2" hai="14,16,20,28,30,43,45,50,94,96,103" m="49258" machi="43" ten="30,5800,0" yaku="19,1,52,1,54,1" doraHai="18" who="1" fromWho="0" sc="240,-58,237,78,263,0,240,0" /><INIT seed="1,1,0,0,0,70" ten="182,315,263,240" oya="1" hai0="115,37,38,4,52,26,18,132,106,31,109,86,76" hai1="121,39,69,108,57,6,44,24,73,9,116,3,89" hai2="111,48,33,134,83,62,46,21,68,60,35,14,34" hai3="126,78,67,102,12,90,25,129,85,91,0,41,29"/><U135/><E116/><V77/><F134/><W97/><G0/><T125/><D106/><U113/><E113/><V7/><F111/><W53/><G126/><T105/><D105/><U59/><E121/><V128/><F128/><W72/><G129/><T124/><D132/><U98/><E135/><V8/><F68/><W40/><G72/><T64/><D64/><U58/><E69/><V71/><F21/><W51/><G67/><T84/><D4/><U101/><E108/><V47/><F71/><W54/><G78/><T118/><D18/><U5/><E5/><V95/><F95/><W10/><G102/><T117/><D109/><U55/><E24/><V11/><F11/><W92/><G25/><T17/><D17/><U82/><E89/><V2/><F14/><W107/><G29/><T79/><D26/><U23/><E23/><V61/><REACH who="2" step="1"/><F48/><REACH who="2" ten="182,315,253,240" step="2"/><W65/><G107/><T27/><D27/><U28/><E28/><V13/><F13/><W16/><G65/><T75/><D31/><U88/><E9/><V50/><F50/><W30/><G30/><T94/><D94/><U43/><E3/><V96/><F96/><W133/><G133/><T45/><D115/><U104/><E6/><V56/><F56/><N who="3" m="32831" /><G54/><T119/><D119/><U123/><E104/><V80/><F80/><AGARI ba="1,1" hai="10,12,16,40,41,80,85,90,91,92,97" m="32831" machi="80" ten="30,2000,0" yaku="8,1,54,1" doraHai="70" who="3" fromWho="2" sc="182,0,315,0,253,-23,240,33" /><INIT seed="2,0,0,4,5,14" ten="182,315,230,273" oya="2" hai0="96,28,50,135,78,131,46,18,44,16,61,60,67" hai1="45,51,94,79,10,49,35,95,109,12,107,119,42" hai2="116,70,93,11,88,59,110,114,132,57,34,73,122" hai3="3,53,104,115,22,38,68,25,26,126,1,80,134"/><V52/><F116/><W33/><G68/><T48/><D135/><U117/><E107/><V20/><F114/><W76/><G38/><T31/><D131/><U129/><E129/><V133/><F122/><W97/><G33/><T69/><D78/><U102/><E109/><V55/><F110/><W130/><G126/><T37/><D96/><U56/><E35/><V125/><F34/><W118/><G118/><T66/><D69/><U127/><E127/><V41/><F41/><W2/><G134/><N who="2" m="51817" /><F125/><W77/><G130/><T86/><D86/><U87/><E102/><V111/><F111/><W123/><G123/><T85/><D85/><U65/><E119/><V112/><F112/><W99/><G115/><T103/><D103/><U121/><E121/><V7/><F20/><W13/><G104/><T0/><D0/><U30/><E30/><V128/><F70/><W91/><G91/><T124/><D124/><U17/><E117/><V21/><F21/><W90/><G90/><T81/><D81/><N who="1" m="47551" /><E49/><V47/><F47/><W8/><G53/><N who="2" m="20553" /><F73/><W92/><G92/><T23/><D23/><U62/><AGARI ba="0,0" hai="10,12,17,42,45,51,56,62,65,94,95" m="47551" machi="62" ten="30,2000,0" yaku="8,1,52,1" doraHai="14" who="1" fromWho="1" sc="182,-5,315,20,230,-10,273,-5" /><INIT seed="3,0,0,1,1,89" ten="177,335,220,268" oya="3" hai0="29,41,109,11,33,15,95,83,45,113,115,92,25" hai1="80,32,19,3,93,8,36,6,85,108,64,23,107" hai2="0,56,118,14,2,40,125,121,79,30,53,57,28" hai3="16,50,39,132,130,105,54,120,68,103,76,84,9"/><W61/><G120/><T27/><D109/><U55/><E108/><V60/><F121/><W124/><G39/><T21/><D83/><U4/><E107/><V65/><F118/><W73/><G73/><T62/><D62/><U31/><E36/><V86/><F125/><W75/><G75/><T37/><D27/><U123/><E123/><V102/><F102/><W128/><G132/><T82/><D82/><U87/><E6/><V106/><F106/><W49/><G124/><T58/><D58/><U96/><E64/><V94/><F40/><W77/><G105/><T91/><D33/><U13/><E55/><V69/><F69/><W72/><G72/><T111/><D111/><U104/><E80/><V42/><F42/><W5/><G103/><T112/><D91/><U66/><E66/><V134/><F134/><W43/><G43/><T22/><D22/><U18/><E18/><AGARI ba="0,0" hai="11,15,18,21,25,29,37,41,45,92,95,112,113,115" machi="18" ten="40,5200,0" yaku="11,1,52,2" doraHai="89" who="0" fromWho="1" sc="177,52,335,-52,220,0,268,0" /><INIT seed="4,0,0,5,4,103" ten="229,283,220,268" oya="0" hai0="29,108,13,92,78,114,46,30,69,95,37,47,64" hai1="50,91,1,25,129,4,2,121,98,20,27,12,74" hai2="60,100,111,71,75,83,118,116,31,90,10,24,38" hai3="119,76,0,117,104,94,109,14,58,79,87,9,39"/><T72/><D114/><U49/><E129/><V35/><F111/><W133/><G0/><T45/><D108/><U113/><E121/><V54/><F90/><W135/><G109/><T88/><D37/><U11/><E74/><V21/><F21/><W99/><G39/><T42/><D42/><U36/><E36/><V80/><F54/><W53/><G104/><T68/><D69/><U93/><E113/><V61/><F38/><W5/><G117/><N who="2" m="45161" /><F100/><W16/><G119/><T73/><D95/><U48/><REACH who="1" step="1"/><E27/><REACH who="1" ten="229,273,220,268" step="2"/><V6/><F75/><W3/><G133/><T134/><D73/><U105/><E105/><V67/><F61/><W26/><G135/><T7/><D72/><U122/><E122/><V106/><F106/><W124/><G124/><T57/><D134/><U17/><AGARI ba="0,1" hai="1,2,4,11,12,17,20,25,48,49,50,91,93,98" machi="17" ten="30,2000,0" yaku="1,1,0,1,53,0" doraHai="103" doraHaiUra="123" who="1" fromWho="1" sc="229,-10,273,30,220,-5,268,-5" /><INIT seed="5,0,0,4,0,79" ten="219,303,215,263" oya="1" hai0="131,126,74,56,9,66,4,14,3,109,113,83,28" hai1="15,22,123,5,86,75,91,80,133,18,85,114,38" hai2="20,89,105,35,125,29,87,134,13,128,96,50,44" hai3="102,71,36,119,16,52,31,76,17,117,77,7,59"/><U40/><E123/><V132/><F35/><W73/><G71/><T103/><D109/><U118/><E118/><N who="3" m="45066" /><G36/><T47/><D131/><U127/><E127/><V27/><F128/><W19/><G73/><T6/><D126/><U124/><E124/><V108/><F125/><W84/><G102/><T58/><D113/><U43/><E114/><V104/><F108/><W33/><G7/><T34/><D103/><U64/><E133/><N who="2" m="51307" /><F13/><W116/><N who="3" m="45074" /><W69/><DORA hai="122" /><G69/><T41/><D34/><U12/><E64/><V100/><F96/><W54/><G84/><T101/><D101/><U110/><E110/><V60/><F60/><N who="3" m="35943" /><G54/><T30/><D6/><U62/><E62/><V11/><F100/><W39/><G39/><N who="0" m="21951" /><D14/><U68/><E68/><V107/><F11/><W93/><G93/><T61/><D58/><U90/><E38/><V97/><F97/><W51/><G51/><T42/><D42/><U53/><E53/><N who="2" m="29895" /><F105/><W0/><G0/><T72/><D72/><U24/><E75/><V25/><F25/><AGARI ba="0,0" hai="16,17,19,25,31,33,76,77" m="35943,45074" machi="25" ten="50,6400,0" yaku="12,1,54,2" doraHai="79,122" who="3" fromWho="2" sc="219,0,303,0,215,-64,263,64" /><INIT seed="6,0,0,5,1,107" ten="219,303,151,327" oya="2" hai0="66,79,68,87,132,82,32,127,31,115,111,88,65" hai1="18,59,74,119,102,6,13,116,60,134,50,17,62" hai2="7,89,24,124,29,53,19,133,105,73,25,35,3" hai3="85,93,42,39,84,63,70,38,122,113,95,61,117"/><V10/><F105/><W125/><G122/><T123/><D111/><U64/><E134/><V81/><F133/><W97/><G117/><T130/><D132/><U54/><E6/><V47/><F124/><W27/><G125/><T36/><D123/><U49/><E102/><V43/><F53/><W83/><G113/><T92/><D127/><U121/><E121/><V101/><F101/><W51/><G70/><T86/><D115/><U78/><E50/><V77/><F89/><N who="3" m="53415" /><G39/><T20/><D32/><U8/><E18/><V67/><F67/><W71/><G27/><T52/><D36/><U108/><E108/><V98/><F98/><W57/><G38/><T69/><D130/><U91/><E91/><V126/><F126/><W44/><G57/><T75/><D68/><U135/><E135/><V129/><F129/><W48/><G48/><T110/><D69/><U55/><E55/><V21/><REACH who="2" step="1"/><F47/><REACH who="2" ten="219,303,141,327" step="2"/><W112/><G112/><T40/><D110/><U41/><E119/><V80/><F80/><W131/><G131/><T114/><D114/><U76/><E116/><V5/><F5/><W45/><G45/><T58/><D40/><AGARI ba="0,1" hai="3,7,10,19,21,24,25,29,35,40,43,73,77,81" machi="40" ten="40,3900,0" yaku="1,1,52,1,53,0" doraHai="107" doraHaiUra="96" who="2" fromWho="0" sc="219,-39,303,0,141,49,327,0" /><INIT seed="6,1,0,2,4,84" ten="180,303,190,327" oya="2" hai0="1,87,9,82,112,2,128,39,32,98,106,126,75" hai1="96,53,31,15,104,88,68,69,19,80,79,81,43" hai2="21,49,66,52,58,107,73,40,63,91,57,28,11" hai3="0,113,55,100,74,8,59,26,42,123,76,62,78"/><V130/><F107/><W34/><G123/><T30/><D128/><U89/><E31/><V61/><F130/><W48/><G74/><T51/><D39/><U4/><E4/><V110/><F73/><W93/><G113/><T64/><D126/><U85/><E43/><V14/><F110/><W47/><G0/><T97/><D112/><U114/><E114/><V10/><F40/><W56/><G34/><T33/><D75/><U24/><E24/><N who="2" m="16399" /><F14/><W125/><G125/><T109/><D33/><U54/><E69/><V22/><F22/><W105/><G105/><T111/><D109/><U83/><E68/><V27/><F27/><W122/><G122/><T44/><D1/><U95/><E104/><V5/><F5/><W36/><G26/><T65/><D106/><U115/><E115/><V101/><F101/><W41/><G8/><N who="2" m="3113" /><F49/><W6/><G6/><T60/><D111/><U135/><E135/><V72/><F72/><W129/><G129/><T99/><D32/><U17/><E79/><V134/><F134/><W116/><G116/><T86/><D2/><U29/><E29/><V7/><F7/><W94/><G100/><T117/><D117/><U102/><E102/><V25/><F25/><W77/><G41/><T103/><D103/><U12/><E15/><V92/><F92/><W67/><AGARI ba="1,0" hai="36,42,47,48,55,56,59,62,67,76,77,78,93,94" machi="67" ten="30,1100,0" yaku="0,1" doraHai="84" who="3" fromWho="3" sc="180,-4,303,-4,190,-6,327,14" /><INIT seed="7,0,0,5,1,102" ten="176,299,184,341" oya="3" hai0="114,116,117,10,27,39,54,99,120,125,128,90,86" hai1="41,60,70,69,11,66,88,5,75,1,48,131,46" hai2="122,112,25,33,45,30,84,118,53,89,101,98,77" hai3="12,127,7,52,19,37,16,4,93,35,83,78,76"/><W95/><G35/><T92/><D39/><U100/><E131/><V104/><F118/><W79/><G37/><T36/><D36/><U73/><E69/><V15/><F122/><W115/><G83/><T58/><D120/><U62/><E62/><V130/><F130/><W29/><G29/><T6/><D128/><U64/><E64/><V40/><F53/><W61/><G115/><T42/><D125/><U132/><E132/><V82/><F112/><W87/><G87/><T108/><D114/><U49/><E100/><V126/><F15/><W13/><G127/><T121/><D121/><U68/><E68/><V55/><F55/><W9/><G4/><T21/><D108/><U34/><E34/><V50/><REACH who="2" step="1"/><F126/><REACH who="2" ten="176,299,174,341" step="2"/><W31/><G13/><N who="0" m="5335" /><D117/><U32/><E32/><V0/><F0/><W43/><G43/><T94/><D116/><U2/><E2/><V135/><F135/><W85/><G52/><T96/><D42/><U106/><E48/><V57/><F57/><W51/><G51/><N who="0" m="31071" /><D94/><U17/><E106/><V74/><F74/><W105/><G61/><T113/><D113/><U56/><E70/><V24/><F24/><W123/><G95/><T63/><D63/><U134/><E134/><V20/><F20/><W38/><G93/><T26/><D26/><U23/><REACH who="1" step="1"/><E88/><AGARI ba="0,1" hai="25,30,33,40,45,50,77,82,84,88,89,98,101,104" machi="88" ten="40,8000,1" yaku="1,1,52,1,54,1,53,1" doraHai="102" doraHaiUra="97" who="2" fromWho="1" sc="176,0,299,-80,174,90,341,0" owari="176,-32.0,219,-18.0,264,6.0,341,44.0" /></mjloggm>