<mjloggm ver="2.3"><GO type="41" lobby="0"/><UN n0="%E5%85%BC%E5%A4%AA" n1="%E7%99%BD%E7%86%8A%E5%9F%B7%E4%BA%8B" n2="%E5%B0%B1%E6%B4%BB%E7%94%9F%40%E5%B7%9D%E6%9D%91%E8%BB%8D%E5%9B%A3" n3="%6D%69%63%68%61%65%6C%7A" dan="14,14,15,14" rate="1941.40,2117.05,1966.03,1843.84" sx="M,M,M,F"/><TAIKYOKU oya="0"/><INIT seed="0,0,0,1,2,11" ten="250,250,250,250" oya="0" hai0="92,56,67,82,112,48,134,45,15,66,52,53,6" hai1="38,123,19,12,96,110,17,20,117,63,94,86,22" hai2="118,3,37,108,103,115,93,97,130,125,129,104,14" hai3="128,113,36,64,58,102,89,119,10,0,68,121,32"/><T16/><D112/><U61/><E117/><V99/><F3/><W24/><G119/><T131/><D6/><U74/><E74/><V73/><F37/><W116/><G116/><T47/><D47/><U81/><E38/><V60/><F118/><W5/><G113/><T44/><D44/><U122/><E123/><V111/><F73/><W135/><G36/><T28/><D28/><U114/><E122/><V30/><F30/><W26/><G121/><T21/><D134/><U75/><E75/><V133/><F60/><W132/><G68/><T91/><D82/><U34/><E34/><V55/><F55/><W100/><G128/><N who="2" m="49257" /><F14/><W39/><G39/><T13/><D13/><N who="1" m="9263" /><E110/><N who="2" m="42027" /><F115/><W29/><G26/><T25/><D25/><U101/><E114/><V71/><F71/><W33/><G32/><T107/><D107/><U49/><E49/><V76/><F76/><AGARI ba="0,0" hai="12,19,22,61,63,76,81,86,94,96,101" m="9263" machi="76" ten="30,3900,0" yaku="8,1,52,2" doraHai="11" who="1" fromWho="2" sc="250,0,250,39,250,-39,250,0" /><INIT seed="1,0,0,3,0,68" ten="250,289,211,250" oya="1" hai0="78,83,86,53,45,76,42,10,33,92,93,20,134" hai1="123,57,117,17,122,84,56,77,39,37,13,62,15" hai2="108,24,61,80,5,59,113,110,133,130,99,48,30" hai3="101,87,12,128,97,132,7,31,32,40,109,73,58"/><U105/><E117/><V27/><F113/><W119/><G119/><T98/><D33/><U95/><E105/><V8/><F130/><W111/><G73/><T23/><D134/><U2/><E2/><V67/><F133/><W41/><G132/><T50/><D10/><U121/><E15/><V135/><F135/><W94/><G128/><T96/><D78/><U18/><E18/><V51/><F80/><W0/><G0/><T9/><D9/><U74/><E74/><V75/><F75/><W90/><G7/><T129/><D129/><U69/><E69/><V43/><F99/><N who="0" m="37930" /><D42/><U116/><E116/><V49/><F43/><W118/><G118/><T22/><AGARI ba="0,0" hai="20,22,23,45,50,53,76,83,86,92,93" m="37930" machi="22" ten="30,1100,0" yaku="8,1" doraHai="68" who="0" fromWho="0" sc="250,11,289,-5,211,-3,250,-3" /><INIT seed="2,0,0,4,0,36" ten="261,284,208,247" oya="2" hai0="6,124,85,77,99,131,82,74,68,89,21,30,111" hai1="5,109,16,55,133,20,13,29,48,90,106,15,134" hai2="45,8,91,33,37,98,126,84,66,104,57,118,3" hai3="38,49,46,100,12,40,65,64,10,60,35,58,130"/><V92/><F118/><W127/><G35/><T129/><D68/><U107/><E109/><V94/><F126/><W59/><G127/><T69/><D69/><U93/><E29/><V52/><F33/><W123/><G123/><T87/><D6/><U80/><E80/><V110/><F104/><W116/><G116/><T0/><D0/><U114/><E114/><V22/><F110/><W39/><G100/><T50/><D124/><U62/><E62/><V108/><F108/><W11/><G11/><T25/><D111/><U24/><E24/><V71/><F71/><W81/><G81/><T117/><D117/><U121/><E121/><V78/><F66/><W76/><G76/><T96/><D50/><U18/><E5/><V132/><F132/><N who="1" m="50793" /><E18/><V9/><F3/><W79/><G79/><T88/><D77/><U112/><E15/><V44/><F78/><W41/><G130/><N who="0" m="49675" /><D74/><U101/><E101/><N who="2" m="60615" /><F22/><W102/><G102/><T95/><AGARI ba="0,0" hai="21,25,30,82,85,87,88,89,95,96,99" m="49675" machi="95" ten="30,2000,0" yaku="19,1,54,1" doraHai="36" who="0" fromWho="0" sc="261,20,284,-5,208,-10,247,-5" /><INIT seed="3,0,0,1,3,39" ten="281,279,198,242" oya="3" hai0="124,56,109,122,77,102,20,31,96,126,69,74,79" hai1="135,52,67,15,66,65,27,16,125,70,55,44,53" hai2="12,76,57,114,112,86,5,1,58,3,100,132,123" hai3="41,22,8,113,107,71,63,75,24,78,61,7,48"/><W29/><G113/><T97/><D69/><U30/><E125/><N who="0" m="48233" /><D122/><U81/><E81/><V93/><F123/><W80/><G107/><T110/><D56/><U119/><E119/><V49/><F132/><W99/><G99/><N who="0" m="37963" /><D20/><N who="1" m="15719" /><E135/><V10/><F3/><W88/><G71/><T38/><D31/><U32/><E32/><V2/><F2/><W9/><G8/><T60/><D60/><U68/><E68/><V118/><F118/><W106/><G106/><T4/><D4/><U87/><E87/><V115/><F1/><W11/><G11/><T51/><D51/><N who="1" m="28775" /><E70/><V54/><F100/><W46/><REACH who="3" step="1"/><G88/><REACH who="3" ten="281,279,198,232" step="2"/><T121/><D121/><U6/><E6/><V73/><F115/><W21/><G21/><AGARI ba="0,1" hai="15,16,21,53,55,65,66,67" m="28775,15719" machi="21" ten="30,3900,0" yaku="8,1,54,2" doraHai="39" who="1" fromWho="3" sc="281,0,279,49,198,0,232,-39" /><INIT seed="4,0,0,1,0,85" ten="281,328,198,193" oya="0" hai0="68,8,0,111,3,2,62,69,101,40,110,60,119" hai1="100,86,44,45,80,24,29,75,41,36,116,77,61" hai2="84,59,113,130,122,106,39,87,37,46,107,105,74" hai3="67,98,102,117,114,14,34,17,13,38,115,63,66"/><T48/><D119/><U108/><E108/><N who="0" m="41513" /><D101/><U9/><E116/><V99/><F74/><W43/><G117/><T81/><D81/><U51/><E61/><N who="0" m="23657" /><D8/><U128/><E128/><V93/><F122/><W131/><G131/><T134/><D134/><U118/><E118/><V21/><F113/><N who="3" m="43019" /><G34/><T58/><D58/><U31/><E100/><V32/><F32/><W79/><G79/><T30/><D30/><U71/><E71/><N who="0" m="27209" /><D48/><U5/><E24/><V127/><F59/><W56/><G67/><T90/><D90/><U92/><E92/><V28/><F28/><W91/><G91/><T112/><D40/><N who="1" m="22535" /><E86/><V16/><F39/><W88/><G102/><T125/><D125/><U73/><E75/><V97/><F127/><W70/><G70/><T64/><D112/><U57/><E57/><V49/><F37/><W7/><G7/><T35/><D35/><U76/><E77/><V123/><F123/><W25/><G25/><T83/><D83/><U126/><E126/><V42/><F130/><W89/><G98/><T50/><D50/><U78/><E76/><V27/><REACH who="2" step="1"/><F99/><REACH who="2" ten="281,328,188,193" step="2"/><W15/><G17/><T22/><D64/><U33/><E33/><V65/><F65/><W96/><G96/><T120/><D120/><U47/><E47/><AGARI ba="0,1" hai="13,14,15,38,43,47,56,63,66,88,89" m="43019" machi="47" ten="30,7700,0" yaku="15,1,52,2,54,1" doraHai="85" who="3" fromWho="1" sc="281,0,328,-77,188,0,193,87" /><INIT seed="5,0,0,2,2,19" ten="281,251,188,280" oya="1" hai0="21,28,83,31,128,133,93,25,24,109,61,55,46" hai1="8,77,40,115,97,44,10,60,12,59,16,3,117" hai2="75,90,79,56,134,96,122,69,22,54,63,48,125" hai3="85,0,120,126,113,5,65,50,74,76,123,94,47"/><U33/><E117/><V26/><F122/><W129/><G74/><T68/><D109/><U43/><E33/><V101/><F125/><W52/><G126/><T64/><D128/><U105/><E77/><V6/><F134/><W106/><G129/><T98/><D133/><U80/><E80/><V100/><F6/><W102/><G106/><T53/><D83/><U70/><E70/><V17/><F75/><W89/><G76/><T107/><D107/><U95/><E105/><V39/><F39/><W84/><G84/><T131/><D46/><U2/><E115/><V118/><F79/><W23/><G102/><T35/><REACH who="0" step="1"/><D131/><REACH who="0" ten="271,251,188,280" step="2"/><U108/><E108/><V27/><F118/><W7/><G113/><T88/><AGARI ba="0,1" hai="21,24,25,28,31,35,53,55,61,64,68,88,93,98" machi="88" ten="20,12000,2" yaku="1,1,2,1,0,1,7,1,52,1,54,1,53,1" doraHai="19" doraHaiUra="29" who="0" fromWho="0" sc="271,130,251,-60,188,-30,280,-30" /><INIT seed="6,0,0,5,2,12" ten="401,191,158,250" oya="2" hai0="129,59,81,41,109,35,104,57,45,21,42,93,7" hai1="87,72,66,56,1,53,18,86,17,61,58,113,99" hai2="54,105,76,37,50,120,19,30,91,107,0,125,43" hai3="52,44,110,34,27,117,3,92,28,5,111,70,135"/><V2/><F120/><W88/><G117/><T100/><D109/><U122/><E72/><V121/><F121/><W130/><G70/><T25/><D35/><U15/><E1/><V112/><F30/><W73/><G73/><T118/><D104/><U39/><E39/><V119/><F119/><W116/><G116/><T115/><D118/><U96/><E122/><V85/><F76/><W6/><G135/><T75/><D7/><U78/><E113/><V9/><F112/><W108/><G3/><N who="2" m="1065" /><F125/><W22/><G34/><T69/><D115/><U124/><E124/><V63/><F43/><W133/><G133/><T32/><D32/><U71/><E71/><V55/><F63/><W89/><G89/><T94/><D69/><U4/><E4/><V114/><F55/><W31/><G28/><T13/><D100/><U26/><E26/><V67/><F67/><W77/><G77/><T101/><D101/><U83/><E15/><N who="2" m="7663" /><F37/><W20/><G20/><T127/><D127/><U48/><REACH who="1" step="1"/><E87/><REACH who="1" ten="401,181,158,250" step="2"/><V97/><F114/><W23/><G130/><T132/><D129/><U82/><E82/><N who="2" m="49591" /><F97/><AGARI ba="0,1" hai="17,18,48,53,56,58,61,66,78,83,86,96,97,99" machi="97" ten="40,8000,1" yaku="1,1,8,1,52,2,53,1" doraHai="12" doraHaiUra="46" who="1" fromWho="2" sc="401,0,181,90,158,-80,250,0" /><INIT seed="7,0,0,3,0,120" ten="401,271,78,250" oya="3" hai0="28,80,60,10,0,25,49,17,69,109,114,20,66" hai1="44,64,41,102,135,52,8,85,76,127,110,125,79" hai2="93,74,128,129,4,131,123,9,37,54,89,46,68" hai3="116,36,103,67,40,22,15,119,96,2,51,55,98"/><W88/><G2/><T84/><D109/><U111/><E135/><V90/><F123/><W73/><G73/><T62/><D62/><U11/><E102/><V72/><F68/><W113/><G113/><T87/><D114/><U45/><E64/><V30/><F30/><W33/><G33/><T13/><D49/><U105/><E105/><V32/><F32/><W115/><G115/><T43/><D43/><U3/><E85/><V71/><F71/><W53/><G36/><T126/><D126/><N who="1" m="48139" /><E41/><V133/><F133/><W26/><G15/><T75/><REACH who="0" step="1"/><D0/><REACH who="0" ten="391,271,78,250" step="2"/><U29/><E3/><V63/><F37/><W86/><G67/><T107/><D107/><U134/><E134/><V106/><F106/><W23/><G116/><T38/><D38/><U21/><E45/><V97/><F89/><W78/><G119/><T132/><D132/><U57/><E44/><V50/><REACH who="2" step="1"/><F63/><REACH who="2" ten="391,271,68,250" step="2"/><W59/><G78/><AGARI ba="0,2" hai="10,13,17,20,25,28,60,66,69,75,78,80,84,87" machi="78" ten="40,1300,0" yaku="1,1,53,0" doraHai="120" doraHaiUra="101" who="0" fromWho="3" sc="391,33,271,0,68,0,250,-13" owari="424,52.0,271,7.0,68,-43.0,237,-16.0" /></mjloggm>