<mjloggm ver="2.3"><GO type="169" lobby="0"/><UN n0="%E5%B0%B1%E6%B4%BB%E7%94%9F%40%E5%B7%9D%E6%9D%91%E8%BB%8D%E5%9B%A3" n1="%74%61%72%6F%33%39%30%30" n2="%E5%83%95%E3%83%A2%E3%83%8E%E3%82%AF%E3%83%9E%E3%81%86%E3%81%B7%E3%81%B7" n3="%E9%BA%BB%E9%9B%80%E3%81%AE%E6%89%89" dan="16,17,16,17" rate="2034.53,2118.62,2229.55,2173.86" sx="M,M,M,M"/><TAIKYOKU oya="0"/><INIT seed="0,0,0,0,2,72" ten="250,250,250,250" oya="0" hai0="7,125,91,101,112,45,70,27,93,2,89,94,130" hai1="83,62,132,56,85,29,26,28,1,8,63,108,41" hai2="64,18,42,104,115,11,69,110,3,133,40,57,44" hai3="119,5,75,96,120,102,67,73,35,55,20,43,15"/><T88/><D112/><U123/><E108/><V76/><F115/><W24/><G35/><T32/><D70/><U90/><E123/><V118/><F104/><W126/><G119/><T82/><D130/><U12/><E132/><V80/><F133/><W117/><G126/><T128/><D125/><U34/><E1/><V98/><F110/><W31/><G117/><T77/><D101/><U61/><E41/><V16/><F118/><W23/><G120/><T4/><D128/><U97/><E29/><V9/><F69/><W131/><G43/><T10/><D7/><U100/><E56/><V124/><F98/><W122/><G67/><T52/><D32/><U95/><REACH who="1" step="1"/><E62/><REACH who="1" ten="250,240,250,250" step="2"/><V66/><F57/><W53/><G131/><T127/><D127/><U58/><E58/><V50/><F40/><W49/><G122/><T107/><D107/><U46/><E46/><V114/><F3/><W59/><G53/><T6/><D6/><AGARI ba="0,1" hai="6,8,12,26,28,34,61,63,83,85,90,95,97,100" machi="6" ten="30,3900,0" yaku="1,1,7,1,53,1" doraHai="72" doraHaiUra="79" who="1" fromWho="0" sc="250,-39,240,49,250,0,250,0" /><INIT seed="1,0,0,5,5,58" ten="211,289,250,250" oya="1" hai0="64,31,18,26,119,17,35,37,50,34,6,121,30" hai1="81,55,128,73,27,56,76,107,111,53,10,4,109" hai2="113,16,60,3,61,97,95,77,29,70,92,79,103" hai3="72,105,28,120,59,63,25,66,5,129,68,48,7"/><U89/><E128/><V104/><F3/><W11/><G72/><T94/><D37/><U108/><E107/><V51/><F104/><W133/><G129/><T44/><D119/><U87/><E27/><V114/><F70/><W33/><G133/><T98/><D121/><U52/><E89/><V21/><F29/><W131/><G131/><T47/><D6/><U24/><E24/><V42/><F95/><W13/><G105/><T19/><D64/><U54/><E73/><V62/><F51/><W80/><G80/><T122/><D122/><U74/><E74/><V69/><F42/><W96/><G96/><T71/><D71/><U8/><REACH who="1" step="1"/><E4/><REACH who="1" ten="211,279,250,250" step="2"/><V2/><F79/><W116/><G120/><T100/><D30/><U117/><E117/><V41/><F77/><W123/><G123/><T67/><D34/><U130/><E130/><V106/><F106/><W45/><G116/><T20/><D35/><U118/><E118/><V78/><F78/><W75/><G75/><T90/><D90/><U39/><E39/><V84/><F103/><W91/><G91/><T0/><D100/><U46/><E46/><V85/><F113/><W36/><G36/><T15/><D47/><U86/><E86/><V134/><F85/><W23/><G5/><T43/><D31/><U125/><E125/><V102/><F84/><W126/><G126/><T132/><D132/><U40/><E40/><V12/><F41/><N who="3" m="24623" /><G33/><T112/><D26/><U124/><E124/><V110/><F134/><W32/><G32/><T115/><D112/><U9/><E9/><V88/><F114/><W57/><AGARI ba="0,1" hai="7,11,13,23,25,28,57,59,63,66,68" m="24623" machi="57" ten="30,2000,0" yaku="5,1,52,1" doraHai="58" who="3" fromWho="3" sc="211,-5,279,-10,250,-5,250,30" /><INIT seed="2,0,0,1,1,11" ten="206,269,245,280" oya="2" hai0="76,12,39,67,36,112,97,60,117,100,59,107,101" hai1="25,94,38,131,2,18,55,70,3,37,56,63,125" hai2="128,50,135,34,24,134,90,19,40,74,102,65,20" hai3="89,113,71,124,99,127,110,79,108,45,30,82,21"/><V6/><F74/><N who="3" m="43383" /><G71/><T15/><D112/><U98/><E131/><V64/><F128/><W33/><G33/><T77/><D117/><U35/><E125/><N who="3" m="48202" /><G45/><T57/><D97/><U43/><E70/><V84/><F34/><W68/><G68/><T105/><D60/><U14/><E25/><V129/><F129/><W93/><G113/><T75/><D75/><U16/><E18/><V29/><F29/><W83/><G30/><T9/><D9/><U109/><E109/><N who="3" m="42090" /><G21/><T123/><REACH who="0" step="1"/><D67/><REACH who="0" ten="196,269,245,280" step="2"/><U31/><E63/><V118/><F65/><W52/><G83/><T78/><D78/><U44/><E2/><V23/><F64/><W54/><AGARI ba="0,1" hai="52,54,89,93,99" m="42090,48202,43383" machi="54" ten="40,5200,0" yaku="18,1,14,1,54,1" doraHai="11" who="3" fromWho="3" sc="196,-13,269,-13,245,-26,280,62" /><INIT seed="3,0,0,2,0,2" ten="183,256,219,342" oya="3" hai0="1,56,48,30,95,71,129,4,124,119,39,26,18" hai1="35,28,29,66,44,52,67,118,15,40,104,64,57" hai2="77,101,24,42,128,69,70,123,79,112,94,125,121" hai3="134,131,122,109,36,130,113,61,107,37,13,73,65"/><W21/><G107/><T46/><D71/><U100/><E118/><V53/><F112/><W33/><G73/><T54/><D119/><U89/><E35/><V7/><F42/><W19/><G33/><T23/><D129/><N who="3" m="49161" /><G122/><T135/><D124/><U110/><E110/><V83/><F125/><W80/><G113/><T32/><D135/><U50/><E89/><V88/><F101/><W97/><G134/><T51/><D39/><U106/><E15/><V105/><F105/><W127/><G127/><T11/><D95/><U58/><E58/><V14/><F94/><W103/><G80/><T8/><D8/><U126/><E126/><V60/><F128/><W75/><G75/><T62/><REACH who="0" step="1"/><D46/><REACH who="0" ten="173,256,219,342" step="2"/><U132/><E132/><V76/><F123/><W41/><G109/><T78/><D78/><U114/><E114/><V116/><F77/><W47/><G37/><T0/><D0/><U31/><REACH who="1" step="1"/><E100/><REACH who="1" ten="173,246,219,342" step="2"/><V25/><F116/><W90/><G103/><T91/><D91/><U120/><E120/><V6/><F88/><W63/><G90/><T86/><D86/><U49/><AGARI ba="0,2" hai="28,29,31,40,44,49,50,52,57,64,66,67,104,106" machi="49" ten="30,4000,0" yaku="1,1,0,1,54,1,53,0" doraHai="2" doraHaiUra="117" who="1" fromWho="1" sc="173,-10,246,60,219,-10,342,-20" /><INIT seed="4,0,0,0,5,79" ten="163,306,209,322" oya="0" hai0="90,47,101,17,129,117,35,93,40,6,104,94,75" hai1="127,48,108,130,29,11,26,53,109,121,123,19,86" hai2="44,18,15,103,95,67,74,37,1,78,97,25,32" hai3="98,50,10,39,124,12,112,8,106,88,27,51,46"/><T119/><D75/><U38/><E38/><V21/><F1/><W87/><G124/><T115/><D35/><U96/><E127/><V62/><F37/><W116/><G116/><T81/><D6/><U84/><E130/><V13/><F44/><W20/><G112/><T24/><D115/><U125/><E125/><V126/><F126/><W7/><G10/><T89/><D129/><U57/><E96/><V107/><F95/><W92/><G106/><T135/><D135/><U72/><E72/><V76/><F74/><W133/><G133/><T70/><D70/><U61/><E123/><V73/><F15/><W9/><G9/><T105/><D24/><U52/><E121/><V55/><F55/><W122/><G122/><T85/><D17/><U77/><E86/><V42/><F42/><W65/><G65/><T0/><D47/><U34/><E11/><V102/><F102/><W23/><G23/><T31/><D40/><U69/><E19/><V60/><F73/><W5/><G5/><T41/><D41/><U118/><E118/><N who="0" m="45065" /><D31/><U113/><E113/><V49/><F49/><W114/><G114/><T59/><D59/><U132/><E132/><V45/><F45/><W110/><G39/><T120/><D0/><U63/><E69/><N who="2" m="42215" /><F62/><N who="1" m="23561" /><E53/><V36/><F36/><W64/><G64/><T99/><D120/><U82/><E48/><V91/><F91/><W71/><G71/><T100/><D100/><U56/><E56/><V66/><F66/><W16/><G46/><T68/><D68/><U22/><E22/><N who="2" m="11599" /><F32/><W28/><G20/><T128/><D128/><U134/><E134/><RYUUKYOKU ba="0,0" sc="163,10,306,10,209,10,322,-30" hai0="81,85,89,90,93,94,99,101,104,105" hai1="26,29,34,52,57,77,82,84,108,109" hai2="21,25,76,78,97,103,107" /><INIT seed="4,1,0,5,5,121" ten="173,316,219,292" oya="0" hai0="92,52,132,46,124,63,128,14,60,35,72,15,81" hai1="118,83,102,61,69,91,5,47,113,22,51,84,43" hai2="29,42,10,45,129,122,58,28,12,27,115,101,85" hai3="110,3,116,16,108,36,19,34,71,49,20,37,77"/><T50/><D35/><U65/><E118/><V26/><F122/><W117/><G71/><T53/><D128/><U95/><E113/><V25/><F129/><W99/><G3/><T56/><D132/><U75/><E5/><V135/><F135/><W111/><G34/><T114/><D114/><U82/><E75/><V68/><F68/><W109/><G77/><T18/><D124/><U1/><E1/><V66/><F115/><W4/><G4/><T33/><D33/><U2/><E2/><V123/><F123/><W6/><G6/><T86/><D72/><U79/><E102/><V74/><F74/><W80/><G80/><T54/><D92/><U21/><E82/><V62/><F101/><W98/><G111/><T106/><D106/><U96/><AGARI ba="1,0" hai="21,22,43,47,51,61,65,69,79,83,84,91,95,96" machi="96" ten="20,1500,0" yaku="0,1,7,1" doraHai="121" who="1" fromWho="1" sc="173,-8,316,18,219,-5,292,-5" /><INIT seed="5,0,0,4,2,35" ten="165,334,214,287" oya="1" hai0="91,38,119,69,62,132,34,99,25,100,57,126,88" hai1="11,20,68,82,60,21,58,102,95,117,101,28,31" hai2="116,52,19,5,23,98,83,12,53,134,130,0,135" hai3="129,84,92,80,39,86,41,113,71,14,24,75,124"/><U65/><E117/><V114/><F116/><W32/><G71/><T123/><D119/><U1/><E68/><V42/><F130/><W29/><G75/><T13/><D123/><U131/><E131/><V50/><F114/><W17/><G129/><T26/><D126/><U87/><E1/><V97/><F42/><W33/><G33/><T44/><D132/><N who="2" m="50730" /><F83/><W63/><G124/><T72/><D72/><U3/><E3/><V85/><F85/><W4/><G4/><T30/><D25/><U55/><E11/><N who="2" m="2471" /><F53/><W64/><G113/><T59/><D13/><U47/><E47/><AGARI ba="0,0" hai="12,19,23,47,50,52,97,98" m="2471,50730" machi="47" ten="30,3900,0" yaku="20,1,52,1,54,1" doraHai="35" who="2" fromWho="1" sc="165,0,334,-39,214,39,287,0" /><INIT seed="6,0,0,5,3,89" ten="165,295,253,287" oya="2" hai0="53,51,12,110,132,20,129,60,4,43,35,68,69" hai1="116,103,93,114,125,108,27,131,41,82,122,95,3" hai2="34,66,75,38,80,113,32,118,81,127,124,31,33" hai3="135,70,97,23,79,29,39,47,111,121,2,11,126"/><V104/><F118/><W50/><G70/><T74/><D35/><U42/><E108/><V96/><F38/><W112/><G39/><T77/><D110/><U102/><E116/><V119/><F119/><W26/><G121/><T76/><D129/><U98/><E3/><V94/><F104/><W84/><G135/><T57/><D132/><U83/><E114/><V56/><F113/><W86/><G126/><N who="2" m="48169" /><F31/><W88/><G112/><T130/><D130/><U37/><E131/><V22/><F22/><W15/><G2/><T133/><D74/><U87/><E125/><V14/><F14/><W100/><G111/><T72/><D72/><U99/><E122/><V55/><F66/><W46/><G79/><T90/><D133/><U0/><E0/><V63/><F75/><W61/><G61/><T48/><D69/><U40/><E37/><V65/><F65/><W64/><G64/><T16/><D4/><U109/><E109/><V45/><F45/><W21/><G21/><T52/><D43/><U128/><E128/><V117/><F117/><W30/><G30/><T120/><D120/><U10/><E10/><V105/><F105/><W5/><G47/><N who="0" m="27679" /><D68/><U17/><E87/><V101/><AGARI ba="0,0" hai="32,33,34,55,56,63,80,81,94,96,101" m="48169" machi="101" ten="40,3900,0" yaku="18,1,52,1" doraHai="89" who="2" fromWho="2" sc="165,-13,295,-13,253,39,287,-13" /><INIT seed="6,1,0,4,1,128" ten="152,282,292,274" oya="2" hai0="18,90,30,98,28,4,50,67,88,125,69,107,52" hai1="124,66,25,134,7,93,40,126,95,121,21,123,49" hai2="54,122,114,62,53,131,56,73,23,29,96,76,106" hai3="42,38,58,84,113,16,19,102,48,15,26,5,9"/><V117/><F117/><W83/><G113/><T103/><D125/><N who="1" m="48235" /><E7/><V63/><F122/><N who="1" m="46601" /><E66/><V118/><F118/><W6/><G102/><T97/><D4/><U72/><E72/><V34/><F73/><W82/><G38/><T115/><D115/><U32/><E32/><V22/><F34/><W89/><G83/><T85/><D18/><N who="1" m="12471" /><E134/><V104/><F114/><W105/><G105/><T135/><D135/><U37/><E37/><V71/><F106/><W55/><G42/><T127/><D127/><U64/><E64/><V8/><F104/><W99/><G99/><T92/><D67/><U77/><E77/><V59/><F96/><W47/><G58/><T11/><D11/><U68/><E68/><V100/><F8/><W12/><G26/><T79/><D69/><U31/><E31/><V120/><F76/><W78/><G78/><T61/><D79/><U70/><E70/><V75/><F75/><W132/><G132/><T43/><D43/><U41/><E41/><V57/><F29/><W116/><G116/><T20/><D20/><AGARI ba="1,0" hai="5,6,9,12,15,16,19,20,47,48,55,82,84,89" machi="20" ten="30,8000,1" yaku="7,1,25,2,8,1,54,1" doraHai="128" who="3" fromWho="0" sc="152,-83,282,0,292,0,274,83" /><INIT seed="7,0,0,1,5,28" ten="69,282,292,357" oya="3" hai0="131,66,133,27,45,33,13,55,114,36,20,5,3" hai1="41,99,50,75,14,110,120,39,80,40,32,91,101" hai2="107,34,72,78,119,103,22,63,74,93,115,9,68" hai3="52,31,64,71,94,26,124,8,60,47,16,76,116"/><W10/><G116/><T30/><D66/><U117/><E110/><V88/><F119/><W106/><G106/><T1/><D55/><U29/><E117/><V25/><F115/><W90/><G124/><T35/><D45/><U19/><E120/><V113/><F113/><W130/><G76/><T82/><D36/><U109/><E109/><V61/><F9/><W112/><G112/><T126/><D114/><U23/><E39/><V135/><F135/><W44/><G130/><T37/><D37/><U83/><E75/><V128/><F128/><W6/><G16/><N who="0" m="10255" /><D131/><U43/><E91/><V18/><F78/><W121/><G121/><T92/><D92/><U96/><E50/><V12/><F103/><W21/><G52/><T129/><D82/><U134/><E134/><V77/><F107/><W100/><G100/><T48/><D48/><U102/><E102/><V62/><F68/><W73/><G73/><T111/><D129/><U4/><E99/><V24/><F77/><W51/><G51/><T15/><D133/><U104/><E4/><V132/><F132/><W38/><G38/><T58/><D58/><U81/><E81/><V85/><F25/><W65/><G65/><T7/><D111/><U17/><E17/><V97/><F97/><W56/><G71/><T59/><D59/><U49/><E49/><V125/><F125/><W108/><G108/><T69/><D69/><U46/><E46/><V54/><F54/><W105/><G47/><T53/><D53/><U0/><E0/><N who="0" m="73" /><D126/><U98/><E98/><V67/><F67/><W42/><G64/><T57/><D57/><RYUUKYOKU ba="0,0" sc="69,-15,282,15,292,15,357,-15" hai1="14,19,23,29,32,40,41,43,80,83,96,101,104" hai2="12,18,22,24,34,61,62,63,72,74,85,88,93" owari="54,-45.0,297,-10.0,307,11.0,342,44.0" /></mjloggm>