<mjloggm ver="2.3"><GO type="41" lobby="0"/><UN n0="%E3%81%97%E3%82%83%E3%82%8D" n1="%E5%B0%B1%E6%B4%BB%E7%94%9F%40%E5%B7%9D%E6%9D%91%E8%BB%8D%E5%9B%A3" n2="%41%43%52%45" n3="%EF%BC%A0%E3%81%97%E3%82%85%E3%81%B3" dan="13,15,14,13" rate="1853.27,1994.75,1940.09,1853.34" sx="M,M,M,M"/><TAIKYOKU oya="0"/><INIT seed="0,0,0,0,1,2" ten="250,250,250,250" oya="0" hai0="47,49,123,16,107,21,133,116,32,52,68,61,86" hai1="55,11,85,39,80,13,30,112,77,17,127,81,65" hai2="56,45,125,132,24,0,72,110,41,108,79,29,118" hai3="53,124,48,9,82,5,46,40,26,131,73,7,90"/><T96/><D123/><U1/><E39/><V43/><F118/><W95/><G124/><T114/><D116/><U89/><E127/><V33/><F125/><W69/><G69/><T31/><D114/><U75/><E112/><V62/><F132/><W104/><G104/><T117/><D117/><U44/><E65/><V94/><F0/><W121/><G121/><T66/><D133/><U19/><E30/><V129/><F129/><W14/><G131/><T113/><D113/><U130/><E1/><V111/><F94/><W92/><G26/><T105/><D86/><U103/><E130/><V115/><F115/><W25/><G25/><T59/><D96/><U100/><REACH who="1" step="1"/><E19/><REACH who="1" ten="250,240,250,250" step="2"/><V126/><F126/><W57/><G7/><T63/><D31/><U97/><E97/><V98/><F98/><W20/><G20/><T34/><D32/><U50/><AGARI ba="0,1" hai="11,13,17,44,50,55,75,77,80,81,85,89,100,103" machi="50" ten="30,8000,1" yaku="1,1,0,1,25,2,53,1" doraHai="2" doraHaiUra="84" who="1" fromWho="1" sc="250,-40,240,90,250,-20,250,-20" /><INIT seed="1,0,0,0,3,21" ten="210,330,230,230" oya="1" hai0="78,12,62,18,124,70,133,6,23,37,49,38,77" hai1="130,29,82,60,11,86,95,83,79,71,40,32,112" hai2="108,16,25,103,128,42,127,69,80,111,35,134,100" hai3="22,34,96,119,66,58,48,91,13,92,67,74,57"/><U1/><E112/><V109/><F69/><W52/><G34/><T41/><D133/><U20/><E130/><V84/><F134/><W44/><G119/><T93/><D124/><U113/><E113/><V94/><F128/><W132/><G74/><T55/><D6/><U4/><E32/><V106/><F106/><W47/><G47/><T125/><D125/><U27/><E40/><V123/><F127/><W43/><G132/><T104/><D104/><U33/><E33/><V9/><F123/><W76/><G76/><T24/><D93/><U89/><REACH who="1" step="1"/><E79/><REACH who="1" ten="210,320,230,230" step="2"/><N who="2" m="46111" /><F42/><W81/><G43/><T64/><D78/><U53/><E53/><V50/><F35/><W10/><G66/><AGARI ba="0,1" hai="1,4,11,20,27,29,60,66,71,82,83,86,89,95" machi="66" ten="40,7700,0" yaku="1,1,52,1,53,1" doraHai="21" doraHaiUra="0" who="1" fromWho="3" sc="210,0,320,87,230,0,230,-77" /><INIT seed="1,1,0,2,1,5" ten="210,407,230,153" oya="1" hai0="7,90,3,2,111,6,114,88,103,100,97,106,101" hai1="1,107,36,10,86,108,122,60,75,40,31,71,61" hai2="129,91,83,109,85,0,130,110,28,23,48,55,79" hai3="84,74,11,22,95,73,66,51,105,80,38,82,78"/><U9/><E122/><V65/><F0/><W30/><G38/><T26/><D114/><U132/><E75/><V41/><F41/><W20/><G105/><T120/><D120/><U121/><E107/><V67/><F28/><W87/><G95/><T35/><D111/><N who="2" m="42506" /><F23/><W126/><G126/><T16/><D35/><U116/><E121/><V37/><F37/><W45/><G66/><T46/><D46/><U27/><E116/><V64/><F79/><W13/><G74/><T93/><D106/><U69/><E132/><V124/><F124/><W135/><G73/><T70/><D70/><U17/><E108/><V113/><F113/><W115/><G135/><T119/><D119/><U15/><E86/><V33/><F33/><W47/><G47/><AGARI ba="1,0" hai="47,48,55,64,65,67,83,85,91,129,130" m="42506" machi="47" ten="30,1000,0" yaku="14,1" doraHai="5" who="2" fromWho="3" sc="210,0,407,0,230,13,153,-13" /><INIT seed="2,0,0,4,0,70" ten="210,407,243,140" oya="2" hai0="84,53,96,129,8,94,126,54,15,26,73,119,34" hai1="118,89,48,64,45,111,102,43,55,39,92,52,113" hai2="18,36,3,32,112,17,98,104,0,7,28,115,47" hai3="65,61,120,125,10,46,82,56,5,37,133,1,63"/><V134/><F104/><W29/><G133/><T22/><D73/><U23/><E118/><V127/><F98/><W31/><G125/><T75/><D119/><U74/><E74/><V40/><F134/><W91/><G120/><T20/><D75/><U59/><E113/><V123/><F123/><W13/><G1/><T99/><D126/><U116/><E116/><V117/><F127/><W132/><G132/><T72/><D72/><U121/><E121/><V11/><F117/><W16/><G5/><T109/><D109/><U77/><E111/><V88/><F0/><W51/><G61/><T33/><D129/><U103/><E77/><V76/><F76/><W30/><G37/><T19/><D84/><U79/><E79/><V122/><F122/><W93/><G30/><T57/><D54/><U135/><E135/><V83/><F32/><W97/><REACH who="3" step="1"/><G82/><REACH who="3" ten="210,407,243,130" step="2"/><T90/><D33/><U38/><E38/><V81/><F28/><W68/><G68/><T2/><D34/><U4/><E4/><V110/><F110/><W78/><G78/><T21/><D2/><U131/><E131/><V66/><F81/><W6/><G6/><T124/><D124/><U85/><E64/><V108/><F108/><W101/><G101/><T9/><D26/><U24/><REACH who="1" step="1"/><E55/><AGARI ba="0,1" hai="10,13,16,29,31,46,51,55,56,63,65,91,93,97" machi="55" ten="30,7700,0" yaku="1,1,7,1,8,1,54,1,53,0" doraHai="70" doraHaiUra="69" who="3" fromWho="1" sc="210,0,407,-77,243,0,130,87" /><INIT seed="3,0,0,2,2,44" ten="210,330,243,217" oya="3" hai0="39,51,96,132,13,73,17,82,91,53,7,25,26" hai1="4,8,93,27,118,71,30,35,101,61,98,86,69" hai2="52,58,116,3,105,40,84,130,31,126,34,121,14" hai3="38,92,66,87,60,90,77,95,107,117,12,1,127"/><W122/><G1/><T119/><D39/><U16/><E118/><V124/><F105/><W22/><G117/><T99/><D73/><U18/><E86/><V80/><F3/><W104/><G38/><T74/><D74/><U33/><E33/><V5/><F116/><W47/><G127/><N who="2" m="48681" /><F130/><W89/><G122/><T24/><D119/><U128/><E128/><V131/><F131/><W81/><G12/><T103/><D132/><U83/><E83/><V37/><F121/><W32/><G32/><T85/><D7/><U43/><E43/><V29/><F34/><W54/><G22/><T129/><D129/><U28/><E28/><V20/><F37/><W64/><G107/><T100/><D100/><U55/><E71/><V48/><F40/><W42/><G42/><T57/><REACH who="0" step="1"/><D103/><REACH who="0" ten="200,330,243,217" step="2"/><U110/><E110/><V67/><F5/><W97/><G104/><T15/><D15/><U50/><E69/><V46/><F14/><W120/><G120/><T111/><D111/><U88/><E101/><V11/><F11/><AGARI ba="0,1" hai="11,13,17,24,25,26,51,53,57,82,85,91,96,99" machi="11" ten="40,5200,0" yaku="1,1,8,1,52,1,53,0" doraHai="44" doraHaiUra="109" who="0" fromWho="2" sc="200,62,330,0,243,-52,217,0" /><INIT seed="4,0,0,4,5,120" ten="262,330,191,217" oya="0" hai0="124,16,15,20,128,38,99,109,104,122,57,105,62" hai1="121,42,111,89,8,84,127,55,86,79,74,49,95" hai2="2,13,45,6,117,78,123,76,135,14,67,1,11" hai3="5,39,51,50,100,73,61,85,23,107,46,30,25"/><T58/><D122/><U21/><E111/><V75/><F123/><W37/><G73/><T88/><D38/><U48/><E121/><V70/><F117/><W32/><G5/><T7/><D7/><U33/><E33/><V110/><F135/><W52/><G61/><T64/><D124/><U92/><E127/><V28/><F28/><W0/><G0/><T71/><D128/><U112/><E112/><V134/><F134/><W131/><G131/><T35/><D35/><U27/><E74/><V17/><F45/><W41/><G32/><T133/><D133/><U63/><E8/><V115/><F115/><W43/><G43/><T87/><D109/><U56/><E42/><V18/><F110/><W102/><G100/><T44/><D44/><U80/><REACH who="1" step="1"/><E95/><REACH who="1" ten="262,320,191,217" step="2"/><V96/><F75/><W94/><G94/><T12/><D105/><U83/><E83/><V36/><F11/><W98/><G85/><T97/><D104/><U130/><E130/><V81/><F81/><W119/><G119/><T22/><D99/><U3/><E3/><V101/><F1/><W68/><G98/><T66/><D97/><U10/><E10/><V114/><F2/><W125/><G125/><T4/><D22/><U53/><E53/><V82/><F114/><W72/><G52/><T132/><D132/><U60/><E60/><V118/><F82/><W91/><G107/><T93/><REACH who="0" step="1"/><D66/><REACH who="0" ten="252,320,191,217" step="2"/><U90/><E90/><V129/><F67/><W26/><G91/><T108/><D108/><U116/><E116/><V9/><F118/><W29/><G23/><T126/><D126/><U103/><E103/><RYUUKYOKU ba="0,2" sc="252,15,320,15,191,-15,217,-15" hai0="4,12,15,16,20,57,58,62,64,71,87,88,93" hai1="21,27,48,49,55,56,63,79,80,84,86,89,92" /><INIT seed="4,1,2,2,5,27" ten="267,335,176,202" oya="0" hai0="1,114,106,119,25,59,66,72,30,130,92,68,7" hai1="82,125,75,73,109,10,79,41,24,69,74,0,19" hai2="67,105,64,34,8,51,131,5,120,60,31,103,129" hai3="90,40,95,132,118,86,53,3,47,48,91,2,23"/><T9/><D119/><U4/><E125/><V6/><F120/><W135/><G118/><T37/><D92/><U14/><E109/><V133/><F133/><N who="3" m="51275" /><G23/><T96/><D59/><U39/><E69/><N who="2" m="42119" /><F67/><W61/><G90/><T42/><D114/><U98/><E24/><N who="2" m="18791" /><F51/><N who="3" m="27111" /><G61/><N who="0" m="40015" /><D130/><N who="2" m="49674" /><F8/><W81/><G95/><T78/><D78/><U32/><E98/><AGARI ba="1,2" hai="5,6,98,103,105" m="49674,18791,42119" machi="98" ten="30,3900,0" yaku="25,1,19,1,52,1" doraHai="27" who="2" fromWho="1" sc="267,0,335,-42,176,62,202,0" /><INIT seed="5,0,0,1,0,78" ten="267,293,238,202" oya="1" hai0="46,88,19,103,93,127,67,97,115,43,30,5,47" hai1="79,134,121,125,69,82,92,62,111,34,120,73,61" hai2="94,16,90,33,58,109,18,117,7,70,23,51,133" hai3="40,55,104,54,118,28,130,6,131,66,3,35,116"/><U0/><E111/><V39/><F117/><N who="3" m="45163" /><G104/><T57/><D115/><U122/><E134/><V101/><F109/><W126/><G126/><T48/><D5/><U96/><E125/><V45/><F70/><W24/><G66/><T87/><D127/><U11/><E34/><V8/><F39/><W63/><G40/><T21/><D30/><U29/><E29/><V119/><F133/><W123/><G123/><T76/><D76/><U4/><REACH who="1" step="1"/><E69/><REACH who="1" ten="267,283,238,202" step="2"/><V20/><F33/><W49/><G35/><T89/><D87/><U1/><E1/><V135/><F135/><W77/><G3/><T17/><D47/><U75/><E75/><V95/><F119/><W44/><G28/><T32/><D32/><U59/><E59/><V64/><F58/><W105/><G131/><T128/><D128/><U80/><E80/><V71/><F71/><W107/><G130/><T91/><D21/><U56/><E56/><V98/><F23/><W85/><G44/><T38/><D38/><U53/><E53/><V108/><F20/><W15/><G55/><T99/><D57/><U113/><E113/><V84/><F108/><W86/><G54/><T10/><D67/><U2/><E2/><V12/><F64/><W41/><G49/><T102/><D10/><U83/><E83/><V26/><REACH who="2" step="1"/><F26/><REACH who="2" ten="267,283,228,202" step="2"/><W50/><G24/><T100/><D93/><U13/><E13/><V31/><F31/><W52/><G15/><T106/><D106/><U129/><E129/><V124/><F124/><W25/><G107/><T27/><D27/><U74/><E74/><V36/><F36/><W110/><G105/><RYUUKYOKU ba="0,2" sc="267,10,283,10,228,10,202,-30" hai0="17,19,43,46,48,88,89,91,97,99,100,102,103" hai1="0,4,11,61,62,73,79,82,92,96,120,121,122" hai2="7,8,12,16,18,45,51,84,90,94,95,98,101" /><INIT seed="5,1,2,3,3,69" ten="277,293,238,172" oya="1" hai0="0,8,36,55,53,70,117,112,25,103,107,130,4" hai1="39,61,81,32,57,51,54,43,98,109,120,76,88" hai2="101,118,84,129,94,122,15,13,97,80,2,90,119" hai3="102,91,45,93,121,79,134,58,113,46,82,41,115"/><U73/><E120/><V37/><F2/><W5/><G134/><T124/><D117/><U40/><E109/><V16/><F122/><W95/><G121/><T24/><D70/><U132/><E32/><V68/><F68/><W131/><G131/><T96/><D130/><U49/><E132/><V110/><F129/><W20/><G102/><T104/><D36/><U44/><REACH who="1" step="1"/><E43/><REACH who="1" ten="277,283,238,172" step="2"/><V21/><F110/><W105/><G41/><T133/><D133/><U74/><E74/><V42/><F118/><W106/><G113/><T78/><D112/><U126/><E126/><V92/><F119/><W14/><G115/><T87/><D124/><U3/><E3/><V100/><F42/><W127/><G127/><T56/><D55/><U85/><E85/><V123/><F123/><W9/><G106/><T10/><D107/><U62/><E62/><V77/><F37/><W26/><G105/><T50/><D87/><U52/><E52/><V111/><F111/><W72/><G72/><T33/><D33/><U64/><E64/><V6/><F84/><W1/><G1/><T48/><D48/><U114/><E114/><V38/><F38/><W31/><G79/><T23/><D78/><U86/><E86/><V135/><F77/><W28/><G82/><T34/><D34/><U47/><E47/><V108/><F135/><W29/><G46/><T59/><D59/><U116/><E116/><V7/><F108/><W125/><G45/><T17/><D0/><U65/><E65/><V75/><F80/><W30/><G58/><T27/><D56/><U11/><E11/><N who="0" m="4137" /><D4/><N who="2" m="1578" /><F75/><W63/><G125/><RYUUKYOKU ba="1,3" sc="277,15,283,15,238,-15,172,-15" hai0="17,23,24,25,27,50,53,96,103,104" hai1="39,40,44,49,51,54,57,61,73,76,81,88,98" /><INIT seed="5,2,3,0,3,4" ten="292,298,223,157" oya="1" hai0="24,27,97,37,123,83,47,51,69,100,104,126,96" hai1="71,33,115,79,113,42,11,9,105,13,93,59,58" hai2="86,30,94,41,60,7,117,48,90,44,38,109,62" hai3="103,43,116,10,29,78,98,75,121,70,64,108,82"/><U45/><E105/><V118/><F109/><W131/><G108/><T53/><D69/><U2/><E33/><V28/><F7/><W23/><G131/><T66/><D66/><U127/><E71/><V56/><F38/><W54/><G121/><T5/><D123/><U129/><E129/><V134/><F134/><W128/><G128/><T52/><D37/><U80/><E127/><V74/><F74/><W101/><G43/><T1/><D83/><U77/><E93/><V91/><F91/><W32/><G103/><T21/><D126/><U25/><E25/><V65/><REACH who="2" step="1"/><F62/><REACH who="2" ten="292,298,213,157" step="2"/><W89/><G89/><T135/><D135/><U46/><E2/><V133/><F133/><W49/><G75/><T57/><D5/><U8/><E13/><V111/><F111/><W95/><G101/><T67/><D1/><U119/><E119/><AGARI ba="2,4" hai="28,30,41,44,48,56,60,65,86,90,94,117,118,119" machi="119" ten="40,1300,0" yaku="1,1,53,0" doraHai="4" doraHaiUra="17" who="2" fromWho="1" sc="292,0,298,-19,213,59,157,0" /><INIT seed="6,0,0,3,4,121" ten="292,279,272,157" oya="2" hai0="54,8,37,108,18,125,128,57,64,26,116,32,62" hai1="10,49,105,47,83,114,48,21,25,3,2,81,23" hai2="38,55,22,107,42,39,70,117,133,101,132,129,98" hai3="90,15,35,69,110,135,0,7,123,11,120,9,131"/><V63/><F117/><W87/><G69/><T79/><D37/><U122/><E105/><V17/><F129/><W97/><G110/><T44/><D108/><U103/><E122/><V119/><F119/><W89/><G131/><T76/><D116/><U86/><E114/><V43/><F43/><W1/><G135/><N who="2" m="51785" /><F42/><W30/><G97/><T29/><D128/><U60/><E103/><V52/><F70/><W58/><G90/><T102/><D102/><U94/><E60/><V91/><F91/><W84/><G84/><T127/><D44/><U85/><E94/><V50/><F63/><W112/><G112/><T113/><D113/><U124/><E124/><N who="0" m="47689" /><D64/><U31/><E10/><V95/><F95/><W92/><G58/><T99/><D99/><U67/><E67/><V126/><F126/><W36/><G36/><N who="2" m="13865" /><F50/><W65/><G65/><T134/><D134/><U5/><E5/><V20/><F20/><W77/><G123/><T24/><D8/><U59/><E59/><V53/><F53/><W45/><G11/><T16/><D26/><AGARI ba="0,0" hai="17,22,26,52,55,98,101,107" m="13865,51785" machi="26" ten="30,2900,0" yaku="20,1,54,1" doraHai="121" who="2" fromWho="0" sc="292,-29,279,0,272,29,157,0" /><INIT seed="6,1,0,1,1,40" ten="263,279,301,157" oya="2" hai0="58,89,99,81,110,126,41,113,102,14,52,130,75" hai1="66,11,46,25,119,88,128,6,123,47,108,94,59" hai2="87,1,13,17,27,73,48,125,50,78,3,122,106" hai3="60,65,135,26,72,54,56,37,120,95,61,22,49"/><V83/><F106/><W30/><G135/><T33/><D33/><U42/><E108/><V55/><F122/><W77/><G120/><T21/><D110/><U4/><E123/><V133/><F133/><W124/><G124/><T84/><D41/><U7/><E119/><V92/><F27/><W115/><G115/><T24/><D113/><U111/><E111/><V129/><F125/><W80/><G37/><T29/><D126/><U107/><E107/><V96/><F73/><W103/><G103/><T53/><D75/><U8/><E128/><V127/><F127/><W104/><G104/><T51/><D53/><U45/><E25/><V64/><F64/><W93/><REACH who="3" step="1"/><G60/><REACH who="3" ten="263,279,301,147" step="2"/><T101/><D130/><U12/><E42/><V62/><F62/><W16/><G16/><T82/><D101/><U100/><E100/><V69/><F129/><W39/><G39/><T63/><D63/><N who="1" m="38271" /><E12/><V20/><F17/><W131/><G131/><T43/><D43/><U10/><E10/><V36/><F36/><W97/><G97/><AGARI ba="1,1" hai="4,6,7,8,11,45,46,47,88,94,97" m="38271" machi="97" ten="30,8000,1" yaku="8,1,52,3,54,1" doraHai="40" who="1" fromWho="3" sc="263,0,279,93,301,0,147,-83" /><INIT seed="7,0,0,2,0,87" ten="263,372,301,64" oya="3" hai0="84,120,27,49,131,129,53,69,71,25,122,110,67" hai1="105,101,24,98,100,94,72,30,73,126,70,19,91" hai2="13,2,64,134,112,123,74,62,36,16,32,45,99" hai3="66,103,121,65,14,63,106,78,3,21,29,89,10"/><W40/><G121/><N who="0" m="46699" /><D84/><U20/><E70/><N who="0" m="26633" /><D25/><U23/><E126/><V18/><F123/><W50/><G3/><T59/><D27/><U0/><E0/><V68/><F74/><W77/><G106/><T107/><D107/><U38/><E38/><V108/><F108/><W81/><G103/><T33/><D33/><U12/><E101/><V115/><F32/><W75/><G29/><T96/><D96/><AGARI ba="0,0" hai="12,19,20,23,24,30,72,73,91,94,96,98,100,105" machi="96" ten="30,2000,0" yaku="7,1,52,1" doraHai="87" who="1" fromWho="0" sc="263,-20,372,20,301,0,64,0" owari="243,-16.0,392,50.0,301,10.0,64,-44.0" /></mjloggm>