<mjloggm ver="2.3"><GO type="169" lobby="0"/><UN n0="%E5%A4%A9%E7%A9%BA%73%61%79%61" n1="%E3%82%A6%E3%83%AB%E3%83%88%E3%83%A9%E7%AB%8B%E7%9B%B4" n2="%E3%81%99%E3%81%9A%E3%82%81%E3%82%AF%E3%83%AC%E3%82%A4%E3%82%B8%E3%83%BC" n3="%E4%BB%AE%E9%B3%B3%E5%87%B0%E6%B0%91" dan="16,17,18,17" rate="2131.82,2183.80,2225.70,2186.13" sx="M,M,M,M"/><TAIKYOKU oya="0"/><INIT seed="0,0,0,0,2,104" ten="250,250,250,250" oya="0" hai0="34,29,33,2,98,127,87,124,50,79,133,25,24" hai1="93,35,128,66,76,51,40,58,106,85,77,91,95" hai2="36,123,108,38,26,116,94,61,4,20,83,55,112" hai3="118,92,102,49,3,43,6,89,44,7,52,68,109"/><T0/><D133/><U134/><E106/><V31/><F112/><W97/><G68/><T11/><D98/><U130/><E35/><V42/><F108/><W113/><G113/><T117/><D117/><U78/><E134/><V65/><F42/><W105/><G118/><T75/><D87/><U129/><E93/><V41/><F41/><W63/><G109/><T17/><D50/><U114/><E114/><V100/><F4/><W13/><G3/><N who="0" m="1067" /><D79/><U54/><E40/><V69/><F123/><W101/><G105/><T5/><D5/><N who="3" m="1545" /><G13/><N who="0" m="7359" /><D75/><U125/><REACH who="1" step="1"/><E66/><REACH who="1" ten="250,240,250,250" step="2"/><V73/><F116/><W47/><G43/><T121/><D121/><U103/><E103/><V9/><F94/><W120/><G120/><T37/><D37/><U53/><E53/><V60/><F100/><W84/><G102/><T99/><D99/><U21/><E21/><V107/><F107/><W86/><G101/><T126/><D25/><U119/><E119/><V81/><F38/><W96/><G97/><T115/><D115/><U8/><E8/><V18/><F9/><W67/><G96/><T15/><D15/><U45/><E45/><V135/><F36/><W62/><G47/><T23/><AGARI ba="0,1" hai="23,24,29,33,34,124,126,127" m="7359,1067" machi="23" ten="40,7800,0" yaku="18,1,34,2" doraHai="104" who="0" fromWho="0" sc="250,88,240,-26,250,-26,250,-26" /><INIT seed="0,1,0,1,0,96" ten="338,214,224,224" oya="0" hai0="93,80,112,31,45,107,131,99,16,87,75,24,7" hai1="43,13,9,88,120,105,42,71,48,128,12,127,2" hai2="86,125,79,23,82,18,32,38,25,27,56,44,129" hai3="118,78,95,108,40,122,104,89,4,83,119,94,17"/><T92/><D112/><U91/><E120/><V66/><F129/><W98/><G4/><T28/><D75/><U46/><E127/><V126/><F66/><W50/><G122/><T106/><D131/><U67/><E128/><V53/><F38/><W69/><G69/><T21/><D7/><U135/><E135/><V73/><F44/><W70/><G70/><T121/><D121/><U20/><E105/><V39/><F39/><W65/><G65/><T62/><D62/><U11/><E2/><V35/><F73/><W41/><G104/><T114/><D114/><U29/><E43/><V49/><REACH who="2" step="1"/><F25/><REACH who="2" ten="338,214,214,224" step="2"/><W15/><G118/><T63/><D45/><U74/><E74/><V6/><F6/><W101/><G119/><T85/><D24/><N who="1" m="16519" /><E67/><V61/><F61/><W58/><G41/><T26/><D63/><U68/><E71/><V116/><F116/><W72/><G40/><T102/><D28/><U33/><E68/><V52/><F52/><W134/><G58/><T30/><D30/><U19/><E33/><AGARI ba="1,1" hai="18,23,27,32,33,35,49,53,56,79,82,86,125,126" machi="33" ten="40,1300,0" yaku="1,1,53,0" doraHai="96" doraHaiUra="130" who="2" fromWho="1" sc="338,0,214,-16,214,26,224,0" /><INIT seed="1,0,0,2,1,36" ten="338,198,240,224" oya="1" hai0="118,135,41,78,69,35,117,56,24,88,49,13,114" hai1="64,128,107,97,10,111,50,22,80,11,90,110,42" hai2="37,6,109,92,129,61,120,70,106,54,28,68,14" hai3="124,53,66,3,71,59,79,2,58,105,113,123,95"/><U34/><E34/><V38/><F106/><W19/><G105/><T131/><D69/><U83/><E128/><V21/><F6/><W5/><G123/><T18/><D114/><U31/><E64/><V23/><F14/><W81/><G113/><T33/><D131/><U72/><E22/><V122/><F92/><W67/><G124/><T86/><D135/><U25/><E25/><V9/><F129/><W12/><G71/><T112/><D112/><U132/><E31/><V77/><F77/><W101/><G5/><T108/><D108/><N who="1" m="41515" /><E132/><V52/><F109/><W15/><G95/><T16/><D78/><N who="1" m="44103" /><E83/><V126/><F9/><N who="1" m="3081" /><E90/><V84/><F28/><W4/><G4/><T130/><D130/><U46/><E107/><V119/><F84/><W115/><G81/><T127/><D86/><U99/><AGARI ba="0,0" hai="42,46,50,97,99" m="3081,44103,41515" machi="99" ten="30,6000,0" yaku="14,1,10,1,52,1" doraHai="36" who="1" fromWho="1" sc="338,-20,198,60,240,-20,224,-20" /><INIT seed="1,1,0,0,2,63" ten="318,258,220,204" oya="1" hai0="65,41,116,13,107,89,94,50,17,117,104,72,68" hai1="84,82,1,51,30,45,14,42,5,92,126,102,113" hai2="6,56,71,38,101,125,19,127,134,81,11,70,135" hai3="74,48,2,10,59,23,27,18,22,85,111,15,80"/><U97/><E113/><V112/><F101/><W78/><G111/><T108/><D72/><U4/><E126/><N who="2" m="48139" /><F112/><W69/><G69/><N who="2" m="26121" /><F81/><W133/><G133/><N who="2" m="50697" /><F19/><W44/><G59/><T20/><D17/><U67/><E30/><V118/><F11/><W32/><G32/><T52/><D108/><U26/><E26/><V29/><F29/><W73/><G2/><T43/><D104/><U61/><E1/><V83/><F83/><W115/><G115/><T86/><D107/><U49/><E5/><V8/><F8/><W100/><G100/><T119/><D119/><U58/><E4/><V105/><F105/><W106/><G106/><T3/><D116/><U98/><E14/><V33/><F6/><W87/><G22/><T114/><D117/><U103/><E98/><V79/><F33/><W120/><G120/><T96/><D114/><U91/><REACH who="1" step="1"/><E103/><REACH who="1" ten="318,248,220,204" step="2"/><V129/><F118/><W31/><G74/><T131/><D96/><U39/><AGARI ba="1,1" hai="39,42,45,49,51,58,61,67,82,84,91,92,97,102" machi="39" ten="20,12000,1" yaku="1,1,2,1,0,1,7,1,52,1,53,0" doraHai="63" doraHaiUra="109" who="1" fromWho="1" sc="318,-41,248,133,220,-41,204,-41" /><INIT seed="1,2,0,0,1,86" ten="277,381,179,163" oya="1" hai0="105,2,32,89,73,8,4,112,87,126,60,42,12" hai1="47,113,18,24,123,33,50,116,54,135,46,71,106" hai2="109,56,59,122,133,85,88,58,67,80,83,104,75" hai3="16,66,97,101,94,68,79,115,76,77,34,6,29"/><U127/><E123/><V9/><F104/><W11/><G115/><T118/><D112/><U134/><E113/><V102/><F122/><W110/><G110/><T51/><D73/><U49/><E106/><V21/><F109/><W57/><G68/><T38/><D38/><U48/><E116/><V5/><F102/><W61/><G34/><T64/><D118/><U7/><E127/><V1/><F133/><N who="1" m="50697" /><E71/><V125/><F125/><W28/><REACH who="3" step="1"/><G16/><REACH who="3" ten="277,381,179,153" step="2"/><T107/><D32/><U63/><E33/><V93/><F21/><W39/><G39/><T108/><D126/><U13/><E24/><V82/><REACH who="2" step="1"/><F75/><REACH who="2" ten="277,381,169,153" step="2"/><W128/><G128/><T72/><D72/><U114/><E114/><V65/><AGARI ba="2,2" hai="1,5,9,56,58,59,65,67,80,82,83,85,88,93" machi="65" ten="40,12000,2" yaku="1,1,2,1,0,1,52,1,54,1,53,1" doraHai="86" doraHaiUra="35" who="2" fromWho="2" sc="277,-32,381,-62,169,146,153,-32" /><INIT seed="2,0,0,2,3,74" ten="245,319,315,121" oya="2" hai0="70,100,3,112,111,19,105,134,116,53,93,73,104" hai1="107,114,21,62,59,71,60,122,31,79,41,67,96" hai2="76,68,46,65,12,16,90,66,25,35,119,63,81" hai3="17,123,61,8,49,133,51,11,56,127,113,102,86"/><V14/><F119/><W110/><G123/><T30/><D73/><U36/><E114/><V84/><F66/><W120/><G120/><T121/><D3/><U132/><E132/><V38/><F38/><W109/><G133/><T28/><D70/><U82/><E122/><V106/><F106/><W129/><G113/><T77/><D77/><U131/><E131/><V58/><F46/><W4/><G129/><T5/><D5/><U55/><E31/><V78/><F68/><W130/><G130/><T32/><D32/><U126/><E126/><V34/><F34/><W80/><G102/><T7/><D7/><U75/><E21/><N who="2" m="13479" /><F35/><W39/><G39/><T57/><D104/><U118/><E118/><V135/><F135/><W64/><G17/><T72/><D19/><U91/><E36/><V43/><F43/><W15/><G8/><T54/><D105/><U10/><E41/><V24/><F24/><W18/><G18/><T27/><D27/><U22/><E10/><V92/><F78/><N who="3" m="46359" /><G127/><T13/><D121/><U26/><E26/><V99/><AGARI ba="0,0" hai="12,14,58,63,65,76,81,84,90,92,99" m="13479" machi="99" ten="30,6000,0" yaku="8,1,52,1,54,1" doraHai="74" who="2" fromWho="2" sc="245,-20,319,-20,315,60,121,-20" /><INIT seed="2,1,0,4,3,50" ten="225,299,375,101" oya="2" hai0="123,1,57,60,89,103,4,77,40,69,131,90,79" hai1="102,52,133,23,104,106,44,118,9,108,31,81,66" hai2="73,111,56,134,128,105,16,41,17,83,49,46,62" hai3="6,64,37,75,101,124,20,92,3,119,7,85,34"/><V63/><F105/><W115/><G64/><T61/><D123/><U18/><E118/><V99/><F128/><W24/><G37/><T65/><D131/><U32/><E133/><V71/><F134/><W39/><G39/><T112/><D112/><U21/><E108/><V5/><F111/><W80/><G119/><T10/><D103/><U54/><E32/><V12/><F99/><W30/><G75/><T55/><REACH who="0" step="1"/><D40/><REACH who="0" ten="215,299,375,101" step="2"/><U35/><E102/><V132/><F132/><W27/><G115/><T38/><D38/><U22/><E106/><V11/><F71/><W121/><G121/><T125/><D125/><U58/><E104/><V86/><F73/><W82/><G124/><T78/><AGARI ba="1,1" hai="1,4,10,55,57,60,61,65,69,77,78,79,89,90" machi="78" ten="30,4000,0" yaku="1,1,0,1,52,1,53,0" doraHai="50" doraHaiUra="114" who="0" fromWho="0" sc="215,53,299,-11,375,-21,101,-11" /><INIT seed="3,0,0,4,2,120" ten="268,288,354,90" oya="3" hai0="29,54,93,50,76,126,99,73,102,1,121,16,22" hai1="112,57,35,127,36,77,133,21,104,42,32,62,47" hai2="10,52,31,14,45,11,46,2,9,118,89,26,13" hai3="105,51,72,3,122,110,18,12,128,90,24,27,30"/><W39/><G39/><T111/><D121/><U124/><E112/><V49/><F2/><W66/><G72/><T96/><D1/><U117/><E104/><V5/><F118/><W53/><G105/><T41/><D126/><N who="1" m="48171" /><E133/><V69/><F69/><W123/><G3/><T37/><D29/><U58/><E117/><V98/><F46/><W65/><G128/><T135/><D41/><U67/><E77/><V130/><F130/><W55/><G122/><T19/><D37/><U129/><E129/><V60/><F60/><W82/><G55/><T17/><D135/><U134/><E134/><V95/><REACH who="2" step="1"/><F14/><REACH who="2" ten="268,288,344,90" step="2"/><W109/><G123/><T33/><D50/><U0/><E0/><V100/><F100/><W4/><G66/><T40/><D102/><U25/><E58/><V7/><F7/><W107/><G4/><T131/><D131/><U64/><E64/><V6/><F6/><W38/><G65/><T84/><D40/><U70/><E70/><V114/><F114/><W87/><G38/><T61/><D61/><U81/><E57/><V28/><F28/><W23/><G107/><T80/><D54/><U15/><E15/><V97/><F97/><W8/><REACH who="3" step="1"/><G27/><REACH who="3" ten="268,288,344,80" step="2"/><T101/><D96/><U119/><E67/><V125/><F125/><W68/><G68/><T94/><D99/><U75/><E119/><V116/><F116/><W103/><G103/><T71/><D101/><U56/><E25/><V43/><F43/><W79/><G79/><T48/><D71/><U88/><E42/><V20/><AGARI ba="0,2" hai="5,9,10,11,13,20,26,31,45,49,52,89,95,98" machi="20" ten="20,8000,1" yaku="1,1,0,1,7,1,8,1,54,1,53,0" doraHai="120" doraHaiUra="132" who="2" fromWho="2" sc="268,-20,288,-20,344,100,80,-40" /><INIT seed="4,0,0,5,2,9" ten="248,268,444,40" oya="0" hai0="93,59,48,47,130,109,10,134,99,5,7,45,67" hai1="15,111,2,46,13,66,58,20,107,121,92,50,3" hai2="29,98,14,103,110,6,28,94,53,114,90,56,102" hai3="12,1,51,100,23,63,101,0,95,74,97,55,61"/><T128/><D134/><U24/><E107/><V119/><F114/><W135/><G74/><T65/><D109/><U88/><E121/><V105/><F110/><W129/><G135/><T22/><D22/><U11/><E111/><V68/><F68/><W82/><G129/><N who="0" m="49771" /><D59/><U78/><E78/><V91/><F103/><W112/><G112/><T118/><D118/><U85/><E3/><V79/><F79/><W108/><G108/><T18/><D18/><N who="1" m="12311" /><E11/><N who="2" m="4471" /><F105/><W122/><G122/><T38/><D38/><U69/><E2/><V40/><F40/><W117/><G117/><T42/><D45/><U73/><E73/><V32/><F32/><W77/><G100/><N who="0" m="60527" /><D7/><U71/><E69/><V124/><F124/><W19/><G63/><T89/><D89/><N who="2" m="33802" /><F119/><W41/><G61/><AGARI ba="0,0" hai="28,29,53,56,61,94,98,102" m="33802,4471" machi="61" ten="30,2000,0" yaku="8,1,52,1" doraHai="9" who="2" fromWho="3" sc="248,0,268,0,444,20,40,-20" /><INIT seed="5,0,0,3,0,77" ten="248,268,464,20" oya="1" hai0="128,42,107,52,79,14,133,33,87,124,45,121,27" hai1="90,70,129,9,17,29,118,11,58,114,110,24,20" hai2="134,95,100,32,104,41,44,122,38,34,18,8,131" hai3="3,43,97,39,21,64,93,54,0,111,51,83,92"/><U106/><E70/><V13/><F122/><W19/><G111/><T62/><D107/><U36/><E118/><V16/><F104/><W117/><G117/><T85/><D121/><U91/><E110/><V127/><F131/><W5/><G64/><T94/><D128/><U53/><E129/><V130/><F130/><W101/><G43/><T23/><D33/><U96/><E36/><V84/><F134/><W63/><G39/><T135/><D124/><U123/><E123/><V67/><F67/><W57/><G5/><T25/><D14/><U125/><E125/><V102/><F102/><W69/><G69/><T75/><D94/><U68/><E68/><V99/><F84/><N who="0" m="32330" /><D23/><U1/><E114/><V61/><F61/><W80/><G83/><N who="0" m="45567" /><D62/><U49/><E106/><V108/><F108/><W74/><G63/><T47/><D52/><U132/><E132/><N who="0" m="50761" /><D47/><U7/><E96/><V65/><F65/><W76/><REACH who="3" step="1"/><G93/><REACH who="3" ten="248,268,464,10" step="2"/><T26/><D42/><U66/><E66/><V4/><F127/><W126/><G126/><T35/><D35/><U22/><E11/><V105/><F105/><W82/><G82/><T56/><D45/><U109/><E109/><V119/><F119/><W113/><G113/><T81/><D81/><U116/><E116/><V86/><F38/><W120/><G120/><T59/><AGARI ba="0,1" hai="25,26,27,56,59" m="50761,45567,32330" machi="59" ten="40,2700,0" yaku="20,1,52,1" doraHai="77" who="0" fromWho="0" sc="248,37,268,-13,464,-7,10,-7" /><INIT seed="6,0,0,1,4,53" ten="285,255,457,3" oya="2" hai0="133,32,88,125,134,126,34,99,16,112,2,78,68" hai1="130,80,97,31,102,5,70,83,55,120,41,66,114" hai2="52,15,91,1,14,106,26,44,42,77,27,118,72" hai3="13,117,47,89,93,110,121,57,135,8,100,76,73"/><V113/><F106/><W103/><G121/><T12/><D112/><U35/><E114/><V86/><F1/><W129/><G110/><T124/><D2/><U119/><E119/><V71/><F71/><W28/><G117/><T20/><D68/><U101/><E120/><V90/><F72/><W85/><G129/><T21/><D78/><U104/><E130/><V59/><F118/><W7/><G135/><N who="0" m="51723" /><D20/><U51/><E102/><N who="3" m="38954" /><G73/><T36/><D36/><U40/><E5/><V6/><F113/><W82/><G28/><T131/><D131/><U39/><E39/><V128/><F128/><W111/><G111/><T24/><D24/><U98/><E98/><V123/><F27/><W58/><G47/><T75/><D75/><U48/><E48/><N who="2" m="26647" /><F26/><W132/><G132/><T25/><D25/><N who="1" m="18927" /><E40/><V62/><F123/><W108/><G108/><T0/><D0/><U94/><E41/><V61/><F61/><W19/><G19/><T3/><D3/><U116/><E116/><V56/><F56/><N who="3" m="21611" /><G76/><T50/><D50/><U23/><E104/><V45/><F45/><W105/><G105/><T4/><D4/><U74/><E74/><V38/><F38/><W10/><G10/><T79/><D79/><U122/><E122/><V46/><F46/><W92/><AGARI ba="0,0" hai="7,8,13,82,85,89,92,93" m="21611,38954" machi="92" ten="30,7900,0" yaku="8,1,52,3" doraHai="53" who="3" fromWho="3" sc="285,-20,255,-20,457,-39,3,79" /><INIT seed="7,0,0,2,5,64" ten="265,235,418,82" oya="3" hai0="73,110,83,47,18,23,17,30,8,41,40,31,93" hai1="51,120,60,69,65,35,124,98,13,15,90,57,100" hai2="99,48,11,22,125,80,3,50,61,52,19,14,78" hai3="38,126,12,89,20,6,1,29,34,133,49,24,71"/><W2/><G38/><T43/><D110/><U92/><E120/><V115/><F115/><W96/><G126/><T102/><D73/><U77/><E124/><V107/><F107/><W114/><G114/><T5/><D83/><U63/><E35/><V127/><F99/><W28/><G133/><T21/><D47/><U116/><E116/><V130/><F130/><W119/><G119/><T122/><D122/><U123/><E123/><V129/><F129/><W103/><G89/><T45/><D45/><U106/><E51/><V54/><F61/><W9/><G49/><T82/><D82/><U36/><E77/><V16/><F3/><N who="3" m="1035" /><G71/><T135/><D135/><U55/><E36/><V68/><F68/><W58/><G58/><T134/><D134/><U105/><E105/><V91/><F91/><W7/><G96/><AGARI ba="0,0" hai="13,15,55,57,60,63,65,69,90,92,96,98,100,106" machi="96" ten="30,2000,0" yaku="7,1,52,1" doraHai="64" who="1" fromWho="3" sc="265,0,235,20,418,0,82,-20" owari="265,7.0,255,-14.0,418,51.0,62,-44.0" /></mjloggm>