<mjloggm ver="2.3"><GO type="97" lobby="0"/><UN n0="%54%41%4B%41%50%4E%47" n1="%6B%61%6B%61%72%6F%74%6F" n2="%E5%B0%B1%E6%B4%BB%E7%94%9F%40%E5%B7%9D%E6%9D%91%E8%BB%8D%E5%9B%A3" n3="%E6%B5%AE%E3%81%8D%E7%94%B7" dan="14,14,15,13" rate="1966.96,1976.32,1995.40,1860.36" sx="M,M,M,M"/><TAIKYOKU oya="0"/><INIT seed="0,0,0,1,3,48" ten="250,250,250,250" oya="0" hai0="132,130,18,122,96,0,43,58,135,49,99,55,8" hai1="68,50,54,24,17,110,52,75,93,131,13,67,74" hai2="85,129,65,57,32,79,10,37,98,114,70,51,124" hai3="47,15,14,40,81,91,42,123,38,134,25,80,121"/><T12/><D122/><N who="3" m="46601" /><G134/><N who="0" m="51243" /><D130/><U36/><E131/><V88/><F37/><W63/><G63/><N who="0" m="36319" /><D0/><U4/><E36/><V45/><F114/><W83/><G25/><T113/><D113/><U94/><E110/><V109/><F109/><W21/><G21/><T16/><D18/><U69/><E67/><V71/><F124/><W104/><G104/><T89/><D89/><U30/><E4/><V72/><F129/><W116/><G116/><T60/><D60/><U127/><E127/><V78/><F71/><W28/><G28/><T87/><D87/><U46/><E68/><V7/><F70/><W112/><G112/><T111/><D111/><U64/><E64/><V126/><F72/><W62/><G42/><T102/><D102/><U82/><E69/><V2/><F126/><W101/><G101/><T20/><D8/><N who="1" m="6311" /><E74/><V34/><F98/><N who="0" m="37418" /><D49/><N who="1" m="28727" /><E82/><V53/><F34/><W92/><G62/><T73/><D43/><U133/><E75/><AGARI ba="0,0" hai="12,16,20,73,75" m="37418,36319,51243" machi="75" ten="30,5800,0" yaku="20,1,52,1,54,1" doraHai="48" who="0" fromWho="1" sc="250,58,250,-58,250,0,250,0" /><INIT seed="0,1,0,2,5,55" ten="308,192,250,250" oya="0" hai0="52,124,17,71,51,90,20,22,128,102,35,30,69" hai1="135,4,49,23,34,74,125,67,121,29,62,59,94" hai2="38,21,85,117,50,43,7,130,70,0,88,24,18" hai3="104,75,77,109,103,133,92,106,54,19,84,41,44"/><T127/><D102/><U26/><E121/><V28/><F117/><W72/><G133/><T2/><D2/><U8/><E135/><V58/><F130/><W113/><G113/><T98/><D128/><U31/><E125/><N who="0" m="48201" /><D35/><U73/><E34/><V99/><F70/><N who="0" m="26634" /><D30/><U116/><E116/><V47/><F99/><W126/><G126/><T79/><D79/><U76/><E29/><V87/><F87/><W96/><G109/><T110/><D110/><U56/><E94/><V45/><F58/><W134/><G134/><T122/><D122/><U95/><E95/><V114/><F114/><W97/><G54/><T118/><D118/><U13/><REACH who="1" step="1"/><E76/><REACH who="1" ten="308,182,250,250" step="2"/><V64/><F28/><W89/><G77/><T100/><D90/><U82/><E82/><V115/><F115/><W68/><G104/><N who="0" m="63511" /><D17/><U53/><AGARI ba="1,1" hai="4,8,13,23,26,31,49,53,56,59,62,67,73,74" machi="53" ten="30,8000,1" yaku="1,1,0,1,52,2,53,1" doraHai="55" doraHaiUra="27" who="1" fromWho="1" sc="308,-41,182,93,250,-21,250,-21" /><INIT seed="1,0,0,1,4,49" ten="267,275,229,229" oya="1" hai0="38,40,99,29,102,98,110,43,134,121,28,44,128" hai1="39,124,53,61,5,33,4,101,89,3,42,24,16" hai2="79,122,105,22,113,104,133,57,107,32,68,27,94" hai3="95,10,115,52,90,1,132,67,2,81,36,114,127"/><U26/><E124/><V85/><F122/><W117/><G127/><T56/><D110/><U97/><E33/><V14/><F68/><W82/><G132/><T70/><D134/><U47/><E3/><V123/><F133/><W126/><G126/><T54/><D70/><U106/><E89/><V75/><F123/><W34/><G117/><T103/><D128/><U118/><E118/><V93/><F113/><W87/><G34/><T8/><D121/><U112/><E112/><V130/><F130/><W111/><G111/><T18/><D43/><U51/><E61/><V76/><F75/><W80/><G36/><T64/><D64/><U69/><E69/><V48/><F32/><W35/><G35/><T60/><D8/><U88/><E88/><N who="2" m="53391" /><F27/><W66/><G10/><T78/><D78/><U30/><E30/><V129/><F94/><W96/><G1/><T84/><D84/><U116/><E116/><V91/><F91/><W135/><G135/><T108/><D108/><U86/><E86/><V77/><F77/><W58/><G2/><T119/><D119/><U59/><REACH who="1" step="1"/><E26/><REACH who="1" ten="267,265,229,229" step="2"/><V92/><F129/><W19/><G115/><T25/><D25/><U13/><E13/><V109/><F109/><W100/><G114/><T62/><D62/><U37/><E37/><V12/><F12/><W21/><G90/><T23/><D103/><U125/><E125/><V41/><F79/><W9/><G87/><T65/><D102/><U120/><E120/><V55/><F76/><W45/><G100/><T72/><D72/><U83/><E83/><V17/><F41/><W50/><G81/><RYUUKYOKU ba="0,1" sc="267,-15,265,15,229,15,229,-15" hai1="4,5,16,24,39,42,47,51,53,59,97,101,106" hai2="14,17,22,48,55,57,92,104,105,107" /><INIT seed="1,1,1,4,2,132" ten="252,280,244,214" oya="1" hai0="112,21,127,109,54,110,16,64,1,63,97,74,91" hai1="75,26,25,31,84,32,83,79,56,70,92,72,105" hai2="41,40,15,8,11,65,68,23,36,123,9,69,22" hai3="129,87,38,52,51,118,45,44,57,5,24,89,86"/><U124/><E105/><V60/><F123/><W96/><G129/><T98/><D112/><U27/><E70/><V67/><F36/><W90/><G118/><T47/><D74/><U3/><E3/><V133/><F133/><W107/><G38/><T33/><D1/><U48/><E124/><V19/><REACH who="2" step="1"/><F23/><REACH who="2" ten="252,280,234,214" step="2"/><W35/><G35/><T119/><D127/><U104/><E32/><V102/><F102/><W94/><G107/><T100/><D119/><U10/><E104/><V88/><F88/><N who="3" m="33899" /><G5/><T122/><D33/><U30/><E10/><V131/><F131/><W50/><G24/><N who="0" m="14375" /><D122/><U108/><E26/><V29/><F29/><W73/><G73/><T126/><D126/><U4/><E27/><V114/><F114/><W77/><G77/><T71/><D91/><U117/><E79/><V81/><F81/><W120/><G120/><T135/><D135/><U6/><E83/><V116/><F116/><W20/><G20/><T113/><D113/><U0/><E31/><V111/><F111/><N who="0" m="42506" /><D100/><U134/><E108/><V17/><F17/><W28/><G28/><T78/><D78/><U37/><E30/><V18/><F18/><W49/><G44/><T82/><D82/><U95/><E134/><V2/><F2/><W59/><G45/><T14/><D14/><U46/><E0/><V85/><F85/><N who="3" m="32267" /><G59/><T106/><D106/><U101/><E56/><V76/><F76/><W80/><G80/><T103/><D103/><AGARI ba="1,2" hai="49,50,51,52,57,94,96,103" m="32267,33899" machi="103" ten="30,3900,0" yaku="8,1,54,2" doraHai="132" who="3" fromWho="0" sc="252,-42,280,0,234,0,214,62" /><INIT seed="2,0,0,1,0,126" ten="210,280,234,276" oya="2" hai0="33,19,133,16,55,27,45,57,50,86,90,127,10" hai1="51,20,108,59,64,104,6,77,69,38,12,115,47" hai2="76,93,25,89,74,101,9,46,8,42,94,5,63" hai3="15,116,66,70,114,110,132,99,84,134,41,107,53"/><V35/><F74/><W113/><G116/><T14/><D127/><U122/><E115/><N who="3" m="44042" /><G41/><T85/><D133/><N who="3" m="51305" /><G110/><T78/><D33/><U2/><E104/><V117/><F76/><W29/><G29/><T118/><D118/><U135/><E77/><V72/><F72/><W23/><G84/><T48/><D78/><U105/><E122/><V60/><F117/><W87/><G87/><T3/><D3/><U68/><E2/><V121/><F121/><W80/><G80/><T22/><REACH who="0" step="1"/><D90/><REACH who="0" ten="200,280,234,276" step="2"/><U102/><E135/><V112/><F89/><W82/><G82/><T58/><D58/><U30/><E59/><V31/><F112/><W92/><G70/><T106/><D106/><U62/><E69/><V131/><F131/><W32/><G107/><T56/><D56/><U71/><E71/><V61/><F101/><W36/><G32/><T123/><D123/><U37/><E102/><V52/><F52/><AGARI ba="0,1" hai="10,14,16,19,22,27,45,48,50,52,55,57,85,86" machi="52" ten="30,8000,1" yaku="1,1,7,1,8,1,54,2,53,0" doraHai="126" doraHaiUra="120" who="0" fromWho="2" sc="200,90,280,0,234,-80,276,0" /><INIT seed="3,0,0,5,0,128" ten="290,280,154,276" oya="3" hai0="82,58,16,108,52,79,45,47,102,4,33,97,67" hai1="63,75,110,43,44,56,124,66,61,73,60,88,59" hai2="10,99,30,100,134,51,135,39,21,112,0,32,90" hai3="18,41,72,127,120,121,111,96,71,94,91,23,19"/><W26/><G71/><T118/><D118/><U28/><E110/><V87/><F39/><W40/><G111/><T105/><D108/><U85/><E124/><V65/><F112/><W1/><G1/><T125/><D33/><U123/><E123/><V9/><F32/><W69/><G69/><T114/><D125/><U24/><E61/><V27/><F65/><W46/><G72/><T132/><D132/><N who="2" m="50730" /><F51/><W34/><G127/><T115/><D67/><U104/><E104/><N who="2" m="63519" /><F0/><W37/><G40/><T78/><D4/><U31/><E60/><V49/><F49/><W117/><G117/><T95/><D105/><U80/><E59/><V12/><F12/><W106/><G106/><T6/><D6/><U13/><E13/><V11/><F11/><W68/><G68/><T101/><D101/><U54/><E66/><V77/><F77/><N who="0" m="29194" /><D82/><AGARI ba="0,0" hai="9,10,21,27,30,82,87,90" m="63519,50730" machi="82" ten="30,7700,0" yaku="20,1,52,3" doraHai="128" who="2" fromWho="0" sc="290,-77,280,0,154,77,276,0" /><INIT seed="4,0,0,1,5,110" ten="213,280,231,276" oya="0" hai0="57,9,96,42,7,119,64,108,117,70,60,130,38" hai1="116,10,125,56,4,95,92,86,33,88,6,21,73" hai2="72,93,122,46,11,69,8,81,112,14,76,100,128" hai3="135,44,114,87,106,30,65,1,0,101,113,111,120"/><T39/><D96/><U41/><E33/><V26/><F69/><W15/><G111/><T90/><D90/><U55/><E116/><N who="0" m="44617" /><D9/><U91/><E73/><V132/><F122/><W27/><G120/><T129/><D7/><U109/><E125/><V37/><F132/><W16/><G135/><T48/><D108/><U102/><E109/><V43/><F128/><N who="0" m="49258" /><D70/><U34/><E34/><V24/><F8/><W52/><G65/><T67/><D67/><U45/><E102/><V99/><REACH who="2" step="1"/><F112/><REACH who="2" ten="213,280,221,276" step="2"/><W105/><G114/><T89/><D89/><U32/><E10/><V131/><F131/><W40/><G113/><T20/><D20/><U115/><E115/><V77/><F77/><W28/><G101/><T78/><D78/><U18/><E32/><V63/><F63/><W127/><G127/><T79/><D79/><U35/><E35/><V80/><F80/><W19/><G106/><T5/><D5/><AGARI ba="0,1" hai="5,11,14,24,26,37,43,46,72,76,81,93,99,100" machi="5" ten="30,2000,0" yaku="1,1,7,1,53,0" doraHai="110" doraHaiUra="62" who="2" fromWho="0" sc="213,-20,280,0,221,30,276,0" /><INIT seed="5,0,0,1,0,64" ten="193,280,251,276" oya="1" hai0="83,46,73,117,90,6,108,71,92,31,81,123,72" hai1="11,86,34,91,131,54,21,5,119,7,82,116,27" hai2="103,56,128,51,57,118,105,50,12,132,102,29,87" hai3="23,33,63,98,100,3,112,130,67,89,77,61,14"/><U42/><E131/><V85/><F118/><W110/><G130/><T4/><D117/><U125/><E125/><V94/><F128/><W80/><G112/><T47/><D108/><U30/><E42/><V53/><F132/><W35/><G110/><T93/><D31/><U19/><E54/><N who="2" m="31831" /><F105/><W69/><G3/><T9/><D9/><U55/><E55/><V38/><F38/><W115/><G115/><T121/><REACH who="0" step="1"/><D90/><REACH who="0" ten="183,280,251,276" step="2"/><U44/><E119/><V66/><F29/><W97/><G89/><T37/><D37/><U101/><E116/><V40/><F40/><W129/><G129/><T104/><D104/><U124/><E30/><V133/><F133/><W45/><G100/><T25/><D25/><U135/><E101/><V49/><F12/><W52/><G14/><T24/><D24/><U2/><E135/><V20/><F20/><W113/><G113/><T114/><D114/><U99/><E21/><V41/><F102/><W59/><G23/><T16/><D16/><U122/><E19/><V28/><F28/><W0/><G33/><T39/><D39/><U1/><E34/><V106/><F106/><W58/><G35/><T62/><D62/><U22/><E22/><V60/><F103/><W13/><G13/><T75/><D75/><U65/><E27/><V84/><F94/><W134/><G0/><T18/><D18/><U76/><E2/><V70/><F41/><W107/><G134/><T78/><D78/><U10/><E1/><V48/><F48/><N who="3" m="28687" /><G107/><T68/><AGARI ba="0,1" hai="4,6,46,47,68,71,72,73,81,83,92,93,121,123" machi="68" ten="25,12000,2" yaku="1,1,0,1,22,2,52,2,53,0" doraHai="64" doraHaiUra="96" who="0" fromWho="0" sc="183,130,280,-60,251,-30,276,-30" owari="313,41.0,220,-28.0,221,-18.0,246,5.0" /></mjloggm>