<mjloggm ver="2.3"><GO type="193" lobby="0"/><UN n0="%E5%8F%AF%E5%A4%89%E3%83%94%E3%83%83%E3%83%81" n1="%75%6E%6E%6E" n2="%73%72%64%69%6E%6F%35%34" n3="%E3%83%88%E3%83%88%E3%83%AA%E5%85%88%E7%94%9F%31%39%E6%AD%B3" dan="11,11,10,12" rate="1535.47,1610.39,1674.02,1912.08" sx="M,M,M,F"/><TAIKYOKU oya="0"/><INIT seed="0,0,0,5,5,23" ten="250,250,250,250" oya="0" hai0="72,73,64,114,105,3,20,52,60,2,97,56,34" hai1="133,38,89,123,33,11,6,42,81,113,48,103,131" hai2="35,127,26,46,40,104,84,61,77,66,1,43,65" hai3="98,15,8,63,111,27,19,50,80,58,119,57,109"/><T132/><D114/><U88/><E123/><V108/><F104/><W95/><G119/><T107/><D34/><U126/><E38/><V54/><F1/><W117/><G117/><T112/><D112/><U102/><E113/><V10/><F108/><N who="3" m="41547" /><G80/><T53/><D132/><U122/><E122/><V134/><F127/><W28/><G50/><T37/><D37/><U82/><E126/><V45/><F134/><W74/><G74/><T0/><D107/><U110/><E33/><V9/><F54/><W85/><G85/><T83/><D73/><U41/><E133/><V24/><F61/><W96/><G63/><T124/><D124/><U16/><E6/><V116/><F35/><N who="3" m="20895" /><G98/><T17/><D72/><U115/><E115/><V125/><F125/><W29/><G29/><T94/><D83/><U59/><E48/><V47/><F47/><W90/><AGARI ba="0,0" hai="8,15,19,57,58,90,95,96" m="20895,41547" machi="90" ten="30,2000,0" yaku="14,1,52,1" doraHai="23" who="3" fromWho="3" sc="250,-10,250,-5,250,-5,250,20" /><INIT seed="1,0,0,1,5,101" ten="240,245,245,270" oya="1" hai0="8,105,133,21,123,91,32,88,83,80,34,124,82" hai1="38,131,122,4,27,121,74,73,84,107,37,65,29" hai2="85,63,72,126,10,39,102,114,92,58,132,67,98" hai3="66,6,26,51,12,18,46,44,33,2,75,125,57"/><U116/><E116/><V119/><F72/><W14/><G75/><T13/><D123/><U99/><E84/><V112/><F119/><W20/><G125/><T97/><D124/><U48/><E48/><V86/><F39/><N who="1" m="14857" /><E4/><V128/><F126/><W87/><G2/><T89/><D21/><U90/><E90/><V42/><F42/><W36/><G33/><T54/><D54/><U111/><E65/><V106/><F106/><W110/><G36/><T117/><D117/><U64/><E64/><V61/><F132/><W127/><G127/><T81/><N who="0" m="20992" /><DORA hai="109" /><T108/><D133/><U50/><E50/><V24/><F128/><W9/><G87/><T35/><D108/><U93/><E93/><V40/><F40/><W7/><G110/><T134/><D134/><U69/><E69/><V79/><F63/><N who="3" m="38255" /><G51/><T11/><D13/><N who="3" m="5225" /><G9/><T16/><D16/><U130/><E111/><V103/><F103/><AGARI ba="0,0" hai="8,11,32,34,35,88,89,91,97,103,105" m="20992" machi="103" ten="60,8000,1" yaku="29,2,52,1,54,1" doraHai="101,109" who="0" fromWho="2" sc="240,80,245,0,245,-80,270,0" /><INIT seed="2,0,0,3,5,107" ten="320,245,165,270" oya="2" hai0="17,113,63,135,106,130,44,84,54,50,5,10,99" hai1="46,6,53,74,111,45,1,0,81,134,122,80,128" hai2="125,129,118,70,116,86,82,41,78,83,55,7,9" hai3="32,30,40,60,91,132,34,103,87,124,119,73,117"/><V93/><F70/><W126/><G132/><T85/><D113/><U110/><E134/><V64/><F41/><W101/><G40/><T95/><D135/><U12/><E128/><V51/><F64/><W48/><G48/><T67/><D106/><U88/><E122/><V94/><F129/><W39/><G39/><T16/><D130/><U68/><E68/><V123/><F123/><W33/><G30/><T79/><D5/><U42/><E53/><V21/><F125/><N who="3" m="48235" /><G60/><T24/><D79/><U77/><E12/><N who="2" m="5183" /><F82/><N who="3" m="49655" /><G73/><T27/><D27/><U36/><E46/><N who="2" m="28151" /><F118/><AGARI ba="0,0" hai="32,33,34,101,103,117,118,119" m="49655,48235" machi="118" ten="40,1300,0" yaku="18,1" doraHai="107" who="3" fromWho="2" sc="320,0,245,0,165,-13,270,13" /><INIT seed="3,0,0,2,2,47" ten="320,245,152,283" oya="3" hai0="28,63,105,118,89,76,22,133,37,32,41,52,56" hai1="54,110,24,79,94,111,93,27,124,39,86,36,70" hai2="113,77,17,60,75,11,135,7,21,69,14,30,128" hai3="114,44,72,26,134,18,130,38,3,46,74,13,43"/><W34/><G114/><T120/><D118/><U62/><E70/><V123/><F113/><W92/><G3/><T48/><D120/><U117/><E117/><V126/><F123/><W35/><G130/><T51/><D105/><U71/><E71/><V57/><F126/><W49/><G134/><T107/><D32/><U91/><E79/><V65/><F128/><W55/><G92/><T68/><D107/><U42/><E42/><V29/><F135/><W67/><G67/><T10/><D133/><U83/><E124/><V102/><F102/><W82/><G82/><T96/><D76/><U122/><E122/><V6/><F69/><W80/><G80/><T98/><D68/><U81/><E62/><V0/><REACH who="2" step="1"/><F7/><REACH who="2" ten="320,245,142,283" step="2"/><W66/><G66/><T23/><D37/><U8/><E39/><V106/><F106/><W119/><G119/><T33/><D33/><U108/><E36/><V59/><F59/><W97/><G35/><T85/><D56/><U9/><E111/><V131/><F131/><W125/><G125/><T64/><D64/><U88/><REACH who="1" step="1"/><E86/><REACH who="1" ten="320,235,142,283" step="2"/><V50/><F50/><W121/><G121/><T1/><D85/><U90/><E90/><V109/><F109/><W31/><G97/><T95/><D98/><U58/><E58/><V103/><F103/><W4/><G4/><T129/><D129/><U73/><E73/><V16/><F16/><W132/><G132/><T116/><D96/><U25/><E25/><V112/><F112/><W20/><AGARI ba="0,2" hai="13,18,20,26,31,34,38,43,44,46,49,55,72,74" machi="20" ten="20,3900,0" yaku="0,1,7,1,52,1" doraHai="47" who="3" fromWho="3" sc="320,-13,235,-13,142,-13,283,59" owari="307,11.0,222,-18.0,129,-37.0,342,44.0" /></mjloggm>