<mjloggm ver="2.3"><GO type="169" lobby="0"/><UN n0="%E3%83%88%E3%83%88%E3%83%AA%E5%85%88%E7%94%9F%31%39%E6%AD%B3" n1="%E9%BB%92%6D%61%72%61" n2="%E2%98%85%E9%9B%80%E9%AC%BC%E7%99%BE%E7%80%AC%E2%98%85" n3="%E6%A5%A0%E5%B9%B8%E6%9D%91" dan="17,16,18,18" rate="2268.78,2094.51,2180.34,2245.15" sx="F,M,M,F"/><TAIKYOKU oya="0"/><INIT seed="0,0,0,5,4,106" ten="250,250,250,250" oya="0" hai0="109,24,23,116,70,112,45,36,131,49,56,74,0" hai1="86,60,5,120,126,108,102,59,41,18,15,61,63" hai2="58,94,92,37,32,113,103,51,46,99,29,7,50" hai3="38,42,10,76,122,101,114,44,90,105,12,25,11"/><T128/><D112/><U119/><E120/><V57/><F113/><W71/><G114/><T115/><D115/><U2/><E119/><V104/><F37/><W132/><G132/><T3/><D116/><U40/><E126/><V133/><F133/><W100/><G122/><T75/><D70/><U8/><E108/><V62/><F7/><W22/><G71/><T78/><D56/><U68/><E68/><V135/><F135/><W130/><G130/><N who="0" m="49707" /><D36/><U28/><E28/><V16/><F58/><W66/><G66/><T48/><D78/><U125/><E102/><V72/><F32/><W34/><G34/><T85/><D85/><U35/><E35/><V47/><F29/><W124/><G76/><T98/><D98/><U97/><E97/><V20/><F47/><W93/><G124/><T107/><D107/><U123/><E125/><V111/><F46/><W73/><G105/><T121/><D121/><U9/><E86/><V91/><F104/><W31/><G101/><T19/><D48/><U81/><E81/><V13/><F50/><W14/><G100/><T89/><D89/><U67/><REACH who="1" step="1"/><E123/><REACH who="1" ten="250,240,250,250" step="2"/><V69/><F69/><W55/><G90/><T1/><D109/><U65/><E65/><V53/><F91/><W52/><G93/><T129/><D129/><U64/><E64/><V80/><F111/><W110/><G110/><T26/><D26/><U83/><E83/><V6/><F92/><W82/><G25/><T27/><D27/><U30/><E30/><V79/><F103/><W54/><G82/><T84/><D84/><U77/><E77/><V87/><F79/><RYUUKYOKU ba="0,1" sc="250,15,240,15,250,-15,250,-15" hai0="0,1,3,19,23,24,45,49,74,75" hai1="2,5,8,9,15,18,40,41,59,60,61,63,67" /><INIT seed="0,1,1,4,3,131" ten="265,255,235,235" oya="0" hai0="28,29,7,21,118,19,130,43,3,48,115,97,128" hai1="41,10,49,40,74,132,82,77,65,6,96,54,67" hai2="2,102,86,17,87,113,107,100,34,84,13,4,50" hai3="52,127,116,9,33,18,56,95,12,32,11,135,16"/><T125/><D115/><U78/><E78/><V92/><F113/><W42/><G135/><T27/><D118/><U5/><E5/><V73/><F73/><W62/><G116/><T24/><D125/><U109/><E109/><V38/><F38/><W85/><G127/><T112/><D112/><U39/><E132/><V35/><F107/><W0/><G42/><T70/><D70/><U133/><E96/><V117/><F117/><W93/><G0/><T59/><D97/><U30/><E30/><V120/><F120/><W47/><G47/><N who="0" m="25727" /><D59/><U99/><E99/><V101/><F92/><N who="3" m="35403" /><G33/><T37/><D37/><U75/><E41/><V111/><F111/><W20/><G32/><T123/><D123/><U64/><E75/><V114/><F114/><W23/><G85/><T110/><D110/><U90/><E90/><V66/><F34/><W83/><G83/><T98/><D27/><AGARI ba="1,1" hai="9,11,12,16,18,20,23,27,52,56,62" m="35403" machi="27" ten="30,3900,0" yaku="8,1,54,2" doraHai="131" who="3" fromWho="0" sc="265,-42,255,0,235,0,235,52" /><INIT seed="1,0,0,0,1,86" ten="223,255,235,287" oya="1" hai0="124,93,37,118,59,8,42,38,36,116,63,75,39" hai1="130,97,76,46,122,94,111,60,68,114,47,123,34" hai2="0,69,9,101,99,82,53,83,120,72,11,43,19" hai3="6,129,51,62,73,55,87,126,133,54,128,17,121"/><U109/><E114/><V112/><F112/><W48/><G121/><T44/><D75/><U95/><E130/><N who="3" m="50282" /><G73/><T1/><D1/><U27/><E76/><V5/><F120/><W23/><G133/><T102/><D8/><U16/><E95/><V71/><F82/><W96/><G126/><T106/><D106/><U35/><E47/><V70/><F53/><W84/><G6/><T107/><D107/><U30/><E46/><V45/><F11/><W25/><G96/><T32/><D32/><U134/><E134/><V90/><F19/><W18/><G18/><T41/><D102/><U2/><E2/><V67/><F101/><W103/><G103/><T21/><D21/><N who="1" m="13735" /><E60/><V52/><F99/><W26/><G26/><T28/><D93/><U81/><E81/><V92/><F92/><W24/><G24/><T7/><D124/><U79/><E79/><V113/><F113/><W15/><G25/><T40/><D28/><U22/><E68/><V66/><F72/><W125/><G125/><T29/><D29/><U14/><E30/><V80/><F80/><W98/><G98/><T57/><D7/><U88/><E22/><V100/><F100/><W119/><G62/><T58/><D63/><U31/><E31/><V64/><F83/><W4/><G54/><T105/><D105/><U127/><E127/><V61/><F52/><W131/><G55/><T65/><D65/><U3/><E3/><V91/><REACH who="2" step="1"/><F61/><REACH who="2" ten="223,255,225,287" step="2"/><W117/><G131/><T74/><D74/><U10/><E123/><V77/><F77/><W78/><G78/><T110/><N who="0" m="9216" /><DORA hai="49" /><T33/><D41/><RYUUKYOKU ba="0,1" sc="223,-10,255,-10,225,30,287,-10" hai2="0,5,9,43,45,64,66,67,69,70,71,90,91" /><INIT seed="2,1,1,5,1,65" ten="213,245,255,277" oya="2" hai0="110,54,18,4,32,12,119,43,83,134,3,105,1" hai1="33,116,16,37,55,42,66,44,60,14,59,62,103" hai2="90,36,130,31,53,135,17,34,108,26,27,40,102" hai3="5,81,22,98,25,87,15,118,88,115,129,9,117"/><V38/><F102/><W124/><G124/><T11/><D105/><U24/><E116/><V6/><F6/><W101/><G129/><T0/><D119/><U47/><E47/><V50/><F130/><W7/><G7/><T99/><D110/><U71/><E103/><V56/><F108/><W49/><G49/><T126/><D126/><U68/><E24/><V46/><F135/><W92/><REACH who="3" step="1"/><G115/><REACH who="3" ten="213,245,255,267" step="2"/><T67/><D4/><U78/><E33/><V128/><F128/><W29/><AGARI ba="1,2" hai="5,9,15,22,25,29,81,87,88,92,98,101,117,118" machi="29" ten="20,12000,2" yaku="1,1,2,1,0,1,7,1,54,1,53,1" doraHai="65" doraHaiUra="10" who="3" fromWho="3" sc="213,-31,245,-31,255,-61,267,143" /><INIT seed="3,0,0,3,5,53" ten="182,214,194,410" oya="3" hai0="71,37,64,127,40,26,42,94,99,108,38,18,98" hai1="50,133,104,118,51,59,31,15,125,33,19,80,111" hai2="8,126,30,44,93,66,55,131,54,84,34,58,92" hai3="109,73,97,117,103,45,74,100,95,135,115,57,49"/><W68/><G68/><T113/><D108/><U112/><E118/><V67/><F131/><W124/><G117/><T86/><D127/><U43/><E112/><V56/><F126/><W24/><G124/><T29/><D113/><U89/><E125/><V21/><F34/><W61/><G135/><T78/><D18/><U85/><E133/><V14/><F44/><W10/><G115/><T20/><D98/><U122/><E111/><V1/><F1/><W2/><G103/><T132/><D132/><U110/><E110/><V70/><F70/><W77/><G77/><T114/><D114/><U63/><E122/><V119/><F119/><W27/><G109/><T76/><D64/><N who="2" m="24618" /><F54/><W9/><G2/><T32/><D71/><U28/><E104/><V17/><F55/><W11/><G73/><T123/><D32/><U69/><E69/><V130/><F130/><W87/><G87/><T107/><D107/><U13/><E33/><V82/><F92/><W128/><G74/><T39/><D123/><U81/><E80/><V83/><F93/><W60/><G95/><T4/><D4/><U106/><E106/><V79/><F83/><W52/><G45/><T36/><D86/><U120/><E120/><V121/><F121/><W91/><G97/><T96/><D96/><U48/><E43/><N who="0" m="16425" /><D36/><U22/><E15/><N who="2" m="9407" /><F30/><W41/><G41/><T75/><D75/><U65/><AGARI ba="0,0" hai="13,19,22,28,31,48,50,51,59,63,65,81,85,89" machi="65" ten="30,4000,0" yaku="0,1,8,1,52,1" doraHai="53" who="1" fromWho="1" sc="182,-10,214,40,194,-10,410,-20" /><INIT seed="4,0,0,4,2,128" ten="172,254,184,390" oya="0" hai0="32,57,25,124,67,116,97,65,5,98,76,2,21" hai1="101,58,59,35,60,88,123,113,24,89,51,109,100" hai2="9,114,91,0,36,66,31,29,99,46,95,79,37" hai3="56,129,125,47,38,44,82,90,8,68,103,81,3"/><T72/><D116/><U135/><E123/><V20/><F114/><W62/><G129/><T27/><D124/><U133/><E109/><V92/><F79/><W134/><G134/><N who="1" m="51210" /><E113/><V75/><F75/><W84/><G103/><N who="1" m="39498" /><E51/><V16/><F37/><W115/><G82/><T13/><D2/><U11/><E11/><V4/><F92/><W14/><G3/><T110/><D110/><U112/><E112/><V80/><F80/><W10/><G10/><N who="0" m="4303" /><D32/><U55/><E58/><V39/><F39/><W22/><G56/><T126/><D72/><U73/><E73/><V64/><F36/><W71/><G38/><T78/><D126/><U132/><N who="1" m="51218" /><U105/><DORA hai="121" /><E105/><V117/><F117/><W63/><G8/><T131/><D131/><U107/><E107/><V86/><F9/><W130/><G125/><T120/><D120/><U6/><E6/><V106/><F4/><W17/><G130/><T40/><D40/><U1/><E1/><V15/><F0/><W33/><G115/><T70/><D57/><U53/><E53/><V104/><F104/><W43/><G43/><T94/><D67/><U45/><E45/><V49/><F64/><W83/><G47/><T108/><D108/><U69/><E69/><V50/><F66/><W30/><G44/><T28/><D65/><U77/><E77/><N who="0" m="29801" /><D70/><U48/><E48/><N who="2" m="18539" /><F46/><W19/><G68/><T85/><D94/><U18/><E18/><V12/><F106/><W118/><G19/><N who="0" m="12479" /><D85/><U61/><E61/><V122/><F122/><W52/><G63/><T54/><D54/><U26/><E35/><V102/><F16/><RYUUKYOKU ba="0,0" sc="172,15,254,15,184,-15,390,-15" hai0="27,28,97,98" hai1="24,26,55,59,60,88,89" /><INIT seed="4,1,0,1,0,80" ten="187,269,169,375" oya="0" hai0="2,96,94,63,8,122,45,36,107,97,125,24,64" hai1="70,12,81,68,44,126,119,111,25,65,133,121,42" hai2="99,58,72,76,29,127,32,132,48,93,61,0,10" hai3="82,57,33,49,50,95,135,41,129,31,123,66,104"/><T118/><D122/><U26/><E121/><V113/><F113/><W83/><G123/><T86/><D118/><U108/><E119/><V37/><F132/><W91/><G104/><T9/><D125/><U134/><E126/><V100/><F37/><W22/><G33/><T55/><D107/><U89/><E12/><V109/><F127/><W106/><G106/><T71/><D2/><U110/><E81/><V84/><F72/><W4/><G4/><T59/><D24/><U39/><E89/><V114/><F114/><W77/><G135/><N who="1" m="51722" /><E26/><V60/><F109/><W51/><G129/><T16/><D96/><U11/><E25/><V34/><F34/><W69/><G69/><N who="1" m="26730" /><E11/><V53/><F32/><W14/><G77/><T18/><D9/><U115/><E115/><V85/><F76/><W87/><G41/><N who="0" m="22695" /><D8/><U112/><E112/><V103/><F103/><W17/><G31/><T92/><D92/><U79/><E79/><V27/><F27/><W23/><G23/><T54/><D97/><U1/><E1/><V20/><F20/><W117/><G117/><T90/><D54/><U6/><E6/><V35/><F35/><W120/><G120/><T102/><D102/><U62/><E62/><AGARI ba="1,0" hai="14,17,22,49,50,51,57,62,66,82,83,87,91,95" machi="62" ten="40,2600,0" yaku="8,1,52,1" doraHai="80" who="3" fromWho="1" sc="187,0,269,-29,169,0,375,29" /><INIT seed="5,0,0,1,5,54" ten="187,240,169,404" oya="1" hai0="8,135,86,102,73,107,42,60,53,4,70,1,71" hai1="22,46,119,78,37,66,32,109,81,17,49,121,83" hai2="93,35,72,117,59,5,103,11,77,91,112,12,9" hai3="29,47,50,118,23,99,106,21,25,51,18,125,63"/><U44/><E121/><V80/><F117/><W13/><G125/><T127/><D73/><U104/><E119/><V85/><F35/><W56/><G118/><T31/><D127/><U76/><E104/><V58/><F112/><W98/><G106/><T105/><D135/><U82/><E32/><V132/><F132/><W41/><G51/><T26/><D42/><U2/><E2/><V94/><F103/><W24/><G13/><T40/><D40/><U96/><E109/><V36/><F36/><W100/><G100/><T101/><D86/><U129/><E129/><V67/><F67/><AGARI ba="0,0" hai="18,21,23,24,25,29,41,47,50,56,63,67,98,99" machi="67" ten="30,3900,0" yaku="7,1,8,1,52,1" doraHai="54" who="3" fromWho="2" sc="187,0,240,0,169,-39,404,39" /><INIT seed="6,0,0,4,0,37" ten="187,240,130,443" oya="2" hai0="86,125,35,90,56,5,48,32,75,88,82,80,1" hai1="41,31,24,66,6,16,27,10,57,91,107,94,93" hai2="135,55,25,120,95,97,53,122,133,52,92,99,87" hai3="130,64,108,38,98,79,96,36,43,63,47,73,102"/><V103/><F87/><W101/><G108/><T44/><D125/><U127/><E107/><V74/><F74/><W109/><G109/><T129/><D129/><U29/><E127/><V114/><F25/><W11/><G130/><T126/><D126/><U8/><E57/><V13/><F13/><W18/><G36/><T14/><D1/><U117/><E66/><V70/><F70/><W58/><G79/><T20/><D56/><U78/><E78/><V34/><F34/><W15/><G73/><T45/><D45/><U21/><E117/><V12/><F12/><W83/><G83/><T132/><D132/><N who="2" m="50762" /><F114/><W4/><G4/><T134/><D134/><U69/><E69/><V118/><F118/><W30/><G30/><T89/><D75/><U49/><E6/><V110/><F110/><W105/><G98/><N who="2" m="37385" /><F103/><W121/><G101/><T119/><D119/><U17/><E31/><V104/><F104/><W77/><G77/><N who="0" m="46351" /><D35/><U23/><E29/><V51/><F51/><W40/><G15/><T19/><D32/><U65/><E94/><AGARI ba="0,0" hai="52,53,55,92,94,95,120,122" m="37385,50762" machi="94" ten="40,12000,1" yaku="28,2,20,1,54,1" doraHai="37" who="2" fromWho="1" sc="187,0,240,-120,130,120,443,0" /><INIT seed="6,1,0,3,5,97" ten="187,120,250,443" oya="2" hai0="81,134,39,76,109,125,75,50,14,30,12,42,15" hai1="19,101,104,32,40,131,59,55,8,129,57,123,66" hai2="100,117,108,113,21,94,54,63,60,106,36,114,67" hai3="29,99,37,72,34,73,86,48,133,110,65,38,64"/><V25/><F117/><W120/><G110/><T132/><D109/><U61/><E32/><V52/><F108/><W111/><G111/><T33/><D39/><U62/><E8/><V107/><F36/><W24/><G120/><T82/><D125/><U85/><E85/><V23/><F94/><W112/><G112/><N who="2" m="43113" /><F60/><W41/><G133/><N who="0" m="51307" /><D81/><U71/><E19/><N who="2" m="12479" /><F23/><W9/><G34/><T91/><D33/><U68/><E104/><N who="2" m="39979" /><F100/><W7/><G38/><T43/><D43/><U84/><BYE who="0" /><E84/><V88/><F88/><W6/><G41/><T135/><D135/><U121/><E101/><UN n0="%E3%83%88%E3%83%88%E3%83%AA%E5%85%88%E7%94%9F%31%39%E6%AD%B3" /><V122/><F122/><N who="1" m="46601" /><E40/><V95/><F95/><W103/><G37/><T78/><D30/><U126/><E126/><V92/><F92/><W89/><G103/><T105/><D105/><U102/><E102/><V5/><F5/><W2/><G7/><T90/><D78/><U44/><E44/><AGARI ba="1,0" hai="12,14,15,42,44,50,75,76,82,90,91" m="51307" machi="44" ten="30,1000,0" yaku="20,1" doraHai="97" who="0" fromWho="1" sc="187,13,120,-13,250,0,443,0" /><INIT seed="7,0,0,1,5,125" ten="200,107,250,443" oya="3" hai0="71,86,80,38,15,104,98,0,87,11,9,8,34" hai1="51,73,19,52,82,100,26,112,63,67,10,54,58" hai2="14,94,66,1,72,97,56,119,76,28,31,122,113" hai3="93,90,37,79,96,131,22,99,106,29,42,12,107"/><W84/><G42/><T75/><D34/><U21/><E112/><V132/><F1/><W20/><G12/><T115/><D38/><U2/><E2/><V70/><F70/><W74/><G20/><T47/><D71/><U101/><E73/><V65/><F76/><W103/><G22/><T68/><D68/><U61/><E82/><V36/><F36/><W129/><G29/><T25/><D115/><U60/><E54/><V55/><F65/><W3/><G3/><T16/><D47/><U32/><E32/><V77/><F66/><W30/><G30/><T46/><D46/><U114/><E114/><V23/><F28/><W108/><G37/><T49/><D49/><U121/><E121/><V35/><F31/><W48/><G48/><T128/><D25/><U92/><E67/><V33/><F35/><W57/><G57/><T43/><D43/><U102/><REACH who="1" step="1"/><E10/><REACH who="1" ten="200,97,250,443" step="2"/><V130/><F33/><W53/><G53/><T110/><D0/><U88/><E88/><V126/><F55/><W41/><G41/><T117/><D8/><U39/><E39/><V78/><F72/><W81/><G108/><T109/><D9/><U127/><E127/><V27/><F126/><W40/><G40/><T13/><D11/><U95/><AGARI ba="0,1" hai="19,21,26,51,52,58,60,61,63,92,95,100,101,102" machi="95" ten="40,8000,1" yaku="1,1,0,1,8,1,54,1,53,0" doraHai="125" doraHaiUra="116" who="1" fromWho="1" sc="200,-20,97,90,250,-20,443,-40" owari="180,-32.0,187,-21.0,230,3.0,403,50.0" /></mjloggm>