<mjloggm ver="2.3"><GO type="193" lobby="0"/><UN n0="%E3%82%81%E3%82%93%E3%81%BE%E3%82%84%E3%82%8F%E3%82%89%E3%81%8E" n1="%E3%83%88%E3%83%88%E3%83%AA%E5%85%88%E7%94%9F%31%39%E6%AD%B3" n2="%E8%B2%A0%E3%81%91%E3%81%BE%E3%81%97%E3%81%9F%E3%81%95%E3%82%93" n3="%CE%B6" dan="12,12,9,11" rate="1781.08,1854.10,1654.69,1803.16" sx="M,F,F,M"/><TAIKYOKU oya="0"/><INIT seed="0,0,0,0,4,94" ten="250,250,250,250" oya="0" hai0="19,64,102,99,28,27,119,92,80,10,86,84,83" hai1="115,31,43,55,12,56,124,108,110,6,51,25,81" hai2="71,134,123,9,23,68,131,5,47,128,97,122,130" hai3="39,73,60,26,129,22,1,66,2,35,52,106,135"/><T107/><D119/><U95/><E124/><V36/><F134/><W16/><G73/><T74/><D64/><U121/><E121/><V30/><F36/><W109/><G39/><T113/><D113/><U111/><E115/><V87/><F47/><W20/><G109/><T45/><D45/><U100/><E43/><V132/><F132/><W18/><G135/><T69/><D69/><U79/><E12/><V126/><F126/><W11/><G129/><T76/><D10/><U21/><E6/><V65/><F87/><W24/><G106/><T98/><D19/><U116/><E116/><V91/><F65/><W117/><G117/><T46/><D46/><U67/><E67/><V29/><F68/><W72/><G72/><T14/><D14/><U4/><E4/><V75/><F75/><W57/><G35/><T50/><D50/><U85/><E95/><N who="2" m="56575" /><F71/><W89/><G11/><T120/><D120/><N who="2" m="46122" /><F23/><W105/><G105/><T61/><D61/><U103/><AGARI ba="0,0" hai="21,25,31,51,55,56,79,81,85,100,103,108,110,111" machi="103" ten="40,2700,0" yaku="0,1,14,1" doraHai="94" who="1" fromWho="1" sc="250,-13,250,27,250,-7,250,-7" /><INIT seed="1,0,0,0,1,43" ten="237,277,243,243" oya="1" hai0="45,116,133,31,81,83,61,111,78,68,18,90,16" hai1="32,60,132,84,96,124,48,100,57,94,123,118,4" hai2="50,97,28,11,40,75,77,109,72,8,37,134,79" hai3="91,20,52,35,10,130,135,49,70,67,0,80,46"/><U34/><E118/><V101/><F37/><W86/><G35/><T65/><D116/><U110/><E123/><V3/><F3/><W26/><G135/><T33/><D133/><U98/><E132/><V119/><F134/><W36/><G130/><T56/><D33/><U42/><E124/><V113/><F119/><W76/><G36/><T54/><D31/><U5/><E110/><V59/><F113/><W64/><G70/><T13/><D111/><U102/><E34/><V125/><F125/><W74/><G10/><T30/><D30/><U53/><E84/><V58/><F28/><W71/><G0/><T39/><D90/><U66/><E42/><V1/><F1/><W99/><G71/><T51/><D83/><U112/><E32/><V23/><F23/><W128/><G128/><T129/><D129/><U115/><E115/><V21/><F21/><W12/><G12/><T44/><D39/><U7/><E112/><V93/><F109/><W85/><G99/><T131/><D18/><U117/><E117/><V114/><F114/><W38/><G38/><T17/><D17/><U92/><REACH who="1" step="1"/><E7/><REACH who="1" ten="237,267,243,243" step="2"/><V73/><F40/><W25/><G74/><T103/><D131/><U121/><E121/><V19/><F75/><W126/><G126/><T122/><D122/><U55/><E55/><N who="2" m="32119" /><F72/><W41/><G41/><T9/><D103/><U63/><E63/><V69/><F73/><AGARI ba="0,1" hai="9,13,16,44,45,51,54,56,61,65,68,73,78,81" machi="73" ten="30,7700,0" yaku="7,1,52,2,54,1" doraHai="43" who="0" fromWho="2" sc="237,87,267,0,243,-77,243,0" /><INIT seed="2,0,0,2,5,39" ten="324,267,166,243" oya="2" hai0="104,20,4,15,93,48,125,56,130,112,113,13,77" hai1="24,79,76,47,31,60,132,42,62,27,33,3,9" hai2="30,116,121,81,107,54,84,61,68,59,57,58,85" hai3="97,29,95,14,17,45,117,11,53,86,83,69,5"/><V92/><F107/><W16/><G117/><T134/><D104/><U32/><E132/><V73/><F121/><W120/><G69/><T115/><D134/><U123/><E123/><V127/><F116/><W118/><G118/><T100/><D77/><U82/><E76/><V50/><F127/><W8/><G120/><T51/><D125/><U43/><E43/><V66/><F73/><W67/><G67/><T111/><D130/><U34/><E3/><V90/><REACH who="2" step="1"/><F30/><REACH who="2" ten="324,267,156,243" step="2"/><W87/><G29/><T19/><D115/><U25/><E31/><V26/><F26/><W70/><G70/><T72/><D113/><U119/><E119/><V35/><F35/><W131/><G131/><T88/><D72/><U135/><E27/><V89/><AGARI ba="0,1" hai="50,54,57,58,59,61,66,68,81,84,85,89,90,92" machi="89" ten="20,3900,0" yaku="1,1,0,1,7,1,53,0" doraHai="39" doraHaiUra="102" who="2" fromWho="2" sc="324,-13,267,-13,156,49,243,-13" /><INIT seed="2,1,0,2,1,67" ten="311,254,205,230" oya="2" hai0="131,20,130,2,87,73,77,59,49,111,39,7,41" hai1="42,65,34,43,69,81,29,117,33,36,82,14,16" hai2="72,44,98,13,119,70,52,37,4,35,101,93,102" hai3="84,25,45,79,74,22,58,118,28,5,3,121,99"/><V15/><F119/><W86/><G118/><T54/><D73/><U126/><E117/><V76/><F35/><W110/><G121/><T8/><D111/><U97/><E126/><V75/><F101/><W124/><G110/><T31/><D39/><U10/><E34/><V129/><F129/><N who="0" m="49162" /><D41/><U127/><E127/><V115/><F115/><W18/><G124/><T6/><D6/><U114/><E114/><V88/><F102/><W108/><G108/><T78/><D87/><U56/><E56/><V38/><F70/><W132/><G132/><T11/><D11/><U92/><E29/><V122/><F122/><W96/><G74/><T128/><D128/><U116/><E33/><V113/><F113/><W60/><G45/><T55/><D55/><U106/><E106/><V100/><F100/><W27/><G5/><T104/><D104/><U17/><E17/><V68/><F68/><W26/><G3/><T1/><D1/><U0/><E0/><V23/><F15/><N who="3" m="9567" /><G28/><T90/><D90/><U62/><E116/><V103/><F103/><W24/><N who="3" m="6656" /><DORA hai="9" /><W135/><G135/><T57/><D31/><U48/><E36/><N who="2" m="13931" /><F76/><N who="0" m="29290" /><D20/><U109/><E109/><V30/><F4/><W19/><G19/><T12/><D2/><U32/><E32/><V66/><F66/><N who="3" m="39191" /><G84/><T112/><D112/><U83/><E43/><V21/><F30/><W85/><G86/><T107/><D107/><U63/><E65/><V50/><F21/><W51/><G51/><T123/><D123/><U71/><E48/><V91/><F91/><W105/><G105/><T120/><D59/><U125/><E69/><RYUUKYOKU ba="1,0" sc="311,10,254,-30,205,10,230,10" hai0="7,8,12,49,54,57,120" hai2="13,23,44,50,52,72,75,88,93,98" hai3="79,85,96,99" /><INIT seed="2,2,0,2,0,0" ten="321,224,215,240" oya="2" hai0="116,102,57,108,71,76,84,1,25,113,129,135,75" hai1="31,23,48,98,46,30,109,13,22,50,81,86,131" hai2="35,47,73,74,90,78,133,91,45,55,51,61,10" hai3="63,97,92,3,68,83,4,95,121,126,104,36,39"/><V17/><F35/><W64/><G121/><T125/><RYUUKYOKU type="yao9" ba="2,0" sc="321,0,224,0,215,0,240,0" hai0="1,25,57,71,75,76,84,102,108,113,116,125,129,135" /><INIT seed="2,3,0,2,0,0" ten="321,224,215,240" oya="2" hai0="73,84,96,95,49,106,23,4,38,113,6,116,98" hai1="122,111,14,20,88,103,13,110,53,5,114,22,87" hai2="93,8,130,16,135,17,37,127,119,54,63,9,64" hai3="31,91,105,134,1,61,29,79,101,67,3,35,129"/><V33/><F119/><W41/><G134/><T60/><D38/><U90/><E114/><V80/><F37/><W32/><G129/><T55/><D116/><U15/><E122/><V112/><F112/><W108/><G108/><N who="1" m="41514" /><E103/><V46/><F33/><W115/><G115/><T28/><D73/><U78/><E53/><V126/><F130/><W121/><G121/><T42/><D113/><U123/><E123/><V66/><F135/><W99/><G91/><N who="1" m="34858" /><E5/><V68/><F66/><W109/><G109/><T69/><D84/><U39/><E39/><V65/><F64/><W72/><G41/><T26/><D106/><U18/><E18/><N who="2" m="7275" /><F93/><W71/><G31/><T11/><D42/><U89/><E78/><V107/><F107/><W2/><REACH who="3" step="1"/><G29/><REACH who="3" ten="321,224,215,230" step="2"/><T36/><D28/><U34/><E34/><V92/><F80/><AGARI ba="3,1" hai="1,2,3,32,35,61,67,71,72,79,80,99,101,105" machi="80" ten="40,8000,1" yaku="1,1,2,1,33,3,53,0" doraHai="0" doraHaiUra="120" who="3" fromWho="2" sc="321,0,224,0,215,-89,230,99" /><AGARI ba="3,0" hai="13,14,15,20,22,80,87,89" m="34858,41514" machi="80" ten="30,2000,0" yaku="14,1,54,1" doraHai="0" who="1" fromWho="2" sc="321,0,224,20,126,-20,329,0" /><INIT seed="3,0,0,5,1,113" ten="321,244,106,329" oya="3" hai0="69,124,3,131,120,25,17,51,89,116,132,117,105" hai1="122,98,57,58,129,75,4,63,14,130,115,48,127" hai2="84,77,27,110,31,72,82,104,35,5,97,119,107" hai3="121,68,123,125,34,103,128,30,133,20,64,112,37"/><W61/><G112/><T8/><D105/><U100/><E115/><V45/><F45/><W21/><G37/><T9/><D69/><U11/><E75/><V92/><F5/><W56/><G133/><T93/><D120/><U41/><E122/><V108/><F27/><W86/><G128/><T0/><D132/><U38/><E127/><V43/><F43/><W70/><G125/><T94/><D124/><U33/><E33/><V50/><F31/><W1/><G1/><T46/><D131/><U29/><E29/><V15/><F15/><W32/><G68/><T80/><D80/><U76/><E76/><V95/><F35/><W66/><G66/><T114/><D114/><U118/><E38/><V91/><F50/><W10/><G10/><T2/><D93/><U109/><E129/><V60/><F60/><W126/><G126/><T99/><D25/><U47/><E130/><V6/><F6/><W39/><G39/><T59/><D59/><U102/><E109/><V16/><F16/><W22/><G70/><T40/><REACH who="0" step="1"/><D17/><REACH who="0" ten="311,244,106,329" step="2"/><U52/><E118/><AGARI ba="0,1" hai="0,2,3,8,9,40,46,51,89,94,99,116,117,118" machi="118" ten="50,8000,1" yaku="1,1,2,1,52,3,53,0" doraHai="113" doraHaiUra="13" who="0" fromWho="1" sc="311,90,244,-80,106,0,329,0" owari="401,50.0,164,-24.0,106,-39.0,329,13.0" /></mjloggm>