<mjloggm ver="2.3"><GO type="97" lobby="0"/><UN n0="%E6%9F%B3%E3%81%AB%E7%95%AA%E5%82%98" n1="%E5%A4%8F%E5%B7%9D%E3%81%BE%E3%82%86%E3%82%8A" n2="%E5%B0%B1%E6%B4%BB%E7%94%9F%40%E5%B7%9D%E6%9D%91%E8%BB%8D%E5%9B%A3" n3="%E3%82%89%E3%81%91" dan="16,15,14,14" rate="2086.48,1954.18,1944.87,1905.53" sx="M,F,M,M"/><TAIKYOKU oya="0"/><INIT seed="0,0,0,2,4,49" ten="250,250,250,250" oya="0" hai0="50,89,42,67,128,66,24,2,47,94,83,56,70" hai1="41,48,85,44,115,129,18,110,9,54,30,135,23" hai2="90,7,55,120,78,77,87,31,104,124,81,119,57" hai3="37,12,96,95,69,68,38,63,10,76,58,132,34"/><T82/><D2/><U46/><E115/><V65/><F104/><W75/><G34/><T15/><D128/><U74/><E74/><V35/><F120/><W93/><G132/><T73/><D70/><U29/><E135/><V109/><F109/><W79/><G75/><T61/><D73/><U116/><E116/><V131/><F119/><W99/><G12/><T33/><D67/><U108/><E9/><V72/><F131/><W100/><G10/><T26/><D15/><N who="1" m="9695" /><E85/><V88/><F124/><W20/><G20/><T8/><D8/><U125/><E125/><V126/><F126/><W102/><G58/><T97/><REACH who="0" step="1"/><D33/><REACH who="0" ten="240,250,250,250" step="2"/><U107/><E129/><V32/><F32/><W71/><G71/><T123/><D123/><U25/><E110/><V112/><F35/><W1/><G1/><T13/><D13/><U17/><E25/><AGARI ba="0,1" hai="24,25,26,42,47,50,56,61,66,82,83,89,94,97" machi="25" ten="40,3900,0" yaku="1,1,8,1,53,0" doraHai="49" doraHaiUra="113" who="0" fromWho="1" sc="240,49,250,-39,250,0,250,0" /><INIT seed="0,1,0,3,4,116" ten="289,211,250,250" oya="0" hai0="120,108,57,56,4,98,101,90,66,37,58,87,22" hai1="115,45,125,75,13,40,100,102,1,88,105,18,28" hai2="128,23,104,63,134,21,51,38,15,79,11,24,96" hai3="70,94,133,41,31,54,121,64,86,91,35,112,3"/><T76/><D37/><U36/><E125/><V65/><F38/><W131/><G3/><T55/><D76/><U25/><E115/><V47/><F128/><W132/><G112/><T2/><D66/><U46/><E1/><V110/><F134/><W68/><G41/><T39/><D39/><U130/><E75/><V30/><F110/><W109/><G109/><T118/><D118/><U135/><E135/><N who="3" m="51786" /><G131/><T12/><D2/><U34/><E105/><V127/><F127/><W7/><G7/><T117/><D117/><U17/><E130/><V9/><F79/><W111/><G111/><T97/><D108/><U20/><E46/><V6/><F104/><W52/><G64/><T103/><D4/><U49/><E36/><V80/><F96/><W42/><G42/><T83/><D55/><N who="3" m="21033" /><G121/><T72/><D72/><U43/><E43/><V53/><F80/><W26/><AGARI ba="1,0" hai="26,31,35,68,70,86,91,94" m="21033,51786" machi="26" ten="30,2000,0" yaku="20,1,54,1" doraHai="116" who="3" fromWho="3" sc="289,-11,211,-6,250,-6,250,23" /><INIT seed="1,0,0,0,1,91" ten="278,205,244,273" oya="1" hai0="65,3,102,59,85,118,68,36,8,14,22,99,28" hai1="10,2,120,34,56,108,122,60,30,95,51,31,94" hai2="33,42,127,101,45,114,61,52,58,106,104,115,119" hai3="64,113,38,111,86,80,18,15,125,88,133,77,21"/><U116/><E116/><V71/><F33/><W129/><G113/><N who="2" m="43017" /><F119/><W24/><G38/><T23/><D36/><U117/><E117/><V89/><F127/><W6/><G125/><T121/><D68/><U79/><E108/><V62/><F101/><W0/><G111/><T97/><D3/><U84/><E51/><N who="2" m="27063" /><F89/><W130/><G133/><T75/><D102/><U16/><E34/><V17/><F17/><W46/><G46/><T25/><D75/><U81/><E122/><V67/><AGARI ba="0,0" hai="52,58,61,62,67,71,104,106" m="27063,43017" machi="67" ten="30,2000,0" yaku="11,1,54,1" doraHai="91" who="2" fromWho="2" sc="278,-5,205,-10,244,20,273,-5" /><INIT seed="2,0,0,1,2,130" ten="273,195,264,268" oya="2" hai0="101,21,120,1,4,69,124,106,94,51,57,24,42" hai1="9,96,79,66,28,87,48,11,14,36,12,82,100" hai2="118,53,125,44,78,98,54,84,73,113,56,88,127" hai3="104,114,52,31,41,126,47,85,55,89,50,80,29"/><V33/><F33/><W37/><G104/><T115/><D69/><U63/><E36/><V7/><F118/><W5/><G114/><T59/><D106/><U62/><E28/><V58/><F113/><W71/><G71/><T16/><D124/><N who="2" m="47690" /><F7/><W132/><G132/><T61/><D120/><U40/><E48/><N who="2" m="28807" /><F98/><W86/><G126/><T117/><D117/><U30/><E30/><N who="3" m="11274" /><G37/><T68/><D4/><U122/><E40/><V17/><F17/><W110/><G110/><T18/><D18/><U99/><E122/><V34/><F34/><W76/><G5/><T112/><D42/><U72/><E72/><V109/><F109/><W10/><G10/><T75/><D75/><U35/><E35/><V107/><BYE who="1" /><F107/><W3/><G3/><T13/><D1/><U64/><E64/><V111/><F111/><W45/><G45/><T23/><D112/><U20/><E20/><V39/><F39/><W105/><G105/><UN n1="%E5%A4%8F%E5%B7%9D%E3%81%BE%E3%82%86%E3%82%8A" /><T90/><D23/><U116/><E116/><V81/><F54/><W129/><G129/><T46/><D115/><U77/><E66/><V128/><F128/><W25/><G25/><T38/><D24/><U108/><E108/><V135/><F135/><W83/><AGARI ba="0,0" hai="41,47,50,52,55,76,80,83,85,86,89" m="11274" machi="83" ten="30,2000,0" yaku="8,1,54,1" doraHai="130" who="3" fromWho="3" sc="273,-5,195,-5,264,-10,268,20" /><INIT seed="3,0,0,2,0,1" ten="268,190,254,288" oya="3" hai0="59,118,113,92,129,43,101,32,86,88,105,39,14" hai1="112,2,8,22,117,82,73,66,57,87,63,72,11" hai2="16,61,46,132,119,76,106,102,50,110,34,30,33" hai3="55,10,133,100,68,85,56,54,4,115,96,5,3"/><W47/><G115/><T128/><D32/><U122/><E112/><V67/><F119/><W45/><G68/><T51/><D113/><U99/><E122/><V24/><F110/><W48/><G133/><T90/><D118/><U18/><E117/><V80/><F132/><W36/><G85/><T91/><D39/><U42/><E42/><V134/><F134/><W97/><G5/><T49/><D14/><U37/><E99/><V83/><F34/><W31/><G31/><T125/><D49/><U20/><E37/><V104/><F102/><W84/><G84/><T130/><D43/><U98/><E98/><V58/><F16/><W111/><G111/><T135/><D135/><U94/><E94/><V116/><F116/><W6/><G6/><T95/><D51/><U74/><E22/><V44/><F44/><W19/><G19/><T29/><D59/><U77/><REACH who="1" step="1"/><E2/><REACH who="1" ten="268,180,254,288" step="2"/><V120/><F120/><W69/><G36/><T124/><D95/><U28/><E28/><V107/><REACH who="2" step="1"/><F76/><REACH who="2" ten="268,180,244,288" step="2"/><W38/><G100/><T131/><D131/><U26/><AGARI ba="0,2" hai="8,11,18,20,26,57,63,66,72,73,74,77,82,87" machi="26" ten="30,2000,0" yaku="1,1,0,1,53,0" doraHai="1" doraHaiUra="65" who="1" fromWho="1" sc="268,-5,180,40,244,-5,288,-10" /><INIT seed="4,0,0,5,5,103" ten="263,220,239,278" oya="0" hai0="70,95,65,14,47,49,25,11,55,108,2,34,99" hai1="36,134,10,31,111,8,0,42,57,94,118,135,84" hai2="125,6,35,21,75,54,79,77,33,128,124,48,131" hai3="61,98,29,74,73,85,120,28,107,106,60,3,15"/><T132/><D2/><U45/><E118/><V121/><F121/><W67/><G3/><T13/><D132/><N who="1" m="50731" /><E111/><V105/><F6/><W5/><G85/><T116/><D116/><U104/><E104/><V69/><F69/><W64/><G15/><T101/><D101/><U63/><BYE who="0" /><E31/><V18/><F75/><W109/><G5/><T30/><D30/><U59/><E0/><V7/><F7/><W23/><G23/><T133/><D133/><U53/><E59/><V81/><F105/><W46/><G46/><T112/><D112/><U38/><E38/><V122/><F122/><W78/><G98/><UN n0="%E6%9F%B3%E3%81%AB%E7%95%AA%E5%82%98" /><T86/><D70/><U22/><E22/><V91/><F91/><AGARI ba="0,0" hai="8,10,36,42,45,53,57,63,84,91,94" m="50731" machi="91" ten="30,1000,0" yaku="20,1" doraHai="103" who="1" fromWho="2" sc="263,0,220,10,239,-10,278,0" /><INIT seed="5,0,0,0,0,4" ten="263,230,229,278" oya="1" hai0="93,54,36,64,6,74,26,70,126,51,79,95,16" hai1="59,13,110,125,86,39,106,99,88,80,46,18,83" hai2="65,85,107,96,120,29,15,112,77,62,104,49,23" hai3="124,55,87,56,14,61,71,122,102,109,115,72,121"/><U9/><E110/><V108/><F120/><W128/><G72/><T28/><D36/><U50/><E125/><V116/><F108/><W133/><G109/><T89/><D6/><U130/><E130/><V11/><F116/><W68/><G124/><T44/><D93/><N who="1" m="56743" /><E106/><V94/><F112/><W92/><G128/><T111/><D111/><U42/><E39/><V60/><F107/><W47/><G115/><T58/><D70/><U129/><E129/><V76/><F104/><W123/><G133/><T30/><D74/><U97/><E97/><V135/><F135/><W7/><G68/><T114/><D114/><U25/><E25/><N who="2" m="16575" /><F49/><W5/><G71/><T19/><D26/><U127/><E127/><V17/><F65/><W40/><G14/><T113/><D113/><U20/><E59/><V2/><F2/><W118/><G118/><T81/><D58/><U33/><E33/><V31/><F31/><W0/><G0/><T100/><D30/><U22/><E83/><N who="2" m="47335" /><F77/><AGARI ba="0,0" hai="9,13,18,20,22,42,46,50,77,80,86" m="56743" machi="77" ten="30,5800,0" yaku="8,1,52,1,54,1" doraHai="4" who="1" fromWho="2" sc="263,0,230,58,229,-58,278,0" /><INIT seed="5,1,0,3,4,86" ten="263,288,171,278" oya="1" hai0="44,71,56,55,26,47,70,112,124,69,15,59,98" hai1="2,43,11,34,5,0,80,88,122,97,99,115,83" hai2="78,50,60,53,30,107,63,128,40,130,18,64,46" hai3="22,113,8,54,1,52,118,87,20,13,121,28,94"/><U9/><E122/><V21/><F107/><W103/><G121/><T10/><D26/><U16/><E34/><V76/><F30/><W29/><G1/><T131/><D131/><N who="2" m="50218" /><F40/><W129/><G129/><T116/><D116/><U127/><E127/><V101/><F101/><W134/><G134/><T49/><D124/><U120/><E120/><V62/><F64/><W38/><G38/><T58/><D112/><U3/><E43/><V24/><AGARI ba="1,0" hai="18,21,24,46,50,53,60,62,63,76,78" m="50218" machi="24" ten="30,1100,0" yaku="19,1" doraHai="86" who="2" fromWho="2" sc="263,-4,288,-6,171,14,278,-4" /><INIT seed="6,0,0,5,1,94" ten="259,282,185,274" oya="2" hai0="111,133,55,103,45,20,5,25,108,21,36,11,128" hai1="9,63,68,8,73,87,61,67,18,81,66,44,29" hai2="75,34,78,114,98,26,124,130,104,50,31,91,110" hai3="112,106,59,72,49,135,62,122,19,85,83,74,82"/><V71/><F110/><W46/><G122/><T127/><D127/><U17/><E29/><V41/><F114/><W101/><G112/><T47/><D133/><U52/><E73/><V24/><F124/><W121/><G121/><T64/><D21/><U92/><E92/><V120/><F120/><W84/><G135/><T69/><D45/><U37/><E8/><V65/><F130/><W116/><G116/><T33/><D33/><U4/><E37/><V22/><F41/><W3/><G3/><T77/><D77/><U10/><E10/><V13/><F50/><W56/><G101/><T89/><D103/><U28/><E28/><V123/><F123/><W102/><G102/><T7/><D36/><U30/><E30/><N who="2" m="17687" /><F13/><W16/><G106/><T23/><D69/><U40/><E40/><V39/><F39/><W86/><G46/><T58/><D47/><U12/><E44/><V90/><F78/><W14/><G49/><T118/><D118/><U125/><E125/><V93/><F75/><W117/><G117/><T57/><D111/><U105/><E105/><V48/><F48/><W32/><G32/><T97/><D108/><U38/><E38/><V115/><F115/><W60/><G84/><T96/><D25/><U88/><E52/><V53/><F53/><W119/><G119/><T134/><D55/><U43/><E43/><V131/><F131/><W35/><G35/><T27/><D27/><U79/><E79/><V126/><F126/><W99/><G14/><T132/><D132/><U80/><E80/><V100/><F93/><W6/><G6/><N who="0" m="2059" /><D134/><U70/><AGARI ba="0,0" hai="4,9,12,17,18,61,63,66,67,68,70,81,87,88" machi="70" ten="20,8000,1" yaku="5,1,0,1,7,1,9,1,54,1" doraHai="94" who="1" fromWho="1" sc="259,-20,282,80,185,-40,274,-20" owari="239,-16.0,362,46.0,145,-35.0,254,5.0" /></mjloggm>