<mjloggm ver="2.3"><GO type="193" lobby="0"/><UN n0="%4E%75%6D%6F%74" n1="%32%37%6D%67" n2="%E3%83%88%E3%83%88%E3%83%AA%E5%85%88%E7%94%9F%31%39%E6%AD%B3" n3="%E7%AC%9B%E5%90%B9%E3%81%8D%E8%8A%B1%E3%81%A1%E3%82%83%E3%82%93" dan="13,12,10,12" rate="1771.93,1750.56,1773.16,1781.59" sx="M,M,F,M"/><TAIKYOKU oya="0"/><INIT seed="0,0,0,1,2,121" ten="250,250,250,250" oya="0" hai0="114,63,51,104,62,34,95,17,118,132,110,39,27" hai1="117,26,98,76,124,75,59,23,78,103,128,19,123" hai2="112,68,4,15,82,21,93,30,9,131,22,87,44" hai3="11,2,115,13,56,52,24,16,130,91,105,86,60"/><T12/><D39/><U122/><E117/><V40/><F112/><W101/><G115/><T83/><D114/><U71/><E71/><V96/><F68/><W107/><G2/><T45/><D104/><U41/><E124/><V67/><F67/><W100/><G130/><T33/><D118/><U111/><E128/><V5/><F5/><W74/><G74/><T10/><D132/><U119/><E119/><V134/><F30/><W135/><G135/><T53/><D110/><U77/><E111/><V0/><F0/><W129/><G24/><T47/><D47/><U43/><E75/><V80/><F131/><W81/><REACH who="3" step="1"/><G129/><REACH who="3" ten="250,250,250,240" step="2"/><T65/><D27/><U18/><E26/><V99/><F134/><W54/><G54/><T36/><D34/><U14/><E43/><V79/><F40/><W113/><G113/><T7/><D33/><U73/><E73/><V46/><F15/><W108/><G108/><T20/><D65/><U125/><E41/><V64/><F64/><W58/><G58/><T48/><D36/><U69/><E59/><V106/><F46/><W88/><G88/><T55/><D55/><U66/><E66/><V116/><F44/><W37/><G37/><T94/><D45/><U50/><E69/><V3/><F116/><W72/><G72/><T97/><D53/><U120/><E14/><V31/><F3/><W85/><G85/><T90/><D12/><U109/><E109/><V38/><F87/><W25/><G25/><T89/><D89/><U42/><E42/><V29/><F38/><W126/><G126/><T1/><D90/><U32/><E125/><RYUUKYOKU ba="0,1" sc="250,-10,250,-10,250,-10,240,30" hai3="11,13,16,52,56,60,81,86,91,100,101,105,107" /><INIT seed="1,1,1,5,5,55" ten="240,240,240,270" oya="1" hai0="119,4,39,22,69,1,35,42,84,52,59,41,24" hai1="113,33,94,117,49,30,129,91,68,14,118,99,107" hai2="71,27,103,128,40,32,53,2,6,8,90,79,85" hai3="70,98,112,124,111,131,19,54,132,66,81,123,133"/><U92/><E113/><V67/><F128/><W45/><G111/><T88/><D69/><U9/><E129/><V121/><F121/><W37/><G131/><T114/><D114/><U63/><E107/><V62/><F79/><W34/><G124/><T126/><D119/><U135/><E135/><N who="3" m="51786" /><G112/><T18/><D126/><U3/><E3/><V120/><F120/><W51/><G123/><T21/><D35/><U82/><E30/><V96/><F40/><N who="0" m="15466" /><D1/><U125/><E82/><V46/><F46/><W60/><G37/><T78/><D39/><U5/><E33/><V16/><F53/><W44/><G34/><T95/><D4/><U89/><E49/><V134/><F134/><W127/><G127/><T64/><D64/><U7/><E125/><V57/><F71/><W25/><G81/><T29/><D78/><U87/><E5/><V108/><F108/><W102/><G25/><T109/><D109/><U15/><REACH who="1" step="1"/><E14/><REACH who="1" ten="240,230,240,270" step="2"/><V56/><F32/><W86/><G19/><T48/><D22/><U130/><E130/><V47/><F16/><AGARI ba="1,2" hai="16,18,21,24,29,48,52,59,84,88,95" m="15466" machi="16" ten="30,8000,1" yaku="8,1,52,1,54,3" doraHai="55" who="0" fromWho="2" sc="240,103,230,0,240,-83,270,0" /><INIT seed="2,0,0,2,2,8" ten="343,230,157,270" oya="2" hai0="63,70,40,14,78,43,107,93,76,91,132,123,13" hai1="39,0,3,81,10,113,134,118,66,104,7,120,19" hai2="42,74,100,68,99,20,112,131,115,59,53,75,124" hai3="6,50,9,116,12,47,130,23,117,4,88,126,1"/><V89/><F68/><W51/><G126/><T85/><D107/><U38/><E118/><V36/><F124/><W25/><G130/><T109/><D109/><U17/><E113/><V90/><F131/><W96/><G4/><T77/><D123/><U49/><E104/><V16/><F112/><W133/><G133/><T44/><D132/><U103/><E134/><V127/><F115/><W71/><G71/><T108/><D108/><U97/><E66/><V111/><F111/><W34/><G34/><T114/><D114/><U57/><E81/><V102/><F127/><W5/><G5/><T122/><D122/><U28/><E28/><V52/><F53/><W87/><G96/><T105/><D105/><U101/><E120/><V80/><F42/><W73/><G73/><T58/><D44/><U29/><E29/><V46/><F46/><W18/><G1/><T83/><D70/><U106/><E103/><V92/><F36/><W67/><G67/><N who="0" m="39415" /><D93/><U32/><E3/><V41/><F41/><AGARI ba="0,0" hai="13,14,40,41,43,76,77,78,83,85,91" m="39415" machi="41" ten="30,3900,0" yaku="8,1,52,2" doraHai="8" who="0" fromWho="2" sc="343,39,230,0,157,-39,270,0" /><INIT seed="3,0,0,0,1,111" ten="382,230,118,270" oya="3" hai0="14,15,22,36,130,97,3,46,34,122,44,39,2" hai1="80,86,82,85,20,116,71,74,26,65,115,29,64" hai2="23,72,119,19,81,92,89,94,38,95,27,41,83" hai3="43,129,105,101,35,126,52,10,8,7,104,28,132"/><W117/><G117/><T79/><D22/><U84/><E74/><V47/><F119/><W110/><G43/><T13/><D79/><U87/><E116/><V99/><F72/><W124/><G129/><T114/><D97/><U50/><E50/><V54/><F81/><W109/><G132/><T125/><D34/><U48/><E48/><V112/><F83/><W100/><G52/><T108/><D122/><U0/><E0/><N who="0" m="41" /><D108/><N who="3" m="41577" /><G7/><T113/><D130/><U66/><E71/><V21/><F21/><W4/><G4/><T127/><D46/><U17/><E82/><V98/><F98/><N who="3" m="61463" /><G105/><T123/><D44/><U133/><E133/><V45/><F45/><W134/><G101/><T6/><D6/><U51/><E51/><V96/><F96/><W25/><G134/><T31/><D31/><U61/><E80/><V32/><F32/><W102/><G102/><T131/><D131/><U135/><E135/><V37/><F37/><N who="0" m="14410" /><D123/><U93/><E61/><V78/><F78/><W76/><G76/><T56/><D56/><U9/><E93/><V88/><F89/><W18/><G18/><T12/><D12/><U63/><E63/><V73/><F73/><W49/><G49/><T77/><D77/><U16/><E9/><AGARI ba="0,0" hai="8,9,10,25,28,35,124,126" m="61463,41577" machi="9" ten="30,2900,0" yaku="14,1,10,1" doraHai="111" who="3" fromWho="1" sc="382,0,230,-29,118,0,270,29" /><INIT seed="3,1,0,2,2,134" ten="382,201,118,299" oya="3" hai0="45,67,13,35,111,125,9,39,88,80,42,128,102" hai1="77,68,2,93,105,63,62,27,14,120,51,22,116" hai2="121,25,60,114,16,37,81,28,96,91,76,97,95" hai3="85,17,1,89,56,33,19,122,108,15,115,86,66"/><W90/><G115/><T20/><D125/><U79/><E105/><V131/><F114/><W69/><G122/><T82/><D111/><U74/><E120/><V94/><F121/><W54/><G1/><T48/><D35/><U40/><E2/><V59/><F131/><W107/><G33/><T99/><D128/><U49/><E116/><V12/><F37/><W8/><G107/><T41/><D67/><U47/><E49/><V38/><F38/><W58/><G69/><T30/><D39/><U118/><E118/><V117/><F117/><W50/><G108/><T71/><D71/><U6/><E93/><V119/><F119/><W106/><G106/><T34/><D34/><U92/><E92/><V98/><F95/><W100/><G100/><T73/><D73/><U31/><E74/><V110/><F110/><W113/><G113/><T36/><D36/><U11/><E68/><V24/><F76/><AGARI ba="1,0" hai="6,11,14,22,27,31,40,47,51,62,63,76,77,79" machi="76" ten="40,1300,0" yaku="8,1" doraHai="134" who="1" fromWho="2" sc="382,0,201,16,118,-16,299,0" owari="382,48.0,217,-18.0,102,-40.0,299,10.0" /></mjloggm>