<mjloggm ver="2.3"><GO type="97" lobby="0"/><UN n0="%63%6F%61" n1="%38%32%31%73%68%69%6E" n2="%35%39%33%30%39" n3="%E5%B0%B1%E6%B4%BB%E7%94%9F%40%E5%B7%9D%E6%9D%91%E8%BB%8D%E5%9B%A3" dan="15,15,15,15" rate="1974.14,2064.49,1969.44,1994.54" sx="M,M,M,M"/><TAIKYOKU oya="0"/><INIT seed="0,0,0,3,3,82" ten="250,250,250,250" oya="0" hai0="68,34,4,46,109,2,51,88,15,38,58,124,79" hai1="91,23,86,54,56,39,69,32,75,126,63,104,78" hai2="66,94,53,113,8,37,121,111,45,19,81,61,60" hai3="31,103,14,71,131,6,125,117,85,42,13,43,77"/><T59/><D34/><U16/><E39/><V83/><F111/><W135/><G71/><T132/><D68/><U123/><E32/><V41/><F121/><W98/><G117/><T47/><D2/><U101/><E123/><V114/><F53/><W96/><G131/><T20/><D79/><U108/><E126/><V25/><F60/><W90/><G125/><T116/><D124/><U122/><E78/><V73/><F94/><N who="3" m="58775" /><G135/><T57/><D116/><U29/><E75/><V70/><F73/><W133/><G31/><T24/><D132/><U27/><E29/><V118/><F118/><W93/><G133/><T129/><D129/><U17/><E108/><V106/><F106/><W100/><G77/><T62/><D109/><U18/><E122/><V87/><F83/><N who="3" m="49471" /><G6/><T11/><D38/><U92/><REACH who="1" step="1"/><E69/><REACH who="1" ten="250,240,250,250" step="2"/><V5/><F70/><W112/><G112/><T67/><D67/><U36/><E36/><V22/><F66/><W30/><G30/><N who="0" m="17671" /><D62/><U120/><E120/><V1/><REACH who="2" step="1"/><F61/><REACH who="2" ten="250,240,240,250" step="2"/><W55/><G55/><T65/><D65/><U119/><E119/><V102/><F102/><W40/><AGARI ba="0,2" hai="13,14,40,42,43,93,98,100" m="49471,58775" machi="40" ten="30,2000,0" yaku="8,1,52,1" doraHai="82" who="3" fromWho="3" sc="250,-10,240,-5,240,-5,250,40" /><INIT seed="1,0,0,5,0,12" ten="240,235,235,290" oya="1" hai0="8,31,94,106,86,13,23,99,76,10,1,112,97" hai1="79,33,102,125,42,6,67,20,15,39,11,93,87" hai2="44,128,84,120,88,129,48,74,69,131,70,16,95" hai3="111,52,109,105,132,127,121,32,130,101,63,134,61"/><U40/><E125/><V66/><F74/><W85/><G32/><T123/><D112/><U58/><E33/><V28/><F28/><W50/><G121/><T82/><D123/><U0/><E39/><V108/><F108/><N who="3" m="41547" /><G127/><T59/><D1/><U5/><E5/><V118/><F118/><W65/><G130/><T90/><D106/><U45/><E0/><V25/><F66/><W75/><G75/><T62/><D99/><N who="1" m="59759" /><E20/><N who="2" m="13447" /><F120/><W35/><G35/><T30/><D23/><U49/><E67/><V57/><F57/><N who="3" m="32919" /><G85/><T3/><D3/><U2/><E58/><V80/><F80/><W68/><G61/><T29/><D13/><U54/><E2/><V22/><F22/><W78/><G78/><T19/><D19/><U43/><E54/><AGARI ba="0,0" hai="44,48,54,69,70,84,88,95,128,129,131" m="13447" machi="54" ten="30,7700,0" yaku="19,1,52,1,54,2" doraHai="12" who="2" fromWho="1" sc="240,0,235,-77,235,77,290,0" /><AGARI ba="0,0" hai="8,10,29,30,31,54,59,62,76,82,86,90,94,97" machi="54" ten="40,1300,0" yaku="8,1" doraHai="12" who="0" fromWho="1" sc="240,13,158,-13,312,0,290,0" /><INIT seed="2,0,0,0,1,26" ten="253,145,312,290" oya="2" hai0="126,66,79,34,2,21,118,84,104,130,1,52,40" hai1="71,17,36,87,31,91,103,129,56,37,44,11,24" hai2="116,18,53,5,3,122,25,20,27,19,42,45,123" hai3="133,59,95,48,0,74,101,110,16,12,132,38,134"/><V125/><F116/><W57/><G38/><T117/><D34/><U127/><E71/><V86/><F53/><N who="3" m="31911" /><G0/><T100/><D130/><U109/><E129/><V108/><F125/><W47/><G74/><T96/><D66/><U83/><E127/><V89/><F5/><W113/><G113/><T107/><D107/><U70/><E109/><V33/><F3/><W128/><G128/><T81/><D126/><U114/><E70/><V29/><F108/><W111/><G47/><T32/><D32/><U121/><E114/><V80/><REACH who="2" step="1"/><F18/><REACH who="2" ten="253,145,302,290" step="2"/><W7/><G7/><T43/><D2/><U102/><E121/><V15/><F15/><W94/><G111/><T72/><D1/><U76/><E17/><V35/><F35/><W63/><G110/><T50/><D117/><U105/><E11/><V64/><F64/><N who="3" m="39039" /><G101/><T119/><D118/><U65/><E103/><V22/><F22/><AGARI ba="0,1" hai="12,16,22,94,95,132,133,134" m="39039,31911" machi="22" ten="30,2000,0" yaku="20,1,54,1" doraHai="26" who="3" fromWho="2" sc="253,0,145,0,302,-20,290,30" /><INIT seed="3,0,0,4,0,95" ten="253,145,282,320" oya="3" hai0="70,66,37,63,58,108,77,34,98,51,90,17,118" hai1="134,6,48,55,101,9,110,52,74,115,80,10,32" hai2="78,88,60,68,61,54,116,36,111,42,82,117,12" hai3="39,20,57,29,30,46,7,16,4,132,47,135,24"/><W107/><G107/><T13/><D118/><U26/><E115/><V131/><F111/><W83/><G83/><T113/><D108/><U114/><E110/><V126/><F126/><W121/><G121/><T106/><D113/><U133/><E114/><V11/><F131/><W122/><G122/><T62/><D34/><U2/><E101/><V81/><F42/><N who="3" m="22879" /><G47/><T3/><D3/><U31/><E10/><V119/><F36/><W86/><G86/><T75/><D37/><U104/><E104/><V38/><F38/><W8/><G57/><T87/><D51/><U91/><E48/><V100/><F100/><W94/><G94/><T1/><D1/><U23/><E23/><V5/><F68/><W130/><G130/><T92/><D75/><U71/><E71/><V85/><REACH who="2" step="1"/><F54/><REACH who="2" ten="253,145,272,320" step="2"/><W125/><G125/><T56/><D106/><U120/><E120/><V18/><F18/><W40/><G40/><T45/><D45/><U84/><REACH who="1" step="1"/><E74/><AGARI ba="0,1" hai="5,11,12,60,61,74,78,81,82,85,88,116,117,119" machi="74" ten="40,2600,0" yaku="1,1,54,1,53,0" doraHai="95" doraHaiUra="64" who="2" fromWho="1" sc="253,0,145,-26,272,36,320,0" owari="253,-15.0,119,-38.0,308,11.0,320,42.0" /></mjloggm>