<mjloggm ver="2.3"><GO type="169" lobby="0"/><UN n0="%E3%83%98%E3%82%AF%E3%82%B5%E3%83%BC" n1="%53%48%49%53%55%4B%45" n2="%E7%BD%AE%E5%82%98" n3="%E5%B0%B1%E6%B4%BB%E7%94%9F%40%E5%B7%9D%E6%9D%91%E8%BB%8D%E5%9B%A3" dan="18,17,17,16" rate="2255.91,2141.66,2267.28,2044.40" sx="M,M,M,M"/><TAIKYOKU oya="0"/><INIT seed="0,0,0,2,3,83" ten="250,250,250,250" oya="0" hai0="85,1,3,96,133,18,67,50,38,73,57,97,43" hai1="76,36,29,77,44,42,131,19,89,46,32,55,65" hai2="39,33,31,109,130,127,22,87,86,72,102,20,126" hai3="34,12,98,121,125,106,68,80,101,108,118,79,110"/><T56/><D73/><U81/><E131/><V8/><F72/><W94/><G68/><T114/><D114/><U40/><E65/><V26/><F130/><W135/><G34/><T84/><D133/><U64/><E64/><V105/><F39/><W17/><G118/><T21/><D38/><U54/><E32/><V24/><F109/><W28/><G28/><T66/><D43/><U134/><E29/><N who="2" m="17559" /><F8/><W37/><G37/><T113/><D113/><U63/><E134/><V53/><F33/><W123/><G12/><T51/><D21/><U41/><E36/><V103/><F53/><W119/><G17/><AGARI ba="0,0" hai="1,3,17,18,50,51,56,57,66,67,84,85,96,97" machi="17" ten="25,9600,0" yaku="22,2,52,2" doraHai="83" who="0" fromWho="3" sc="250,96,250,0,250,0,250,-96" /><INIT seed="0,1,0,2,3,93" ten="346,250,250,154" oya="0" hai0="84,107,28,47,41,62,59,2,118,97,94,69,36" hai1="92,51,72,131,117,35,76,121,124,37,39,85,15" hai2="6,101,74,40,1,129,80,126,13,20,135,100,123" hai3="18,68,46,48,103,12,24,58,53,22,106,73,43"/><T128/><D118/><U8/><E35/><V77/><F123/><W134/><G73/><T88/><D2/><U127/><E72/><V4/><F135/><W133/><G68/><T79/><D128/><U23/><E117/><V17/><F129/><W32/><G32/><T82/><D69/><U78/><E131/><V7/><F1/><W122/><G122/><T90/><D107/><U114/><E121/><V54/><F126/><N who="1" m="48169" /><E114/><V9/><F40/><W96/><REACH who="3" step="1"/><G24/><REACH who="3" ten="346,250,250,144" step="2"/><T45/><D28/><U16/><E39/><AGARI ba="1,1" hai="12,18,22,39,43,46,48,53,58,96,103,106,133,134" machi="39" ten="40,8000,1" yaku="1,1,2,1,52,1,53,1" doraHai="93" doraHaiUra="10" who="3" fromWho="1" sc="346,0,250,-83,250,0,144,93" /><INIT seed="1,0,0,4,0,98" ten="346,167,250,237" oya="1" hai0="24,28,65,124,90,72,102,23,123,17,120,6,109" hai1="58,71,73,93,128,77,115,32,131,130,57,105,108" hai2="30,75,78,96,92,59,66,104,44,84,4,52,10" hai3="110,94,69,22,42,81,50,12,100,103,41,27,101"/><U36/><E115/><V70/><F30/><N who="3" m="17783" /><G110/><T39/><D109/><U113/><E113/><V87/><F104/><W80/><G69/><T29/><D72/><U56/><E108/><V3/><F44/><N who="3" m="25871" /><G42/><T135/><D39/><U25/><E105/><V60/><F78/><W67/><G67/><T8/><D65/><U7/><E71/><V82/><F75/><W49/><G49/><T53/><D90/><U97/><E36/><V5/><F5/><W37/><G37/><T106/><D135/><U2/><E77/><V116/><F116/><W55/><G55/><T126/><D53/><U0/><E73/><V13/><F82/><N who="3" m="31851" /><G12/><N who="0" m="5143" /><D28/><N who="1" m="19471" /><E7/><V114/><F3/><W18/><G18/><T63/><D17/><U16/><E16/><V9/><F114/><W64/><G64/><T91/><D63/><U26/><E26/><V76/><F76/><W38/><G38/><T74/><D74/><U79/><E79/><V89/><REACH who="2" step="1"/><F9/><REACH who="2" ten="346,167,240,237" step="2"/><W48/><G48/><AGARI ba="0,1" hai="4,10,13,48,52,59,60,66,70,84,87,89,92,96" machi="48" ten="30,7700,0" yaku="1,1,2,1,7,1,54,1,53,0" doraHai="98" doraHaiUra="14" who="2" fromWho="3" sc="346,0,167,0,240,87,237,-77" /><INIT seed="2,0,0,1,0,49" ten="346,167,327,160" oya="2" hai0="37,20,118,22,48,70,2,91,131,11,130,108,77" hai1="62,17,36,38,18,85,16,33,103,100,8,13,87" hai2="46,27,14,121,6,78,81,59,68,63,92,76,99" hai3="45,65,35,74,32,31,56,53,79,10,129,93,51"/><V122/><F68/><W58/><G129/><T0/><D37/><U97/><E33/><V84/><F76/><W128/><G128/><T125/><D70/><U83/><E62/><V42/><F27/><W113/><G113/><T71/><D71/><U89/><E85/><V124/><F124/><W119/><G119/><T66/><D125/><U54/><E54/><V105/><F105/><W55/><G65/><T7/><D118/><U109/><E109/><V12/><F6/><W106/><G106/><T41/><D66/><U3/><E3/><V39/><F122/><W120/><G120/><T60/><D60/><U117/><E117/><V96/><F121/><W26/><G32/><T127/><D77/><U95/><REACH who="1" step="1"/><E103/><REACH who="1" ten="346,157,327,160" step="2"/><V72/><F84/><W50/><G45/><N who="0" m="25647" /><D0/><U80/><E80/><V4/><F99/><W135/><G135/><T47/><D47/><U126/><E126/><V94/><F4/><AGARI ba="0,1" hai="4,8,13,16,17,18,36,38,83,87,89,95,97,100" machi="4" ten="40,2600,0" yaku="1,1,54,1,53,0" doraHai="49" doraHaiUra="75" who="1" fromWho="2" sc="346,0,157,36,327,-26,160,0" /><INIT seed="3,0,0,2,5,2" ten="346,193,301,160" oya="3" hai0="42,15,131,89,126,124,0,58,87,9,45,27,117" hai1="63,24,55,4,50,134,18,107,78,66,16,82,118" hai2="67,125,93,36,77,75,99,37,86,103,40,51,72" hai3="64,46,109,61,105,41,133,39,120,52,34,71,29"/><W32/><G120/><T47/><D117/><U123/><E123/><V44/><F125/><N who="0" m="48234" /><D131/><U49/><E107/><V90/><F67/><W127/><G127/><T60/><D0/><U56/><E118/><V96/><F96/><W5/><G133/><T38/><D27/><U132/><E50/><V53/><F77/><W1/><G109/><T113/><D113/><U3/><E24/><V8/><F8/><N who="3" m="2095" /><G29/><T17/><D45/><U26/><E26/><V83/><REACH who="2" step="1"/><F36/><REACH who="2" ten="346,193,291,160" step="2"/><W28/><G28/><T30/><D30/><U91/><E134/><V12/><F12/><W80/><G80/><T112/><D112/><U43/><E132/><V94/><F94/><W7/><G105/><T95/><D95/><U76/><E3/><V98/><F98/><W73/><G73/><T79/><D79/><U57/><E78/><V22/><F22/><W122/><G122/><T21/><D21/><U13/><E76/><V20/><F20/><W14/><G14/><T70/><D87/><U54/><E13/><V129/><F129/><W68/><G68/><T33/><D70/><U101/><E82/><V19/><F19/><W116/><G116/><T84/><D84/><U62/><E18/><V31/><F31/><W88/><G7/><T108/><D15/><U128/><E4/><V102/><F102/><W114/><G114/><T23/><D23/><U104/><E16/><V11/><F11/><W115/><G115/><T81/><D9/><U69/><E128/><V59/><AGARI ba="0,1" hai="37,40,44,51,53,59,72,75,83,86,90,93,99,103" machi="59" ten="20,2700,0" yaku="1,1,0,1,7,1,53,0" doraHai="2" doraHaiUra="74" who="2" fromWho="2" sc="346,-7,193,-7,291,37,160,-13" /><INIT seed="4,0,0,0,1,131" ten="339,186,328,147" oya="0" hai0="57,72,123,48,85,65,31,1,76,106,107,46,61" hai1="29,73,99,102,81,120,0,15,111,5,25,113,47" hai2="49,79,22,36,112,96,75,10,100,64,66,37,121" hai3="45,119,74,82,55,77,14,92,86,103,43,40,41"/><T62/><D123/><U78/><E120/><V110/><F121/><W27/><G119/><T87/><D1/><U54/><E111/><V71/><F110/><W11/><G27/><T13/><D72/><U68/><E68/><V115/><F49/><W35/><G35/><T133/><D133/><U109/><E109/><V70/><F22/><W118/><G118/><T132/><D132/><U127/><E0/><V38/><F10/><W104/><G104/><T33/><D13/><U34/><E127/><V105/><F64/><W117/><G117/><T39/><D39/><U17/><E5/><V83/><F66/><W16/><G55/><T51/><D62/><U30/><E30/><V93/><REACH who="2" step="1"/><F93/><REACH who="2" ten="339,186,318,147" step="2"/><W56/><G56/><T114/><D51/><U80/><E34/><V84/><F84/><W6/><G6/><T69/><D87/><U24/><E73/><V7/><F7/><W88/><REACH who="3" step="1"/><G103/><REACH who="3" ten="339,186,318,137" step="2"/><T108/><D57/><U97/><E102/><V28/><F28/><W134/><G134/><T63/><D31/><U59/><E29/><V67/><F67/><W32/><G32/><T90/><D33/><U126/><E59/><V44/><F44/><AGARI ba="0,2" hai="11,14,16,40,41,43,44,45,74,77,82,86,88,92" machi="44" ten="40,5200,0" yaku="1,1,54,2,53,0" doraHai="131" doraHaiUra="18" who="3" fromWho="2" sc="339,0,186,0,318,-52,137,72" /><INIT seed="5,0,0,2,1,72" ten="339,186,266,209" oya="1" hai0="17,14,16,65,130,133,83,7,69,18,118,116,115" hai1="70,20,106,6,8,54,88,87,128,10,2,52,114" hai2="71,49,81,85,125,33,90,29,95,22,5,89,134" hai3="31,23,11,19,13,40,59,58,126,44,77,21,92"/><U127/><E106/><V80/><F71/><W100/><G126/><T37/><D37/><U97/><E127/><V131/><F125/><W113/><G113/><T0/><D115/><U30/><E70/><V129/><F33/><W84/><G100/><T74/><D65/><U3/><E114/><V62/><F62/><W105/><G105/><T121/><D69/><U56/><E128/><N who="2" m="49227" /><F134/><W112/><G112/><T120/><D130/><U96/><E30/><V24/><F5/><W25/><G23/><T38/><D38/><U41/><E41/><V91/><F49/><N who="3" m="26759" /><G92/><T46/><D0/><U119/><E20/><V102/><F81/><AGARI ba="0,0" hai="11,13,19,21,25,31,58,59,77,81,84" m="26759" machi="81" ten="30,2000,0" yaku="8,1,52,1" doraHai="72" who="3" fromWho="2" sc="339,0,186,0,266,-20,209,20" /><INIT seed="6,0,0,5,0,46" ten="339,186,246,229" oya="2" hai0="72,125,70,19,30,66,109,42,65,4,84,101,22" hai1="69,117,53,35,82,67,24,91,79,110,49,104,33" hai2="8,44,107,135,128,12,39,120,48,61,55,28,118" hai3="99,124,2,113,9,40,1,6,111,102,5,11,37"/><V131/><F107/><W126/><G111/><T122/><D72/><U87/><E110/><V60/><F118/><W45/><REACH who="3" step="1"/><G113/><REACH who="3" ten="339,186,246,219" step="2"/><T16/><D109/><U89/><E117/><V36/><F120/><W56/><G56/><T105/><D122/><U83/><E69/><V85/><F131/><W92/><AGARI ba="0,1" hai="1,2,5,6,9,11,37,40,45,92,99,102,124,126" machi="92" ten="30,4000,0" yaku="1,1,0,1,9,1,53,0" doraHai="46" doraHaiUra="119" who="3" fromWho="3" sc="339,-10,186,-10,246,-20,219,50" /><INIT seed="7,0,0,2,0,77" ten="329,176,226,269" oya="3" hai0="102,96,24,72,3,131,74,133,51,46,22,1,2" hai1="129,84,128,35,97,103,115,44,94,89,9,132,93" hai2="16,26,92,31,79,45,62,40,88,61,75,110,71" hai3="78,20,41,98,53,23,25,19,116,67,100,86,130"/><W15/><G116/><T70/><D133/><U134/><E35/><V83/><F71/><W36/><G130/><N who="1" m="50282" /><E9/><V104/><F104/><W30/><G67/><T108/><D70/><U90/><E44/><V18/><F62/><W112/><G112/><T80/><D80/><N who="1" m="49287" /><E115/><V99/><F110/><W66/><G66/><T81/><D81/><U122/><E122/><V0/><F61/><W119/><G119/><T57/><D57/><U11/><E11/><V60/><F60/><W76/><G86/><AGARI ba="0,0" hai="86,90,93,94,97,103,132,134" m="49287,50282" machi="86" ten="30,7700,0" yaku="19,1,34,2,52,1" doraHai="77" who="1" fromWho="3" sc="329,0,176,77,226,0,269,-77" owari="329,43.0,253,5.0,226,-17.0,192,-31.0" /></mjloggm>