<mjloggm ver="2.3"><GO type="193" lobby="0"/><UN n0="%E3%81%9F%E3%83%BC%E3%81%9F" n1="%E3%83%88%E3%83%88%E3%83%AA%E5%85%88%E7%94%9F%31%39%E6%AD%B3" n2="%6B%6F%74%73%75%36%33" n3="%E5%B1%85%E9%A3%9B%E8%BB%8A%EF%BC%A0%E5%B7%9D%E6%9D%91%E8%BB%8D%E5%9B%A3" dan="13,11,10,13" rate="1743.52,1793.34,1556.30,1774.13" sx="M,F,M,M"/><TAIKYOKU oya="0"/><INIT seed="0,0,0,4,3,134" ten="250,250,250,250" oya="0" hai0="63,2,107,0,42,80,114,68,32,17,60,84,43" hai1="112,34,11,78,95,108,126,94,36,73,106,44,129" hai2="61,39,132,93,41,62,103,8,37,91,97,49,14" hai3="124,28,29,71,87,117,79,133,75,72,99,35,123"/><T105/><D114/><U81/><E34/><V122/><F122/><W9/><G29/><T18/><D32/><U20/><E112/><V64/><F39/><W30/><G30/><T85/><D80/><U74/><E106/><V89/><F37/><W46/><G123/><T119/><REACH who="0" step="1"/><D68/><REACH who="0" ten="240,250,250,250" step="2"/><U19/><E81/><V10/><F132/><W90/><G71/><T51/><D51/><U45/><E36/><V120/><F120/><W77/><G133/><T48/><D48/><U21/><E74/><V12/><F41/><W56/><G75/><T67/><D67/><U38/><E73/><V16/><F49/><W100/><G72/><T58/><D58/><U6/><E38/><V96/><F64/><W121/><G56/><T104/><D104/><U102/><E44/><V3/><F3/><W47/><G121/><T4/><D4/><U135/><E6/><N who="2" m="3095" /><F97/><W109/><G99/><T118/><AGARI ba="0,1" hai="0,2,17,18,42,43,60,63,84,85,105,107,118,119" machi="118" ten="25,9600,0" yaku="1,1,0,1,22,2,53,0" doraHai="134" doraHaiUra="128" who="0" fromWho="0" sc="240,106,250,-32,250,-32,250,-32" /><INIT seed="0,1,0,3,4,84" ten="346,218,218,218" oya="0" hai0="49,59,28,62,132,102,86,32,85,113,127,55,34" hai1="7,103,115,13,131,99,8,45,125,90,119,96,48" hai2="39,33,68,128,38,12,130,112,72,54,52,47,56" hai3="22,60,133,65,57,78,6,75,46,117,81,42,69"/><T110/><D113/><U58/><E115/><V64/><F72/><W44/><G46/><T18/><D127/><U93/><E125/><V70/><F12/><W16/><G117/><T17/><D132/><U98/><E131/><N who="2" m="50219" /><F33/><W118/><G118/><T129/><D129/><U5/><E119/><V1/><F1/><W23/><G133/><T37/><D37/><N who="2" m="13834" /><F112/><W134/><G134/><T19/><D110/><U107/><E58/><V77/><F77/><W123/><G123/><T51/><D102/><U11/><E107/><V97/><F97/><W91/><G6/><T73/><D73/><U74/><E74/><V126/><F126/><W89/><G23/><T76/><D86/><U108/><E108/><V87/><F87/><W109/><G109/><T30/><D34/><U29/><E29/><N who="0" m="11369" /><D32/><U3/><REACH who="1" step="1"/><E103/><REACH who="1" ten="346,208,218,218" step="2"/><V15/><F15/><W63/><G57/><T94/><D76/><U43/><AGARI ba="1,1" hai="3,5,7,8,11,13,43,45,48,90,93,96,98,99" machi="43" ten="20,8000,1" yaku="1,1,2,1,0,1,7,1,52,1,53,0" doraHai="84" doraHaiUra="100" who="1" fromWho="1" sc="346,-41,208,93,218,-21,218,-21" /><INIT seed="1,0,0,4,1,107" ten="305,301,197,197" oya="1" hai0="127,20,61,63,41,64,76,126,28,122,118,21,119" hai1="59,105,100,31,91,14,10,70,86,0,80,25,116" hai2="34,7,22,8,109,5,30,26,50,75,81,29,131" hai3="23,73,51,56,78,52,82,49,12,102,94,125,133"/><U2/><E116/><N who="0" m="44585" /><D76/><U3/><E70/><V101/><F101/><W19/><G125/><N who="0" m="47627" /><D122/><U6/><E59/><V9/><F81/><W35/><G35/><T13/><D41/><U36/><E36/><V68/><F68/><W53/><G133/><T71/><D61/><U72/><E100/><V1/><F50/><W124/><G124/><T135/><D135/><U67/><E105/><V123/><F75/><W33/><G33/><T18/><D28/><U134/><E134/><V129/><F123/><W27/><G94/><T46/><D46/><U120/><E120/><V117/><F117/><W40/><G102/><T108/><D108/><U132/><E132/><V92/><F92/><W57/><G40/><T69/><D69/><U44/><E44/><V66/><F66/><W43/><G43/><T55/><D55/><U90/><E67/><V60/><F60/><W99/><G99/><T113/><D113/><U32/><REACH who="1" step="1"/><E90/><REACH who="1" ten="305,291,197,197" step="2"/><V84/><F84/><W15/><AGARI ba="0,1" hai="12,15,19,23,27,49,51,52,53,56,57,73,78,82" machi="15" ten="30,7900,0" yaku="0,1,9,1,52,1,54,1" doraHai="107" who="3" fromWho="3" sc="305,-20,291,-39,197,-20,197,89" /><INIT seed="2,0,0,4,0,72" ten="285,252,177,286" oya="2" hai0="90,105,45,60,119,115,34,79,97,9,43,130,20" hai1="108,17,76,132,24,77,112,110,14,84,50,13,12" hai2="121,68,116,88,128,109,89,57,131,91,7,6,73" hai3="75,41,33,19,54,39,66,1,52,16,120,5,63"/><V40/><F116/><W8/><G33/><T94/><D115/><U129/><E112/><V51/><F121/><W46/><G120/><T133/><D34/><U28/><E129/><N who="2" m="49739" /><F73/><W23/><G19/><T134/><D130/><U86/><E132/><N who="0" m="50793" /><D119/><U127/><E127/><V62/><F109/><N who="1" m="42089" /><E17/><V11/><F68/><W56/><G75/><T99/><D60/><U103/><E103/><V32/><F32/><W10/><G8/><T22/><D9/><U113/><E50/><V125/><F125/><W107/><REACH who="3" step="1"/><G107/><REACH who="3" ten="285,252,177,276" step="2"/><T74/><D105/><U70/><E113/><V58/><F11/><W31/><G31/><T124/><D124/><U30/><E70/><V96/><F96/><N who="0" m="36938" /><D74/><U92/><E30/><V123/><F123/><W38/><G38/><N who="0" m="21751" /><D94/><U104/><E104/><V82/><F82/><W126/><G126/><T83/><D20/><N who="1" m="15367" /><E92/><V100/><F100/><W53/><G53/><T47/><D22/><U114/><E114/><V85/><F85/><AGARI ba="0,1" hai="12,13,14,76,77,84,85,86" m="15367,42089" machi="85" ten="30,3900,0" yaku="14,1,52,2" doraHai="72" who="1" fromWho="2" sc="285,0,252,49,177,-39,276,0" /><INIT seed="3,0,0,2,3,91" ten="285,301,138,276" oya="3" hai0="97,110,28,90,15,18,132,20,129,92,77,68,45" hai1="3,47,109,54,103,118,115,72,25,121,30,63,50" hai2="88,73,24,80,36,75,111,1,84,42,87,5,125" hai3="116,32,82,7,16,61,2,122,27,56,79,78,19"/><W39/><G39/><T112/><D110/><U120/><E115/><V52/><F125/><W31/><G116/><T23/><D112/><U6/><E72/><V133/><F133/><W22/><G122/><T8/><D68/><U59/><E118/><V102/><F111/><W40/><G40/><T128/><D132/><U105/><E109/><V51/><F102/><W55/><G2/><T119/><D119/><U53/><E3/><V48/><F24/><W58/><G7/><T74/><D74/><U17/><E6/><V49/><F36/><W127/><G127/><T100/><D77/><N who="3" m="29193" /><G32/><T124/><D124/><U69/><E17/><N who="3" m="6730" /><G58/><T70/><D70/><U46/><E69/><V107/><F107/><W106/><G106/><T35/><D35/><U0/><E0/><V123/><F123/><W62/><G82/><T114/><D114/><U41/><E103/><V21/><F21/><W76/><G76/><T104/><D45/><U37/><E105/><V94/><F42/><W33/><G33/><AGARI ba="0,0" hai="25,30,33,37,41,46,47,50,53,54,59,63,120,121" machi="33" ten="30,1000,0" yaku="7,1" doraHai="91" who="1" fromWho="3" sc="285,0,301,10,138,0,276,-10" owari="285,9.0,311,40.0,138,-36.0,266,-13.0" /></mjloggm>