<mjloggm ver="2.3"><GO type="225" lobby="0"/><UN n0="%E3%83%88%E3%83%88%E3%83%AA%E5%85%88%E7%94%9F%31%39%E6%AD%B3" n1="%28%EF%BC%BE%CF%89%EF%BC%BE%29%E3%81%8A%E3%81%89%E3%82%93" n2="%E3%83%89%E3%83%A9%E3%83%AD%E3%83%B3%E3%83%80%E3%82%A4%E3%83%B4" n3="%53%65%6E%61%72" dan="16,16,17,16" rate="2152.45,2112.51,2140.53,2035.52" sx="F,F,M,M"/><TAIKYOKU oya="0"/><INIT seed="0,0,0,0,3,108" ten="250,250,250,250" oya="0" hai0="24,60,4,103,111,1,48,101,117,6,75,110,32" hai1="86,35,45,132,134,121,57,83,11,84,36,88,18" hai2="49,116,81,19,2,126,55,54,14,72,26,73,99" hai3="5,56,50,76,15,29,105,96,16,93,67,0,106"/><T68/><D117/><U43/><E35/><V37/><F2/><W51/><G76/><T92/><D75/><U7/><E121/><V46/><F37/><W64/><G29/><N who="0" m="19495" /><D48/><U62/><E18/><V123/><F123/><W22/><G105/><T31/><D31/><U95/><E95/><V125/><F116/><W21/><G106/><T3/><D92/><U39/><E84/><V87/><F99/><W94/><G94/><T23/><D101/><U109/><E109/><N who="0" m="41481" /><D103/><U40/><E40/><V112/><F112/><W69/><G50/><T34/><D34/><U90/><E90/><V78/><F72/><W119/><G119/><T53/><D23/><U47/><E47/><V104/><F73/><W77/><G22/><T12/><D53/><U127/><E36/><V113/><F104/><W71/><G51/><T25/><D25/><U122/><E122/><V102/><F26/><W98/><G93/><T91/><D91/><U61/><E88/><V38/><F102/><W17/><G96/><T33/><D33/><U79/><E39/><V10/><F38/><W20/><G98/><T41/><D41/><U128/><E43/><N who="2" m="24799" /><F113/><W97/><G97/><T59/><D68/><U82/><E62/><V28/><F28/><W13/><G69/><T66/><D12/><U80/><E61/><V129/><F14/><W107/><G71/><T9/><D9/><U100/><E11/><V70/><F10/><N who="3" m="2343" /><G107/><T133/><D133/><U135/><E135/><V74/><F70/><W44/><G21/><T89/><D89/><U118/><E134/><V115/><F74/><W27/><G20/><RYUUKYOKU ba="0,0" sc="250,30,250,-10,250,-10,250,-10" hai0="1,3,4,6,59,60,66" /><INIT seed="0,1,0,2,5,37" ten="280,240,240,240" oya="0" hai0="78,82,48,125,124,20,10,121,118,13,106,135,76" hai1="83,73,65,47,127,53,49,29,35,59,60,99,18" hai2="133,84,87,66,95,94,130,90,14,41,93,22,40" hai3="44,122,108,104,86,74,1,32,54,16,128,43,46"/><T70/><D118/><U119/><E119/><V80/><F130/><W34/><G74/><T88/><D121/><U77/><E127/><N who="0" m="48713" /><D70/><U7/><E7/><V101/><F133/><W113/><G113/><T24/><D106/><U23/><E99/><N who="2" m="59647" /><F66/><W115/><G115/><T9/><D135/><U6/><E6/><V79/><F93/><W38/><G1/><T129/><D129/><U33/><REACH who="1" step="1"/><E29/><REACH who="1" ten="280,230,240,240" step="2"/><V105/><F105/><W61/><G128/><T131/><D131/><U134/><E134/><V69/><F69/><W42/><G104/><T57/><D13/><AGARI ba="1,1" hai="13,18,23,33,35,47,49,53,59,60,65,73,77,83" machi="13" ten="30,2000,0" yaku="1,1,7,1,53,0" doraHai="37" doraHaiUra="91" who="1" fromWho="0" sc="280,-23,230,33,240,0,240,0" /><INIT seed="1,0,0,3,5,14" ten="257,263,240,240" oya="1" hai0="106,87,32,8,59,40,66,127,1,81,54,5,26" hai1="46,3,48,24,38,94,73,95,129,110,47,132,44" hai2="78,83,64,9,35,115,76,79,111,90,23,100,34" hai3="12,31,16,56,2,134,122,85,112,93,45,92,135"/><U116/><E116/><V10/><F111/><W74/><G122/><T104/><D127/><U19/><E38/><V55/><F115/><W119/><G74/><T51/><D32/><U103/><E3/><V126/><F126/><W41/><G2/><T60/><D40/><U80/><E129/><V30/><F64/><W27/><G56/><T15/><D26/><U18/><E132/><N who="3" m="50730" /><G112/><T123/><D1/><U102/><E110/><V49/><F100/><N who="1" m="38441" /><E73/><V43/><F43/><W28/><G119/><T50/><D50/><U69/><E69/><V57/><F35/><N who="3" m="20895" /><G85/><T107/><D123/><U0/><E0/><V22/><F34/><W84/><G84/><T99/><D99/><U72/><E72/><V58/><F58/><W39/><G31/><T13/><D5/><U63/><E24/><N who="2" m="16663" /><F23/><AGARI ba="0,0" hai="12,16,23,39,41,45,92,93" m="20895,50730" machi="23" ten="30,3900,0" yaku="20,1,52,1,54,1" doraHai="14" who="3" fromWho="2" sc="257,0,263,0,240,-39,240,39" /><INIT seed="2,0,0,5,0,54" ten="257,263,201,279" oya="2" hai0="102,64,14,23,100,77,116,121,129,28,66,52,57" hai1="131,117,101,83,59,75,91,98,6,33,89,106,69" hai2="111,104,10,115,24,39,128,114,107,76,134,5,132" hai3="1,125,36,16,79,120,13,11,47,26,90,40,108"/><V41/><F128/><W81/><G120/><T22/><D121/><U122/><E69/><V19/><F111/><W62/><G108/><T95/><D129/><U51/><E122/><V78/><F41/><W7/><G125/><T96/><D116/><U85/><E117/><V27/><F39/><W55/><G90/><N who="0" m="55415" /><D77/><N who="2" m="29802" /><F104/><W8/><G26/><N who="2" m="9769" /><F19/><W9/><G9/><T80/><D80/><U37/><E37/><V68/><F68/><W43/><G43/><T86/><D86/><U126/><E126/><V58/><F58/><W12/><G12/><T127/><D127/><U84/><E75/><V112/><F107/><W124/><G124/><T25/><D14/><U105/><E33/><V135/><F10/><W18/><G18/><T48/><D22/><U2/><E131/><V110/><F110/><W130/><G130/><T123/><D123/><U32/><E32/><V46/><F46/><W38/><G38/><T42/><D42/><U15/><E2/><V63/><F63/><W21/><G21/><T17/><D17/><U73/><E73/><V118/><F118/><W4/><G16/><T34/><D34/><U45/><E106/><V92/><F92/><W31/><G62/><N who="0" m="37967" /><D66/><U71/><E105/><V35/><F35/><W44/><G44/><AGARI ba="0,0" hai="23,25,28,44,48,52,100,102" m="37967,55415" machi="44" ten="30,3900,0" yaku="8,1,52,1,54,1" doraHai="54" who="0" fromWho="3" sc="257,39,263,0,201,0,279,-39" /><INIT seed="3,0,0,1,2,91" ten="296,263,201,240" oya="3" hai0="3,113,123,31,14,131,8,133,80,34,53,45,95" hai1="127,59,38,11,42,41,108,0,134,90,20,94,88" hai2="109,30,51,9,86,129,105,104,120,103,118,17,83" hai3="111,74,77,7,75,64,44,29,116,62,70,47,12"/><W57/><G116/><T119/><D123/><U49/><E38/><V97/><F118/><W15/><G29/><T65/><D119/><U58/><E108/><V48/><F109/><W54/><G111/><T68/><D3/><U61/><E127/><V10/><F120/><W63/><G77/><T121/><D121/><U24/><E134/><V92/><F129/><W78/><G78/><T73/><D31/><N who="1" m="17799" /><E90/><V115/><F115/><W110/><G110/><T114/><D34/><U25/><E0/><V60/><F30/><W52/><G54/><T23/><D23/><U124/><E124/><V2/><F104/><W107/><G107/><T89/><D131/><U21/><E11/><V128/><F128/><W18/><G7/><T32/><D32/><U43/><E49/><N who="2" m="19019" /><F105/><W13/><REACH who="3" step="1"/><G18/><REACH who="3" ten="296,263,201,230" step="2"/><N who="0" m="8519" /><D53/><U126/><E126/><V98/><F2/><W66/><G66/><T96/><D65/><U132/><E132/><V130/><F130/><W87/><G87/><N who="0" m="50407" /><D133/><U82/><E61/><V50/><F98/><W71/><G71/><T56/><D68/><U39/><E39/><V19/><F60/><W37/><G37/><T112/><D73/><AGARI ba="0,1" hai="12,13,15,44,47,52,57,62,63,64,70,73,74,75" machi="73" ten="40,3900,0" yaku="1,1,54,1,53,0" doraHai="91" doraHaiUra="122" who="3" fromWho="0" sc="296,-39,263,0,201,0,230,49" /><INIT seed="3,1,0,5,5,0" ten="257,263,201,279" oya="3" hai0="14,5,114,63,47,80,52,71,125,108,50,107,54" hai1="88,102,81,115,93,56,25,17,101,126,22,28,48" hai2="39,97,77,100,4,79,87,112,49,78,109,21,94" hai3="45,59,83,46,124,113,6,105,98,117,37,16,27"/><W11/><G117/><T35/><D35/><U20/><E115/><V73/><F39/><W86/><G113/><T30/><D107/><U72/><E126/><V75/><F112/><W9/><G37/><T3/><D3/><U8/><E72/><V40/><F109/><W32/><G124/><T91/><D114/><U10/><E81/><V2/><F87/><W89/><G32/><T7/><D125/><U116/><E116/><V65/><F65/><W67/><G105/><T103/><D103/><N who="1" m="39435" /><E48/><V92/><F92/><W18/><G98/><T76/><D30/><U68/><E56/><V43/><F21/><N who="3" m="13735" /><G6/><N who="0" m="2059" /><D71/><U53/><E53/><V15/><F2/><W55/><G67/><T90/><D108/><U12/><E68/><V132/><F132/><W120/><G120/><T104/><D104/><U96/><AGARI ba="1,0" hai="8,10,12,17,20,22,25,28,88,93,96" m="39435" machi="96" ten="30,2000,0" yaku="8,1,54,1" doraHai="0" who="1" fromWho="1" sc="257,-6,263,23,201,-6,279,-11" /><INIT seed="4,0,0,3,3,130" ten="251,286,195,268" oya="0" hai0="1,52,92,58,109,55,62,40,4,14,78,6,134" hai1="13,76,93,103,69,132,49,37,118,72,100,22,11" hai2="121,97,45,47,99,61,91,124,65,83,73,94,112" hai3="105,20,79,50,10,36,43,39,7,60,35,84,87"/><T90/><D1/><U17/><E37/><V74/><F121/><W114/><G35/><T117/><D117/><U66/><E118/><V30/><F112/><W128/><G105/><T23/><D109/><U26/><E132/><V38/><F124/><W8/><G60/><T51/><D134/><U133/><E133/><V32/><F32/><W113/><G20/><T89/><D78/><U95/><E69/><V81/><F30/><W77/><G50/><N who="0" m="30999" /><D40/><U57/><E72/><V116/><F116/><W48/><G48/><T25/><D90/><U15/><E76/><V27/><F27/><W127/><G43/><T110/><D62/><N who="1" m="38223" /><E15/><V24/><F24/><W63/><G63/><T0/><D0/><U75/><E49/><V34/><F34/><W46/><G7/><T16/><D25/><U54/><E54/><V80/><F97/><W135/><G135/><T3/><D3/><U12/><E12/><V42/><REACH who="2" step="1"/><F45/><REACH who="2" ten="251,286,185,268" step="2"/><W59/><G46/><N who="0" m="28151" /><D110/><U125/><E125/><V44/><F44/><W96/><G127/><T85/><AGARI ba="0,1" hai="4,6,14,16,23,85,89,92" m="28151,30999" machi="85" ten="30,11700,0" yaku="25,1,8,1,54,2" doraHai="130" who="0" fromWho="0" sc="251,127,286,-39,185,-39,268,-39" owari="378,47.0,247,5.0,146,-35.0,229,-17.0" /></mjloggm>