<mjloggm ver="2.3"><GO type="97" lobby="0"/><UN n0="%77%69%74%74" n1="%4B%49%44%4F" n2="%E3%81%B5%E3%81%86%E3%81%A4" n3="%E5%B0%B1%E6%B4%BB%E7%94%9F%40%E5%B7%9D%E6%9D%91%E8%BB%8D%E5%9B%A3" dan="15,13,14,15" rate="2009.51,1858.53,1923.94,1952.63" sx="M,M,M,M"/><TAIKYOKU oya="0"/><INIT seed="0,0,0,4,0,106" ten="250,250,250,250" oya="0" hai0="82,38,27,59,30,68,20,101,11,81,91,114,66" hai1="23,111,135,132,87,93,133,100,125,41,13,130,25" hai2="122,16,19,58,72,21,120,50,5,35,36,60,124" hai3="70,43,3,116,128,73,15,121,89,94,105,47,28"/><T51/><D114/><U10/><E41/><V126/><F36/><W54/><G3/><T0/><D38/><U8/><E100/><V55/><F35/><W90/><G105/><T71/><D101/><U75/><E75/><V63/><F5/><W45/><G70/><T96/><D81/><U22/><E93/><V127/><F72/><W34/><G121/><N who="2" m="46697" /><F19/><W131/><G116/><T83/><D83/><U31/><E87/><V39/><F39/><W53/><G73/><T17/><D82/><U92/><E92/><V104/><F104/><W33/><G15/><AGARI ba="0,0" hai="15,16,21,50,55,58,60,63,124,126,127" m="46697" machi="15" ten="40,2600,0" yaku="18,1,54,1" doraHai="106" who="2" fromWho="3" sc="250,0,250,0,250,26,250,-26" /><INIT seed="1,0,0,4,0,118" ten="250,250,276,224" oya="1" hai0="65,87,13,48,39,79,127,41,21,14,37,5,90" hai1="45,29,89,82,71,24,19,85,78,63,34,35,115" hai2="68,52,133,100,40,96,46,112,80,122,20,16,55" hai3="53,31,57,67,11,54,98,0,92,114,17,103,99"/><U111/><E115/><V131/><F68/><W83/><G114/><T135/><D79/><U27/><E111/><V58/><F112/><W97/><G31/><T108/><D108/><U86/><E45/><V132/><F131/><W60/><G83/><T84/><D65/><U2/><E2/><V95/><F80/><W110/><G110/><T43/><D48/><U25/><E19/><V94/><F94/><W126/><G126/><T109/><D109/><U121/><E121/><V47/><F122/><W44/><G0/><T128/><D90/><U50/><E50/><V123/><F123/><W73/><G73/><T26/><D26/><U130/><E130/><V116/><F116/><W30/><G30/><T28/><D28/><U125/><E125/><V10/><F10/><W36/><G36/><T93/><D93/><U3/><E3/><V105/><F105/><W32/><G32/><T113/><D113/><U49/><E49/><N who="2" m="26823" /><F58/><W104/><G44/><T129/><D127/><U61/><E35/><V117/><F47/><W107/><G107/><T38/><D38/><U77/><E77/><V124/><F117/><W101/><REACH who="3" step="1"/><G98/><REACH who="3" ten="250,250,276,214" step="2"/><T59/><D37/><U119/><E119/><V134/><F124/><W66/><G66/><T6/><D39/><U69/><E69/><V102/><F96/><W75/><G75/><T62/><D128/><U120/><E120/><V15/><F95/><W56/><G56/><T9/><D59/><U106/><E106/><V51/><F134/><W42/><G42/><T76/><D135/><U81/><E71/><V70/><F133/><W12/><AGARI ba="0,1" hai="11,12,17,53,54,57,60,67,92,97,99,101,103,104" machi="12" ten="30,4000,0" yaku="1,1,5,1,0,1,53,0" doraHai="118" doraHaiUra="64" who="3" fromWho="3" sc="250,-10,250,-20,276,-10,214,50" /><INIT seed="2,0,0,3,1,63" ten="240,230,266,264" oya="2" hai0="84,122,39,22,49,128,62,44,117,109,127,134,104" hai1="101,38,118,83,112,37,107,31,13,133,29,88,60" hai2="69,113,98,105,81,15,126,3,10,131,66,76,8" hai3="21,96,103,61,48,119,67,53,82,129,41,40,7"/><V45/><F113/><W14/><G119/><T0/><RYUUKYOKU type="yao9" ba="0,0" sc="240,0,230,0,266,0,264,0" hai0="0,22,39,44,49,62,84,104,109,117,122,127,128,134" /><INIT seed="2,1,0,0,0,9" ten="240,230,266,264" oya="2" hai0="93,88,85,87,0,13,99,132,30,7,49,121,8" hai1="18,12,14,91,72,23,112,45,70,127,110,109,73" hai2="41,108,95,10,33,125,11,117,38,20,83,80,135" hai3="113,48,116,75,2,69,101,102,115,36,39,16,94"/><V21/><F33/><W42/><G69/><T114/><D132/><U5/><E70/><V90/><F117/><W79/><G2/><T3/><D121/><U43/><E112/><N who="3" m="43082" /><G116/><T74/><D74/><N who="1" m="28779" /><E91/><V59/><F135/><W81/><G94/><T126/><D126/><U27/><E5/><V29/><F125/><W54/><G16/><T31/><D114/><U131/><E131/><V124/><F124/><W51/><G51/><T56/><D0/><U62/><E62/><V68/><F68/><W63/><G63/><T50/><D3/><U128/><E128/><V15/><F95/><W1/><G1/><T22/><D22/><U25/><E25/><V123/><F29/><N who="0" m="10762" /><D56/><U71/><E71/><V122/><F59/><N who="3" m="33223" /><G42/><T118/><D118/><U106/><E106/><V98/><F41/><W32/><G32/><T66/><D66/><U64/><E64/><V104/><F104/><W58/><G58/><T103/><D87/><U86/><E86/><V24/><F24/><W4/><G4/><T133/><D133/><U92/><E92/><AGARI ba="1,0" hai="7,8,13,49,50,85,88,92,93,99,103" m="10762" machi="92" ten="30,3900,0" yaku="8,1,52,1,54,1" doraHai="9" who="0" fromWho="1" sc="240,42,230,-42,266,0,264,0" /><INIT seed="3,0,0,0,2,19" ten="282,188,266,264" oya="3" hai0="35,0,28,18,99,81,107,101,40,20,108,106,133" hai1="123,111,135,92,90,78,117,62,82,131,43,118,7" hai2="83,71,113,32,3,126,49,93,39,96,29,121,125" hai3="17,114,47,128,66,2,69,79,26,68,56,74,116"/><W21/><G116/><N who="1" m="44650" /><E43/><V16/><F39/><W58/><G114/><T61/><D0/><U53/><E123/><V52/><F121/><W46/><G2/><T76/><D106/><U122/><E7/><V34/><F71/><W100/><G128/><T110/><D61/><U132/><E53/><V42/><F42/><W104/><G104/><T85/><D40/><U75/><E62/><V120/><F83/><W10/><G100/><T87/><D133/><N who="1" m="51275" /><E122/><V124/><F3/><W11/><G69/><T6/><D6/><U25/><E25/><V130/><F130/><W44/><G68/><T41/><D41/><U88/><E131/><V59/><F113/><W64/><G79/><T70/><D70/><U4/><E4/><V24/><F120/><W105/><G74/><N who="0" m="43159" /><D35/><U89/><E111/><N who="0" m="42537" /><D28/><U51/><E51/><V50/><F50/><W23/><G105/><T57/><D57/><N who="3" m="22121" /><G11/><T95/><D107/><U72/><E72/><V60/><F49/><W129/><G129/><T36/><D36/><U33/><E33/><V63/><F34/><W37/><G37/><T134/><D134/><U14/><E14/><AGARI ba="0,0" hai="14,18,20,85,87,95,99,101" m="42537,43159" machi="14" ten="30,2000,0" yaku="14,1,52,1" doraHai="19" who="0" fromWho="1" sc="282,20,188,-20,266,0,264,0" owari="302,40.0,168,-33.0,266,7.0,264,-14.0" /></mjloggm>