<mjloggm ver="2.3"><GO type="97" lobby="0"/><UN n0="%E3%81%8A%E3%81%A0%E3%82%93%E3%81%94%E3%80%82" n1="%44%6F%63%5F%34%34%34%34" n2="%E5%B0%B1%E6%B4%BB%E7%94%9F%40%E5%B7%9D%E6%9D%91%E8%BB%8D%E5%9B%A3" n3="%E3%81%86%E3%81%A9%E3%82%93%E5%B1%8B" dan="14,13,14,16" rate="1894.61,1845.21,1928.97,2135.28" sx="M,M,M,M"/><TAIKYOKU oya="0"/><INIT seed="0,0,0,3,0,18" ten="250,250,250,250" oya="0" hai0="64,124,92,17,49,82,44,61,21,129,13,59,16" hai1="96,7,6,58,63,52,107,132,94,23,40,95,33" hai2="3,119,101,43,108,72,130,60,47,68,79,32,31" hai3="84,100,39,51,55,116,46,69,111,75,30,126,1"/><T48/><D129/><U115/><E132/><V134/><F119/><W66/><G75/><T112/><D112/><U102/><E115/><V91/><F130/><W24/><G116/><T85/><D124/><U0/><E33/><V8/><F91/><W106/><G1/><T5/><D5/><N who="1" m="1547" /><E107/><V110/><F8/><W78/><G126/><T15/><D92/><N who="1" m="58631" /><E0/><V2/><F101/><W28/><G106/><T12/><D12/><U81/><E40/><V87/><F87/><W133/><G100/><T89/><D44/><U22/><E81/><N who="2" m="45287" /><F134/><W70/><G133/><T118/><D118/><U25/><E25/><N who="2" m="18543" /><F60/><W113/><G24/><T29/><D29/><U97/><E95/><V19/><F19/><W114/><G30/><T117/><D117/><U131/><E131/><V88/><F88/><AGARI ba="0,0" hai="22,23,52,58,63,88,94,97" m="58631,1547" machi="88" ten="30,8000,1" yaku="8,1,52,2,54,2" doraHai="18" who="1" fromWho="2" sc="250,0,250,80,250,-80,250,0" /><INIT seed="1,0,0,3,1,126" ten="250,330,170,250" oya="1" hai0="97,57,79,111,31,0,14,83,112,128,45,102,25" hai1="130,78,122,114,23,76,132,54,73,93,10,117,64" hai2="33,135,121,16,52,38,9,84,53,59,89,2,69" hai3="92,87,37,66,72,5,51,11,88,71,30,75,4"/><U116/><E64/><V104/><F69/><W39/><G30/><T115/><D0/><U103/><E10/><V120/><F104/><W98/><G5/><T17/><D111/><U56/><E122/><V13/><F38/><W108/><G108/><T58/><D45/><U29/><E114/><V107/><F107/><W28/><G28/><T134/><D134/><U22/><E132/><V81/><F33/><W77/><G51/><T91/><D115/><U119/><E130/><V35/><F35/><W124/><G124/><T12/><D128/><U82/><E78/><V26/><F135/><W27/><G27/><T85/><D112/><U65/><E65/><V8/><F26/><W70/><G70/><T99/><D14/><U34/><E34/><V131/><F131/><W80/><G66/><T106/><D99/><U6/><E6/><V123/><REACH who="2" step="1"/><F59/><REACH who="2" ten="250,330,160,250" step="2"/><W32/><G32/><T21/><REACH who="0" step="1"/><D79/><REACH who="0" ten="240,330,160,250" step="2"/><U86/><E119/><V94/><F94/><W24/><G24/><T63/><D63/><U41/><E93/><V7/><AGARI ba="0,2" hai="2,7,8,9,13,16,52,53,81,84,89,120,121,123" machi="7" ten="40,8000,1" yaku="1,1,0,1,54,2,53,0" doraHai="126" doraHaiUra="46" who="2" fromWho="2" sc="240,-20,330,-40,160,100,250,-20" /><INIT seed="2,0,0,4,4,2" ten="220,290,260,230" oya="2" hai0="9,69,3,54,51,93,1,56,34,29,110,57,112" hai1="46,134,119,16,108,77,101,30,98,78,47,61,6" hai2="33,116,20,111,81,19,103,53,76,14,107,129,59" hai3="95,55,65,100,17,131,99,58,117,21,83,82,105"/><V132/><F33/><W67/><G117/><T32/><D69/><U60/><E119/><V104/><F116/><W72/><G131/><T73/><D112/><U27/><E134/><V88/><F129/><W115/><G115/><T36/><D73/><U133/><E133/><V5/><F132/><W125/><G125/><T50/><D36/><U124/><E108/><V45/><F111/><W120/><G120/><T80/><D110/><U79/><E124/><V40/><F103/><W31/><G31/><T118/><D118/><U8/><E30/><V0/><F0/><W123/><G105/><T135/><D135/><U94/><E27/><V68/><F68/><W126/><G123/><T10/><D32/><U92/><E92/><V13/><F88/><W42/><G42/><T64/><D34/><U38/><E38/><V127/><F127/><W35/><G35/><T113/><D29/><U91/><E91/><V22/><F45/><N who="1" m="16905" /><E6/><V23/><F40/><W48/><G126/><T128/><D93/><U86/><E86/><N who="2" m="48423" /><F107/><W130/><G130/><T90/><D113/><U25/><E25/><V97/><F97/><W89/><G72/><T12/><D80/><N who="3" m="30761" /><G89/><T24/><D90/><U39/><E39/><V52/><F104/><W63/><G95/><T71/><D128/><U43/><E43/><V26/><F26/><N who="3" m="14639" /><G99/><T7/><D71/><U102/><E102/><V70/><F70/><W96/><G96/><T62/><D1/><U84/><E84/><V41/><F41/><W85/><G85/><T18/><D3/><U4/><E4/><V121/><F121/><W75/><G75/><RYUUKYOKU ba="0,0" sc="220,-10,290,30,260,-10,230,-10" hai1="8,16,60,61,77,78,79,94,98,101" /><INIT seed="3,1,0,4,2,129" ten="210,320,250,220" oya="3" hai0="1,14,22,85,94,112,135,41,58,4,49,65,82" hai1="102,72,101,75,42,16,36,8,19,110,103,116,113" hai2="88,35,20,100,18,33,133,71,57,99,120,62,55" hai3="114,21,127,50,17,46,0,34,83,7,134,91,74"/><W117/><G114/><T39/><D39/><U53/><E113/><V67/><F120/><W130/><G34/><T26/><D1/><U32/><E32/><V106/><F133/><W44/><G117/><T84/><D112/><U77/><E116/><V70/><F88/><W73/><G130/><T28/><D135/><U23/><E110/><V13/><F70/><W86/><G134/><T64/><D94/><U37/><E53/><V107/><F107/><W45/><G127/><T68/><D68/><U118/><E118/><V61/><AGARI ba="1,0" hai="13,18,20,33,35,55,57,61,62,67,71,99,100,106" machi="61" ten="20,1500,0" yaku="0,1,7,1" doraHai="129" who="2" fromWho="2" sc="210,-5,320,-5,250,18,220,-8" owari="205,-29.0,315,41.0,268,7.0,212,-19.0" /></mjloggm>