<mjloggm ver="2.3"><GO type="169" lobby="0"/><UN n0="%E3%81%AC%E3%81%A0" n1="%6D%61%63%6A%72" n2="%E5%B0%B1%E6%B4%BB%E7%94%9F%40%E5%B7%9D%E6%9D%91%E8%BB%8D%E5%9B%A3" n3="%E3%82%84%E3%81%9F%E3%82%B1%E3%83%B3" dan="16,17,17,17" rate="2096.87,2130.51,2187.07,2177.70" sx="M,M,M,M"/><TAIKYOKU oya="0"/><INIT seed="0,0,0,3,4,26" ten="250,250,250,250" oya="0" hai0="129,5,21,13,60,114,46,74,62,69,44,34,121" hai1="56,71,65,40,8,0,66,3,123,63,99,53,106" hai2="120,134,57,2,15,73,25,133,67,115,92,72,117" hai3="127,33,113,90,16,76,9,4,52,126,98,35,55"/><T49/><D34/><N who="3" m="12809" /><G76/><T43/><D74/><U23/><E123/><V22/><F2/><W10/><G113/><T19/><D121/><U45/><E23/><V1/><F1/><N who="3" m="143" /><G98/><T97/><D114/><U119/><E119/><V88/><F15/><N who="3" m="7287" /><G90/><T107/><D69/><U131/><E65/><V109/><F117/><W78/><G78/><T124/><D107/><U41/><E41/><V118/><F118/><W51/><G51/><T93/><D46/><U116/><E99/><V58/><F115/><W130/><G130/><T86/><D129/><U17/><E106/><V27/><F120/><W80/><G80/><T125/><D86/><U103/><E103/><V38/><F38/><W77/><G77/><T14/><D62/><U135/><E131/><V30/><F72/><W82/><G82/><T84/><D60/><U128/><E116/><V122/><F73/><W79/><G79/><T112/><D84/><U104/><E104/><V100/><F122/><W132/><G132/><N who="2" m="50793" /><F100/><W75/><G75/><T32/><D112/><U64/><E135/><V87/><F67/><W12/><G12/><T39/><D39/><N who="1" m="21663" /><E128/><V42/><F42/><W54/><G54/><T28/><D13/><N who="1" m="7335" /><E66/><V102/><F102/><W50/><G50/><AGARI ba="0,0" hai="0,3,50,53,56,63,64,71" m="7335,21663" machi="50" ten="30,1000,0" yaku="24,1" doraHai="26" who="1" fromWho="3" sc="250,0,250,10,250,0,250,-10" /><INIT seed="1,0,0,2,4,56" ten="250,260,250,240" oya="1" hai0="48,104,7,126,106,15,109,68,8,95,14,98,3" hai1="100,77,69,107,11,132,91,83,93,33,97,29,128" hai2="108,130,82,21,116,117,66,74,10,79,54,28,0" hai3="131,22,39,115,125,94,35,32,63,99,121,12,6"/><U84/><E128/><V112/><F108/><W31/><G121/><T51/><D109/><U57/><E132/><V90/><F130/><W9/><G115/><T24/><D68/><U96/><E69/><V55/><F112/><W71/><G39/><T67/><D126/><U46/><E46/><V72/><F66/><W127/><G131/><T114/><D114/><U78/><E11/><V135/><F135/><W49/><G49/><T17/><D67/><U118/><E118/><V113/><F113/><W70/><G22/><T5/><D106/><U50/><E29/><V76/><F10/><W92/><G92/><T25/><D104/><U81/><E33/><V134/><F0/><W123/><G123/><T124/><D5/><U40/><E40/><V88/><F134/><W36/><G36/><T101/><D124/><N who="3" m="47689" /><G31/><T80/><D80/><N who="1" m="30795" /><E57/><V60/><F82/><W52/><G71/><T18/><D3/><U75/><E50/><N who="0" m="18985" /><D7/><U129/><E129/><V53/><F28/><W103/><G70/><T23/><AGARI ba="0,0" hai="8,14,15,17,18,23,24,25,95,98,101" m="18985" machi="23" ten="30,1100,0" yaku="8,1" doraHai="56" who="0" fromWho="0" sc="250,11,260,-5,250,-3,240,-3" /><INIT seed="2,0,0,3,3,74" ten="261,255,247,237" oya="2" hai0="127,0,39,35,18,21,135,76,70,3,47,44,43" hai1="104,125,108,93,82,87,131,49,91,73,28,53,103" hai2="20,34,96,121,16,129,36,80,22,110,2,61,59" hai3="92,97,109,85,33,38,62,1,83,128,40,32,94"/><V9/><F121/><W55/><G1/><T8/><D70/><U111/><E125/><V112/><F34/><W123/><G123/><T25/><D127/><U29/><E131/><V98/><F112/><W115/><G128/><T60/><D135/><U107/><E29/><V71/><F71/><W133/><G133/><T17/><D35/><U124/><E28/><V7/><F36/><W63/><G109/><N who="1" m="42058" /><E124/><V99/><F110/><W95/><G97/><T100/><D60/><U134/><E134/><V65/><F129/><W41/><G115/><T67/><D67/><U4/><E4/><V75/><REACH who="2" step="1"/><F16/><REACH who="2" ten="261,255,237,237" step="2"/><W56/><G38/><T119/><D18/><U6/><E6/><V88/><F88/><N who="3" m="51263" /><G32/><T19/><D19/><U26/><E26/><V58/><F58/><N who="3" m="35167" /><G33/><T30/><D39/><U90/><E103/><V42/><F42/><W102/><G102/><T72/><D43/><U126/><E126/><V64/><F64/><AGARI ba="0,1" hai="40,41,56,63,64,92,94,95" m="35167,51263" machi="64" ten="30,2000,0" yaku="8,1,54,1" doraHai="74" who="3" fromWho="2" sc="261,0,255,0,237,-20,237,30" /><INIT seed="3,0,0,5,1,108" ten="261,255,217,267" oya="3" hai0="51,33,22,11,91,76,45,98,114,134,31,89,52" hai1="127,32,81,90,20,87,6,39,61,75,107,56,99" hai2="68,70,46,3,0,97,106,37,69,92,8,71,83" hai3="111,100,23,101,62,113,123,73,59,40,65,121,64"/><W122/><G73/><T43/><D33/><U74/><E32/><V94/><F106/><W44/><G23/><T58/><D134/><U36/><E127/><V132/><F132/><W116/><G101/><T109/><D109/><U66/><E6/><V67/><N who="2" m="17920" /><DORA hai="105" /><V41/><F67/><N who="3" m="39391" /><G100/><T85/><D114/><U7/><E107/><V115/><F115/><W96/><G96/><T47/><D98/><U38/><E7/><V79/><F8/><W21/><G21/><T88/><D11/><U1/><E1/><V18/><F18/><W135/><G111/><T24/><D76/><U117/><E117/><V10/><F10/><W124/><G135/><T34/><D34/><U49/><E49/><V57/><F57/><W25/><G25/><T119/><D119/><U29/><REACH who="1" step="1"/><E99/><REACH who="1" ten="261,245,217,267" step="2"/><V78/><F97/><W102/><G116/><T130/><D130/><U26/><AGARI ba="0,1" hai="20,26,29,36,38,39,56,61,66,74,75,81,87,90" machi="26" ten="40,12000,2" yaku="1,1,2,1,0,1,52,2,53,1" doraHai="108,105" doraHaiUra="15,54" who="1" fromWho="1" sc="261,-30,245,130,217,-30,267,-60" /><INIT seed="4,0,0,0,5,118" ten="231,375,187,207" oya="0" hai0="32,63,97,59,37,54,120,125,129,93,71,87,135" hai1="128,43,83,57,68,102,70,99,24,38,45,14,130" hai2="101,116,113,112,65,12,114,36,127,108,76,20,100" hai3="90,28,103,44,111,61,49,29,124,40,10,27,25"/><T92/><D32/><U2/><E2/><V74/><F36/><W121/><G111/><T91/><D37/><U64/><E14/><V123/><F65/><W0/><G124/><T8/><D125/><U41/><E41/><V26/><F108/><W55/><G103/><N who="2" m="39497" /><F116/><W89/><G0/><T7/><D135/><U133/><E133/><V115/><F127/><W84/><G10/><T126/><D126/><U6/><E6/><V46/><F46/><W134/><G134/><T1/><D129/><U39/><E39/><V17/><N who="2" m="29184" /><DORA hai="51" /><V58/><F58/><N who="3" m="35039" /><G121/><T22/><D71/><U11/><E11/><V77/><F74/><W42/><G42/><T98/><D120/><U50/><E68/><V131/><F131/><W53/><G40/><T73/><D73/><U72/><E70/><V62/><F62/><W119/><G119/><T31/><D1/><U4/><E64/><V80/><F80/><N who="3" m="49287" /><G90/><N who="0" m="55479" /><D7/><U30/><E4/><V95/><F123/><W105/><G105/><T52/><D8/><U104/><E83/><V110/><F110/><W18/><G27/><N who="0" m="16887" /><D54/><N who="1" m="31959" /><E72/><V23/><F95/><W48/><G49/><T81/><D81/><U132/><E132/><V79/><F79/><W66/><G66/><T60/><D60/><U33/><E128/><V86/><F86/><AGARI ba="0,0" hai="52,59,63,86,87,91,92,98" m="16887,55479" machi="86" ten="30,5800,0" yaku="8,1,52,1,54,1" doraHai="118,51" who="0" fromWho="2" sc="231,58,375,0,187,-58,207,0" /><INIT seed="4,1,0,4,1,120" ten="289,375,129,207" oya="0" hai0="116,75,98,58,26,27,3,20,1,117,62,106,7" hai1="119,22,107,109,105,99,29,35,71,49,28,44,68" hai2="108,18,16,123,64,40,32,85,135,113,23,83,133" hai3="130,66,126,15,52,13,84,59,4,110,78,54,70"/><T24/><D75/><U14/><E119/><N who="0" m="45641" /><D58/><U5/><E35/><V95/><F32/><W134/><G70/><T97/><D62/><U82/><E71/><V91/><F123/><W47/><G126/><T21/><D106/><U101/><E105/><V115/><F64/><W50/><G66/><T96/><D7/><U0/><E68/><V9/><F40/><W118/><G118/><T19/><D19/><N who="2" m="7210" /><F9/><W56/><G47/><T80/><D80/><U122/><E82/><V53/><F53/><W2/><G2/><AGARI ba="1,0" hai="1,2,3,20,21,24,26,27,96,97,98" m="45641" machi="2" ten="40,3900,0" yaku="28,2" doraHai="120" who="0" fromWho="3" sc="289,42,375,0,129,0,207,-42" /><INIT seed="4,2,0,0,5,66" ten="331,375,129,165" oya="0" hai0="123,75,127,28,64,8,15,81,4,72,134,115,85" hai1="109,70,92,68,22,107,37,84,118,88,128,71,55" hai2="44,12,108,89,130,42,58,5,33,49,97,116,119" hai3="36,110,99,18,32,24,78,48,35,114,63,120,14"/><T104/><D104/><U135/><E109/><V126/><F33/><W46/><G36/><T47/><D123/><U86/><E118/><V79/><F108/><W19/><G120/><T53/><D115/><U16/><E128/><V124/><F79/><W51/><G110/><T74/><D134/><U96/><E135/><V90/><F5/><W77/><G114/><T83/><D127/><N who="2" m="48682" /><F12/><W62/><G14/><T23/><D64/><U34/><E34/><V21/><F21/><W38/><G38/><T56/><D47/><U87/><E37/><N who="2" m="21583" /><F97/><W60/><G46/><T102/><D102/><U26/><REACH who="1" step="1"/><E55/><REACH who="1" ten="331,365,129,165" step="2"/><N who="2" m="32111" /><F130/><W0/><G32/><T122/><D122/><U2/><E2/><V27/><F27/><W29/><G0/><T39/><D39/><U133/><E133/><V11/><F11/><W59/><G35/><T103/><D8/><U76/><E76/><V125/><N who="2" m="48690" /><V111/><DORA hai="9" /><F111/><W95/><G78/><T13/><D23/><U20/><E20/><V43/><F43/><W41/><G41/><T94/><D72/><U98/><E98/><V10/><F10/><W106/><G99/><N who="0" m="59895" /><D75/><U30/><E30/><V121/><F121/><W69/><G29/><T105/><D28/><U61/><E61/><V6/><F6/><W40/><G63/><N who="0" m="36239" /><D4/><U57/><E57/><V113/><F113/><W91/><G59/><T93/><D74/><U131/><E131/><V65/><F119/><W67/><G40/><T101/><D85/><U82/><E82/><N who="0" m="31241" /><D105/><AGARI ba="2,1" hai="16,22,26,68,70,71,84,86,87,88,92,96,105,107" machi="105" ten="50,12000,2" yaku="1,1,52,3,54,2,53,0" doraHai="66,9" doraHaiUra="50,31" who="1" fromWho="0" sc="331,-126,365,136,129,0,165,0" /><INIT seed="5,0,0,1,3,84" ten="205,501,129,165" oya="1" hai0="100,94,101,37,56,4,90,110,28,31,30,93,129" hai1="120,70,0,83,42,2,14,61,24,10,66,89,26" hai2="88,126,25,9,109,34,128,111,85,132,122,62,97" hai3="27,102,58,98,8,49,33,29,133,127,60,46,78"/><U106/><E106/><V115/><F122/><W71/><G127/><T112/><D110/><U19/><E120/><V35/><F126/><W65/><G133/><T13/><D37/><U125/><E125/><V38/><F38/><W20/><G78/><T47/><D112/><U107/><E107/><V92/><F132/><W39/><G8/><N who="0" m="4231" /><D129/><U12/><E42/><V6/><F128/><W18/><G39/><T74/><D74/><U43/><E43/><V96/><F115/><W73/><G73/><T77/><D77/><U134/><E134/><V22/><F35/><W5/><G5/><T80/><D47/><U123/><E2/><V82/><F34/><W117/><G117/><T3/><D3/><U50/><E0/><V95/><F62/><W104/><G58/><T121/><D121/><U59/><E70/><V99/><F9/><W17/><REACH who="3" step="1"/><G20/><REACH who="3" ten="205,501,129,155" step="2"/><T119/><D119/><U23/><E123/><V45/><F6/><W113/><G113/><T72/><D56/><U87/><E50/><V79/><F45/><W63/><G63/><T68/><D72/><U135/><E135/><V86/><REACH who="2" step="1"/><F92/><REACH who="2" ten="205,501,119,155" step="2"/><W76/><G76/><T21/><D94/><U103/><E10/><V1/><F1/><W57/><G57/><T116/><D116/><U75/><E61/><V41/><F41/><AGARI ba="0,2" hai="17,18,27,29,33,41,46,49,60,65,71,98,102,104" machi="41" ten="30,7700,0" yaku="1,1,7,1,25,2,53,0" doraHai="84" doraHaiUra="69" who="3" fromWho="2" sc="205,0,501,0,119,-77,155,97" /><INIT seed="6,0,0,5,4,24" ten="205,501,42,252" oya="2" hai0="123,87,76,69,6,28,29,41,86,63,0,45,133" hai1="10,4,114,7,117,15,36,55,81,110,121,100,12" hai2="72,27,109,53,50,93,90,30,3,131,65,97,44" hai3="46,5,101,19,13,58,1,54,102,84,17,108,124"/><V129/><F3/><W112/><G108/><T40/><D123/><U8/><E110/><V20/><F109/><W9/><G124/><T60/><D133/><U22/><E117/><V71/><F72/><W127/><G127/><T118/><D118/><U2/><E114/><V126/><F126/><W16/><G112/><T128/><D128/><U66/><E36/><V82/><F71/><W52/><G1/><T47/><D0/><U26/><E121/><V113/><F113/><W34/><G34/><T42/><D69/><U99/><E66/><V111/><F111/><W18/><G5/><T23/><D6/><U107/><E2/><V125/><F125/><W62/><G84/><N who="0" m="32299" /><D76/><U77/><E55/><V120/><F120/><W94/><G94/><T98/><D98/><U88/><E88/><V70/><REACH who="2" step="1"/><F82/><REACH who="2" ten="205,501,32,252" step="2"/><W79/><G79/><T103/><D42/><U85/><E77/><V59/><F59/><W39/><G39/><T104/><D41/><U116/><E116/><V91/><F91/><W74/><G74/><T89/><D89/><U21/><E81/><V68/><F68/><W92/><G92/><T43/><D43/><U119/><E119/><V14/><F14/><W57/><G46/><T105/><D40/><U31/><E12/><V56/><F56/><W48/><AGARI ba="0,1" hai="9,13,16,17,18,19,48,52,54,57,58,62,101,102" machi="48" ten="30,7900,0" yaku="0,1,8,1,54,2" doraHai="24" who="3" fromWho="3" sc="205,-20,501,-20,32,-39,252,89" owari="185,-21.0,481,58.0,-7,-51.0,341,14.0" /></mjloggm>