<mjloggm ver="2.3"><GO type="97" lobby="0"/><UN n0="%E5%86%B7%E5%87%8D%E3%83%81%E3%83%A3%E3%83%BC%E3%83%8F%E3%83%B3" n1="%E5%B0%B1%E6%B4%BB%E7%94%9F%40%E5%B7%9D%E6%9D%91%E8%BB%8D%E5%9B%A3" n2="%E3%81%AE%E3%82%8A%E3%81%BE%E3%81%8D%E5%8D%9A%E5%A3%AB" n3="%68%69%7A%69%6C%69" dan="14,15,13,13" rate="1900.60,1941.43,1840.30,1861.80" sx="M,M,M,M"/><TAIKYOKU oya="0"/><INIT seed="0,0,0,4,4,80" ten="250,250,250,250" oya="0" hai0="3,54,131,13,123,11,0,77,96,90,8,30,58" hai1="119,32,113,112,25,39,93,78,67,121,26,31,53" hai2="101,52,128,99,4,57,129,50,100,120,24,35,19" hai3="12,60,86,130,69,64,56,6,5,37,44,132,38"/><T98/><D123/><U92/><E121/><V108/><F4/><W63/><G132/><T76/><D30/><U72/><E119/><V116/><F120/><W20/><G130/><N who="2" m="50281" /><F108/><W89/><G44/><T47/><D131/><U135/><E39/><V14/><F116/><W42/><G38/><T40/><D11/><U29/><E135/><V87/><F35/><W55/><G42/><T109/><D109/><U68/><E53/><V17/><F24/><W82/><G37/><T105/><D105/><U95/><E72/><V103/><F19/><W10/><REACH who="3" step="1"/><G20/><REACH who="3" ten="250,250,250,240" step="2"/><T125/><D40/><U46/><E46/><V7/><F7/><AGARI ba="0,1" hai="5,6,7,10,12,55,56,60,63,64,69,82,86,89" machi="7" ten="30,7700,0" yaku="1,1,2,1,7,1,52,1,53,0" doraHai="80" doraHaiUra="27" who="3" fromWho="2" sc="250,0,250,0,250,-77,240,87" /><INIT seed="1,0,0,0,3,133" ten="250,250,173,327" oya="1" hai0="106,131,124,91,130,79,67,94,90,15,33,114,128" hai1="12,24,117,60,3,54,116,68,66,31,18,2,135" hai2="121,76,122,50,17,126,112,49,57,37,77,19,96" hai3="115,129,98,97,8,99,59,56,73,113,53,22,105"/><U7/><E135/><V46/><F96/><W120/><G73/><T5/><D33/><U132/><E132/><V48/><F76/><W64/><G120/><N who="2" m="46185" /><F77/><W92/><G105/><T72/><D67/><U58/><E116/><V34/><F34/><W103/><G8/><T69/><D114/><U52/><E117/><V39/><F17/><W65/><G129/><T63/><D69/><U85/><E7/><V127/><F19/><W4/><G4/><T74/><D63/><U35/><E85/><V78/><F78/><W25/><G59/><T123/><D123/><U70/><E54/><V61/><F112/><W55/><G55/><T43/><D43/><U6/><E6/><V62/><F46/><W71/><G71/><T13/><D106/><U0/><REACH who="1" step="1"/><E66/><REACH who="1" ten="250,240,173,327" step="2"/><N who="3" m="25706" /><G115/><T30/><D5/><U27/><E27/><V89/><F89/><W38/><G113/><T40/><D90/><U108/><E108/><V28/><F28/><N who="3" m="17463" /><G38/><N who="2" m="14345" /><F57/><W83/><G83/><N who="0" m="45543" /><D74/><U88/><E88/><V10/><F10/><AGARI ba="0,1" hai="0,2,3,10,12,18,24,31,35,52,58,60,68,70" machi="10" ten="40,3900,0" yaku="1,1,54,1,53,0" doraHai="133" doraHaiUra="80" who="1" fromWho="2" sc="250,0,240,49,173,-39,327,0" /><INIT seed="1,1,0,2,5,28" ten="250,289,134,327" oya="1" hai0="124,73,74,43,104,114,42,85,113,58,53,82,66" hai1="34,18,10,40,83,102,81,35,46,17,94,88,97" hai2="21,135,0,75,25,31,49,15,52,20,30,80,132" hai3="24,78,59,100,76,121,69,6,68,19,50,134,125"/><U112/><E112/><V91/><F75/><W41/><G6/><T32/><D32/><U37/><E83/><V120/><F80/><W107/><G121/><T110/><D104/><U99/><E81/><V1/><F91/><W12/><G24/><T11/><D66/><U72/><E72/><V122/><F52/><W13/><G41/><T117/><D117/><U23/><E10/><V89/><F89/><W103/><G107/><T116/><D116/><U115/><E18/><V84/><F84/><W62/><G50/><T9/><D124/><U119/><E115/><V2/><F49/><W8/><G125/><T5/><D5/><U45/><E45/><V14/><REACH who="2" step="1"/><F0/><REACH who="2" ten="250,289,124,327" step="2"/><W67/><G134/><T98/><D53/><U44/><E119/><V7/><F7/><W70/><REACH who="3" step="1"/><G12/><REACH who="3" ten="250,289,124,317" step="2"/><T26/><D113/><U96/><E44/><V65/><F65/><W87/><G87/><T106/><D114/><U86/><REACH who="1" step="1"/><E102/><AGARI ba="1,2" hai="8,13,19,59,62,67,68,69,70,76,78,100,102,103" machi="102" ten="40,1300,0" yaku="1,1,53,0" doraHai="28" doraHaiUra="33" who="3" fromWho="1" sc="250,0,289,-16,124,0,317,36" /><INIT seed="2,0,0,4,4,121" ten="250,273,124,353" oya="2" hai0="125,6,25,117,63,7,91,89,67,13,128,24,111" hai1="61,90,26,55,32,82,34,28,20,119,130,110,101" hai2="4,106,17,115,15,92,46,49,100,22,66,134,112" hai3="62,29,103,58,85,122,45,51,54,132,104,68,126"/><V18/><F106/><W87/><G122/><T81/><D128/><U113/><E119/><V127/><F66/><W1/><G1/><T43/><D125/><U37/><E37/><V2/><F127/><W41/><G126/><T93/><D43/><U73/><E130/><V116/><F116/><W52/><G132/><T36/><D36/><U40/><E40/><V124/><F124/><W30/><G104/><T9/><D117/><U131/><E101/><V108/><F134/><W70/><G103/><T50/><D50/><U12/><E32/><V135/><F135/><W114/><G114/><T27/><D6/><U35/><E35/><V109/><F92/><W105/><G105/><T14/><D81/><U78/><E90/><V123/><F100/><W98/><G98/><T96/><D91/><U74/><E74/><V88/><F123/><W60/><G70/><T83/><D83/><U80/><E80/><V133/><F88/><W75/><G75/><T84/><D14/><U48/><E113/><N who="2" m="43595" /><F133/><W16/><G16/><T69/><REACH who="0" step="1"/><D96/><REACH who="0" ten="240,273,124,353" step="2"/><U71/><E131/><V23/><F49/><W47/><G68/><T53/><D53/><U79/><E79/><V57/><F46/><W33/><G47/><T86/><D86/><U64/><E12/><N who="2" m="9543" /><F57/><W31/><G33/><T5/><D5/><U129/><E129/><V42/><F42/><W94/><G85/><T56/><D56/><N who="1" m="32871" /><E34/><V65/><F65/><W0/><G0/><T8/><D8/><AGARI ba="0,1" hai="2,4,8,15,17,23,108,109" m="9543,43595" machi="8" ten="30,11600,0" yaku="34,2,52,2" doraHai="121" who="2" fromWho="0" sc="240,-116,273,0,124,126,353,0" /><INIT seed="2,1,0,5,0,39" ten="124,273,250,353" oya="2" hai0="78,57,82,73,2,131,47,44,20,37,25,87,130" hai1="71,36,126,0,7,64,95,53,41,12,112,67,88" hai2="100,8,27,93,132,6,46,107,10,65,101,35,109" hai3="105,32,55,48,62,85,127,15,102,90,33,28,22"/><V23/><F35/><W123/><G123/><T110/><D110/><U26/><E0/><V52/><F107/><W1/><G1/><T111/><D111/><U91/><E112/><V122/><F122/><W40/><G105/><T60/><D87/><U94/><E126/><V97/><F109/><W134/><G102/><T114/><D114/><U124/><E71/><V34/><F34/><W103/><G103/><T69/><D20/><U51/><E36/><V92/><F132/><W81/><G62/><T45/><D25/><U14/><E26/><V77/><F65/><N who="1" m="25161" /><E41/><V83/><F6/><W115/><G127/><T16/><D57/><N who="1" m="32959" /><E7/><V129/><F129/><W50/><G115/><T104/><D104/><U5/><E5/><V125/><F125/><W3/><G3/><T72/><D2/><U58/><E58/><V117/><F117/><W80/><G33/><T121/><D72/><U119/><E119/><V74/><F93/><N who="1" m="35337" /><E124/><V11/><F100/><W18/><G32/><T63/><D121/><U31/><E31/><V89/><F101/><W42/><G28/><T84/><D73/><U76/><E76/><V106/><F106/><W120/><G120/><T66/><D63/><U135/><E135/><V24/><REACH who="2" step="1"/><F23/><REACH who="2" ten="124,273,240,353" step="2"/><W68/><G134/><T79/><D130/><U98/><E98/><V133/><F133/><W30/><G22/><T43/><D131/><U13/><AGARI ba="1,1" hai="12,13,14,88,91" m="35337,32959,25161" machi="13" ten="30,2000,0" yaku="8,1,54,1" doraHai="39" who="1" fromWho="1" sc="124,-6,273,33,240,-11,353,-6" /><INIT seed="3,0,0,0,2,120" ten="118,306,229,347" oya="3" hai0="132,41,13,6,71,92,101,4,57,29,2,82,78" hai1="31,85,28,69,118,17,107,127,91,108,25,131,124" hai2="103,49,109,32,112,11,96,106,110,77,119,64,26" hai3="54,40,50,33,74,62,61,83,99,21,94,1,3"/><W80/><G33/><T55/><D71/><U20/><E69/><V93/><F119/><W59/><G74/><T65/><D29/><U9/><E107/><V7/><F112/><W84/><G3/><T14/><D41/><U39/><E39/><V60/><F77/><W123/><G1/><T15/><D132/><U35/><E118/><V5/><F49/><W53/><G123/><T116/><D116/><U126/><E131/><V73/><F73/><W134/><G134/><T10/><D65/><U12/><E108/><N who="2" m="41579" /><F11/><W38/><G38/><T90/><D101/><U27/><E85/><V66/><F106/><W68/><G68/><T75/><D4/><N who="2" m="1610" /><F60/><W19/><G62/><T46/><D46/><U81/><E81/><V44/><F44/><W30/><G40/><T87/><REACH who="0" step="1"/><D2/><REACH who="0" ten="108,306,229,347" step="2"/><U88/><AGARI ba="0,1" hai="9,12,17,20,25,27,28,31,35,88,91,124,126,127" machi="88" ten="40,5200,0" yaku="0,1,18,1,54,1" doraHai="120" who="1" fromWho="1" sc="108,-13,306,62,229,-13,347,-26" owari="95,-40.0,368,46.0,216,-18.0,321,12.0" /></mjloggm>