<mjloggm ver="2.3"><GO type="97" lobby="0"/><UN n0="%E3%81%BF%E3%81%86%E3%81%99%E3%81%91" n1="%E7%B4%BA%E9%87%8E%E7%9C%9F%E7%90%B4" n2="%E5%B0%B1%E6%B4%BB%E7%94%9F%40%E5%B7%9D%E6%9D%91%E8%BB%8D%E5%9B%A3" n3="%61%6B%65%2D%6B%61%7A%65" dan="14,15,15,15" rate="1929.31,2043.37,2003.13,1971.26" sx="M,F,M,M"/><TAIKYOKU oya="0"/><INIT seed="0,0,0,4,5,133" ten="250,250,250,250" oya="0" hai0="122,95,6,64,88,108,119,50,114,71,94,82,32" hai1="9,47,72,33,2,131,18,112,60,20,29,69,58" hai2="35,98,65,84,105,57,74,83,4,34,120,132,25" hai3="31,62,53,126,110,5,17,75,85,21,52,118,104"/><T128/><D122/><U7/><E69/><V90/><F120/><W125/><G118/><T130/><D32/><U76/><E47/><V86/><F132/><W106/><G75/><T55/><D114/><U101/><E101/><V28/><F74/><W79/><G110/><T16/><D119/><U102/><E102/><V123/><F123/><W39/><G39/><T115/><D6/><U23/><E23/><V121/><F105/><W111/><G111/><T117/><D117/><U24/><E131/><V26/><F98/><W78/><G5/><T89/><D115/><U49/><E49/><V41/><F41/><W92/><G31/><T129/><D108/><U87/><E87/><V73/><F4/><W67/><G104/><T42/><D42/><U36/><E36/><V61/><F73/><W10/><G10/><T30/><D30/><U63/><E112/><V45/><F26/><W81/><G106/><T12/><D64/><U109/><E109/><V124/><F84/><W56/><G92/><N who="0" m="35371" /><D71/><U135/><E135/><V40/><F121/><W51/><G79/><T99/><D82/><N who="1" m="45319" /><E58/><V107/><F107/><W80/><G80/><T127/><D99/><U93/><E63/><V43/><F35/><W97/><G97/><T44/><D127/><N who="3" m="48649" /><G51/><T103/><D103/><U91/><E7/><V37/><F124/><W38/><G38/><T1/><D1/><U13/><E2/><V11/><F11/><AGARI ba="0,0" hai="11,12,16,44,50,55,88,89,128,129,130" m="35371" machi="11" ten="30,5800,0" yaku="19,1,54,2" doraHai="133" who="0" fromWho="2" sc="250,58,250,0,250,-58,250,0" /><INIT seed="0,1,0,0,2,114" ten="308,250,192,250" oya="0" hai0="48,56,16,70,91,89,54,44,119,42,24,5,37" hai1="51,112,124,58,13,75,40,100,29,79,97,8,134" hai2="32,130,81,115,129,17,28,73,113,3,120,135,45" hai3="47,34,38,99,80,61,1,10,18,31,116,66,118"/><T2/><D119/><U84/><E112/><N who="2" m="43083" /><F73/><W11/><G99/><T20/><D2/><U94/><E75/><V83/><F45/><W50/><G38/><T131/><D131/><N who="2" m="50186" /><F81/><W133/><G133/><T117/><D117/><U121/><E124/><V122/><F83/><W98/><G98/><T21/><D5/><N who="1" m="3215" /><E121/><N who="2" m="46699" /><F3/><W57/><G80/><T69/><REACH who="0" step="1"/><D21/><REACH who="0" ten="298,250,192,250" step="2"/><U64/><E134/><V71/><F135/><W4/><G11/><T78/><D78/><U9/><E79/><V26/><F71/><AGARI ba="1,1" hai="16,20,24,37,42,44,48,54,56,69,70,71,89,91" machi="71" ten="40,3900,0" yaku="1,1,54,1,53,0" doraHai="114" doraHaiUra="93" who="0" fromWho="2" sc="298,52,250,0,192,-42,250,0" /><INIT seed="0,2,0,5,2,108" ten="350,250,150,250" oya="0" hai0="46,88,55,98,122,106,24,125,116,56,117,124,121" hai1="104,87,37,10,22,11,29,114,72,78,109,65,40" hai2="16,36,69,4,129,18,81,130,21,60,17,63,80" hai3="15,68,14,110,73,57,85,71,6,90,86,42,34"/><T96/><D24/><U102/><E104/><V39/><F21/><W8/><G110/><T93/><D46/><U30/><E72/><V94/><F94/><W52/><G73/><T135/><D56/><U111/><E102/><V82/><F4/><W48/><G34/><T2/><D55/><U38/><E65/><V89/><F89/><W119/><G119/><N who="0" m="45643" /><D2/><U3/><E87/><V131/><F69/><W113/><G113/><T41/><D41/><U31/><E78/><V50/><F50/><W43/><G68/><T26/><D26/><U5/><E40/><V67/><F67/><W19/><G71/><T95/><D106/><U123/><E29/><V134/><F134/><W58/><G58/><T133/><D122/><U92/><E123/><V25/><F25/><W32/><G32/><T9/><D9/><U127/><E3/><V101/><F101/><W47/><G42/><T132/><D121/><U99/><E5/><V45/><F45/><W128/><G90/><AGARI ba="2,0" hai="88,90,93,95,96,98,124,125,132,133,135" m="45643" machi="90" ten="40,12000,1" yaku="20,1,34,2,54,1" doraHai="108" who="0" fromWho="3" sc="350,126,250,0,150,0,250,-126" /><INIT seed="0,3,0,2,3,72" ten="476,250,150,124" oya="0" hai0="36,128,41,13,108,32,40,5,50,93,123,14,114" hai1="15,117,119,59,3,27,11,24,58,95,87,85,126" hai2="47,52,62,104,4,21,75,84,100,18,94,38,30" hai3="71,60,69,83,65,121,51,54,120,125,53,33,64"/><T111/><D123/><N who="3" m="47177" /><G33/><T90/><D114/><U96/><E3/><V102/><F75/><W134/><G83/><T127/><D36/><U46/><E46/><V55/><F104/><W80/><G80/><T101/><D32/><U31/><E126/><V105/><F105/><W124/><G134/><T70/><D70/><N who="3" m="26633" /><G60/><T35/><D35/><U82/><E87/><V73/><F73/><W22/><G22/><T66/><D127/><N who="3" m="48713" /><G53/><T34/><D34/><U57/><E82/><V129/><F129/><W44/><AGARI ba="3,0" hai="44,51,54,64,65" m="48713,26633,47177" machi="44" ten="40,8000,1" yaku="13,1,18,1,34,2" doraHai="72" who="3" fromWho="3" sc="476,-43,250,-23,150,-23,124,89" /><INIT seed="1,0,0,5,0,57" ten="433,227,127,213" oya="1" hai0="13,52,35,8,39,76,121,127,19,81,96,66,107" hai1="28,54,63,119,14,131,94,84,3,49,92,44,61" hai2="93,12,99,102,113,134,75,100,55,53,129,74,72" hai3="59,98,30,17,64,86,29,77,16,124,128,104,130"/><U1/><E119/><V41/><F113/><W117/><G117/><T132/><D39/><U120/><E120/><V62/><F129/><N who="3" m="49771" /><G124/><T122/><D127/><U89/><E131/><V103/><F134/><W2/><G2/><T109/><D132/><U114/><E114/><V112/><F112/><W21/><G104/><T6/><D66/><U24/><E14/><V58/><F41/><W88/><G98/><T37/><D37/><U67/><E94/><V126/><F126/><W78/><G78/><T110/><D35/><U25/><E25/><V135/><F135/><W111/><G111/><N who="0" m="42507" /><D107/><U79/><E79/><V51/><REACH who="2" step="1"/><F12/><REACH who="2" ten="433,227,117,213" step="2"/><N who="3" m="9351" /><G77/><T20/><D96/><U47/><E3/><V68/><F68/><W116/><G116/><T18/><D122/><U106/><E1/><V87/><F87/><W71/><G71/><T43/><D43/><U38/><E84/><V32/><F32/><W73/><G73/><T27/><D121/><U31/><E38/><V85/><F85/><W48/><G17/><T34/><D34/><U42/><E42/><V83/><F83/><N who="3" m="49247" /><G48/><T11/><D19/><U4/><E49/><V23/><F23/><W118/><G118/><T133/><D133/><U70/><E70/><V50/><F50/><W95/><G95/><T60/><D81/><U22/><E92/><V105/><F105/><W101/><G101/><T91/><D76/><U125/><E106/><V115/><F115/><W108/><G108/><T45/><D18/><N who="1" m="12375" /><E125/><V5/><F5/><W0/><G0/><T40/><D6/><U33/><E4/><V56/><AGARI ba="0,1" hai="51,53,55,56,58,62,72,74,75,93,99,100,102,103" machi="56" ten="40,5200,0" yaku="1,1,0,1,52,1,53,0" doraHai="57" doraHaiUra="15" who="2" fromWho="2" sc="433,-13,227,-26,117,62,213,-13" /><INIT seed="2,0,0,5,2,49" ten="420,201,179,200" oya="2" hai0="118,4,45,135,50,18,71,46,101,27,92,20,93" hai1="66,122,9,26,8,87,30,116,43,10,120,72,52" hai2="94,23,97,33,121,112,37,80,25,15,78,90,13" hai3="31,40,115,0,105,129,89,51,62,11,109,125,114"/><V104/><F33/><W134/><G105/><T91/><D71/><U133/><E72/><V123/><F112/><W28/><G134/><T119/><D135/><U67/><E133/><V110/><F37/><W22/><G129/><T32/><D32/><N who="1" m="20567" /><E43/><V103/><F110/><W17/><G125/><T47/><D4/><U75/><E75/><V130/><F130/><W35/><G62/><T73/><D73/><U86/><E116/><N who="0" m="44585" /><D101/><U2/><E2/><V24/><F78/><W74/><G109/><T99/><D93/><U124/><E124/><V95/><F80/><W128/><G128/><T108/><D108/><U84/><E66/><V61/><F104/><W70/><G70/><T21/><D20/><U57/><E67/><V3/><F3/><W48/><G74/><T82/><D82/><U81/><E81/><V63/><F25/><W88/><G35/><T36/><D36/><U69/><E69/><V41/><F41/><AGARI ba="0,0" hai="18,21,27,41,45,46,47,50,91,92,99" m="44585" machi="41" ten="30,1000,0" yaku="12,1" doraHai="49" who="0" fromWho="2" sc="420,10,201,0,179,-10,200,0" /><INIT seed="3,0,0,5,2,46" ten="430,201,169,200" oya="3" hai0="105,73,75,112,128,58,36,117,116,77,30,33,60" hai1="130,5,32,18,135,103,122,95,13,81,38,51,133" hai2="106,7,26,80,59,27,90,2,12,78,70,56,42" hai3="35,14,94,10,100,44,110,97,85,55,34,120,124"/><W45/><G120/><T54/><D36/><U125/><E38/><V121/><F70/><W57/><G124/><T62/><D105/><U28/><E5/><V111/><F2/><W1/><G1/><T52/><D112/><U102/><E122/><V127/><F127/><W20/><G110/><T50/><D128/><U23/><E125/><V41/><F121/><W79/><G34/><T72/><D77/><U4/><E4/><V21/><F111/><W88/><G35/><T9/><D9/><U8/><E32/><V66/><F106/><W68/><G68/><T134/><D134/><N who="1" m="51211" /><E81/><V3/><F3/><W16/><G79/><T17/><D17/><N who="1" m="8359" /><E28/><V83/><F90/><W65/><G65/><T131/><D131/><U96/><E51/><V67/><F7/><W92/><G10/><T47/><D30/><U71/><E130/><V108/><F108/><W40/><G40/><T119/><REACH who="0" step="1"/><D33/><REACH who="0" ten="420,201,169,200" step="2"/><U74/><E74/><V118/><F78/><W11/><REACH who="3" step="1"/><G11/><REACH who="3" ten="420,201,169,190" step="2"/><T43/><D43/><U109/><E109/><V29/><F42/><W114/><G114/><T49/><AGARI ba="0,2" hai="47,49,50,52,54,58,60,62,72,73,75,116,117,119" machi="49" ten="40,8000,1" yaku="1,1,0,1,52,2,54,1,53,0" doraHai="46" doraHaiUra="82" who="0" fromWho="0" sc="420,100,201,-20,169,-20,190,-40" owari="520,62.0,181,-2.0,149,-35.0,150,-25.0" /></mjloggm>