<mjloggm ver="2.3"><GO type="97" lobby="0"/><UN n0="%E9%87%A3%E3%82%8A%E9%9B%80%E5%A3%AB%EF%BC%88%E6%94%B9%EF%BC%89" n1="%E5%B0%B1%E6%B4%BB%E7%94%9F%40%E5%B7%9D%E6%9D%91%E8%BB%8D%E5%9B%A3" n2="%2D%6B%6F%6B%6F%2D" n3="%E3%83%9F%E3%83%8A%E3%83%9F" dan="13,15,15,14" rate="1888.90,1968.71,2006.52,1910.93" sx="M,M,M,F"/><TAIKYOKU oya="0"/><INIT seed="0,0,0,1,1,118" ten="250,250,250,250" oya="0" hai0="16,58,122,100,60,130,47,40,94,123,42,135,120" hai1="34,19,61,127,64,89,5,69,63,131,30,52,84" hai2="54,13,115,95,32,15,102,44,55,104,67,17,75" hai3="126,1,90,99,0,124,105,96,39,112,21,71,80"/><T26/><D130/><U91/><E131/><V87/><F104/><W106/><G39/><T125/><D135/><U53/><E127/><N who="3" m="48682" /><G71/><T36/><D125/><U111/><E111/><V132/><F75/><W50/><G50/><T22/><D40/><U31/><E5/><V98/><F32/><W38/><G38/><T77/><D77/><U35/><E19/><V82/><F115/><W108/><G112/><T114/><D114/><U46/><E84/><V70/><F132/><W43/><G43/><T3/><D3/><N who="3" m="1097" /><G21/><T73/><D73/><U20/><E20/><V11/><F44/><W56/><G56/><T101/><REACH who="0" step="1"/><D94/><REACH who="0" ten="240,250,250,250" step="2"/><U86/><E69/><V66/><F70/><W68/><G68/><T133/><D133/><U121/><E35/><V28/><F15/><W49/><G108/><T103/><D103/><U41/><E34/><V113/><F113/><W8/><G106/><T24/><D24/><U4/><E89/><N who="2" m="51447" /><F28/><W51/><G90/><T7/><D7/><U23/><E4/><V116/><F116/><W109/><G109/><T10/><D10/><U48/><E31/><V25/><F25/><W76/><G8/><T12/><D12/><U107/><E107/><V14/><F14/><W33/><G33/><T59/><D59/><N who="1" m="36927" /><E30/><V65/><AGARI ba="0,1" hai="11,13,17,54,55,65,66,67,95,98,102" m="51447" machi="65" ten="30,1100,0" yaku="8,1" doraHai="118" who="2" fromWho="2" sc="240,-5,250,-3,250,21,250,-3" /><INIT seed="1,0,0,2,1,78" ten="235,247,271,247" oya="1" hai0="6,47,125,100,129,23,53,42,0,64,67,28,77" hai1="96,130,134,49,113,127,97,126,76,103,29,2,63" hai2="62,55,12,80,10,11,119,41,88,117,84,121,107" hai3="16,56,8,46,43,17,51,79,68,22,35,66,75"/><U135/><E2/><V115/><F121/><W95/><G35/><T30/><D125/><N who="1" m="47627" /><E113/><V54/><F107/><W122/><G122/><T45/><D129/><U39/><E39/><V99/><F115/><W5/><G68/><T60/><D100/><U13/><E29/><N who="0" m="11369" /><D0/><U40/><E63/><V131/><F131/><W111/><G111/><T118/><D118/><U65/><E65/><N who="0" m="25161" /><D77/><U25/><E25/><V4/><F41/><W21/><G75/><T34/><D34/><U92/><E130/><V27/><F27/><W98/><G79/><T36/><D36/><U93/><E13/><N who="2" m="5319" /><F119/><W44/><G44/><N who="0" m="16971" /><D42/><U106/><E40/><V72/><F72/><W32/><G32/><T114/><D114/><U15/><E15/><V31/><F117/><W58/><G66/><T128/><D128/><U112/><E112/><V90/><F31/><W108/><G108/><T102/><D6/><U87/><E49/><V18/><F62/><W132/><G5/><T133/><D133/><N who="1" m="50699" /><E97/><V3/><F3/><W50/><G50/><T7/><D7/><U94/><E76/><V38/><F38/><W101/><G132/><T20/><D102/><U71/><E71/><V59/><F99/><W26/><G8/><T82/><D60/><U48/><E48/><N who="2" m="31175" /><F55/><W110/><REACH who="3" step="1"/><G110/><REACH who="3" ten="235,247,271,237" step="2"/><T81/><D53/><U116/><E116/><V89/><AGARI ba="0,1" hai="11,12,18,80,84,88,89,90" m="31175,5319" machi="89" ten="30,4000,0" yaku="8,1,52,1,54,1" doraHai="78" who="2" fromWho="2" sc="235,-10,247,-20,271,50,237,-10" /><INIT seed="2,0,0,1,5,84" ten="225,227,321,227" oya="2" hai0="81,113,70,112,87,23,29,9,64,100,85,107,55" hai1="124,36,6,116,66,91,122,15,35,22,109,114,61" hai2="47,1,79,111,115,90,60,41,82,11,27,78,13" hai3="49,42,7,128,133,88,120,104,95,83,62,56,131"/><V74/><F1/><W98/><G120/><T3/><D85/><U20/><E35/><V73/><F115/><W17/><G104/><T18/><D55/><U129/><E114/><V25/><F90/><W68/><G68/><T94/><D107/><U106/><E106/><V105/><F105/><W34/><G34/><T63/><D29/><U123/><E36/><V57/><F111/><W39/><G39/><T58/><D70/><U75/><E75/><V86/><F86/><W77/><G7/><T50/><D50/><U119/><E124/><V53/><F78/><W40/><G133/><T101/><D9/><N who="1" m="4535" /><E129/><N who="3" m="49738" /><G17/><T14/><D3/><U80/><E109/><V8/><F74/><N who="3" m="43447" /><G49/><T2/><D2/><U89/><E119/><V99/><F99/><W48/><G48/><T135/><D135/><U67/><E80/><V132/><F11/><W19/><G19/><T31/><D31/><U21/><E116/><V32/><F32/><W16/><G16/><T0/><D0/><U76/><E76/><V51/><REACH who="2" step="1"/><F132/><REACH who="2" ten="225,227,311,227" step="2"/><W130/><G130/><T134/><D134/><U71/><E67/><AGARI ba="0,1" hai="40,42,56,62,67,88,95,98" m="43447,49738" machi="67" ten="30,3900,0" yaku="19,1,52,1,54,1" doraHai="84" who="3" fromWho="1" sc="225,0,227,-39,311,0,227,49" /><INIT seed="3,0,0,3,5,80" ten="225,188,311,276" oya="3" hai0="45,27,96,110,28,99,104,16,78,9,77,135,31" hai1="21,73,83,13,59,76,60,70,12,100,98,29,5" hai2="82,65,95,53,25,74,41,55,48,2,33,63,44" hai3="36,85,17,6,79,88,97,35,134,105,130,115,3"/><W87/><G35/><T46/><D110/><U57/><E70/><V101/><F2/><W90/><G36/><T111/><D111/><U42/><E42/><V19/><F74/><W52/><G115/><T30/><D135/><U94/><E5/><V39/><F82/><W102/><G134/><T91/><D104/><U89/><E59/><N who="2" m="37119" /><F33/><W93/><G130/><T47/><D91/><U66/><REACH who="1" step="1"/><E89/><REACH who="1" ten="225,178,311,276" step="2"/><V81/><F39/><W71/><G71/><T112/><D112/><U108/><E108/><V26/><F41/><W113/><G113/><T118/><D118/><U37/><E37/><V75/><F55/><W123/><G123/><T122/><D122/><U126/><E126/><V15/><F75/><W62/><G6/><T58/><D58/><U1/><E1/><V131/><F131/><W117/><G117/><T68/><D68/><U119/><E119/><V64/><F64/><W92/><G3/><T84/><D77/><U67/><E67/><V56/><F56/><N who="3" m="35079" /><G79/><T107/><D78/><U61/><E61/><V72/><F72/><W11/><G105/><T49/><D107/><U114/><E114/><V10/><F81/><N who="3" m="49199" /><G11/><T32/><D9/><U23/><E23/><V8/><F8/><W54/><G54/><T133/><D133/><U4/><E4/><V125/><F125/><W38/><G38/><T18/><D32/><U124/><E124/><V20/><F20/><W106/><G106/><T0/><D0/><U7/><E7/><V132/><F132/><W34/><G34/><T43/><D43/><U51/><E51/><V24/><F95/><W121/><G121/><RYUUKYOKU ba="0,1" sc="225,-30,178,10,311,10,276,10" hai1="12,13,21,29,57,60,66,73,76,83,94,98,100" hai2="10,15,19,24,25,26,44,48,53,101" hai3="17,87,90,92,93,97,102" /><INIT seed="3,1,1,3,1,5" ten="195,188,321,286" oya="3" hai0="32,111,134,31,87,3,11,97,30,128,133,24,125" hai1="55,130,77,75,108,38,59,15,99,27,6,13,118" hai2="50,126,112,89,53,102,10,66,93,34,132,18,124" hai3="19,109,82,49,21,41,64,103,131,94,2,105,28"/><W129/><G2/><T51/><D111/><U98/><E38/><V14/><F112/><W4/><G4/><N who="0" m="1439" /><D125/><N who="2" m="48234" /><F34/><W36/><G36/><T9/><D51/><N who="1" m="31231" /><E108/><V96/><F66/><W127/><G109/><T16/><D128/><N who="3" m="49225" /><G127/><T22/><D87/><U1/><E1/><V121/><F132/><N who="0" m="50794" /><D97/><N who="1" m="36875" /><E75/><V72/><F72/><W17/><G64/><T79/><D79/><U106/><E106/><V83/><F121/><W43/><G105/><T81/><D81/><U46/><E130/><V60/><F60/><W67/><G67/><T115/><D115/><U92/><E118/><V80/><F102/><W52/><G103/><T104/><D104/><U12/><E77/><V71/><F71/><W25/><G94/><T113/><D113/><U47/><E6/><V88/><F89/><W65/><G82/><T120/><D120/><U100/><E27/><V40/><F83/><W78/><G78/><T76/><D76/><U57/><E57/><N who="2" m="32951" /><F80/><W58/><G65/><T117/><D117/><U84/><E100/><V39/><F39/><W107/><G107/><T20/><D31/><U37/><E37/><V74/><F74/><W91/><G91/><AGARI ba="1,1" hai="12,13,15,46,47,84,91,92" m="36875,31231" machi="91" ten="30,1000,0" yaku="8,1" doraHai="5" who="1" fromWho="3" sc="195,0,188,23,321,0,286,-13" owari="195,-30.0,211,-19.0,321,42.0,273,7.0" /></mjloggm>