<mjloggm ver="2.3"><GO type="169" lobby="0"/><UN n0="%E3%81%8A%E3%81%98%E3%81%95%E3%82%93" n1="%7A%6B%75%72%74" n2="%E3%83%88%E3%83%88%E3%83%AA%E5%85%88%E7%94%9F%31%39%E6%AD%B3" n3="%65%69%6B%31" dan="18,18,18,16" rate="2160.64,2235.10,2171.01,2093.55" sx="M,M,F,M"/><TAIKYOKU oya="0"/><INIT seed="0,0,0,5,1,17" ten="250,250,250,250" oya="0" hai0="11,135,108,118,64,103,18,81,106,80,132,101,43" hai1="72,2,34,75,95,94,67,105,39,74,112,82,49" hai2="87,44,32,125,7,15,85,57,86,130,16,102,76" hai3="8,6,13,99,113,70,29,63,69,37,62,127,128"/><T129/><D118/><U12/><E2/><V133/><F32/><W5/><G37/><T104/><D43/><U3/><E3/><V24/><F130/><W79/><G113/><T68/><D64/><U114/><E39/><V117/><F117/><W42/><G42/><T119/><D68/><U92/><E105/><N who="0" m="40553" /><D11/><U107/><E107/><V96/><F133/><N who="0" m="51274" /><D18/><U36/><E36/><V27/><F125/><W93/><G127/><T54/><D54/><U88/><E34/><V109/><F76/><W28/><G79/><T73/><D119/><U100/><E67/><V90/><F7/><W38/><G5/><T25/><D25/><U59/><E12/><V46/><F90/><W115/><G38/><T124/><D124/><U61/><E49/><V123/><F123/><W60/><G115/><N who="1" m="44074" /><E59/><V26/><F109/><W126/><G126/><T84/><D129/><U65/><E61/><V41/><F57/><W31/><REACH who="3" step="1"/><G128/><REACH who="3" ten="250,250,250,240" step="2"/><T40/><D40/><U23/><E65/><V50/><F41/><W51/><G51/><T98/><D108/><U97/><E23/><N who="2" m="11679" /><F50/><W111/><G111/><T35/><D35/><U33/><E33/><V30/><F30/><W77/><G77/><N who="0" m="44079" /><D98/><U91/><E82/><V48/><F48/><W47/><G47/><T83/><D83/><U9/><E9/><V78/><F44/><W116/><G116/><T122/><D122/><U121/><E121/><V58/><F46/><W21/><G21/><T56/><D56/><U120/><E120/><V89/><F58/><W4/><G4/><T110/><D110/><U134/><E134/><V20/><F20/><RYUUKYOKU ba="0,1" sc="250,10,250,10,250,-30,240,10" hai0="81,84,101,103" hai1="72,74,75,88,91,92,94,95,97,100" hai3="6,8,13,28,29,31,60,62,63,69,70,93,99" /><INIT seed="0,1,1,0,5,63" ten="260,260,220,250" oya="0" hai0="72,62,87,98,2,31,104,96,54,1,60,6,58" hai1="90,5,92,39,83,130,88,128,77,9,126,61,64" hai2="135,12,17,52,79,121,42,85,112,37,55,36,28" hai3="75,100,91,27,89,99,57,46,14,45,20,76,129"/><T115/><D72/><U33/><E33/><V119/><F112/><W41/><G129/><N who="1" m="49770" /><E39/><V84/><F121/><W93/><G14/><T102/><D115/><U124/><E77/><V82/><F135/><W53/><G76/><T120/><D120/><U43/><E43/><V25/><F119/><W24/><G75/><T7/><D31/><U123/><E83/><V86/><F37/><W73/><G73/><T4/><D87/><N who="1" m="52255" /><E90/><N who="3" m="34314" /><G41/><T48/><REACH who="0" step="1"/><D98/><REACH who="0" ten="250,260,220,250" step="2"/><U38/><E123/><V40/><F86/><W111/><G99/><T51/><D51/><U105/><E38/><V32/><F85/><W29/><G29/><T18/><D18/><U78/><E78/><V66/><F36/><W97/><G97/><T109/><D109/><U23/><E23/><V95/><F82/><W118/><G111/><T113/><D113/><U19/><E19/><V69/><F79/><W94/><G20/><T133/><D133/><U101/><E9/><V107/><F84/><W134/><G134/><T0/><AGARI ba="1,2" hai="0,1,2,4,6,7,48,54,58,60,62,96,102,104" machi="0" ten="40,3900,0" yaku="1,1,0,1,53,0" doraHai="63" doraHaiUra="15" who="0" fromWho="0" sc="250,62,260,-14,220,-14,250,-14" /><INIT seed="0,2,0,3,4,39" ten="312,246,206,236" oya="0" hai0="51,23,62,71,79,61,134,111,67,13,118,95,43" hai1="63,12,68,48,37,57,34,35,102,28,56,86,29" hai2="21,124,103,107,9,91,112,3,106,105,19,49,47" hai3="40,60,2,7,11,97,101,27,87,114,110,117,77"/><T96/><D118/><U33/><E37/><V66/><F112/><W123/><G114/><T54/><D134/><U36/><E36/><V109/><F109/><W15/><G110/><T32/><D32/><U94/><E68/><V42/><F124/><W100/><G117/><T76/><D62/><U133/><E133/><V64/><F103/><W74/><G74/><T20/><D111/><U38/><E38/><V22/><F22/><W128/><G128/><T17/><D23/><U85/><E12/><V55/><F55/><W41/><G123/><T52/><D43/><N who="3" m="16457" /><G2/><T82/><D82/><U25/><E48/><V14/><F3/><W99/><G27/><T81/><D81/><U113/><E113/><V129/><F129/><W53/><G87/><T130/><D130/><U108/><E108/><V26/><REACH who="2" step="1"/><F91/><REACH who="2" ten="312,246,196,236" step="2"/><W30/><G77/><T90/><REACH who="0" step="1"/><D54/><REACH who="0" ten="302,246,196,236" step="2"/><U126/><E35/><V16/><AGARI ba="2,2" hai="9,14,16,19,21,26,42,47,49,64,66,105,106,107" machi="16" ten="30,8000,1" yaku="1,1,2,1,0,1,52,1,54,1,53,0" doraHai="39" doraHaiUra="88" who="2" fromWho="2" sc="302,-42,246,-22,196,106,236,-22" /><INIT seed="1,0,0,1,1,114" ten="260,224,302,214" oya="1" hai0="109,5,39,121,88,42,8,115,122,105,106,110,12" hai1="112,64,94,55,10,2,25,70,0,77,124,33,92" hai2="18,6,83,84,100,29,17,130,27,102,51,32,30" hai3="49,103,86,126,66,37,50,35,44,14,111,68,36"/><U73/><E112/><V47/><F130/><W67/><G35/><T119/><D115/><U63/><E124/><V80/><F6/><W134/><G103/><N who="2" m="39465" /><F32/><W101/><G101/><T7/><D42/><U71/><E71/><V20/><F83/><W98/><G98/><T82/><D39/><N who="3" m="14921" /><G14/><T90/><D119/><U132/><E55/><N who="2" m="30207" /><F29/><W89/><G89/><AGARI ba="0,0" hai="17,18,20,27,30,80,84,89" m="30207,39465" machi="89" ten="30,1000,0" yaku="8,1" doraHai="114" who="2" fromWho="3" sc="260,0,224,0,302,10,214,-10" /><INIT seed="2,0,0,4,1,51" ten="260,224,312,204" oya="2" hai0="68,116,91,101,63,4,121,110,73,23,41,76,11" hai1="105,129,124,49,71,6,72,109,33,99,65,22,100" hai2="132,84,78,12,114,74,45,43,113,56,130,86,107" hai3="64,31,93,94,30,119,18,135,59,134,81,38,128"/><V8/><F107/><W50/><G38/><T54/><D121/><U19/><E72/><V117/><F117/><W70/><G119/><T20/><D116/><U27/><E124/><V9/><F130/><W66/><G128/><T40/><D110/><U112/><E112/><V89/><F132/><N who="3" m="50731" /><G70/><T62/><D101/><U58/><E109/><V52/><F74/><W87/><G18/><T60/><D68/><U29/><E129/><V133/><F133/><W120/><G120/><T69/><D69/><U111/><E111/><V67/><F67/><N who="3" m="25643" /><G59/><T17/><D91/><U47/><E6/><V0/><F0/><W3/><G3/><T104/><D104/><U95/><E105/><V1/><F1/><W75/><G50/><T16/><D76/><U28/><E71/><V115/><F78/><N who="3" m="46519" /><G75/><T127/><D73/><U26/><E19/><N who="0" m="7241" /><D127/><U108/><E108/><V10/><F12/><W79/><G79/><T80/><D80/><U102/><E102/><V25/><F25/><W97/><G94/><T106/><D106/><U39/><E39/><V2/><F2/><W42/><G42/><N who="0" m="16491" /><D54/><U53/><REACH who="1" step="1"/><E65/><REACH who="1" ten="260,214,312,204" step="2"/><V57/><F114/><W88/><AGARI ba="0,1" hai="30,31,88,93,97" m="46519,25643,50731" machi="88" ten="30,2000,0" yaku="20,1,54,1" doraHai="51" who="3" fromWho="3" sc="260,-5,214,-5,312,-10,204,30" /><INIT seed="3,0,0,5,2,38" ten="255,209,302,234" oya="3" hai0="69,81,84,15,98,26,9,48,130,41,113,124,6" hai1="112,11,97,111,32,128,89,31,45,93,29,67,24" hai2="30,92,132,82,21,1,94,115,107,86,42,108,73" hai3="22,122,33,116,123,49,35,28,121,103,14,91,75"/><W12/><G75/><T76/><D113/><U2/><E112/><V60/><F115/><W101/><G91/><T57/><D124/><U99/><E128/><V27/><F107/><W135/><G49/><T96/><D130/><U51/><E111/><V66/><F73/><W110/><G110/><T16/><D69/><U68/><E31/><V18/><F1/><W34/><G116/><T7/><D57/><U70/><E67/><V37/><F108/><W20/><G135/><T79/><D79/><U114/><E114/><V25/><F132/><W47/><G47/><N who="0" m="25711" /><D6/><U87/><E97/><V13/><F25/><N who="3" m="16439" /><G101/><T64/><D64/><U127/><E127/><V100/><F100/><W77/><G103/><T102/><D102/><U88/><E11/><V58/><F42/><W36/><G77/><T129/><D129/><U10/><E10/><N who="2" m="6455" /><F37/><W23/><G36/><T105/><D105/><U74/><E2/><V44/><F44/><W125/><G125/><T120/><D120/><U61/><E61/><V131/><F131/><W72/><G72/><T4/><D4/><U106/><E74/><V65/><F65/><W5/><G5/><T117/><D117/><U126/><E126/><V56/><F56/><W17/><G23/><AGARI ba="0,0" hai="7,9,15,16,23,26,76,81,84,96,98" m="25711" machi="23" ten="30,7700,0" yaku="25,1,8,1,52,1,54,1" doraHai="38" who="0" fromWho="3" sc="255,77,209,0,302,0,234,-77" /><INIT seed="4,0,0,5,5,128" ten="332,209,302,157" oya="0" hai0="35,91,127,55,16,67,59,69,30,37,4,22,9" hai1="34,118,19,49,121,134,1,107,76,124,95,74,39" hai2="126,77,51,97,110,108,87,14,53,12,117,60,101" hai3="18,135,50,122,130,62,6,72,88,28,20,133,102"/><T99/><D37/><U112/><E49/><V23/><F126/><W66/><G72/><T65/><D127/><U31/><E95/><V57/><F117/><W85/><G130/><T123/><D123/><U32/><E19/><V24/><F108/><W61/><G28/><T90/><D30/><U131/><E31/><N who="2" m="17823" /><F110/><W103/><G6/><T27/><D35/><U44/><E44/><N who="2" m="27879" /><F97/><W56/><G62/><N who="0" m="36223" /><D69/><U98/><E98/><V10/><F101/><W68/><G122/><T7/><D99/><U2/><E76/><V111/><F111/><W73/><G73/><T132/><D132/><N who="3" m="50761" /><G68/><T38/><D38/><U42/><E42/><V17/><F10/><W5/><G50/><T26/><D4/><U79/><E79/><V89/><F77/><W75/><G5/><T45/><D7/><U11/><E34/><V29/><F17/><W80/><G75/><T84/><D16/><U119/><E119/><V109/><F29/><W106/><G106/><T70/><D67/><U63/><E63/><V71/><F71/><W115/><G115/><T25/><D70/><U96/><E112/><V86/><F60/><W41/><G41/><T48/><D65/><U0/><E134/><V94/><F109/><W36/><G36/><T125/><D48/><U105/><E121/><V43/><F43/><W93/><G80/><T58/><D125/><U3/><E124/><V100/><F57/><W40/><G40/><T116/><D116/><U82/><E118/><V15/><F100/><W81/><G81/><T54/><D54/><U64/><N who="1" m="0" /><DORA hai="92" /><U114/><E131/><V8/><F8/><RYUUKYOKU ba="0,0" sc="332,-15,209,-15,302,15,157,15" hai2="12,14,15,86,87,89,94" hai3="18,20,56,61,66,85,88,93,102,103" /><INIT seed="5,1,0,2,3,106" ten="317,194,317,172" oya="1" hai0="65,84,7,20,19,36,89,116,133,9,101,72,3" hai1="6,121,85,132,122,57,86,97,69,75,98,27,88" hai2="119,10,22,131,1,18,104,29,62,32,117,39,82" hai3="25,60,87,118,124,130,53,100,8,34,12,109,108"/><U2/><E69/><V45/><F104/><W54/><G124/><T123/><D116/><U129/><E132/><V96/><F131/><W46/><G130/><T92/><D133/><U58/><E129/><V51/><F39/><W37/><G118/><T91/><D123/><U55/><E27/><N who="2" m="18495" /><F96/><W48/><G100/><T125/><D36/><U50/><E6/><N who="2" m="1359" /><F62/><W31/><G37/><T28/><D28/><U77/><E2/><V30/><F82/><W26/><G26/><T59/><D72/><U17/><E75/><V103/><F103/><W23/><G34/><T52/><D65/><U70/><E70/><V79/><F79/><W24/><G24/><T112/><D125/><U94/><E121/><V47/><F47/><W21/><G21/><T44/><D44/><U90/><E77/><V4/><F30/><W135/><G135/><T134/><D134/><U80/><E122/><V111/><F111/><W95/><G60/><N who="0" m="35943" /><D91/><U128/><E128/><V66/><F66/><W83/><G54/><T81/><D101/><U0/><E0/><V115/><F4/><W113/><G95/><T93/><D93/><U105/><E105/><V11/><F45/><W49/><G49/><T76/><D92/><U56/><E17/><V68/><F51/><W71/><G71/><T114/><D76/><U102/><E102/><V64/><F117/><W78/><REACH who="3" step="1"/><G113/><REACH who="3" ten="317,194,317,162" step="2"/><N who="0" m="43627" /><D20/><U15/><E50/><V61/><F115/><W5/><AGARI ba="1,1" hai="5,8,12,23,25,31,46,48,53,78,83,87,108,109" machi="5" ten="20,5200,0" yaku="1,1,0,1,7,1,53,1" doraHai="106" doraHaiUra="74" who="3" fromWho="3" sc="317,-14,194,-27,317,-14,162,65" /><INIT seed="6,0,0,2,5,83" ten="303,167,303,227" oya="2" hai0="54,1,103,18,58,6,130,59,100,3,43,7,71" hai1="84,70,77,81,68,39,25,61,26,108,17,35,51" hai2="28,72,121,85,5,97,14,94,48,102,19,132,45" hai3="117,109,42,31,122,69,106,46,118,32,110,11,2"/><V127/><F121/><W99/><G69/><T95/><D71/><U134/><E39/><V120/><F120/><W80/><G122/><T62/><D43/><U79/><E108/><N who="3" m="41578" /><G80/><T93/><D130/><U23/><E134/><V38/><F38/><N who="3" m="21847" /><G31/><T37/><D37/><U10/><E77/><V73/><F127/><W16/><G16/><T9/><D18/><U66/><E10/><V116/><F116/><W49/><G32/><T90/><D59/><U20/><E35/><V27/><F5/><N who="3" m="1463" /><G49/><T113/><D95/><U53/><E68/><V88/><F132/><W78/><G78/><T15/><D6/><U67/><E67/><V41/><F27/><W52/><G52/><T104/><D1/><U60/><E66/><V91/><F28/><W114/><G114/><T65/><D113/><U125/><E70/><V75/><REACH who="2" step="1"/><F85/><REACH who="2" ten="303,167,293,227" step="2"/><W56/><G118/><T47/><D7/><U29/><REACH who="1" step="1"/><E125/><REACH who="1" ten="303,157,293,227" step="2"/><V57/><F57/><AGARI ba="0,2" hai="17,20,23,25,26,29,51,53,57,60,61,79,81,84" machi="57" ten="30,8000,1" yaku="1,1,2,1,7,1,8,1,52,1,53,0" doraHai="83" doraHaiUra="40" who="1" fromWho="2" sc="303,0,157,100,293,-80,227,0" /><INIT seed="7,0,0,0,3,48" ten="303,257,213,227" oya="3" hai0="53,26,20,110,112,120,41,94,9,80,32,25,2" hai1="16,62,12,29,87,0,116,107,5,130,82,77,4" hai2="119,78,89,111,10,92,15,134,13,129,122,79,57" hai3="114,123,106,135,64,44,35,27,21,128,61,69,6"/><W133/><G106/><T88/><D120/><U97/><E130/><V49/><F119/><W55/><G123/><T96/><D110/><U43/><E116/><V58/><F122/><W28/><G128/><T65/><D112/><U126/><E0/><V70/><F70/><W118/><G118/><T74/><D32/><U93/><E107/><V67/><F129/><W60/><G114/><T46/><D65/><U85/><E29/><V103/><F111/><W23/><G6/><N who="0" m="1239" /><D53/><U75/><E43/><V54/><F134/><N who="3" m="51211" /><G44/><T91/><D20/><U115/><E115/><V47/><F103/><W18/><G18/><T24/><D24/><U14/><E126/><V7/><F15/><W52/><G60/><T22/><D22/><AGARI ba="0,0" hai="21,22,23,27,28,35,52,55,61,64,69" m="51211" machi="22" ten="30,11600,0" yaku="20,1,52,2,54,1" doraHai="48" who="3" fromWho="0" sc="303,-116,257,0,213,0,227,116" owari="187,-31.0,257,6.0,213,-19.0,343,44.0" /></mjloggm>