<mjloggm ver="2.3"><GO type="97" lobby="0"/><UN n0="%E9%AD%81%21%E3%83%9F%E3%83%83%E3%83%89%E3%83%8A%E3%82%A4%E3%83%88" n1="%E5%B0%B1%E6%B4%BB%E7%94%9F%40%E5%B7%9D%E6%9D%91%E8%BB%8D%E5%9B%A3" n2="%4D%40%53%4F" n3="%E3%81%82%E3%81%A4%E3%81%82%E3%81%A4%E6%B9%AF%E5%A9%86%E5%A9%86" dan="14,14,15,16" rate="1966.04,2000.54,2020.94,1949.23" sx="M,M,M,M"/><TAIKYOKU oya="0"/><INIT seed="0,0,0,2,1,95" ten="250,250,250,250" oya="0" hai0="61,33,71,72,42,135,105,127,43,15,87,20,14" hai1="89,22,94,111,121,104,85,0,119,8,77,13,37" hai2="83,54,32,110,31,101,36,75,76,68,116,130,9" hai3="19,34,60,40,96,10,74,73,120,122,67,123,125"/><T3/><D33/><U57/><E119/><V69/><F116/><W128/><G34/><T93/><D72/><U5/><E121/><V55/><F110/><W118/><G118/><T12/><D105/><U66/><E111/><V106/><F130/><W117/><G117/><T113/><D3/><U70/><E37/><V63/><F36/><W107/><G40/><T47/><D113/><U126/><E104/><V102/><F102/><N who="3" m="62919" /><G128/><T131/><D131/><U53/><E126/><V48/><F9/><W25/><G125/><T84/><D135/><U65/><E77/><V24/><F48/><W79/><G79/><T129/><D129/><U124/><E70/><V1/><F69/><N who="3" m="42215" /><G25/><T90/><D127/><U64/><E124/><V100/><F100/><W88/><G88/><N who="0" m="53383" /><D71/><U91/><E91/><V82/><F82/><W133/><G133/><T51/><D61/><U30/><E0/><V46/><F46/><W103/><G103/><T49/><D49/><U92/><E92/><V62/><F62/><W2/><G19/><N who="0" m="10343" /><D43/><U45/><E66/><N who="2" m="41055" /><F1/><W41/><G41/><T56/><D56/><U38/><E38/><V27/><F27/><W44/><G44/><T11/><D11/><U59/><E45/><V99/><AGARI ba="0,0" hai="24,31,32,54,55,75,76,83,99,101,106" m="41055" machi="99" ten="30,2000,0" yaku="25,1,52,1" doraHai="95" who="2" fromWho="2" sc="250,-10,250,-5,250,20,250,-5" /><INIT seed="1,0,0,2,4,9" ten="240,245,270,245" oya="1" hai0="31,11,20,39,24,13,92,69,126,3,111,130,65" hai1="123,7,40,113,95,70,22,36,112,88,1,74,124" hai2="110,82,6,48,56,83,107,99,80,50,49,21,122" hai3="93,44,32,75,117,46,18,25,129,105,96,89,104"/><U43/><E123/><V120/><F6/><W97/><G75/><T79/><D39/><U14/><E74/><V118/><F118/><W132/><G117/><T35/><D79/><U53/><E70/><V127/><F127/><W114/><G114/><T62/><D111/><U121/><E124/><V108/><F56/><W128/><G132/><T26/><D126/><U12/><E121/><N who="2" m="46699" /><F21/><N who="3" m="13495" /><G32/><T33/><D130/><N who="3" m="50281" /><G96/><T23/><D92/><U119/><E36/><V77/><F77/><W71/><G71/><T131/><D131/><U51/><E1/><V134/><F134/><W0/><G0/><T85/><D85/><N who="1" m="52623" /><E119/><V63/><F63/><W86/><G97/><T37/><D37/><U109/><E109/><N who="2" m="42091" /><F99/><W16/><G16/><T54/><D54/><U34/><E34/><V59/><F59/><W30/><G30/><T52/><D52/><U100/><E113/><V135/><F135/><W66/><G66/><T5/><D3/><U91/><E112/><V61/><F61/><W10/><G10/><T81/><D81/><U19/><E100/><V76/><F76/><W72/><G72/><T116/><D116/><U4/><E91/><V58/><F58/><W15/><G46/><T47/><D47/><N who="1" m="27903" /><E7/><V94/><F94/><W102/><G44/><T84/><D84/><U115/><E115/><V17/><F17/><AGARI ba="0,0" hai="5,11,13,17,20,23,24,26,31,33,35,62,65,69" machi="17" ten="30,2000,0" yaku="7,1,52,1" doraHai="9" who="0" fromWho="2" sc="240,20,245,0,270,-20,245,0" /><INIT seed="2,0,0,1,3,8" ten="260,245,250,245" oya="2" hai0="12,89,112,46,2,32,113,7,11,128,19,108,100" hai1="86,10,3,116,93,96,39,36,58,118,104,68,117" hai2="56,59,64,17,119,14,101,130,75,77,114,55,79" hai3="60,4,70,28,110,82,66,41,49,51,133,33,52"/><V135/><F119/><W126/><G4/><T1/><D100/><U84/><E68/><V48/><F114/><W25/><G110/><T91/><D108/><U57/><E104/><V40/><F135/><W20/><G133/><T105/><D105/><U37/><E3/><V30/><F130/><W65/><G126/><T34/><D46/><U62/><E10/><V88/><F40/><W53/><G66/><T81/><D81/><U115/><E115/><N who="0" m="44105" /><D89/><U120/><E120/><V24/><F101/><W83/><G41/><T124/><D91/><U72/><E72/><V76/><F75/><W69/><G69/><T35/><D128/><U71/><E71/><V94/><F64/><W31/><G31/><T122/><D122/><U127/><E127/><V95/><F59/><W92/><G92/><T132/><D132/><U134/><E134/><V80/><F80/><W27/><G51/><T63/><D63/><U123/><E123/><V61/><F61/><W85/><G85/><T13/><D124/><U0/><E0/><V102/><F102/><W107/><G107/><T111/><D111/><U99/><E93/><V54/><F54/><W15/><G53/><T23/><AGARI ba="0,0" hai="1,2,7,11,12,13,19,23,32,34,35" m="44105" machi="23" ten="40,8000,1" yaku="34,2,52,2" doraHai="8" who="0" fromWho="0" sc="260,80,245,-20,250,-40,245,-20" /><INIT seed="3,0,0,5,3,118" ten="340,225,210,225" oya="3" hai0="119,67,96,18,63,40,62,71,3,0,111,113,87" hai1="28,54,84,75,112,32,76,49,74,70,97,17,44" hai2="12,66,38,109,56,127,8,99,1,34,133,64,95" hai3="92,110,105,72,91,59,90,60,77,128,116,10,25"/><W120/><G105/><T80/><D119/><U36/><E70/><V68/><F38/><W22/><G116/><T135/><D111/><U85/><E36/><V43/><F109/><W134/><G110/><T79/><D135/><U29/><E32/><V114/><F114/><W27/><G134/><T11/><D113/><U21/><E75/><V39/><F133/><W51/><G128/><T132/><D132/><U126/><E74/><V35/><F1/><W102/><G72/><T122/><D122/><U13/><E126/><V41/><F127/><W7/><G77/><T23/><D40/><U88/><E112/><V47/><F43/><W19/><G51/><T98/><D62/><U65/><E65/><V73/><F73/><W20/><G120/><T125/><D125/><U81/><E97/><V6/><F68/><W37/><G37/><T24/><D3/><U82/><AGARI ba="0,0" hai="13,17,21,28,29,44,49,54,76,81,82,84,85,88" machi="82" ten="20,5200,0" yaku="0,1,7,1,8,1,54,1" doraHai="118" who="1" fromWho="1" sc="340,-13,225,52,210,-13,225,-26" owari="327,42.0,277,8.0,197,-30.0,199,-20.0" /></mjloggm>