<mjloggm ver="2.3"><GO type="169" lobby="0"/><UN n0="%E6%A1%9C%E4%BA%95%E3%81%95%E3%82%93" n1="%E3%83%88%E3%83%88%E3%83%AA%E5%85%88%E7%94%9F%31%39%E6%AD%B3" n2="%61%31%33%31%38%34%38" n3="%E3%82%A2%E3%82%AB%E3%82%AE%EF%BC%A0%E5%B7%9D%E6%9D%91%E8%BB%8D%E5%9B%A3" dan="17,18,16,16" rate="2197.84,2168.99,2097.61,2192.34" sx="M,F,M,M"/><TAIKYOKU oya="0"/><INIT seed="0,0,0,0,3,57" ten="250,250,250,250" oya="0" hai0="91,72,102,96,63,22,131,14,27,20,17,117,40" hai1="85,74,109,61,93,133,75,79,129,77,35,126,45" hai2="23,3,12,84,80,31,116,128,39,32,18,36,87" hai3="53,19,130,10,99,115,4,90,5,118,135,105,134"/><T38/><D117/><U112/><E35/><V11/><F116/><W81/><G115/><T71/><D72/><U114/><E45/><V24/><F128/><W65/><G118/><T76/><D76/><U98/><E61/><V21/><F87/><N who="3" m="50543" /><G65/><T16/><D131/><U50/><E50/><V49/><F49/><W107/><G130/><T43/><D38/><U7/><E7/><N who="2" m="1535" /><F23/><W113/><G113/><N who="1" m="43626" /><E129/><V95/><F95/><W66/><G66/><T29/><D29/><U127/><E109/><V6/><F6/><N who="3" m="2667" /><G99/><T26/><D14/><U51/><E51/><V56/><F56/><W30/><G30/><T46/><D46/><U60/><E60/><V100/><F100/><W124/><G53/><T121/><D121/><U111/><E111/><V69/><F69/><W33/><G33/><T78/><D78/><AGARI ba="0,0" hai="12,18,21,24,31,32,36,39,78,80,84" m="1535" machi="78" ten="30,1000,0" yaku="24,1" doraHai="57" who="2" fromWho="0" sc="250,-10,250,0,250,10,250,0" /><INIT seed="1,0,0,0,3,7" ten="240,250,260,250" oya="1" hai0="21,82,106,19,125,26,132,84,50,54,8,41,18" hai1="44,104,112,115,72,117,102,2,62,11,12,87,78" hai2="75,43,14,6,63,9,34,0,99,31,69,22,100" hai3="114,123,13,58,103,16,77,33,47,68,109,37,30"/><U79/><E117/><V52/><F75/><W88/><G68/><T38/><D106/><U120/><E120/><V118/><F118/><W3/><G3/><T124/><D132/><U49/><E2/><V93/><F34/><W74/><G114/><T130/><D130/><U131/><E131/><V35/><F35/><W122/><G103/><T70/><D70/><U81/><E62/><V126/><F126/><W91/><G109/><T10/><D38/><U36/><E36/><V61/><F43/><W85/><G58/><T53/><D19/><U25/><E25/><N who="2" m="16823" /><F0/><W121/><G74/><T46/><D125/><U113/><E102/><V80/><F69/><W20/><G30/><T51/><D124/><U57/><E57/><N who="2" m="34983" /><F63/><W129/><G33/><T128/><D128/><U39/><E39/><V90/><F80/><W135/><G129/><T60/><D60/><U71/><E104/><V95/><F95/><W111/><G111/><T56/><D41/><U105/><E105/><V27/><F27/><W17/><G135/><T5/><D5/><N who="1" m="3183" /><E71/><V4/><F100/><W23/><G37/><T83/><D83/><N who="1" m="47615" /><E115/><V108/><F108/><W67/><G67/><T64/><D64/><U98/><E113/><V96/><F4/><W86/><G122/><T24/><D24/><U89/><E112/><V55/><F55/><W92/><G123/><T40/><D40/><N who="1" m="24711" /><E89/><AGARI ba="0,0" hai="8,10,18,21,26,46,50,51,53,54,56,82,84,89" machi="89" ten="30,7700,0" yaku="7,1,8,1,52,2" doraHai="7" who="0" fromWho="1" sc="240,77,250,-77,260,0,250,0" /><INIT seed="2,0,0,0,5,10" ten="317,173,260,250" oya="2" hai0="113,35,124,62,33,110,1,34,119,16,100,134,108" hai1="36,104,97,91,121,25,76,28,65,22,29,120,70" hai2="107,128,8,18,23,115,7,13,118,102,69,9,64" hai3="43,32,46,12,96,54,56,40,38,11,47,105,101"/><V79/><F115/><W74/><G32/><T88/><D113/><U39/><E29/><V112/><F112/><W92/><G74/><T99/><D1/><U2/><E2/><V81/><F118/><W52/><G105/><T86/><D119/><U14/><E76/><V15/><F128/><W84/><G84/><T106/><D134/><U51/><E51/><V125/><F125/><W135/><G135/><T132/><D132/><U73/><E73/><V67/><F69/><W61/><G61/><T98/><D98/><U133/><E133/><V66/><F107/><W90/><G56/><T89/><D124/><U17/><E65/><V127/><F102/><W0/><G101/><T4/><D4/><U31/><E31/><V77/><F127/><W68/><G68/><T83/><D62/><U72/><E72/><V42/><F42/><W3/><G3/><T48/><D48/><U27/><E27/><N who="2" m="14839" /><F81/><W24/><G24/><T129/><D129/><U130/><E70/><V60/><F60/><W85/><G96/><T50/><D50/><U87/><E97/><V122/><F122/><N who="1" m="47209" /><E104/><V131/><F131/><W19/><G0/><T75/><D75/><U45/><E130/><V5/><AGARI ba="0,0" hai="5,7,8,9,13,15,64,66,67,77,79" m="14839" machi="5" ten="30,6000,0" yaku="8,1,52,2" doraHai="10" who="2" fromWho="2" sc="317,-20,173,-20,260,60,250,-20" /><INIT seed="2,1,0,0,1,130" ten="297,153,320,230" oya="2" hai0="65,89,50,67,127,49,15,4,30,121,74,58,90" hai1="28,52,63,109,81,21,12,5,8,108,62,84,27" hai2="14,66,57,87,70,126,107,53,44,112,85,134,3" hai3="43,61,33,131,31,115,56,10,86,124,6,45,42"/><V0/><F112/><W99/><G115/><T122/><D74/><U26/><E26/><V48/><F126/><W111/><G124/><T96/><D127/><U40/><E40/><V23/><F70/><W97/><G111/><T19/><D4/><U36/><E36/><V76/><F107/><W34/><G131/><T120/><D30/><U51/><E109/><V103/><F103/><W132/><G132/><T71/><D71/><U1/><E1/><V9/><F23/><W102/><G86/><T24/><D24/><U13/><E13/><V104/><F104/><W54/><G43/><T11/><D96/><U7/><E7/><BYE who="1" /><UN n1="%E3%83%88%E3%83%88%E3%83%AA%E5%85%88%E7%94%9F%31%39%E6%AD%B3" /><V117/><F117/><W78/><G78/><T22/><D11/><U88/><E108/><V17/><F134/><W75/><G75/><T106/><D106/><U82/><E82/><V92/><F76/><W38/><G31/><T64/><REACH who="0" step="1"/><D58/><AGARI ba="1,0" hai="5,8,12,21,27,28,51,52,58,62,63,81,84,88" machi="58" ten="30,7700,0" yaku="7,1,8,1,54,2" doraHai="130" who="1" fromWho="0" sc="297,-80,153,80,320,0,230,0" /><INIT seed="3,0,0,2,2,32" ten="217,233,320,230" oya="3" hai0="23,17,69,125,88,33,74,18,54,67,40,59,65" hai1="98,118,119,108,85,25,36,26,91,94,134,29,127" hai2="105,47,73,83,15,77,78,24,10,31,106,86,121" hai3="133,116,38,128,37,68,129,46,75,63,79,41,0"/><W50/><G116/><N who="1" m="44586" /><E36/><N who="3" m="13930" /><G79/><T39/><D74/><U95/><E108/><V1/><F121/><W115/><G75/><T80/><D33/><N who="1" m="20655" /><E26/><V124/><F124/><W70/><G0/><T45/><D125/><U55/><E134/><V111/><F1/><W72/><G72/><T110/><D110/><U16/><E127/><V100/><F111/><W34/><G34/><T109/><D109/><U60/><E60/><V117/><F117/><W113/><G133/><T6/><D6/><U101/><E55/><V122/><F122/><W43/><G43/><T58/><D58/><U123/><E123/><V53/><F100/><W51/><G51/><T84/><D69/><N who="3" m="26729" /><G63/><T82/><D82/><N who="1" m="49591" /><E16/><V49/><F73/><W103/><G103/><T120/><D120/><U44/><E44/><V19/><F78/><W112/><AGARI ba="0,0" hai="41,46,50,112,113,115,128,129" m="26729,13930" machi="112" ten="40,3900,0" yaku="34,2" doraHai="32" who="3" fromWho="3" sc="217,-13,233,-13,320,-13,230,39" /><INIT seed="3,1,0,4,1,78" ten="204,220,307,269" oya="3" hai0="19,1,84,17,5,77,96,44,63,123,131,62,116" hai1="110,29,33,64,16,101,57,41,74,26,80,93,102" hai2="95,109,89,15,3,125,99,128,92,42,50,21,98" hai3="130,7,37,72,113,79,40,90,115,4,121,59,23"/><W94/><G121/><T10/><D116/><U100/><E110/><V58/><F3/><W118/><G118/><T104/><D123/><U107/><E107/><V129/><F109/><W119/><G119/><T85/><D131/><N who="2" m="50250" /><F125/><W47/><G130/><T70/><D44/><U25/><E41/><V43/><F50/><W28/><G59/><T61/><D70/><U82/><E74/><V120/><F58/><W127/><G127/><T112/><D112/><U13/><E93/><V67/><F67/><W30/><G4/><T12/><D1/><U132/><E132/><V20/><F120/><W39/><G7/><T22/><D22/><N who="2" m="8810" /><F15/><W60/><G37/><T11/><D11/><N who="1" m="6207" /><E33/><V45/><F45/><W81/><G60/><T133/><D133/><U111/><E29/><V103/><AGARI ba="1,0" hai="42,43,89,92,95,98,99,103" m="8810,50250" machi="103" ten="30,1100,0" yaku="19,1" doraHai="78" who="2" fromWho="2" sc="204,-4,220,-4,307,14,269,-6" /><INIT seed="4,0,0,2,3,87" ten="200,216,321,263" oya="0" hai0="7,133,20,18,28,72,120,92,40,67,109,66,101" hai1="23,31,50,33,48,11,123,83,13,27,86,88,96" hai2="51,116,90,56,73,55,62,4,64,79,119,85,122" hai3="21,105,61,25,2,84,127,43,24,113,38,114,57"/><T70/><D120/><U93/><E33/><V42/><F122/><W124/><G105/><T60/><D72/><U19/><REACH who="1" step="1"/><E123/><REACH who="1" ten="200,206,321,263" step="2"/><V65/><F116/><W10/><G124/><T82/><D109/><U81/><E81/><V53/><F119/><W29/><G127/><T76/><D133/><U37/><E37/><V46/><F65/><W12/><G38/><T112/><D67/><U134/><E134/><V34/><F34/><W71/><G114/><T107/><D112/><U125/><E125/><V68/><F64/><W54/><G113/><T8/><D107/><U97/><E97/><V16/><F68/><W0/><G71/><T115/><D115/><U6/><E6/><V47/><F4/><W30/><G43/><T75/><D40/><U117/><E117/><V106/><F106/><W41/><G41/><T77/><D77/><AGARI ba="0,1" hai="11,13,19,23,27,31,48,50,77,83,86,88,93,96" machi="77" ten="30,12000,2" yaku="1,1,7,1,8,1,52,1,54,1,53,1" doraHai="87" doraHaiUra="95" who="1" fromWho="0" sc="200,-120,206,130,321,0,263,0" /><INIT seed="5,0,0,3,1,2" ten="80,336,321,263" oya="1" hai0="30,14,74,83,116,11,33,9,41,88,105,104,19" hai1="65,7,91,93,99,89,111,20,10,130,82,18,31" hai2="28,43,55,122,4,53,125,124,24,114,45,120,54" hai3="92,40,132,67,131,107,57,126,103,39,87,49,1"/><U66/><E130/><V119/><F119/><W48/><G107/><T69/><D116/><U25/><E111/><V117/><F117/><W58/><G1/><T72/><D69/><U118/><E118/><V35/><F4/><W127/><G131/><T59/><D41/><U115/><E115/><V102/><F102/><W5/><G132/><T73/><D59/><U77/><E31/><V50/><REACH who="2" step="1"/><F114/><REACH who="2" ten="80,336,311,263" step="2"/><W112/><G5/><T29/><D9/><U133/><E133/><V108/><F108/><W37/><G103/><T128/><D128/><U96/><E7/><V3/><F3/><W63/><G112/><T75/><N who="0" m="18432" /><DORA hai="97" /><T121/><D121/><AGARI ba="0,1" hai="24,28,35,43,45,50,53,54,55,120,121,122,124,125" machi="121" ten="40,1300,0" yaku="1,1,53,0" doraHai="2,97" doraHaiUra="80,64" who="2" fromWho="0" sc="80,-13,336,0,311,23,263,0" /><INIT seed="6,0,0,0,5,54" ten="67,336,334,263" oya="2" hai0="86,67,48,38,71,19,39,1,24,87,73,62,81" hai1="0,91,64,75,109,100,26,121,59,45,89,40,106" hai2="52,134,21,5,14,18,12,85,34,80,83,51,125" hai3="88,96,9,94,68,76,104,66,74,16,108,35,44"/><V30/><F125/><W61/><G108/><T2/><D73/><U78/><E109/><V128/><F134/><W53/><G35/><T122/><D122/><U49/><E0/><V28/><F128/><W130/><G130/><T22/><D1/><U72/><E121/><V69/><F69/><W115/><G104/><T111/><D2/><U6/><E6/><V119/><F119/><W103/><G115/><T112/><D111/><U43/><E43/><V37/><F37/><W117/><G117/><T50/><D112/><U7/><E7/><V101/><F101/><W127/><G127/><T90/><D87/><U15/><E15/><V65/><F65/><W55/><G103/><T131/><D131/><U124/><E124/><V42/><F42/><W99/><G99/><T135/><D135/><U29/><E100/><V123/><F123/><W95/><G95/><T25/><D25/><U116/><E106/><V133/><F133/><W3/><G3/><T36/><D50/><U93/><E116/><V79/><F34/><W126/><G126/><T63/><D48/><U31/><E78/><V57/><F83/><W77/><G74/><T118/><D118/><U33/><E31/><V27/><F27/><W8/><G76/><T113/><D113/><U58/><E89/><V23/><F5/><W46/><G77/><T10/><D10/><N who="3" m="4201" /><G16/><AGARI ba="0,0" hai="12,14,16,18,21,23,28,30,51,52,57,79,80,85" machi="16" ten="40,12000,1" yaku="9,1,8,1,52,1,54,2" doraHai="54" who="2" fromWho="3" sc="67,0,336,0,334,120,263,-120" /><INIT seed="6,1,0,0,5,11" ten="67,336,454,143" oya="2" hai0="36,41,50,100,132,26,122,118,73,104,110,68,121" hai1="74,123,117,63,131,22,127,44,62,133,72,126,94" hai2="89,19,70,47,106,14,105,35,58,29,91,97,116" hai3="55,115,17,18,49,134,64,65,87,6,103,53,42"/><V15/><F116/><W1/><G134/><T2/><RYUUKYOKU type="yao9" ba="1,0" sc="67,0,336,0,454,0,143,0" hai0="2,26,36,41,50,68,73,100,104,110,118,121,122,132" /><INIT seed="6,2,0,2,4,44" ten="67,336,454,143" oya="2" hai0="42,36,92,61,27,119,74,68,102,114,34,39,75" hai1="81,2,28,78,71,118,16,35,40,20,56,11,57" hai2="133,63,45,122,67,93,125,97,110,103,32,82,65" hai3="104,108,112,5,134,22,30,31,131,33,88,105,123"/><V60/><F122/><W100/><G108/><T132/><D114/><U79/><E118/><V8/><F110/><W69/><G69/><T76/><D132/><U1/><E71/><V10/><F125/><W99/><G123/><T70/><D119/><U90/><E90/><V95/><F32/><W94/><G134/><T121/><D121/><U12/><E79/><V59/><F133/><W91/><G33/><T48/><D92/><U87/><E1/><V126/><F126/><W62/><G112/><T0/><D0/><U116/><E116/><V14/><F82/><W64/><G5/><T38/><D102/><U73/><E73/><V13/><F45/><W19/><G131/><T120/><D120/><U26/><REACH who="1" step="1"/><E40/><REACH who="1" ten="67,326,454,143" step="2"/><V49/><F103/><W53/><G91/><T9/><D76/><U25/><E25/><V98/><F59/><N who="3" m="35183" /><G100/><T84/><D84/><U106/><E106/><V3/><F3/><W83/><G105/><T117/><D117/><U115/><E115/><V18/><F18/><W50/><G104/><T17/><D75/><U77/><E77/><V130/><F130/><W24/><G19/><T113/><D74/><U6/><AGARI ba="2,1" hai="2,6,11,12,16,20,26,28,35,56,57,78,81,87" machi="6" ten="30,12000,2" yaku="1,1,0,1,24,2,54,1,53,1" doraHai="44" doraHaiUra="7" who="1" fromWho="1" sc="67,-32,326,136,454,-62,143,-32" /><INIT seed="7,0,0,4,5,52" ten="35,462,392,111" oya="3" hai0="65,77,12,71,89,113,75,35,118,101,6,129,8" hai1="19,38,80,99,58,48,98,25,11,76,73,97,132" hai2="110,69,47,27,64,85,133,10,9,43,54,116,74" hai3="93,16,92,96,14,104,84,5,29,41,94,66,111"/><W45/><G111/><T108/><D118/><U53/><E38/><V122/><F110/><W33/><G66/><T3/><D108/><U131/><E131/><V106/><F116/><W125/><G5/><T50/><D129/><U7/><E132/><V1/><F74/><W0/><G0/><T63/><D113/><U37/><E37/><V15/><F133/><W55/><G125/><T134/><D134/><U67/><E67/><V130/><F130/><W107/><G55/><T91/><D35/><U117/><E117/><V88/><F122/><W103/><G107/><T31/><D31/><U21/><E98/><V78/><F106/><W36/><G29/><T34/><D34/><U135/><E135/><V70/><F54/><W128/><G33/><T121/><D121/><U109/><E109/><V102/><F102/><W28/><G28/><T22/><D101/><U57/><E57/><V60/><F78/><W119/><G119/><T32/><D32/><U72/><E72/><V30/><F1/><AGARI ba="0,0" hai="1,7,11,19,21,25,48,53,58,73,76,80,97,99" machi="1" ten="30,2000,0" yaku="7,1,52,1" doraHai="52" who="1" fromWho="2" sc="35,0,462,20,392,-20,111,0" owari="35,-46.0,482,58.0,372,17.0,111,-29.0" /></mjloggm>