<mjloggm ver="2.3"><GO type="225" lobby="0"/><UN n0="%E3%83%88%E3%83%88%E3%83%AA%E5%85%88%E7%94%9F%31%39%E6%AD%B3" n1="%E5%AE%AE%E5%AD%90" n2="%E7%8E%A9%E5%80%8B%4A%42" n3="%E3%81%82%E3%82%89%E3%81%8F%E3%82%8C" dan="17,16,16,17" rate="2222.43,2072.39,2108.44,2159.50" sx="F,F,M,F"/><TAIKYOKU oya="0"/><INIT seed="0,0,0,1,5,70" ten="250,250,250,250" oya="0" hai0="29,73,74,53,130,46,96,21,40,76,35,132,30" hai1="51,52,4,17,120,85,7,50,135,115,133,103,3" hai2="125,91,134,16,19,13,107,75,128,77,82,28,9" hai3="6,102,63,31,92,116,27,86,112,22,93,43,10"/><T61/><D35/><U97/><E120/><V1/><F1/><W23/><G112/><T94/><D130/><U106/><E115/><V104/><F128/><W131/><G131/><T18/><D132/><N who="1" m="50763" /><E3/><V127/><F28/><W36/><G116/><T45/><D76/><U60/><E85/><V8/><F91/><W65/><G93/><T83/><D83/><U12/><E60/><V79/><F134/><W69/><G86/><T122/><D122/><U37/><E37/><V114/><F114/><W124/><G124/><N who="2" m="47689" /><F79/><W118/><G118/><T33/><D33/><U66/><E66/><V109/><F109/><W119/><G119/><T59/><D73/><U48/><E52/><V38/><F38/><W113/><G113/><T54/><D54/><U88/><E88/><V99/><F99/><W78/><G78/><T42/><D74/><U95/><E95/><V71/><F71/><W129/><G92/><T123/><D123/><U57/><E57/><V98/><F98/><W26/><G129/><T11/><D40/><U56/><E56/><V49/><F49/><W55/><G55/><T34/><D34/><U121/><E121/><V117/><F117/><W110/><G110/><T47/><D42/><U108/><E108/><V72/><F75/><W68/><G68/><T64/><D53/><U84/><E84/><V80/><F80/><W20/><G102/><T111/><D111/><U81/><E81/><V90/><F90/><W5/><G43/><T67/><D67/><U126/><E126/><V32/><F32/><N who="3" m="20599" /><G36/><T44/><D64/><U25/><E25/><V2/><F2/><RYUUKYOKU ba="0,0" sc="250,-15,250,15,250,15,250,-15" hai1="4,7,12,17,48,50,51,97,103,106" hai2="8,9,13,16,19,72,77,82,104,107" /><INIT seed="1,1,0,0,0,6" ten="235,265,265,235" oya="1" hai0="67,127,72,100,31,56,71,1,24,66,33,60,74" hai1="11,133,14,2,40,82,108,102,84,106,105,101,13" hai2="20,9,135,114,69,113,121,48,94,18,88,76,42" hai3="103,34,45,47,95,53,21,5,110,87,30,55,75"/><U124/><E124/><V46/><F135/><W61/><G75/><T32/><D127/><U57/><E133/><V58/><F69/><W78/><G34/><T41/><D33/><U3/><E40/><V38/><F76/><W16/><G110/><T44/><D1/><U15/><E108/><V134/><F134/><W52/><G30/><T111/><D111/><U27/><E27/><V68/><F68/><W79/><G61/><T99/><D56/><U8/><E57/><V115/><F121/><W12/><G5/><T4/><D4/><U128/><E128/><V132/><F132/><W77/><G87/><T28/><D28/><U109/><E109/><V10/><F38/><W80/><G80/><T49/><REACH who="0" step="1"/><D67/><REACH who="0" ten="225,265,265,235" step="2"/><U118/><E118/><V64/><F58/><W117/><REACH who="3" step="1"/><G117/><REACH who="3" ten="225,265,265,225" step="2"/><T123/><D123/><U104/><E2/><V23/><F64/><W25/><G25/><T120/><D120/><U116/><E3/><V130/><F130/><W125/><G125/><T54/><D54/><U86/><E116/><V81/><F81/><W97/><AGARI ba="1,2" hai="12,16,21,45,47,52,53,55,77,78,79,95,97,103" machi="97" ten="40,8000,1" yaku="1,1,0,1,8,1,54,2,53,0" doraHai="6" doraHaiUra="37" who="3" fromWho="3" sc="225,-21,265,-41,265,-21,225,103" /><INIT seed="2,0,0,3,0,93" ten="204,224,244,328" oya="2" hai0="81,47,31,110,107,22,36,4,48,91,41,21,101" hai1="37,104,39,16,15,98,59,78,0,133,120,61,67" hai2="26,29,72,117,99,3,126,128,43,88,60,85,116" hai3="75,56,62,5,50,57,94,103,38,80,109,135,28"/><V69/><F72/><W71/><G38/><T77/><D110/><U108/><E108/><V65/><F3/><W44/><G109/><T23/><D91/><U7/><E78/><V96/><F128/><W52/><G5/><T102/><D31/><U18/><E133/><V100/><F43/><W95/><G135/><T20/><N who="0" m="5120" /><DORA hai="6" /><T64/><D64/><U49/><E120/><V17/><F17/><W58/><G28/><T83/><D83/><U54/><E0/><V105/><F126/><W14/><G14/><T40/><D4/><U24/><E24/><V112/><F112/><W10/><G10/><T45/><REACH who="0" step="1"/><D107/><REACH who="0" ten="194,224,244,328" step="2"/><U129/><E7/><V134/><F134/><W132/><G80/><T33/><D33/><U42/><E67/><V124/><F124/><W130/><G132/><T84/><AGARI ba="0,1" hai="36,40,41,45,47,48,77,81,84,101,102" m="5120" machi="84" ten="40,5200,0" yaku="1,1,0,1,53,1" doraHai="93,6" doraHaiUra="82,32" who="0" fromWho="0" sc="194,62,224,-13,244,-26,328,-13" /><INIT seed="3,0,0,3,1,8" ten="256,211,218,315" oya="3" hai0="53,92,68,49,102,59,111,83,104,89,122,35,116" hai1="67,78,37,125,52,134,97,61,126,55,85,132,2" hai2="6,12,0,47,54,42,66,86,18,135,113,60,110" hai3="26,90,62,1,99,22,87,100,112,39,25,31,40"/><W43/><G112/><T81/><D116/><U107/><E2/><V82/><F113/><W51/><G39/><T57/><D122/><U45/><E107/><V14/><F110/><W56/><G1/><T121/><D68/><N who="1" m="42095" /><E97/><V79/><F135/><N who="1" m="51753" /><E85/><V34/><F34/><W75/><G51/><T74/><D35/><U127/><E78/><V13/><F54/><N who="3" m="34071" /><G75/><T124/><D74/><U24/><E24/><V115/><F115/><W98/><G26/><T16/><D121/><U130/><E130/><V7/><F0/><W15/><G15/><T65/><D111/><U95/><E95/><V109/><F109/><W70/><G70/><T117/><D92/><U84/><E84/><V133/><F133/><W128/><G128/><T105/><D104/><U5/><E5/><V10/><F7/><W108/><G108/><T41/><D105/><U88/><E88/><V94/><F94/><N who="3" m="58455" /><G99/><T72/><D72/><U9/><E9/><V103/><F103/><W48/><G90/><T96/><D89/><U64/><E64/><V63/><F66/><W27/><G27/><T101/><D65/><U11/><E11/><N who="2" m="6495" /><F12/><W32/><G87/><T29/><D101/><U73/><E73/><V80/><F80/><W36/><G32/><T129/><D83/><U71/><E71/><V38/><F86/><W19/><G25/><T76/><D81/><U69/><E69/><V28/><F28/><W77/><G31/><T30/><D29/><U4/><E4/><V106/><F106/><W114/><G114/><T50/><D30/><U120/><E120/><V21/><F21/><W17/><G22/><RYUUKYOKU ba="0,0" sc="256,-15,211,15,218,15,315,-15" hai1="37,45,52,55,125,126,127" hai2="6,10,13,38,42,47,60,63,79,82" owari="241,4.0,226,-27.0,233,-17.0,300,40.0" /></mjloggm>