<mjloggm ver="2.3"><GO type="41" lobby="0"/><UN n0="%E5%B0%B1%E6%B4%BB%E7%94%9F%40%E5%B7%9D%E6%9D%91%E8%BB%8D%E5%9B%A3" n1="%66%75%6C%6C%2D%74%70%21" n2="%E6%A1%83%E3%82%84%E3%82%93" n3="%57%4F%4F%52%49" dan="16,15,15,13" rate="2086.21,1979.45,2025.12,1848.64" sx="M,M,M,F"/><TAIKYOKU oya="0"/><INIT seed="0,0,0,2,0,72" ten="250,250,250,250" oya="0" hai0="108,92,110,44,48,5,8,39,111,129,86,28,82" hai1="74,131,98,102,67,17,24,135,94,30,0,130,7" hai2="1,93,64,55,57,85,26,88,21,59,6,73,42" hai3="96,113,71,11,41,83,119,100,79,35,114,118,95"/><T126/><D39/><U49/><E74/><V33/><F73/><N who="3" m="43503" /><G11/><T109/><D126/><U133/><E67/><V115/><F33/><W27/><G27/><T134/><D134/><N who="1" m="51211" /><E49/><V132/><F132/><W78/><G35/><T9/><D129/><N who="1" m="49163" /><E17/><V70/><F115/><N who="3" m="44043" /><G41/><N who="0" m="24591" /><D28/><U107/><E107/><V127/><F127/><W20/><G20/><T43/><D43/><U90/><E102/><V105/><F105/><N who="3" m="63623" /><G71/><T75/><D5/><U29/><E24/><V61/><F42/><W13/><G13/><T60/><D60/><U123/><E123/><V56/><F6/><W81/><G95/><T103/><N who="0" m="27648" /><DORA hai="84" /><T52/><D75/><AGARI ba="0,0" hai="75,78,81,118,119" m="63623,44043,43503" machi="75" ten="30,8000,1" yaku="23,1,34,2,52,2" doraHai="72,84" who="3" fromWho="0" sc="250,-80,250,0,250,0,250,80" /><INIT seed="1,0,0,5,1,3" ten="170,250,250,330" oya="1" hai0="84,111,110,35,94,107,99,68,11,125,115,82,39" hai1="0,100,121,69,27,97,85,135,20,126,73,62,26" hai2="48,58,113,13,52,112,54,88,30,40,19,2,56" hai3="98,90,86,93,36,57,108,134,42,122,92,21,83"/><U46/><E73/><V24/><F2/><W38/><G122/><T116/><D68/><U45/><E121/><V104/><F104/><W81/><G108/><N who="0" m="41515" /><D39/><U6/><E135/><V33/><F40/><W9/><G134/><T32/><D116/><U49/><E126/><V17/><F88/><N who="3" m="55559" /><G36/><T91/><D115/><N who="2" m="44106" /><F13/><W87/><G38/><T47/><D125/><U118/><E118/><V16/><F19/><W65/><G42/><T7/><D47/><U61/><E0/><V28/><F28/><W37/><G37/><T1/><D107/><U119/><E119/><V31/><F31/><W78/><G21/><T96/><D96/><U131/><E20/><V8/><F8/><W63/><G9/><T102/><AGARI ba="0,0" hai="1,7,11,32,35,82,84,91,94,99,102" m="41515" machi="102" ten="30,2000,0" yaku="14,1,52,1" doraHai="3" who="0" fromWho="0" sc="170,20,250,-10,250,-5,330,-5" /><INIT seed="2,0,0,3,1,105" ten="190,240,245,325" oya="2" hai0="56,126,57,2,115,45,24,46,131,20,68,49,26" hai1="50,83,62,9,123,8,16,58,22,112,108,38,10" hai2="128,87,95,31,99,4,85,78,59,117,98,39,77" hai3="118,48,6,76,43,101,1,75,92,32,84,127,96"/><V135/><F39/><W7/><G118/><T72/><D68/><U51/><E112/><V47/><F117/><W133/><G75/><T44/><D2/><U53/><E38/><V124/><F124/><W89/><G32/><T37/><D37/><U34/><E34/><V5/><F135/><W40/><G1/><T66/><D115/><U80/><E108/><V69/><F69/><W120/><G120/><T35/><D126/><U107/><E107/><V33/><F33/><W125/><G133/><T90/><D131/><U121/><E121/><V13/><F31/><W103/><G125/><T15/><D35/><U70/><E123/><V111/><F128/><W30/><G127/><T3/><D3/><U134/><E134/><V36/><F36/><W73/><G73/><T119/><D72/><U12/><E70/><V54/><F47/><N who="3" m="25703" /><G30/><T25/><D119/><U18/><E18/><V11/><F5/><N who="3" m="1547" /><G43/><T114/><D114/><U17/><E17/><V93/><F111/><W0/><G0/><T19/><D66/><U14/><E14/><V91/><F78/><W104/><G104/><T61/><D61/><U28/><E28/><V23/><F77/><W64/><G64/><T42/><D42/><U109/><E109/><V110/><F110/><W65/><G65/><T102/><D49/><AGARI ba="0,0" hai="8,9,10,12,16,22,49,50,51,53,58,62,80,83" machi="49" ten="40,2600,0" yaku="8,1,54,1" doraHai="105" who="1" fromWho="0" sc="190,-26,240,26,245,0,325,0" /><INIT seed="3,0,0,2,5,74" ten="164,266,245,325" oya="3" hai0="79,6,17,20,134,2,88,47,62,116,48,82,77" hai1="103,13,133,109,128,45,63,122,72,111,80,49,118" hai2="89,40,14,125,93,70,131,50,0,12,110,30,104" hai3="37,4,34,97,18,42,59,99,115,55,32,78,86"/><W54/><G115/><T87/><D116/><U24/><E122/><V108/><F0/><W127/><G127/><T91/><D134/><U94/><E133/><V123/><F104/><W119/><G119/><T101/><D101/><U8/><E128/><V5/><F70/><W92/><G34/><T44/><D44/><U124/><E124/><V95/><F125/><W39/><G32/><T100/><D100/><U27/><E118/><V114/><F114/><W85/><G37/><T33/><D33/><U126/><E63/><V112/><F30/><W15/><G39/><T107/><D107/><U57/><E57/><V69/><F69/><W28/><G42/><N who="0" m="24695" /><D2/><U10/><E94/><V3/><F3/><W65/><G28/><T105/><D105/><U36/><E103/><V90/><F112/><W11/><G4/><T60/><D6/><U113/><E10/><V43/><F5/><W129/><G129/><T106/><D91/><U51/><E36/><V7/><F7/><W35/><G35/><T56/><D106/><U38/><E38/><V61/><F131/><W98/><G92/><T29/><D29/><U117/><E117/><V81/><F123/><W19/><G19/><T83/><D83/><U46/><E80/><V25/><F81/><N who="3" m="47287" /><G86/><T130/><D130/><U121/><E72/><V22/><F95/><W52/><G65/><N who="0" m="39047" /><D62/><AGARI ba="0,0" hai="11,15,18,52,54,55,59,62,97,98,99" m="47287" machi="62" ten="30,5800,0" yaku="8,1,52,1,54,1" doraHai="74" who="3" fromWho="0" sc="164,-58,266,0,245,0,325,58" /><INIT seed="3,1,0,2,5,65" ten="106,266,245,383" oya="3" hai0="74,10,117,123,31,111,38,98,77,37,128,19,9" hai1="71,88,43,121,4,25,125,124,49,63,89,57,82" hai2="1,102,6,22,127,47,32,35,97,52,17,8,119" hai3="46,20,79,87,133,84,76,120,18,51,23,28,99"/><W29/><G120/><T13/><D117/><U85/><E121/><V14/><F119/><W122/><G122/><T40/><D123/><U115/><E115/><V100/><F127/><N who="1" m="48713" /><E4/><V27/><F35/><W12/><G133/><T92/><D128/><U101/><E101/><V16/><F97/><W118/><G118/><T53/><D111/><U67/><E25/><V103/><F17/><W0/><G0/><T26/><D9/><U66/><E66/><V15/><F15/><W30/><G99/><T80/><D40/><U72/><E72/><V50/><F103/><W68/><G68/><T129/><D53/><N who="1" m="31919" /><E43/><V11/><REACH who="2" step="1"/><F11/><REACH who="2" ten="106,266,235,383" step="2"/><W36/><G23/><T130/><D130/><U55/><E55/><V48/><F48/><W69/><G36/><T60/><D60/><U21/><E21/><V2/><F2/><W61/><G61/><T73/><D129/><U5/><E5/><V105/><F105/><W83/><G69/><T134/><D134/><U86/><E71/><V104/><F104/><W44/><G51/><T109/><D109/><U95/><E63/><V90/><F90/><W132/><REACH who="3" step="1"/><G132/><REACH who="3" ten="106,266,235,373" step="2"/><T112/><D112/><U70/><E70/><V110/><F110/><W131/><G131/><T106/><D106/><U96/><E67/><V126/><F126/><W45/><G45/><T108/><D108/><U39/><E39/><V114/><F114/><W116/><G116/><T91/><D38/><U58/><E96/><V7/><F7/><W59/><G59/><AGARI ba="1,2" hai="58,59,82,85,86,88,89,95" m="31919,48713" machi="59" ten="30,2000,0" yaku="18,1,54,1" doraHai="65" who="1" fromWho="3" sc="106,0,266,43,235,0,373,-23" /><INIT seed="4,0,0,0,5,87" ten="106,309,235,350" oya="0" hai0="50,11,37,58,78,112,55,115,127,104,24,32,80" hai1="106,135,56,10,64,118,76,14,73,131,100,63,31" hai2="88,23,35,96,105,79,13,54,53,26,20,98,81" hai3="90,30,27,125,92,102,82,49,121,67,72,117,16"/><T45/><D104/><U17/><E118/><V74/><F35/><W122/><G117/><T94/><D127/><U51/><E131/><V101/><F13/><W69/><G125/><T132/><D132/><U38/><E135/><V110/><F110/><W44/><G102/><T0/><D32/><U18/><E38/><V9/><F9/><W129/><G129/><T52/><D24/><U21/><E31/><V107/><F23/><N who="3" m="13799" /><G30/><T113/><D94/><U57/><E73/><V108/><F107/><W19/><G19/><T33/><D33/><U93/><E106/><V22/><F22/><W12/><G12/><T25/><D25/><N who="1" m="14511" /><E76/><V133/><F133/><W2/><G2/><T47/><D37/><U89/><E100/><V83/><F108/><W29/><G29/><T46/><D11/><U66/><E51/><V28/><F83/><W103/><G103/><T43/><D0/><U128/><E128/><V97/><REACH who="2" step="1"/><F98/><REACH who="2" ten="106,309,225,350" step="2"/><N who="3" m="57623" /><G82/><T77/><D77/><U42/><E10/><V68/><F68/><W91/><G69/><T126/><D126/><U134/><E14/><V59/><F59/><W65/><G72/><N who="0" m="43079" /><D43/><U34/><E42/><V124/><F124/><W71/><G71/><T114/><N who="0" m="28672" /><DORA hai="119" /><T95/><D95/><AGARI ba="0,1" hai="20,26,28,53,54,74,79,81,88,95,96,97,101,105" machi="95" ten="40,5200,0" yaku="1,1,52,1,54,1,53,0" doraHai="87,119" doraHaiUra="6,4" who="2" fromWho="0" sc="106,-52,309,0,225,62,350,0" /><INIT seed="5,0,0,3,5,123" ten="54,309,287,350" oya="1" hai0="9,82,33,44,109,7,106,125,8,61,40,64,57" hai1="25,96,107,63,76,65,12,132,37,10,6,72,87" hai2="126,120,102,134,28,46,101,92,85,90,122,42,83" hai3="89,19,91,80,117,24,23,22,58,77,73,108,99"/><U94/><E132/><V53/><F134/><W68/><G117/><T4/><D33/><U2/><E37/><V84/><F126/><W69/><G108/><T55/><D106/><U20/><E72/><V45/><F122/><W27/><G58/><T56/><D125/><U26/><E107/><V95/><F120/><W133/><G133/><T111/><D82/><U18/><E87/><V48/><F28/><W104/><G89/><T105/><D105/><U113/><E76/><V50/><REACH who="2" step="1"/><F95/><REACH who="2" ten="54,309,277,350" step="2"/><W103/><REACH who="3" step="1"/><G91/><AGARI ba="0,1" hai="42,45,46,48,50,53,83,84,85,90,91,92,101,102" machi="91" ten="30,7700,0" yaku="1,1,2,1,7,1,8,1,53,0" doraHai="123" doraHaiUra="59" who="2" fromWho="3" sc="54,0,309,0,277,87,350,-77" /><INIT seed="6,0,0,4,5,55" ten="54,309,364,273" oya="2" hai0="119,8,118,53,45,52,30,26,69,20,41,121,31" hai1="68,92,22,78,72,50,117,63,125,116,5,81,7" hai2="36,103,66,85,120,114,64,77,105,74,104,51,94" hai3="6,14,70,128,48,43,29,102,89,42,17,33,19"/><V54/><F120/><W4/><G128/><T82/><D69/><U123/><E123/><V16/><F36/><W61/><G102/><T127/><D121/><U80/><E125/><V135/><F135/><W87/><G33/><T133/><D133/><U73/><E50/><V124/><F114/><W101/><G101/><T3/><D127/><U35/><E22/><V132/><F132/><W134/><G134/><T88/><D31/><U2/><E92/><V99/><F105/><W112/><G112/><T111/><D111/><U9/><E7/><N who="3" m="2602" /><G70/><T46/><D8/><U25/><E25/><V86/><F86/><W83/><G29/><T90/><D3/><U12/><E12/><V32/><F32/><W108/><G108/><T131/><D131/><U57/><E35/><V96/><F16/><N who="3" m="6219" /><G14/><T58/><D53/><U59/><E116/><N who="0" m="44585" /><D82/><U56/><E117/><V27/><F27/><W24/><G24/><T95/><D41/><N who="3" m="15369" /><G48/><N who="0" m="30983" /><D90/><U100/><E100/><V47/><F124/><W1/><G1/><T62/><D62/><AGARI ba="0,0" hai="61,62,83,87,89" m="15369,6219,2602" machi="62" ten="30,2000,0" yaku="8,1,54,1" doraHai="55" who="3" fromWho="0" sc="54,-20,309,0,364,0,273,20" /><INIT seed="7,0,0,0,0,54" ten="34,309,364,293" oya="3" hai0="121,78,91,35,44,85,1,4,6,69,26,22,135" hai1="64,92,71,102,84,126,24,74,48,10,115,12,0" hai2="11,88,55,107,73,36,96,110,51,33,2,122,86" hai3="128,134,14,112,108,62,97,17,18,83,70,106,133"/><W37/><G37/><T65/><D78/><U113/><E74/><V63/><F33/><W59/><G70/><T77/><D77/><U132/><E0/><V42/><F73/><W98/><G108/><T125/><D65/><U20/><E132/><N who="3" m="50794" /><G112/><N who="1" m="43082" /><E126/><V3/><F42/><W23/><G128/><T67/><D67/><U123/><E123/><V57/><F36/><W9/><G106/><T15/><D44/><U100/><E48/><V114/><F110/><W118/><G83/><T58/><D58/><U16/><E64/><V39/><F39/><W13/><G118/><T127/><D91/><N who="1" m="53351" /><E71/><V61/><F122/><W101/><G101/><T75/><D85/><U87/><E87/><V117/><F117/><W94/><G94/><T21/><D75/><U124/><E124/><V79/><F79/><W29/><G29/><AGARI ba="0,0" hai="10,12,16,20,24,29,100,102" m="53351,43082" machi="29" ten="30,2000,0" yaku="15,1,54,1" doraHai="54" who="1" fromWho="3" sc="34,0,309,20,364,0,293,-20" owari="34,-47.0,329,13.0,364,47.0,273,-13.0" /></mjloggm>