<mjloggm ver="2.3"><GO type="169" lobby="0"/><UN n0="%62%65%65%73%6F%6E%6F" n1="%79%6F%73%68%69%67%69" n2="%E3%82%A6%E3%83%AB%E3%83%88%E3%83%A9%E7%AB%8B%E7%9B%B4" n3="%E3%83%90%E3%82%A4%E3%82%A2%E3%83%A9%E3%83%B3" dan="16,16,18,18" rate="2138.44,2139.03,2234.03,2184.17" sx="M,M,M,M"/><TAIKYOKU oya="0"/><INIT seed="0,0,0,2,1,57" ten="250,250,250,250" oya="0" hai0="58,125,6,114,7,26,98,75,16,65,59,2,119" hai1="131,126,95,132,110,27,25,32,35,89,105,90,76" hai2="80,113,129,24,118,124,29,70,88,104,56,34,64" hai3="0,53,133,123,23,71,22,38,107,20,61,128,1"/><T36/><D75/><U99/><E105/><V3/><F113/><W130/><G107/><T21/><D36/><U134/><E110/><V79/><F124/><W28/><G38/><T87/><D114/><U117/><E117/><V91/><F129/><N who="3" m="49771" /><G133/><N who="1" m="51306" /><E131/><V14/><F3/><N who="3" m="1099" /><G123/><T43/><D2/><U40/><E126/><V94/><F104/><W84/><G84/><T77/><D119/><U68/><E76/><V83/><F70/><W120/><G120/><T54/><D43/><U18/><E40/><V31/><F31/><W13/><G13/><T52/><D65/><U78/><E78/><V48/><F118/><W135/><G135/><T50/><D98/><U49/><E68/><V101/><F14/><W93/><G93/><T60/><D125/><U96/><E49/><V33/><F33/><N who="1" m="12873" /><E18/><V45/><F79/><W5/><G28/><T127/><D127/><U109/><E109/><V72/><F72/><W39/><G39/><T41/><D41/><U100/><E100/><V122/><F122/><W81/><G5/><T4/><D7/><U92/><AGARI ba="0,0" hai="25,27,89,90,92,95,96,99" m="12873,51306" machi="92" ten="40,1500,0" yaku="20,1" doraHai="57" who="1" fromWho="1" sc="250,-7,250,15,250,-4,250,-4" /><INIT seed="1,0,0,5,1,59" ten="243,265,246,246" oya="1" hai0="38,50,124,135,44,34,119,108,116,98,27,15,87" hai1="121,48,49,89,28,55,122,61,57,72,76,73,31" hai2="10,110,18,36,5,0,26,60,123,53,6,131,104" hai3="69,120,127,13,1,86,103,91,126,20,66,19,51"/><U29/><E89/><V24/><F123/><W32/><G32/><T21/><D38/><U133/><E133/><V71/><F131/><W58/><G1/><T17/><D135/><U79/><E49/><V80/><F110/><W92/><G120/><T64/><D108/><U25/><E25/><V107/><F36/><W105/><G105/><T102/><D124/><U99/><E99/><V14/><F6/><W115/><G103/><T42/><D87/><U84/><E84/><V7/><F7/><W106/><G106/><T77/><D64/><U52/><E76/><V114/><F80/><W88/><G91/><T67/><D67/><U130/><E130/><V63/><F114/><W96/><G96/><T125/><D77/><U3/><E3/><V93/><F93/><W30/><G30/><T85/><D85/><U94/><E94/><V128/><F128/><W23/><G23/><T4/><D125/><U2/><E2/><V40/><F40/><W9/><G9/><T83/><D83/><U46/><REACH who="1" step="1"/><E79/><REACH who="1" ten="243,255,246,246" step="2"/><V112/><F26/><W75/><G127/><T37/><D50/><U35/><E35/><V8/><F24/><W41/><G126/><T100/><D100/><U70/><E70/><V95/><F95/><W117/><G92/><N who="0" m="58695" /><D34/><U45/><E45/><V101/><F101/><W56/><G69/><T16/><D116/><U111/><E111/><V82/><F107/><W74/><G117/><T39/><D119/><U62/><E62/><V134/><F104/><W97/><G97/><T12/><D39/><U22/><E22/><V109/><F134/><W43/><G20/><RYUUKYOKU ba="0,1" sc="243,-10,255,30,246,-10,246,-10" hai1="28,29,31,46,48,52,55,57,61,72,73,121,122" /><INIT seed="1,1,1,5,4,53" ten="233,285,236,236" oya="1" hai0="134,8,30,6,17,19,102,10,15,38,107,70,129" hai1="96,4,104,89,24,84,64,94,61,114,58,49,121" hai2="78,66,63,105,80,5,113,87,2,125,72,112,7" hai3="127,83,135,123,12,73,42,13,39,0,31,74,21"/><U29/><E114/><N who="2" m="44139" /><F105/><W34/><G135/><T60/><D38/><U11/><E121/><V69/><F125/><W44/><G127/><T92/><D107/><U117/><E117/><V130/><F130/><W40/><G40/><T51/><D134/><U57/><E104/><V118/><F118/><W85/><G34/><T98/><D129/><U126/><E126/><V45/><F45/><W122/><G0/><T120/><D120/><U116/><E116/><V124/><F124/><W56/><G12/><N who="0" m="5143" /><D70/><U88/><E49/><V132/><F132/><W108/><G108/><T26/><D30/><U27/><E29/><V75/><F2/><W67/><G73/><AGARI ba="1,1" hai="5,7,63,66,69,72,73,75,78,80,87" m="44139" machi="73" ten="30,1000,0" yaku="11,1" doraHai="53" who="2" fromWho="3" sc="233,0,285,0,236,23,236,-13" /><INIT seed="2,0,0,2,1,133" ten="233,285,259,223" oya="2" hai0="75,8,5,51,61,77,134,114,110,81,98,127,103" hai1="24,111,126,39,0,30,66,45,123,85,91,101,47" hai2="52,33,38,3,23,93,70,89,65,60,15,43,27" hai3="71,79,50,112,42,6,129,96,90,19,36,116,120"/><V106/><F106/><W124/><G71/><T12/><D114/><U104/><E0/><V59/><F3/><W21/><G120/><T73/><D134/><U10/><E10/><V37/><F33/><W56/><G36/><T102/><D110/><U35/><E123/><V48/><F43/><W115/><G6/><T63/><D102/><U20/><E111/><V14/><F14/><W29/><G29/><T16/><D75/><U68/><E39/><V109/><F109/><W100/><G129/><T69/><D69/><U18/><E126/><V11/><F11/><W67/><G124/><T97/><D97/><U94/><E104/><V82/><F82/><W54/><G79/><T49/><D127/><U40/><E101/><V105/><F15/><W57/><G42/><T121/><D121/><U131/><E131/><V95/><F105/><W53/><G67/><T119/><D119/><U108/><E108/><V31/><REACH who="2" step="1"/><F95/><REACH who="2" ten="233,285,249,223" step="2"/><W132/><G132/><T58/><D5/><U17/><E40/><V34/><F34/><W125/><G125/><T44/><D44/><U26/><E18/><V64/><F64/><W92/><G115/><T80/><D81/><U62/><AGARI ba="0,1" hai="17,20,24,26,30,35,45,47,62,66,68,85,91,94" machi="62" ten="30,1100,0" yaku="0,1" doraHai="133" who="1" fromWho="1" sc="233,-3,285,21,249,-5,223,-3" /><INIT seed="3,0,0,3,0,15" ten="230,306,244,220" oya="3" hai0="39,78,48,28,4,43,73,14,40,84,88,85,127" hai1="112,66,42,135,7,50,1,110,102,126,101,6,123" hai2="80,130,103,74,41,81,12,54,113,26,115,68,86" hai3="29,79,124,63,93,121,24,119,45,92,76,96,9"/><W25/><G124/><T34/><D73/><U33/><E123/><V95/><F68/><W11/><G121/><T37/><D34/><U69/><E112/><V49/><F130/><W114/><G45/><N who="0" m="25639" /><D39/><U47/><E33/><V2/><F2/><W120/><G120/><T77/><D37/><U22/><E110/><V64/><F64/><W65/><G114/><T46/><D28/><U131/><E126/><V128/><F128/><W52/><G119/><T5/><D127/><U89/><E131/><V117/><F41/><W61/><G65/><T82/><D43/><U0/><E135/><V8/><F117/><W100/><G29/><T53/><D85/><U56/><E69/><V70/><F26/><W67/><G67/><T116/><D116/><U19/><E89/><V58/><F70/><W18/><G100/><N who="1" m="38506" /><E1/><V59/><F74/><W111/><G96/><T21/><D5/><U72/><E72/><V108/><F108/><W55/><REACH who="3" step="1"/><G111/><REACH who="3" ten="230,306,244,210" step="2"/><T107/><D107/><U75/><E66/><V20/><F103/><W94/><G94/><T125/><D125/><U122/><E122/><V129/><F95/><W118/><G118/><T97/><D97/><U133/><E0/><V27/><F129/><W3/><G3/><T51/><D4/><U16/><E7/><N who="2" m="3103" /><F115/><W31/><G31/><T23/><D23/><U109/><E6/><V134/><F113/><W90/><G90/><T87/><D87/><U62/><E109/><V44/><F134/><W105/><G105/><T71/><D71/><U30/><E133/><V132/><F132/><W57/><G57/><N who="2" m="21513" /><F86/><W36/><G36/><RYUUKYOKU ba="0,1" sc="230,10,306,-30,244,10,210,10" hai0="14,21,46,51,53,77,78,82,84,88" hai2="20,27,44,49,54,80,81" hai3="9,11,18,24,25,52,55,61,63,76,79,92,93" /><INIT seed="3,1,1,2,1,72" ten="240,276,254,220" oya="3" hai0="8,86,102,33,111,54,110,14,40,55,16,123,103" hai1="90,62,75,51,66,117,88,131,25,7,19,46,101" hai2="105,65,98,49,43,70,47,124,15,126,99,17,109" hai3="106,36,79,118,116,69,5,121,42,52,119,39,50"/><W115/><G106/><T100/><D33/><U78/><E7/><V112/><F112/><W44/><G5/><T34/><D34/><U35/><E101/><V95/><F105/><W9/><G9/><T73/><D73/><U13/><E35/><V76/><F109/><N who="0" m="41482" /><D123/><U74/><E25/><V89/><F99/><W24/><G24/><T84/><D40/><U29/><E29/><V114/><F114/><W133/><G115/><T91/><D86/><U4/><E4/><V12/><F65/><W80/><G121/><T64/><D64/><U23/><E131/><V134/><F70/><W107/><G107/><T82/><AGARI ba="1,1" hai="8,14,16,54,55,82,84,91,100,102,103" m="41482" machi="82" ten="30,2000,0" yaku="14,1,54,1" doraHai="72" who="0" fromWho="0" sc="240,33,276,-6,254,-6,220,-11" /><INIT seed="4,0,0,5,3,8" ten="273,270,248,209" oya="0" hai0="53,75,90,4,79,116,111,83,35,91,2,94,71" hai1="64,42,127,69,85,106,130,121,126,50,62,100,36" hai2="30,19,95,80,129,26,99,78,96,133,87,18,118" hai3="52,9,102,86,109,7,117,40,14,135,122,27,72"/><T29/><D116/><U48/><E121/><V39/><F129/><W6/><G109/><T3/><D71/><U110/><E110/><V47/><F133/><W28/><G72/><T5/><D111/><U113/><E106/><V132/><F132/><W120/><G135/><T46/><D3/><U54/><E100/><V84/><F118/><W112/><G40/><T33/><D2/><U89/><E130/><V134/><F134/><W41/><G41/><T63/><D35/><U34/><E34/><V22/><F39/><W93/><G117/><T56/><D33/><U77/><E77/><V76/><F47/><W61/><G112/><T25/><D25/><U0/><E0/><V57/><F57/><N who="3" m="34983" /><G27/><T44/><D29/><U32/><E32/><V49/><F49/><W125/><G28/><T97/><D44/><N who="1" m="23623" /><E113/><V131/><F131/><W43/><G43/><T67/><D46/><U74/><E74/><V24/><F24/><W92/><G6/><T16/><D67/><U38/><E38/><V1/><F1/><W104/><G86/><T68/><D68/><U11/><E11/><V55/><F55/><W13/><G13/><T58/><D56/><N who="1" m="32855" /><E48/><V108/><F108/><W37/><G37/><T31/><D31/><U70/><E70/><V114/><F114/><W82/><G122/><T15/><D91/><U12/><E12/><V107/><F107/><W60/><G104/><T65/><D65/><U128/><E128/><V20/><F30/><W115/><G115/><T59/><D59/><U98/><E98/><V51/><F99/><W119/><G119/><T10/><AGARI ba="0,0" hai="4,5,10,15,16,53,58,63,75,79,83,90,94,97" machi="10" ten="20,12000,1" yaku="5,1,0,1,7,1,52,1,54,1" doraHai="8" who="0" fromWho="0" sc="273,120,270,-40,248,-40,209,-40" /><INIT seed="4,1,0,1,5,17" ten="393,230,208,169" oya="0" hai0="66,85,31,3,100,28,63,25,0,56,82,40,61" hai1="47,75,21,14,77,107,29,120,44,90,30,105,50" hai2="38,76,110,127,134,111,135,19,71,7,32,51,69" hai3="124,88,8,129,42,102,99,36,9,49,84,5,92"/><T79/><D100/><U91/><E120/><V33/><F19/><W54/><G129/><T62/><D31/><U106/><E77/><V131/><F7/><W23/><G124/><T41/><D3/><U26/><E75/><V109/><F51/><W94/><G36/><T16/><D0/><U89/><E29/><V123/><F76/><W22/><G42/><T53/><D62/><U72/><E72/><V52/><F52/><W37/><G37/><T70/><D16/><U27/><E27/><V118/><F38/><W80/><G80/><T116/><D116/><U58/><REACH who="1" step="1"/><E14/><REACH who="1" ten="393,220,208,169" step="2"/><V59/><F123/><W93/><G93/><T11/><D11/><N who="3" m="4169" /><G5/><T73/><D73/><U65/><E65/><V108/><F108/><W95/><G95/><T45/><D25/><U103/><E103/><V132/><F118/><W1/><G1/><T122/><D28/><U81/><E81/><V133/><F133/><W101/><G101/><T126/><D122/><U13/><E13/><V130/><F127/><W68/><G68/><T2/><D126/><U104/><N who="1" m="26624" /><DORA hai="128" /><U115/><E115/><V46/><F46/><AGARI ba="1,1" hai="22,23,46,49,54,84,88,92,94,99,102" m="4169" machi="46" ten="30,7700,0" yaku="8,1,52,2,54,1" doraHai="17,128" who="3" fromWho="2" sc="393,0,220,0,208,-80,169,90" /><INIT seed="5,0,0,1,0,110" ten="393,220,128,259" oya="1" hai0="129,51,109,49,94,2,101,89,114,15,44,17,125" hai1="22,123,85,37,52,124,53,98,65,104,105,8,29" hai2="1,112,6,93,3,7,83,103,27,81,88,60,18" hai3="95,78,77,127,55,41,121,0,48,43,82,108,14"/><U42/><E123/><V12/><F103/><W67/><G127/><T19/><D2/><U132/><E124/><V126/><F126/><W24/><G0/><T34/><D34/><U100/><E132/><V45/><F27/><W47/><G108/><T74/><D74/><U120/><E120/><V134/><F134/><W63/><G121/><T58/><D101/><U20/><E105/><V35/><F35/><W79/><G24/><T46/><D58/><U11/><E65/><V133/><F133/><W75/><G95/><T66/><D66/><U31/><E85/><V87/><F60/><W70/><G14/><T25/><D25/><U106/><E100/><V10/><F45/><W38/><G41/><T21/><D19/><U72/><E98/><V59/><F59/><AGARI ba="0,0" hai="38,43,47,48,55,59,63,67,70,75,77,78,79,82" machi="59" ten="30,3900,0" yaku="7,1,24,2" doraHai="110" who="3" fromWho="2" sc="393,0,220,0,128,-39,259,39" /><INIT seed="6,0,0,5,2,116" ten="393,220,89,298" oya="2" hai0="128,74,44,34,115,88,120,106,4,133,71,30,55" hai1="57,38,91,65,100,29,89,110,103,46,85,127,15" hai2="37,130,66,134,108,24,20,122,54,43,119,59,111" hai3="107,13,131,81,63,77,21,118,47,26,8,27,25"/><V17/><F119/><W36/><G107/><T101/><D4/><U121/><E110/><N who="2" m="42027" /><F130/><W105/><G105/><T80/><D88/><U94/><E29/><V18/><F66/><W92/><G131/><T14/><D80/><N who="1" m="49319" /><E38/><V132/><F43/><W99/><G36/><T12/><D55/><U79/><E46/><V84/><F37/><W67/><G47/><T50/><D14/><U28/><E28/><N who="2" m="17415" /><F84/><N who="3" m="48175" /><G118/><T123/><D50/><U117/><E117/><V16/><F122/><W56/><G21/><T90/><D44/><U113/><E113/><V32/><F32/><W64/><G64/><T135/><D34/><U9/><E127/><V48/><AGARI ba="0,0" hai="16,17,18,48,54,59,132,134" m="17415,42027" machi="48" ten="40,3900,0" yaku="10,1,54,1" doraHai="116" who="2" fromWho="2" sc="393,-13,220,-13,89,39,298,-13" /><INIT seed="6,1,0,3,1,37" ten="380,207,128,285" oya="2" hai0="130,67,83,107,32,75,92,7,44,62,28,23,118" hai1="18,94,117,50,20,102,93,38,78,91,127,8,71" hai2="46,21,31,12,25,95,114,97,30,57,51,73,59" hai3="11,87,22,112,90,13,68,82,69,84,35,10,134"/><V47/><F114/><W33/><G22/><T61/><D32/><U108/><E117/><V125/><F73/><W60/><G134/><T0/><D107/><U109/><E38/><V88/><F125/><W131/><G131/><T65/><D7/><U122/><E71/><V15/><F31/><W124/><G60/><T126/><D0/><U116/><E116/><V58/><REACH who="2" step="1"/><F47/><REACH who="2" ten="380,207,118,285" step="2"/><W128/><G124/><T14/><D44/><U5/><E127/><V132/><F132/><W1/><G112/><T54/><D28/><U80/><E109/><V63/><F63/><W115/><G115/><T16/><D62/><U27/><E108/><V123/><F123/><W64/><G128/><T26/><D61/><U40/><E122/><V53/><AGARI ba="1,1" hai="12,15,21,25,30,46,51,53,57,58,59,88,95,97" machi="53" ten="30,11700,0" yaku="1,1,0,1,8,1,54,1,53,0" doraHai="37" doraHaiUra="105" who="2" fromWho="2" sc="380,-40,207,-40,118,130,285,-40" /><INIT seed="6,2,0,4,0,73" ten="340,167,248,245" oya="2" hai0="94,121,44,69,133,4,14,100,124,72,15,79,42" hai1="98,43,68,77,128,48,57,38,99,123,65,80,33" hai2="24,122,5,97,25,125,21,92,127,12,89,47,66" hai3="50,61,26,83,105,1,6,11,71,87,115,32,54"/><V51/><F122/><W106/><G115/><T40/><D69/><U84/><E33/><V134/><F66/><W27/><G61/><T103/><D121/><U28/><E128/><V56/><F56/><W16/><G71/><T22/><D124/><N who="2" m="47690" /><F134/><W13/><G32/><T120/><D133/><U7/><E123/><V129/><F129/><W74/><G74/><T49/><D120/><U39/><E28/><V34/><F34/><W18/><G106/><T131/><D42/><U17/><E17/><N who="3" m="6762" /><G1/><T95/><D22/><U118/><E118/><V35/><F35/><W82/><G105/><T55/><D40/><U9/><E68/><V29/><F25/><N who="3" m="9227" /><G87/><T91/><D72/><U86/><E86/><V135/><F135/><W63/><G63/><T111/><D131/><U19/><E19/><V104/><F104/><W70/><G70/><T101/><D14/><N who="1" m="5439" /><E39/><V59/><F12/><W116/><G116/><T62/><D15/><U102/><E38/><V41/><F59/><AGARI ba="2,0" hai="6,11,13,50,54,59,82,83" m="9227,6762" machi="59" ten="30,2000,0" yaku="8,1,54,1" doraHai="73" who="3" fromWho="2" sc="340,0,167,0,248,-26,245,26" /><INIT seed="7,0,0,4,0,13" ten="340,167,222,271" oya="3" hai0="91,79,125,67,112,49,129,9,19,122,128,44,120" hai1="75,59,123,2,35,124,50,133,8,15,61,28,106" hai2="37,95,43,52,31,57,121,73,71,81,134,16,77" hai3="83,87,74,118,47,78,34,54,99,20,30,0,103"/><W130/><G0/><T108/><D108/><U14/><E123/><V110/><F71/><W26/><G130/><N who="0" m="50283" /><D79/><U40/><E106/><V60/><F110/><W85/><G118/><T88/><D67/><U65/><E75/><V119/><F31/><W38/><G34/><T80/><D125/><U116/><E124/><V7/><F95/><W25/><G25/><T27/><D112/><U24/><E116/><V70/><F70/><W32/><G32/><T23/><D9/><U66/><E133/><V104/><F104/><W53/><G38/><T100/><D100/><U109/><E109/><V48/><F48/><W69/><G69/><T62/><D62/><U68/><E2/><V56/><F56/><W42/><G42/><N who="0" m="24727" /><D80/><U58/><E15/><V17/><F119/><W21/><G47/><T6/><D6/><U51/><E66/><V82/><F82/><W115/><G78/><T72/><D72/><U92/><E68/><V94/><F94/><W105/><G83/><T113/><D113/><U131/><E131/><V4/><F134/><W97/><G74/><T93/><D88/><U46/><E58/><V5/><REACH who="2" step="1"/><F121/><REACH who="2" ten="340,167,212,271" step="2"/><W29/><G105/><T102/><D102/><U111/><E111/><V107/><F107/><W126/><G103/><T36/><D36/><U41/><E92/><V90/><F90/><W98/><G126/><T86/><AGARI ba="0,1" hai="19,23,27,86,91,93,120,122" m="24727,50283" machi="86" ten="30,2000,0" yaku="19,1,52,1" doraHai="13" who="0" fromWho="0" sc="340,30,167,-5,212,-5,271,-10" owari="370,47.0,162,-34.0,207,-19.0,261,6.0" /></mjloggm>