<mjloggm ver="2.3"><GO type="41" lobby="0"/><UN n0="%E3%81%BE%E3%81%95%E3%81%A9%E3%82%93%E9%87%8F%E7%94%A3%E5%9E%8B" n1="%73%65%62%61%6E%6E%33%32" n2="%61%79%61%6D%61%64%61" n3="%E5%B0%B1%E6%B4%BB%E7%94%9F%40%E5%B7%9D%E6%9D%91%E8%BB%8D%E5%9B%A3" dan="13,14,13,15" rate="1861.70,1954.90,1903.93,2047.14" sx="M,M,M,M"/><TAIKYOKU oya="0"/><INIT seed="0,0,0,3,0,26" ten="250,250,250,250" oya="0" hai0="9,126,113,110,48,66,86,122,108,44,63,49,39" hai1="28,124,74,62,55,22,131,77,89,132,125,72,82" hai2="65,120,16,119,24,8,33,54,81,1,83,19,67" hai3="96,85,15,87,5,37,107,14,105,61,7,92,115"/><T117/><D122/><U121/><E121/><V10/><F120/><W38/><G92/><T130/><D117/><U32/><E32/><V68/><F119/><W111/><G111/><N who="0" m="42539" /><D113/><U40/><E40/><V0/><F54/><W23/><G23/><T123/><D123/><U71/><E131/><V60/><F24/><W80/><G80/><T98/><D130/><U78/><E132/><V79/><F33/><W46/><G46/><T64/><D126/><U4/><E4/><V47/><F47/><W56/><G56/><T134/><D134/><U42/><E42/><V90/><F90/><W57/><G57/><T112/><D112/><U35/><E35/><V70/><REACH who="2" step="1"/><F79/><REACH who="2" ten="250,250,240,250" step="2"/><W51/><G115/><T100/><D44/><U118/><E89/><V104/><F104/><W29/><G29/><T58/><D64/><U127/><E78/><V73/><F73/><W21/><G105/><T59/><D66/><U75/><E77/><V12/><F12/><W88/><G107/><T129/><D129/><U135/><E74/><V34/><F34/><W11/><G15/><T2/><D2/><U18/><E75/><V101/><F101/><W17/><G14/><T91/><D100/><U3/><E72/><V114/><F114/><W27/><G88/><T31/><D91/><U97/><E125/><V128/><F128/><W13/><G13/><T41/><D41/><U103/><E103/><V133/><F133/><W20/><G11/><T109/><D109/><U116/><E127/><V95/><F95/><W25/><G37/><T76/><D76/><U6/><E124/><V94/><F94/><RYUUKYOKU ba="0,1" sc="250,-10,250,-10,240,30,250,-10" hai2="0,1,8,10,16,19,60,65,67,68,70,81,83" /><INIT seed="1,1,1,3,0,99" ten="240,240,270,240" oya="1" hai0="125,73,93,88,79,28,14,9,92,49,116,134,126" hai1="112,86,37,46,62,20,71,129,131,68,6,3,133" hai2="107,36,53,42,101,24,109,127,32,85,84,61,43" hai3="104,8,55,90,12,128,31,117,15,82,18,1,132"/><U95/><E112/><V98/><F109/><W56/><G117/><T41/><D116/><U44/><E133/><V2/><F127/><N who="0" m="48650" /><D134/><U69/><E62/><V87/><F36/><W34/><G104/><T91/><D28/><U22/><E37/><V16/><F2/><W81/><G1/><T113/><D113/><U39/><E39/><V83/><F83/><W100/><G128/><N who="1" m="49226" /><E6/><V59/><F32/><W78/><G132/><T80/><D41/><U111/><E3/><V63/><F63/><W75/><G15/><T96/><D49/><U77/><E111/><V120/><F120/><W108/><G108/><T30/><D30/><U29/><E29/><V52/><F53/><W35/><G31/><T72/><D72/><U102/><E77/><V27/><F27/><W47/><G47/><N who="1" m="17962" /><E86/><V38/><REACH who="2" step="1"/><F38/><REACH who="2" ten="240,240,260,240" step="2"/><W74/><G82/><T122/><D122/><U103/><E95/><N who="0" m="36425" /><D96/><U48/><E48/><V89/><F89/><W124/><G90/><T123/><D123/><U25/><E25/><V45/><F45/><W13/><G124/><T118/><D118/><U105/><E105/><V121/><F121/><W58/><G35/><T26/><D26/><U94/><E94/><V57/><F57/><W50/><G34/><T60/><D60/><U114/><E114/><V11/><F11/><W76/><G58/><T65/><D65/><U115/><E115/><V17/><F17/><AGARI ba="1,2" hai="9,14,17,73,79,80,88,91" m="36425,48650" machi="17" ten="30,2000,0" yaku="18,1,54,1" doraHai="99" who="0" fromWho="2" sc="240,43,240,0,260,-23,240,0" /><INIT seed="2,0,0,1,3,34" ten="283,240,237,240" oya="2" hai0="130,27,106,11,74,5,17,78,51,13,81,10,99" hai1="29,125,38,36,55,44,12,89,2,66,132,33,42" hai2="57,54,30,87,39,96,104,62,120,134,45,14,61" hai3="128,47,115,15,127,109,92,58,4,28,22,19,7"/><V35/><F120/><W72/><G72/><T80/><D130/><U70/><E125/><V117/><F134/><W108/><G28/><T32/><D51/><U85/><E132/><V82/><F117/><W76/><G76/><T41/><D41/><U64/><E36/><V90/><F30/><W94/><G115/><T133/><D133/><U123/><E123/><V84/><F35/><W40/><G127/><T48/><D48/><U73/><E73/><V37/><F37/><W20/><G58/><T52/><D80/><U46/><E70/><V98/><F104/><W23/><G128/><T112/><D112/><U91/><E91/><V65/><F39/><W114/><G114/><T71/><D71/><U75/><E75/><V43/><F43/><W105/><G105/><T131/><D106/><U100/><E100/><V68/><F45/><W102/><G7/><T1/><D99/><U95/><E12/><V56/><F68/><W118/><G4/><T26/><D131/><U107/><E107/><V121/><F121/><W25/><G118/><T101/><D101/><U124/><E124/><V50/><F50/><W6/><G6/><T77/><D32/><U63/><E33/><V93/><F14/><W135/><G135/><T49/><REACH who="0" step="1"/><D77/><AGARI ba="0,0" hai="54,56,57,61,62,65,77,82,84,87,90,93,96,98" machi="77" ten="30,2900,0" yaku="7,1,8,1" doraHai="34" who="2" fromWho="0" sc="283,-29,240,0,237,29,240,0" /><INIT seed="2,1,0,4,2,90" ten="254,240,266,240" oya="2" hai0="94,86,97,131,129,52,128,14,133,81,108,33,99" hai1="76,127,65,107,40,59,16,120,24,61,75,3,63" hai2="60,22,130,36,115,83,103,85,73,68,67,53,56" hai3="74,17,109,43,11,82,58,30,116,132,41,2,96"/><V135/><F115/><W45/><G116/><T13/><D33/><U37/><E127/><V38/><F130/><W8/><G132/><T1/><D1/><U105/><E120/><V42/><F135/><W62/><G109/><T84/><D133/><U27/><E3/><V80/><F73/><W93/><G30/><T19/><D108/><U35/><E37/><V87/><F103/><W104/><G104/><T28/><D28/><U46/><E75/><V57/><F57/><W101/><G2/><T12/><D19/><U31/><E76/><V113/><F113/><W6/><G6/><T25/><D25/><U71/><E40/><V39/><F22/><W92/><G17/><T34/><D34/><U10/><E46/><V117/><F117/><W125/><G125/><T47/><D97/><U7/><E7/><V32/><F32/><W98/><G82/><T72/><D72/><U122/><E122/><V44/><F85/><W102/><G74/><T95/><D99/><U79/><E79/><V50/><REACH who="2" step="1"/><F83/><REACH who="2" ten="254,240,256,240" step="2"/><W126/><G126/><T51/><D84/><U9/><E35/><V54/><F54/><W77/><G77/><AGARI ba="1,1" hai="12,13,14,47,51,52,77,81,86,94,95,128,129,131" machi="77" ten="50,8000,1" yaku="19,1,52,2,54,1" doraHai="90" who="0" fromWho="3" sc="254,93,240,0,256,0,240,-83" /><AGARI ba="1,0" hai="36,38,39,42,44,50,53,56,60,67,68,77,80,87" machi="77" ten="30,11600,0" yaku="1,1,7,1,24,2,53,0" doraHai="90" doraHaiUra="114" who="2" fromWho="3" sc="347,0,240,0,256,116,157,-116" /><INIT seed="2,2,0,1,0,125" ten="347,240,372,41" oya="2" hai0="74,121,6,77,53,2,50,37,57,119,134,7,63" hai1="23,15,39,79,12,115,66,127,4,41,124,71,135" hai2="44,33,83,88,92,32,61,40,20,106,87,86,78" hai3="100,109,126,72,16,11,133,110,95,36,123,70,13"/><V104/><F104/><W10/><G70/><T30/><D121/><U102/><E115/><V35/><F106/><W107/><G107/><T116/><D37/><U52/><E102/><V58/><F20/><W59/><G72/><T80/><D134/><U8/><E79/><V128/><F32/><W56/><G36/><T27/><D63/><U84/><E135/><V108/><F108/><N who="3" m="41579" /><G123/><T43/><D43/><U120/><E120/><V24/><F24/><W93/><G133/><T129/><D2/><U5/><E84/><V64/><REACH who="2" step="1"/><F128/><REACH who="2" ten="347,240,362,41" step="2"/><W31/><G126/><T54/><D129/><U97/><E23/><V21/><F21/><W111/><G31/><T113/><D113/><U122/><E127/><V60/><F60/><W89/><N who="3" m="41587" /><W75/><DORA hai="9" /><G75/><T112/><D112/><U131/><E124/><V1/><F1/><W25/><G25/><T73/><D73/><U19/><E131/><V90/><F90/><W101/><G10/><T99/><D30/><U26/><E26/><V65/><F65/><W47/><G101/><T98/><D27/><U91/><E91/><V67/><F67/><W76/><G76/><T82/><D77/><U45/><E8/><V34/><F34/><W55/><G100/><T3/><D74/><U42/><E66/><V62/><F62/><W81/><G81/><T103/><D103/><U38/><E12/><V118/><F118/><W14/><G14/><T22/><D3/><U51/><E15/><V130/><F130/><W114/><G114/><T85/><D80/><U94/><E94/><N who="3" m="35850" /><G89/><N who="0" m="51383" /><D119/><U68/><E68/><V69/><F69/><RYUUKYOKU ba="2,1" sc="347,-15,240,-15,362,15,41,15" hai2="33,35,40,44,58,61,64,78,83,86,87,88,92" hai3="11,13,16,47,55,56,59" /><INIT seed="2,3,1,1,0,97" ten="332,225,377,56" oya="2" hai0="6,47,61,100,106,36,3,72,32,11,112,66,87" hai1="70,104,56,65,14,20,113,78,89,24,1,126,92" hai2="80,29,127,133,26,44,110,34,48,38,79,74,21" hai3="75,52,64,27,12,81,121,4,62,35,0,86,107"/><V135/><F127/><W37/><G121/><T15/><D87/><U108/><E108/><V45/><F110/><W7/><G37/><T99/><D112/><U40/><E1/><V122/><F122/><W101/><G75/><T68/><D15/><U58/><E126/><V8/><F8/><W73/><G73/><T69/><D72/><U41/><E113/><V42/><F21/><W9/><G0/><T16/><D16/><U77/><E104/><V46/><F46/><W115/><G115/><T76/><D76/><U30/><E70/><V54/><AGARI ba="3,1" hai="26,29,34,38,42,44,45,48,54,74,79,80,133,135" machi="54" ten="30,1500,0" yaku="0,1" doraHai="97" who="2" fromWho="2" sc="332,-8,225,-8,377,34,56,-8" /><INIT seed="2,4,0,2,4,18" ten="324,217,411,48" oya="2" hai0="70,128,32,100,125,130,127,25,13,91,123,61,93" hai1="71,103,47,20,38,24,78,15,107,59,119,41,56" hai2="55,105,69,89,37,46,34,7,50,99,108,79,87" hai3="60,135,22,90,81,26,85,97,45,40,106,11,57"/><V9/><F69/><W83/><G135/><T1/><D123/><U19/><E119/><V65/><F65/><W112/><G112/><T28/><D1/><U29/><E71/><V115/><F115/><W114/><G114/><T5/><D100/><U120/><E120/><V94/><F34/><W48/><G106/><T73/><D73/><U68/><E68/><V102/><F37/><W66/><G97/><T126/><D5/><U49/><E38/><V35/><F35/><W76/><G11/><T12/><D61/><U51/><E51/><V14/><F108/><W62/><G62/><T98/><REACH who="0" step="1"/><D70/><REACH who="0" ten="314,217,411,48" step="2"/><U52/><E103/><V84/><F79/><W58/><G58/><T72/><D72/><U111/><E78/><V101/><F101/><W67/><G67/><T10/><D10/><U4/><E4/><V113/><F113/><W31/><REACH who="3" step="1"/><G76/><REACH who="3" ten="314,217,411,38" step="2"/><T43/><D43/><U17/><E41/><V21/><F105/><W33/><G33/><T86/><D86/><U16/><E107/><V77/><F77/><W109/><G109/><T134/><D134/><U104/><E104/><V36/><F102/><W8/><G8/><T0/><D0/><U64/><E111/><V95/><F84/><W88/><G88/><T118/><D118/><U2/><E2/><V124/><F87/><W74/><G74/><T121/><D121/><U3/><E3/><V27/><F89/><W82/><AGARI ba="4,2" hai="22,26,31,40,45,48,57,60,66,81,82,83,85,90" machi="82" ten="20,12000,2" yaku="1,1,0,1,7,1,8,1,52,1,53,1" doraHai="18" doraHaiUra="23" who="3" fromWho="3" sc="314,-34,217,-34,411,-64,38,152" /><INIT seed="3,0,0,0,5,11" ten="280,183,347,190" oya="3" hai0="47,117,22,45,126,41,77,92,75,113,56,38,37" hai1="48,2,12,104,88,66,54,64,69,132,118,35,24" hai2="46,4,120,61,121,93,31,13,28,95,91,34,72" hai3="49,94,85,129,20,81,29,98,107,16,111,130,52"/><W68/><G107/><T119/><D126/><U23/><E2/><V135/><F72/><W99/><G68/><T87/><D113/><U62/><E132/><V102/><F135/><W3/><G29/><T127/><D127/><U82/><E104/><V70/><F34/><W63/><G3/><T55/><D75/><U125/><E125/><V36/><F4/><W133/><G133/><T60/><D22/><U57/><E35/><V17/><F102/><W122/><G122/><N who="2" m="47209" /><F95/><W97/><G111/><T74/><D74/><U67/><E118/><V10/><F61/><W89/><G63/><T86/><D86/><U25/><E25/><V53/><F70/><W58/><REACH who="3" step="1"/><G81/><REACH who="3" ten="280,183,347,180" step="2"/><T106/><D106/><U26/><E82/><V103/><F103/><W15/><AGARI ba="0,1" hai="15,16,20,49,52,58,85,89,94,97,98,99,129,130" machi="15" ten="30,24000,3" yaku="1,1,2,1,0,1,25,2,52,1,54,2,53,0" doraHai="11" doraHaiUra="116" who="3" fromWho="3" sc="280,-80,183,-80,347,-80,180,250" /><INIT seed="3,1,0,0,5,46" ten="200,103,267,430" oya="3" hai0="117,71,132,79,125,96,90,77,72,26,45,8,75" hai1="99,93,67,37,16,61,68,122,60,118,20,59,9" hai2="85,94,119,83,80,78,131,38,123,103,102,42,109" hai3="115,31,88,13,121,82,6,120,57,87,21,48,76"/><W126/><G115/><T39/><D71/><U24/><E118/><V66/><F119/><W17/><G126/><T112/><D117/><U35/><E122/><V54/><F66/><W7/><G31/><T110/><D125/><U133/><E133/><V3/><F3/><W107/><G107/><T113/><D132/><U53/><E37/><V12/><F42/><W36/><G36/><T32/><D8/><U28/><E9/><V64/><F64/><W81/><G120/><T14/><D14/><U51/><E35/><V89/><F38/><W27/><G121/><T56/><D110/><U4/><E4/><V62/><F62/><W135/><G135/><T130/><D39/><U65/><E65/><V104/><F54/><N who="3" m="31943" /><G81/><T52/><D130/><U108/><E108/><V50/><F50/><W73/><G73/><T11/><D75/><U95/><E95/><V114/><F114/><W2/><G2/><T111/><D111/><U49/><E28/><V124/><F124/><W63/><G63/><T91/><D72/><U84/><E84/><V15/><F109/><W129/><G129/><T22/><D32/><U128/><E128/><V97/><F131/><W30/><G76/><T101/><D79/><U43/><E43/><V127/><F127/><W25/><G25/><T0/><D77/><U19/><E19/><V106/><F123/><W98/><G98/><T10/><D0/><U74/><E74/><N who="2" m="43095" /><F12/><W5/><G30/><T134/><D134/><U18/><E18/><V100/><F15/><W23/><G27/><T70/><D113/><U40/><E40/><V92/><F92/><RYUUKYOKU ba="1,0" sc="200,-30,103,10,267,10,430,10" hai1="16,20,24,49,51,53,59,60,61,67,68,93,99" hai2="83,85,89,94,97,100,102,103,104,106" hai3="5,6,7,13,17,21,23,82,87,88" /><INIT seed="3,2,0,2,2,93" ten="170,113,277,440" oya="3" hai0="40,75,94,68,118,64,43,78,97,121,108,26,126" hai1="58,32,3,128,54,102,76,96,44,65,8,61,51" hai2="101,5,45,27,71,92,41,80,59,35,123,77,85" hai3="28,22,37,70,73,62,112,55,16,4,107,114,7"/><W9/><G107/><T131/><D121/><U48/><E128/><V42/><F71/><W125/><G73/><T127/><D118/><U1/><E32/><V67/><F123/><W81/><G37/><T106/><D131/><U129/><E129/><V20/><F35/><W23/><G125/><N who="0" m="47627" /><D106/><U33/><E33/><V88/><F101/><W6/><G81/><T82/><D108/><U99/><E102/><V53/><F67/><W115/><G28/><T39/><D39/><U49/><E3/><V2/><F5/><W18/><G9/><T47/><D47/><N who="1" m="27935" /><E1/><V25/><F45/><W69/><G55/><T10/><D10/><U38/><E38/><V24/><F2/><W56/><G56/><T17/><D17/><N who="3" m="6761" /><G62/><N who="0" m="39959" /><D26/><U113/><E113/><V90/><F20/><AGARI ba="2,0" hai="4,6,7,20,22,23,69,70,112,114,115" m="6761" machi="20" ten="40,7700,0" yaku="28,2,54,1" doraHai="93" who="3" fromWho="2" sc="170,0,113,0,277,-83,440,83" /><INIT seed="3,3,0,4,4,98" ten="170,113,194,523" oya="3" hai0="131,93,69,77,134,99,12,70,85,50,92,19,37" hai1="112,36,17,6,63,107,1,104,115,91,105,78,51" hai2="71,126,33,119,95,75,80,45,43,87,24,22,83" hai3="108,26,111,55,82,110,62,14,20,54,16,42,53"/><W72/><G42/><T65/><D37/><U48/><E36/><V101/><F119/><W90/><G62/><T117/><D117/><U23/><E78/><V133/><F33/><W13/><REACH who="3" step="1"/><G90/><REACH who="3" ten="170,113,194,513" step="2"/><T100/><D131/><U97/><E63/><V64/><F133/><W40/><G40/><T28/><D134/><U29/><E91/><V96/><F126/><W34/><G34/><T30/><D77/><AGARI ba="3,1" hai="13,14,16,20,26,53,54,55,72,77,82,108,110,111" machi="77" ten="50,12000,1" yaku="1,1,14,1,10,1,54,1,53,0" doraHai="98" doraHaiUra="59" who="3" fromWho="0" sc="170,-129,113,0,194,0,513,139" /><INIT seed="3,4,0,1,0,48" ten="41,113,194,652" oya="3" hai0="30,1,67,85,3,109,100,102,118,2,92,86,18" hai1="89,28,127,93,7,21,58,65,47,11,44,114,88" hai2="99,77,104,129,106,15,133,35,20,61,63,29,103" hai3="0,32,69,25,10,95,33,97,23,68,71,49,70"/><W81/><G0/><T17/><D30/><U124/><E114/><V110/><F110/><W27/><G10/><T31/><D31/><U119/><E119/><V53/><F129/><W82/><G49/><T14/><D118/><U121/><E121/><V4/><F133/><W60/><G60/><T135/><D135/><U116/><E116/><V80/><F106/><W36/><G36/><T72/><D109/><U34/><E34/><V37/><F37/><W50/><G50/><T122/><D122/><U66/><E28/><V125/><F125/><N who="1" m="48201" /><E21/><V98/><F98/><W78/><G27/><T22/><D72/><U56/><E56/><V26/><F53/><W73/><G82/><T134/><D134/><U19/><E19/><V57/><F57/><W43/><G43/><T45/><D22/><U117/><E117/><V9/><F35/><W83/><G83/><T12/><D92/><U94/><E94/><V126/><F126/><W113/><G113/><T130/><D130/><U74/><E74/><AGARI ba="4,0" hai="4,9,15,20,26,29,61,63,74,77,80,99,103,104" machi="74" ten="30,1000,0" yaku="7,1" doraHai="48" who="2" fromWho="1" sc="41,0,113,-22,194,22,652,0" /><INIT seed="4,0,0,2,3,38" ten="41,91,216,652" oya="0" hai0="91,68,74,7,16,99,87,64,135,104,6,105,69" hai1="121,58,132,31,78,96,116,3,81,100,113,59,44" hai2="47,84,20,9,33,17,115,57,4,0,86,23,53" hai3="54,1,131,101,111,118,14,89,43,82,128,123,61"/><T2/><D135/><U133/><E116/><V56/><F115/><W8/><G1/><T65/><D74/><U36/><E121/><V50/><F33/><W49/><G118/><T126/><D126/><U13/><E3/><V26/><F57/><W39/><G39/><T134/><D134/><N who="1" m="51819" /><E31/><V46/><F46/><W85/><G123/><T24/><D69/><U30/><E30/><V70/><F70/><W19/><G111/><T62/><D65/><U72/><E13/><V80/><F80/><W94/><G61/><T102/><D104/><N who="1" m="63495" /><E113/><V109/><F109/><W93/><G43/><AGARI ba="0,0" hai="36,43,44,58,59,72,78,81" m="63495,51819" machi="43" ten="30,2000,0" yaku="20,1,52,1" doraHai="38" who="1" fromWho="3" sc="41,0,91,20,216,0,652,-20" /><INIT seed="5,0,0,1,1,20" ten="41,111,216,632" oya="1" hai0="102,82,3,8,97,118,15,7,110,21,62,14,83" hai1="132,19,72,114,57,63,32,92,51,58,135,48,105" hai2="65,81,5,55,34,108,128,107,88,50,47,116,60" hai3="43,98,35,115,38,77,24,30,125,134,113,2,29"/><U131/><E105/><V28/><F116/><W37/><G2/><T33/><D118/><U86/><E72/><V121/><F108/><W119/><G119/><T70/><D110/><U16/><E114/><N who="3" m="43530" /><G30/><T124/><D124/><U6/><E6/><V54/><F121/><W112/><G112/><T61/><D33/><U75/><E75/><V59/><F107/><W79/><G125/><T90/><D70/><U109/><E109/><V46/><F28/><W133/><G98/><T45/><D45/><U123/><E123/><V40/><F34/><W84/><G43/><T74/><D74/><U9/><E131/><V66/><F5/><W25/><G25/><T93/><D3/><U73/><E73/><V12/><F12/><W85/><G85/><T87/><REACH who="0" step="1"/><D83/><REACH who="0" ten="31,111,216,632" step="2"/><U89/><E32/><V53/><F128/><W39/><G84/><T4/><D4/><U23/><E86/><V100/><F100/><W67/><G67/><N who="2" m="25609" /><F81/><W80/><G80/><T94/><D94/><U68/><E92/><V101/><F101/><W130/><G130/><T111/><D111/><U91/><E68/><V126/><F126/><W120/><G120/><T69/><D69/><U95/><E95/><V31/><F31/><W76/><AGARI ba="0,1" hai="24,29,35,37,38,39,76,77,79,133,134" m="43530" machi="76" ten="40,2700,0" yaku="15,1,52,1" doraHai="20" who="3" fromWho="3" sc="31,-7,111,-13,216,-7,632,37" /><INIT seed="6,0,0,5,1,36" ten="24,98,209,669" oya="2" hai0="1,106,64,49,17,8,88,81,77,2,28,123,80" hai1="20,6,42,16,135,32,130,104,76,121,15,0,4" hai2="43,38,74,50,55,72,33,96,65,3,124,23,14" hai3="126,108,47,78,58,10,35,97,117,41,61,83,89"/><V31/><F124/><W54/><G117/><T95/><D123/><U46/><E104/><V125/><F125/><W103/><G35/><T129/><D106/><U79/><E130/><V90/><F3/><W114/><G126/><T122/><D122/><U48/><E121/><V133/><F133/><W99/><G114/><T26/><D129/><U73/><E135/><V13/><F33/><W111/><G10/><T86/><D64/><U92/><E32/><V7/><F65/><W115/><G115/><T109/><D80/><U70/><E70/><V107/><F43/><W91/><G91/><T59/><D109/><U27/><E73/><V62/><F62/><W24/><G89/><T75/><D8/><N who="1" m="4487" /><E0/><V40/><F40/><W69/><G24/><T53/><REACH who="0" step="1"/><D17/><REACH who="0" ten="14,98,209,669" step="2"/><U134/><E134/><V116/><F7/><W94/><G108/><T87/><D87/><U100/><E6/><V51/><F74/><W101/><G111/><T127/><D127/><U44/><E92/><V18/><F72/><W66/><G83/><T5/><D5/><U110/><E110/><V63/><F107/><W21/><G78/><T52/><D52/><U45/><E79/><V102/><F55/><W34/><G66/><T9/><D9/><U30/><E76/><V120/><F18/><W11/><G69/><T29/><D29/><U68/><E68/><V57/><F31/><W85/><G11/><T131/><D131/><U118/><E30/><V113/><F120/><W105/><G105/><T56/><D56/><U39/><E16/><V67/><F57/><W60/><G85/><T93/><D93/><RYUUKYOKU ba="0,1" sc="14,30,98,-10,209,-10,669,-10" hai0="1,2,26,28,49,53,59,75,77,81,86,88,95" /><INIT seed="7,1,1,3,2,39" ten="44,88,199,659" oya="3" hai0="45,104,134,129,0,88,92,14,60,26,24,22,29" hai1="91,118,46,84,100,120,38,64,44,127,95,56,99" hai2="3,12,135,6,35,15,93,21,18,126,71,58,111" hai3="77,98,130,10,101,17,82,75,107,16,94,131,83"/><W124/><G124/><T57/><D104/><U125/><E118/><V115/><F71/><W55/><G83/><T53/><D0/><U70/><E120/><V52/><F126/><N who="1" m="48137" /><E70/><V43/><F35/><W90/><G55/><T5/><D134/><U20/><E38/><V87/><F3/><W112/><G112/><T132/><D132/><U33/><E33/><V30/><F115/><W128/><REACH who="3" step="1"/><G10/><REACH who="3" ten="44,88,199,649" step="2"/><N who="0" m="4431" /><D129/><U66/><E66/><V50/><F135/><W76/><G76/><T121/><D121/><U81/><E20/><V106/><F111/><W114/><G114/><T61/><D26/><U37/><E64/><V117/><F117/><W31/><G31/><T97/><D45/><U103/><E46/><V110/><F110/><W105/><G105/><T72/><D72/><U32/><E44/><V19/><F30/><W8/><G8/><T59/><D59/><U28/><E56/><V25/><F106/><W69/><G69/><T123/><D123/><U51/><E28/><V13/><F6/><W80/><G80/><T34/><D34/><U89/><E32/><V41/><F19/><W36/><G36/><T2/><D2/><U78/><E37/><V79/><F79/><W108/><G108/><T49/><AGARI ba="1,2" hai="22,24,29,49,53,57,60,61,88,92,97" m="4431" machi="49" ten="30,2000,0" yaku="8,1,54,1" doraHai="39" who="0" fromWho="0" sc="44,43,88,-6,199,-6,649,-11" owari="87,-31.0,82,-42.0,193,-1.0,638,74.0" /></mjloggm>