<mjloggm ver="2.3"><GO type="169" lobby="0"/><UN n0="%E3%82%A6%E3%83%AB%E3%83%88%E3%83%A9%E7%AB%8B%E7%9B%B4" n1="%75%73%6B%31%31%31%35" n2="%28%E3%80%8C%E3%83%BB%60%CF%89%E3%83%BB%29%E3%80%8C" n3="%E3%82%B7%E3%83%B3%E3%83%87%E3%83%AB%E3%83%A9" dan="17,16,18,16" rate="2187.73,2138.84,2209.99,2069.03" sx="M,M,M,M"/><TAIKYOKU oya="0"/><INIT seed="0,0,0,4,2,82" ten="250,250,250,250" oya="0" hai0="107,73,45,106,102,80,120,110,103,8,75,7,123" hai1="51,116,3,6,90,69,127,74,131,36,49,30,53" hai2="34,13,68,1,21,43,113,41,78,12,52,15,25" hai3="93,55,92,128,27,14,2,94,85,63,61,83,62"/><T33/><D33/><U84/><E36/><V48/><F68/><W117/><G2/><T125/><D45/><U35/><E74/><N who="0" m="28169" /><D8/><U124/><E116/><V47/><F113/><W130/><G117/><T99/><D7/><U129/><E69/><V23/><F1/><W54/><G27/><T29/><D29/><U40/><E3/><V4/><F4/><W28/><G28/><T32/><D32/><U57/><E6/><V77/><F34/><W76/><REACH who="3" step="1"/><G14/><REACH who="3" ten="250,250,250,240" step="2"/><T0/><D0/><U67/><E30/><N who="2" m="17711" /><F23/><W24/><G24/><T72/><D125/><N who="1" m="48203" /><E35/><V79/><AGARI ba="0,1" hai="12,13,15,41,43,47,48,52,77,78,79" m="17711" machi="79" ten="30,2000,0" yaku="8,1,54,1" doraHai="82" who="2" fromWho="2" sc="250,-10,250,-5,250,30,240,-5" /><INIT seed="1,0,0,2,3,62" ten="240,245,280,235" oya="1" hai0="113,99,107,105,65,8,108,112,93,109,126,75,92" hai1="135,36,34,63,76,37,53,77,39,22,125,128,11" hai2="38,114,29,6,19,86,69,32,46,7,17,2,24" hai3="102,132,20,118,124,33,3,87,21,54,110,133,40"/><U115/><E115/><V14/><F69/><W95/><G33/><T84/><D8/><U74/><E34/><V111/><F86/><W98/><G3/><T4/><D4/><N who="2" m="1578" /><F46/><W91/><G110/><T13/><D13/><U25/><E125/><V80/><F80/><W120/><G124/><T68/><D68/><U15/><E128/><V60/><F60/><W35/><G35/><T97/><D65/><U116/><E135/><N who="3" m="51786" /><G120/><T90/><D84/><U26/><E116/><V72/><F72/><W67/><G118/><T134/><D134/><U16/><E74/><V127/><F38/><W78/><G78/><T44/><D44/><U85/><E85/><V0/><F127/><W9/><G40/><T45/><D45/><U55/><E26/><N who="2" m="18487" /><F111/><N who="0" m="42570" /><D75/><U10/><E10/><N who="2" m="6359" /><F114/><N who="0" m="44138" /><D126/><U130/><E130/><V73/><F73/><W100/><G67/><T64/><D64/><U101/><E101/><AGARI ba="0,0" hai="90,92,93,97,99,101,105,107" m="44138,42570" machi="101" ten="30,3900,0" yaku="14,1,34,2" doraHai="62" who="0" fromWho="1" sc="240,39,245,-39,280,0,235,0" /><INIT seed="2,0,0,1,1,43" ten="279,206,280,235" oya="2" hai0="111,56,41,114,92,31,120,9,55,93,5,77,61" hai1="2,30,53,13,108,103,67,132,47,86,95,21,59" hai2="90,23,129,82,83,102,98,7,48,87,121,0,36" hai3="74,54,122,91,3,124,110,34,115,64,134,113,1"/><V46/><F121/><W28/><G122/><T131/><D120/><U79/><E2/><N who="3" m="522" /><G74/><T75/><D114/><N who="3" m="43529" /><G64/><T78/><D131/><U60/><E132/><V14/><F36/><W101/><G101/><T73/><D111/><U8/><E108/><V16/><F129/><W109/><G91/><T96/><D31/><U125/><E125/><V71/><F71/><W17/><G54/><T106/><D41/><U39/><E39/><V123/><F123/><W66/><G66/><T116/><D116/><U10/><E79/><V88/><F0/><W45/><G45/><T68/><D106/><U127/><E127/><V99/><F7/><W100/><G100/><T126/><D126/><U24/><E13/><V37/><F37/><W22/><G124/><T38/><D38/><U40/><E40/><N who="2" m="24647" /><F102/><W80/><G80/><N who="2" m="30761" /><F87/><W57/><G134/><T44/><D68/><U35/><E35/><V25/><F14/><N who="3" m="9527" /><G57/><T70/><D56/><U135/><E135/><V107/><F107/><W69/><G69/><T26/><D70/><U118/><E118/><V63/><F63/><W85/><G85/><T20/><D61/><U117/><E117/><V128/><F128/><W97/><G97/><AGARI ba="0,0" hai="16,23,25,88,90,97,98,99" m="30761,24647" machi="97" ten="30,11600,0" yaku="8,1,52,1,54,2" doraHai="43" who="2" fromWho="3" sc="279,0,206,0,280,116,235,-116" /><INIT seed="2,1,0,0,0,25" ten="279,206,396,119" oya="2" hai0="129,8,123,71,80,106,34,63,24,84,122,93,65" hai1="121,115,95,82,28,39,57,135,31,83,89,0,7" hai2="53,103,81,43,49,104,29,114,54,5,72,13,98" hai3="2,107,79,128,102,131,67,55,56,134,32,1,66"/><V74/><F114/><W116/><G116/><T9/><D129/><N who="3" m="49737" /><G134/><T92/><D106/><U41/><E115/><V100/><F100/><W126/><G126/><T90/><D8/><U36/><E0/><N who="3" m="106" /><G79/><T11/><D9/><U44/><E7/><V51/><F43/><W47/><G47/><T48/><D11/><U117/><E117/><V22/><F5/><W30/><G102/><T69/><D71/><U112/><E112/><V124/><F124/><W68/><G68/><T108/><D108/><U6/><E6/><V16/><F81/><W17/><G17/><T96/><D48/><U97/><E39/><V18/><F18/><W130/><N who="3" m="49745" /><W10/><DORA hai="118" /><G10/><T76/><REACH who="0" step="1"/><D92/><REACH who="0" ten="269,206,396,119" step="2"/><U70/><E70/><V21/><F51/><N who="3" m="30847" /><G107/><T60/><D60/><U12/><E135/><V127/><F127/><W59/><G59/><T91/><D91/><U33/><E57/><V120/><F104/><W40/><G40/><T52/><D52/><U99/><E41/><V42/><F54/><W73/><G67/><T50/><D50/><U111/><E36/><V88/><F53/><W110/><G66/><T23/><D23/><U35/><E111/><V78/><F49/><W87/><G110/><T14/><D14/><U46/><E95/><V19/><F13/><W26/><G32/><T15/><D15/><U132/><E132/><V4/><F42/><W45/><G45/><T77/><D77/><U62/><E12/><V105/><F78/><W3/><G3/><T64/><D64/><U85/><E62/><V20/><F105/><W119/><G119/><T37/><D37/><RYUUKYOKU ba="1,1" sc="269,30,206,-10,396,-10,119,-10" hai0="24,34,63,65,69,76,80,84,90,93,96,122,123" /><INIT seed="3,2,1,4,1,65" ten="299,196,386,109" oya="3" hai0="35,75,115,34,114,12,32,123,22,127,23,120,130" hai1="100,93,42,37,80,110,105,56,5,1,10,128,117" hai2="101,31,3,49,113,57,83,121,109,62,107,112,102" hai3="69,96,92,70,63,129,134,111,28,18,103,36,116"/><W119/><G36/><T84/><D75/><U9/><E105/><V74/><F3/><W51/><G28/><T87/><D127/><U21/><E10/><V76/><F109/><W8/><G111/><T2/><D2/><U79/><E110/><V78/><F78/><W59/><G51/><T73/><D73/><U104/><E93/><V19/><F121/><N who="0" m="46666" /><D130/><U135/><E56/><V25/><F19/><W17/><G129/><T44/><D44/><N who="1" m="23631" /><E21/><N who="0" m="7689" /><D12/><U94/><E94/><V60/><F107/><W132/><G17/><T43/><D43/><U40/><E40/><V88/><F74/><W14/><G116/><T81/><D81/><U7/><E7/><V71/><F83/><W26/><G26/><T29/><D29/><U16/><E16/><V46/><F25/><W41/><G41/><T38/><D38/><U118/><E128/><V90/><F31/><W24/><G24/><T106/><D106/><U97/><E135/><N who="3" m="51754" /><G119/><N who="1" m="45578" /><E80/><V64/><F46/><W30/><G30/><T72/><D72/><U53/><E79/><V66/><F76/><W15/><G15/><T20/><N who="0" m="7697" /><T39/><DORA hai="48" /><D39/><U131/><E131/><V6/><F6/><W99/><G99/><T27/><D27/><U77/><E77/><V54/><F90/><W11/><G11/><T86/><AGARI ba="2,1" hai="32,34,35,84,86,87,114,115" m="7697,46666" machi="86" ten="50,3200,0" yaku="28,2" doraHai="65,48" who="0" fromWho="0" sc="299,48,196,-10,386,-10,109,-18" /><INIT seed="4,0,0,4,4,123" ten="347,186,376,91" oya="0" hai0="114,63,16,68,1,67,23,106,92,7,113,91,112" hai1="99,95,87,70,85,90,66,86,47,45,75,80,124" hai2="122,88,41,109,69,37,73,118,49,57,28,51,110" hai3="84,54,77,89,103,52,30,26,36,29,79,13,74"/><T19/><D106/><U15/><E124/><V60/><F73/><W25/><G36/><T21/><D7/><U72/><E70/><V64/><F28/><N who="3" m="10859" /><G74/><N who="1" m="28202" /><E66/><V58/><F122/><W81/><G13/><T31/><D1/><U32/><E15/><V55/><F118/><W34/><G34/><T119/><D119/><U42/><E42/><V127/><F127/><W102/><G89/><T82/><D82/><N who="1" m="49463" /><E45/><N who="2" m="23727" /><F88/><N who="3" m="51215" /><G26/><N who="0" m="16847" /><D23/><U98/><E47/><N who="2" m="28095" /><F51/><W94/><G25/><T22/><D22/><U56/><E56/><AGARI ba="0,0" hai="56,57,58,60,64,69,109,110" m="28095,23727" machi="56" ten="30,7700,0" yaku="34,2,52,2" doraHai="123" who="2" fromWho="1" sc="347,0,186,-77,376,77,91,0" /><INIT seed="5,0,0,5,5,127" ten="347,109,453,91" oya="1" hai0="63,27,98,119,102,42,83,23,71,16,120,135,48" hai1="20,11,78,6,22,80,44,106,57,55,81,39,35" hai2="67,82,70,129,103,108,105,15,56,112,91,54,38" hai3="13,47,10,113,32,31,111,0,24,97,115,51,45"/><U34/><E106/><V61/><F38/><W58/><G111/><T85/><D119/><U5/><E81/><V33/><F33/><W9/><G0/><T117/><D117/><U114/><E5/><V59/><F108/><W26/><G26/><T64/><D135/><U7/><E6/><V72/><F105/><W86/><G97/><T65/><D120/><U25/><E22/><V122/><F103/><W46/><G86/><T4/><D4/><U21/><E21/><V128/><F122/><W93/><G93/><T62/><D98/><U124/><E124/><V90/><F112/><N who="3" m="43083" /><G13/><T43/><D102/><U41/><E114/><V69/><F15/><W49/><G58/><T50/><D43/><U17/><E55/><V87/><F91/><W75/><G75/><T12/><D42/><U104/><E57/><V121/><F72/><W130/><G130/><N who="2" m="50281" /><F121/><W125/><G125/><T52/><D52/><U133/><E133/><V8/><F8/><AGARI ba="0,0" hai="8,9,10,24,31,32,45,46,47,49,51" m="43083" machi="8" ten="30,1000,0" yaku="15,1" doraHai="127" who="3" fromWho="2" sc="347,0,109,0,453,-10,91,10" /><INIT seed="6,0,0,4,2,80" ten="347,109,443,101" oya="2" hai0="3,21,65,57,15,110,124,90,41,16,32,35,5" hai1="134,70,109,54,19,69,116,56,130,73,93,129,9" hai2="96,71,103,27,47,106,4,22,81,62,76,104,102" hai3="59,45,68,74,49,0,30,25,88,105,120,118,119"/><V107/><F4/><W6/><G68/><N who="1" m="26218" /><E73/><V79/><F47/><W8/><G74/><T29/><D110/><U37/><E37/><V24/><F81/><W117/><G105/><T126/><D41/><U38/><E38/><V113/><F113/><W133/><G133/><T77/><D77/><U12/><E109/><V26/><F22/><W67/><G88/><T72/><D72/><U58/><E116/><V128/><F128/><N who="1" m="49257" /><E134/><V50/><F50/><W112/><G112/><T20/><D90/><U122/><E122/><V91/><F91/><W121/><G59/><N who="1" m="22570" /><E93/><V64/><REACH who="2" step="1"/><F96/><REACH who="2" ten="347,109,433,101" step="2"/><W78/><G120/><T111/><D111/><U87/><E54/><V7/><F7/><W97/><G121/><T131/><D131/><U2/><E2/><V95/><F95/><W14/><G97/><T55/><D55/><U100/><E100/><AGARI ba="0,1" hai="24,26,27,62,64,71,76,79,100,102,103,104,106,107" machi="100" ten="50,2400,0" yaku="1,1,53,0" doraHai="80" doraHaiUra="40" who="2" fromWho="1" sc="347,0,109,-24,433,34,101,0" /><INIT seed="6,1,0,3,0,40" ten="347,85,467,101" oya="2" hai0="30,74,114,20,37,120,22,123,46,86,79,0,93" hai1="96,130,36,76,55,117,8,128,29,109,43,32,17" hai2="133,3,57,92,66,61,41,78,134,64,99,18,104" hai3="63,1,110,10,44,14,100,15,35,105,9,7,53"/><V21/><F3/><W47/><G35/><T48/><D114/><U122/><E109/><V132/><F78/><W95/><G105/><T62/><D0/><U87/><E117/><V33/><F33/><W89/><G100/><T12/><D37/><U113/><E113/><V58/><F104/><W124/><G124/><T131/><D131/><N who="1" m="50219" /><E96/><V127/><F41/><W80/><G80/><T118/><D118/><U4/><E122/><V23/><F127/><W68/><G68/><T116/><D116/><U91/><E76/><V39/><F39/><W38/><G38/><T54/><D74/><U81/><E55/><N who="2" m="33983" /><F58/><N who="3" m="35279" /><G1/><T119/><D119/><U49/><E36/><V98/><F98/><N who="3" m="57711" /><G110/><T16/><D62/><U51/><E17/><AGARI ba="1,0" hai="7,9,10,14,15,17,44,47" m="57711,35279" machi="17" ten="30,3900,0" yaku="8,1,52,2" doraHai="40" who="3" fromWho="1" sc="347,0,85,-42,467,0,101,42" /><INIT seed="7,0,0,5,0,79" ten="347,43,467,143" oya="3" hai0="19,53,88,121,58,46,44,56,4,21,133,101,35" hai1="52,66,81,130,26,17,18,48,24,120,42,131,74" hai2="109,63,117,62,23,50,90,5,86,112,36,22,77" hai3="28,114,43,93,116,126,25,47,29,89,59,132,127"/><W128/><G116/><T8/><D35/><U0/><E120/><V110/><F36/><W7/><G114/><T20/><D101/><U1/><E66/><V69/><F117/><W61/><G128/><T37/><D133/><U82/><E42/><V73/><F5/><W124/><G132/><T119/><D119/><U113/><E113/><V67/><F112/><W49/><G7/><T76/><D76/><U78/><E78/><V85/><F73/><W30/><G25/><N who="1" m="9834" /><E74/><V75/><F75/><W9/><G9/><T104/><D20/><U87/><E87/><V103/><F103/><W14/><G14/><T70/><D70/><U71/><E71/><V55/><F77/><W135/><G135/><T6/><D104/><U33/><E33/><V107/><F107/><W68/><G68/><T97/><D37/><U11/><E11/><V13/><F13/><W57/><G61/><T60/><D121/><U105/><E105/><V2/><F2/><N who="1" m="1129" /><E18/><V72/><F72/><W84/><AGARI ba="0,0" hai="28,29,30,43,47,49,57,59,84,89,93,124,126,127" machi="84" ten="40,3900,0" yaku="0,1,18,1" doraHai="79" who="3" fromWho="3" sc="347,-13,43,-13,467,-13,143,39" /><INIT seed="7,1,0,5,0,42" ten="334,30,454,182" oya="3" hai0="126,63,51,40,16,118,120,74,12,34,24,38,33" hai1="75,22,17,6,37,122,65,115,48,50,134,29,135" hai2="14,130,106,25,97,114,57,87,52,80,113,99,78" hai3="19,91,133,98,116,88,66,94,119,20,62,68,105"/><W4/><G4/><T103/><D120/><U124/><E75/><V86/><F14/><W3/><G3/><T89/><D118/><U59/><E6/><V90/><F25/><W83/><G105/><T27/><D74/><U11/><E37/><V5/><F5/><W67/><G67/><T76/><D76/><U93/><E93/><N who="2" m="54495" /><F106/><W9/><G9/><T96/><D126/><U46/><E29/><V31/><F31/><W128/><G128/><T8/><D38/><U7/><E122/><V81/><F81/><W127/><G127/><T15/><D89/><U129/><E124/><V18/><F18/><W44/><G133/><T30/><D63/><U125/><E125/><V49/><F130/><W21/><G62/><T111/><D111/><U92/><E92/><V35/><F35/><W84/><G94/><T121/><D121/><U100/><E100/><V85/><F85/><W112/><G84/><T123/><D123/><U72/><E72/><V104/><F104/><W58/><G98/><T56/><D56/><U36/><E36/><V110/><F110/><W82/><G19/><N who="0" m="8583" /><D40/><U108/><E108/><V43/><F43/><W117/><G117/><T1/><D51/><U61/><E129/><V79/><F79/><W26/><G116/><T0/><D96/><U54/><E115/><V60/><F60/><W109/><G112/><AGARI ba="1,0" hai="49,52,57,78,80,86,97,99,112,113,114" m="54495" machi="112" ten="30,2000,0" yaku="15,1,54,1" doraHai="42" who="2" fromWho="3" sc="334,0,30,0,454,23,182,-23" owari="334,13.0,30,-47.0,477,58.0,159,-24.0" /></mjloggm>