<mjloggm ver="2.3"><GO type="225" lobby="0"/><UN n0="%55%4E%4B%4F%63%68%61%6E" n1="%E8%BF%A6%E9%99%B5%E9%A0%BB%E4%BC%BD" n2="%E3%83%88%E3%83%88%E3%83%AA%E5%85%88%E7%94%9F%31%39%E6%AD%B3" n3="%73%65%6E%75%72%6C" dan="16,17,16,17" rate="2123.77,2122.82,2083.06,2217.85" sx="M,F,F,F"/><TAIKYOKU oya="0"/><INIT seed="0,0,0,4,4,19" ten="250,250,250,250" oya="0" hai0="21,75,104,96,122,26,12,31,23,52,99,84,119" hai1="131,129,39,69,11,70,118,116,18,79,121,7,126" hai2="134,86,128,117,80,50,120,3,98,51,107,17,101" hai3="53,57,30,5,91,33,48,100,44,125,67,97,6"/><T32/><D75/><U112/><E39/><V90/><F120/><W4/><G125/><T41/><D122/><U29/><E79/><V114/><F114/><W49/><G33/><T2/><D2/><U36/><E36/><V82/><F3/><W71/><G30/><T66/><D119/><N who="1" m="45611" /><E121/><V87/><F128/><N who="1" m="49225" /><E29/><V47/><F134/><W109/><G109/><T135/><D135/><U14/><E126/><V65/><F117/><W72/><G72/><T88/><D41/><U106/><E106/><V77/><F65/><W108/><G108/><T89/><D66/><U103/><E103/><V81/><F47/><W130/><G130/><T20/><D104/><U38/><E38/><V62/><F62/><W58/><G91/><T0/><D0/><N who="1" m="487" /><E112/><V28/><F28/><W34/><G34/><T9/><D52/><U115/><E115/><V13/><REACH who="2" step="1"/><F81/><REACH who="2" ten="250,250,240,250" step="2"/><W8/><G67/><T55/><D55/><U60/><E60/><V83/><F83/><W95/><G71/><T1/><D1/><U63/><E63/><V94/><F94/><W25/><G44/><T102/><D102/><U54/><E54/><V133/><F133/><W15/><G58/><T46/><D46/><U35/><E35/><V85/><F85/><W111/><G111/><T127/><D127/><U37/><E37/><V93/><F93/><W113/><G113/><T16/><REACH who="0" step="1"/><D89/><REACH who="0" ten="240,250,240,250" step="2"/><U73/><E70/><V45/><F45/><W110/><G110/><T92/><AGARI ba="0,2" hai="9,12,16,20,21,23,26,31,32,84,88,92,96,99" machi="92" ten="30,24000,3" yaku="1,1,2,1,0,1,52,3,54,2,53,0" doraHai="19" doraHaiUra="132" who="0" fromWho="0" sc="240,260,250,-80,240,-80,250,-80" /><INIT seed="0,1,0,5,4,3" ten="500,170,160,170" oya="0" hai0="6,111,95,87,2,96,17,69,18,77,32,36,24" hai1="34,108,9,29,98,44,91,124,114,73,28,109,81" hai2="64,51,62,118,43,120,86,5,76,61,80,82,8" hai3="110,46,130,112,119,56,41,67,47,134,45,48,59"/><T131/><D36/><U125/><E44/><N who="3" m="17002" /><G112/><T13/><D69/><U93/><E34/><V33/><F120/><W72/><G72/><T122/><D87/><U123/><E9/><V66/><F118/><W92/><G119/><T31/><D77/><N who="1" m="44207" /><E29/><V16/><F33/><W88/><G110/><N who="1" m="42602" /><E28/><V7/><F51/><W21/><G134/><T35/><D35/><U20/><E20/><V30/><F43/><W102/><G130/><T54/><D18/><U99/><E123/><V19/><F30/><W11/><G102/><T55/><D131/><U117/><E117/><V103/><F103/><W78/><G78/><T23/><D122/><U107/><E114/><V84/><F76/><W121/><G121/><T135/><D135/><U133/><E133/><V115/><F115/><W106/><G106/><T40/><D40/><U89/><E107/><V79/><F79/><W0/><G0/><T53/><D111/><U12/><E12/><V42/><F42/><W105/><G105/><T14/><D14/><U71/><E71/><V58/><F58/><N who="3" m="22059" /><G11/><AGARI ba="1,0" hai="5,7,8,11,16,19,61,62,64,66,80,82,84,86" machi="11" ten="25,12000,2" yaku="22,2,8,1,52,2,54,1" doraHai="3" who="2" fromWho="3" sc="500,0,170,0,160,123,170,-123" /><INIT seed="1,0,0,2,0,109" ten="500,170,283,47" oya="1" hai0="99,47,55,107,106,97,88,115,129,48,85,3,120" hai1="69,116,64,79,126,124,73,7,71,134,44,25,135" hai2="103,112,35,9,23,13,127,111,51,10,32,56,2" hai3="26,76,117,119,33,50,29,5,95,43,68,54,4"/><U65/><E7/><V66/><F111/><W83/><G68/><N who="1" m="26186" /><E25/><V15/><F127/><N who="1" m="48681" /><E79/><V30/><F103/><W81/><G43/><T90/><D3/><U20/><E20/><V28/><F51/><W62/><G62/><T132/><D106/><U52/><E73/><V101/><F56/><W128/><G128/><T36/><D129/><U37/><E116/><N who="3" m="44618" /><G95/><T49/><D107/><U34/><E34/><N who="2" m="12843" /><F66/><N who="1" m="25705" /><E37/><V60/><F101/><W53/><G83/><T125/><D36/><U94/><E94/><V57/><F23/><W77/><G77/><T45/><D125/><U102/><E102/><V6/><F13/><W27/><G27/><T21/><D21/><U123/><E123/><V113/><F9/><W19/><G19/><T1/><D120/><U63/><E44/><V110/><F28/><W121/><G121/><T118/><D118/><U131/><E131/><V75/><F30/><W61/><G81/><T16/><D47/><U86/><E86/><V82/><F110/><W11/><G76/><T17/><D45/><U12/><E12/><V100/><F100/><W18/><G18/><T74/><D85/><U89/><E89/><V72/><F15/><W38/><G38/><T133/><D90/><U24/><E24/><V130/><F130/><W84/><G84/><T80/><D88/><U105/><E105/><V91/><F91/><W31/><G31/><T92/><D92/><U0/><E0/><V96/><F96/><W104/><G104/><T46/><D1/><U8/><E8/><V59/><F82/><W78/><G11/><T39/><D80/><U67/><E67/><RYUUKYOKU ba="0,0" sc="500,-10,170,30,283,-10,47,-10" hai1="52,63,134,135" /><INIT seed="1,1,0,5,2,67" ten="490,200,273,37" oya="1" hai0="56,24,133,92,96,32,8,42,18,109,15,91,16" hai1="130,23,119,71,20,19,11,77,104,13,64,57,90" hai2="7,21,5,6,108,40,126,131,14,47,111,9,68" hai3="4,3,61,99,110,94,124,34,30,76,100,51,117"/><U10/><E119/><V27/><F68/><W121/><G121/><T73/><D109/><N who="2" m="42058" /><F131/><W85/><G110/><T35/><D133/><U122/><E71/><V106/><F106/><W84/><G117/><T25/><D73/><U0/><E104/><V135/><F135/><W63/><G124/><T29/><D42/><U93/><E77/><V75/><F75/><W129/><G129/><T102/><D56/><U66/><E130/><V12/><F9/><W54/><G3/><T1/><D1/><U28/><E122/><V22/><F126/><W112/><G112/><T128/><D128/><U79/><E79/><V103/><F103/><W58/><G4/><T60/><D60/><N who="3" m="23113" /><G34/><T45/><D45/><U2/><E2/><V37/><F22/><N who="1" m="8233" /><E28/><AGARI ba="1,0" hai="5,6,7,12,14,21,27,28,37,40,47" m="42058" machi="28" ten="30,1000,0" yaku="14,1" doraHai="67" who="2" fromWho="1" sc="490,0,200,-13,273,13,37,0" /><INIT seed="2,0,0,3,3,56" ten="490,187,286,37" oya="2" hai0="128,78,75,90,19,44,5,34,61,10,77,126,130" hai1="132,18,3,8,109,116,20,49,108,122,107,83,87" hai2="97,118,26,65,125,112,92,64,70,46,134,133,45" hai3="40,91,22,114,37,69,59,105,24,99,98,80,0"/><V13/><F112/><W106/><G69/><T95/><D34/><U121/><E107/><V111/><F118/><W100/><G0/><T17/><D126/><U7/><E49/><V93/><F125/><W115/><G37/><T96/><D44/><N who="2" m="17002" /><F26/><W131/><G40/><T104/><D104/><U6/><E6/><V47/><F111/><N who="1" m="42569" /><E132/><N who="2" m="50795" /><F70/><W62/><G131/><T85/><D75/><U86/><E86/><V119/><F119/><W36/><G36/><T11/><D5/><U127/><E127/><V33/><F33/><W76/><G105/><T57/><D85/><U28/><E28/><V50/><F13/><W35/><G35/><T52/><D128/><U1/><E116/><V67/><F97/><W74/><G99/><T110/><D110/><U135/><E135/><V53/><AGARI ba="0,0" hai="47,50,53,64,65,67,92,93" m="50795,17002" machi="53" ten="40,2100,0" yaku="20,1" doraHai="56" who="2" fromWho="2" sc="490,-7,187,-7,286,21,37,-7" /><INIT seed="2,1,0,0,1,67" ten="483,180,307,30" oya="2" hai0="91,68,109,84,88,22,48,62,86,76,37,81,5" hai1="129,52,41,1,0,135,46,96,107,74,94,14,59" hai2="132,108,61,42,133,130,6,58,38,29,125,27,89" hai3="92,83,9,75,123,43,66,33,13,105,127,80,90"/><V124/><F89/><W30/><G105/><T99/><D37/><U32/><E74/><V53/><F6/><W117/><G117/><T100/><D109/><U95/><E32/><V73/><F73/><W50/><G123/><T122/><D122/><U34/><E34/><V55/><F27/><W16/><G127/><N who="2" m="48713" /><F29/><W2/><G2/><T115/><D5/><U111/><E52/><N who="2" m="33991" /><F108/><W26/><G75/><T25/><D48/><U82/><E111/><V106/><F106/><W78/><G78/><T101/><D99/><U49/><E96/><V12/><F12/><W70/><G43/><T112/><D100/><U131/><E41/><V65/><F130/><W28/><G50/><T20/><D101/><U18/><E49/><V36/><F55/><W39/><G39/><N who="2" m="14889" /><F42/><W128/><G30/><T8/><D91/><U126/><E14/><V98/><F98/><W104/><G104/><T19/><D25/><U57/><E107/><V79/><F79/><W44/><G128/><T114/><D76/><U21/><E126/><V110/><F53/><W93/><G90/><T56/><D88/><U3/><E3/><V63/><F110/><W11/><G11/><T119/><D8/><U40/><E40/><V64/><F64/><W60/><REACH who="3" step="1"/><G44/><REACH who="3" ten="483,180,307,20" step="2"/><T85/><D81/><AGARI ba="1,1" hai="9,13,16,26,28,33,60,66,70,80,81,83,92,93" machi="81" ten="40,8000,1" yaku="1,1,2,1,52,1,54,1,53,0" doraHai="67" doraHaiUra="120" who="3" fromWho="0" sc="483,-83,180,0,307,0,20,93" /><INIT seed="3,0,0,1,2,73" ten="400,180,307,113" oya="3" hai0="63,121,117,25,46,103,119,82,91,101,24,7,44" hai1="32,35,59,26,84,37,12,65,47,38,105,111,108" hai2="126,48,9,21,75,94,135,36,40,33,1,77,98" hai3="39,6,109,31,71,102,29,133,93,67,3,50,96"/><W125/><G39/><N who="1" m="14858" /><E105/><V97/><F48/><W42/><G125/><T13/><D121/><U0/><E0/><V5/><F126/><W66/><G133/><T56/><D13/><U78/><E12/><V51/><F51/><W18/><G3/><T92/><D63/><N who="1" m="38143" /><E47/><V53/><F53/><W64/><G71/><T54/><D56/><U134/><E134/><V88/><F135/><W69/><G69/><T107/><D91/><U86/><E78/><V43/><F43/><W132/><G132/><T129/><D129/><U85/><E26/><V11/><F11/><W61/><G61/><T17/><D117/><U116/><E116/><V118/><F21/><W41/><G6/><T15/><D82/><U76/><E76/><V74/><F74/><W4/><G4/><T99/><D17/><U128/><E128/><V89/><F33/><W20/><G50/><T10/><D99/><U95/><E95/><V104/><F104/><W62/><G62/><T124/><D107/><U70/><E70/><V27/><F27/><N who="3" m="14743" /><G42/><T122/><D7/><U14/><E14/><V28/><F118/><W23/><G41/><T22/><D15/><U83/><E83/><N who="2" m="45503" /><F28/><N who="3" m="10827" /><G23/><T72/><D22/><U106/><E106/><V34/><F34/><W127/><G127/><T19/><D124/><U80/><E80/><V123/><F123/><W110/><G67/><T112/><D122/><U30/><E30/><V87/><F40/><W113/><G113/><T114/><D112/><U55/><E55/><V49/><F36/><W60/><G66/><T68/><D114/><U100/><E100/><V16/><F49/><RYUUKYOKU ba="0,0" sc="400,-15,180,15,307,-15,113,15" hai1="32,35,84,85,86,108,111" hai3="60,64,93,96,102,109,110" /><INIT seed="3,1,0,3,4,99" ten="385,195,292,128" oya="3" hai0="133,69,3,27,26,5,20,58,39,114,38,79,41" hai1="105,35,101,77,2,60,100,63,1,18,37,55,9" hai2="124,44,72,56,127,96,10,54,86,81,22,42,103" hai3="40,13,47,83,64,85,33,78,46,74,132,118,107"/><W76/><G118/><T73/><D69/><U51/><E37/><V104/><F72/><W16/><G33/><T134/><D114/><U70/><E35/><V50/><F10/><N who="3" m="6199" /><G107/><T82/><D58/><U24/><E105/><V36/><REACH who="2" step="1"/><F22/><REACH who="2" ten="385,195,282,128" step="2"/><W91/><G74/><T98/><D20/><U48/><E9/><V75/><F75/><W108/><G132/><T57/><D133/><U113/><E113/><V115/><F115/><W66/><G108/><T135/><D134/><U12/><E1/><V23/><F23/><W71/><G71/><T93/><D135/><U125/><E2/><V111/><F111/><W95/><G40/><T11/><D41/><U102/><E70/><V112/><F112/><W34/><G34/><T68/><D68/><U61/><E125/><V92/><F92/><W15/><G15/><T49/><D27/><U84/><E24/><V130/><F130/><W119/><G119/><T30/><D26/><U128/><E128/><V32/><F32/><W6/><G6/><T131/><D131/><U4/><E4/><V52/><F52/><W0/><G0/><T94/><D5/><U80/><E55/><V14/><F14/><W19/><G19/><T87/><D3/><U120/><E120/><V65/><F65/><N who="3" m="25195" /><G95/><T29/><D93/><U109/><E109/><V88/><AGARI ba="1,1" hai="36,42,44,50,54,56,81,86,88,96,103,104,124,127" machi="88" ten="30,7900,0" yaku="1,1,0,1,52,1,54,1,53,0" doraHai="99" doraHaiUra="129" who="2" fromWho="2" sc="385,-21,195,-21,282,92,128,-40" owari="364,16.0,174,-23.0,374,48.0,88,-41.0" /></mjloggm>