<mjloggm ver="2.3"><GO type="169" lobby="0"/><UN n0="%E3%82%A6%E3%83%AB%E3%83%88%E3%83%A9%E7%AB%8B%E7%9B%B4" n1="%6F%6E%65%73%74%61%72" n2="%4E%75%74%61%37%39" n3="%64%61%6E%6E%63%68%69" dan="16,16,16,16" rate="2118.66,2120.84,2094.74,2110.78" sx="M,M,M,M"/><TAIKYOKU oya="0"/><INIT seed="0,0,0,1,1,55" ten="250,250,250,250" oya="0" hai0="67,21,70,79,94,135,81,53,6,58,52,80,13" hai1="131,119,23,59,1,49,15,45,26,68,11,43,132" hai2="4,112,129,25,63,122,5,111,103,93,50,110,34" hai3="61,14,31,130,121,134,18,42,69,102,37,19,106"/><T3/><D70/><U47/><E119/><V74/><F74/><W62/><G130/><T133/><D3/><U113/><E68/><V97/><F129/><W64/><G134/><N who="0" m="51211" /><D94/><U123/><E132/><V98/><F122/><W118/><G118/><T28/><D28/><U89/><E123/><V51/><F112/><W20/><G121/><T27/><D27/><U36/><E131/><V85/><F85/><W54/><G31/><T22/><D80/><U114/><E1/><V105/><F63/><W10/><G102/><T126/><D126/><U87/><E47/><V71/><F71/><W16/><G106/><T83/><D83/><U101/><E101/><N who="2" m="60591" /><F34/><W91/><G91/><T0/><D0/><U90/><E36/><V2/><F2/><W84/><G84/><N who="0" m="48191" /><D67/><U66/><E87/><V125/><F125/><W73/><G73/><T7/><D53/><U39/><E114/><V40/><F25/><W104/><G104/><T107/><D107/><U124/><E124/><V24/><F24/><W41/><G37/><T115/><D115/><U32/><E32/><V128/><F128/><W75/><G75/><T12/><D12/><U109/><E113/><V57/><F5/><N who="0" m="1546" /><D13/><U77/><E26/><V8/><F4/><N who="3" m="3399" /><G20/><T116/><D116/><U44/><E23/><V82/><F82/><W117/><G117/><T78/><D78/><U60/><E77/><V88/><F105/><W127/><G127/><T86/><D86/><U96/><E15/><V17/><F103/><W48/><G64/><T99/><D99/><U29/><E66/><V120/><F98/><W100/><G69/><RYUUKYOKU ba="0,0" sc="250,30,250,-10,250,-10,250,-10" hai0="21,22,52,58" /><INIT seed="0,1,0,2,2,69" ten="280,240,240,240" oya="0" hai0="59,80,4,15,78,19,43,115,116,3,111,132,124" hai1="27,135,8,87,24,81,7,71,45,53,6,133,38" hai2="67,65,96,56,86,62,91,93,101,85,54,48,100" hai3="119,70,30,117,95,92,17,89,2,40,10,121,113"/><T102/><D116/><U90/><E71/><V130/><F130/><W25/><G70/><T0/><D115/><U72/><E72/><V28/><F28/><W20/><G113/><T74/><D124/><U122/><E122/><V26/><F26/><N who="1" m="9769" /><E53/><V50/><F65/><W98/><G121/><T88/><D132/><N who="1" m="50763" /><E8/><V68/><F48/><W35/><G40/><AGARI ba="1,0" hai="6,7,38,40,45,81,87,90" m="50763,9769" machi="40" ten="30,2000,0" yaku="20,1,52,1" doraHai="69" who="1" fromWho="3" sc="280,0,240,23,240,0,240,-23" /><INIT seed="1,0,0,4,0,35" ten="280,263,240,217" oya="1" hai0="99,64,65,23,8,9,91,109,90,106,66,107,55" hai1="11,86,2,52,58,32,73,118,125,117,68,134,50" hai2="95,40,122,30,38,132,42,28,33,34,89,67,43" hai3="16,71,60,83,96,120,48,81,123,121,13,26,110"/><U59/><E73/><V119/><F122/><W112/><G112/><T14/><D55/><U88/><E68/><V94/><F119/><W41/><G26/><T133/><D99/><U113/><E113/><V5/><F5/><W17/><G110/><T93/><D93/><N who="2" m="35338" /><F38/><W39/><G39/><T0/><D23/><U15/><E32/><N who="2" m="12395" /><F67/><W100/><G60/><T87/><D87/><U12/><E118/><V49/><F49/><W1/><G71/><T61/><D61/><U63/><E117/><V62/><F62/><W124/><G48/><T126/><D65/><U46/><E59/><V131/><F89/><W44/><G44/><T101/><D14/><U104/><E104/><V108/><F108/><W92/><G41/><T102/><D109/><U84/><E84/><V127/><F127/><W77/><G124/><T98/><D98/><U74/><E125/><V53/><F53/><W24/><G77/><T4/><D126/><U45/><E45/><V105/><F105/><W27/><G27/><T69/><D4/><U10/><E63/><V18/><F18/><W20/><REACH who="3" step="1"/><G1/><REACH who="3" ten="280,263,240,207" step="2"/><T31/><D69/><U115/><E2/><V116/><F116/><W129/><G129/><T85/><D0/><U7/><E46/><V70/><F70/><W25/><G25/><T76/><D76/><U21/><E115/><V57/><F131/><W36/><G36/><T82/><D64/><U22/><E50/><V79/><F79/><W56/><G56/><T128/><D66/><U130/><E58/><V54/><F57/><W75/><G75/><T114/><D128/><U19/><E130/><RYUUKYOKU ba="0,1" sc="280,-10,263,-10,240,-10,207,30" hai3="13,16,17,20,24,81,83,92,96,100,120,121,123" /><INIT seed="2,1,1,3,3,13" ten="270,253,230,237" oya="2" hai0="117,82,60,115,26,6,130,14,95,76,86,53,35" hai1="23,69,121,72,113,55,40,107,94,74,102,12,46" hai2="18,57,134,128,19,132,62,5,31,84,125,88,106" hai3="81,37,47,114,51,73,127,83,44,109,63,16,15"/><V49/><F106/><W10/><G109/><T68/><D115/><U27/><E107/><V112/><F112/><W36/><G114/><T123/><D123/><U96/><E69/><V80/><F125/><W1/><G1/><T99/><D130/><U98/><E121/><V66/><F128/><W54/><G127/><T34/><D117/><U105/><E55/><N who="2" m="31983" /><F5/><W135/><G135/><N who="2" m="51753" /><F31/><W97/><G97/><T92/><D35/><U120/><E12/><V93/><F80/><W41/><G73/><T38/><D34/><U3/><E3/><V9/><F9/><W91/><G37/><T87/><D38/><U17/><E120/><V0/><F0/><W28/><G28/><T77/><D68/><AGARI ba="1,1" hai="18,19,62,66,68,84,88,93" m="51753,31983" machi="68" ten="30,11600,0" yaku="20,1,52,2,54,1" doraHai="13" who="2" fromWho="0" sc="270,-119,253,0,230,129,237,0" /><INIT seed="2,2,0,4,3,64" ten="151,253,359,237" oya="2" hai0="63,40,37,102,46,125,71,105,56,123,41,13,131" hai1="82,33,118,121,91,5,27,103,21,104,76,61,57" hai2="51,130,86,38,17,54,8,42,62,7,14,36,117" hai3="90,119,16,97,106,30,6,19,113,126,87,69,44"/><V28/><F117/><W95/><G119/><T18/><D123/><U122/><E118/><V80/><F130/><W70/><G30/><T0/><D131/><U112/><E33/><V26/><F62/><W111/><G6/><T12/><D0/><U133/><E133/><V60/><F60/><W58/><G44/><T55/><D125/><U94/><E5/><V120/><F120/><W47/><G47/><T124/><D124/><U32/><E32/><V65/><F65/><W107/><G126/><T49/><D41/><U77/><E112/><V11/><F42/><W92/><G58/><T48/><D48/><U78/><E82/><V109/><F109/><W74/><G74/><T88/><D88/><U23/><E23/><V89/><F26/><W3/><G3/><T114/><D114/><U134/><E134/><V129/><F28/><W35/><G35/><T29/><D29/><N who="1" m="17647" /><E91/><V98/><F98/><W72/><G72/><T99/><REACH who="0" step="1"/><D18/><REACH who="0" ten="141,253,359,237" step="2"/><U66/><E104/><V115/><F129/><W59/><G113/><T25/><D25/><U83/><E83/><V84/><F115/><W101/><G107/><T34/><D34/><U24/><E24/><V50/><F86/><W52/><G106/><T79/><D79/><U68/><E78/><V81/><F81/><W2/><G2/><T127/><D127/><U73/><E77/><V31/><F31/><W22/><G19/><T9/><D9/><U39/><E76/><V75/><F75/><W100/><G100/><T116/><D116/><U110/><E121/><V108/><F11/><W85/><G16/><T96/><D96/><RYUUKYOKU ba="2,1" sc="141,30,253,-10,359,-10,237,-10" hai0="12,13,37,40,46,49,55,56,63,71,99,102,105" /><INIT seed="3,3,1,1,0,73" ten="171,243,349,227" oya="3" hai0="77,109,117,72,1,35,105,129,127,18,33,123,25" hai1="90,119,124,104,96,27,76,125,101,102,100,131,57" hai2="111,13,70,97,16,45,12,85,37,40,118,23,43" hai3="122,116,47,65,5,22,69,133,121,99,68,6,34"/><W87/><G34/><T98/><RYUUKYOKU type="yao9" ba="3,1" sc="171,0,243,0,349,0,227,0" hai0="1,18,25,33,35,72,77,98,105,109,117,123,127,129" /><INIT seed="3,4,1,3,0,53" ten="171,243,349,227" oya="3" hai0="92,114,1,68,61,23,31,71,76,78,13,45,9" hai1="58,30,38,89,16,99,17,33,74,49,88,109,100" hai2="6,2,24,80,50,123,56,34,20,32,47,124,3" hai3="28,85,83,36,95,29,10,18,40,77,102,98,11"/><W113/><G113/><T66/><D114/><U103/><E38/><V12/><F124/><W133/><G133/><T37/><D71/><U105/><E109/><V81/><F123/><W26/><G18/><T62/><D62/><U91/><E74/><V44/><F12/><W75/><G29/><T116/><D116/><U21/><E33/><V129/><F6/><W104/><G40/><T41/><D1/><U96/><E30/><V111/><F111/><W0/><G36/><T94/><D23/><U117/><E117/><V52/><F129/><W8/><G0/><T112/><D31/><U51/><E58/><V15/><F15/><W55/><G55/><T84/><D112/><U134/><E134/><V22/><F50/><W128/><G128/><T106/><D106/><U19/><REACH who="1" step="1"/><E21/><REACH who="1" ten="171,233,349,227" step="2"/><V73/><F73/><W14/><G75/><T39/><D39/><U42/><E42/><V130/><F130/><W90/><G28/><T86/><D86/><U72/><E72/><V115/><F115/><W131/><G131/><T25/><D84/><U57/><E57/><V127/><F56/><W69/><G69/><T107/><D107/><AGARI ba="4,2" hai="16,17,19,49,51,88,89,91,96,99,100,103,105,107" machi="107" ten="40,8000,1" yaku="1,1,9,1,54,2,53,0" doraHai="53" doraHaiUra="65" who="1" fromWho="0" sc="171,-92,233,112,349,0,227,0" /><INIT seed="4,0,0,4,2,18" ten="79,345,349,227" oya="0" hai0="104,128,3,59,24,66,4,32,64,5,86,106,80" hai1="108,102,43,14,12,99,114,122,7,31,105,112,69" hai2="129,127,82,50,90,30,131,119,83,10,132,133,48" hai3="29,103,13,57,121,28,49,92,17,52,62,25,84"/><T27/><D128/><N who="2" m="49226" /><F119/><W8/><G121/><T46/><D46/><U81/><E108/><V65/><F65/><W68/><G68/><T110/><D110/><U58/><E122/><V34/><F10/><W79/><G103/><T47/><D47/><U101/><E69/><V41/><F41/><W45/><G25/><T111/><D111/><U51/><E101/><V11/><F11/><W2/><G2/><T61/><D66/><U97/><E31/><V23/><F34/><W54/><G92/><T94/><D94/><U35/><E35/><V125/><F23/><W123/><G123/><T53/><D64/><U9/><E14/><V67/><F30/><W22/><G8/><N who="0" m="2079" /><D5/><U0/><E0/><V78/><F67/><W55/><G55/><T95/><D95/><U60/><E43/><V124/><F90/><W16/><G17/><T33/><D32/><U71/><E12/><V56/><F56/><W116/><G116/><T38/><D38/><U113/><E7/><V135/><F83/><AGARI ba="0,0" hai="13,16,22,28,29,45,49,52,54,57,62,79,83,84" machi="83" ten="40,8000,1" yaku="8,1,52,1,54,2" doraHai="18" who="3" fromWho="2" sc="79,0,345,0,349,-80,227,80" /><INIT seed="5,0,0,1,3,6" ten="79,345,269,307" oya="1" hai0="49,124,89,25,40,18,82,3,118,123,127,134,96" hai1="54,98,39,104,26,94,71,29,131,119,85,2,35" hai2="14,110,102,95,19,68,11,128,4,92,47,52,43" hai3="76,73,101,88,91,97,107,80,60,7,108,48,70"/><U114/><E114/><V113/><F68/><W9/><G108/><T33/><D123/><U46/><E131/><V44/><F110/><W10/><G48/><T21/><D118/><U75/><E75/><V106/><F128/><W90/><REACH who="3" step="1"/><G7/><REACH who="3" ten="79,345,269,297" step="2"/><T121/><D121/><U116/><E39/><V31/><F113/><W129/><G129/><T105/><D134/><U93/><E119/><V63/><F4/><W37/><G37/><T111/><D111/><U74/><E116/><V66/><F106/><W36/><G36/><T83/><D33/><U81/><E104/><V42/><F63/><W38/><G38/><T84/><D3/><U8/><E2/><V100/><F66/><AGARI ba="0,1" hai="9,10,60,66,70,73,76,80,88,90,91,97,101,107" machi="66" ten="40,8000,1" yaku="1,1,52,2,54,1,53,0" doraHai="6" doraHaiUra="13" who="3" fromWho="2" sc="79,0,345,0,269,-80,297,90" /><INIT seed="6,0,0,2,4,5" ten="79,345,189,387" oya="2" hai0="88,31,133,21,8,119,20,42,92,73,45,89,48" hai1="105,103,110,7,116,100,123,117,33,6,16,53,94" hai2="60,98,37,124,4,64,9,121,83,59,111,112,26" hai3="19,50,44,74,2,32,46,3,11,109,72,127,43"/><V35/><F37/><W57/><G32/><T87/><D73/><U132/><E110/><V125/><F121/><W12/><G127/><N who="2" m="48713" /><F112/><W18/><G109/><T82/><D119/><U135/><E33/><V54/><F98/><W23/><G57/><T47/><D133/><N who="1" m="51275" /><E105/><V41/><F41/><W24/><REACH who="3" step="1"/><G46/><REACH who="3" ten="79,345,189,377" step="2"/><T134/><D134/><U0/><E123/><V90/><F111/><W17/><G17/><T67/><D67/><U102/><E16/><V56/><F56/><W69/><G69/><T81/><D47/><U76/><E0/><AGARI ba="0,1" hai="0,2,3,11,12,18,19,23,24,43,44,50,72,74" machi="0" ten="40,2600,0" yaku="1,1,52,1,53,0" doraHai="5" doraHaiUra="128" who="3" fromWho="1" sc="79,0,345,-26,189,0,377,36" /><INIT seed="7,0,0,0,2,114" ten="79,319,189,413" oya="3" hai0="39,94,79,25,130,134,120,90,125,100,27,56,133" hai1="61,32,96,112,103,129,81,84,97,73,10,115,30" hai2="77,89,34,82,127,98,62,93,105,135,1,124,113" hai3="66,104,116,22,122,83,86,0,24,74,38,92,118"/><W50/><G38/><T11/><D39/><U111/><E111/><V2/><F34/><W36/><G36/><T18/><D120/><U35/><E61/><V78/><F113/><W99/><G0/><N who="2" m="105" /><F135/><W60/><G122/><T44/><D125/><N who="2" m="48202" /><F105/><W21/><G50/><T48/><D130/><U88/><E129/><V106/><F106/><W42/><G42/><T76/><D133/><U132/><E132/><V20/><F20/><W57/><G74/><T126/><D134/><U107/><E35/><V28/><F28/><N who="3" m="17423" /><G22/><T17/><D126/><U3/><E97/><V110/><F110/><W43/><G104/><T41/><D100/><U40/><E40/><V15/><F15/><W49/><G49/><T71/><D71/><U75/><E32/><V14/><F14/><W29/><G29/><T123/><D123/><U95/><E30/><V33/><F33/><W6/><G6/><T108/><D108/><U63/><E63/><V101/><F62/><W26/><G26/><T70/><D70/><U59/><E59/><V121/><F121/><W67/><G67/><T37/><D56/><U64/><E64/><V69/><F69/><W51/><G51/><T68/><D37/><U16/><E16/><V31/><F31/><W19/><G19/><T87/><D87/><AGARI ba="0,0" hai="77,78,82,87,89,93,98,101" m="48202,105" machi="87" ten="30,1000,0" yaku="18,1" doraHai="114" who="2" fromWho="0" sc="79,-10,319,0,189,10,413,0" owari="69,-43.0,319,12.0,199,-20.0,413,51.0" /></mjloggm>