<mjloggm ver="2.3"><GO type="97" lobby="0"/><UN n0="%69%64%70%61%70%61%70%61" n1="%74%79%61%6E%6D%69%75" n2="%E5%B0%B1%E6%B4%BB%E7%94%9F%40%E5%B7%9D%E6%9D%91%E8%BB%8D%E5%9B%A3" n3="%63%6F%6E%75%6C%61" dan="14,14,14,15" rate="1927.06,1990.69,2029.29,2064.95" sx="M,F,M,M"/><TAIKYOKU oya="0"/><INIT seed="0,0,0,3,2,25" ten="250,250,250,250" oya="0" hai0="76,46,123,65,103,48,81,29,124,87,26,83,94" hai1="120,92,15,7,101,14,6,75,121,50,79,126,128" hai2="66,118,127,114,99,30,102,77,117,68,2,80,16" hai3="3,73,39,90,18,44,108,91,1,63,4,88,112"/><T97/><D123/><U0/><E0/><V40/><F2/><W72/><G3/><T116/><D116/><N who="2" m="44650" /><F114/><W109/><G112/><T11/><D124/><U8/><E75/><V85/><F127/><W133/><G133/><T12/><D65/><U21/><E126/><V93/><F40/><W10/><G63/><T122/><D122/><U113/><E113/><V78/><F78/><W43/><REACH who="3" step="1"/><G18/><REACH who="3" ten="250,250,250,240" step="2"/><N who="0" m="8479" /><D26/><U35/><E121/><V54/><F16/><W58/><G58/><T31/><D83/><U74/><E120/><V89/><F66/><W129/><G129/><T23/><D23/><U41/><E6/><V105/><F68/><W82/><G82/><T86/><D86/><U69/><E69/><V34/><F34/><W53/><G53/><AGARI ba="0,1" hai="29,31,46,48,53,76,81,87,94,97,103" m="8479" machi="53" ten="30,5800,0" yaku="8,1,52,2" doraHai="25" who="0" fromWho="3" sc="250,68,250,0,250,0,240,-58" /><INIT seed="0,1,0,0,0,100" ten="318,250,250,182" oya="0" hai0="20,132,87,22,68,31,96,64,117,36,54,21,29" hai1="109,32,50,121,90,56,111,23,16,30,86,91,76" hai2="107,11,77,97,14,123,53,0,99,37,25,134,34" hai3="43,5,51,89,55,26,12,7,94,113,18,70,74"/><T114/><D117/><U126/><E32/><V42/><F123/><W124/><G74/><T130/><D114/><U66/><E30/><N who="0" m="11273" /><D36/><U39/><E39/><V84/><F134/><W112/><G70/><T79/><D68/><U127/><E76/><V47/><F34/><W106/><G106/><T95/><D132/><U45/><E56/><V101/><F25/><W122/><G122/><T129/><D64/><U10/><E10/><V83/><F99/><W103/><G103/><N who="0" m="60831" /><D130/><U73/><E73/><V62/><F62/><W44/><G26/><T108/><D108/><N who="1" m="41547" /><E66/><V71/><F71/><W133/><G133/><T49/><D129/><U72/><E72/><V28/><F28/><W118/><G118/><T67/><D67/><U57/><E57/><V80/><F53/><W3/><G3/><T81/><D22/><U35/><E35/><V59/><F59/><AGARI ba="1,0" hai="20,21,49,54,59,79,81,87" m="60831,11273" machi="59" ten="30,1500,0" yaku="8,1" doraHai="100" who="0" fromWho="2" sc="318,18,250,0,250,-18,182,0" /><INIT seed="0,2,0,0,2,105" ten="336,250,232,182" oya="0" hai0="125,86,96,51,134,64,1,0,85,8,107,75,95" hai1="5,106,28,123,44,102,135,100,60,104,47,82,42" hai2="118,13,56,78,80,72,25,35,113,36,87,127,15" hai3="70,92,30,38,73,37,53,91,41,32,63,133,34"/><T20/><D107/><U117/><E28/><V130/><F113/><W99/><G38/><T52/><D1/><U54/><E123/><V18/><F118/><W11/><G133/><T29/><D0/><U50/><E117/><V40/><F127/><W45/><G11/><T48/><D75/><U103/><E135/><V109/><F109/><W16/><G32/><T76/><D125/><U81/><E5/><V121/><F121/><W93/><G92/><T2/><D2/><U98/><E60/><V49/><F130/><W19/><G30/><T61/><D134/><U12/><E12/><V33/><F36/><W24/><G34/><T3/><D3/><U94/><E106/><V21/><F35/><W59/><G24/><N who="0" m="16519" /><D8/><U108/><E108/><V10/><F33/><W4/><G4/><T120/><D120/><U23/><E23/><V22/><F15/><W9/><G9/><T88/><D76/><U126/><E126/><V67/><F72/><W132/><G132/><T77/><D77/><U128/><E128/><V83/><F83/><W97/><G97/><T58/><D64/><U115/><E115/><V7/><F22/><W69/><REACH who="3" step="1"/><G73/><REACH who="3" ten="336,250,232,172" step="2"/><T71/><D71/><AGARI ba="2,1" hai="16,19,37,41,45,53,59,63,69,70,71,91,93,99" machi="71" ten="40,5200,0" yaku="1,1,2,1,54,1,53,0" doraHai="105" doraHaiUra="74" who="3" fromWho="0" sc="336,-58,250,0,232,0,172,68" /><INIT seed="1,0,0,1,1,63" ten="278,250,232,240" oya="1" hai0="50,112,116,54,86,107,28,124,76,84,104,67,25" hai1="119,72,96,46,59,53,14,80,113,118,121,126,109" hai2="132,33,115,66,17,129,18,98,89,42,88,16,19" hai3="41,100,127,71,81,55,68,57,5,24,103,8,0"/><U101/><E46/><V10/><F33/><W114/><G41/><T3/><D3/><U4/><E121/><V37/><F115/><W38/><G114/><T123/><D116/><U49/><E113/><V61/><F129/><W27/><G38/><T117/><D117/><U64/><E126/><V133/><N who="2" m="4608" /><DORA hai="97" /><V31/><F31/><W69/><G127/><T122/><D124/><U39/><E39/><V94/><F10/><W51/><G27/><T9/><D112/><U60/><E80/><V120/><F120/><N who="0" m="46122" /><D9/><U83/><E109/><V35/><F35/><W108/><G108/><T12/><D12/><U43/><E43/><V91/><F42/><W85/><REACH who="3" step="1"/><G24/><REACH who="3" ten="278,250,232,230" step="2"/><T110/><D110/><U29/><E29/><V56/><REACH who="2" step="1"/><F37/><REACH who="2" ten="278,250,222,230" step="2"/><W90/><AGARI ba="0,2" hai="0,5,8,51,55,57,68,69,71,81,85,90,100,103" machi="90" ten="30,12000,2" yaku="1,1,2,1,0,1,52,2,53,2" doraHai="63,97" doraHaiUra="44,2" who="3" fromWho="3" sc="278,-30,250,-60,222,-30,230,140" /><INIT seed="2,0,0,1,4,100" ten="248,190,192,370" oya="2" hai0="54,103,106,132,55,86,27,24,108,28,80,70,43" hai1="20,65,32,1,45,51,15,102,36,111,99,35,98" hai2="90,68,17,34,134,6,104,128,16,81,58,21,109" hai3="120,69,60,126,117,4,89,92,57,130,38,0,76"/><V5/><F68/><W25/><G38/><T116/><D70/><U59/><E1/><V135/><F34/><W124/><G120/><T30/><D116/><U29/><E98/><V101/><F128/><W114/><G117/><T82/><D43/><U47/><E47/><V78/><F109/><W49/><G130/><T22/><D108/><U97/><E97/><N who="2" m="61487" /><F58/><W56/><G76/><T23/><D132/><N who="2" m="50730" /><F90/><W91/><G69/><T129/><D129/><U105/><E111/><V61/><F61/><W2/><G89/><T50/><D50/><U46/><E46/><V123/><F123/><W52/><G25/><T122/><D122/><U40/><E29/><V26/><F17/><W14/><G14/><T85/><REACH who="0" step="1"/><D103/><REACH who="0" ten="238,190,192,370" step="2"/><U110/><E110/><V125/><F125/><N who="3" m="48235" /><G114/><T79/><D79/><U77/><E77/><V31/><F31/><W115/><G115/><T113/><D113/><U96/><E36/><V13/><F26/><W7/><G0/><T112/><D112/><U66/><E35/><V62/><F62/><W39/><G2/><T67/><D67/><U93/><E32/><V95/><F95/><W33/><G39/><T83/><D83/><U87/><E93/><V84/><AGARI ba="0,1" hai="5,6,13,16,21,78,81,84" m="50730,61487" machi="84" ten="30,6000,0" yaku="20,1,52,1,54,1" doraHai="100" who="2" fromWho="2" sc="238,-20,190,-20,192,70,370,-20" /><INIT seed="2,1,0,5,1,47" ten="218,170,262,350" oya="2" hai0="11,130,117,87,45,77,62,66,126,128,4,79,102" hai1="83,60,73,93,123,29,111,80,103,5,0,84,54" hai2="41,86,15,116,92,118,7,28,40,52,108,13,115" hai3="57,78,43,12,49,120,113,129,25,55,61,127,94"/><V96/><F115/><W88/><G78/><T121/><D121/><U99/><E0/><V59/><F116/><W24/><G120/><T6/><D117/><U105/><E123/><V3/><F118/><W38/><G38/><T97/><D126/><U98/><E5/><V107/><F107/><W33/><G113/><T44/><D87/><U10/><E10/><V2/><F2/><W48/><G127/><T50/><D11/><U100/><E29/><V122/><F3/><W101/><G101/><T89/><D89/><U109/><E60/><V76/><F108/><W85/><G129/><N who="0" m="49771" /><D45/><U46/><E54/><V37/><F28/><W63/><G12/><N who="2" m="4681" /><F37/><W26/><G33/><T119/><D119/><U91/><REACH who="1" step="1"/><E46/><AGARI ba="1,0" hai="24,25,26,43,46,48,49,55,57,61,63,85,88,94" machi="46" ten="40,8000,1" yaku="8,1,52,2,54,1" doraHai="47" who="3" fromWho="1" sc="218,0,170,-83,262,0,350,83" /><INIT seed="3,0,0,1,4,86" ten="218,87,262,433" oya="3" hai0="65,77,52,101,21,62,20,69,63,31,128,19,23" hai1="78,30,22,135,89,83,57,95,6,7,74,108,13" hai2="35,112,114,130,64,109,76,67,122,132,88,11,90" hai3="61,42,40,91,3,54,126,123,38,49,8,96,119"/><W56/><G38/><T39/><D128/><U129/><E30/><V72/><F35/><W25/><G123/><T47/><D101/><U82/><E108/><V92/><F109/><W75/><G75/><T43/><D77/><U97/><E135/><V79/><F122/><W81/><G119/><T18/><D31/><U17/><E129/><V4/><F72/><W80/><G25/><T124/><D124/><U2/><E2/><V1/><F92/><W118/><G118/><T51/><REACH who="0" step="1"/><D63/><REACH who="0" ten="208,87,262,433" step="2"/><U115/><E115/><V59/><F130/><W37/><G126/><T48/><D48/><U16/><E82/><V134/><F114/><W32/><G49/><T46/><AGARI ba="0,1" hai="18,19,20,21,23,39,43,46,47,51,52,62,65,69" machi="46" ten="30,4000,0" yaku="1,1,0,1,54,1,53,0" doraHai="86" doraHaiUra="28" who="0" fromWho="0" sc="208,50,87,-10,262,-10,433,-20" owari="258,6.0,77,-42.0,252,-15.0,413,51.0" /></mjloggm>