<mjloggm ver="2.3"><GO type="169" lobby="0"/><UN n0="%55%4E%4B%4F%63%68%61%6E" n1="%E3%81%BE%E3%81%AA%E3%81%84%E3%81%9F%E3%82%88%E3%81%86%E3%81%98%E3%82%87" n2="%E9%BE%8D%E9%96%80%E6%B8%95%E9%80%8F%E8%8A%B1" n3="%E3%82%A6%E3%83%AB%E3%83%88%E3%83%A9%E7%AB%8B%E7%9B%B4" dan="16,17,16,17" rate="2111.58,2130.96,2155.83,2172.01" sx="M,M,M,M"/><TAIKYOKU oya="0"/><INIT seed="0,0,0,2,3,88" ten="250,250,250,250" oya="0" hai0="70,85,28,95,108,121,103,10,50,68,123,36,90" hai1="65,91,52,78,80,130,20,0,17,2,106,12,96" hai2="39,42,134,129,8,22,127,116,27,99,35,9,125" hai3="25,100,126,112,40,24,43,16,14,119,47,62,92"/><T33/><D36/><U67/><E130/><V118/><F42/><W135/><G119/><N who="2" m="45609" /><F39/><W7/><G112/><T19/><D70/><U18/><E106/><V41/><F41/><W45/><G126/><N who="2" m="48137" /><F99/><N who="3" m="59495" /><G135/><T1/><D68/><U31/><E31/><N who="2" m="19967" /><F134/><W61/><G43/><T113/><D113/><U38/><E38/><V60/><F60/><N who="3" m="23147" /><G7/><T58/><D103/><U76/><E65/><V57/><F57/><W11/><G40/><T124/><D124/><U109/><E67/><V97/><F97/><W79/><G79/><T122/><D58/><U133/><E96/><V13/><F129/><W72/><G72/><T32/><D50/><U77/><E77/><V74/><F74/><W84/><G84/><T55/><D55/><U48/><E78/><V75/><F75/><W86/><G86/><T56/><D56/><U54/><E76/><V71/><F71/><W104/><G104/><T87/><D87/><U37/><E54/><V82/><F82/><W132/><G132/><T73/><D73/><U34/><E37/><V131/><F131/><W30/><G30/><T102/><D28/><U117/><E133/><V6/><F6/><W89/><G89/><T98/><D90/><U128/><E91/><V69/><F69/><W5/><G5/><T3/><D85/><U15/><E128/><V105/><F105/><W64/><G64/><T110/><D102/><U111/><E117/><V83/><F83/><W46/><AGARI ba="0,0" hai="11,14,16,24,25,45,46,47" m="23147,59495" machi="46" ten="30,4000,0" yaku="8,1,52,1,54,1" doraHai="88" who="3" fromWho="3" sc="250,-20,250,-10,250,-10,250,40" /><INIT seed="1,0,0,1,2,72" ten="230,240,240,290" oya="1" hai0="29,47,21,115,83,94,34,112,65,130,78,57,76" hai1="16,15,1,86,23,90,10,98,127,30,104,77,107" hai2="121,111,119,42,96,109,106,50,53,43,84,89,79" hai3="92,63,125,27,116,17,52,39,80,87,11,61,14"/><U134/><E134/><V97/><F119/><W59/><G125/><T71/><D34/><U48/><E127/><V68/><F68/><W118/><G39/><T114/><D71/><U88/><E90/><V60/><F121/><W7/><G92/><T37/><D130/><U46/><E98/><N who="2" m="37995" /><F60/><W41/><G41/><T131/><D131/><U95/><E77/><V51/><F106/><W8/><G63/><T117/><D117/><U0/><E0/><V26/><F26/><W69/><G69/><T82/><D94/><U73/><E73/><V62/><F62/><W105/><G105/><T45/><D65/><U44/><E44/><N who="2" m="27879" /><F50/><W122/><G122/><T103/><D57/><U129/><E129/><V113/><F79/><W5/><G27/><T33/><D33/><U3/><E3/><V100/><F100/><W124/><G124/><T128/><D128/><U126/><E126/><V101/><F101/><W56/><G56/><T36/><D103/><U74/><E74/><V132/><F132/><W135/><G135/><T24/><D24/><U40/><REACH who="1" step="1"/><E30/><REACH who="1" ten="230,230,240,290" step="2"/><V85/><F89/><W2/><REACH who="3" step="1"/><G7/><AGARI ba="0,1" hai="1,7,10,15,16,23,40,46,48,86,88,95,104,107" machi="7" ten="40,12000,1" yaku="1,1,2,1,54,2,53,0" doraHai="72" doraHaiUra="49" who="1" fromWho="3" sc="230,0,230,130,240,0,290,-120" /><INIT seed="1,1,0,4,2,107" ten="230,360,240,170" oya="1" hai0="12,44,89,30,105,126,129,87,134,36,23,22,93" hai1="132,0,35,67,96,123,125,118,31,34,124,54,17" hai2="40,76,5,92,27,66,99,69,55,103,68,84,42" hai3="15,98,113,4,20,117,109,102,115,46,49,25,114"/><U65/><E118/><V21/><F5/><W50/><G117/><T95/><D105/><U72/><E123/><V91/><F76/><W101/><G109/><T7/><D126/><N who="1" m="48747" /><E0/><V41/><F55/><W74/><G74/><T85/><D129/><U78/><E132/><V45/><F66/><N who="1" m="25097" /><E31/><V64/><F64/><W26/><G50/><T19/><D134/><U61/><E96/><V71/><F45/><W133/><G133/><T51/><D36/><U10/><E10/><V120/><F120/><W110/><G110/><T106/><D106/><U59/><E17/><V130/><F130/><W2/><G2/><T100/><D7/><U38/><E38/><V127/><F127/><W104/><G101/><T88/><D100/><U37/><E37/><V111/><F111/><W119/><G119/><T82/><D30/><U32/><E32/><V77/><F77/><W57/><G57/><T56/><D56/><U94/><E94/><V24/><REACH who="2" step="1"/><F21/><REACH who="2" ten="230,360,230,170" step="2"/><W75/><G20/><T28/><D23/><U79/><E78/><V8/><F8/><W48/><G46/><T90/><D28/><U63/><E34/><V81/><AGARI ba="1,1" hai="24,27,40,41,42,68,69,71,81,84,91,92,99,103" machi="81" ten="40,2700,0" yaku="1,1,0,1,53,0" doraHai="107" doraHaiUra="60" who="2" fromWho="2" sc="230,-8,360,-14,230,40,170,-8" /><INIT seed="2,0,0,2,1,122" ten="222,346,270,162" oya="2" hai0="133,71,48,66,62,52,9,91,117,116,23,97,84" hai1="126,131,45,86,135,51,40,61,85,25,27,5,96" hai2="8,47,103,42,125,132,81,34,112,87,89,114,79" hai3="90,36,59,110,99,13,64,102,115,28,2,124,49"/><V57/><F34/><W83/><G2/><T100/><D133/><U16/><E135/><V78/><F132/><W18/><G36/><T73/><D73/><U53/><E131/><V37/><F125/><W82/><G124/><T21/><D9/><U104/><E126/><V29/><F29/><W105/><G115/><T107/><D116/><U69/><E5/><V113/><F103/><W68/><G28/><T7/><D7/><U94/><E104/><V3/><REACH who="2" step="1"/><F57/><REACH who="2" ten="222,346,260,162" step="2"/><W33/><G33/><T109/><D117/><U134/><E134/><V80/><F80/><W93/><G83/><T130/><D130/><U123/><E123/><V129/><F129/><W75/><G82/><T44/><D100/><N who="1" m="60439" /><E69/><V74/><F74/><W46/><G75/><T35/><D35/><U63/><E27/><V76/><F76/><W108/><G68/><T32/><D32/><U41/><E25/><V98/><F98/><W54/><G102/><T92/><D97/><U20/><E86/><V50/><F50/><W95/><G95/><T38/><D92/><U10/><E85/><V6/><AGARI ba="0,1" hai="3,6,8,37,42,47,78,79,81,87,89,112,113,114" machi="6" ten="40,7800,0" yaku="1,1,0,1,53,1" doraHai="122" doraHaiUra="39" who="2" fromWho="2" sc="222,-26,346,-26,260,88,162,-26" /><INIT seed="2,1,0,1,3,87" ten="196,320,348,136" oya="2" hai0="35,49,83,41,72,63,96,126,118,53,6,119,24" hai1="125,17,31,109,62,73,57,20,129,59,42,43,107" hai2="131,104,105,65,44,26,7,4,132,135,113,12,103" hai3="39,117,88,74,1,91,90,115,46,66,21,122,13"/><V55/><F113/><W94/><G122/><T116/><D126/><U0/><E107/><V10/><F131/><W106/><G106/><N who="2" m="41065" /><F103/><W58/><G117/><T123/><D123/><U121/><E73/><V108/><F65/><W48/><G1/><T110/><D96/><U40/><E121/><V75/><F75/><W8/><G74/><T32/><D6/><U102/><E0/><V71/><F71/><W52/><G21/><T82/><D41/><U36/><E36/><V11/><F26/><W78/><G78/><T16/><D63/><U85/><E125/><V30/><F30/><W93/><G115/><T98/><D98/><U127/><E127/><V77/><F77/><W68/><G68/><T19/><D72/><U92/><E129/><V84/><F84/><W101/><G101/><T111/><D24/><U9/><E102/><V22/><F22/><W80/><G80/><N who="0" m="30763" /><D35/><U99/><E99/><V134/><F108/><N who="0" m="41514" /><D32/><U15/><E109/><V33/><F33/><W128/><G128/><T97/><D97/><U81/><E62/><V28/><F28/><W133/><G133/><T50/><D50/><U51/><E51/><N who="2" m="29159" /><F12/><W37/><G37/><T38/><D38/><U45/><E42/><V67/><F67/><W3/><G3/><T61/><D61/><U23/><E43/><V89/><F89/><W56/><G39/><T2/><D2/><U86/><E40/><V54/><F54/><W130/><G130/><T112/><D112/><U79/><E79/><V18/><F18/><N who="3" m="8487" /><G66/><T114/><D114/><U5/><E81/><V95/><F95/><AGARI ba="1,0" hai="46,48,52,56,58,88,90,91,93,94,95" m="8487" machi="95" ten="30,12000,2" yaku="8,1,52,3,54,2" doraHai="87" who="3" fromWho="2" sc="196,0,320,0,348,-123,136,123" /><INIT seed="3,0,0,5,1,83" ten="196,320,225,259" oya="3" hai0="69,108,115,87,132,78,72,7,32,60,128,122,91" hai1="17,16,42,15,18,48,129,34,92,94,63,47,27" hai2="111,119,134,19,57,49,58,54,96,127,6,0,35" hai3="90,116,53,93,101,95,123,31,25,20,28,51,84"/><W67/><G123/><T105/><RYUUKYOKU type="yao9" ba="0,0" sc="196,0,320,0,225,0,259,0" hai0="7,32,60,69,72,78,87,91,105,108,115,122,128,132" /><INIT seed="3,1,0,2,3,96" ten="196,320,225,259" oya="3" hai0="83,20,10,110,30,128,58,37,54,18,77,25,100" hai1="120,75,36,52,80,133,129,62,3,95,99,27,23" hai2="7,87,109,14,122,124,12,4,125,92,101,47,43" hai3="130,115,57,94,53,114,6,28,16,76,46,86,65"/><W42/><G130/><T72/><D128/><U60/><E120/><V134/><F109/><W69/><G28/><T31/><D110/><U41/><E129/><V106/><F106/><W9/><G65/><T85/><D37/><U113/><E113/><V126/><F134/><W19/><G69/><T2/><D72/><U5/><E23/><V107/><F107/><W118/><G118/><T91/><D77/><N who="1" m="44095" /><E27/><V59/><F59/><W71/><G71/><T108/><D108/><U35/><E35/><V26/><F26/><W74/><G115/><T11/><D100/><N who="1" m="60543" /><E52/><V131/><F131/><W67/><G67/><T63/><D2/><U112/><E133/><V70/><F70/><W29/><G29/><AGARI ba="1,0" hai="10,11,18,20,25,29,30,31,54,58,63,83,85,91" machi="29" ten="40,1300,0" yaku="8,1" doraHai="96" who="0" fromWho="3" sc="196,16,320,0,225,0,259,-16" /><INIT seed="4,0,0,3,3,1" ten="212,320,225,243" oya="0" hai0="64,25,15,10,71,72,69,38,135,126,112,122,77" hai1="5,18,6,12,47,26,103,133,49,78,40,34,19" hai2="128,132,105,42,114,110,7,31,96,82,75,86,101" hai3="111,46,123,70,117,50,62,127,59,23,61,56,107"/><T84/><D122/><U120/><E120/><V104/><F110/><W65/><G107/><T90/><D38/><U89/><E103/><V52/><F75/><W32/><G32/><T35/><D112/><U119/><E119/><V106/><F42/><N who="3" m="24919" /><G23/><T131/><D126/><U83/><E89/><V9/><F128/><W134/><G123/><T3/><D131/><U87/><E133/><V27/><F132/><W130/><G134/><T8/><D77/><U85/><E87/><V48/><F114/><W33/><G33/><T60/><D72/><U129/><E129/><V73/><F73/><W93/><G93/><T4/><D135/><U45/><E47/><V91/><F27/><W28/><G28/><T88/><D69/><U92/><E92/><V98/><F31/><W11/><G11/><T54/><D54/><U81/><E83/><V66/><F66/><N who="3" m="39231" /><G130/><T67/><D67/><U55/><E55/><V41/><F98/><W97/><G97/><T30/><D84/><U74/><E74/><V16/><F41/><W116/><G111/><T102/><D102/><U79/><E78/><V95/><F16/><AGARI ba="0,0" hai="3,4,8,10,15,16,25,30,35,60,64,71,88,90" machi="16" ten="30,11600,0" yaku="7,1,52,1,54,2" doraHai="1" who="0" fromWho="2" sc="212,116,320,0,225,-116,243,0" /><INIT seed="4,1,0,1,2,81" ten="328,320,109,243" oya="0" hai0="37,43,7,41,114,49,112,86,74,84,64,44,50" hai1="3,28,118,60,77,2,31,109,97,85,72,34,36" hai2="123,58,93,99,115,11,59,82,33,54,104,5,79" hai3="19,16,22,111,129,6,107,98,18,126,119,89,10"/><T80/><D64/><U101/><E85/><N who="0" m="32873" /><D7/><U65/><E36/><V14/><F115/><N who="0" m="44074" /><D43/><U132/><E31/><V73/><F5/><W56/><G126/><T67/><D67/><U134/><E118/><V20/><F79/><AGARI ba="1,0" hai="37,41,44,49,50,74,79,80" m="44074,32873" machi="79" ten="30,11600,0" yaku="15,1,52,3" doraHai="81" who="0" fromWho="2" sc="328,119,320,0,109,-119,243,0" owari="447,55.0,320,12.0,-10,-51.0,243,-16.0" /></mjloggm>