<mjloggm ver="2.3"><GO type="169" lobby="0"/><UN n0="%77%61%72%6E%69%6E%67" n1="%E3%81%A0%E3%81%90%E3%81%A9" n2="%E5%B0%B1%E6%B4%BB%E7%94%9F%40%E5%B7%9D%E6%9D%91%E8%BB%8D%E5%9B%A3" n3="%E3%82%B3%E3%83%BC%E3%83%A9%E4%B8%8B%E3%81%95%E3%81%84" dan="16,16,16,16" rate="2113.72,2062.26,2059.31,2173.09" sx="M,M,M,M"/><TAIKYOKU oya="0"/><INIT seed="0,0,0,1,3,19" ten="250,250,250,250" oya="0" hai0="76,115,81,94,80,128,15,133,103,22,60,67,21" hai1="54,95,33,52,101,85,39,1,17,42,66,130,12" hai2="84,88,129,5,109,16,61,99,7,90,55,74,44" hai3="86,82,107,134,70,91,32,51,3,119,27,126,127"/><T124/><D115/><U34/><E1/><V24/><F74/><W20/><G119/><T125/><D15/><U102/><E66/><V43/><F109/><W50/><G3/><T6/><D6/><N who="2" m="2058" /><F129/><W69/><G32/><T111/><D128/><U132/><E132/><V58/><F99/><W112/><G107/><T100/><D133/><U62/><E39/><V120/><F120/><W83/><G112/><T64/><D111/><U41/><E34/><V57/><F84/><W75/><G134/><T59/><D94/><U45/><E33/><V123/><F123/><W4/><G4/><T18/><D18/><U96/><E85/><V106/><F106/><W116/><G116/><T92/><D92/><U108/><E108/><V29/><F29/><N who="3" m="17639" /><G75/><T131/><D131/><U63/><E102/><N who="0" m="38953" /><D67/><U72/><E72/><V73/><F73/><W93/><G70/><T97/><D97/><U114/><E114/><V31/><F31/><W87/><G69/><T37/><D37/><U56/><E130/><V105/><F105/><W65/><G65/><T10/><D10/><N who="1" m="6295" /><E63/><V110/><F110/><W68/><G68/><T13/><D13/><U89/><E101/><V104/><F104/><W122/><G122/><T47/><D47/><U113/><E113/><V25/><F25/><W48/><G87/><N who="0" m="48519" /><D81/><U71/><E71/><V135/><F135/><W117/><G117/><T35/><D35/><U9/><E9/><V0/><F0/><W14/><G14/><T23/><D64/><N who="1" m="38983" /><E45/><V2/><F2/><W8/><G8/><T38/><D38/><U36/><E36/><N who="2" m="21607" /><F58/><W26/><G26/><RYUUKYOKU ba="0,0" sc="250,0,250,0,250,0,250,0" hai0="21,22,23,59,60,124,125" hai1="41,42,52,54,89,95,96" hai2="16,24,55,57,61,88,90" hai3="48,50,51,82,83,86,91,93,126,127" /><INIT seed="0,1,0,1,5,133" ten="250,250,250,250" oya="0" hai0="51,40,90,13,114,26,11,68,129,34,72,84,54" hai1="37,33,101,78,86,61,121,69,42,0,91,98,17" hai2="53,85,48,46,80,100,52,9,5,49,97,77,81" hai3="55,73,113,110,8,6,93,94,87,7,43,82,122"/><T18/><D114/><U56/><E0/><V59/><F81/><W23/><G113/><T38/><D72/><U35/><E69/><V92/><F9/><W12/><G110/><T120/><D120/><U1/><E1/><V60/><F5/><W30/><G73/><T65/><D129/><U106/><E78/><V105/><F105/><W132/><G132/><T47/><D68/><U57/><E57/><V124/><REACH who="2" step="1"/><F60/><REACH who="2" ten="250,250,240,250" step="2"/><W102/><G7/><T45/><D65/><U123/><E123/><V127/><AGARI ba="1,1" hai="46,48,49,52,53,59,77,80,85,92,97,100,124,127" machi="127" ten="30,12000,2" yaku="1,1,2,1,0,1,52,2,54,1,53,0" doraHai="133" doraHaiUra="107" who="2" fromWho="2" sc="250,-61,250,-31,240,133,250,-31" /><INIT seed="1,0,0,1,0,37" ten="189,219,373,219" oya="1" hai0="127,115,29,131,41,21,112,50,114,99,49,59,68" hai1="74,38,11,26,130,33,0,7,79,10,2,51,47" hai2="121,101,48,134,125,90,45,39,14,58,28,46,93" hai3="75,86,88,81,66,124,40,105,129,71,89,5,70"/><U132/><E130/><V52/><F121/><W111/><G111/><T64/><D21/><U20/><E132/><V8/><F134/><W103/><G124/><T97/><D29/><U126/><E126/><V106/><F125/><W31/><G5/><T94/><D127/><U77/><E38/><V55/><F39/><W104/><G129/><T116/><D97/><U73/><E33/><V60/><F28/><W69/><G66/><T54/><D131/><U53/><E74/><V3/><F3/><W72/><G31/><T119/><D94/><U135/><E135/><V109/><F109/><W19/><G40/><T27/><D27/><U92/><E92/><V83/><F101/><W98/><G104/><T87/><D87/><U34/><E34/><V82/><F46/><W62/><G62/><N who="0" m="39959" /><D99/><U44/><E44/><AGARI ba="0,0" hai="41,44,49,50,54,59,112,114,115,116,119" m="39959" machi="44" ten="30,3900,0" yaku="34,2,52,1" doraHai="37" who="0" fromWho="1" sc="189,39,219,-39,373,0,219,0" /><INIT seed="2,0,0,0,1,50" ten="228,180,373,219" oya="2" hai0="134,36,106,108,29,114,76,48,35,34,80,67,45" hai1="105,94,71,24,130,135,5,87,38,95,120,32,115" hai2="125,30,0,101,25,26,132,83,49,33,124,44,57" hai3="51,82,74,86,128,110,20,1,99,109,52,97,56"/><V77/><F101/><W131/><G1/><T70/><D108/><N who="3" m="41577" /><G74/><T53/><D134/><U78/><E38/><V73/><F132/><W17/><G20/><T6/><D106/><U66/><E5/><V13/><F0/><W62/><G17/><T72/><D114/><U39/><E39/><V100/><F100/><W37/><G37/><T119/><D119/><U55/><E105/><V111/><F111/><W91/><G62/><T8/><D29/><U54/><E115/><V2/><F2/><W107/><G107/><T84/><D72/><U69/><E135/><V11/><F26/><W12/><G12/><T63/><REACH who="0" step="1"/><D36/><REACH who="0" ten="218,180,373,219" step="2"/><U42/><E120/><V89/><F73/><W3/><G3/><AGARI ba="0,1" hai="3,6,8,34,35,45,48,53,63,67,70,76,80,84" machi="3" ten="30,7700,0" yaku="1,1,2,1,7,1,52,1,53,0" doraHai="50" doraHaiUra="21" who="0" fromWho="3" sc="218,87,180,0,373,0,219,-77" /><INIT seed="3,0,0,3,5,78" ten="305,180,373,142" oya="3" hai0="83,55,114,116,113,43,107,37,89,38,44,15,109" hai1="120,124,29,31,7,42,82,128,35,12,115,45,64" hai2="127,11,130,111,3,74,5,53,85,57,71,91,102" hai3="133,108,101,67,96,21,6,73,97,48,32,26,72"/><W131/><G32/><T86/><D109/><U33/><E64/><V65/><F111/><W58/><G108/><T100/><D116/><U88/><E120/><V118/><F74/><W10/><G131/><T47/><D55/><U24/><E115/><N who="0" m="44041" /><D15/><U52/><E128/><V93/><F118/><W17/><G133/><T39/><D43/><U76/><E124/><V84/><F127/><W25/><G25/><T28/><D28/><U2/><E35/><V104/><F71/><W87/><G87/><T99/><AGARI ba="0,0" hai="37,38,39,44,47,83,86,89,99,100,107" m="44041" machi="99" ten="40,2700,0" yaku="11,1,52,1" doraHai="78" who="0" fromWho="0" sc="305,27,180,-7,373,-7,142,-13" /><INIT seed="4,0,0,5,1,104" ten="332,173,366,129" oya="0" hai0="22,112,34,90,86,128,80,28,79,121,1,106,7" hai1="40,109,41,96,33,122,58,101,131,135,120,124,9" hai2="20,63,36,92,125,16,23,14,110,97,5,39,42" hai3="103,59,55,31,35,83,65,8,61,69,84,78,10"/><T88/><D121/><U94/><E33/><V72/><F110/><W51/><REACH who="3" step="1"/><G103/><REACH who="3" ten="332,173,366,119" step="2"/><T48/><D90/><N who="1" m="55383" /><E120/><V102/><F125/><W129/><G129/><T107/><D88/><U37/><E101/><V18/><F5/><W6/><G6/><T66/><D128/><U91/><E131/><V115/><F115/><W60/><G60/><T68/><D112/><U21/><E122/><V70/><F42/><W50/><G50/><T126/><D48/><U47/><E41/><V43/><F43/><W87/><G87/><T29/><D86/><U116/><E40/><V2/><F2/><W49/><G49/><T82/><D7/><U108/><E109/><V100/><F100/><W134/><G134/><T99/><D1/><U38/><E135/><V62/><F62/><W117/><G117/><T105/><D126/><U32/><E116/><V123/><F123/><W17/><G17/><T114/><D114/><U64/><E108/><V56/><F39/><W46/><G46/><T133/><D133/><U81/><E47/><V130/><F36/><W71/><G71/><T119/><D68/><U4/><E38/><V98/><F70/><W127/><G127/><T89/><D89/><U44/><E44/><V75/><F98/><W74/><G74/><T11/><D99/><U30/><E37/><V111/><F130/><W27/><AGARI ba="0,1" hai="8,10,27,31,35,51,55,59,61,65,69,78,83,84" machi="27" ten="30,4000,0" yaku="21,2,0,1,53,0" doraHai="104" doraHaiUra="19" who="3" fromWho="3" sc="332,-20,173,-10,366,-10,119,50" /><INIT seed="5,0,0,4,3,62" ten="312,163,356,169" oya="1" hai0="22,127,48,56,88,41,42,14,69,36,119,122,44" hai1="52,92,68,26,20,100,61,57,132,9,112,21,76" hai2="135,34,84,124,2,115,133,32,1,104,40,35,125" hai3="0,82,95,71,53,12,4,87,129,120,70,15,31"/><U94/><E68/><V64/><F104/><W6/><G120/><T29/><D119/><U51/><E112/><V98/><F98/><W38/><G38/><T116/><D116/><U24/><E132/><N who="2" m="50763" /><F40/><W89/><G129/><T27/><D127/><N who="2" m="48714" /><F84/><W5/><G0/><N who="2" m="105" /><F64/><W85/><G31/><T8/><D122/><U63/><E9/><V49/><F49/><W65/><G71/><T78/><D69/><U74/><E74/><V81/><F81/><W47/><G65/><T16/><D42/><U67/><E76/><V10/><F10/><W106/><G106/><T83/><D78/><U79/><E79/><V96/><F96/><W110/><G70/><T123/><D123/><U128/><E128/><V33/><F33/><W73/><G73/><T134/><D134/><U43/><E43/><V60/><F60/><N who="1" m="23113" /><E67/><V30/><F115/><W39/><G39/><T99/><D83/><U25/><E100/><V37/><F37/><W50/><G110/><T23/><D36/><U3/><E3/><V13/><F13/><W118/><G118/><T90/><D99/><U28/><E25/><AGARI ba="0,0" hai="25,30,32,34,35" m="105,48714,50763" machi="25" ten="40,8000,1" yaku="20,1,18,1,23,1,34,2" doraHai="62" who="2" fromWho="1" sc="312,0,163,-80,356,80,169,0" /><INIT seed="6,0,0,1,2,8" ten="312,83,436,169" oya="2" hai0="103,51,53,84,55,39,95,66,46,26,104,27,132" hai1="134,127,91,128,56,9,1,35,20,29,133,60,115" hai2="71,6,34,64,100,124,75,25,111,5,63,23,80" hai3="67,37,2,30,81,118,135,78,74,15,45,90,93"/><V68/><F111/><W86/><G2/><T83/><D132/><U22/><E91/><V11/><F34/><W108/><G108/><T49/><D39/><U131/><E56/><V120/><F124/><W107/><G118/><T28/><D28/><U59/><E115/><V122/><F100/><W19/><G135/><N who="1" m="51722" /><E59/><V21/><F21/><N who="1" m="8297" /><E60/><V129/><F6/><W130/><G130/><N who="1" m="49706" /><E1/><V72/><F71/><W41/><G67/><T70/><D66/><U38/><E38/><V101/><F101/><W65/><G65/><T102/><D70/><U17/><E9/><V119/><F63/><W7/><G107/><T85/><D104/><U99/><E99/><V109/><F11/><W121/><G37/><T3/><D3/><U96/><E96/><V42/><F68/><W12/><G45/><N who="0" m="27823" /><D103/><U57/><E57/><V36/><F36/><W61/><G41/><T18/><D102/><U73/><E73/><V31/><F42/><W50/><G74/><T125/><D46/><U62/><E62/><V13/><F75/><W82/><G61/><T47/><D47/><U123/><E123/><V48/><F64/><W77/><G121/><T16/><D84/><U98/><E98/><V0/><F120/><W24/><G50/><T112/><D85/><U76/><E76/><V14/><F129/><W87/><G87/><T54/><D51/><U106/><E106/><V113/><F72/><W116/><G77/><T69/><D69/><U88/><E88/><V97/><F122/><W114/><G86/><T43/><D43/><U58/><E58/><V40/><F109/><W44/><G44/><RYUUKYOKU ba="0,0" sc="312,0,83,0,436,0,169,0" /><INIT seed="7,1,0,3,1,52" ten="312,83,436,169" oya="3" hai0="129,26,38,98,104,68,73,76,95,9,21,97,128" hai1="115,88,20,0,77,69,42,7,59,53,116,112,126" hai2="34,135,46,79,4,43,64,91,54,60,71,66,85" hai3="109,28,82,15,106,63,40,83,108,51,58,57,90"/><W47/><G106/><T120/><D120/><U6/><E69/><V3/><F34/><W14/><G28/><T24/><D68/><U44/><E126/><V29/><F29/><W113/><G113/><T125/><D38/><U8/><E116/><V127/><F79/><W114/><G114/><T123/><D123/><U5/><E77/><V96/><F66/><W78/><G63/><T12/><D104/><U119/><E119/><V111/><F4/><W74/><G83/><T23/><D76/><U81/><E20/><N who="0" m="7753" /><D73/><U61/><E115/><V92/><F3/><W87/><G90/><N who="0" m="55543" /><D98/><U133/><E133/><V36/><F111/><N who="3" m="42571" /><G74/><T31/><D31/><U1/><E112/><V45/><F135/><W84/><G87/><T65/><D65/><U86/><REACH who="1" step="1"/><E0/><REACH who="1" ten="312,73,436,169" step="2"/><V101/><F127/><W18/><G15/><T11/><D12/><U10/><E10/><AGARI ba="1,1" hai="10,14,18,40,47,51,57,58,78,82,84" m="42571" machi="10" ten="30,5800,0" yaku="10,1,52,2" doraHai="52" who="3" fromWho="1" sc="312,0,73,-61,436,0,169,71" /><INIT seed="7,2,0,4,0,134" ten="312,12,436,240" oya="3" hai0="85,59,60,11,119,54,33,117,46,86,132,30,69" hai1="120,128,45,50,5,29,64,104,21,100,37,108,32" hai2="70,19,130,0,53,79,20,27,57,36,71,65,90" hai3="7,118,1,38,9,107,122,127,18,3,123,83,51"/><W88/><G38/><T56/><D69/><U92/><E21/><V13/><F0/><W94/><G107/><T31/><D132/><U28/><E28/><N who="0" m="10793" /><D33/><U67/><E92/><V34/><F36/><W40/><G118/><T78/><D119/><U99/><E50/><V26/><F34/><W10/><G83/><N who="0" m="47351" /><D117/><U41/><E64/><V66/><F70/><W80/><G80/><T49/><D60/><U101/><E128/><V121/><F79/><W116/><G116/><T35/><D35/><U110/><E120/><V58/><F71/><W133/><G133/><T115/><D115/><U16/><E16/><V62/><F121/><W48/><G48/><T6/><D86/><U15/><E15/><AGARI ba="2,0" hai="6,11,15,46,49,54,56,59" m="47351,10793" machi="15" ten="30,1000,0" yaku="8,1" doraHai="134" who="0" fromWho="1" sc="312,16,12,-16,436,0,240,0" owari="328,13.0,-4,-50.0,436,53.0,240,-16.0" /></mjloggm>