<mjloggm ver="2.3"><GO type="169" lobby="0"/><UN n0="%E5%B0%B1%E6%B4%BB%E7%94%9F%40%E5%B7%9D%E6%9D%91%E8%BB%8D%E5%9B%A3" n1="%E5%BE%A9%E8%AE%90%E3%81%A1%E3%82%83%E3%82%93" n2="%6E%65%6F%40%75%6E%69" n3="%E5%99%82%E3%81%AE%E3%81%8D%E3%81%BF%E3%81%A9%E3%82%8A" dan="17,16,19,16" rate="2219.06,2089.32,2291.83,2095.63" sx="M,F,M,F"/><TAIKYOKU oya="0"/><INIT seed="0,0,0,0,0,61" ten="250,250,250,250" oya="0" hai0="126,134,67,99,79,88,6,12,117,38,66,125,57" hai1="98,42,64,78,36,72,90,68,20,10,84,49,53" hai2="3,56,31,85,82,27,83,102,55,89,45,16,96" hai3="122,48,81,127,13,123,19,113,95,86,110,115,114"/><T1/><D1/><U130/><E130/><V129/><F3/><W93/><G48/><T5/><D117/><U30/><E98/><V33/><F45/><W101/><G19/><T26/><D38/><U112/><E112/><V70/><F70/><W23/><G23/><T135/><D79/><U52/><E10/><V11/><F83/><W124/><G13/><T39/><D39/><U80/><E36/><V22/><F11/><W119/><G119/><T97/><D26/><U34/><E34/><V128/><F33/><W4/><G4/><T116/><D116/><U75/><E75/><V58/><F31/><W29/><G29/><T109/><D57/><U71/><E42/><V111/><F111/><W8/><G8/><T118/><D118/><U69/><E49/><V47/><F47/><W2/><G2/><T18/><D109/><U35/><E35/><V44/><F44/><W32/><G32/><T120/><D120/><N who="3" m="46121" /><G110/><T60/><D60/><U103/><E103/><V76/><F76/><N who="3" m="46375" /><G101/><T14/><D18/><U41/><E41/><V131/><REACH who="2" step="1"/><F55/><REACH who="2" ten="250,250,240,250" step="2"/><W121/><N who="3" m="46129" /><W62/><DORA hai="43" /><G62/><T108/><D108/><U17/><E30/><V25/><F25/><W63/><G63/><T37/><D37/><U73/><E52/><V107/><AGARI ba="0,1" hai="16,22,27,56,58,82,85,89,96,102,107,128,129,131" machi="107" ten="30,8000,1" yaku="1,1,0,1,19,1,54,1,53,1" doraHai="61,43" doraHaiUra="40,100" who="2" fromWho="2" sc="250,-40,250,-20,240,90,250,-20" /><INIT seed="1,0,0,2,2,83" ten="210,230,330,230" oya="1" hai0="93,34,122,94,126,100,82,27,86,89,65,59,115" hai1="35,102,37,22,61,84,91,51,123,46,63,1,107" hai2="121,108,36,131,130,67,77,71,97,64,6,79,3" hai3="110,19,76,0,135,54,26,25,48,40,66,57,98"/><U42/><E35/><V50/><F50/><W120/><G110/><T43/><D115/><U49/><E123/><V12/><F12/><W99/><G0/><T125/><D43/><U41/><E1/><V52/><F3/><W124/><G120/><T38/><D38/><U109/><E109/><V16/><F97/><W15/><G135/><T105/><D122/><U4/><E4/><V73/><F6/><W68/><G76/><T7/><D7/><U18/><E102/><V104/><F36/><W80/><G80/><T39/><D39/><U11/><E11/><V85/><F73/><W47/><G68/><T53/><D65/><U132/><E107/><V5/><F5/><W28/><G66/><T112/><D112/><U111/><E132/><V113/><F71/><W23/><G124/><N who="0" m="47723" /><D105/><U32/><E32/><V58/><F104/><W87/><G87/><T119/><D100/><U56/><E37/><V60/><F85/><W9/><REACH who="3" step="1"/><G26/><REACH who="3" ten="210,230,330,220" step="2"/><T13/><D13/><N who="1" m="9551" /><E111/><V33/><F108/><W127/><G127/><T101/><D27/><U24/><E24/><V17/><F121/><W117/><G117/><T44/><D119/><U81/><E41/><V128/><F113/><W103/><G103/><T106/><D101/><U69/><E69/><V90/><F128/><W31/><G31/><T14/><D106/><U129/><E129/><V21/><F131/><W95/><G95/><T10/><D94/><U78/><E78/><V62/><F77/><W133/><G133/><T92/><D93/><U74/><E74/><V72/><F72/><W55/><G55/><AGARI ba="0,1" hai="42,46,49,51,55,56,61,63,81,84,91" m="9551" machi="55" ten="30,2900,0" yaku="8,1,52,1" doraHai="83" who="1" fromWho="3" sc="210,0,230,39,330,0,220,-29" /><INIT seed="1,1,0,5,5,99" ten="210,269,330,191" oya="1" hai0="119,87,1,108,45,124,40,28,78,86,131,110,130" hai1="127,74,25,132,98,105,114,109,11,88,5,84,134" hai2="14,103,60,42,113,34,2,79,44,15,57,104,46" hai3="32,50,115,85,93,6,64,52,59,135,80,55,17"/><U49/><E74/><V101/><F2/><W81/><G115/><T97/><D1/><U77/><E114/><V100/><F34/><W67/><G32/><T29/><D119/><U36/><E36/><V121/><F104/><W22/><G6/><T106/><D124/><U33/><E127/><V54/><F121/><W126/><G126/><T38/><D29/><U116/><E116/><V65/><F79/><W8/><G8/><T13/><D13/><N who="2" m="4618" /><F113/><W83/><G135/><T112/><D28/><U4/><E11/><V19/><F19/><W133/><G133/><N who="1" m="51306" /><E77/><V94/><F42/><W73/><G73/><T9/><D9/><U122/><E122/><V71/><F71/><W102/><G55/><T10/><D10/><U117/><E117/><V43/><F43/><W0/><G0/><T68/><D68/><U82/><E49/><N who="2" m="28983" /><F44/><W107/><G107/><T23/><D23/><U72/><E72/><V91/><F91/><W7/><G7/><T62/><D62/><U70/><E70/><V31/><F31/><W96/><REACH who="3" step="1"/><G85/><REACH who="3" ten="210,269,330,181" step="2"/><N who="0" m="32267" /><D78/><U61/><E4/><V35/><F35/><W92/><G92/><AGARI ba="1,1" hai="57,60,65,92,94,100,101,103" m="28983,4618" machi="92" ten="30,7700,0" yaku="8,1,52,3" doraHai="99" who="2" fromWho="3" sc="210,0,269,0,330,90,181,-80" /><INIT seed="2,0,0,4,5,99" ten="210,269,420,101" oya="2" hai0="132,42,111,27,126,70,11,46,34,131,32,57,19" hai1="2,17,81,129,120,98,124,35,23,122,24,93,127" hai2="115,80,37,41,55,67,73,18,78,33,15,4,105" hai3="61,68,36,79,94,54,66,116,74,5,13,40,110"/><V38/><F33/><W117/><G110/><T28/><D70/><U85/><E2/><V76/><F41/><W113/><G113/><T7/><D111/><U43/><E43/><V9/><F67/><W90/><G74/><T92/><D131/><U77/><E35/><V84/><F105/><W108/><G79/><T72/><D72/><U0/><E0/><V107/><F107/><W112/><G108/><T119/><D126/><N who="1" m="48171" /><E129/><V71/><F71/><W101/><G112/><T50/><D132/><U103/><AGARI ba="0,0" hai="17,23,24,77,81,85,93,98,103,120,122" m="48171" machi="103" ten="30,2000,0" yaku="18,1,52,1" doraHai="99" who="1" fromWho="1" sc="210,-5,269,20,420,-10,101,-5" /><INIT seed="3,0,0,5,5,105" ten="205,289,410,96" oya="3" hai0="79,62,36,92,47,76,87,94,37,134,41,135,38" hai1="9,108,5,64,116,1,52,123,72,89,31,20,65" hai2="112,133,107,44,43,24,46,34,4,54,85,69,55" hai3="93,90,77,132,51,130,29,16,131,10,42,26,95"/><W124/><G124/><T60/><D47/><U91/><E123/><V58/><F4/><W75/><G132/><N who="0" m="50731" /><D41/><U14/><E116/><V8/><F85/><W49/><G42/><T63/><D87/><U18/><E108/><V127/><F8/><W67/><G67/><T118/><D118/><U35/><E72/><V23/><F23/><N who="3" m="13671" /><G10/><T61/><N who="0" m="15872" /><DORA hai="13" /><T122/><D122/><U120/><E120/><V84/><F84/><N who="3" m="52423" /><G95/><AGARI ba="0,0" hai="36,37,38,76,79,92,94,95" m="15872,50731" machi="95" ten="50,6400,0" yaku="28,2,20,1" doraHai="105,13" who="0" fromWho="3" sc="205,64,289,0,410,0,96,-64" /><INIT seed="4,0,0,1,1,111" ten="269,289,410,32" oya="0" hai0="105,108,28,17,81,121,48,71,42,14,128,120,1" hai1="90,73,98,106,51,34,4,53,50,56,43,29,88" hai2="126,80,59,127,92,135,76,72,36,31,30,23,96" hai3="26,8,84,122,113,129,125,104,3,60,19,11,12"/><T110/><D71/><U63/><E73/><V55/><F23/><W37/><G104/><T44/><D105/><U102/><E4/><V89/><F36/><W93/><G37/><T67/><D1/><U20/><E34/><V7/><F7/><W101/><G129/><T79/><D67/><U82/><E82/><V130/><F130/><W0/><G125/><N who="2" m="47625" /><F135/><W86/><G122/><T103/><D28/><U109/><E109/><N who="0" m="42089" /><D103/><U68/><E43/><V95/><F92/><W119/><G119/><T99/><D99/><U62/><E50/><AGARI ba="0,0" hai="30,31,50,55,59,72,76,80,89,95,96" m="47625" machi="50" ten="30,1000,0" yaku="18,1" doraHai="111" who="2" fromWho="1" sc="269,0,289,-10,410,10,32,0" /><INIT seed="5,0,0,2,4,57" ten="269,279,420,32" oya="1" hai0="89,91,79,28,50,9,51,125,27,45,126,46,84" hai1="36,81,107,10,80,22,99,100,11,106,83,132,35" hai2="94,17,49,123,66,121,59,75,103,37,19,26,42" hai3="12,129,77,30,120,7,58,71,117,76,34,60,53"/><U130/><E35/><V6/><F6/><W128/><G120/><T78/><D9/><U104/><E36/><V85/><F75/><W2/><G71/><T31/><D27/><U61/><E130/><N who="3" m="50282" /><G2/><T21/><D84/><U122/><E122/><V23/><F19/><W13/><G117/><T105/><D21/><U52/><E132/><V65/><F65/><W87/><G87/><T3/><D105/><U88/><E22/><V14/><F14/><N who="3" m="5739" /><G7/><T16/><D3/><U115/><E115/><V113/><F85/><W101/><G101/><T29/><D29/><U114/><E114/><V32/><F32/><W96/><G96/><T82/><D82/><U92/><REACH who="1" step="1"/><E100/><REACH who="1" ten="269,269,420,32" step="2"/><V102/><F103/><W47/><G47/><T135/><D135/><U111/><E111/><V118/><F102/><W8/><G8/><T25/><D25/><AGARI ba="0,1" hai="25,30,34,53,58,60,76,77" m="5739,50282" machi="25" ten="30,2000,0" yaku="19,1,52,1" doraHai="57" who="3" fromWho="0" sc="269,-20,269,0,420,0,32,30" /><INIT seed="6,0,0,1,0,17" ten="249,269,420,62" oya="2" hai0="22,0,105,42,61,90,86,89,76,125,93,129,131" hai1="101,2,81,80,35,7,8,60,31,51,68,27,124" hai2="97,3,40,52,10,57,82,65,71,123,115,9,92" hai3="39,41,104,72,135,24,108,1,74,94,54,55,112"/><V44/><F3/><W13/><G1/><T45/><D0/><U77/><E124/><V29/><F29/><W20/><G104/><T78/><D105/><U48/><E80/><V69/><F69/><W70/><G108/><T66/><D90/><U110/><E110/><V28/><F28/><W11/><G70/><N who="0" m="42319" /><D22/><U91/><E91/><V16/><F65/><W117/><G117/><T53/><D53/><U95/><E68/><V43/><F115/><W15/><G135/><T64/><D64/><U23/><E60/><V34/><F34/><W107/><G107/><T33/><D33/><U100/><E35/><V32/><F32/><W88/><G112/><T84/><D86/><U102/><REACH who="1" step="1"/><E95/><REACH who="1" ten="249,259,420,62" step="2"/><V73/><F92/><W18/><G74/><AGARI ba="0,1" hai="2,7,8,23,27,31,48,51,74,77,81,100,101,102" machi="74" ten="40,5200,0" yaku="1,1,2,1,52,1,53,0" doraHai="17" doraHaiUra="67" who="1" fromWho="3" sc="249,0,259,62,420,0,62,-52" /><INIT seed="7,0,0,0,2,34" ten="249,321,420,10" oya="3" hai0="112,50,55,35,26,72,114,37,48,8,12,87,28" hai1="21,53,16,31,89,77,7,14,3,70,133,57,4" hai2="105,73,82,38,88,109,42,11,17,126,107,85,131" hai3="71,113,62,95,91,135,80,49,90,51,101,41,108"/><W33/><G33/><T118/><D37/><U43/><E70/><V32/><F32/><W117/><G117/><T83/><D118/><U94/><E133/><V103/><F126/><W74/><G135/><T6/><D72/><U54/><E43/><V63/><F103/><W93/><G113/><T76/><REACH who="0" step="1"/><D55/><REACH who="0" ten="239,321,420,10" step="2"/><U13/><E77/><V120/><F38/><W67/><G108/><T22/><D22/><U25/><E53/><V100/><F73/><W56/><G41/><T132/><D132/><U47/><E47/><V129/><F42/><W102/><G74/><T116/><D116/><U24/><E54/><V39/><F109/><W2/><G2/><T98/><D98/><U86/><E3/><V23/><F39/><W97/><G80/><T30/><D30/><U111/><E111/><V60/><F23/><W119/><G119/><T78/><D78/><U125/><E21/><V92/><F107/><W15/><G15/><T127/><D127/><U84/><E31/><V134/><F105/><W9/><G9/><T19/><D19/><U44/><E16/><V75/><F11/><W104/><G104/><T10/><D10/><U5/><E125/><V123/><F75/><W29/><G29/><T27/><D27/><U96/><E44/><V115/><F134/><W122/><G122/><T18/><D18/><U0/><E0/><V61/><F123/><W40/><G40/><T69/><D69/><U65/><E24/><V52/><F82/><W128/><G128/><T64/><D64/><U58/><E25/><V66/><F129/><W46/><G71/><T106/><D106/><RYUUKYOKU ba="0,1" sc="239,30,321,-10,420,-10,10,-10" hai0="6,8,12,26,28,35,48,50,76,83,87,112,114" owari="269,-13.0,311,11.0,420,52.0,0,-50.0" /></mjloggm>