<mjloggm ver="2.3"><GO type="169" lobby="0"/><UN n0="%E3%82%A6%E3%83%AB%E3%83%88%E3%83%A9%E7%AB%8B%E7%9B%B4" n1="%E4%B8%AD%E3%81%AE%E4%B8%8A" n2="%4B%E3%80%82" n3="%E6%9C%88%E8%A9%A0%E3%81%95%E3%82%93" dan="17,16,17,16" rate="2185.45,2037.64,2111.31,2134.80" sx="M,F,M,F"/><TAIKYOKU oya="0"/><INIT seed="0,0,0,0,4,38" ten="250,250,250,250" oya="0" hai0="50,56,73,130,25,85,111,31,62,18,3,132,95" hai1="97,125,120,52,135,83,71,107,8,116,15,104,112" hai2="37,58,122,82,94,61,99,87,119,68,29,20,23" hai3="86,77,114,32,28,72,57,69,89,39,16,78,40"/><T44/><D73/><U7/><E120/><V51/><F122/><W81/><G114/><T118/><D118/><U5/><E116/><V35/><F37/><W108/><G69/><T133/><D3/><U42/><E112/><V117/><F68/><W131/><G108/><T67/><D18/><U88/><E71/><V30/><F35/><W123/><G123/><T46/><D111/><U106/><E125/><V124/><F124/><W98/><G131/><T65/><D65/><U93/><E135/><N who="0" m="51785" /><D130/><U75/><E7/><V115/><F115/><W1/><G1/><T60/><D60/><U92/><E92/><V41/><F30/><W21/><G28/><T9/><D9/><U100/><E42/><V121/><F121/><W2/><G2/><T126/><D126/><U103/><REACH who="1" step="1"/><E52/><REACH who="1" ten="250,240,250,250" step="2"/><V128/><F41/><W90/><G40/><T45/><D95/><U43/><E43/><V101/><F117/><W80/><G39/><T24/><D45/><U96/><E96/><V70/><F119/><W0/><G98/><T127/><D46/><U49/><E49/><V4/><F51/><W76/><G57/><T22/><D127/><U105/><N who="1" m="26624" /><DORA hai="63" /><U113/><E113/><V84/><F70/><W79/><G72/><T54/><D85/><N who="2" m="32842" /><F128/><W33/><G0/><T36/><D36/><U27/><E27/><AGARI ba="0,1" hai="22,24,25,27,31,44,50,54,56,62,67" m="51785" machi="27" ten="30,2900,0" yaku="20,1,52,1" doraHai="38,63" who="0" fromWho="1" sc="250,39,240,-29,250,0,250,0" /><INIT seed="0,1,0,3,1,7" ten="289,211,250,250" oya="0" hai0="103,49,39,79,43,107,112,83,74,58,9,134,13" hai1="19,101,87,124,69,0,119,95,63,81,120,71,55" hai2="6,77,16,118,18,22,130,8,98,28,3,66,123" hai3="99,132,44,52,129,133,105,127,15,117,126,27,88"/><T38/><D112/><U89/><E120/><V23/><F123/><W110/><G117/><T50/><D134/><N who="3" m="51817" /><G110/><T86/><D74/><U41/><E119/><V82/><F118/><W29/><G15/><T62/><D107/><U97/><E124/><N who="3" m="47658" /><G105/><T17/><D103/><U21/><E41/><V128/><F66/><W80/><G27/><T121/><D121/><U12/><E0/><V14/><F98/><W93/><G29/><T65/><D50/><U78/><E63/><V72/><REACH who="2" step="1"/><F28/><REACH who="2" ten="289,211,240,250" step="2"/><W76/><G129/><T25/><D25/><AGARI ba="1,1" hai="3,6,8,14,16,18,22,23,25,72,77,82,128,130" machi="25" ten="40,8000,1" yaku="1,1,2,1,52,1,54,1,53,1" doraHai="7" doraHaiUra="2" who="2" fromWho="0" sc="289,-83,211,0,240,93,250,0" /><INIT seed="1,0,0,3,4,51" ten="206,211,333,250" oya="1" hai0="114,81,78,84,111,39,7,53,113,15,108,42,12" hai1="93,14,135,8,103,20,125,109,63,127,4,116,32" hai2="96,70,41,75,47,35,79,126,66,68,25,59,57" hai3="26,18,115,74,2,107,56,28,104,120,124,102,13"/><U121/><E121/><V133/><F75/><W90/><G115/><T37/><D42/><U118/><E32/><V119/><F79/><W50/><G120/><T99/><D99/><N who="1" m="59887" /><E135/><V123/><F35/><W22/><G74/><T23/><D7/><U106/><E106/><V19/><F96/><W24/><G124/><N who="1" m="47690" /><E109/><N who="0" m="42057" /><D23/><U101/><E101/><V97/><F97/><W49/><G102/><T34/><D34/><U44/><E44/><V16/><F123/><W89/><G2/><T98/><D98/><U33/><E33/><V132/><F126/><W65/><G26/><T27/><D27/><U67/><E20/><V117/><F25/><W58/><G107/><T43/><D43/><U71/><AGARI ba="0,0" hai="4,8,14,63,67,71,116,118" m="47690,59887" machi="71" ten="30,1500,0" yaku="18,1" doraHai="51" who="1" fromWho="1" sc="206,-5,211,15,333,-5,250,-5" /><INIT seed="1,1,0,0,4,27" ten="201,226,328,245" oya="1" hai0="13,39,80,2,33,36,105,26,74,59,18,96,17" hai1="25,69,31,116,93,47,122,70,123,48,114,106,71" hai2="68,29,7,61,51,60,28,30,42,77,129,113,126" hai3="58,89,19,52,95,75,32,49,37,134,133,16,14"/><U45/><E106/><V78/><F129/><W54/><G75/><T88/><D2/><U111/><E116/><V119/><F119/><W109/><G109/><T12/><D74/><U4/><E114/><V118/><F118/><W5/><G37/><T72/><D72/><U103/><E111/><V46/><F126/><W24/><G54/><T125/><D105/><U104/><E104/><V64/><F113/><W83/><G83/><T82/><D125/><U131/><E4/><V117/><F117/><W62/><G49/><T98/><D59/><U99/><E131/><V127/><F127/><W132/><G32/><T57/><D57/><U41/><REACH who="1" step="1"/><E47/><REACH who="1" ten="201,216,328,245" step="2"/><V55/><F7/><W11/><REACH who="3" step="1"/><G24/><REACH who="3" ten="201,216,328,235" step="2"/><T81/><D26/><U9/><E9/><V97/><F46/><W79/><G79/><T128/><D128/><U120/><E120/><V34/><F78/><W67/><G67/><T135/><D135/><U53/><E53/><V65/><F77/><W15/><G15/><T124/><D124/><U76/><E76/><V91/><F55/><W121/><G121/><T1/><D12/><U87/><E87/><AGARI ba="1,2" hai="5,11,14,16,19,52,58,62,87,89,95,132,133,134" machi="87" ten="40,8000,1" yaku="1,1,20,1,54,2,53,0" doraHai="27" doraHaiUra="22" who="3" fromWho="1" sc="201,0,216,-83,328,0,235,103" /><INIT seed="2,0,0,3,1,15" ten="201,133,328,338" oya="2" hai0="117,39,41,122,24,74,100,66,53,107,42,128,62" hai1="104,16,78,90,4,123,18,37,73,72,22,40,113" hai2="120,33,17,59,102,49,103,70,21,55,97,91,35" hai3="115,6,14,96,44,94,36,95,133,61,57,76,60"/><V121/><F70/><W69/><G133/><T5/><D122/><U86/><E113/><V38/><F38/><W27/><G115/><T19/><D74/><U52/><E104/><V118/><F118/><W114/><G114/><T58/><D117/><U47/><E123/><V85/><F35/><W8/><G69/><T89/><D128/><U64/><E64/><V11/><F33/><W84/><G27/><T63/><D5/><U92/><E4/><V81/><F102/><W110/><G110/><T124/><D124/><U32/><E32/><V75/><F11/><W93/><G36/><T51/><D39/><U99/><E99/><V83/><F83/><N who="3" m="47207" /><G44/><N who="0" m="27879" /><D107/><U98/><E98/><V68/><F75/><W87/><G87/><T125/><D100/><U50/><E78/><V3/><F3/><W20/><G20/><N who="0" m="13343" /><D125/><U105/><E105/><V25/><REACH who="2" step="1"/><F68/><REACH who="2" ten="201,133,318,338" step="2"/><W129/><G129/><T7/><D89/><U82/><E73/><V10/><F10/><W26/><G8/><T106/><D106/><AGARI ba="0,1" hai="17,21,25,49,55,59,81,85,91,97,103,106,120,121" machi="106" ten="30,5800,0" yaku="1,1,7,1,52,1,53,0" doraHai="15" doraHaiUra="112" who="2" fromWho="0" sc="201,-58,133,0,318,68,338,0" /><INIT seed="2,1,0,5,0,113" ten="143,133,386,338" oya="2" hai0="99,27,43,72,70,29,100,3,21,84,103,98,78" hai1="16,97,86,24,0,56,116,79,120,35,14,32,41" hai2="101,65,76,18,48,7,45,6,119,110,55,11,115" hai3="26,31,39,123,52,92,107,60,77,111,33,71,102"/><V58/><F115/><W10/><G123/><T38/><D3/><U105/><E0/><V75/><F75/><W42/><G77/><T90/><D70/><U28/><E120/><V85/><F101/><W124/><G92/><T91/><D72/><U61/><E35/><V94/><F119/><W96/><G111/><T9/><D38/><U126/><E126/><V118/><F118/><W40/><G124/><T37/><D37/><U134/><E134/><V23/><F110/><W2/><G39/><T22/><D43/><U1/><E1/><V12/><F65/><N who="3" m="41383" /><G52/><T82/><D9/><U53/><E116/><V49/><F94/><W83/><G83/><T47/><D47/><U87/><E41/><V104/><F104/><W44/><G44/><T17/><D100/><U95/><E79/><V129/><F129/><W88/><G88/><N who="0" m="33835" /><D103/><U109/><E105/><V89/><F89/><W108/><G108/><T114/><D114/><U50/><E109/><V69/><F69/><W122/><G122/><T132/><D132/><U74/><E74/><V66/><F66/><W130/><G130/><T25/><AGARI ba="1,0" hai="17,21,22,25,27,29,78,82,84,98,99" m="33835" machi="25" ten="30,2000,0" yaku="8,1,54,1" doraHai="113" who="0" fromWho="0" sc="143,23,133,-6,386,-11,338,-6" /><INIT seed="3,0,0,5,3,107" ten="166,127,375,332" oya="3" hai0="130,122,131,47,59,102,133,23,25,118,93,49,40" hai1="68,22,119,98,65,74,87,121,30,41,32,6,94" hai2="12,79,21,106,56,123,64,128,17,100,38,129,20" hai3="33,15,9,73,127,8,14,52,5,75,96,109,42"/><W50/><G33/><T97/><D122/><U78/><E121/><V69/><F123/><W76/><G127/><T120/><D120/><U63/><E32/><V11/><F38/><W16/><G42/><T55/><D133/><U80/><E119/><V134/><F69/><W18/><G76/><T7/><D7/><U135/><E135/><V83/><F134/><W48/><G109/><T71/><D71/><U31/><E6/><V116/><F116/><W39/><G39/><T2/><D2/><U113/><E113/><V4/><F106/><W86/><G86/><T111/><D111/><U91/><E41/><V44/><F100/><W1/><G96/><T81/><D81/><U24/><REACH who="1" step="1"/><E30/><REACH who="1" ten="166,117,375,332" step="2"/><V132/><F132/><W99/><G99/><AGARI ba="0,1" hai="22,24,31,63,65,68,74,78,80,87,91,94,98,99" machi="99" ten="40,8000,1" yaku="1,1,2,1,52,1,53,1" doraHai="107" doraHaiUra="27" who="1" fromWho="3" sc="166,0,117,90,375,0,332,-80" /><INIT seed="4,0,0,1,0,0" ten="166,207,375,252" oya="0" hai0="76,119,120,59,132,21,92,45,85,79,36,51,115" hai1="131,65,55,135,77,122,123,82,105,62,107,15,14" hai2="63,88,87,126,71,29,81,102,60,117,98,28,96" hai3="91,26,42,89,110,134,104,57,23,5,50,43,8"/><T64/><D120/><U100/><E55/><V18/><F126/><W7/><G110/><T3/><D119/><U73/><E131/><V2/><F2/><W30/><G104/><T86/><D115/><U97/><E135/><V54/><F71/><W94/><G134/><T125/><D132/><U114/><E114/><V72/><F72/><W90/><G94/><T56/><D3/><U32/><E14/><V75/><F75/><W130/><G130/><T12/><D36/><U58/><E105/><V95/><F117/><W124/><G124/><T133/><D133/><U129/><E129/><V6/><F6/><N who="3" m="2059" /><G8/><T70/><D70/><U121/><E32/><V49/><F18/><W128/><G128/><T67/><D125/><U118/><E15/><V108/><F98/><W33/><G33/><T44/><D12/><U27/><E27/><V113/><F108/><W22/><G22/><T41/><D21/><U1/><E1/><V99/><F96/><W52/><AGARI ba="0,0" hai="23,26,30,42,43,50,52,57,89,90,91" m="2059" machi="52" ten="30,8000,1" yaku="8,1,52,3,54,1" doraHai="0" who="3" fromWho="3" sc="166,-40,207,-20,375,-20,252,80" /><INIT seed="5,0,0,4,0,25" ten="126,187,355,332" oya="1" hai0="44,42,121,35,95,102,133,110,119,109,77,12,61" hai1="96,106,55,33,118,56,116,115,4,88,91,50,122" hai2="9,85,92,98,70,38,34,86,83,114,2,68,103" hai3="82,45,20,127,26,89,59,24,60,108,22,5,31"/><U134/><E122/><V54/><F38/><W112/><G108/><T32/><D119/><U41/><E33/><V29/><F86/><N who="3" m="50391" /><G112/><T27/><D121/><U0/><E115/><V6/><F114/><W47/><G5/><T81/><D133/><U80/><E134/><V19/><F19/><N who="3" m="12319" /><G127/><T65/><D12/><U111/><E111/><V90/><F54/><AGARI ba="0,0" hai="22,26,31,45,47,54,59,60" m="12319,50391" machi="54" ten="30,2000,0" yaku="8,1,52,1" doraHai="25" who="3" fromWho="2" sc="126,0,187,0,355,-20,332,20" /><INIT seed="6,0,0,3,0,99" ten="126,187,335,352" oya="2" hai0="78,19,21,11,74,83,2,107,48,91,22,127,118" hai1="53,101,113,96,44,7,103,97,50,124,104,67,5" hai2="133,25,82,30,33,63,62,13,88,102,59,0,76" hai3="32,84,71,87,134,68,58,119,95,81,46,121,40"/><V72/><F133/><W41/><G121/><T90/><D127/><U114/><E67/><V131/><F0/><W10/><G119/><T61/><D118/><U79/><E79/><V39/><F131/><W47/><G32/><T55/><D107/><N who="1" m="63911" /><E124/><V52/><F39/><W65/><G134/><T116/><D116/><U36/><E36/><V86/><F102/><W132/><G132/><T92/><D61/><U75/><E75/><V98/><F98/><W93/><G10/><T8/><D2/><U49/><E49/><V128/><F128/><W1/><G58/><T14/><D22/><U38/><E38/><V117/><F117/><W125/><G125/><T94/><D94/><U66/><E66/><V9/><F63/><W105/><G81/><T20/><D20/><U109/><E109/><V26/><F26/><W16/><G1/><T29/><D29/><U45/><E45/><V18/><REACH who="2" step="1"/><F72/><REACH who="2" ten="126,187,325,352" step="2"/><W56/><G105/><T106/><D106/><U42/><E97/><V60/><F60/><W64/><G56/><T108/><D108/><U17/><E104/><V23/><F23/><W122/><G122/><T73/><D73/><U54/><E103/><V89/><AGARI ba="0,1" hai="9,13,18,25,30,33,52,59,62,76,82,86,88,89" machi="89" ten="30,11700,0" yaku="1,1,0,1,54,2,53,0" doraHai="99" doraHaiUra="135" who="2" fromWho="2" sc="126,-39,187,-39,325,127,352,-39" /><INIT seed="6,1,0,3,5,131" ten="87,148,452,313" oya="2" hai0="0,22,129,16,88,26,111,58,4,114,64,29,80" hai1="18,65,21,61,54,40,118,125,31,74,8,75,7" hai2="106,45,47,3,60,104,89,113,62,53,46,115,59" hai3="39,126,33,56,77,51,42,85,124,87,127,135,84"/><V101/><F3/><W71/><G33/><T130/><D111/><U102/><E118/><V116/><F116/><W133/><G71/><T90/><D114/><U24/><E40/><V110/><F110/><W72/><G39/><T1/><D4/><U13/><E125/><V44/><F44/><N who="3" m="26007" /><G56/><T98/><D90/><U105/><E54/><V76/><F76/><W67/><G67/><T103/><D103/><U6/><E6/><V134/><F62/><W86/><N who="3" m="21504" /><DORA hai="50" /><W41/><G41/><T78/><D78/><U123/><E123/><V34/><F34/><W108/><G108/><T122/><D80/><AGARI ba="1,0" hai="72,77,80,124,126,127,133,135" m="21504,26007" machi="80" ten="50,6400,0" yaku="18,1,52,2" doraHai="131,50" who="3" fromWho="0" sc="87,-67,148,0,452,0,313,67" /><INIT seed="7,0,0,2,3,28" ten="20,148,452,380" oya="3" hai0="39,108,133,42,121,30,97,33,76,69,83,87,128" hai1="119,62,59,102,91,96,15,9,3,114,135,125,40" hai2="58,34,0,64,53,37,32,41,13,27,16,26,44" hai3="113,88,80,95,110,56,52,84,50,60,4,49,100"/><W38/><G38/><T124/><D87/><U123/><E3/><V74/><F74/><W67/><G113/><T111/><D97/><U29/><E123/><V8/><F64/><W65/><G110/><T1/><D83/><U106/><E59/><V81/><F81/><W77/><G100/><T94/><D94/><U31/><E15/><V122/><F122/><W55/><G4/><T5/><D76/><U21/><E62/><V131/><F131/><W19/><G19/><T85/><D85/><U36/><E21/><V89/><F89/><W14/><G14/><T35/><D42/><U47/><E29/><V93/><F93/><W78/><G78/><T66/><D66/><U132/><E40/><V22/><F0/><W130/><G130/><T86/><D86/><U17/><E17/><V70/><F70/><W2/><G2/><T112/><D30/><U24/><E31/><V63/><F26/><W75/><REACH who="3" step="1"/><G60/><REACH who="3" ten="20,148,452,370" step="2"/><T127/><D5/><AGARI ba="0,1" hai="5,8,13,16,22,27,32,34,37,41,44,53,58,63" machi="5" ten="30,7700,0" yaku="7,1,52,2,54,1" doraHai="28" who="2" fromWho="0" sc="20,-77,148,0,452,87,370,0" owari="-57,-56.0,148,-25.0,539,64.0,370,17.0" /></mjloggm>