<mjloggm ver="2.3"><GO type="97" lobby="0"/><UN n0="%E3%83%A6%E3%83%AA%E3%82%B9" n1="%61%73%61%67%6F%68%61%6E" n2="%E3%81%82%E3%81%96%E3%81%A8%E3%81%99" n3="%E3%83%88%E3%83%88%E3%83%AA%E5%85%88%E7%94%9F%31%39%E6%AD%B3" dan="15,15,15,14" rate="1963.92,1980.60,2014.74,2066.80" sx="M,M,M,F"/><TAIKYOKU oya="0"/><INIT seed="0,0,0,4,3,88" ten="250,250,250,250" oya="0" hai0="85,59,112,44,0,48,81,61,4,18,97,17,67" hai1="123,103,35,51,14,3,130,129,64,9,55,19,68" hai2="56,132,121,98,31,30,45,122,11,29,47,115,94" hai3="91,6,36,93,33,87,76,109,71,58,28,125,73"/><T95/><D112/><U102/><E123/><V96/><F115/><W134/><G71/><T86/><D4/><U39/><E39/><V99/><F132/><W83/><G36/><T69/><D69/><U24/><E3/><V105/><F105/><W43/><G134/><T32/><D32/><U110/><E64/><V111/><F111/><W135/><G135/><T120/><D0/><U20/><E35/><V13/><F56/><W50/><G109/><T1/><D1/><U52/><E68/><V118/><F118/><W89/><G6/><T107/><D107/><U104/><E110/><V66/><F66/><W82/><G125/><T63/><D63/><U42/><E42/><V116/><F116/><W21/><G33/><T108/><D120/><U78/><E78/><V124/><F124/><W27/><G43/><T10/><D108/><U16/><E55/><V34/><F34/><W74/><G50/><T117/><D117/><U114/><E114/><V126/><F126/><W70/><G58/><T54/><D10/><U127/><E127/><V113/><F113/><W100/><G100/><N who="0" m="60479" /><D86/><U131/><REACH who="1" step="1"/><E104/><REACH who="1" ten="250,240,250,250" step="2"/><V46/><F122/><W22/><G70/><T79/><AGARI ba="0,1" hai="17,18,44,48,54,59,61,67,79,81,85" m="60479" machi="79" ten="30,3000,0" yaku="8,1,52,1" doraHai="88" who="0" fromWho="0" sc="250,40,240,-10,250,-10,250,-10" /><INIT seed="0,1,0,4,1,30" ten="290,230,240,240" oya="0" hai0="24,62,71,29,114,102,32,79,92,74,52,16,107" hai1="0,126,110,135,69,68,131,133,130,109,85,65,14" hai2="46,20,45,60,77,125,81,2,104,41,18,21,84" hai3="5,34,51,58,6,82,118,4,19,11,80,67,113"/><T38/><D38/><U73/><E73/><V55/><F125/><W25/><G113/><T120/><D114/><U42/><E0/><V132/><F132/><N who="1" m="50761" /><E42/><V49/><F2/><W111/><G118/><T99/><D120/><U36/><E36/><V17/><F104/><W116/><G116/><T115/><D115/><U129/><E14/><V10/><F10/><W89/><G111/><N who="1" m="42506" /><E85/><V13/><F60/><W119/><G119/><T15/><D74/><U91/><E91/><V72/><F72/><W1/><G89/><T108/><D108/><U101/><E101/><V90/><F77/><W23/><G51/><T127/><D79/><U39/><E39/><V66/><F66/><W43/><G43/><T7/><D7/><U40/><E40/><V59/><REACH who="2" step="1"/><F41/><REACH who="2" ten="290,230,230,240" step="2"/><W26/><G1/><T123/><D127/><U121/><E126/><V117/><F117/><W33/><G11/><T3/><D3/><U37/><E37/><V78/><F78/><W112/><G112/><T47/><D123/><U54/><E121/><V75/><F75/><W98/><G67/><T122/><D122/><U22/><E54/><V27/><AGARI ba="1,1" hai="13,17,18,20,21,27,45,46,49,55,59,81,84,90" machi="27" ten="20,5200,0" yaku="1,1,0,1,7,1,8,1,53,0" doraHai="30" doraHaiUra="105" who="2" fromWho="2" sc="290,-27,230,-14,230,65,240,-14" /><INIT seed="1,0,0,1,0,128" ten="263,216,295,226" oya="1" hai0="53,89,84,60,49,25,16,37,70,99,30,127,7" hai1="6,113,102,108,73,91,43,71,92,36,51,4,14" hai2="68,66,57,34,82,110,83,59,3,10,103,44,46" hai3="115,32,23,28,132,20,93,62,106,41,39,13,18"/><U67/><E36/><V76/><F34/><W69/><G115/><T120/><D37/><U61/><E113/><V26/><F82/><W56/><G106/><T77/><D127/><U95/><E73/><V40/><F46/><W50/><G69/><T119/><D119/><U72/><E72/><V98/><F26/><W42/><G32/><T88/><D120/><U104/><E104/><V11/><F11/><W116/><G39/><T8/><D70/><U65/><E65/><V121/><F68/><W85/><G132/><T97/><D60/><U38/><E38/><V135/><F135/><W55/><G62/><T87/><D77/><U19/><E102/><V96/><F96/><W35/><G35/><T2/><D30/><U107/><E107/><V130/><F130/><W125/><G125/><T90/><D25/><U124/><E124/><V80/><F80/><W118/><G23/><T117/><D117/><N who="3" m="45161" /><G28/><T24/><D24/><U27/><E27/><V111/><F66/><W17/><G17/><T94/><D16/><U31/><E31/><V33/><F33/><W15/><G15/><T1/><D1/><U112/><E112/><V114/><F3/><W105/><G105/><T64/><D64/><U109/><E6/><V47/><F83/><W79/><G79/><T133/><D133/><U100/><E4/><V81/><F81/><W48/><G48/><T5/><D5/><U101/><E19/><V0/><F114/><W22/><G22/><T126/><D126/><U52/><E14/><V131/><F0/><W74/><G74/><T12/><D2/><U123/><E71/><RYUUKYOKU ba="0,0" sc="263,-10,216,-10,295,-10,226,30" hai3="13,18,20,41,42,50,55,56,85,93" /><INIT seed="2,1,0,1,4,73" ten="253,206,285,256" oya="2" hai0="22,102,3,92,28,106,8,71,111,18,79,84,134" hai1="32,29,116,130,47,26,33,81,76,35,135,88,50" hai2="85,58,16,129,108,59,60,24,126,77,127,125,7" hai3="21,52,53,66,107,87,15,41,94,122,4,110,20"/><V37/><F37/><W109/><G122/><T80/><D71/><U2/><E116/><V27/><F7/><W82/><G107/><T90/><D111/><N who="3" m="42505" /><G41/><T42/><D134/><U118/><E118/><V11/><F108/><W1/><G1/><T9/><D28/><U133/><E2/><V72/><F72/><W96/><G66/><T10/><D3/><U57/><E57/><N who="2" m="21515" /><F60/><W62/><G62/><T49/><D102/><U0/><E88/><V69/><F69/><W19/><G20/><T75/><D106/><U64/><E64/><V95/><F95/><W63/><G4/><T113/><D113/><U101/><E101/><V13/><F129/><W51/><G51/><T6/><D6/><U5/><E130/><V39/><F39/><W30/><G30/><T114/><D114/><U45/><E50/><V44/><F44/><N who="1" m="16969" /><E5/><V65/><F65/><W56/><G56/><T55/><D42/><U68/><E0/><V128/><F128/><W78/><G63/><T117/><D117/><U17/><E68/><V46/><F46/><W121/><G121/><T97/><D49/><U38/><E38/><V104/><F104/><W131/><G131/><T120/><D120/><U93/><E93/><V61/><F61/><W34/><G34/><N who="1" m="13418" /><E17/><V70/><F70/><W123/><G123/><T91/><D55/><U115/><E115/><V36/><F36/><W124/><G52/><T23/><REACH who="0" step="1"/><D18/><REACH who="0" ten="243,206,285,256" step="2"/><U89/><E133/><V48/><F48/><W99/><G53/><T105/><D105/><U31/><E135/><V119/><F119/><W54/><G54/><T100/><D100/><RYUUKYOKU ba="1,1" sc="243,15,206,-15,285,15,256,-15" hai0="8,9,10,22,23,75,79,80,84,90,91,92,97" hai2="11,13,16,24,27,77,85,125,126,127" /><INIT seed="2,2,1,2,3,19" ten="258,191,300,241" oya="2" hai0="7,103,18,105,74,75,124,90,11,107,93,120,5" hai1="98,100,0,102,135,71,27,26,17,33,108,62,84" hai2="55,127,56,77,13,114,49,104,14,34,67,47,9" hai3="40,128,80,30,28,63,15,131,32,130,112,111,113"/><V81/><F114/><N who="3" m="44139" /><G32/><T134/><D120/><U2/><E102/><V118/><F127/><W85/><G111/><T51/><D124/><U125/><E125/><V8/><F34/><W68/><G40/><T52/><D134/><U115/><E115/><V76/><F104/><W66/><G15/><T82/><D107/><U39/><E39/><V83/><F118/><W64/><G64/><T46/><D82/><N who="2" m="31242" /><F14/><W123/><G123/><T43/><D103/><U22/><E84/><V25/><F25/><W73/><G73/><T44/><D105/><N who="1" m="63639" /><E135/><V50/><F67/><W126/><G126/><T6/><D11/><N who="2" m="4170" /><F13/><W79/><AGARI ba="2,1" hai="28,30,63,66,68,79,80,85,128,130,131" m="44139" machi="79" ten="40,2700,0" yaku="19,1,11,1" doraHai="19" who="3" fromWho="3" sc="258,-9,191,-9,300,-15,241,43" /><INIT seed="3,0,0,5,4,84" ten="249,182,285,284" oya="3" hai0="106,85,73,86,120,15,57,101,125,129,21,47,35" hai1="81,105,34,1,87,48,80,18,93,31,28,79,118" hai2="39,98,92,104,96,37,19,0,52,3,66,56,76" hai3="11,2,100,117,128,82,72,68,12,102,54,9,45"/><W127/><G117/><T107/><D73/><U116/><E105/><V32/><F66/><W89/><G68/><T91/><D35/><U5/><E34/><V90/><F76/><W59/><G128/><T43/><D129/><U62/><E93/><V97/><F32/><W17/><G127/><T29/><D125/><U109/><E109/><V122/><F3/><W95/><G45/><T69/><D69/><U13/><E48/><V110/><F0/><W112/><G112/><T121/><D107/><U134/><E134/><V4/><F4/><W8/><G82/><T26/><D57/><U27/><E80/><V126/><F110/><W50/><G72/><T135/><D85/><U33/><E31/><V51/><F122/><W42/><G42/><T20/><D135/><U83/><E62/><V61/><F126/><W14/><G2/><T38/><D101/><N who="3" m="39017" /><G12/><T71/><D71/><U16/><E83/><V77/><F77/><W108/><G108/><T88/><D106/><U40/><E40/><V75/><F75/><W64/><G64/><T25/><D15/><U53/><E53/><V44/><F39/><W6/><G6/><T131/><D131/><U115/><E115/><V78/><F78/><W70/><G70/><T67/><D67/><U119/><REACH who="1" step="1"/><E13/><REACH who="1" ten="249,172,285,284" step="2"/><V30/><F30/><W103/><G103/><T133/><D133/><U65/><E65/><N who="2" m="39079" /><F104/><W49/><G49/><T36/><D36/><U10/><AGARI ba="0,1" hai="1,5,10,16,18,27,28,33,79,81,87,116,118,119" machi="10" ten="40,8000,1" yaku="1,1,0,1,12,1,54,1,53,1" doraHai="84" doraHaiUra="22" who="1" fromWho="1" sc="249,-20,172,90,285,-20,284,-40" /><INIT seed="4,0,0,5,1,30" ten="229,262,265,244" oya="0" hai0="130,114,5,100,119,11,109,36,43,33,16,28,84" hai1="7,0,2,25,26,71,3,48,22,120,75,89,54" hai2="40,91,51,134,74,73,9,23,64,6,93,79,78" hai3="101,57,13,127,45,97,61,129,41,34,59,98,53"/><T117/><D100/><U56/><E120/><V77/><F64/><W1/><G1/><T69/><D69/><U52/><E71/><V31/><F134/><W29/><G129/><T15/><D84/><U86/><E75/><V110/><F110/><W111/><G111/><T102/><D102/><U124/><E124/><V12/><F31/><W63/><G127/><T46/><D109/><U118/><E118/><V76/><F23/><W131/><G131/><T72/><D72/><U80/><E7/><V133/><F133/><W103/><G13/><T50/><D130/><U67/><E67/><V58/><F79/><W19/><G19/><T24/><D114/><U108/><E108/><V132/><F132/><W122/><G122/><T62/><D62/><U55/><REACH who="1" step="1"/><E26/><REACH who="1" ten="229,252,265,244" step="2"/><V113/><F6/><W99/><G29/><AGARI ba="0,1" hai="0,2,3,22,25,29,48,52,54,55,56,80,86,89" machi="29" ten="40,5200,0" yaku="1,1,2,1,54,1,53,0" doraHai="30" doraHaiUra="125" who="1" fromWho="3" sc="229,0,252,62,265,0,244,-52" owari="229,-17.0,314,41.0,265,7.0,192,-31.0" /></mjloggm>