<mjloggm ver="2.3"><GO type="97" lobby="0"/><UN n0="%E3%83%88%E3%83%88%E3%83%AA%E5%85%88%E7%94%9F%31%39%E6%AD%B3" n1="%E7%A5%9E%E5%B4%8E%E3%83%BB%EF%BC%A8%E3%83%BB%E3%82%A2%E3%83%AA%E3%82%A2" n2="%E3%82%88%E3%83%BC%E3%81%90%E3%82%8B%E3%81%A8" n3="%73%6F%61%79" dan="14,14,15,15" rate="2036.61,1907.18,1968.10,1999.98" sx="F,M,M,M"/><TAIKYOKU oya="0"/><INIT seed="0,0,0,3,3,0" ten="250,250,250,250" oya="0" hai0="77,123,15,115,10,8,106,67,128,23,69,102,112" hai1="28,29,101,129,124,74,80,14,59,117,64,97,35" hai2="19,108,20,98,121,73,21,17,100,16,90,71,2" hai3="103,130,133,91,42,70,99,33,78,76,47,43,61"/><T32/><D123/><U83/><E117/><V85/><F121/><W4/><G133/><T96/><D32/><U11/><E129/><V22/><F71/><W1/><G130/><T88/><D128/><U38/><E124/><V114/><F114/><W109/><G109/><T89/><D77/><U72/><E38/><V107/><F73/><W126/><G91/><T26/><D112/><U52/><E64/><V65/><F65/><N who="3" m="41263" /><G76/><T40/><D115/><U118/><E118/><V37/><F37/><N who="3" m="21967" /><G43/><T24/><D40/><U44/><E44/><V131/><F131/><W54/><G54/><T75/><D75/><U3/><E3/><V132/><F132/><W66/><G66/><T60/><D10/><U25/><E29/><V86/><F108/><W50/><G50/><T120/><D120/><U31/><E31/><V127/><F127/><W87/><G87/><T34/><D26/><U49/><E74/><V5/><F90/><W104/><G126/><T135/><D135/><U110/><E72/><V9/><AGARI ba="0,0" hai="2,5,9,16,17,19,20,21,22,85,86,98,100,107" machi="9" ten="40,5200,0" yaku="0,1,52,1,54,1" doraHai="0" who="2" fromWho="2" sc="250,-26,250,-13,250,52,250,-13" /><INIT seed="1,0,0,4,2,92" ten="224,237,302,237" oya="1" hai0="52,108,55,100,98,129,73,107,69,59,76,77,48" hai1="64,105,0,9,23,41,32,29,117,72,91,115,122" hai2="126,1,27,44,97,103,39,51,25,56,111,34,112" hai3="14,8,104,65,61,82,130,12,6,70,131,33,43"/><U40/><E117/><V94/><F112/><W60/><G33/><T66/><D73/><U120/><E115/><V18/><F111/><W31/><G31/><T68/><D108/><U87/><E105/><V37/><F126/><W15/><G104/><T88/><D129/><N who="3" m="49161" /><G43/><T106/><D106/><U45/><E72/><V20/><F1/><N who="3" m="79" /><G60/><T116/><D116/><U24/><E64/><V114/><F114/><W47/><G47/><T19/><D19/><U134/><E134/><V123/><F123/><W35/><G35/><T16/><D16/><U5/><E32/><V110/><F110/><W85/><G12/><T81/><D55/><U78/><E78/><AGARI ba="0,0" hai="14,15,61,65,70,78,82,85" m="79,49161" machi="78" ten="30,1000,0" yaku="19,1" doraHai="92" who="3" fromWho="1" sc="224,0,237,-10,302,0,237,10" /><INIT seed="2,0,0,1,3,48" ten="224,227,302,247" oya="2" hai0="80,71,103,111,116,31,91,128,3,104,70,35,63" hai1="53,102,112,105,86,84,107,58,38,72,114,18,69" hai2="134,113,54,121,68,57,77,110,127,50,10,120,130" hai3="47,118,16,20,98,19,94,135,0,119,64,36,32"/><V4/><F113/><W17/><G32/><T34/><D3/><U55/><E69/><V82/><F68/><W97/><G135/><T101/><D111/><U78/><E38/><V2/><F134/><W13/><G0/><T66/><D128/><U7/><E7/><V96/><F130/><W117/><G64/><T89/><D116/><U8/><E114/><V93/><F127/><W52/><G36/><T129/><D129/><U1/><E112/><V73/><REACH who="2" step="1"/><F110/><REACH who="2" ten="224,227,292,247" step="2"/><W25/><G118/><T29/><D70/><U99/><E107/><V122/><F122/><W45/><G117/><T62/><D104/><U39/><E39/><V12/><F12/><W30/><G119/><T123/><D71/><U11/><E1/><V49/><F49/><N who="3" m="28719" /><G13/><T108/><D108/><U23/><E72/><V67/><F67/><W74/><G74/><T15/><D15/><U21/><E105/><V133/><F133/><W92/><G47/><T5/><D66/><U27/><E58/><V40/><F40/><W75/><G75/><T6/><REACH who="0" step="1"/><D80/><REACH who="0" ten="214,227,292,247" step="2"/><U61/><E27/><V79/><F79/><W44/><G44/><T76/><D76/><U56/><E78/><V59/><F59/><W43/><G43/><T14/><D14/><U83/><E56/><V124/><F124/><W131/><G131/><T65/><D65/><U42/><E42/><V100/><AGARI ba="0,2" hai="2,4,10,50,54,57,73,77,82,93,96,100,120,121" machi="100" ten="20,7800,0" yaku="1,1,0,1,7,1,52,1,53,0" doraHai="48" doraHaiUra="87" who="2" fromWho="2" sc="214,-26,227,-26,292,98,247,-26" /><INIT seed="2,1,0,3,4,61" ten="188,201,390,221" oya="2" hai0="129,34,64,14,117,59,87,51,135,84,76,36,62" hai1="49,50,123,7,100,102,13,43,105,41,85,95,2" hai2="127,27,72,67,126,12,22,60,37,103,112,119,125" hai3="79,116,108,73,99,10,128,130,75,32,118,3,4"/><V80/><F37/><W109/><G32/><T42/><D34/><U35/><E35/><V52/><F112/><W107/><G79/><T63/><D36/><U1/><E123/><V78/><F119/><N who="3" m="45611" /><G107/><T6/><D129/><N who="3" m="49769" /><G99/><T54/><D135/><U8/><E105/><V131/><F131/><W115/><G115/><T98/><D117/><U88/><E1/><V26/><F103/><N who="1" m="39465" /><E2/><V19/><REACH who="2" step="1"/><F52/><REACH who="2" ten="188,201,380,221" step="2"/><W16/><G109/><T57/><D42/><AGARI ba="1,1" hai="7,8,13,41,42,43,49,50,85,88,95" m="39465" machi="42" ten="30,2000,0" yaku="8,1,54,1" doraHai="61" who="1" fromWho="0" sc="188,-23,201,33,380,0,221,0" /><INIT seed="3,0,0,3,3,71" ten="165,234,380,221" oya="3" hai0="45,12,60,26,6,130,125,19,122,40,43,99,29" hai1="17,129,96,51,55,79,86,100,83,66,56,35,3" hai2="25,44,67,123,77,21,74,81,134,116,95,132,115" hai3="52,80,128,31,105,13,131,102,34,91,22,101,62"/><W9/><G105/><T1/><D122/><U73/><E129/><N who="3" m="49738" /><G34/><T118/><D118/><U82/><E35/><V61/><F115/><W39/><G39/><T47/><D130/><U23/><E3/><V126/><F126/><W111/><G111/><T75/><D125/><U18/><E66/><V2/><F116/><W85/><G22/><T42/><D75/><U93/><E23/><V50/><F2/><W4/><G31/><T65/><D6/><U114/><E114/><V0/><F0/><W121/><G121/><T110/><D1/><U70/><E70/><V48/><F123/><W11/><G9/><T64/><D110/><U106/><E106/><V33/><F33/><W89/><G91/><AGARI ba="0,0" hai="17,18,51,55,56,73,79,82,83,86,91,93,96,100" machi="91" ten="30,1000,0" yaku="7,1" doraHai="71" who="1" fromWho="3" sc="165,0,234,10,380,0,221,-10" owari="165,-33.0,244,4.0,380,48.0,211,-19.0" /></mjloggm>