<mjloggm ver="2.3"><GO type="97" lobby="0"/><UN n0="%E3%81%84%E3%81%8D%E3%81%97%E3%81%A1" n1="%61%6C%73%68%61%72%6B" n2="%6B%6A%6A%6A%6A%6A%6B%6A" n3="%E5%B0%B1%E6%B4%BB%E7%94%9F%40%E5%B7%9D%E6%9D%91%E8%BB%8D%E5%9B%A3" dan="13,14,13,15" rate="1849.06,1975.11,1946.92,2038.53" sx="M,M,M,M"/><TAIKYOKU oya="0"/><INIT seed="0,0,0,3,5,100" ten="250,250,250,250" oya="0" hai0="16,44,125,82,56,83,26,65,89,87,0,109,79" hai1="122,57,123,46,42,2,20,117,72,121,9,27,114" hai2="39,41,108,124,132,110,73,113,54,84,45,101,69" hai3="58,85,33,91,74,105,116,106,31,34,37,62,130"/><T77/><D0/><U43/><E72/><V4/><F73/><W55/><G74/><T129/><D125/><U18/><E117/><V81/><F124/><W53/><G116/><T126/><D126/><U102/><E114/><V93/><F113/><W66/><G37/><T115/><D115/><U52/><E46/><V49/><F4/><W67/><G130/><T24/><D129/><U30/><E102/><V60/><F132/><W11/><G11/><T99/><D109/><U21/><E2/><V50/><F93/><W47/><G55/><T96/><D44/><U103/><E9/><V15/><F15/><W10/><G10/><T104/><D104/><U17/><E103/><V1/><F101/><W59/><G47/><T133/><D133/><U14/><REACH who="1" step="1"/><E30/><REACH who="1" ten="250,240,250,250" step="2"/><V70/><F1/><W75/><G75/><T88/><D26/><U8/><E8/><V119/><F119/><W32/><G31/><T76/><D24/><U128/><E128/><V120/><F110/><W7/><G7/><T80/><D16/><U131/><E131/><V5/><F5/><W38/><G38/><T36/><D36/><U107/><E107/><V71/><F39/><W64/><REACH who="3" step="1"/><G58/><REACH who="3" ten="250,240,250,240" step="2"/><T61/><D56/><U23/><E23/><V98/><F108/><W90/><G90/><T135/><D135/><U111/><E111/><V25/><F71/><W35/><N who="3" m="8704" /><DORA hai="63" /><W6/><G6/><T28/><D28/><U68/><E68/><V22/><F70/><W40/><G40/><T12/><D12/><U86/><E86/><V127/><F84/><W13/><G13/><T134/><D134/><RYUUKYOKU ba="0,2" sc="250,-15,240,15,250,-15,240,15" hai1="14,17,18,20,21,27,42,43,52,57,121,122,123" hai3="53,59,62,64,66,67,85,91,105,106" /><INIT seed="1,1,2,0,1,71" ten="235,255,235,255" oya="1" hai0="92,70,10,7,39,75,127,79,99,61,47,110,32" hai1="126,50,35,57,133,117,72,96,26,116,86,109,52" hai2="16,38,40,121,19,97,67,1,23,14,53,2,131" hai3="94,17,3,65,20,27,30,105,103,107,82,4,90"/><U9/><E72/><V41/><F121/><W93/><G65/><T56/><D32/><U6/><E133/><V124/><F67/><W8/><G82/><T34/><D70/><U104/><E126/><V119/><F119/><W64/><G64/><T87/><D34/><U89/><E109/><V25/><F124/><W29/><G94/><T114/><D114/><U36/><E36/><V11/><F131/><W91/><G91/><T111/><D75/><U51/><E50/><V88/><F53/><W84/><REACH who="3" step="1"/><G103/><REACH who="3" ten="235,255,235,245" step="2"/><T54/><D127/><U0/><E104/><AGARI ba="1,3" hai="3,4,8,17,20,27,29,30,84,90,93,104,105,107" machi="104" ten="40,2600,0" yaku="1,1,2,1,53,0" doraHai="71" doraHaiUra="46" who="3" fromWho="1" sc="235,0,255,-29,235,0,245,59" /><INIT seed="2,0,0,2,1,25" ten="235,226,235,304" oya="2" hai0="66,26,75,69,11,126,131,15,114,50,43,111,89" hai1="77,49,18,112,130,92,27,68,97,123,53,96,74" hai2="57,119,47,90,35,16,120,51,55,94,124,0,24" hai3="64,2,78,133,101,3,76,60,72,56,1,113,106"/><V29/><F120/><W132/><G113/><T41/><D114/><U80/><E112/><V32/><F119/><W61/><G72/><T46/><D75/><U135/><E130/><V115/><F115/><W39/><G39/><T36/><D131/><U9/><E135/><N who="3" m="51786" /><G61/><T110/><D126/><U28/><E123/><V40/><F124/><W6/><G6/><T33/><D69/><U54/><E68/><V8/><F35/><W91/><G91/><T7/><D66/><U38/><E38/><V20/><F0/><W44/><G44/><T99/><D43/><U52/><E9/><V48/><F8/><W4/><G4/><T42/><D41/><U122/><E122/><V128/><F128/><W10/><G10/><T31/><D36/><U121/><E121/><V79/><F79/><W81/><G81/><T127/><D127/><U70/><E70/><V59/><F32/><W73/><G73/><T125/><D125/><U12/><E49/><V100/><F100/><W117/><G117/><T109/><D89/><N who="1" m="55311" /><E97/><AGARI ba="0,0" hai="1,2,3,56,60,64,76,78,97,101,106" m="51786" machi="97" ten="40,1300,0" yaku="20,1" doraHai="25" who="3" fromWho="1" sc="235,0,226,-13,235,0,304,13" /><AGARI ba="0,0" hai="7,11,15,26,31,33,42,46,50,97,99,109,110,111" machi="97" ten="40,2600,0" yaku="14,1,52,1" doraHai="25" who="0" fromWho="1" sc="235,26,213,-26,235,0,317,0" /><INIT seed="3,0,0,4,1,128" ten="261,187,235,317" oya="3" hai0="43,129,90,85,86,71,66,102,134,7,82,34,10" hai1="93,22,37,100,116,118,99,109,31,13,46,101,27" hai2="103,11,74,42,81,105,94,38,113,32,88,49,17" hai3="75,115,3,96,19,69,110,60,83,117,30,39,53"/><W77/><G39/><T130/><D34/><U51/><E109/><V36/><F32/><W14/><G117/><T9/><D134/><U28/><E37/><V133/><F133/><W45/><G3/><T54/><D102/><U1/><E1/><V65/><F65/><W125/><G115/><T63/><D43/><U95/><E118/><V72/><F72/><W98/><G125/><T24/><D24/><U40/><E116/><V48/><F38/><W67/><G30/><T104/><D104/><U112/><E112/><V119/><F119/><W121/><G121/><T47/><D86/><U61/><E61/><V135/><F135/><W78/><G78/><T58/><D47/><U0/><E0/><V59/><F59/><W106/><G106/><T111/><D111/><U50/><E13/><V26/><F11/><W89/><G89/><T122/><D122/><U57/><E57/><V20/><F42/><W120/><G120/><T76/><D76/><U64/><E64/><V87/><F36/><W16/><G110/><T114/><D114/><U124/><E124/><V55/><F55/><W56/><G45/><T92/><D82/><U44/><E31/><V15/><F15/><W131/><G131/><N who="0" m="50187" /><D7/><U52/><REACH who="1" step="1"/><E95/><REACH who="1" ten="261,177,235,317" step="2"/><V91/><F113/><W127/><G127/><T35/><D71/><U80/><E80/><V132/><F132/><W23/><G19/><T123/><D66/><U108/><E108/><V2/><F2/><W4/><G4/><T33/><D123/><U68/><E68/><V29/><F29/><W8/><G69/><T25/><D25/><U79/><E79/><RYUUKYOKU ba="0,1" sc="261,15,177,15,235,-15,317,-15" hai0="9,10,33,35,54,58,63,85,90,92" hai1="22,27,28,40,44,46,50,51,52,93,99,100,101" owari="276,8.0,192,-31.0,220,-18.0,312,41.0" /></mjloggm>