<mjloggm ver="2.3"><GO type="97" lobby="0"/><UN n0="%6E%65%73%69%65%72" n1="%79%6B%73%6D%6D%73%6B%79" n2="%73%6F%2D%6B%75" n3="%E5%B0%B1%E6%B4%BB%E7%94%9F%40%E5%B7%9D%E6%9D%91%E8%BB%8D%E5%9B%A3" dan="15,13,13,15" rate="1945.10,1896.36,1861.84,1941.02" sx="M,M,M,M"/><TAIKYOKU oya="0"/><INIT seed="0,0,0,0,5,127" ten="250,250,250,250" oya="0" hai0="49,74,56,4,65,2,36,106,90,9,89,68,59" hai1="12,69,52,92,5,111,114,58,32,133,31,48,16" hai2="39,98,19,88,8,15,108,101,30,78,44,132,85" hai3="113,53,112,34,119,57,97,22,96,93,63,84,95"/><T24/><D36/><U20/><E69/><V118/><F108/><W76/><G119/><T129/><D129/><U71/><E71/><V41/><F118/><W70/><G70/><T21/><D74/><U67/><E67/><V25/><F78/><W1/><G34/><T13/><D106/><U122/><E122/><V123/><F123/><W99/><G1/><T107/><D107/><U45/><E111/><V125/><F125/><W33/><G33/><T26/><D68/><U94/><E133/><V72/><F72/><W110/><G110/><T124/><D124/><U28/><E32/><V134/><F101/><W77/><G112/><T100/><D100/><U121/><E121/><V37/><F98/><W104/><G104/><T0/><D0/><U11/><E114/><V120/><F39/><W87/><G113/><T18/><D59/><U46/><E46/><V91/><F120/><W38/><G38/><T116/><D116/><U86/><E45/><V109/><F109/><W3/><G3/><T103/><D103/><U51/><E51/><V75/><F75/><W61/><G61/><T128/><D128/><U10/><E10/><V14/><F14/><W29/><G29/><N who="1" m="11338" /><E86/><N who="3" m="32810" /><G22/><T17/><D65/><U83/><E83/><V66/><F66/><W43/><G43/><T55/><REACH who="0" step="1"/><D24/><AGARI ba="0,0" hai="5,11,12,16,20,24,48,52,58,92,94" m="11338" machi="24" ten="30,3900,0" yaku="8,1,54,2" doraHai="127" who="1" fromWho="0" sc="250,-39,250,39,250,0,250,0" /><INIT seed="1,0,0,4,2,119" ten="211,289,250,250" oya="1" hai0="49,32,14,3,76,11,40,6,99,12,106,10,113" hai1="114,34,104,60,53,67,86,118,35,46,57,130,61" hai2="123,100,17,64,131,24,18,21,39,33,37,31,127" hai3="129,121,77,52,19,74,101,107,51,23,47,56,68"/><U29/><E118/><V5/><F127/><W120/><G68/><T41/><D113/><U94/><E104/><V15/><F131/><W117/><G117/><T105/><D32/><U122/><E114/><V50/><F5/><W36/><G129/><T115/><D115/><U84/><E130/><V7/><F7/><W48/><G36/><T132/><D132/><U38/><E29/><V44/><F64/><W42/><G107/><T72/><D72/><U28/><E28/><V112/><F112/><W116/><G116/><T79/><D6/><U69/><E61/><V82/><F100/><W98/><G77/><T55/><D49/><U92/><E34/><V20/><F123/><W126/><G74/><T109/><D99/><U124/><E122/><V81/><F39/><W16/><G126/><T27/><D27/><U89/><E35/><V135/><F37/><W87/><G87/><T65/><D65/><U128/><E128/><V95/><F95/><W90/><G19/><T22/><D22/><U108/><E124/><V0/><F0/><W110/><G110/><T111/><REACH who="0" step="1"/><D55/><REACH who="0" ten="201,289,250,250" step="2"/><U85/><E108/><V71/><F135/><W54/><G54/><T96/><D96/><U97/><E97/><V8/><F71/><W63/><G63/><T80/><D80/><U58/><E58/><V75/><F75/><W70/><G70/><T62/><D62/><U9/><E94/><V125/><F125/><W1/><G1/><AGARI ba="0,1" hai="1,3,10,11,12,14,40,41,76,79,105,106,109,111" machi="1" ten="25,3200,0" yaku="1,1,22,2,53,0" doraHai="119" doraHaiUra="43" who="0" fromWho="3" sc="201,42,289,0,250,0,250,-32" /><INIT seed="2,0,0,4,4,133" ten="243,289,250,218" oya="2" hai0="47,76,128,130,40,71,114,73,36,24,82,80,19" hai1="3,42,20,117,91,27,74,131,126,61,54,15,85" hai2="69,46,118,109,75,58,34,78,79,110,51,106,119" hai3="101,0,52,59,113,8,97,105,123,96,5,124,102"/><V16/><F69/><W67/><G123/><T72/><D114/><U55/><E117/><N who="2" m="44555" /><F34/><W4/><G113/><T37/><D71/><U14/><E74/><V18/><F58/><W93/><G67/><T81/><D72/><U33/><E3/><V31/><F31/><W116/><G116/><T98/><D98/><U122/><E33/><V11/><F106/><W135/><G135/><T66/><D66/><U10/><E122/><V22/><F11/><W45/><G45/><T92/><D92/><U103/><E103/><V129/><F129/><N who="0" m="49770" /><D36/><U43/><E131/><V35/><F35/><W53/><G5/><T83/><D80/><U44/><E61/><V17/><F22/><AGARI ba="0,0" hai="19,22,24,37,40,47,73,76,81,82,83" m="49770" machi="22" ten="30,1000,0" yaku="19,1" doraHai="133" who="0" fromWho="2" sc="243,10,289,0,250,-10,218,0" /><INIT seed="3,0,0,5,1,123" ten="253,289,240,218" oya="3" hai0="76,112,121,69,87,133,129,88,132,67,49,115,82" hai1="33,48,110,79,81,64,17,44,15,54,102,11,5" hai2="1,26,50,74,65,73,56,45,109,119,66,30,38" hai3="101,105,108,85,36,111,89,25,127,42,83,104,39"/><W55/><G127/><T24/><D121/><U6/><E33/><V84/><F119/><W77/><G25/><T124/><D124/><U95/><E64/><V53/><F1/><W75/><G55/><T12/><D129/><U113/><E113/><N who="0" m="43593" /><D24/><U2/><E2/><V3/><F3/><W72/><G42/><T47/><D12/><U13/><E13/><V10/><F10/><W135/><G135/><N who="0" m="51787" /><D69/><U125/><E125/><V19/><F19/><W41/><G75/><T94/><D67/><U59/><E102/><V35/><F66/><W52/><G52/><N who="0" m="29759" /><D94/><U9/><E95/><V116/><F116/><W96/><G104/><T62/><D62/><U78/><E81/><V117/><F117/><W91/><G91/><AGARI ba="0,0" hai="76,82,87,88,91" m="29759,51787,43593" machi="91" ten="30,7700,0" yaku="11,1,20,1,54,2" doraHai="123" who="0" fromWho="3" sc="253,77,289,0,240,0,218,-77" owari="330,43.0,289,9.0,240,-16.0,141,-36.0" /></mjloggm>