<mjloggm ver="2.3"><GO type="169" lobby="0"/><UN n0="%E3%82%A6%E3%83%AB%E3%83%88%E3%83%A9%E7%AB%8B%E7%9B%B4" n1="%E3%81%8B%E3%81%97%E3%81%8B%E3%81%8A" n2="%E3%81%AF%E3%81%A3%E3%81%A8%E3%82%8A%E3%81%B8%E3%81%84%E3%81%98" n3="%74%61%6B%65%74%6F%6D%69" dan="17,16,17,16" rate="2147.73,2143.04,2173.10,2102.86" sx="M,M,M,M"/><TAIKYOKU oya="0"/><INIT seed="0,0,0,4,1,56" ten="250,250,250,250" oya="0" hai0="73,106,53,24,22,45,11,127,66,107,64,97,65" hai1="121,67,120,104,87,76,58,132,9,3,129,133,86" hai2="94,95,39,83,135,15,1,131,2,14,77,124,13" hai3="112,113,93,115,63,74,105,59,60,92,108,72,38"/><T50/><D73/><U122/><E3/><V69/><F135/><N who="1" m="51785" /><E9/><V71/><F39/><W90/><G38/><T79/><D79/><U47/><E47/><V31/><F124/><W99/><G105/><T111/><D127/><U103/><E58/><V102/><F31/><W6/><G6/><T98/><D111/><U30/><E67/><V41/><F41/><W134/><G108/><T10/><D107/><U27/><E129/><V36/><F36/><W128/><G128/><T42/><D42/><U44/><E44/><V28/><F28/><W78/><G78/><T52/><D53/><U123/><E123/><V8/><F131/><W57/><G134/><T5/><D106/><U20/><E76/><V7/><F2/><W119/><G92/><T55/><D55/><U35/><E20/><V85/><F95/><W25/><G25/><T89/><D89/><U49/><E49/><V75/><REACH who="2" step="1"/><F85/><REACH who="2" ten="250,250,240,250" step="2"/><W101/><G74/><T125/><D125/><U51/><E86/><V46/><F46/><W100/><G72/><T82/><D82/><U62/><E87/><V17/><F17/><W91/><G113/><T33/><D33/><U19/><E122/><V32/><F32/><W110/><G93/><T130/><D130/><U109/><E19/><V40/><F40/><W48/><G110/><T18/><D5/><U34/><E34/><V26/><F26/><W96/><G48/><T61/><D98/><AGARI ba="0,1" hai="1,7,8,13,14,15,69,71,75,77,83,94,98,102" machi="98" ten="40,1300,0" yaku="1,1,53,0" doraHai="56" doraHaiUra="81" who="2" fromWho="0" sc="250,-13,250,0,240,23,250,0" /><INIT seed="1,0,0,3,4,28" ten="237,250,263,250" oya="1" hai0="121,49,32,39,102,70,68,11,46,51,101,21,41" hai1="119,79,113,59,14,96,109,24,54,118,62,94,126" hai2="17,80,36,72,93,104,35,13,74,25,16,50,130" hai3="134,114,1,73,110,0,69,129,128,122,117,33,103"/><U52/><E113/><V135/><F104/><W48/><G48/><T3/><D121/><U45/><E79/><V6/><F36/><W120/><G103/><T77/><D21/><U61/><E126/><V123/><F123/><W10/><G69/><T58/><D102/><U40/><E109/><V66/><F66/><W26/><G73/><T86/><D101/><U107/><E107/><V31/><F135/><W84/><G84/><T9/><D9/><U19/><E24/><V7/><F93/><W88/><G88/><T105/><D105/><U75/><E75/><V23/><F130/><W64/><G64/><T97/><D97/><U108/><E108/><V111/><F111/><W38/><G38/><T67/><D32/><U92/><E118/><V65/><F65/><W116/><G110/><T90/><D77/><U76/><E76/><V127/><F127/><W131/><G134/><T30/><D30/><U57/><E119/><N who="3" m="45642" /><G114/><T100/><D100/><U112/><E112/><V95/><F95/><W98/><G98/><T85/><D85/><U42/><E96/><V91/><F50/><W4/><G0/><T22/><D51/><N who="1" m="27063" /><E40/><V63/><F74/><W60/><G60/><N who="0" m="38295" /><D39/><U5/><E5/><V78/><F91/><W44/><G44/><T37/><D37/><U106/><E106/><V87/><F72/><W71/><G71/><N who="0" m="27179" /><D86/><U20/><AGARI ba="0,0" hai="14,19,20,52,54,57,59,61,62,92,94" m="27063" machi="20" ten="30,3000,0" yaku="8,1,54,1" doraHai="28" who="1" fromWho="1" sc="237,-10,250,30,263,-10,250,-10" /><INIT seed="1,1,0,4,5,35" ten="227,280,253,240" oya="1" hai0="99,34,8,123,55,61,112,7,62,6,134,36,98" hai1="56,59,95,15,88,33,65,81,132,102,118,17,40" hai2="70,5,1,22,19,128,54,103,71,10,130,38,104" hai3="119,93,48,115,83,75,16,85,25,82,129,28,78"/><U67/><E33/><V29/><F29/><W3/><G115/><T57/><D112/><U91/><E118/><V13/><F38/><W14/><G129/><N who="2" m="49769" /><F54/><W131/><G119/><T41/><D34/><U114/><E114/><V60/><F60/><W77/><G93/><T135/><D123/><U86/><E40/><V44/><F44/><W122/><G122/><T39/><D41/><U50/><E132/><N who="0" m="50729" /><D7/><U46/><E102/><V116/><F116/><W66/><G66/><N who="1" m="25098" /><E50/><V120/><F120/><W87/><G48/><T111/><D61/><U97/><E46/><V121/><F121/><W72/><G3/><N who="0" m="95" /><D111/><U133/><E133/><V42/><F42/><W84/><G131/><T117/><D117/><U52/><E52/><V124/><F124/><W49/><G49/><T74/><D74/><U2/><E2/><V26/><F26/><W110/><G110/><T79/><D79/><U4/><E4/><V32/><F32/><W24/><REACH who="3" step="1"/><G28/><REACH who="3" ten="227,280,253,230" step="2"/><T11/><D39/><U58/><E58/><V9/><F71/><W69/><G69/><T63/><D36/><U76/><E76/><V113/><F70/><W18/><G18/><T107/><D62/><U100/><E100/><V21/><F113/><W12/><G12/><T94/><D63/><U64/><E64/><V47/><F47/><W23/><AGARI ba="1,1" hai="14,16,23,24,25,72,75,77,78,82,83,84,85,87" machi="23" ten="30,7900,0" yaku="1,1,0,1,9,1,54,1,53,0" doraHai="35" doraHaiUra="96" who="3" fromWho="3" sc="227,-21,280,-40,253,-21,230,92" /><INIT seed="2,0,0,4,0,30" ten="206,240,232,322" oya="2" hai0="89,62,127,77,124,81,114,93,92,90,106,47,91" hai1="70,79,65,0,37,40,61,52,84,112,24,135,58" hai2="97,118,59,42,35,7,126,3,110,45,50,22,9" hai3="60,33,4,99,32,21,38,51,104,76,85,46,56"/><V98/><F118/><W129/><G38/><T82/><D62/><U18/><E0/><V101/><F126/><N who="0" m="48170" /><D47/><N who="1" m="23951" /><E79/><V64/><F22/><W121/><G129/><T74/><D114/><U16/><E84/><V1/><F110/><W25/><G4/><T109/><D109/><U113/><E135/><V111/><F111/><W103/><G121/><T125/><N who="0" m="48178" /><T27/><DORA hai="6" /><D27/><U43/><E43/><V12/><F97/><W55/><G85/><N who="0" m="50359" /><D106/><U41/><E41/><V108/><F108/><W36/><G76/><T102/><D102/><U117/><E117/><V130/><F130/><W123/><G36/><T44/><D44/><U34/><E112/><V75/><F75/><W5/><G5/><T8/><D8/><U20/><E113/><V122/><F122/><W80/><G80/><T63/><D63/><U105/><E105/><V71/><F71/><W66/><REACH who="3" step="1"/><G123/><REACH who="3" ten="206,240,232,312" step="2"/><T95/><AGARI ba="0,1" hai="74,77,81,90,91,92,93,95" m="50359,48178" machi="95" ten="50,6400,0" yaku="18,1,34,2" doraHai="30,6" who="0" fromWho="0" sc="206,74,240,-16,232,-32,312,-16" /><INIT seed="3,0,0,1,0,88" ten="280,224,200,296" oya="3" hai0="7,8,49,134,22,11,55,31,15,108,33,121,40" hai1="44,114,75,57,91,119,12,69,100,27,132,37,24" hai2="35,83,135,42,128,94,61,93,82,25,112,104,113" hai3="30,3,103,17,4,130,26,29,67,71,133,74,125"/><W68/><G74/><T92/><D33/><U115/><E69/><V16/><F104/><W34/><G71/><T123/><D134/><U21/><E75/><V41/><F135/><W122/><G133/><T56/><D108/><U131/><E132/><V10/><F35/><N who="3" m="20919" /><G67/><T52/><D40/><N who="2" m="15466" /><F128/><W9/><G103/><T111/><D111/><U85/><E131/><V72/><F72/><W124/><G68/><T96/><D31/><U106/><E44/><V86/><F113/><W51/><G51/><T81/><D22/><U127/><E37/><V107/><F107/><W105/><G105/><T109/><D109/><U64/><E100/><V87/><F61/><W23/><G122/><T126/><D81/><N who="2" m="30730" /><F112/><W58/><G58/><T117/><D117/><U1/><E57/><V38/><F38/><W129/><G129/><T60/><D11/><U89/><E106/><V73/><F73/><W2/><G2/><T79/><D79/><U77/><E77/><V80/><F10/><W32/><G130/><T48/><D60/><U19/><E1/><V120/><F120/><W39/><G39/><T20/><D123/><U78/><E78/><N who="2" m="46359" /><F87/><W5/><G5/><T70/><D70/><U14/><E85/><V50/><F50/><W66/><G66/><T0/><D121/><U63/><E64/><V98/><F98/><W45/><G45/><T6/><D49/><U76/><E114/><V54/><F54/><W99/><G99/><T43/><D55/><U47/><E47/><V84/><F84/><W62/><G62/><T90/><D96/><U18/><E115/><V36/><F36/><RYUUKYOKU ba="0,0" sc="280,-10,224,-10,200,30,296,-10" hai2="16,25,93,94" /><INIT seed="4,1,0,4,3,14" ten="270,214,230,286" oya="0" hai0="32,126,18,46,127,40,78,52,103,89,68,98,108" hai1="70,83,128,84,96,16,119,130,63,4,34,50,37" hai2="60,17,0,6,113,131,110,125,91,75,2,15,115" hai3="92,13,80,62,69,76,41,82,88,81,129,94,48"/><T24/><D68/><U135/><E37/><V42/><F75/><W51/><G129/><N who="1" m="49770" /><E34/><V117/><F131/><W99/><G41/><T134/><D78/><U44/><E119/><V23/><F110/><W5/><G76/><T28/><D108/><U43/><E4/><V114/><F42/><W36/><G36/><T54/><D89/><U55/><E135/><V10/><F60/><W112/><G112/><T86/><D86/><U8/><E96/><V133/><F133/><W61/><G92/><T39/><D134/><U120/><E120/><V30/><F91/><W116/><G116/><T109/><D109/><U105/><E105/><V21/><F117/><W59/><G69/><T47/><D18/><U101/><E101/><V38/><F38/><W106/><G62/><T72/><D72/><U3/><E3/><N who="2" m="351" /><F125/><N who="0" m="47626" /><D47/><U53/><E63/><V73/><F73/><W77/><G106/><AGARI ba="1,0" hai="24,28,32,39,40,46,52,54,98,103,106" m="47626" machi="106" ten="30,2900,0" yaku="18,1,54,1" doraHai="14" who="0" fromWho="3" sc="270,32,214,0,230,0,286,-32" /><INIT seed="4,2,0,3,5,16" ten="302,214,230,254" oya="0" hai0="135,68,93,94,26,11,15,105,2,61,71,96,75" hai1="81,12,43,27,65,36,37,111,107,129,44,123,72" hai2="25,7,67,127,87,126,106,52,21,89,9,79,33" hai3="62,48,41,132,73,59,130,128,97,24,113,30,120"/><T14/><D75/><U40/><E107/><V39/><F39/><W58/><G73/><T102/><D135/><U118/><E111/><V35/><F67/><W57/><G132/><T31/><D2/><U66/><E118/><V8/><F79/><W60/><G120/><T83/><D83/><U42/><E123/><V13/><F106/><W32/><G113/><T70/><D61/><U92/><E129/><N who="3" m="49770" /><G97/><T100/><D100/><U109/><E109/><V99/><F99/><W80/><G80/><T124/><D124/><N who="2" m="47658" /><F52/><N who="3" m="33895" /><G62/><T91/><D91/><U0/><E92/><N who="2" m="54335" /><F9/><W28/><G28/><AGARI ba="2,0" hai="7,8,13,21,25,28,33,35" m="54335,47658" machi="28" ten="30,2000,0" yaku="18,1,52,1" doraHai="16" who="2" fromWho="3" sc="302,0,214,0,230,26,254,-26" /><INIT seed="5,0,0,2,5,39" ten="302,214,256,228" oya="1" hai0="30,121,92,16,11,5,108,81,77,57,20,64,79" hai1="125,53,66,132,74,63,6,130,85,1,97,21,29" hai2="24,107,73,0,102,91,65,111,103,93,80,127,40" hai3="98,129,49,76,131,115,75,126,46,37,33,84,61"/><U41/><E74/><V38/><F111/><W106/><G37/><T109/><D30/><U118/><E118/><V43/><F65/><W124/><G33/><T36/><D79/><U31/><E132/><V71/><F71/><W27/><G27/><T15/><D36/><U3/><E130/><N who="3" m="49674" /><G61/><T44/><D44/><U19/><E125/><N who="3" m="48234" /><G115/><T67/><D67/><U96/><E53/><V110/><F38/><W2/><G2/><T12/><D64/><U45/><E85/><N who="2" m="52463" /><F110/><W100/><G84/><T101/><D57/><U28/><E3/><V119/><F0/><W95/><G76/><T69/><D69/><U25/><E6/><V22/><F119/><W89/><G75/><T54/><D121/><U82/><E1/><V123/><F123/><W17/><G17/><T70/><D70/><U133/><E63/><V14/><F14/><W114/><G114/><T10/><D12/><U135/><E66/><V113/><F113/><W104/><G89/><T86/><D15/><U42/><E45/><V8/><F8/><W105/><G95/><T87/><D11/><U32/><E32/><V122/><F122/><W94/><G94/><T58/><D10/><U99/><E82/><V48/><F127/><W83/><G83/><T112/><D112/><U120/><E120/><V4/><F80/><W59/><G59/><T52/><D58/><U90/><E90/><V13/><F73/><W128/><N who="3" m="49682" /><W9/><DORA hai="34" /><G9/><T88/><D109/><U26/><E26/><V55/><F24/><W51/><G51/><T116/><D108/><U60/><E60/><V68/><F68/><RYUUKYOKU ba="0,0" sc="302,-15,214,15,256,-15,228,15" hai1="19,21,25,28,29,31,41,42,96,97,99,133,135" hai3="46,49,98,100,104,105,106" /><INIT seed="5,1,0,2,3,130" ten="287,229,241,243" oya="1" hai0="126,55,128,91,59,34,29,46,84,101,24,135,1" hai1="90,14,132,77,32,92,86,87,53,64,61,123,49" hai2="19,3,76,95,41,45,96,20,129,0,124,52,38" hai3="79,109,26,116,58,12,72,17,4,27,44,16,108"/><U106/><E123/><V94/><F129/><W122/><G72/><T105/><D1/><U22/><E106/><V68/><F68/><W78/><G44/><T60/><D128/><U80/><E32/><V8/><F124/><W50/><G50/><T2/><D2/><U57/><E132/><V13/><F76/><W114/><G58/><T110/><D135/><U25/><E14/><V42/><F42/><W102/><G102/><T36/><D110/><U74/><E74/><V88/><F95/><W93/><G93/><T65/><D126/><U100/><E100/><V71/><F71/><W97/><G97/><T35/><D35/><U133/><E133/><V119/><F119/><W15/><G4/><T98/><D46/><U6/><E6/><V121/><F121/><W28/><G28/><T37/><D55/><U107/><E107/><V33/><F33/><W70/><G70/><T118/><D118/><U82/><E92/><AGARI ba="1,0" hai="24,29,34,36,37,59,60,65,84,91,92,98,101,105" machi="92" ten="30,1000,0" yaku="7,1" doraHai="130" who="0" fromWho="1" sc="287,13,229,-13,241,0,243,0" /><INIT seed="6,0,0,1,3,19" ten="300,216,241,243" oya="2" hai0="31,51,35,94,4,14,5,78,135,24,22,111,3" hai1="109,91,23,133,61,62,15,72,108,134,2,27,68" hai2="56,88,100,82,7,18,90,30,107,127,113,99,10" hai3="86,6,124,39,45,46,37,96,122,60,119,65,130"/><V112/><F30/><W102/><G122/><T48/><D135/><N who="1" m="51723" /><E72/><V58/><F127/><W32/><G124/><T115/><D115/><N who="2" m="44106" /><F82/><W95/><G130/><T79/><D3/><U117/><E2/><N who="2" m="375" /><F18/><W59/><G119/><T76/><D35/><U92/><E117/><V101/><F101/><W87/><G32/><T97/><D111/><N who="1" m="42571" /><E15/><V9/><F9/><W43/><G6/><N who="0" m="2667" /><D14/><U104/><E68/><V74/><F74/><W47/><G37/><T131/><D131/><U40/><E40/><V20/><F20/><W126/><G126/><T0/><D0/><U89/><E104/><V28/><F28/><W66/><G39/><T26/><D26/><U116/><E116/><V70/><F70/><W121/><G43/><T73/><D73/><U17/><E91/><AGARI ba="0,0" hai="56,58,88,90,91,99,100,107" m="375,44106" machi="91" ten="30,2900,0" yaku="15,1,54,1" doraHai="19" who="2" fromWho="1" sc="300,0,216,-29,241,29,243,0" /><AGARI ba="0,0" hai="22,24,31,48,51,76,78,79,91,94,97" m="2667" machi="91" ten="30,2000,0" yaku="8,1,52,1" doraHai="19" who="0" fromWho="1" sc="300,20,187,-20,270,0,243,0" /><INIT seed="6,1,0,0,1,29" ten="320,167,270,243" oya="2" hai0="50,79,14,101,39,58,54,69,86,23,70,53,128" hai1="89,96,93,22,28,68,106,0,45,13,30,108,88" hai2="19,21,25,107,85,112,26,16,3,66,109,17,126" hai3="121,124,65,104,7,33,24,15,67,98,95,35,133"/><V114/><F107/><W116/><G121/><T75/><D39/><U60/><E108/><V100/><F100/><W4/><G116/><T11/><D75/><U57/><E0/><V20/><F66/><W132/><G104/><T102/><D70/><U94/><E106/><V110/><F85/><W76/><G76/><T5/><D69/><U32/><E68/><V52/><F52/><W9/><G4/><T130/><D23/><N who="2" m="8778" /><F3/><W83/><G83/><N who="0" m="47487" /><D54/><U6/><E45/><V44/><F44/><W78/><G78/><T49/><D49/><U92/><E92/><V80/><F80/><W120/><G120/><T129/><AGARI ba="1,0" hai="5,11,14,50,53,58,101,102,128,129,130" m="47487" machi="129" ten="30,1100,0" yaku="19,1" doraHai="29" who="0" fromWho="0" sc="320,14,167,-4,270,-6,243,-4" /><INIT seed="7,0,0,3,2,72" ten="334,163,264,239" oya="3" hai0="122,76,5,113,71,18,82,7,106,134,52,58,67" hai1="46,13,118,73,92,129,101,64,35,120,26,21,31" hai2="3,24,28,109,62,110,112,86,25,0,59,135,55" hai3="90,103,11,60,104,33,38,65,80,94,93,30,105"/><W107/><G38/><T127/><D106/><U78/><E120/><V85/><F112/><W57/><G11/><T75/><D67/><U116/><E64/><V17/><F135/><W117/><G117/><T124/><D71/><U19/><E46/><V20/><F3/><W121/><G121/><T34/><D34/><U100/><E92/><V50/><F0/><W40/><G40/><T4/><D18/><U39/><E39/><V32/><F86/><W15/><G15/><T6/><D6/><U69/><E69/><V47/><REACH who="2" step="1"/><F85/><REACH who="2" ten="334,163,254,239" step="2"/><W99/><G33/><T96/><D113/><U74/><E129/><V53/><AGARI ba="0,1" hai="17,20,24,25,28,32,47,50,53,55,59,62,109,110" machi="53" ten="20,12000,2" yaku="1,1,2,1,0,1,7,1,53,2" doraHai="72" doraHaiUra="48" who="2" fromWho="2" sc="334,-30,163,-30,254,130,239,-60" owari="304,10.0,133,-37.0,384,49.0,179,-22.0" /></mjloggm>