<mjloggm ver="2.3"><GO type="169" lobby="0"/><UN n0="%E3%82%AC%E3%83%B3%E3%82%B8%E3%83%BC" n1="%74%75%6A%69%31%30%39%31" n2="%E5%A4%A9%E7%A9%BA%73%61%79%61" n3="%E3%82%A6%E3%83%AB%E3%83%88%E3%83%A9%E7%AB%8B%E7%9B%B4" dan="16,16,17,17" rate="2127.22,2064.96,2142.39,2141.70" sx="M,M,M,M"/><TAIKYOKU oya="0"/><INIT seed="0,0,0,5,0,11" ten="250,250,250,250" oya="0" hai0="51,43,83,110,67,80,116,69,104,60,42,49,3" hai1="106,44,131,59,18,99,93,89,122,135,88,113,1" hai2="63,5,23,105,95,26,98,72,75,52,100,68,87" hai3="39,120,41,114,86,117,119,102,133,30,90,27,111"/><T91/><D116/><U128/><E122/><V33/><F33/><W35/><G114/><T130/><D104/><U92/><E113/><V126/><F126/><W24/><G120/><T19/><D3/><U25/><E1/><V45/><F5/><W57/><G133/><T109/><D130/><U37/><E135/><V17/><F68/><W50/><G111/><N who="0" m="42507" /><D19/><U28/><E18/><V78/><F95/><W107/><G27/><T101/><D101/><U81/><E106/><V29/><F29/><W73/><G73/><T127/><D127/><U77/><E59/><V132/><F132/><W76/><G102/><T13/><D13/><U70/><E70/><V96/><F96/><W47/><G76/><T34/><D34/><U129/><E44/><V31/><F31/><W71/><G71/><T7/><D7/><U79/><E37/><V112/><F112/><W62/><G39/><T15/><D15/><U66/><E66/><V2/><F2/><W36/><G36/><T46/><D91/><U4/><E4/><V94/><F105/><W121/><G107/><T12/><D12/><U9/><E9/><V20/><F20/><W53/><G121/><T61/><D61/><U97/><E81/><AGARI ba="0,0" hai="24,30,35,41,47,50,53,57,62,81,86,90,117,119" machi="81" ten="30,1000,0" yaku="7,1" doraHai="11" who="3" fromWho="1" sc="250,0,250,-10,250,0,250,10" /><INIT seed="1,0,0,0,2,34" ten="250,240,250,260" oya="1" hai0="2,90,20,48,111,89,87,44,68,122,43,128,9" hai1="114,123,135,101,58,14,59,83,82,99,61,3,80" hai2="30,36,66,70,92,129,110,11,10,76,47,86,21" hai3="69,84,32,57,109,91,131,27,8,113,132,45,65"/><U78/><E123/><V17/><F110/><W37/><G113/><T79/><D68/><U133/><E114/><V120/><F120/><W104/><G109/><T124/><D111/><U16/><E3/><V67/><F129/><W41/><G131/><T7/><D128/><U106/><E78/><V13/><F70/><W5/><G104/><T75/><D122/><U55/><REACH who="1" step="1"/><E59/><REACH who="1" ten="250,230,250,260" step="2"/><V18/><F76/><W64/><G57/><T102/><D79/><U39/><E39/><V119/><F36/><W1/><G69/><T100/><D2/><U72/><E72/><V73/><F73/><W54/><G37/><T98/><D75/><U29/><E29/><V96/><F119/><W97/><G1/><T24/><D89/><U35/><E35/><V15/><F30/><W85/><G32/><T51/><D90/><U40/><E40/><V74/><F74/><W116/><G41/><T19/><D43/><U125/><E125/><V118/><F118/><W33/><G91/><T81/><D124/><U60/><E60/><V28/><F28/><W108/><G33/><T31/><D31/><U94/><E94/><V105/><F105/><W107/><G107/><T88/><D100/><U121/><E121/><V42/><F42/><W46/><G108/><T23/><D102/><U77/><E77/><V4/><F47/><W127/><G46/><T38/><D44/><U50/><E50/><V93/><F93/><W112/><G45/><T12/><D38/><U62/><E62/><V0/><F86/><W71/><G85/><T126/><D126/><U25/><E25/><V130/><F130/><RYUUKYOKU ba="0,1" sc="250,-15,230,15,250,15,260,-15" hai1="14,16,55,58,61,80,82,83,99,101,106,133,135" hai2="0,4,10,11,13,15,17,18,21,66,67,92,96" /><INIT seed="1,1,1,2,0,8" ten="235,245,265,245" oya="1" hai0="102,103,36,128,133,41,10,104,109,117,57,78,6" hai1="32,77,110,61,87,38,33,115,105,0,88,135,94" hai2="58,27,9,89,84,97,26,15,44,74,53,122,76" hai3="28,85,90,46,134,67,54,81,47,131,111,98,82"/><U68/><E115/><V20/><F122/><W34/><G111/><T99/><D117/><U125/><E105/><V24/><F74/><W96/><G131/><T42/><D109/><U113/><E110/><V16/><F76/><W63/><G134/><T52/><D103/><U4/><E113/><V66/><F66/><W65/><G34/><T106/><D106/><U71/><E135/><V70/><F70/><W95/><G28/><T7/><D133/><U2/><E125/><V72/><F72/><W126/><G126/><T124/><D124/><U73/><E38/><V101/><F44/><N who="3" m="16939" /><G54/><T55/><D128/><U5/><E61/><N who="2" m="36047" /><F97/><N who="3" m="37483" /><G65/><T118/><D36/><U123/><E73/><V3/><F101/><W17/><G17/><T91/><D118/><U80/><E123/><V29/><F3/><W62/><G62/><T56/><D102/><U59/><E33/><V35/><F35/><W86/><G86/><T93/><D104/><U1/><E32/><V43/><F43/><N who="0" m="16394" /><D78/><U121/><E121/><V18/><F29/><W79/><G79/><T83/><D83/><AGARI ba="1,1" hai="9,15,16,18,20,24,26,27,83,84,89" m="36047" machi="83" ten="30,3900,0" yaku="8,1,52,1,54,1" doraHai="8" who="2" fromWho="0" sc="235,-42,245,0,265,52,245,0" /><INIT seed="2,0,0,1,1,33" ten="193,245,317,245" oya="2" hai0="31,107,59,5,131,104,12,133,110,88,118,64,102" hai1="73,69,66,105,91,135,27,2,121,47,41,93,4" hai2="132,82,103,38,125,71,108,13,124,49,0,86,43" hai3="26,95,24,18,7,51,34,122,94,92,119,58,72"/><V87/><F0/><W23/><G122/><T19/><D110/><U40/><E105/><V70/><F38/><W17/><G119/><T56/><D118/><U111/><E73/><V67/><F132/><W6/><G72/><T3/><D31/><U117/><E117/><V116/><F116/><W37/><G37/><T55/><D133/><U74/><E74/><V1/><F1/><W15/><G34/><T36/><D36/><U120/><E135/><V99/><F108/><W130/><G130/><T22/><D131/><U14/><E111/><V112/><F112/><W80/><G80/><T8/><D64/><U81/><E81/><V29/><F29/><W115/><G115/><T42/><D42/><U9/><E27/><N who="3" m="10282" /><G18/><T84/><D102/><U57/><E69/><N who="2" m="26123" /><F67/><W46/><G58/><T98/><D98/><U90/><E14/><V60/><F13/><W126/><G126/><N who="2" m="48745" /><F82/><W54/><AGARI ba="0,0" hai="6,7,15,17,23,46,51,54,92,94,95" m="10282" machi="54" ten="30,1100,0" yaku="8,1" doraHai="33" who="3" fromWho="3" sc="193,-3,245,-3,317,-5,245,11" /><INIT seed="3,0,0,5,0,74" ten="190,242,312,256" oya="3" hai0="55,78,1,34,103,37,46,97,59,84,72,27,104" hai1="22,61,56,85,125,81,99,133,64,123,58,66,51" hai2="43,122,48,115,17,32,29,23,127,67,93,69,5" hai3="16,82,116,2,18,10,100,111,118,95,57,30,13"/><W87/><G111/><T24/><D1/><U39/><E39/><V70/><F115/><W44/><G2/><T90/><D34/><U119/><E133/><V21/><F32/><W75/><G75/><T15/><D15/><U47/><E125/><V80/><F5/><W114/><G114/><T71/><D71/><U88/><E123/><V68/><F67/><W76/><G30/><T117/><D117/><U52/><E119/><V110/><F127/><W130/><G130/><T0/><D0/><U38/><E99/><V128/><F128/><W20/><G44/><T91/><D37/><U31/><E38/><V86/><F122/><W42/><G42/><T73/><D46/><U36/><E36/><V12/><F93/><W45/><G45/><T79/><D73/><U105/><E105/><V33/><F43/><W41/><G41/><T14/><D72/><U49/><E58/><V109/><F48/><N who="1" m="18505" /><E47/><V60/><F60/><W94/><G100/><T7/><D104/><U108/><E108/><N who="2" m="41579" /><F33/><W35/><G35/><T129/><D129/><U102/><E102/><V112/><F112/><W121/><G121/><T63/><D103/><U8/><E8/><N who="2" m="6279" /><F29/><W96/><G118/><T101/><D101/><U120/><E120/><V40/><F40/><W124/><G124/><T26/><D97/><U107/><E107/><V50/><F50/><W54/><G96/><T9/><REACH who="0" step="1"/><D91/><AGARI ba="0,0" hai="21,23,68,69,70,80,86,91" m="6279,41579" machi="91" ten="40,1300,0" yaku="14,1" doraHai="74" who="2" fromWho="0" sc="190,-13,242,0,312,13,256,0" /><INIT seed="4,0,0,5,5,61" ten="177,242,325,256" oya="0" hai0="24,91,30,80,88,5,33,104,23,78,38,109,119" hai1="44,83,66,92,95,87,110,77,51,64,73,59,55" hai2="65,81,74,108,97,49,67,123,124,103,8,19,132" hai3="18,32,71,99,6,128,22,117,27,125,34,89,25"/><T39/><D119/><U10/><E110/><V58/><F108/><W94/><G117/><T102/><D109/><U14/><E73/><V16/><F123/><W72/><G72/><T86/><D5/><U62/><REACH who="1" step="1"/><E66/><REACH who="1" ten="177,232,325,256" step="2"/><V17/><F67/><W13/><G125/><T56/><D33/><U21/><E21/><V118/><F65/><W105/><G22/><T26/><D26/><U45/><E45/><V69/><F124/><W68/><G27/><T63/><D38/><U52/><E52/><V0/><F118/><W3/><G25/><T29/><D39/><U60/><E60/><V120/><F120/><W126/><G126/><T116/><D116/><U115/><E115/><V37/><F37/><W129/><G34/><T112/><D112/><U134/><E134/><V121/><F132/><W9/><G32/><T46/><D46/><U1/><E1/><V47/><F0/><W100/><G3/><T7/><D29/><U106/><E106/><V76/><F121/><W40/><G105/><T96/><REACH who="0" step="1"/><D7/><AGARI ba="0,1" hai="7,10,14,44,51,55,59,62,64,77,83,87,92,95" machi="7" ten="30,7700,0" yaku="1,1,7,1,8,1,52,1,53,0" doraHai="61" doraHaiUra="84" who="1" fromWho="0" sc="177,-77,232,87,325,0,256,0" /><INIT seed="5,0,0,5,5,30" ten="100,319,325,256" oya="1" hai0="129,40,64,114,26,123,119,87,0,61,57,39,128" hai1="55,47,43,37,77,122,75,32,109,52,70,89,84" hai2="21,86,17,72,78,20,83,44,66,113,5,11,23" hai3="96,45,135,7,98,14,13,59,42,126,117,24,6"/><U36/><E122/><V16/><F113/><W31/><G126/><T65/><D0/><U19/><E70/><V125/><F125/><W93/><G135/><T2/><D2/><U112/><E37/><V121/><F121/><W107/><G107/><T116/><D87/><U71/><E71/><V120/><F120/><W82/><G117/><N who="0" m="45131" /><D123/><U92/><E112/><V79/><F66/><N who="0" m="25706" /><D26/><U10/><E109/><V48/><F78/><W56/><G82/><T46/><D114/><U3/><E19/><V35/><F35/><W130/><G93/><T100/><D100/><U131/><E32/><V76/><F76/><W22/><G22/><T29/><D29/><U102/><E131/><N who="0" m="50249" /><D57/><U8/><E102/><V18/><F72/><W1/><G56/><T88/><D88/><U67/><E10/><V63/><F23/><W27/><G59/><T134/><D61/><U90/><E89/><V103/><F63/><W34/><G31/><T28/><D28/><U97/><E84/><V51/><F103/><W132/><G1/><T50/><D134/><U111/><E97/><V99/><F99/><W15/><G130/><T94/><D94/><U127/><E92/><V38/><F11/><W133/><G15/><T81/><D81/><U91/><E8/><V74/><F5/><W101/><G101/><T62/><D62/><U33/><E3/><V105/><F105/><W115/><G115/><T41/><D39/><U106/><E106/><V9/><F9/><W68/><G132/><T49/><D46/><U110/><E91/><V108/><F44/><W85/><G45/><T124/><D124/><RYUUKYOKU ba="0,0" sc="100,30,319,-10,325,-10,256,-10" hai0="40,41,49,50" /><INIT seed="6,1,0,3,1,108" ten="130,309,315,246" oya="2" hai0="125,45,13,115,73,65,38,104,9,122,132,81,4" hai1="79,49,43,77,62,42,78,86,134,70,88,109,24" hai2="2,68,89,5,1,29,22,98,52,123,7,114,28" hai3="25,59,47,99,63,100,46,58,107,85,87,76,82"/><V41/><F123/><W71/><G71/><T113/><D122/><U91/><E134/><V51/><F114/><N who="0" m="43530" /><D132/><U118/><E109/><V53/><F68/><W0/><G0/><T90/><D125/><U31/><E118/><V67/><F67/><W103/><G103/><T16/><D104/><U128/><E128/><V102/><F41/><W130/><G130/><T21/><D65/><U121/><E121/><V64/><F64/><W11/><G59/><T40/><D73/><U36/><E36/><V30/><F22/><W15/><G85/><N who="0" m="50479" /><D21/><U50/><E70/><V56/><F56/><W93/><G107/><T66/><D66/><U39/><E62/><V119/><F119/><W74/><G58/><T18/><AGARI ba="1,0" hai="4,9,13,16,18,38,40,45" m="50479,43530" machi="18" ten="30,8000,1" yaku="15,1,52,3,54,1" doraHai="108" who="0" fromWho="0" sc="130,83,309,-21,315,-41,246,-21" /><INIT seed="7,0,0,1,3,124" ten="213,288,274,225" oya="3" hai0="128,102,6,96,70,100,27,46,72,112,60,101,115" hai1="92,135,19,107,43,87,116,99,75,76,73,39,130" hai2="66,88,52,47,90,103,56,3,91,1,81,31,41" hai3="13,133,111,74,121,21,79,65,113,55,28,36,77"/><W109/><G121/><T125/><D72/><U132/><E116/><V108/><F108/><N who="3" m="41547" /><G113/><N who="0" m="43595" /><D125/><U83/><E130/><V49/><F103/><W63/><G133/><N who="1" m="51274" /><E43/><V84/><F31/><W61/><G36/><T62/><D6/><U71/><E39/><V123/><F123/><W69/><G74/><N who="1" m="28170" /><E71/><V8/><F66/><N who="3" m="41167" /><G55/><T93/><D128/><U105/><E19/><V35/><F35/><W44/><G44/><T37/><D27/><U12/><E12/><V34/><F34/><W85/><G85/><T98/><D70/><U25/><E25/><V9/><F1/><W4/><G4/><T78/><D78/><U42/><E42/><V2/><F2/><W110/><G110/><T16/><D16/><U120/><E120/><V126/><F126/><W80/><G13/><T14/><D14/><U48/><E48/><N who="2" m="26735" /><F3/><W50/><G50/><T122/><D122/><U129/><E129/><V18/><F18/><W45/><G79/><AGARI ba="0,0" hai="8,9,49,52,56,79,81,84,88,90,91" m="26735" machi="79" ten="30,3900,0" yaku="8,1,54,2" doraHai="124" who="2" fromWho="3" sc="213,0,288,0,274,39,225,-39" owari="213,-19.0,288,9.0,313,41.0,186,-31.0" /></mjloggm>