<mjloggm ver="2.3"><GO type="169" lobby="0"/><UN n0="%E6%93%8D" n1="%E3%82%A6%E3%83%AB%E3%83%88%E3%83%A9%E7%AB%8B%E7%9B%B4" n2="%4E%75%74%61%37%39" n3="%64%61%72%74%65%72" dan="16,17,16,17" rate="2118.72,2159.91,2114.28,2135.69" sx="M,M,M,M"/><TAIKYOKU oya="0"/><INIT seed="0,0,0,4,4,37" ten="250,250,250,250" oya="0" hai0="27,108,16,61,88,25,4,90,26,86,70,87,97" hai1="100,69,129,35,30,15,101,45,59,6,42,66,33" hai2="31,96,125,126,83,53,50,71,91,2,22,135,115" hai3="28,10,51,117,38,52,132,17,76,13,124,68,54"/><T49/><D4/><U24/><E129/><V0/><F71/><W78/><G38/><T102/><D70/><U44/><E69/><V110/><F115/><W7/><G117/><T18/><D61/><U84/><E35/><V58/><F135/><W80/><G132/><T43/><D108/><U123/><E123/><V36/><F36/><W41/><G68/><T3/><D3/><U85/><E45/><V40/><F110/><W1/><G124/><N who="2" m="47721" /><F22/><W65/><G65/><T46/><D97/><U62/><E15/><V75/><F31/><W48/><G28/><T106/><D102/><U67/><E67/><V104/><F104/><W114/><G114/><T99/><D99/><U109/><E6/><V73/><F2/><W12/><G1/><T122/><D122/><U105/><E109/><V63/><F0/><W5/><G41/><T56/><D56/><U94/><E105/><V64/><F64/><W134/><G134/><T23/><D106/><U11/><E11/><V119/><F119/><W47/><G80/><T60/><D60/><U29/><E29/><V20/><F20/><N who="3" m="11303" /><G7/><T9/><D9/><U93/><E93/><N who="2" m="56383" /><F83/><W32/><G32/><T95/><D23/><U21/><E33/><V98/><F98/><W131/><G131/><T34/><D34/><U39/><REACH who="1" step="1"/><E94/><AGARI ba="0,0" hai="16,18,25,26,27,43,46,49,86,87,88,90,94,95" machi="94" ten="40,12000,1" yaku="9,1,8,1,52,1,54,2" doraHai="37" who="0" fromWho="1" sc="250,120,250,-120,250,0,250,0" /><INIT seed="0,1,0,5,5,106" ten="370,130,250,250" oya="0" hai0="77,31,107,105,19,32,45,22,5,114,102,26,13" hai1="115,92,87,94,61,4,18,14,36,110,134,70,83" hai2="34,58,132,48,44,101,90,49,131,54,84,86,59" hai3="23,73,25,37,24,116,8,16,117,29,80,3,67"/><T20/><D114/><U52/><E115/><V15/><F34/><W126/><G37/><T89/><D102/><U42/><E110/><V121/><F121/><W93/><G67/><T57/><D89/><U127/><E134/><V41/><F131/><W120/><G93/><T69/><D69/><U97/><E127/><V53/><F101/><W99/><G99/><T28/><D45/><U50/><E4/><V51/><F132/><W63/><G63/><T91/><D91/><U111/><E111/><V133/><F133/><W109/><G109/><T11/><D57/><U118/><E118/><V100/><F100/><W68/><G68/><T0/><D77/><U96/><E36/><V128/><F128/><W21/><G126/><T38/><D38/><U125/><E125/><V82/><F15/><W123/><G80/><T62/><D62/><U6/><E6/><V85/><AGARI ba="1,0" hai="41,44,48,49,51,53,54,58,59,82,84,85,86,90" machi="85" ten="30,4000,0" yaku="0,1,9,1,8,1" doraHai="106" who="2" fromWho="2" sc="370,-21,130,-11,250,43,250,-11" /><INIT seed="1,0,0,5,3,36" ten="349,119,293,239" oya="1" hai0="100,28,98,60,11,108,65,76,22,45,83,63,51" hai1="87,62,19,86,25,84,49,134,115,2,32,88,96" hai2="69,7,55,10,107,114,27,61,70,15,125,4,75" hai3="105,103,42,101,116,82,17,111,33,16,40,12,94"/><U39/><E39/><V85/><F107/><W5/><G33/><T1/><D108/><U66/><E115/><V50/><F75/><W109/><G105/><T6/><D28/><U126/><E2/><V67/><F114/><W93/><G116/><T64/><D22/><U38/><E38/><V54/><F125/><W128/><G128/><T58/><D98/><U57/><E126/><V99/><F99/><W35/><G35/><T13/><D100/><N who="3" m="38473" /><G5/><T9/><D9/><U104/><E134/><V77/><F27/><W121/><G121/><T59/><D1/><U91/><E104/><V133/><F4/><W124/><G124/><T21/><D21/><N who="1" m="13503" /><E32/><V48/><F133/><W68/><G68/><T78/><D83/><N who="1" m="49279" /><E49/><V89/><F77/><W72/><G72/><T18/><REACH who="0" step="1"/><D6/><REACH who="0" ten="339,119,293,239" step="2"/><U112/><E112/><V110/><F110/><N who="3" m="41995" /><G82/><T117/><D117/><U3/><E3/><V113/><F113/><W29/><G29/><T47/><D47/><U135/><E135/><V106/><F7/><W37/><G17/><T23/><D23/><U102/><E102/><V120/><F10/><N who="3" m="6167" /><G37/><T73/><D73/><U44/><E44/><V80/><F80/><W43/><AGARI ba="0,1" hai="40,42,43,93,94" m="6167,41995,38473" machi="43" ten="40,8000,1" yaku="14,1,52,3,54,1" doraHai="36" who="3" fromWho="3" sc="339,-20,119,-40,293,-20,239,90" /><INIT seed="2,0,0,0,1,7" ten="319,79,273,329" oya="2" hai0="18,125,104,96,80,22,45,44,55,52,83,123,66" hai1="37,107,67,23,110,2,122,100,49,40,132,11,85" hai2="74,9,112,91,3,119,1,127,56,116,15,124,94" hai3="126,57,35,87,19,78,47,88,6,34,13,14,68"/><V12/><F74/><W97/><G68/><T90/><D123/><U54/><E122/><V53/><F112/><W82/><G126/><N who="2" m="48169" /><F15/><W93/><G6/><T117/><D125/><U32/><E32/><V86/><F3/><W113/><G113/><T98/><D66/><U51/><E110/><V65/><F65/><W59/><G14/><T4/><D4/><U26/><E132/><V21/><F1/><W61/><G47/><T105/><D90/><U43/><E37/><V133/><F21/><W95/><G95/><T46/><D117/><U84/><E100/><V36/><F36/><W128/><G128/><T109/><D109/><U25/><E107/><V20/><F20/><W27/><G27/><N who="0" m="14807" /><D105/><U42/><E67/><V108/><F108/><W77/><G77/><T69/><D69/><U130/><E130/><V30/><F30/><W129/><G129/><T63/><D104/><U73/><E73/><V72/><F72/><W76/><G76/><T70/><D70/><U92/><E2/><V120/><F120/><W31/><G31/><T48/><D63/><U118/><E118/><V135/><F135/><W62/><G35/><T134/><D134/><U75/><E75/><V38/><F38/><W41/><G34/><T102/><D102/><U0/><E0/><V50/><F133/><W58/><G41/><T5/><D5/><AGARI ba="0,0" hai="5,9,12,50,53,56,86,91,94,116,119" m="48169" machi="5" ten="30,2900,0" yaku="18,1,52,1" doraHai="7" who="2" fromWho="0" sc="319,-29,79,0,273,29,329,0" /><INIT seed="2,1,0,0,1,89" ten="290,79,302,329" oya="2" hai0="13,36,34,88,38,134,41,124,47,135,92,112,103" hai1="12,102,118,100,40,133,50,87,51,116,45,32,107" hai2="78,29,70,97,115,96,120,104,108,81,1,79,49" hai3="7,19,99,119,42,15,4,17,72,28,110,2,111"/><V10/><F120/><W86/><G72/><T131/><D34/><U14/><E32/><V5/><F115/><W21/><G42/><T62/><D112/><U30/><E30/><V6/><F70/><W27/><G99/><T76/><D76/><U132/><E87/><V61/><F108/><N who="3" m="41515" /><G86/><T83/><D83/><U33/><E33/><V84/><F104/><W123/><G119/><T64/><D103/><U66/><E66/><V67/><F29/><W44/><G44/><T77/><D77/><U39/><E40/><V126/><F126/><W109/><G123/><T18/><D124/><U85/><E45/><V68/><F6/><N who="3" m="2091" /><G109/><T121/><D38/><U58/><E85/><V22/><F78/><W57/><G57/><T82/><D82/><U59/><REACH who="1" step="1"/><E107/><REACH who="1" ten="290,69,302,329" step="2"/><V74/><F84/><W25/><G2/><T43/><D43/><U46/><E46/><V91/><F97/><W128/><G128/><T73/><D131/><U93/><E93/><V95/><F49/><W23/><G28/><T53/><D73/><U117/><E117/><V63/><F63/><W20/><G15/><T16/><D13/><U56/><E56/><V35/><F35/><W24/><AGARI ba="1,1" hai="17,19,20,21,23,24,25,27" m="2091,41515" machi="24" ten="40,8000,1" yaku="28,2,14,1,34,2" doraHai="89" who="3" fromWho="3" sc="290,-21,69,-21,302,-41,329,93" /><INIT seed="3,0,0,4,4,80" ten="269,48,261,422" oya="3" hai0="122,32,67,100,40,134,63,20,75,130,84,4,15" hai1="112,25,26,18,51,121,73,39,125,132,115,109,27" hai2="104,53,48,0,117,1,8,119,120,93,34,118,65" hai3="135,90,35,101,12,127,106,77,10,124,113,133,50"/><W102/><G35/><T60/><D75/><U6/><E39/><V62/><F104/><W78/><G50/><T129/><D32/><U103/><E73/><V52/><F34/><W107/><G12/><T81/><D100/><U95/><E103/><N who="3" m="39434" /><G10/><T49/><D122/><U14/><E95/><V111/><F111/><W41/><G41/><T24/><D134/><N who="3" m="51209" /><G90/><T31/><D49/><U86/><E51/><V57/><F120/><W92/><G92/><T17/><D40/><U46/><E46/><V88/><F8/><W2/><G2/><T79/><D4/><U22/><E6/><V108/><F108/><W131/><G113/><T29/><D29/><U59/><E109/><V30/><F30/><W5/><G5/><T71/><REACH who="0" step="1"/><D63/><REACH who="0" ten="259,48,261,422" step="2"/><U37/><E121/><V99/><REACH who="2" step="1"/><F53/><REACH who="2" ten="259,48,251,422" step="2"/><W19/><G107/><T116/><D116/><U54/><E115/><V96/><F96/><W98/><G106/><T126/><D126/><U66/><E125/><V56/><AGARI ba="0,2" hai="0,1,48,52,56,57,62,65,88,93,99,117,118,119" machi="56" ten="30,8000,1" yaku="1,1,0,1,54,2,53,1" doraHai="80" doraHaiUra="44" who="2" fromWho="2" sc="259,-20,48,-20,251,100,422,-40" /><INIT seed="4,0,0,1,4,99" ten="239,28,351,382" oya="0" hai0="111,38,26,56,132,32,5,51,83,130,101,4,10" hai1="79,95,13,54,112,110,78,61,45,88,114,125,118" hai2="98,106,29,36,6,107,33,131,122,17,87,19,90" hai3="30,34,76,2,93,82,74,113,117,7,12,44,58"/><T81/><D38/><U9/><E110/><V68/><F122/><W16/><G117/><T23/><D32/><U8/><E118/><V22/><F131/><W0/><G113/><N who="1" m="43626" /><E125/><V92/><F36/><W3/><G7/><T15/><D130/><U129/><E129/><V43/><F43/><W124/><G124/><T41/><D132/><U1/><E1/><V123/><F123/><W14/><G14/><T77/><D5/><U37/><E37/><V42/><F42/><W85/><G44/><T108/><D111/><U116/><E116/><V31/><F68/><W60/><G30/><T21/><D108/><U27/><E27/><V65/><F65/><W59/><G34/><T72/><D83/><U133/><E133/><V75/><F75/><W109/><G109/><T105/><D41/><U20/><E20/><V135/><F135/><W52/><G59/><T11/><D11/><N who="1" m="4171" /><E13/><V126/><F126/><W53/><G2/><T39/><D39/><U40/><E40/><V63/><F6/><W102/><G3/><T127/><D127/><U80/><E80/><V134/><F134/><W71/><G12/><T24/><D24/><U28/><E28/><V70/><F33/><W119/><G0/><T69/><D26/><U62/><E45/><V100/><F22/><W104/><G82/><T103/><D105/><U96/><E54/><V84/><F29/><W115/><G104/><N who="2" m="39977" /><F31/><W128/><G115/><T25/><D23/><U66/><E66/><N who="2" m="41311" /><F17/><W35/><G128/><T57/><D21/><U18/><E18/><V49/><F19/><W64/><G119/><T50/><D25/><RYUUKYOKU ba="0,0" sc="239,-10,28,30,351,-10,382,-10" hai1="61,62,78,79,88,95,96" /><INIT seed="5,1,0,4,1,100" ten="229,58,341,372" oya="1" hai0="113,65,67,35,53,70,93,43,16,133,40,74,38" hai1="31,21,94,107,99,27,48,4,104,0,26,47,44" hai2="92,91,29,86,1,124,5,45,108,61,72,60,80" hai3="49,115,125,7,88,132,24,103,30,114,37,129,116"/><U134/><E134/><V77/><F108/><W89/><G37/><T56/><D35/><U105/><E4/><V87/><F124/><W62/><G125/><T12/><D74/><U135/><E135/><V52/><F29/><W83/><G7/><T64/><D133/><U33/><E0/><V84/><F5/><W17/><G129/><T22/><D70/><U36/><E36/><V98/><F1/><W131/><G131/><T85/><D38/><U50/><E47/><V120/><F120/><W127/><G103/><T95/><D113/><U54/><E48/><V25/><REACH who="2" step="1"/><F25/><REACH who="2" ten="229,58,331,372" step="2"/><W46/><G127/><T117/><D117/><U8/><E8/><V130/><F130/><W71/><G116/><T11/><D11/><U78/><E78/><V81/><F81/><W19/><G83/><T3/><D3/><U73/><E73/><V15/><F15/><W41/><G30/><T112/><D112/><N who="3" m="43049" /><G24/><T14/><D14/><U63/><E26/><V18/><F18/><N who="3" m="6667" /><G132/><T10/><D10/><U34/><REACH who="1" step="1"/><E63/><REACH who="1" ten="229,48,331,372" step="2"/><V20/><F20/><W58/><G62/><T76/><D22/><U90/><AGARI ba="1,2" hai="21,27,31,33,34,44,50,54,90,94,99,104,105,107" machi="90" ten="30,18000,2" yaku="1,1,2,1,0,1,52,3,53,0" doraHai="100" doraHaiUra="97" who="1" fromWho="1" sc="229,-61,48,203,331,-61,372,-61" /><INIT seed="5,2,0,0,0,73" ten="168,251,270,311" oya="1" hai0="104,15,52,5,90,61,23,60,75,33,45,18,8" hai1="128,103,27,4,88,68,50,22,127,35,40,7,44" hai2="93,54,129,95,107,77,32,14,56,66,72,83,3" hai3="17,42,121,59,113,37,36,10,109,108,39,111,29"/><U126/><E68/><V64/><F107/><W6/><G121/><T87/><D104/><U71/><E71/><V85/><F3/><W134/><G113/><T38/><D75/><U46/><E103/><V110/><F110/><W91/><G29/><T119/><D33/><U24/><E128/><V41/><F41/><W55/><G134/><T25/><D119/><U28/><E46/><V99/><F32/><W49/><G17/><T94/><REACH who="0" step="1"/><D38/><REACH who="0" ten="158,251,270,311" step="2"/><U100/><E35/><V92/><F72/><W116/><G116/><T118/><D118/><U65/><E126/><V81/><F129/><W20/><G39/><T130/><D130/><U112/><E127/><V102/><F99/><W53/><G36/><T133/><D133/><U30/><E112/><V122/><F122/><W47/><G109/><T79/><D79/><U117/><E117/><V13/><F102/><W2/><G37/><T101/><D101/><U34/><E100/><V76/><F76/><W86/><G108/><T82/><D82/><U96/><E34/><V78/><F78/><W0/><G111/><T123/><D123/><U43/><E96/><V135/><F83/><W67/><G91/><T125/><D125/><U131/><E88/><V120/><F135/><W89/><G89/><T19/><D19/><U31/><E131/><V124/><F124/><W106/><G106/><T1/><D1/><U63/><E30/><V114/><F120/><W80/><G2/><T98/><D98/><U97/><E31/><V69/><F114/><W58/><G0/><T26/><D26/><U115/><E27/><V105/><F105/><RYUUKYOKU ba="2,1" sc="158,30,251,-10,270,-10,311,-10" hai0="5,8,15,18,23,25,45,52,60,61,87,90,94" /><INIT seed="6,3,1,1,0,87" ten="188,241,260,301" oya="2" hai0="108,83,33,13,6,90,96,20,91,121,103,29,38" hai1="130,27,76,51,0,34,125,84,115,5,24,22,80" hai2="1,28,15,44,128,57,77,107,123,124,112,101,55" hai3="92,70,72,60,35,23,86,41,119,118,81,102,117"/><V105/><F1/><W100/><G35/><T93/><D121/><U46/><E115/><V2/><F2/><W109/><G41/><T111/><D38/><U52/><E125/><V53/><F123/><W98/><G23/><T18/><D33/><U61/><E130/><V12/><F112/><W134/><G60/><T82/><D111/><U122/><E122/><V40/><F124/><W47/><G47/><T11/><D29/><U59/><E34/><V4/><F128/><W113/><G70/><T116/><D116/><U63/><E24/><V21/><F77/><N who="3" m="44199" /><G113/><T17/><D108/><U54/><E5/><V39/><F55/><W25/><G25/><N who="0" m="14479" /><D6/><U78/><E0/><V36/><F36/><W58/><G58/><T7/><D7/><U66/><E76/><V104/><F4/><W95/><G109/><T85/><D83/><U69/><E27/><V73/><F73/><W129/><G129/><T74/><D74/><U131/><E131/><V97/><F28/><W79/><G134/><T88/><AGARI ba="3,1" hai="11,13,18,82,85,88,90,91,93,96,103" m="14479" machi="88" ten="30,8000,1" yaku="8,1,52,3,54,1" doraHai="87" who="0" fromWho="0" sc="188,99,241,-23,260,-43,301,-23" /><INIT seed="7,0,0,1,4,72" ten="287,218,217,278" oya="3" hai0="121,76,40,113,38,127,30,79,44,25,62,78,132" hai1="70,26,105,114,42,49,6,111,58,20,22,57,0" hai2="88,36,103,109,43,14,89,90,48,7,68,3,83" hai3="100,74,18,122,80,134,69,31,101,91,27,94,85"/><W84/><G122/><T1/><D1/><U95/><E105/><V23/><F68/><W64/><G134/><T45/><D121/><U97/><E70/><V82/><F36/><W117/><G117/><T118/><D118/><U123/><E123/><V81/><F109/><W50/><G74/><T47/><D132/><U126/><E111/><V119/><F119/><W53/><G18/><T112/><D127/><U11/><E114/><N who="0" m="44137" /><D62/><U37/><E37/><V110/><F110/><W108/><G108/><T41/><D38/><U102/><E126/><V71/><F71/><W124/><G64/><T120/><D120/><U34/><E34/><AGARI ba="0,0" hai="25,30,34,40,41,44,45,47,76,78,79" m="44137" machi="34" ten="40,8000,1" yaku="15,1,11,1,52,3" doraHai="72" who="0" fromWho="1" sc="287,80,218,-80,217,0,278,0" owari="367,46.0,138,-36.0,217,-18.0,278,8.0" /></mjloggm>