<mjloggm ver="2.3"><GO type="97" lobby="0"/><UN n0="%69%64%69%6F%74%6F%70" n1="%E5%B0%B1%E6%B4%BB%E7%94%9F%40%E5%B7%9D%E6%9D%91%E8%BB%8D%E5%9B%A3" n2="%E3%81%A8%E3%81%97%52" n3="%72%65%69%74%61%72%6F%75" dan="14,15,15,13" rate="1974.09,2052.69,1983.24,1863.10" sx="M,M,M,F"/><TAIKYOKU oya="0"/><INIT seed="0,0,0,0,3,80" ten="250,250,250,250" oya="0" hai0="125,45,106,91,12,21,31,40,72,70,48,98,8" hai1="97,103,6,49,92,57,83,90,34,78,73,108,87" hai2="29,104,14,39,0,47,23,32,58,2,77,99,67" hai3="64,68,71,132,105,113,15,124,4,19,52,7,110"/><T112/><D112/><U24/><E108/><V38/><F77/><W93/><G113/><T74/><D125/><U126/><E6/><V119/><F119/><W85/><G110/><T128/><D128/><U79/><E126/><V120/><F120/><W102/><G124/><T3/><D3/><U54/><REACH who="1" step="1"/><E73/><REACH who="1" ten="250,240,250,250" step="2"/><V36/><F2/><W51/><G7/><T56/><D74/><U10/><E10/><V107/><F0/><W43/><G4/><T41/><D72/><U17/><E17/><V121/><F121/><W9/><G132/><T65/><D8/><U30/><AGARI ba="0,1" hai="24,30,34,49,54,57,78,79,83,87,90,92,97,103" machi="30" ten="30,7900,0" yaku="1,1,0,1,52,1,53,1" doraHai="80" doraHaiUra="28" who="1" fromWho="1" sc="250,-39,240,89,250,-20,250,-20" /><INIT seed="1,0,0,3,2,100" ten="211,329,230,230" oya="1" hai0="115,60,114,41,77,134,78,16,67,96,18,11,51" hai1="126,50,2,101,76,97,37,39,9,6,23,84,105" hai2="4,109,58,52,89,98,0,14,45,49,42,71,64" hai3="33,80,1,28,75,111,32,65,73,74,106,118,69"/><U44/><E126/><V72/><F109/><W120/><G120/><T68/><D134/><U55/><REACH who="1" step="1"/><E23/><REACH who="1" ten="211,319,230,230" step="2"/><V131/><F131/><W31/><G111/><T63/><D114/><U25/><E25/><V90/><F0/><W59/><G118/><T3/><D3/><U117/><E117/><V125/><F125/><W46/><G31/><T104/><D115/><U128/><E128/><V53/><F14/><W103/><G28/><T10/><D10/><U56/><E56/><V86/><F58/><W48/><G1/><T81/><D11/><U102/><E102/><V88/><F71/><W94/><G59/><T15/><D15/><U108/><E108/><V17/><F4/><W13/><G13/><T30/><D30/><U43/><E43/><V110/><F42/><W47/><G103/><T5/><D41/><U107/><E107/><V34/><F110/><W123/><G106/><T135/><D104/><U133/><E133/><V35/><F35/><W112/><G112/><T7/><D68/><U54/><E54/><V8/><F34/><W124/><G124/><T26/><D26/><U61/><E61/><V82/><F53/><W130/><G130/><T113/><D135/><U92/><E92/><N who="2" m="56583" /><F8/><W36/><G94/><T95/><D113/><U24/><E24/><V62/><F62/><N who="3" m="40119" /><G123/><T122/><D63/><U19/><E19/><V29/><F17/><W119/><G119/><T83/><D60/><U85/><E85/><N who="2" m="50359" /><F29/><W27/><G27/><T66/><D122/><U38/><E38/><V20/><F20/><W121/><G121/><T93/><D96/><U40/><E40/><RYUUKYOKU ba="0,1" sc="211,15,319,15,230,-15,230,-15" hai0="5,7,16,18,51,66,67,77,78,81,83,93,95" hai1="2,6,9,37,39,44,50,55,76,84,97,101,105" /><INIT seed="1,1,1,4,0,92" ten="226,334,215,215" oya="1" hai0="21,85,86,99,103,60,125,109,54,19,22,58,68" hai1="134,39,34,51,132,114,93,77,88,113,76,2,89" hai2="110,36,78,33,31,131,43,115,74,46,120,104,69" hai3="32,3,91,79,71,8,47,24,130,25,40,57,72"/><U116/><E34/><V70/><F120/><W107/><G130/><T65/><D125/><U96/><E2/><V56/><F131/><W135/><G135/><N who="1" m="51754" /><E39/><V102/><F56/><W45/><G71/><T61/><D109/><U66/><E66/><V38/><F38/><W15/><G107/><T5/><D5/><U81/><E116/><V59/><F59/><W55/><G3/><T119/><D119/><U14/><E14/><V95/><F95/><W133/><G133/><T42/><D42/><U17/><E17/><V122/><F110/><W0/><G0/><T94/><REACH who="0" step="1"/><D21/><REACH who="0" ten="216,334,215,215" step="2"/><U123/><E123/><V105/><F122/><W11/><G32/><T84/><D84/><N who="1" m="50191" /><E51/><V20/><F33/><W111/><G111/><T90/><D90/><U108/><E108/><V7/><F36/><W64/><G91/><T80/><D80/><U98/><E98/><V37/><F37/><W27/><G79/><AGARI ba="1,2" hai="76,77,79,89,93,96,113,114" m="50191,51754" machi="79" ten="30,12000,1" yaku="20,1,34,2,52,1,54,1" doraHai="92" who="1" fromWho="3" sc="216,0,334,143,215,0,215,-123" /><INIT seed="1,2,0,0,2,41" ten="216,477,215,92" oya="1" hai0="37,70,23,68,77,79,112,97,39,72,8,132,120" hai1="111,10,71,43,57,59,27,36,38,56,9,44,99" hai2="82,1,128,103,74,104,83,0,125,124,126,49,34" hai3="108,3,4,102,116,75,58,65,7,21,114,2,30"/><U62/><E111/><V15/><F34/><W87/><G108/><T16/><D112/><U47/><E27/><V118/><F118/><W20/><G114/><T107/><D132/><U25/><E25/><V80/><F128/><W130/><G116/><T131/><D131/><U22/><E22/><N who="3" m="8810" /><G130/><T78/><D72/><U94/><E71/><V48/><F74/><W29/><G75/><T134/><D134/><U133/><E133/><V86/><F86/><W14/><G87/><T121/><D8/><U55/><E62/><V90/><F90/><W51/><G51/><N who="2" m="19529" /><F15/><W115/><G58/><T129/><D129/><U96/><E96/><AGARI ba="2,0" hai="0,1,80,82,83,96,103,104,124,125,126" m="19529" machi="96" ten="40,1300,0" yaku="18,1" doraHai="41" who="2" fromWho="1" sc="216,0,477,-19,215,19,92,0" /><INIT seed="2,0,0,3,5,36" ten="216,458,234,92" oya="2" hai0="35,82,9,90,70,122,109,22,31,120,44,100,88" hai1="112,11,33,32,119,125,98,114,5,47,55,111,95" hai2="116,8,14,40,134,37,89,107,86,0,77,27,23" hai3="108,19,93,13,110,18,52,21,128,96,74,30,105"/><V101/><F116/><W106/><G74/><T85/><D109/><N who="3" m="42089" /><G128/><T132/><D132/><U135/><E111/><V80/><F134/><W99/><G30/><T129/><D35/><U26/><E119/><V56/><F0/><W67/><G67/><T29/><D70/><U41/><E125/><V45/><F56/><W97/><G93/><T133/><D133/><U73/><E73/><V79/><F101/><W78/><G78/><T103/><D129/><U28/><E135/><V83/><F107/><N who="3" m="40971" /><G19/><T4/><D44/><U34/><E34/><V131/><F131/><W7/><G7/><T63/><D63/><U68/><E32/><V2/><F2/><W17/><G18/><T92/><D29/><U118/><E68/><V61/><F61/><W102/><G102/><T38/><D38/><U48/><E118/><V58/><F58/><W81/><G81/><T43/><D43/><U65/><E65/><V126/><F126/><W53/><AGARI ba="0,0" hai="13,17,21,52,53,96,97,99" m="40971,42089" machi="53" ten="40,2700,0" yaku="14,1,54,1" doraHai="36" who="3" fromWho="3" sc="216,-7,458,-7,234,-13,92,27" /><INIT seed="3,0,0,3,3,106" ten="209,451,221,119" oya="3" hai0="38,6,131,48,96,15,26,31,20,102,13,8,28" hai1="29,121,86,90,117,11,34,49,57,87,112,92,65" hai2="39,14,105,21,56,88,37,133,64,68,109,30,120" hai3="100,1,12,73,0,61,43,50,83,104,126,78,66"/><W124/><G12/><T51/><D38/><U53/><E121/><V4/><F120/><W71/><G50/><T74/><D74/><U22/><E117/><V82/><F68/><W10/><G43/><T123/><D123/><U115/><E34/><V85/><F56/><W77/><G77/><T99/><D131/><U122/><E122/><V18/><F64/><W62/><G62/><T67/><D67/><U76/><E65/><V7/><F39/><W111/><G111/><T32/><D99/><U118/><E118/><V47/><F37/><W24/><G24/><T58/><D58/><U84/><E76/><V35/><F109/><W75/><G73/><T128/><D128/><U119/><E119/><V55/><F47/><W16/><G16/><T101/><D101/><U125/><E125/><N who="3" m="48234" /><G10/><T42/><D42/><U17/><E29/><V113/><F14/><W2/><G2/><T110/><D110/><U36/><E11/><V79/><F18/><W103/><G100/><T93/><D15/><N who="1" m="9535" /><E36/><V40/><F40/><W107/><G107/><T108/><D108/><U27/><E27/><V45/><F105/><W69/><G71/><T134/><D134/><U129/><E129/><V135/><F133/><W3/><G3/><T95/><D95/><U94/><E94/><V80/><F135/><W81/><G83/><T89/><D102/><U19/><E19/><V46/><F82/><W97/><AGARI ba="0,0" hai="0,1,61,66,69,75,78,81,97,103,104" m="48234" machi="97" ten="30,6000,0" yaku="18,1,23,1,52,1" doraHai="106" who="3" fromWho="3" sc="209,-20,451,-20,221,-20,119,60" /><INIT seed="3,1,0,3,1,134" ten="189,431,201,179" oya="3" hai0="61,11,80,118,96,48,128,124,90,70,66,130,57" hai1="8,51,92,65,14,85,73,28,86,49,79,33,50" hai2="44,107,12,74,4,19,21,121,115,53,68,40,97" hai3="127,31,71,116,103,30,77,88,10,75,129,105,43"/><W93/><G116/><T67/><D118/><U72/><E72/><V108/><F115/><W15/><G71/><T98/><D124/><U13/><E73/><V131/><F74/><W45/><G127/><T110/><D110/><U5/><E33/><V89/><F108/><W99/><G129/><N who="0" m="49771" /><D11/><N who="1" m="4335" /><E28/><V29/><F29/><W58/><G58/><T20/><D20/><U133/><E133/><V82/><F21/><W113/><G113/><T104/><D104/><U126/><E126/><V119/><F107/><W62/><G62/><N who="0" m="40279" /><D48/><U32/><E32/><V34/><F34/><W39/><G77/><T35/><D35/><U87/><E65/><V56/><F119/><W101/><G75/><T78/><D90/><N who="1" m="53327" /><E79/><V114/><F114/><W27/><G27/><T122/><D122/><U16/><AGARI ba="1,0" hai="8,14,16,49,50,51,86,87" m="53327,4335" machi="16" ten="30,2000,0" yaku="8,1,54,1" doraHai="134" who="1" fromWho="1" sc="189,-6,431,23,201,-6,179,-11" owari="183,-22.0,454,55.0,195,0.0,168,-33.0" /></mjloggm>