<mjloggm ver="2.3"><GO type="169" lobby="0"/><UN n0="%74%61%6E%61%4B%61" n1="%73%6F%64%6F%72" n2="%E2%84%83%2D%75%74%65" n3="%E3%82%A6%E3%83%AB%E3%83%88%E3%83%A9%E7%AB%8B%E7%9B%B4" dan="17,16,17,17" rate="2174.84,2117.85,2158.99,2174.61" sx="M,M,M,M"/><TAIKYOKU oya="0"/><INIT seed="0,0,0,4,5,63" ten="250,250,250,250" oya="0" hai0="134,96,13,127,112,93,65,36,92,88,46,2,34" hai1="51,98,45,40,95,102,68,26,132,126,131,35,84" hai2="11,75,29,99,91,70,0,27,1,62,66,53,33" hai3="49,32,4,130,77,121,74,128,58,81,101,87,97"/><T8/><D112/><U15/><E126/><V39/><F75/><W44/><G32/><T72/><D72/><U110/><E110/><V42/><F53/><W60/><G74/><T16/><D127/><U50/><E131/><V54/><F54/><W23/><G121/><T133/><D34/><U109/><E109/><V9/><F9/><W118/><G118/><T20/><D93/><U111/><E111/><V103/><F91/><W12/><G23/><T52/><D65/><U100/><E132/><N who="0" m="50793" /><D36/><U104/><E68/><V22/><F22/><W14/><G128/><T76/><D76/><U7/><E102/><V67/><F67/><N who="3" m="39319" /><G130/><T48/><D2/><U30/><E84/><V78/><F11/><AGARI ba="0,0" hai="8,11,13,16,20,46,48,52,88,92,96" m="50793" machi="11" ten="30,11600,0" yaku="20,1,54,3" doraHai="63" who="0" fromWho="2" sc="250,116,250,0,250,-116,250,0" /><INIT seed="0,1,0,3,0,7" ten="366,250,134,250" oya="0" hai0="30,84,126,103,66,68,116,76,40,38,47,102,64" hai1="61,17,121,37,32,24,87,53,13,34,49,12,119" hai2="35,41,78,112,9,63,104,54,59,62,2,122,92" hai3="45,44,67,4,100,94,65,21,133,113,14,114,48"/><T134/><D116/><U5/><E119/><V20/><F112/><W82/><G133/><T91/><D126/><U19/><E37/><V79/><F122/><W99/><G113/><T55/><D134/><U83/><E121/><V11/><F104/><W71/><G71/><T101/><D76/><U70/><E5/><V123/><F123/><W131/><G131/><T118/><D118/><U58/><E24/><V85/><F35/><W132/><G132/><T69/><D30/><U31/><E31/><V115/><F115/><W111/><G111/><T77/><D77/><U3/><E3/><V8/><F2/><W33/><G33/><T43/><D43/><U80/><E70/><V75/><F75/><W23/><G82/><T89/><D55/><U36/><E36/><V22/><F41/><N who="3" m="24591" /><G45/><T72/><D72/><U120/><E120/><V86/><F92/><W42/><G42/><T73/><D73/><U52/><E32/><V130/><F130/><W46/><G46/><T97/><D69/><U117/><E34/><V29/><F29/><W51/><G51/><N who="0" m="27111" /><D68/><U81/><E117/><V26/><F26/><W60/><G114/><T25/><D38/><U16/><E87/><N who="2" m="33291" /><F63/><W39/><G39/><T95/><D25/><U1/><E1/><V27/><F27/><W129/><G129/><T127/><D127/><U109/><E109/><V18/><F18/><W105/><G105/><T135/><D135/><U124/><E124/><V50/><F62/><W98/><G60/><T57/><D57/><AGARI ba="1,0" hai="12,13,16,17,19,49,52,53,57,58,61,80,81,83" machi="57" ten="40,5200,0" yaku="8,1,54,2" doraHai="7" who="1" fromWho="0" sc="366,-55,250,55,134,0,250,0" /><INIT seed="1,0,0,3,1,99" ten="311,305,134,250" oya="1" hai0="21,0,57,119,1,60,5,43,127,86,111,80,84" hai1="90,76,24,51,66,28,100,53,134,101,55,131,8" hai2="41,95,34,13,38,121,116,117,132,98,92,128,122" hai3="16,108,104,18,72,29,124,94,36,22,42,130,85"/><U115/><E115/><V89/><F34/><W78/><G104/><T106/><D106/><U135/><E131/><V61/><F61/><W54/><G124/><T103/><D127/><U75/><E66/><V17/><F41/><W31/><G108/><T2/><D119/><U45/><E8/><V97/><F38/><W10/><G72/><T83/><D111/><U74/><E90/><V64/><F64/><W32/><G32/><T3/><D43/><U69/><E69/><V123/><F132/><N who="1" m="50729" /><E55/><V14/><F128/><W12/><G130/><T30/><D103/><N who="1" m="39499" /><E76/><V105/><F105/><W19/><G42/><T37/><D0/><U62/><E62/><V35/><F35/><AGARI ba="0,0" hai="24,28,35,45,51,53,74,75" m="39499,50729" machi="35" ten="30,11600,0" yaku="20,1,52,3" doraHai="99" who="1" fromWho="2" sc="311,0,305,116,134,-116,250,0" /><INIT seed="1,1,0,0,0,27" ten="311,421,18,250" oya="1" hai0="8,59,4,66,48,110,0,47,64,20,45,22,29" hai1="32,93,118,135,44,77,127,43,60,95,21,62,24" hai2="115,92,134,53,125,122,69,70,104,85,6,41,79" hai3="37,52,72,100,123,49,31,19,2,119,38,131,67"/><U109/><E118/><V25/><F104/><W101/><G2/><T94/><D110/><U116/><E116/><V3/><F115/><W63/><G72/><T98/><D45/><U15/><E109/><V10/><F122/><W13/><G123/><T7/><D7/><U126/><E77/><V75/><F75/><W108/><G38/><T128/><D128/><U34/><E135/><V133/><F41/><W91/><G37/><T112/><D112/><U76/><E76/><V86/><F125/><N who="1" m="47625" /><E15/><V5/><F25/><W9/><G131/><T114/><D114/><U65/><E93/><V117/><F92/><W26/><G91/><T40/><D59/><N who="1" m="37023" /><E95/><V99/><F99/><W14/><G14/><T17/><D29/><N who="1" m="17551" /><E62/><V51/><F79/><W74/><G74/><T58/><D58/><U103/><E103/><V18/><F117/><W82/><G82/><T81/><D81/><U88/><E88/><V42/><F3/><W36/><G108/><T23/><D94/><U71/><E71/><V33/><F70/><W73/><G73/><T120/><D120/><U124/><E124/><V80/><F69/><W83/><G83/><T61/><D61/><U11/><E11/><V105/><F80/><W129/><G119/><T30/><D98/><U35/><E35/><V89/><F10/><W106/><G101/><T97/><D97/><U46/><E46/><V111/><F111/><W102/><G100/><T84/><D8/><U54/><E54/><V16/><F133/><W87/><G102/><T90/><D47/><U55/><E55/><V12/><F134/><W68/><G68/><RYUUKYOKU ba="1,0" sc="311,-10,421,30,18,-10,250,-10" hai1="32,34,43,44" /><INIT seed="1,2,0,2,4,58" ten="301,451,8,240" oya="1" hai0="103,96,107,15,60,105,54,27,3,116,66,121,44" hai1="90,132,70,87,48,36,25,120,35,5,26,49,43" hai2="133,91,12,17,78,18,110,37,30,101,79,83,71" hai3="95,52,75,128,38,115,9,94,20,47,8,68,6"/><U124/><E120/><V55/><F37/><W46/><G115/><T100/><D116/><U40/><E70/><V1/><F1/><W85/><G75/><T50/><D3/><U31/><E124/><V10/><F110/><W51/><G68/><T77/><D77/><U119/><E119/><V65/><F133/><W72/><G72/><T64/><D121/><U135/><E5/><V23/><F30/><W21/><G128/><T62/><D27/><U98/><E98/><V97/><F55/><W80/><G38/><T32/><D32/><U134/><E26/><V41/><F41/><N who="1" m="15945" /><E36/><V61/><F91/><W114/><G114/><T111/><D111/><U2/><E2/><V67/><F67/><W7/><G85/><T84/><D84/><U14/><E14/><V127/><F127/><W24/><G24/><T117/><D117/><U57/><E57/><V122/><F122/><W131/><G131/><T69/><D15/><U99/><E99/><V123/><F123/><W125/><G125/><T92/><D103/><U129/><E129/><V45/><F45/><W0/><G0/><T16/><D16/><U88/><E90/><V82/><F78/><W108/><G108/><T42/><REACH who="0" step="1"/><D42/><REACH who="0" ten="291,451,8,240" step="2"/><U53/><E35/><V56/><F79/><W59/><G7/><T81/><D81/><U86/><E86/><V74/><F74/><W13/><G80/><T29/><D29/><U11/><E31/><V112/><F112/><W76/><G76/><T22/><D22/><N who="3" m="8809" /><G9/><T28/><D28/><U130/><E130/><V104/><F71/><AGARI ba="2,1" hai="44,50,54,60,62,64,66,69,71,92,96,100,105,107" machi="71" ten="30,12000,2" yaku="1,1,7,1,9,1,52,2,53,1" doraHai="58" doraHaiUra="93" who="0" fromWho="2" sc="291,136,451,0,8,-126,240,0" owari="427,23.0,451,55.0,-118,-62.0,240,-16.0" /></mjloggm>