<mjloggm ver="2.3"><GO type="169" lobby="0"/><UN n0="%E3%81%8B%E3%82%8A%E3%82%93%E3%81%A1%E3%82%83%E3%82%93" n1="%E3%82%A6%E3%83%AB%E3%83%88%E3%83%A9%E7%AB%8B%E7%9B%B4" n2="%E6%98%9F%E9%99%8D%E3%82%8B%E8%A1%97" n3="%7A%65%6C%64%69%6E%61" dan="16,17,17,16" rate="2063.63,2123.12,2149.73,2127.07" sx="F,M,F,M"/><TAIKYOKU oya="0"/><INIT seed="0,0,0,4,3,77" ten="250,250,250,250" oya="0" hai0="30,62,114,9,23,49,122,6,66,120,107,8,39" hai1="53,56,70,87,90,22,16,110,130,102,10,7,117" hai2="52,46,73,25,28,64,69,101,104,51,48,29,27" hai3="100,13,105,63,24,19,37,85,17,35,91,134,92"/><T99/><D39/><U33/><E33/><V125/><F125/><W32/><G134/><T96/><D114/><U121/><E70/><V60/><F73/><W44/><G63/><T127/><D127/><U20/><E110/><V128/><F128/><W126/><G126/><T135/><D135/><U59/><E130/><V98/><F29/><W2/><G2/><T113/><D113/><U118/><E102/><V124/><F124/><W108/><G108/><T61/><D49/><U68/><E68/><V82/><F28/><W78/><G78/><T95/><D107/><U71/><E71/><V93/><F104/><W47/><G100/><T43/><D43/><U18/><E121/><V3/><F3/><W38/><G105/><T112/><D112/><U81/><E7/><V31/><F31/><W5/><G5/><T94/><D6/><U1/><E10/><V26/><F51/><W55/><G55/><T119/><D30/><U41/><E41/><V67/><F64/><W11/><G38/><T76/><D66/><U79/><E79/><V72/><F72/><W40/><G47/><T131/><D76/><U12/><E1/><V129/><F129/><W50/><G37/><T97/><D131/><U89/><E89/><V15/><F15/><N who="3" m="7423" /><G24/><T36/><D36/><U133/><E133/><V58/><F69/><W103/><G103/><T111/><D111/><U54/><E54/><V123/><F123/><W115/><G115/><T4/><D120/><U74/><E74/><V34/><F34/><W0/><G0/><T84/><D122/><U57/><E53/><V86/><F25/><AGARI ba="0,0" hai="12,16,18,20,22,25,56,57,59,81,87,90,117,118" machi="25" ten="40,5200,0" yaku="6,1,52,1,54,1" doraHai="77" who="1" fromWho="2" sc="250,0,250,52,250,-52,250,0" /><INIT seed="1,0,0,5,2,66" ten="250,302,198,250" oya="1" hai0="44,34,112,89,82,79,95,121,134,41,127,103,130" hai1="76,110,132,101,83,77,38,25,88,13,86,131,124" hai2="78,71,125,115,7,111,24,109,10,74,59,14,47" hai3="129,11,102,108,67,3,46,1,123,75,97,19,45"/><U117/><E38/><V64/><F125/><W63/><G75/><T16/><D34/><U33/><E117/><V17/><F115/><W15/><G123/><T54/><D112/><U120/><E120/><V100/><F100/><W94/><G129/><T22/><D121/><U58/><E131/><V9/><F59/><W18/><G108/><N who="2" m="41545" /><F47/><W92/><G92/><T114/><D114/><U51/><E110/><V84/><F84/><W72/><G72/><T60/><D130/><U12/><E132/><V87/><F87/><W85/><G85/><T21/><D103/><U50/><E101/><V119/><F119/><W48/><G19/><T81/><D79/><U113/><E113/><V30/><F78/><W56/><REACH who="3" step="1"/><G45/><REACH who="3" ten="250,302,198,240" step="2"/><T68/><D44/><U73/><E73/><V40/><F74/><W29/><G29/><T23/><D134/><U90/><E86/><V31/><F30/><W116/><G116/><T106/><D95/><U65/><E83/><V96/><F31/><W0/><G0/><T37/><D82/><U107/><E124/><V32/><F17/><W105/><G105/><T2/><D16/><U55/><E107/><V4/><F96/><W61/><G61/><T118/><D60/><U28/><E28/><V6/><F6/><W36/><G36/><T126/><D37/><U99/><E99/><V80/><F7/><W62/><G62/><T8/><D126/><U42/><E33/><V98/><F32/><W128/><G128/><T39/><D127/><U133/><E133/><V26/><F98/><W91/><G91/><T43/><D118/><U135/><E135/><RYUUKYOKU ba="0,1" sc="250,-10,302,-10,198,-10,240,30" hai3="1,3,11,15,18,46,48,56,63,67,94,97,102" /><INIT seed="2,1,1,4,4,57" ten="240,292,188,270" oya="2" hai0="18,22,10,78,65,68,116,76,27,109,122,9,31" hai1="82,91,32,12,133,115,66,8,69,111,53,132,135" hai2="127,2,88,15,112,13,77,64,35,130,90,128,19" hai3="119,126,61,58,103,106,107,74,85,71,97,86,110"/><V11/><F35/><W52/><G74/><T6/><D122/><U41/><E32/><V113/><F77/><W92/><G119/><T89/><D116/><U7/><E115/><V51/><F2/><W42/><G126/><T5/><D109/><U118/><E118/><V108/><F127/><W4/><G110/><T63/><D31/><U87/><E111/><V75/><F75/><W117/><G117/><T102/><D102/><U120/><E120/><V96/><F108/><W48/><G4/><T25/><D27/><U38/><E53/><V67/><F51/><W60/><G71/><T34/><D34/><U20/><E20/><V123/><F123/><W73/><G73/><T114/><D89/><N who="2" m="34410" /><F96/><W33/><G33/><T24/><D25/><U129/><E129/><N who="2" m="49771" /><F15/><W81/><G42/><T14/><REACH who="0" step="1"/><D114/><AGARI ba="1,1" hai="11,13,19,64,67,112,113,114" m="49771,34410" machi="114" ten="30,2900,0" yaku="19,1,54,1" doraHai="57" who="2" fromWho="0" sc="240,-32,292,0,188,42,270,0" /><INIT seed="2,2,0,3,2,30" ten="208,292,230,270" oya="2" hai0="49,110,45,87,127,73,54,4,18,37,36,103,80" hai1="129,53,92,66,102,34,106,48,38,19,58,114,134" hai2="64,47,122,56,28,133,65,135,126,119,11,8,40" hai3="128,105,86,12,115,124,63,112,55,117,131,61,25"/><V23/><F122/><W39/><G39/><T108/><D73/><U20/><E106/><V91/><F119/><W130/><G117/><T14/><D4/><U104/><E104/><V5/><F126/><W29/><G105/><T82/><D103/><U116/><E116/><V76/><F76/><W57/><G124/><T97/><D97/><U10/><E38/><N who="0" m="14953" /><D87/><U43/><E43/><V98/><F47/><W32/><G12/><T27/><D27/><U79/><E34/><V50/><F40/><W107/><G107/><T84/><D84/><U22/><E129/><V81/><F50/><N who="3" m="30967" /><G86/><T2/><D2/><U33/><E33/><V60/><F28/><W26/><G25/><T62/><D62/><AGARI ba="2,0" hai="26,29,32,61,62,63,112,115,128,130,131" m="30967" machi="62" ten="40,2600,0" yaku="19,1,52,1" doraHai="30" who="3" fromWho="0" sc="208,-32,292,0,230,0,270,32" /><INIT seed="3,0,0,0,5,16" ten="176,292,230,302" oya="3" hai0="129,124,92,96,105,74,45,107,19,113,112,9,14" hai1="29,57,85,35,13,46,10,72,68,122,123,28,106" hai2="126,54,109,30,81,133,25,116,0,90,43,58,131" hai3="75,128,17,8,49,84,51,21,64,34,118,125,59"/><W37/><G37/><T18/><D74/><U127/><E68/><V93/><F0/><W22/><G34/><T63/><D124/><U67/><E72/><V56/><F116/><W50/><G75/><T11/><D129/><U99/><E127/><V80/><F109/><W5/><G118/><T91/><D63/><U134/><E134/><V121/><F133/><W70/><G70/><T60/><D60/><U119/><E119/><V26/><F131/><W79/><G128/><T114/><REACH who="0" step="1"/><D45/><REACH who="0" ten="166,292,230,302" step="2"/><U88/><E46/><V78/><F126/><W71/><G71/><T77/><D77/><U100/><E122/><V115/><F121/><W1/><G125/><T132/><D132/><U3/><E123/><V111/><F78/><W65/><G59/><T12/><AGARI ba="0,1" hai="9,11,12,14,18,19,91,92,96,105,107,112,113,114" machi="12" ten="40,8000,1" yaku="1,1,0,1,9,1,11,1,53,1" doraHai="16" doraHaiUra="86" who="0" fromWho="0" sc="166,90,292,-20,230,-20,302,-40" /><INIT seed="4,0,0,5,4,16" ten="256,272,210,262" oya="0" hai0="33,103,60,95,98,105,11,42,104,127,49,69,67" hai1="101,123,117,38,114,108,116,85,83,64,134,77,47" hai2="79,107,88,46,2,48,20,91,66,87,89,68,133" hai3="50,51,126,80,58,43,13,24,5,93,113,99,29"/><T55/><D33/><U81/><E64/><V61/><F2/><W45/><G126/><T111/><D127/><U32/><E32/><V27/><F107/><W128/><G128/><T0/><D111/><U132/><E47/><V124/><F133/><N who="1" m="51305" /><E38/><V53/><F124/><W40/><G113/><T84/><D42/><U21/><E108/><V125/><F125/><W8/><G80/><T35/><D35/><U90/><E21/><V73/><F73/><W135/><G135/><T56/><D0/><U39/><E39/><V18/><REACH who="2" step="1"/><F79/><REACH who="2" ten="256,272,200,262" step="2"/><W112/><G112/><T6/><D105/><U65/><E114/><V34/><F34/><W118/><G118/><T44/><D104/><U26/><E77/><V41/><F41/><W10/><G43/><T3/><REACH who="0" step="1"/><D84/><AGARI ba="0,1" hai="18,20,27,46,48,53,61,66,68,84,87,88,89,91" machi="84" ten="40,5200,0" yaku="1,1,52,1,54,1,53,0" doraHai="16" doraHaiUra="97" who="2" fromWho="0" sc="256,-52,272,0,200,62,262,0" /><INIT seed="5,0,0,3,2,127" ten="204,272,262,262" oya="1" hai0="54,74,23,120,46,9,17,0,86,105,95,45,21" hai1="4,97,58,96,83,69,57,131,53,81,68,113,47" hai2="123,94,59,75,73,77,44,52,65,71,15,116,112" hai3="103,50,13,118,110,39,19,49,3,33,134,48,107"/><U67/><E47/><V41/><F123/><W121/><G39/><T10/><D74/><U108/><E4/><V28/><F116/><W61/><G61/><T1/><D105/><U117/><E53/><V91/><F112/><W14/><G3/><T101/><D120/><U36/><E36/><V42/><F28/><W27/><G110/><T102/><D54/><U11/><E11/><V29/><F29/><W100/><G134/><T124/><D124/><U56/><E56/><V2/><F2/><W64/><G64/><T111/><D86/><U84/><E84/><V18/><F65/><W92/><G107/><T63/><D95/><U40/><E40/><V60/><F71/><W115/><G115/><T135/><D63/><U32/><E32/><V125/><F77/><W12/><G33/><T85/><D85/><U8/><E8/><V88/><F91/><W82/><G82/><T38/><D38/><U26/><E67/><V104/><F104/><W7/><G7/><T126/><D126/><U79/><E79/><V87/><F125/><W122/><G118/><T129/><D111/><U128/><E113/><V89/><F89/><W90/><G121/><T22/><D23/><U66/><E66/><V25/><F25/><W55/><G55/><T93/><D93/><U78/><E78/><V109/><F109/><W99/><G122/><T70/><D135/><U76/><E76/><V80/><F80/><N who="1" m="30793" /><E108/><V130/><F130/><N who="1" m="49705" /><E26/><V114/><F114/><W5/><G5/><T6/><D129/><U51/><E117/><V72/><F44/><W31/><G27/><T20/><D6/><RYUUKYOKU ba="0,0" sc="204,-10,272,-10,262,30,262,-10" hai2="15,18,41,42,52,59,60,72,73,75,87,88,94" /><INIT seed="6,1,0,0,0,96" ten="194,262,292,252" oya="2" hai0="92,53,95,63,22,67,112,107,79,62,38,126,131" hai1="35,56,25,70,33,13,80,115,94,106,135,85,119" hai2="47,118,74,41,36,132,91,28,50,101,100,86,65" hai3="21,82,99,7,14,122,93,24,34,69,12,109,73"/><V102/><F74/><W129/><G69/><T97/><D38/><U31/><E106/><V60/><F118/><W84/><G73/><T30/><D112/><U52/><E70/><V78/><F78/><N who="3" m="46167" /><G34/><T75/><D131/><U120/><E135/><V39/><F28/><N who="3" m="17423" /><G129/><T49/><D126/><U133/><E133/><V5/><F5/><W98/><G109/><T90/><D107/><U58/><E115/><V123/><F123/><W59/><G122/><T29/><D75/><U83/><E33/><V77/><F77/><W105/><G105/><T20/><D79/><U117/><E120/><V51/><F39/><W45/><G45/><N who="0" m="27823" /><D95/><U17/><E94/><V8/><F8/><W114/><G114/><T18/><D20/><U72/><E72/><V54/><F132/><W71/><G71/><T3/><D3/><U64/><E83/><V27/><F27/><W127/><G127/><T87/><D87/><U0/><E85/><V16/><F36/><W48/><G7/><T116/><D116/><U88/><E80/><V2/><F2/><W130/><G130/><T68/><D68/><U26/><E0/><V37/><F37/><W6/><G6/><T15/><D67/><U124/><E124/><V43/><F65/><W104/><G104/><T46/><D46/><U89/><E119/><V10/><F47/><W40/><G59/><T61/><AGARI ba="1,0" hai="15,18,22,29,30,61,62,63,90,92,97" m="27823" machi="61" ten="30,1100,0" yaku="8,1" doraHai="96" who="0" fromWho="0" sc="194,14,262,-4,292,-6,252,-4" /><INIT seed="7,0,0,1,5,101" ten="208,258,286,248" oya="3" hai0="33,49,28,71,86,29,96,22,15,14,114,79,80" hai1="106,55,95,75,89,122,83,3,78,70,9,134,60" hai2="50,121,26,40,58,103,12,23,133,39,24,17,129" hai3="105,67,100,109,47,37,108,45,73,25,127,85,51"/><W125/><G73/><T63/><D33/><U30/><E30/><V31/><F39/><W18/><G37/><T46/><D114/><U61/><E70/><V62/><F133/><W57/><G85/><T35/><D35/><U2/><E60/><V68/><F68/><W128/><G128/><T34/><D34/><U32/><E32/><V1/><F1/><W81/><G81/><T16/><D15/><U11/><E11/><V27/><F129/><W10/><G67/><T118/><D118/><U111/><E9/><N who="2" m="6287" /><F103/><W20/><G10/><T115/><D115/><U117/><E122/><V65/><F121/><W77/><G77/><T54/><REACH who="0" step="1"/><D96/><REACH who="0" ten="198,258,286,248" step="2"/><U90/><E117/><V123/><F123/><W43/><G45/><AGARI ba="0,1" hai="23,24,26,27,31,40,45,50,58,62,65" m="6287" machi="45" ten="30,1000,0" yaku="8,1" doraHai="101" who="2" fromWho="3" sc="198,0,258,0,286,20,248,-10" owari="198,-30.0,258,6.0,306,40.0,238,-16.0" /></mjloggm>