<mjloggm ver="2.3"><GO type="41" lobby="0"/><UN n0="%E3%82%8A%E3%81%B5%E3%82%8C%E3%81%8F" n1="%79%61%73%64%61" n2="%E5%B0%B1%E6%B4%BB%E7%94%9F%40%E5%B7%9D%E6%9D%91%E8%BB%8D%E5%9B%A3" n3="%64%67%77%6F%72%6B" dan="15,13,16,15" rate="1997.23,1890.64,2136.72,1977.12" sx="M,M,M,M"/><TAIKYOKU oya="0"/><INIT seed="0,0,0,2,2,77" ten="250,250,250,250" oya="0" hai0="2,56,1,11,51,107,112,123,19,121,102,38,116" hai1="57,96,50,83,99,106,32,69,33,122,52,10,132" hai2="17,12,67,18,109,80,24,0,94,59,41,134,14" hai3="23,7,93,44,78,108,4,97,100,53,113,118,72"/><T126/><D112/><U66/><E122/><V47/><F0/><W92/><G108/><T73/><D116/><U62/><E132/><V45/><F109/><W105/><G113/><T27/><D38/><U26/><E83/><V37/><F134/><W34/><G118/><T74/><D126/><U68/><E10/><V58/><F24/><W36/><G34/><T8/><D102/><N who="1" m="62791" /><E99/><V3/><F3/><W42/><G93/><T103/><D103/><U117/><E117/><V81/><F94/><W87/><G53/><T82/><D107/><U98/><E98/><V63/><F58/><W20/><G20/><T91/><D56/><U31/><E32/><V75/><F75/><W48/><G36/><T29/><D51/><U61/><E61/><V131/><F131/><W133/><G133/><T127/><D127/><U49/><E49/><V129/><F129/><W125/><G125/><T95/><D2/><U101/><E101/><V128/><F128/><W111/><G111/><T46/><D46/><U13/><E13/><V65/><F65/><W135/><G135/><T89/><D1/><U55/><E55/><V5/><F5/><W16/><G72/><T15/><D8/><U110/><E110/><V90/><F90/><N who="0" m="34314" /><D95/><U124/><E124/><V21/><F45/><W39/><G39/><T43/><D43/><U114/><E114/><V84/><F84/><W79/><G105/><T6/><D6/><U85/><E85/><V54/><F67/><W71/><G71/><AGARI ba="0,0" hai="26,31,33,50,52,57,62,66,68,69,71" m="62791" machi="71" ten="30,2000,0" yaku="25,1,54,1" doraHai="77" who="1" fromWho="3" sc="250,0,250,20,250,0,250,-20" /><INIT seed="1,0,0,5,0,97" ten="250,270,250,230" oya="1" hai0="120,129,19,26,34,2,93,121,130,66,32,24,41" hai1="43,67,85,13,28,72,12,57,55,84,87,6,74" hai2="75,7,117,119,101,62,68,15,42,25,88,46,45" hai3="134,49,102,8,114,21,48,20,115,92,65,90,113"/><U81/><E43/><V132/><F75/><W0/><G134/><T36/><D66/><U91/><E28/><V106/><F132/><W63/><G20/><N who="0" m="13343" /><D41/><U16/><E67/><V73/><F73/><W124/><G124/><T107/><D107/><U128/><E128/><N who="0" m="49257" /><D36/><U112/><E112/><V40/><F25/><W70/><G21/><T56/><D56/><U30/><E30/><V98/><F62/><W29/><G29/><N who="0" m="19511" /><D93/><U3/><E74/><V95/><F68/><W77/><G77/><T22/><D34/><U1/><E72/><V69/><F69/><W47/><G47/><T89/><D89/><U126/><E126/><V5/><F45/><W109/><G90/><T127/><D127/><U10/><E84/><V78/><F78/><W52/><G49/><T33/><D33/><U18/><E85/><V111/><F40/><W76/><G76/><T110/><D110/><U103/><E103/><V58/><F111/><W38/><G109/><T79/><D79/><U50/><E6/><V14/><F58/><N who="3" m="33031" /><G38/><T60/><D60/><U122/><REACH who="1" step="1"/><E122/><REACH who="1" ten="250,260,250,230" step="2"/><V54/><F42/><W51/><G115/><T35/><D35/><U37/><E37/><V108/><F108/><W133/><G114/><T123/><D121/><U104/><E104/><V116/><F106/><W125/><G133/><T100/><D100/><U27/><E27/><V4/><F101/><W96/><G125/><T59/><D123/><U53/><E53/><V64/><F64/><W86/><G113/><T44/><D120/><U135/><E135/><V9/><F54/><W99/><G86/><T11/><D59/><RYUUKYOKU ba="0,1" sc="250,-10,260,30,250,-10,230,-10" hai1="1,3,10,12,13,16,18,50,55,57,81,87,91" /><INIT seed="1,1,1,2,4,80" ten="240,290,240,220" oya="1" hai0="2,49,44,11,104,111,133,135,22,76,19,84,17" hai1="132,94,16,123,63,121,129,36,30,27,74,70,120" hai2="85,5,26,56,81,33,86,88,65,101,0,1,115" hai3="106,69,53,55,10,61,100,109,50,79,110,42,41"/><U57/><E74/><V43/><F115/><W78/><G10/><T68/><D104/><U134/><E36/><V51/><F101/><W113/><G100/><T31/><D68/><U124/><E70/><V52/><F65/><N who="3" m="41135" /><G106/><T8/><D111/><N who="3" m="42505" /><G113/><T34/><D34/><U3/><E3/><V37/><F37/><W12/><G12/><T125/><D125/><U54/><E124/><V96/><F43/><N who="3" m="16395" /><G53/><N who="0" m="29863" /><D31/><U118/><E118/><V23/><F33/><W20/><G20/><T25/><D19/><U98/><E129/><V95/><F5/><W114/><G114/><T112/><D2/><U75/><E75/><V24/><F24/><W46/><AGARI ba="1,1" hai="46,50,55,78,79" m="16395,42505,41135" machi="46" ten="30,1100,0" yaku="14,1" doraHai="80" who="3" fromWho="3" sc="240,-4,290,-6,240,-4,220,24" /><INIT seed="2,0,0,0,1,130" ten="236,284,236,244" oya="2" hai0="54,104,74,12,110,23,58,15,4,32,45,75,31" hai1="85,66,132,27,6,135,134,22,0,1,112,65,5" hai2="70,113,19,67,96,14,63,69,11,49,124,99,115" hai3="61,129,48,116,36,131,103,37,21,3,133,33,101"/><V78/><F124/><W128/><G33/><T108/><D104/><U50/><E112/><V8/><F70/><W89/><G3/><N who="1" m="1098" /><E85/><V100/><F78/><W127/><G61/><T125/><D125/><U119/><E119/><V120/><F120/><W20/><G127/><T80/><D45/><U18/><E50/><V25/><F96/><W86/><G116/><T7/><D32/><U13/><E66/><V30/><F11/><W62/><G62/><T52/><D31/><N who="1" m="17911" /><E65/><V17/><F17/><W24/><G48/><T60/><D54/><U29/><E29/><V88/><F49/><W77/><G77/><T40/><D40/><U79/><E79/><V121/><F121/><W122/><G122/><T16/><D80/><U94/><E94/><V28/><F28/><W2/><G2/><T87/><D87/><U95/><E95/><V10/><F10/><AGARI ba="0,0" hai="5,6,10,13,18,132,134,135" m="17911,1098" machi="10" ten="40,12000,2" yaku="20,1,34,2,52,3" doraHai="130" who="1" fromWho="2" sc="236,0,284,120,236,-120,244,0" /><INIT seed="3,0,0,5,2,105" ten="236,404,116,244" oya="3" hai0="106,99,101,14,74,68,102,94,67,85,43,98,45" hai1="86,62,20,27,82,44,135,80,58,30,75,51,89" hai2="121,65,52,119,91,21,50,133,115,54,22,26,84" hai3="83,56,87,36,57,41,120,79,108,104,70,0,123"/><W131/><G70/><T38/><D14/><U16/><E135/><V12/><F133/><W73/><G108/><T71/><D67/><U64/><E75/><V110/><F121/><W61/><G131/><T15/><D15/><U8/><E8/><V112/><F110/><W78/><G104/><T66/><D66/><U25/><E25/><V11/><F119/><W109/><G109/><T72/><REACH who="0" step="1"/><D85/><REACH who="0" ten="226,404,116,244" step="2"/><U42/><REACH who="1" step="1"/><E30/><REACH who="1" ten="226,394,116,244" step="2"/><V35/><F112/><W95/><G120/><T114/><D114/><U122/><E122/><V113/><F115/><W31/><G123/><T34/><D34/><U92/><AGARI ba="0,2" hai="16,20,27,42,44,51,58,62,64,80,82,86,89,92" machi="92" ten="20,12000,2" yaku="1,1,0,1,7,1,8,1,54,1,53,1" doraHai="105" doraHaiUra="59" who="1" fromWho="1" sc="226,-30,394,140,116,-30,244,-60" /><INIT seed="4,0,0,1,4,125" ten="196,534,86,184" oya="0" hai0="87,113,106,78,107,129,93,75,18,102,33,76,66" hai1="85,29,79,63,31,45,24,13,132,100,61,37,119" hai2="1,112,90,35,67,105,104,7,48,126,99,72,91" hai3="96,84,14,116,30,46,111,62,25,38,81,130,44"/><T135/><D33/><U82/><E119/><V86/><F35/><W94/><G116/><T23/><D113/><U6/><E132/><V26/><F1/><W58/><G130/><T122/><D129/><U117/><E117/><V128/><F7/><W43/><G111/><T65/><D122/><U20/><E100/><N who="2" m="62495" /><F67/><W131/><G131/><T83/><D135/><U109/><E109/><V80/><F48/><W108/><G108/><T34/><D34/><U2/><E2/><V27/><F27/><W92/><G14/><T118/><D118/><U56/><E56/><V28/><F28/><W77/><G44/><T4/><D4/><U9/><E37/><V0/><F26/><W22/><G96/><T16/><D18/><U115/><E115/><V88/><F0/><W95/><G95/><T70/><D102/><U47/><E31/><V41/><F41/><W59/><G59/><T98/><D98/><U3/><E3/><V5/><F5/><W103/><G103/><T124/><D124/><U110/><E110/><V42/><F42/><W134/><G134/><T32/><D32/><U89/><E47/><V127/><F128/><W60/><G60/><N who="1" m="23114" /><E45/><V64/><F64/><AGARI ba="0,0" hai="22,25,30,38,43,46,58,62,64,77,81,84,92,94" machi="64" ten="30,1000,0" yaku="7,1" doraHai="125" who="3" fromWho="2" sc="196,0,534,0,86,-10,184,10" /><INIT seed="5,0,0,5,5,24" ten="196,534,76,194" oya="1" hai0="127,111,115,109,84,13,6,94,81,124,106,98,17" hai1="5,116,80,126,132,60,86,14,104,0,83,71,58" hai2="88,41,64,77,89,50,101,108,113,52,8,107,55" hai3="82,42,131,70,43,91,65,30,56,128,25,73,36"/><U76/><E116/><V21/><F108/><N who="0" m="41546" /><D6/><U122/><E104/><V74/><F113/><W105/><G105/><T96/><D17/><U35/><E122/><V95/><F107/><W78/><G70/><T20/><D20/><U125/><E35/><V87/><F64/><W32/><G91/><N who="0" m="55391" /><D13/><U16/><E132/><V63/><F74/><W121/><G121/><T69/><D69/><U93/><E71/><V85/><F77/><W12/><G12/><T48/><D48/><U110/><E76/><V75/><F101/><W117/><G117/><T51/><D51/><U79/><E110/><V134/><F75/><W26/><G26/><T61/><D61/><U18/><E79/><V33/><F134/><W46/><REACH who="3" step="1"/><G42/><REACH who="3" ten="196,534,76,184" step="2"/><T3/><D3/><U57/><E0/><V119/><F33/><W37/><G37/><T66/><D115/><U1/><E1/><V2/><F119/><W47/><G47/><T45/><D45/><U38/><E38/><V62/><F2/><W23/><G23/><T53/><D66/><U133/><E133/><V118/><F118/><W135/><G135/><T19/><D53/><N who="2" m="20554" /><F21/><W123/><G123/><T39/><D39/><U100/><E58/><V120/><F8/><W68/><G68/><T4/><D106/><U31/><E57/><V29/><F29/><W129/><G129/><T22/><D22/><U10/><E31/><V49/><F120/><W28/><G28/><T54/><D54/><U59/><E10/><V99/><F41/><W67/><G67/><T34/><D34/><U9/><E9/><V92/><F99/><W112/><G112/><RYUUKYOKU ba="0,1" sc="196,-15,534,-15,76,15,184,15" hai2="49,50,62,63,85,87,88,89,92,95" hai3="25,30,32,36,43,46,56,65,73,78,82,128,131" /><INIT seed="6,1,1,3,3,92" ten="181,519,91,199" oya="2" hai0="121,123,89,3,54,43,48,68,49,133,97,112,56" hai1="7,5,55,82,45,79,84,67,115,60,51,103,36" hai2="27,132,16,46,102,19,88,10,120,111,29,57,58" hai3="14,119,77,72,11,80,66,20,75,107,33,4,32"/><V91/><F120/><W78/><G119/><T94/><D3/><U15/><E115/><V109/><F132/><W64/><G107/><T104/><D68/><U17/><E36/><V86/><F102/><W105/><G105/><T74/><D74/><U129/><E129/><V134/><F46/><W52/><G20/><T12/><D112/><U38/><E38/><V8/><F134/><W6/><G52/><T87/><D133/><U114/><E114/><V116/><F29/><W61/><G66/><T28/><D28/><U63/><E103/><V40/><F40/><W0/><G6/><N who="1" m="2058" /><E67/><V98/><F27/><W90/><G90/><N who="2" m="34345" /><F86/><W130/><G14/><T53/><D43/><U18/><E18/><N who="2" m="6699" /><F98/><W42/><G42/><T24/><D24/><U106/><E106/><V125/><F125/><W135/><G135/><T37/><D37/><U113/><E113/><V110/><F116/><W96/><G96/><T50/><D12/><U69/><E69/><V25/><F25/><W47/><G47/><T81/><D104/><U128/><E128/><V73/><F73/><W70/><G130/><T62/><REACH who="0" step="1"/><D54/><REACH who="0" ten="171,519,91,199" step="2"/><U2/><E2/><V13/><F13/><W118/><REACH who="3" step="1"/><G118/><REACH who="3" ten="171,519,91,189" step="2"/><T117/><D117/><U31/><E31/><V39/><F39/><W85/><G85/><T122/><D122/><U95/><E15/><V126/><F126/><W71/><G71/><T76/><AGARI ba="1,3" hai="48,49,50,53,56,62,76,81,87,89,94,97,121,123" machi="76" ten="30,7900,0" yaku="1,1,0,1,52,1,53,1" doraHai="92" doraHaiUra="59" who="0" fromWho="0" sc="171,112,519,-21,91,-40,189,-21" /><INIT seed="7,0,0,3,3,25" ten="283,498,51,168" oya="3" hai0="36,97,85,16,42,61,34,110,78,93,32,10,63" hai1="30,118,103,22,41,72,14,112,64,99,29,9,129" hai2="2,35,68,113,5,65,135,94,83,122,19,38,120" hai3="119,128,37,91,133,89,59,28,102,71,47,21,81"/><W101/><G119/><T44/><D110/><U4/><E72/><V90/><F35/><W74/><G71/><T17/><D34/><U76/><E118/><V124/><F2/><W98/><G59/><T115/><D32/><U80/><E76/><V66/><F38/><W75/><G37/><T77/><D115/><U109/><E109/><V106/><F106/><W79/><G47/><T26/><D85/><U132/><E112/><V134/><F68/><W50/><G50/><T11/><D78/><U49/><E64/><V67/><F113/><W70/><G70/><T53/><D77/><U6/><E80/><V114/><F114/><W1/><G1/><T92/><D92/><U125/><E125/><V27/><F124/><W73/><G21/><N who="0" m="13607" /><D17/><U104/><E129/><V130/><F130/><W116/><G128/><T20/><D20/><U95/><E132/><V23/><F122/><W87/><G116/><T31/><D31/><N who="1" m="11787" /><E104/><V100/><F120/><W126/><G28/><T117/><D63/><U82/><E82/><V46/><F134/><W131/><G131/><T105/><D105/><U54/><E41/><V45/><F135/><W51/><G133/><T18/><D18/><N who="1" m="8527" /><E22/><V33/><F33/><W62/><G62/><T56/><D117/><U84/><E84/><V40/><F5/><W3/><G3/><T96/><D96/><U24/><E24/><V48/><F46/><AGARI ba="0,0" hai="4,6,46,49,54,95,99,103" m="8527,11787" machi="46" ten="30,7700,0" yaku="8,1,52,3" doraHai="25" who="1" fromWho="2" sc="283,0,498,77,51,-77,168,0" owari="283,8.0,575,68.0,-26,-53.0,168,-23.0" /></mjloggm>