<mjloggm ver="2.3"><GO type="97" lobby="0"/><UN n0="%E3%81%97%E3%81%91%E3%81%84%E3%81%97%E3%82%85%E3%81%86" n1="%E5%B0%B1%E6%B4%BB%E7%94%9F%40%E5%B7%9D%E6%9D%91%E8%BB%8D%E5%9B%A3" n2="%E3%82%B7%E3%82%BA%E3%82%AB" n3="%6A%75%6E%69%6E" dan="15,14,13,14" rate="2004.77,1984.96,1851.61,1896.19" sx="M,M,F,M"/><TAIKYOKU oya="0"/><INIT seed="0,0,0,3,4,67" ten="250,250,250,250" oya="0" hai0="83,28,12,133,118,55,131,120,16,79,18,80,114" hai1="77,115,35,95,42,81,15,103,134,113,34,76,74" hai2="4,108,98,112,24,56,121,63,62,48,19,75,91" hai3="102,70,123,43,109,73,117,71,65,116,124,54,66"/><T1/><D1/><U41/><E134/><V11/><F75/><W64/><G73/><T10/><D120/><U130/><E130/><V104/><F121/><W40/><G102/><T99/><D118/><N who="3" m="45673" /><G123/><T111/><D114/><N who="1" m="43531" /><E15/><V8/><F4/><W69/><G109/><T17/><D133/><U87/><E76/><V84/><F108/><W13/><G13/><T125/><D125/><U31/><E31/><V68/><F98/><W38/><G124/><T47/><D131/><U39/><E39/><V78/><F104/><W128/><G128/><T3/><D3/><U33/><E103/><V46/><F78/><W44/><G54/><T21/><D111/><U93/><E74/><V126/><F62/><W50/><G43/><AGARI ba="0,0" hai="33,34,35,41,42,43,77,81,87,93,95" m="43531" machi="43" ten="40,1300,0" yaku="11,1" doraHai="67" who="1" fromWho="3" sc="250,0,250,13,250,0,250,-13" /><INIT seed="1,0,0,3,3,74" ten="250,263,250,237" oya="1" hai0="53,6,17,127,79,77,61,112,106,105,80,63,27" hai1="72,108,81,22,104,49,132,30,92,125,43,121,126" hai2="90,70,55,44,48,117,28,13,20,42,119,109,96" hai3="71,86,122,68,33,84,102,67,3,58,99,23,62"/><U113/><E121/><V34/><F70/><W8/><G33/><T4/><D112/><U18/><E104/><V59/><F34/><W101/><G122/><T11/><D106/><U9/><E113/><V69/><F69/><W64/><G102/><T89/><D105/><U88/><E132/><V103/><F90/><W115/><G115/><T87/><D127/><N who="1" m="48651" /><E30/><V123/><F109/><W78/><G3/><T47/><D47/><N who="1" m="25855" /><E9/><V110/><F110/><W91/><G8/><T46/><D46/><U135/><E135/><V124/><F28/><W12/><G78/><N who="0" m="29707" /><D53/><U41/><E41/><V50/><F123/><W120/><G120/><T25/><D11/><U45/><E45/><V56/><F56/><W82/><G86/><T93/><D80/><U73/><E81/><V83/><F83/><W85/><G85/><T94/><D94/><U118/><E118/><V14/><F124/><W114/><G114/><T51/><D51/><U39/><E39/><V24/><F117/><W16/><G67/><T19/><D19/><U21/><E108/><V35/><F119/><W130/><G130/><T29/><D29/><U129/><E129/><V131/><F35/><W65/><G65/><T57/><D17/><U107/><E107/><AGARI ba="0,0" hai="12,16,23,58,62,64,68,71,82,84,91,99,101,107" machi="107" ten="30,2000,0" yaku="7,1,54,1" doraHai="74" who="3" fromWho="1" sc="250,0,263,-20,250,0,237,20" /><INIT seed="2,0,0,2,3,30" ten="250,243,250,257" oya="2" hai0="124,2,53,15,21,87,18,117,107,69,5,7,93" hai1="86,90,63,114,27,97,52,96,54,103,104,23,56" hai2="79,64,109,92,43,55,76,75,26,130,36,70,101" hai3="88,134,3,6,60,98,50,113,89,17,94,126,11"/><V8/><F8/><W65/><G126/><T121/><D107/><U29/><E114/><V72/><F55/><W118/><G118/><T10/><D69/><U110/><E110/><V125/><F125/><W16/><G134/><T4/><D117/><U28/><E97/><V34/><F130/><W14/><G113/><T77/><D124/><U108/><E108/><V24/><F109/><W112/><G112/><T85/><D121/><U128/><E128/><V19/><F26/><W135/><G135/><T116/><D116/><U78/><E78/><V42/><F36/><W40/><G3/><T119/><D119/><U80/><REACH who="1" step="1"/><E29/><REACH who="1" ten="250,233,250,257" step="2"/><N who="2" m="19751" /><F76/><W32/><G89/><T127/><D127/><U47/><E47/><V83/><F79/><W81/><G32/><T45/><D77/><U68/><E68/><V33/><F75/><W100/><G100/><T35/><D45/><U95/><E95/><V48/><F92/><W131/><G131/><T120/><D93/><U82/><E82/><V38/><F72/><W61/><G81/><T122/><D120/><U105/><E105/><V41/><F83/><W31/><G31/><T74/><D122/><U111/><E111/><V62/><F101/><W22/><G94/><T91/><D74/><U133/><E133/><V84/><F70/><W44/><G98/><T102/><D102/><U115/><E115/><V37/><F37/><W106/><G106/><T0/><D91/><U46/><E46/><V51/><F38/><W58/><G88/><T57/><D2/><U99/><E99/><V49/><F84/><N who="0" m="32330" /><D0/><U129/><E129/><V9/><F42/><RYUUKYOKU ba="0,1" sc="250,-10,233,30,250,-10,257,-10" hai1="23,27,28,52,54,56,63,80,86,90,96,103,104" /><INIT seed="3,1,1,5,1,78" ten="240,263,240,247" oya="3" hai0="64,110,69,120,101,88,51,74,115,93,21,98,46" hai1="102,41,117,15,97,59,95,33,72,79,131,92,73" hai2="103,84,23,57,129,1,9,114,39,91,48,134,85" hai3="130,121,86,99,94,71,60,17,34,75,132,32,20"/><W40/><G75/><T11/><D120/><U13/><E33/><V113/><F39/><W65/><G121/><T81/><D110/><U66/><E117/><V126/><F103/><W133/><G130/><T19/><D115/><U104/><E131/><V77/><F129/><W3/><G3/><T67/><D11/><U56/><E41/><V76/><F23/><W62/><G40/><N who="0" m="25031" /><D74/><U124/><E124/><V89/><F1/><W22/><G86/><N who="2" m="33385" /><F9/><W112/><G112/><N who="2" m="43113" /><F48/><W0/><G0/><T87/><D69/><U4/><E4/><V54/><F57/><W63/><G65/><T90/><D101/><U28/><E66/><V16/><F16/><W6/><G6/><T30/><D30/><U58/><E28/><V68/><F54/><W43/><G43/><T42/><D42/><U109/><E109/><V82/><F68/><W96/><G71/><T107/><D107/><U44/><E44/><V122/><F122/><W50/><G50/><T36/><D36/><U45/><E45/><V27/><F27/><AGARI ba="1,1" hai="19,21,27,64,67,81,87,88,90,93,98" m="25031" machi="27" ten="30,3900,0" yaku="8,1,52,1,54,1" doraHai="78" who="0" fromWho="2" sc="240,52,263,0,240,-42,247,0" /><INIT seed="4,0,0,4,1,113" ten="292,263,198,247" oya="0" hai0="49,91,107,17,99,110,15,26,36,127,66,120,116" hai1="95,79,75,135,115,2,119,28,21,134,5,46,108" hai2="89,39,111,55,51,104,98,1,83,7,19,41,23" hai3="103,93,126,122,35,78,128,88,96,14,92,118,61"/><T37/><D116/><U38/><E108/><V69/><F111/><W52/><G35/><T125/><D120/><U60/><E115/><V42/><F69/><W58/><G122/><T6/><D110/><U76/><E119/><V9/><F104/><W20/><G118/><T105/><D66/><U82/><E76/><V85/><F98/><N who="3" m="57607" /><G126/><N who="0" m="48139" /><D6/><U124/><E124/><V101/><F101/><W33/><G33/><T57/><D26/><N who="1" m="16463" /><E95/><V16/><F39/><N who="0" m="14922" /><D91/><U130/><E60/><V63/><F19/><N who="3" m="10359" /><G128/><T64/><D99/><U109/><E109/><V81/><F63/><W56/><G78/><T62/><D49/><U44/><E130/><V59/><REACH who="2" step="1"/><F83/><REACH who="2" ten="292,263,188,247" step="2"/><W71/><G71/><T48/><D48/><U73/><E5/><V53/><F53/><W74/><G74/><T94/><D94/><U87/><E75/><V133/><F133/><W100/><G58/><T32/><D32/><U90/><E73/><V112/><F112/><W68/><G68/><T114/><D114/><U65/><E38/><V54/><F54/><W13/><G103/><T131/><D131/><U123/><E123/><V97/><F97/><W34/><G34/><T102/><D102/><U0/><E65/><V24/><AGARI ba="0,1" hai="1,7,9,16,23,24,41,42,51,55,59,81,85,89" machi="24" ten="20,5200,0" yaku="1,1,0,1,7,1,54,1,53,0" doraHai="113" doraHaiUra="40" who="2" fromWho="2" sc="292,-26,263,-13,188,62,247,-13" /><INIT seed="5,0,0,0,1,39" ten="266,250,250,234" oya="1" hai0="82,33,19,125,43,127,57,74,54,99,83,55,40" hai1="87,3,18,89,79,12,14,71,48,107,112,9,85" hai2="98,94,123,25,76,2,75,32,81,117,118,29,93" hai3="68,110,16,10,17,42,88,15,26,108,114,121,36"/><U38/><E38/><V46/><F123/><W130/><G121/><T61/><D33/><U111/><E71/><V28/><F2/><W96/><G68/><T53/><D19/><U91/><E107/><V109/><F109/><W50/><G36/><T31/><D31/><U56/><E3/><V65/><F65/><W58/><G130/><T4/><D4/><U134/><E111/><V90/><F46/><N who="3" m="25943" /><G114/><T35/><D35/><U124/><E112/><V133/><F133/><W67/><G110/><T11/><D11/><N who="1" m="6431" /><E134/><V80/><F80/><N who="0" m="30762" /><D74/><U78/><E124/><N who="0" m="47689" /><D99/><U97/><E97/><V77/><F77/><N who="1" m="29193" /><E56/><V20/><REACH who="2" step="1"/><F94/><REACH who="2" ten="266,250,240,234" step="2"/><N who="3" m="56391" /><G108/><T41/><AGARI ba="0,1" hai="40,41,43,53,54,55,57,61" m="47689,30762" machi="41" ten="40,8000,1" yaku="18,1,52,3" doraHai="39" who="0" fromWho="0" sc="266,90,250,-40,240,-20,234,-20" owari="356,46.0,210,-29.0,220,2.0,214,-19.0" /></mjloggm>