<mjloggm ver="2.3"><GO type="169" lobby="0"/><UN n0="%E9%AB%98%E6%9D%89%E6%99%8B%E4%BD%9C" n1="%2A%E3%81%B6%E3%81%A3%E3%81%A1%2A" n2="%E3%81%B2%E3%81%90%E3%81%A1" n3="%E3%82%A6%E3%83%AB%E3%83%88%E3%83%A9%E7%AB%8B%E7%9B%B4" dan="16,17,18,17" rate="2100.24,2164.52,2160.59,2155.01" sx="F,M,M,M"/><TAIKYOKU oya="0"/><INIT seed="0,0,0,0,3,120" ten="250,250,250,250" oya="0" hai0="44,125,51,33,115,124,130,108,79,8,9,60,129" hai1="89,1,128,69,16,70,114,43,76,93,107,61,75" hai2="12,96,59,83,29,109,28,80,103,68,34,111,127" hai3="47,110,57,72,18,66,81,2,7,25,90,95,17"/><T78/><D33/><U119/><E107/><V113/><F68/><W15/><G2/><T131/><D115/><U82/><E1/><V56/><F113/><W132/><G7/><T52/><D60/><U77/><E114/><V88/><F12/><W63/><G132/><T105/><D105/><U73/><E128/><V10/><F10/><N who="0" m="4202" /><D108/><N who="2" m="41546" /><F127/><AGARI ba="0,0" hai="44,51,52,78,79,124,125,127,129,130,131" m="4202" machi="127" ten="40,7700,0" yaku="18,1,19,1,54,1" doraHai="120" who="0" fromWho="2" sc="250,77,250,0,250,-77,250,0" /><INIT seed="0,1,0,2,4,26" ten="327,250,173,250" oya="0" hai0="78,21,29,74,0,52,111,73,3,32,105,70,44" hai1="121,55,69,135,127,103,23,49,45,119,57,9,56" hai2="100,2,42,11,66,126,92,48,24,33,13,59,107" hai3="80,1,65,110,101,51,35,130,122,64,22,62,75"/><T108/><D105/><U10/><E119/><V99/><F126/><W67/><G35/><T40/><D70/><U84/><E121/><V25/><F2/><W46/><G1/><T132/><D32/><U7/><E69/><V83/><F107/><W50/><G101/><T116/><D116/><U98/><E127/><V63/><F33/><W128/><G75/><T61/><D132/><U41/><E135/><V5/><REACH who="2" step="1"/><F83/><REACH who="2" ten="327,250,163,250" step="2"/><W12/><G80/><T34/><D34/><U90/><E7/><V131/><F131/><W118/><G128/><T17/><D3/><U86/><E57/><V81/><F81/><W77/><G130/><T8/><D0/><U88/><E56/><V85/><F85/><W53/><G118/><T54/><D74/><U94/><E86/><V15/><F15/><W58/><G122/><T39/><D73/><U89/><E84/><V114/><F114/><W19/><G110/><T117/><D117/><U113/><E113/><V4/><F4/><W68/><G68/><T76/><D108/><U38/><E98/><V27/><F27/><W91/><G12/><T120/><D111/><U60/><E94/><V71/><F71/><W30/><G58/><T43/><D120/><U102/><E45/><AGARI ba="1,1" hai="5,11,13,24,25,42,45,48,59,63,66,92,99,100" machi="45" ten="40,2600,0" yaku="1,1,8,1,53,0" doraHai="26" doraHaiUra="28" who="2" fromWho="1" sc="327,0,250,-29,163,39,250,0" /><INIT seed="1,0,0,3,1,75" ten="327,221,202,250" oya="1" hai0="33,91,34,49,66,114,41,17,44,29,15,130,107" hai1="12,54,27,133,101,127,18,8,78,60,86,72,63" hai2="2,116,79,121,90,23,132,16,131,6,24,45,126" hai3="87,70,26,81,35,28,59,110,53,77,89,50,58"/><U43/><E72/><V31/><F121/><W21/><G70/><T19/><D107/><U115/><E115/><V20/><F116/><W123/><G123/><T97/><D130/><U117/><E117/><V11/><F126/><W7/><G110/><T52/><D66/><U48/><E127/><V32/><F132/><W135/><G135/><T47/><D114/><U14/><E133/><V65/><F65/><W108/><G108/><T120/><D120/><U119/><E119/><V96/><F131/><W25/><G7/><T68/><D68/><U112/><E27/><V118/><F118/><W109/><G109/><T64/><D64/><U88/><E43/><V9/><F79/><W94/><G59/><T69/><D69/><U85/><E101/><V71/><F71/><W36/><G36/><T102/><D91/><U57/><E14/><N who="2" m="7263" /><F45/><W106/><G106/><T30/><D33/><U80/><E112/><V5/><F90/><W51/><G51/><T83/><D34/><U100/><E100/><V122/><F96/><W1/><G1/><T22/><D97/><U98/><E98/><V40/><F40/><W111/><G111/><T92/><D102/><U37/><E37/><V93/><F93/><AGARI ba="0,0" hai="8,12,18,48,54,57,60,63,78,80,85,86,88,93" machi="93" ten="30,11600,0" yaku="7,1,8,1,52,1,54,1" doraHai="75" who="1" fromWho="2" sc="327,0,221,116,202,-116,250,0" /><INIT seed="1,1,0,5,2,109" ten="327,337,86,250" oya="1" hai0="76,119,4,58,98,122,113,0,115,21,22,99,33" hai1="6,95,110,10,111,8,104,57,70,15,42,44,84" hai2="74,60,134,82,50,97,73,53,93,85,59,28,114" hai3="24,90,89,7,108,43,87,54,78,96,124,46,67"/><U66/><E104/><V17/><F134/><W26/><G108/><N who="1" m="41514" /><E70/><V129/><F129/><W12/><G67/><T65/><D119/><U127/><E127/><V1/><F1/><W37/><G78/><T125/><D125/><U131/><E131/><V112/><F28/><W121/><G121/><T126/><D126/><U13/><E66/><V135/><F135/><W107/><G54/><T3/><D122/><U120/><E57/><V123/><F123/><W20/><G124/><T34/><D65/><U105/><E105/><V29/><F29/><W61/><G61/><T116/><D58/><U30/><E30/><V31/><F31/><W86/><G96/><T45/><D116/><U36/><E120/><V23/><F50/><W55/><G55/><T69/><D45/><U83/><E95/><V132/><F132/><W103/><G103/><T133/><D133/><U41/><E41/><V102/><F85/><W18/><G7/><T100/><D100/><U56/><E56/><V32/><F32/><W128/><G107/><T52/><D52/><U62/><E62/><V35/><F35/><W63/><G63/><T94/><D94/><U106/><E106/><V2/><F2/><W77/><G87/><T11/><D69/><U91/><E10/><V118/><F118/><W39/><G128/><T25/><D11/><U14/><AGARI ba="1,0" hai="6,8,13,14,15,36,42,44,83,84,91" m="41514" machi="14" ten="30,3000,0" yaku="14,1,10,1" doraHai="109" who="1" fromWho="1" sc="327,-11,337,33,86,-11,250,-11" /><INIT seed="1,2,0,0,5,72" ten="316,370,75,239" oya="1" hai0="31,29,48,57,86,25,70,132,110,41,34,101,30" hai1="22,109,45,118,92,77,63,66,73,43,20,64,59" hai2="9,47,52,87,37,33,42,16,95,38,124,54,129" hai3="4,78,83,5,120,68,130,60,81,94,116,13,6"/><U67/><E118/><V50/><F33/><W108/><G120/><T85/><D70/><U12/><E109/><V89/><F124/><W131/><G108/><T125/><D110/><U74/><E74/><V97/><F129/><N who="3" m="49163" /><G94/><T14/><D125/><U35/><E35/><V113/><F113/><W24/><G24/><T123/><D123/><U112/><E112/><V122/><F122/><W36/><G36/><T11/><D132/><U114/><E114/><V127/><F127/><W1/><G1/><T55/><D101/><U32/><E32/><V98/><F37/><W62/><G116/><T82/><D41/><U96/><E12/><N who="2" m="7183" /><F38/><W10/><G83/><T105/><D105/><U76/><E73/><V58/><F42/><W119/><G119/><T90/><REACH who="0" step="1"/><D85/><REACH who="0" ten="306,370,75,239" step="2"/><U61/><E43/><V44/><F47/><W84/><G68/><T75/><D75/><U99/><E45/><V93/><F95/><W115/><G115/><T100/><D100/><N who="1" m="60423" /><E99/><V21/><F21/><N who="1" m="8297" /><E63/><AGARI ba="2,1" hai="44,50,52,54,58,63,87,89,93,97,98" m="7183" machi="63" ten="30,3900,0" yaku="8,1,54,2" doraHai="72" who="2" fromWho="1" sc="306,0,370,-45,75,55,239,0" /><AGARI ba="2,0" hai="4,5,6,10,13,60,62,63,78,81,84" m="49163" machi="63" ten="30,2000,0" yaku="19,1,52,1" doraHai="72" who="3" fromWho="1" sc="306,0,325,-20,130,0,239,20" /><INIT seed="2,0,0,5,4,126" ten="306,305,130,259" oya="2" hai0="16,9,100,97,134,4,91,70,19,127,44,65,114" hai1="112,36,105,25,41,68,87,55,45,33,99,18,58" hai2="0,122,51,42,82,128,123,119,117,109,38,46,113" hai3="111,81,86,107,129,94,83,75,27,79,23,80,78"/><V76/><F0/><W43/><G43/><T84/><D127/><U54/><E68/><V64/><F82/><N who="3" m="45407" /><G23/><T103/><D134/><U92/><E105/><V110/><F64/><W39/><G27/><T125/><D114/><U120/><E112/><V37/><F76/><W15/><G15/><T90/><D125/><U5/><E120/><N who="2" m="46123" /><F113/><W47/><G47/><T121/><D121/><U72/><E72/><V52/><F128/><W26/><G26/><T89/><D84/><U104/><E87/><V93/><F93/><W101/><G39/><N who="2" m="14857" /><F42/><W124/><G124/><T49/><D65/><U31/><E92/><V13/><F13/><W132/><G132/><T11/><D97/><U96/><E99/><V57/><F46/><W77/><G129/><T108/><D70/><U56/><E45/><V73/><F73/><W88/><G77/><T30/><D30/><U98/><E31/><V48/><F48/><W20/><G20/><T35/><D35/><U106/><E33/><V2/><F2/><W12/><G12/><T61/><D61/><U67/><E36/><V32/><F32/><W69/><G69/><T116/><D4/><U85/><E5/><V24/><F24/><W62/><G62/><T28/><D28/><U133/><E25/><V115/><F115/><W50/><G50/><T102/><D9/><U59/><E133/><V40/><F40/><W118/><G79/><T74/><D11/><U29/><E41/><V10/><F10/><W14/><G14/><T131/><D74/><U7/><E29/><V8/><F8/><W71/><G71/><T95/><D131/><RYUUKYOKU ba="0,0" sc="306,-10,305,-10,130,30,259,-10" hai2="51,52,57,109,110,117,119" /><INIT seed="2,1,0,4,1,42" ten="296,295,160,249" oya="2" hai0="0,24,134,47,74,121,41,103,94,38,90,5,57" hai1="33,22,9,60,15,100,125,29,13,44,65,83,52" hai2="32,70,25,30,2,105,87,7,132,58,102,109,61" hai3="95,23,1,55,28,59,135,107,124,56,73,99,96"/><V66/><F87/><W46/><G73/><T110/><D110/><U76/><E125/><V53/><F109/><W129/><G1/><T51/><D121/><U21/><E100/><V122/><F122/><W14/><G124/><T92/><D74/><U106/><E106/><V11/><F132/><W98/><G107/><T75/><D75/><U82/><E33/><V126/><F126/><W16/><G129/><T62/><D134/><U19/><E29/><V37/><F37/><W12/><G28/><T128/><D128/><U77/><E65/><V20/><F20/><N who="1" m="7785" /><E15/><V8/><F8/><W131/><G12/><T93/><D24/><U40/><E40/><V69/><REACH who="2" step="1"/><F66/><REACH who="2" ten="296,295,150,249" step="2"/><W89/><G131/><T85/><D38/><U18/><E18/><V111/><F111/><W3/><G135/><T108/><D108/><U117/><E19/><V27/><F27/><W4/><G4/><T101/><D5/><U54/><E9/><V49/><F49/><N who="3" m="29111" /><G3/><T118/><D0/><U81/><E13/><V80/><F80/><W91/><G89/><T97/><D118/><U26/><E117/><V6/><F6/><W113/><G113/><T88/><D94/><U115/><E115/><V133/><F133/><W120/><G120/><T114/><D114/><U71/><E26/><V48/><F48/><W78/><G78/><T43/><D43/><U67/><E76/><V104/><F104/><W84/><AGARI ba="1,1" hai="14,16,23,56,59,84,91,95,96,98,99" m="29111" machi="84" ten="30,4000,0" yaku="8,1,52,1,54,1" doraHai="42" who="3" fromWho="3" sc="296,-11,295,-11,150,-21,249,53" /><INIT seed="3,0,0,3,3,80" ten="285,284,129,302" oya="3" hai0="105,111,94,77,57,82,78,89,11,2,123,61,122" hai1="62,98,6,28,59,17,32,35,12,97,118,50,72" hai2="108,34,69,112,53,74,85,88,132,9,106,58,33" hai3="68,21,24,75,19,110,83,86,129,55,39,51,16"/><W128/><G68/><T71/><D71/><U117/><E72/><V135/><F74/><W121/><G39/><T127/><D127/><U37/><E37/><V41/><F69/><W81/><G121/><T90/><D105/><U60/><E6/><V8/><F106/><W40/><G40/><T15/><D2/><U38/><E38/><V133/><F41/><W54/><G75/><T0/><D0/><U26/><E35/><N who="2" m="13323" /><F112/><W36/><G36/><T49/><D111/><U64/><E50/><N who="2" m="31031" /><F108/><W79/><G110/><T113/><D49/><U67/><E117/><V87/><F87/><W14/><G83/><AGARI ba="0,0" hai="8,9,83,85,88,132,133,135" m="31031,13323" machi="83" ten="40,5200,0" yaku="20,1,52,1,54,1" doraHai="80" who="2" fromWho="3" sc="285,0,284,0,129,52,302,-52" /><INIT seed="4,0,0,3,0,46" ten="285,284,181,250" oya="0" hai0="71,40,131,43,23,51,83,82,35,86,105,11,108" hai1="98,66,28,42,113,44,38,81,103,89,110,14,74" hai2="118,73,93,114,21,16,48,101,9,96,67,121,6" hai3="4,102,84,29,91,92,34,26,68,132,41,5,116"/><T95/><D105/><U99/><E110/><V17/><F73/><W57/><G68/><T7/><D35/><U30/><E66/><V111/><F121/><W107/><G116/><T120/><D71/><U127/><E127/><V128/><F111/><W115/><G115/><T39/><D39/><U8/><E113/><V58/><F114/><W65/><G132/><T135/><D120/><U0/><E0/><V25/><F128/><W90/><G107/><T1/><D131/><U100/><E98/><V50/><F118/><W129/><G102/><T70/><D70/><U12/><E103/><V15/><F6/><W2/><G2/><T55/><D135/><U20/><E20/><V117/><F117/><W106/><G106/><T13/><D108/><U126/><E14/><V45/><F45/><W61/><G129/><T88/><D1/><U94/><E126/><V133/><F133/><W63/><G63/><AGARI ba="0,0" hai="9,15,16,17,21,25,48,50,58,63,67,93,96,101" machi="63" ten="40,8000,1" yaku="8,1,52,2,54,1" doraHai="46" who="2" fromWho="3" sc="285,0,284,0,181,80,250,-80" /><INIT seed="5,0,0,4,2,89" ten="285,284,261,170" oya="1" hai0="54,28,82,95,63,72,23,81,33,91,36,113,90" hai1="78,116,73,59,77,71,39,64,121,126,83,46,93" hai2="31,101,7,130,49,1,35,48,88,118,32,10,111" hai3="86,133,62,26,103,8,58,41,135,106,5,0,104"/><U128/><E116/><V3/><F101/><W13/><G41/><T68/><D33/><U94/><E121/><V44/><F111/><W30/><G86/><T9/><D36/><U79/><E128/><V53/><F118/><W80/><G80/><T112/><D9/><U18/><E71/><V42/><F130/><W76/><G76/><T51/><D72/><U119/><E119/><V12/><F32/><W29/><G0/><T124/><D124/><U55/><E83/><V61/><F61/><W67/><G103/><T11/><D11/><U96/><E96/><V99/><F31/><W105/><REACH who="3" step="1"/><G26/><REACH who="3" ten="285,284,261,160" step="2"/><N who="0" m="16479" /><D82/><U92/><E73/><V134/><F3/><W65/><G65/><N who="0" m="41023" /><D81/><U52/><E126/><V21/><F1/><W127/><G127/><T43/><D43/><U66/><E64/><V22/><F42/><W57/><G57/><T115/><D95/><U122/><E122/><V98/><F44/><AGARI ba="0,1" hai="44,51,54,90,91,112,113,115" m="41023,16479" machi="44" ten="30,1000,0" yaku="15,1" doraHai="89" who="0" fromWho="2" sc="285,20,284,0,261,-10,160,0" /><INIT seed="6,0,0,1,4,5" ten="305,284,251,160" oya="2" hai0="49,48,88,114,60,78,54,14,32,62,38,80,116" hai1="120,104,43,130,47,107,109,119,122,110,11,42,105" hai2="98,128,127,61,3,84,102,6,117,64,129,123,46" hai3="74,23,135,50,92,99,13,57,103,21,118,55,83"/><V96/><F123/><N who="1" m="47145" /><E119/><V35/><F35/><W40/><G118/><T94/><D116/><U37/><E130/><N who="2" m="50283" /><F117/><W132/><G40/><T86/><D38/><U39/><E11/><N who="2" m="2527" /><F127/><W125/><G125/><T124/><D114/><U10/><E10/><V87/><F46/><AGARI ba="0,0" hai="37,39,42,43,46,47,104,105,107,109,110" m="47145" machi="46" ten="40,2600,0" yaku="13,1,23,1" doraHai="5" who="1" fromWho="2" sc="305,0,284,26,251,-26,160,0" /><INIT seed="7,0,0,4,3,99" ten="305,310,225,160" oya="3" hai0="71,18,88,27,78,17,112,123,82,29,22,54,32" hai1="37,47,107,120,43,52,19,129,66,89,68,39,109" hai2="77,93,53,95,75,57,86,31,119,33,7,84,42" hai3="4,130,51,111,49,15,117,102,124,83,2,70,38"/><W50/><G117/><T1/><D71/><U26/><E109/><V135/><F119/><W90/><G38/><T98/><D123/><U60/><E120/><V114/><F75/><W46/><G70/><T63/><D112/><U115/><E115/><V44/><F7/><W80/><G2/><T35/><D1/><U28/><E129/><V72/><F72/><W40/><G130/><T61/><D32/><U12/><E107/><V126/><F31/><W96/><G111/><T94/><D54/><U133/><E133/><V67/><F67/><W48/><G90/><T118/><D118/><U79/><E89/><V21/><F126/><W69/><G69/><T134/><D134/><U58/><E79/><V3/><F33/><W56/><G56/><T14/><D18/><U127/><E127/><V128/><F3/><W20/><G124/><T36/><D36/><U110/><E110/><V45/><F77/><W122/><G122/><T131/><D131/><U74/><E74/><AGARI ba="0,0" hai="14,17,22,27,29,35,61,63,74,78,82,88,94,98" machi="74" ten="30,2000,0" yaku="7,1,54,1" doraHai="99" who="0" fromWho="1" sc="305,20,310,-20,225,0,160,0" owari="325,42.0,290,9.0,225,-17.0,160,-34.0" /></mjloggm>