<mjloggm ver="2.3"><GO type="169" lobby="0"/><UN n0="%E3%82%A6%E3%83%AB%E3%83%88%E3%83%A9%E7%AB%8B%E7%9B%B4" n1="%E2%98%86%EF%BC%B2%EF%BC%8E%EF%BC%A4%EF%BC%8E%E2%98%85" n2="%E3%81%A1%E3%81%B3%E3%81%B2%E3%82%88" n3="%E3%81%99%E3%81%BF%E3%82%84%E3%81%AB" dan="17,16,17,17" rate="2152.59,2133.86,2117.16,2185.31" sx="M,M,M,M"/><TAIKYOKU oya="0"/><INIT seed="0,0,0,2,5,1" ten="250,250,250,250" oya="0" hai0="134,80,93,53,15,82,45,119,24,116,71,32,102" hai1="91,110,77,42,96,103,84,74,101,69,28,61,17" hai2="55,16,68,13,65,115,26,128,14,92,12,72,18" hai3="83,135,120,132,57,41,5,67,20,81,123,90,60"/><T0/><D0/><U25/><E110/><V109/><F115/><W63/><G20/><T126/><D71/><U43/><E74/><V118/><F109/><W47/><G5/><T112/><D112/><U38/><E77/><V50/><F72/><W4/><G4/><T54/><D126/><U22/><E38/><V2/><F2/><W124/><G90/><T104/><D104/><U10/><E101/><V114/><F114/><W95/><G95/><T94/><D134/><N who="3" m="51241" /><G124/><T99/><D15/><N who="1" m="7415" /><E69/><V36/><F36/><N who="3" m="21927" /><G60/><T117/><D24/><U62/><E61/><V29/><F92/><W66/><G66/><T127/><D32/><U58/><E96/><V125/><F125/><W21/><G21/><T33/><D33/><U39/><E103/><V19/><F65/><W49/><G49/><T48/><D127/><U34/><E34/><V37/><F37/><W35/><G35/><T70/><D94/><N who="1" m="54631" /><E39/><V30/><F12/><W79/><G79/><T131/><D99/><U59/><E62/><V121/><F13/><W122/><AGARI ba="0,0" hai="57,63,67,81,83,120,122,123" m="21927,51241" machi="122" ten="40,2700,0" yaku="13,1,20,1" doraHai="1" who="3" fromWho="3" sc="250,-13,250,-7,250,-7,250,27" /><INIT seed="1,0,0,0,5,13" ten="237,243,243,277" oya="1" hai0="103,51,39,61,133,28,135,107,10,120,44,116,130" hai1="114,33,60,110,88,14,95,65,34,86,121,45,82" hai2="112,20,78,93,91,134,64,26,57,53,80,89,38" hai3="37,22,108,119,111,29,106,113,69,43,41,129,50"/><U48/><E114/><V62/><F38/><W25/><G106/><T74/><D74/><U30/><E121/><V21/><F112/><W102/><G102/><T12/><D39/><U90/><E110/><V115/><F115/><W15/><G69/><T126/><D116/><U92/><E14/><V117/><F117/><W79/><G37/><T85/><D28/><U124/><E124/><V24/><F134/><N who="0" m="51210" /><D130/><U9/><E9/><V31/><F64/><W66/><G66/><T3/><D3/><U99/><E82/><V58/><F58/><W97/><G97/><N who="0" m="61935" /><D61/><U32/><E30/><V0/><F0/><W35/><G129/><T77/><D126/><U2/><E2/><V132/><F132/><W40/><G79/><T70/><D70/><U23/><E23/><V55/><F55/><W109/><G119/><T36/><D36/><U122/><E122/><V67/><F53/><W101/><G101/><T46/><D51/><U118/><E118/><V4/><F4/><W94/><G113/><T49/><D49/><U71/><REACH who="1" step="1"/><E32/><REACH who="1" ten="237,233,243,277" step="2"/><V8/><F31/><W27/><G35/><T76/><D120/><U105/><E105/><V7/><F21/><W96/><G29/><T72/><D12/><U16/><E16/><V98/><F24/><W87/><G15/><T83/><D10/><U73/><E73/><N who="2" m="43087" /><F20/><W68/><G22/><T75/><D75/><U42/><AGARI ba="0,1" hai="33,34,42,45,48,60,65,71,86,88,90,92,95,99" machi="42" ten="20,7800,0" yaku="1,1,0,1,7,1,54,1,53,0" doraHai="13" doraHaiUra="17" who="1" fromWho="1" sc="237,-26,233,88,243,-26,277,-26" /><INIT seed="1,1,0,2,0,72" ten="211,321,217,251" oya="1" hai0="38,73,36,66,97,98,80,120,31,19,83,65,14" hai1="78,113,47,60,59,4,94,86,85,3,58,125,17" hai2="106,44,11,35,41,103,100,74,53,61,22,71,77" hai3="122,76,29,88,28,52,6,13,1,69,18,119,79"/><U132/><E113/><V105/><F35/><W8/><G8/><T7/><D31/><N who="3" m="11849" /><G69/><T56/><D7/><U131/><E125/><V96/><F11/><N who="3" m="4343" /><G1/><T9/><D120/><U23/><E132/><V50/><F22/><W108/><G122/><T32/><D32/><U93/><E131/><V134/><F134/><W126/><G119/><T129/><D129/><U46/><E4/><V64/><F103/><W20/><G108/><T107/><D107/><U84/><E3/><V0/><F0/><W26/><G126/><T70/><D70/><U37/><E58/><V12/><F105/><W39/><G39/><T127/><D38/><U63/><E63/><V34/><F34/><W62/><G88/><T130/><D36/><U40/><E46/><V92/><F106/><W87/><G87/><T118/><D118/><U16/><E17/><V89/><F89/><W133/><G133/><T111/><D111/><U112/><E112/><V101/><F100/><W21/><G21/><T104/><D104/><U116/><E116/><V45/><F101/><W27/><G27/><T135/><D135/><U5/><E5/><V49/><F96/><N who="0" m="36970" /><D73/><U95/><E60/><V128/><F128/><W2/><G2/><T117/><D117/><U10/><E59/><AGARI ba="1,0" hai="18,20,26,52,59,62,76,79" m="4343,11849" machi="59" ten="30,7700,0" yaku="8,1,52,2,54,1" doraHai="72" who="3" fromWho="1" sc="211,0,321,-80,217,0,251,80" /><INIT seed="2,0,0,3,3,0" ten="211,241,217,331" oya="2" hai0="104,1,60,39,80,117,129,70,46,119,47,113,135" hai1="11,45,67,32,31,83,44,122,18,112,10,51,20" hai2="101,17,73,106,130,97,41,78,62,64,36,133,76" hai3="49,125,87,96,121,86,65,105,90,72,33,127,126"/><V103/><F130/><W29/><G65/><N who="0" m="41255" /><D104/><U124/><E112/><V56/><F133/><W123/><G49/><T108/><D80/><U115/><E115/><V2/><F2/><W13/><G13/><T120/><D1/><U48/><E124/><V42/><F101/><N who="3" m="62631" /><G29/><T52/><D113/><U54/><E122/><N who="3" m="46602" /><G33/><T63/><D120/><U77/><E67/><V59/><F36/><W82/><G87/><T21/><D21/><U74/><E31/><V79/><F73/><AGARI ba="0,0" hai="72,73,82,86,90,125,126,127" m="46602,62631" machi="73" ten="40,5200,0" yaku="18,1,34,2" doraHai="0" who="3" fromWho="2" sc="211,0,241,0,217,-52,331,52" /><INIT seed="3,0,0,3,2,132" ten="211,241,165,383" oya="3" hai0="108,119,29,110,95,105,65,109,4,106,103,17,87" hai1="46,69,93,126,80,120,104,51,42,101,134,5,124" hai2="113,117,39,11,54,76,129,12,57,74,135,107,59" hai3="98,8,125,6,85,89,60,24,3,44,13,96,67"/><W84/><G3/><T114/><D29/><U33/><E120/><V82/><F117/><W112/><G112/><T127/><D4/><U130/><E134/><V75/><F113/><W62/><G44/><T118/><D114/><U53/><E130/><V115/><F115/><W78/><G24/><T116/><D65/><U36/><E69/><V79/><F107/><N who="0" m="40970" /><D17/><U70/><E70/><V77/><F129/><W19/><G19/><T34/><D34/><U25/><E104/><V14/><F135/><W26/><G26/><T40/><D40/><U90/><E101/><V56/><F39/><W22/><G22/><T7/><D7/><U31/><E80/><V99/><F99/><W15/><G15/><T41/><D41/><U72/><E72/><V32/><F32/><W52/><G13/><T94/><D103/><U16/><E5/><V47/><F12/><W43/><G6/><T27/><D27/><U122/><E16/><V71/><F71/><W66/><G43/><T102/><D102/><U111/><E122/><V97/><F14/><W91/><G8/><T88/><D95/><U63/><E63/><V86/><F11/><W18/><G18/><T61/><D61/><U2/><E2/><V9/><F9/><W121/><G121/><T55/><D55/><U48/><E36/><V58/><F47/><W28/><G28/><T1/><D1/><U35/><E35/><V20/><F20/><W38/><G38/><T45/><D45/><N who="1" m="25655" /><E93/><V73/><N who="2" m="14336" /><DORA hai="81" /><V83/><F54/><W68/><G52/><T21/><D21/><U23/><E23/><V128/><F128/><RYUUKYOKU ba="0,0" sc="211,30,241,-10,165,-10,383,-10" hai0="87,88,94,108,109,110,116,118,119,127" /><INIT seed="4,1,0,2,0,37" ten="241,231,155,373" oya="0" hai0="88,124,43,65,5,82,35,96,107,119,116,114,73" hai1="3,11,24,76,18,63,56,22,131,121,125,55,25" hai2="83,69,81,91,42,106,19,77,101,80,110,30,92" hai3="44,133,60,34,71,12,16,129,53,38,52,48,50"/><T64/><D35/><U1/><E121/><V72/><F69/><W100/><G34/><T58/><D5/><U54/><E125/><V103/><F30/><W126/><G38/><T93/><D64/><U87/><E131/><V104/><F110/><W51/><G133/><T0/><D0/><U86/><E24/><V29/><F29/><W57/><G71/><T33/><D33/><U120/><E120/><V8/><F42/><W97/><G126/><T13/><D124/><U21/><E21/><V62/><F62/><W6/><G6/><T17/><D43/><U47/><E76/><V36/><F36/><W113/><G113/><T45/><D45/><U10/><E1/><V68/><F68/><W105/><REACH who="3" step="1"/><G129/><REACH who="3" ten="241,231,155,363" step="2"/><T20/><D114/><U94/><E3/><V99/><F19/><W90/><G90/><T2/><D119/><U66/><E18/><V40/><F8/><AGARI ba="1,1" hai="8,12,16,44,48,50,51,52,53,57,60,97,100,105" machi="8" ten="30,7700,0" yaku="1,1,7,1,54,2,53,0" doraHai="37" doraHaiUra="23" who="3" fromWho="2" sc="241,0,231,0,155,-80,363,90" /><INIT seed="5,0,0,4,3,118" ten="241,231,75,453" oya="1" hai0="40,114,56,99,35,45,94,121,39,23,117,119,15" hai1="83,6,29,82,57,50,62,116,60,19,55,105,77" hai2="76,63,103,124,113,36,54,92,79,2,17,9,68" hai3="58,12,43,28,110,66,31,85,41,24,47,38,26"/><U52/><E116/><V7/><F36/><W81/><G110/><T0/><D35/><U112/><E112/><V70/><F113/><W13/><G66/><T49/><D0/><U33/><E105/><V127/><F17/><W59/><G85/><T97/><D114/><U91/><E6/><V72/><F54/><W90/><G90/><T73/><D73/><U10/><E33/><V130/><F130/><W132/><G47/><T120/><D117/><U14/><E29/><V108/><F108/><W135/><G81/><N who="1" m="30730" /><E77/><V46/><F46/><W109/><G109/><T102/><D119/><U95/><E55/><V111/><F111/><W133/><G133/><T104/><D23/><U88/><E91/><V11/><F11/><W21/><G21/><T3/><D15/><U115/><E115/><V131/><F131/><W22/><G22/><T123/><D3/><U71/><E71/><V18/><F18/><W37/><AGARI ba="0,0" hai="12,13,24,26,28,31,37,38,41,43,58,59,132,135" machi="37" ten="25,3200,0" yaku="0,1,22,2" doraHai="118" who="3" fromWho="3" sc="241,-8,231,-16,75,-8,453,32" /><INIT seed="6,0,0,4,0,38" ten="233,215,67,485" oya="2" hai0="25,34,98,75,77,122,84,7,123,26,128,4,73" hai1="63,78,100,69,8,134,91,39,76,60,117,36,9" hai2="3,57,87,101,94,61,27,41,97,113,40,21,80" hai3="130,49,89,127,28,116,103,20,14,12,42,132,32"/><V71/><F3/><W96/><G32/><T47/><D47/><U99/><E117/><V92/><F71/><W1/><G1/><T131/><D98/><U72/><E134/><V115/><F92/><W65/><G65/><T31/><D84/><U107/><E91/><V129/><F129/><N who="0" m="49738" /><D26/><U114/><E114/><V79/><F115/><W108/><G89/><T58/><D58/><U46/><E46/><V90/><F90/><W86/><G14/><T17/><D17/><U124/><E124/><V30/><REACH who="2" step="1"/><F113/><REACH who="2" ten="233,215,57,485" step="2"/><W59/><G130/><T16/><D123/><U13/><E69/><V10/><F10/><W106/><G127/><T44/><D122/><U53/><E8/><V33/><F33/><W85/><G116/><T135/><D135/><U54/><E9/><V105/><F105/><W2/><G132/><T37/><D34/><U62/><E107/><V121/><F121/><W83/><G2/><T0/><D0/><U66/><E78/><V67/><AGARI ba="0,1" hai="21,27,30,40,41,57,61,67,79,80,87,94,97,101" machi="67" ten="20,24000,3" yaku="1,1,0,1,7,1,25,2,8,1,52,2,53,1" doraHai="38" doraHaiUra="22" who="2" fromWho="2" sc="233,-80,215,-80,57,250,485,-80" /><INIT seed="6,1,0,0,2,82" ten="153,135,307,405" oya="2" hai0="18,94,39,90,114,29,121,83,73,85,74,135,108" hai1="131,55,0,125,49,81,102,15,53,60,101,128,123" hai2="31,64,99,61,19,3,42,77,48,13,103,127,96" hai3="113,11,16,36,80,122,71,28,62,23,70,76,33"/><V59/><F3/><W8/><G36/><T5/><D39/><U21/><E0/><V50/><F127/><W68/><G122/><T7/><D121/><U67/><E125/><V129/><F129/><N who="1" m="49737" /><E123/><V79/><F31/><W116/><G116/><T84/><D108/><U93/><E81/><V115/><F115/><W26/><G62/><T17/><D74/><U27/><E15/><V34/><F34/><W95/><G95/><T20/><D73/><U118/><E118/><V52/><F42/><W69/><G69/><T35/><D114/><U9/><E9/><V124/><F124/><W37/><G37/><T30/><D135/><U56/><E93/><N who="2" m="58767" /><F99/><W47/><G47/><T41/><D41/><U89/><E89/><V105/><F105/><W88/><G113/><T110/><D110/><U86/><E86/><V111/><F111/><W51/><G88/><N who="0" m="53519" /><D35/><U4/><E4/><N who="0" m="1609" /><D18/><N who="1" m="12727" /><E55/><V119/><F119/><W1/><G1/><T107/><D107/><U25/><E25/><AGARI ba="1,0" hai="17,20,25,29,30,83,84,90" m="1609,53519" machi="25" ten="30,7700,0" yaku="8,1,52,2,54,1" doraHai="82" who="0" fromWho="1" sc="153,80,135,-80,307,0,405,0" /><INIT seed="7,0,0,0,1,24" ten="233,55,307,405" oya="3" hai0="17,52,108,28,110,93,122,53,80,50,34,94,12" hai1="97,98,82,105,75,47,26,10,56,29,131,2,14" hai2="101,36,113,11,104,27,121,69,64,127,66,20,71" hai3="106,112,103,125,8,70,55,129,61,111,39,76,118"/><W45/><G76/><T134/><D12/><U132/><E2/><V57/><F36/><W87/><G87/><T54/><D50/><U44/><E132/><V5/><F113/><W81/><G81/><T74/><D80/><U88/><E131/><V37/><F37/><W38/><G103/><T32/><D17/><U119/><E119/><V40/><F127/><W15/><G38/><T89/><D89/><U99/><E105/><V116/><F40/><W85/><G39/><T51/><D51/><U25/><E75/><V124/><F121/><W102/><G85/><T117/><D117/><U22/><E25/><V59/><F116/><W18/><G102/><T65/><D65/><U46/><E56/><V35/><F35/><W0/><G106/><T43/><D43/><U84/><E14/><V31/><F124/><W78/><G78/><T58/><D58/><U96/><N who="1" m="24576" /><DORA hai="19" /><U91/><REACH who="1" step="1"/><E10/><REACH who="1" ten="233,45,307,405" step="2"/><V77/><F77/><AGARI ba="0,1" hai="22,26,29,44,46,47,77,82,84,88,91" m="24576" machi="77" ten="50,32000,5" yaku="1,1,2,1,8,1,52,2,54,1,53,8" doraHai="24,19" doraHaiUra="95,92" who="1" fromWho="2" sc="233,0,45,330,307,-320,405,0" owari="233,-17.0,375,18.0,-13,-51.0,405,50.0" /></mjloggm>