<mjloggm ver="2.3"><GO type="41" lobby="0"/><UN n0="%E7%A9%8F%E4%B9%83%E3%81%A1%E3%82%83%E3%82%93%E5%8F%AF%E6%84%9B%E3%81%84" n1="%6A%61%63%6B%6C%6C" n2="%E9%A3%9B%E3%81%B3%E3%82%B7%E3%83%A3%E3%83%81" n3="%E5%B0%B1%E6%B4%BB%E7%94%9F%40%E5%B7%9D%E6%9D%91%E8%BB%8D%E5%9B%A3" dan="13,13,15,14" rate="1907.00,1854.57,1979.03,1973.68" sx="M,M,M,M"/><TAIKYOKU oya="0"/><INIT seed="0,0,0,0,2,80" ten="250,250,250,250" oya="0" hai0="86,27,8,127,131,68,15,26,2,52,48,115,32" hai1="6,67,90,58,91,43,3,66,93,31,119,111,45" hai2="12,55,109,134,33,88,62,51,118,29,10,25,98" hai3="5,60,40,30,38,21,84,39,128,99,133,81,120"/><T110/><D115/><U35/><E119/><V19/><F118/><W49/><G120/><T24/><D2/><U82/><E111/><V1/><F134/><W9/><G133/><T117/><D117/><U100/><E100/><V57/><F109/><W59/><G128/><T114/><D110/><U94/><E82/><V69/><F1/><W17/><G99/><T63/><D114/><U132/><E132/><V4/><F69/><W97/><G97/><T103/><D131/><U7/><E3/><V123/><F123/><W44/><G30/><T122/><D122/><U108/><E108/><V104/><F104/><W71/><G9/><T61/><D68/><U105/><E105/><V13/><F62/><W46/><G5/><N who="0" m="3471" /><D32/><U78/><E78/><V130/><F130/><W125/><G71/><T113/><D113/><U83/><E83/><V124/><F124/><W54/><G125/><T92/><D127/><U106/><E106/><V89/><REACH who="2" step="1"/><F98/><REACH who="2" ten="250,250,240,250" step="2"/><W47/><G39/><T102/><D63/><U41/><E35/><V20/><AGARI ba="0,1" hai="4,10,12,13,19,20,25,29,33,51,55,57,88,89" machi="20" ten="20,12000,2" yaku="1,1,2,1,0,1,7,1,54,1,53,2" doraHai="80" doraHaiUra="87" who="2" fromWho="2" sc="250,-60,250,-30,240,130,250,-30" /><INIT seed="1,0,0,4,1,26" ten="190,220,370,220" oya="1" hai0="61,59,48,62,20,121,47,0,53,89,68,66,91" hai1="22,86,104,108,102,77,12,44,31,92,129,85,97" hai2="125,43,90,75,130,63,81,29,114,101,60,13,15" hai3="128,83,107,51,7,10,80,19,87,67,116,42,24"/><U69/><E69/><V134/><F134/><W103/><G116/><T23/><D0/><U25/><E129/><V126/><F130/><W79/><G128/><T109/><D109/><U100/><E108/><V94/><F101/><W4/><G67/><T9/><D121/><U34/><E102/><V45/><F114/><W132/><G132/><T38/><D38/><U30/><E77/><N who="2" m="44223" /><F29/><W71/><G71/><T133/><D133/><U54/><E104/><V122/><F122/><W127/><G127/><N who="2" m="48649" /><F63/><W82/><G103/><T50/><D68/><U11/><E34/><V123/><F60/><W118/><G118/><T16/><D62/><U5/><E31/><V58/><F58/><W36/><G36/><T117/><D117/><U70/><E70/><V14/><F123/><W119/><G107/><T39/><D39/><U17/><E5/><V112/><F112/><W113/><G113/><T27/><D50/><AGARI ba="0,0" hai="11,12,17,22,25,30,44,50,54,85,86,92,97,100" machi="50" ten="40,3900,0" yaku="8,1,52,1" doraHai="26" who="1" fromWho="0" sc="190,-39,220,39,370,0,220,0" /><INIT seed="1,1,0,4,1,16" ten="151,259,370,220" oya="1" hai0="57,115,127,95,10,55,63,77,37,83,74,6,135" hai1="47,133,21,120,70,89,41,31,26,91,42,113,122" hai2="131,124,96,20,79,104,7,106,109,48,110,59,86" hai3="85,43,13,53,1,0,22,121,114,94,71,90,76"/><U107/><E107/><V84/><F7/><W68/><G121/><T66/><D115/><U2/><E113/><V17/><F131/><W118/><G114/><T80/><D135/><U69/><E2/><V72/><F124/><W38/><G118/><T36/><D127/><U15/><E133/><V125/><F125/><W102/><G102/><T129/><D129/><U23/><E120/><V18/><F18/><W67/><G76/><T132/><D132/><U19/><E122/><V126/><F126/><W49/><G43/><T50/><D95/><U117/><E117/><V46/><F59/><N who="3" m="33199" /><G38/><T52/><D83/><U78/><E78/><V12/><F72/><W29/><G29/><T116/><D116/><U25/><E42/><V97/><F106/><W134/><G134/><T111/><D55/><U30/><E69/><N who="3" m="26698" /><G67/><T65/><D65/><U81/><E70/><V128/><F128/><W101/><G101/><T105/><D105/><U58/><E58/><V39/><F39/><W64/><G64/><T24/><D24/><U99/><E99/><N who="2" m="37963" /><F104/><W4/><G4/><T98/><D98/><U119/><E119/><V11/><F79/><W82/><G82/><T9/><D37/><U40/><E81/><V103/><F103/><W8/><G8/><T44/><D36/><U3/><E3/><V14/><F84/><W88/><G90/><T75/><D75/><U28/><E28/><V130/><F86/><W73/><G73/><T34/><D74/><U33/><E41/><N who="2" m="24655" /><F130/><W51/><G51/><AGARI ba="1,0" hai="15,19,21,23,25,26,30,31,33,40,47,51,89,91" machi="51" ten="30,5800,0" yaku="7,1,52,2" doraHai="16" who="1" fromWho="3" sc="151,0,259,61,370,0,220,-61" /><INIT seed="1,2,0,1,1,93" ten="151,320,370,159" oya="1" hai0="53,84,20,39,77,104,118,85,94,1,105,96,79" hai1="5,122,114,92,134,80,82,65,121,11,23,40,32" hai2="30,135,126,43,59,68,60,62,101,63,34,128,108" hai3="90,58,57,115,12,116,27,4,18,31,54,41,56"/><U74/><E114/><V52/><F30/><W44/><G115/><T7/><D39/><U70/><E32/><V8/><F34/><W76/><G4/><T81/><D1/><U109/><E109/><V66/><F108/><W50/><G76/><T125/><D7/><U106/><E106/><N who="0" m="41065" /><D20/><U130/><E130/><V133/><F101/><W69/><G69/><T46/><D46/><U24/><E134/><N who="2" m="51211" /><F128/><W99/><G116/><T89/><D53/><U120/><E40/><V102/><F102/><W103/><G27/><T13/><D13/><U37/><E37/><V95/><F95/><N who="3" m="56823" /><G103/><N who="0" m="60823" /><D118/><U25/><E74/><V83/><F8/><N who="3" m="6407" /><G31/><T29/><D29/><U97/><E25/><V2/><F2/><W107/><G107/><T35/><D35/><U49/><E49/><AGARI ba="2,0" hai="41,44,49,50,54,56,57,58" m="6407,56823" machi="49" ten="30,2000,0" yaku="8,1,52,1" doraHai="93" who="3" fromWho="1" sc="151,0,320,-26,370,0,159,26" /><INIT seed="2,0,0,4,5,124" ten="151,294,370,185" oya="2" hai0="133,103,134,131,10,41,4,59,115,39,26,111,18" hai1="120,130,102,95,126,77,33,123,24,89,3,129,28" hai2="79,80,113,100,127,66,78,70,93,2,0,52,1" hai3="17,56,7,105,122,108,46,42,35,36,94,21,73"/><V71/><F127/><W106/><G35/><T16/><D115/><U53/><E126/><V92/><F113/><W121/><G73/><T12/><D103/><U69/><E69/><V27/><F100/><W11/><G108/><T84/><D39/><U30/><E3/><V15/><F15/><W132/><G132/><N who="0" m="50795" /><D41/><U22/><E77/><V9/><F9/><W64/><G94/><T25/><D84/><U65/><E65/><V57/><F27/><N who="0" m="10250" /><D59/><U116/><E116/><V85/><F78/><W38/><G38/><T8/><D111/><U101/><E30/><V20/><F20/><W62/><G105/><T112/><D112/><U118/><E118/><V91/><F66/><W72/><G106/><T61/><D61/><U68/><E68/><V13/><F13/><W43/><G43/><T67/><D67/><U76/><E76/><V63/><REACH who="2" step="1"/><F93/><REACH who="2" ten="151,294,360,185" step="2"/><W109/><G109/><T97/><D97/><AGARI ba="0,1" hai="0,1,2,52,57,63,70,71,79,80,85,91,92,97" machi="97" ten="40,18000,2" yaku="1,1,2,1,54,1,53,3" doraHai="124" doraHaiUra="34" who="2" fromWho="0" sc="151,-180,294,0,360,190,185,0" owari="-29,-53.0,294,9.0,550,65.0,185,-21.0" /></mjloggm>