<mjloggm ver="2.3"><GO type="97" lobby="0"/><UN n0="%E5%B0%B1%E6%B4%BB%E7%94%9F%40%E5%B7%9D%E6%9D%91%E8%BB%8D%E5%9B%A3" n1="%E5%85%AD%E6%9D%A1%E3%81%AE%E5%BE%A1%E6%81%AF%E6%89%80" n2="%E3%82%B9%E3%83%86%E3%83%B3%E3%83%AC%E3%82%B9%E3%83%A2%E3%83%A2" n3="%E6%8C%AF%E3%82%8A%E7%A9%B4%E5%85%9A" dan="14,14,14,14" rate="1943.32,1971.81,1925.36,1912.04" sx="M,F,F,M"/><TAIKYOKU oya="0"/><INIT seed="0,0,0,5,1,109" ten="250,250,250,250" oya="0" hai0="54,11,5,16,98,105,113,75,90,114,86,127,39" hai1="46,31,53,129,30,9,6,67,116,111,27,117,22" hai2="80,48,132,93,118,94,102,42,70,63,83,91,88" hai3="26,124,10,133,56,104,107,106,110,82,89,71,47"/><T87/><D75/><U61/><E111/><V55/><F132/><W29/><G110/><T52/><D39/><U85/><E129/><V44/><F118/><W32/><G71/><T74/><D74/><U122/><E122/><V59/><F70/><W33/><G133/><T99/><D127/><U134/><E134/><V37/><F37/><W35/><G124/><T119/><D119/><U79/><E116/><V25/><F25/><W45/><G56/><T72/><D72/><U126/><E117/><V8/><F8/><W20/><G10/><T15/><D87/><U131/><E126/><V62/><F63/><W64/><G64/><T28/><D28/><U57/><E131/><V95/><REACH who="2" step="1"/><F102/><REACH who="2" ten="250,250,240,250" step="2"/><W78/><REACH who="3" step="1"/><G89/><AGARI ba="0,1" hai="42,44,48,55,59,62,80,83,88,89,91,93,94,95" machi="89" ten="40,8000,1" yaku="1,1,2,1,8,1,54,1,53,0" doraHai="109" doraHaiUra="1" who="2" fromWho="3" sc="250,0,250,0,240,90,250,-80" /><INIT seed="1,0,0,4,5,134" ten="250,250,330,170" oya="1" hai0="54,72,9,130,85,32,111,102,128,113,69,75,120" hai1="49,123,101,126,59,98,109,82,125,112,29,33,103" hai2="14,36,58,27,114,86,48,83,15,115,105,70,1" hai3="23,99,26,35,127,81,116,124,28,38,122,19,46"/><U24/><E123/><V60/><F36/><W50/><G122/><T11/><D32/><U95/><E112/><N who="2" m="43051" /><F105/><W18/><G38/><T34/><D34/><U76/><E109/><V39/><F39/><W71/><G71/><T118/><D113/><U25/><E25/><V4/><F27/><W135/><G135/><T16/><D69/><U5/><E5/><V74/><F74/><W37/><G37/><T77/><D111/><U96/><E59/><V119/><F119/><W117/><G99/><T52/><D102/><U0/><E0/><V100/><F100/><W89/><G89/><T61/><D118/><N who="3" m="45673" /><G81/><N who="0" m="47279" /><D11/><U20/><E49/><V97/><F97/><W8/><G8/><T63/><D120/><U56/><E56/><V68/><F1/><W78/><G78/><T22/><D9/><U53/><E53/><N who="0" m="20585" /><D75/><U106/><REACH who="1" step="1"/><E33/><REACH who="1" ten="250,240,330,170" step="2"/><V47/><F48/><W67/><G67/><T43/><D63/><U132/><E132/><V110/><F58/><W104/><G35/><T92/><D61/><U41/><E41/><V73/><F60/><W31/><G104/><T51/><D43/><U121/><E121/><V65/><F70/><W2/><G2/><T45/><D51/><U87/><AGARI ba="0,1" hai="20,24,29,76,82,87,95,96,98,101,103,106,125,126" machi="87" ten="30,12000,1" yaku="1,1,0,1,52,2,53,1" doraHai="134" doraHaiUra="80" who="1" fromWho="1" sc="250,-40,240,130,330,-40,170,-40" /><INIT seed="1,1,0,2,0,84" ten="210,370,290,130" oya="1" hai0="55,8,93,98,132,21,122,129,76,77,107,17,121" hai1="45,9,90,113,88,38,79,134,62,44,65,53,42" hai2="91,34,20,27,52,128,97,63,0,33,3,89,133" hai3="123,1,100,64,73,112,18,95,126,127,59,10,94"/><U60/><E113/><V99/><F128/><W24/><G112/><T131/><D107/><U19/><E79/><N who="0" m="30281" /><D8/><U16/><E134/><V109/><F109/><W106/><G73/><T72/><D55/><U41/><E53/><V71/><F133/><W117/><G123/><N who="0" m="47115" /><D72/><U87/><E62/><V47/><F47/><W43/><G43/><T56/><D56/><U46/><E46/><V67/><F52/><W66/><G59/><T83/><D83/><U75/><E75/><V50/><F50/><W102/><G106/><T49/><D49/><U101/><E101/><N who="3" m="39018" /><G10/><T40/><D40/><U92/><E9/><V104/><F104/><W85/><G1/><T125/><D125/><N who="3" m="47625" /><G24/><N who="0" m="14383" /><D132/><U15/><E15/><V36/><F36/><W120/><G120/><T23/><D23/><U119/><E119/><V39/><F39/><W51/><G117/><T130/><D130/><U32/><E32/><V68/><F20/><W30/><G51/><T115/><D115/><U80/><E42/><V2/><F63/><W70/><G70/><N who="2" m="26665" /><F67/><N who="3" m="25643" /><G18/><T61/><D61/><U118/><E45/><V11/><F11/><W48/><G48/><T110/><D110/><U13/><E118/><V29/><F29/><W7/><G7/><T81/><D81/><U37/><E37/><V69/><F69/><W86/><G30/><T22/><D22/><U82/><E38/><V116/><F116/><W25/><G25/><T35/><D131/><U12/><E41/><V111/><F27/><W74/><G74/><T135/><D129/><U108/><E108/><V58/><F111/><W6/><G6/><T26/><D135/><RYUUKYOKU ba="1,0" sc="210,-10,370,-10,290,-10,130,30" hai3="85,86,94,95" /><INIT seed="2,2,0,4,1,119" ten="200,360,280,160" oya="2" hai0="40,61,97,74,8,98,54,121,92,82,42,31,94" hai1="22,114,64,65,17,9,55,125,47,3,69,38,66" hai2="7,56,23,32,85,134,83,46,62,51,39,35,44" hai3="13,110,58,15,19,75,6,133,109,57,0,104,106"/><V11/><F23/><W117/><G117/><T29/><D121/><U30/><E114/><V81/><F39/><W91/><G75/><T116/><D116/><U60/><E125/><V67/><F46/><W16/><G0/><T105/><D105/><U123/><E123/><V90/><F83/><W50/><G6/><T131/><D131/><U86/><E30/><N who="0" m="11273" /><D74/><U113/><E113/><V24/><F24/><W111/><G91/><N who="0" m="55455" /><D8/><U76/><E3/><V122/><F134/><W72/><G133/><T49/><D61/><U63/><E69/><V20/><F20/><N who="3" m="11279" /><G50/><T4/><D82/><N who="1" m="47431" /><E38/><V21/><F21/><N who="3" m="11519" /><G72/><T135/><D4/><U68/><E68/><V120/><F120/><W34/><G34/><T53/><D135/><U87/><E9/><V127/><F127/><W108/><N who="3" m="27648" /><DORA hai="37" /><W59/><AGARI ba="2,0" hai="57,58,59,104,106" m="27648,11519,11279" machi="59" ten="60,7900,0" yaku="4,1,14,1,54,1" doraHai="119,37" who="3" fromWho="3" sc="200,-22,360,-22,280,-41,160,85" /><INIT seed="3,0,0,4,0,24" ten="178,338,239,245" oya="3" hai0="130,101,30,9,109,70,61,123,60,21,108,133,25" hai1="48,86,124,7,71,118,78,74,16,44,77,22,94" hai2="73,93,116,52,88,100,134,35,23,59,5,65,40" hai3="50,89,106,41,84,3,91,135,111,83,54,1,132"/><W56/><G106/><T17/><D123/><U107/><E107/><V114/><F116/><W102/><G102/><T10/><D130/><U67/><E74/><V39/><F73/><W64/><G91/><T68/><D133/><N who="3" m="51273" /><G64/><T53/><D101/><U103/><E7/><V49/><F134/><W6/><G6/><T62/><D53/><U32/><E32/><V46/><F35/><W126/><G126/><T115/><D115/><U75/><E75/><V20/><F114/><W4/><G4/><T99/><D99/><N who="1" m="59895" /><E71/><V104/><F5/><W0/><G41/><T105/><D105/><U97/><E124/><V38/><F38/><W69/><G69/><T122/><D122/><U72/><E72/><V55/><F65/><W42/><G42/><T66/><D17/><U43/><E118/><V96/><F55/><W112/><G112/><T113/><D113/><U33/><E33/><V131/><REACH who="2" step="1"/><F131/><REACH who="2" ten="178,338,229,245" step="2"/><W117/><G117/><T79/><D79/><U47/><E67/><V36/><F36/><W82/><G82/><T129/><D129/><U31/><E78/><V19/><F19/><W2/><N who="3" m="0" /><DORA hai="37" /><W127/><G127/><T76/><D76/><U120/><E77/><V34/><F34/><W85/><G85/><AGARI ba="0,1" hai="20,23,39,40,46,49,52,59,85,88,93,96,100,104" machi="85" ten="30,16000,3" yaku="1,1,7,1,52,1,54,2,53,3" doraHai="24,37" doraHaiUra="18,87" who="2" fromWho="3" sc="178,0,338,0,229,170,245,-160" owari="178,-22.0,338,14.0,399,49.0,85,-41.0" /></mjloggm>