<mjloggm ver="2.3"><GO type="169" lobby="0"/><UN n0="%E3%82%AB%E3%83%95%E3%82%A7%E3%83%AC%E3%82%AA" n1="%E3%82%A6%E3%83%AB%E3%83%88%E3%83%A9%E7%AB%8B%E7%9B%B4" n2="%68%65%61%6C%74%68%79%37" n3="%E3%82%B1%E3%82%A4%EF%BC%91%EF%BC%93" dan="16,17,16,16" rate="2074.22,2155.63,2043.03,2077.52" sx="F,M,M,M"/><TAIKYOKU oya="0"/><INIT seed="0,0,0,4,4,43" ten="250,250,250,250" oya="0" hai0="58,51,114,24,1,119,79,25,59,105,41,68,93" hai1="30,14,47,109,92,48,110,124,11,85,95,19,74" hai2="123,21,6,50,115,121,18,80,112,130,131,76,63" hai3="101,4,38,17,122,96,98,84,90,129,86,111,108"/><T20/><D114/><N who="2" m="43562" /><F63/><W62/><G62/><T77/><D105/><U42/><E74/><V134/><F50/><W3/><G38/><T28/><D1/><U52/><E30/><V27/><F80/><N who="3" m="49415" /><G17/><T78/><D119/><U75/><E75/><V132/><F6/><W67/><G67/><T126/><D126/><U49/><E124/><V36/><F76/><W54/><G54/><T100/><D68/><U117/><E117/><V97/><F97/><N who="3" m="37483" /><G86/><T87/><D100/><U118/><E118/><V120/><F36/><W89/><G89/><N who="0" m="53439" /><D25/><U83/><E109/><N who="3" m="42058" /><G101/><T13/><D13/><U125/><E110/><V71/><F71/><W64/><G64/><T106/><D106/><U45/><E125/><V10/><F10/><W128/><G122/><T33/><D33/><U44/><E44/><AGARI ba="0,0" hai="20,24,28,41,44,51,58,59,77,78,79" m="53439" machi="44" ten="30,2900,0" yaku="8,1,52,1" doraHai="43" who="0" fromWho="1" sc="250,29,250,-29,250,0,250,0" /><INIT seed="0,1,0,2,1,17" ten="279,221,250,250" oya="0" hai0="96,15,102,59,23,61,60,4,3,65,124,101,98" hai1="40,81,127,117,67,52,106,118,132,107,26,55,27" hai2="103,49,35,104,29,76,54,5,18,44,115,57,84" hai3="68,126,25,63,66,38,24,114,75,74,94,95,89"/><T47/><D124/><U70/><E81/><V92/><F104/><W21/><G38/><T122/><D122/><U39/><E39/><V123/><F5/><W134/><G114/><T0/><D47/><U53/><E67/><V31/><F35/><W33/><G134/><T11/><D3/><U87/><E87/><V71/><F71/><W32/><G95/><T46/><D46/><U58/><E58/><V80/><F18/><W128/><G128/><T64/><D0/><U14/><E14/><V69/><F69/><W16/><G126/><T90/><D90/><U125/><E55/><N who="2" m="30119" /><F115/><W8/><G8/><T110/><D110/><U91/><E70/><V77/><F77/><W113/><G113/><T28/><D61/><U9/><E9/><V73/><F73/><W72/><REACH who="3" step="1"/><G25/><REACH who="3" ten="279,221,250,240" step="2"/><N who="0" m="16447" /><D65/><U10/><E10/><V100/><F92/><W93/><G93/><T120/><D120/><U86/><E125/><V111/><F123/><W129/><G129/><T131/><D131/><U99/><E127/><V41/><F111/><W1/><G1/><T6/><D6/><U42/><E132/><V135/><F135/><W119/><G119/><T12/><D12/><U7/><E7/><V43/><F80/><W50/><G50/><T82/><D82/><U108/><E118/><V56/><F29/><W51/><G51/><T121/><D121/><U116/><E117/><V22/><F31/><W109/><G109/><T97/><AGARI ba="1,1" hai="4,11,15,59,60,64,96,97,98,101,102" m="16447" machi="97" ten="30,3000,0" yaku="8,1,52,1" doraHai="17" who="0" fromWho="0" sc="279,43,221,-11,250,-11,240,-11" /><INIT seed="0,2,0,0,2,52" ten="322,210,239,229" oya="0" hai0="44,64,27,79,15,71,10,18,75,53,48,32,118" hai1="111,105,67,20,3,30,43,128,37,104,124,108,119" hai2="77,70,82,97,95,51,102,92,40,81,4,21,90" hai3="55,113,0,50,23,61,84,41,63,39,24,94,74"/><T66/><D118/><U58/><E3/><V125/><F70/><W16/><G74/><T114/><D114/><U34/><E34/><V54/><F40/><W49/><G39/><T106/><D106/><U133/><E119/><V31/><F4/><W87/><G0/><T73/><D73/><U112/><E112/><V65/><F65/><W99/><G41/><T93/><D71/><U126/><E43/><V35/><F35/><W12/><G49/><T91/><D79/><U110/><E37/><V127/><F31/><W88/><G113/><T13/><D75/><U36/><E36/><V6/><F6/><W45/><G84/><N who="0" m="52455" /><D32/><U33/><E33/><V22/><F82/><W107/><REACH who="3" step="1"/><G24/><REACH who="3" ten="322,210,239,219" step="2"/><T122/><D27/><N who="1" m="16743" /><E128/><V57/><F125/><N who="1" m="48233" /><E133/><V130/><F127/><W109/><G109/><T116/><D116/><U1/><E1/><V117/><F117/><W103/><AGARI ba="2,1" hai="12,16,23,45,50,55,61,63,87,88,94,99,103,107" machi="103" ten="30,8000,1" yaku="1,1,0,1,54,2,53,1" doraHai="52" doraHaiUra="11" who="3" fromWho="3" sc="322,-42,210,-22,239,-22,219,96" /><INIT seed="1,0,0,0,4,50" ten="280,188,217,315" oya="1" hai0="60,87,109,51,89,114,59,46,110,17,107,14,35" hai1="64,90,21,58,18,25,63,73,28,39,71,113,2" hai2="12,121,75,126,44,62,112,85,37,94,123,36,66" hai3="69,104,56,61,72,117,102,108,29,131,125,120,76"/><U122/><E122/><V49/><F75/><W124/><G69/><T79/><D114/><U19/><E39/><N who="2" m="14923" /><F12/><W7/><G7/><T84/><D107/><U70/><E113/><V38/><F85/><W15/><G15/><T106/><D106/><U88/><E73/><V115/><F94/><W99/><G120/><N who="2" m="46153" /><F126/><W101/><G29/><T92/><D35/><U10/><E2/><V132/><N who="2" m="14931" /><V65/><DORA hai="22" /><F132/><W81/><G117/><T11/><D79/><U24/><E10/><V68/><F66/><W47/><G47/><T31/><D31/><U0/><E0/><V95/><F95/><W134/><G101/><T128/><D87/><U133/><E133/><V9/><F9/><W26/><G26/><T33/><D33/><U127/><E127/><V43/><AGARI ba="0,0" hai="43,44,49,62,65,68,112,115" m="46153,14931" machi="43" ten="50,3200,0" yaku="34,2" doraHai="50,22" who="2" fromWho="2" sc="280,-8,188,-16,217,32,315,-8" /><INIT seed="2,0,0,3,5,19" ten="272,172,249,307" oya="2" hai0="14,15,48,96,29,59,37,101,5,31,42,50,114" hai1="45,21,68,72,17,67,115,65,70,6,88,97,109" hai2="129,111,13,89,110,135,8,9,80,18,11,99,75" hai3="95,125,24,108,27,58,43,46,91,22,98,87,86"/><V131/><F135/><W105/><G125/><T92/><D114/><U10/><E72/><V20/><F75/><W55/><G108/><N who="2" m="41513" /><F80/><W76/><G27/><T122/><D122/><U112/><E109/><V4/><F89/><W83/><G105/><T102/><D37/><U64/><E45/><V54/><F54/><W84/><G46/><T132/><D132/><U127/><E127/><V90/><F90/><W12/><G12/><N who="0" m="4651" /><D5/><U32/><E6/><V126/><F99/><W124/><G43/><T35/><D35/><U113/><E10/><N who="2" m="4203" /><F126/><W123/><G123/><T106/><D106/><U51/><E51/><V118/><F118/><W69/><G69/><T104/><D104/><U56/><E56/><V116/><F116/><W74/><G124/><T57/><D102/><U71/><E32/><V134/><F134/><W61/><REACH who="3" step="1"/><G74/><REACH who="3" ten="272,172,249,297" step="2"/><T16/><D42/><U117/><E117/><V119/><F119/><W39/><G39/><T53/><D59/><U30/><E71/><V66/><F66/><W120/><G120/><T26/><D57/><U47/><E70/><V7/><F7/><W78/><G78/><T85/><D53/><U73/><E68/><V121/><F121/><W94/><G94/><T40/><D40/><U25/><E73/><V130/><F130/><W62/><G62/><T82/><D50/><U93/><E47/><V100/><F100/><W44/><G44/><T107/><D48/><U133/><E133/><V103/><F103/><W49/><G49/><T0/><D107/><U23/><E113/><V34/><F34/><W1/><G1/><AGARI ba="0,1" hai="1,4,11,13,18,20,129,131" m="4203,41513" machi="1" ten="30,12000,1" yaku="14,1,10,1,34,2,52,1" doraHai="19" who="2" fromWho="3" sc="272,0,172,0,249,130,297,-120" /><INIT seed="2,1,0,1,1,34" ten="272,172,379,177" oya="2" hai0="28,117,21,47,112,61,48,20,96,125,69,68,97" hai1="43,31,45,50,52,128,127,16,33,46,110,77,44" hai2="118,62,84,83,37,2,9,12,88,81,29,27,109" hai3="58,123,14,19,40,41,131,90,74,56,35,86,18"/><V53/><F37/><W92/><G35/><T101/><D112/><U95/><E31/><V99/><F118/><W116/><G74/><T24/><D125/><U102/><E33/><V91/><F2/><W63/><G116/><T114/><D114/><U42/><E77/><V75/><F75/><W104/><G104/><T10/><D117/><U32/><E32/><V111/><F62/><W25/><G123/><T22/><D10/><U36/><E36/><V133/><F53/><W65/><G131/><T126/><D126/><U13/><E110/><N who="2" m="41995" /><F133/><W129/><G129/><T135/><D135/><U124/><E128/><V49/><F49/><W11/><REACH who="3" step="1"/><G58/><REACH who="3" ten="272,172,379,167" step="2"/><T78/><D69/><U79/><E124/><V94/><F81/><W80/><G80/><T38/><D68/><U6/><E127/><V121/><F121/><W5/><G5/><T30/><D47/><N who="1" m="27743" /><E6/><V17/><F29/><W4/><G4/><T67/><D30/><U113/><E113/><V54/><F83/><W100/><G100/><T0/><D101/><U120/><E120/><V122/><F122/><W70/><G70/><T115/><D28/><U103/><E103/><V119/><F119/><W98/><G98/><T55/><D97/><N who="1" m="59711" /><E79/><V7/><F99/><W130/><G130/><T64/><D115/><U89/><E89/><V73/><F91/><W105/><G105/><T8/><D78/><U59/><E59/><V107/><F107/><W76/><G76/><T87/><D96/><U1/><E44/><V132/><F73/><W134/><G134/><T60/><D87/><U66/><E46/><V106/><F132/><RYUUKYOKU ba="1,1" sc="272,-10,172,-10,379,-10,167,30" hai3="11,14,18,19,25,40,41,56,63,65,86,90,92" /><INIT seed="3,2,1,4,5,104" ten="262,162,369,197" oya="3" hai0="99,6,130,70,117,132,46,62,123,79,84,90,120" hai1="109,33,64,20,5,52,14,128,108,63,110,129,98" hai2="86,115,76,16,100,69,91,45,43,50,60,75,38" hai3="81,48,122,44,55,7,67,15,32,28,49,131,106"/><W27/><G131/><N who="1" m="50250" /><E33/><V116/><F100/><W17/><G106/><T96/><D130/><U124/><E98/><V21/><F69/><W41/><G122/><T56/><D117/><U102/><E102/><V127/><F60/><W83/><G7/><T77/><D70/><U59/><E124/><V18/><F18/><W4/><G4/><T26/><D6/><U25/><E14/><V37/><F115/><W135/><G67/><T42/><D26/><U93/><E93/><V9/><F37/><W125/><G135/><T87/><D132/><U133/><E5/><V72/><F38/><W51/><G125/><T58/><D58/><U97/><E97/><V12/><F116/><W113/><G113/><T95/><D99/><U71/><E133/><V57/><F127/><W118/><G118/><T23/><D123/><U47/><E47/><V134/><F45/><W119/><G119/><T92/><D92/><U85/><E85/><V13/><F86/><W66/><G66/><T121/><D121/><U22/><E25/><V114/><F114/><W107/><G107/><T89/><D96/><U88/><E88/><V30/><F91/><W61/><G61/><AGARI ba="2,1" hai="20,22,52,59,61,63,64,71,108,109,110" m="50250" machi="61" ten="40,5200,0" yaku="14,1,19,1,54,1" doraHai="104" who="1" fromWho="3" sc="262,0,162,68,369,0,197,-58" /><INIT seed="4,0,0,4,4,34" ten="262,230,369,139" oya="0" hai0="65,121,90,4,1,105,33,106,84,115,124,111,60" hai1="21,100,35,5,23,20,8,122,54,130,131,18,10" hai2="89,9,78,134,57,135,25,6,52,96,118,2,62" hai3="28,81,110,11,24,117,31,72,40,74,126,14,30"/><T75/><D121/><U69/><E69/><V109/><F109/><W48/><G110/><T114/><D75/><U132/><E100/><V53/><F78/><W27/><G117/><T127/><D111/><U120/><E54/><N who="2" m="34103" /><F25/><W79/><G126/><N who="0" m="48171" /><D33/><U61/><E61/><V3/><F3/><W26/><G48/><T92/><D4/><U22/><E132/><N who="2" m="50731" /><F118/><W88/><G40/><T38/><D38/><U47/><E47/><V46/><F46/><W12/><G72/><T59/><D1/><N who="1" m="47" /><E35/><V119/><F119/><W102/><G102/><T129/><D129/><N who="1" m="49163" /><E10/><V97/><F97/><W42/><G42/><T76/><D76/><U0/><E0/><V77/><F77/><W36/><G11/><T64/><D64/><U70/><E70/><V51/><F51/><W16/><G36/><T86/><D106/><U66/><E66/><V39/><F39/><W103/><G103/><T133/><D105/><U125/><E125/><V71/><F71/><W55/><G55/><T116/><D116/><U107/><E107/><V101/><F101/><W68/><G68/><T45/><D133/><U104/><E104/><V91/><F96/><W17/><REACH who="3" step="1"/><G88/><AGARI ba="0,0" hai="2,6,9,52,53,88,89,91" m="50731,34103" machi="88" ten="30,7700,0" yaku="20,1,52,1,54,2" doraHai="34" who="2" fromWho="3" sc="262,0,230,0,369,77,139,-77" /><INIT seed="5,0,0,5,1,18" ten="262,230,446,62" oya="1" hai0="38,100,95,104,36,48,98,16,131,99,66,27,84" hai1="15,59,14,80,42,86,19,73,123,34,105,115,82" hai2="119,41,56,13,37,22,81,110,125,9,65,28,8" hai3="57,108,122,75,32,46,68,91,51,2,129,93,85"/><U45/><E105/><V60/><F110/><W58/><G68/><T101/><D131/><U1/><E1/><V55/><F81/><W10/><G75/><T111/><D111/><U4/><E34/><V29/><F41/><W62/><G32/><T132/><D66/><U109/><E123/><V54/><F37/><W35/><G35/><T120/><D132/><U5/><E115/><V23/><F125/><W89/><G129/><T116/><D116/><U128/><E128/><V126/><F126/><W69/><G69/><T117/><D117/><U112/><E59/><V39/><F39/><W72/><G72/><T44/><D84/><U71/><E71/><V50/><F119/><W53/><G122/><T87/><D87/><U103/><E103/><V70/><F54/><W31/><G108/><T76/><D76/><N who="1" m="46407" /><E15/><V134/><F134/><W25/><G89/><T63/><D120/><U24/><E24/><V92/><F92/><W33/><G2/><T88/><D38/><U130/><E130/><V49/><F70/><W97/><G58/><T78/><D36/><U94/><E94/><V106/><F106/><W20/><G85/><T127/><D127/><U83/><E83/><V135/><F135/><W12/><G33/><T0/><D0/><U107/><E107/><V17/><F13/><W64/><REACH who="3" step="1"/><G12/><REACH who="3" ten="262,230,446,52" step="2"/><T40/><D101/><U113/><E109/><V121/><F56/><W61/><G61/><T21/><D63/><U90/><E90/><V43/><F60/><W102/><G102/><T6/><D78/><N who="1" m="44111" /><E113/><V133/><F121/><W114/><G114/><T7/><AGARI ba="0,1" hai="6,7,16,21,27,40,44,48,88,95,98,99,100,104" machi="7" ten="30,8000,1" yaku="5,1,0,1,52,1,54,2" doraHai="18" who="0" fromWho="0" sc="262,90,230,-40,446,-20,52,-20" /><INIT seed="6,0,0,3,2,90" ten="352,190,426,32" oya="2" hai0="64,31,86,134,48,119,97,70,88,4,110,68,20" hai1="78,34,22,49,77,27,65,99,14,33,124,13,131" hai2="23,55,67,121,120,60,16,10,47,133,1,7,3" hai3="130,118,11,127,2,58,84,108,79,126,74,112,105"/><V37/><F133/><W38/><G11/><T39/><D110/><U43/><E65/><V80/><F1/><W75/><G58/><T82/><D39/><U32/><E49/><V72/><F55/><W103/><G75/><T66/><D134/><U15/><E43/><N who="2" m="23023" /><F16/><W93/><G79/><T104/><D4/><U123/><E99/><V73/><F23/><W81/><G93/><T89/><D119/><U135/><E124/><V102/><F102/><W106/><G81/><T76/><D104/><U44/><E135/><V113/><F113/><W107/><G84/><T69/><D48/><U132/><E44/><V17/><F17/><W26/><G26/><T50/><D50/><U21/><E132/><V24/><F24/><W25/><G25/><T83/><D20/><U63/><E15/><V28/><F28/><W56/><G74/><N who="2" m="28777" /><F80/><W54/><G103/><T9/><D31/><U96/><E33/><V42/><F42/><W100/><G100/><T19/><D19/><U92/><E27/><V62/><F62/><W8/><G107/><T116/><D82/><U91/><E34/><V12/><F12/><W29/><G106/><T57/><D9/><U6/><E21/><V53/><F53/><W46/><G8/><T98/><D89/><U71/><E22/><V40/><F40/><W111/><G105/><T128/><D76/><U87/><E78/><V122/><F122/><W5/><G111/><T52/><D52/><U85/><E77/><V0/><F0/><W36/><G54/><T117/><D88/><U125/><E91/><V41/><F41/><W129/><G2/><RYUUKYOKU ba="0,0" sc="352,-10,190,-10,426,30,32,-10" hai2="3,7,10,60,67,120,121" /><INIT seed="6,1,0,2,1,50" ten="342,180,456,22" oya="2" hai0="12,112,14,64,3,85,57,39,22,96,102,79,34" hai1="88,132,100,77,114,111,98,8,23,113,125,127,122" hai2="80,99,135,45,86,18,72,133,94,56,117,19,31" hai3="24,42,89,55,119,78,69,90,40,16,107,44,59"/><V60/><F72/><W6/><G69/><T13/><D34/><U121/><E8/><V124/><F31/><W26/><G107/><T115/><D3/><U116/><E23/><V92/><F45/><W25/><G6/><T106/><D39/><U47/><E47/><V91/><F92/><W53/><G119/><T61/><D79/><U29/><E29/><V87/><F87/><W63/><G78/><T134/><D134/><N who="2" m="51210" /><F124/><W93/><G90/><T105/><D105/><U82/><E77/><N who="2" m="46351" /><F117/><W2/><G2/><T73/><D73/><U101/><E132/><V104/><F104/><W4/><G4/><T62/><D85/><U74/><E74/><V30/><F30/><W48/><REACH who="3" step="1"/><G16/><REACH who="3" ten="342,180,456,12" step="2"/><T75/><D106/><N who="1" m="63767" /><E116/><V28/><F28/><W27/><N who="3" m="6144" /><DORA hai="95" /><W0/><G0/><T15/><D22/><U38/><E125/><V33/><F33/><W97/><AGARI ba="1,1" hai="40,42,44,48,53,55,59,63,89,93,97" m="6144" machi="97" ten="40,12000,2" yaku="1,1,0,1,8,1,52,3,53,1" doraHai="50,95" doraHaiUra="17,52" who="3" fromWho="3" sc="342,-31,180,-31,456,-61,12,133" /><INIT seed="7,0,0,1,1,8" ten="311,149,395,145" oya="3" hai0="0,4,81,78,34,61,82,15,17,26,7,101,33" hai1="97,88,35,32,84,57,122,121,95,117,133,12,22" hai2="60,43,106,128,72,55,3,52,37,65,39,120,21" hai3="103,53,74,86,50,6,24,66,73,85,118,93,38"/><W112/><G38/><T131/><D0/><U68/><E68/><V47/><F21/><W9/><G66/><T115/><D131/><U134/><E57/><V96/><F72/><W42/><G42/><T91/><D82/><N who="1" m="49175" /><E12/><V94/><F106/><W70/><G70/><T110/><D7/><U71/><E22/><V87/><F3/><W27/><G73/><T5/><D101/><N who="1" m="60607" /><E71/><V75/><F75/><W44/><G74/><T54/><D54/><U40/><E40/><V25/><F87/><N who="3" m="33291" /><G118/><T1/><D61/><U31/><E117/><V129/><F25/><N who="3" m="9803" /><G112/><T62/><D26/><N who="1" m="18551" /><E35/><V119/><F119/><W99/><G9/><T45/><D115/><U125/><E125/><V49/><F120/><W29/><G6/><T16/><D5/><U20/><E20/><V19/><F129/><W135/><G29/><T126/><D4/><U83/><E83/><V51/><F128/><W41/><G53/><T76/><D126/><U90/><E90/><V123/><F123/><W109/><G109/><T18/><D110/><U105/><E105/><V127/><F127/><W124/><G124/><T11/><D11/><U132/><AGARI ba="0,0" hai="121,122,132,133,134" m="18551,60607,49175" machi="132" ten="30,2000,0" yaku="20,1,54,1" doraHai="8" who="1" fromWho="1" sc="311,-5,149,20,395,-5,145,-10" owari="306,11.0,169,-23.0,390,48.0,135,-36.0" /></mjloggm>