<mjloggm ver="2.3"><GO type="97" lobby="0"/><UN n0="%72%69%6B%75" n1="%52%52%4F%4F%41%41%52%52" n2="%E3%83%88%E3%83%88%E3%83%AA%E5%85%88%E7%94%9F%31%39%E6%AD%B3" n3="%53%4E%46" dan="13,13,13,13" rate="1872.14,2076.92,1959.25,1924.10" sx="M,M,F,M"/><TAIKYOKU oya="0"/><INIT seed="0,0,0,4,2,96" ten="250,250,250,250" oya="0" hai0="35,17,130,126,16,123,61,8,122,71,92,76,88" hai1="27,117,38,112,111,2,23,3,65,110,135,97,54" hai2="24,40,26,94,119,67,109,53,79,90,108,106,37" hai3="32,68,115,6,44,133,42,69,114,128,41,11,58"/><T131/><D35/><U39/><E117/><V49/><F119/><W60/><G32/><T28/><D76/><U33/><E112/><N who="3" m="43050" /><G11/><T1/><D28/><U100/><E33/><V78/><F106/><W98/><G6/><T34/><D34/><U86/><E65/><V125/><F125/><W84/><G98/><T124/><D71/><N who="3" m="27209" /><G84/><N who="0" m="52231" /><D61/><U62/><E86/><V91/><F78/><W70/><N who="3" m="27217" /><W85/><DORA hai="13" /><G85/><T56/><D56/><N who="1" m="35095" /><E135/><V132/><F132/><W129/><G133/><T99/><D99/><U55/><E55/><V113/><F53/><N who="3" m="33871" /><G44/><T48/><D48/><U43/><E3/><V57/><F49/><W103/><G103/><T66/><D66/><U25/><E2/><V104/><F67/><W121/><G121/><N who="0" m="46091" /><D1/><U30/><E97/><V9/><F113/><W50/><G50/><T101/><D101/><U52/><E30/><V80/><F79/><W15/><G15/><N who="0" m="7271" /><D17/><U59/><E100/><V87/><F90/><W95/><G95/><T20/><D20/><U5/><E23/><V81/><F94/><W102/><G102/><T63/><D63/><U47/><E5/><V83/><F91/><W22/><G22/><T72/><D72/><U36/><E25/><V21/><F26/><W19/><G19/><T73/><D73/><U93/><E27/><V116/><F24/><W75/><G75/><T7/><D7/><U64/><E93/><V118/><F21/><W77/><G77/><T51/><D51/><U134/><E134/><V29/><F118/><W14/><G14/><T12/><D12/><U45/><E47/><N who="2" m="23951" /><F116/><W107/><G107/><RYUUKYOKU ba="0,0" sc="250,15,250,-15,250,-15,250,15" hai0="124,126,130,131" hai3="41,42,128,129" /><INIT seed="0,1,0,0,0,18" ten="265,235,235,265" oya="0" hai0="2,91,36,33,111,47,119,86,41,61,70,26,135" hai1="78,66,99,59,109,68,117,46,57,15,112,82,5" hai2="27,12,81,39,105,9,71,76,3,100,24,40,89" hai3="130,133,115,132,55,94,8,31,10,88,29,77,25"/><T34/><D119/><U75/><E117/><V60/><F3/><W90/><G77/><T120/><D120/><U84/><E112/><V125/><F125/><W106/><G106/><T134/><D2/><U53/><E109/><V13/><F89/><W87/><G130/><T43/><D43/><U95/><E75/><V127/><F127/><W108/><G115/><T83/><D111/><U107/><E107/><V96/><F13/><W114/><G114/><T65/><REACH who="0" step="1"/><D26/><REACH who="0" ten="255,235,235,265" step="2"/><U131/><E131/><V48/><F27/><W101/><G108/><T44/><D44/><U4/><E46/><V64/><F24/><W38/><G38/><T102/><D102/><U62/><E15/><V58/><F39/><W7/><G101/><T56/><D56/><U63/><E68/><V20/><F71/><W11/><G7/><T49/><D49/><U51/><E51/><V74/><F48/><W128/><G128/><T21/><D21/><U35/><E35/><AGARI ba="1,1" hai="33,34,35,36,41,47,61,65,70,83,86,91,134,135" machi="35" ten="40,3900,0" yaku="1,1,53,1" doraHai="18" doraHaiUra="37" who="0" fromWho="1" sc="255,52,235,-42,235,0,265,0" /><INIT seed="0,2,0,3,5,94" ten="307,193,235,265" oya="0" hai0="59,85,106,39,46,7,25,28,36,48,82,132,6" hai1="21,128,117,56,18,92,65,55,111,14,29,57,13" hai2="110,58,125,116,83,91,1,112,16,76,8,103,105" hai3="81,101,108,123,100,33,51,43,69,31,89,96,26"/><T88/><D106/><U87/><E117/><V38/><F112/><W24/><G69/><T15/><D132/><U12/><E128/><V52/><F38/><W45/><G108/><T2/><D2/><U129/><E111/><V104/><F110/><W135/><G135/><T120/><D120/><U99/><E29/><V27/><F125/><W79/><G123/><T72/><D72/><U41/><E41/><V3/><F116/><W93/><REACH who="3" step="1"/><G24/><REACH who="3" ten="307,193,235,255" step="2"/><T130/><D130/><U119/><E129/><V95/><F27/><W47/><G47/><T73/><D73/><AGARI ba="2,1" hai="26,31,33,43,45,51,73,79,81,89,93,96,100,101" machi="73" ten="30,3900,0" yaku="1,1,7,1,52,1,53,0" doraHai="94" doraHaiUra="109" who="3" fromWho="0" sc="307,-45,193,0,235,0,255,55" /><INIT seed="1,0,0,1,4,88" ten="262,193,235,310" oya="1" hai0="77,130,70,40,95,86,45,31,32,28,119,26,34" hai1="118,57,128,59,12,61,42,29,74,13,5,83,92" hai2="116,36,41,3,82,126,106,37,33,35,25,69,48" hai3="46,127,11,107,134,22,90,72,19,103,84,71,133"/><U67/><E118/><V99/><F116/><W24/><G72/><T10/><D119/><U60/><E42/><V96/><F3/><W110/><G71/><T0/><D70/><U105/><E105/><V111/><F69/><W14/><G110/><T108/><D108/><U53/><E128/><V73/><F111/><W18/><G127/><T114/><D114/><U85/><E74/><V23/><F126/><W117/><G117/><T109/><D109/><U122/><E122/><V30/><F99/><W55/><G103/><T93/><D130/><U98/><E29/><V20/><F48/><W102/><G102/><T112/><D112/><U17/><E17/><V44/><F37/><W16/><G19/><T87/><D87/><U66/><E53/><V64/><F64/><W43/><G107/><T47/><D47/><U9/><E9/><V129/><F129/><W63/><G63/><T75/><D86/><U97/><E5/><V76/><REACH who="2" step="1"/><F35/><REACH who="2" ten="262,193,225,310" step="2"/><W62/><G62/><T132/><D132/><U125/><E125/><V101/><AGARI ba="0,1" hai="20,23,25,30,33,36,41,44,73,76,82,96,101,106" machi="101" ten="30,7900,0" yaku="1,1,2,1,0,1,53,1" doraHai="88" doraHaiUra="27" who="2" fromWho="2" sc="262,-20,193,-39,225,89,310,-20" /><INIT seed="2,0,0,4,0,93" ten="242,154,314,290" oya="2" hai0="98,109,99,108,96,89,126,119,120,52,113,87,132" hai1="76,112,92,38,71,13,88,131,91,103,45,6,80" hai2="61,106,54,31,100,3,133,20,39,21,105,118,84" hai3="67,42,104,1,23,36,8,24,17,43,73,94,47"/><V46/><F118/><W68/><G43/><T34/><D34/><U107/><E112/><V30/><F3/><W16/><G104/><T81/><D119/><U123/><E71/><V117/><F117/><W2/><G73/><T75/><D120/><U63/><E63/><V27/><F133/><W22/><G8/><T116/><D116/><U4/><E123/><V121/><F121/><W15/><G67/><T9/><D132/><U58/><E58/><V127/><F127/><W12/><G68/><T74/><D126/><U135/><E135/><V70/><F84/><W114/><G114/><T60/><D9/><U90/><E131/><V0/><F0/><W115/><G115/><T35/><D35/><U33/><E33/><V129/><F129/><W48/><G24/><T57/><REACH who="0" step="1"/><D113/><REACH who="0" ten="232,154,314,290" step="2"/><U14/><E14/><V11/><F11/><W53/><REACH who="3" step="1"/><G94/><REACH who="3" ten="232,154,314,280" step="2"/><T86/><D86/><N who="1" m="48391" /><E92/><V66/><F105/><W72/><G72/><AGARI ba="0,2" hai="52,57,60,72,74,75,81,87,89,96,98,99,108,109" machi="72" ten="40,12000,2" yaku="1,1,52,3,54,1,53,1" doraHai="93" doraHaiUra="83" who="0" fromWho="3" sc="232,140,154,0,314,0,280,-120" /><INIT seed="3,0,0,4,3,43" ten="372,154,314,160" oya="3" hai0="14,60,82,53,66,5,50,63,19,90,103,37,92" hai1="29,54,128,3,114,61,36,108,132,117,40,1,13" hai2="75,35,99,22,83,51,126,25,134,94,115,59,120" hai3="68,73,65,107,87,38,127,112,69,10,2,7,91"/><W74/><G107/><T57/><D5/><U17/><E114/><V31/><F115/><W23/><G112/><T129/><D129/><U102/><E117/><V44/><F134/><W27/><G127/><T67/><D37/><U101/><E132/><V70/><F126/><W121/><G121/><T113/><D113/><U55/><E128/><V130/><F130/><W81/><G38/><T32/><D32/><U79/><E29/><V26/><F120/><W119/><G119/><T33/><D33/><U9/><E79/><V34/><F70/><W133/><G133/><T20/><D103/><U39/><E108/><V47/><F35/><W12/><G2/><T24/><D82/><U4/><E1/><V77/><F51/><W0/><G0/><T28/><D63/><U30/><E30/><V16/><F59/><W71/><REACH who="3" step="1"/><G65/><REACH who="3" ten="372,154,314,150" step="2"/><T111/><D111/><U64/><E39/><V6/><F6/><W86/><G86/><T125/><D125/><U56/><E36/><V41/><F41/><W118/><G118/><T21/><REACH who="0" step="1"/><D60/><REACH who="0" ten="362,154,314,150" step="2"/><U46/><E61/><V100/><AGARI ba="0,2" hai="16,22,25,26,31,34,44,47,75,77,83,94,99,100" machi="100" ten="20,8000,1" yaku="0,1,7,1,52,2,54,1" doraHai="43" who="2" fromWho="2" sc="362,-20,154,-20,314,100,150,-40" owari="342,14.0,134,-27.0,414,52.0,110,-39.0" /></mjloggm>