<mjloggm ver="2.3"><GO type="97" lobby="0"/><UN n0="%E5%B0%B1%E6%B4%BB%E7%94%9F%40%E5%B7%9D%E6%9D%91%E8%BB%8D%E5%9B%A3" n1="%E5%81%B6%E6%A9%9F%E5%BE%85%E3%81%A1" n2="%E3%82%B5%E3%82%AF%E3%83%AA" n3="%E6%A3%AE%E5%B4%8E%E6%9C%89%E4%B8%89" dan="14,13,13,13" rate="2015.14,1895.43,1874.66,1915.02" sx="M,M,M,M"/><TAIKYOKU oya="0"/><INIT seed="0,0,0,1,5,106" ten="250,250,250,250" oya="0" hai0="50,78,77,131,114,34,108,88,4,79,66,113,121" hai1="19,105,8,65,97,60,46,44,73,30,116,32,39" hai2="40,91,3,7,17,57,118,126,109,74,45,112,14" hai3="82,94,6,51,1,62,68,95,89,87,33,16,43"/><T76/><D121/><U128/><E116/><V133/><F118/><W134/><G134/><T9/><D34/><U80/><E128/><V25/><F133/><W123/><G123/><T10/><D131/><U64/><E8/><V23/><F112/><W28/><G33/><T13/><D108/><U103/><E19/><V102/><F102/><W96/><G28/><T37/><D37/><U29/><E29/><V117/><F117/><W18/><G1/><T36/><D36/><U130/><E64/><V31/><F109/><W21/><G6/><T47/><D66/><U100/><E100/><V85/><F57/><W53/><G43/><T107/><D107/><U101/><E101/><V111/><F111/><W122/><G122/><T15/><N who="0" m="19968" /><DORA hai="129" /><T52/><REACH who="0" step="1"/><D88/><REACH who="0" ten="240,250,250,250" step="2"/><U38/><E38/><V49/><F3/><W92/><G96/><T48/><D48/><U71/><E39/><V24/><F91/><W22/><G51/><T27/><D27/><N who="1" m="18527" /><E80/><V11/><F85/><W35/><G35/><T120/><D120/><U110/><E110/><V132/><F132/><W135/><BYE who="2" /><G135/><UN n2="%E3%82%B5%E3%82%AF%E3%83%AA" /><T56/><D56/><U58/><E58/><V61/><F61/><W42/><G62/><T104/><D104/><U99/><E130/><V84/><F84/><W54/><G68/><T115/><D115/><U83/><E99/><V2/><F25/><N who="3" m="14503" /><G42/><T93/><D93/><U125/><E83/><V127/><F2/><W55/><G95/><T63/><D63/><U98/><E98/><V86/><F86/><W0/><G0/><T75/><D75/><U90/><E73/><V81/><F31/><RYUUKYOKU ba="0,1" sc="240,10,250,-30,250,10,250,10" hai0="4,9,10,13,15,47,50,52,113,114" hai2="7,11,14,17,23,24,40,45,49,74,81,126,127" hai3="18,22,53,54,55,82,87,89,92,94" /><INIT seed="0,1,1,4,4,129" ten="250,220,260,260" oya="0" hai0="64,77,88,5,16,44,36,62,84,11,126,25,65" hai1="2,54,133,55,116,15,92,3,33,30,18,106,94" hai2="72,48,0,9,122,125,87,76,27,97,112,8,51" hai3="108,6,38,24,99,89,22,114,91,31,10,17,118"/><T79/><D126/><U121/><E121/><V80/><F125/><W69/><G108/><T96/><D36/><U1/><E116/><V20/><F122/><W123/><G123/><T29/><D44/><U101/><E106/><V83/><F112/><W12/><G114/><T45/><D45/><U26/><E133/><V134/><F134/><W113/><G113/><T46/><D96/><U53/><REACH who="1" step="1"/><E101/><REACH who="1" ten="250,210,260,260" step="2"/><V90/><F0/><W19/><G118/><T115/><D115/><U67/><E67/><V124/><F124/><W110/><G110/><T13/><D65/><U56/><E56/><V47/><F97/><W86/><G69/><T57/><D46/><U75/><E75/><V74/><F74/><W107/><G38/><T81/><REACH who="0" step="1"/><D5/><REACH who="0" ten="240,210,260,260" step="2"/><U23/><AGARI ba="1,3" hai="1,2,3,15,18,23,26,30,33,53,54,55,92,94" machi="23" ten="40,2700,0" yaku="1,1,0,1,53,0" doraHai="129" doraHaiUra="127" who="1" fromWho="1" sc="240,-14,210,60,260,-8,260,-8" /><INIT seed="1,0,0,4,3,69" ten="226,270,252,252" oya="1" hai0="76,82,38,86,91,67,105,133,13,99,68,93,102" hai1="58,104,83,29,127,57,124,6,51,117,61,40,135" hai2="10,90,39,108,16,23,130,122,131,103,62,60,79" hai3="66,132,134,100,106,8,9,114,46,12,113,65,30"/><U55/><E117/><V71/><F122/><W42/><G30/><T125/><D125/><N who="1" m="48203" /><E135/><N who="3" m="51754" /><G106/><T3/><D133/><U49/><E104/><V109/><F103/><W53/><G100/><T22/><D3/><U119/><E119/><V18/><F79/><W126/><G126/><T41/><D67/><N who="3" m="25609" /><G53/><T70/><D22/><U63/><E29/><V50/><F71/><W37/><G8/><T52/><D13/><U56/><E6/><AGARI ba="0,0" hai="6,9,12,37,42,46,113,114" m="25609,51754" machi="6" ten="30,2000,0" yaku="20,1,52,1" doraHai="69" who="3" fromWho="1" sc="226,0,270,-20,252,0,252,20" /><INIT seed="2,0,0,4,3,121" ten="226,250,252,272" oya="2" hai0="19,70,109,85,59,22,18,68,12,116,100,1,122" hai1="66,92,103,7,62,125,0,34,106,64,130,71,57" hai2="84,5,83,54,98,2,30,41,26,77,14,49,73" hai3="79,51,55,115,80,104,91,58,46,112,114,29,95"/><V107/><F2/><W39/><G104/><T87/><D1/><U50/><E130/><V6/><F41/><N who="3" m="22847" /><G29/><T42/><D116/><U60/><E125/><V90/><F14/><W17/><G17/><T28/><D122/><U74/><E74/><V108/><F98/><N who="3" m="57727" /><G80/><T117/><D117/><U135/><E34/><V97/><F97/><W56/><G79/><T69/><D28/><U105/><E50/><V124/><F107/><W99/><G99/><T133/><D133/><U8/><E105/><V78/><F124/><W31/><G31/><T10/><D100/><U118/><E118/><V113/><F77/><W40/><G40/><T33/><D33/><U63/><E135/><V44/><F113/><N who="3" m="28931" /><W38/><DORA hai="3" /><G38/><T89/><D42/><U48/><E106/><V36/><F36/><W53/><G53/><T45/><D45/><AGARI ba="0,0" hai="45,51,55,56,58" m="28931,57727,22847" machi="45" ten="40,1300,0" yaku="11,1" doraHai="121,3" who="3" fromWho="0" sc="226,-13,250,0,252,0,272,13" /><INIT seed="3,0,0,3,2,37" ten="213,250,252,285" oya="3" hai0="67,15,70,101,43,93,131,124,11,54,29,109,135" hai1="106,23,55,76,121,114,42,72,78,69,51,99,50" hai2="126,61,82,13,46,38,129,81,88,110,56,34,52" hai3="12,8,26,44,89,84,24,125,119,10,57,66,6"/><W107/><G125/><T9/><D124/><U0/><E114/><V40/><F126/><W18/><G119/><T39/><D131/><U49/><E121/><V134/><F34/><W48/><G107/><T133/><D109/><U79/><E0/><V68/><F129/><W105/><G105/><T1/><D29/><U53/><E69/><V32/><F32/><W16/><G66/><T71/><D1/><U118/><E118/><V65/><F110/><W94/><G57/><T98/><D54/><N who="1" m="20491" /><E72/><V83/><F134/><W63/><G63/><T128/><D128/><U27/><E106/><V100/><F100/><W91/><G91/><T117/><D117/><U87/><E87/><V95/><F13/><N who="3" m="5271" /><G18/><T90/><D101/><U2/><E99/><V64/><REACH who="2" step="1"/><F68/><REACH who="2" ten="213,250,242,285" step="2"/><W20/><G20/><T111/><D111/><U77/><E77/><V31/><F31/><W58/><G58/><T3/><D3/><U4/><E2/><V35/><F35/><W19/><G19/><T92/><D11/><U102/><E102/><V103/><F103/><W74/><G74/><T60/><D71/><U96/><E4/><V41/><F41/><AGARI ba="0,1" hai="10,12,16,24,26,41,44,48,84,89,94" m="5271" machi="41" ten="30,5800,0" yaku="8,1,52,1,54,1" doraHai="37" who="3" fromWho="2" sc="213,0,250,0,242,-58,285,68" owari="213,-19.0,250,5.0,184,-32.0,353,46.0" /></mjloggm>