<mjloggm ver="2.3"><GO type="169" lobby="0"/><UN n0="%E5%B0%B1%E6%B4%BB%E7%94%9F%40%E5%B7%9D%E6%9D%91%E8%BB%8D%E5%9B%A3" n1="%E3%81%82%E3%81%B2%E3%82%8B%E3%81%95%E3%82%93" n2="%EF%BC%91%EF%BC%92%EF%BC%94%EF%BC%98%EF%BC%91%EF%BC%96%EF%BC%93%EF%BC%92" n3="%E3%81%97%E3%81%8A%E3%81%BE%E3%81%AD%E3%81%8D" dan="16,16,17,16" rate="2049.89,2074.45,2197.53,2138.87" sx="M,M,M,M"/><TAIKYOKU oya="0"/><INIT seed="0,0,0,1,0,83" ten="250,250,250,250" oya="0" hai0="37,40,15,121,10,94,14,89,41,110,86,9,103" hai1="125,71,93,134,77,51,36,68,8,49,118,6,126" hai2="124,117,26,114,19,39,109,58,131,52,18,80,122" hai3="133,65,108,31,132,1,120,0,50,129,113,48,29"/><T101/><D121/><U34/><E118/><V72/><F122/><W57/><G120/><T92/><D37/><U67/><E34/><V17/><F39/><W59/><G113/><T95/><D110/><U42/><E77/><V128/><F114/><W62/><G129/><N who="2" m="49737" /><F109/><W3/><G108/><T123/><D123/><U56/><E93/><N who="0" m="35945" /><D14/><U90/><E90/><V28/><F117/><W119/><G119/><T66/><D66/><U7/><E36/><V106/><F106/><W63/><G1/><T55/><D55/><U82/><E82/><V45/><F45/><W24/><G24/><T13/><D13/><U135/><E8/><N who="0" m="3177" /><D15/><U116/><E116/><V127/><F72/><W12/><G12/><T5/><D5/><N who="1" m="1547" /><E67/><AGARI ba="0,0" hai="0,3,29,31,48,50,57,59,62,63,65,67,132,133" machi="67" ten="25,1600,0" yaku="22,2" doraHai="83" who="3" fromWho="1" sc="250,0,250,-16,250,0,250,16" /><INIT seed="1,0,0,4,3,22" ten="250,234,250,266" oya="1" hai0="79,6,44,77,41,48,31,5,98,70,1,107,28" hai1="116,123,85,114,120,81,130,113,103,62,65,66,15" hai2="119,100,21,108,33,112,117,27,26,129,133,96,2" hai3="12,18,57,72,39,45,42,88,4,101,86,49,118"/><U63/><E103/><V89/><F2/><W104/><G72/><T30/><D70/><N who="1" m="42295" /><E15/><V51/><F108/><W20/><G118/><T38/><D38/><U60/><E85/><V76/><F133/><W74/><G74/><T14/><D1/><U127/><E81/><V67/><F129/><W106/><G4/><T0/><D0/><U23/><E23/><V122/><F122/><N who="1" m="46633" /><E116/><V59/><F76/><W52/><G101/><T125/><D125/><U93/><E93/><AGARI ba="0,0" hai="12,18,20,39,42,45,49,52,57,86,88,93,104,106" machi="93" ten="30,8000,1" yaku="7,1,25,2,54,2" doraHai="22" who="3" fromWho="1" sc="250,0,234,-80,250,0,266,80" /><INIT seed="2,0,0,4,0,23" ten="250,154,250,346" oya="2" hai0="88,10,14,58,16,64,99,25,51,22,100,103,29" hai1="131,124,62,111,73,115,84,3,71,49,11,130,90" hai2="4,109,56,15,76,83,43,59,27,113,26,118,12" hai3="89,125,2,8,105,19,86,36,41,66,38,119,30"/><V87/><F118/><W116/><G105/><T114/><D114/><U7/><E115/><V67/><F113/><W77/><G77/><T17/><D29/><U74/><E111/><V40/><F109/><W91/><G125/><T52/><D64/><U5/><E5/><V94/><F94/><AGARI ba="0,0" hai="10,14,16,17,22,25,51,52,58,88,94,99,100,103" machi="94" ten="40,8000,1" yaku="8,1,52,1,54,3" doraHai="23" who="0" fromWho="2" sc="250,80,154,0,250,-80,346,0" /><INIT seed="3,0,0,3,1,124" ten="330,154,170,346" oya="3" hai0="62,73,36,34,44,66,21,35,3,41,82,28,97" hai1="122,55,10,45,92,54,126,4,115,70,74,114,30" hai2="2,108,91,84,77,47,120,94,46,131,96,102,32" hai3="105,87,68,14,13,113,79,33,6,9,63,16,88"/><W31/><G105/><T69/><D21/><U78/><E122/><V112/><F2/><W64/><G113/><T135/><D135/><U103/><E70/><V27/><F112/><W39/><G39/><T89/><D89/><U61/><E126/><V100/><F120/><W90/><G31/><T25/><D97/><U104/><E104/><V58/><F108/><W98/><G33/><T56/><D56/><U48/><E30/><V40/><F77/><W23/><REACH who="3" step="1"/><G98/><REACH who="3" ten="330,154,170,336" step="2"/><T20/><D35/><U26/><E115/><V111/><F32/><W11/><G11/><T132/><D132/><U101/><E10/><V118/><F96/><W95/><G95/><T7/><D20/><U127/><E92/><V52/><F94/><W60/><G60/><T53/><D28/><U121/><E61/><V43/><F118/><W93/><G93/><T128/><D34/><U129/><E114/><V119/><F119/><W8/><G8/><T81/><D62/><U38/><E38/><V22/><F22/><W51/><G51/><T107/><D36/><U110/><E48/><V29/><F29/><W85/><G85/><T57/><D107/><U59/><E127/><V109/><F84/><W18/><G18/><T67/><D73/><U75/><E75/><V0/><F102/><W133/><G133/><T12/><D81/><AGARI ba="0,1" hai="6,9,13,14,16,23,63,64,68,79,81,87,88,90" machi="81" ten="40,7700,0" yaku="1,1,54,2,53,0" doraHai="124" doraHaiUra="123" who="3" fromWho="0" sc="330,-77,154,0,170,0,336,87" /><INIT seed="3,1,0,3,5,112" ten="253,154,170,423" oya="3" hai0="27,8,68,107,47,10,65,14,120,89,11,24,50" hai1="96,91,74,80,123,117,131,110,124,1,122,4,20" hai2="30,94,129,81,82,63,57,28,100,134,15,132,39" hai3="52,115,88,72,7,29,62,75,5,45,46,71,93"/><W35/><G115/><T90/><D120/><U77/><E1/><V42/><F129/><W41/><G29/><T126/><D107/><U111/><E4/><V44/><F15/><W97/><G35/><T25/><D126/><U79/><E20/><V101/><F30/><W98/><G98/><T59/><D68/><U78/><E131/><V34/><F34/><W3/><G71/><T58/><D14/><U87/><E124/><V86/><F28/><W36/><G5/><T55/><D65/><U67/><E67/><V85/><F94/><W125/><G125/><T83/><D83/><N who="2" m="31754" /><F86/><W102/><G102/><T103/><D103/><U121/><E74/><V119/><F85/><W21/><G21/><T73/><D73/><U53/><E53/><N who="2" m="34223" /><F119/><W104/><G104/><T43/><REACH who="0" step="1"/><D58/><REACH who="0" ten="243,154,170,423" step="2"/><U66/><E66/><V118/><F101/><W12/><G12/><T0/><D0/><U127/><E127/><V31/><F100/><W48/><REACH who="3" step="1"/><G62/><AGARI ba="1,1" hai="8,10,11,24,25,27,43,47,50,55,59,62,89,90" machi="62" ten="40,2600,0" yaku="1,1,8,1,53,0" doraHai="112" doraHaiUra="19" who="0" fromWho="3" sc="243,39,154,0,170,0,423,-29" /><INIT seed="4,0,0,1,1,86" ten="282,154,170,394" oya="0" hai0="122,121,66,4,10,117,107,123,32,33,132,22,47" hai1="98,134,67,72,42,60,25,11,1,128,90,23,96" hai2="57,9,26,39,76,125,6,127,37,101,133,109,41" hai3="82,36,103,115,12,130,120,114,94,69,27,111,40"/><T108/><D107/><U20/><E72/><V59/><F109/><W89/><G69/><T28/><D66/><U91/><E42/><V19/><F133/><W58/><G58/><N who="2" m="22025" /><F101/><W116/><G12/><N who="0" m="5191" /><D47/><U14/><E1/><V88/><F76/><W97/><G27/><N who="0" m="16503" /><D117/><U34/><E34/><N who="0" m="13417" /><D132/><U61/><E134/><V43/><F41/><W63/><G63/><N who="1" m="24138" /><E128/><V45/><F39/><W65/><G65/><T124/><D124/><U5/><E67/><V135/><F135/><W48/><G48/><T3/><D3/><U0/><E0/><N who="2" m="199" /><F45/><W62/><G40/><T81/><D81/><U87/><E23/><N who="2" m="13695" /><F37/><W131/><G36/><T7/><D7/><U2/><E2/><V30/><F43/><W99/><G62/><T68/><D68/><U74/><E74/><V75/><F75/><W16/><G116/><T29/><D29/><N who="1" m="17575" /><E87/><V52/><F30/><W77/><G111/><AGARI ba="0,0" hai="108,111,121,122,123" m="13417,16503,5191" machi="111" ten="40,3900,0" yaku="34,2" doraHai="86" who="0" fromWho="3" sc="282,39,154,0,170,0,394,-39" /><INIT seed="4,1,0,3,2,103" ten="321,154,170,355" oya="0" hai0="102,17,119,32,58,69,0,111,98,11,131,74,88" hai1="82,104,34,81,91,93,51,108,29,124,54,89,56" hai2="40,135,128,47,76,113,94,18,8,72,68,97,110" hai3="13,101,55,114,96,6,64,60,90,39,129,43,23"/><T130/><D69/><U86/><E108/><V48/><F110/><W84/><G129/><T106/><D111/><U61/><E124/><V26/><F68/><W10/><G114/><T127/><D74/><U44/><E34/><V24/><F113/><W80/><G55/><T75/><D75/><U117/><E117/><V105/><F128/><N who="0" m="49194" /><D32/><U16/><E29/><V107/><F135/><W83/><G43/><T3/><D119/><U134/><E134/><V120/><F120/><W45/><G45/><T71/><D71/><U126/><E126/><V87/><F72/><W31/><G39/><T115/><D115/><U19/><E104/><V20/><F8/><W5/><G5/><T121/><D121/><U77/><E77/><V63/><F63/><W95/><G60/><T133/><D133/><U36/><E36/><V38/><F38/><W2/><G64/><T30/><D30/><U125/><E125/><V73/><F73/><W42/><G42/><T100/><D100/><U37/><E37/><V112/><F112/><W46/><G46/><T67/><D127/><U7/><E7/><V79/><F24/><W33/><G33/><T41/><D41/><N who="1" m="24975" /><E81/><V70/><F70/><W35/><G35/><T50/><D3/><U109/><E109/><V92/><F79/><W52/><G52/><N who="0" m="32023" /><D67/><U53/><E54/><V123/><F123/><W4/><G31/><T132/><D132/><U57/><E56/><V28/><F28/><W122/><G122/><T15/><D0/><U27/><E27/><V99/><F26/><W62/><G2/><T66/><D66/><U21/><E21/><RYUUKYOKU ba="1,0" sc="321,15,154,15,170,-15,355,-15" hai0="11,15,17,88,98,102,106" hai1="16,19,53,57,61,82,86,89,91,93" /><INIT seed="4,2,0,4,2,13" ten="336,169,155,340" oya="0" hai0="59,55,123,57,87,129,113,49,40,134,108,7,71" hai1="18,78,135,95,30,43,83,92,9,24,99,4,125" hai2="112,122,90,82,16,56,101,128,74,66,63,61,77" hai3="19,25,110,51,3,26,116,94,44,46,120,35,14"/><T23/><D71/><U2/><E135/><V50/><F122/><W33/><G110/><T102/><D108/><U45/><E125/><V60/><F112/><W68/><G68/><T119/><D119/><U115/><E115/><V75/><F128/><W42/><G3/><T10/><D123/><U73/><E99/><V96/><F75/><W54/><G116/><T86/><D113/><U47/><E47/><V70/><F90/><W103/><G120/><T6/><D129/><U69/><E69/><V79/><F79/><W81/><G35/><T62/><D134/><U121/><E121/><V88/><F88/><W89/><G33/><T11/><D102/><U124/><E124/><V34/><F34/><W15/><G15/><T17/><D11/><U106/><E106/><V117/><F117/><W85/><G103/><T41/><D41/><U64/><E64/><V104/><F70/><W0/><G0/><T109/><D109/><U132/><E132/><V29/><F29/><W21/><G81/><T39/><D39/><AGARI ba="2,0" hai="14,19,21,25,26,39,42,44,46,51,54,85,89,94" machi="39" ten="30,2000,0" yaku="7,1,52,1" doraHai="13" who="3" fromWho="0" sc="336,-26,169,0,155,0,340,26" /><INIT seed="5,0,0,2,2,65" ten="310,169,155,366" oya="1" hai0="127,54,61,19,9,85,132,71,38,63,16,24,2" hai1="101,46,79,4,124,30,7,70,36,49,48,112,41" hai2="52,80,18,95,126,29,43,103,15,1,23,73,78" hai3="116,35,22,42,50,45,20,105,69,87,118,77,76"/><U135/><E112/><V3/><F43/><W82/><G69/><T12/><D38/><U86/><E135/><V17/><F126/><W68/><G68/><T62/><D127/><U58/><E124/><V75/><F75/><W6/><G35/><T134/><D2/><U10/><E70/><V33/><F18/><W115/><G105/><T39/><D39/><U60/><E101/><V102/><F103/><W74/><G115/><T21/><D71/><U47/><E30/><V110/><F110/><W81/><G6/><T94/><D54/><U27/><E27/><V44/><F29/><W59/><G59/><T13/><D24/><U128/><E128/><V0/><F33/><W11/><G11/><T51/><D51/><U64/><E7/><V98/><REACH who="2" step="1"/><F0/><REACH who="2" ten="310,169,145,366" step="2"/><W32/><G32/><T26/><D26/><U122/><E122/><V111/><F111/><W117/><AGARI ba="0,1" hai="20,22,42,45,50,74,76,77,81,82,87,116,117,118" machi="117" ten="30,2000,0" yaku="0,1,12,1" doraHai="65" who="3" fromWho="3" sc="310,-5,169,-10,145,-5,366,30" /><INIT seed="6,0,0,1,5,108" ten="305,159,140,396" oya="2" hai0="127,88,131,94,24,100,104,68,97,93,34,28,83" hai1="29,57,38,87,36,63,60,27,128,66,99,124,132" hai2="110,0,44,122,50,75,13,62,58,121,74,7,54" hai3="64,82,84,49,18,81,113,112,12,120,118,135,35"/><V51/><F110/><W25/><G135/><T30/><D127/><U15/><E128/><V11/><F50/><W76/><G120/><T40/><D131/><U43/><E132/><V78/><F0/><W133/><G118/><T53/><D68/><U73/><E73/><V109/><F109/><W123/><G123/><T5/><D5/><U42/><E124/><V105/><F105/><W33/><G133/><T59/><D40/><U77/><E38/><V115/><F115/><N who="3" m="44107" /><G64/><T65/><D65/><U91/><E77/><V111/><F111/><W103/><G103/><T86/><REACH who="0" step="1"/><D28/><REACH who="0" ten="295,159,140,396" step="2"/><U8/><E29/><V117/><F117/><W114/><G114/><T61/><AGARI ba="0,1" hai="24,30,34,53,59,61,83,86,88,93,94,97,100,104" machi="61" ten="20,8000,1" yaku="1,1,2,1,0,1,7,1,54,1,53,0" doraHai="108" doraHaiUra="119" who="0" fromWho="0" sc="295,90,159,-20,140,-40,396,-20" /><INIT seed="7,0,0,5,5,98" ten="385,139,100,376" oya="3" hai0="48,92,87,4,131,2,27,38,97,69,35,110,50" hai1="21,114,75,7,104,71,102,42,121,128,36,5,77" hai2="17,18,22,89,91,0,116,12,103,88,117,19,90" hai3="8,49,132,86,64,83,74,76,81,105,14,66,26"/><W46/><G105/><T16/><D38/><U39/><E121/><V15/><F0/><W126/><G126/><T60/><D110/><U124/><E71/><V28/><N who="2" m="22528" /><DORA hai="6" /><V99/><F28/><W96/><G96/><T25/><D87/><U41/><E114/><V130/><F130/><W118/><G118/><T70/><D2/><U62/><E124/><V68/><F68/><W119/><G119/><T55/><D4/><U57/><E128/><V72/><F72/><W129/><G132/><T59/><D131/><U95/><E104/><V54/><F54/><N who="3" m="30007" /><G74/><T34/><D70/><U100/><E39/><V108/><F108/><W58/><G26/><N who="0" m="9739" /><D34/><U45/><E95/><V56/><F56/><W32/><G32/><T11/><D35/><U101/><E42/><V24/><F24/><W78/><G129/><T79/><D79/><N who="3" m="30249" /><G86/><T93/><D69/><U80/><REACH who="1" step="1"/><E21/><REACH who="1" ten="385,129,100,376" step="2"/><V112/><F112/><W82/><G58/><T133/><D59/><U20/><E20/><V73/><F73/><W115/><G115/><T52/><D93/><U1/><E1/><V120/><F120/><W51/><G51/><T106/><D50/><U23/><E23/><V111/><F111/><W29/><G29/><T84/><D48/><U13/><E13/><V109/><F109/><W40/><G40/><T31/><D106/><U30/><E30/><V113/><F113/><W47/><G47/><T67/><D31/><U85/><E85/><V3/><F3/><W125/><G125/><T65/><D84/><U37/><E37/><V53/><F22/><W107/><G107/><T122/><D122/><RYUUKYOKU ba="0,1" sc="385,-15,129,15,100,-15,376,15" hai1="5,7,36,41,45,57,62,75,77,80,100,101,102" hai3="8,14,64,66,81,82,83" owari="370,17.0,144,-26.0,85,-41.0,401,50.0" /></mjloggm>