<mjloggm ver="2.3"><GO type="169" lobby="0"/><UN n0="%E3%81%A1%E3%82%83%E3%81%9D%E2%98%86" n1="%E3%81%99%E3%81%84%E3%81%8F%E3%82%8D" n2="%E3%82%A6%E3%83%AB%E3%83%88%E3%83%A9%E7%AB%8B%E7%9B%B4" n3="%EF%BC%88%EF%BC%BE%D0%94%EF%BC%BE%EF%BC%89" dan="16,16,17,16" rate="2137.70,2056.42,2133.71,2143.56" sx="M,M,M,M"/><TAIKYOKU oya="0"/><INIT seed="0,0,0,0,0,102" ten="250,250,250,250" oya="0" hai0="80,60,61,7,106,66,24,11,6,120,41,87,45" hai1="91,114,54,133,55,98,100,110,85,16,127,128,89" hai2="4,74,115,34,117,57,62,113,23,21,53,43,28" hai3="29,96,0,67,119,76,125,112,38,122,3,134,92"/><T42/><D120/><U70/><E70/><V14/><F34/><W30/><G76/><T12/><D106/><U111/><E128/><V68/><F74/><W50/><G50/><N who="0" m="26927" /><D42/><U26/><E127/><V32/><F32/><W94/><G38/><T22/><D7/><U101/><E133/><V77/><F43/><W72/><G67/><T88/><D66/><U52/><E114/><V95/><F68/><W13/><G72/><T99/><D99/><U33/><E33/><V83/><F117/><W36/><G96/><T59/><D59/><U131/><E131/><V104/><F104/><W39/><G134/><T129/><D129/><U135/><E135/><V25/><F4/><W93/><G125/><T1/><D1/><U73/><E73/><V86/><F113/><W56/><G112/><T108/><D108/><N who="1" m="41515" /><E98/><V10/><F115/><W19/><G56/><T132/><D132/><U20/><E91/><V107/><F107/><W69/><G69/><T81/><D81/><AGARI ba="0,0" hai="16,20,26,52,54,55,81,85,89,100,101" m="41515" machi="81" ten="30,3900,0" yaku="14,1,54,2" doraHai="102" who="1" fromWho="0" sc="250,-39,250,39,250,0,250,0" /><INIT seed="1,0,0,2,1,8" ten="211,289,250,250" oya="1" hai0="87,105,10,86,131,57,6,73,64,102,107,49,14" hai1="132,34,42,77,88,81,115,92,119,24,72,70,79" hai2="69,21,43,12,91,51,35,94,112,25,84,71,23" hai3="38,93,32,135,74,11,133,31,48,125,18,67,15"/><U116/><E70/><V1/><F1/><W134/><G38/><T103/><D131/><U120/><E79/><V80/><F35/><W75/><G125/><T4/><D73/><U60/><E115/><V126/><F112/><W83/><G67/><T30/><D30/><U28/><E120/><V39/><F39/><W101/><G83/><T128/><D128/><U104/><E104/><V130/><F130/><W99/><REACH who="3" step="1"/><G48/><REACH who="3" ten="211,289,250,240" step="2"/><T117/><D49/><U82/><E82/><V66/><F66/><W98/><G98/><T118/><D118/><U44/><E132/><V45/><F80/><W5/><G5/><T13/><D117/><U122/><E122/><V76/><F126/><W90/><G90/><T56/><D64/><U58/><E116/><V59/><F76/><W123/><G123/><T110/><REACH who="0" step="1"/><D10/><REACH who="0" ten="201,289,250,240" step="2"/><U109/><E119/><V97/><F51/><W129/><G129/><T40/><D40/><U16/><E42/><V111/><F43/><W127/><G127/><T68/><D68/><U0/><E72/><V19/><F71/><W26/><AGARI ba="0,2" hai="11,15,18,26,31,32,74,75,93,99,101,133,134,135" machi="26" ten="40,8000,1" yaku="1,1,0,1,20,1,52,1,53,0" doraHai="8" doraHaiUra="100" who="3" fromWho="3" sc="201,-20,289,-40,250,-20,240,100" /><INIT seed="2,0,0,4,1,118" ten="181,249,230,340" oya="2" hai0="74,20,98,40,24,102,49,72,109,88,22,67,97" hai1="44,59,54,92,78,129,7,33,47,104,120,85,57" hai2="125,11,2,65,133,58,4,21,117,94,39,90,70" hai3="29,108,23,53,107,8,79,16,80,27,60,31,55"/><V14/><F117/><W73/><G108/><T38/><D109/><U95/><E104/><V119/><F119/><W135/><G135/><T9/><D38/><U66/><E33/><V52/><F133/><W35/><G107/><T127/><D127/><U26/><E7/><V130/><F125/><W99/><G99/><T51/><D67/><U116/><E66/><V0/><F39/><W19/><G31/><T69/><D69/><U132/><E59/><V111/><F111/><W76/><G76/><T17/><D9/><U63/><E78/><V3/><F130/><W71/><G71/><T64/><D64/><U123/><E116/><V87/><F65/><W48/><G8/><T89/><D40/><U13/><E13/><V113/><F70/><W46/><REACH who="3" step="1"/><G35/><REACH who="3" ten="181,249,230,330" step="2"/><T61/><D102/><U83/><E132/><V6/><F113/><W42/><G42/><T105/><D105/><U134/><E134/><V96/><F96/><W103/><G103/><T101/><D101/><U1/><E129/><V34/><F34/><W18/><G18/><T93/><D17/><U37/><E123/><V82/><F6/><W30/><G30/><T56/><D98/><U32/><E120/><V86/><F21/><W36/><G36/><T50/><D22/><U131/><E37/><V126/><F126/><W114/><G114/><T25/><D20/><U43/><E32/><V75/><F75/><N who="0" m="28714" /><D89/><U112/><E112/><V41/><F41/><W122/><G122/><T106/><D106/><U68/><E43/><V128/><F128/><W81/><G81/><T100/><D100/><U115/><E131/><RYUUKYOKU ba="0,1" sc="181,15,249,-15,230,-15,330,15" hai0="24,25,49,50,51,56,61,88,93,97" hai3="16,19,23,27,29,46,48,53,55,60,73,79,80" /><INIT seed="3,1,1,4,2,100" ten="196,234,215,345" oya="3" hai0="40,42,60,84,56,105,39,119,88,86,123,109,104" hai1="28,85,34,16,71,57,121,29,2,15,102,134,72" hai2="36,32,79,66,112,31,111,74,64,37,0,7,26" hai3="114,5,115,48,63,23,21,13,25,110,117,118,59"/><W129/><G48/><T46/><D119/><N who="3" m="45577" /><G59/><T124/><D123/><U52/><E2/><V67/><F112/><N who="3" m="43051" /><G63/><T132/><D109/><U125/><E72/><V73/><F111/><W41/><G41/><T107/><D132/><U70/><E134/><V24/><F7/><W35/><G110/><T19/><D124/><U103/><E125/><V75/><F0/><W78/><G78/><T62/><D42/><U131/><E131/><V20/><REACH who="2" step="1"/><F79/><REACH who="2" ten="196,234,205,345" step="2"/><W87/><G129/><T14/><D56/><U101/><E121/><V11/><F11/><N who="3" m="4335" /><G87/><T6/><D6/><U108/><E85/><V94/><F94/><W133/><G133/><T58/><D58/><U106/><E108/><V89/><F89/><W50/><G50/><T53/><D86/><U128/><E128/><V55/><F55/><W22/><G35/><T126/><D53/><U47/><E34/><V45/><F45/><W17/><AGARI ba="1,2" hai="17,21,22,23,25" m="4335,43051,45577" machi="17" ten="30,3000,0" yaku="34,2" doraHai="100" who="3" fromWho="3" sc="196,-11,234,-11,205,-11,345,53" /><INIT seed="3,2,0,1,5,69" ten="185,223,194,398" oya="3" hai0="86,53,133,93,27,121,47,10,109,73,59,111,78" hai1="87,74,88,22,124,0,95,75,107,24,99,119,129" hai2="102,131,116,45,76,79,32,97,2,103,36,54,39" hai3="84,105,52,5,55,134,71,89,29,1,68,118,82"/><W57/><G118/><T108/><D133/><U21/><E0/><V35/><F2/><W37/><G105/><T65/><D121/><U18/><E129/><V126/><F131/><W33/><G37/><N who="2" m="14409" /><F97/><W113/><G134/><T72/><D10/><U34/><E34/><N who="2" m="12843" /><F54/><W122/><G113/><T62/><D27/><U4/><E4/><V91/><F91/><W14/><G122/><T117/><D117/><U101/><E124/><V90/><F90/><W28/><G1/><T25/><D25/><U48/><E119/><V83/><F83/><W64/><G55/><T77/><D93/><U63/><E63/><V13/><F116/><W38/><G38/><T56/><D47/><U26/><REACH who="1" step="1"/><E48/><REACH who="1" ten="185,213,194,398" step="2"/><V112/><F126/><W23/><G33/><T31/><D62/><U7/><E7/><V44/><F112/><W20/><G5/><T130/><D130/><U19/><AGARI ba="2,1" hai="18,19,21,22,24,26,74,75,87,88,95,99,101,107" machi="19" ten="20,8000,1" yaku="1,1,0,1,7,1,9,1,54,1,53,0" doraHai="69" doraHaiUra="40" who="1" fromWho="1" sc="185,-22,213,96,194,-22,398,-42" /><INIT seed="4,0,0,4,1,83" ten="163,309,172,356" oya="0" hai0="127,101,74,120,112,11,108,29,45,135,46,52,76" hai1="88,73,5,48,60,54,4,119,72,16,79,61,34" hai2="25,31,19,117,95,116,1,8,78,133,50,13,113" hai3="6,81,12,67,128,18,87,15,123,84,115,132,77"/><T98/><D120/><U9/><E34/><V104/><F104/><W126/><G123/><T107/><D112/><U114/><E73/><V44/><F113/><W26/><G115/><T47/><D135/><U20/><E79/><V129/><F133/><W85/><G132/><T10/><D127/><U55/><E72/><V96/><F1/><W106/><G106/><T42/><D108/><U22/><E119/><V58/><F58/><W82/><G126/><T41/><D29/><U118/><E118/><V51/><F51/><W90/><G128/><T59/><D74/><U75/><E9/><V70/><F70/><W131/><G131/><T39/><D76/><U23/><E16/><V125/><F125/><W105/><G105/><T69/><D69/><U89/><E75/><V27/><F27/><W109/><G109/><T94/><D107/><U32/><E32/><V53/><F129/><W40/><G40/><T49/><REACH who="0" step="1"/><D47/><REACH who="0" ten="153,309,172,356" step="2"/><U17/><E114/><V92/><F78/><W68/><G68/><T57/><D57/><U35/><E35/><V64/><F117/><W62/><G77/><T102/><D102/><U80/><E89/><V130/><F116/><W71/><G90/><T100/><D100/><U91/><E91/><V7/><F31/><W111/><G111/><T134/><D134/><U24/><E88/><V65/><F130/><W2/><G71/><T36/><AGARI ba="0,1" hai="10,11,36,39,41,42,45,46,49,52,59,94,98,101" machi="36" ten="20,12000,1" yaku="1,1,0,1,7,1,9,1,54,1,53,0" doraHai="83" doraHaiUra="3" who="0" fromWho="0" sc="153,130,309,-40,172,-40,356,-40" /><INIT seed="4,1,0,1,2,78" ten="283,269,132,316" oya="0" hai0="59,73,9,28,5,106,3,23,17,50,39,46,81" hai1="74,15,54,2,64,27,47,0,117,124,13,127,61" hai2="32,63,97,100,58,21,90,69,128,121,44,94,45" hai3="92,114,67,34,10,43,85,134,38,82,18,12,129"/><T20/><D106/><U49/><E74/><V62/><F32/><W118/><G118/><T96/><D96/><U77/><E77/><V57/><F69/><W115/><G129/><T48/><D28/><U33/><E33/><V19/><F128/><W79/><G134/><T133/><D133/><U93/><E93/><V6/><F6/><W103/><G34/><T36/><D59/><N who="1" m="36927" /><E27/><V113/><F113/><N who="3" m="43019" /><G67/><T66/><D66/><U111/><E111/><V120/><F120/><W108/><G108/><T126/><D126/><N who="1" m="48171" /><E117/><V131/><F131/><W123/><G123/><T109/><D109/><U130/><E130/><V88/><F121/><W71/><G71/><T30/><D30/><U4/><E4/><V132/><F132/><W89/><G103/><T110/><D110/><U55/><E55/><V76/><F76/><W86/><G43/><T72/><D72/><U22/><E22/><V1/><F90/><W25/><G25/><T53/><D20/><U75/><E75/><V42/><F100/><W107/><G107/><T40/><D73/><U135/><E135/><V87/><F42/><W60/><G60/><T11/><D11/><U101/><E101/><V24/><F87/><W119/><G119/><T112/><D112/><U29/><E29/><V83/><F63/><W84/><G84/><T122/><D122/><U68/><E68/><V52/><F62/><W37/><AGARI ba="1,0" hai="10,12,18,37,38,79,82,85,86,89,92" m="43019" machi="37" ten="30,2000,0" yaku="15,1,52,1" doraHai="78" who="3" fromWho="3" sc="283,-11,269,-6,132,-6,316,23" /><INIT seed="5,0,0,3,5,25" ten="272,263,126,339" oya="1" hai0="3,118,122,34,128,121,88,105,93,91,1,111,99" hai1="83,8,11,106,86,61,51,36,84,7,14,131,42" hai2="74,126,39,50,109,129,29,60,120,22,38,64,6" hai3="72,104,40,94,81,124,28,119,46,78,9,15,13"/><U73/><E106/><V56/><F120/><N who="0" m="46186" /><D128/><U48/><E73/><V85/><F74/><W53/><G104/><T133/><D133/><U44/><E84/><V77/><F109/><W30/><G124/><T62/><D111/><U67/><E11/><V59/><F126/><W17/><G119/><T5/><D118/><U63/><E63/><V0/><F129/><W47/><G94/><N who="0" m="56799" /><D105/><U54/><E54/><V96/><F96/><W33/><G33/><T87/><D34/><U65/><E65/><V35/><F35/><W68/><G68/><T82/><D5/><U112/><E112/><V92/><F6/><W100/><G100/><T102/><D62/><U135/><E135/><V19/><F0/><W114/><G114/><T37/><D37/><U90/><REACH who="1" step="1"/><E131/><REACH who="1" ten="272,253,126,339" step="2"/><V130/><F130/><W32/><G53/><T4/><D4/><U55/><E55/><N who="2" m="31863" /><F85/><W57/><G72/><T21/><D87/><U20/><E20/><V69/><F69/><AGARI ba="0,1" hai="7,8,14,36,42,44,48,51,61,67,69,83,86,90" machi="69" ten="30,5800,0" yaku="1,1,7,1,53,1" doraHai="25" doraHaiUra="71" who="1" fromWho="2" sc="272,0,253,68,126,-58,339,0" /><INIT seed="5,1,0,3,2,111" ten="272,321,68,339" oya="1" hai0="3,69,135,43,21,18,119,73,128,32,27,122,91" hai1="59,77,90,5,40,68,67,22,64,65,6,92,97" hai2="96,62,109,7,10,118,85,102,126,13,82,54,116" hai3="133,86,88,78,87,130,81,34,55,104,110,125,0"/><U83/><E68/><V76/><F126/><W79/><G110/><T17/><D69/><U26/><E40/><V99/><F109/><W35/><G0/><T25/><D73/><U84/><REACH who="1" step="1"/><E59/><REACH who="1" ten="272,311,68,339" step="2"/><V124/><F124/><W4/><G125/><T131/><D43/><U117/><E117/><V1/><F1/><W39/><G39/><T44/><D119/><U103/><E103/><V50/><F62/><W14/><G130/><T63/><D128/><U8/><E8/><V56/><REACH who="2" step="1"/><F99/><REACH who="2" ten="272,311,58,339" step="2"/><W71/><G71/><T16/><D63/><U42/><E42/><V36/><F36/><W11/><G133/><T58/><D135/><U66/><N who="1" m="16384" /><DORA hai="93" /><U121/><E121/><V127/><F127/><W15/><G55/><T30/><D122/><U134/><E134/><V45/><F45/><W9/><G9/><T53/><D44/><U100/><E100/><V80/><F80/><W52/><G52/><T72/><D53/><U12/><E12/><V28/><F28/><AGARI ba="1,2" hai="5,6,22,26,28,77,83,84,90,92,97" m="16384" machi="28" ten="50,9600,0" yaku="1,1,8,1,52,1,53,0" doraHai="111,93" doraHaiUra="112,113" who="1" fromWho="2" sc="272,0,311,119,58,-99,339,0" owari="272,-13.0,430,53.0,-41,-54.0,339,14.0" /></mjloggm>