<mjloggm ver="2.3"><GO type="169" lobby="0"/><UN n0="%E3%83%AD%E3%83%83%E3%83%86%E9%9B%80%E7%90%83" n1="%E3%81%8D%E3%81%97%E3%82%8A%E3%81%A3%E3%81%97%E3%82%85" n2="%E3%83%88%E3%83%88%E3%83%AA%E5%85%88%E7%94%9F%31%39%E6%AD%B3" n3="%63%68%61%72%6C%69%65%37" dan="16,16,18,18" rate="2121.33,2096.20,2275.93,2220.07" sx="M,M,F,M"/><TAIKYOKU oya="0"/><INIT seed="0,0,0,4,0,49" ten="250,250,250,250" oya="0" hai0="82,6,53,119,43,130,81,51,121,25,42,19,134" hai1="98,77,30,85,90,120,86,26,18,67,64,20,112" hai2="123,132,133,28,125,115,66,93,97,131,40,44,41" hai3="135,113,107,35,78,17,45,3,114,84,46,7,117"/><T13/><D119/><U101/><E120/><V55/><F123/><W92/><G35/><T58/><D121/><U104/><E112/><V126/><F115/><W27/><G117/><T38/><D38/><U88/><E77/><V0/><F0/><W47/><G107/><T87/><D134/><N who="2" m="51818" /><F28/><W129/><G135/><T122/><D130/><U5/><E5/><V127/><F66/><W54/><G129/><T11/><D122/><U72/><E72/><V124/><F131/><W21/><G7/><T22/><REACH who="0" step="1"/><D81/><REACH who="0" ten="240,250,250,250" step="2"/><U118/><E118/><V79/><F126/><W109/><G114/><T23/><D23/><U9/><E9/><V60/><F127/><W24/><G113/><T59/><D59/><U37/><E37/><V80/><F124/><W96/><G46/><T31/><D31/><U32/><E30/><V83/><F83/><W111/><G45/><T94/><D94/><U100/><E32/><V74/><F125/><W69/><G47/><T14/><D14/><U76/><E104/><V105/><F105/><W57/><G21/><T65/><D65/><U108/><E67/><V62/><F41/><W91/><G57/><T56/><D56/><U48/><E64/><V63/><F40/><W99/><G92/><T10/><D10/><U8/><E8/><V95/><F97/><W1/><G96/><T106/><D106/><U50/><E98/><V73/><F93/><N who="3" m="54503" /><G99/><T68/><D68/><U89/><E20/><V110/><F95/><W36/><G69/><T29/><D29/><U33/><E33/><V34/><F34/><W4/><G1/><T52/><D52/><RYUUKYOKU ba="0,1" sc="240,30,250,-10,250,-10,250,-10" hai0="6,11,13,19,22,25,42,43,51,53,58,82,87" /><INIT seed="0,1,1,5,5,114" ten="270,240,240,240" oya="0" hai0="25,126,9,67,102,95,71,53,56,105,1,74,135" hai1="30,18,40,51,70,93,104,58,49,85,107,10,116" hai2="63,86,69,92,4,19,121,22,99,113,64,34,80" hai3="44,0,76,14,39,65,127,134,45,103,108,59,8"/><T73/><D105/><U60/><E70/><V62/><F113/><W112/><G0/><T82/><D126/><U94/><E30/><V17/><F121/><W130/><G112/><T6/><D135/><U133/><E85/><V15/><F34/><W7/><G134/><T79/><D74/><U48/><E40/><V125/><F125/><W97/><G127/><T120/><D120/><U68/><E68/><V132/><F132/><W122/><G122/><T124/><D124/><U129/><E133/><V50/><F4/><W84/><G130/><T28/><D71/><U27/><E49/><V24/><F50/><W42/><G108/><T20/><D67/><U57/><E60/><V66/><F66/><W106/><G45/><T41/><D41/><U55/><E27/><V32/><F32/><W72/><G72/><T5/><D5/><U88/><E55/><V115/><F115/><W36/><G36/><T29/><D29/><U123/><E123/><V54/><F54/><W81/><G59/><T119/><D119/><U83/><E116/><V96/><F92/><W35/><G35/><T110/><D110/><U89/><E83/><V2/><F2/><W23/><G65/><T37/><D37/><U12/><E18/><V31/><F63/><W91/><G39/><T43/><D43/><U117/><E117/><V90/><F31/><W131/><G131/><T101/><REACH who="0" step="1"/><D95/><REACH who="0" ten="260,240,240,240" step="2"/><U3/><E94/><V98/><F19/><N who="3" m="10743" /><G7/><T38/><D38/><U118/><E118/><V21/><F17/><W47/><G42/><T33/><D33/><U16/><E104/><V87/><F69/><RYUUKYOKU ba="1,2" sc="260,30,240,-10,240,-10,240,-10" hai0="1,6,9,20,25,28,53,56,73,79,82,101,102" /><INIT seed="0,2,2,2,2,31" ten="290,230,230,230" oya="0" hai0="19,46,81,53,66,132,117,5,34,65,45,97,95" hai1="63,35,49,15,115,47,51,106,98,38,17,73,2" hai2="36,129,82,1,40,89,58,134,56,26,11,130,33" hai3="111,21,116,77,8,52,71,43,29,114,37,60,107"/><T126/><D117/><U10/><E73/><V78/><F134/><W103/><G116/><T99/><D126/><U23/><E38/><V87/><F36/><W74/><G114/><T128/><D128/><N who="2" m="49258" /><F40/><W3/><G21/><T101/><D34/><U83/><E115/><V91/><F1/><W57/><G29/><T27/><D132/><U13/><E2/><V22/><F11/><W55/><G111/><T86/><D5/><U4/><E83/><N who="2" m="49407" /><F91/><W127/><G127/><T28/><D28/><U112/><E112/><V118/><F33/><W123/><G123/><T105/><D105/><U62/><E35/><V24/><F118/><W67/><G43/><T120/><D99/><U119/><E119/><V48/><F48/><W50/><G37/><T76/><D120/><U39/><E51/><V102/><F102/><W125/><G125/><T42/><D42/><U41/><REACH who="1" step="1"/><E39/><REACH who="1" ten="290,220,230,230" step="2"/><V61/><F61/><W30/><G3/><T135/><D135/><U84/><E84/><V110/><F110/><W6/><G74/><T85/><D86/><U92/><E92/><V20/><F82/><W12/><G107/><T133/><D133/><U108/><E108/><V122/><F122/><W44/><G50/><N who="0" m="28879" /><D46/><U18/><E18/><N who="2" m="12311" /><F78/><W131/><G44/><T32/><D32/><U9/><E9/><V94/><F94/><W80/><G131/><T70/><D70/><U88/><E88/><V113/><F113/><W69/><G71/><T109/><D109/><U64/><E64/><V0/><F0/><W90/><G69/><T79/><D79/><U16/><E16/><AGARI ba="2,3" hai="16,22,26,56,58" m="12311,49407,49258" machi="16" ten="30,2000,0" yaku="19,1,54,1" doraHai="31" who="2" fromWho="1" sc="290,0,220,-26,230,56,230,0" /><INIT seed="1,0,0,0,0,7" ten="290,194,286,230" oya="1" hai0="95,82,5,123,76,1,75,116,6,54,37,94,130" hai1="83,125,50,28,107,33,71,32,56,53,25,9,44" hai2="127,117,114,90,112,48,84,55,49,3,109,120,133" hai3="65,4,87,92,74,89,2,39,35,96,46,104,97"/><U42/><E71/><V78/><F117/><W57/><G35/><T64/><D116/><U80/><E107/><V111/><F120/><W93/><G74/><T81/><D123/><U135/><E33/><V126/><F78/><W58/><G65/><T124/><D124/><N who="2" m="47658" /><F3/><W122/><G122/><T69/><D130/><U8/><E125/><V132/><F84/><W105/><G4/><T16/><D37/><U108/><E135/><N who="2" m="51787" /><F90/><W13/><G2/><T67/><D1/><U12/><E108/><N who="2" m="41547" /><F55/><W121/><G121/><T129/><D54/><U134/><E134/><V99/><F99/><W20/><G87/><T63/><D76/><U106/><E106/><V43/><F43/><W72/><G72/><T45/><D75/><U100/><E100/><V23/><F23/><W115/><G20/><T24/><D81/><U0/><E0/><V62/><F62/><W128/><G128/><T29/><D129/><U11/><REACH who="1" step="1"/><E12/><REACH who="1" ten="290,184,286,230" step="2"/><V38/><F38/><AGARI ba="0,1" hai="8,9,11,25,28,32,38,42,44,50,53,56,80,83" machi="38" ten="40,12000,1" yaku="1,1,2,1,52,3,53,0" doraHai="7" doraHaiUra="113" who="1" fromWho="2" sc="290,0,184,130,286,-120,230,0" /><INIT seed="1,1,0,0,3,118" ten="290,314,166,230" oya="1" hai0="116,119,32,79,115,73,7,61,70,38,5,102,104" hai1="75,57,64,86,37,54,124,53,68,34,13,2,15" hai2="4,117,23,88,10,48,40,30,0,1,52,44,21" hai3="46,65,83,85,49,58,120,19,11,63,69,130,76"/><U127/><E2/><V78/><F117/><W35/><G130/><T71/><D115/><U33/><E75/><V82/><F1/><W112/><G35/><T131/><D131/><U96/><E68/><V39/><F30/><W108/><G112/><T20/><D32/><U74/><E74/><V81/><F81/><W106/><G106/><T94/><D94/><U55/><E37/><V31/><F31/><W22/><G108/><T111/><D20/><U134/><E134/><V67/><F67/><W66/><G69/><T100/><D111/><U56/><E54/><V93/><F82/><W128/><G11/><T42/><D5/><U126/><E126/><V26/><F78/><W27/><G128/><T89/><D89/><U29/><E29/><V45/><REACH who="2" step="1"/><F26/><REACH who="2" ten="290,314,156,230" step="2"/><W121/><REACH who="3" step="1"/><G66/><REACH who="3" ten="290,314,156,220" step="2"/><T36/><D119/><U105/><E64/><V84/><AGARI ba="1,2" hai="0,4,10,21,23,39,40,44,45,48,52,84,88,93" machi="84" ten="20,12000,2" yaku="1,1,2,1,0,1,7,1,54,2,53,0" doraHai="118" doraHaiUra="122" who="2" fromWho="2" sc="290,-31,314,-61,156,143,220,-31" /><INIT seed="2,0,0,0,0,84" ten="259,253,299,189" oya="2" hai0="48,9,25,130,53,47,122,64,7,115,29,69,40" hai1="116,95,97,18,52,58,12,123,65,82,71,86,4" hai2="36,107,45,23,19,43,50,135,83,38,117,98,10" hai3="27,13,67,85,28,6,109,99,62,103,128,56,110"/><V34/><F117/><W11/><G128/><T91/><D122/><U31/><E123/><V129/><F34/><W108/><G85/><T87/><D115/><U94/><E71/><V134/><F129/><W49/><G49/><T14/><D130/><U54/><E31/><V96/><F10/><W8/><G8/><T74/><D74/><U35/><E4/><V73/><F83/><W120/><G120/><T92/><D69/><U63/><E35/><V126/><F73/><W133/><G133/><N who="2" m="50697" /><F126/><W124/><G124/><T26/><D64/><U72/><E72/><V125/><F125/><W17/><G6/><T39/><REACH who="0" step="1"/><D29/><REACH who="0" ten="249,253,299,189" step="2"/><U100/><E116/><V0/><F0/><W21/><REACH who="3" step="1"/><G110/><REACH who="3" ten="249,253,299,179" step="2"/><T113/><D113/><U24/><E65/><V118/><F118/><W77/><G77/><T70/><D70/><U88/><E97/><V59/><F96/><W101/><G101/><T20/><D20/><U79/><E100/><V37/><F98/><W114/><G114/><T68/><D68/><U90/><E79/><V60/><F23/><W132/><G132/><T111/><D111/><U44/><E86/><V33/><F33/><W119/><G119/><T106/><D106/><AGARI ba="0,2" hai="11,13,17,21,27,28,56,62,67,99,103,106,108,109" machi="106" ten="40,2600,0" yaku="1,1,53,1" doraHai="84" doraHaiUra="16" who="3" fromWho="0" sc="249,-26,253,0,299,0,179,46" /><INIT seed="3,0,0,5,4,11" ten="223,253,299,225" oya="3" hai0="54,97,0,113,22,31,131,19,90,128,37,100,103" hai1="50,117,134,25,34,132,127,121,74,49,130,133,96" hai2="64,98,114,126,120,124,39,129,123,12,72,89,75" hai3="9,66,118,21,8,3,73,35,70,16,116,91,33"/><W68/><G73/><N who="2" m="28233" /><F39/><W5/><G91/><T119/><D119/><N who="3" m="45609" /><G66/><T41/><D113/><U65/><E74/><V36/><F36/><W10/><G68/><T23/><D0/><U38/><E65/><V78/><F78/><W51/><G51/><T45/><D31/><U18/><E38/><V1/><F1/><N who="3" m="47" /><G70/><T135/><D135/><U125/><E121/><N who="2" m="46667" /><F129/><N who="0" m="49738" /><D23/><U47/><E117/><V28/><F64/><W32/><G3/><T106/><D54/><U56/><E50/><V99/><F114/><W93/><G93/><N who="0" m="56503" /><D106/><U115/><E130/><V111/><F98/><W92/><G92/><T6/><D6/><U44/><E96/><V48/><F99/><W55/><G55/><T57/><D57/><U29/><E56/><V82/><F89/><W83/><G83/><T42/><D42/><N who="1" m="24727" /><E115/><V110/><F82/><W71/><G71/><T7/><D7/><U14/><E47/><V84/><F84/><W4/><G4/><T79/><D79/><U76/><E76/><V20/><F48/><W105/><G105/><T81/><D81/><U53/><E53/><V15/><F124/><W2/><G2/><T86/><D86/><U61/><E61/><V62/><F126/><W122/><G122/><T85/><D85/><U46/><E46/><V52/><F62/><W112/><G112/><T58/><D58/><U60/><E60/><V77/><F52/><W27/><AGARI ba="0,0" hai="9,10,16,21,27,32,33,35" m="47,45609" machi="27" ten="40,7800,0" yaku="34,2,54,1" doraHai="11" who="3" fromWho="3" sc="223,-26,253,-26,299,-26,225,78" /><INIT seed="3,1,0,4,1,46" ten="197,227,273,303" oya="3" hai0="106,128,35,96,32,48,116,120,92,58,70,95,34" hai1="7,43,72,84,68,42,47,85,17,53,65,13,28" hai2="5,75,4,105,130,52,19,6,77,76,132,82,83" hai3="36,79,126,100,99,134,25,14,16,60,102,123,0"/><W12/><G0/><T127/><D116/><U113/><E72/><V40/><F105/><W39/><G123/><T15/><D120/><U73/><E73/><V66/><F130/><W114/><G114/><T55/><D128/><U57/><E65/><V18/><F132/><W54/><G126/><T8/><D70/><U121/><E7/><V110/><F110/><W20/><G134/><T37/><D37/><U45/><E28/><V44/><F66/><W103/><G79/><N who="2" m="30281" /><F40/><W94/><G39/><T23/><D23/><U49/><E68/><V89/><F75/><W111/><G111/><T59/><D127/><U122/><E113/><V67/><F67/><W9/><G36/><T133/><D133/><U51/><E122/><V29/><F29/><W56/><REACH who="3" step="1"/><G14/><REACH who="3" ten="197,227,273,293" step="2"/><T112/><D112/><U24/><E121/><V87/><F82/><W124/><G124/><T109/><D109/><U119/><E119/><V86/><F86/><W64/><G64/><T107/><D96/><U61/><REACH who="1" step="1"/><E24/><REACH who="1" ten="197,217,273,293" step="2"/><V11/><F83/><W93/><G93/><T90/><D95/><U91/><E91/><V115/><F89/><W131/><G131/><T80/><D92/><U1/><E1/><V26/><F115/><W104/><G104/><T10/><D107/><U97/><E97/><V135/><F135/><W74/><G74/><T33/><D106/><U108/><E108/><V118/><F118/><W101/><G101/><T71/><D90/><U117/><E117/><V63/><F26/><W30/><AGARI ba="1,2" hai="9,12,16,20,25,30,54,56,60,94,99,100,102,103" machi="30" ten="20,12000,1" yaku="1,1,0,1,7,1,8,1,54,1,53,0" doraHai="46" doraHaiUra="125" who="3" fromWho="3" sc="197,-41,217,-41,273,-41,293,143" /><INIT seed="3,2,0,1,2,51" ten="156,176,232,436" oya="3" hai0="134,59,83,129,72,113,95,12,33,37,77,40,18" hai1="114,45,52,32,2,65,107,4,7,120,47,89,6" hai2="79,86,70,115,63,13,82,118,43,88,110,99,0" hai3="126,121,14,20,132,39,96,123,66,105,19,60,73"/><W116/><G39/><T46/><D129/><U90/><E107/><V54/><F0/><W69/><G116/><T34/><D134/><U101/><E32/><V58/><F118/><W109/><G73/><T108/><D108/><U112/><E2/><V25/><F115/><W127/><G132/><T130/><D130/><U22/><E65/><V67/><F110/><W92/><G109/><T122/><D122/><U91/><E120/><V131/><F131/><W119/><G119/><T103/><D113/><U31/><E101/><V117/><F117/><W49/><G105/><T10/><REACH who="0" step="1"/><D59/><REACH who="0" ten="146,176,232,436" step="2"/><U28/><E114/><V3/><F58/><W97/><G123/><T102/><D102/><U104/><E112/><V94/><F70/><W68/><G68/><T124/><D124/><U42/><E104/><V78/><F3/><W38/><G121/><T26/><D26/><U100/><E100/><V71/><F25/><W53/><G126/><T55/><D55/><U87/><E52/><V8/><F54/><W74/><G127/><T85/><D85/><U106/><E87/><V23/><F43/><W17/><G74/><T128/><D128/><U24/><E106/><V80/><F86/><W135/><G135/><T15/><D15/><U57/><E57/><V1/><F1/><W64/><G69/><T11/><D11/><U62/><E42/><V56/><F71/><W9/><G9/><T29/><D29/><U48/><E31/><V111/><F111/><W81/><G14/><T21/><D21/><U61/><E47/><V16/><F23/><W84/><G20/><T93/><D93/><RYUUKYOKU ba="2,1" sc="146,10,176,10,232,10,436,-30" hai0="10,12,18,33,34,37,40,46,72,77,83,95,103" hai1="4,6,7,22,24,28,45,48,61,62,89,90,91" hai2="8,13,16,56,63,67,78,79,80,82,88,94,99" /><INIT seed="4,3,1,5,1,59" ten="156,186,242,406" oya="0" hai0="14,5,109,106,25,72,103,86,132,0,93,54,71" hai1="11,8,45,91,117,23,46,83,30,58,26,126,84" hai2="120,124,74,40,110,36,121,88,104,119,41,118,7" hai3="49,105,111,27,68,13,82,63,33,90,35,9,38"/><T43/><D0/><U19/><E126/><V73/><F104/><W50/><G38/><T78/><D132/><U125/><E125/><V32/><F124/><W53/><G105/><T52/><D109/><U28/><E117/><N who="2" m="44555" /><F32/><W12/><G111/><T102/><D71/><U96/><E96/><V15/><F110/><W18/><G35/><T55/><D106/><U51/><E58/><V129/><F129/><W114/><G114/><T76/><D72/><N who="2" m="27754" /><F36/><W64/><G13/><T67/><D67/><U39/><E39/><V99/><F7/><W61/><G27/><T66/><D66/><U2/><E2/><V77/><F15/><W95/><G33/><T69/><D69/><U1/><E1/><V131/><F77/><N who="0" m="29802" /><D43/><N who="2" m="16458" /><F131/><W10/><G64/><T89/><D25/><U128/><E128/><V47/><F47/><W134/><G68/><T57/><D57/><U116/><E45/><V108/><F108/><W21/><G134/><T135/><D135/><U34/><E116/><V133/><F133/><W60/><G82/><T100/><D14/><U92/><E34/><V79/><F79/><W123/><G12/><T56/><D56/><U29/><REACH who="1" step="1"/><E83/><REACH who="1" ten="156,176,242,406" step="2"/><V97/><F97/><W113/><G113/><T16/><D5/><U22/><E22/><V6/><F6/><W48/><G21/><T17/><AGARI ba="3,2" hai="16,17,52,54,55,86,89,93,100,102,103" m="29802" machi="17" ten="40,7800,0" yaku="8,1,54,2" doraHai="59" who="0" fromWho="0" sc="156,107,176,-29,242,-29,406,-29" /><INIT seed="4,4,0,4,5,4" ten="263,147,213,377" oya="0" hai0="15,50,90,48,89,101,42,92,67,46,93,104,40" hai1="24,73,129,77,133,114,135,56,122,17,119,5,1" hai2="31,27,72,130,12,102,36,125,91,68,128,113,51" hai3="44,84,21,55,132,41,6,96,25,63,95,14,52"/><T19/><D104/><U126/><E77/><V81/><F36/><W3/><G132/><N who="1" m="50762" /><E73/><V22/><F68/><W18/><G3/><T83/><D67/><U121/><E56/><V0/><F0/><W35/><G35/><T78/><D101/><U118/><E129/><N who="2" m="49771" /><F113/><W28/><G84/><N who="0" m="48247" /><D42/><U94/><E94/><N who="0" m="36457" /><D50/><U69/><E69/><V134/><F134/><W60/><G60/><T34/><D34/><U61/><E61/><V23/><F102/><W117/><G63/><T64/><D64/><U54/><E54/><V57/><F51/><W32/><G117/><N who="1" m="44554" /><E114/><V29/><F57/><W20/><G32/><T75/><D75/><U97/><E97/><V59/><F59/><W11/><G95/><T43/><D43/><U8/><E126/><V62/><F62/><W10/><G96/><T98/><D98/><U47/><E47/><V38/><F125/><W70/><G70/><T80/><D80/><U76/><E76/><V112/><F112/><W53/><G44/><T66/><D66/><U116/><E116/><V30/><F38/><W124/><G41/><T58/><D58/><U99/><E99/><V107/><F107/><W9/><G124/><T88/><D90/><U71/><E71/><V115/><F115/><W86/><G86/><T16/><D19/><U26/><E17/><N who="2" m="10535" /><F72/><W110/><G6/><T108/><D108/><U87/><E87/><AGARI ba="4,0" hai="23,27,29,30,31,81,87,91" m="10535,49771" machi="87" ten="30,1000,0" yaku="19,1" doraHai="4" who="2" fromWho="1" sc="263,0,147,-22,213,22,377,0" /><INIT seed="5,0,0,2,2,93" ten="263,125,235,377" oya="1" hai0="30,44,90,92,43,120,15,29,46,58,85,70,56" hai1="12,75,63,104,3,32,129,37,99,80,47,123,4" hai2="1,130,87,113,98,36,61,103,81,53,41,48,111" hai3="96,95,62,105,68,88,124,25,122,67,84,6,23"/><U119/><E123/><V59/><F111/><W69/><G122/><T107/><D107/><U13/><E119/><V5/><F130/><W116/><G124/><T49/><D70/><U125/><E125/><V115/><F36/><W11/><G116/><T60/><D120/><U132/><E129/><V89/><F1/><W91/><G69/><T22/><D46/><U42/><E32/><V71/><F5/><W31/><G105/><T38/><D38/><U19/><E63/><V114/><F41/><W55/><G55/><N who="0" m="33887" /><D56/><U106/><E106/><N who="2" m="63863" /><F71/><W52/><G52/><T26/><D15/><U110/><E110/><V76/><F48/><W100/><G84/><T94/><D92/><U135/><E13/><AGARI ba="0,0" hai="6,11,13,23,25,31,62,67,68,88,91,95,96,100" machi="13" ten="30,3900,0" yaku="7,1,52,1,54,1" doraHai="93" who="3" fromWho="1" sc="263,0,125,-39,235,0,377,39" /><INIT seed="6,0,0,0,1,33" ten="263,86,235,416" oya="2" hai0="20,118,95,72,22,88,87,45,125,24,47,2,30" hai1="60,114,42,69,25,82,50,113,63,105,132,64,39" hai2="134,76,16,108,135,96,62,29,36,83,11,85,9" hai3="84,1,90,27,130,49,31,129,46,8,111,100,79"/><V18/><F36/><W71/><G71/><T104/><D104/><U58/><E105/><V121/><F121/><W48/><G100/><T81/><D125/><U94/><E94/><V73/><F108/><W116/><G111/><T75/><D118/><U122/><E82/><V23/><F29/><W89/><G116/><T109/><D109/><U127/><E25/><V41/><F41/><W65/><G65/><T67/><D2/><U74/><E74/><V112/><F112/><N who="1" m="43113" /><E127/><V56/><F73/><W117/><G117/><T128/><D128/><N who="3" m="49257" /><G79/><T93/><D67/><U131/><E131/><V32/><F32/><N who="3" m="20607" /><G49/><T80/><D24/><U38/><E122/><V34/><F34/><W6/><G84/><T52/><D87/><U40/><E132/><N who="2" m="50731" /><F96/><W0/><G0/><T4/><D30/><U70/><E40/><AGARI ba="0,0" hai="1,6,8,40,46,48,89,90" m="20607,49257" machi="40" ten="30,2000,0" yaku="19,1,52,1" doraHai="33" who="3" fromWho="1" sc="263,0,86,-20,235,0,416,20" /><INIT seed="7,0,0,4,1,83" ten="263,66,235,436" oya="3" hai0="135,12,77,23,8,6,133,105,51,32,31,81,119" hai1="21,84,112,28,11,14,25,1,27,62,111,90,68" hai2="134,7,89,124,120,109,71,67,100,4,61,98,110" hai3="85,49,5,22,59,96,106,42,74,44,93,103,101"/><W41/><G74/><T39/><D39/><U55/><E68/><V48/><F134/><N who="0" m="51210" /><D119/><U53/><E1/><V87/><F124/><W108/><G108/><T114/><D114/><U60/><E112/><V58/><F120/><W76/><G5/><T122/><D122/><U18/><E111/><V2/><F4/><W35/><G35/><T128/><D128/><U34/><E34/><V125/><F125/><W40/><G59/><T80/><D105/><U10/><E28/><V65/><F7/><W117/><G117/><T127/><D127/><U115/><E115/><V50/><F2/><W66/><G66/><T0/><D51/><U94/><E14/><V52/><F65/><W104/><G22/><T126/><D126/><U30/><E21/><V99/><F50/><W57/><G57/><T131/><D131/><U132/><E30/><V3/><F3/><W130/><G130/><T107/><D107/><U24/><E132/><V82/><F99/><W33/><G33/><T97/><D97/><U95/><E27/><V54/><F54/><W29/><G96/><T75/><D81/><U38/><E38/><V116/><F116/><W43/><G29/><T92/><D92/><AGARI ba="0,0" hai="48,52,58,61,67,71,82,87,89,92,98,100,109,110" machi="92" ten="30,3900,0" yaku="7,1,52,1,54,1" doraHai="83" who="2" fromWho="0" sc="263,-39,66,0,235,39,436,0" owari="224,-18.0,66,-43.0,274,7.0,436,54.0" /></mjloggm>