<mjloggm ver="2.3"><GO type="225" lobby="0"/><UN n0="%E5%B0%B1%E6%B4%BB%E7%94%9F%40%E5%B7%9D%E6%9D%91%E8%BB%8D%E5%9B%A3" n1="%E6%A1%9C%E7%AB%9C%E2%80%A0%E3%82%BF%E3%83%9E" n2="%E9%A4%8A%E5%88%86%E4%B8%80%E7%A2%BA" n3="%E3%81%86%E3%82%81%E3%81%99%E3%83%86%E3%83%AB" dan="17,16,17,17" rate="2098.64,2122.81,2190.92,2083.15" sx="M,F,M,F"/><TAIKYOKU oya="0"/><INIT seed="0,0,0,4,5,60" ten="250,250,250,250" oya="0" hai0="56,39,63,93,106,23,25,129,73,0,86,34,116" hai1="13,59,47,22,96,21,135,92,126,55,125,72,132" hai2="82,113,49,88,80,6,119,89,32,66,124,114,41" hai3="5,108,91,65,71,117,99,95,2,121,109,85,64"/><T83/><D39/><U3/><E3/><V35/><F6/><W105/><G121/><T48/><D106/><U118/><E47/><V50/><F41/><W134/><G117/><T36/><D36/><U102/><E72/><V33/><F124/><N who="1" m="47721" /><E118/><V84/><F119/><W10/><G134/><N who="1" m="51242" /><E13/><V87/><F33/><W19/><G19/><T122/><D0/><U11/><E11/><V8/><F8/><W127/><G127/><T26/><D34/><U37/><E37/><V67/><AGARI ba="0,0" hai="32,35,49,50,66,67,80,82,84,87,88,89,113,114" machi="67" ten="25,12000,2" yaku="0,1,22,2,52,2,54,1" doraHai="60" who="2" fromWho="2" sc="250,-60,250,-30,250,120,250,-30" /><INIT seed="1,0,0,0,5,29" ten="190,220,370,220" oya="1" hai0="52,16,91,84,41,23,95,92,88,80,107,8,10" hai1="73,112,77,124,94,93,74,121,63,111,133,57,64" hai2="100,30,101,85,47,14,134,21,128,116,18,13,4" hai3="69,103,17,115,132,60,110,46,0,99,40,3,72"/><U71/><E121/><V5/><F128/><W105/><G17/><T15/><D107/><U70/><E112/><V56/><F134/><W38/><G115/><T66/><D41/><U65/><E133/><V54/><F30/><W2/><G132/><T96/><D66/><U76/><E57/><V24/><F116/><W44/><G44/><T87/><D52/><U6/><E6/><N who="2" m="2667" /><F85/><W82/><G110/><T127/><D127/><U122/><E122/><V129/><F129/><W102/><G102/><AGARI ba="0,0" hai="8,10,15,16,23,80,84,87,88,91,92,95,96,102" machi="102" ten="30,7700,0" yaku="7,1,8,1,54,2" doraHai="29" who="0" fromWho="3" sc="190,77,220,0,370,0,220,-77" /><INIT seed="2,0,0,0,3,39" ten="267,220,370,143" oya="2" hai0="98,119,57,104,55,100,72,10,97,74,114,52,35" hai1="67,3,5,50,126,118,102,86,88,40,29,51,23" hai2="47,26,62,36,122,108,124,99,130,43,31,11,24" hai3="133,32,109,95,78,13,56,127,17,54,79,9,123"/><V83/><F122/><W33/><G123/><T34/><D114/><U128/><E118/><V73/><F130/><W6/><G109/><T70/><D70/><U117/><E117/><V16/><F124/><W15/><G127/><T107/><D119/><U1/><E126/><V91/><F108/><W21/><G133/><T113/><D113/><U120/><E120/><V96/><F62/><W30/><G95/><T132/><D10/><U18/><E29/><V101/><F73/><W42/><G42/><T46/><D46/><U7/><E67/><V45/><F45/><W66/><G66/><T44/><D44/><U14/><E102/><V75/><F75/><W20/><G33/><T8/><D8/><U12/><E128/><V59/><F59/><W27/><REACH who="3" step="1"/><G32/><REACH who="3" ten="267,220,370,133" step="2"/><T58/><D100/><U19/><E40/><V131/><F43/><W68/><G68/><T94/><D94/><U115/><E115/><V129/><F129/><W89/><G89/><T125/><D125/><U37/><E37/><V105/><F36/><W112/><G112/><T41/><D41/><U69/><E69/><V80/><F101/><W87/><G87/><T71/><D71/><U84/><E23/><V0/><F131/><W110/><G110/><T81/><D81/><U25/><E88/><V63/><F91/><W93/><G93/><T76/><D76/><U64/><E64/><V61/><F80/><W48/><AGARI ba="0,1" hai="6,9,13,15,17,20,21,27,30,48,54,56,78,79" machi="48" ten="20,5200,0" yaku="1,1,0,1,7,1,8,1,53,0" doraHai="39" doraHaiUra="65" who="3" fromWho="3" sc="267,-13,220,-13,370,-26,133,62" /><INIT seed="3,0,0,3,5,28" ten="254,207,344,195" oya="3" hai0="47,72,12,81,14,11,128,22,94,107,118,121,37" hai1="59,4,50,132,76,113,68,106,23,18,38,7,31" hai2="122,120,9,17,51,108,15,35,87,41,67,112,24" hai3="89,73,95,27,56,109,10,117,16,39,79,64,74"/><W0/><G117/><T90/><D107/><U25/><E38/><V78/><F108/><W70/><G70/><T49/><D118/><U62/><E113/><V96/><F67/><W58/><G39/><T103/><D37/><U33/><E106/><V5/><F112/><W8/><G109/><T135/><D128/><U30/><E132/><V110/><F110/><W65/><G74/><T131/><D131/><U19/><E76/><V111/><F96/><N who="3" m="57455" /><G73/><T20/><D135/><U2/><E68/><V21/><F111/><W133/><G133/><T34/><D34/><U104/><E104/><V119/><F35/><W134/><G79/><T82/><D14/><U125/><E125/><V77/><F119/><W36/><G36/><T40/><D103/><U83/><E50/><V130/><F130/><W66/><G134/><T52/><D40/><U6/><E83/><N who="0" m="31753" /><D72/><U48/><E48/><V92/><F92/><W42/><G42/><T123/><D123/><N who="2" m="47146" /><F87/><W53/><G0/><T69/><D69/><U26/><REACH who="1" step="1"/><E2/><REACH who="1" ten="254,197,344,195" step="2"/><V114/><F114/><W100/><G100/><T57/><D121/><U1/><E1/><V127/><F127/><W71/><G71/><T93/><D47/><AGARI ba="0,1" hai="5,9,15,17,21,24,41,47,51,77,78" m="47146" machi="47" ten="30,1000,0" yaku="13,1" doraHai="28" who="2" fromWho="0" sc="254,-10,197,0,344,20,195,0" owari="244,4.0,197,-20.0,364,46.0,195,-30.0" /></mjloggm>