<mjloggm ver="2.3"><GO type="169" lobby="0"/><UN n0="%E4%BF%BA%E3%81%AE%E5%AB%81" n1="%E3%82%A6%E3%83%AB%E3%83%88%E3%83%A9%E7%AB%8B%E7%9B%B4" n2="%66%75%6C%6C%2D%74%70%21" n3="%53%47%59%4D%48%52%4B%31" dan="16,17,17,16" rate="2015.27,2191.10,2157.26,2082.30" sx="F,M,M,M"/><TAIKYOKU oya="0"/><INIT seed="0,0,0,4,0,97" ten="250,250,250,250" oya="0" hai0="100,131,27,69,119,18,12,74,7,24,52,51,111" hai1="67,86,135,14,13,44,124,80,103,95,76,32,19" hai2="123,110,1,65,22,70,62,50,81,5,34,30,112" hai3="78,28,8,122,105,79,16,42,133,33,56,25,89"/><T64/><D119/><U108/><E108/><V55/><F110/><W127/><G105/><T43/><D74/><U130/><E124/><V58/><F123/><W45/><G127/><T48/><D111/><U85/><E130/><V0/><F112/><W106/><G106/><T90/><D69/><U31/><E135/><V91/><F34/><W118/><G118/><T4/><D64/><U93/><E67/><V120/><F120/><W116/><G116/><T35/><D35/><U39/><E31/><V10/><F22/><W114/><G114/><T75/><D75/><U94/><E32/><V47/><F30/><W11/><G133/><T117/><D117/><U92/><E39/><V115/><F115/><W84/><G122/><T96/><D90/><N who="1" m="53335" /><E44/><V40/><F91/><W46/><G56/><N who="0" m="32799" /><D131/><U77/><E77/><V20/><F81/><W41/><G8/><N who="0" m="6407" /><D4/><U109/><E109/><V57/><F20/><N who="3" m="13447" /><G33/><T73/><D7/><U68/><E68/><V36/><REACH who="2" step="1"/><F57/><REACH who="2" ten="250,250,240,250" step="2"/><W125/><G125/><T72/><D24/><U2/><E80/><V87/><F87/><W17/><G28/><T15/><D27/><U98/><E85/><V37/><F37/><W3/><G89/><T26/><D72/><U134/><E134/><V71/><F71/><W102/><G84/><T132/><D73/><U59/><E59/><V29/><F29/><W60/><G78/><T21/><D132/><U99/><E76/><V104/><F104/><W54/><G79/><T61/><D26/><U23/><E98/><V107/><F107/><W88/><G88/><T6/><D96/><U129/><E99/><RYUUKYOKU ba="0,1" sc="250,-10,250,-10,240,30,250,-10" hai2="0,1,5,10,36,40,47,50,55,58,62,65,70" /><INIT seed="1,1,1,4,5,115" ten="240,240,270,240" oya="1" hai0="111,100,81,18,60,29,42,104,120,13,113,50,5" hai1="85,6,82,76,54,112,83,89,87,131,0,63,28" hai2="14,108,55,110,21,51,57,97,126,22,46,56,49" hai3="74,53,37,109,132,135,11,72,41,30,20,64,80"/><U25/><E112/><V47/><F97/><W9/><G109/><N who="2" m="42089" /><F126/><W124/><G124/><T94/><D104/><U67/><E131/><V103/><F103/><W129/><G129/><T75/><D111/><U65/><E6/><V16/><F22/><W26/><G64/><T91/><D100/><U34/><E0/><V35/><F35/><W90/><G53/><AGARI ba="1,1" hai="14,16,21,46,47,49,51,53,55,56,57" m="42089" machi="53" ten="30,2000,0" yaku="14,1,54,1" doraHai="115" who="2" fromWho="3" sc="240,0,240,0,270,33,240,-23" /><INIT seed="2,0,0,3,0,2" ten="240,240,303,217" oya="2" hai0="99,47,48,84,29,117,119,92,64,95,104,28,36" hai1="85,120,121,68,91,63,130,126,94,83,10,118,106" hai2="15,17,58,35,57,5,46,19,4,67,66,135,44" hai3="51,23,87,33,122,11,14,24,21,97,56,116,61"/><V25/><F135/><W3/><G122/><N who="1" m="47210" /><E63/><V133/><F133/><W103/><G116/><N who="0" m="44619" /><D36/><U42/><E68/><V127/><F127/><W98/><G3/><T115/><D115/><U1/><E42/><V88/><F35/><W6/><G51/><T128/><D128/><U125/><E10/><V37/><F37/><W50/><G50/><T38/><D38/><U112/><E1/><V45/><F88/><W78/><G98/><T132/><D132/><U80/><E118/><V110/><F110/><W111/><G111/><T55/><D64/><N who="2" m="24618" /><F25/><W13/><G13/><T129/><D129/><U109/><E130/><V82/><F82/><N who="1" m="31273" /><E109/><V18/><F15/><W114/><G114/><T73/><D73/><U39/><E39/><V101/><F101/><W59/><G78/><T43/><D43/><U69/><E69/><V31/><F31/><N who="0" m="11850" /><D84/><U108/><E108/><V60/><F60/><W71/><G87/><T54/><D54/><U12/><E112/><V123/><F123/><W32/><G71/><T7/><D55/><U65/><E65/><V79/><F79/><W52/><G59/><AGARI ba="0,0" hai="4,5,17,18,19,44,45,46,57,58,59" m="24618" machi="59" ten="40,12000,1" yaku="28,2,8,1,52,2" doraHai="2" who="2" fromWho="3" sc="240,0,240,0,303,120,217,-120" /><INIT seed="2,1,0,3,2,78" ten="240,240,423,97" oya="2" hai0="48,8,121,103,135,29,5,105,129,0,100,12,116" hai1="130,66,65,59,9,34,57,67,133,81,38,36,15" hai2="55,126,7,2,90,75,47,16,31,124,4,77,72" hai3="24,87,92,109,26,49,11,134,74,20,22,51,46"/><V14/><F31/><W6/><G74/><T104/><D121/><U70/><E34/><V83/><F75/><W58/><G134/><T63/><D29/><U71/><E133/><V44/><F90/><N who="3" m="53343" /><G109/><T88/><D135/><U79/><E130/><V60/><F2/><W86/><G86/><T25/><D129/><U27/><E27/><N who="3" m="10282" /><G6/><T131/><D25/><U33/><E33/><V119/><F119/><W50/><G11/><T85/><D116/><U84/><E70/><V82/><F77/><W43/><G58/><T56/><D105/><U3/><E71/><V118/><F118/><W99/><G99/><T41/><D104/><U19/><REACH who="1" step="1"/><E3/><REACH who="1" ten="240,230,423,97" step="2"/><V30/><F30/><W93/><G43/><T13/><D0/><U80/><E80/><V39/><F82/><W23/><G46/><N who="0" m="25679" /><D131/><U102/><E102/><V54/><F44/><W73/><G73/><T18/><D100/><U111/><E111/><V110/><F47/><W37/><G37/><AGARI ba="1,1" hai="9,15,19,36,37,38,57,59,65,66,67,79,81,84" machi="37" ten="40,2600,0" yaku="1,1,52,1,53,0" doraHai="78" doraHaiUra="123" who="1" fromWho="3" sc="240,0,230,39,423,0,97,-29" /><INIT seed="3,0,0,4,2,88" ten="240,269,423,68" oya="3" hai0="47,2,76,73,89,109,129,116,101,126,26,87,68" hai1="125,6,30,32,85,17,42,131,19,25,115,62,29" hai2="52,31,24,135,45,64,103,8,65,33,60,107,81" hai3="34,121,95,79,35,50,77,18,16,124,110,36,106"/><W57/><G36/><T86/><D116/><U92/><E115/><V120/><F135/><W99/><G106/><T15/><D2/><U91/><E125/><V11/><F120/><W122/><G124/><T0/><D129/><U111/><E111/><V13/><F81/><W82/><G110/><T70/><D0/><U49/><E131/><V130/><F130/><W94/><G57/><T123/><D73/><U67/><E6/><V118/><F118/><W72/><G50/><T44/><D101/><U20/><E32/><V39/><F64/><W96/><G82/><T97/><D97/><U66/><E30/><V3/><F3/><W48/><G48/><T117/><D117/><U43/><E66/><V132/><F132/><W59/><G59/><T9/><D123/><U104/><E104/><V114/><F114/><W134/><G72/><T127/><D26/><U75/><E75/><V10/><F103/><W22/><G22/><T58/><D58/><N who="1" m="37335" /><E43/><V28/><F107/><W69/><G134/><T63/><D109/><U102/><E102/><V27/><F39/><W84/><G84/><T1/><D87/><U98/><E85/><V71/><F45/><AGARI ba="0,0" hai="17,19,20,25,29,42,45,49,91,92,98" m="37335" machi="45" ten="30,2000,0" yaku="8,1,52,1" doraHai="88" who="1" fromWho="2" sc="240,0,269,20,423,-20,68,0" /><INIT seed="4,0,0,5,1,22" ten="240,289,403,68" oya="0" hai0="40,9,16,39,48,70,89,133,72,87,95,20,76" hai1="71,58,53,100,54,127,64,108,131,86,1,33,17" hai2="43,123,4,38,94,85,83,66,28,111,65,46,47" hai3="68,129,93,99,63,29,109,110,52,101,134,23,0"/><T59/><D70/><U106/><E1/><V98/><F111/><W3/><G134/><T42/><D39/><U91/><E108/><V56/><F123/><W27/><G129/><T120/><D120/><U105/><E131/><V121/><F121/><W88/><G110/><T37/><D37/><U122/><E122/><V6/><F47/><W130/><G130/><T12/><D72/><U97/><E33/><V61/><F28/><W126/><G109/><T34/><D76/><U69/><E106/><V74/><F66/><W25/><G126/><T79/><D79/><U124/><E64/><V78/><F74/><W119/><G119/><T92/><D92/><U50/><E54/><V112/><F112/><W80/><G68/><T44/><D59/><U113/><E113/><V118/><F118/><W117/><G117/><T2/><D34/><U73/><E73/><V36/><F36/><W103/><G3/><T81/><D95/><N who="1" m="54775" /><E17/><V57/><F57/><N who="3" m="35239" /><G0/><T24/><D2/><U14/><E14/><V75/><F75/><W51/><G51/><T82/><D133/><U30/><E30/><V135/><F135/><W67/><G67/><T55/><D82/><U13/><E13/><V90/><AGARI ba="0,0" hai="4,6,38,43,46,56,61,65,78,83,85,90,94,98" machi="90" ten="20,1500,0" yaku="0,1,7,1" doraHai="22" who="2" fromWho="2" sc="240,-7,289,-4,403,15,68,-4" /><INIT seed="5,0,0,3,0,40" ten="233,285,418,64" oya="1" hai0="72,54,8,109,120,98,132,21,86,87,114,115,12" hai1="14,76,10,43,4,48,9,77,49,46,0,131,15" hai2="94,81,105,68,3,74,82,90,102,57,92,53,19" hai3="34,52,108,84,116,59,25,60,80,41,75,73,11"/><U50/><E131/><V66/><F3/><W22/><G108/><T2/><D72/><U5/><REACH who="1" step="1"/><E0/><REACH who="1" ten="233,275,418,64" step="2"/><V62/><F74/><W44/><G116/><T128/><D2/><U24/><E24/><V99/><F19/><W83/><G34/><T91/><D128/><U17/><E17/><V117/><F117/><W103/><G75/><T113/><D113/><U78/><AGARI ba="0,1" hai="4,5,9,10,14,15,43,46,48,49,50,76,77,78" machi="78" ten="30,12000,1" yaku="1,1,0,1,9,1,8,1,52,1,53,0" doraHai="40" doraHaiUra="16" who="1" fromWho="1" sc="233,-40,275,130,418,-40,64,-40" /><INIT seed="5,1,0,3,5,17" ten="193,405,378,24" oya="1" hai0="104,90,3,22,11,8,82,27,30,106,77,4,38" hai1="135,134,91,19,2,108,69,33,99,109,128,49,72" hai2="42,124,127,126,122,48,23,62,13,101,78,63,125" hai3="118,67,107,5,66,85,79,43,56,123,50,0,52"/><U53/><E69/><V34/><F34/><W133/><G107/><T10/><D38/><U76/><E33/><V116/><F122/><W111/><G123/><T88/><D106/><U94/><E2/><V100/><F116/><W26/><G111/><N who="1" m="42570" /><E128/><V105/><F78/><W98/><G118/><T80/><D104/><U71/><E71/><V131/><F131/><W68/><G68/><T54/><D54/><U95/><E19/><N who="2" m="10735" /><F105/><W114/><G133/><N who="1" m="50698" /><E95/><V110/><N who="2" m="31744" /><DORA hai="81" /><V121/><F121/><W32/><G114/><T12/><D4/><U129/><E129/><V6/><F6/><W74/><G74/><T132/><D3/><U47/><E76/><V1/><F1/><W39/><G5/><T119/><D77/><U130/><E130/><V75/><F75/><AGARI ba="1,0" hai="47,49,53,72,75,91,94,99" m="50698,42570" machi="75" ten="30,2900,0" yaku="10,1,20,1" doraHai="17,81" who="1" fromWho="2" sc="193,0,405,32,378,-32,24,0" /><INIT seed="5,2,0,3,2,110" ten="193,437,346,24" oya="1" hai0="111,73,39,68,48,14,92,20,81,114,126,4,112" hai1="131,86,37,36,124,9,98,55,113,123,72,6,106" hai2="61,24,12,91,59,116,107,25,117,45,46,118,21" hai3="135,122,99,19,104,130,67,8,31,40,105,63,64"/><U57/><E72/><V115/><F107/><W27/><G122/><T75/><D39/><U83/><E123/><V88/><F12/><W50/><G135/><T38/><D38/><U11/><E11/><V119/><N who="2" m="29696" /><DORA hai="0" /><V35/><F35/><W41/><G130/><T76/><D68/><U65/><E65/><V96/><F115/><N who="0" m="44074" /><D126/><U70/><E70/><V30/><F25/><W17/><G50/><T89/><D48/><U128/><E124/><V28/><F28/><W97/><G27/><T23/><D75/><U108/><E113/><V87/><F96/><W29/><G8/><N who="0" m="4359" /><D111/><U26/><E108/><V43/><F43/><W10/><G10/><T101/><D101/><N who="1" m="62775" /><E37/><V120/><F120/><W16/><G17/><T133/><D133/><U42/><E36/><V58/><F58/><W74/><G74/><T82/><D81/><U94/><E83/><V129/><F129/><W85/><REACH who="3" step="1"/><G85/><AGARI ba="2,0" hai="20,23,73,76,82,85,89,92" m="4359,44074" machi="85" ten="30,8000,1" yaku="15,1,52,4" doraHai="110,0" who="0" fromWho="3" sc="193,86,437,0,346,0,24,-86" owari="279,-12.0,437,53.0,346,15.0,-62,-56.0" /></mjloggm>