<mjloggm ver="2.3"><GO type="233" lobby="0"/><UN n0="%E6%94%BE%E9%8A%83%E7%8E%8B%EF%BC%94" n1="%4D%6F%67%65%72%61" n2="%6E%61%6B%61%6A%75%75%6E" n3="%E3%82%A6%E3%83%AB%E3%83%88%E3%83%A9%E7%AB%8B%E7%9B%B4" dan="16,16,18,17" rate="2068.21,2171.84,2161.26,2209.15" sx="M,F,M,M"/><TAIKYOKU oya="0"/><INIT seed="0,0,0,1,3,11" ten="250,250,250,250" oya="0" hai0="97,30,114,68,38,118,64,34,129,94,3,26,107" hai1="128,29,79,58,127,81,92,16,25,135,52,59,74" hai2="132,100,70,55,125,18,105,24,102,113,39,2,19" hai3="67,104,53,96,101,89,5,66,110,86,0,60,54"/><T90/><D118/><U45/><E127/><V10/><F39/><W20/><G110/><T4/><D114/><U131/><E135/><V22/><F113/><W109/><G109/><T124/><D38/><U32/><E92/><V111/><F111/><W7/><G67/><T76/><D124/><U56/><REACH who="1" step="1"/><E16/><REACH who="1" ten="250,240,250,250" step="2"/><V121/><F125/><W134/><G134/><T50/><D107/><U98/><E98/><V42/><F132/><W49/><G96/><T85/><D129/><U84/><E84/><V75/><F105/><W88/><G86/><T17/><D17/><U37/><E37/><V43/><F19/><W46/><G104/><T83/><D97/><U40/><E40/><V6/><F42/><W123/><G7/><T41/><D41/><U9/><E9/><V48/><F43/><W112/><G5/><T31/><D4/><U27/><E27/><V120/><F75/><W80/><G112/><T130/><D130/><U44/><E44/><V72/><F72/><W15/><G46/><T116/><D31/><U77/><E77/><V62/><F120/><W1/><G123/><T36/><D36/><U99/><E99/><V78/><F121/><W117/><G117/><T69/><D116/><U122/><E122/><V71/><F78/><W13/><G89/><T133/><D133/><U65/><E65/><N who="2" m="41271" /><F100/><W93/><G101/><T82/><D64/><U51/><AGARI ba="0,1" hai="25,29,32,45,51,52,56,58,59,74,79,81,128,131" machi="51" ten="30,7900,0" yaku="1,1,0,1,54,1,53,1" doraHai="11" doraHaiUra="28" who="1" fromWho="1" sc="250,-39,240,89,250,-20,250,-20" /><INIT seed="1,0,0,2,5,81" ten="211,329,230,230" oya="1" hai0="1,58,67,31,24,62,108,100,17,16,76,114,97" hai1="117,95,74,83,107,70,12,48,35,29,42,57,118" hai2="73,37,130,80,91,94,116,11,9,134,22,69,2" hai3="13,28,59,78,30,79,63,43,120,50,21,121,54"/><U46/><E107/><V26/><F116/><W20/><G121/><T82/><D114/><U112/><E112/><V34/><F34/><W18/><G120/><T68/><D1/><U5/><E70/><V109/><F69/><W60/><G43/><T123/><D108/><U32/><E32/><V103/><F109/><W119/><G119/><T23/><D68/><U84/><E35/><V126/><F126/><W36/><G36/><T19/><D123/><U89/><E29/><N who="3" m="11370" /><G20/><T49/><D49/><U96/><E74/><V92/><F37/><W66/><G63/><T135/><D135/><U38/><E38/><V101/><F134/><W105/><G105/><T72/><REACH who="0" step="1"/><D19/><REACH who="0" ten="201,329,230,230" step="2"/><U47/><E117/><V14/><F2/><W10/><G50/><T25/><D25/><U111/><E118/><V129/><F26/><W87/><G18/><T131/><D131/><U45/><E111/><V88/><F130/><W125/><G125/><T75/><D75/><U127/><E127/><V77/><F129/><W71/><G71/><T6/><D6/><U124/><E124/><V133/><F133/><W98/><G60/><T4/><D4/><U90/><E5/><V3/><F3/><W122/><G122/><T27/><D27/><U52/><E12/><V41/><F14/><W39/><G13/><T110/><D110/><U51/><AGARI ba="0,1" hai="42,45,46,47,48,51,52,57,83,84,89,90,95,96" machi="51" ten="20,12000,1" yaku="0,1,7,1,8,1,52,1,54,1" doraHai="81" who="1" fromWho="1" sc="201,-40,329,130,230,-40,230,-40" /><INIT seed="1,1,0,4,3,25" ten="161,459,190,190" oya="1" hai0="81,98,97,16,127,5,87,124,8,10,1,13,118" hai1="31,65,27,108,53,130,106,17,86,12,74,21,67" hai2="75,72,99,63,119,84,107,92,117,43,45,95,9" hai3="7,85,83,29,19,37,116,82,32,3,26,80,129"/><U110/><E106/><V51/><F107/><W69/><G69/><T18/><D18/><U79/><E130/><V20/><F9/><W48/><G37/><T33/><D33/><U91/><E53/><V24/><F75/><W44/><G129/><T90/><REACH who="0" step="1"/><D118/><REACH who="0" ten="151,459,190,190" step="2"/><U134/><E134/><V68/><F72/><W47/><G116/><T115/><D115/><U113/><E113/><V128/><F128/><W112/><G112/><T94/><D94/><U42/><E74/><V39/><F117/><W73/><G73/><T76/><D76/><U71/><E79/><V109/><F119/><W105/><G105/><T123/><D123/><U46/><E108/><V114/><F114/><W50/><G19/><T122/><D122/><U40/><E110/><V131/><F131/><W28/><G32/><T121/><D121/><U135/><E135/><V14/><F92/><W54/><G26/><T11/><D11/><U103/><E17/><V2/><F109/><W58/><G7/><T0/><D0/><U111/><E111/><V104/><F2/><W38/><G3/><T6/><D6/><U62/><E27/><V60/><F104/><W34/><G34/><T88/><D88/><U30/><E91/><V132/><F132/><W55/><G82/><T125/><AGARI ba="1,1" hai="1,5,8,10,13,16,81,87,90,97,98,124,125,127" machi="125" ten="30,8000,1" yaku="1,1,0,1,18,1,54,1,53,1" doraHai="25" doraHaiUra="77" who="0" fromWho="0" sc="151,93,459,-41,190,-21,190,-21" /><INIT seed="2,0,0,5,2,8" ten="244,418,169,169" oya="2" hai0="104,63,101,117,45,54,2,77,64,46,78,85,53" hai1="71,102,121,4,61,116,90,99,18,48,37,84,14" hai2="118,32,123,38,5,35,29,17,126,98,74,88,65" hai3="21,119,56,52,16,106,94,134,83,47,122,7,59"/><V22/><F123/><W62/><G106/><T133/><D2/><U105/><E37/><V23/><F74/><W115/><G122/><T135/><D117/><U20/><E121/><V93/><F118/><W6/><G119/><T103/><D64/><U125/><E116/><V127/><F38/><W15/><G115/><T113/><D85/><U73/><E73/><V12/><F65/><N who="3" m="39111" /><G134/><N who="0" m="51211" /><D113/><U86/><E4/><V40/><F40/><W50/><G83/><T19/><D19/><U109/><E109/><V24/><REACH who="2" step="1"/><F5/><REACH who="2" ten="244,418,159,169" step="2"/><N who="3" m="1547" /><G94/><T92/><D92/><U51/><E105/><V0/><F0/><W43/><G43/><T120/><D120/><U60/><E71/><V72/><F72/><W34/><G34/><AGARI ba="0,1" hai="12,17,22,23,24,29,32,34,35,88,93,98,126,127" machi="34" ten="40,7700,0" yaku="1,1,52,1,54,1,53,0" doraHai="8" doraHaiUra="68" who="2" fromWho="3" sc="244,0,418,0,159,87,169,-77" /><INIT seed="2,1,0,1,5,47" ten="244,418,246,92" oya="2" hai0="87,96,92,31,103,14,104,23,10,44,13,30,48" hai1="66,25,134,91,117,5,109,39,41,37,16,81,49" hai2="43,111,85,127,45,53,108,29,8,2,135,56,26" hai3="72,42,60,106,74,71,84,113,21,0,93,32,46"/><V133/><F85/><W18/><G32/><T55/><D104/><U57/><E117/><V11/><F127/><W119/><G106/><T19/><REACH who="0" step="1"/><D87/><REACH who="0" ten="234,418,246,92" step="2"/><U64/><E134/><V68/><F133/><W80/><G84/><T107/><D107/><U83/><E83/><V52/><F135/><W126/><G80/><T97/><D97/><U35/><E81/><V33/><F68/><W90/><G71/><T12/><D12/><U132/><E132/><V4/><F11/><W54/><G74/><T40/><D40/><U101/><E41/><V116/><F116/><W73/><G72/><T125/><D125/><U110/><E109/><N who="2" m="42059" /><F56/><W120/><G73/><T99/><D99/><U7/><E57/><V62/><F62/><W38/><G60/><T69/><D69/><U65/><E110/><V95/><F95/><W114/><G93/><T51/><D51/><AGARI ba="1,1" hai="2,4,8,26,29,33,43,45,51,52,53" m="42059" machi="51" ten="30,11600,0" yaku="14,1,10,1,52,1,54,1" doraHai="47" who="2" fromWho="0" sc="234,-119,418,0,246,129,92,0" /><INIT seed="2,2,0,5,4,22" ten="115,418,375,92" oya="2" hai0="67,49,38,91,9,119,24,86,1,100,29,90,41" hai1="34,79,88,32,94,14,129,127,39,117,55,78,25" hai2="82,27,92,21,74,111,75,109,80,95,121,64,50" hai3="20,33,123,52,93,72,18,8,62,69,63,110,107"/><V133/><F121/><W42/><G107/><T12/><D38/><U43/><E117/><V104/><F104/><W97/><G33/><T45/><D1/><U37/><E37/><V118/><F64/><W65/><G72/><N who="2" m="27689" /><F50/><W122/><G110/><N who="2" m="41993" /><F118/><W89/><G42/><T116/><D100/><U53/><E43/><V99/><F133/><W130/><G8/><T5/><D67/><U23/><E39/><V59/><F59/><N who="3" m="35175" /><G130/><T77/><D116/><U48/><E48/><V101/><F95/><W131/><G131/><T19/><D119/><U61/><E129/><V112/><F112/><W135/><G135/><T40/><D40/><U66/><E32/><V0/><F0/><W108/><G108/><T128/><D128/><U81/><E34/><V47/><F47/><W13/><G123/><T103/><D103/><U68/><E81/><V51/><F51/><W2/><G2/><T15/><D77/><U84/><E79/><V96/><F96/><W125/><G122/><T105/><D86/><U114/><E78/><V28/><AGARI ba="2,0" hai="21,27,28,80,82,92,99,101" m="41993,27689" machi="28" ten="30,6000,0" yaku="14,1,10,1,52,1" doraHai="22" who="2" fromWho="2" sc="115,-22,418,-22,375,66,92,-22" /><INIT seed="2,3,0,0,1,43" ten="93,396,441,70" oya="2" hai0="29,124,36,111,17,114,7,18,118,47,98,39,97" hai1="77,32,10,91,99,71,26,125,120,96,86,48,21" hai2="13,16,74,44,62,128,113,55,105,20,61,30,3" hai3="53,127,92,102,70,57,41,12,67,78,38,68,60"/><V25/><F113/><W45/><G78/><T88/><D114/><U34/><E77/><V126/><F74/><W129/><G127/><T14/><D124/><U100/><E71/><N who="3" m="27178" /><G12/><T104/><D111/><U84/><E125/><V1/><F126/><W49/><G92/><T101/><D118/><U94/><E120/><V19/><F105/><W76/><G102/><T83/><D29/><U8/><E34/><V131/><F3/><W11/><G11/><T116/><D116/><U117/><E32/><V122/><F1/><W73/><G76/><T64/><D64/><U50/><E117/><V103/><F103/><W31/><G31/><T80/><D7/><U110/><E86/><V6/><F6/><W69/><G73/><T58/><D58/><U135/><E99/><V123/><F30/><W4/><G4/><T40/><D36/><U46/><E50/><N who="2" m="29127" /><F123/><W119/><G119/><T28/><D28/><U33/><E33/><V52/><F122/><W95/><G95/><T59/><D18/><U66/><E110/><V82/><F82/><W65/><G65/><T5/><D5/><U22/><E66/><V27/><F27/><W56/><G129/><N who="2" m="49737" /><F52/><W106/><G106/><T132/><D83/><U107/><E22/><AGARI ba="3,0" hai="13,16,19,20,22,25,61,62" m="49737,29127" machi="22" ten="30,5800,0" yaku="19,1,52,1,54,1" doraHai="43" who="2" fromWho="1" sc="93,0,396,-67,441,67,70,0" /><INIT seed="2,4,0,5,0,121" ten="93,329,508,70" oya="2" hai0="63,15,36,9,90,25,89,134,13,111,51,92,135" hai1="14,93,72,77,31,127,78,75,47,76,82,112,0" hai2="30,97,16,61,81,7,66,46,53,39,60,94,74" hai3="38,64,55,86,32,44,22,6,95,122,56,28,54"/><V29/><F7/><W113/><G32/><T106/><D106/><U83/><E0/><V57/><F74/><W101/><G122/><T87/><D36/><U19/><E112/><V119/><F119/><W4/><G113/><T3/><D3/><U40/><E127/><V133/><F81/><W123/><G123/><T45/><D63/><U8/><E93/><V59/><F133/><W42/><G64/><T20/><D90/><U70/><E70/><V18/><F39/><W132/><G132/><N who="0" m="50731" /><D9/><U108/><E31/><N who="2" m="11787" /><F46/><W27/><G55/><N who="0" m="30191" /><D111/><U50/><REACH who="1" step="1"/><E78/><REACH who="1" ten="93,319,508,70" step="2"/><V115/><F115/><W117/><G117/><T120/><D120/><U96/><E96/><V99/><F99/><W130/><G95/><T100/><D100/><AGARI ba="4,1" hai="16,18,53,57,59,60,61,66,94,97,100" m="11787" machi="100" ten="30,2900,0" yaku="8,1,54,1" doraHai="121" who="2" fromWho="0" sc="93,-41,319,0,508,51,70,0" /><INIT seed="2,5,0,4,1,60" ten="52,319,559,70" oya="2" hai0="12,88,41,100,34,20,33,51,90,116,5,118,127" hai1="70,96,29,69,115,121,22,75,135,17,23,53,32" hai2="27,0,113,68,7,79,132,122,11,31,15,59,124" hai3="44,64,21,58,13,106,117,50,76,19,110,105,95"/><V42/><F122/><W134/><G117/><N who="0" m="45163" /><D127/><U104/><E75/><V114/><F68/><W120/><G120/><T82/><D100/><U94/><E121/><V85/><F124/><W123/><G123/><T57/><D82/><U35/><E104/><V1/><F132/><W56/><G134/><T30/><D5/><U111/><E135/><V73/><F73/><W97/><G110/><T40/><D40/><U2/><E2/><V128/><F42/><W39/><G39/><T103/><D103/><U3/><E3/><V93/><F128/><W37/><G37/><T14/><D14/><U4/><E4/><V61/><F1/><W102/><G76/><T84/><D12/><U28/><E17/><V92/><F0/><W89/><G102/><T125/><D125/><U6/><E6/><V109/><F109/><W54/><G106/><T101/><D101/><U55/><E111/><V98/><F79/><W131/><G105/><T62/><D51/><U47/><E94/><V80/><F93/><W43/><G131/><T16/><D41/><U126/><E126/><V45/><F113/><W119/><G119/><T107/><D107/><U71/><E71/><V49/><F114/><W91/><G91/><N who="0" m="34859" /><D84/><U8/><E115/><V87/><F87/><W63/><G43/><T74/><D74/><U78/><E96/><V52/><F85/><W86/><REACH who="3" step="1"/><G97/><REACH who="3" ten="52,319,559,60" step="2"/><T67/><D30/><U108/><E28/><V83/><F98/><W66/><G66/><T129/><D129/><U133/><E29/><V46/><F31/><W18/><G18/><T72/><D72/><U9/><E133/><RYUUKYOKU ba="5,1" sc="52,15,319,-15,559,-15,60,15" hai0="16,20,33,34,57,62,67" hai3="13,19,21,44,50,54,56,58,63,64,86,89,95" /><INIT seed="3,6,1,0,2,132" ten="67,304,544,75" oya="3" hai0="86,100,6,114,66,15,67,101,27,73,0,88,128" hai1="126,28,130,81,22,108,1,4,11,14,60,98,135" hai2="85,87,76,13,3,30,95,34,115,26,102,19,71" hai3="9,109,113,75,74,2,61,80,94,103,92,7,59"/><W104/><G113/><T116/><D116/><U41/><E108/><V32/><F71/><W24/><G109/><T89/><D73/><U72/><E130/><V58/><F3/><W78/><G75/><T40/><D114/><U20/><E135/><V84/><F34/><W82/><G82/><N who="0" m="49239" /><D0/><U62/><E1/><V39/><F39/><W127/><G104/><T57/><D40/><U120/><E120/><V133/><F133/><W119/><G119/><T51/><D27/><U68/><E68/><V69/><F69/><W10/><G103/><N who="0" m="39499" /><D128/><U77/><E41/><V117/><F117/><W47/><G24/><T79/><D79/><U52/><E77/><V5/><F76/><W23/><G94/><T8/><D89/><U53/><E72/><V17/><F115/><W12/><G92/><T125/><D125/><U50/><E28/><V48/><F102/><W37/><G127/><T36/><D36/><U35/><E126/><V44/><F95/><W112/><G112/><T55/><AGARI ba="6,1" hai="6,8,15,51,55,57,66,67" m="39499,49239" machi="55" ten="30,2000,0" yaku="8,1,54,1" doraHai="132" who="0" fromWho="0" sc="67,48,304,-11,544,-11,75,-16" /><INIT seed="4,0,0,1,1,5" ten="115,293,533,59" oya="0" hai0="72,92,124,50,44,8,57,68,56,12,112,22,51" hai1="4,47,99,49,135,75,123,29,115,36,80,33,63" hai2="18,3,85,81,78,76,42,60,127,35,103,100,52" hai3="0,120,13,108,54,77,46,24,61,74,70,110,20"/><T69/><D72/><U91/><E36/><V89/><F35/><W134/><G0/><T106/><D106/><U102/><E123/><V82/><F42/><W17/><G120/><T107/><D107/><U86/><E115/><V67/><F3/><W15/><G134/><T23/><D112/><U117/><E135/><V25/><F127/><W53/><G74/><T118/><D118/><U84/><E117/><V130/><F52/><W11/><G77/><T94/><D124/><U1/><E75/><V111/><F130/><W41/><G54/><T6/><D69/><U126/><E126/><V116/><F111/><W16/><G53/><T39/><D68/><U88/><E63/><V32/><F78/><W105/><G105/><T30/><D39/><U10/><E29/><V83/><F83/><W45/><G45/><T98/><D51/><U58/><E58/><N who="0" m="22633" /><D30/><U38/><E33/><V48/><F48/><W114/><G114/><T104/><D104/><U62/><E62/><V64/><F32/><W26/><G110/><T7/><D7/><U101/><E38/><V90/><F60/><W14/><G108/><T133/><D133/><U27/><E27/><N who="3" m="10282" /><G70/><T113/><D113/><U66/><E66/><V31/><F116/><W19/><G61/><T109/><D109/><U95/><E99/><V79/><F31/><W28/><G28/><T132/><D132/><U59/><E59/><V129/><F67/><W9/><G20/><N who="0" m="7723" /><D98/><U131/><E131/><V125/><F125/><W97/><G97/><T37/><D37/><U87/><E87/><V73/><F129/><W2/><G2/><RYUUKYOKU ba="0,0" sc="115,10,293,10,533,-30,59,10" hai0="6,8,12,44,50,92,94" hai1="1,4,10,47,49,80,84,86,88,91,95,101,102" hai3="9,11,13,14,15,16,17,19,41,46" /><INIT seed="4,1,0,2,5,109" ten="125,303,503,69" oya="0" hai0="133,94,38,90,73,89,103,34,4,119,3,79,45" hai1="97,5,95,71,46,82,23,65,107,127,62,85,21" hai2="41,134,98,26,116,99,69,20,121,43,49,67,30" hai3="106,36,14,111,54,9,31,105,80,123,37,51,66"/><T78/><D119/><U7/><E107/><V70/><F121/><W118/><G111/><T40/><D34/><U83/><E127/><V92/><F134/><W113/><G123/><T61/><D133/><U11/><E46/><V52/><F69/><W88/><G118/><T64/><D103/><U114/><E114/><V17/><F98/><W120/><G120/><T18/><D73/><U128/><E83/><V27/><F67/><W104/><G31/><T132/><D90/><U135/><E135/><V75/><F70/><W47/><G66/><T68/><D132/><U35/><E35/><V55/><F55/><W101/><G101/><T44/><D18/><U126/><E126/><V102/><F75/><W32/><G32/><T10/><D10/><U59/><E71/><V117/><F117/><W72/><G113/><T96/><D4/><U60/><E62/><V124/><F124/><W28/><G28/><T16/><D3/><U22/><E11/><V0/><F0/><W74/><G74/><T39/><REACH who="0" step="1"/><D16/><REACH who="0" ten="115,303,503,69" step="2"/><U122/><E122/><V86/><F116/><W129/><G72/><T108/><D108/><U56/><E7/><V81/><F17/><N who="3" m="8399" /><G129/><T15/><D15/><U77/><E5/><V53/><F27/><W112/><G112/><T91/><D91/><N who="1" m="55551" /><E128/><V84/><F26/><W13/><G13/><T110/><D110/><U93/><E77/><V12/><F12/><W8/><G8/><T6/><D6/><U50/><E82/><V130/><F81/><W100/><G100/><T25/><D25/><U1/><E1/><V125/><F102/><W115/><G115/><RYUUKYOKU ba="1,1" sc="115,15,303,-15,503,-15,69,15" hai0="38,39,40,44,45,61,64,68,78,79,89,94,96" hai3="36,37,47,51,54,80,88,104,105,106" /><INIT seed="4,2,1,2,0,53" ten="130,288,488,84" oya="0" hai0="74,126,68,20,70,48,10,24,77,106,65,11,64" hai1="129,42,23,0,78,121,9,111,96,110,60,19,119" hai2="50,97,39,100,54,108,114,58,63,90,31,1,134" hai3="130,102,38,124,101,81,36,22,103,16,6,118,52"/><T71/><D106/><U49/><E119/><V30/><F1/><W132/><G118/><T72/><D126/><U116/><E116/><V113/><F39/><W135/><G6/><T35/><D35/><U92/><E121/><V112/><F134/><N who="3" m="51243" /><G124/><T128/><D128/><U89/><E129/><V12/><F108/><W115/><G130/><T32/><D32/><U94/><E92/><V8/><F90/><W93/><G115/><T122/><D122/><U21/><E78/><V82/><F82/><W98/><G81/><T105/><D105/><U26/><E60/><V75/><F75/><W66/><G66/><T25/><D48/><U69/><E69/><V79/><F79/><W34/><G34/><T87/><D87/><U7/><E42/><V117/><F63/><W83/><G83/><T109/><D109/><U57/><REACH who="1" step="1"/><E21/><REACH who="1" ten="130,278,488,84" step="2"/><V15/><F117/><W73/><G73/><N who="0" m="28267" /><D20/><U99/><E99/><V40/><F40/><W37/><G98/><T3/><D77/><U125/><E125/><V51/><F97/><W85/><G93/><T59/><D71/><U133/><E133/><V44/><F113/><W62/><G85/><T127/><D70/><U29/><E29/><V43/><F114/><W104/><G104/><T107/><D68/><U76/><E76/><V45/><F112/><W131/><G131/><T84/><D107/><U86/><E86/><V28/><F28/><W46/><G62/><T91/><D127/><U18/><E18/><V17/><F17/><W88/><G22/><T123/><D123/><U67/><E67/><V56/><F31/><W14/><G16/><RYUUKYOKU ba="2,2" sc="130,-10,278,30,488,-10,84,-10" hai1="0,7,9,19,23,26,49,57,89,94,96,110,111" /><INIT seed="5,3,2,5,0,90" ten="120,308,478,74" oya="1" hai0="36,125,69,6,50,18,79,100,101,28,94,133,14" hai1="60,65,132,41,51,45,37,134,99,89,84,9,116" hai2="85,122,56,44,63,43,92,123,83,91,62,120,110" hai3="61,39,111,126,31,71,135,117,13,11,77,82,53"/><U19/><E116/><V128/><F110/><W52/><G111/><T27/><D36/><U4/><E19/><V74/><F128/><W42/><G117/><T49/><D69/><U113/><E113/><V0/><F0/><W15/><G126/><T48/><D125/><U21/><E21/><V130/><F130/><W115/><G115/><T57/><D133/><N who="1" m="51307" /><E99/><V80/><F74/><W97/><G135/><T102/><D79/><U58/><E9/><V87/><F56/><W73/><G31/><T104/><D104/><U112/><E112/><V7/><F7/><W40/><G15/><T72/><D72/><U64/><E4/><V67/><F67/><W124/><G124/><T103/><D6/><U81/><E64/><V23/><F23/><W29/><G29/><T35/><D103/><U105/><E105/><V121/><F121/><W76/><G97/><T10/><REACH who="0" step="1"/><D57/><REACH who="0" ten="110,308,478,74" step="2"/><U59/><E58/><V66/><F122/><W8/><G77/><T20/><D20/><U88/><E89/><V95/><F91/><W38/><G39/><AGARI ba="3,3" hai="37,39,41,45,51,59,60,65,81,84,88" m="51307" machi="39" ten="30,2900,0" yaku="20,1,54,1" doraHai="90" who="1" fromWho="3" sc="110,0,308,68,478,0,74,-38" /><INIT seed="5,4,0,0,0,21" ten="110,376,478,36" oya="1" hai0="11,45,122,113,90,39,47,18,75,111,7,17,26" hai1="6,10,9,101,133,74,37,82,85,97,105,68,125" hai2="12,51,98,40,0,15,1,28,8,61,63,76,109" hai3="112,93,48,69,127,80,86,128,14,115,57,38,106"/><U108/><E68/><V126/><F109/><W117/><G69/><T83/><D111/><U123/><E108/><V24/><F76/><W121/><G38/><T33/><D113/><N who="3" m="43593" /><G106/><T103/><D103/><U114/><E114/><V91/><F12/><W102/><G121/><T36/><D122/><U81/><E123/><V59/><F0/><W30/><G117/><T95/><D83/><U71/><E71/><V55/><F1/><W13/><G127/><T120/><D75/><U96/><E125/><V56/><F40/><W67/><G128/><T88/><D120/><U60/><E37/><V42/><F42/><W35/><G35/><T46/><D17/><U34/><E34/><V73/><F73/><W89/><G30/><T2/><D90/><U118/><E74/><V87/><F98/><N who="3" m="59727" /><G67/><T135/><D135/><U79/><E133/><V54/><F51/><W104/><G104/><T107/><D107/><U72/><E72/><V44/><F44/><W22/><G22/><T130/><D130/><U58/><E105/><V99/><F99/><W78/><G78/><T66/><D66/><U25/><E118/><V27/><F28/><W62/><G62/><T84/><REACH who="0" step="1"/><D18/><REACH who="0" ten="100,376,478,36" step="2"/><U31/><E79/><V49/><F126/><W131/><G131/><T70/><D70/><U134/><E134/><V43/><F91/><W124/><G124/><T20/><D20/><U29/><E101/><V129/><F129/><W5/><G89/><T23/><D23/><U16/><E16/><N who="2" m="8295" /><F87/><W3/><G86/><T53/><D53/><U110/><E85/><V41/><F55/><N who="3" m="31975" /><G80/><N who="1" m="30826" /><E110/><V132/><F132/><RYUUKYOKU ba="4,1" sc="100,15,376,-15,478,-15,36,15" hai0="2,7,11,26,33,36,39,45,46,47,84,88,95" hai3="3,5,13,14" /><INIT seed="6,5,1,2,1,17" ten="115,361,463,51" oya="2" hai0="52,123,111,1,15,124,53,108,102,106,60,20,0" hai1="80,14,76,23,82,59,85,132,26,32,62,9,126" hai2="135,130,117,83,79,28,114,5,128,97,118,2,44" hai3="31,75,16,30,116,67,18,24,36,46,94,49,13"/><V109/><F28/><W45/><G75/><T110/><D123/><U63/><E32/><V34/><F34/><W33/><G116/><T70/><D124/><U96/><E126/><V105/><F44/><W40/><G67/><T120/><D120/><U27/><E132/><V68/><F5/><W89/><G31/><T113/><D113/><U66/><E96/><V101/><F2/><W93/><G18/><T21/><D106/><U8/><E14/><V56/><F68/><W35/><G35/><T6/><D102/><U11/><E63/><V107/><F56/><W129/><G89/><T86/><D70/><U50/><E50/><V41/><F41/><W104/><G104/><T103/><D103/><U61/><E62/><V112/><F107/><W125/><G125/><T74/><D74/><U12/><E80/><V84/><F109/><W92/><G129/><N who="2" m="49769" /><F135/><W38/><REACH who="3" step="1"/><G46/><REACH who="3" ten="115,361,463,41" step="2"/><T95/><D111/><U3/><E3/><V58/><F118/><W131/><G131/><T78/><D0/><U19/><AGARI ba="5,2" hai="8,9,11,12,19,23,26,27,59,61,66,76,82,85" machi="19" ten="30,4000,0" yaku="0,1,8,1,52,1" doraHai="17" who="1" fromWho="1" sc="115,-15,361,75,463,-25,41,-15" /><INIT seed="7,0,0,2,3,41" ten="100,436,438,26" oya="3" hai0="69,13,122,112,101,81,80,10,63,21,75,74,52" hai1="37,94,133,105,76,108,30,93,87,130,102,7,98" hai2="66,35,114,55,51,61,97,28,1,14,26,64,54" hai3="6,48,19,47,120,109,115,77,8,31,40,58,23"/><W72/><G120/><T100/><D122/><U124/><E108/><V99/><F1/><W103/><G109/><T123/><D123/><U132/><E130/><V107/><F114/><W96/><G115/><T59/><D80/><N who="1" m="47495" /><E37/><V90/><F66/><W27/><G58/><T36/><D21/><U68/><E68/><N who="2" m="41999" /><F14/><W85/><G72/><T0/><D13/><U86/><E124/><V116/><F116/><W131/><G131/><T46/><D63/><U84/><E7/><V126/><F126/><W118/><G118/><T38/><D59/><U25/><E86/><V34/><F34/><W12/><G85/><T29/><D100/><U104/><E84/><V4/><F4/><W65/><G65/><T71/><D29/><U11/><E11/><V15/><F15/><W42/><G77/><T67/><D52/><U3/><E3/><V88/><F99/><W134/><G134/><N who="1" m="51818" /><E94/><V117/><F117/><W127/><G127/><T2/><D101/><U18/><E18/><V9/><F9/><W113/><G113/><T45/><D71/><U78/><E78/><V57/><F55/><W49/><G6/><T125/><D81/><U53/><E53/><V128/><F128/><W62/><G62/><T119/><D36/><U95/><E95/><V56/><F56/><W110/><G110/><T17/><D112/><U89/><E89/><V43/><F43/><N who="3" m="24703" /><G49/><T82/><D67/><U91/><E91/><V73/><F73/><W111/><G111/><T135/><D74/><U129/><E129/><V106/><F90/><W20/><G8/><T70/><D75/><U24/><E24/><RYUUKYOKU ba="0,0" sc="100,-30,436,10,438,10,26,10" hai1="25,30,93,98,102,104,105" hai2="26,28,35,51,54,57,88,97,106,107" hai3="12,19,20,23,27,31,40,42,96,103" /><INIT seed="7,1,0,3,0,122" ten="70,446,448,36" oya="3" hai0="32,109,108,118,47,12,54,18,120,28,131,107,66" hai1="132,4,3,82,5,51,129,23,45,15,6,14,62" hai2="104,77,7,41,35,116,71,126,113,80,31,17,128" hai3="38,133,21,50,97,78,89,60,121,53,100,26,2"/><W119/><G121/><T42/><D120/><U91/><E129/><V69/><F116/><W8/><G38/><T130/><D118/><U43/><E132/><V102/><F17/><W34/><G119/><T101/><D66/><U52/><E3/><V58/><F58/><W20/><G133/><T9/><D54/><U124/><E124/><V81/><F81/><W30/><G78/><T114/><D101/><U33/><E33/><V103/><F103/><W92/><G60/><T110/><D107/><U40/><E62/><V74/><F126/><W98/><G2/><T10/><D47/><U95/><E82/><V117/><F117/><W105/><REACH who="3" step="1"/><G8/><REACH who="3" ten="70,446,448,26" step="2"/><N who="0" m="6407" /><D114/><U85/><E23/><V75/><F77/><W88/><G88/><T11/><D42/><AGARI ba="1,1" hai="4,5,6,14,15,40,42,43,45,51,52,85,91,95" machi="42" ten="40,2600,0" yaku="8,1,54,1" doraHai="122" who="1" fromWho="0" sc="70,-29,446,39,448,0,26,0" owari="41,-36.0,485,58.0,448,25.0,26,-47.0" /></mjloggm>