<mjloggm ver="2.3"><GO type="169" lobby="0"/><UN n0="%E9%BA%BB%E9%9B%80%E7%89%87%E6%83%B3%E3%81%84" n1="%7A%6B%75%72%74" n2="%79%6F%74%31%32%33" n3="%E3%82%A6%E3%83%AB%E3%83%88%E3%83%A9%E7%AB%8B%E7%9B%B4" dan="16,18,16,17" rate="2059.18,2188.39,2082.24,2210.82" sx="M,M,M,M"/><TAIKYOKU oya="0"/><INIT seed="0,0,0,2,4,24" ten="250,250,250,250" oya="0" hai0="52,49,125,23,12,14,0,42,34,51,63,131,38" hai1="98,54,69,70,61,100,35,97,112,103,67,135,116" hai2="55,7,109,110,132,59,124,115,11,104,99,89,72" hai3="120,8,25,130,66,28,81,1,37,40,30,122,82"/><T58/><D34/><U84/><E116/><V85/><F72/><W126/><G66/><T13/><D0/><U60/><E135/><V121/><F121/><N who="3" m="46699" /><G126/><T39/><D125/><U4/><E112/><V44/><F115/><W119/><G119/><T31/><D131/><U48/><E4/><V10/><F44/><N who="3" m="23567" /><G130/><T5/><D5/><U107/><E35/><V43/><F43/><W62/><G62/><T53/><D42/><U41/><E41/><V27/><F132/><W79/><G25/><N who="0" m="16831" /><D38/><U108/><E84/><V57/><F27/><W90/><G90/><T133/><D39/><U93/><E61/><V95/><F124/><W56/><G56/><N who="0" m="32799" /><D133/><U91/><E70/><V18/><F7/><N who="3" m="1135" /><G82/><T45/><D63/><U29/><E91/><V26/><F89/><W86/><AGARI ba="0,0" hai="28,30,79,81,86" m="1135,23567,46699" machi="86" ten="30,4000,0" yaku="13,1,52,2" doraHai="24" who="3" fromWho="3" sc="250,-20,250,-10,250,-10,250,40" /><INIT seed="1,0,0,5,1,122" ten="230,240,240,290" oya="1" hai0="117,1,53,3,9,99,14,6,36,7,116,49,67" hai1="73,129,108,88,78,77,101,48,71,23,52,18,90" hai2="61,83,56,41,15,128,44,60,95,76,96,132,118" hai3="19,55,13,58,110,20,39,64,69,27,130,65,68"/><U114/><E114/><V43/><F128/><W21/><G39/><T120/><D36/><U86/><E71/><V84/><F132/><W125/><G130/><T32/><D32/><U25/><E129/><V35/><F35/><W104/><G104/><T113/><D113/><U112/><E112/><V66/><F118/><W47/><G125/><T121/><D67/><U70/><E70/><V50/><F61/><W8/><G68/><T107/><D107/><U33/><E73/><V40/><REACH who="2" step="1"/><F15/><REACH who="2" ten="230,240,230,290" step="2"/><W82/><G13/><T127/><D117/><U126/><E33/><V30/><F30/><W87/><G69/><T133/><D116/><U16/><E126/><V5/><F5/><W26/><G19/><T28/><D7/><U134/><E134/><V45/><F45/><W135/><G47/><T17/><D28/><U2/><E2/><V105/><F105/><W109/><G135/><T59/><D1/><U51/><E18/><V91/><AGARI ba="0,1" hai="40,41,43,44,50,56,60,66,76,83,84,91,95,96" machi="91" ten="20,5200,0" yaku="1,1,0,1,7,1,8,1,53,0" doraHai="122" doraHaiUra="119" who="2" fromWho="2" sc="230,-13,240,-26,230,62,290,-13" /><INIT seed="2,0,0,0,0,69" ten="217,214,292,277" oya="2" hai0="132,36,47,119,56,52,74,124,31,86,108,118,48" hai1="23,42,79,57,83,111,96,10,46,68,91,1,131" hai2="100,35,104,64,38,82,63,106,18,28,21,44,9" hai3="126,37,105,20,120,116,98,85,129,114,93,117,92"/><V72/><F9/><W99/><G20/><T134/><D74/><U40/><E68/><N who="2" m="42015" /><F21/><W13/><G13/><T53/><D31/><U101/><E131/><V130/><F18/><W25/><G25/><T84/><D108/><U12/><E111/><V29/><F29/><W7/><G7/><T95/><D124/><U22/><E1/><V97/><F130/><W80/><G129/><T73/><D73/><U88/><E57/><V16/><F16/><W89/><G105/><T71/><D71/><U62/><E62/><V67/><F67/><W27/><G27/><T75/><D75/><U94/><E23/><V15/><F15/><W133/><G85/><N who="0" m="32875" /><D95/><U76/><E22/><V66/><F66/><W49/><G93/><T32/><D32/><U109/><E109/><V81/><F106/><W59/><G92/><T51/><D36/><U135/><E83/><V33/><F72/><W115/><G80/><T60/><D60/><U54/><E76/><V41/><F35/><W3/><G89/><N who="1" m="34378" /><E79/><V50/><F50/><W17/><G49/><T113/><D113/><U77/><E77/><V11/><F11/><W19/><G59/><T87/><N who="0" m="32883" /><T2/><DORA hai="125" /><D2/><U122/><E10/><V70/><F70/><W26/><G3/><T110/><D110/><U5/><E94/><V61/><F61/><W34/><G34/><T58/><D58/><U127/><E5/><V55/><F55/><W45/><G115/><T24/><D24/><AGARI ba="0,0" hai="24,28,33,38,41,44,81,82,97,100,104" m="42015" machi="24" ten="30,2900,0" yaku="25,1,52,1" doraHai="69,125" who="2" fromWho="0" sc="217,-29,214,0,292,29,277,0" /><INIT seed="2,1,0,1,2,119" ten="188,214,321,277" oya="2" hai0="132,65,92,38,11,115,1,74,61,102,58,103,130" hai1="76,105,32,25,80,12,62,75,44,30,55,131,21" hai2="37,63,86,51,5,71,85,29,100,101,47,66,35" hai3="97,125,0,114,46,24,36,33,94,34,19,7,39"/><V27/><F37/><W111/><G111/><T106/><D115/><U41/><E105/><V109/><F109/><W124/><G114/><T42/><D74/><U122/><E131/><V70/><F70/><W128/><G128/><T67/><D130/><U28/><E12/><V40/><F5/><W93/><G7/><T113/><D113/><U87/><E75/><V117/><F117/><W133/><G0/><T108/><D108/><U16/><E32/><V91/><REACH who="2" step="1"/><F85/><REACH who="2" ten="188,214,311,277" step="2"/><W2/><G39/><T60/><D38/><U13/><E25/><V73/><F73/><W72/><G24/><T112/><D112/><U68/><E68/><V48/><F48/><W3/><G36/><T18/><D61/><U90/><E30/><V64/><F64/><W17/><G72/><T81/><D65/><U77/><E28/><V123/><F123/><W9/><G124/><T84/><D84/><U59/><E122/><V116/><F116/><W43/><G125/><T10/><D60/><U69/><E69/><V8/><F8/><W99/><G9/><T14/><D11/><U53/><E53/><V26/><F26/><W121/><G121/><T88/><D10/><U118/><E118/><V110/><F110/><W23/><G2/><T96/><D1/><U89/><E77/><V126/><F126/><W79/><G3/><T15/><D67/><U50/><AGARI ba="1,1" hai="13,16,21,41,44,50,55,59,62,76,80,87,89,90" machi="50" ten="20,5200,0" yaku="0,1,7,1,8,1,54,1" doraHai="119" who="1" fromWho="1" sc="188,-14,214,65,311,-27,277,-14" /><INIT seed="3,0,0,0,5,103" ten="174,279,284,263" oya="3" hai0="1,129,71,44,5,2,113,28,114,19,52,135,128" hai1="37,23,51,7,74,99,12,18,36,88,105,56,131" hai2="30,133,4,46,21,85,27,77,107,70,49,54,73" hai3="84,8,41,31,89,106,14,64,76,9,62,80,43"/><W55/><G106/><T104/><D71/><U59/><E74/><V20/><F70/><W119/><G119/><T96/><D28/><U60/><E131/><N who="0" m="50249" /><D135/><U6/><E56/><V22/><F73/><W17/><G31/><T93/><D19/><U47/><E36/><V13/><F107/><W79/><G55/><T110/><D110/><U121/><E37/><V69/><F69/><W50/><G9/><T87/><D5/><U111/><E111/><V53/><F133/><W61/><G50/><N who="0" m="28743" /><D87/><U58/><E121/><V48/><F4/><W126/><G126/><T40/><D40/><N who="3" m="15433" /><G64/><T98/><D104/><U33/><E33/><V24/><F13/><W109/><G109/><T97/><D93/><N who="1" m="56743" /><E105/><V115/><F115/><AGARI ba="0,0" hai="1,2,96,97,98,113,114,115" m="28743,50249" machi="115" ten="40,5200,0" yaku="11,1,19,1,54,1" doraHai="103" who="0" fromWho="2" sc="174,52,279,0,284,-52,263,0" /><INIT seed="4,0,0,4,4,113" ten="226,279,232,263" oya="0" hai0="98,107,80,4,117,19,40,82,75,11,109,5,131" hai1="14,132,54,104,130,96,134,90,57,101,126,27,31" hai2="108,52,77,70,33,86,72,30,38,119,53,17,63" hai3="49,84,1,93,2,21,65,85,71,95,73,121,99"/><T0/><D131/><U89/><E130/><V74/><F38/><W16/><G73/><T61/><D117/><U97/><E14/><V112/><F108/><W100/><G121/><T41/><D109/><U116/><E126/><V24/><F112/><W55/><G71/><T3/><D61/><U28/><E116/><V135/><F86/><W18/><G65/><T88/><D19/><U60/><E31/><V8/><F135/><N who="1" m="51753" /><E97/><V114/><F114/><W115/><G115/><T20/><D20/><AGARI ba="0,0" hai="20,27,28,54,57,60,89,90,96,101,104" m="51753" machi="20" ten="30,1000,0" yaku="20,1" doraHai="113" who="1" fromWho="0" sc="226,-10,279,10,232,0,263,0" /><INIT seed="5,0,0,5,2,76" ten="216,289,232,263" oya="1" hai0="119,111,84,40,5,135,94,38,98,112,109,88,73" hai1="61,66,41,78,104,6,56,85,42,17,47,13,16" hai2="114,57,43,59,127,50,55,124,36,58,28,100,7" hai3="86,31,33,3,64,15,103,129,130,4,14,120,95"/><U83/><E104/><V107/><F28/><W116/><G120/><T19/><D119/><U71/><E71/><V11/><F107/><W99/><G64/><T81/><D112/><U49/><E42/><V106/><F106/><W102/><G102/><T44/><D135/><U77/><E77/><V52/><F100/><W105/><G116/><T75/><D5/><U30/><E30/><V39/><F11/><AGARI ba="0,0" hai="6,11,13,16,17,41,47,49,56,61,66,78,83,85" machi="11" ten="40,12000,1" yaku="25,2,8,1,52,1,54,1" doraHai="76" who="1" fromWho="2" sc="216,0,289,120,232,-120,263,0" /><INIT seed="5,1,0,0,1,135" ten="216,409,112,263" oya="1" hai0="21,33,83,108,49,13,112,82,57,125,99,130,103" hai1="84,101,91,92,51,109,40,98,85,107,41,28,44" hai2="65,62,119,6,43,16,121,111,116,15,56,95,36" hai3="127,88,133,50,38,53,77,5,131,117,24,113,81"/><U94/><E109/><V87/><F121/><W47/><G133/><T115/><D33/><U37/><E28/><V93/><F111/><W61/><G113/><T3/><D3/><U90/><E37/><V42/><F6/><W122/><G122/><T64/><D108/><U106/><E106/><V97/><F116/><W45/><G131/><T69/><D69/><U25/><E25/><V39/><F119/><W0/><G117/><T35/><D35/><U20/><E20/><V80/><F39/><W29/><G61/><T60/><D130/><U110/><E110/><V86/><F36/><W4/><G0/><T96/><D96/><U71/><E71/><V75/><F75/><W120/><G120/><T105/><D49/><U8/><E8/><V72/><F72/><W9/><G9/><T132/><D132/><U59/><E59/><V11/><F95/><W19/><G19/><N who="0" m="10479" /><D82/><U68/><E68/><V23/><F11/><W79/><G5/><T70/><D83/><U100/><E101/><V118/><F86/><N who="3" m="50255" /><G4/><T32/><D32/><U55/><AGARI ba="1,0" hai="40,41,44,51,55,84,85,90,91,92,94,98,100,107" machi="55" ten="20,3900,0" yaku="0,1,7,1,9,1" doraHai="135" who="1" fromWho="1" sc="216,-14,409,42,112,-14,263,-14" /><INIT seed="5,2,0,3,2,16" ten="202,451,98,249" oya="1" hai0="112,8,93,95,102,91,115,79,109,35,120,50,113" hai1="132,58,92,89,76,63,2,42,60,12,34,106,121" hai2="77,96,55,27,41,75,51,61,65,84,52,18,86" hai3="126,119,103,32,57,19,83,125,74,134,114,59,117"/><U37/><E2/><V49/><F75/><W26/><G103/><T67/><D109/><U122/><E106/><V56/><F96/><W47/><G47/><T123/><D35/><U72/><E34/><V5/><F5/><W85/><G74/><T80/><D67/><U4/><E132/><V13/><F27/><W22/><G32/><T7/><D50/><U30/><E30/><V1/><F1/><W33/><G33/><T68/><D68/><U88/><E63/><V100/><F100/><W54/><G134/><T62/><D62/><U90/><E92/><N who="0" m="35401" /><D91/><U6/><E42/><V111/><F111/><W3/><G3/><N who="0" m="127" /><D102/><U31/><E31/><V99/><F99/><W38/><G38/><T124/><D124/><N who="3" m="47721" /><G114/><T130/><D130/><U23/><E37/><V48/><F41/><W24/><G24/><T15/><D15/><U94/><E94/><V127/><F127/><W78/><G54/><N who="2" m="20521" /><F77/><W0/><G0/><T98/><D98/><U73/><E76/><V53/><N who="2" m="20529" /><V25/><DORA hai="11" /><F25/><W81/><G81/><T40/><D40/><U116/><E73/><AGARI ba="2,0" hai="73,79,80,112,113,115,120,123" m="127,35401" machi="73" ten="40,1300,0" yaku="15,1" doraHai="16,11" who="0" fromWho="1" sc="202,19,451,-19,98,0,249,0" /><INIT seed="6,0,0,1,4,34" ten="221,432,98,249" oya="2" hai0="52,122,14,58,109,3,126,107,82,80,101,9,44" hai1="89,125,90,57,134,16,65,98,84,21,123,32,132" hai2="60,28,81,104,108,7,43,135,19,39,15,2,25" hai3="10,49,35,111,30,56,86,51,27,129,102,69,74"/><V31/><F135/><W4/><G69/><T88/><D109/><U61/><E32/><V40/><F108/><W94/><G74/><T33/><D122/><U113/><E113/><V13/><F104/><W63/><G129/><T103/><D33/><U50/><E125/><V0/><F60/><W100/><G100/><N who="0" m="38475" /><D3/><N who="2" m="1066" /><F81/><W77/><G111/><T20/><D126/><U38/><E38/><V117/><F39/><W62/><G62/><N who="0" m="36167" /><D107/><U93/><E123/><V112/><F112/><W115/><G115/><T68/><D68/><U95/><E50/><V128/><F128/><W70/><G70/><T22/><D44/><U54/><E65/><V83/><F83/><N who="0" m="31786" /><D88/><U106/><E106/><V131/><F131/><W1/><G77/><T5/><AGARI ba="0,0" hai="5,9,14,20,22" m="31786,36167,38475" machi="5" ten="30,2000,0" yaku="8,1,54,1" doraHai="34" who="0" fromWho="0" sc="221,20,432,-5,98,-10,249,-5" /><INIT seed="7,0,0,4,3,13" ten="241,427,88,244" oya="3" hai0="4,58,55,18,65,70,108,106,22,63,134,103,126" hai1="32,26,84,20,94,47,49,81,17,101,15,87,23" hai2="104,60,71,119,112,5,38,102,96,110,76,127,130" hai3="57,51,43,29,75,44,54,31,73,79,42,78,121"/><W105/><G105/><T122/><D108/><U72/><E72/><V67/><F76/><W36/><G121/><T35/><D35/><U113/><E113/><V2/><F5/><W69/><G43/><T98/><D126/><U91/><E32/><V82/><F82/><W120/><G120/><T133/><D122/><U14/><E101/><V107/><F96/><W56/><G56/><T85/><D85/><U0/><E0/><V114/><F60/><W97/><G97/><T41/><D41/><N who="1" m="24815" /><E23/><V109/><F67/><W95/><G95/><T61/><REACH who="0" step="1"/><D4/><REACH who="0" ten="231,427,88,244" step="2"/><U16/><E17/><V6/><F6/><W116/><G116/><T83/><D83/><U48/><E48/><V7/><F7/><W128/><G128/><T66/><D66/><U12/><E84/><V28/><F102/><W39/><G39/><T8/><D8/><U30/><E30/><V10/><F10/><W40/><G40/><T9/><D9/><U111/><E111/><V123/><F28/><W118/><G118/><T117/><D117/><U24/><E24/><AGARI ba="0,1" hai="18,22,24,55,58,61,63,65,70,98,103,106,133,134" machi="24" ten="40,5200,0" yaku="1,1,52,1,53,1" doraHai="13" doraHaiUra="93" who="0" fromWho="1" sc="231,62,427,-52,88,0,244,0" owari="293,9.0,375,48.0,88,-41.0,244,-16.0" /></mjloggm>