<mjloggm ver="2.3"><GO type="41" lobby="0"/><UN n0="%E3%81%A1%E3%82%85%E3%81%A1%E3%82%85%EF%BC%95%EF%BC%91" n1="%E3%83%93%E3%82%B9%E3%82%AF%E3%83%89%E3%83%BC%E3%83%AB" n2="%4E%2E%4B%3B" n3="%E5%B0%B1%E6%B4%BB%E7%94%9F%40%E5%B7%9D%E6%9D%91%E8%BB%8D%E5%9B%A3" dan="14,15,14,14" rate="1928.39,2062.09,1926.30,1914.09" sx="M,F,M,M"/><TAIKYOKU oya="0"/><INIT seed="0,0,0,5,3,99" ten="250,250,250,250" oya="0" hai0="41,53,40,111,19,62,68,108,1,27,76,10,4" hai1="129,52,43,30,48,85,35,29,50,51,71,116,115" hai2="77,16,66,124,132,15,47,38,103,56,130,74,84" hai3="60,26,28,123,18,112,93,11,97,58,2,59,120"/><T87/><D76/><U39/><E71/><V89/><F130/><W46/><G112/><T126/><D126/><U6/><E116/><V17/><F124/><W3/><G46/><T33/><D87/><U121/><E121/><N who="3" m="46666" /><G18/><T72/><D72/><U57/><E115/><V23/><F74/><W98/><G98/><T122/><D122/><U106/><E106/><V110/><F77/><W25/><G25/><T7/><D7/><U88/><E129/><V92/><F132/><W70/><G70/><T31/><D19/><U73/><E73/><V34/><F34/><N who="3" m="20759" /><G11/><T61/><D61/><U67/><E67/><V12/><F110/><N who="0" m="42026" /><D53/><U131/><E131/><V36/><F38/><W80/><G80/><T90/><D90/><U49/><E6/><V0/><F0/><N who="3" m="43" /><G60/><T94/><D94/><U22/><E39/><V78/><F36/><W64/><G64/><AGARI ba="0,0" hai="1,4,10,27,31,33,40,41,62,64,68" m="42026" machi="64" ten="30,2900,0" yaku="14,1,10,1" doraHai="99" who="0" fromWho="3" sc="250,29,250,0,250,0,250,-29" /><INIT seed="0,1,0,0,4,55" ten="279,250,250,221" oya="0" hai0="18,52,42,23,0,69,119,82,3,67,134,64,131" hai1="29,112,24,91,12,27,60,100,115,128,25,90,107" hai2="129,44,15,17,110,89,21,111,39,45,40,92,85" hai3="68,35,121,6,9,117,105,62,73,36,94,79,76"/><T74/><D119/><U113/><E29/><V37/><REACH who="2" step="1"/><F129/><REACH who="2" ten="279,250,240,221" step="2"/><W28/><G117/><T81/><D131/><U14/><E128/><V19/><F19/><W41/><G121/><T130/><D130/><U26/><N who="1" m="6656" /><DORA hai="13" /><U33/><E33/><V7/><F7/><W51/><G28/><T1/><D134/><U63/><E107/><V78/><F78/><W22/><G105/><T103/><D74/><U16/><E100/><V66/><F66/><W43/><G79/><T109/><D103/><U84/><E84/><V86/><F86/><W83/><G35/><T4/><D4/><U108/><E108/><V97/><F97/><W53/><G76/><T75/><D109/><U2/><E2/><V54/><F54/><W102/><G53/><T34/><D75/><U65/><E65/><V49/><F49/><W38/><G51/><T72/><D72/><U101/><E101/><V132/><F132/><W46/><G102/><T126/><D34/><U87/><E87/><V32/><F32/><W88/><G73/><T95/><D64/><U80/><E80/><V104/><F104/><W71/><G83/><T77/><D81/><U10/><REACH who="1" step="1"/><E12/><REACH who="1" ten="279,240,240,221" step="2"/><V125/><F125/><W93/><G93/><T118/><D95/><U120/><E120/><V58/><F58/><W133/><G94/><T96/><D126/><U47/><E47/><V50/><F50/><W56/><G46/><T127/><D127/><U57/><E57/><V31/><F31/><W124/><G56/><T116/><D118/><U99/><E99/><V8/><F8/><W135/><G124/><T123/><D116/><RYUUKYOKU ba="1,2" sc="279,-15,240,15,240,15,221,-15" hai1="10,14,16,60,63,90,91,112,113,115" hai2="15,17,21,37,39,40,44,45,85,89,92,110,111" /><INIT seed="1,2,2,2,5,118" ten="264,255,255,206" oya="1" hai0="35,72,22,30,119,80,68,24,16,3,116,70,47" hai1="90,61,8,104,120,112,15,66,4,14,126,59,103" hai2="46,113,84,19,54,94,71,134,10,135,25,64,34" hai3="73,131,123,124,114,86,96,77,23,106,78,42,55"/><U26/><E112/><V101/><F113/><W6/><G114/><T93/><D47/><U62/><E126/><V28/><F71/><W92/><G106/><T109/><D93/><U63/><E104/><V88/><F64/><W49/><G124/><T51/><D51/><U21/><E103/><V74/><F74/><W132/><G73/><T130/><D130/><U125/><E125/><V33/><F101/><N who="3" m="60551" /><G131/><T82/><D109/><U50/><E120/><V127/><F127/><W0/><G132/><N who="2" m="50729" /><F10/><W133/><G123/><T67/><D67/><U40/><E15/><V48/><F19/><W18/><G0/><T99/><D99/><U12/><E12/><V32/><AGARI ba="2,2" hai="25,28,32,33,34,46,48,54,84,88,94" m="50729" machi="32" ten="30,2000,0" yaku="20,1,54,1" doraHai="118" who="2" fromWho="2" sc="264,-7,255,-12,255,46,206,-7" /><INIT seed="2,0,0,3,3,12" ten="257,243,301,199" oya="2" hai0="24,91,34,37,1,103,90,54,29,131,121,70,93" hai1="68,130,76,89,77,86,132,21,105,2,122,36,18" hai2="4,19,23,57,115,11,69,119,110,83,26,111,53" hai3="7,64,108,15,92,66,80,95,71,38,72,30,22"/><V43/><F119/><W123/><G123/><T56/><D121/><U58/><E68/><V52/><F115/><W120/><G120/><T60/><D131/><U102/><E2/><V126/><F69/><W16/><G108/><N who="2" m="41513" /><F126/><W50/><G38/><T25/><D37/><U125/><E122/><V104/><F104/><W31/><G7/><T81/><D1/><U114/><E114/><V116/><F116/><W75/><G71/><T98/><D70/><U65/><E36/><V113/><F113/><W118/><G118/><T49/><D24/><U107/><E125/><V17/><F43/><W97/><G75/><T55/><D81/><U78/><E130/><V67/><F83/><W109/><G109/><T63/><D49/><U8/><E8/><V59/><F59/><AGARI ba="0,0" hai="25,29,34,54,55,56,59,60,63,90,91,93,98,103" machi="59" ten="40,1300,0" yaku="9,1" doraHai="12" who="0" fromWho="2" sc="257,13,243,0,301,-13,199,0" /><INIT seed="3,0,0,0,5,70" ten="270,243,288,199" oya="3" hai0="1,20,132,25,91,76,75,94,45,105,18,104,121" hai1="116,22,28,101,52,30,14,54,50,39,8,97,58" hai2="51,53,77,10,120,115,6,102,103,15,42,133,7" hai3="23,107,99,37,93,123,112,66,61,96,88,82,0"/><W63/><G123/><T83/><D121/><U21/><E116/><V64/><F120/><W27/><G112/><T9/><D132/><U134/><E134/><V35/><F115/><W131/><G131/><T36/><D1/><U12/><E101/><V26/><F133/><W49/><G0/><T31/><D9/><U57/><E97/><V3/><F42/><W117/><G117/><T17/><D105/><U90/><E90/><V86/><F64/><W43/><G82/><T81/><D81/><U5/><E39/><V100/><F7/><W29/><G49/><T95/><D95/><U38/><E38/><V73/><F73/><W62/><G107/><T41/><REACH who="0" step="1"/><D104/><REACH who="0" ten="260,243,288,199" step="2"/><U92/><E92/><V110/><F110/><W24/><G99/><AGARI ba="0,1" hai="17,18,20,25,31,36,41,45,75,76,83,91,94,99" machi="99" ten="30,7700,0" yaku="1,1,2,1,7,1,52,1,53,0" doraHai="70" doraHaiUra="60" who="0" fromWho="3" sc="260,87,243,0,288,0,199,-77" /><INIT seed="4,0,0,4,3,65" ten="347,243,288,122" oya="0" hai0="79,26,73,87,44,85,68,27,52,113,30,109,66" hai1="33,120,122,20,31,126,5,40,107,90,108,32,130" hai2="43,16,118,70,60,74,11,123,25,93,53,121,1" hai3="80,92,110,55,42,22,38,64,133,61,117,49,19"/><T132/><D109/><U10/><E107/><V112/><F74/><W97/><G110/><T50/><D26/><U54/><E40/><V35/><F112/><W46/><G117/><T48/><D113/><U63/><E108/><V83/><F118/><W9/><G133/><T3/><D3/><U29/><E63/><V86/><F43/><W15/><G80/><T0/><D0/><U28/><E54/><V17/><F93/><W39/><G42/><T37/><D132/><U72/><E72/><V23/><F35/><W13/><G13/><T36/><D85/><U101/><E101/><V135/><F135/><W99/><G99/><T34/><D73/><U127/><E20/><V41/><F41/><W2/><G2/><T4/><D4/><U71/><E90/><V115/><F115/><W128/><G128/><T62/><REACH who="0" step="1"/><D48/><REACH who="0" ten="337,243,288,122" step="2"/><U129/><E32/><V134/><F1/><W103/><REACH who="3" step="1"/><G9/><REACH who="3" ten="337,243,288,112" step="2"/><T125/><D125/><U77/><E127/><V47/><F11/><W7/><G7/><T8/><D8/><U21/><E126/><V59/><F134/><W94/><G94/><T131/><D131/><U91/><E10/><V58/><F123/><W95/><G95/><T104/><D104/><U56/><E129/><V106/><F106/><W24/><G24/><T57/><D57/><AGARI ba="0,2" hai="15,19,22,38,39,46,49,55,57,61,64,92,97,103" machi="57" ten="30,3900,0" yaku="1,1,7,1,53,1" doraHai="65" doraHaiUra="96" who="3" fromWho="0" sc="337,-39,243,0,288,0,112,59" /><INIT seed="5,0,0,2,4,35" ten="298,243,288,171" oya="1" hai0="134,44,10,2,34,104,95,51,74,38,79,130,52" hai1="29,135,45,128,48,49,67,18,82,113,65,37,100" hai2="125,122,62,87,64,55,53,27,81,77,59,83,1" hai3="116,11,129,33,23,6,28,132,31,70,39,72,94"/><U3/><E100/><V61/><F122/><W88/><G72/><T26/><D134/><U7/><E29/><V96/><F125/><W126/><G70/><T93/><D130/><U50/><E18/><V19/><F1/><W22/><G39/><T57/><D104/><U127/><E127/><V119/><F119/><W133/><G116/><T99/><D34/><U66/><E128/><V98/><F53/><W105/><G105/><T14/><D26/><U111/><E135/><N who="3" m="51786" /><G129/><T117/><D117/><U109/><E82/><V75/><F19/><W12/><G126/><T42/><D14/><U123/><E123/><V30/><F81/><W68/><G68/><T124/><D99/><U0/><E7/><V9/><F9/><W16/><G33/><T4/><D124/><U20/><E20/><N who="3" m="7722" /><G6/><T17/><D17/><U36/><E45/><V97/><F75/><W91/><G91/><T25/><D25/><U92/><E92/><V32/><F98/><AGARI ba="0,0" hai="11,12,16,28,31,88,94,98" m="7722,51786" machi="98" ten="30,3900,0" yaku="20,1,54,2" doraHai="35" who="3" fromWho="2" sc="298,0,243,0,288,-39,171,39" /><INIT seed="6,0,0,5,4,34" ten="298,243,249,210" oya="2" hai0="78,123,128,134,97,105,130,72,110,100,5,27,10" hai1="79,74,53,46,70,111,29,104,121,116,14,113,85" hai2="6,118,18,115,7,63,12,48,71,75,23,122,108" hai3="20,98,61,83,8,39,37,91,54,80,133,120,43"/><V32/><F122/><W132/><G120/><T24/><D110/><U4/><E121/><V51/><F115/><W15/><G20/><T126/><D123/><U52/><E104/><V30/><F118/><W124/><G124/><T9/><D9/><U131/><E74/><V60/><F75/><W57/><G80/><T0/><D126/><U42/><E70/><V135/><F108/><W64/><G64/><T84/><D134/><N who="3" m="51817" /><G43/><T68/><D68/><U88/><E111/><V129/><F135/><W86/><G98/><T95/><D27/><U103/><E103/><V69/><F129/><W33/><G33/><T96/><D24/><U3/><E3/><V81/><F71/><W31/><G31/><T55/><D55/><U87/><E131/><V66/><F63/><W1/><G1/><T45/><D45/><U19/><E29/><V117/><F117/><W44/><G44/><T114/><D114/><U17/><E4/><AGARI ba="0,0" hai="4,8,15,37,39,54,57,61,83,86,91" m="51817" machi="4" ten="30,1000,0" yaku="20,1" doraHai="34" who="3" fromWho="1" sc="298,0,243,-10,249,0,210,10" /><INIT seed="7,0,0,2,0,11" ten="298,233,249,220" oya="3" hai0="124,96,66,24,30,44,60,48,58,106,77,19,83" hai1="71,132,28,9,87,86,38,13,78,35,122,82,29" hai2="76,99,98,100,49,81,69,21,57,97,39,94,95" hai3="54,17,119,72,131,23,103,113,105,107,51,116,2"/><W93/><G72/><T120/><D120/><U135/><E71/><V14/><F39/><W37/><G2/><T36/><D36/><U20/><E38/><V85/><F69/><W109/><G37/><T33/><D124/><U53/><E122/><V104/><F104/><W102/><G109/><T61/><D61/><U0/><E35/><V32/><F32/><W7/><G7/><T134/><D134/><N who="1" m="51243" /><E0/><V31/><F31/><N who="1" m="11849" /><E20/><V47/><F57/><W92/><G131/><T67/><D19/><N who="1" m="8623" /><E53/><N who="2" m="29887" /><F100/><N who="3" m="38443" /><G113/><T22/><D96/><U27/><E27/><V115/><F115/><W117/><G107/><T65/><D106/><U88/><E86/><V26/><F26/><N who="3" m="14703" /><G105/><T79/><D33/><U1/><E1/><V12/><F21/><W129/><G129/><T45/><D45/><U89/><AGARI ba="0,0" hai="78,82,87,88,89" m="8623,11849,51243" machi="89" ten="30,4000,0" yaku="20,1,52,1,54,1" doraHai="11" who="1" fromWho="1" sc="298,-10,233,40,249,-10,220,-20" /><INIT seed="8,0,0,3,3,6" ten="288,273,239,200" oya="0" hai0="84,40,2,56,132,44,78,22,99,52,123,61,14" hai1="7,119,30,134,55,9,115,95,57,27,112,8,105" hai2="129,45,130,11,66,126,82,3,73,91,100,111,32" hai3="64,25,125,43,1,71,4,49,60,68,18,38,121"/><T109/><D123/><U65/><E105/><V94/><F32/><W117/><G117/><T51/><D132/><U101/><E7/><N who="2" m="1535" /><F111/><W90/><G71/><T21/><D2/><U108/><E119/><V46/><F100/><W110/><G110/><T127/><D127/><U53/><E108/><V85/><F66/><W13/><G121/><T77/><D109/><U20/><E134/><V33/><F33/><W107/><G107/><T26/><D99/><N who="1" m="59647" /><E65/><V59/><F59/><W70/><G125/><T48/><D48/><N who="1" m="30887" /><E55/><V63/><F63/><W83/><G70/><T103/><D103/><U23/><E23/><V35/><F35/><W116/><G116/><T133/><D133/><U47/><E47/><V89/><F73/><W10/><G38/><T131/><D131/><N who="2" m="50186" /><F126/><W39/><G39/><T31/><D84/><AGARI ba="0,0" hai="45,46,82,84,85,89,91,94" m="50186,1535" machi="84" ten="30,2000,0" yaku="19,1,52,1" doraHai="6" who="2" fromWho="0" sc="288,-20,273,0,239,20,200,0" /><INIT seed="9,0,0,5,3,26" ten="268,273,259,200" oya="1" hai0="5,10,104,99,0,128,112,71,67,61,63,25,115" hai1="92,49,133,130,97,6,48,125,84,20,77,73,3" hai2="34,53,37,94,65,46,59,131,36,28,132,66,126" hai3="96,123,82,98,116,19,101,68,35,27,109,74,81"/><U1/><E73/><V122/><F122/><W33/><G109/><T38/><D128/><U91/><E130/><V7/><F131/><W58/><G123/><T57/><D38/><U41/><E133/><V79/><F132/><W39/><G68/><T78/><D78/><U88/><E125/><V111/><F111/><W72/><G39/><T89/><D25/><U64/><E64/><V121/><F126/><W50/><G116/><T129/><D129/><U103/><E1/><V69/><F121/><W107/><G19/><T12/><D12/><U22/><E3/><V52/><F79/><W8/><G8/><T29/><D29/><U90/><E6/><V135/><F135/><W17/><G17/><T62/><D62/><U117/><E117/><V108/><F108/><W106/><G27/><T11/><D11/><U23/><E41/><V56/><F7/><W80/><G58/><T95/><REACH who="0" step="1"/><D104/><REACH who="0" ten="258,273,259,200" step="2"/><N who="3" m="39977" /><G50/><N who="1" m="19562" /><E77/><V40/><F36/><W124/><G124/><T120/><D120/><U100/><E100/><V54/><F37/><W76/><G35/><T75/><D75/><N who="3" m="28713" /><G33/><T60/><D60/><U134/><E134/><V93/><F34/><W13/><G13/><T83/><D83/><AGARI ba="0,1" hai="20,22,23,83,84,88,90,91,92,97,103" m="19562" machi="83" ten="30,2900,0" yaku="8,1,54,1" doraHai="26" who="1" fromWho="0" sc="258,-29,273,39,259,0,200,0" owari="229,-17.0,312,41.0,259,6.0,200,-30.0" /></mjloggm>