<mjloggm ver="2.3"><GO type="169" lobby="0"/><UN n0="%41%6D%69%63%68%61%6E" n1="%72%75%6C%79%30%32%30%38" n2="%E3%82%A6%E3%83%AB%E3%83%88%E3%83%A9%E7%AB%8B%E7%9B%B4" n3="%E2%98%86%EF%BC%B2%EF%BC%8E%EF%BC%A4%EF%BC%8E%E2%98%85" dan="16,16,17,16" rate="2001.07,2055.79,2155.16,2082.47" sx="F,M,M,M"/><TAIKYOKU oya="0"/><INIT seed="0,0,0,4,0,80" ten="250,250,250,250" oya="0" hai0="42,105,98,60,128,114,71,101,45,91,18,135,36" hai1="48,50,72,64,11,10,92,43,12,121,67,76,34" hai2="66,27,125,33,41,19,65,9,110,30,26,56,131" hai3="20,111,102,107,1,83,90,40,23,100,29,81,115"/><T134/><D114/><U5/><E34/><V116/><F110/><W6/><G111/><T49/><D18/><U85/><E121/><V14/><F125/><W55/><G115/><T53/><D128/><U117/><E72/><V52/><F131/><W118/><G118/><T129/><D129/><U28/><E117/><V95/><F116/><W0/><G40/><T69/><D91/><N who="1" m="53359" /><E76/><V7/><F41/><W99/><G55/><T21/><D21/><U31/><E11/><V38/><F38/><W122/><G122/><T35/><D35/><U22/><E50/><V59/><F59/><W126/><G126/><T51/><D60/><U112/><E112/><V87/><F27/><W68/><G68/><T127/><D127/><U61/><E61/><V78/><F7/><W120/><G6/><T63/><D63/><U25/><E31/><V24/><F24/><W123/><G29/><T74/><D74/><U8/><E8/><V79/><F79/><W93/><G107/><T106/><D106/><U15/><E15/><V96/><F78/><W86/><G123/><T97/><D97/><U58/><E58/><V3/><F3/><W39/><G120/><T130/><D130/><U82/><E82/><N who="3" m="31242" /><G39/><T89/><D36/><U73/><E73/><V94/><F96/><N who="3" m="59407" /><G0/><T17/><D71/><U57/><E57/><V75/><F75/><W54/><G1/><T132/><D69/><U37/><E37/><V4/><F4/><W113/><G113/><T84/><D17/><U2/><E2/><V88/><F95/><N who="3" m="58751" /><G54/><T46/><D135/><U103/><E103/><V16/><F19/><RYUUKYOKU ba="0,0" sc="250,0,250,0,250,0,250,0" hai0="42,45,46,49,51,53,84,89,98,101,105,132,134" hai1="5,10,12,22,25,28,43,48,64,67" hai2="9,14,16,26,30,33,52,56,65,66,87,88,94" hai3="20,23,86,90" /><INIT seed="0,1,0,0,1,82" ten="250,250,250,250" oya="0" hai0="98,86,92,4,102,31,48,70,122,42,111,25,40" hai1="9,58,41,110,23,90,28,6,21,114,8,43,35" hai2="76,65,130,83,72,121,107,33,75,14,120,131,73" hai3="15,12,49,87,69,27,3,0,61,78,11,16,50"/><T52/><D70/><U54/><E110/><V116/><F14/><W68/><G27/><T132/><D132/><U38/><E114/><V74/><F65/><W56/><G0/><T125/><D111/><U7/><E35/><V59/><F59/><W53/><G3/><T2/><D125/><U119/><E119/><V97/><F33/><W105/><G105/><T91/><D122/><N who="2" m="47210" /><F116/><W34/><G34/><T96/><D4/><U99/><E28/><V85/><N who="2" m="18432" /><DORA hai="106" /><V95/><F107/><W124/><G124/><T129/><D2/><U112/><E58/><V1/><F1/><W118/><G118/><T81/><D98/><U117/><E99/><V55/><F55/><W101/><G69/><T79/><D129/><U135/><E54/><V64/><F64/><W89/><G68/><T60/><D60/><U127/><E117/><V32/><F32/><W29/><G12/><T66/><D66/><U103/><E127/><V45/><F45/><W5/><G61/><T39/><D102/><AGARI ba="1,0" hai="76,83,85,95,97,102,130,131" m="18432,47210" machi="102" ten="60,12000,2" yaku="34,2,52,5" doraHai="82,106" who="2" fromWho="0" sc="250,-123,250,0,250,123,250,0" /><INIT seed="1,0,0,0,5,113" ten="127,250,373,250" oya="1" hai0="14,42,16,90,64,31,73,54,112,60,131,126,85" hai1="102,66,17,1,101,93,114,97,89,81,135,4,18" hai2="39,72,70,130,15,52,44,116,10,77,95,3,61" hai3="55,34,132,69,50,22,49,40,0,29,5,76,51"/><U27/><E135/><V43/><F116/><W107/><G34/><T19/><D73/><U57/><E114/><V111/><F111/><W125/><G132/><T109/><D112/><U46/><E1/><V28/><F28/><W21/><G69/><T104/><D104/><U105/><E4/><V20/><F20/><W92/><G107/><T82/><D109/><U110/><E110/><V32/><F32/><W127/><G76/><T83/><D31/><U30/><E102/><V9/><F9/><N who="3" m="2215" /><G40/><T79/><D131/><U88/><E46/><V100/><F95/><W87/><G29/><T33/><D33/><U48/><E81/><N who="2" m="45223" /><F100/><W118/><G118/><T37/><D42/><U63/><E48/><N who="3" m="18538" /><G87/><N who="0" m="48607" /><D37/><U96/><REACH who="1" step="1"/><E89/><REACH who="1" ten="127,240,373,250" step="2"/><V129/><F3/><W2/><G2/><T123/><D90/><U47/><E47/><V41/><F44/><W106/><G51/><T38/><D83/><U78/><E78/><V115/><F115/><W59/><G92/><T45/><D38/><U86/><E86/><V25/><F39/><W117/><G106/><T26/><D85/><U74/><E74/><V128/><F43/><W133/><G133/><T13/><D45/><U53/><E53/><V134/><F41/><W24/><G55/><T36/><D54/><U7/><E7/><N who="2" m="3551" /><F134/><W58/><G125/><T8/><D126/><U75/><E75/><V6/><F6/><W62/><G127/><T84/><D36/><U12/><E12/><V120/><F52/><W71/><G62/><T121/><D84/><U98/><E98/><V94/><F129/><W108/><G108/><T103/><D103/><RYUUKYOKU ba="0,1" sc="127,-10,240,30,373,-10,250,-10" hai1="17,18,27,30,57,63,66,88,93,96,97,101,105" /><INIT seed="1,1,1,5,1,41" ten="117,270,363,240" oya="1" hai0="109,40,122,45,60,34,130,53,14,44,50,61,89" hai1="93,22,104,3,12,117,123,96,36,84,47,135,49" hai2="118,94,35,46,25,70,69,16,58,9,66,91,108" hai3="116,102,125,64,33,90,128,83,59,74,78,97,87"/><U106/><E3/><V115/><F118/><W38/><G33/><T5/><D34/><U37/><E117/><V80/><F80/><W7/><G116/><T63/><D130/><U127/><E123/><V67/><F67/><W27/><G38/><T71/><D122/><U121/><E121/><V86/><F108/><W107/><G7/><T42/><D89/><U31/><E135/><V2/><F2/><W43/><G43/><N who="0" m="16427" /><D109/><U88/><E127/><V62/><F46/><N who="0" m="18026" /><D5/><U48/><E36/><V8/><F115/><W15/><G90/><T131/><D14/><U23/><E37/><V39/><F70/><W10/><G15/><T56/><D131/><U51/><E106/><V114/><F69/><AGARI ba="1,1" hai="50,53,56,60,61,63,69,71" m="18026,16427" machi="69" ten="30,16000,3" yaku="35,5,52,3" doraHai="41" who="0" fromWho="2" sc="117,173,270,0,363,-163,240,0" /><INIT seed="2,0,0,1,5,89" ten="290,270,200,240" oya="2" hai0="124,38,26,84,119,92,54,132,52,121,115,74,31" hai1="12,79,21,113,111,80,5,16,131,109,135,62,8" hai2="127,37,3,125,133,0,67,76,118,128,116,55,69" hai3="66,14,98,23,27,88,94,43,45,2,106,86,33"/><V64/><F37/><W17/><G2/><N who="2" m="553" /><F76/><W126/><G126/><N who="2" m="48137" /><F55/><W13/><G33/><T34/><D74/><U1/><E113/><V4/><F4/><W15/><G66/><N who="2" m="25129" /><F69/><W39/><REACH who="3" step="1"/><G106/><REACH who="3" ten="290,270,200,230" step="2"/><T134/><D124/><U10/><E131/><V51/><F51/><W59/><G59/><T57/><D38/><U22/><E135/><V99/><F133/><W129/><G129/><T18/><D57/><U19/><E62/><V114/><F128/><W87/><AGARI ba="0,1" hai="13,14,15,17,23,27,39,43,45,86,87,88,94,98" machi="87" ten="30,7900,0" yaku="1,1,0,1,52,1,54,1,53,0" doraHai="89" doraHaiUra="130" who="3" fromWho="3" sc="290,-20,270,-20,200,-39,230,89" /><INIT seed="3,0,0,3,3,112" ten="270,250,161,319" oya="3" hai0="71,131,85,9,28,115,47,105,33,29,99,24,126" hai1="38,107,125,120,6,23,62,93,118,97,50,63,77" hai2="26,132,12,40,83,36,10,15,101,116,41,89,95" hai3="8,5,66,42,46,110,56,119,117,45,86,111,64"/><W73/><G73/><T0/><D115/><U53/><E38/><V1/><F1/><N who="3" m="47" /><G86/><T104/><D47/><N who="3" m="17929" /><G42/><N who="2" m="16489" /><F132/><W82/><G82/><T122/><D29/><U68/><E107/><V113/><F116/><N who="3" m="44619" /><G56/><T49/><D85/><U109/><E118/><V32/><F113/><W60/><G60/><T20/><D49/><U100/><E50/><V134/><F36/><W102/><G102/><T81/><D71/><U17/><E100/><V128/><F134/><W88/><G88/><T127/><D99/><U94/><E63/><V87/><F26/><W90/><G90/><T54/><D54/><U44/><E62/><V72/><F32/><W27/><G27/><T108/><D24/><U61/><E61/><V75/><F75/><W58/><G58/><T91/><D33/><U129/><E44/><V18/><F15/><W34/><G34/><T16/><D91/><U55/><E120/><V21/><F10/><W79/><G79/><T43/><D81/><U13/><E77/><N who="2" m="44455" /><F101/><W98/><G98/><T123/><D9/><U96/><E97/><V59/><F59/><W74/><G74/><T80/><D80/><U25/><E96/><V135/><F135/><W30/><G30/><T3/><D28/><U22/><E25/><V124/><F87/><W48/><G48/><T7/><D104/><U4/><E93/><V114/><F95/><W2/><G2/><T52/><D105/><U37/><E94/><V67/><F114/><W65/><G65/><T130/><D43/><U78/><E78/><V31/><F67/><W57/><G57/><T121/><D52/><U19/><E37/><RYUUKYOKU ba="0,0" sc="270,-10,250,-10,161,-10,319,30" hai3="64,66,110,111" /><INIT seed="3,1,0,4,2,59" ten="260,240,151,349" oya="3" hai0="23,60,70,10,102,83,132,122,6,101,68,17,50" hai1="85,105,116,45,57,111,37,127,13,35,8,53,44" hai2="100,95,19,55,1,7,98,43,88,74,96,89,18" hai3="56,126,97,134,120,0,106,72,125,112,20,118,131"/><W84/><RYUUKYOKU type="yao9" ba="1,0" sc="260,0,240,0,151,0,349,0" hai3="0,20,56,72,84,97,106,112,118,120,125,126,131,134" /><INIT seed="3,2,0,4,5,33" ten="260,240,151,349" oya="3" hai0="119,10,49,7,50,2,16,81,134,114,135,54,1" hai1="14,108,47,70,102,34,22,58,91,6,27,78,28" hai2="55,26,113,98,132,67,104,130,53,106,39,79,68" hai3="38,48,125,43,24,30,52,31,84,62,3,56,37"/><W107/><G107/><T103/><BYE who="2" /><D119/><U41/><E70/><V71/><F71/><W86/><G3/><N who="0" m="383" /><D103/><UN n2="%E3%82%A6%E3%83%AB%E3%83%88%E3%83%A9%E7%AB%8B%E7%9B%B4" /><U66/><E108/><V23/><F68/><W46/><G125/><T18/><D81/><U8/><E102/><V60/><F39/><W105/><G105/><T110/><D50/><U122/><E122/><V73/><F55/><W101/><G101/><T35/><D35/><U80/><E91/><V13/><F53/><W124/><G124/><T65/><D65/><U85/><E58/><V93/><F60/><W11/><G11/><T77/><D77/><U32/><REACH who="1" step="1"/><E66/><REACH who="1" ten="260,230,151,349" step="2"/><V59/><F67/><W88/><G88/><T17/><D110/><U44/><E44/><V61/><F59/><W76/><G56/><N who="0" m="32847" /><D114/><U82/><E82/><V92/><F113/><W133/><G46/><T117/><D117/><U94/><E94/><V25/><F93/><W111/><G111/><T100/><D100/><U120/><E120/><V83/><F92/><W123/><G123/><T128/><D128/><U42/><E42/><V121/><F83/><W115/><G43/><T131/><D131/><U116/><E116/><V129/><F130/><W69/><G115/><T57/><D57/><U20/><E20/><V19/><F23/><W118/><G69/><T109/><D109/><U90/><E90/><V63/><F129/><W74/><G118/><T127/><D127/><U112/><E112/><V96/><F106/><W51/><G76/><T15/><D15/><U21/><E21/><N who="2" m="11503" /><F104/><W72/><G24/><T36/><D36/><AGARI ba="2,1" hai="6,8,14,22,27,28,32,34,36,41,47,78,80,85" machi="36" ten="30,2000,0" yaku="1,1,7,1,53,0" doraHai="33" doraHaiUra="64" who="1" fromWho="0" sc="260,-26,230,36,151,0,349,0" /><INIT seed="4,0,0,1,3,8" ten="234,266,151,349" oya="0" hai0="16,54,87,67,117,34,42,30,121,4,40,57,93" hai1="123,100,56,70,96,7,46,125,2,26,111,119,48" hai2="1,41,128,55,91,45,135,101,33,58,105,124,71" hai3="12,64,99,122,118,116,37,3,68,28,133,81,32"/><T126/><D121/><U69/><E123/><V112/><F33/><W86/><G86/><T107/><BYE who="3" /><D107/><UN n3="%E2%98%86%EF%BC%B2%EF%BC%8E%EF%BC%A4%EF%BC%8E%E2%98%85" /><U17/><E111/><V113/><F1/><W83/><G3/><T63/><D117/><U44/><E119/><V84/><F71/><W104/><G122/><T60/><D4/><U130/><E44/><V134/><F105/><W14/><G37/><T35/><D126/><U66/><E66/><V76/><F101/><N who="3" m="62527" /><G133/><N who="2" m="50697" /><F76/><W90/><G90/><T98/><D87/><U52/><E7/><V132/><N who="2" m="50705" /><V23/><DORA hai="36" /><F23/><W10/><G83/><T88/><D35/><U131/><E2/><V73/><F73/><W78/><G10/><T106/><D34/><U20/><E125/><V127/><F128/><N who="1" m="49193" /><E56/><V0/><F0/><W97/><G68/><T108/><D108/><U61/><E61/><N who="2" m="36063" /><F124/><W74/><G32/><T120/><D106/><AGARI ba="0,0" hai="17,20,26,46,48,52,69,70,96,100,106" m="49193" machi="106" ten="30,2000,0" yaku="19,1,54,1" doraHai="8,36" who="1" fromWho="0" sc="234,-20,266,20,151,0,349,0" /><INIT seed="5,0,0,1,5,32" ten="214,286,151,349" oya="1" hai0="5,42,87,121,110,77,12,41,39,10,70,118,45" hai1="106,97,50,101,98,68,99,94,58,56,61,78,52" hai2="23,107,43,35,27,7,71,84,69,76,131,95,62" hai3="54,21,8,63,112,86,85,96,22,1,40,11,49"/><U13/><E78/><V2/><F107/><W4/><G112/><T18/><D118/><U124/><E124/><V79/><F35/><W3/><G96/><T100/><D110/><U20/><E68/><V29/><F131/><W117/><G117/><T111/><D70/><U115/><E115/><V92/><F43/><W73/><G73/><T38/><D121/><U114/><E114/><V17/><F71/><W6/><G63/><T104/><D111/><U33/><E33/><V120/><F120/><W127/><G40/><T81/><D100/><U103/><E98/><V102/><F102/><W19/><G127/><T65/><D65/><U0/><E0/><V15/><F62/><W36/><G36/><T48/><D104/><U126/><E126/><V113/><F69/><W119/><G119/><T132/><D132/><U130/><E130/><V53/><F53/><W60/><G60/><T133/><D133/><U37/><E37/><V129/><F113/><W75/><G75/><T83/><D42/><U91/><E103/><V51/><F51/><W46/><G21/><T24/><D83/><U47/><REACH who="1" step="1"/><E61/><REACH who="1" ten="214,276,151,349" step="2"/><V64/><F79/><W31/><G31/><T55/><D39/><U16/><AGARI ba="0,1" hai="13,16,20,47,50,52,56,58,91,94,97,99,101,106" machi="16" ten="30,12000,1" yaku="1,1,2,1,0,1,54,2,53,0" doraHai="32" doraHaiUra="109" who="1" fromWho="1" sc="214,-40,276,130,151,-40,349,-40" /><INIT seed="5,1,0,0,5,13" ten="174,406,111,309" oya="1" hai0="104,88,22,21,46,28,112,16,126,38,9,29,71" hai1="6,19,87,64,45,11,63,83,82,134,84,15,113" hai2="25,68,57,61,105,59,93,30,41,2,80,66,42" hai3="133,76,5,75,32,128,101,34,48,127,122,114,58"/><U62/><E134/><V91/><F105/><W65/><G122/><T119/><D71/><U36/><E113/><V8/><F80/><W10/><G114/><T49/><D104/><U18/><E36/><V73/><F73/><W20/><G133/><T131/><D119/><U130/><E45/><V125/><F125/><W92/><G127/><T27/><D38/><U23/><E130/><V44/><F8/><W98/><G128/><T1/><D131/><U97/><E97/><V33/><F2/><W52/><G65/><T132/><D126/><U47/><E47/><V56/><REACH who="2" step="1"/><F44/><REACH who="2" ten="174,406,101,309" step="2"/><W67/><G75/><T74/><D74/><U135/><E83/><V107/><F107/><W53/><G10/><T43/><D132/><U12/><E82/><V120/><F120/><W14/><G92/><T55/><D112/><U51/><E135/><V124/><F124/><W121/><G121/><T117/><D117/><U26/><E51/><V39/><F39/><W115/><G48/><N who="0" m="26719" /><D1/><U100/><E62/><V50/><F50/><W17/><G115/><T86/><D9/><U78/><E11/><V108/><F108/><W102/><G76/><T85/><D22/><U129/><E78/><V31/><F31/><N who="0" m="11850" /><D88/><U4/><E23/><V35/><F35/><W7/><G20/><T116/><D116/><U40/><E129/><V118/><F118/><W96/><G32/><T110/><D110/><U0/><E0/><V3/><F3/><W109/><G34/><T89/><D89/><U54/><E63/><V81/><F81/><W70/><G109/><T99/><D49/><U72/><E72/><RYUUKYOKU ba="1,1" sc="174,-10,406,-10,101,30,309,-10" hai2="25,30,33,41,42,56,57,59,61,66,68,91,93" /><INIT seed="6,2,1,2,5,72" ten="164,396,131,299" oya="2" hai0="33,69,75,126,91,99,49,118,34,114,51,15,10" hai1="135,32,5,46,80,119,11,90,76,61,44,106,67" hai2="131,107,29,60,1,77,113,16,3,40,47,13,81" hai3="57,35,108,7,41,6,58,8,52,123,56,18,54"/><V101/><F131/><W79/><G108/><T89/><D75/><U92/><E32/><V109/><F113/><W122/><G35/><T2/><D69/><U105/><E46/><V12/><F109/><W21/><G41/><T28/><D2/><U116/><E135/><V53/><F29/><W0/><G79/><T42/><D114/><U73/><E44/><V20/><F107/><W36/><G36/><T30/><D34/><U59/><E106/><V127/><F127/><W65/><G6/><T24/><D126/><U98/><E105/><V17/><F101/><W45/><G65/><T117/><D30/><U43/><E43/><V102/><F102/><W83/><G83/><T111/><D111/><U100/><E90/><N who="0" m="34313" /><D99/><U96/><E96/><V130/><F130/><W63/><G45/><T27/><D27/><U48/><E48/><N who="2" m="26727" /><F3/><AGARI ba="2,1" hai="3,5,11,59,61,67,73,76,80,92,98,100,116,119" machi="3" ten="30,2000,0" yaku="7,1,52,1" doraHai="72" who="1" fromWho="2" sc="164,0,396,36,131,-26,299,0" /><INIT seed="7,0,0,2,5,104" ten="164,432,105,299" oya="3" hai0="81,32,23,52,19,48,129,74,44,125,43,55,83" hai1="88,46,96,131,54,69,13,0,53,51,34,94,7" hai2="128,78,40,26,65,62,70,106,64,114,110,99,123" hai3="12,108,42,11,5,36,77,86,87,91,31,2,15"/><W72/><G108/><T58/><D129/><U113/><E34/><V117/><F117/><W112/><G31/><T100/><D125/><U105/><E69/><V8/><F110/><W71/><G71/><T33/><D100/><U121/><E131/><V102/><F123/><W17/><G112/><T28/><D28/><U22/><E0/><V41/><F114/><W39/><G39/><T25/><D55/><U24/><E105/><V9/><F128/><W75/><G75/><T66/><D66/><U103/><E113/><V85/><F64/><W118/><G118/><T122/><D122/><U16/><E121/><V47/><F41/><W29/><G29/><T35/><REACH who="0" step="1"/><D74/><REACH who="0" ten="154,432,105,299" step="2"/><U97/><E54/><V6/><F6/><W93/><G72/><T45/><D45/><U119/><E119/><V92/><F26/><W59/><G5/><T115/><D115/><U109/><E103/><V82/><REACH who="2" step="1"/><F106/><REACH who="2" ten="154,432,95,299" step="2"/><W80/><G42/><T90/><D90/><U73/><E109/><V14/><F14/><W1/><G91/><T67/><D67/><U135/><E88/><V134/><F134/><W38/><G12/><T4/><D4/><U101/><E135/><V61/><F61/><AGARI ba="0,2" hai="19,23,25,32,33,35,43,44,48,52,58,61,81,83" machi="61" ten="40,2600,0" yaku="1,1,54,1,53,0" doraHai="104" doraHaiUra="89" who="0" fromWho="2" sc="154,46,432,0,95,-26,299,0" owari="200,-20.0,432,53.0,69,-43.0,299,10.0" /></mjloggm>