<mjloggm ver="2.3"><GO type="225" lobby="0"/><UN n0="%E3%81%A4%E3%81%A3%E3%81%8D%EF%BD%9E%32%6E%64" n1="%52%6F%62%69%4E" n2="%E3%83%88%E3%83%88%E3%83%AA%E5%85%88%E7%94%9F%31%39%E6%AD%B3" n3="%E7%AB%B6%E9%A6%AC%E7%A0%94%E7%A9%B6%E6%89%80" dan="16,17,18,17" rate="2081.10,2167.60,2259.37,2189.04" sx="F,M,F,M"/><TAIKYOKU oya="0"/><INIT seed="0,0,0,3,0,134" ten="250,250,250,250" oya="0" hai0="74,8,94,41,3,33,24,90,52,123,89,80,57" hai1="103,69,47,10,81,22,119,110,82,29,48,36,9" hai2="2,120,50,4,77,98,15,64,87,102,132,97,114" hai3="76,100,1,46,5,133,51,56,65,31,39,118,117"/><T135/><D123/><U0/><E69/><V84/><F114/><W128/><G100/><T25/><D135/><U63/><E36/><V60/><F120/><W127/><G31/><T54/><D41/><U49/><E119/><V34/><F34/><W85/><G85/><N who="0" m="50343" /><D3/><U104/><E0/><V44/><F2/><W35/><G76/><T21/><D74/><U67/><E49/><V71/><F132/><W79/><G79/><T78/><D78/><U61/><E104/><V129/><F129/><W43/><G35/><T40/><D40/><N who="1" m="24679" /><E103/><V96/><F102/><W131/><G133/><T42/><D42/><U30/><E110/><V62/><F62/><N who="1" m="23561" /><E67/><V105/><F105/><W32/><G32/><T70/><D70/><U55/><E55/><V108/><F108/><W125/><G65/><T66/><D33/><U115/><E30/><V121/><F121/><W93/><G93/><T38/><D38/><U11/><E115/><V19/><F77/><W13/><G1/><T101/><D101/><U18/><E29/><V20/><F71/><W75/><G75/><T37/><D37/><U53/><E53/><N who="2" m="29895" /><F60/><W109/><G109/><T16/><D66/><U91/><E91/><V59/><F64/><W26/><G118/><T86/><D54/><U116/><E116/><V14/><F59/><W27/><G117/><T83/><D8/><AGARI ba="0,0" hai="4,8,14,15,19,20,84,87,96,97,98" m="29895" machi="8" ten="30,1000,0" yaku="8,1" doraHai="134" who="2" fromWho="0" sc="250,-10,250,0,250,10,250,0" /><INIT seed="1,0,0,4,1,124" ten="240,250,260,250" oya="1" hai0="82,103,28,97,70,89,27,80,6,72,18,116,57" hai1="79,20,122,69,9,35,99,29,64,107,130,110,93" hai2="77,34,58,33,117,127,4,10,101,91,16,109,112" hai3="88,7,119,104,50,54,11,40,84,74,92,135,42"/><U3/><E122/><V125/><F117/><W0/><G104/><T78/><D116/><U96/><E35/><V63/><F109/><W12/><G74/><T21/><D70/><U55/><E110/><V31/><F112/><W59/><G119/><T102/><D6/><U131/><E107/><V60/><F101/><W76/><G135/><T68/><D68/><U85/><E3/><V62/><F77/><W129/><G129/><N who="1" m="49162" /><E9/><V37/><F37/><W5/><G5/><T118/><D118/><U94/><E55/><V90/><F33/><W17/><REACH who="3" step="1"/><G76/><REACH who="3" ten="240,250,260,240" step="2"/><T105/><D78/><U123/><E79/><V114/><F4/><W24/><G24/><T126/><D72/><U56/><E123/><V43/><F125/><W49/><G49/><T73/><D73/><U83/><E69/><V133/><F127/><W106/><G106/><T1/><D105/><U8/><E94/><V2/><F133/><W113/><G113/><T13/><D126/><U23/><E93/><V53/><F114/><W19/><G19/><T25/><D25/><U95/><E95/><V134/><F16/><W75/><G75/><T15/><D18/><U65/><E29/><V22/><F134/><W48/><G48/><T121/><D28/><U30/><E30/><V66/><F34/><W39/><G39/><T36/><D36/><U108/><E108/><V61/><F31/><W44/><G44/><T52/><D121/><U38/><E38/><V81/><F2/><W120/><G120/><T47/><D1/><U100/><E83/><V14/><N who="2" m="15360" /><DORA hai="71" /><V51/><F51/><W98/><G98/><RYUUKYOKU ba="0,1" sc="240,-10,250,-10,260,-10,240,30" hai3="0,7,11,12,17,40,42,50,54,59,84,88,92" /><INIT seed="2,1,1,2,4,108" ten="230,240,250,270" oya="2" hai0="5,134,18,40,37,4,73,53,6,67,36,111,72" hai1="30,43,115,110,82,55,13,118,20,86,135,70,114" hai2="33,96,57,90,117,45,89,94,7,113,100,27,88" hai3="24,66,79,23,130,129,69,11,102,49,103,22,119"/><V83/><F113/><N who="1" m="43017" /><E70/><V28/><F117/><W93/><G119/><T62/><D111/><U87/><E43/><V2/><F45/><W42/><G79/><T121/><D121/><U17/><E118/><V84/><REACH who="2" step="1"/><F57/><REACH who="2" ten="230,240,240,270" step="2"/><W127/><G130/><T48/><D134/><U112/><E112/><V132/><F132/><W12/><G129/><T85/><D36/><U32/><E135/><V29/><F29/><W125/><G69/><T8/><D37/><U105/><E30/><V50/><F50/><W65/><G49/><T76/><D48/><U9/><E110/><V0/><F0/><W91/><G42/><T3/><D40/><U126/><E126/><V71/><F71/><W116/><G116/><T106/><D3/><U92/><E55/><V54/><F54/><W81/><G127/><T109/><D53/><U97/><E32/><V95/><F95/><W41/><G41/><T19/><D109/><U75/><E92/><V31/><F31/><W58/><G93/><T133/><D133/><U15/><E105/><V39/><F39/><W77/><G125/><T51/><D51/><U80/><E80/><V74/><F74/><W99/><G58/><T56/><D106/><U34/><E75/><V44/><F44/><W10/><G81/><N who="0" m="47271" /><D73/><U21/><E34/><V38/><F38/><W98/><G66/><T59/><D72/><U26/><E82/><V14/><F14/><W1/><G65/><T46/><D46/><U101/><E15/><V16/><F16/><N who="0" m="6186" /><D59/><U63/><E13/><V78/><F78/><W120/><G1/><N who="0" m="15" /><D56/><U35/><E35/><V124/><F124/><RYUUKYOKU ba="1,2" sc="230,15,240,-15,240,15,270,-15" hai0="5,6,62,67" hai2="2,7,27,28,33,83,84,88,89,90,94,96,100" /><INIT seed="2,2,2,5,4,22" ten="245,225,255,255" oya="2" hai0="102,71,44,88,50,60,2,56,78,108,106,72,117" hai1="70,1,35,27,80,114,94,99,7,125,86,115,48" hai2="51,24,23,103,53,42,4,12,39,61,68,75,83" hai3="74,67,116,84,47,79,76,105,21,37,0,89,113"/><V58/><F103/><W63/><G116/><T45/><D71/><U110/><E70/><V6/><F12/><W118/><G118/><T128/><D117/><U69/><E69/><V38/><F75/><W55/><G0/><T120/><D120/><U19/><E110/><V31/><F83/><W26/><G105/><T5/><D128/><U101/><E125/><V59/><F68/><W25/><G113/><T112/><D112/><U3/><E19/><V121/><F121/><W77/><G74/><T96/><D108/><U9/><E3/><V65/><REACH who="2" step="1"/><F42/><REACH who="2" ten="245,225,245,255" step="2"/><W13/><G13/><T135/><D102/><N who="1" m="60791" /><E80/><V133/><F133/><W30/><G37/><AGARI ba="2,3" hai="4,6,23,24,31,37,38,39,51,53,58,59,61,65" machi="37" ten="40,7700,0" yaku="1,1,52,1,53,1" doraHai="22" doraHaiUra="62" who="2" fromWho="3" sc="245,0,225,0,245,113,255,-83" /><INIT seed="2,3,0,1,2,43" ten="245,225,358,172" oya="2" hai0="127,106,65,116,75,114,97,131,8,45,33,61,53" hai1="18,12,109,14,83,121,77,42,46,63,7,54,101" hai2="13,91,6,32,62,104,23,100,36,21,94,133,95" hai3="35,112,87,74,59,34,113,30,67,117,2,130,56"/><V29/><F36/><W102/><G74/><T110/><D114/><U66/><E109/><V68/><F133/><W71/><G117/><T81/><D33/><U64/><E121/><V15/><F94/><W48/><G2/><T17/><D110/><U82/><E101/><V49/><F15/><W126/><G102/><T10/><D131/><U105/><E105/><V26/><F13/><W86/><G130/><T4/><D127/><U118/><E54/><V96/><F49/><W0/><G0/><T22/><D106/><U78/><E118/><V111/><F6/><W20/><G126/><T128/><D97/><U115/><E115/><N who="3" m="44106" /><G20/><T120/><D120/><U69/><E64/><N who="2" m="40983" /><F111/><W99/><G99/><AGARI ba="3,0" hai="21,23,26,29,32,91,95,96,99,100,104" m="40983" machi="99" ten="30,1500,0" yaku="25,1" doraHai="43" who="2" fromWho="3" sc="245,0,225,0,358,24,172,-24" /><INIT seed="2,4,0,1,1,102" ten="245,225,382,148" oya="2" hai0="105,90,123,19,64,129,80,6,15,51,5,124,128" hai1="98,85,100,0,120,53,49,111,16,1,107,112,66" hai2="41,17,91,48,75,70,14,58,99,59,32,79,33" hai3="40,110,67,29,65,62,68,77,109,61,82,11,31"/><V119/><F119/><W97/><G11/><T117/><D123/><U96/><E112/><V56/><F70/><W10/><G10/><T127/><D117/><U116/><E116/><V44/><F79/><W37/><G97/><T115/><D115/><U104/><E111/><V118/><F75/><W54/><G54/><T46/><D64/><U22/><E66/><V114/><F114/><W69/><G31/><T73/><D105/><U71/><E71/><V86/><F99/><W133/><G29/><T135/><D135/><U72/><E72/><V126/><F126/><N who="0" m="48170" /><D90/><U38/><E85/><V87/><F118/><W25/><G25/><T57/><D57/><U42/><E38/><V125/><F86/><W26/><G26/><T34/><D34/><U7/><E42/><V88/><F125/><W60/><G60/><T94/><D94/><U103/><E7/><N who="0" m="2569" /><D80/><U74/><E74/><V45/><F45/><W52/><G52/><N who="0" m="29815" /><D73/><U93/><E120/><V55/><F41/><W106/><G133/><T134/><D134/><U132/><E93/><V81/><REACH who="2" step="1"/><F91/><REACH who="2" ten="245,225,372,148" step="2"/><W23/><G40/><T78/><D78/><U9/><E132/><V130/><F130/><W3/><G77/><T95/><D128/><U83/><E98/><V8/><AGARI ba="4,1" hai="8,14,17,32,33,44,48,55,56,58,59,81,87,88" machi="8" ten="30,18000,2" yaku="1,1,0,1,25,2,54,1,53,1" doraHai="102" doraHaiUra="4" who="2" fromWho="2" sc="245,-64,225,-64,372,202,148,-64" /><INIT seed="2,5,0,4,5,13" ten="181,161,574,84" oya="2" hai0="67,7,74,96,105,36,128,95,22,123,35,60,63" hai1="43,26,10,91,135,88,125,50,42,61,94,28,78" hai2="37,31,112,19,84,93,89,124,85,82,52,51,87" hai3="66,34,130,11,76,33,1,131,102,121,29,133,111"/><V17/><F112/><W116/><G76/><T110/><D123/><U49/><E125/><V129/><F37/><W77/><G77/><T99/><D35/><N who="3" m="13321" /><G66/><T69/><D36/><U58/><E78/><N who="2" m="46167" /><F124/><W108/><G102/><T48/><D74/><U9/><E135/><V114/><F114/><W115/><G115/><T80/><D80/><U97/><E91/><N who="2" m="53487" /><F31/><W59/><G59/><T24/><D7/><U98/><E98/><V45/><F129/><N who="3" m="49163" /><G121/><T75/><D75/><U79/><E79/><V2/><F2/><W101/><G101/><T122/><D105/><U15/><E43/><V92/><AGARI ba="5,0" hai="17,19,45,51,52,87,89,92" m="53487,46167" machi="92" ten="30,11700,0" yaku="8,1,52,2,54,1" doraHai="13" who="2" fromWho="2" sc="181,-44,161,-44,574,132,84,-44" /><INIT seed="2,6,0,3,0,104" ten="137,117,706,40" oya="2" hai0="78,41,125,13,29,92,19,27,69,25,80,8,86" hai1="50,107,113,89,17,108,134,97,45,20,82,24,93" hai2="21,102,57,5,38,110,76,65,132,75,84,66,126" hai3="91,55,123,127,133,0,109,79,85,115,23,103,52"/><V28/><F38/><W98/><G123/><T26/><D125/><U37/><E113/><V4/><F126/><W40/><G115/><T3/><D69/><U51/><E108/><V112/><F112/><W60/><G0/><T119/><D119/><U95/><E107/><V96/><F110/><W54/><G127/><T131/><D131/><U99/><E82/><N who="2" m="45343" /><F84/><W62/><G109/><T83/><D3/><U39/><E134/><V70/><F70/><W68/><G133/><T116/><D116/><U121/><E51/><V111/><F66/><W11/><G11/><T88/><D41/><U118/><E121/><V34/><F34/><W15/><G40/><T73/><REACH who="0" step="1"/><D83/><REACH who="0" ten="127,117,706,40" step="2"/><U63/><E118/><V47/><F111/><W7/><G68/><T1/><D1/><U31/><E39/><V124/><F132/><W44/><G44/><T100/><D100/><U16/><E37/><V114/><F47/><W77/><G62/><T53/><D53/><N who="1" m="29903" /><E63/><N who="2" m="38127" /><F114/><W106/><G60/><T67/><D67/><U42/><E42/><V9/><F124/><W81/><REACH who="3" step="1"/><G7/><REACH who="3" ten="127,117,706,30" step="2"/><T72/><D72/><U128/><E128/><V56/><F5/><W105/><G105/><T18/><D18/><AGARI ba="6,2" hai="15,18,23,52,54,55,77,79,81,85,91,98,103,106" machi="18" ten="40,5200,0" yaku="1,1,54,1,53,1" doraHai="104" doraHaiUra="101" who="3" fromWho="0" sc="127,-70,117,0,706,0,30,90" /><INIT seed="3,0,0,5,1,91" ten="57,117,706,120" oya="3" hai0="5,9,112,27,95,90,22,47,8,44,127,12,4" hai1="123,107,13,58,59,134,110,133,83,116,36,109,62" hai2="130,51,55,20,99,21,106,115,14,119,69,10,118" hai3="98,52,31,79,113,15,105,43,40,46,125,89,96"/><W108/><G113/><T101/><D127/><U73/><E36/><V50/><F115/><W0/><G0/><T71/><D112/><U29/><E123/><V132/><F69/><W80/><G125/><T68/><D101/><U135/><E107/><V38/><F38/><W121/><G121/><T61/><D71/><U65/><E116/><V17/><F130/><W24/><G15/><T41/><D68/><N who="1" m="42039" /><E29/><V93/><F106/><W122/><G122/><T120/><D120/><U84/><E73/><V74/><F74/><W94/><G108/><N who="1" m="41578" /><E13/><V1/><F132/><W34/><G98/><T3/><D61/><U70/><E70/><V11/><F51/><W97/><G97/><T18/><REACH who="0" step="1"/><D41/><REACH who="0" ten="47,117,706,120" step="2"/><U114/><E114/><V78/><F78/><AGARI ba="0,1" hai="58,59,78,83,84,133,134,135" m="41578,42039" machi="78" ten="40,2600,0" yaku="20,1,14,1" doraHai="91" who="1" fromWho="2" sc="47,0,117,36,706,-26,120,0" owari="47,-45.0,153,-5.0,680,78.0,120,-28.0" /></mjloggm>