<mjloggm ver="2.3"><GO type="41" lobby="0"/><UN n0="%E5%B0%B1%E6%B4%BB%E7%94%9F%40%E5%B7%9D%E6%9D%91%E8%BB%8D%E5%9B%A3" n1="%53%45%E2%98%86%59%41%E2%98%86%4E%41" n2="%74%6F%72%69%30%36%31%32" n3="%77%65%73%74%77%6F%6F%64" dan="14,15,16,14" rate="2004.70,2041.96,2034.08,1891.05" sx="M,M,M,M"/><TAIKYOKU oya="0"/><INIT seed="0,0,0,0,0,119" ten="250,250,250,250" oya="0" hai0="101,68,85,23,83,134,108,42,87,27,69,49,7" hai1="103,77,26,64,31,15,94,118,93,35,76,45,60" hai2="29,6,115,95,61,116,48,43,75,114,5,124,9" hai3="104,58,14,113,117,20,33,30,16,8,133,126,96"/><T123/><D123/><U13/><E118/><V1/><F75/><W89/><G117/><T100/><D134/><U99/><E93/><V54/><F116/><W107/><G113/><T10/><D108/><U84/><E45/><V44/><F124/><W59/><G126/><T105/><D105/><U112/><E112/><V47/><F29/><W80/><G33/><T34/><D34/><U40/><E40/><V25/><F25/><W110/><G110/><T132/><D69/><U52/><E76/><V82/><F82/><W92/><G133/><T41/><D68/><U46/><E64/><V81/><F81/><W24/><G107/><T91/><D85/><U125/><E125/><V3/><F95/><W67/><G67/><T38/><D38/><U106/><E46/><V78/><F78/><W66/><G104/><T72/><D72/><U12/><E77/><V122/><F61/><W55/><G80/><T130/><D130/><U37/><E37/><V98/><F98/><W129/><G66/><T135/><D135/><U97/><E84/><V36/><F122/><W65/><G65/><T109/><D109/><U56/><REACH who="1" step="1"/><E12/><REACH who="1" ten="250,240,250,250" step="2"/><V11/><AGARI ba="0,1" hai="1,3,5,6,9,11,36,43,44,47,48,54,114,115" machi="11" ten="30,2000,0" yaku="0,1,9,1" doraHai="119" who="2" fromWho="2" sc="250,-10,240,-5,250,30,250,-5" /><INIT seed="1,0,0,0,5,104" ten="240,235,280,245" oya="1" hai0="131,57,112,101,62,61,11,14,42,86,66,109,63" hai1="108,16,115,105,124,5,67,40,0,45,1,24,89" hai2="133,81,94,13,6,80,64,99,43,106,26,23,74" hai3="121,71,15,126,70,96,125,46,79,32,93,2,44"/><U48/><E115/><V95/><F106/><W18/><G121/><T21/><D112/><U54/><E124/><N who="3" m="47722" /><G32/><T87/><D131/><U33/><E108/><V35/><F35/><W22/><G2/><T118/><D109/><U127/><E127/><V60/><F43/><W30/><G30/><T116/><D42/><U28/><E67/><V37/><F37/><W68/><G79/><T135/><D135/><U25/><E105/><V97/><F74/><W85/><G85/><T90/><D101/><AGARI ba="0,0" hai="15,18,22,44,46,68,70,71,93,96,101" m="47722" machi="101" ten="40,1300,0" yaku="18,1" doraHai="104" who="3" fromWho="0" sc="240,-13,235,0,280,0,245,13" /><INIT seed="2,0,0,1,2,62" ten="227,235,280,258" oya="2" hai0="47,104,105,83,91,21,37,108,109,78,75,64,124" hai1="33,106,70,128,97,45,132,72,99,123,26,10,48" hai2="125,53,20,79,25,1,85,34,19,82,102,15,13" hai3="130,14,87,63,122,126,49,4,88,95,134,112,0"/><V101/><F1/><W38/><G122/><T11/><D11/><U54/><E72/><V7/><F125/><W58/><G0/><T119/><D37/><U115/><E115/><V32/><F32/><W46/><G112/><T67/><D119/><U77/><E77/><V9/><F34/><W111/><G126/><T28/><D124/><U51/><E123/><V81/><F53/><W68/><G68/><T116/><D47/><U16/><E70/><V36/><F36/><W60/><G111/><N who="0" m="42571" /><D91/><U35/><E132/><V117/><F117/><W73/><G73/><T3/><D3/><U24/><E128/><V2/><F2/><W43/><G134/><T22/><D116/><U129/><E129/><V133/><F133/><W66/><G60/><T30/><D22/><U29/><E106/><N who="0" m="41065" /><D21/><U59/><E10/><N who="2" m="4319" /><F81/><W80/><G130/><T113/><D113/><U40/><REACH who="1" step="1"/><E16/><AGARI ba="0,0" hai="9,15,16,19,20,25,79,82,85,101,102" m="4319" machi="16" ten="30,2900,0" yaku="8,1,54,1" doraHai="62" who="2" fromWho="1" sc="227,0,235,-29,280,29,258,0" /><INIT seed="2,1,0,3,5,36" ten="227,206,309,258" oya="2" hai0="115,0,1,99,134,95,116,125,61,89,9,106,77" hai1="114,52,113,53,86,122,85,110,60,120,27,129,25" hai2="124,69,21,82,96,80,54,72,133,67,24,22,101" hai3="46,11,105,93,68,109,40,51,31,94,13,35,87"/><V98/><F124/><W104/><G68/><T65/><D115/><U73/><E73/><V74/><F54/><W48/><G109/><T4/><D116/><U5/><E5/><V7/><F7/><W37/><G37/><T83/><D125/><U123/><E110/><V57/><F69/><W132/><G132/><T100/><D134/><U17/><E129/><V70/><F70/><W119/><G119/><T102/><D106/><U131/><E131/><V84/><F133/><W15/><G15/><T76/><D1/><U118/><E118/><V32/><F32/><W12/><G12/><T55/><D55/><N who="1" m="21067" /><E60/><V29/><F21/><W3/><G51/><T49/><D49/><U135/><E135/><V108/><F96/><W16/><G3/><T19/><D19/><U127/><E127/><V41/><F82/><W90/><REACH who="3" step="1"/><G94/><REACH who="3" ten="227,206,309,248" step="2"/><T75/><D77/><U62/><E62/><V8/><F108/><W79/><G79/><T10/><D10/><U130/><E130/><V44/><F8/><W126/><G126/><T20/><D20/><N who="1" m="13455" /><E27/><AGARI ba="1,1" hai="11,13,16,27,31,35,40,46,48,87,90,93,104,105" machi="27" ten="40,5200,0" yaku="1,1,52,1,54,1,53,0" doraHai="36" doraHaiUra="107" who="3" fromWho="1" sc="227,0,206,-55,309,0,248,65" /><INIT seed="3,0,0,2,0,122" ten="227,151,309,313" oya="3" hai0="25,106,112,83,135,109,43,77,73,23,111,66,5" hai1="56,131,62,24,86,17,2,87,3,68,114,107,71" hai2="81,28,47,60,108,101,53,55,118,20,110,27,115" hai3="117,51,132,26,59,54,105,0,29,85,72,11,6"/><W113/><G72/><T88/><D106/><U94/><E107/><V123/><F118/><W57/><G117/><T7/><D43/><U93/><E114/><V31/><F115/><W18/><G113/><T42/><D42/><U97/><E131/><V40/><F101/><W104/><G132/><T30/><D112/><U121/><E121/><V39/><F123/><W22/><G85/><T50/><D50/><U44/><E44/><V9/><F31/><W14/><REACH who="3" step="1"/><G59/><REACH who="3" ten="227,151,309,303" step="2"/><T96/><D135/><U133/><E133/><V84/><F60/><W100/><G100/><T90/><D66/><U126/><E56/><V128/><F128/><W36/><G36/><T89/><REACH who="0" step="1"/><D96/><REACH who="0" ten="217,151,309,303" step="2"/><U13/><E97/><V76/><F55/><W91/><G91/><T61/><D61/><U120/><E62/><V12/><REACH who="2" step="1"/><F53/><REACH who="2" ten="217,151,299,303" step="2"/><W64/><G64/><T1/><D1/><U103/><E2/><V102/><F102/><W4/><G4/><AGARI ba="0,3" hai="4,5,7,23,25,30,73,77,83,88,89,90,109,111" machi="4" ten="40,8000,1" yaku="1,1,52,2,54,1,53,0" doraHai="122" doraHaiUra="69" who="0" fromWho="3" sc="217,110,151,0,299,0,303,-80" /><AGARI ba="0,0" hai="4,9,12,20,27,28,39,40,47,76,81,84,108,110" machi="4" ten="40,8000,1" yaku="1,1,52,2,53,1" doraHai="122" doraHaiUra="69" who="2" fromWho="3" sc="327,0,151,0,299,80,223,-80" /><INIT seed="4,0,0,3,0,87" ten="327,151,379,143" oya="0" hai0="47,86,93,41,18,43,2,66,34,99,109,36,81" hai1="95,112,100,92,74,8,63,37,23,19,38,118,45" hai2="106,32,9,57,55,46,40,96,4,42,50,135,53" hai3="111,133,121,0,115,82,119,123,44,17,114,64,84"/><T33/><D2/><U126/><E118/><V49/><F32/><W94/><G0/><T97/><D109/><U14/><E74/><V25/><F25/><W22/><G64/><T58/><D43/><U48/><E126/><V85/><F135/><W52/><G111/><T80/><D80/><U104/><E63/><V21/><F21/><W7/><G7/><T120/><D18/><U68/><E68/><V75/><F75/><W39/><G119/><T101/><D120/><N who="3" m="46153" /><G94/><T116/><D116/><U105/><E112/><V88/><F96/><W107/><G107/><T131/><D131/><U108/><E108/><V56/><F106/><W78/><G133/><T77/><D99/><U117/><E117/><V54/><F54/><W29/><G29/><T60/><AGARI ba="0,0" hai="33,34,36,41,47,58,60,66,77,81,86,93,97,101" machi="60" ten="30,1500,0" yaku="0,1" doraHai="87" who="0" fromWho="0" sc="327,15,151,-5,379,-5,143,-5" /><INIT seed="4,1,0,2,1,112" ten="342,146,374,138" oya="0" hai0="103,122,64,14,12,39,83,9,16,13,129,114,29" hai1="20,6,54,46,53,28,23,42,86,101,44,30,11" hai2="31,98,71,47,134,80,113,74,109,100,97,3,26" hai3="52,50,65,81,90,60,38,25,119,66,107,49,88"/><T72/><D122/><U68/><E68/><V15/><F98/><W93/><G119/><T8/><D39/><U4/><E101/><V126/><F15/><W135/><G135/><T7/><D114/><U111/><E86/><V115/><F47/><W130/><G107/><T63/><D129/><U24/><E111/><V69/><F109/><W10/><G38/><T121/><D121/><U35/><E35/><N who="2" m="20983" /><F134/><W87/><G130/><T108/><D108/><U96/><E96/><V19/><F19/><W37/><G37/><T133/><D133/><U33/><E33/><V48/><F48/><W18/><G60/><T99/><D29/><U34/><E34/><V124/><F3/><W62/><G49/><T58/><D13/><U82/><E82/><V79/><F115/><W43/><G43/><T51/><D51/><U106/><E106/><N who="2" m="63759" /><F113/><W73/><G73/><T41/><D41/><U95/><E95/><V117/><F117/><W57/><G62/><T89/><D72/><U32/><E32/><V128/><F128/><W70/><G70/><AGARI ba="1,0" hai="69,70,71,74,79,80,124,126" m="63759,20983" machi="70" ten="30,1000,0" yaku="23,1" doraHai="112" who="2" fromWho="3" sc="342,0,146,0,374,13,138,-13" /><INIT seed="5,0,0,3,3,4" ten="342,146,387,125" oya="1" hai0="80,29,10,90,65,44,117,126,68,123,100,77,21" hai1="62,38,134,51,96,132,82,12,120,89,0,78,53" hai2="95,55,129,112,5,92,47,107,74,26,87,113,20" hai3="93,2,54,104,52,7,122,103,116,135,88,125,69"/><U13/><E120/><V67/><F107/><W19/><G69/><T75/><D117/><U114/><E38/><V11/><F74/><W99/><G116/><T31/><D123/><U49/><E114/><N who="2" m="44139" /><F67/><W108/><G122/><T45/><D126/><U43/><E0/><N who="2" m="423" /><F129/><W57/><G108/><T110/><D100/><U23/><E89/><V34/><F34/><W115/><G125/><T33/><D33/><U73/><E96/><V106/><F106/><W39/><G115/><T56/><D68/><U18/><E43/><V121/><F121/><W71/><G39/><T133/><D133/><N who="1" m="51307" /><E12/><V84/><F95/><W37/><G37/><T17/><D90/><U35/><E35/><V124/><F92/><W50/><G71/><T102/><D102/><U32/><E32/><V58/><F47/><W60/><G135/><T9/><D45/><U6/><E6/><V97/><F97/><W24/><G2/><T42/><D110/><U109/><E109/><V8/><F8/><W3/><G3/><T111/><D111/><U1/><E1/><V14/><F14/><W118/><G7/><T128/><D128/><U61/><E49/><N who="2" m="31087" /><F124/><W91/><G118/><T63/><D31/><AGARI ba="0,0" hai="20,26,31,84,87" m="31087,423,44139" machi="31" ten="30,3900,0" yaku="15,1,11,1,52,1" doraHai="4" who="2" fromWho="0" sc="342,-39,146,0,387,39,125,0" /><INIT seed="6,0,0,0,5,53" ten="303,146,426,125" oya="2" hai0="61,74,121,116,21,12,102,16,60,54,40,18,56" hai1="131,52,55,22,105,80,68,120,59,107,87,2,17" hai2="34,127,63,86,113,70,35,111,133,95,5,9,75" hai3="115,112,114,8,81,20,76,100,92,23,126,91,129"/><V45/><F75/><N who="3" m="43167" /><G8/><T66/><D121/><U30/><E68/><V39/><F127/><W84/><G20/><T1/><D1/><U83/><E2/><V10/><F133/><W108/><G23/><T15/><D116/><U28/><E120/><V33/><F113/><W3/><G3/><T11/><D74/><U128/><E55/><V31/><F111/><W32/><G32/><T14/><D102/><U41/><E41/><V49/><F39/><W27/><G27/><N who="0" m="14759" /><D40/><U101/><E101/><V36/><F31/><N who="1" m="11817" /><E22/><V117/><F36/><W134/><G108/><T58/><AGARI ba="0,0" hai="11,12,14,15,18,54,56,58,60,61,66" m="14759" machi="58" ten="30,7900,0" yaku="8,1,52,2,54,1" doraHai="53" who="0" fromWho="0" sc="303,79,146,-20,426,-39,125,-20" /><INIT seed="7,0,0,1,2,15" ten="382,126,387,105" oya="3" hai0="71,130,8,116,117,68,82,43,74,34,129,85,87" hai1="100,5,102,20,7,72,111,6,115,123,133,21,84" hai2="132,23,73,104,44,41,53,12,113,112,98,65,114" hai3="4,66,10,76,60,28,31,48,45,109,95,38,54"/><W88/><G109/><T32/><D43/><U49/><E72/><V110/><F73/><W26/><G38/><T81/><D74/><U63/><E123/><V55/><F110/><W80/><G26/><T83/><D83/><U51/><E111/><V135/><F65/><W91/><G80/><T131/><D131/><U128/><E128/><V101/><F23/><N who="1" m="8777" /><E115/><V78/><F12/><W103/><G103/><N who="1" m="39466" /><E133/><N who="2" m="51275" /><F78/><W47/><G47/><T11/><AGARI ba="0,0" hai="8,11,32,34,68,71,81,82,85,87,116,117,129,130" machi="11" ten="25,3200,0" yaku="0,1,22,2" doraHai="15" who="0" fromWho="0" sc="382,32,126,-8,387,-8,105,-16" owari="414,51.0,118,-28.0,379,18.0,89,-41.0" /></mjloggm>