<mjloggm ver="2.3"><GO type="225" lobby="0"/><UN n0="%E3%81%B5%E3%81%8B%E3%81%BF" n1="%E9%95%B7%E3%81%84%E5%A4%A2" n2="%E5%B0%B1%E6%B4%BB%E7%94%9F%40%E5%B7%9D%E6%9D%91%E8%BB%8D%E5%9B%A3" n3="%63%6F%61" dan="17,16,16,16" rate="2157.33,2115.82,2069.97,2098.88" sx="F,M,M,M"/><TAIKYOKU oya="0"/><INIT seed="0,0,0,5,0,56" ten="250,250,250,250" oya="0" hai0="78,124,6,36,99,103,100,130,66,46,134,23,132" hai1="96,116,48,87,8,19,42,89,21,114,52,82,54" hai2="29,128,13,24,7,108,35,68,83,28,22,86,84" hai3="61,133,17,74,117,9,49,75,79,60,98,125,43"/><T73/><D124/><U45/><E116/><V126/><F128/><W18/><G117/><T1/><D130/><U91/><E114/><V57/><F126/><W107/><G125/><T20/><D66/><U127/><E8/><V25/><F68/><W51/><G133/><N who="0" m="51307" /><D6/><U95/><REACH who="1" step="1"/><E127/><REACH who="1" ten="250,240,250,250" step="2"/><V123/><F108/><W115/><G115/><T4/><D1/><U31/><E31/><V44/><F123/><W104/><G9/><T81/><D4/><U63/><E63/><V106/><F7/><W70/><G70/><T38/><D103/><U72/><E72/><V71/><F29/><W80/><G75/><T77/><D77/><U50/><E50/><V40/><F28/><W90/><G79/><T88/><D38/><U111/><E111/><V102/><F102/><W129/><G129/><T16/><D100/><U10/><E10/><V76/><F76/><W37/><G74/><T65/><D36/><U67/><E67/><V15/><F35/><W122/><G37/><T58/><D65/><U41/><E41/><V93/><F40/><W26/><G43/><T110/><D110/><U131/><E131/><V53/><F106/><W113/><G113/><T14/><D78/><U69/><E69/><V3/><F71/><W5/><G51/><T105/><D73/><U39/><E39/><V32/><F32/><W30/><G49/><T85/><D105/><U62/><E62/><V0/><F0/><W101/><G104/><T109/><D109/><U92/><E92/><V59/><F3/><W121/><G107/><T64/><D64/><U2/><E2/><V55/><F93/><RYUUKYOKU ba="0,1" sc="250,-10,240,30,250,-10,250,-10" hai1="19,21,42,45,48,52,54,82,87,89,91,95,96" /><INIT seed="1,1,1,1,2,50" ten="240,270,240,240" oya="1" hai0="80,129,1,119,27,4,75,30,125,22,44,8,81" hai1="51,78,134,19,107,128,68,37,38,66,21,122,31" hai2="99,117,82,114,55,14,12,3,39,74,5,56,35" hai3="46,20,10,7,94,116,36,62,65,61,115,98,101"/><U13/><E122/><V110/><F117/><W88/><G116/><T89/><D119/><U79/><E107/><V90/><F39/><W67/><G115/><T109/><D109/><U41/><E68/><V6/><F35/><W64/><G20/><T108/><D108/><U33/><E33/><V91/><F3/><W124/><G124/><T132/><D125/><U53/><E66/><V47/><F74/><W87/><G36/><T96/><D132/><U104/><E104/><V85/><F114/><W103/><G46/><T25/><D129/><U29/><E134/><V45/><F110/><W100/><REACH who="3" step="1"/><G87/><REACH who="3" ten="240,270,240,230" step="2"/><T72/><D44/><N who="1" m="25999" /><E38/><V28/><F45/><W130/><G130/><T59/><D75/><U126/><E37/><V43/><F47/><W95/><G95/><T63/><D72/><U121/><E126/><V120/><F43/><W111/><G111/><T54/><D80/><U97/><E121/><V57/><F120/><W93/><G93/><T106/><D81/><U15/><E128/><V127/><F127/><W113/><G113/><T2/><D106/><U92/><E31/><V9/><F28/><W49/><G49/><T24/><D30/><U102/><E29/><V42/><F42/><W76/><G76/><T105/><D22/><N who="1" m="11631" /><E79/><V69/><F85/><W18/><G18/><T135/><D135/><U84/><E78/><V23/><F82/><W16/><G16/><T60/><D105/><U52/><E84/><V11/><F23/><W123/><G123/><T58/><D25/><U83/><E83/><V112/><F112/><W71/><G71/><T70/><D70/><RYUUKYOKU ba="1,2" sc="240,-15,270,15,240,-15,230,15" hai1="15,21,52,53,92,97,102" hai3="7,10,61,62,64,65,67,88,94,98,100,101,103" /><INIT seed="1,2,2,3,3,80" ten="225,285,225,245" oya="1" hai0="8,59,0,86,121,32,76,98,134,49,18,28,120" hai1="11,9,93,105,126,111,69,82,40,55,64,60,13" hai2="34,30,53,107,78,100,114,95,12,45,99,37,67" hai3="70,19,108,66,4,116,112,16,129,43,130,125,54"/><U124/><E111/><V22/><F114/><W97/><G112/><T90/><D134/><U31/><E105/><V73/><F34/><W83/><G108/><T104/><D76/><U127/><E40/><V3/><F3/><W128/><G125/><T41/><D28/><U61/><E31/><V24/><F107/><W133/><G133/><T84/><D32/><U115/><E115/><V88/><F67/><W68/><G116/><T25/><D25/><U91/><E82/><V63/><F37/><W38/><G54/><N who="0" m="32207" /><D41/><U14/><E55/><V132/><F132/><W87/><G4/><N who="0" m="1031" /><D18/><N who="3" m="6697" /><G66/><T58/><D58/><U56/><E61/><V35/><F73/><W47/><G97/><T7/><D7/><U48/><E48/><N who="2" m="28815" /><F78/><AGARI ba="2,2" hai="38,43,47,68,70,78,83,87,128,129,130" m="6697" machi="78" ten="30,3900,0" yaku="19,1,52,1,54,1" doraHai="80" who="3" fromWho="2" sc="225,0,285,0,225,-45,245,65" /><INIT seed="2,0,0,1,3,7" ten="225,285,180,310" oya="2" hai0="13,56,100,55,107,94,116,19,119,114,50,37,81" hai1="11,95,17,87,49,41,0,46,16,6,104,68,23" hai2="51,102,89,82,121,27,112,113,76,43,133,63,127" hai3="99,34,79,106,52,75,93,135,65,57,28,134,35"/><V77/><F127/><W54/><G106/><T122/><D114/><U70/><E104/><V31/><F121/><W120/><G120/><T128/><D122/><U33/><E33/><V58/><F133/><N who="3" m="50699" /><G79/><T103/><D107/><U123/><E123/><V26/><F113/><W92/><G75/><T74/><D37/><U78/><E17/><V29/><F112/><W83/><G83/><T3/><D3/><U38/><E38/><V101/><F43/><W67/><G92/><T88/><D128/><U24/><REACH who="1" step="1"/><E95/><REACH who="1" ten="225,275,180,310" step="2"/><V22/><F51/><N who="3" m="30879" /><G35/><T80/><D94/><U36/><E36/><V45/><F45/><W20/><G34/><T25/><D50/><U98/><E98/><V61/><F58/><W73/><G93/><T66/><D56/><U5/><E5/><V60/><F89/><W53/><G99/><T96/><D88/><U97/><E97/><V42/><F42/><W30/><G30/><T90/><D96/><U124/><E124/><V48/><F48/><W71/><G28/><T15/><D90/><U8/><E8/><V39/><F39/><W2/><G20/><T109/><D103/><N who="2" m="39434" /><F82/><AGARI ba="0,1" hai="0,6,11,16,23,24,41,46,49,68,70,78,82,87" machi="82" ten="40,8000,1" yaku="1,1,52,1,54,1,53,1" doraHai="7" doraHaiUra="44" who="1" fromWho="2" sc="225,0,275,90,180,-80,310,0" /><INIT seed="3,0,0,0,2,18" ten="225,365,100,310" oya="3" hai0="60,97,113,40,98,126,93,28,73,132,78,87,109" hai1="127,11,120,31,130,123,6,68,67,116,30,44,72" hai2="110,91,59,64,83,33,92,105,45,51,50,15,131" hai3="27,42,48,70,4,66,19,62,23,89,38,21,135"/><W2/><G135/><T94/><D132/><U108/><E72/><V100/><F110/><W82/><G2/><T47/><D109/><U17/><E108/><V111/><F131/><W90/><G4/><T84/><D126/><U10/><E68/><V7/><F111/><W85/><G38/><T128/><D128/><U24/><E67/><V112/><F33/><W13/><G48/><N who="0" m="26727" /><D73/><U26/><E44/><V37/><F112/><W107/><G42/><T57/><D28/><N who="1" m="10795" /><E130/><V14/><F37/><W122/><G122/><N who="1" m="46634" /><E127/><V86/><F105/><W125/><G125/><T36/><D113/><U133/><E133/><V75/><F7/><W76/><G107/><T0/><D0/><N who="1" m="327" /><E116/><V49/><F75/><W63/><REACH who="3" step="1"/><G62/><REACH who="3" ten="225,365,100,300" step="2"/><T34/><D36/><U16/><E17/><AGARI ba="0,1" hai="13,17,19,21,23,27,63,66,70,76,82,85,89,90" machi="17" ten="30,12000,1" yaku="1,1,2,1,7,1,52,2,53,0" doraHai="18" doraHaiUra="119" who="3" fromWho="1" sc="225,0,365,-120,100,0,300,130" owari="225,-17.0,245,5.0,100,-40.0,430,52.0" /></mjloggm>