<mjloggm ver="2.3"><GO type="169" lobby="0"/><UN n0="%30%30%73%61%69" n1="%E3%81%AE%E3%81%A9%E3%81%94%E3%81%97%E3%80%88%E7%94%9F%E3%80%89" n2="%70%67%61%69%6E" n3="%E3%82%A6%E3%83%AB%E3%83%88%E3%83%A9%E7%AB%8B%E7%9B%B4" dan="18,16,16,18" rate="2163.35,2062.97,2091.07,2165.14" sx="M,M,M,M"/><TAIKYOKU oya="0"/><INIT seed="0,0,0,3,0,67" ten="250,250,250,250" oya="0" hai0="8,34,71,23,81,72,44,35,40,63,28,74,121" hai1="78,114,99,36,52,32,134,104,127,102,98,100,95" hai2="64,112,12,11,26,1,119,24,84,10,124,65,92" hai3="16,61,45,42,30,117,15,53,108,120,66,122,55"/><T18/><D121/><N who="3" m="46697" /><G30/><T93/><D8/><U130/><E32/><V31/><F112/><W13/><G13/><T41/><D34/><U70/><E36/><V0/><F124/><W115/><G115/><T85/><D93/><U88/><E114/><V59/><F119/><W54/><G117/><T87/><D28/><U131/><E127/><V62/><F65/><W73/><G73/><T37/><D35/><U109/><E70/><V79/><F11/><N who="3" m="6271" /><G108/><T135/><D135/><U110/><E78/><V46/><F46/><W39/><G54/><T89/><D41/><U75/><E52/><V77/><F1/><W113/><G113/><T69/><D63/><U60/><E75/><V5/><F0/><W133/><G133/><T7/><D7/><U103/><E60/><V118/><F118/><W126/><G126/><T101/><D74/><U123/><E134/><V9/><F9/><W25/><G25/><N who="2" m="9833" /><F31/><W19/><G19/><T106/><D72/><U48/><E48/><V125/><F125/><W68/><AGARI ba="0,0" hai="39,42,45,53,55,61,66,68" m="6271,46697" machi="68" ten="30,4000,0" yaku="13,1,52,1,54,1" doraHai="67" who="3" fromWho="3" sc="250,-20,250,-10,250,-10,250,40" /><INIT seed="1,0,0,4,5,116" ten="230,240,240,290" oya="1" hai0="9,34,128,58,102,60,57,25,48,111,44,20,71" hai1="1,8,22,90,130,40,37,2,76,39,104,26,61" hai2="97,133,51,85,36,87,117,13,80,69,118,113,19" hai3="134,17,112,29,0,30,107,88,64,92,32,131,78"/><U121/><E104/><V14/><F36/><W53/><G112/><T41/><D34/><U109/><E76/><V98/><F69/><W62/><G107/><T108/><D128/><U135/><E40/><V68/><F68/><W95/><G131/><T6/><D102/><U50/><E130/><V123/><F133/><W89/><G134/><T82/><D82/><U16/><E135/><V115/><F51/><W110/><G0/><N who="0" m="199" /><D60/><U91/><E50/><V81/><REACH who="2" step="1"/><F19/><REACH who="2" ten="230,240,230,290" step="2"/><W96/><G17/><N who="0" m="12431" /><D71/><U59/><E37/><V10/><F10/><W132/><G132/><T5/><D5/><U66/><E39/><V31/><F31/><W67/><G29/><T24/><D58/><U35/><E8/><V27/><F27/><W119/><G30/><T70/><D57/><U105/><E35/><V33/><F33/><W99/><G32/><T83/><D70/><U23/><E23/><V12/><F12/><W124/><G119/><T42/><D24/><U46/><E46/><V54/><F54/><W72/><G124/><T86/><D48/><U65/><E65/><V127/><F127/><W47/><G47/><T77/><D44/><U103/><E1/><V38/><F38/><W28/><G28/><T3/><D3/><U75/><E2/><V74/><F74/><W79/><G72/><T49/><D49/><U11/><E75/><V125/><F125/><W21/><G53/><T122/><D41/><U43/><E43/><V114/><F114/><W93/><G67/><T45/><D45/><U18/><E66/><V94/><F94/><W129/><G64/><T101/><D42/><RYUUKYOKU ba="0,1" sc="230,-10,240,-10,230,30,290,-10" hai2="13,14,80,81,85,87,97,98,113,115,117,118,123" /><INIT seed="2,1,1,1,0,38" ten="220,230,260,280" oya="2" hai0="100,16,75,59,89,133,65,26,22,83,128,134,55" hai1="9,15,11,91,25,56,76,12,44,117,18,42,94" hai2="114,82,66,10,31,116,2,95,63,74,98,4,88" hai3="102,51,45,21,111,108,1,19,104,86,48,122,8"/><V70/><F114/><W37/><G122/><T130/><D100/><U135/><E135/><N who="0" m="51721" /><D65/><U72/><E117/><V105/><F116/><W81/><G102/><T20/><D20/><U41/><E44/><V3/><F31/><W17/><G104/><T90/><D75/><U106/><E106/><V93/><F105/><W77/><G37/><T30/><D30/><U67/><E25/><V85/><F74/><W120/><G120/><T35/><D35/><U62/><E76/><V54/><F54/><W119/><G119/><T49/><D83/><U71/><E71/><V27/><F27/><W5/><G51/><T46/><D59/><U33/><E33/><V115/><F115/><W109/><REACH who="3" step="1"/><G21/><REACH who="3" ten="220,230,260,270" step="2"/><T34/><D34/><U13/><E72/><V78/><REACH who="2" step="1"/><F95/><REACH who="2" ten="220,230,250,270" step="2"/><W43/><AGARI ba="1,3" hai="1,5,8,17,19,43,45,48,77,81,86,108,109,111" machi="43" ten="30,8000,1" yaku="1,1,2,1,0,1,14,1,52,1,53,0" doraHai="38" doraHaiUra="60" who="3" fromWho="3" sc="220,-21,230,-21,250,-41,270,113" /><INIT seed="3,0,0,1,3,35" ten="199,209,209,383" oya="3" hai0="71,46,31,37,105,20,27,23,34,69,106,99,92" hai1="62,13,22,7,124,102,52,118,77,24,119,54,60" hai2="126,36,33,78,131,115,66,70,81,30,114,110,15" hai3="72,0,65,75,113,130,25,123,26,73,95,29,109"/><W9/><G123/><T51/><D37/><U97/><E77/><V84/><F110/><W135/><G113/><T125/><D125/><U112/><E124/><V38/><F126/><W1/><G109/><T14/><D105/><U87/><E87/><V129/><F38/><W134/><G130/><N who="2" m="49673" /><F36/><W64/><G95/><T49/><D106/><U16/><E112/><V91/><F15/><W108/><G108/><T93/><D34/><U39/><E39/><V83/><F66/><N who="3" m="25707" /><G9/><T94/><D99/><U74/><E74/><N who="2" m="43223" /><F70/><W128/><G128/><T96/><D96/><U12/><E7/><V107/><F107/><W90/><G90/><T103/><D103/><U85/><E85/><V48/><F48/><W50/><G50/><T55/><REACH who="0" step="1"/><D51/><REACH who="0" ten="189,209,209,383" step="2"/><U121/><E121/><V80/><F80/><W101/><G101/><T6/><D6/><U56/><E97/><V104/><F104/><W61/><G61/><T42/><D42/><U76/><E102/><V100/><F100/><W79/><G75/><T28/><D28/><U10/><E10/><V43/><F43/><W127/><G73/><T82/><D82/><U44/><E76/><V11/><F11/><W58/><G79/><T117/><D117/><N who="1" m="44555" /><E44/><V122/><F122/><W67/><G72/><T133/><D133/><U86/><E86/><V120/><F120/><W132/><G127/><T47/><D47/><U63/><E63/><V45/><F45/><W17/><G135/><T5/><D5/><U88/><E88/><V32/><F30/><W53/><G134/><T4/><D4/><U59/><AGARI ba="0,1" hai="12,13,16,22,24,52,54,56,59,60,62" m="44555" machi="59" ten="30,4000,0" yaku="12,1,54,2" doraHai="35" who="1" fromWho="1" sc="189,-10,209,50,209,-10,383,-20" /><INIT seed="4,0,0,4,2,28" ten="179,259,199,363" oya="0" hai0="18,33,122,108,5,39,51,30,114,102,9,113,127" hai1="119,71,130,84,46,4,129,68,29,100,22,38,91" hai2="53,49,95,69,77,7,87,78,103,115,111,98,1" hai3="3,27,8,59,32,65,16,101,50,23,121,20,24"/><T82/><D122/><U57/><E119/><V134/><F111/><W62/><G121/><T85/><D39/><U70/><E4/><V118/><F115/><N who="0" m="44042" /><D108/><U124/><E100/><V89/><F69/><W0/><G101/><T66/><D127/><U47/><E124/><V41/><F134/><W93/><G93/><T105/><D66/><U61/><E22/><V104/><F41/><W26/><G8/><T48/><D18/><U35/><E35/><V55/><F118/><W80/><G80/><T126/><D126/><U120/><E29/><V99/><F99/><W63/><G63/><T106/><D102/><U19/><E19/><V2/><F55/><W58/><G27/><N who="0" m="18655" /><D105/><U96/><E96/><V14/><F14/><W54/><G32/><T131/><D131/><N who="1" m="50187" /><E38/><V125/><F125/><W60/><G60/><T97/><D97/><U25/><E25/><V74/><F7/><W36/><G36/><T133/><D106/><U88/><E120/><V83/><REACH who="2" step="1"/><F78/><REACH who="2" ten="179,259,189,363" step="2"/><W42/><G42/><T92/><D133/><U40/><E40/><V11/><F11/><W90/><G90/><N who="0" m="51511" /><D92/><N who="1" m="54279" /><E91/><V107/><F107/><W44/><G54/><AGARI ba="0,1" hai="46,47,54,57,61,68,70,71" m="54279,50187" machi="54" ten="40,2600,0" yaku="19,1,54,1" doraHai="28" who="1" fromWho="3" sc="179,0,259,36,189,0,363,-26" /><INIT seed="5,0,0,5,0,25" ten="179,295,189,337" oya="1" hai0="34,6,38,53,45,27,131,49,104,107,114,48,55" hai1="7,44,51,127,83,85,30,54,31,58,43,113,75" hai2="108,84,116,129,33,120,128,123,73,21,70,76,99" hai3="133,15,14,77,26,103,118,121,82,5,80,47,28"/><U124/><E75/><V40/><F33/><W9/><G121/><T117/><D117/><U4/><E113/><V109/><F70/><W13/><G133/><T46/><D114/><U17/><E17/><V90/><F40/><W32/><G118/><T1/><D131/><N who="2" m="50250" /><F116/><W62/><G103/><T29/><REACH who="0" step="1"/><D38/><REACH who="0" ten="169,295,189,337" step="2"/><U68/><E127/><V24/><F123/><W42/><G62/><T130/><D130/><U86/><E124/><V105/><F120/><W0/><G77/><T122/><D122/><U87/><E83/><N who="2" m="49439" /><F76/><W16/><G82/><T98/><D98/><U88/><E68/><V37/><F37/><W95/><G80/><T10/><AGARI ba="0,1" hai="1,6,10,27,29,34,45,46,48,49,53,55,104,107" machi="10" ten="30,7900,0" yaku="1,1,0,1,9,1,52,1,53,0" doraHai="25" doraHaiUra="60" who="0" fromWho="0" sc="169,89,295,-39,189,-20,337,-20" /><INIT seed="6,0,0,1,0,17" ten="258,256,169,317" oya="2" hai0="72,80,26,9,36,107,81,135,69,93,74,52,53" hai1="120,71,56,59,134,114,128,79,87,73,112,49,58" hai2="131,46,33,6,97,1,82,43,94,18,37,83,133" hai3="60,29,119,35,88,91,99,130,66,121,122,51,64"/><V125/><F133/><W92/><G119/><T113/><D107/><U14/><E73/><V50/><F131/><W54/><G130/><T101/><D69/><U127/><E71/><V78/><F125/><W15/><G35/><T89/><D36/><U68/><E68/><V2/><F33/><W11/><G29/><T40/><D40/><U3/><E3/><V32/><F32/><W98/><G60/><T65/><D65/><U103/><E103/><V48/><F18/><W106/><G122/><T31/><D74/><U4/><E127/><V55/><F55/><W16/><G121/><T123/><D113/><N who="1" m="43627" /><E134/><V25/><F25/><W111/><G111/><T115/><D72/><U84/><E128/><V67/><F67/><W61/><G61/><T7/><D101/><U132/><E132/><V70/><F70/><W5/><G5/><T116/><D116/><U34/><E34/><V108/><F108/><W8/><G8/><T42/><D42/><U124/><E124/><V10/><F2/><W126/><G106/><T100/><D100/><U41/><E79/><V21/><F21/><W44/><G126/><T77/><D77/><U62/><E62/><V105/><F105/><W102/><G102/><T90/><D135/><U12/><E4/><V28/><F28/><W23/><G11/><T76/><D115/><U30/><E30/><V96/><F96/><W20/><G20/><N who="0" m="15815" /><D123/><U57/><E120/><V47/><F78/><W38/><G38/><T19/><D76/><U95/><E41/><N who="2" m="24687" /><F37/><W27/><G27/><T117/><D117/><U129/><E129/><V63/><F63/><RYUUKYOKU ba="0,0" sc="258,-15,256,-15,169,15,317,15" hai2="1,6,10,43,46,50,82,83,94,97" hai3="15,16,23,44,51,54,64,66,88,91,92,98,99" /><INIT seed="6,1,0,4,0,80" ten="243,241,184,332" oya="2" hai0="62,76,20,66,108,81,101,43,17,22,86,44,40" hai1="36,109,55,116,132,10,67,103,3,79,12,56,34" hai2="53,23,48,82,2,118,122,93,63,69,120,133,27" hai3="88,105,33,73,25,102,16,13,78,127,14,32,121"/><V117/><F2/><W107/><G25/><T59/><D108/><U6/><E34/><V51/><F133/><W42/><G107/><T92/><D44/><U87/><E109/><V31/><F93/><W77/><G78/><T11/><D11/><U114/><E36/><V57/><F82/><W38/><G14/><N who="0" m="9271" /><D22/><U130/><E103/><V68/><F51/><W4/><G77/><T119/><D119/><U1/><E67/><V95/><F95/><W84/><G102/><T9/><D9/><U96/><E96/><AGARI ba="1,0" hai="40,43,59,62,66,76,81,86,92,96,101" m="9271" machi="96" ten="30,2000,0" yaku="8,1,52,1" doraHai="80" who="0" fromWho="1" sc="243,23,241,-23,184,0,332,0" /><INIT seed="7,0,0,2,1,64" ten="266,218,184,332" oya="3" hai0="21,24,4,83,133,94,72,63,59,25,128,61,38" hai1="116,131,109,28,31,125,58,13,27,35,50,77,79" hai2="16,134,99,9,66,127,42,32,88,53,111,135,76" hai3="85,92,113,120,103,126,80,86,57,23,106,7,60"/><W93/><G106/><T81/><D38/><U100/><E109/><V97/><F111/><W98/><G7/><T73/><D4/><U90/><E100/><V124/><F76/><W115/><G126/><N who="2" m="48169" /><F42/><W96/><G23/><T123/><D21/><U2/><E125/><V26/><F66/><W67/><G120/><T39/><D123/><U118/><E77/><V91/><F53/><W121/><G121/><T44/><D39/><U29/><E79/><V3/><F3/><W107/><G107/><T11/><D73/><U34/><E2/><V117/><F117/><W5/><G5/><T40/><D40/><U84/><E35/><V65/><F65/><W130/><G130/><T82/><D72/><U52/><E131/><V87/><F32/><W36/><G36/><T19/><D128/><U132/><E132/><N who="2" m="50731" /><F26/><W43/><G43/><T68/><D25/><U110/><E110/><V74/><F74/><W14/><G14/><T46/><D24/><U54/><E54/><V71/><F71/><W51/><G67/><T8/><D68/><U95/><E13/><N who="2" m="7215" /><F91/><W15/><G15/><T62/><D133/><U75/><E75/><V12/><F12/><W0/><G0/><T108/><D108/><U122/><E122/><V55/><F55/><W10/><G60/><T33/><D62/><U101/><E101/><V47/><F47/><W41/><G103/><T105/><D46/><U30/><AGARI ba="0,0" hai="27,28,29,30,31,34,50,52,58,84,90,95,116,118" machi="30" ten="30,2000,0" yaku="0,1,54,1" doraHai="64" who="1" fromWho="1" sc="266,-5,218,20,184,-5,332,-10" owari="261,6.0,238,-16.0,179,-32.0,322,42.0" /></mjloggm>