<mjloggm ver="2.3"><GO type="169" lobby="0"/><UN n0="%6D%61%63%6A%72" n1="%E5%B0%B1%E6%B4%BB%E7%94%9F%40%E5%B7%9D%E6%9D%91%E8%BB%8D%E5%9B%A3" n2="%E3%82%A2%E3%82%AB%E3%82%AE%EF%BC%A0%E5%B7%9D%E6%9D%91%E8%BB%8D%E5%9B%A3" n3="%E3%82%B7%E3%83%B3%E3%83%87%E3%83%AB%E3%83%A9" dan="17,16,17,16" rate="2166.12,2132.04,2157.12,2102.42" sx="M,M,M,F"/><TAIKYOKU oya="0"/><INIT seed="0,0,0,4,1,101" ten="250,250,250,250" oya="0" hai0="81,100,1,21,67,92,42,121,0,123,40,89,41" hai1="61,124,135,49,20,122,103,60,107,62,39,35,130" hai2="48,44,86,118,114,71,59,55,66,97,108,6,5" hai3="7,10,16,127,132,111,84,19,29,63,79,3,46"/><T87/><D67/><U78/><E35/><V131/><F114/><W18/><G111/><T72/><D21/><U38/><E78/><V11/><F108/><W53/><G127/><T37/><D37/><U57/><E20/><V105/><F131/><W33/><G132/><T27/><D27/><U34/><E34/><V93/><F118/><W116/><G116/><T134/><D134/><U99/><E122/><V50/><F86/><W88/><G79/><T14/><D14/><U52/><E135/><V32/><F32/><W26/><G46/><T68/><D68/><U83/><E124/><V30/><F30/><W73/><G73/><T75/><D75/><U85/><REACH who="1" step="1"/><E130/><REACH who="1" ten="250,240,250,250" step="2"/><V65/><F11/><W119/><G119/><T126/><D126/><U80/><E80/><V128/><F128/><W4/><G4/><T125/><D125/><U104/><E104/><V56/><F105/><W58/><REACH who="3" step="1"/><G19/><REACH who="3" ten="250,240,250,240" step="2"/><T24/><D121/><U94/><E94/><AGARI ba="0,2" hai="3,7,10,16,18,26,29,33,53,58,63,84,88,94" machi="94" ten="30,12000,2" yaku="1,1,2,1,7,1,54,2,53,1" doraHai="101" doraHaiUra="2" who="3" fromWho="1" sc="250,0,240,-120,250,0,240,140" /><INIT seed="1,0,0,0,5,31" ten="250,120,250,380" oya="1" hai0="66,78,87,117,131,125,86,123,21,12,33,57,8" hai1="67,26,46,5,120,99,39,119,0,4,102,124,80" hai2="10,112,88,53,34,115,52,13,75,38,130,97,81" hai3="107,110,41,121,105,25,19,91,54,28,122,132,30"/><U94/><E119/><V29/><F38/><W47/><G110/><T103/><D33/><U65/><E120/><V36/><F36/><W64/><G132/><T6/><D117/><U69/><E124/><V116/><F116/><W11/><G64/><T113/><D113/><N who="2" m="43594" /><F130/><W18/><G54/><T127/><D103/><U3/><E26/><N who="2" m="18743" /><F75/><W100/><G91/><T72/><D72/><U2/><E80/><V9/><F9/><W95/><G95/><T1/><D78/><U83/><E83/><V49/><F49/><W109/><G109/><T77/><D77/><U63/><REACH who="1" step="1"/><E65/><REACH who="1" ten="250,110,250,380" step="2"/><V111/><F111/><W104/><G25/><T45/><D123/><U76/><E76/><V101/><F81/><W43/><G122/><T133/><D125/><U84/><E84/><V56/><F56/><W106/><G121/><T51/><D127/><U60/><E60/><V90/><F53/><W98/><G106/><T89/><D57/><U50/><E50/><V44/><F52/><W58/><G58/><T128/><D66/><U92/><E92/><N who="2" m="58535" /><F44/><W62/><G62/><T35/><D86/><U40/><AGARI ba="0,1" hai="0,2,3,4,5,39,40,46,63,67,69,94,99,102" machi="40" ten="40,3900,0" yaku="1,1,0,1,53,0" doraHai="31" doraHaiUra="85" who="1" fromWho="1" sc="250,-13,110,49,250,-13,380,-13" /><INIT seed="1,1,0,3,5,113" ten="237,159,237,367" oya="1" hai0="3,102,125,94,107,48,43,98,127,57,82,122,11" hai1="47,37,119,77,71,19,39,123,76,61,105,81,7" hai2="13,79,88,90,65,14,129,135,89,59,4,114,132" hai3="18,78,91,62,33,23,100,97,128,112,63,40,69"/><U66/><E123/><V84/><F114/><W27/><G112/><T85/><D122/><U36/><E19/><V96/><F96/><W53/><G128/><T130/><D130/><U106/><E47/><V99/><F99/><W83/><G33/><T87/><D3/><U38/><N who="1" m="9728" /><DORA hai="121" /><U55/><E55/><V58/><F129/><W72/><G40/><T20/><D11/><U10/><E119/><V101/><F101/><W24/><G69/><T131/><D20/><U73/><REACH who="1" step="1"/><E76/><REACH who="1" ten="237,149,237,367" step="2"/><V67/><F4/><W92/><G53/><T34/><D131/><U31/><E31/><V111/><F79/><W21/><G100/><T54/><D43/><U70/><E70/><V108/><F90/><W0/><G78/><T32/><D125/><U109/><E109/><V29/><F29/><W42/><G42/><T28/><D127/><U124/><E124/><V120/><F120/><W115/><G91/><N who="0" m="53631" /><D28/><U64/><E64/><V25/><F25/><W133/><G27/><T12/><D54/><U75/><E75/><V5/><F84/><W110/><G72/><T1/><D85/><U95/><E95/><V17/><F5/><W134/><G92/><T46/><D46/><U86/><E86/><V2/><F17/><W6/><G18/><T41/><D41/><U68/><E68/><V22/><F111/><W9/><G110/><T44/><D44/><U56/><E56/><V104/><F108/><W15/><G6/><T116/><D57/><U103/><E103/><V117/><F59/><W30/><G115/><T16/><D102/><U52/><E52/><V45/><F58/><RYUUKYOKU ba="1,1" sc="237,-10,149,30,237,-10,367,-10" hai1="7,10,61,66,71,73,77,81,105,106" /><INIT seed="1,2,1,0,2,25" ten="227,179,227,357" oya="1" hai0="103,120,112,12,66,104,81,3,124,60,52,76,64" hai1="68,53,21,24,130,19,36,54,85,117,100,38,41" hai2="78,75,98,40,28,2,123,48,11,134,105,74,79" hai3="14,77,97,58,61,83,92,118,96,73,109,23,39"/><U22/><E117/><V80/><F123/><W129/><G118/><T102/><D3/><U51/><E68/><V18/><F134/><W20/><G109/><T32/><D112/><U9/><E130/><V113/><F113/><W0/><G129/><T44/><D32/><U86/><E100/><V84/><F40/><W133/><G133/><T10/><D104/><U7/><E38/><V15/><F48/><W89/><G0/><T31/><D31/><U55/><E36/><V115/><F115/><W88/><G39/><T72/><D124/><U135/><E135/><V8/><F28/><W93/><REACH who="3" step="1"/><G14/><REACH who="3" ten="227,179,227,347" step="2"/><T108/><D12/><N who="1" m="5183" /><E21/><V87/><F2/><W107/><G107/><T5/><D108/><U95/><E95/><V35/><F8/><W1/><G1/><T49/><D120/><U43/><E51/><V29/><F105/><W56/><G56/><T91/><D10/><U17/><E17/><V57/><F57/><W114/><G114/><T111/><D111/><U33/><E33/><V50/><F50/><W131/><G131/><T27/><D49/><U62/><E62/><V128/><F128/><W126/><G126/><T26/><D60/><U67/><E67/><AGARI ba="2,2" hai="20,23,58,61,67,73,77,83,88,89,92,93,96,97" machi="67" ten="30,7700,0" yaku="1,1,7,1,9,1,54,1,53,0" doraHai="25" doraHaiUra="70" who="3" fromWho="1" sc="227,0,179,-83,227,0,347,103" /><INIT seed="2,0,0,5,4,43" ten="227,96,227,450" oya="2" hai0="53,5,83,40,131,16,135,69,66,29,110,12,0" hai1="112,79,62,95,75,58,21,132,15,32,25,24,90" hai2="103,72,30,97,57,91,93,65,78,100,2,59,27" hai3="44,106,1,134,4,74,89,87,109,133,14,11,128"/><V47/><F2/><W68/><G109/><T98/><D40/><U50/><E112/><V120/><F120/><W77/><G128/><T121/><D29/><U107/><E107/><V88/><F72/><W3/><G68/><T80/><D5/><U85/><E132/><N who="3" m="50794" /><G106/><T124/><D0/><U104/><E104/><V28/><F78/><W101/><G101/><N who="2" m="38985" /><F91/><W48/><G74/><T96/><D66/><U115/><E115/><V63/><F59/><W34/><G34/><T17/><D135/><U19/><E32/><V33/><F33/><W123/><G77/><T67/><D69/><U45/><E79/><V118/><F118/><W113/><G123/><T84/><D121/><U114/><E75/><V82/><F82/><N who="3" m="49399" /><G113/><T71/><D71/><U42/><REACH who="1" step="1"/><E114/><REACH who="1" ten="227,86,227,450" step="2"/><V105/><F105/><W18/><G4/><T13/><D131/><U70/><E70/><V81/><F81/><W36/><G1/><T31/><D80/><U6/><E6/><V55/><F27/><W23/><G3/><T73/><D83/><U125/><E125/><V117/><F117/><W76/><G76/><T22/><D124/><U20/><E20/><V51/><AGARI ba="0,1" hai="28,30,47,51,55,57,63,65,88,93,97" m="38985" machi="51" ten="30,6000,0" yaku="8,1,52,1,54,1" doraHai="43" who="2" fromWho="2" sc="227,-20,86,-20,227,70,450,-20" /><INIT seed="2,1,0,4,3,66" ten="207,66,297,430" oya="2" hai0="44,1,73,17,130,11,81,83,60,76,23,95,124" hai1="16,96,74,57,62,110,92,7,114,101,71,91,116" hai2="93,65,119,38,53,10,19,20,54,85,70,105,63" hai3="30,4,3,104,36,111,55,43,37,22,97,61,86"/><V100/><F119/><W115/><G111/><T77/><D124/><U120/><E116/><V84/><F38/><W13/><G115/><T102/><D130/><U89/><E74/><V106/><F10/><W94/><G104/><T128/><D128/><U87/><E114/><V121/><F121/><W125/><G125/><T75/><D44/><U12/><E120/><V122/><F122/><W113/><G113/><T52/><D102/><U26/><E110/><V51/><F54/><W80/><G43/><T40/><D95/><U49/><E7/><V42/><F42/><W59/><G3/><T0/><D11/><U88/><E26/><V9/><F9/><W27/><G4/><T117/><D40/><U98/><E49/><V31/><F31/><W48/><G13/><T2/><D117/><U58/><E96/><V82/><F100/><W8/><G8/><T67/><D52/><N who="1" m="34087" /><E71/><V103/><F106/><W126/><G126/><T69/><D2/><U18/><E18/><V33/><F105/><W56/><G56/><T32/><D32/><U79/><E58/><V135/><F33/><W118/><G118/><T64/><D64/><U107/><E107/><V68/><F68/><W34/><G34/><T131/><D131/><U5/><E5/><V99/><F70/><W123/><G123/><T45/><D45/><U134/><E134/><V15/><F135/><W25/><G25/><AGARI ba="1,0" hai="0,1,17,23,25,60,67,69,73,75,76,77,81,83" machi="25" ten="30,3900,0" yaku="7,1,9,1,52,1" doraHai="66" who="0" fromWho="3" sc="207,42,66,0,297,0,430,-42" /><INIT seed="3,0,0,1,3,61" ten="249,66,297,388" oya="3" hai0="22,130,63,0,95,81,111,103,131,86,80,7,128" hai1="2,3,115,74,72,135,54,34,89,37,116,64,26" hai2="129,9,68,8,113,48,11,42,47,6,92,77,20" hai3="67,126,16,18,58,75,57,101,29,65,132,84,1"/><W110/><G75/><T120/><D120/><U69/><E54/><V4/><F113/><W85/><G1/><T97/><D111/><U119/><E115/><V41/><F68/><W123/><G123/><T59/><D22/><U78/><E89/><V114/><F114/><W27/><G110/><T5/><D0/><U76/><E37/><V17/><F129/><W32/><G101/><T25/><D25/><U133/><E26/><N who="2" m="14607" /><F77/><W45/><G45/><T40/><D40/><N who="2" m="15466" /><F92/><W46/><G46/><T109/><D80/><U100/><E69/><V117/><F117/><W108/><G108/><T53/><REACH who="0" step="1"/><D109/><REACH who="0" ten="239,66,297,388" step="2"/><U112/><E112/><V105/><F8/><W36/><G27/><T71/><D71/><U12/><E12/><V121/><F11/><W127/><G32/><T60/><D60/><U90/><E34/><V102/><F9/><W124/><G29/><T39/><D39/><U99/><E90/><AGARI ba="0,1" hai="5,7,53,59,63,81,86,90,95,97,103,128,130,131" machi="90" ten="40,2600,0" yaku="1,1,19,1,53,0" doraHai="61" doraHaiUra="106" who="0" fromWho="1" sc="239,36,66,-26,297,0,388,0" /><INIT seed="4,0,0,4,3,1" ten="275,40,297,388" oya="0" hai0="88,64,9,68,87,16,103,80,60,101,94,74,5" hai1="58,76,18,133,77,135,49,14,95,134,22,120,17" hai2="106,35,26,3,61,25,62,127,112,2,118,28,46" hai3="37,69,107,13,111,53,43,73,114,30,109,7,36"/><T70/><D70/><U65/><E120/><V42/><F106/><W110/><G107/><T44/><D16/><U33/><E33/><V78/><F112/><W59/><G73/><T116/><D116/><U55/><E65/><V67/><F118/><W6/><G30/><T122/><D122/><U11/><REACH who="1" step="1"/><E95/><REACH who="1" ten="275,30,297,388" step="2"/><V40/><F67/><W57/><G110/><T27/><D94/><U130/><E130/><V117/><F35/><W100/><G109/><T32/><D32/><U39/><E39/><V86/><F117/><W97/><G37/><T113/><D113/><U10/><E10/><V31/><F127/><W84/><G36/><T45/><D9/><U38/><E38/><V66/><F66/><W102/><G114/><T63/><D64/><U123/><E123/><V128/><F128/><W4/><G111/><T83/><D68/><U89/><E89/><V19/><F78/><W79/><G69/><T108/><D108/><U92/><E92/><V105/><F105/><W47/><G79/><T72/><D88/><U23/><E23/><V98/><F98/><W34/><G97/><T71/><D71/><U50/><E50/><V126/><F126/><W93/><G34/><T121/><D121/><U81/><E81/><V131/><F131/><W132/><G93/><T29/><D80/><U115/><E115/><V75/><F62/><W129/><G129/><T96/><D96/><U41/><E41/><V51/><F61/><W91/><G43/><T56/><D60/><U54/><E54/><V90/><F51/><W24/><G53/><N who="0" m="34191" /><D83/><U125/><E125/><V99/><F42/><RYUUKYOKU ba="0,1" sc="275,-10,30,30,297,-10,388,-10" hai1="11,14,17,18,22,49,55,58,76,77,133,134,135" /><INIT seed="5,1,1,0,0,72" ten="265,60,287,378" oya="1" hai0="30,47,38,106,93,80,26,122,82,74,8,90,121" hai1="111,41,101,132,34,5,104,96,45,123,66,35,126" hai2="49,73,87,84,110,44,81,28,61,32,91,62,102" hai3="58,22,133,18,109,60,103,116,43,25,17,20,119"/><U70/><E123/><N who="0" m="47113" /><D106/><U23/><E111/><V113/><F110/><W57/><G133/><T40/><D8/><U118/><E132/><V50/><F73/><W59/><G109/><T3/><D3/><U117/><E126/><V7/><F113/><W129/><G129/><T76/><D80/><U27/><E5/><V120/><F120/><W15/><G43/><T134/><D134/><U69/><E23/><V52/><F102/><W131/><G131/><T79/><D82/><U107/><E104/><V130/><F130/><W125/><G125/><T65/><D65/><U88/><E88/><N who="2" m="51215" /><F32/><N who="1" m="12329" /><E27/><V83/><F28/><W85/><G103/><T99/><D74/><U92/><E92/><V55/><F7/><W1/><G1/><T128/><D128/><U105/><E107/><V98/><F98/><W39/><G85/><T11/><D11/><U29/><E29/><V42/><F55/><N who="3" m="33855" /><G39/><T14/><D14/><U89/><E89/><V16/><F16/><W114/><G114/><T12/><D12/><U135/><E135/><V51/><F51/><W46/><G15/><T100/><D100/><U68/><E66/><V9/><F9/><W48/><G17/><T108/><D108/><U56/><E56/><AGARI ba="1,1" hai="42,44,49,50,52,56,61,62,83,87,91" m="51215" machi="56" ten="30,3900,0" yaku="8,1,54,2" doraHai="72" who="2" fromWho="1" sc="265,0,60,-42,287,52,378,0" /><INIT seed="6,0,0,1,0,85" ten="265,18,339,378" oya="2" hai0="23,41,87,66,67,19,14,119,118,76,26,103,30" hai1="99,78,33,32,96,107,131,59,60,116,92,125,106" hai2="13,45,64,55,5,94,134,105,124,50,53,0,123" hai3="46,79,31,52,37,113,17,25,22,49,90,62,97"/><V83/><F123/><W86/><G113/><T16/><D103/><U2/><E2/><V9/><F105/><W104/><G37/><T61/><D41/><U102/><E116/><V112/><F112/><W110/><G110/><T122/><D122/><U4/><E125/><V133/><F124/><W74/><G74/><T40/><D40/><U73/><E131/><V54/><F64/><W3/><G3/><T100/><D100/><U10/><E73/><V6/><F83/><N who="3" m="47487" /><G104/><T77/><D19/><U36/><E36/><V44/><F0/><W57/><G31/><T82/><D76/><U12/><E78/><V28/><F28/><W43/><G97/><T93/><D93/><U117/><E117/><N who="0" m="44553" /><D61/><U18/><E4/><V68/><F5/><W42/><G42/><T58/><D58/><U48/><E48/><V88/><F68/><W11/><G11/><AGARI ba="0,0" hai="11,14,16,23,26,30,66,67,77,82,87" m="44553" machi="11" ten="30,2000,0" yaku="12,1,54,1" doraHai="85" who="0" fromWho="3" sc="265,20,18,0,339,0,378,-20" /><INIT seed="7,0,0,2,0,122" ten="285,18,339,358" oya="3" hai0="99,58,132,135,4,64,54,83,131,82,66,36,2" hai1="61,74,13,42,106,22,19,5,41,59,29,52,70" hai2="91,51,65,71,24,23,93,10,38,95,39,76,128" hai3="18,72,55,79,109,48,62,97,103,32,120,57,94"/><W53/><G120/><T75/><D4/><U133/><E133/><N who="0" m="51273" /><D2/><U112/><E112/><V40/><F128/><W34/><G109/><T127/><D99/><U108/><E106/><V50/><F76/><W16/><G72/><T80/><D58/><U96/><E74/><V129/><F129/><W77/><G34/><T111/><D75/><U43/><E70/><V104/><F104/><W87/><G32/><T47/><D131/><U73/><E73/><V88/><F10/><W9/><G9/><T35/><D35/><U86/><E108/><V92/><F71/><W44/><G79/><T134/><N who="0" m="51281" /><T110/><DORA hai="28" /><D127/><U130/><E130/><V115/><F115/><W107/><G107/><T123/><D123/><U67/><E5/><V119/><F119/><W30/><G30/><T84/><D84/><U78/><E29/><V26/><F65/><N who="0" m="25194" /><D54/><U12/><E67/><V37/><F40/><AGARI ba="0,0" hai="36,40,47,80,82,83,110,111" m="25194,51281" machi="40" ten="50,6400,0" yaku="20,1,52,2" doraHai="122,28" who="0" fromWho="2" sc="285,64,18,0,339,-64,358,0" owari="349,15.0,18,-48.0,275,-12.0,358,45.0" /></mjloggm>