<mjloggm ver="2.3"><GO type="169" lobby="0"/><UN n0="%E5%B0%B1%E6%B4%BB%E7%94%9F%40%E5%B7%9D%E6%9D%91%E8%BB%8D%E5%9B%A3" n1="%E6%88%A6%E9%97%98%E5%93%A1%EF%BC%A0%E5%B7%9D%E6%9D%91%E8%BB%8D%E5%9B%A3" n2="%41%6B%6B%69%79" n3="%28%E3%80%8C%E3%83%BB%60%CF%89%E3%83%BB%29%E3%80%8C" dan="16,16,16,16" rate="2055.36,2093.70,2047.98,2070.26" sx="M,M,M,M"/><TAIKYOKU oya="0"/><INIT seed="0,0,0,2,3,109" ten="250,250,250,250" oya="0" hai0="64,117,118,72,81,18,94,108,104,21,0,80,43" hai1="11,116,61,100,54,58,35,39,28,113,29,13,107" hai2="63,1,30,56,119,6,91,120,85,49,22,2,15" hai3="48,5,14,114,89,70,8,127,46,12,42,37,7"/><T133/><D0/><U34/><E39/><V83/><F120/><W67/><G127/><T101/><D104/><U134/><E116/><V75/><F75/><W135/><G135/><T51/><D108/><U41/><E41/><V82/><F119/><W44/><G70/><T90/><D133/><U4/><E134/><V121/><F83/><W86/><G67/><T3/><D3/><U105/><E100/><V40/><F121/><W69/><G69/><T132/><D132/><U65/><E29/><V123/><F123/><W53/><G114/><T77/><D64/><U32/><E113/><V9/><F22/><W130/><G130/><T62/><D81/><U129/><E129/><V47/><REACH who="2" step="1"/><F30/><REACH who="2" ten="250,250,240,250" step="2"/><W96/><G96/><T97/><D117/><U52/><E28/><V79/><F79/><W122/><G122/><T33/><D33/><U31/><E31/><V125/><F125/><W126/><G126/><T27/><D118/><U38/><E34/><V76/><F76/><W131/><G131/><T55/><D43/><U73/><E32/><V66/><AGARI ba="0,1" hai="1,2,6,9,15,40,47,49,56,63,66,82,85,91" machi="66" ten="20,2700,0" yaku="1,1,0,1,7,1,53,0" doraHai="109" doraHaiUra="115" who="2" fromWho="2" sc="250,-13,250,-7,240,37,250,-7" /><INIT seed="1,0,0,4,5,12" ten="237,243,277,243" oya="1" hai0="73,93,38,110,0,21,113,11,100,124,33,71,56" hai1="106,84,52,9,69,37,40,91,99,61,133,83,79" hai2="15,49,122,59,62,131,117,58,86,98,108,14,16" hai3="27,36,8,5,53,1,118,77,103,102,111,90,6"/><U43/><E133/><V29/><F122/><W88/><G36/><T66/><D56/><N who="1" m="34951" /><E69/><V130/><F117/><W94/><G111/><T39/><D66/><U34/><E34/><V120/><F120/><W20/><G118/><T114/><D33/><U126/><E106/><V80/><F29/><W10/><G77/><T74/><D73/><U2/><E37/><V23/><F108/><W30/><G90/><T70/><D74/><U63/><E2/><V46/><F98/><W67/><G67/><T44/><D71/><U128/><E128/><N who="2" m="49195" /><F15/><W26/><G26/><T82/><D70/><U107/><E107/><V89/><F62/><W4/><G53/><AGARI ba="0,0" hai="14,16,23,46,49,53,58,59,80,86,89" m="49195" machi="53" ten="30,3900,0" yaku="19,1,52,1,54,1" doraHai="12" who="2" fromWho="3" sc="237,0,243,0,277,39,243,-39" /><INIT seed="2,0,0,2,3,1" ten="237,243,316,204" oya="2" hai0="53,19,72,73,48,120,84,56,8,82,3,24,131" hai1="9,127,71,109,4,107,118,30,76,117,47,88,60" hai2="7,40,125,29,55,110,32,95,68,62,93,10,61" hai3="52,35,133,34,102,0,17,64,31,36,45,128,33"/><V42/><F125/><W67/><G0/><T22/><D120/><U132/><E107/><V116/><F116/><W5/><G36/><T114/><D114/><U81/><E127/><V69/><F29/><W103/><G128/><T104/><D104/><U46/><E30/><V14/><F32/><W65/><G31/><T20/><D131/><U126/><E109/><V27/><F27/><W54/><G133/><T80/><D80/><U12/><E126/><V79/><F79/><W13/><G5/><T25/><D8/><U100/><E100/><V37/><F37/><W38/><G38/><T16/><REACH who="0" step="1"/><D3/><REACH who="0" ten="227,243,316,204" step="2"/><U78/><E9/><V2/><F2/><W6/><G35/><T94/><D94/><U74/><E81/><V75/><F95/><W23/><G34/><T101/><D101/><U15/><E117/><V21/><F93/><W39/><G33/><T26/><D26/><U105/><E118/><V58/><F10/><N who="3" m="4311" /><G102/><T91/><AGARI ba="0,1" hai="16,19,20,22,24,25,48,53,56,72,73,82,84,91" machi="91" ten="20,12000,2" yaku="1,1,0,1,7,1,9,1,54,1,53,1" doraHai="1" doraHaiUra="51" who="0" fromWho="0" sc="227,130,243,-30,316,-60,204,-30" /><INIT seed="3,0,0,4,0,131" ten="357,213,256,174" oya="3" hai0="101,12,128,77,92,56,119,21,62,1,80,73,108" hai1="59,29,40,35,61,30,10,110,111,6,93,78,23" hai2="28,126,67,90,44,46,117,68,103,96,32,121,106" hai3="64,31,18,100,19,34,63,37,49,113,58,15,39"/><W38/><G113/><T55/><D108/><N who="1" m="41515" /><E78/><V86/><F117/><W50/><G100/><T134/><D1/><N who="1" m="335" /><E40/><V36/><F36/><W87/><G19/><T81/><D128/><U94/><E35/><V2/><F2/><W11/><REACH who="3" step="1"/><G87/><REACH who="3" ten="357,213,256,164" step="2"/><T16/><D119/><U112/><E112/><V26/><F121/><W71/><G71/><T83/><REACH who="0" step="1"/><D134/><REACH who="0" ten="347,213,256,164" step="2"/><U125/><E125/><V13/><F126/><W109/><G109/><T70/><D70/><U57/><E30/><V8/><F28/><W14/><G14/><T9/><D9/><U69/><E29/><V130/><F13/><W53/><G53/><T0/><D0/><U116/><E69/><V132/><F8/><W104/><G104/><T133/><D133/><U60/><E116/><V22/><F132/><W47/><G47/><T105/><D105/><U91/><E61/><V52/><F46/><W76/><G76/><T122/><D122/><U5/><E60/><V88/><F52/><W74/><G74/><T102/><D102/><U124/><E124/><V97/><F44/><W82/><G82/><T27/><D27/><AGARI ba="0,2" hai="11,15,18,27,31,34,37,38,39,49,50,58,63,64" machi="27" ten="40,2000,0" yaku="1,1,53,0" doraHai="131" doraHaiUra="85" who="3" fromWho="0" sc="347,-20,213,0,256,0,164,40" /><INIT seed="3,1,0,2,0,130" ten="327,213,256,204" oya="3" hai0="121,20,97,71,86,79,76,48,25,1,28,10,84" hai1="59,5,99,98,22,103,93,110,49,9,17,62,65" hai2="38,27,13,57,106,129,80,116,123,75,96,127,58" hai3="108,73,3,69,43,30,32,70,50,77,72,78,133"/><W14/><G3/><T66/><D121/><U34/><E34/><V31/><F38/><W82/><G108/><T131/><D131/><U107/><E49/><V67/><F129/><W112/><G112/><T87/><D97/><U85/><E85/><V54/><F127/><W111/><G111/><T18/><D48/><U33/><E33/><V104/><F123/><W35/><G30/><T63/><REACH who="0" step="1"/><D18/><REACH who="0" ten="317,213,256,204" step="2"/><U23/><E110/><V132/><F96/><W42/><G50/><T109/><D109/><U68/><E17/><V40/><F116/><W115/><G115/><T135/><D135/><U102/><REACH who="1" step="1"/><E68/><REACH who="1" ten="317,203,256,204" step="2"/><V55/><F132/><W100/><G133/><T101/><D101/><U60/><E60/><V2/><F31/><W21/><G100/><T26/><D26/><U64/><E64/><V114/><F27/><W134/><G134/><T6/><AGARI ba="1,2" hai="1,6,10,20,25,28,63,66,71,76,79,84,86,87" machi="6" ten="30,2000,0" yaku="1,1,0,1,53,0" doraHai="130" doraHaiUra="119" who="0" fromWho="0" sc="317,43,203,-6,256,-6,204,-11" /><INIT seed="4,0,0,3,0,130" ten="360,197,250,193" oya="0" hai0="102,30,36,19,99,47,50,48,32,77,90,61,7" hai1="42,131,9,97,22,124,93,62,95,68,116,119,21" hai2="55,37,125,10,132,46,70,65,49,72,31,1,63" hai3="84,79,85,75,127,41,83,122,20,111,104,27,108"/><T69/><D7/><U103/><E131/><V100/><F72/><W11/><G41/><T38/><D77/><U13/><E124/><V24/><F125/><W45/><G45/><T14/><D90/><U5/><E42/><V134/><F10/><W118/><G127/><T2/><D2/><U53/><E93/><V51/><F1/><W56/><G104/><T86/><D86/><U34/><E34/><V80/><F80/><W54/><G11/><T17/><D50/><U81/><E81/><V120/><F120/><W16/><G122/><T58/><D19/><U66/><REACH who="1" step="1"/><E53/><REACH who="1" ten="360,187,250,193" step="2"/><V91/><F37/><W112/><G118/><AGARI ba="0,1" hai="5,9,13,21,22,62,66,68,95,97,103,116,118,119" machi="118" ten="40,8000,1" yaku="1,1,2,1,53,3" doraHai="130" doraHaiUra="113" who="1" fromWho="3" sc="360,0,187,90,250,0,193,-80" /><INIT seed="5,0,0,4,5,2" ten="360,277,250,113" oya="1" hai0="69,129,133,106,45,79,120,8,112,56,57,35,126" hai1="111,48,71,66,37,95,94,42,108,39,12,83,36" hai2="121,10,11,53,131,41,15,65,21,67,91,52,125" hai3="31,6,135,9,24,63,119,46,104,92,99,76,38"/><U14/><E83/><V113/><F121/><W74/><G135/><T105/><D8/><U4/><E71/><V116/><F116/><W3/><G119/><T59/><D69/><U13/><E66/><V49/><F125/><W78/><G104/><T1/><D35/><U130/><E130/><V51/><F41/><W115/><G115/><T22/><D79/><U43/><E4/><V124/><F131/><W82/><G76/><T97/><D1/><U110/><REACH who="1" step="1"/><E48/><REACH who="1" ten="360,267,250,113" step="2"/><V93/><F113/><W96/><G63/><T85/><D129/><U64/><E64/><V34/><F67/><W58/><G58/><T122/><D59/><U101/><E101/><V20/><F65/><W7/><G7/><T86/><D57/><U132/><E132/><V47/><F124/><W127/><G127/><T50/><D56/><U70/><E70/><V19/><F51/><W44/><G44/><T109/><D50/><U80/><E80/><V100/><F100/><W118/><G118/><T84/><D45/><U81/><E81/><V75/><F53/><W27/><G92/><AGARI ba="0,1" hai="12,13,14,36,37,39,42,43,92,94,95,108,110,111" machi="92" ten="60,18000,2" yaku="1,1,29,2,28,2,10,1,53,0" doraHai="2" doraHaiUra="28" who="1" fromWho="3" sc="360,0,267,190,250,0,113,-180" owari="360,16.0,457,56.0,250,-15.0,-67,-57.0" /></mjloggm>