<mjloggm ver="2.3"><GO type="169" lobby="0"/><UN n0="%E4%B8%80%E9%96%83%E3%81%95%E3%82%93" n1="%E3%83%90%E3%83%BC%E3%83%89%E3%83%B3" n2="%E3%83%88%E3%83%88%E3%83%AA%E5%85%88%E7%94%9F%31%39%E6%AD%B3" n3="%E2%98%85%E9%9B%80%E9%AC%BC%E7%99%BE%E7%80%AC%E2%98%85" dan="17,16,17,18" rate="2085.59,2064.65,2224.31,2182.40" sx="M,M,F,M"/><TAIKYOKU oya="0"/><INIT seed="0,0,0,2,5,111" ten="250,250,250,250" oya="0" hai0="95,36,43,44,73,113,24,22,21,6,59,2,103" hai1="12,64,45,135,96,50,3,55,82,35,93,39,114" hai2="90,66,86,20,120,11,49,16,53,1,104,92,71" hai3="88,106,116,47,79,40,102,112,87,56,83,99,77"/><T26/><D73/><U61/><E3/><V84/><F120/><W41/><G116/><T54/><D2/><U94/><E35/><V42/><F104/><W9/><G112/><T63/><D6/><U131/><E131/><V69/><F42/><W130/><G130/><T68/><D113/><U121/><E121/><V34/><F34/><W80/><G9/><T29/><D68/><U123/><E123/><V98/><F11/><W70/><G70/><T89/><D103/><U117/><E117/><V125/><F1/><W19/><G19/><T75/><D75/><U115/><E135/><V134/><F134/><W31/><G31/><T72/><D72/><U67/><E39/><V101/><F125/><W46/><G56/><T27/><REACH who="0" step="1"/><D22/><REACH who="0" ten="240,250,250,250" step="2"/><U0/><E0/><V38/><F71/><W25/><G102/><T62/><D62/><U17/><E61/><V108/><F101/><W129/><G129/><T33/><D33/><U30/><E115/><V65/><F69/><W81/><G106/><T124/><D124/><U127/><E127/><V78/><F108/><W76/><G76/><T5/><D5/><U107/><E107/><V28/><F78/><W32/><G77/><T23/><D23/><U7/><E7/><V128/><F128/><W118/><G118/><T74/><D74/><U52/><E114/><V48/><F20/><W8/><G79/><T13/><D13/><U15/><E12/><V4/><F4/><W105/><G105/><T122/><D122/><U14/><E15/><V132/><F132/><W18/><G32/><T85/><AGARI ba="0,1" hai="21,24,26,27,29,36,43,44,54,59,63,85,89,95" machi="85" ten="20,3900,0" yaku="1,1,0,1,7,1,53,0" doraHai="111" doraHaiUra="126" who="0" fromWho="0" sc="240,49,250,-13,250,-13,250,-13" /><INIT seed="0,1,0,2,0,128" ten="289,237,237,237" oya="0" hai0="50,133,0,7,54,75,107,125,23,27,24,12,67" hai1="34,49,70,115,59,97,112,57,129,80,72,13,120" hai2="40,11,64,105,90,83,88,37,85,42,43,9,8" hai3="134,118,110,56,62,1,91,114,99,116,48,2,19"/><T122/><D122/><U92/><E120/><V6/><F105/><W33/><G114/><N who="1" m="43562" /><E70/><V77/><F37/><W113/><G113/><T87/><D75/><U111/><E111/><V104/><F104/><W100/><G33/><T38/><D38/><U102/><E34/><V31/><F31/><W79/><G79/><T51/><D107/><U103/><E103/><V95/><F64/><W108/><G91/><T26/><D0/><U35/><E35/><V55/><F55/><W126/><G48/><T93/><D125/><U32/><E32/><V17/><F17/><W61/><G126/><T25/><D67/><U60/><E49/><V65/><F65/><W135/><G19/><T89/><D51/><U18/><E60/><V68/><F68/><W76/><G76/><T131/><D131/><U69/><E69/><V22/><F22/><W53/><G62/><T109/><D109/><N who="3" m="42089" /><G1/><T94/><D94/><U58/><E129/><V84/><REACH who="2" step="1"/><F77/><REACH who="2" ten="289,237,227,237" step="2"/><W117/><G2/><AGARI ba="1,1" hai="2,6,8,9,11,40,42,43,83,84,85,88,90,95" machi="2" ten="40,8000,1" yaku="1,1,2,1,54,1,53,1" doraHai="128" doraHaiUra="78" who="2" fromWho="3" sc="289,0,237,0,227,93,237,-83" /><INIT seed="1,0,0,2,1,61" ten="289,237,320,154" oya="1" hai0="32,73,4,48,106,64,130,30,74,45,15,91,87" hai1="21,50,25,19,40,100,56,124,69,125,102,104,105" hai2="62,135,110,113,41,42,107,119,85,83,88,120,53" hai3="37,44,93,57,99,60,71,115,0,78,63,82,68"/><U51/><E69/><V18/><F119/><W58/><G0/><T111/><D106/><N who="1" m="41067" /><E40/><V13/><F107/><W6/><G6/><T123/><D123/><U129/><E129/><V97/><F120/><W133/><G115/><T29/><D130/><U8/><E8/><V131/><F110/><W16/><G133/><T54/><D111/><U7/><E7/><V109/><F109/><W38/><G68/><T23/><D32/><U10/><E10/><N who="2" m="6455" /><F135/><W39/><G44/><T72/><D64/><U116/><E116/><V34/><F131/><W122/><G122/><T20/><D4/><U101/><E56/><N who="2" m="35087" /><F34/><W36/><G71/><T22/><REACH who="0" step="1"/><D15/><REACH who="0" ten="279,237,320,154" step="2"/><U103/><E125/><V2/><F2/><W80/><N who="3" m="9216" /><DORA hai="114" /><W75/><G60/><T121/><D121/><U118/><E124/><V127/><F113/><W92/><G63/><T33/><D33/><U47/><E118/><V84/><F127/><W128/><G128/><T49/><D49/><U5/><E51/><V94/><F85/><W26/><G99/><T46/><D46/><U3/><E50/><V95/><F95/><AGARI ba="0,1" hai="20,22,23,29,30,45,48,54,72,73,74,87,91,95" machi="95" ten="50,1600,0" yaku="1,1,53,0" doraHai="61,114" doraHaiUra="126,77" who="0" fromWho="2" sc="279,26,237,0,320,-16,154,0" /><INIT seed="2,0,0,4,5,2" ten="305,237,304,154" oya="2" hai0="132,63,21,28,40,42,104,38,84,76,37,67,97" hai1="34,110,14,117,46,55,68,8,69,52,82,89,25" hai2="115,35,27,77,113,60,96,53,22,23,126,30,93" hai3="128,36,62,127,61,98,4,32,71,78,64,122,85"/><V24/><F126/><W102/><G122/><T10/><D132/><U88/><E110/><V81/><F35/><W121/><G121/><T5/><D38/><U74/><E117/><V3/><F3/><W51/><G36/><T15/><D37/><U103/><E103/><V44/><F44/><W87/><G127/><T129/><D129/><U6/><E74/><V1/><F1/><W107/><G128/><T12/><D104/><U95/><E34/><V72/><F53/><W86/><G51/><T31/><D97/><N who="1" m="57575" /><E68/><V0/><F60/><W11/><G61/><T47/><D47/><U111/><E111/><V125/><F0/><W13/><REACH who="3" step="1"/><G32/><REACH who="3" ten="305,237,304,144" step="2"/><T116/><D116/><U118/><E118/><V65/><F125/><W49/><G49/><T54/><D63/><U119/><E119/><V83/><F65/><W7/><G7/><T112/><D67/><U66/><E66/><V18/><REACH who="2" step="1"/><F81/><AGARI ba="0,1" hai="4,11,13,62,64,71,78,81,85,86,87,98,102,107" machi="81" ten="40,5200,0" yaku="1,1,52,1,53,1" doraHai="2" doraHaiUra="56" who="3" fromWho="2" sc="305,0,237,0,304,-52,144,62" /><INIT seed="3,0,0,4,2,1" ten="305,237,252,206" oya="3" hai0="18,82,0,63,103,30,23,113,64,12,95,72,88" hai1="61,106,15,126,78,124,62,112,28,129,127,33,97" hai2="133,128,75,32,102,40,86,131,4,57,50,104,56" hai3="7,48,118,81,47,116,59,71,26,70,60,120,76"/><W51/><G120/><T29/><D0/><U132/><E112/><V123/><F75/><W91/><G91/><T99/><D113/><U42/><E78/><V38/><F32/><W77/><G26/><T83/><D72/><U39/><E129/><N who="2" m="49739" /><F38/><W45/><G59/><T89/><D89/><U105/><E132/><V69/><F69/><W5/><G60/><N who="1" m="23146" /><E97/><N who="2" m="61519" /><F133/><W53/><G53/><T25/><D103/><U85/><E85/><V31/><F31/><W10/><G10/><T119/><D119/><U49/><E39/><V66/><F66/><W80/><AGARI ba="0,0" hai="5,7,45,47,48,51,70,71,76,77,80,81,116,118" machi="80" ten="25,12000,1" yaku="0,1,22,2,52,2" doraHai="1" who="3" fromWho="3" sc="305,-40,237,-40,252,-40,206,120" /><INIT seed="3,1,0,3,0,25" ten="265,197,212,326" oya="3" hai0="0,96,65,50,11,42,113,86,2,34,61,100,9" hai1="131,126,16,32,27,60,63,109,91,81,33,13,75" hai2="12,98,23,120,116,117,110,119,52,130,55,80,127" hai3="7,125,76,21,26,87,36,88,114,99,64,85,74"/><W123/><G123/><T6/><D34/><U93/><E109/><V48/><F110/><W71/><G114/><T28/><D113/><U59/><E126/><V24/><F127/><W134/><G125/><T102/><D86/><U105/><E105/><V46/><F120/><W4/><G36/><T128/><D128/><U58/><E131/><V103/><F130/><W70/><G74/><T73/><D73/><U41/><E41/><V124/><F124/><W112/><G112/><T14/><D28/><U83/><E27/><V104/><F12/><W56/><G70/><T31/><D31/><U90/><E75/><V111/><F80/><N who="3" m="47239" /><G71/><T66/><D66/><U62/><E62/><V132/><F111/><W94/><G134/><T133/><D133/><U54/><E93/><V5/><F5/><W77/><G77/><T68/><D96/><U95/><E95/><V44/><F132/><W30/><G87/><T118/><D118/><U69/><E69/><V57/><REACH who="2" step="1"/><F55/><REACH who="2" ten="265,197,202,326" step="2"/><W35/><G4/><T45/><D0/><U121/><E121/><V115/><F115/><W101/><G7/><AGARI ba="1,1" hai="2,6,7,9,11,14,42,45,50,61,65,68,100,102" machi="7" ten="30,1000,0" yaku="7,1" doraHai="25" who="0" fromWho="3" sc="265,23,197,0,202,0,326,-13" /><INIT seed="4,0,0,4,4,40" ten="288,197,202,313" oya="0" hai0="127,89,65,61,12,69,10,128,95,31,81,72,73" hai1="68,64,9,59,46,36,101,5,23,1,80,115,44" hai2="76,19,33,113,90,18,15,50,133,106,109,91,132" hai3="130,60,21,63,134,56,0,82,67,28,71,16,75"/><T116/><D116/><U100/><E68/><V107/><F33/><W87/><G0/><T30/><D127/><U88/><E36/><V104/><F109/><W108/><G108/><T22/><D128/><U35/><E35/><V24/><F113/><W92/><G130/><T120/><D120/><U94/><E115/><V131/><F131/><W32/><G32/><T20/><D20/><U42/><E42/><V6/><F76/><W13/><G28/><T57/><D69/><U124/><E124/><V79/><F79/><W51/><G75/><T114/><D114/><U29/><E80/><V14/><F24/><W118/><G118/><T98/><D81/><U77/><E77/><V66/><F66/><W83/><G134/><N who="2" m="51817" /><F50/><W45/><G63/><T7/><D31/><U111/><E111/><V105/><F6/><W55/><G71/><T122/><D122/><U53/><E64/><V37/><F37/><W17/><G17/><N who="2" m="6153" /><F105/><W93/><G82/><T96/><D73/><U43/><E43/><V70/><F70/><W110/><G110/><T102/><D72/><U39/><E39/><V117/><F117/><W85/><G83/><T62/><D62/><N who="1" m="36207" /><E1/><V84/><F84/><AGARI ba="0,0" hai="13,16,21,45,51,55,56,60,67,84,85,87,92,93" machi="84" ten="40,5200,0" yaku="8,1,52,1,54,1" doraHai="40" who="3" fromWho="2" sc="288,0,197,0,202,-52,313,52" /><INIT seed="5,0,0,1,2,5" ten="288,197,150,365" oya="1" hai0="3,128,102,98,57,2,23,93,29,37,51,28,16" hai1="125,13,22,97,60,12,58,30,27,132,31,24,76" hai2="119,41,19,36,78,4,70,73,47,85,50,89,39" hai3="86,52,46,91,116,64,38,6,95,33,56,109,55"/><U88/><E125/><V49/><F119/><W82/><G33/><T53/><D37/><U105/><E132/><V61/><F39/><W114/><G109/><T10/><D128/><U83/><E105/><V118/><F118/><W72/><G116/><T68/><D68/><U44/><E44/><V108/><F108/><W45/><G114/><T106/><D106/><U129/><E129/><V103/><F103/><W99/><G72/><T131/><D131/><U18/><E97/><V87/><F73/><W35/><G35/><T62/><D51/><U11/><E12/><V66/><F78/><W104/><G104/><T113/><D113/><U65/><E88/><V107/><F107/><W84/><G84/><T110/><D110/><U54/><E65/><V26/><F85/><W25/><G38/><T127/><D127/><U42/><E42/><V34/><F4/><W111/><G111/><T48/><D48/><U90/><E90/><V69/><F69/><W20/><G64/><T74/><D74/><U96/><E96/><V121/><F121/><W21/><G6/><T81/><D81/><U135/><E135/><V123/><F123/><W7/><G7/><T17/><D3/><U59/><E59/><V14/><F26/><W115/><G115/><T43/><D43/><U134/><E134/><V120/><F34/><W126/><G126/><T77/><D77/><U71/><E71/><V101/><F120/><W9/><G25/><N who="1" m="9802" /><E22/><N who="2" m="11639" /><F101/><N who="3" m="60671" /><G20/><T79/><D2/><U67/><E67/><V124/><F124/><W1/><G21/><T133/><D23/><U63/><E63/><V15/><F15/><RYUUKYOKU ba="0,0" sc="288,-15,197,15,150,15,365,-15" hai1="11,13,18,30,31,54,58,60,76,83" hai2="36,41,47,49,50,61,66,70,87,89" /><INIT seed="5,1,0,4,3,39" ten="273,212,165,350" oya="1" hai0="121,79,125,25,9,111,10,13,106,94,105,120,75" hai1="37,76,81,12,60,14,23,73,44,69,91,92,109" hai2="41,135,63,107,8,32,34,93,88,28,36,130,31" hai3="84,118,123,77,129,53,108,87,85,74,3,58,65"/><U19/><E109/><V96/><F130/><W100/><G108/><T59/><D111/><U33/><E33/><V52/><F135/><W45/><G123/><N who="0" m="47179" /><D125/><U64/><E12/><V43/><F36/><W42/><G3/><T7/><D25/><U71/><E71/><V128/><F128/><W70/><G129/><T95/><D59/><U29/><E29/><N who="2" m="11339" /><F107/><N who="0" m="40970" /><D10/><U62/><E62/><V49/><F34/><W134/><G100/><T124/><D124/><U57/><E69/><V89/><F32/><W116/><G134/><T55/><D55/><U98/><E37/><V83/><F63/><W99/><G65/><T22/><D22/><U1/><REACH who="1" step="1"/><E44/><REACH who="1" ten="273,202,165,350" step="2"/><N who="2" m="27687" /><F8/><W117/><G70/><T112/><D13/><U40/><E40/><N who="2" m="15435" /><F83/><W127/><G127/><T82/><D9/><U115/><E115/><V72/><F72/><W56/><G74/><T26/><D112/><U102/><E102/><AGARI ba="1,1" hai="88,89,93,96,102" m="15435,27687,11339" machi="102" ten="30,12000,2" yaku="8,1,52,3,54,2" doraHai="39" who="2" fromWho="1" sc="273,0,202,-123,165,133,350,0" /><INIT seed="6,0,0,5,5,74" ten="273,79,298,350" oya="2" hai0="71,15,19,79,132,125,134,118,22,63,24,12,31" hai1="10,123,25,81,82,33,108,32,89,66,99,92,69" hai2="38,0,34,62,13,39,75,17,36,47,103,40,101" hai3="30,61,94,43,68,120,76,91,7,121,58,96,56"/><V57/><F0/><W50/><G68/><T80/><D125/><U2/><E108/><V85/><F75/><W14/><G30/><T11/><D118/><U127/><E127/><V67/><F34/><W64/><G76/><T29/><D29/><U83/><E123/><V55/><F85/><W131/><G131/><T90/><D90/><U98/><E98/><V44/><F55/><N who="3" m="31863" /><G120/><T106/><D106/><U116/><E116/><V114/><F114/><W28/><G28/><T8/><D71/><U1/><E10/><V97/><F44/><W20/><G121/><T115/><D115/><U77/><E69/><V105/><REACH who="2" step="1"/><F103/><REACH who="2" ten="273,79,288,350" step="2"/><W70/><G64/><T110/><D110/><U48/><E66/><V104/><F104/><W87/><G87/><T18/><REACH who="0" step="1"/><D63/><REACH who="0" ten="263,79,288,350" step="2"/><U102/><E33/><V78/><F78/><W107/><G61/><T9/><D9/><AGARI ba="0,2" hai="9,13,17,36,38,39,40,47,57,62,67,97,101,105" machi="9" ten="30,2900,0" yaku="1,1,7,1,53,0" doraHai="74" doraHaiUra="124" who="2" fromWho="0" sc="263,-29,79,0,288,49,350,0" /><INIT seed="6,1,0,4,0,115" ten="234,79,337,350" oya="2" hai0="79,29,82,73,81,111,24,135,17,84,13,130,94" hai1="118,67,49,52,112,85,75,64,1,132,18,6,105" hai2="96,38,62,92,93,21,39,110,36,68,121,2,99" hai3="72,12,113,116,47,88,37,27,35,15,103,65,122"/><V3/><F121/><W54/><G72/><T56/><D111/><U97/><E75/><V108/><F21/><W98/><G122/><T63/><D130/><U43/><E43/><V51/><F51/><W20/><G113/><T126/><D126/><U71/><E112/><V50/><F50/><W0/><G0/><N who="2" m="41" /><F62/><W123/><G35/><T59/><D135/><U11/><E132/><V10/><F10/><W23/><G65/><T22/><D94/><N who="2" m="36458" /><F68/><W89/><G23/><T109/><D109/><AGARI ba="1,0" hai="36,38,39,96,99,108,109,110" m="36458,41" machi="109" ten="40,7700,0" yaku="28,2,10,1" doraHai="115" who="2" fromWho="0" sc="234,-80,79,0,337,80,350,0" /><INIT seed="6,2,0,4,1,27" ten="154,79,417,350" oya="2" hai0="110,102,85,86,44,103,118,109,41,114,75,65,2" hai1="117,64,106,7,33,5,69,79,32,47,6,31,66" hai2="49,37,3,115,96,40,93,88,87,124,123,98,38" hai3="92,11,132,77,73,23,108,28,17,70,62,133,60"/><V19/><F123/><W129/><G108/><T25/><D2/><U104/><E117/><V134/><F3/><W119/><G119/><T14/><D75/><U76/><E47/><V45/><F115/><W58/><G129/><T35/><D118/><U10/><E10/><V99/><F134/><N who="3" m="51819" /><G70/><T111/><D114/><U100/><E69/><V42/><F124/><W53/><G11/><T84/><D65/><U122/><E100/><V68/><F68/><W78/><G73/><T26/><D14/><U112/><E112/><V48/><F19/><W131/><G131/><T97/><D35/><U12/><E12/><V43/><REACH who="2" step="1"/><F49/><REACH who="2" ten="154,79,407,350" step="2"/><W121/><G17/><T57/><D110/><U113/><E113/><V54/><AGARI ba="2,1" hai="37,38,40,42,43,45,48,54,87,88,93,96,98,99" machi="54" ten="30,11700,0" yaku="1,1,2,1,0,1,54,1,53,0" doraHai="27" doraHaiUra="30" who="2" fromWho="2" sc="154,-41,79,-41,407,133,350,-41" /><INIT seed="6,3,0,4,1,86" ten="113,38,540,309" oya="2" hai0="60,132,122,95,56,59,91,67,102,46,52,83,70" hai1="77,78,98,62,100,3,49,38,15,32,50,87,37" hai2="16,106,107,8,96,6,13,74,120,44,34,79,27" hai3="82,30,88,90,131,103,42,114,7,63,39,110,80"/><V84/><F74/><W25/><G110/><T109/><D109/><U94/><E3/><V45/><F120/><W101/><G7/><T2/><D2/><U97/><E32/><V33/><F33/><W55/><G39/><T135/><D122/><U126/><E126/><V18/><F107/><W116/><G116/><T108/><D108/><U58/><E15/><V57/><F106/><W0/><G0/><T73/><D102/><N who="3" m="38921" /><G42/><T26/><D26/><U111/><E111/><V112/><F112/><W23/><G131/><T66/><D66/><U53/><E97/><V113/><F113/><W99/><G114/><T130/><D130/><U68/><E68/><V35/><F35/><W40/><G40/><T124/><D124/><U21/><E21/><N who="2" m="13735" /><F34/><W105/><G105/><T14/><D14/><U54/><E62/><V41/><F96/><W121/><G121/><T75/><D75/><U125/><E125/><V5/><F57/><N who="3" m="35263" /><G99/><T76/><D70/><U65/><E65/><V64/><F64/><W9/><G9/><T69/><D69/><U47/><E37/><V4/><F41/><W36/><G36/><T127/><D127/><U85/><REACH who="1" step="1"/><E38/><REACH who="1" ten="113,28,540,309" step="2"/><V11/><F11/><W28/><G28/><T119/><D67/><U104/><E104/><V92/><F8/><W61/><G61/><T71/><D71/><U93/><E93/><V19/><F13/><W129/><G129/><T123/><D60/><U81/><E81/><N who="2" m="47167" /><F92/><W134/><G134/><N who="0" m="51243" /><D123/><U115/><E115/><V10/><F10/><W43/><G82/><T24/><D83/><U20/><E20/><V1/><F1/><RYUUKYOKU ba="3,1" sc="113,-15,28,15,540,15,309,-15" hai1="47,49,50,53,54,58,77,78,85,87,94,98,100" hai2="4,5,6,18,19,44,45" /><INIT seed="6,4,1,1,0,1" ten="98,43,555,294" oya="2" hai0="26,122,52,54,56,42,98,75,109,115,50,120,53" hai1="6,60,94,40,29,25,84,131,5,65,123,35,4" hai2="57,48,105,134,114,108,24,132,76,41,58,87,62" hai3="96,113,66,49,121,116,2,27,61,39,92,118,3"/><V14/><F105/><W90/><G39/><T45/><D75/><U86/><E131/><V33/><F114/><W0/><G121/><T95/><D109/><U15/><E123/><V83/><F108/><W104/><G113/><T99/><D115/><U17/><E40/><V119/><F119/><W46/><G27/><T72/><D72/><U81/><E94/><V18/><F24/><W31/><G31/><T100/><D56/><U23/><REACH who="1" step="1"/><E81/><REACH who="1" ten="98,33,555,294" step="2"/><N who="2" m="47527" /><F41/><W59/><G104/><T47/><D47/><U30/><E30/><V10/><F83/><W101/><G118/><T88/><REACH who="0" step="1"/><D26/><REACH who="0" ten="88,33,555,294" step="2"/><U68/><AGARI ba="4,3" hai="4,5,6,15,17,23,25,29,35,60,65,68,84,86" machi="68" ten="30,8000,1" yaku="1,1,0,1,52,3,53,0" doraHai="1" doraHaiUra="129" who="1" fromWho="1" sc="88,-24,33,122,555,-44,294,-24" /><INIT seed="7,0,0,5,1,68" ten="64,155,511,270" oya="3" hai0="30,130,25,81,13,135,61,12,84,66,31,94,96" hai1="10,103,50,35,126,85,48,91,45,41,65,90,102" hai2="93,131,32,129,105,34,6,112,113,20,79,132,5" hai3="53,14,18,108,43,109,114,74,27,8,42,17,21"/><W110/><G74/><T57/><D130/><N who="2" m="49674" /><F105/><W1/><G1/><T118/><D135/><U88/><E35/><N who="2" m="13355" /><F132/><W134/><G134/><T22/><D31/><U37/><E126/><V98/><F79/><W78/><G78/><T82/><D118/><U51/><E65/><V70/><F20/><W77/><G77/><T125/><D125/><U121/><E121/><V67/><F67/><W127/><G127/><T116/><D116/><U11/><E37/><V36/><F36/><W107/><G107/><T122/><D122/><U15/><E85/><V86/><F86/><W55/><REACH who="3" step="1"/><G114/><REACH who="3" ten="64,155,511,260" step="2"/><N who="2" m="44137" /><F70/><W46/><G46/><T119/><D119/><U16/><E45/><V23/><F23/><W97/><G97/><T133/><D133/><U39/><E10/><V123/><F123/><W128/><G128/><T71/><D71/><U40/><E11/><V120/><F120/><W38/><G38/><T69/><D69/><U62/><E39/><V49/><F49/><W63/><G63/><T56/><D56/><U75/><E75/><V83/><F83/><W101/><G101/><AGARI ba="0,1" hai="5,6,93,98,101" m="44137,13355,49674" machi="101" ten="40,2600,0" yaku="19,1,15,1" doraHai="68" who="2" fromWho="3" sc="64,0,155,0,511,36,260,-26" owari="64,-44.0,155,-24.0,547,65.0,234,3.0" /></mjloggm>