<mjloggm ver="2.3"><GO type="169" lobby="0"/><UN n0="%E6%93%8D" n1="%E7%9C%9F%E7%A9%BA%E3%83%95%E3%82%A7%E3%82%B9%E3%82%BF" n2="%E3%82%A6%E3%83%AB%E3%83%88%E3%83%A9%E7%AB%8B%E7%9B%B4" n3="%E9%A7%84%E5%A6%B9" dan="16,16,17,16" rate="2106.48,2107.59,2149.49,2035.75" sx="M,M,M,F"/><TAIKYOKU oya="0"/><INIT seed="0,0,0,1,5,68" ten="250,250,250,250" oya="0" hai0="117,24,111,69,44,61,54,21,104,60,38,124,12" hai1="98,89,13,17,97,55,66,57,112,10,134,11,93" hai2="100,16,42,7,30,58,65,56,31,82,0,53,23" hai3="115,41,102,131,85,86,114,46,59,71,91,33,76"/><T40/><D104/><U20/><E112/><V108/><F108/><W83/><G71/><T128/><D117/><U39/><E39/><V35/><F100/><W25/><G102/><T135/><D12/><U88/><E66/><V74/><F35/><W110/><G110/><T67/><D111/><U129/><E129/><V52/><F0/><W9/><G9/><T1/><D1/><U84/><E134/><V120/><F7/><W47/><G47/><T96/><D135/><U64/><E64/><V19/><F74/><W99/><G99/><T94/><D128/><U92/><REACH who="1" step="1"/><E84/><REACH who="1" ten="250,240,250,250" step="2"/><V122/><F65/><W123/><G131/><T90/><D124/><U6/><E6/><V22/><F42/><W73/><G86/><T5/><D5/><U79/><E79/><V26/><F120/><W106/><G123/><T4/><D4/><U121/><E121/><V133/><F122/><W32/><G114/><T45/><D54/><U118/><E118/><V101/><F133/><W109/><G76/><T29/><D61/><AGARI ba="0,1" hai="10,11,13,17,20,55,57,61,88,89,92,93,97,98" machi="61" ten="30,12000,2" yaku="1,1,7,1,9,1,8,1,54,1,53,1" doraHai="68" doraHaiUra="14" who="1" fromWho="0" sc="250,-120,240,130,250,0,250,0" /><INIT seed="1,0,0,0,0,95" ten="130,370,250,250" oya="1" hai0="10,102,49,43,13,72,123,132,36,99,90,3,115" hai1="127,46,23,86,101,25,28,130,106,59,57,69,65" hai2="11,0,122,29,113,48,18,125,44,45,53,55,80" hai3="62,32,107,73,30,109,108,76,61,1,87,41,39"/><U112/><E112/><V98/><F122/><W126/><G1/><T93/><D123/><U67/><E127/><V24/><F125/><W31/><G73/><T91/><D115/><U135/><E135/><V26/><F113/><W103/><G126/><T66/><D36/><U97/><E130/><V110/><F110/><N who="3" m="42603" /><G41/><T119/><D119/><U70/><E46/><V2/><F80/><N who="3" m="47495" /><G39/><T111/><D3/><U117/><E117/><V114/><F114/><W121/><G121/><T60/><D111/><U129/><E129/><V100/><F11/><W131/><G131/><T63/><D72/><U105/><E86/><V134/><F134/><W6/><G6/><T5/><D132/><U56/><REACH who="1" step="1"/><E106/><REACH who="1" ten="130,360,250,250" step="2"/><V16/><F45/><W7/><G107/><T68/><D43/><U34/><E34/><V58/><F44/><W35/><G32/><T54/><REACH who="0" step="1"/><D63/><REACH who="0" ten="120,360,250,250" step="2"/><U133/><E133/><V85/><F48/><W81/><G61/><T104/><D104/><U47/><E47/><AGARI ba="0,2" hai="5,10,13,47,49,54,60,66,68,90,91,93,99,102" machi="47" ten="30,3900,0" yaku="1,1,7,1,52,1,53,0" doraHai="95" doraHaiUra="27" who="0" fromWho="1" sc="120,59,360,-39,250,0,250,0" /><INIT seed="2,0,0,2,3,11" ten="179,321,250,250" oya="2" hai0="94,46,34,134,55,129,56,68,22,132,111,31,123" hai1="92,1,48,72,65,96,54,41,95,131,26,98,30" hai2="39,113,85,32,4,40,53,110,69,51,73,86,84" hai3="106,133,114,60,83,52,17,29,80,45,23,102,0"/><V9/><F113/><W126/><G0/><T81/><D68/><U135/><E1/><V87/><F73/><W125/><G29/><T33/><D123/><U105/><E72/><V79/><F69/><W77/><G133/><T107/><D107/><U14/><E135/><V97/><F32/><W37/><G114/><T121/><D121/><U112/><E112/><V24/><F110/><W75/><G83/><T35/><D46/><U25/><E65/><V89/><F24/><W8/><G8/><T64/><D64/><U3/><E3/><V90/><F40/><W13/><G37/><T101/><D111/><U57/><E105/><V128/><F39/><W74/><G74/><T27/><D81/><U18/><E41/><V6/><F128/><W67/><G102/><T42/><D42/><U21/><E131/><V62/><F62/><W20/><G20/><T36/><D36/><U100/><E30/><V70/><F70/><W120/><G106/><T47/><D47/><U50/><E50/><V108/><F108/><W88/><G120/><T78/><D78/><U28/><E28/><V19/><F79/><W91/><G125/><T130/><D134/><U104/><E104/><V103/><N who="2" m="21504" /><DORA hai="71" /><V122/><F122/><W127/><G126/><T58/><D132/><U76/><E76/><V61/><F61/><W117/><G127/><T82/><D82/><U93/><E93/><N who="2" m="58799" /><F90/><AGARI ba="0,0" hai="14,18,21,25,26,48,54,57,90,92,95,96,98,100" machi="90" ten="30,3900,0" yaku="7,1,8,1,52,1" doraHai="11,71" who="1" fromWho="2" sc="179,0,321,39,250,-39,250,0" /><INIT seed="3,0,0,4,4,39" ten="179,360,211,250" oya="3" hai0="51,93,126,127,43,83,109,5,9,25,8,124,40" hai1="116,113,15,62,19,66,99,88,105,38,1,60,21" hai2="79,64,111,53,13,102,84,73,132,115,34,44,45" hai3="33,114,31,72,128,123,103,12,52,71,112,54,90"/><W118/><G72/><T82/><D109/><U69/><E1/><V130/><F115/><W101/><G118/><T28/><D51/><U24/><E113/><V4/><F111/><W129/><G123/><T49/><D49/><U67/><E116/><V32/><F73/><W119/><G71/><T7/><D93/><U74/><E74/><V78/><F32/><W76/><G76/><N who="2" m="29225" /><F34/><W61/><G90/><T2/><D83/><U55/><E38/><V11/><F132/><W10/><G119/><T89/><D89/><U47/><E105/><V92/><F130/><N who="3" m="50283" /><G112/><T104/><D82/><U120/><E120/><V65/><F84/><W26/><G114/><T108/><D104/><U70/><E47/><N who="2" m="17995" /><F53/><N who="3" m="20587" /><G61/><T87/><D87/><U42/><E55/><V63/><F63/><W48/><G48/><T107/><D107/><U0/><E0/><V94/><F102/><W58/><G58/><T6/><D108/><U95/><E24/><V29/><F29/><W110/><G110/><T86/><D86/><U14/><E14/><V23/><F65/><W46/><G46/><T59/><D59/><U75/><REACH who="1" step="1"/><E75/><REACH who="1" ten="179,350,211,250" step="2"/><V96/><F13/><W57/><G57/><T18/><D2/><U16/><E16/><AGARI ba="0,1" hai="10,12,16,26,31,33,101,103" m="20587,50283" machi="16" ten="30,5800,0" yaku="19,1,54,2" doraHai="39" who="3" fromWho="1" sc="179,0,350,-58,211,0,250,68" /><INIT seed="3,1,0,1,1,129" ten="179,292,211,318" oya="3" hai0="45,17,50,66,54,119,113,21,83,133,99,68,80" hai1="120,98,101,60,64,23,111,69,4,30,11,1,49" hai2="134,70,90,44,97,42,128,7,107,135,12,123,115" hai3="114,41,126,103,78,93,117,40,61,112,52,19,15"/><W118/><G78/><T67/><D119/><U74/><E120/><V82/><F70/><W5/><G5/><T37/><D37/><U109/><E74/><V76/><F115/><W110/><G103/><T25/><D113/><N who="3" m="43625" /><G93/><T124/><D124/><U46/><E23/><V94/><F107/><W108/><G126/><T22/><D99/><U102/><E30/><V58/><F128/><W27/><G27/><T73/><D68/><U106/><REACH who="1" step="1"/><E102/><REACH who="1" ten="179,282,211,318" step="2"/><V85/><F123/><W62/><G117/><T6/><D73/><U104/><E104/><V63/><F7/><W16/><G118/><T10/><D22/><U79/><E79/><V39/><REACH who="2" step="1"/><F12/><REACH who="2" ten="179,282,201,318" step="2"/><W26/><G15/><T3/><D3/><U92/><E92/><V24/><F24/><W28/><G26/><T71/><D6/><U100/><E100/><V95/><F95/><W35/><G35/><T31/><D25/><U88/><E88/><V9/><F9/><W34/><G34/><T57/><D10/><U65/><E65/><AGARI ba="1,2" hai="39,42,44,58,63,65,76,82,85,90,94,97,134,135" machi="65" ten="40,8000,1" yaku="1,1,52,2,53,1" doraHai="129" doraHaiUra="59" who="2" fromWho="1" sc="179,0,282,-83,201,103,318,0" /><INIT seed="4,0,0,2,0,79" ten="179,199,304,318" oya="0" hai0="88,25,81,64,69,103,107,19,100,108,92,82,65" hai1="94,9,126,96,135,98,66,118,73,123,6,51,56" hai2="127,61,132,99,68,7,71,1,67,57,112,124,10" hai3="45,28,42,47,32,113,16,133,33,52,62,119,105"/><T116/><D116/><U83/><E118/><V39/><F112/><W37/><G119/><T14/><D69/><U72/><E123/><V2/><F39/><W27/><G105/><T50/><D107/><U13/><E126/><N who="2" m="48171" /><F132/><W17/><G113/><T77/><D77/><U114/><E114/><V85/><F1/><W59/><G33/><T0/><D0/><U20/><E135/><V111/><F111/><W21/><G133/><T76/><D76/><U34/><E34/><V43/><F43/><W49/><REACH who="3" step="1"/><G32/><REACH who="3" ten="179,199,304,308" step="2"/><T38/><D108/><U70/><E20/><V5/><F10/><W78/><G78/><T11/><D38/><U55/><E72/><V106/><F106/><W44/><G44/><T121/><D121/><U74/><E74/><V31/><F2/><W40/><AGARI ba="0,1" hai="16,17,21,27,28,37,40,42,45,47,49,52,59,62" machi="40" ten="20,8000,1" yaku="1,1,0,1,7,1,54,2,53,0" doraHai="79" doraHaiUra="129" who="3" fromWho="3" sc="179,-40,199,-20,304,-20,308,90" /><INIT seed="5,0,0,2,4,59" ten="139,179,284,398" oya="1" hai0="1,56,102,24,54,64,79,106,57,84,36,110,43" hai1="119,62,72,17,104,94,111,77,65,51,7,90,116" hai2="114,32,118,92,107,28,8,82,115,96,100,0,23" hai3="27,78,45,31,46,49,127,37,11,98,63,91,135"/><U123/><E123/><V52/><F118/><W70/><G127/><T117/><D117/><U20/><E104/><V25/><F82/><W26/><G78/><T132/><D1/><U125/><E7/><N who="2" m="1127" /><F52/><W50/><G37/><T21/><D102/><U42/><E125/><V130/><F130/><W53/><G135/><T121/><D121/><U16/><E111/><V120/><F120/><W103/><G91/><T95/><D106/><U48/><E72/><V81/><F81/><W30/><G30/><T108/><D132/><U38/><E77/><V10/><F10/><W60/><G70/><T6/><D6/><U101/><E101/><V39/><F39/><W85/><G85/><T12/><D12/><U109/><E109/><V128/><F128/><W97/><G11/><T134/><D134/><U9/><E9/><V88/><F32/><W71/><G71/><T15/><D15/><U47/><E116/><V99/><F99/><N who="3" m="37899" /><G103/><T124/><D124/><U33/><E33/><V86/><F107/><W112/><G112/><N who="2" m="43049" /><F100/><W69/><G69/><T89/><D110/><U133/><E133/><V14/><F96/><W4/><G4/><T22/><D108/><U19/><E119/><V13/><AGARI ba="0,0" hai="13,14,23,25,28,86,88,92" m="43049,1127" machi="13" ten="30,4000,0" yaku="15,1,11,1,54,1" doraHai="59" who="2" fromWho="2" sc="139,-10,179,-20,284,40,398,-10" /><INIT seed="6,0,0,1,5,95" ten="129,159,324,388" oya="2" hai0="89,18,97,23,66,110,14,12,82,109,37,70,85" hai1="6,106,8,128,33,132,54,13,99,15,104,17,73" hai2="129,121,98,78,76,11,123,88,92,120,1,74,30" hai3="122,131,127,126,44,38,65,101,40,67,58,32,69"/><V119/><F30/><W114/><G32/><T91/><D37/><U28/><E73/><V9/><F1/><W83/><G101/><T102/><D70/><U64/><E132/><V46/><F119/><W68/><G83/><T134/><D134/><U103/><E128/><V2/><F129/><W22/><G22/><T26/><D66/><N who="3" m="25097" /><G122/><T118/><D118/><U47/><E64/><V21/><F21/><W20/><G20/><T124/><D124/><N who="3" m="47657" /><G131/><T10/><D14/><U27/><E47/><V87/><F74/><W80/><G80/><T60/><D60/><U50/><E50/><V94/><F46/><W77/><G77/><T125/><D125/><U63/><E54/><V84/><F9/><W16/><G16/><T24/><D24/><U29/><E29/><V75/><F75/><W107/><G107/><T72/><D72/><U100/><E63/><V39/><F39/><W41/><G41/><T5/><REACH who="0" step="1"/><D91/><REACH who="0" ten="119,159,324,388" step="2"/><U86/><E86/><N who="2" m="52247" /><F2/><W113/><G58/><T108/><D108/><U49/><E49/><V59/><F59/><W115/><AGARI ba="0,1" hai="38,40,44,68,69,113,114,115" m="47657,25097" machi="115" ten="40,8000,1" yaku="15,1,11,1,18,1,34,2" doraHai="95" who="3" fromWho="3" sc="119,-20,159,-20,324,-40,388,90" /><INIT seed="7,0,0,1,3,48" ten="99,139,284,478" oya="3" hai0="93,107,74,7,117,94,130,62,46,103,90,115,109" hai1="133,12,60,114,89,42,121,119,68,27,102,63,2" hai2="31,79,11,84,39,112,67,125,122,43,80,9,96" hai3="69,23,6,32,22,126,111,100,28,76,40,98,29"/><W0/><G69/><T64/><D117/><U56/><E2/><V53/><F39/><W106/><G100/><T92/><D109/><U82/><E121/><V113/><F43/><W49/><G40/><T124/><D7/><U21/><E119/><V45/><F125/><W58/><G49/><T26/><D124/><U55/><E42/><V57/><F31/><N who="3" m="11851" /><G58/><T77/><D26/><U83/><E133/><V18/><F18/><W99/><G98/><T131/><D46/><U61/><E114/><V33/><F33/><W101/><G99/><N who="0" m="61951" /><D62/><U50/><E102/><V15/><F96/><W4/><G101/><T54/><D54/><U24/><E68/><V47/><F67/><W123/><G106/><T35/><D64/><U10/><E27/><V41/><F47/><W85/><G85/><N who="0" m="52303" /><D35/><U87/><E24/><V81/><F45/><W78/><G6/><T16/><D16/><N who="1" m="10375" /><E10/><V129/><F11/><W20/><G22/><T134/><D134/><U120/><E120/><V13/><F41/><W105/><G20/><T52/><D52/><U59/><E59/><V127/><F57/><W65/><G23/><T5/><D5/><U14/><E14/><V88/><F15/><W110/><G4/><T37/><D37/><U104/><E104/><V95/><F13/><W3/><G0/><T19/><D19/><U72/><E72/><V36/><F36/><W132/><G3/><T108/><D108/><U30/><E30/><V51/><F9/><W70/><G32/><T38/><D38/><U1/><E1/><V86/><F122/><W91/><G111/><T44/><D44/><RYUUKYOKU ba="0,0" sc="99,-10,139,30,284,-10,478,-10" hai1="50,55,56,60,61,63,82,83,87,89" owari="89,-41.0,169,-23.0,274,7.0,468,57.0" /></mjloggm>