<mjloggm ver="2.3"><GO type="169" lobby="0"/><UN n0="%E8%8A%B1%E6%BE%AA" n1="%E3%81%97%E3%83%BC%E3%81%BA%E3%81%B5" n2="%E3%82%A6%E3%83%AB%E3%83%88%E3%83%A9%E7%AB%8B%E7%9B%B4" n3="%E3%81%A1%E3%82%83%E3%81%9D%E2%98%86" dan="16,16,17,16" rate="2105.53,2060.57,2162.56,2111.23" sx="F,M,M,M"/><TAIKYOKU oya="0"/><INIT seed="0,0,0,5,5,66" ten="250,250,250,250" oya="0" hai0="111,80,87,2,10,31,13,123,115,89,69,0,108" hai1="3,92,4,117,11,131,24,119,78,22,48,63,44" hai2="37,26,65,82,125,71,83,23,116,70,98,79,127" hai3="88,73,121,67,28,85,43,134,27,21,126,38,114"/><T124/><D115/><U128/><E78/><V45/><F116/><W40/><G114/><T50/><D123/><U46/><E92/><V16/><F65/><W91/><G134/><T133/><D133/><U84/><E84/><V29/><F98/><W17/><G73/><T61/><D124/><N who="2" m="47690" /><F29/><W64/><G126/><T105/><D105/><U130/><E63/><V118/><F118/><N who="1" m="45065" /><E48/><V14/><F26/><W25/><G121/><T56/><D31/><AGARI ba="0,0" hai="3,4,11,22,24,31,44,46,128,130,131" m="45065" machi="31" ten="40,1300,0" yaku="19,1" doraHai="66" who="1" fromWho="0" sc="250,-13,250,13,250,0,250,0" /><INIT seed="1,0,0,5,0,4" ten="237,263,250,250" oya="1" hai0="48,59,125,82,117,51,26,90,54,15,57,21,67" hai1="13,80,11,19,84,36,75,135,104,129,134,32,88" hai2="107,28,102,132,18,41,92,63,133,3,119,128,53" hai3="66,121,47,71,50,70,55,96,12,87,110,27,61"/><U5/><E104/><V24/><F107/><W68/><G27/><T99/><D117/><U122/><E122/><V116/><F3/><W25/><G25/><T42/><D125/><U118/><E118/><V29/><F41/><W98/><G121/><T124/><D124/><U1/><E36/><V101/><F128/><W65/><G110/><T56/><D42/><U7/><E129/><V0/><F0/><W43/><G87/><T79/><D15/><U31/><E75/><V85/><F85/><W23/><G23/><T49/><D67/><U14/><E1/><V37/><F24/><W60/><G12/><T2/><D2/><U115/><E115/><V91/><F92/><W114/><G114/><T86/><D99/><U94/><E80/><V81/><F81/><W76/><G76/><T30/><REACH who="0" step="1"/><D79/><REACH who="0" ten="227,263,250,250" step="2"/><U97/><E97/><V131/><F119/><W39/><REACH who="3" step="1"/><G71/><REACH who="3" ten="227,263,250,240" step="2"/><T45/><AGARI ba="0,2" hai="21,26,30,45,48,49,51,54,56,57,59,82,86,90" machi="45" ten="30,7900,0" yaku="1,1,2,1,0,1,8,1,53,0" doraHai="4" doraHaiUra="127" who="0" fromWho="0" sc="227,99,263,-39,250,-20,240,-20" /><INIT seed="2,0,0,3,5,133" ten="326,224,230,220" oya="2" hai0="58,71,100,88,131,112,30,7,115,65,36,107,90" hai1="22,96,60,97,101,55,8,49,81,82,130,92,94" hai2="102,122,125,63,69,51,103,47,85,14,132,98,116" hai3="119,10,53,6,108,28,95,44,46,113,76,25,66"/><V48/><F122/><W20/><G119/><T127/><D36/><U78/><E130/><V120/><F116/><W106/><G106/><T1/><D58/><U54/><E8/><V62/><F120/><W43/><G108/><T39/><D39/><U33/><E33/><V23/><F132/><W40/><G113/><T70/><D131/><U77/><E22/><V134/><F134/><W32/><G66/><T5/><D65/><U75/><E60/><V37/><F37/><W27/><G76/><T111/><D111/><U73/><REACH who="1" step="1"/><E49/><REACH who="1" ten="326,214,230,220" step="2"/><V35/><F35/><W74/><G32/><T17/><D115/><U135/><E135/><V117/><F51/><W123/><G20/><T42/><D112/><U99/><E99/><V3/><F48/><W91/><G10/><T50/><D50/><U52/><E52/><V16/><F63/><W31/><G53/><T24/><D5/><U87/><E87/><V72/><F62/><W114/><G6/><T126/><D7/><U104/><E104/><V21/><F85/><W0/><G114/><T105/><D107/><U68/><E68/><V110/><F69/><W12/><G123/><T34/><D105/><U80/><E80/><V9/><F23/><W118/><G118/><T109/><D70/><U38/><E38/><V86/><F117/><W45/><G45/><T129/><D71/><U29/><E29/><V84/><F21/><W93/><G44/><T18/><D30/><U19/><E19/><V89/><F16/><W121/><G46/><T4/><D18/><U26/><E26/><V79/><F47/><W15/><G121/><RYUUKYOKU ba="0,1" sc="326,-10,214,30,230,-10,220,-10" hai1="54,55,73,75,77,78,81,82,92,94,96,97,101" /><INIT seed="3,1,1,5,2,115" ten="316,244,220,210" oya="3" hai0="36,29,95,91,75,57,66,103,70,13,129,117,94" hai1="116,4,80,38,34,101,60,47,11,90,114,133,128" hai2="130,76,55,88,113,77,97,50,3,73,19,54,134" hai3="23,104,98,105,135,72,79,82,26,62,10,120,69"/><W68/><G120/><T9/><D36/><U74/><E114/><V93/><F113/><W111/><G135/><T14/><D75/><U43/><E34/><V124/><F134/><W48/><G111/><T118/><D70/><U41/><E133/><V92/><F124/><W67/><G69/><T96/><D129/><U21/><E101/><V100/><F73/><W61/><G61/><T31/><D14/><U49/><E128/><V131/><F131/><W110/><G110/><T39/><D39/><U83/><E21/><V58/><F3/><W46/><G10/><T44/><D44/><U30/><E30/><V59/><F19/><W52/><REACH who="3" step="1"/><G98/><REACH who="3" ten="316,244,220,200" step="2"/><T64/><D9/><U112/><E60/><N who="2" m="35935" /><F130/><W108/><G108/><T119/><D13/><U27/><E112/><V125/><F125/><W45/><G45/><T2/><D2/><U40/><E47/><V18/><F18/><AGARI ba="1,2" hai="18,23,26,46,48,52,62,67,68,72,79,82,104,105" machi="18" ten="30,5800,0" yaku="1,1,7,1,54,1,53,0" doraHai="115" doraHaiUra="86" who="3" fromWho="2" sc="316,0,244,0,220,-61,200,81" /><INIT seed="3,2,0,2,0,90" ten="316,244,159,281" oya="3" hai0="43,108,19,42,127,1,125,70,69,59,119,123,103" hai1="21,78,30,133,98,66,126,35,60,99,34,118,134" hai2="94,105,25,40,111,44,65,64,46,115,93,76,91" hai3="107,84,0,3,77,29,18,51,131,9,2,17,38"/><W10/><G38/><T101/><D123/><U129/><BYE who="2" /><E126/><V39/><F39/><W95/><G107/><UN n2="%E3%82%A6%E3%83%AB%E3%83%88%E3%83%A9%E7%AB%8B%E7%9B%B4" /><T56/><D19/><N who="3" m="7177" /><G95/><N who="2" m="36361" /><F105/><W120/><G84/><T73/><D1/><U85/><E129/><V16/><F115/><W62/><G51/><T86/><D86/><U32/><E118/><V81/><F111/><W88/><G62/><T67/><D67/><N who="2" m="25674" /><F76/><W97/><G77/><T8/><D8/><U113/><E78/><V79/><F79/><W82/><G10/><T135/><D108/><U110/><E110/><V6/><F6/><W23/><G9/><T132/><REACH who="0" step="1"/><D119/><REACH who="0" ten="306,244,159,281" step="2"/><U12/><E113/><V116/><F116/><W27/><G2/><T57/><D57/><U117/><E117/><V49/><F44/><W80/><G0/><T87/><D87/><U112/><E85/><N who="2" m="50607" /><F16/><W106/><G3/><T4/><D4/><U50/><E112/><V31/><F31/><W83/><G29/><T22/><D22/><U92/><E30/><V54/><F25/><W33/><G27/><T11/><D11/><U15/><E21/><V41/><AGARI ba="2,1" hai="40,41,46,49,54" m="50607,25674,36361" machi="41" ten="30,7900,0" yaku="8,1,52,3" doraHai="90" who="2" fromWho="2" sc="306,-22,244,-22,159,95,281,-41" /><INIT seed="4,0,0,4,3,85" ten="284,222,254,240" oya="0" hai0="87,93,54,112,134,73,45,1,31,38,131,46,95" hai1="92,82,80,19,13,119,123,116,2,39,49,7,18" hai2="84,122,27,75,132,0,99,78,135,109,3,115,72" hai3="63,71,129,83,14,53,56,89,96,44,121,37,40"/><T127/><D112/><U23/><E39/><V9/><F122/><W66/><G129/><T124/><D131/><U30/><E123/><V118/><F109/><W62/><G121/><T102/><D73/><U74/><E19/><V133/><F115/><W42/><G14/><T97/><D1/><U4/><E30/><V36/><F36/><N who="3" m="21511" /><G83/><T76/><D134/><U100/><E49/><V108/><F118/><W24/><G89/><N who="0" m="53439" /><D31/><U67/><E67/><V8/><F108/><W70/><G96/><T28/><D28/><U91/><E100/><V81/><F99/><W58/><G24/><T69/><D69/><U33/><E33/><V51/><F27/><W17/><G17/><T61/><D76/><U22/><E2/><V117/><F117/><W5/><G5/><T94/><D38/><U68/><E4/><V64/><F3/><W110/><G110/><T48/><D61/><U88/><E7/><V128/><F0/><W101/><G101/><T105/><D46/><AGARI ba="0,0" hai="37,42,46,53,56,58,62,63,66,70,71" m="21511" machi="46" ten="30,8000,1" yaku="35,5" doraHai="85" who="3" fromWho="0" sc="284,-80,222,0,254,0,240,80" /><INIT seed="5,0,0,5,2,2" ten="204,222,254,320" oya="1" hai0="57,40,35,104,9,97,135,16,83,125,4,19,7" hai1="32,101,84,64,30,116,6,77,122,111,117,28,70" hai2="119,0,39,82,29,18,15,120,33,78,66,55,14" hai3="24,46,79,23,114,71,8,61,52,127,53,3,81"/><U90/><E122/><V95/><F39/><W73/><G114/><T10/><D35/><U109/><E77/><V121/><F66/><W74/><G127/><T103/><D125/><U105/><E6/><V43/><F43/><W11/><G73/><T47/><D135/><U99/><E90/><V5/><F95/><W50/><G3/><T88/><D57/><U42/><E84/><V22/><F55/><W130/><G130/><T37/><D83/><U41/><E41/><V45/><F45/><W134/><G134/><T115/><D115/><U107/><E107/><V49/><F49/><W100/><G100/><T51/><D37/><U60/><E42/><V93/><F93/><W124/><G124/><T44/><D47/><U12/><E12/><V36/><F36/><W112/><G112/><T92/><D10/><U65/><E65/><V76/><F76/><W1/><G1/><T86/><D7/><U123/><E123/><V102/><F102/><W56/><G71/><T21/><D21/><U31/><REACH who="1" step="1"/><E32/><REACH who="1" ten="204,212,254,320" step="2"/><V110/><F15/><AGARI ba="0,1" hai="4,9,15,16,19,40,44,51,86,88,92,97,103,104" machi="15" ten="30,7700,0" yaku="7,1,52,1,54,2" doraHai="2" who="0" fromWho="2" sc="204,87,212,0,254,-77,320,0" /><INIT seed="6,0,0,5,2,77" ten="291,212,177,320" oya="2" hai0="19,120,107,85,32,57,86,36,91,44,124,6,31" hai1="52,34,106,75,37,20,12,3,30,21,4,88,27" hai2="26,68,63,80,123,40,127,46,135,134,70,8,1" hai3="18,11,125,81,64,47,111,50,87,62,58,7,56"/><V121/><F26/><W28/><G28/><T5/><D120/><N who="2" m="46154" /><F8/><W24/><G111/><T83/><D107/><U109/><E106/><V119/><F1/><W126/><G58/><T22/><D124/><N who="3" m="47721" /><G18/><T102/><D102/><U72/><E109/><V104/><F104/><W95/><G95/><T48/><D31/><U112/><E112/><V129/><F127/><W101/><G24/><T51/><D32/><U15/><E72/><V79/><F119/><W99/><G99/><T45/><D36/><U132/><E75/><N who="2" m="43135" /><F129/><W41/><G101/><T94/><D57/><U61/><E27/><V66/><F70/><W116/><G116/><T0/><D0/><U60/><E3/><V96/><F96/><W122/><G122/><T84/><D6/><U114/><E4/><V82/><F82/><W67/><G67/><T23/><D5/><U98/><E98/><V69/><F69/><W53/><G11/><T35/><D35/><U117/><E34/><V73/><F73/><W16/><G7/><T130/><D130/><U38/><E114/><V93/><F93/><W29/><G29/><T118/><D118/><U115/><E30/><V2/><F2/><W54/><G16/><T9/><D19/><U42/><E115/><V65/><F65/><W74/><G74/><T39/><D9/><U90/><E117/><V110/><F110/><W100/><G100/><T108/><D108/><U131/><E131/><V78/><F78/><AGARI ba="0,0" hai="41,47,50,53,54,56,62,64,78,81,87" m="47721" machi="78" ten="30,2000,0" yaku="18,1,52,1" doraHai="77" who="3" fromWho="2" sc="291,0,212,0,177,-20,320,20" /><INIT seed="7,0,0,5,1,31" ten="291,212,157,340" oya="3" hai0="97,117,27,124,21,9,128,90,85,65,118,70,108" hai1="121,76,120,42,99,133,122,115,64,57,37,91,19" hai2="10,4,66,74,98,14,104,93,116,2,15,100,119" hai3="96,33,69,75,105,92,103,87,36,81,73,107,47"/><W77/><G69/><T68/><D108/><U45/><E19/><V24/><F74/><N who="3" m="28171" /><G33/><T40/><D128/><U123/><E133/><V125/><F125/><W110/><G47/><T44/><D124/><U30/><E115/><V8/><F66/><W29/><G29/><T131/><D131/><U22/><E22/><V63/><F63/><W20/><G20/><T23/><D9/><U83/><E30/><V72/><F72/><N who="3" m="43175" /><G36/><T109/><D109/><U32/><E57/><V112/><F112/><W67/><G67/><T113/><D113/><U43/><E32/><V52/><F2/><W61/><G61/><T49/><D65/><U111/><E43/><V84/><F24/><W58/><G58/><T132/><D70/><U1/><E1/><V0/><F0/><W95/><G110/><T38/><D68/><U46/><E46/><V50/><F84/><W41/><G41/><T102/><D38/><U34/><E111/><V25/><F25/><W6/><G6/><T3/><D3/><U11/><E45/><V48/><F93/><N who="3" m="35915" /><G87/><T54/><D85/><U12/><E42/><V134/><F134/><W56/><G56/><T62/><D132/><U13/><E37/><V82/><F82/><W127/><G127/><T35/><D35/><U130/><E120/><V126/><F126/><W88/><G88/><T60/><D90/><U78/><E121/><V89/><F89/><W86/><G86/><T71/><D71/><U28/><E122/><V101/><F101/><W16/><G107/><T51/><D44/><U135/><E64/><V129/><F129/><W5/><G103/><RYUUKYOKU ba="0,0" sc="291,0,212,0,157,0,340,0" owari="291,9.0,212,-19.0,157,-34.0,340,44.0" /></mjloggm>