<mjloggm ver="2.3"><GO type="41" lobby="0"/><UN n0="%E5%B0%B1%E6%B4%BB%E7%94%9F%40%E5%B7%9D%E6%9D%91%E8%BB%8D%E5%9B%A3" n1="%4E%49%47%48%54" n2="%48%41%52%54%4D%41%4E%4E" n3="%70%65%63%61%E9%A7%85%E4%BC%9D%32" dan="14,14,15,15" rate="1989.40,2019.01,2034.41,2002.31" sx="M,F,M,M"/><TAIKYOKU oya="0"/><INIT seed="0,0,0,4,0,97" ten="250,250,250,250" oya="0" hai0="10,20,59,56,72,6,84,69,102,71,18,114,57" hai1="122,98,31,2,108,64,111,80,24,134,25,86,55" hai2="32,8,14,116,128,28,85,19,104,47,3,52,88" hai3="101,107,27,9,110,79,22,26,119,33,87,106,109"/><T135/><D72/><U12/><E122/><V113/><F104/><W36/><G36/><T77/><D114/><U99/><E2/><V129/><F113/><W39/><G39/><T15/><D135/><U125/><E125/><V92/><F116/><W73/><G73/><T48/><D48/><U96/><E134/><V120/><F120/><W21/><G33/><T112/><D112/><U78/><E12/><V75/><F75/><W13/><G107/><T66/><D66/><U131/><E131/><V53/><F3/><W127/><G119/><T115/><D115/><U34/><E25/><N who="2" m="18447" /><F47/><W35/><G35/><T49/><D49/><U132/><E132/><V81/><F92/><W89/><G79/><T68/><D102/><U94/><E55/><V103/><F103/><W54/><G54/><T23/><REACH who="0" step="1"/><D6/><REACH who="0" ten="240,250,250,250" step="2"/><U121/><E121/><V11/><F129/><W44/><G101/><T63/><D63/><U83/><E64/><V117/><F117/><W45/><G127/><T0/><D0/><U67/><E67/><V130/><F128/><W65/><G65/><T100/><D100/><U17/><E111/><V4/><F130/><W40/><G110/><T124/><D124/><U133/><E108/><V93/><F4/><W38/><G109/><T90/><D90/><N who="1" m="53591" /><E133/><V105/><F105/><W70/><G106/><T76/><D76/><U62/><E78/><V1/><F1/><W51/><G38/><T42/><D42/><U46/><E62/><V16/><F81/><AGARI ba="0,1" hai="10,15,18,20,23,56,57,59,68,69,71,77,81,84" machi="81" ten="50,2400,0" yaku="1,1,53,0" doraHai="97" doraHaiUra="61" who="0" fromWho="2" sc="240,34,250,0,250,-24,250,0" /><INIT seed="0,1,0,2,1,14" ten="274,250,226,250" oya="0" hai0="38,82,73,26,76,57,96,10,16,51,95,30,23" hai1="119,62,133,129,71,52,60,77,94,35,105,93,43" hai2="116,88,80,132,0,135,49,2,120,78,12,97,25" hai3="29,31,56,131,59,8,123,20,27,69,84,34,66"/><T58/><D38/><U68/><E105/><V99/><F120/><W113/><BYE who="2" /><G113/><T50/><D50/><U39/><E77/><V15/><F15/><W55/><G69/><N who="1" m="26698" /><E35/><V110/><F110/><W3/><G131/><T42/><D10/><U24/><E24/><V33/><F33/><W111/><G111/><T61/><D61/><N who="1" m="23659" /><E119/><V128/><F128/><W63/><G123/><T89/><REACH who="0" step="1"/><D30/><REACH who="0" ten="264,250,226,250" step="2"/><U134/><E129/><V83/><F83/><W92/><G63/><T122/><D122/><U45/><E94/><V28/><F28/><W112/><G92/><T108/><D108/><U48/><E93/><V74/><F74/><W86/><G31/><T87/><D87/><U79/><E79/><V130/><F130/><W18/><G86/><T75/><D75/><U117/><E117/><V125/><F125/><W67/><G84/><T91/><D91/><U47/><AGARI ba="1,1" hai="39,43,45,47,48,52,133,134" m="23659,26698" machi="47" ten="40,5200,0" yaku="34,2,54,1" doraHai="14" who="1" fromWho="1" sc="264,-27,250,65,226,-14,250,-14" /><INIT seed="1,0,0,1,4,45" ten="237,315,212,236" oya="1" hai0="119,67,121,100,53,9,77,29,21,6,26,120,39" hai1="73,116,113,71,41,93,95,118,19,24,123,88,75" hai2="86,92,60,103,25,82,78,12,115,43,13,63,134" hai3="128,27,129,101,10,127,42,33,16,47,90,15,87"/><U46/><E71/><V8/><F8/><W57/><G127/><T135/><D119/><U84/><E123/><N who="0" m="47177" /><D135/><U7/><E113/><V2/><F2/><W111/><G111/><UN n2="%48%41%52%54%4D%41%4E%4E" /><T112/><D39/><U48/><E7/><V131/><F131/><N who="3" m="50251" /><G101/><T114/><D67/><U97/><E118/><V0/><F134/><W55/><G33/><T5/><D100/><U74/><E116/><V14/><F0/><W69/><G27/><T80/><D53/><U56/><E56/><V117/><F115/><N who="0" m="44074" /><D9/><U50/><E19/><V94/><F117/><W105/><G105/><T110/><D110/><U133/><E24/><V64/><F25/><W44/><G69/><T99/><D99/><U17/><E17/><V36/><F103/><W51/><G42/><T58/><D58/><U30/><E133/><V79/><F64/><W61/><G61/><N who="2" m="23625" /><F43/><W96/><G96/><T38/><D38/><U70/><E70/><V49/><F36/><W76/><G76/><N who="2" m="29225" /><F82/><AGARI ba="0,0" hai="10,15,16,44,47,51,55,57,82,87,90" m="50251" machi="82" ten="30,3900,0" yaku="19,1,52,1,54,1" doraHai="45" who="3" fromWho="2" sc="237,0,315,0,212,-39,236,39" /><INIT seed="2,0,0,4,3,60" ten="237,315,173,275" oya="2" hai0="128,75,105,26,25,19,85,40,1,114,107,126,90" hai1="76,59,72,43,95,47,64,120,122,69,44,37,23" hai2="68,109,111,113,41,62,11,5,125,127,101,51,130" hai3="78,67,21,33,129,84,52,88,20,56,93,121,61"/><V58/><F101/><W30/><G121/><N who="1" m="46698" /><E47/><N who="2" m="26095" /><F113/><W36/><G36/><T102/><D1/><U22/><E69/><V6/><F68/><W82/><G129/><T81/><D114/><U27/><E95/><V106/><F106/><W91/><G91/><T123/><D123/><U18/><E22/><V4/><F11/><W103/><G103/><T53/><D126/><N who="2" m="48138" /><F130/><W2/><G2/><T99/><D128/><U115/><E115/><V34/><F34/><W12/><G12/><T48/><D40/><U24/><E76/><V10/><F10/><W35/><G35/><T74/><D107/><U55/><E72/><V32/><F32/><W86/><REACH who="3" step="1"/><G52/><AGARI ba="0,0" hai="4,5,6,52,58,62,109,111" m="48138,26095" machi="52" ten="40,3900,0" yaku="18,1,54,1" doraHai="60" who="2" fromWho="3" sc="237,0,315,0,173,39,275,-39" /><INIT seed="2,1,0,1,0,25" ten="237,315,212,236" oya="2" hai0="122,66,38,117,119,115,39,68,82,54,128,95,9" hai1="22,27,1,8,7,80,106,71,49,91,129,64,101" hai2="52,36,42,24,133,10,75,57,98,109,110,112,111" hai3="99,37,40,88,45,56,17,93,90,77,103,4,48"/><V72/><F112/><W81/><G4/><T97/><D115/><U2/><E129/><V125/><F133/><W29/><G17/><T59/><D122/><U127/><E127/><V102/><F125/><W34/><G37/><T44/><D128/><U21/><E2/><V14/><F24/><W31/><G34/><T32/><D32/><U121/><E121/><V84/><F84/><N who="3" m="48175" /><G56/><T18/><D68/><U114/><E114/><V94/><F42/><W135/><G135/><T100/><D66/><U123/><E123/><V74/><F36/><W108/><G108/><T13/><D82/><U107/><E101/><V6/><F72/><W20/><G20/><T23/><D23/><U89/><E80/><V61/><AGARI ba="1,0" hai="6,10,14,52,57,61,74,75,94,98,102,109,110,111" machi="61" ten="30,11700,0" yaku="0,1,14,1,10,1,54,1" doraHai="25" who="2" fromWho="2" sc="237,-40,315,-40,212,120,236,-40" /><INIT seed="2,2,0,1,0,28" ten="197,275,332,196" oya="2" hai0="116,94,74,82,108,113,41,134,32,51,93,121,20" hai1="40,39,68,44,13,77,26,24,129,21,81,123,104" hai2="10,132,17,109,95,83,107,30,78,59,56,127,105" hai3="22,70,79,6,102,131,43,122,52,133,4,50,27"/><V98/><F132/><W119/><G119/><T3/><D3/><U0/><E123/><V110/><F127/><W54/><G122/><T80/><D116/><U35/><E129/><V112/><F30/><W63/><G131/><T45/><D121/><U23/><E13/><V55/><F112/><W9/><G133/><T25/><D113/><U92/><E92/><V118/><F118/><W135/><G135/><T115/><D115/><U97/><E68/><V76/><F10/><W12/><G79/><N who="2" m="30249" /><F17/><W18/><G102/><T1/><D1/><U73/><E26/><V128/><F83/><N who="0" m="31786" /><D32/><U111/><E111/><N who="2" m="42507" /><F128/><W99/><G99/><T5/><D74/><U103/><E23/><V36/><F36/><W11/><G70/><T58/><D108/><U89/><E21/><V60/><F59/><W69/><G69/><T16/><D5/><U86/><E0/><V87/><F87/><W7/><G63/><T120/><D120/><U126/><E126/><V101/><AGARI ba="2,0" hai="55,56,60,95,98,101,105,107" m="42507,30249" machi="101" ten="30,3000,0" yaku="14,1,10,1" doraHai="28" who="2" fromWho="2" sc="197,-12,275,-12,332,36,196,-12" /><INIT seed="2,3,0,4,0,58" ten="185,263,368,184" oya="2" hai0="73,12,3,115,120,22,89,15,129,75,48,101,127" hai1="36,119,10,31,11,83,87,81,37,14,29,128,126" hai2="52,38,71,41,7,91,105,111,34,39,61,6,77" hai3="103,121,124,113,46,21,65,72,96,53,118,99,70"/><V80/><F105/><W82/><G118/><T26/><D3/><U20/><E119/><V30/><F111/><W64/><G121/><T13/><D120/><U131/><E20/><V54/><F91/><W23/><G65/><T132/><D115/><U90/><E126/><V44/><F38/><W32/><G32/><T76/><D127/><U59/><E59/><V108/><F108/><W106/><G124/><T97/><D129/><U0/><E0/><V27/><F54/><W79/><G113/><T95/><D132/><U60/><E60/><V66/><REACH who="2" step="1"/><F52/><REACH who="2" ten="185,263,358,184" step="2"/><W62/><REACH who="3" step="1"/><G99/><REACH who="3" ten="185,263,358,174" step="2"/><T67/><D97/><U40/><E131/><V116/><F116/><W1/><G1/><T42/><D67/><U133/><E128/><V8/><F8/><W49/><AGARI ba="3,2" hai="21,23,46,49,53,62,64,70,72,79,82,96,103,106" machi="49" ten="30,7900,0" yaku="1,1,0,1,52,1,53,1" doraHai="58" doraHaiUra="50" who="3" fromWho="3" sc="185,-23,263,-23,358,-42,174,108" /><INIT seed="3,0,0,5,2,107" ten="162,240,316,282" oya="3" hai0="71,49,110,36,60,122,48,50,16,113,43,111,38" hai1="58,91,53,68,52,130,61,59,129,120,85,121,1" hai2="34,25,22,67,95,4,131,19,135,81,100,20,47" hai3="42,26,92,74,103,15,24,84,5,46,133,94,99"/><W134/><G74/><T55/><D122/><N who="1" m="47211" /><E85/><V30/><F131/><N who="1" m="50185" /><E1/><V51/><F135/><N who="3" m="51723" /><G5/><T56/><D113/><U106/><E91/><V79/><F67/><W29/><G15/><T41/><D16/><U33/><E33/><V87/><F4/><W11/><G11/><T119/><D119/><U97/><E97/><V78/><F78/><W105/><G84/><T9/><D9/><U64/><E106/><V102/><F34/><N who="3" m="20775" /><G26/><T83/><D83/><U65/><E68/><V109/><F109/><N who="0" m="41482" /><D71/><U128/><N who="1" m="50193" /><U73/><DORA hai="12" /><E73/><V39/><F39/><AGARI ba="0,0" hai="39,42,46,92,94,99,103,105" m="20775,51723" machi="39" ten="30,1500,0" yaku="20,1" doraHai="107,12" who="3" fromWho="2" sc="162,0,240,0,316,-15,282,15" /><AGARI ba="0,0" hai="36,38,39,41,43,48,49,50,55,56,60" m="41482" machi="39" ten="40,5200,0" yaku="14,1,34,2" doraHai="107,12" who="0" fromWho="2" sc="162,52,240,0,301,-52,297,0" /><INIT seed="3,1,0,3,2,29" ten="214,240,249,297" oya="3" hai0="100,107,117,120,92,128,74,85,119,77,56,38,80" hai1="135,93,69,30,15,122,101,33,99,104,102,60,62" hai2="125,63,79,129,134,81,112,32,36,110,68,18,20" hai3="3,61,89,17,106,43,114,23,53,52,5,8,0"/><W48/><G114/><T39/><D120/><U26/><E122/><V12/><F112/><W14/><G106/><T49/><D128/><U115/><E115/><V2/><F110/><W66/><G89/><N who="0" m="53295" /><D39/><U11/><E135/><V41/><F129/><W67/><G67/><T19/><D38/><U54/><E54/><V95/><F134/><W25/><G43/><T96/><D19/><U75/><E75/><V34/><F125/><W78/><G78/><T124/><D124/><U42/><E42/><V97/><F2/><W64/><G64/><T46/><D56/><U86/><E86/><V4/><F4/><W45/><REACH who="3" step="1"/><G53/><AGARI ba="1,0" hai="46,49,53,74,77,80,96,100,107,117,119" m="53295" machi="53" ten="30,1000,0" yaku="24,1" doraHai="29" who="0" fromWho="3" sc="214,13,240,0,249,0,297,-13" /><INIT seed="4,0,0,1,4,64" ten="227,240,249,284" oya="0" hai0="84,72,115,18,20,124,33,46,68,52,87,3,48" hai1="10,37,13,62,2,89,110,119,7,82,78,80,34" hai2="26,106,55,104,76,0,70,123,133,61,114,109,40" hai3="90,129,36,74,103,6,98,42,58,15,77,100,116"/><T19/><D72/><U5/><E110/><V97/><F109/><W47/><G116/><T83/><D33/><U121/><E119/><V25/><F123/><W65/><G74/><T51/><D3/><U22/><E121/><V24/><F0/><W111/><G77/><T96/><D68/><U105/><E105/><V88/><F114/><W4/><G111/><T39/><D39/><U60/><E37/><V1/><F1/><W28/><G28/><T43/><D115/><U122/><E122/><V92/><F133/><W59/><G90/><T81/><D124/><U67/><E34/><V23/><F40/><W41/><G129/><T73/><D96/><U134/><E134/><V12/><F76/><W69/><G69/><T93/><D93/><U8/><E22/><V45/><F70/><W57/><G65/><T128/><D128/><U127/><E127/><V126/><F126/><W117/><G117/><T21/><D73/><U71/><E62/><V11/><F106/><W56/><G98/><T54/><D43/><U118/><E118/><V49/><F61/><W38/><G103/><T112/><D112/><U131/><E131/><V85/><F104/><W125/><G100/><T27/><D27/><U79/><E89/><V132/><F132/><W120/><G120/><T30/><D30/><U66/><E66/><V107/><F107/><W113/><G125/><T9/><D9/><U94/><E94/><V32/><F32/><W31/><G31/><T108/><D108/><U101/><E101/><V63/><F97/><W102/><G113/><T130/><D130/><U53/><E53/><RYUUKYOKU ba="0,0" sc="227,15,240,15,249,-15,284,-15" hai0="18,19,20,21,46,48,51,52,54,81,83,84,87" hai1="2,5,7,8,10,13,60,67,71,78,79,80,82" /><INIT seed="4,1,0,5,2,90" ten="242,255,234,269" oya="0" hai0="96,130,119,135,62,98,63,10,6,109,75,107,95" hai1="9,117,66,8,60,108,86,22,1,45,48,7,124" hai2="59,73,14,33,134,97,21,112,101,93,67,114,54" hai3="23,55,88,84,128,91,80,129,58,38,51,83,57"/><T12/><D119/><U79/><E108/><V89/><F33/><W0/><G0/><T106/><D75/><U92/><E124/><V27/><F14/><W110/><G38/><T3/><D109/><U35/><E117/><V39/><F39/><W82/><G110/><T37/><D37/><U53/><E9/><V68/><F73/><W70/><G70/><T24/><D130/><N who="3" m="50281" /><G23/><T16/><D135/><U40/><E22/><V11/><F11/><W17/><G17/><T105/><D24/><U20/><E20/><V29/><F134/><W44/><G91/><T52/><D52/><U26/><E79/><V34/><F34/><W120/><G120/><T65/><D98/><U103/><E86/><V78/><F78/><W71/><G71/><T126/><D126/><U77/><E77/><V94/><F68/><W76/><G76/><T25/><D25/><U123/><E123/><V102/><F54/><W115/><G115/><N who="2" m="44073" /><F94/><AGARI ba="1,0" hai="44,51,55,57,58,80,82,83,84,88,94" m="50281" machi="94" ten="30,3900,0" yaku="19,1,52,1,54,1" doraHai="90" who="3" fromWho="2" sc="242,0,255,0,234,-42,269,42" /><INIT seed="5,0,0,1,5,75" ten="242,255,192,311" oya="1" hai0="5,91,78,88,108,34,81,4,59,95,116,7,125" hai1="3,48,76,60,54,29,69,109,46,51,93,110,1" hai2="90,77,56,33,6,35,114,36,50,43,133,41,84" hai3="30,58,49,103,68,123,53,82,94,14,20,16,71"/><U83/><E93/><V70/><F70/><W12/><G123/><T64/><D116/><U72/><E29/><V107/><F107/><W47/><G30/><T25/><D108/><N who="1" m="41579" /><E51/><V31/><F133/><W66/><G82/><T52/><D125/><U101/><E101/><V45/><F114/><W106/><G106/><T131/><D131/><U8/><E8/><V104/><F104/><W126/><G126/><T97/><D64/><AGARI ba="0,0" hai="1,3,46,48,54,60,64,69,72,76,83" m="41579" machi="64" ten="30,2900,0" yaku="10,1,52,1" doraHai="75" who="1" fromWho="0" sc="242,-29,255,29,192,0,311,0" /><INIT seed="5,1,0,2,3,106" ten="213,284,192,311" oya="1" hai0="71,34,7,63,67,132,37,1,66,44,61,41,82" hai1="19,40,30,85,79,133,60,135,134,27,54,95,112" hai2="3,43,125,78,113,83,38,31,33,48,116,20,129" hai3="108,93,124,29,62,99,115,11,98,86,122,88,65"/><U87/><E40/><V72/><F116/><W100/><G108/><T15/><D132/><U18/><E112/><V69/><F113/><W111/><G111/><T120/><D120/><U105/><E105/><V130/><F20/><W117/><G122/><T96/><D96/><U36/><E36/><V90/><F90/><W64/><G115/><T46/><D15/><U28/><E95/><V131/><F48/><W22/><G117/><T75/><D46/><U80/><E87/><V81/><F81/><W47/><G124/><T25/><D25/><U50/><E60/><V74/><F74/><W17/><G47/><T123/><D123/><U42/><E42/><V126/><F69/><W10/><G99/><T119/><D119/><U101/><E101/><V84/><F84/><W0/><G0/><T35/><D63/><U24/><E27/><N who="2" m="18687" /><F3/><W23/><G29/><N who="1" m="11370" /><E24/><V89/><F89/><W68/><G65/><T102/><D67/><U51/><E51/><V103/><F103/><W128/><G23/><T109/><D102/><U55/><E55/><V21/><F21/><W39/><G39/><T32/><D109/><U92/><E92/><V4/><F4/><W104/><REACH who="3" step="1"/><G128/><REACH who="3" ten="213,284,192,301" step="2"/><N who="2" m="32769" /><V110/><DORA hai="114" /><F110/><W97/><G97/><T91/><D35/><U59/><AGARI ba="1,1" hai="18,19,50,54,59,79,80,85,133,134,135" m="11370" machi="59" ten="40,2100,0" yaku="20,1" doraHai="106,114" who="1" fromWho="1" sc="213,-8,284,34,192,-8,301,-8" /><INIT seed="5,2,0,4,3,127" ten="205,318,184,293" oya="1" hai0="43,63,78,115,17,75,30,41,50,131,128,80,122" hai1="31,100,90,101,107,64,28,125,62,117,109,81,108" hai2="114,57,24,72,35,38,53,16,40,22,9,14,48" hai3="20,130,95,133,12,49,85,74,132,25,44,73,2"/><U116/><E125/><V77/><F114/><W10/><G2/><T129/><D115/><U52/><E64/><V76/><F72/><W103/><G130/><T69/><D122/><U92/><E81/><V1/><F40/><W59/><G59/><T97/><D30/><N who="1" m="11307" /><E107/><V82/><F38/><W68/><G68/><T98/><D17/><U32/><E32/><V113/><F113/><W70/><G70/><T65/><D50/><U60/><E90/><V84/><F35/><W124/><G124/><T94/><D98/><U119/><E52/><V88/><REACH who="2" step="1"/><F1/><REACH who="2" ten="205,318,174,293" step="2"/><W106/><G73/><T86/><REACH who="0" step="1"/><D75/><REACH who="0" ten="195,318,174,293" step="2"/><U61/><E92/><V26/><F26/><W29/><G25/><T120/><D120/><U15/><E15/><V6/><AGARI ba="2,2" hai="6,9,14,16,22,24,48,53,57,76,77,82,84,88" machi="6" ten="20,12000,2" yaku="1,1,0,1,7,1,8,1,54,2,53,0" doraHai="127" doraHaiUra="111" who="2" fromWho="2" sc="195,-32,318,-62,174,146,293,-32" /><INIT seed="6,0,0,1,1,45" ten="163,256,320,261" oya="2" hai0="68,117,106,93,2,23,96,66,15,34,95,43,67" hai1="105,94,102,114,1,21,70,128,64,111,123,10,12" hai2="88,65,58,41,60,130,30,86,83,104,38,110,116" hai3="46,22,121,7,84,27,100,82,79,37,112,48,131"/><V47/><F116/><W5/><G121/><T115/><D34/><U118/><E118/><V108/><F104/><W90/><G131/><T61/><D2/><U129/><E114/><V124/><F130/><N who="1" m="50281" /><E123/><V49/><F124/><W72/><G112/><T42/><D115/><U101/><E111/><N who="2" m="42539" /><F30/><W91/><G37/><AGARI ba="0,0" hai="37,38,41,47,49,58,60,65,83,86,88" m="42539" machi="37" ten="30,5800,0" yaku="10,1,52,1,54,1" doraHai="45" who="2" fromWho="3" sc="163,0,256,0,320,58,261,-58" /><INIT seed="6,1,0,5,5,72" ten="163,256,378,203" oya="2" hai0="107,46,28,0,129,93,42,77,110,44,128,25,52" hai1="12,48,39,97,18,98,7,101,5,53,54,4,30" hai2="130,95,88,90,123,64,111,83,32,133,121,60,71" hai3="81,89,134,29,68,80,94,78,13,22,132,106,56"/><V82/><F123/><W67/><G106/><T35/><D107/><U37/><E30/><V108/><F121/><W43/><G68/><T31/><D0/><U6/><N who="1" m="1536" /><DORA hai="91" /><U11/><E53/><V58/><F130/><N who="0" m="50282" /><D110/><N who="2" m="42026" /><F133/><N who="3" m="51307" /><G43/><T116/><D116/><U131/><E98/><N who="2" m="57703" /><F32/><W26/><G13/><T23/><D42/><U63/><E63/><N who="2" m="40351" /><F90/><W96/><G67/><AGARI ba="1,0" hai="58,60,67,82,83" m="40351,57703,42026" machi="67" ten="30,5800,0" yaku="10,1,52,1,54,1" doraHai="72,91" who="2" fromWho="3" sc="163,0,256,0,378,61,203,-61" /><INIT seed="6,2,0,3,0,73" ten="163,256,439,142" oya="2" hai0="68,111,132,95,4,26,30,23,85,129,83,67,124" hai1="93,89,102,62,31,5,16,82,112,27,122,52,113" hai2="76,100,33,65,66,43,75,9,6,118,106,72,50" hai3="79,115,103,58,63,90,94,60,135,19,17,128,97"/><V24/><F118/><W117/><G117/><T7/><D111/><U127/><E122/><V86/><F100/><W11/><G135/><T56/><D68/><U22/><E127/><V104/><F24/><W98/><G128/><T61/><D124/><U20/><E5/><V55/><F33/><W54/><G115/><N who="1" m="44106" /><E102/><V21/><F21/><W53/><G11/><T80/><D129/><U119/><E82/><N who="0" m="31273" /><D132/><U41/><E41/><V87/><F43/><W45/><G79/><T88/><AGARI ba="2,0" hai="4,7,23,26,30,56,61,67,85,88,95" m="31273" machi="88" ten="30,2000,0" yaku="8,1,54,1" doraHai="73" who="0" fromWho="0" sc="163,26,256,-7,439,-12,142,-7" /><INIT seed="7,0,0,0,3,59" ten="189,249,427,135" oya="3" hai0="71,27,99,37,32,128,72,67,122,111,78,38,102" hai1="79,28,26,93,51,19,125,36,68,30,104,115,16" hai2="113,40,75,7,62,50,47,94,84,14,91,121,49" hai3="88,11,101,133,44,56,54,21,66,85,6,105,80"/><W116/><G116/><T134/><D111/><U39/><E79/><V0/><F0/><W20/><G133/><T77/><D122/><U70/><E51/><V52/><F121/><W127/><G127/><T10/><D10/><U29/><E93/><V119/><F75/><W8/><G8/><T96/><D128/><U100/><E19/><V63/><F119/><W89/><G105/><N who="0" m="63687" /><D99/><U65/><E16/><V23/><F113/><W42/><G101/><T132/><D77/><U74/><E74/><V98/><F7/><W45/><G89/><T34/><D78/><U53/><E53/><V82/><F14/><N who="3" m="5495" /><G66/><T17/><D17/><U76/><E76/><N who="2" m="46151" /><F23/><N who="3" m="8779" /><G42/><T2/><D2/><U48/><E48/><AGARI ba="0,0" hai="44,45,48,54,56,80,85,88" m="8779,5495" machi="48" ten="30,2900,0" yaku="8,1,54,1" doraHai="59" who="3" fromWho="1" sc="189,0,249,-29,427,0,135,29" /><INIT seed="7,1,0,3,1,118" ten="189,220,427,164" oya="3" hai0="73,25,55,14,54,59,56,90,70,110,60,81,85" hai1="20,19,134,114,130,82,124,91,79,30,1,129,22" hai2="75,52,4,80,39,12,71,93,122,106,47,46,6" hai3="111,102,21,13,74,50,34,36,57,33,28,17,23"/><W16/><G36/><T37/><D110/><U119/><E114/><V27/><F106/><W5/><G74/><T10/><D37/><U2/><E124/><V0/><F71/><W76/><G76/><T113/><D113/><U94/><E119/><V78/><F27/><N who="3" m="16495" /><G102/><T29/><D73/><N who="1" m="43375" /><E30/><V44/><F93/><W98/><G98/><T84/><D70/><U133/><E22/><V112/><F112/><W100/><G100/><T127/><D127/><U35/><E35/><N who="3" m="13322" /><G50/><T126/><D126/><U69/><E69/><V83/><F52/><W45/><G45/><N who="2" m="17513" /><F80/><W49/><G49/><T123/><D55/><U41/><E41/><N who="2" m="22975" /><F12/><N who="3" m="9607" /><G57/><T101/><D59/><U108/><E108/><V103/><F103/><W32/><N who="3" m="13330" /><W95/><DORA hai="7" /><G95/><T131/><D101/><U40/><E40/><V107/><F107/><W53/><G53/><T61/><D56/><U51/><E51/><V62/><F62/><W105/><G105/><T9/><D54/><U104/><E104/><V135/><F135/><N who="1" m="51721" /><E94/><V92/><F92/><W86/><G111/><T96/><D61/><U115/><E115/><V89/><F89/><W11/><G86/><T26/><D60/><U117/><E117/><V109/><F109/><W67/><G67/><T31/><D90/><U87/><E91/><V38/><F38/><W15/><G15/><T116/><D81/><U42/><E87/><V128/><F75/><W18/><AGARI ba="1,0" hai="5,11,13,17,18" m="9607,13330,16495" machi="18" ten="40,18000,2" yaku="35,5,52,1,54,1" doraHai="118,7" who="3" fromWho="3" sc="189,-61,220,-61,427,-61,164,183" /><INIT seed="7,2,0,2,0,53" ten="128,159,366,347" oya="3" hai0="81,42,2,73,86,109,102,44,95,111,112,117,48" hai1="1,74,129,91,65,80,106,130,66,71,72,135,133" hai2="77,0,99,132,115,36,14,47,12,89,67,10,15" hai3="118,108,82,93,110,134,101,114,13,24,17,97,28"/><W34/><G118/><T8/><D117/><U49/><E1/><V18/><F115/><W87/><G114/><T124/><D124/><U121/><E91/><V116/><F132/><N who="1" m="50761" /><E80/><V9/><F116/><W113/><G113/><T69/><D112/><U55/><E106/><V128/><F128/><N who="1" m="49257" /><E121/><V131/><F131/><W103/><G103/><T6/><D73/><N who="1" m="28267" /><E71/><V23/><F77/><W88/><REACH who="3" step="1"/><G134/><REACH who="3" ten="128,159,366,337" step="2"/><T25/><D69/><U94/><E94/><N who="2" m="56783" /><F0/><W85/><G85/><T70/><D70/><U92/><E92/><V51/><F36/><W58/><G58/><AGARI ba="2,1" hai="49,55,58,65,66" m="28267,49257,50761" machi="58" ten="40,5200,0" yaku="20,1,19,1,52,1" doraHai="53" who="1" fromWho="3" sc="128,0,159,68,366,0,337,-58" owari="128,-37.0,227,-17.0,366,46.0,279,8.0" /></mjloggm>