<mjloggm ver="2.3"><GO type="169" lobby="0"/><UN n0="%E3%82%B5%E3%83%B3%E3%83%9E%E9%81%93%E6%A5%BD%E4%BB%A3%E8%A1%A8" n1="%E5%B0%B1%E6%B4%BB%E7%94%9F%40%E5%B7%9D%E6%9D%91%E8%BB%8D%E5%9B%A3" n2="%67%6F%69%73%75%62%61%69" n3="%E3%83%88%E3%83%88%E3%83%AA%E5%85%88%E7%94%9F%31%39%E6%AD%B3" dan="18,16,16,18" rate="2216.71,2180.05,2053.04,2277.87" sx="M,M,M,F"/><TAIKYOKU oya="0"/><INIT seed="0,0,0,2,2,53" ten="250,250,250,250" oya="0" hai0="97,2,101,113,9,99,135,114,26,36,17,129,119" hai1="121,27,42,102,3,30,81,24,86,120,95,110,16" hai2="112,34,94,122,91,57,77,74,72,1,132,109,85" hai3="133,4,8,118,33,68,23,130,84,100,106,51,55"/><T83/><D119/><U111/><E42/><V11/><F34/><W103/><G118/><T49/><D36/><U0/><E102/><V123/><F112/><W43/><G33/><T107/><D135/><U93/><E81/><V87/><F132/><W96/><G68/><T50/><D129/><U73/><E86/><V64/><F109/><N who="1" m="41481" /><E73/><V125/><F125/><W31/><G133/><T67/><D67/><U44/><E44/><V18/><F85/><W124/><G124/><T134/><D134/><U60/><E60/><V10/><F10/><W15/><G130/><T56/><D83/><U128/><E128/><V88/><F91/><W71/><G71/><T39/><D39/><U116/><E116/><V14/><F1/><N who="1" m="585" /><E93/><V69/><F69/><W28/><G43/><T25/><D50/><U48/><E95/><V35/><F35/><W46/><G100/><T45/><D45/><U66/><E66/><V52/><F64/><W63/><G63/><T92/><D99/><U108/><E48/><V7/><F7/><W62/><G62/><T70/><D70/><U61/><E61/><V78/><F78/><W117/><G117/><T65/><D92/><U54/><E54/><V127/><F127/><W115/><G84/><T59/><D65/><U80/><E80/><N who="2" m="45111" /><F72/><W32/><G106/><T58/><D49/><U5/><E5/><V38/><F38/><W90/><G51/><T6/><REACH who="0" step="1"/><D17/><REACH who="0" ten="240,250,250,250" step="2"/><U98/><E98/><V29/><F94/><W105/><G96/><T75/><D75/><U76/><N who="1" m="41489" /><U20/><DORA hai="126" /><E76/><V41/><F18/><W21/><G46/><RYUUKYOKU ba="0,1" sc="240,15,250,15,250,-15,250,-15" hai0="2,6,9,25,26,56,58,59,97,101,107,113,114" hai1="16,20,24,27,30,120,121" /><INIT seed="0,1,1,4,2,66" ten="255,265,235,235" oya="0" hai0="113,80,51,100,34,84,128,96,15,76,124,83,101" hai1="13,98,54,74,29,40,108,3,63,59,123,1,27" hai2="79,20,81,134,60,50,32,68,14,131,45,85,36" hai3="22,70,119,130,2,53,61,127,30,126,57,16,71"/><T95/><D34/><U102/><E74/><V6/><F32/><W62/><G2/><T52/><D113/><U89/><E108/><V90/><F36/><W120/><G119/><T42/><D42/><U77/><E77/><V103/><F131/><W111/><G111/><T47/><D128/><U19/><E40/><V10/><F134/><W18/><G130/><T132/><D132/><U105/><E89/><V91/><F103/><W7/><G7/><T44/><D124/><N who="3" m="47657" /><G120/><T33/><D33/><U72/><E72/><V109/><F109/><W39/><G39/><T67/><D67/><U8/><E123/><V73/><F20/><AGARI ba="1,1" hai="1,3,8,13,19,20,27,29,54,59,63,98,102,105" machi="20" ten="30,1000,0" yaku="7,1" doraHai="66" who="1" fromWho="2" sc="255,0,265,23,235,-13,235,0" /><INIT seed="1,0,0,1,2,123" ten="255,288,222,235" oya="1" hai0="72,75,100,119,7,23,113,1,2,68,99,13,94" hai1="52,34,132,26,80,101,131,97,109,107,9,121,79" hai2="20,92,32,91,74,134,42,105,83,53,88,96,103" hai3="108,36,69,126,135,81,31,12,39,116,118,71,28"/><U22/><E121/><V55/><F32/><W87/><G12/><T64/><D119/><N who="3" m="45609" /><G135/><T40/><D40/><U130/><E34/><V60/><F134/><W122/><G122/><T56/><D68/><N who="3" m="26185" /><G126/><T102/><D102/><U47/><E9/><V24/><F42/><W127/><G127/><T112/><D112/><U59/><E47/><V33/><F33/><W17/><G17/><T45/><D45/><U6/><E6/><V115/><F115/><W30/><G108/><T125/><D125/><U11/><E11/><V50/><F60/><W4/><G4/><T51/><D113/><U43/><E43/><V25/><F25/><W65/><G65/><T70/><D70/><U95/><E109/><V78/><F50/><W66/><G66/><T128/><D2/><U35/><E35/><V67/><F67/><W106/><G106/><T18/><D7/><U27/><E107/><V0/><F0/><W44/><G44/><T61/><D1/><U82/><E132/><V84/><F91/><AGARI ba="0,0" hai="28,30,31,36,39,81,87,91" m="26185,45609" machi="91" ten="40,1300,0" yaku="12,1" doraHai="123" who="3" fromWho="2" sc="255,0,288,0,222,-13,235,13" /><INIT seed="2,0,0,1,5,111" ten="255,288,209,248" oya="2" hai0="97,48,108,133,135,71,126,19,23,45,67,85,40" hai1="44,105,95,124,131,73,62,46,51,134,53,130,75" hai2="58,116,74,18,39,56,25,84,59,100,94,10,34" hai3="93,129,70,1,103,20,54,104,63,119,128,120,22"/><V76/><F39/><W16/><G119/><T123/><D123/><U24/><E105/><V121/><F121/><W49/><G120/><T37/><D85/><U65/><E134/><N who="0" m="51209" /><D97/><U11/><E124/><V3/><F116/><W89/><G1/><T125/><D23/><U15/><E24/><V96/><F74/><W87/><G22/><T66/><D19/><N who="1" m="8703" /><E46/><V50/><F3/><W132/><G132/><T26/><D26/><U35/><E95/><V42/><F34/><W114/><G114/><T60/><D67/><U77/><E77/><V80/><F42/><W61/><G103/><T41/><D108/><U52/><E53/><V14/><REACH who="2" step="1"/><F25/><REACH who="2" ten="255,288,199,248" step="2"/><N who="3" m="14471" /><G129/><N who="1" m="49162" /><E35/><V88/><F88/><N who="3" m="53407" /><G128/><T69/><D69/><AGARI ba="0,1" hai="44,51,52,62,65,69,73,75" m="49162,8703" machi="69" ten="30,2000,0" yaku="19,1,54,1" doraHai="111" who="1" fromWho="0" sc="255,-20,288,30,199,0,248,0" /><INIT seed="3,0,0,0,2,34" ten="235,318,199,248" oya="3" hai0="21,4,35,121,55,27,83,85,11,49,98,92,28" hai1="9,84,17,0,36,67,52,3,38,81,7,74,130" hai2="42,6,107,47,104,125,111,32,2,53,90,16,64" hai3="128,99,40,127,126,51,94,79,73,103,23,65,66"/><W58/><G128/><T46/><D35/><U68/><E74/><V77/><F32/><W110/><G110/><T8/><D121/><U108/><E108/><V54/><F111/><W44/><G73/><T102/><REACH who="0" step="1"/><D4/><REACH who="0" ten="225,318,199,248" step="2"/><U93/><E7/><V19/><F6/><W71/><G126/><T56/><D56/><U31/><E68/><V63/><F125/><W129/><G127/><T59/><D59/><U50/><E38/><V116/><F116/><W80/><G129/><T61/><D61/><U88/><E36/><V117/><F117/><W70/><G70/><T113/><D113/><U122/><E122/><V124/><F124/><W131/><G71/><T123/><D123/><U89/><E130/><V87/><F63/><W69/><G69/><T48/><D48/><U62/><E62/><V100/><F47/><W29/><G58/><T24/><D24/><U115/><E115/><V95/><F64/><W15/><G131/><T22/><D22/><U101/><E67/><V91/><F104/><W30/><G65/><T14/><D14/><U109/><E109/><V41/><F107/><W119/><G66/><T82/><D82/><U78/><E50/><V45/><F45/><W60/><G60/><T106/><D106/><U13/><E81/><V76/><F95/><W20/><G119/><T57/><D57/><U1/><E93/><V72/><F72/><N who="3" m="43111" /><G15/><T25/><D25/><U135/><E13/><V97/><F97/><W133/><G20/><T26/><D26/><U5/><E5/><V75/><F75/><W112/><G23/><T37/><D37/><U134/><E84/><RYUUKYOKU ba="0,1" sc="225,30,318,-10,199,-10,248,-10" hai0="8,11,21,27,28,46,49,55,83,85,92,98,102" /><INIT seed="4,1,1,4,5,114" ten="255,308,189,238" oya="0" hai0="88,60,75,77,41,118,122,93,104,35,80,117,101" hai1="131,133,113,8,14,63,59,71,89,126,73,15,82" hai2="102,54,108,56,81,18,58,19,30,87,0,40,110" hai3="70,46,1,28,45,48,98,3,67,90,32,130,95"/><T112/><D35/><U74/><E71/><V100/><F0/><W5/><G130/><T38/><D122/><U52/><E113/><V86/><F30/><W7/><G45/><N who="0" m="23735" /><D60/><U17/><E131/><V22/><F40/><W55/><G67/><T6/><D6/><U9/><E133/><V78/><F22/><W69/><G5/><T50/><D50/><U106/><E106/><V13/><F13/><W61/><G61/><T127/><D112/><U62/><E126/><V4/><F4/><W83/><G83/><T16/><D16/><N who="1" m="8263" /><E73/><V76/><F81/><W72/><G72/><T79/><D79/><U129/><E74/><V33/><REACH who="2" step="1"/><F54/><REACH who="2" ten="255,308,179,238" step="2"/><W107/><G7/><T64/><D127/><U132/><E129/><V57/><F57/><W97/><G3/><T92/><D64/><U105/><E59/><V121/><F121/><W65/><G1/><T2/><D2/><U128/><E52/><V85/><F85/><W26/><G65/><T23/><D23/><U53/><E53/><V115/><F115/><W99/><REACH who="3" step="1"/><G107/><REACH who="3" ten="255,308,179,228" step="2"/><T37/><D104/><U66/><E105/><V11/><F11/><W84/><AGARI ba="1,3" hai="26,28,32,46,48,55,69,70,84,90,95,97,98,99" machi="84" ten="30,4000,0" yaku="1,1,2,1,0,1,53,0" doraHai="114" doraHaiUra="124" who="3" fromWho="3" sc="255,-21,308,-11,179,-11,228,73" /><INIT seed="5,0,0,2,5,131" ten="234,297,168,301" oya="1" hai0="103,57,36,108,29,45,11,112,124,21,24,50,35" hai1="94,88,116,78,80,70,105,52,82,58,23,102,76" hai2="43,48,7,66,16,81,100,10,101,129,20,25,46" hai3="122,15,86,62,18,56,71,114,55,28,61,98,51"/><U106/><E70/><V120/><F129/><W75/><G75/><T125/><D108/><U132/><E132/><V68/><F120/><W0/><G122/><T39/><D103/><U128/><E128/><V73/><F68/><W97/><G0/><T37/><D112/><U26/><E102/><V117/><F66/><W85/><G114/><T90/><D57/><U123/><E106/><V40/><F40/><W32/><G28/><T91/><D11/><U130/><E105/><V33/><F33/><W42/><G32/><T14/><D14/><U54/><E116/><V83/><F117/><W96/><G71/><T77/><D77/><N who="1" m="29803" /><E123/><V67/><F67/><W111/><G111/><T34/><D34/><U107/><E107/><V8/><F8/><W30/><G30/><T13/><D13/><U84/><E130/><V9/><F9/><N who="3" m="6511" /><G42/><T99/><D99/><U17/><E54/><V69/><F69/><W19/><G19/><T3/><D3/><U110/><E110/><V79/><REACH who="2" step="1"/><F83/><REACH who="2" ten="234,297,158,301" step="2"/><W113/><G113/><T59/><D35/><U127/><E127/><V41/><F41/><W119/><G119/><T118/><D118/><U63/><AGARI ba="0,1" hai="17,23,26,52,58,63,80,82,84,88,94" m="29803" machi="63" ten="30,6000,0" yaku="8,1,54,2" doraHai="131" who="1" fromWho="1" sc="234,-20,297,70,158,-20,301,-20" /><INIT seed="5,1,0,5,3,45" ten="214,367,138,281" oya="1" hai0="54,129,124,79,108,123,96,33,90,81,62,36,26" hai1="101,110,130,114,14,76,111,74,84,27,38,102,82" hai2="39,7,116,107,2,91,29,28,119,77,69,23,52" hai3="48,53,97,105,5,125,86,75,122,18,64,72,40"/><U37/><E114/><V71/><F39/><W118/><G122/><T120/><D36/><U63/><E130/><V30/><F107/><W13/><G125/><T34/><D108/><U46/><E27/><V99/><F77/><W65/><G118/><T70/><D124/><U4/><E63/><V43/><F43/><W3/><G40/><T44/><D26/><U94/><E38/><V8/><F23/><W11/><G86/><T20/><D20/><U61/><E61/><V88/><F91/><W109/><G109/><T104/><D129/><U56/><E56/><V32/><F32/><W135/><G135/><T106/><D106/><U68/><E68/><V42/><F42/><W134/><G134/><T60/><D60/><U92/><E14/><V35/><F35/><W41/><G41/><T0/><D0/><U58/><E58/><V132/><F132/><W113/><G113/><T103/><D90/><U51/><E37/><V93/><REACH who="2" step="1"/><F52/><REACH who="2" ten="214,367,128,281" step="2"/><W128/><G128/><T112/><D34/><U83/><E76/><V89/><F89/><W1/><G105/><T17/><D33/><U24/><E101/><V10/><F10/><W50/><G53/><T55/><D55/><U100/><E102/><V121/><F121/><W95/><G11/><T126/><D54/><U66/><E100/><V67/><F67/><W87/><G65/><T78/><D103/><U59/><E66/><V16/><F16/><W117/><G64/><T49/><D123/><U80/><E110/><V47/><F47/><W9/><G9/><T57/><D120/><U133/><E111/><V85/><F85/><RYUUKYOKU ba="1,1" sc="214,-10,367,-10,128,30,281,-10" hai2="2,7,8,28,29,30,69,71,88,93,99,116,119" /><INIT seed="6,2,1,1,5,32" ten="204,357,158,271" oya="2" hai0="57,91,80,114,79,22,118,81,87,131,89,45,71" hai1="109,16,124,92,36,12,64,95,50,77,46,98,128" hai2="25,72,24,65,0,93,117,52,120,31,115,47,66" hai3="42,85,73,67,20,70,9,63,11,100,26,132,1"/><V110/><F117/><W123/><G123/><T2/><D71/><U14/><E109/><V126/><F120/><W104/><G73/><T69/><D69/><U10/><E36/><V113/><F110/><W119/><G119/><T74/><D118/><U28/><E128/><V76/><F126/><W8/><G132/><T23/><D131/><U3/><E3/><V99/><F0/><W84/><G1/><T122/><D122/><U51/><E28/><V5/><F5/><W38/><G100/><T62/><D114/><N who="2" m="43530" /><F76/><W6/><G104/><T102/><D102/><U108/><E77/><V86/><F86/><W27/><G27/><N who="2" m="10313" /><F72/><W21/><G6/><T53/><D2/><U19/><E108/><V78/><F78/><W111/><G111/><T75/><D75/><U54/><E124/><V37/><F31/><W15/><G42/><T134/><D134/><U88/><E64/><V116/><F116/><W17/><REACH who="3" step="1"/><G38/><REACH who="3" ten="204,357,158,261" step="2"/><T101/><D101/><U94/><E51/><N who="2" m="28799" /><F37/><W34/><G34/><T106/><D106/><U130/><E130/><V90/><AGARI ba="2,2" hai="65,66,90,93,99" m="28799,10313,43530" machi="90" ten="30,3000,0" yaku="15,1,54,1" doraHai="32" who="2" fromWho="2" sc="204,-12,357,-12,158,56,261,-12" /><INIT seed="6,3,0,5,5,134" ten="192,345,214,249" oya="2" hai0="0,60,131,33,6,123,23,77,20,74,130,118,59" hai1="75,65,102,50,9,99,63,15,4,34,10,5,13" hai2="55,95,39,64,1,31,2,100,79,38,25,67,29" hai3="26,11,22,92,58,97,105,48,86,129,112,57,43"/><V122/><F122/><W113/><G129/><N who="0" m="49163" /><D33/><U47/><E75/><V85/><F79/><W124/><G124/><T54/><D123/><U19/><E34/><V87/><F95/><W98/><G86/><T71/><D71/><U7/><E99/><V103/><REACH who="2" step="1"/><F55/><REACH who="2" ten="192,345,204,249" step="2"/><N who="3" m="31975" /><G92/><T45/><D118/><U88/><E102/><V49/><F49/><W126/><G105/><T30/><D77/><U119/><E88/><V76/><F76/><W121/><G121/><T96/><D74/><U133/><E133/><V16/><F16/><N who="3" m="12615" /><G126/><T73/><D73/><U109/><E119/><V106/><F106/><W18/><G113/><T41/><D96/><U66/><E19/><V51/><F51/><W91/><G112/><T101/><D101/><U128/><E128/><V80/><F80/><W108/><G97/><T110/><D30/><U61/><E7/><V69/><F69/><W62/><G98/><T46/><D46/><U117/><E117/><V27/><AGARI ba="3,1" hai="1,2,25,27,29,31,38,39,64,67,85,87,100,103" machi="27" ten="25,9600,0" yaku="1,1,0,1,22,2,53,0" doraHai="134" doraHaiUra="93" who="2" fromWho="2" sc="192,-35,345,-35,204,115,249,-35" /><INIT seed="6,4,0,3,0,24" ten="157,310,319,214" oya="2" hai0="33,17,133,54,55,120,107,51,16,39,22,72,41" hai1="53,7,94,100,121,91,64,38,40,135,66,98,8" hai2="18,44,69,71,85,134,27,114,37,48,79,73,13" hai3="62,132,83,119,95,5,0,68,26,57,36,3,129"/><V80/><F37/><W122/><G119/><T45/><D120/><U109/><E109/><V118/><F118/><W92/><G122/><T4/><D33/><U42/><E121/><V97/><F114/><W131/><G68/><T116/><D116/><U32/><E32/><V19/><F134/><W10/><G36/><T78/><D107/><U59/><E100/><V31/><F73/><W88/><G132/><T63/><D4/><U50/><E135/><V128/><F128/><N who="3" m="49227" /><G26/><T101/><D101/><U103/><E103/><V125/><F125/><W81/><G3/><T124/><D124/><U106/><E106/><V117/><F97/><N who="3" m="57479" /><G95/><T82/><D133/><U56/><E56/><V23/><F117/><W1/><G1/><T58/><REACH who="0" step="1"/><D22/><REACH who="0" ten="147,310,319,214" step="2"/><U15/><E38/><V35/><REACH who="2" step="1"/><F19/><REACH who="2" ten="147,310,309,214" step="2"/><W99/><G99/><T93/><D93/><U6/><E6/><V65/><F65/><AGARI ba="4,2" hai="0,5,10,57,62,65,81,83" m="57479,49227" machi="65" ten="30,2000,0" yaku="19,1,54,1" doraHai="24" who="3" fromWho="2" sc="147,0,310,0,309,-32,214,52" /><AGARI ba="4,0" hai="7,8,15,40,42,50,53,59,64,65,66,91,94,98" machi="65" ten="40,1300,0" yaku="8,1" doraHai="24" who="1" fromWho="2" sc="147,0,310,13,277,-13,266,0" /><INIT seed="7,0,0,3,1,96" ten="147,323,264,266" oya="3" hai0="85,76,131,70,37,13,92,77,34,135,50,111,40" hai1="65,72,81,90,44,97,51,89,10,116,57,100,62" hai2="105,82,21,114,129,118,35,78,103,14,66,49,86" hai3="29,126,88,119,25,43,24,47,41,17,11,32,108"/><W101/><G119/><T30/><D37/><U33/><E33/><V98/><F35/><W123/><G123/><T94/><D70/><U36/><E36/><V67/><F118/><W0/><G126/><T79/><D111/><U38/><E38/><V19/><F114/><W55/><G108/><T52/><D34/><U56/><E56/><V128/><F49/><N who="3" m="29119" /><G0/><T4/><D135/><U45/><E45/><V106/><F106/><W1/><G1/><T84/><D40/><U69/><E69/><V28/><F28/><W104/><G104/><T15/><D30/><U120/><E120/><V53/><F53/><W26/><G32/><T110/><D131/><AGARI ba="0,0" hai="14,19,21,66,67,78,82,86,98,103,105,128,129,131" machi="131" ten="40,2600,0" yaku="19,1,52,1" doraHai="96" who="2" fromWho="0" sc="147,-26,323,0,264,26,266,0" owari="121,-38.0,323,42.0,290,9.0,266,-13.0" /></mjloggm>