<mjloggm ver="2.3"><GO type="97" lobby="0"/><UN n0="%73%65%72%65%6B%75%74%61" n1="%E3%83%96%E3%83%B3%E3%82%AC%E3%82%AF" n2="%E3%81%BE%E3%82%8B%E3%81%8B%E3%81%98%E3%82%8A" n3="%E3%83%88%E3%83%88%E3%83%AA%E5%85%88%E7%94%9F%31%39%E6%AD%B3" dan="14,14,13,13" rate="1915.73,1906.84,1812.43,1997.77" sx="M,M,M,F"/><TAIKYOKU oya="0"/><INIT seed="0,0,0,1,3,61" ten="250,250,250,250" oya="0" hai0="39,38,82,120,30,57,5,119,22,115,42,83,47" hai1="33,23,62,9,1,87,71,21,89,45,124,0,4" hai2="135,101,25,56,54,12,99,7,52,128,132,43,77" hai3="121,69,19,27,118,20,113,86,117,2,78,109,10"/><T96/><D119/><U46/><E33/><V74/><F128/><W40/><G113/><T91/><D115/><U107/><E107/><V85/><F74/><W59/><G69/><T67/><D39/><U94/><E124/><V95/><F43/><W80/><G109/><T127/><D127/><U18/><E0/><V29/><F77/><W105/><G105/><T68/><D68/><U8/><E8/><N who="2" m="4127" /><F56/><W130/><G130/><T65/><D5/><U134/><E134/><N who="2" m="51243" /><F85/><W55/><G121/><T13/><D120/><U50/><E50/><V15/><F15/><W114/><G114/><T111/><D111/><U106/><E106/><V76/><F76/><W108/><G108/><T24/><D13/><U123/><E123/><V11/><F11/><W51/><REACH who="3" step="1"/><G40/><REACH who="3" ten="250,250,250,240" step="2"/><T88/><D83/><U66/><REACH who="1" step="1"/><E23/><AGARI ba="0,1" hai="23,25,29,52,54,95,99,101" m="51243,4127" machi="23" ten="30,2000,0" yaku="20,1,54,1" doraHai="61" who="2" fromWho="1" sc="250,0,250,-20,250,30,240,0" /><INIT seed="1,0,0,0,5,102" ten="250,230,280,240" oya="1" hai0="57,76,54,48,5,86,106,103,63,126,17,60,112" hai1="98,42,72,87,65,113,75,123,46,26,95,78,10" hai2="59,4,58,74,107,100,15,50,129,84,85,64,19" hai3="51,53,6,94,36,44,109,122,90,1,43,88,66"/><U128/><E123/><V124/><F74/><W37/><G122/><T56/><D112/><U62/><E113/><V18/><F124/><W119/><G109/><T96/><D126/><U131/><E10/><V101/><F4/><W110/><G110/><T25/><D5/><U61/><E26/><V71/><F50/><W69/><G119/><T32/><D57/><U11/><E11/><V133/><F71/><W118/><G118/><T30/><REACH who="0" step="1"/><D17/><REACH who="0" ten="240,230,280,240" step="2"/><U116/><E116/><V127/><F127/><W14/><G6/><T24/><D24/><U67/><E87/><V105/><F129/><N who="1" m="49737" /><E78/><V135/><F15/><W130/><G14/><T55/><D55/><U81/><E81/><AGARI ba="0,1" hai="25,30,32,48,54,56,60,63,76,81,86,96,103,106" machi="81" ten="40,2600,0" yaku="1,1,52,1,53,0" doraHai="102" doraHaiUra="114" who="0" fromWho="1" sc="240,36,230,-26,280,0,240,0" /><INIT seed="2,0,0,1,2,13" ten="276,204,280,240" oya="2" hai0="97,66,94,44,14,75,5,98,122,32,60,3,26" hai1="76,125,56,15,53,119,80,93,96,54,111,46,41" hai2="79,6,25,55,78,62,68,87,73,105,19,17,61" hai3="77,65,58,40,129,33,43,8,118,112,42,64,69"/><V104/><F73/><W133/><G33/><T20/><D75/><U35/><E119/><V71/><F6/><W92/><G118/><T134/><D134/><U36/><E35/><V45/><F25/><W131/><G77/><T95/><D122/><U91/><E111/><V123/><F45/><W108/><G92/><T4/><D44/><U114/><E125/><V132/><F87/><W102/><G102/><T72/><D72/><U121/><E121/><V113/><F55/><W107/><G8/><T16/><D3/><U120/><E114/><V85/><F85/><W109/><G107/><T21/><D32/><U48/><E120/><V52/><F123/><W27/><G27/><T103/><D60/><U37/><E54/><V124/><F52/><W23/><G23/><T88/><D66/><N who="3" m="25705" /><G58/><T12/><D12/><U89/><E89/><V22/><F22/><W7/><G7/><T1/><D1/><U38/><REACH who="1" step="1"/><E15/><REACH who="1" ten="276,194,280,240" step="2"/><V28/><F124/><W90/><G90/><T0/><D0/><U11/><E11/><V130/><F113/><W50/><G112/><T106/><D106/><U2/><E2/><V128/><F132/><W24/><G133/><T31/><AGARI ba="0,1" hai="4,5,14,16,20,21,26,31,88,94,95,97,98,103" machi="31" ten="20,12000,2" yaku="0,1,7,1,8,1,52,1,54,2" doraHai="13" who="0" fromWho="0" sc="276,130,194,-30,280,-60,240,-30" /><INIT seed="3,0,0,5,5,81" ten="406,164,220,210" oya="3" hai0="122,47,44,55,78,114,38,79,6,113,17,72,13" hai1="19,103,124,118,100,67,96,42,22,11,4,2,95" hai2="110,127,37,102,116,40,18,45,33,48,112,9,51" hai3="3,53,63,97,82,94,91,15,105,64,61,119,120"/><W85/><G119/><T12/><D38/><U84/><E124/><V43/><F116/><W52/><G120/><T121/><D72/><U62/><E118/><V129/><F112/><W115/><G115/><T132/><D55/><N who="3" m="21065" /><G105/><T29/><D17/><U66/><E42/><V101/><F33/><W23/><G3/><T83/><D83/><U28/><E28/><V133/><F127/><W27/><G15/><T134/><D29/><U87/><E103/><V10/><F45/><W8/><G64/><T26/><D26/><U73/><E73/><V46/><F46/><W49/><G49/><T92/><D92/><U36/><E36/><V135/><F37/><W74/><G8/><T93/><D93/><U31/><E31/><V88/><F18/><N who="3" m="12791" /><G74/><T16/><D16/><U24/><REACH who="1" step="1"/><E67/><REACH who="1" ten="406,154,220,210" step="2"/><V126/><F126/><W111/><G111/><T50/><D50/><U39/><E39/><V109/><F129/><W107/><G107/><T104/><D104/><U20/><E20/><V89/><AGARI ba="0,1" hai="9,10,40,43,48,51,88,89,101,102,109,110,133,135" machi="89" ten="25,6400,0" yaku="0,1,22,2,54,1" doraHai="81" who="2" fromWho="2" sc="406,-16,154,-16,220,74,210,-32" owari="390,49.0,138,-36.0,294,9.0,178,-22.0" /></mjloggm>