<mjloggm ver="2.3"><GO type="169" lobby="0"/><UN n0="%E3%82%A6%E3%83%AB%E3%83%88%E3%83%A9%E7%AB%8B%E7%9B%B4" n1="%E3%81%AF%E3%81%BF%E3%82%82%E3%82%93" n2="%64%6F%6D%65%73%75%31%36" n3="%E6%9D%BE%E5%AE%9F%E7%8E%84%E3%81%98%E3%82%83%E3%81%AA%E3%81%84" dan="17,17,17,17" rate="2182.72,2104.26,2172.94,2178.72" sx="M,M,M,F"/><TAIKYOKU oya="0"/><INIT seed="0,0,0,4,3,13" ten="250,250,250,250" oya="0" hai0="44,3,52,27,75,18,125,129,4,106,5,120,12" hai1="23,109,22,61,98,2,96,28,130,63,110,0,104" hai2="68,126,103,87,128,115,123,24,107,29,50,32,102" hai3="26,14,17,48,97,19,72,9,25,79,16,89,39"/><T99/><D120/><U78/><E78/><V74/><F74/><W131/><G39/><T116/><D116/><U34/><E28/><V112/><F123/><W41/><G131/><T100/><D129/><U133/><E130/><V54/><F128/><W93/><G79/><T1/><D75/><U88/><E104/><V67/><F126/><W81/><G81/><T135/><D125/><U134/><REACH who="1" step="1"/><E88/><REACH who="1" ten="250,240,250,250" step="2"/><V49/><F107/><W11/><G72/><T95/><D106/><U70/><E70/><V132/><F29/><W111/><G111/><T101/><D101/><U76/><E76/><V45/><F68/><W64/><G64/><T65/><D65/><U73/><E73/><V55/><F67/><W43/><G9/><N who="0" m="6415" /><D3/><U119/><E119/><V35/><F102/><W127/><G127/><T40/><D1/><U57/><E57/><V7/><F103/><W21/><REACH who="3" step="1"/><G48/><REACH who="3" ten="250,240,250,240" step="2"/><N who="0" m="28679" /><D135/><U58/><E58/><V37/><F50/><W62/><G62/><T42/><D4/><U31/><E31/><V46/><F7/><W83/><G83/><T36/><D5/><U10/><E10/><V114/><F49/><W84/><G84/><T86/><D86/><U30/><E30/><V82/><F87/><W121/><G121/><T69/><D36/><U71/><E71/><V113/><F37/><W15/><G15/><T77/><D77/><U60/><E60/><V122/><F113/><W56/><G56/><T66/><D66/><U105/><E105/><V118/><F115/><W6/><G6/><T85/><D85/><U117/><E117/><V8/><F114/><W20/><AGARI ba="0,2" hai="11,14,16,17,19,20,21,25,26,41,43,89,93,97" machi="20" ten="30,16000,3" yaku="1,1,5,1,0,1,9,1,8,1,52,3,54,1,53,0" doraHai="13" doraHaiUra="47" who="3" fromWho="3" sc="250,-80,240,-40,250,-40,240,180" /><INIT seed="1,0,0,5,3,20" ten="170,200,210,420" oya="1" hai0="111,45,71,116,112,53,117,87,115,61,94,58,47" hai1="3,0,32,128,106,44,119,103,14,109,67,95,121" hai2="108,83,130,33,43,127,73,97,91,113,42,12,36" hai3="54,86,78,68,59,60,38,13,39,104,25,29,49"/><U8/><E121/><V72/><F113/><N who="0" m="43594" /><D87/><U120/><E119/><N who="0" m="45641" /><D94/><U31/><E128/><V37/><F130/><W88/><G104/><T79/><D79/><U16/><E109/><V18/><F108/><W2/><G2/><T110/><D71/><U9/><E120/><V74/><F33/><W125/><G78/><T21/><D21/><U90/><E67/><V132/><F97/><W129/><G13/><T84/><D84/><U41/><E103/><V99/><F99/><W135/><G39/><T30/><D30/><U100/><E106/><V122/><F122/><W63/><G38/><T34/><D34/><U15/><E100/><V82/><F74/><W23/><G68/><T124/><D124/><U19/><E31/><V62/><F73/><W98/><G98/><T28/><D28/><U55/><E32/><V6/><F72/><W85/><G85/><T81/><D81/><U77/><E77/><V126/><F126/><W27/><G125/><T51/><D47/><U26/><E95/><V92/><F82/><W46/><G46/><T64/><AGARI ba="0,0" hai="45,51,53,58,61,64,110,111" m="45641,43594" machi="64" ten="40,2700,0" yaku="34,2" doraHai="20" who="0" fromWho="0" sc="170,27,200,-13,210,-7,420,-7" /><INIT seed="2,0,0,1,1,21" ten="197,187,203,413" oya="2" hai0="75,57,77,128,73,71,99,86,120,8,34,53,95" hai1="59,102,101,83,30,36,68,39,58,1,18,107,50" hai2="66,76,19,88,103,125,51,131,111,3,78,11,4" hai3="10,123,114,89,74,13,60,46,32,7,72,24,135"/><V94/><F125/><W113/><G123/><T22/><D34/><U129/><E68/><V35/><F103/><W84/><G135/><T79/><D71/><U55/><E1/><V9/><F131/><W41/><G60/><T133/><D120/><U65/><E30/><V109/><F35/><W82/><G32/><T93/><D133/><U132/><E129/><V97/><F66/><W64/><G64/><T67/><D67/><U28/><E28/><V48/><F48/><W116/><G24/><T80/><D128/><U96/><E102/><V106/><F106/><W62/><G62/><T5/><D22/><U61/><E132/><V118/><F118/><W38/><REACH who="3" step="1"/><G116/><REACH who="3" ten="197,187,203,403" step="2"/><T81/><D73/><AGARI ba="0,1" hai="7,10,13,38,41,46,72,73,74,82,84,89,113,114" machi="73" ten="40,2600,0" yaku="1,1,2,1,53,0" doraHai="21" doraHaiUra="56" who="3" fromWho="0" sc="197,-26,187,0,203,0,403,36" /><INIT seed="3,0,0,4,4,98" ten="171,187,203,439" oya="3" hai0="13,94,120,14,70,7,122,50,40,65,1,76,51" hai1="114,42,90,21,56,133,62,128,119,89,118,72,3" hai2="108,29,8,77,113,67,46,27,23,87,68,30,35" hai3="107,25,53,44,97,86,127,47,34,39,110,4,32"/><W88/><G127/><T81/><D1/><U117/><E114/><V2/><F113/><W20/><G4/><T104/><D104/><U54/><E3/><V48/><F108/><W84/><G84/><T24/><D70/><U102/><E72/><V100/><F100/><W15/><G15/><T60/><D24/><U125/><E125/><V91/><F77/><W73/><G73/><T66/><D94/><U75/><E75/><V64/><F2/><W135/><G135/><T10/><D14/><U109/><E109/><V9/><F35/><W92/><G47/><T12/><D12/><U31/><E42/><V63/><F30/><W74/><G74/><T121/><D60/><U17/><E31/><V45/><F67/><W57/><G110/><T111/><D51/><U129/><E102/><V112/><F112/><W131/><G131/><N who="1" m="50250" /><E133/><V49/><F49/><W99/><G107/><T26/><D111/><U82/><E82/><V61/><F61/><W96/><G39/><T22/><D50/><U80/><E80/><V103/><F103/><W52/><G32/><T41/><D41/><U130/><N who="1" m="50258" /><U123/><DORA hai="132" /><E123/><V33/><F33/><W37/><G34/><T105/><D40/><U19/><E19/><V0/><F0/><W59/><G37/><T28/><D105/><U93/><E93/><V5/><F5/><W36/><G36/><T18/><D7/><U83/><E83/><V126/><F126/><W79/><G79/><T85/><AGARI ba="0,0" hai="10,13,18,22,26,28,65,66,76,81,85,120,121,122" machi="85" ten="30,1100,0" yaku="0,1" doraHai="98,132" who="0" fromWho="0" sc="171,11,187,-3,203,-3,439,-5" /><INIT seed="4,0,0,0,5,35" ten="182,184,200,434" oya="0" hai0="60,116,31,13,11,85,93,10,120,59,123,40,106" hai1="56,43,44,6,81,23,94,73,77,68,47,98,130" hai2="3,14,66,124,52,51,41,113,103,63,102,78,101" hai3="135,108,30,37,25,83,17,8,128,88,115,96,134"/><T2/><D106/><U62/><E130/><V86/><F124/><W119/><G37/><T9/><D116/><U67/><E47/><V71/><F113/><W46/><G108/><T22/><D40/><U69/><E23/><V42/><F14/><N who="3" m="7367" /><G119/><T74/><D74/><U99/><E99/><V105/><F105/><W117/><G117/><T112/><D112/><U50/><REACH who="1" step="1"/><E6/><REACH who="1" ten="182,174,200,434" step="2"/><V18/><F18/><W91/><G128/><T76/><D120/><U79/><E79/><V26/><F78/><W54/><G96/><T32/><D123/><U133/><E133/><V70/><F41/><W1/><G115/><T90/><D76/><U114/><E114/><V12/><F42/><W4/><G46/><T16/><D32/><U48/><E48/><V122/><F122/><W5/><G5/><T80/><D31/><U27/><E27/><V38/><F51/><W55/><G135/><T39/><D39/><U107/><E107/><V15/><F38/><W109/><G134/><T75/><D75/><U36/><E36/><V97/><F97/><W131/><G131/><T84/><D84/><U95/><E95/><V126/><F26/><W0/><G25/><T87/><D87/><U29/><E29/><V127/><F86/><W21/><G30/><T28/><D28/><U34/><E34/><V111/><F111/><W132/><G109/><T104/><D104/><U92/><E92/><V24/><F24/><W49/><G132/><T110/><D110/><U89/><AGARI ba="0,1" hai="43,44,50,56,62,67,68,69,73,77,81,89,94,98" machi="89" ten="20,2700,0" yaku="1,1,0,1,7,1,53,0" doraHai="35" doraHaiUra="121" who="1" fromWho="1" sc="182,-13,174,37,200,-7,434,-7" /><INIT seed="5,0,0,0,1,13" ten="169,211,193,427" oya="1" hai0="57,112,65,90,51,33,105,3,75,119,11,47,131" hai1="107,41,81,25,83,72,31,55,80,118,111,10,99" hai2="38,29,66,104,117,130,115,54,45,39,50,56,122" hai3="86,120,44,123,28,94,129,103,61,58,93,87,126"/><U6/><E118/><V48/><F104/><W23/><G129/><T132/><D119/><U18/><E111/><V100/><F100/><W27/><G126/><T64/><D33/><U68/><E68/><V30/><F30/><W77/><G77/><T114/><D75/><U26/><E41/><V73/><F73/><W116/><G116/><T128/><D105/><U113/><E72/><V63/><F29/><W34/><G34/><T20/><D90/><U17/><E113/><N who="0" m="43625" /><D20/><U22/><E26/><V85/><F85/><W5/><G44/><T67/><D3/><U134/><E134/><V121/><F117/><W125/><G5/><T14/><D132/><U60/><E99/><V127/><F115/><W92/><G125/><T8/><D57/><N who="1" m="34879" /><E107/><V91/><F91/><W89/><G103/><T97/><D97/><U70/><E70/><V124/><F130/><N who="0" m="49706" /><D14/><AGARI ba="0,0" hai="6,10,14,17,18,22,25,31,80,81,83" m="34879" machi="14" ten="30,5800,0" yaku="8,1,52,2" doraHai="13" who="1" fromWho="0" sc="169,-58,211,58,193,0,427,0" /><INIT seed="5,1,0,1,0,32" ten="111,269,193,427" oya="1" hai0="0,3,48,104,40,122,85,27,6,59,14,67,72" hai1="46,113,83,11,15,135,24,52,41,90,89,35,91" hai2="106,78,80,5,124,8,128,118,65,99,47,7,22" hai3="126,12,129,43,51,37,33,55,61,66,75,87,120"/><U109/><E135/><V77/><F118/><W76/><G75/><T134/><D72/><U10/><E113/><V19/><F124/><W18/><G33/><T58/><D104/><U93/><E109/><V70/><F128/><W25/><G120/><T20/><D134/><U9/><E83/><V125/><F125/><W112/><G112/><T30/><D122/><U74/><E74/><V42/><F65/><W131/><G25/><T26/><D59/><U133/><E133/><V71/><F7/><W50/><G126/><T4/><D40/><U116/><E116/><V64/><F64/><W45/><G87/><T123/><D123/><U115/><E52/><V69/><F99/><W94/><G94/><T62/><D48/><U39/><E115/><V102/><F102/><W31/><G76/><T17/><D27/><U53/><E53/><V132/><F132/><W79/><G79/><T111/><D111/><U56/><E56/><V95/><F95/><W34/><G55/><T121/><D121/><U117/><E117/><V97/><F97/><W82/><G82/><T63/><D63/><U84/><E15/><V107/><F78/><W57/><G131/><T1/><REACH who="0" step="1"/><D85/><REACH who="0" ten="101,269,193,427" step="2"/><U54/><E24/><V96/><F106/><W105/><G105/><T13/><D13/><U49/><E41/><V86/><F107/><W88/><G129/><T81/><D81/><U73/><E73/><V130/><F130/><W36/><G51/><T29/><D29/><U44/><E49/><V68/><F68/><W110/><G110/><T98/><D98/><U60/><E84/><V101/><F86/><RYUUKYOKU ba="1,1" sc="101,30,269,-10,193,-10,427,-10" hai0="0,1,3,4,6,14,17,20,26,30,58,62,67" /><INIT seed="6,2,1,2,4,99" ten="131,259,183,417" oya="2" hai0="46,23,40,1,26,52,116,79,96,66,89,58,132" hai1="98,13,30,59,135,18,43,41,12,109,2,10,68" hai2="62,119,36,130,82,35,134,115,51,72,75,67,76" hai3="90,70,56,29,0,133,22,95,121,69,54,39,44"/><V63/><F119/><W122/><G0/><T124/><D1/><U57/><E68/><V11/><F36/><W6/><G6/><T106/><D116/><U64/><E135/><V33/><F134/><W32/><G32/><T3/><D3/><U24/><E2/><V27/><F130/><W50/><G133/><T28/><D132/><U94/><E109/><V81/><F115/><W91/><G91/><T97/><D124/><U128/><E13/><V114/><F114/><W126/><G126/><T47/><D66/><U65/><E59/><V101/><F62/><W105/><G105/><T118/><D118/><U78/><E78/><V84/><F11/><W15/><G70/><T49/><D79/><U93/><E93/><V111/><F111/><W127/><G127/><T103/><REACH who="0" step="1"/><D40/><REACH who="0" ten="121,259,183,417" step="2"/><U20/><E128/><V61/><F67/><W102/><G122/><T48/><D48/><U16/><E65/><V110/><F51/><W19/><G121/><T74/><D74/><U21/><E41/><V14/><F75/><W73/><G73/><T123/><D123/><U113/><E43/><V37/><F72/><W53/><G50/><T80/><D80/><U87/><E113/><V112/><F82/><W107/><G39/><T31/><D31/><U100/><E64/><V117/><F37/><W104/><G29/><T9/><D9/><U5/><E30/><V34/><F112/><W4/><G69/><T88/><D88/><U55/><E10/><V17/><F117/><W7/><G90/><T38/><D38/><U129/><E129/><V77/><F77/><W125/><G125/><RYUUKYOKU ba="2,2" sc="121,30,259,-10,183,-10,417,-10" hai0="23,26,28,46,47,49,52,58,89,96,97,103,106" /><INIT seed="7,3,2,0,4,109" ten="151,249,173,407" oya="3" hai0="49,97,95,96,7,119,122,61,67,19,94,108,36" hai1="123,24,50,111,11,98,33,83,54,42,2,116,15" hai2="112,64,62,88,79,104,27,92,41,68,12,21,80" hai3="121,87,106,103,47,44,118,132,129,82,16,117,25"/><W29/><G121/><T77/><D36/><U1/><E111/><V78/><F104/><W17/><G132/><T75/><D108/><U52/><E116/><V128/><F128/><W8/><G129/><T101/><D119/><U115/><E115/><V37/><F112/><W99/><G118/><T58/><D122/><U85/><E98/><V34/><F34/><W53/><G117/><T39/><D39/><U30/><E42/><V0/><F0/><W100/><G100/><N who="0" m="60439" /><D75/><U48/><E54/><V107/><F107/><W60/><G8/><T91/><D77/><U6/><E50/><V125/><F125/><W105/><G60/><T18/><D7/><U133/><E133/><V59/><F68/><W55/><G55/><N who="0" m="32111" /><D101/><U32/><E32/><V114/><F114/><W31/><G31/><T46/><D46/><U120/><E2/><V9/><F41/><W130/><G87/><T65/><D61/><U124/><E1/><V57/><F37/><W45/><G82/><T10/><D10/><U86/><E86/><N who="2" m="52247" /><F59/><W126/><G53/><T135/><D135/><U110/><E124/><V26/><F80/><W71/><G126/><T70/><D70/><U134/><E134/><V23/><F21/><W35/><G71/><T89/><D89/><U13/><E110/><V14/><F23/><W28/><G130/><T66/><AGARI ba="3,2" hai="18,19,65,66,67,91,95,97" m="32111,60439" machi="66" ten="30,1100,0" yaku="8,1" doraHai="109" who="0" fromWho="0" sc="151,40,249,-6,173,-6,407,-8" owari="191,-21.0,243,4.0,167,-33.0,399,50.0" /></mjloggm>