<mjloggm ver="2.3"><GO type="97" lobby="0"/><UN n0="%42%55%5A%5A%7A" n1="%E3%82%86%E3%81%86%E3%81%98%E3%81%98" n2="%E3%83%88%E3%83%88%E3%83%AA%E5%85%88%E7%94%9F%31%39%E6%AD%B3" n3="%E6%97%85%E3%81%AB%E5%87%BA%E3%81%9F%E3%83%AA%E3%83%BC%E6%A3%92" dan="13,13,15,15" rate="1802.12,1853.46,2078.16,2043.67" sx="F,M,F,M"/><TAIKYOKU oya="0"/><INIT seed="0,0,0,4,5,66" ten="250,250,250,250" oya="0" hai0="78,42,8,85,35,131,60,2,55,126,17,6,25" hai1="7,77,72,45,13,96,26,111,112,24,40,76,63" hai2="33,118,133,12,62,59,71,28,119,52,104,47,125" hai3="95,74,44,92,69,46,9,41,18,94,21,115,4"/><T79/><D42/><U103/><E112/><V98/><F133/><W108/><G115/><T16/><D126/><U102/><E111/><V73/><F73/><W54/><G108/><T27/><D131/><U88/><E72/><V5/><F125/><W53/><G74/><T80/><D78/><U89/><E63/><N who="2" m="36327" /><F47/><W123/><G123/><T116/><D116/><N who="2" m="44586" /><F12/><N who="3" m="5159" /><G69/><T58/><REACH who="0" step="1"/><D35/><REACH who="0" ten="240,250,250,250" step="2"/><U65/><E77/><V101/><F33/><W134/><G134/><T34/><D34/><U36/><E76/><V106/><F5/><W124/><G124/><T43/><D43/><U110/><E110/><V82/><F82/><W49/><G44/><T114/><D114/><U97/><E7/><V50/><F106/><W19/><G19/><AGARI ba="0,1" hai="2,6,8,16,17,19,25,27,55,58,60,79,80,85" machi="19" ten="40,7700,0" yaku="1,1,54,1,53,1" doraHai="66" doraHaiUra="56" who="0" fromWho="3" sc="240,87,250,0,250,0,250,-77" /><INIT seed="0,1,0,3,3,98" ten="327,250,250,173" oya="0" hai0="67,17,57,56,8,90,125,4,115,32,118,20,77" hai1="99,23,38,27,69,102,52,55,93,35,116,65,114" hai2="86,100,92,106,28,126,22,62,68,109,112,76,79" hai3="16,66,110,5,58,85,54,123,15,42,39,44,14"/><T24/><D118/><U43/><E116/><V133/><F112/><W84/><G110/><T11/><D115/><U34/><E114/><V81/><F109/><W41/><G123/><T135/><D135/><U132/><E132/><V21/><F133/><W60/><G42/><T119/><D119/><U108/><E108/><V7/><F126/><W18/><G5/><T94/><D125/><U31/><E35/><V111/><F111/><W96/><G96/><T107/><D77/><U64/><E34/><V33/><F7/><W80/><G66/><T19/><D107/><U29/><E69/><V129/><F129/><W49/><G39/><T45/><D32/><U30/><E43/><V72/><F79/><W91/><REACH who="3" step="1"/><G84/><REACH who="3" ten="327,250,250,163" step="2"/><T3/><D45/><U124/><E38/><V59/><F86/><W6/><G6/><T82/><D67/><N who="1" m="25675" /><E124/><V25/><F68/><W1/><G1/><T104/><D104/><U46/><E46/><V47/><F47/><W12/><AGARI ba="1,1" hai="12,14,15,16,18,41,44,49,54,58,60,80,85,91" machi="12" ten="30,7900,0" yaku="1,1,0,1,8,1,54,1,53,0" doraHai="98" doraHaiUra="105" who="3" fromWho="3" sc="327,-40,250,-21,250,-21,163,92" /><INIT seed="1,0,0,0,4,69" ten="287,229,229,255" oya="1" hai0="23,131,119,104,61,19,124,40,113,84,28,49,127" hai1="121,93,82,133,103,55,79,50,111,87,14,114,110" hai2="118,6,44,48,30,77,63,68,71,98,35,89,116" hai3="105,125,17,112,36,7,56,86,88,66,3,126,43"/><U29/><E114/><V94/><F77/><W81/><G105/><T53/><D113/><U115/><E115/><V16/><F6/><W64/><G112/><T57/><D104/><U120/><E29/><V101/><F35/><W13/><G7/><T32/><D119/><U109/><E14/><V128/><F30/><W70/><G3/><T37/><D32/><U73/><E133/><V122/><F122/><W108/><G70/><T123/><D28/><U20/><E20/><V31/><F31/><W27/><G108/><T106/><D106/><U78/><E78/><V54/><F128/><W46/><G27/><T0/><D0/><U134/><E134/><V8/><F68/><W76/><G76/><T11/><D11/><U90/><REACH who="1" step="1"/><E103/><REACH who="1" ten="287,219,229,255" step="2"/><V92/><F8/><W135/><G135/><T72/><D123/><U91/><E91/><V9/><F9/><W58/><G126/><N who="0" m="48171" /><D131/><U132/><E132/><V15/><F15/><W99/><G125/><T129/><D129/><U75/><E75/><V65/><REACH who="2" step="1"/><F16/><REACH who="2" ten="287,219,219,255" step="2"/><W34/><G17/><T102/><D102/><U12/><E12/><V60/><F60/><W107/><G13/><N who="0" m="9711" /><D72/><U18/><E18/><V117/><F117/><W45/><G34/><T47/><D84/><AGARI ba="0,2" hai="44,48,54,63,65,71,84,89,92,94,98,101,116,118" machi="84" ten="30,3900,0" yaku="1,1,7,1,53,1" doraHai="69" doraHaiUra="85" who="2" fromWho="0" sc="287,-39,219,0,219,59,255,0" /><INIT seed="2,0,0,5,0,7" ten="248,219,278,255" oya="2" hai0="49,21,18,36,100,66,8,25,132,97,13,9,96" hai1="124,24,105,26,3,87,57,63,42,27,47,134,30" hai2="34,106,135,79,130,83,115,55,60,23,88,93,77" hai3="76,75,64,90,74,98,65,17,73,38,89,61,51"/><V31/><F115/><W94/><G38/><T45/><D36/><U72/><E72/><V68/><F106/><W116/><G116/><T118/><D66/><U125/><E3/><V11/><F34/><W56/><G76/><T129/><D118/><U52/><E105/><V120/><F120/><W102/><G65/><T126/><D129/><U54/><E134/><V128/><F135/><W48/><REACH who="3" step="1"/><G17/><REACH who="3" ten="248,219,278,245" step="2"/><T50/><D132/><U15/><E30/><V14/><F79/><W20/><G20/><T22/><D126/><N who="1" m="48747" /><E87/><N who="2" m="48623" /><F23/><W33/><G33/><T133/><D133/><U71/><E71/><V82/><F31/><W84/><G84/><T44/><D96/><U103/><E103/><V53/><F68/><W6/><G6/><T32/><D32/><U114/><E114/><V4/><F128/><W12/><G12/><T62/><D100/><U80/><E15/><V104/><F130/><W37/><G37/><T39/><D97/><U107/><E107/><V101/><F104/><W108/><G108/><T112/><D39/><N who="1" m="21983" /><E80/><V1/><F1/><W109/><G109/><T91/><D112/><U10/><E10/><V131/><F131/><W29/><G29/><N who="0" m="17583" /><D91/><AGARI ba="0,1" hai="48,51,56,61,64,73,74,75,89,90,91,94,98,102" machi="91" ten="40,1300,0" yaku="1,1,53,0" doraHai="7" doraHaiUra="119" who="3" fromWho="0" sc="248,-13,219,0,278,0,245,23" /><INIT seed="3,0,0,4,1,75" ten="235,219,278,268" oya="3" hai0="5,132,23,24,107,72,57,73,115,61,25,69,85" hai1="34,12,47,13,84,94,33,68,78,128,16,26,95" hai2="56,89,106,108,117,3,99,7,74,104,67,62,10" hai3="52,109,123,65,48,59,100,120,2,97,127,133,20"/><W55/><G2/><T93/><D107/><U18/><E68/><V91/><F117/><W15/><G65/><T131/><D69/><U86/><E128/><V80/><F108/><W70/><G70/><T40/><D131/><U30/><E47/><V63/><F63/><W103/><G103/><T36/><D115/><U9/><E33/><V66/><F66/><W125/><G133/><T116/><D116/><U14/><E14/><V8/><F8/><W37/><G37/><T29/><D132/><U134/><E134/><V98/><F74/><W21/><G109/><T42/><D5/><U4/><E86/><V45/><F80/><W35/><G35/><T113/><D36/><U71/><E71/><V51/><F99/><W22/><G15/><T0/><D72/><U1/><E13/><V49/><F49/><W54/><G123/><T6/><D73/><U41/><E18/><V81/><F81/><W121/><G121/><T64/><D113/><U11/><REACH who="1" step="1"/><E41/><REACH who="1" ten="235,209,278,268" step="2"/><V50/><F45/><W60/><G120/><T83/><D6/><U105/><E105/><V58/><F106/><N who="3" m="63759" /><G60/><T31/><D0/><U19/><E19/><V130/><F130/><W88/><G127/><T96/><D25/><U122/><E122/><V114/><F114/><W43/><G125/><T39/><D31/><U92/><E92/><V126/><F126/><W32/><G32/><T119/><D39/><U38/><E38/><V101/><F51/><W135/><G135/><T129/><D119/><U124/><E124/><V76/><F50/><W53/><G43/><T110/><D129/><U46/><E46/><RYUUKYOKU ba="0,1" sc="235,-15,209,15,278,-15,268,15" hai1="1,4,9,11,12,16,26,30,34,78,84,94,95" hai3="20,21,22,48,52,53,54,55,59,88" /><INIT seed="3,1,1,5,0,15" ten="220,224,263,283" oya="3" hai0="33,30,56,91,54,16,116,26,78,63,96,105,47" hai1="31,19,11,135,114,121,49,103,65,62,32,58,41" hai2="42,95,94,40,123,118,68,10,37,39,13,100,64" hai3="115,2,12,61,70,14,52,1,110,102,84,122,101"/><W79/><G122/><T9/><D116/><U107/><E121/><V120/><F13/><W97/><G115/><T76/><D105/><U108/><E114/><V4/><F10/><W48/><G14/><T73/><D73/><U98/><E108/><V44/><F44/><W133/><G110/><T81/><D47/><U92/><E41/><V134/><F64/><W111/><G111/><T46/><D46/><U126/><E49/><V74/><F74/><W34/><G34/><T57/><D96/><U66/><E107/><V50/><F50/><W53/><G102/><T23/><D9/><U104/><E104/><V5/><F100/><W25/><G12/><T69/><D69/><U113/><E113/><V17/><F68/><W87/><G25/><T83/><D91/><U85/><E31/><V3/><F134/><W0/><G133/><T60/><D33/><U75/><E66/><V106/><F106/><N who="3" m="63791" /><G79/><N who="0" m="30251" /><D30/><U82/><E75/><V21/><F118/><W112/><G112/><T29/><D29/><U18/><E32/><V43/><F120/><W124/><G70/><T99/><D99/><U89/><E135/><V77/><F77/><W6/><G6/><N who="2" m="2665" /><F3/><W51/><G61/><T117/><D117/><U129/><E11/><V109/><F109/><W8/><G8/><T119/><D119/><U22/><E22/><V20/><F20/><W90/><G90/><T27/><D27/><U125/><REACH who="1" step="1"/><E129/><REACH who="1" ten="220,214,263,283" step="2"/><V38/><F123/><W35/><G35/><T132/><D132/><U131/><E131/><V93/><F21/><W128/><G128/><T67/><AGARI ba="1,2" hai="16,23,26,54,56,57,60,63,67,81,83" m="30251" machi="67" ten="30,4000,0" yaku="8,1,52,1,54,1" doraHai="15" who="0" fromWho="0" sc="220,63,214,-11,263,-11,283,-21" /><INIT seed="4,0,0,5,3,53" ten="283,203,252,262" oya="0" hai0="3,102,9,105,4,34,91,73,40,80,36,106,49" hai1="129,98,60,130,92,108,28,19,1,119,99,51,12" hai2="71,23,56,112,7,121,93,22,84,69,127,101,110" hai3="57,39,20,2,61,17,126,35,82,48,114,88,128"/><T132/><D34/><U115/><E1/><V25/><F121/><W5/><G39/><T125/><D125/><U89/><E119/><V72/><F110/><W6/><G35/><T55/><D132/><U78/><E108/><V133/><F72/><W54/><G126/><T85/><D36/><U29/><E78/><V107/><F127/><W41/><G128/><N who="1" m="49258" /><E51/><V81/><F107/><W104/><G104/><T21/><D40/><U87/><E60/><V113/><F133/><W11/><G114/><N who="2" m="44137" /><F7/><N who="3" m="2571" /><G11/><T42/><D42/><U18/><E18/><N who="2" m="12503" /><F23/><W59/><G2/><T16/><D102/><U117/><E115/><V124/><F124/><W65/><G41/><T45/><D73/><U24/><E117/><V90/><F56/><W27/><G82/><T64/><D64/><U30/><E24/><AGARI ba="0,0" hai="3,4,9,16,21,24,45,49,55,80,85,91,105,106" machi="24" ten="30,2900,0" yaku="7,1,54,1" doraHai="53" who="0" fromWho="1" sc="283,29,203,-29,252,0,262,0" owari="312,42.0,174,-33.0,252,-15.0,262,6.0" /></mjloggm>