<mjloggm ver="2.3"><GO type="169" lobby="0"/><UN n0="%EF%BC%84%E3%83%8A%E3%83%8A%E3%82%B7%E3%83%BC%EF%BF%A5" n1="%E3%82%A6%E3%83%AB%E3%83%88%E3%83%A9%E7%AB%8B%E7%9B%B4" n2="%E3%83%80%E3%83%B3%E3%83%86" n3="%E3%83%8A%E3%82%BA%E6%98%9F%40%E6%9D%8F%E6%9D%8F%E8%BB%8D%E5%9C%98" dan="17,17,17,16" rate="2127.22,2178.46,2203.26,2078.36" sx="M,M,M,F"/><TAIKYOKU oya="0"/><INIT seed="0,0,0,1,5,88" ten="250,250,250,250" oya="0" hai0="8,39,113,115,78,57,42,6,4,15,37,128,133" hai1="10,77,66,100,70,121,104,18,99,98,59,90,65" hai2="71,3,117,89,28,38,119,76,87,54,91,79,51" hai3="105,49,1,12,13,80,55,21,109,48,11,43,108"/><T73/><D133/><U2/><E70/><V95/><F71/><W25/><G105/><T56/><D128/><U130/><E121/><V83/><F38/><W33/><G33/><T23/><D6/><U30/><E130/><V92/><F3/><W103/><G103/><T31/><D78/><N who="2" m="29738" /><F28/><W17/><G80/><T122/><D73/><U27/><E77/><N who="2" m="46575" /><F51/><W62/><G1/><T102/><D122/><U135/><E135/><V86/><F54/><W36/><G36/><T67/><D102/><U124/><E59/><V19/><F19/><W22/><G43/><T96/><D96/><AGARI ba="0,0" hai="86,89,91,92,95,96,117,119" m="46575,29738" machi="96" ten="30,7700,0" yaku="34,2,52,2" doraHai="88" who="2" fromWho="0" sc="250,-77,250,0,250,77,250,0" /><INIT seed="1,0,0,3,3,91" ten="173,250,327,250" oya="1" hai0="44,38,113,20,56,128,35,99,88,111,54,12,80" hai1="98,57,63,53,11,72,119,74,86,51,124,93,79" hai2="131,8,129,48,24,135,69,103,17,83,61,106,95" hai3="37,122,97,66,118,115,120,21,123,30,92,127,16"/><U132/><E119/><V23/><F106/><W96/><G115/><T2/><D35/><U75/><E124/><V125/><F125/><W133/><G127/><T29/><D2/><U50/><E132/><V82/><F135/><W108/><G133/><T64/><D113/><U40/><E11/><V34/><F34/><W70/><G37/><T7/><D111/><U13/><E13/><V76/><F48/><W112/><G112/><T6/><D128/><N who="2" m="49226" /><F8/><W130/><G130/><T58/><D64/><U116/><E116/><V59/><F69/><W100/><G118/><T42/><D58/><U4/><E4/><V55/><F76/><W87/><G108/><T19/><D29/><U15/><E15/><V46/><F46/><W67/><G30/><T84/><REACH who="0" step="1"/><D99/><AGARI ba="0,0" hai="17,23,24,55,59,61,82,83,95,99,103" m="49226" machi="99" ten="30,2000,0" yaku="19,1,52,1" doraHai="91" who="2" fromWho="0" sc="173,-20,250,0,327,20,250,0" /><INIT seed="2,0,0,0,0,97" ten="153,250,347,250" oya="2" hai0="20,50,55,2,51,128,35,27,116,34,126,6,85" hai1="43,3,49,32,30,113,39,53,61,38,9,64,102" hai2="135,127,69,115,92,114,65,72,29,21,84,98,110" hai3="123,14,62,4,12,101,66,133,83,58,82,47,106"/><V71/><F72/><W23/><G123/><T18/><D128/><U104/><E113/><V107/><F107/><W119/><G119/><T15/><D126/><U132/><E43/><V42/><F42/><W31/><G133/><T22/><D116/><U108/><E53/><V63/><F127/><W56/><G47/><T76/><D2/><U26/><E49/><V19/><F135/><W79/><G83/><T103/><D103/><U1/><E108/><V57/><F84/><W52/><G106/><T111/><D111/><U96/><E132/><V70/><F110/><W59/><G101/><T28/><D6/><N who="1" m="1231" /><E3/><V45/><F45/><W117/><G58/><T86/><D51/><U77/><E77/><V74/><F74/><W17/><G117/><T80/><REACH who="0" step="1"/><D86/><REACH who="0" ten="143,250,347,250" step="2"/><U129/><E129/><V88/><REACH who="2" step="1"/><F29/><REACH who="2" ten="143,250,337,250" step="2"/><W91/><G31/><T131/><D131/><U81/><E30/><V7/><F7/><W60/><G4/><T134/><D134/><U100/><E39/><V112/><F112/><W118/><G118/><T78/><D78/><U90/><E38/><V48/><F48/><W41/><G79/><T125/><D125/><U93/><E104/><V36/><F36/><W99/><G62/><T75/><D75/><U13/><E61/><V0/><F0/><W130/><G130/><T89/><D89/><U109/><E90/><V94/><F94/><W33/><G91/><T10/><D10/><U44/><E93/><V120/><F120/><W16/><G60/><T67/><D67/><U124/><E64/><V5/><F5/><W37/><G66/><T73/><D73/><RYUUKYOKU ba="0,2" sc="143,15,250,-15,337,15,250,-15" hai0="15,18,20,22,27,28,34,35,50,55,76,80,85" hai2="19,21,57,63,65,69,70,71,88,92,98,114,115" /><INIT seed="2,1,2,4,4,25" ten="158,235,352,235" oya="2" hai0="116,130,9,12,89,87,82,81,118,83,8,17,2" hai1="13,46,94,36,6,111,96,106,45,60,35,113,56" hai2="24,72,90,123,91,15,22,88,124,97,85,64,74" hai3="33,3,84,109,52,122,26,30,4,127,79,131,135"/><V71/><F123/><W78/><G122/><T37/><D37/><U1/><E113/><V7/><F124/><W20/><G127/><T54/><D130/><U41/><E111/><V63/><F97/><W115/><G109/><T134/><D134/><U80/><E35/><V68/><F68/><W121/><G121/><T43/><D43/><U110/><E110/><V53/><F53/><W107/><G135/><T108/><D108/><U18/><E106/><V47/><F47/><W29/><G107/><T28/><D54/><U104/><E104/><V69/><F69/><W48/><G131/><T51/><D51/><U70/><E70/><V32/><F32/><W75/><G75/><T11/><D28/><U103/><E46/><V38/><F38/><W19/><G84/><T102/><D102/><U44/><E45/><V129/><F129/><W23/><G115/><T27/><D27/><U10/><E80/><N who="0" m="30825" /><D2/><U126/><E126/><V14/><F85/><W98/><G98/><T133/><D133/><U125/><E125/><V67/><F67/><W39/><G39/><T77/><D77/><U62/><E56/><V0/><F0/><W100/><G100/><T65/><D65/><U21/><AGARI ba="1,2" hai="1,6,10,13,18,21,36,41,44,60,62,94,96,103" machi="21" ten="20,1500,0" yaku="0,1,7,1" doraHai="25" who="1" fromWho="1" sc="158,-5,235,38,352,-8,235,-5" /><INIT seed="3,0,0,3,5,102" ten="153,273,344,230" oya="3" hai0="40,90,71,26,22,2,49,68,128,62,79,58,109" hai1="27,77,7,135,94,70,20,129,47,69,60,97,3" hai2="101,65,24,1,119,51,61,113,48,92,16,131,108" hai3="34,124,133,39,44,0,112,4,82,15,18,23,76"/><W87/><G112/><T125/><D2/><U25/><E77/><V121/><F1/><W19/><G133/><T80/><D109/><U107/><E107/><V21/><F113/><W52/><G124/><T59/><D125/><U53/><E135/><V45/><F119/><W104/><G39/><T83/><D128/><U116/><E129/><V84/><F131/><W78/><G78/><T32/><D32/><U72/><E72/><V35/><F108/><W86/><G86/><T123/><D71/><U127/><E127/><V120/><F35/><W117/><G117/><T42/><D68/><U111/><E111/><V132/><F132/><W37/><G37/><T74/><D123/><N who="2" m="47178" /><F45/><W29/><G104/><T46/><D42/><U57/><E47/><V6/><F6/><W103/><G103/><T31/><D62/><U100/><E7/><V14/><F14/><W30/><G0/><T134/><D134/><U54/><E3/><V88/><F101/><W33/><G4/><T110/><D110/><U64/><E116/><V17/><F17/><W96/><G96/><T93/><REACH who="0" step="1"/><D83/><REACH who="0" ten="143,273,344,230" step="2"/><U12/><E70/><AGARI ba="0,1" hai="16,21,24,48,51,61,65,70,84,88,92" m="47178" machi="70" ten="30,3900,0" yaku="13,1,54,2" doraHai="102" who="2" fromWho="1" sc="143,0,273,-39,344,49,230,0" /><INIT seed="4,0,0,1,4,19" ten="143,234,393,230" oya="0" hai0="58,109,9,131,86,130,13,33,94,37,110,64,14" hai1="23,62,101,76,66,113,122,70,25,77,82,68,69" hai2="124,15,90,134,5,53,123,108,4,52,80,83,78" hai3="107,129,49,0,99,125,88,118,111,135,12,54,32"/><T65/><D33/><U93/><E122/><V45/><F108/><N who="0" m="41578" /><D37/><U48/><E113/><V119/><F123/><W28/><G0/><T51/><D51/><U89/><E48/><V103/><F103/><W79/><G107/><T8/><D86/><U31/><E101/><V34/><F34/><W96/><G118/><T133/><D94/><U10/><E10/><N who="0" m="4201" /><D133/><U117/><E117/><V22/><F119/><W43/><G135/><T39/><D39/><U74/><E77/><V127/><F134/><W42/><G79/><T67/><D58/><U97/><AGARI ba="0,0" hai="23,25,31,62,66,68,69,70,74,76,82,89,93,97" machi="97" ten="20,2700,0" yaku="0,1,7,1,52,1" doraHai="19" who="1" fromWho="1" sc="143,-13,234,27,393,-7,230,-7" /><INIT seed="5,0,0,2,5,5" ten="130,261,386,223" oya="1" hai0="86,62,115,12,80,40,27,8,124,55,116,6,129" hai1="105,50,42,106,117,26,73,59,67,102,74,60,70" hai2="79,51,52,104,120,63,11,69,39,121,46,68,30" hai3="126,3,64,24,33,88,77,25,127,4,85,91,0"/><U99/><E117/><V44/><F104/><W122/><G64/><T34/><D116/><U125/><E125/><N who="3" m="47626" /><G122/><T45/><D124/><U37/><E106/><V2/><F30/><N who="3" m="19655" /><G25/><T130/><D115/><U20/><E37/><V22/><F22/><W71/><G71/><T98/><D98/><U1/><E1/><N who="3" m="586" /><G4/><T84/><D27/><U58/><E70/><V113/><F113/><W38/><G38/><T36/><D34/><U101/><E101/><V31/><F31/><W32/><G32/><T90/><REACH who="0" step="1"/><D86/><REACH who="0" ten="120,261,386,223" step="2"/><U97/><E97/><V15/><F120/><W92/><G91/><T93/><D93/><U72/><E72/><V128/><F121/><W16/><G77/><T35/><D35/><U112/><E112/><V65/><F79/><W132/><G132/><T95/><D95/><U135/><E135/><V7/><F128/><W107/><G107/><T41/><D41/><U66/><E74/><V83/><F83/><W14/><G92/><T87/><D87/><U23/><E73/><V89/><F89/><W123/><G123/><T48/><D48/><U114/><E114/><V29/><F39/><W9/><G88/><T81/><D81/><U10/><E50/><V78/><F78/><W118/><G85/><T61/><D61/><N who="1" m="38199" /><E42/><V111/><F51/><W100/><G100/><T13/><D13/><U82/><E82/><V43/><F43/><W21/><G118/><T131/><D131/><U133/><E133/><V109/><F2/><W76/><G76/><T94/><D94/><U19/><E26/><V18/><F63/><W17/><G14/><T119/><D119/><RYUUKYOKU ba="0,1" sc="120,15,261,15,386,-15,223,-15" hai0="6,8,12,36,40,45,55,62,80,84,90,129,130" hai1="10,19,20,23,59,60,67,99,102,105" /><INIT seed="5,1,1,2,0,47" ten="135,276,371,208" oya="1" hai0="33,129,88,60,32,9,36,86,108,34,16,43,70" hai1="50,56,124,117,31,122,79,77,87,68,17,29,127" hai2="15,46,107,2,97,30,116,23,38,41,52,74,109" hai3="57,64,123,51,104,103,3,4,71,93,18,1,76"/><U65/><E122/><V58/><F116/><W45/><G123/><T66/><D108/><U72/><E72/><V13/><F109/><W112/><G104/><T111/><D111/><U135/><E117/><V26/><F2/><W113/><G71/><T0/><D129/><U85/><E68/><V20/><F74/><W48/><G76/><N who="1" m="29258" /><E17/><V21/><F107/><W40/><G4/><T115/><D115/><N who="3" m="44105" /><G18/><T19/><D36/><U54/><E65/><V8/><F97/><N who="3" m="59823" /><G64/><T37/><D37/><U10/><E10/><V106/><F106/><W101/><G101/><T118/><D43/><U12/><E12/><V102/><F102/><W67/><G67/><T94/><REACH who="0" step="1"/><D118/><REACH who="0" ten="125,276,371,208" step="2"/><U131/><E131/><V80/><F38/><W6/><G6/><AGARI ba="1,2" hai="0,6,9,16,19,32,33,34,60,66,70,86,88,94" machi="6" ten="40,8000,1" yaku="1,1,2,1,54,2,53,0" doraHai="47" doraHaiUra="27" who="0" fromWho="3" sc="125,103,276,0,371,0,208,-83" /><INIT seed="6,0,0,0,3,51" ten="228,276,371,125" oya="2" hai0="21,30,11,49,108,45,46,6,33,63,114,68,113" hai1="50,99,119,19,1,48,101,69,70,127,4,66,93" hai2="22,72,115,100,103,120,10,29,125,35,78,75,124" hai3="81,5,94,12,76,40,36,135,109,67,71,27,31"/><V131/><F120/><W58/><G109/><T15/><D33/><U44/><E119/><V82/><F35/><W54/><G135/><T116/><D108/><U8/><E127/><N who="2" m="48715" /><F10/><W26/><G5/><T87/><D116/><U95/><E66/><V59/><F131/><W52/><G12/><T3/><D87/><U102/><E19/><V83/><F115/><N who="0" m="44042" /><D49/><U65/><E65/><V106/><F106/><W91/><G36/><T80/><D80/><U122/><E50/><V9/><F9/><W129/><G40/><T20/><D15/><U118/><E118/><V23/><F59/><W128/><G71/><T18/><D30/><U88/><E122/><V57/><F57/><W28/><G67/><N who="0" m="41087" /><D18/><U41/><E102/><N who="2" m="38955" /><F29/><N who="3" m="11339" /><G58/><T0/><D0/><U7/><E7/><V42/><F42/><W77/><G129/><T84/><D11/><U24/><E70/><V85/><F75/><W73/><G128/><T17/><D17/><U56/><E69/><V55/><F23/><W96/><G73/><T105/><D105/><U2/><E56/><V14/><F22/><W37/><G37/><T126/><D126/><U133/><E1/><V123/><F14/><W79/><G81/><T61/><D6/><U34/><E34/><V117/><F123/><W38/><G38/><T16/><D3/><U111/><E111/><V53/><F117/><W13/><G13/><T132/><D21/><U60/><E133/><V64/><F64/><W86/><G86/><T130/><D132/><U90/><E24/><AGARI ba="0,0" hai="24,26,27,52,54,76,77,79,91,94,96" m="11339" machi="24" ten="30,7700,0" yaku="8,1,52,2,54,1" doraHai="51" who="3" fromWho="1" sc="228,0,276,-77,371,0,125,77" /><INIT seed="7,0,0,5,2,51" ten="228,199,371,202" oya="3" hai0="112,27,2,33,126,109,135,131,83,121,127,100,117" hai1="65,123,70,49,130,102,62,91,98,36,69,35,1" hai2="75,96,93,50,21,86,58,104,67,116,22,88,45" hai3="133,32,84,3,68,114,81,110,10,107,79,76,46"/><W66/><G32/><T4/><RYUUKYOKU type="yao9" ba="0,0" sc="228,0,199,0,371,0,202,0" hai0="2,4,27,33,83,100,109,112,117,121,126,127,131,135" /><INIT seed="7,1,0,0,3,4" ten="228,199,371,202" oya="3" hai0="19,120,119,114,96,83,126,107,42,21,62,7,131" hai1="23,55,108,54,115,118,91,52,8,37,46,94,9" hai2="124,77,125,27,25,40,1,17,68,16,102,85,127" hai3="30,109,12,32,89,28,121,133,72,10,78,61,38"/><W44/><G121/><T84/><D120/><U101/><E108/><V11/><F68/><W5/><G32/><T90/><D119/><U29/><E118/><V33/><F102/><W86/><G109/><T135/><D135/><U116/><E116/><V67/><F67/><W93/><G133/><T51/><D131/><U26/><E115/><V66/><F66/><W39/><G61/><T63/><D7/><U122/><E122/><V74/><F74/><W13/><G38/><T35/><D35/><U95/><E37/><V18/><F40/><W58/><G58/><T59/><D126/><U79/><E79/><V6/><F33/><W2/><G13/><T130/><D130/><U134/><E134/><V110/><F110/><W20/><G20/><T41/><D114/><U50/><E101/><V99/><F99/><W45/><G12/><T112/><D112/><U97/><E95/><V0/><F0/><W117/><G117/><T22/><D22/><U71/><E71/><V104/><F104/><W100/><G100/><T49/><D96/><U82/><E82/><AGARI ba="1,0" hai="1,6,11,16,17,18,25,27,77,82,85,124,125,127" machi="82" ten="50,6400,0" yaku="18,1,52,1,54,1" doraHai="4" who="2" fromWho="1" sc="228,0,199,-67,371,67,202,0" owari="228,3.0,132,-37.0,438,54.0,202,-20.0" /></mjloggm>