<mjloggm ver="2.3"><GO type="97" lobby="0"/><UN n0="%E3%81%9F%E3%81%A4%E3%81%BE%E3%81%8D" n1="%61%74%6F%72%6E%65" n2="%E5%B0%B1%E6%B4%BB%E7%94%9F%40%E5%B7%9D%E6%9D%91%E8%BB%8D%E5%9B%A3" n3="%E5%A7%89%E5%B8%AF%E8%B1%8A%E9%9F%B3%40%E5%85%AD%E6%9B%9C" dan="14,14,15,15" rate="1959.56,1931.26,2024.08,1919.59" sx="M,M,M,F"/><TAIKYOKU oya="0"/><INIT seed="0,0,0,2,1,1" ten="250,250,250,250" oya="0" hai0="85,30,17,23,115,101,128,14,38,132,45,57,8" hai1="73,113,42,125,122,104,65,130,133,109,89,37,83" hai2="86,43,80,78,70,31,0,32,107,103,50,131,6" hai3="98,51,82,118,63,47,19,25,75,105,36,48,53"/><T29/><D115/><U13/><E89/><V22/><F70/><W4/><G118/><T123/><D123/><U97/><E65/><V40/><F32/><W121/><G121/><T114/><D114/><U74/><E42/><V60/><F131/><W67/><G36/><T81/><D101/><U2/><E97/><V21/><F60/><W72/><G105/><T77/><D128/><U27/><E83/><V117/><F117/><W9/><G98/><T15/><D132/><U24/><E24/><V92/><F107/><W3/><G82/><T108/><D108/><U20/><E20/><V87/><F40/><W7/><G51/><T91/><D57/><U26/><E26/><V76/><F76/><W112/><G25/><T10/><D38/><U49/><E27/><V96/><F31/><N who="0" m="11786" /><D45/><U69/><E13/><N who="0" m="4617" /><D77/><U62/><E49/><V56/><F86/><W95/><G48/><T33/><D33/><U11/><E62/><V110/><F110/><W54/><G63/><T66/><D66/><U111/><E11/><V135/><F135/><W46/><G9/><T16/><D23/><U90/><E111/><V119/><F119/><W102/><G47/><T68/><D68/><U99/><E90/><V39/><F39/><W120/><G102/><T116/><D116/><U94/><E109/><V5/><F0/><W93/><G112/><T126/><D126/><U64/><E125/><V58/><F43/><W124/><G120/><T34/><D34/><U12/><E122/><V28/><F28/><W52/><G3/><T88/><D91/><U134/><E113/><V100/><F78/><RYUUKYOKU ba="0,0" sc="250,30,250,-10,250,-10,250,-10" hai0="8,10,16,17,81,85,88" /><INIT seed="0,1,0,3,1,1" ten="280,240,240,240" oya="0" hai0="21,69,102,24,87,17,76,0,125,128,71,3,70" hai1="98,57,77,121,119,110,40,59,68,117,27,133,64" hai2="91,96,49,15,75,94,50,108,11,118,80,83,52" hai3="78,32,100,25,29,127,104,124,34,62,13,115,92"/><T81/><D102/><U8/><E110/><V18/><F108/><W9/><G115/><T106/><D106/><U43/><E77/><V116/><F49/><W66/><G92/><T26/><D128/><U55/><E27/><V46/><REACH who="2" step="1"/><F75/><REACH who="2" ten="280,240,230,240" step="2"/><W54/><G62/><T65/><D125/><U38/><E38/><V7/><F7/><W109/><G127/><T130/><D130/><U79/><E121/><V14/><F14/><W63/><G13/><T105/><D3/><U113/><E113/><V4/><F4/><W56/><G63/><T129/><D0/><U101/><E119/><AGARI ba="1,1" hai="11,15,18,46,50,52,80,83,91,94,96,116,118,119" machi="119" ten="40,5200,0" yaku="1,1,12,1,54,1,53,0" doraHai="1" doraHaiUra="99" who="2" fromWho="1" sc="280,0,240,-55,230,65,240,0" /><INIT seed="1,0,0,2,4,3" ten="280,185,295,240" oya="1" hai0="39,29,64,78,16,121,118,52,94,126,80,96,134" hai1="129,22,124,89,34,77,84,103,56,74,41,7,132" hai2="135,87,63,115,26,58,76,11,44,2,67,35,33" hai3="125,54,109,8,131,104,93,70,53,99,97,75,127"/><U65/><E34/><V128/><F135/><W92/><G70/><T48/><D118/><U88/><E103/><V49/><F128/><W98/><G131/><T106/><D39/><U116/><E116/><V83/><F115/><W133/><G133/><T86/><D134/><U13/><E132/><V110/><F110/><W40/><G104/><T47/><D106/><U114/><E114/><V62/><F62/><W46/><G75/><T101/><D29/><U28/><E74/><V30/><F2/><W111/><G8/><T42/><D121/><U108/><E124/><N who="3" m="47690" /><G40/><T31/><D126/><U69/><E69/><V122/><F122/><W130/><G46/><T60/><D31/><U73/><E73/><V20/><REACH who="2" step="1"/><F11/><REACH who="2" ten="280,185,285,240" step="2"/><W5/><G130/><T79/><D79/><U25/><E129/><V43/><AGARI ba="0,1" hai="20,26,30,33,35,43,44,49,58,63,67,76,83,87" machi="43" ten="20,8000,1" yaku="1,1,2,1,0,1,7,1,53,1" doraHai="3" doraHaiUra="61" who="2" fromWho="2" sc="280,-20,185,-40,285,90,240,-20" /><INIT seed="2,0,0,0,0,24" ten="260,145,375,220" oya="2" hai0="28,3,113,35,119,9,96,13,37,83,90,115,55" hai1="88,50,18,15,34,45,56,109,82,135,91,116,84" hai2="4,36,30,114,19,127,10,62,47,105,54,101,70" hai3="38,85,16,64,49,6,51,25,104,121,108,131,61"/><V21/><F114/><W79/><G121/><T97/><D37/><U22/><E109/><V42/><F127/><W125/><G104/><T57/><D3/><U68/><E68/><V63/><F105/><W7/><G38/><T80/><D119/><U58/><E135/><V129/><F129/><W92/><G125/><T52/><D113/><U32/><E32/><V132/><F132/><W111/><G131/><T110/><D115/><U71/><E71/><V12/><F101/><W81/><G92/><T14/><D35/><U103/><E103/><V133/><F133/><W94/><G94/><T102/><D110/><N who="3" m="42025" /><G51/><T120/><D120/><U128/><E128/><V134/><F134/><W74/><G49/><T46/><D102/><U78/><E34/><V89/><F70/><N who="3" m="42255" /><G74/><T39/><D39/><U118/><E118/><V8/><F54/><W43/><G43/><T65/><D65/><U124/><E124/><V98/><F98/><W122/><G122/><T95/><D46/><U29/><E116/><V26/><REACH who="2" step="1"/><F89/><REACH who="2" ten="260,145,365,220" step="2"/><W107/><G107/><T123/><D123/><U67/><E91/><V59/><F59/><W77/><G81/><T17/><D97/><U73/><E67/><V0/><AGARI ba="0,1" hai="0,4,8,10,12,19,21,26,30,36,42,47,62,63" machi="0" ten="20,7800,0" yaku="1,1,0,1,7,1,52,1,53,0" doraHai="24" doraHaiUra="72" who="2" fromWho="2" sc="260,-26,145,-26,365,88,220,-26" /><INIT seed="2,1,0,0,1,120" ten="234,119,453,194" oya="2" hai0="123,98,113,95,14,0,50,60,112,8,94,105,53" hai1="28,19,69,47,127,133,88,55,43,79,85,76,124" hai2="132,107,131,100,32,64,56,20,3,33,37,84,25" hai3="15,52,51,46,1,96,97,12,74,110,35,86,48"/><V70/><F3/><W104/><G1/><T81/><D0/><U29/><E69/><V57/><F37/><W111/><G74/><T10/><D123/><U18/><E55/><V13/><F131/><W9/><G35/><T6/><D105/><U130/><E47/><V36/><F36/><W40/><G104/><T92/><D112/><U101/><E101/><V135/><F70/><W71/><G71/><T128/><D113/><U11/><E133/><N who="2" m="51275" /><F13/><W103/><G103/><T66/><D128/><U38/><E38/><V54/><F64/><W109/><G86/><T82/><D10/><U68/><E68/><V87/><F100/><W2/><G2/><T117/><D117/><U41/><E85/><N who="2" m="32843" /><F107/><W77/><G77/><T106/><D106/><U102/><E102/><V58/><F54/><W115/><G115/><T16/><D60/><U121/><E121/><V65/><F65/><W118/><G118/><T30/><D66/><U75/><E75/><V21/><F25/><W73/><G73/><T34/><D34/><AGARI ba="1,0" hai="20,21,32,33,34,56,57,58" m="32843,51275" machi="34" ten="40,7700,0" yaku="28,2,20,1" doraHai="120" who="2" fromWho="0" sc="234,-80,119,0,453,80,194,0" /><INIT seed="2,2,0,5,1,23" ten="154,119,533,194" oya="2" hai0="126,82,48,33,91,83,134,1,15,21,46,123,47" hai1="121,54,86,6,74,64,49,38,116,103,110,18,72" hai2="2,31,111,79,41,89,67,101,105,115,73,127,87" hai3="43,32,114,108,19,70,102,71,55,85,122,27,60"/><V52/><F67/><W129/><G122/><T56/><D123/><U97/><E38/><V29/><F41/><W14/><G129/><T28/><D33/><U120/><E6/><V124/><F2/><W30/><G43/><T22/><D1/><U0/><E0/><V78/><F73/><W9/><G108/><T84/><D134/><U25/><E64/><V58/><F111/><W90/><G102/><T119/><D119/><U76/><E116/><V131/><F131/><W96/><G96/><T45/><D126/><U66/><E66/><V98/><F115/><W99/><G99/><T5/><D56/><U92/><E110/><V93/><F31/><W34/><G32/><T88/><D28/><U95/><E121/><V75/><F29/><W69/><G114/><T117/><D117/><U40/><E40/><V7/><F7/><W107/><G107/><T80/><D48/><U125/><E125/><N who="2" m="48203" /><F75/><W36/><G55/><T44/><N who="0" m="11776" /><DORA hai="81" /><T113/><D113/><U77/><E120/><V59/><F59/><W35/><G35/><T17/><D5/><U132/><E132/><V135/><F135/><W12/><G60/><AGARI ba="2,0" hai="52,58,60,78,79,87,89,93,98,101,105" m="48203" machi="60" ten="30,5800,0" yaku="18,1,52,1,54,1" doraHai="23,81" who="2" fromWho="3" sc="154,0,119,0,533,64,194,-64" /><INIT seed="2,3,0,2,3,22" ten="154,119,597,130" oya="2" hai0="85,56,120,127,67,114,108,76,27,6,117,39,118" hai1="26,36,29,37,69,40,68,18,129,64,122,44,128" hai2="34,53,4,94,98,124,1,99,89,75,23,82,106" hai3="86,102,51,110,48,133,16,65,81,78,12,130,20"/><V131/><F131/><N who="1" m="50249" /><E37/><V70/><F34/><W79/><G130/><T31/><D39/><U135/><E135/><V83/><F70/><N who="1" m="27241" /><E18/><V33/><F124/><W41/><G133/><T46/><D127/><U11/><E11/><V100/><F33/><W93/><G65/><T0/><D120/><U72/><E64/><V28/><F1/><W50/><G110/><T134/><D134/><U21/><E72/><V24/><F4/><W113/><G113/><T35/><D114/><U38/><E38/><V13/><F13/><W90/><G41/><T119/><D108/><U17/><E17/><V74/><F74/><W25/><G12/><T2/><D6/><U91/><E91/><V45/><F75/><W115/><G115/><T57/><D46/><U126/><E126/><V103/><F103/><W92/><G102/><T80/><D67/><U95/><E95/><AGARI ba="3,0" hai="16,20,25,48,50,51,78,79,81,86,90,92,93,95" machi="95" ten="40,5200,0" yaku="8,1,52,1,54,1" doraHai="22" who="3" fromWho="1" sc="154,0,119,-61,597,0,130,61" /><INIT seed="3,0,0,5,3,116" ten="154,58,597,191" oya="3" hai0="126,95,52,65,114,75,33,111,8,50,113,105,83" hai1="32,68,130,41,25,62,26,9,77,90,39,48,112" hai2="58,123,109,70,7,61,92,84,45,13,28,5,44" hai3="124,93,76,99,73,71,31,18,40,78,64,14,35"/><W56/><G124/><T119/><D33/><U11/><E39/><V104/><F104/><W122/><G71/><T115/><D105/><U132/><E112/><V47/><F109/><W94/><G40/><T133/><D119/><U4/><E68/><V134/><F70/><W72/><G122/><T88/><D111/><U86/><E62/><V91/><F123/><W97/><G64/><T110/><D110/><U85/><E48/><V1/><F1/><W103/><G56/><N who="0" m="32791" /><D65/><U55/><E55/><N who="2" m="34015" /><F134/><W53/><G53/><T117/><D117/><U17/><E41/><V120/><F120/><W125/><G31/><T36/><D36/><U80/><E132/><V108/><F108/><W98/><G35/><T34/><D34/><U30/><E130/><V15/><F28/><W81/><G125/><T59/><D133/><U54/><E54/><V69/><F69/><W89/><G18/><T2/><D126/><U67/><E67/><V82/><F82/><W102/><G14/><AGARI ba="0,0" hai="5,7,13,14,15,44,45,47,84,91,92" m="34015" machi="14" ten="30,1000,0" yaku="8,1" doraHai="116" who="2" fromWho="3" sc="154,0,58,0,597,10,191,-10" owari="154,-25.0,58,-44.0,607,71.0,181,-2.0" /></mjloggm>