<mjloggm ver="2.3"><GO type="225" lobby="0"/><UN n0="%53%65%6E%61%72" n1="%E3%83%88%E3%83%88%E3%83%AA%E5%85%88%E7%94%9F%31%39%E6%AD%B3" n2="%E9%95%B7%E3%81%84%E5%A4%A2" n3="%E3%81%88%E3%82%8B%E3%81%9F%E3%81%9D" dan="17,18,16,16" rate="2099.12,2280.87,2116.32,2119.08" sx="M,F,M,F"/><TAIKYOKU oya="0"/><INIT seed="0,0,0,5,0,34" ten="250,250,250,250" oya="0" hai0="118,26,61,48,10,80,116,2,103,21,55,83,114" hai1="67,47,128,40,108,45,76,124,59,75,77,30,133" hai2="5,129,1,44,25,107,72,36,117,56,7,106,58" hai3="70,112,17,101,93,63,8,113,135,96,123,90,111"/><T69/><D114/><U82/><E108/><V92/><F72/><W50/><G111/><T6/><D103/><U78/><E128/><V105/><F129/><W122/><G135/><T86/><D80/><U134/><E124/><V27/><F117/><W68/><G50/><T14/><D14/><U87/><E30/><V28/><F92/><W31/><G31/><T42/><D42/><U65/><E75/><V130/><F130/><W52/><G8/><T100/><D100/><U64/><E59/><V85/><F85/><W125/><G17/><T104/><D104/><U60/><E60/><V11/><F7/><W4/><G4/><T22/><D22/><U121/><E121/><N who="3" m="46090" /><G125/><T109/><D109/><U95/><E95/><V9/><F9/><W43/><G43/><T35/><D35/><U84/><E82/><V71/><F71/><N who="3" m="27179" /><G90/><T18/><D61/><U3/><E3/><V81/><F28/><W29/><G29/><T73/><D73/><U39/><REACH who="1" step="1"/><E47/><REACH who="1" ten="250,240,250,250" step="2"/><V97/><F44/><W20/><G113/><T88/><D69/><U33/><E33/><V120/><F120/><W46/><G112/><T51/><D51/><U38/><E38/><V99/><F81/><W127/><G127/><T119/><D116/><U49/><E49/><V23/><F36/><W79/><G63/><T132/><D132/><AGARI ba="0,1" hai="39,40,45,64,65,67,76,77,78,84,87,132,133,134" machi="132" ten="50,8000,1" yaku="1,1,20,1,53,3" doraHai="34" doraHaiUra="62" who="1" fromWho="0" sc="250,-80,240,90,250,0,250,0" /><INIT seed="1,0,0,1,2,102" ten="170,330,250,250" oya="1" hai0="52,88,47,94,68,132,58,13,10,37,3,96,104" hai1="46,21,31,130,33,106,111,63,115,24,62,98,34" hai2="117,93,122,66,87,128,38,65,12,84,78,69,59" hai3="35,91,75,116,26,109,92,73,0,45,72,11,25"/><U100/><E115/><V133/><F122/><W16/><G109/><T32/><D132/><U56/><E111/><V17/><F69/><W120/><G120/><T40/><D68/><U22/><E130/><V44/><F117/><W112/><G112/><T85/><D32/><U110/><E110/><V28/><F38/><W80/><G116/><T53/><D3/><U18/><E46/><V82/><F128/><W7/><G80/><T76/><D58/><U5/><E5/><V50/><F28/><W67/><G67/><N who="2" m="25609" /><F59/><W43/><G35/><T74/><D74/><U121/><E121/><V125/><F125/><W30/><G30/><T79/><D79/><U55/><REACH who="1" step="1"/><E63/><REACH who="1" ten="170,320,250,250" step="2"/><V101/><F133/><W6/><G6/><T134/><D134/><U2/><E2/><V39/><F39/><W20/><G45/><T126/><D126/><U64/><E64/><V57/><F44/><W81/><G43/><T124/><D124/><U127/><E127/><V9/><F50/><W49/><G49/><T15/><D15/><AGARI ba="0,1" hai="15,18,21,22,24,31,33,34,55,56,62,98,100,106" machi="15" ten="30,5800,0" yaku="1,1,7,1,52,1,53,0" doraHai="102" doraHaiUra="36" who="1" fromWho="0" sc="170,-58,320,68,250,0,250,0" /><INIT seed="1,1,0,3,5,96" ten="112,388,250,250" oya="1" hai0="69,36,97,0,120,40,74,64,99,46,94,29,116" hai1="107,49,98,71,1,123,114,60,73,15,115,103,27" hai2="66,3,131,55,117,75,22,25,125,2,108,80,11" hai3="42,54,110,61,78,56,88,135,41,129,16,134,70"/><U95/><E123/><V23/><F117/><W12/><G70/><T31/><D116/><U14/><E1/><N who="2" m="11" /><F66/><W28/><G28/><T34/><D120/><U18/><E73/><V113/><F55/><W39/><G78/><T6/><D74/><U7/><E27/><V38/><F38/><W87/><G110/><T43/><D43/><U58/><E71/><V8/><F80/><N who="3" m="49255" /><G129/><T133/><D133/><N who="3" m="50697" /><G39/><T44/><D44/><U130/><E49/><V90/><F131/><W79/><G79/><T124/><D124/><U62/><E130/><V89/><F75/><W126/><G126/><T77/><D77/><U65/><E62/><V10/><F125/><W30/><G30/><T109/><D31/><U68/><E68/><V112/><F108/><W32/><G32/><T37/><D37/><U13/><E7/><V33/><F33/><W45/><G45/><T50/><D109/><U52/><E65/><V93/><F112/><W5/><G5/><T81/><D36/><U72/><E72/><V118/><F113/><W119/><G119/><T59/><D69/><U100/><E18/><V127/><F127/><W48/><G61/><N who="0" m="37951" /><D6/><U17/><E17/><V19/><F118/><W21/><AGARI ba="1,0" hai="12,16,21,41,42,48,54,56" m="50697,49255" machi="21" ten="30,4000,0" yaku="20,1,54,2" doraHai="96" who="3" fromWho="3" sc="112,-11,388,-21,250,-11,250,43" /><INIT seed="2,0,0,3,0,131" ten="101,367,239,293" oya="2" hai0="70,109,120,117,87,69,34,116,76,82,59,111,20" hai1="50,48,15,33,5,61,42,93,126,65,21,121,91" hai2="72,10,115,74,127,119,56,130,32,41,12,96,58" hai3="103,108,27,129,128,2,83,6,88,92,4,18,49"/><V29/><F119/><N who="0" m="45642" /><D34/><U43/><E121/><V123/><F123/><W17/><G108/><N who="0" m="41547" /><D59/><N who="1" m="37055" /><E33/><V54/><F127/><W80/><G103/><T79/><D20/><U86/><E126/><V132/><F54/><W106/><G106/><T28/><D28/><U75/><E75/><V63/><F41/><N who="1" m="15369" /><E5/><N who="3" m="2154" /><G49/><T97/><D120/><U55/><E55/><V68/><F58/><W94/><G2/><T7/><D7/><U95/><E95/><N who="3" m="36394" /><G27/><T13/><D13/><U110/><E110/><V22/><F29/><W112/><G112/><T57/><D57/><U47/><E47/><V23/><F22/><W52/><G52/><T19/><D19/><AGARI ba="0,0" hai="15,19,21,48,50,86,91,93" m="15369,37055" machi="19" ten="30,1000,0" yaku="8,1" doraHai="131" who="1" fromWho="0" sc="101,-10,367,10,239,0,293,0" /><INIT seed="3,0,0,2,3,6" ten="91,377,239,293" oya="3" hai0="27,16,128,132,46,73,58,50,115,86,54,56,108" hai1="89,29,22,53,109,66,1,92,126,135,107,30,70" hai2="119,48,13,121,10,99,118,67,38,45,96,44,122" hai3="101,75,43,62,78,12,42,59,69,120,4,39,85"/><W87/><G120/><N who="2" m="46185" /><F67/><W52/><G69/><T34/><D73/><U17/><E1/><V134/><F38/><W74/><G101/><T11/><D108/><U15/><E107/><V2/><F2/><W49/><G39/><T28/><D132/><U31/><E109/><V18/><F134/><W33/><G33/><T80/><D128/><U90/><E135/><V41/><F45/><N who="3" m="27695" /><G75/><T61/><D115/><U35/><E126/><V68/><F68/><W100/><G100/><T57/><D57/><U55/><E35/><V102/><F99/><W98/><G98/><T111/><D61/><U36/><E36/><V51/><F51/><W9/><G74/><T63/><D63/><U26/><E66/><V106/><AGARI ba="0,0" hai="10,13,18,41,44,48,96,102,106,118,119" m="46185" machi="106" ten="30,2000,0" yaku="13,1,52,1" doraHai="6" who="2" fromWho="2" sc="91,-5,377,-5,239,20,293,-10" owari="86,-41.0,372,47.0,259,-14.0,283,8.0" /></mjloggm>