<mjloggm ver="2.3"><GO type="169" lobby="0"/><UN n0="%E3%82%A6%E3%83%AB%E3%83%88%E3%83%A9%E7%AB%8B%E7%9B%B4" n1="%E3%81%BE%E3%82%8B" n2="%68%61%79%61%74%6F%E2%98%86" n3="%68%72%6B%69%6E%67" dan="17,16,17,16" rate="2160.15,2096.92,2192.61,2113.78" sx="M,M,M,M"/><TAIKYOKU oya="0"/><INIT seed="0,0,0,4,4,64" ten="250,250,250,250" oya="0" hai0="127,33,88,76,0,95,20,3,96,46,31,70,13" hai1="94,91,104,124,58,75,25,73,5,51,68,11,101" hai2="39,69,120,113,42,30,114,86,27,129,40,123,54" hai3="109,131,84,41,35,110,115,59,98,80,7,108,99"/><T55/><D33/><U37/><E37/><V29/><F86/><W32/><G115/><T72/><D127/><U81/><E124/><V126/><F27/><W90/><G131/><T15/><D70/><U87/><E75/><V93/><F93/><W65/><G41/><T66/><D66/><U50/><E25/><V82/><F82/><W112/><G112/><T117/><D117/><U8/><E8/><V77/><F77/><W62/><REACH who="3" step="1"/><G7/><REACH who="3" ten="250,250,250,240" step="2"/><T85/><D72/><U57/><E73/><V74/><F74/><W103/><G103/><T2/><D2/><U44/><E101/><V116/><F126/><W111/><N who="3" m="27648" /><DORA hai="100" /><W26/><G26/><N who="0" m="16839" /><D0/><U78/><E5/><V24/><F24/><W52/><G52/><T121/><D3/><U53/><E53/><V107/><F54/><W47/><G47/><T105/><D121/><U56/><E44/><V21/><F129/><W34/><AGARI ba="0,1" hai="32,34,35,59,62,65,80,84,90,98,99" m="27648" machi="34" ten="70,8000,1" yaku="1,1,0,1,14,1,53,1" doraHai="64,100" doraHaiUra="38,60" who="3" fromWho="3" sc="250,-40,250,-20,250,-20,240,90" /><INIT seed="1,0,0,5,1,74" ten="210,230,230,330" oya="1" hai0="19,121,9,113,73,117,120,46,75,11,32,21,31" hai1="56,27,116,93,114,78,135,99,85,59,102,57,5" hai2="62,133,134,40,109,51,55,87,88,107,61,39,43" hai3="118,42,23,60,22,112,129,1,45,29,110,3,30"/><U70/><E70/><V52/><F107/><W53/><G112/><T69/><D69/><U2/><E114/><V79/><F109/><W63/><G110/><T89/><D113/><U26/><E116/><V24/><F24/><W76/><G118/><T25/><D117/><U50/><E135/><N who="2" m="51723" /><F39/><W96/><G129/><T8/><D89/><U44/><E2/><V95/><F79/><W125/><G125/><T14/><REACH who="0" step="1"/><D46/><REACH who="0" ten="200,230,230,330" step="2"/><U7/><E7/><V41/><F55/><W28/><G45/><AGARI ba="0,1" hai="40,41,43,45,51,52,61,62,87,88,95" m="51723" machi="45" ten="30,3900,0" yaku="20,1,54,2" doraHai="74" who="2" fromWho="3" sc="200,0,230,0,230,49,330,-39" /><INIT seed="2,0,0,3,1,96" ten="200,230,279,291" oya="2" hai0="29,113,48,94,42,28,74,5,83,65,27,124,91" hai1="38,49,108,123,41,57,129,104,130,46,100,87,15" hai2="78,73,89,107,85,39,43,116,121,25,62,118,71" hai3="125,95,2,22,97,88,101,134,44,110,24,11,12"/><V7/><F121/><W9/><G125/><T109/><D113/><U105/><E123/><V103/><F7/><W6/><G110/><T51/><D109/><U133/><E108/><V14/><F14/><W82/><G134/><T1/><D124/><U31/><E133/><V32/><F43/><W126/><G126/><T102/><D65/><U50/><E31/><N who="2" m="19567" /><F78/><W69/><G69/><T30/><D27/><U98/><E15/><V92/><F73/><W13/><G44/><T90/><D42/><U45/><E105/><V18/><F18/><W117/><G117/><T111/><D111/><U67/><E87/><V93/><F93/><W131/><G131/><N who="1" m="50186" /><E46/><V4/><F4/><W54/><G54/><T17/><D17/><U19/><E19/><V79/><F79/><W47/><G47/><T81/><D74/><U60/><AGARI ba="0,0" hai="38,41,45,49,50,57,60,67,98,100,104" m="50186" machi="60" ten="30,2000,0" yaku="19,1,52,1" doraHai="96" who="1" fromWho="1" sc="200,-5,230,20,279,-10,291,-5" /><INIT seed="3,0,0,2,3,69" ten="195,250,269,286" oya="3" hai0="98,119,102,91,29,0,41,11,76,34,25,132,32" hai1="38,95,128,42,67,26,8,16,94,87,122,27,19" hai2="4,121,53,90,78,127,59,118,35,57,7,51,126" hai3="36,12,60,106,21,23,70,93,107,89,108,125,116"/><W43/><G116/><T18/><D119/><U112/><E122/><V96/><F118/><W86/><G125/><T47/><D132/><U63/><E128/><V52/><F78/><W61/><G108/><T134/><D134/><U80/><E112/><V50/><F35/><W14/><G70/><T110/><D91/><U75/><E75/><V114/><F96/><W131/><G131/><T130/><D130/><U100/><E100/><V135/><F90/><W45/><G21/><T109/><D76/><U113/><E113/><V10/><F135/><W81/><G14/><T73/><D73/><U30/><E8/><V120/><REACH who="2" step="1"/><F10/><REACH who="2" ten="195,250,259,286" step="2"/><W55/><G55/><T13/><D34/><N who="1" m="20823" /><E42/><V133/><F133/><W24/><G12/><T97/><D0/><U103/><E27/><V68/><F68/><W77/><G107/><T129/><D129/><U71/><E71/><V44/><F44/><W105/><G105/><T104/><REACH who="0" step="1"/><D98/><REACH who="0" ten="185,250,259,286" step="2"/><U82/><E103/><V62/><F62/><W48/><G60/><T111/><D111/><U123/><E63/><V74/><F74/><W46/><G61/><T124/><D124/><U88/><E88/><V1/><F1/><W99/><G106/><T115/><D115/><AGARI ba="0,2" hai="4,7,50,51,52,53,57,59,114,115,120,121,126,127" machi="115" ten="25,12000,2" yaku="1,1,22,2,54,1,53,2" doraHai="69" doraHaiUra="2" who="2" fromWho="0" sc="185,-120,250,0,259,140,286,0" /><INIT seed="4,0,0,1,1,8" ten="65,250,399,286" oya="0" hai0="124,98,84,126,61,31,48,106,65,55,51,24,17" hai1="23,9,19,133,118,11,90,52,32,76,78,35,29" hai2="72,13,108,2,25,38,83,115,74,0,27,93,53" hai3="97,36,39,4,117,3,50,110,89,96,132,63,60"/><T40/><D84/><U42/><E118/><V69/><F93/><W109/><G117/><T121/><D121/><U66/><E66/><V41/><F83/><W45/><G4/><T111/><D111/><N who="3" m="42505" /><G3/><T100/><D17/><U86/><E42/><V135/><F41/><N who="3" m="24879" /><G132/><T67/><D40/><U102/><E133/><V99/><F108/><W6/><G6/><T16/><D65/><U64/><E64/><V71/><F135/><W128/><G128/><T127/><D55/><U22/><E102/><V1/><F1/><W73/><G73/><T88/><D88/><U30/><E90/><V46/><F53/><W14/><G14/><T81/><D81/><U15/><E52/><V107/><F99/><N who="3" m="37963" /><G89/><T95/><D95/><U7/><E86/><V122/><F122/><W101/><G101/><T18/><D51/><U12/><E78/><V54/><F54/><W131/><G131/><T129/><D48/><U57/><E76/><V79/><F79/><W113/><G113/><T92/><D92/><U43/><E43/><V26/><F115/><W58/><G58/><T47/><D47/><U103/><E57/><V105/><F46/><W134/><G134/><T20/><REACH who="0" step="1"/><D129/><REACH who="0" ten="55,250,399,286" step="2"/><U87/><E87/><V44/><F44/><W104/><G104/><T5/><D5/><U123/><E123/><V116/><F107/><W37/><G37/><T59/><AGARI ba="0,1" hai="16,18,20,24,31,59,61,67,98,100,106,124,126,127" machi="59" ten="30,11700,0" yaku="1,1,0,1,18,1,54,1,53,0" doraHai="8" doraHaiUra="28" who="0" fromWho="0" sc="55,127,250,-39,399,-39,286,-39" /><INIT seed="4,1,0,3,0,118" ten="182,211,360,247" oya="0" hai0="127,80,128,87,124,90,134,7,92,17,1,26,104" hai1="85,79,54,113,117,68,12,10,62,91,84,119,52" hai2="28,36,50,51,6,58,102,108,86,81,64,22,72" hai3="44,45,42,46,132,71,82,20,100,83,97,56,21"/><T53/><D104/><U49/><E119/><V88/><F36/><W41/><G71/><T59/><D7/><N who="1" m="3167" /><E117/><V63/><F108/><W29/><G56/><T33/><D1/><U57/><E68/><V129/><F72/><W61/><G61/><T31/><D128/><U122/><E122/><V67/><F129/><W32/><G32/><T38/><D38/><U106/><E106/><V37/><F37/><W131/><G132/><T78/><D17/><U70/><E70/><V133/><F133/><W65/><G65/><T123/><D134/><U14/><E113/><V5/><F67/><W24/><G21/><T8/><D8/><U111/><E111/><V60/><F60/><W39/><G131/><T23/><D33/><U103/><E103/><V95/><F6/><W19/><G29/><T18/><D31/><U74/><E74/><V125/><F5/><W99/><G99/><T9/><D9/><U30/><E30/><V3/><F3/><W107/><G44/><T66/><D123/><U40/><E14/><V93/><F125/><W120/><G120/><T76/><D66/><U27/><E27/><N who="2" m="16503" /><F95/><W11/><G11/><T34/><D34/><U110/><E110/><V55/><F55/><W73/><G73/><T43/><D43/><U13/><E40/><V101/><F101/><W115/><G115/><T47/><D47/><N who="1" m="27711" /><E13/><V0/><F0/><W130/><G130/><T25/><D25/><U135/><E135/><V116/><F116/><W121/><G121/><T126/><REACH who="0" step="1"/><D92/><REACH who="0" ten="172,211,360,247" step="2"/><N who="1" m="54375" /><E54/><V15/><F15/><W35/><G35/><T2/><D2/><U48/><E57/><RYUUKYOKU ba="1,1" sc="172,10,211,-30,360,10,247,10" hai0="18,23,26,53,59,76,78,80,87,90,124,126,127" hai2="50,51,58,63,64,81,86,88,93,102" hai3="19,20,24,39,41,42,45,46,82,83,97,100,107" /><INIT seed="4,2,1,0,3,101" ten="182,181,370,257" oya="0" hai0="76,21,78,15,29,84,114,62,134,38,75,100,32" hai1="122,51,28,86,130,5,125,124,64,63,36,95,123" hai2="31,47,56,8,117,88,72,82,48,90,25,68,77" hai3="104,6,55,57,89,40,115,26,20,105,112,12,110"/><T49/><D38/><U67/><E28/><V60/><F68/><W91/><G40/><T1/><D1/><U37/><E5/><V85/><F8/><N who="3" m="4119" /><G110/><T121/><D75/><U44/><E86/><V127/><F127/><N who="1" m="48713" /><E95/><V46/><F117/><W9/><G9/><T4/><D32/><U113/><E130/><V99/><F99/><W59/><G59/><T132/><D121/><N who="1" m="46091" /><E113/><N who="3" m="43594" /><G91/><N who="2" m="34857" /><F48/><N who="3" m="30951" /><G89/><T11/><D114/><U97/><E97/><V43/><F43/><W69/><G69/><T131/><D131/><U45/><E63/><V103/><F103/><W53/><G53/><T107/><D62/><U94/><E94/><V24/><F72/><W50/><G50/><T33/><D49/><U102/><E102/><V133/><F133/><N who="0" m="51306" /><D84/><U66/><E51/><V87/><F87/><W18/><AGARI ba="2,1" hai="18,20,26,104,105" m="30951,43594,4119" machi="18" ten="30,4000,0" yaku="15,1,52,2" doraHai="101" who="3" fromWho="3" sc="182,-22,181,-12,370,-12,257,56" /><INIT seed="5,0,0,1,2,25" ten="160,169,358,313" oya="1" hai0="44,87,41,31,7,46,37,89,98,24,74,93,21" hai1="97,83,115,70,33,110,105,40,113,112,30,124,43" hai2="71,56,12,114,10,22,39,72,129,135,76,45,42" hai3="82,68,130,29,49,102,92,61,2,4,62,52,66"/><U58/><E70/><V94/><F71/><W9/><G130/><T104/><D74/><U13/><E110/><V34/><F34/><W11/><G82/><T3/><D3/><U119/><E119/><V99/><F129/><W128/><G128/><T131/><D131/><U117/><E117/><V15/><F135/><W127/><G127/><T5/><D104/><U14/><E124/><V85/><F72/><W79/><G79/><T50/><REACH who="0" step="1"/><D98/><REACH who="0" ten="150,169,358,313" step="2"/><U36/><E105/><V26/><F99/><W133/><G133/><T90/><D90/><U96/><E96/><V108/><F108/><W121/><G121/><T64/><D64/><U17/><E97/><V84/><F76/><W53/><G102/><T20/><D20/><U111/><E111/><V91/><F22/><W122/><G122/><T100/><D100/><U95/><E115/><V0/><F91/><W120/><G120/><T48/><D48/><U73/><E113/><V54/><F0/><W126/><G126/><T16/><D16/><U51/><E112/><V106/><F106/><W19/><G19/><T28/><D28/><U81/><E17/><V116/><F114/><W38/><G29/><T59/><D59/><U65/><E30/><V101/><F56/><W6/><G49/><T35/><D35/><U60/><E51/><V63/><F101/><W8/><G2/><T123/><D123/><U107/><E33/><V23/><F23/><W32/><G32/><T125/><D125/><U109/><E109/><V118/><F118/><W67/><G67/><T134/><D134/><U47/><E65/><V18/><F116/><RYUUKYOKU ba="0,1" sc="150,30,169,-10,358,-10,313,-10" hai0="5,7,21,24,31,37,41,44,46,50,87,89,93" /><INIT seed="6,1,1,1,4,128" ten="180,159,348,303" oya="2" hai0="13,35,16,17,67,68,112,22,116,26,58,4,11" hai1="2,53,113,104,56,33,76,70,57,39,6,106,71" hai2="86,30,66,117,78,110,81,69,29,43,103,34,125" hai3="41,10,118,64,119,126,73,20,40,46,74,14,88"/><V101/><F117/><W124/><G20/><T80/><D68/><U23/><E33/><V109/><F43/><W131/><G64/><T95/><D116/><U54/><E39/><V92/><F125/><N who="3" m="48235" /><G131/><T90/><D112/><U121/><E121/><V94/><F34/><W83/><G41/><T47/><D47/><U65/><E113/><V42/><F42/><W36/><G74/><T120/><D80/><U7/><E65/><V82/><F66/><W72/><G72/><T135/><D135/><U50/><E76/><V28/><F69/><W75/><G75/><T77/><D77/><U37/><E37/><V93/><REACH who="2" step="1"/><F82/><REACH who="2" ten="180,159,338,303" step="2"/><W19/><G73/><T129/><D35/><U15/><E71/><V105/><F105/><W98/><G83/><T9/><D129/><U87/><E70/><V0/><F0/><W132/><G132/><T27/><D120/><U130/><E2/><V115/><F115/><W38/><G38/><T108/><D67/><U45/><E130/><V44/><F44/><W100/><G119/><T102/><D58/><N who="1" m="22635" /><E106/><V63/><F63/><W99/><G118/><T21/><D108/><AGARI ba="1,2" hai="28,29,30,78,81,86,92,93,94,101,103,108,109,110" machi="108" ten="50,4800,0" yaku="1,1,10,1,53,0" doraHai="128" doraHaiUra="61" who="2" fromWho="0" sc="180,-51,159,0,338,71,303,0" /><INIT seed="6,2,0,0,0,128" ten="129,159,409,303" oya="2" hai0="124,82,44,132,131,112,12,4,50,33,101,92,38" hai1="94,133,39,78,61,122,64,65,58,118,20,96,89" hai2="115,72,59,84,90,81,18,86,14,79,107,106,67" hai3="10,21,68,114,51,121,75,42,104,36,120,71,119"/><V22/><F115/><W54/><G75/><T24/><D38/><U108/><E118/><V23/><F84/><W85/><G104/><T69/><D69/><U25/><E108/><V32/><F32/><W103/><G103/><T35/><D82/><U76/><E122/><V31/><F67/><W93/><G10/><N who="0" m="4167" /><D24/><U62/><E39/><V45/><F59/><W34/><G34/><T80/><D80/><U47/><E47/><V110/><F110/><W40/><G21/><T77/><D77/><U43/><E43/><V117/><F117/><W63/><G119/><T55/><D112/><U7/><E7/><V60/><F60/><W8/><G8/><T30/><D30/><U99/><E99/><V127/><F45/><W129/><G129/><T111/><D111/><U56/><REACH who="1" step="1"/><E133/><REACH who="1" ten="129,149,409,303" step="2"/><V29/><F127/><W1/><G40/><T125/><D131/><U97/><E97/><V134/><F134/><W17/><G42/><T83/><D132/><U109/><E109/><V116/><F116/><W16/><G36/><T46/><D46/><U53/><E53/><V100/><F107/><W88/><G54/><T49/><D125/><U19/><AGARI ba="2,1" hai="19,20,25,56,58,61,62,64,65,76,78,89,94,96" machi="19" ten="20,12000,2" yaku="1,1,0,1,7,1,9,1,8,1,53,1" doraHai="128" doraHaiUra="13" who="1" fromWho="1" sc="129,-32,149,136,409,-62,303,-32" /><INIT seed="7,0,0,0,2,6" ten="97,285,347,271" oya="3" hai0="26,120,17,127,70,38,24,7,103,106,115,95,78" hai1="15,119,23,4,80,111,62,65,72,96,11,124,67" hai2="28,56,68,97,102,55,53,61,29,118,44,135,51" hai3="21,131,54,89,75,112,31,100,14,133,88,57,79"/><W77/><G112/><T117/><D95/><U49/><E111/><V73/><F73/><W58/><G133/><T81/><D103/><U129/><E119/><V66/><F135/><W8/><G131/><T90/><D81/><U16/><E129/><V98/><F98/><W42/><G42/><T107/><D78/><U94/><E124/><V69/><F69/><W25/><G100/><T92/><D90/><N who="3" m="34921" /><G75/><T19/><D92/><U60/><E49/><V123/><F123/><W91/><N who="3" m="34929" /><W32/><DORA hai="125" /><G32/><T71/><D7/><U64/><E80/><V47/><F47/><W20/><G20/><T130/><D127/><U105/><E105/><V1/><F1/><W30/><G30/><T2/><D2/><U12/><E72/><V126/><F118/><W5/><G58/><T52/><D117/><U9/><E23/><V35/><F35/><W50/><AGARI ba="0,0" hai="5,8,14,21,25,31,50,54,57,77,79" m="34929" machi="50" ten="30,6000,0" yaku="8,1,52,1,54,1" doraHai="6,125" who="3" fromWho="3" sc="97,-20,285,-20,347,-20,271,60" owari="77,-42.0,265,-13.0,327,13.0,331,42.0" /></mjloggm>