<mjloggm ver="2.3"><GO type="97" lobby="0"/><UN n0="%E5%AE%9F%E5%8A%9B%E3%82%82%E9%81%8B%E3%81%AE%E3%81%86%E3%81%A1" n1="%E6%88%AF%E9%AA%B8" n2="%E5%B0%B1%E6%B4%BB%E7%94%9F%40%E5%B7%9D%E6%9D%91%E8%BB%8D%E5%9B%A3" n3="%E7%B3%B8%E4%BA%95%E3%81%A3%E3%81%A6%E5%87%84%E3%81%84%E3%82%8F" dan="14,15,14,13" rate="1966.63,2027.90,2004.29,1918.49" sx="M,M,M,M"/><TAIKYOKU oya="0"/><INIT seed="0,0,0,2,3,119" ten="250,250,250,250" oya="0" hai0="85,135,57,72,43,59,24,46,107,84,4,32,99" hai1="48,55,110,118,47,5,95,29,77,117,34,69,42" hai2="3,12,67,134,112,83,20,121,124,131,113,49,52" hai3="91,1,108,38,122,127,36,37,14,75,111,19,41"/><T128/><D72/><U62/><E110/><N who="3" m="42026" /><G1/><T94/><D107/><U40/><E77/><V61/><F3/><W26/><G127/><T104/><D104/><U15/><E117/><V115/><F124/><W123/><G75/><T30/><D4/><U31/><E95/><V70/><F131/><W63/><G63/><T79/><D128/><U71/><E42/><V89/><F134/><W93/><G26/><T39/><D135/><U78/><E78/><V100/><F100/><W33/><G33/><T92/><D92/><U90/><E71/><V98/><F121/><N who="3" m="46091" /><G41/><T21/><D32/><U76/><E34/><V54/><F54/><W27/><G27/><T102/><D79/><U50/><E40/><V82/><F12/><W6/><G6/><T35/><D35/><U132/><E5/><V106/><F20/><N who="3" m="11383" /><G36/><T65/><D65/><U116/><E62/><V64/><F64/><W23/><G23/><T11/><D11/><U133/><E116/><V51/><F51/><W60/><G60/><T58/><AGARI ba="0,0" hai="21,24,30,39,43,46,57,58,59,84,85,94,99,102" machi="58" ten="30,1500,0" yaku="0,1" doraHai="119" who="0" fromWho="0" sc="250,15,250,-5,250,-5,250,-5" /><INIT seed="0,1,0,0,5,22" ten="265,245,245,245" oya="0" hai0="127,61,85,126,74,29,6,133,5,77,24,41,36" hai1="67,135,58,119,130,113,17,49,123,121,103,98,63" hai2="1,47,56,120,108,23,42,90,19,34,89,84,44" hai3="112,37,30,128,110,13,27,35,102,45,52,33,72"/><T122/><D122/><U54/><E119/><V124/><F120/><W82/><G112/><T134/><D74/><U101/><E135/><N who="0" m="51721" /><D61/><U111/><E111/><V26/><F108/><W78/><G110/><T10/><D41/><U87/><E130/><V79/><F124/><N who="0" m="47658" /><D36/><U97/><E113/><V3/><F34/><W125/><G128/><T12/><D85/><U70/><E87/><V95/><F79/><W18/><G125/><T15/><D77/><U50/><E50/><V25/><F89/><W66/><G102/><T53/><D53/><U114/><E114/><V9/><F56/><W104/><G104/><T118/><D118/><U76/><E76/><V91/><F91/><W59/><G66/><T57/><D57/><U2/><E121/><V38/><F47/><W68/><G68/><T20/><D6/><U48/><E48/><V132/><F132/><W62/><G35/><T69/><D69/><U129/><E123/><V80/><F80/><W100/><G100/><T83/><D83/><U64/><E101/><V73/><F73/><W14/><REACH who="3" step="1"/><G18/><REACH who="3" ten="265,245,245,235" step="2"/><T96/><D96/><U65/><E103/><V117/><F117/><W8/><G8/><T109/><D109/><U92/><E17/><V0/><REACH who="2" step="1"/><F9/><REACH who="2" ten="265,245,235,235" step="2"/><W116/><G116/><T40/><D40/><AGARI ba="1,2" hai="13,14,27,30,33,37,40,45,52,59,62,72,78,82" machi="40" ten="40,8000,1" yaku="1,1,52,1,54,1,53,1" doraHai="22" doraHaiUra="28" who="3" fromWho="0" sc="265,-83,245,0,235,0,235,103" /><INIT seed="1,0,0,3,2,73" ten="182,245,235,338" oya="1" hai0="105,75,107,44,96,22,116,101,51,10,80,69,71" hai1="4,85,30,2,126,15,16,20,56,29,46,99,74" hai2="40,38,65,66,45,34,128,92,21,111,18,27,82" hai3="113,23,12,6,112,83,72,131,8,86,32,70,68"/><U129/><E74/><V114/><F114/><W50/><G72/><T36/><D116/><U125/><E129/><V41/><F128/><W42/><G131/><T60/><D107/><U91/><E99/><V100/><F111/><W19/><G32/><T14/><D22/><U81/><E4/><V48/><F34/><W28/><G28/><T108/><D108/><U127/><E2/><V26/><F38/><W104/><G104/><T1/><D60/><U76/><E91/><V84/><F40/><W132/><G132/><T124/><D124/><U47/><E56/><V109/><F109/><W5/><G5/><N who="0" m="1327" /><D51/><U43/><REACH who="1" step="1"/><E47/><REACH who="1" ten="182,235,235,338" step="2"/><V62/><F100/><W89/><G113/><T122/><D122/><U17/><E17/><V95/><F95/><W102/><G112/><T0/><D0/><U121/><E121/><V67/><F92/><W118/><G118/><T63/><D14/><U103/><E103/><V119/><F119/><W93/><G70/><T52/><D71/><U53/><E53/><V59/><F27/><W135/><G68/><T110/><D110/><U77/><E77/><AGARI ba="0,1" hai="18,21,26,41,45,48,59,62,65,66,67,77,82,84" machi="77" ten="30,3900,0" yaku="7,1,8,1,52,1" doraHai="73" who="2" fromWho="1" sc="182,0,235,-39,235,49,338,0" /><INIT seed="2,0,0,1,5,69" ten="182,196,284,338" oya="2" hai0="50,57,118,29,43,10,91,72,65,20,109,37,2" hai1="45,78,110,49,56,41,121,63,27,64,15,1,106" hai2="6,61,108,100,39,112,107,55,42,89,126,111,130" hai3="71,35,0,103,11,26,94,125,4,95,40,73,46"/><V80/><F112/><W81/><G71/><T68/><D118/><U28/><E106/><V23/><F126/><W30/><G125/><T119/><D119/><U70/><E1/><V133/><F130/><W84/><G103/><T132/><D109/><N who="2" m="42058" /><F133/><W123/><G123/><T97/><D132/><U101/><E110/><V105/><F6/><W128/><G128/><T124/><D124/><U51/><E101/><V96/><F107/><W22/><G35/><T18/><D29/><U79/><E121/><V52/><F61/><W16/><G30/><T129/><D72/><U9/><E51/><V98/><F23/><W47/><G46/><T48/><D68/><U59/><E59/><V76/><F96/><W66/><G66/><T82/><D129/><U90/><E90/><V120/><F89/><W54/><G54/><T131/><D131/><U38/><E49/><V24/><F24/><W93/><G73/><T12/><D97/><U53/><E64/><V75/><F120/><W113/><G113/><T83/><D91/><U19/><REACH who="1" step="1"/><E70/><REACH who="1" ten="182,186,284,338" step="2"/><V104/><F104/><W115/><G115/><T99/><D50/><U60/><E60/><V86/><F42/><W85/><REACH who="3" step="1"/><G81/><REACH who="3" ten="182,186,284,328" step="2"/><T116/><D82/><U77/><E77/><V92/><F80/><W134/><G134/><T5/><D83/><U8/><E8/><V88/><F76/><W44/><G44/><T135/><D135/><U102/><E102/><V3/><F75/><W117/><G117/><T14/><D116/><U25/><E25/><V21/><F100/><W74/><G74/><T13/><D65/><U67/><E67/><RYUUKYOKU ba="0,2" sc="182,-15,186,15,284,-15,328,15" hai1="9,15,19,27,28,38,41,45,53,56,63,78,79" hai3="0,4,11,16,22,26,40,47,84,85,93,94,95" /><INIT seed="3,1,2,1,5,74" ten="167,201,269,343" oya="3" hai0="132,67,134,133,36,78,28,7,27,91,6,131,108" hai1="102,13,90,119,110,26,24,115,129,22,87,8,79" hai2="92,10,66,1,124,88,64,120,9,34,61,97,112" hai3="86,81,109,0,125,75,85,15,71,52,41,69,73"/><W51/><G0/><T48/><D36/><U93/><E110/><V49/><F34/><W14/><G109/><T47/><D108/><U12/><E115/><V62/><F112/><W16/><G125/><T21/><D67/><N who="2" m="25642" /><F1/><W54/><G71/><T82/><D91/><U116/><E129/><V18/><F124/><W55/><G69/><T31/><D31/><U20/><E102/><V39/><F39/><W37/><G37/><T100/><D100/><U42/><E42/><V19/><F49/><W25/><G75/><N who="0" m="43359" /><D131/><U126/><E126/><V121/><F18/><W130/><G130/><T11/><D11/><N who="2" m="4106" /><F19/><W107/><G107/><T32/><D32/><U84/><E8/><V99/><F99/><W2/><G2/><T127/><D127/><U111/><E111/><V45/><F45/><N who="3" m="26031" /><G73/><T95/><D95/><U57/><E93/><V77/><F77/><N who="3" m="46255" /><G86/><T44/><D44/><U43/><E79/><V56/><F56/><W114/><G114/><T29/><D29/><U53/><E57/><V17/><F17/><W35/><G35/><T101/><D101/><U59/><E59/><V33/><F33/><W68/><G68/><T5/><D5/><U70/><E70/><V76/><F76/><W103/><G103/><T118/><D118/><U63/><E90/><V106/><F106/><W58/><G58/><T60/><D60/><U89/><E63/><V40/><F62/><W96/><G96/><T50/><D50/><U113/><E113/><V30/><F61/><W23/><AGARI ba="1,2" hai="14,15,16,23,25,52,54,55" m="46255,26031" machi="23" ten="30,11700,0" yaku="8,1,52,1,54,2" doraHai="74" who="3" fromWho="3" sc="167,-40,201,-40,269,-40,343,140" owari="127,-37.0,161,-24.0,229,3.0,483,58.0" /></mjloggm>