<mjloggm ver="2.3"><GO type="169" lobby="0"/><UN n0="%E7%B6%BE%E9%A6%99" n1="%E8%8A%B1%E6%BE%A4%E9%A6%99%E8%8F%9C%E3%81%A1%E3%82%83%E3%82%93" n2="%E5%96%A7%E5%98%A9%E5%B8%AB%E2%98%86%E8%8A%B1%E5%B1%B1" n3="%E5%B0%B1%E6%B4%BB%E7%94%9F%40%E5%B7%9D%E6%9D%91%E8%BB%8D%E5%9B%A3" dan="17,16,16,17" rate="2245.94,2090.87,2081.95,2194.74" sx="F,F,M,M"/><TAIKYOKU oya="0"/><INIT seed="0,0,0,3,4,92" ten="250,250,250,250" oya="0" hai0="75,72,50,51,77,90,101,135,36,71,5,43,66" hai1="89,113,12,48,128,103,107,37,86,112,63,44,65" hai2="32,57,7,52,106,109,94,108,125,16,96,88,11" hai3="100,121,59,105,118,62,3,39,126,78,82,24,124"/><T76/><D5/><U115/><E128/><V70/><F70/><W98/><G39/><T87/><D36/><U123/><E123/><V33/><F106/><W114/><G114/><T102/><D135/><U67/><E37/><V45/><F45/><W14/><G118/><T0/><D43/><U131/><E131/><V28/><F28/><W30/><G3/><T134/><D134/><U56/><E12/><N who="2" m="7199" /><F7/><W97/><G14/><T49/><D0/><U58/><E107/><V27/><F27/><W80/><G121/><T79/><D66/><U130/><E130/><V53/><F125/><N who="3" m="48235" /><G78/><T119/><D71/><U110/><E110/><N who="2" m="42603" /><F53/><N who="3" m="34159" /><G98/><T22/><D119/><U73/><E112/><V8/><F8/><W99/><G97/><T54/><D54/><U25/><E113/><V117/><F117/><W4/><G4/><T21/><D22/><AGARI ba="0,0" hai="22,24,30,80,82,99,100,105" m="34159,48235" machi="22" ten="30,2000,0" yaku="18,1,52,1" doraHai="92" who="3" fromWho="0" sc="250,-20,250,0,250,0,250,20" /><INIT seed="1,0,0,1,4,13" ten="230,250,250,270" oya="1" hai0="55,131,32,60,107,112,72,71,18,42,73,105,80" hai1="129,34,130,0,91,123,63,117,92,36,24,58,87" hai2="124,49,102,78,4,108,6,118,10,122,104,19,53" hai3="93,54,12,109,22,101,89,45,135,28,125,31,74"/><U44/><E123/><V11/><F118/><W126/><G74/><T83/><D112/><U47/><E117/><V127/><F122/><W64/><G135/><T81/><D32/><U41/><E0/><V106/><F78/><W103/><G64/><T88/><D42/><U9/><E9/><V98/><F106/><W33/><G33/><T7/><D7/><U21/><E34/><V77/><F77/><W17/><G109/><T110/><D110/><U119/><E47/><V29/><F29/><N who="3" m="11339" /><G45/><T68/><D131/><U84/><E84/><V65/><F65/><W50/><G50/><T52/><D88/><U20/><E119/><V97/><F97/><N who="3" m="57519" /><G54/><T100/><D100/><U70/><E70/><V128/><F128/><N who="1" m="49257" /><E24/><V75/><F75/><W99/><G99/><T39/><D39/><U79/><E79/><V26/><F108/><W16/><G17/><T5/><D5/><U3/><E3/><V67/><F4/><W14/><G14/><T96/><D96/><U66/><AGARI ba="0,0" hai="20,21,36,41,44,58,63,66,87,91,92" m="49257" machi="66" ten="30,1500,0" yaku="19,1" doraHai="13" who="1" fromWho="1" sc="230,-5,250,15,250,-5,270,-5" /><INIT seed="1,1,0,4,1,88" ten="225,265,245,265" oya="1" hai0="92,106,135,118,70,68,109,23,126,62,17,129,82" hai1="12,130,34,24,48,134,21,54,42,51,44,123,31" hai2="8,59,80,98,36,55,99,114,49,69,41,112,26" hai3="84,133,94,33,86,97,6,74,38,72,9,65,46"/><U125/><E123/><V115/><F69/><W120/><G33/><T131/><D106/><U15/><E125/><V19/><F80/><W107/><G107/><T16/><D118/><U57/><E130/><N who="0" m="49673" /><D126/><U85/><E134/><V45/><REACH who="2" step="1"/><F26/><REACH who="2" ten="225,265,235,265" step="2"/><W7/><G133/><T132/><D82/><U22/><REACH who="1" step="1"/><E85/><REACH who="1" ten="225,255,235,265" step="2"/><V52/><F52/><W87/><G74/><T43/><D132/><U27/><E27/><V89/><F89/><W39/><G72/><T0/><D135/><U11/><E11/><V5/><F5/><W35/><G7/><T10/><D10/><U75/><E75/><V91/><F91/><W76/><G9/><T128/><D128/><U124/><E124/><V32/><F32/><W47/><G6/><T14/><D109/><U71/><E71/><V30/><F30/><W20/><G35/><T104/><D68/><U13/><AGARI ba="1,2" hai="12,13,15,21,22,24,31,34,42,44,48,51,54,57" machi="13" ten="30,6000,0" yaku="1,1,0,1,53,1" doraHai="88" doraHaiUra="50" who="1" fromWho="1" sc="225,-21,255,83,235,-21,265,-21" /><INIT seed="1,2,0,4,4,52" ten="204,338,214,244" oya="1" hai0="16,14,106,68,63,95,41,44,2,40,91,119,0" hai1="60,118,96,131,29,130,32,82,28,42,75,19,10" hai2="50,22,102,65,98,33,39,13,103,123,92,34,107" hai3="99,88,133,122,129,114,30,57,101,62,110,87,104"/><U31/><E118/><V53/><F39/><W37/><G37/><T17/><D106/><U127/><E127/><V83/><F123/><W8/><G122/><T69/><D119/><U134/><E134/><V116/><F116/><W81/><G114/><T72/><D72/><U115/><E115/><V128/><F65/><W55/><G133/><T49/><D41/><U84/><E42/><V93/><F83/><W126/><G129/><N who="1" m="49162" /><E75/><V6/><F128/><W11/><G126/><T90/><D17/><U85/><E96/><V89/><F107/><W7/><G110/><T18/><D18/><U71/><E82/><V21/><F34/><W26/><REACH who="3" step="1"/><G7/><REACH who="3" ten="204,338,214,234" step="2"/><T77/><D69/><U132/><E132/><V112/><F112/><W94/><G94/><T5/><D5/><U59/><E71/><V79/><F93/><W43/><G43/><T66/><D95/><U78/><E32/><AGARI ba="2,1" hai="8,11,26,30,32,55,57,62,81,87,88,99,101,104" machi="32" ten="30,12000,2" yaku="1,1,7,1,52,1,54,1,53,2" doraHai="52" doraHaiUra="4" who="3" fromWho="1" sc="204,0,338,-126,214,0,234,136" /><INIT seed="2,0,0,5,1,119" ten="204,212,214,370" oya="2" hai0="60,2,31,53,77,103,8,0,39,28,105,79,58" hai1="112,122,6,83,37,118,29,18,95,14,4,55,91" hai2="98,36,51,133,97,50,20,106,73,127,101,120,99" hai3="92,52,46,11,113,15,47,80,17,48,86,71,7"/><V107/><F36/><W64/><G113/><T123/><D39/><U75/><E37/><V126/><F20/><W22/><G92/><T5/><D0/><U40/><E118/><V135/><F73/><W131/><G131/><T69/><D69/><U70/><E70/><V54/><F101/><W66/><G71/><T49/><D60/><U117/><E117/><V42/><F42/><W38/><G47/><T81/><D77/><U102/><E102/><V59/><F50/><W130/><G130/><T19/><D19/><U35/><E40/><V78/><F78/><W13/><REACH who="3" step="1"/><G38/><REACH who="3" ten="204,212,214,360" step="2"/><T128/><D128/><U124/><E95/><V121/><F106/><W63/><G63/><T85/><D105/><U1/><E112/><V89/><F107/><W24/><G24/><T16/><D81/><U33/><E83/><V57/><F57/><W109/><G109/><T116/><D58/><U88/><E124/><N who="2" m="47659" /><F89/><AGARI ba="0,1" hai="7,11,13,15,17,22,46,48,52,64,66,80,86,89" machi="89" ten="30,8000,1" yaku="1,1,7,1,8,1,54,1,53,1" doraHai="119" doraHaiUra="3" who="3" fromWho="2" sc="204,0,212,0,214,-80,360,90" /><INIT seed="3,0,0,3,3,135" ten="204,212,134,450" oya="3" hai0="35,67,59,72,102,60,130,69,11,90,56,61,83" hai1="125,7,24,79,47,75,77,64,37,118,20,12,49" hai2="53,21,28,112,39,82,94,105,99,131,107,114,36" hai3="85,40,63,134,25,19,113,14,45,16,129,84,93"/><W122/><G113/><T115/><D35/><U54/><E118/><V57/><F131/><W92/><G122/><T31/><D115/><U55/><E64/><V91/><F114/><W17/><G129/><T44/><D130/><U42/><E75/><V27/><F112/><W128/><G128/><T51/><D31/><U73/><E73/><V23/><F23/><W80/><G134/><T10/><D102/><U15/><E125/><V5/><F5/><W46/><G63/><T78/><D90/><U111/><E111/><V100/><F82/><W104/><G104/><T124/><D69/><U120/><E120/><V29/><F29/><W68/><G68/><T117/><D124/><U62/><E62/><V33/><F33/><W103/><G25/><T97/><D97/><U22/><E22/><V108/><F108/><W26/><G26/><T65/><REACH who="0" step="1"/><D117/><REACH who="0" ten="194,212,134,450" step="2"/><U58/><E77/><V52/><F107/><W9/><G103/><T86/><D86/><U4/><E79/><V43/><F105/><W96/><G85/><T133/><D133/><U123/><E123/><V116/><F100/><W95/><G96/><T48/><D48/><U38/><E49/><N who="2" m="30863" /><F116/><W3/><G84/><T76/><D76/><U81/><E38/><V1/><F36/><W74/><G74/><T30/><D30/><U87/><E37/><V71/><F71/><W32/><G32/><T18/><D18/><U110/><E87/><V121/><F39/><W6/><G80/><T66/><D66/><U98/><E110/><V50/><F121/><W2/><G19/><T132/><D132/><U126/><E81/><RYUUKYOKU ba="0,1" sc="194,30,212,-10,134,-10,450,-10" hai0="10,11,44,51,56,59,60,61,65,67,72,78,83" /><INIT seed="4,1,1,5,3,95" ten="224,202,124,440" oya="0" hai0="53,42,62,75,124,112,90,5,24,91,0,134,107" hai1="25,17,15,47,126,74,104,11,69,80,65,108,43" hai2="59,64,18,35,22,12,7,76,120,125,82,32,117" hai3="93,118,135,127,111,78,86,58,57,56,71,31,30"/><T40/><D75/><U100/><E108/><V105/><F120/><W21/><G111/><T131/><D124/><U113/><E126/><V23/><F105/><W38/><G71/><T67/><D107/><U33/><E113/><V89/><F125/><W115/><G127/><T20/><D112/><U101/><E69/><V110/><F110/><W132/><G115/><T99/><D131/><U16/><E65/><V121/><F121/><W116/><G38/><T41/><D134/><N who="3" m="51241" /><G21/><T88/><D0/><U87/><E74/><V96/><F7/><W34/><G34/><T103/><D5/><U49/><E104/><V61/><F22/><W81/><G93/><N who="0" m="58863" /><D67/><U48/><E48/><V45/><F45/><W123/><G123/><T63/><D53/><U66/><E66/><V36/><F36/><W6/><G6/><T79/><D79/><N who="1" m="46495" /><E33/><V14/><F117/><AGARI ba="1,1" hai="30,31,56,57,58,78,81,86,116,117,118" m="51241" machi="117" ten="40,1300,0" yaku="20,1" doraHai="95" who="3" fromWho="2" sc="224,0,202,0,124,-16,440,26" /><INIT seed="5,0,0,2,2,117" ten="224,202,108,466" oya="1" hai0="21,17,118,65,51,16,114,36,20,98,119,46,61" hai1="37,24,110,64,27,50,13,82,70,74,134,115,62" hai2="47,34,0,133,66,2,135,9,19,72,107,113,5" hai3="25,86,87,41,22,45,92,91,69,32,97,121,60"/><U40/><E37/><V68/><F72/><W57/><G121/><T81/><D36/><U103/><E110/><V29/><F107/><W10/><G69/><T28/><D28/><U58/><E134/><N who="2" m="51211" /><F47/><W88/><G32/><T99/><D114/><U116/><E116/><V85/><F85/><W44/><G10/><T67/><D81/><U43/><E115/><V109/><F66/><N who="3" m="39183" /><G41/><T104/><D104/><U31/><E103/><V12/><F68/><W124/><G124/><T108/><D108/><U7/><E74/><V123/><F109/><W26/><G97/><T125/><D125/><U14/><E82/><V35/><F113/><W3/><G3/><N who="2" m="1065" /><F29/><N who="3" m="17591" /><G26/><T78/><D78/><U94/><E70/><V55/><F55/><W128/><G128/><T130/><D130/><U105/><E64/><V77/><F77/><W129/><G129/><T83/><D83/><AGARI ba="0,0" hai="44,45,83,86,87,88,91,92" m="17591,39183" machi="83" ten="30,2000,0" yaku="8,1,54,1" doraHai="117" who="3" fromWho="0" sc="224,-20,202,0,108,0,466,20" /><INIT seed="6,0,0,1,2,106" ten="204,202,108,486" oya="2" hai0="85,11,130,105,109,10,68,100,66,125,108,34,72" hai1="27,73,1,67,6,93,91,117,79,128,45,126,132" hai2="51,19,119,131,84,102,37,135,52,74,26,65,28" hai3="101,54,62,43,12,57,124,89,20,3,38,8,88"/><V97/><F119/><W5/><G124/><T53/><D34/><U15/><E117/><V87/><F37/><W59/><G101/><T22/><D85/><U113/><E126/><V75/><F65/><W4/><G38/><T134/><D125/><U56/><E132/><V71/><F71/><W90/><G43/><T115/><D72/><U0/><E67/><V122/><F122/><W31/><G3/><T30/><D134/><U36/><E0/><V120/><F120/><W14/><G59/><T55/><D105/><U24/><E1/><V44/><F19/><N who="3" m="10343" /><G31/><T104/><D130/><U81/><E128/><V2/><F2/><W107/><G107/><T95/><D115/><U96/><E56/><V46/><F46/><W80/><G80/><T94/><D104/><U47/><E113/><V41/><F41/><W92/><G5/><T25/><D55/><U35/><E35/><V112/><F112/><W60/><G60/><N who="0" m="40007" /><D53/><U103/><E103/><V40/><F40/><W21/><G21/><T48/><D95/><AGARI ba="0,0" hai="4,8,14,54,57,62,88,89,90,92,95" m="10343" machi="95" ten="30,2000,0" yaku="8,1,54,1" doraHai="106" who="3" fromWho="0" sc="204,-20,202,0,108,0,486,20" /><INIT seed="7,0,0,2,3,35" ten="184,202,108,506" oya="3" hai0="80,8,18,21,76,77,3,52,44,54,85,36,38" hai1="40,62,25,104,28,91,127,125,81,84,33,103,70" hai2="6,121,88,29,53,116,135,45,41,95,10,90,26" hai3="114,15,107,87,131,130,64,60,68,109,31,100,1"/><W74/><G74/><T59/><D77/><U55/><E40/><V122/><F135/><W73/><G73/><T19/><D44/><U20/><E20/><V106/><F106/><W110/><G1/><T113/><D113/><U67/><E55/><V120/><F116/><W24/><G114/><T118/><D118/><U16/><E16/><V63/><F63/><W134/><G134/><T34/><D34/><U17/><E17/><V108/><F108/><N who="3" m="41579" /><G15/><T115/><D115/><U58/><E58/><V0/><F53/><W132/><G132/><T92/><D92/><U133/><E133/><V13/><F13/><W86/><G100/><T112/><D112/><U101/><E103/><V129/><F129/><N who="3" m="49163" /><G107/><T98/><D3/><U75/><E75/><V71/><F71/><W83/><G83/><T94/><D8/><U99/><AGARI ba="0,0" hai="25,28,33,62,67,70,81,84,91,99,101,104,125,127" machi="99" ten="30,4000,0" yaku="0,1,25,2" doraHai="35" who="1" fromWho="1" sc="184,-10,202,40,108,-10,506,-20" owari="174,-23.0,242,4.0,98,-40.0,486,59.0" /></mjloggm>