<mjloggm ver="2.3"><GO type="169" lobby="0"/><UN n0="%79%6F%6A%6F" n1="%63%68%61%72%6C%69%65%37" n2="%E5%AE%8C%E5%85%A8%E7%84%A1%E6%95%B5%E5%B0%91%E5%A5%B3%44%58" n3="%E3%83%88%E3%83%88%E3%83%AA%E5%85%88%E7%94%9F%31%39%E6%AD%B3" dan="16,17,17,18" rate="2069.98,2192.61,2164.84,2230.94" sx="F,M,F,F"/><TAIKYOKU oya="0"/><INIT seed="0,0,0,1,5,58" ten="250,250,250,250" oya="0" hai0="21,101,16,129,27,61,24,2,32,99,6,36,114" hai1="19,23,65,89,81,102,49,13,22,131,56,118,3" hai2="84,125,72,9,78,80,122,45,53,18,39,55,8" hai3="17,98,50,123,107,4,33,85,97,82,104,130,86"/><T132/><D114/><U105/><E118/><V77/><F122/><W29/><G123/><T70/><D36/><U0/><E131/><V120/><F120/><W40/><G130/><T28/><D129/><U71/><E71/><V52/><F125/><W90/><G4/><T26/><D132/><U37/><E37/><V83/><REACH who="2" step="1"/><F18/><REACH who="2" ten="250,250,240,250" step="2"/><W110/><G17/><T73/><D73/><U10/><E19/><V106/><F106/><W20/><G104/><T124/><D124/><U57/><E105/><V79/><F79/><W66/><G107/><N who="0" m="63935" /><D26/><U115/><E115/><V5/><F5/><W44/><G110/><T116/><D116/><U103/><E3/><V119/><F119/><W60/><G29/><T100/><D6/><U12/><E0/><V11/><F11/><W67/><G33/><T76/><D2/><U59/><E10/><V43/><AGARI ba="0,1" hai="8,9,39,43,45,52,53,55,72,77,78,80,83,84" machi="43" ten="30,7900,0" yaku="1,1,0,1,54,1,53,1" doraHai="58" doraHaiUra="41" who="2" fromWho="2" sc="250,-39,250,-20,240,89,250,-20" /><INIT seed="1,0,0,5,0,70" ten="211,230,329,230" oya="1" hai0="132,134,71,100,5,130,64,80,12,110,31,22,122" hai1="15,23,54,37,84,128,124,111,97,85,42,89,53" hai2="99,50,69,113,93,106,25,20,55,33,6,2,94" hai3="35,3,59,10,123,103,104,108,48,49,88,133,129"/><U105/><E124/><V72/><F69/><W47/><G123/><T28/><D110/><U120/><E120/><V76/><F33/><W118/><G35/><T38/><D122/><U13/><E128/><V107/><F94/><W18/><G129/><T62/><D130/><U78/><E111/><V56/><F113/><W92/><G118/><T101/><D80/><U63/><E78/><V30/><F6/><W87/><G108/><T16/><D38/><U46/><E85/><V82/><REACH who="2" step="1"/><F2/><REACH who="2" ten="211,230,319,230" step="2"/><W90/><G3/><T39/><D5/><U51/><E105/><V102/><AGARI ba="0,1" hai="20,25,30,50,55,56,72,76,82,93,99,102,106,107" machi="102" ten="20,5200,0" yaku="1,1,2,1,0,1,7,1,53,0" doraHai="70" doraHaiUra="58" who="2" fromWho="2" sc="211,-13,230,-26,319,62,230,-13" /><INIT seed="2,0,0,4,1,111" ten="198,204,381,217" oya="2" hai0="40,66,57,36,38,49,110,96,44,32,74,26,55" hai1="76,60,135,81,67,94,91,92,83,12,9,79,101" hai2="50,133,99,108,30,75,122,15,2,65,47,128,37" hai3="117,34,52,90,129,25,130,8,3,102,27,14,72"/><V71/><F2/><W39/><G117/><T95/><D74/><U0/><E0/><V70/><F75/><W131/><G39/><T59/><D110/><U78/><E135/><V100/><F37/><W56/><G3/><T93/><D38/><U1/><E1/><V118/><F118/><W33/><G72/><T119/><D119/><U132/><E101/><V42/><F122/><W35/><G90/><T41/><D41/><U85/><E94/><V4/><F65/><W17/><REACH who="3" step="1"/><G102/><REACH who="3" ten="198,204,381,207" step="2"/><T68/><D36/><U51/><E132/><V116/><F133/><W23/><G23/><T112/><D32/><U121/><E121/><V88/><F116/><W58/><G58/><T86/><D59/><N who="1" m="37279" /><E51/><AGARI ba="0,1" hai="8,14,17,25,27,33,34,35,51,52,56,129,130,131" machi="51" ten="50,6400,0" yaku="1,1,19,1,54,1,53,0" doraHai="111" doraHaiUra="69" who="3" fromWho="1" sc="198,0,204,-64,381,0,207,74" /><INIT seed="3,0,0,3,2,88" ten="198,140,381,281" oya="3" hai0="49,27,111,121,100,41,0,67,112,128,18,127,43" hai1="40,12,66,80,78,10,129,17,62,4,124,77,70" hai2="107,30,114,85,32,82,20,31,69,134,119,61,89" hai3="86,33,34,120,3,105,48,22,73,132,24,42,116"/><W92/><G116/><T68/><D121/><U21/><E129/><V11/><F107/><W56/><G120/><T125/><D0/><U46/><E124/><N who="0" m="47689" /><D128/><U1/><REACH who="1" step="1"/><E80/><REACH who="1" ten="198,130,381,281" step="2"/><V36/><F82/><W35/><G132/><T123/><D123/><U94/><E94/><V44/><F134/><W131/><G131/><T98/><D112/><U16/><E16/><V71/><F114/><W95/><G105/><T130/><D130/><U117/><E117/><V108/><F119/><W9/><G95/><T6/><D18/><U109/><E109/><V26/><F108/><W115/><G115/><T96/><D111/><U47/><E47/><V52/><F44/><W14/><G92/><T55/><D98/><U29/><E29/><V84/><F31/><W103/><G35/><T58/><D6/><U65/><E65/><V38/><F32/><W8/><G34/><T97/><D97/><U7/><E7/><V79/><F30/><W59/><G33/><T28/><D96/><U91/><E91/><V99/><F89/><W25/><G103/><T118/><D100/><U75/><E75/><V37/><F99/><W93/><G73/><T110/><D110/><U101/><E101/><V126/><F126/><W81/><G93/><T106/><D106/><U63/><E63/><V76/><F76/><W104/><G104/><T133/><D133/><U5/><E5/><V83/><F85/><W51/><G86/><T39/><D118/><U74/><E74/><V57/><F84/><W45/><G81/><T135/><D135/><U54/><E54/><V13/><F83/><W90/><G90/><RYUUKYOKU ba="0,1" sc="198,-10,130,30,381,-10,281,-10" hai1="1,4,10,12,17,21,40,46,62,66,70,77,78" /><INIT seed="4,1,1,1,0,117" ten="188,160,371,271" oya="0" hai0="97,2,6,38,30,27,52,55,44,59,98,60,47" hai1="80,62,129,125,8,121,36,15,4,112,9,116,35" hai2="70,17,12,107,71,29,72,49,69,41,75,106,101" hai3="96,74,119,135,31,77,61,22,28,94,16,124,68"/><T23/><D38/><U3/><E116/><V86/><F29/><W100/><G119/><T40/><D40/><U24/><E36/><V65/><F65/><W56/><G68/><T46/><REACH who="0" step="1"/><D55/><REACH who="0" ten="178,160,371,271" step="2"/><U11/><E125/><V50/><F41/><W102/><G124/><T21/><D21/><U134/><E134/><V130/><F50/><W93/><G135/><T26/><D26/><U73/><E129/><V39/><F49/><W78/><G74/><T95/><D95/><U131/><E131/><V5/><F39/><W132/><G132/><T19/><D19/><U118/><E118/><V90/><F75/><W89/><G31/><T104/><D104/><U127/><E127/><V43/><F43/><W57/><G28/><T76/><D76/><U126/><E126/><V87/><F107/><W1/><G78/><T103/><D103/><U48/><E73/><V14/><F101/><W0/><G77/><T110/><D110/><U115/><E48/><V91/><F106/><W34/><G34/><T53/><D53/><U42/><E42/><V54/><F54/><N who="3" m="33943" /><G102/><T82/><D82/><U108/><E80/><V123/><F72/><W122/><G100/><T79/><D79/><U33/><E108/><V120/><F130/><W18/><G94/><T113/><D113/><N who="1" m="43595" /><E24/><V88/><F17/><N who="3" m="6763" /><G22/><T63/><D63/><U13/><E62/><V109/><F109/><W84/><G93/><T45/><N who="0" m="11264" /><DORA hai="105" /><T81/><D81/><U25/><E25/><V133/><F133/><W92/><G92/><T99/><D99/><U85/><E33/><V58/><F86/><W114/><G84/><RYUUKYOKU ba="1,2" sc="178,30,160,-10,371,-10,271,-10" hai0="2,6,23,27,30,52,59,60,97,98" /><INIT seed="4,2,2,2,2,15" ten="208,150,361,261" oya="0" hai0="66,135,94,74,121,20,131,54,31,35,100,44,8" hai1="14,47,5,63,28,76,113,89,125,86,107,73,58" hai2="97,2,105,36,60,45,19,133,106,57,39,61,24" hai3="116,22,72,91,129,130,62,99,10,18,34,126,92"/><T43/><D121/><U56/><E107/><V124/><F2/><W120/><G116/><T49/><D74/><U33/><E125/><V110/><F110/><W1/><G126/><T101/><D35/><U37/><E76/><V38/><F133/><W81/><G34/><T27/><D135/><U12/><E73/><V25/><F57/><W9/><G120/><T42/><D131/><N who="3" m="50185" /><G1/><T134/><D134/><U127/><E127/><V128/><F45/><W4/><G4/><T88/><D66/><U85/><E28/><V115/><F115/><W16/><G18/><T52/><D8/><U30/><E30/><V118/><F19/><W7/><G7/><T104/><D104/><N who="2" m="40042" /><F97/><W108/><G108/><T98/><REACH who="0" step="1"/><D54/><REACH who="0" ten="198,150,361,261" step="2"/><U55/><E33/><V111/><F128/><W65/><G72/><T83/><D83/><U117/><E117/><V132/><F118/><W29/><G81/><T80/><D80/><U71/><E55/><V123/><F124/><W93/><G93/><T95/><D95/><U3/><E113/><V79/><F123/><W32/><G32/><T109/><D109/><U69/><E69/><V77/><F111/><W87/><G10/><T68/><D68/><U59/><E71/><V67/><F67/><W103/><G9/><T40/><AGARI ba="2,3" hai="20,27,31,40,42,43,44,49,52,88,94,98,100,101" machi="40" ten="30,18000,2" yaku="1,1,0,1,8,1,54,2,53,1" doraHai="15" doraHaiUra="41" who="0" fromWho="0" sc="198,216,150,-62,361,-62,261,-62" /><INIT seed="4,3,0,3,3,0" ten="414,88,299,199" oya="0" hai0="89,52,83,72,84,30,7,49,21,41,42,128,109" hai1="102,121,53,51,112,80,3,46,92,82,56,38,23" hai2="37,12,99,58,118,36,106,132,59,50,71,96,34" hai3="90,116,103,129,100,29,122,5,61,14,87,111,117"/><T130/><D109/><U60/><E3/><V131/><F71/><W93/><G111/><T54/><D72/><U10/><E121/><V47/><F34/><W6/><G129/><N who="0" m="49771" /><D7/><N who="3" m="2569" /><G117/><T98/><D98/><U115/><E10/><V74/><F74/><W79/><G116/><T45/><D42/><U126/><E23/><V88/><F37/><W113/><G122/><T101/><D101/><N who="3" m="38985" /><G113/><N who="1" m="43594" /><E38/><V4/><F36/><W27/><G79/><T108/><D108/><U105/><E105/><V15/><F106/><W48/><G14/><T40/><D40/><N who="1" m="25031" /><E126/><V104/><F15/><W81/><G48/><T13/><D13/><U66/><E66/><V22/><F104/><W35/><G35/><T2/><D2/><U70/><E70/><V63/><F12/><W110/><G110/><T86/><D49/><U43/><E43/><V69/><F50/><W76/><G61/><T78/><D41/><U135/><E135/><V67/><F63/><W32/><G32/><T85/><D45/><U28/><E28/><V77/><F47/><W33/><G33/><T95/><D30/><U120/><E120/><V19/><F69/><W65/><G65/><T1/><D1/><U26/><E26/><V68/><F67/><W124/><G124/><T18/><D78/><U62/><E62/><V127/><F77/><W125/><G125/><T8/><D8/><U24/><E24/><V39/><F68/><W17/><G29/><T134/><D134/><U133/><E133/><V94/><F132/><W16/><G27/><N who="0" m="14775" /><D83/><U25/><E25/><V97/><F131/><W91/><G76/><T73/><D73/><RYUUKYOKU ba="3,0" sc="414,10,88,10,299,-30,199,10" hai0="52,54,84,85,86,89,95" hai1="53,56,60,80,82,92,102" hai3="16,17,81,87,90,91,93" /><INIT seed="4,4,0,4,0,85" ten="424,98,269,209" oya="0" hai0="73,15,109,92,127,9,49,8,64,78,71,118,1" hai1="129,89,41,35,13,2,18,26,80,54,134,95,115" hai2="20,126,25,128,38,106,110,86,99,76,65,51,27" hai3="84,101,119,39,83,82,50,102,112,24,94,10,67"/><T56/><D118/><U46/><E2/><V23/><F38/><W58/><G119/><T43/><D1/><U63/><E129/><V57/><F110/><W4/><G39/><T36/><D78/><U3/><E3/><V6/><F6/><W116/><G116/><T74/><D127/><U72/><E134/><V108/><F108/><W0/><G112/><T130/><D130/><U5/><E5/><V87/><F126/><W21/><G94/><T62/><D9/><U96/><E115/><V132/><F132/><W98/><G98/><T114/><D92/><U7/><E7/><V105/><F76/><W22/><G22/><T37/><D37/><U100/><E72/><V33/><F33/><W91/><G83/><T12/><D12/><U77/><E35/><V79/><F79/><W42/><G67/><T48/><D48/><U113/><E26/><V16/><F99/><W70/><G70/><T104/><D104/><U121/><E121/><V111/><F111/><W59/><G59/><T47/><D114/><U40/><E113/><V97/><F97/><W122/><G122/><T133/><D133/><U125/><E125/><V131/><F131/><W60/><G50/><T93/><D109/><U135/><E135/><V103/><F106/><W117/><G42/><T90/><D43/><U19/><E77/><V124/><F124/><W45/><G117/><T52/><D36/><U53/><E41/><V69/><F128/><W28/><G45/><T61/><D47/><U11/><E63/><N who="2" m="40127" /><F105/><W32/><G32/><T55/><D61/><U120/><E120/><V31/><F103/><RYUUKYOKU ba="4,0" sc="424,-15,98,-15,269,15,209,15" hai2="16,20,23,25,27,31,51,57,86,87" hai3="0,4,10,21,24,28,58,60,82,84,91,101,102" /><INIT seed="5,5,0,1,4,28" ten="409,83,284,224" oya="1" hai0="122,47,69,132,2,95,53,1,56,80,32,124,50" hai1="113,15,16,52,17,13,94,78,105,25,4,54,22" hai2="92,7,6,135,75,72,0,73,84,110,18,65,121" hai3="21,87,134,41,98,57,131,26,133,81,103,68,86"/><U115/><E105/><V106/><F106/><N who="3" m="63863" /><G68/><T126/><D32/><U82/><E94/><V130/><F110/><W128/><G41/><T127/><D132/><N who="3" m="50793" /><G57/><T42/><D122/><U107/><E107/><V10/><F121/><W36/><G36/><N who="0" m="21959" /><D69/><U76/><E4/><V9/><F130/><N who="3" m="49707" /><G81/><T59/><D80/><U40/><E40/><V58/><F18/><AGARI ba="5,0" hai="18,21,26,86,87" m="49707,50793,63863" machi="18" ten="30,2000,0" yaku="20,1,19,1" doraHai="28" who="3" fromWho="2" sc="409,0,83,0,284,-35,224,35" /><INIT seed="6,0,0,4,2,20" ten="409,83,249,259" oya="2" hai0="97,80,2,22,100,112,52,92,122,117,83,43,107" hai1="42,116,126,34,21,45,48,105,40,110,123,69,31" hai2="3,54,30,109,108,74,9,119,124,36,39,130,10" hai3="134,84,33,87,127,17,106,81,99,8,132,75,104"/><V65/><F119/><W88/><G33/><T62/><D122/><U61/><E123/><V86/><F74/><W73/><G17/><T7/><D43/><U47/><E116/><V101/><F65/><W111/><G8/><N who="2" m="3177" /><F3/><W35/><G35/><T1/><D7/><U63/><E105/><N who="3" m="40554" /><G111/><T46/><D112/><U32/><E110/><N who="2" m="42603" /><F101/><W51/><G51/><T24/><D1/><U37/><E126/><V15/><F15/><W89/><G99/><T72/><D72/><N who="3" m="27721" /><G127/><T133/><D2/><U85/><E85/><V57/><F130/><W16/><G16/><T102/><D102/><U4/><E4/><V114/><F114/><W93/><AGARI ba="0,0" hai="81,84,87,88,89,93,132,134" m="27721,40554" machi="93" ten="40,5200,0" yaku="34,2,54,1" doraHai="20" who="3" fromWho="3" sc="409,-13,83,-13,249,-26,259,52" /><INIT seed="7,0,0,3,1,77" ten="396,70,223,311" oya="3" hai0="81,104,3,112,17,131,78,18,43,16,15,51,82" hai1="35,86,107,118,126,41,71,108,56,94,121,122,31" hai2="59,19,12,20,87,62,130,110,53,66,26,115,9" hai3="132,79,7,105,84,89,61,90,109,114,129,113,27"/><W103/><G129/><T70/><D70/><U123/><E31/><V120/><F115/><N who="3" m="44043" /><G7/><T46/><D112/><U74/><E56/><V34/><F110/><W48/><G109/><T68/><D3/><U124/><E41/><V96/><F130/><W128/><G128/><T8/><D68/><U97/><E35/><V0/><F96/><N who="3" m="61671" /><G61/><T73/><D131/><U42/><E42/><V14/><F120/><N who="1" m="30721" /><U60/><DORA hai="36" /><E60/><V92/><F34/><W111/><G111/><T83/><D104/><U54/><E54/><V23/><F0/><W5/><G5/><T38/><D38/><U98/><E71/><V28/><F14/><W135/><G48/><T39/><D39/><U133/><E74/><V76/><F9/><W1/><G27/><T22/><D18/><U99/><E108/><V55/><F66/><W117/><G117/><T69/><D69/><U58/><E58/><V75/><F55/><W127/><G127/><N who="1" m="48682" /><E118/><V125/><F125/><W116/><G116/><T32/><D32/><U64/><E64/><V57/><F57/><W40/><G40/><T88/><D88/><N who="3" m="33897" /><G1/><T45/><D45/><U44/><E44/><V21/><F62/><W65/><G65/><T67/><D67/><U95/><E107/><V119/><F119/><W102/><G102/><T47/><D47/><U6/><E6/><V24/><F53/><W37/><G37/><T13/><AGARI ba="0,0" hai="8,13,15,16,17,22,43,46,51,73,78,81,82,83" machi="13" ten="20,12000,2" yaku="0,1,7,1,52,4,54,1" doraHai="77,36" who="0" fromWho="0" sc="396,120,70,-30,223,-30,311,-60" owari="516,62.0,40,-46.0,193,-21.0,251,5.0" /></mjloggm>