<mjloggm ver="2.3"><GO type="169" lobby="0"/><UN n0="%E6%97%A5%E6%9B%9C%E6%97%A5%E3%82%88%E3%82%8A%E3%81%AE%E4%BD%BF%E8%80%85" n1="%E3%81%AD%E3%82%8A%E3%82%B4%E3%83%9E" n2="%E3%81%86%E3%81%8D%E3%81%A7%E3%82%93" n3="%E3%82%A6%E3%83%AB%E3%83%88%E3%83%A9%E7%AB%8B%E7%9B%B4" dan="16,16,17,17" rate="2159.61,2098.22,2230.80,2180.84" sx="M,M,M,M"/><TAIKYOKU oya="0"/><INIT seed="0,0,0,4,2,89" ten="250,250,250,250" oya="0" hai0="17,79,58,32,130,123,87,55,3,67,12,65,25" hai1="124,8,44,113,106,45,102,82,84,90,107,112,93" hai2="63,118,56,68,23,14,1,120,110,66,86,135,29" hai3="20,19,18,42,52,4,62,49,33,26,57,88,5"/><T0/><D123/><U122/><E122/><V9/><F120/><W38/><G33/><T83/><D130/><U77/><E8/><V34/><F110/><W69/><G19/><T46/><D46/><U81/><E44/><V119/><F135/><W98/><G38/><T134/><D134/><U126/><E45/><V103/><F103/><W41/><G69/><T64/><D25/><U47/><E47/><V131/><F131/><W100/><G100/><T80/><D80/><N who="1" m="30827" /><E77/><V116/><F86/><W128/><G49/><T13/><D32/><U71/><E71/><V127/><F127/><N who="1" m="48681" /><E102/><V40/><F40/><N who="3" m="15467" /><G128/><T105/><D105/><AGARI ba="0,0" hai="84,90,93,105,106,107,112,113" m="48681,30827" machi="105" ten="40,8000,1" yaku="18,1,34,2,52,1" doraHai="89" who="1" fromWho="0" sc="250,-80,250,80,250,0,250,0" /><INIT seed="1,0,0,5,3,34" ten="170,330,250,250" oya="1" hai0="17,127,82,13,73,32,75,135,80,98,63,10,108" hai1="129,28,60,83,113,88,95,90,55,110,1,18,40" hai2="47,122,6,132,37,78,81,71,117,27,79,0,23" hai3="26,43,14,44,115,21,15,85,77,133,49,120,12"/><U19/><E113/><V36/><F117/><W22/><G120/><T70/><D32/><U109/><E1/><V8/><F122/><W94/><G115/><T61/><D108/><N who="1" m="41579" /><E129/><V62/><F132/><W126/><G126/><T16/><D127/><U52/><E28/><V30/><F47/><W29/><G133/><T74/><D135/><U100/><E40/><V84/><REACH who="2" step="1"/><F78/><REACH who="2" ten="170,330,240,250" step="2"/><W91/><REACH who="3" step="1"/><G77/><REACH who="3" ten="170,330,240,240" step="2"/><T39/><D39/><U57/><E100/><V3/><F3/><W58/><G58/><T2/><D2/><U97/><E55/><V101/><F101/><W46/><G46/><T118/><D118/><U124/><E124/><V116/><F116/><W4/><G4/><T59/><D70/><U54/><E54/><V33/><F33/><AGARI ba="0,2" hai="12,14,15,21,22,26,29,33,43,44,49,85,91,94" machi="33" ten="40,1300,0" yaku="1,1,53,0" doraHai="34" doraHaiUra="93" who="3" fromWho="2" sc="170,0,330,0,240,-13,240,33" /><INIT seed="2,0,0,0,0,116" ten="170,330,227,273" oya="2" hai0="109,126,33,78,88,97,114,82,52,72,66,92,18" hai1="51,123,39,20,89,0,119,10,125,9,45,104,93" hai2="134,46,86,67,80,4,29,76,83,54,74,22,30" hai3="127,96,132,12,95,113,73,26,28,91,1,31,118"/><V101/><F134/><W121/><G1/><T112/><D33/><U135/><E119/><V17/><F4/><W34/><G118/><T53/><D109/><U56/><E104/><V35/><F67/><W21/><G73/><T40/><D126/><U49/><E125/><V98/><F35/><W3/><G3/><T7/><D7/><U105/><E105/><V111/><F111/><W59/><G127/><T6/><D6/><U94/><E135/><V37/><F37/><W23/><G132/><T133/><D133/><U84/><E39/><V16/><F46/><W58/><G113/><T117/><D117/><U70/><E70/><V129/><F129/><W44/><G121/><T69/><D40/><U48/><E0/><V11/><F54/><W38/><G34/><T25/><D66/><U107/><E107/><V102/><F11/><W124/><G124/><T14/><D25/><U47/><E56/><V62/><F62/><W5/><G44/><N who="1" m="16970" /><E20/><V115/><F115/><W71/><G71/><T79/><D69/><U106/><E106/><N who="2" m="63799" /><F102/><W90/><G38/><T103/><D114/><U42/><E42/><V32/><F32/><W15/><G5/><T130/><D112/><U110/><E110/><V100/><F100/><W50/><G50/><T19/><D130/><U77/><E77/><N who="0" m="29193" /><D103/><U60/><E60/><V64/><F64/><W108/><G108/><T55/><D14/><N who="3" m="5161" /><G21/><T43/><D43/><U75/><E75/><V120/><F22/><W63/><G31/><N who="2" m="11785" /><F120/><W61/><G91/><N who="0" m="55455" /><D72/><U24/><E123/><V36/><F36/><W8/><G8/><N who="1" m="3178" /><E24/><V85/><F74/><RYUUKYOKU ba="0,0" sc="170,0,330,0,227,0,273,0" hai0="18,19,52,53,55,82,88" hai1="48,49,51,84,89,93,94" hai2="16,17,76,80,83,85,86" hai3="23,26,28,58,59,61,63,90,95,96" /><INIT seed="2,1,0,0,4,89" ten="170,330,227,273" oya="2" hai0="61,23,72,19,60,113,29,66,2,49,101,52,107" hai1="20,133,95,41,120,112,90,67,6,69,44,79,11" hai2="36,134,34,3,59,15,45,94,99,16,71,57,30" hai3="18,102,33,47,48,115,126,74,43,85,128,39,22"/><V135/><F3/><W37/><G74/><T13/><D113/><U28/><E112/><V83/><F71/><W65/><G33/><T25/><D72/><U118/><E120/><V130/><F83/><W56/><G115/><T103/><D2/><U54/><E118/><V14/><F130/><W108/><G128/><T38/><D38/><U68/><E133/><N who="2" m="50699" /><F34/><W17/><G108/><T64/><D64/><U0/><E54/><V88/><F30/><W51/><G126/><T86/><D86/><U26/><E67/><V12/><F16/><W106/><G17/><T35/><D107/><U50/><E79/><V97/><F97/><AGARI ba="1,0" hai="0,6,11,20,26,28,41,44,50,68,69,90,95,97" machi="97" ten="30,2000,0" yaku="7,1,52,1" doraHai="89" who="1" fromWho="2" sc="170,0,330,23,227,-23,273,0" /><INIT seed="3,0,0,1,5,127" ten="170,353,204,273" oya="3" hai0="55,112,32,89,37,59,50,5,1,52,45,61,85" hai1="110,66,97,114,131,51,75,121,86,7,122,134,106" hai2="116,77,21,117,58,53,80,96,123,16,2,44,79" hai3="14,84,129,17,63,19,12,49,100,91,23,76,101"/><W83/><G129/><T33/><D37/><U0/><E75/><V132/><F132/><W67/><G76/><T95/><REACH who="0" step="1"/><D112/><REACH who="0" ten="160,353,204,273" step="2"/><U10/><E114/><V72/><F116/><W31/><G31/><T60/><D60/><U40/><E134/><V103/><F117/><W104/><G104/><T18/><D18/><U82/><E106/><V3/><F123/><W99/><G49/><T126/><D126/><U130/><E122/><V68/><F68/><W98/><G101/><T87/><D87/><U43/><E121/><V88/><F79/><W4/><G100/><T92/><D92/><U57/><E51/><V128/><F16/><W27/><G4/><T36/><D36/><U115/><E115/><V90/><F103/><W71/><REACH who="3" step="1"/><G27/><REACH who="3" ten="160,353,204,263" step="2"/><T54/><D54/><U48/><E48/><V94/><F53/><W8/><AGARI ba="0,2" hai="8,12,14,17,19,23,63,67,71,83,84,91,98,99" machi="8" ten="20,7800,0" yaku="1,1,2,1,0,1,7,1,53,0" doraHai="127" doraHaiUra="74" who="3" fromWho="3" sc="160,-26,353,-26,204,-26,263,98" /><INIT seed="3,1,0,5,5,123" ten="134,327,178,361" oya="3" hai0="107,58,103,10,71,44,5,102,31,97,86,100,110" hai1="128,54,94,87,108,29,50,30,56,117,118,51,53" hai2="48,70,22,104,80,11,42,115,98,89,119,109,35" hai3="36,26,68,85,134,92,130,27,45,6,57,105,81"/><W1/><G105/><T13/><D71/><U122/><E122/><V77/><F115/><W75/><G68/><T15/><D31/><U95/><E87/><V38/><F35/><W4/><G130/><T40/><D110/><U74/><E74/><V33/><F33/><W114/><G114/><T60/><D86/><U127/><E127/><V69/><F119/><W83/><G134/><T19/><D15/><U73/><E73/><V64/><F22/><W120/><G120/><T24/><D24/><U63/><E63/><V88/><F38/><W72/><G85/><T112/><D19/><U25/><E25/><V116/><F109/><W43/><G92/><N who="1" m="35370" /><E128/><V49/><F116/><N who="1" m="44649" /><E108/><V62/><F70/><W93/><G93/><T131/><D112/><U132/><E132/><V0/><F98/><W18/><G81/><T7/><D7/><U3/><E3/><V84/><F104/><W46/><G6/><T76/><D76/><U21/><E21/><V113/><F113/><W82/><G18/><T96/><D131/><U79/><E79/><V12/><F0/><W65/><G82/><T125/><D125/><U67/><E67/><V135/><F135/><W32/><G27/><T124/><D124/><U129/><E129/><V66/><F66/><W34/><G26/><T90/><D90/><U23/><E23/><V14/><F14/><W78/><G72/><T39/><REACH who="0" step="1"/><D96/><REACH who="0" ten="124,327,178,361" step="2"/><U121/><E121/><V2/><F2/><W47/><G32/><T17/><D17/><U133/><E133/><V126/><F126/><W111/><G34/><T61/><D61/><U59/><AGARI ba="1,1" hai="29,30,50,51,53,54,56,59" m="44649,35370" machi="59" ten="30,2000,0" yaku="5,1,12,1" doraHai="123" who="1" fromWho="1" sc="124,-6,327,33,178,-6,361,-11" /><INIT seed="4,0,0,0,1,5" ten="118,360,172,350" oya="0" hai0="97,81,91,86,68,122,10,59,4,108,98,43,29" hai1="9,118,72,42,73,115,100,84,94,134,63,45,71" hai2="15,41,58,106,74,88,12,18,20,13,125,37,55" hai3="60,128,83,79,124,111,76,114,132,101,36,129,8"/><T80/><D68/><U127/><E118/><V26/><F125/><W39/><G101/><T23/><D122/><U57/><E127/><V61/><F74/><W11/><G124/><T67/><D43/><U78/><E71/><V131/><F131/><W52/><G111/><T49/><D108/><U82/><E134/><V17/><F106/><W109/><G109/><T14/><D81/><U66/><E115/><V85/><F37/><W70/><G114/><T112/><D112/><U46/><E46/><V69/><F69/><W47/><G70/><T2/><D2/><U123/><E123/><V103/><F103/><W6/><G6/><T89/><D89/><U120/><E120/><V96/><F41/><W107/><G107/><T33/><D33/><U28/><E28/><N who="2" m="17479" /><F96/><W113/><G113/><T77/><D91/><U126/><E126/><V30/><F30/><W44/><G132/><T35/><D35/><U116/><E116/><V99/><F99/><W50/><G83/><AGARI ba="0,0" hai="12,13,15,17,18,55,58,61,83,85,88" m="17479" machi="83" ten="30,2000,0" yaku="8,1,54,1" doraHai="5" who="2" fromWho="3" sc="118,0,360,0,172,20,350,-20" /><INIT seed="5,0,0,2,1,22" ten="118,360,192,330" oya="1" hai0="37,44,24,25,122,18,97,73,13,102,26,16,7" hai1="94,83,116,48,76,103,41,92,64,134,68,109,46" hai2="132,99,130,27,75,86,32,93,50,15,69,114,117" hai3="125,124,71,123,67,127,63,129,43,21,120,20,101"/><U88/><E116/><V98/><F117/><W30/><G129/><T77/><D122/><U107/><E134/><V66/><F75/><W82/><G101/><T95/><D73/><U5/><E109/><V121/><F121/><N who="3" m="46667" /><G43/><T85/><D37/><U23/><E107/><V111/><F111/><W78/><G30/><T112/><D44/><U14/><E103/><V35/><F114/><W12/><G12/><T79/><D112/><U61/><E88/><V55/><F130/><W108/><G108/><T65/><D65/><U135/><E135/><V17/><F69/><W126/><N who="3" m="31744" /><DORA hai="49" /><W53/><G53/><T89/><D7/><U100/><E100/><V45/><F66/><W34/><G34/><T6/><D6/><U52/><E41/><V80/><F35/><W72/><AGARI ba="0,0" hai="20,21,63,67,71,72,78,82" m="31744,46667" machi="72" ten="60,2000,0" yaku="18,1" doraHai="22,49" who="3" fromWho="3" sc="118,-5,360,-10,192,-5,330,20" /><INIT seed="6,0,0,0,0,107" ten="113,350,187,350" oya="2" hai0="96,3,115,72,92,78,88,86,85,94,104,116,99" hai1="2,4,132,121,127,28,64,79,7,80,126,8,29" hai2="66,13,113,27,76,90,118,106,5,63,26,133,11" hai3="36,15,54,0,129,41,111,21,25,45,134,38,51"/><V46/><F118/><W53/><G0/><T9/><D3/><U67/><E132/><V12/><F133/><W33/><G33/><T102/><D9/><U124/><E4/><V48/><F113/><W123/><G134/><T83/><D115/><U35/><E121/><V68/><F106/><W62/><G123/><T65/><D65/><N who="1" m="25163" /><E35/><V105/><F105/><W100/><G100/><N who="0" m="60423" /><D116/><U77/><E77/><V6/><F76/><W24/><G129/><T42/><D42/><U40/><E40/><V98/><F6/><W119/><G111/><T32/><D32/><U37/><E37/><V1/><F1/><W31/><G38/><T114/><D114/><U125/><N who="1" m="31744" /><DORA hai="101" /><U71/><E71/><V108/><F108/><W89/><G36/><T18/><D18/><U74/><AGARI ba="0,0" hai="2,7,8,28,29,74,79,80" m="31744,25163" machi="74" ten="60,4000,0" yaku="18,1,52,1" doraHai="107,101" who="1" fromWho="1" sc="113,-10,350,40,187,-20,350,-10" /><INIT seed="7,0,0,3,3,29" ten="103,390,167,340" oya="3" hai0="91,81,34,130,61,39,88,3,103,95,2,72,75" hai1="18,45,108,96,27,79,7,84,110,87,32,119,59" hai2="90,1,40,55,11,133,15,105,111,19,114,5,115" hai3="52,78,33,24,30,65,128,135,31,35,116,93,131"/><W117/><G65/><T129/><D39/><U50/><E119/><N who="3" m="45642" /><G78/><T44/><D44/><U41/><E108/><V53/><F133/><W85/><G52/><T80/><D61/><U97/><E110/><V67/><F111/><W100/><G85/><N who="1" m="32842" /><E32/><N who="3" m="12362" /><G135/><T58/><D34/><U98/><E7/><V89/><F105/><W71/><G71/><T62/><D62/><U38/><E38/><V113/><F40/><W125/><G125/><T92/><REACH who="0" step="1"/><D103/><REACH who="0" ten="93,390,167,340" step="2"/><U122/><E122/><V74/><F67/><W20/><G100/><T77/><D77/><U120/><E120/><V70/><F70/><W102/><G102/><T94/><D94/><U123/><E123/><V51/><F115/><W134/><G93/><T17/><D17/><U132/><E132/><V12/><F114/><W21/><G134/><T57/><AGARI ba="0,1" hai="2,3,57,58,72,75,80,81,88,91,92,95,129,130" machi="57" ten="25,12000,2" yaku="1,1,0,1,22,2,54,1,53,2" doraHai="29" doraHaiUra="124" who="0" fromWho="0" sc="93,130,390,-30,167,-30,340,-60" owari="223,-18.0,360,46.0,137,-36.0,280,8.0" /></mjloggm>