<mjloggm ver="2.3"><GO type="169" lobby="0"/><UN n0="%E7%A5%9E%E6%AD%A6%E3%83%A9%E3%83%92%E3%83%8A%E3%83%BC" n1="%E3%82%A6%E3%83%AB%E3%83%88%E3%83%A9%E7%AB%8B%E7%9B%B4" n2="%4A%65%66%66" n3="%55%73%6F%70%70%79" dan="16,17,16,16" rate="2187.30,2134.27,2064.20,2041.64" sx="M,M,F,M"/><TAIKYOKU oya="0"/><INIT seed="0,0,0,0,1,80" ten="250,250,250,250" oya="0" hai0="103,60,76,93,117,16,89,68,17,95,8,56,6" hai1="46,63,102,100,91,19,101,65,107,118,27,3,94" hai2="11,42,36,32,86,122,18,96,116,45,62,87,49" hai3="1,59,119,64,35,78,33,66,61,73,13,14,9"/><T125/><D117/><U90/><E3/><V128/><F32/><W28/><G1/><T58/><D125/><U97/><E118/><V24/><F122/><W23/><G35/><T34/><D68/><U84/><E46/><V135/><F116/><W55/><G33/><T67/><D34/><U50/><E50/><V72/><F72/><W81/><G119/><T134/><D134/><U82/><E27/><V85/><F135/><W7/><G28/><T31/><D76/><U88/><E19/><V53/><F128/><W104/><G104/><T110/><D31/><U121/><E121/><V70/><F96/><W38/><G38/><T2/><D110/><U15/><E15/><V44/><F70/><W12/><G12/><N who="0" m="5143" /><D58/><N who="1" m="37111" /><E107/><V20/><F62/><W124/><G124/><T22/><D22/><U52/><E52/><V5/><REACH who="2" step="1"/><F85/><REACH who="2" ten="250,250,240,250" step="2"/><N who="3" m="48311" /><G61/><T129/><D129/><U114/><E114/><V131/><F131/><W111/><G73/><T130/><D130/><U112/><E112/><V77/><F77/><AGARI ba="0,1" hai="77,82,84,88,90,91,94,97,100,101,102" m="37111" machi="77" ten="30,3900,0" yaku="8,1,52,1,54,1" doraHai="80" who="1" fromWho="2" sc="250,0,250,49,240,-39,250,0" /><INIT seed="1,0,0,1,4,123" ten="250,299,201,250" oya="1" hai0="96,36,126,41,119,86,35,23,51,0,134,44,125" hai1="108,1,38,117,118,115,101,18,32,103,132,42,105" hai2="55,72,26,81,31,133,34,11,21,92,5,87,70" hai3="74,89,24,39,84,131,29,97,58,27,127,67,48"/><U88/><E32/><V107/><F107/><W7/><G39/><T71/><D119/><U33/><E33/><V53/><F70/><W2/><G74/><T79/><D35/><U68/><E1/><V110/><F110/><W57/><G2/><T69/><D0/><U63/><E115/><V43/><F133/><W3/><G3/><T121/><D121/><U90/><E42/><V16/><F43/><W8/><G97/><T9/><D134/><U94/><E38/><V54/><F72/><W112/><G67/><T17/><D9/><U106/><E18/><V45/><F92/><W60/><G48/><T116/><D96/><U4/><E4/><V50/><F5/><W104/><G8/><T64/><D116/><N who="1" m="44651" /><E63/><V114/><F114/><W80/><G60/><T10/><D10/><U120/><E68/><V91/><F34/><W130/><G7/><T95/><D36/><U20/><E20/><V59/><F59/><W100/><G58/><T37/><D37/><U19/><E19/><V47/><F47/><W22/><G57/><T83/><D95/><U49/><E49/><V61/><F61/><W111/><G22/><T56/><D56/><U30/><E30/><V25/><F25/><W109/><G24/><N who="0" m="14447" /><D64/><U128/><E132/><V77/><F77/><W66/><G66/><T76/><D79/><U40/><E120/><V73/><F73/><W13/><G13/><AGARI ba="0,0" hai="11,13,16,21,26,31,45,50,53,54,55,81,87,91" machi="13" ten="40,8000,1" yaku="25,2,8,1,54,1" doraHai="123" who="2" fromWho="3" sc="250,0,299,0,201,80,250,-80" /><INIT seed="2,0,0,2,0,70" ten="250,299,281,170" oya="2" hai0="122,11,95,10,55,34,41,23,93,75,96,80,52" hai1="45,92,63,135,88,71,30,76,37,14,91,13,48" hai2="72,115,102,26,27,66,17,129,108,98,25,132,110" hai3="46,125,1,62,78,4,36,47,60,24,21,3,103"/><V50/><F115/><W43/><G125/><T59/><D34/><U49/><E135/><V90/><F72/><W51/><G103/><T64/><D122/><U69/><E76/><V35/><F132/><W112/><G78/><T73/><D41/><U6/><E30/><V113/><F113/><W109/><G109/><N who="2" m="42089" /><F66/><W31/><G112/><T119/><D119/><U121/><E121/><V39/><F129/><W100/><G100/><T81/><D23/><U133/><E6/><V18/><F90/><W116/><G116/><T79/><D64/><U22/><E63/><V118/><F118/><W94/><G4/><T74/><D79/><U40/><E69/><V5/><F5/><W53/><REACH who="3" step="1"/><G94/><REACH who="3" ten="250,299,281,160" step="2"/><N who="0" m="35851" /><D96/><U65/><E92/><N who="2" m="58695" /><F35/><W33/><G33/><T82/><D59/><U9/><E71/><V117/><F117/><W19/><G19/><T99/><D99/><U84/><E133/><V131/><F18/><W111/><G111/><T61/><D61/><AGARI ba="0,1" hai="1,3,21,24,31,36,43,46,47,51,53,60,61,62" machi="61" ten="40,2600,0" yaku="1,1,52,1,53,0" doraHai="70" doraHaiUra="2" who="3" fromWho="0" sc="250,-26,299,0,281,0,160,36" /><INIT seed="3,0,0,1,2,118" ten="224,299,281,196" oya="3" hai0="18,58,76,126,63,130,71,114,131,9,56,100,88" hai1="1,17,112,62,104,105,96,119,95,97,92,133,4" hai2="7,43,109,33,47,13,46,89,59,83,49,107,10" hai3="28,32,101,31,80,61,91,48,16,3,98,20,27"/><W60/><G3/><T125/><D100/><U75/><E4/><V67/><F109/><W50/><G31/><T106/><D106/><N who="1" m="41067" /><E1/><V36/><F107/><W111/><G111/><T82/><D71/><U127/><E17/><V68/><F33/><W21/><G32/><T37/><D114/><U35/><E62/><N who="3" m="24170" /><G101/><T14/><D37/><U22/><E22/><V72/><F72/><W113/><G113/><T42/><D42/><U23/><E23/><V93/><F83/><W51/><G98/><N who="1" m="37994" /><E35/><V124/><F13/><N who="3" m="9231" /><G80/><T34/><D34/><U66/><E66/><V129/><F67/><W65/><G91/><T108/><D76/><U77/><E112/><V81/><F68/><W94/><G94/><N who="1" m="35882" /><E119/><V29/><F7/><W57/><G65/><N who="0" m="39143" /><D108/><U26/><E26/><V44/><F59/><AGARI ba="0,0" hai="21,27,28,48,50,51,57,59" m="9231,24170" machi="59" ten="30,2900,0" yaku="8,1,54,1" doraHai="118" who="3" fromWho="2" sc="224,0,299,0,281,-29,196,29" /><INIT seed="3,1,0,2,5,22" ten="224,299,252,225" oya="3" hai0="9,42,32,129,72,100,91,66,56,117,118,110,124" hai1="3,47,64,36,13,122,101,135,21,81,5,119,99" hai2="121,123,87,53,128,25,65,108,134,44,111,57,94" hai3="114,4,106,67,79,63,0,90,17,40,76,70,116"/><W37/><G114/><T115/><D72/><U41/><E122/><N who="2" m="46603" /><F94/><W46/><G106/><T82/><D115/><U105/><E135/><V107/><F87/><W132/><G132/><T61/><D100/><U29/><E119/><V131/><F107/><W26/><G116/><T34/><D129/><N who="2" m="49738" /><F134/><W10/><REACH who="3" step="1"/><G90/><REACH who="3" ten="224,299,252,215" step="2"/><T80/><D117/><U1/><E105/><V85/><F85/><W113/><G113/><T14/><D118/><U54/><E99/><V83/><F83/><W74/><G74/><T62/><D91/><U58/><E81/><V89/><F89/><W30/><G30/><T86/><D82/><U24/><E101/><V19/><F65/><W38/><G38/><T35/><D80/><U130/><E64/><V127/><F44/><W39/><G39/><T97/><D66/><U95/><E95/><V55/><F127/><W33/><G33/><T102/><D34/><U43/><E130/><V15/><F57/><W88/><G88/><T78/><D56/><U28/><E28/><V48/><F48/><W11/><G11/><T71/><D32/><U93/><E93/><V120/><F120/><W12/><G12/><T49/><D35/><U126/><E126/><V27/><F55/><W60/><G60/><T103/><D124/><U59/><E47/><V6/><F53/><W84/><G84/><T16/><D62/><N who="1" m="36183" /><E59/><V75/><F75/><W68/><G68/><T104/><D61/><U73/><E73/><V50/><F50/><W8/><G8/><N who="0" m="6215" /><D71/><U109/><E36/><V69/><F69/><W18/><G18/><T96/><D9/><U77/><E29/><RYUUKYOKU ba="1,1" sc="224,-10,299,-10,252,-10,215,30" hai3="0,4,10,17,26,37,40,46,63,67,70,76,79" /><INIT seed="3,2,1,4,5,106" ten="214,289,242,245" oya="3" hai0="10,23,16,19,75,8,65,50,55,81,33,103,82" hai1="31,29,76,69,108,122,97,123,44,116,91,134,104" hai2="32,40,6,26,64,20,37,62,96,28,112,102,101" hai3="15,83,90,85,57,100,58,63,7,18,22,61,46"/><W79/><G100/><T73/><D33/><U13/><E69/><V27/><F102/><W68/><G68/><T109/><D103/><U120/><E104/><V128/><F128/><W42/><G7/><T17/><D65/><U9/><E116/><V59/><F6/><W129/><G129/><T24/><D109/><U43/><E76/><V78/><F78/><W130/><G130/><T131/><D131/><U70/><E70/><V117/><F117/><W115/><G115/><T25/><D82/><U54/><E54/><V39/><F40/><W124/><G124/><T99/><D99/><U41/><E134/><V105/><REACH who="2" step="1"/><F112/><REACH who="2" ten="214,289,232,245" step="2"/><W67/><G79/><T110/><D110/><U21/><E43/><V93/><F93/><W118/><G118/><T94/><D94/><U38/><E108/><V98/><F98/><W52/><G42/><T125/><D125/><U80/><E97/><V2/><F2/><W53/><G46/><T92/><D92/><U114/><E114/><V34/><F34/><W49/><G49/><T35/><D81/><U86/><E44/><V135/><F135/><W84/><G84/><T0/><D35/><U14/><E41/><V3/><F3/><W132/><REACH who="3" step="1"/><G132/><REACH who="3" ten="214,289,232,235" step="2"/><T48/><D50/><U89/><E122/><V71/><F71/><W87/><G87/><T36/><D48/><U12/><E86/><V119/><F119/><W88/><G88/><T30/><D36/><U121/><E38/><V77/><F77/><W113/><G113/><T74/><D0/><U111/><E91/><V127/><F127/><W11/><G11/><T72/><D75/><RYUUKYOKU ba="2,3" sc="214,-15,289,-15,232,15,235,15" hai2="20,26,27,28,32,37,39,59,62,64,96,101,105" hai3="15,18,22,52,53,57,58,61,63,67,83,85,90" /><INIT seed="3,3,3,3,4,33" ten="199,274,247,250" oya="3" hai0="34,27,64,39,11,51,63,125,59,78,24,58,15" hai1="4,38,111,61,130,122,118,102,81,54,135,16,28" hai2="21,86,84,80,67,73,110,94,124,7,35,101,47" hai3="90,68,14,93,49,83,98,100,133,8,43,123,89"/><W9/><G68/><T85/><D39/><U128/><E38/><V113/><F35/><W106/><G123/><T114/><D125/><U97/><E122/><V48/><F113/><W108/><G133/><T25/><D114/><U20/><E28/><V0/><F0/><W117/><G117/><T79/><D34/><U96/><E135/><V91/><F7/><W74/><G8/><T105/><D105/><U109/><E81/><V3/><F3/><W55/><G43/><T19/><D85/><U99/><E102/><V42/><F73/><W71/><G71/><T70/><D70/><U132/><E4/><V30/><F124/><W129/><G129/><N who="1" m="49770" /><E132/><V44/><F67/><W88/><G108/><T75/><D75/><U103/><E103/><V131/><F101/><W36/><G36/><T76/><D58/><N who="1" m="35031" /><E118/><V23/><F110/><N who="1" m="41993" /><E99/><V104/><F104/><W62/><G62/><T82/><D51/><U45/><E45/><N who="2" m="25655" /><F131/><W50/><G106/><T37/><D37/><U112/><E112/><V18/><F30/><W13/><G13/><AGARI ba="3,3" hai="13,16,20,96,97" m="41993,35031,49770" machi="13" ten="30,3900,0" yaku="19,1,14,1,54,1" doraHai="33" who="1" fromWho="3" sc="199,0,274,78,247,0,250,-48" /><INIT seed="4,0,0,0,0,58" ten="199,352,247,202" oya="0" hai0="74,104,89,79,55,69,36,31,84,105,1,7,16" hai1="100,20,107,33,70,0,53,61,88,128,52,101,117" hai2="115,135,110,4,18,67,6,132,87,71,39,65,10" hai3="92,72,15,5,106,22,49,131,38,3,27,112,75"/><T97/><D36/><U9/><E33/><V35/><F35/><W62/><G106/><T91/><D31/><U11/><E107/><V108/><F39/><W83/><G38/><T102/><D105/><U98/><E70/><V28/><F28/><W19/><G3/><T78/><D69/><U124/><E0/><V130/><F115/><W13/><G83/><T86/><D55/><U68/><E68/><V23/><F4/><W85/><G72/><T46/><D46/><U29/><E53/><V50/><F50/><W129/><G75/><T99/><D99/><U37/><E37/><V93/><F71/><W24/><G49/><T47/><D47/><U80/><E128/><V122/><F130/><W118/><G118/><T42/><D42/><U54/><E54/><V25/><F122/><W77/><G112/><T14/><D7/><U48/><E48/><V2/><F93/><W45/><G92/><T103/><D1/><U34/><E34/><V90/><F90/><W17/><G5/><T56/><D56/><N who="1" m="34951" /><E124/><V133/><REACH who="2" step="1"/><F87/><REACH who="2" ten="199,352,237,202" step="2"/><W121/><G85/><T111/><D74/><U123/><E123/><V76/><F76/><W125/><G77/><T116/><D116/><U95/><E117/><V32/><F32/><W51/><G121/><T120/><D120/><U66/><E95/><V134/><N who="2" m="33792" /><DORA hai="57" /><V63/><F63/><W43/><G62/><T41/><D79/><U114/><E88/><V30/><F30/><W126/><G131/><T81/><D78/><U82/><E114/><V26/><F26/><N who="3" m="9771" /><G129/><T127/><D91/><U60/><E60/><V59/><F59/><RYUUKYOKU ba="0,1" sc="199,-15,352,-15,237,15,202,15" hai2="2,6,10,18,23,25,65,67,108,110" hai3="13,15,17,19,22,43,45,51,125,126" /><INIT seed="5,1,1,5,2,33" ten="184,337,252,217" oya="1" hai0="4,119,90,17,58,116,110,135,43,95,65,89,40" hai1="38,28,42,39,93,88,78,77,130,105,27,21,54" hai2="35,23,113,124,53,12,85,15,1,80,84,73,34" hai3="115,45,22,120,114,98,106,18,132,122,9,31,125"/><U127/><E105/><V49/><F113/><N who="3" m="43019" /><G45/><T134/><D110/><U112/><E112/><V3/><F73/><W101/><G125/><T108/><D108/><U121/><E121/><V26/><F124/><W83/><G132/><N who="0" m="50731" /><D17/><U66/><E130/><V29/><F85/><W94/><G83/><T68/><D68/><U111/><E111/><V51/><F51/><W117/><G117/><N who="0" m="45131" /><D4/><U2/><E66/><V62/><F62/><W102/><G102/><T67/><D58/><U59/><E127/><V46/><F34/><W64/><G64/><N who="0" m="24651" /><D95/><U72/><E93/><V126/><F126/><W133/><G106/><T86/><D86/><U69/><E69/><V71/><F71/><W37/><G133/><T79/><D79/><U63/><E59/><V47/><F46/><W5/><G31/><T24/><D24/><U30/><E27/><V128/><F128/><W129/><G129/><T74/><D74/><U25/><E25/><V41/><F35/><W87/><G87/><T20/><D20/><U100/><E21/><V11/><F41/><AGARI ba="1,1" hai="40,41,43,89,90" m="24651,45131,50731" machi="41" ten="40,5200,0" yaku="28,2,20,1" doraHai="33" who="0" fromWho="2" sc="184,65,337,0,252,-55,217,0" /><INIT seed="6,0,0,0,5,73" ten="249,337,197,217" oya="2" hai0="7,108,46,15,54,80,59,21,16,31,104,29,75" hai1="103,115,97,74,4,6,61,62,67,65,135,68,81" hai2="101,69,20,70,126,93,30,19,102,60,1,124,89" hai3="129,23,113,122,57,5,64,58,112,118,114,36,33"/><V79/><F1/><W43/><G33/><T90/><D104/><U131/><E115/><V52/><F30/><W14/><G118/><T133/><D108/><U12/><E131/><V45/><F79/><W35/><G35/><T98/><D133/><U88/><E12/><V91/><F69/><W27/><G122/><T116/><D116/><U37/><E37/><V71/><F70/><W18/><G129/><T86/><D46/><U66/><E135/><V47/><F71/><W83/><G64/><T77/><D7/><U53/><E53/><V119/><F119/><W99/><G99/><T107/><D107/><U13/><E13/><N who="2" m="9327" /><F91/><W11/><G83/><T109/><D98/><U125/><E68/><V28/><F28/><W92/><G92/><T17/><D17/><U95/><E74/><V32/><F32/><W55/><G55/><T105/><D105/><U82/><E88/><V134/><F134/><W123/><G123/><T132/><D109/><U87/><E87/><N who="2" m="52415" /><F126/><W110/><G110/><T72/><D132/><U25/><E125/><V96/><F96/><W111/><G111/><T51/><D72/><U3/><E3/><V127/><F127/><W42/><G36/><T2/><D2/><U38/><E38/><V50/><F124/><W8/><G11/><T56/><D59/><AGARI ba="0,0" hai="5,8,14,18,23,27,42,43,57,58,59,112,113,114" machi="59" ten="40,2600,0" yaku="15,1,11,1" doraHai="73" who="3" fromWho="0" sc="249,-26,337,0,197,0,217,26" /><INIT seed="7,0,0,0,3,12" ten="223,337,197,243" oya="3" hai0="43,106,105,49,64,76,36,132,103,74,109,8,62" hai1="116,130,26,129,114,108,79,67,25,1,39,14,51" hai2="30,101,85,71,73,122,113,90,87,133,91,15,131" hai3="123,55,124,115,5,4,41,88,99,38,95,32,128"/><W57/><G123/><T89/><D109/><U94/><E1/><V134/><F71/><W33/><G115/><T117/><D117/><U97/><E39/><V35/><F35/><W98/><G124/><T82/><D132/><N who="2" m="50794" /><F30/><W40/><G128/><T118/><D118/><U58/><E79/><V65/><F65/><W78/><G78/><T13/><D36/><U9/><E108/><V18/><F73/><W53/><G38/><T93/><D49/><U104/><E104/><V54/><F54/><W16/><G95/><T17/><D43/><U2/><E2/><V107/><F107/><W72/><G72/><T45/><D45/><U0/><E0/><V22/><F101/><W48/><G88/><N who="2" m="33833" /><F113/><W61/><G16/><T125/><D103/><N who="1" m="60855" /><E114/><V42/><F42/><N who="3" m="16491" /><G32/><T6/><D125/><U24/><E116/><V81/><F131/><W127/><G33/><T60/><D17/><N who="1" m="8399" /><E130/><V110/><F110/><W70/><G70/><T50/><D105/><U23/><E129/><V47/><F47/><N who="3" m="27807" /><G127/><T135/><D106/><U80/><E80/><V11/><F122/><W119/><G119/><T20/><D135/><U59/><E67/><V69/><F69/><W37/><G37/><T121/><D64/><U120/><E120/><V83/><F11/><W96/><AGARI ba="0,0" hai="4,5,55,57,61,96,98,99" m="27807,16491" machi="96" ten="30,1500,0" yaku="8,1" doraHai="12" who="3" fromWho="3" sc="223,-5,337,-5,197,-5,243,15" /><INIT seed="7,1,0,3,2,65" ten="218,332,192,258" oya="3" hai0="40,135,117,105,100,113,24,129,111,97,13,29,16" hai1="102,9,36,103,118,91,119,18,12,98,115,96,26" hai2="17,132,71,66,59,101,67,15,5,34,125,122,51" hai3="76,112,79,99,81,75,42,1,72,121,114,130,82"/><W39/><G121/><T38/><D111/><U86/><E36/><V46/><F122/><W10/><G130/><T68/><D117/><N who="1" m="44555" /><E26/><V11/><F34/><W77/><G77/><T43/><D135/><U2/><E2/><V45/><F132/><W30/><G30/><T84/><D129/><U83/><E115/><V31/><F125/><W94/><G42/><T7/><D113/><N who="3" m="43625" /><G39/><T58/><D68/><U44/><E44/><V126/><F126/><W8/><G1/><T19/><D7/><U20/><E20/><V56/><F101/><AGARI ba="1,0" hai="8,10,72,75,76,79,81,82,94,99,101" m="43625" machi="101" ten="30,1500,0" yaku="15,1" doraHai="65" who="3" fromWho="2" sc="218,0,332,0,192,-18,258,18" /><AGARI ba="1,0" hai="9,12,18,83,86,91,96,98,101,102,103" m="44555" machi="101" ten="30,1000,0" yaku="12,1" doraHai="65" who="1" fromWho="2" sc="218,0,332,10,174,-10,276,0" /><INIT seed="7,2,0,5,1,116" ten="218,342,164,276" oya="3" hai0="23,126,99,97,132,36,79,13,94,111,54,2,133" hai1="62,22,119,110,59,89,83,120,113,67,16,20,128" hai2="102,127,15,70,55,42,19,76,101,4,87,30,80" hai3="11,31,95,114,24,32,6,78,5,7,98,9,88"/><W29/><G114/><T130/><D36/><U61/><E120/><V58/><F127/><W10/><G31/><T121/><D2/><U91/><E110/><V40/><F70/><W60/><G78/><T100/><D111/><U109/><E109/><V44/><F30/><W69/><G69/><T72/><D126/><U46/><E128/><V41/><F4/><W52/><REACH who="3" step="1"/><G5/><REACH who="3" ten="218,342,164,266" step="2"/><T43/><D79/><U57/><E113/><V85/><F87/><W75/><G75/><T49/><D72/><U135/><E119/><V3/><F3/><W96/><G96/><T48/><D99/><U28/><E135/><V26/><F26/><W38/><G38/><T18/><D130/><U63/><E28/><V104/><F104/><W35/><G35/><T124/><D124/><U65/><E83/><V71/><F71/><W82/><G82/><T73/><D73/><U106/><E106/><V117/><F117/><W64/><G64/><T50/><D133/><U21/><E67/><V131/><F131/><W105/><G105/><T39/><D132/><U1/><E65/><V0/><F0/><W81/><G81/><T37/><D39/><U115/><E1/><V93/><F93/><W47/><G47/><T125/><D125/><U34/><E34/><V53/><F44/><W84/><G84/><T123/><D37/><U122/><E46/><V90/><F76/><W33/><G33/><T14/><D43/><U56/><E115/><V51/><F55/><W17/><G17/><N who="0" m="10671" /><D54/><U45/><E45/><V66/><F66/><W25/><G25/><T74/><D74/><U92/><E16/><RYUUKYOKU ba="2,1" sc="218,10,342,-30,164,10,266,10" hai0="14,18,48,49,50,94,97,100,121,123" hai2="15,19,40,41,42,51,53,58,80,85,90,101,102" hai3="6,7,9,10,11,24,29,32,52,60,88,95,98" /><INIT seed="7,3,1,2,1,86" ten="228,312,174,276" oya="3" hai0="125,28,4,97,129,1,91,127,98,94,49,47,29" hai1="102,26,64,123,66,115,82,85,93,43,9,107,77" hai2="110,81,63,8,31,48,76,114,103,0,12,69,37" hai3="113,62,56,21,89,133,109,3,65,2,36,92,104"/><W10/><G104/><T120/><D120/><U42/><E107/><V60/><F37/><W130/><G36/><T25/><D129/><U44/><E115/><V87/><F69/><W45/><G130/><T6/><D98/><N who="1" m="59727" /><E123/><V111/><F114/><W75/><G75/><T96/><D96/><U68/><E68/><V121/><F0/><W13/><G113/><T101/><D101/><U11/><E26/><V117/><F103/><W50/><G21/><T108/><D108/><U73/><E73/><V52/><F31/><W33/><G133/><T128/><D28/><U5/><E11/><V105/><F105/><W70/><G33/><T35/><D128/><U112/><E112/><V14/><F121/><W83/><G83/><T126/><REACH who="0" step="1"/><D1/><REACH who="0" ten="218,312,174,276" step="2"/><U55/><E66/><V122/><F122/><W79/><G109/><T24/><D24/><U34/><E64/><V54/><F111/><W30/><G30/><T124/><N who="0" m="31744" /><DORA hai="84" /><T32/><D32/><U19/><E34/><V20/><F110/><W53/><G2/><T74/><D74/><U131/><E131/><V51/><F117/><W17/><G3/><T99/><D99/><U61/><E85/><V18/><F14/><W58/><G79/><T23/><D23/><U78/><E78/><V134/><F134/><W71/><G71/><T90/><D90/><U80/><E77/><V41/><F20/><W132/><G132/><T100/><D100/><U15/><E15/><V106/><F106/><W118/><G118/><T119/><D119/><U95/><E9/><V57/><F41/><AGARI ba="3,2" hai="4,6,25,29,35,41,47,49,91,94,97" m="31744" machi="41" ten="70,8000,1" yaku="1,1,18,1,52,2,53,1" doraHai="86,84" doraHaiUra="22,116" who="0" fromWho="2" sc="218,109,312,0,174,-89,276,0" owari="327,42.0,312,11.0,85,-41.0,276,-12.0" /></mjloggm>