<mjloggm ver="2.3"><GO type="169" lobby="0"/><UN n0="%2D%E7%81%BC%E7%86%B1%E3%83%8E%E6%B3%A2%E5%8B%95%2D" n1="%E3%82%A6%E3%83%AB%E3%83%88%E3%83%A9%E7%AB%8B%E7%9B%B4" n2="%E5%8D%97%E5%9B%BD%E3%81%97%E3%82%8D%E3%81%8F%E3%81%BE" n3="%E3%82%8A%E3%82%87%E3%83%BC%E3%81%A1%32%30%58%58" dan="16,17,16,16" rate="2031.08,2167.39,2110.78,2126.87" sx="M,M,M,M"/><TAIKYOKU oya="0"/><INIT seed="0,0,0,3,2,100" ten="250,250,250,250" oya="0" hai0="26,43,107,66,123,33,62,72,41,84,16,76,134" hai1="127,71,98,47,130,12,22,131,39,61,37,53,27" hai2="135,21,14,77,74,132,6,64,55,10,103,133,70" hai3="108,54,38,80,5,81,94,1,31,45,114,18,50"/><T91/><D123/><U128/><E127/><V60/><F77/><W104/><G114/><T7/><D134/><U85/><E12/><V125/><F125/><W75/><G31/><T92/><D7/><U17/><E85/><V95/><F74/><W118/><G118/><T0/><D0/><U90/><E71/><V78/><F78/><N who="3" m="44127" /><G81/><T93/><D93/><N who="1" m="56631" /><E47/><V13/><F55/><W126/><G18/><T28/><D16/><U63/><E63/><V51/><F51/><W117/><G94/><T110/><D110/><U115/><E115/><V57/><F95/><W101/><G117/><T82/><REACH who="0" step="1"/><D107/><REACH who="0" ten="240,250,250,250" step="2"/><U59/><AGARI ba="0,1" hai="17,22,27,37,39,53,59,61,128,130,131" m="56631" machi="59" ten="40,2700,0" yaku="25,1,19,1" doraHai="100" who="1" fromWho="1" sc="240,-13,250,37,250,-7,250,-7" /><INIT seed="1,0,0,1,5,62" ten="227,287,243,243" oya="1" hai0="117,4,122,91,10,25,93,118,46,41,63,18,27" hai1="82,94,79,71,133,43,16,40,1,56,127,57,36" hai2="85,37,110,113,95,134,105,65,81,53,76,77,102" hai3="23,61,72,128,129,135,24,9,125,31,58,21,47"/><U115/><E115/><V126/><F37/><W86/><G72/><T51/><D122/><U96/><E1/><V35/><F35/><W74/><G74/><T67/><D18/><U124/><E71/><V108/><F113/><W116/><G116/><T19/><D19/><U75/><E133/><V132/><F53/><W73/><G73/><T2/><D118/><U54/><E56/><V111/><F105/><W33/><G135/><N who="2" m="51753" /><F65/><N who="3" m="39095" /><G125/><N who="1" m="48202" /><E16/><V3/><F3/><W44/><G86/><T100/><D100/><N who="1" m="60439" /><E36/><V15/><F15/><W106/><G9/><T42/><D42/><U68/><E68/><V8/><F8/><W59/><G59/><T55/><D41/><U101/><E101/><V97/><F126/><W14/><G106/><T109/><D117/><U66/><E66/><V92/><F92/><W5/><G5/><T50/><D50/><AGARI ba="0,0" hai="40,43,50,54,57,75,79,82" m="60439,48202" machi="50" ten="30,1500,0" yaku="18,1" doraHai="62" who="1" fromWho="0" sc="227,-15,287,15,243,0,243,0" /><INIT seed="1,1,0,3,1,0" ten="212,302,243,243" oya="1" hai0="33,89,18,45,72,36,84,126,90,5,35,100,113" hai1="105,12,6,112,102,101,32,67,53,134,114,78,85" hai2="66,11,115,62,133,63,1,99,92,13,10,69,87" hai3="128,29,79,73,130,68,103,122,93,58,47,41,82"/><U124/><E32/><V2/><F115/><W83/><G68/><T107/><D113/><U98/><E124/><V61/><F133/><W3/><G122/><T118/><D118/><U125/><E125/><V116/><F87/><W50/><G3/><T60/><D126/><U77/><E134/><V127/><F116/><W49/><G29/><T70/><D18/><U109/><E109/><V26/><F26/><W14/><G83/><T54/><D89/><U96/><E67/><V135/><F135/><W111/><G111/><T38/><D72/><U91/><E53/><V7/><F1/><W17/><G103/><T110/><D110/><U28/><E28/><V16/><F127/><W40/><G93/><T31/><D35/><U48/><E48/><V9/><F10/><W51/><G58/><T76/><D76/><N who="1" m="29291" /><E6/><V132/><F132/><W46/><REACH who="3" step="1"/><G50/><REACH who="3" ten="212,302,243,233" step="2"/><T23/><D70/><U34/><E34/><V42/><F42/><W81/><G81/><N who="0" m="49423" /><D33/><U37/><E37/><V39/><F39/><W24/><G24/><T30/><D30/><U25/><E25/><V55/><F55/><W4/><G4/><T43/><D36/><U108/><E108/><V94/><F94/><W27/><G27/><N who="0" m="16895" /><D100/><AGARI ba="1,1" hai="2,7,9,11,13,16,61,62,63,66,69,92,99,100" machi="100" ten="30,3900,0" yaku="7,1,52,1,54,1" doraHai="0" who="2" fromWho="0" sc="212,-42,302,0,243,52,233,0" /><INIT seed="2,0,0,3,0,8" ten="170,302,295,233" oya="2" hai0="28,92,70,127,33,50,12,29,25,52,57,103,77" hai1="116,11,85,75,1,90,72,130,111,53,117,132,27" hai2="74,13,91,123,36,112,120,101,93,129,133,59,135" hai3="38,19,63,110,35,17,105,71,107,108,128,48,7"/><V42/><F74/><W100/><G38/><T134/><D70/><U20/><E130/><V67/><F129/><W83/><G128/><T64/><D64/><U0/><E111/><N who="3" m="42538" /><G35/><T109/><D109/><U104/><E104/><N who="3" m="40010" /><G100/><T99/><D29/><U37/><E37/><V14/><F101/><W47/><G83/><T118/><D134/><N who="2" m="51210" /><F112/><W89/><G89/><T124/><D118/><U125/><E90/><V113/><F113/><W45/><G7/><T114/><D114/><U78/><E78/><V94/><F36/><W87/><G87/><T40/><D77/><U10/><E85/><N who="2" m="52463" /><F94/><W9/><G9/><T56/><D40/><U66/><E132/><V22/><F22/><W30/><G30/><T6/><D57/><U16/><E75/><V51/><F42/><N who="3" m="24631" /><G47/><T119/><D119/><U69/><E72/><V54/><F67/><AGARI ba="0,0" hai="17,19,63,67,71" m="24631,40010,42538" machi="67" ten="30,1000,0" yaku="14,1" doraHai="8" who="3" fromWho="2" sc="170,0,302,0,295,-10,233,10" /><INIT seed="3,0,0,1,2,79" ten="170,302,285,243" oya="3" hai0="44,35,82,56,42,107,104,135,45,0,102,73,3" hai1="133,47,87,91,78,24,43,58,77,114,101,21,48" hai2="60,121,134,54,97,18,90,10,12,9,98,106,20" hai3="113,116,36,76,41,119,84,111,11,69,19,85,62"/><W4/><G113/><T29/><D56/><U59/><E133/><V68/><F121/><W7/><G111/><T61/><D61/><U99/><E114/><V92/><F134/><W50/><G36/><N who="0" m="21575" /><D45/><U120/><E120/><V93/><F106/><N who="0" m="40490" /><D102/><U75/><E75/><V57/><REACH who="2" step="1"/><F68/><REACH who="2" ten="170,302,275,243" step="2"/><W28/><G69/><T89/><D135/><U13/><E59/><V109/><F109/><W38/><G116/><T49/><D49/><U1/><E58/><V51/><F51/><W66/><G50/><T22/><D22/><U39/><E48/><V83/><F83/><W110/><G119/><T131/><D131/><U127/><E39/><V128/><F128/><W96/><G110/><T95/><D95/><U16/><E43/><V125/><F125/><W103/><G41/><T94/><D94/><U46/><E127/><V2/><F2/><W122/><G38/><T31/><D0/><U5/><E1/><V80/><F80/><W129/><G122/><T112/><D3/><U72/><E47/><V123/><F123/><W117/><G129/><T70/><D70/><U55/><E46/><V132/><F132/><W105/><G117/><T52/><D112/><U27/><E21/><V25/><F25/><W8/><G105/><T74/><D82/><U6/><E27/><V88/><AGARI ba="0,1" hai="9,10,12,18,20,54,57,60,88,90,92,93,97,98" machi="88" ten="20,12000,2" yaku="1,1,0,1,7,1,9,1,8,1,54,1,53,0" doraHai="79" doraHaiUra="26" who="2" fromWho="2" sc="170,-30,302,-30,275,130,243,-60" /><INIT seed="4,0,0,0,4,111" ten="140,272,405,183" oya="0" hai0="37,94,76,20,49,93,5,26,44,35,10,0,70" hai1="32,16,85,55,126,129,1,48,73,66,61,41,135" hai2="72,24,128,99,6,45,109,117,42,105,132,15,113" hai3="69,9,90,77,25,17,3,81,121,83,52,58,108"/><T97/><D70/><U84/><E32/><V78/><F109/><W87/><G108/><T54/><D37/><U96/><E1/><V92/><F105/><W110/><G69/><T8/><D76/><U64/><E73/><V62/><F117/><W57/><G110/><T131/><D131/><U47/><E126/><V95/><F128/><W22/><G121/><T14/><D97/><U27/><E135/><V13/><F24/><W101/><G101/><T60/><D60/><U102/><E129/><V98/><F132/><W122/><G122/><T30/><REACH who="0" step="1"/><D10/><REACH who="0" ten="130,272,405,183" step="2"/><U51/><E61/><V107/><F62/><W116/><G116/><T114/><D114/><U33/><E84/><V89/><F113/><W130/><G130/><T12/><D12/><U23/><E85/><V133/><F78/><W46/><G9/><T125/><D125/><U134/><E134/><V104/><F133/><W53/><G3/><T31/><D31/><U124/><E124/><V11/><F13/><W106/><G77/><T39/><D39/><U112/><E112/><V75/><F75/><W50/><G50/><T56/><D56/><N who="1" m="32895" /><E33/><V103/><F72/><W119/><G119/><T71/><D71/><U67/><E96/><V18/><F6/><W118/><G118/><T82/><D82/><U80/><E80/><V123/><F123/><W100/><G81/><T4/><D4/><U2/><E2/><V7/><F7/><W91/><G58/><T38/><D38/><AGARI ba="0,1" hai="11,15,18,38,42,45,89,92,95,98,99,103,104,107" machi="38" ten="30,1000,0" yaku="7,1" doraHai="111" who="2" fromWho="0" sc="130,-10,272,0,405,20,183,0" /><INIT seed="5,0,0,0,4,19" ten="120,272,425,183" oya="1" hai0="92,131,48,69,86,36,96,1,80,24,20,100,79" hai1="103,73,82,71,84,99,70,49,0,57,37,66,21" hai2="12,64,35,121,135,127,18,76,111,17,83,104,65" hai3="41,26,120,10,68,129,126,54,78,58,105,128,110"/><U62/><E0/><V31/><F121/><W118/><G68/><T2/><D131/><N who="3" m="50249" /><G105/><T60/><D36/><U15/><E73/><V32/><F104/><W27/><G120/><T98/><D48/><U33/><E33/><V93/><F111/><W7/><G110/><T88/><D60/><U16/><E37/><V133/><F127/><W28/><G126/><T134/><D134/><N who="2" m="51210" /><F93/><W42/><G78/><T91/><D69/><U74/><E74/><N who="2" m="43415" /><F18/><W45/><G118/><T11/><D11/><U30/><E30/><V52/><F52/><W46/><G42/><T5/><D5/><U38/><E38/><V125/><F125/><W107/><G107/><T77/><D77/><U23/><E49/><V8/><F31/><W90/><G90/><T89/><REACH who="0" step="1"/><D98/><REACH who="0" ten="110,272,425,183" step="2"/><U13/><E71/><V67/><AGARI ba="0,1" hai="8,12,17,32,35,64,65,67" m="43415,51210" machi="67" ten="30,1100,0" yaku="20,1" doraHai="19" who="2" fromWho="2" sc="110,-3,272,-5,425,21,183,-3" /><INIT seed="6,0,0,4,1,133" ten="107,267,446,180" oya="2" hai0="63,19,127,30,25,64,24,114,12,16,43,27,101" hai1="110,29,128,131,60,111,113,42,32,44,91,71,105" hai2="72,103,31,76,93,88,119,37,10,118,9,39,47" hai3="83,11,3,78,86,108,116,0,129,75,13,130,84"/><V48/><F103/><W79/><G116/><T20/><D101/><U28/><E105/><V46/><F31/><W82/><G75/><T58/><D43/><U51/><E91/><V74/><F48/><W23/><G23/><T106/><D106/><U135/><E28/><V92/><F76/><W17/><REACH who="3" step="1"/><G108/><REACH who="3" ten="107,267,446,170" step="2"/><T80/><D114/><U107/><E113/><V124/><F118/><W77/><G77/><T89/><D127/><U87/><E111/><V5/><F124/><W2/><AGARI ba="0,1" hai="0,2,3,11,13,17,78,79,82,83,84,86,129,130" machi="2" ten="40,5200,0" yaku="1,1,0,1,9,1,53,0" doraHai="133" doraHaiUra="117" who="3" fromWho="3" sc="107,-13,267,-13,446,-26,170,62" /><INIT seed="7,0,0,4,2,0" ten="94,254,420,232" oya="3" hai0="32,20,37,132,71,134,119,5,70,79,135,56,52" hai1="14,44,109,95,107,45,51,69,66,24,83,126,76" hai2="127,43,67,65,19,133,47,104,117,88,68,39,42" hai3="90,80,48,110,17,13,50,28,64,55,62,123,94"/><W77/><G123/><T33/><D37/><U57/><E107/><V125/><F104/><W23/><G110/><T87/><D119/><U1/><E45/><V30/><F117/><W114/><G114/><T72/><D20/><U81/><E83/><V7/><F30/><W124/><G124/><T99/><D87/><U115/><E1/><V106/><F47/><W74/><G28/><T27/><D99/><U18/><E24/><V15/><F106/><W34/><G34/><T86/><D86/><U59/><E95/><V84/><F39/><W46/><G46/><T96/><D96/><U108/><E115/><V85/><F43/><W38/><G38/><T89/><D89/><U63/><E126/><V2/><F42/><W82/><G82/><T25/><D79/><U10/><E59/><V11/><F68/><W3/><G3/><T58/><D72/><U41/><E69/><V112/><F2/><W122/><G122/><T35/><D5/><U116/><E116/><V98/><F98/><W130/><G130/><T61/><REACH who="0" step="1"/><D56/><REACH who="0" ten="84,254,420,232" step="2"/><U22/><E22/><V36/><F36/><W53/><G90/><T92/><D92/><U111/><E111/><V4/><F88/><W102/><G94/><T78/><D78/><U12/><E109/><V91/><F112/><W21/><G77/><T75/><D75/><U54/><E108/><V113/><F113/><W9/><G74/><T6/><D6/><U118/><E76/><V60/><F127/><W26/><G23/><T105/><D105/><U100/><E118/><V16/><F125/><W103/><G21/><T128/><D128/><RYUUKYOKU ba="0,1" sc="84,30,254,-10,420,-10,232,-10" hai0="25,27,32,33,35,52,58,61,70,71,132,134,135" owari="114,-39.0,244,4.0,420,53.0,222,-18.0" /></mjloggm>