<mjloggm ver="2.3"><GO type="97" lobby="0"/><UN n0="%E5%B0%B1%E6%B4%BB%E7%94%9F%40%E5%B7%9D%E6%9D%91%E8%BB%8D%E5%9B%A3" n1="%E6%A2%85%E5%B1%8B%E2%98%86%E7%90%86%E8%AB%96" n2="%E6%96%A7%E4%B9%83%E6%9C%A8%E4%BD%99%E6%8E%A5" n3="%E9%9B%80%E9%AC%BC%E3%81%B2%E3%82%8D%E3%81%AB%E3%82%83%E3%82%93" dan="14,14,14,13" rate="1913.96,1972.65,1975.97,1863.46" sx="M,M,F,F"/><TAIKYOKU oya="0"/><INIT seed="0,0,0,1,0,43" ten="250,250,250,250" oya="0" hai0="21,121,62,127,83,76,130,56,133,78,25,2,16" hai1="119,88,81,58,99,36,3,41,104,33,32,128,124" hai2="89,24,31,6,10,79,113,115,63,22,44,59,34" hai3="106,45,51,95,98,132,82,65,50,69,12,8,18"/><T35/><D121/><U49/><E3/><V75/><F75/><W47/><G106/><T122/><D122/><U7/><E7/><V117/><F79/><W90/><G132/><T4/><D130/><U77/><E119/><V111/><F117/><W120/><G120/><T20/><D133/><U27/><E124/><V107/><F107/><W11/><G11/><T70/><D127/><U105/><E36/><V73/><F73/><W72/><G69/><T55/><D70/><U19/><E105/><V101/><F101/><W112/><G112/><T14/><D35/><U68/><E68/><V28/><F111/><W5/><G65/><T103/><D103/><U84/><E104/><V29/><F34/><W94/><G94/><T40/><D40/><U100/><E77/><V23/><F89/><W61/><G61/><T53/><D53/><U42/><E42/><V57/><F63/><W123/><G123/><T114/><D114/><U87/><E87/><V129/><F129/><W15/><G15/><T67/><D67/><U54/><E41/><V39/><F39/><W46/><REACH who="3" step="1"/><G5/><REACH who="3" ten="250,250,250,240" step="2"/><T102/><D4/><U93/><E128/><V48/><F113/><W13/><G13/><T0/><D102/><U97/><REACH who="1" step="1"/><E99/><REACH who="1" ten="250,240,250,240" step="2"/><V80/><F115/><W86/><G86/><N who="0" m="48487" /><D0/><U131/><E131/><V60/><F6/><W134/><G134/><T118/><D2/><U110/><E110/><V92/><F24/><W9/><G9/><N who="0" m="6223" /><D118/><U85/><E85/><V91/><F10/><W126/><G126/><T96/><D96/><U109/><E109/><V108/><F108/><W37/><G37/><RYUUKYOKU ba="0,2" sc="250,-15,240,15,250,-15,240,15" hai1="19,27,32,33,49,54,58,81,84,88,93,97,100" hai3="8,12,18,45,46,47,50,51,72,82,90,95,98" /><INIT seed="1,1,2,4,0,99" ten="235,255,235,255" oya="1" hai0="16,115,4,67,6,64,22,0,13,23,61,59,114" hai1="80,9,2,110,38,107,33,53,131,66,44,51,90" hai2="25,48,89,55,5,98,69,101,135,117,60,122,58" hai3="54,132,65,121,30,84,119,116,128,76,129,124,113"/><U14/><E2/><V123/><F117/><N who="3" m="45131" /><G65/><T72/><D72/><U18/><E33/><V71/><F135/><W47/><G30/><T125/><D125/><U96/><E131/><N who="3" m="50250" /><G113/><T102/><D102/><U45/><E66/><V46/><F89/><W37/><G121/><T74/><D74/><U34/><E110/><V133/><F133/><W112/><G112/><T81/><D67/><U49/><E34/><V83/><F83/><N who="3" m="47207" /><G132/><T88/><D23/><U1/><E1/><V15/><F25/><W42/><G54/><T7/><REACH who="0" step="1"/><D0/><REACH who="0" ten="225,255,235,255" step="2"/><U77/><E53/><V79/><F123/><W63/><G124/><T21/><D21/><U40/><E9/><V24/><F122/><W68/><G68/><T20/><D20/><U100/><E40/><V73/><F69/><W11/><G11/><T32/><D32/><U130/><E130/><V56/><F71/><W27/><G27/><T43/><D43/><U19/><E14/><V120/><F24/><W29/><G29/><T31/><D31/><U95/><E100/><V108/><F120/><W106/><G106/><T109/><D109/><U39/><E107/><N who="2" m="63927" /><F108/><W36/><G36/><T87/><AGARI ba="1,3" hai="4,6,7,13,16,22,59,61,64,81,87,88,114,115" machi="87" ten="30,7900,0" yaku="1,1,0,1,54,2,53,0" doraHai="99" doraHaiUra="118" who="0" fromWho="0" sc="225,112,255,-40,235,-21,255,-21" /><INIT seed="2,0,0,0,0,123" ten="337,215,214,234" oya="2" hai0="61,0,122,33,48,44,30,41,83,126,9,28,94" hai1="34,104,84,42,56,37,95,78,111,51,45,6,75" hai2="117,127,1,23,86,69,16,3,29,27,19,46,64" hai3="72,52,85,2,128,124,125,103,131,107,114,57,39"/><V66/><F117/><W20/><G72/><T70/><D122/><U100/><E34/><V135/><F135/><W109/><G2/><T119/><D119/><U76/><E6/><V90/><F127/><N who="3" m="48715" /><G39/><T18/><D33/><U116/><E116/><V74/><F74/><W80/><G114/><T47/><D126/><U113/><E113/><V43/><F3/><W93/><G107/><T105/><D105/><U79/><E104/><V65/><F69/><W55/><G20/><T87/><D94/><U106/><E106/><V11/><F11/><W63/><G109/><T73/><D73/><U7/><E7/><V58/><F1/><W54/><G93/><T17/><D44/><U96/><E111/><V60/><F19/><W53/><G103/><T71/><D71/><U118/><E75/><V91/><F29/><W98/><G98/><T134/><D134/><U4/><E4/><V129/><F129/><N who="3" m="49739" /><G54/><T99/><D99/><U25/><E118/><V97/><F97/><W89/><AGARI ba="0,0" hai="52,53,55,57,63,80,85,89" m="49739,48715" machi="89" ten="30,4000,0" yaku="18,1,19,1,54,1" doraHai="123" who="3" fromWho="3" sc="337,-10,215,-10,214,-20,234,40" /><INIT seed="3,0,0,3,2,96" ten="327,205,194,274" oya="3" hai0="84,30,27,26,91,63,86,53,105,90,10,41,113" hai1="61,5,31,21,20,51,74,68,9,88,58,116,0" hai2="106,81,3,18,94,12,80,77,92,14,42,131,62" hai3="125,114,100,66,19,54,29,52,130,99,118,45,32"/><W132/><G114/><T38/><D105/><U4/><E74/><V127/><F3/><W110/><G118/><T55/><D113/><U35/><E68/><V34/><F34/><W102/><G66/><T70/><D70/><U98/><E35/><V24/><F106/><W72/><G72/><T126/><D126/><U65/><E116/><V83/><F127/><W11/><G125/><T56/><D38/><U121/><E121/><V78/><F131/><W79/><G79/><N who="2" m="30217" /><F42/><W7/><G19/><T57/><D41/><U64/><E0/><V37/><F37/><W89/><G130/><T50/><D10/><U67/><E51/><V69/><F69/><W49/><G132/><T48/><D30/><U47/><E47/><V112/><F112/><W15/><G110/><T46/><D46/><U73/><E73/><V6/><F62/><AGARI ba="0,0" hai="26,27,48,50,53,55,56,57,62,63,84,86,90,91" machi="62" ten="25,3200,0" yaku="22,2,8,1" doraHai="96" who="0" fromWho="2" sc="327,32,205,0,194,-32,274,0" owari="359,46.0,205,-19.0,162,-34.0,274,7.0" /></mjloggm>