<mjloggm ver="2.3"><GO type="97" lobby="0"/><UN n0="%E6%86%82%E6%A2%A6" n1="%72%65%69%74%61%72%6F%75" n2="%E5%B0%8F%E6%9C%A8%E9%AB%98%E5%B6%BA" n3="%E5%B0%B1%E6%B4%BB%E7%94%9F%40%E5%B7%9D%E6%9D%91%E8%BB%8D%E5%9B%A3" dan="13,13,15,15" rate="1896.81,1908.55,2021.46,2056.70" sx="M,F,F,M"/><TAIKYOKU oya="0"/><INIT seed="0,0,0,1,4,113" ten="250,250,250,250" oya="0" hai0="119,64,34,84,51,41,11,1,45,68,111,65,131" hai1="135,13,90,16,63,89,114,108,38,19,28,126,104" hai2="6,30,36,99,56,54,118,129,5,60,85,59,14" hai3="39,44,35,53,93,95,94,40,73,3,32,123,103"/><T29/><D131/><U31/><E108/><V23/><F129/><W83/><G123/><T120/><D120/><U87/><E114/><V33/><F36/><W88/><G3/><T79/><D68/><U107/><E38/><V18/><F33/><W7/><G7/><T49/><D111/><U42/><E135/><V130/><F130/><W97/><G53/><T57/><D29/><U67/><E42/><V47/><F47/><W62/><G62/><T10/><D34/><U20/><E126/><V133/><F133/><W76/><REACH who="3" step="1"/><G94/><REACH who="3" ten="250,250,250,240" step="2"/><T132/><D1/><U37/><E37/><V106/><F6/><W26/><G26/><T24/><D24/><U8/><E107/><V128/><F5/><W78/><G78/><T75/><D132/><U86/><E104/><V105/><F106/><W74/><G74/><T21/><D75/><U110/><E110/><V15/><F105/><W127/><G127/><T66/><D79/><U58/><E31/><V115/><F30/><W121/><G121/><T122/><D122/><U43/><E28/><V48/><F128/><W124/><G124/><T17/><D66/><U116/><E43/><V12/><F115/><W96/><AGARI ba="0,1" hai="32,35,39,40,44,73,76,83,88,93,95,96,97,103" machi="96" ten="20,5200,0" yaku="1,1,0,1,7,1,54,1,53,0" doraHai="113" doraHaiUra="82" who="3" fromWho="3" sc="250,-26,250,-13,250,-13,240,62" /><INIT seed="1,0,0,0,0,89" ten="224,237,237,302" oya="1" hai0="21,113,102,87,46,39,3,77,131,135,134,49,43" hai1="97,101,13,86,24,126,6,106,92,2,99,84,31" hai2="108,95,0,124,111,132,51,103,118,62,29,120,75" hai3="80,69,107,116,117,55,115,45,112,104,85,57,64"/><U20/><E126/><V34/><F29/><W37/><G69/><T100/><D3/><U96/><E2/><V48/><F62/><N who="3" m="36159" /><G64/><T19/><D113/><N who="3" m="43593" /><G45/><T129/><D87/><N who="1" m="33323" /><E106/><V123/><F103/><N who="0" m="39466" /><D77/><U8/><AGARI ba="0,0" hai="6,8,13,20,24,31,92,96,97,99,101" m="33323" machi="8" ten="30,3000,0" yaku="8,1,52,1" doraHai="89" who="1" fromWho="1" sc="224,-10,237,30,237,-10,302,-10" /><INIT seed="1,1,0,0,2,65" ten="214,267,227,292" oya="1" hai0="83,3,85,127,17,27,43,117,112,102,51,95,8" hai1="46,94,7,25,129,19,123,48,104,72,66,86,1" hai2="87,126,6,32,73,14,131,69,100,122,0,119,111" hai3="124,125,33,53,57,92,109,24,2,82,80,50,93"/><U11/><E123/><V26/><RYUUKYOKU type="yao9" ba="1,0" sc="214,0,267,0,227,0,292,0" hai2="0,6,14,26,32,69,73,87,100,111,119,122,126,131" /><INIT seed="1,2,0,4,0,113" ten="214,267,227,292" oya="1" hai0="24,40,6,51,34,47,39,73,123,132,61,67,2" hai1="94,90,4,23,115,69,60,12,71,43,120,84,5" hai2="54,32,46,128,112,126,26,18,108,114,109,50,10" hai3="111,77,96,8,53,129,131,17,83,31,101,3,75"/><U95/><E120/><V7/><F126/><W122/><G122/><T66/><D132/><U44/><E115/><N who="2" m="44075" /><F128/><N who="3" m="49227" /><G111/><N who="2" m="42569" /><F32/><W118/><G31/><T57/><D123/><U11/><E5/><V93/><F93/><N who="3" m="58511" /><G53/><T87/><D73/><U130/><E130/><V106/><F106/><W13/><G3/><T81/><D6/><U135/><E135/><V72/><F72/><W98/><G98/><T102/><D102/><U20/><E95/><V27/><F18/><W88/><G88/><T80/><D2/><AGARI ba="2,0" hai="2,7,10,26,27,46,50,54" m="42569,44075" machi="2" ten="30,2000,0" yaku="11,1,14,1" doraHai="113" who="2" fromWho="0" sc="214,-26,267,0,227,26,292,0" /><INIT seed="2,0,0,5,0,114" ten="188,267,253,292" oya="2" hai0="77,37,80,17,79,9,55,13,62,115,110,44,1" hai1="63,76,20,122,88,125,43,66,85,24,60,26,118" hai2="25,27,11,31,35,0,123,22,33,14,108,75,112" hai3="133,40,89,45,95,46,51,98,57,96,30,5,111"/><V74/><F123/><W93/><G111/><T135/><D115/><U19/><E122/><V53/><F112/><W52/><G133/><T67/><D135/><U126/><E76/><V132/><F132/><W29/><G5/><T116/><D116/><U58/><E63/><V87/><F108/><W105/><G105/><T54/><D110/><U38/><E43/><V84/><F0/><W72/><G72/><T32/><D32/><U91/><E38/><V100/><F100/><N who="3" m="60431" /><G46/><T92/><D92/><U2/><E2/><V34/><F53/><W134/><G134/><T103/><D103/><U39/><E39/><V56/><F56/><W6/><G6/><T59/><D79/><U48/><E118/><V42/><F42/><W49/><AGARI ba="0,0" hai="29,30,40,45,49,51,52,57,89,95,98" m="60431" machi="49" ten="30,2000,0" yaku="8,1,54,1" doraHai="114" who="3" fromWho="3" sc="188,-5,267,-5,253,-10,292,20" /><INIT seed="3,0,0,4,1,116" ten="183,262,243,312" oya="3" hai0="93,5,9,106,91,17,43,104,11,35,73,12,130" hai1="48,122,39,129,55,15,110,121,134,111,30,64,105" hai2="117,60,61,42,115,66,7,113,63,88,45,79,29" hai3="131,81,68,96,59,97,4,34,33,108,76,109,14"/><W123/><G123/><N who="1" m="47114" /><E105/><V26/><F117/><W89/><G131/><T21/><D130/><U85/><E129/><V16/><F79/><W83/><G68/><T22/><D73/><U37/><E134/><V65/><F7/><W49/><G4/><T67/><D67/><U101/><E101/><V128/><F128/><W51/><G14/><T95/><D43/><U82/><E64/><V99/><F113/><W92/><G97/><T107/><D35/><N who="3" m="13321" /><G81/><T1/><REACH who="0" step="1"/><D95/><REACH who="0" ten="173,262,243,312" step="2"/><U18/><E30/><V13/><F66/><W41/><G41/><T114/><D114/><U47/><E82/><V44/><F65/><W40/><G40/><T27/><D27/><U135/><E135/><V0/><F42/><W3/><G3/><T24/><D24/><U133/><E133/><V112/><F0/><W28/><G92/><T56/><D56/><U98/><E98/><AGARI ba="0,1" hai="1,5,9,11,12,17,21,22,91,93,98,104,106,107" machi="98" ten="40,1300,0" yaku="1,1,53,0" doraHai="116" doraHaiUra="72" who="0" fromWho="1" sc="173,23,262,-13,243,0,312,0" owari="196,-30.0,249,5.0,243,-16.0,312,41.0" /></mjloggm>