<mjloggm ver="2.3"><GO type="41" lobby="0"/><UN n0="%6D%61%6E%64%6F%72%69%6E" n1="%E5%B0%8F%E7%AC%A0%E5%8E%9F%E7%89%B9%E6%80%A5" n2="%E5%B0%B1%E6%B4%BB%E7%94%9F%40%E5%B7%9D%E6%9D%91%E8%BB%8D%E5%9B%A3" n3="%E4%BA%BA%E7%94%9F%E9%97%87%E9%8D%8B" dan="14,15,16,14" rate="1926.19,2003.12,2167.63,1945.11" sx="M,F,M,M"/><TAIKYOKU oya="0"/><INIT seed="0,0,0,4,3,21" ten="250,250,250,250" oya="0" hai0="108,106,15,59,94,18,120,123,46,96,135,126,118" hai1="4,91,19,82,90,116,69,12,34,64,132,65,28" hai2="71,3,113,27,36,7,9,77,17,32,49,125,30" hai3="99,8,68,20,104,112,16,43,53,22,56,119,6"/><T122/><D118/><U109/><E116/><V39/><F113/><W41/><G68/><T51/><D106/><U128/><E4/><V133/><F71/><W57/><G119/><T54/><D135/><U42/><E132/><V48/><F133/><W55/><G112/><T11/><D126/><U114/><E114/><V52/><F125/><W84/><G104/><T35/><D35/><U76/><E109/><V103/><F103/><W13/><G99/><T1/><D1/><U127/><E127/><V79/><F49/><W78/><G22/><T33/><D33/><U100/><E42/><V23/><F79/><W67/><G67/><T25/><D108/><U107/><E100/><V10/><F10/><W89/><G78/><T101/><REACH who="0" step="1"/><D25/><REACH who="0" ten="240,250,250,250" step="2"/><U95/><E34/><V66/><F77/><W105/><G105/><T62/><D62/><U31/><E76/><V98/><F27/><N who="3" m="14727" /><G55/><T14/><D14/><U92/><E12/><V63/><F52/><W38/><G38/><T40/><D40/><N who="3" m="15433" /><G53/><T26/><D26/><U60/><E107/><V5/><F32/><W124/><G124/><T80/><D80/><AGARI ba="0,1" hai="6,8,13,56,57,80,84,89" m="15433,14727" machi="80" ten="30,3900,0" yaku="8,1,52,1,54,1" doraHai="21" who="3" fromWho="0" sc="240,-39,250,0,250,0,250,49" /><INIT seed="1,0,0,0,3,85" ten="201,250,250,299" oya="1" hai0="80,75,82,84,3,1,105,78,30,5,34,6,55" hai1="77,21,126,42,117,52,71,54,69,89,100,37,43" hai2="104,66,94,134,27,46,58,103,35,128,107,45,36" hai3="16,25,29,113,122,15,33,114,49,41,83,59,127"/><U31/><E117/><V87/><F134/><W24/><G24/><BYE who="3" /><T4/><D105/><U76/><E37/><V44/><F36/><W124/><G124/><T129/><D129/><U86/><E71/><V132/><F132/><W13/><G13/><T48/><D30/><UN n3="%E4%BA%BA%E7%94%9F%E9%97%87%E9%8D%8B" /><U112/><E69/><V10/><F128/><W131/><G131/><T119/><D34/><U47/><E112/><V39/><F39/><W53/><G127/><T102/><D102/><U109/><E126/><V111/><F111/><W20/><G122/><T110/><D110/><U135/><E135/><V125/><F125/><W62/><G83/><T32/><D32/><U64/><E100/><V95/><F10/><W81/><G81/><T22/><D22/><U120/><E64/><V97/><F27/><W118/><G118/><T130/><D130/><U7/><E7/><V72/><F72/><W9/><G41/><N who="1" m="15370" /><E47/><V73/><F73/><W123/><G123/><T61/><D61/><U133/><E133/><V17/><F17/><W68/><G68/><T79/><D119/><U88/><E109/><V116/><F116/><W56/><G33/><T67/><REACH who="0" step="1"/><D67/><AGARI ba="0,0" hai="9,15,16,20,25,29,49,53,56,59,62,67,113,114" machi="67" ten="30,2000,0" yaku="7,1,54,1" doraHai="85" who="3" fromWho="0" sc="201,-20,250,0,250,0,299,20" /><INIT seed="2,0,0,3,1,109" ten="181,250,250,319" oya="2" hai0="18,30,62,124,43,59,85,120,135,5,93,26,78" hai1="90,100,35,89,110,113,72,73,107,9,49,69,71" hai2="129,20,53,34,7,128,11,54,68,86,16,133,118" hai3="32,23,33,102,65,15,126,79,44,103,134,14,130"/><V119/><F68/><W82/><G65/><T61/><D120/><U81/><E110/><V112/><F34/><W96/><G103/><T70/><D135/><U125/><E35/><V94/><F133/><W105/><G134/><T116/><D116/><N who="2" m="44586" /><F94/><W55/><G15/><T84/><D70/><U21/><E49/><V106/><F86/><W108/><G108/><T45/><D5/><U104/><E100/><V91/><F91/><W114/><G44/><T80/><D18/><U58/><E58/><V28/><F106/><W10/><G55/><T56/><D124/><U92/><E125/><V123/><F28/><W3/><G126/><T42/><D42/><U131/><E92/><V25/><F112/><W57/><G114/><T1/><D1/><U38/><E113/><V115/><F115/><W51/><G3/><T117/><D117/><U63/><E89/><V127/><F127/><W27/><G33/><T50/><D93/><U19/><E104/><V88/><F88/><W8/><G32/><T12/><D85/><U2/><E90/><V83/><F83/><W67/><G82/><T66/><D12/><U48/><E81/><V101/><F101/><W47/><G102/><T97/><D97/><U17/><E107/><V24/><F24/><W87/><G96/><T13/><D13/><U0/><E69/><V99/><F99/><W41/><G14/><T95/><D95/><U132/><E71/><V74/><F74/><W37/><G105/><T39/><D78/><U64/><E72/><V52/><F123/><W22/><G79/><T60/><D80/><U31/><E132/><RYUUKYOKU ba="0,0" sc="181,-10,250,-10,250,30,319,-10" hai2="7,11,16,20,25,52,53,54,128,129" /><INIT seed="2,1,0,0,5,97" ten="171,240,280,309" oya="2" hai0="26,9,72,115,44,17,41,84,110,64,3,85,108" hai1="87,66,95,106,77,91,11,4,70,111,35,14,16" hai2="37,46,51,130,80,73,21,102,109,94,10,42,112" hai3="128,127,107,117,96,105,36,31,63,12,75,68,55"/><V20/><F112/><W114/><G36/><T82/><D72/><U24/><E106/><V15/><F130/><W34/><G12/><T126/><D115/><U60/><E111/><V48/><F109/><N who="0" m="42090" /><D64/><U134/><E77/><V0/><F0/><W129/><G55/><T29/><D126/><U92/><E134/><V89/><F37/><W62/><G62/><T1/><D17/><U135/><E135/><V25/><F51/><W43/><G43/><T27/><D9/><U125/><E125/><V69/><F69/><W23/><G23/><N who="0" m="15583" /><D27/><U30/><REACH who="1" step="1"/><E4/><REACH who="1" ten="171,230,280,309" step="2"/><N who="2" m="3527" /><F73/><W74/><G127/><T13/><D13/><U50/><E50/><V99/><F25/><N who="3" m="18799" /><G114/><T8/><D8/><U53/><E53/><V76/><F76/><W118/><G75/><T121/><D121/><U100/><E100/><V45/><F45/><W40/><G74/><T123/><D123/><U78/><E78/><V32/><F32/><W88/><G128/><T131/><D131/><U133/><E133/><V132/><F132/><W19/><G129/><T120/><D120/><U33/><E33/><V86/><AGARI ba="1,1" hai="20,21,42,46,48,80,86,89,94,99,102" m="3527" machi="86" ten="30,3000,0" yaku="8,1,52,1" doraHai="97" who="2" fromWho="2" sc="171,-11,230,-11,280,43,309,-11" /><INIT seed="2,2,0,2,3,82" ten="160,219,323,298" oya="2" hai0="6,123,79,20,44,0,75,126,73,57,48,104,62" hai1="60,33,70,21,88,100,61,74,83,49,55,107,124" hai2="15,35,77,46,94,99,118,45,32,40,93,34,63" hai3="38,66,56,85,109,78,22,105,81,111,133,13,51"/><V36/><F118/><W71/><G105/><T53/><D104/><U19/><E33/><V97/><F77/><W30/><G38/><T26/><D123/><U120/><E120/><V5/><F63/><W89/><G71/><T3/><D126/><U87/><E70/><V8/><F46/><W110/><G133/><T98/><D98/><U121/><E121/><V90/><REACH who="2" step="1"/><F35/><REACH who="2" ten="160,219,313,298" step="2"/><W96/><G78/><T68/><D68/><U117/><E117/><V37/><F37/><W108/><G108/><T69/><D69/><U115/><E124/><V2/><F2/><W119/><G119/><T50/><D79/><U1/><E1/><V134/><F134/><W135/><G135/><T27/><D50/><U122/><E122/><V23/><F23/><W39/><G39/><T14/><D0/><U91/><E60/><V9/><F9/><W128/><G111/><T31/><D3/><U43/><E61/><V58/><F58/><W92/><G110/><T106/><D27/><U125/><E21/><V41/><F41/><W114/><G109/><T113/><D75/><U129/><E43/><V86/><F86/><W103/><G51/><T127/><D73/><U112/><E74/><V17/><F17/><W72/><G72/><T116/><D127/><U132/><E19/><V47/><F47/><W95/><G56/><T29/><D116/><U10/><E125/><V52/><F52/><W4/><G66/><T12/><D53/><U42/><E55/><V80/><F80/><W130/><G81/><T59/><D59/><U131/><E83/><V7/><F7/><W54/><G4/><RYUUKYOKU ba="2,1" sc="160,-10,219,-10,313,30,298,-10" hai2="5,8,15,32,34,36,40,45,90,93,94,97,99" /><INIT seed="2,3,1,0,0,47" ten="150,209,343,288" oya="2" hai0="105,123,106,130,119,2,14,128,6,75,40,81,108" hai1="92,133,62,37,9,31,44,87,115,74,45,68,80" hai2="7,53,46,100,0,57,113,101,89,70,54,97,129" hai3="67,28,5,66,56,25,126,41,132,117,94,93,99"/><V90/><F113/><W43/><G117/><T33/><D14/><U116/><E116/><V50/><F70/><W35/><G5/><T8/><D123/><U82/><E115/><V39/><F129/><W36/><G94/><T63/><D63/><U52/><E37/><V109/><F109/><W104/><G36/><T85/><D119/><U48/><E74/><V96/><F7/><W110/><G110/><T15/><D108/><U26/><E68/><V77/><F77/><W131/><G104/><T49/><D33/><U55/><E133/><V11/><F11/><W23/><G35/><T64/><D64/><N who="3" m="24617" /><G126/><T65/><D65/><U51/><E62/><N who="2" m="36143" /><F39/><W42/><G131/><N who="0" m="50219" /><D75/><U16/><E31/><V58/><F0/><W72/><G132/><T107/><D2/><U122/><E122/><V125/><F125/><W78/><G78/><N who="0" m="46263" /><D107/><U19/><E9/><V114/><F114/><W112/><G112/><T91/><D91/><N who="2" m="34826" /><F46/><AGARI ba="3,1" hai="6,8,15,40,46,49,105,106" m="46263,50219" machi="46" ten="30,3900,0" yaku="25,1,19,1,52,1" doraHai="47" who="0" fromWho="2" sc="150,58,209,0,343,-48,288,0" /><INIT seed="3,0,0,5,0,7" ten="208,209,295,288" oya="3" hai0="105,21,45,81,130,49,29,24,13,128,80,56,93" hai1="42,39,118,35,95,85,26,91,52,119,108,73,133" hai2="5,48,84,74,54,116,2,127,16,88,86,41,19" hai3="51,6,58,34,55,10,31,123,28,66,0,44,25"/><W104/><G31/><T117/><D117/><U46/><E108/><V131/><F74/><W14/><G104/><T96/><D105/><U87/><E73/><V107/><F107/><W67/><G123/><T69/><D69/><U111/><E111/><V126/><F116/><N who="1" m="44585" /><E133/><V33/><F33/><W62/><REACH who="3" step="1"/><G0/><REACH who="3" ten="208,209,295,278" step="2"/><T103/><D130/><U20/><E35/><V75/><F131/><W114/><G114/><T125/><D128/><U115/><E115/><V113/><F113/><W60/><G60/><T98/><D125/><U65/><E65/><AGARI ba="0,1" hai="6,10,14,25,28,34,44,51,55,58,62,65,66,67" machi="65" ten="30,11600,0" yaku="1,1,7,1,52,1,53,1" doraHai="7" doraHaiUra="27" who="3" fromWho="1" sc="208,0,209,-116,295,0,278,126" /><INIT seed="3,1,0,0,1,94" ten="208,93,295,404" oya="3" hai0="81,129,73,127,61,86,126,91,38,74,3,59,65" hai1="19,41,23,113,31,120,76,119,6,15,40,4,2" hai2="128,70,49,99,78,17,55,69,18,11,47,64,27" hai3="98,29,25,66,101,102,39,135,10,60,26,43,93"/><W109/><G39/><T45/><D129/><U116/><E76/><V107/><F128/><W125/><G43/><T87/><D3/><U134/><E41/><V62/><F70/><W63/><G125/><T12/><D12/><U118/><E40/><V111/><F78/><W104/><G135/><T96/><D38/><U130/><E130/><V68/><F68/><W103/><G109/><T108/><D45/><U89/><E89/><V0/><F111/><W33/><G26/><T24/><D24/><N who="1" m="16799" /><E113/><V5/><REACH who="2" step="1"/><F27/><REACH who="2" ten="208,93,285,404" step="2"/><W20/><G33/><T79/><D108/><U30/><E134/><V110/><F110/><W54/><G104/><T56/><D73/><U71/><E71/><V46/><F46/><W22/><G25/><T35/><D56/><U37/><E37/><V105/><F105/><W95/><G29/><T53/><D35/><U34/><E30/><V48/><F48/><W124/><G124/><T16/><D127/><U131/><E34/><V123/><F123/><W106/><G106/><T7/><D126/><U1/><E131/><V92/><F92/><W14/><G95/><N who="0" m="56447" /><D74/><U80/><E80/><V77/><F77/><W115/><G115/><T9/><D79/><U100/><E120/><V84/><F84/><W67/><G93/><T133/><D81/><U57/><E100/><AGARI ba="1,1" hai="0,5,11,17,18,47,49,55,62,64,69,99,100,107" machi="100" ten="40,5200,0" yaku="1,1,52,1,53,1" doraHai="94" doraHaiUra="42" who="2" fromWho="1" sc="208,0,93,-55,285,65,404,0" /><INIT seed="4,0,0,4,0,120" ten="208,38,350,404" oya="0" hai0="88,23,102,74,47,129,94,36,64,93,32,22,67" hai1="75,9,97,98,108,42,132,107,87,27,65,118,77" hai2="135,90,61,11,105,82,12,39,6,84,19,10,70" hai3="13,110,31,50,30,52,37,54,0,103,128,80,3"/><T16/><D74/><U4/><E118/><V124/><F135/><W46/><G103/><T99/><D32/><U35/><E75/><V100/><F124/><W34/><G37/><T57/><D129/><U56/><E107/><V58/><F39/><W111/><G80/><T7/><D7/><U76/><E132/><V106/><F70/><W66/><G66/><T62/><D23/><U85/><E65/><V38/><F100/><W119/><G119/><T73/><D73/><U18/><E56/><V91/><F91/><W53/><G13/><T25/><D67/><U71/><E71/><V63/><F63/><W44/><G128/><T17/><D36/><U86/><E42/><V115/><F115/><W83/><G83/><T112/><D47/><U78/><E108/><V72/><F72/><W26/><G31/><N who="0" m="17847" /><D112/><U117/><E117/><V14/><F38/><W79/><G79/><T95/><D95/><U125/><E125/><V92/><F92/><W60/><G60/><T121/><D121/><U68/><E68/><V33/><F33/><W131/><G131/><T69/><D69/><U29/><REACH who="1" step="1"/><E18/><REACH who="1" ten="208,28,350,404" step="2"/><V45/><F45/><W114/><G114/><T48/><D48/><U59/><E59/><V49/><F49/><W109/><REACH who="3" step="1"/><G46/><REACH who="3" ten="208,28,350,394" step="2"/><T43/><D43/><AGARI ba="0,2" hai="0,3,26,30,34,43,44,50,52,53,54,109,110,111" machi="43" ten="50,12000,2" yaku="1,1,2,1,52,3,54,1,53,0" doraHai="120" doraHaiUra="134" who="3" fromWho="0" sc="208,-120,28,0,350,0,394,140" /><INIT seed="5,0,0,2,2,85" ten="88,28,350,534" oya="1" hai0="101,79,1,4,83,31,70,34,77,14,87,32,55" hai1="89,54,13,97,74,52,90,10,60,24,123,15,92" hai2="20,0,12,93,80,22,88,125,117,36,49,131,68" hai3="104,40,121,82,37,100,119,133,71,126,46,2,113"/><U23/><E123/><V134/><F0/><W25/><G82/><T116/><D116/><U95/><E74/><V26/><F36/><W120/><G25/><T76/><D101/><U105/><E105/><V107/><F68/><W112/><G119/><T109/><D70/><U103/><E15/><V30/><F107/><W17/><G17/><T41/><D41/><U45/><E60/><V21/><F117/><W19/><G19/><T91/><D1/><U8/><E13/><V110/><F110/><W66/><G2/><T63/><D109/><U58/><E45/><V118/><F118/><W81/><G81/><T127/><D127/><U27/><E103/><V86/><F125/><W18/><G18/><T135/><D135/><U132/><E132/><V42/><F131/><W62/><G126/><T96/><D96/><N who="1" m="57359" /><E23/><N who="2" m="15711" /><F134/><W64/><G133/><T129/><D31/><U69/><E69/><V16/><F80/><W44/><G66/><T114/><D129/><U57/><E57/><V53/><F42/><N who="3" m="22607" /><G100/><T7/><D14/><U84/><E97/><V65/><F65/><W47/><G47/><AGARI ba="0,0" hai="12,16,20,21,22,47,49,53,86,88,93" m="15711" machi="47" ten="30,7700,0" yaku="8,1,52,1,54,2" doraHai="85" who="2" fromWho="3" sc="88,0,28,0,350,77,534,-77" /><INIT seed="6,0,0,0,4,97" ten="88,28,427,457" oya="2" hai0="89,11,110,124,79,76,17,18,69,129,81,33,72" hai1="117,77,120,93,122,132,3,44,135,94,87,90,105" hai2="39,31,86,100,32,62,45,118,112,119,114,9,95" hai3="2,1,73,68,50,88,103,20,28,98,99,14,85"/><V15/><F32/><W71/><G73/><T8/><D33/><U56/><E3/><V5/><F31/><W96/><G2/><T78/><D69/><U75/><E44/><V64/><F45/><W104/><G1/><T43/><D110/><U61/><E56/><V19/><F39/><W37/><G37/><T46/><D124/><U30/><E61/><V13/><F86/><W102/><G71/><T47/><D72/><U41/><E41/><V42/><F42/><W23/><G68/><T16/><D129/><U131/><E30/><V80/><F80/><N who="3" m="49191" /><G104/><T125/><D125/><U65/><E65/><V84/><F84/><W54/><G14/><T121/><D121/><N who="1" m="46699" /><E131/><V128/><F128/><W0/><G0/><T22/><D22/><N who="3" m="8233" /><G28/><T115/><D115/><N who="2" m="44074" /><F13/><W6/><G6/><T113/><D113/><U126/><E117/><V83/><F83/><W12/><G12/><T111/><D111/><U55/><E126/><V40/><F40/><W10/><G10/><N who="0" m="3627" /><D43/><U107/><E55/><V109/><F5/><W108/><G108/><T123/><D123/><U36/><E36/><V63/><F109/><W92/><G92/><T74/><D74/><U67/><E67/><V48/><F48/><W51/><G51/><T130/><D130/><U66/><E66/><V70/><F63/><W82/><G82/><T24/><D24/><U25/><E25/><V59/><F70/><W60/><G60/><T127/><D127/><U26/><E26/><V21/><F9/><W106/><G106/><N who="1" m="40458" /><E94/><V134/><F134/><N who="1" m="51241" /><E75/><V27/><F27/><W29/><G29/><T34/><D34/><RYUUKYOKU ba="0,0" sc="88,0,28,0,427,0,457,0" hai0="16,17,18,46,47,76,78,79,81,89" hai1="77,87,90,93" hai2="15,19,21,59,62,64,95,100,118,119" hai3="50,54,96,98,99,102,103" /><INIT seed="6,1,0,5,3,15" ten="88,28,427,457" oya="2" hai0="68,6,119,121,84,71,31,45,92,51,46,135,101" hai1="39,22,111,12,21,69,62,72,90,86,49,99,41" hai2="95,32,125,128,64,131,27,55,43,122,81,88,60" hai3="112,106,109,83,14,107,34,115,23,78,5,35,103"/><V94/><F122/><W38/><G109/><T33/><D121/><U25/><E72/><V67/><F43/><W70/><G38/><T108/><D108/><U123/><E39/><V37/><F37/><W77/><G77/><T26/><D119/><U58/><E111/><V110/><F110/><W129/><G70/><T52/><D135/><U79/><E123/><V76/><F125/><W114/><G129/><N who="2" m="49737" /><F94/><W66/><G66/><T98/><D6/><U40/><E69/><V16/><F55/><W120/><G120/><T20/><D33/><N who="3" m="12297" /><G103/><T2/><D2/><U130/><E130/><V74/><F60/><W59/><G59/><T117/><D117/><U9/><E49/><V82/><F82/><W1/><G1/><T3/><D3/><U30/><E22/><N who="2" m="13767" /><F32/><W100/><G100/><T0/><D0/><U63/><E63/><V127/><F127/><W118/><G118/><T8/><D8/><U19/><E79/><V93/><F93/><W44/><G44/><T65/><D65/><N who="1" m="39127" /><E99/><AGARI ba="1,0" hai="64,67,74,76,81,88,95,99" m="13767,49737" machi="99" ten="30,11600,0" yaku="19,1,52,1,54,2" doraHai="15" who="2" fromWho="1" sc="88,0,28,-119,427,119,457,0" owari="88,-31.0,-91,-59.0,546,64.0,457,26.0" /></mjloggm>