<mjloggm ver="2.3"><GO type="97" lobby="0"/><UN n0="%41%49%44%41" n1="%E6%98%BC%E4%B8%8B%E3%81%8C%E3%82%8A%E3%81%AE%E5%9B%A3%E5%9C%B0%E5%A6%BB" n2="%E6%84%9B%E5%AE%95%E3%83%8D%E3%82%AD%E3%80%82" n3="%E5%B0%B1%E6%B4%BB%E7%94%9F%40%E5%B7%9D%E6%9D%91%E8%BB%8D%E5%9B%A3" dan="14,14,15,15" rate="1869.82,1924.30,2023.15,2058.99" sx="M,F,M,M"/><TAIKYOKU oya="0"/><INIT seed="0,0,0,2,0,62" ten="250,250,250,250" oya="0" hai0="100,66,29,15,46,0,123,110,132,70,17,30,20" hai1="77,69,103,18,34,120,63,109,16,105,114,25,133" hai2="23,49,37,7,55,82,3,107,72,119,115,75,56" hai3="68,28,126,44,81,6,88,90,80,65,97,58,40"/><T26/><D123/><U125/><E120/><V59/><F119/><W13/><G126/><T89/><D100/><U39/><E39/><V45/><F115/><W116/><G68/><T42/><D132/><U124/><E77/><V32/><F107/><W95/><G116/><T53/><D0/><U78/><E78/><V85/><F32/><W76/><G28/><T24/><D53/><U96/><E133/><V43/><F23/><W129/><G129/><T27/><D110/><U108/><E114/><V67/><F3/><W101/><G6/><T4/><D4/><U31/><E124/><V84/><F7/><W111/><G13/><T19/><D89/><N who="3" m="34409" /><G76/><T11/><D66/><N who="1" m="41183" /><E125/><V122/><F122/><W1/><G1/><T128/><D70/><U91/><E91/><V104/><F104/><W99/><G99/><T127/><D127/><U73/><E73/><V121/><F121/><W21/><G21/><T98/><D98/><U2/><E2/><V94/><F94/><W51/><G111/><AGARI ba="0,0" hai="16,18,25,31,34,96,103,105,108,109,111" m="41183" machi="111" ten="30,7700,0" yaku="25,1,14,1,52,1,54,1" doraHai="62" who="1" fromWho="3" sc="250,0,250,77,250,0,250,-77" /><INIT seed="1,0,0,4,0,33" ten="250,327,250,173" oya="1" hai0="75,53,96,35,24,29,95,91,34,49,9,113,28" hai1="27,88,80,98,121,120,12,65,22,92,32,76,102" hai2="21,58,37,8,31,64,83,71,38,107,84,115,73" hai3="127,19,118,48,17,79,117,81,39,59,25,56,14"/><U100/><E65/><V42/><F107/><W45/><G39/><T11/><D75/><U41/><E41/><V67/><F73/><W6/><G127/><T85/><D113/><U132/><E132/><V122/><F122/><W108/><G108/><T36/><D36/><U3/><E3/><V129/><F129/><W90/><G90/><T124/><D124/><U112/><E112/><V20/><F115/><W110/><G110/><T44/><REACH who="0" step="1"/><D96/><REACH who="0" ten="240,327,250,173" step="2"/><U93/><E121/><V2/><F37/><W106/><G106/><T125/><D125/><U103/><E120/><V16/><F38/><W15/><G6/><T7/><D7/><U111/><E98/><V43/><F84/><N who="3" m="48191" /><G117/><T10/><D10/><U63/><E111/><V104/><F8/><N who="3" m="6343" /><G25/><AGARI ba="0,1" hai="9,11,24,25,28,29,34,35,44,49,53,85,91,95" machi="25" ten="40,2600,0" yaku="1,1,9,1,53,0" doraHai="33" doraHaiUra="77" who="0" fromWho="3" sc="240,36,327,0,250,0,173,-26" /><INIT seed="2,0,0,0,0,132" ten="276,327,250,147" oya="2" hai0="91,111,41,133,117,122,96,5,22,46,51,118,74" hai1="128,81,30,55,59,116,124,57,54,75,115,107,65" hai2="52,16,53,12,58,62,73,42,63,6,43,49,87" hai3="90,68,100,34,84,36,82,88,33,47,20,101,29"/><V108/><F73/><W97/><G68/><T24/><D24/><U92/><E107/><V114/><F114/><W123/><G123/><T110/><D133/><U17/><E115/><V7/><F108/><N who="0" m="41514" /><D74/><U77/><E30/><V60/><F87/><W119/><G119/><N who="0" m="45579" /><D22/><U103/><E116/><V11/><F53/><W83/><G20/><T67/><D5/><AGARI ba="0,0" hai="5,6,7,11,12,16,42,43,49,52,58,60,62,63" machi="5" ten="40,7700,0" yaku="8,1,54,2" doraHai="132" who="2" fromWho="0" sc="276,-77,327,0,250,77,147,0" /><INIT seed="2,1,0,4,3,44" ten="199,327,327,147" oya="2" hai0="124,13,19,108,117,2,107,119,89,35,105,113,116" hai1="40,77,18,17,59,25,4,87,132,0,45,123,55" hai2="36,134,73,84,26,67,74,72,97,85,66,101,7" hai3="47,64,90,23,43,63,6,30,70,93,112,16,9"/><V129/><F36/><W41/><G112/><T95/><D113/><U114/><E114/><V86/><F129/><W37/><G30/><T128/><D128/><U106/><E106/><V24/><F7/><W22/><G43/><T46/><D2/><U38/><E132/><V82/><F82/><W121/><G121/><T111/><D35/><U20/><E123/><V60/><F134/><W98/><REACH who="3" step="1"/><G16/><REACH who="3" ten="199,327,327,137" step="2"/><T130/><D130/><U14/><E18/><V71/><REACH who="2" step="1"/><F66/><REACH who="2" ten="199,327,317,137" step="2"/><W110/><G110/><N who="0" m="42027" /><D124/><U53/><E4/><V33/><F33/><W5/><G5/><T78/><D46/><U120/><E45/><V62/><F62/><W42/><G42/><T125/><D125/><U88/><E40/><V94/><AGARI ba="1,2" hai="24,26,60,67,71,72,73,74,84,85,86,94,97,101" machi="94" ten="40,7800,0" yaku="1,1,0,1,53,1" doraHai="44" doraHaiUra="99" who="2" fromWho="2" sc="199,-27,327,-27,317,101,137,-27" /><INIT seed="2,2,0,2,4,121" ten="172,300,418,110" oya="2" hai0="21,109,84,8,22,59,98,62,106,97,88,72,9" hai1="27,94,43,107,108,24,1,67,39,128,40,125,42" hai2="58,38,130,30,29,117,119,89,127,101,2,65,91" hai3="135,81,31,131,71,129,105,18,120,74,26,51,57"/><V114/><F2/><W79/><G71/><T103/><D72/><U20/><E107/><V116/><F38/><W5/><G120/><T134/><D134/><U7/><E39/><V49/><F114/><W73/><G105/><T25/><D98/><U35/><E35/><V50/><F101/><W16/><G135/><T41/><D41/><U83/><E83/><V85/><F130/><W32/><G74/><T47/><D47/><U0/><E67/><V70/><F70/><W33/><G33/><T133/><D133/><U17/><E128/><N who="3" m="49226" /><G5/><T6/><D109/><U14/><E125/><V34/><F91/><W53/><AGARI ba="2,0" hai="16,18,26,31,32,51,53,57,73,79,81" m="49226" machi="53" ten="30,2000,0" yaku="19,1,54,1" doraHai="121" who="3" fromWho="3" sc="172,-7,300,-7,418,-12,110,26" /><INIT seed="3,0,0,2,0,122" ten="165,293,406,136" oya="3" hai0="12,38,66,96,21,35,39,26,55,132,31,83,49" hai1="19,121,43,103,117,75,99,0,16,128,5,57,82" hai2="131,88,100,37,81,97,108,47,68,40,60,80,84" hai3="53,85,77,116,51,59,72,105,124,102,94,78,4"/><W71/><G116/><T111/><D66/><U114/><E121/><V74/><F131/><W27/><G124/><T120/><D120/><U133/><E114/><V56/><F68/><W92/><G71/><T98/><D132/><U70/><E70/><V6/><F6/><W76/><G72/><T118/><D118/><U104/><E57/><V2/><F2/><W109/><G109/><T119/><D119/><U95/><E43/><V7/><F108/><W91/><G4/><T93/><D111/><U107/><E0/><V135/><F7/><W89/><G27/><T18/><D83/><U30/><E30/><V125/><F135/><W10/><G10/><T79/><D79/><U34/><E34/><V11/><F11/><W110/><G110/><T3/><D3/><U123/><E19/><V14/><F14/><W115/><G115/><T29/><D29/><U8/><E16/><V17/><F17/><W36/><G36/><T41/><D41/><U42/><E8/><V130/><F130/><W65/><G65/><T101/><D96/><U22/><E42/><V126/><F74/><W9/><G9/><T113/><D113/><U90/><E5/><V28/><F28/><W33/><G33/><T15/><D15/><U62/><E22/><V20/><F20/><W61/><G102/><T69/><D69/><U86/><E133/><V25/><F25/><W67/><G105/><T46/><AGARI ba="0,0" hai="12,18,21,26,31,35,38,39,46,49,55,93,98,101" machi="46" ten="20,1500,0" yaku="0,1,7,1" doraHai="122" who="0" fromWho="0" sc="165,15,293,-4,406,-4,136,-7" owari="180,-22.0,289,9.0,402,50.0,129,-37.0" /></mjloggm>