<mjloggm ver="2.3"><GO type="169" lobby="0"/><UN n0="%E3%83%AC%E3%83%87%E3%82%B9%E3%83%9E" n1="%E3%82%A6%E3%83%AB%E3%83%88%E3%83%A9%E7%AB%8B%E7%9B%B4" n2="%E3%82%B7%E3%83%AB%E3%83%93%E3%82%A3" n3="%67%6F%69%73%75%62%61%69" dan="17,17,17,16" rate="2158.93,2206.03,2202.83,2033.48" sx="M,M,F,M"/><TAIKYOKU oya="0"/><INIT seed="0,0,0,5,0,54" ten="250,250,250,250" oya="0" hai0="99,79,45,65,114,2,95,133,41,3,97,111,113" hai1="56,52,0,12,11,70,35,34,73,101,108,43,117" hai2="107,112,8,24,51,25,96,1,84,125,66,86,31" hai3="7,17,91,36,30,124,106,100,77,14,81,33,126"/><T127/><D133/><U98/><E117/><V32/><F112/><W123/><G36/><T44/><D127/><U130/><E0/><V60/><F125/><W104/><G7/><T16/><D79/><U62/><E73/><V26/><F51/><W131/><G123/><T78/><D78/><U10/><E130/><V102/><F26/><W64/><G64/><T67/><D111/><U53/><E108/><V48/><F48/><W121/><G121/><T38/><D38/><U116/><E116/><V110/><F25/><W23/><G131/><T118/><D118/><U93/><E43/><V82/><F110/><W74/><G33/><T5/><D5/><U58/><E70/><V61/><F61/><W28/><G104/><T129/><D129/><U115/><E115/><V40/><F40/><W47/><G47/><T80/><D41/><U134/><E134/><V72/><F72/><W76/><G76/><T21/><D95/><U135/><E135/><V39/><F39/><W88/><G28/><T27/><D27/><U42/><E42/><V92/><F92/><W83/><G30/><T57/><D80/><U128/><E128/><V109/><F109/><W87/><REACH who="3" step="1"/><G91/><REACH who="3" ten="250,250,250,240" step="2"/><T37/><D37/><U122/><E122/><V63/><F66/><W69/><G69/><T71/><D71/><U85/><E34/><V4/><F82/><W49/><G49/><T46/><D46/><U120/><E35/><V59/><F63/><W18/><G18/><T19/><D57/><U29/><E58/><V68/><F68/><W15/><G15/><T89/><D89/><U119/><E56/><RYUUKYOKU ba="0,1" sc="250,10,250,-30,250,10,240,10" hai0="2,3,16,19,21,44,45,65,67,97,99,113,114" hai2="1,4,8,24,31,32,59,60,84,86,96,102,107" hai3="14,17,23,74,77,81,83,87,88,100,106,124,126" /><INIT seed="0,1,1,1,4,65" ten="260,220,260,250" oya="0" hai0="123,68,52,103,29,95,15,113,87,42,61,75,90" hai1="25,92,86,98,5,62,120,109,49,33,76,71,51" hai2="96,134,59,108,67,34,7,16,50,1,99,126,132" hai3="114,24,94,14,133,74,77,70,101,116,93,102,26"/><T85/><D123/><U69/><E120/><V21/><F34/><W2/><G2/><T22/><D75/><U12/><E109/><V11/><F108/><W91/><G114/><T107/><D113/><U88/><E62/><N who="2" m="38367" /><F50/><W110/><G110/><T104/><D42/><U82/><E49/><V6/><F6/><W106/><G116/><T80/><D103/><U20/><E33/><V115/><F115/><W23/><G106/><T78/><D68/><U63/><E63/><V18/><F18/><W135/><G77/><T35/><D35/><U100/><E51/><V83/><F83/><W0/><G74/><T129/><D129/><U30/><REACH who="1" step="1"/><E76/><REACH who="1" ten="260,210,260,250" step="2"/><V111/><F111/><W105/><G135/><N who="2" m="51753" /><F126/><W117/><G133/><T46/><D61/><U38/><E38/><V66/><F66/><W44/><G117/><T54/><D78/><U19/><E19/><V73/><F73/><W64/><G64/><T27/><D54/><U112/><E112/><V60/><F60/><W31/><G31/><T130/><D29/><U56/><E56/><V119/><F119/><W39/><G39/><T122/><D52/><U84/><E84/><V41/><F41/><W55/><G55/><T47/><D87/><U17/><E17/><V81/><F16/><W118/><G118/><T72/><D85/><U40/><E40/><V53/><F53/><W97/><G44/><T121/><D47/><U28/><E28/><V3/><F21/><W57/><G23/><T79/><D46/><U48/><E48/><V127/><F127/><W10/><G57/><T45/><D45/><U125/><E125/><RYUUKYOKU ba="1,2" sc="260,-10,210,30,260,-10,250,-10" hai1="5,12,20,25,30,69,71,82,86,88,92,98,100" /><INIT seed="1,2,2,3,4,17" ten="250,240,250,240" oya="1" hai0="70,85,46,30,14,56,58,82,35,93,45,108,20" hai1="118,42,26,110,43,111,63,122,21,101,121,67,73" hai2="65,48,13,95,51,64,106,133,9,50,86,39,49" hai3="104,40,130,87,34,25,7,27,96,74,62,92,94"/><U129/><E73/><V75/><F75/><W8/><G74/><T123/><D70/><U80/><E118/><V15/><F106/><W99/><G130/><T47/><D108/><N who="1" m="41515" /><E80/><V115/><F39/><W135/><G104/><T68/><D68/><N who="1" m="42111" /><E101/><V116/><F116/><W19/><G135/><T59/><D123/><N who="1" m="47115" /><E129/><V16/><F133/><W91/><G87/><T107/><D107/><U24/><E24/><V102/><F115/><W72/><G72/><T83/><D35/><U84/><E84/><V23/><N who="2" m="12288" /><DORA hai="134" /><V88/><REACH who="2" step="1"/><F102/><REACH who="2" ten="250,240,240,240" step="2"/><W60/><G60/><T28/><D47/><U53/><E53/><V79/><F79/><W29/><G62/><T109/><D46/><U38/><E38/><V66/><F66/><W3/><G40/><T69/><D45/><U33/><E33/><V132/><F132/><W113/><G113/><T12/><D109/><U41/><E41/><V57/><F57/><W5/><G34/><T114/><D114/><U6/><E6/><AGARI ba="2,3" hai="6,9,13,15,16,23,64,65,86,88,95" m="12288" machi="6" ten="50,12000,2" yaku="1,1,8,1,52,1,54,2,53,1" doraHai="17,134" doraHaiUra="89,52" who="2" fromWho="1" sc="250,0,240,-126,240,156,240,0" /><INIT seed="2,0,0,5,5,1" ten="250,114,396,240" oya="2" hai0="68,2,24,25,91,27,58,79,60,63,103,18,100" hai1="29,6,90,38,92,127,41,34,42,14,15,57,130" hai2="49,121,110,28,26,40,36,39,107,94,106,119,23" hai3="93,43,75,134,50,35,112,0,4,17,9,45,54"/><V53/><F119/><W78/><G35/><T65/><D2/><U21/><E34/><V7/><F121/><W22/><G134/><T115/><D115/><U95/><E127/><V101/><F40/><N who="1" m="15465" /><E38/><V3/><F94/><N who="1" m="35881" /><E130/><V8/><F110/><W32/><G32/><T33/><D33/><U123/><E123/><V86/><F86/><W64/><G64/><T88/><D79/><U19/><E57/><V85/><F85/><W116/><G116/><T74/><D74/><U89/><E29/><V104/><REACH who="2" step="1"/><F101/><REACH who="2" ten="250,114,386,240" step="2"/><W132/><G132/><T122/><D122/><U66/><E66/><V111/><F111/><W120/><G120/><T37/><D103/><U131/><E131/><V59/><AGARI ba="0,1" hai="3,7,8,23,26,28,36,39,49,53,59,104,106,107" machi="59" ten="30,6000,0" yaku="1,1,0,1,52,1,53,0" doraHai="1" doraHaiUra="30" who="2" fromWho="2" sc="250,-20,114,-20,386,70,240,-20" /><INIT seed="2,1,0,3,0,15" ten="230,94,456,220" oya="2" hai0="10,86,26,98,77,6,119,106,20,120,0,78,22" hai1="47,69,39,42,87,84,97,125,14,3,9,25,128" hai2="94,60,82,117,130,71,21,110,23,64,24,101,37" hai3="51,70,76,113,88,133,114,85,135,18,40,38,32"/><V49/><F117/><W99/><G70/><T28/><D120/><U122/><E122/><V46/><F130/><W118/><G32/><T19/><D119/><U29/><E128/><V129/><F129/><W124/><G38/><T2/><D2/><U89/><E69/><V36/><F23/><W31/><G31/><T83/><D106/><U81/><E125/><V50/><F50/><W68/><G68/><T58/><D98/><U123/><E123/><V34/><F34/><W74/><G74/><T59/><REACH who="0" step="1"/><D78/><REACH who="0" ten="220,94,456,220" step="2"/><U55/><E3/><V100/><F110/><W41/><G76/><T66/><D66/><U27/><E97/><V107/><F107/><W75/><G99/><T61/><D61/><U57/><E29/><V109/><F60/><W115/><G118/><T52/><D52/><U92/><E55/><V8/><F64/><W134/><G124/><T16/><D16/><U5/><E57/><V91/><F71/><W63/><G63/><T79/><D79/><AGARI ba="1,1" hai="5,9,14,25,27,39,42,47,79,81,84,87,89,92" machi="79" ten="30,1000,0" yaku="7,1" doraHai="15" who="1" fromWho="0" sc="220,-13,94,23,456,0,220,0" /><INIT seed="3,0,0,1,2,4" ten="207,117,456,220" oya="3" hai0="34,106,84,27,88,56,100,62,73,115,57,90,53" hai1="105,52,87,37,17,71,54,82,114,42,67,50,21" hai2="116,102,132,119,107,60,41,12,25,109,1,104,30" hai3="89,70,65,35,94,8,129,83,127,28,46,2,134"/><W80/><G127/><T86/><D73/><U18/><E105/><V133/><F1/><W63/><G134/><N who="2" m="51817" /><F109/><W49/><G129/><T31/><D115/><U118/><E118/><N who="2" m="45099" /><F102/><W128/><G128/><T48/><D106/><U51/><E114/><V6/><F41/><W108/><G108/><T74/><D74/><U33/><E33/><N who="2" m="20687" /><F60/><W16/><G28/><T61/><D100/><U22/><E42/><V9/><AGARI ba="0,0" hai="6,9,12,104,107" m="20687,45099,51817" machi="9" ten="40,2700,0" yaku="20,1,52,1" doraHai="4" who="2" fromWho="2" sc="207,-7,117,-7,456,27,220,-13" /><INIT seed="4,0,0,2,1,96" ten="200,110,483,207" oya="0" hai0="125,92,7,81,25,33,78,39,65,55,37,46,41" hai1="106,8,23,68,97,50,44,57,124,71,34,101,53" hai2="28,54,48,80,134,3,103,19,58,47,77,132,98" hai3="75,22,13,91,72,59,86,90,29,35,32,56,117"/><T135/><D135/><N who="2" m="51754" /><F3/><W118/><G86/><T52/><D125/><U116/><E34/><V4/><F4/><W84/><G84/><T18/><D37/><U120/><E120/><V70/><F70/><W9/><G13/><T30/><D7/><U127/><E116/><V43/><F19/><W66/><G22/><T128/><D128/><U10/><E23/><V87/><F28/><W36/><G36/><T42/><D42/><U110/><E110/><V122/><F122/><W20/><G20/><T17/><D65/><U5/><E10/><V40/><F58/><W102/><G66/><T129/><D129/><U67/><E67/><V69/><F69/><W64/><G64/><T112/><D112/><U38/><E71/><V133/><F133/><W26/><G26/><T27/><D27/><U79/><E68/><V83/><F80/><W88/><G91/><T85/><REACH who="0" step="1"/><D92/><AGARI ba="0,0" hai="40,43,47,48,54,77,83,87,92,98,103" m="51754" machi="92" ten="30,2000,0" yaku="20,1,52,1" doraHai="96" who="2" fromWho="0" sc="200,-20,110,0,483,20,207,0" /><INIT seed="5,0,0,1,1,105" ten="180,110,503,207" oya="1" hai0="114,17,13,112,125,104,44,108,14,86,42,83,32" hai1="126,43,61,72,59,70,132,68,56,27,124,45,115" hai2="60,85,116,97,131,64,8,46,82,78,53,65,40" hai3="133,117,81,33,9,89,20,18,80,50,0,128,52"/><U134/><E72/><V39/><F116/><W48/><G33/><T3/><D108/><U30/><E30/><V24/><F131/><W41/><G128/><T109/><D109/><U16/><E16/><V66/><F8/><W91/><G133/><N who="1" m="51306" /><E27/><V94/><F24/><W96/><G117/><T69/><D32/><U26/><E26/><V10/><F53/><W73/><G73/><T76/><D3/><U2/><E2/><V92/><F10/><W38/><G38/><T74/><D14/><U47/><E115/><N who="0" m="44073" /><D125/><N who="1" m="48235" /><E59/><V87/><F87/><W15/><G0/><T77/><D69/><N who="1" m="26731" /><E43/><V5/><F5/><W106/><G41/><T103/><D74/><U121/><E121/><V120/><F120/><W95/><G9/><N who="0" m="6319" /><D104/><U98/><E98/><V110/><F110/><W35/><G106/><T11/><D11/><U118/><E118/><V23/><F23/><W63/><G35/><T102/><D77/><U28/><E28/><V21/><F97/><W75/><G75/><T1/><D1/><U36/><E36/><AGARI ba="0,0" hai="36,42,44,76,83,86,102,103" m="6319,44073" machi="36" ten="30,1000,0" yaku="15,1" doraHai="105" who="0" fromWho="1" sc="180,10,110,-10,503,0,207,0" /><INIT seed="6,0,0,1,4,43" ten="190,100,503,207" oya="2" hai0="135,103,131,116,69,4,134,45,89,40,87,92,100" hai1="84,119,110,55,127,28,38,22,18,23,68,93,10" hai2="73,132,62,42,67,16,88,11,130,58,6,3,61" hai3="96,57,86,12,35,102,65,56,52,101,49,37,2"/><V104/><F104/><W66/><G37/><T33/><D33/><U24/><E110/><V8/><F73/><W112/><G2/><T77/><D131/><U71/><E119/><V47/><F130/><W53/><G35/><T9/><D69/><U63/><E38/><V60/><F132/><N who="0" m="50730" /><D77/><U19/><E127/><V7/><F88/><W70/><G70/><T85/><D85/><U76/><E10/><V121/><F121/><W29/><G29/><T27/><D27/><U44/><E28/><V48/><REACH who="2" step="1"/><F16/><REACH who="2" ten="190,100,493,207" step="2"/><W21/><G112/><T129/><D129/><U82/><E93/><V114/><F114/><W54/><G102/><T46/><D116/><U118/><E118/><V128/><F128/><W81/><G101/><T14/><D103/><U113/><E113/><V31/><F31/><W122/><G122/><T99/><D100/><U50/><REACH who="1" step="1"/><E63/><REACH who="1" ten="190,90,493,207" step="2"/><V72/><F72/><W117/><G117/><T51/><D92/><U64/><E64/><V25/><F25/><AGARI ba="0,2" hai="18,19,22,23,24,25,44,50,55,68,71,76,82,84" machi="25" ten="30,12000,2" yaku="1,1,7,1,9,1,52,1,53,2" doraHai="43" doraHaiUra="20" who="1" fromWho="2" sc="190,0,90,140,493,-120,207,0" /><INIT seed="7,0,0,3,0,1" ten="190,230,373,207" oya="3" hai0="15,134,37,28,116,59,49,35,42,128,86,93,52" hai1="60,83,61,3,46,38,68,84,8,73,120,117,58" hai2="96,20,79,122,11,129,78,133,100,51,14,99,106" hai3="126,32,74,87,76,57,25,23,53,36,27,123,44"/><W105/><G74/><T94/><D116/><U124/><E58/><V64/><F129/><W125/><G105/><T5/><D128/><U65/><E61/><V39/><F39/><W43/><G123/><T89/><D134/><U98/><E84/><V63/><F122/><W80/><G32/><T48/><D37/><U24/><E98/><V17/><F133/><W62/><REACH who="3" step="1"/><G23/><REACH who="3" ten="190,230,373,197" step="2"/><T114/><D35/><U103/><E73/><V7/><F106/><W85/><G85/><T90/><D114/><U115/><E115/><V113/><F113/><W66/><G66/><T131/><D131/><U104/><E65/><V50/><F99/><W127/><AGARI ba="0,1" hai="25,27,36,43,44,53,57,62,76,80,87,125,126,127" machi="127" ten="30,11700,0" yaku="1,1,0,1,18,1,53,1" doraHai="1" doraHaiUra="54" who="3" fromWho="3" sc="190,-39,230,-39,373,-39,197,127" /><INIT seed="7,1,0,3,3,18" ten="151,191,334,324" oya="3" hai0="17,103,77,110,93,37,53,48,99,51,42,6,54" hai1="16,5,106,72,31,38,115,122,128,95,94,83,32" hai2="33,56,90,111,134,30,105,131,73,39,14,58,1" hai3="49,123,61,129,109,74,10,59,84,27,40,125,92"/><W113/><G74/><T34/><D110/><U44/><E16/><V135/><F1/><W120/><G109/><T81/><D34/><U23/><E23/><V130/><F111/><W57/><G113/><T55/><D6/><U26/><E94/><V97/><F73/><W43/><G125/><T118/><D118/><U41/><E95/><N who="2" m="56567" /><F105/><W66/><G129/><N who="2" m="49161" /><F39/><W36/><G36/><T98/><D98/><U45/><E45/><V101/><F101/><W104/><G104/><T4/><D4/><U15/><E5/><V96/><F96/><W89/><G123/><T35/><D35/><U80/><E32/><V0/><F0/><W63/><G49/><T28/><D28/><U70/><E31/><V107/><F107/><W50/><G50/><T3/><D3/><U116/><E106/><V62/><F14/><W87/><G120/><T76/><D17/><U132/><E122/><V46/><F46/><W2/><G2/><T25/><D25/><U13/><E26/><N who="2" m="18647" /><F56/><W52/><G10/><T121/><D121/><U9/><E9/><V126/><F126/><W133/><G133/><T60/><D60/><U114/><E116/><V91/><F91/><N who="3" m="53351" /><G27/><T64/><D64/><AGARI ba="1,0" hai="58,62,64,134,135" m="18647,49161,56567" machi="64" ten="30,1000,0" yaku="19,1" doraHai="18" who="2" fromWho="0" sc="151,-13,191,0,334,13,324,0" owari="138,-36.0,191,-21.0,347,45.0,324,12.0" /></mjloggm>