<mjloggm ver="2.3"><GO type="41" lobby="0"/><UN n0="%E3%82%AD%E3%82%B9%E3%81%A7%E8%B5%B7%E3%81%93%E3%81%97%E3%81%A6" n1="%E3%83%AA%E3%82%A2%E9%BA%BB%E7%B5%8C%E9%A8%93%E3%81%AA%E3%81%97" n2="%E5%B0%B1%E6%B4%BB%E7%94%9F%40%E5%B7%9D%E6%9D%91%E8%BB%8D%E5%9B%A3" n3="%74%65%73%74%77%71" dan="14,13,15,13" rate="1997.84,1882.56,2006.12,1803.00" sx="F,M,M,M"/><TAIKYOKU oya="0"/><INIT seed="0,0,0,0,4,127" ten="250,250,250,250" oya="0" hai0="120,102,37,47,77,23,64,26,121,90,43,92,48" hai1="134,52,103,5,30,51,20,32,11,24,97,123,42" hai2="100,95,89,130,29,105,108,22,81,54,82,71,33" hai3="91,68,70,83,46,60,65,114,55,106,57,88,62"/><T15/><D77/><U25/><E123/><V1/><F1/><W35/><G114/><T0/><D0/><U76/><E134/><V133/><F33/><W129/><G129/><T128/><D128/><U87/><E42/><V49/><F71/><W119/><G119/><T53/><D102/><U78/><E87/><V112/><F130/><W21/><G35/><T36/><D64/><U109/><E109/><V94/><F112/><W4/><G106/><T117/><D117/><U135/><E135/><V66/><F66/><W39/><G4/><T7/><D36/><U99/><E24/><N who="2" m="16535" /><F105/><W93/><G68/><T44/><D15/><N who="1" m="5615" /><E32/><V104/><F104/><W85/><G21/><T86/><REACH who="0" step="1"/><D7/><REACH who="0" ten="240,250,250,250" step="2"/><U80/><E103/><V113/><F100/><W67/><G39/><T31/><AGARI ba="0,1" hai="23,26,31,37,43,44,47,48,53,86,90,92,120,121" machi="31" ten="20,7800,0" yaku="1,1,2,1,0,1,7,1,53,0" doraHai="127" doraHaiUra="12" who="0" fromWho="0" sc="240,88,250,-26,250,-26,250,-26" /><INIT seed="0,1,0,1,2,54" ten="328,224,224,224" oya="0" hai0="58,52,13,123,130,94,35,100,19,73,49,7,81" hai1="59,14,0,99,4,112,133,23,114,53,107,66,90" hai2="36,43,101,97,67,98,134,92,132,103,120,129,62" hai3="102,79,60,74,42,12,76,24,116,26,1,32,40"/><T18/><D123/><U37/><E37/><V21/><F120/><W38/><G116/><T61/><D35/><U82/><E133/><V110/><F110/><W31/><G1/><T127/><D127/><U3/><E66/><V6/><F129/><W20/><G12/><T10/><D130/><U128/><E128/><V46/><F6/><W135/><G135/><T80/><D73/><U28/><E28/><V17/><F132/><W122/><G122/><T125/><D125/><U108/><E108/><V55/><F134/><W64/><G102/><T57/><D94/><U96/><E107/><V34/><F34/><W86/><G74/><T93/><D93/><U56/><E96/><V77/><F77/><W105/><G105/><T25/><D100/><U113/><E53/><V69/><F55/><W16/><G38/><T65/><REACH who="0" step="1"/><D25/><REACH who="0" ten="318,224,224,224" step="2"/><U121/><E121/><V71/><F101/><W91/><G32/><T29/><D29/><U30/><E30/><V84/><F98/><W48/><G31/><T27/><D27/><U118/><E118/><V87/><F71/><W85/><G26/><AGARI ba="1,1" hai="17,21,26,36,43,46,62,67,69,84,87,92,97,103" machi="26" ten="30,1000,0" yaku="7,1" doraHai="54" who="2" fromWho="3" sc="318,0,224,0,224,23,224,-13" /><INIT seed="1,0,0,0,3,5" ten="318,224,247,211" oya="1" hai0="35,60,75,2,54,25,10,108,118,34,74,91,37" hai1="85,94,86,48,24,106,33,0,128,78,19,89,1" hai2="101,98,44,63,119,23,31,99,132,82,105,135,79" hai3="62,65,73,122,49,28,39,72,13,61,14,66,115"/><U59/><E106/><V109/><F31/><W43/><G115/><T68/><D118/><U100/><E128/><V7/><F7/><W46/><G122/><T120/><D108/><U113/><E113/><V110/><F23/><W125/><G125/><T123/><D37/><U111/><E111/><N who="2" m="42507" /><F44/><W126/><G126/><T41/><D91/><U133/><E133/><N who="2" m="51275" /><F63/><W11/><G28/><N who="0" m="19727" /><D41/><U20/><E33/><V30/><F30/><W121/><G121/><N who="0" m="46667" /><D35/><U29/><E29/><V57/><F57/><W107/><G39/><T127/><D127/><U64/><E100/><V58/><F58/><W124/><G124/><T52/><D68/><U112/><E112/><V9/><F9/><W97/><G62/><T8/><D2/><U47/><E59/><V80/><F119/><W17/><G14/><T116/><D116/><U129/><E64/><V38/><F38/><W21/><G11/><N who="0" m="4139" /><D60/><U77/><E129/><V56/><F79/><W96/><G61/><T50/><D50/><U134/><E78/><V51/><F99/><W3/><G97/><T67/><D67/><U90/><E77/><V131/><F131/><W69/><G96/><T26/><D26/><U104/><E134/><V70/><F70/><W117/><G69/><T95/><D95/><U53/><REACH who="1" step="1"/><E104/><REACH who="1" ten="318,214,247,211" step="2"/><V16/><F105/><W42/><G65/><T114/><D114/><U81/><AGARI ba="0,1" hai="0,1,19,20,24,47,48,53,81,85,86,89,90,94" machi="81" ten="20,12000,1" yaku="1,1,2,1,0,1,7,1,53,1" doraHai="5" doraHaiUra="45" who="1" fromWho="1" sc="318,-40,214,130,247,-40,211,-40" /><INIT seed="1,1,0,5,4,82" ten="278,344,207,171" oya="1" hai0="15,134,69,52,9,113,99,26,0,24,92,63,11" hai1="48,50,87,49,120,44,18,125,129,89,56,28,78" hai2="41,31,12,98,2,16,64,133,96,72,81,119,60" hai3="115,116,124,123,135,7,100,109,30,34,128,80,5"/><U53/><E120/><V79/><F2/><W130/><G100/><T68/><D113/><U76/><E129/><N who="3" m="49770" /><G80/><T102/><D134/><U65/><E125/><V39/><F133/><W114/><G135/><T59/><D0/><U58/><E28/><V40/><F119/><W70/><G123/><T106/><D9/><U8/><E49/><V66/><F31/><W67/><G116/><T46/><D46/><U105/><E105/><V1/><F1/><W110/><G124/><T13/><D13/><U112/><E112/><N who="3" m="43050" /><G67/><T74/><D74/><U84/><E89/><V36/><F64/><W21/><G34/><T25/><REACH who="0" step="1"/><D106/><REACH who="0" ten="268,344,207,171" step="2"/><U61/><E8/><V47/><F39/><W86/><G70/><T127/><D127/><U27/><E27/><V122/><F122/><W35/><G35/><T23/><D23/><U43/><REACH who="1" step="1"/><E18/><AGARI ba="1,1" hai="11,15,18,24,25,26,52,59,63,68,69,92,99,102" machi="18" ten="40,2600,0" yaku="1,1,54,1,53,0" doraHai="82" doraHaiUra="126" who="0" fromWho="1" sc="268,39,344,-29,207,0,171,0" /><INIT seed="2,0,0,5,0,61" ten="307,315,207,171" oya="2" hai0="89,65,22,97,93,79,60,86,1,68,55,82,128" hai1="17,43,51,8,39,69,35,20,80,84,88,131,54" hai2="13,71,74,109,98,21,62,107,96,30,70,31,81" hai3="32,23,78,118,66,64,119,25,48,50,135,125,99"/><V36/><F36/><W104/><G32/><T90/><D1/><U63/><E35/><V52/><F109/><W45/><G135/><T56/><D22/><U121/><E121/><V7/><F71/><W40/><G125/><T108/><D108/><U85/><E131/><V101/><F96/><W14/><G78/><T67/><D128/><U132/><E132/><V103/><F103/><W38/><G14/><T0/><D0/><U29/><E29/><V77/><F21/><W126/><G126/><T9/><D9/><U76/><E8/><V18/><F7/><W92/><G104/><T123/><D123/><U11/><E11/><V53/><F53/><W95/><G119/><T12/><D12/><U117/><E117/><V37/><F37/><W73/><G73/><T19/><D19/><U10/><E10/><V58/><REACH who="2" step="1"/><F70/><REACH who="2" ten="307,315,197,171" step="2"/><W105/><G118/><T106/><D68/><U42/><E39/><V46/><F46/><W129/><G129/><T133/><D133/><U2/><E69/><V15/><F15/><W114/><G38/><T91/><D106/><U100/><E100/><AGARI ba="0,1" hai="55,56,60,65,67,79,82,86,89,90,91,93,97,100" machi="100" ten="40,5200,0" yaku="8,1,52,2" doraHai="61" who="0" fromWho="1" sc="307,62,315,-52,197,0,171,0" /><INIT seed="3,0,0,5,5,69" ten="369,263,197,171" oya="3" hai0="80,52,63,1,121,56,47,113,97,16,8,70,64" hai1="21,90,28,37,49,51,108,81,19,105,23,39,20" hai2="100,43,3,61,0,127,119,117,60,111,87,84,125" hai3="50,116,53,128,62,65,115,72,135,29,34,5,22"/><W18/><G116/><N who="2" m="44617" /><F43/><W89/><G115/><T134/><D121/><U122/><E105/><V133/><F100/><W73/><G128/><T96/><D134/><U44/><E122/><V78/><F78/><W57/><G135/><T67/><D113/><U101/><E101/><V131/><F131/><W76/><G5/><T85/><D1/><N who="2" m="586" /><F111/><W104/><G104/><T10/><D70/><U98/><E108/><V27/><F27/><W93/><G76/><N who="0" m="46215" /><D8/><U124/><E51/><V83/><F83/><W13/><G29/><T107/><D107/><U91/><E91/><V32/><F32/><W106/><G34/><T15/><D47/><U26/><E21/><V9/><F9/><W74/><G106/><T25/><D25/><U31/><E31/><V45/><F45/><W92/><REACH who="3" step="1"/><G89/><REACH who="3" ten="369,263,197,161" step="2"/><T66/><AGARI ba="0,1" hai="10,15,16,52,56,63,64,66,67,96,97" m="46215" machi="66" ten="30,4000,0" yaku="8,1,54,2" doraHai="69" who="0" fromWho="0" sc="369,50,263,-10,197,-10,161,-20" /><INIT seed="4,0,0,5,5,97" ten="419,253,187,141" oya="0" hai0="104,47,90,60,36,9,93,48,123,89,99,80,125" hai1="124,98,55,87,31,132,109,3,133,64,91,100,19" hai2="13,27,116,69,111,121,71,2,83,78,95,29,37" hai3="77,130,65,131,14,49,52,58,0,39,61,120,105"/><T17/><D123/><U7/><E109/><V70/><F37/><W1/><G120/><T41/><D104/><U107/><E31/><V106/><F106/><W134/><G134/><N who="1" m="51818" /><E64/><V108/><F2/><W12/><G39/><T18/><D125/><U79/><E79/><V23/><F121/><W38/><G38/><T86/><D36/><U74/><E74/><V92/><F116/><W53/><G105/><T103/><D60/><U63/><E124/><V8/><F108/><W127/><G77/><T126/><D126/><U119/><E119/><V22/><F22/><W96/><G127/><T82/><D9/><N who="1" m="2303" /><E19/><N who="0" m="7177" /><D80/><N who="1" m="49639" /><E55/><V110/><F110/><W84/><G53/><T25/><D25/><U32/><E63/><V51/><F111/><W5/><G0/><T102/><AGARI ba="0,0" hai="41,47,48,82,86,89,90,93,99,102,103" m="7177" machi="102" ten="30,6000,0" yaku="8,1,52,2" doraHai="97" who="0" fromWho="0" sc="419,60,253,-20,187,-20,141,-20" /><INIT seed="4,1,0,4,1,73" ten="479,233,167,121" oya="0" hai0="26,45,42,84,4,123,72,1,89,70,79,122,64" hai1="78,29,0,27,63,32,133,92,107,80,87,51,47" hai2="41,16,88,99,20,103,62,17,13,18,77,28,109" hai3="55,68,21,97,22,48,30,69,128,38,56,82,11"/><T3/><D89/><U83/><E107/><V106/><F109/><W61/><G128/><T86/><D84/><U93/><E0/><N who="0" m="73" /><D86/><U23/><E133/><V19/><F28/><W111/><G38/><N who="0" m="21719" /><D4/><U104/><E104/><V81/><F41/><W50/><G111/><T2/><D26/><U58/><E32/><V12/><F62/><W10/><G97/><T36/><D2/><U15/><E15/><V130/><F130/><W85/><G68/><T114/><D114/><U35/><E23/><V71/><F71/><W34/><G69/><T6/><D6/><U98/><E98/><V75/><REACH who="2" step="1"/><F88/><REACH who="2" ten="479,233,157,121" step="2"/><W124/><G30/><T9/><D70/><U66/><REACH who="1" step="1"/><E80/><REACH who="1" ten="479,223,157,121" step="2"/><V127/><F127/><W8/><G124/><T121/><D123/><U134/><E134/><V113/><F113/><W102/><G34/><T33/><D33/><U46/><E46/><V94/><F94/><W91/><REACH who="3" step="1"/><G102/><REACH who="3" ten="479,223,157,111" step="2"/><T101/><D101/><U7/><E7/><V5/><F5/><W90/><G90/><T25/><D121/><U125/><E125/><V14/><AGARI ba="1,3" hai="12,13,14,16,17,18,19,20,75,77,81,99,103,106" machi="14" ten="30,8000,1" yaku="1,1,0,1,52,1,54,1,53,1" doraHai="73" doraHaiUra="74" who="2" fromWho="2" sc="479,-41,223,-21,157,113,111,-21" /><INIT seed="5,0,0,4,2,60" ten="438,202,270,90" oya="1" hai0="17,124,100,28,108,32,46,34,29,111,13,64,53" hai1="91,94,74,99,95,78,41,9,127,97,50,117,12" hai2="68,129,57,54,121,48,116,75,89,1,24,70,6" hai3="113,69,63,45,82,4,27,40,61,20,8,67,56"/><U120/><E78/><V11/><F121/><W52/><G113/><T133/><D133/><U110/><E74/><V102/><F116/><W15/><G82/><T42/><D124/><U3/><E117/><V88/><F129/><W118/><G118/><T18/><D100/><U119/><E119/><V55/><F75/><W58/><G69/><T85/><D85/><U128/><E128/><V0/><F0/><W130/><G130/><T96/><D96/><U7/><E127/><V84/><F102/><W62/><G62/><T39/><D53/><U14/><E120/><V103/><F103/><W125/><G125/><T16/><D13/><U22/><E110/><V134/><F134/><W35/><G35/><T98/><D98/><U123/><E123/><V23/><F55/><W19/><REACH who="3" step="1"/><G45/><REACH who="3" ten="438,202,270,80" step="2"/><T31/><D32/><U36/><E36/><V109/><F109/><W81/><G81/><T105/><D34/><U76/><E76/><V2/><F70/><W49/><G49/><T106/><D111/><U26/><E50/><V101/><F68/><W126/><G126/><T93/><D108/><U77/><E77/><V38/><F38/><W132/><G132/><T135/><D135/><U44/><E44/><V10/><F48/><W37/><G37/><T66/><REACH who="0" step="1"/><D93/><REACH who="0" ten="428,202,270,80" step="2"/><U107/><E41/><AGARI ba="0,2" hai="4,8,15,19,20,27,40,41,52,56,58,61,63,67" machi="41" ten="40,8000,1" yaku="1,1,8,1,52,1,54,1,53,0" doraHai="60" doraHaiUra="115" who="3" fromWho="1" sc="428,0,202,-80,270,0,80,100" /><INIT seed="6,0,0,3,3,43" ten="428,122,270,180" oya="2" hai0="25,18,15,131,84,68,79,67,45,101,95,100,63" hai1="48,26,78,4,0,107,133,42,17,33,130,54,44" hai2="104,93,129,94,8,39,123,10,65,80,21,11,114" hai3="135,99,121,91,55,38,3,110,23,86,16,41,35"/><V105/><F123/><W31/><G110/><T89/><D131/><U40/><E130/><V98/><F39/><W29/><G121/><T20/><D79/><U115/><E115/><V124/><F129/><W119/><G3/><T69/><D69/><U59/><E107/><V71/><F114/><W70/><G35/><T46/><REACH who="0" step="1"/><D25/><REACH who="0" ten="418,122,270,180" step="2"/><U37/><E78/><V120/><F71/><W108/><G70/><T128/><D128/><U1/><E133/><V117/><F117/><W49/><G135/><T85/><D85/><U73/><E73/><V34/><F120/><W92/><G86/><T134/><D134/><U83/><E83/><V74/><F74/><W56/><G119/><T116/><D116/><U122/><E122/><V14/><F80/><W5/><G108/><T90/><D90/><U64/><E26/><V118/><F118/><W58/><G91/><T13/><D13/><U60/><E1/><V75/><F14/><W72/><G72/><T47/><AGARI ba="0,1" hai="15,18,20,45,46,47,63,67,68,84,89,95,100,101" machi="47" ten="30,12000,2" yaku="1,1,0,1,52,3,53,1" doraHai="43" doraHaiUra="62" who="0" fromWho="0" sc="418,130,122,-30,270,-60,180,-30" /><INIT seed="7,0,0,3,5,95" ten="548,92,210,150" oya="3" hai0="134,107,5,109,74,92,76,81,132,120,97,4,39" hai1="91,69,105,8,126,19,94,35,115,128,62,100,53" hai2="67,88,43,73,135,131,7,1,52,116,16,130,72" hai3="22,36,23,47,59,57,31,118,6,66,25,108,124"/><W80/><G118/><T9/><D109/><U30/><E115/><V96/><F116/><W119/><G119/><T14/><D39/><U46/><E128/><N who="2" m="49195" /><F67/><W58/><G108/><T113/><D113/><U98/><E126/><V10/><F43/><W87/><G124/><T44/><D44/><U0/><E46/><V12/><F135/><N who="0" m="51754" /><D107/><U103/><E103/><V65/><F65/><W121/><G121/><T122/><D5/><U85/><E53/><V114/><F114/><W11/><G36/><T75/><D75/><U64/><E64/><V13/><F52/><W49/><G22/><T42/><D42/><U82/><E62/><V15/><F16/><W123/><G123/><T45/><D45/><U18/><E69/><V51/><F51/><W106/><G106/><T21/><D21/><U40/><E40/><V79/><F79/><N who="3" m="46495" /><G59/><T37/><D37/><U101/><E101/><AGARI ba="0,0" hai="4,9,14,74,76,81,92,97,101,120,122" m="51754" machi="101" ten="30,2000,0" yaku="20,1,52,1" doraHai="95" who="0" fromWho="1" sc="548,20,92,-20,210,0,150,0" owari="568,67.0,72,-43.0,210,1.0,150,-25.0" /></mjloggm>