<mjloggm ver="2.3"><GO type="169" lobby="0"/><UN n0="%67%69%6A%79%75%74%75" n1="%72%69%6F%75%63%68%61%6E" n2="%EF%BC%BC%28%EF%BC%BE%6F%EF%BC%BE%29%EF%BC%8F%E2%98%85" n3="%E3%82%A6%E3%83%AB%E3%83%88%E3%83%A9%E7%AB%8B%E7%9B%B4" dan="17,16,18,17" rate="2169.57,2113.08,2234.96,2159.61" sx="M,M,M,M"/><TAIKYOKU oya="0"/><INIT seed="0,0,0,1,2,92" ten="250,250,250,250" oya="0" hai0="2,21,8,4,117,75,111,5,116,56,26,69,99" hai1="46,36,49,113,131,12,38,39,11,37,24,51,57" hai2="93,76,48,106,6,83,50,58,132,68,63,70,115" hai3="74,29,35,84,15,78,118,105,127,18,109,54,133"/><T47/><D69/><U124/><E124/><V100/><F106/><W119/><G127/><T53/><D75/><U28/><E131/><V79/><F115/><W73/><G133/><T98/><D47/><U95/><E113/><V125/><F6/><W123/><G109/><T52/><D111/><U40/><E95/><V96/><F125/><W85/><G123/><T0/><D21/><U122/><E122/><V86/><F132/><W31/><G105/><T45/><D45/><U10/><E57/><V71/><REACH who="2" step="1"/><F79/><REACH who="2" ten="250,250,240,250" step="2"/><W25/><G78/><T112/><D112/><U104/><E104/><V67/><AGARI ba="0,1" hai="48,50,58,63,67,68,70,71,76,83,86,93,96,100" machi="67" ten="30,8000,1" yaku="1,1,2,1,0,1,52,1,53,1" doraHai="92" doraHaiUra="61" who="2" fromWho="2" sc="250,-40,250,-20,240,90,250,-20" /><INIT seed="1,0,0,0,5,22" ten="210,230,330,230" oya="1" hai0="115,20,75,69,89,134,71,116,42,66,52,97,6" hai1="8,100,14,105,27,119,5,77,91,17,67,85,55" hai2="49,31,81,102,50,18,57,23,30,84,59,106,109" hai3="38,124,88,44,1,128,76,114,78,83,90,11,103"/><U36/><E119/><V47/><F109/><W82/><G114/><T123/><D115/><U34/><E36/><V63/><F102/><W98/><G124/><T87/><D75/><U95/><E67/><V92/><F92/><W3/><G128/><T41/><D116/><U12/><E77/><V51/><F106/><W10/><G44/><T132/><D97/><N who="1" m="59455" /><E105/><V29/><F47/><W120/><G98/><T86/><D6/><U39/><E39/><V94/><F94/><W40/><G103/><T80/><D123/><U127/><E127/><V117/><F63/><W133/><G38/><T73/><D73/><U32/><E34/><V68/><F68/><W28/><G120/><T62/><D71/><U125/><E32/><V16/><F117/><W26/><G28/><T56/><D87/><U13/><E125/><V19/><F23/><W24/><REACH who="3" step="1"/><G133/><REACH who="3" ten="210,230,330,220" step="2"/><T107/><D134/><U35/><E5/><V43/><F43/><AGARI ba="0,1" hai="1,3,10,11,24,26,40,43,76,78,82,83,88,90" machi="43" ten="25,16000,3" yaku="1,1,2,1,22,2,52,2,54,1,53,2" doraHai="22" doraHaiUra="7" who="3" fromWho="2" sc="210,0,230,0,330,-160,220,170" /><INIT seed="2,0,0,5,5,66" ten="210,230,170,390" oya="2" hai0="25,36,114,120,38,11,22,16,52,75,4,69,124" hai1="49,95,112,81,85,24,96,126,44,94,47,133,29" hai2="20,55,87,115,103,39,65,98,59,132,100,50,7" hai3="3,61,41,89,90,34,84,28,51,105,106,83,127"/><V113/><F39/><W71/><G3/><T40/><D114/><U2/><E112/><V21/><F115/><W70/><G127/><T72/><D120/><U19/><E126/><V92/><F113/><W117/><G117/><T6/><D124/><U9/><E133/><V80/><F132/><W135/><G135/><T104/><D104/><U60/><E60/><V125/><F125/><W57/><G105/><T30/><D69/><U101/><E95/><V68/><F103/><W42/><G42/><T31/><D40/><U23/><E49/><V64/><F7/><W43/><G43/><T63/><D72/><U54/><E54/><V8/><F8/><W134/><G28/><N who="0" m="10795" /><D75/><U102/><E102/><V14/><F68/><W17/><G90/><T48/><D36/><U5/><REACH who="1" step="1"/><E29/><REACH who="1" ten="210,220,170,390" step="2"/><V107/><F107/><W15/><G51/><T32/><D63/><U119/><E119/><V35/><F100/><W10/><G61/><T78/><D38/><U88/><AGARI ba="0,1" hai="2,5,9,19,23,24,44,47,81,85,88,94,96,101" machi="88" ten="20,5200,0" yaku="1,1,0,1,7,1,54,1,53,0" doraHai="66" doraHaiUra="53" who="1" fromWho="1" sc="210,-13,220,62,170,-26,390,-13" /><INIT seed="3,0,0,5,0,130" ten="197,282,144,377" oya="3" hai0="108,46,129,124,86,77,114,64,24,95,131,40,75" hai1="10,41,66,59,85,74,34,42,63,133,37,60,110" hai2="112,2,19,43,44,50,7,55,90,18,45,52,72" hai3="33,102,13,82,57,87,116,0,119,12,99,58,135"/><W80/><G0/><T125/><D64/><U109/><E133/><V115/><F72/><W127/><G33/><T83/><D24/><U8/><E74/><V132/><F2/><W3/><G3/><T47/><D47/><N who="1" m="23983" /><E34/><V96/><F7/><W67/><G127/><N who="0" m="48715" /><D40/><U97/><E42/><V117/><F117/><W120/><G67/><T84/><D46/><U48/><E48/><V100/><F90/><W89/><G12/><T118/><D118/><U73/><E73/><V38/><F132/><W126/><G13/><T31/><D31/><U35/><E35/><V56/><F115/><W22/><G22/><T107/><D114/><U91/><E97/><V123/><F123/><W68/><G120/><T25/><D25/><U134/><E134/><V105/><REACH who="2" step="1"/><F112/><REACH who="2" ten="197,282,134,377" step="2"/><W61/><G119/><T26/><D75/><U5/><E5/><V65/><F65/><W78/><G116/><T76/><D131/><U54/><E91/><V98/><F98/><W30/><G135/><T9/><D129/><U81/><E85/><V28/><F28/><W111/><G30/><T106/><D84/><U39/><E66/><V16/><F16/><W11/><G126/><T23/><D86/><U1/><E1/><V122/><F122/><W51/><G87/><T53/><D76/><U71/><E71/><V32/><F32/><W79/><G68/><T20/><D77/><U103/><E110/><V69/><F69/><W36/><G111/><T27/><D108/><U6/><E109/><V104/><F104/><W93/><G79/><T17/><D106/><U92/><E6/><V70/><F70/><RYUUKYOKU ba="0,1" sc="197,-10,282,-10,134,30,377,-10" hai2="18,19,38,43,44,45,50,52,55,56,96,100,105" /><INIT seed="4,1,1,1,0,8" ten="187,272,164,367" oya="0" hai0="24,84,28,91,60,109,116,53,118,58,113,101,70" hai1="37,75,48,61,104,80,6,102,103,112,78,85,77" hai2="63,72,132,93,124,25,65,23,26,87,38,74,2" hai3="90,36,123,108,126,67,92,133,125,88,89,35,97"/><T3/><D3/><U94/><E37/><V10/><F38/><W41/><G108/><T117/><D109/><U16/><E112/><V33/><F33/><W86/><G133/><T4/><D113/><U54/><E6/><V55/><F55/><W40/><G35/><T99/><D4/><U14/><E61/><V0/><F132/><W43/><G123/><T49/><D84/><N who="1" m="48143" /><E104/><V76/><F124/><N who="3" m="47723" /><G36/><T64/><D91/><N who="3" m="34889" /><G67/><T79/><D79/><U59/><E75/><V21/><F93/><W83/><G83/><T56/><D56/><U57/><E59/><V50/><F87/><AGARI ba="1,1" hai="40,41,43,86,87,90,92,97" m="34889,47723" machi="87" ten="40,2600,0" yaku="18,1,54,1" doraHai="8" who="3" fromWho="2" sc="187,0,272,0,164,-29,367,39" /><INIT seed="5,0,0,0,1,94" ten="187,272,135,406" oya="1" hai0="53,122,6,112,121,0,41,102,109,81,119,123,95" hai1="55,70,82,18,135,66,124,60,9,27,134,29,43" hai2="45,13,26,87,101,92,110,108,46,72,84,31,61" hai3="116,67,14,38,4,52,117,111,54,74,77,22,64"/><U79/><E124/><V35/><F72/><W39/><G111/><T10/><D109/><U1/><E43/><V88/><F110/><W90/><G90/><T100/><D119/><N who="3" m="45641" /><G77/><T129/><D41/><U51/><E18/><V63/><F108/><W17/><G74/><T40/><D40/><U65/><E65/><N who="3" m="25162" /><G4/><T57/><D6/><U71/><E70/><V36/><F36/><AGARI ba="0,0" hai="14,17,22,36,38,39,52,54" m="25162,45641" machi="36" ten="30,2000,0" yaku="12,1,54,1" doraHai="94" who="3" fromWho="2" sc="187,0,272,0,135,-20,406,20" /><INIT seed="6,0,0,3,5,87" ten="187,272,115,426" oya="2" hai0="6,61,83,43,97,118,108,44,39,69,67,31,88" hai1="3,128,71,102,68,49,42,32,72,14,125,95,56" hai2="41,113,120,129,60,25,117,96,58,79,10,93,78" hai3="52,62,11,115,124,100,106,84,33,19,110,89,66"/><V30/><F117/><W130/><G110/><T18/><D108/><U40/><E3/><V45/><F10/><W5/><G33/><T123/><D123/><U7/><E125/><V16/><F113/><W98/><G124/><T132/><D118/><U22/><E128/><V48/><F129/><W50/><G19/><T109/><D109/><U133/><E32/><V55/><F120/><W8/><G115/><T26/><D6/><U36/><E133/><V51/><F51/><W29/><G29/><T59/><D18/><U28/><E72/><V104/><F104/><W92/><G5/><T85/><D97/><N who="1" m="59711" /><E71/><V34/><REACH who="2" step="1"/><F16/><REACH who="2" ten="187,272,105,426" step="2"/><W76/><G130/><T94/><D132/><U107/><E49/><V134/><F134/><W116/><G116/><T1/><D1/><U122/><E107/><V46/><F46/><W27/><G8/><T12/><D12/><U105/><E14/><V73/><F73/><W37/><G11/><T64/><D26/><U17/><E105/><V13/><F13/><W4/><G27/><T23/><D31/><U135/><E28/><V131/><F131/><W81/><G106/><T91/><D23/><U47/><E22/><V90/><AGARI ba="0,1" hai="25,30,34,41,45,48,55,58,60,78,79,90,93,96" machi="90" ten="20,12000,1" yaku="1,1,0,1,7,1,52,1,53,1" doraHai="87" doraHaiUra="54" who="2" fromWho="2" sc="187,-40,272,-40,105,130,426,-40" /><INIT seed="6,1,0,1,2,80" ten="147,232,235,386" oya="2" hai0="53,70,43,125,48,75,110,62,119,103,44,68,49" hai1="121,133,14,82,12,4,63,13,131,0,36,132,111" hai2="31,90,114,72,89,134,60,93,3,5,41,19,78" hai3="101,38,42,39,67,95,21,104,124,112,66,28,30"/><V108/><F114/><W51/><G104/><T126/><D75/><U69/><E111/><V88/><F108/><W7/><G39/><T86/><D103/><U96/><E131/><V29/><F134/><N who="1" m="51817" /><E121/><V73/><F41/><W20/><G38/><T94/><D110/><U55/><E36/><V109/><F109/><W27/><G7/><T74/><D74/><U92/><E82/><V47/><F47/><N who="3" m="26103" /><G124/><N who="0" m="47723" /><D94/><U135/><N who="1" m="51825" /><U46/><DORA hai="33" /><E46/><V79/><F72/><W100/><G112/><T24/><D24/><U129/><E129/><V123/><F123/><W17/><G30/><T102/><D102/><N who="3" m="39529" /><G95/><T120/><D120/><U54/><E69/><N who="0" m="26729" /><D86/><U25/><E25/><AGARI ba="1,0" hai="17,20,21,25,27,28,66,67" m="39529,26103" machi="25" ten="30,1000,0" yaku="8,1" doraHai="80,33" who="3" fromWho="1" sc="147,0,232,-13,235,0,386,13" /><INIT seed="7,0,0,0,3,74" ten="147,219,235,399" oya="3" hai0="12,62,15,128,4,57,99,108,26,29,35,20,103" hai1="54,53,102,44,28,107,118,119,81,19,96,48,106" hai2="16,45,113,52,58,25,88,66,24,92,123,56,65" hai3="55,79,32,80,109,9,37,86,22,47,120,1,94"/><W36/><G32/><T68/><D108/><U87/><E28/><V31/><F113/><W112/><G120/><T89/><D89/><N who="1" m="51439" /><E19/><V0/><F0/><W11/><G11/><T69/><D128/><U49/><E49/><N who="2" m="28719" /><F31/><W131/><G22/><T61/><D4/><U14/><E14/><V18/><F123/><W21/><G21/><T46/><D46/><U75/><E75/><V77/><F77/><W116/><G47/><T34/><D34/><U95/><E54/><V132/><F132/><W17/><G55/><T73/><D73/><U85/><E85/><N who="2" m="52239" /><F58/><W33/><G1/><T134/><D134/><U124/><E124/><V83/><F83/><W104/><G80/><T117/><D117/><AGARI ba="0,0" hai="44,48,53,95,96,102,106,107,117,118,119" m="51439" machi="117" ten="30,1000,0" yaku="12,1" doraHai="74" who="1" fromWho="0" sc="147,-10,219,10,235,0,399,0" owari="137,-36.0,229,-17.0,235,4.0,399,49.0" /></mjloggm>