<mjloggm ver="2.3"><GO type="169" lobby="0"/><UN n0="%66%61%62%6C%65" n1="%2D%E7%81%BC%E7%86%B1%E3%83%8E%E6%B3%A2%E5%8B%95%2D" n2="%E3%82%A6%E3%83%AB%E3%83%88%E3%83%A9%E7%AB%8B%E7%9B%B4" n3="%52%59%4F%40%53%53" dan="16,16,16,16" rate="2036.39,2059.08,2142.72,2129.75" sx="M,M,M,M"/><TAIKYOKU oya="0"/><INIT seed="0,0,0,1,0,37" ten="250,250,250,250" oya="0" hai0="83,122,93,132,18,20,112,7,54,2,73,110,115" hai1="98,130,40,50,52,128,10,116,68,14,135,13,55" hai2="100,24,15,126,16,82,44,87,59,53,71,31,63" hai3="84,26,67,103,64,56,29,101,23,17,86,21,95"/><T97/><D122/><U45/><E135/><V41/><F126/><W99/><G103/><T32/><D32/><U72/><E116/><V30/><F71/><W6/><G6/><T69/><D69/><U39/><E72/><V11/><F100/><W105/><G105/><T38/><D132/><U134/><E134/><V80/><F24/><W77/><G77/><T111/><D38/><U61/><E98/><V47/><F47/><W51/><G67/><T129/><D129/><N who="1" m="49771" /><E10/><V89/><REACH who="2" step="1"/><F82/><REACH who="2" ten="250,250,240,250" step="2"/><W49/><G56/><T94/><D83/><U65/><E55/><V85/><F85/><N who="3" m="32875" /><G64/><T4/><D54/><U34/><E34/><V60/><F60/><W70/><G70/><T119/><D119/><U25/><E25/><AGARI ba="0,1" hai="17,21,23,25,26,29,49,51,95,99,101" m="32875" machi="25" ten="30,1000,0" yaku="8,1" doraHai="37" who="3" fromWho="1" sc="250,0,250,-10,240,0,250,20" /><INIT seed="1,0,0,5,2,49" ten="250,240,240,270" oya="1" hai0="103,134,30,46,122,128,80,47,119,70,9,95,66" hai1="84,81,14,121,38,72,65,102,94,112,127,42,114" hai2="19,93,43,91,74,82,117,24,92,51,13,88,123" hai3="101,22,8,105,54,89,87,18,48,68,34,126,100"/><U131/><E121/><V16/><F117/><W85/><G34/><T59/><D119/><U25/><E65/><V98/><F123/><W62/><G105/><T45/><D70/><U7/><E131/><V26/><F82/><W40/><G40/><T96/><D122/><U58/><E127/><V39/><F74/><W108/><G87/><T29/><D134/><U1/><E25/><V33/><F39/><W78/><G78/><T32/><D128/><U67/><E67/><V31/><F24/><W129/><G126/><T83/><D32/><U64/><E64/><V97/><F13/><W23/><G62/><N who="0" m="38239" /><D9/><N who="1" m="2287" /><E58/><V69/><F69/><W4/><G68/><T60/><D60/><U52/><E14/><V12/><F12/><N who="3" m="5127" /><G108/><T115/><D115/><U77/><E94/><V107/><F107/><W135/><G135/><T132/><D132/><U53/><E84/><V10/><F10/><W11/><G11/><T63/><D63/><U124/><E102/><N who="3" m="39530" /><G18/><T17/><D17/><U0/><E0/><V109/><F109/><W28/><G28/><AGARI ba="0,0" hai="28,29,30,45,46,47,80,83,95,96,103" m="38239" machi="28" ten="30,1000,0" yaku="8,1" doraHai="49" who="0" fromWho="3" sc="250,10,240,0,240,0,270,-10" /><INIT seed="2,0,0,5,2,111" ten="260,240,240,260" oya="2" hai0="78,112,11,66,84,0,35,10,46,69,117,5,89" hai1="25,2,103,57,53,63,72,116,21,64,67,32,135" hai2="40,122,121,15,106,107,130,90,81,51,13,113,27" hai3="23,105,68,19,49,129,99,124,39,82,108,120,1"/><V54/><F40/><W97/><G1/><T3/><D35/><U61/><E116/><V8/><F130/><W83/><G39/><T102/><D117/><U73/><E32/><V33/><F113/><W101/><G68/><T37/><D102/><U132/><E2/><V4/><F15/><W50/><G129/><T92/><D112/><U85/><E103/><V128/><F128/><W71/><G71/><T118/><D118/><U98/><E98/><V28/><F81/><W88/><G108/><T42/><D78/><U43/><E85/><V115/><F115/><W34/><G34/><T65/><REACH who="0" step="1"/><D69/><REACH who="0" ten="250,240,240,260" step="2"/><U20/><E135/><V30/><F90/><W29/><G101/><T76/><D76/><U96/><E132/><V75/><F75/><W100/><G100/><T9/><D9/><U77/><E77/><V24/><F107/><W62/><G105/><T36/><D36/><U12/><E73/><V80/><F106/><W22/><G88/><T74/><D74/><U127/><E72/><V45/><F80/><W94/><G82/><T55/><D55/><U91/><E53/><V14/><F14/><W134/><G83/><T38/><D38/><U93/><E12/><V123/><F123/><W26/><G134/><T52/><D52/><U79/><E79/><V131/><F131/><W114/><G114/><T95/><D95/><U133/><E133/><V59/><F122/><W110/><G94/><T60/><D60/><U16/><E43/><V17/><F121/><W44/><G62/><T47/><D47/><U56/><E21/><N who="2" m="15471" /><F45/><W70/><G44/><T86/><D86/><RYUUKYOKU ba="0,1" sc="250,10,240,10,240,10,260,-30" hai0="0,3,5,10,11,37,42,46,65,66,84,89,92" hai1="16,20,25,56,57,61,63,64,67,91,93,96,127" hai2="4,8,13,17,24,30,33,51,54,59" /><INIT seed="2,1,1,1,4,58" ten="260,250,250,230" oya="2" hai0="72,82,131,97,81,29,109,83,10,90,15,59,30" hai1="77,31,17,101,45,32,111,78,126,67,85,106,60" hai2="99,62,19,5,104,134,11,48,20,9,63,26,108" hai3="114,84,27,46,51,39,115,70,43,110,100,38,80"/><V75/><F75/><W55/><G100/><T16/><D109/><U93/><E111/><V47/><F134/><W86/><G27/><T36/><D131/><U120/><E126/><V132/><F132/><W79/><G110/><T65/><D36/><U12/><E120/><V116/><F116/><W6/><G70/><T73/><D73/><U24/><E45/><V92/><F104/><W53/><G86/><T135/><D72/><U35/><E35/><V18/><F18/><W103/><G103/><T133/><D133/><U41/><E41/><N who="2" m="24687" /><F108/><W28/><G28/><T23/><D10/><N who="2" m="3594" /><F5/><W130/><G6/><T42/><D42/><U49/><E106/><V61/><F92/><W13/><G13/><T1/><D1/><U91/><E101/><V94/><F94/><W122/><G130/><T125/><D125/><U7/><E7/><V121/><F121/><W4/><G4/><T0/><D0/><U22/><REACH who="1" step="1"/><E49/><REACH who="1" ten="260,240,250,230" step="2"/><V54/><F99/><W37/><G122/><T8/><D135/><U107/><E107/><V14/><F26/><W3/><G3/><T129/><D129/><U33/><E33/><V102/><F102/><W112/><AGARI ba="1,2" hai="37,38,39,43,46,51,53,55,79,80,84,112,114,115" machi="112" ten="40,2700,0" yaku="0,1,11,1" doraHai="58" who="3" fromWho="3" sc="260,-8,240,-8,250,-14,230,50" /><INIT seed="3,0,0,1,3,90" ten="252,232,236,280" oya="3" hai0="0,29,56,77,103,73,72,108,46,133,127,76,95" hai1="131,61,28,31,35,83,101,32,26,58,63,3,18" hai2="88,68,20,10,119,82,30,17,89,34,104,24,96" hai3="84,79,94,11,121,117,59,39,48,97,42,115,92"/><W57/><G121/><T53/><D0/><U22/><E3/><V44/><F119/><W128/><G117/><T100/><D133/><U15/><E131/><V124/><F124/><W23/><G128/><T69/><D69/><U109/><E109/><V120/><F120/><W65/><G39/><T38/><D127/><U71/><E83/><V98/><F68/><W51/><G115/><T54/><D108/><U135/><E135/><V91/><F10/><W113/><G113/><T21/><D73/><U25/><E71/><V112/><F112/><W41/><G11/><T99/><D72/><U33/><E101/><N who="0" m="38985" /><D38/><U40/><E40/><N who="3" m="15466" /><G23/><T78/><D46/><U114/><E114/><V87/><F44/><W111/><G97/><T130/><D130/><U1/><E1/><V60/><F60/><N who="3" m="38031" /><G111/><T49/><D54/><U126/><E126/><V27/><REACH who="2" step="1"/><F104/><REACH who="2" ten="252,232,226,280" step="2"/><W50/><G59/><T5/><D5/><U43/><E43/><V129/><F129/><W102/><G102/><T55/><D56/><U36/><E36/><V62/><F62/><W105/><G105/><T2/><D2/><U52/><REACH who="1" step="1"/><E63/><REACH who="1" ten="252,222,226,280" step="2"/><V16/><F16/><W123/><G123/><T81/><D49/><U125/><E125/><V134/><F134/><W85/><G48/><T106/><D106/><U4/><E4/><V47/><F47/><W19/><G19/><T7/><D7/><U80/><E80/><V12/><F12/><W6/><G6/><T66/><D81/><U8/><AGARI ba="0,2" hai="8,15,18,22,25,26,28,31,32,33,35,52,58,61" machi="8" ten="20,5200,0" yaku="1,1,0,1,7,1,54,1,53,0" doraHai="90" doraHaiUra="74" who="1" fromWho="1" sc="252,-13,222,72,226,-13,280,-26" /><INIT seed="4,0,0,2,5,102" ten="239,294,213,254" oya="0" hai0="116,112,21,67,10,35,71,131,83,1,6,85,17" hai1="11,87,74,32,135,8,115,29,14,59,23,66,0" hai2="132,109,63,13,90,114,101,99,4,80,126,40,47" hai3="119,76,39,118,33,73,120,94,34,81,24,64,36"/><T5/><D116/><U52/><E74/><V105/><F109/><W86/><G120/><T65/><D35/><U58/><E135/><V122/><F122/><W129/><G129/><T28/><D131/><U78/><E115/><V15/><F132/><W69/><G94/><T89/><D112/><U127/><E127/><V98/><F114/><W93/><G93/><T92/><D28/><U107/><E107/><V125/><F63/><N who="3" m="40095" /><G86/><T54/><D71/><U113/><E113/><V50/><F4/><W106/><G106/><T97/><D6/><U30/><E0/><V37/><F37/><N who="3" m="14411" /><G34/><T20/><D54/><U123/><E32/><V95/><REACH who="2" step="1"/><F80/><REACH who="2" ten="239,294,203,254" step="2"/><W134/><G134/><T104/><D21/><U75/><E123/><V51/><F51/><W60/><G60/><T41/><D83/><N who="1" m="47607" /><E23/><V91/><F91/><W57/><G119/><T84/><D89/><U49/><E11/><V12/><AGARI ba="0,1" hai="12,13,15,40,47,50,90,95,98,99,101,105,125,126" machi="12" ten="30,4000,0" yaku="1,1,0,1,52,1,53,0" doraHai="102" doraHaiUra="18" who="2" fromWho="2" sc="239,-20,294,-10,203,50,254,-10" /><INIT seed="5,0,0,3,0,31" ten="219,284,253,244" oya="1" hai0="8,75,90,116,103,122,14,98,78,102,17,11,66" hai1="48,129,121,84,107,38,19,1,27,104,3,132,13" hai2="83,44,22,71,33,81,23,12,46,67,4,105,114" hai3="26,88,52,51,134,87,59,128,76,39,9,110,96"/><U57/><E38/><V126/><F105/><W65/><G110/><T49/><D116/><U80/><E121/><V94/><F94/><N who="3" m="56391" /><G39/><T15/><D122/><U18/><E132/><V119/><F119/><W32/><G32/><T55/><D66/><U68/><E68/><V77/><F126/><W131/><G65/><T125/><D125/><U70/><E70/><V21/><F33/><W7/><G26/><T117/><D117/><U118/><E118/><V63/><F114/><W111/><G111/><T85/><D78/><U53/><E129/><N who="3" m="49738" /><G134/><T100/><D75/><U45/><E27/><V74/><REACH who="2" step="1"/><F83/><REACH who="2" ten="219,284,243,244" step="2"/><N who="3" m="47591" /><G9/><AGARI ba="0,1" hai="4,9,12,21,22,23,44,46,63,67,71,74,77,81" machi="9" ten="40,1300,0" yaku="1,1,53,0" doraHai="31" doraHaiUra="35" who="2" fromWho="3" sc="219,0,284,0,243,23,244,-13" /><INIT seed="6,0,0,5,3,95" ten="219,284,266,231" oya="2" hai0="33,44,61,27,17,110,41,133,131,101,58,13,3" hai1="90,92,127,108,31,45,50,68,135,93,97,99,102" hai2="28,34,56,29,72,43,11,120,63,103,73,62,59" hai3="40,84,107,24,55,38,25,88,22,106,65,105,54"/><V6/><F120/><W89/><G65/><T39/><D3/><U49/><E108/><V32/><F43/><W23/><G40/><T87/><D131/><U10/><E68/><V83/><F103/><W42/><G42/><T70/><D133/><U125/><E135/><V53/><F83/><W52/><G38/><T0/><D0/><U7/><E31/><V46/><F46/><W1/><G1/><T30/><D70/><U20/><E20/><N who="3" m="7722" /><G84/><T86/><D110/><U122/><E122/><V114/><F11/><W36/><G36/><T18/><D101/><U16/><E7/><V119/><F6/><W117/><G117/><T126/><D126/><N who="1" m="48139" /><E45/><V74/><F119/><W71/><G71/><T128/><D128/><U77/><E77/><V48/><F73/><W111/><G111/><T51/><D39/><U96/><E96/><V5/><F5/><W37/><G37/><T75/><D75/><U79/><E79/><V14/><F72/><W4/><G4/><T134/><D134/><U9/><E9/><V100/><F74/><W12/><G12/><AGARI ba="0,0" hai="10,12,16,49,50,90,92,93,97,99,102" m="48139" machi="12" ten="30,7700,0" yaku="18,1,52,2,54,1" doraHai="95" who="1" fromWho="3" sc="219,0,284,77,266,0,231,-77" /><INIT seed="7,0,0,1,0,113" ten="219,361,266,154" oya="3" hai0="122,13,90,53,56,61,28,119,43,95,107,2,16" hai1="89,124,118,74,103,46,58,45,23,121,39,69,130" hai2="64,132,88,60,84,67,86,102,106,20,52,129,87" hai3="73,49,17,71,108,35,79,110,111,133,29,97,123"/><W85/><G71/><T42/><D122/><U51/><E89/><V65/><F129/><W6/><G123/><T105/><D2/><U66/><E23/><V5/><F132/><W70/><G70/><T80/><D119/><U54/><E74/><V104/><F102/><W100/><G73/><T77/><D28/><U96/><E118/><V26/><F5/><W27/><G6/><T25/><D25/><U57/><E124/><V93/><F104/><W116/><G116/><T131/><D131/><U112/><E112/><V115/><F106/><W127/><G127/><T47/><D43/><N who="1" m="22783" /><E58/><N who="2" m="34887" /><F115/><W63/><G63/><T11/><D77/><U19/><E46/><V1/><F1/><W81/><G133/><T125/><D125/><U44/><E19/><AGARI ba="0,0" hai="19,20,26,64,65,67,84,86,87,88,93" m="34887" machi="19" ten="30,3900,0" yaku="8,1,54,2" doraHai="113" who="2" fromWho="1" sc="219,0,361,-39,266,39,154,0" owari="219,-18.0,322,42.0,305,11.0,154,-35.0" /></mjloggm>