<mjloggm ver="2.3"><GO type="169" lobby="0"/><UN n0="%E5%B0%B1%E6%B4%BB%E7%94%9F%40%E5%B7%9D%E6%9D%91%E8%BB%8D%E5%9B%A3" n1="%E3%81%A4%E3%81%8B%E3%82%93%E3%81%BD%E3%81%8F%E3%82%93" n2="%68%6F%6D%6F%64%61%74%69" n3="%E3%81%AF%E3%81%BF%E3%82%82%E3%82%93" dan="16,16,16,17" rate="2061.74,2057.08,2012.31,2119.47" sx="M,M,M,M"/><TAIKYOKU oya="0"/><INIT seed="0,0,0,2,1,104" ten="250,250,250,250" oya="0" hai0="29,11,55,134,129,92,62,122,67,132,3,121,61" hai1="110,99,32,131,43,66,123,19,77,38,71,76,70" hai2="40,109,36,57,1,15,5,118,81,68,75,112,34" hai3="65,96,58,108,18,45,93,135,120,48,26,13,56"/><T59/><D29/><U87/><E123/><N who="0" m="47113" /><D92/><U100/><E32/><V111/><F15/><W44/><G108/><N who="2" m="41545" /><F57/><W107/><G135/><N who="0" m="51755" /><D3/><U33/><E33/><V78/><F112/><W84/><G107/><T103/><D103/><U0/><E110/><V125/><F118/><W41/><G26/><T80/><D11/><U126/><E0/><V54/><F54/><W17/><G65/><T52/><D80/><U105/><E19/><V10/><F125/><W91/><G120/><T49/><D129/><U102/><E131/><V9/><F9/><W21/><G45/><N who="0" m="27695" /><D61/><U94/><E105/><V39/><F34/><W14/><REACH who="3" step="1"/><G96/><REACH who="3" ten="250,250,250,240" step="2"/><T12/><D12/><U116/><E99/><V86/><F1/><W53/><G53/><AGARI ba="0,1" hai="53,55,59,62,67" m="27695,51755,47113" machi="53" ten="30,11600,0" yaku="20,1,34,2,54,1" doraHai="104" who="0" fromWho="3" sc="250,126,250,0,250,0,240,-116" /><INIT seed="0,1,0,1,5,93" ten="376,250,250,124" oya="0" hai0="41,22,79,90,59,103,12,51,81,135,80,75,85" hai1="129,118,49,34,97,24,43,122,126,84,56,16,28" hai2="42,39,114,69,36,33,63,66,5,4,89,0,48" hai3="116,101,29,26,60,107,100,17,95,25,106,115,131"/><T35/><D35/><U124/><E122/><V18/><F33/><W50/><G116/><T11/><D135/><U130/><E118/><V31/><F31/><W99/><G115/><T127/><D127/><N who="1" m="48683" /><E97/><V19/><F39/><W70/><G131/><N who="1" m="50186" /><E84/><V125/><F36/><W53/><G17/><T83/><D103/><U32/><E43/><V2/><F48/><W8/><G8/><T38/><D38/><U65/><E65/><V74/><F42/><W27/><G101/><T112/><D112/><U62/><E62/><V30/><F63/><W68/><G29/><T71/><D71/><U57/><E49/><V98/><F98/><W55/><G55/><T40/><D40/><U9/><E34/><V82/><F69/><W108/><G108/><T13/><D41/><U61/><E61/><V91/><F66/><W94/><G94/><T96/><D51/><U47/><E47/><V77/><F114/><W117/><G117/><T133/><D96/><U72/><E72/><V64/><F64/><W44/><REACH who="3" step="1"/><G60/><REACH who="3" ten="376,250,250,114" step="2"/><T46/><D81/><U67/><E67/><V10/><F82/><W54/><G54/><T88/><D83/><U113/><E113/><V87/><F125/><W52/><G52/><T110/><D80/><U92/><E92/><V15/><F77/><W45/><G45/><T119/><D110/><U3/><E16/><V109/><F18/><W76/><G76/><T121/><D46/><U128/><E128/><V1/><F19/><W21/><G21/><T105/><D119/><U78/><E78/><V14/><F10/><W111/><G111/><T7/><D79/><RYUUKYOKU ba="1,1" sc="376,-15,250,15,250,-15,114,15" hai1="3,9,24,28,32,56,57" hai3="25,26,27,44,50,53,68,70,95,99,100,106,107" /><INIT seed="1,2,1,5,3,97" ten="361,265,235,129" oya="1" hai0="45,63,64,4,3,116,10,20,80,91,32,53,57" hai1="9,82,122,31,21,123,134,85,77,98,83,115,2" hai2="36,12,11,92,114,76,73,101,17,15,108,0,50" hai3="75,106,51,133,22,59,46,58,5,28,103,99,90"/><U19/><E115/><V23/><F36/><W107/><G133/><T119/><D32/><U127/><E134/><V49/><F0/><W35/><G35/><T13/><D20/><U40/><E127/><V14/><F108/><W81/><G5/><T124/><D124/><U26/><E40/><V104/><F104/><W118/><G106/><T86/><D3/><U111/><E111/><V62/><F114/><W100/><G118/><T120/><D120/><U18/><E83/><V105/><F105/><W42/><G100/><T93/><D93/><U113/><E113/><V29/><F76/><W33/><G33/><T56/><D45/><U135/><E135/><V128/><F128/><W41/><G41/><T55/><D64/><U60/><E60/><AGARI ba="2,1" hai="4,10,13,53,55,56,57,60,63,80,86,91,116,119" machi="60" ten="30,2000,0" yaku="7,1,9,1" doraHai="97" who="0" fromWho="1" sc="361,36,265,-26,235,0,129,0" /><INIT seed="2,0,0,2,0,98" ten="397,239,235,129" oya="2" hai0="30,110,74,33,114,29,127,39,36,111,11,87,25" hai1="128,24,73,6,85,5,54,46,21,72,61,134,80" hai2="67,95,135,15,91,16,60,76,119,56,120,75,109" hai3="42,47,52,64,32,1,123,35,49,86,100,81,4"/><V84/><F119/><W106/><G123/><T22/><D74/><U34/><E34/><V129/><F120/><W117/><G64/><T97/><D114/><U44/><E134/><V71/><F135/><W68/><G68/><T83/><D127/><U57/><E128/><V130/><F109/><N who="0" m="41482" /><D97/><U18/><E72/><V8/><REACH who="2" step="1"/><F71/><REACH who="2" ten="397,239,225,129" step="2"/><W27/><G117/><T37/><D11/><U69/><E69/><V121/><F121/><W12/><G35/><T90/><D33/><U63/><E73/><V38/><F38/><W65/><G32/><T0/><D0/><U17/><E63/><V7/><F7/><W59/><G1/><T58/><D58/><U118/><E118/><V124/><F124/><W116/><G116/><T50/><D50/><U82/><E5/><V92/><F92/><W9/><G106/><T45/><D45/><U132/><E6/><V2/><F2/><W43/><G59/><T3/><D3/><U41/><E132/><V10/><F10/><W23/><G65/><T103/><D36/><U28/><E46/><V62/><F62/><W55/><G43/><T78/><D39/><U107/><E107/><V112/><F112/><W13/><G9/><T122/><D37/><U133/><E133/><V26/><F26/><W89/><G4/><T88/><D122/><U66/><E66/><V94/><F94/><W51/><G51/><T125/><D125/><U20/><E24/><V31/><F31/><N who="3" m="17919" /><G13/><T93/><D30/><U108/><E28/><V79/><F79/><W126/><G12/><T19/><D29/><U96/><E108/><V70/><F70/><RYUUKYOKU ba="0,1" sc="397,15,239,-15,225,15,129,-15" hai0="19,22,25,78,83,87,88,90,93,103" hai2="8,15,16,56,60,67,75,76,84,91,95,129,130" /><INIT seed="2,1,1,1,0,15" ten="412,224,240,114" oya="2" hai0="9,55,91,22,108,127,81,75,23,77,117,73,41" hai1="76,16,80,96,118,47,18,31,51,119,52,14,34" hai2="85,134,70,92,19,25,46,100,135,69,12,26,67" hai3="48,62,87,90,130,94,8,35,102,28,104,3,61"/><V17/><F46/><W60/><G130/><T74/><D108/><U27/><E96/><N who="2" m="59399" /><F12/><W83/><G104/><T106/><D127/><U103/><E103/><V45/><F45/><W128/><G128/><T29/><D106/><U2/><E2/><V13/><F13/><W63/><G35/><T122/><D122/><U115/><E115/><V116/><F116/><W111/><G111/><T107/><D107/><U114/><E114/><V110/><F110/><W24/><G48/><T5/><D117/><U123/><E123/><V72/><F85/><W124/><G124/><T36/><D91/><U84/><REACH who="1" step="1"/><E18/><REACH who="1" ten="412,214,240,114" step="2"/><N who="2" m="6667" /><F72/><W44/><G102/><T32/><D75/><U132/><E132/><N who="2" m="50731" /><F67/><W89/><G3/><T38/><D74/><U40/><E40/><V99/><F99/><W68/><G87/><T64/><D41/><U101/><E101/><V54/><F54/><W88/><G89/><T133/><D64/><U37/><E37/><V50/><F50/><W33/><G90/><T131/><D38/><U57/><E57/><V82/><F82/><W49/><G83/><T78/><D36/><U0/><E0/><V113/><F113/><W43/><G88/><T6/><D81/><U79/><E79/><V105/><F105/><W93/><N who="3" m="15360" /><DORA hai="59" /><W95/><G68/><AGARI ba="1,2" hai="25,26,68,69,70" m="50731,6667,59399" machi="68" ten="30,11600,0" yaku="20,1,52,3" doraHai="15,59" who="2" fromWho="3" sc="412,0,214,0,240,139,114,-119" owari="412,52.0,214,-19.0,379,18.0,-5,-51.0" /></mjloggm>