<mjloggm ver="2.3"><GO type="225" lobby="0"/><UN n0="%E3%83%88%E3%83%88%E3%83%AA%E5%85%88%E7%94%9F%31%39%E6%AD%B3" n1="%68%69%67%68%31%35%31%35" n2="%53%48%49%53%55%4B%45" n3="%E3%82%82%E3%81%8D%E3%82%82%E3%81%8D%E3%82%82%E3%81%A3%E3%81%8D" dan="18,16,16,16" rate="2265.68,2080.08,2149.28,2070.73" sx="F,M,M,F"/><TAIKYOKU oya="0"/><INIT seed="0,0,0,2,1,120" ten="250,250,250,250" oya="0" hai0="81,33,36,43,2,46,83,101,34,126,77,62,113" hai1="11,76,59,38,7,50,20,13,107,54,18,9,45" hai2="125,78,30,42,93,17,122,92,98,116,131,115,88" hai3="3,105,58,63,102,6,26,55,53,106,25,91,69"/><T85/><D113/><U87/><E107/><V114/><F116/><W57/><G69/><T68/><D2/><U52/><E38/><V67/><F122/><W110/><G110/><T29/><D126/><U28/><E28/><V35/><F125/><W47/><G47/><T100/><D68/><U41/><E41/><V4/><F131/><W118/><G118/><T96/><D100/><U51/><REACH who="1" step="1"/><E7/><REACH who="1" ten="250,240,250,250" step="2"/><V10/><F42/><W86/><G106/><T129/><D29/><U70/><E70/><V119/><F119/><W104/><G104/><T130/><D129/><U31/><E31/><V112/><F30/><W5/><G5/><T124/><D130/><U23/><E23/><V109/><F17/><W73/><G6/><T75/><D124/><U44/><E44/><V1/><F35/><W74/><G105/><T27/><D34/><U121/><E121/><V37/><F37/><W127/><G127/><T24/><D33/><U39/><E39/><V65/><F4/><W135/><G3/><T32/><D32/><U108/><E108/><V103/><F1/><W60/><G58/><T14/><D46/><U16/><E16/><V123/><F109/><W40/><G57/><T111/><D111/><U71/><E71/><V134/><F123/><W12/><G40/><T72/><D43/><U89/><E89/><V15/><F10/><W61/><G91/><N who="0" m="51631" /><D36/><U66/><E66/><V8/><F67/><W48/><G55/><T133/><D101/><U21/><E21/><V82/><F103/><W84/><G102/><T80/><D77/><U49/><E49/><V94/><F78/><RYUUKYOKU ba="0,1" sc="250,-10,240,30,250,-10,250,-10" hai1="9,11,13,18,20,45,50,51,52,54,59,76,87" /><INIT seed="1,1,1,5,1,53" ten="240,270,240,240" oya="1" hai0="41,95,65,117,80,40,30,66,131,84,116,13,113" hai1="91,29,17,126,103,10,110,101,46,97,134,1,44" hai2="68,130,33,61,56,20,12,42,38,123,96,5,57" hai3="55,74,54,27,59,67,83,63,3,18,34,8,85"/><U51/><E29/><V0/><F123/><W22/><G74/><T107/><D107/><U94/><E126/><V11/><F130/><W24/><G34/><T69/><D113/><U115/><E115/><V6/><F38/><W2/><G27/><T73/><D131/><U77/><E134/><V135/><F135/><W16/><G3/><T105/><D105/><U121/><E121/><V114/><F114/><W48/><G48/><T104/><D104/><U112/><E112/><V21/><F42/><N who="0" m="16490" /><D69/><U122/><E122/><V32/><F68/><W62/><G62/><T124/><D73/><U102/><E110/><V89/><F33/><W14/><G2/><T7/><D124/><U118/><E118/><V4/><F32/><W23/><G8/><N who="0" m="4255" /><D30/><U15/><E1/><V119/><F119/><W88/><AGARI ba="1,1" hai="14,16,18,22,23,24,54,55,59,63,67,83,85,88" machi="88" ten="20,12000,2" yaku="0,1,7,1,8,1,52,1,54,2" doraHai="53" who="3" fromWho="3" sc="240,-31,270,-61,240,-31,240,133" /><INIT seed="2,0,0,2,3,60" ten="209,209,209,373" oya="2" hai0="0,101,71,51,113,127,21,129,40,2,66,59,57" hai1="37,107,102,65,128,10,123,50,18,27,20,73,43" hai2="39,5,94,95,67,86,19,81,38,42,132,44,3" hai3="63,58,77,68,84,16,111,11,85,13,88,104,45"/><V4/><F39/><W106/><G68/><T30/><D113/><U62/><E73/><V12/><F132/><W89/><G111/><T76/><D71/><U53/><E128/><V125/><F125/><W34/><G34/><T75/><D129/><U9/><E123/><V119/><F119/><W33/><G33/><T120/><D120/><U126/><E126/><V17/><F17/><W36/><G77/><T52/><D127/><U28/><E107/><V100/><F3/><W103/><G103/><T122/><D122/><U105/><E105/><V110/><F110/><W22/><G36/><T25/><D40/><U24/><E102/><V80/><F80/><N who="3" m="49159" /><G106/><T82/><REACH who="0" step="1"/><D101/><REACH who="0" ten="199,209,209,373" step="2"/><U83/><E43/><V116/><F116/><W49/><G104/><T109/><D109/><U92/><E37/><V97/><F95/><W130/><G130/><T99/><D99/><U14/><E92/><V133/><F133/><W134/><G134/><T112/><D112/><U98/><E98/><V87/><F97/><W35/><G35/><T118/><D118/><U121/><E121/><V93/><F100/><W64/><G85/><N who="2" m="32265" /><F93/><W41/><G89/><T31/><D31/><U26/><E28/><V29/><F94/><W1/><G1/><T46/><D46/><N who="1" m="27863" /><E83/><V124/><F124/><W91/><G91/><T135/><D135/><U69/><E69/><V115/><F115/><W117/><G117/><T74/><D74/><U90/><E90/><V56/><F81/><W61/><G41/><T79/><D79/><U72/><E72/><V78/><F78/><W96/><G96/><T54/><D54/><RYUUKYOKU ba="0,1" sc="199,15,209,15,209,-15,373,-15" hai0="0,2,21,25,30,51,52,57,59,66,75,76,82" hai1="9,10,14,18,20,24,26,27,62,65" /><INIT seed="3,1,1,5,2,104" ten="214,224,194,358" oya="3" hai0="133,54,29,14,53,134,92,121,128,131,129,45,99" hai1="37,89,88,32,62,38,3,51,15,127,102,79,10" hai2="81,41,113,43,44,68,17,5,80,95,20,63,36" hai3="35,71,52,91,65,86,13,130,49,19,115,2,22"/><W93/><G115/><T108/><D108/><U7/><E32/><V60/><F113/><W6/><G35/><T47/><D121/><U67/><E102/><V69/><F5/><W98/><G130/><T56/><D29/><U74/><E3/><V33/><F33/><W24/><G2/><T61/><D14/><U46/><E127/><V75/><F43/><W42/><G42/><T90/><D54/><U77/><E74/><V11/><F11/><N who="3" m="4343" /><G71/><T85/><D99/><U114/><E37/><V76/><F81/><W87/><G65/><T100/><D100/><U101/><E101/><V117/><F95/><W66/><G66/><T116/><D116/><U110/><E38/><V106/><F106/><W94/><G94/><T105/><D105/><U84/><E110/><V21/><F117/><W70/><G70/><T4/><D4/><U123/><E123/><V48/><F36/><W82/><G82/><T55/><D55/><U132/><E7/><V112/><F112/><W124/><G124/><T126/><D126/><U72/><E72/><V12/><REACH who="2" step="1"/><F21/><REACH who="2" ten="214,224,184,358" step="2"/><W39/><G39/><T34/><D34/><U26/><E114/><V57/><F57/><AGARI ba="1,2" hai="19,22,24,49,52,57,86,87,91,93,98" m="4343" machi="57" ten="30,2900,0" yaku="8,1,54,1" doraHai="104" who="3" fromWho="2" sc="214,0,224,0,184,-32,358,52" owari="214,-19.0,224,2.0,152,-35.0,410,52.0" /></mjloggm>