<mjloggm ver="2.3"><GO type="169" lobby="0"/><UN n0="%E3%83%88%E3%83%88%E3%83%AA%E5%85%88%E7%94%9F%31%39%E6%AD%B3" n1="%63%68%61%72%6C%69%65%37" n2="%E3%81%8B%E3%81%AB%E3%83%9E%E3%82%B8%E3%83%B3" n3="%E3%81%99%E3%81%BF%E3%82%84%E3%81%AB" dan="18,17,17,17" rate="2268.41,2218.41,2183.88,2168.76" sx="F,M,M,M"/><TAIKYOKU oya="0"/><INIT seed="0,0,0,3,5,116" ten="250,250,250,250" oya="0" hai0="67,17,56,26,131,19,107,57,68,65,28,69,18" hai1="72,74,90,8,120,22,24,44,27,37,126,43,52" hai2="32,79,33,60,134,101,11,20,97,109,127,78,34" hai3="91,88,84,102,119,15,73,35,63,55,1,117,3"/><T100/><D131/><U89/><E126/><V29/><F127/><W4/><G73/><T104/><D100/><U75/><E27/><V114/><F114/><W103/><G35/><T95/><D95/><U39/><E8/><V76/><F134/><W118/><G15/><T113/><D26/><U86/><E120/><V130/><F130/><W51/><G63/><T13/><D13/><U46/><E39/><V124/><F124/><W50/><G4/><T125/><D125/><U110/><E110/><V30/><F109/><W7/><G7/><T81/><D81/><U58/><E46/><V93/><F11/><W10/><G10/><T108/><D108/><U38/><E38/><V53/><F20/><W112/><G112/><T82/><D82/><U70/><E70/><N who="0" m="27241" /><D28/><U36/><E36/><V62/><REACH who="2" step="1"/><F53/><REACH who="2" ten="250,250,240,250" step="2"/><W122/><G55/><T16/><N who="0" m="4096" /><DORA hai="61" /><T9/><D9/><U12/><E12/><V40/><F40/><W128/><G119/><T49/><D113/><U71/><E22/><V48/><F48/><W132/><G128/><T98/><D49/><U106/><E37/><V31/><AGARI ba="0,1" hai="29,30,31,32,33,34,60,62,76,78,79,93,97,101" machi="31" ten="40,8000,1" yaku="1,1,0,1,29,2,53,0" doraHai="116,61" doraHaiUra="123,45" who="2" fromWho="2" sc="250,-40,250,-20,240,90,250,-20" /><INIT seed="1,0,0,0,5,129" ten="210,230,330,230" oya="1" hai0="34,16,0,40,105,80,12,35,123,70,73,85,14" hai1="115,125,128,95,33,56,36,87,111,31,100,103,130" hai2="84,98,109,108,89,19,97,102,61,86,121,92,114" hai3="9,104,17,63,118,37,10,26,122,22,6,72,76"/><U59/><E36/><V65/><F121/><W51/><G104/><T74/><D0/><U99/><E115/><V62/><F114/><W88/><G37/><T75/><D105/><U66/><E103/><V45/><F45/><W83/><G122/><T93/><D70/><U8/><E8/><V44/><F44/><W20/><G118/><T91/><D123/><U101/><E101/><V21/><F86/><W113/><G113/><T107/><D107/><U78/><E33/><V3/><F3/><W38/><G38/><T67/><D14/><U25/><E25/><V60/><F65/><W29/><G51/><T131/><D67/><U133/><E31/><V11/><F11/><W135/><G63/><T71/><D71/><U24/><E24/><V96/><REACH who="2" step="1"/><F102/><REACH who="2" ten="210,230,320,230" step="2"/><W49/><G10/><T15/><D85/><U23/><E66/><V7/><F7/><W68/><G6/><T79/><D75/><U53/><E87/><V58/><F58/><W81/><G9/><T132/><D74/><U1/><E59/><V57/><F57/><W77/><G68/><T82/><D73/><U124/><E1/><V55/><F55/><W4/><G4/><T134/><D40/><U27/><E53/><V28/><F28/><W43/><G43/><T120/><D120/><U54/><E54/><V112/><F112/><W117/><G72/><T32/><D16/><N who="1" m="12775" /><E56/><V18/><F18/><W46/><G20/><T106/><D131/><U127/><E128/><V48/><F48/><W2/><G49/><T50/><D34/><U47/><E130/><V5/><F5/><W94/><G2/><RYUUKYOKU ba="0,1" sc="210,-10,230,-10,320,30,230,-10" hai2="19,21,60,61,62,84,89,92,96,97,98,108,109" /><INIT seed="2,1,1,4,2,76" ten="200,220,350,220" oya="2" hai0="62,98,66,27,43,127,46,122,89,119,51,2,20" hai1="68,131,97,90,120,109,107,36,29,19,88,113,7" hai2="6,3,105,123,22,124,121,100,114,16,25,85,13" hai3="101,58,94,60,128,54,130,49,117,21,28,9,11"/><V38/><F38/><W87/><G117/><T82/><D119/><U99/><E68/><V1/><F85/><W61/><G28/><T0/><D122/><N who="2" m="46602" /><F100/><W56/><G21/><T4/><D127/><U103/><E36/><V50/><F50/><W77/><G61/><T59/><D4/><U65/><E65/><V96/><F96/><N who="3" m="59543" /><G77/><T116/><D116/><U8/><E29/><N who="2" m="17591" /><F105/><W42/><G87/><T112/><D112/><U17/><E113/><V93/><F93/><W91/><G91/><T132/><D132/><U30/><E120/><V81/><F81/><W111/><G42/><T70/><D70/><U71/><E71/><V135/><F114/><W47/><G47/><T14/><D98/><U95/><E90/><V63/><F63/><W67/><G111/><T110/><D110/><U5/><E109/><V118/><F118/><W78/><G78/><T57/><D57/><U129/><E30/><V69/><F69/><W108/><G108/><T35/><D89/><U74/><E74/><V45/><F45/><W44/><G44/><T84/><D84/><U12/><REACH who="1" step="1"/><E19/><REACH who="1" ten="200,210,350,220" step="2"/><V31/><F31/><W102/><G102/><T86/><D66/><U10/><E10/><N who="2" m="4311" /><F124/><W18/><G18/><T64/><D64/><U41/><E41/><V40/><F40/><W83/><G67/><T32/><D43/><U133/><E133/><V39/><F39/><W80/><G11/><T92/><D32/><U75/><E75/><V73/><F73/><W79/><G79/><T104/><D35/><U55/><E55/><V52/><F135/><W26/><G54/><T34/><D34/><RYUUKYOKU ba="1,2" sc="200,-10,210,30,350,-10,220,-10" hai1="5,7,8,12,17,88,95,97,99,103,107,129,131" /><INIT seed="3,2,2,2,2,2" ten="190,240,340,210" oya="3" hai0="21,67,88,55,56,133,99,127,73,121,38,62,102" hai1="94,14,96,40,132,85,52,27,5,104,128,60,17" hai2="63,8,107,53,115,51,57,114,95,6,9,34,113" hai3="49,4,12,79,65,72,118,7,100,89,30,129,24"/><W43/><G118/><T117/><D117/><U125/><E104/><V50/><F107/><W74/><G129/><T28/><D121/><U101/><E128/><V90/><F34/><W80/><G74/><T71/><D73/><U122/><E122/><V135/><F135/><W36/><G36/><T47/><D133/><U29/><E132/><V13/><REACH who="2" step="1"/><F9/><REACH who="2" ten="190,240,330,210" step="2"/><W11/><G100/><T25/><D102/><U22/><E125/><V23/><F23/><W16/><G65/><T20/><D20/><U93/><E101/><V19/><F19/><W120/><G120/><T46/><D127/><U66/><E17/><V83/><F83/><W86/><G30/><T84/><D38/><U44/><E29/><V35/><F35/><W75/><G24/><T45/><D99/><AGARI ba="2,3" hai="6,8,13,50,51,53,57,63,90,95,99,113,114,115" machi="99" ten="40,2600,0" yaku="1,1,52,1,53,0" doraHai="2" doraHaiUra="31" who="2" fromWho="0" sc="190,-32,240,0,330,62,210,0" /><INIT seed="4,0,0,1,2,12" ten="158,240,392,210" oya="0" hai0="46,132,129,56,69,76,33,51,27,8,96,130,50" hai1="24,120,1,106,6,37,124,105,32,100,48,103,95" hai2="2,19,74,57,5,134,91,114,11,14,3,41,123" hai3="72,54,31,119,101,36,133,90,30,9,117,16,131"/><T113/><D69/><U10/><E120/><V55/><F123/><W59/><G36/><T118/><D118/><U15/><E37/><V78/><F134/><W89/><G72/><T116/><D116/><U109/><E109/><V75/><F114/><W13/><G119/><T20/><D33/><U107/><E124/><V53/><F41/><W39/><G39/><T47/><D113/><U17/><E48/><V77/><F55/><W110/><G110/><T44/><D132/><U98/><E100/><V58/><F57/><W93/><G133/><T71/><D71/><U108/><E108/><V62/><F2/><W42/><G42/><T25/><D76/><U63/><E63/><V29/><F29/><N who="3" m="10763" /><G131/><N who="0" m="50187" /><D96/><U4/><E32/><V104/><F104/><W126/><G126/><T65/><D20/><U43/><E24/><N who="0" m="9289" /><D8/><U128/><E128/><V86/><F77/><W88/><G117/><T87/><D87/><U21/><E4/><V40/><F40/><W99/><G101/><T73/><D73/><U38/><E38/><V34/><F78/><W23/><G9/><T127/><D127/><U83/><E43/><V7/><F34/><W0/><G0/><T45/><N who="0" m="11264" /><DORA hai="94" /><T35/><D35/><U22/><REACH who="1" step="1"/><E21/><REACH who="1" ten="158,230,392,210" step="2"/><V84/><F5/><W52/><G54/><T111/><D111/><U122/><E122/><V85/><F7/><W68/><G68/><T92/><D51/><AGARI ba="0,1" hai="13,16,23,51,52,59,88,89,90,93,99" m="10763" machi="51" ten="30,12000,2" yaku="8,1,52,2,54,3" doraHai="12,94" who="3" fromWho="0" sc="158,-120,230,0,392,0,210,130" /><INIT seed="5,0,0,3,5,45" ten="38,230,392,340" oya="1" hai0="124,113,60,40,4,105,53,114,115,125,89,126,59" hai1="57,61,22,120,41,117,9,119,134,87,69,39,118" hai2="133,94,66,54,83,102,46,81,129,20,132,43,85" hai3="131,48,96,77,19,91,2,68,14,123,109,62,108"/><U127/><E87/><V74/><F129/><W49/><G2/><T6/><D105/><U21/><E21/><V130/><F130/><W30/><G123/><T103/><D103/><U65/><E22/><V42/><F66/><W101/><G131/><T5/><D40/><N who="2" m="15402" /><F74/><W116/><G116/><T58/><D89/><U3/><E9/><V84/><F46/><W38/><G38/><T29/><D53/><U52/><E3/><V122/><F54/><W78/><G30/><T79/><D29/><U28/><E134/><N who="2" m="51819" /><F122/><W16/><G68/><T128/><D128/><U67/><E28/><V10/><F10/><W15/><G62/><T33/><D60/><N who="1" m="40103" /><E120/><V99/><F20/><W121/><G121/><T37/><D37/><U0/><E0/><V135/><F135/><W82/><G109/><T70/><D70/><U44/><E67/><V50/><F84/><N who="3" m="50583" /><G108/><T95/><D95/><U72/><E72/><V23/><F23/><N who="3" m="11671" /><G96/><T51/><D51/><N who="3" m="19529" /><G101/><T31/><D31/><U7/><E7/><V8/><F50/><W64/><G64/><T17/><D17/><U76/><E76/><V110/><F110/><W47/><G47/><T86/><REACH who="0" step="1"/><D33/><REACH who="0" ten="28,230,392,340" step="2"/><U88/><E88/><V55/><F102/><W106/><G106/><T107/><D107/><U100/><E100/><V90/><F90/><W63/><G63/><T93/><D93/><U12/><E119/><V27/><F94/><W25/><G25/><T71/><D71/><U1/><E118/><V112/><F27/><W111/><G111/><T36/><D36/><U13/><E117/><V98/><F98/><W34/><G34/><RYUUKYOKU ba="0,1" sc="28,15,230,-15,392,-15,340,15" hai0="4,5,6,58,59,79,86,113,114,115,124,125,126" hai3="15,19,77,78" /><INIT seed="6,1,1,5,4,118" ten="43,215,377,355" oya="2" hai0="73,105,2,92,124,111,38,44,26,123,125,59,91" hai1="65,120,102,103,27,62,34,70,113,50,100,71,52" hai2="89,83,54,134,19,29,115,53,95,110,117,61,28" hai3="126,90,46,12,8,35,82,21,98,96,93,5,51"/><V84/><F117/><W41/><G35/><T3/><D111/><U13/><E71/><V78/><F110/><W104/><G126/><T58/><D92/><U81/><E113/><V20/><F115/><W56/><G82/><T39/><D44/><U130/><E130/><V87/><F134/><W32/><G32/><T94/><D94/><U14/><E81/><V47/><F54/><W69/><G69/><T31/><D26/><U116/><E116/><V97/><F84/><W0/><G56/><T131/><D91/><U74/><E74/><V68/><F68/><W63/><G63/><T114/><D114/><U57/><E120/><V128/><F128/><W11/><G21/><T16/><D131/><U88/><REACH who="1" step="1"/><E88/><REACH who="1" ten="43,205,377,355" step="2"/><V55/><F83/><W33/><G90/><T86/><D86/><U79/><E79/><V18/><F78/><W6/><G98/><T10/><D31/><AGARI ba="1,2" hai="13,14,27,31,34,50,52,57,62,65,70,100,102,103" machi="31" ten="40,2600,0" yaku="1,1,54,1,53,0" doraHai="118" doraHaiUra="106" who="1" fromWho="0" sc="43,-29,205,49,377,0,355,0" /><INIT seed="7,0,0,5,5,106" ten="14,254,377,355" oya="3" hai0="70,4,8,94,85,66,61,1,64,39,74,79,119" hai1="32,118,71,95,7,51,87,27,34,69,33,38,121" hai2="50,115,73,91,77,54,14,17,42,16,116,22,83" hai3="107,104,93,45,81,102,129,31,92,9,58,0,2"/><W117/><G117/><T86/><D86/><U52/><E118/><V114/><F116/><W122/><G122/><T75/><D85/><U29/><E121/><V89/><F42/><W37/><G31/><T35/><D94/><N who="3" m="36457" /><G102/><T134/><D119/><U59/><E38/><V62/><F62/><W113/><G58/><T53/><D53/><U36/><E36/><V46/><F17/><W110/><G113/><AGARI ba="0,0" hai="14,16,22,46,50,54,73,77,83,89,91,113,114,115" machi="113" ten="40,5200,0" yaku="15,1,52,1,54,1" doraHai="106" who="2" fromWho="3" sc="14,0,254,0,377,52,355,-52" owari="14,-49.0,254,-15.0,429,54.0,303,10.0" /></mjloggm>