<mjloggm ver="2.3"><GO type="97" lobby="0"/><UN n0="%67%6C%69%65%73%65%35%35" n1="%E5%B0%B1%E6%B4%BB%E7%94%9F%40%E5%B7%9D%E6%9D%91%E8%BB%8D%E5%9B%A3" n2="%69%64%69%6F%74%6F%70" n3="%72%65%65%66" dan="14,15,14,14" rate="1856.13,2074.70,1937.24,1899.49" sx="M,M,M,M"/><TAIKYOKU oya="0"/><INIT seed="0,0,0,5,0,86" ten="250,250,250,250" oya="0" hai0="68,96,44,103,66,101,100,115,19,73,32,74,36" hai1="62,95,65,4,119,27,124,12,81,13,122,7,47" hai2="71,99,69,94,14,107,135,60,131,78,50,82,118" hai3="98,35,79,45,46,133,105,102,41,39,77,110,31"/><T63/><D115/><U116/><E122/><V30/><F107/><W85/><G110/><T104/><D32/><U15/><E124/><V76/><F76/><W92/><G133/><T89/><D19/><U18/><E47/><V109/><F30/><W117/><G117/><T134/><D134/><U42/><E42/><V8/><F60/><W33/><G46/><T48/><D36/><U38/><E38/><V40/><F118/><W21/><G21/><T9/><D9/><U123/><E123/><V22/><F22/><W128/><G128/><T108/><D108/><U56/><E81/><V34/><F34/><W6/><G6/><T126/><D126/><U88/><E119/><V26/><F109/><W70/><G70/><T29/><D29/><U25/><E116/><V28/><F69/><W52/><G35/><T121/><D121/><U0/><E0/><V61/><F71/><W64/><G64/><T97/><D104/><U111/><E111/><V130/><F131/><W84/><G52/><T53/><REACH who="0" step="1"/><D97/><REACH who="0" ten="240,250,250,250" step="2"/><N who="1" m="57575" /><E18/><V80/><F130/><W127/><G127/><T129/><D129/><U11/><E11/><V87/><F135/><W120/><G120/><T57/><D57/><U43/><E43/><V16/><F40/><W10/><G10/><T17/><D17/><U113/><E113/><V114/><F114/><W132/><G132/><T93/><AGARI ba="0,1" hai="44,48,53,63,66,68,73,74,89,93,96,100,101,103" machi="93" ten="30,6000,0" yaku="1,1,0,1,52,1,53,0" doraHai="86" doraHaiUra="112" who="0" fromWho="0" sc="240,70,250,-20,250,-20,250,-20" /><INIT seed="0,1,0,1,3,130" ten="310,230,230,230" oya="0" hai0="19,30,89,128,77,129,83,68,88,66,94,37,10" hai1="64,61,59,9,75,99,52,23,86,56,100,115,69" hai2="54,104,32,57,92,131,90,71,134,106,51,109,11" hai3="50,33,107,58,105,45,135,36,29,132,41,74,62"/><T28/><D37/><U22/><E75/><V95/><F131/><N who="0" m="50250" /><D68/><U38/><E38/><V2/><F71/><W91/><G74/><N who="0" m="43447" /><D66/><U48/><E115/><V81/><F32/><W63/><G36/><T125/><D125/><U27/><E86/><V14/><F2/><W127/><G127/><T42/><D42/><U43/><E43/><V12/><F92/><W98/><G29/><N who="0" m="11371" /><D94/><U53/><E9/><V46/><F11/><W116/><G33/><T25/><D25/><U76/><E76/><V21/><F95/><N who="3" m="56703" /><G116/><T1/><D19/><U122/><E122/><V124/><F104/><N who="3" m="40011" /><G58/><T26/><D26/><U126/><E126/><V78/><F106/><W3/><G3/><T117/><D117/><U112/><E112/><V79/><F124/><W34/><G34/><T0/><D0/><U72/><E72/><V65/><F65/><W102/><G102/><T133/><D10/><U103/><E99/><V82/><F21/><W111/><G111/><T97/><D1/><U73/><E73/><V7/><F109/><W16/><G16/><T67/><D67/><U18/><E23/><V101/><F101/><W60/><G60/><AGARI ba="1,0" hai="18,22,27,48,52,53,56,59,60,61,64,69,100,103" machi="60" ten="30,2000,0" yaku="7,1,54,1" doraHai="130" who="1" fromWho="3" sc="310,0,230,23,230,0,230,-23" /><INIT seed="1,0,0,1,0,5" ten="310,253,230,207" oya="1" hai0="113,19,71,37,124,78,107,81,133,90,89,55,47" hai1="23,135,50,105,83,126,74,75,38,95,117,4,7" hai2="99,13,57,94,43,53,128,103,115,62,63,35,30" hai3="109,77,18,11,123,93,0,40,39,12,102,15,76"/><U119/><E38/><V10/><F128/><W132/><G123/><T127/><D113/><U120/><E105/><V87/><F115/><W110/><G0/><T31/><D107/><U82/><E120/><V16/><F43/><W3/><G3/><T67/><D31/><U121/><E121/><V65/><F87/><W9/><G132/><T58/><D133/><U8/><E95/><V97/><F97/><N who="3" m="59695" /><G40/><T42/><D124/><U33/><E135/><V91/><F35/><W59/><G59/><T51/><D19/><U116/><E33/><V72/><F72/><W54/><G54/><T70/><D127/><U14/><E126/><V49/><F30/><W118/><G39/><T122/><D122/><U60/><E60/><V100/><F63/><W32/><G32/><T17/><D17/><U101/><E101/><V46/><AGARI ba="0,0" hai="10,13,16,46,49,53,57,62,65,91,94,99,100,103" machi="46" ten="20,8000,1" yaku="0,1,7,1,8,1,52,1,54,1" doraHai="5" who="2" fromWho="2" sc="310,-20,253,-40,230,80,207,-20" /><INIT seed="2,0,0,2,5,112" ten="290,213,310,187" oya="2" hai0="82,52,107,0,41,4,1,113,66,132,128,85,92" hai1="8,57,53,6,91,27,134,129,5,70,47,89,63" hai2="116,68,10,130,97,45,42,56,120,72,24,80,59" hai3="30,104,93,98,16,110,102,12,135,95,131,25,14"/><V111/><F120/><W28/><G110/><T54/><D107/><U51/><E129/><V31/><F68/><W118/><G135/><T17/><D113/><U43/><E134/><V86/><F72/><W76/><G131/><T34/><D132/><U11/><E70/><V33/><F111/><W123/><G123/><T99/><D128/><U109/><E109/><V64/><F64/><W100/><G76/><T108/><D108/><U39/><E39/><V58/><F130/><W23/><G118/><T103/><D34/><U49/><E27/><V9/><F97/><W88/><G95/><T106/><D106/><U81/><E81/><V29/><F116/><W61/><G61/><T65/><D41/><U119/><E119/><V124/><F31/><N who="3" m="11819" /><G104/><T90/><D4/><U67/><E67/><N who="0" m="25609" /><D1/><U77/><E77/><V127/><F86/><W60/><G60/><T40/><D40/><U125/><E63/><V87/><F87/><W32/><G32/><T78/><D0/><U7/><E125/><N who="2" m="48203" /><F80/><W48/><G48/><AGARI ba="0,0" hai="9,10,24,29,33,42,45,48,56,58,59" m="48203" machi="48" ten="30,1500,0" yaku="18,1" doraHai="112" who="2" fromWho="3" sc="290,0,213,0,310,15,187,-15" /><INIT seed="2,1,0,4,5,119" ten="290,213,325,172" oya="2" hai0="12,102,43,55,64,74,98,22,58,8,66,88,15" hai1="122,40,133,34,57,38,49,25,68,36,45,16,4" hai2="13,77,105,106,129,2,94,33,1,24,21,44,121" hai3="6,5,83,0,126,14,116,67,20,47,91,132,111"/><V79/><F121/><W63/><G116/><T54/><D74/><U87/><E68/><V32/><F94/><W28/><G111/><T84/><D43/><U101/><E101/><V103/><F13/><W123/><G126/><T108/><D108/><U96/><E96/><V48/><F103/><W18/><G132/><T114/><D114/><U99/><E99/><V97/><F97/><W118/><G118/><T19/><D54/><U61/><E4/><V27/><F21/><W10/><G6/><T42/><D42/><U59/><E133/><V52/><F48/><W9/><G47/><T29/><D55/><U76/><E122/><V37/><F52/><W104/><G104/><T100/><D100/><U90/><E76/><V56/><F56/><W30/><G10/><T62/><D64/><U131/><E131/><V85/><F44/><W31/><G123/><T128/><D128/><U70/><E70/><V72/><F37/><W117/><G117/><T80/><D29/><U53/><E59/><V17/><F72/><W71/><G83/><T41/><D41/><U46/><E46/><V78/><F78/><W82/><G82/><T89/><D89/><U113/><E113/><V93/><F129/><W120/><G120/><T11/><D15/><U127/><E127/><V109/><F109/><W73/><G73/><T134/><D134/><U51/><E38/><V26/><F105/><AGARI ba="1,0" hai="8,11,12,19,22,58,62,66,80,84,88,98,102,105" machi="105" ten="30,2000,0" yaku="7,1,54,1" doraHai="119" who="0" fromWho="2" sc="290,23,213,0,325,-23,172,0" /><INIT seed="3,0,0,0,3,130" ten="313,213,302,172" oya="3" hai0="121,83,80,20,70,57,117,15,3,1,4,30,41" hai1="17,25,63,61,124,27,65,92,64,48,123,45,94" hai2="0,97,51,33,14,11,104,115,93,129,110,89,42" hai3="40,26,127,24,5,128,58,53,79,23,55,68,38"/><W88/><G127/><T90/><D117/><U133/><E123/><V22/><F115/><W134/><G128/><T31/><D70/><U46/><E17/><V113/><F129/><W50/><G68/><T81/><D121/><U106/><E48/><V8/><F33/><W39/><G79/><T74/><D74/><U73/><E73/><V21/><F104/><W16/><G40/><T125/><D125/><U84/><E84/><V103/><F113/><W112/><G112/><T105/><D105/><U122/><E124/><V87/><F110/><W76/><G76/><T107/><D107/><U37/><E122/><V10/><F0/><W86/><G5/><T85/><D3/><U114/><E106/><V47/><F14/><W52/><G134/><T108/><D1/><U7/><E114/><V71/><F71/><W19/><G39/><T9/><D108/><U132/><REACH who="1" step="1"/><E7/><REACH who="1" ten="313,203,302,172" step="2"/><V34/><F34/><W118/><G38/><AGARI ba="0,1" hai="25,27,37,38,45,46,61,63,64,65,92,94,132,133" machi="38" ten="25,12000,2" yaku="1,1,2,1,22,2,52,2,53,0" doraHai="130" doraHaiUra="35" who="1" fromWho="3" sc="313,0,203,130,302,0,172,-120" owari="313,11.0,333,44.0,302,-10.0,52,-45.0" /></mjloggm>