<mjloggm ver="2.3"><GO type="225" lobby="0"/><UN n0="%66%75%6B%75%30%32" n1="%E7%99%BE%E5%BC%8F%E8%A6%B3%E9%9F%B3" n2="%E5%B0%B1%E6%B4%BB%E7%94%9F%40%E5%B7%9D%E6%9D%91%E8%BB%8D%E5%9B%A3" n3="%E3%81%8A%E3%83%BC%E3%81%8F%E3%82%8A%E3%83%BC%E2%99%AA" dan="17,17,16,17" rate="2138.13,2164.52,2073.57,2143.73" sx="M,M,M,M"/><TAIKYOKU oya="0"/><INIT seed="0,0,0,1,4,8" ten="250,250,250,250" oya="0" hai0="48,105,25,135,123,101,94,1,119,83,72,100,104" hai1="129,33,62,109,24,112,114,52,120,118,85,89,46" hai2="27,128,126,70,41,108,130,106,44,12,22,6,68" hai3="5,13,116,132,15,35,7,103,65,117,93,20,60"/><T50/><D119/><U0/><E118/><V40/><F106/><W124/><G35/><T76/><D123/><U11/><E120/><V3/><F3/><W4/><G124/><T64/><D1/><U45/><E109/><V23/><F126/><W39/><G39/><T81/><D135/><U42/><E129/><N who="2" m="49771" /><F108/><W67/><G132/><T34/><D64/><N who="3" m="24649" /><G117/><T133/><D133/><U49/><E62/><V97/><F97/><N who="3" m="59823" /><G116/><T82/><D76/><U73/><E73/><V131/><N who="2" m="49779" /><V88/><DORA hai="134" /><F88/><W66/><G20/><N who="2" m="7721" /><F27/><W69/><G69/><N who="2" m="26729" /><F44/><W9/><G66/><T55/><D72/><U51/><E24/><V75/><F75/><W28/><G28/><T61/><D105/><U78/><E78/><V2/><F2/><W29/><G29/><T115/><D104/><U98/><E98/><V80/><F80/><W111/><G111/><T31/><D83/><U56/><E45/><V113/><F113/><W122/><G122/><T99/><D115/><U92/><REACH who="1" step="1"/><E33/><REACH who="1" ten="250,240,250,250" step="2"/><V10/><AGARI ba="0,1" hai="6,10,12,40,41" m="26729,7721,49779" machi="10" ten="50,3200,0" yaku="19,1,52,1" doraHai="8,134" who="2" fromWho="2" sc="250,-16,240,-8,250,42,250,-8" /><INIT seed="1,0,0,5,2,29" ten="234,232,292,242" oya="1" hai0="52,106,67,112,19,44,13,24,2,108,88,47,26" hai1="53,87,41,5,131,84,7,113,61,119,39,27,114" hai2="118,57,15,133,75,32,51,4,17,0,55,12,101" hai3="56,70,72,78,125,54,80,3,63,91,123,46,95"/><U116/><E61/><V96/><F118/><N who="1" m="45097" /><E41/><V43/><F75/><W135/><G123/><T35/><D112/><N who="1" m="43115" /><E53/><V23/><F133/><W36/><G3/><T97/><D2/><U85/><E39/><V132/><F32/><W120/><G120/><T86/><D108/><U74/><E74/><V76/><F132/><W38/><G135/><T121/><D121/><U94/><E94/><N who="2" m="58519" /><F0/><W98/><G70/><T105/><D67/><U107/><E27/><N who="2" m="14831" /><F4/><N who="1" m="1609" /><E131/><V22/><F76/><W77/><G78/><T40/><D47/><U130/><E130/><V68/><F68/><W124/><G46/><T48/><D40/><U100/><E100/><V109/><F109/><W64/><G64/><T10/><D97/><U49/><E49/><N who="2" m="30959" /><F22/><W134/><G134/><T129/><D129/><U69/><E69/><V83/><F83/><W21/><G38/><T50/><D50/><U42/><E42/><V90/><F90/><W28/><G36/><T16/><D26/><U60/><E60/><V71/><F71/><W122/><G122/><T59/><D59/><U111/><E111/><V73/><F73/><W30/><G21/><N who="0" m="13375" /><D35/><U104/><AGARI ba="0,0" hai="84,85,87,104,107" m="1609,43115,45097" machi="104" ten="40,3900,0" yaku="28,2" doraHai="29" who="1" fromWho="1" sc="234,-13,232,39,292,-13,242,-13" /><INIT seed="1,1,0,1,3,101" ten="221,271,279,229" oya="1" hai0="79,104,61,51,75,106,19,40,78,0,120,42,23" hai1="26,11,133,21,1,80,59,17,123,135,116,36,33" hai2="62,53,124,63,88,98,55,121,30,71,34,37,110" hai3="117,48,77,73,43,7,87,89,112,108,29,50,83"/><U56/><E36/><V5/><F121/><W32/><G112/><T54/><D0/><U91/><E123/><V95/><F110/><W69/><G69/><T57/><D120/><U46/><E116/><V128/><F128/><W6/><G108/><T113/><D113/><U10/><E46/><V93/><F124/><W105/><G117/><T125/><D125/><U130/><E130/><V72/><F37/><W126/><G126/><T60/><D60/><N who="2" m="23082" /><F72/><W9/><G105/><T115/><D115/><U129/><E129/><V86/><F71/><W13/><G6/><T82/><D79/><U45/><E45/><V134/><F34/><W84/><G73/><T52/><D40/><U47/><E47/><V4/><F30/><W122/><G122/><T41/><D41/><U127/><E127/><V96/><F134/><N who="1" m="51209" /><E33/><V67/><F67/><W74/><G74/><T38/><D42/><U103/><E103/><N who="2" m="60815" /><F98/><W81/><REACH who="3" step="1"/><G43/><REACH who="3" ten="221,271,279,219" step="2"/><T102/><D38/><U97/><E1/><V2/><F2/><W44/><G44/><T15/><D102/><U14/><E56/><AGARI ba="1,1" hai="15,19,23,51,52,54,56,57,61,75,78,82,104,106" machi="56" ten="30,7700,0" yaku="7,1,52,2,54,1" doraHai="101" who="0" fromWho="1" sc="221,90,271,-80,279,0,219,0" /><INIT seed="2,0,0,4,0,109" ten="311,191,279,219" oya="2" hai0="86,45,5,26,93,67,19,38,117,126,106,16,113" hai1="48,27,99,49,74,100,44,130,59,66,123,68,120" hai2="132,91,95,18,0,73,39,25,81,29,12,57,52" hai3="89,121,42,111,78,110,34,51,58,71,55,94,13"/><V119/><F0/><W116/><G121/><N who="1" m="46666" /><E74/><V131/><F119/><W17/><G116/><T40/><D106/><U102/><E27/><V92/><F131/><W108/><G71/><T88/><D117/><U14/><E14/><V82/><F132/><W1/><G1/><T124/><D5/><U77/><E77/><V47/><F47/><W76/><G42/><T37/><D37/><U69/><E99/><V54/><F39/><W10/><REACH who="3" step="1"/><G34/><REACH who="3" ten="311,191,279,209" step="2"/><T127/><D127/><U62/><E130/><V75/><F75/><W98/><AGARI ba="0,1" hai="10,13,17,51,55,58,76,78,89,94,98,108,110,111" machi="98" ten="30,7900,0" yaku="1,1,2,1,0,1,14,1,53,0" doraHai="109" doraHaiUra="101" who="3" fromWho="3" sc="311,-20,191,-20,279,-39,209,89" /><INIT seed="3,0,0,0,2,5" ten="291,171,240,298" oya="3" hai0="102,17,15,66,0,116,49,24,44,112,105,85,93" hai1="122,74,129,123,46,13,82,1,8,124,19,57,97" hai2="63,115,53,28,111,41,88,64,43,100,31,16,94" hai3="3,54,34,9,77,107,126,39,127,78,35,60,131"/><W120/><G120/><T113/><D0/><U128/><E97/><N who="2" m="57543" /><F111/><W110/><G107/><T81/><D116/><U101/><E101/><V11/><F115/><N who="0" m="44106" /><D105/><U91/><E124/><N who="3" m="47658" /><G39/><T27/><D66/><U25/><E46/><V83/><F100/><W4/><G131/><N who="1" m="50250" /><E57/><N who="2" m="35247" /><F64/><W118/><G118/><T96/><D85/><N who="1" m="50615" /><E74/><V98/><F83/><W114/><G110/><T62/><D62/><U55/><E55/><V61/><F61/><W70/><G114/><T86/><D86/><U121/><E25/><V73/><F73/><W125/><G125/><T48/><D81/><U37/><E37/><V69/><F69/><W92/><G92/><T38/><D38/><U84/><E84/><V133/><F98/><W106/><G106/><T47/><D47/><U14/><E14/><N who="2" m="7263" /><F133/><W65/><G54/><N who="0" m="29959" /><D49/><U36/><E36/><V20/><F20/><AGARI ba="0,0" hai="15,17,20,24,27,93,96,102" m="29959,44106" machi="20" ten="30,1000,0" yaku="11,1" doraHai="5" who="0" fromWho="2" sc="291,10,171,0,240,-10,298,0" owari="301,40.0,171,-33.0,230,-17.0,298,10.0" /></mjloggm>