<mjloggm ver="2.3"><GO type="97" lobby="0"/><UN n0="%E3%82%B1%E3%82%A4%E3%83%B3%E3%83%BB%E6%B1%A0%E8%B0%B7" n1="%E5%A4%A9%E3%83%91%EF%BC%A0%E9%A3%AF%E5%A1%9A%E8%BB%8D%E5%9B%A3" n2="%E5%B0%B1%E6%B4%BB%E7%94%9F%40%E5%B7%9D%E6%9D%91%E8%BB%8D%E5%9B%A3" n3="%61%6B%61%7A%65%6B%69" dan="14,14,15,15" rate="1942.17,2053.13,2071.98,2013.19" sx="M,M,M,M"/><TAIKYOKU oya="0"/><INIT seed="0,0,0,3,4,98" ten="250,250,250,250" oya="0" hai0="56,100,61,80,63,86,24,127,34,25,94,4,123" hai1="40,3,73,28,83,64,18,120,35,91,89,118,57" hai2="72,116,132,78,96,44,0,81,88,107,20,10,119" hai3="30,21,113,115,66,103,2,49,79,52,38,121,48"/><T117/><D123/><U23/><E118/><N who="2" m="45099" /><F132/><W32/><G38/><T12/><D117/><U111/><E35/><V85/><F20/><W19/><G2/><T126/><D126/><U125/><E28/><V92/><F44/><W90/><G121/><T37/><D37/><U26/><E3/><V128/><F128/><W17/><G79/><T45/><D45/><U8/><E8/><V114/><F114/><W131/><G66/><T84/><D127/><U33/><E33/><V109/><F109/><W76/><G76/><T122/><D122/><U53/><E64/><V22/><F22/><W124/><G131/><T36/><D36/><U112/><E40/><V58/><F58/><W43/><G43/><T41/><D41/><U129/><E120/><V82/><F10/><W31/><G21/><T110/><D110/><U51/><E111/><V14/><F14/><W29/><G32/><T95/><D34/><U59/><E125/><V15/><F15/><W77/><G124/><T9/><D94/><U135/><E135/><V102/><F0/><W50/><G30/><T134/><D134/><U27/><E129/><V1/><F1/><W47/><G31/><T46/><D46/><U74/><E59/><V101/><F101/><W108/><G29/><T5/><D5/><U13/><E112/><V99/><F99/><W69/><G47/><T75/><D75/><U55/><E74/><V104/><AGARI ba="0,0" hai="72,78,81,82,85,88,92,96,102,104,107" m="45099" machi="104" ten="30,8000,1" yaku="12,1,34,2,52,1,54,1" doraHai="98" who="2" fromWho="2" sc="250,-40,250,-20,250,80,250,-20" /><INIT seed="1,0,0,3,0,85" ten="210,230,330,230" oya="1" hai0="90,100,68,106,120,109,133,63,40,33,23,16,64" hai1="65,95,76,119,114,32,59,110,99,53,62,123,132" hai2="55,9,7,13,129,92,12,112,75,87,116,44,35" hai3="43,37,14,49,42,1,46,57,105,6,56,51,38"/><U58/><E123/><V66/><F75/><W39/><G105/><T118/><D120/><U71/><E119/><V89/><F35/><W134/><G1/><T73/><D118/><U117/><E117/><V103/><F116/><W81/><G81/><T77/><D33/><U115/><E32/><V30/><F112/><W27/><G27/><T45/><D133/><U101/><E132/><V61/><F129/><W135/><G14/><T17/><D109/><U94/><E110/><V79/><F30/><W111/><G6/><T5/><D5/><U4/><E76/><V78/><F103/><W72/><G72/><T74/><D106/><U121/><E121/><V102/><F102/><W88/><G88/><T29/><D100/><U96/><E4/><V31/><F31/><W107/><G107/><T21/><D29/><U82/><E82/><V69/><F13/><W83/><G83/><T125/><D125/><U70/><E71/><V54/><F44/><N who="3" m="25751" /><G111/><T86/><D77/><U122/><E122/><V25/><F25/><W20/><G20/><T98/><D98/><U28/><E70/><V47/><F47/><W2/><G2/><T15/><D21/><U24/><E99/><V126/><F126/><W113/><G113/><T91/><D17/><U48/><E95/><V41/><F41/><W80/><G80/><T19/><D19/><U18/><E18/><V52/><AGARI ba="0,0" hai="7,9,12,52,54,55,61,66,69,78,79,87,89,92" machi="52" ten="30,4000,0" yaku="0,1,52,1,54,1" doraHai="85" who="2" fromWho="2" sc="210,-10,230,-20,330,40,230,-10" /><INIT seed="2,0,0,3,4,77" ten="200,210,370,220" oya="2" hai0="13,21,86,11,9,79,60,26,97,43,73,75,50" hai1="29,58,126,22,52,106,98,59,31,17,96,129,131" hai2="7,62,120,80,2,5,110,68,70,127,104,46,76" hai3="82,116,119,63,132,34,93,122,45,57,115,40,14"/><V18/><F104/><W51/><G122/><T89/><D60/><N who="1" m="35911" /><E126/><V95/><F120/><W54/><G34/><T102/><D11/><U33/><E106/><V125/><F110/><W94/><G132/><T24/><D24/><N who="1" m="14415" /><E33/><V134/><F134/><W67/><G115/><T25/><D25/><U71/><E71/><V64/><F70/><W8/><G82/><T101/><D101/><U6/><E6/><V47/><F95/><W105/><G105/><T135/><D135/><U124/><E124/><N who="2" m="47691" /><F18/><W84/><G84/><T78/><D73/><U3/><E3/><V117/><F117/><W99/><G93/><N who="0" m="58671" /><D75/><U19/><E19/><V53/><F53/><W10/><G54/><T20/><D20/><U15/><E15/><V28/><F28/><N who="1" m="10825" /><E59/><V103/><F103/><W42/><G119/><T87/><D21/><U107/><E107/><V55/><F55/><W56/><G116/><T118/><D26/><U69/><E69/><V123/><F123/><W108/><G108/><T72/><D72/><U38/><E38/><V133/><F133/><W74/><G74/><T81/><D118/><U32/><E32/><V113/><F113/><W44/><G14/><T128/><D13/><U49/><E49/><V23/><F23/><W41/><G51/><T61/><D9/><U4/><E4/><N who="2" m="1611" /><F2/><W109/><G109/><T85/><D50/><U35/><E35/><V12/><F12/><W36/><G36/><T83/><D61/><U65/><E65/><V66/><F66/><W0/><G0/><T1/><D1/><U37/><E37/><V16/><F16/><W114/><G67/><RYUUKYOKU ba="0,0" sc="200,-15,210,15,370,15,220,-15" hai1="96,98,129,131" hai2="46,47,62,64,68,76,80" /><INIT seed="2,1,0,5,5,47" ten="185,225,385,205" oya="2" hai0="82,30,84,121,77,108,113,42,70,127,4,123,74" hai1="110,8,116,52,33,130,48,17,122,128,24,134,25" hai2="14,40,78,58,69,106,26,115,60,124,61,50,16" hai3="101,59,3,55,129,98,126,90,45,66,34,117,133"/><V38/><F115/><W15/><G3/><T114/><D70/><U88/><E116/><V2/><F106/><W109/><G117/><T0/><D30/><U97/><E110/><V89/><F124/><W23/><G34/><T87/><D127/><U1/><E33/><V71/><F2/><W6/><G126/><T53/><D53/><U92/><E134/><V102/><F102/><W57/><G109/><T41/><D41/><U62/><E62/><V125/><F125/><W37/><G133/><T99/><D42/><U119/><E119/><V64/><F38/><W19/><G129/><N who="1" m="49770" /><E122/><N who="0" m="46601" /><D108/><U111/><E111/><V80/><F89/><W31/><G90/><T68/><D68/><U96/><E97/><V21/><F69/><W135/><G135/><T83/><D4/><N who="1" m="1039" /><E17/><V67/><F40/><W79/><G6/><T73/><D0/><U20/><E20/><V76/><F26/><W54/><G31/><T85/><D99/><U120/><E120/><V39/><F39/><W27/><G27/><T103/><D103/><U10/><E10/><V5/><F5/><W46/><G98/><T94/><D94/><U93/><E92/><V12/><F12/><W51/><G101/><T131/><D131/><U75/><E75/><N who="0" m="28681" /><D77/><U65/><E65/><V36/><F36/><W95/><G79/><T100/><D100/><U105/><E105/><V86/><F76/><W32/><G37/><T112/><AGARI ba="1,0" hai="82,83,84,85,87,112,113,114" m="28681,46601" machi="112" ten="50,8000,1" yaku="28,2,34,2" doraHai="47" who="0" fromWho="0" sc="185,83,225,-21,385,-41,205,-21" /><INIT seed="3,0,0,0,3,72" ten="268,204,344,184" oya="3" hai0="76,79,78,62,110,84,114,16,98,42,26,80,103" hai1="58,67,10,89,5,40,100,60,90,131,73,99,18" hai2="1,44,14,127,45,93,23,52,30,118,0,29,7" hai3="37,112,64,77,54,129,122,95,21,75,43,59,68"/><W71/><G122/><T87/><D110/><U11/><E131/><V132/><F118/><W130/><G112/><T101/><D114/><U97/><E40/><V48/><F132/><W63/><G95/><N who="0" m="58591" /><D103/><U104/><E73/><V46/><F127/><W47/><G21/><N who="0" m="13607" /><D42/><U85/><E97/><V70/><F70/><W6/><G6/><T19/><D80/><U17/><E11/><N who="2" m="4479" /><F0/><W8/><G8/><T134/><D134/><U88/><E85/><N who="0" m="32841" /><D62/><U94/><E104/><V107/><F107/><W69/><REACH who="3" step="1"/><G64/><REACH who="3" ten="268,204,344,174" step="2"/><T111/><D111/><U50/><REACH who="1" step="1"/><E50/><REACH who="1" ten="268,194,344,174" step="2"/><V38/><F38/><W74/><G74/><T91/><D19/><U39/><E39/><V92/><F1/><AGARI ba="0,2" hai="1,5,10,17,18,58,60,67,88,89,90,94,99,100" machi="1" ten="40,2600,0" yaku="1,1,54,1,53,0" doraHai="72" doraHaiUra="117" who="1" fromWho="2" sc="268,0,194,46,344,-26,174,0" owari="268,7.0,240,-16.0,318,42.0,174,-33.0" /></mjloggm>