<mjloggm ver="2.3"><GO type="169" lobby="0"/><UN n0="%6D%6F%74%69%37%32%2E%2E" n1="%E9%81%8A%E8%B5%B0" n2="%E3%81%99%E3%81%9A%E3%82%81%E3%82%AF%E3%83%AC%E3%82%A4%E3%82%B8%E3%83%BC" n3="%E5%B0%B1%E6%B4%BB%E7%94%9F%40%E5%B7%9D%E6%9D%91%E8%BB%8D%E5%9B%A3" dan="17,16,19,16" rate="2080.96,2160.68,2284.99,2086.36" sx="M,F,M,M"/><TAIKYOKU oya="0"/><INIT seed="0,0,0,3,1,99" ten="250,250,250,250" oya="0" hai0="35,106,108,85,131,47,128,68,87,76,65,101,104" hai1="119,103,1,75,30,130,88,14,37,10,120,133,123" hai2="44,19,54,6,42,7,59,16,23,93,102,26,112" hai3="41,22,116,118,64,21,122,25,117,97,5,15,18"/><T82/><D35/><U9/><E119/><V80/><F112/><W109/><G122/><T125/><D47/><U115/><E75/><V71/><F71/><W53/><G109/><T62/><D108/><U61/><E115/><V114/><F19/><W46/><G64/><T60/><D125/><U135/><E37/><V92/><F92/><W51/><G97/><T55/><D85/><U52/><E130/><N who="0" m="49705" /><D101/><U20/><E1/><V89/><F80/><W63/><G5/><T57/><AGARI ba="0,0" hai="55,57,60,62,65,68,76,82,87,104,106" m="49705" machi="57" ten="30,1500,0" yaku="19,1" doraHai="99" who="0" fromWho="0" sc="250,15,250,-5,250,-5,250,-5" /><INIT seed="0,1,0,3,1,51" ten="265,245,245,245" oya="0" hai0="30,88,39,93,61,67,57,115,22,87,68,91,89" hai1="55,59,3,130,63,132,123,92,104,108,85,70,27" hai2="95,8,6,47,35,49,18,44,32,81,96,19,125" hai3="38,110,20,77,79,124,29,36,21,109,90,60,129"/><T127/><D115/><U97/><E123/><V126/><F81/><W24/><G124/><T122/><D122/><U16/><E108/><N who="3" m="41578" /><G129/><T84/><D127/><U98/><E130/><V128/><F128/><W40/><G40/><T111/><D111/><U1/><E132/><V65/><F65/><W31/><G60/><T86/><D39/><N who="3" m="14889" /><G90/><T131/><D131/><U72/><E72/><V83/><F83/><W9/><G9/><T64/><D68/><U46/><E70/><V13/><F125/><W94/><G94/><T28/><D67/><U33/><E46/><V17/><F44/><W58/><G58/><T107/><D107/><U103/><E85/><N who="0" m="32873" /><D30/><N who="3" m="11273" /><G24/><AGARI ba="1,0" hai="22,24,28,57,61,64,87,88,89,91,93" m="32873" machi="24" ten="30,2900,0" yaku="8,1,54,1" doraHai="51" who="0" fromWho="3" sc="265,32,245,0,245,0,245,-32" /><INIT seed="0,2,0,4,1,33" ten="297,245,245,213" oya="0" hai0="75,43,120,92,7,35,15,28,77,31,93,29,24" hai1="19,101,17,73,82,88,81,4,59,62,1,61,84" hai2="83,6,50,66,13,39,47,65,78,46,12,70,105" hai3="57,113,117,107,125,109,54,100,11,3,71,69,22"/><T27/><D120/><U45/><E101/><V116/><F105/><W48/><G117/><T118/><D118/><U0/><E45/><V127/><F127/><W25/><G113/><T112/><D112/><U56/><E4/><V23/><F70/><W16/><G125/><T129/><D129/><U99/><E99/><V122/><F122/><W111/><G107/><T126/><D126/><U38/><E38/><V108/><F108/><N who="3" m="41547" /><G100/><T132/><D43/><U34/><E34/><V36/><F23/><W76/><G76/><T21/><D31/><U85/><E88/><V123/><F123/><W52/><G54/><T87/><D75/><AGARI ba="2,0" hai="0,1,17,19,56,59,61,62,73,75,81,82,84,85" machi="75" ten="25,6400,0" yaku="22,2,52,2" doraHai="33" who="1" fromWho="0" sc="297,-70,245,70,245,0,213,0" /><INIT seed="1,0,0,1,2,31" ten="227,315,245,213" oya="1" hai0="133,7,125,45,65,29,107,19,4,91,63,59,64" hai1="134,121,114,58,81,52,110,94,120,30,111,62,17" hai2="46,73,10,79,12,28,89,78,101,95,56,132,77" hai3="126,49,105,43,37,116,47,8,26,23,14,99,68"/><U92/><E114/><V128/><F128/><W38/><G116/><T102/><D29/><U67/><E134/><V109/><F109/><N who="1" m="41481" /><E81/><V72/><F101/><W84/><G68/><T113/><D113/><U98/><E30/><V6/><F132/><W96/><G126/><T61/><D133/><U44/><E17/><V100/><F100/><W69/><G69/><T127/><D19/><U32/><E32/><V57/><F28/><W83/><G38/><T24/><D24/><U66/><E94/><V122/><F122/><N who="1" m="47209" /><E44/><V13/><F73/><W40/><G105/><T34/><D45/><U104/><E104/><V25/><F25/><W82/><G82/><T85/><D34/><U112/><E112/><V71/><F46/><W27/><G27/><T5/><D125/><U76/><E76/><V55/><F77/><W93/><G93/><N who="0" m="54511" /><D107/><U35/><E35/><V21/><F79/><N who="3" m="46207" /><G23/><T50/><D127/><U54/><E67/><V118/><F78/><W88/><G26/><T11/><D64/><U86/><E86/><V115/><F72/><W42/><G37/><T9/><D65/><U75/><E75/><V0/><F21/><W135/><G135/><T48/><D4/><U119/><E119/><V1/><F118/><W41/><G88/><AGARI ba="0,0" hai="52,54,58,62,66,88,92,98" m="47209,41481" machi="88" ten="30,11600,0" yaku="14,1,10,1,54,2" doraHai="31" who="1" fromWho="3" sc="227,0,315,116,245,0,213,-116" /><INIT seed="1,1,0,5,2,94" ten="227,431,245,97" oya="1" hai0="117,85,33,79,21,59,78,96,66,67,46,74,112" hai1="56,3,39,61,40,65,2,27,29,68,130,88,91" hai2="14,95,71,49,109,120,84,43,100,131,9,116,110" hai3="80,126,69,125,104,41,13,58,1,52,62,106,8"/><U113/><E113/><V57/><F71/><W108/><G1/><T99/><D33/><U17/><E130/><V30/><F120/><W101/><G108/><T64/><D74/><U133/><E133/><V45/><F116/><W82/><G69/><T11/><D112/><U83/><E17/><V34/><F131/><W47/><G82/><N who="0" m="47319" /><D79/><U121/><E121/><V73/><F73/><W118/><G118/><T87/><D87/><U72/><E68/><V18/><F34/><W48/><G80/><T36/><D36/><U129/><E129/><V102/><F30/><W63/><G63/><T31/><D117/><U60/><E60/><V77/><F57/><W76/><G76/><T55/><D46/><U51/><E39/><V23/><F77/><W24/><G24/><N who="0" m="16783" /><D11/><U119/><E119/><V37/><F9/><W122/><G122/><T50/><AGARI ba="1,0" hai="50,55,59,64,66,67,96,99" m="16783,47319" machi="50" ten="30,4000,0" yaku="8,1,52,2" doraHai="94" who="0" fromWho="0" sc="227,43,431,-21,245,-11,97,-11" /><INIT seed="2,0,0,5,4,134" ten="270,410,234,86" oya="2" hai0="89,29,56,21,115,47,68,12,75,133,15,20,124" hai1="48,50,59,57,61,119,72,95,38,82,49,96,131" hai2="41,117,125,83,31,130,103,62,3,28,120,11,126" hai3="132,8,45,129,77,4,44,0,32,37,111,54,43"/><V66/><F120/><W102/><G111/><T98/><D68/><U97/><E119/><V18/><F117/><W55/><G129/><T10/><D115/><U23/><E131/><V22/><F130/><W36/><G132/><T34/><D34/><U99/><E38/><V93/><F41/><W109/><G109/><T14/><D75/><U79/><E23/><V35/><F83/><W17/><G102/><T63/><D133/><U107/><E107/><V84/><F35/><W81/><G17/><T52/><D47/><U122/><E122/><V100/><F100/><W25/><G25/><N who="0" m="16551" /><D124/><N who="2" m="47722" /><F3/><W19/><G19/><N who="0" m="10495" /><D10/><U67/><REACH who="1" step="1"/><E95/><AGARI ba="0,0" hai="12,14,52,56,63,89,95,98" m="10495,16551" machi="95" ten="30,2000,0" yaku="8,1,54,1" doraHai="134" who="0" fromWho="1" sc="270,20,410,-20,234,0,86,0" /><INIT seed="3,0,0,3,5,1" ten="290,390,234,86" oya="3" hai0="9,134,102,62,119,111,40,38,20,54,49,10,94" hai1="34,57,45,24,17,16,21,25,75,121,117,35,129" hai2="78,79,60,93,29,19,72,118,68,86,107,26,55" hai3="18,98,92,116,39,8,131,85,133,83,52,2,87"/><W114/><G116/><T101/><D119/><U67/><E121/><V41/><F107/><W63/><G114/><T122/><D122/><U97/><E117/><V64/><F41/><W130/><G39/><T81/><D38/><U108/><E108/><V33/><F72/><W74/><G74/><T90/><D40/><U71/><E71/><V100/><F118/><W76/><G133/><T69/><D111/><U126/><E75/><V43/><F43/><W128/><G87/><T11/><D81/><U56/><E129/><V4/><F19/><W105/><G105/><T61/><D20/><U84/><E126/><V124/><F124/><W66/><G66/><T125/><D125/><U109/><E109/><V0/><F55/><W113/><G113/><T7/><D7/><U51/><E97/><V132/><F132/><W120/><G120/><T104/><D104/><U115/><E115/><V27/><F26/><W44/><G18/><T123/><D134/><U3/><E3/><V31/><F31/><W22/><G22/><T65/><D62/><U58/><E67/><V135/><F135/><W32/><G32/><T59/><D123/><U73/><E73/><V96/><F86/><W77/><G77/><T48/><D48/><U12/><E84/><V89/><F89/><N who="3" m="55567" /><G63/><T106/><D106/><U53/><REACH who="1" step="1"/><E25/><REACH who="1" ten="290,380,234,86" step="2"/><V95/><F96/><W112/><G112/><T91/><D69/><U46/><E46/><V28/><F68/><W103/><G103/><T15/><D101/><U99/><E99/><V36/><F100/><W5/><G44/><N who="0" m="27943" /><D102/><U50/><E50/><V110/><F110/><RYUUKYOKU ba="0,1" sc="290,-15,380,15,234,-15,86,15" hai1="12,16,17,21,24,34,35,45,51,53,56,57,58" hai3="2,5,8,52,76,83,85,128,130,131" /><INIT seed="3,1,1,1,5,46" ten="275,395,219,101" oya="3" hai0="126,131,53,15,120,91,76,41,122,97,68,17,118" hai1="74,123,29,90,30,48,66,32,121,49,47,117,108" hai2="72,133,5,7,107,57,63,106,71,85,95,124,8" hai3="4,45,84,89,128,33,51,70,94,35,26,105,34"/><W24/><G105/><T25/><D118/><U58/><E74/><V20/><F72/><W77/><G70/><T75/><D68/><U50/><E117/><V44/><F71/><W43/><G128/><T81/><D41/><U61/><E108/><V18/><F133/><W115/><G115/><T14/><D131/><U22/><E32/><V52/><F124/><W1/><REACH who="3" step="1"/><G77/><REACH who="3" ten="275,395,219,91" step="2"/><T28/><D76/><U135/><E121/><V130/><F130/><W60/><G60/><T37/><D120/><U78/><E123/><V98/><F107/><W11/><AGARI ba="1,2" hai="1,4,11,24,26,33,34,35,43,45,51,84,89,94" machi="11" ten="40,7800,0" yaku="1,1,0,1,52,1,53,0" doraHai="46" doraHaiUra="55" who="3" fromWho="3" sc="275,-27,395,-27,219,-27,91,101" /><INIT seed="3,2,0,5,3,131" ten="248,368,192,192" oya="3" hai0="135,49,89,41,15,112,58,129,26,6,128,132,127" hai1="63,47,67,92,28,35,68,126,5,102,122,104,71" hai2="111,106,62,119,85,1,64,133,2,80,37,61,118" hai3="87,31,115,84,25,7,13,21,46,0,59,48,52"/><W100/><G115/><T114/><D127/><U78/><E126/><V110/><F37/><W116/><G116/><N who="2" m="44585" /><F106/><W55/><G0/><N who="2" m="105" /><F64/><W108/><G108/><N who="2" m="41513" /><F133/><N who="0" m="51274" /><D26/><U53/><E92/><V22/><F22/><W10/><REACH who="3" step="1"/><G100/><REACH who="3" ten="248,368,192,182" step="2"/><T90/><D112/><U50/><E102/><V42/><F42/><W93/><G93/><T74/><D114/><U88/><E104/><V82/><F82/><W130/><G130/><T86/><D41/><U79/><E122/><V51/><F51/><AGARI ba="2,1" hai="7,10,13,21,25,31,46,48,51,52,55,59,84,87" machi="51" ten="30,12000,1" yaku="1,1,7,1,8,1,54,1,53,1" doraHai="131" doraHaiUra="8" who="3" fromWho="2" sc="248,0,368,0,192,-126,182,136" /><INIT seed="3,3,0,5,0,23" ten="248,368,66,318" oya="3" hai0="15,6,102,43,51,66,115,111,38,28,21,83,79" hai1="133,67,72,39,32,108,47,126,109,103,48,107,60" hai2="2,5,4,75,30,87,110,124,12,24,7,8,94" hai3="80,118,68,127,93,26,81,13,14,90,134,97,56"/><W19/><G118/><T129/><D38/><U131/><E131/><V11/><F75/><W76/><G68/><T104/><D129/><U55/><E72/><V20/><F110/><N who="1" m="42601" /><E133/><V70/><F70/><W36/><G36/><T52/><D111/><U59/><E32/><N who="2" m="20551" /><F87/><N who="3" m="48519" /><G134/><T0/><D0/><U128/><E128/><V44/><F44/><W117/><G117/><T1/><D1/><U73/><E73/><V57/><F57/><W120/><G127/><T65/><D43/><N who="1" m="23039" /><E103/><V125/><F94/><W101/><G120/><T54/><D115/><U64/><E107/><V40/><F40/><W49/><G81/><T130/><D130/><U62/><E126/><N who="2" m="48747" /><F20/><N who="3" m="13599" /><G101/><T84/><D102/><U99/><E99/><V22/><F22/><W112/><G112/><T35/><D35/><U98/><E98/><V34/><F34/><W10/><G10/><N who="0" m="4567" /><D104/><U31/><E31/><V3/><F11/><W61/><G49/><T25/><D54/><AGARI ba="3,0" hai="13,14,54,56,61,90,93,97" m="13599,48519" machi="54" ten="30,5800,0" yaku="25,1,8,1,52,1" doraHai="23" who="3" fromWho="0" sc="248,-67,368,0,66,0,318,67" /><INIT seed="3,4,0,4,1,111" ten="181,368,66,385" oya="3" hai0="100,79,14,24,50,74,39,132,37,124,120,28,17" hai1="99,42,4,66,90,109,65,122,49,129,134,22,98" hai2="52,110,43,53,19,126,97,78,1,93,81,62,104" hai3="86,88,58,75,133,101,70,12,95,41,102,9,105"/><W2/><G70/><T77/><D120/><U59/><E122/><V107/><F110/><W116/><G2/><T44/><D100/><U125/><E109/><V8/><F43/><W106/><G116/><T35/><D132/><U67/><E134/><V80/><F126/><W89/><G75/><T96/><D96/><N who="1" m="36907" /><E125/><V5/><F81/><W83/><G133/><T18/><D124/><U15/><E129/><V117/><F117/><W36/><G36/><T87/><D74/><U73/><E73/><V23/><F80/><W103/><G41/><T46/><D46/><N who="1" m="25815" /><E90/><V31/><F31/><W112/><G112/><T30/><D30/><U61/><E22/><V128/><F78/><W72/><G58/><T82/><D77/><U33/><E33/><V114/><F114/><W55/><G55/><T29/><D29/><U38/><E38/><V115/><F115/><W121/><G121/><T91/><D91/><U60/><E60/><V47/><F53/><W130/><G130/><T113/><D113/><U135/><E135/><V64/><F64/><W34/><G34/><T56/><D56/><U68/><E68/><V54/><F54/><W25/><G72/><T40/><REACH who="0" step="1"/><D18/><REACH who="0" ten="171,368,66,385" step="2"/><U16/><E16/><V84/><F128/><W32/><G106/><T51/><D51/><U92/><E59/><N who="2" m="35175" /><F107/><W69/><G105/><T27/><D27/><U131/><E131/><V57/><F57/><W119/><G119/><T10/><AGARI ba="4,1" hai="10,14,17,24,28,35,37,39,40,44,50,79,82,87" machi="10" ten="20,5200,0" yaku="1,1,0,1,7,1,53,1" doraHai="111" doraHaiUra="6" who="0" fromWho="0" sc="171,74,368,-17,66,-17,385,-30" /><INIT seed="4,0,0,1,3,94" ten="245,351,49,355" oya="0" hai0="58,72,104,39,16,50,115,89,107,127,116,97,28" hai1="63,123,53,96,77,43,66,40,128,88,9,130,92" hai2="98,69,19,75,68,124,81,74,78,83,48,109,23" hai3="79,21,93,4,95,65,27,5,119,122,17,14,62"/><T61/><D39/><U70/><E123/><V100/><F109/><W86/><G119/><T10/><D72/><U30/><E77/><V118/><F118/><W99/><G122/><T101/><D116/><U20/><E53/><V108/><F124/><W13/><G79/><T15/><D127/><U31/><E9/><V126/><F126/><W82/><G82/><T131/><D115/><U76/><E76/><V12/><F81/><W84/><G14/><T121/><D121/><U110/><E110/><V45/><F108/><W18/><G93/><T49/><D107/><U38/><E38/><V33/><F33/><W57/><G5/><T117/><D117/><U90/><E90/><V51/><F51/><W41/><G4/><T120/><D120/><U133/><E133/><V25/><F12/><W22/><REACH who="3" step="1"/><G41/><REACH who="3" ten="245,351,49,345" step="2"/><T29/><D131/><N who="1" m="50219" /><E20/><V129/><F129/><W44/><G44/><T8/><D8/><U32/><E32/><V11/><F11/><W46/><G46/><T114/><D114/><U55/><E43/><V67/><F75/><W24/><G24/><T106/><D106/><U3/><E40/><V125/><F125/><W91/><AGARI ba="0,1" hai="13,17,18,21,22,27,57,62,65,84,86,91,95,99" machi="91" ten="20,12000,2" yaku="1,1,0,1,7,1,8,1,52,1,53,2" doraHai="94" doraHaiUra="80" who="3" fromWho="3" sc="245,-60,351,-30,49,-30,345,130" /><INIT seed="5,0,0,1,3,106" ten="185,321,19,475" oya="1" hai0="98,16,63,38,83,120,132,25,9,56,60,45,43" hai1="40,92,52,80,57,66,31,53,29,65,77,87,67" hai2="91,101,121,27,103,105,133,26,128,102,58,126,100" hai3="95,5,119,127,82,99,129,84,3,86,130,0,4"/><U123/><E123/><V116/><F121/><W85/><G127/><T75/><D120/><U2/><E2/><N who="3" m="554" /><G82/><T42/><D42/><U24/><E40/><V20/><F116/><W35/><G35/><T78/><D132/><U122/><E122/><V64/><F128/><N who="3" m="49259" /><G119/><T74/><D98/><U51/><E24/><V79/><F133/><W39/><G39/><T108/><D108/><U117/><E117/><V32/><F126/><W61/><G61/><T131/><D63/><U14/><E14/><V124/><F124/><W125/><G125/><T93/><D93/><U34/><E34/><V97/><F79/><W8/><G8/><T46/><D46/><U6/><E6/><V135/><F135/><W47/><G47/><T72/><D131/><U62/><REACH who="1" step="1"/><E92/><REACH who="1" ten="185,311,19,475" step="2"/><V28/><F64/><W48/><G4/><T7/><D7/><U44/><AGARI ba="0,1" hai="29,31,44,51,52,53,57,62,65,66,67,77,80,87" machi="44" ten="30,12000,1" yaku="1,1,2,1,0,1,8,1,54,1,53,0" doraHai="106" doraHaiUra="21" who="1" fromWho="1" sc="185,-40,311,130,19,-40,475,-40" owari="145,-25.0,441,53.0,-21,-52.0,435,24.0" /></mjloggm>