<mjloggm ver="2.3"><GO type="97" lobby="0"/><UN n0="%E3%81%A1%E3%82%8D%E3%82%8B%E3%81%A1%E3%82%87%E3%81%93" n1="%E5%B0%B1%E6%B4%BB%E7%94%9F%40%E5%B7%9D%E6%9D%91%E8%BB%8D%E5%9B%A3" n2="%E3%83%9E%E3%83%9C" n3="%6B%61%6D%65%6E%61%6E%6E" dan="15,15,14,13" rate="1924.18,2075.60,1908.59,1838.97" sx="F,M,M,M"/><TAIKYOKU oya="0"/><INIT seed="0,0,0,4,1,48" ten="250,250,250,250" oya="0" hai0="85,3,28,125,88,29,16,135,23,21,129,4,86" hai1="68,27,38,46,8,41,18,117,120,15,118,6,91" hai2="35,100,92,61,71,102,113,130,0,109,124,2,9" hai3="37,110,10,134,13,40,55,47,45,60,53,132,36"/><T83/><D135/><N who="3" m="51753" /><G110/><T25/><D129/><U62/><E120/><V5/><F113/><W74/><G74/><T64/><D125/><U43/><E43/><V65/><F109/><W19/><G60/><T111/><D111/><U122/><E122/><V89/><F35/><W93/><G93/><N who="0" m="54415" /><D3/><U104/><E104/><V84/><F130/><W123/><G123/><T12/><D64/><U24/><E91/><V50/><F124/><W115/><G115/><T49/><D49/><U126/><E126/><V108/><F108/><W34/><G34/><T79/><D4/><U90/><E90/><V81/><F2/><W42/><AGARI ba="0,0" hai="10,13,19,36,37,40,42,45,47,53,55" m="51753" machi="42" ten="30,4000,0" yaku="20,1,52,2" doraHai="48" who="3" fromWho="3" sc="250,-20,250,-10,250,-10,250,40" /><INIT seed="1,0,0,0,2,40" ten="230,240,240,290" oya="1" hai0="114,24,53,41,68,71,35,110,126,7,102,69,127" hai1="84,103,133,99,120,131,14,13,100,30,135,116,65" hai2="60,58,76,91,9,92,109,89,33,29,101,90,95" hai3="73,2,123,26,122,3,118,83,36,81,125,62,132"/><U121/><E116/><V19/><F109/><W47/><G118/><T70/><D114/><U17/><E65/><V129/><F129/><W82/><G132/><N who="1" m="50762" /><E30/><V8/><F33/><W107/><G107/><T4/><D24/><U55/><E131/><V63/><F29/><W119/><G119/><T108/><D35/><U52/><E84/><V1/><F1/><W104/><G104/><T51/><D41/><U16/><E14/><V105/><F105/><W111/><G73/><T112/><D102/><N who="1" m="38955" /><E99/><V11/><F101/><W96/><G111/><N who="0" m="42539" /><D112/><U5/><E5/><N who="0" m="2121" /><D71/><U97/><E97/><V88/><F76/><W37/><G96/><T22/><D22/><N who="1" m="11535" /><E17/><V94/><N who="2" m="23040" /><DORA hai="23" /><V66/><F63/><W45/><G26/><T130/><D130/><U124/><E124/><N who="0" m="47657" /><D70/><U106/><E106/><V42/><F42/><W56/><G125/><T72/><D72/><U49/><E55/><V43/><F43/><W50/><G62/><T44/><AGARI ba="0,0" hai="44,51,53,68,69" m="47657,2121,42539" machi="44" ten="40,5200,0" yaku="14,1,18,1,52,1" doraHai="40,23" who="0" fromWho="0" sc="230,52,240,-26,240,-13,290,-13" /><INIT seed="2,0,0,5,3,22" ten="282,214,227,277" oya="2" hai0="4,75,65,29,74,101,90,33,5,105,50,83,78" hai1="21,122,94,86,72,12,67,95,11,14,27,102,34" hai2="108,7,59,115,3,93,131,104,19,2,124,71,92" hai3="60,9,28,55,82,84,127,103,79,25,117,17,8"/><V121/><F121/><W106/><G117/><T24/><D74/><U52/><E72/><V126/><F115/><W70/><G127/><N who="2" m="48681" /><F104/><W49/><G17/><T62/><D50/><U0/><E122/><V40/><F71/><W13/><G13/><T129/><D90/><N who="1" m="53591" /><E34/><V133/><F40/><W16/><G60/><T57/><D129/><U1/><E1/><N who="2" m="11" /><F131/><W99/><G70/><T32/><D32/><U96/><E0/><V89/><F133/><W113/><G16/><T73/><D73/><U118/><E118/><V54/><F7/><W77/><G77/><T135/><D135/><U41/><E41/><V35/><F35/><W114/><G113/><T42/><D42/><U87/><E67/><V69/><F69/><W51/><G114/><T48/><D48/><U36/><E36/><V6/><F6/><W125/><G49/><T15/><D5/><U111/><E111/><V45/><F108/><W43/><G43/><T120/><D120/><U80/><E11/><V119/><F119/><W76/><G76/><T85/><D75/><U130/><E130/><V44/><F19/><W63/><G63/><T46/><D4/><U39/><E39/><V37/><F37/><W58/><G125/><T123/><D123/><U91/><E52/><V66/><F66/><W116/><G116/><T107/><D65/><U109/><E109/><V18/><F18/><AGARI ba="0,0" hai="12,14,18,21,27,80,87,91,95,96,102" m="53591" machi="18" ten="30,2000,0" yaku="8,1,52,1" doraHai="22" who="1" fromWho="2" sc="282,0,214,20,227,-20,277,0" /><INIT seed="3,0,0,4,3,36" ten="282,234,207,277" oya="3" hai0="131,86,24,53,14,71,63,135,23,55,79,35,88" hai1="100,3,124,42,126,97,81,134,73,47,82,54,19" hai2="22,39,12,83,4,102,13,106,99,117,125,0,110" hai3="89,108,10,68,33,62,17,133,77,51,30,116,132"/><W67/><G116/><T49/><D35/><U29/><E3/><V112/><F117/><W26/><G77/><T69/><D135/><N who="3" m="51785" /><G89/><T64/><D131/><U40/><E29/><V92/><F112/><W95/><G95/><T104/><D104/><U9/><E134/><V115/><F115/><W2/><G108/><T113/><D113/><U105/><E54/><V111/><F39/><W128/><G17/><T121/><D121/><U118/><E47/><V66/><F66/><W93/><G93/><T103/><D103/><U70/><E70/><V109/><F0/><W48/><G128/><T11/><D79/><U38/><E38/><V80/><F125/><N who="1" m="48233" /><E118/><V114/><F114/><W46/><G46/><T65/><D71/><U96/><E96/><N who="2" m="61767" /><F4/><AGARI ba="0,0" hai="2,4,10,26,30,33,48,51,62,67,68" m="51785" machi="4" ten="30,1500,0" yaku="20,1" doraHai="36" who="3" fromWho="2" sc="282,0,234,0,207,-15,277,15" /><INIT seed="3,1,0,5,4,64" ten="282,234,192,292" oya="3" hai0="49,104,85,63,110,25,79,103,116,62,111,117,2" hai1="35,29,37,66,99,118,81,84,101,134,65,33,108" hai2="76,135,50,55,95,86,46,58,5,45,4,23,47" hai3="56,48,10,105,89,130,53,19,75,131,21,109,122"/><W43/><G122/><T97/><D2/><U129/><E37/><V113/><F113/><W8/><G75/><T1/><D49/><U107/><E108/><N who="0" m="41513" /><D62/><U93/><E129/><N who="3" m="49162" /><G105/><T0/><D63/><U14/><E134/><V13/><F135/><W77/><G109/><T90/><D25/><U22/><E107/><V100/><F76/><W11/><G77/><T7/><D7/><U120/><E120/><V32/><F32/><W26/><G89/><T61/><D61/><U17/><E118/><N who="0" m="45673" /><D79/><U12/><E12/><V70/><F100/><W106/><G106/><T15/><D15/><U34/><E29/><V124/><F70/><W80/><G43/><T51/><D51/><U57/><E57/><V114/><F114/><W9/><N who="3" m="2560" /><DORA hai="52" /><W133/><G80/><AGARI ba="1,0" hai="0,1,80,85,90,97,103,104" m="45673,41513" machi="80" ten="30,1000,0" yaku="14,1" doraHai="64,52" who="0" fromWho="3" sc="282,13,234,0,192,0,292,-13" /><INIT seed="4,0,0,0,3,90" ten="295,234,192,279" oya="0" hai0="53,0,107,36,135,124,127,50,47,30,3,130,5" hai1="116,26,39,65,70,72,62,85,77,81,133,51,108" hai2="84,14,67,122,73,28,119,131,104,13,52,25,31" hai3="16,21,120,83,71,41,103,129,42,75,2,101,115"/><T64/><D107/><U95/><E108/><V60/><F122/><W97/><G71/><T55/><D135/><U9/><E39/><V63/><F104/><W15/><G2/><T123/><D123/><U98/><E133/><V86/><F73/><W48/><G120/><T37/><D30/><N who="2" m="11306" /><F119/><W99/><G115/><T69/><D130/><U78/><E116/><V121/><F121/><W8/><G129/><T74/><D74/><U12/><E26/><V128/><F25/><W40/><G75/><T110/><D55/><U38/><E38/><V94/><F94/><W91/><G83/><T33/><D33/><U23/><E23/><V1/><F1/><W96/><G91/><T68/><D110/><U102/><E51/><V132/><F132/><W105/><G105/><T100/><D100/><N who="3" m="38473" /><G48/><T111/><D111/><U92/><E72/><V109/><F109/><W113/><G113/><T87/><D69/><U80/><E80/><V7/><F7/><W34/><G34/><T44/><D5/><U134/><E134/><V61/><F67/><W93/><G93/><T112/><D112/><U82/><E82/><V89/><F89/><W88/><G88/><T76/><D0/><U79/><REACH who="1" step="1"/><E92/><REACH who="1" ten="295,224,192,279" step="2"/><V59/><F128/><W27/><G27/><T10/><D37/><U17/><AGARI ba="0,1" hai="9,12,17,62,65,70,77,78,79,81,85,95,98,102" machi="17" ten="20,8000,1" yaku="1,1,2,1,0,1,7,1,52,1,53,0" doraHai="90" doraHaiUra="18" who="1" fromWho="1" sc="295,-40,224,90,192,-20,279,-20" owari="255,-14.0,314,41.0,172,-33.0,259,6.0" /></mjloggm>