<mjloggm ver="2.3"><GO type="97" lobby="0"/><UN n0="%E3%83%A4%E3%83%A4%E3%83%88%E3%82%A5%E3%83%BC%E3%83%AC" n1="%70%6C%75%6D%34%31%33%39" n2="%E5%B0%B1%E6%B4%BB%E7%94%9F%40%E5%B7%9D%E6%9D%91%E8%BB%8D%E5%9B%A3" n3="%42%61%6C%6C%79" dan="14,13,14,14" rate="2020.58,1821.47,1998.75,1981.68" sx="M,M,M,M"/><TAIKYOKU oya="0"/><INIT seed="0,0,0,2,5,28" ten="250,250,250,250" oya="0" hai0="13,98,125,42,134,105,78,121,14,55,112,31,100" hai1="62,80,35,11,45,124,103,27,132,71,25,3,108" hai2="8,67,97,106,123,92,113,127,128,53,4,40,59" hai3="77,87,135,5,120,84,24,50,56,118,54,82,115"/><T88/><D112/><U12/><E3/><V49/><F123/><W43/><G115/><T117/><D121/><U58/><E71/><V51/><F113/><W33/><G118/><T22/><D117/><U15/><E132/><V57/><F106/><W20/><G135/><T44/><D134/><U26/><E35/><V19/><F127/><W75/><G33/><T133/><D133/><U47/><E108/><V107/><F128/><W30/><G5/><T1/><D78/><U0/><E124/><V95/><F107/><W76/><G120/><T46/><D1/><U110/><E110/><V74/><F74/><W99/><G99/><T111/><D125/><U39/><E39/><V6/><F40/><W85/><G76/><T64/><D64/><U89/><E103/><V116/><F116/><W32/><G20/><T38/><D111/><U129/><E15/><N who="2" m="7655" /><F92/><W91/><G43/><T96/><D31/><U63/><E63/><N who="2" m="38383" /><F51/><W16/><REACH who="3" step="1"/><G16/><REACH who="3" ten="250,250,250,240" step="2"/><T18/><D13/><U2/><E129/><V60/><F6/><W10/><G10/><T48/><REACH who="0" step="1"/><D98/><REACH who="0" ten="240,250,250,240" step="2"/><U130/><E130/><V61/><F4/><W70/><G70/><T86/><D86/><N who="1" m="50375" /><E2/><V102/><AGARI ba="0,2" hai="49,53,59,60,61,95,97,102" m="38383,7655" machi="102" ten="30,1100,0" yaku="8,1" doraHai="28" who="2" fromWho="2" sc="240,-5,250,-3,250,31,240,-3" /><INIT seed="1,0,0,4,4,62" ten="235,247,281,237" oya="1" hai0="25,79,106,12,111,102,23,127,27,66,89,84,29" hai1="72,57,54,81,101,9,39,11,90,130,48,55,100" hai2="82,46,4,61,103,42,59,50,10,128,118,86,43" hai3="34,52,120,91,108,16,5,17,73,113,98,64,74"/><U76/><E130/><V85/><F118/><W30/><G113/><T19/><D127/><U83/><E39/><V70/><F128/><W6/><G108/><T40/><D111/><U93/><E83/><V129/><F70/><W47/><G120/><T28/><D79/><U95/><E95/><V125/><F129/><W132/><G132/><T63/><D40/><U114/><E114/><V32/><F32/><W112/><G112/><T33/><D102/><U37/><E37/><V78/><F103/><W119/><G119/><T8/><D106/><U38/><E38/><V53/><F125/><W122/><G122/><T58/><D89/><U44/><E101/><V117/><F117/><W92/><G73/><T123/><D123/><U49/><REACH who="1" step="1"/><E100/><REACH who="1" ten="235,237,281,237" step="2"/><V45/><F82/><W96/><G92/><T133/><D133/><U75/><E75/><V134/><F78/><W13/><G74/><T22/><REACH who="0" step="1"/><D84/><AGARI ba="0,1" hai="9,11,44,48,49,54,55,57,72,76,81,84,90,93" machi="84" ten="30,2900,0" yaku="1,1,7,1,53,0" doraHai="62" doraHaiUra="97" who="1" fromWho="0" sc="235,-29,237,39,281,0,237,0" /><INIT seed="1,1,0,2,1,63" ten="206,276,281,237" oya="1" hai0="37,11,26,34,98,61,120,29,104,123,17,44,20" hai1="106,4,36,8,122,74,67,0,28,126,38,75,59" hai2="103,90,43,69,24,25,91,1,134,85,81,6,30" hai3="46,49,41,35,22,87,128,53,21,95,70,65,116"/><U55/><E122/><N who="0" m="46633" /><D61/><U68/><E126/><V99/><F134/><W3/><G128/><T102/><D11/><U71/><E55/><V132/><F69/><N who="1" m="26697" /><E59/><V33/><F132/><W119/><G3/><T76/><D76/><U73/><E67/><V40/><F25/><W42/><G35/><T15/><D44/><U127/><E28/><V62/><F62/><N who="3" m="40247" /><G95/><T111/><D111/><U27/><E27/><V54/><F54/><W82/><G22/><T83/><D83/><U10/><E10/><V93/><F6/><W45/><G21/><T109/><D109/><U131/><E127/><V118/><F1/><W48/><G82/><T89/><D89/><U31/><E31/><V125/><F125/><W114/><G87/><T115/><D115/><U60/><E60/><V72/><F118/><N who="3" m="45099" /><G114/><T84/><D84/><U5/><E5/><V135/><F135/><W2/><G2/><T107/><D107/><U80/><E80/><V18/><F72/><W100/><G100/><T39/><AGARI ba="1,0" hai="15,17,20,26,29,34,37,39,98,102,104" m="46633" machi="39" ten="30,1100,0" yaku="13,1" doraHai="63" who="0" fromWho="0" sc="206,14,276,-6,281,-4,237,-4" /><INIT seed="2,0,0,1,0,133" ten="220,270,277,233" oya="2" hai0="60,15,51,112,85,13,31,132,79,70,80,9,82" hai1="24,22,33,99,134,30,118,43,83,121,0,73,135" hai2="95,41,78,36,122,125,87,98,23,102,5,123,19" hai3="76,3,4,68,81,96,54,44,130,6,56,126,63"/><V62/><F125/><W129/><G126/><T107/><D107/><U92/><E118/><V111/><F5/><W32/><G32/><T16/><D132/><N who="1" m="50731" /><E0/><V38/><F62/><W14/><G3/><T66/><D112/><U48/><E121/><V17/><F111/><W37/><G96/><T20/><D31/><U65/><E65/><V127/><F127/><W97/><G97/><T1/><D1/><U26/><E43/><V29/><F29/><W124/><G124/><T131/><D131/><N who="3" m="50185" /><G68/><T108/><D108/><U74/><E48/><V71/><F71/><W106/><G106/><T2/><D2/><U59/><E59/><V91/><F78/><W117/><G117/><T39/><D39/><U90/><E83/><V84/><F84/><N who="3" m="48167" /><G14/><T58/><D82/><U128/><E128/><V100/><F100/><W10/><G10/><T72/><D72/><U57/><E57/><V116/><F116/><W49/><G37/><T89/><D79/><U77/><E77/><V94/><F38/><W101/><G101/><T119/><D119/><U12/><E12/><V64/><F36/><W46/><G46/><T55/><REACH who="0" step="1"/><D13/><REACH who="0" ten="210,270,277,233" step="2"/><U86/><E99/><V109/><F109/><W40/><AGARI ba="0,1" hai="4,6,40,44,49,54,56,63" m="48167,50185" machi="40" ten="30,1100,0" yaku="19,1" doraHai="133" who="3" fromWho="3" sc="210,-3,270,-3,277,-5,233,21" /><INIT seed="3,0,0,4,4,42" ten="207,267,272,254" oya="3" hai0="28,60,73,27,36,47,98,119,64,84,58,9,53" hai1="51,126,78,124,20,89,72,117,79,103,100,38,118" hai2="125,104,133,82,80,29,101,57,50,31,102,93,5" hai3="71,0,109,25,44,91,87,68,99,62,22,114,7"/><W131/><G114/><T135/><D73/><U30/><E38/><V61/><F104/><W97/><G131/><T37/><D119/><N who="1" m="45579" /><E72/><V52/><F5/><W95/><G109/><T43/><D135/><U54/><E89/><V132/><F125/><N who="1" m="48233" /><E30/><N who="2" m="11275" /><F133/><W45/><G7/><T10/><D36/><U77/><E20/><V96/><F132/><W66/><G0/><T63/><D84/><U113/><E113/><V81/><F102/><W56/><G71/><T35/><REACH who="0" step="1"/><D98/><REACH who="0" ten="197,267,272,254" step="2"/><N who="3" m="37385" /><G68/><AGARI ba="0,1" hai="9,10,27,28,35,37,43,47,53,58,60,63,64,68" machi="68" ten="30,7700,0" yaku="1,1,7,1,52,1,53,1" doraHai="42" doraHaiUra="26" who="0" fromWho="3" sc="197,87,267,0,272,0,254,-77" /><INIT seed="4,0,0,0,3,94" ten="284,267,272,177" oya="0" hai0="9,131,6,68,135,41,4,10,130,108,0,53,101" hai1="103,15,89,25,18,113,77,54,98,117,102,57,100" hai2="34,125,30,110,95,63,88,112,13,40,47,134,83" hai3="129,22,28,75,48,50,97,37,52,96,64,17,16"/><T14/><D68/><U8/><E117/><V115/><F110/><W69/><G75/><T107/><D108/><U35/><E113/><N who="2" m="43595" /><F134/><W1/><G1/><T80/><D135/><U72/><E72/><V39/><F125/><W106/><G37/><T36/><D80/><U19/><E77/><V7/><F83/><W86/><G129/><N who="0" m="49163" /><D53/><U55/><E35/><V104/><F104/><W29/><G106/><T109/><D109/><U90/><E54/><V121/><F121/><W118/><G118/><T73/><D73/><U114/><E114/><V2/><F2/><W93/><G69/><T23/><D23/><N who="1" m="13559" /><E90/><V51/><F63/><W5/><G5/><T78/><D78/><U123/><E123/><V111/><F111/><W58/><G64/><T65/><D65/><U56/><E55/><V31/><F34/><W70/><G70/><T122/><D122/><U12/><E12/><V126/><F126/><W45/><G17/><T92/><D107/><U105/><E105/><V49/><F13/><N who="3" m="9487" /><G29/><N who="2" m="10761" /><F7/><W116/><G28/><T71/><D71/><U91/><E91/><V132/><F132/><W61/><G116/><T20/><D20/><U74/><E74/><V76/><F76/><W3/><G3/><T42/><D36/><U127/><E127/><V38/><F38/><W120/><G120/><T84/><D101/><U99/><E89/><AGARI ba="0,0" hai="0,4,6,9,10,14,41,42,84,89,92" m="49163" machi="89" ten="30,1500,0" yaku="19,1" doraHai="94" who="0" fromWho="1" sc="284,15,267,-15,272,0,177,0" /><INIT seed="4,1,0,1,4,81" ten="299,252,272,177" oya="0" hai0="94,5,48,57,93,116,135,18,97,0,59,24,25" hai1="22,74,19,55,103,10,31,122,13,125,65,29,110" hai2="30,34,67,129,80,90,21,38,6,45,82,120,1" hai3="106,35,91,36,64,130,112,96,88,61,16,60,63"/><T37/><D116/><U104/><E110/><V117/><F34/><W7/><G35/><T132/><D37/><U114/><E122/><V23/><F120/><W2/><G130/><T79/><D79/><U15/><E74/><V73/><F129/><W86/><G112/><T95/><D97/><U49/><E114/><V70/><F70/><W78/><G36/><T12/><D5/><U98/><E125/><V85/><F67/><W17/><G64/><T76/><D76/><U101/><E65/><V128/><F128/><W107/><G107/><T43/><D0/><U28/><E103/><V8/><F30/><W52/><G2/><T131/><D131/><U71/><E71/><V56/><F56/><N who="0" m="21578" /><D48/><U109/><E109/><V99/><F99/><W11/><G52/><T118/><D43/><U126/><E126/><V66/><F66/><W32/><G32/><T33/><D33/><U102/><E102/><V87/><F73/><W124/><G124/><T62/><D62/><U27/><REACH who="1" step="1"/><E15/><REACH who="1" ten="299,242,272,177" step="2"/><V20/><F117/><W54/><G54/><T39/><D118/><U133/><E133/><N who="0" m="51273" /><D39/><U50/><E50/><V108/><F108/><W72/><G72/><T9/><AGARI ba="1,1" hai="9,12,18,24,25,93,94,95" m="51273,21578" machi="9" ten="40,2100,0" yaku="20,1" doraHai="81" who="0" fromWho="0" sc="299,34,242,-8,272,-8,177,-8" owari="333,44.0,234,-17.0,264,6.0,169,-33.0" /></mjloggm>