<mjloggm ver="2.3"><GO type="97" lobby="0"/><UN n0="%E9%AD%94%E5%BC%BE%E3%81%AE%E5%B0%84%E6%89%8B" n1="%E5%B0%B1%E6%B4%BB%E7%94%9F%40%E5%B7%9D%E6%9D%91%E8%BB%8D%E5%9B%A3" n2="%73%61%69%73%73%37%37%37" n3="%E3%82%AA%E3%83%81%E3%83%A3%E3%83%83%E3%82%AD%E3%83%BC" dan="15,15,13,13" rate="2019.95,1974.85,1891.54,1895.35" sx="M,M,M,M"/><TAIKYOKU oya="0"/><INIT seed="0,0,0,4,0,116" ten="250,250,250,250" oya="0" hai0="86,54,111,47,1,103,90,28,82,0,75,120,96" hai1="50,49,121,98,40,22,124,130,9,7,91,115,2" hai2="51,97,64,107,93,17,15,8,13,24,18,74,89" hai3="3,31,12,92,44,129,67,76,69,108,30,66,95"/><T5/><D120/><U113/><E124/><V60/><F74/><W61/><G3/><T25/><D111/><U88/><E130/><V110/><F110/><W55/><G108/><T81/><D5/><U133/><E133/><V105/><F24/><W122/><G122/><T33/><D75/><U19/><E121/><V20/><REACH who="2" step="1"/><F51/><REACH who="2" ten="250,250,240,250" step="2"/><W135/><G129/><T85/><D47/><U48/><E40/><V77/><F77/><W102/><G76/><T29/><D29/><U132/><E132/><V56/><AGARI ba="0,1" hai="8,13,15,17,18,20,56,60,64,89,93,97,105,107" machi="56" ten="20,2700,0" yaku="1,1,0,1,7,1,53,0" doraHai="116" doraHaiUra="41" who="2" fromWho="2" sc="250,-13,250,-7,240,37,250,-7" /><INIT seed="1,0,0,3,0,7" ten="237,243,277,243" oya="1" hai0="84,134,18,67,77,69,89,40,107,45,128,55,94" hai1="34,95,47,86,66,13,21,58,103,124,36,120,12" hai2="71,83,8,25,117,28,132,109,108,130,17,63,98" hai3="127,0,52,46,35,93,78,26,90,114,79,37,32"/><U30/><E120/><V80/><F117/><W20/><G114/><T74/><D107/><U9/><E34/><V122/><F122/><W42/><G0/><T44/><D134/><U54/><E124/><V33/><F132/><W76/><G127/><T102/><D128/><U85/><E36/><V59/><F98/><W135/><G135/><T61/><D102/><U11/><E47/><V68/><F130/><W3/><G3/><T73/><D18/><N who="1" m="8463" /><E66/><V106/><F106/><W70/><G70/><T16/><D16/><N who="1" m="8255" /><E103/><V81/><F17/><W91/><G35/><T23/><D23/><U5/><E5/><V118/><F8/><W97/><G91/><T43/><D77/><U38/><E38/><V133/><F118/><W48/><G32/><T10/><D10/><U22/><E95/><V99/><F99/><W24/><REACH who="3" step="1"/><G20/><REACH who="3" ten="237,243,277,233" step="2"/><N who="1" m="7786" /><E30/><V129/><F129/><W115/><G115/><T2/><D69/><U65/><E65/><N who="2" m="39167" /><F133/><W126/><G126/><T87/><D67/><U56/><E56/><AGARI ba="0,1" hai="24,26,37,42,46,48,52,56,76,78,79,90,93,97" machi="56" ten="40,2600,0" yaku="1,1,54,1,53,0" doraHai="7" doraHaiUra="125" who="3" fromWho="1" sc="237,0,243,-26,277,0,233,36" /><INIT seed="2,0,0,1,2,31" ten="237,217,277,269" oya="2" hai0="83,16,105,18,62,117,39,115,96,102,9,114,122" hai1="54,35,85,66,28,75,65,40,104,128,97,127,14" hai2="38,110,25,79,71,60,67,70,43,125,106,3,50" hai3="134,111,73,118,19,15,23,74,133,107,77,57,5"/><V112/><F112/><W27/><G118/><T124/><D122/><U0/><E75/><V52/><F125/><W11/><G107/><T46/><D124/><U82/><E0/><V36/><F3/><W30/><G77/><T72/><D117/><U129/><E127/><V113/><F106/><W81/><G81/><T13/><D18/><U58/><E40/><V24/><F79/><W80/><G80/><T55/><D39/><N who="2" m="14890" /><F24/><W100/><G100/><T123/><D123/><U48/><E104/><V99/><F25/><W116/><G116/><T95/><D105/><U56/><E97/><V91/><F91/><W12/><G57/><T88/><D72/><U76/><E14/><V109/><F99/><W4/><G74/><T126/><D126/><U45/><E28/><V121/><F43/><W130/><G111/><N who="2" m="42505" /><F113/><W32/><G130/><N who="1" m="50282" /><E35/><V135/><F135/><N who="3" m="51723" /><G73/><T132/><D132/><U44/><E44/><N who="2" m="27719" /><F121/><W89/><G89/><T10/><D114/><U63/><E45/><V22/><F22/><W61/><G61/><T33/><D115/><U59/><E59/><AGARI ba="0,0" hai="59,60,67,70,71" m="27719,42505,14890" machi="59" ten="30,12000,1" yaku="14,1,10,1,34,2,54,1" doraHai="31" who="2" fromWho="1" sc="237,0,217,-120,277,120,269,0" /><INIT seed="2,1,0,5,2,79" ten="237,97,397,269" oya="2" hai0="92,89,19,63,77,11,110,33,21,0,22,26,2" hai1="16,53,58,81,56,78,10,7,106,55,44,39,129" hai2="38,115,48,75,43,42,45,132,128,25,54,17,111" hai3="103,134,40,60,114,34,84,90,66,117,101,62,64"/><V98/><F115/><W122/><G117/><T41/><D110/><U69/><E106/><V47/><F75/><W123/><G34/><T88/><D33/><U57/><E69/><V105/><F111/><W35/><G35/><T97/><D77/><U109/><E129/><V80/><F128/><W91/><G40/><T24/><D41/><U100/><E109/><V74/><F98/><W67/><G114/><T73/><D73/><U113/><E113/><V29/><F17/><W96/><G134/><T131/><D131/><U87/><E100/><V28/><F132/><W121/><G96/><T85/><D63/><N who="3" m="24105" /><G84/><T31/><REACH who="0" step="1"/><D11/><REACH who="0" ten="227,97,397,269" step="2"/><U27/><E39/><V118/><F38/><W15/><G15/><T125/><D125/><U70/><E70/><V9/><F43/><W32/><G32/><T23/><D23/><N who="1" m="13799" /><E44/><V119/><F45/><W12/><G12/><AGARI ba="1,1" hai="7,10,12,53,55,56,57,58,78,81,87" m="13799" machi="12" ten="30,3900,0" yaku="8,1,52,1,54,1" doraHai="79" who="1" fromWho="3" sc="227,0,97,52,397,0,269,-42" /><INIT seed="3,0,0,4,1,110" ten="227,149,397,227" oya="3" hai0="12,106,92,83,60,49,82,100,97,79,41,88,42" hai1="78,43,62,64,55,32,134,9,104,24,70,68,48" hai2="102,10,89,84,91,54,131,128,57,31,52,0,127" hai3="15,47,99,22,113,74,25,114,120,72,2,53,4"/><W135/><G120/><T26/><D60/><U33/><E134/><V16/><F127/><W56/><G135/><T94/><D26/><U5/><E70/><V85/><F102/><W67/><G2/><T115/><D115/><U86/><E104/><V20/><F31/><W34/><G34/><T45/><D106/><U93/><E24/><N who="2" m="14343" /><F10/><W111/><G111/><T35/><D35/><U132/><E132/><V75/><F75/><W28/><G99/><N who="0" m="57735" /><D12/><U59/><E93/><N who="2" m="54439" /><F57/><W37/><G74/><T38/><D38/><U98/><E98/><V107/><F107/><W76/><G67/><T87/><D82/><U112/><E112/><V96/><F96/><W118/><G118/><T40/><AGARI ba="0,0" hai="40,41,42,45,49,79,83,87,94,97,100" m="57735" machi="40" ten="30,2000,0" yaku="8,1,54,1" doraHai="110" who="0" fromWho="0" sc="227,20,149,-5,397,-5,227,-10" owari="247,5.0,144,-36.0,392,49.0,217,-18.0" /></mjloggm>