<mjloggm ver="2.3"><GO type="41" lobby="0"/><UN n0="%E5%B0%B1%E6%B4%BB%E7%94%9F%40%E5%B7%9D%E6%9D%91%E8%BB%8D%E5%9B%A3" n1="%E3%81%A1%E3%82%83%E3%81%93%E3%81%93" n2="%73%75%6D%69%79%61" n3="%E8%81%96%E9%A3%A2%E9%AD%94%E2%85%A1%E2%80%99%EF%BC%99%EF%BC%99" dan="15,15,14,13" rate="1999.68,2037.24,1989.68,1809.85" sx="M,F,M,F"/><TAIKYOKU oya="0"/><INIT seed="0,0,0,5,2,55" ten="250,250,250,250" oya="0" hai0="93,65,24,89,32,40,59,3,109,45,129,72,113" hai1="49,13,31,41,108,47,125,10,118,51,106,121,130" hai2="81,128,34,44,116,73,76,86,62,120,88,26,35" hai3="122,52,66,135,16,23,12,60,46,64,5,117,29"/><T27/><D3/><U123/><E118/><V99/><F120/><W42/><G117/><T22/><D72/><U132/><E106/><V21/><F116/><W20/><G122/><T85/><D113/><U36/><E108/><V39/><F128/><W95/><G5/><T7/><D129/><U107/><E107/><V92/><F39/><W33/><G33/><T75/><D75/><U94/><E125/><V53/><F44/><W96/><G135/><T110/><D7/><U87/><E132/><V69/><F69/><W25/><G60/><N who="0" m="38047" /><D32/><U77/><E130/><V30/><F53/><W8/><G8/><T119/><D22/><U97/><E121/><V103/><F62/><W80/><G80/><T105/><D105/><U38/><E10/><V91/><F91/><W56/><G23/><T102/><D102/><U84/><E36/><V83/><AGARI ba="0,0" hai="21,26,30,34,35,73,76,81,83,86,88,92,99,103" machi="83" ten="20,2700,0" yaku="0,1,7,1,54,1" doraHai="55" who="2" fromWho="2" sc="250,-13,250,-7,250,27,250,-7" /><INIT seed="1,0,0,2,0,85" ten="237,243,277,243" oya="1" hai0="54,123,80,49,75,64,35,57,116,108,103,111,7" hai1="23,58,24,114,10,135,59,109,131,126,39,0,38" hai2="4,128,3,88,47,129,95,127,100,46,101,63,18" hai3="94,115,120,12,134,32,98,14,6,33,67,96,78"/><U52/><E114/><V34/><F34/><W125/><G120/><T121/><D35/><U5/><E126/><V9/><F127/><W21/><G115/><T91/><D7/><U55/><E131/><N who="2" m="50251" /><F63/><W73/><G125/><T72/><D103/><N who="2" m="39498" /><F18/><W31/><G67/><T41/><D41/><U81/><E135/><V77/><F77/><W124/><G134/><T36/><D36/><U130/><E130/><V66/><F66/><W37/><G37/><T28/><D28/><U15/><E0/><V90/><F95/><W117/><G94/><T84/><D64/><U71/><E71/><V61/><F61/><W104/><G78/><T26/><D26/><U106/><E106/><V25/><F25/><W70/><G104/><T40/><D40/><U122/><E122/><N who="0" m="46601" /><D116/><U133/><E133/><V112/><F112/><W76/><G70/><T44/><D44/><AGARI ba="0,0" hai="3,4,9,44,46,47,88,90" m="39498,50251" machi="44" ten="30,7700,0" yaku="19,1,52,2,54,1" doraHai="85" who="2" fromWho="0" sc="237,-77,243,0,277,77,243,0" /><INIT seed="2,0,0,0,5,86" ten="160,243,354,243" oya="2" hai0="95,35,89,51,54,84,53,75,57,0,87,120,32" hai1="103,50,116,92,18,111,42,69,90,41,12,8,23" hai2="49,99,24,77,11,45,70,20,17,48,112,1,119" hai3="72,3,7,82,16,88,124,110,134,97,123,25,101"/><V74/><F119/><W46/><G123/><T125/><D75/><U68/><E116/><V129/><F112/><W40/><G124/><T122/><D0/><U28/><E103/><V30/><F70/><W80/><G134/><T6/><D6/><U94/><E111/><V9/><F129/><W64/><G110/><T133/><D133/><U31/><E94/><V104/><F49/><W78/><G64/><T27/><D125/><U13/><E68/><V37/><F37/><N who="3" m="21775" /><G101/><T113/><D113/><U47/><E69/><V131/><F131/><W117/><G117/><T127/><D127/><U22/><E22/><V79/><F74/><W38/><G38/><T130/><D130/><U73/><E42/><V14/><F9/><N who="3" m="2303" /><G25/><T126/><D126/><U56/><E56/><V60/><F60/><W67/><G67/><T132/><D132/><U15/><E73/><V36/><F36/><W118/><G118/><T21/><D87/><N who="1" m="52319" /><E13/><V98/><F104/><W62/><G62/><T58/><D122/><U63/><E63/><V93/><F1/><W107/><G107/><T61/><REACH who="0" step="1"/><D120/><REACH who="0" ten="150,243,354,243" step="2"/><U96/><E96/><V105/><F105/><W128/><G128/><T66/><D66/><U100/><E100/><N who="2" m="60495" /><F99/><W10/><G97/><T2/><D2/><U109/><E109/><V39/><F39/><W34/><G34/><T76/><D76/><U83/><E83/><V121/><F121/><W19/><G80/><T81/><D81/><U43/><E43/><AGARI ba="0,1" hai="11,14,17,20,24,30,43,45,48,77,79" m="60495" machi="43" ten="30,1500,0" yaku="8,1" doraHai="86" who="2" fromWho="1" sc="150,0,243,-15,354,25,243,0" /><INIT seed="2,1,0,5,0,60" ten="150,228,379,243" oya="2" hai0="82,14,105,79,84,111,68,100,116,113,125,123,126" hai1="124,6,127,99,26,69,20,85,75,62,27,88,73" hai2="2,97,50,48,17,63,13,29,38,31,83,103,32" hai3="45,94,34,130,117,77,15,9,109,36,55,23,72"/><V112/><F38/><W101/><G117/><T58/><D68/><U93/><E6/><V102/><F112/><W128/><G34/><T51/><D51/><N who="2" m="19498" /><F2/><W25/><G55/><T70/><D58/><U1/><E1/><V118/><F118/><W22/><G77/><T71/><D71/><U42/><E42/><V4/><F4/><W104/><G104/><T107/><D70/><U108/><E108/><V16/><F32/><W78/><G78/><T98/><D14/><U43/><E43/><V106/><F106/><N who="0" m="40458" /><D116/><U47/><E47/><V28/><F83/><W18/><G45/><T0/><D0/><U57/><E69/><V120/><F97/><N who="3" m="59575" /><G36/><T95/><D123/><U86/><E75/><V134/><F134/><W64/><G109/><T24/><D24/><N who="1" m="9259" /><E73/><V3/><F3/><W44/><G44/><T114/><D111/><U56/><E56/><V19/><F120/><W119/><G119/><T59/><D59/><U65/><E20/><N who="2" m="11279" /><F63/><W122/><G122/><T7/><D7/><U46/><E46/><V11/><F11/><W90/><G23/><T67/><D67/><U12/><E12/><V132/><F132/><W129/><G64/><T52/><D52/><U87/><E65/><V40/><F40/><W76/><G9/><T121/><D121/><U30/><E62/><V135/><F135/><W49/><G129/><T80/><D82/><U39/><E39/><V21/><F17/><W41/><G130/><T115/><AGARI ba="1,0" hai="79,80,84,95,98,100,113,114,115,125,126" m="40458" machi="115" ten="40,2700,0" yaku="34,2" doraHai="60" who="0" fromWho="0" sc="150,30,228,-8,379,-14,243,-8" /><INIT seed="3,0,0,4,5,98" ten="180,220,365,235" oya="3" hai0="96,8,92,125,117,121,10,67,77,105,6,39,112" hai1="11,56,43,115,106,49,20,61,26,19,41,93,18" hai2="79,52,12,124,89,71,80,16,101,13,129,65,74" hai3="38,118,64,119,17,107,132,54,134,86,128,99,62"/><W0/><G54/><T24/><D105/><U131/><E106/><V2/><F2/><W113/><G38/><T133/><D39/><U58/><E115/><V60/><F12/><W14/><G113/><T110/><D112/><U85/><E131/><V100/><F129/><W130/><G0/><T47/><D117/><U95/><E56/><V91/><F91/><W81/><G128/><T57/><D121/><U122/><E122/><V97/><F124/><W25/><G25/><T37/><D77/><U53/><E49/><V5/><F5/><W72/><G130/><T44/><D133/><N who="3" m="51305" /><G72/><T102/><D110/><U15/><REACH who="1" step="1"/><E85/><REACH who="1" ten="180,210,365,235" step="2"/><V63/><F63/><W68/><G107/><T36/><D36/><U84/><E84/><V3/><F97/><W127/><G127/><T50/><D37/><U123/><E123/><V78/><F78/><N who="3" m="46391" /><G99/><T28/><D125/><U23/><E23/><AGARI ba="0,1" hai="14,17,23,62,64,68,118,119" m="46391,51305" machi="23" ten="30,1500,0" yaku="20,1" doraHai="98" who="3" fromWho="1" sc="180,0,210,-15,365,0,235,25" /><INIT seed="3,1,0,5,2,119" ten="180,195,365,260" oya="3" hai0="24,85,8,4,71,68,31,115,104,32,7,92,11" hai1="40,47,55,23,109,3,27,53,89,17,36,25,50" hai2="131,20,73,116,61,64,108,80,110,120,118,70,98" hai3="77,12,87,56,83,60,128,46,5,96,69,103,43"/><W105/><G128/><T57/><D104/><U16/><E109/><N who="2" m="42091" /><F20/><W59/><G69/><T48/><D115/><U102/><E3/><V82/><F131/><W54/><G56/><T95/><D11/><U72/><E72/><V124/><F124/><W84/><G12/><T37/><D37/><U88/><E102/><V42/><F42/><W79/><G5/><T38/><D38/><U2/><E2/><V67/><F98/><W113/><G113/><T78/><D7/><U51/><E36/><V13/><F13/><W101/><G101/><T107/><D107/><U111/><E111/><V122/><F67/><W125/><G125/><T34/><D34/><U58/><E55/><V15/><F15/><W0/><G0/><T90/><D78/><U30/><REACH who="1" step="1"/><E17/><REACH who="1" ten="180,185,365,260" step="2"/><V94/><F73/><W22/><G54/><T49/><D4/><U134/><E134/><V123/><F94/><W130/><G130/><T106/><D106/><U135/><E135/><V66/><F66/><N who="3" m="39199" /><G103/><T121/><D121/><U41/><E41/><V65/><F64/><W100/><G105/><T63/><D8/><U6/><E6/><V21/><F21/><AGARI ba="1,1" hai="16,21,23,25,27,30,40,47,50,51,53,58,88,89" machi="21" ten="30,12000,2" yaku="1,1,7,1,8,1,54,2,53,1" doraHai="119" doraHaiUra="14" who="1" fromWho="2" sc="180,0,185,133,365,-123,260,0" /><INIT seed="4,0,0,4,2,112" ten="180,318,242,260" oya="0" hai0="39,131,97,15,44,67,61,28,105,100,108,107,56" hai1="50,18,135,125,22,88,49,8,127,70,79,30,24" hai2="130,19,69,65,86,110,102,74,119,132,113,81,121" hai3="45,0,129,17,57,84,51,89,21,92,109,73,83"/><T13/><D108/><U11/><E70/><V34/><RYUUKYOKU type="yao9" ba="0,0" sc="180,0,318,0,242,0,260,0" hai2="19,34,65,69,74,81,86,102,110,113,119,121,130,132" /><INIT seed="4,1,0,4,2,45" ten="180,318,242,260" oya="0" hai0="116,50,48,84,1,60,114,95,110,100,122,98,13" hai1="92,26,5,86,9,32,27,44,28,16,89,81,29" hai2="39,115,74,130,18,65,120,94,35,126,104,97,96" hai3="125,66,113,70,72,15,91,8,10,69,33,127,134"/><T77/><D116/><U109/><E109/><V107/><F39/><W34/><G72/><T102/><D1/><U46/><E81/><V7/><F18/><W42/><G113/><T80/><D122/><U135/><E135/><V36/><F36/><W93/><G134/><T73/><D110/><U22/><E16/><V106/><F7/><W68/><G66/><T129/><D129/><U43/><E43/><V85/><F65/><W79/><G79/><T117/><D117/><U64/><E64/><V2/><F35/><W17/><G8/><T0/><D0/><AGARI ba="1,0" hai="0,5,9,22,26,27,28,29,32,44,46,86,89,92" machi="0" ten="30,1000,0" yaku="7,1" doraHai="45" who="1" fromWho="0" sc="180,-13,318,13,242,0,260,0" /><INIT seed="5,0,0,0,2,110" ten="167,331,242,260" oya="1" hai0="14,107,29,115,76,101,105,85,17,135,6,30,2" hai1="131,23,61,97,133,83,55,53,126,72,108,116,112" hai2="75,74,33,124,32,130,52,91,34,46,63,43,86" hai3="123,45,50,51,119,88,114,68,81,77,129,82,104"/><U78/><E116/><V21/><F130/><W122/><G68/><T8/><D135/><U62/><E133/><V73/><F124/><W109/><G109/><T22/><D105/><U27/><E126/><V100/><F21/><W19/><G119/><T89/><D76/><U56/><E131/><V125/><F100/><W106/><G129/><T54/><D101/><U20/><E20/><V9/><F9/><W67/><G67/><T94/><D107/><U16/><E112/><V13/><F13/><W0/><G0/><T49/><REACH who="0" step="1"/><D115/><REACH who="0" ten="157,331,242,260" step="2"/><U66/><E78/><V7/><F125/><W90/><G77/><T35/><D35/><U98/><E108/><V44/><F7/><W18/><G114/><T64/><D64/><U24/><E66/><V120/><F120/><W103/><G103/><T113/><D113/><U39/><E72/><V60/><F43/><W102/><G102/><T84/><D84/><U25/><E55/><V118/><F118/><W1/><G1/><T121/><D121/><U59/><E98/><V70/><F70/><W47/><AGARI ba="0,1" hai="18,19,45,47,50,51,81,82,88,90,104,106,122,123" machi="47" ten="25,6400,0" yaku="0,1,22,2,54,1" doraHai="110" who="3" fromWho="3" sc="157,-16,331,-32,242,-16,260,74" /><INIT seed="6,0,0,3,3,11" ten="141,299,226,334" oya="2" hai0="28,115,5,81,91,99,36,78,67,30,105,98,86" hai1="129,132,75,125,17,131,70,25,121,45,110,12,16" hai2="79,21,90,41,104,80,76,49,39,51,107,100,62" hai3="59,133,122,89,61,83,123,42,33,74,103,84,68"/><V128/><F128/><N who="1" m="49225" /><E110/><V97/><F107/><W65/><G133/><T109/><D36/><U15/><E132/><V71/><F90/><W95/><G33/><T46/><D109/><U9/><E75/><V22/><F76/><W38/><G38/><T44/><D115/><U117/><E117/><V66/><F39/><W63/><G42/><T135/><D135/><U94/><E125/><V4/><F4/><W106/><G106/><T114/><D114/><U37/><E25/><V82/><F82/><W40/><G40/><T130/><D130/><U6/><E70/><V73/><F41/><W85/><G74/><T113/><D113/><U10/><E6/><V34/><F34/><W55/><REACH who="3" step="1"/><G103/><REACH who="3" ten="141,299,226,324" step="2"/><T31/><D105/><U102/><E37/><V88/><F51/><W108/><G108/><T119/><D119/><U3/><E121/><V23/><F49/><W18/><G18/><T112/><D112/><U134/><E134/><V58/><REACH who="2" step="1"/><F88/><AGARI ba="0,1" hai="55,59,61,63,65,68,83,84,85,88,89,95,122,123" machi="88" ten="30,3900,0" yaku="1,1,7,1,54,1,53,0" doraHai="11" doraHaiUra="92" who="3" fromWho="2" sc="141,0,299,0,226,-39,324,49" /><INIT seed="7,0,0,0,2,69" ten="141,299,187,373" oya="3" hai0="37,1,124,15,72,132,82,25,92,90,122,39,125" hai1="3,123,49,62,74,108,71,8,133,103,42,83,59" hai2="80,53,11,24,98,70,115,48,45,134,110,117,7" hai3="127,121,30,129,109,120,22,77,5,96,114,101,20"/><W131/><G77/><N who="0" m="44327" /><D122/><U23/><E123/><V106/><F115/><W41/><G41/><T16/><D1/><U44/><E108/><V26/><F110/><W36/><G36/><T97/><D25/><U13/><E133/><V81/><F117/><W54/><G54/><T51/><D51/><U107/><E3/><V56/><F134/><W93/><G127/><N who="0" m="48715" /><D132/><U118/><E23/><AGARI ba="0,0" hai="15,16,23,37,39,90,92,97" m="48715,44327" machi="23" ten="30,7700,0" yaku="18,1,52,2,54,1" doraHai="69" who="0" fromWho="1" sc="141,77,299,-77,187,0,373,0" owari="218,-18.0,222,2.0,187,-31.0,373,47.0" /></mjloggm>