<mjloggm ver="2.3"><GO type="169" lobby="0"/><UN n0="%E3%83%A8%E3%82%B3%E3%83%A8%E3%82%B3" n1="%E3%81%A1%E3%82%83%E3%81%9D%E2%98%86" n2="%E3%81%BE%E3%81%AA%E3%81%84%E3%81%9F%E3%82%88%E3%81%86%E3%81%98%E3%82%87" n3="%E3%82%A6%E3%83%AB%E3%83%88%E3%83%A9%E7%AB%8B%E7%9B%B4" dan="16,18,17,16" rate="2171.91,2152.95,2117.86,2108.88" sx="M,M,M,M"/><TAIKYOKU oya="0"/><INIT seed="0,0,0,3,0,113" ten="250,250,250,250" oya="0" hai0="50,30,101,111,87,38,35,46,29,1,0,66,22" hai1="95,80,40,75,21,7,27,67,125,107,9,122,90" hai2="8,131,77,121,93,106,116,3,56,58,16,5,96" hai3="134,76,78,48,12,124,68,18,89,119,97,37,82"/><T88/><D38/><U13/><E122/><V42/><F121/><W118/><G37/><T64/><D111/><U126/><E107/><V112/><F112/><W61/><G124/><N who="1" m="47722" /><E40/><V79/><F106/><W17/><G134/><T45/><D35/><U85/><E67/><V59/><F131/><W130/><G130/><T99/><D22/><U10/><E10/><V19/><F42/><W53/><G61/><T63/><D0/><U91/><E75/><V135/><F135/><W105/><G68/><T86/><D1/><U127/><E127/><V71/><F71/><W24/><G24/><T117/><D63/><U60/><E60/><V72/><F116/><W103/><G89/><T109/><D88/><N who="1" m="51239" /><E95/><V54/><F54/><W123/><G123/><T73/><D109/><U128/><E128/><V94/><F94/><W98/><G98/><T114/><D73/><U74/><E74/><V14/><F72/><W15/><G82/><T36/><D36/><U28/><AGARI ba="0,0" hai="7,9,13,21,27,28,90,91" m="51239,47722" machi="28" ten="30,2000,0" yaku="18,1,54,1" doraHai="113" who="1" fromWho="1" sc="250,-10,250,20,250,-5,250,-5" /><INIT seed="1,0,0,5,2,64" ten="240,270,245,245" oya="1" hai0="125,96,37,114,4,62,78,106,11,30,26,118,91" hai1="104,15,54,82,40,42,92,113,101,52,112,0,12" hai2="45,29,105,6,25,107,79,115,100,95,34,60,87" hai3="38,109,67,61,44,51,56,77,85,35,80,111,43"/><U74/><E104/><V70/><F6/><W94/><G35/><T19/><D37/><U132/><E0/><V89/><F115/><W122/><G122/><T5/><D114/><U65/><E65/><N who="2" m="41255" /><F45/><W134/><G134/><T103/><D118/><U127/><E132/><V73/><F107/><W18/><G18/><T124/><D78/><U49/><E82/><V130/><F130/><W108/><REACH who="3" step="1"/><G94/><REACH who="3" ten="240,270,245,235" step="2"/><T55/><D19/><U1/><E92/><V135/><F135/><W129/><G129/><T71/><D106/><U99/><E113/><V63/><F29/><W14/><G14/><T59/><D125/><U46/><E12/><V88/><F25/><W133/><G133/><T8/><D26/><U120/><E127/><V116/><F34/><W76/><G76/><T83/><D124/><U102/><E15/><V128/><F128/><W16/><G16/><T57/><D83/><U50/><E120/><V53/><F95/><W117/><G117/><T23/><D4/><U17/><E17/><V68/><F116/><W90/><G90/><T2/><D5/><U22/><E112/><V110/><F88/><W119/><G119/><T31/><D2/><U36/><E1/><V7/><F89/><W93/><G93/><T39/><D91/><U10/><E22/><V21/><F7/><W81/><G81/><T97/><D23/><U48/><E10/><V126/><F21/><W32/><G32/><T28/><D8/><U86/><E99/><N who="2" m="61599" /><F126/><W84/><G84/><T47/><D11/><U33/><E86/><V13/><F87/><W3/><G3/><T24/><D97/><RYUUKYOKU ba="0,1" sc="240,-10,270,-10,245,-10,235,30" hai3="38,43,44,51,56,61,67,77,80,85,108,109,111" /><INIT seed="2,1,1,2,0,31" ten="230,260,235,265" oya="2" hai0="56,75,119,116,99,2,68,6,90,124,37,43,77" hai1="125,83,105,78,98,23,84,26,128,133,36,40,1" hai2="72,134,19,80,132,50,60,12,113,59,108,88,64" hai3="35,44,93,102,131,0,107,87,79,5,95,16,89"/><V82/><F113/><W122/><G122/><T69/><D124/><U62/><E1/><V51/><F72/><W86/><G131/><T4/><D75/><U104/><E128/><V45/><F108/><W13/><G35/><T65/><D77/><U22/><E125/><V14/><F14/><W135/><G135/><N who="2" m="51753" /><F88/><W74/><G5/><T3/><D56/><U46/><E133/><V38/><F38/><W8/><G0/><T129/><D129/><U15/><E98/><V32/><F32/><W10/><G74/><T25/><D25/><U33/><E33/><V34/><F34/><W76/><G10/><T103/><D90/><U48/><E36/><V30/><F30/><W97/><G44/><T117/><D37/><U57/><E15/><V126/><F126/><W115/><G115/><T110/><D117/><U127/><E127/><V24/><F24/><W52/><G87/><T118/><D118/><U49/><E49/><N who="2" m="18443" /><F45/><W39/><G39/><T61/><D110/><U109/><E109/><V94/><F94/><W100/><G100/><T96/><D103/><U9/><E9/><AGARI ba="1,1" hai="9,12,19,59,60,64,80,82" m="18443,51753" machi="9" ten="30,1500,0" yaku="20,1" doraHai="31" who="2" fromWho="1" sc="230,0,260,-18,235,28,265,0" /><INIT seed="2,2,0,5,4,28" ten="230,242,263,265" oya="2" hai0="76,63,59,51,19,56,55,36,57,125,10,88,130" hai1="42,72,127,91,112,77,107,61,111,39,35,14,121" hai2="13,68,109,135,16,116,64,4,22,18,113,87,29" hai3="31,73,108,106,30,104,119,0,26,3,118,20,38"/><V99/><F113/><W53/><G38/><T32/><D36/><U80/><E112/><V66/><F116/><W25/><G73/><T54/><D76/><U82/><E111/><V23/><F135/><W71/><G53/><T1/><D130/><U85/><E127/><V24/><F68/><W117/><G71/><T75/><D75/><U133/><E133/><V78/><F99/><W62/><G62/><T79/><D79/><U33/><E121/><V134/><F134/><W128/><G108/><T70/><D125/><U67/><E107/><V58/><F4/><W2/><REACH who="3" step="1"/><G128/><REACH who="3" ten="230,242,263,255" step="2"/><T100/><D70/><U110/><E110/><V9/><F109/><W122/><G122/><T74/><D63/><U97/><E39/><V43/><F43/><W129/><G129/><T44/><D55/><U115/><E42/><V102/><F58/><W81/><G81/><T114/><D57/><U27/><E82/><N who="2" m="47575" /><F102/><W124/><G124/><T60/><D56/><U12/><E115/><V84/><F84/><W40/><G40/><T37/><D37/><U5/><E85/><V98/><F98/><W17/><G17/><T52/><D100/><U48/><E97/><V90/><F90/><W50/><G50/><T95/><D114/><U65/><E91/><V120/><F120/><W7/><G7/><N who="0" m="1391" /><D74/><U96/><E96/><V46/><F46/><W94/><G94/><T49/><D19/><U69/><E48/><V103/><F103/><W132/><G132/><T6/><D49/><U41/><E41/><V15/><AGARI ba="2,1" hai="9,13,15,16,18,22,23,24,29,64,66" m="47575" machi="15" ten="30,3000,0" yaku="8,1,54,1" doraHai="28" who="2" fromWho="2" sc="230,-12,242,-12,263,46,255,-12" /><INIT seed="2,3,0,4,5,23" ten="218,230,309,243" oya="2" hai0="59,109,73,19,78,24,114,0,64,95,116,30,28" hai1="42,125,56,89,110,113,85,63,21,70,34,98,53" hai2="83,33,131,82,5,76,106,13,105,20,111,9,102" hai3="67,93,135,36,45,14,50,27,100,84,38,43,18"/><V130/><F33/><W51/><G135/><T132/><D132/><U88/><E113/><V97/><F111/><W37/><G67/><T11/><D109/><U99/><E110/><V31/><F105/><W66/><G66/><T69/><D69/><U118/><E118/><V57/><F57/><W41/><G27/><T91/><D114/><U80/><E125/><V122/><F122/><W124/><G124/><T29/><D116/><U94/><E34/><V60/><F60/><W92/><G100/><T1/><D78/><U71/><E42/><V133/><F133/><W126/><G84/><T54/><D64/><U44/><E44/><V22/><F82/><W12/><G126/><T115/><D115/><U127/><E127/><V32/><F32/><W39/><N who="3" m="9216" /><DORA hai="10" /><W134/><G134/><T2/><D73/><U86/><REACH who="1" step="1"/><E21/><REACH who="1" ten="218,220,309,243" step="2"/><V77/><F22/><W55/><G43/><T104/><D11/><U103/><E103/><V68/><F20/><W128/><G41/><T46/><D46/><U26/><E26/><V79/><F31/><W75/><G45/><T48/><D24/><U47/><E47/><V49/><F102/><W74/><G74/><T112/><D112/><U3/><E3/><V40/><F40/><W16/><G75/><T120/><D0/><U87/><E87/><V58/><F131/><W4/><G18/><T52/><D1/><U62/><E62/><V35/><F35/><W101/><G16/><T7/><D2/><U65/><E65/><V72/><F130/><W61/><G128/><T17/><D30/><U81/><E81/><V121/><F83/><RYUUKYOKU ba="3,1" sc="218,-10,220,30,309,-10,243,-10" hai1="53,56,63,70,71,80,85,86,88,89,94,98,99" /><INIT seed="3,4,1,5,2,59" ten="208,250,299,233" oya="3" hai0="33,94,15,23,32,8,6,37,83,132,77,118,26" hai1="78,74,120,75,100,96,52,19,117,2,45,104,109" hai2="40,29,31,13,131,17,82,21,72,16,64,115,86" hai3="130,62,85,121,1,128,43,41,89,133,60,4,25"/><W53/><G121/><T102/><D118/><U34/><E34/><V35/><F115/><W87/><G133/><T126/><D37/><U97/><E2/><V63/><F72/><W58/><G1/><T22/><D132/><U92/><E120/><V54/><F40/><N who="3" m="15435" /><G4/><T106/><D106/><U14/><E117/><V116/><F35/><W65/><G25/><T114/><D126/><U76/><E74/><V90/><F131/><N who="3" m="50219" /><G89/><T0/><D114/><U135/><E109/><V84/><F116/><W67/><G67/><T107/><D107/><U95/><E75/><V5/><F5/><W111/><G111/><T61/><D0/><U44/><E104/><V113/><F113/><W81/><G81/><T38/><D38/><U56/><E135/><V134/><F134/><W79/><G79/><T112/><D112/><U18/><E76/><N who="2" m="46151" /><F17/><W69/><AGARI ba="4,1" hai="53,58,60,62,65,69,85,87" m="50219,15435" machi="69" ten="30,6000,0" yaku="19,1,52,2" doraHai="59" who="3" fromWho="3" sc="208,-24,250,-24,299,-24,233,82" /><INIT seed="3,5,0,0,3,103" ten="184,226,275,315" oya="3" hai0="47,96,5,0,130,115,78,32,12,89,98,123,121" hai1="37,82,134,44,67,15,73,106,24,20,17,132,79" hai2="4,34,129,107,50,26,125,56,75,77,69,25,74" hai3="52,93,99,45,109,119,71,11,3,42,68,131,114"/><W91/><G119/><T127/><D32/><U70/><E106/><V87/><F69/><W112/><G131/><T16/><D130/><U116/><E116/><V14/><F34/><W28/><G109/><T111/><D111/><U53/><E53/><N who="2" m="31799" /><F75/><W135/><G135/><N who="1" m="51754" /><E15/><V61/><F74/><W110/><G110/><T95/><D127/><U94/><E94/><V30/><F107/><W124/><G124/><T21/><D115/><U9/><E9/><N who="2" m="4391" /><F125/><W122/><G71/><T62/><D78/><U81/><E81/><N who="2" m="47535" /><F30/><W108/><G68/><T10/><D98/><U19/><E19/><V133/><F133/><W80/><G28/><T6/><D6/><U40/><E70/><V83/><F129/><W86/><G108/><T39/><REACH who="0" step="1"/><D62/><REACH who="0" ten="174,226,275,315" step="2"/><U65/><AGARI ba="5,1" hai="17,20,24,37,40,44,65,67,73,79,82" m="51754" machi="65" ten="30,1100,0" yaku="20,1" doraHai="103" who="1" fromWho="1" sc="174,-8,226,36,275,-8,315,-10" /><INIT seed="4,0,0,4,4,88" ten="166,262,267,305" oya="0" hai0="42,23,15,125,66,41,0,110,50,3,6,58,123" hai1="128,20,43,80,40,132,135,26,12,37,56,1,8" hai2="106,51,97,94,14,54,133,102,117,119,57,65,127" hai3="101,48,34,81,114,53,75,113,124,39,130,68,29"/><T32/><D123/><U78/><E1/><V27/><F133/><N who="1" m="51273" /><E128/><V71/><F127/><W86/><G68/><T70/><D125/><U24/><E56/><V11/><F27/><N who="1" m="10281" /><E20/><V10/><F106/><W134/><G75/><T36/><D32/><U82/><E37/><V111/><F111/><W83/><G39/><T13/><D110/><U55/><E55/><V31/><F31/><W2/><G2/><T47/><D0/><U108/><E108/><V122/><F122/><W52/><G29/><T98/><D3/><U87/><E82/><V64/><F71/><W77/><G34/><T120/><D120/><U121/><E121/><V105/><F10/><W79/><G130/><T131/><D131/><U84/><E84/><V74/><F74/><W85/><G134/><T25/><D6/><AGARI ba="0,0" hai="6,8,12,40,43,78,80,87" m="10281,51273" machi="6" ten="30,1000,0" yaku="20,1" doraHai="88" who="1" fromWho="0" sc="166,-10,262,10,267,0,305,0" /><INIT seed="5,0,0,5,4,114" ten="156,272,267,305" oya="1" hai0="2,89,13,132,99,45,79,20,6,47,110,108,102" hai1="65,124,80,58,16,83,84,95,92,42,11,77,7" hai2="22,59,52,34,21,109,19,91,135,87,40,8,101" hai3="26,3,73,130,41,61,37,5,63,70,128,133,1"/><U10/><E124/><V96/><F34/><W39/><G73/><T90/><D132/><U127/><E127/><V24/><F40/><W62/><G70/><T111/><D79/><U68/><E42/><V57/><F135/><W12/><G133/><T64/><D64/><U44/><E44/><V88/><F109/><W48/><G26/><T120/><D120/><U43/><E43/><V9/><F22/><W56/><G12/><T122/><D122/><U121/><E68/><V38/><F38/><N who="3" m="14347" /><G5/><T112/><D112/><U54/><E65/><V98/><F59/><W27/><G27/><T76/><D76/><U36/><E36/><V29/><F29/><W55/><G3/><T117/><D2/><U74/><E16/><V23/><F23/><W46/><G1/><T129/><D129/><AGARI ba="0,0" hai="41,46,48,55,56,61,62,63,128,129,130" m="14347" machi="129" ten="30,3900,0" yaku="19,1,34,2" doraHai="114" who="3" fromWho="0" sc="156,-39,272,0,267,0,305,39" /><INIT seed="6,0,0,1,0,116" ten="117,272,267,344" oya="2" hai0="51,36,40,61,130,25,122,109,20,128,100,85,105" hai1="107,27,127,1,11,3,58,66,89,53,47,73,5" hai2="108,7,28,81,96,29,6,42,70,35,99,114,57" hai3="104,60,39,79,126,8,131,43,77,24,17,68,90"/><V64/><F70/><W92/><G104/><T21/><D36/><U45/><E127/><V72/><F35/><W44/><G131/><N who="0" m="50219" /><D109/><U59/><E107/><V56/><F114/><W22/><G126/><T95/><D61/><U49/><E1/><V83/><F42/><W13/><G60/><T71/><D71/><U54/><E66/><V67/><REACH who="2" step="1"/><F72/><REACH who="2" ten="117,272,257,344" step="2"/><W52/><G68/><T124/><D124/><U78/><E73/><V65/><F65/><W14/><G52/><T34/><D34/><U113/><E113/><V94/><F94/><W129/><G129/><T16/><D105/><U4/><E53/><V50/><F50/><W133/><G43/><T111/><D111/><AGARI ba="0,1" hai="6,7,28,29,56,57,64,67,81,83,96,99,108,111" machi="111" ten="25,4800,0" yaku="1,1,22,2,53,0" doraHai="116" doraHaiUra="102" who="2" fromWho="0" sc="117,-48,272,0,257,58,344,0" /><INIT seed="6,1,0,1,0,31" ten="69,272,315,344" oya="2" hai0="114,107,1,62,88,67,9,74,84,34,111,72,71" hai1="53,76,118,56,121,7,133,128,83,5,98,39,22" hai2="35,122,52,33,126,119,24,54,96,40,32,103,105" hai3="17,16,77,89,6,112,28,37,21,14,108,99,49"/><V50/><F119/><W45/><G108/><T95/><D111/><U91/><E118/><V11/><F122/><W120/><G120/><T30/><D114/><U12/><E121/><V63/><F126/><W94/><G37/><T0/><D107/><U106/><E39/><V23/><F11/><N who="3" m="4471" /><G77/><T41/><D41/><U68/><E68/><V123/><F123/><W3/><G3/><T79/><D1/><U97/><E128/><V19/><REACH who="2" step="1"/><F63/><REACH who="2" ten="69,272,305,344" step="2"/><W15/><G112/><T51/><D62/><U69/><E5/><V101/><F101/><W100/><G100/><T13/><D9/><U113/><E7/><V42/><F42/><N who="3" m="24759" /><G17/><T25/><D0/><U60/><E60/><V66/><F66/><W134/><G134/><T48/><D67/><U131/><E113/><V132/><F132/><W70/><G70/><T93/><D71/><U80/><E69/><V4/><F4/><W130/><G130/><T129/><D129/><U110/><E131/><V87/><F87/><W18/><G18/><T115/><D115/><U64/><E133/><V27/><F27/><W55/><G28/><T57/><D13/><U61/><E12/><V58/><F58/><W92/><G16/><T44/><D57/><U124/><E56/><V127/><F127/><W117/><G15/><T36/><D25/><U116/><E124/><V20/><F20/><W46/><G21/><T75/><D84/><U73/><E116/><V78/><F78/><W47/><G117/><T65/><D79/><U90/><E76/><V38/><F38/><W29/><G29/><T85/><D30/><U125/><E125/><RYUUKYOKU ba="1,1" sc="69,-10,272,-10,305,30,344,-10" hai2="19,23,24,32,33,35,40,50,52,54,96,103,105" /><INIT seed="6,2,1,3,3,15" ten="59,262,335,334" oya="2" hai0="111,81,134,66,128,75,42,58,103,107,21,122,131" hai1="86,99,105,135,117,17,22,41,101,129,119,92,4" hai2="27,133,54,37,23,121,84,97,18,124,13,61,102" hai3="49,118,39,56,53,14,73,44,93,104,79,62,120"/><V113/><F121/><W28/><G104/><T63/><D122/><U69/><E129/><V72/><F72/><W48/><G120/><T9/><D111/><U32/><E69/><V74/><F74/><W31/><G118/><T100/><D134/><U38/><E32/><V126/><F37/><W77/><G39/><T67/><D66/><U12/><E135/><V30/><F113/><W90/><G14/><T95/><D107/><U6/><E41/><V64/><F54/><N who="3" m="34071" /><G49/><T35/><D35/><U40/><E40/><V57/><F84/><N who="3" m="52423" /><G73/><T25/><D42/><U68/><E68/><V70/><F133/><W55/><G55/><T46/><D46/><U82/><E38/><V115/><F115/><W0/><G0/><T85/><D75/><U36/><E36/><V108/><F108/><W109/><G109/><T29/><D9/><U51/><E51/><V16/><F70/><W33/><G33/><T26/><D25/><U1/><E105/><N who="2" m="63695" /><F13/><W34/><G34/><T8/><D8/><U20/><E119/><V123/><F123/><W11/><G11/><T65/><D67/><U60/><E117/><V78/><F78/><AGARI ba="2,1" hai="28,31,44,48,53,77,78,79" m="52423,34071" machi="78" ten="30,1000,0" yaku="8,1" doraHai="15" who="3" fromWho="2" sc="59,0,262,0,335,-16,334,26" /><INIT seed="7,0,0,0,2,96" ten="59,262,319,360" oya="3" hai0="5,61,47,9,77,6,19,25,3,131,107,55,126" hai1="18,116,1,127,86,0,16,110,121,124,134,56,68" hai2="95,67,130,117,71,44,46,69,34,123,63,43,101" hai3="113,105,76,99,80,79,100,59,85,129,41,42,112"/><W60/><G79/><T15/><D77/><U62/><E68/><V94/><F34/><W45/><G45/><T91/><D107/><U90/><E121/><V98/><F117/><W22/><G22/><T115/><D91/><U23/><E110/><V93/><F123/><W21/><G21/><T103/><D103/><U70/><E70/><V135/><F130/><W82/><G82/><T32/><D61/><U125/><E116/><V17/><F135/><W73/><G73/><T11/><D55/><U12/><E134/><V111/><F111/><W106/><G106/><T97/><D47/><U8/><E18/><V128/><F128/><W28/><G28/><T58/><D97/><U120/><E23/><V2/><F2/><W118/><G118/><T27/><D58/><U108/><E108/><V30/><F30/><W54/><G129/><T7/><D115/><AGARI ba="0,0" hai="41,42,54,59,60,76,80,85,99,100,105,112,113,115" machi="115" ten="40,3900,0" yaku="15,1,52,1" doraHai="96" who="3" fromWho="0" sc="59,-39,262,0,319,0,360,39" owari="20,-48.0,262,-14.0,319,12.0,399,50.0" /></mjloggm>