<mjloggm ver="2.3"><GO type="169" lobby="0"/><UN n0="%68%65%74" n1="%E5%B0%B1%E6%B4%BB%E7%94%9F%40%E5%B7%9D%E6%9D%91%E8%BB%8D%E5%9B%A3" n2="%63%68%61%72%6C%69%65%37" n3="%E3%83%A9%E3%83%A0%E3%83%80%E3%81%95%E3%82%93" dan="16,16,17,16" rate="2110.67,2097.79,2185.45,2158.35" sx="M,M,M,M"/><TAIKYOKU oya="0"/><INIT seed="0,0,0,4,0,48" ten="250,250,250,250" oya="0" hai0="91,72,118,22,97,19,123,10,100,119,76,112,115" hai1="34,113,35,44,5,20,54,50,128,14,46,3,7" hai2="117,95,94,59,70,75,61,64,0,102,125,126,52" hai3="114,41,109,116,65,110,63,27,124,131,86,40,33"/><T24/><D72/><U11/><E128/><V47/><F75/><W73/><G73/><T83/><D91/><U18/><E113/><V92/><F0/><W36/><G114/><T88/><D10/><U29/><E5/><V12/><F117/><W23/><G116/><T105/><D123/><U130/><E130/><V30/><F30/><W26/><G131/><T132/><D132/><U15/><E29/><V111/><F111/><W99/><G33/><T121/><D121/><U6/><E6/><V66/><F47/><W107/><G124/><N who="2" m="47721" /><F12/><W81/><G99/><T71/><D71/><U93/><E3/><V28/><F28/><W96/><G96/><T42/><D42/><U127/><E127/><V16/><F16/><N who="3" m="12647" /><G27/><T60/><D119/><U37/><E37/><V89/><F102/><W2/><G2/><T135/><D118/><U108/><E108/><N who="3" m="41578" /><G107/><T8/><D135/><U43/><E46/><V57/><F70/><N who="3" m="42303" /><G36/><T58/><D112/><U103/><E35/><V31/><F31/><W53/><G53/><N who="0" m="33871" /><D115/><U68/><E68/><V45/><F66/><W122/><G122/><T51/><D51/><U129/><E34/><V87/><F45/><W4/><G4/><T1/><D1/><U133/><E133/><V82/><F64/><W106/><G106/><T84/><D8/><U74/><E74/><V85/><F59/><W25/><G25/><T67/><D67/><U90/><E129/><V56/><F56/><W13/><G13/><T49/><D49/><U120/><E103/><V77/><AGARI ba="0,0" hai="52,57,61,77,82,85,87,89,92,94,95" m="47721" machi="77" ten="30,4000,0" yaku="18,1,52,1,54,1" doraHai="48" who="2" fromWho="2" sc="250,-20,250,-10,250,40,250,-10" /><INIT seed="1,0,0,4,4,7" ten="230,240,290,240" oya="1" hai0="87,128,132,111,45,116,84,47,41,79,48,43,31" hai1="86,19,34,82,66,65,38,12,89,53,61,10,69" hai2="23,121,83,113,78,126,124,1,4,44,93,73,17" hai3="95,117,30,28,77,25,96,129,68,118,102,98,75"/><U32/><E38/><V107/><F121/><W135/><G68/><T35/><D116/><U97/><E66/><V11/><F107/><W114/><G114/><T134/><D111/><U125/><E125/><N who="2" m="48235" /><F93/><W24/><G129/><T103/><D103/><U101/><REACH who="1" step="1"/><E53/><REACH who="1" ten="230,230,290,240" step="2"/><V80/><F113/><W64/><G118/><T9/><D128/><U42/><E42/><V40/><F40/><W122/><G117/><T72/><D43/><U123/><E123/><V112/><F112/><W110/><G64/><T62/><D41/><U5/><E5/><V131/><F131/><W67/><G67/><T119/><D119/><U71/><E71/><V58/><F44/><W100/><G122/><T49/><D47/><U29/><E29/><V99/><F58/><W26/><G30/><T74/><D45/><U85/><E85/><V2/><F99/><W33/><G98/><T57/><D31/><U14/><E14/><N who="2" m="5479" /><F80/><W120/><G96/><T127/><D127/><U94/><AGARI ba="0,1" hai="10,12,19,32,34,61,65,69,82,86,89,94,97,101" machi="94" ten="20,12000,1" yaku="1,1,0,1,7,1,52,1,53,1" doraHai="7" doraHaiUra="56" who="1" fromWho="1" sc="230,-40,230,130,290,-40,240,-40" /><INIT seed="1,1,0,3,2,42" ten="190,360,250,200" oya="1" hai0="34,76,59,65,61,66,94,55,8,119,77,121,45" hai1="39,126,28,10,5,16,48,90,62,74,31,134,93" hai2="13,58,124,114,52,131,98,120,63,95,105,101,35" hai3="3,92,27,41,86,20,83,11,72,25,69,56,112"/><U102/><E39/><V60/><F35/><W12/><G69/><T87/><D34/><U30/><E74/><V49/><F120/><W96/><G112/><T106/><D106/><U53/><E134/><V133/><F133/><W32/><G3/><T38/><D121/><U122/><E122/><V85/><F114/><W110/><G32/><T118/><D119/><U130/><E130/><V6/><F131/><W104/><G110/><T33/><D33/><U21/><E126/><V44/><F124/><W107/><G72/><T0/><D118/><U113/><E102/><V81/><F105/><W47/><G56/><T109/><D0/><U23/><E62/><V123/><F123/><W67/><G67/><T80/><D8/><U84/><E113/><V4/><F13/><W64/><G64/><T22/><D109/><U71/><E71/><V51/><F51/><W43/><G43/><T89/><D77/><U29/><N who="1" m="7680" /><DORA hai="2" /><U7/><E10/><V132/><F132/><W75/><G75/><T9/><D22/><N who="1" m="8203" /><E16/><V97/><F97/><W128/><G128/><T125/><D9/><U26/><E26/><N who="3" m="9738" /><G20/><T117/><D117/><U57/><AGARI ba="1,0" hai="5,7,48,53,57,84,90,93" m="8203,7680" machi="57" ten="40,7800,0" yaku="8,1,52,2" doraHai="42,2" who="1" fromWho="1" sc="190,-27,360,81,250,-27,200,-27" /><INIT seed="1,2,0,3,4,37" ten="163,441,223,173" oya="1" hai0="59,60,16,123,96,101,66,47,32,38,39,84,124" hai1="26,53,42,25,19,85,91,18,104,58,113,76,102" hai2="81,103,122,92,50,30,28,109,83,93,29,127,90" hai3="15,70,114,108,117,52,99,8,100,11,87,68,49"/><U22/><E113/><V88/><F122/><W40/><G114/><T67/><D123/><U106/><E76/><V129/><F127/><W5/><G108/><T36/><D124/><U46/><E102/><V0/><F0/><W133/><G133/><T65/><D32/><U33/><E33/><V126/><F126/><W121/><G121/><T6/><D6/><U61/><E25/><V71/><F71/><W10/><G117/><T86/><D47/><U55/><E55/><V43/><F129/><W57/><G70/><T119/><D119/><U112/><E112/><V118/><F118/><W116/><G116/><T105/><REACH who="0" step="1"/><D16/><REACH who="0" ten="153,441,223,173" step="2"/><U130/><E18/><V94/><F109/><W2/><G2/><T89/><D89/><N who="2" m="34410" /><F103/><W4/><G4/><T115/><D115/><U98/><E130/><V95/><N who="2" m="24064" /><DORA hai="34" /><V78/><F78/><W35/><G35/><T97/><D97/><U41/><E98/><V131/><F131/><W17/><G99/><T3/><D3/><U64/><E91/><V62/><F28/><W45/><G100/><T79/><D79/><U7/><E7/><V48/><F29/><W63/><G5/><T125/><D125/><U9/><E46/><V120/><F30/><W51/><REACH who="3" step="1"/><G87/><AGARI ba="2,1" hai="36,38,39,59,60,65,66,67,84,86,87,96,101,105" machi="87" ten="40,2600,0" yaku="1,1,53,1" doraHai="37,34" doraHaiUra="54,24" who="0" fromWho="3" sc="153,42,441,0,223,0,173,-32" /><INIT seed="2,0,0,1,2,21" ten="195,441,223,141" oya="2" hai0="101,82,17,42,93,90,58,87,54,26,60,63,120" hai1="18,27,43,19,35,61,84,23,98,116,51,66,114" hai2="28,52,94,10,3,59,89,106,7,123,96,47,86" hai3="73,104,135,6,12,128,119,111,78,56,55,132,9"/><V46/><F123/><W36/><G119/><T68/><D120/><U49/><E114/><V41/><F106/><W131/><G36/><T88/><D42/><U37/><E35/><V95/><F28/><W64/><G104/><T72/><D101/><U77/><E116/><V124/><F124/><W57/><G111/><T133/><D133/><U50/><E37/><V14/><F3/><W134/><G64/><T103/><D103/><U44/><E19/><V45/><F41/><W62/><REACH who="3" step="1"/><G57/><REACH who="3" ten="195,441,223,131" step="2"/><N who="0" m="34871" /><D68/><U30/><E44/><V53/><REACH who="2" step="1"/><F59/><REACH who="2" ten="195,441,213,131" step="2"/><W40/><G40/><T22/><D72/><U113/><E43/><V80/><F80/><AGARI ba="0,2" hai="6,9,12,55,56,62,73,78,80,128,131,132,134,135" machi="80" ten="50,3200,0" yaku="1,1,20,1,53,0" doraHai="21" doraHaiUra="92" who="3" fromWho="2" sc="195,0,441,0,213,-32,131,52" /><INIT seed="3,0,0,0,3,90" ten="195,441,181,183" oya="3" hai0="97,21,41,73,42,61,132,13,11,31,22,4,108" hai1="107,122,128,67,51,91,98,135,111,133,27,33,106" hai2="109,18,44,14,79,110,99,120,54,56,88,58,68" hai3="35,103,7,123,112,45,130,47,74,89,86,125,6"/><W127/><G123/><T8/><D73/><U124/><E111/><N who="2" m="42507" /><F68/><W92/><G112/><T100/><D108/><U84/><E124/><N who="3" m="47690" /><G35/><T115/><D115/><U102/><E128/><V87/><F79/><W85/><G74/><T129/><D129/><U29/><E122/><V93/><F120/><W59/><G130/><T78/><D78/><U105/><E51/><N who="2" m="29031" /><F99/><N who="3" m="59879" /><G59/><T25/><D132/><N who="1" m="50763" /><E67/><V1/><F1/><W34/><G34/><T20/><D61/><U36/><E36/><V76/><F76/><W2/><G86/><T119/><D119/><U50/><E50/><V55/><F55/><W94/><G2/><T3/><D41/><U113/><E113/><V26/><F26/><W104/><G104/><T12/><D42/><U65/><E65/><V117/><F117/><W95/><G95/><AGARI ba="0,0" hai="27,29,33,84,91,95,98,102,105,106,107" m="50763" machi="95" ten="30,2000,0" yaku="20,1,52,1" doraHai="90" who="1" fromWho="3" sc="195,0,441,20,181,0,183,-20" /><INIT seed="4,0,0,1,5,15" ten="195,461,181,163" oya="0" hai0="57,19,71,13,102,30,16,60,63,21,108,62,111" hai1="109,110,47,48,90,25,52,116,32,5,64,65,101" hai2="97,45,51,105,49,56,23,34,80,86,91,98,12" hai3="7,44,114,103,18,38,41,3,93,81,84,128,58"/><T69/><D102/><U26/><E116/><V1/><F1/><W36/><G114/><T24/><D57/><U134/><E134/><V120/><F120/><W83/><G128/><T94/><D94/><U50/><E101/><V61/><F34/><W43/><G7/><T77/><D77/><U66/><E5/><V33/><F33/><W129/><G3/><T27/><D27/><U124/><E124/><V127/><F127/><W20/><G129/><T112/><D112/><U68/><E68/><V100/><F97/><W132/><G132/><T82/><D82/><U121/><E121/><V85/><F85/><W125/><G125/><T119/><D119/><U117/><E117/><V2/><F2/><W29/><G29/><T123/><D123/><U70/><E70/><V46/><F46/><W73/><G73/><T11/><D30/><U6/><E6/><V96/><F96/><W113/><G113/><T135/><D135/><U35/><E90/><V131/><F131/><W88/><G58/><T53/><D53/><U130/><E130/><V39/><F39/><W14/><REACH who="3" step="1"/><G103/><REACH who="3" ten="195,461,181,153" step="2"/><T28/><D28/><U99/><E35/><V40/><F56/><W122/><G122/><T72/><D72/><U22/><E32/><V74/><F74/><W55/><G55/><T115/><D115/><U126/><E126/><V59/><F59/><W8/><G8/><T78/><D78/><U17/><E52/><V133/><F133/><W4/><G4/><T75/><D75/><U54/><E54/><V37/><F61/><W79/><G79/><T92/><D92/><U42/><E65/><RYUUKYOKU ba="0,1" sc="195,10,461,-30,181,10,153,10" hai0="11,13,16,19,21,24,60,62,63,69,71,108,111" hai2="12,23,37,40,45,49,51,80,86,91,98,100,105" hai3="14,18,20,36,38,41,43,44,81,83,84,88,93" /><INIT seed="4,1,1,5,2,12" ten="205,431,191,163" oya="0" hai0="72,96,54,71,43,49,92,133,62,129,81,42,20" hai1="120,36,130,116,94,128,106,9,86,24,53,134,131" hai2="21,17,2,5,56,25,31,45,98,132,48,67,91" hai3="126,83,82,103,33,114,77,93,108,7,75,10,41"/><T90/><D133/><U100/><E36/><V18/><F132/><W46/><G108/><T58/><D129/><U70/><E70/><V135/><F135/><W101/><G33/><T110/><D110/><U105/><E134/><V66/><F5/><W89/><G114/><T107/><D107/><U39/><E39/><V19/><F2/><W111/><G111/><T104/><D104/><U51/><E116/><V1/><F1/><W52/><G126/><T69/><D69/><U40/><E40/><N who="2" m="24615" /><F56/><W68/><G68/><T124/><D124/><U37/><E37/><V6/><F6/><W3/><G83/><T84/><D72/><U11/><E24/><V29/><F29/><W16/><G16/><T102/><D20/><U50/><E50/><V109/><F109/><W65/><G65/><T61/><D71/><U117/><E117/><V122/><F122/><W125/><G125/><T99/><D99/><N who="1" m="59511" /><E86/><V32/><F32/><W113/><G113/><T60/><AGARI ba="1,1" hai="42,43,49,54,58,60,61,62,81,84,90,92,96,102" machi="60" ten="30,3000,0" yaku="0,1,8,1" doraHai="12" who="0" fromWho="0" sc="205,43,431,-11,191,-11,163,-11" /><INIT seed="4,2,0,4,1,117" ten="248,420,180,152" oya="0" hai0="64,0,127,83,51,39,21,74,107,2,113,95,79" hai1="135,44,7,98,77,70,5,122,120,109,121,91,36" hai2="62,58,11,24,49,47,108,52,16,84,119,22,34" hai3="32,55,128,61,81,46,68,82,37,14,110,45,111"/><T30/><D39/><U112/><E109/><V69/><F119/><W19/><G32/><T63/><D107/><U56/><E70/><V31/><F108/><W57/><G128/><T102/><D113/><U60/><E112/><V25/><F69/><W129/><G129/><T97/><D127/><U103/><E135/><V28/><F11/><W101/><G111/><T78/><D78/><U93/><E77/><V3/><F3/><W71/><G110/><T87/><D51/><U131/><E131/><V65/><F84/><W96/><G71/><T85/><D85/><U133/><E133/><V105/><F105/><W23/><G68/><T123/><D123/><U126/><E126/><V90/><F90/><W10/><G37/><T43/><D43/><U40/><REACH who="1" step="1"/><E103/><REACH who="1" ten="248,410,180,152" step="2"/><V38/><REACH who="2" step="1"/><F38/><REACH who="2" ten="248,410,170,152" step="2"/><W99/><G101/><T80/><D74/><U29/><E29/><AGARI ba="2,2" hai="16,22,24,25,28,29,31,34,47,49,52,58,62,65" machi="29" ten="40,8000,1" yaku="1,1,2,1,54,2,53,0" doraHai="117" doraHaiUra="104" who="2" fromWho="1" sc="248,0,410,-86,170,106,152,0" /><INIT seed="5,0,0,3,0,36" ten="248,324,276,152" oya="1" hai0="127,119,2,61,72,64,133,122,37,95,100,60,52" hai1="86,19,80,5,50,128,44,69,70,106,0,42,75" hai2="47,22,51,123,115,20,16,124,114,99,4,88,41" hai3="56,101,21,131,91,113,74,89,6,14,94,83,8"/><U92/><E106/><V97/><F123/><W58/><G113/><N who="2" m="43017" /><F4/><W81/><G131/><T108/><D108/><U9/><E128/><V54/><F124/><W135/><G135/><T29/><D2/><U18/><E75/><V104/><F104/><W59/><G74/><T84/><D119/><U3/><E3/><V66/><F66/><W107/><G107/><T65/><D72/><U117/><E117/><V73/><F73/><W35/><G35/><T17/><D29/><U134/><E134/><V28/><F28/><W7/><G7/><T11/><D133/><U132/><E132/><V38/><F88/><W85/><G101/><T112/><D112/><U62/><E92/><V24/><F22/><W27/><REACH who="3" step="1"/><G91/><REACH who="3" ten="248,324,276,142" step="2"/><N who="0" m="53735" /><D100/><U126/><E126/><V46/><AGARI ba="0,1" hai="16,20,24,38,41,46,47,51,54,97,99" m="43017" machi="46" ten="30,7900,0" yaku="15,1,11,1,52,1,54,1" doraHai="36" who="2" fromWho="2" sc="248,-20,324,-39,276,89,142,-20" /><INIT seed="6,0,0,0,4,81" ten="228,285,365,122" oya="2" hai0="84,96,11,56,83,122,47,132,40,5,8,91,75" hai1="109,114,19,101,78,21,89,25,124,65,74,43,10" hai2="104,92,48,134,82,2,33,34,131,88,110,62,17" hai3="58,126,93,72,36,116,70,108,13,22,55,112,38"/><V86/><F104/><W1/><G108/><T76/><D122/><U77/><E109/><V102/><F110/><W24/><G116/><T79/><D132/><U3/><E124/><V14/><F134/><W60/><G1/><T44/><D44/><U129/><E129/><V71/><F131/><W63/><G72/><T64/><D96/><U68/><E43/><V125/><F2/><W37/><G126/><T100/><D100/><U45/><E45/><V35/><F125/><W20/><G112/><T0/><D11/><U7/><E101/><V118/><F118/><W69/><G13/><T98/><D98/><U128/><E128/><V57/><F48/><W130/><G130/><T106/><D106/><U59/><E68/><V23/><F71/><W31/><G22/><T52/><D64/><U133/><E133/><V32/><F102/><W15/><G15/><T135/><D135/><U99/><E74/><V115/><F35/><W113/><G113/><T6/><D6/><U107/><E114/><V123/><F123/><W9/><G9/><T16/><D16/><U121/><E121/><V127/><F127/><W120/><G120/><T111/><D111/><U119/><E119/><V66/><REACH who="2" step="1"/><F115/><REACH who="2" ten="228,285,355,122" step="2"/><W41/><G41/><T87/><D76/><U49/><E49/><V12/><F12/><W90/><REACH who="3" step="1"/><G63/><REACH who="3" ten="228,285,355,112" step="2"/><N who="0" m="36231" /><D91/><U30/><E78/><V80/><AGARI ba="0,2" hai="14,17,23,32,33,34,57,62,66,80,82,86,88,92" machi="80" ten="40,12000,1" yaku="1,1,0,1,52,1,54,1,53,0" doraHai="81" doraHaiUra="50" who="2" fromWho="2" sc="228,-40,285,-40,355,140,112,-40" /><INIT seed="6,1,0,4,4,80" ten="188,245,495,72" oya="2" hai0="17,101,12,125,21,110,6,43,83,11,114,38,32" hai1="52,53,116,19,123,95,45,106,39,86,77,27,119" hai2="74,4,46,30,35,113,67,84,124,56,107,78,71" hai3="73,102,66,9,55,33,92,120,103,3,132,36,1"/><V61/><F107/><W41/><G120/><T57/><D110/><U22/><E106/><V69/><F74/><W49/><G33/><T59/><D125/><U87/><E123/><V7/><F113/><W88/><G73/><T126/><D114/><U134/><E134/><V97/><F124/><W62/><G132/><T115/><D115/><U85/><E77/><V75/><F75/><W5/><G1/><T23/><D126/><U130/><E130/><V128/><F97/><W76/><G76/><T50/><D32/><U28/><E95/><V18/><F128/><W68/><G41/><T70/><D70/><U89/><E89/><V127/><F127/><W118/><G36/><T104/><D38/><U20/><E39/><V8/><F46/><W99/><REACH who="3" step="1"/><G118/><REACH who="3" ten="188,245,495,62" step="2"/><T48/><D43/><U63/><E119/><V129/><F78/><W40/><G40/><T44/><D104/><U65/><E116/><V31/><F35/><W64/><G64/><T24/><D101/><U133/><E133/><V96/><F67/><W131/><G131/><T135/><D135/><U0/><E0/><V82/><F129/><W79/><G79/><T112/><D112/><U121/><E65/><V81/><F69/><W14/><G14/><T26/><D12/><U25/><E121/><V16/><F71/><W47/><AGARI ba="1,1" hai="3,5,9,47,49,55,62,66,68,88,92,99,102,103" machi="47" ten="20,5200,0" yaku="1,1,0,1,7,1,54,1,53,0" doraHai="80" doraHaiUra="105" who="3" fromWho="3" sc="188,-14,245,-14,495,-27,62,65" /><INIT seed="7,0,0,0,2,5" ten="174,231,468,127" oya="3" hai0="127,64,8,104,98,109,54,99,2,121,31,17,76" hai1="105,126,0,70,6,90,77,95,108,101,25,62,75" hai2="94,16,67,78,66,39,57,1,53,51,123,134,132" hai3="22,13,59,86,12,85,29,87,21,84,68,52,47"/><W9/><G68/><T46/><D121/><U49/><E108/><V116/><F116/><W113/><G113/><T102/><D109/><U50/><E126/><V41/><F123/><W38/><G38/><T135/><D127/><U27/><E0/><V63/><F1/><W42/><G42/><T82/><D98/><U58/><E70/><N who="2" m="42335" /><F78/><W61/><G47/><T60/><D31/><U7/><E101/><V79/><F79/><W122/><G122/><T83/><D135/><U100/><E100/><V73/><F73/><W103/><G103/><T48/><D76/><U3/><E105/><V88/><F67/><W114/><G114/><T40/><D40/><U71/><E71/><V35/><F16/><N who="3" m="8207" /><G29/><T97/><D97/><N who="1" m="57591" /><E77/><V32/><F32/><W20/><N who="3" m="22016" /><DORA hai="110" /><W18/><AGARI ba="0,0" hai="13,18,20,21,22,52,59,61" m="22016,8207" machi="18" ten="40,12000,1" yaku="4,1,8,1,52,1,54,2" doraHai="5,110" who="3" fromWho="3" sc="174,-40,231,-40,468,-40,127,120" /><INIT seed="7,1,0,4,0,53" ten="134,191,428,247" oya="3" hai0="20,77,62,84,38,121,72,135,2,81,25,68,52" hai1="117,64,116,13,66,82,16,49,10,124,132,101,131" hai2="41,111,104,60,112,40,110,88,31,93,58,1,50" hai3="109,103,129,97,80,91,89,48,3,23,43,74,44"/><W19/><G3/><T18/><D2/><U55/><E131/><V57/><F104/><W119/><G119/><N who="1" m="45642" /><E132/><V0/><F31/><W134/><G129/><T99/><D135/><U92/><E124/><V106/><F112/><W69/><G134/><T96/><D121/><U70/><E70/><V107/><F60/><W115/><G115/><T35/><D35/><U90/><E101/><V125/><F88/><W86/><G69/><T24/><D38/><U102/><E102/><V114/><F114/><W51/><G74/><T85/><D72/><U54/><E54/><V46/><F93/><W59/><G109/><T36/><D36/><U33/><E33/><V26/><F26/><W76/><G51/><T75/><D75/><U127/><E127/><V105/><F105/><W30/><G30/><T17/><D84/><N who="1" m="50455" /><E92/><V22/><F22/><W11/><G11/><T130/><D130/><U39/><E39/><V108/><F50/><W6/><G6/><T98/><D68/><U126/><E126/><V120/><F108/><W65/><G103/><T32/><D32/><U29/><E29/><V133/><F46/><AGARI ba="1,0" hai="10,13,16,46,49,55,64,66" m="50455,45642" machi="46" ten="30,3900,0" yaku="25,1,12,1,54,1" doraHai="53" who="1" fromWho="2" sc="134,0,191,42,428,-42,247,0" owari="134,-37.0,233,-17.0,386,49.0,247,5.0" /></mjloggm>