<mjloggm ver="2.3"><GO type="97" lobby="0"/><UN n0="%E3%82%8A%E3%82%81%E3%82%8D" n1="%E3%81%A1%E3%82%86%E3%81%A1%E3%82%83%E3%82%93" n2="%E5%B0%B1%E6%B4%BB%E7%94%9F%40%E5%B7%9D%E6%9D%91%E8%BB%8D%E5%9B%A3" n3="%E7%A7%81%E7%AB%8B%E4%B8%AD%E5%AD%A6%E7%94%9F%EF%BC%A0%E7%BE%A4%E9%A6%AC" dan="15,14,14,14" rate="1997.55,1920.93,1987.03,1890.49" sx="M,F,M,M"/><TAIKYOKU oya="0"/><INIT seed="0,0,0,5,1,122" ten="250,250,250,250" oya="0" hai0="125,24,0,2,107,49,23,39,40,47,27,57,46" hai1="35,3,108,63,118,133,84,76,127,102,73,13,48" hai2="60,117,128,115,111,53,9,42,11,132,64,31,14" hai3="134,91,17,87,16,65,105,96,10,120,68,50,5"/><T116/><D116/><U33/><E118/><V1/><F115/><W21/><G120/><T114/><D107/><U130/><E3/><V77/><F117/><W61/><G134/><T38/><D125/><U135/><E73/><V98/><F128/><W113/><G113/><T51/><D114/><U95/><E130/><V66/><F132/><N who="1" m="50761" /><E127/><V59/><F31/><W129/><G129/><T81/><D81/><N who="1" m="47143" /><E13/><V75/><F75/><W36/><G36/><T8/><D8/><U82/><E82/><V4/><F77/><W97/><G50/><T85/><D85/><U29/><E48/><V41/><F98/><W110/><G110/><T30/><D57/><U80/><E80/><V54/><F111/><W43/><G43/><T123/><D123/><U83/><E83/><V70/><F42/><W56/><G68/><T131/><D131/><U12/><E12/><V19/><F41/><W94/><G105/><T22/><D40/><U20/><E63/><V119/><F119/><W79/><G79/><T88/><REACH who="0" step="1"/><D30/><REACH who="0" ten="240,250,250,250" step="2"/><U106/><E29/><V121/><F121/><W92/><G10/><T26/><D26/><U32/><E106/><V86/><F86/><W89/><G5/><T101/><D101/><U52/><E102/><V99/><F99/><W34/><G97/><T126/><D126/><U7/><E95/><V72/><REACH who="2" step="1"/><F72/><REACH who="2" ten="240,250,240,250" step="2"/><W67/><G96/><T37/><D37/><U45/><E108/><V90/><F90/><AGARI ba="0,2" hai="0,2,22,23,24,27,38,39,46,47,49,51,88,90" machi="90" ten="25,9600,0" yaku="1,1,22,2,54,1,53,0" doraHai="122" doraHaiUra="28" who="0" fromWho="2" sc="240,116,250,0,240,-96,250,0" /><INIT seed="0,1,0,3,3,113" ten="356,250,144,250" oya="0" hai0="79,128,10,135,120,34,101,3,75,50,102,95,110" hai1="117,66,87,5,92,67,132,125,127,112,109,17,82" hai2="4,115,37,83,9,98,46,25,97,31,32,81,78" hai3="130,118,33,13,89,8,77,53,93,48,76,26,22"/><T49/><D120/><U124/><E112/><V40/><F115/><W12/><G33/><T20/><D34/><U29/><E132/><V56/><F56/><W55/><G130/><T65/><D135/><U88/><E109/><V100/><F100/><W73/><G118/><T7/><D128/><U44/><E5/><V27/><F27/><W131/><G131/><T80/><D110/><U103/><E29/><V84/><REACH who="2" step="1"/><F81/><REACH who="2" ten="356,250,134,250" step="2"/><W16/><G73/><T86/><D101/><U58/><E58/><V107/><F107/><W133/><G133/><T71/><D102/><U15/><E103/><V85/><F85/><N who="3" m="52399" /><G26/><T54/><D86/><U68/><E82/><V14/><AGARI ba="1,1" hai="4,9,14,25,31,32,37,40,46,78,83,84,97,98" machi="14" ten="20,2700,0" yaku="1,1,0,1,7,1,53,0" doraHai="113" doraHaiUra="57" who="2" fromWho="2" sc="356,-14,250,-8,134,40,250,-8" /><INIT seed="1,0,0,5,2,130" ten="342,242,174,242" oya="1" hai0="18,47,81,30,102,84,96,109,17,135,68,112,60" hai1="133,116,75,49,71,42,6,80,2,11,123,88,95" hai2="56,115,99,58,43,67,20,121,3,76,126,62,8" hai3="55,12,78,35,119,63,61,107,40,83,23,52,70"/><U0/><E123/><V46/><F121/><W85/><G107/><T108/><D135/><U92/><E116/><V48/><F115/><W57/><G35/><T69/><D112/><U124/><E71/><N who="0" m="27209" /><D60/><U5/><E42/><V111/><F126/><W21/><G119/><T51/><D47/><U7/><E49/><V25/><F111/><N who="0" m="42570" /><D30/><U89/><E124/><V54/><F76/><W38/><G70/><T73/><D73/><U13/><E75/><V104/><F104/><W118/><G118/><T72/><D51/><U105/><E105/><V53/><F99/><W129/><G129/><T9/><D9/><U132/><E80/><V28/><REACH who="2" step="1"/><F56/><REACH who="2" ten="342,242,164,242" step="2"/><W120/><G120/><T106/><D72/><U34/><E34/><V44/><F44/><W110/><G57/><T59/><D59/><U117/><E117/><V22/><F22/><W90/><G23/><T19/><D19/><U27/><E0/><V93/><F93/><W66/><G78/><AGARI ba="0,1" hai="17,18,78,81,84,96,102,106" m="42570,27209" machi="78" ten="30,1000,0" yaku="14,1" doraHai="130" who="0" fromWho="3" sc="342,20,242,0,164,0,242,-10" /><INIT seed="2,0,0,5,4,109" ten="362,242,164,232" oya="2" hai0="94,56,113,70,7,102,23,93,101,10,74,19,60" hai1="132,22,45,55,105,118,12,44,14,40,133,135,121" hai2="64,130,100,87,13,20,28,31,126,78,114,46,69" hai3="59,29,62,110,119,77,9,63,11,0,106,16,67"/><V21/><F126/><W52/><G119/><T66/><D74/><U127/><E118/><V35/><F130/><W51/><G110/><T124/><D113/><U4/><E127/><V2/><F2/><W3/><G106/><T42/><D42/><U41/><E121/><V26/><F100/><N who="0" m="38506" /><D70/><U99/><E55/><V73/><F73/><W1/><G29/><T108/><D108/><U33/><E33/><V116/><F116/><W115/><G115/><T88/><D88/><U37/><E105/><V43/><F114/><W58/><G77/><T5/><D124/><U8/><E99/><V134/><F134/><W129/><G129/><T49/><D49/><U83/><E83/><V84/><F78/><W47/><REACH who="3" step="1"/><G16/><REACH who="3" ten="362,242,164,222" step="2"/><T53/><D7/><U18/><REACH who="1" step="1"/><E135/><REACH who="1" ten="362,232,164,222" step="2"/><V32/><F32/><W61/><G61/><T111/><D60/><U25/><E25/><N who="2" m="16423" /><F35/><W71/><G71/><T27/><D111/><U125/><E125/><V30/><F69/><W39/><G39/><AGARI ba="0,2" hai="4,8,12,14,18,22,37,39,40,41,44,45,132,133" machi="39" ten="40,2600,0" yaku="1,1,9,1,53,0" doraHai="109" doraHaiUra="86" who="1" fromWho="3" sc="362,0,232,46,164,0,222,-26" /><INIT seed="3,0,0,0,3,87" ten="362,278,164,196" oya="3" hai0="53,83,12,109,65,57,37,51,21,33,80,111,76" hai1="67,1,46,17,4,6,19,127,95,98,126,14,91" hai2="7,104,96,16,74,119,103,86,24,64,122,44,99" hai3="132,28,40,84,105,42,66,79,81,85,15,32,41"/><W118/><G118/><T63/><D33/><U3/><E67/><V72/><F119/><W97/><G132/><T23/><D37/><U68/><E68/><V9/><F122/><W11/><G66/><T20/><D12/><U112/><E112/><V39/><F64/><W49/><G85/><T130/><D130/><U26/><E26/><V54/><F99/><W52/><G32/><T110/><D76/><U124/><E46/><AGARI ba="0,0" hai="20,21,23,46,51,53,57,63,65,80,83,109,110,111" machi="46" ten="50,1600,0" yaku="14,1" doraHai="87" who="0" fromWho="1" sc="362,16,278,-16,164,0,196,0" owari="378,48.0,262,6.0,164,-34.0,196,-20.0" /></mjloggm>