<mjloggm ver="2.3"><GO type="97" lobby="0"/><UN n0="%61%6B%61%7A%65%6B%69" n1="%E9%80%86%E7%90%86%40%E6%9D%8F%E6%9D%8F%E8%BB%8D%E5%9C%98" n2="%E3%82%8C%E3%81%8A%E3%81%97%E3%82%87%E3%81%86" n3="%E5%B0%B1%E6%B4%BB%E7%94%9F%40%E5%B7%9D%E6%9D%91%E8%BB%8D%E5%9B%A3" dan="15,13,14,14" rate="2022.62,1887.56,1906.17,1954.40" sx="M,M,M,M"/><TAIKYOKU oya="0"/><INIT seed="0,0,0,5,5,49" ten="250,250,250,250" oya="0" hai0="82,29,46,101,64,81,12,3,102,4,45,58,93" hai1="5,118,72,113,91,92,31,30,105,135,8,128,0" hai2="89,97,32,125,94,96,76,63,109,47,79,108,16" hai3="10,74,104,36,2,75,120,60,37,15,117,131,134"/><T127/><D3/><U65/><E118/><V26/><F125/><W107/><G117/><T121/><D121/><U80/><E128/><V116/><F116/><W9/><G120/><T115/><D115/><U86/><E113/><V7/><F7/><W39/><G131/><T124/><D29/><U67/><E135/><V35/><F96/><W40/><G134/><T24/><D24/><U50/><E105/><V133/><F133/><W52/><G40/><T38/><D4/><U18/><E18/><V85/><F63/><W126/><G2/><T98/><D12/><U119/><E119/><V20/><F47/><N who="0" m="17930" /><D38/><U83/><E50/><V130/><F130/><W19/><G126/><N who="0" m="48171" /><D102/><U106/><E106/><V14/><F14/><W22/><G107/><T41/><D41/><U34/><E34/><V23/><F23/><W42/><G42/><T21/><D21/><U51/><E30/><V73/><F73/><W90/><G104/><T43/><D43/><U59/><E31/><V111/><REACH who="2" step="1"/><F97/><REACH who="2" ten="250,250,240,250" step="2"/><W100/><G75/><T6/><D6/><U132/><E72/><V56/><F56/><W57/><G74/><T33/><D33/><AGARI ba="0,1" hai="16,20,26,32,33,35,76,79,85,89,94,108,109,111" machi="33" ten="50,6400,0" yaku="1,1,14,1,54,1,53,0" doraHai="49" doraHaiUra="103" who="2" fromWho="0" sc="250,-64,250,0,240,74,250,0" /><INIT seed="1,0,0,3,1,82" ten="186,250,314,250" oya="1" hai0="104,100,25,28,0,9,29,71,83,103,109,21,3" hai1="125,66,20,51,23,98,130,132,12,50,84,119,48" hai2="79,14,122,108,86,65,117,68,131,42,105,94,26" hai3="43,124,77,32,80,45,126,91,87,1,102,88,99"/><U31/><E119/><V75/><F122/><W73/><G32/><T24/><D71/><U111/><E130/><V89/><F117/><W70/><G1/><N who="0" m="587" /><D104/><U85/><E132/><V11/><F131/><W30/><G30/><N who="0" m="11883" /><D83/><U90/><E125/><N who="3" m="48234" /><G70/><T114/><D114/><U10/><E66/><V5/><F105/><N who="3" m="63711" /><G73/><T121/><D121/><U120/><E120/><V53/><F53/><W128/><G128/><T115/><D115/><U106/><E111/><V107/><F108/><W60/><G60/><T8/><D109/><U69/><E69/><V38/><F107/><W56/><G56/><T36/><D36/><AGARI ba="0,0" hai="36,43,45,77,80,87,88,91" m="63711,48234" machi="36" ten="30,3900,0" yaku="18,1,52,1,54,1" doraHai="82" who="3" fromWho="0" sc="186,-39,250,0,314,0,250,39" /><INIT seed="2,0,0,5,2,11" ten="147,250,314,289" oya="2" hai0="88,6,66,78,24,99,111,40,27,132,90,33,130" hai1="38,101,84,71,20,106,81,75,55,127,14,58,135" hai2="60,37,26,65,85,4,48,70,128,100,3,0,89" hai3="7,61,15,77,64,92,52,113,86,8,49,87,51"/><V110/><F128/><W80/><G113/><T22/><D130/><U91/><E135/><V97/><F110/><W112/><G112/><T118/><D111/><U102/><E71/><V105/><F37/><W104/><G104/><T19/><D132/><U121/><E121/><V126/><F126/><W108/><G108/><T10/><D118/><U36/><E127/><V131/><F131/><W12/><G64/><T56/><D78/><U57/><E75/><V119/><F119/><W116/><G116/><T98/><D40/><U46/><E46/><V103/><F100/><N who="1" m="38505" /><E106/><V43/><F4/><W23/><G92/><T72/><D72/><U109/><E109/><V2/><F26/><W50/><G87/><T67/><D33/><U35/><E35/><V18/><F18/><N who="3" m="10695" /><G61/><T13/><D27/><U96/><E36/><V53/><F43/><W28/><G28/><T44/><D44/><AGARI ba="0,0" hai="7,8,15,44,49,50,51,52,77,80,86" m="10695" machi="44" ten="30,7700,0" yaku="8,1,52,2,54,1" doraHai="11" who="3" fromWho="0" sc="147,-77,250,0,314,0,289,77" /><INIT seed="3,0,0,3,1,0" ten="70,250,314,366" oya="3" hai0="73,25,101,93,65,42,75,94,128,49,52,129,115" hai1="70,41,29,126,12,134,28,112,62,56,23,43,133" hai2="89,104,120,122,92,19,34,95,84,76,30,20,63" hai3="106,135,35,14,27,100,45,67,3,17,119,50,48"/><W33/><G3/><T109/><D109/><U6/><E112/><V83/><F104/><W1/><G1/><T72/><D115/><U40/><E70/><V108/><F108/><W37/><G37/><T91/><D42/><U21/><E126/><V47/><F47/><W60/><G119/><T117/><D117/><U58/><E12/><V22/><F34/><W99/><G135/><T5/><D65/><U132/><E62/><V32/><F32/><W77/><G77/><T131/><D25/><U124/><E124/><V98/><F92/><W97/><G97/><T11/><D101/><U96/><E96/><V15/><F63/><W36/><G36/><T116/><D116/><U86/><E86/><V57/><F57/><W105/><G105/><T2/><REACH who="0" step="1"/><D91/><REACH who="0" ten="60,250,314,366" step="2"/><U18/><E18/><V107/><F107/><W79/><G27/><T7/><D7/><U82/><E6/><V71/><F71/><W80/><G33/><T8/><D8/><U81/><E41/><V26/><AGARI ba="0,1" hai="15,19,20,22,26,30,76,83,84,89,95,98,120,122" machi="26" ten="30,1100,0" yaku="0,1" doraHai="0" who="2" fromWho="2" sc="60,-3,250,-3,314,21,366,-5" owari="57,-44.0,247,-15.0,335,14.0,361,45.0" /></mjloggm>