<mjloggm ver="2.3"><GO type="169" lobby="0"/><UN n0="%E4%B8%96%E5%A4%A2" n1="%E3%82%A6%E3%83%AB%E3%83%88%E3%83%A9%E7%AB%8B%E7%9B%B4" n2="%6E%69%63%6B%2E" n3="%74%68%69%73%69%73%69%74" dan="17,18,16,16" rate="2144.48,2225.12,2166.17,2145.31" sx="F,M,M,M"/><TAIKYOKU oya="0"/><INIT seed="0,0,0,1,5,76" ten="250,250,250,250" oya="0" hai0="127,62,45,126,5,78,28,11,42,50,16,135,105" hai1="10,19,13,96,104,93,0,8,51,48,15,52,120" hai2="117,37,134,34,20,77,125,123,72,44,98,32,130" hai3="35,33,81,24,1,131,107,59,21,2,73,89,60"/><T29/><D105/><U38/><E38/><V41/><F98/><W65/><G107/><T55/><D135/><U128/><E120/><V119/><F20/><W90/><G131/><T132/><D132/><U116/><E116/><N who="2" m="44619" /><F134/><W27/><G90/><T46/><D78/><U85/><E0/><V101/><F101/><W115/><G115/><T118/><D118/><U88/><E128/><V95/><F95/><W49/><G49/><T39/><D62/><U56/><E104/><V121/><F130/><W12/><G12/><N who="0" m="7199" /><D5/><N who="1" m="3215" /><E51/><V43/><F43/><W80/><G73/><T53/><D53/><U106/><E106/><V114/><F125/><AGARI ba="0,0" hai="28,29,39,42,45,46,50,55,125,126,127" m="7199" machi="125" ten="30,2900,0" yaku="18,1,54,1" doraHai="76" who="0" fromWho="2" sc="250,29,250,0,250,-29,250,0" /><INIT seed="0,1,0,0,4,113" ten="279,250,221,250" oya="0" hai0="48,28,84,81,14,55,61,2,106,95,60,22,120" hai1="86,135,102,33,76,99,27,45,57,134,119,30,65" hai2="31,88,74,131,4,97,132,13,105,21,38,123,35" hai3="34,115,133,50,124,56,10,89,104,70,85,17,18"/><T32/><D106/><U130/><E130/><V54/><F74/><W82/><G115/><T24/><D2/><U59/><E45/><V12/><F35/><W92/><G70/><T128/><D128/><U67/><E86/><V37/><F123/><W129/><G104/><T96/><D120/><U0/><E76/><V49/><F132/><N who="1" m="50729" /><E0/><V52/><F54/><N who="3" m="31831" /><G34/><T64/><D14/><U91/><E91/><V43/><F131/><W53/><G133/><T112/><D32/><U62/><E119/><V9/><F13/><W58/><G129/><T109/><D109/><U47/><E47/><V117/><F43/><W29/><G124/><T68/><D112/><U7/><E7/><V122/><F117/><W1/><G1/><T79/><D64/><N who="1" m="39007" /><E57/><V121/><F122/><W111/><G111/><T8/><D68/><U15/><E15/><V41/><F121/><W73/><G73/><T36/><D36/><U103/><E103/><V5/><F5/><W23/><G82/><T39/><D39/><U108/><E108/><V83/><F38/><W71/><G71/><T93/><D61/><U80/><E80/><V40/><F37/><W127/><G127/><T25/><D60/><U46/><E46/><N who="2" m="27703" /><F105/><AGARI ba="1,0" hai="27,30,33,65,67,99,102,105" m="39007,50729" machi="105" ten="30,1000,0" yaku="20,1" doraHai="113" who="1" fromWho="2" sc="279,0,250,13,221,-13,250,0" /><INIT seed="1,0,0,5,2,103" ten="279,263,208,250" oya="1" hai0="88,11,81,36,27,44,52,58,75,133,119,80,76" hai1="99,98,46,55,7,0,69,93,72,60,8,54,113" hai2="131,111,92,50,120,110,49,17,31,115,70,102,20" hai3="15,23,121,41,91,40,61,101,86,71,51,114,4"/><U48/><E113/><V29/><F70/><W134/><G114/><T9/><D119/><U1/><E72/><V22/><F120/><W117/><G117/><T100/><D133/><U104/><E0/><V68/><F68/><W19/><G121/><T124/><D124/><U64/><E104/><V12/><F131/><W42/><G134/><T45/><D100/><U34/><E34/><V83/><F83/><W35/><G35/><T24/><D36/><U73/><E73/><V6/><F6/><W107/><G4/><T74/><D76/><U65/><E65/><V130/><F130/><W105/><G51/><N who="2" m="19465" /><F22/><W16/><G19/><T33/><D33/><U116/><E116/><V122/><F122/><W66/><REACH who="3" step="1"/><G101/><REACH who="3" ten="279,263,208,240" step="2"/><T37/><D37/><U82/><E48/><V2/><F115/><W95/><AGARI ba="0,1" hai="15,16,23,40,41,42,61,66,71,86,91,95,105,107" machi="95" ten="30,12000,2" yaku="1,1,2,1,0,1,52,2,54,1,53,1" doraHai="103" doraHaiUra="13" who="3" fromWho="3" sc="279,-30,263,-60,208,-30,240,130" /><INIT seed="2,0,0,4,0,80" ten="249,203,178,370" oya="2" hai0="125,19,115,37,95,16,98,44,99,79,2,97,60" hai1="48,4,12,6,109,45,50,35,107,9,22,112,87" hai2="32,28,65,7,11,56,85,67,68,18,71,129,58" hai3="72,83,101,54,89,135,38,74,110,13,126,118,94"/><V47/><F129/><W39/><G13/><T62/><D2/><U59/><E35/><V3/><F47/><W51/><G39/><T53/><D125/><U86/><E107/><V116/><F116/><W75/><G38/><T24/><D37/><U106/><E106/><V113/><F113/><W21/><G21/><N who="0" m="13351" /><D79/><U128/><E109/><V120/><F120/><W34/><G34/><T130/><D130/><U25/><E6/><V131/><F131/><W81/><G54/><T77/><D77/><U111/><E111/><V76/><F18/><W63/><G51/><N who="0" m="28903" /><D115/><U17/><E112/><V23/><F32/><W27/><G63/><N who="0" m="24107" /><D19/><U93/><E128/><V29/><F68/><W26/><G126/><T10/><D10/><U92/><E59/><N who="2" m="22571" /><F71/><W42/><G118/><T105/><D105/><U82/><E50/><V108/><F108/><W102/><G110/><T30/><D30/><N who="2" m="11882" /><F23/><W57/><G74/><T52/><D52/><N who="1" m="29711" /><E82/><N who="2" m="47303" /><F3/><W90/><G75/><T88/><AGARI ba="0,0" hai="88,95,97,98,99" m="24107,28903,13351" machi="88" ten="30,4000,0" yaku="8,1,54,2" doraHai="80" who="0" fromWho="0" sc="249,40,203,-10,178,-20,370,-10" /><INIT seed="3,0,0,4,3,19" ten="289,193,158,360" oya="3" hai0="26,4,83,130,20,45,8,105,101,48,72,21,78" hai1="104,90,88,122,111,66,69,28,46,94,135,97,132" hai2="131,6,62,120,49,98,76,3,40,7,126,70,106" hai3="32,23,41,108,119,77,51,27,113,24,38,57,22"/><W16/><G119/><T11/><D130/><U2/><E2/><V56/><F70/><W37/><G113/><T95/><D105/><U81/><E66/><V117/><F76/><W84/><G32/><T75/><D75/><U92/><E69/><V87/><F3/><W82/><G108/><T10/><D4/><U64/><E64/><V121/><F87/><W74/><G74/><T124/><D124/><U42/><E104/><V13/><F126/><W58/><G38/><T63/><D63/><U39/><E122/><N who="2" m="47211" /><F13/><W93/><G37/><T68/><D68/><U100/><E111/><V99/><F117/><W115/><G115/><T79/><D26/><U50/><E81/><V34/><F34/><W123/><G123/><T89/><D101/><U0/><E0/><V1/><F1/><W53/><G93/><T114/><D114/><U127/><E127/><V47/><F131/><W102/><G102/><T29/><D29/><U17/><E28/><V112/><F112/><W5/><G5/><N who="2" m="1545" /><F106/><W59/><G41/><N who="0" m="24623" /><D79/><U125/><E125/><V85/><F85/><W30/><AGARI ba="0,0" hai="16,22,23,24,27,30,51,53,57,58,59,77,82,84" machi="30" ten="20,18000,2" yaku="0,1,7,1,8,1,52,2,54,1" doraHai="19" who="3" fromWho="3" sc="289,-60,193,-60,158,-60,360,180" /><INIT seed="3,1,0,5,0,113" ten="229,133,98,540" oya="3" hai0="24,9,117,134,114,79,109,110,38,54,12,105,19" hai1="77,121,42,47,53,106,92,33,5,127,29,25,20" hai2="22,37,118,132,81,90,39,26,57,94,18,130,86" hai3="87,1,124,8,44,35,100,107,36,58,34,96,60"/><W76/><G124/><T95/><D105/><U63/><E106/><V101/><F118/><W10/><G76/><T49/><D38/><U123/><E127/><V61/><F132/><W45/><G87/><T68/><D68/><U4/><E77/><V2/><F130/><W104/><G104/><T66/><D66/><U41/><E33/><V102/><F2/><W43/><G45/><N who="0" m="27951" /><D117/><U133/><E133/><V67/><F101/><W80/><G80/><T89/><D134/><U120/><E92/><V84/><REACH who="2" step="1"/><F102/><REACH who="2" ten="229,133,88,540" step="2"/><W108/><G108/><T51/><D110/><U119/><E119/><V98/><F98/><W65/><G1/><T128/><D109/><U83/><E121/><V32/><F32/><W125/><G125/><T27/><D128/><U62/><E123/><V85/><F85/><W129/><G129/><T111/><D111/><U99/><E99/><V28/><F28/><W135/><G135/><T52/><D114/><U112/><E112/><V115/><F115/><W50/><G35/><T13/><D79/><AGARI ba="1,1" hai="18,22,26,37,39,57,61,67,79,81,84,86,90,94" machi="79" ten="30,2000,0" yaku="1,1,7,1,53,0" doraHai="113" doraHaiUra="0" who="2" fromWho="0" sc="229,-23,133,0,88,33,540,0" /><INIT seed="4,0,0,5,3,23" ten="206,133,121,540" oya="0" hai0="73,86,133,4,72,82,27,91,8,98,63,9,103" hai1="90,19,81,127,100,55,128,78,62,120,119,59,40" hai2="66,113,12,58,36,31,6,34,30,38,131,135,25" hai3="16,115,80,32,126,106,75,39,94,109,52,50,89"/><T22/><D133/><U37/><E120/><V130/><F31/><W42/><G106/><T117/><D117/><U10/><E119/><V47/><F113/><W13/><G109/><T71/><D71/><U68/><E127/><V65/><F135/><W83/><G126/><T76/><D63/><U70/><E128/><N who="2" m="49195" /><F47/><N who="3" m="25975" /><G39/><N who="2" m="14889" /><F58/><W48/><G32/><T108/><D108/><U92/><E100/><V84/><F84/><N who="3" m="52519" /><G75/><T51/><D51/><U95/><E40/><V1/><F1/><W74/><G74/><T5/><D73/><U102/><E37/><V123/><F123/><W21/><G115/><T24/><D72/><U124/><E124/><V114/><F114/><W125/><G125/><T18/><D4/><U67/><E70/><V64/><F6/><W53/><G53/><T20/><D5/><U61/><E55/><V49/><F49/><W116/><G116/><T99/><D76/><U134/><E78/><V14/><AGARI ba="0,0" hai="12,14,25,30,34,64,65,66" m="14889,49195" machi="14" ten="40,2700,0" yaku="19,1,52,1" doraHai="23" who="2" fromWho="2" sc="206,-13,133,-7,121,27,540,-7" /><INIT seed="5,0,0,4,4,10" ten="193,126,148,533" oya="1" hai0="95,93,31,45,108,43,90,124,49,105,27,122,28" hai1="57,132,48,4,38,26,134,111,83,17,25,63,14" hai2="8,98,51,29,102,0,96,87,116,73,107,67,131" hai3="47,104,6,40,103,91,100,61,79,44,123,41,106"/><U109/><E38/><V75/><F131/><W64/><G91/><T23/><D105/><N who="3" m="40553" /><G64/><T113/><D113/><U2/><E48/><V110/><F116/><W130/><G61/><T76/><D122/><U97/><E97/><V52/><F67/><W78/><G6/><T89/><D124/><U117/><E83/><V120/><F29/><W80/><G80/><T77/><D31/><U129/><E117/><V19/><F98/><W54/><G54/><T86/><D108/><N who="1" m="41547" /><E129/><V36/><F110/><W55/><G55/><T33/><D33/><U121/><E121/><V42/><F36/><W115/><G115/><T85/><AGARI ba="0,0" hai="23,27,28,43,45,49,76,77,85,86,89,90,93,95" machi="85" ten="20,5200,0" yaku="0,1,7,1,9,1,8,1" doraHai="10" who="0" fromWho="0" sc="193,52,126,-26,148,-13,533,-13" /><INIT seed="6,0,0,5,3,89" ten="245,100,135,520" oya="2" hai0="50,48,17,80,76,72,3,128,65,123,55,77,71" hai1="124,84,116,36,52,40,10,122,131,82,45,38,100" hai2="66,8,74,94,78,23,107,126,130,79,20,42,134" hai3="103,61,46,121,4,11,81,93,105,6,2,19,73"/><V119/><F107/><W28/><G121/><T129/><D3/><U15/><E116/><V30/><F119/><W104/><G6/><T18/><D123/><U62/><E122/><V68/><F134/><W87/><G28/><T63/><D76/><U92/><E124/><V112/><F112/><W117/><G117/><T34/><D34/><U59/><E131/><N who="0" m="50249" /><D50/><U86/><E38/><V31/><F126/><W56/><G46/><AGARI ba="0,0" hai="17,18,46,48,55,63,65,71,72,77,80" m="50249" machi="46" ten="30,1000,0" yaku="19,1" doraHai="89" who="0" fromWho="3" sc="245,10,100,0,135,0,520,-10" /><INIT seed="7,0,0,0,4,132" ten="255,100,135,510" oya="3" hai0="96,89,3,34,43,84,24,106,53,41,60,118,22" hai1="9,8,38,11,99,59,109,113,80,36,116,37,125" hai2="26,121,85,72,35,18,32,2,103,79,57,94,74" hai3="63,87,83,133,54,100,28,6,115,33,17,114,12"/><W135/><G6/><T23/><D34/><U5/><E109/><V95/><F2/><W62/><G100/><T131/><D3/><U47/><E5/><V14/><F57/><N who="3" m="35127" /><G63/><T19/><D23/><U70/><E70/><V10/><F121/><W42/><G42/><T27/><D27/><U69/><E69/><V97/><F26/><N who="3" m="18583" /><G17/><T126/><D41/><U65/><E47/><V1/><F1/><W51/><G12/><T88/><D43/><U92/><E116/><V98/><F85/><W134/><G51/><T120/><D60/><U29/><E29/><V102/><F79/><AGARI ba="0,0" hai="79,83,87,114,115,133,134,135" m="18583,35127" machi="79" ten="30,1500,0" yaku="20,1" doraHai="132" who="3" fromWho="2" sc="255,0,100,0,135,-15,510,15" owari="255,6.0,100,-40.0,120,-28.0,525,62.0" /></mjloggm>