<mjloggm ver="2.3"><GO type="97" lobby="0"/><UN n0="%E5%B9%B3%E5%AE%B6%E3%81%AE%E8%90%BD%E4%BA%BA" n1="%43%68%61%2D%61" n2="%E9%83%A1%E5%B1%B1%E7%83%88%E7%81%AB" n3="%E5%B0%B1%E6%B4%BB%E7%94%9F%40%E5%B7%9D%E6%9D%91%E8%BB%8D%E5%9B%A3" dan="15,13,15,14" rate="1934.80,1861.31,1937.61,1950.24" sx="F,F,M,M"/><TAIKYOKU oya="0"/><INIT seed="0,0,0,1,4,11" ten="250,250,250,250" oya="0" hai0="77,27,97,18,28,129,42,73,24,55,29,126,94" hai1="122,91,70,4,132,85,54,114,81,63,51,75,9" hai2="90,30,26,6,48,12,5,84,16,102,119,0,131" hai3="78,83,58,36,107,32,133,3,95,115,112,111,66"/><T72/><D42/><U62/><E122/><V10/><F131/><W17/><G107/><T41/><D41/><U74/><E132/><V15/><F102/><W67/><G32/><T98/><D129/><U23/><E114/><V108/><F108/><W88/><G36/><T113/><D113/><U31/><E75/><V56/><F119/><W87/><G133/><T124/><D55/><U101/><E101/><V100/><F100/><W37/><G37/><T52/><D18/><U34/><E34/><V33/><F56/><W110/><G3/><T68/><D52/><U21/><E74/><N who="0" m="28777" /><D77/><U93/><E81/><V105/><F48/><W117/><G117/><T1/><D94/><U61/><E31/><N who="0" m="11849" /><D68/><U50/><E70/><V49/><F49/><N who="1" m="18441" /><E54/><V82/><F105/><W116/><G116/><T121/><D1/><U104/><E104/><V134/><F134/><W96/><G17/><T43/><D43/><U65/><E65/><N who="3" m="24586" /><G58/><T92/><D121/><U59/><E59/><V118/><F118/><W86/><G115/><T7/><D7/><U13/><AGARI ba="0,0" hai="4,9,13,21,23,61,62,63,85,91,93" m="18441" machi="13" ten="30,2000,0" yaku="8,1,52,1" doraHai="11" who="1" fromWho="1" sc="250,-10,250,20,250,-5,250,-5" /><INIT seed="1,0,0,4,0,84" ten="240,270,245,245" oya="1" hai0="55,121,34,22,7,5,113,47,44,95,122,103,23" hai1="27,135,124,67,76,25,21,54,51,3,63,36,31" hai2="39,68,119,89,108,99,15,79,81,43,45,33,26" hai3="82,69,101,111,133,52,85,73,8,77,110,60,107"/><U71/><E36/><V49/><F119/><W80/><G69/><T10/><D34/><U66/><E135/><V97/><F68/><W114/><G114/><T4/><D113/><U42/><E124/><V46/><F108/><N who="3" m="41515" /><G8/><T83/><D10/><U116/><E116/><V11/><F33/><W41/><G41/><T50/><D83/><U62/><E76/><V117/><F26/><W78/><G133/><T9/><D9/><U131/><E131/><V115/><F115/><W94/><G60/><N who="1" m="23082" /><E3/><V32/><F32/><W0/><G0/><T1/><D1/><U17/><E71/><V112/><F112/><W87/><G52/><N who="0" m="29767" /><D103/><U61/><E42/><V57/><F117/><W125/><G125/><T106/><D106/><U126/><E126/><V130/><F130/><W127/><G127/><T100/><D121/><U56/><E61/><V53/><F39/><W6/><G6/><T128/><D128/><U91/><E31/><V70/><F70/><W59/><G59/><T104/><D104/><U24/><E67/><V105/><F105/><W86/><G107/><T132/><D122/><U58/><E66/><V123/><F123/><W74/><G101/><T90/><D100/><U14/><E91/><AGARI ba="0,0" hai="73,74,77,78,80,82,85,86,87,91,94" m="41515" machi="91" ten="30,7700,0" yaku="14,1,34,2,52,1" doraHai="84" who="3" fromWho="1" sc="240,0,270,-77,245,0,245,77" /><INIT seed="2,0,0,4,2,134" ten="240,193,245,322" oya="2" hai0="53,100,114,117,41,83,62,108,85,12,97,24,130" hai1="70,81,132,2,0,105,119,120,35,22,50,75,135" hai2="17,38,91,71,124,103,47,56,54,89,60,28,106" hai3="123,39,59,133,110,101,90,76,74,69,55,67,32"/><V96/><F28/><W95/><G123/><T66/><D114/><U111/><RYUUKYOKU type="yao9" ba="0,0" sc="240,0,193,0,245,0,322,0" hai1="0,2,22,35,50,70,75,81,105,111,119,120,132,135" /><INIT seed="2,1,0,0,2,82" ten="240,193,245,322" oya="2" hai0="135,123,65,128,92,10,39,53,66,62,13,0,31" hai1="48,83,89,42,9,78,8,109,107,47,60,21,15" hai2="50,28,130,69,6,104,85,71,116,1,76,30,121" hai3="79,43,68,129,51,86,34,24,73,127,101,97,36"/><V45/><F116/><W40/><G127/><T7/><D123/><U90/><E107/><V26/><F121/><W25/><G129/><T96/><D39/><U122/><E109/><V84/><F104/><W61/><G51/><T95/><D128/><U74/><E122/><V19/><F130/><W110/><G110/><T29/><D135/><U63/><E9/><V102/><F102/><W133/><G133/><T119/><D119/><U12/><E12/><V124/><F124/><W52/><G36/><T132/><D132/><U70/><E21/><V16/><F71/><W99/><G99/><T125/><D125/><U41/><E41/><V114/><F69/><W56/><G68/><T87/><D0/><U17/><E70/><V67/><F67/><N who="0" m="25610" /><D96/><U5/><E17/><V126/><F126/><W111/><G73/><T18/><D7/><U112/><E112/><V94/><F114/><W118/><G34/><T49/><D62/><U23/><E23/><N who="2" m="15455" /><F1/><W44/><G111/><T38/><D38/><U57/><REACH who="1" step="1"/><E63/><REACH who="1" ten="240,183,245,322" step="2"/><V103/><F6/><W98/><G118/><T55/><D10/><U120/><E120/><V3/><F3/><W105/><G105/><T35/><D13/><U134/><E134/><V108/><F108/><W27/><G43/><T32/><D18/><N who="2" m="6698" /><F30/><W54/><G40/><T75/><D31/><U77/><E77/><V81/><F76/><W2/><G2/><T64/><D29/><U33/><E33/><V93/><F93/><N who="3" m="58543" /><G79/><T20/><D35/><U91/><E91/><V113/><F113/><W106/><G106/><T22/><D32/><U14/><E14/><RYUUKYOKU ba="1,1" sc="240,-10,183,30,245,-10,322,-10" hai1="5,8,15,42,47,48,57,60,74,78,83,89,90" /><INIT seed="3,2,1,2,5,101" ten="230,213,235,312" oya="3" hai0="82,51,40,5,114,121,97,109,61,3,53,2,73" hai1="85,17,88,49,84,90,126,95,66,106,28,21,33" hai2="34,94,112,110,41,60,69,117,48,81,35,89,22" hai3="91,75,15,119,18,50,76,135,99,38,62,92,16"/><W58/><G38/><T43/><D121/><U134/><E106/><V111/><F117/><W115/><G119/><T29/><D29/><U80/><E134/><V100/><F112/><W42/><G115/><T125/><D114/><U113/><E113/><V31/><F81/><W47/><G135/><T124/><D61/><U120/><E120/><V77/><F77/><W133/><G133/><T131/><D109/><N who="2" m="41482" /><F100/><W116/><G116/><T71/><D71/><U93/><E126/><N who="0" m="48745" /><D131/><U54/><E66/><N who="2" m="41159" /><F41/><N who="0" m="15946" /><D5/><U96/><E33/><V63/><F63/><W32/><G32/><T78/><D97/><N who="1" m="57511" /><E28/><V102/><F102/><W12/><G76/><T13/><D13/><N who="3" m="5193" /><G75/><T72/><D72/><U0/><E0/><V98/><F48/><W14/><G14/><T1/><D1/><U67/><E67/><AGARI ba="2,1" hai="16,18,42,47,50,58,62,67,91,92,99" m="5193" machi="67" ten="30,2900,0" yaku="8,1,54,1" doraHai="101" who="3" fromWho="1" sc="230,0,213,-35,235,0,312,45" owari="230,-17.0,178,-32.0,235,4.0,357,45.0" /></mjloggm>