<mjloggm ver="2.3"><GO type="41" lobby="0"/><UN n0="%E5%BF%8D%E2%98%86%E5%BF%8D" n1="%E3%81%95%E3%81%8F%E3%81%AF%E3%82%8B" n2="%E5%B0%B1%E6%B4%BB%E7%94%9F%40%E5%B7%9D%E6%9D%91%E8%BB%8D%E5%9B%A3" n3="%6A%6F%6B%65%72%33%33%33" dan="15,14,14,14" rate="1992.40,1901.80,1950.14,1919.92" sx="M,M,M,M"/><TAIKYOKU oya="0"/><INIT seed="0,0,0,2,1,8" ten="250,250,250,250" oya="0" hai0="100,92,130,48,61,69,21,97,95,46,107,44,79" hai1="41,68,55,34,90,117,56,12,49,51,105,11,86" hai2="133,45,77,108,63,32,123,52,66,20,33,74,78" hai3="10,91,42,106,89,81,2,27,122,88,9,53,119"/><T64/><D130/><U76/><E105/><V103/><F123/><W13/><G119/><T38/><D38/><U126/><E34/><V121/><F121/><W109/><G106/><T99/><D79/><U131/><E68/><V128/><F133/><W101/><G101/><T30/><D107/><U26/><E117/><V115/><F115/><W134/><G122/><T60/><D60/><U102/><E131/><V113/><F113/><W75/><G42/><T40/><D46/><U135/><E135/><V82/><F128/><W72/><G81/><T18/><D30/><U4/><E126/><V43/><F108/><W85/><G85/><T110/><D110/><U70/><E70/><V17/><F103/><W62/><G27/><T132/><D132/><U50/><E102/><V15/><F77/><W0/><G9/><T59/><D69/><U112/><E112/><V22/><F22/><W24/><G24/><T29/><D29/><U84/><E26/><V104/><F104/><W93/><G93/><N who="0" m="35915" /><D100/><U36/><E36/><V120/><F120/><W19/><G134/><T1/><D1/><N who="3" m="617" /><G109/><T129/><D129/><U31/><E31/><V57/><REACH who="2" step="1"/><F66/><REACH who="2" ten="250,250,240,250" step="2"/><W114/><G114/><T127/><D127/><U16/><E76/><V54/><F54/><W94/><G53/><T87/><D87/><U6/><E41/><V125/><F125/><W7/><G75/><T71/><D71/><U23/><E23/><V118/><F118/><W116/><G72/><T73/><D73/><U3/><E3/><V5/><F5/><W47/><G7/><T124/><D124/><U14/><E6/><RYUUKYOKU ba="0,1" sc="250,15,250,-15,240,15,250,-15" hai0="18,21,40,44,48,59,61,64,97,99" hai2="15,17,20,32,33,43,45,52,57,63,74,78,82" /><INIT seed="0,1,1,2,5,86" ten="265,235,255,235" oya="0" hai0="104,83,68,41,109,21,40,49,117,94,107,64,44" hai1="96,135,110,73,60,128,103,14,50,119,95,62,36" hai2="81,74,114,88,111,57,91,52,7,65,80,29,77" hai3="1,105,101,106,79,15,120,31,12,118,99,5,38"/><T32/><D32/><U19/><E119/><V53/><F114/><W130/><G12/><T35/><D35/><U27/><E36/><V11/><F111/><W39/><G15/><T22/><D117/><U70/><E110/><V48/><F29/><W17/><G17/><T82/><D109/><U100/><E73/><V6/><F65/><W133/><G118/><T58/><D68/><U97/><E128/><V87/><F11/><W69/><G105/><T59/><D94/><U43/><E70/><V127/><F127/><W56/><G56/><T4/><D49/><U10/><E135/><V125/><F125/><W61/><G133/><T63/><D44/><U89/><E103/><V24/><F24/><W26/><G79/><T115/><D63/><U113/><E113/><V30/><F30/><W112/><G120/><T0/><D115/><U126/><E27/><V28/><F28/><W90/><G112/><T34/><D34/><U85/><E97/><V42/><F42/><W9/><G130/><T129/><D129/><U98/><E96/><V45/><F91/><W66/><REACH who="3" step="1"/><G90/><REACH who="3" ten="265,235,255,225" step="2"/><T76/><D76/><U37/><E126/><V67/><F67/><W124/><G124/><T20/><D64/><U123/><E123/><V8/><F8/><W108/><G108/><T46/><D20/><AGARI ba="1,2" hai="1,5,9,20,26,31,38,39,61,66,69,99,101,106" machi="20" ten="30,2000,0" yaku="1,1,7,1,53,0" doraHai="86" doraHaiUra="47" who="3" fromWho="0" sc="265,-23,235,0,255,0,225,43" /><INIT seed="1,0,0,4,5,79" ten="242,235,255,268" oya="1" hai0="9,54,69,122,16,110,120,105,51,31,91,22,103" hai1="67,23,131,121,117,42,82,38,19,75,80,89,129" hai2="32,6,13,96,132,18,8,66,102,125,94,123,83" hai3="65,7,118,97,2,116,11,64,85,100,90,127,57"/><U128/><E75/><V39/><F32/><W48/><G127/><T36/><D69/><U135/><E121/><V107/><F39/><W46/><G57/><T21/><D36/><U124/><E117/><V81/><F123/><N who="0" m="47146" /><D110/><U33/><E33/><V30/><F125/><W49/><G49/><T77/><D77/><U17/><E124/><V133/><F30/><W62/><G62/><T58/><D31/><U34/><E34/><V24/><F66/><W72/><G72/><T98/><D91/><U43/><E67/><V60/><F60/><W86/><G86/><T37/><D37/><U55/><E89/><V76/><F107/><W63/><G63/><T3/><D3/><U114/><E114/><V59/><F59/><W10/><G10/><T35/><D35/><U52/><E135/><N who="2" m="51787" /><F76/><W41/><G116/><T112/><D112/><U1/><E1/><N who="2" m="79" /><F24/><W25/><G25/><T104/><D104/><U119/><E119/><V0/><F0/><W111/><G111/><T113/><D113/><U101/><E101/><V40/><F40/><N who="1" m="15401" /><E38/><V71/><F71/><W68/><G68/><T126/><D126/><U14/><E19/><V87/><F87/><W106/><G118/><T50/><D50/><U56/><E55/><V15/><F15/><AGARI ba="0,0" hai="9,15,16,21,22,51,54,58,98,103,105" m="47146" machi="15" ten="30,2000,0" yaku="13,1,54,1" doraHai="79" who="0" fromWho="2" sc="242,20,235,0,255,-20,268,0" /><INIT seed="2,0,0,1,0,19" ten="262,235,235,268" oya="2" hai0="17,91,81,22,74,124,39,28,98,63,113,128,32" hai1="68,38,26,18,59,130,33,126,3,4,69,6,129" hai2="72,31,61,44,125,77,80,122,64,58,50,111,135" hai3="8,104,41,15,84,21,11,87,118,119,82,47,123"/><V35/><F122/><W103/><G123/><T94/><D39/><U16/><E38/><V67/><F111/><W1/><G1/><T57/><D113/><U24/><E59/><V36/><F125/><W54/><G104/><T76/><D124/><U30/><E69/><V134/><F36/><W65/><G65/><T97/><D128/><N who="1" m="49259" /><E68/><V109/><F109/><W46/><G103/><T66/><D32/><N who="1" m="20551" /><E126/><V37/><F37/><W55/><G119/><T115/><D115/><U27/><E3/><V133/><F35/><W42/><G118/><T120/><D120/><U108/><E108/><V112/><F112/><W7/><G11/><T99/><REACH who="0" step="1"/><D28/><REACH who="0" ten="252,235,235,268" step="2"/><N who="1" m="19607" /><E27/><AGARI ba="0,1" hai="17,22,27,57,63,66,74,76,81,91,94,97,98,99" machi="27" ten="30,7700,0" yaku="1,1,7,1,52,1,53,1" doraHai="19" doraHaiUra="12" who="0" fromWho="1" sc="252,87,235,-77,235,0,268,0" /><INIT seed="3,0,0,5,5,57" ten="339,158,235,268" oya="3" hai0="58,97,39,34,20,31,83,53,105,9,70,38,117" hai1="0,29,54,26,33,60,36,24,80,87,91,122,96" hai2="68,2,46,126,5,102,51,90,62,52,10,92,81" hai3="6,78,28,43,50,82,84,21,25,73,85,37,14"/><W32/><G37/><T124/><D70/><U123/><E36/><V112/><F126/><W45/><REACH who="3" step="1"/><G21/><REACH who="3" ten="339,158,235,258" step="2"/><T89/><D124/><U71/><E0/><V101/><F112/><W67/><G67/><T69/><D20/><U93/><E26/><V41/><F81/><W134/><G134/><T115/><D83/><U40/><E40/><V129/><F129/><W88/><G88/><T49/><D115/><U76/><REACH who="1" step="1"/><E54/><REACH who="1" ten="339,148,235,258" step="2"/><V107/><F107/><W48/><G48/><T13/><D49/><U120/><E120/><V44/><F68/><W65/><G65/><AGARI ba="0,2" hai="24,29,33,60,65,71,76,80,87,91,93,96,122,123" machi="65" ten="40,2600,0" yaku="1,1,52,1,53,0" doraHai="57" doraHaiUra="106" who="1" fromWho="3" sc="339,0,148,46,235,0,258,-26" /><INIT seed="4,0,0,0,0,88" ten="339,194,235,232" oya="0" hai0="91,120,47,87,12,1,128,6,57,129,81,108,82" hai1="112,0,110,66,132,135,125,65,64,102,126,55,39" hai2="101,118,15,13,52,30,77,86,70,98,63,113,48" hai3="84,42,23,40,60,34,54,50,123,62,3,37,9"/><T68/><D68/><U58/><E0/><V104/><F113/><W134/><G34/><T89/><D120/><U76/><E102/><V90/><F118/><W18/><G123/><T36/><D1/><U131/><E76/><V114/><F114/><W16/><G134/><N who="1" m="51242" /><E112/><V59/><F77/><W46/><G3/><T116/><D116/><U92/><E92/><V97/><F97/><W80/><G9/><T53/><D108/><U95/><E95/><V79/><F79/><W133/><G133/><T49/><D12/><U22/><E22/><V106/><F30/><W51/><G18/><T69/><D6/><U103/><E103/><V28/><F28/><W11/><G11/><T74/><D74/><U111/><E39/><V45/><F70/><W121/><G121/><T124/><D69/><U109/><E131/><V73/><F106/><W7/><G7/><T32/><D32/><U127/><E110/><V93/><REACH who="2" step="1"/><F73/><REACH who="2" ten="339,194,225,232" step="2"/><W99/><G99/><T29/><D29/><U94/><E94/><V100/><F100/><W130/><G130/><T19/><D129/><U119/><E119/><V24/><F24/><N who="3" m="14439" /><G37/><T78/><D36/><U41/><E41/><AGARI ba="0,1" hai="13,15,41,45,48,52,59,63,86,90,93,98,101,104" machi="41" ten="30,12000,2" yaku="1,1,7,1,52,1,54,1,53,2" doraHai="88" doraHaiUra="10" who="2" fromWho="1" sc="339,0,194,-120,225,130,232,0" /><INIT seed="5,0,0,4,2,127" ten="339,74,355,232" oya="1" hai0="42,122,46,87,27,17,77,57,68,60,2,94,40" hai1="124,118,117,49,30,111,23,116,78,56,82,109,32" hai2="22,85,8,106,93,97,20,76,73,44,115,36,41" hai3="39,14,34,112,64,58,74,121,70,1,79,3,69"/><U113/><E32/><V37/><F115/><W61/><G14/><T9/><D68/><U99/><E99/><V33/><F33/><W96/><G58/><T81/><D122/><U114/><E49/><V132/><F132/><W135/><G70/><T50/><D2/><U21/><E56/><V119/><F119/><N who="1" m="30465" /><U4/><DORA hai="53" /><E4/><V103/><F36/><W6/><G96/><T15/><D27/><U86/><E30/><V12/><F73/><W105/><G34/><T28/><D28/><U66/><E66/><V90/><REACH who="2" step="1"/><F76/><REACH who="2" ten="339,74,345,232" step="2"/><W45/><G79/><T63/><D42/><U54/><E124/><V67/><F67/><W92/><G64/><T35/><D35/><U26/><E26/><V131/><F131/><W80/><G74/><T104/><D104/><U51/><E23/><V19/><AGARI ba="0,1" hai="8,12,19,20,22,37,41,44,85,90,93,97,103,106" machi="19" ten="20,12000,2" yaku="1,1,0,1,7,1,53,3" doraHai="127,53" doraHaiUra="91,16" who="2" fromWho="2" sc="339,-30,74,-60,345,130,232,-30" /><INIT seed="6,0,0,1,3,91" ten="309,14,475,202" oya="2" hai0="75,121,27,59,49,84,61,105,135,132,112,120,103" hai1="7,47,118,98,42,80,77,99,58,130,101,8,76" hai2="53,100,64,50,97,83,82,34,113,74,23,126,16" hai3="93,78,123,46,41,106,88,22,6,12,109,51,110"/><V72/><F34/><W39/><G123/><T35/><D75/><U85/><E77/><V38/><F38/><W128/><G106/><T127/><D49/><U95/><E130/><V28/><F28/><W11/><G128/><T13/><D13/><U37/><E118/><V115/><F126/><W1/><G78/><T57/><D127/><U62/><E99/><V116/><F64/><W32/><G32/><T129/><D84/><U68/><E68/><V69/><F69/><W10/><G22/><T87/><D87/><U26/><E26/><N who="2" m="14695" /><F116/><W29/><G29/><T21/><D35/><U14/><E37/><V71/><F71/><W81/><G81/><T31/><D129/><U44/><REACH who="1" step="1"/><E42/><REACH who="1" ten="309,4,475,202" step="2"/><V45/><F74/><W94/><G39/><T122/><D121/><U56/><E56/><V9/><F72/><W18/><REACH who="3" step="1"/><G94/><REACH who="3" ten="309,4,475,192" step="2"/><T86/><D120/><U52/><AGARI ba="0,2" hai="7,8,14,44,47,52,58,62,76,80,85,95,98,101" machi="52" ten="20,12000,2" yaku="1,1,0,1,7,1,8,1,52,1,54,1,53,1" doraHai="91" doraHaiUra="55" who="1" fromWho="1" sc="309,-30,4,140,475,-60,192,-30" /><INIT seed="7,0,0,4,3,31" ten="279,144,415,162" oya="3" hai0="129,35,70,21,19,49,110,34,57,4,42,111,131" hai1="14,114,38,80,113,125,103,13,76,124,130,30,107" hai2="25,67,8,5,134,9,98,43,88,121,82,87,74" hai3="47,97,20,106,10,0,58,71,39,50,27,16,92"/><W60/><G106/><T64/><D70/><U102/><E38/><V61/><F74/><W44/><G71/><T33/><D64/><U84/><E30/><V81/><F134/><W128/><G128/><N who="0" m="49227" /><D57/><U59/><E130/><V135/><F135/><W1/><G39/><T7/><D49/><U85/><E59/><N who="2" m="37311" /><F121/><W119/><G119/><T29/><D29/><U75/><E14/><N who="2" m="5391" /><F43/><W15/><G0/><T83/><D42/><U127/><E13/><V56/><F56/><W133/><G1/><T37/><D83/><U22/><E22/><V11/><F98/><W23/><G133/><T101/><D101/><N who="1" m="38411" /><E107/><V69/><F69/><W63/><G60/><T93/><D93/><U99/><E99/><V123/><F123/><W108/><G108/><N who="0" m="41515" /><D37/><U3/><E3/><V55/><F55/><N who="3" m="34271" /><G50/><T51/><D51/><U48/><E48/><V41/><F41/><W62/><G62/><T96/><D96/><U77/><E77/><V122/><F122/><W2/><G2/><T90/><D90/><U54/><E54/><V120/><F120/><W46/><G27/><T117/><D117/><U68/><E68/><V52/><F25/><AGARI ba="0,0" hai="4,7,19,21,25,33,34,35" m="41515,49227" machi="25" ten="40,12000,2" yaku="19,1,34,2,52,3" doraHai="31" who="0" fromWho="2" sc="279,120,144,0,415,-120,162,0" owari="399,50.0,144,-36.0,295,10.0,162,-24.0" /></mjloggm>