<mjloggm ver="2.3"><GO type="225" lobby="0"/><UN n0="%53%59%56%26%53%59%53" n1="%E5%B0%B1%E6%B4%BB%E7%94%9F%40%E5%B7%9D%E6%9D%91%E8%BB%8D%E5%9B%A3" n2="%73%61%72%61%6B" n3="%65%EF%BC%BE%63%5F%2C%EF%BC%BE%64" dan="17,17,16,16" rate="2180.31,2101.00,2150.61,2079.33" sx="F,M,M,M"/><TAIKYOKU oya="0"/><INIT seed="0,0,0,5,3,20" ten="250,250,250,250" oya="0" hai0="87,24,34,94,49,57,19,135,50,83,35,40,69" hai1="68,106,56,81,89,26,86,104,134,25,6,67,73" hai2="47,88,14,4,131,108,116,129,0,55,54,112,3" hai3="90,118,48,119,36,126,103,44,30,23,123,128,93"/><T27/><D69/><U95/><E68/><V120/><F112/><W64/><G36/><T77/><D135/><U92/><E134/><V79/><F120/><W59/><G123/><T114/><D114/><U113/><E113/><V7/><F79/><W45/><G126/><T124/><D124/><U16/><E6/><N who="2" m="2091" /><F14/><W8/><G128/><N who="2" m="49225" /><F108/><W31/><G8/><T85/><D34/><U122/><E122/><V65/><F65/><W101/><G118/><T12/><D35/><U75/><E75/><V37/><F116/><W17/><G119/><T63/><D94/><N who="1" m="35883" /><E73/><V111/><F111/><W15/><G103/><T130/><D130/><U43/><E43/><N who="2" m="23023" /><F88/><W13/><G13/><T33/><D87/><U71/><E71/><V80/><F80/><W70/><G70/><T22/><D33/><U58/><E106/><V38/><F38/><W10/><G101/><T107/><D107/><U96/><E104/><V78/><F78/><W133/><G133/><T99/><D99/><U28/><E96/><V46/><F46/><N who="3" m="18027" /><G10/><T42/><D42/><U117/><E117/><V1/><AGARI ba="0,0" hai="0,1,3,54,55" m="23023,49225,2091" machi="1" ten="40,1500,0" yaku="19,1" doraHai="20" who="2" fromWho="2" sc="250,-7,250,-4,250,15,250,-4" /><INIT seed="1,0,0,2,4,5" ten="243,246,265,246" oya="1" hai0="75,12,127,32,89,39,37,88,26,135,6,65,129" hai1="18,73,93,72,87,98,53,101,4,104,10,33,66" hai2="35,114,131,20,124,117,16,132,125,133,47,97,21" hai3="103,15,25,46,77,56,84,116,85,74,54,49,34"/><U121/><E121/><V100/><F117/><W43/><G116/><T106/><D106/><U123/><E33/><V71/><F71/><W41/><G103/><T110/><D75/><U58/><E123/><V107/><F35/><W29/><G74/><T81/><D65/><U0/><E66/><V50/><F114/><W83/><G84/><N who="0" m="50191" /><D89/><U94/><E18/><V95/><F107/><W82/><G82/><T128/><D110/><U78/><E104/><V119/><F119/><W19/><REACH who="3" step="1"/><G46/><REACH who="3" ten="243,246,265,236" step="2"/><T90/><D127/><N who="2" m="48714" /><F131/><W134/><G134/><N who="2" m="51817" /><F16/><W96/><G96/><T2/><D135/><U44/><E44/><V13/><F13/><W3/><G3/><T57/><D2/><U14/><E0/><V67/><F67/><W109/><G109/><T8/><D129/><U48/><REACH who="1" step="1"/><E94/><REACH who="1" ten="243,236,265,236" step="2"/><V52/><AGARI ba="0,2" hai="20,21,47,50,52,95,97,100" m="51817,48714" machi="52" ten="30,4000,0" yaku="18,1,20,1,54,1" doraHai="5" who="2" fromWho="2" sc="243,-10,236,-20,265,60,236,-10" /><INIT seed="2,0,0,0,3,38" ten="233,216,325,226" oya="2" hai0="40,49,28,47,65,75,90,20,33,135,13,46,128" hai1="115,66,77,129,57,52,34,79,125,69,7,133,12" hai2="1,109,19,44,9,62,32,58,119,15,100,56,114" hai3="80,94,53,104,113,43,84,4,72,16,50,63,36"/><V48/><F119/><W31/><G104/><T112/><D112/><U14/><E34/><V132/><F114/><W74/><G113/><T103/><D75/><U51/><E115/><V131/><F132/><W67/><G31/><T24/><D135/><U88/><E133/><V78/><F131/><W10/><G94/><T123/><D123/><U23/><E129/><V130/><F130/><W55/><G36/><T60/><D103/><U96/><E125/><V118/><F118/><W83/><G74/><T3/><D3/><U54/><E69/><V35/><F1/><W92/><G72/><T95/><D128/><U97/><E66/><V8/><F8/><W37/><G37/><T68/><D46/><N who="1" m="27767" /><E23/><V126/><F58/><N who="3" m="37367" /><G4/><T105/><D105/><U81/><E96/><V108/><F126/><W27/><G92/><T41/><D13/><N who="1" m="5227" /><E7/><V5/><F5/><W111/><G10/><T99/><D33/><U124/><E124/><V98/><F35/><W127/><G127/><T116/><D116/><U17/><E17/><V89/><F32/><W26/><G26/><T39/><D39/><U21/><E21/><V29/><F29/><W73/><G73/><T30/><D28/><U101/><E101/><V107/><F19/><W117/><G117/><T120/><D120/><U102/><E102/><V87/><F9/><W121/><G121/><T93/><D95/><N who="1" m="56551" /><E81/><V76/><F15/><W91/><G83/><T71/><D68/><U70/><E70/><V134/><F134/><W64/><G80/><T110/><D110/><N who="2" m="42602" /><F107/><W22/><G111/><T6/><D6/><U18/><E18/><RYUUKYOKU ba="0,0" sc="233,15,216,15,325,-15,226,-15" hai0="20,24,30,40,41,47,49,60,65,71,90,93,99" hai1="54,57,77,79" /><INIT seed="3,1,0,4,4,130" ten="248,231,310,211" oya="3" hai0="83,94,63,109,56,8,61,77,113,116,93,123,44" hai1="72,133,42,126,19,31,87,92,12,96,73,37,112" hai2="124,52,85,39,76,53,89,121,50,18,25,14,135" hai3="95,10,11,0,134,78,111,100,27,108,54,7,35"/><W80/><G54/><T114/><D116/><U68/><E112/><N who="0" m="43113" /><D109/><N who="3" m="42057" /><G11/><T79/><D123/><U104/><E68/><V9/><F39/><W74/><G100/><T125/><D125/><U118/><E133/><V5/><F135/><W132/><G95/><N who="0" m="36363" /><D44/><U105/><E104/><V131/><F131/><W24/><G24/><T43/><D43/><U106/><E105/><V45/><F124/><W55/><G55/><N who="0" m="33951" /><D83/><U58/><E106/><V46/><F121/><W117/><G117/><T67/><D8/><U16/><E42/><V33/><F53/><W91/><G91/><T82/><D82/><U26/><E126/><V2/><F46/><W127/><G127/><T65/><D65/><U59/><E118/><V88/><F89/><W60/><G60/><T66/><D66/><U103/><E37/><V122/><F88/><W1/><G1/><T129/><D129/><U120/><E120/><V32/><F122/><W38/><G38/><T47/><D47/><U49/><E49/><V102/><F52/><W64/><G64/><T28/><D28/><AGARI ba="1,0" hai="0,7,10,27,28,35,74,78,80,132,134" m="42057" machi="28" ten="30,12000,1" yaku="14,1,10,1,23,1,52,2" doraHai="130" who="3" fromWho="0" sc="248,-123,231,0,310,0,211,123" owari="125,-37.0,231,-17.0,310,11.0,334,43.0" /></mjloggm>