<mjloggm ver="2.3"><GO type="225" lobby="0"/><UN n0="%E3%83%88%E3%83%88%E3%83%AA%E5%85%88%E7%94%9F%31%39%E6%AD%B3" n1="%E5%9F%BC%E4%BA%AC%E7%B7%9A" n2="%E4%BC%9D%E8%AA%AC%E3%81%AE%E3%81%B2%E3%82%88%E3%81%93" n3="%E3%81%8B%E3%81%A3%E3%81%B1%E3%83%BC" dan="17,17,16,16" rate="2120.56,2132.58,2143.25,2013.93" sx="F,M,F,M"/><TAIKYOKU oya="0"/><INIT seed="0,0,0,2,2,52" ten="250,250,250,250" oya="0" hai0="67,106,111,105,54,90,11,132,62,6,120,3,14" hai1="15,93,18,48,121,118,98,56,25,19,88,113,107" hai2="122,66,78,94,36,80,34,131,40,16,58,97,63" hai3="81,5,95,51,57,110,55,9,30,29,12,21,117"/><T53/><D120/><U60/><E118/><V116/><F122/><W112/><G112/><T82/><D132/><U27/><E121/><V20/><F34/><W61/><G117/><T77/><D111/><U38/><E38/><V125/><F116/><W135/><G135/><T91/><D3/><U109/><E109/><V96/><F131/><W4/><G4/><T26/><D26/><U115/><E107/><V86/><F125/><W2/><G110/><T49/><D53/><N who="1" m="33807" /><E48/><V100/><F96/><W127/><G127/><T104/><D62/><U64/><E64/><V102/><F36/><W85/><G61/><T46/><REACH who="0" step="1"/><D67/><REACH who="0" ten="240,250,250,250" step="2"/><U50/><E27/><N who="2" m="14727" /><F40/><W76/><G2/><T73/><AGARI ba="0,1" hai="6,11,14,46,49,54,73,77,82,90,91,104,105,106" machi="73" ten="30,3000,0" yaku="1,1,0,1,53,0" doraHai="52" doraHaiUra="69" who="0" fromWho="0" sc="240,40,250,-10,250,-10,250,-10" /><INIT seed="0,1,0,3,5,112" ten="280,240,240,240" oya="0" hai0="133,22,46,81,97,48,60,68,126,12,57,14,63" hai1="114,32,108,87,41,109,75,31,99,53,131,30,125" hai2="121,71,106,118,4,110,3,128,80,8,43,85,94" hai3="9,23,92,56,37,72,16,25,86,74,67,27,11"/><T13/><D133/><U127/><E75/><V65/><F121/><W18/><G37/><T38/><D38/><U2/><E41/><V26/><F106/><W6/><G9/><T113/><D113/><U135/><E114/><V77/><F110/><W49/><G18/><T76/><D126/><U17/><E87/><V129/><F43/><W79/><G27/><T134/><D134/><U130/><E135/><V69/><F26/><W21/><G21/><T45/><D97/><U95/><E53/><V107/><F107/><W90/><G79/><T66/><D22/><U96/><E2/><V116/><F94/><W104/><G104/><T123/><D123/><U62/><E62/><N who="2" m="40119" /><F71/><W28/><G28/><N who="1" m="10794" /><E32/><V47/><F47/><W117/><G74/><T51/><D46/><U120/><E120/><V61/><F61/><W124/><G124/><N who="1" m="47690" /><E17/><V36/><F36/><W132/><G72/><T115/><D115/><U88/><E99/><V10/><F10/><W7/><G132/><T100/><D45/><U1/><E1/><V89/><F77/><W84/><G84/><T29/><D29/><U54/><E54/><V0/><F0/><W55/><G67/><N who="0" m="41063" /><D51/><U91/><E91/><V101/><F101/><W102/><G102/><T5/><D48/><U78/><E78/><V35/><F35/><W33/><G33/><T50/><D50/><U93/><E93/><V59/><F59/><W52/><G55/><T44/><D44/><U111/><AGARI ba="1,0" hai="88,95,96,108,109,111,130,131" m="47690,10794" machi="111" ten="40,5200,0" yaku="14,1,18,1,54,1" doraHai="112" who="1" fromWho="1" sc="280,-27,240,55,240,-14,240,-14" /><INIT seed="1,0,0,0,4,82" ten="253,295,226,226" oya="1" hai0="79,19,106,112,33,44,81,1,42,122,58,20,99" hai1="55,11,31,41,70,77,61,92,65,59,14,133,123" hai2="93,75,50,98,36,26,111,80,5,15,90,54,29" hai3="107,39,86,127,71,87,78,17,73,34,63,0,134"/><U95/><E123/><V40/><F111/><W101/><G39/><T128/><D33/><U67/><E133/><V110/><F110/><W18/><G0/><T114/><D1/><U53/><E31/><V57/><F36/><W109/><G34/><T21/><D122/><U30/><E30/><V2/><F2/><W116/><G109/><T25/><D128/><U38/><E67/><V4/><F40/><W37/><G37/><T10/><D10/><U115/><E115/><V104/><F15/><W118/><G127/><T120/><D120/><U69/><E69/><V130/><F130/><W3/><G3/><T8/><D8/><U97/><E77/><V13/><F13/><W56/><G71/><T66/><D21/><U100/><E70/><V22/><F104/><W84/><G134/><T85/><D99/><U119/><E119/><N who="3" m="45610" /><G107/><T52/><D66/><U60/><E60/><V7/><F75/><W102/><G78/><T64/><D64/><U46/><REACH who="1" step="1"/><E92/><REACH who="1" ten="253,285,226,226" step="2"/><V28/><F29/><W83/><G83/><AGARI ba="0,1" hai="4,5,7,22,26,28,50,54,57,80,83,90,93,98" machi="83" ten="40,1300,0" yaku="8,1" doraHai="82" who="2" fromWho="3" sc="253,0,285,0,226,23,226,-13" /><INIT seed="2,0,0,2,3,49" ten="253,285,249,213" oya="2" hai0="103,5,70,16,53,12,67,65,22,71,38,31,68" hai1="0,109,129,85,89,26,104,35,86,20,50,11,76" hai2="131,93,60,87,17,113,62,120,115,30,121,95,4" hai3="97,107,37,126,77,54,101,25,82,112,119,125,19"/><V58/><F4/><W44/><G119/><T110/><D38/><U135/><E104/><V39/><F30/><W134/><G134/><T48/><D110/><U56/><E109/><V92/><F39/><W63/><G112/><N who="2" m="43081" /><F87/><W14/><G25/><T51/><D51/><U18/><E135/><V2/><F58/><W116/><G116/><T69/><N who="0" m="17408" /><DORA hai="75" /><T106/><D5/><U6/><E76/><V40/><F17/><W8/><G37/><T47/><REACH who="0" step="1"/><D31/><REACH who="0" ten="243,285,249,213" step="2"/><U124/><E50/><V52/><F120/><W114/><G114/><T55/><D55/><U105/><E6/><V36/><F121/><W73/><REACH who="3" step="1"/><G44/><REACH who="3" ten="243,285,249,203" step="2"/><T24/><D24/><U21/><E26/><V27/><F27/><W118/><G118/><T74/><D74/><U133/><E133/><V79/><F36/><W15/><G15/><T32/><D32/><U96/><E35/><V57/><F2/><W29/><G29/><T41/><D41/><U108/><E0/><V117/><F40/><W94/><G94/><T98/><AGARI ba="0,2" hai="12,16,22,47,48,53,65,67,98,103,106" m="17408" machi="98" ten="60,8000,1" yaku="1,1,0,1,52,1,54,1,53,1" doraHai="49,75" doraHaiUra="127,43" who="0" fromWho="0" sc="243,100,285,-20,249,-40,203,-20" /><INIT seed="3,0,0,2,0,77" ten="343,265,209,183" oya="3" hai0="54,67,61,59,135,103,127,134,62,36,126,49,43" hai1="89,93,90,120,75,16,97,53,74,15,129,94,87" hai2="107,8,9,78,117,20,19,28,14,76,2,106,25" hai3="17,124,98,6,82,18,60,95,128,52,84,125,64"/><W32/><G32/><T66/><D103/><U23/><E120/><V58/><F117/><W80/><G128/><T123/><D123/><U13/><E129/><V79/><REACH who="2" step="1"/><F58/><REACH who="2" ten="343,265,199,183" step="2"/><N who="3" m="34887" /><G64/><N who="0" m="24619" /><D36/><U30/><E30/><V115/><F115/><W88/><G6/><AGARI ba="0,1" hai="2,6,8,9,14,19,20,25,28,76,78,79,106,107" machi="6" ten="40,1300,0" yaku="1,1,53,0" doraHai="77" doraHaiUra="56" who="2" fromWho="3" sc="343,0,265,0,199,23,183,-13" owari="343,44.0,265,7.0,222,-18.0,170,-33.0" /></mjloggm>