<mjloggm ver="2.3"><GO type="225" lobby="0"/><UN n0="%E6%9C%88%E5%AE%AE%E5%88%B9%E9%82%A3" n1="%3A%63%6F%63%75%61%3A" n2="%53%48%49%53%55%4B%45" n3="%E3%83%88%E3%83%88%E3%83%AA%E5%85%88%E7%94%9F%31%39%E6%AD%B3" dan="16,16,16,18" rate="2109.42,2098.36,2133.20,2269.43" sx="M,M,M,F"/><TAIKYOKU oya="0"/><INIT seed="0,0,0,3,2,28" ten="250,250,250,250" oya="0" hai0="104,118,127,85,7,86,74,75,117,20,0,13,29" hai1="55,123,14,33,56,131,49,72,31,73,80,22,60" hai2="78,66,70,79,94,6,115,48,99,54,45,25,27" hai3="37,46,113,51,126,92,21,134,107,95,76,108,101"/><T119/><D104/><U103/><E123/><V98/><F115/><W97/><G113/><T67/><D127/><U96/><E131/><V2/><F2/><W43/><G126/><T24/><D67/><U34/><E73/><V81/><F6/><W68/><G68/><T16/><D74/><U53/><E72/><V116/><F116/><W130/><G130/><T84/><D75/><U132/><E80/><V17/><F70/><W100/><G108/><T90/><D0/><U110/><E110/><V47/><F66/><W57/><G107/><T64/><D64/><U83/><E83/><V82/><F17/><W128/><G128/><T26/><D7/><U89/><E89/><V3/><F3/><W87/><G134/><T19/><D90/><U62/><E132/><V91/><F99/><N who="3" m="59495" /><G37/><T114/><D114/><U18/><E31/><V106/><F106/><W11/><G11/><T5/><REACH who="0" step="1"/><D26/><REACH who="0" ten="240,250,250,250" step="2"/><N who="2" m="9738" /><F79/><W23/><G76/><T36/><D36/><U10/><E103/><V44/><F78/><W109/><G109/><T112/><D112/><U88/><E88/><V59/><AGARI ba="0,1" hai="44,45,47,48,54,59,81,82,91,94,98" m="9738" machi="59" ten="30,1100,0" yaku="8,1" doraHai="28" who="2" fromWho="2" sc="240,-5,250,-3,250,21,250,-3" /><INIT seed="1,0,0,1,4,122" ten="235,247,271,247" oya="1" hai0="27,128,53,10,50,74,77,14,32,94,107,95,7" hai1="79,8,34,100,64,114,108,63,106,35,115,42,23" hai2="123,120,71,89,103,24,133,46,41,101,17,82,109" hai3="45,12,2,68,125,90,69,11,38,21,98,93,16"/><U118/><E118/><V15/><F71/><W117/><G117/><T99/><D128/><U18/><E79/><V134/><F103/><W65/><G125/><T130/><D130/><U51/><E8/><V126/><F101/><W60/><G68/><T6/><D107/><U78/><E78/><V59/><F126/><W72/><G72/><T5/><D32/><U70/><E42/><V135/><F24/><W97/><G38/><T56/><D27/><U26/><E51/><N who="2" m="27087" /><F59/><W28/><G45/><T30/><D30/><N who="1" m="19799" /><E35/><V86/><F109/><W58/><G69/><T9/><D9/><AGARI ba="0,0" hai="9,15,17,82,86,89,120,123,133,134,135" m="27087" machi="9" ten="30,1000,0" yaku="20,1" doraHai="122" who="2" fromWho="0" sc="235,-10,247,0,271,10,247,0" /><INIT seed="2,0,0,1,0,63" ten="225,247,281,247" oya="2" hai0="28,19,23,84,70,81,2,5,55,101,51,83,109" hai1="94,112,62,9,107,114,11,90,34,100,33,135,95" hai2="80,78,0,24,97,7,74,45,111,96,98,21,67" hai3="86,89,66,115,76,99,124,121,87,123,6,113,116"/><V75/><F111/><W68/><G6/><T65/><D101/><U130/><E107/><V38/><F75/><W64/><G68/><T31/><D109/><U122/><E135/><V118/><F118/><W56/><G116/><T26/><D2/><U88/><E62/><V22/><F22/><W1/><G1/><T44/><D5/><U47/><E47/><V37/><F45/><W18/><G124/><T10/><D10/><U117/><E100/><V20/><F20/><W13/><G56/><T17/><D28/><U46/><E46/><V29/><REACH who="2" step="1"/><F67/><REACH who="2" ten="225,247,271,247" step="2"/><N who="3" m="25643" /><G123/><T131/><D65/><U35/><E117/><V73/><F73/><W129/><G121/><T91/><D70/><U77/><E35/><V110/><F110/><W52/><G115/><T69/><D69/><U59/><E34/><V12/><F12/><W16/><G113/><T4/><D131/><U108/><E130/><V25/><F25/><W105/><G129/><T106/><D4/><U92/><E33/><V50/><F50/><W72/><G72/><T43/><D17/><U57/><E108/><V41/><F41/><W119/><G119/><T82/><D31/><U42/><E42/><V8/><AGARI ba="0,1" hai="0,7,8,21,24,29,37,38,74,78,80,96,97,98" machi="8" ten="30,3000,0" yaku="1,1,0,1,53,0" doraHai="63" doraHaiUra="126" who="2" fromWho="2" sc="225,-10,247,-10,271,40,247,-10" /><INIT seed="2,1,0,5,4,2" ten="215,237,311,237" oya="2" hai0="95,12,18,76,62,4,35,58,22,60,45,103,3" hai1="101,54,113,20,39,33,6,83,86,11,117,49,99" hai2="53,120,127,119,23,118,112,134,121,29,68,88,37" hai3="73,129,26,92,0,125,105,79,59,114,52,1,84"/><V89/><F68/><W51/><G105/><T107/><D107/><U66/><E33/><V87/><F37/><W55/><G129/><T32/><D76/><U21/><E39/><V94/><F29/><W132/><G132/><T82/><D82/><U67/><E113/><V27/><F27/><W7/><G114/><T104/><D104/><U64/><E117/><N who="2" m="44555" /><F53/><W75/><G125/><T124/><D124/><U38/><E38/><V72/><F23/><W70/><G70/><T98/><D45/><U31/><E31/><V85/><F112/><W14/><G26/><T74/><D74/><U77/><E101/><V80/><F127/><W56/><G14/><T97/><D97/><U111/><E111/><V122/><F72/><W116/><G116/><T9/><REACH who="0" step="1"/><D62/><REACH who="0" ten="205,237,311,237" step="2"/><U96/><E96/><V90/><F134/><W126/><G126/><T57/><D57/><N who="1" m="32975" /><E99/><V25/><F80/><W8/><G75/><T48/><D48/><U93/><E93/><V28/><F94/><W19/><G73/><T34/><D34/><U36/><E36/><V16/><F121/><W128/><G92/><T91/><D91/><U130/><E130/><V63/><F122/><W61/><G128/><T15/><D15/><AGARI ba="1,1" hai="6,11,15,20,21,64,66,67,77,83,86" m="32975" machi="15" ten="30,2000,0" yaku="8,1,52,1" doraHai="2" who="1" fromWho="0" sc="205,-23,237,33,311,0,237,0" /><INIT seed="3,0,0,4,3,62" ten="182,270,311,237" oya="3" hai0="123,33,73,96,83,27,102,120,6,72,12,122,87" hai1="1,15,37,54,114,40,31,125,2,108,52,113,109" hai2="130,58,48,19,53,95,66,93,29,119,64,5,41" hai3="36,100,128,126,75,127,56,133,67,61,116,91,39"/><W30/><G116/><T129/><D129/><U11/><E125/><N who="3" m="47626" /><G75/><T107/><D33/><U7/><E31/><V132/><F130/><W46/><G128/><T3/><D27/><U82/><E82/><V98/><F132/><W17/><G133/><T8/><REACH who="0" step="1"/><D3/><REACH who="0" ten="172,270,311,237" step="2"/><U65/><E1/><V57/><F119/><W23/><G30/><T86/><D86/><U124/><E2/><V45/><F29/><W77/><G77/><AGARI ba="0,1" hai="6,8,12,72,73,77,83,87,96,102,107,120,122,123" machi="77" ten="40,1300,0" yaku="1,1,53,0" doraHai="62" doraHaiUra="26" who="0" fromWho="3" sc="172,23,270,0,311,0,237,-13" owari="195,-30.0,270,7.0,311,41.0,224,-18.0" /></mjloggm>