<mjloggm ver="2.3"><GO type="225" lobby="0"/><UN n0="%67%61%72%75%63%69%61" n1="%E3%83%A1%E3%82%AC%E3%83%8D%E3%81%8F%E3%82%93" n2="%E3%83%88%E3%83%88%E3%83%AA%E5%85%88%E7%94%9F%31%39%E6%AD%B3" n3="%6C%61%6B%75%63%68%69" dan="16,17,17,17" rate="2102.97,2130.52,2268.70,2183.07" sx="M,M,F,M"/><TAIKYOKU oya="0"/><INIT seed="0,0,0,5,2,81" ten="250,250,250,250" oya="0" hai0="37,36,99,45,122,30,103,28,107,38,33,102,127" hai1="91,78,16,13,124,82,59,17,84,67,43,7,66" hai2="42,68,89,116,118,92,3,70,119,22,63,40,125" hai3="1,104,27,133,32,80,71,72,19,60,130,53,10"/><T31/><D122/><U123/><E123/><V109/><F3/><W88/><G104/><T121/><D121/><U46/><E124/><V12/><F125/><W44/><G130/><T29/><D127/><U97/><E7/><V108/><F12/><N who="3" m="7575" /><G1/><T105/><N who="0" m="7168" /><DORA hai="47" /><T98/><REACH who="0" step="1"/><D45/><REACH who="0" ten="240,250,250,250" step="2"/><U73/><E46/><V135/><F119/><W35/><G44/><T65/><D65/><U26/><E43/><V117/><F40/><W62/><G35/><AGARI ba="0,1" hai="33,35,36,37,38,98,99,102,103,105,107" m="7168" machi="35" ten="60,5800,0" yaku="1,1,9,1,53,0" doraHai="81,47" doraHaiUra="132,129" who="0" fromWho="3" sc="240,68,250,0,250,0,250,-58" /><INIT seed="0,1,0,5,5,109" ten="308,250,250,192" oya="0" hai0="10,19,87,135,75,80,21,24,7,122,89,84,67" hai1="35,110,126,9,37,55,119,20,95,131,34,0,22" hai2="112,54,62,91,2,25,38,53,42,94,6,4,108" hai3="13,114,81,43,8,129,90,49,130,66,69,123,106"/><T41/><D122/><U117/><E37/><V33/><F108/><W40/><G123/><T132/><D75/><U3/><E110/><V92/><F112/><W30/><G106/><T97/><D67/><U31/><E55/><V133/><F133/><N who="0" m="51274" /><D41/><U57/><E57/><V15/><F2/><N who="1" m="553" /><E95/><V101/><F15/><W127/><G30/><T113/><D113/><U120/><E120/><V26/><F33/><N who="1" m="12297" /><E131/><V70/><F42/><W23/><G114/><T50/><D50/><U72/><E72/><V74/><F74/><W64/><G49/><T14/><D87/><U118/><E126/><V45/><F38/><W85/><G127/><T39/><D97/><U125/><E125/><V78/><F62/><W11/><G69/><T105/><D39/><U61/><E61/><V60/><F60/><W65/><G130/><T134/><D134/><U32/><E9/><N who="3" m="3658" /><G129/><T124/><D124/><U77/><E77/><V27/><F78/><W5/><G5/><N who="2" m="2153" /><F70/><W68/><G68/><T73/><D73/><U79/><E79/><V28/><F45/><W116/><G116/><T115/><D115/><U76/><E76/><V29/><F54/><W103/><G103/><T96/><D96/><U102/><E102/><V71/><F53/><W107/><G107/><AGARI ba="1,0" hai="7,10,14,19,21,24,80,84,89,105,107" m="51274" machi="107" ten="30,1500,0" yaku="20,1" doraHai="109" who="0" fromWho="3" sc="308,18,250,0,250,0,192,-18" /><INIT seed="0,2,0,0,2,91" ten="326,250,250,174" oya="0" hai0="22,57,36,87,94,115,86,60,84,35,24,11,101" hai1="51,55,117,82,29,102,0,15,19,108,5,103,53" hai2="106,42,73,85,70,9,65,17,93,25,124,110,127" hai3="121,4,118,129,119,76,58,104,3,74,123,20,47"/><T98/><D35/><U16/><E117/><V66/><F106/><W23/><G104/><T12/><D36/><U37/><E37/><V125/><F73/><W90/><G47/><T133/><D115/><U105/><E0/><V46/><F110/><W78/><G58/><T45/><D45/><U75/><E29/><V7/><F70/><W97/><G129/><T111/><D111/><U131/><E131/><V83/><F17/><W100/><G3/><T92/><D133/><U27/><E105/><V112/><F25/><W1/><G100/><N who="1" m="38442" /><E75/><V120/><F120/><N who="3" m="46155" /><G4/><N who="0" m="3175" /><D98/><U61/><E82/><V79/><F112/><W43/><G1/><T2/><D101/><U52/><E61/><V31/><F31/><W18/><G43/><T128/><D2/><U132/><E132/><V28/><F28/><W68/><G68/><T62/><D128/><U116/><E116/><N who="3" m="44586" /><G74/><T63/><D57/><U10/><E108/><V126/><F126/><W122/><N who="3" m="46163" /><W6/><DORA hai="89" /><G6/><T77/><D77/><N who="3" m="29801" /><G18/><AGARI ba="2,0" hai="18,22,24,60,62,63,84,86,87,92,94" m="3175" machi="18" ten="30,12000,1" yaku="8,1,52,4" doraHai="91,89" who="0" fromWho="3" sc="326,126,250,0,250,0,174,-126" /><INIT seed="0,3,0,0,4,96" ten="452,250,250,48" oya="0" hai0="57,77,7,33,86,60,24,122,87,127,14,68,102" hai1="55,5,10,51,83,1,36,67,6,82,4,101,112" hai2="100,28,56,17,129,88,44,49,35,115,110,118,120" hai3="134,107,111,85,114,63,75,22,19,66,98,25,123"/><T97/><D68/><U52/><E36/><V54/><F115/><W131/><G75/><T43/><D122/><U94/><E112/><V80/><F120/><W121/><G114/><T105/><D127/><U29/><E29/><V109/><F129/><W99/><G131/><T135/><D135/><U91/><E67/><V9/><F118/><W84/><G134/><T76/><D43/><U106/><E106/><V8/><F100/><W41/><G111/><N who="2" m="42505" /><F28/><W90/><G41/><T95/><D33/><U65/><E65/><V62/><F35/><W46/><G46/><T21/><D105/><U124/><E124/><V0/><F0/><W93/><G99/><T23/><D23/><U39/><E39/><V20/><F80/><N who="1" m="30761" /><E1/><V64/><F88/><W58/><REACH who="3" step="1"/><G85/><REACH who="3" ten="452,250,250,38" step="2"/><T117/><D117/><U15/><E4/><V119/><F119/><W116/><G116/><T31/><D86/><U126/><E5/><V2/><F2/><W50/><G50/><T113/><D87/><U132/><E126/><V12/><AGARI ba="3,1" hai="8,9,12,17,20,44,49,54,56,62,64" m="42505" machi="12" ten="30,1100,0" yaku="14,1" doraHai="96" who="2" fromWho="2" sc="452,-8,250,-6,250,30,38,-6" /><INIT seed="1,0,0,4,0,27" ten="444,244,280,32" oya="1" hai0="85,48,3,32,18,122,109,49,124,91,84,108,113" hai1="46,16,55,76,44,110,10,86,0,130,102,57,120" hai2="39,15,69,71,135,37,92,50,89,30,24,66,8" hai3="106,56,45,9,90,1,80,36,96,47,115,42,111"/><U14/><E120/><V53/><F135/><W119/><G115/><T28/><D113/><U93/><E0/><V41/><F41/><W74/><G111/><N who="0" m="42571" /><D3/><U26/><E110/><V131/><F131/><W133/><G133/><T5/><D5/><U51/><E130/><V52/><F53/><W17/><G119/><T34/><D122/><U121/><E121/><V117/><F117/><W81/><G47/><T125/><D18/><U75/><E75/><V29/><F39/><W2/><G56/><T107/><D107/><U40/><E26/><V20/><F37/><W94/><G106/><T63/><D63/><U59/><E102/><V99/><F66/><W88/><G90/><T31/><D49/><N who="1" m="29111" /><E93/><V98/><F98/><W60/><G60/><T54/><D34/><U79/><E79/><V118/><F118/><W62/><G62/><T114/><D32/><U129/><E129/><V6/><REACH who="2" step="1"/><F29/><REACH who="2" ten="444,244,270,32" step="2"/><W13/><REACH who="3" step="1"/><G80/><AGARI ba="0,1" hai="10,14,16,40,44,51,57,59,76,80,86" m="29111" machi="80" ten="30,2900,0" yaku="8,1,54,1" doraHai="27" who="1" fromWho="3" sc="444,0,244,39,270,0,32,-29" /><INIT seed="1,1,0,2,4,73" ten="444,283,270,3" oya="1" hai0="16,57,29,94,123,68,98,50,86,104,1,133,46" hai1="8,134,52,92,117,58,28,12,97,32,103,80,126" hai2="31,19,9,39,93,129,69,78,40,71,26,61,11" hai3="48,77,105,47,17,43,6,96,4,121,56,102,83"/><U65/><E117/><V85/><F129/><W106/><G121/><T109/><D68/><U34/><E65/><V7/><F39/><W5/><G106/><T87/><D1/><U119/><E119/><V33/><F40/><W116/><G116/><T74/><D74/><U25/><E134/><V111/><F111/><W36/><G17/><T70/><D70/><U60/><E126/><V91/><F78/><W59/><G36/><T76/><D104/><U66/><E80/><V72/><F72/><W35/><G35/><T20/><D29/><U114/><E114/><V131/><F131/><W64/><G64/><T81/><D123/><U99/><E99/><V54/><F11/><W101/><G101/><N who="0" m="60631" /><D109/><U115/><E115/><V15/><REACH who="2" step="1"/><F7/><REACH who="2" ten="444,283,260,3" step="2"/><W44/><G44/><T67/><D133/><U82/><E82/><V122/><F122/><W95/><G105/><T75/><D75/><U3/><E3/><V55/><F55/><W10/><G10/><T24/><D76/><U21/><E52/><V51/><F51/><W23/><G23/><T37/><D81/><U88/><E88/><V135/><F135/><W45/><G45/><T113/><D113/><U53/><E53/><V2/><F2/><W89/><G89/><T13/><D37/><U18/><AGARI ba="1,1" hai="8,12,18,21,25,28,32,34,58,60,66,92,97,103" machi="18" ten="20,7800,0" yaku="0,1,7,1,25,2" doraHai="73" who="1" fromWho="1" sc="444,-27,283,91,260,-27,3,-27" owari="417,52.0,374,17.0,233,-17.0,-24,-52.0" /></mjloggm>