<mjloggm ver="2.3"><GO type="41" lobby="0"/><UN n0="%54%61%6E%70%61%61%63%68" n1="%E3%83%A1%E3%82%A4%E5%A4%AA" n2="%50%4F%54%44%41%59" n3="%E5%B0%B1%E6%B4%BB%E7%94%9F%40%E5%B7%9D%E6%9D%91%E8%BB%8D%E5%9B%A3" dan="14,13,15,16" rate="1922.86,1817.41,1979.96,2078.79" sx="M,M,M,M"/><TAIKYOKU oya="0"/><INIT seed="0,0,0,2,5,32" ten="250,250,250,250" oya="0" hai0="47,102,92,84,88,26,2,16,23,83,126,123,18" hai1="15,135,66,29,128,86,75,57,21,52,131,53,49" hai2="68,74,85,82,14,100,61,65,55,98,133,80,3" hai3="120,28,45,115,119,130,22,27,112,79,103,121,118"/><T127/><D127/><U69/><E75/><V107/><F133/><W10/><G103/><T117/><D126/><U34/><E34/><V5/><F55/><W7/><G79/><T58/><D123/><N who="3" m="47177" /><G45/><T70/><D2/><U72/><E72/><V35/><F14/><N who="3" m="5471" /><G130/><T78/><D70/><U59/><E135/><V122/><F122/><W97/><G97/><N who="0" m="59687" /><D117/><AGARI ba="0,0" hai="22,27,28,112,115,117,118,119" m="5471,47177" machi="117" ten="30,3900,0" yaku="13,1,34,2" doraHai="32" who="3" fromWho="0" sc="250,-39,250,0,250,0,250,39" /><INIT seed="1,0,0,0,1,109" ten="211,250,250,289" oya="1" hai0="43,79,50,1,37,56,39,123,115,42,49,112,64" hai1="35,131,97,15,73,34,66,122,113,87,81,59,48" hai2="17,91,80,63,98,5,74,134,71,96,25,62,84" hai3="69,31,119,95,60,76,110,8,72,55,19,54,9"/><U92/><E122/><V47/><F134/><W101/><G110/><T24/><D1/><U132/><E73/><V58/><F74/><W53/><G119/><T26/><D79/><U29/><E132/><V93/><F71/><W27/><G72/><T21/><D21/><U124/><E29/><V75/><F75/><W94/><G76/><T86/><D86/><U90/><E131/><V67/><F63/><W83/><G83/><T125/><D125/><U108/><E108/><V114/><F114/><W107/><G19/><T40/><D123/><U102/><E113/><N who="0" m="43593" /><D26/><U52/><E66/><V41/><F5/><W85/><G85/><T16/><D16/><U103/><E124/><V44/><F98/><N who="3" m="61879" /><G95/><T14/><D14/><U13/><REACH who="1" step="1"/><E103/><REACH who="1" ten="211,240,250,289" step="2"/><V99/><F41/><W78/><G31/><T77/><D24/><U70/><E70/><V30/><F17/><W36/><G27/><T82/><D40/><U126/><E126/><V38/><F38/><W111/><G69/><T6/><D43/><U130/><E130/><V120/><F120/><W0/><G36/><T104/><D42/><U28/><E28/><V33/><F99/><W22/><G111/><T61/><D37/><U121/><E121/><V116/><F116/><W2/><G2/><T133/><D39/><U10/><E10/><V7/><F7/><W89/><G0/><T12/><D6/><U68/><E68/><V20/><F33/><AGARI ba="0,1" hai="13,15,33,34,35,48,52,59,81,87,90,92,97,102" machi="33" ten="40,3900,0" yaku="1,1,54,1,53,0" doraHai="109" doraHaiUra="127" who="1" fromWho="2" sc="211,0,240,49,250,-39,289,0" /><INIT seed="1,1,0,5,4,6" ten="211,289,211,289" oya="1" hai0="34,108,70,105,25,78,66,74,76,98,39,128,32" hai1="31,48,102,113,60,100,13,122,89,37,92,41,4" hai2="26,14,93,49,79,101,62,129,107,85,35,42,30" hai3="131,110,118,119,2,61,5,135,53,44,72,73,109"/><U84/><E122/><V51/><F129/><W115/><G2/><T22/><D78/><U97/><E37/><V52/><F107/><W123/><G5/><T94/><D108/><N who="3" m="41577" /><G123/><T82/><D128/><U120/><E31/><V125/><F125/><W50/><G115/><T58/><D58/><U43/><E113/><V116/><F116/><N who="3" m="44587" /><G131/><T20/><D20/><U55/><E120/><V63/><F42/><N who="3" m="24855" /><G135/><T59/><D105/><U0/><E0/><V33/><F49/><W65/><G53/><T134/><D34/><U47/><E97/><V28/><F101/><W111/><N who="3" m="41585" /><W46/><DORA hai="124" /><G46/><T127/><D32/><U27/><E27/><V10/><F30/><W103/><G103/><T86/><D25/><U1/><E1/><V56/><F35/><W95/><G95/><T15/><D94/><U91/><E91/><V24/><F24/><W11/><G11/><T99/><D127/><U45/><E45/><V80/><F93/><W29/><G29/><T69/><D98/><U83/><E92/><V3/><F3/><W67/><G67/><T81/><D99/><U21/><E21/><V88/><F79/><W7/><G7/><AGARI ba="1,0" hai="7,10,14,26,28,33,51,52,56,62,63,80,85,88" machi="7" ten="30,7700,0" yaku="7,1,52,1,54,2" doraHai="6,124" who="2" fromWho="3" sc="211,0,289,0,211,80,289,-80" /><INIT seed="2,0,0,5,5,65" ten="211,289,291,209" oya="2" hai0="32,100,130,55,74,112,0,83,132,26,109,50,97" hai1="82,38,62,46,44,33,120,31,43,88,106,95,103" hai2="117,63,57,114,53,93,1,40,60,11,49,111,29" hai3="9,23,73,89,21,30,54,58,78,47,2,118,72"/><V52/><F114/><W123/><G118/><T71/><D109/><U5/><E5/><V90/><F117/><W108/><G123/><T119/><D112/><U81/><E46/><V39/><F111/><W25/><G108/><T126/><D119/><U67/><E120/><V134/><F134/><W125/><G125/><T7/><D126/><U92/><E92/><V4/><F29/><W110/><G110/><T19/><D130/><U51/><E38/><V86/><F63/><W131/><G131/><T64/><D19/><U122/><E122/><V121/><F121/><W6/><G78/><N who="0" m="44503" /><D55/><U116/><E116/><V129/><F129/><W75/><G47/><T20/><D20/><U70/><E31/><V48/><F39/><W127/><G127/><T22/><D22/><U66/><E66/><V113/><F113/><W16/><G89/><T99/><D50/><U45/><E45/><V13/><F1/><W79/><G79/><T42/><D99/><U105/><E33/><V12/><F12/><W124/><G124/><T133/><D42/><U3/><E3/><V41/><F48/><W28/><REACH who="3" step="1"/><G23/><REACH who="3" ten="211,289,291,199" step="2"/><T77/><D77/><U69/><E103/><V101/><F101/><W14/><G14/><T35/><D26/><U102/><E102/><V24/><F24/><W115/><G115/><T61/><D133/><U17/><E44/><AGARI ba="0,1" hai="4,11,13,40,41,44,49,52,53,57,60,86,90,93" machi="44" ten="30,5800,0" yaku="7,1,8,1,54,1" doraHai="65" who="2" fromWho="1" sc="211,0,289,-58,291,68,199,0" /><INIT seed="2,1,0,3,1,1" ten="211,231,359,199" oya="2" hai0="100,72,70,42,90,0,14,71,26,53,31,129,38" hai1="59,16,83,88,7,95,60,128,21,126,8,44,76" hai2="36,87,78,107,41,124,24,74,40,63,35,68,80" hai3="125,19,10,18,115,132,92,97,50,112,127,99,98"/><V57/><F68/><W110/><G132/><T103/><D72/><U55/><E126/><N who="3" m="48138" /><G110/><T117/><D0/><U46/><E128/><V43/><F124/><W25/><G25/><T17/><D129/><U58/><E58/><V104/><F36/><W118/><G118/><T48/><D117/><U69/><E69/><V73/><F73/><W134/><G134/><T111/><D71/><U56/><E56/><V51/><F51/><W29/><G29/><T12/><D70/><U27/><E83/><V93/><F35/><W66/><G66/><T82/><D12/><N who="1" m="5151" /><E76/><V77/><F24/><W96/><G50/><T37/><D42/><U30/><E30/><V114/><F114/><N who="3" m="43563" /><G10/><T33/><D38/><U133/><E133/><V122/><F122/><W64/><G64/><T34/><D37/><U75/><E75/><V61/><F61/><W9/><G9/><T121/><D111/><U101/><E101/><AGARI ba="1,0" hai="18,19,92,96,97,98,99,101" m="43563,48138" machi="101" ten="40,2600,0" yaku="18,1,11,1" doraHai="1" who="3" fromWho="1" sc="211,0,231,-29,359,0,199,29" /><INIT seed="3,0,0,3,4,71" ten="211,202,359,228" oya="3" hai0="75,116,6,68,109,92,14,81,126,35,130,20,110" hai1="63,133,17,60,46,103,4,55,37,135,86,64,51" hai2="41,54,97,62,83,33,18,122,96,73,132,113,32" hai3="123,58,117,50,40,12,43,112,22,84,23,105,89"/><W1/><G1/><T45/><D35/><U118/><E103/><V29/><F113/><W61/><G105/><T120/><D68/><U128/><E86/><V56/><F122/><W65/><G123/><T42/><D120/><U0/><E0/><V7/><F7/><W3/><G3/><T80/><D116/><U91/><E4/><V104/><F132/><N who="1" m="50761" /><E91/><V48/><F104/><W85/><G112/><T69/><D69/><N who="1" m="42119" /><E17/><V102/><F29/><W53/><G117/><T25/><D92/><U36/><E118/><V31/><F31/><W106/><G106/><T90/><D90/><U76/><E76/><V77/><F18/><N who="3" m="10567" /><G23/><T115/><D80/><U28/><E28/><V125/><F125/><W16/><G16/><T11/><D81/><U95/><E95/><V26/><F26/><W70/><G70/><T59/><D75/><U15/><E15/><V119/><F119/><W13/><G13/><T124/><D115/><U21/><E21/><V74/><F74/><W129/><G129/><T78/><D130/><U27/><E27/><V57/><F102/><W94/><G85/><T30/><D126/><U100/><E100/><V47/><F32/><W52/><G65/><T131/><D124/><U111/><E128/><V49/><F33/><W99/><G99/><T108/><D131/><U19/><E19/><V9/><F9/><W87/><G87/><T38/><D78/><U134/><N who="1" m="50769" /><U66/><DORA hai="82" /><E111/><V24/><F24/><W8/><G8/><T79/><D79/><U5/><E5/><V2/><F2/><W39/><G39/><T44/><D38/><RYUUKYOKU ba="0,0" sc="211,-30,202,10,359,10,228,10" hai1="36,37,46,51,55,63,66" hai2="41,47,48,49,54,56,57,62,73,77,83,96,97" hai3="40,43,50,52,53,58,61,84,89,94" /><INIT seed="3,1,0,5,4,73" ten="181,212,369,238" oya="3" hai0="93,42,65,9,57,102,54,40,21,88,96,62,134" hai1="72,130,0,5,113,13,41,4,43,10,20,23,114" hai2="103,45,100,70,131,64,77,99,85,79,46,71,90" hai3="67,75,84,15,132,35,14,60,1,104,135,3,117"/><W121/><G75/><T26/><D134/><N who="3" m="51241" /><G117/><T119/><D119/><U44/><E130/><V30/><F131/><W94/><G104/><T112/><D112/><U59/><E59/><V8/><F64/><W37/><G37/><T36/><D36/><U92/><E92/><N who="2" m="54351" /><F70/><N who="3" m="42343" /><G35/><T80/><D9/><U29/><E43/><V2/><F2/><N who="3" m="523" /><G121/><T6/><D6/><U12/><E5/><V106/><F71/><W89/><AGARI ba="1,0" hai="14,15,84,89,94" m="523,42343,51241" machi="89" ten="40,2100,0" yaku="20,1" doraHai="73" who="3" fromWho="3" sc="181,-8,212,-8,369,-8,238,24" /><INIT seed="3,2,0,5,1,110" ten="173,204,361,262" oya="3" hai0="59,17,86,34,8,87,102,19,96,40,16,11,29" hai1="55,26,126,61,123,49,4,90,77,6,131,10,105" hai2="66,71,60,30,129,65,114,100,38,45,112,52,14" hai3="67,115,57,58,54,122,56,31,135,42,21,47,0"/><W83/><G0/><T70/><D70/><U13/><E105/><V113/><F100/><W103/><G122/><T106/><D40/><U116/><E131/><V78/><F78/><W9/><G103/><T93/><D59/><U97/><E77/><V18/><F30/><W27/><G135/><T81/><D106/><U2/><E123/><V5/><F5/><W33/><G33/><T23/><D86/><U72/><E72/><V32/><F32/><W50/><G67/><T43/><D43/><U46/><E61/><N who="2" m="40367" /><F18/><W134/><G134/><T125/><D125/><U84/><E26/><V82/><F82/><W101/><G101/><T108/><D108/><U111/><E126/><V94/><F94/><W64/><G115/><T48/><D48/><U28/><E111/><V36/><F14/><W117/><G117/><T89/><D34/><U109/><E109/><V91/><F91/><W53/><G64/><T99/><D99/><U133/><E133/><V37/><F129/><W25/><G25/><AGARI ba="2,0" hai="8,11,16,17,19,23,25,29,81,87,89,93,96,102" machi="25" ten="40,2600,0" yaku="8,1,54,1" doraHai="110" who="0" fromWho="3" sc="173,32,204,0,361,0,262,-32" /><INIT seed="4,0,0,2,3,16" ten="205,204,361,230" oya="0" hai0="113,125,110,35,46,1,59,84,73,8,31,111,34" hai1="0,49,7,30,29,124,118,58,18,61,100,52,82" hai2="126,114,134,38,107,65,60,5,56,80,104,83,106" hai3="78,4,67,2,87,55,86,89,42,108,103,40,43"/><T127/><D73/><U14/><E118/><V119/><F38/><W64/><G108/><N who="0" m="41515" /><D113/><U105/><E124/><N who="0" m="47689" /><D46/><U13/><E0/><V71/><F126/><W19/><G2/><T98/><D98/><U133/><E133/><V32/><F5/><W88/><G4/><N who="0" m="1039" /><D84/><N who="3" m="32297" /><G78/><T28/><D59/><U9/><E61/><V81/><F32/><AGARI ba="0,0" hai="28,31,32,34,35" m="1039,47689,41515" machi="32" ten="40,12000,1" yaku="10,1,18,1,34,2" doraHai="16" who="0" fromWho="2" sc="205,120,204,0,361,-120,230,0" /><INIT seed="4,1,0,5,0,43" ten="325,204,241,230" oya="0" hai0="109,25,77,80,130,119,54,15,128,117,110,62,37" hai1="19,102,133,123,66,32,7,45,127,99,85,47,55" hai2="129,6,5,53,16,74,98,90,88,14,83,11,35" hai3="12,100,34,48,57,89,73,33,72,134,56,9,82"/><T61/><D37/><U28/><E123/><V79/><F129/><N who="0" m="49770" /><D15/><U18/><E7/><V4/><F35/><W97/><G134/><T71/><D25/><U132/><E28/><V92/><F90/><W108/><G108/><N who="0" m="41579" /><D71/><U131/><E131/><V93/><F93/><W31/><G31/><T30/><D30/><U122/><E122/><V87/><REACH who="2" step="1"/><F53/><REACH who="2" ten="325,204,231,230" step="2"/><W126/><G33/><T91/><D91/><U121/><E32/><V76/><F76/><W113/><G34/><T58/><D77/><U59/><E121/><V118/><F118/><N who="0" m="45066" /><D80/><U111/><E111/><V69/><F69/><W36/><G82/><T50/><AGARI ba="1,1" hai="50,54,58,61,62" m="45066,41579,49770" machi="50" ten="40,12000,1" yaku="19,1,10,1,34,2" doraHai="43" who="0" fromWho="0" sc="325,133,204,-41,231,-41,230,-41" /><INIT seed="4,2,0,5,2,22" ten="458,163,190,189" oya="0" hai0="29,49,135,92,123,31,57,88,67,53,14,19,65" hai1="61,78,100,32,66,37,18,114,56,72,3,104,30" hai2="46,27,130,118,7,38,64,9,124,83,90,105,70" hai3="117,129,11,25,34,4,42,16,82,126,121,93,111"/><T44/><D123/><U10/><E37/><V101/><F130/><W120/><G111/><T21/><D135/><U76/><E100/><V15/><F124/><W0/><G42/><T110/><D110/><U40/><E40/><V95/><F118/><W97/><G117/><T62/><REACH who="0" step="1"/><D65/><REACH who="0" ten="448,163,190,189" step="2"/><U79/><E72/><V52/><F64/><W43/><G120/><T80/><D80/><U55/><E66/><V99/><F38/><W69/><G82/><T50/><D50/><U109/><E109/><V115/><F83/><W74/><G121/><T81/><D81/><U58/><E76/><V47/><F115/><W86/><G74/><T17/><D17/><U51/><E18/><V73/><F73/><W23/><G16/><T98/><AGARI ba="2,1" hai="14,19,21,29,31,44,49,53,57,62,67,88,92,98" machi="98" ten="20,12000,1" yaku="1,1,0,1,7,1,8,1,54,1,53,0" doraHai="22" doraHaiUra="103" who="0" fromWho="0" sc="448,136,163,-42,190,-42,189,-42" /><INIT seed="4,3,0,3,0,110" ten="584,121,148,147" oya="0" hai0="73,43,39,128,26,48,131,40,17,105,80,107,111" hai1="108,72,50,30,117,32,9,95,44,97,121,37,1" hai2="55,112,91,133,12,5,42,75,4,62,84,90,15" hai3="31,69,60,20,94,82,35,13,28,122,113,96,129"/><T2/><D2/><U114/><E108/><V98/><F75/><W71/><G35/><T99/><D111/><U25/><E37/><V56/><F112/><W127/><G113/><T86/><D73/><U6/><E117/><V78/><F133/><W19/><G122/><T102/><D105/><U36/><E36/><V11/><F42/><W45/><G127/><T85/><D39/><U41/><E72/><V100/><F78/><W81/><G129/><N who="0" m="49739" /><D85/><U33/><E114/><V65/><F65/><W68/><G60/><T22/><D48/><U18/><E121/><V46/><F46/><W63/><G63/><T125/><D125/><U23/><REACH who="1" step="1"/><E30/><REACH who="1" ten="584,111,148,147" step="2"/><V8/><REACH who="2" step="1"/><F84/><REACH who="2" ten="584,111,138,147" step="2"/><W103/><G28/><T93/><D107/><AGARI ba="3,2" hai="4,5,8,11,12,15,55,56,62,90,91,98,100,107" machi="107" ten="30,7700,0" yaku="1,1,2,1,7,1,9,1,53,0" doraHai="110" doraHaiUra="14" who="2" fromWho="0" sc="584,-86,111,0,138,106,147,0" /><INIT seed="5,0,0,4,4,79" ten="498,111,244,147" oya="1" hai0="135,40,34,49,99,94,108,39,13,75,129,41,125" hai1="128,119,12,131,31,89,80,37,7,96,73,18,14" hai2="43,76,117,68,91,113,134,132,2,69,33,35,23" hai3="8,24,97,104,6,77,45,42,92,38,88,15,107"/><U85/><E37/><V71/><F2/><W11/><G77/><T130/><D34/><U53/><E31/><V32/><F113/><W48/><G38/><T26/><D108/><U83/><E119/><V63/><F117/><W21/><REACH who="3" step="1"/><G11/><REACH who="3" ten="498,111,244,137" step="2"/><T19/><D39/><U55/><E73/><V57/><F76/><W59/><G59/><T10/><D75/><U84/><E96/><V116/><F116/><W27/><G27/><T123/><D26/><U103/><E103/><V98/><F23/><W20/><G20/><T1/><D10/><N who="1" m="4191" /><E14/><V51/><F98/><W118/><G118/><T29/><D13/><U0/><E0/><V47/><F91/><W121/><G121/><T126/><D1/><U112/><E112/><V106/><F106/><W114/><G114/><T64/><D123/><U82/><E18/><AGARI ba="0,1" hai="6,8,15,18,21,24,42,45,48,88,92,97,104,107" machi="18" ten="30,3900,0" yaku="1,1,7,1,54,1,53,0" doraHai="79" doraHaiUra="111" who="3" fromWho="1" sc="498,0,111,-39,244,0,137,49" /><INIT seed="6,0,0,5,1,48" ten="498,72,244,186" oya="2" hai0="45,123,91,99,113,92,5,127,79,17,117,84,40" hai1="28,121,11,4,56,46,102,96,52,131,25,64,23" hai2="126,12,115,32,55,41,63,26,77,78,30,18,88" hai3="130,54,44,111,83,110,70,81,104,118,109,76,100"/><V106/><F106/><W86/><G70/><T97/><D123/><U135/><E135/><V87/><F41/><W57/><G118/><T29/><D29/><U94/><E131/><V37/><F37/><W120/><G120/><T24/><D113/><U132/><E132/><V82/><F115/><W75/><G130/><T101/><D117/><U53/><E121/><V39/><F39/><W69/><G69/><T122/><D122/><U15/><E46/><V93/><F126/><W124/><G124/><T125/><D5/><U10/><E10/><V80/><F80/><W43/><G104/><T6/><D6/><U33/><E33/><V62/><F55/><W134/><G100/><T108/><D108/><U71/><E71/><V31/><F31/><W3/><G3/><T22/><D79/><U128/><E128/><V0/><F0/><W38/><G134/><T74/><D74/><U85/><E85/><V9/><REACH who="2" step="1"/><F77/><REACH who="2" ten="498,72,234,186" step="2"/><W89/><G111/><T8/><D125/><U19/><E19/><V7/><F7/><W103/><G110/><T47/><D127/><U36/><E36/><V61/><F61/><AGARI ba="0,1" hai="4,11,15,23,25,28,52,53,56,61,64,94,96,102" machi="61" ten="40,12000,2" yaku="25,2,8,1,52,2,54,1" doraHai="48" who="1" fromWho="2" sc="498,0,72,130,234,-120,186,0" /><INIT seed="7,0,0,4,5,103" ten="498,202,114,186" oya="3" hai0="14,51,74,118,80,97,68,21,109,100,135,1,11" hai1="27,47,24,45,26,23,30,59,104,63,13,17,105" hai2="67,7,8,128,106,116,62,66,20,101,123,102,130" hai3="91,10,2,121,71,132,64,42,38,129,108,12,96"/><W37/><G2/><T93/><D109/><U87/><E87/><V4/><F116/><W113/><G121/><T84/><D68/><U119/><E119/><V85/><F101/><W5/><G113/><T33/><D118/><U57/><E57/><V75/><F75/><W88/><G108/><T72/><D33/><U6/><E6/><V70/><F67/><W9/><G129/><N who="2" m="49769" /><F8/><W112/><G132/><T126/><D126/><U77/><E77/><V69/><F85/><W124/><G112/><T39/><D39/><U111/><E111/><V44/><F20/><W65/><G124/><T55/><D21/><U16/><E17/><V76/><F76/><W107/><G71/><T0/><D1/><U133/><E133/><V117/><F117/><W78/><G78/><T25/><D25/><U120/><E120/><V89/><F89/><W54/><G91/><T110/><D0/><U90/><E90/><V28/><F70/><W35/><G65/><T95/><D110/><U115/><E115/><V48/><F28/><W127/><G64/><T60/><D135/><U52/><REACH who="1" step="1"/><E30/><REACH who="1" ten="498,192,114,186" step="2"/><V56/><F123/><W19/><G88/><T125/><D93/><U98/><E98/><N who="2" m="61783" /><F69/><W131/><G96/><T94/><D60/><U73/><E73/><V82/><F82/><W99/><G99/><T83/><D83/><U50/><E50/><V58/><F58/><W134/><G134/><T86/><D11/><U18/><E18/><V43/><AGARI ba="0,1" hai="4,7,43,44,48,56,62,66" m="61783,49769" machi="43" ten="30,2000,0" yaku="19,1,52,1" doraHai="103" who="2" fromWho="2" sc="498,-5,192,-5,114,30,186,-10" owari="493,59.0,187,-1.0,144,-36.0,176,-22.0" /></mjloggm>