<mjloggm ver="2.3"><GO type="169" lobby="0"/><UN n0="%E7%A2%BA%E7%8E%87%E9%BA%BB%E9%9B%80" n1="%E3%82%A6%E3%83%AB%E3%83%88%E3%83%A9%E7%AB%8B%E7%9B%B4" n2="%E3%81%93%E3%81%9F%E3%81%A4%E3%81%AB%E3%83%9F%E3%82%AB%E3%83%B3" n3="%E3%82%A4%E3%82%B5%E3%82%AD" dan="17,17,16,17" rate="2161.39,2180.72,2069.21,2200.50" sx="M,M,M,M"/><TAIKYOKU oya="0"/><INIT seed="0,0,0,0,2,75" ten="250,250,250,250" oya="0" hai0="101,65,68,82,50,84,40,27,93,12,63,129,134" hai1="2,16,127,3,1,78,54,109,29,114,88,9,83" hai2="59,19,133,47,32,48,30,87,96,56,34,126,92" hai3="22,104,71,24,86,123,18,31,77,106,72,100,44"/><T25/><D134/><U120/><E120/><V122/><F122/><W97/><G123/><T115/><D115/><U64/><E114/><V116/><F126/><W11/><G72/><T26/><D129/><U5/><E127/><V110/><F110/><W53/><G71/><T38/><D38/><U7/><E109/><V85/><F133/><W57/><G44/><T13/><D40/><U113/><E113/><V42/><F34/><W39/><G39/><T49/><D93/><U0/><E64/><V15/><F30/><W124/><G124/><T66/><D101/><U23/><E54/><V58/><F32/><W118/><G118/><T121/><D66/><U67/><E67/><V46/><F46/><W103/><G103/><T98/><D98/><U99/><E29/><V95/><F95/><W90/><G11/><T33/><D33/><U69/><E69/><V91/><REACH who="2" step="1"/><F116/><REACH who="2" ten="250,250,240,250" step="2"/><W6/><G31/><T35/><D35/><U132/><E132/><V51/><F51/><W135/><G135/><T130/><D130/><U117/><E117/><V119/><F119/><W55/><G106/><T61/><D121/><U14/><E7/><V125/><F125/><W36/><G6/><T37/><D37/><U81/><E81/><V107/><F107/><W131/><G36/><T73/><D63/><U4/><E4/><V94/><F94/><W70/><G104/><T62/><D61/><U43/><E83/><V111/><F111/><W79/><G131/><T20/><D62/><U74/><E5/><V17/><F17/><W105/><G105/><T10/><D50/><U128/><E128/><RYUUKYOKU ba="0,1" sc="250,-10,250,-10,240,30,250,-10" hai2="15,19,42,47,48,56,58,59,85,87,91,92,96" /><INIT seed="1,1,1,2,5,22" ten="240,240,270,240" oya="1" hai0="93,38,37,67,57,83,40,55,52,14,35,27,66" hai1="42,32,92,13,41,119,129,89,7,86,124,90,33" hai2="111,11,81,24,110,46,114,25,3,4,31,118,132" hai3="107,8,26,63,65,105,47,109,85,106,102,34,87"/><U17/><E119/><V36/><F118/><W70/><G109/><N who="2" m="41481" /><F132/><W78/><G102/><T59/><D93/><U62/><E124/><V130/><F130/><W76/><G47/><N who="0" m="23951" /><D14/><U125/><E125/><V69/><F69/><W100/><G100/><T133/><D27/><N who="2" m="10314" /><F114/><W20/><G34/><T99/><D99/><U23/><E129/><V117/><F117/><W68/><G68/><T116/><D83/><U88/><E32/><V98/><F98/><W54/><G54/><N who="0" m="20523" /><D35/><U60/><E33/><V2/><F81/><W51/><G107/><T104/><D104/><U28/><E28/><V71/><F71/><W10/><G70/><T84/><D84/><U72/><E72/><V50/><F36/><W1/><G106/><T131/><D131/><U56/><E7/><V21/><F21/><W15/><G105/><T95/><D95/><U97/><E97/><V49/><F31/><W75/><G20/><T128/><D128/><U121/><E92/><V6/><F46/><W122/><G85/><T123/><D116/><U9/><E86/><V48/><F11/><W113/><G10/><T80/><D80/><U134/><E9/><V43/><F43/><W16/><G8/><T79/><D133/><U135/><E134/><V19/><F19/><W77/><G16/><T82/><D82/><U64/><E135/><V112/><F112/><W103/><G113/><T30/><D30/><U94/><E94/><V58/><F58/><N who="0" m="22026" /><D38/><U96/><E96/><V91/><F91/><W44/><G87/><T74/><D123/><U39/><E121/><V101/><F101/><W18/><G103/><RYUUKYOKU ba="1,1" sc="240,15,240,-15,270,15,240,-15" hai0="66,67,74,79" hai2="2,3,4,6,48,49,50" /><INIT seed="2,2,1,0,2,58" ten="255,225,285,225" oya="2" hai0="120,89,76,15,23,114,99,110,105,17,16,57,12" hai1="112,118,60,9,5,20,33,36,97,54,53,22,108" hai2="24,7,134,129,30,71,121,61,77,4,91,69,104" hai3="135,75,6,19,0,56,59,80,26,115,73,95,98"/><V2/><F121/><W107/><G107/><T96/><D120/><U103/><E112/><V44/><F129/><W40/><G115/><T128/><D114/><U47/><E118/><V78/><F134/><W72/><G135/><T100/><D128/><U21/><E33/><V84/><F104/><W34/><G80/><T28/><D110/><U90/><E90/><V94/><F44/><W124/><G124/><T117/><D117/><U130/><E108/><V126/><F126/><W122/><G40/><T111/><D111/><U43/><E130/><V65/><F71/><W46/><G46/><T41/><D28/><U87/><E87/><V88/><F91/><W93/><G93/><T42/><D76/><U1/><REACH who="1" step="1"/><E60/><REACH who="1" ten="255,215,285,225" step="2"/><V18/><F78/><W67/><G73/><T127/><D127/><U55/><E55/><V63/><F77/><W25/><G75/><T74/><D74/><U101/><E101/><V125/><F63/><W51/><G72/><T86/><D99/><U52/><E52/><V119/><F125/><W3/><G98/><T13/><D89/><U109/><E109/><V133/><F119/><W8/><G122/><T102/><D86/><U27/><E27/><V131/><F131/><W123/><G25/><T35/><D35/><U70/><E70/><V11/><F133/><W62/><G26/><T106/><D102/><U45/><E45/><V48/><F69/><W10/><G34/><T116/><D116/><U32/><E32/><V66/><F61/><W50/><G62/><T82/><D100/><U83/><E83/><V49/><F88/><W38/><G123/><RYUUKYOKU ba="2,2" sc="255,-10,215,30,285,-10,225,-10" hai1="1,5,9,20,21,22,36,43,47,53,54,97,103" /><INIT seed="3,3,2,4,5,89" ten="245,245,275,215" oya="3" hai0="65,11,116,29,60,82,100,39,107,86,38,18,103" hai1="125,40,14,42,79,43,95,119,46,113,122,56,20" hai2="108,24,91,120,99,88,102,118,109,17,15,111,62" hai3="110,114,4,97,3,123,61,131,121,28,33,93,27"/><W32/><G114/><T16/><D116/><U66/><E122/><V67/><F118/><W127/><G127/><T58/><D29/><U74/><E113/><V37/><F37/><W55/><G33/><T76/><D18/><N who="1" m="10327" /><E74/><V22/><F120/><W128/><G110/><T47/><D107/><U49/><E119/><V59/><REACH who="2" step="1"/><F24/><REACH who="2" ten="245,245,265,215" step="2"/><W83/><G123/><T78/><D38/><U12/><E125/><V92/><AGARI ba="3,3" hai="15,17,22,59,62,67,88,91,92,99,102,108,109,111" machi="92" ten="30,12000,2" yaku="1,1,2,1,0,1,14,1,52,1,54,1,53,0" doraHai="89" doraHaiUra="73" who="2" fromWho="2" sc="245,-33,245,-33,265,159,215,-63" /><INIT seed="4,0,0,0,4,91" ten="212,212,424,152" oya="0" hai0="40,121,84,75,126,131,115,46,72,22,88,74,44" hai1="104,54,63,118,81,122,85,96,94,62,41,27,116" hai2="51,61,134,130,47,108,77,8,133,71,113,59,128" hai3="39,50,13,89,56,111,60,127,119,18,97,5,105"/><T53/><D121/><U33/><E122/><V67/><F77/><W16/><G111/><T87/><D115/><U28/><E104/><V92/><F108/><W98/><G119/><T79/><D131/><N who="2" m="50218" /><F8/><W3/><G39/><T129/><D129/><U95/><E41/><N who="2" m="25071" /><F113/><W21/><G105/><T70/><D70/><U49/><E118/><V30/><F30/><W99/><G127/><T135/><D126/><U101/><E116/><V36/><F36/><W93/><G50/><T109/><D109/><U1/><E1/><V19/><F19/><W114/><G114/><T102/><D135/><N who="2" m="51722" /><F92/><W52/><G3/><T42/><D102/><U112/><E112/><V17/><F17/><W7/><G18/><T73/><D73/><U34/><E34/><V58/><AGARI ba="0,0" hai="58,59,61,67,71" m="51722,25071,50218" machi="58" ten="40,8000,1" yaku="19,1,20,1,34,2" doraHai="91" who="2" fromWho="2" sc="212,-40,212,-20,424,80,152,-20" /><INIT seed="5,0,0,0,3,87" ten="172,192,504,132" oya="1" hai0="72,39,129,6,96,104,102,83,85,38,34,123,41" hai1="61,1,103,130,109,58,84,119,48,70,78,52,91" hai2="23,97,73,126,14,25,68,128,64,18,71,46,125" hai3="63,115,47,81,86,20,3,108,56,45,88,110,76"/><U74/><E119/><V43/><F73/><W95/><G115/><T94/><D129/><U30/><E130/><V92/><F128/><W33/><G33/><T111/><D111/><U7/><E109/><V32/><F64/><W99/><G3/><T29/><D123/><U24/><E103/><N who="2" m="60839" /><F32/><W65/><G45/><T127/><D127/><N who="2" m="48650" /><F25/><W116/><G116/><T100/><D6/><U121/><E121/><V112/><F112/><W80/><G20/><T59/><D100/><U113/><E113/><V17/><F17/><W51/><REACH who="3" step="1"/><G81/><REACH who="3" ten="172,192,504,122" step="2"/><T135/><D34/><U49/><E1/><V12/><F12/><W42/><AGARI ba="0,1" hai="42,47,51,56,63,65,76,80,86,88,95,99,108,110" machi="42" ten="20,12000,2" yaku="1,1,2,1,0,1,7,1,52,1,54,1,53,0" doraHai="87" doraHaiUra="131" who="3" fromWho="3" sc="172,-30,192,-60,504,-30,122,130" /><INIT seed="6,0,0,0,1,60" ten="142,132,474,252" oya="2" hai0="20,41,121,99,57,13,52,87,109,48,14,30,128" hai1="22,110,108,3,105,50,106,120,31,34,18,37,102" hai2="6,63,58,101,79,131,75,71,29,15,88,70,46" hai3="32,89,51,76,84,28,81,61,134,65,25,123,45"/><V33/><F101/><W113/><G123/><T1/><D121/><U95/><E37/><V78/><F46/><W119/><G119/><T44/><D109/><U35/><E120/><V74/><F131/><W82/><G134/><T53/><D128/><U62/><E3/><V125/><F125/><W38/><G38/><T21/><D1/><U10/><E10/><V19/><F6/><W17/><G17/><T49/><D99/><U27/><E50/><V103/><F103/><W126/><G113/><T11/><D30/><U98/><E35/><V90/><F33/><W36/><G36/><T42/><D87/><U24/><REACH who="1" step="1"/><E62/><REACH who="1" ten="142,122,474,252" step="2"/><V77/><F63/><W133/><G61/><T124/><D124/><U114/><E114/><V2/><F2/><W96/><G51/><N who="0" m="30879" /><D42/><U59/><E59/><V127/><F58/><W56/><G56/><N who="0" m="32807" /><D14/><U118/><E118/><V116/><F116/><W129/><G32/><T40/><D41/><U12/><E12/><V73/><F15/><W130/><G129/><T85/><D85/><U7/><E7/><AGARI ba="0,1" hai="7,11,13,20,21,40,44,49" m="32807,30879" machi="7" ten="30,2000,0" yaku="8,1,54,1" doraHai="60" who="0" fromWho="1" sc="142,30,122,-20,474,0,252,0" /><INIT seed="7,0,0,3,1,33" ten="172,102,474,252" oya="3" hai0="103,31,133,126,4,18,28,128,120,11,79,86,91" hai1="67,119,36,56,34,0,38,95,74,12,26,59,17" hai2="125,6,88,30,40,32,24,58,83,98,114,1,109" hai3="87,50,42,89,71,55,134,107,105,115,97,44,84"/><W66/><G66/><T21/><D120/><U22/><E119/><V123/><F109/><W63/><G115/><T106/><D133/><U10/><E74/><V112/><F40/><W113/><G113/><N who="2" m="43625" /><F125/><W23/><G71/><T102/><D126/><U100/><E59/><V94/><F58/><W127/><G134/><T82/><D128/><U99/><E56/><V90/><F123/><W77/><G63/><T39/><D39/><U69/><E67/><V46/><F46/><W53/><G107/><T129/><D129/><U104/><E69/><V80/><F90/><W16/><G105/><T13/><D106/><U96/><E96/><V110/><F110/><W43/><G43/><T45/><D45/><U121/><E121/><V117/><F117/><W122/><G122/><T29/><REACH who="0" step="1"/><D79/><REACH who="0" ten="162,102,474,252" step="2"/><U75/><E104/><V131/><F131/><W70/><G77/><T76/><D76/><U64/><E64/><V15/><F15/><AGARI ba="0,1" hai="4,11,13,15,18,21,28,29,31,82,86,91,102,103" machi="15" ten="40,2600,0" yaku="1,1,8,1,53,0" doraHai="33" doraHaiUra="37" who="0" fromWho="2" sc="162,36,102,0,474,-26,252,0" owari="198,-20.0,102,-40.0,448,55.0,252,5.0" /></mjloggm>