<mjloggm ver="2.3"><GO type="225" lobby="0"/><UN n0="%E3%81%94%E3%82%93%E3%81%96%E3%81%B6%E3%82%8D%E3%83%BC" n1="%E3%83%9D%E3%82%B3%E3%83%94%E3%83%B3" n2="%76%69%62%72%61%74%65" n3="%E5%B0%B1%E6%B4%BB%E7%94%9F%40%E5%B7%9D%E6%9D%91%E8%BB%8D%E5%9B%A3" dan="16,16,16,16" rate="2136.17,2123.76,2064.72,2050.07" sx="M,M,M,M"/><TAIKYOKU oya="0"/><INIT seed="0,0,0,5,3,118" ten="250,250,250,250" oya="0" hai0="101,63,40,125,27,113,128,90,83,99,82,129,86" hai1="6,115,52,77,20,45,2,85,59,110,121,50,130" hai2="57,70,62,38,112,60,69,41,133,106,111,116,42" hai3="74,43,54,30,4,22,93,58,91,94,26,65,73"/><T80/><D40/><U25/><E110/><V107/><F111/><W31/><G65/><T0/><D0/><U18/><E130/><N who="0" m="50281" /><D63/><U66/><E115/><V10/><F10/><W84/><G4/><T1/><D1/><U102/><E102/><V12/><F12/><W89/><G43/><T109/><D27/><U53/><E66/><V126/><F126/><W117/><G117/><T76/><D109/><U100/><E100/><V55/><F116/><W51/><REACH who="3" step="1"/><G30/><REACH who="3" ten="250,250,250,240" step="2"/><T127/><D113/><U21/><E6/><V95/><F41/><W71/><G71/><T14/><D14/><U5/><E5/><V7/><F42/><W81/><G81/><N who="0" m="49487" /><D76/><U16/><E2/><V11/><F112/><W33/><G33/><T35/><D35/><U131/><E131/><V56/><F69/><W108/><G108/><T28/><D28/><U96/><E77/><V114/><F70/><W61/><G61/><T134/><D134/><U64/><E64/><V124/><F62/><W36/><G36/><T46/><D46/><U79/><E79/><V34/><F60/><W122/><G122/><T78/><D78/><U135/><E121/><V119/><F119/><W72/><G72/><T44/><D44/><U97/><E135/><V32/><F133/><W17/><G17/><T19/><D19/><U37/><E37/><V8/><F38/><W98/><AGARI ba="0,1" hai="22,26,31,51,54,58,73,74,84,89,91,93,94,98" machi="98" ten="20,2700,0" yaku="1,1,0,1,7,1,53,0" doraHai="118" doraHaiUra="39" who="3" fromWho="3" sc="250,-13,250,-7,250,-7,240,37" /><INIT seed="1,0,0,3,1,108" ten="237,243,243,277" oya="1" hai0="18,21,23,10,69,66,80,6,101,115,84,59,76" hai1="135,3,112,58,42,119,47,8,87,65,74,89,129" hai2="45,54,57,29,132,96,16,91,68,83,130,114,98" hai3="14,128,7,31,79,25,0,12,13,26,49,64,133"/><U107/><E119/><V27/><F68/><W100/><G79/><T56/><D115/><U127/><E107/><V106/><F130/><W37/><G37/><T75/><D75/><U92/><E129/><V70/><F70/><W30/><G64/><T122/><D122/><U81/><E127/><V35/><F132/><W86/><G100/><T39/><D39/><U51/><E135/><V104/><F114/><W102/><G102/><T28/><D101/><U33/><E33/><V90/><F98/><W61/><G49/><T19/><D69/><U63/><E112/><V88/><F83/><W78/><G61/><N who="0" m="38183" /><D59/><U43/><E3/><V52/><F96/><W72/><G86/><T20/><D28/><N who="3" m="10793" /><G78/><T121/><D121/><U99/><E8/><V105/><F45/><W103/><G103/><T113/><D113/><U117/><E74/><V48/><F54/><W46/><G46/><T67/><D67/><U34/><E117/><V94/><F94/><W15/><G72/><T110/><D110/><U93/><E93/><V36/><F36/><W131/><G133/><T53/><D53/><N who="1" m="29951" /><E34/><V134/><REACH who="2" step="1"/><F134/><REACH who="2" ten="237,243,233,277" step="2"/><W77/><G131/><T123/><D123/><U126/><E126/><V95/><F95/><W125/><G128/><T118/><D118/><U50/><E50/><V5/><F5/><W2/><G125/><T32/><D32/><U71/><E71/><V44/><F44/><W120/><G120/><T40/><D40/><N who="1" m="15403" /><E92/><V17/><AGARI ba="0,1" hai="16,17,27,29,35,48,52,57,88,90,91,104,105,106" machi="17" ten="40,8000,1" yaku="1,1,0,1,54,3,53,0" doraHai="108" doraHaiUra="4" who="2" fromWho="2" sc="237,-20,243,-40,233,90,277,-20" /><INIT seed="2,0,0,1,2,89" ten="217,203,323,257" oya="2" hai0="47,55,49,102,50,110,79,64,31,43,39,84,3" hai1="127,33,131,86,78,80,120,105,93,58,98,67,48" hai2="9,95,35,63,25,119,29,7,123,129,21,104,45" hai3="6,126,103,40,72,97,74,52,117,60,27,22,66"/><V62/><F123/><W16/><G117/><T81/><D110/><U23/><E131/><V99/><F104/><W94/><G126/><T44/><D3/><U42/><E33/><V24/><F119/><W109/><G109/><T4/><D4/><U68/><E127/><V107/><F107/><W57/><G6/><T128/><D128/><U65/><E105/><V28/><F45/><W76/><G76/><T83/><D39/><U38/><E68/><V100/><REACH who="2" step="1"/><F129/><REACH who="2" ten="217,203,313,257" step="2"/><W75/><REACH who="3" step="1"/><G40/><REACH who="3" ten="217,203,313,247" step="2"/><T135/><D43/><U122/><E122/><V61/><F61/><W46/><G46/><T14/><D47/><U111/><E120/><V115/><F115/><W18/><G18/><T106/><D44/><U121/><E121/><V71/><F71/><W41/><G41/><T56/><D56/><U85/><E42/><V8/><F8/><W51/><G51/><T113/><D50/><U59/><E48/><V96/><F96/><W30/><G30/><T108/><D31/><U88/><E59/><V13/><AGARI ba="0,2" hai="7,9,13,21,24,25,28,29,35,62,63,95,99,100" machi="13" ten="20,12000,1" yaku="1,1,0,1,7,1,52,1,53,1" doraHai="89" doraHaiUra="19" who="2" fromWho="2" sc="217,-40,203,-40,313,140,247,-40" /><INIT seed="2,1,0,2,1,110" ten="177,163,453,207" oya="2" hai0="92,85,17,81,24,2,75,133,40,70,114,48,68" hai1="29,132,74,47,108,102,84,42,97,46,25,94,73" hai2="51,83,63,21,104,64,131,35,71,41,79,98,100" hai3="117,13,14,39,111,52,124,23,22,32,106,77,49"/><V96/><F96/><W8/><G32/><T4/><D133/><U36/><E108/><V37/><F51/><W129/><G39/><T18/><D4/><U88/><E46/><V44/><F21/><N who="3" m="7691" /><G106/><T93/><D48/><U115/><E132/><V7/><F131/><W34/><G34/><T123/><D75/><U3/><E3/><V90/><F90/><W121/><G121/><T109/><D2/><U89/><E89/><V126/><F7/><N who="3" m="3231" /><G124/><T76/><D109/><U53/><E53/><V28/><F126/><W67/><G129/><T20/><D40/><U33/><REACH who="1" step="1"/><E115/><REACH who="1" ten="177,153,453,207" step="2"/><V15/><F79/><W99/><G111/><T134/><D114/><U95/><AGARI ba="1,1" hai="25,29,33,36,42,47,73,74,84,88,94,95,97,102" machi="95" ten="20,12000,2" yaku="1,1,2,1,0,1,7,1,54,1,53,1" doraHai="110" doraHaiUra="87" who="1" fromWho="1" sc="177,-31,153,133,453,-61,207,-31" /><INIT seed="3,0,0,3,2,114" ten="146,286,392,176" oya="3" hai0="86,92,113,134,33,102,9,65,70,50,20,124,54" hai1="66,79,68,7,44,131,4,111,100,3,117,52,48" hai2="78,72,29,120,130,39,104,17,47,105,30,59,10" hai3="58,56,11,88,2,49,37,109,76,77,127,98,71"/><W22/><G71/><T107/><D113/><U87/><E111/><V94/><F120/><W34/><G37/><T40/><D33/><U132/><E131/><V69/><F69/><W43/><G34/><T96/><D134/><U35/><E35/><V41/><F130/><W23/><G109/><T129/><D129/><U53/><E132/><V63/><F72/><W85/><G127/><T91/><D124/><U27/><E27/><V80/><F30/><W28/><G2/><T75/><D9/><U128/><E100/><V90/><F29/><W116/><G11/><T46/><D70/><U119/><E128/><V0/><F78/><W106/><G98/><T115/><D115/><U1/><E53/><V99/><F80/><W36/><G106/><T67/><D75/><U118/><E66/><V32/><F32/><W60/><G116/><T18/><REACH who="0" step="1"/><D40/><REACH who="0" ten="136,286,392,176" step="2"/><U101/><E68/><V6/><F17/><W25/><G36/><T19/><D19/><U42/><E42/><V110/><F110/><W5/><G23/><T133/><D133/><U95/><E119/><V123/><F123/><W82/><G5/><T55/><D55/><AGARI ba="0,1" hai="0,6,10,39,41,47,55,59,63,90,94,99,104,105" machi="55" ten="30,1000,0" yaku="7,1" doraHai="114" who="2" fromWho="0" sc="136,-10,286,0,392,20,176,0" owari="126,-37.0,286,9.0,412,50.0,176,-22.0" /></mjloggm>