<mjloggm ver="2.3"><GO type="97" lobby="0"/><UN n0="%E5%B0%B1%E6%B4%BB%E7%94%9F%40%E5%B7%9D%E6%9D%91%E8%BB%8D%E5%9B%A3" n1="%44%41%4E%4B%55" n2="%41%49%4E%45" n3="%31%33%36%30" dan="14,13,13,13" rate="1980.63,1921.53,1904.68,1929.65" sx="M,M,F,M"/><TAIKYOKU oya="0"/><INIT seed="0,0,0,2,3,31" ten="250,250,250,250" oya="0" hai0="98,20,7,55,101,80,116,69,23,124,88,115,107" hai1="85,15,102,57,2,49,12,74,95,14,28,71,43" hai2="105,87,103,60,78,108,48,127,53,66,86,110,24" hai3="90,9,97,126,128,52,130,61,122,91,26,120,63"/><T81/><D115/><U121/><E71/><V62/><F127/><W104/><G126/><T109/><D116/><U94/><E74/><V25/><F103/><N who="3" m="62575" /><G9/><T84/><D124/><U40/><E2/><V54/><F105/><W50/><G26/><N who="2" m="10345" /><F78/><W36/><G36/><T42/><D69/><U92/><E28/><V132/><F132/><W133/><G133/><T19/><D109/><N who="2" m="42090" /><F48/><W93/><G63/><N who="2" m="24105" /><F66/><W79/><G61/><T89/><D42/><U4/><E43/><V64/><F64/><W1/><G1/><T118/><D118/><U32/><E40/><V37/><F37/><W22/><G79/><T58/><D7/><U113/><E4/><V21/><F21/><W73/><G22/><T117/><D117/><U68/><E102/><V129/><F129/><N who="3" m="49771" /><G73/><T35/><D35/><U41/><E32/><V29/><F29/><W27/><G27/><T75/><D19/><U112/><E112/><V47/><F47/><N who="3" m="27743" /><G93/><T111/><D111/><U76/><E113/><V33/><F33/><W135/><G135/><T77/><REACH who="0" step="1"/><D89/><AGARI ba="0,0" hai="89,90,91,120,122" m="27743,49771,62575" machi="89" ten="30,2000,0" yaku="19,1,54,1" doraHai="31" who="3" fromWho="0" sc="250,-20,250,0,250,0,250,20" /><INIT seed="1,0,0,5,3,89" ten="230,250,250,270" oya="1" hai0="64,34,65,73,79,44,72,54,92,35,55,100,128" hai1="53,56,11,103,134,42,3,40,126,8,93,114,113" hai2="77,27,59,87,86,110,46,127,121,67,23,31,68" hai3="88,7,15,48,75,5,36,45,60,26,49,120,21"/><U82/><E134/><V80/><F121/><W32/><G75/><T131/><D79/><U81/><E126/><V97/><F127/><W111/><G120/><T12/><D12/><U39/><E39/><V50/><F68/><W133/><G133/><T17/><D17/><U76/><E3/><V71/><F71/><W47/><G36/><T122/><D44/><U33/><E33/><V112/><F112/><W99/><G32/><T116/><D122/><U38/><E38/><V70/><F70/><W52/><G60/><T43/><D116/><U117/><E117/><V118/><F118/><W13/><G111/><T20/><D20/><U107/><E107/><V104/><F110/><W96/><G26/><T61/><D61/><N who="1" m="35983" /><E114/><V83/><F59/><W14/><G21/><T19/><D19/><U2/><E2/><V115/><F115/><W57/><G99/><T18/><D18/><U108/><E108/><V94/><F104/><W105/><G105/><T84/><D100/><U123/><E123/><V85/><F67/><W95/><G57/><T124/><D124/><U74/><E113/><V69/><F69/><W132/><G132/><T25/><D25/><U129/><E129/><V106/><F106/><W6/><G6/><T41/><D84/><U10/><E81/><V30/><F30/><W22/><G22/><T51/><D51/><U4/><E4/><V62/><F62/><W135/><G135/><T125/><D125/><U0/><E0/><V28/><F28/><W9/><G5/><T78/><D78/><U1/><E1/><V91/><F77/><W24/><G24/><RYUUKYOKU ba="0,0" sc="230,0,250,0,250,0,270,0" hai0="34,35,41,43,54,55,64,65,72,73,92,128,131" hai1="8,10,11,40,42,74,76,82,93,103" hai2="23,27,31,46,50,80,83,85,86,87,91,94,97" hai3="7,9,13,14,15,45,47,48,49,52,88,95,96" /><INIT seed="1,1,0,5,0,28" ten="230,250,250,270" oya="1" hai0="40,51,34,77,49,64,118,105,96,114,54,6,76" hai1="126,13,32,42,122,66,113,44,125,61,7,46,106" hai2="72,98,33,123,128,107,67,133,131,85,50,135,70" hai3="3,130,92,39,78,95,37,27,41,88,53,12,57"/><U89/><E106/><V109/><F123/><W5/><G3/><T58/><D118/><U4/><E113/><V2/><F2/><W1/><G1/><T110/><D114/><U121/><E89/><V24/><F50/><W69/><G69/><T65/><D110/><U117/><E117/><V59/><F85/><W55/><G78/><N who="0" m="30315" /><D34/><U111/><E111/><V26/><F109/><W84/><G41/><T91/><D105/><U63/><E32/><V116/><F116/><W15/><G130/><N who="2" m="49705" /><F72/><W71/><G71/><T115/><D6/><U99/><E99/><V82/><F82/><W56/><G27/><T31/><D31/><U68/><E68/><V23/><F59/><W97/><G5/><T22/><D22/><U119/><E119/><V48/><F48/><N who="3" m="30759" /><G39/><T90/><D115/><U104/><E104/><V80/><F80/><W112/><G37/><T30/><D30/><U0/><E0/><V10/><F10/><W100/><G112/><T86/><D96/><U20/><E42/><V60/><F33/><W17/><G17/><T124/><D124/><U83/><E83/><V21/><F26/><W35/><G35/><T9/><D9/><U74/><E74/><V94/><F107/><W25/><G25/><T127/><D127/><U87/><E125/><V93/><F24/><W134/><G134/><N who="2" m="51209" /><F94/><W8/><G8/><T11/><D11/><U43/><E126/><V16/><F16/><W19/><G19/><T102/><D102/><AGARI ba="1,0" hai="21,23,60,67,70,93,98,102" m="51209,49705" machi="102" ten="30,2000,0" yaku="19,1,20,1" doraHai="28" who="2" fromWho="0" sc="230,-23,250,0,250,23,270,0" /><INIT seed="2,0,0,2,4,29" ten="207,250,273,270" oya="2" hai0="25,62,88,74,128,134,70,100,71,23,20,115,99" hai1="122,41,102,77,126,94,86,118,33,75,11,121,57" hai2="81,101,130,60,19,4,123,35,87,103,124,34,68" hai3="24,66,43,105,104,44,116,27,79,6,52,54,47"/><V72/><F123/><N who="1" m="47113" /><E75/><V13/><F72/><W46/><G116/><T76/><D115/><U7/><E118/><V17/><F130/><W89/><G66/><T55/><D128/><U1/><E126/><V45/><F124/><W10/><G79/><T40/><D134/><U82/><E41/><V107/><F4/><W0/><G43/><T78/><D40/><U93/><E57/><V61/><F45/><W85/><G104/><T69/><D74/><U5/><E5/><V21/><F19/><W90/><G105/><T3/><D3/><U48/><E48/><V31/><F107/><W53/><REACH who="3" step="1"/><G85/><REACH who="3" ten="207,250,273,260" step="2"/><T28/><D76/><U26/><E77/><V108/><F108/><W9/><G9/><T97/><D78/><U67/><E67/><V49/><F68/><W36/><G36/><T80/><D69/><U120/><E120/><V113/><F113/><W64/><G64/><T39/><D71/><U83/><E86/><V125/><F125/><W96/><G96/><T135/><D39/><U106/><E106/><V50/><F87/><W56/><G56/><N who="0" m="35103" /><D70/><U65/><E65/><V91/><F101/><W59/><G59/><T131/><D131/><U16/><E102/><V119/><F103/><W51/><G51/><T18/><D135/><U127/><E127/><V109/><F119/><W98/><G98/><T14/><D100/><U2/><E11/><V92/><F50/><W15/><G15/><T117/><D117/><U30/><E2/><V42/><F49/><W37/><G37/><T73/><D73/><U111/><E1/><V63/><F42/><W129/><G129/><RYUUKYOKU ba="0,1" sc="207,15,250,-15,273,-15,260,15" hai0="14,18,20,23,25,28,80,88,97,99" hai3="0,6,10,24,27,44,46,47,52,53,54,89,90" /><INIT seed="3,1,1,5,0,132" ten="222,235,258,275" oya="3" hai0="7,128,24,87,56,105,27,97,58,37,126,46,13" hai1="69,76,93,110,41,98,120,124,57,23,94,72,74" hai2="32,49,4,73,40,11,6,88,17,0,121,83,51" hai3="89,71,45,79,22,116,29,115,48,55,61,134,107"/><W77/><G116/><T109/><D128/><U62/><E120/><V60/><F121/><W106/><G115/><T54/><D109/><U96/><E69/><V52/><F32/><W36/><G134/><T84/><D105/><U18/><E110/><V2/><F40/><W135/><G135/><T9/><D126/><U66/><E124/><V75/><F75/><W118/><G118/><T99/><D37/><U14/><E41/><V127/><F127/><W117/><G117/><T125/><D125/><U15/><E15/><V95/><F73/><W102/><G89/><T20/><D46/><U67/><E67/><V103/><F103/><W111/><G111/><T34/><D34/><U92/><REACH who="1" step="1"/><E74/><REACH who="1" ten="222,225,258,275" step="2"/><V31/><F2/><W119/><G119/><T26/><D20/><U19/><E19/><V16/><F4/><W21/><G36/><T64/><D64/><U108/><E108/><V5/><F5/><W114/><G114/><T50/><D58/><U59/><E59/><V43/><F31/><W42/><G42/><T65/><D65/><U68/><E68/><V82/><F0/><W91/><G71/><T10/><D10/><U78/><E78/><V85/><F6/><W104/><G79/><T53/><D53/><U90/><E90/><V3/><F3/><W1/><G91/><T38/><D38/><U131/><E131/><V70/><F70/><W133/><G77/><T39/><D39/><U100/><E100/><V63/><F11/><W130/><G102/><T80/><D80/><AGARI ba="1,2" hai="14,18,23,57,62,66,72,76,80,92,93,94,96,98" machi="80" ten="40,2600,0" yaku="1,1,53,1" doraHai="132" doraHaiUra="8" who="1" fromWho="0" sc="222,-29,225,49,258,0,275,0" /><INIT seed="4,0,0,1,1,23" ten="193,274,258,275" oya="0" hai0="111,79,16,76,109,0,116,44,9,57,131,37,81" hai1="7,42,22,8,73,134,65,46,61,52,1,58,19" hai2="133,29,70,17,34,66,102,10,132,118,71,39,45" hai3="20,48,67,53,95,119,32,41,2,123,64,54,43"/><T97/><D116/><U51/><E134/><N who="2" m="51819" /><F118/><W59/><G32/><T89/><D131/><U90/><E73/><V55/><F102/><W62/><G2/><T80/><D57/><U13/><REACH who="1" step="1"/><E90/><REACH who="1" ten="193,264,258,275" step="2"/><V68/><F68/><W28/><G119/><T31/><D79/><U88/><E88/><V121/><F71/><W101/><G123/><T125/><D125/><U105/><E105/><V124/><F121/><W14/><G95/><T27/><D80/><U77/><E77/><V38/><F124/><W120/><G120/><T74/><D89/><U69/><E69/><V75/><F75/><W26/><G101/><T94/><D94/><U63/><E63/><V21/><F70/><W122/><G122/><T117/><D97/><U135/><E135/><V40/><F38/><W104/><G104/><T112/><D112/><U107/><E107/><V3/><F66/><AGARI ba="0,1" hai="1,7,8,13,19,22,42,46,51,52,58,61,65,66" machi="66" ten="40,2600,0" yaku="1,1,54,1,53,0" doraHai="23" doraHaiUra="92" who="1" fromWho="2" sc="193,0,264,36,258,-26,275,0" owari="193,-31.0,300,40.0,232,-17.0,275,8.0" /></mjloggm>