<mjloggm ver="2.3"><GO type="97" lobby="0"/><UN n0="%28%C2%B4%E3%83%BB%E3%82%A7%E3%83%BB%EF%BD%80%29%E5%87%B8" n1="%E3%82%A6%E3%82%A3%E3%83%B3%44" n2="%E5%B0%B1%E6%B4%BB%E7%94%9F%40%E5%B7%9D%E6%9D%91%E8%BB%8D%E5%9B%A3" n3="%E2%97%86%E3%82%82%E3%81%86%E3%82%89%E2%97%86" dan="14,14,14,15" rate="1956.83,1956.91,1992.91,1972.14" sx="M,M,M,M"/><TAIKYOKU oya="0"/><INIT seed="0,0,0,1,4,100" ten="250,250,250,250" oya="0" hai0="87,37,110,66,25,23,73,111,81,119,109,50,83" hai1="56,133,69,52,58,89,86,49,135,128,88,35,21" hai2="6,2,90,126,47,63,5,53,31,22,39,131,4" hai3="99,134,30,61,3,108,120,82,91,72,68,60,10"/><T123/><D37/><U18/><E35/><V97/><F126/><W76/><G120/><T80/><D123/><U124/><E69/><V11/><F131/><W0/><G134/><N who="1" m="51210" /><E124/><V96/><F39/><W32/><G108/><T79/><D119/><U43/><E128/><V106/><F96/><W55/><G61/><T115/><D115/><U130/><E130/><V114/><F114/><W12/><G30/><T13/><D13/><N who="1" m="9423" /><E43/><V44/><F44/><W67/><G32/><T118/><D118/><U127/><E127/><V75/><F75/><W112/><G112/><T29/><D66/><U62/><E86/><V17/><F31/><W71/><G71/><T70/><D70/><U104/><E104/><V103/><F90/><W45/><G45/><T65/><D65/><AGARI ba="0,0" hai="49,52,56,58,62,65,88,89" m="9423,51210" machi="65" ten="30,3900,0" yaku="20,1,54,2" doraHai="100" who="1" fromWho="0" sc="250,-39,250,39,250,0,250,0" /><INIT seed="1,0,0,4,3,0" ten="211,289,250,250" oya="1" hai0="20,15,49,93,65,131,71,102,24,46,73,100,129" hai1="75,72,85,17,107,53,62,34,133,99,89,22,106" hai2="7,121,26,69,96,74,12,16,9,29,47,128,45" hai3="10,13,126,115,18,41,64,39,105,11,81,23,109"/><U111/><E34/><V14/><F69/><W40/><G115/><T3/><D73/><U68/><E133/><V95/><F74/><W44/><G105/><T8/><D3/><U57/><E68/><V42/><F121/><W92/><G126/><T127/><D127/><U124/><E124/><V48/><F128/><N who="0" m="49226" /><D93/><U86/><E111/><V116/><F116/><W108/><G64/><T134/><D134/><U90/><E75/><V103/><F47/><W27/><G81/><T118/><D118/><U117/><E72/><V84/><F84/><N who="1" m="32361" /><E90/><V32/><REACH who="2" step="1"/><F14/><REACH who="2" ten="211,289,240,250" step="2"/><W104/><G44/><T59/><D71/><U30/><E117/><V83/><F83/><W98/><G13/><T58/><D65/><U70/><E70/><V66/><F66/><W19/><G109/><T4/><D59/><U56/><E57/><V38/><F38/><W94/><G39/><T36/><D36/><U110/><E56/><V35/><F35/><W6/><G108/><T63/><D58/><U113/><E110/><V112/><F112/><W33/><G33/><T132/><D132/><U25/><E113/><V101/><F101/><W21/><G27/><T1/><D1/><U55/><E25/><V37/><F37/><W43/><G104/><T88/><D63/><U123/><E62/><V120/><F120/><W79/><G98/><T28/><D88/><U87/><E89/><V50/><F50/><W119/><G119/><T67/><D67/><U82/><E87/><V97/><F97/><W5/><G41/><AGARI ba="0,1" hai="4,8,15,20,24,28,41,46,49,100,102" m="49226" machi="41" ten="30,2000,0" yaku="19,1,52,1" doraHai="0" who="0" fromWho="3" sc="211,30,289,0,240,0,250,-20" /><INIT seed="2,0,0,5,3,129" ten="241,289,240,230" oya="2" hai0="81,2,64,15,88,77,82,71,9,89,1,113,19" hai1="18,69,50,120,13,80,10,42,40,86,125,134,133" hai2="95,106,36,12,21,70,58,114,101,111,29,57,126" hai3="43,39,24,74,25,32,102,127,104,121,109,85,14"/><V3/><F70/><W51/><G121/><T27/><D113/><U6/><E120/><V65/><F3/><W84/><G109/><T131/><D131/><U60/><E125/><V124/><F36/><W16/><G127/><N who="2" m="48681" /><F114/><W44/><G74/><T66/><D71/><U72/><E72/><V33/><F106/><W31/><G25/><T67/><D2/><U112/><E112/><V26/><F65/><W56/><G102/><T28/><D1/><U76/><E18/><N who="2" m="10439" /><F111/><W5/><G5/><T87/><REACH who="0" step="1"/><D81/><REACH who="0" ten="231,289,240,230" step="2"/><U37/><E69/><V20/><F33/><AGARI ba="0,1" hai="9,15,19,27,28,33,64,66,67,77,82,87,88,89" machi="33" ten="40,5200,0" yaku="1,1,2,1,54,1,53,0" doraHai="129" doraHaiUra="68" who="0" fromWho="2" sc="231,62,289,0,240,-52,230,0" /><INIT seed="3,0,0,1,5,58" ten="293,289,188,230" oya="3" hai0="28,89,21,7,1,42,121,72,82,47,36,108,57" hai1="125,39,83,76,86,67,32,85,20,92,61,99,74" hai2="105,126,12,22,84,129,43,100,71,30,44,10,55" hai3="123,75,107,78,38,128,3,45,101,29,16,112,93"/><W80/><G123/><T14/><D121/><U111/><E32/><V120/><F120/><W48/><G112/><T95/><D1/><U59/><E39/><V2/><F126/><W110/><G3/><T131/><D131/><U25/><E111/><V135/><F129/><W132/><G128/><T50/><D108/><U66/><E125/><V24/><F135/><W23/><G132/><T33/><D33/><U56/><E56/><V117/><F117/><W19/><G38/><T114/><D114/><U9/><E9/><V81/><F2/><W109/><G107/><T11/><D72/><U18/><E67/><V41/><F71/><W54/><G29/><T122/><D82/><U35/><E35/><V34/><F34/><W118/><G118/><T37/><D122/><U97/><E97/><V51/><F100/><AGARI ba="0,0" hai="18,20,25,59,61,66,74,76,83,85,86,92,99,100" machi="100" ten="30,2000,0" yaku="7,1,52,1" doraHai="58" who="1" fromWho="2" sc="293,0,289,20,188,-20,230,0" owari="293,9.0,309,41.0,168,-33.0,230,-17.0" /></mjloggm>