<mjloggm ver="2.3"><GO type="41" lobby="0"/><UN n0="%E3%81%A9%E3%81%BC%E3%82%93%E3%81%A9%E3%81%BC%E3%82%93%E3%81%A9" n1="%E7%84%A1%E6%AF%9B%E7%8C%AB%EF%BC%A0%E5%B7%9D%E6%9D%91%E8%BB%8D%E5%9B%A3" n2="%E5%B0%B1%E6%B4%BB%E7%94%9F%40%E5%B7%9D%E6%9D%91%E8%BB%8D%E5%9B%A3" n3="%62%6E%62%6A%62%6D%6A%68" dan="13,15,15,14" rate="1869.85,2012.01,2038.74,1906.94" sx="M,M,M,M"/><TAIKYOKU oya="0"/><INIT seed="0,0,0,0,3,73" ten="250,250,250,250" oya="0" hai0="78,102,101,3,19,75,112,94,114,70,83,61,63" hai1="35,92,98,16,11,6,64,8,57,24,133,111,113" hai2="14,72,37,17,44,65,13,49,120,10,47,134,23" hai3="115,105,50,33,103,76,81,7,31,93,51,96,71"/><T41/><D3/><U54/><E111/><V122/><F120/><W43/><G71/><T22/><D41/><U128/><E133/><V15/><F122/><W20/><G115/><T118/><D118/><U21/><E128/><V34/><F34/><W77/><G33/><T4/><D4/><U39/><E39/><V121/><F72/><W99/><G7/><T126/><D126/><U135/><E135/><V62/><F121/><W27/><G81/><T84/><D112/><U1/><E113/><V124/><F124/><W95/><G105/><T46/><D46/><U90/><E35/><V74/><F74/><W36/><G36/><T127/><D127/><U104/><E104/><V125/><F125/><W25/><G50/><T82/><D114/><U0/><E64/><V69/><F134/><W85/><G85/><T55/><D70/><U117/><E117/><V2/><F37/><W9/><G9/><T119/><D119/><U45/><E45/><V52/><F2/><W18/><G51/><T53/><D94/><U28/><E8/><V40/><F44/><W110/><G43/><T87/><D75/><U100/><E0/><V86/><F40/><W116/><G110/><T5/><D5/><U66/><E66/><V42/><F42/><W67/><G116/><T107/><D107/><U29/><E100/><V59/><F69/><W97/><G97/><T48/><D48/><AGARI ba="0,0" hai="1,6,11,16,21,24,28,29,48,54,57,90,92,98" machi="48" ten="30,2000,0" yaku="7,1,54,1" doraHai="73" who="1" fromWho="0" sc="250,-20,250,20,250,0,250,0" /><INIT seed="1,0,0,5,0,91" ten="230,270,250,250" oya="1" hai0="25,14,43,2,99,114,33,37,29,101,105,107,66" hai1="130,118,95,65,3,47,48,56,17,28,112,103,35" hai2="77,34,97,5,134,116,21,7,32,10,90,83,72" hai3="45,53,27,111,30,70,11,126,52,94,104,135,58"/><U113/><E118/><V22/><F116/><W44/><G104/><T125/><D114/><U68/><E68/><V18/><F134/><W51/><G70/><T69/><D2/><U88/><E103/><V123/><F123/><W4/><G135/><T41/><D14/><U117/><E117/><V92/><F21/><W59/><G126/><T20/><D20/><U122/><E122/><V120/><F120/><W6/><G111/><T50/><D50/><U100/><E100/><V24/><REACH who="2" step="1"/><F7/><REACH who="2" ten="230,270,240,250" step="2"/><W9/><G94/><T75/><D125/><U93/><E93/><V110/><F110/><W13/><G30/><T57/><D107/><U81/><E95/><V96/><F96/><W133/><G133/><T31/><D105/><U60/><E113/><V40/><F40/><W106/><G27/><T119/><D41/><U49/><E112/><V79/><F79/><W74/><G74/><T16/><D75/><U64/><E35/><V124/><F124/><W19/><G19/><T46/><D33/><U89/><E17/><V82/><F82/><W85/><G106/><T76/><D119/><U42/><E81/><V71/><F71/><W115/><G115/><T128/><D76/><U38/><E42/><V12/><AGARI ba="0,1" hai="5,10,12,18,22,24,32,34,72,77,83,90,92,97" machi="12" ten="20,5200,0" yaku="1,1,0,1,7,1,52,1,53,0" doraHai="91" doraHaiUra="39" who="2" fromWho="2" sc="230,-13,270,-26,240,62,250,-13" /><INIT seed="2,0,0,4,1,122" ten="217,244,302,237" oya="2" hai0="129,20,52,114,19,105,100,90,55,66,63,18,95" hai1="65,1,89,79,73,69,104,77,47,99,29,112,40" hai2="103,23,50,0,74,134,59,80,64,110,98,12,44" hai3="39,109,125,26,116,85,27,61,37,56,75,8,84"/><V60/><F0/><W115/><G75/><T108/><D114/><U36/><E112/><V5/><F134/><W14/><G115/><T32/><D32/><U128/><E128/><V133/><F133/><W135/><G116/><T81/><D81/><U88/><E79/><V48/><F74/><W130/><G135/><T53/><D129/><U111/><E29/><V7/><F80/><W121/><G130/><T31/><D105/><U132/><E1/><V33/><F33/><W94/><G121/><T86/><D100/><N who="1" m="62495" /><E111/><V9/><F5/><W41/><G109/><T15/><D108/><U6/><E6/><V24/><F110/><W127/><G41/><T68/><REACH who="0" step="1"/><D19/><REACH who="0" ten="207,244,302,237" step="2"/><U11/><E132/><V51/><F103/><W76/><G94/><T92/><D92/><U71/><E77/><V17/><REACH who="2" step="1"/><F98/><REACH who="2" ten="207,244,292,237" step="2"/><W70/><G76/><T131/><D131/><U96/><E96/><V97/><F97/><W62/><G14/><T124/><D124/><U126/><E126/><V102/><F102/><W42/><G125/><T46/><D46/><AGARI ba="0,2" hai="7,9,12,17,23,24,44,46,48,50,51,59,60,64" machi="46" ten="40,12000,1" yaku="1,1,8,1,53,2" doraHai="122" doraHaiUra="43" who="2" fromWho="0" sc="207,-120,244,0,292,140,237,0" /><INIT seed="2,1,0,1,4,78" ten="87,244,432,237" oya="2" hai0="105,68,35,37,53,104,49,111,22,100,88,103,108" hai1="28,6,42,50,41,56,52,46,38,123,95,133,116" hai2="51,101,19,23,97,7,77,128,39,43,127,58,92" hai3="109,99,67,4,25,32,113,15,79,24,83,5,112"/><V87/><F39/><W36/><G36/><T12/><D35/><U60/><E116/><V119/><F119/><W2/><G67/><T110/><D37/><U70/><E133/><V120/><F120/><W91/><G109/><T21/><D68/><U121/><E28/><V3/><F3/><W54/><G2/><T64/><D64/><N who="1" m="41223" /><E95/><V59/><F7/><W8/><G54/><T89/><D49/><N who="1" m="30735" /><E6/><V114/><F114/><N who="3" m="44139" /><G5/><T106/><D53/><N who="1" m="29911" /><E38/><V117/><F117/><W61/><G61/><T57/><D57/><N who="2" m="21514" /><F127/><W107/><G32/><T20/><REACH who="0" step="1"/><D12/><REACH who="0" ten="77,244,432,237" step="2"/><U10/><E123/><V55/><F128/><W40/><G15/><T1/><D1/><U122/><E122/><V72/><F55/><W134/><G24/><T33/><D33/><U132/><E121/><V62/><F51/><W118/><G25/><T11/><D11/><U16/><E132/><V45/><F62/><W27/><G27/><T17/><D17/><U18/><E18/><V29/><F29/><W69/><G8/><T75/><D75/><U0/><E16/><V125/><F72/><N who="3" m="43495" /><G4/><T94/><D94/><U34/><E34/><V13/><F125/><W131/><G69/><T115/><D115/><U14/><E14/><V96/><F43/><W30/><G40/><T26/><D26/><U102/><E10/><V82/><F45/><W85/><G30/><T84/><D84/><U90/><E0/><V71/><F71/><W129/><G134/><T98/><D98/><AGARI ba="1,1" hai="13,19,23,77,82,87,92,96,97,98,101" m="21514" machi="98" ten="30,2900,0" yaku="8,1,52,1" doraHai="78" who="2" fromWho="0" sc="77,-32,244,0,432,42,237,0" /><INIT seed="2,2,0,1,5,6" ten="45,244,474,237" oya="2" hai0="50,97,53,0,110,87,9,20,130,14,51,37,108" hai1="135,27,67,18,91,96,111,94,34,43,85,127,25" hai2="66,129,74,44,71,41,80,32,86,63,132,65,36" hai3="81,119,107,78,117,55,131,30,116,103,10,134,58"/><V93/><F129/><W68/><G68/><T33/><D33/><U118/><E118/><V17/><F132/><W45/><G134/><T128/><D37/><U13/><E135/><V64/><F32/><W106/><G131/><N who="0" m="50219" /><D0/><U76/><E111/><N who="0" m="42537" /><D20/><U69/><E127/><V83/><F74/><W24/><G45/><T99/><D87/><U126/><E126/><V79/><F83/><W77/><G10/><T57/><D51/><U11/><E43/><V12/><REACH who="2" step="1"/><F93/><REACH who="2" ten="45,244,464,237" step="2"/><W48/><G81/><T3/><D3/><U121/><E34/><V113/><F113/><W56/><G106/><T39/><D39/><U95/><E95/><V73/><F73/><W23/><G116/><T52/><D53/><U109/><E109/><V120/><F120/><W88/><G117/><T90/><D90/><U4/><E121/><V98/><F98/><W2/><G119/><T84/><D84/><U49/><E96/><V38/><F38/><W7/><G88/><T5/><AGARI ba="2,1" hai="5,9,14,50,52,57,97,99" m="42537,50219" machi="5" ten="30,7900,0" yaku="19,1,14,1,52,1,54,1" doraHai="6" who="0" fromWho="0" sc="45,95,244,-22,464,-41,237,-22" /><INIT seed="3,0,0,1,4,110" ten="140,222,423,215" oya="3" hai0="105,107,109,36,67,65,23,93,50,4,58,40,35" hai1="48,20,112,79,82,135,64,115,37,19,51,54,108" hai2="45,11,68,117,24,38,9,29,124,5,49,113,28" hai3="34,133,60,80,42,63,26,41,61,84,126,30,33"/><W116/><G116/><T104/><D109/><U95/><E37/><V18/><F117/><W73/><G133/><T99/><D35/><U75/><E108/><V89/><F113/><W100/><G126/><T16/><D4/><U22/><E64/><V91/><F68/><W47/><G73/><T21/><D36/><U77/><E135/><V14/><F38/><W122/><G122/><T13/><D23/><U76/><E82/><V134/><F134/><W121/><G121/><T71/><D71/><U74/><E76/><V120/><F120/><W119/><G100/><T128/><D128/><U70/><E70/><V2/><F124/><W103/><G103/><T46/><REACH who="0" step="1"/><D58/><REACH who="0" ten="130,222,423,215" step="2"/><U52/><E19/><V114/><F29/><W72/><G119/><T127/><D127/><U7/><E7/><V98/><F28/><W102/><G34/><T106/><N who="0" m="27136" /><DORA hai="131" /><T94/><D94/><AGARI ba="0,1" hai="20,22,48,51,52,54,74,75,77,79,94,95,112,115" machi="94" ten="25,8000,1" yaku="22,2,52,2,54,1" doraHai="110,131" who="1" fromWho="0" sc="130,-80,222,90,423,0,215,0" /><BYE who="0" /><INIT seed="4,0,0,3,2,123" ten="50,312,423,215" oya="0" hai0="64,21,112,61,122,34,124,103,52,59,92,37,118" hai1="81,63,109,125,67,96,133,23,10,75,100,127,128" hai2="39,18,119,56,26,73,68,33,22,24,57,19,116" hai3="132,38,134,35,115,42,5,131,30,95,47,86,69"/><T0/><D0/><U121/><E121/><V78/><F68/><W29/><G69/><T7/><D7/><U107/><E133/><N who="3" m="51306" /><G5/><T4/><D4/><U111/><E128/><V72/><F39/><W79/><G131/><T87/><D87/><U11/><E23/><N who="2" m="13431" /><F33/><W8/><G8/><N who="1" m="3114" /><E75/><N who="2" m="28747" /><F78/><W70/><G70/><T88/><D88/><U62/><E81/><V82/><F82/><N who="3" m="47455" /><G95/><T85/><D85/><U55/><E55/><V45/><F45/><W20/><G35/><T102/><D102/><U71/><E63/><V6/><F6/><W12/><G115/><T101/><D101/><U130/><E130/><V83/><F83/><W93/><G93/><T49/><D49/><U2/><E2/><V36/><F36/><W94/><G94/><T89/><D89/><U114/><E114/><V17/><F17/><AGARI ba="0,0" hai="12,17,20,29,30,38,42,47" m="47455,51306" machi="17" ten="30,1000,0" yaku="20,1" doraHai="123" who="3" fromWho="2" sc="50,0,312,0,423,-10,215,10" /><INIT seed="5,0,0,5,4,58" ten="50,312,413,225" oya="1" hai0="127,57,99,62,135,65,93,117,67,92,103,53,44" hai1="130,112,10,101,77,66,50,43,94,73,114,14,88" hai2="69,61,107,110,27,31,32,1,35,6,20,23,134" hai3="22,87,129,96,133,81,79,29,105,80,48,24,97"/><U68/><E130/><V78/><F110/><W17/><G133/><T122/><D122/><U102/><E77/><V45/><F134/><W56/><G129/><T106/><D106/><U121/><E73/><V15/><F107/><W120/><G120/><T33/><D33/><U36/><E36/><V12/><F78/><W55/><G105/><T108/><D108/><U125/><E121/><V59/><F69/><W70/><G70/><T0/><D0/><U52/><E43/><V18/><F45/><W63/><G81/><T71/><D71/><U86/><E125/><V40/><F40/><W109/><G109/><T41/><D41/><U60/><E112/><V90/><F90/><W9/><REACH who="3" step="1"/><G48/><REACH who="3" ten="50,312,413,215" step="2"/><T37/><D37/><U104/><E104/><V95/><F95/><W74/><G74/><T83/><D83/><U51/><E51/><V128/><F128/><W19/><G19/><T124/><D124/><U30/><E114/><V38/><F38/><W126/><G126/><T75/><D75/><U111/><E111/><V46/><F18/><W7/><G7/><T4/><D4/><U91/><E30/><V13/><F6/><W115/><G115/><T16/><D16/><U34/><E34/><V3/><F31/><W89/><G89/><T49/><D49/><U123/><E91/><V119/><F32/><W11/><G11/><T8/><D8/><U28/><E28/><V5/><F35/><W47/><G47/><T76/><D76/><U84/><E123/><V2/><F5/><W113/><G113/><T131/><D131/><U39/><E39/><V82/><F46/><RYUUKYOKU ba="0,1" sc="50,-10,312,-10,413,-10,215,30" hai3="9,17,22,24,29,55,56,63,79,80,87,96,97" /><INIT seed="6,1,1,0,3,106" ten="40,302,403,245" oya="2" hai0="70,126,44,87,29,77,52,129,54,88,17,85,114" hai1="68,89,7,127,97,107,62,50,118,4,45,6,86" hai2="11,60,63,18,79,56,55,113,57,37,117,93,103" hai3="119,124,131,111,43,8,47,31,83,61,72,48,108"/><V109/><F117/><W100/><G119/><T22/><D22/><U99/><E118/><V10/><F37/><W76/><G131/><T105/><D105/><U53/><E127/><V21/><F109/><W27/><G124/><T92/><D92/><U0/><E0/><V51/><F113/><W102/><G108/><T116/><D116/><U98/><E107/><V65/><F79/><W121/><G121/><T14/><D14/><U33/><E33/><V40/><F40/><W58/><G111/><T13/><D13/><U128/><E128/><V19/><F51/><W101/><G8/><T94/><D94/><U112/><E112/><V91/><F103/><W3/><G3/><T125/><D125/><U90/><REACH who="1" step="1"/><E86/><REACH who="1" ten="40,292,403,245" step="2"/><N who="2" m="52471" /><F19/><W25/><REACH who="3" step="1"/><G31/><REACH who="3" ten="40,292,403,235" step="2"/><T26/><D26/><AGARI ba="1,3" hai="10,11,18,21,26,55,56,57,60,63,65" m="52471" machi="26" ten="30,1500,0" yaku="8,1" doraHai="106" who="2" fromWho="0" sc="40,-18,292,0,403,48,235,0" /><INIT seed="6,2,0,3,5,102" ten="22,292,451,235" oya="2" hai0="36,74,29,52,43,2,47,39,6,131,114,14,40" hai1="20,83,98,35,90,45,17,50,101,5,133,123,31" hai2="55,61,79,13,12,85,22,75,94,124,48,117,126" hai3="23,51,65,93,125,118,59,108,88,73,4,121,24"/><V10/><F117/><W97/><G121/><T91/><D91/><U18/><E123/><V16/><F75/><W15/><G118/><T32/><D32/><U78/><E133/><V27/><F61/><N who="3" m="38079" /><G108/><T132/><D132/><U0/><E90/><V103/><F103/><W110/><G110/><T80/><D80/><U54/><E35/><V130/><F130/><W119/><G119/><T3/><D3/><U96/><E96/><V134/><F134/><W128/><G128/><T109/><D109/><U92/><E5/><V105/><F105/><W8/><G73/><T70/><D70/><U82/><E0/><V87/><F79/><W69/><G69/><T99/><D99/><U1/><E1/><V107/><F107/><W95/><G125/><N who="2" m="48233" /><F94/><N who="3" m="56519" /><G51/><T34/><D34/><U58/><E82/><V129/><F129/><W63/><G63/><T67/><D67/><U86/><E45/><N who="2" m="28047" /><F13/><W111/><G111/><T122/><D122/><U106/><E106/><V68/><F68/><W11/><G11/><T135/><D135/><U104/><E104/><V89/><F89/><W41/><G41/><T100/><D100/><U62/><E62/><V49/><F49/><W46/><G93/><T44/><D44/><U64/><E64/><V115/><F115/><W116/><G95/><T112/><D112/><U26/><AGARI ba="2,0" hai="17,18,20,26,31,50,54,58,78,83,86,92,98,101" machi="26" ten="30,2000,0" yaku="0,1,8,1" doraHai="102" who="1" fromWho="1" sc="22,-7,292,26,451,-12,235,-7" /><INIT seed="7,0,0,5,4,5" ten="15,318,439,228" oya="3" hai0="55,78,22,133,7,39,82,26,46,23,110,105,132" hai1="61,97,79,66,33,71,96,125,49,124,35,57,98" hai2="19,8,59,2,17,94,76,113,86,10,34,100,64" hai3="54,44,32,38,42,131,53,58,27,116,29,65,111"/><W69/><G116/><T92/><D92/><U101/><E101/><V83/><F34/><W112/><G131/><T13/><D13/><U85/><E79/><V107/><F2/><W62/><G112/><T129/><D129/><U15/><E85/><V1/><F107/><W134/><G134/><T3/><D3/><U52/><REACH who="1" step="1"/><E15/><REACH who="1" ten="15,308,439,228" step="2"/><V121/><F121/><W80/><G80/><T21/><D21/><U118/><E118/><V31/><F1/><W84/><G84/><T11/><D11/><U91/><E91/><V56/><F113/><W120/><G120/><T72/><D72/><U60/><E60/><V126/><F100/><W4/><G111/><T122/><D122/><U28/><E28/><V114/><F10/><W41/><G42/><T0/><D0/><U88/><E88/><V45/><F8/><W127/><G127/><AGARI ba="0,1" hai="33,35,49,52,57,61,66,71,96,97,98,124,125,127" machi="127" ten="40,5200,0" yaku="1,1,18,1,54,1,53,0" doraHai="5" doraHaiUra="9" who="1" fromWho="3" sc="15,0,308,62,439,0,228,-52" owari="15,-48.0,370,17.0,439,53.0,176,-22.0" /></mjloggm>