<mjloggm ver="2.3"><GO type="97" lobby="0"/><UN n0="%E3%83%AC%E3%82%A2%E3%83%A2%E3%83%B3" n1="%6B%6F%2D%73%68%69%72%6F" n2="%4B%41%5A%4F%4F%4E" n3="%E5%B0%B1%E6%B4%BB%E7%94%9F%40%E5%B7%9D%E6%9D%91%E8%BB%8D%E5%9B%A3" dan="13,14,14,14" rate="1879.19,1994.03,1933.26,2025.50" sx="M,M,M,M"/><TAIKYOKU oya="0"/><INIT seed="0,0,0,0,5,118" ten="250,250,250,250" oya="0" hai0="120,57,49,96,3,69,51,11,91,40,46,0,83" hai1="20,55,77,32,33,65,24,28,8,7,126,74,35" hai2="131,109,113,44,59,125,73,134,47,36,68,23,66" hai3="18,95,1,129,64,9,48,37,104,99,106,25,13"/><T53/><D69/><U62/><E55/><V89/><F23/><W31/><G37/><T29/><D29/><U27/><E77/><V111/><F89/><W5/><G129/><T90/><D120/><U112/><E74/><V50/><F73/><W67/><G104/><T124/><D124/><U2/><E62/><N who="2" m="40023" /><F131/><W45/><G106/><T42/><D91/><U135/><E65/><V71/><F125/><W115/><G115/><T92/><D90/><U19/><E126/><V108/><F113/><W52/><G1/><T14/><D83/><U34/><E112/><V58/><F71/><W87/><G87/><T86/><D86/><U88/><E88/><V21/><F21/><W39/><G39/><T4/><D96/><U100/><E100/><V98/><F98/><W127/><G127/><T133/><D92/><U84/><E84/><V117/><F117/><W110/><G110/><N who="2" m="42601" /><F134/><AGARI ba="0,0" hai="2,7,8,19,20,24,27,28,32,33,34,35,134,135" machi="134" ten="50,6400,0" yaku="34,3" doraHai="118" who="1" fromWho="2" sc="250,0,250,64,250,-64,250,0" /><INIT seed="1,0,0,4,4,60" ten="250,314,186,250" oya="1" hai0="46,76,68,89,12,116,44,127,74,83,73,42,52" hai1="71,16,135,102,65,32,101,22,79,95,34,48,37" hai2="96,92,18,57,94,111,2,84,53,56,72,10,36" hai3="133,118,130,75,85,90,115,3,51,6,39,28,97"/><U129/><E135/><V119/><F72/><W17/><G39/><T59/><D116/><U26/><E129/><V35/><F111/><W109/><G75/><T31/><D68/><U114/><E114/><V7/><F119/><W134/><G28/><T41/><D31/><U58/><E37/><V69/><F36/><W11/><G115/><T112/><D112/><U107/><E107/><V50/><F35/><W106/><G118/><T120/><D73/><U20/><E79/><V62/><F18/><W40/><G17/><T14/><D127/><U104/><E104/><V45/><F69/><W105/><G130/><T88/><D120/><U25/><E71/><V8/><F8/><W78/><G78/><T132/><D132/><N who="3" m="50793" /><G109/><T124/><D124/><U4/><E4/><V82/><F96/><W91/><G97/><T19/><D12/><U99/><E102/><V100/><F100/><W113/><G113/><T77/><D74/><U93/><E93/><V122/><F122/><W27/><G27/><T29/><D29/><U9/><E9/><V131/><F131/><W49/><G91/><N who="0" m="34891" /><D83/><U38/><E38/><V24/><F24/><W61/><G106/><T23/><D77/><U55/><E65/><N who="2" m="39119" /><F56/><W86/><G105/><T15/><D15/><U30/><AGARI ba="0,0" hai="16,20,22,25,26,30,32,34,48,55,58,95,99,101" machi="30" ten="20,3900,0" yaku="0,1,7,1,54,1" doraHai="60" who="1" fromWho="1" sc="250,-13,314,39,186,-13,250,-13" /><INIT seed="1,1,0,0,1,65" ten="237,353,173,237" oya="1" hai0="2,118,93,29,92,120,109,69,74,131,57,129,76" hai1="96,44,112,103,124,39,134,32,41,56,133,48,105" hai2="79,40,107,116,9,100,111,58,43,5,22,87,70" hai3="95,102,55,11,52,75,34,35,104,63,61,132,30"/><U1/><E112/><V81/><F111/><W135/><G75/><T82/><D118/><U24/><E1/><V10/><F116/><W42/><G42/><T64/><D2/><U19/><E124/><V4/><F22/><W47/><G104/><T126/><D126/><U25/><E19/><V18/><F18/><W60/><G11/><T89/><D109/><U114/><E114/><V53/><F70/><W50/><G55/><T38/><D38/><U99/><E99/><V127/><F127/><W130/><G130/><N who="0" m="49675" /><D29/><U85/><E85/><V8/><F107/><W54/><G54/><T83/><D120/><U77/><E77/><V123/><F100/><W17/><G17/><T72/><D57/><U59/><E32/><V13/><F123/><W37/><G37/><T110/><D110/><U28/><E28/><V84/><F84/><W51/><G51/><T128/><D72/><U78/><E78/><V26/><F26/><N who="1" m="10345" /><E39/><V36/><F36/><W21/><G21/><T23/><D23/><U7/><E7/><N who="2" m="2635" /><F13/><W67/><G67/><T88/><D128/><U97/><E97/><V14/><F14/><W6/><G6/><T98/><D82/><U108/><E108/><V27/><F27/><W62/><N who="3" m="15872" /><DORA hai="20" /><W49/><G49/><AGARI ba="1,0" hai="8,9,10,40,43,49,53,58,79,81,87" m="2635" machi="49" ten="30,1000,0" yaku="8,1" doraHai="65,20" who="2" fromWho="3" sc="237,0,353,0,173,13,237,-13" /><INIT seed="2,0,0,0,2,113" ten="237,353,186,224" oya="2" hai0="110,122,101,43,87,92,51,13,100,53,2,22,63" hai1="41,75,27,60,125,7,12,35,32,14,1,26,57" hai2="65,67,20,84,81,95,80,38,44,97,5,89,114" hai3="4,29,0,70,66,103,9,116,69,33,61,82,120"/><V130/><F130/><W36/><G120/><T45/><D2/><U68/><E75/><V74/><F114/><W39/><G70/><T21/><D122/><U58/><E41/><V42/><F5/><W50/><G50/><T64/><D110/><U76/><E76/><V56/><F74/><W83/><G83/><T48/><D87/><U128/><E68/><V25/><F56/><W23/><G23/><N who="0" m="8715" /><D13/><U123/><E123/><V72/><F72/><W28/><G28/><T108/><D92/><U19/><E60/><V55/><F55/><W77/><G103/><T115/><D115/><U132/><E58/><V71/><F71/><W121/><G121/><T88/><D88/><U131/><E57/><V124/><F124/><W107/><G107/><T52/><D108/><U102/><E102/><N who="0" m="39529" /><D48/><U91/><E91/><N who="2" m="55551" /><F81/><W86/><REACH who="3" step="1"/><G116/><REACH who="3" ten="237,353,186,214" step="2"/><T117/><D117/><U11/><E125/><V8/><F8/><W40/><G40/><T133/><D43/><U96/><E96/><V112/><F112/><W49/><G49/><T18/><D51/><U73/><E73/><V46/><F46/><W79/><G79/><T104/><D45/><U78/><E78/><V90/><F90/><W16/><G16/><T47/><D18/><U34/><E132/><V109/><F109/><W99/><G99/><T106/><D47/><U3/><E131/><V17/><F44/><W54/><G54/><N who="0" m="21099" /><D133/><U37/><E128/><V62/><F62/><W30/><G30/><T126/><D126/><U129/><E129/><V85/><F85/><W10/><G10/><T24/><D106/><U94/><E11/><RYUUKYOKU ba="0,1" sc="237,-15,353,-15,186,15,214,15" hai2="17,20,25,38,42,65,67,80,84,89" hai3="0,4,9,29,33,36,39,61,66,69,77,82,86" /><INIT seed="2,1,1,0,0,130" ten="222,338,201,229" oya="2" hai0="113,12,5,22,89,15,94,65,4,42,75,118,92" hai1="6,9,127,70,107,1,25,46,31,105,32,0,96" hai2="80,99,45,111,17,102,91,64,37,68,67,18,55" hai3="95,3,72,126,116,47,29,26,19,98,133,73,34"/><V100/><F111/><W60/><G116/><T10/><D113/><U134/><E127/><V71/><F37/><W129/><G126/><T84/><D75/><U14/><E46/><V97/><F45/><W88/><G3/><T121/><D121/><U76/><E76/><V93/><F80/><W120/><G129/><T74/><D74/><U35/><E134/><V79/><F79/><W21/><G133/><T53/><D42/><U39/><E39/><V52/><F93/><W131/><G120/><T85/><D65/><U81/><E81/><V110/><F110/><W77/><G131/><T128/><D128/><U122/><E122/><V103/><F103/><W124/><G124/><T38/><D38/><U33/><E70/><V43/><REACH who="2" step="1"/><F91/><REACH who="2" ten="222,338,191,229" step="2"/><W41/><G77/><T23/><D118/><U61/><E107/><V59/><F59/><W27/><G47/><T78/><D78/><U112/><E112/><V108/><F108/><W58/><G41/><AGARI ba="1,2" hai="17,18,41,43,52,55,64,67,68,71,97,99,100,102" machi="41" ten="25,9600,0" yaku="1,1,22,2,54,1,53,0" doraHai="130" doraHaiUra="115" who="2" fromWho="3" sc="222,0,338,0,191,119,229,-99" /><INIT seed="2,2,0,0,2,63" ten="222,338,310,130" oya="2" hai0="75,96,13,32,103,49,67,47,110,2,33,125,55" hai1="50,78,115,22,104,7,84,90,1,11,130,65,14" hai2="95,88,128,123,105,129,118,94,111,29,59,54,93" hai3="37,61,31,44,106,24,21,80,40,135,109,134,133"/><V112/><F118/><W74/><G109/><T52/><D2/><U76/><E115/><V10/><F112/><W42/><G42/><T4/><D110/><U66/><E104/><V36/><F111/><W6/><G6/><T43/><D75/><U97/><E130/><N who="2" m="50283" /><F36/><W8/><G106/><T86/><D125/><U102/><E1/><V72/><F105/><W53/><G53/><T132/><D132/><U51/><E102/><V23/><F72/><W64/><G8/><N who="0" m="4231" /><D32/><U92/><E22/><V18/><F10/><W87/><G74/><T131/><D33/><U57/><E97/><N who="2" m="57511" /><F29/><W114/><G114/><T83/><D131/><U120/><E120/><V70/><F70/><W101/><G101/><T48/><D103/><U71/><E71/><V39/><F39/><W25/><G25/><T85/><D86/><U3/><E3/><V89/><F89/><W56/><REACH who="3" step="1"/><G134/><REACH who="3" ten="222,338,310,120" step="2"/><T17/><D43/><U77/><E57/><V126/><F126/><W58/><G58/><T98/><D47/><U12/><E12/><N who="2" m="9671" /><F123/><W9/><G9/><T69/><D69/><U46/><E46/><V79/><F79/><AGARI ba="2,1" hai="21,24,31,37,40,44,56,61,64,79,80,87,133,135" machi="79" ten="40,2600,0" yaku="1,1,52,1,53,0" doraHai="63" doraHaiUra="127" who="3" fromWho="2" sc="222,0,338,0,310,-32,120,42" /><INIT seed="3,0,0,4,0,25" ten="222,338,278,162" oya="3" hai0="36,135,131,59,84,71,93,77,129,100,107,60,47" hai1="74,51,73,41,3,108,55,46,103,90,31,54,79" hai2="133,81,21,6,113,38,14,33,87,4,23,132,53" hai3="111,115,91,52,97,37,99,125,102,57,104,127,130"/><W128/><G37/><T106/><D71/><U72/><E3/><V114/><F33/><W30/><G30/><T44/><D36/><U27/><E108/><V92/><F38/><W48/><G115/><N who="2" m="44041" /><F92/><N who="3" m="56479" /><G111/><T120/><D120/><U94/><E103/><V62/><F62/><W39/><G39/><T75/><D135/><N who="2" m="51786" /><F53/><W56/><G56/><T69/><D69/><U35/><REACH who="1" step="1"/><E79/><REACH who="1" ten="222,328,278,162" step="2"/><N who="2" m="46527" /><F14/><W76/><G76/><T10/><D77/><U121/><E121/><V70/><F70/><W67/><G67/><T126/><D100/><U15/><E15/><V11/><F11/><W1/><G1/><T61/><D10/><U0/><E0/><V117/><F117/><W13/><G13/><T9/><D9/><U2/><E2/><V98/><F98/><AGARI ba="0,1" hai="27,31,35,41,46,51,54,55,72,73,74,90,94,98" machi="98" ten="40,2600,0" yaku="1,1,52,1,53,0" doraHai="25" doraHaiUra="119" who="1" fromWho="2" sc="222,0,328,36,278,-26,162,0" owari="222,-18.0,364,47.0,252,5.0,162,-34.0" /></mjloggm>