<mjloggm ver="2.3"><GO type="225" lobby="0"/><UN n0="%E8%A6%AA%E6%8C%87%EF%BC%88%E5%A4%A7%EF%BC%89" n1="%E3%83%88%E3%83%88%E3%83%AA%E5%85%88%E7%94%9F%31%39%E6%AD%B3" n2="%E6%A1%9C%E4%BA%95%E3%81%82%E3%82%86" n3="%E8%B6%85%E4%BA%BA%EF%BC%AD" dan="16,18,16,16" rate="2092.87,2255.16,2087.98,2232.74" sx="M,F,F,M"/><TAIKYOKU oya="0"/><INIT seed="0,0,0,5,0,98" ten="250,250,250,250" oya="0" hai0="112,50,71,80,49,115,131,18,81,39,66,106,17" hai1="107,22,124,113,40,88,52,34,35,48,15,61,11" hai2="91,59,127,92,58,129,3,83,1,96,99,90,57" hai3="55,87,111,126,125,121,119,5,43,32,108,114,89"/><T30/><D39/><U132/><E132/><V21/><F127/><N who="3" m="48651" /><G32/><T120/><D120/><U103/><E124/><V46/><F129/><W37/><G5/><T25/><D131/><U85/><E113/><V123/><F123/><W4/><G4/><T6/><D6/><U69/><E40/><V65/><F65/><W56/><G121/><T31/><D106/><U77/><E77/><V24/><F99/><W70/><G70/><T86/><D66/><U20/><E61/><V116/><F116/><W102/><G114/><T100/><D71/><U26/><E69/><V130/><F130/><W84/><G119/><T47/><D86/><N who="3" m="32809" /><G89/><T76/><D76/><U14/><E35/><V110/><F90/><W78/><G102/><T104/><D100/><U2/><E2/><V109/><F83/><W0/><G0/><T135/><D115/><U74/><E74/><V7/><F46/><N who="3" m="23919" /><G78/><T63/><D112/><U27/><E34/><V94/><F94/><W10/><G10/><T62/><D104/><U8/><E103/><V133/><F133/><W122/><G122/><T79/><D79/><U134/><E11/><N who="2" m="2543" /><F3/><W95/><G95/><T75/><D135/><U64/><E8/><V128/><F128/><W72/><G72/><T13/><D75/><U42/><E107/><V97/><F97/><W12/><G12/><N who="1" m="4650" /><E42/><V93/><F93/><W28/><G28/><T60/><D81/><N who="1" m="49199" /><E134/><V41/><F41/><W82/><G82/><T105/><D80/><U101/><E101/><V118/><F118/><W9/><G9/><T54/><D105/><U45/><E64/><V19/><AGARI ba="0,0" hai="19,21,24,57,58,59,91,92,96,109,110" m="2543" machi="19" ten="30,1100,0" yaku="5,1" doraHai="98" who="2" fromWho="2" sc="250,-5,250,-3,250,11,250,-3" /><INIT seed="1,0,0,1,2,26" ten="245,247,261,247" oya="1" hai0="86,48,10,62,20,70,116,7,43,61,34,112,63" hai1="87,80,107,6,83,79,100,68,51,93,117,53,126" hai2="92,14,32,78,60,127,133,103,99,21,128,74,75" hai3="132,111,101,54,115,125,9,56,17,130,88,24,11"/><U97/><E117/><V77/><F32/><W57/><G115/><T69/><D34/><U90/><E68/><V45/><F45/><W47/><G101/><T66/><D112/><U18/><E126/><V44/><F44/><W30/><G125/><T89/><D116/><U64/><E64/><V84/><F127/><W124/><G124/><T122/><D122/><U109/><E109/><V59/><F128/><W82/><G130/><T2/><D70/><U73/><E6/><V110/><F110/><W49/><G132/><T3/><D3/><U65/><E65/><V28/><F133/><W91/><G91/><T25/><D48/><U35/><E35/><V8/><F75/><W76/><G76/><T98/><D98/><U114/><E114/><V85/><F74/><W135/><G9/><T37/><D43/><U5/><E5/><N who="2" m="3343" /><F78/><W72/><G72/><T81/><REACH who="0" step="1"/><D37/><REACH who="0" ten="235,247,261,247" step="2"/><U0/><E0/><V22/><F60/><W23/><G135/><T94/><D94/><U71/><E71/><V55/><F77/><W12/><G111/><T36/><D36/><U108/><E108/><V33/><F33/><W52/><G54/><T13/><D13/><U119/><E119/><V131/><F131/><W96/><G96/><T104/><D104/><U1/><E1/><V41/><F41/><W19/><G19/><AGARI ba="0,1" hai="2,7,10,19,20,25,61,62,63,66,69,81,86,89" machi="19" ten="30,2000,0" yaku="1,1,7,1,53,0" doraHai="26" doraHaiUra="118" who="0" fromWho="3" sc="235,30,247,0,261,0,247,-20" /><INIT seed="2,0,0,3,2,10" ten="265,247,261,227" oya="2" hai0="48,98,120,127,76,1,24,28,117,89,32,112,37" hai1="114,68,46,54,61,119,75,27,81,110,74,53,84" hai2="88,85,113,21,108,38,78,26,20,126,40,65,73" hai3="94,44,129,60,80,14,7,95,52,72,63,59,30"/><V133/><F113/><W99/><G129/><T87/><D37/><U93/><E114/><V116/><F116/><W70/><G30/><T134/><D112/><U83/><E119/><V118/><F118/><W0/><G0/><T111/><D1/><U47/><E110/><V82/><F65/><W135/><G135/><T45/><D117/><U102/><E68/><V57/><F57/><W9/><G44/><T115/><D115/><U25/><E84/><V49/><F38/><W103/><G95/><T86/><D111/><U122/><E93/><V101/><F108/><W90/><G90/><T11/><D120/><U67/><E67/><V3/><F3/><W17/><G70/><T100/><D134/><U43/><E102/><V6/><F133/><W96/><G96/><T39/><D39/><U31/><E31/><V128/><F128/><W121/><G121/><T109/><D109/><U19/><E122/><V15/><F101/><W4/><REACH who="3" step="1"/><G63/><REACH who="3" ten="265,247,261,217" step="2"/><T58/><D98/><U12/><E61/><V125/><F88/><W105/><G105/><T91/><D89/><U104/><E104/><V5/><F78/><AGARI ba="0,1" hai="4,7,9,14,17,52,59,60,72,78,80,94,99,103" machi="78" ten="40,8000,1" yaku="1,1,52,1,54,1,53,1" doraHai="10" doraHaiUra="79" who="3" fromWho="2" sc="265,0,247,0,261,-80,217,90" /><INIT seed="3,0,0,1,2,86" ten="265,247,181,307" oya="3" hai0="27,121,22,31,94,92,49,0,60,112,123,59,124" hai1="127,47,125,106,74,11,29,76,34,56,96,81,70" hai2="48,90,85,100,10,72,7,57,77,79,35,6,32" hai3="91,119,114,104,111,5,89,68,30,101,33,43,105"/><W116/><G68/><T95/><D0/><U135/><E70/><V51/><F100/><W13/><G43/><T75/><D75/><U19/><E135/><V38/><F38/><W4/><G114/><T80/><D112/><U78/><E78/><V45/><F57/><W17/><G111/><T107/><D107/><U53/><E47/><V28/><F72/><W25/><G5/><T41/><D124/><N who="1" m="47691" /><E29/><V87/><F28/><W109/><G4/><T93/><D80/><U55/><E34/><V88/><REACH who="2" step="1"/><F45/><REACH who="2" ten="265,247,171,307" step="2"/><W83/><G109/><T12/><D59/><U67/><E56/><V99/><F99/><W131/><G101/><T8/><D31/><U69/><E96/><V52/><F52/><N who="1" m="20041" /><E106/><V64/><F64/><W44/><G105/><T54/><D54/><U71/><E67/><V82/><F82/><W24/><G83/><T15/><D60/><U110/><E110/><V66/><F66/><W9/><G104/><T97/><D97/><U129/><E129/><V50/><F50/><W26/><G30/><T18/><D49/><U39/><E39/><V3/><F3/><W134/><G33/><T133/><D133/><U65/><E65/><V120/><F120/><W118/><G134/><T63/><D63/><U122/><E122/><V23/><F23/><W40/><REACH who="3" step="1"/><G131/><REACH who="3" ten="265,247,171,297" step="2"/><T20/><D123/><U102/><E102/><V42/><F42/><W113/><G113/><T73/><D41/><U1/><E1/><V132/><F132/><W98/><G98/><T16/><N who="0" m="23552" /><DORA hai="128" /><T84/><D121/><U2/><E2/><V61/><F61/><W46/><G46/><RYUUKYOKU ba="0,2" sc="265,-30,247,10,171,10,297,10" hai1="11,19,69,71,74,76,81" hai2="6,7,10,32,35,48,51,77,79,85,87,88,90" hai3="9,13,17,24,25,26,40,44,89,91,116,118,119" owari="235,-16.0,257,6.0,181,-32.0,327,42.0" /></mjloggm>