<mjloggm ver="2.3"><GO type="41" lobby="0"/><UN n0="%E3%83%AD%E3%83%A0%EF%BC%A0%E3%83%AB%E3%82%A6%E3%82%A3%E3%83%BC" n1="%E5%B0%B1%E6%B4%BB%E7%94%9F%40%E5%B7%9D%E6%9D%91%E8%BB%8D%E5%9B%A3" n2="%E3%83%9C%E3%82%AF%E3%81%8A%E3%81%AA%EF%BC%92" n3="%E3%80%93%E9%9F%BF%E2%98%86%E5%A5%8F%E3%80%93" dan="15,14,14,13" rate="1946.55,1964.74,1966.71,1854.13" sx="F,M,M,M"/><TAIKYOKU oya="0"/><INIT seed="0,0,0,3,0,42" ten="250,250,250,250" oya="0" hai0="93,59,84,67,25,3,72,79,101,109,74,99,83" hai1="76,63,1,111,32,44,50,95,15,107,29,20,14" hai2="80,21,77,87,78,116,98,36,60,69,126,12,23" hai3="123,17,118,37,24,43,48,35,11,41,127,110,30"/><T34/><D3/><U7/><E107/><V28/><F36/><W19/><G110/><T124/><D109/><U106/><E106/><V104/><F126/><W82/><G118/><T73/><D124/><U8/><E111/><V94/><F104/><W114/><G37/><T75/><D67/><U0/><E76/><V57/><F69/><W51/><G114/><T121/><D121/><U132/><E132/><V133/><F133/><W120/><G127/><T92/><D59/><U100/><E32/><V96/><F96/><W2/><G82/><N who="0" m="45415" /><D25/><U52/><E63/><V70/><F70/><W129/><G41/><T122/><D34/><U49/><E49/><V65/><F116/><W33/><G43/><T39/><D39/><U64/><E64/><V22/><F78/><W55/><G35/><T4/><D4/><U134/><E134/><V117/><F12/><W97/><G51/><T112/><D122/><N who="3" m="46633" /><G129/><T5/><D5/><U58/><E58/><V130/><F130/><W102/><G11/><T46/><D112/><U86/><E1/><V45/><F117/><W131/><G2/><T90/><D46/><U16/><E29/><V125/><F45/><N who="3" m="28047" /><G131/><T115/><D115/><U88/><E0/><V85/><F125/><W6/><G6/><T54/><D54/><U128/><E128/><V81/><F28/><W62/><G62/><T119/><D119/><U71/><E71/><V135/><F135/><W18/><G17/><T9/><D9/><U103/><AGARI ba="0,0" hai="7,8,14,15,16,20,44,50,52,86,88,95,100,103" machi="103" ten="30,12000,2" yaku="0,1,8,1,52,1,54,3" doraHai="42" who="1" fromWho="1" sc="250,-60,250,120,250,-30,250,-30" /><INIT seed="1,0,0,1,1,84" ten="190,370,220,220" oya="1" hai0="83,19,128,12,48,41,33,2,56,89,0,67,86" hai1="91,51,120,8,96,92,106,20,23,52,40,98,78" hai2="102,97,24,1,124,5,116,46,31,30,25,79,61" hai3="126,131,59,21,9,90,68,58,100,66,65,6,75"/><U70/><E120/><V73/><F116/><W129/><G75/><T114/><D33/><U107/><E70/><V135/><F124/><W87/><G100/><T115/><D128/><N who="3" m="49225" /><G68/><T112/><D67/><N who="3" m="25609" /><G21/><T95/><D83/><U42/><E78/><V132/><F73/><W38/><G38/><T50/><D41/><U60/><E60/><V121/><F121/><W104/><G104/><T4/><D4/><U11/><E106/><V26/><F79/><W85/><G85/><T10/><REACH who="0" step="1"/><D56/><REACH who="0" ten="180,370,220,220" step="2"/><N who="1" m="32799" /><E107/><V22/><F5/><W117/><G117/><T32/><D32/><U34/><E34/><V57/><F57/><W82/><G126/><T69/><D69/><U39/><E39/><V105/><F105/><W74/><G74/><T133/><D133/><U71/><E71/><V119/><F135/><W110/><G110/><T49/><AGARI ba="0,1" hai="0,2,10,12,19,48,49,50,86,89,95,112,114,115" machi="49" ten="40,5200,0" yaku="1,1,0,1,52,1,53,0" doraHai="84" doraHaiUra="27" who="0" fromWho="0" sc="180,62,370,-26,220,-13,220,-13" /><INIT seed="2,0,0,5,1,80" ten="242,344,207,207" oya="2" hai0="74,67,98,10,49,120,39,16,58,75,73,134,110" hai1="25,68,38,57,84,29,105,111,126,12,70,13,37" hai2="19,45,128,43,59,88,89,0,96,117,83,26,21" hai3="30,78,115,133,116,18,124,77,112,97,101,119,61"/><V86/><F117/><N who="3" m="45131" /><G30/><T103/><D39/><U99/><E111/><V107/><F0/><W44/><G18/><T34/><D110/><U56/><E126/><V5/><F5/><W93/><G44/><T51/><D120/><U20/><E105/><V33/><F33/><W65/><G65/><T100/><D134/><U22/><E99/><V102/><F59/><W4/><G61/><T72/><D72/><U81/><E81/><V8/><F8/><W94/><G4/><T46/><D34/><U87/><E25/><V50/><REACH who="2" step="1"/><F128/><REACH who="2" ten="242,344,197,207" step="2"/><W63/><G133/><T53/><D10/><U69/><E69/><V121/><F121/><W40/><G124/><T132/><D58/><U106/><E106/><V113/><F113/><N who="3" m="43595" /><G63/><T135/><D135/><U28/><AGARI ba="0,1" hai="12,13,20,22,28,29,37,38,56,57,68,70,84,87" machi="28" ten="25,8000,1" yaku="0,1,22,2,52,2" doraHai="80" who="1" fromWho="1" sc="242,-20,344,90,197,-40,207,-20" /><INIT seed="3,0,0,2,0,75" ten="222,434,157,187" oya="3" hai0="22,109,21,91,52,110,88,118,74,108,17,77,122" hai1="95,51,47,81,35,34,128,15,63,0,98,9,135" hai2="97,53,66,50,119,7,37,30,116,70,27,114,93" hai3="26,101,5,103,120,87,45,23,69,99,20,33,55"/><W54/><G69/><T102/><D122/><U19/><E128/><V61/><F114/><W84/><G5/><T113/><D113/><U90/><E135/><V83/><F7/><W79/><G33/><T48/><D118/><U111/><E111/><V60/><F37/><W133/><G133/><T124/><D102/><U117/><E117/><V104/><F61/><W92/><G120/><T107/><D107/><U89/><E0/><V64/><F64/><W80/><G45/><N who="0" m="27663" /><D124/><U105/><E105/><V6/><F6/><W44/><G44/><T131/><D131/><U72/><E63/><V29/><F83/><W24/><G103/><T14/><D22/><U82/><E82/><AGARI ba="0,0" hai="14,17,21,74,77,82,88,91,108,109,110" m="27663" machi="82" ten="30,7700,0" yaku="14,1,52,1,54,2" doraHai="75" who="0" fromWho="1" sc="222,77,434,-77,157,0,187,0" /><INIT seed="4,0,0,3,3,18" ten="299,357,157,187" oya="0" hai0="64,125,30,61,96,73,56,52,24,67,85,128,70" hai1="46,29,51,65,15,31,80,54,43,107,36,103,55" hai2="33,37,28,106,109,7,100,10,32,97,4,41,130" hai3="39,78,129,113,77,81,12,59,76,58,5,50,119"/><T63/><D73/><U104/><E65/><V69/><F109/><W20/><G113/><T2/><D2/><U38/><E38/><V83/><F7/><W102/><G129/><T108/><D128/><U82/><E15/><V16/><F130/><W124/><G39/><T14/><D125/><U120/><E120/><V99/><F99/><W132/><G132/><T1/><D1/><U60/><E60/><V93/><F93/><W74/><G124/><T11/><D96/><U84/><E80/><V17/><F83/><W86/><G74/><T90/><D108/><U71/><E71/><V42/><F69/><W27/><G102/><T87/><D67/><U133/><E55/><V118/><F118/><W8/><G119/><T92/><D87/><U62/><E62/><V111/><F111/><W49/><G49/><T105/><D105/><U57/><E133/><V88/><F28/><W116/><G116/><T115/><D115/><U45/><E45/><V47/><F41/><W44/><G76/><T13/><REACH who="0" step="1"/><D11/><REACH who="0" ten="289,357,157,187" step="2"/><U131/><E131/><V89/><F10/><W122/><G77/><T101/><D101/><U3/><E3/><V94/><F106/><W98/><G98/><T66/><D66/><U121/><E121/><V112/><F112/><W79/><G79/><T75/><D75/><U127/><E127/><V110/><F110/><W134/><G134/><T72/><D72/><U9/><E9/><V6/><F100/><W22/><G122/><T91/><D91/><N who="1" m="51607" /><E103/><V19/><F89/><W114/><G114/><T25/><D25/><U123/><E123/><V40/><F88/><RYUUKYOKU ba="0,1" sc="289,15,357,15,157,-15,187,-15" hai0="13,14,24,30,52,56,61,63,64,70,85,90,92" hai1="29,31,36,43,46,51,54,57,104,107" /><INIT seed="4,1,1,1,3,27" ten="304,372,142,172" oya="0" hai0="96,134,42,3,86,31,55,93,132,1,108,23,103" hai1="33,10,36,67,51,126,87,79,77,28,118,85,121" hai2="111,54,116,44,45,92,4,39,127,29,89,34,63" hai3="110,18,5,105,83,57,46,52,35,37,69,102,100"/><T130/><D130/><U125/><E36/><V90/><F111/><W41/><G110/><T0/><D108/><U101/><E118/><V73/><F116/><W25/><G5/><T20/><D42/><U94/><E121/><V66/><F73/><W129/><G83/><T16/><D86/><N who="1" m="32779" /><E67/><V43/><F127/><N who="1" m="48649" /><E10/><V6/><F90/><W75/><G75/><T133/><D31/><U109/><E109/><V53/><F34/><W24/><G129/><T58/><REACH who="0" step="1"/><D16/><REACH who="0" ten="294,372,142,172" step="2"/><U21/><E21/><V71/><F29/><W104/><G18/><T49/><AGARI ba="1,2" hai="0,1,3,20,23,49,55,58,93,96,103,132,133,134" machi="49" ten="40,12000,1" yaku="1,1,2,1,0,1,20,1,53,0" doraHai="27" doraHaiUra="12" who="0" fromWho="0" sc="294,143,372,-41,142,-41,172,-41" /><INIT seed="4,2,0,3,0,42" ten="437,331,101,131" oya="0" hai0="85,97,134,40,82,28,78,24,17,15,63,23,5" hai1="119,103,62,96,43,31,68,13,128,26,16,77,75" hai2="106,8,124,122,33,60,69,32,95,92,91,87,102" hai3="129,39,14,46,114,130,57,115,88,56,123,98,125"/><T61/><D134/><U101/><E119/><V64/><F122/><W20/><G123/><T55/><D40/><U12/><E128/><N who="3" m="49258" /><G20/><T76/><D76/><U27/><E43/><V117/><F117/><W80/><G14/><T1/><D97/><U35/><E101/><V67/><F124/><W48/><G39/><T65/><D65/><N who="1" m="41015" /><E77/><V2/><F67/><W72/><G72/><T18/><D18/><U81/><E81/><V66/><F66/><W7/><G7/><T38/><D38/><U19/><E75/><V6/><F106/><W49/><G49/><T22/><D1/><U116/><E116/><V131/><F131/><W135/><G135/><T105/><D105/><N who="1" m="63719" /><E19/><V90/><REACH who="2" step="1"/><F102/><REACH who="2" ten="437,331,91,131" step="2"/><W37/><G37/><T44/><D5/><U25/><E13/><V53/><F53/><N who="3" m="29847" /><G125/><T109/><D109/><U71/><E71/><V79/><F79/><W10/><G98/><AGARI ba="2,1" hai="2,6,8,32,33,60,64,69,87,90,91,92,95,98" machi="98" ten="30,2000,0" yaku="1,1,7,1,53,0" doraHai="42" doraHaiUra="126" who="2" fromWho="3" sc="437,0,331,0,91,36,131,-26" /><INIT seed="5,0,0,3,5,58" ten="437,331,127,105" oya="1" hai0="45,35,100,70,12,128,59,71,72,37,48,78,44" hai1="25,50,38,106,0,5,27,89,36,93,117,87,120" hai2="121,49,98,118,9,132,113,33,46,29,11,65,2" hai3="8,84,53,88,4,134,103,17,57,91,1,47,112"/><U23/><E117/><V14/><F118/><W119/><G112/><T20/><D35/><U110/><E120/><V73/><F121/><W80/><G134/><T102/><D59/><U68/><E106/><V124/><F132/><W92/><G103/><T111/><D111/><U126/><E68/><V34/><F73/><W39/><G39/><T99/><D102/><U16/><E126/><V51/><F124/><W131/><G131/><T24/><D12/><U54/><E110/><V60/><F113/><W10/><G47/><T129/><D37/><U64/><E64/><V42/><F2/><W97/><G119/><T74/><D45/><U55/><E55/><V130/><F130/><N who="0" m="50282" /><D78/><U32/><E5/><V62/><F29/><W56/><G57/><T86/><D86/><U6/><E6/><V31/><F31/><W125/><G125/><T116/><D116/><U63/><E0/><V81/><F98/><W18/><REACH who="3" step="1"/><G10/><REACH who="3" ten="437,331,127,95" step="2"/><T90/><D71/><U21/><E38/><N who="2" m="21847" /><F11/><W75/><G75/><T104/><D70/><U13/><E36/><V15/><F9/><W96/><G96/><T69/><D69/><U108/><E108/><V61/><F65/><W95/><G95/><N who="0" m="56823" /><D100/><U7/><E93/><V127/><F127/><W85/><G85/><T43/><D104/><U115/><E87/><V101/><F101/><W133/><G133/><T30/><AGARI ba="0,1" hai="20,24,30,43,44,48,72,74" m="56823,50282" machi="30" ten="30,1100,0" yaku="19,1" doraHai="58" who="0" fromWho="0" sc="437,21,331,-5,127,-3,95,-3" /><INIT seed="6,0,0,3,5,0" ten="458,326,124,92" oya="2" hai0="57,34,81,97,36,43,73,108,74,102,109,131,95" hai1="115,70,38,85,135,116,63,3,15,26,7,53,92" hai2="78,123,58,30,119,75,67,129,72,83,24,103,101" hai3="50,128,9,17,25,31,133,80,110,134,62,20,10"/><V68/><F119/><W2/><G62/><T12/><D34/><U6/><E38/><V122/><F75/><W106/><G106/><T111/><D57/><U16/><E3/><V104/><F129/><W91/><G110/><T127/><D127/><U71/><E115/><V89/><F58/><W45/><G80/><T32/><D32/><U64/><E116/><V14/><F14/><N who="3" m="9271" /><G91/><T132/><D132/><N who="3" m="50793" /><G45/><T19/><D81/><U40/><E71/><V54/><F54/><W84/><G84/><T82/><D82/><U79/><E40/><V100/><F89/><W8/><G50/><T77/><D131/><U13/><E135/><V76/><F76/><W113/><G113/><T118/><D77/><U126/><E126/><V18/><F104/><W33/><G128/><T88/><D118/><U99/><E26/><V87/><F72/><W52/><G52/><T1/><D74/><U93/><E15/><V5/><F68/><W44/><G44/><T121/><D12/><U51/><E79/><V27/><F67/><W130/><G130/><T46/><D109/><U48/><E85/><V23/><REACH who="2" step="1"/><F5/><AGARI ba="0,0" hai="2,5,8,9,10,25,31,33" m="50793,9271" machi="5" ten="30,8000,1" yaku="24,1,20,1,34,2,52,1" doraHai="0" who="3" fromWho="2" sc="458,0,326,0,124,-80,92,80" /><INIT seed="7,0,0,5,5,105" ten="458,326,44,172" oya="3" hai0="53,114,115,95,14,125,99,11,7,120,17,26,80" hai1="57,104,119,132,16,19,67,41,28,77,111,126,35" hai2="69,39,0,82,27,92,135,13,97,21,24,52,89" hai3="131,79,90,15,62,47,6,20,50,81,56,30,64"/><W9/><G131/><T110/><D110/><U23/><E104/><V55/><F39/><W84/><G90/><T36/><D36/><U76/><E111/><V40/><F69/><W116/><G116/><T44/><D125/><U60/><E35/><V1/><F40/><W91/><G91/><N who="0" m="55807" /><D120/><U113/><E119/><V100/><F135/><W134/><G134/><T59/><D44/><U74/><E126/><V85/><F1/><W101/><G101/><T107/><D107/><U54/><E132/><V128/><F128/><W129/><G129/><T4/><D26/><N who="1" m="16479" /><E74/><V37/><F37/><W83/><G83/><T42/><D80/><U86/><E41/><V32/><F0/><W102/><G102/><T31/><D42/><U133/><E133/><V51/><F32/><W117/><G117/><T96/><D96/><U5/><E5/><V65/><F65/><W63/><G63/><N who="0" m="36335" /><D31/><U98/><E98/><V38/><F38/><W123/><G30/><T106/><D106/><U121/><E113/><AGARI ba="0,0" hai="4,7,11,14,17,113,114,115" m="36335,55807" machi="113" ten="30,2000,0" yaku="15,1,11,1" doraHai="105" who="0" fromWho="1" sc="458,20,326,-20,44,0,172,0" owari="478,58.0,306,11.0,44,-46.0,172,-23.0" /></mjloggm>