<mjloggm ver="2.3"><GO type="41" lobby="0"/><UN n0="%E4%B9%9D%E5%B0%BE%E7%99%BD%E7%8B%90" n1="%6B%61%6C%75" n2="%47%49%4E%E3%83%88%E3%83%8B%E3%83%83%E3%82%AF" n3="%E5%B0%B1%E6%B4%BB%E7%94%9F%40%E5%B7%9D%E6%9D%91%E8%BB%8D%E5%9B%A3" dan="15,14,16,17" rate="2096.66,1923.23,1997.17,2142.94" sx="M,M,F,M"/><TAIKYOKU oya="0"/><INIT seed="0,0,0,4,3,47" ten="250,250,250,250" oya="0" hai0="21,100,123,45,114,130,96,12,104,19,60,28,122" hai1="115,50,63,77,29,26,97,89,81,37,128,42,101" hai2="53,83,66,55,18,121,24,118,7,41,91,119,6" hai3="86,99,98,30,61,5,105,90,54,31,11,64,38"/><T116/><D116/><N who="2" m="44586" /><F121/><W113/><G38/><T125/><D114/><U95/><E115/><V85/><F66/><W48/><G113/><T16/><D130/><U79/><E128/><V75/><F75/><W82/><G30/><T40/><D125/><U15/><E37/><V134/><F134/><W44/><G31/><T13/><D60/><U94/><E63/><V17/><F41/><W111/><G111/><T109/><D28/><U124/><E15/><V132/><F132/><W80/><G80/><T2/><D2/><U74/><E79/><V84/><F84/><W3/><REACH who="3" step="1"/><G105/><REACH who="3" ten="250,250,250,240" step="2"/><T1/><D109/><U127/><E127/><V133/><F133/><W4/><G4/><T102/><D102/><U25/><E124/><V14/><F18/><W110/><G110/><T39/><REACH who="0" step="1"/><D1/><REACH who="0" ten="240,250,250,240" step="2"/><U36/><E29/><V0/><F0/><W129/><G129/><T93/><D93/><U32/><E95/><V103/><F103/><W27/><G27/><T112/><D112/><U88/><E26/><V34/><F24/><W78/><G78/><T59/><D59/><AGARI ba="0,2" hai="3,5,11,44,48,54,59,61,64,82,86,90,98,99" machi="59" ten="30,3900,0" yaku="1,1,7,1,52,1,53,0" doraHai="47" doraHaiUra="9" who="3" fromWho="0" sc="240,-39,250,0,250,0,240,59" /><INIT seed="1,0,0,4,4,4" ten="201,250,250,299" oya="1" hai0="52,135,116,79,83,91,130,53,133,87,23,28,22" hai1="60,38,104,90,5,64,115,65,43,120,73,16,131" hai2="67,21,69,34,103,57,89,10,105,51,17,82,25" hai3="100,59,45,125,68,126,9,123,122,128,106,42,55"/><U109/><E115/><V1/><F69/><W124/><G106/><T97/><D116/><U36/><E120/><N who="3" m="46122" /><G100/><T102/><D130/><U71/><E104/><V94/><F105/><W86/><G86/><T111/><D111/><U113/><E113/><V75/><F103/><W58/><G128/><T70/><D70/><U85/><E131/><V31/><F75/><W92/><G92/><N who="0" m="58663" /><D28/><U80/><E65/><V33/><F82/><W26/><G26/><T117/><D117/><U2/><E109/><V56/><F67/><W95/><G95/><T8/><D79/><U6/><E73/><V50/><F34/><W74/><G74/><T119/><D119/><U118/><E118/><V15/><F56/><W134/><G134/><N who="0" m="51211" /><D22/><U24/><E43/><V72/><F57/><W30/><G30/><T47/><D47/><U132/><E132/><V49/><F72/><W96/><G96/><T20/><D23/><U127/><E2/><V14/><F1/><W93/><G93/><T35/><D20/><U66/><E71/><V27/><F27/><W121/><G121/><T3/><D35/><U54/><E24/><V41/><F15/><W19/><G68/><T84/><D84/><U107/><E107/><V12/><F12/><N who="3" m="7567" /><G55/><T39/><D39/><AGARI ba="0,0" hai="39,42,45,58,59,124,125,126" m="7567,46122" machi="39" ten="40,2600,0" yaku="18,1,52,1" doraHai="4" who="3" fromWho="0" sc="201,-26,250,0,250,0,299,26" /><INIT seed="2,0,0,4,2,9" ten="175,250,250,325" oya="2" hai0="40,98,75,77,37,115,56,92,31,113,132,87,18" hai1="90,32,17,6,116,67,52,11,16,78,62,54,66" hai2="2,1,51,26,48,74,57,44,108,122,82,45,106" hai3="135,107,33,96,120,81,69,34,102,29,105,19,65"/><V88/><F122/><W61/><G120/><T117/><D117/><U30/><E116/><V76/><F106/><W27/><G135/><T86/><D31/><U23/><E78/><V89/><F26/><W68/><G68/><T104/><D56/><U25/><E90/><V50/><F57/><W71/><G71/><T64/><D64/><N who="1" m="24619" /><E62/><V49/><N who="2" m="12288" /><DORA hai="110" /><V4/><F108/><W101/><G101/><N who="0" m="62519" /><D18/><U119/><E119/><V130/><F130/><W46/><G46/><T58/><D58/><U12/><E17/><V70/><F70/><W85/><G19/><T47/><D132/><U38/><E38/><V5/><F45/><W112/><G112/><N who="0" m="43083" /><D47/><U121/><E121/><V109/><F109/><W13/><G13/><T95/><D40/><U127/><E127/><V97/><F44/><W73/><G73/><T125/><D37/><U133/><E133/><V59/><F59/><W129/><G129/><T24/><D24/><U28/><E32/><V43/><F43/><W94/><G34/><T53/><D53/><AGARI ba="0,0" hai="6,11,12,16,23,25,28,30,52,53,54" m="24619" machi="53" ten="30,7700,0" yaku="8,1,52,1,54,2" doraHai="9,110" who="1" fromWho="0" sc="175,-77,250,77,250,0,325,0" /><INIT seed="3,0,0,0,3,96" ten="98,327,250,325" oya="3" hai0="54,23,66,113,85,47,75,123,86,18,101,31,65" hai1="48,68,2,128,71,132,84,100,105,8,19,119,103" hai2="7,10,29,32,87,13,114,98,15,135,81,49,122" hai3="43,1,62,110,41,131,46,72,67,53,111,80,125"/><W90/><G1/><T17/><D75/><U58/><E2/><V0/><F114/><W40/><G72/><T116/><D123/><U34/><E34/><V93/><F122/><W126/><G80/><T95/><D116/><U63/><E71/><V30/><F135/><W24/><G90/><T35/><D113/><U102/><E68/><V39/><F39/><W82/><G82/><T73/><D73/><U3/><E105/><V112/><F112/><W9/><G9/><T106/><D106/><U107/><E107/><V97/><F97/><W129/><G24/><N who="0" m="16799" /><D35/><U55/><E84/><N who="0" m="32361" /><D54/><U11/><E3/><V70/><F70/><N who="3" m="42359" /><G46/><T20/><D47/><U12/><E132/><V133/><F133/><W104/><G53/><T57/><D57/><N who="1" m="32999" /><E128/><N who="3" m="49226" /><G104/><T16/><D20/><N who="1" m="11367" /><E119/><V99/><F32/><W4/><G4/><T61/><D61/><U36/><E36/><V52/><F0/><W51/><G51/><T79/><D79/><U74/><E74/><V25/><F87/><W118/><G118/><T59/><D59/><U5/><E5/><V45/><F81/><W14/><G14/><T130/><D130/><U6/><E6/><V91/><F15/><W88/><G88/><T56/><D56/><U89/><E89/><N who="2" m="55599" /><F25/><W22/><G22/><T108/><D108/><AGARI ba="0,0" hai="40,41,43,108,110,111,125,126" m="49226,42359" machi="108" ten="40,12000,1" yaku="14,1,10,1,19,1,34,2" doraHai="96" who="3" fromWho="0" sc="98,-120,327,0,250,0,325,120" owari="-22,-52.0,327,13.0,250,-15.0,445,54.0" /></mjloggm>