<mjloggm ver="2.3"><GO type="41" lobby="0"/><UN n0="%E3%83%AD%E3%83%B3%E3%81%A1%E3%82%83%E3%82%93%E5%90%9B%E6%B4%A5%E5%BA%97" n1="%E9%BA%BB%E9%9B%80%E4%B9%9D%E7%B4%9A" n2="%E5%B0%B1%E6%B4%BB%E7%94%9F%40%E5%B7%9D%E6%9D%91%E8%BB%8D%E5%9B%A3" n3="%E5%BA%83%E5%B3%B6%E8%96%97%E7%94%B0" dan="13,15,15,13" rate="2030.60,1971.23,2030.62,1858.85" sx="M,F,M,M"/><TAIKYOKU oya="0"/><INIT seed="0,0,0,4,5,26" ten="250,250,250,250" oya="0" hai0="89,115,134,5,83,105,130,119,90,79,80,122,2" hai1="127,11,27,133,103,33,35,109,42,99,9,44,125" hai2="22,69,53,98,67,71,64,61,6,43,13,112,18" hai3="23,104,93,111,113,10,66,116,28,48,55,65,88"/><T97/><D2/><U4/><E109/><V78/><F112/><W77/><G104/><T47/><D5/><U45/><E133/><V132/><F132/><W41/><G113/><T49/><D134/><U70/><E70/><V52/><F78/><W95/><G116/><T20/><D115/><U128/><E128/><V76/><F76/><W1/><G111/><T0/><D0/><N who="1" m="135" /><E11/><V37/><F6/><W3/><G77/><T131/><D119/><U108/><E108/><V124/><F124/><N who="1" m="47689" /><E27/><V121/><F121/><W68/><G95/><T32/><D122/><U123/><E123/><V129/><F129/><N who="0" m="49162" /><D32/><N who="1" m="12363" /><E42/><V73/><F73/><W34/><G34/><T59/><D59/><U117/><E117/><V50/><F98/><W51/><G68/><T16/><D105/><AGARI ba="0,0" hai="44,45,99,103,105" m="12363,47689,135" machi="105" ten="30,1000,0" yaku="18,1" doraHai="26" who="1" fromWho="0" sc="250,-10,250,10,250,0,250,0" /><INIT seed="1,0,0,4,0,109" ten="240,260,250,250" oya="1" hai0="27,5,62,73,135,1,89,76,119,113,58,88,65" hai1="7,3,93,52,81,122,32,95,118,46,44,54,63" hai2="41,132,126,59,68,26,40,38,104,71,70,20,117" hai3="16,128,37,92,50,96,33,13,43,25,6,105,80"/><U87/><E122/><V57/><F104/><W42/><G105/><T102/><D119/><U61/><E118/><V31/><F117/><W86/><G128/><T106/><D113/><U53/><E32/><V18/><F126/><W125/><G125/><T100/><D135/><U60/><E3/><V77/><F132/><W11/><G37/><T66/><D73/><U35/><E35/><V124/><F124/><W130/><G130/><T12/><D1/><U14/><E14/><V83/><F31/><W74/><G74/><T121/><D121/><U30/><E30/><V19/><F19/><W131/><G131/><T115/><D115/><U28/><E28/><V23/><F23/><N who="3" m="13543" /><G33/><T84/><D27/><U47/><E7/><V97/><F97/><W85/><G50/><T133/><D133/><U36/><E36/><V82/><F38/><W99/><G99/><T4/><D106/><U129/><E129/><V103/><F103/><N who="0" m="39466" /><D65/><U64/><E64/><V112/><F112/><W39/><G39/><T78/><D89/><AGARI ba="0,0" hai="44,46,47,52,53,54,60,61,63,81,87,89,93,95" machi="89" ten="50,12000,1" yaku="29,2,8,1,54,1" doraHai="109" who="1" fromWho="0" sc="240,-120,260,120,250,0,250,0" /><INIT seed="1,1,0,4,3,89" ten="120,380,250,250" oya="1" hai0="26,36,48,8,114,129,59,74,67,86,78,10,105" hai1="103,33,39,112,0,69,111,104,2,117,93,134,37" hai2="32,95,16,3,83,23,1,75,73,70,124,53,84" hai3="107,76,9,34,119,28,29,55,4,25,43,92,42"/><U121/><E103/><V71/><F32/><W58/><G107/><T49/><D36/><U54/><E54/><V52/><F124/><W14/><G29/><T7/><D105/><U64/><E64/><V96/><F73/><W106/><G76/><T118/><D118/><U21/><E93/><V20/><F75/><W68/><G106/><T108/><D114/><U94/><E94/><V91/><F20/><W18/><G68/><T127/><D74/><U62/><E62/><V131/><F131/><W38/><G38/><T133/><D129/><U72/><E21/><V116/><F116/><W109/><G109/><T135/><D108/><U82/><E82/><V41/><F41/><W101/><G119/><T40/><D127/><U15/><E15/><V6/><F71/><W122/><G122/><T97/><D97/><U130/><E2/><V115/><F70/><W123/><G123/><T126/><D126/><AGARI ba="1,0" hai="0,33,37,39,69,72,104,111,112,117,121,126,130,134" machi="126" ten="0,48000,5" yakuman="47" doraHai="89" who="1" fromWho="0" sc="120,-483,380,483,250,0,250,0" owari="-363,-86.0,863,96.0,250,5.0,250,-15.0" /></mjloggm>