<mjloggm ver="2.3"><GO type="169" lobby="0"/><UN n0="%E7%8B%AC%E6%AD%A9" n1="%4A%61%6E%2D%4D%61%63%68" n2="%77%61%72%75" n3="%E3%83%88%E3%83%88%E3%83%AA%E5%85%88%E7%94%9F%31%39%E6%AD%B3" dan="20,16,16,18" rate="2178.88,2116.13,2072.09,2153.64" sx="M,M,M,F"/><TAIKYOKU oya="0"/><INIT seed="0,0,0,3,5,129" ten="250,250,250,250" oya="0" hai0="7,39,37,77,81,115,66,49,99,101,74,50,30" hai1="31,58,104,112,91,106,16,122,40,135,88,68,116" hai2="85,42,34,134,57,29,20,96,126,8,125,52,76" hai3="102,109,75,51,69,84,2,41,9,1,121,38,98"/><T27/><D115/><U6/><E68/><V78/><F42/><W89/><G75/><T120/><D7/><U54/><E40/><V93/><F34/><W46/><G69/><T59/><D120/><U103/><E122/><V36/><F36/><W43/><G121/><T95/><D50/><U79/><E79/><V92/><F8/><W33/><G33/><T17/><D17/><U3/><E31/><V47/><F47/><W15/><G109/><T108/><D108/><U110/><E116/><V114/><F114/><W65/><G65/><T80/><D80/><U86/><E91/><V12/><F93/><W21/><G21/><T0/><D0/><U87/><E87/><V70/><F70/><W131/><G131/><T4/><D4/><U117/><E117/><V56/><F56/><W60/><G60/><T45/><D45/><U113/><E110/><V18/><F29/><W83/><G41/><T100/><D100/><U82/><E112/><V118/><F118/><W5/><REACH who="3" step="1"/><G38/><REACH who="3" ten="250,250,250,240" step="2"/><T53/><D66/><U128/><E113/><V133/><F78/><W48/><G48/><T26/><D26/><U107/><E128/><V73/><F73/><W24/><G24/><T32/><AGARI ba="0,1" hai="27,30,32,37,39,49,53,59,74,77,81,95,99,101" machi="32" ten="20,2100,0" yaku="0,1,7,1" doraHai="129" who="0" fromWho="0" sc="250,31,250,-7,250,-7,240,-7" /><INIT seed="0,1,0,1,0,10" ten="281,243,243,233" oya="0" hai0="2,35,23,32,74,111,27,81,104,40,109,57,132" hai1="119,108,19,4,25,49,60,131,75,127,51,93,6" hai2="5,86,7,101,76,89,13,124,70,52,14,67,61" hai3="16,42,71,46,39,64,33,130,9,129,68,72,22"/><T77/><D104/><U110/><E75/><V26/><F101/><W90/><G33/><T94/><D2/><U47/><E119/><V123/><F123/><W36/><G72/><T20/><D132/><U28/><E60/><V8/><F124/><W58/><G39/><T18/><D40/><U120/><E120/><V66/><F76/><W112/><G112/><T118/><D118/><U114/><E127/><V30/><F67/><W100/><G9/><T69/><D69/><U31/><E93/><V99/><F99/><W21/><G21/><T50/><D94/><U91/><E91/><V102/><F102/><W29/><G29/><N who="1" m="11338" /><E49/><V37/><F37/><W65/><G90/><T98/><D98/><U107/><E107/><V87/><F89/><W92/><G92/><T135/><D135/><U15/><E25/><V82/><F82/><W96/><G96/><T97/><D97/><U115/><E131/><N who="3" m="50186" /><G100/><T0/><D0/><U78/><E78/><V11/><REACH who="2" step="1"/><F52/><REACH who="2" ten="281,243,233,233" step="2"/><W128/><G128/><T62/><D50/><U63/><E115/><V56/><F56/><W134/><G134/><T133/><D133/><U113/><E114/><V117/><F117/><W3/><G58/><T41/><D41/><N who="1" m="25071" /><E113/><V80/><F80/><W17/><G68/><T12/><D57/><U79/><E79/><V106/><F106/><W45/><G71/><T88/><D88/><U122/><E122/><V38/><F38/><W44/><G36/><T54/><D54/><U43/><E43/><V95/><F95/><W24/><G42/><T53/><D53/><U125/><E125/><V126/><F126/><RYUUKYOKU ba="1,1" sc="281,-10,243,-10,233,30,233,-10" hai2="5,7,8,11,13,14,26,30,61,66,70,86,87" /><INIT seed="1,2,1,0,0,77" ten="271,233,263,223" oya="1" hai0="95,98,28,50,108,20,63,118,124,9,91,25,27" hai1="82,68,133,53,88,135,29,73,1,61,46,78,87" hai2="101,131,26,129,111,94,47,83,5,128,76,59,34" hai3="2,106,15,119,39,57,6,81,10,22,79,52,37"/><U109/><E1/><V56/><F5/><W13/><G106/><T93/><D118/><U74/><E29/><N who="2" m="19767" /><F111/><W100/><G100/><T3/><D124/><U107/><E107/><V89/><F47/><W51/><G119/><T14/><D3/><U43/><E109/><V48/><F48/><W72/><REACH who="3" step="1"/><G22/><REACH who="3" ten="271,233,263,213" step="2"/><T75/><D108/><U127/><E127/><V80/><F101/><W8/><G8/><T55/><D20/><U33/><E33/><V134/><F134/><N who="1" m="51209" /><E78/><V19/><F19/><W11/><G11/><T86/><D28/><U122/><E122/><V132/><F132/><W90/><G90/><T18/><D91/><U31/><E31/><V84/><F76/><W67/><G67/><T44/><D9/><U24/><E24/><V85/><F85/><W96/><G96/><T62/><D86/><U36/><E53/><V112/><F112/><W126/><G126/><T21/><D27/><U32/><E32/><V54/><F54/><W114/><G114/><T23/><D98/><U125/><E125/><V110/><F110/><W66/><G66/><AGARI ba="2,2" hai="36,43,46,61,66,68,73,74,82,87,88" m="51209" machi="66" ten="30,5800,0" yaku="20,1,52,1,54,1" doraHai="77" who="1" fromWho="3" sc="271,0,233,84,263,0,213,-64" /><INIT seed="1,3,0,4,4,98" ten="271,317,263,149" oya="1" hai0="2,44,25,92,51,108,102,60,17,87,18,42,77" hai1="63,94,20,123,109,84,81,120,29,97,34,113,104" hai2="105,91,0,1,71,88,101,54,62,40,106,36,38" hai3="72,121,103,57,112,132,14,47,11,126,26,13,114"/><U5/><E34/><V129/><F129/><W95/><G121/><T31/><D2/><U48/><E5/><V96/><F106/><W23/><G72/><T7/><D7/><U69/><E104/><V21/><F91/><W39/><G132/><T16/><D108/><U28/><E113/><V135/><F135/><W122/><G122/><T33/><D77/><U66/><E48/><V85/><F21/><W52/><G126/><T86/><REACH who="0" step="1"/><D60/><REACH who="0" ten="261,317,263,149" step="2"/><U55/><E109/><V83/><F0/><W133/><G133/><T56/><D56/><U78/><E123/><V93/><F1/><W22/><G114/><T3/><D3/><U73/><E120/><V131/><F131/><W128/><G128/><T118/><D118/><U82/><E63/><V30/><F71/><W99/><G112/><T100/><D100/><N who="1" m="60471" /><E69/><V41/><F36/><W58/><G39/><T90/><D90/><U75/><E78/><V67/><F38/><W68/><G68/><T6/><D6/><U65/><E75/><V76/><F76/><W32/><G57/><T70/><D70/><U35/><E73/><V125/><F125/><W127/><G127/><T111/><D111/><U89/><E89/><V15/><F67/><W124/><G58/><T9/><D9/><U119/><E66/><V24/><F24/><W80/><G11/><T10/><D10/><U79/><E119/><V19/><F40/><W12/><G124/><T4/><D4/><U74/><E65/><V116/><F41/><W107/><G26/><T115/><D115/><U130/><E74/><V37/><F37/><W53/><G103/><RYUUKYOKU ba="3,1" sc="261,30,317,-10,263,-10,149,-10" hai0="16,17,18,25,31,33,42,44,51,86,87,92,102" /><INIT seed="2,4,1,1,2,45" ten="291,307,253,139" oya="2" hai0="126,117,84,35,34,86,78,135,9,72,61,107,88" hai1="13,51,100,14,11,111,21,71,70,37,91,65,74" hai2="85,5,48,17,114,41,109,93,43,128,36,131,25" hai3="55,106,104,7,56,33,95,81,63,116,57,6,101"/><V103/><F114/><W69/><G116/><T113/><D113/><U19/><E37/><V38/><F5/><W54/><G33/><T42/><D107/><U46/><E74/><V62/><F62/><W31/><G31/><T15/><D72/><U87/><E100/><V108/><F103/><W28/><G28/><T129/><D129/><N who="2" m="49738" /><F93/><W134/><G69/><T112/><D112/><U23/><E111/><N who="2" m="42571" /><F85/><W124/><G81/><T53/><D86/><U49/><E65/><V64/><F64/><W68/><G68/><T82/><D117/><U67/><E67/><V73/><F73/><W80/><G80/><T29/><D84/><U83/><E70/><V120/><F120/><W1/><G101/><T102/><D102/><U39/><E71/><V94/><F94/><W4/><G95/><T110/><D82/><U98/><E98/><V105/><F105/><W97/><G97/><T115/><D110/><U121/><E121/><V58/><F17/><W40/><G7/><T60/><D60/><U90/><E90/><V125/><F25/><W99/><G99/><T10/><D61/><U20/><E14/><V24/><F24/><W32/><G63/><T26/><D15/><U3/><E3/><V127/><F38/><W92/><G1/><T119/><D26/><U12/><E12/><V75/><F75/><W50/><G104/><T66/><D115/><U27/><E27/><V44/><F43/><W118/><G106/><T8/><D66/><U123/><E123/><V16/><F16/><W0/><G0/><T30/><D42/><N who="1" m="24791" /><E39/><V18/><F18/><W47/><G40/><RYUUKYOKU ba="4,1" sc="291,-15,307,15,253,15,139,-15" hai1="11,13,19,20,21,23,51,83,87,91" hai2="36,41,44,48,58,125,127" /><INIT seed="2,5,1,1,1,98" ten="276,322,268,124" oya="2" hai0="27,8,32,38,79,18,108,126,104,36,110,0,56" hai1="114,58,39,29,80,116,135,123,24,102,72,84,23" hai2="96,50,117,61,55,14,33,112,128,43,88,124,82" hai3="133,85,87,115,83,44,109,113,95,30,3,66,129"/><V35/><F117/><W7/><G109/><T81/><D126/><U132/><E39/><V22/><F112/><N who="3" m="43083" /><G129/><T34/><D104/><U5/><E72/><V101/><F124/><W17/><G133/><N who="1" m="51274" /><E114/><V103/><F128/><W16/><G30/><N who="0" m="19551" /><D56/><U37/><E37/><N who="0" m="14441" /><D18/><N who="3" m="7273" /><G66/><T130/><D34/><U92/><E58/><N who="2" m="35039" /><F35/><W125/><G125/><T121/><D121/><U51/><E116/><V20/><F33/><W59/><G59/><T77/><D130/><U100/><E123/><V68/><F68/><W28/><G28/><T13/><D13/><U70/><E70/><V69/><F69/><W62/><G62/><T74/><D79/><N who="1" m="46111" /><E51/><V119/><F119/><W45/><G95/><T21/><D21/><N who="2" m="8298" /><F14/><W9/><G87/><T31/><D31/><U11/><E92/><N who="2" m="56327" /><F82/><W91/><AGARI ba="5,1" hai="3,7,9,44,45,83,85,91" m="7273,43083" machi="91" ten="30,2000,0" yaku="11,1,54,1" doraHai="98" who="3" fromWho="3" sc="276,-10,322,-10,268,-15,124,45" /><INIT seed="3,0,0,2,4,66" ten="266,312,253,169" oya="3" hai0="111,98,0,52,55,25,108,133,94,18,11,121,72" hai1="51,54,89,20,69,84,35,47,110,90,67,106,38" hai2="120,33,80,130,2,1,86,104,57,12,135,8,3" hai3="24,46,122,75,100,79,32,53,82,114,71,126,19"/><W119/><G114/><T30/><D72/><U39/><E35/><V88/><F33/><W127/><G119/><T77/><D77/><U42/><E106/><V45/><F104/><W36/><G122/><T92/><D121/><U105/><E105/><V125/><F120/><W74/><G100/><T31/><D133/><U28/><E110/><N who="0" m="42025" /><D0/><U41/><E41/><V97/><F135/><W10/><G74/><T59/><D94/><U50/><E39/><V61/><F130/><W44/><G36/><T91/><D55/><U68/><E67/><V81/><F125/><N who="3" m="47627" /><G71/><T4/><D4/><U128/><E38/><V117/><F117/><W27/><G53/><T5/><D5/><U103/><E103/><V78/><F45/><N who="3" m="17515" /><G32/><T43/><D43/><U73/><E128/><V16/><F97/><W29/><G29/><T15/><D25/><N who="3" m="9801" /><G19/><T93/><D93/><U58/><E73/><V23/><F8/><AGARI ba="0,0" hai="8,10,75,79,82" m="9801,17515,47627" machi="8" ten="30,1500,0" yaku="18,1" doraHai="66" who="3" fromWho="2" sc="266,0,312,0,253,-15,169,15" /><INIT seed="3,1,0,0,4,10" ten="266,312,238,184" oya="3" hai0="24,65,41,11,82,127,18,56,44,2,31,60,23" hai1="64,21,35,78,15,109,133,112,111,63,77,53,93" hai2="13,36,123,110,54,40,92,83,95,102,80,52,55" hai3="74,99,119,59,97,28,105,61,72,126,98,0,81"/><W47/><G119/><T101/><D127/><U9/><E35/><V117/><F117/><W50/><G105/><T34/><D101/><U62/><E21/><V57/><F110/><N who="1" m="41993" /><E112/><V69/><F69/><W108/><G108/><T58/><D82/><N who="2" m="31274" /><F36/><W100/><G0/><T131/><D131/><U114/><E114/><V70/><F70/><W118/><G118/><T8/><D58/><N who="1" m="35151" /><E93/><N who="2" m="35915" /><F123/><W86/><G100/><T135/><D135/><U128/><E128/><V51/><F102/><W91/><G28/><T38/><REACH who="0" step="1"/><D2/><REACH who="0" ten="256,312,238,184" step="2"/><U107/><E133/><V121/><F121/><W14/><G126/><T26/><AGARI ba="1,1" hai="8,11,18,23,24,26,31,34,38,41,44,56,60,65" machi="26" ten="20,8000,1" yaku="1,1,2,1,0,1,7,1,53,1" doraHai="10" doraHaiUra="16" who="0" fromWho="0" sc="256,93,312,-21,238,-21,184,-41" /><INIT seed="4,0,0,1,0,64" ten="349,291,217,143" oya="0" hai0="60,24,6,71,37,101,117,9,16,31,84,80,77" hai1="89,21,45,97,98,17,2,12,127,55,83,46,56" hai2="99,79,33,133,111,10,121,93,88,81,49,70,65" hai3="119,7,62,66,19,126,112,8,39,52,129,86,48"/><T122/><D37/><U95/><E2/><V103/><F111/><W26/><G119/><T92/><D122/><U72/><E127/><V3/><F33/><W1/><G126/><T106/><D117/><U107/><E72/><V57/><F121/><W110/><G110/><T15/><D106/><U128/><E128/><V32/><F32/><W76/><G39/><T34/><D101/><U29/><E83/><V96/><F133/><W120/><G120/><T100/><D100/><U85/><E29/><V124/><F124/><W67/><G129/><T113/><D113/><U53/><E53/><V63/><F3/><W114/><G76/><T30/><D92/><U5/><E5/><V40/><F10/><W51/><G86/><T27/><D60/><U4/><E4/><V23/><F23/><N who="3" m="13695" /><G51/><T75/><D71/><U125/><E107/><V105/><F40/><W54/><G48/><T58/><D58/><U41/><E41/><V123/><F123/><W104/><G67/><T87/><D6/><U59/><E59/><V18/><F18/><W82/><G82/><T115/><D115/><N who="3" m="44073" /><G104/><T42/><D42/><U47/><E125/><V74/><REACH who="2" step="1"/><F49/><AGARI ba="0,0" hai="12,17,21,45,46,47,49,55,56,85,89,95,97,98" machi="49" ten="40,5200,0" yaku="25,2,8,1" doraHai="64" who="1" fromWho="2" sc="349,0,291,52,217,-52,143,0" /><INIT seed="5,0,0,5,3,17" ten="349,343,165,143" oya="1" hai0="57,14,37,29,103,44,98,64,12,125,83,21,50" hai1="52,42,38,49,0,123,66,89,132,120,129,124,25" hai2="92,85,4,40,133,61,119,121,60,19,84,72,93" hai3="78,27,48,90,134,73,22,70,1,88,36,91,3"/><U107/><E0/><V2/><F72/><W77/><G36/><T13/><D37/><U95/><E107/><V128/><F119/><W130/><G70/><T35/><D35/><U53/><E66/><V109/><F109/><W54/><G130/><T26/><D83/><U96/><E53/><V82/><F121/><W62/><G62/><T41/><D125/><U115/><E129/><V94/><F128/><W18/><G134/><T117/><D117/><U67/><E67/><V9/><F40/><W58/><REACH who="3" step="1"/><G73/><REACH who="3" ten="349,343,165,133" step="2"/><T97/><D103/><U110/><E38/><V10/><F133/><W99/><G99/><T20/><D97/><U65/><E96/><V6/><F85/><W76/><AGARI ba="0,1" hai="1,3,18,22,27,48,54,58,76,77,78,88,90,91" machi="76" ten="30,12000,2" yaku="1,1,0,1,52,1,54,1,53,2" doraHai="17" doraHaiUra="33" who="3" fromWho="3" sc="349,-30,343,-60,165,-30,133,130" /><INIT seed="6,0,0,5,0,39" ten="319,283,135,263" oya="2" hai0="55,29,27,89,134,67,68,98,76,14,132,96,53" hai1="117,31,25,95,122,73,58,0,105,74,101,120,40" hai2="26,79,64,118,7,45,12,18,114,110,6,84,15" hai3="13,33,36,46,57,42,69,75,50,10,43,5,109"/><V121/><F118/><W112/><G109/><T115/><D76/><U93/><E0/><V52/><F121/><N who="1" m="46697" /><E117/><V87/><F114/><W20/><G33/><T81/><D115/><U88/><E58/><V97/><F110/><W62/><G112/><T17/><D67/><U1/><E1/><V22/><F64/><W48/><G75/><N who="1" m="28682" /><E95/><V83/><F97/><W133/><G133/><N who="0" m="51307" /><D68/><U130/><E101/><V104/><F104/><W59/><G69/><T38/><D38/><U77/><E77/><V80/><F6/><W4/><G4/><T11/><D96/><N who="1" m="57383" /><E105/><V51/><REACH who="2" step="1"/><F7/><REACH who="2" ten="319,283,125,263" step="2"/><W47/><G5/><T116/><D116/><U24/><E130/><V111/><F111/><W28/><G62/><T70/><D70/><U103/><E103/><V65/><F65/><W56/><G36/><T49/><D98/><U21/><E25/><V127/><F127/><W72/><G72/><T94/><D27/><U99/><E99/><V19/><F19/><N who="3" m="10351" /><G28/><T108/><D29/><U32/><E32/><V106/><F106/><W100/><G100/><T91/><D108/><U85/><E85/><V78/><AGARI ba="0,1" hai="12,15,18,22,26,45,51,52,78,79,80,83,84,87" machi="78" ten="20,18000,2" yaku="1,1,0,1,7,1,9,1,8,1,54,1,53,0" doraHai="39" doraHaiUra="34" who="2" fromWho="2" sc="319,-60,283,-60,125,190,263,-60" /><INIT seed="6,1,0,3,1,58" ten="259,223,315,203" oya="2" hai0="13,28,54,63,115,87,26,27,124,17,40,66,106" hai1="29,118,91,6,104,12,67,36,108,86,131,30,114" hai2="93,82,21,89,128,110,20,80,76,121,122,4,103" hai3="18,16,107,74,92,90,102,45,85,7,8,116,65"/><V72/><F4/><W119/><G74/><T109/><D109/><U97/><E36/><V84/><F20/><W1/><G107/><T135/><D106/><U71/><E108/><V48/><F21/><W59/><G102/><T56/><D115/><U88/><E118/><V5/><F5/><W19/><REACH who="3" step="1"/><G45/><REACH who="3" ten="259,223,315,193" step="2"/><T38/><D124/><U112/><E104/><V9/><F110/><W62/><AGARI ba="1,1" hai="1,7,8,16,18,19,59,62,65,85,90,92,116,119" machi="62" ten="30,8000,1" yaku="1,1,2,1,0,1,52,1,54,1,53,0" doraHai="58" doraHaiUra="24" who="3" fromWho="3" sc="259,-21,223,-21,315,-41,193,93" /><INIT seed="7,0,0,5,2,41" ten="238,202,274,286" oya="3" hai0="32,94,37,75,84,30,17,22,81,85,23,96,123" hai1="69,55,97,128,125,70,117,120,92,26,87,113,5" hai2="102,80,16,43,15,110,79,11,31,73,34,28,104" hai3="53,72,134,95,126,59,103,4,130,25,98,7,65"/><W56/><G72/><T76/><D123/><U119/><E5/><N who="3" m="2122" /><G130/><T121/><D121/><U86/><E120/><V111/><F43/><W82/><G134/><T48/><D37/><U63/><E128/><V66/><F66/><W27/><G126/><T122/><D122/><U132/><E132/><V131/><F131/><W90/><G65/><T129/><D129/><U74/><E74/><V58/><F58/><N who="3" m="22059" /><G53/><T108/><D108/><U46/><E125/><V36/><F36/><W3/><G3/><T44/><D32/><U83/><E113/><V51/><F51/><W124/><G124/><T19/><D30/><U77/><E63/><V0/><F0/><W47/><G47/><T91/><D19/><U107/><E107/><V24/><REACH who="2" step="1"/><F31/><REACH who="2" ten="238,202,264,286" step="2"/><W45/><G45/><T49/><D49/><N who="1" m="29111" /><E70/><V133/><F133/><W64/><G64/><T61/><D61/><U118/><E69/><V106/><F106/><W99/><G82/><T100/><D48/><U114/><E114/><V71/><F71/><W12/><G12/><T115/><D115/><U20/><E83/><V89/><F89/><W9/><G9/><T8/><D8/><U42/><E42/><V6/><F6/><W2/><G2/><T39/><D39/><U13/><E13/><V50/><F50/><W10/><G10/><T109/><D44/><U101/><E77/><V40/><F40/><W54/><G54/><T112/><D112/><U21/><E26/><V68/><F68/><W18/><G18/><T57/><D17/><U93/><E93/><AGARI ba="0,1" hai="25,27,90,93,95,98,99,103" m="22059,2122" machi="93" ten="30,1500,0" yaku="8,1" doraHai="41" who="3" fromWho="1" sc="238,0,202,-15,264,0,286,25" owari="238,-16.0,187,-31.0,264,6.0,311,41.0" /></mjloggm>