<mjloggm ver="2.3"><GO type="97" lobby="0"/><UN n0="%E3%83%AA%E3%82%B5%E3%81%95%E3%81%BE" n1="%6E%61%64%65%6B%6F%73" n2="%E5%B0%B1%E6%B4%BB%E7%94%9F%40%E5%B7%9D%E6%9D%91%E8%BB%8D%E5%9B%A3" n3="%4D%49%73%61%73%61%6B%61" dan="14,14,14,14" rate="1911.65,1907.75,1974.01,1917.94" sx="M,M,M,M"/><TAIKYOKU oya="0"/><INIT seed="0,0,0,2,3,36" ten="250,250,250,250" oya="0" hai0="120,43,83,16,104,82,26,129,33,100,59,20,102" hai1="7,19,135,86,32,126,31,45,99,76,94,34,46" hai2="92,4,128,0,108,113,109,11,64,69,121,67,87" hai3="90,52,27,88,22,133,58,44,5,124,80,116,23"/><T127/><D120/><U117/><E117/><V40/><F121/><W8/><G116/><T79/><D127/><U74/><E126/><V73/><F73/><W134/><G124/><T63/><D129/><U106/><E106/><V89/><F113/><W118/><G118/><T93/><D104/><U38/><E38/><V17/><F128/><W57/><G44/><T10/><D43/><U41/><E135/><N who="3" m="51722" /><G58/><T9/><D33/><U62/><E62/><V1/><F1/><N who="3" m="47" /><G80/><N who="0" m="30763" /><D79/><U71/><E76/><V72/><F72/><W51/><G23/><T25/><D25/><U53/><E74/><V111/><F69/><W50/><G50/><T18/><D18/><AGARI ba="0,0" hai="18,22,27,51,52,57,88,90" m="47,51722" machi="18" ten="30,3900,0" yaku="20,1,54,2" doraHai="36" who="3" fromWho="0" sc="250,-39,250,0,250,0,250,39" /><INIT seed="1,0,0,1,5,49" ten="211,250,250,289" oya="1" hai0="125,13,70,26,114,116,3,122,77,100,88,79,134" hai1="39,85,35,31,20,107,25,124,91,73,27,132,7" hai2="80,72,105,121,69,133,30,43,103,102,135,126,16" hai3="128,111,99,42,68,34,109,17,53,1,115,67,47"/><U32/><E107/><V55/><F121/><W24/><G115/><T5/><D116/><U60/><E73/><V131/><F69/><W58/><G1/><T108/><D114/><U66/><E39/><V15/><F30/><W74/><G74/><T129/><D108/><N who="3" m="41545" /><G128/><T81/><D70/><U90/><E132/><N who="2" m="50763" /><F43/><W2/><G2/><T48/><D3/><U130/><E7/><V112/><F112/><W71/><G67/><T56/><D100/><U38/><E38/><V33/><F33/><W95/><G17/><T119/><D125/><U4/><E130/><V110/><F110/><W0/><G24/><T41/><D119/><U96/><E4/><V97/><F103/><N who="3" m="60927" /><G0/><T82/><D134/><U78/><E124/><V86/><F72/><W89/><G89/><T65/><D129/><U104/><E27/><V76/><F131/><W10/><G10/><N who="0" m="4303" /><D26/><U127/><E127/><V117/><F126/><W19/><G19/><T61/><D122/><U22/><E35/><V59/><F117/><W52/><G34/><T83/><D88/><U84/><E91/><V92/><F105/><W44/><G44/><AGARI ba="0,0" hai="41,44,48,56,61,65,77,79,81,82,83" m="4303" machi="44" ten="30,1000,0" yaku="8,1" doraHai="49" who="0" fromWho="3" sc="211,10,250,0,250,0,289,-10" /><INIT seed="2,0,0,4,1,121" ten="221,250,250,279" oya="2" hai0="96,112,23,69,110,34,123,33,57,17,119,131,125" hai1="117,35,26,79,44,101,25,60,72,134,10,40,86" hai2="16,0,43,67,122,82,102,90,108,41,45,68,54" hai3="93,37,105,62,6,85,11,66,111,49,46,48,14"/><V32/><F122/><W130/><G105/><T22/><D69/><U30/><E117/><V53/><F32/><W9/><G130/><T15/><D123/><U89/><E101/><V80/><F0/><W120/><G120/><T58/><D112/><U92/><E134/><V87/><F108/><W56/><G37/><T2/><D2/><U27/><E10/><V7/><F7/><W73/><G73/><T20/><D125/><U29/><E60/><V65/><F102/><W5/><G111/><T91/><D110/><U116/><E116/><V95/><F68/><W18/><G18/><T76/><D76/><U84/><E72/><V106/><F106/><W70/><G70/><T81/><D33/><U127/><E127/><V75/><F75/><W52/><G49/><T59/><D34/><U42/><E35/><V103/><F67/><W78/><G11/><N who="0" m="6399" /><D119/><U129/><E129/><V31/><F31/><N who="1" m="11785" /><E44/><V19/><F65/><W3/><G3/><T21/><N who="0" m="5632" /><DORA hai="88" /><T28/><D28/><U83/><AGARI ba="0,0" hai="25,26,27,40,42,79,83,84,86,89,92" m="11785" machi="83" ten="30,2000,0" yaku="8,1,52,1" doraHai="121,88" who="1" fromWho="1" sc="221,-5,250,20,250,-10,279,-5" /><INIT seed="3,0,0,3,4,107" ten="216,270,240,274" oya="3" hai0="129,130,4,71,55,94,12,112,131,105,18,48,56" hai1="59,100,9,97,16,115,98,120,51,109,101,82,34" hai2="104,25,57,76,121,24,58,1,26,78,28,111,44" hai3="96,27,91,93,39,132,68,17,11,2,49,116,133"/><W13/><G116/><T37/><D37/><U7/><E115/><V134/><F1/><W95/><G2/><T29/><D71/><U74/><E120/><V60/><F104/><W61/><G39/><T123/><D105/><U5/><E34/><V66/><F121/><W40/><G68/><T73/><D123/><U72/><E109/><V32/><F111/><W122/><G122/><T125/><D29/><U80/><E59/><V102/><F134/><N who="3" m="51819" /><G61/><T20/><D125/><U86/><E51/><V69/><F102/><W127/><G127/><T103/><D4/><U46/><E46/><V126/><F126/><W50/><G27/><T38/><D38/><U31/><E31/><V62/><F44/><W10/><G40/><T124/><D124/><U117/><E86/><V135/><F135/><W89/><G11/><T90/><D112/><U110/><E110/><V83/><F69/><W52/><G50/><T6/><D103/><U75/><E9/><V114/><F114/><W41/><G41/><T42/><D6/><N who="1" m="2059" /><E16/><V53/><F78/><W106/><G106/><T85/><D42/><U119/><E101/><V43/><F43/><W23/><G10/><T67/><D67/><U118/><E100/><V79/><F79/><W113/><G113/><T65/><D65/><U47/><E47/><V35/><F35/><W22/><G22/><T36/><D36/><U45/><E45/><V99/><F99/><AGARI ba="0,0" hai="72,74,75,80,82,97,98,99,117,118,119" m="2059" machi="99" ten="40,12000,2" yaku="28,2,12,1,52,3" doraHai="107" who="1" fromWho="2" sc="216,0,270,120,240,-120,274,0" owari="216,-18.0,390,49.0,120,-38.0,274,7.0" /></mjloggm>