<mjloggm ver="2.3"><GO type="41" lobby="0"/><UN n0="%6F%73%61%61%74%73%75" n1="%E7%A5%9E%E3%81%8A%E3%82%80" n2="%45%67%67%67%59" n3="%E5%B0%B1%E6%B4%BB%E7%94%9F%40%E5%B7%9D%E6%9D%91%E8%BB%8D%E5%9B%A3" dan="13,14,14,15" rate="1824.69,1926.35,1885.87,2012.15" sx="M,M,M,M"/><TAIKYOKU oya="0"/><INIT seed="0,0,0,2,3,41" ten="250,250,250,250" oya="0" hai0="69,85,15,18,23,96,13,128,129,1,99,60,10" hai1="125,121,3,112,118,28,16,63,9,36,124,116,104" hai2="50,2,91,52,84,49,88,53,22,5,31,95,4" hai3="123,93,107,66,89,97,131,76,78,39,56,79,110"/><T37/><D37/><U64/><E104/><V21/><F2/><W92/><G39/><T106/><D1/><U98/><E121/><V27/><F22/><W34/><G34/><T75/><D75/><U114/><E36/><V32/><F32/><W48/><G123/><T19/><D85/><U25/><E98/><V38/><F38/><W71/><G71/><T8/><D106/><U35/><E63/><V44/><F91/><W108/><G131/><N who="0" m="50251" /><D60/><U134/><E64/><V109/><REACH who="2" step="1"/><F109/><REACH who="2" ten="250,250,240,250" step="2"/><W51/><G110/><T86/><D69/><U14/><E134/><V17/><F17/><W61/><G108/><T122/><D122/><U46/><E3/><V90/><F90/><N who="3" m="55447" /><G107/><T6/><D86/><AGARI ba="0,1" hai="48,51,56,61,66,76,78,79,86,89,93" m="55447" machi="86" ten="30,1000,0" yaku="8,1" doraHai="41" who="3" fromWho="0" sc="250,-10,250,0,240,0,250,20" /><INIT seed="1,0,0,5,3,82" ten="240,250,240,270" oya="1" hai0="115,111,102,89,109,13,106,87,26,97,40,135,99" hai1="95,118,122,21,63,15,84,4,35,117,101,129,65" hai2="22,9,80,34,56,91,90,38,60,78,120,6,88" hai3="57,5,128,86,3,45,61,1,58,54,100,126,43"/><U46/><E122/><V24/><F34/><W7/><G126/><T74/><D74/><U132/><E35/><V119/><F38/><W93/><G128/><T37/><D115/><U123/><E123/><V10/><F120/><W114/><G114/><T72/><D72/><U68/><E129/><V125/><F119/><W75/><G75/><T116/><D116/><U18/><E4/><V79/><F125/><W73/><G73/><T8/><D135/><U2/><E2/><V25/><F80/><W107/><G107/><T51/><D37/><U70/><E70/><V55/><F24/><W131/><G131/><T104/><D26/><U48/><E132/><V113/><F113/><W130/><G130/><T12/><D51/><U121/><E121/><V103/><F103/><W96/><G58/><T92/><D40/><U28/><E28/><V71/><F71/><W33/><G33/><T94/><D13/><U105/><E105/><N who="0" m="40553" /><D12/><U29/><E29/><V66/><F66/><W47/><G47/><T11/><D8/><U32/><E32/><V27/><F27/><W124/><G124/><T81/><D11/><N who="2" m="4106" /><F6/><W110/><G110/><N who="0" m="41995" /><D99/><U0/><E0/><V53/><F53/><W50/><G3/><T67/><D67/><U42/><E117/><V59/><F59/><W20/><G1/><T36/><D36/><U14/><E14/><V108/><F108/><W19/><G19/><AGARI ba="0,0" hai="19,22,25,55,56,60,78,79,88,90,91" m="4106" machi="19" ten="30,2000,0" yaku="8,1,54,1" doraHai="82" who="2" fromWho="3" sc="240,0,250,0,240,20,270,-20" /><INIT seed="2,0,0,1,4,29" ten="240,250,260,250" oya="2" hai0="35,15,24,104,42,40,54,86,26,43,61,119,123" hai1="58,110,11,73,2,129,67,62,97,71,49,70,34" hai2="12,36,81,117,85,5,51,99,46,48,125,131,83" hai3="64,90,87,33,52,8,10,91,107,53,7,59,23"/><V130/><F117/><W30/><G107/><T41/><D104/><U57/><E73/><V134/><F36/><W78/><G78/><T121/><D119/><U113/><E113/><V27/><F27/><N who="3" m="16767" /><G33/><T31/><D26/><U89/><E110/><V120/><F120/><W6/><G64/><T39/><D39/><U98/><E49/><V112/><F112/><W69/><G69/><T0/><D0/><U32/><E67/><V122/><F122/><W82/><G90/><T132/><D132/><U92/><E92/><V60/><F60/><N who="3" m="35943" /><G53/><T105/><D105/><U128/><E62/><V28/><F28/><W114/><G114/><T108/><D108/><U94/><E94/><V1/><F1/><W50/><G50/><T133/><D133/><U75/><E11/><AGARI ba="0,0" hai="6,7,8,10,11,82,87,91" m="35943,16767" machi="11" ten="30,2000,0" yaku="8,1,54,1" doraHai="29" who="3" fromWho="1" sc="240,0,250,-20,260,0,250,20" /><INIT seed="3,0,0,5,1,43" ten="240,230,260,270" oya="3" hai0="72,71,122,77,16,82,46,93,12,69,28,98,128" hai1="1,88,49,81,125,75,97,10,107,86,56,116,126" hai2="47,62,130,45,114,63,112,44,87,108,8,15,73" hai3="19,31,102,52,113,53,115,110,59,34,20,24,100"/><W18/><G110/><T120/><D28/><U123/><E123/><V70/><F73/><W119/><G119/><T26/><D26/><U79/><E116/><V27/><F108/><W118/><G118/><T11/><D128/><U23/><E23/><V132/><F130/><W103/><G53/><T14/><D14/><U3/><E56/><V32/><F70/><W124/><G124/><N who="1" m="47722" /><E10/><V57/><F132/><W51/><REACH who="3" step="1"/><G19/><REACH who="3" ten="240,230,260,260" step="2"/><T105/><D120/><U95/><E49/><V48/><F112/><W76/><G76/><T29/><D122/><U83/><E107/><V0/><F114/><W84/><G84/><T78/><D105/><U38/><E38/><V127/><F87/><W21/><G21/><T121/><D121/><U33/><E33/><V92/><F127/><W96/><G96/><T60/><D78/><AGARI ba="0,1" hai="1,3,75,78,79,81,83,86,88,95,97" m="47722" machi="78" ten="30,2000,0" yaku="18,1,54,1" doraHai="43" who="1" fromWho="0" sc="240,-20,230,30,260,0,260,0" /><INIT seed="4,0,0,1,1,11" ten="220,260,260,260" oya="0" hai0="70,116,15,30,129,13,58,90,54,3,130,51,55" hai1="43,112,62,71,12,34,72,64,50,46,18,121,88" hai2="65,94,36,35,100,60,92,106,28,134,78,107,0" hai3="109,1,102,44,132,83,39,89,74,73,68,5,108"/><T37/><D3/><U122/><E34/><V85/><F36/><W21/><G132/><T61/><D37/><U104/><E104/><V22/><F35/><W133/><G133/><T52/><D116/><U87/><E72/><V111/><F0/><W135/><G135/><T8/><D30/><U79/><E79/><V59/><F134/><W63/><G102/><T38/><D38/><U110/><E110/><V19/><F111/><W103/><G103/><T24/><D24/><U77/><E77/><V80/><F28/><W113/><G113/><T48/><D8/><U115/><E121/><V33/><F33/><W114/><G114/><N who="1" m="43562" /><E122/><V67/><F67/><W14/><G73/><T7/><D7/><U17/><E12/><N who="0" m="4681" /><D70/><U124/><E124/><V10/><F10/><W32/><G32/><T99/><D129/><U66/><E66/><V84/><F107/><W82/><G82/><AGARI ba="0,0" hai="17,18,43,46,50,62,64,71,82,87,88" m="43562" machi="82" ten="30,3900,0" yaku="15,1,11,1,54,1" doraHai="11" who="1" fromWho="3" sc="220,0,260,39,260,0,260,-39" /><INIT seed="5,0,0,0,2,41" ten="220,299,260,221" oya="1" hai0="97,135,89,35,0,42,32,65,84,83,44,67,29" hai1="52,109,50,90,15,73,9,119,120,57,93,17,69" hai2="20,134,96,33,113,85,124,132,106,114,131,61,26" hai3="51,76,36,74,125,40,118,79,39,8,59,104,88"/><U115/><E115/><N who="2" m="44043" /><F61/><W18/><G118/><T70/><D0/><U66/><E119/><V31/><F85/><W10/><G104/><T11/><D135/><N who="2" m="51754" /><F106/><W122/><G125/><T117/><D117/><U86/><E73/><V107/><F107/><W19/><G122/><T101/><D11/><U63/><REACH who="1" step="1"/><E109/><REACH who="1" ten="220,289,260,221" step="2"/><V47/><F124/><W94/><G74/><T105/><D70/><U82/><E82/><V30/><F131/><W5/><G36/><T53/><D105/><U2/><E2/><V22/><F96/><N who="3" m="57415" /><G39/><T6/><D83/><U129/><E129/><V3/><F3/><W60/><G79/><T80/><D97/><U56/><E56/><V27/><F33/><W58/><G76/><T102/><D80/><U49/><E49/><V23/><F47/><N who="3" m="26087" /><G58/><T128/><D128/><U43/><E43/><V75/><F75/><W38/><G38/><T111/><D42/><U4/><E4/><V87/><F87/><W133/><G133/><T16/><D6/><U99/><E99/><V25/><AGARI ba="0,1" hai="20,22,23,25,26,27,30,31" m="51754,44043" machi="25" ten="40,12000,2" yaku="28,2,15,1,11,1,20,1,34,2" doraHai="41" who="2" fromWho="2" sc="220,-30,289,-60,260,130,221,-30" /><INIT seed="6,0,0,4,2,72" ten="190,229,390,191" oya="2" hai0="84,28,73,130,88,132,121,71,100,122,45,5,14" hai1="133,42,9,78,40,6,70,126,115,95,110,13,62" hai2="99,97,66,116,135,64,36,43,90,35,105,96,26" hai3="8,22,112,93,127,23,101,59,1,2,61,48,33"/><V20/><F35/><W123/><G33/><T7/><D73/><U63/><E110/><V52/><F116/><W98/><G123/><T114/><D71/><U15/><E115/><V119/><F119/><W103/><G127/><T39/><D114/><U104/><E104/><V18/><F105/><W53/><G112/><T32/><D100/><U102/><E133/><V50/><F135/><W82/><G103/><T75/><D75/><U16/><E70/><V24/><F24/><W58/><G1/><T41/><D132/><U57/><E78/><V81/><F43/><N who="1" m="16425" /><E57/><N who="2" m="32919" /><F36/><W74/><G2/><T94/><D130/><U25/><E25/><V60/><F60/><W11/><G82/><T65/><D65/><N who="2" m="25194" /><F81/><W3/><G3/><T29/><D32/><U92/><E126/><V134/><F134/><W27/><G23/><T30/><D5/><U17/><E17/><V117/><F117/><W46/><G74/><T67/><D67/><U80/><E80/><V106/><F106/><W38/><G38/><T68/><D68/><U128/><E128/><V125/><F125/><W10/><REACH who="3" step="1"/><G61/><REACH who="3" ten="190,229,390,181" step="2"/><N who="1" m="23050" /><E102/><V76/><F76/><W56/><G56/><T12/><D121/><U49/><E49/><V109/><F109/><W124/><G124/><T120/><D122/><U37/><E37/><V44/><F44/><W77/><G77/><T34/><D120/><U118/><E118/><V91/><AGARI ba="0,1" hai="18,20,26,90,91,96,97,99" m="25194,32919" machi="91" ten="30,3000,0" yaku="8,1,54,1" doraHai="72" who="2" fromWho="2" sc="190,-10,229,-10,390,40,181,-10" /><INIT seed="6,1,0,0,4,109" ten="180,219,430,171" oya="2" hai0="75,64,82,29,118,113,69,111,71,65,2,101,125" hai1="19,44,56,9,50,67,76,49,40,3,85,104,62" hai2="70,31,58,26,53,105,94,115,116,45,103,33,68" hai3="96,87,92,86,107,51,74,39,77,55,120,73,93"/><V90/><F116/><W124/><G39/><T16/><D2/><U95/><E104/><V102/><F45/><W79/><G120/><T110/><D29/><U30/><E30/><V4/><F4/><W5/><G5/><T130/><D101/><U122/><E3/><V131/><F131/><W135/><G55/><T22/><D130/><U123/><E50/><V91/><F115/><W98/><G51/><T59/><D75/><N who="3" m="28681" /><G107/><T47/><D118/><U7/><E7/><V20/><F33/><W89/><G135/><T84/><D47/><U13/><E76/><N who="3" m="29258" /><G124/><T99/><D125/><U63/><E63/><N who="2" m="36303" /><F70/><W25/><G25/><T36/><D69/><U54/><E122/><V66/><F105/><W132/><G132/><T17/><D71/><U117/><E117/><V28/><F68/><W37/><G37/><T12/><D36/><U15/><E15/><V119/><F119/><W127/><G127/><T83/><D110/><U112/><E112/><V35/><F35/><W38/><G38/><T108/><D113/><U1/><E1/><V6/><F6/><W100/><AGARI ba="1,0" hai="86,87,89,92,93,96,98,100" m="29258,28681" machi="100" ten="30,8000,1" yaku="35,5" doraHai="109" who="3" fromWho="3" sc="180,-21,219,-21,430,-41,171,83" /><INIT seed="7,0,0,0,4,93" ten="159,198,389,254" oya="3" hai0="3,42,27,36,11,50,26,58,47,132,61,37,20" hai1="116,76,113,80,97,40,13,125,107,25,23,135,83" hai2="24,19,12,133,28,99,91,124,69,94,134,14,73" hai3="38,92,122,108,21,45,43,71,106,22,62,60,74"/><W110/><G106/><T0/><D132/><N who="2" m="50794" /><F69/><W126/><G74/><T41/><D27/><U44/><E113/><V8/><F73/><W9/><G122/><T31/><D11/><U5/><E135/><V32/><F14/><W46/><G126/><AGARI ba="0,0" hai="8,12,19,24,28,32,91,94,99,124,126" m="50794" machi="126" ten="30,2000,0" yaku="20,1,52,1" doraHai="93" who="2" fromWho="3" sc="159,0,198,0,389,20,254,-20" owari="159,-34.0,198,-20.0,409,51.0,234,3.0" /></mjloggm>