<mjloggm ver="2.3"><GO type="169" lobby="0"/><UN n0="%E5%AE%89%E6%9C%AC%E5%BD%A9%E8%8A%B1" n1="%73%73%74%61%72%6F" n2="%E3%81%B5%E3%81%8B%E3%81%98" n3="%E5%B0%B1%E6%B4%BB%E7%94%9F%40%E5%B7%9D%E6%9D%91%E8%BB%8D%E5%9B%A3" dan="16,18,17,16" rate="2186.25,2159.74,2120.17,2088.49" sx="F,M,M,M"/><TAIKYOKU oya="0"/><INIT seed="0,0,0,5,4,126" ten="250,250,250,250" oya="0" hai0="32,1,18,24,128,42,118,112,134,104,8,75,16" hai1="116,13,72,69,54,31,19,10,73,27,86,127,53" hai2="101,66,90,61,93,9,4,21,51,125,47,129,117" hai3="115,89,45,119,40,33,11,37,52,74,36,97,56"/><T2/><D104/><U64/><E116/><V94/><F125/><W109/><G115/><T71/><D71/><U38/><E127/><V107/><F107/><W91/><G119/><T106/><D106/><U123/><E123/><V12/><F117/><W105/><G33/><T83/><D118/><U108/><E108/><V49/><F21/><W85/><G37/><T7/><D112/><U20/><E38/><V41/><F51/><W130/><G74/><T81/><D134/><U70/><E73/><V15/><F101/><W48/><G109/><T5/><D42/><U23/><E72/><V76/><F76/><W111/><G111/><T100/><D100/><U132/><E132/><V6/><F129/><W122/><G122/><T120/><D120/><U26/><E86/><V3/><F6/><W63/><G130/><T78/><D128/><U58/><E64/><V99/><REACH who="2" step="1"/><F94/><REACH who="2" ten="250,250,240,250" step="2"/><N who="3" m="56527" /><G105/><T114/><D114/><U110/><E110/><V113/><F113/><W39/><G39/><T46/><D46/><U59/><E23/><V67/><F67/><W98/><G36/><T135/><D135/><U29/><E20/><V35/><F35/><W28/><G28/><N who="0" m="19463" /><D5/><U92/><E92/><V14/><F14/><W62/><G45/><T95/><D95/><U121/><E121/><V44/><F44/><W79/><G48/><T22/><D1/><U131/><E131/><V102/><F102/><W50/><G50/><T30/><D30/><U60/><E31/><V80/><F80/><N who="0" m="30794" /><D22/><N who="1" m="15607" /><E26/><V55/><F55/><N who="3" m="34079" /><G79/><T87/><D75/><U17/><E17/><V88/><F88/><W82/><G91/><RYUUKYOKU ba="0,1" sc="250,10,250,10,240,10,250,-30" hai0="2,7,8,16,18,78,87" hai1="10,13,19,53,54,58,59,60,69,70" hai2="3,4,9,12,15,41,47,49,61,66,90,93,99" /><INIT seed="0,1,1,2,3,82" ten="260,260,250,220" oya="0" hai0="12,80,77,130,114,120,84,59,106,69,94,53,27" hai1="71,79,128,60,126,41,36,20,124,129,0,92,52" hai2="14,22,116,31,83,65,38,18,45,118,134,37,30" hai3="51,119,70,8,78,75,34,81,74,98,109,33,73"/><T39/><D114/><U57/><E0/><V127/><F134/><W15/><G119/><N who="2" m="45609" /><F127/><N who="1" m="48681" /><E79/><V43/><F65/><W68/><G109/><T48/><D120/><U49/><E92/><V95/><F95/><W58/><G98/><T72/><D69/><U9/><E9/><V35/><F35/><W108/><G108/><T32/><D106/><U63/><E20/><V89/><F38/><W66/><G34/><T11/><D39/><U132/><E132/><V85/><AGARI ba="1,1" hai="14,18,22,30,31,37,43,45,83,85,89" m="45609" machi="85" ten="30,2000,0" yaku="12,1,52,1" doraHai="82" who="2" fromWho="2" sc="260,-11,260,-6,250,33,220,-6" /><INIT seed="1,0,0,4,4,112" ten="249,254,283,214" oya="1" hai0="20,2,67,61,51,111,39,5,52,40,0,14,44" hai1="21,19,126,76,6,31,58,23,72,30,85,41,4" hai2="91,28,62,70,83,7,78,66,33,116,73,105,84" hai3="102,10,123,15,101,3,17,97,42,46,22,110,11"/><U55/><E72/><V130/><F91/><W81/><G123/><T82/><D111/><U125/><E41/><V75/><F84/><W124/><G110/><T71/><D82/><U36/><E36/><V119/><F75/><W108/><G108/><T106/><D106/><U48/><E76/><V121/><F121/><W27/><G124/><N who="1" m="47722" /><E85/><V87/><F87/><W68/><G68/><T45/><D20/><N who="1" m="7755" /><E19/><V35/><F105/><W117/><G81/><T99/><REACH who="0" step="1"/><D99/><REACH who="0" ten="239,254,283,214" step="2"/><U120/><E120/><V109/><F109/><W80/><G80/><T26/><D26/><U65/><E65/><V12/><F66/><W60/><G97/><T79/><D79/><U38/><E38/><V135/><F83/><W107/><G107/><T53/><D53/><U88/><E88/><V18/><F78/><W93/><G102/><T16/><D16/><U95/><E95/><V132/><F18/><W114/><G93/><T59/><D59/><U104/><E104/><V129/><F70/><W64/><G101/><T98/><D98/><U8/><E6/><V34/><F7/><W49/><G114/><T86/><D86/><U134/><E134/><V133/><F133/><W25/><G25/><T100/><D100/><U37/><E37/><V118/><F132/><W92/><G92/><T9/><AGARI ba="0,1" hai="0,2,5,9,14,39,40,44,45,51,52,61,67,71" machi="9" ten="30,8000,1" yaku="1,1,0,1,54,1,53,2" doraHai="112" doraHaiUra="43" who="0" fromWho="0" sc="239,90,254,-40,283,-20,214,-20" /><INIT seed="2,0,0,2,3,73" ten="329,214,263,194" oya="2" hai0="110,133,17,52,93,31,90,1,112,116,96,121,126" hai1="9,122,100,71,40,72,63,62,83,59,86,117,97" hai2="124,88,127,11,43,99,120,77,108,78,24,23,28" hai3="129,2,34,14,56,36,94,98,106,114,53,48,92"/><V65/><F120/><W45/><G2/><T109/><D112/><U60/><E117/><V125/><F108/><N who="0" m="41578" /><D121/><U95/><E122/><V8/><F65/><W33/><G129/><T21/><D126/><U87/><E71/><V76/><F43/><W61/><G114/><T64/><D64/><U134/><E134/><V118/><F118/><W7/><G36/><T26/><D116/><U66/><E72/><V79/><N who="2" m="19456" /><DORA hai="69" /><V91/><F99/><W57/><G106/><T51/><D1/><U131/><E131/><V29/><F29/><W22/><G92/><T6/><D6/><U103/><E103/><V89/><AGARI ba="0,0" hai="8,11,23,24,28,88,89,91,124,125,127" m="19456" machi="89" ten="50,24000,3" yaku="0,1,29,2,18,1,52,4,54,1" doraHai="73,69" who="2" fromWho="2" sc="329,-80,214,-80,263,240,194,-80" /><INIT seed="2,1,0,0,4,125" ten="249,134,503,114" oya="2" hai0="53,87,54,121,16,129,42,34,78,3,56,23,126" hai1="50,98,76,59,120,134,58,51,33,81,132,7,26" hai2="92,95,101,94,31,88,75,99,114,69,39,100,112" hai3="32,9,73,66,41,77,82,43,30,48,117,68,38"/><V5/><F39/><W71/><G117/><T115/><D115/><N who="2" m="44074" /><F69/><W17/><G38/><T8/><D121/><U103/><E120/><V29/><F5/><W90/><G32/><T14/><D34/><U1/><E1/><V15/><F15/><W123/><G30/><T93/><D126/><U85/><E7/><V2/><F2/><W47/><G123/><T28/><D42/><U49/><E26/><V44/><F44/><W91/><G43/><T102/><D78/><U60/><E33/><V27/><F27/><W83/><G83/><T133/><D133/><N who="1" m="51307" /><E60/><V105/><F31/><W110/><G110/><T124/><D124/><U135/><N who="1" m="51315" /><U72/><DORA hai="11" /><E72/><V57/><F57/><W13/><G66/><T109/><D109/><U122/><E122/><V25/><F25/><W108/><G108/><T74/><D74/><U18/><E18/><V24/><F24/><W0/><G0/><T63/><D3/><U128/><E128/><V119/><F29/><W86/><REACH who="3" step="1"/><G73/><REACH who="3" ten="249,134,503,104" step="2"/><T116/><D28/><U130/><E130/><V131/><F131/><W62/><G62/><T21/><D129/><U84/><E84/><N who="2" m="52231" /><F75/><W52/><G52/><N who="0" m="34183" /><D116/><U19/><E19/><V40/><F119/><W97/><G97/><N who="0" m="59695" /><D54/><U46/><E98/><N who="2" m="61623" /><F40/><W104/><G104/><AGARI ba="1,1" hai="94,95,99,100,104" m="61623,52231,44074" machi="104" ten="30,5800,0" yaku="34,2,54,1" doraHai="125,11" who="2" fromWho="3" sc="249,0,134,0,503,71,104,-61" /><INIT seed="2,2,0,5,4,48" ten="249,134,574,43" oya="2" hai0="53,63,121,133,32,18,62,46,118,119,23,26,99" hai1="28,73,59,35,21,40,20,129,104,103,135,108,37" hai2="83,11,93,4,33,130,98,39,76,66,81,109,78" hai3="96,22,112,27,65,120,61,113,69,36,92,49,77"/><V7/><F39/><W15/><G36/><T97/><D121/><U41/><E108/><V3/><F33/><W6/><G120/><T88/><D133/><U71/><E71/><V34/><F34/><W116/><G116/><N who="0" m="44587" /><D32/><U12/><E73/><V24/><F24/><W72/><G72/><T57/><D46/><U80/><E37/><V90/><F7/><W5/><G77/><T0/><D0/><U19/><E35/><V44/><F44/><W64/><G64/><T8/><D8/><U82/><E20/><V111/><F66/><W56/><G69/><T43/><D43/><U91/><E21/><V101/><F101/><W31/><G49/><N who="0" m="30895" /><D99/><U110/><E41/><V102/><F11/><W14/><G6/><T122/><D122/><U126/><E40/><V25/><F4/><W55/><G65/><T114/><D114/><N who="3" m="44137" /><G5/><T115/><D115/><U60/><E60/><V105/><F3/><W30/><G30/><T74/><D74/><U9/><E28/><V58/><F109/><W16/><G31/><T42/><D42/><U38/><E38/><V89/><F111/><W1/><G1/><T67/><D67/><U79/><E110/><V86/><F98/><W117/><G117/><T85/><D97/><U123/><E123/><V17/><F17/><W52/><G55/><T131/><D131/><U87/><E129/><V50/><F130/><W2/><G2/><T95/><AGARI ba="2,0" hai="18,23,26,62,63,85,88,95" m="30895,44587" machi="95" ten="30,4000,0" yaku="12,1,52,1,54,1" doraHai="48" who="0" fromWho="0" sc="249,46,134,-12,574,-22,43,-12" /><INIT seed="3,0,0,4,0,56" ten="295,122,552,31" oya="3" hai0="6,123,114,98,31,122,67,87,17,7,132,129,113" hai1="73,79,64,116,91,124,130,13,105,28,86,108,97" hai2="104,95,52,62,135,11,41,81,120,119,133,16,2" hai3="106,93,23,18,21,26,14,4,59,88,57,82,85"/><W74/><G106/><T77/><D132/><N who="2" m="50762" /><F104/><W58/><G74/><T8/><D67/><U110/><E64/><V35/><F35/><W75/><G75/><T70/><D70/><U80/><E28/><V32/><F32/><W68/><G68/><T121/><D129/><U125/><E13/><N who="2" m="7231" /><F2/><W38/><G38/><T9/><D31/><U103/><E116/><V44/><F119/><W127/><G127/><N who="1" m="48714" /><E130/><V55/><F120/><W66/><G4/><N who="0" m="1579" /><D98/><U34/><E34/><V46/><F81/><AGARI ba="0,0" hai="73,79,80,81,86,91,97,103,105,108,110" m="48714" machi="81" ten="30,3900,0" yaku="18,1,34,2" doraHai="56" who="1" fromWho="2" sc="295,0,122,39,552,-39,31,0" /><INIT seed="4,0,0,1,5,120" ten="295,161,513,31" oya="0" hai0="58,78,126,87,52,80,38,39,117,34,131,122,116" hai1="111,11,4,46,108,94,81,15,115,13,27,56,114" hai2="14,88,89,91,121,42,93,75,65,55,29,20,74" hai3="62,63,85,133,47,72,124,3,96,128,54,118,84"/><T125/><D122/><U40/><E27/><N who="2" m="16615" /><F75/><W6/><G118/><N who="0" m="45675" /><D34/><U2/><E56/><V61/><F74/><W135/><G72/><T92/><D131/><U32/><E32/><V28/><F28/><W0/><G128/><T102/><D92/><U100/><E81/><V97/><F42/><W57/><G124/><N who="0" m="47723" /><D102/><U109/><E94/><V5/><F65/><W113/><G113/><N who="1" m="43018" /><E100/><V24/><F24/><W12/><G96/><T22/><D22/><U17/><E17/><V53/><F121/><W106/><G106/><T69/><D69/><U98/><E98/><V49/><F61/><AGARI ba="0,0" hai="38,39,52,58,61,78,80,87" m="47723,45675" machi="61" ten="30,2900,0" yaku="18,1,54,1" doraHai="120" who="0" fromWho="2" sc="295,29,161,0,513,-29,31,0" /><INIT seed="4,1,0,2,4,27" ten="324,161,484,31" oya="0" hai0="49,50,16,86,90,83,46,115,119,4,41,14,105" hai1="23,121,70,40,98,55,12,117,71,25,9,87,10" hai2="99,13,128,127,123,61,34,53,95,38,28,94,64" hai3="97,56,30,69,125,33,60,130,21,109,135,67,24"/><T89/><D115/><U91/><E121/><V44/><F34/><W103/><G109/><T37/><D105/><U74/><E74/><V129/><F28/><W131/><G135/><T92/><D119/><U116/><E40/><V107/><F123/><W81/><G125/><T126/><D4/><U79/><E79/><V6/><F127/><W73/><G21/><T122/><D122/><U45/><E98/><V93/><F107/><W31/><G56/><T5/><D5/><U118/><E10/><N who="2" m="4311" /><F38/><W26/><G81/><T36/><D49/><U51/><E25/><V96/><F53/><W120/><G73/><T42/><D42/><U76/><E23/><V47/><F47/><W77/><G77/><T1/><D1/><U11/><E76/><V62/><F44/><W35/><REACH who="3" step="1"/><G120/><REACH who="3" ten="324,161,484,21" step="2"/><T20/><REACH who="0" step="1"/><D126/><REACH who="0" ten="314,161,484,21" step="2"/><U29/><E118/><V82/><F128/><W114/><G114/><T80/><D80/><U57/><E117/><V84/><F129/><W0/><G0/><T3/><D3/><U65/><E116/><V43/><F82/><W134/><G134/><T7/><D7/><U106/><E45/><V102/><F43/><W66/><G66/><T8/><D8/><U108/><E11/><V85/><F64/><W32/><G32/><T104/><D104/><AGARI ba="1,2" hai="24,26,30,31,33,35,60,67,69,97,103,104,130,131" machi="104" ten="40,16000,3" yaku="1,1,9,1,25,2,23,2,52,2,53,0" doraHai="27" doraHaiUra="132" who="3" fromWho="0" sc="314,-163,161,0,484,0,21,183" /><INIT seed="5,0,0,1,0,105" ten="151,161,484,204" oya="1" hai0="54,72,86,68,44,81,49,102,9,48,56,80,78" hai1="42,15,28,45,134,12,24,10,19,65,16,62,52" hai2="77,64,63,46,107,7,1,33,125,111,135,20,69" hai3="25,110,31,26,57,108,92,120,27,113,89,67,0"/><U51/><E134/><V6/><F20/><W115/><G0/><T36/><D68/><U98/><E98/><V70/><F7/><W73/><G120/><T117/><D36/><U103/><E103/><V100/><F69/><W116/><G116/><T119/><D102/><U85/><E85/><V60/><F60/><N who="3" m="38287" /><G73/><T37/><D37/><U122/><E122/><V5/><F5/><W29/><G110/><T133/><D133/><U106/><E106/><V118/><F77/><W101/><G101/><T13/><D80/><U127/><E127/><V104/><F46/><W8/><G8/><T47/><D72/><U112/><E112/><N who="3" m="43082" /><G108/><T50/><D117/><U97/><E97/><AGARI ba="0,0" hai="25,26,27,29,31,89,92,97" m="43082,38287" machi="97" ten="30,1000,0" yaku="15,1" doraHai="105" who="3" fromWho="1" sc="151,0,161,-10,484,0,204,10" /><INIT seed="6,0,0,0,5,71" ten="151,151,484,214" oya="2" hai0="53,68,24,110,104,65,40,11,84,82,74,79,123" hai1="66,12,16,105,121,125,112,128,57,96,13,124,127" hai2="134,85,93,48,56,8,44,63,101,4,58,113,89" hai3="114,115,98,67,86,41,119,109,17,22,49,51,130"/><V9/><F113/><N who="3" m="43019" /><G109/><T60/><D110/><U6/><E112/><V38/><F38/><W34/><G34/><T43/><D104/><U36/><E36/><V77/><F134/><W95/><G130/><T25/><D123/><U78/><E128/><V31/><F31/><W107/><G107/><T133/><D133/><U14/><E78/><V108/><F108/><W42/><G67/><T111/><D111/><U7/><E121/><V47/><F101/><N who="3" m="60639" /><G86/><T28/><D84/><U116/><E116/><V102/><F102/><W1/><G1/><T87/><D87/><U2/><E2/><V117/><F117/><W92/><G92/><T132/><D132/><U131/><E131/><V46/><F77/><W21/><G21/><T94/><D94/><U29/><E105/><V26/><F85/><W50/><G119/><T39/><D11/><N who="1" m="6239" /><E96/><V97/><F97/><W3/><G3/><T129/><D129/><U0/><E29/><V35/><F93/><W75/><G75/><T37/><D25/><AGARI ba="0,0" hai="17,22,25,41,42,49,50,51" m="60639,43019" machi="25" ten="30,2000,0" yaku="15,1,11,1" doraHai="71" who="3" fromWho="0" sc="151,-20,151,0,484,0,214,20" /><INIT seed="7,0,0,2,2,79" ten="131,151,484,234" oya="3" hai0="4,50,53,62,17,1,93,63,47,69,48,110,121" hai1="22,75,37,5,126,45,132,14,23,20,38,131,41" hai2="6,102,29,32,87,125,25,3,12,114,84,135,98" hai3="64,120,2,108,94,133,8,68,104,40,78,51,42"/><W58/><G104/><T76/><D110/><U124/><E75/><V105/><F114/><W28/><G78/><T57/><D121/><U54/><E132/><V95/><F125/><N who="1" m="48233" /><E131/><V96/><F3/><W33/><G8/><T34/><D34/><U112/><E112/><V39/><F39/><W24/><G2/><T92/><D69/><U46/><E54/><V85/><F135/><W66/><G66/><T134/><D134/><U73/><E73/><V86/><F86/><W118/><G42/><T77/><D4/><U100/><E100/><V129/><F129/><W111/><G64/><T113/><D113/><U19/><E5/><V10/><F85/><W55/><G40/><AGARI ba="0,0" hai="14,19,20,22,23,37,38,40,41,45,46" m="48233" machi="40" ten="30,1000,0" yaku="18,1" doraHai="79" who="1" fromWho="3" sc="131,0,151,10,484,0,234,-10" owari="131,-37.0,161,-24.0,484,59.0,224,2.0" /></mjloggm>