<mjloggm ver="2.3"><GO type="97" lobby="0"/><UN n0="%68%61%6D%61%35%34%30%30" n1="%73%35%37" n2="%E5%B0%B1%E6%B4%BB%E7%94%9F%40%E5%B7%9D%E6%9D%91%E8%BB%8D%E5%9B%A3" n3="%E8%92%99%E8%93%AE%E8%B3%9B" dan="15,14,14,14" rate="2104.44,1951.73,1941.33,1968.21" sx="M,M,M,F"/><TAIKYOKU oya="0"/><INIT seed="0,0,0,1,5,102" ten="250,250,250,250" oya="0" hai0="87,125,113,41,67,8,95,96,89,62,123,30,36" hai1="65,10,119,121,129,29,26,93,43,79,40,19,115" hai2="57,42,49,85,88,83,135,24,69,5,28,114,76" hai3="3,46,104,124,110,130,51,84,132,86,105,71,34"/><T31/><D123/><U75/><E121/><V63/><F114/><W7/><G71/><T100/><D113/><U60/><E119/><V120/><F120/><W116/><G116/><T45/><D125/><U54/><E129/><V53/><F135/><W72/><G72/><T106/><REACH who="0" step="1"/><D8/><REACH who="0" ten="240,250,250,250" step="2"/><U59/><E115/><V4/><F76/><W17/><G124/><T61/><D61/><U91/><E75/><V21/><F69/><AGARI ba="0,1" hai="30,31,36,41,45,62,67,69,87,89,95,96,100,106" machi="69" ten="30,5800,0" yaku="1,1,7,1,52,1,53,0" doraHai="102" doraHaiUra="32" who="0" fromWho="2" sc="240,68,250,0,250,-58,250,0" /><INIT seed="0,1,0,5,5,54" ten="308,250,192,250" oya="0" hai0="111,14,15,94,119,75,126,130,91,110,104,106,99" hai1="70,19,60,112,23,100,18,116,80,115,79,63,55" hai2="81,0,51,125,45,87,53,78,133,131,17,85,134" hai3="29,42,27,121,74,59,67,122,105,127,82,35,38"/><T57/><D119/><U37/><E37/><V8/><F125/><W9/><G105/><T71/><D71/><U66/><E100/><V132/><F131/><W65/><G127/><T28/><D126/><U12/><E18/><V10/><F0/><W21/><G35/><T24/><D75/><U43/><E43/><V97/><F97/><W50/><G9/><T86/><D130/><U98/><E98/><V31/><F31/><W73/><G38/><T58/><D15/><U90/><E90/><V3/><F3/><W88/><G42/><T47/><D47/><U109/><E109/><N who="0" m="41481" /><D14/><U92/><E92/><V123/><F123/><W107/><G107/><N who="0" m="41003" /><D99/><U114/><E116/><V33/><F33/><AGARI ba="1,0" hai="24,28,33,57,58,86,91,94" m="41003,41481" machi="33" ten="30,11600,0" yaku="14,1,10,1,52,2" doraHai="54" who="0" fromWho="2" sc="308,119,250,0,192,-119,250,0" /><INIT seed="0,2,0,0,4,127" ten="427,250,73,250" oya="0" hai0="131,27,28,133,103,87,89,18,11,51,65,108,29" hai1="7,78,80,21,15,134,118,83,3,4,56,37,61" hai2="30,109,64,79,36,116,93,119,57,115,128,85,58" hai3="76,121,23,39,95,100,135,10,40,33,52,63,91"/><T9/><D133/><U13/><E3/><V126/><F115/><W20/><G135/><T22/><D108/><U72/><E37/><V43/><F126/><W102/><G33/><T54/><D103/><U106/><E106/><V55/><F109/><W94/><G76/><T53/><D65/><U5/><E118/><V107/><F107/><W111/><G111/><T14/><D54/><U123/><E123/><V82/><F30/><W101/><G10/><T88/><D131/><U112/><E134/><V122/><F122/><W71/><G121/><T114/><D114/><U124/><E124/><V0/><F0/><W24/><G91/><T68/><D68/><U125/><E125/><V75/><F64/><W130/><G130/><T86/><D28/><U99/><E99/><V113/><F113/><W42/><G39/><T6/><D11/><U50/><E50/><V17/><F128/><W67/><G52/><T66/><D66/><U132/><E132/><V117/><F17/><W49/><G20/><T90/><D6/><U46/><E46/><AGARI ba="2,0" hai="9,14,18,22,27,29,46,51,53,86,87,88,89,90" machi="46" ten="40,3900,0" yaku="8,1,54,1" doraHai="127" who="0" fromWho="1" sc="427,45,250,-45,73,0,250,0" /><INIT seed="0,3,0,3,3,135" ten="472,205,73,250" oya="0" hai0="6,86,79,43,82,123,133,52,23,26,88,8,41" hai1="120,54,5,11,73,131,91,35,78,7,87,122,74" hai2="32,25,112,57,71,114,121,115,33,132,104,4,45" hai3="101,103,128,76,50,28,92,65,94,80,1,68,16"/><T49/><D133/><U20/><E35/><V10/><F132/><W100/><G1/><T130/><D130/><U0/><E7/><V67/><F71/><W29/><G128/><T129/><D129/><U60/><E131/><V21/><F104/><W110/><G110/><T109/><D123/><U61/><E78/><V105/><F105/><W3/><G3/><T106/><D106/><U53/><E20/><V77/><F121/><W15/><G50/><T102/><D102/><U19/><E19/><V51/><F77/><W107/><G107/><T124/><D124/><U63/><E122/><V40/><F67/><W9/><G65/><T2/><D79/><U70/><E120/><V18/><REACH who="2" step="1"/><F57/><REACH who="2" ten="472,205,63,250" step="2"/><W83/><G68/><T119/><D109/><U72/><REACH who="1" step="1"/><E70/><REACH who="1" ten="472,195,63,250" step="2"/><V85/><F85/><W36/><G76/><T64/><D119/><U17/><E17/><V22/><F22/><W13/><G16/><T98/><D23/><U38/><E38/><V89/><F89/><W75/><G36/><T99/><D26/><U127/><E127/><V116/><F116/><W24/><G24/><T31/><D31/><U30/><E30/><V81/><F81/><AGARI ba="3,2" hai="0,5,11,53,54,60,61,63,72,73,74,81,87,91" machi="81" ten="50,1600,0" yaku="1,1,53,0" doraHai="135" doraHaiUra="90" who="1" fromWho="2" sc="472,0,195,45,63,-25,250,0" /><INIT seed="1,0,0,1,0,18" ten="472,240,38,250" oya="1" hai0="45,5,60,64,127,14,16,41,30,123,26,3,47" hai1="54,78,62,34,37,25,50,75,121,69,120,48,84" hai2="109,108,56,53,10,42,93,55,46,27,99,83,13" hai3="73,80,76,122,91,86,94,35,89,17,7,82,44"/><U105/><E75/><V132/><F132/><W58/><G35/><T23/><D123/><U95/><E105/><V63/><F109/><W12/><G122/><N who="1" m="47210" /><E95/><V1/><F108/><W111/><G111/><T39/><D47/><N who="1" m="27935" /><E84/><V24/><F1/><W114/><G114/><T57/><D127/><U88/><E88/><V97/><F83/><W19/><G58/><T115/><D115/><U6/><E78/><V20/><F55/><W113/><G113/><T126/><D126/><U28/><E6/><V59/><F59/><W65/><G65/><T8/><REACH who="0" step="1"/><D3/><REACH who="0" ten="462,240,38,250" step="2"/><U77/><E37/><V134/><F134/><W67/><G44/><T38/><D38/><U70/><E70/><V96/><F93/><W85/><G94/><T92/><D92/><U90/><E69/><V71/><F71/><W40/><G82/><T4/><AGARI ba="0,1" hai="4,5,8,14,16,23,26,30,39,41,45,57,60,64" machi="4" ten="30,7900,0" yaku="1,1,0,1,52,1,54,1,53,0" doraHai="18" doraHaiUra="33" who="0" fromWho="0" sc="462,89,240,-39,38,-20,250,-20" /><INIT seed="2,0,0,3,3,2" ten="551,201,18,230" oya="2" hai0="9,7,56,49,26,112,54,113,10,76,116,20,67" hai1="105,120,0,82,48,32,6,13,64,61,104,66,21" hai2="5,126,131,79,30,91,122,28,110,45,58,108,98" hai3="80,41,88,47,33,90,3,43,92,132,84,106,29"/><V118/><F122/><W62/><G106/><T63/><D116/><U87/><E66/><V60/><F118/><W8/><G132/><T52/><D76/><U101/><E32/><V133/><F133/><W70/><G29/><T86/><D9/><U96/><E0/><V77/><F131/><W121/><G33/><T95/><D113/><U65/><E65/><V11/><F126/><W103/><G103/><T109/><D109/><N who="2" m="42090" /><F45/><W1/><G41/><T46/><D112/><U74/><E74/><V68/><F68/><W27/><G27/><T115/><D115/><U36/><E36/><V55/><F91/><W51/><G70/><T44/><D86/><U85/><E85/><V72/><F98/><W18/><G121/><T111/><D111/><U129/><E129/><V78/><F72/><W75/><G62/><T12/><D95/><U71/><E120/><V59/><F59/><W134/><G134/><T102/><D102/><U117/><E48/><V17/><F17/><W34/><G34/><T93/><D93/><U99/><E117/><V25/><F25/><W31/><G31/><N who="0" m="17863" /><D44/><U39/><E39/><V124/><F124/><W14/><G75/><T83/><D83/><U100/><E21/><V69/><F69/><W37/><G37/><T23/><D23/><U73/><E73/><V123/><F123/><W4/><G18/><T38/><D38/><U114/><E114/><V107/><F107/><W97/><AGARI ba="0,0" hai="1,3,4,8,14,43,47,51,80,84,88,90,92,97" machi="97" ten="20,5200,0" yaku="0,1,7,1,52,1,54,1" doraHai="2" who="3" fromWho="3" sc="551,-13,201,-13,18,-26,230,52" owari="538,64.0,188,-21.0,-8,-51.0,282,8.0" /></mjloggm>