<mjloggm ver="2.3"><GO type="41" lobby="0"/><UN n0="%38%37%73%65%66" n1="%E9%9C%8D%E9%9D%92%E5%A8%A5" n2="%E5%B0%B1%E6%B4%BB%E7%94%9F%40%E5%B7%9D%E6%9D%91%E8%BB%8D%E5%9B%A3" n3="%E3%82%A2%E3%83%BC%E3%83%AD%E3%83%B3%E3%83%94%E3%82%A2%E3%83%BC%E3%82%B9" dan="13,15,15,14" rate="1838.48,1994.41,1997.50,1919.24" sx="M,F,M,M"/><TAIKYOKU oya="0"/><INIT seed="0,0,0,0,0,32" ten="250,250,250,250" oya="0" hai0="56,120,34,118,17,0,31,5,60,75,74,9,30" hai1="96,79,90,58,7,124,42,44,110,33,115,98,89" hai2="99,63,72,19,62,50,2,54,65,114,77,55,104" hai3="92,51,102,116,14,59,23,48,40,97,46,35,53"/><T38/><D38/><U11/><E33/><V4/><F114/><W100/><G35/><T108/><D118/><U93/><E115/><V88/><F72/><W28/><G116/><T106/><D106/><U3/><E110/><V121/><F121/><W112/><G112/><T43/><D120/><U82/><E58/><V52/><F77/><W27/><REACH who="3" step="1"/><G14/><REACH who="3" ten="250,250,250,240" step="2"/><T133/><D108/><U78/><E124/><V130/><F130/><W47/><G47/><T85/><D133/><U101/><E90/><AGARI ba="0,1" hai="23,27,28,40,46,48,51,53,59,90,92,97,100,102" machi="90" ten="30,7700,0" yaku="1,1,7,1,8,1,53,1" doraHai="32" doraHaiUra="36" who="3" fromWho="1" sc="250,0,250,-77,250,0,240,87" /><INIT seed="1,0,0,2,2,65" ten="250,173,250,327" oya="1" hai0="102,135,128,120,80,39,40,27,121,106,107,117,17" hai1="83,12,90,96,33,85,104,21,127,74,79,101,57" hai2="18,63,61,35,99,59,131,86,134,44,37,45,49" hai3="22,73,7,111,76,30,105,97,81,0,50,70,88"/><U19/><E127/><V92/><F35/><W43/><G111/><T14/><D117/><U20/><E57/><V8/><F37/><W9/><G70/><T91/><D27/><U13/><E33/><V124/><F124/><W112/><G112/><T98/><D40/><U10/><REACH who="1" step="1"/><E13/><REACH who="1" ten="250,163,250,327" step="2"/><V108/><F59/><W109/><G109/><T32/><D32/><U28/><E28/><V53/><F108/><W94/><G105/><T72/><D14/><U68/><E68/><V47/><F134/><W26/><G43/><T113/><D107/><U114/><E114/><V38/><F131/><W5/><G5/><T122/><D113/><U123/><E123/><V89/><F38/><W82/><G50/><T48/><D39/><U118/><E118/><V54/><F45/><W100/><REACH who="3" step="1"/><G81/><AGARI ba="0,1" hai="10,12,19,20,21,74,79,81,83,85,90,96,101,104" machi="81" ten="30,5800,0" yaku="1,1,7,1,53,1" doraHai="65" doraHaiUra="93" who="1" fromWho="3" sc="250,0,163,68,250,0,327,-58" /><INIT seed="1,1,0,4,1,87" ten="250,231,250,269" oya="1" hai0="94,38,36,39,131,91,61,3,102,133,51,128,112" hai1="27,55,31,26,16,58,45,33,74,47,127,14,116" hai2="65,56,1,50,106,110,42,90,119,132,88,13,78" hai3="73,9,40,6,7,59,82,37,123,134,22,121,75"/><U66/><E116/><V21/><F1/><W114/><G134/><T81/><D112/><U98/><E127/><V0/><F0/><N who="3" m="199" /><G7/><T32/><D3/><U20/><E74/><V30/><F119/><W63/><G22/><T35/><D133/><U84/><E66/><V28/><F106/><W43/><G43/><T10/><D10/><U99/><E84/><V97/><F132/><W76/><G75/><T19/><D102/><U11/><E98/><V41/><F110/><W48/><G48/><T23/><D61/><U101/><E58/><V18/><F78/><W70/><G114/><T77/><D51/><U67/><E67/><V44/><F97/><W135/><G135/><T115/><D115/><U4/><REACH who="1" step="1"/><E55/><REACH who="1" ten="250,221,250,269" step="2"/><V60/><F41/><W80/><G80/><T12/><D81/><U25/><E25/><N who="2" m="16431" /><F30/><W8/><G70/><T100/><D131/><U89/><E89/><V125/><F125/><W113/><G113/><T95/><D128/><U118/><E118/><V104/><F104/><AGARI ba="1,1" hai="4,11,14,16,20,26,27,31,33,45,47,99,101,104" machi="104" ten="30,11600,0" yaku="1,1,7,1,54,1,53,1" doraHai="87" doraHaiUra="24" who="1" fromWho="2" sc="250,0,221,129,250,-119,269,0" /><INIT seed="1,2,0,4,1,98" ten="250,350,131,269" oya="1" hai0="44,41,86,62,30,104,0,63,123,56,4,32,87" hai1="14,129,113,91,94,102,42,116,40,43,67,3,75" hai2="89,8,7,128,107,81,28,23,85,80,61,21,134" hai3="130,69,99,13,110,48,78,9,47,74,53,127,71"/><U26/><E3/><V125/><F128/><W117/><G130/><T118/><D118/><U39/><E129/><V45/><F107/><W15/><G117/><T132/><D132/><U58/><E116/><V79/><F125/><W76/><G127/><T31/><D123/><U36/><E75/><V119/><F119/><W96/><G110/><T2/><D104/><U24/><E14/><V49/><F134/><W90/><G74/><T88/><D32/><U131/><E131/><V83/><F61/><W50/><G90/><T103/><D4/><U51/><E102/><V93/><F28/><W22/><G22/><T59/><D44/><U54/><E67/><V115/><F115/><W82/><G82/><T114/><D41/><U105/><E105/><V46/><F46/><W57/><G57/><T108/><D108/><U11/><E11/><V12/><REACH who="2" step="1"/><F79/><REACH who="2" ten="250,350,121,269" step="2"/><W64/><G47/><T77/><D77/><U52/><E113/><V97/><F97/><W60/><G60/><T100/><D114/><U37/><E37/><V29/><F29/><W112/><G112/><T33/><D33/><U121/><E36/><V109/><F109/><W72/><G72/><T101/><D100/><U38/><E38/><V92/><F92/><W55/><REACH who="3" step="1"/><G64/><REACH who="3" ten="250,350,121,259" step="2"/><T70/><D70/><U16/><E39/><V66/><F66/><W1/><G1/><T95/><D95/><U124/><E124/><V25/><F25/><W84/><G84/><T68/><D68/><U106/><E26/><V122/><F122/><W6/><G6/><T135/><D135/><U20/><E121/><V27/><F27/><RYUUKYOKU ba="2,2" sc="250,10,350,-30,121,10,259,10" hai0="0,2,30,31,56,59,62,63,86,87,88,101,103" hai2="7,8,12,21,23,45,49,80,81,83,85,89,93" hai3="9,13,15,48,50,53,55,69,71,76,78,96,99" /><INIT seed="2,3,2,4,4,1" ten="260,320,131,269" oya="2" hai0="108,114,115,84,121,25,38,99,128,120,118,104,2" hai1="40,79,80,11,10,103,86,0,57,3,116,53,110" hai2="109,66,105,13,126,46,24,122,81,101,90,97,44" hai3="31,23,83,48,15,91,94,27,112,113,28,45,51"/><V30/><F122/><N who="0" m="47210" /><D25/><U85/><E116/><V68/><F126/><W54/><G15/><T125/><D38/><U74/><E110/><V55/><F109/><W61/><G83/><T93/><D2/><U5/><E40/><V88/><F13/><W41/><G61/><T22/><D22/><U34/><E103/><V6/><F6/><W59/><REACH who="3" step="1"/><G31/><REACH who="3" ten="260,320,131,259" step="2"/><T21/><D108/><U135/><E80/><V12/><F12/><W124/><G124/><T129/><D125/><U43/><E0/><V131/><F131/><N who="0" m="50250" /><D118/><U95/><E3/><V111/><F111/><W117/><G117/><T7/><D115/><U82/><E82/><V20/><F81/><W72/><G72/><T98/><D114/><U71/><E74/><V29/><F29/><W58/><G58/><T119/><D119/><U75/><E75/><V60/><REACH who="2" step="1"/><F46/><REACH who="2" ten="260,320,121,259" step="2"/><W67/><G67/><T36/><D104/><U52/><E79/><V132/><F132/><W14/><G14/><T49/><D21/><U134/><E134/><V133/><F133/><W65/><G65/><T4/><D36/><U92/><E135/><V102/><F102/><W127/><G127/><T130/><D130/><U35/><E11/><V73/><F73/><W100/><G100/><T106/><D106/><U123/><E10/><V47/><F47/><W70/><G70/><T87/><D49/><AGARI ba="3,4" hai="20,24,30,44,49,55,60,66,68,88,90,97,101,105" machi="49" ten="40,7700,0" yaku="1,1,54,1,53,1" doraHai="1" doraHaiUra="16" who="2" fromWho="0" sc="260,-86,320,0,121,126,259,0" /><INIT seed="2,4,0,5,4,73" ten="174,320,247,259" oya="2" hai0="133,63,31,93,4,104,97,123,45,30,36,2,55" hai1="95,74,60,58,19,126,38,107,48,1,9,80,11" hai2="71,10,128,24,100,90,41,69,124,85,17,134,87" hai3="119,12,108,94,23,75,21,68,64,47,13,86,131"/><V15/><F100/><W37/><G119/><T39/><D123/><U14/><E107/><V42/><F124/><W35/><G75/><T44/><D104/><U65/><E38/><V96/><F128/><W89/><G131/><T125/><D2/><U18/><E126/><V91/><F134/><W53/><G35/><T6/><D125/><U66/><E48/><V101/><F24/><W76/><G108/><T52/><D93/><U72/><E95/><V26/><F26/><W105/><G105/><T115/><D63/><U50/><E50/><V56/><F101/><W99/><G68/><T106/><D106/><U78/><E72/><V79/><F96/><W59/><G64/><T32/><D97/><U67/><REACH who="1" step="1"/><E1/><REACH who="1" ten="174,310,247,259" step="2"/><V33/><F41/><W103/><G37/><T130/><D130/><U70/><E70/><V54/><F42/><W49/><G47/><T116/><D116/><U61/><E61/><V0/><F71/><W22/><REACH who="3" step="1"/><G76/><REACH who="3" ten="174,310,247,249" step="2"/><T118/><D118/><U34/><E34/><V92/><F69/><W111/><G111/><T132/><REACH who="0" step="1"/><D32/><REACH who="0" ten="164,310,247,249" step="2"/><U117/><E117/><V46/><F33/><W127/><G127/><T135/><D135/><U57/><E57/><V16/><F56/><W84/><G84/><T82/><D82/><U110/><E110/><V25/><F87/><W88/><G88/><T81/><D81/><U51/><E51/><N who="2" m="29047" /><F85/><W112/><G112/><AGARI ba="4,3" hai="4,6,30,31,36,39,44,45,52,55,112,115,132,133" machi="112" ten="25,6400,0" yaku="1,1,22,2,54,1,53,0" doraHai="73" doraHaiUra="20" who="0" fromWho="3" sc="164,106,310,0,247,0,249,-76" /><INIT seed="3,0,0,4,5,64" ten="270,310,247,173" oya="3" hai0="117,111,18,36,115,86,130,106,6,61,34,40,3" hai1="108,132,0,2,25,74,19,46,63,94,112,92,69" hai2="72,133,85,77,124,52,76,89,84,20,90,68,26" hai3="93,102,81,60,9,8,49,91,16,38,54,66,88"/><W118/><G38/><T119/><D106/><U105/><E112/><V53/><F133/><W126/><G118/><T17/><D115/><U116/><E105/><V87/><F124/><W96/><G126/><T110/><D34/><U71/><E74/><V120/><F120/><W95/><G81/><T47/><D86/><U28/><E108/><V24/><F68/><W4/><G4/><T32/><D32/><U65/><E132/><V134/><F134/><W98/><G102/><T44/><D47/><U50/><E19/><V97/><F72/><W100/><G100/><T122/><D122/><U58/><E116/><V78/><F97/><W39/><G39/><T33/><D33/><U107/><E107/><V109/><F109/><N who="0" m="41482" /><D61/><U43/><E94/><V7/><F7/><W70/><G16/><N who="0" m="6251" /><D130/><U37/><E92/><V79/><N who="2" m="19968" /><DORA hai="129" /><V21/><F21/><W121/><G121/><T114/><D114/><U80/><E80/><V31/><REACH who="2" step="1"/><F24/><REACH who="2" ten="270,310,237,173" step="2"/><W48/><REACH who="3" step="1"/><G49/><REACH who="3" ten="270,310,237,163" step="2"/><T73/><D73/><U56/><E50/><V57/><F57/><AGARI ba="0,2" hai="8,9,48,54,57,60,66,70,88,91,93,95,96,98" machi="57" ten="30,18000,2" yaku="1,1,2,1,7,1,9,1,52,1,54,1,53,0" doraHai="64,129" doraHaiUra="12,103" who="3" fromWho="2" sc="270,0,310,0,237,-180,163,200" /><INIT seed="3,1,0,1,5,74" ten="270,310,57,363" oya="3" hai0="23,3,68,83,16,6,86,57,41,2,37,95,0" hai1="51,38,9,121,1,108,73,21,133,90,35,80,129" hai2="29,62,134,98,112,33,113,59,65,66,76,120,22" hai3="63,70,5,19,126,96,116,79,20,60,117,17,130"/><W12/><G126/><T103/><D68/><U124/><RYUUKYOKU type="yao9" ba="1,0" sc="270,0,310,0,57,0,363,0" hai1="1,9,21,35,38,51,73,80,90,108,121,124,129,133" /><INIT seed="3,2,0,2,0,100" ten="270,310,57,363" oya="3" hai0="133,34,61,125,45,40,116,5,54,73,109,101,44" hai1="91,26,49,123,95,128,127,111,105,110,57,15,2" hai2="121,31,51,87,22,85,32,63,58,80,94,104,9" hai3="113,56,135,86,20,77,6,7,19,60,108,90,65"/><W4/><G113/><T21/><D34/><U69/><E123/><V129/><F121/><W82/><G135/><T103/><D73/><U78/><E2/><V132/><F129/><W23/><G108/><N who="1" m="41514" /><E69/><V0/><F32/><W97/><G19/><T62/><D109/><U42/><E128/><V92/><F132/><W102/><REACH who="3" step="1"/><G77/><REACH who="3" ten="270,310,57,353" step="2"/><T117/><D133/><U29/><E78/><V84/><F80/><W8/><G8/><T46/><D5/><U17/><E17/><V39/><F9/><W107/><AGARI ba="2,1" hai="4,6,7,20,23,56,60,65,82,86,90,97,102,107" machi="107" ten="30,6000,0" yaku="1,1,0,1,52,1,53,0" doraHai="100" doraHaiUra="71" who="3" fromWho="3" sc="270,-22,310,-22,57,-22,353,76" /><INIT seed="3,3,0,5,3,64" ten="248,288,35,429" oya="3" hai0="121,24,117,50,107,116,30,119,6,130,56,18,2" hai1="71,110,86,40,115,52,78,81,109,135,11,90,129" hai2="102,5,63,127,19,133,73,66,98,128,126,106,43" hai3="49,26,58,36,0,131,62,72,59,10,42,44,91"/><W80/><G131/><T100/><D121/><U108/><E115/><V87/><F19/><W88/><G26/><T82/><D130/><U83/><E129/><V125/><F87/><W34/><G34/><T55/><D6/><U76/><E135/><V35/><F43/><W37/><G37/><T23/><D2/><U38/><E11/><V103/><F103/><W95/><G49/><T123/><D123/><U79/><E52/><V32/><F128/><W45/><G45/><T54/><D82/><N who="1" m="49495" /><E40/><V51/><F133/><W97/><G91/><T85/><D85/><N who="1" m="48295" /><E38/><V104/><F104/><W101/><G62/><T113/><D113/><U27/><E27/><V77/><F51/><W94/><G94/><T13/><D55/><U120/><E120/><V69/><REACH who="2" step="1"/><F5/><REACH who="2" ten="248,288,25,429" step="2"/><N who="3" m="1319" /><G101/><T111/><D111/><U17/><E17/><V118/><F118/><W92/><G92/><T99/><REACH who="0" step="1"/><D119/><REACH who="0" ten="238,288,25,429" step="2"/><U21/><E110/><V29/><F29/><W46/><G46/><T7/><D7/><U105/><E109/><V14/><F14/><W28/><G28/><T16/><D16/><U60/><E108/><V33/><F33/><AGARI ba="3,2" hai="13,18,23,24,30,33,50,54,56,99,100,107,116,117" machi="33" ten="30,2000,0" yaku="1,1,7,1,53,0" doraHai="64" doraHaiUra="132" who="0" fromWho="2" sc="238,49,288,0,25,-29,429,0" owari="287,-11.0,288,9.0,-4,-50.0,429,52.0" /></mjloggm>