<mjloggm ver="2.3"><GO type="169" lobby="0"/><UN n0="%E3%81%8A%E3%81%98%E3%81%95%E3%82%93" n1="%EF%BC%9D%E9%AB%98%E6%A9%8B%E3%83%91%E3%83%B3%E3%83%80%EF%BC%9D" n2="%73%68%69%6E%6F%21%21" n3="%E3%83%88%E3%83%88%E3%83%AA%E5%85%88%E7%94%9F%31%39%E6%AD%B3" dan="18,16,17,17" rate="2243.85,2137.41,2158.58,2207.90" sx="M,M,M,F"/><TAIKYOKU oya="0"/><INIT seed="0,0,0,1,4,79" ten="250,250,250,250" oya="0" hai0="104,33,132,56,123,16,9,119,101,105,0,10,84" hai1="87,97,49,61,71,89,121,54,109,65,120,62,73" hai2="43,86,20,26,69,99,2,118,24,15,7,129,12" hai3="21,34,57,103,5,92,134,50,126,76,67,47,55"/><T28/><D119/><U64/><E73/><V17/><F69/><W46/><G34/><T117/><D117/><U27/><E97/><V74/><F74/><W96/><G134/><T59/><D123/><U78/><E78/><V6/><F43/><W107/><G126/><T128/><D132/><U45/><E109/><V70/><F70/><W13/><G107/><T90/><D128/><U68/><REACH who="1" step="1"/><E27/><REACH who="1" ten="250,240,250,250" step="2"/><V4/><F118/><W53/><G76/><T130/><D130/><U48/><E48/><V83/><F129/><W19/><G50/><T11/><D105/><U131/><E131/><V52/><F26/><W80/><G96/><T39/><D39/><U115/><E115/><V25/><F25/><W40/><G103/><T124/><D124/><U113/><E113/><V110/><F110/><W1/><G1/><T102/><D104/><U95/><AGARI ba="0,1" hai="45,49,54,61,62,64,65,68,71,87,89,95,120,121" machi="95" ten="20,8000,1" yaku="1,1,0,1,7,1,9,1,53,1" doraHai="79" doraHaiUra="85" who="1" fromWho="1" sc="250,-40,240,90,250,-20,250,-20" /><INIT seed="1,0,0,5,1,128" ten="210,330,230,230" oya="1" hai0="63,110,135,117,111,69,8,118,116,54,56,52,88" hai1="23,27,65,47,101,59,87,73,132,9,12,43,66" hai2="25,131,91,48,100,64,16,71,1,121,36,58,53" hai3="113,115,6,112,68,79,134,50,10,81,5,90,18"/><U61/><E73/><V84/><F121/><W86/><G68/><T2/><D2/><U45/><E132/><V129/><F36/><W57/><G134/><T0/><D135/><U105/><E66/><V126/><F1/><W13/><G57/><N who="0" m="35239" /><D69/><U96/><E87/><V42/><F42/><W17/><G50/><N who="0" m="30807" /><D0/><U20/><E27/><V32/><F100/><W24/><G24/><T94/><D8/><U125/><E125/><V51/><F126/><W21/><G10/><T31/><D31/><U123/><E123/><V82/><F51/><W124/><G124/><T62/><D62/><U85/><E85/><V14/><F64/><W76/><REACH who="3" step="1"/><G18/><REACH who="3" ten="210,330,230,220" step="2"/><T77/><D118/><U39/><E47/><V67/><F71/><W41/><G41/><T72/><D117/><U33/><E33/><V19/><F67/><W44/><G44/><T89/><D116/><U70/><E70/><V133/><F133/><W28/><G28/><T119/><D119/><U93/><REACH who="1" step="1"/><E105/><REACH who="1" ten="210,320,230,220" step="2"/><V7/><F32/><W98/><G98/><T104/><D104/><U95/><E95/><V106/><F106/><W34/><G34/><T108/><D94/><U4/><AGARI ba="0,2" hai="4,9,12,20,23,39,43,45,59,61,65,93,96,101" machi="4" ten="20,3900,0" yaku="1,1,0,1,7,1,53,0" doraHai="128" doraHaiUra="74" who="1" fromWho="1" sc="210,-13,320,59,230,-13,220,-13" /><INIT seed="1,1,0,4,5,0" ten="197,379,217,207" oya="1" hai0="103,131,71,1,29,27,44,116,86,38,18,76,130" hai1="46,84,21,5,97,117,132,70,32,91,69,8,57" hai2="25,118,45,135,64,22,66,72,77,17,3,65,15" hai3="126,98,34,105,51,83,6,100,119,52,43,12,26"/><U122/><E32/><V124/><F118/><W106/><G119/><T79/><D116/><U127/><E122/><V128/><F3/><W107/><G126/><T134/><D71/><U67/><E132/><V11/><F124/><W31/><G43/><N who="0" m="22647" /><D1/><U30/><E46/><V59/><F135/><W19/><G83/><T121/><D134/><U14/><E127/><V61/><F128/><N who="0" m="49194" /><D103/><U63/><E97/><V40/><F77/><W115/><G115/><T101/><D101/><U36/><E36/><V41/><F72/><W112/><G112/><T37/><D37/><U80/><REACH who="1" step="1"/><E117/><REACH who="1" ten="197,369,217,207" step="2"/><V93/><F45/><W47/><REACH who="3" step="1"/><G6/><REACH who="3" ten="197,369,217,197" step="2"/><T62/><D121/><U120/><E120/><V85/><F41/><W24/><G24/><AGARI ba="1,2" hai="5,8,14,21,24,30,57,63,67,69,70,80,84,91" machi="24" ten="40,7700,0" yaku="1,1,52,1,53,1" doraHai="0" doraHaiUra="60" who="1" fromWho="3" sc="197,0,369,100,217,0,197,-80" /><INIT seed="1,2,0,5,2,89" ten="197,469,217,117" oya="1" hai0="40,58,125,5,80,135,17,73,132,3,26,122,107" hai1="93,77,46,109,44,119,2,22,111,88,9,64,79" hai2="115,133,102,85,127,134,123,61,124,96,71,90,91" hai3="8,101,47,82,95,87,67,63,43,6,53,98,75"/><U54/><E119/><V108/><F123/><W113/><G113/><T41/><D107/><U66/><E22/><V110/><F61/><W120/><G120/><T21/><D122/><U42/><E54/><V13/><F13/><W86/><G53/><T14/><D125/><N who="2" m="48202" /><F71/><W117/><G117/><T45/><D58/><U97/><E9/><V129/><F115/><W12/><G75/><T59/><D59/><U35/><E35/><V19/><F19/><W27/><G27/><T51/><D41/><U72/><E2/><V81/><F91/><W92/><G92/><T48/><D48/><U20/><E20/><V0/><F0/><W62/><G67/><N who="1" m="25642" /><E72/><V11/><F11/><W118/><G118/><T106/><D106/><U103/><E103/><V18/><F18/><W56/><G56/><T60/><D60/><U83/><E46/><V34/><F34/><W131/><G86/><T33/><D3/><U24/><E24/><V16/><F16/><W49/><REACH who="3" step="1"/><G131/><REACH who="3" ten="197,469,217,107" step="2"/><T76/><D33/><U130/><E130/><V100/><F129/><W25/><G25/><T38/><D26/><U94/><E94/><N who="2" m="58391" /><F102/><W70/><G70/><T57/><D5/><U28/><E44/><V10/><F10/><W31/><G31/><T4/><D4/><U23/><E28/><V78/><F78/><AGARI ba="2,1" hai="6,8,12,43,47,49,62,63,78,82,87,95,98,101" machi="78" ten="30,12000,2" yaku="1,1,7,1,25,2,8,1,52,1,53,0" doraHai="89" doraHaiUra="32" who="3" fromWho="2" sc="197,0,469,0,217,-126,107,136" /><INIT seed="2,0,0,3,3,45" ten="197,469,91,243" oya="2" hai0="51,22,92,77,131,43,37,116,26,103,33,68,127" hai1="23,89,15,5,34,29,76,20,48,38,25,105,130" hai2="82,87,132,39,44,56,91,80,110,60,86,54,72" hai3="106,52,112,117,118,66,59,32,111,107,133,94,78"/><V104/><F104/><W96/><G32/><T128/><D68/><U102/><E38/><V124/><F72/><W1/><G1/><T40/><D37/><U53/><E130/><N who="0" m="49705" /><D33/><U109/><E109/><V35/><F35/><W12/><G111/><T31/><D127/><U6/><E76/><V74/><F74/><W27/><G66/><T83/><D116/><U19/><E105/><V108/><F124/><W63/><G133/><T30/><D30/><U67/><E67/><V125/><F125/><W0/><G0/><T115/><D115/><U135/><E102/><V10/><F10/><W42/><G112/><T73/><D51/><U64/><E64/><V100/><F100/><W71/><G71/><T28/><D28/><U4/><E135/><V81/><F132/><W47/><G117/><T88/><D103/><U123/><E123/><V126/><F126/><W119/><G119/><T2/><D2/><U122/><E122/><V79/><REACH who="2" step="1"/><F82/><REACH who="2" ten="197,469,81,243" step="2"/><W8/><G106/><T99/><AGARI ba="0,1" hai="22,26,31,40,43,73,77,83,88,92,99" m="49705" machi="99" ten="30,2000,0" yaku="19,1,54,1" doraHai="45" who="0" fromWho="0" sc="197,30,469,-5,81,-10,243,-5" /><INIT seed="3,0,0,2,2,56" ten="227,464,71,238" oya="3" hai0="133,119,41,29,97,111,66,86,112,69,60,123,42" hai1="83,62,61,102,88,79,9,51,74,90,59,37,127" hai2="67,63,70,103,18,110,84,58,98,106,48,132,77" hai3="99,20,118,85,32,52,91,73,45,1,122,19,44"/><W131/><G122/><T64/><D123/><U36/><E127/><V72/><F72/><W76/><G118/><T23/><D119/><U124/><E124/><V27/><F110/><W28/><G1/><T113/><D111/><U22/><E102/><V46/><F132/><W30/><G131/><T129/><D129/><U81/><E9/><V95/><F70/><W16/><G32/><T8/><D133/><U3/><E3/><V11/><F106/><W100/><G76/><T43/><D66/><U47/><E36/><V26/><F77/><W92/><G19/><T14/><D97/><U108/><E37/><V107/><F107/><W125/><G73/><T93/><D93/><U21/><E108/><V34/><F84/><W75/><G75/><T53/><D86/><U126/><E126/><V10/><F34/><W25/><G125/><T5/><REACH who="0" step="1"/><D53/><REACH who="0" ten="217,464,71,238" step="2"/><N who="1" m="29951" /><E74/><V82/><F82/><N who="3" m="49591" /><G45/><T38/><D38/><U87/><E83/><V15/><REACH who="2" step="1"/><F10/><REACH who="2" ten="217,464,61,238" step="2"/><W65/><G92/><T35/><D35/><U117/><E81/><V33/><F33/><W50/><G99/><T54/><D54/><AGARI ba="0,2" hai="11,15,18,26,27,46,48,54,58,63,67,95,98,103" machi="54" ten="30,7700,0" yaku="1,1,7,1,8,1,52,1,53,0" doraHai="56" doraHaiUra="114" who="2" fromWho="0" sc="217,-77,464,0,61,97,238,0" /><INIT seed="4,0,0,3,5,11" ten="140,464,158,238" oya="0" hai0="0,129,47,13,20,91,50,42,123,94,93,76,34" hai1="22,45,25,72,125,78,33,116,15,12,87,27,31" hai2="58,60,124,55,57,18,131,48,63,80,38,68,70" hai3="40,119,43,77,105,126,39,10,24,7,83,61,92"/><T51/><D34/><U52/><E72/><V111/><F38/><W110/><G119/><T108/><D0/><U54/><E116/><V127/><F80/><W23/><G105/><T99/><D123/><U62/><E125/><N who="2" m="48203" /><F18/><W84/><G110/><T90/><D129/><U67/><E78/><V21/><F21/><W113/><G39/><T88/><D76/><U102/><E102/><V2/><F2/><W98/><G113/><T96/><D108/><U133/><E87/><V134/><F111/><W41/><G61/><N who="2" m="23625" /><F134/><W6/><G126/><T104/><D104/><U71/><E133/><V59/><F131/><W112/><G112/><T101/><D51/><U3/><E3/><V85/><F85/><W97/><G10/><T8/><D20/><U106/><E106/><V64/><F64/><W122/><G122/><T86/><D86/><U4/><E4/><AGARI ba="0,0" hai="4,8,13,42,47,50,88,90,91,93,94,96,99,101" machi="4" ten="30,11600,0" yaku="7,1,8,1,52,1,54,1" doraHai="11" who="0" fromWho="1" sc="140,116,464,-116,158,0,238,0" /><INIT seed="4,1,0,4,2,40" ten="256,348,158,238" oya="0" hai0="96,6,76,44,7,24,51,101,83,88,16,62,72" hai1="43,70,114,81,13,134,20,132,129,100,125,66,112" hai2="53,124,0,25,80,59,4,95,84,123,131,31,130" hai3="65,93,55,74,104,87,119,89,118,97,18,56,14"/><T19/><D62/><N who="1" m="40279" /><E100/><V107/><F107/><W116/><G74/><T113/><D113/><N who="1" m="43627" /><E125/><V48/><F123/><W49/><G65/><T108/><D108/><U73/><E129/><V78/><F124/><W90/><G104/><T102/><D102/><U27/><E13/><V11/><REACH who="2" step="1"/><F95/><REACH who="2" ten="256,348,148,238" step="2"/><W67/><G118/><T105/><D105/><U109/><E109/><V98/><F98/><W75/><G116/><T37/><D96/><U77/><E43/><V32/><AGARI ba="1,1" hai="0,4,11,25,31,32,48,53,59,78,80,84,130,131" machi="32" ten="30,4000,0" yaku="1,1,0,1,53,1" doraHai="40" doraHaiUra="30" who="2" fromWho="2" sc="256,-21,348,-11,148,53,238,-11" /><INIT seed="5,0,0,4,2,22" ten="235,337,201,227" oya="1" hai0="25,47,72,42,68,55,87,88,93,124,20,31,23" hai1="129,94,18,134,125,11,100,35,27,65,4,110,104" hai2="86,69,70,76,96,74,14,21,98,28,6,79,45" hai3="52,53,92,51,114,132,116,95,56,121,57,15,115"/><U118/><E118/><V91/><F74/><W29/><G121/><T130/><D68/><U43/><E104/><V60/><F70/><W85/><G116/><T101/><D72/><U131/><E65/><V89/><F45/><W5/><G132/><T58/><D124/><U46/><E134/><V8/><F69/><W50/><G29/><T119/><D119/><U13/><E125/><V80/><F60/><W16/><G5/><T63/><D130/><N who="1" m="49675" /><E110/><V102/><F91/><W49/><G49/><N who="0" m="26871" /><D20/><N who="1" m="13719" /><E35/><V2/><F2/><W26/><G26/><T113/><D113/><N who="3" m="43017" /><G85/><T78/><D78/><N who="2" m="29738" /><F102/><AGARI ba="0,0" hai="23,25,31,55,58,63,87,88,93,101,102" m="26871" machi="102" ten="30,3900,0" yaku="8,1,52,1,54,1" doraHai="22" who="0" fromWho="2" sc="235,39,337,0,201,-39,227,0" /><INIT seed="6,0,0,2,1,93" ten="274,337,162,227" oya="2" hai0="48,0,2,66,49,25,108,31,53,8,42,123,61" hai1="23,112,46,63,125,126,4,132,54,121,135,52,32" hai2="69,96,124,16,80,78,84,29,59,90,21,20,118" hai3="83,131,77,106,36,94,15,17,105,60,44,1,99"/><V79/><F118/><W82/><G1/><T10/><D108/><U111/><E32/><V68/><F124/><N who="1" m="47721" /><E111/><V110/><F110/><W50/><G36/><T30/><D42/><U97/><E4/><V116/><F116/><W40/><G131/><T134/><D49/><N who="1" m="28727" /><E112/><V85/><F59/><W72/><G82/><T38/><D38/><U6/><E6/><V70/><F29/><W45/><G60/><T74/><D31/><U87/><E87/><V73/><F79/><W98/><G45/><T14/><D10/><U65/><E121/><V102/><F90/><W107/><REACH who="3" step="1"/><G94/><REACH who="3" ten="274,337,162,217" step="2"/><T86/><D61/><U122/><E63/><V43/><F43/><W18/><G18/><T71/><D123/><U130/><E122/><V103/><F103/><W64/><G64/><T104/><D66/><U91/><E65/><V129/><F129/><W37/><G37/><T55/><D71/><U89/><E130/><V56/><F56/><W7/><G7/><T92/><D92/><U133/><E54/><V33/><F33/><W13/><G13/><T114/><D55/><U5/><E5/><V11/><F11/><AGARI ba="0,1" hai="11,15,17,40,44,50,72,77,83,98,99,105,106,107" machi="11" ten="40,5200,0" yaku="1,1,52,2,53,0" doraHai="93" doraHaiUra="3" who="3" fromWho="2" sc="274,0,337,0,162,-52,217,62" /><INIT seed="7,0,0,0,2,2" ten="274,337,110,279" oya="3" hai0="102,43,93,82,127,131,47,23,31,52,108,56,26" hai1="29,53,42,65,0,95,33,85,63,86,34,134,117" hai2="96,14,73,69,68,123,119,4,54,5,10,100,1" hai3="28,18,98,12,60,30,55,35,51,87,135,94,37"/><W19/><G37/><T80/><D108/><U76/><E0/><V124/><F119/><W46/><G135/><T17/><D127/><U20/><E42/><V99/><F73/><W88/><G35/><T32/><D131/><U83/><E53/><V101/><F124/><W6/><G60/><N who="0" m="35847" /><D32/><U74/><E74/><V8/><F123/><W104/><G104/><T41/><D31/><N who="3" m="11817" /><G98/><N who="0" m="59727" /><D47/><U133/><E133/><V97/><F54/><W132/><G132/><T106/><D106/><U118/><E34/><V128/><F128/><W7/><G19/><T36/><D36/><U57/><E33/><V130/><F130/><W121/><BYE who="2" /><G121/><T66/><D66/><U27/><E134/><V9/><F9/><AGARI ba="0,0" hai="6,7,9,12,18,46,51,55,87,88,94" m="11817" machi="9" ten="30,11600,0" yaku="8,1,52,2,54,1" doraHai="2" who="3" fromWho="2" sc="274,0,337,0,110,-116,279,116" owari="274,-13.0,337,14.0,-6,-51.0,395,50.0" /></mjloggm>