<mjloggm ver="2.3"><GO type="41" lobby="0"/><UN n0="%72%61%64%65%72" n1="%E3%83%90%E3%83%B3%E3%83%96%E3%83%BC%E3%83%A1%E3%83%A2%E3%83%AA%E3%83%BC" n2="%E3%83%9C%E3%82%AF%E3%81%8A%E3%81%AA%EF%BC%92" n3="%E5%B0%B1%E6%B4%BB%E7%94%9F%40%E5%B7%9D%E6%9D%91%E8%BB%8D%E5%9B%A3" dan="15,14,14,17" rate="2078.23,1974.19,1952.17,2081.46" sx="M,M,M,M"/><TAIKYOKU oya="0"/><INIT seed="0,0,0,5,3,4" ten="250,250,250,250" oya="0" hai0="62,57,124,78,93,73,9,68,126,50,51,101,19" hai1="70,34,103,107,11,81,6,3,72,61,18,59,27" hai2="64,125,76,7,5,79,44,85,63,25,66,129,52" hai3="91,102,12,33,77,118,74,87,131,29,67,15,32"/><T111/><D68/><U13/><E70/><V10/><F129/><W48/><G118/><T14/><D78/><N who="2" m="29738" /><F125/><W31/><G131/><T86/><D73/><U17/><E72/><V35/><F35/><W98/><G77/><T20/><D111/><U94/><E107/><V37/><F37/><W71/><G74/><T53/><D20/><U8/><E81/><V16/><F85/><W40/><G71/><T47/><D51/><U112/><E112/><V49/><F63/><W122/><G67/><N who="2" m="25641" /><F25/><W36/><G36/><T46/><D46/><U23/><E34/><V115/><F115/><W89/><G122/><T134/><D134/><U119/><E119/><V0/><F0/><W117/><G117/><T106/><D106/><U116/><E116/><V69/><F69/><W56/><G33/><T30/><D86/><U130/><E130/><V110/><F110/><W26/><G31/><T121/><D121/><U28/><E28/><V60/><F60/><W120/><G120/><T45/><D45/><U75/><E75/><V108/><F108/><W58/><G58/><T128/><D30/><U2/><E2/><V21/><F21/><W39/><G39/><T80/><D128/><U127/><E127/><V133/><F133/><W99/><G99/><T22/><D22/><U88/><E103/><V96/><F96/><W42/><G98/><T83/><D126/><U41/><E41/><V113/><F113/><W43/><G102/><T100/><D124/><U38/><E38/><V97/><F97/><W54/><G87/><T114/><D101/><U84/><E61/><V24/><F24/><RYUUKYOKU ba="0,0" sc="250,-30,250,10,250,10,250,10" hai1="3,6,8,11,13,17,18,23,27,59,84,88,94" hai2="5,7,10,16,44,49,52" hai3="12,15,26,29,32,40,42,43,48,54,56,89,91" /><INIT seed="1,1,0,2,2,109" ten="220,260,260,260" oya="1" hai0="119,79,103,58,73,78,47,132,12,127,43,131,20" hai1="129,14,88,60,116,45,64,19,125,50,135,111,63" hai2="74,22,85,11,117,106,42,84,96,123,104,134,24" hai3="8,91,57,128,120,61,99,77,71,68,1,126,15"/><U100/><E116/><V25/><F123/><W16/><G120/><T70/><D70/><U90/><E111/><V53/><F74/><W95/><G126/><T76/><D127/><U115/><E135/><V52/><F134/><W39/><G128/><T0/><D0/><U26/><E125/><V130/><F130/><W83/><G39/><T4/><D73/><U41/><E129/><V51/><F117/><W114/><G1/><T33/><D33/><U67/><E115/><V36/><F11/><W10/><G10/><T34/><D34/><U75/><E75/><V7/><F7/><W62/><G114/><T55/><D119/><U89/><E100/><V29/><F36/><W54/><REACH who="3" step="1"/><G61/><REACH who="3" ten="220,260,260,250" step="2"/><N who="1" m="23626" /><E26/><V108/><F25/><W92/><G92/><T101/><D132/><U23/><AGARI ba="1,1" hai="14,19,23,41,45,50,64,67,88,89,90" m="23626" machi="23" ten="30,3000,0" yaku="8,1,54,1" doraHai="109" who="1" fromWho="1" sc="220,-11,260,43,260,-11,250,-11" /><INIT seed="1,2,0,3,4,3" ten="209,303,249,239" oya="1" hai0="61,97,66,105,37,104,23,19,134,45,24,26,32" hai1="100,48,44,33,118,67,28,7,42,119,22,112,60" hai2="56,4,29,59,99,13,96,85,125,5,78,15,35" hai3="1,11,121,12,113,86,68,131,101,54,128,8,58"/><U95/><E112/><V75/><F75/><W71/><G113/><T82/><D134/><U102/><E33/><V25/><F125/><W34/><G34/><T62/><D62/><U47/><E47/><V63/><F59/><W109/><G121/><T21/><D32/><U127/><E127/><V53/><F15/><W18/><G109/><T84/><D97/><U17/><E28/><V69/><F69/><W117/><G117/><T64/><D45/><U91/><E7/><V43/><F43/><W93/><G1/><T52/><D37/><U124/><E124/><V74/><F74/><W2/><G2/><T76/><D66/><U65/><E65/><V73/><F73/><W40/><G40/><T114/><D114/><U129/><E129/><N who="3" m="49738" /><G8/><T41/><D41/><U83/><E83/><V107/><F13/><W30/><G30/><T57/><REACH who="0" step="1"/><D64/><REACH who="0" ten="199,303,249,239" step="2"/><U110/><E110/><V70/><F99/><N who="3" m="59631" /><G86/><T98/><D98/><U49/><E44/><V10/><F96/><W116/><G116/><T122/><D122/><U115/><E42/><V0/><F85/><W16/><G18/><AGARI ba="2,1" hai="18,19,21,23,24,26,52,57,61,76,82,84,104,105" machi="18" ten="30,7700,0" yaku="1,1,7,1,9,1,54,1,53,0" doraHai="3" doraHaiUra="123" who="0" fromWho="3" sc="199,93,303,0,249,0,239,-83" /><INIT seed="2,0,0,3,2,27" ten="292,303,249,156" oya="2" hai0="18,33,41,30,73,59,106,4,87,61,37,105,88" hai1="84,26,51,16,23,93,103,9,43,15,46,35,40" hai2="44,10,101,113,118,119,3,28,34,56,85,54,129" hai3="78,62,121,49,107,74,17,0,39,76,42,86,131"/><V112/><F101/><W67/><G39/><T69/><D73/><U97/><E35/><V47/><F129/><W64/><G74/><T21/><D69/><U20/><E84/><V122/><F122/><W1/><G107/><T13/><D37/><U75/><E75/><V111/><F111/><W11/><G121/><T81/><D41/><U71/><E71/><V25/><F85/><W83/><G131/><T94/><D4/><U102/><E102/><V96/><F96/><W95/><G76/><T2/><D2/><U77/><E77/><V68/><F68/><W38/><G38/><T134/><D134/><U72/><E72/><V32/><F32/><W36/><G36/><T89/><D89/><U120/><E120/><V57/><F57/><W99/><G1/><T92/><D92/><U109/><E109/><V52/><F54/><W128/><G128/><T6/><D6/><N who="1" m="3511" /><E23/><V29/><F119/><W70/><G67/><T82/><D106/><U98/><E98/><V79/><F79/><W50/><G42/><AGARI ba="0,0" hai="16,20,26,40,42,43,46,51,93,97,103" m="3511" machi="42" ten="30,2000,0" yaku="8,1,54,1" doraHai="27" who="1" fromWho="3" sc="292,0,303,20,249,0,156,-20" /><INIT seed="3,0,0,3,3,0" ten="292,323,249,136" oya="3" hai0="73,5,125,25,57,51,120,68,76,127,35,41,67" hai1="60,74,63,98,53,3,80,20,50,47,102,78,95" hai2="107,117,24,113,9,83,44,61,27,21,97,111,109" hai3="65,39,37,54,55,92,59,122,58,13,101,104,79"/><W32/><G104/><T110/><D120/><U56/><E3/><V75/><F113/><W11/><G32/><T28/><D110/><N who="2" m="41994" /><F117/><W4/><G122/><T116/><D116/><U108/><E108/><V103/><F44/><W31/><G79/><T119/><D119/><U66/><E63/><V70/><F9/><W118/><G118/><T81/><D68/><U132/><REACH who="1" step="1"/><E20/><REACH who="1" ten="292,313,249,136" step="2"/><V106/><F21/><W126/><G126/><T121/><D127/><U1/><E1/><V52/><F61/><W124/><G124/><T45/><D125/><U46/><E46/><V22/><F22/><W134/><G134/><AGARI ba="0,1" hai="47,50,53,56,60,66,74,78,80,95,98,102,132,134" machi="134" ten="40,1300,0" yaku="1,1,53,0" doraHai="0" doraHaiUra="6" who="1" fromWho="3" sc="292,0,313,23,249,0,136,-13" /><INIT seed="4,0,0,1,1,7" ten="292,336,249,123" oya="0" hai0="46,13,42,2,76,105,97,123,128,103,133,118,19" hai1="66,36,52,17,74,63,102,40,8,109,68,90,51" hai2="24,67,16,89,127,62,0,92,113,31,112,20,120" hai3="49,27,80,53,64,98,14,10,18,81,59,124,82"/><T60/><D118/><U84/><E74/><V6/><F120/><W132/><G124/><T121/><D133/><U29/><E109/><V110/><F110/><W25/><G132/><T115/><D115/><U48/><E29/><V117/><F127/><W69/><G69/><T125/><D128/><U35/><E35/><V22/><F117/><W78/><G78/><T111/><D125/><U45/><E102/><V100/><F100/><W122/><G122/><T93/><D2/><U71/><E71/><V94/><F94/><W57/><REACH who="3" step="1"/><G98/><REACH who="3" ten="292,336,249,113" step="2"/><T126/><D126/><U114/><E114/><V95/><F113/><W1/><G1/><T104/><D111/><U85/><E90/><V56/><F89/><W135/><G135/><T88/><D76/><U3/><E3/><V106/><F112/><W108/><G108/><T70/><D121/><U5/><E5/><V11/><REACH who="2" step="1"/><F106/><REACH who="2" ten="292,336,239,113" step="2"/><W26/><G26/><AGARI ba="0,2" hai="0,6,11,16,20,22,24,26,31,56,62,67,92,95" machi="26" ten="30,8000,1" yaku="1,1,2,1,7,1,52,1,54,1,53,0" doraHai="7" doraHaiUra="101" who="2" fromWho="3" sc="292,0,336,0,239,100,113,-80" /><INIT seed="5,0,0,2,2,3" ten="292,336,339,33" oya="1" hai0="117,2,65,102,77,45,41,7,81,44,69,34,43" hai1="6,53,26,89,91,135,118,54,33,113,47,79,67" hai2="24,76,126,0,82,12,19,98,97,121,99,58,9" hai3="100,5,95,106,84,112,57,66,101,124,72,109,27"/><U74/><E118/><V71/><F71/><W51/><G72/><T103/><D34/><U31/><E113/><V21/><F121/><W75/><G106/><T110/><D110/><U78/><E135/><V36/><F36/><W131/><G75/><T132/><D132/><U90/><E67/><V111/><F126/><W73/><G73/><T127/><D127/><U48/><E6/><V88/><F0/><W115/><G27/><T133/><D133/><U108/><E108/><V46/><F46/><W83/><G5/><T40/><D65/><U11/><E11/><V39/><F39/><W22/><G22/><T93/><D69/><U61/><E74/><V55/><F76/><W8/><G8/><T116/><D7/><U23/><E33/><V80/><F88/><W86/><G66/><T59/><D2/><U122/><E122/><V38/><F38/><W119/><G57/><AGARI ba="0,0" hai="23,26,31,47,48,53,54,57,61,78,79,89,90,91" machi="57" ten="40,2000,0" yaku="8,1" doraHai="3" who="1" fromWho="3" sc="292,0,336,20,339,0,33,-20" /><INIT seed="5,1,0,5,1,129" ten="292,356,339,13" oya="1" hai0="23,126,65,109,52,43,78,124,45,82,3,61,19" hai1="28,95,118,71,116,42,76,74,17,48,16,54,27" hai2="130,10,89,127,106,2,108,34,122,100,105,57,24" hai3="26,120,83,123,117,46,14,50,64,4,103,88,53"/><U70/><E42/><V132/><F108/><W73/><G117/><T56/><D109/><U84/><E74/><V22/><F122/><W134/><G103/><T58/><D3/><U63/><E63/><V85/><F34/><W9/><G64/><T121/><D121/><U20/><E71/><V30/><F130/><W7/><G7/><T104/><D104/><U13/><E70/><V110/><F110/><W101/><G101/><T72/><D58/><U81/><E95/><V79/><F79/><W92/><G134/><T55/><D126/><U40/><E40/><V102/><F132/><W12/><G12/><T96/><D96/><U91/><E76/><V114/><F127/><W67/><G67/><T66/><D124/><U93/><E81/><V15/><F2/><W77/><REACH who="3" step="1"/><G26/><REACH who="3" ten="292,356,339,3" step="2"/><T131/><D66/><U32/><E17/><V75/><F102/><W29/><G29/><T1/><D1/><U90/><E90/><V37/><F100/><W80/><G80/><T107/><D107/><U44/><AGARI ba="1,1" hai="13,16,20,27,28,32,44,48,54,84,91,93,116,118" machi="44" ten="20,3900,0" yaku="0,1,7,1,54,1" doraHai="129" who="1" fromWho="1" sc="292,-14,356,52,339,-14,3,-14" owari="278,-12.0,408,50.0,325,13.0,-11,-51.0" /></mjloggm>