<mjloggm ver="2.3"><GO type="225" lobby="0"/><UN n0="%E3%83%88%E3%83%88%E3%83%AA%E5%85%88%E7%94%9F%31%39%E6%AD%B3" n1="%E3%81%88%E3%82%8B%E3%81%9F%E3%81%9D" n2="%E4%BC%9D%E8%AA%AC%E3%81%AE%E3%81%B2%E3%82%88%E3%81%93" n3="%E2%98%86%E9%BB%84%E7%80%AC%E3%82%84%E3%82%88%E3%81%84%E2%98%86" dan="17,17,16,17" rate="2251.07,2147.09,2030.06,2158.68" sx="F,F,F,M"/><TAIKYOKU oya="0"/><INIT seed="0,0,0,4,4,75" ten="250,250,250,250" oya="0" hai0="51,77,19,83,135,91,90,28,120,105,86,99,116" hai1="14,78,98,88,22,129,0,87,93,48,9,39,126" hai2="16,131,43,29,112,10,44,108,132,66,47,30,79" hai3="133,115,26,56,103,58,35,20,18,125,45,54,27"/><T95/><D116/><U111/><E39/><V42/><F112/><W121/><G115/><T127/><D120/><U118/><E118/><V110/><F131/><W63/><G121/><T73/><D135/><U114/><E0/><V72/><F66/><W119/><G119/><T15/><D127/><U59/><E114/><V70/><F70/><W57/><G125/><T82/><D28/><U134/><E111/><N who="2" m="42539" /><F132/><W107/><G133/><T33/><D33/><U85/><E134/><V36/><F72/><W17/><G107/><T102/><D51/><U130/><E126/><V34/><F34/><W21/><G103/><T25/><D25/><U13/><E22/><V64/><F64/><W97/><G97/><N who="0" m="61647" /><D19/><U71/><E71/><V53/><F53/><N who="3" m="34255" /><G35/><T69/><D15/><U37/><E37/><N who="2" m="21583" /><F79/><W92/><G54/><T52/><D52/><N who="1" m="32135" /><E9/><V62/><F62/><W2/><G2/><T4/><D69/><U123/><E123/><V117/><F117/><W109/><G109/><T80/><D4/><U96/><E98/><V104/><F104/><W46/><G46/><T124/><D124/><U41/><E41/><V3/><F3/><W38/><G45/><T94/><AGARI ba="0,0" hai="73,77,80,82,83,86,90,91,94,95,99" m="61647" machi="94" ten="30,18000,2" yaku="24,1,35,5,52,1" doraHai="75" who="0" fromWho="0" sc="250,180,250,-60,250,-60,250,-60" /><INIT seed="0,1,0,2,0,49" ten="430,190,190,190" oya="0" hai0="126,120,61,135,18,55,41,68,59,121,42,105,64" hai1="108,30,19,21,6,88,127,93,82,62,13,36,35" hai2="85,71,1,115,63,40,23,37,99,123,101,43,5" hai3="65,134,94,78,77,83,44,81,80,89,86,66,34"/><T76/><D105/><U53/><E36/><V10/><F115/><W57/><G34/><T22/><D135/><U12/><E108/><V114/><F114/><W90/><G134/><T4/><D126/><U46/><E127/><V54/><F123/><W25/><G25/><T45/><D76/><N who="3" m="29289" /><G44/><T26/><D4/><U2/><E82/><N who="3" m="31850" /><G57/><T38/><REACH who="0" step="1"/><D41/><REACH who="0" ten="420,190,190,190" step="2"/><U79/><E79/><V104/><F43/><W116/><G116/><T84/><D84/><AGARI ba="1,1" hai="65,66,83,84,86,89,90,94" m="31850,29289" machi="84" ten="30,1000,0" yaku="8,1" doraHai="49" who="3" fromWho="0" sc="420,-13,190,0,190,0,190,23" /><INIT seed="1,0,0,4,1,122" ten="407,190,190,213" oya="1" hai0="67,38,84,55,90,128,5,99,13,121,63,100,82" hai1="87,18,10,61,37,45,17,3,33,51,126,30,119" hai2="69,44,118,19,104,88,107,125,40,96,7,50,70" hai3="39,78,81,15,85,103,20,68,83,62,77,94,58"/><U27/><E119/><V59/><F118/><W28/><G68/><T6/><D38/><U106/><E37/><V57/><F7/><W49/><G39/><T97/><D128/><U23/><E106/><V108/><F107/><W75/><G49/><T76/><D121/><U4/><E126/><V66/><F57/><W114/><G114/><T124/><D124/><U42/><E33/><V54/><F125/><W0/><G0/><T132/><D132/><U64/><REACH who="1" step="1"/><E87/><REACH who="1" ten="407,180,190,213" step="2"/><V123/><F123/><W113/><G113/><T112/><D112/><U115/><E115/><V11/><F104/><W116/><G116/><T36/><D36/><U129/><E129/><V48/><F69/><AGARI ba="0,1" hai="3,4,10,17,18,23,27,30,42,45,51,61,64,69" machi="69" ten="30,5800,0" yaku="1,1,7,1,53,1" doraHai="122" doraHaiUra="21" who="1" fromWho="2" sc="407,0,180,68,190,-58,213,0" /><INIT seed="1,1,0,3,3,15" ten="407,248,132,213" oya="1" hai0="111,114,21,18,32,83,2,100,48,95,52,28,13" hai1="35,71,96,46,113,20,67,101,85,118,42,16,0" hai2="94,6,115,133,47,22,38,64,104,77,59,4,66" hai3="37,54,75,130,84,86,90,3,50,135,117,128,70"/><U103/><E118/><V40/><F104/><W109/><G37/><T45/><D114/><U51/><E35/><V24/><F133/><W91/><G75/><T1/><D111/><U7/><E113/><V93/><F115/><W105/><G117/><T5/><D5/><U34/><E34/><V33/><F33/><W87/><G3/><T63/><D83/><U68/><E67/><V108/><F108/><W127/><G109/><T99/><D28/><U69/><E7/><V125/><F125/><W44/><G70/><T97/><D32/><U129/><E0/><V120/><F120/><W110/><G110/><T76/><D76/><U106/><E103/><V122/><F122/><W14/><G105/><T74/><D74/><U78/><E129/><N who="3" m="49770" /><G135/><T11/><D11/><U65/><E65/><V60/><F66/><W134/><G134/><T25/><D63/><U26/><E85/><V55/><F77/><W131/><N who="3" m="49778" /><W36/><DORA hai="88" /><G127/><T98/><D25/><U124/><E78/><V107/><F107/><W49/><G36/><T12/><D12/><U82/><E82/><V53/><F4/><W19/><G50/><T132/><D132/><U23/><E124/><V41/><F6/><W123/><G123/><T102/><D97/><U29/><E71/><V89/><F38/><W119/><G119/><T79/><D79/><U10/><E10/><AGARI ba="1,0" hai="10,14,19,44,49,54,84,86,87,90,91" m="49778" machi="10" ten="40,2600,0" yaku="19,1,52,1" doraHai="15,88" who="3" fromWho="1" sc="407,0,248,-29,132,0,213,29" /><INIT seed="2,0,0,5,5,57" ten="407,219,132,242" oya="2" hai0="117,105,54,55,63,106,95,94,122,119,132,60,75" hai1="13,111,52,53,2,133,56,81,61,80,8,104,5" hai2="26,48,19,24,38,91,72,20,66,79,82,27,88" hai3="6,87,9,109,83,64,121,39,3,112,46,31,40"/><V30/><F38/><W41/><G121/><T102/><D102/><U11/><E104/><V116/><F116/><W125/><G112/><T34/><D122/><U32/><E32/><V128/><F128/><W93/><G125/><T103/><D103/><U92/><E111/><V35/><F66/><W89/><G109/><T126/><D34/><U77/><E133/><V110/><F110/><W17/><G31/><T115/><D75/><U70/><E70/><V78/><F78/><W74/><G41/><T33/><D33/><U25/><E25/><V58/><REACH who="2" step="1"/><F24/><REACH who="2" ten="407,219,122,242" step="2"/><W23/><G64/><T10/><D115/><U49/><E77/><V22/><F22/><W45/><G39/><T7/><D119/><U90/><E2/><V36/><F36/><W73/><G23/><T100/><D117/><U50/><E11/><V21/><F21/><W65/><G65/><T16/><D10/><U101/><E101/><V129/><F129/><W14/><G3/><T99/><D100/><U4/><E50/><V29/><F29/><W51/><G51/><T15/><D105/><U44/><E5/><V69/><F69/><W108/><G6/><T118/><D106/><U130/><E130/><V98/><F98/><AGARI ba="0,1" hai="4,8,13,44,49,52,53,56,61,80,81,90,92,98" machi="98" ten="30,7700,0" yaku="7,1,8,1,52,1,54,1" doraHai="57" who="1" fromWho="2" sc="407,0,219,87,122,-77,242,0" /><INIT seed="3,0,0,4,1,9" ten="407,306,45,242" oya="3" hai0="121,109,11,55,88,58,62,37,52,123,60,14,125" hai1="107,41,114,120,106,78,43,131,12,83,115,74,116" hai2="64,67,32,5,91,6,104,69,122,97,56,86,68" hai3="81,92,30,47,53,134,127,18,72,119,20,8,29"/><W113/><G119/><T135/><D37/><U31/><E120/><V49/><F32/><W108/><G113/><T35/><D35/><U130/><E31/><N who="3" m="11786" /><G134/><T17/><D135/><U2/><E2/><V71/><F122/><W40/><G127/><T44/><D109/><U126/><E12/><V27/><F27/><N who="3" m="14743" /><G72/><T57/><D125/><U128/><E126/><V4/><F104/><N who="1" m="39977" /><E116/><V82/><F97/><W95/><G108/><T80/><D44/><U112/><AGARI ba="0,0" hai="41,43,74,78,83,112,114,115,128,130,131" m="39977" machi="112" ten="50,1600,0" yaku="19,1" doraHai="9" who="1" fromWho="1" sc="407,-4,306,16,45,-4,242,-8" owari="403,51.0,322,12.0,41,-46.0,234,-17.0" /></mjloggm>