<mjloggm ver="2.3"><GO type="97" lobby="0"/><UN n0="%70%6F%67%69%72%6F" n1="%68%6B%5F%6B%69%62%61" n2="%E3%81%86%E3%82%8B%E3%81%95%E3%81%84%E3%81%AF%E8%A4%92%E3%82%81%E8%A9%9E" n3="%E3%83%88%E3%83%88%E3%83%AA%E5%85%88%E7%94%9F%31%39%E6%AD%B3" dan="14,14,13,14" rate="1889.63,1923.75,1872.08,2040.19" sx="M,M,M,F"/><TAIKYOKU oya="0"/><INIT seed="0,0,0,1,1,53" ten="250,250,250,250" oya="0" hai0="39,79,101,111,41,57,129,116,77,78,123,117,43" hai1="107,23,113,69,62,131,135,132,95,32,97,120,100" hai2="45,89,124,10,25,14,80,28,83,36,19,30,24" hai3="0,92,37,6,91,118,61,94,81,74,8,35,2"/><T88/><D123/><U130/><E32/><V13/><F124/><W112/><G112/><T49/><D39/><U98/><E69/><V52/><F36/><W126/><G118/><T18/><D129/><N who="1" m="49163" /><E23/><V70/><F70/><W33/><G126/><T20/><D111/><U64/><E62/><V125/><F125/><W65/><G2/><T85/><D101/><N who="1" m="60607" /><E64/><V21/><F25/><W3/><G3/><T119/><D119/><U50/><E50/><N who="2" m="28751" /><F14/><W12/><G92/><N who="0" m="54287" /><D116/><U9/><E9/><V127/><F127/><W15/><G37/><T122/><D117/><U76/><E113/><V109/><F109/><W5/><G35/><T115/><D115/><U56/><E120/><V7/><F89/><W29/><G33/><T1/><D1/><U93/><E76/><V27/><F27/><W47/><G0/><T48/><D122/><U102/><E102/><V72/><F72/><W68/><G74/><T40/><D78/><U110/><E107/><V103/><F103/><W82/><G68/><T34/><D34/><U58/><E110/><V121/><F121/><W54/><G12/><N who="0" m="9287" /><D77/><U66/><E66/><V4/><F30/><W44/><G29/><T96/><D79/><U134/><AGARI ba="0,0" hai="56,58,93,98,100,132,134,135" m="60607,49163" machi="134" ten="40,8000,1" yaku="20,1,19,1,52,2" doraHai="53" who="1" fromWho="1" sc="250,-40,250,80,250,-20,250,-20" /><INIT seed="1,0,0,5,5,2" ten="210,330,230,230" oya="1" hai0="134,135,11,60,40,44,63,129,30,74,36,64,13" hai1="69,110,119,100,73,79,56,26,106,88,31,125,33" hai2="118,48,18,105,104,57,68,27,123,90,95,43,20" hai3="116,109,37,61,99,62,84,55,128,25,24,89,15"/><U5/><E119/><V21/><F68/><W28/><G37/><T107/><D74/><U10/><E69/><V38/><F123/><W16/><G116/><T96/><D129/><U133/><E125/><V131/><F131/><W17/><G128/><T42/><D30/><U112/><E112/><V115/><F115/><W120/><G120/><T23/><D23/><U85/><E56/><V52/><F118/><W81/><G109/><T108/><D108/><U101/><E110/><V6/><F6/><W39/><G39/><T78/><D78/><U126/><E126/><V124/><F124/><W22/><G55/><T72/><D72/><U8/><E133/><N who="0" m="50697" /><D42/><U19/><E19/><V97/><F38/><W86/><G99/><T35/><D35/><U49/><E49/><V121/><F121/><W70/><G70/><T45/><D45/><U3/><E10/><V93/><F43/><W98/><G98/><T1/><D1/><U41/><E106/><V14/><F93/><W76/><G24/><T0/><D0/><U32/><E32/><V82/><F82/><N who="3" m="49367" /><G28/><AGARI ba="0,0" hai="14,18,20,21,27,28,48,52,57,90,95,97,104,105" machi="28" ten="30,2000,0" yaku="7,1,54,1" doraHai="2" who="2" fromWho="3" sc="210,0,330,0,230,20,230,-20" /><INIT seed="2,0,0,2,1,5" ten="210,330,250,210" oya="2" hai0="8,31,135,110,9,119,72,129,54,134,84,17,131" hai1="83,71,4,79,133,90,10,45,48,12,42,38,73" hai2="78,103,130,40,0,96,30,63,97,2,52,82,92" hai3="115,1,89,95,60,58,91,44,47,122,29,87,14"/><V93/><F130/><N who="0" m="49674" /><D72/><U76/><E71/><V68/><F40/><W49/><G122/><T43/><D43/><U98/><E133/><N who="0" m="50697" /><D119/><U27/><E38/><V64/><F30/><W100/><G1/><T55/><D110/><U108/><E108/><V51/><F82/><N who="3" m="49399" /><G115/><T26/><D84/><N who="1" m="50463" /><E73/><V80/><F80/><W57/><G100/><T77/><D77/><N who="1" m="29771" /><E98/><V56/><F78/><W53/><G14/><T3/><D3/><U121/><E121/><V50/><F51/><W99/><G29/><T13/><D31/><U46/><E46/><V112/><F112/><W114/><G114/><T21/><D26/><AGARI ba="0,0" hai="4,10,12,26,27,42,45,48" m="29771,50463" machi="26" ten="30,2000,0" yaku="8,1,52,1" doraHai="5" who="1" fromWho="0" sc="210,-20,330,20,250,0,210,0" /><INIT seed="3,0,0,0,5,95" ten="190,350,250,210" oya="3" hai0="19,121,82,131,12,110,8,30,80,62,56,57,117" hai1="132,32,10,72,69,113,84,35,53,73,22,25,55" hai2="88,77,51,26,39,96,76,123,60,101,42,33,46" hai3="134,92,45,125,18,1,111,49,93,135,31,86,106"/><W71/><G71/><T74/><D121/><U13/><E69/><V99/><F123/><W15/><G1/><T116/><D74/><U120/><E120/><V102/><F39/><W133/><G106/><T59/><D110/><U119/><E73/><V9/><F9/><W75/><G75/><T108/><D108/><U98/><E72/><V37/><F37/><W41/><G111/><T103/><D131/><U124/><E55/><V11/><F11/><N who="3" m="6527" /><G125/><T63/><D116/><U3/><E84/><V21/><F60/><W4/><G4/><T7/><D117/><U28/><E32/><V127/><F33/><W61/><G31/><T52/><D30/><U118/><E28/><V5/><F5/><W97/><G93/><T54/><D103/><U122/><E35/><V70/><F70/><W79/><G61/><T40/><D40/><U67/><E3/><V14/><F102/><N who="3" m="60711" /><G86/><T43/><D43/><U128/><E113/><V81/><F101/><W89/><G89/><T38/><D38/><U44/><E122/><V36/><F36/><W17/><G17/><T16/><REACH who="0" step="1"/><D59/><REACH who="0" ten="180,350,250,210" step="2"/><U66/><E119/><V58/><F58/><W91/><G91/><T6/><D6/><U48/><E118/><V126/><F127/><W29/><G29/><T129/><D129/><U83/><E128/><V104/><F126/><W27/><G79/><T65/><D65/><U34/><E66/><V20/><F77/><W0/><G0/><T47/><D47/><U68/><E67/><V23/><F76/><W64/><G64/><T100/><D100/><U130/><E130/><V114/><F104/><RYUUKYOKU ba="0,1" sc="180,15,350,-15,250,-15,210,15" hai0="7,8,12,16,19,52,54,56,57,62,63,80,82" hai3="27,41,45,49,133,134,135" /><INIT seed="3,1,1,2,1,88" ten="195,335,235,225" oya="3" hai0="21,135,113,17,32,103,62,132,11,55,133,50,27" hai1="13,98,126,31,15,79,91,83,90,29,54,120,28" hai2="104,96,127,75,42,81,58,102,85,105,134,106,122" hai3="46,93,114,76,108,4,112,26,0,124,128,6,34"/><W80/><G128/><T117/><D117/><U1/><E1/><V59/><F42/><W131/><G131/><T45/><D113/><U97/><E120/><V71/><F71/><W8/><G124/><T123/><D123/><U92/><E54/><V89/><F59/><W130/><G130/><T30/><D62/><U43/><E43/><V115/><F58/><W68/><G68/><T107/><D107/><N who="2" m="41034" /><F122/><W39/><G108/><T109/><D109/><U121/><E126/><V38/><F38/><W52/><G6/><T72/><D72/><U118/><E118/><V10/><F10/><W86/><G34/><T20/><D11/><U40/><E40/><V61/><F61/><W82/><G26/><T19/><D103/><U69/><E69/><V33/><F33/><W99/><G80/><T64/><D64/><U63/><E63/><V100/><F127/><W77/><G77/><T24/><D32/><U9/><E9/><V78/><F102/><W70/><G70/><T110/><REACH who="0" step="1"/><D110/><REACH who="0" ten="185,335,235,225" step="2"/><U16/><E121/><V57/><F115/><W7/><G7/><T18/><AGARI ba="1,2" hai="17,18,19,20,21,24,27,30,45,50,55,132,133,135" machi="18" ten="40,8000,1" yaku="1,1,2,1,0,1,20,1,53,0" doraHai="88" doraHaiUra="36" who="0" fromWho="0" sc="185,103,335,-21,235,-21,225,-41" owari="288,9.0,314,42.0,214,-19.0,184,-32.0" /></mjloggm>