<mjloggm ver="2.3"><GO type="41" lobby="0"/><UN n0="%54%41%4E%4F%5F%55%5A" n1="%E3%83%9D%E3%83%8A" n2="%44%2D%4D%4F%52%49" n3="%E5%B0%B1%E6%B4%BB%E7%94%9F%40%E5%B7%9D%E6%9D%91%E8%BB%8D%E5%9B%A3" dan="13,14,13,15" rate="1902.11,2001.54,1950.51,1962.65" sx="M,M,M,M"/><TAIKYOKU oya="0"/><INIT seed="0,0,0,5,3,26" ten="250,250,250,250" oya="0" hai0="31,83,47,103,80,68,109,6,13,32,15,133,3" hai1="20,70,2,106,44,87,29,93,36,48,118,40,50" hai2="60,76,0,98,33,131,24,45,58,51,57,135,34" hai3="56,63,49,85,62,124,100,10,52,132,116,66,35"/><T99/><D68/><U89/><E118/><V96/><F0/><W59/><G116/><T110/><D3/><U95/><E106/><V42/><F135/><W122/><G122/><T41/><D133/><U37/><E70/><V14/><F131/><W74/><G74/><T22/><D32/><U92/><E2/><V18/><F58/><W65/><G35/><T30/><D15/><U114/><E114/><V117/><F117/><W88/><G124/><T19/><D6/><U46/><E37/><V8/><F76/><W9/><G100/><T102/><D80/><U77/><E77/><V97/><REACH who="2" step="1"/><F24/><REACH who="2" ten="250,250,240,250" step="2"/><W129/><G129/><T21/><D103/><U78/><E78/><V90/><F90/><W121/><G121/><T84/><D102/><U27/><REACH who="1" step="1"/><E36/><REACH who="1" ten="250,240,240,250" step="2"/><V91/><F91/><W23/><G132/><T53/><D99/><U126/><E126/><V125/><F125/><W25/><G88/><T43/><D110/><U75/><E75/><V67/><AGARI ba="0,2" hai="8,14,18,33,34,42,45,51,57,60,67,96,97,98" machi="67" ten="30,2000,0" yaku="1,1,0,1,53,0" doraHai="26" doraHaiUra="113" who="2" fromWho="2" sc="250,-10,240,-5,240,40,250,-5" /><INIT seed="1,0,0,1,4,7" ten="240,235,280,245" oya="1" hai0="2,10,18,47,61,8,27,109,101,132,100,63,81" hai1="72,66,88,51,58,79,23,50,55,43,77,13,99" hai2="34,16,74,5,0,69,111,46,133,94,48,131,28" hai3="67,9,6,117,25,98,11,85,1,102,82,125,119"/><U68/><E72/><V86/><F74/><W120/><G120/><T12/><D2/><U104/><E104/><V49/><F69/><W105/><G125/><T97/><D132/><U53/><E43/><V32/><F49/><W60/><G25/><T35/><D109/><U21/><E66/><V52/><F111/><W14/><G85/><T87/><D27/><U38/><E38/><V107/><F107/><W106/><G82/><T65/><D35/><U19/><E23/><V124/><F28/><W30/><G30/><T26/><D26/><U54/><E68/><V4/><F4/><W62/><G106/><T59/><D47/><U83/><E55/><V110/><F110/><W118/><REACH who="3" step="1"/><G67/><REACH who="3" ten="240,235,280,235" step="2"/><T57/><D97/><U39/><E39/><V31/><F31/><W91/><G91/><T122/><D122/><U40/><E83/><V134/><F124/><W116/><N who="3" m="29696" /><DORA hai="29" /><W108/><G108/><T127/><D127/><U80/><E80/><V129/><F86/><W70/><G70/><T41/><D87/><U90/><E90/><V95/><F95/><W130/><G130/><N who="2" m="49673" /><F94/><W20/><G20/><N who="0" m="11335" /><D81/><U3/><E99/><V89/><F89/><W44/><G44/><T135/><D41/><U115/><E40/><V76/><F76/><W123/><G123/><T71/><D71/><U15/><E79/><V114/><F134/><W128/><G128/><T56/><D135/><U42/><E88/><V112/><F133/><W75/><G75/><T24/><D65/><U22/><E77/><V78/><F78/><W103/><G103/><N who="0" m="39499" /><D24/><U113/><E42/><V36/><F46/><RYUUKYOKU ba="0,1" sc="240,15,235,-15,280,-15,235,15" hai0="8,10,56,57,59,61,63" hai3="1,6,9,11,14,60,62,98,102,105" /><INIT seed="2,1,1,2,0,72" ten="255,220,265,250" oya="2" hai0="19,59,49,21,2,79,48,10,8,25,113,125,24" hai1="131,97,35,56,22,30,110,82,134,106,114,46,100" hai2="105,14,41,4,129,96,68,32,92,17,95,64,54" hai3="104,58,81,61,89,80,12,132,1,47,31,84,101"/><V85/><F32/><W123/><G1/><T73/><D113/><U60/><E114/><V127/><F105/><W65/><G123/><T115/><D125/><U76/><E131/><V135/><F127/><W69/><G132/><T63/><D115/><U99/><E134/><V88/><F135/><W52/><G47/><T34/><D34/><U51/><E35/><V130/><F4/><W26/><G12/><T121/><D121/><U109/><E97/><V91/><F41/><W13/><G13/><T38/><D38/><U118/><E118/><V28/><F28/><W20/><G104/><T29/><D73/><U42/><E22/><V50/><F64/><W75/><G101/><T15/><D79/><U133/><E30/><V112/><F68/><W116/><G116/><T40/><D40/><U77/><E133/><V3/><F3/><W70/><REACH who="3" step="1"/><G65/><REACH who="3" ten="255,220,265,240" step="2"/><N who="0" m="39167" /><D2/><U103/><E103/><V122/><F122/><W23/><G23/><N who="0" m="15519" /><D8/><U98/><E100/><V74/><F112/><W44/><G44/><T53/><D53/><U66/><E106/><V102/><F102/><W18/><G18/><AGARI ba="1,2" hai="10,15,18,19,21,25,48,49" m="15519,39167" machi="18" ten="30,1000,0" yaku="8,1" doraHai="72" who="0" fromWho="3" sc="255,33,220,0,265,0,240,-13" /><INIT seed="3,0,0,0,3,42" ten="288,220,265,227" oya="3" hai0="86,84,126,9,83,96,16,41,67,29,51,106,76" hai1="97,100,124,114,109,21,15,127,64,57,82,87,47" hai2="68,38,36,70,95,85,43,113,8,53,1,46,88" hai3="116,81,135,10,54,123,14,108,23,24,105,73,22"/><W92/><G105/><T48/><D126/><U121/><E109/><V94/><F113/><W55/><G116/><T34/><D67/><U5/><E114/><V131/><F131/><W17/><G123/><T7/><D34/><U12/><E121/><V45/><F1/><W112/><G112/><T49/><D29/><U115/><E115/><V133/><F133/><W27/><G135/><T74/><D106/><U37/><E5/><V89/><F8/><W50/><G108/><T122/><D122/><U28/><E127/><V0/><F0/><W104/><G104/><T63/><D63/><U33/><E33/><V52/><F43/><W11/><G73/><T44/><D96/><U130/><E130/><V72/><F85/><W58/><G81/><T66/><D66/><U101/><E101/><V3/><F3/><W78/><G78/><T20/><D84/><U25/><E124/><V4/><F4/><W129/><G129/><T111/><D111/><U103/><E103/><V65/><F65/><W91/><G54/><T39/><D39/><U56/><E56/><V18/><F18/><N who="3" m="12407" /><G27/><T134/><D134/><U61/><E37/><V107/><F107/><W77/><G77/><T118/><D118/><U132/><E132/><V128/><F128/><W98/><AGARI ba="0,0" hai="10,11,14,17,22,50,55,58,91,92,98" m="12407" machi="98" ten="30,1500,0" yaku="8,1" doraHai="42" who="3" fromWho="3" sc="288,-5,220,-5,265,-5,227,15" /><INIT seed="3,1,0,5,3,36" ten="283,215,260,242" oya="3" hai0="24,30,65,90,38,46,68,111,81,11,88,85,116" hai1="107,32,126,95,77,82,28,43,63,92,29,6,49" hai2="64,15,93,2,14,114,118,71,133,72,17,132,16" hai3="7,35,57,23,50,4,128,10,66,109,37,74,134"/><W69/><G35/><T41/><D116/><U9/><E107/><V91/><F118/><W51/><G37/><T94/><D68/><U97/><E126/><V112/><F72/><W1/><G69/><T18/><D65/><U104/><E63/><V59/><F71/><W122/><G74/><T103/><D111/><U42/><E104/><V39/><F39/><W76/><G122/><T98/><D18/><U33/><E33/><V48/><F2/><W124/><G4/><T3/><D11/><U75/><E49/><V102/><F102/><W26/><G109/><T113/><D113/><U101/><E95/><V22/><F64/><W12/><G76/><T5/><D5/><U40/><REACH who="1" step="1"/><E32/><REACH who="1" ten="283,205,260,242" step="2"/><V105/><F105/><W99/><G124/><T53/><D3/><AGARI ba="1,1" hai="3,6,9,28,29,40,42,43,75,77,82,92,97,101" machi="3" ten="40,8000,1" yaku="1,1,2,1,52,3,53,0" doraHai="36" doraHaiUra="120" who="1" fromWho="0" sc="283,-83,205,93,260,0,242,0" /><INIT seed="4,0,0,2,0,33" ten="200,298,260,242" oya="0" hai0="89,37,38,133,54,16,34,15,24,53,45,106,92" hai1="117,39,104,119,60,129,17,14,29,97,69,124,3" hai2="85,78,111,73,25,127,134,8,121,66,6,118,65" hai3="96,110,128,90,99,35,135,83,120,46,130,75,101"/><T116/><D106/><U41/><E17/><V11/><F121/><W57/><G35/><T19/><D116/><U102/><E14/><V109/><F73/><W103/><G46/><T12/><D34/><U108/><E108/><V1/><F118/><W50/><G50/><T58/><D24/><U91/><E91/><V7/><F134/><W22/><G57/><T5/><D5/><U59/><E59/><V4/><F127/><W100/><G22/><T44/><D133/><U36/><E129/><N who="3" m="49770" /><G135/><T28/><D58/><U40/><E124/><V30/><F66/><W82/><G110/><N who="2" m="41993" /><F65/><W95/><G120/><T88/><REACH who="0" step="1"/><D92/><REACH who="0" ten="190,298,260,242" step="2"/><U126/><E126/><V52/><F7/><W93/><G75/><T27/><D27/><U49/><E119/><V31/><F25/><W32/><G32/><T98/><D98/><U9/><E117/><V67/><F6/><W0/><G0/><T131/><D131/><U105/><E105/><V123/><F123/><W48/><G48/><T51/><D51/><U13/><E49/><V113/><F4/><W42/><G42/><T80/><D80/><AGARI ba="0,1" hai="80,82,83,90,93,95,96,99,100,101,103" m="49770" machi="80" ten="30,3900,0" yaku="19,1,34,2" doraHai="33" who="3" fromWho="0" sc="190,-39,298,0,260,0,242,49" /><INIT seed="5,0,0,0,0,3" ten="151,298,260,291" oya="1" hai0="71,42,91,6,44,25,7,13,38,32,46,37,22" hai1="80,128,110,34,65,11,121,33,82,20,31,27,130" hai2="84,1,28,88,118,67,133,14,123,96,35,57,54" hai3="15,66,72,116,4,129,45,126,113,5,107,99,52"/><U124/><E65/><V74/><F118/><W73/><G66/><T76/><D71/><U24/><E82/><V0/><F123/><W16/><G116/><T85/><D76/><U26/><E80/><V56/><F74/><W78/><G113/><T109/><D32/><N who="1" m="12395" /><E121/><V69/><F69/><W105/><G126/><T10/><D109/><U112/><E112/><V64/><F133/><W47/><G129/><N who="1" m="49770" /><E124/><V53/><F35/><W86/><G73/><T83/><D44/><U122/><E122/><V23/><F96/><W62/><G72/><T55/><D55/><U8/><E110/><V2/><F57/><N who="3" m="35111" /><G107/><T75/><D75/><U114/><E114/><V58/><F58/><W94/><G105/><T101/><D101/><U19/><E31/><V68/><F68/><W132/><G132/><T125/><D125/><U97/><E97/><V60/><F67/><W70/><G70/><T50/><REACH who="0" step="1"/><D7/><REACH who="0" ten="141,298,260,291" step="2"/><N who="3" m="2633" /><G47/><T63/><D63/><U29/><E29/><AGARI ba="0,1" hai="6,10,13,22,25,29,37,38,42,46,50,83,85,91" machi="29" ten="30,3900,0" yaku="1,1,7,1,52,1,53,0" doraHai="3" doraHaiUra="117" who="0" fromWho="1" sc="141,49,298,-39,260,0,291,0" /><INIT seed="6,0,0,3,5,59" ten="190,259,260,291" oya="2" hai0="113,56,132,42,2,60,26,86,67,89,28,90,75" hai1="14,128,3,95,35,107,114,34,64,9,130,119,91" hai2="131,5,125,108,37,52,19,88,134,117,50,87,135" hai3="30,7,68,41,103,126,65,17,46,98,12,122,11"/><V99/><F117/><W78/><G122/><T23/><D2/><U74/><E3/><V97/><F37/><W38/><G126/><T101/><D113/><U47/><E107/><V112/><F112/><W39/><G39/><T36/><D132/><N who="2" m="50730" /><F131/><N who="1" m="50217" /><E74/><V85/><F125/><W69/><G78/><T102/><D75/><U8/><E114/><V105/><F108/><W1/><G30/><T55/><D89/><U104/><E104/><V73/><F73/><W18/><G65/><T15/><D36/><U4/><E119/><V62/><F62/><W133/><G133/><T66/><D42/><U61/><E9/><V93/><F5/><W84/><G84/><T82/><REACH who="0" step="1"/><D15/><REACH who="0" ten="180,259,260,291" step="2"/><U110/><E110/><V54/><F87/><W94/><G1/><T123/><D123/><U111/><E111/><V58/><F105/><W22/><G7/><T33/><D33/><U72/><E72/><V20/><F54/><W51/><G38/><T120/><D120/><U21/><E35/><V115/><F115/><W48/><G48/><T96/><D96/><U49/><E34/><V32/><F32/><W81/><G81/><T106/><D106/><U118/><E118/><V0/><F0/><W76/><G76/><T31/><D31/><U70/><E91/><V45/><F45/><W83/><G83/><T63/><D63/><U53/><E95/><V80/><F80/><W109/><G109/><T40/><D40/><U77/><E77/><V92/><F92/><W127/><G127/><T79/><D79/><U124/><E124/><V44/><F44/><W116/><G116/><T29/><D29/><RYUUKYOKU ba="0,1" sc="180,0,259,0,260,0,291,0" hai0="23,26,28,55,56,60,66,67,82,86,90,101,102" hai1="4,8,14,21,47,49,53,61,64,70" hai2="19,20,50,52,58,85,88,93,97,99" hai3="11,12,17,18,22,41,46,51,68,69,94,98,103" /><INIT seed="6,1,1,4,4,61" ten="180,259,260,291" oya="2" hai0="134,126,9,132,92,6,114,121,135,103,25,62,35" hai1="50,56,39,3,118,112,70,107,7,14,32,76,57" hai2="21,130,1,12,84,10,55,128,53,77,117,16,26" hai3="17,94,5,90,13,110,108,113,98,46,31,2,60"/><V19/><F117/><W74/><G74/><T23/><D121/><U37/><E3/><V0/><F77/><W93/><G2/><N who="0" m="215" /><D62/><U123/><E32/><V120/><F120/><W100/><G5/><T40/><D40/><U75/><E123/><V116/><F116/><W42/><G31/><N who="0" m="19951" /><D92/><U18/><E118/><V44/><F0/><W96/><G113/><T28/><D103/><U105/><E7/><V95/><F1/><W78/><G78/><T122/><D122/><U97/><E112/><V102/><F102/><W104/><G104/><T27/><D126/><U133/><E70/><V49/><REACH who="2" step="1"/><F55/><REACH who="2" ten="180,259,250,291" step="2"/><W111/><G111/><T85/><D85/><U72/><E76/><V30/><F30/><W8/><G60/><T83/><D83/><U91/><E91/><AGARI ba="1,2" hai="10,12,16,19,21,26,44,49,53,84,91,95,128,130" machi="91" ten="40,3900,0" yaku="1,1,54,1,53,0" doraHai="61" doraHaiUra="119" who="2" fromWho="1" sc="180,0,259,-42,250,62,291,0" /><INIT seed="6,2,0,5,5,98" ten="180,217,312,291" oya="2" hai0="22,66,111,44,59,18,37,97,17,27,50,67,125" hai1="75,61,99,34,93,85,131,53,16,69,57,35,32" hai2="89,24,64,107,63,104,40,81,95,115,122,26,94" hai3="51,78,1,87,7,14,11,80,118,108,91,90,54"/><V6/><F122/><W126/><G108/><T119/><D111/><U116/><E75/><V20/><F115/><W15/><G118/><T113/><D119/><U123/><E116/><V49/><F6/><W84/><G126/><T92/><D125/><U88/><E131/><V36/><F36/><W112/><G112/><T43/><D113/><U33/><E123/><V23/><F81/><W105/><G105/><T2/><D2/><U8/><E69/><V120/><F120/><W45/><REACH who="3" step="1"/><G78/><REACH who="3" ten="180,217,312,281" step="2"/><T30/><D37/><U133/><E133/><V60/><F107/><W124/><G124/><T121/><D121/><U135/><E135/><V70/><F104/><W129/><G129/><T83/><D83/><AGARI ba="2,1" hai="1,7,11,14,15,45,51,54,80,83,84,87,90,91" machi="83" ten="30,7700,0" yaku="1,1,7,1,9,1,53,1" doraHai="98" doraHaiUra="4" who="3" fromWho="0" sc="180,-83,217,0,312,0,281,93" /><INIT seed="7,0,0,3,1,69" ten="97,217,312,374" oya="3" hai0="70,87,47,44,115,20,134,54,11,123,3,76,19" hai1="92,12,59,1,114,101,125,61,102,104,126,78,13" hai2="105,43,110,120,66,63,84,48,52,122,99,8,72" hai3="64,77,65,17,29,14,103,50,22,111,37,30,26"/><W67/><G37/><T89/><D123/><N who="2" m="47146" /><F72/><W81/><G111/><T129/><D70/><U74/><E1/><V36/><F110/><W119/><G119/><T73/><D115/><U85/><E13/><V45/><F8/><W117/><G117/><T0/><D129/><U107/><E12/><V128/><F105/><N who="1" m="40521" /><E59/><N who="2" m="33159" /><F84/><N who="3" m="48175" /><G103/><N who="1" m="39434" /><E61/><V49/><F99/><W10/><G50/><T42/><D134/><U121/><E121/><V58/><F128/><W9/><G9/><T46/><D76/><U25/><E25/><V79/><F79/><W112/><G112/><T38/><D73/><U94/><E74/><V131/><F131/><W97/><G97/><T27/><D11/><U53/><E53/><V95/><F95/><N who="1" m="36393" /><E114/><V83/><F83/><W15/><G15/><T133/><D133/><U113/><E113/><V33/><F33/><W93/><G93/><T28/><D28/><AGARI ba="0,0" hai="10,14,17,22,26,28,29,30,64,65,67" m="48175" machi="28" ten="30,1500,0" yaku="8,1" doraHai="69" who="3" fromWho="0" sc="97,-15,217,0,312,0,374,15" owari="82,-42.0,217,-18.0,312,11.0,389,49.0" /></mjloggm>