<mjloggm ver="2.3"><GO type="169" lobby="0"/><UN n0="%E3%82%A6%E3%83%AB%E3%83%88%E3%83%A9%E7%AB%8B%E7%9B%B4" n1="%30%30%73%61%69" n2="%E3%82%81%E3%83%BC%E3%81%A8" n3="%E3%83%A0%E3%83%A1%E3%82%A4" dan="17,17,16,16" rate="2159.22,2115.83,2099.48,2041.56" sx="M,M,M,M"/><TAIKYOKU oya="0"/><INIT seed="0,0,0,1,0,19" ten="250,250,250,250" oya="0" hai0="9,55,134,66,1,107,21,44,73,62,7,71,103" hai1="126,133,104,48,5,49,81,105,108,43,57,65,28" hai2="58,29,67,23,116,0,106,40,52,99,26,3,51" hai3="74,135,77,131,85,113,82,97,86,31,87,80,53"/><T10/><D134/><U59/><E133/><V124/><F124/><W30/><G113/><T38/><D73/><U127/><E108/><V32/><F116/><W79/><G135/><T96/><D10/><U63/><E5/><V98/><F40/><W69/><G69/><T34/><D21/><U70/><E28/><V93/><F67/><W61/><G131/><T114/><D114/><U118/><E81/><V89/><REACH who="2" step="1"/><F32/><REACH who="2" ten="250,250,240,250" step="2"/><W14/><G74/><T37/><D55/><N who="1" m="31983" /><E118/><V2/><F2/><W110/><G110/><T25/><REACH who="0" step="1"/><D44/><REACH who="0" ten="240,250,240,250" step="2"/><U56/><E126/><V22/><F22/><W50/><G53/><T18/><D18/><U20/><E127/><V41/><F41/><W42/><G42/><T100/><D100/><AGARI ba="0,2" hai="0,3,23,26,29,51,52,58,89,93,98,99,100,106" machi="100" ten="40,5200,0" yaku="1,1,52,1,54,1,53,0" doraHai="19" doraHaiUra="72" who="2" fromWho="0" sc="240,-52,250,0,240,72,250,0" /><INIT seed="1,0,0,3,2,23" ten="188,250,312,250" oya="1" hai0="7,39,45,25,62,113,120,111,121,87,82,135,108" hai1="42,104,86,65,67,49,37,11,103,72,109,102,63" hai2="83,21,14,123,85,116,5,28,97,106,0,15,9" hai3="55,41,34,66,89,128,24,110,130,54,50,80,36"/><U77/><E72/><V47/><F116/><W134/><G110/><N who="0" m="42027" /><D7/><U6/><E37/><V10/><F123/><N who="0" m="47178" /><D62/><U69/><E67/><V31/><F106/><W127/><G127/><T90/><D135/><U51/><E104/><V70/><F70/><W126/><G126/><T27/><D113/><U35/><E35/><V99/><F47/><N who="3" m="23975" /><G134/><T60/><D60/><U93/><E109/><V40/><F40/><AGARI ba="0,0" hai="25,27,39,40,45,82,87,90" m="47178,42027" machi="40" ten="30,7700,0" yaku="14,1,13,1,52,2" doraHai="23" who="0" fromWho="2" sc="188,77,250,0,312,-77,250,0" /><INIT seed="2,0,0,4,0,17" ten="265,250,235,250" oya="2" hai0="66,96,107,123,102,72,35,25,10,135,68,19,50" hai1="28,75,3,0,58,74,55,71,37,117,99,106,52" hai2="67,27,15,2,103,70,109,93,129,60,36,133,62" hai3="57,12,56,130,21,26,54,124,120,45,94,101,30"/><V32/><F2/><W7/><G120/><T85/><D72/><U86/><E37/><V90/><F36/><W61/><G124/><T77/><D135/><U87/><E71/><V134/><F129/><W63/><G130/><T14/><D123/><U40/><E40/><V79/><F103/><W80/><G45/><T91/><D50/><U97/><E28/><N who="2" m="19487" /><F79/><W78/><G101/><T84/><D91/><U44/><E44/><V131/><F131/><W110/><G94/><T64/><D64/><U39/><E39/><V73/><F73/><W81/><G110/><T65/><D65/><U83/><E58/><V49/><F49/><W4/><G12/><T46/><D77/><U5/><E5/><N who="3" m="2122" /><G78/><T29/><REACH who="0" step="1"/><D46/><REACH who="0" ten="255,250,235,250" step="2"/><U89/><E89/><V114/><F109/><W41/><G41/><T98/><D98/><U22/><E99/><N who="2" m="57783" /><F62/><AGARI ba="0,1" hai="10,14,19,25,29,35,62,66,68,84,85,96,102,107" machi="62" ten="40,8000,1" yaku="1,1,25,2,53,1" doraHai="17" doraHaiUra="8" who="0" fromWho="2" sc="255,90,250,0,235,-80,250,0" /><INIT seed="3,0,0,4,1,2" ten="345,250,155,250" oya="3" hai0="8,130,55,132,54,1,32,103,53,0,102,61,21" hai1="26,133,38,48,16,22,63,89,30,33,126,39,3" hai2="34,44,116,68,125,97,113,85,65,67,59,43,92" hai3="108,104,90,128,107,76,120,13,28,57,129,91,11"/><W6/><G120/><T47/><D32/><U79/><E126/><V115/><F125/><W100/><G76/><T12/><D1/><U73/><E133/><V134/><F116/><W135/><G135/><T77/><D0/><U37/><E3/><V46/><F134/><W9/><G108/><T127/><D130/><N who="3" m="50281" /><G28/><T56/><D77/><U7/><E7/><V70/><F34/><W50/><G11/><T64/><D127/><U60/><E48/><V75/><F75/><W119/><G119/><T117/><D117/><U87/><E79/><V41/><F85/><W69/><G69/><T36/><D21/><U111/><E111/><V124/><F92/><W98/><G107/><T109/><D109/><U112/><E112/><V42/><F97/><W19/><G19/><T93/><D93/><U49/><E49/><V15/><F15/><W101/><G101/><T18/><D132/><U114/><E114/><N who="2" m="43531" /><F124/><W17/><G17/><T110/><D110/><U94/><REACH who="1" step="1"/><E73/><REACH who="1" ten="345,240,155,250" step="2"/><V83/><F43/><W4/><G4/><T78/><D78/><U82/><E82/><V29/><F83/><W14/><G50/><N who="0" m="28895" /><D36/><U58/><E58/><V88/><F59/><W24/><G57/><T131/><D131/><U27/><AGARI ba="0,1" hai="16,22,26,27,30,33,37,38,39,60,63,87,89,94" machi="27" ten="40,8000,1" yaku="1,1,0,1,54,1,53,1" doraHai="2" doraHaiUra="25" who="1" fromWho="1" sc="345,-20,240,90,155,-20,250,-40" /><INIT seed="4,0,0,2,0,100" ten="325,330,135,210" oya="0" hai0="2,53,73,77,34,113,25,121,122,120,128,49,123" hai1="8,23,15,78,35,33,99,88,67,135,18,76,28" hai2="30,130,56,116,6,101,41,134,90,69,59,89,84" hai3="13,10,106,91,36,82,17,54,117,95,79,94,114"/><T68/><D2/><U44/><E135/><V0/><F69/><W70/><G117/><T58/><D68/><U9/><E35/><V19/><F116/><W4/><G70/><T42/><D113/><U112/><E33/><V86/><F134/><W64/><G114/><T83/><D128/><U118/><E118/><V124/><F124/><W133/><G36/><T3/><D3/><U22/><E67/><V75/><F130/><W105/><G64/><T21/><D34/><U110/><E110/><V66/><F66/><W45/><G133/><T131/><D131/><U32/><E32/><V81/><F75/><W5/><G95/><T107/><N who="0" m="30720" /><DORA hai="71" /><T63/><D42/><U108/><E44/><V29/><F101/><W48/><G5/><T96/><D96/><U43/><E108/><V127/><F127/><W40/><G4/><T31/><REACH who="0" step="1"/><D107/><REACH who="0" ten="315,330,135,210" step="2"/><U92/><E43/><V11/><F41/><W46/><G40/><T74/><D74/><U57/><E112/><V20/><F0/><W102/><G106/><T47/><D47/><U39/><E57/><V97/><F59/><W119/><G45/><T61/><AGARI ba="0,1" hai="21,25,31,49,53,58,61,63,73,77,83" m="30720" machi="61" ten="60,11700,0" yaku="1,1,0,1,53,1" doraHai="100,71" doraHaiUra="52,38" who="0" fromWho="0" sc="315,127,330,-39,135,-39,210,-39" /><INIT seed="4,1,0,1,5,31" ten="442,291,96,171" oya="0" hai0="116,73,64,58,127,47,62,24,115,5,39,20,40" hai1="100,63,48,99,6,106,76,101,45,67,135,79,49" hai2="50,57,9,78,92,84,87,119,38,27,109,129,125" hai3="11,7,16,131,91,66,29,98,120,56,28,107,13"/><T123/><D116/><U22/><E135/><V81/><F109/><W111/><G111/><T122/><D73/><U93/><E6/><V103/><F119/><W12/><G120/><T36/><D115/><U1/><E1/><V41/><F125/><W59/><G131/><T2/><D39/><U75/><E75/><V52/><F129/><W42/><G42/><T37/><D37/><U89/><E22/><V74/><F27/><W51/><G107/><T72/><D72/><U97/><E89/><V82/><F82/><W8/><G51/><T55/><D127/><U124/><E49/><V83/><F83/><W70/><G70/><T17/><D5/><U19/><E19/><V34/><F34/><W43/><G43/><T133/><D2/><U68/><E124/><V23/><F23/><W33/><G33/><T25/><D133/><U132/><E132/><V94/><F9/><W77/><G77/><T102/><D102/><U21/><E21/><V105/><F105/><W110/><G110/><T30/><D64/><U46/><E46/><V118/><F118/><W15/><G15/><T86/><D86/><U80/><E80/><V4/><F4/><W112/><G112/><T3/><D3/><U44/><E44/><N who="2" m="23607" /><F103/><W69/><G69/><T95/><D95/><U61/><E61/><V128/><F128/><W32/><G32/><AGARI ba="1,0" hai="17,20,24,25,30,32,36,40,47,55,58,62,122,123" machi="32" ten="30,2900,0" yaku="7,1,52,1" doraHai="31" who="0" fromWho="3" sc="442,32,291,0,96,0,171,-32" /><INIT seed="4,2,0,2,4,72" ten="474,291,96,139" oya="0" hai0="69,29,41,60,101,92,111,22,45,94,75,115,89" hai1="90,122,74,123,81,4,85,86,63,26,83,43,8" hai2="106,32,27,42,64,16,36,20,2,130,112,15,99" hai3="129,66,51,96,126,50,127,79,117,104,116,118,33"/><T13/><D75/><U21/><E74/><V77/><F112/><W39/><G33/><T107/><D115/><U98/><E43/><V121/><F121/><W61/><G79/><T131/><D131/><U133/><E98/><V105/><F130/><W80/><G80/><T14/><D107/><U114/><E133/><V100/><F2/><W84/><G84/><T24/><D111/><U9/><E63/><V73/><F64/><W46/><G104/><T128/><D128/><U1/><E8/><V57/><F106/><W113/><G96/><T95/><D101/><U12/><E1/><V28/><F57/><N who="3" m="37167" /><G129/><T135/><D135/><U91/><REACH who="1" step="1"/><E114/><REACH who="1" ten="474,281,96,139" step="2"/><V97/><F42/><N who="3" m="22879" /><G113/><T110/><D110/><U109/><E109/><V18/><F99/><W38/><G38/><T5/><D95/><U23/><E23/><V108/><F36/><W37/><G37/><T132/><D94/><U34/><E34/><V0/><F108/><W93/><G93/><T19/><D92/><U59/><E59/><V58/><F58/><W56/><G56/><T68/><D132/><U103/><E103/><V48/><F0/><W17/><G51/><T76/><D22/><U78/><E78/><V87/><F48/><W88/><G50/><T40/><D76/><U67/><E67/><V102/><F102/><W124/><G88/><T7/><D89/><U35/><E35/><V82/><F73/><W125/><G125/><T119/><D41/><U11/><E11/><V70/><F70/><W3/><G3/><T62/><D40/><U52/><E52/><V120/><F120/><W49/><G49/><RYUUKYOKU ba="2,1" sc="474,-30,281,10,96,10,139,10" hai1="4,9,12,21,26,81,83,85,86,90,91,122,123" hai2="15,16,18,20,27,28,32,77,82,87,97,100,105" hai3="17,116,117,118,124,126,127" /><INIT seed="5,3,1,5,1,72" ten="444,291,106,149" oya="1" hai0="44,130,8,87,16,31,129,49,83,36,51,113,1" hai1="13,91,9,35,81,67,70,60,19,27,75,101,57" hai2="118,122,114,28,89,18,127,53,56,92,7,37,39" hai3="94,54,84,47,68,76,17,80,126,14,120,42,2"/><U26/><E101/><V61/><F118/><W108/><G120/><T74/><D31/><U79/><E35/><V29/><F122/><W59/><G108/><T85/><D113/><U111/><E111/><V103/><F114/><W32/><G68/><T66/><D66/><U88/><REACH who="1" step="1"/><E70/><REACH who="1" ten="444,281,106,149" step="2"/><V22/><F127/><W98/><G32/><T128/><D128/><U78/><E78/><V96/><F39/><W123/><G126/><T12/><D129/><U6/><E6/><V90/><F7/><W97/><G123/><T65/><D130/><U52/><E52/><V116/><F37/><W46/><G42/><T5/><D36/><U24/><AGARI ba="3,2" hai="9,13,19,24,26,27,57,60,67,75,79,81,88,91" machi="24" ten="30,12000,1" yaku="1,1,0,1,52,1,54,1,53,1" doraHai="72" doraHaiUra="15" who="1" fromWho="1" sc="444,-43,281,149,106,-43,149,-43" /><INIT seed="5,4,0,0,4,36" ten="401,430,63,106" oya="1" hai0="72,22,18,79,133,26,48,5,3,56,102,113,92" hai1="13,99,64,129,59,132,93,63,7,16,58,89,33" hai2="107,104,6,126,127,34,90,66,14,76,124,103,114" hai3="86,101,38,71,135,68,75,37,100,85,28,105,62"/><U1/><E33/><V2/><F34/><W20/><G75/><T31/><D113/><U128/><E132/><V73/><F2/><W57/><G135/><T45/><D133/><U80/><E7/><V70/><F70/><W52/><G28/><T88/><D102/><U111/><E1/><V44/><F66/><W42/><G20/><T112/><D112/><U32/><E32/><V77/><F114/><W46/><G37/><T19/><D79/><N who="2" m="30282" /><F44/><W83/><G86/><N who="0" m="52247" /><D72/><U61/><E80/><V8/><F73/><W84/><G84/><T69/><D69/><U74/><E74/><V29/><F29/><W109/><G109/><T51/><D5/><U131/><E111/><V110/><F110/><W67/><G105/><N who="2" m="40521" /><F90/><N who="3" m="51519" /><G71/><T121/><D3/><U97/><E63/><V96/><F96/><W0/><G0/><T78/><D121/><U115/><E115/><V25/><F103/><W55/><G55/><N who="0" m="31871" /><D78/><U60/><E97/><V91/><F91/><W43/><G43/><AGARI ba="4,0" hai="18,19,22,26,31,43,45,48" m="31871,52247" machi="43" ten="30,3900,0" yaku="8,1,52,1,54,1" doraHai="36" who="0" fromWho="3" sc="401,51,430,0,63,0,106,-51" /><INIT seed="6,0,0,2,0,2" ten="452,430,63,55" oya="2" hai0="73,134,91,82,132,106,109,57,11,68,104,37,48" hai1="62,67,22,71,18,102,3,94,21,51,17,59,103" hai2="90,98,44,87,133,9,128,42,85,46,113,127,24" hai3="4,34,1,131,86,107,92,19,130,116,47,35,10"/><V79/><F113/><W31/><G107/><T14/><D68/><U32/><E3/><V80/><F127/><W97/><G116/><T76/><D37/><U65/><E32/><V36/><F133/><N who="0" m="51306" /><D91/><U58/><E71/><V40/><F128/><N who="3" m="49195" /><G86/><T135/><D109/><U89/><E51/><V7/><F98/><W30/><G47/><T96/><D96/><U125/><E125/><V41/><F24/><W8/><G97/><T72/><D72/><U5/><E5/><V27/><F27/><W55/><G55/><N who="0" m="31975" /><D135/><U61/><E94/><V122/><F122/><W45/><G92/><T88/><D88/><AGARI ba="0,0" hai="17,18,21,22,58,59,61,62,65,67,88,89,102,103" machi="88" ten="25,6400,0" yaku="22,2,8,1,54,1" doraHai="2" who="1" fromWho="0" sc="452,-64,430,64,63,0,55,0" /><INIT seed="7,0,0,3,1,18" ten="388,494,63,55" oya="3" hai0="87,62,32,126,108,38,123,51,19,61,102,70,78" hai1="128,8,12,40,83,42,36,64,31,76,65,2,33" hai2="95,120,129,15,37,27,103,49,85,29,131,45,48" hai3="6,96,55,82,41,24,58,134,1,20,109,111,67"/><W74/><G134/><T63/><D32/><U53/><E2/><V75/><F120/><W17/><G67/><T13/><D38/><U132/><E33/><N who="2" m="20671" /><F75/><W133/><G133/><T116/><D70/><U86/><E31/><V10/><F37/><W107/><G41/><T22/><D126/><U97/><E128/><N who="2" m="49227" /><F45/><W56/><G6/><T21/><D108/><N who="3" m="41545" /><G1/><T125/><D125/><U34/><E97/><N who="2" m="59839" /><F85/><W127/><G127/><T81/><D116/><U11/><E64/><V35/><F35/><W73/><G82/><T28/><D123/><U98/><E11/><V25/><F25/><W91/><G107/><T106/><D106/><U9/><E53/><V122/><F122/><W57/><G55/><T7/><D7/><AGARI ba="0,0" hai="7,10,15,48,49" m="59839,49227,20671" machi="7" ten="30,1000,0" yaku="19,1" doraHai="18" who="2" fromWho="0" sc="388,-10,494,0,63,10,55,0" owari="378,18.0,494,59.0,73,-33.0,55,-44.0" /></mjloggm>