<mjloggm ver="2.3"><GO type="169" lobby="0"/><UN n0="%E3%82%88%E3%83%BC%EF%BC%A0%E3%83%AD%E3%83%83%E3%82%AF" n1="%E3%82%A6%E3%83%AB%E3%83%88%E3%83%A9%E7%AB%8B%E7%9B%B4" n2="%41%79%6F%75%46" n3="%E3%81%A1%E3%82%83%E3%81%93%E3%81%93" dan="16,17,18,16" rate="2080.50,2168.31,2193.00,2061.76" sx="M,M,M,F"/><TAIKYOKU oya="0"/><INIT seed="0,0,0,0,5,42" ten="250,250,250,250" oya="0" hai0="89,11,29,116,47,59,77,13,135,72,9,54,63" hai1="109,68,37,26,130,32,79,61,124,119,31,114,80" hai2="118,85,27,113,117,23,8,98,28,48,115,101,127" hai3="14,107,67,81,41,50,70,15,53,46,10,55,24"/><T44/><D116/><N who="2" m="44650" /><F127/><W18/><G107/><T58/><D135/><U35/><E119/><V12/><F85/><W110/><G110/><T62/><D29/><U21/><E109/><V120/><F48/><W95/><G24/><T3/><D3/><U103/><E124/><V94/><F120/><W106/><G106/><T56/><D72/><U2/><E2/><V104/><F104/><W7/><G95/><T52/><D77/><U83/><E37/><V16/><AGARI ba="0,0" hai="8,12,16,23,27,28,94,98,101,113,115" m="44650" machi="16" ten="30,2000,0" yaku="12,1,54,1" doraHai="42" who="2" fromWho="2" sc="250,-10,250,-5,250,20,250,-5" /><INIT seed="1,0,0,3,5,55" ten="240,245,270,245" oya="1" hai0="134,129,23,120,12,100,122,47,96,31,101,28,132" hai1="18,78,94,127,91,81,35,3,13,87,119,59,44" hai2="9,113,124,75,105,8,108,67,125,43,126,5,131" hai3="34,83,128,109,68,27,25,46,103,93,45,1,70"/><U10/><E35/><V38/><F105/><W40/><G109/><T118/><D118/><U15/><E127/><V48/><F48/><W86/><G1/><T16/><D129/><U54/><E119/><V58/><F108/><W30/><G27/><T7/><D7/><U95/><E3/><V88/><F75/><W98/><G128/><T39/><D39/><U130/><E130/><V112/><F131/><W114/><G114/><N who="2" m="44137" /><F43/><W24/><G24/><T52/><D28/><U106/><E106/><V33/><F38/><W14/><G14/><T62/><D31/><U89/><E44/><V97/><F33/><W4/><G4/><T85/><D85/><U36/><E36/><V17/><F17/><W49/><G46/><T72/><D72/><U84/><E15/><N who="2" m="5519" /><F9/><W21/><G34/><T19/><D19/><U61/><REACH who="1" step="1"/><E78/><AGARI ba="0,0" hai="21,25,30,40,45,49,68,70,78,83,86,93,98,103" machi="78" ten="30,1000,0" yaku="7,1" doraHai="55" who="3" fromWho="1" sc="240,0,245,-10,270,0,245,10" /><INIT seed="2,0,0,2,4,81" ten="240,235,270,255" oya="2" hai0="106,90,12,72,77,107,122,19,45,98,49,39,114" hai1="121,66,16,133,41,102,116,79,6,0,44,65,51" hai2="31,38,92,84,18,103,8,30,88,93,7,127,40" hai3="82,120,54,48,17,35,59,24,69,112,13,9,89"/><V130/><F18/><W126/><G126/><T96/><D114/><U57/><E6/><V113/><F113/><W23/><G120/><T28/><D122/><U128/><E0/><V124/><F130/><W33/><G69/><T105/><D39/><U111/><E121/><V129/><F129/><W78/><G89/><T34/><D28/><U134/><E128/><V70/><F70/><W20/><G20/><T26/><D34/><U80/><E102/><V43/><F30/><W74/><REACH who="3" step="1"/><G112/><REACH who="3" ten="240,235,270,245" step="2"/><T22/><D90/><U100/><E116/><V11/><F11/><W53/><G53/><T135/><D22/><U94/><E111/><V71/><F71/><W110/><G110/><T67/><D67/><U118/><E118/><V95/><F103/><W1/><G1/><T25/><D135/><U4/><E65/><V56/><F127/><W86/><G86/><T97/><D72/><U36/><E66/><V14/><F124/><W37/><G37/><T104/><D77/><U42/><E36/><V75/><F75/><W109/><G109/><T91/><D91/><U117/><E117/><V2/><F2/><W52/><G52/><T64/><D64/><U63/><E134/><V50/><F38/><W61/><G61/><T15/><D97/><N who="1" m="59447" /><E133/><V99/><F99/><W27/><G27/><T119/><D96/><U10/><E42/><N who="2" m="15915" /><F31/><AGARI ba="0,1" hai="9,13,17,23,24,31,33,35,48,54,59,74,78,82" machi="31" ten="30,2000,0" yaku="1,1,7,1,53,0" doraHai="81" doraHaiUra="62" who="3" fromWho="2" sc="240,0,235,0,270,-20,245,30" /><INIT seed="3,0,0,4,3,112" ten="240,235,250,275" oya="3" hai0="116,119,41,121,81,35,97,7,10,113,135,38,1" hai1="40,101,28,49,52,66,20,55,104,75,51,61,53" hai2="131,109,36,89,4,34,102,129,33,110,90,63,43" hai3="6,94,127,78,88,8,80,74,99,114,19,122,57"/><W60/><G122/><T100/><D121/><U13/><E75/><V44/><F102/><W47/><G127/><T37/><D113/><U83/><E83/><V93/><F4/><W18/><G47/><T14/><D35/><N who="2" m="13322" /><F63/><W29/><G29/><T23/><D135/><U3/><E3/><V48/><F36/><W2/><REACH who="3" step="1"/><G114/><REACH who="3" ten="240,235,250,265" step="2"/><T123/><D123/><U54/><E28/><V9/><F131/><W26/><G26/><T79/><D38/><U106/><E51/><V16/><F129/><W105/><G105/><T84/><D37/><U30/><E106/><V24/><F24/><W120/><G120/><T91/><D41/><U128/><E104/><V117/><F43/><W96/><G96/><T69/><D97/><U70/><E40/><V12/><F44/><W25/><G25/><T134/><D134/><U21/><E30/><V58/><F48/><W56/><G56/><T87/><D69/><U73/><E128/><V31/><F58/><W27/><G27/><T71/><D71/><U65/><E70/><V92/><F31/><W98/><G98/><T124/><D124/><U130/><E49/><V22/><F110/><W126/><G126/><T46/><D46/><U85/><E130/><V0/><F109/><W68/><G68/><T103/><D116/><U32/><E32/><V108/><F117/><W77/><G77/><T15/><D119/><U86/><E61/><V107/><F108/><W82/><G82/><T67/><D79/><U118/><E118/><V11/><F107/><W115/><G115/><T76/><D76/><U64/><N who="1" m="13312" /><DORA hai="17" /><U59/><E59/><RYUUKYOKU ba="0,1" sc="240,-10,235,-10,250,-10,265,30" hai3="2,6,8,18,19,57,60,74,78,80,88,94,99" /><INIT seed="3,1,1,1,0,100" ten="230,225,240,295" oya="3" hai0="115,37,10,73,108,33,21,26,7,76,128,105,114" hai1="20,80,104,32,17,19,74,68,126,4,113,90,58" hai2="109,83,101,99,63,96,31,12,122,15,44,56,107" hai3="127,133,69,95,89,5,98,75,84,117,25,118,0"/><W65/><G75/><T28/><D37/><U134/><E68/><V87/><F109/><W60/><G133/><T42/><D42/><U121/><E32/><V36/><F31/><W132/><G132/><T34/><D108/><U82/><E121/><V94/><F122/><W93/><G127/><T112/><D128/><U16/><E113/><V29/><F29/><W57/><G69/><T91/><D91/><U54/><E104/><V40/><F99/><W77/><G77/><T135/><D135/><U50/><E74/><V72/><F72/><W70/><G70/><T62/><D62/><U124/><E134/><V35/><F35/><W130/><G130/><T106/><D76/><U47/><E4/><V14/><F83/><N who="1" m="31785" /><E90/><V59/><F59/><W38/><G38/><T92/><D73/><U9/><E9/><V79/><F79/><W78/><G78/><T52/><D92/><U27/><E58/><V119/><F119/><W64/><G5/><T71/><D71/><U66/><E66/><V1/><F1/><W46/><G0/><N who="0" m="359" /><D34/><U85/><E85/><V81/><F81/><W67/><G117/><T51/><D33/><U3/><E3/><V103/><F103/><N who="3" m="60879" /><G118/><T41/><D41/><U22/><E22/><V129/><F129/><W123/><G123/><T120/><D120/><U116/><E116/><V97/><F97/><W6/><G64/><T86/><D86/><U39/><E39/><V30/><F87/><W48/><G65/><T61/><D61/><U55/><E55/><N who="2" m="34207" /><F94/><W18/><G95/><T43/><D43/><U13/><E13/><V53/><F53/><RYUUKYOKU ba="1,1" sc="230,10,225,10,240,10,295,-30" hai0="21,26,28,51,52,105,106,112,114,115" hai1="16,17,19,20,27,47,50,54,124,126" hai2="12,14,15,30,36,40,44,96,101,107" /><INIT seed="4,2,1,2,1,125" ten="240,235,250,265" oya="0" hai0="94,127,77,85,95,114,135,102,110,39,67,55,7" hai1="120,37,27,12,92,89,79,112,61,63,87,5,65" hai2="128,122,43,76,71,88,118,23,83,133,59,104,70" hai3="75,20,98,33,11,97,113,58,15,121,36,38,103"/><T45/><D127/><U17/><E37/><V126/><F43/><W18/><G113/><T74/><D114/><U80/><E120/><V29/><F126/><W132/><G33/><T106/><D74/><U105/><E105/><V124/><F104/><W54/><G121/><T117/><D117/><U22/><E112/><V72/><F122/><W73/><G132/><T100/><D135/><U1/><E1/><V34/><F34/><W6/><G38/><T16/><D7/><U69/><E5/><V91/><F133/><W108/><G108/><T13/><D67/><U78/><E63/><V10/><F10/><W99/><G36/><T9/><D110/><U116/><E116/><V0/><F0/><W82/><G82/><N who="0" m="47311" /><D39/><U86/><REACH who="1" step="1"/><E27/><REACH who="1" ten="240,225,250,265" step="2"/><N who="2" m="16639" /><F124/><W134/><G134/><T4/><D106/><U24/><E24/><V119/><F119/><W93/><G75/><T21/><D100/><U47/><E47/><V26/><F26/><N who="3" m="14615" /><G73/><T90/><D102/><U51/><E51/><AGARI ba="2,2" hai="6,11,15,51,54,58,93,97,98,99,103" m="14615" machi="51" ten="30,1000,0" yaku="8,1" doraHai="125" who="3" fromWho="1" sc="240,0,225,-16,250,0,265,36" /><INIT seed="5,0,0,2,2,63" ten="240,209,250,301" oya="1" hai0="81,101,123,77,80,9,74,13,84,106,85,122,112" hai1="62,40,91,54,16,37,132,70,130,64,68,89,100" hai2="88,0,113,33,135,99,6,29,59,67,126,65,7" hai3="27,50,51,124,1,23,42,111,58,107,114,98,72"/><U93/><E68/><V78/><F78/><W5/><G111/><T119/><D9/><U104/><E104/><V61/><F0/><W44/><G124/><T73/><D13/><U3/><E3/><V86/><F126/><W96/><G72/><N who="0" m="27755" /><D119/><U30/><E30/><V118/><F118/><W18/><G107/><T76/><D112/><U90/><E130/><V43/><F99/><AGARI ba="0,0" hai="76,77,80,81,84,85,99,101,106,122,123" m="27755" machi="99" ten="30,2000,0" yaku="34,2" doraHai="63" who="0" fromWho="2" sc="240,20,209,0,250,-20,301,0" /><INIT seed="6,0,0,2,3,88" ten="260,209,230,301" oya="2" hai0="77,126,26,36,95,62,105,11,111,56,63,34,33" hai1="112,52,119,73,29,17,24,45,21,135,107,104,55" hai2="70,66,102,42,53,7,81,10,22,28,35,51,132" hai3="110,15,59,41,27,69,114,125,61,133,71,106,18"/><V127/><F35/><W32/><G106/><T9/><D111/><U13/><E73/><V5/><F42/><W23/><G110/><T134/><D36/><U3/><E119/><V37/><F37/><W109/><G109/><T90/><D105/><U48/><E112/><V108/><F108/><W117/><G117/><T25/><D126/><U31/><E3/><V86/><F127/><W38/><G133/><T98/><D77/><U120/><E135/><V49/><F49/><W85/><G125/><T97/><D134/><U0/><E0/><V118/><F118/><W12/><G12/><T64/><D98/><U91/><E120/><V78/><F102/><W1/><G1/><T96/><D96/><U20/><E31/><V40/><F40/><W39/><G39/><T93/><D56/><U2/><E2/><V60/><F132/><W46/><G85/><T65/><D97/><U4/><E4/><V54/><F54/><W19/><G32/><T67/><D67/><U16/><E91/><AGARI ba="0,0" hai="9,11,25,26,33,34,62,63,64,65,90,91,93,95" machi="91" ten="25,6400,0" yaku="22,2,52,2" doraHai="88" who="0" fromWho="1" sc="260,64,209,-64,230,0,301,0" /><INIT seed="7,0,0,5,3,90" ten="324,145,230,301" oya="3" hai0="113,124,0,66,104,41,68,13,30,121,29,79,112" hai1="60,7,10,48,18,130,88,127,65,67,117,118,16" hai2="42,102,70,6,51,5,101,76,84,44,74,103,4" hai3="116,71,57,131,61,92,83,135,91,128,119,108,64"/><W125/><G125/><T15/><D0/><U52/><E127/><V37/><F70/><W77/><G135/><T114/><D104/><U38/><E38/><V25/><F74/><N who="3" m="43447" /><G108/><T8/><D121/><U72/><E72/><V43/><F37/><W115/><G71/><T14/><D124/><U24/><E130/><N who="3" m="49706" /><G115/><T100/><D100/><U34/><E34/><V26/><F43/><W106/><G106/><T21/><D79/><U58/><E24/><V95/><REACH who="2" step="1"/><F76/><REACH who="2" ten="324,145,220,301" step="2"/><W120/><G120/><T53/><D41/><U12/><E67/><V87/><F87/><AGARI ba="0,1" hai="57,61,64,87,91,92,116,119" m="49706,43447" machi="87" ten="30,2900,0" yaku="19,1,52,1" doraHai="90" who="3" fromWho="2" sc="324,0,145,0,220,-29,301,39" owari="324,12.0,145,-35.0,191,-21.0,340,44.0" /></mjloggm>