<mjloggm ver="2.3"><GO type="193" lobby="0"/><UN n0="%E5%BD%A9%E5%A4%8F" n1="%E3%83%88%E3%83%88%E3%83%AA%E5%85%88%E7%94%9F%31%39%E6%AD%B3" n2="%6D%69%31%33%36%31" n3="%E2%80%A0%E9%B4%89%E2%80%A0" dan="11,9,12,14" rate="1508.06,1841.83,1679.93,1788.75" sx="F,F,M,M"/><TAIKYOKU oya="0"/><INIT seed="0,0,0,2,1,77" ten="250,250,250,250" oya="0" hai0="95,97,106,68,33,135,102,112,44,35,85,13,67" hai1="116,76,37,30,130,75,62,108,107,60,122,96,123" hai2="124,101,110,29,134,121,119,126,94,104,82,89,15" hai3="56,114,20,66,47,49,113,5,41,59,120,74,99"/><T53/><D112/><U64/><E116/><V105/><F29/><W65/><G120/><T16/><D135/><U71/><E37/><V88/><F15/><W91/><G74/><T40/><D68/><U87/><E75/><V100/><F121/><W131/><G5/><T133/><D133/><U58/><E130/><V23/><F23/><W118/><G131/><T98/><D106/><N who="2" m="41066" /><F134/><W72/><G72/><T21/><D35/><U132/><E132/><V43/><F43/><W92/><G118/><T127/><D127/><N who="2" m="48682" /><F110/><W78/><G78/><T10/><D33/><U17/><E108/><V46/><F46/><W61/><REACH who="3" step="1"/><G20/><REACH who="3" ten="250,250,250,240" step="2"/><T115/><D115/><U18/><E123/><V38/><F38/><W117/><G117/><T79/><D67/><U109/><E122/><V55/><F55/><W69/><G69/><T50/><D98/><U70/><E109/><V128/><F128/><W24/><G24/><T51/><D51/><U11/><E70/><V34/><F34/><W0/><G0/><T129/><D129/><U26/><E71/><V45/><F45/><W27/><G27/><T2/><D2/><U84/><E11/><V6/><F6/><W7/><G7/><T28/><D28/><U125/><E125/><V25/><F25/><W90/><G90/><T31/><D31/><U54/><E26/><V36/><F36/><W103/><G103/><T73/><D73/><U39/><E30/><V57/><F57/><W80/><G80/><N who="0" m="47263" /><D102/><N who="1" m="62919" /><E39/><V1/><F119/><W93/><G93/><T81/><D95/><U12/><E58/><V52/><F1/><W22/><G22/><RYUUKYOKU ba="0,1" sc="250,-10,250,-10,250,-10,240,30" hai3="41,47,49,56,59,61,65,66,91,92,99,113,114" /><INIT seed="1,1,1,3,5,127" ten="240,240,240,270" oya="1" hai0="89,82,106,108,16,42,50,96,125,130,0,100,121" hai1="101,93,126,85,39,95,35,30,120,123,71,15,55" hai2="64,111,86,61,118,47,75,131,90,98,112,51,14" hai3="44,8,24,20,63,3,79,84,38,2,54,73,11"/><U88/><E71/><V105/><F118/><W18/><G73/><T45/><D108/><U119/><E119/><V91/><F131/><W23/><G38/><T57/><D0/><U74/><E39/><V5/><F112/><W97/><G97/><T113/><D113/><U103/><E74/><V124/><F75/><W128/><G128/><T46/><D125/><U132/><E126/><V87/><F124/><W19/><G79/><T53/><D121/><U107/><E107/><V37/><F37/><W129/><G129/><T115/><D115/><U41/><E41/><V72/><F111/><W94/><G44/><T31/><D130/><U13/><E132/><V48/><F72/><W52/><G94/><T60/><D31/><U17/><E55/><V134/><F134/><W65/><G84/><T133/><D133/><U92/><E30/><V56/><F105/><W21/><G65/><T4/><D4/><U1/><E1/><V109/><F98/><W102/><G63/><T32/><D32/><U59/><E35/><V33/><F33/><W36/><G36/><T25/><D106/><U27/><E59/><V135/><F135/><W110/><G110/><T81/><D46/><U34/><E34/><V69/><F69/><W62/><G62/><T76/><D100/><N who="1" m="38475" /><E123/><V68/><F68/><W78/><G102/><T9/><D76/><U49/><E49/><V80/><F109/><W12/><G78/><T67/><D42/><U6/><E120/><V99/><F99/><W70/><G70/><T28/><D28/><U66/><E85/><V7/><F47/><W43/><G43/><RYUUKYOKU ba="1,1" sc="240,0,240,0,240,0,270,0" /><INIT seed="2,2,1,5,3,119" ten="240,240,240,270" oya="2" hai0="4,121,97,28,96,123,63,112,25,81,67,109,26" hai1="74,100,89,51,61,131,130,101,103,99,20,114,98" hai2="17,44,92,78,18,53,88,39,33,90,3,58,7" hai3="36,42,106,104,0,124,76,120,82,47,129,75,122"/><V13/><F33/><W102/><G129/><N who="1" m="49162" /><E114/><V107/><F3/><W50/><G124/><T40/><D112/><U10/><E74/><V12/><F107/><N who="3" m="41003" /><G102/><T95/><D121/><N who="3" m="46697" /><G50/><T71/><D123/><U68/><E10/><V108/><F108/><W14/><G14/><T117/><D117/><U113/><E113/><V127/><F127/><W45/><G45/><T38/><D109/><U115/><E115/><V105/><F105/><W128/><G0/><T16/><D81/><U118/><E118/><V66/><F78/><W85/><G85/><T24/><D38/><U19/><E89/><V49/><F39/><W2/><G2/><T133/><D133/><U69/><E51/><V34/><F34/><W110/><G128/><T56/><D71/><N who="1" m="27211" /><E61/><N who="2" m="38199" /><F7/><W37/><G37/><T11/><D40/><U132/><E132/><V135/><F135/><W22/><G22/><N who="0" m="15383" /><D4/><U83/><E83/><V116/><F116/><W5/><G5/><T94/><D11/><U87/><E87/><N who="2" m="52255" /><F90/><W64/><G64/><T43/><D43/><U77/><E77/><V111/><F111/><AGARI ba="2,1" hai="36,42,47,75,76,82,110,111" m="46697,41003" machi="111" ten="40,8000,1" yaku="23,1,52,3" doraHai="119" who="3" fromWho="2" sc="240,0,240,0,240,-86,270,96" /><INIT seed="3,0,0,4,5,80" ten="240,240,154,366" oya="3" hai0="3,134,118,43,46,114,94,6,40,35,126,108,27" hai1="55,65,122,8,98,62,10,100,11,120,39,24,25" hai2="5,13,78,59,23,96,64,81,28,30,123,87,7" hai3="91,131,48,42,77,63,32,69,56,93,2,127,132"/><W83/><G32/><T75/><D118/><U135/><E39/><V119/><F123/><W76/><G69/><T107/><D107/><U14/><E135/><V130/><F119/><W70/><G70/><T36/><D43/><U16/><E55/><V61/><F130/><W1/><G131/><T44/><D94/><N who="1" m="58455" /><E122/><V4/><F96/><W37/><G37/><N who="0" m="21519" /><D108/><U124/><E124/><V115/><F115/><W38/><G38/><T51/><D51/><U86/><E120/><V47/><F47/><W29/><G132/><T82/><D114/><U133/><E133/><V12/><F23/><W121/><G29/><N who="0" m="19903" /><D134/><U125/><E125/><V99/><F99/><W22/><G77/><N who="0" m="44351" /><D126/><U15/><E86/><V109/><F109/><W129/><G2/><T68/><D68/><U103/><E103/><V112/><F112/><W52/><G127/><T104/><D104/><U50/><E50/><V18/><REACH who="2" step="1"/><F13/><REACH who="2" ten="240,240,144,366" step="2"/><W20/><G129/><T106/><D106/><U34/><E34/><V0/><F0/><W90/><G1/><T45/><D45/><U84/><E15/><V102/><F102/><W110/><G121/><T9/><D46/><U95/><E24/><V72/><F72/><W60/><G110/><T21/><D21/><U53/><E25/><V97/><F97/><W17/><G22/><T105/><D105/><U116/><E116/><V54/><F54/><W66/><G52/><T79/><D79/><U73/><E53/><V92/><F92/><W111/><G93/><T88/><D36/><U89/><E73/><V26/><F26/><W71/><G76/><T113/><D113/><RYUUKYOKU ba="0,1" sc="240,10,240,10,144,10,366,-30" hai0="3,6,9,88" hai1="8,10,11,14,16,62,65,84,89,95" hai2="4,5,7,12,18,28,30,59,61,64,78,81,87" owari="250,5.0,250,-15.0,154,-35.0,346,45.0" /></mjloggm>