<mjloggm ver="2.3"><GO type="97" lobby="0"/><UN n0="%E7%BE%8E%E9%83%BD%E5%AD%90%E3%82%93%E3%83%89%E3%83%AA%E3%82%A2" n1="%43%26%52" n2="%E5%B0%B1%E6%B4%BB%E7%94%9F%40%E5%B7%9D%E6%9D%91%E8%BB%8D%E5%9B%A3" n3="%6C%65%65" dan="14,13,14,14" rate="2040.46,1892.25,1970.71,2000.77" sx="F,M,M,F"/><TAIKYOKU oya="0"/><INIT seed="0,0,0,2,1,134" ten="250,250,250,250" oya="0" hai0="71,79,78,126,90,28,117,34,2,6,122,123,96" hai1="109,89,103,27,51,25,99,130,133,72,85,129,44" hai2="98,86,100,66,14,87,7,17,107,26,106,60,46" hai3="41,62,124,93,88,91,69,67,77,110,35,131,0"/><T108/><D71/><U10/><E72/><V61/><F107/><W40/><G110/><T119/><D34/><U32/><E109/><V5/><F26/><W42/><G131/><N who="1" m="50186" /><E10/><V39/><F39/><W128/><G128/><T83/><D28/><U135/><E85/><V29/><F29/><W12/><G0/><T81/><D6/><U76/><E76/><N who="0" m="29225" /><D2/><U15/><E15/><V68/><F60/><W53/><G77/><T22/><D22/><U121/><E89/><V11/><F46/><W21/><G35/><T74/><D126/><U31/><E25/><V3/><REACH who="2" step="1"/><F7/><REACH who="2" ten="250,250,240,250" step="2"/><W43/><G124/><T65/><D108/><U13/><E121/><N who="0" m="46089" /><D74/><U84/><E27/><V132/><F132/><W112/><G112/><T37/><D37/><U104/><E31/><V105/><F105/><W95/><N who="3" m="10752" /><DORA hai="64" /><W24/><G12/><T111/><D111/><U120/><E13/><V113/><F113/><W115/><G115/><T48/><D48/><U92/><E120/><V80/><F80/><N who="0" m="30794" /><D65/><U127/><E135/><V59/><F59/><N who="3" m="35183" /><G67/><T55/><D55/><U19/><E133/><V58/><F58/><W54/><G54/><T50/><D50/><U8/><E51/><V20/><AGARI ba="0,1" hai="3,5,11,14,17,20,61,66,68,86,87,98,100,106" machi="20" ten="20,5200,0" yaku="1,1,0,1,7,1,52,1,53,0" doraHai="134,64" doraHaiUra="75,49" who="2" fromWho="2" sc="250,-26,250,-13,240,62,250,-13" /><INIT seed="1,0,0,1,3,118" ten="224,237,302,237" oya="1" hai0="134,75,17,25,122,130,18,106,6,34,63,121,56" hai1="129,112,62,21,124,105,15,96,20,16,8,94,72" hai2="119,49,90,50,84,68,37,76,80,59,7,47,12" hai3="57,41,23,87,133,66,135,5,4,111,113,71,52"/><U70/><E112/><V78/><F68/><W9/><G113/><T48/><D106/><U51/><E105/><V107/><F107/><W131/><G131/><T36/><D75/><U77/><E129/><V127/><F119/><W98/><G111/><T104/><D36/><U82/><E124/><V81/><F127/><W73/><G73/><T42/><D104/><U132/><E132/><V117/><F117/><W103/><G41/><T44/><D134/><N who="3" m="51209" /><G87/><T0/><D130/><U125/><E125/><V99/><F37/><W45/><G45/><T97/><D97/><U39/><E39/><V31/><F31/><W26/><G9/><T14/><D0/><U60/><E51/><V11/><F99/><W38/><G38/><T116/><D116/><U40/><E40/><N who="2" m="24807" /><F80/><W83/><G83/><T100/><D100/><U69/><E69/><V65/><F65/><W67/><G103/><T86/><D86/><U46/><E46/><V58/><F50/><N who="3" m="30871" /><G98/><T101/><D101/><U115/><E115/><V2/><F2/><W123/><G123/><N who="0" m="47115" /><D6/><N who="3" m="2665" /><G71/><T33/><D25/><U43/><E43/><V93/><F81/><W110/><G110/><T74/><D74/><U128/><E128/><V91/><F91/><W89/><G89/><T10/><D17/><AGARI ba="0,0" hai="17,23,26,66,67" m="2665,30871,51209" machi="17" ten="30,2000,0" yaku="20,1,54,1" doraHai="118" who="3" fromWho="0" sc="224,-20,237,0,302,0,237,20" /><INIT seed="2,0,0,1,1,83" ten="204,237,302,257" oya="2" hai0="54,38,45,129,24,53,43,76,82,32,81,50,57" hai1="69,34,47,1,89,112,107,97,100,17,108,118,61" hai2="132,68,55,77,46,103,75,123,58,109,2,16,114" hai3="27,122,113,30,42,74,78,0,64,56,18,48,88"/><V135/><F2/><W12/><G122/><T120/><D120/><U20/><E118/><V3/><F68/><W59/><G0/><T44/><D129/><U86/><E112/><V84/><F3/><W121/><G121/><T5/><D5/><U49/><E1/><V36/><F75/><W85/><G78/><T63/><D32/><U10/><E34/><V11/><F114/><W72/><G72/><T131/><D131/><U60/><E10/><V130/><F130/><W92/><G74/><T106/><D106/><U9/><E69/><V104/><F104/><W93/><G64/><T28/><REACH who="0" step="1"/><D76/><REACH who="0" ten="194,237,302,257" step="2"/><U22/><E108/><V95/><F123/><W124/><G113/><T33/><AGARI ba="0,1" hai="24,28,33,38,43,44,45,50,53,54,57,63,81,82" machi="33" ten="20,5200,0" yaku="1,1,2,1,0,1,7,1,53,0" doraHai="83" doraHaiUra="8" who="0" fromWho="0" sc="194,62,237,-13,302,-26,257,-13" /><INIT seed="3,0,0,5,1,0" ten="256,224,276,244" oya="3" hai0="78,55,17,56,123,10,6,27,134,33,50,130,94" hai1="25,132,86,45,113,66,125,82,80,88,38,4,92" hai2="21,9,74,28,58,128,73,12,46,64,22,26,127" hai3="120,108,79,65,63,60,70,41,84,57,20,18,109"/><W71/><G120/><T117/><D123/><U69/><E113/><V110/><F127/><W54/><G79/><T40/><D117/><U42/><E125/><V72/><F128/><W52/><G84/><T93/><D130/><U11/><E132/><V1/><F110/><N who="3" m="42603" /><G41/><T67/><D67/><U32/><E66/><V29/><F1/><W96/><G96/><T77/><D134/><U121/><E121/><V112/><F112/><W97/><G97/><T118/><D118/><U16/><E69/><N who="3" m="26122" /><G63/><T105/><D78/><U81/><E32/><V5/><F46/><W115/><G115/><T13/><D40/><U95/><E95/><V43/><F43/><W106/><G106/><T49/><D105/><U51/><E38/><V89/><F89/><W85/><G85/><T98/><D77/><U99/><E25/><AGARI ba="0,0" hai="18,20,25,52,54,57,60,65" m="26122,42603" machi="25" ten="30,5800,0" yaku="14,1,10,1,54,1" doraHai="0" who="3" fromWho="1" sc="256,0,224,-58,276,0,244,58" owari="256,-14.0,166,-33.0,276,8.0,302,39.0" /></mjloggm>