<mjloggm ver="2.3"><GO type="169" lobby="0"/><UN n0="%E3%83%88%E3%83%88%E3%83%AA%E5%85%88%E7%94%9F%31%39%E6%AD%B3" n1="%E7%99%BD%E9%BB%92%E7%A5%9E" n2="%E3%83%A2%E3%83%A8%E3%82%B3" n3="%E3%81%8A%E3%81%98%E3%81%95%E3%82%93" dan="18,16,16,18" rate="2158.00,2094.34,2109.14,2186.57" sx="F,F,M,M"/><TAIKYOKU oya="0"/><INIT seed="0,0,0,4,1,74" ten="250,250,250,250" oya="0" hai0="112,131,21,13,54,92,53,133,62,32,10,123,31" hai1="20,47,5,61,41,60,19,102,34,75,51,56,101" hai2="119,40,4,121,70,1,46,116,59,105,134,95,11" hai3="88,64,99,135,84,76,103,87,23,98,30,117,38"/><T126/><D112/><U118/><E75/><V96/><F70/><W127/><G38/><T9/><D123/><U57/><E34/><V14/><F121/><W104/><G117/><N who="2" m="45129" /><F134/><W108/><G64/><T97/><D32/><U2/><E5/><V91/><F105/><W43/><G43/><T109/><D133/><U111/><E2/><V26/><F26/><W58/><G58/><N who="1" m="22634" /><E111/><V71/><F71/><W86/><G135/><T132/><D132/><U55/><E118/><V107/><F107/><W49/><G49/><T25/><D109/><U94/><E41/><V68/><F68/><W29/><G108/><T66/><D131/><U113/><E113/><V33/><F59/><W124/><G76/><T93/><D126/><N who="3" m="48169" /><G23/><N who="0" m="15807" /><D62/><N who="1" m="24171" /><E94/><AGARI ba="0,0" hai="29,30,84,86,87,88,94,98,99,103,104" m="48169" machi="94" ten="30,2000,0" yaku="18,1,54,1" doraHai="74" who="3" fromWho="1" sc="250,0,250,-20,250,0,250,20" /><INIT seed="1,0,0,2,4,101" ten="250,230,250,270" oya="1" hai0="5,43,110,71,117,8,80,23,75,59,85,47,100" hai1="119,36,108,86,60,118,89,99,135,65,25,92,82" hai2="13,7,128,35,38,114,39,6,63,37,20,18,31" hai3="45,14,55,105,87,10,134,28,122,66,30,125,106"/><U93/><E36/><V42/><F42/><W112/><G122/><T11/><D117/><U72/><E135/><V64/><F128/><W107/><G134/><T121/><D121/><U27/><E108/><V16/><F114/><W21/><G112/><T129/><D71/><U58/><E72/><V103/><F18/><W120/><G120/><T130/><D75/><U0/><E0/><V83/><F83/><W78/><G66/><T50/><D110/><U74/><E74/><V81/><F81/><W95/><G125/><T94/><D23/><U17/><E93/><V67/><F103/><W54/><G78/><T76/><D59/><U41/><E41/><V91/><F91/><W68/><G68/><T51/><D51/><U33/><E33/><V111/><F111/><W40/><G87/><T44/><D44/><U88/><REACH who="1" step="1"/><E17/><REACH who="1" ten="250,220,250,270" step="2"/><V15/><F38/><W52/><G95/><T3/><D3/><U48/><E48/><V84/><F16/><W46/><G21/><T104/><D94/><U116/><AGARI ba="0,1" hai="25,27,58,60,65,82,86,88,89,92,99,116,118,119" machi="116" ten="30,6000,0" yaku="1,1,0,1,54,1,53,0" doraHai="101" doraHaiUra="32" who="1" fromWho="1" sc="250,-20,220,70,250,-20,270,-20" /><INIT seed="1,1,0,1,1,54" ten="230,290,230,250" oya="1" hai0="68,35,93,26,62,30,13,126,4,81,71,73,116" hai1="69,100,46,97,78,11,121,120,28,98,48,91,31" hai2="9,40,102,89,127,117,36,3,21,113,72,70,86" hai3="23,17,130,50,107,131,66,59,16,63,95,133,79"/><U104/><E69/><V109/><F89/><W34/><G34/><T44/><D116/><U124/><E78/><V129/><F86/><W2/><G2/><T84/><D126/><U61/><E124/><V125/><F21/><W110/><G107/><T6/><D73/><U74/><E74/><V92/><F92/><W111/><G79/><T65/><D71/><U42/><E11/><V7/><F102/><W60/><G133/><T43/><D93/><U5/><E5/><V135/><F9/><W94/><G50/><T51/><REACH who="0" step="1"/><D13/><REACH who="0" ten="220,290,230,250" step="2"/><U24/><E120/><V122/><F125/><W47/><G95/><T32/><D32/><U105/><E121/><V38/><F70/><N who="3" m="42311" /><G94/><T134/><D134/><U108/><E105/><V56/><F72/><W103/><G103/><T101/><D101/><U64/><E104/><V87/><F127/><W55/><G131/><T1/><D1/><U67/><E100/><V19/><F3/><W10/><G130/><T80/><D80/><U132/><E132/><V33/><F135/><W77/><G111/><T82/><D82/><U37/><E98/><V96/><F96/><W20/><G110/><T25/><D25/><U115/><E97/><V14/><F33/><W114/><G114/><T99/><D99/><U58/><E108/><V41/><F113/><W76/><G76/><AGARI ba="1,1" hai="4,6,26,30,35,43,44,51,62,65,68,76,81,84" machi="76" ten="30,3900,0" yaku="1,1,7,1,53,1" doraHai="54" doraHaiUra="83" who="0" fromWho="3" sc="220,52,290,0,230,0,250,-42" /><INIT seed="2,0,0,1,4,125" ten="272,290,230,208" oya="2" hai0="8,105,115,94,69,27,55,76,79,7,21,133,119" hai1="132,95,46,59,109,16,66,37,6,12,120,52,31" hai2="15,51,22,113,73,13,82,108,86,102,90,77,28" hai3="26,53,92,122,128,32,63,99,18,123,1,61,49"/><V68/><F113/><W98/><G1/><T24/><D115/><U19/><E109/><V72/><F68/><W127/><G127/><T47/><D105/><U97/><E132/><V65/><F65/><W129/><G32/><T78/><D69/><U118/><E118/><V25/><F108/><W124/><G124/><T96/><D133/><U67/><E120/><N who="3" m="46122" /><G18/><N who="1" m="6698" /><E37/><V62/><F62/><N who="3" m="23563" /><G26/><T93/><D119/><U39/><E31/><V20/><F20/><W17/><G17/><T4/><D21/><U29/><E46/><V3/><F3/><W42/><G42/><T117/><D117/><U87/><E29/><V74/><F102/><W131/><G92/><T114/><D114/><U14/><E87/><V89/><REACH who="2" step="1"/><F51/><REACH who="2" ten="272,290,220,208" step="2"/><W40/><G40/><T85/><D24/><U100/><E39/><V34/><F34/><W41/><G41/><T106/><D27/><U134/><E134/><V35/><F35/><W84/><G84/><T23/><D23/><U43/><E43/><V58/><F58/><AGARI ba="0,1" hai="49,53,58,98,99,128,129,131" m="23563,46122" machi="58" ten="40,8000,1" yaku="19,1,52,3" doraHai="125" who="3" fromWho="2" sc="272,0,290,0,220,-80,208,90" /><INIT seed="3,0,0,4,2,102" ten="272,290,140,298" oya="3" hai0="118,36,82,18,99,66,127,112,50,76,42,13,0" hai1="131,58,110,46,37,78,19,30,85,47,53,75,22" hai2="11,83,55,1,17,40,135,54,27,103,6,35,120" hai3="89,88,57,90,56,9,79,16,32,87,49,105,59"/><W93/><G32/><T91/><D118/><U51/><E110/><V26/><F135/><W34/><G34/><T23/><D36/><U77/><E131/><V69/><F69/><W3/><G105/><T128/><D0/><U114/><E114/><V123/><F40/><W95/><G3/><T72/><D128/><U122/><E37/><V64/><F64/><W126/><G126/><T133/><D127/><U25/><E75/><V62/><F62/><W48/><G79/><N who="1" m="30218" /><E122/><N who="2" m="46635" /><F83/><W73/><G73/><T44/><D133/><U60/><E85/><V33/><F103/><W70/><G70/><T12/><D112/><U86/><E86/><V45/><F45/><N who="1" m="16905" /><E30/><N who="2" m="19671" /><F17/><W92/><G87/><T107/><D66/><U108/><E108/><V41/><F41/><W24/><G24/><T96/><D72/><U71/><E71/><V80/><F80/><W52/><G52/><N who="2" m="20009" /><F35/><W67/><G67/><T20/><D82/><U10/><E10/><V98/><F98/><W4/><G4/><T74/><D76/><U21/><E21/><V130/><F27/><W109/><G109/><T124/><D74/><U43/><E43/><V119/><F130/><W134/><G134/><T84/><D124/><U15/><E25/><V100/><F100/><W31/><G31/><T68/><D68/><U97/><E97/><V14/><F119/><W101/><G101/><T61/><D99/><U81/><E81/><V106/><F1/><W129/><G129/><T29/><D96/><U132/><E132/><V111/><F111/><W125/><G125/><T115/><D29/><U116/><E116/><V113/><F113/><RYUUKYOKU ba="0,0" sc="272,-30,290,10,140,10,298,10" hai1="15,19,22,51,53,58,60" hai2="6,11,14,106" hai3="9,16,48,49,56,57,59,88,89,90,92,93,95" /><INIT seed="3,1,0,3,3,17" ten="242,300,150,308" oya="3" hai0="128,81,96,26,2,18,48,63,131,106,95,89,54" hai1="125,109,114,53,61,9,90,47,51,117,72,11,133" hai2="36,62,103,130,79,30,88,49,120,110,41,101,66" hai3="78,113,102,32,112,42,99,108,40,13,127,16,80"/><W59/><G32/><T3/><D106/><U69/><E114/><V135/><F36/><W29/><G29/><T97/><D97/><U38/><E109/><V118/><F118/><W91/><G91/><T132/><D132/><U65/><E117/><V86/><F110/><W124/><G108/><T111/><D111/><U134/><E125/><N who="3" m="48202" /><G59/><N who="0" m="35319" /><D48/><U71/><E72/><V122/><F135/><N who="1" m="51721" /><E38/><V75/><F130/><N who="0" m="49706" /><D81/><U56/><E90/><V21/><F75/><N who="3" m="43103" /><G113/><T70/><D70/><AGARI ba="1,0" hai="9,11,47,51,53,56,61,65,69,70,71" m="51721" machi="70" ten="30,1000,0" yaku="20,1" doraHai="17" who="1" fromWho="0" sc="242,-13,300,13,150,0,308,0" /><INIT seed="4,0,0,3,1,37" ten="229,313,150,308" oya="0" hai0="61,86,132,46,69,66,47,12,7,74,105,24,52" hai1="41,10,0,30,75,38,107,90,63,87,2,88,79" hai2="102,124,134,123,121,23,32,81,128,130,109,84,50" hai3="1,91,62,135,26,129,72,3,42,114,101,51,54"/><T4/><D74/><U73/><E107/><V39/><F39/><W67/><G114/><T53/><D105/><U19/><E30/><V94/><F32/><W56/><G72/><T6/><D132/><U28/><E28/><V126/><F23/><W25/><G135/><T76/><D12/><U115/><E115/><V34/><F34/><W117/><G117/><T122/><D122/><N who="2" m="46602" /><F50/><W8/><G129/><N who="2" m="49769" /><F109/><W57/><G101/><T5/><N who="0" m="1024" /><DORA hai="83" /><T71/><D71/><U89/><E63/><V40/><F40/><W48/><G8/><T103/><D103/><U58/><E58/><V64/><F64/><W9/><G9/><T131/><D131/><U43/><E38/><V20/><F20/><W99/><G1/><T22/><D46/><U113/><E113/><V106/><F106/><W95/><G3/><T45/><D45/><AGARI ba="0,0" hai="25,26,42,45,48,51,54,56,57,62,67,91,95,99" machi="45" ten="40,2600,0" yaku="8,1,52,1" doraHai="37,83" who="3" fromWho="0" sc="229,-26,313,0,150,0,308,26" /><INIT seed="5,0,0,4,2,11" ten="203,313,150,334" oya="1" hai0="70,52,53,105,104,2,17,116,1,73,114,80,15" hai1="50,85,101,132,7,28,29,96,13,112,95,24,12" hai2="86,56,5,64,81,30,113,8,71,119,124,87,127" hai3="20,92,100,82,130,31,108,115,38,111,9,26,74"/><U65/><E112/><V122/><F71/><W16/><G38/><T128/><D116/><U51/><E132/><V67/><F119/><W125/><G115/><T91/><D70/><U131/><E131/><V49/><F122/><W88/><G130/><T62/><D114/><U79/><E65/><N who="2" m="25163" /><F113/><W19/><G125/><N who="2" m="48201" /><F30/><N who="1" m="11881" /><E24/><V39/><F39/><W107/><G107/><T89/><D128/><U57/><E7/><V48/><F56/><W103/><G111/><T94/><D104/><U42/><E57/><V110/><F110/><W109/><G109/><T14/><D105/><U117/><E117/><V99/><F99/><N who="3" m="57735" /><G74/><T46/><D73/><U21/><E21/><V60/><F60/><W84/><G108/><T6/><D2/><U69/><E69/><V43/><F43/><W33/><G33/><T83/><D1/><U55/><E55/><N who="0" m="21065" /><D62/><U121/><E121/><V22/><F22/><N who="3" m="15831" /><G9/><N who="0" m="4407" /><D46/><N who="1" m="25943" /><E51/><N who="2" m="19531" /><F81/><AGARI ba="0,0" hai="12,13,79,81,85,95,96,101" m="25943,11881" machi="81" ten="30,5800,0" yaku="8,1,52,2" doraHai="11" who="1" fromWho="2" sc="203,0,313,58,150,-58,334,0" /><INIT seed="5,1,0,4,1,66" ten="203,371,92,334" oya="1" hai0="111,62,76,26,65,63,134,0,15,39,73,132,121" hai1="102,106,54,117,32,123,80,10,27,7,51,30,110" hai2="36,70,28,9,96,71,42,93,52,131,82,103,31" hai3="4,13,22,72,19,83,79,78,3,94,98,69,130"/><U37/><E37/><V64/><F131/><W41/><G79/><T74/><D111/><U85/><E123/><V89/><F36/><W1/><G130/><T112/><D0/><U24/><E117/><V55/><F42/><W67/><G41/><T40/><D112/><U115/><E115/><V44/><F9/><W14/><G14/><T87/><D121/><U43/><E43/><V81/><F44/><W86/><G4/><T5/><D26/><U17/><E110/><V114/><F114/><W97/><G97/><T47/><D63/><U126/><E126/><V116/><F116/><W58/><G72/><T92/><D15/><U59/><E17/><V50/><F50/><W34/><G34/><T12/><D12/><U104/><E102/><V105/><F64/><W18/><G58/><T2/><D5/><U33/><E27/><V133/><F133/><N who="0" m="51306" /><D2/><U57/><E33/><V23/><F23/><W129/><G19/><T46/><D46/><U88/><REACH who="1" step="1"/><E59/><REACH who="1" ten="203,361,92,334" step="2"/><V95/><F103/><N who="3" m="60887" /><G129/><T127/><D127/><U135/><E135/><V21/><F21/><W75/><G18/><T120/><D120/><U124/><E124/><V109/><F109/><W53/><G69/><N who="0" m="42167" /><D47/><U49/><E49/><V101/><F101/><W107/><G107/><T35/><D35/><U68/><E68/><V122/><F122/><W119/><G119/><T29/><D40/><U56/><E56/><V90/><F105/><W100/><G100/><T91/><D39/><U99/><E99/><AGARI ba="1,1" hai="28,31,52,55,70,71,81,82,89,90,93,95,96,99" machi="99" ten="25,8000,1" yaku="22,2,52,2,54,1" doraHai="66" who="2" fromWho="1" sc="203,0,361,-83,92,93,334,0" /><INIT seed="6,0,0,3,5,96" ten="203,278,185,334" oya="2" hai0="29,105,127,57,109,97,12,112,73,38,37,75,94" hai1="103,55,53,108,113,71,22,46,14,121,74,19,23" hai2="98,3,88,62,129,84,87,104,1,124,79,125,102" hai3="122,93,72,26,91,6,11,81,50,83,36,114,76"/><V68/><F129/><W43/><G122/><T64/><D109/><U34/><E34/><V13/><F79/><W44/><G83/><T85/><D105/><U28/><E71/><V54/><F87/><W47/><G26/><T40/><D29/><U106/><E74/><V82/><F13/><W95/><G114/><T65/><D85/><U8/><E121/><V63/><F68/><W134/><G134/><T120/><D120/><U30/><E113/><V17/><F17/><W2/><G91/><T130/><D112/><U56/><E108/><V118/><F118/><W41/><AGARI ba="0,0" hai="2,6,11,36,41,43,44,47,50,72,76,81,93,95" machi="41" ten="20,5200,0" yaku="0,1,7,1,25,2" doraHai="96" who="3" fromWho="3" sc="203,-13,278,-13,185,-26,334,52" /><INIT seed="7,0,0,1,0,120" ten="190,265,159,386" oya="3" hai0="103,45,11,9,88,78,15,129,104,117,83,49,8" hai1="2,44,98,72,3,105,124,131,48,115,130,132,34" hai2="17,128,53,65,42,81,89,38,37,35,0,39,62" hai3="67,12,86,70,40,109,93,5,27,56,87,134,125"/><W7/><G70/><T57/><D117/><U111/><RYUUKYOKU type="yao9" ba="0,0" sc="190,0,265,0,159,0,386,0" hai1="2,3,34,44,48,72,98,105,111,115,124,130,131,132" /><INIT seed="7,1,0,1,2,127" ten="190,265,159,386" oya="3" hai0="69,94,1,122,41,96,38,22,70,65,129,131,105" hai1="57,89,7,123,74,115,4,133,46,80,90,98,75" hai2="118,33,120,88,93,71,73,92,99,53,12,11,59" hai3="97,108,135,85,79,76,117,72,68,63,61,104,58"/><W116/><G72/><T84/><D122/><U5/><E123/><V17/><F118/><W113/><G68/><T55/><D1/><U24/><E133/><V66/><F73/><W86/><G104/><T107/><D84/><U56/><E115/><V19/><F120/><W47/><G47/><N who="0" m="23991" /><D22/><U109/><E109/><V31/><F71/><N who="0" m="27146" /><D65/><U60/><E24/><V103/><F66/><W44/><G86/><T36/><D36/><U77/><E75/><V13/><F33/><W30/><G85/><T34/><D55/><U23/><E23/><N who="2" m="11687" /><F31/><W50/><G97/><T95/><D95/><U6/><E46/><V26/><F26/><W130/><G79/><T29/><D29/><U52/><E98/><N who="2" m="57607" /><F59/><W54/><G76/><T40/><D40/><U91/><N who="1" m="1024" /><DORA hai="125" /><U2/><REACH who="1" step="1"/><E57/><REACH who="1" ten="190,255,159,386" step="2"/><V82/><F53/><N who="3" m="29895" /><G58/><T124/><D124/><U9/><E9/><V48/><F48/><W25/><G108/><T15/><D15/><U37/><E37/><V8/><F8/><W62/><G25/><T42/><D34/><U35/><E35/><V43/><F43/><W45/><G45/><T32/><D32/><U101/><E101/><V78/><F78/><W21/><G135/><T112/><D42/><U132/><E132/><V102/><F102/><W128/><G21/><T28/><D112/><U51/><E51/><V14/><F14/><W111/><G113/><T39/><D39/><U10/><E10/><V134/><F134/><W119/><G119/><T27/><D27/><U100/><E100/><V0/><F0/><AGARI ba="1,1" hai="0,2,52,56,60,74,77,80,89,90,91" m="1024" machi="0" ten="60,7700,0" yaku="1,1,54,1,53,1" doraHai="127,125" doraHaiUra="49,16" who="1" fromWho="2" sc="190,0,255,90,159,-80,386,0" owari="190,-21.0,345,15.0,79,-42.0,386,48.0" /></mjloggm>