<mjloggm ver="2.3"><GO type="41" lobby="0"/><UN n0="%74%61%6B%65%75" n1="%63%6F%6D%79%75%6E%6F" n2="%C2%B4%E3%83%BB%CF%89%E3%83%BB%29%79%EF%BC%8D%7E" n3="%E5%B0%B1%E6%B4%BB%E7%94%9F%40%E5%B7%9D%E6%9D%91%E8%BB%8D%E5%9B%A3" dan="14,14,13,15" rate="1940.01,1887.55,1925.64,2005.35" sx="M,M,M,M"/><TAIKYOKU oya="0"/><INIT seed="0,0,0,2,4,25" ten="250,250,250,250" oya="0" hai0="51,34,101,93,1,75,135,103,77,112,100,125,130" hai1="134,98,68,108,107,83,22,121,41,88,72,76,37" hai2="43,47,7,45,132,66,23,70,15,30,71,5,13" hai3="65,116,4,122,24,126,127,119,95,29,59,14,61"/><T86/><D1/><U64/><E108/><V92/><F132/><W60/><G122/><T91/><D34/><U57/><E134/><V114/><F114/><W39/><G39/><T56/><D51/><U52/><E121/><V58/><F70/><W73/><G73/><T11/><D11/><U84/><E68/><V16/><F71/><W10/><G61/><T106/><D56/><U111/><E111/><V89/><F13/><W85/><G85/><T35/><D35/><U55/><E22/><V78/><F78/><W53/><G95/><T97/><D135/><U62/><E41/><V63/><F30/><W26/><G65/><T3/><D3/><U31/><E31/><V102/><F102/><N who="0" m="39530" /><D112/><U99/><E37/><V115/><F115/><W40/><G40/><T2/><D2/><U87/><E72/><V50/><REACH who="2" step="1"/><F47/><REACH who="2" ten="250,250,240,250" step="2"/><W69/><G69/><T110/><D110/><U18/><E107/><V28/><F28/><W81/><G119/><T33/><D33/><U117/><E117/><V109/><F109/><W38/><G116/><T118/><D118/><U6/><E76/><V46/><F46/><W94/><G29/><T12/><D12/><U8/><E8/><V79/><F79/><W20/><G10/><T48/><D106/><U67/><E6/><V133/><F133/><W44/><G44/><T113/><D77/><U90/><E18/><V104/><F104/><W80/><G4/><T82/><D113/><U36/><E36/><V123/><F123/><W74/><G38/><T128/><D75/><U17/><E17/><V21/><F21/><W129/><G74/><RYUUKYOKU ba="0,1" sc="250,-10,250,-10,240,30,250,-10" hai2="5,7,15,16,23,43,45,50,58,63,66,89,92" /><INIT seed="1,1,1,1,4,52" ten="240,240,270,240" oya="1" hai0="127,30,48,31,9,12,34,120,57,60,16,46,42" hai1="79,94,75,18,6,67,95,10,35,102,131,123,66" hai2="82,3,58,119,44,37,77,110,62,2,26,85,84" hai3="122,103,134,89,47,4,33,105,68,118,109,80,93"/><U86/><E123/><V108/><F119/><W113/><G33/><T98/><D120/><U8/><E35/><V11/><F26/><W54/><G68/><T83/><D127/><U27/><E131/><V51/><F85/><W101/><G105/><T21/><D34/><U36/><E36/><V74/><F11/><W25/><G4/><T59/><D83/><N who="1" m="47487" /><E75/><V130/><F37/><W29/><G122/><T116/><D116/><U81/><E81/><V121/><F121/><W133/><G118/><T38/><D98/><N who="1" m="59735" /><E95/><V129/><F74/><W87/><G109/><N who="2" m="42089" /><F51/><N who="3" m="29055" /><G93/><T99/><D99/><U13/><E8/><V23/><F44/><W126/><G126/><T7/><D38/><U61/><E61/><V107/><F23/><AGARI ba="1,1" hai="6,10,13,18,23,27,66,67" m="59735,47487" machi="23" ten="30,1500,0" yaku="8,1" doraHai="52" who="1" fromWho="2" sc="240,0,240,28,270,-18,240,0" /><INIT seed="1,2,0,4,3,19" ten="240,268,252,240" oya="1" hai0="121,49,55,38,115,64,108,5,29,109,39,23,47" hai1="62,56,44,37,67,102,80,92,53,50,4,128,3" hai2="72,1,20,11,14,33,28,112,131,76,122,13,74" hai3="94,103,123,2,113,105,65,82,16,133,119,134,97"/><U95/><E128/><V124/><F122/><W68/><G2/><T130/><D121/><U104/><E80/><V15/><F76/><W40/><G123/><T110/><D130/><U79/><E79/><V48/><F131/><W34/><G34/><T129/><D129/><U10/><REACH who="1" step="1"/><E37/><REACH who="1" ten="240,258,252,240" step="2"/><V61/><F112/><W132/><G82/><T127/><D115/><U46/><E46/><V114/><F114/><W99/><G113/><T120/><D120/><U22/><E22/><V57/><F20/><W90/><G119/><T84/><D38/><U75/><E75/><V25/><F74/><W126/><G126/><T12/><D39/><U51/><E51/><V6/><F48/><W96/><G132/><T73/><D127/><U42/><E42/><V70/><F72/><W9/><G40/><T107/><D73/><U7/><E7/><V52/><F124/><W26/><G133/><T35/><D5/><U43/><E43/><V32/><F32/><W36/><G36/><T45/><D35/><U41/><E41/><V117/><F117/><W87/><G134/><T21/><D47/><U31/><E31/><V85/><F28/><W88/><G9/><T81/><D29/><U106/><E106/><V17/><F33/><W111/><G111/><T118/><D107/><U98/><AGARI ba="2,1" hai="3,4,10,44,50,53,56,62,67,92,95,98,102,104" machi="98" ten="30,3000,0" yaku="1,1,0,1,53,0" doraHai="19" doraHaiUra="78" who="1" fromWho="1" sc="240,-12,258,46,252,-12,240,-12" /><INIT seed="1,3,0,4,1,128" ten="228,304,240,228" oya="1" hai0="115,91,83,88,74,39,11,71,93,68,90,44,40" hai1="12,43,122,87,15,26,47,97,41,33,50,78,64" hai2="126,7,65,113,104,10,22,52,32,129,25,89,36" hai3="100,1,23,0,67,29,103,51,99,34,21,6,123"/><U132/><E122/><V28/><F129/><W53/><G123/><T81/><D115/><U4/><E64/><V59/><F113/><W95/><G103/><T54/><D54/><U82/><E97/><V101/><F36/><W124/><G124/><T66/><D83/><U134/><E41/><V57/><F126/><W17/><G67/><T13/><D74/><U62/><E62/><V27/><F65/><W105/><G105/><T112/><D112/><U98/><E98/><V76/><F104/><W80/><G80/><T117/><D117/><U69/><E69/><V3/><F101/><W108/><G108/><T119/><D119/><U102/><E102/><V18/><F76/><W61/><G61/><T92/><D81/><U75/><E75/><V118/><F118/><W19/><G34/><T125/><D125/><U63/><E63/><V114/><F114/><W111/><G29/><T42/><D66/><U94/><E94/><V2/><F2/><W70/><G6/><T38/><D11/><N who="1" m="4199" /><E15/><V58/><REACH who="2" step="1"/><F89/><REACH who="2" ten="228,304,230,228" step="2"/><W77/><G77/><T120/><D120/><U73/><E73/><V130/><F130/><W107/><G107/><T5/><D38/><U86/><E86/><V131/><F131/><W106/><G106/><T85/><D39/><U116/><E116/><V9/><F9/><W37/><G37/><T133/><D90/><U24/><E33/><V96/><F96/><W84/><G1/><T135/><D88/><U8/><E8/><V110/><F110/><W31/><G0/><T35/><D91/><U45/><E45/><V14/><F14/><N who="3" m="9399" /><G111/><T56/><D44/><RYUUKYOKU ba="3,1" sc="228,-15,304,15,230,15,228,-15" hai1="24,26,43,47,50,78,82,87,132,134" hai2="3,7,10,18,22,25,27,28,32,52,57,58,59" /><INIT seed="1,4,1,4,2,34" ten="213,319,245,213" oya="1" hai0="35,22,10,124,28,108,25,46,89,73,6,105,128" hai1="82,26,103,75,118,0,94,91,86,42,102,79,52" hai2="121,56,32,18,74,85,60,122,62,98,100,123,54" hai3="119,72,57,58,90,13,133,97,76,114,113,31,132"/><U12/><E118/><V27/><F74/><W106/><G31/><T33/><D105/><U115/><E115/><V2/><F2/><W14/><G72/><T135/><D124/><U39/><E26/><V36/><F36/><W101/><G76/><T68/><D128/><U59/><E12/><N who="3" m="4714" /><G90/><T125/><D135/><N who="3" m="51785" /><G119/><T53/><D125/><U9/><E9/><V116/><F116/><W43/><G43/><T20/><D108/><U19/><E19/><V95/><F85/><W40/><G40/><T11/><D68/><U61/><REACH who="1" step="1"/><E0/><REACH who="1" ten="213,309,245,213" step="2"/><V110/><F18/><W45/><G45/><AGARI ba="4,2" hai="39,42,45,52,59,61,75,79,82,86,91,94,102,103" machi="45" ten="40,12000,1" yaku="1,1,2,1,54,1,53,1" doraHai="34" doraHaiUra="80" who="1" fromWho="3" sc="213,0,309,152,245,0,213,-132" /><INIT seed="1,5,0,3,5,112" ten="213,461,245,81" oya="1" hai0="73,132,102,122,77,125,124,93,12,45,20,119,18" hai1="50,46,6,126,25,90,70,135,60,26,52,72,91" hai2="120,23,11,4,79,35,54,131,1,62,55,129,53" hai3="59,87,8,40,108,27,88,123,109,15,39,34,85"/><U67/><E72/><V92/><F120/><W9/><G123/><T75/><D122/><U48/><E126/><N who="0" m="48745" /><D132/><U19/><E135/><V17/><F35/><W89/><G39/><T38/><D38/><U43/><E6/><V63/><F79/><W51/><G34/><T58/><D45/><U113/><E113/><V21/><F92/><W37/><G37/><T81/><D58/><U7/><E7/><V84/><F84/><W61/><G27/><T3/><D3/><U22/><REACH who="1" step="1"/><E26/><REACH who="1" ten="213,451,245,81" step="2"/><V86/><F4/><W116/><G116/><T24/><D119/><U64/><E64/><V83/><F129/><W98/><G108/><T82/><D24/><U13/><E13/><N who="2" m="7359" /><F131/><W47/><G15/><T103/><D73/><U66/><E66/><V99/><F1/><W68/><G109/><T10/><D75/><U30/><E30/><V128/><F128/><W2/><G2/><T111/><D111/><U95/><E95/><V130/><F130/><W106/><G106/><T5/><D93/><U16/><E16/><V29/><F29/><W44/><G68/><T104/><D104/><U105/><E105/><V36/><F83/><N who="3" m="49215" /><G98/><T71/><D71/><U101/><E101/><V117/><F99/><W118/><G118/><T42/><D103/><U65/><E65/><V115/><F117/><W134/><G134/><T41/><D102/><U94/><E94/><V96/><F96/><W0/><G0/><T74/><D82/><U57/><AGARI ba="5,1" hai="19,22,25,43,46,48,50,52,57,60,67,70,90,91" machi="57" ten="20,12000,1" yaku="1,1,0,1,7,1,54,1,53,1" doraHai="112" doraHaiUra="56" who="1" fromWho="1" sc="213,-45,451,145,245,-45,81,-45" /><INIT seed="1,6,0,0,2,45" ten="168,596,200,36" oya="1" hai0="113,108,126,92,48,31,10,59,49,116,35,69,90" hai1="102,13,130,88,84,2,18,23,134,80,33,50,19" hai2="21,4,98,91,58,12,11,39,68,66,1,51,107" hai3="3,135,106,34,16,124,105,78,87,94,53,63,99"/><U9/><E33/><V119/><F119/><W114/><G3/><T14/><D116/><U52/><E2/><V95/><F39/><W26/><G114/><T54/><D113/><U122/><E122/><V96/><F68/><W65/><G135/><T5/><D69/><U38/><E38/><V133/><F133/><W81/><G124/><T67/><D126/><U56/><E134/><V101/><F21/><W76/><G76/><T28/><D108/><U30/><E130/><V15/><REACH who="2" step="1"/><F66/><REACH who="2" ten="168,596,190,36" step="2"/><W127/><G127/><T85/><D67/><U77/><E23/><V129/><F129/><W7/><G7/><T40/><D35/><U103/><E30/><N who="0" m="11305" /><D40/><U22/><REACH who="1" step="1"/><E77/><REACH who="1" ten="168,586,190,36" step="2"/><V89/><F89/><N who="3" m="55759" /><G34/><T27/><D27/><AGARI ba="6,2" hai="9,13,18,19,22,27,50,52,56,80,84,88,102,103" machi="27" ten="30,18000,2" yaku="1,1,7,1,8,1,52,1,54,2,53,1" doraHai="45" doraHaiUra="8" who="1" fromWho="0" sc="168,-198,586,218,190,0,36,0" owari="-30,-53.0,804,90.0,190,-1.0,36,-36.0" /></mjloggm>