<mjloggm ver="2.3"><GO type="169" lobby="0"/><UN n0="%E3%81%86%E3%81%A0%E3%81%A3%E3%81%B7" n1="%EF%BC%84%E3%83%8A%E3%83%8A%E3%82%B7%E3%83%BC%EF%BF%A5" n2="%74%75%75%6B%61%69%33" n3="%E3%82%A6%E3%83%AB%E3%83%88%E3%83%A9%E7%AB%8B%E7%9B%B4" dan="16,17,16,17" rate="2162.80,2163.64,2102.15,2198.78" sx="M,M,M,M"/><TAIKYOKU oya="0"/><INIT seed="0,0,0,2,5,15" ten="250,250,250,250" oya="0" hai0="60,49,42,93,63,101,97,85,19,113,18,81,90" hai1="92,68,4,132,52,1,123,112,36,124,106,115,135" hai2="80,44,96,74,134,47,12,31,125,120,100,67,48" hai3="56,32,105,55,43,73,76,129,23,41,29,2,46"/><T72/><D113/><N who="1" m="43595" /><E123/><V131/><F120/><W78/><G2/><T117/><D117/><U51/><E106/><V25/><F131/><W0/><G0/><T118/><D118/><U99/><E36/><V122/><F122/><W17/><G105/><T84/><D72/><U37/><E37/><V110/><F110/><W45/><G29/><T39/><D39/><U87/><E68/><V27/><F134/><N who="1" m="51241" /><E87/><V71/><F125/><W119/><G32/><T35/><D35/><U34/><E34/><V33/><F25/><N who="3" m="14575" /><G73/><T126/><D126/><U6/><E1/><V95/><F71/><W57/><G129/><T77/><D60/><U94/><E124/><V130/><F130/><W66/><G119/><T69/><D63/><U82/><E82/><V14/><F67/><W103/><G66/><T89/><D69/><U79/><E79/><V121/><F121/><W8/><G78/><T7/><D77/><U20/><E20/><V28/><F74/><W114/><G76/><T91/><D7/><N who="1" m="2603" /><E99/><V116/><F80/><W22/><G22/><T53/><D42/><U10/><E10/><V64/><F116/><W13/><G8/><T61/><D61/><U30/><E30/><V111/><F28/><W127/><G127/><T65/><D65/><U24/><E24/><V59/><F64/><W62/><G114/><T70/><D70/><U133/><N who="1" m="51249" /><U38/><DORA hai="58" /><E38/><V128/><F128/><W16/><G62/><T88/><D84/><U108/><E108/><V102/><F111/><W54/><G41/><T83/><D81/><U50/><E50/><V11/><F48/><RYUUKYOKU ba="0,0" sc="250,15,250,15,250,-15,250,-15" hai0="18,19,49,53,83,85,88,89,90,91,93,97,101" hai1="51,52,92,94" /><INIT seed="0,1,0,3,0,69" ten="265,265,235,235" oya="0" hai0="100,15,28,68,79,104,75,18,31,72,58,83,134" hai1="5,131,50,60,54,65,109,132,32,19,135,84,22" hai2="25,123,113,21,23,89,51,41,66,30,55,92,34" hai3="95,116,35,88,94,93,86,98,39,38,124,10,44"/><T90/><D68/><U45/><E32/><V115/><F123/><W13/><G35/><T70/><D70/><N who="1" m="42279" /><E109/><V4/><F21/><W56/><G116/><T67/><D72/><U129/><E84/><V87/><F41/><W49/><G124/><T110/><D110/><U85/><E85/><V108/><F108/><W97/><G56/><T43/><D43/><U128/><E5/><V6/><F66/><W106/><G106/><T7/><D7/><U52/><E54/><V118/><F118/><W101/><G95/><T63/><D134/><N who="1" m="51243" /><E22/><V16/><F4/><W53/><G86/><T48/><D90/><U91/><E19/><AGARI ba="1,0" hai="10,13,19,38,39,44,49,53,88,93,94,97,98,101" machi="19" ten="30,7700,0" yaku="7,1,52,2,54,1" doraHai="69" who="3" fromWho="1" sc="265,0,265,-80,235,0,235,80" /><INIT seed="1,0,0,2,3,65" ten="265,185,235,315" oya="1" hai0="33,122,40,10,53,86,95,17,58,110,85,101,12" hai1="79,72,42,13,134,41,89,78,2,71,130,5,57" hai2="45,4,18,15,100,108,19,55,51,98,75,118,70" hai3="111,87,28,43,24,102,38,59,32,123,106,9,109"/><U0/><E71/><V83/><F108/><N who="3" m="41547" /><G123/><T103/><D110/><U61/><E134/><V6/><F118/><W80/><G59/><T25/><D122/><U35/><E35/><V105/><F19/><W62/><G62/><T11/><D40/><U26/><E26/><V127/><F127/><W16/><G102/><T73/><D73/><U128/><E89/><V104/><F104/><W1/><G106/><T121/><D121/><U22/><E42/><V131/><F131/><N who="1" m="50217" /><E41/><V46/><F46/><N who="3" m="23927" /><G16/><T64/><D103/><U36/><E36/><V117/><F117/><W120/><G120/><T37/><D37/><U81/><E79/><V125/><F125/><W39/><G39/><T119/><D119/><U133/><E133/><V97/><F97/><W74/><G24/><T52/><D25/><U60/><E22/><V84/><F75/><W124/><G74/><T93/><D33/><U115/><E115/><V20/><F70/><W54/><G32/><T68/><D68/><U50/><E50/><V113/><F113/><W114/><G114/><T94/><D101/><U116/><E116/><V47/><REACH who="2" step="1"/><F45/><REACH who="2" ten="265,185,225,315" step="2"/><W30/><G124/><T23/><D85/><U69/><E69/><V76/><AGARI ba="0,1" hai="4,6,15,18,20,47,51,55,76,83,84,98,100,105" machi="76" ten="20,5200,0" yaku="1,1,2,1,0,1,7,1,53,0" doraHai="65" doraHaiUra="112" who="2" fromWho="2" sc="265,-13,185,-26,225,62,315,-13" /><INIT seed="2,0,0,3,3,119" ten="252,159,287,302" oya="2" hai0="39,87,64,90,18,46,19,29,127,16,93,52,1" hai1="133,130,2,8,59,15,123,40,65,83,21,67,89" hai2="57,81,37,68,74,27,85,88,30,56,102,72,104" hai3="25,35,99,41,105,96,32,36,92,11,62,50,129"/><V116/><F68/><W124/><G36/><T22/><D1/><U14/><E133/><V112/><F112/><W78/><G124/><T48/><D127/><U115/><E115/><V70/><F70/><W117/><G117/><T134/><D134/><U128/><E40/><V94/><F37/><W20/><G129/><N who="1" m="49770" /><E2/><V26/><F116/><W84/><G62/><T110/><D39/><U111/><E111/><V114/><F114/><W106/><G106/><T58/><D110/><U80/><E21/><V76/><F72/><W107/><G105/><T66/><D46/><U43/><E43/><V7/><F7/><W79/><G107/><T4/><D4/><N who="1" m="3335" /><E15/><V125/><F125/><W131/><G35/><T28/><D22/><U82/><E123/><V24/><REACH who="2" step="1"/><F30/><AGARI ba="0,0" hai="16,18,19,28,29,30,48,52,58,64,66,87,90,93" machi="30" ten="40,5200,0" yaku="8,1,54,2" doraHai="119" who="0" fromWho="2" sc="252,52,159,0,287,-52,302,0" /><INIT seed="3,0,0,2,3,22" ten="304,159,235,302" oya="3" hai0="96,56,45,72,3,9,47,117,58,78,41,101,80" hai1="63,53,68,100,134,42,8,39,112,14,17,46,10" hai2="19,48,16,55,118,124,36,77,44,81,119,37,59" hai3="99,108,15,133,4,85,114,21,5,105,123,0,35"/><W65/><G65/><T64/><D45/><U89/><E112/><V110/><F110/><W122/><G99/><T86/><D64/><U107/><E134/><V6/><F6/><W33/><G105/><T25/><D117/><U43/><E43/><V82/><F124/><W131/><G85/><T132/><D132/><U52/><E89/><V113/><F113/><W34/><G133/><T26/><D86/><U109/><E109/><V54/><F59/><N who="0" m="22570" /><D96/><U79/><E79/><V40/><F77/><W129/><G108/><T83/><D83/><U103/><E8/><V130/><F40/><W102/><G102/><T11/><D11/><U62/><E68/><V31/><F31/><W32/><G32/><T70/><D101/><U30/><E30/><V128/><F48/><W1/><G114/><T57/><D70/><U51/><E107/><V69/><F69/><W7/><G0/><T24/><D57/><U126/><E126/><V94/><REACH who="2" step="1"/><F94/><REACH who="2" ten="304,159,225,302" step="2"/><W66/><G1/><T104/><D104/><U120/><E39/><V67/><F67/><W20/><G66/><T75/><D78/><U125/><E125/><V18/><F18/><W50/><G50/><T29/><D41/><U84/><E42/><V27/><F27/><W121/><G15/><T90/><D29/><U49/><E49/><V13/><F13/><W116/><G116/><T115/><D115/><U73/><E51/><V88/><F88/><W12/><G12/><T91/><D91/><U97/><E14/><V74/><F74/><W2/><G2/><T127/><D127/><U76/><E76/><V95/><F95/><RYUUKYOKU ba="0,1" sc="304,-15,159,-15,225,15,302,15" hai2="16,19,36,37,44,54,55,81,82,118,119,128,130" hai3="4,5,7,20,21,33,34,35,121,122,123,129,131" /><INIT seed="3,1,1,5,5,93" ten="289,144,240,317" oya="3" hai0="104,126,101,5,16,8,2,77,0,62,46,68,86" hai1="83,29,41,102,132,103,120,45,87,53,108,89,27" hai2="31,17,65,60,49,38,25,64,105,58,28,56,12" hai3="125,44,9,113,33,117,23,78,74,21,7,47,10"/><W19/><G33/><T130/><D0/><U107/><E120/><V63/><F38/><W119/><G113/><T61/><D68/><U123/><E123/><V55/><F105/><W24/><G125/><T26/><D126/><U1/><E1/><V37/><F37/><W100/><G100/><T95/><D104/><U80/><E108/><V109/><F109/><W54/><G7/><T97/><D130/><U39/><E132/><V124/><F124/><W18/><G78/><T91/><D46/><U90/><E53/><V116/><F25/><W135/><G74/><T115/><D77/><U11/><E11/><V30/><F116/><W131/><G54/><T67/><D67/><U22/><REACH who="1" step="1"/><E107/><REACH who="1" ten="289,134,240,317" step="2"/><V35/><F35/><W15/><G135/><T51/><D115/><U99/><E99/><V71/><F31/><W92/><G119/><T50/><D2/><U114/><E114/><V32/><F32/><W88/><G117/><T75/><D8/><AGARI ba="1,2" hai="8,12,17,28,30,49,55,56,58,60,63,64,65,71" machi="8" ten="30,1000,0" yaku="7,1" doraHai="93" who="2" fromWho="0" sc="289,-13,134,0,240,33,317,0" /><INIT seed="4,0,0,0,2,105" ten="276,134,273,317" oya="0" hai0="62,130,127,126,114,76,92,87,96,50,21,86,118" hai1="6,125,38,45,25,91,31,63,37,17,123,121,27" hai2="67,131,132,100,93,46,43,72,14,110,47,95,79" hai3="69,34,119,55,129,97,61,39,102,98,84,3,8"/><T107/><D118/><U1/><E125/><N who="0" m="47625" /><D62/><U66/><E17/><V4/><F110/><W135/><G119/><T111/><D111/><U112/><E27/><V44/><F43/><W16/><G39/><T18/><D114/><U11/><E91/><V78/><F132/><W53/><G34/><T90/><D130/><U124/><E124/><V0/><F0/><W94/><G129/><T77/><D50/><U116/><E116/><V99/><F131/><W70/><G70/><T35/><D35/><U51/><E112/><V117/><F117/><W58/><G69/><T108/><D108/><U36/><E51/><V20/><F67/><W85/><G135/><T40/><D40/><U28/><E45/><V52/><F93/><N who="3" m="58671" /><G55/><T41/><D41/><U113/><E113/><V128/><F128/><W71/><G71/><T59/><D59/><U48/><E48/><V15/><F52/><W30/><G3/><T101/><D86/><U122/><REACH who="1" step="1"/><E25/><AGARI ba="0,0" hai="18,21,25,76,77,87,90,92,96,101,107" m="47625" machi="25" ten="30,1500,0" yaku="18,1" doraHai="105" who="0" fromWho="1" sc="276,15,134,-15,273,0,317,0" /><INIT seed="4,1,0,0,1,18" ten="291,119,273,317" oya="0" hai0="0,67,127,60,128,83,16,31,62,57,100,6,46" hai1="7,71,131,53,51,108,19,90,54,9,92,42,107" hai2="113,86,36,79,101,94,124,102,40,68,66,73,120" hai3="116,65,111,11,81,35,88,64,28,59,63,4,109"/><T49/><D127/><U14/><E107/><V118/><F94/><W80/><G116/><T97/><D128/><U24/><E108/><V3/><F86/><W47/><G65/><T27/><D83/><U43/><E71/><V41/><F66/><W2/><G81/><T12/><D6/><U26/><E131/><V122/><F79/><W84/><REACH who="3" step="1"/><G47/><REACH who="3" ten="291,119,273,307" step="2"/><T13/><D46/><U132/><E132/><V114/><F118/><W39/><G39/><T55/><D67/><U72/><E72/><V58/><F36/><W45/><G45/><T135/><D135/><U89/><E54/><V93/><F73/><W5/><G5/><T119/><D119/><U52/><E53/><V117/><F117/><W95/><G95/><N who="0" m="58431" /><D0/><U76/><E76/><V50/><F3/><W103/><G103/><T15/><D31/><U99/><E90/><V21/><F102/><W134/><G134/><T123/><D123/><U25/><REACH who="1" step="1"/><E7/><REACH who="1" ten="291,109,273,307" step="2"/><V87/><F120/><W1/><G1/><T130/><D130/><U69/><E69/><V125/><F68/><W30/><G30/><T77/><D77/><U44/><AGARI ba="1,2" hai="9,14,19,24,25,26,42,43,44,51,52,89,92,99" machi="44" ten="30,7900,0" yaku="1,1,0,1,8,1,54,1,53,0" doraHai="18" doraHaiUra="82" who="1" fromWho="1" sc="291,-40,109,102,273,-21,307,-21" /><INIT seed="5,0,0,1,5,24" ten="251,211,252,286" oya="1" hai0="122,37,87,121,18,58,96,126,59,54,134,42,113" hai1="62,104,55,111,30,0,78,69,36,99,130,4,79" hai2="39,76,68,17,6,131,46,112,128,90,8,35,19" hai3="75,29,101,108,95,117,86,23,2,52,94,81,135"/><U9/><E36/><V109/><F109/><W66/><G2/><T107/><D113/><U71/><E130/><N who="2" m="49707" /><F68/><W77/><G108/><T102/><D126/><U70/><E111/><V93/><F76/><W40/><G135/><T51/><D134/><U98/><E30/><V97/><F35/><W49/><G40/><T85/><D58/><U114/><E114/><V22/><F112/><W31/><G75/><T91/><D18/><U120/><E120/><N who="0" m="46185" /><D91/><U124/><E124/><V43/><F22/><W5/><G117/><T60/><D37/><U56/><REACH who="1" step="1"/><E99/><REACH who="1" ten="251,201,252,286" step="2"/><V48/><F39/><W14/><G31/><T100/><D96/><U15/><E15/><AGARI ba="0,1" hai="6,8,15,17,19,43,46,48,90,93,97" m="49707" machi="15" ten="30,1000,0" yaku="19,1" doraHai="24" who="2" fromWho="1" sc="251,0,201,-10,252,20,286,0" /><INIT seed="6,0,0,1,5,51" ten="251,191,272,286" oya="2" hai0="46,65,59,30,2,11,105,119,26,54,112,99,48" hai1="13,38,101,124,116,102,90,40,113,10,53,45,49" hai2="135,25,67,0,18,94,36,61,131,75,6,57,8" hai3="1,28,103,134,95,58,76,78,117,39,109,89,133"/><V92/><F75/><W128/><G1/><T108/><D108/><U37/><E116/><V104/><F104/><W12/><G39/><T120/><D120/><U50/><E113/><V72/><F72/><W98/><G28/><T81/><D112/><U130/><E130/><V41/><F135/><N who="3" m="51723" /><G12/><T121/><D121/><U64/><E124/><V63/><F131/><W24/><G24/><T7/><D119/><U110/><E110/><V21/><F41/><W129/><G109/><T16/><D81/><U31/><E64/><V115/><F115/><W34/><G34/><T71/><D71/><U33/><E31/><V56/><REACH who="2" step="1"/><F36/><REACH who="2" ten="251,191,262,286" step="2"/><W86/><G117/><T83/><D105/><U82/><E38/><V5/><F5/><W96/><G129/><T62/><D7/><U107/><E107/><V87/><F87/><W84/><G84/><T3/><D99/><U100/><E37/><V15/><F15/><W79/><G128/><T27/><D2/><U118/><E118/><V9/><F9/><W22/><G96/><T29/><D3/><U74/><E74/><V127/><F127/><W85/><G85/><T20/><D11/><U69/><E13/><V123/><F123/><W19/><G86/><T114/><D114/><U73/><E10/><V17/><F17/><W122/><G19/><N who="0" m="12575" /><D83/><U111/><E111/><V35/><F35/><W66/><G122/><T70/><D16/><U60/><E33/><V97/><F97/><W47/><G22/><N who="0" m="15607" /><D30/><U14/><E14/><V80/><F80/><W132/><N who="3" m="51731" /><W88/><DORA hai="43" /><G98/><T106/><D106/><U44/><E73/><RYUUKYOKU ba="0,1" sc="251,15,191,-15,262,15,286,-15" hai0="46,48,54,59,62,65,70" hai2="0,6,8,18,21,25,56,57,61,63,67,92,94" /><INIT seed="6,1,1,4,5,123" ten="266,176,277,271" oya="2" hai0="62,110,19,83,54,95,82,10,2,18,48,26,12" hai1="51,109,49,96,27,76,46,52,68,122,13,25,61" hai2="14,133,44,5,65,56,101,89,8,86,0,41,75" hai3="87,17,40,106,7,113,135,3,132,79,47,108,72"/><V43/><F75/><W127/><G106/><T119/><D110/><U34/><E109/><V98/><F133/><N who="3" m="51275" /><G108/><T131/><D131/><U121/><E76/><V102/><F0/><W16/><G87/><T120/><D120/><N who="1" m="46187" /><E34/><V45/><F65/><W124/><G113/><T97/><D2/><U36/><E36/><V66/><F66/><W107/><G107/><T57/><D119/><U118/><E118/><V116/><F116/><W63/><G63/><T90/><D48/><U32/><E32/><V92/><F56/><W117/><G117/><T1/><D1/><U74/><E74/><V55/><F102/><W64/><G64/><T39/><D39/><U31/><E31/><V9/><F9/><N who="3" m="2303" /><G79/><T114/><D114/><U70/><E61/><V11/><F11/><W28/><G28/><T85/><D85/><U33/><E33/><V134/><F134/><W60/><G60/><T104/><D104/><U111/><E111/><V126/><F126/><N who="3" m="48171" /><G72/><T53/><D53/><N who="1" m="29879" /><E96/><V81/><F55/><W93/><G93/><T77/><D77/><U20/><E70/><V105/><F105/><W21/><G21/><AGARI ba="1,1" hai="10,12,18,19,21,26,54,57,62,82,83,90,95,97" machi="21" ten="40,5200,0" yaku="25,2,8,1" doraHai="123" who="0" fromWho="3" sc="266,65,176,0,277,0,271,-55" /><INIT seed="7,0,0,5,1,107" ten="331,176,277,216" oya="3" hai0="50,135,88,92,26,108,84,71,20,75,12,32,63" hai1="123,87,48,33,124,80,119,29,126,25,9,40,94" hai2="60,36,113,82,85,13,53,121,58,5,111,78,14" hai3="16,27,132,35,47,125,34,101,110,89,49,61,54"/><W1/><G1/><T103/><D108/><U28/><E123/><V91/><F111/><W21/><G125/><T129/><D75/><U70/><E70/><V86/><F36/><W120/><G120/><T97/><D129/><U95/><E29/><V130/><F113/><W64/><G132/><T106/><D135/><U10/><E40/><V128/><F121/><W7/><G110/><T31/><D50/><U8/><E48/><V116/><F116/><W22/><G7/><T62/><D71/><U42/><E42/><V37/><F37/><W65/><G101/><T19/><AGARI ba="0,0" hai="12,19,20,26,31,32,62,63,84,88,92,97,103,106" machi="19" ten="30,2000,0" yaku="0,1,54,1" doraHai="107" who="0" fromWho="0" sc="331,20,176,-5,277,-5,216,-10" owari="351,45.0,171,-33.0,272,7.0,206,-19.0" /></mjloggm>