<mjloggm ver="2.3"><GO type="97" lobby="0"/><UN n0="%E3%83%88%E3%83%88%E3%83%AA%E5%85%88%E7%94%9F%31%39%E6%AD%B3" n1="%E6%98%9F%E7%A9%BA%E3%81%AB%E8%AA%93%E3%81%86" n2="%E3%83%8F%E3%83%81%E3%83%96%E3%83%B3%E3%83%96%E3%83%B3" n3="%41%55%2D%CE%B1%36%30%37" dan="15,13,14,13" rate="2012.05,1837.45,1905.77,1943.83" sx="F,M,M,M"/><TAIKYOKU oya="0"/><INIT seed="0,0,0,4,4,118" ten="250,250,250,250" oya="0" hai0="18,0,76,17,65,84,48,4,78,107,98,100,83" hai1="31,72,54,22,30,8,113,91,33,85,27,36,41" hai2="15,42,115,89,71,49,129,16,111,66,116,58,128" hai3="135,51,38,60,124,67,81,64,13,103,68,10,46"/><T53/><D65/><U105/><E72/><V132/><F115/><W12/><G67/><T32/><D32/><U96/><E113/><V23/><F116/><W134/><G38/><T43/><D78/><U63/><E36/><V14/><F111/><W61/><G61/><T9/><REACH who="0" step="1"/><D43/><REACH who="0" ten="240,250,250,250" step="2"/><U90/><E105/><V56/><F42/><N who="3" m="25047" /><G124/><T122/><D122/><U131/><E41/><V94/><F71/><W119/><G119/><T120/><D120/><U87/><E131/><V133/><F66/><W44/><G68/><T45/><AGARI ba="0,1" hai="0,4,9,17,18,45,48,53,76,83,84,98,100,107" machi="45" ten="20,3900,0" yaku="1,1,0,1,7,1,53,0" doraHai="118" doraHaiUra="106" who="0" fromWho="0" sc="240,49,250,-13,250,-13,250,-13" /><INIT seed="0,1,0,3,2,120" ten="289,237,237,237" oya="0" hai0="78,121,60,84,28,19,42,8,82,128,131,5,115" hai1="101,132,53,33,38,17,54,66,68,56,51,106,63" hai2="49,52,87,110,93,127,135,81,83,67,130,37,12" hai3="88,16,122,7,36,62,1,13,27,123,25,72,125"/><T43/><D121/><N who="3" m="46089" /><G72/><T119/><D115/><U47/><E132/><V118/><F135/><W96/><G36/><T55/><D119/><U39/><E33/><V134/><F134/><W58/><G125/><T0/><D28/><U73/><E17/><V50/><F37/><N who="1" m="13833" /><E73/><V99/><F127/><W4/><G1/><T3/><D3/><U24/><E24/><V2/><F2/><W21/><G27/><T74/><D74/><U34/><E34/><V35/><F35/><W129/><G129/><N who="0" m="49739" /><D19/><U29/><E29/><V20/><F130/><W91/><G13/><T64/><D55/><N who="1" m="30207" /><E101/><V97/><F67/><N who="3" m="39383" /><G96/><T116/><D116/><U85/><E85/><V92/><F93/><W31/><G31/><T100/><D100/><U48/><E106/><V46/><F97/><W26/><G26/><T65/><D65/><N who="1" m="41023" /><E48/><V109/><F118/><W15/><G15/><T71/><AGARI ba="1,0" hai="0,5,8,42,43,60,64,71,78,82,84" m="49739" machi="71" ten="30,1500,0" yaku="19,1" doraHai="120" who="0" fromWho="0" sc="289,18,237,-6,237,-6,237,-6" /><INIT seed="0,2,0,5,3,15" ten="307,231,231,231" oya="0" hai0="123,81,114,50,99,86,131,30,25,26,36,14,23" hai1="85,80,24,0,38,45,68,117,75,3,29,103,89" hai2="76,20,63,42,17,11,71,6,94,118,35,122,40" hai3="64,110,87,105,31,113,109,60,134,61,97,133,120"/><T90/><D114/><U65/><E117/><V88/><F122/><W32/><G120/><T10/><D123/><U72/><E103/><V107/><F35/><W54/><G113/><T18/><D36/><U115/><E115/><V125/><F107/><W13/><G13/><T126/><D131/><U119/><E119/><V95/><F118/><W93/><G54/><T34/><D126/><U2/><E65/><V55/><F76/><W5/><G5/><T96/><REACH who="0" step="1"/><D50/><REACH who="0" ten="297,231,231,231" step="2"/><U53/><E68/><V1/><F125/><W135/><G61/><T7/><AGARI ba="2,1" hai="7,10,14,18,23,25,26,30,34,81,86,90,96,99" machi="7" ten="20,12000,1" yaku="1,1,2,1,0,1,7,1,52,1,53,0" doraHai="15" doraHaiUra="56" who="0" fromWho="0" sc="297,136,231,-42,231,-42,231,-42" /><INIT seed="0,3,0,4,5,32" ten="433,189,189,189" oya="0" hai0="13,126,102,118,66,108,109,43,58,18,92,113,11" hai1="40,38,107,36,131,5,47,111,82,61,116,34,85" hai2="9,70,1,48,90,10,21,86,2,39,106,103,44" hai3="80,127,29,22,81,4,71,112,135,95,94,87,101"/><T125/><D113/><U64/><E116/><V33/><F33/><W93/><G71/><T49/><D118/><U104/><E131/><V27/><F39/><W35/><G35/><T130/><D130/><U105/><E38/><V60/><F106/><W20/><G112/><T129/><D129/><U12/><E111/><N who="0" m="42569" /><D66/><U30/><E30/><V63/><F103/><W84/><G101/><T65/><D65/><U53/><E34/><V52/><F10/><W133/><G4/><T76/><D76/><U67/><E67/><V75/><F75/><W96/><G96/><N who="0" m="59655" /><D58/><U23/><E53/><V88/><F70/><W28/><G93/><T17/><D17/><U62/><E62/><V19/><F9/><W31/><REACH who="3" step="1"/><G31/><REACH who="3" ten="433,189,189,179" step="2"/><T100/><D100/><U45/><E5/><V91/><REACH who="2" step="1"/><F86/><REACH who="2" ten="433,189,179,179" step="2"/><W120/><G120/><T6/><D6/><U15/><E107/><V134/><F134/><W25/><G25/><T98/><D98/><U128/><E105/><V124/><F124/><AGARI ba="3,2" hai="20,22,28,29,80,81,84,87,94,95,124,127,133,135" machi="124" ten="25,3200,0" yaku="1,1,22,2,53,0" doraHai="32" doraHaiUra="50" who="3" fromWho="2" sc="433,0,189,0,179,-41,179,61" /><INIT seed="1,0,0,2,1,114" ten="433,189,138,240" oya="1" hai0="129,58,36,101,11,41,96,2,115,28,30,78,121" hai1="116,42,31,85,124,90,113,19,59,25,54,38,99" hai2="60,21,120,108,82,70,69,56,111,40,133,20,50" hai3="79,84,4,75,34,100,13,95,27,45,77,14,17"/><U130/><E116/><V46/><F120/><W112/><G112/><T71/><D115/><U103/><E113/><V7/><F7/><W72/><G72/><T131/><D71/><N who="2" m="27146" /><F82/><W97/><G75/><T32/><D121/><U68/><E68/><V134/><F21/><W86/><G45/><N who="0" m="23719" /><D32/><U62/><E130/><N who="0" m="49673" /><D78/><N who="3" m="29705" /><G34/><T52/><D11/><U22/><E124/><V126/><F20/><N who="3" m="13711" /><G4/><T76/><D76/><U119/><E119/><V107/><F107/><W87/><AGARI ba="0,0" hai="13,14,84,86,87,95,97,100" m="13711,29705" machi="87" ten="30,1100,0" yaku="8,1" doraHai="114" who="3" fromWho="3" sc="433,-3,189,-5,138,-3,240,11" /><INIT seed="2,0,0,4,4,80" ten="430,184,135,251" oya="2" hai0="87,131,102,95,33,120,18,59,135,134,38,114,118" hai1="30,78,43,124,71,57,93,68,60,3,40,39,28" hai2="126,110,14,21,83,81,22,91,27,109,31,62,44" hai3="69,82,7,72,67,25,112,79,42,99,49,26,4"/><V36/><F126/><W63/><G112/><T41/><D114/><U46/><E3/><V125/><F125/><W1/><G99/><T24/><D120/><U29/><E43/><N who="2" m="22631" /><F62/><W8/><G7/><T100/><D118/><U115/><E115/><V132/><F132/><W111/><G111/><N who="2" m="42505" /><F91/><W64/><G64/><T65/><D131/><U0/><E0/><V106/><F106/><W10/><G10/><T86/><D41/><U23/><E124/><V116/><F116/><W52/><G42/><T12/><D38/><U56/><E78/><V107/><F107/><W34/><REACH who="3" step="1"/><G34/><REACH who="3" ten="430,184,135,241" step="2"/><T47/><D65/><U103/><E68/><V32/><F32/><W54/><G54/><T90/><D33/><U17/><E93/><V45/><F45/><AGARI ba="0,1" hai="1,4,8,25,26,45,49,52,63,67,69,72,79,82" machi="45" ten="30,7700,0" yaku="1,1,7,1,54,1,53,1" doraHai="80" doraHaiUra="105" who="3" fromWho="2" sc="430,0,184,0,135,-77,241,87" /><INIT seed="3,0,0,4,4,101" ten="430,184,58,328" oya="3" hai0="55,84,86,36,124,108,43,113,134,73,17,8,27" hai1="41,54,26,71,119,68,20,99,19,16,58,106,60" hai2="133,28,94,30,45,9,7,69,90,44,70,1,65" hai3="103,59,49,39,82,40,72,81,91,66,15,77,5"/><W52/><G103/><T85/><D73/><U135/><E119/><V117/><F117/><W62/><G91/><T102/><D108/><U122/><E122/><V64/><F133/><W78/><G5/><T56/><D134/><U12/><E135/><V118/><F118/><W38/><G40/><T42/><D36/><U67/><E41/><N who="0" m="15369" /><D124/><U25/><E25/><V105/><F94/><W111/><G15/><N who="0" m="7399" /><D113/><U35/><E35/><V96/><F9/><W128/><G128/><T57/><D102/><U14/><E26/><V23/><F23/><W31/><G31/><T130/><D130/><U127/><E127/><V29/><F90/><W95/><G95/><T10/><D10/><U37/><E37/><V13/><F13/><W2/><G2/><T6/><D6/><U46/><E106/><V88/><F88/><W104/><G104/><T4/><D4/><U112/><E99/><V22/><F22/><W121/><G121/><T110/><D110/><U53/><E112/><V120/><F120/><W126/><G126/><T83/><D27/><U109/><E109/><V87/><F87/><N who="0" m="33354" /><D55/><U76/><E76/><AGARI ba="0,0" hai="56,57,76,83,86" m="33354,7399,15369" machi="76" ten="30,1000,0" yaku="8,1" doraHai="101" who="0" fromWho="1" sc="430,10,184,-10,58,0,328,0" owari="440,54.0,174,-23.0,58,-44.0,328,13.0" /></mjloggm>