<mjloggm ver="2.3"><GO type="41" lobby="0"/><UN n0="%E5%B0%B1%E6%B4%BB%E7%94%9F%40%E5%B7%9D%E6%9D%91%E8%BB%8D%E5%9B%A3" n1="%E7%A9%B4%E8%B0%B7%E3%81%AF%E3%82%80" n2="%E9%9D%92%E3%81%84%E7%8D%85%E5%AD%90" n3="%E5%85%AB%E5%88%87%E6%AD%A2%E5%A4%AB%E2%98%85" dan="15,13,13,15" rate="2013.54,1895.28,1908.10,1995.42" sx="M,M,M,M"/><TAIKYOKU oya="0"/><INIT seed="0,0,0,5,1,76" ten="250,250,250,250" oya="0" hai0="86,134,114,93,85,122,4,92,32,21,72,90,131" hai1="0,64,7,101,71,124,25,127,51,75,120,29,108" hai2="52,82,113,133,13,59,31,78,66,74,53,36,55" hai3="115,6,19,99,28,135,46,42,26,69,65,88,15"/><T81/><D32/><U95/><E75/><V91/><F113/><W47/><G69/><T63/><D122/><U18/><E120/><V61/><F36/><W12/><G115/><T94/><D114/><U23/><E108/><V16/><F31/><W102/><G65/><T54/><D72/><U44/><E64/><V103/><F103/><W17/><G135/><T105/><D105/><U68/><E7/><V5/><F5/><W80/><G6/><T121/><D121/><U109/><E29/><V112/><F112/><W116/><G116/><T1/><D134/><U20/><E20/><V73/><F133/><W34/><G12/><T100/><D131/><U50/><E0/><V125/><F125/><N who="1" m="48201" /><E51/><V27/><F27/><W87/><G15/><T98/><D1/><U110/><E110/><V96/><F74/><W119/><G119/><T123/><D123/><U83/><E83/><V43/><F43/><W79/><G79/><N who="0" m="46271" /><D4/><U97/><E109/><V39/><F39/><W11/><G11/><T84/><D21/><U111/><E111/><V30/><F30/><W45/><REACH who="3" step="1"/><G42/><AGARI ba="0,0" hai="18,23,25,42,44,50,68,71,95,97,101" m="48201" machi="42" ten="30,1000,0" yaku="18,1" doraHai="76" who="1" fromWho="3" sc="250,0,250,10,250,0,250,-10" /><INIT seed="1,0,0,5,5,73" ten="250,260,250,240" oya="1" hai0="99,23,22,110,47,108,2,90,80,132,24,78,92" hai1="129,98,123,16,95,25,26,37,71,67,120,112,51" hai2="68,130,128,121,41,76,31,13,57,74,10,30,27" hai3="49,114,9,44,7,36,109,54,64,19,133,11,33"/><U117/><E37/><V81/><F68/><W45/><G33/><T48/><D2/><U34/><E112/><V100/><F121/><W72/><G72/><T127/><D127/><U4/><E117/><V58/><F100/><W28/><G114/><T97/><D132/><U62/><E4/><V8/><F41/><W5/><G133/><T12/><D12/><U101/><E129/><N who="2" m="49771" /><F10/><W3/><G28/><N who="2" m="10793" /><F27/><W6/><G109/><N who="0" m="42091" /><D99/><U55/><E34/><V113/><F113/><W69/><G64/><T0/><D0/><U59/><REACH who="1" step="1"/><E26/><REACH who="1" ten="250,250,250,240" step="2"/><V20/><F20/><AGARI ba="0,1" hai="16,20,25,51,55,59,62,67,71,95,98,101,120,123" machi="20" ten="40,12000,1" yaku="1,1,2,1,54,1,53,1" doraHai="73" doraHaiUra="93" who="1" fromWho="2" sc="250,0,250,130,250,-120,240,0" /><INIT seed="1,1,0,2,3,106" ten="250,380,130,240" oya="1" hai0="76,27,98,86,124,24,39,42,29,41,67,71,36" hai1="125,73,19,14,49,12,63,25,33,48,117,74,101" hai2="115,122,60,9,99,96,16,75,85,8,126,30,130" hai3="31,97,10,132,113,62,88,15,59,68,84,100,44"/><U70/><E117/><V50/><F122/><W80/><G68/><T53/><D124/><U118/><E125/><V123/><F123/><W72/><G132/><T66/><D98/><U18/><E101/><V47/><F126/><W95/><G113/><T79/><D86/><U7/><E7/><V78/><F115/><W129/><G129/><T32/><D29/><U6/><E6/><V1/><F30/><W133/><G133/><T56/><D56/><U131/><E118/><V40/><F130/><W55/><G31/><T43/><D53/><U105/><E105/><V65/><F75/><W127/><G127/><T121/><D71/><U46/><E131/><V111/><F1/><W135/><G135/><T51/><D51/><U11/><E25/><N who="0" m="9801" /><D32/><U35/><E70/><V81/><F8/><W107/><G44/><T64/><D121/><U5/><E63/><V104/><F104/><W108/><G108/><T28/><D28/><U91/><E5/><V128/><F111/><W57/><G57/><T109/><D109/><U116/><E116/><V120/><F128/><W17/><G72/><T103/><D103/><U82/><E48/><V94/><F120/><W4/><G107/><T26/><N who="0" m="9809" /><T23/><DORA hai="21" /><D23/><N who="1" m="11719" /><E33/><V110/><F110/><W114/><G114/><T89/><D89/><U83/><E35/><V93/><F99/><W119/><G119/><T92/><D92/><U13/><E82/><V54/><F96/><W112/><G112/><T34/><D34/><U77/><E91/><V22/><F94/><W61/><G4/><T45/><D45/><U0/><E46/><RYUUKYOKU ba="1,0" sc="250,15,380,-15,130,-15,240,15" hai0="36,39,41,42,43,64,66,67,76,79" hai3="10,15,17,55,59,61,62,80,84,88,95,97,100" /><INIT seed="2,2,0,0,5,81" ten="265,365,115,255" oya="2" hai0="101,111,88,3,51,75,22,63,27,66,14,67,53" hai1="31,113,2,72,82,48,25,85,70,131,119,61,122" hai2="112,89,28,33,125,50,4,71,87,123,34,45,95" hai3="32,129,46,135,79,120,98,115,37,114,49,93,23"/><V13/><F71/><W116/><G32/><T96/><D3/><U30/><E113/><N who="3" m="43018" /><G120/><T110/><D75/><U55/><E119/><V99/><F112/><W6/><G6/><T105/><D14/><U58/><E72/><V12/><F123/><W16/><G116/><T68/><D67/><U29/><E2/><V1/><F125/><W107/><G79/><T108/><D88/><U54/><E131/><V134/><F134/><W133/><G107/><T18/><D51/><U77/><E122/><V91/><F1/><W124/><G37/><T15/><D15/><U97/><E97/><V80/><F28/><W64/><G64/><T8/><D53/><U76/><E76/><V19/><F13/><N who="3" m="9615" /><G129/><T65/><D65/><U21/><REACH who="1" step="1"/><E70/><REACH who="1" ten="265,355,115,255" step="2"/><V127/><F127/><W5/><G124/><T43/><D68/><U36/><E36/><V11/><REACH who="2" step="1"/><F4/><REACH who="2" ten="265,355,105,255" step="2"/><W62/><G5/><T132/><D108/><U128/><E128/><V40/><AGARI ba="2,2" hai="11,12,19,33,34,40,45,50,80,87,89,91,95,99" machi="40" ten="20,12000,1" yaku="1,1,2,1,0,1,7,1,52,1,53,0" doraHai="81" doraHaiUra="102" who="2" fromWho="2" sc="265,-42,355,-42,105,146,255,-42" /><INIT seed="2,3,0,5,2,16" ten="223,313,251,213" oya="2" hai0="23,131,99,69,113,127,26,100,12,87,90,68,2" hai1="118,28,89,133,76,96,43,31,134,57,112,85,101" hai2="91,38,77,53,40,105,70,29,50,45,81,54,22" hai3="49,73,122,37,108,95,107,30,116,74,72,14,19"/><V24/><F105/><W63/><G37/><T61/><D2/><U114/><E57/><V117/><F117/><W125/><G107/><T78/><D113/><N who="1" m="43627" /><E43/><V102/><F102/><W32/><G116/><T71/><D127/><U3/><E3/><V39/><F70/><W65/><G122/><T1/><D131/><U42/><E42/><V111/><F111/><W34/><G125/><T135/><D1/><U5/><E5/><V123/><F123/><W132/><G108/><T124/><D135/><N who="1" m="51723" /><E76/><V13/><F38/><W86/><G49/><T7/><D78/><U120/><E120/><V47/><F91/><W9/><G132/><T88/><D124/><U10/><E10/><V15/><F54/><W62/><G62/><T94/><D61/><U59/><E59/><V121/><REACH who="2" step="1"/><F121/><REACH who="2" ten="223,313,241,213" step="2"/><W36/><G36/><T115/><D115/><U129/><E118/><V44/><F44/><W55/><G55/><T64/><D64/><U46/><E46/><V79/><F79/><W51/><G65/><T4/><D90/><U98/><E129/><V35/><F35/><W103/><G32/><T8/><D100/><U58/><E101/><V126/><F126/><W119/><G103/><T0/><D71/><U21/><E89/><V6/><F6/><W20/><G34/><T25/><D69/><U18/><E58/><V48/><F48/><W110/><G51/><T104/><D68/><U84/><E96/><V130/><F130/><W128/><G128/><T67/><D67/><U17/><E98/><V41/><F41/><W109/><G110/><T82/><D104/><U66/><E66/><RYUUKYOKU ba="3,1" sc="223,-10,313,-10,241,30,213,-10" hai2="13,15,22,24,29,39,40,45,47,50,53,77,81" /><INIT seed="2,4,1,4,5,102" ten="213,303,271,203" oya="2" hai0="22,115,30,104,32,135,20,72,13,1,21,84,126" hai1="97,89,45,111,63,108,54,128,31,23,17,28,92" hai2="44,82,34,11,99,66,56,77,112,124,68,101,51" hai3="0,70,12,132,83,79,133,75,48,50,40,9,8"/><V4/><F112/><W109/><G70/><T33/><D72/><U3/><E3/><V119/><F119/><W105/><G0/><T29/><D104/><U120/><E128/><V58/><F34/><N who="0" m="13418" /><D84/><U100/><E100/><V74/><F124/><W39/><G39/><T43/><D43/><U134/><E134/><V73/><F74/><W25/><G109/><N who="1" m="42058" /><E120/><V49/><F49/><W110/><G110/><T18/><D115/><U114/><E114/><V10/><F68/><W117/><G117/><T64/><D64/><U52/><E45/><V57/><F4/><W94/><G94/><T35/><D135/><U65/><E65/><V122/><F122/><W93/><G93/><T127/><D1/><U91/><E91/><V81/><F81/><W62/><G83/><T78/><D78/><U24/><E54/><V15/><F66/><W6/><G40/><T107/><D107/><U59/><AGARI ba="4,1" hai="17,23,24,28,31,52,59,63,89,92,97" m="42058" machi="59" ten="30,4000,0" yaku="25,1,14,1,54,1" doraHai="102" who="1" fromWho="1" sc="213,-14,303,62,271,-24,203,-14" /><INIT seed="3,0,0,3,0,36" ten="199,365,247,189" oya="3" hai0="63,30,113,115,12,7,123,120,6,129,127,23,38" hai1="125,0,91,10,48,130,81,21,3,46,83,93,95" hai2="75,68,64,106,61,55,96,109,69,105,19,5,128" hai3="66,34,40,89,94,17,8,58,67,15,59,54,111"/><W33/><G33/><T102/><D38/><U114/><E114/><N who="0" m="43529" /><D102/><U86/><E125/><V71/><F19/><W90/><G34/><T18/><D63/><U45/><E130/><V35/><F5/><N who="0" m="1546" /><D127/><U87/><E10/><V29/><F55/><W49/><G111/><T78/><D78/><U124/><E21/><V50/><F50/><W122/><G122/><N who="0" m="46635" /><D30/><U85/><E124/><V84/><F84/><N who="3" m="52519" /><G90/><T13/><D129/><U77/><E87/><V104/><F109/><W99/><G99/><T51/><D51/><U88/><E77/><V72/><F128/><W20/><G59/><T76/><D76/><U1/><E1/><V14/><F14/><AGARI ba="0,0" hai="12,13,14,18,23" m="46635,1546,43529" machi="14" ten="40,5200,0" yaku="11,1,34,2" doraHai="36" who="0" fromWho="2" sc="199,52,365,0,247,-52,189,0" /><INIT seed="4,0,0,0,0,22" ten="251,365,195,189" oya="0" hai0="88,40,33,3,62,47,13,21,92,86,16,9,79" hai1="20,134,56,80,46,7,129,100,61,107,73,27,71" hai2="83,34,69,108,89,41,98,17,131,12,133,0,63" hai3="57,6,59,128,24,55,123,113,68,105,26,30,90"/><T49/><D33/><U14/><E71/><V65/><F34/><W101/><G68/><T39/><D79/><U120/><E120/><V51/><F0/><W77/><G30/><T81/><D62/><U116/><E116/><V18/><F108/><W15/><G105/><T126/><D126/><U45/><E129/><V95/><F133/><W31/><G31/><T135/><D135/><U110/><E110/><V38/><F38/><W1/><G1/><T84/><D3/><U111/><E111/><V35/><F35/><W28/><G28/><T104/><D104/><U67/><E134/><V78/><F131/><W52/><G128/><T130/><D130/><U94/><E107/><V74/><F12/><W132/><G101/><T70/><D70/><U125/><E125/><V42/><F42/><W36/><G36/><T48/><REACH who="0" step="1"/><D9/><REACH who="0" ten="241,365,195,189" step="2"/><N who="1" m="4415" /><E73/><V124/><F124/><W75/><G77/><T119/><D119/><U109/><E109/><V44/><AGARI ba="0,1" hai="17,18,41,44,51,63,65,69,74,78,83,89,95,98" machi="44" ten="30,1100,0" yaku="0,1" doraHai="22" who="2" fromWho="2" sc="241,-5,365,-3,195,21,189,-3" /><INIT seed="5,0,0,3,4,60" ten="236,362,216,186" oya="1" hai0="89,16,58,44,131,35,73,51,75,2,129,62,56" hai1="70,49,20,87,125,19,52,45,83,86,25,53,67" hai2="110,65,6,79,64,118,80,126,122,61,57,33,92" hai3="99,101,63,24,11,38,29,9,30,97,119,74,108"/><U28/><E125/><V8/><F33/><W115/><G38/><T94/><D35/><U68/><E86/><V50/><F118/><W133/><G63/><T48/><D2/><U31/><E53/><V27/><F122/><W14/><G14/><T124/><D124/><U82/><E83/><V132/><F126/><W102/><G24/><T5/><D5/><U85/><E85/><V123/><F123/><W42/><G42/><N who="0" m="24599" /><D51/><U47/><E47/><V105/><F105/><W41/><G41/><T23/><D73/><U84/><E84/><N who="2" m="48159" /><F110/><W54/><G74/><T134/><D75/><U37/><E37/><V18/><F132/><W100/><G54/><N who="0" m="34071" /><D58/><U15/><E28/><V72/><F50/><W121/><G121/><T21/><D134/><U95/><E95/><V59/><F72/><W4/><G133/><T3/><D3/><U91/><REACH who="1" step="1"/><E67/><REACH who="1" ten="236,352,216,186" step="2"/><N who="2" m="39343" /><F92/><W17/><G29/><T81/><D81/><U1/><E1/><V55/><F55/><W71/><G30/><T109/><D94/><U128/><E128/><V135/><F135/><W107/><G101/><T39/><D39/><U98/><E98/><V127/><F127/><W10/><G102/><T36/><D36/><U104/><E104/><V32/><F64/><W46/><G100/><T90/><D131/><U120/><E120/><V130/><F65/><W116/><G107/><T114/><D129/><U96/><E96/><V93/><F130/><W7/><G99/><T103/><D103/><U34/><AGARI ba="0,1" hai="15,19,20,25,31,34,45,49,52,68,70,82,87,91" machi="34" ten="20,12000,1" yaku="1,1,0,1,7,1,54,1,53,1" doraHai="60" doraHaiUra="13" who="1" fromWho="1" sc="236,-40,352,130,216,-40,186,-40" /><INIT seed="5,1,0,4,4,41" ten="196,482,176,146" oya="1" hai0="1,121,73,19,92,117,128,95,2,64,68,37,100" hai1="70,126,54,9,83,80,82,79,42,40,47,85,97" hai2="76,131,108,120,104,14,77,56,18,103,71,53,46" hai3="123,81,12,93,27,45,129,94,135,5,110,62,78"/><U20/><E70/><V98/><F71/><W63/><G27/><T50/><D37/><U38/><E126/><V107/><F120/><W15/><G123/><T112/><D73/><U11/><E38/><V91/><F108/><W75/><G110/><T10/><D117/><U101/><E20/><V8/><F131/><W66/><G129/><T99/><D121/><U30/><E30/><V51/><F107/><W4/><G135/><T33/><D33/><U32/><E32/><V60/><REACH who="2" step="1"/><F91/><REACH who="2" ten="196,482,166,146" step="2"/><W0/><G0/><T57/><D2/><U88/><E88/><V130/><F130/><W23/><G75/><T34/><D68/><U26/><E79/><V28/><F28/><W114/><G78/><T39/><D1/><U125/><E125/><V105/><F105/><W102/><G102/><T25/><D128/><U96/><E101/><V16/><F16/><W134/><G134/><T7/><D19/><U127/><E127/><V72/><F72/><W6/><G6/><T87/><D7/><U115/><E115/><V133/><F133/><W58/><G114/><T113/><D112/><U65/><E11/><V43/><AGARI ba="1,1" hai="8,14,18,43,46,51,53,56,60,76,77,98,103,104" machi="43" ten="20,5200,0" yaku="1,1,0,1,7,1,52,1,53,0" doraHai="41" doraHaiUra="86" who="2" fromWho="2" sc="196,-14,482,-27,166,65,146,-14" /><INIT seed="6,0,0,2,4,105" ten="182,455,231,132" oya="2" hai0="85,110,61,93,41,59,73,107,104,21,45,77,33" hai1="121,99,132,87,92,123,49,68,64,109,128,6,37" hai2="120,55,124,29,9,86,0,23,27,80,10,96,83" hai3="82,98,101,35,28,65,114,78,39,106,22,70,116"/><V50/><F120/><N who="1" m="46153" /><E37/><V42/><F124/><W3/><G22/><T102/><D33/><U129/><E109/><V19/><F42/><W122/><G122/><T47/><D73/><U125/><E132/><V111/><F111/><W48/><G48/><T16/><D110/><U112/><E112/><V57/><F96/><W7/><G114/><T131/><D131/><U126/><E87/><V76/><F0/><W40/><G116/><T89/><D77/><U74/><E74/><V15/><F83/><W63/><G82/><T84/><D102/><N who="1" m="60775" /><E6/><V43/><REACH who="2" step="1"/><F43/><REACH who="2" ten="182,455,221,132" step="2"/><W54/><G40/><T24/><D107/><U67/><E126/><V58/><F58/><W117/><G117/><T127/><D104/><U62/><E125/><V91/><F91/><W135/><G78/><T94/><D127/><U95/><E128/><V79/><F79/><W118/><G118/><T81/><D41/><U4/><E129/><V32/><AGARI ba="0,1" hai="9,10,15,19,23,27,29,32,50,55,57,76,80,86" machi="32" ten="20,3900,0" yaku="1,1,0,1,7,1,53,0" doraHai="105" doraHaiUra="115" who="2" fromWho="2" sc="182,-13,455,-13,221,49,132,-13" /><INIT seed="6,1,0,1,2,107" ten="169,442,270,119" oya="2" hai0="70,4,86,88,33,72,111,55,49,90,8,47,120" hai1="105,129,80,19,36,125,13,46,122,43,123,100,91" hai2="39,126,10,134,5,98,132,52,11,93,58,95,135" hai3="23,9,34,104,97,85,114,12,57,103,27,128,77"/><V18/><F39/><W31/><G57/><T108/><D120/><N who="1" m="46123" /><E125/><V71/><F71/><W56/><G128/><T16/><D33/><U35/><E35/><V40/><F40/><W127/><G127/><T14/><D70/><U115/><E115/><V89/><F126/><W21/><G114/><T38/><D72/><U1/><E1/><V6/><F95/><W92/><G56/><T61/><D61/><U54/><E129/><V20/><F5/><W81/><G104/><T119/><D38/><U50/><E100/><V79/><F79/><W28/><G28/><T22/><D119/><U66/><E66/><V69/><F69/><W63/><G63/><T101/><D101/><U133/><E133/><V102/><F6/><AGARI ba="1,0" hai="6,9,12,21,23,27,31,34,77,81,85,92,97,103" machi="6" ten="30,1000,0" yaku="7,1" doraHai="107" who="3" fromWho="2" sc="169,0,442,0,270,-13,119,13" /><INIT seed="7,0,0,1,5,61" ten="169,442,257,132" oya="3" hai0="48,113,21,116,3,90,13,82,35,66,18,71,7" hai1="42,106,115,93,62,121,57,120,51,112,15,60,47" hai2="32,59,56,110,45,34,134,133,81,69,49,9,68" hai3="98,124,64,127,5,22,88,8,125,96,117,67,97"/><W132/><G22/><T19/><D116/><U109/><E106/><V99/><F110/><W17/><G117/><T26/><D113/><N who="1" m="43595" /><E109/><V53/><F99/><W16/><G88/><T4/><D35/><N who="2" m="13354" /><F81/><W12/><G132/><N who="2" m="50793" /><F9/><W33/><G33/><T86/><D3/><U79/><E79/><V73/><F73/><W119/><G119/><T63/><D48/><U11/><E93/><V0/><F0/><W41/><G41/><T65/><D65/><AGARI ba="0,0" hai="5,8,12,16,17,64,65,67,96,97,98,124,125,127" machi="65" ten="50,12000,1" yaku="18,1,52,3,54,1" doraHai="61" who="3" fromWho="0" sc="169,-120,442,0,257,0,132,120" /><INIT seed="7,1,0,1,4,66" ten="49,442,257,252" oya="3" hai0="25,102,12,3,118,115,15,74,46,94,38,71,4" hai1="21,61,50,119,98,8,73,13,28,114,43,112,110" hai2="97,45,63,18,101,83,122,47,89,82,17,88,78" hai3="100,120,123,85,92,96,95,20,76,14,105,121,117"/><W129/><G20/><T37/><D118/><U72/><E110/><V36/><F122/><W35/><G14/><T106/><D115/><N who="1" m="44075" /><E98/><V9/><F63/><W64/><G64/><T84/><D106/><U30/><E61/><V54/><F83/><N who="3" m="47335" /><G35/><T77/><D74/><N who="1" m="28779" /><E21/><V29/><F29/><W33/><G33/><T134/><D134/><U55/><E43/><V128/><F36/><W113/><G117/><T111/><D111/><U87/><E87/><N who="2" m="48599" /><F128/><W49/><G49/><T131/><D131/><U57/><E119/><V68/><F68/><W60/><G60/><T108/><D108/><U22/><E22/><V124/><F124/><W107/><G113/><T44/><D25/><U116/><E116/><V27/><F27/><W90/><G129/><T133/><D133/><U79/><E30/><V5/><F5/><W51/><G51/><T59/><D84/><AGARI ba="1,0" hai="84,90,92,95,96,100,105,107,120,121,123" m="47335" machi="84" ten="30,2900,0" yaku="34,2" doraHai="66" who="3" fromWho="0" sc="49,-32,442,0,257,0,252,32" /><INIT seed="7,2,0,0,4,122" ten="17,442,257,284" oya="3" hai0="26,63,75,30,95,62,115,12,2,56,86,32,110" hai1="28,5,99,9,13,133,25,53,10,78,67,68,35" hai2="14,16,131,59,0,109,39,121,52,20,29,40,23" hai3="19,114,101,3,102,113,123,37,84,15,117,27,77"/><W38/><G3/><T11/><D75/><U130/><E130/><V4/><F121/><W74/><G74/><T132/><D95/><U33/><E133/><V89/><F131/><W82/><G123/><T135/><D86/><U94/><E78/><V96/><F39/><W129/><G117/><T106/><D56/><U92/><E33/><V6/><F40/><W64/><G64/><T17/><D63/><U128/><E128/><V8/><F109/><W51/><G129/><T58/><D58/><U24/><E24/><N who="2" m="16543" /><F0/><W127/><G127/><T108/><D62/><U31/><E53/><V45/><F45/><W73/><G73/><T7/><D106/><U1/><E92/><N who="2" m="56335" /><F8/><W111/><G27/><T57/><D57/><U41/><E28/><V91/><F91/><W18/><G51/><AGARI ba="2,0" hai="4,6,14,16,20,51,52,59" m="56335,16543" machi="51" ten="30,3900,0" yaku="8,1,54,2" doraHai="122" who="2" fromWho="3" sc="17,0,442,0,257,45,284,-45" owari="17,-48.0,442,54.0,302,10.0,239,-16.0" /></mjloggm>