<mjloggm ver="2.3"><GO type="41" lobby="0"/><UN n0="%E5%B0%B1%E6%B4%BB%E7%94%9F%40%E5%B7%9D%E6%9D%91%E8%BB%8D%E5%9B%A3" n1="%E3%81%BE%E3%81%A3%E3%81%8F%E3%81%84%E3%83%BC%E3%82%93" n2="%30%38%39%34%33%31%39%74" n3="%52%6F%78%61%73%2E" dan="16,13,13,13" rate="2135.66,1895.01,1808.48,1858.48" sx="M,M,M,F"/><TAIKYOKU oya="0"/><INIT seed="0,0,0,4,0,51" ten="250,250,250,250" oya="0" hai0="30,0,122,112,10,4,126,69,2,125,92,133,37" hai1="72,36,85,94,110,95,77,135,103,43,129,70,74" hai2="114,17,88,123,52,105,121,25,99,22,63,16,15" hai3="83,124,54,5,75,80,26,11,55,79,93,67,134"/><T113/><D69/><U107/><E70/><V62/><F114/><N who="0" m="44138" /><D37/><U97/><E43/><V73/><F73/><N who="1" m="28265" /><E36/><V60/><F121/><W89/><G67/><T108/><D92/><U49/><E49/><V39/><F39/><W20/><G134/><T118/><D122/><U115/><E135/><V128/><F105/><W14/><G80/><T104/><D104/><U61/><E61/><N who="2" m="23659" /><F128/><W132/><G132/><T7/><D133/><U71/><E71/><V86/><F123/><W1/><G1/><N who="0" m="619" /><D118/><U131/><E115/><V120/><F120/><W82/><G82/><T38/><D38/><U58/><E110/><V47/><F99/><W50/><G50/><T76/><D76/><U42/><E42/><V98/><F98/><W64/><G64/><T111/><D30/><U41/><E41/><V119/><F119/><W24/><G24/><T101/><D101/><U44/><E44/><V84/><F88/><W90/><G90/><T127/><D10/><U33/><E58/><N who="2" m="35271" /><F47/><W57/><G57/><T28/><D28/><U9/><E9/><AGARI ba="0,0" hai="9,15,16,17,22,25,84,86" m="35271,23659" machi="9" ten="30,7700,0" yaku="8,1,52,1,54,2" doraHai="51" who="2" fromWho="1" sc="250,0,250,-77,250,77,250,0" /><INIT seed="1,0,0,5,3,43" ten="250,173,327,250" oya="1" hai0="105,32,10,5,113,75,119,85,133,114,37,121,46" hai1="102,13,82,124,39,98,110,117,44,26,88,65,64" hai2="77,87,126,29,62,127,68,101,8,20,35,23,115" hai3="53,71,58,76,125,90,17,11,27,16,94,86,135"/><U116/><E124/><N who="2" m="47659" /><F101/><W91/><G71/><T21/><D32/><U96/><E26/><N who="2" m="18871" /><F115/><W34/><G135/><T95/><D105/><U50/><E39/><V7/><F77/><W54/><G76/><T107/><D107/><U74/><E110/><V72/><F72/><W33/><G91/><T89/><D75/><U130/><E74/><V12/><F87/><W129/><G129/><T30/><D119/><U18/><E117/><V103/><F103/><W9/><G54/><T80/><D133/><U99/><E130/><V109/><F109/><W79/><G79/><T120/><D21/><N who="2" m="8266" /><F62/><W47/><G125/><T106/><D30/><U45/><E116/><V100/><F100/><W134/><G86/><T108/><D106/><U51/><E51/><V31/><F68/><W122/><G34/><T83/><D108/><U78/><E50/><V22/><N who="2" m="8274" /><V57/><DORA hai="112" /><F57/><W118/><G58/><T93/><D114/><U55/><E55/><V14/><F31/><W52/><G53/><T104/><D104/><U49/><E49/><V40/><F40/><W66/><G52/><T111/><D111/><U0/><E102/><V61/><F61/><W24/><G118/><T60/><D60/><U123/><E78/><V59/><F59/><W42/><G42/><N who="0" m="22863" /><D113/><U3/><E82/><N who="0" m="31273" /><D93/><N who="1" m="56359" /><E98/><V15/><AGARI ba="0,0" hai="7,8,12,14,15" m="8274,18871,47659" machi="15" ten="40,5200,0" yaku="18,1,34,2" doraHai="43,112" who="2" fromWho="2" sc="250,-13,173,-26,327,52,250,-13" /><INIT seed="2,0,0,3,2,54" ten="237,147,379,237" oya="2" hai0="121,119,28,2,79,102,30,87,56,1,33,84,0" hai1="21,39,38,133,23,97,58,27,42,99,86,111,10" hai2="130,8,98,6,18,9,96,26,82,114,41,15,132" hai3="65,128,12,5,100,113,34,64,107,37,44,31,43"/><V125/><F114/><W94/><G107/><T129/><D121/><U45/><E133/><V120/><F120/><W61/><G61/><T93/><D119/><U52/><E111/><V71/><F71/><W66/><G128/><T36/><D36/><U72/><E72/><V32/><F132/><W73/><G73/><T20/><D33/><U117/><E38/><V14/><F130/><W81/><G81/><T118/><D118/><U60/><E117/><V7/><F125/><W55/><G55/><T4/><D4/><U101/><E10/><V89/><F41/><W106/><G106/><T109/><D109/><U91/><E101/><V95/><F82/><W48/><G37/><T35/><D35/><U29/><REACH who="1" step="1"/><E23/><REACH who="1" ten="237,137,379,237" step="2"/><N who="2" m="13687" /><F32/><W122/><G122/><T24/><D129/><U74/><E74/><V59/><F9/><W90/><G100/><T53/><D30/><U11/><E11/><V57/><F8/><W78/><G113/><T112/><D112/><U69/><E69/><V134/><F134/><W115/><G115/><T127/><D127/><U70/><E70/><V88/><F7/><W3/><G34/><T68/><D68/><U67/><E67/><V124/><F124/><W16/><G66/><T40/><D1/><U103/><E103/><V62/><F6/><W25/><G65/><T126/><D2/><U105/><E105/><V80/><F15/><W76/><G64/><T51/><D0/><U47/><E47/><V75/><F75/><W50/><G44/><N who="0" m="25991" /><D126/><U110/><E110/><V135/><F135/><W46/><G46/><T49/><D79/><U131/><E131/><RYUUKYOKU ba="0,1" sc="237,15,137,15,379,-15,237,-15" hai0="20,24,28,49,53,56,84,87,93,102" hai1="21,27,29,39,42,45,52,58,60,86,91,97,99" /><INIT seed="3,1,1,1,2,68" ten="252,152,364,222" oya="3" hai0="86,92,102,110,32,127,112,133,122,17,84,50,98" hai1="124,71,85,23,62,96,103,6,69,106,37,49,21" hai2="70,65,80,64,15,25,24,100,130,31,8,95,78" hai3="34,53,77,72,125,1,13,40,134,54,73,74,33"/><W52/><G1/><T9/><D32/><U121/><E121/><V48/><F130/><W79/><G134/><T119/><D122/><U38/><E49/><V76/><F48/><W123/><G123/><T41/><D119/><U18/><E6/><V5/><F70/><W117/><G117/><T131/><D131/><U128/><E128/><V91/><F100/><W87/><G40/><T82/><D133/><U135/><E135/><V120/><F25/><W118/><G118/><T129/><D129/><U126/><E85/><V55/><F78/><N who="3" m="29707" /><G87/><T20/><D127/><N who="1" m="48683" /><E23/><V88/><F55/><W56/><G56/><T89/><D112/><U104/><E104/><V107/><F107/><W101/><G125/><T105/><D110/><U19/><E19/><V115/><F120/><W30/><G101/><T44/><D9/><U59/><E69/><V83/><F115/><W0/><G0/><T58/><D58/><U94/><E106/><V75/><F91/><W60/><G13/><N who="0" m="9263" /><D105/><U109/><E71/><V35/><F83/><W45/><G45/><T29/><D86/><AGARI ba="1,1" hai="5,8,15,24,31,35,64,65,75,76,80,86,88,95" machi="86" ten="30,2000,0" yaku="7,1,54,1" doraHai="68" who="2" fromWho="0" sc="252,-23,152,0,364,33,222,0" /><INIT seed="4,0,0,0,3,88" ten="229,152,397,222" oya="0" hai0="58,27,31,98,48,103,91,47,127,117,32,39,79" hai1="52,131,71,10,100,106,64,130,19,4,17,66,107" hai2="77,111,12,25,67,63,110,102,80,46,90,53,134" hai3="99,76,57,135,124,108,30,51,26,82,89,113,65"/><T56/><D117/><U60/><E66/><V112/><F134/><W95/><G108/><T128/><D39/><U14/><E100/><V38/><F112/><W92/><G135/><T78/><D127/><U97/><E97/><V44/><F102/><W24/><G124/><T109/><D128/><N who="1" m="49195" /><E107/><V83/><F25/><W15/><G95/><T62/><D109/><U35/><E35/><V21/><F90/><W104/><G104/><T16/><D91/><U105/><E105/><V54/><F83/><W73/><G15/><T45/><D45/><U49/><E106/><V74/><F12/><W129/><G129/><T68/><D68/><U8/><E10/><V118/><F118/><W3/><G3/><T75/><D75/><U13/><E13/><V28/><F46/><AGARI ba="0,0" hai="4,8,14,17,19,46,49,52,60,64,71" m="49195" machi="46" ten="30,2000,0" yaku="19,1,54,1" doraHai="88" who="1" fromWho="2" sc="229,0,152,20,397,-20,222,0" /><INIT seed="5,0,0,1,5,129" ten="229,172,377,222" oya="1" hai0="106,15,126,80,53,119,42,88,3,61,19,12,81" hai1="72,109,18,89,73,13,128,11,30,31,14,5,6" hai2="116,46,45,108,124,17,62,41,76,130,96,40,115" hai3="123,99,20,78,0,92,34,103,85,64,16,133,66"/><U90/><E128/><V36/><F17/><W117/><G123/><T125/><D3/><U59/><E109/><V131/><F96/><W86/><G34/><T28/><D106/><U23/><E72/><V93/><F93/><W87/><G117/><T114/><D42/><U54/><E73/><V134/><F76/><W63/><G0/><T33/><D119/><U105/><E105/><V2/><F2/><W98/><G98/><T56/><D114/><U26/><E89/><V91/><F91/><W67/><G133/><T4/><D4/><U74/><E90/><V121/><F116/><W24/><REACH who="3" step="1"/><G78/><REACH who="3" ten="229,172,377,212" step="2"/><T65/><D33/><U71/><E74/><V122/><F134/><W70/><AGARI ba="0,1" hai="16,20,24,63,64,66,67,70,85,86,87,92,99,103" machi="70" ten="30,7900,0" yaku="1,1,2,1,0,1,54,1,53,0" doraHai="129" doraHaiUra="68" who="3" fromWho="3" sc="229,-20,172,-39,377,-20,212,89" /><INIT seed="6,0,0,3,3,69" ten="209,133,357,301" oya="2" hai0="116,112,3,28,135,102,27,8,55,71,23,118,110" hai1="83,115,50,82,30,16,59,105,4,81,40,97,5" hai2="126,21,74,22,106,41,46,64,75,43,58,39,77" hai3="104,33,133,56,79,54,95,107,120,1,24,92,72"/><V6/><F106/><W42/><G1/><T48/><D71/><U84/><E30/><V125/><F6/><W11/><G120/><T131/><D110/><U14/><E115/><V122/><F122/><W7/><G42/><T76/><D76/><U132/><E132/><V62/><F43/><W18/><G92/><T12/><D102/><U123/><E123/><V38/><F77/><W52/><G54/><T114/><D135/><U124/><E124/><N who="2" m="47723" /><F21/><W49/><G95/><T19/><D131/><U29/><E29/><V32/><F32/><W10/><G10/><N who="0" m="6551" /><D48/><U130/><E130/><V98/><F22/><W36/><G36/><N who="2" m="13865" /><F98/><W134/><G134/><T103/><D23/><U2/><E2/><V66/><F66/><W73/><G73/><T65/><D65/><U128/><E105/><V91/><F91/><W67/><G67/><T127/><D3/><U111/><E97/><V20/><F20/><W85/><G72/><T57/><D8/><U113/><E128/><V129/><F129/><W44/><G133/><T93/><D127/><U17/><E40/><V117/><F117/><W90/><G79/><T13/><D118/><U121/><E4/><V45/><F45/><W61/><G7/><T35/><D116/><U63/><E5/><V96/><F96/><W78/><G78/><T37/><D114/><U87/><E113/><V9/><F9/><W94/><G11/><T26/><D112/><U0/><E121/><V60/><F60/><W31/><G18/><T47/><D35/><U99/><E17/><V80/><F80/><W86/><G85/><T109/><D37/><AGARI ba="0,0" hai="37,41,46,58,62,64,74,75" m="13865,47723" machi="37" ten="30,18000,2" yaku="6,1,18,1,52,4" doraHai="69" who="2" fromWho="0" sc="209,-180,133,0,357,180,301,0" /><INIT seed="6,1,0,4,0,20" ten="29,133,537,301" oya="2" hai0="48,106,130,0,53,2,18,116,83,74,39,51,105" hai1="103,12,69,7,60,71,61,98,17,104,4,86,129" hai2="37,19,6,30,78,109,85,90,100,49,14,134,3" hai3="26,34,122,97,111,10,135,82,40,24,93,77,81"/><V99/><F37/><W79/><G122/><T56/><D116/><U113/><E113/><V128/><F30/><W95/><G95/><T115/><D115/><U123/><E129/><V92/><F3/><W15/><G34/><T102/><D130/><U84/><E123/><V62/><F6/><W126/><G126/><T119/><D39/><U46/><E69/><V41/><F128/><W121/><G121/><T21/><D119/><U31/><E31/><V29/><F29/><W101/><G40/><T124/><D124/><U33/><E33/><V54/><F62/><W1/><G1/><T120/><D120/><U59/><E46/><V38/><F134/><W89/><G135/><T108/><D108/><U43/><E43/><V45/><F78/><N who="3" m="29707" /><G89/><T27/><D51/><U47/><E47/><V58/><F109/><W107/><G107/><T28/><D74/><U112/><E61/><V118/><F118/><W87/><G87/><T94/><D83/><N who="3" m="31753" /><G111/><T72/><D72/><U110/><E110/><V44/><F100/><W80/><N who="3" m="31761" /><W23/><DORA hai="13" /><G23/><T96/><D105/><U131/><E104/><V16/><F99/><W36/><G36/><T55/><D55/><U57/><E103/><V5/><F38/><W52/><G52/><T73/><D73/><U132/><E98/><V50/><F41/><W11/><G11/><T133/><D133/><U32/><E32/><V65/><F85/><W35/><G35/><T67/><D106/><U117/><E86/><V114/><F90/><W75/><G75/><T88/><D102/><U127/><E84/><V42/><F42/><RYUUKYOKU ba="1,0" sc="29,-10,133,-10,537,-10,301,30" hai3="10,15,24,26,93,97,101" /><INIT seed="7,2,0,3,3,8" ten="19,123,527,331" oya="3" hai0="42,101,3,57,61,55,28,56,126,13,111,85,79" hai1="52,113,96,108,18,124,121,20,49,91,67,5,103" hai2="100,19,68,95,97,44,24,116,11,77,37,118,130" hai3="76,92,38,132,105,29,94,93,81,123,64,6,86"/><W75/><G38/><T59/><D3/><U106/><E121/><V30/><F68/><W17/><G105/><T2/><D2/><U4/><E108/><V129/><F77/><W114/><G132/><T104/><D126/><U115/><E67/><V62/><F62/><W21/><G6/><T102/><D111/><U112/><E91/><V58/><F58/><W53/><G29/><T72/><D72/><U70/><E70/><V98/><F11/><W50/><G64/><T1/><D1/><U12/><E124/><V31/><F19/><W36/><G36/><T32/><D42/><U133/><E133/><V66/><F66/><W60/><G60/><T15/><D104/><U117/><E117/><V120/><F120/><W90/><G123/><T43/><D43/><U83/><E83/><V27/><F37/><W125/><G125/><T128/><D128/><N who="2" m="49258" /><F44/><AGARI ba="2,0" hai="4,5,12,18,20,44,49,52,96,103,106,112,113,115" machi="44" ten="40,5200,0" yaku="15,1,52,1,54,1" doraHai="8" who="1" fromWho="2" sc="19,0,123,58,527,-58,331,0" owari="19,-48.0,181,-22.0,469,57.0,331,13.0" /></mjloggm>