<mjloggm ver="2.3"><GO type="97" lobby="0"/><UN n0="%E8%BF%85%63%68%61%6E%E2%99%AA" n1="%E5%B0%B1%E6%B4%BB%E7%94%9F%40%E5%B7%9D%E6%9D%91%E8%BB%8D%E5%9B%A3" n2="%E3%81%8F%E3%81%A0%E3%81%8A" n3="%E2%98%85%4D%61%63%6B%79%E2%98%85" dan="13,14,14,13" rate="1878.01,1974.99,1934.44,1858.31" sx="M,M,M,M"/><TAIKYOKU oya="0"/><INIT seed="0,0,0,5,0,35" ten="250,250,250,250" oya="0" hai0="102,130,113,83,118,13,97,28,84,49,33,25,108" hai1="112,51,111,89,70,1,39,38,31,26,53,107,7" hai2="78,88,56,2,119,0,29,100,75,126,93,77,6" hai3="73,122,133,123,79,85,125,94,42,103,67,129,19"/><T134/><D118/><U81/><E70/><V32/><F119/><W116/><G67/><T91/><D134/><U96/><E112/><V59/><F126/><W15/><G116/><T72/><D130/><U71/><E71/><V17/><F100/><W58/><G125/><T23/><D113/><U104/><E111/><V48/><F75/><W61/><G129/><T52/><D108/><U92/><E81/><V82/><F82/><W37/><G133/><T43/><D43/><U18/><E18/><V101/><F101/><W68/><G68/><T87/><D72/><U14/><E14/><V135/><F135/><W76/><G73/><T69/><D69/><U45/><E107/><V16/><F48/><W30/><G30/><T66/><D66/><U36/><E104/><V5/><F29/><W86/><G42/><T27/><D13/><U24/><REACH who="1" step="1"/><E31/><REACH who="1" ten="250,240,250,250" step="2"/><V90/><F32/><W62/><G15/><T121/><D121/><U105/><E105/><V4/><F4/><W63/><G123/><T132/><D132/><U8/><AGARI ba="0,1" hai="1,7,8,24,26,36,38,39,45,51,53,89,92,96" machi="8" ten="40,5200,0" yaku="1,1,0,1,52,1,53,0" doraHai="35" doraHaiUra="98" who="1" fromWho="1" sc="250,-26,240,62,250,-13,250,-13" /><INIT seed="1,0,0,4,2,62" ten="224,302,237,237" oya="1" hai0="21,32,42,131,111,46,132,26,126,68,37,110,19" hai1="130,17,112,69,102,82,18,12,10,109,114,105,66" hai2="90,4,88,99,115,60,76,43,65,95,98,24,70" hai3="9,133,28,92,30,124,51,101,89,53,57,79,39"/><U45/><E130/><V48/><F115/><W41/><G124/><T55/><D131/><U1/><E1/><V113/><F113/><W61/><G133/><T125/><D68/><U129/><E129/><V20/><F76/><W72/><G39/><T40/><D32/><U118/><E118/><V100/><F4/><W13/><G101/><T116/><D116/><U33/><E33/><V86/><F98/><W44/><G79/><T83/><D83/><U128/><E128/><V127/><F127/><N who="0" m="48650" /><D132/><U78/><E109/><N who="0" m="41481" /><D55/><U49/><E102/><V97/><F97/><N who="3" m="57487" /><G72/><T71/><D71/><U23/><E105/><V81/><F43/><AGARI ba="0,0" hai="19,21,26,37,40,42,43,46" m="41481,48650" machi="43" ten="30,2000,0" yaku="18,1,14,1" doraHai="62" who="0" fromWho="2" sc="224,20,302,0,237,-20,237,0" /><INIT seed="2,0,0,5,3,29" ten="244,302,217,237" oya="2" hai0="108,116,120,68,26,39,17,23,0,92,75,49,10" hai1="97,121,102,11,86,1,132,129,57,114,69,61,79" hai2="58,101,32,56,18,51,3,34,85,50,14,113,112" hai3="12,94,16,71,64,118,133,22,135,76,31,30,103"/><V60/><F3/><W119/><G76/><T124/><D68/><U37/><E114/><V130/><F130/><W88/><G103/><T45/><D120/><U24/><E37/><V90/><F101/><W123/><G123/><T6/><D108/><U82/><E129/><V84/><F113/><W66/><G30/><T127/><D116/><N who="3" m="44585" /><G71/><T36/><D92/><U2/><E121/><V4/><F112/><W77/><G31/><T8/><D8/><U134/><E69/><V110/><F110/><W7/><G77/><T44/><D75/><U105/><E24/><V122/><F122/><W126/><G7/><T42/><D49/><U41/><E41/><AGARI ba="0,0" hai="0,6,10,17,23,26,36,39,41,42,44,45,124,127" machi="41" ten="40,1300,0" yaku="9,1" doraHai="29" who="0" fromWho="1" sc="244,13,302,-13,217,0,237,0" /><INIT seed="3,0,0,4,1,34" ten="257,289,217,237" oya="3" hai0="96,30,81,70,134,73,38,71,117,6,46,47,26" hai1="25,15,9,103,102,67,110,27,36,35,2,11,24" hai2="4,68,127,72,99,29,33,77,108,61,5,14,97" hai3="107,13,109,121,16,20,57,23,124,52,12,105,31"/><W112/><G112/><T1/><D117/><U41/><E110/><V83/><F108/><W126/><G121/><T19/><D19/><U17/><E35/><V79/><F127/><N who="3" m="48683" /><G109/><T43/><D96/><U123/><E123/><V37/><F37/><W92/><G92/><T49/><D134/><U94/><E67/><V75/><F68/><W74/><G74/><T132/><D132/><U128/><E128/><V120/><F120/><W114/><G114/><T100/><D100/><U56/><E56/><V22/><F33/><W91/><G91/><T44/><D44/><U66/><E66/><V95/><F61/><N who="3" m="36007" /><G12/><T59/><D59/><U40/><E94/><V119/><F119/><W131/><G131/><T65/><D65/><U133/><E133/><V90/><F97/><W130/><G130/><T10/><D47/><U93/><E93/><V28/><F28/><W106/><G31/><T8/><D8/><AGARI ba="0,0" hai="8,13,16,20,23,105,106,107" m="36007,48683" machi="8" ten="40,7700,0" yaku="18,1,54,2" doraHai="34" who="3" fromWho="0" sc="257,-77,289,0,217,0,237,77" owari="180,-32.0,289,9.0,217,-18.0,314,41.0" /></mjloggm>