<mjloggm ver="2.3"><GO type="41" lobby="0"/><UN n0="%44%5F%43%6F%75%6E%74%5F" n1="%E5%B0%B1%E6%B4%BB%E7%94%9F%40%E5%B7%9D%E6%9D%91%E8%BB%8D%E5%9B%A3" n2="%E9%9B%A8%E8%9B%99" n3="%E3%82%B9%E3%83%AD%E3%83%BC%E3%82%AB%E3%83%BC%E3%83%96%EF%BC%A0%E9%AF%89" dan="13,14,14,14" rate="1948.43,1937.42,1948.33,1947.69" sx="M,M,M,M"/><TAIKYOKU oya="0"/><INIT seed="0,0,0,4,1,132" ten="250,250,250,250" oya="0" hai0="77,91,23,110,113,133,57,130,118,11,111,17,93" hai1="112,78,38,71,90,53,18,109,126,69,125,94,49" hai2="92,122,72,95,115,22,43,75,98,82,14,27,121" hai3="42,62,34,106,35,81,104,89,47,97,84,73,36"/><T65/><D118/><U24/><E38/><V39/><F115/><W83/><G62/><N who="0" m="38095" /><D113/><U129/><E112/><V59/><F14/><W2/><G2/><T87/><D133/><U7/><E7/><V85/><F39/><W124/><G124/><N who="1" m="47722" /><E109/><N who="0" m="41481" /><D130/><U61/><E78/><V105/><F43/><W74/><G74/><T76/><D11/><U70/><E129/><V12/><F12/><AGARI ba="0,0" hai="12,17,23,76,77,87,91,93" m="41481,38095" machi="12" ten="30,2900,0" yaku="14,1,10,1" doraHai="132" who="0" fromWho="2" sc="250,29,250,0,250,-29,250,0" /><INIT seed="0,1,0,5,3,15" ten="279,250,221,250" oya="0" hai0="63,126,10,54,99,0,8,40,114,118,20,56,131" hai1="57,76,128,82,104,12,55,44,108,14,5,32,92" hai2="28,111,77,123,29,71,35,70,60,59,43,89,127" hai3="115,94,68,134,13,49,38,52,100,102,106,21,83"/><T130/><D118/><U66/><E104/><V37/><F123/><W79/><G68/><T105/><D114/><U42/><E32/><V72/><F111/><W24/><G38/><T25/><D40/><U3/><E128/><N who="0" m="49193" /><D126/><U78/><E108/><V129/><F127/><W135/><G106/><T101/><D0/><U23/><E66/><V67/><F28/><AGARI ba="1,0" hai="8,10,20,25,28,54,56,63,99,101,105" m="49193" machi="28" ten="30,1500,0" yaku="19,1" doraHai="15" who="0" fromWho="2" sc="279,18,250,0,221,-18,250,0" /><INIT seed="0,2,0,2,2,70" ten="297,250,203,250" oya="0" hai0="120,20,41,29,47,50,36,64,37,121,128,46,115" hai1="5,17,100,39,101,97,73,85,77,124,118,105,65" hai2="123,34,94,33,99,92,18,44,0,10,98,32,80" hai3="30,13,130,93,67,126,88,110,82,55,79,75,4"/><T135/><D115/><U113/><E118/><V112/><F112/><W3/><G3/><T40/><D29/><U108/><E113/><V27/><F123/><N who="0" m="47178" /><D20/><U15/><E124/><V6/><F80/><W43/><G126/><T117/><D117/><U109/><E100/><V16/><F44/><W60/><G130/><T84/><D84/><U71/><E5/><V59/><F59/><W38/><G110/><N who="1" m="42602" /><E73/><V74/><F74/><W125/><G125/><T58/><D128/><U14/><E39/><N who="0" m="14921" /><D135/><U132/><E132/><V116/><F116/><W122/><G122/><T24/><D24/><U11/><E15/><V49/><F49/><W31/><G4/><T133/><D133/><U48/><E48/><V131/><F131/><W26/><G13/><T62/><D47/><U107/><E107/><V68/><F27/><W83/><G83/><T35/><D35/><U76/><E85/><V103/><REACH who="2" step="1"/><F68/><REACH who="2" ten="297,250,193,250" step="2"/><W69/><G26/><T86/><D86/><U95/><E71/><V42/><F42/><AGARI ba="2,1" hai="40,41,42,46,50,58,62,64" m="14921,47178" machi="42" ten="30,12000,1" yaku="34,2,52,3" doraHai="70" who="0" fromWho="2" sc="297,136,250,0,193,-126,250,0" /><INIT seed="0,3,0,1,1,62" ten="433,250,67,250" oya="0" hai0="35,105,134,45,93,17,129,36,79,54,106,98,47" hai1="25,130,33,64,124,43,60,82,4,95,87,31,89" hai2="84,5,50,107,114,71,127,58,44,92,118,13,70" hai3="102,121,73,41,74,34,115,56,83,77,81,128,135"/><T55/><D35/><U76/><E124/><V8/><F114/><W59/><G115/><T1/><D1/><U96/><E130/><V86/><F127/><W12/><G121/><T51/><D129/><U131/><E131/><V78/><F107/><W69/><G34/><T53/><D134/><U52/><E43/><V122/><F122/><W109/><G128/><T91/><D79/><U61/><E4/><V113/><F113/><W27/><G135/><T26/><D36/><U101/><E52/><V68/><F118/><W126/><G126/><T67/><D67/><U111/><E111/><V90/><F58/><W103/><G69/><T110/><D110/><U119/><E119/><V94/><F94/><W49/><G109/><T19/><D26/><U10/><E10/><V37/><F37/><W21/><G12/><T104/><REACH who="0" step="1"/><D55/><REACH who="0" ten="423,250,67,250" step="2"/><U24/><E25/><V2/><F2/><W88/><G27/><T65/><D65/><U108/><E108/><V112/><F112/><W14/><G77/><T42/><D42/><U9/><E64/><V32/><F32/><W46/><G41/><T66/><D66/><U18/><E76/><V22/><F78/><W133/><G133/><T38/><D38/><U97/><E24/><V63/><F13/><W99/><G14/><T72/><D72/><U116/><E33/><V11/><F68/><W100/><G74/><T123/><D123/><U117/><E116/><V20/><F70/><W39/><G39/><T6/><D6/><U125/><E117/><V85/><F71/><W7/><G73/><T132/><D132/><U75/><E125/><RYUUKYOKU ba="3,1" sc="423,30,250,-10,67,-10,250,-10" hai0="17,19,45,47,51,53,54,91,93,98,104,105,106" /><INIT seed="0,4,1,0,5,11" ten="453,240,57,240" oya="0" hai0="127,26,109,24,8,77,72,98,71,90,5,101,51" hai1="122,105,21,3,28,114,131,59,29,135,64,53,79" hai2="68,38,124,22,39,97,76,18,115,73,87,120,27" hai3="67,117,19,15,86,100,33,75,85,50,126,54,17"/><T62/><D127/><U121/><E105/><V10/><F115/><W41/><G75/><T0/><D109/><U48/><E3/><V20/><F124/><W82/><G33/><T4/><D4/><U119/><E119/><V88/><F68/><W60/><G117/><T99/><D51/><U42/><E114/><V132/><F120/><W66/><G126/><T107/><D72/><U128/><E135/><V129/><F132/><W69/><G67/><T95/><REACH who="0" step="1"/><D77/><REACH who="0" ten="443,240,57,240" step="2"/><U84/><E48/><V80/><F73/><W133/><G133/><T113/><D113/><U46/><E121/><V70/><F76/><W2/><G41/><T116/><D116/><U44/><E122/><V102/><F39/><W74/><G74/><T25/><D25/><U23/><E131/><V49/><F38/><W89/><G100/><T92/><D92/><U56/><E79/><V16/><F102/><W106/><G106/><T91/><D91/><U57/><E128/><V111/><F88/><W55/><G50/><T36/><D36/><U93/><E93/><V96/><F49/><W43/><G43/><T110/><D110/><U104/><E104/><V134/><F111/><W112/><G112/><T37/><D37/><U103/><E103/><V108/><F134/><W35/><G35/><T78/><D78/><U9/><E42/><V32/><F108/><W63/><G89/><T130/><D130/><U34/><E46/><V58/><F129/><W7/><G7/><T1/><D1/><U61/><E44/><V83/><F32/><W65/><G2/><T81/><D81/><U6/><E34/><RYUUKYOKU ba="4,2" sc="443,30,240,-10,57,-10,240,-10" hai0="0,5,8,24,26,62,71,90,95,98,99,101,107" /><INIT seed="0,5,2,3,0,74" ten="473,230,47,230" oya="0" hai0="39,84,29,121,103,23,38,24,114,107,60,120,14" hai1="91,135,47,66,53,127,17,119,54,2,73,26,124" hai2="33,45,100,95,112,96,46,102,19,5,117,1,0" hai3="125,90,77,9,4,48,70,132,128,56,126,118,51"/><T28/><D114/><U94/><E73/><V8/><F112/><W104/><G104/><T63/><D84/><U81/><E119/><V50/><F117/><W3/><G118/><T18/><D107/><U27/><E135/><V113/><F19/><W129/><G70/><T21/><D103/><U20/><E2/><V85/><F113/><W22/><G22/><T134/><D134/><U36/><E66/><V105/><F33/><W116/><G116/><T111/><D111/><U43/><E81/><V57/><F0/><W40/><G90/><T15/><REACH who="0" step="1"/><D24/><REACH who="0" ten="463,230,47,230" step="2"/><U31/><E124/><V82/><F102/><W122/><G132/><T101/><D101/><U12/><E127/><V11/><F105/><W6/><G125/><T35/><D35/><U64/><E27/><V67/><F100/><W62/><G126/><T61/><D61/><U44/><E26/><V42/><F85/><W25/><G25/><T93/><D93/><U41/><E94/><V87/><F95/><W58/><G62/><T106/><D106/><U10/><E31/><V108/><F87/><W49/><G128/><T109/><D109/><U37/><E91/><V130/><F108/><W16/><G129/><T97/><D97/><U123/><E123/><V69/><F96/><W75/><G122/><T115/><D115/><U92/><E92/><V76/><F130/><W133/><G133/><T83/><D83/><U65/><E20/><V13/><F82/><W98/><G98/><T32/><D32/><U68/><E68/><V86/><F86/><W71/><G71/><T34/><D34/><U59/><E10/><RYUUKYOKU ba="5,3" sc="463,30,230,-10,47,-10,230,-10" hai0="14,15,18,21,23,28,29,38,39,60,63,120,121" /><INIT seed="0,6,3,4,1,102" ten="493,220,37,220" oya="0" hai0="39,107,133,8,71,9,96,51,83,11,113,14,90" hai1="108,134,101,95,115,112,58,86,35,63,122,65,132" hai2="53,54,135,3,105,74,23,20,104,10,78,75,57" hai3="5,28,22,79,110,68,44,67,82,50,89,128,87"/><T131/><D113/><N who="1" m="43595" /><E35/><V36/><F36/><W59/><G68/><T47/><D71/><U60/><E122/><V130/><F78/><W126/><G126/><T4/><D39/><U0/><E0/><V27/><F3/><W62/><G128/><T19/><D131/><U49/><E108/><V41/><F130/><W38/><G38/><T15/><D133/><N who="1" m="51307" /><E101/><V73/><F135/><W81/><G110/><T32/><D32/><U42/><E95/><V106/><F10/><W121/><G121/><T6/><D107/><N who="2" m="27394" /><V37/><DORA hai="119" /><F37/><W77/><G5/><T12/><D96/><U17/><E86/><V13/><F41/><N who="3" m="24847" /><G82/><T116/><D116/><U26/><E26/><AGARI ba="6,3" hai="22,26,28,59,62,67,77,79,81,87,89" m="24847" machi="26" ten="30,1000,0" yaku="8,1" doraHai="102,119" who="3" fromWho="1" sc="493,0,220,-28,37,0,220,58" /><INIT seed="1,0,0,2,2,52" ten="493,192,37,278" oya="1" hai0="87,1,69,123,109,112,4,29,81,62,95,40,102" hai1="55,59,131,73,99,31,38,22,12,98,7,30,25" hai2="47,43,115,78,118,135,45,132,84,15,46,124,13" hai3="24,28,116,20,85,36,120,106,9,51,130,129,68"/><U8/><E73/><V67/><F118/><W64/><G106/><T86/><D112/><U26/><E38/><V127/><F115/><W104/><G104/><T60/><D123/><U71/><E71/><V14/><F67/><W119/><G36/><T21/><D109/><U88/><E131/><N who="3" m="50186" /><G120/><T113/><D113/><U44/><E44/><V49/><F43/><W82/><G51/><T91/><D40/><U92/><E99/><V72/><F72/><W53/><G53/><T56/><D69/><U90/><E90/><V39/><F49/><W18/><G9/><T65/><D62/><N who="1" m="36223" /><E26/><V80/><F39/><W128/><G128/><T111/><D111/><U114/><E114/><V54/><REACH who="2" step="1"/><F54/><REACH who="2" ten="493,192,27,278" step="2"/><W41/><G41/><T103/><D1/><U10/><E10/><V110/><F110/><W70/><G64/><T121/><D121/><U17/><AGARI ba="0,1" hai="7,8,12,17,22,25,30,31,88,92,98" m="36223" machi="17" ten="30,11700,0" yaku="25,1,8,1,52,1,54,1" doraHai="52" who="1" fromWho="1" sc="493,-39,192,127,27,-39,278,-39" owari="454,55.0,319,12.0,-12,-51.0,239,-16.0" /></mjloggm>