<mjloggm ver="2.3"><GO type="225" lobby="0"/><UN n0="%40%64%6F%63%6F%6D%6F" n1="%E3%81%A1%E3%83%BC%E3%81%A6%E3%82%93" n2="%E3%82%AC%E3%83%9F%E3%82%B4%E3%83%B3" n3="%E3%83%88%E3%83%88%E3%83%AA%E5%85%88%E7%94%9F%31%39%E6%AD%B3" dan="16,17,16,16" rate="2168.07,2128.76,2186.06,2183.21" sx="M,M,M,F"/><TAIKYOKU oya="0"/><INIT seed="0,0,0,5,4,41" ten="250,250,250,250" oya="0" hai0="91,114,42,94,96,10,5,31,113,29,93,48,50" hai1="58,85,112,100,47,38,89,60,82,43,46,70,66" hai2="17,88,54,74,18,34,119,67,72,11,62,124,84" hai3="26,135,61,78,49,63,130,92,107,2,127,80,12"/><T123/><D123/><U98/><E112/><V21/><F34/><W104/><G2/><T59/><D50/><U87/><E87/><V27/><F124/><W90/><G127/><T56/><D113/><U32/><E32/><V121/><F119/><W115/><G115/><T117/><D117/><U35/><E35/><V83/><F121/><W3/><G3/><T86/><D114/><U71/><REACH who="1" step="1"/><E47/><REACH who="1" ten="250,240,250,250" step="2"/><V22/><F11/><W7/><G130/><T57/><D10/><U133/><E133/><V79/><F79/><W64/><G135/><T51/><D5/><U101/><E101/><V134/><F134/><W13/><G7/><T68/><D68/><U14/><E14/><V28/><F74/><W97/><G12/><T102/><D51/><U106/><AGARI ba="0,1" hai="38,43,46,58,60,66,70,71,82,85,89,98,100,106" machi="106" ten="20,5200,0" yaku="1,1,0,1,7,1,52,1,53,0" doraHai="41" doraHaiUra="30" who="1" fromWho="1" sc="250,-26,240,62,250,-13,250,-13" /><INIT seed="1,0,0,5,1,74" ten="224,302,237,237" oya="1" hai0="28,87,43,36,22,128,58,61,116,54,84,4,108" hai1="109,18,66,34,124,0,15,121,100,57,40,126,99" hai2="92,12,103,80,117,32,60,23,83,31,132,110,114" hai3="98,5,96,123,11,125,67,49,71,131,111,26,122"/><U35/><E0/><V55/><F117/><W47/><G111/><T7/><D116/><U101/><E121/><V72/><F110/><W20/><G125/><N who="1" m="48234" /><E40/><V115/><F132/><W129/><G67/><T29/><D108/><U62/><E109/><V88/><F103/><N who="1" m="39497" /><E99/><N who="2" m="57735" /><F72/><W41/><G71/><T50/><D128/><N who="3" m="49225" /><G98/><T133/><D133/><U81/><E81/><V106/><F106/><W97/><G97/><T14/><D36/><U78/><E78/><V10/><F32/><W63/><G96/><T6/><D43/><U19/><E19/><N who="2" m="8599" /><F114/><W25/><G123/><T30/><D61/><U39/><E39/><V16/><F115/><W65/><G122/><T42/><D42/><U104/><E104/><V79/><F31/><W13/><G63/><T27/><D14/><U64/><E64/><V130/><F79/><W94/><G65/><T112/><D112/><U120/><E120/><V134/><F134/><W127/><G127/><T59/><REACH who="0" step="1"/><D58/><REACH who="0" ten="214,302,237,237" step="2"/><U76/><E57/><N who="2" m="34879" /><F130/><W102/><G41/><T113/><D113/><U105/><E62/><V46/><F46/><W91/><G47/><T17/><AGARI ba="0,1" hai="4,6,7,17,22,27,28,29,30,50,54,59,84,87" machi="17" ten="30,12000,2" yaku="1,1,0,1,8,1,53,3" doraHai="74" doraHaiUra="1" who="0" fromWho="0" sc="214,130,302,-60,237,-30,237,-30" /><INIT seed="2,0,0,4,0,95" ten="344,242,207,207" oya="2" hai0="107,38,80,103,29,77,2,118,41,15,120,126,35" hai1="17,115,59,98,3,110,69,100,89,58,42,113,94" hai2="71,60,65,52,131,57,112,93,43,75,8,10,76" hai3="16,26,14,81,4,70,51,122,101,125,28,30,87"/><V48/><F112/><W18/><G122/><T129/><D80/><U33/><E69/><V25/><F131/><W133/><G70/><T64/><D103/><U13/><E3/><V86/><F75/><W88/><G133/><T36/><D15/><U46/><E33/><V116/><F116/><W108/><G108/><T73/><D77/><U102/><E110/><V1/><F1/><W121/><G121/><T104/><D29/><N who="3" m="11369" /><G125/><T79/><D79/><U83/><E113/><V62/><F25/><W49/><G101/><N who="1" m="39018" /><E83/><N who="2" m="47463" /><F71/><W74/><G74/><T132/><D73/><U68/><E68/><V37/><F37/><W27/><G4/><T99/><D38/><U63/><E63/><N who="2" m="24107" /><F65/><W84/><G84/><T91/><D64/><U117/><E117/><V11/><F43/><W134/><G134/><T111/><D41/><U61/><E61/><V72/><F72/><W90/><G90/><T54/><D91/><U23/><E115/><V12/><F93/><W130/><G130/><T97/><D36/><U9/><E9/><V124/><F124/><W53/><G51/><AGARI ba="0,0" hai="13,17,23,42,46,51,58,59,89,94,98" m="39018" machi="51" ten="30,2000,0" yaku="8,1,52,1" doraHai="95" who="1" fromWho="3" sc="344,0,242,20,207,0,207,-20" /><INIT seed="3,0,0,0,0,97" ten="344,262,207,187" oya="3" hai0="44,36,63,85,118,50,57,10,127,132,34,59,41" hai1="45,8,116,13,93,102,87,91,18,58,96,40,135" hai2="15,69,29,3,56,88,47,80,16,76,0,51,43" hai3="6,130,111,27,33,123,83,92,89,54,38,109,105"/><W98/><G123/><T24/><D118/><U110/><E110/><N who="3" m="41994" /><G130/><T31/><D127/><U115/><E135/><V84/><F69/><W120/><G120/><T39/><D132/><U5/><E116/><V30/><F3/><W71/><G71/><T32/><D32/><U62/><E115/><V86/><F0/><W70/><G70/><T131/><D131/><U128/><E128/><V134/><F134/><W60/><G38/><T17/><D85/><U122/><E122/><V2/><F2/><W12/><G105/><T119/><D57/><U129/><E129/><V100/><F56/><N who="3" m="34839" /><G83/><T79/><D119/><U90/><E8/><N who="2" m="6247" /><F100/><N who="3" m="60487" /><G33/><T1/><D36/><U26/><E93/><AGARI ba="0,0" hai="29,30,43,47,51,76,80,84,86,88,93" m="6247" machi="93" ten="30,3900,0" yaku="8,1,54,2" doraHai="97" who="2" fromWho="1" sc="344,0,262,-39,207,39,187,0" owari="344,44.0,223,-18.0,246,5.0,187,-31.0" /></mjloggm>