<mjloggm ver="2.3"><GO type="97" lobby="0"/><UN n0="%E7%A5%9E%E5%B4%8E%E3%83%BB%EF%BC%A8%E3%83%BB%E3%82%A2%E3%83%AA%E3%82%A2" n1="%E3%81%A8%E3%81%97%E3%82%8D%E3%81%86%E3%81%98%E3%81%98%E3%81%84" n2="%E3%83%88%E3%83%88%E3%83%AA%E5%85%88%E7%94%9F%31%39%E6%AD%B3" n3="%E3%81%8A%E3%81%A3%E3%81%B1%E3%81%84%E5%85%88%E7%94%9F" dan="14,13,14,15" rate="1903.70,1908.76,2025.65,2093.15" sx="M,M,F,F"/><TAIKYOKU oya="0"/><INIT seed="0,0,0,0,3,18" ten="250,250,250,250" oya="0" hai0="97,71,53,118,3,21,133,36,52,117,134,82,25" hai1="124,40,23,72,13,60,87,24,84,100,28,103,69" hai2="112,41,31,80,104,86,122,125,61,91,67,51,39" hai3="49,57,56,59,5,47,26,32,0,123,34,105,58"/><T63/><D36/><U88/><E72/><V101/><F112/><W46/><G105/><T127/><D3/><U130/><E130/><V44/><F122/><W106/><G106/><T107/><D127/><U68/><E40/><V9/><F125/><W15/><G0/><T14/><D14/><U89/><E124/><V113/><F113/><W29/><G123/><T4/><D4/><U55/><E68/><V76/><F9/><W119/><G119/><N who="0" m="45579" /><D82/><U102/><E13/><V99/><F31/><W115/><G115/><T93/><D107/><U19/><E69/><V7/><F7/><W45/><G32/><T75/><D75/><U109/><E109/><V74/><F61/><W2/><G2/><T38/><D38/><U17/><E60/><V85/><F67/><W110/><G110/><T131/><D131/><U116/><E55/><V1/><F1/><W20/><N who="3" m="14848" /><DORA hai="126" /><W65/><G65/><N who="0" m="41407" /><D93/><N who="1" m="54407" /><E116/><V108/><F108/><W90/><G90/><T37/><D97/><U54/><E54/><V64/><F64/><W83/><G83/><AGARI ba="0,0" hai="17,19,23,24,28,83,87,89,100,102,103" m="54407" machi="83" ten="30,3900,0" yaku="8,1,52,1,54,1" doraHai="18,126" who="1" fromWho="3" sc="250,0,250,39,250,0,250,-39" /><INIT seed="1,0,0,3,4,101" ten="250,289,250,211" oya="1" hai0="21,82,73,61,47,67,93,41,134,27,88,5,32" hai1="52,103,43,54,39,22,55,9,78,94,59,15,69" hai2="50,130,77,38,3,80,62,4,114,111,131,135,11" hai3="95,40,128,84,125,66,118,120,31,89,107,7,112"/><U96/><E69/><V113/><F38/><W105/><G120/><T8/><D134/><U44/><E78/><V25/><F135/><W17/><G112/><N who="2" m="43113" /><F111/><W123/><G123/><T129/><D32/><U85/><E22/><V33/><F50/><W1/><G31/><T90/><D129/><N who="2" m="49162" /><F62/><W71/><G128/><T74/><D82/><U109/><E85/><V110/><F110/><W12/><G40/><T92/><D74/><U36/><E36/><V56/><F56/><W79/><G79/><T29/><D73/><U26/><E109/><V87/><F25/><W53/><G118/><T30/><D30/><U65/><E65/><V37/><F37/><W72/><G72/><T57/><D93/><U58/><REACH who="1" step="1"/><E26/><REACH who="1" ten="250,279,250,211" step="2"/><V108/><F108/><W75/><G75/><T117/><D117/><U127/><E127/><V97/><F33/><W132/><G125/><T126/><D126/><U48/><E48/><V20/><F20/><W18/><G66/><T45/><D41/><U81/><E81/><V121/><F121/><W91/><G71/><T16/><D90/><U124/><E124/><V19/><F77/><W76/><G76/><T2/><D29/><U49/><E49/><V83/><F80/><W104/><G91/><T64/><REACH who="0" step="1"/><D67/><REACH who="0" ten="240,279,250,211" step="2"/><U24/><E24/><V6/><F83/><W0/><G132/><T70/><D70/><U10/><E10/><V68/><F68/><W99/><G89/><T115/><D115/><U98/><E98/><AGARI ba="0,2" hai="2,5,8,16,21,27,45,47,57,61,64,88,92,98" machi="98" ten="30,7700,0" yaku="1,1,7,1,54,2,53,0" doraHai="101" doraHaiUra="116" who="0" fromWho="1" sc="240,97,279,-77,250,0,211,0" /><INIT seed="2,0,0,5,1,30" ten="337,202,250,211" oya="2" hai0="90,97,19,43,34,131,32,20,57,100,85,16,116" hai1="67,112,3,104,54,22,80,72,76,96,23,66,2" hai2="87,25,28,35,1,107,120,15,51,125,63,132,55" hai3="4,114,39,0,123,9,106,45,105,5,36,119,13"/><V47/><F120/><W68/><G123/><T110/><D116/><U42/><E112/><V81/><F1/><W59/><G119/><T50/><D131/><U26/><E42/><V64/><F132/><W77/><G114/><T11/><D110/><U17/><E54/><V121/><F121/><W12/><G68/><T31/><D31/><U134/><E134/><V53/><F125/><W94/><G77/><T33/><D11/><U14/><E104/><V48/><F107/><W127/><G127/><T133/><D133/><U75/><E75/><V118/><F15/><W52/><G105/><T65/><D65/><U24/><E14/><V61/><F64/><W115/><G106/><T18/><D43/><U62/><E67/><V86/><F118/><W79/><G79/><T78/><D78/><U103/><E96/><V71/><F71/><W7/><G115/><T83/><D57/><U8/><E103/><V6/><F6/><W49/><G12/><T69/><D50/><U128/><E8/><V109/><F109/><W135/><G135/><T27/><REACH who="0" step="1"/><D69/><REACH who="0" ten="327,202,250,211" step="2"/><U124/><E124/><V60/><REACH who="2" step="1"/><F81/><REACH who="2" ten="327,202,240,211" step="2"/><W84/><G0/><T38/><D38/><U29/><E128/><V99/><F99/><W111/><G111/><T129/><D129/><U117/><E117/><V113/><F113/><W95/><G36/><T82/><D82/><U74/><E74/><V46/><AGARI ba="0,2" hai="25,28,35,46,47,48,51,53,55,60,61,63,86,87" machi="46" ten="30,11700,0" yaku="1,1,0,1,9,1,52,1,53,0" doraHai="30" doraHaiUra="101" who="2" fromWho="2" sc="327,-39,202,-39,240,137,211,-39" /><INIT seed="2,1,0,2,5,61" ten="288,163,377,172" oya="2" hai0="89,113,70,73,52,126,96,97,114,62,107,27,30" hai1="48,8,45,34,105,55,128,1,106,18,14,98,11" hai2="38,69,110,92,23,82,99,129,95,2,67,77,24" hai3="116,75,104,78,100,39,71,0,102,28,20,68,94"/><V115/><F115/><W36/><G0/><T9/><D126/><U46/><E34/><V76/><F2/><W6/><G6/><T7/><D73/><U26/><E128/><V132/><F38/><W83/><G116/><T16/><D97/><U12/><E1/><V66/><F69/><W81/><G104/><T63/><D63/><U43/><E26/><V19/><F129/><W53/><G94/><T93/><D107/><U124/><E98/><V42/><F42/><W84/><G53/><T59/><D70/><U134/><E134/><V120/><F120/><W88/><G68/><T35/><REACH who="0" step="1"/><D16/><REACH who="0" ten="278,163,377,172" step="2"/><U131/><E124/><V80/><F99/><W50/><G71/><T41/><D41/><U133/><E131/><V22/><F19/><W122/><G122/><T101/><D101/><U130/><E130/><V51/><F132/><W64/><G100/><T40/><D40/><U90/><E133/><V25/><F110/><W49/><G102/><T37/><D37/><U127/><E127/><V17/><F17/><W112/><G39/><T31/><D31/><U56/><E106/><V32/><F51/><W123/><G36/><T85/><D85/><U21/><E105/><V111/><F111/><W103/><G103/><T125/><D125/><U109/><E43/><V79/><F24/><N who="3" m="16391" /><G123/><T29/><D29/><U86/><E109/><V5/><F25/><W3/><G75/><T74/><D74/><U65/><E8/><V54/><F5/><W87/><G87/><T135/><D135/><U57/><E11/><V33/><F79/><W4/><G78/><T118/><D118/><RYUUKYOKU ba="1,1" sc="278,15,163,-15,377,15,172,-15" hai0="7,9,27,30,35,52,59,62,89,93,96,113,114" hai2="22,23,32,33,54,66,67,76,77,80,82,92,95" /><INIT seed="2,2,1,5,3,79" ten="293,148,392,157" oya="2" hai0="55,7,39,96,58,97,44,16,52,67,125,64,48" hai1="18,62,0,26,113,32,41,132,65,128,93,99,27" hai2="13,135,17,19,51,120,121,117,92,90,86,38,122" hai3="43,47,123,87,118,72,1,131,127,98,40,94,110"/><V10/><F117/><W100/><G118/><T61/><D39/><U82/><E0/><V80/><F38/><W8/><G123/><T42/><D7/><U104/><E104/><V108/><F135/><W116/><G116/><T34/><D34/><U46/><E113/><V109/><F19/><W134/><G72/><T24/><D125/><U11/><E32/><V103/><F103/><W59/><G127/><T130/><D130/><U25/><E128/><V119/><F119/><W31/><G131/><T68/><D67/><U57/><E132/><V56/><F56/><W74/><G74/><T84/><D84/><U4/><E11/><V21/><F21/><W76/><G31/><T3/><D3/><U126/><E4/><V112/><F112/><W69/><G69/><T89/><D89/><U20/><E126/><V12/><F12/><W101/><G101/><T70/><D70/><U63/><E62/><V105/><F105/><W50/><G134/><T95/><D95/><U115/><E115/><V53/><F92/><W29/><G29/><T85/><D85/><U22/><E22/><V77/><F77/><W133/><G133/><T37/><D55/><U49/><E82/><V75/><F75/><W83/><G59/><T129/><D129/><U14/><REACH who="1" step="1"/><E14/><REACH who="1" ten="293,138,392,157" step="2"/><V23/><F23/><AGARI ba="2,2" hai="16,23,24,37,42,44,48,52,58,61,64,68,96,97" machi="23" ten="40,8000,1" yaku="24,2,54,2" doraHai="79" who="0" fromWho="2" sc="293,106,138,0,392,-86,157,0" /><INIT seed="3,0,0,5,2,14" ten="399,138,306,157" oya="3" hai0="40,94,5,80,16,52,55,26,130,20,87,127,101" hai1="18,3,0,41,29,50,37,73,33,128,11,44,116" hai2="58,110,88,120,13,22,15,90,96,12,32,48,135" hai3="1,74,61,102,85,100,59,54,25,42,78,97,64"/><W53/><G1/><T63/><D130/><U49/><E73/><V45/><F32/><W6/><G74/><T129/><D127/><U125/><E116/><V113/><F113/><W72/><G72/><T65/><D129/><U83/><E125/><V66/><F110/><W106/><G6/><T84/><D40/><U60/><E128/><V56/><F135/><W71/><G42/><T118/><D5/><U91/><E33/><V77/><F120/><W31/><G100/><T39/><D39/><U119/><E29/><V23/><F77/><W132/><G132/><T2/><D2/><U47/><E60/><V112/><F112/><W75/><G75/><T111/><D111/><U109/><E37/><V28/><F66/><W19/><G59/><T117/><D117/><U98/><E109/><V69/><F69/><W67/><G64/><T70/><D118/><U36/><E36/><V99/><F28/><W8/><G85/><T124/><D124/><U121/><E119/><V108/><F108/><W122/><G78/><T76/><REACH who="0" step="1"/><D87/><REACH who="0" ten="389,138,306,157" step="2"/><U43/><E121/><V103/><F58/><W7/><G122/><T51/><D51/><U34/><E3/><V68/><F56/><W9/><G7/><T38/><D38/><U27/><E0/><V17/><F68/><W82/><G71/><T123/><D123/><U134/><E134/><V57/><F57/><W81/><G61/><T131/><D131/><U89/><E83/><V46/><F48/><W62/><G81/><T93/><D93/><U126/><E126/><V24/><F46/><N who="1" m="17449" /><E50/><V35/><F45/><W105/><G82/><RYUUKYOKU ba="0,1" sc="389,30,138,-10,306,-10,157,-10" hai0="16,20,26,52,55,63,65,70,76,80,84,94,101" owari="429,52.0,128,-37.0,296,10.0,147,-25.0" /></mjloggm>