<mjloggm ver="2.3"><GO type="233" lobby="0"/><UN n0="%E3%83%AA%E3%83%AA%E3%82%A2%E3%83%BC%E3%83%8C" n1="%E2%98%85%E7%8E%89%E9%9F%BF%E2%98%85" n2="%E9%96%A2%E4%B8%83%E6%B5%B7" n3="%E3%82%A6%E3%83%AB%E3%83%88%E3%83%A9%E7%AB%8B%E7%9B%B4" dan="17,17,17,17" rate="2192.93,2198.58,2164.91,2174.81" sx="F,F,M,M"/><TAIKYOKU oya="0"/><INIT seed="0,0,0,2,4,134" ten="250,250,250,250" oya="0" hai0="18,78,122,21,50,32,107,57,117,106,133,15,42" hai1="52,83,105,81,97,76,1,67,126,96,95,86,135" hai2="16,4,116,75,85,20,127,101,48,128,8,23,19" hai3="98,56,109,84,110,17,25,120,9,44,45,33,0"/><T5/><D117/><U124/><E1/><V22/><F75/><W29/><G120/><T119/><D122/><U41/><E41/><V130/><F116/><W66/><G84/><T30/><D119/><U91/><E67/><V103/><F85/><W113/><G98/><T31/><D133/><U100/><E135/><V132/><F132/><W87/><G87/><T73/><D5/><U82/><E52/><V99/><F48/><W131/><G131/><N who="2" m="50217" /><F127/><AGARI ba="0,0" hai="76,81,82,83,86,91,95,96,97,100,105,124,126,127" machi="127" ten="40,12000,2" yaku="18,1,34,3,52,3" doraHai="134" who="1" fromWho="2" sc="250,0,250,120,250,-120,250,0" /><INIT seed="1,0,0,1,4,63" ten="250,370,130,250" oya="1" hai0="111,119,92,13,33,131,109,76,56,96,77,127,94" hai1="61,15,116,41,23,48,10,121,46,71,19,8,128" hai2="22,83,45,78,79,39,17,2,129,75,135,80,108" hai3="115,58,85,98,110,54,43,49,122,37,20,47,133"/><U60/><E121/><V70/><F129/><W53/><G122/><T52/><D33/><U14/><E116/><V106/><F106/><W64/><G115/><T57/><D119/><U95/><E128/><V101/><F101/><W102/><G110/><N who="0" m="41995" /><D131/><U118/><E118/><V36/><F108/><W5/><G133/><T105/><D127/><U1/><E1/><V0/><F135/><W55/><G5/><T11/><D105/><U97/><E71/><V9/><F70/><W67/><G85/><T12/><D57/><U73/><E73/><V35/><F35/><W114/><G114/><T51/><D13/><U89/><REACH who="1" step="1"/><E23/><REACH who="1" ten="250,360,130,250" step="2"/><V30/><F2/><W50/><G20/><T120/><D120/><U100/><E100/><V31/><F0/><W87/><G102/><N who="0" m="60679" /><D94/><U6/><AGARI ba="0,1" hai="6,8,10,14,15,19,41,46,48,60,61,89,95,97" machi="6" ten="20,7800,0" yaku="1,1,0,1,7,1,8,1,53,0" doraHai="63" doraHaiUra="62" who="1" fromWho="1" sc="250,-26,360,88,130,-26,250,-26" /><INIT seed="1,1,0,4,2,35" ten="224,448,104,224" oya="1" hai0="121,123,58,57,48,81,40,133,93,53,11,108,18" hai1="92,114,125,74,71,22,38,44,84,1,45,15,82" hai2="86,83,106,0,28,21,77,107,115,118,62,34,129" hai3="102,89,124,43,72,75,126,61,88,132,65,30,17"/><U14/><E114/><V20/><F118/><W2/><G30/><T16/><D81/><U60/><E1/><V109/><F115/><W103/><G43/><T9/><D108/><U66/><E74/><V3/><F109/><W90/><G17/><N who="0" m="6763" /><D133/><U29/><E125/><N who="3" m="48234" /><G2/><T67/><D40/><U52/><E92/><V41/><F41/><W130/><G132/><T101/><D101/><N who="3" m="38409" /><G130/><T5/><D93/><U85/><E38/><V32/><F129/><W119/><G119/><T55/><D67/><U31/><E66/><V8/><F8/><W69/><AGARI ba="1,0" hai="61,65,69,72,75,88,89,90" m="38409,48234" machi="69" ten="40,2700,0" yaku="18,1,54,1" doraHai="35" who="3" fromWho="3" sc="224,-8,448,-14,104,-8,224,30" /><INIT seed="2,0,0,3,3,17" ten="216,434,96,254" oya="2" hai0="60,53,23,14,76,44,73,108,28,34,41,57,107" hai1="85,21,30,72,101,126,115,83,56,61,20,131,91" hai2="103,10,15,97,123,16,42,134,92,46,81,132,95" hai3="13,59,125,82,12,105,38,104,78,29,94,6,50"/><V27/><F123/><W74/><G38/><T35/><D107/><U52/><E115/><V70/><F70/><W99/><G29/><T24/><D108/><U89/><E72/><V62/><F62/><W37/><G37/><T33/><D73/><U98/><E131/><V54/><F54/><W39/><G39/><T48/><REACH who="0" step="1"/><D76/><REACH who="0" ten="206,434,96,254" step="2"/><U3/><E126/><V71/><F71/><W116/><G125/><T124/><D124/><U86/><E3/><V87/><F92/><W26/><G78/><T113/><D113/><U127/><E127/><V109/><F109/><W65/><G74/><T96/><D96/><U19/><E98/><V128/><F128/><W133/><G99/><T90/><D90/><U5/><E101/><V135/><F27/><W55/><G26/><T130/><D130/><U25/><E91/><V1/><F1/><W75/><G94/><T7/><D7/><U45/><E5/><V88/><REACH who="2" step="1"/><F46/><REACH who="2" ten="206,434,86,254" step="2"/><W31/><G105/><T80/><D80/><U118/><E45/><V120/><F120/><W18/><G104/><T4/><D4/><U58/><E25/><V22/><F22/><W64/><G6/><T51/><D51/><U67/><E20/><V9/><F9/><W32/><G82/><T68/><D68/><U121/><E83/><V11/><F11/><W111/><G50/><T93/><D93/><U122/><E21/><V63/><F63/><W114/><G111/><T69/><D69/><U110/><E122/><V36/><F36/><W77/><G114/><T79/><D79/><U117/><E121/><V0/><F0/><W8/><G77/><RYUUKYOKU ba="0,2" sc="206,15,434,-15,86,15,254,-15" hai0="14,23,24,28,33,34,35,41,44,48,53,57,60" hai2="10,15,16,42,81,87,88,95,97,103,132,134,135" /><INIT seed="2,1,2,1,5,83" ten="221,419,101,239" oya="2" hai0="112,97,41,51,52,75,104,48,131,88,59,69,11" hai1="93,17,71,2,105,101,47,120,135,39,64,26,108" hai2="129,0,65,117,60,80,63,40,95,102,126,6,127" hai3="13,106,82,87,134,128,8,79,20,114,37,14,15"/><V50/><F117/><W36/><G106/><T1/><D112/><U122/><E108/><V57/><F129/><W33/><G33/><T121/><D75/><U62/><E2/><V74/><F0/><W89/><G128/><T84/><D69/><U38/><E135/><V130/><F6/><W43/><G134/><T116/><D131/><U124/><E124/><N who="2" m="47659" /><F130/><W34/><G34/><T42/><D116/><U32/><E105/><V96/><F63/><W123/><G123/><T113/><D121/><U77/><E62/><V68/><F74/><W9/><G114/><T90/><D113/><U21/><E32/><V28/><F28/><W27/><G37/><T19/><D51/><U109/><E109/><V119/><F119/><W25/><G36/><T86/><D104/><U58/><E17/><V98/><F98/><W110/><G110/><T72/><D97/><U132/><E132/><V78/><F78/><W81/><G43/><T133/><D72/><U45/><E77/><V35/><F35/><W22/><G79/><T92/><D133/><U5/><E5/><V103/><F80/><W53/><G81/><N who="0" m="49167" /><D1/><U23/><E120/><V99/><F68/><W24/><G9/><T54/><D54/><U67/><E71/><V44/><F96/><W31/><G8/><T49/><D49/><U16/><E122/><V55/><F55/><W7/><G53/><T100/><D100/><AGARI ba="1,2" hai="40,44,50,57,60,65,95,99,100,102,103" m="47659" machi="100" ten="30,1500,0" yaku="18,1" doraHai="83" who="2" fromWho="0" sc="221,-18,419,0,101,38,239,0" /><INIT seed="2,2,0,2,1,120" ten="203,419,139,239" oya="2" hai0="20,73,80,14,126,101,7,77,3,29,111,88,18" hai1="58,11,46,61,75,130,98,125,72,24,86,44,35" hai2="59,10,114,54,42,12,39,23,79,93,118,96,56" hai3="134,131,13,116,71,105,22,53,91,132,119,21,34"/><V102/><F118/><W2/><G91/><T123/><D123/><U32/><E98/><V129/><F129/><W66/><G53/><T8/><D126/><U68/><E68/><V127/><F127/><W108/><G66/><T19/><D101/><U47/><E130/><V109/><F114/><W122/><G13/><T33/><D19/><U107/><E107/><V100/><F79/><W49/><G49/><T15/><D111/><U78/><E11/><V60/><F23/><W17/><G17/><T113/><D113/><U0/><E0/><V90/><F59/><W85/><G85/><T48/><D48/><U84/><E125/><V40/><F109/><W112/><G22/><T89/><REACH who="0" step="1"/><D15/><REACH who="0" ten="193,419,139,239" step="2"/><U83/><E61/><V76/><F39/><W67/><G119/><T5/><D5/><U16/><E16/><N who="2" m="8215" /><F76/><W97/><G116/><T55/><D55/><U104/><E78/><V81/><F102/><W87/><G108/><T30/><D30/><U57/><E104/><V99/><F99/><W52/><G97/><T26/><AGARI ba="2,1" hai="3,7,8,14,18,20,26,29,33,73,77,80,88,89" machi="26" ten="30,8000,1" yaku="1,1,0,1,24,2,54,1,53,0" doraHai="120" doraHaiUra="65" who="0" fromWho="0" sc="193,96,419,-22,139,-42,239,-22" /><INIT seed="3,0,0,2,2,30" ten="289,397,97,217" oya="3" hai0="101,132,89,61,63,96,72,111,2,90,121,122,81" hai1="120,76,98,125,23,116,49,33,129,19,45,97,105" hai2="71,3,44,99,5,79,92,29,88,67,12,133,37" hai3="69,55,127,14,66,117,118,22,35,50,18,24,26"/><W27/><G127/><T119/><D2/><U59/><E120/><V80/><F133/><W112/><G112/><T51/><D119/><U77/><E125/><V53/><F29/><W78/><G78/><N who="1" m="30314" /><E33/><V58/><F12/><W109/><G109/><T87/><D111/><U84/><E105/><V56/><F67/><W94/><G35/><T62/><D72/><U82/><E129/><V102/><F71/><W13/><G13/><T40/><D132/><U47/><E59/><V115/><F102/><W68/><G68/><T43/><D90/><N who="1" m="51479" /><E47/><V46/><F115/><W0/><G0/><T100/><D100/><U114/><E114/><V104/><F104/><W9/><G9/><T124/><D124/><U74/><E74/><V128/><F128/><W83/><G83/><T130/><D130/><U103/><E103/><V20/><F44/><W131/><G131/><T57/><D122/><U75/><E75/><V39/><F46/><W10/><G10/><T21/><D21/><U95/><E95/><V36/><F20/><W25/><G94/><N who="0" m="58519" /><D121/><U11/><E11/><V31/><F31/><W107/><G107/><T93/><D93/><U6/><E116/><V48/><F56/><W134/><N who="3" m="6144" /><DORA hai="1" /><W135/><G117/><T17/><D17/><U64/><E19/><V110/><F110/><W126/><G126/><T4/><D57/><U8/><E23/><V123/><F123/><W54/><G118/><T28/><D28/><U42/><E97/><V86/><REACH who="2" step="1"/><F39/><REACH who="2" ten="289,397,87,217" step="2"/><W32/><G66/><T34/><D34/><U91/><E64/><V65/><F65/><W41/><G32/><RYUUKYOKU ba="0,1" sc="289,-10,397,-10,87,30,217,-10" hai2="3,5,36,37,48,53,58,79,80,86,88,92,99" /><INIT seed="4,1,1,1,2,85" ten="279,387,117,207" oya="0" hai0="56,53,49,77,112,61,23,36,11,66,44,102,25" hai1="80,91,105,34,15,33,47,87,123,92,120,114,51" hai2="75,95,122,41,52,48,133,62,8,89,134,31,72" hai3="109,83,86,110,12,58,39,90,76,118,6,65,3"/><T1/><D112/><U38/><E105/><V111/><F122/><W20/><G39/><T70/><D77/><U46/><E114/><V42/><F111/><W13/><G118/><T35/><D35/><U19/><E38/><V81/><F62/><W84/><G3/><T128/><D128/><U55/><E47/><N who="2" m="27679" /><F31/><W57/><G65/><T17/><D102/><U59/><E59/><V69/><F69/><W71/><G71/><T125/><D125/><U98/><E33/><V78/><F75/><W4/><G20/><T108/><D108/><U63/><E63/><V22/><F22/><W21/><G21/><T29/><D1/><U106/><E106/><V54/><F54/><W24/><G24/><T79/><D79/><U101/><E34/><V26/><F26/><W99/><G110/><T115/><D115/><U0/><E0/><V113/><F8/><AGARI ba="1,1" hai="8,15,19,46,51,55,80,87,91,92,98,101,120,123" machi="8" ten="30,7700,0" yaku="7,1,25,2,52,1" doraHai="85" who="1" fromWho="2" sc="279,0,387,90,117,-80,207,0" /><INIT seed="5,0,0,4,0,35" ten="279,477,37,207" oya="1" hai0="18,66,92,6,84,2,99,11,33,108,53,86,124" hai1="90,13,129,109,130,110,57,78,123,64,45,9,120" hai2="83,20,111,36,128,51,101,37,22,72,97,125,102" hai3="115,58,133,60,96,10,106,23,71,25,68,15,93"/><U8/><E78/><V61/><F111/><N who="1" m="42505" /><E90/><V50/><F125/><W43/><G106/><T54/><D108/><U14/><E45/><V55/><F72/><W70/><G115/><T21/><D33/><U1/><E57/><V114/><F83/><W39/><G133/><T24/><D124/><U103/><E64/><V0/><F114/><W31/><G43/><T29/><D66/><U121/><E103/><V27/><F27/><W87/><G87/><T104/><D104/><U89/><E89/><V28/><F28/><W98/><G39/><T112/><D112/><U100/><E100/><V118/><F55/><W47/><G47/><T30/><D54/><U59/><E59/><V63/><F97/><W135/><G135/><T95/><D53/><U62/><E62/><V17/><F17/><W3/><G58/><T12/><D95/><U49/><E49/><V131/><REACH who="2" step="1"/><F118/><REACH who="2" ten="279,477,27,207" step="2"/><W73/><G73/><T117/><D30/><U126/><E126/><V41/><F41/><W85/><G98/><T134/><D134/><U46/><E121/><V122/><F122/><W119/><G96/><T38/><D117/><U79/><E120/><V67/><F67/><W32/><G119/><T91/><D29/><U75/><E123/><V107/><F107/><W69/><G31/><T88/><D99/><U80/><E75/><V81/><F81/><W5/><G25/><T105/><D24/><U42/><E80/><V82/><F82/><W4/><G85/><T44/><D105/><U65/><E42/><V52/><F52/><W40/><N who="3" m="17408" /><DORA hai="48" /><W26/><G40/><N who="0" m="22551" /><D84/><U7/><E65/><RYUUKYOKU ba="0,1" sc="279,15,477,-15,27,15,207,-15" hai0="2,6,11,12,18,21,86,88,91,92" hai2="0,20,22,36,37,50,51,61,63,101,102,128,131" /><INIT seed="6,1,1,2,1,117" ten="294,462,42,192" oya="2" hai0="41,42,104,38,7,62,36,53,51,121,20,19,67" hai1="91,134,13,23,54,129,124,18,47,28,70,98,113" hai2="69,79,110,83,35,74,8,32,65,17,22,95,96" hai3="75,9,132,97,120,63,26,14,86,39,130,61,5"/><V60/><F110/><W43/><G120/><T111/><D104/><U89/><E70/><V73/><F8/><W85/><G75/><T125/><D111/><U123/><E113/><V99/><F74/><W52/><G130/><T33/><D33/><U66/><E66/><V102/><REACH who="2" step="1"/><F96/><REACH who="2" ten="294,462,32,192" step="2"/><W76/><G97/><T16/><D121/><U78/><E98/><V114/><F114/><W68/><G9/><T77/><D125/><U93/><E123/><V31/><F31/><W82/><G132/><T71/><D19/><U27/><E28/><V115/><F115/><W131/><G131/><T10/><D16/><U122/><E18/><V57/><F57/><W45/><G5/><T3/><D10/><U94/><E134/><V56/><F56/><W118/><G68/><T34/><D7/><U15/><E124/><V58/><F58/><W109/><G118/><T37/><D71/><U55/><E122/><V112/><F112/><W81/><G109/><T88/><D3/><U50/><E23/><V6/><F6/><W46/><G46/><T30/><D20/><U40/><E47/><V116/><F116/><W103/><G45/><T108/><D108/><U12/><E12/><AGARI ba="1,2" hai="12,17,22,32,35,60,65,69,73,79,83,95,99,102" machi="12" ten="30,2900,0" yaku="1,1,7,1,53,0" doraHai="117" doraHaiUra="84" who="2" fromWho="1" sc="294,0,462,-32,32,52,192,0" /><INIT seed="6,2,0,4,1,79" ten="294,430,84,192" oya="2" hai0="85,89,110,3,60,80,35,123,59,16,5,69,98" hai1="100,130,65,128,44,107,8,71,32,14,134,77,58" hai2="13,93,111,27,63,42,118,103,2,34,20,47,127" hai3="86,9,117,97,45,22,19,81,67,124,15,90,68"/><V43/><F118/><W84/><G117/><T28/><D123/><U10/><E134/><V76/><F2/><W41/><G124/><T61/><D110/><U74/><E32/><V53/><F127/><W102/><G68/><T23/><D69/><U131/><E71/><V18/><F111/><W129/><G67/><T119/><D119/><U82/><E44/><V133/><F133/><W104/><G129/><T88/><D35/><U64/><E58/><N who="2" m="35279" /><F34/><W49/><REACH who="3" step="1"/><G86/><REACH who="3" ten="294,430,84,182" step="2"/><T106/><D85/><U24/><E64/><V31/><F47/><W48/><G48/><T78/><D61/><U26/><E65/><V39/><F39/><W73/><G73/><T54/><D60/><U99/><E130/><V101/><F76/><W7/><G7/><T94/><D5/><U113/><E128/><V114/><F114/><W4/><G4/><T135/><D78/><U108/><E113/><V126/><F126/><W62/><G62/><T91/><D135/><U12/><E131/><V17/><F31/><W121/><G121/><T132/><D28/><U92/><E108/><V87/><F87/><W30/><G30/><T37/><D132/><U122/><E122/><V1/><F1/><W105/><G105/><T33/><D3/><U21/><E107/><V0/><F0/><W56/><G56/><T96/><D59/><U6/><E74/><V109/><F109/><W51/><G51/><T75/><D106/><U25/><E77/><V72/><F72/><W40/><G40/><N who="2" m="15401" /><F93/><W52/><G52/><T38/><D75/><U70/><E70/><V83/><F83/><W11/><AGARI ba="2,1" hai="9,11,15,19,22,41,45,49,81,84,90,97,102,104" machi="11" ten="30,8000,1" yaku="1,1,5,1,0,1,52,1,53,1" doraHai="79" doraHaiUra="95" who="3" fromWho="3" sc="294,-22,430,-22,84,-42,182,96" /><INIT seed="7,0,0,2,0,88" ten="272,408,42,278" oya="3" hai0="52,10,103,61,85,77,78,67,111,24,59,94,91" hai1="72,130,109,97,75,99,11,50,82,48,135,33,45" hai2="93,37,133,66,112,96,124,116,21,43,95,69,17" hai3="25,23,86,57,39,38,51,62,54,121,1,27,7"/><W12/><G121/><T107/><D111/><U131/><E109/><V47/><F116/><W29/><G1/><T22/><D10/><U123/><E123/><V110/><F110/><W132/><G132/><T31/><D107/><U56/><E33/><V71/><F124/><W14/><G39/><T100/><D67/><U18/><E135/><V87/><F133/><W108/><G38/><T128/><D128/><N who="1" m="49195" /><E56/><V80/><F112/><W105/><G105/><T118/><D118/><U92/><E82/><V9/><F9/><W3/><G3/><T113/><D113/><U83/><E83/><V44/><F44/><W53/><G7/><T106/><D106/><U115/><E115/><V79/><F96/><N who="1" m="36937" /><E92/><V5/><F5/><W46/><G108/><T35/><D35/><U98/><E98/><V89/><F79/><AGARI ba="0,0" hai="22,24,31,52,59,61,77,78,79,85,91,94,100,103" machi="79" ten="40,5200,0" yaku="8,1,52,1,54,1" doraHai="88" who="0" fromWho="2" sc="272,52,408,0,42,-52,278,0" owari="324,12.0,408,51.0,-10,-51.0,278,-12.0" /></mjloggm>