<mjloggm ver="2.3"><GO type="169" lobby="0"/><UN n0="%E8%AA%B2%E9%95%B7%E8%A6%96%E9%87%8E%E7%8B%AD%E7%AA%84" n1="%65%72%61%6E%76%69%74%61" n2="%E3%82%A6%E3%83%AB%E3%83%88%E3%83%A9%E7%AB%8B%E7%9B%B4" n3="%E3%80%93%E9%B3%A9%E9%BA%A6%E7%8E%84%E7%B1%B3%E3%80%93" dan="17,16,17,17" rate="2159.86,2085.86,2169.04,2229.83" sx="M,M,M,M"/><TAIKYOKU oya="0"/><INIT seed="0,0,0,5,4,19" ten="250,250,250,250" oya="0" hai0="12,92,40,29,97,3,67,34,84,105,103,32,66" hai1="106,78,51,23,22,71,58,30,73,11,119,86,46" hai2="2,123,121,83,88,98,16,64,108,93,75,44,77" hai3="8,135,127,26,133,81,27,128,15,111,4,72,38"/><T52/><D3/><U45/><E71/><V18/><F2/><W41/><G111/><T102/><D40/><U130/><E106/><V42/><F64/><W89/><G127/><T85/><D12/><U74/><E119/><V25/><F108/><W126/><G128/><T50/><D105/><U10/><E130/><V47/><F47/><N who="3" m="23991" /><G126/><T94/><D29/><U124/><E124/><V35/><F35/><W80/><G89/><T33/><D85/><U101/><E101/><V79/><F79/><N who="3" m="44135" /><G81/><T24/><D24/><U118/><E118/><V69/><F69/><W109/><G109/><T131/><D131/><U116/><E116/><V62/><F62/><W28/><G28/><T39/><D39/><U114/><E114/><V13/><F25/><W125/><G125/><T117/><D117/><U104/><E104/><V112/><F112/><W48/><G48/><T96/><REACH who="0" step="1"/><D84/><REACH who="0" ten="240,250,250,250" step="2"/><U37/><E86/><V100/><F13/><W65/><G27/><T1/><D1/><U55/><E30/><V17/><REACH who="2" step="1"/><F100/><REACH who="2" ten="240,250,240,250" step="2"/><W54/><G26/><T63/><D63/><U49/><E37/><AGARI ba="0,2" hai="16,17,18,37,42,44,75,77,83,88,93,98,121,123" machi="37" ten="40,8000,1" yaku="1,1,2,1,54,2,53,0" doraHai="19" doraHaiUra="61" who="2" fromWho="1" sc="240,0,250,-80,240,100,250,0" /><INIT seed="1,0,0,0,3,12" ten="240,170,340,250" oya="1" hai0="28,65,117,3,2,134,67,128,24,61,39,92,56" hai1="88,77,59,108,68,131,29,30,133,70,89,27,48" hai2="32,4,20,43,63,71,5,107,84,120,102,53,49" hai3="73,46,66,87,85,116,8,109,58,103,97,45,44"/><U111/><E131/><V82/><F32/><W54/><G73/><T62/><D128/><U105/><E105/><V76/><F107/><W64/><G109/><N who="1" m="42058" /><E133/><V118/><F102/><W74/><G74/><T104/><D104/><U123/><E123/><V51/><F118/><W93/><G116/><T121/><D117/><U132/><E132/><V94/><F94/><W34/><G34/><T113/><D134/><U91/><E77/><V81/><F81/><W72/><G72/><T115/><D121/><U101/><E101/><V15/><F71/><N who="1" m="27177" /><E27/><V80/><F76/><W130/><G130/><T38/><D24/><U10/><E10/><V95/><F82/><W26/><G8/><T125/><D92/><U7/><E7/><V31/><F80/><W106/><G26/><T60/><D28/><U19/><E19/><V25/><F5/><W57/><G106/><T127/><D3/><U16/><E16/><V69/><F4/><W110/><G110/><T129/><D2/><U50/><E59/><V9/><F25/><W86/><G57/><T22/><D22/><U42/><E42/><V6/><F20/><W135/><G135/><T18/><D18/><U96/><E96/><V37/><F69/><W23/><G23/><T17/><D17/><U33/><E33/><V114/><F120/><W126/><G58/><T119/><D129/><U79/><E79/><V47/><F31/><AGARI ba="0,0" hai="29,30,31,48,50,88,89,91" m="27177,42058" machi="31" ten="40,12000,1" yaku="28,2,14,1,10,1,54,1" doraHai="12" who="1" fromWho="2" sc="240,0,170,120,340,-120,250,0" /><INIT seed="1,1,0,1,3,18" ten="240,290,220,250" oya="1" hai0="83,100,67,106,3,97,107,76,25,115,56,88,112" hai1="17,102,5,10,72,79,30,33,4,64,40,13,78" hai2="69,71,95,8,45,54,58,110,22,131,96,130,82" hai3="51,84,99,37,73,91,41,16,122,49,15,132,109"/><U108/><E72/><V126/><F8/><W6/><G73/><T120/><D3/><U7/><E64/><V135/><F82/><W26/><G122/><T60/><D120/><U121/><E102/><V98/><F45/><W62/><G37/><T86/><D107/><U63/><E63/><V53/><F110/><W19/><G132/><T66/><D66/><U57/><E57/><V75/><F75/><W68/><G68/><N who="2" m="26185" /><F126/><W85/><G109/><T47/><D47/><U55/><E121/><V117/><F117/><W92/><G62/><T36/><D36/><U124/><E55/><N who="2" m="21003" /><F58/><W52/><G41/><T127/><D127/><U105/><E40/><V59/><F59/><N who="3" m="33167" /><G51/><T1/><D1/><U46/><E124/><V128/><F135/><W116/><G116/><T11/><D11/><U9/><E105/><V81/><F81/><W74/><G74/><T48/><D48/><U35/><E46/><V87/><F87/><N who="3" m="33355" /><G26/><T134/><D134/><U113/><E108/><V24/><F95/><W61/><G61/><T104/><D104/><U93/><E93/><V80/><F80/><W44/><G44/><T42/><D42/><U50/><E50/><V23/><F24/><W89/><G89/><T101/><D25/><U38/><E38/><V111/><F111/><W123/><G123/><T28/><D88/><U20/><E7/><V114/><F114/><W34/><G34/><N who="1" m="12810" /><E113/><V29/><F29/><W65/><G65/><T2/><D28/><U21/><E30/><V39/><F39/><W27/><G27/><T32/><D32/><U77/><E5/><V118/><F118/><RYUUKYOKU ba="1,0" sc="240,-30,290,10,220,10,250,10" hai1="4,9,10,13,17,20,21,77,78,79" hai2="22,23,96,98,128,130,131" hai3="6,15,16,19,91,92,99" /><INIT seed="1,2,0,4,4,91" ten="210,300,230,260" oya="1" hai0="135,35,8,59,31,105,97,96,0,126,113,63,61" hai1="28,83,94,112,71,46,55,70,42,56,2,40,127" hai2="81,65,121,30,68,78,43,101,106,109,6,89,41" hai3="17,64,29,21,54,11,22,72,86,38,92,25,108"/><U37/><E2/><V62/><F121/><W110/><G72/><T88/><D113/><U93/><E112/><V132/><F109/><W32/><G38/><T99/><D105/><U116/><E116/><V39/><F132/><W4/><G64/><T48/><D135/><U33/><E127/><V102/><F39/><W16/><G54/><N who="0" m="32199" /><D35/><U20/><E42/><V115/><F115/><W10/><G86/><T7/><D0/><U130/><E33/><V73/><F6/><W51/><G51/><T57/><D126/><U118/><E118/><V79/><F79/><W82/><G92/><N who="0" m="56327" /><D31/><U53/><E83/><V69/><F30/><W133/><G82/><T80/><D80/><U34/><E34/><V19/><F69/><W3/><G10/><T120/><D120/><U5/><E71/><V75/><F75/><W50/><G50/><T87/><D87/><U45/><E70/><V44/><F106/><W100/><G100/><T18/><D7/><U117/><E5/><V104/><F104/><W52/><G52/><N who="0" m="33959" /><D63/><N who="1" m="36239" /><E117/><V122/><F73/><W128/><G133/><T26/><D8/><U119/><E119/><V123/><F68/><W131/><G108/><T107/><D107/><U95/><E28/><V129/><F122/><W125/><G110/><T36/><D36/><U13/><E55/><V23/><F123/><W47/><G125/><T84/><D84/><U9/><E9/><V134/><F81/><W74/><G74/><T58/><D58/><U114/><E114/><V67/><F134/><W90/><G32/><T66/><D66/><U60/><E60/><V1/><F62/><RYUUKYOKU ba="2,0" sc="210,30,300,-10,230,-10,260,-10" hai0="18,26,97,99" /><INIT seed="2,3,0,5,5,78" ten="240,290,220,250" oya="2" hai0="90,35,108,89,27,112,97,53,84,8,39,100,1" hai1="111,48,31,59,7,115,23,30,38,68,82,61,14" hai2="86,109,120,91,60,51,98,77,42,29,114,15,88" hai3="94,28,101,128,99,43,58,81,133,26,132,63,36"/><V80/><F120/><W47/><G128/><T3/><D112/><U2/><E38/><V124/><F114/><W24/><G24/><T102/><D39/><U45/><E68/><V105/><F124/><W52/><REACH who="3" step="1"/><G81/><REACH who="3" ten="240,290,220,240" step="2"/><N who="0" m="49295" /><D108/><U126/><E111/><V49/><F109/><W4/><G4/><T103/><D1/><U67/><E115/><V41/><F29/><W44/><G44/><T107/><D3/><U40/><E126/><V76/><F105/><W123/><G123/><T85/><D107/><U75/><E2/><V18/><F77/><W9/><G9/><T117/><D8/><U130/><E130/><V69/><F76/><W22/><AGARI ba="3,1" hai="22,26,28,36,43,47,52,58,63,94,99,101,132,133" machi="22" ten="30,4000,0" yaku="1,1,0,1,54,1,53,0" doraHai="78" doraHaiUra="122" who="3" fromWho="3" sc="240,-13,290,-13,220,-23,240,59" /><INIT seed="3,0,0,4,4,67" ten="227,277,197,299" oya="3" hai0="75,97,55,56,36,100,40,66,87,50,11,27,104" hai1="3,49,61,95,59,26,8,46,63,120,10,30,68" hai2="74,117,54,77,107,88,47,108,99,31,105,53,103" hai3="78,7,45,2,16,109,125,92,79,85,133,4,20"/><W33/><G33/><T98/><D75/><U17/><E120/><V82/><F117/><W101/><G2/><T9/><D66/><U41/><E17/><V0/><F0/><W18/><G125/><T38/><D87/><U119/><E3/><V65/><F108/><W129/><G129/><T126/><D126/><U118/><E95/><V48/><F31/><W62/><G133/><T96/><D40/><U94/><E94/><V116/><F116/><N who="1" m="44585" /><E63/><V39/><F39/><W43/><G18/><T52/><D27/><U71/><E10/><N who="0" m="3593" /><D104/><U130/><E8/><V115/><F115/><W29/><G29/><T32/><D32/><N who="1" m="20567" /><E130/><V110/><F107/><W134/><G134/><T122/><D122/><U57/><E57/><V70/><F110/><W89/><G109/><T113/><D113/><U93/><E93/><V76/><F105/><W84/><G62/><N who="0" m="36103" /><D38/><U114/><E114/><V131/><F131/><W35/><G35/><T81/><D36/><U42/><E42/><V13/><F54/><AGARI ba="0,0" hai="41,46,49,54,59,61,68,71" m="20567,44585" machi="54" ten="30,3900,0" yaku="12,1,52,2" doraHai="67" who="1" fromWho="2" sc="227,0,277,39,197,-39,299,0" /><INIT seed="4,0,0,4,5,56" ten="227,316,158,299" oya="0" hai0="10,89,1,17,129,46,24,47,55,48,36,92,21" hai1="54,102,73,85,14,106,109,18,84,82,3,0,64" hai2="11,132,131,116,4,28,97,113,78,12,30,61,52" hai3="63,65,38,123,20,95,100,75,40,81,91,103,88"/><T60/><D129/><U104/><E109/><V115/><F131/><W111/><G111/><T99/><D36/><U128/><E128/><V119/><F116/><W121/><G40/><T110/><D110/><U39/><E39/><V26/><F119/><W9/><G38/><T70/><D1/><U90/><E54/><V29/><F78/><N who="3" m="44255" /><G20/><T35/><D35/><U42/><E42/><V16/><F97/><N who="3" m="57575" /><G9/><T125/><D125/><U6/><E6/><V50/><F132/><W68/><G91/><T107/><D107/><U53/><E106/><V33/><F4/><W44/><G44/><T108/><D108/><U120/><E64/><V127/><F127/><W15/><G15/><N who="0" m="7415" /><D70/><U130/><E3/><V25/><F61/><W22/><G22/><T93/><D93/><U71/><E0/><V77/><F77/><W13/><G13/><T19/><D48/><U133/><E14/><V87/><F87/><W112/><G112/><N who="2" m="43081" /><F33/><W62/><G62/><T122/><D122/><AGARI ba="0,0" hai="63,65,68,100,103,121,122,123" m="57575,44255" machi="122" ten="30,3900,0" yaku="13,1,52,1,54,1" doraHai="56" who="3" fromWho="0" sc="227,-39,316,0,158,0,299,39" /><INIT seed="5,0,0,1,1,19" ten="188,316,158,338" oya="1" hai0="44,88,30,99,123,55,12,114,116,42,84,57,131" hai1="54,9,104,134,115,111,33,108,110,15,105,90,50" hai2="69,65,98,29,28,58,106,82,51,103,59,120,128" hai3="11,45,49,16,67,36,5,63,17,79,80,102,68"/><U39/><E39/><V122/><F128/><W121/><G121/><T7/><D116/><U14/><E115/><V2/><F2/><W0/><G102/><T53/><D114/><U1/><E134/><V25/><F29/><W4/><G4/><T86/><D131/><U6/><E33/><V26/><F25/><W76/><G76/><T89/><D123/><U93/><E104/><V18/><F18/><W81/><G81/><T56/><D30/><U113/><E105/><V126/><F126/><W101/><G101/><T118/><D118/><U66/><E66/><V38/><F38/><W127/><G127/><T72/><D72/><U100/><E100/><V10/><F10/><W22/><BYE who="2" /><G22/><T27/><D99/><UN n2="%E3%82%A6%E3%83%AB%E3%83%88%E3%83%A9%E7%AB%8B%E7%9B%B4" /><U23/><E113/><V74/><F82/><W13/><BYE who="2" /><G0/><T48/><D27/><UN n2="%E3%82%A6%E3%83%AB%E3%83%88%E3%83%A9%E7%AB%8B%E7%9B%B4" /><U20/><E15/><V62/><F74/><W43/><G36/><T135/><D135/><U64/><E64/><V71/><F71/><W46/><REACH who="3" step="1"/><G45/><REACH who="3" ten="188,316,158,328" step="2"/><T73/><D7/><U133/><E1/><V130/><F130/><W112/><G112/><T24/><D73/><AGARI ba="0,1" hai="5,11,13,16,17,43,46,49,63,67,68,73,79,80" machi="73" ten="30,3900,0" yaku="1,1,7,1,54,1,53,0" doraHai="19" doraHaiUra="70" who="3" fromWho="0" sc="188,-39,316,0,158,0,328,49" /><INIT seed="6,0,0,2,5,91" ten="149,316,158,377" oya="2" hai0="71,36,17,69,119,41,115,29,62,86,126,125,129" hai1="53,92,96,61,11,56,28,40,118,25,94,100,89" hai2="51,60,8,39,5,63,127,124,7,54,47,102,65" hai3="82,55,85,70,18,32,80,6,1,45,64,78,35"/><V31/><F31/><W20/><G1/><T12/><D115/><U135/><E118/><V30/><F30/><W34/><G6/><T44/><D119/><U57/><E135/><V128/><F7/><W87/><G64/><T33/><D129/><U43/><E11/><V110/><F39/><W59/><G70/><T106/><D106/><U117/><E57/><V38/><F38/><W3/><G45/><T79/><D79/><U90/><E100/><V132/><F128/><W22/><G3/><T9/><D86/><U114/><E114/><V37/><F37/><W99/><G99/><T95/><D95/><U84/><REACH who="1" step="1"/><E117/><REACH who="1" ten="149,306,158,377" step="2"/><V133/><F102/><W97/><G59/><T74/><D71/><U76/><E76/><V23/><F8/><W113/><G78/><T15/><D69/><U105/><E105/><V42/><F5/><W21/><G113/><T123/><D123/><U52/><E52/><V50/><F110/><W130/><G55/><T10/><D74/><U24/><E24/><V68/><F23/><AGARI ba="0,1" hai="23,25,28,40,43,53,56,61,84,89,90,92,94,96" machi="23" ten="30,8000,1" yaku="1,1,7,1,8,1,52,2,53,0" doraHai="91" doraHaiUra="14" who="1" fromWho="2" sc="149,0,306,90,158,-80,377,0" /><INIT seed="7,0,0,4,2,131" ten="149,396,78,377" oya="3" hai0="63,102,132,79,53,8,42,109,27,126,24,92,39" hai1="95,121,30,96,106,98,129,26,14,81,25,1,67" hai2="33,97,10,94,47,2,113,127,133,29,51,62,7" hai3="108,76,52,107,103,80,135,36,73,122,37,69,93"/><W116/><G116/><T22/><D109/><U40/><E1/><V49/><F113/><W111/><G122/><T18/><D126/><U46/><E121/><V134/><F127/><W65/><G93/><T99/><D79/><U45/><E129/><V15/><F2/><W104/><G52/><T125/><D125/><U9/><E106/><N who="3" m="40490" /><G103/><T85/><D39/><N who="3" m="14921" /><G135/><N who="2" m="51721" /><F62/><AGARI ba="0,0" hai="62,65,69,73,76,80,108,111" m="14921,40490" machi="62" ten="40,2000,0" yaku="23,1" doraHai="131" who="3" fromWho="2" sc="149,0,396,0,78,-20,377,20" owari="149,-25.0,396,20.0,58,-44.0,397,49.0" /></mjloggm>