<mjloggm ver="2.3"><GO type="169" lobby="0"/><UN n0="%E5%A4%96%E9%81%93" n1="%E3%81%8D%E3%81%97%E3%82%8A%E3%81%A3%E3%81%97%E3%82%85" n2="%68%65%61%6C%74%68%79%37" n3="%E3%82%A6%E3%83%AB%E3%83%88%E3%83%A9%E7%AB%8B%E7%9B%B4" dan="17,16,16,16" rate="2150.52,2061.24,2065.26,2110.72" sx="M,F,M,M"/><TAIKYOKU oya="0"/><INIT seed="0,0,0,1,3,10" ten="250,250,250,250" oya="0" hai0="91,127,42,78,103,63,41,86,0,100,43,34,50" hai1="9,68,69,92,126,25,83,65,97,39,4,87,24" hai2="104,37,131,61,96,5,19,64,109,8,6,102,13" hai3="99,101,79,73,48,119,2,130,95,118,21,7,26"/><T36/><D36/><U89/><E39/><V29/><F109/><W132/><G2/><T40/><D0/><U82/><E126/><V66/><F131/><W56/><G7/><T106/><D127/><U125/><E83/><V110/><F110/><W120/><G79/><T128/><D128/><U52/><E125/><V84/><F29/><W57/><G73/><T81/><D34/><U121/><E121/><V35/><F35/><W105/><G130/><T70/><D106/><U53/><E69/><V129/><F129/><W12/><G120/><T90/><D70/><U116/><E116/><V114/><F114/><W31/><G132/><T133/><D133/><U32/><E65/><V55/><F37/><W76/><G76/><T45/><REACH who="0" step="1"/><D63/><REACH who="0" ten="240,250,250,250" step="2"/><U38/><E68/><V67/><F61/><W71/><G71/><T88/><AGARI ba="0,1" hai="40,41,42,43,45,50,78,81,86,88,90,91,100,103" machi="88" ten="30,12000,1" yaku="1,1,2,1,0,1,8,1,54,1,53,0" doraHai="10" doraHaiUra="30" who="0" fromWho="0" sc="240,130,250,-40,250,-40,250,-40" /><INIT seed="0,1,0,0,2,71" ten="370,210,210,210" oya="0" hai0="9,132,58,26,77,53,122,92,126,72,30,111,46" hai1="81,118,14,110,106,13,67,2,43,10,20,5,117" hai2="109,42,61,116,41,134,103,120,39,89,95,83,29" hai3="82,21,51,74,102,31,34,38,62,47,130,28,63"/><T4/><D122/><U49/><E106/><V64/><F120/><W8/><G130/><T123/><D123/><U108/><E67/><V23/><F109/><N who="1" m="42089" /><E81/><V125/><F134/><W128/><G128/><T99/><D111/><U50/><E50/><V124/><F116/><N who="1" m="44649" /><E49/><V54/><F54/><W85/><G102/><T93/><D126/><N who="2" m="48746" /><F83/><W44/><G74/><T1/><D46/><U78/><E78/><V96/><F103/><W76/><G76/><T133/><D77/><U97/><E43/><V15/><F39/><W16/><G82/><T60/><D72/><U114/><E97/><V24/><F15/><W127/><G85/><T48/><D48/><U131/><E131/><V112/><F112/><W12/><G51/><T25/><D93/><U65/><E65/><V18/><F18/><W59/><G12/><T121/><D121/><U107/><E107/><V32/><F32/><W69/><G34/><T101/><D26/><U68/><E114/><V119/><F119/><W113/><G127/><T100/><D101/><U115/><E115/><V33/><F33/><W98/><G113/><T55/><D55/><U105/><E105/><V87/><F87/><W56/><G98/><T90/><D100/><U3/><E68/><AGARI ba="1,0" hai="23,24,29,41,42,61,64,68,89,95,96" m="48746" machi="68" ten="30,1000,0" yaku="18,1" doraHai="71" who="2" fromWho="1" sc="370,0,210,-13,210,13,210,0" /><INIT seed="1,0,0,3,3,72" ten="370,197,223,210" oya="1" hai0="135,73,15,107,17,98,10,71,37,113,110,92,7" hai1="1,51,31,34,123,12,49,9,127,83,57,20,91" hai2="116,99,68,76,45,30,64,59,29,14,28,62,108" hai3="66,44,60,133,101,118,132,131,16,6,111,109,122"/><U22/><E123/><V43/><F116/><W26/><G122/><T100/><D71/><U42/><E1/><V52/><F108/><N who="3" m="41547" /><G118/><T11/><D113/><U41/><E127/><V23/><F99/><W121/><G121/><T97/><D110/><U58/><E34/><V61/><F76/><W114/><G114/><T36/><D73/><U19/><E31/><V77/><F77/><W125/><G6/><T21/><D11/><U105/><E105/><V65/><F65/><W39/><G101/><T115/><D135/><U38/><E38/><V90/><F90/><W56/><G125/><T74/><D74/><U134/><E134/><N who="3" m="51818" /><G26/><T88/><REACH who="0" step="1"/><D115/><REACH who="0" ten="360,197,223,210" step="2"/><U53/><E9/><V75/><F75/><W128/><G16/><T89/><D89/><U82/><E91/><V126/><F126/><W27/><G27/><AGARI ba="0,1" hai="7,10,15,17,21,27,36,37,88,92,97,98,100,107" machi="27" ten="30,7700,0" yaku="1,1,7,1,54,1,53,1" doraHai="72" doraHaiUra="5" who="0" fromWho="3" sc="360,87,197,0,223,0,210,-77" /><INIT seed="2,0,0,0,5,14" ten="447,197,223,133" oya="2" hai0="19,33,122,71,103,41,133,53,74,73,86,24,70" hai1="102,12,15,83,116,35,111,57,16,10,114,0,56" hai2="38,39,47,72,22,77,8,89,129,80,126,95,30" hai3="121,87,23,26,2,54,101,20,78,63,104,93,59"/><V48/><F126/><W79/><G2/><T51/><D122/><U9/><E0/><V76/><F76/><W55/><G121/><T34/><D41/><U21/><E114/><V5/><F129/><W68/><G68/><T40/><D40/><U13/><E116/><V17/><F30/><W6/><G6/><T85/><D53/><U109/><E35/><V135/><F135/><W29/><G104/><T69/><D51/><U97/><E83/><V81/><F81/><W31/><G55/><T125/><D103/><U25/><E57/><V49/><F8/><W75/><G75/><T65/><D65/><U115/><E56/><V46/><F5/><W112/><G112/><T43/><D43/><U62/><E62/><V91/><F48/><W92/><G101/><T18/><D133/><U37/><E37/><V88/><F95/><N who="3" m="36427" /><G87/><N who="0" m="33291" /><D24/><AGARI ba="0,0" hai="20,23,24,26,29,31,54,59,63,78,79" m="36427" machi="24" ten="30,1000,0" yaku="8,1" doraHai="14" who="3" fromWho="0" sc="447,-10,197,0,223,0,133,10" /><INIT seed="3,0,0,5,2,94" ten="437,197,223,143" oya="3" hai0="126,14,103,57,131,16,127,122,56,93,71,40,35" hai1="20,100,98,10,112,110,109,116,74,30,29,34,79" hai2="46,53,135,54,77,89,85,102,51,128,62,37,130" hai3="21,64,33,95,24,107,41,78,13,81,65,36,43"/><W87/><G107/><T18/><D71/><U38/><E112/><V99/><F77/><W115/><G115/><T92/><D35/><U19/><E34/><V7/><F37/><W5/><G33/><T63/><D122/><U91/><E10/><V1/><F7/><W2/><G2/><T23/><D131/><N who="2" m="50218" /><F1/><W50/><G36/><T11/><D40/><N who="3" m="15433" /><G50/><T4/><D18/><U45/><E38/><V108/><F108/><W59/><G59/><N who="0" m="22603" /><D103/><U9/><E100/><V12/><F12/><W66/><G95/><T83/><D83/><U25/><E74/><V105/><F54/><W90/><G78/><T67/><D67/><U68/><E79/><V124/><F135/><W114/><G114/><T49/><D49/><U118/><E110/><V80/><F124/><N who="0" m="47658" /><D63/><AGARI ba="0,0" hai="46,51,53,62,63,80,85,89,99,102,105" m="50218" machi="63" ten="30,2000,0" yaku="19,1,52,1" doraHai="94" who="2" fromWho="0" sc="437,-20,197,0,223,20,143,0" /><INIT seed="4,0,0,0,4,109" ten="417,197,243,143" oya="0" hai0="86,15,21,45,120,0,37,104,64,121,65,117,48" hai1="87,62,101,3,52,88,116,106,17,42,54,82,55" hai2="57,112,63,1,58,111,5,132,84,99,129,69,77" hai3="72,126,20,97,40,28,35,2,114,38,89,29,108"/><T76/><D104/><U118/><E3/><V30/><F111/><W22/><G72/><T75/><D0/><U16/><E42/><V133/><F69/><W61/><G108/><T127/><D117/><U73/><E73/><V53/><F30/><W7/><G40/><T11/><D75/><U98/><REACH who="1" step="1"/><E62/><REACH who="1" ten="417,187,243,143" step="2"/><V51/><F63/><W95/><G61/><T6/><D121/><U96/><E96/><V4/><F99/><W83/><G97/><T19/><D120/><U134/><E134/><V113/><F1/><W33/><G2/><T43/><D37/><U59/><E59/><V10/><F58/><W8/><G38/><T36/><D36/><U12/><E12/><V102/><F132/><W90/><G126/><T67/><D127/><U131/><E131/><V26/><F133/><W14/><G14/><N who="0" m="9463" /><D65/><U32/><E32/><V46/><F57/><W44/><G33/><T68/><D68/><U79/><E79/><V81/><F77/><W78/><G78/><T123/><D123/><U92/><E92/><V18/><F46/><W31/><G35/><T27/><D27/><U135/><E135/><V71/><F26/><W50/><G44/><T119/><D119/><AGARI ba="0,1" hai="16,17,52,54,55,82,87,88,98,101,106,116,118,119" machi="119" ten="40,8000,1" yaku="1,1,54,3,53,1" doraHai="109" doraHaiUra="80" who="1" fromWho="0" sc="417,-80,187,90,243,0,143,0" /><INIT seed="5,0,0,5,1,2" ten="337,277,243,143" oya="1" hai0="95,130,61,127,112,92,114,82,16,66,91,119,103" hai1="133,15,105,75,109,22,118,28,17,25,104,59,14" hai2="115,26,126,45,122,70,96,1,47,41,111,24,12" hai3="125,89,18,78,13,42,110,35,98,74,135,10,124"/><U9/><E118/><V8/><F1/><W30/><G110/><T62/><D119/><U76/><E109/><V132/><F111/><W63/><G78/><T23/><D130/><U121/><E121/><V36/><F122/><W50/><G74/><T39/><D39/><U54/><E133/><V56/><F70/><W3/><G63/><T11/><D127/><N who="3" m="48713" /><G89/><T99/><D11/><U80/><E15/><V107/><F126/><W87/><G98/><N who="0" m="59871" /><D82/><U20/><E20/><V21/><F47/><W33/><G87/><T19/><D23/><U85/><E75/><V81/><F81/><W34/><G50/><AGARI ba="0,0" hai="9,14,17,22,25,28,50,54,59,76,80,85,104,105" machi="50" ten="30,1500,0" yaku="7,1" doraHai="2" who="1" fromWho="3" sc="337,0,277,15,243,0,143,-15" /><INIT seed="5,1,0,1,0,130" ten="337,292,243,128" oya="1" hai0="34,120,24,76,93,62,43,33,134,5,83,11,89" hai1="81,45,131,77,23,18,91,128,96,78,28,127,64" hai2="57,12,124,42,133,41,73,126,1,38,84,36,37" hai3="97,63,39,26,71,54,108,14,0,94,2,119,47"/><U79/><E28/><V101/><F1/><W92/><G108/><T95/><D120/><U112/><E64/><V132/><F73/><W113/><G113/><T50/><D134/><N who="2" m="51818" /><F101/><W3/><G119/><T98/><D62/><U8/><E112/><V99/><F99/><W48/><G39/><T51/><D95/><U115/><E115/><V58/><F12/><W16/><G26/><T72/><D24/><U46/><E96/><V40/><F84/><W65/><REACH who="3" step="1"/><G97/><REACH who="3" ten="337,292,243,118" step="2"/><T106/><D98/><U44/><E131/><V107/><F107/><W19/><G19/><T122/><D106/><U56/><E128/><V15/><F15/><W29/><G29/><T75/><D122/><U7/><E18/><V74/><F74/><W66/><G66/><T25/><D75/><U52/><E7/><V109/><F109/><W69/><G69/><T121/><D72/><U104/><E104/><V22/><F22/><AGARI ba="1,1" hai="0,2,3,14,16,22,47,48,54,63,65,71,92,94" machi="22" ten="40,8000,1" yaku="1,1,54,1,53,3" doraHai="130" doraHaiUra="32" who="3" fromWho="2" sc="337,0,292,0,243,-83,118,93" /><INIT seed="6,0,0,5,4,125" ten="337,292,160,211" oya="2" hai0="0,6,83,128,63,31,30,40,52,7,82,8,133" hai1="39,127,22,69,72,28,11,71,77,81,80,58,68" hai2="33,3,57,94,75,120,132,23,34,89,47,124,59" hai3="96,14,37,118,92,44,108,5,79,36,32,130,107"/><V19/><F120/><W65/><G32/><T45/><D128/><U10/><E39/><V70/><F70/><W56/><G107/><T86/><D7/><U103/><E103/><V111/><F75/><W93/><G108/><T85/><D133/><U2/><E2/><V97/><F3/><W61/><G118/><T110/><D110/><U121/><E127/><V102/><F111/><W41/><G130/><T123/><D123/><U18/><E28/><V126/><F132/><W100/><G79/><T25/><D25/><U98/><E121/><V101/><F124/><W105/><G37/><T122/><D122/><U73/><E98/><V134/><F134/><W20/><G5/><T113/><D113/><U29/><E58/><V66/><F47/><W119/><G119/><T67/><D85/><U55/><E29/><V16/><F126/><W51/><G36/><T64/><D64/><U99/><E99/><V88/><F34/><W12/><G105/><T91/><D83/><U24/><E55/><V1/><F1/><W87/><G20/><T104/><D104/><U38/><E38/><V26/><F33/><W15/><G92/><T135/><D135/><U60/><E60/><N who="2" m="38159" /><F59/><W4/><G4/><T9/><D6/><U129/><E129/><V109/><F109/><W74/><G74/><T13/><D0/><U42/><E42/><V84/><F19/><W117/><G117/><T49/><D40/><U43/><E43/><V95/><AGARI ba="0,0" hai="16,23,26,84,88,89,94,95,97,101,102" m="38159" machi="95" ten="30,6000,0" yaku="8,1,54,2" doraHai="125" who="2" fromWho="2" sc="337,-20,292,-20,160,60,211,-20" /><INIT seed="6,1,0,1,2,22" ten="317,272,220,191" oya="2" hai0="24,4,85,37,62,42,44,5,38,129,29,2,132" hai1="97,105,52,72,116,3,26,135,80,91,34,86,114" hai2="19,49,94,1,92,89,15,53,55,107,17,77,106" hai3="58,67,65,23,11,8,18,16,28,73,69,39,101"/><V20/><F77/><W127/><G73/><T63/><D129/><U13/><E3/><V113/><F1/><W84/><G39/><T115/><D115/><U126/><E116/><V6/><F6/><W27/><G69/><T7/><D132/><U99/><E72/><V9/><F113/><W121/><G121/><T76/><D38/><U41/><E41/><V35/><F35/><W57/><G127/><T25/><D2/><U32/><E105/><V82/><F82/><W21/><G101/><T102/><D102/><U60/><E34/><V33/><F33/><W10/><G84/><T131/><D29/><U108/><E108/><V81/><F55/><W74/><G74/><T104/><D104/><U50/><E60/><N who="0" m="23081" /><D37/><U88/><E126/><V128/><F128/><W59/><REACH who="3" step="1"/><G28/><REACH who="3" ten="317,272,220,181" step="2"/><T64/><D85/><U70/><E70/><V100/><F100/><W46/><G46/><T130/><D44/><U68/><E68/><V96/><F107/><W30/><G30/><T75/><D75/><U66/><E114/><V118/><F106/><W95/><G95/><T61/><D131/><U117/><E86/><N who="2" m="50383" /><F96/><W56/><N who="3" m="14336" /><DORA hai="124" /><W109/><G109/><T93/><D61/><U36/><E99/><V134/><F134/><W45/><G45/><T133/><D133/><U122/><E97/><V125/><F125/><W112/><G112/><T48/><D130/><U103/><E135/><V14/><F94/><W98/><G98/><T79/><D93/><U12/><E103/><V83/><F92/><W51/><G51/><T78/><D48/><U0/><E122/><V110/><F110/><RYUUKYOKU ba="1,1" sc="317,-10,272,-10,220,-10,181,30" hai3="8,10,11,16,18,21,23,27,65,67" /><INIT seed="7,2,1,0,0,7" ten="307,262,210,211" oya="3" hai0="130,83,3,119,101,56,40,23,45,124,44,4,95" hai1="91,10,125,38,93,122,81,25,54,99,89,58,39" hai2="48,73,114,129,50,120,96,47,71,29,76,110,0" hai3="27,84,80,116,92,12,63,14,57,34,42,43,78"/><W62/><G34/><T22/><D119/><U31/><E122/><V16/><F110/><W108/><G116/><T109/><D109/><U33/><E125/><V21/><F71/><W60/><G108/><T17/><D130/><U32/><E32/><V9/><F120/><W53/><G27/><T2/><D4/><U88/><E10/><V113/><F129/><W55/><G92/><T117/><D117/><U30/><E30/><V24/><F96/><W18/><G14/><T69/><D69/><U82/><E82/><N who="2" m="45327" /><F47/><W115/><G115/><N who="2" m="44041" /><F29/><W123/><G123/><T65/><D45/><U102/><E81/><V121/><F121/><W85/><G85/><T41/><D83/><U72/><E72/><V86/><F86/><W75/><G75/><T128/><D44/><U132/><E31/><V103/><F103/><W104/><G104/><T97/><D101/><U94/><E102/><V13/><F13/><W105/><G105/><T90/><D97/><U131/><E99/><V51/><F51/><N who="3" m="30911" /><G55/><T112/><D128/><U126/><E131/><V79/><F79/><W61/><N who="3" m="15360" /><DORA hai="8" /><W118/><G118/><T6/><D3/><U59/><E54/><V67/><F67/><W37/><G37/><T70/><D65/><U87/><E39/><V127/><F127/><W35/><G35/><T49/><D124/><U107/><E38/><V100/><F100/><W26/><G26/><T36/><D36/><U28/><E107/><V52/><F52/><W1/><G1/><T74/><D74/><U111/><E126/><V20/><F20/><AGARI ba="2,1" hai="12,18,20,42,43,78,80,84" m="15360,30911" machi="20" ten="40,3900,0" yaku="8,1,52,1" doraHai="7,8" who="3" fromWho="2" sc="307,0,262,0,210,-45,211,55" /><INIT seed="7,3,0,0,2,23" ten="307,262,165,266" oya="3" hai0="91,50,90,82,104,54,2,10,115,89,93,63,30" hai1="53,29,49,86,94,20,88,127,105,58,27,114,1" hai2="83,46,106,110,109,21,118,57,92,101,97,28,12" hai3="11,134,42,5,66,73,4,51,132,124,67,55,61"/><W131/><G73/><T112/><D104/><U87/><E105/><V117/><F46/><W26/><G42/><T71/><D30/><U34/><E114/><N who="0" m="43561" /><D82/><U64/><E127/><V103/><F57/><W17/><G124/><T41/><D41/><U36/><E1/><V16/><F28/><W39/><G39/><T43/><D43/><U31/><E36/><V133/><F133/><N who="3" m="51307" /><G131/><T107/><D107/><U75/><E75/><V38/><F38/><W76/><G76/><T108/><D108/><U56/><E34/><V52/><F52/><W44/><G66/><N who="0" m="41439" /><D10/><U122/><E122/><V47/><F47/><W8/><G8/><T80/><D2/><U135/><E135/><V0/><F0/><W60/><G60/><T116/><D80/><U123/><E123/><V77/><F101/><W99/><G61/><T45/><D116/><U59/><E31/><V84/><REACH who="2" step="1"/><F106/><REACH who="2" ten="307,262,155,266" step="2"/><W24/><G44/><T7/><D7/><U74/><E64/><V70/><F70/><W98/><G67/><T3/><D3/><U22/><E59/><V128/><F128/><W125/><G4/><T35/><D35/><U95/><E58/><V62/><F62/><W119/><G5/><T48/><D48/><U18/><E29/><V15/><F15/><N who="3" m="7423" /><G125/><T72/><D45/><U121/><E121/><V6/><F6/><W96/><G119/><AGARI ba="3,1" hai="12,16,21,77,83,84,92,97,103,109,110,117,118,119" machi="119" ten="40,5200,0" yaku="1,1,54,1,53,1" doraHai="23" doraHaiUra="19" who="2" fromWho="3" sc="307,0,262,0,155,71,266,-61" owari="307,40.0,262,6.0,226,-17.0,205,-29.0" /></mjloggm>