<mjloggm ver="2.3"><GO type="225" lobby="0"/><UN n0="%E8%BF%A6%E9%99%B5%E9%A0%BB%E4%BC%BD" n1="%E3%83%88%E3%83%88%E3%83%AA%E5%85%88%E7%94%9F%31%39%E6%AD%B3" n2="%E3%83%86%E3%82%A3%E3%82%AB%2D%CE%B3" n3="%E3%82%AC%E3%83%9F%E3%82%B4%E3%83%B3" dan="17,17,17,16" rate="2171.18,2227.62,2131.73,2187.78" sx="F,F,M,M"/><TAIKYOKU oya="0"/><INIT seed="0,0,0,0,2,27" ten="250,250,250,250" oya="0" hai0="31,115,81,63,90,70,117,128,125,0,73,18,65" hai1="29,78,114,54,102,5,129,8,46,109,16,47,25" hai2="121,12,11,3,1,37,82,69,88,72,26,120,66" hai3="60,92,103,53,118,59,122,101,83,105,55,41,131"/><T108/><D115/><U33/><E114/><V99/><F37/><W123/><G118/><T76/><D117/><U45/><E109/><V4/><F69/><W100/><G131/><T23/><D0/><U116/><E116/><V77/><F66/><N who="3" m="39199" /><G105/><T14/><D128/><U34/><E129/><V49/><F49/><W21/><G41/><T71/><D125/><U96/><E78/><V93/><REACH who="2" step="1"/><F26/><REACH who="2" ten="250,250,240,250" step="2"/><W104/><G123/><AGARI ba="0,1" hai="1,3,4,11,12,72,77,82,88,93,99,120,121,123" machi="123" ten="40,8000,1" yaku="1,1,2,1,54,1,53,1" doraHai="27" doraHaiUra="9" who="2" fromWho="3" sc="250,0,250,0,240,90,250,-80" /><INIT seed="1,0,0,0,2,117" ten="250,250,330,170" oya="1" hai0="50,127,99,43,135,115,68,46,14,53,64,130,92" hai1="119,39,34,21,7,27,112,17,9,121,101,29,78" hai2="131,97,105,37,93,100,85,122,67,32,15,96,66" hai3="8,36,124,30,109,80,31,79,132,25,49,26,51"/><U86/><E119/><V42/><F32/><W87/><G36/><T2/><D2/><N who="1" m="247" /><E39/><V40/><F131/><W4/><G109/><T91/><D115/><U16/><E101/><V44/><F42/><W65/><G124/><T41/><D68/><U63/><E63/><V83/><F15/><N who="3" m="5511" /><G132/><T120/><D64/><U23/><E86/><V20/><F20/><N who="1" m="7753" /><E78/><V5/><F66/><W104/><G104/><T129/><D14/><U60/><E60/><V102/><F67/><W13/><G13/><T24/><D24/><N who="3" m="9321" /><G65/><T0/><D0/><U56/><E56/><V10/><F5/><W6/><G6/><T74/><D127/><U113/><E121/><V22/><F122/><W57/><G57/><T28/><D135/><U90/><E90/><V69/><F69/><W81/><G81/><T84/><D74/><U52/><E52/><V126/><F126/><W77/><G77/><T82/><D120/><U108/><E108/><V45/><F37/><W98/><G98/><T106/><D106/><U11/><E11/><V107/><F10/><W125/><G125/><T72/><D72/><U33/><E33/><V18/><F40/><N who="0" m="15434" /><D130/><U114/><AGARI ba="0,0" hai="16,17,27,29,34,112,113,114" m="7753,247" machi="114" ten="40,7800,0" yaku="34,2,54,1" doraHai="117" who="1" fromWho="1" sc="250,-26,250,78,330,-26,170,-26" /><INIT seed="1,1,0,4,3,24" ten="224,328,304,144" oya="1" hai0="91,110,108,116,103,120,46,114,132,3,21,65,16" hai1="121,61,87,111,4,51,35,133,42,47,41,81,78" hai2="100,60,70,50,123,11,63,58,97,122,86,119,99" hai3="102,6,75,56,129,127,30,48,82,84,83,131,85"/><U79/><E121/><V37/><F37/><W135/><G75/><T74/><D114/><U2/><E133/><V25/><F11/><W88/><G135/><T130/><D116/><U8/><E111/><V7/><F7/><W109/><G109/><T101/><D3/><U89/><E35/><V1/><F1/><W52/><G127/><T77/><D65/><U118/><E118/><V66/><F119/><W106/><G6/><T64/><D64/><U15/><E2/><V92/><F50/><W33/><G102/><T71/><D91/><U117/><E117/><V49/><F49/><W68/><G68/><T126/><D21/><U17/><E4/><V54/><F86/><W38/><G106/><T107/><D46/><U59/><REACH who="1" step="1"/><E42/><REACH who="1" ten="224,318,304,144" step="2"/><V72/><F122/><W18/><G18/><T125/><D16/><U134/><E134/><V112/><F123/><W90/><G38/><T128/><D120/><U28/><E28/><V98/><F112/><W93/><G33/><T13/><D132/><U31/><E31/><V12/><F100/><W115/><G30/><T57/><D110/><U96/><E96/><V20/><F98/><W27/><G115/><T80/><D108/><U19/><E19/><V95/><F99/><W34/><G34/><T23/><D101/><U43/><E43/><V36/><F97/><W53/><G131/><T10/><D103/><U67/><AGARI ba="1,1" hai="8,15,17,41,47,51,59,61,67,78,79,81,87,89" machi="67" ten="20,7800,0" yaku="1,1,0,1,7,1,8,1,53,0" doraHai="24" doraHaiUra="105" who="1" fromWho="1" sc="224,-27,318,91,304,-27,144,-27" /><INIT seed="1,2,0,4,3,69" ten="197,409,277,117" oya="1" hai0="1,35,5,66,99,24,67,17,4,14,130,42,84" hai1="72,53,28,104,60,54,124,116,9,82,127,122,94" hai2="64,3,71,25,92,123,15,26,74,125,70,49,16" hai3="97,52,40,77,114,37,88,6,39,20,111,110,135"/><U34/><E122/><V32/><F3/><W113/><G77/><T11/><D42/><U95/><E116/><V79/><F123/><W13/><G135/><T50/><D130/><U48/><E104/><V96/><F125/><W7/><G40/><T23/><D84/><U65/><E9/><V47/><F79/><W41/><G41/><T73/><D73/><U55/><E82/><V81/><F81/><W21/><G52/><N who="1" m="20074" /><E72/><V89/><F74/><W38/><G13/><T22/><D50/><U46/><E28/><V103/><F32/><W12/><G12/><T58/><D58/><N who="1" m="37015" /><E34/><V57/><F103/><W8/><G8/><N who="0" m="2095" /><D99/><U115/><E115/><N who="3" m="44042" /><G88/><T0/><D67/><U10/><E10/><V18/><F64/><W129/><G97/><T126/><D66/><U102/><E102/><V85/><F96/><W106/><G106/><T119/><D119/><U19/><E19/><V63/><F18/><W132/><G129/><T62/><D62/><U118/><E118/><V76/><F63/><W44/><G44/><T131/><D131/><U75/><E75/><V100/><F47/><W98/><G98/><T91/><D91/><U101/><E101/><V128/><F128/><W2/><G132/><T86/><D86/><U59/><E46/><V93/><F76/><W27/><G2/><T36/><D35/><U43/><E43/><V29/><F100/><W51/><G51/><T133/><D133/><U80/><E80/><V31/><F49/><W117/><G117/><T134/><D134/><U30/><E48/><V45/><F85/><W90/><G90/><T78/><D0/><RYUUKYOKU ba="2,0" sc="197,0,409,0,277,0,117,0" /><INIT seed="2,3,0,5,4,61" ten="197,409,277,117" oya="2" hai0="66,131,92,40,114,94,47,51,27,15,129,28,79" hai1="48,97,89,6,135,121,52,120,21,0,75,11,22" hai2="86,2,85,78,102,95,57,13,87,125,69,10,93" hai3="37,32,26,109,96,14,118,80,111,17,115,9,30"/><V50/><F2/><W65/><G37/><T24/><D114/><U113/><E113/><V36/><F36/><W38/><G38/><T100/><D79/><U72/><E135/><V110/><F69/><W105/><G115/><T108/><D108/><N who="3" m="41545" /><G118/><T4/><D66/><U122/><E89/><V16/><F125/><W76/><G96/><N who="0" m="59399" /><D94/><N who="2" m="35850" /><F102/><W29/><G105/><T68/><D68/><U90/><E90/><V53/><F110/><W101/><G101/><T12/><D4/><U35/><E97/><V77/><AGARI ba="3,0" hai="10,13,16,50,53,57,77,78,85,86,87" m="35850" machi="77" ten="30,3000,0" yaku="8,1,54,1" doraHai="61" who="2" fromWho="2" sc="197,-13,409,-13,277,39,117,-13" /><INIT seed="2,4,0,1,1,101" ten="184,396,316,104" oya="2" hai0="60,43,87,125,68,20,42,13,71,130,14,73,9" hai1="22,16,65,82,29,52,102,0,104,112,126,31,131" hai2="51,1,5,56,44,66,110,97,15,89,80,92,28" hai3="27,39,61,7,100,106,85,117,94,108,88,11,21"/><V23/><F1/><W135/><G117/><T3/><D87/><U25/><E112/><V79/><F110/><W37/><G135/><T105/><D20/><U34/><E0/><V2/><F2/><W132/><G132/><T24/><D24/><U120/><E131/><V4/><F66/><W10/><G108/><T116/><D3/><U103/><E126/><V8/><F56/><W64/><G106/><T19/><D60/><U115/><E115/><V121/><F121/><W133/><G100/><T48/><D48/><U111/><E111/><V54/><F5/><W127/><G127/><T45/><D45/><U63/><E120/><V69/><F69/><W119/><G119/><T46/><D46/><U75/><E104/><V76/><REACH who="2" step="1"/><F80/><REACH who="2" ten="184,396,306,104" step="2"/><W84/><G133/><T81/><D116/><U90/><E65/><V95/><F95/><W113/><G113/><T118/><D81/><U77/><E82/><V123/><F123/><W38/><G7/><T98/><D118/><U86/><E63/><V33/><F33/><W30/><REACH who="3" step="1"/><G85/><REACH who="3" ten="184,396,306,94" step="2"/><T35/><D125/><U36/><E86/><V18/><F18/><W17/><G17/><T128/><D19/><U93/><E34/><V72/><F72/><W122/><G122/><T109/><D35/><U59/><E75/><V70/><F70/><AGARI ba="4,2" hai="10,11,21,27,30,37,38,39,61,64,70,84,88,94" machi="70" ten="40,2600,0" yaku="1,1,54,1,53,0" doraHai="101" doraHaiUra="124" who="3" fromWho="2" sc="184,0,396,0,306,-38,94,58" /><INIT seed="3,0,0,5,1,29" ten="184,396,268,152" oya="3" hai0="82,41,16,64,75,10,6,30,3,124,23,92,59" hai1="42,130,116,91,60,7,51,123,33,113,90,107,19" hai2="61,121,57,48,106,105,13,11,53,74,104,128,84" hai3="83,112,99,58,0,63,34,134,22,77,89,79,93"/><W38/><G112/><T135/><D30/><U131/><E116/><V126/><F74/><W87/><G0/><T14/><D41/><U9/><E123/><V20/><F20/><W114/><G114/><T12/><D124/><U115/><E107/><V49/><F121/><W118/><G118/><T122/><D122/><U40/><E33/><V43/><F43/><N who="1" m="16425" /><E51/><V37/><F37/><W25/><G38/><T54/><D135/><U8/><E60/><V46/><F128/><N who="1" m="49193" /><E91/><V119/><F84/><W65/><G34/><T97/><D64/><U4/><E19/><V28/><F13/><W72/><G134/><T76/><D3/><N who="1" m="31" /><E90/><V5/><F28/><N who="3" m="17463" /><G72/><T68/><D68/><U15/><AGARI ba="0,0" hai="7,9,15,113,115" m="31,49193,16425" machi="15" ten="30,1100,0" yaku="19,1" doraHai="29" who="1" fromWho="1" sc="184,-3,396,11,268,-3,152,-5" owari="181,-22.0,407,50.0,265,7.0,147,-35.0" /></mjloggm>