<mjloggm ver="2.3"><GO type="225" lobby="0"/><UN n0="%E9%AC%BC%E5%8F%A3%E3%81%BE%E3%81%93%E3%81%A8" n1="%E3%83%8B%E3%83%BC%E3%83%88%E7%A4%BE%E9%95%B7" n2="%46%4C%41%4D%45" n3="%E5%B0%B1%E6%B4%BB%E7%94%9F%40%E5%B7%9D%E6%9D%91%E8%BB%8D%E5%9B%A3" dan="16,17,16,17" rate="2217.86,2154.56,2077.08,2098.09" sx="M,M,M,M"/><TAIKYOKU oya="0"/><INIT seed="0,0,0,5,3,57" ten="250,250,250,250" oya="0" hai0="89,125,23,6,16,20,98,81,85,7,53,121,22" hai1="95,87,73,122,77,97,11,123,112,109,80,14,67" hai2="119,116,124,96,1,70,61,120,74,44,105,131,18" hai3="107,54,4,99,128,46,101,83,126,114,71,59,58"/><T52/><D125/><U40/><E109/><V78/><F1/><W82/><G71/><T8/><D121/><U130/><E130/><V34/><F34/><W55/><G114/><T27/><D98/><U115/><E40/><V45/><F120/><W72/><G126/><T65/><D65/><U32/><E32/><V43/><F131/><W63/><G128/><T110/><D110/><U10/><E67/><V134/><F134/><W0/><G72/><T106/><D106/><U117/><E10/><V84/><F74/><W75/><G75/><T24/><D22/><U133/><E133/><V38/><F45/><W19/><G46/><T42/><D42/><U51/><E51/><V66/><F18/><W2/><G19/><N who="0" m="12319" /><D8/><U15/><E73/><V33/><F33/><W36/><G36/><T108/><D108/><U103/><E117/><V64/><F64/><W92/><G107/><T62/><D53/><U25/><E25/><V129/><F129/><W60/><REACH who="3" step="1"/><G4/><REACH who="3" ten="250,250,250,240" step="2"/><T35/><D35/><U94/><E122/><V31/><F124/><W13/><G13/><T76/><D76/><U88/><E14/><V28/><F119/><W29/><G29/><T100/><D100/><U113/><E123/><V104/><F116/><W21/><G21/><T48/><D6/><N who="1" m="3575" /><E77/><V127/><F127/><W90/><G90/><T91/><D89/><U86/><E86/><V56/><F70/><W102/><G102/><T68/><D7/><U41/><E41/><V9/><F105/><AGARI ba="0,1" hai="80,87,88,94,95,97,103,105,112,113,115" m="3575" machi="105" ten="30,2000,0" yaku="11,1,54,1" doraHai="57" who="1" fromWho="2" sc="250,0,250,30,250,-20,240,0" /><INIT seed="1,0,0,3,4,98" ten="250,280,230,240" oya="1" hai0="123,99,75,135,54,53,92,130,11,45,68,84,82" hai1="117,8,109,35,41,121,101,4,15,107,119,63,127" hai2="129,1,23,125,55,43,58,46,37,116,133,106,93" hai3="115,70,48,67,97,69,60,22,5,90,81,25,100"/><U85/><E121/><V56/><F106/><W24/><G115/><T111/><D75/><U47/><E35/><V122/><F1/><W88/><G70/><T87/><D68/><U102/><E107/><V0/><F0/><W134/><G134/><T66/><D66/><U50/><E127/><V71/><F122/><W83/><G5/><T126/><D126/><U76/><E63/><V12/><F125/><W104/><G48/><T14/><D135/><U114/><E114/><V108/><F71/><W9/><G9/><T72/><D72/><U62/><E62/><V61/><F133/><W18/><REACH who="3" step="1"/><G24/><REACH who="3" ten="250,280,230,230" step="2"/><T10/><D10/><U40/><E4/><V33/><F37/><W64/><G64/><T17/><D123/><U21/><E8/><V16/><F129/><W132/><G132/><T3/><D130/><U105/><E50/><V7/><F7/><W79/><G79/><T38/><D38/><U49/><E76/><V59/><F116/><W73/><G73/><T13/><D13/><U27/><E49/><V86/><F12/><W39/><G39/><T51/><D3/><U124/><E124/><V131/><F131/><W2/><G2/><T91/><D54/><U52/><E52/><V94/><F55/><W77/><G77/><N who="0" m="46159" /><D111/><U44/><E109/><V80/><F108/><W36/><G36/><T32/><D53/><U31/><E119/><V6/><F6/><W96/><G96/><T89/><D51/><U95/><E117/><V65/><F65/><W20/><G20/><T34/><D45/><U19/><E44/><V30/><F46/><W110/><G110/><RYUUKYOKU ba="0,1" sc="250,15,280,-15,230,-15,230,15" hai0="11,14,17,32,34,87,89,91,92,99" hai3="18,22,25,60,67,69,81,83,88,90,97,100,104" /><INIT seed="2,1,1,4,1,25" ten="265,265,215,245" oya="2" hai0="91,129,120,84,88,55,66,86,27,72,133,10,109" hai1="53,47,79,15,61,64,12,65,22,60,99,126,81" hai2="77,44,110,68,1,127,32,102,119,71,3,95,45" hai3="107,74,73,70,115,125,123,98,114,49,108,132,43"/><V117/><F95/><W122/><G70/><N who="2" m="26665" /><F77/><W90/><G43/><T21/><D66/><N who="1" m="25707" /><E126/><V46/><F102/><N who="3" m="62935" /><G49/><T42/><D42/><U51/><E99/><V31/><F32/><W100/><G100/><T9/><D72/><N who="3" m="27753" /><G125/><T13/><D9/><U16/><E12/><V26/><F127/><W83/><G132/><T4/><D133/><U78/><E78/><V63/><F63/><W14/><G14/><T112/><D13/><U82/><E82/><V38/><F26/><W130/><G108/><T54/><D109/><U0/><E0/><N who="2" m="75" /><F110/><W128/><G90/><T23/><D10/><U39/><E39/><V50/><F50/><W8/><G8/><T52/><D4/><U59/><E59/><V2/><N who="2" m="83" /><V6/><DORA hai="94" /><F6/><W131/><G83/><T121/><D91/><U29/><E29/><V19/><F19/><W93/><G93/><T17/><D88/><U24/><E15/><V89/><F89/><W92/><G92/><T56/><D17/><U103/><E103/><V67/><F67/><W7/><G7/><T106/><D56/><U101/><E101/><V75/><F75/><W105/><G105/><T40/><D106/><U69/><E69/><V96/><F96/><W48/><G48/><T57/><D57/><U41/><E53/><V58/><F58/><W62/><G62/><T34/><D54/><U124/><E124/><V135/><F135/><W97/><G97/><T33/><D40/><U118/><E118/><N who="2" m="45067" /><F38/><W28/><G28/><AGARI ba="1,1" hai="28,31,44,45,46" m="45067,83,26665" machi="28" ten="50,12000,1" yaku="28,2,52,2" doraHai="25,94" who="2" fromWho="3" sc="265,0,265,0,215,133,245,-123" /><INIT seed="2,2,0,0,1,80" ten="265,265,348,122" oya="2" hai0="97,105,91,24,66,11,17,12,106,100,36,8,64" hai1="121,45,129,43,54,123,29,27,92,31,68,127,37" hai2="58,33,103,9,83,93,51,59,115,118,38,128,82" hai3="132,1,122,3,48,130,131,71,63,110,111,120,16"/><V73/><F38/><W46/><G71/><T87/><D36/><U67/><E129/><N who="3" m="49162" /><G63/><T107/><D11/><U109/><E109/><N who="3" m="41482" /><G48/><T88/><D91/><U35/><E68/><V28/><F59/><W75/><G46/><T18/><D18/><U7/><E67/><V44/><F58/><W79/><G79/><T108/><D108/><U69/><E69/><V21/><F51/><W85/><G85/><T98/><D24/><U78/><E78/><V61/><F44/><W77/><G77/><T89/><D89/><U125/><E54/><V70/><F61/><W52/><G75/><T32/><D32/><U104/><E104/><V102/><F73/><W112/><G52/><T55/><D55/><U4/><E92/><V14/><F93/><W135/><G16/><T81/><D107/><U10/><E29/><V99/><F70/><W60/><G60/><T41/><D41/><U2/><E4/><V101/><F99/><W50/><G50/><T84/><D84/><U94/><E94/><V53/><F53/><W133/><G112/><T76/><D76/><U56/><E56/><V6/><F115/><W34/><G34/><T23/><D23/><U22/><E22/><V39/><F128/><W116/><G116/><T65/><D65/><U62/><E62/><V5/><F118/><W15/><G15/><T114/><D114/><U40/><E40/><V0/><F33/><W49/><G49/><T86/><D86/><U25/><E25/><V124/><F14/><W90/><G90/><T95/><D95/><U30/><E30/><V26/><F28/><W13/><G13/><RYUUKYOKU ba="2,0" sc="265,10,265,10,348,-30,122,10" hai0="8,12,17,64,66,81,87,88,97,98,100,105,106" hai1="2,7,10,27,31,35,37,43,45,121,123,125,127" hai3="1,3,120,122,132,133,135" /><INIT seed="3,3,0,4,2,27" ten="275,275,318,132" oya="3" hai0="2,92,74,115,133,28,79,61,78,26,45,72,60" hai1="98,18,57,49,87,43,62,1,46,42,129,71,63" hai2="100,20,126,48,131,107,35,24,88,47,25,23,110" hai3="119,96,99,33,127,101,37,55,124,32,85,114,6"/><W69/><G69/><T122/><D122/><U41/><E1/><V105/><F35/><N who="3" m="13387" /><G37/><T135/><D2/><U40/><E18/><V10/><F100/><W19/><G119/><T73/><D92/><U83/><E98/><N who="3" m="37418" /><G6/><T14/><D14/><U104/><E104/><V80/><F10/><W70/><G70/><T103/><D45/><U44/><E129/><V50/><F131/><W76/><G114/><T16/><D16/><U66/><E87/><V77/><F47/><W118/><G118/><T9/><D9/><U7/><E83/><V22/><F80/><N who="3" m="47239" /><G55/><T120/><D103/><U116/><E7/><V106/><F88/><W102/><G19/><T109/><D120/><U97/><E97/><V54/><F77/><N who="0" m="29194" /><D115/><U8/><E8/><V65/><F106/><W121/><G121/><T4/><D4/><U84/><E84/><V39/><F107/><W5/><G5/><T95/><D95/><U11/><E11/><V68/><F105/><W31/><G31/><T56/><D56/><U21/><E21/><V117/><F20/><W90/><G90/><T64/><D64/><N who="1" m="38991" /><E116/><V81/><F22/><W0/><G0/><T13/><D13/><U52/><E44/><V123/><F23/><W34/><N who="3" m="13395" /><W130/><DORA hai="38" /><G130/><T3/><D28/><U53/><AGARI ba="3,0" hai="40,41,42,43,46,49,52,53,63,66,71" m="38991" machi="53" ten="30,16000,3" yaku="35,5,52,4,54,1" doraHai="27,38" who="1" fromWho="1" sc="275,-43,275,169,318,-43,132,-83" owari="232,-17.0,444,54.0,275,8.0,49,-45.0" /></mjloggm>