<mjloggm ver="2.3"><GO type="169" lobby="0"/><UN n0="%50%61%65%6C%6C%61" n1="%E3%83%89%E3%83%A9%E3%83%AD%E3%83%B3%E3%83%80%E3%82%A4%E3%83%B4" n2="%E3%82%A6%E3%83%AB%E3%83%88%E3%83%A9%E7%AB%8B%E7%9B%B4" n3="%E7%B4%A0%E6%9C%B4%E3%81%AA%E5%91%B3%E3%82%8F%E3%81%84" dan="16,16,17,16" rate="2029.78,2099.81,2188.14,2116.82" sx="M,M,M,M"/><TAIKYOKU oya="0"/><INIT seed="0,0,0,4,3,120" ten="250,250,250,250" oya="0" hai0="11,106,105,94,74,113,102,99,110,61,41,12,64" hai1="80,59,75,78,83,36,10,44,122,111,50,135,131" hai2="72,22,87,130,25,66,58,49,86,127,123,53,109" hai3="62,77,2,32,63,0,33,98,124,57,1,6,89"/><T81/><D113/><U40/><E122/><V73/><F123/><W30/><G124/><T34/><D34/><U26/><E131/><V19/><F130/><W133/><G6/><T65/><D41/><U107/><E107/><V126/><F66/><W70/><G133/><T92/><D92/><U48/><E135/><V24/><F24/><W90/><G70/><T47/><D47/><U134/><E134/><V8/><F8/><W76/><G30/><T13/><D64/><U112/><E112/><V88/><F109/><W93/><G90/><T15/><D11/><U31/><E111/><V104/><F87/><W132/><G132/><T27/><D27/><U95/><E59/><V69/><F69/><W35/><REACH who="3" step="1"/><G62/><REACH who="3" ten="250,250,250,240" step="2"/><T17/><D17/><U23/><E31/><V45/><F127/><W56/><G56/><T4/><D4/><U3/><E78/><V46/><F126/><W101/><G101/><T52/><D110/><U121/><E121/><V97/><F58/><W67/><AGARI ba="0,1" hai="0,1,2,32,33,35,57,63,67,76,77,89,93,98" machi="67" ten="40,2700,0" yaku="1,1,0,1,53,0" doraHai="120" doraHaiUra="5" who="3" fromWho="3" sc="250,-13,250,-7,250,-7,240,37" /><INIT seed="1,0,0,1,3,69" ten="237,243,243,277" oya="1" hai0="81,60,32,86,125,68,17,135,93,82,111,37,90" hai1="5,103,10,98,107,19,88,8,3,0,92,7,87" hai2="83,66,31,59,115,99,130,29,117,105,39,9,112" hai3="35,46,102,53,120,132,127,43,133,122,34,76,73"/><U30/><REACH who="1" step="1"/><E19/><REACH who="1" ten="237,233,243,277" step="2"/><V2/><F117/><W36/><G122/><T13/><D17/><U16/><E16/><V42/><F115/><W15/><G120/><T6/><D6/><U52/><E52/><V11/><F112/><W63/><G53/><T124/><D124/><U108/><E108/><V94/><F130/><W23/><G127/><T74/><D125/><U25/><E25/><V61/><F29/><AGARI ba="0,1" hai="0,3,5,7,8,10,29,30,87,88,92,98,103,107" machi="29" ten="40,12000,1" yaku="21,2,9,1,54,1,53,1" doraHai="69" doraHaiUra="100" who="1" fromWho="2" sc="237,0,233,130,243,-120,277,0" /><INIT seed="1,1,0,0,0,135" ten="237,363,123,277" oya="1" hai0="12,22,114,35,4,71,75,6,10,119,43,58,53" hai1="29,84,15,103,21,55,116,118,49,128,107,86,112" hai2="96,36,32,68,94,111,45,18,56,122,100,130,113" hai3="67,81,33,83,41,120,127,77,25,66,126,7,92"/><U80/><E112/><V20/><F68/><W26/><G120/><T51/><D114/><U106/><E128/><V69/><F113/><W65/><G7/><T59/><D119/><U110/><E110/><V46/><F69/><W48/><G92/><T31/><D75/><U129/><E129/><V50/><F111/><W23/><G33/><T11/><D71/><U39/><E39/><V37/><F122/><W134/><G134/><T14/><D43/><U60/><E60/><V82/><F32/><W91/><G91/><T99/><D35/><U109/><E109/><V115/><F115/><W76/><G41/><T78/><D99/><U88/><E103/><V104/><F104/><W108/><G48/><T1/><D78/><N who="3" m="30313" /><G108/><T79/><D79/><U0/><E0/><V57/><F82/><N who="3" m="31243" /><G23/><T28/><D1/><U123/><E123/><V87/><F87/><W2/><G2/><T47/><REACH who="0" step="1"/><D22/><REACH who="0" ten="227,363,123,277" step="2"/><U97/><E116/><V132/><F130/><W85/><G85/><T73/><D73/><U125/><E118/><V72/><F72/><W42/><G42/><T44/><D44/><U98/><E86/><V63/><F132/><W124/><AGARI ba="1,1" hai="25,26,65,66,67,124,126,127" m="31243,30313" machi="124" ten="40,12000,2" yaku="28,2,18,1,52,3" doraHai="135" who="3" fromWho="3" sc="227,-31,363,-61,123,-31,277,133" /><INIT seed="2,0,0,5,5,118" ten="196,302,92,410" oya="2" hai0="40,103,90,12,55,133,98,71,76,109,73,100,41" hai1="46,115,4,14,124,34,135,20,130,79,104,86,16" hai2="65,26,31,78,131,82,50,70,110,129,121,69,77" hai3="32,53,27,33,117,96,112,21,64,28,42,102,88"/><V93/><F93/><W75/><G117/><T36/><D71/><N who="2" m="27146" /><F65/><W5/><G75/><T67/><D67/><U48/><E115/><V111/><F50/><W49/><G42/><T17/><D76/><N who="2" m="29290" /><F82/><W119/><G5/><T125/><D73/><U63/><E104/><V68/><N who="2" m="27154" /><V37/><DORA hai="60" /><F37/><W19/><G119/><T81/><D41/><U74/><E74/><V108/><F121/><W85/><G64/><T80/><D40/><U99/><E34/><AGARI ba="0,0" hai="26,31,34,108,110,111,129,131" m="29290,27154" machi="34" ten="50,4800,0" yaku="14,1,10,1" doraHai="118,60" who="2" fromWho="1" sc="196,0,302,-48,92,48,410,0" /><INIT seed="2,1,0,4,3,60" ten="196,254,140,410" oya="2" hai0="41,54,74,72,70,115,128,66,56,75,1,6,117" hai1="129,81,86,4,134,38,83,112,78,11,109,35,126" hai2="108,68,61,32,48,80,17,101,30,132,8,57,55" hai3="102,2,84,94,116,13,120,21,79,37,59,42,26"/><V9/><F132/><W33/><G2/><T47/><D115/><U125/><E112/><V64/><F108/><W118/><G33/><T121/><D121/><U106/><E35/><V46/><F101/><W53/><G120/><T71/><D128/><U43/><E106/><V85/><F17/><W7/><G42/><T24/><D117/><U90/><E129/><V92/><F92/><W28/><G37/><T87/><D87/><U63/><E134/><V51/><F30/><W124/><G124/><T114/><D24/><U135/><E135/><V44/><F32/><W110/><G110/><T131/><D131/><U119/><E109/><V89/><REACH who="2" step="1"/><F68/><REACH who="2" ten="196,254,130,410" step="2"/><W65/><G102/><T18/><D18/><U20/><E125/><V15/><F15/><W77/><G94/><T58/><D114/><U69/><E126/><V103/><F103/><W29/><G29/><T76/><D71/><U22/><E69/><V88/><F88/><W45/><G28/><T107/><D70/><U39/><E90/><V130/><F130/><W49/><G13/><T127/><D127/><U34/><E34/><V123/><F123/><W52/><G118/><T5/><D107/><U0/><E119/><V111/><F111/><W67/><G116/><T113/><D113/><U12/><E12/><V10/><F10/><W96/><G7/><T104/><D104/><U91/><E4/><V82/><F82/><W50/><G77/><T100/><D76/><U105/><E11/><V23/><F23/><W122/><G21/><T97/><D6/><U95/><E105/><V19/><F19/><W93/><G122/><RYUUKYOKU ba="1,1" sc="196,-10,254,-10,130,30,410,-10" hai2="8,9,44,46,48,51,55,57,61,64,80,85,89" /><INIT seed="2,2,1,0,2,91" ten="186,244,160,400" oya="2" hai0="118,135,134,120,110,95,61,107,0,49,34,79,129" hai1="115,85,109,31,132,84,25,96,66,125,38,116,50" hai2="72,70,55,67,19,97,36,60,75,48,10,5,21" hai3="28,121,92,42,78,47,104,41,8,40,14,24,86"/><V103/><F36/><W45/><G104/><T52/><D110/><U71/><E38/><V3/><F21/><N who="3" m="15375" /><G121/><T27/><D120/><U119/><E115/><V11/><F11/><W54/><G54/><T123/><D123/><U35/><E109/><V73/><F19/><N who="3" m="8647" /><G92/><T65/><D0/><U56/><E71/><V4/><F4/><W22/><G22/><T90/><D129/><U58/><E58/><V16/><F16/><W43/><G43/><T53/><D107/><U46/><E56/><V17/><F17/><W15/><G15/><T76/><D118/><U106/><E119/><V32/><F32/><W105/><G105/><T124/><D34/><U130/><E116/><V131/><F131/><W9/><G9/><T98/><D27/><U57/><E130/><V122/><F122/><W6/><G6/><T77/><D124/><U2/><E125/><V59/><REACH who="2" step="1"/><F73/><REACH who="2" ten="186,244,150,400" step="2"/><W13/><G13/><T133/><REACH who="0" step="1"/><D49/><REACH who="0" ten="176,244,150,400" step="2"/><U117/><E50/><V39/><F39/><W87/><G41/><T88/><D88/><U51/><E51/><V127/><F127/><W63/><G40/><T100/><D100/><U18/><E35/><V114/><F114/><W7/><G42/><T62/><D62/><U80/><E117/><V93/><AGARI ba="2,3" hai="3,5,10,48,55,59,60,67,70,72,75,93,97,103" machi="93" ten="20,12000,1" yaku="1,1,0,1,7,1,52,1,53,1" doraHai="91" doraHaiUra="89" who="2" fromWho="2" sc="176,-42,244,-42,150,156,400,-42" /><INIT seed="2,3,0,2,5,127" ten="134,202,306,358" oya="2" hai0="77,109,86,1,26,95,120,23,129,63,135,85,39" hai1="42,55,69,116,66,56,53,82,96,7,8,73,132" hai2="13,36,34,30,37,107,131,18,104,87,81,40,64" hai3="103,32,133,112,49,91,117,33,122,88,111,43,102"/><V94/><F64/><W61/><G117/><T75/><D120/><U54/><E116/><V124/><F94/><W16/><G122/><T108/><D129/><U57/><E132/><V62/><F62/><W68/><G111/><N who="0" m="42571" /><D135/><U78/><E42/><V70/><F70/><W98/><G112/><T90/><D1/><U118/><E118/><V59/><F59/><W24/><G33/><T22/><D39/><U35/><E35/><V97/><F30/><W67/><G103/><T80/><D63/><U10/><E10/><V3/><F3/><W58/><G133/><T60/><D60/><U29/><E29/><V72/><F72/><W52/><G43/><T125/><D23/><U5/><E5/><V130/><F34/><W0/><G0/><T9/><D9/><U83/><E69/><V19/><F124/><W17/><G17/><N who="2" m="6153" /><F13/><W25/><G25/><T119/><D26/><U15/><E66/><V79/><F40/><W11/><G11/><T110/><D22/><U65/><E65/><V45/><F45/><W4/><G4/><T92/><N who="0" m="42579" /><T93/><DORA hai="14" /><D119/><U31/><E31/><V126/><F126/><W128/><G128/><N who="2" m="49193" /><F36/><W99/><G32/><T74/><D125/><U50/><E57/><V20/><F37/><W134/><G134/><T41/><D41/><U12/><E12/><V114/><F20/><N who="3" m="13319" /><G68/><T28/><D28/><U44/><E56/><V2/><F2/><W46/><G67/><T51/><D51/><U71/><E71/><V121/><F121/><W38/><G38/><T47/><D47/><U48/><E44/><V76/><F114/><RYUUKYOKU ba="3,0" sc="134,30,202,-10,306,-10,358,-10" hai0="74,75,77,80,85,86,90,92,93,95" /><INIT seed="3,4,0,2,4,107" ten="164,192,296,348" oya="3" hai0="90,65,70,6,41,10,110,88,127,40,3,98,104" hai1="27,91,116,100,13,120,129,86,19,108,82,39,102" hai2="32,109,92,21,80,43,4,20,7,83,23,81,125" hai3="2,58,75,134,118,124,87,25,76,131,103,35,26"/><W121/><G118/><T51/><D127/><U69/><E120/><V132/><F32/><W11/><G121/><T94/><D110/><U101/><E39/><V123/><F123/><W30/><G131/><T122/><D122/><U130/><E69/><V28/><F28/><W38/><G38/><T44/><D104/><U34/><E108/><V59/><F109/><W55/><G134/><T97/><D40/><U36/><E36/><V42/><F125/><W45/><G45/><T126/><D126/><U93/><E116/><V24/><F24/><W17/><G103/><T115/><D115/><U8/><E34/><V77/><F77/><W60/><G87/><T50/><D50/><U66/><E66/><V16/><F16/><W62/><G62/><T12/><D3/><U47/><E47/><V5/><F132/><W119/><G119/><T113/><D113/><U54/><E27/><V96/><F59/><W15/><G2/><T64/><REACH who="0" step="1"/><D70/><REACH who="0" ten="154,192,296,348" step="2"/><U53/><E129/><V78/><F78/><W9/><G124/><T61/><D61/><U135/><E130/><V128/><F128/><W52/><G60/><T29/><D29/><U133/><E133/><V84/><F84/><W14/><G30/><T114/><D114/><U74/><E135/><V46/><F46/><W112/><G112/><T111/><D111/><U31/><E31/><V18/><F18/><W95/><G17/><T79/><D79/><U37/><E37/><V73/><F73/><W49/><G76/><T68/><D68/><U0/><E0/><V117/><F117/><W105/><G75/><T22/><D22/><RYUUKYOKU ba="4,1" sc="154,10,192,10,296,10,348,-30" hai0="6,10,12,41,44,51,64,65,88,90,94,97,98" hai1="8,13,19,53,54,74,82,86,91,93,100,101,102" hai2="4,5,7,20,21,23,42,43,80,81,83,92,96" /><INIT seed="4,5,1,4,0,127" ten="164,202,306,318" oya="0" hai0="128,37,122,92,59,80,132,68,79,49,85,89,87" hai1="33,126,41,20,22,53,71,130,57,134,117,44,99" hai2="123,0,116,114,82,76,5,10,39,56,72,95,8" hai3="106,51,78,124,108,36,100,98,60,15,104,47,3"/><T43/><D122/><U16/><E117/><V50/><F123/><W107/><G3/><T77/><D132/><U133/><E33/><V52/><F114/><W54/><G108/><T28/><D68/><U55/><E71/><V34/><F34/><W120/><G120/><T6/><D128/><U14/><E126/><V90/><F39/><W17/><G36/><T91/><D6/><U19/><E130/><V18/><F116/><W65/><G78/><T45/><REACH who="0" step="1"/><D28/><REACH who="0" ten="154,202,306,318" step="2"/><U105/><E133/><V35/><F5/><W121/><G121/><T73/><D73/><U101/><E134/><V40/><F72/><W86/><G124/><T38/><D38/><U109/><E109/><V135/><F135/><W97/><G17/><T9/><D9/><U1/><E19/><V63/><F10/><W110/><G110/><T125/><D125/><U69/><E69/><V83/><F8/><W29/><G29/><T30/><D30/><U2/><E16/><V67/><F18/><W46/><G106/><T81/><D81/><U32/><E105/><V25/><F83/><W74/><G107/><T88/><D88/><U4/><E4/><V7/><F82/><W118/><G104/><T129/><D129/><U115/><E101/><V21/><F7/><W42/><G100/><T48/><D48/><U61/><E1/><V84/><F0/><W93/><G51/><T58/><D58/><U111/><E2/><V11/><F11/><W13/><G74/><T103/><D103/><U31/><E111/><V62/><F50/><W75/><G75/><T64/><D64/><U27/><E31/><RYUUKYOKU ba="5,2" sc="154,30,202,-10,306,-10,318,-10" hai0="37,43,45,49,59,77,79,80,85,87,89,91,92" /><INIT seed="4,6,2,5,0,22" ten="184,192,296,308" oya="0" hai0="127,77,105,21,34,80,99,58,50,2,9,119,54" hai1="55,106,84,20,37,7,11,40,126,95,56,43,29" hai2="38,81,57,47,1,86,109,28,117,83,116,85,96" hai3="114,0,69,10,26,48,24,67,110,121,129,104,98"/><T75/><D119/><N who="2" m="45642" /><F1/><W133/><G110/><T132/><D132/><U93/><E106/><V17/><F28/><W130/><G114/><T18/><D127/><U73/><E73/><V134/><F96/><W128/><G133/><T61/><D34/><U5/><E126/><V108/><F57/><W131/><G121/><T16/><D50/><N who="1" m="30839" /><E37/><V118/><F118/><W51/><G128/><T30/><D2/><U8/><E8/><V59/><F59/><W65/><G104/><T70/><D70/><U111/><E111/><V113/><F17/><W124/><G98/><T36/><D36/><U6/><E11/><V79/><F113/><W112/><G112/><T123/><D123/><U122/><E122/><V100/><F100/><W23/><G124/><T53/><D9/><U78/><E78/><N who="2" m="46263" /><F134/><W87/><G69/><T120/><D120/><U52/><E29/><V72/><F72/><W46/><G87/><T13/><D30/><U90/><E84/><V42/><AGARI ba="6,2" hai="38,42,47,79,83,86,108,109" m="46263,45642" machi="42" ten="30,1100,0" yaku="12,1" doraHai="22" who="2" fromWho="2" sc="184,-11,192,-9,296,49,308,-9" /><INIT seed="5,0,0,3,3,31" ten="173,183,345,299" oya="1" hai0="126,55,100,71,77,106,39,98,17,67,18,119,50" hai1="86,56,84,72,36,122,44,40,85,59,132,101,113" hai2="14,130,34,12,32,60,5,8,21,74,2,68,114" hai3="96,116,103,23,11,93,135,69,19,54,26,43,33"/><U118/><E122/><V27/><F74/><W61/><G135/><T37/><D119/><U22/><E118/><V105/><F105/><W42/><G116/><T24/><D126/><U41/><E72/><V94/><F60/><W66/><G54/><T123/><D123/><U1/><E1/><V128/><F94/><W0/><G0/><T64/><D77/><U97/><E132/><V102/><F102/><W127/><G127/><T112/><D112/><U46/><E22/><V95/><F95/><W73/><G73/><T10/><D17/><U79/><E113/><V6/><F68/><W104/><G11/><T90/><D90/><U115/><E79/><V52/><F52/><W62/><G62/><T108/><D108/><U76/><E76/><V70/><F70/><W107/><G107/><T20/><D10/><U117/><E117/><V99/><F99/><W28/><G93/><T65/><REACH who="0" step="1"/><D71/><REACH who="0" ten="163,183,345,299" step="2"/><U48/><REACH who="1" step="1"/><E115/><REACH who="1" ten="163,173,345,299" step="2"/><V78/><F114/><W80/><REACH who="3" step="1"/><G80/><REACH who="3" ten="163,173,345,289" step="2"/><T38/><D38/><U121/><E121/><V134/><F134/><W87/><G87/><T9/><D9/><U25/><E25/><AGARI ba="0,3" hai="19,23,25,26,28,33,42,43,61,66,69,96,103,104" machi="25" ten="30,8000,1" yaku="1,1,7,1,25,2,52,1,53,0" doraHai="31" doraHaiUra="3" who="3" fromWho="1" sc="163,0,173,-80,345,0,289,110" /><INIT seed="6,0,0,4,2,87" ten="163,93,345,399" oya="2" hai0="64,28,73,22,89,4,131,21,33,50,95,134,3" hai1="7,15,118,52,27,110,51,72,38,6,103,120,19" hai2="46,88,68,20,30,40,102,62,2,91,119,129,74" hai3="84,133,1,25,14,12,130,100,13,80,5,135,96"/><V58/><F2/><W98/><G130/><T45/><D134/><N who="3" m="51209" /><G25/><T82/><D64/><U124/><E110/><V97/><F74/><W111/><G111/><T65/><D65/><U34/><E118/><V114/><F68/><W104/><G96/><T123/><D123/><U26/><E38/><V93/><F114/><W41/><G41/><T85/><D131/><U112/><E72/><V32/><F32/><W47/><G47/><T127/><D127/><U35/><E35/><V42/><F119/><W128/><G128/><T121/><D121/><U60/><E120/><V29/><F129/><W0/><G5/><N who="1" m="1546" /><E34/><V69/><F69/><W108/><G108/><T105/><D105/><U31/><E31/><N who="2" m="11787" /><F20/><W9/><G9/><T66/><D28/><U117/><E117/><V10/><F10/><W125/><G125/><T79/><D33/><U18/><E124/><V56/><F56/><W61/><G61/><T17/><D4/><U132/><E132/><V106/><F106/><W70/><G70/><T107/><D3/><U53/><E112/><V8/><F8/><W63/><G63/><T43/><D107/><U57/><E103/><V83/><F46/><W122/><G122/><T101/><D101/><U44/><E19/><V24/><F24/><W54/><G54/><T77/><D66/><U37/><E37/><V49/><F49/><W94/><G104/><T67/><D67/><U23/><AGARI ba="0,0" hai="15,18,23,26,27,44,51,52,53,57,60" m="1546" machi="23" ten="30,2000,0" yaku="8,1,54,1" doraHai="87" who="1" fromWho="1" sc="163,-5,93,20,345,-10,399,-5" /><INIT seed="7,0,0,3,4,121" ten="158,113,335,394" oya="3" hai0="84,34,51,54,99,38,97,32,92,94,10,101,52" hai1="73,78,120,20,47,7,126,116,26,35,88,19,33" hai2="91,6,95,39,103,90,75,61,3,131,80,109,5" hai3="62,49,8,59,42,98,68,128,36,127,65,123,112"/><W107/><G123/><T28/><D38/><U2/><E126/><V23/><F39/><W111/><G112/><T93/><D10/><U53/><E120/><V11/><F6/><W18/><G111/><T104/><D54/><U27/><E116/><V66/><F131/><W16/><G8/><T70/><D70/><U43/><E2/><V135/><F135/><W76/><G76/><T37/><D37/><U63/><E7/><V9/><F9/><W48/><G48/><T108/><D108/><U13/><E43/><V83/><F109/><W119/><G119/><T72/><D72/><U113/><E113/><V0/><F0/><W134/><G127/><T79/><D28/><U44/><E44/><V45/><F45/><N who="3" m="23751" /><G128/><T133/><D133/><U110/><E110/><V40/><F40/><W122/><G122/><T21/><D21/><U89/><E27/><V82/><F75/><W102/><G134/><T22/><D22/><U4/><E4/><V114/><F114/><W86/><G86/><T129/><D129/><U77/><E77/><V87/><F23/><W15/><G15/><T118/><D118/><U60/><E60/><V71/><REACH who="2" step="1"/><F103/><REACH who="2" ten="158,113,325,394" step="2"/><W85/><G102/><T132/><D101/><U96/><E96/><AGARI ba="0,1" hai="3,5,11,61,66,71,80,82,83,87,90,91,95,96" machi="96" ten="30,3900,0" yaku="1,1,2,1,7,1,53,0" doraHai="121" doraHaiUra="24" who="2" fromWho="1" sc="158,0,113,-39,325,49,394,0" owari="158,-24.0,74,-43.0,374,17.0,394,50.0" /></mjloggm>