<mjloggm ver="2.3"><GO type="97" lobby="0"/><UN n0="%6E%61%6E%6F%70%6C%75%73" n1="%54%55%54%55%4D%49" n2="%E5%B0%B1%E6%B4%BB%E7%94%9F%40%E5%B7%9D%E6%9D%91%E8%BB%8D%E5%9B%A3" n3="%6B%61%75%74%65%6E" dan="13,13,15,14" rate="1882.41,1849.18,1969.77,1915.57" sx="M,M,M,M"/><TAIKYOKU oya="0"/><INIT seed="0,0,0,3,4,131" ten="250,250,250,250" oya="0" hai0="36,94,92,73,50,15,93,109,108,7,58,105,95" hai1="16,10,17,91,119,102,38,21,29,124,89,78,107" hai2="127,64,68,112,116,41,104,86,134,130,83,110,126" hai3="28,113,12,103,117,128,87,114,70,79,24,20,4"/><T46/><D105/><U42/><E78/><V48/><F104/><W39/><G117/><T100/><D73/><U37/><E119/><V133/><F116/><W60/><G39/><T40/><N who="0" m="24064" /><DORA hai="101" /><T47/><D100/><U61/><E61/><N who="2" m="39951" /><F110/><N who="0" m="42602" /><D58/><U18/><E10/><V77/><F112/><W19/><G128/><T67/><D67/><U65/><E65/><V135/><F130/><W71/><G4/><T98/><D98/><U80/><E124/><V11/><F11/><W76/><G103/><T22/><D22/><U32/><E32/><V121/><F121/><W34/><G76/><T123/><D123/><U31/><E21/><V129/><F129/><W1/><G1/><T30/><D30/><U122/><E122/><V3/><F3/><W0/><G0/><T27/><D27/><U97/><E38/><V118/><F118/><W26/><G60/><T13/><D7/><U44/><REACH who="1" step="1"/><E89/><REACH who="1" ten="250,240,250,250" step="2"/><V72/><F72/><W75/><G75/><T88/><D88/><U35/><E35/><V56/><F56/><W9/><G114/><T81/><D81/><U14/><E14/><V43/><F48/><W132/><G113/><T8/><D8/><U96/><E96/><V55/><F127/><W6/><G71/><T84/><D84/><AGARI ba="0,1" hai="16,17,18,29,31,37,42,44,80,84,91,97,102,107" machi="84" ten="40,5200,0" yaku="1,1,52,1,54,1,53,0" doraHai="131,101" doraHaiUra="53,59" who="1" fromWho="0" sc="250,-52,240,62,250,0,250,0" /><INIT seed="1,0,0,2,5,132" ten="198,302,250,250" oya="1" hai0="59,19,112,7,76,121,93,135,21,72,64,47,124" hai1="14,49,25,103,85,128,118,131,113,22,57,8,115" hai2="35,82,0,129,38,58,110,54,13,125,9,74,75" hai3="44,106,55,63,61,91,70,30,126,60,4,99,102"/><U86/><E118/><V122/><F35/><W2/><G70/><T23/><D112/><U105/><E105/><V119/><F122/><W81/><G30/><T120/><D135/><U42/><E103/><V56/><F0/><W89/><G81/><N who="0" m="45191" /><D7/><U39/><E39/><V116/><F38/><W48/><REACH who="3" step="1"/><G126/><REACH who="3" ten="198,302,250,240" step="2"/><T10/><D124/><U15/><E115/><V65/><F125/><W108/><G108/><T90/><D47/><N who="1" m="25847" /><E113/><V101/><F110/><W41/><G41/><T26/><D121/><U78/><E57/><V83/><F75/><W96/><G96/><T24/><D59/><U11/><E128/><V3/><F74/><W33/><G33/><T62/><D120/><U51/><E51/><V73/><F129/><W12/><G12/><N who="1" m="4650" /><E131/><V98/><F73/><W50/><G50/><T94/><D26/><U77/><E11/><AGARI ba="0,1" hai="2,4,11,44,48,55,60,61,63,89,91,99,102,106" machi="11" ten="40,1300,0" yaku="1,1,53,0" doraHai="132" doraHaiUra="67" who="3" fromWho="1" sc="198,0,302,-13,250,0,240,23" /><INIT seed="2,0,0,1,3,124" ten="198,289,250,263" oya="2" hai0="10,35,16,32,120,2,66,33,89,64,63,53,72" hai1="1,114,86,46,41,60,118,0,40,92,15,99,84" hai2="39,30,26,73,71,8,22,105,52,4,27,70,94" hai3="113,25,21,104,48,28,91,82,79,83,11,130,122"/><V88/><F105/><W24/><G122/><T55/><D72/><U123/><E118/><V116/><F116/><W133/><G104/><T81/><D120/><U45/><E114/><V74/><F39/><W65/><G133/><T38/><D38/><U77/><E123/><V95/><F95/><W3/><G113/><T7/><D81/><U100/><E60/><V34/><F71/><W61/><G25/><T58/><D89/><U49/><E15/><V127/><F70/><W134/><G134/><T51/><REACH who="0" step="1"/><D16/><REACH who="0" ten="188,289,250,263" step="2"/><U129/><E129/><V112/><F112/><W75/><G83/><T132/><D132/><U14/><E14/><V37/><F127/><W9/><G3/><T42/><D42/><U87/><REACH who="1" step="1"/><E77/><REACH who="1" ten="188,279,250,263" step="2"/><V96/><F37/><AGARI ba="0,2" hai="0,1,37,40,41,45,46,49,84,86,87,92,99,100" machi="37" ten="40,2600,0" yaku="1,1,2,1,53,0" doraHai="124" doraHaiUra="108" who="1" fromWho="2" sc="188,0,279,46,250,-26,263,0" /><INIT seed="3,0,0,3,0,100" ten="188,325,224,263" oya="3" hai0="130,97,39,32,33,18,74,50,93,34,24,55,120" hai1="87,119,51,64,67,114,59,30,111,82,15,31,105" hai2="16,118,27,9,89,86,109,17,53,5,78,133,132" hai3="104,75,19,80,110,48,57,21,103,8,61,79,121"/><W65/><G121/><T129/><D74/><U6/><E114/><V71/><F118/><W58/><G110/><T46/><D120/><U44/><E111/><V37/><F71/><W128/><G8/><T99/><D39/><U98/><E119/><V83/><F37/><W13/><G128/><T2/><D2/><U102/><E31/><V29/><F109/><W85/><G75/><T107/><D107/><U14/><E30/><V72/><F53/><W35/><G35/><T70/><D70/><U10/><E15/><N who="2" m="5551" /><F72/><W22/><G48/><T56/><D130/><U112/><E59/><V135/><F78/><W69/><REACH who="3" step="1"/><G22/><AGARI ba="0,0" hai="16,17,22,27,29,83,86,89,132,133,135" m="5551" machi="22" ten="30,2000,0" yaku="20,1,54,1" doraHai="100" who="2" fromWho="3" sc="188,0,325,0,224,20,263,-20" owari="188,-31.0,325,43.0,244,4.0,243,-16.0" /></mjloggm>