<mjloggm ver="2.3"><GO type="47" lobby="0"/><UN n0="%E5%B0%B1%E6%B4%BB%E7%94%9F%40%E5%B7%9D%E6%9D%91%E8%BB%8D%E5%9B%A3" n1="%E3%81%88%E3%81%99" n2="%E2%98%85%E9%9B%80%E5%A8%98%E3%82%A8%E3%82%AF%E3%83%AC%E3%82%A2%E2%98%85" n3="%E3%82%B8%E3%83%A5%E3%83%A9%E3%82%A4" dan="15,15,13,15" rate="2033.09,1935.05,1807.80,1969.78" sx="M,M,F,M"/><TAIKYOKU oya="0"/><INIT seed="0,0,0,2,1,114" ten="250,250,250,250" oya="0" hai0="14,20,11,126,90,81,84,25,67,116,0,89,23" hai1="49,31,117,71,77,64,93,82,80,123,39,95,120" hai2="133,135,2,29,76,105,122,98,33,12,7,128,113" hai3="50,96,37,118,97,108,32,28,41,110,36,99,78"/><T18/><D126/><U125/><E39/><V27/><F122/><W85/><G32/><T46/><D0/><U48/><E71/><V54/><F113/><W44/><G28/><T132/><D132/><N who="2" m="50762" /><F76/><W102/><G102/><T58/><D116/><U45/><E64/><V70/><F70/><W34/><G34/><T103/><D103/><U72/><E125/><V22/><F54/><W134/><G134/><T69/><D69/><U4/><E31/><V24/><F105/><W119/><G37/><T60/><D25/><U87/><E4/><V1/><F98/><W129/><G129/><T79/><D89/><U26/><E26/><V112/><F112/><W19/><G36/><T42/><D90/><U100/><E49/><AGARI ba="0,0" hai="11,14,18,20,23,42,46,49,58,60,67,79,81,84" machi="49" ten="30,2900,0" yaku="7,1,8,1" doraHai="114" who="0" fromWho="1" sc="250,29,250,-29,250,0,250,0" /><INIT seed="0,1,0,1,3,38" ten="279,221,250,250" oya="0" hai0="69,15,93,68,127,0,51,56,52,28,95,17,91" hai1="44,7,19,121,53,112,116,102,8,45,117,92,128" hai2="108,81,109,58,60,135,34,86,107,37,18,105,73" hai3="50,14,76,83,41,106,129,39,124,13,30,85,57"/><T40/><D0/><U1/><E121/><V32/><F37/><W132/><G106/><T65/><D127/><U118/><E128/><V48/><F73/><W63/><G124/><T90/><D28/><U54/><E112/><V120/><F120/><W24/><G39/><T21/><D65/><U20/><E102/><V35/><F48/><W103/><G103/><T2/><D2/><U4/><E4/><V9/><F9/><W104/><G104/><T100/><D100/><U43/><E92/><V64/><F18/><W12/><G129/><T25/><D40/><U62/><E62/><V88/><F135/><W31/><G132/><T70/><D93/><U97/><E97/><V36/><F36/><W72/><G72/><T5/><D5/><U80/><E80/><V61/><F61/><W130/><G130/><T115/><D115/><U59/><E59/><V16/><F16/><W99/><G99/><T42/><D42/><U26/><REACH who="1" step="1"/><E45/><REACH who="1" ten="279,211,250,250" step="2"/><V82/><F82/><W55/><REACH who="3" step="1"/><G24/><REACH who="3" ten="279,211,250,240" step="2"/><T78/><D25/><U87/><E87/><V3/><F105/><W101/><G101/><T84/><D90/><U71/><E71/><V49/><F107/><W74/><G74/><T113/><D113/><U89/><E89/><V75/><F75/><W29/><G29/><T6/><D6/><U10/><E10/><V22/><F88/><W23/><G23/><T79/><AGARI ba="1,2" hai="15,17,21,51,52,56,68,69,70,78,79,84,91,95" machi="79" ten="40,7800,0" yaku="0,1,25,2" doraHai="38" who="0" fromWho="0" sc="279,101,211,-27,250,-27,240,-27" /><INIT seed="0,2,0,0,1,4" ten="380,184,223,213" oya="0" hai0="70,98,14,94,85,48,18,78,37,49,73,10,127" hai1="115,125,56,133,40,122,45,88,132,54,82,16,81" hai2="86,0,109,90,52,131,38,7,6,126,29,1,116" hai3="111,20,41,101,62,36,135,50,108,79,117,80,91"/><T120/><D73/><U123/><E115/><V24/><F38/><W76/><G117/><T77/><D37/><U102/><E102/><V121/><F121/><W22/><G36/><T68/><D120/><U34/><E123/><V63/><F116/><W46/><G135/><T103/><D127/><U96/><E122/><V64/><F126/><W99/><G62/><T130/><D130/><U11/><E125/><V128/><F52/><W44/><G91/><T23/><D68/><U28/><E28/><V25/><F109/><N who="3" m="42059" /><G44/><T55/><D70/><U13/><E34/><V93/><F25/><W53/><G41/><T112/><D112/><U9/><E96/><V97/><F97/><W58/><G46/><T124/><D124/><U27/><E27/><V32/><F1/><W35/><G35/><T129/><D129/><N who="2" m="49738" /><F0/><W118/><G118/><T66/><D66/><U17/><E88/><V110/><F110/><W39/><G39/><T69/><D69/><AGARI ba="2,0" hai="6,7,24,29,32,63,64,69,86,90,93" m="49738" machi="69" ten="30,1000,0" yaku="19,1" doraHai="4" who="2" fromWho="0" sc="380,-16,184,0,223,16,213,0" /><INIT seed="1,0,0,2,1,27" ten="364,184,239,213" oya="1" hai0="15,8,65,90,68,121,127,73,134,25,128,66,119" hai1="105,80,70,47,112,26,9,56,107,74,41,44,33" hai2="69,99,91,115,76,113,124,46,122,48,77,130,59" hai3="22,92,67,28,97,57,0,118,39,125,32,17,19"/><U86/><E112/><N who="2" m="43083" /><F122/><W49/><G39/><T37/><D37/><U7/><E70/><V64/><F69/><W117/><G0/><T54/><D68/><U116/><E116/><N who="3" m="44650" /><G32/><T14/><D73/><U29/><E44/><V5/><F5/><W31/><G125/><T103/><D8/><U4/><E56/><V95/><F124/><W106/><G106/><T11/><D11/><U34/><E34/><V129/><F64/><W87/><G87/><T83/><D54/><U93/><E93/><V96/><F59/><W36/><G36/><T13/><D66/><U135/><E135/><V55/><F96/><W98/><G19/><T10/><D65/><U43/><E43/><V123/><F123/><W42/><G42/><T79/><D10/><U35/><E35/><V53/><F53/><N who="3" m="31919" /><G67/><T110/><D134/><U60/><E60/><V72/><F72/><W30/><G92/><T114/><D127/><U24/><E24/><AGARI ba="0,0" hai="17,22,24,28,30,31,97,98" m="31919,44650" machi="24" ten="30,7700,0" yaku="12,1,52,3" doraHai="27" who="3" fromWho="1" sc="364,0,184,-77,239,0,213,77" /><INIT seed="2,0,0,4,1,129" ten="364,107,239,290" oya="2" hai0="57,9,51,71,49,39,80,28,109,67,113,48,126" hai1="105,25,74,43,123,21,102,110,94,97,99,79,69" hai2="22,19,55,61,84,60,133,107,53,5,10,131,6" hai3="42,62,100,111,88,127,41,20,95,11,72,16,91"/><V64/><F131/><W56/><G72/><T1/><D39/><U7/><E110/><V44/><F107/><W85/><G111/><T33/><D71/><U135/><E123/><V31/><F133/><W26/><G127/><T101/><D126/><U104/><E69/><V40/><F31/><W122/><G122/><T13/><D113/><U103/><E43/><V116/><F116/><W81/><G100/><T120/><D1/><U45/><E45/><V83/><F61/><W59/><G11/><T82/><D109/><U18/><E7/><V121/><F121/><W65/><REACH who="3" step="1"/><G59/><REACH who="3" ten="364,107,239,280" step="2"/><T76/><D101/><U124/><E124/><V47/><F47/><W73/><G73/><T66/><D57/><U90/><E74/><V112/><F112/><W14/><G14/><T38/><D13/><U114/><E114/><V134/><F44/><W132/><G132/><T54/><D9/><U75/><E75/><V0/><F134/><W98/><AGARI ba="0,1" hai="16,20,26,41,42,56,62,65,81,85,88,91,95,98" machi="98" ten="20,8000,1" yaku="1,1,0,1,7,1,8,1,53,1" doraHai="129" doraHaiUra="12" who="3" fromWho="3" sc="364,-20,107,-20,239,-40,280,90" /><INIT seed="3,0,0,4,5,32" ten="344,87,199,370" oya="3" hai0="103,75,30,93,22,83,104,71,72,51,109,56,9" hai1="38,41,91,16,23,13,113,18,2,123,108,70,84" hai2="68,60,58,85,134,34,110,102,0,124,15,43,131" hai3="133,55,78,90,40,14,27,12,97,126,100,61,28"/><W37/><G78/><T129/><D71/><U106/><E113/><V101/><F34/><W49/><G61/><T20/><D104/><U35/><E123/><V69/><F110/><W46/><G90/><T4/><D109/><U92/><E108/><V135/><F124/><W52/><G126/><T42/><D129/><U95/><E35/><V64/><F43/><W111/><G111/><T73/><D30/><U57/><E70/><V120/><F120/><W132/><G12/><T63/><D83/><U67/><E106/><V48/><F131/><W96/><G14/><T118/><D118/><U82/><E38/><V94/><F48/><W44/><G55/><T125/><D125/><U47/><E41/><V81/><F15/><W98/><REACH who="3" step="1"/><G100/><REACH who="3" ten="344,87,199,360" step="2"/><T80/><D103/><U88/><E88/><V86/><F101/><W19/><G19/><T50/><D63/><U21/><E47/><V119/><F102/><W121/><G121/><T53/><D53/><U31/><E31/><V7/><F119/><W66/><G66/><T6/><D73/><U3/><E67/><V107/><F64/><W122/><G122/><T77/><D75/><U1/><REACH who="1" step="1"/><E57/><REACH who="1" ten="344,77,199,360" step="2"/><V89/><F58/><W112/><G112/><T29/><D56/><U117/><E117/><V130/><F130/><W116/><G116/><T39/><D29/><U8/><E8/><V54/><F68/><W5/><G5/><T25/><D9/><U79/><E79/><V33/><F69/><W105/><G105/><T59/><D6/><U76/><E76/><V114/><F107/><W127/><G127/><T45/><D77/><RYUUKYOKU ba="0,2" sc="344,-15,77,15,199,-15,360,15" hai1="1,2,3,13,16,18,21,23,82,84,91,92,95" hai3="27,28,37,40,44,46,49,52,96,97,98,132,133" /><INIT seed="3,1,2,1,3,127" ten="329,92,184,375" oya="3" hai0="0,134,108,25,131,115,14,84,60,88,7,24,46" hai1="119,45,79,120,19,123,126,95,114,26,2,59,8" hai2="77,29,31,98,49,102,74,43,35,65,15,54,10" hai3="39,72,104,41,62,1,22,128,27,135,132,38,23"/><W90/><G1/><T111/><D0/><U9/><E114/><V42/><F65/><W16/><G72/><T97/><D97/><U11/><E2/><V28/><F74/><W6/><G104/><T110/><D115/><U129/><E126/><V103/><F77/><W55/><G6/><T57/><D134/><N who="3" m="51241" /><G90/><T105/><D105/><U121/><E121/><V40/><F35/><W125/><G125/><T109/><D46/><U4/><E4/><V37/><F37/><N who="3" m="13835" /><G41/><T82/><D131/><U101/><E129/><V56/><REACH who="2" step="1"/><F98/><REACH who="2" ten="329,92,174,375" step="2"/><W53/><G128/><T64/><D110/><U94/><E120/><V21/><F21/><W3/><G23/><T58/><D58/><U81/><E123/><V99/><F99/><W117/><G117/><T106/><D106/><U112/><E119/><V32/><F32/><W47/><G47/><T18/><D7/><AGARI ba="1,3" hai="7,10,15,28,29,31,40,42,43,49,54,56,102,103" machi="7" ten="40,2600,0" yaku="1,1,8,1,53,0" doraHai="127" doraHaiUra="118" who="2" fromWho="0" sc="329,-29,92,0,174,59,375,0" /><INIT seed="4,0,0,1,3,129" ten="300,92,233,375" oya="0" hai0="24,45,130,88,116,15,92,135,126,46,121,77,110" hai1="82,8,10,119,63,125,71,4,18,120,54,33,23" hai2="112,87,115,132,5,122,25,107,42,103,64,41,134" hai3="68,21,43,1,47,27,111,67,56,3,7,81,50"/><T109/><D130/><U35/><E119/><V58/><F122/><W105/><G68/><T69/><D116/><U2/><E120/><V93/><F5/><W85/><G105/><T98/><D69/><U76/><E125/><V133/><F25/><W106/><G106/><T74/><D121/><U108/><E108/><N who="0" m="41577" /><D126/><U72/><E8/><V14/><F14/><W30/><G111/><T19/><D24/><U51/><E63/><N who="2" m="38007" /><F107/><W38/><G7/><T36/><D36/><U89/><E89/><N who="2" m="53439" /><F103/><W48/><G38/><T34/><D34/><U95/><E95/><V6/><F6/><W11/><G11/><N who="0" m="6655" /><D135/><U9/><E9/><V97/><F97/><W55/><REACH who="3" step="1"/><G67/><REACH who="3" ten="300,92,233,365" step="2"/><T60/><D74/><U94/><E71/><V40/><AGARI ba="0,1" hai="40,41,42,112,115,132,133,134" m="53439,38007" machi="40" ten="40,8000,1" yaku="20,1,52,3" doraHai="129" who="2" fromWho="2" sc="300,-40,92,-20,233,90,365,-20" /><INIT seed="5,0,0,0,2,88" ten="260,72,323,345" oya="1" hai0="47,40,42,90,105,117,75,116,59,132,50,97,38" hai1="45,8,129,0,111,130,70,76,98,65,71,81,73" hai2="18,53,121,77,101,125,104,17,28,6,4,133,94" hai3="22,122,11,82,91,36,31,103,110,7,72,69,109"/><U19/><E111/><V55/><F121/><W52/><G122/><T135/><D75/><U123/><E123/><V99/><F125/><W85/><G36/><T49/><D105/><U37/><E98/><V63/><F133/><N who="0" m="51274" /><D97/><U96/><E96/><V124/><F124/><W86/><G69/><T87/><D87/><U93/><E93/><V120/><F104/><W29/><G72/><T1/><D1/><U54/><E54/><V92/><F28/><W48/><G103/><T80/><D90/><U79/><E79/><V21/><F77/><W89/><G109/><T68/><D80/><U114/><E114/><V26/><F120/><W118/><G118/><N who="0" m="45675" /><D68/><U64/><E64/><V127/><F127/><W84/><G22/><T14/><D14/><U106/><E106/><V30/><F94/><W5/><G110/><T102/><D102/><U15/><E0/><V61/><F101/><W119/><G119/><T126/><D126/><U13/><E13/><V131/><F92/><W60/><G86/><T16/><D42/><N who="1" m="22735" /><E65/><V134/><F99/><W12/><G5/><T32/><D16/><U112/><E112/><V128/><F134/><W113/><G113/><T2/><D2/><U35/><E35/><V27/><F30/><W62/><G31/><T95/><D32/><U25/><E25/><V9/><F26/><W58/><G29/><T56/><D95/><AGARI ba="0,0" hai="7,11,12,48,52,58,60,62,82,84,85,89,91,95" machi="95" ten="30,3900,0" yaku="7,1,8,1,52,1" doraHai="88" who="3" fromWho="0" sc="260,-39,72,0,323,0,345,39" /><INIT seed="6,0,0,5,0,39" ten="221,72,323,384" oya="2" hai0="53,83,127,16,1,109,129,33,124,79,119,93,99" hai1="26,8,103,40,85,22,31,115,27,108,57,51,68" hai2="128,14,25,23,105,62,106,17,135,104,12,97,4" hai3="46,18,19,110,71,91,24,63,77,122,64,61,72"/><V80/><F128/><W13/><G122/><T117/><D33/><U15/><E108/><V34/><F135/><W60/><G110/><T45/><D1/><U54/><E115/><V118/><F118/><N who="0" m="45066" /><D16/><U111/><E111/><V121/><F121/><W2/><G2/><T50/><D109/><U67/><E68/><V92/><F34/><W10/><G72/><N who="0" m="43495" /><D129/><U29/><E103/><AGARI ba="0,0" hai="45,50,53,93,99,103,124,127" m="43495,45066" machi="103" ten="30,1000,0" yaku="12,1" doraHai="39" who="0" fromWho="1" sc="221,10,72,-10,323,0,384,0" /><INIT seed="7,0,0,2,4,20" ten="231,62,323,384" oya="3" hai0="32,42,1,8,129,93,60,114,135,10,122,25,15" hai1="48,78,3,106,113,30,97,0,82,118,29,63,41" hai2="65,103,21,57,5,23,112,73,130,85,91,64,56" hai3="36,49,46,12,126,43,104,101,4,67,131,87,132"/><W19/><G126/><T86/><D122/><U35/><E48/><V133/><F73/><W125/><G125/><T14/><D42/><U40/><E82/><V134/><F5/><W115/><G115/><T45/><D45/><U119/><E97/><V24/><F103/><W121/><G121/><T68/><D60/><U28/><E63/><V53/><F130/><W54/><G131/><T39/><D68/><U92/><E92/><N who="2" m="54383" /><F112/><W128/><G128/><T94/><D129/><U95/><E95/><V33/><F33/><W11/><G132/><N who="2" m="50793" /><F23/><W2/><G67/><N who="2" m="25673" /><F53/><W52/><G87/><T55/><D86/><U99/><E113/><V75/><F75/><W34/><G34/><T105/><D55/><U62/><E35/><V74/><F74/><W117/><G117/><T81/><D135/><U61/><E99/><V108/><F108/><W70/><G70/><T50/><D114/><U109/><E109/><V6/><F6/><W31/><G54/><T76/><D32/><U107/><E61/><V80/><F80/><W27/><G101/><T16/><D81/><U116/><E62/><V51/><F51/><W26/><G104/><T123/><D50/><U22/><E22/><V7/><F7/><W96/><G96/><T59/><D123/><U69/><E69/><V83/><F83/><W9/><G31/><AGARI ba="0,0" hai="21,24,31,56,57" m="25673,50793,54383" machi="31" ten="30,2000,0" yaku="20,1,52,1" doraHai="20" who="2" fromWho="3" sc="231,0,62,0,323,20,384,-20" owari="231,-17.0,62,-44.0,343,14.0,364,47.0" /></mjloggm>