<mjloggm ver="2.3"><GO type="41" lobby="0"/><UN n0="%E5%B0%B1%E6%B4%BB%E7%94%9F%40%E5%B7%9D%E6%9D%91%E8%BB%8D%E5%9B%A3" n1="%67%79%6F%74%73" n2="%E8%88%AC%E5%8D%93%E3%81%AE%E9%A4%8A%E5%88%86" n3="%65%6E%72%69%63%61" dan="15,13,14,16" rate="1997.38,1859.29,1912.16,1997.03" sx="M,M,M,F"/><TAIKYOKU oya="0"/><INIT seed="0,0,0,2,5,27" ten="250,250,250,250" oya="0" hai0="124,95,88,15,132,119,7,135,104,93,120,77,80" hai1="108,55,41,83,58,126,78,134,94,20,113,92,76" hai2="122,72,51,109,22,86,10,114,99,60,32,42,25" hai3="19,35,98,75,73,82,70,61,28,17,110,31,54"/><T34/><D34/><U5/><E108/><V2/><F72/><W47/><G110/><T3/><D3/><U90/><E41/><V107/><F32/><W12/><G98/><T68/><D68/><U71/><E71/><V26/><F122/><W23/><G47/><T38/><D38/><U52/><E126/><V127/><F127/><W37/><G37/><T1/><D1/><U118/><E118/><V57/><F114/><W62/><G62/><T103/><D7/><U84/><E113/><V100/><F109/><W49/><G35/><T9/><D15/><U56/><E134/><N who="0" m="51241" /><D9/><U69/><E69/><V46/><F86/><W30/><G82/><T79/><D120/><U131/><E131/><V65/><F2/><W63/><G19/><T59/><D59/><N who="1" m="22571" /><E5/><V96/><F10/><W97/><G97/><N who="0" m="61551" /><D119/><U0/><E0/><V43/><F43/><W64/><REACH who="3" step="1"/><G61/><REACH who="3" ten="250,250,250,240" step="2"/><T91/><D124/><U105/><E105/><V36/><F36/><W106/><G106/><T67/><D67/><U24/><E78/><N who="0" m="29705" /><D80/><U112/><E112/><V125/><F125/><W123/><G123/><T133/><N who="0" m="51249" /><T6/><DORA hai="89" /><D6/><U33/><E33/><V130/><F46/><W101/><G101/><T66/><D66/><U85/><E94/><AGARI ba="0,1" hai="88,91,93,94,95" m="29705,61551,51249" machi="94" ten="40,18000,2" yaku="20,1,34,2,52,3,54,1" doraHai="27,89" who="0" fromWho="1" sc="250,190,250,-180,250,0,240,0" /><INIT seed="0,1,0,1,5,79" ten="440,70,250,240" oya="0" hai0="20,77,119,1,59,106,38,28,9,31,116,5,103" hai1="39,57,8,81,63,80,120,75,24,95,25,6,98" hai2="23,125,54,92,41,42,21,27,114,101,105,34,102" hai3="110,0,67,82,87,10,126,90,66,30,11,7,48"/><T88/><D38/><U104/><E39/><V134/><F114/><W97/><G126/><T52/><D77/><U58/><E104/><V132/><F125/><W56/><G110/><T91/><D106/><U2/><E120/><V71/><F105/><W121/><G121/><T127/><D127/><U13/><E13/><V86/><BYE who="1" /><F71/><W22/><G11/><T18/><D103/><U19/><E19/><V26/><F34/><W46/><G56/><T128/><D128/><U49/><E49/><V37/><F37/><W99/><G30/><T74/><D74/><U123/><E123/><V4/><F4/><W107/><G22/><T96/><D31/><U44/><E44/><V78/><F54/><W133/><G133/><T16/><D18/><U112/><E112/><V3/><F3/><W108/><G108/><T129/><D28/><U89/><E89/><N who="2" m="53303" /><F78/><W36/><G36/><T47/><D47/><U45/><E45/><V29/><F132/><W43/><REACH who="3" step="1"/><G107/><REACH who="3" ten="440,70,250,230" step="2"/><T113/><D113/><UN n1="%67%79%6F%74%73" /><U124/><E124/><V61/><F134/><W64/><AGARI ba="1,1" hai="0,7,10,43,46,48,64,66,67,82,87,90,97,99" machi="64" ten="30,7900,0" yaku="1,1,2,1,0,1,52,1,53,0" doraHai="79" doraHaiUra="135" who="3" fromWho="3" sc="440,-40,70,-21,250,-21,230,92" /><INIT seed="1,0,0,3,1,94" ten="400,49,229,322" oya="1" hai0="51,16,8,37,78,6,111,93,113,87,38,25,56" hai1="124,60,68,7,125,88,32,120,117,0,59,67,116" hai2="36,132,18,101,77,72,41,83,15,4,62,21,45" hai3="118,84,86,11,49,22,24,123,127,99,122,43,5"/><U19/><E32/><V82/><F132/><W29/><G127/><N who="1" m="48714" /><E0/><V100/><F4/><W81/><G118/><N who="1" m="45674" /><E7/><V98/><F98/><W97/><G123/><T14/><D111/><U40/><E19/><V96/><F96/><N who="3" m="36939" /><G81/><T115/><D37/><U17/><E17/><V33/><F33/><W12/><G122/><T54/><D38/><U28/><E28/><V112/><F82/><W126/><G126/><T114/><D78/><U102/><E102/><V71/><F101/><W134/><G134/><T108/><D108/><U63/><E88/><V13/><F100/><W133/><G133/><T27/><D6/><U46/><E120/><V103/><F103/><W64/><G64/><T10/><D10/><U89/><E89/><V69/><F69/><W65/><G65/><T66/><D66/><N who="1" m="39199" /><E46/><AGARI ba="0,0" hai="5,11,12,22,24,29,43,46,49,84,86" m="36939" machi="46" ten="30,7700,0" yaku="8,1,52,3" doraHai="94" who="3" fromWho="1" sc="400,0,49,-77,229,0,322,77" owari="400,50.0,-28,-53.0,229,-17.0,399,20.0" /></mjloggm>