<mjloggm ver="2.3"><GO type="97" lobby="0"/><UN n0="%E5%B0%B1%E6%B4%BB%E7%94%9F%40%E5%B7%9D%E6%9D%91%E8%BB%8D%E5%9B%A3" n1="%E3%81%B9%E3%81%91%E3%82%93" n2="%72%79%75%75%31%33%36" n3="%48%69%6B%61%72%75%31" dan="15,15,13,14" rate="2062.97,2019.60,1865.93,1947.96" sx="M,M,F,M"/><TAIKYOKU oya="0"/><INIT seed="0,0,0,3,4,37" ten="250,250,250,250" oya="0" hai0="32,11,119,10,44,42,102,55,81,116,66,59,24" hai1="14,54,80,4,94,64,36,63,61,109,0,7,135" hai2="20,33,58,57,124,8,125,115,51,48,13,60,1" hai3="25,88,126,120,70,87,72,28,5,73,16,112,85"/><T103/><D66/><U75/><E0/><V74/><F33/><W68/><G112/><T86/><D32/><U26/><E109/><V108/><F74/><W47/><G5/><T18/><D116/><U122/><E122/><V129/><F1/><W130/><G130/><T100/><D119/><U35/><E36/><V3/><F3/><W19/><G126/><T78/><D24/><U15/><E135/><V111/><F20/><W76/><G76/><T83/><D18/><U62/><E64/><V91/><F91/><W133/><G133/><T39/><REACH who="0" step="1"/><D81/><REACH who="0" ten="240,250,250,250" step="2"/><U67/><E26/><V6/><F115/><W107/><G19/><T69/><D69/><U93/><E35/><V46/><F129/><W105/><G16/><T71/><D71/><U9/><E67/><V128/><F128/><W49/><G70/><T34/><D34/><U121/><E121/><V30/><F30/><W43/><G68/><T50/><AGARI ba="0,1" hai="10,11,39,42,44,50,55,59,78,83,86,100,102,103" machi="50" ten="30,6000,0" yaku="1,1,0,1,52,1,53,0" doraHai="37" doraHaiUra="56" who="0" fromWho="0" sc="240,70,250,-20,250,-20,250,-20" /><INIT seed="0,1,0,3,5,80" ten="310,230,230,230" oya="0" hai0="89,12,130,63,90,59,91,52,76,73,3,30,23" hai1="78,39,9,132,10,108,99,49,114,21,75,4,50" hai2="31,53,133,11,97,131,69,112,26,62,83,100,56" hai3="122,119,1,111,51,107,32,82,84,33,77,71,13"/><T70/><D3/><U22/><E39/><V126/><F112/><W17/><G119/><T135/><D130/><U46/><E108/><V40/><F126/><W74/><G107/><T121/><D121/><U88/><E114/><V98/><F131/><W96/><G111/><T20/><D135/><U0/><E132/><V72/><F133/><W116/><G1/><T103/><D70/><U41/><E10/><V6/><F69/><W15/><G116/><T68/><D68/><U19/><E50/><V14/><F40/><W29/><G71/><T43/><D103/><U129/><E129/><V65/><F72/><W58/><G96/><T79/><D43/><U93/><REACH who="1" step="1"/><E19/><REACH who="1" ten="310,220,230,230" step="2"/><V102/><F83/><AGARI ba="1,1" hai="0,4,9,21,22,41,46,49,75,78,83,88,93,99" machi="83" ten="40,8000,1" yaku="1,1,2,1,54,1,53,1" doraHai="80" doraHaiUra="92" who="1" fromWho="2" sc="310,0,220,93,230,-83,230,0" /><INIT seed="1,0,0,4,0,18" ten="310,313,147,230" oya="1" hai0="113,55,40,110,62,103,118,50,104,5,8,133,93" hai1="85,37,86,0,108,97,92,29,47,6,34,115,66" hai2="120,52,127,13,90,17,31,128,41,123,124,135,87" hai3="117,95,116,38,65,48,61,122,88,83,102,20,39"/><U43/><E115/><V46/><F31/><W26/><G122/><T53/><D113/><U84/><E108/><V24/><F24/><W23/><G102/><T45/><D118/><N who="3" m="45673" /><G83/><T9/><D104/><U132/><E132/><V96/><F96/><N who="3" m="57447" /><G48/><T99/><D110/><U112/><E112/><V59/><F135/><W11/><G11/><N who="0" m="4171" /><D5/><U57/><E6/><V67/><F67/><W121/><G121/><T12/><D12/><U54/><E0/><V4/><F4/><W75/><G75/><T35/><D35/><U89/><E66/><V60/><F128/><W25/><G26/><T77/><D77/><U80/><E29/><V98/><F98/><W119/><N who="3" m="45681" /><W78/><DORA hai="105" /><G78/><T107/><D107/><U74/><E34/><V49/><F123/><W130/><G130/><T69/><D69/><U73/><REACH who="1" step="1"/><E80/><REACH who="1" ten="310,303,147,230" step="2"/><V111/><F120/><W79/><G25/><T51/><D133/><U76/><E76/><V58/><F111/><W100/><G79/><T134/><D134/><U44/><E44/><V19/><F59/><N who="3" m="37055" /><G100/><T27/><D27/><U114/><E114/><V16/><REACH who="2" step="1"/><F13/><REACH who="2" ten="310,303,137,230" step="2"/><W1/><G1/><T129/><D129/><U94/><E94/><AGARI ba="0,2" hai="16,17,19,41,46,49,52,58,60,87,90,94,124,127" machi="94" ten="40,8000,1" yaku="1,1,2,1,54,2,53,1" doraHai="18,105" doraHaiUra="2,42" who="2" fromWho="1" sc="310,0,303,-80,137,100,230,0" /><INIT seed="2,0,0,4,4,21" ten="310,223,237,230" oya="2" hai0="125,107,38,74,114,99,106,111,85,34,47,81,37" hai1="122,82,72,70,4,103,10,51,84,134,128,63,119" hai2="54,113,32,35,121,127,61,94,120,43,83,3,46" hai3="79,6,92,126,9,130,11,2,26,68,56,67,60"/><V0/><F113/><W7/><G130/><T31/><D114/><U28/><E119/><V50/><F127/><W129/><G129/><T88/><D125/><U30/><E128/><V133/><F133/><W87/><G126/><T117/><D74/><U76/><E134/><V52/><F94/><W75/><G56/><T62/><D117/><U53/><E122/><V29/><F83/><W124/><G124/><T15/><D111/><U104/><E104/><V109/><F109/><W13/><G92/><T27/><D62/><U100/><E72/><V101/><F101/><N who="1" m="38985" /><E63/><V123/><F61/><W57/><G75/><T23/><D99/><U135/><E70/><V39/><F32/><W22/><G68/><T18/><REACH who="0" step="1"/><D47/><REACH who="0" ten="300,223,237,230" step="2"/><N who="1" m="27903" /><E135/><V64/><F64/><W116/><G116/><T105/><AGARI ba="0,1" hai="15,18,23,27,31,34,37,38,81,85,88,105,106,107" machi="105" ten="30,7900,0" yaku="1,1,0,1,52,1,54,1,53,0" doraHai="21" doraHaiUra="131" who="0" fromWho="0" sc="300,89,223,-20,237,-39,230,-20" /><INIT seed="3,0,0,5,5,54" ten="389,203,198,210" oya="3" hai0="112,63,11,103,38,28,102,97,49,94,3,131,7" hai1="45,22,111,126,55,113,43,121,52,87,62,42,127" hai2="65,100,74,120,93,106,21,105,2,9,71,47,16" hai3="91,56,24,96,57,23,124,70,117,4,29,86,77"/><W35/><G117/><T5/><D38/><U92/><E113/><V48/><F74/><W72/><G70/><T115/><D131/><U73/><E73/><V116/><F116/><W17/><G4/><T34/><D7/><U68/><E111/><V110/><F110/><W101/><G124/><N who="1" m="47658" /><E121/><V31/><F120/><W67/><G67/><T90/><D49/><N who="1" m="28719" /><E22/><V76/><F76/><W81/><G35/><T39/><D39/><U37/><E37/><V27/><F71/><W64/><G64/><T60/><D60/><U134/><E134/><V26/><F65/><W59/><G29/><T132/><D132/><U75/><E75/><V133/><F133/><W85/><REACH who="3" step="1"/><G91/><REACH who="3" ten="389,203,198,200" step="2"/><T44/><D28/><U108/><E108/><V10/><F2/><W118/><G118/><T53/><D112/><U51/><E68/><V18/><F106/><AGARI ba="0,1" hai="17,23,24,56,57,59,72,77,81,85,86,96,101,106" machi="106" ten="40,12000,1" yaku="1,1,52,3,53,1" doraHai="54" doraHaiUra="19" who="3" fromWho="2" sc="389,0,203,0,198,-120,200,130" /><INIT seed="3,1,0,0,0,86" ten="389,203,78,330" oya="3" hai0="45,129,66,119,62,5,117,32,57,89,125,115,123" hai1="99,39,126,49,28,0,132,88,87,130,18,112,67" hai2="16,56,91,70,9,85,109,1,20,97,14,78,124" hai3="75,51,90,58,38,21,41,44,64,118,13,27,15"/><W53/><G75/><T111/><D32/><U84/><E112/><V3/><F70/><W50/><G118/><T55/><D123/><U108/><E108/><V94/><F109/><W17/><G64/><T59/><D115/><U37/><E28/><V98/><F124/><W25/><G38/><T77/><D111/><U10/><E126/><V133/><F133/><W6/><G6/><T12/><D77/><U31/><E31/><V110/><F110/><W30/><REACH who="3" step="1"/><G90/><REACH who="3" ten="389,203,78,320" step="2"/><T48/><D125/><U106/><E88/><V52/><F78/><W128/><G128/><T95/><D129/><U113/><E67/><V131/><F131/><W127/><G127/><T105/><D105/><U82/><E106/><V35/><F35/><AGARI ba="1,1" hai="13,15,17,21,25,27,30,35,41,44,50,51,53,58" machi="35" ten="30,5800,0" yaku="1,1,7,1,53,1" doraHai="86" doraHaiUra="26" who="3" fromWho="2" sc="389,0,203,0,78,-61,320,71" owari="389,19.0,203,-20.0,17,-48.0,391,49.0" /></mjloggm>