<mjloggm ver="2.3"><GO type="41" lobby="0"/><UN n0="%E5%B0%B1%E6%B4%BB%E7%94%9F%40%E5%B7%9D%E6%9D%91%E8%BB%8D%E5%9B%A3" n1="%E7%99%BD%E7%9F%B3%E9%BA%BB%E8%A1%A3" n2="%E2%85%A8" n3="%E7%89%87%E7%80%AC%E9%82%A3%E5%A5%88" dan="16,14,15,13" rate="2154.06,1993.56,1994.05,1908.52" sx="M,M,M,M"/><TAIKYOKU oya="0"/><INIT seed="0,0,0,3,3,70" ten="250,250,250,250" oya="0" hai0="1,99,96,18,107,51,83,115,37,84,46,48,123" hai1="16,22,15,67,69,87,34,106,130,102,71,41,114" hai2="101,23,121,79,65,8,44,4,104,20,108,59,25" hai3="14,92,56,134,50,49,125,103,94,129,116,81,54"/><T105/><D123/><U11/><E114/><V6/><F121/><W47/><G129/><T40/><D1/><U128/><E34/><V122/><F108/><W77/><G116/><T86/><D115/><U53/><E41/><V10/><F79/><W73/><G125/><T32/><D32/><U93/><E106/><V2/><F44/><W110/><G110/><T28/><D28/><U60/><E71/><V9/><F101/><W119/><G119/><T3/><D3/><U36/><E36/><V17/><F104/><W120/><G120/><T26/><D105/><U118/><E118/><V62/><F122/><W72/><G134/><T117/><D117/><U43/><E43/><V82/><F82/><W19/><G73/><T24/><D86/><U61/><E11/><V42/><F42/><W111/><G103/><T113/><D113/><U132/><E132/><V124/><F124/><W12/><G12/><T80/><D80/><U7/><E7/><V90/><F90/><W57/><G111/><T66/><D66/><U39/><E39/><V45/><F45/><W31/><G31/><T75/><D75/><U135/><E135/><V74/><F74/><W33/><G33/><T21/><D26/><U127/><E127/><V76/><F76/><W5/><G5/><T133/><D133/><U98/><E87/><V38/><F38/><W97/><G97/><T131/><D131/><N who="1" m="50219" /><E61/><V63/><F63/><W78/><G78/><N who="0" m="46199" /><D96/><U91/><E102/><V95/><F95/><N who="3" m="36395" /><G50/><N who="0" m="18987" /><D99/><U35/><E35/><V58/><F2/><W52/><G54/><AGARI ba="0,0" hai="15,16,22,53,54,60,67,69,91,93,98" m="50219" machi="54" ten="30,2000,0" yaku="19,1,54,1" doraHai="70" who="1" fromWho="3" sc="250,0,250,20,250,0,250,-20" /><INIT seed="1,0,0,5,3,20" ten="250,270,250,230" oya="1" hai0="95,56,116,32,15,77,113,128,93,7,55,60,50" hai1="61,63,69,98,16,126,100,88,25,79,92,89,120" hai2="4,103,66,22,54,118,124,43,130,91,64,40,105" hai3="19,111,99,106,82,27,58,101,57,26,51,31,112"/><U37/><E120/><V115/><F118/><W1/><G112/><T134/><D113/><U122/><E122/><V48/><F115/><W5/><G111/><T53/><D116/><U3/><E3/><V24/><F124/><W107/><G106/><T42/><D32/><U35/><E69/><V0/><F130/><W62/><G82/><T133/><D128/><U21/><E35/><V87/><F103/><W84/><G1/><T36/><D77/><U80/><E37/><V17/><F105/><W18/><G5/><T129/><D129/><U30/><E126/><V74/><F74/><W13/><G84/><T72/><D72/><U117/><E117/><V6/><F6/><W9/><G51/><T96/><D42/><N who="2" m="15914" /><F4/><W65/><G58/><T73/><D36/><U23/><E100/><V38/><F0/><W59/><G59/><T121/><D73/><U47/><E47/><N who="2" m="27935" /><F38/><W14/><G31/><T135/><D121/><U12/><E79/><V28/><F28/><W78/><G78/><T86/><D86/><AGARI ba="0,0" hai="12,16,21,23,25,30,61,63,80,86,88,89,92,98" machi="86" ten="40,12000,1" yaku="8,1,52,1,54,2" doraHai="20" who="1" fromWho="0" sc="250,-120,270,120,250,0,230,0" /><INIT seed="1,1,0,4,4,80" ten="130,390,250,230" oya="1" hai0="130,0,98,20,103,13,121,26,18,51,37,101,1" hai1="56,72,17,38,81,31,134,86,128,112,64,115,50" hai2="118,58,99,119,43,85,48,123,89,49,97,104,114" hai3="66,63,35,30,57,7,59,47,131,42,15,111,70"/><U125/><E72/><V78/><F123/><W24/><G131/><T87/><D37/><U3/><E38/><V90/><F58/><W21/><G111/><T6/><D121/><U46/><E3/><V88/><F43/><W71/><G71/><T108/><D130/><U73/><E73/><V117/><F114/><W40/><G40/><T29/><D108/><U93/><E128/><V91/><F49/><W23/><G35/><T2/><D51/><U69/><E69/><V45/><F48/><W8/><REACH who="3" step="1"/><G23/><REACH who="3" ten="130,390,250,220" step="2"/><T107/><D103/><U16/><E115/><V60/><F45/><W106/><G106/><T28/><D6/><U68/><E46/><V19/><F60/><W14/><G14/><T22/><D29/><U92/><E31/><V27/><F104/><W100/><G100/><T79/><REACH who="0" step="1"/><D0/><REACH who="0" ten="120,390,250,220" step="2"/><U95/><E112/><V122/><F122/><W129/><G129/><T9/><D9/><U44/><E44/><V67/><F119/><W82/><G82/><AGARI ba="1,2" hai="1,2,13,18,20,22,26,28,79,82,87,98,101,107" machi="82" ten="40,8000,1" yaku="1,1,52,1,53,2" doraHai="80" doraHaiUra="34" who="0" fromWho="3" sc="120,103,390,0,250,0,220,-83" /><INIT seed="2,0,0,5,4,58" ten="223,390,250,137" oya="2" hai0="16,80,74,36,87,102,126,59,66,61,100,42,31" hai1="93,123,113,133,40,81,64,62,121,94,117,28,105" hai2="33,39,119,6,132,84,96,29,55,12,63,106,135" hai3="122,52,82,99,89,19,85,35,34,0,134,3,38"/><V50/><F39/><W41/><G122/><N who="1" m="46602" /><E105/><V8/><F119/><W57/><G134/><N who="2" m="51241" /><F84/><W25/><G38/><T18/><D74/><U98/><E113/><V37/><F37/><W72/><G41/><T10/><D126/><U103/><E117/><V11/><F11/><W73/><G35/><T75/><D75/><U13/><E40/><V107/><F96/><W70/><G70/><T46/><D31/><U26/><E81/><V9/><F9/><W129/><G129/><T78/><REACH who="0" step="1"/><D10/><REACH who="0" ten="213,390,250,137" step="2"/><U120/><E120/><V88/><F29/><W115/><G115/><T45/><D45/><U17/><E133/><V43/><F33/><W54/><G73/><T109/><D109/><U53/><E28/><V27/><F27/><W30/><G72/><T21/><D21/><U128/><E26/><V104/><F43/><W101/><G19/><AGARI ba="0,1" hai="16,18,19,36,42,46,59,61,66,78,80,87,100,102" machi="19" ten="40,8000,1" yaku="1,1,52,1,54,1,53,1" doraHai="58" doraHaiUra="71" who="0" fromWho="3" sc="213,90,390,0,250,0,137,-80" /><INIT seed="3,0,0,5,1,71" ten="303,390,250,57" oya="3" hai0="34,117,59,49,125,135,22,100,23,69,17,123,15" hai1="14,66,73,90,13,116,78,102,6,52,32,38,109" hai2="99,65,112,93,50,67,81,29,94,120,31,97,5" hai3="60,91,83,37,106,111,114,127,54,88,62,27,16"/><W85/><G114/><T92/><D69/><U128/><E116/><V11/><F112/><W46/><G127/><T75/><D75/><U57/><E32/><V105/><F105/><W133/><G133/><T39/><D39/><U131/><E38/><V98/><F81/><W76/><G106/><T119/><D34/><U107/><E109/><V28/><F50/><N who="3" m="29015" /><G37/><T108/><D123/><U77/><E66/><V0/><REACH who="2" step="1"/><F120/><REACH who="2" ten="303,390,240,57" step="2"/><W72/><G111/><T130/><D108/><U21/><E107/><V96/><N who="2" m="25088" /><DORA hai="86" /><V113/><F113/><W64/><G72/><T121/><D49/><U47/><E73/><V48/><F48/><W51/><G51/><T12/><D121/><U40/><E78/><V63/><F63/><N who="3" m="24107" /><G64/><AGARI ba="0,1" hai="0,5,11,28,29,31,64,65,67,93,94" m="25088" machi="64" ten="60,2000,0" yaku="1,1,53,0" doraHai="71,86" doraHaiUra="44,74" who="2" fromWho="3" sc="303,0,390,0,240,30,57,-20" /><INIT seed="4,0,0,3,4,22" ten="303,390,270,37" oya="0" hai0="128,55,30,10,13,98,99,52,100,127,14,46,80" hai1="35,125,78,104,95,6,86,120,64,82,39,57,87" hai2="130,116,113,77,42,31,106,109,91,0,29,24,47" hai3="97,112,34,69,59,92,90,61,21,89,101,37,51"/><T23/><D127/><U102/><E104/><V62/><F109/><W15/><G34/><T84/><D128/><U19/><E39/><V26/><F106/><W70/><G112/><T85/><D85/><U73/><E35/><V65/><F0/><W93/><G37/><T16/><D46/><U107/><E107/><V60/><F113/><W32/><G32/><T27/><D14/><U67/><E125/><V119/><F77/><W58/><G101/><T25/><D25/><N who="2" m="9834" /><F91/><W81/><G81/><T8/><D8/><U2/><E2/><V103/><F103/><W1/><G1/><T122/><D122/><U129/><E73/><V110/><F110/><W12/><G51/><T50/><D50/><U53/><E102/><V124/><F124/><W74/><G74/><T44/><D44/><U36/><E129/><V96/><F96/><N who="0" m="36906" /><D100/><U20/><E36/><N who="2" m="21959" /><F130/><W9/><G9/><T121/><D121/><U132/><E120/><V134/><F134/><W79/><G79/><AGARI ba="0,0" hai="10,13,16,23,27,30,52,55,79,80,84" m="36906" machi="79" ten="30,11600,0" yaku="8,1,52,1,54,2" doraHai="22" who="0" fromWho="3" sc="303,116,390,0,270,0,37,-116" owari="419,52.0,390,19.0,270,-13.0,-79,-58.0" /></mjloggm>