<mjloggm ver="2.3"><GO type="225" lobby="0"/><UN n0="%E5%B0%B1%E6%B4%BB%E7%94%9F%40%E5%B7%9D%E6%9D%91%E8%BB%8D%E5%9B%A3" n1="%4D%61%6D%65%2D%79%61" n2="%6B%6A%30%38%32%36" n3="%E6%B4%BE%E9%81%A3%E3%81%AE%E3%82%B8%E3%83%A3%E3%83%83%E3%82%AF" dan="16,16,16,17" rate="2059.57,2113.03,2130.84,2242.48" sx="M,M,M,M"/><TAIKYOKU oya="0"/><INIT seed="0,0,0,4,3,85" ten="250,250,250,250" oya="0" hai0="120,53,17,126,43,34,79,121,64,108,115,8,42" hai1="94,40,74,114,49,26,9,21,96,61,75,103,69" hai2="122,44,82,35,81,129,113,22,100,55,110,66,119" hai3="25,118,6,29,77,89,133,116,98,68,70,45,62"/><T106/><D115/><U7/><E114/><V38/><F35/><W13/><G77/><T51/><D34/><U107/><E107/><V91/><F113/><W78/><G78/><T16/><D106/><U135/><E135/><V24/><F119/><W99/><G45/><T101/><D126/><U18/><E40/><V2/><F2/><W72/><G72/><T59/><D79/><U10/><E49/><V32/><F32/><W1/><G1/><T86/><D108/><U11/><REACH who="1" step="1"/><E7/><REACH who="1" ten="250,240,250,250" step="2"/><V90/><F122/><W19/><G6/><T37/><D120/><U58/><E58/><V134/><F38/><W14/><G133/><T97/><D121/><U83/><E83/><V50/><F134/><W33/><G118/><T60/><D37/><U132/><E132/><V30/><F110/><W76/><G116/><T65/><D43/><U4/><E4/><V52/><F82/><W31/><G68/><T57/><D42/><U124/><E124/><V47/><F81/><W63/><G70/><T87/><D51/><U84/><E84/><N who="0" m="32297" /><D59/><U109/><E109/><V23/><F50/><W3/><G76/><T73/><D73/><U128/><E128/><V117/><F129/><W41/><G41/><T46/><D46/><U80/><E80/><V125/><F117/><W20/><G63/><T102/><D97/><U48/><E48/><V71/><F71/><W27/><G98/><T127/><D127/><U54/><E54/><V95/><F125/><W0/><G99/><T130/><D130/><U123/><E123/><V12/><F47/><W28/><G62/><T36/><D53/><RYUUKYOKU ba="0,1" sc="250,-10,240,30,250,-10,250,-10" hai1="9,10,11,18,21,26,61,69,74,75,94,96,103" /><INIT seed="1,1,1,3,3,90" ten="240,270,240,240" oya="1" hai0="103,79,87,108,49,43,51,135,126,92,133,33,125" hai1="55,37,121,44,64,59,13,8,57,74,63,114,54" hai2="53,24,96,67,111,89,21,23,15,77,70,71,25" hai3="42,117,119,40,48,3,134,32,86,65,115,31,10"/><U61/><E74/><V62/><F77/><W47/><G115/><T18/><D33/><U104/><E104/><V127/><F71/><W109/><G109/><T35/><D35/><U45/><E114/><V93/><F111/><W41/><G134/><N who="0" m="51211" /><D108/><U122/><E13/><V39/><F39/><W132/><G132/><T69/><D69/><U11/><E37/><V76/><F76/><W4/><G65/><AGARI ba="1,1" hai="8,11,44,45,54,55,57,59,61,63,64,65,121,122" machi="65" ten="25,2400,0" yaku="22,2" doraHai="90" who="1" fromWho="3" sc="240,0,270,37,240,0,240,-27" /><INIT seed="1,2,0,1,3,33" ten="240,307,240,213" oya="1" hai0="128,94,80,117,6,23,93,31,10,83,1,105,134" hai1="55,131,101,19,68,53,126,26,119,54,98,39,11" hai2="132,71,95,30,111,91,5,12,40,64,127,122,62" hai3="44,66,17,81,125,45,63,107,51,43,86,112,2"/><U18/><E119/><V60/><F122/><W49/><G112/><T120/><D117/><U121/><E121/><V50/><F111/><W76/><G125/><T32/><D105/><U99/><E126/><V88/><F127/><W92/><G107/><T133/><D120/><U104/><E39/><V58/><F132/><N who="0" m="50794" /><D32/><U82/><E68/><V24/><F12/><W42/><G17/><T3/><D3/><U46/><E131/><V15/><F15/><W79/><G92/><N who="0" m="35435" /><D128/><U89/><E98/><V52/><F5/><W38/><G38/><T16/><D31/><U57/><E46/><V35/><F91/><W36/><G36/><T29/><D29/><U87/><E57/><V56/><F40/><W116/><G116/><T85/><D85/><U90/><E90/><V22/><F35/><W113/><G113/><T41/><D41/><U118/><E118/><V70/><REACH who="2" step="1"/><F62/><REACH who="2" ten="240,307,230,213" step="2"/><W7/><G7/><T135/><N who="0" m="50802" /><T96/><DORA hai="103" /><D96/><AGARI ba="2,1" hai="22,24,30,50,52,56,58,60,64,70,71,88,95,96" machi="96" ten="30,7700,0" yaku="1,1,7,1,54,2,53,0" doraHai="33,103" doraHaiUra="73,77" who="2" fromWho="0" sc="240,-83,307,0,230,93,213,0" /><INIT seed="2,0,0,4,0,0" ten="157,307,323,213" oya="2" hai0="73,110,1,69,50,102,125,59,99,117,24,41,77" hai1="38,52,89,51,33,23,121,87,91,129,119,46,8" hai2="93,57,20,65,39,13,5,21,43,19,108,94,105" hai3="116,86,74,96,90,128,88,10,67,78,18,14,9"/><V118/><F105/><W11/><G128/><T130/><D69/><U107/><E119/><V97/><F118/><W48/><G116/><T85/><D130/><U56/><E33/><V120/><F120/><W123/><G123/><T29/><D117/><U17/><E121/><V114/><F114/><W25/><G67/><T3/><D125/><U92/><E107/><V80/><F108/><W15/><G74/><T44/><D110/><U76/><E129/><V112/><F112/><W113/><G113/><T81/><D73/><U71/><E71/><V109/><F109/><W63/><G63/><T40/><D40/><U103/><E103/><V6/><F80/><N who="3" m="47383" /><G48/><T2/><D59/><U12/><E76/><V30/><F43/><W60/><G60/><T126/><D126/><U62/><E38/><V124/><F39/><W131/><G131/><T45/><D45/><U135/><E135/><V111/><F111/><W98/><G25/><T27/><REACH who="0" step="1"/><D29/><REACH who="0" ten="147,307,323,213" step="2"/><U101/><E46/><V37/><F124/><W58/><G58/><T26/><D26/><U64/><E56/><V84/><F37/><W83/><G15/><T32/><D32/><U49/><E12/><V133/><F133/><W55/><G14/><T95/><AGARI ba="0,1" hai="1,2,3,24,27,41,44,50,77,81,85,95,99,102" machi="95" ten="30,2000,0" yaku="1,1,0,1,53,0" doraHai="0" doraHaiUra="70" who="0" fromWho="0" sc="147,30,307,-5,323,-10,213,-5" /><INIT seed="3,0,0,0,3,116" ten="177,302,313,208" oya="3" hai0="38,132,31,87,57,123,11,131,134,129,10,73,68" hai1="103,81,21,45,30,58,18,61,65,14,99,94,71" hai2="100,122,118,84,1,93,101,62,111,60,24,133,55" hai3="29,114,12,72,28,50,64,46,119,36,70,102,63"/><W66/><G114/><T104/><D68/><U115/><E115/><V97/><F1/><W85/><G119/><T77/><D104/><U108/><E108/><V16/><F118/><W3/><G3/><T86/><D38/><U54/><E30/><V126/><F111/><W82/><G72/><T32/><D73/><U74/><E45/><V75/><F75/><W26/><G66/><T13/><D77/><U41/><E41/><V20/><F126/><W48/><G12/><T135/><D57/><U95/><E81/><V53/><F133/><W51/><G102/><T83/><D83/><U22/><E74/><V109/><F109/><W4/><G4/><N who="0" m="3271" /><D86/><U125/><E125/><V35/><F122/><W25/><G36/><T44/><D44/><U91/><E22/><V92/><F35/><W0/><G46/><T8/><D87/><N who="1" m="52607" /><E71/><V105/><F105/><W19/><G0/><T39/><D39/><U47/><E47/><V120/><F120/><W107/><G107/><T80/><D80/><U9/><E21/><V7/><F7/><W37/><G37/><T42/><D42/><U67/><AGARI ba="0,0" hai="9,14,18,54,58,61,65,67,95,99,103" m="52607" machi="67" ten="30,1100,0" yaku="8,1" doraHai="116" who="1" fromWho="1" sc="177,-3,302,11,313,-3,208,-5" owari="174,-33.0,313,42.0,310,11.0,203,-20.0" /></mjloggm>