<mjloggm ver="2.3"><GO type="41" lobby="0"/><UN n0="%52%61%69%61%6E%2E" n1="%E5%92%8C%E4%BA%86%E7%8E%87%30%EF%BC%85" n2="%74%75%62%6F%6D%69%79%61" n3="%E5%B0%B1%E6%B4%BB%E7%94%9F%40%E5%B7%9D%E6%9D%91%E8%BB%8D%E5%9B%A3" dan="14,13,15,16" rate="1886.03,1869.65,1975.18,2022.53" sx="M,F,M,M"/><TAIKYOKU oya="0"/><INIT seed="0,0,0,0,3,24" ten="250,250,250,250" oya="0" hai0="46,87,31,40,68,72,55,52,111,121,42,99,97" hai1="101,19,120,79,47,77,126,49,21,59,23,78,83" hai2="51,62,61,7,123,38,41,36,2,17,103,92,98" hai3="122,54,66,9,26,34,132,131,128,32,48,130,5"/><T15/><D72/><U117/><E117/><V102/><F123/><W0/><G122/><T86/><D68/><U119/><E119/><V28/><F2/><W129/><G132/><T13/><D121/><U30/><E120/><V33/><F7/><W4/><G4/><T110/><D46/><U105/><E126/><V10/><F51/><W90/><G66/><T134/><D134/><U81/><E101/><V104/><F10/><W115/><G115/><T37/><D37/><U29/><E105/><V71/><F17/><W12/><G0/><T74/><D74/><U106/><E106/><V108/><F108/><W109/><G109/><T94/><D94/><U16/><E59/><V88/><F103/><W67/><G67/><T58/><D58/><U96/><E96/><N who="2" m="57351" /><F61/><W8/><G8/><T65/><D65/><U50/><E79/><V22/><F22/><W18/><G90/><T14/><D14/><U1/><E1/><V89/><F89/><W43/><G43/><T95/><D95/><U85/><E47/><V6/><F6/><W27/><N who="3" m="33280" /><DORA hai="70" /><W100/><G100/><T57/><D57/><U20/><E23/><V3/><F41/><W39/><G39/><N who="2" m="14889" /><F3/><W25/><G5/><T127/><D127/><U80/><E81/><V45/><F45/><AGARI ba="0,0" hai="9,12,18,25,26,27,32,34,45,48,54" m="33280" machi="45" ten="70,2300,0" yaku="19,1" doraHai="24,70" who="3" fromWho="2" sc="250,0,250,0,250,-23,250,23" /><INIT seed="1,0,0,4,5,110" ten="250,250,227,273" oya="1" hai0="31,128,15,78,58,13,12,23,44,74,7,45,134" hai1="52,71,93,4,25,133,36,120,60,127,119,41,20" hai2="10,64,114,126,122,123,97,63,88,5,96,27,84" hai3="55,39,130,46,37,76,14,117,66,94,26,81,65"/><U24/><E119/><V59/><F126/><W99/><G117/><T108/><D108/><U34/><E120/><V135/><F135/><W21/><G130/><T102/><D134/><U51/><E133/><V68/><F123/><W47/><G14/><T115/><D128/><U70/><E127/><V67/><F122/><W106/><G106/><T79/><D74/><U125/><E125/><V129/><F129/><W6/><G6/><T77/><D115/><U105/><E105/><V113/><F27/><W85/><G39/><T8/><D102/><U9/><E34/><V131/><F131/><W18/><G37/><T28/><D58/><N who="1" m="33055" /><E71/><V29/><F29/><W72/><G72/><T73/><D73/><U0/><E20/><V61/><F97/><W1/><G1/><T75/><D75/><U54/><E54/><V107/><F96/><W90/><REACH who="3" step="1"/><G55/><REACH who="3" ten="250,250,227,263" step="2"/><T132/><D132/><U111/><E0/><V53/><F53/><W2/><G2/><T121/><D121/><U95/><E4/><V50/><F107/><W82/><G82/><T124/><D124/><U19/><E24/><V91/><F50/><W32/><G32/><T109/><D109/><U57/><E111/><V87/><F5/><W30/><G30/><T38/><D38/><U16/><E36/><V116/><F116/><W83/><G83/><T42/><D42/><U62/><E41/><V3/><F3/><W11/><G11/><T43/><D43/><U112/><E9/><V35/><F35/><W100/><G100/><T101/><D101/><U22/><E25/><V40/><F40/><W92/><G92/><RYUUKYOKU ba="0,1" sc="250,-10,250,-10,227,-10,263,30" hai3="18,21,26,46,47,65,66,76,81,85,90,94,99" /><INIT seed="2,1,1,2,1,34" ten="240,240,217,293" oya="2" hai0="92,67,35,59,127,83,18,48,89,129,122,52,38" hai1="46,74,81,114,120,27,32,61,55,22,14,88,26" hai2="41,131,1,40,5,29,85,9,49,30,24,6,115" hai3="94,135,60,109,62,28,57,63,51,134,64,23,86"/><V103/><F103/><W78/><G109/><T19/><D38/><U4/><E114/><V113/><F40/><W121/><G121/><T112/><D35/><U16/><E120/><V53/><F41/><W79/><G28/><T66/><D122/><U0/><E74/><V43/><F43/><W42/><G23/><T101/><D112/><U117/><E117/><V97/><F97/><W3/><G3/><T36/><D36/><U107/><E107/><V133/><F133/><N who="3" m="50699" /><G64/><N who="0" m="24619" /><D129/><U47/><E27/><V12/><F30/><W118/><G118/><T128/><D127/><U20/><E22/><V11/><F85/><W10/><G10/><T33/><D33/><U50/><E32/><V108/><F131/><W104/><G104/><T102/><D128/><U44/><E26/><V132/><F132/><W99/><G86/><N who="0" m="50399" /><D92/><U111/><E111/><V21/><REACH who="2" step="1"/><F108/><REACH who="2" ten="240,240,207,293" step="2"/><W68/><G68/><T45/><D45/><AGARI ba="1,2" hai="1,5,6,9,11,12,21,24,29,45,49,53,113,115" machi="45" ten="30,11600,0" yaku="1,1,2,1,7,1,52,1,53,0" doraHai="34" doraHaiUra="98" who="2" fromWho="0" sc="240,-119,240,0,207,139,293,0" /><INIT seed="2,2,0,0,4,118" ten="121,240,346,293" oya="2" hai0="12,86,26,129,124,106,58,77,52,127,108,64,23" hai1="18,51,88,101,99,41,128,17,22,10,50,20,83" hai2="60,100,82,111,70,9,80,89,6,25,46,31,36" hai3="33,19,134,69,1,96,123,47,119,113,0,112,65"/><V75/><F100/><W13/><G119/><T40/><D106/><U7/><E128/><V67/><F89/><W76/><G33/><T44/><D129/><U38/><E38/><V91/><F91/><W122/><G76/><T24/><D64/><U93/><E41/><V30/><F82/><W116/><G116/><T130/><D130/><U34/><E34/><V94/><F94/><W29/><G29/><T117/><D117/><U62/><E62/><V21/><F111/><W133/><G47/><T109/><D77/><U72/><E72/><V54/><F54/><W102/><G65/><T115/><D86/><U98/><E83/><V57/><F57/><W97/><G69/><T48/><D12/><N who="1" m="5215" /><E101/><V103/><F103/><W132/><G97/><T79/><D79/><U28/><E99/><V120/><F80/><W59/><G59/><T3/><D3/><N who="3" m="1097" /><G96/><T71/><D71/><U78/><E78/><V131/><F75/><W90/><G90/><T27/><D23/><N who="1" m="8747" /><E28/><V61/><F31/><W42/><G42/><T125/><REACH who="0" step="1"/><D115/><REACH who="0" ten="111,240,346,293" step="2"/><N who="3" m="44105" /><G102/><T74/><D74/><U85/><E85/><V14/><F70/><W56/><G56/><T43/><D43/><U95/><E98/><V45/><F131/><W105/><G105/><T53/><D53/><U84/><E84/><V16/><F67/><W92/><G92/><T63/><AGARI ba="2,1" hai="24,26,27,40,44,48,52,58,63,108,109,124,125,127" machi="63" ten="40,8000,1" yaku="1,1,0,1,18,1,54,1,53,0" doraHai="118" doraHaiUra="114" who="0" fromWho="0" sc="111,96,240,-22,346,-42,293,-22" /><INIT seed="3,0,0,5,1,10" ten="207,218,304,271" oya="3" hai0="27,51,108,34,37,132,91,13,4,118,21,120,114" hai1="28,53,5,20,29,1,92,64,47,2,75,49,22" hai2="68,14,86,52,131,111,54,45,63,43,23,58,79" hai3="128,65,98,41,48,59,116,44,110,105,88,35,25"/><W6/><G116/><T66/><D37/><U19/><E75/><V78/><F111/><W135/><G110/><T26/><D108/><U36/><E36/><V55/><F131/><W9/><G128/><T83/><D118/><U70/><E64/><N who="2" m="39031" /><F68/><W112/><G135/><T113/><D34/><U117/><E70/><V100/><F100/><W134/><G134/><T125/><D120/><U46/><E117/><V97/><F97/><W72/><G72/><T15/><D132/><U80/><E80/><N who="2" m="47383" /><F79/><W103/><G112/><N who="0" m="43115" /><D66/><U17/><E5/><V56/><F45/><W57/><G65/><T104/><D104/><U3/><E92/><V62/><F43/><W121/><G121/><T124/><D51/><U16/><REACH who="1" step="1"/><E47/><REACH who="1" ten="207,208,304,271" step="2"/><V76/><F76/><W24/><G59/><T7/><D125/><U84/><E84/><V69/><F69/><W82/><G57/><T109/><D124/><U11/><E11/><V96/><F96/><W122/><G122/><T87/><D109/><U33/><E33/><V32/><F32/><W102/><G35/><T73/><D73/><U0/><N who="1" m="512" /><DORA hai="40" /><U106/><E106/><V89/><F56/><W93/><G105/><T94/><D94/><U129/><E129/><V115/><F115/><W30/><G82/><T39/><D39/><U71/><E71/><V77/><F62/><W123/><G123/><T31/><D21/><AGARI ba="0,1" hai="16,17,19,20,21,22,28,29,46,49,53" m="512" machi="21" ten="70,8000,1" yaku="1,1,52,1,54,1,53,0" doraHai="10,40" doraHaiUra="119,126" who="1" fromWho="0" sc="207,-80,208,90,304,0,271,0" /><INIT seed="4,0,0,4,3,115" ten="127,298,304,271" oya="0" hai0="100,106,51,57,7,42,62,92,103,110,9,87,88" hai1="132,107,108,114,82,130,116,38,93,70,69,89,28" hai2="99,128,56,27,1,68,123,48,3,30,119,55,122" hai3="58,84,11,111,105,20,109,120,54,79,13,60,12"/><T77/><D110/><U66/><E93/><V75/><F75/><W21/><G105/><T47/><D106/><U102/><E89/><V44/><F68/><W117/><G120/><T101/><D77/><U65/><E82/><V97/><F3/><W61/><G117/><T39/><D39/><U104/><E102/><V98/><F1/><W46/><G46/><T23/><D23/><U14/><E14/><V113/><F113/><W73/><G73/><T126/><D126/><U72/><E66/><V6/><F6/><W25/><G109/><T29/><D29/><U118/><E65/><V95/><F119/><W112/><G112/><T121/><D121/><U133/><E28/><V59/><F128/><W40/><G111/><T90/><D90/><U31/><E31/><V16/><F16/><W74/><G74/><T15/><REACH who="0" step="1"/><D101/><REACH who="0" ten="117,298,304,271" step="2"/><U18/><E108/><V134/><F123/><W91/><G79/><T53/><AGARI ba="0,1" hai="7,9,15,42,47,51,53,57,62,87,88,92,100,103" machi="53" ten="20,18000,2" yaku="1,1,2,1,0,1,7,1,8,1,54,1,53,1" doraHai="115" doraHaiUra="52" who="0" fromWho="0" sc="117,190,298,-60,304,-60,271,-60" /><INIT seed="4,1,0,3,5,53" ten="307,238,244,211" oya="0" hai0="9,62,52,83,42,121,65,4,8,74,24,107,43" hai1="85,76,17,54,126,68,30,116,33,64,134,78,100" hai2="39,123,61,84,98,67,38,49,6,124,25,92,5" hai3="113,18,2,57,81,1,66,15,31,120,79,129,26"/><T128/><D107/><U19/><E116/><V93/><F123/><W44/><G120/><T50/><D121/><U51/><E126/><V90/><F124/><W47/><G113/><T106/><D106/><U21/><E134/><V22/><F49/><W127/><G129/><T97/><D128/><U75/><E75/><V20/><F39/><W10/><G127/><T133/><D133/><U29/><E100/><V14/><F38/><W131/><G131/><T104/><D104/><U45/><E33/><V35/><F35/><W94/><G94/><T114/><D97/><U110/><E110/><V73/><F73/><W23/><G1/><T89/><D8/><U135/><E135/><V108/><F108/><W0/><G0/><T109/><D109/><U59/><E68/><V32/><F32/><W115/><G2/><T91/><D91/><U125/><E125/><V95/><F95/><W72/><REACH who="3" step="1"/><G115/><REACH who="3" ten="307,238,244,201" step="2"/><T82/><D114/><U88/><E30/><V118/><F118/><W111/><G111/><T46/><D82/><U56/><E29/><V36/><F93/><W99/><G99/><T70/><D83/><N who="1" m="49215" /><E76/><V37/><F98/><W77/><G77/><T41/><D74/><U112/><E78/><V60/><F92/><W16/><G16/><T12/><D89/><U13/><E19/><V122/><F90/><W71/><G71/><T63/><D70/><U117/><E112/><V105/><F122/><W48/><G48/><T96/><D96/><U34/><E117/><V55/><F37/><W87/><G87/><T3/><D3/><U119/><E119/><V11/><F36/><RYUUKYOKU ba="1,1" sc="307,-10,238,-10,244,-10,201,30" hai3="10,15,18,23,26,31,44,47,57,66,72,79,81" /><INIT seed="5,2,1,2,5,68" ten="297,228,234,231" oya="1" hai0="41,55,125,118,66,126,85,99,81,21,107,115,14" hai1="72,6,27,83,54,93,51,52,45,88,49,79,15" hai2="30,47,60,5,39,71,29,86,48,53,13,121,84" hai3="24,124,113,57,56,31,108,105,26,101,70,59,104"/><U0/><E0/><V9/><F121/><W132/><G108/><T116/><D107/><U89/><E27/><V106/><F106/><W78/><G78/><N who="0" m="46263" /><D66/><U20/><E93/><V96/><F96/><W36/><G36/><T22/><D41/><U7/><E7/><V123/><F123/><W43/><G43/><T69/><D69/><U117/><E117/><V120/><F120/><W128/><G70/><T17/><D115/><U10/><REACH who="1" step="1"/><E20/><REACH who="1" ten="297,218,234,231" step="2"/><V97/><F5/><W44/><G105/><T130/><D22/><U33/><E33/><V75/><F13/><W80/><G26/><T37/><D14/><U38/><E38/><V65/><F29/><W100/><G24/><T63/><D37/><U2/><E2/><V134/><F30/><W102/><G31/><T64/><D118/><U18/><E18/><V122/><F122/><W77/><G104/><T4/><D116/><U23/><E23/><V103/><F103/><W110/><G113/><T114/><D17/><U135/><E135/><V90/><F134/><W50/><G132/><T8/><D21/><U111/><E111/><V42/><F39/><W127/><G110/><T32/><D32/><U98/><E98/><V3/><F97/><W16/><G16/><T61/><D99/><U74/><E74/><V11/><F75/><W58/><G128/><T82/><D130/><U40/><E40/><V34/><F42/><N who="3" m="24855" /><G124/><T95/><D126/><U112/><E112/><V76/><F34/><W129/><G129/><T46/><D114/><U119/><E119/><V91/><F3/><W25/><N who="3" m="14848" /><DORA hai="19" /><W67/><G127/><RYUUKYOKU ba="2,2" sc="297,-10,218,30,234,-10,231,-10" hai1="6,10,15,45,49,51,52,54,72,79,83,88,89" /><INIT seed="5,3,2,5,5,103" ten="287,248,224,221" oya="1" hai0="42,52,79,92,8,102,45,44,113,88,46,51,97" hai1="2,34,61,101,19,40,73,49,95,87,107,22,111" hai2="120,105,25,82,128,23,85,132,127,67,91,5,35" hai3="77,62,74,121,115,53,36,6,16,108,7,48,0"/><U116/><E73/><V14/><F120/><W133/><G108/><T125/><D125/><U130/><E116/><V28/><F127/><W66/><G36/><T100/><D113/><U110/><E34/><V135/><F128/><W12/><G0/><T63/><D79/><U24/><E2/><V126/><F126/><W134/><G74/><T71/><D71/><U131/><E61/><V37/><F37/><W84/><G115/><T29/><D29/><U117/><E117/><V64/><F105/><W70/><G84/><T81/><D8/><U58/><E107/><V114/><F114/><W89/><G89/><T20/><D20/><U27/><E24/><V80/><F80/><W60/><G60/><T65/><D81/><U119/><E119/><V39/><F39/><W109/><G77/><T106/><D106/><U72/><E72/><V76/><F76/><W33/><G33/><T112/><D112/><U56/><E58/><V57/><F57/><N who="3" m="32935" /><G109/><N who="1" m="41482" /><E40/><V43/><F43/><W17/><G17/><T11/><D42/><U93/><E95/><V21/><F67/><W4/><G121/><T96/><D65/><U118/><E118/><V50/><F64/><W26/><G26/><T59/><D63/><U30/><E19/><V78/><F50/><W47/><G47/><T75/><D75/><U124/><E124/><V104/><F104/><W54/><G54/><T32/><D32/><U122/><E122/><V31/><F35/><W3/><G3/><T15/><D96/><N who="1" m="59535" /><E87/><N who="2" m="48599" /><F31/><W38/><G38/><T129/><D129/><U18/><E30/><V9/><F28/><W98/><G98/><RYUUKYOKU ba="3,2" sc="287,10,248,10,224,-30,221,10" hai0="11,15,44,45,46,51,52,59,88,92,97,100,102" hai1="18,22,27,49,56,130,131" hai3="4,6,7,12,16,62,66,70,133,134" /><INIT seed="5,4,2,1,1,113" ten="297,258,194,231" oya="1" hai0="56,84,129,49,42,130,117,92,72,128,126,6,26" hai1="36,5,114,33,120,50,61,85,57,24,96,107,8" hai2="78,66,123,103,38,122,28,118,101,83,93,16,52" hai3="121,19,124,108,60,64,75,73,20,65,35,13,17"/><U11/><E36/><V39/><F66/><W105/><G121/><T88/><D72/><U86/><E120/><V58/><F123/><W79/><G108/><T127/><D117/><U134/><E114/><V51/><F118/><W62/><G105/><T21/><D6/><U80/><E134/><V67/><F122/><W55/><G35/><T59/><D42/><U89/><E50/><V32/><F67/><W69/><G124/><N who="0" m="47659" /><D49/><U44/><E44/><V12/><F32/><W48/><G79/><T106/><D106/><U132/><E132/><V91/><F28/><AGARI ba="4,2" hai="21,26,28,56,59,84,88,92,128,129,130" m="47659" machi="28" ten="40,5200,0" yaku="19,1,18,1,54,1" doraHai="113" who="0" fromWho="2" sc="297,84,258,0,194,-64,231,0" /><INIT seed="6,0,0,3,0,11" ten="381,258,130,231" oya="2" hai0="113,69,9,85,27,70,101,5,65,19,52,100,48" hai1="89,58,117,74,54,30,130,44,76,102,84,87,104" hai2="94,125,20,50,82,51,81,107,67,29,68,66,59" hai3="97,41,6,88,99,112,95,77,71,3,121,114,47"/><V32/><F32/><W132/><G121/><T26/><D65/><N who="2" m="24586" /><F68/><W123/><G123/><T43/><D43/><U7/><E117/><V75/><F107/><W28/><G71/><T8/><D70/><U83/><E130/><V124/><F94/><W31/><G77/><T116/><D69/><U34/><E34/><V16/><F29/><W79/><G79/><T38/><D38/><U62/><E30/><V118/><F118/><W36/><G132/><T119/><D113/><N who="3" m="43625" /><G99/><T55/><D119/><U15/><E44/><V12/><F75/><W0/><G0/><T17/><D85/><U127/><E104/><V61/><F125/><W135/><G135/><T18/><D116/><U91/><E127/><V45/><F124/><W10/><AGARI ba="0,0" hai="3,6,10,28,31,36,41,47,88,95,97" m="43625" machi="10" ten="30,4000,0" yaku="15,1,11,1,54,1" doraHai="11" who="3" fromWho="3" sc="381,-10,258,-10,130,-20,231,40" /><INIT seed="7,0,0,2,4,44" ten="371,248,110,271" oya="3" hai0="19,12,65,86,127,97,47,105,48,80,71,75,36" hai1="13,62,67,119,126,51,76,25,3,83,117,109,116" hai2="9,110,34,5,7,4,66,60,50,93,31,33,107" hai3="79,29,129,26,35,30,98,82,52,100,18,15,58"/><W64/><G129/><T131/><D36/><U63/><E3/><V49/><F110/><W23/><G64/><T1/><D1/><U88/><E109/><V41/><F107/><W115/><G115/><T103/><D75/><U14/><E126/><V89/><F41/><W135/><G135/><T42/><D131/><U68/><E25/><V8/><F31/><W2/><G2/><T81/><D127/><U39/><E39/><V102/><F102/><W73/><G30/><T43/><D43/><U0/><E0/><V128/><F128/><W114/><G114/><T11/><D86/><N who="1" m="50271" /><E76/><V40/><F40/><W133/><G133/><T108/><D108/><U134/><E63/><V95/><F89/><W27/><G29/><T61/><AGARI ba="0,0" hai="11,12,19,42,47,48,61,65,71,80,81,97,103,105" machi="61" ten="30,2000,0" yaku="0,1,52,1" doraHai="44" who="0" fromWho="0" sc="371,20,248,-5,110,-5,271,-10" owari="391,49.0,243,-16.0,105,-39.0,261,6.0" /></mjloggm>