<mjloggm ver="2.3"><GO type="169" lobby="0"/><UN n0="%65%76%61%63%61%6E%69%61" n1="%E2%98%86%E2%98%85%E5%A4%A9%E6%B1%9F%E8%A1%A3%E2%98%85%E2%98%86" n2="%E3%81%AD%E3%82%8A%E3%82%B4%E3%83%9E" n3="%E5%B0%B1%E6%B4%BB%E7%94%9F%40%E5%B7%9D%E6%9D%91%E8%BB%8D%E5%9B%A3" dan="16,16,16,17" rate="2126.16,2094.00,2109.45,2210.83" sx="M,M,M,M"/><TAIKYOKU oya="0"/><INIT seed="0,0,0,2,2,106" ten="250,250,250,250" oya="0" hai0="42,103,92,71,26,89,43,7,34,23,80,12,32" hai1="99,54,4,134,38,87,62,110,49,58,115,133,98" hai2="74,56,44,70,130,108,95,85,2,20,14,9,119" hai3="131,101,1,40,84,66,53,27,82,13,126,36,102"/><T73/><D71/><U100/><E38/><V19/><F119/><W57/><G1/><T30/><D34/><U29/><E110/><V61/><F70/><W109/><G109/><T33/><D33/><U128/><E128/><V76/><F108/><W64/><G126/><T127/><D127/><U10/><E115/><V88/><F130/><W107/><G107/><T11/><D32/><U96/><E29/><V41/><F56/><W81/><G27/><T37/><D37/><U0/><E100/><N who="3" m="38506" /><G40/><T50/><D50/><U63/><REACH who="1" step="1"/><E87/><REACH who="1" ten="250,240,250,250" step="2"/><V47/><F85/><W112/><G36/><T77/><D103/><U6/><E6/><V22/><F2/><W31/><G31/><T65/><D65/><U111/><E111/><V123/><F123/><W93/><G112/><T67/><D67/><U91/><E91/><V132/><F88/><N who="3" m="53383" /><G131/><T114/><D114/><U78/><E78/><V68/><F76/><W105/><G66/><T125/><D125/><U118/><E118/><V104/><F68/><W94/><G64/><T35/><D35/><U45/><E45/><V5/><F47/><W121/><G105/><T48/><REACH who="0" step="1"/><D48/><REACH who="0" ten="240,240,250,250" step="2"/><U113/><E113/><V117/><F104/><W52/><G121/><T60/><D60/><AGARI ba="0,2" hai="0,4,10,49,54,58,60,62,63,96,98,99,133,134" machi="60" ten="40,1300,0" yaku="1,1,53,0" doraHai="106" doraHaiUra="69" who="1" fromWho="0" sc="240,-13,240,33,250,0,250,0" /><INIT seed="1,0,0,2,2,16" ten="227,273,250,250" oya="1" hai0="37,36,110,83,44,79,95,122,132,123,58,20,59" hai1="114,90,73,94,125,22,91,115,104,80,30,12,126" hai2="23,15,40,135,127,35,47,18,28,103,48,4,10" hai3="102,65,7,78,56,97,92,24,121,61,3,8,100"/><U120/><E120/><N who="0" m="46121" /><D110/><U41/><E41/><V117/><F117/><W25/><G121/><T68/><D68/><U130/><E130/><V84/><F103/><W77/><G102/><T99/><D132/><U93/><E104/><V66/><F66/><W31/><REACH who="3" step="1"/><G25/><REACH who="3" ten="227,273,250,240" step="2"/><T87/><D37/><U49/><E115/><V2/><F135/><W131/><G131/><T111/><D111/><U55/><E114/><V42/><F127/><W85/><G85/><T43/><D20/><AGARI ba="0,1" hai="3,7,8,20,24,31,56,61,65,77,78,92,97,100" machi="20" ten="30,12000,2" yaku="1,1,7,1,25,2,52,1,53,1" doraHai="16" doraHaiUra="34" who="3" fromWho="0" sc="227,-120,273,0,250,0,240,130" /><INIT seed="2,0,0,4,0,56" ten="107,273,250,370" oya="2" hai0="112,58,16,66,80,54,133,86,17,73,100,34,62" hai1="13,49,107,87,33,46,70,35,134,23,101,44,84" hai2="41,50,52,30,72,57,65,131,7,0,10,24,67" hai3="39,32,47,81,79,15,132,127,21,18,59,63,69"/><V130/><F72/><W25/><G127/><T135/><D112/><U75/><E75/><V9/><F9/><W3/><G132/><N who="0" m="50763" /><D34/><U129/><E134/><V43/><F67/><W118/><G3/><T12/><D100/><U120/><E70/><V40/><REACH who="2" step="1"/><F65/><REACH who="2" ten="107,273,240,370" step="2"/><W128/><G118/><T95/><D73/><U98/><E120/><V121/><F121/><W103/><G128/><T108/><D108/><U111/><E111/><V6/><F6/><W22/><G69/><N who="0" m="42199" /><D12/><U1/><E129/><V78/><F78/><W48/><G39/><T53/><D95/><U94/><E1/><V8/><F8/><W26/><G79/><N who="0" m="46367" /><D53/><U119/><E119/><V20/><AGARI ba="0,1" hai="0,7,10,20,24,30,40,41,43,50,52,57,130,131" machi="20" ten="30,6000,0" yaku="1,1,0,1,54,1,53,0" doraHai="56" doraHaiUra="11" who="2" fromWho="2" sc="107,-20,273,-20,240,70,370,-20" /><INIT seed="2,1,0,3,4,123" ten="87,253,310,350" oya="2" hai0="107,98,118,68,89,22,12,29,46,71,27,109,97" hai1="9,40,39,56,102,44,74,73,24,18,50,93,1" hai2="11,65,55,83,111,0,47,96,132,34,49,112,13" hai3="75,64,67,33,130,6,90,120,79,104,95,7,108"/><V3/><F112/><W69/><G33/><T15/><D118/><U85/><E1/><V54/><F34/><W42/><G104/><T51/><D109/><U48/><E39/><V135/><F65/><W72/><G108/><T52/><D98/><N who="1" m="59727" /><E74/><V32/><F32/><W80/><G72/><T131/><D131/><U63/><E73/><V30/><F30/><W53/><G42/><T106/><D106/><U92/><E48/><N who="2" m="28959" /><F96/><W59/><G130/><T21/><D21/><N who="1" m="13367" /><E9/><V129/><F129/><W115/><G115/><T14/><REACH who="0" step="1"/><D89/><REACH who="0" ten="77,253,310,350" step="2"/><N who="1" m="53295" /><E63/><V20/><F111/><W113/><G113/><T60/><D60/><U43/><E56/><V99/><F20/><W23/><G23/><T26/><D26/><U25/><E25/><V100/><F11/><W110/><G110/><T103/><AGARI ba="1,1" hai="12,14,15,22,27,29,46,51,52,68,71,97,103,107" machi="103" ten="30,4000,0" yaku="1,1,0,1,54,1,53,0" doraHai="123" doraHaiUra="82" who="0" fromWho="0" sc="77,53,253,-11,310,-21,350,-11" /><INIT seed="3,0,0,2,2,76" ten="130,242,289,339" oya="3" hai0="113,45,57,18,85,80,46,31,68,107,48,134,126" hai1="15,88,97,10,135,22,26,105,77,91,84,118,115" hai2="99,130,128,30,27,103,20,124,47,96,66,24,114" hai3="16,50,53,44,42,86,51,41,121,55,33,98,78"/><W1/><G33/><T119/><D119/><U39/><E115/><V93/><F114/><W125/><G1/><T52/><D113/><U61/><E118/><V89/><F124/><W12/><G121/><T90/><D126/><U7/><E39/><V123/><F123/><W73/><G73/><T111/><D111/><U69/><E135/><V72/><F72/><W59/><G98/><T112/><D112/><U37/><E37/><V43/><F66/><W64/><G64/><T13/><D134/><U38/><E38/><V36/><REACH who="2" step="1"/><F27/><REACH who="2" ten="130,242,279,339" step="2"/><W101/><G125/><T19/><D68/><U29/><E69/><V8/><F8/><N who="3" m="6151" /><G101/><T40/><D107/><AGARI ba="0,1" hai="20,24,30,36,43,47,89,93,96,99,103,107,128,130" machi="107" ten="40,1300,0" yaku="1,1,53,0" doraHai="76" doraHaiUra="28" who="2" fromWho="0" sc="130,-13,242,0,279,23,339,0" /><INIT seed="4,0,0,2,5,38" ten="117,242,302,339" oya="0" hai0="73,43,127,105,29,97,28,21,103,90,78,39,4" hai1="46,69,84,109,101,6,9,65,126,130,128,135,106" hai2="107,44,60,86,56,87,55,42,75,1,93,53,116" hai3="2,67,74,114,132,117,80,131,34,85,27,100,108"/><T15/><D127/><U26/><E109/><V91/><F107/><W51/><G67/><T123/><D123/><U66/><E126/><V63/><F75/><W33/><G27/><T76/><D90/><U17/><E135/><V82/><F1/><W122/><G100/><T83/><D78/><U115/><E115/><V133/><F133/><W40/><G85/><T22/><D22/><N who="1" m="13647" /><E69/><V77/><F116/><W5/><G80/><T14/><D4/><U79/><E46/><V72/><F72/><W45/><G5/><T71/><D71/><U134/><E134/><V37/><F63/><W3/><G3/><T11/><D11/><U70/><E70/><V113/><F113/><W20/><G20/><T125/><D125/><U49/><E49/><V30/><F30/><W10/><G34/><T7/><D7/><U98/><E84/><V50/><F37/><W24/><G33/><T54/><D54/><AGARI ba="0,0" hai="42,44,50,53,54,55,56,60,77,82,86,87,91,93" machi="54" ten="30,3900,0" yaku="7,1,8,1,52,1" doraHai="38" who="2" fromWho="0" sc="117,-39,242,0,302,39,339,0" /><INIT seed="5,0,0,0,2,104" ten="78,242,341,339" oya="1" hai0="1,46,57,96,58,54,89,21,73,19,95,85,64" hai1="53,91,133,74,121,72,94,105,32,55,3,41,29" hai2="13,116,24,75,31,103,49,17,48,15,63,120,66" hai3="114,108,8,44,115,47,77,130,0,34,81,70,129"/><U118/><E121/><V61/><F116/><W98/><G70/><T56/><D1/><U84/><E118/><V36/><F36/><W101/><G34/><T52/><D73/><U60/><E3/><V127/><F120/><W124/><G124/><T25/><D64/><U35/><E105/><V88/><F75/><N who="3" m="43199" /><G8/><T30/><D30/><U2/><E2/><V40/><F127/><W68/><G68/><T126/><D126/><U6/><E6/><V87/><F103/><W69/><G69/><T111/><D111/><U28/><E41/><V12/><F17/><W90/><G90/><T37/><D37/><U71/><E71/><V9/><F9/><W117/><G108/><T131/><D131/><N who="3" m="50185" /><G0/><T93/><REACH who="0" step="1"/><D46/><REACH who="0" ten="68,242,341,339" step="2"/><N who="3" m="17449" /><G117/><T128/><D128/><U135/><E35/><V82/><F40/><W78/><G78/><T112/><D112/><U27/><E29/><V102/><F102/><AGARI ba="0,1" hai="19,21,25,52,54,56,57,58,85,89,93,95,96,102" machi="102" ten="40,5200,0" yaku="1,1,8,1,54,1,53,0" doraHai="104" doraHaiUra="123" who="0" fromWho="2" sc="68,62,242,0,341,-52,339,0" /><INIT seed="6,0,0,5,4,112" ten="130,242,289,339" oya="2" hai0="44,4,106,109,115,27,35,18,57,130,38,0,97" hai1="26,128,95,52,3,83,46,21,105,90,59,17,50" hai2="87,132,1,16,110,28,129,8,42,58,2,120,49" hai3="114,31,41,124,25,127,76,91,62,63,7,133,43"/><V81/><F120/><W48/><G114/><T89/><D115/><U6/><E128/><V107/><F107/><W37/><G37/><T54/><D130/><U68/><E68/><V53/><F129/><W103/><G103/><T12/><D109/><U23/><E105/><V108/><F132/><W102/><G102/><T22/><D106/><U113/><E113/><V126/><F28/><W75/><G7/><T77/><D77/><U125/><E125/><N who="3" m="48202" /><G91/><T100/><D100/><U9/><E83/><V29/><F29/><W66/><G48/><T55/><D0/><U134/><E23/><V118/><F118/><W70/><G63/><T135/><D135/><U72/><E72/><V69/><F69/><W40/><G133/><T47/><D38/><U34/><E34/><V84/><F84/><W86/><G86/><T15/><D35/><U13/><E134/><V93/><F93/><W56/><G76/><T10/><D15/><U67/><E67/><V117/><F117/><W33/><G75/><T78/><D78/><U60/><E3/><V51/><F126/><W122/><G122/><T39/><D39/><U32/><E32/><V116/><F116/><W101/><G101/><T82/><D82/><U121/><E121/><V73/><F73/><W79/><G79/><T80/><D80/><U74/><E74/><V24/><F110/><W5/><G5/><T131/><D131/><U104/><E104/><V92/><F108/><W65/><G65/><T98/><D89/><U14/><E14/><N who="2" m="7239" /><F24/><W19/><G19/><T36/><D36/><U45/><E50/><V85/><F51/><RYUUKYOKU ba="0,0" sc="130,-15,242,15,289,-15,339,15" hai1="6,9,13,17,21,26,45,46,52,59,60,90,95" hai3="25,31,33,40,41,43,56,62,66,70" /><INIT seed="7,1,0,0,5,106" ten="115,257,274,354" oya="3" hai0="67,104,28,124,14,131,48,101,11,40,46,29,77" hai1="125,109,50,62,43,83,54,1,55,89,2,81,122" hai2="64,18,39,95,69,31,47,103,16,21,92,79,23" hai3="26,72,3,34,19,65,111,68,133,85,127,102,113"/><W12/><G72/><T96/><D124/><U61/><E109/><V37/><F47/><W121/><G3/><T84/><D131/><U118/><E43/><V94/><F79/><W86/><G102/><T126/><D126/><U17/><E125/><V110/><F110/><W112/><G133/><T59/><D67/><U8/><E122/><V42/><F42/><W114/><G121/><T82/><REACH who="0" step="1"/><D59/><REACH who="0" ten="105,257,274,354" step="2"/><N who="1" m="35071" /><E118/><V35/><F64/><W128/><G65/><T91/><D91/><U129/><E89/><V99/><F69/><W52/><G68/><T132/><D132/><U74/><E129/><V66/><F66/><W78/><G128/><T108/><D108/><U63/><E1/><V27/><F103/><W105/><G127/><T36/><D36/><U120/><E2/><V24/><F39/><W49/><G111/><T7/><AGARI ba="1,1" hai="7,11,14,28,29,40,46,48,77,82,84,96,101,104" machi="7" ten="20,8000,1" yaku="1,1,0,1,7,1,25,2,53,0" doraHai="106" doraHaiUra="32" who="0" fromWho="0" sc="105,93,257,-21,274,-21,354,-41" owari="198,-30.0,236,-16.0,253,5.0,313,41.0" /></mjloggm>