<mjloggm ver="2.3"><GO type="41" lobby="0"/><UN n0="%E5%B0%B1%E6%B4%BB%E7%94%9F%40%E5%B7%9D%E6%9D%91%E8%BB%8D%E5%9B%A3" n1="%E6%80%9C%E7%A5%9E%E6%8C%87%E8%B7%AF" n2="%67%6F%68%61%74%74%6F" n3="%E3%81%86%E3%81%BE%E3%81%84%E3%82%93%E3%81%8B%EF%BD%9E" dan="16,14,13,13" rate="2155.95,1933.79,1947.74,1873.42" sx="M,F,M,M"/><TAIKYOKU oya="0"/><INIT seed="0,0,0,2,3,71" ten="250,250,250,250" oya="0" hai0="73,33,61,45,114,107,65,102,99,85,14,43,53" hai1="32,131,103,81,76,57,37,23,9,94,52,90,82" hai2="47,134,101,119,127,124,29,97,116,41,8,40,135" hai3="49,22,72,0,95,110,20,106,44,18,84,3,111"/><T109/><D73/><U79/><E32/><V19/><F29/><W121/><G72/><T75/><D75/><U11/><E131/><V17/><F8/><N who="1" m="3145" /><E37/><N who="2" m="21903" /><F41/><W128/><G106/><T92/><D114/><U35/><E35/><V58/><F101/><W59/><G128/><T16/><D33/><U2/><E2/><V66/><F97/><W80/><G121/><T130/><D130/><U50/><E103/><V68/><F58/><W91/><G80/><N who="1" m="30826" /><E23/><V46/><F46/><W55/><G44/><T115/><D109/><N who="3" m="41481" /><G22/><T56/><D115/><U126/><E126/><N who="2" m="48171" /><F19/><W78/><G78/><T1/><D1/><U88/><E90/><V30/><F17/><W36/><G36/><T112/><D112/><U89/><E89/><V133/><F30/><W39/><G39/><T6/><D6/><U67/><E67/><V74/><F74/><W13/><AGARI ba="0,0" hai="0,3,13,18,20,49,55,59,84,91,95" m="41481" machi="13" ten="30,2000,0" yaku="25,1,14,1" doraHai="71" who="3" fromWho="3" sc="250,-10,250,-5,250,-5,250,20" /><INIT seed="1,0,0,0,2,120" ten="240,245,245,270" oya="1" hai0="39,54,72,8,42,107,76,91,30,44,0,33,135" hai1="5,15,89,113,52,103,56,92,24,63,64,25,128" hai2="118,124,123,96,36,28,14,10,80,34,126,23,119" hai3="21,3,111,98,95,48,82,55,43,88,74,85,19"/><U53/><E113/><V105/><F36/><W26/><G3/><T49/><D107/><U77/><E128/><V37/><F37/><W71/><G71/><T35/><D135/><U22/><E77/><V45/><F45/><W100/><G74/><T11/><D91/><U31/><E103/><V38/><F38/><W129/><G129/><T68/><D68/><U67/><E25/><N who="2" m="18703" /><F80/><W1/><G1/><T60/><D60/><U13/><E67/><V102/><F23/><W132/><G132/><T17/><D30/><U93/><E5/><V127/><F14/><N who="1" m="5129" /><E93/><V47/><F10/><W73/><G73/><T16/><D11/><U109/><E109/><V40/><F40/><W122/><G122/><T90/><D76/><U130/><E130/><V65/><F65/><W104/><G111/><T62/><D72/><U59/><E59/><V57/><F57/><W133/><G133/><T86/><D62/><U2/><E2/><V75/><F47/><W121/><G121/><T69/><D69/><U116/><E116/><N who="2" m="44587" /><F123/><W94/><REACH who="3" step="1"/><G43/><REACH who="3" ten="240,245,245,260" step="2"/><T6/><D35/><U134/><E134/><V106/><F75/><W79/><G79/><T29/><D33/><U18/><E31/><V83/><F83/><W131/><G131/><T101/><D29/><U125/><E125/><N who="2" m="32003" /><V12/><DORA hai="46" /><F12/><W87/><G87/><AGARI ba="0,1" hai="18,22,24,52,53,56,63,64,87,89,92" m="5129" machi="87" ten="30,2900,0" yaku="8,1,54,1" doraHai="120,46" who="1" fromWho="3" sc="240,0,245,39,245,0,260,-29" /><INIT seed="1,1,0,2,0,113" ten="240,284,245,231" oya="1" hai0="27,18,60,25,116,23,66,121,42,101,17,1,4" hai1="96,8,40,118,120,94,89,39,88,98,131,24,114" hai2="117,81,19,14,85,64,68,87,129,29,61,106,15" hai3="72,77,135,80,57,30,124,104,44,48,34,86,46"/><U93/><E114/><V32/><F106/><W58/><G104/><T43/><D121/><U28/><E120/><V5/><F129/><W103/><G103/><T74/><D74/><U122/><E122/><V69/><F69/><W10/><G124/><T107/><D1/><U7/><E131/><V99/><F99/><W132/><G72/><T76/><D4/><U47/><E118/><V55/><F5/><W56/><G34/><T11/><D76/><U0/><E28/><V12/><F85/><W41/><G30/><T71/><D116/><U51/><E24/><V54/><F117/><W2/><G2/><T21/><REACH who="0" step="1"/><D11/><REACH who="0" ten="230,284,245,231" step="2"/><U53/><E39/><V16/><F32/><W50/><REACH who="3" step="1"/><G10/><REACH who="3" ten="230,284,245,221" step="2"/><T92/><D92/><U134/><E134/><V95/><F95/><W123/><G123/><T49/><D49/><U67/><E67/><V35/><F64/><W110/><G110/><T70/><D70/><U111/><E111/><V133/><F68/><W84/><G84/><T6/><D6/><U45/><E40/><AGARI ba="1,2" hai="40,41,44,46,48,50,56,57,58,77,80,86,132,135" machi="40" ten="40,2600,0" yaku="1,1,9,1,53,0" doraHai="113" doraHaiUra="102" who="3" fromWho="1" sc="230,0,284,-29,245,0,221,49" /><INIT seed="2,0,0,3,3,83" ten="230,255,245,270" oya="2" hai0="87,112,69,8,60,127,125,46,99,81,0,23,15" hai1="62,96,88,94,21,79,98,67,22,64,51,104,34" hai2="95,107,27,12,56,76,25,33,44,86,120,129,72" hai3="93,117,100,121,48,130,29,91,45,26,103,18,84"/><V1/><F120/><W119/><G121/><T58/><D0/><U55/><E34/><V13/><F1/><W37/><G37/><T106/><D69/><U19/><E104/><V68/><F68/><W134/><G130/><T6/><D112/><U110/><E79/><V43/><F107/><W131/><G131/><T126/><D46/><N who="1" m="28151" /><E110/><V3/><F3/><W85/><G134/><T102/><D23/><N who="1" m="8715" /><E19/><V11/><F72/><W115/><G115/><T89/><REACH who="0" step="1"/><D127/><REACH who="0" ten="220,255,245,270" step="2"/><U128/><E128/><V74/><F129/><W114/><G114/><T82/><D82/><U32/><E32/><V122/><F33/><W57/><G117/><T108/><D108/><U123/><E123/><V80/><F122/><W65/><G119/><T2/><D2/><U40/><E40/><V105/><F105/><W124/><G124/><T7/><D7/><U116/><E116/><V92/><F13/><W28/><G18/><T50/><D50/><U70/><E70/><V111/><F111/><W36/><G36/><T54/><AGARI ba="0,1" hai="6,8,15,54,58,60,81,87,89,99,102,106,125,126" machi="54" ten="30,8000,1" yaku="1,1,0,1,52,1,53,2" doraHai="83" doraHaiUra="133" who="0" fromWho="0" sc="220,90,255,-20,245,-40,270,-20" /><INIT seed="3,0,0,0,0,114" ten="310,235,205,250" oya="3" hai0="73,40,90,9,96,31,132,24,13,117,64,8,129" hai1="0,102,125,109,58,87,84,103,126,120,39,45,127" hai2="19,43,131,7,128,61,77,2,111,119,25,78,50" hai3="100,105,88,92,44,98,82,30,108,18,37,1,27"/><W68/><G68/><T57/><D73/><U93/><E0/><V63/><F25/><W20/><G1/><T122/><D122/><U118/><E58/><V60/><F19/><W107/><G108/><T3/><D3/><U94/><E39/><V38/><F2/><W28/><G82/><T12/><D129/><N who="2" m="49738" /><F7/><W53/><G105/><T23/><D132/><U47/><E120/><V21/><F21/><W33/><G53/><T99/><D40/><U10/><E10/><N who="0" m="4201" /><D117/><U83/><E83/><V54/><F111/><W62/><G62/><N who="0" m="37967" /><D90/><U17/><E17/><V79/><F119/><W15/><G30/><T115/><D115/><U134/><E109/><V49/><F54/><W70/><G70/><T26/><D26/><U89/><E134/><V123/><F123/><W80/><G80/><T14/><AGARI ba="0,0" hai="12,13,14,23,24,31,96,99" m="37967,4201" machi="14" ten="30,1100,0" yaku="8,1" doraHai="114" who="0" fromWho="0" sc="310,11,235,-3,205,-3,250,-5" /><INIT seed="4,0,0,4,4,31" ten="321,232,202,245" oya="0" hai0="126,27,32,93,123,101,80,82,75,10,58,63,4" hai1="120,135,38,48,62,64,116,85,124,17,122,83,49" hai2="8,134,70,130,25,92,13,114,129,5,42,109,97" hai3="94,72,113,127,117,2,26,33,23,73,7,45,98"/><T125/><D123/><N who="1" m="47147" /><E17/><V40/><F109/><W110/><G113/><T14/><D32/><U112/><E85/><V34/><F70/><W0/><G127/><N who="0" m="48651" /><D75/><U50/><E83/><V131/><F114/><W30/><G110/><T115/><D115/><U11/><E11/><V118/><F118/><W22/><G117/><T133/><D133/><U36/><E124/><V57/><F57/><W52/><G73/><T100/><D27/><U54/><E116/><V121/><F121/><W81/><G7/><T69/><D69/><N who="1" m="42135" /><E112/><V95/><F134/><W51/><G2/><T3/><D3/><U61/><E135/><V128/><N who="2" m="33280" /><DORA hai="103" /><V55/><F55/><W6/><G6/><T56/><D56/><AGARI ba="0,0" hai="36,38,48,49,50,54,56,61" m="42135,47147" machi="56" ten="30,2000,0" yaku="34,2" doraHai="31,103" who="1" fromWho="0" sc="321,-20,232,20,202,0,245,0" /><INIT seed="5,0,0,2,2,119" ten="301,252,202,245" oya="1" hai0="71,50,110,60,106,96,114,30,79,34,25,90,67" hai1="63,55,6,101,118,33,68,45,135,39,42,69,80" hai2="57,115,61,129,77,99,21,2,40,104,14,23,10" hai3="76,108,20,16,84,9,95,73,8,102,82,131,86"/><U62/><E33/><V78/><F129/><W19/><G131/><T97/><D110/><U59/><E6/><V125/><F125/><W32/><G108/><T66/><D114/><U124/><E101/><V126/><F126/><W98/><G32/><T29/><D29/><U43/><E80/><V75/><F115/><W56/><G56/><T49/><D67/><U27/><E27/><V11/><F40/><W26/><REACH who="3" step="1"/><G9/><REACH who="3" ten="301,252,202,235" step="2"/><T17/><D71/><N who="1" m="27211" /><E124/><V38/><F10/><W107/><G107/><T54/><D106/><U89/><E118/><V109/><F109/><W0/><G0/><T53/><D34/><U130/><E130/><V37/><F2/><W112/><G112/><T44/><D66/><U100/><E100/><V94/><F104/><W41/><G41/><T28/><D53/><U72/><E72/><V3/><F3/><W13/><AGARI ba="0,1" hai="8,13,16,19,20,26,73,76,82,84,86,95,98,102" machi="13" ten="30,4000,0" yaku="1,1,0,1,54,1,53,0" doraHai="119" doraHaiUra="111" who="3" fromWho="3" sc="301,-10,252,-20,202,-10,235,50" /><INIT seed="6,0,0,4,0,131" ten="291,232,192,285" oya="2" hai0="53,102,92,59,55,81,23,80,101,125,8,13,6" hai1="132,76,14,22,72,9,24,63,65,121,94,117,115" hai2="96,69,3,118,84,51,109,130,104,32,21,105,90" hai3="4,79,116,133,107,35,73,57,17,19,43,18,70"/><V74/><F118/><W85/><G70/><T83/><D125/><U15/><E117/><V91/><F69/><W106/><G116/><T11/><D11/><U119/><E119/><V46/><F130/><W68/><G68/><T30/><D92/><U52/><E115/><V25/><F32/><W66/><G73/><T120/><D120/><U110/><E110/><V82/><F109/><W41/><G35/><T78/><D78/><U61/><E121/><V77/><F3/><W128/><G128/><T28/><D55/><U111/><E111/><V49/><F49/><W135/><G4/><T20/><D20/><U36/><E36/><V2/><F2/><W45/><G85/><T113/><D113/><U26/><E132/><N who="3" m="50762" /><G79/><T5/><D5/><N who="1" m="3375" /><E72/><V108/><F108/><W95/><G95/><T134/><D134/><U54/><E76/><V98/><F74/><W88/><G88/><N who="2" m="33833" /><F105/><N who="3" m="39947" /><G45/><T48/><D23/><U16/><E94/><V7/><F104/><W37/><G37/><T89/><D89/><U75/><E75/><V122/><F7/><W27/><G27/><N who="1" m="10282" /><E65/><V42/><F122/><W1/><G1/><T123/><D123/><U34/><E34/><V12/><F12/><W56/><G66/><T126/><D126/><U47/><E47/><V129/><F129/><W127/><G127/><T39/><D39/><U87/><E87/><V86/><F86/><W60/><G60/><AGARI ba="0,0" hai="15,16,22,52,54,60,61,63" m="10282,3375" machi="60" ten="30,3900,0" yaku="8,1,54,2" doraHai="131" who="1" fromWho="3" sc="291,0,232,39,192,0,285,-39" /><INIT seed="7,0,0,0,0,104" ten="291,271,192,246" oya="3" hai0="17,13,121,47,131,95,87,127,102,112,108,10,120" hai1="39,36,101,19,20,105,132,75,4,130,126,66,73" hai2="54,59,125,42,79,77,46,133,57,68,23,114,69" hai3="89,9,116,64,52,44,122,35,67,85,1,62,100"/><W50/><G122/><T93/><D108/><U123/><E123/><V117/><F117/><W76/><G116/><T41/><D112/><U45/><E130/><V38/><F114/><W119/><G35/><T32/><D32/><U34/><E132/><V63/><F133/><W82/><G119/><T110/><D110/><U106/><E126/><V0/><F0/><W25/><G100/><T86/><D131/><U88/><E4/><V43/><F125/><W94/><G25/><T113/><D113/><U80/><E80/><V48/><BYE who="1" /><F23/><UN n1="%E6%80%9C%E7%A5%9E%E6%8C%87%E8%B7%AF" /><W8/><G1/><T61/><D127/><U15/><E34/><V55/><F79/><W99/><REACH who="3" step="1"/><G67/><REACH who="3" ten="291,271,192,236" step="2"/><T53/><D120/><U22/><E66/><N who="2" m="39279" /><F77/><W128/><G128/><T90/><D121/><U49/><E22/><V27/><F27/><W72/><G72/><T18/><D102/><U118/><E118/><V129/><F129/><W65/><G65/><T3/><D3/><U21/><E21/><V134/><F134/><W7/><G7/><T84/><D18/><U31/><E31/><V92/><F92/><W6/><G6/><T58/><D93/><U115/><E115/><V124/><F124/><W11/><G11/><T78/><D78/><U107/><E88/><V81/><F81/><W91/><G91/><T12/><D12/><U26/><E26/><V96/><F96/><W24/><G24/><T2/><D2/><U56/><E101/><V30/><F48/><AGARI ba="0,1" hai="10,13,17,41,47,48,53,58,61,84,86,87,90,95" machi="48" ten="30,2000,0" yaku="7,1,8,1" doraHai="104" who="0" fromWho="2" sc="291,30,271,0,192,-20,236,0" owari="321,42.0,271,7.0,172,-33.0,236,-16.0" /></mjloggm>