<mjloggm ver="2.3"><GO type="97" lobby="0"/><UN n0="%E3%83%88%E3%83%88%E3%83%AA%E5%85%88%E7%94%9F%31%39%E6%AD%B3" n1="%63%6C%6F%63%6B%31" n2="%64%65%66%69%6E%65" n3="%E3%82%BF%E3%83%B3%E3%83%A4%E7%8E%8B" dan="14,14,14,14" rate="2042.82,1876.44,1847.17,1949.18" sx="F,M,M,M"/><TAIKYOKU oya="0"/><INIT seed="0,0,0,5,5,0" ten="250,250,250,250" oya="0" hai0="64,48,29,77,23,134,52,123,98,109,3,36,17" hai1="57,85,20,121,71,46,5,65,63,33,116,82,53" hai2="110,127,62,72,43,111,132,93,14,131,55,38,75" hai3="87,133,80,124,37,6,74,120,107,22,96,83,24"/><T49/><D123/><U76/><E33/><V30/><F127/><W102/><G37/><T41/><D36/><U101/><E116/><V42/><F131/><W78/><G120/><T32/><D134/><U40/><E121/><V99/><F132/><W66/><G133/><T15/><D3/><U12/><E101/><V68/><F30/><W13/><G66/><T67/><D109/><N who="2" m="41482" /><F14/><W103/><G103/><T35/><D77/><U113/><E113/><V100/><F38/><W61/><G61/><T104/><D104/><U19/><E5/><V45/><F68/><W135/><G135/><T60/><D98/><U25/><E25/><V2/><F2/><W92/><G124/><T90/><D90/><U31/><E31/><V11/><F11/><W129/><G129/><T128/><D128/><U26/><E26/><V94/><F94/><W28/><G13/><T89/><D29/><U118/><E118/><V16/><F16/><W47/><G47/><N who="0" m="25711" /><D35/><U54/><E71/><V10/><F10/><W125/><G125/><T59/><D32/><U69/><E69/><V97/><F97/><W70/><G70/><T108/><D108/><U50/><AGARI ba="0,0" hai="12,19,20,40,46,50,53,54,57,63,65,76,82,85" machi="50" ten="20,2700,0" yaku="0,1,7,1,8,1" doraHai="0" who="1" fromWho="1" sc="250,-13,250,27,250,-7,250,-7" /><INIT seed="1,0,0,5,3,47" ten="237,277,243,243" oya="1" hai0="61,9,38,8,72,64,45,73,87,80,33,0,132" hai1="10,90,15,23,74,75,111,99,112,46,131,68,39" hai2="4,34,63,103,53,110,12,37,77,109,59,79,27" hai3="115,88,66,118,113,134,2,86,60,82,41,22,117"/><U116/><E68/><V106/><F37/><W114/><G2/><T49/><D33/><U119/><E23/><V135/><F135/><W42/><G22/><T28/><D28/><U25/><E25/><V14/><F103/><W98/><G134/><T78/><D38/><U70/><E70/><V52/><F106/><W48/><G98/><T121/><D121/><U94/><E112/><V123/><F123/><W31/><G31/><T97/><D132/><U71/><E71/><V95/><F95/><W13/><G13/><T89/><D0/><U30/><E30/><V128/><F128/><W120/><G120/><T133/><D133/><U96/><E131/><V65/><F27/><W125/><G125/><T36/><D36/><U85/><E111/><N who="2" m="42507" /><F34/><W127/><G127/><T54/><D97/><U6/><E75/><V35/><F35/><W26/><G26/><T129/><D129/><U83/><E74/><V11/><F12/><W17/><G17/><T58/><REACH who="0" step="1"/><D73/><REACH who="0" ten="227,277,243,243" step="2"/><U104/><E99/><V93/><F93/><AGARI ba="0,1" hai="8,9,45,49,54,58,61,64,72,78,80,87,89,93" machi="93" ten="30,8000,1" yaku="1,1,2,1,7,1,52,1,53,1" doraHai="47" doraHaiUra="76" who="0" fromWho="2" sc="227,90,277,0,243,-80,243,0" /><INIT seed="2,0,0,3,4,92" ten="317,277,163,243" oya="2" hai0="121,35,61,10,21,127,86,46,17,72,82,116,96" hai1="29,5,11,55,32,123,63,74,65,89,117,9,15" hai2="0,119,2,54,1,84,135,59,97,69,85,79,109" hai3="51,4,108,105,93,103,66,94,106,50,83,115,126"/><V57/><F119/><W13/><G66/><T27/><D121/><U30/><E74/><V101/><F135/><W70/><G70/><T112/><D72/><U44/><E123/><V81/><F69/><W6/><G108/><T67/><D112/><U111/><E111/><V122/><F122/><W37/><G37/><T20/><D127/><U87/><E32/><V120/><F120/><W25/><G25/><T42/><D116/><U99/><E99/><V88/><F109/><W24/><G24/><T110/><D110/><U131/><E131/><V132/><F132/><W90/><G83/><T102/><D10/><U64/><E11/><V12/><F12/><W14/><G103/><T23/><D35/><U118/><E118/><V133/><F54/><W8/><G8/><T76/><D61/><U91/><E91/><V19/><F19/><W40/><G40/><T95/><D67/><U16/><E5/><V22/><F22/><W125/><REACH who="3" step="1"/><G90/><REACH who="3" ten="317,277,163,233" step="2"/><T71/><D71/><U58/><E65/><V134/><F134/><W129/><G129/><T114/><D114/><AGARI ba="0,1" hai="4,6,13,14,50,51,93,94,105,106,114,115,125,126" machi="114" ten="25,3200,0" yaku="1,1,22,2,53,0" doraHai="92" doraHaiUra="62" who="3" fromWho="0" sc="317,-32,277,0,163,0,233,42" /><INIT seed="3,0,0,5,5,55" ten="285,277,163,275" oya="3" hai0="85,49,131,22,56,12,98,126,112,82,25,120,47" hai1="62,94,109,73,10,77,124,113,31,80,97,125,107" hai2="2,15,106,4,7,0,70,64,134,24,40,50,133" hai3="101,78,129,111,9,132,3,5,20,118,33,46,45"/><W52/><G118/><T66/><D120/><U21/><E107/><V18/><F106/><W54/><G33/><T91/><D131/><U103/><E10/><N who="2" m="6519" /><F64/><W11/><G111/><T115/><D126/><N who="1" m="48747" /><E62/><V30/><F50/><W104/><G78/><T88/><D12/><U65/><E65/><V99/><F99/><W110/><G110/><T27/><D56/><U92/><E109/><V119/><F40/><W42/><G132/><N who="2" m="50793" /><F70/><W35/><G35/><T68/><D66/><U93/><E113/><N who="0" m="43593" /><D68/><U19/><E31/><V28/><F119/><W128/><G11/><T86/><D22/><U72/><E72/><V130/><F130/><N who="3" m="50283" /><G20/><T122/><D98/><U43/><E43/><V79/><F79/><W1/><G1/><N who="2" m="617" /><F30/><W100/><G45/><T76/><D122/><U59/><E73/><V16/><F28/><W117/><G117/><T48/><D76/><U60/><E77/><V6/><F6/><W81/><G81/><N who="0" m="49199" /><D49/><U29/><E29/><V63/><F63/><W53/><G104/><T127/><D127/><U116/><E80/><V87/><F87/><W74/><G74/><T8/><D8/><U108/><E108/><V37/><F37/><AGARI ba="0,0" hai="3,5,9,37,42,46,52,53,54,100,101" m="50283" machi="37" ten="30,2900,0" yaku="19,1,54,1" doraHai="55" who="3" fromWho="2" sc="285,0,277,0,163,-29,275,29" owari="285,9.0,277,-12.0,134,-37.0,304,40.0" /></mjloggm>