<mjloggm ver="2.3"><GO type="225" lobby="0"/><UN n0="%E6%96%B0%E4%B8%96%E7%95%8C%E3%81%AE%E7%B4%99" n1="%E3%82%A6%E3%83%92%E3%83%A7%E5%8A%A9" n2="%E5%B0%B1%E6%B4%BB%E7%94%9F%40%E5%B7%9D%E6%9D%91%E8%BB%8D%E5%9B%A3" n3="%E3%81%8D%E3%81%BF%E3%81%9F%E3%81%BE%E3%81%94" dan="18,18,17,16" rate="2184.90,2232.10,2082.46,2119.04" sx="M,M,M,M"/><TAIKYOKU oya="0"/><INIT seed="0,0,0,5,3,128" ten="250,250,250,250" oya="0" hai0="37,16,104,132,44,50,56,126,22,115,47,27,62" hai1="26,106,39,8,123,84,58,51,5,96,93,120,46" hai2="101,79,107,48,124,30,52,112,65,3,41,43,45" hai3="109,25,0,75,15,18,42,119,87,21,82,36,74"/><T17/><D115/><U59/><E39/><V49/><F3/><W4/><G119/><T57/><D126/><U122/><E106/><V108/><F112/><W73/><G109/><T32/><D104/><U110/><E84/><V34/><F124/><W100/><G100/><T12/><D132/><U105/><E105/><V125/><F125/><W131/><G131/><T88/><D37/><U71/><E71/><V102/><F108/><W134/><G134/><T78/><D78/><U121/><E26/><V95/><F107/><W64/><G64/><N who="0" m="38983" /><D32/><U68/><E68/><V6/><F65/><W127/><G127/><T117/><D117/><U99/><E110/><V81/><F6/><W24/><G36/><T1/><D1/><U70/><E70/><V85/><F41/><W66/><G42/><T129/><D129/><U20/><E123/><V77/><F77/><W86/><G66/><T13/><D13/><U103/><E99/><V63/><F63/><W7/><G0/><T54/><D88/><U97/><E97/><V111/><F111/><W53/><G53/><T98/><D98/><U94/><E96/><V90/><F30/><W29/><G24/><T14/><D14/><U135/><E122/><V76/><F34/><W60/><G60/><T33/><D33/><U69/><E121/><V40/><F40/><W38/><G38/><T67/><D67/><U55/><E120/><V114/><F114/><W11/><REACH who="3" step="1"/><G87/><REACH who="3" ten="250,250,250,240" step="2"/><T133/><D133/><U83/><E103/><N who="2" m="39435" /><F81/><W35/><G35/><T80/><D80/><U91/><E83/><V28/><F28/><W31/><G31/><RYUUKYOKU ba="0,1" sc="250,10,250,-30,250,10,240,10" hai0="12,16,17,22,27,44,47,50,54,57" hai2="43,45,48,49,52,76,79,85,90,95" hai3="4,7,11,15,18,21,25,29,73,74,75,82,86" /><INIT seed="0,1,1,3,0,129" ten="260,220,260,250" oya="0" hai0="35,106,89,38,70,92,97,20,86,133,99,114,65" hai1="1,50,56,116,80,45,77,91,2,44,19,55,48" hai2="40,130,78,81,67,59,31,127,95,128,100,120,107" hai3="110,75,63,61,98,124,41,53,39,88,76,25,18"/><T8/><D114/><U73/><E116/><V42/><F107/><W102/><G110/><T103/><D38/><U74/><E74/><V101/><F120/><W87/><G124/><T122/><D122/><U105/><E105/><V6/><F6/><W121/><G41/><N who="2" m="15977" /><F31/><W62/><G39/><T57/><D35/><U46/><E19/><V79/><F95/><N who="3" m="58719" /><G75/><T34/><D34/><U69/><E69/><V32/><F32/><W11/><G76/><N who="2" m="29225" /><F81/><N who="3" m="49263" /><G121/><T108/><D108/><U16/><E1/><V37/><F37/><W72/><G72/><T94/><D70/><U115/><E2/><V14/><F14/><N who="3" m="7519" /><G25/><T83/><D106/><U60/><E73/><V5/><F5/><W21/><G21/><T23/><D8/><U33/><E33/><V47/><F127/><W113/><G113/><T30/><D30/><U111/><E115/><V26/><F26/><W96/><G96/><T13/><D13/><U123/><E111/><V52/><F130/><W68/><G68/><T28/><D28/><U135/><E123/><V51/><F128/><W58/><AGARI ba="1,1" hai="53,58,61,62,63" m="7519,49263,58719" machi="58" ten="30,2000,0" yaku="8,1,54,1" doraHai="129" who="3" fromWho="3" sc="260,-11,220,-6,260,-6,250,33" /><INIT seed="1,0,0,3,3,132" ten="249,214,254,283" oya="1" hai0="59,117,8,74,77,22,68,108,9,109,79,123,135" hai1="75,61,30,71,28,1,58,10,85,121,73,81,60" hai2="114,5,129,125,111,66,106,126,128,52,76,47,3" hai3="51,78,54,13,101,7,49,31,41,15,93,23,4"/><U84/><E121/><V110/><F106/><W6/><G78/><N who="0" m="29707" /><D68/><U67/><E1/><V113/><F76/><W45/><G31/><T14/><D117/><U86/><E10/><N who="2" m="2367" /><F66/><W63/><G63/><T26/><D135/><U127/><E127/><N who="2" m="48651" /><F52/><W57/><G23/><T33/><D33/><U0/><E0/><V20/><F47/><W97/><AGARI ba="0,0" hai="4,6,7,13,15,41,45,49,51,54,57,93,97,101" machi="97" ten="30,2000,0" yaku="0,1,8,1" doraHai="132" who="3" fromWho="3" sc="249,-5,214,-10,254,-5,283,20" /><INIT seed="2,0,0,5,3,114" ten="244,204,249,303" oya="2" hai0="39,98,117,2,85,118,72,65,8,20,92,33,121" hai1="60,88,41,111,74,120,14,22,107,15,19,4,84" hai2="37,7,3,30,52,113,45,102,128,91,42,57,96" hai3="126,13,64,54,71,38,93,6,58,81,21,119,63"/><V79/><F113/><W12/><G119/><N who="0" m="45579" /><D121/><U115/><E107/><V68/><F68/><W47/><G126/><T44/><D33/><U77/><E120/><V16/><F128/><W106/><G106/><T75/><D65/><U55/><E115/><V101/><F79/><W132/><G132/><T109/><D109/><U80/><E111/><V53/><F30/><W86/><G93/><T31/><D85/><N who="1" m="48271" /><E41/><V46/><F7/><W70/><G70/><T5/><D39/><U105/><E105/><V0/><F91/><N who="3" m="51663" /><G6/><T116/><D44/><U95/><E74/><N who="0" m="28201" /><D116/><U9/><E55/><V131/><F131/><W29/><G38/><T99/><D92/><U34/><E34/><V67/><F67/><W94/><G94/><T108/><D108/><U133/><E133/><V76/><F42/><W36/><G36/><T124/><D124/><U51/><E51/><V112/><F37/><W100/><G71/><T135/><D135/><U40/><E40/><V32/><F57/><W97/><G47/><T18/><D31/><U103/><E103/><V10/><F32/><W130/><G64/><T50/><D50/><U35/><E35/><V82/><F112/><W73/><G73/><T125/><D125/><U122/><E122/><V104/><F46/><W23/><G29/><T43/><D43/><U24/><E60/><V48/><F53/><W25/><G63/><T66/><D66/><U11/><E11/><V56/><F45/><W127/><G54/><T26/><AGARI ba="0,0" hai="2,5,8,18,20,26,98,99" m="28201,45579" machi="26" ten="30,7900,0" yaku="12,1,52,3" doraHai="114" who="0" fromWho="0" sc="244,79,204,-20,249,-39,303,-20" /><INIT seed="3,0,0,5,3,132" ten="323,184,210,283" oya="3" hai0="114,49,112,4,133,131,8,20,104,74,121,29,2" hai1="82,56,50,71,69,17,135,52,83,119,66,113,118" hai2="110,73,14,115,32,77,120,40,84,92,13,15,11" hai3="22,93,97,19,36,78,79,5,57,9,31,44,107"/><W72/><G107/><T3/><D133/><U98/><E98/><V96/><F73/><W116/><G31/><T126/><D126/><U18/><E135/><V60/><F115/><N who="0" m="44074" /><D131/><U16/><E113/><V42/><F120/><W106/><G106/><T64/><D121/><U109/><E109/><V124/><F124/><W123/><G72/><T33/><D104/><U65/><E65/><V134/><F32/><W76/><G116/><N who="1" m="44586" /><E66/><V75/><F75/><W129/><G129/><T38/><D38/><U28/><E28/><V89/><F11/><W80/><G57/><T108/><D108/><U39/><E39/><V55/><F134/><W46/><G36/><T88/><D74/><U61/><E61/><V86/><F110/><W59/><G59/><T24/><D64/><U47/><E56/><N who="2" m="34847" /><F96/><W99/><G80/><AGARI ba="0,0" hai="16,17,18,47,50,52,69,71,80,82,83" m="44586" machi="80" ten="30,3900,0" yaku="12,1,54,2" doraHai="132" who="1" fromWho="3" sc="323,0,184,39,210,0,283,-39" /><AGARI ba="0,0" hai="13,14,15,40,42,77,80,84,86,89,92" m="34847" machi="80" ten="30,1000,0" yaku="8,1" doraHai="132" who="2" fromWho="3" sc="323,0,223,0,210,10,244,-10" owari="323,43.0,223,-18.0,220,-28.0,234,3.0" /></mjloggm>