<mjloggm ver="2.3"><GO type="97" lobby="0"/><UN n0="%E5%B0%B1%E6%B4%BB%E7%94%9F%40%E5%B7%9D%E6%9D%91%E8%BB%8D%E5%9B%A3" n1="%E3%81%B7%E3%82%8A%E3%82%93%E8%81%96%E4%BA%BA%40" n2="%E7%AB%9C%E6%B2%B3%E6%86%A9" n3="%73%40%73%61%74%61%6B%65" dan="15,14,15,15" rate="2055.36,2002.68,1939.78,1988.35" sx="M,M,M,M"/><TAIKYOKU oya="0"/><INIT seed="0,0,0,3,3,84" ten="250,250,250,250" oya="0" hai0="37,120,40,7,63,24,29,12,96,101,105,129,87" hai1="111,55,36,74,91,106,14,126,73,58,49,93,130" hai2="109,118,100,16,33,5,59,43,117,47,90,19,71" hai3="64,22,99,127,46,79,110,39,107,6,114,61,20"/><T134/><D120/><U88/><E106/><V70/><F100/><W0/><G114/><T10/><D129/><U4/><E36/><V69/><F33/><W132/><G107/><T15/><D134/><U83/><E130/><V131/><F59/><W42/><G132/><T13/><D63/><U75/><E126/><V119/><F131/><W98/><G127/><T38/><D87/><U67/><E83/><V8/><F90/><W17/><G110/><T25/><D25/><U104/><E104/><V92/><F92/><W23/><G17/><T102/><D101/><U2/><E2/><V80/><F80/><W52/><G79/><T3/><REACH who="0" step="1"/><D40/><REACH who="0" ten="240,250,250,250" step="2"/><U31/><E111/><V62/><F62/><W86/><G86/><T54/><D54/><U66/><E93/><V116/><F116/><W18/><G52/><T115/><D115/><U85/><E85/><V57/><F57/><W56/><G61/><T122/><D122/><U21/><E67/><V113/><F113/><W95/><G64/><T82/><D82/><U121/><E66/><V35/><F35/><AGARI ba="0,1" hai="3,7,10,12,13,15,24,29,35,37,38,96,102,105" machi="35" ten="40,12000,1" yaku="1,1,53,3" doraHai="84" doraHaiUra="9" who="0" fromWho="2" sc="240,130,250,0,250,-120,250,0" /><INIT seed="0,1,0,0,3,130" ten="370,250,130,250" oya="0" hai0="125,58,122,5,67,69,15,19,38,46,106,52,55" hai1="56,115,54,16,37,59,45,105,131,89,83,133,75" hai2="119,4,126,102,108,114,79,60,18,0,27,11,88" hai3="124,61,81,107,24,64,12,29,120,42,92,28,41"/><T66/><D122/><U62/><E105/><V104/><F114/><W50/><G120/><T90/><D106/><U87/><E131/><V112/><F112/><W20/><G107/><T113/><D113/><U72/><E115/><V80/><F108/><W132/><G124/><T82/><D125/><U116/><E116/><V44/><F126/><W85/><G132/><T77/><D5/><U8/><E133/><V135/><F135/><W91/><G29/><T74/><D69/><U71/><E71/><V76/><F119/><W121/><G121/><T99/><D99/><U40/><E59/><V39/><F60/><W127/><G127/><T94/><D38/><U9/><E8/><V93/><F102/><W32/><G32/><T63/><D46/><U103/><E103/><V57/><F57/><N who="3" m="36911" /><G12/><T3/><D3/><U123/><E123/><V129/><F129/><W1/><G1/><T30/><D30/><U21/><E9/><V22/><F80/><W47/><G81/><T86/><REACH who="0" step="1"/><D67/><REACH who="0" ten="360,250,130,250" step="2"/><U36/><E37/><V2/><F2/><W70/><G70/><T128/><D128/><U109/><E109/><V31/><F104/><W73/><G28/><T118/><D118/><U7/><E7/><V17/><F17/><W51/><G47/><T134/><D134/><U110/><E110/><V96/><F39/><W84/><G42/><T78/><D78/><U13/><AGARI ba="1,1" hai="13,16,21,36,40,45,54,56,62,72,75,83,87,89" machi="13" ten="20,2700,0" yaku="0,1,7,1,54,1" doraHai="130" who="1" fromWho="1" sc="360,-14,250,40,130,-8,250,-8" /><INIT seed="1,0,0,0,5,59" ten="346,290,122,242" oya="1" hai0="42,17,34,43,119,117,91,110,36,107,57,116,35" hai1="15,101,25,54,70,83,86,23,10,112,85,21,122" hai2="16,134,124,130,79,31,55,118,32,125,133,88,127" hai3="99,69,123,103,26,12,47,77,46,105,11,66,62"/><U3/><E70/><V113/><F79/><W102/><G123/><T64/><D107/><U74/><E122/><V131/><F118/><W58/><G77/><T51/><D110/><U52/><E3/><V13/><F55/><W100/><G100/><T41/><D36/><U90/><E74/><V53/><F53/><W61/><G103/><T44/><D17/><U33/><E33/><V6/><F6/><W135/><G135/><N who="2" m="51721" /><F88/><W94/><G26/><T5/><D5/><U128/><E128/><N who="2" m="49195" /><F113/><W96/><G96/><T84/><D57/><U126/><E112/><V114/><F114/><W8/><G105/><T2/><D64/><U120/><E120/><V80/><F80/><W93/><G93/><T87/><D2/><U115/><E115/><V78/><F78/><W19/><REACH who="3" step="1"/><G8/><REACH who="3" ten="346,290,122,232" step="2"/><T27/><D27/><U56/><E25/><N who="2" m="18543" /><F124/><W4/><G4/><T89/><D89/><U63/><E126/><V1/><F1/><W81/><G81/><T24/><D91/><U60/><E101/><V65/><F65/><AGARI ba="0,1" hai="11,12,19,46,47,58,61,62,65,66,69,94,99,102" machi="65" ten="30,7700,0" yaku="1,1,7,1,52,2,53,0" doraHai="59" doraHaiUra="82" who="3" fromWho="2" sc="346,0,290,0,122,-77,232,87" /><INIT seed="2,0,0,1,0,25" ten="346,290,45,319" oya="2" hai0="34,5,43,38,98,130,120,134,65,56,54,2,114" hai1="115,40,97,124,101,116,66,21,47,72,126,77,24" hai2="74,113,0,91,107,45,117,29,85,9,60,89,37" hai3="70,26,118,127,82,111,119,64,83,106,52,102,122"/><V41/><F117/><W17/><G122/><T100/><D114/><U92/><E115/><V62/><F113/><W10/><G111/><T123/><D34/><U15/><E116/><V11/><F107/><W93/><G106/><T33/><D33/><U99/><E15/><V132/><F132/><W78/><G64/><T55/><D134/><U57/><E99/><V79/><F11/><W94/><G70/><T108/><D108/><U131/><E77/><V135/><F135/><W46/><G127/><T14/><D2/><U39/><E72/><V73/><F73/><W84/><G83/><T88/><D130/><U30/><E131/><V59/><F29/><W81/><G81/><T76/><D76/><U49/><E49/><V48/><F48/><W12/><G26/><T4/><D65/><U27/><REACH who="1" step="1"/><E24/><REACH who="1" ten="346,280,45,319" step="2"/><V50/><F50/><N who="3" m="28759" /><G118/><T8/><D4/><U58/><E58/><V32/><F32/><W68/><G119/><T95/><D120/><U104/><E104/><V75/><F75/><W36/><G68/><T16/><D123/><U125/><E125/><V28/><F28/><W3/><G3/><T7/><D7/><U69/><E69/><V44/><F44/><W86/><G86/><T129/><D5/><U87/><E87/><V110/><F110/><W80/><G84/><T42/><D129/><U20/><E20/><V121/><F121/><W19/><G12/><T53/><D56/><U63/><AGARI ba="0,1" hai="21,27,30,39,40,47,57,63,66,92,97,101,124,126" machi="63" ten="30,12000,2" yaku="1,1,0,1,25,2,52,1,53,1" doraHai="25" doraHaiUra="71" who="1" fromWho="1" sc="346,-30,280,130,45,-60,319,-30" owari="316,12.0,410,51.0,-15,-52.0,289,-11.0" /></mjloggm>