<mjloggm ver="2.3"><GO type="97" lobby="0"/><UN n0="%E9%8A%80%E7%BF%BC" n1="%E5%B0%B1%E6%B4%BB%E7%94%9F%40%E5%B7%9D%E6%9D%91%E8%BB%8D%E5%9B%A3" n2="%E5%85%A8%E5%B1%80%E5%8F%82%E5%8A%A0%E5%9E%8B%E9%9B%80%E5%A3%AB" n3="%4A%50%53%E6%9D%B1%E9%A2%A8" dan="15,15,15,15" rate="1955.11,1972.99,1959.97,2002.15" sx="M,M,M,M"/><TAIKYOKU oya="0"/><INIT seed="0,0,0,4,5,45" ten="250,250,250,250" oya="0" hai0="50,9,32,102,88,132,51,80,99,65,94,100,106" hai1="73,82,11,40,17,68,47,41,26,59,27,85,103" hai2="120,105,115,43,67,127,109,38,134,0,36,31,35" hai3="29,124,25,70,93,58,48,118,92,72,112,121,89"/><T130/><D32/><U15/><E68/><V129/><F67/><W101/><G72/><T19/><D130/><U42/><E73/><V111/><F43/><W135/><G70/><T13/><D132/><U97/><E59/><V53/><F53/><N who="3" m="32039" /><G118/><T91/><D65/><U46/><E27/><V20/><F20/><N who="3" m="15527" /><G121/><T98/><D106/><U79/><REACH who="1" step="1"/><E26/><REACH who="1" ten="250,240,250,250" step="2"/><V37/><F111/><W21/><G112/><T56/><D56/><U5/><E5/><V96/><F31/><W7/><G135/><T86/><D99/><U81/><E81/><V22/><F96/><W110/><G124/><T52/><D100/><U123/><E123/><V126/><F126/><W3/><G101/><T12/><D102/><U8/><E8/><V14/><F14/><W60/><G3/><T77/><D12/><U63/><E63/><V57/><F57/><W83/><G60/><T122/><D122/><U131/><E131/><V74/><F38/><W108/><G83/><T16/><D13/><U90/><E90/><V18/><F18/><N who="0" m="6698" /><D91/><U69/><E69/><V2/><F2/><W6/><G108/><T114/><D9/><U23/><E23/><V76/><F22/><W119/><G110/><T61/><D114/><U10/><E10/><V117/><F117/><W87/><G21/><T1/><D1/><U84/><E84/><V55/><F76/><W34/><G119/><T30/><D30/><U54/><E54/><V44/><F55/><W28/><G28/><T24/><D24/><U66/><E66/><V125/><F125/><W113/><G113/><T49/><D61/><U64/><E64/><RYUUKYOKU ba="0,1" sc="250,15,240,15,250,-15,250,-15" hai0="49,50,51,52,77,80,86,88,94,98" hai1="11,15,17,40,41,42,46,47,79,82,85,97,103" /><INIT seed="0,1,1,1,4,69" ten="265,255,235,235" oya="0" hai0="85,12,7,113,42,105,54,70,118,2,44,82,15" hai1="11,72,66,16,26,114,39,64,4,120,127,101,115" hai2="121,52,3,46,129,122,110,89,35,5,71,76,116" hai3="90,94,31,53,10,132,103,117,135,22,19,18,17"/><T59/><D113/><N who="1" m="43019" /><E120/><V80/><F71/><W75/><G75/><T96/><D70/><U0/><E127/><V77/><F35/><W134/><G117/><T102/><D118/><U48/><E72/><V95/><F116/><W111/><G111/><T130/><D130/><U30/><E101/><V125/><F125/><W84/><G103/><T133/><D133/><U79/><E79/><V28/><F28/><W91/><G91/><T29/><D29/><U8/><E39/><V27/><F110/><W99/><G99/><T78/><D7/><U119/><E119/><V86/><F27/><N who="3" m="16887" /><G53/><T20/><D2/><U65/><E48/><V81/><F129/><W73/><G73/><T55/><D55/><U112/><N who="1" m="43027" /><U13/><DORA hai="97" /><E65/><V37/><F37/><W43/><G43/><T123/><D123/><U108/><E108/><V9/><F121/><W45/><G45/><T57/><D54/><U34/><AGARI ba="1,1" hai="0,4,8,11,13,16,26,30,34,64,66" m="43027" machi="34" ten="40,2700,0" yaku="11,1,54,1" doraHai="69,97" who="1" fromWho="1" sc="265,-14,255,40,235,-8,235,-8" /><INIT seed="1,0,0,0,4,130" ten="251,295,227,227" oya="1" hai0="67,51,85,124,114,3,108,105,10,107,88,131,134" hai1="14,80,91,81,111,127,76,96,125,73,123,106,82" hai2="52,77,29,132,95,99,119,74,28,42,55,69,32" hai3="109,33,60,59,113,86,94,84,79,36,66,39,92"/><U103/><E14/><V4/><F69/><W78/><G113/><T53/><D108/><U122/><E111/><V83/><F119/><W44/><G109/><T112/><D124/><N who="1" m="47691" /><E91/><V102/><F42/><W58/><G33/><T19/><D131/><U121/><AGARI ba="0,0" hai="73,76,80,81,82,96,103,106,121,122,123" m="47691" machi="121" ten="40,7800,0" yaku="18,1,34,2" doraHai="130" who="1" fromWho="1" sc="251,-26,295,78,227,-26,227,-26" /><INIT seed="1,1,0,4,4,132" ten="225,373,201,201" oya="1" hai0="129,78,52,110,82,55,96,104,69,24,71,131,85" hai1="122,79,111,19,39,0,118,13,124,125,21,47,18" hai2="77,89,73,128,30,35,113,37,119,56,9,117,74" hai3="33,75,25,15,12,105,49,43,31,98,103,133,101"/><U50/><E118/><V102/><F37/><W126/><G75/><T48/><D110/><U70/><E122/><V29/><F102/><W84/><G103/><N who="0" m="62567" /><D24/><U4/><E39/><V80/><F113/><W135/><G49/><T115/><D115/><U32/><E70/><N who="0" m="26633" /><D48/><U22/><E32/><V108/><F108/><W8/><G84/><T107/><D107/><U116/><E116/><V127/><F74/><W10/><G43/><T114/><D114/><U99/><E79/><V41/><F41/><W7/><REACH who="3" step="1"/><G126/><REACH who="3" ten="225,373,201,191" step="2"/><N who="1" m="48746" /><E111/><V26/><F127/><W42/><G42/><T5/><D85/><U62/><E62/><V46/><F119/><W86/><G86/><T40/><D40/><N who="1" m="24935" /><E99/><V20/><F117/><W36/><G36/><T81/><D78/><U123/><E123/><V109/><F77/><W65/><G65/><T23/><D55/><U1/><E4/><AGARI ba="1,1" hai="4,7,8,10,12,15,25,31,33,98,101,105,133,135" machi="4" ten="40,2600,0" yaku="1,1,9,1,53,0" doraHai="132" doraHaiUra="106" who="3" fromWho="1" sc="225,0,373,-29,201,0,191,39" /><INIT seed="2,0,0,3,3,51" ten="225,344,201,230" oya="2" hai0="19,36,8,42,90,97,115,0,12,64,39,71,93" hai1="43,23,45,55,18,132,92,104,123,117,130,107,65" hai2="60,41,38,62,66,25,131,4,103,83,10,76,119" hai3="24,105,99,49,61,74,67,86,33,122,48,37,30"/><V69/><F119/><W29/><G74/><T35/><D115/><U21/><E117/><V125/><F125/><W108/><G37/><T126/><D126/><U58/><E65/><V47/><F131/><W75/><G75/><T26/><D42/><U44/><E44/><V2/><F62/><W82/><G30/><T13/><D0/><U73/><E73/><V1/><F25/><W101/><G108/><T46/><D46/><U89/><E132/><V6/><F103/><W7/><G7/><T11/><D64/><U127/><E23/><V133/><F133/><W32/><G33/><T135/><D71/><U81/><E81/><V112/><F112/><W87/><G87/><T129/><D129/><U98/><E127/><V128/><F128/><W77/><REACH who="3" step="1"/><G122/><REACH who="3" ten="225,344,201,220" step="2"/><T56/><D39/><U118/><E123/><V20/><F4/><W14/><G14/><T68/><D36/><U116/><E116/><V22/><F1/><W3/><G3/><T17/><D135/><U70/><E118/><V53/><F53/><W94/><G94/><T91/><D93/><U34/><E130/><V9/><F9/><W5/><G5/><T54/><D8/><U59/><E55/><V124/><F124/><W85/><G85/><AGARI ba="0,1" hai="2,6,10,20,22,38,41,47,60,66,69,76,83,85" machi="85" ten="30,1500,0" yaku="7,1" doraHai="51" who="2" fromWho="3" sc="225,0,344,0,201,25,220,-15" /><INIT seed="2,1,0,5,4,42" ten="225,344,226,205" oya="2" hai0="48,91,11,105,34,123,89,83,8,61,112,106,110" hai1="79,77,51,10,57,94,129,9,73,52,5,32,65" hai2="101,87,132,22,55,27,26,12,118,41,125,135,102" hai3="43,69,2,98,70,121,25,74,108,100,86,95,1"/><V131/><F118/><W50/><G121/><T126/><D112/><U96/><E32/><V113/><F113/><W37/><G74/><T47/><D34/><U81/><E129/><V68/><F68/><W90/><G108/><T122/><D110/><U88/><E77/><V58/><F131/><W31/><G37/><T13/><D126/><U114/><E114/><V124/><F41/><W60/><G69/><T21/><D61/><U49/><E65/><V53/><F87/><W119/><G119/><T30/><D30/><U80/><E80/><V109/><F109/><W29/><G29/><T85/><D21/><U54/><E5/><V130/><F130/><W16/><G16/><N who="0" m="8231" /><D89/><U14/><E14/><V66/><F66/><W127/><G127/><N who="2" m="48713" /><F12/><W24/><G24/><N who="2" m="9257" /><F22/><W117/><G117/><T75/><D75/><U82/><E82/><V28/><F28/><W76/><G76/><T103/><D11/><U107/><E107/><V39/><F39/><W67/><G50/><T18/><D106/><U19/><E19/><V20/><F20/><W17/><G17/><T40/><D18/><U128/><E128/><V64/><F64/><W46/><G46/><AGARI ba="1,0" hai="9,10,46,49,51,52,54,57,73,79,81,88,94,96" machi="46" ten="30,7700,0" yaku="7,1,52,1,54,2" doraHai="42" who="1" fromWho="3" sc="225,0,344,80,226,0,205,-80" /><INIT seed="3,0,0,2,1,116" ten="225,424,226,125" oya="3" hai0="68,65,6,42,70,30,71,54,106,66,120,49,48" hai1="52,18,86,41,89,76,32,31,2,127,57,78,7" hai2="50,105,12,77,98,108,123,29,126,107,62,63,28" hai3="5,95,119,23,121,128,73,4,46,11,100,134,122"/><W43/><G119/><T133/><D106/><U67/><E127/><V91/><F77/><W34/><G34/><T129/><D30/><U103/><E103/><V45/><F108/><W99/><G134/><T55/><D6/><U25/><E67/><N who="0" m="25609" /><D133/><U0/><E41/><V3/><F3/><W40/><G128/><T24/><D24/><U96/><E96/><V101/><F107/><W113/><G113/><T125/><D125/><U22/><E7/><V135/><F135/><W60/><G73/><T104/><D104/><U72/><E72/><V88/><F126/><W58/><G23/><T132/><D132/><U69/><E69/><V1/><F1/><W19/><G19/><T87/><D87/><U13/><E2/><V8/><F29/><W15/><G5/><T35/><D35/><U109/><E109/><V115/><F28/><W16/><G4/><T56/><D120/><U102/><E102/><V53/><F123/><W97/><G97/><T61/><D129/><U21/><E0/><V33/><F33/><W44/><G44/><N who="0" m="25623" /><D71/><U64/><E64/><V17/><F115/><W37/><REACH who="3" step="1"/><G40/><REACH who="3" ten="225,424,226,115" step="2"/><T130/><D130/><U94/><E32/><V82/><F17/><W117/><G117/><T36/><D36/><U74/><E74/><V81/><F98/><W14/><G14/><T131/><D131/><U27/><E27/><V110/><F12/><W59/><G59/><AGARI ba="0,1" hai="49,54,55,56,59,61,68,70" m="25623,25609" machi="59" ten="30,8000,1" yaku="35,5" doraHai="116" who="0" fromWho="3" sc="225,90,424,0,226,0,115,-80" owari="315,12.0,424,51.0,226,-17.0,35,-46.0" /></mjloggm>