<mjloggm ver="2.3"><GO type="169" lobby="0"/><UN n0="%E3%83%88%E3%82%B7%E3%83%95%E3%83%BC%E3%83%8B" n1="%6D%75%67%65%6E%40" n2="%E5%B0%B1%E6%B4%BB%E7%94%9F%40%E5%B7%9D%E6%9D%91%E8%BB%8D%E5%9B%A3" n3="%E3%83%AA%E3%83%BC%E3%83%81%EF%BC%91" dan="17,16,17,18" rate="2293.89,2047.31,2141.01,2249.74" sx="M,M,M,M"/><TAIKYOKU oya="0"/><INIT seed="0,0,0,5,1,88" ten="250,250,250,250" oya="0" hai0="46,131,133,104,112,58,127,114,74,65,89,11,55" hai1="79,15,48,21,35,52,10,13,119,77,94,45,82" hai2="43,20,78,111,3,129,53,91,29,27,63,16,81" hai3="39,85,26,42,135,44,12,121,87,60,18,34,107"/><T8/><D104/><U130/><E35/><V110/><F3/><W49/><G107/><T75/><D133/><U67/><E119/><V95/><F129/><W36/><G135/><T38/><D131/><U61/><E130/><V30/><F43/><W83/><G121/><T120/><D120/><U41/><E21/><V56/><F111/><W2/><G2/><T0/><D65/><U103/><E41/><V76/><F110/><W62/><G39/><T126/><D46/><U98/><E10/><N who="0" m="3625" /><D38/><U24/><E24/><V106/><F106/><W57/><G36/><T134/><D0/><U31/><E31/><V50/><F50/><W14/><G34/><T99/><D134/><U102/><E103/><V108/><F108/><W4/><G4/><T92/><D75/><U71/><REACH who="1" step="1"/><E79/><REACH who="1" ten="250,240,250,250" step="2"/><V96/><F78/><W73/><G26/><T128/><D128/><U123/><E123/><V86/><AGARI ba="0,1" hai="16,20,27,29,30,53,56,63,76,81,86,91,95,96" machi="86" ten="20,12000,2" yaku="0,1,7,1,25,2,8,1,52,1,54,1" doraHai="88" who="2" fromWho="2" sc="250,-60,240,-30,250,130,250,-30" /><INIT seed="1,0,0,2,5,122" ten="190,210,380,220" oya="1" hai0="115,18,98,42,77,75,91,9,103,61,89,41,66" hai1="108,113,94,129,49,51,43,34,132,24,106,40,120" hai2="130,93,50,56,6,112,118,10,1,92,48,14,47" hai3="57,8,39,0,104,79,60,111,59,62,83,97,107"/><U19/><E120/><V28/><F118/><W64/><G39/><T119/><D115/><U85/><E106/><V11/><F112/><W87/><G97/><T133/><D119/><U78/><E113/><V74/><F74/><W114/><G114/><T126/><D77/><U68/><E68/><V72/><F72/><W84/><G111/><T67/><D75/><U128/><E132/><V32/><F32/><W36/><G36/><T46/><D133/><U55/><E34/><V135/><F28/><W54/><REACH who="3" step="1"/><G84/><REACH who="3" ten="190,210,380,210" step="2"/><T20/><D98/><U53/><E85/><V33/><F135/><W101/><G101/><T63/><D103/><U73/><E73/><V3/><F130/><W29/><G29/><T17/><D126/><U134/><E108/><V96/><F96/><W13/><G13/><T131/><D131/><U76/><E134/><V81/><F14/><W44/><G44/><T86/><D86/><U5/><E128/><V121/><F47/><W4/><AGARI ba="0,1" hai="0,4,8,54,57,59,60,62,64,79,83,87,104,107" machi="4" ten="30,2000,0" yaku="1,1,0,1,53,0" doraHai="122" doraHaiUra="125" who="3" fromWho="3" sc="190,-5,210,-10,380,-5,210,30" /><INIT seed="2,0,0,5,1,96" ten="185,200,375,240" oya="2" hai0="89,107,84,27,126,105,4,12,55,81,97,57,104" hai1="71,122,56,101,120,117,102,13,40,58,131,38,62" hai2="119,24,31,39,77,6,90,99,98,46,100,73,78" hai3="123,67,92,20,44,75,64,118,19,47,68,37,48"/><V83/><F119/><W3/><G118/><T10/><D27/><U128/><E117/><V9/><F77/><W95/><G3/><T34/><D34/><U50/><E71/><V115/><F115/><W72/><G68/><T15/><D126/><U35/><E35/><V51/><F39/><W109/><G37/><T18/><D97/><U17/><E38/><V70/><F70/><W108/><G123/><N who="1" m="47146" /><E40/><V54/><F90/><W65/><G19/><T23/><REACH who="0" step="1"/><D107/><REACH who="0" ten="175,200,375,240" step="2"/><U8/><E128/><V103/><F98/><W16/><G109/><T63/><AGARI ba="0,1" hai="4,10,12,15,18,23,55,57,63,81,84,89,104,105" machi="63" ten="20,5200,0" yaku="1,1,2,1,0,1,7,1,53,0" doraHai="96" doraHaiUra="135" who="0" fromWho="0" sc="175,62,200,-13,375,-26,240,-13" /><INIT seed="3,0,0,0,0,109" ten="237,187,349,227" oya="3" hai0="102,30,12,89,7,117,79,63,59,73,37,27,50" hai1="1,17,6,3,69,86,107,85,94,104,95,133,22" hai2="110,25,11,125,66,52,60,48,36,10,20,130,101" hai3="49,75,76,80,40,99,41,18,14,35,32,70,19"/><W58/><G70/><T8/><D37/><U122/><E69/><V39/><F110/><W68/><G68/><T67/><D117/><U77/><E122/><V16/><F125/><W111/><G111/><T13/><D102/><U64/><E64/><V121/><F130/><W43/><G19/><T21/><D73/><U9/><E133/><V24/><F121/><W126/><G126/><T46/><D79/><U81/><E3/><V112/><F112/><W62/><G49/><T5/><D89/><U51/><E51/><V47/><F101/><W38/><G99/><T56/><D56/><U118/><E118/><V44/><F25/><W61/><G38/><T84/><D84/><U132/><E132/><V88/><F88/><W116/><G62/><T82/><D82/><U96/><E86/><V120/><F120/><W0/><G0/><T131/><D131/><U123/><E95/><V115/><F115/><W23/><REACH who="3" step="1"/><G116/><REACH who="3" ten="237,187,349,217" step="2"/><T45/><D50/><U42/><E123/><V26/><F39/><W129/><G129/><T124/><D124/><U103/><E42/><V98/><F98/><W90/><G90/><T65/><D65/><AGARI ba="0,1" hai="14,18,23,32,35,40,41,43,58,61,65,75,76,80" machi="65" ten="40,2000,0" yaku="1,1,53,0" doraHai="109" doraHaiUra="87" who="3" fromWho="0" sc="237,-20,187,0,349,0,217,30" /><INIT seed="3,1,0,5,2,121" ten="217,187,349,247" oya="3" hai0="41,91,63,51,71,43,119,105,133,59,131,115,80" hai1="117,26,12,113,88,13,90,39,97,69,14,85,70" hai2="8,135,49,19,103,134,37,89,65,31,129,122,100" hai3="58,28,87,81,132,112,108,4,60,123,25,15,45"/><W99/><G123/><T110/><D105/><U9/><E113/><V48/><F37/><W56/><G112/><T83/><D115/><U76/><E117/><V20/><F129/><W84/><G132/><N who="2" m="50729" /><F122/><W96/><G45/><T93/><D133/><U24/><E39/><V62/><F89/><N who="1" m="34409" /><E69/><N who="2" m="42167" /><F31/><W94/><G58/><T106/><D106/><U104/><E70/><V78/><F8/><N who="3" m="4487" /><G108/><T111/><D71/><U5/><E104/><V46/><F78/><N who="3" m="46135" /><G87/><N who="0" m="52479" /><D119/><U1/><E1/><V55/><F49/><W54/><G94/><T128/><D80/><N who="1" m="47239" /><E97/><N who="3" m="37450" /><G28/><T50/><D83/><U102/><E102/><V107/><F107/><W52/><G25/><AGARI ba="1,0" hai="19,20,25,46,48,55,100,103" m="42167,50729" machi="25" ten="30,1000,0" yaku="20,1" doraHai="121" who="2" fromWho="3" sc="217,0,187,0,349,13,247,-13" /><INIT seed="4,0,0,4,4,48" ten="217,187,362,234" oya="0" hai0="84,21,121,18,49,94,1,31,11,34,124,72,4" hai1="15,119,20,129,56,9,126,95,127,50,51,89,43" hai2="26,128,25,75,27,103,53,86,77,19,69,111,130" hai3="65,45,28,0,102,14,96,71,120,90,40,35,61"/><T2/><D72/><U82/><E119/><V83/><F69/><W97/><G14/><T101/><D121/><U17/><E129/><N who="2" m="49771" /><F111/><W22/><G22/><T23/><D124/><U109/><E109/><V78/><F103/><W107/><G96/><T110/><D110/><U36/><E82/><N who="2" m="45375" /><F53/><W30/><G90/><T59/><D1/><U117/><E117/><V134/><F134/><W46/><G45/><T87/><D23/><AGARI ba="0,0" hai="19,23,25,26,27,78,83,86" m="45375,49771" machi="23" ten="30,1000,0" yaku="19,1" doraHai="48" who="2" fromWho="0" sc="217,-10,187,0,362,10,234,0" /><INIT seed="5,0,0,2,2,34" ten="207,187,372,234" oya="1" hai0="119,66,87,69,15,16,121,40,38,75,19,81,59" hai1="128,17,130,117,23,48,55,135,73,62,6,83,61" hai2="111,70,4,90,64,94,124,104,86,53,122,125,127" hai3="65,5,30,20,2,113,9,134,116,58,97,22,57"/><U100/><E117/><V71/><F104/><W18/><G116/><T41/><D75/><U80/><E100/><V95/><F122/><W21/><G134/><T1/><D119/><U36/><E135/><V91/><F111/><W99/><G113/><T106/><D106/><U0/><E36/><V11/><F53/><W13/><G30/><T74/><D74/><U93/><E93/><V84/><REACH who="2" step="1"/><F64/><REACH who="2" ten="207,187,362,234" step="2"/><W24/><G65/><T26/><D121/><U45/><E73/><V54/><F54/><W120/><G120/><T60/><D69/><U98/><E128/><V77/><F77/><W35/><G58/><T33/><D38/><U78/><E130/><V110/><F110/><W25/><G57/><T123/><D123/><U114/><E114/><V8/><F8/><N who="3" m="2103" /><G97/><T76/><D33/><U10/><E98/><V105/><F105/><W14/><G99/><T132/><D132/><U44/><E44/><V92/><F92/><W42/><G35/><T133/><D133/><U50/><E78/><V32/><F32/><W102/><G102/><T115/><D115/><U72/><E72/><V103/><F103/><W3/><G42/><T96/><D96/><U129/><E129/><V79/><F79/><W112/><G112/><T88/><D76/><U67/><E67/><V52/><F52/><W46/><G46/><T131/><D131/><U31/><E45/><V51/><F51/><W126/><G9/><N who="0" m="6255" /><D1/><AGARI ba="0,1" hai="1,4,11,70,71,84,86,90,91,94,95,124,125,127" machi="1" ten="40,8000,1" yaku="1,1,9,1,18,1,52,1,53,0" doraHai="34" doraHaiUra="29" who="2" fromWho="0" sc="207,-80,187,0,362,90,234,0" /><INIT seed="6,0,0,1,2,6" ten="127,187,452,234" oya="2" hai0="100,0,2,27,103,74,69,76,90,53,49,121,99" hai1="16,71,131,10,18,30,33,86,21,118,26,14,22" hai2="84,127,66,104,82,123,12,88,106,54,15,59,117" hai3="20,111,134,46,83,11,129,1,25,125,102,58,128"/><V52/><F117/><W13/><G102/><T95/><D69/><U80/><E71/><V92/><F123/><W97/><G97/><T107/><D121/><U126/><E118/><V101/><F127/><W47/><G125/><T24/><D103/><U75/><E126/><V48/><F66/><W32/><G111/><T94/><D94/><U39/><E39/><V108/><F108/><W3/><G83/><T17/><D0/><U35/><E75/><V96/><F106/><W113/><G58/><T41/><D2/><N who="3" m="521" /><G47/><T5/><D5/><U67/><E67/><V63/><F104/><W38/><G46/><AGARI ba="0,0" hai="12,15,46,48,52,54,59,63,82,84,88,92,96,101" machi="46" ten="30,11600,0" yaku="7,1,8,1,54,2" doraHai="6" who="2" fromWho="3" sc="127,0,187,0,452,116,234,-116" /><INIT seed="6,1,0,4,5,104" ten="127,187,568,118" oya="2" hai0="107,74,127,87,68,54,4,26,119,75,1,124,61" hai1="69,98,89,109,114,6,106,48,29,118,99,83,9" hai2="5,25,73,32,13,18,8,36,125,22,43,23,96" hai3="3,64,113,108,115,121,56,78,41,72,93,10,120"/><V37/><F125/><N who="0" m="48202" /><D119/><U28/><E109/><V129/><F73/><N who="0" m="27658" /><D107/><U103/><E118/><V82/><F43/><W35/><G41/><T45/><D87/><U66/><E114/><N who="3" m="43530" /><G35/><T50/><D26/><U112/><E112/><V53/><F53/><W55/><G64/><N who="0" m="40975" /><D4/><U76/><E66/><V62/><F25/><W59/><G108/><T111/><D1/><U51/><E69/><V117/><F5/><N who="3" m="1343" /><G93/><T24/><D24/><U17/><E106/><V135/><F82/><N who="3" m="45383" /><G59/><T60/><D111/><U130/><E83/><V91/><F32/><W86/><G86/><T122/><D60/><AGARI ba="1,0" hai="55,56,60,120,121" m="45383,1343,43530" machi="60" ten="30,3900,0" yaku="15,1,11,1,52,1" doraHai="104" who="3" fromWho="0" sc="127,-42,187,0,568,0,118,42" /><INIT seed="7,0,0,5,0,86" ten="85,187,568,160" oya="3" hai0="103,82,63,119,55,121,61,99,26,45,43,30,9" hai1="83,133,129,64,90,40,2,115,135,106,57,67,69" hai2="118,33,101,124,52,15,134,127,19,50,41,107,70" hai3="27,85,38,49,1,123,93,10,3,76,56,7,32"/><W130/><G123/><T111/><D121/><U35/><E106/><V77/><F70/><W37/><G3/><T24/><D111/><U62/><E115/><V72/><F33/><W122/><G122/><T79/><D119/><U97/><E35/><V73/><F118/><W131/><G56/><T34/><D24/><U81/><E2/><V25/><F41/><W8/><G49/><T22/><D34/><U11/><E11/><N who="2" m="6655" /><F134/><N who="1" m="51209" /><E40/><V60/><F77/><W71/><G8/><T21/><D21/><U80/><E129/><N who="3" m="49162" /><G71/><T65/><D55/><N who="1" m="34111" /><E69/><V29/><F60/><W28/><G76/><T113/><D113/><U108/><E108/><V46/><F107/><W114/><G114/><T105/><D9/><U20/><E20/><N who="2" m="15527" /><F101/><W94/><G94/><AGARI ba="0,0" hai="64,67,80,81,83,90,94,97" m="34111,51209" machi="94" ten="30,2000,0" yaku="20,1,52,1" doraHai="86" who="1" fromWho="3" sc="85,0,187,20,568,0,160,-20" owari="85,-41.0,207,1.0,568,66.0,140,-26.0" /></mjloggm>