<mjloggm ver="2.3"><GO type="169" lobby="0"/><UN n0="%E3%81%8A%E7%9F%A5%E3%82%89%E3%81%9B" n1="%79%61%6D%69" n2="%28%E3%80%8C%E3%83%BB%60%CF%89%E3%83%BB%29%E3%80%8C" n3="%E3%82%A6%E3%83%AB%E3%83%88%E3%83%A9%E7%AB%8B%E7%9B%B4" dan="16,16,17,17" rate="2099.15,2140.70,2088.95,2217.52" sx="M,M,M,M"/><TAIKYOKU oya="0"/><INIT seed="0,0,0,5,0,105" ten="250,250,250,250" oya="0" hai0="83,67,7,3,37,103,54,88,49,10,130,44,60" hai1="30,93,40,96,127,23,110,122,56,97,133,43,19" hai2="25,24,6,85,87,82,16,26,73,2,121,125,45" hai3="92,31,117,107,90,18,69,35,108,33,64,51,28"/><T48/><D130/><U21/><E122/><V59/><F121/><W15/><G117/><T81/><D37/><U128/><E110/><V55/><F125/><W100/><G108/><T0/><D0/><U126/><E133/><V70/><F70/><W13/><G100/><T62/><D103/><U86/><E128/><V116/><F45/><W47/><G107/><T39/><D39/><U115/><E115/><V14/><F2/><W84/><G69/><T57/><D62/><U65/><E30/><V42/><F42/><W123/><G123/><T22/><D22/><U50/><E86/><V102/><F102/><W20/><G64/><T94/><REACH who="0" step="1"/><D49/><REACH who="0" ten="240,250,250,250" step="2"/><U135/><E23/><V77/><F116/><W53/><G35/><T80/><D80/><U41/><E50/><V101/><F101/><W120/><G33/><T111/><D111/><U119/><E119/><V9/><REACH who="2" step="1"/><F6/><REACH who="2" ten="240,250,240,250" step="2"/><W118/><G118/><T27/><D27/><U38/><E127/><V61/><AGARI ba="0,2" hai="9,14,16,24,25,26,55,59,61,73,77,82,85,87" machi="61" ten="30,8000,1" yaku="1,1,2,1,0,1,52,1,54,1,53,0" doraHai="105" doraHaiUra="68" who="2" fromWho="2" sc="240,-40,250,-20,240,100,250,-20" /><INIT seed="1,0,0,4,2,54" ten="200,230,340,230" oya="1" hai0="10,102,19,112,74,4,65,117,105,15,107,61,122" hai1="120,23,96,88,32,124,125,43,7,95,28,20,46" hai2="26,121,55,21,97,93,104,48,116,62,83,94,9" hai3="119,41,135,35,84,49,99,8,70,36,130,90,17"/><U52/><E120/><V87/><F121/><W0/><G36/><T1/><D122/><U103/><E7/><V85/><F116/><W133/><G35/><T13/><D117/><U113/><E113/><V79/><F62/><W98/><G70/><T2/><D112/><U127/><E32/><V38/><F38/><W128/><G119/><T18/><D74/><U80/><E28/><V6/><F104/><W33/><G33/><T73/><D73/><U77/><E103/><V63/><F63/><W60/><G60/><T134/><D134/><N who="3" m="51209" /><G98/><T114/><D114/><U16/><E52/><V75/><F75/><W129/><G99/><T30/><D30/><U51/><REACH who="1" step="1"/><E16/><REACH who="1" ten="200,220,340,230" step="2"/><V39/><F6/><N who="3" m="1095" /><G17/><T24/><D102/><U22/><E22/><V101/><F21/><W76/><G128/><T110/><D19/><U131/><E131/><V40/><F101/><W91/><G130/><T81/><D18/><U108/><E108/><V82/><F55/><W100/><G100/><T126/><D61/><U89/><E89/><V71/><F71/><W69/><G69/><T118/><D105/><U57/><E57/><V34/><F34/><W58/><G129/><T123/><D107/><U50/><E50/><V92/><F9/><W86/><G58/><T59/><D59/><U42/><E42/><V37/><F37/><W106/><G106/><T78/><D123/><U53/><E53/><V3/><F39/><W31/><G31/><T132/><D110/><U27/><E27/><V72/><F26/><W68/><G68/><T25/><D132/><U115/><E115/><V14/><F48/><RYUUKYOKU ba="0,1" sc="200,-10,220,30,340,-10,230,-10" hai1="20,23,43,46,51,77,80,88,95,96,124,125,127" /><INIT seed="1,1,1,5,2,77" ten="190,250,330,220" oya="1" hai0="114,2,68,104,128,49,70,120,14,19,96,80,7" hai1="86,33,134,111,88,110,102,12,26,9,3,82,99" hai2="119,8,127,23,79,39,101,135,42,34,1,76,4" hai3="113,130,72,93,109,131,54,60,74,124,29,53,116"/><U69/><E69/><V38/><F34/><W17/><G113/><T123/><D114/><U30/><E3/><V47/><F119/><W10/><G29/><T98/><D7/><U94/><REACH who="1" step="1"/><E134/><REACH who="1" ten="190,240,330,220" step="2"/><V126/><F1/><W97/><G116/><T45/><D2/><U87/><E87/><V121/><F127/><W22/><G124/><T16/><D123/><U132/><E132/><V28/><F126/><W56/><G74/><T75/><D120/><U107/><E107/><V51/><F135/><W11/><G72/><T61/><D104/><U63/><E63/><V85/><F85/><W91/><G130/><T122/><D122/><U58/><E58/><V95/><F121/><W92/><G131/><T117/><D128/><U0/><E0/><V103/><F47/><W25/><G109/><T43/><D117/><U115/><E115/><V105/><F105/><W73/><G73/><T84/><D75/><U133/><E133/><V71/><F71/><W55/><REACH who="3" step="1"/><G93/><REACH who="3" ten="190,240,330,210" step="2"/><T44/><D70/><U81/><E81/><V36/><F95/><W27/><G27/><T32/><D68/><U31/><E31/><V20/><F28/><W35/><G35/><T100/><D32/><U24/><E24/><V18/><F36/><W15/><G15/><T52/><D14/><U66/><E66/><AGARI ba="1,3" hai="10,11,17,22,25,53,54,55,56,60,66,91,92,97" machi="66" ten="40,5200,0" yaku="1,1,8,1,53,1" doraHai="77" doraHaiUra="89" who="3" fromWho="1" sc="190,0,240,-55,330,0,210,85" /><INIT seed="2,0,0,1,2,43" ten="190,185,330,295" oya="2" hai0="33,135,64,108,134,129,130,100,124,122,72,3,12" hai1="44,118,104,110,89,101,47,71,83,67,21,84,27" hai2="111,5,73,68,112,20,36,58,92,62,121,42,91" hai3="65,34,115,70,31,85,11,32,0,88,102,55,123"/><V49/><F73/><W126/><G123/><T35/><D3/><U2/><E2/><V128/><F121/><W79/><G126/><T98/><D122/><U90/><E118/><V8/><F112/><W28/><G115/><T80/><D64/><U113/><E113/><V9/><F128/><N who="0" m="49258" /><D12/><U93/><E110/><V76/><F76/><W117/><G102/><T61/><D61/><U77/><E104/><V15/><F9/><W51/><G79/><N who="0" m="44135" /><D108/><U109/><E109/><V57/><F111/><W119/><G65/><T96/><D124/><U95/><E71/><V1/><F68/><W82/><G70/><T125/><D125/><U48/><E67/><V10/><F62/><W59/><G11/><T78/><D78/><U52/><E47/><N who="2" m="25847" /><F8/><W19/><G0/><T45/><D45/><U29/><E101/><V54/><F1/><W133/><G119/><T56/><D56/><U23/><E23/><V131/><F20/><W87/><G117/><T38/><D38/><U81/><E77/><V30/><F36/><W22/><G34/><N who="0" m="12811" /><D96/><AGARI ba="0,0" hai="21,27,29,44,48,52,81,83,84,89,90,93,95,96" machi="96" ten="30,7700,0" yaku="7,1,8,1,52,1,54,1" doraHai="43" who="1" fromWho="0" sc="190,-77,185,77,330,0,295,0" /><INIT seed="3,0,0,3,5,22" ten="113,262,330,295" oya="3" hai0="107,90,129,31,77,8,96,103,134,92,52,91,12" hai1="111,54,40,5,73,87,4,57,95,82,7,120,69" hai2="63,34,78,89,127,105,122,125,42,100,1,112,76" hai3="110,17,102,65,71,46,9,131,36,106,44,45,47"/><W6/><G131/><T41/><D134/><U0/><E69/><V93/><F1/><W53/><G110/><T130/><D41/><U10/><E120/><V94/><F42/><W37/><G71/><T48/><D77/><N who="2" m="29802" /><F63/><W30/><G65/><T27/><D12/><U28/><E73/><V115/><F34/><W59/><G30/><T35/><D8/><U60/><E111/><V68/><F68/><W62/><N who="3" m="11264" /><DORA hai="114" /><W11/><G106/><T24/><D24/><U64/><E40/><V88/><F122/><W128/><G128/><N who="0" m="49259" /><D107/><U16/><E95/><N who="2" m="36363" /><F100/><W61/><G102/><T119/><D119/><U49/><E28/><V74/><F74/><W25/><G61/><T66/><D66/><U18/><E10/><V56/><F56/><AGARI ba="0,0" hai="27,31,35,48,52,56,90,91,92,96,103" m="49259" machi="56" ten="30,3900,0" yaku="19,1,52,1,54,1" doraHai="22,114" who="0" fromWho="2" sc="113,39,262,0,330,-39,295,0" /><INIT seed="4,0,0,4,0,95" ten="152,262,291,295" oya="0" hai0="128,34,108,63,70,126,20,6,125,19,78,130,18" hai1="92,84,52,135,102,115,17,24,39,132,88,35,58" hai2="76,10,127,56,99,50,13,121,27,74,42,93,131" hai3="100,75,114,25,69,60,12,89,16,112,47,40,116"/><T119/><D78/><U67/><E39/><V109/><F121/><W62/><G116/><T51/><D119/><U85/><E67/><V64/><F109/><W105/><G75/><T59/><D34/><U46/><E46/><V71/><F71/><W48/><G69/><T101/><D70/><U111/><E102/><V91/><F127/><N who="0" m="48650" /><D51/><U65/><E65/><V77/><F74/><W1/><G1/><T98/><D6/><U45/><E45/><N who="2" m="25911" /><F27/><W66/><G66/><N who="0" m="39295" /><D108/><U124/><E111/><V87/><F131/><N who="0" m="50218" /><D20/><U2/><E124/><V30/><F64/><W68/><G68/><T134/><D134/><U4/><E35/><V23/><F56/><W94/><G62/><T0/><D0/><U90/><E135/><V8/><F76/><W54/><G60/><T7/><D7/><U57/><E132/><V97/><F77/><W80/><G48/><T82/><D82/><U38/><E2/><V21/><F21/><W9/><G80/><T14/><D14/><U55/><E4/><N who="2" m="3207" /><F10/><W3/><G9/><T26/><D26/><U22/><E38/><V117/><F117/><W33/><G25/><T123/><D123/><U36/><E36/><V104/><F23/><W31/><G12/><T72/><D72/><U28/><E58/><V113/><F30/><W122/><G3/><T61/><D61/><U129/><E28/><V44/><F44/><W133/><G47/><T11/><D11/><U43/><E129/><V120/><F120/><W110/><G122/><T103/><D103/><U86/><E22/><V81/><F81/><W73/><G133/><T5/><D5/><RYUUKYOKU ba="0,0" sc="152,30,262,-10,291,-10,295,-10" hai0="18,19,98,101" /><INIT seed="4,1,0,0,4,80" ten="182,252,281,285" oya="0" hai0="115,36,128,135,101,9,118,84,50,98,123,79,60" hai1="129,75,1,74,51,88,61,69,126,24,87,83,89" hai2="40,133,47,73,109,39,62,120,108,49,68,8,97" hai3="103,10,4,12,3,92,102,32,99,121,122,18,11"/><T107/><D123/><U30/><E1/><V111/><F120/><N who="3" m="46187" /><G32/><T17/><D36/><U21/><E126/><V46/><F73/><W53/><G53/><T76/><D118/><U116/><E116/><V93/><F8/><W100/><AGARI ba="1,0" hai="3,4,10,11,12,18,92,99,100,102,103" m="46187" machi="100" ten="30,1100,0" yaku="13,1" doraHai="80" who="3" fromWho="3" sc="182,-6,252,-4,281,-4,285,14" /><INIT seed="5,0,0,5,5,47" ten="176,248,277,299" oya="1" hai0="1,81,41,118,43,42,16,86,2,45,9,109,115" hai1="64,7,5,13,17,68,73,133,37,15,31,89,129" hai2="94,62,119,80,49,11,122,53,76,82,127,3,33" hai3="135,134,107,131,58,40,25,91,34,78,69,130,132"/><U92/><E37/><V104/><F104/><W79/><G69/><T110/><D118/><U57/><E73/><V106/><F106/><W66/><G107/><T102/><D102/><U72/><E72/><V48/><F33/><W19/><G40/><T108/><D115/><U100/><E68/><V77/><F122/><W55/><G66/><T61/><D61/><N who="1" m="37935" /><E31/><V101/><F3/><W65/><G65/><T96/><D96/><U21/><E100/><V71/><F71/><W124/><G91/><T22/><D9/><U63/><E63/><V113/><F11/><W70/><G70/><T27/><REACH who="0" step="1"/><D45/><REACH who="0" ten="166,248,277,299" step="2"/><U126/><E126/><V114/><F62/><N who="3" m="36191" /><G124/><T111/><N who="0" m="27648" /><DORA hai="60" /><T125/><D125/><U75/><E133/><V26/><F127/><W52/><G135/><T87/><D87/><N who="1" m="52287" /><E75/><V123/><F119/><W56/><G134/><T74/><D74/><U39/><E129/><V90/><F101/><W29/><G132/><T88/><AGARI ba="0,1" hai="1,2,16,22,27,41,42,43,81,86,88" m="27648" machi="88" ten="60,8000,1" yaku="1,1,0,1,54,2,53,0" doraHai="47,60" doraHaiUra="4,0" who="0" fromWho="0" sc="166,90,248,-40,277,-20,299,-20" /><INIT seed="6,0,0,4,2,119" ten="256,208,257,279" oya="2" hai0="35,30,91,59,103,78,18,125,56,32,13,97,21" hai1="41,79,0,77,134,19,51,70,50,98,90,114,62" hai2="89,107,67,74,133,129,87,33,3,131,118,76,7" hai3="99,31,116,24,101,94,58,132,93,2,9,72,4"/><V36/><F33/><W105/><G116/><T12/><D125/><U57/><E0/><V81/><F118/><W66/><G72/><T104/><D78/><U110/><E110/><V22/><F36/><W123/><G123/><T130/><D130/><N who="2" m="49674" /><F67/><W11/><G132/><T54/><D30/><U8/><E70/><V124/><F107/><W15/><G58/><T20/><D91/><U60/><E114/><V52/><F124/><W83/><G83/><T102/><D102/><U75/><E134/><V55/><F133/><W10/><G66/><T111/><D56/><U46/><E75/><V25/><F7/><W53/><G53/><T95/><D104/><U73/><E73/><V34/><F34/><W63/><G63/><T120/><D120/><U117/><E117/><V44/><F3/><W27/><G27/><T128/><D111/><U1/><E1/><V38/><F38/><W121/><G121/><T42/><D42/><U86/><E98/><V61/><F44/><W85/><G85/><T112/><D112/><U108/><E108/><V127/><F61/><W96/><G2/><T47/><D47/><U92/><E62/><V5/><F127/><W17/><G4/><T48/><D128/><U100/><E100/><V135/><F5/><W64/><G64/><T65/><D65/><N who="1" m="39055" /><E51/><V82/><F135/><W45/><G45/><T43/><D43/><U29/><E29/><AGARI ba="0,0" hai="22,25,29,52,55,74,76,81,82,87,89" m="49674" machi="29" ten="30,2900,0" yaku="19,1,54,1" doraHai="119" who="2" fromWho="1" sc="256,0,208,-29,257,29,279,0" /><INIT seed="6,1,0,3,0,5" ten="256,179,286,279" oya="2" hai0="87,6,24,83,95,81,119,0,103,64,26,90,79" hai1="23,34,46,92,10,43,25,109,129,62,127,52,20" hai2="59,67,131,101,118,4,21,54,80,66,121,35,50" hai3="41,68,78,42,76,33,16,13,12,56,97,110,126"/><V123/><F118/><W111/><G68/><T9/><D119/><U88/><E109/><V19/><F35/><W96/><G33/><T71/><D103/><U48/><E127/><V11/><F101/><W38/><G56/><T29/><D83/><U27/><E129/><V93/><F93/><W47/><G47/><T63/><REACH who="0" step="1"/><D29/><REACH who="0" ten="246,179,286,279" step="2"/><U82/><E82/><V7/><F131/><W40/><G111/><T117/><D117/><U60/><E34/><V128/><F128/><W89/><G110/><T15/><D15/><U115/><E115/><V134/><F80/><W72/><G12/><T122/><D122/><U91/><E10/><V31/><F123/><W22/><G13/><T57/><D57/><N who="1" m="34855" /><E62/><V74/><F121/><W44/><G126/><T53/><D53/><U17/><E92/><V105/><F11/><W133/><G41/><T107/><D107/><U8/><E8/><V120/><F120/><W77/><G42/><T108/><D108/><U61/><E61/><V113/><F54/><W45/><G40/><T55/><D55/><U86/><E86/><AGARI ba="1,1" hai="0,6,9,24,26,63,64,71,79,81,86,87,90,95" machi="86" ten="30,3900,0" yaku="1,1,7,1,52,1,53,0" doraHai="5" doraHaiUra="28" who="0" fromWho="1" sc="246,52,179,-42,286,0,279,0" /><INIT seed="7,0,0,3,3,9" ten="298,137,286,279" oya="3" hai0="51,92,11,110,12,31,107,133,22,35,3,36,113" hai1="76,2,101,25,75,119,19,10,37,134,77,21,118" hai2="0,74,38,61,24,79,63,68,14,60,54,70,126" hai3="135,56,64,71,50,45,1,47,46,94,97,17,57"/><W41/><G1/><T27/><D107/><U85/><E75/><V117/><F0/><W39/><G135/><T62/><D36/><U124/><E37/><V109/><F38/><W80/><G71/><T8/><D110/><U66/><E134/><V59/><F109/><W55/><G64/><T15/><D133/><U116/><E124/><V26/><F117/><W23/><G80/><T105/><D105/><U87/><E101/><V115/><F126/><W99/><G57/><T91/><D113/><U129/><E66/><V95/><F74/><W72/><G72/><T40/><D35/><U4/><E129/><V33/><F79/><AGARI ba="0,0" hai="2,4,10,19,21,25,76,77,79,85,87,116,118,119" machi="79" ten="40,1300,0" yaku="12,1" doraHai="9" who="1" fromWho="2" sc="298,0,137,13,286,-13,279,0" /><INIT seed="8,0,0,0,2,40" ten="298,150,273,279" oya="0" hai0="113,111,123,81,75,126,68,118,43,48,93,18,65" hai1="27,6,30,125,88,54,62,119,86,134,32,16,5" hai2="80,2,56,45,109,38,131,42,61,41,26,7,87" hai3="53,105,74,108,117,73,37,71,49,135,64,69,98"/><T13/><D123/><U63/><E119/><V23/><F109/><W114/><G108/><T29/><D113/><U60/><E125/><V76/><F131/><W21/><G71/><T120/><D29/><U44/><E134/><V70/><F42/><W101/><G114/><T99/><D65/><U50/><REACH who="1" step="1"/><E16/><REACH who="1" ten="298,140,273,279" step="2"/><V130/><F130/><W128/><G128/><T72/><D18/><U133/><E133/><V121/><F121/><W39/><G135/><T8/><D126/><U11/><E11/><V31/><F7/><W77/><G117/><T107/><D8/><U12/><E12/><V78/><F2/><W97/><G74/><T36/><D13/><U129/><E129/><V9/><F9/><W24/><G73/><T57/><D75/><U103/><E103/><V110/><F110/><W127/><G101/><T55/><D72/><U15/><E15/><V83/><F26/><W92/><G24/><T67/><D111/><U58/><E58/><V22/><F70/><W89/><G69/><T104/><D118/><U102/><E102/><V1/><F1/><W82/><G127/><T106/><D68/><U28/><E28/><V52/><F31/><W122/><G122/><T25/><D120/><U116/><E116/><V35/><F35/><W10/><G10/><T112/><D25/><U94/><AGARI ba="0,1" hai="5,6,27,30,32,44,50,54,60,62,63,86,88,94" machi="94" ten="30,12000,2" yaku="1,1,0,1,52,1,54,1,53,3" doraHai="40" doraHaiUra="59" who="1" fromWho="1" sc="298,-60,140,130,273,-30,279,-30" /><INIT seed="9,0,0,4,5,27" ten="238,270,243,249" oya="1" hai0="6,87,128,65,80,133,111,20,104,68,117,94,17" hai1="5,103,30,25,57,95,90,32,31,76,66,60,37" hai2="23,124,121,39,41,75,7,45,2,79,59,58,43" hai3="135,64,134,115,0,97,44,74,110,100,81,36,108"/><U26/><E37/><V102/><F121/><W131/><G64/><T91/><D104/><U61/><E76/><V1/><F43/><N who="3" m="22631" /><G0/><T16/><D111/><N who="3" m="42537" /><G115/><T106/><D106/><U119/><E119/><V67/><F1/><W96/><G131/><T11/><D128/><U130/><E130/><V109/><F67/><W3/><G3/><T85/><D117/><U69/><E103/><V4/><F4/><W12/><G12/><T132/><D65/><U42/><E42/><V114/><F102/><W56/><G56/><T88/><D68/><U50/><E50/><V34/><F34/><W107/><G97/><T101/><D101/><U62/><E5/><V78/><F114/><W38/><G38/><T77/><D77/><AGARI ba="0,0" hai="74,77,81,96,100,107,134,135" m="42537,22631" machi="77" ten="30,1000,0" yaku="23,1" doraHai="27" who="3" fromWho="0" sc="238,-10,270,0,243,0,249,10" /><INIT seed="10,0,0,2,1,50" ten="228,270,243,259" oya="2" hai0="126,8,66,54,119,116,92,78,0,17,45,11,22" hai1="36,68,57,53,34,97,89,87,103,41,79,70,85" hai2="108,33,19,20,90,47,38,99,130,29,77,128,106" hai3="115,39,37,62,118,43,72,21,120,18,71,102,83"/><V84/><F108/><W14/><G120/><T100/><D66/><U109/><E34/><V117/><F117/><N who="0" m="45130" /><D78/><U4/><E79/><V58/><F77/><W46/><G118/><T64/><D64/><U86/><E89/><V13/><F33/><W104/><G83/><T76/><D76/><U73/><E4/><V52/><F29/><W124/><G72/><T40/><D0/><U48/><E109/><V42/><F99/><W59/><G71/><T127/><D100/><U122/><E122/><V96/><F96/><W114/><G102/><T1/><D92/><U15/><E73/><V26/><F106/><W110/><G104/><T7/><D11/><U61/><E70/><V51/><F26/><W12/><G110/><T93/><D93/><AGARI ba="0,0" hai="13,19,20,38,42,47,51,52,58,84,90,93,128,130" machi="93" ten="40,12000,1" yaku="25,2,52,1,54,1" doraHai="50" who="2" fromWho="0" sc="228,-120,270,0,243,120,259,0" owari="108,-39.0,270,7.0,363,46.0,259,-14.0" /></mjloggm>