<mjloggm ver="2.3"><GO type="97" lobby="0"/><UN n0="%E3%82%A8%E3%82%A4%E3%82%B9%E3%83%BB%E3%82%A8%E3%83%A0" n1="%4C%49%4F%4E%47%42" n2="%E3%83%88%E3%83%88%E3%83%AA%E5%85%88%E7%94%9F%31%39%E6%AD%B3" n3="%E3%81%B2%E3%81%A7%E3%81%A8%E3%82%93" dan="14,13,15,15" rate="1920.68,2100.39,2052.38,1926.05" sx="M,M,F,M"/><TAIKYOKU oya="0"/><INIT seed="0,0,0,0,5,39" ten="250,250,250,250" oya="0" hai0="127,112,69,101,56,92,48,98,97,107,44,20,28" hai1="34,51,125,43,132,49,102,91,83,73,129,38,45" hai2="82,27,62,133,76,124,4,57,68,106,66,32,58" hai3="25,88,46,108,93,2,131,79,0,14,24,59,26"/><T19/><D127/><U5/><E125/><V33/><F124/><W103/><G131/><T130/><D112/><U71/><E129/><V120/><F120/><W78/><G108/><T105/><D130/><U29/><E132/><V128/><F128/><W40/><G103/><T70/><D56/><U126/><E126/><V22/><F133/><W111/><G111/><T61/><D28/><U67/><E102/><V81/><F106/><W86/><G59/><T6/><D6/><U96/><E96/><V115/><F115/><W52/><G52/><T94/><D61/><U13/><E67/><V54/><F68/><W31/><G31/><T16/><D48/><U50/><E71/><V95/><F95/><W36/><REACH who="3" step="1"/><G14/><REACH who="3" ten="250,250,250,240" step="2"/><T77/><D101/><U10/><E29/><V89/><F58/><W122/><G122/><T8/><D8/><U3/><E13/><V42/><F57/><W60/><G60/><T30/><D30/><U109/><E109/><V17/><F62/><W135/><G135/><T80/><D107/><U63/><E63/><V74/><F66/><W41/><G41/><T114/><D105/><U118/><E118/><V11/><F42/><W113/><G113/><T37/><D114/><U18/><E18/><V121/><F54/><W119/><G119/><T99/><D70/><U117/><E117/><V1/><F121/><W53/><G53/><T90/><D69/><U9/><E9/><V134/><F134/><W84/><G84/><N who="0" m="48143" /><D19/><U47/><E47/><V55/><F55/><W15/><G15/><N who="0" m="9247" /><D94/><U23/><E3/><AGARI ba="0,1" hai="0,2,3,24,25,26,36,40,46,78,79,86,88,93" machi="3" ten="40,8000,1" yaku="1,1,52,1,54,1,53,2" doraHai="39" doraHaiUra="72" who="3" fromWho="1" sc="250,0,250,-80,250,0,240,90" /><INIT seed="1,0,0,5,4,93" ten="250,170,250,330" oya="1" hai0="130,82,30,61,54,67,53,75,17,106,8,5,91" hai1="135,68,121,3,120,124,23,29,94,6,20,111,0" hai2="49,57,108,133,2,59,116,4,56,39,24,13,36" hai3="109,104,70,65,125,47,80,16,50,126,28,12,118"/><U76/><E94/><V101/><F116/><W40/><G104/><T14/><D106/><U86/><E86/><V71/><F71/><W63/><G28/><T81/><D130/><U88/><E76/><V78/><F2/><N who="1" m="553" /><E68/><V110/><F133/><W112/><G112/><T115/><D5/><U27/><E88/><V42/><F24/><W100/><G118/><T31/><D115/><U60/><E60/><V9/><F78/><W66/><G66/><T131/><D75/><U41/><E41/><V25/><F25/><W52/><G109/><N who="2" m="42089" /><F101/><W34/><G34/><T37/><D91/><U11/><E111/><V33/><F33/><W79/><G100/><T83/><D37/><N who="2" m="14410" /><F42/><W19/><G40/><T58/><REACH who="0" step="1"/><D131/><REACH who="0" ten="240,170,250,330" step="2"/><U123/><E135/><V128/><F128/><W7/><G7/><T107/><D107/><U74/><E74/><V97/><F97/><W15/><G15/><T10/><D10/><U55/><E55/><AGARI ba="0,1" hai="4,9,13,49,55,56,57,59" m="14410,42089" machi="55" ten="30,1000,0" yaku="14,1" doraHai="93" who="2" fromWho="1" sc="240,0,170,-10,250,20,330,0" /><AGARI ba="0,0" hai="8,14,17,30,31,53,54,55,58,61,67,81,82,83" machi="55" ten="40,2600,0" yaku="1,1,8,1,53,0" doraHai="93" doraHaiUra="44" who="0" fromWho="1" sc="240,26,160,-26,270,0,330,0" /><INIT seed="2,0,0,0,1,5" ten="266,134,270,330" oya="2" hai0="131,30,14,15,103,124,53,26,37,91,32,93,84" hai1="28,10,89,20,59,123,39,40,11,130,70,127,87" hai2="21,51,25,8,48,4,18,62,113,117,23,50,57" hai3="35,100,72,109,125,52,36,119,118,82,6,9,115"/><V34/><F113/><W122/><G35/><T60/><D37/><U74/><E74/><V29/><F117/><W90/><G122/><T101/><D124/><U78/><E127/><V68/><F68/><W7/><G125/><T66/><D131/><U85/><E123/><V95/><F95/><W134/><G109/><T31/><D31/><U0/><E0/><V97/><F97/><W22/><G36/><T102/><D53/><U33/><E130/><V133/><F133/><W116/><G115/><T13/><REACH who="0" step="1"/><D13/><REACH who="0" ten="256,134,270,330" step="2"/><U2/><E2/><V47/><F47/><W108/><G119/><T71/><AGARI ba="0,1" hai="14,15,26,30,32,60,66,71,84,91,93,101,102,103" machi="71" ten="30,4000,0" yaku="1,1,2,1,0,1,53,0" doraHai="5" doraHaiUra="79" who="0" fromWho="0" sc="256,50,134,-10,270,-20,330,-10" /><INIT seed="3,0,0,0,1,10" ten="306,124,250,320" oya="3" hai0="126,114,74,8,6,37,27,120,99,64,16,20,13" hai1="11,70,113,5,40,135,133,22,51,48,90,134,42" hai2="15,106,7,33,19,119,123,107,79,34,66,77,41" hai3="23,71,67,102,108,61,56,53,95,18,44,35,75"/><W124/><G75/><T130/><D74/><U89/><E70/><V17/><F41/><W110/><G35/><T57/><D120/><U65/><E65/><V73/><F66/><W94/><G124/><T97/><D126/><U4/><E22/><V38/><F73/><W81/><G81/><T72/><D130/><U46/><E113/><V69/><F7/><W9/><G9/><T55/><D37/><U129/><E129/><V84/><F84/><W68/><G44/><T3/><D64/><U122/><E122/><V111/><F123/><W30/><G30/><T82/><D114/><U62/><E62/><V80/><F80/><W63/><G71/><T45/><D45/><U2/><E5/><V118/><F69/><W60/><G60/><N who="0" m="35903" /><D72/><U87/><E87/><V116/><F116/><W28/><G28/><T25/><D82/><U78/><E78/><V12/><REACH who="2" step="1"/><F111/><REACH who="2" ten="306,124,240,320" step="2"/><N who="3" m="42539" /><G102/><T52/><D52/><U85/><REACH who="1" step="1"/><E85/><REACH who="1" ten="306,114,240,320" step="2"/><V105/><F105/><W26/><AGARI ba="0,2" hai="18,23,26,53,56,61,63,67,68,94,95" m="42539" machi="26" ten="30,3000,0" yaku="14,1,10,1" doraHai="10" who="3" fromWho="3" sc="306,-10,114,-10,240,-10,320,50" owari="296,10.0,104,-40.0,230,-17.0,370,47.0" /></mjloggm>