<mjloggm ver="2.3"><GO type="169" lobby="0"/><UN n0="%6D%69%78%79" n1="%E3%82%A6%E3%83%AB%E3%83%88%E3%83%A9%E7%AB%8B%E7%9B%B4" n2="%E3%82%82%E3%82%81%E3%82%93%E3%81%AA%E3%81%A1%E3%82%83%E3%81%84" n3="%E3%81%AB%E3%81%9B%E6%82%9F%E7%A9%BA" dan="17,17,17,16" rate="2149.85,2117.30,2150.00,2157.53" sx="M,M,M,M"/><TAIKYOKU oya="0"/><INIT seed="0,0,0,2,2,95" ten="250,250,250,250" oya="0" hai0="57,34,28,107,69,60,87,18,2,71,26,47,6" hai1="63,72,74,51,44,90,82,7,13,3,33,121,115" hai2="134,93,117,37,38,118,110,103,135,124,109,66,67" hai3="128,127,75,43,36,94,102,4,86,42,114,80,81"/><T132/><D132/><N who="2" m="50730" /><F103/><W41/><G114/><T85/><D107/><U14/><E33/><V19/><F93/><W78/><G128/><T0/><D71/><U111/><E111/><N who="2" m="42507" /><F19/><W88/><G127/><T83/><D69/><U11/><E74/><V122/><F122/><W70/><G70/><T53/><D6/><U131/><E131/><V120/><F120/><W17/><G17/><T126/><D126/><U119/><E72/><V55/><F55/><W16/><G4/><T49/><D18/><U12/><E121/><V45/><F124/><W24/><G81/><T58/><D87/><U91/><E82/><V73/><F73/><W123/><G123/><T46/><D0/><U35/><E115/><V10/><F10/><W39/><REACH who="3" step="1"/><G102/><REACH who="3" ten="250,250,250,240" step="2"/><T101/><D101/><U20/><E7/><V1/><F1/><W62/><G62/><T65/><D2/><U54/><E63/><V8/><F8/><W64/><G64/><N who="2" m="24617" /><F45/><W61/><G61/><T125/><D125/><U98/><E44/><V79/><F79/><AGARI ba="0,1" hai="26,28,34,46,47,49,53,57,58,60,65,79,83,85" machi="79" ten="30,1500,0" yaku="7,1" doraHai="95" who="0" fromWho="2" sc="250,25,250,0,250,-15,240,0" /><INIT seed="0,1,0,5,0,84" ten="275,250,235,240" oya="0" hai0="48,131,87,80,85,103,105,116,115,49,39,88,99" hai1="75,110,29,12,100,125,8,25,17,58,65,102,127" hai2="15,114,37,57,126,120,119,113,92,38,79,66,69" hai3="61,104,118,123,53,94,19,78,7,52,3,63,27"/><T18/><D39/><U106/><E75/><V44/><F120/><W128/><G104/><T41/><D116/><U47/><E110/><V97/><F119/><W20/><G118/><T54/><D115/><U98/><E100/><V83/><F69/><W43/><G123/><T35/><D131/><U26/><E47/><V109/><F109/><W101/><G128/><T28/><D41/><U60/><REACH who="1" step="1"/><E26/><REACH who="1" ten="275,240,235,240" step="2"/><V73/><F126/><W117/><G117/><T129/><D129/><U4/><E4/><V70/><F44/><W32/><G7/><T13/><D28/><U135/><E135/><V71/><F114/><W9/><G27/><T90/><D35/><AGARI ba="1,1" hai="8,12,17,25,29,35,58,60,65,98,102,106,125,127" machi="35" ten="40,1300,0" yaku="1,1,53,0" doraHai="84" doraHaiUra="81" who="1" fromWho="0" sc="275,-16,240,26,235,0,240,0" /><INIT seed="1,0,0,5,2,14" ten="259,266,235,240" oya="1" hai0="62,122,2,44,69,54,34,11,95,29,99,120,80" hai1="30,115,68,56,110,64,85,18,117,74,130,125,90" hai2="58,48,135,105,20,92,9,1,124,104,107,114,5" hai3="32,84,43,28,41,82,123,23,83,46,37,6,52"/><U27/><E117/><V39/><F39/><W71/><G123/><T26/><D80/><U51/><E115/><V57/><F114/><W22/><G71/><T119/><D119/><U65/><E74/><V126/><F135/><W13/><G32/><T106/><D44/><U17/><E125/><N who="2" m="48235" /><F92/><W36/><G83/><T111/><D54/><N who="1" m="31839" /><E68/><V88/><F88/><N who="3" m="51223" /><G36/><T40/><D40/><N who="3" m="15433" /><G37/><T108/><D122/><U73/><E73/><V97/><F97/><W100/><G100/><T42/><D42/><U112/><E112/><V132/><F132/><W33/><G33/><T79/><D120/><U10/><E130/><V53/><F20/><W15/><G28/><T129/><D129/><U63/><E110/><V118/><F118/><W49/><G13/><T133/><D133/><U50/><E50/><V78/><F78/><W116/><G116/><T60/><D79/><U113/><E113/><V101/><F101/><W61/><G61/><T16/><D106/><U91/><E10/><AGARI ba="0,0" hai="6,10,15,22,23,46,49,52" m="15433,51223" machi="10" ten="30,3900,0" yaku="8,1,54,2" doraHai="14" who="3" fromWho="1" sc="259,0,266,-39,235,0,240,39" /><INIT seed="2,0,0,2,3,109" ten="259,227,235,279" oya="2" hai0="82,131,63,11,56,31,100,62,42,128,50,92,76" hai1="26,107,41,25,90,47,75,20,36,94,118,88,102" hai2="78,70,106,2,68,5,116,39,85,64,91,0,97" hai3="104,95,37,24,113,69,115,89,66,18,67,40,122"/><V105/><F116/><W61/><G122/><T84/><D31/><U65/><E75/><V119/><F119/><W4/><G104/><T112/><D112/><N who="3" m="43081" /><G4/><T23/><D23/><U52/><E65/><V54/><F78/><W55/><G37/><T117/><D117/><U21/><E52/><V49/><F39/><W59/><G40/><T14/><D92/><U44/><E107/><V28/><F28/><W103/><G103/><T13/><D100/><U22/><E118/><V60/><F70/><W35/><G69/><T80/><D80/><U15/><E102/><V83/><F5/><W108/><G108/><T58/><D13/><U3/><E15/><V32/><F32/><W43/><G43/><T110/><D110/><U72/><E41/><V129/><F129/><W101/><G101/><T16/><D131/><U86/><E36/><V30/><F30/><N who="3" m="19911" /><G18/><T73/><D128/><U71/><E71/><V33/><F33/><W96/><AGARI ba="0,0" hai="55,59,61,66,67,89,95,96" m="19911,43081" machi="96" ten="30,7900,0" yaku="11,1,52,3" doraHai="109" who="3" fromWho="3" sc="259,-20,227,-20,235,-39,279,79" /><INIT seed="3,0,0,4,4,90" ten="239,207,196,358" oya="3" hai0="71,4,19,132,16,82,126,118,6,133,124,79,57" hai1="106,130,114,43,122,26,22,39,123,74,129,112,8" hai2="54,18,127,30,0,116,104,27,125,69,120,56,32" hai3="101,119,94,47,29,95,14,60,62,81,103,109,31"/><W10/><G119/><T115/><D71/><U2/><E106/><V63/><F116/><W3/><G3/><T87/><D118/><U58/><E74/><V44/><F120/><W61/><G109/><T53/><D4/><N who="1" m="1047" /><E58/><V121/><F121/><N who="1" m="46089" /><E43/><V99/><F0/><W12/><G81/><T28/><D6/><U83/><E83/><V110/><F110/><W48/><G103/><T100/><D28/><N who="3" m="10825" /><G101/><T37/><D37/><U128/><E39/><V24/><F69/><W131/><G131/><N who="1" m="33538" /><U55/><DORA hai="70" /><E55/><V88/><F44/><W52/><G14/><T33/><D100/><U46/><E46/><V108/><F108/><W117/><G117/><T91/><D79/><U9/><E9/><V41/><F41/><W49/><G49/><T107/><D107/><U50/><E50/><V77/><F77/><W86/><G86/><T76/><D76/><U36/><E36/><V97/><F104/><W42/><G42/><T75/><D87/><U105/><E105/><V17/><F97/><W45/><G47/><T93/><D75/><U85/><E85/><V7/><F99/><W5/><AGARI ba="0,0" hai="5,10,12,45,48,52,60,61,62,94,95" m="10825" machi="5" ten="30,11700,0" yaku="8,1,52,2,54,1" doraHai="90,70" who="3" fromWho="3" sc="239,-39,207,-39,196,-39,358,117" /><INIT seed="3,1,0,5,0,121" ten="200,168,157,475" oya="3" hai0="129,90,71,86,14,28,51,26,19,110,12,21,134" hai1="74,6,40,135,98,120,7,46,101,27,42,81,99" hai2="85,44,78,69,11,47,76,43,97,80,54,50,95" hai3="32,45,61,31,13,77,108,49,17,24,34,15,123"/><W91/><G123/><T124/><D134/><U132/><E120/><V103/><F69/><W126/><G77/><T122/><D122/><U106/><E27/><V66/><F66/><W60/><G126/><T96/><D124/><U117/><E98/><V37/><F11/><W41/><G34/><T119/><D119/><U82/><E42/><V116/><REACH who="2" step="1"/><F78/><REACH who="2" ten="200,168,147,475" step="2"/><W100/><G61/><T114/><D71/><U130/><E135/><V68/><F68/><W109/><G60/><T131/><D114/><U65/><E65/><V56/><F56/><W36/><G45/><T9/><D129/><U1/><E132/><V59/><F59/><W113/><G113/><T10/><D131/><U88/><E130/><V79/><F79/><W57/><G57/><T72/><D72/><U20/><E74/><V102/><F102/><W92/><G100/><T33/><D9/><U0/><E101/><V87/><F87/><W111/><G91/><T133/><D133/><U125/><E88/><V8/><F8/><W25/><G109/><T107/><D110/><U127/><E46/><V67/><F67/><W118/><G111/><T58/><D90/><U75/><E127/><V105/><F105/><W94/><G108/><T29/><D86/><U55/><E125/><V3/><F3/><W83/><G118/><AGARI ba="1,1" hai="37,43,44,47,50,54,76,80,85,95,97,103,116,118" machi="118" ten="40,2600,0" yaku="1,1,53,1" doraHai="121" doraHaiUra="39" who="2" fromWho="3" sc="200,0,168,0,147,39,475,-29" /><INIT seed="4,0,0,4,1,15" ten="200,168,186,446" oya="0" hai0="55,102,110,42,5,37,58,61,91,133,104,81,76" hai1="77,123,114,12,17,56,1,112,65,40,118,122,2" hai2="134,96,13,132,63,67,75,46,100,72,83,30,94" hai3="105,53,48,113,11,88,21,7,51,80,70,126,47"/><T32/><D110/><U89/><E77/><V10/><F30/><W45/><G70/><T99/><D133/><N who="2" m="51306" /><F83/><W117/><G117/><T124/><D124/><U116/><E40/><V82/><F82/><W0/><G113/><N who="1" m="43626" /><E89/><V25/><F25/><W22/><G105/><T85/><D32/><U29/><E29/><V26/><F26/><W86/><REACH who="3" step="1"/><G126/><REACH who="3" ten="200,168,186,436" step="2"/><T106/><D106/><U18/><E118/><V107/><F107/><W60/><G60/><T43/><D37/><U129/><E116/><V62/><F62/><W4/><G4/><T49/><D5/><U115/><E115/><V90/><F63/><W23/><G23/><T93/><REACH who="0" step="1"/><D61/><REACH who="0" ten="190,168,186,436" step="2"/><N who="1" m="38055" /><E123/><V121/><F121/><W33/><G33/><T64/><D64/><U131/><E122/><V128/><F67/><W74/><G74/><AGARI ba="0,2" hai="42,43,49,55,58,74,76,81,85,91,93,99,102,104" machi="74" ten="30,11600,0" yaku="1,1,7,1,24,2,53,0" doraHai="15" doraHaiUra="69" who="0" fromWho="3" sc="190,136,168,0,186,0,436,-116" /><INIT seed="4,1,0,5,5,44" ten="326,168,186,320" oya="0" hai0="88,10,50,114,20,63,30,55,98,21,56,18,78" hai1="84,118,1,25,36,76,54,121,106,96,82,3,49" hai2="61,130,67,58,112,40,120,129,113,60,66,124,80" hai3="104,83,15,11,24,12,17,69,59,29,111,6,19"/><T115/><D78/><U86/><E36/><V48/><F80/><W46/><G69/><T71/><D10/><U79/><E121/><V16/><F120/><W85/><G104/><T37/><D37/><U62/><E118/><V101/><F101/><W33/><G111/><T42/><D30/><U105/><E62/><N who="2" m="24171" /><F124/><W87/><G59/><T127/><D127/><U9/><E25/><V72/><F72/><W116/><G116/><T28/><D28/><U128/><E128/><N who="2" m="49259" /><F16/><W77/><G87/><T47/><D71/><U27/><E27/><V0/><F0/><W117/><G117/><T35/><D35/><U45/><E9/><V123/><F123/><W133/><G133/><T68/><D68/><U89/><E79/><V107/><F107/><W132/><G132/><T65/><D65/><N who="2" m="24586" /><F40/><W22/><G19/><T100/><D100/><U131/><E131/><V103/><F103/><W108/><G108/><T41/><D41/><U93/><E105/><V7/><F7/><W53/><G33/><T31/><D31/><U73/><E86/><V5/><F5/><W102/><G102/><AGARI ba="1,0" hai="1,3,45,49,54,73,76,82,84,89,93,96,102,106" machi="102" ten="40,5200,0" yaku="24,2,52,1" doraHai="44" who="1" fromWho="3" sc="326,0,168,55,186,0,320,-55" /><INIT seed="5,0,0,0,4,113" ten="326,223,186,265" oya="1" hai0="100,51,131,24,32,78,69,34,75,111,102,15,55" hai1="60,99,107,86,128,73,44,12,126,117,74,54,14" hai2="124,20,59,123,31,87,61,29,48,129,39,9,96" hai3="91,6,90,130,21,115,104,110,85,42,40,62,16"/><U82/><E117/><V80/><F39/><W116/><G110/><T132/><D69/><U11/><E126/><V127/><F123/><W66/><G104/><T19/><D111/><U23/><E128/><V45/><F129/><W43/><G130/><T72/><D132/><U7/><E99/><V125/><F96/><W98/><G115/><T63/><D63/><U3/><E107/><V46/><F9/><W84/><G6/><T13/><D78/><U22/><E3/><V93/><F93/><W71/><G116/><T133/><D133/><U94/><E94/><V119/><F119/><W83/><G98/><T77/><D77/><U10/><E74/><V52/><F20/><W50/><G50/><T135/><D135/><U58/><E44/><V26/><F26/><W79/><REACH who="3" step="1"/><G84/><REACH who="3" ten="326,223,186,255" step="2"/><T67/><D131/><U118/><E118/><V81/><F46/><W68/><G68/><T33/><D75/><U97/><E97/><V27/><F27/><AGARI ba="0,1" hai="16,21,27,40,42,43,62,66,71,79,83,85,90,91" machi="27" ten="40,2600,0" yaku="1,1,54,1,53,0" doraHai="113" doraHaiUra="121" who="3" fromWho="2" sc="326,0,223,0,186,-26,255,36" /><INIT seed="6,0,0,3,1,63" ten="326,223,160,291" oya="2" hai0="94,98,33,126,95,131,42,81,133,80,82,100,119" hai1="46,107,18,48,74,127,31,3,55,114,44,68,52" hai2="135,29,17,87,62,39,26,53,56,30,36,51,84" hai3="125,38,116,113,99,7,13,130,41,75,0,19,91"/><V27/><F135/><W2/><G116/><T60/><D33/><U22/><E3/><V101/><F17/><W85/><G75/><T70/><D42/><U24/><E127/><V93/><F39/><W67/><G125/><T6/><D126/><U54/><E114/><V73/><F73/><W58/><G130/><T61/><D6/><U120/><E107/><V115/><F36/><W110/><G110/><T106/><D119/><U23/><E68/><V118/><F118/><W89/><G41/><T12/><D12/><N who="1" m="9543" /><E74/><V109/><F109/><W50/><G38/><T103/><D131/><U20/><E20/><V25/><F115/><W8/><G99/><T123/><D123/><U77/><E77/><V9/><F9/><W47/><G113/><T5/><D5/><U124/><E124/><V49/><F87/><W40/><G89/><T66/><D133/><U45/><E120/><V128/><F128/><W21/><G0/><T79/><D79/><U134/><E134/><V108/><F108/><W4/><G8/><T97/><D60/><U90/><E90/><N who="2" m="53447" /><F101/><W71/><G2/><T28/><REACH who="0" step="1"/><D28/><AGARI ba="0,0" hai="25,26,27,28,29,30,49,51,53,56,62" m="53447" machi="28" ten="30,1500,0" yaku="8,1" doraHai="63" who="2" fromWho="0" sc="326,-15,223,0,160,15,291,0" /><INIT seed="6,1,0,4,0,126" ten="311,223,175,291" oya="2" hai0="83,60,105,78,35,74,82,7,47,135,45,43,71" hai1="134,96,124,101,34,114,41,11,133,102,12,80,103" hai2="59,13,19,84,112,22,15,93,85,0,44,6,29" hai3="27,36,18,33,26,111,100,86,4,21,9,16,48"/><V54/><F112/><W77/><G36/><T76/><D135/><N who="1" m="51723" /><E34/><V95/><F29/><W25/><G100/><T97/><D35/><U113/><E124/><V39/><F0/><W56/><G111/><T120/><D120/><U127/><E127/><V125/><F125/><W110/><G110/><T64/><D7/><U115/><E41/><V72/><F72/><W30/><G56/><T31/><D31/><U58/><E58/><V99/><F44/><W10/><G48/><T38/><D47/><U42/><E42/><V61/><F39/><W91/><G77/><T90/><D90/><U130/><E80/><V66/><F66/><W81/><G4/><T75/><D97/><U62/><E62/><V122/><F122/><W57/><G57/><T108/><D108/><U118/><E118/><V46/><F46/><W65/><G65/><T50/><D50/><U53/><E53/><V89/><REACH who="2" step="1"/><F95/><REACH who="2" ten="311,223,165,291" step="2"/><W73/><G73/><T5/><D74/><U2/><E2/><V68/><F68/><W109/><G109/><T69/><D69/><U67/><E67/><V17/><F17/><W40/><G40/><T3/><D75/><U94/><E115/><V14/><F14/><W32/><G18/><T128/><D43/><U132/><E114/><V20/><F20/><W51/><G32/><T119/><D38/><U129/><E113/><V8/><AGARI ba="1,1" hai="6,8,13,15,19,22,54,59,61,84,85,89,93,99" machi="8" ten="30,6000,0" yaku="1,1,0,1,8,1,53,0" doraHai="126" doraHaiUra="70" who="2" fromWho="2" sc="311,-21,223,-21,165,73,291,-21" /><INIT seed="6,2,0,2,3,86" ten="290,202,238,270" oya="2" hai0="39,47,74,8,57,98,30,1,35,28,48,100,115" hai1="130,88,91,2,46,107,0,27,34,31,105,109,6" hai2="108,73,63,5,19,128,51,80,60,42,111,71,110" hai3="85,65,127,75,44,84,126,97,101,38,113,43,123"/><V50/><F128/><W103/><G123/><T124/><D124/><N who="3" m="47657" /><G75/><T23/><D74/><U117/><E109/><V112/><F112/><W10/><G65/><T16/><D115/><U102/><E117/><V7/><F19/><W33/><G33/><T104/><D39/><U131/><E46/><N who="2" m="25943" /><F51/><W135/><G135/><T45/><D57/><U79/><E79/><N who="2" m="44143" /><F71/><W95/><G113/><T58/><D35/><U68/><E68/><V89/><F89/><N who="1" m="34377" /><E102/><V81/><F81/><W125/><G125/><T9/><D45/><U54/><E54/><V40/><F40/><W116/><G116/><T64/><D64/><U67/><E67/><V134/><F134/><W70/><G70/><T25/><D58/><U83/><E83/><V118/><F118/><W12/><G103/><T93/><D104/><N who="1" m="40011" /><E6/><AGARI ba="2,0" hai="5,6,7,60,63,108,110,111" m="44143,25943" machi="6" ten="30,1500,0" yaku="10,1" doraHai="86" who="2" fromWho="1" sc="290,0,202,-21,238,21,270,0" /><AGARI ba="2,0" hai="6,10,12,38,43,44,84,85,95,97,101" m="47657" machi="6" ten="30,1000,0" yaku="18,1" doraHai="86" who="3" fromWho="1" sc="290,0,181,-10,259,0,270,10" /><INIT seed="6,3,0,2,2,123" ten="290,171,259,280" oya="2" hai0="71,113,26,65,89,133,111,78,129,128,1,75,44" hai1="15,55,52,83,91,48,36,20,116,11,115,54,46" hai2="37,125,28,100,23,51,107,110,69,56,124,30,17" hai3="132,86,117,14,7,76,114,47,87,31,22,68,62"/><V108/><F69/><W84/><G117/><T33/><D1/><U29/><E36/><V97/><F37/><W32/><G132/><T122/><D122/><U74/><E115/><V106/><F106/><W135/><G135/><T10/><D133/><U60/><E116/><V118/><F118/><W18/><G114/><T109/><D89/><U3/><E3/><V94/><F107/><W21/><G32/><T96/><D10/><U41/><E60/><V104/><F104/><W50/><G7/><T70/><D96/><U16/><E74/><V24/><F56/><W130/><G130/><N who="0" m="50283" /><D44/><U2/><E2/><V103/><F51/><W131/><G62/><N who="0" m="40247" /><D71/><U57/><E57/><V63/><F63/><W81/><G68/><T77/><D113/><U61/><E61/><V19/><F103/><W38/><G131/><T34/><D34/><U39/><E39/><V90/><F90/><W66/><G38/><T98/><D98/><U120/><E120/><V58/><F58/><W59/><G59/><T27/><D27/><N who="1" m="16615" /><E91/><V35/><F17/><W80/><G66/><T72/><D78/><U112/><E112/><V79/><F79/><W99/><G99/><T105/><D105/><U25/><E25/><N who="2" m="14591" /><F30/><W9/><G31/><N who="0" m="19703" /><D77/><U102/><E102/><V88/><F100/><W4/><G76/><T121/><D121/><U53/><N who="1" m="13312" /><DORA hai="82" /><U43/><E83/><N who="3" m="31818" /><G4/><T40/><D72/><U93/><E93/><V67/><F67/><W8/><G8/><T12/><D75/><U119/><E119/><V5/><F5/><W45/><G50/><T92/><D92/><U101/><E101/><RYUUKYOKU ba="3,0" sc="290,-30,171,10,259,10,280,10" hai1="11,15,16,41,43,46,48" hai2="24,28,35,88,94,97,108,110,124,125" hai3="9,14,18,21,22,45,47,84,86,87" /><INIT seed="6,4,0,1,5,61" ten="260,181,269,290" oya="2" hai0="13,21,127,59,111,17,60,65,106,8,131,0,3" hai1="115,2,35,122,86,16,11,29,105,98,30,37,24" hai2="71,58,70,5,25,66,44,28,129,15,123,74,126" hai3="55,73,110,43,51,27,49,22,26,45,108,82,80"/><V42/><F123/><W83/><G73/><T7/><D111/><U75/><E75/><V63/><F129/><W53/><G110/><T132/><D131/><U52/><E122/><V67/><F74/><W36/><G108/><T118/><D106/><U133/><E37/><V134/><F134/><W120/><G120/><T18/><D132/><U97/><E30/><V46/><F126/><W135/><G135/><T39/><D39/><U23/><E133/><V91/><F91/><W1/><G1/><T33/><D33/><U41/><E41/><V32/><F66/><W79/><G79/><T76/><D76/><U48/><E86/><V57/><F57/><W109/><G109/><T100/><D100/><U102/><E115/><V104/><F104/><W119/><G119/><T113/><D113/><U92/><E92/><V84/><F84/><W128/><G128/><T40/><D40/><U88/><E88/><V12/><F46/><N who="3" m="27895" /><G36/><T130/><D130/><U38/><E38/><V81/><F81/><W10/><G43/><T96/><D96/><U124/><E124/><V107/><F107/><W72/><G72/><T112/><D127/><U99/><E2/><V95/><F95/><W103/><G103/><T68/><D112/><U85/><E85/><V78/><F78/><W69/><G80/><T19/><D118/><U117/><E117/><V116/><F116/><W9/><G82/><T94/><D94/><U87/><E87/><V34/><F34/><W89/><G83/><T50/><D0/><U20/><E35/><V56/><F32/><W121/><G121/><T64/><D50/><RYUUKYOKU ba="4,0" sc="260,30,181,-10,269,-10,290,-10" hai0="3,7,8,13,17,18,19,21,59,60,64,65,68" /><INIT seed="7,5,0,2,4,95" ten="290,171,259,280" oya="3" hai0="81,79,42,85,66,5,126,64,1,113,31,65,122" hai1="77,29,18,121,0,72,116,96,82,50,74,17,25" hai2="69,32,89,92,41,78,62,104,22,63,51,56,109" hai3="88,100,36,6,128,44,49,14,119,97,27,106,110"/><W67/><G119/><T127/><D122/><U125/><E121/><V3/><F32/><W13/><G36/><T59/><D42/><U46/><E116/><V40/><F104/><W37/><G37/><T70/><D113/><U87/><E125/><N who="0" m="47625" /><D31/><U120/><E0/><V20/><F3/><W15/><G128/><T19/><D70/><U130/><E130/><V61/><F78/><W9/><G67/><T108/><D108/><U76/><E120/><V23/><F69/><W91/><G27/><T47/><D47/><U124/><E124/><V24/><F24/><W10/><G110/><T21/><D5/><U83/><E87/><N who="2" m="52287" /><F109/><W53/><G14/><N who="0" m="9463" /><D1/><U60/><E60/><AGARI ba="5,0" hai="59,60,64,65,66,79,81,85" m="9463,47625" machi="60" ten="30,1000,0" yaku="18,1" doraHai="95" who="0" fromWho="1" sc="290,25,171,-25,259,0,280,0" owari="315,41.0,146,-35.0,259,-14.0,280,8.0" /></mjloggm>