<mjloggm ver="2.3"><GO type="97" lobby="0"/><UN n0="%74%65%6E%65%72%74%6B" n1="%E5%B7%9D%E6%9D%91%E8%BB%8D%E5%9B%A3%E8%BB%8D%E6%9D%91%E5%B7%9D" n2="%74%61%6E%61%62%61%74%61" n3="%E5%B0%B1%E6%B4%BB%E7%94%9F%40%E5%B7%9D%E6%9D%91%E8%BB%8D%E5%9B%A3" dan="14,14,14,14" rate="1922.27,2085.71,1882.55,1982.35" sx="M,F,M,M"/><TAIKYOKU oya="0"/><INIT seed="0,0,0,2,4,77" ten="250,250,250,250" oya="0" hai0="60,128,55,132,114,57,17,52,24,43,45,113,74" hai1="99,92,70,25,31,21,11,16,15,108,98,86,124" hai2="51,46,71,65,6,73,111,131,103,121,102,4,63" hai3="49,3,116,13,68,53,84,9,59,120,80,90,62"/><T88/><D128/><U83/><E70/><V48/><F131/><W47/><G120/><T91/><D132/><U35/><E108/><V89/><F121/><W29/><G116/><T20/><D74/><U130/><E130/><V40/><F111/><W134/><G134/><T115/><REACH who="0" step="1"/><D55/><REACH who="0" ten="240,250,250,250" step="2"/><U110/><E110/><V44/><F73/><W30/><G3/><T8/><D8/><U37/><E37/><AGARI ba="0,1" hai="17,20,24,37,43,45,52,57,60,88,91,113,114,115" machi="37" ten="40,12000,1" yaku="1,1,54,2,53,1" doraHai="77" doraHaiUra="41" who="0" fromWho="1" sc="240,130,250,-120,250,0,250,0" /><INIT seed="0,1,0,4,0,124" ten="370,130,250,250" oya="0" hai0="20,74,78,26,135,69,95,31,70,2,108,110,53" hai1="86,97,82,45,51,98,12,41,85,100,118,89,94" hai2="55,39,99,43,35,105,33,62,91,34,58,6,29" hai3="120,80,113,130,67,72,4,66,22,134,121,65,92"/><T40/><D135/><U16/><E118/><V63/><F29/><W25/><G113/><T123/><D123/><N who="3" m="47177" /><G134/><T71/><D2/><U44/><E44/><V50/><F6/><W129/><G4/><T75/><D40/><U125/><E125/><V7/><F7/><W52/><G92/><T101/><D78/><U84/><REACH who="1" step="1"/><E98/><REACH who="1" ten="370,120,250,250" step="2"/><V10/><F99/><W119/><G119/><T117/><D117/><U19/><E19/><V104/><F43/><W77/><G52/><T131/><D53/><U88/><E88/><V132/><F55/><W106/><G106/><T127/><D127/><U18/><E18/><AGARI ba="1,1" hai="18,22,25,65,66,67,72,77,80,129,130" m="47177" machi="18" ten="30,3900,0" yaku="13,1,52,2" doraHai="124" who="3" fromWho="1" sc="370,0,120,-42,250,0,250,52" /><INIT seed="1,0,0,5,2,79" ten="370,78,250,302" oya="1" hai0="9,64,123,83,4,70,96,76,127,37,130,3,132" hai1="66,44,129,38,68,52,89,122,30,45,109,90,41" hai2="67,113,34,74,98,80,72,59,14,77,28,128,8" hai3="114,22,42,125,20,106,91,107,17,16,57,102,78"/><U73/><E73/><V35/><F113/><W19/><G114/><T101/><D127/><U21/><E122/><V134/><F134/><W23/><G125/><T60/><D130/><U116/><E116/><V81/><F128/><W18/><G42/><T104/><D132/><U10/><E129/><V108/><F108/><W47/><G47/><T48/><D123/><U121/><E121/><V131/><F131/><W71/><G71/><T69/><D37/><U61/><E109/><V84/><F98/><W97/><G78/><T29/><D29/><U95/><E10/><V88/><F74/><W111/><G111/><T15/><D48/><U62/><E95/><V40/><F40/><W31/><G31/><T87/><D15/><U103/><E103/><V49/><F28/><W85/><G57/><AGARI ba="0,0" hai="3,4,9,57,60,64,69,70,76,83,87,96,101,104" machi="57" ten="30,2000,0" yaku="7,1,52,1" doraHai="79" who="0" fromWho="3" sc="370,20,78,0,250,0,302,-20" /><INIT seed="2,0,0,4,5,100" ten="390,78,250,282" oya="2" hai0="98,106,134,23,131,42,85,38,80,82,6,97,113" hai1="25,92,126,76,107,3,55,135,129,52,58,39,53" hai2="37,50,87,128,40,110,112,35,117,127,69,103,62" hai3="15,17,43,99,46,119,7,130,16,86,102,21,10"/><V1/><RYUUKYOKU type="yao9" ba="0,0" sc="390,0,78,0,250,0,282,0" hai2="1,35,37,40,50,62,69,87,103,110,112,117,127,128" /><INIT seed="2,1,0,2,2,74" ten="390,78,250,282" oya="2" hai0="66,117,90,83,111,3,1,75,21,51,48,23,124" hai1="27,17,131,133,123,62,18,10,126,52,31,37,102" hai2="108,67,42,14,127,11,130,84,99,8,134,65,26" hai3="92,113,125,100,107,28,119,47,46,2,50,12,118"/><V77/><F130/><W39/><G2/><T60/><D111/><U85/><E37/><V68/><F134/><W7/><G107/><T79/><D124/><U128/><E123/><V80/><F127/><W115/><G39/><T93/><D117/><N who="3" m="44553" /><G125/><T25/><D3/><U22/><E102/><V78/><F108/><W43/><G28/><T64/><D1/><U109/><E126/><V36/><F68/><W19/><G7/><T53/><D23/><U16/><E109/><V20/><F99/><N who="3" m="59495" /><G50/><T4/><D4/><U105/><E105/><V121/><F121/><W69/><G69/><T86/><D60/><U45/><E85/><V76/><F36/><W104/><G43/><T33/><D33/><U103/><E103/><V44/><F42/><W132/><G104/><T41/><D41/><U70/><E10/><N who="2" m="3627" /><F44/><W89/><G89/><T24/><D51/><U110/><E110/><V97/><F97/><W40/><G40/><T9/><D9/><U13/><E13/><V112/><F14/><W71/><G71/><T81/><D25/><U61/><E133/><V95/><F95/><W30/><G30/><T101/><D93/><U58/><REACH who="1" step="1"/><E45/><REACH who="1" ten="390,68,250,282" step="2"/><V63/><F112/><N who="3" m="43083" /><G132/><T49/><D101/><U57/><E57/><N who="2" m="37103" /><F67/><AGARI ba="1,1" hai="16,17,18,22,27,31,52,58,61,62,67,70,128,131" machi="67" ten="40,5200,0" yaku="1,1,54,2,53,0" doraHai="74" doraHaiUra="34" who="1" fromWho="2" sc="390,0,68,65,250,-55,282,0" /><INIT seed="3,0,0,1,1,3" ten="390,133,195,282" oya="3" hai0="123,130,70,17,48,84,30,128,39,118,111,83,106" hai1="1,116,6,104,15,134,132,0,131,28,13,77,34" hai2="24,33,29,36,32,52,57,64,124,103,133,115,99" hai3="113,95,16,21,12,105,76,88,125,74,50,117,14"/><W109/><G105/><T20/><D118/><U122/><E104/><V67/><F115/><W10/><G117/><T120/><D39/><U73/><E77/><V7/><F36/><W58/><G113/><T66/><D111/><U85/><E85/><V68/><F133/><N who="1" m="51305" /><E73/><V92/><F124/><W78/><G78/><T56/><D48/><U114/><E114/><V62/><F32/><W101/><G125/><T54/><D20/><U129/><E122/><V25/><F25/><W65/><G101/><T44/><D17/><U63/><E63/><V22/><F33/><W11/><G109/><T87/><D30/><U8/><E116/><V71/><REACH who="2" step="1"/><F7/><REACH who="2" ten="390,133,185,282" step="2"/><N who="3" m="3167" /><G74/><T112/><D54/><U51/><E51/><V40/><F40/><W18/><G76/><T96/><D84/><U110/><E110/><V43/><F43/><W55/><G65/><AGARI ba="0,1" hai="22,24,29,52,57,62,64,65,67,68,71,92,99,103" machi="65" ten="40,2600,0" yaku="1,1,54,1,53,0" doraHai="3" doraHaiUra="4" who="2" fromWho="3" sc="390,0,133,0,185,36,282,-26" owari="390,49.0,133,-37.0,221,-18.0,256,6.0" /></mjloggm>