<mjloggm ver="2.3"><GO type="225" lobby="0"/><UN n0="%64%75%72%72%72%72%72" n1="%45%53%54%69" n2="%E5%B0%B1%E6%B4%BB%E7%94%9F%40%E5%B7%9D%E6%9D%91%E8%BB%8D%E5%9B%A3" n3="%E3%82%BD%E3%83%A9%E3%83%8A%E3%83%83%E3%82%AF%E3%82%B9" dan="16,16,16,16" rate="2106.05,2112.89,2087.07,2058.27" sx="M,M,M,M"/><TAIKYOKU oya="0"/><INIT seed="0,0,0,5,1,3" ten="250,250,250,250" oya="0" hai0="79,32,82,128,28,2,20,16,7,69,8,45,58" hai1="116,90,91,123,93,71,112,55,54,101,52,68,111" hai2="109,131,86,35,41,61,39,25,118,120,48,37,30" hai3="27,127,17,34,88,65,29,66,36,87,46,42,117"/><T19/><D69/><U43/><E116/><V59/><F120/><W21/><G117/><T106/><D106/><U73/><E123/><V80/><F118/><W56/><G56/><T110/><D128/><U98/><E73/><V62/><F131/><W49/><G36/><T72/><D110/><U102/><E111/><V0/><F0/><W4/><G127/><T1/><D1/><U81/><E112/><V40/><F109/><W60/><G60/><T85/><D32/><U134/><E134/><V130/><F130/><W133/><G4/><T103/><D103/><U124/><E124/><V63/><F41/><W18/><G133/><T97/><D97/><U122/><E122/><V76/><REACH who="2" step="1"/><F59/><REACH who="2" ten="250,250,240,250" step="2"/><W9/><G9/><T83/><D58/><U125/><E125/><V10/><F10/><W12/><REACH who="3" step="1"/><G18/><REACH who="3" ten="250,250,240,240" step="2"/><T6/><D6/><U135/><E135/><V105/><F105/><W33/><G33/><T113/><D113/><U94/><E68/><V89/><F89/><W70/><G70/><T67/><D16/><U78/><E71/><V92/><F92/><AGARI ba="0,2" hai="12,17,21,27,29,34,42,46,49,65,66,87,88,92" machi="92" ten="30,7700,0" yaku="1,1,7,1,54,1,53,1" doraHai="3" doraHaiUra="14" who="3" fromWho="2" sc="250,0,250,0,240,-77,240,97" /><INIT seed="1,0,0,2,1,40" ten="250,250,163,337" oya="1" hai0="3,62,117,35,23,133,63,84,17,9,33,87,29" hai1="6,121,74,107,88,51,14,60,97,11,82,38,123" hai2="130,91,131,24,54,111,134,98,71,18,76,108,34" hai3="26,21,58,68,102,2,39,126,122,105,30,49,13"/><U53/><E38/><V42/><F71/><W89/><G39/><T135/><D117/><U66/><E74/><V57/><F76/><W119/><G2/><T93/><D29/><U70/><E107/><V4/><F42/><W65/><G122/><T69/><D9/><U125/><E125/><V45/><F4/><W128/><G126/><T132/><D3/><U115/><E115/><V85/><F98/><W56/><G128/><N who="2" m="49193" /><F134/><W109/><G109/><N who="2" m="42057" /><F34/><N who="0" m="12810" /><D93/><U19/><E6/><V22/><F45/><W81/><G81/><T36/><D36/><U16/><E97/><V32/><F32/><W28/><G58/><T5/><D5/><U59/><REACH who="1" step="1"/><E19/><REACH who="1" ten="250,240,163,337" step="2"/><V101/><F101/><W61/><G119/><T92/><D135/><U27/><E27/><V90/><F85/><AGARI ba="0,1" hai="11,14,16,51,53,59,60,66,70,82,85,88,121,123" machi="85" ten="40,7700,0" yaku="1,1,54,2,53,0" doraHai="40" doraHaiUra="37" who="1" fromWho="2" sc="250,0,240,87,163,-77,337,0" /><INIT seed="1,1,0,5,2,118" ten="250,327,86,337" oya="1" hai0="71,91,25,126,48,36,35,30,75,22,134,1,92" hai1="4,51,42,3,43,115,63,65,59,27,103,9,56" hai2="33,11,121,104,6,100,29,117,116,32,88,84,13" hai3="87,10,130,101,15,90,58,93,20,83,66,37,49"/><U125/><E115/><V18/><F104/><W0/><G37/><T129/><D36/><U109/><E125/><V95/><F100/><W120/><G120/><T41/><D71/><U114/><E114/><V40/><F40/><W26/><G130/><T86/><D75/><U44/><E109/><V76/><F76/><W80/><G0/><T133/><D126/><U111/><E111/><V73/><F73/><W54/><G66/><T135/><D1/><U57/><E103/><V46/><F121/><W105/><G105/><T96/><D129/><U81/><E43/><V12/><F46/><W128/><G101/><T79/><D41/><U17/><E81/><V78/><F78/><W82/><G128/><T107/><D48/><U55/><E55/><V102/><F102/><W94/><G94/><T60/><D60/><U132/><E132/><V113/><F113/><W69/><G69/><T53/><D53/><U50/><E50/><V21/><REACH who="2" step="1"/><F29/><REACH who="2" ten="250,327,76,337" step="2"/><N who="3" m="17607" /><G83/><N who="0" m="47487" /><D107/><U24/><E42/><V110/><F110/><W45/><G45/><T47/><D47/><U112/><E44/><V131/><F131/><W119/><G119/><AGARI ba="1,1" hai="6,11,12,13,18,21,32,33,84,88,95,116,117,119" machi="119" ten="40,2600,0" yaku="1,1,54,1,53,0" doraHai="118" doraHaiUra="39" who="2" fromWho="3" sc="250,0,327,0,76,39,337,-29" /><INIT seed="2,0,0,2,0,88" ten="250,327,115,308" oya="2" hai0="48,92,26,20,31,80,115,84,108,63,110,68,66" hai1="98,74,106,130,4,69,60,0,22,47,125,135,2" hai2="29,23,122,105,128,93,124,75,10,53,79,5,86" hai3="38,116,112,24,100,95,97,96,81,15,134,52,120"/><V132/><F105/><W55/><G116/><T72/><D72/><U34/><E74/><V57/><F122/><W117/><G120/><T131/><D115/><U87/><E4/><V103/><F75/><W133/><G117/><T82/><D131/><U21/><E130/><V54/><F124/><W8/><G38/><T61/><D61/><U36/><E87/><V30/><F128/><W58/><G112/><T76/><D80/><U3/><E22/><V37/><F37/><W39/><G39/><T101/><D48/><U90/><E21/><V127/><F127/><W64/><G81/><T102/><REACH who="0" step="1"/><D92/><REACH who="0" ten="240,327,115,308" step="2"/><U42/><E60/><N who="2" m="35887" /><F132/><W28/><G133/><T109/><AGARI ba="0,1" hai="20,26,31,63,66,68,76,82,84,101,102,108,109,110" machi="109" ten="30,7900,0" yaku="1,1,0,1,14,1,53,1" doraHai="88" doraHaiUra="19" who="0" fromWho="0" sc="240,89,327,-20,115,-39,308,-20" /><INIT seed="3,0,0,0,2,69" ten="329,307,76,288" oya="3" hai0="19,106,122,127,88,112,102,94,43,103,133,27,64" hai1="35,134,12,128,57,6,93,84,22,15,32,73,10" hai2="33,100,98,60,26,114,31,82,50,63,120,44,79" hai3="67,81,25,71,124,65,29,14,80,2,61,115,111"/><W91/><G2/><T86/><D122/><U4/><E73/><V72/><F120/><W99/><G115/><T55/><D106/><U87/><E134/><V46/><F46/><W75/><G67/><T90/><D133/><U30/><E128/><V121/><F121/><W41/><G75/><T54/><D112/><U89/><E57/><V17/><F114/><W108/><G41/><T7/><D7/><U101/><E101/><N who="0" m="38409" /><D127/><U96/><E35/><V97/><F97/><W5/><G124/><T0/><D0/><U36/><E36/><V118/><F17/><W131/><G131/><T107/><D107/><U56/><E32/><V24/><F118/><W66/><G66/><T109/><D109/><N who="3" m="42057" /><G99/><N who="0" m="57799" /><D43/><U116/><E116/><V78/><F79/><W105/><G105/><T48/><D64/><U3/><E3/><V83/><F82/><W28/><G91/><T113/><D113/><U13/><E4/><V132/><F132/><W110/><N who="3" m="42065" /><W59/><DORA hai="129" /><G71/><T8/><D48/><U125/><E125/><V74/><F74/><W21/><G29/><T20/><D8/><AGARI ba="0,0" hai="5,8,14,21,25,28,59,61,65,80,81" m="42065" machi="8" ten="40,3900,0" yaku="14,1,10,1" doraHai="69,129" who="3" fromWho="0" sc="329,-39,307,0,76,0,288,39" owari="290,-11.0,307,11.0,76,-42.0,327,42.0" /></mjloggm>