<mjloggm ver="2.3"><GO type="97" lobby="0"/><UN n0="%E5%B0%B1%E6%B4%BB%E7%94%9F%40%E5%B7%9D%E6%9D%91%E8%BB%8D%E5%9B%A3" n1="%E7%8E%89%E6%9D%91%E8%B1%86%E8%85%90" n2="%E3%82%8C%E3%82%8C%E3%82%8C" n3="%E8%B5%A4%E3%81%AE%E6%B4%9E%E7%AA%9F" dan="15,14,13,15" rate="2036.56,1955.97,1832.53,2011.74" sx="M,M,M,M"/><TAIKYOKU oya="0"/><BYE who="2" /><UN n2="%E3%82%8C%E3%82%8C%E3%82%8C" /><INIT seed="0,0,0,2,5,106" ten="250,250,250,250" oya="0" hai0="87,14,25,112,23,31,46,84,52,33,27,18,125" hai1="115,108,116,130,135,88,111,105,78,65,66,90,113" hai2="60,4,132,103,76,83,69,127,49,67,95,96,21" hai3="53,41,61,124,122,1,107,80,37,32,8,57,47"/><T86/><D112/><N who="1" m="43083" /><E105/><V26/><F26/><BYE who="2" /><UN n2="%E3%82%8C%E3%82%8C%E3%82%8C" /><W128/><G107/><T45/><D125/><U12/><E116/><V73/><F73/><W51/><BYE who="2" /><G124/><UN n2="%E3%82%8C%E3%82%8C%E3%82%8C" /><T11/><REACH who="0" step="1"/><D52/><REACH who="0" ten="240,250,250,250" step="2"/><U5/><E130/><V118/><F118/><W7/><BYE who="2" /><G128/><UN n2="%E3%82%8C%E3%82%8C%E3%82%8C" /><T93/><D93/><U117/><E117/><V77/><F77/><W2/><BYE who="2" /><G122/><T44/><D44/><U75/><E135/><V79/><F79/><W0/><G32/><T92/><D92/><U20/><E66/><V109/><F109/><N who="1" m="42057" /><E65/><V19/><F19/><AGARI ba="0,1" hai="11,14,18,19,23,25,27,31,33,45,46,84,86,87" machi="19" ten="40,7700,0" yaku="1,1,53,2" doraHai="106" doraHaiUra="15" who="0" fromWho="2" sc="240,87,250,0,250,-77,250,0" /><INIT seed="0,1,0,1,3,107" ten="327,250,173,250" oya="0" hai0="38,108,47,35,36,59,67,81,124,39,10,29,25" hai1="63,62,2,77,61,96,121,120,18,110,125,97,102" hai2="46,65,27,72,30,82,41,118,1,131,92,126,105" hai3="115,50,111,99,43,55,9,37,57,112,51,54,133"/><T3/><D124/><U114/><E2/><V31/><F31/><W24/><G133/><T58/><D108/><U49/><E125/><V80/><F80/><W7/><G111/><T83/><D47/><U0/><E0/><V52/><F52/><W79/><G79/><T71/><D71/><U56/><E110/><V119/><F119/><W135/><G135/><T34/><D67/><U12/><E77/><V94/><F94/><W48/><G99/><T76/><D35/><U116/><E114/><V53/><F53/><W64/><G24/><T117/><D83/><U19/><E116/><V11/><F11/><W84/><G84/><T6/><REACH who="0" step="1"/><D117/><REACH who="0" ten="317,250,173,250" step="2"/><U32/><E32/><V132/><F132/><W78/><G112/><T60/><D60/><U98/><E102/><V129/><F129/><W75/><G115/><T45/><D45/><U69/><E69/><V130/><F130/><W103/><G64/><T134/><D134/><U104/><E104/><V89/><F89/><W16/><G57/><T101/><D101/><U68/><E68/><V73/><F73/><AGARI ba="1,1" hai="3,6,10,25,29,34,36,38,39,58,59,73,76,81" machi="73" ten="40,3900,0" yaku="1,1,52,1,53,0" doraHai="107" doraHaiUra="86" who="0" fromWho="2" sc="317,52,250,0,173,-42,250,0" /><INIT seed="0,2,0,4,1,14" ten="369,250,131,250" oya="0" hai0="99,105,121,26,59,8,107,84,116,31,0,61,125" hai1="38,12,29,23,17,68,117,76,110,28,78,85,20" hai2="70,120,41,18,108,74,58,124,56,134,39,119,103" hai3="60,86,15,111,42,135,45,16,7,80,65,4,94"/><T72/><D121/><U71/><E38/><V50/><F50/><N who="3" m="26935" /><G111/><T11/><D72/><U100/><E100/><V123/><F123/><W21/><G135/><T51/><D116/><U95/><E110/><V93/><F93/><W131/><G131/><T104/><D125/><U53/><E117/><V62/><F62/><W128/><G128/><T115/><D115/><U44/><E71/><V69/><F69/><W9/><G94/><T83/><D99/><U88/><E68/><V34/><F34/><W114/><G114/><T129/><D51/><N who="1" m="28903" /><E29/><V35/><F35/><W79/><G21/><T73/><D73/><U13/><E13/><V46/><F46/><W57/><AGARI ba="2,0" hai="4,7,9,15,16,57,60,65,79,80,86" m="26935" machi="57" ten="30,4000,0" yaku="8,1,52,1,54,1" doraHai="14" who="3" fromWho="3" sc="369,-22,250,-12,131,-12,250,46" /><INIT seed="1,0,0,2,5,124" ten="347,238,119,296" oya="1" hai0="58,109,6,113,37,2,91,123,106,41,79,75,52" hai1="88,11,80,38,16,21,111,126,84,50,102,46,105" hai2="61,70,77,97,74,115,48,104,78,81,42,56,22" hai3="135,5,14,4,57,86,72,40,45,62,132,85,13"/><U69/><E69/><V64/><F64/><W34/><G34/><T133/><D113/><U65/><E38/><V49/><F49/><N who="3" m="26791" /><G72/><T117/><D106/><U99/><E65/><V43/><F43/><W125/><G125/><T103/><D117/><U134/><E126/><V1/><F1/><W8/><G135/><T96/><D123/><U71/><E71/><V32/><F32/><W93/><G93/><T128/><D109/><U121/><E121/><V119/><F119/><W55/><G132/><T107/><D133/><U101/><E101/><V54/><F54/><W3/><G3/><T18/><D91/><U27/><E134/><V28/><F28/><W120/><G120/><T15/><D79/><U10/><REACH who="1" step="1"/><E111/><REACH who="1" ten="347,228,119,296" step="2"/><V44/><F44/><W95/><G95/><T94/><D37/><U33/><E33/><V98/><F98/><W9/><AGARI ba="0,1" hai="4,5,8,9,13,14,55,57,62,85,86" m="26791" machi="9" ten="30,1100,0" yaku="8,1" doraHai="124" who="3" fromWho="3" sc="347,-3,228,-5,119,-3,296,21" /><INIT seed="2,0,0,3,2,100" ten="344,223,116,317" oya="2" hai0="78,21,86,49,52,82,113,125,32,134,90,123,25" hai1="0,89,80,87,39,109,31,40,68,7,122,66,20" hai2="28,69,27,91,1,121,130,2,65,79,17,98,124" hai3="33,46,88,115,35,42,12,48,102,133,103,9,75"/><V6/><F6/><W96/><G75/><T126/><D123/><U71/><E109/><V99/><F99/><W116/><G116/><T129/><D113/><U58/><E122/><V94/><F94/><N who="3" m="56391" /><G35/><T104/><D104/><U47/><E7/><V93/><F93/><W3/><G33/><T44/><D32/><U19/><E0/><V51/><F51/><W22/><G3/><T64/><D64/><U16/><E19/><V5/><F5/><N who="3" m="3119" /><G133/><T43/><D129/><U41/><E31/><V55/><F55/><W59/><G115/><T135/><D43/><U112/><E41/><V11/><F11/><W30/><G59/><T13/><D13/><U128/><E128/><V15/><F15/><W118/><G118/><T72/><D78/><U62/><E112/><V4/><F4/><W70/><G70/><T53/><D53/><U14/><AGARI ba="0,0" hai="14,16,20,39,40,47,58,62,66,68,71,80,87,89" machi="14" ten="20,2700,0" yaku="0,1,7,1,54,1" doraHai="100" who="1" fromWho="1" sc="344,-7,223,27,116,-13,317,-7" /><INIT seed="3,0,0,5,5,20" ten="337,250,103,310" oya="3" hai0="43,42,118,0,74,130,48,44,34,1,15,78,79" hai1="98,128,100,53,51,22,88,107,99,67,63,93,106" hai2="59,28,14,55,105,86,119,81,97,46,39,33,122" hai3="38,95,24,127,65,80,111,7,47,57,89,102,125"/><W75/><G111/><T52/><D34/><U114/><E114/><V50/><F50/><W35/><G7/><T10/><D118/><U58/><E128/><V129/><F129/><W30/><G102/><T21/><D130/><U126/><E126/><N who="3" m="48138" /><G75/><T17/><D74/><U3/><E3/><V82/><F82/><W115/><G80/><T37/><D1/><U68/><REACH who="1" step="1"/><E22/><REACH who="1" ten="337,240,103,310" step="2"/><V94/><F94/><AGARI ba="0,1" hai="51,53,58,63,67,68,88,93,94,98,99,100,106,107" machi="94" ten="30,7700,0" yaku="1,1,2,1,7,1,54,1,53,0" doraHai="20" doraHaiUra="121" who="1" fromWho="2" sc="337,0,240,87,103,-77,310,0" owari="337,43.0,327,13.0,26,-47.0,310,-9.0" /></mjloggm>