<mjloggm ver="2.3"><GO type="225" lobby="0"/><UN n0="%73%68%6F%6B%6F%6C%61%32" n1="%E3%83%88%E3%83%88%E3%83%AA%E5%85%88%E7%94%9F%31%39%E6%AD%B3" n2="%E4%B8%87%E8%83%BD%E3%81%AD%E3%81%8E" n3="%53%65%6E%61%72" dan="16,18,16,17" rate="2057.44,2256.96,2048.72,2134.78" sx="M,F,M,M"/><TAIKYOKU oya="0"/><INIT seed="0,0,0,3,3,117" ten="250,250,250,250" oya="0" hai0="13,76,44,56,92,10,62,88,101,41,129,55,77" hai1="124,133,127,37,107,52,89,29,42,38,85,58,4" hai2="43,11,86,95,79,3,34,98,125,114,8,65,93" hai3="1,2,128,61,48,60,17,18,116,105,59,64,20"/><T130/><D101/><U99/><E133/><V57/><F34/><W5/><G116/><T115/><D115/><U81/><E29/><V49/><F3/><W97/><G128/><T45/><D130/><U87/><E4/><V12/><F125/><N who="1" m="48201" /><E42/><V9/><F114/><W0/><G5/><T110/><D110/><U113/><E113/><V24/><F24/><W35/><G35/><T91/><D129/><U27/><E27/><V119/><F119/><W82/><G48/><N who="0" m="26671" /><D44/><U112/><E112/><V39/><F39/><W7/><G7/><N who="0" m="3295" /><D91/><N who="1" m="51631" /><E99/><AGARI ba="0,0" hai="55,56,62,76,77,88,92,99" m="3295,26671" machi="99" ten="30,2900,0" yaku="8,1,54,1" doraHai="117" who="0" fromWho="1" sc="250,29,250,-29,250,0,250,0" /><INIT seed="0,1,0,3,0,2" ten="279,221,250,250" oya="0" hai0="57,37,119,103,18,114,15,85,82,50,35,68,47" hai1="29,8,127,14,124,22,60,113,130,55,0,79,107" hai2="123,26,74,43,31,12,73,94,67,7,16,65,66" hai3="76,63,58,80,126,24,30,131,25,84,70,128,108"/><T116/><D68/><U19/><E107/><V41/><F123/><W132/><G108/><T11/><D35/><U59/><E130/><N who="3" m="49706" /><G70/><T100/><D114/><U135/><E113/><V98/><F7/><W4/><G126/><N who="1" m="48170" /><E135/><V52/><F52/><N who="3" m="34247" /><G132/><T87/><D37/><U42/><E42/><V88/><F43/><W106/><G106/><T5/><D57/><U93/><E79/><V91/><F91/><W10/><G30/><T78/><D87/><U115/><E115/><V125/><F41/><W111/><G111/><T17/><D119/><U46/><E46/><V39/><F39/><W1/><AGARI ba="1,0" hai="1,4,10,24,25,76,80,84" m="34247,49706" machi="1" ten="30,4000,0" yaku="19,1,52,1,54,1" doraHai="2" who="3" fromWho="3" sc="279,-21,221,-11,250,-11,250,43" /><INIT seed="1,0,0,2,5,109" ten="258,210,239,293" oya="1" hai0="18,107,23,20,82,62,98,99,60,42,103,55,43" hai1="61,135,45,105,83,48,114,94,87,106,41,51,1" hai2="123,66,129,56,3,121,134,11,111,124,90,29,117" hai3="19,74,47,32,97,115,76,17,70,93,100,40,27"/><U26/><E1/><V101/><F101/><W75/><G70/><T125/><D125/><U71/><E135/><V44/><F124/><W52/><G115/><T67/><D82/><U72/><E72/><V46/><F134/><W91/><G75/><T21/><D55/><U119/><E119/><V8/><F111/><W133/><G133/><T95/><D18/><U80/><E114/><V6/><F117/><W39/><G76/><T89/><REACH who="0" step="1"/><D62/><REACH who="0" ten="248,210,239,293" step="2"/><U110/><E110/><V84/><F129/><W118/><G118/><T86/><D86/><U102/><E83/><V79/><F123/><W54/><G74/><T30/><D30/><U65/><E80/><V24/><F121/><W127/><G127/><T81/><D81/><U131/><E131/><V35/><F79/><W9/><G19/><T15/><D15/><U73/><E73/><V92/><F11/><W36/><G9/><T58/><AGARI ba="0,1" hai="20,21,23,42,43,58,60,67,89,95,98,99,103,107" machi="58" ten="30,2000,0" yaku="1,1,0,1,53,0" doraHai="109" doraHaiUra="77" who="0" fromWho="0" sc="248,30,210,-10,239,-5,293,-5" /><INIT seed="2,0,0,4,0,16" ten="278,200,234,288" oya="2" hai0="98,0,114,54,87,26,10,62,42,102,19,18,106" hai1="27,21,99,120,112,115,109,88,70,79,95,60,129" hai2="3,116,31,47,25,127,75,11,92,76,68,53,122" hai3="22,71,125,132,49,4,29,126,9,5,89,118,36"/><V66/><F122/><W64/><G36/><T57/><D114/><U44/><E120/><V43/><F116/><W97/><G118/><T117/><D117/><U133/><E109/><V39/><F53/><W110/><G110/><T100/><D42/><U58/><E70/><V7/><F92/><N who="3" m="56463" /><G49/><T105/><D0/><U82/><E129/><V37/><F127/><N who="3" m="48651" /><G9/><T2/><D2/><U103/><E133/><V85/><F85/><W83/><G83/><T8/><D87/><U41/><E103/><V59/><F37/><W101/><G101/><T15/><D100/><U46/><E82/><N who="2" m="45343" /><F59/><W91/><G91/><T1/><D1/><U134/><E79/><V86/><F86/><W40/><G40/><T12/><D26/><U113/><E134/><V14/><F68/><W65/><G132/><T74/><D74/><U38/><E46/><V69/><F69/><W45/><G45/><T123/><REACH who="0" step="1"/><D123/><REACH who="0" ten="268,200,234,288" step="2"/><U33/><E33/><N who="2" m="20719" /><F14/><W24/><G71/><T28/><D28/><U107/><E107/><AGARI ba="0,1" hai="8,10,12,15,18,19,54,57,62,98,102,105,106,107" machi="107" ten="30,3900,0" yaku="1,1,7,1,9,1,53,0" doraHai="16" doraHaiUra="30" who="0" fromWho="1" sc="268,49,200,-39,234,0,288,0" /><INIT seed="3,0,0,2,0,29" ten="317,161,234,288" oya="3" hai0="86,62,7,95,48,128,25,24,125,54,4,21,104" hai1="16,134,15,132,63,51,53,87,111,83,36,50,3" hai2="113,2,81,114,45,116,56,89,93,102,49,70,27" hai3="79,41,76,127,20,26,90,60,39,18,103,75,94"/><W122/><G122/><T14/><D104/><U124/><E36/><V82/><F89/><W55/><G103/><T5/><D128/><U99/><E3/><V109/><F109/><W100/><G100/><T69/><D125/><U22/><E124/><V110/><F82/><W57/><G75/><T19/><D62/><U64/><E111/><V123/><F56/><W80/><G80/><T12/><D69/><U115/><E115/><V8/><F27/><W13/><G127/><T31/><D14/><U6/><E99/><V33/><F8/><N who="3" m="6439" /><G41/><T30/><D30/><U98/><E98/><V23/><F49/><W105/><G105/><T38/><D38/><U121/><E6/><V85/><F45/><W129/><G129/><T59/><D31/><U43/><E43/><V84/><F23/><W71/><G71/><T44/><D44/><U96/><E96/><V106/><F85/><N who="3" m="52559" /><G39/><T135/><D135/><U119/><E119/><V34/><F84/><W1/><G1/><T68/><D68/><U72/><E72/><V9/><F116/><W117/><G117/><T130/><D130/><U101/><E101/><V32/><F102/><W65/><G65/><T28/><D28/><AGARI ba="0,0" hai="20,26,28,55,57,60,76,79" m="52559,6439" machi="28" ten="30,1500,0" yaku="8,1" doraHai="29" who="3" fromWho="0" sc="317,-15,161,0,234,0,288,15" owari="302,10.0,161,-34.0,234,-17.0,303,41.0" /></mjloggm>