<mjloggm ver="2.3"><GO type="97" lobby="0"/><UN n0="%E3%81%B2%E3%82%8D%E3%82%86%E3%81%8D%EF%BD%83%EF%BD%83%EF%BD%83" n1="%68%61%6E%65%79%75%6D%61" n2="%E7%8C%AB%E5%85%88%E8%BC%A9" n3="%E5%B0%B1%E6%B4%BB%E7%94%9F%40%E5%B7%9D%E6%9D%91%E8%BB%8D%E5%9B%A3" dan="15,13,14,15" rate="1939.12,1892.77,1919.78,2093.21" sx="M,M,M,M"/><TAIKYOKU oya="0"/><INIT seed="0,0,0,0,4,126" ten="250,250,250,250" oya="0" hai0="118,78,111,101,134,131,48,112,125,54,123,26,115" hai1="95,94,91,103,133,89,33,66,56,124,127,76,71" hai2="99,97,4,16,47,27,90,30,105,15,98,2,57" hai3="18,93,14,3,52,74,92,45,120,53,32,0,117"/><T100/><D26/><U122/><E71/><V12/><F105/><W121/><G74/><T70/><D70/><U130/><E33/><V104/><F104/><W114/><G32/><T24/><D24/><U17/><E122/><N who="3" m="47210" /><G114/><N who="0" m="43563" /><D123/><U102/><E17/><V88/><F57/><W41/><G117/><T83/><D118/><U51/><E76/><V107/><F107/><W10/><G93/><N who="1" m="35338" /><E51/><V50/><F2/><N who="3" m="555" /><G92/><T86/><D125/><N who="1" m="48203" /><E56/><V77/><F77/><W43/><G43/><T116/><D116/><U25/><E66/><V64/><F64/><W42/><G42/><T5/><D5/><U40/><E25/><V59/><F59/><W61/><G61/><T65/><D54/><U79/><E40/><N who="2" m="24935" /><F4/><W68/><G68/><T129/><D48/><AGARI ba="0,0" hai="10,14,18,41,45,48,52,53" m="555,47210" machi="48" ten="30,2000,0" yaku="13,1,54,1" doraHai="126" who="3" fromWho="0" sc="250,-20,250,0,250,0,250,20" /><INIT seed="1,0,0,1,1,98" ten="230,250,250,270" oya="1" hai0="53,135,18,99,32,49,74,95,26,21,31,65,110" hai1="97,70,9,30,57,112,106,132,43,96,89,46,87" hai2="54,75,130,83,105,56,35,134,44,103,19,64,84" hai3="58,14,115,25,78,71,93,82,27,133,125,117,0"/><U16/><E112/><V80/><F75/><W7/><G71/><T61/><D110/><U100/><E70/><V17/><F35/><W1/><G115/><T111/><D135/><U109/><E132/><V50/><F134/><W59/><G117/><T90/><D74/><U73/><E73/><V52/><F130/><W77/><G125/><T67/><D111/><U85/><E109/><V48/><F64/><W104/><G104/><T12/><D61/><U127/><E30/><V2/><F2/><W107/><G107/><T118/><D118/><U63/><E127/><V6/><F6/><W76/><G133/><T124/><D124/><U29/><E29/><V37/><F37/><W28/><G93/><T33/><D33/><U79/><E79/><V23/><F23/><W120/><G120/><T72/><D72/><U13/><E96/><V20/><F20/><W128/><G82/><T47/><AGARI ba="0,0" hai="12,18,21,26,31,32,47,49,53,65,67,90,95,99" machi="47" ten="20,1500,0" yaku="0,1,7,1" doraHai="98" who="0" fromWho="0" sc="230,15,250,-7,250,-4,270,-4" /><INIT seed="2,0,0,1,1,120" ten="245,243,246,266" oya="2" hai0="2,57,34,117,111,24,30,126,107,21,35,94,52" hai1="23,33,95,119,22,118,97,88,61,109,60,102,110" hai2="121,86,38,74,105,18,127,63,55,70,56,82,123" hai3="15,14,66,43,10,7,6,9,47,77,133,13,108"/><V59/><F105/><W5/><G133/><T51/><D107/><U20/><E33/><V49/><F74/><W128/><G128/><T0/><D126/><U99/><E61/><V92/><F92/><W16/><G77/><T3/><D117/><U50/><E60/><V8/><F38/><W54/><G66/><T79/><D79/><U129/><E129/><V96/><F70/><W85/><G108/><N who="1" m="41578" /><E50/><V26/><F96/><W116/><G116/><T48/><D111/><U69/><E69/><V101/><F101/><W58/><G85/><T90/><REACH who="0" step="1"/><D51/><REACH who="0" ten="235,243,246,266" step="2"/><U68/><E68/><V78/><F127/><W115/><G115/><T40/><D40/><U112/><E112/><V100/><F123/><W67/><G43/><T4/><D4/><U106/><AGARI ba="0,1" hai="20,22,23,88,95,97,99,102,106,118,119" m="41578" machi="106" ten="30,8000,1" yaku="14,1,52,3,54,1" doraHai="120" who="1" fromWho="1" sc="235,-20,243,90,246,-40,266,-20" /><INIT seed="3,0,0,5,1,60" ten="215,333,206,246" oya="3" hai0="43,127,41,76,132,119,83,123,102,7,128,52,11" hai1="79,3,20,106,131,133,81,21,51,38,59,42,80" hai2="54,19,2,96,71,104,125,118,27,86,8,9,88" hai3="121,48,68,15,67,36,111,69,34,44,113,94,29"/><W114/><G36/><T124/><D123/><U109/><E106/><V47/><F71/><W22/><G121/><T85/><D119/><U40/><E3/><V134/><F118/><W129/><G34/><T73/><D128/><U45/><E131/><V75/><F75/><W17/><G129/><T116/><D116/><U98/><E133/><V39/><F134/><W105/><G105/><T13/><D132/><U135/><E135/><V99/><F125/><N who="0" m="48202" /><D102/><U6/><E6/><V107/><F107/><W103/><G29/><T53/><D73/><U82/><E109/><V46/><F104/><W89/><G111/><T61/><D61/><U10/><E10/><V74/><F74/><W14/><G103/><T24/><D24/><U70/><E70/><V55/><F39/><W112/><G15/><T49/><D43/><N who="1" m="25023" /><E38/><V100/><F100/><W108/><G108/><T65/><D65/><U30/><E79/><V1/><F1/><W57/><G67/><T115/><D115/><U37/><E98/><N who="2" m="37419" /><F2/><W23/><G69/><T97/><D97/><U90/><E37/><V58/><F27/><W50/><G68/><T126/><N who="0" m="48210" /><T31/><DORA hai="91" /><D31/><U18/><E30/><V62/><F54/><N who="3" m="31943" /><G114/><T16/><D16/><U64/><E90/><V87/><F87/><N who="3" m="52543" /><G113/><T63/><D63/><N who="1" m="38015" /><E18/><V26/><F26/><W93/><G112/><T122/><D122/><U5/><E5/><V35/><F35/><W117/><G117/><T84/><D84/><U25/><E25/><V130/><F130/><W12/><G17/><T92/><D92/><U66/><E66/><V32/><F32/><RYUUKYOKU ba="0,0" sc="215,15,333,15,206,-15,246,-15" hai0="7,11,13,41,49,52,53,76,83,85" hai1="20,21,40,42,80,81,82" owari="230,-17.0,348,45.0,191,-31.0,231,3.0" /></mjloggm>