<mjloggm ver="2.3"><GO type="97" lobby="0"/><UN n0="%E3%82%BF%E3%83%B3%E3%83%9D%E3%83%B3%E2%98%86" n1="%E3%83%AD%E3%83%9C%E3%82%B3%E3%83%97" n2="%E3%83%99%E3%83%9B%E3%82%A4%E3%83%9F" n3="%E5%B0%B1%E6%B4%BB%E7%94%9F%40%E5%B7%9D%E6%9D%91%E8%BB%8D%E5%9B%A3" dan="14,14,14,14" rate="1998.80,1938.93,1929.72,2015.71" sx="F,M,M,M"/><TAIKYOKU oya="0"/><INIT seed="0,0,0,1,3,0" ten="250,250,250,250" oya="0" hai0="38,76,23,29,69,82,135,32,80,77,60,100,103" hai1="51,49,120,37,109,110,126,134,26,18,89,98,83" hai2="4,9,43,132,53,133,107,36,62,128,119,55,131" hai3="70,90,115,85,33,99,130,7,41,122,13,71,91"/><T11/><D135/><N who="2" m="51786" /><F107/><W88/><G33/><T123/><D123/><U58/><E134/><V16/><F119/><W28/><G115/><T104/><D32/><U30/><E120/><V108/><F108/><N who="1" m="41577" /><E37/><V50/><F36/><W75/><G122/><T27/><D38/><U63/><E18/><V52/><F62/><W39/><G130/><N who="2" m="49705" /><F16/><W118/><G75/><T67/><D11/><U101/><E63/><V81/><F81/><W22/><G118/><T95/><D104/><U21/><E83/><V114/><F114/><W34/><G34/><T72/><REACH who="0" step="1"/><D95/><REACH who="0" ten="240,250,250,250" step="2"/><U93/><E93/><V106/><F106/><W78/><G39/><T84/><AGARI ba="0,1" hai="23,27,29,60,67,69,72,76,77,80,82,84,100,103" machi="84" ten="20,12000,1" yaku="1,1,2,1,0,1,7,1,53,1" doraHai="0" doraHaiUra="17" who="0" fromWho="0" sc="240,130,250,-40,250,-40,250,-40" /><INIT seed="0,1,0,2,3,21" ten="370,210,210,210" oya="0" hai0="87,103,62,116,113,58,4,60,40,44,86,126,94" hai1="56,88,118,27,84,1,42,81,16,108,80,110,95" hai2="28,83,82,63,85,67,100,131,98,38,13,6,18" hai3="125,46,128,97,132,96,90,109,12,121,8,57,133"/><T127/><D113/><U2/><E118/><V102/><F131/><W50/><G121/><T99/><D116/><U129/><E129/><V91/><F38/><W78/><G128/><T31/><D4/><U41/><E56/><V24/><F6/><W79/><G125/><N who="0" m="47627" /><D31/><U117/><E117/><V39/><F39/><W26/><G109/><N who="1" m="42090" /><E81/><V30/><F30/><W120/><G57/><T17/><D17/><U43/><E80/><V19/><F82/><W134/><G120/><T20/><D20/><AGARI ba="1,0" hai="1,2,16,20,27,41,42,43,84,88,95" m="42090" machi="20" ten="30,7700,0" yaku="14,1,52,1,54,2" doraHai="21" who="1" fromWho="0" sc="370,-80,210,80,210,0,210,0" /><INIT seed="1,0,0,4,1,22" ten="290,290,210,210" oya="1" hai0="28,115,33,10,109,106,44,84,121,119,135,101,34" hai1="59,41,129,32,35,75,36,21,125,88,31,104,99" hai2="6,38,85,19,133,90,86,43,49,16,17,97,77" hai3="107,118,100,63,94,114,76,108,60,87,89,120,103"/><U124/><E75/><V122/><F122/><W117/><G120/><T95/><D121/><U25/><E59/><V56/><F38/><W24/><G114/><T111/><D115/><U50/><E36/><V47/><F133/><W92/><G108/><N who="0" m="41547" /><D119/><N who="3" m="45577" /><G76/><T58/><D135/><U30/><E30/><V27/><F6/><W102/><G107/><T54/><D106/><U51/><E129/><V9/><F9/><W61/><G24/><N who="0" m="18567" /><D34/><N who="1" m="12843" /><E41/><V69/><F69/><W29/><G29/><T62/><D10/><U131/><E131/><V0/><F0/><W93/><AGARI ba="0,0" hai="60,61,63,87,89,92,93,94,100,102,103" m="45577" machi="93" ten="40,1500,0" yaku="12,1" doraHai="22" who="3" fromWho="3" sc="290,-4,290,-7,210,-4,210,15" /><INIT seed="2,0,0,5,2,29" ten="286,283,206,225" oya="2" hai0="35,106,5,112,28,99,110,125,2,15,34,38,14" hai1="107,71,27,84,103,68,59,7,46,23,93,9,50" hai2="42,98,83,74,47,10,97,85,133,126,123,26,116" hai3="73,64,96,43,19,75,127,1,20,128,100,53,45"/><V121/><F116/><W49/><G1/><T130/><D38/><U132/><E107/><V104/><F74/><W81/><G127/><T51/><D51/><U8/><E132/><V18/><F133/><W109/><G109/><T87/><D87/><U102/><E71/><V70/><F70/><W111/><G111/><T119/><D110/><U37/><E68/><V63/><F126/><W122/><G122/><T89/><D125/><U131/><E37/><V32/><F104/><W31/><G31/><T94/><D106/><U4/><E131/><V11/><F123/><W92/><G128/><T124/><D124/><U135/><E59/><V101/><F121/><W77/><G64/><T108/><D108/><U120/><E120/><V65/><F65/><W88/><G75/><T57/><D130/><U90/><E135/><V17/><F63/><W67/><G67/><T3/><D112/><U118/><E118/><V62/><F62/><W52/><REACH who="3" step="1"/><G100/><REACH who="3" ten="286,283,206,215" step="2"/><T60/><D119/><U82/><E102/><V86/><F101/><W117/><G117/><T95/><D2/><U113/><E103/><V0/><F0/><W78/><G78/><T16/><D3/><U30/><E113/><V55/><F32/><W40/><G40/><T12/><D28/><U33/><E33/><V48/><F42/><W24/><AGARI ba="0,1" hai="19,20,24,43,45,49,52,53,73,77,81,88,92,96" machi="24" ten="20,12000,2" yaku="1,1,0,1,7,1,54,2,53,1" doraHai="29" doraHaiUra="91" who="3" fromWho="3" sc="286,-30,283,-30,206,-60,215,130" /><INIT seed="3,0,0,3,0,31" ten="256,253,146,345" oya="3" hai0="14,42,39,112,98,48,133,38,69,5,19,33,26" hai1="53,6,100,13,68,64,66,18,16,90,8,121,85" hai2="67,55,102,95,29,103,56,115,11,49,127,126,21" hai3="62,4,15,57,32,76,60,75,89,110,135,94,86"/><W44/><G32/><T125/><D69/><U123/><E100/><V82/><F115/><W106/><G106/><T41/><D112/><U2/><E53/><V114/><F114/><W22/><G135/><T80/><D133/><U81/><E18/><V20/><F127/><W73/><G110/><T101/><D125/><U63/><REACH who="1" step="1"/><E66/><REACH who="1" ten="256,243,146,345" step="2"/><V131/><F126/><W59/><G4/><T27/><D5/><U24/><E24/><V36/><F131/><W72/><G44/><T70/><D70/><U105/><E105/><V99/><F36/><W25/><G25/><T84/><D39/><U40/><E40/><V107/><F67/><W23/><G62/><T97/><D38/><U104/><E104/><V51/><F107/><W124/><G60/><T7/><D7/><U0/><E0/><V88/><F11/><AGARI ba="0,1" hai="2,6,8,11,13,16,63,64,68,81,85,90,121,123" machi="11" ten="30,3900,0" yaku="1,1,7,1,54,1,53,0" doraHai="31" doraHaiUra="43" who="1" fromWho="2" sc="256,0,243,49,146,-39,345,0" owari="256,-14.0,292,9.0,107,-39.0,345,44.0" /></mjloggm>