<mjloggm ver="2.3"><GO type="225" lobby="0"/><UN n0="%E3%81%BF%E3%81%A3%E3%81%A4%E3%81%83%EF%BD%9E" n1="%E3%83%89%E3%83%A9%E3%83%AD%E3%83%B3%E3%83%80%E3%82%A4%E3%83%B4" n2="%4D%61%6D%65%2D%79%61" n3="%E3%83%88%E3%83%88%E3%83%AA%E5%85%88%E7%94%9F%31%39%E6%AD%B3" dan="18,16,16,17" rate="2238.81,2110.76,2130.31,2125.93" sx="F,M,M,F"/><TAIKYOKU oya="0"/><INIT seed="0,0,0,3,4,50" ten="250,250,250,250" oya="0" hai0="3,14,124,20,34,65,92,109,36,70,29,133,98" hai1="18,128,102,45,22,80,49,101,2,79,42,17,71" hai2="131,7,72,10,30,126,90,63,38,134,8,118,123" hai3="89,125,33,51,4,44,6,66,37,35,52,40,103"/><T106/><D3/><U67/><E128/><V55/><F72/><W15/><G125/><T59/><D70/><U117/><E117/><V13/><F38/><W24/><G103/><T23/><D106/><U16/><E2/><V93/><F123/><W83/><G66/><T1/><D36/><U122/><E122/><V68/><F131/><W12/><G35/><T129/><D1/><U75/><REACH who="1" step="1"/><E22/><REACH who="1" ten="250,240,250,250" step="2"/><V46/><F118/><W11/><G33/><T64/><D34/><U97/><E97/><V85/><F126/><W135/><G135/><T61/><D124/><U5/><E5/><V32/><F134/><W27/><G4/><T115/><D129/><U57/><E57/><V48/><F68/><W31/><G31/><T53/><D133/><U121/><E121/><V43/><F30/><W58/><REACH who="3" step="1"/><G12/><REACH who="3" ten="250,240,250,240" step="2"/><T78/><D29/><U21/><E21/><V56/><F32/><W110/><G110/><T112/><D109/><U73/><E73/><V100/><F10/><W76/><G76/><T127/><D78/><U116/><E116/><V111/><F111/><W28/><G28/><T87/><D127/><U91/><E91/><V107/><F100/><W41/><G41/><T104/><D23/><U120/><E120/><V19/><F7/><W9/><G9/><T82/><D20/><U99/><E99/><V74/><F74/><W47/><G47/><T60/><D14/><U62/><AGARI ba="0,2" hai="16,17,18,42,45,49,62,67,71,75,79,80,101,102" machi="62" ten="30,4000,0" yaku="1,1,0,1,54,1,53,0" doraHai="50" doraHaiUra="132" who="1" fromWho="1" sc="250,-20,240,60,250,-10,240,-10" /><INIT seed="1,0,0,4,1,15" ten="230,300,240,230" oya="1" hai0="104,102,77,63,84,48,93,68,59,43,79,40,36" hai1="10,7,29,132,58,5,128,115,53,23,111,18,19" hai2="44,110,75,120,8,17,91,39,100,50,114,76,87" hai3="2,116,130,112,47,80,21,4,12,70,126,99,38"/><U56/><E115/><V37/><F120/><W65/><G112/><T32/><D32/><U49/><E128/><V105/><F114/><W95/><G116/><T131/><D43/><U122/><E122/><V83/><F110/><W118/><G118/><T89/><D131/><U108/><E132/><V107/><F107/><W101/><G130/><T113/><D102/><U92/><E29/><V61/><F61/><W64/><G70/><T85/><D104/><U103/><E58/><V42/><F8/><W81/><G2/><T26/><D85/><U121/><E121/><V106/><F106/><W67/><G126/><T11/><D36/><U71/><E71/><V109/><F17/><N who="1" m="6153" /><E23/><V3/><F3/><W86/><G21/><T98/><D68/><U69/><E69/><V46/><F46/><W35/><G35/><T16/><D113/><U78/><E78/><V45/><F45/><W82/><G47/><N who="0" m="25703" /><D11/><U28/><E28/><V129/><F129/><W41/><G38/><T117/><D117/><U135/><E135/><V74/><F74/><W6/><G41/><T54/><D79/><U90/><E103/><V73/><F73/><W1/><G1/><T9/><D77/><U31/><E31/><V72/><F72/><W52/><G6/><N who="1" m="2058" /><E10/><V34/><F34/><W14/><G4/><T133/><D133/><U119/><E119/><V60/><F37/><W13/><REACH who="3" step="1"/><G52/><REACH who="3" ten="230,300,240,220" step="2"/><N who="0" m="34279" /><D9/><U24/><E108/><V30/><F109/><W25/><G25/><T0/><D0/><U127/><E111/><V134/><F134/><W51/><G51/><T125/><D54/><U88/><E24/><RYUUKYOKU ba="0,1" sc="230,-10,300,-10,240,-10,220,30" hai3="12,13,14,64,65,67,80,81,82,86,95,99,101" /><INIT seed="2,1,1,4,4,7" ten="220,290,230,250" oya="2" hai0="6,90,58,85,64,66,76,107,65,117,51,3,131" hai1="38,25,39,14,5,9,63,123,35,88,124,20,37" hai2="29,135,99,45,120,55,22,69,48,17,82,86,92" hai3="30,70,125,83,18,60,118,23,133,104,41,103,42"/><V109/><F120/><W100/><G118/><T4/><D107/><U16/><E123/><V134/><F69/><W114/><G133/><N who="2" m="50697" /><F29/><W31/><G125/><T33/><D33/><U74/><E74/><V28/><F28/><N who="3" m="10795" /><G70/><T50/><D131/><U59/><E124/><V126/><F126/><W47/><G104/><T34/><D34/><U81/><E35/><V40/><F109/><W52/><G114/><T54/><D117/><U36/><E36/><V122/><F122/><W26/><G83/><T94/><D3/><U2/><E81/><V1/><F1/><W73/><G73/><T24/><D76/><U101/><E101/><N who="3" m="38986" /><G47/><T12/><D24/><U105/><E105/><V57/><F99/><W121/><G121/><T77/><D77/><U98/><E98/><V91/><F82/><W93/><G93/><T62/><REACH who="0" step="1"/><D6/><REACH who="0" ten="210,290,230,250" step="2"/><U15/><REACH who="1" step="1"/><E88/><REACH who="1" ten="210,280,230,250" step="2"/><V79/><F79/><W53/><G60/><T89/><D89/><U21/><E21/><V44/><F22/><W115/><G115/><T84/><D84/><U56/><E56/><V110/><F86/><W75/><G75/><T19/><D19/><U87/><E87/><V111/><F17/><W27/><G27/><T102/><D102/><U132/><E132/><V128/><F128/><W96/><G96/><T108/><D108/><U119/><E119/><V10/><F110/><W112/><G112/><T72/><D72/><U95/><E95/><V129/><F111/><W130/><G130/><T49/><D49/><U61/><E61/><N who="2" m="36031" /><F129/><W97/><G97/><T127/><D127/><U8/><E8/><AGARI ba="1,3" hai="4,8,12,50,51,54,58,62,64,65,66,85,90,94" machi="8" ten="40,5200,0" yaku="1,1,8,1,52,1,53,0" doraHai="7" doraHaiUra="116" who="0" fromWho="1" sc="210,85,280,-55,230,0,250,0" /><INIT seed="3,0,0,0,2,115" ten="295,225,230,250" oya="3" hai0="80,53,119,118,99,127,13,29,79,103,96,108,12" hai1="28,22,61,77,132,84,59,135,76,47,78,34,36" hai2="75,125,70,126,94,5,6,63,67,25,52,98,42" hai3="120,95,82,21,100,9,11,39,113,87,121,68,71"/><W124/><G113/><T16/><D13/><U54/><E34/><V7/><F75/><W46/><G124/><N who="2" m="47721" /><F42/><W85/><G21/><T48/><D127/><U55/><E28/><V88/><F25/><W117/><G95/><T130/><D29/><U102/><E102/><V90/><F52/><W27/><G100/><AGARI ba="0,0" hai="5,6,7,63,67,70,88,90,94,98,100" m="47721" machi="100" ten="30,2000,0" yaku="18,1,54,1" doraHai="115" who="2" fromWho="3" sc="295,0,225,0,230,20,250,-20" /><INIT seed="4,0,0,0,0,82" ten="295,225,250,230" oya="0" hai0="120,18,88,119,111,47,50,121,89,32,1,130,51" hai1="17,126,61,131,124,2,3,48,16,6,49,73,37" hai2="97,13,71,102,70,114,132,33,76,87,74,23,56" hai3="31,95,86,41,62,135,65,45,34,125,123,91,84"/><T59/><D119/><U58/><E37/><V122/><F122/><W0/><G123/><T29/><D1/><N who="1" m="11" /><E73/><V5/><F33/><W118/><G118/><T60/><D32/><U103/><E6/><V90/><F74/><W92/><G0/><T108/><D29/><U54/><E131/><V26/><F76/><W112/><G112/><T20/><D130/><U28/><E28/><V129/><F114/><W27/><G135/><T11/><D11/><U69/><E103/><V38/><F132/><W128/><G128/><T99/><D121/><U14/><E69/><V127/><F38/><W4/><G4/><T117/><D117/><U85/><E85/><V67/><F129/><W52/><G125/><N who="1" m="48234" /><E17/><V12/><F5/><W98/><G95/><N who="0" m="56807" /><D120/><U113/><E113/><V109/><F70/><W75/><G75/><T10/><D111/><U105/><E105/><V22/><F71/><W66/><G86/><T55/><D108/><U110/><E110/><V15/><F109/><W106/><G98/><T72/><D72/><U44/><E44/><V46/><F46/><W93/><G93/><T83/><D47/><U101/><E101/><V9/><F127/><W64/><G106/><T68/><D68/><U43/><E43/><V35/><F97/><W78/><G78/><T39/><D39/><U134/><E134/><V100/><F35/><W63/><G41/><T116/><D116/><U104/><E104/><V107/><F107/><W24/><G24/><N who="0" m="14359" /><D10/><AGARI ba="0,0" hai="10,14,16,48,49,54,58,61" m="48234,11" machi="10" ten="30,2000,0" yaku="18,1,54,1" doraHai="82" who="1" fromWho="0" sc="295,-20,225,20,250,0,230,0" /><INIT seed="5,0,0,0,0,115" ten="275,245,250,230" oya="1" hai0="106,89,19,66,79,133,39,31,55,35,60,123,67" hai1="24,4,72,59,69,84,14,50,100,57,51,7,80" hai2="58,75,129,99,76,116,15,10,61,48,25,53,95" hai3="108,62,128,132,121,63,118,36,134,27,88,131,110"/><U47/><E69/><V12/><F129/><N who="3" m="49739" /><G121/><T30/><D106/><U3/><E3/><V130/><F130/><W122/><G122/><T120/><D39/><U17/><E72/><V71/><F25/><W64/><G36/><T78/><D35/><U16/><E100/><V92/><F15/><W109/><G27/><T20/><D133/><N who="3" m="51305" /><G118/><T94/><D123/><U107/><E107/><V38/><F38/><W91/><G63/><T86/><D55/><N who="1" m="31999" /><E59/><AGARI ba="0,0" hai="59,62,64,88,91,108,109,110" m="51305,49739" machi="59" ten="40,5200,0" yaku="19,1,20,1,54,1" doraHai="115" who="3" fromWho="1" sc="275,0,245,-52,250,0,230,52" /><INIT seed="6,0,0,4,1,97" ten="275,193,250,282" oya="2" hai0="34,90,6,55,39,4,85,29,25,28,26,69,8" hai1="51,68,111,71,27,33,24,1,99,37,19,118,70" hai2="81,58,116,119,75,79,41,49,105,108,67,31,16" hai3="127,14,87,95,86,54,104,76,21,5,84,117,3"/><V107/><F31/><W59/><G117/><T65/><D39/><U48/><E37/><V44/><F108/><W109/><G104/><T83/><D55/><U40/><E111/><V123/><F123/><W103/><G109/><T88/><D90/><U15/><E1/><V82/><F105/><W80/><G127/><T132/><D132/><U113/><E118/><V56/><F107/><W72/><G3/><T7/><D65/><U22/><E113/><V0/><F0/><W60/><G5/><T45/><D45/><U74/><E74/><V135/><F135/><W78/><G72/><T112/><D112/><U134/><E134/><V102/><F82/><W23/><G14/><T47/><D47/><U96/><E33/><V130/><F130/><W129/><G129/><T43/><D43/><U53/><E40/><V38/><F102/><W106/><G106/><T11/><REACH who="0" step="1"/><D69/><REACH who="0" ten="265,193,250,282" step="2"/><U125/><E125/><V124/><F124/><W64/><G64/><T100/><D100/><U20/><E48/><V2/><F67/><W17/><G103/><T114/><D114/><U131/><E131/><V77/><F49/><W62/><G62/><T126/><D126/><U10/><E51/><V128/><F128/><W13/><G78/><T61/><D61/><U66/><E66/><V94/><F79/><W36/><G36/><T46/><D46/><U120/><E53/><V91/><F116/><W121/><G121/><T42/><D42/><U12/><E120/><V30/><F119/><W98/><G76/><T93/><D93/><U52/><E52/><V50/><F38/><W57/><G54/><RYUUKYOKU ba="0,1" sc="265,30,193,-10,250,-10,282,-10" hai0="4,6,7,8,11,25,26,28,29,34,83,85,88" /><INIT seed="7,1,1,4,4,119" ten="295,183,240,272" oya="3" hai0="27,88,22,103,25,45,51,82,58,7,75,53,123" hai1="80,11,130,134,50,89,9,59,38,52,24,29,115" hai2="71,67,85,26,39,56,127,91,107,99,84,10,124" hai3="74,125,102,109,93,118,92,101,36,43,112,128,4"/><W23/><G118/><T30/><D123/><U133/><E38/><V65/><F39/><W120/><G120/><T44/><D75/><U13/><E115/><V42/><F71/><W20/><G112/><T46/><D7/><U14/><E130/><V83/><F42/><W135/><G74/><T41/><D103/><N who="3" m="39433" /><G4/><T104/><D104/><U68/><E68/><V57/><F107/><W81/><G135/><T32/><D82/><U122/><E122/><V15/><F99/><W19/><G81/><T100/><D88/><U131/><E131/><V95/><F26/><W90/><G43/><T60/><D100/><U108/><E108/><V63/><F124/><W34/><G36/><T126/><D126/><U33/><E13/><V69/><F127/><W97/><G34/><T129/><D129/><U40/><E40/><V79/><REACH who="2" step="1"/><F67/><REACH who="2" ten="295,183,230,272" step="2"/><W87/><G125/><T61/><D41/><U111/><E111/><V117/><F117/><W76/><G109/><T5/><D27/><U55/><E55/><V121/><F121/><W98/><G98/><T12/><D32/><U3/><E3/><V72/><F72/><W114/><G128/><T35/><D35/><U28/><E28/><V116/><F116/><W54/><G54/><T77/><D30/><U37/><E37/><V1/><F1/><W48/><G114/><T106/><D25/><U2/><E2/><V66/><F66/><W70/><G97/><T31/><D106/><U73/><E73/><V8/><F8/><N who="1" m="3145" /><E14/><V0/><F0/><W17/><G70/><T110/><D12/><U105/><E105/><V21/><F21/><RYUUKYOKU ba="1,2" sc="295,-15,183,15,230,15,272,-15" hai1="24,29,33,50,52,59,80,89,133,134" hai2="10,15,56,57,63,65,69,79,83,84,85,91,95" owari="300,39.0,198,-30.0,245,-15.0,257,6.0" /></mjloggm>