<mjloggm ver="2.3"><GO type="169" lobby="0"/><UN n0="%E7%9B%97%E8%B3%8A%E3%81%AC%E3%81%93" n1="%E3%81%93%E3%81%AE%E3%81%8D%E3%83%BC" n2="%45%6C%67%69%6E%31%32%33" n3="%E3%82%A6%E3%83%AB%E3%83%88%E3%83%A9%E7%AB%8B%E7%9B%B4" dan="16,18,16,17" rate="2055.84,2206.16,2094.24,2128.46" sx="M,M,M,M"/><TAIKYOKU oya="0"/><INIT seed="0,0,0,4,3,107" ten="250,250,250,250" oya="0" hai0="125,38,133,94,24,135,5,45,43,40,118,32,7" hai1="13,42,47,50,87,72,21,19,48,92,101,103,115" hai2="67,8,46,95,90,35,111,62,84,126,70,61,41" hai3="86,89,16,102,0,59,120,26,69,128,27,76,9"/><T110/><D118/><U122/><E122/><V91/><F126/><W29/><G120/><T11/><D125/><U106/><E106/><V28/><F111/><W14/><G69/><T66/><D110/><U79/><E115/><V98/><F61/><W56/><G128/><T81/><D66/><U97/><E72/><V31/><F35/><W93/><G0/><T131/><D131/><U49/><E103/><V116/><F116/><W104/><G76/><T20/><D32/><U64/><E64/><V73/><F8/><W54/><G29/><T58/><D40/><U39/><E87/><V112/><F112/><W10/><G10/><T105/><D105/><U121/><E79/><V2/><F2/><W15/><G15/><T4/><D58/><U23/><E23/><V33/><F33/><W113/><G113/><T60/><D60/><U127/><E127/><V17/><F17/><W3/><G3/><T12/><D94/><U88/><E101/><V78/><F78/><W119/><G119/><T63/><D81/><U53/><REACH who="1" step="1"/><E121/><REACH who="1" ten="250,240,250,250" step="2"/><V57/><F73/><W71/><G102/><T134/><REACH who="0" step="1"/><D63/><REACH who="0" ten="240,240,250,250" step="2"/><U25/><E25/><V99/><F70/><W52/><G104/><T77/><D77/><U6/><E6/><V109/><F109/><W68/><G68/><T100/><D100/><U129/><E129/><V85/><F99/><W55/><G71/><T132/><N who="0" m="33792" /><DORA hai="108" /><T75/><D75/><U65/><E65/><V1/><F98/><W74/><G74/><T51/><D51/><U44/><AGARI ba="0,2" hai="13,19,21,39,42,44,47,48,49,50,53,88,92,97" machi="44" ten="20,8000,1" yaku="1,1,0,1,7,1,54,1,53,1" doraHai="107,108" doraHaiUra="130,37" who="1" fromWho="1" sc="240,-40,240,100,250,-20,250,-20" /><INIT seed="1,0,0,0,3,20" ten="200,340,230,230" oya="1" hai0="43,132,56,54,108,51,36,66,44,85,105,2,104" hai1="114,61,50,12,46,124,45,70,6,65,58,1,17" hai2="59,23,10,113,31,77,49,48,80,40,87,128,67" hai3="135,64,19,18,24,117,115,125,96,38,28,109,22"/><U63/><E114/><V99/><F113/><W25/><G38/><T21/><D2/><U29/><E124/><V111/><F111/><W81/><G115/><T119/><D119/><U14/><E29/><V126/><F126/><W118/><G125/><T116/><D116/><N who="3" m="44649" /><G109/><T34/><D34/><U121/><E121/><V72/><F128/><W91/><G135/><T74/><D74/><U112/><E1/><V35/><F35/><N who="3" m="20871" /><G64/><T9/><D9/><U57/><E70/><V30/><F10/><W78/><G96/><T76/><D132/><U102/><E102/><V110/><F110/><W130/><G130/><T0/><D0/><U84/><E6/><V55/><F67/><W82/><G91/><T26/><D108/><U101/><E101/><V92/><F72/><N who="3" m="43207" /><G82/><T32/><D32/><U62/><E65/><V79/><F79/><W4/><G4/><T5/><D5/><U60/><E84/><V11/><F11/><W107/><G107/><T16/><D76/><U52/><E112/><V123/><F123/><W95/><G95/><T83/><D85/><U131/><E131/><V53/><F40/><W90/><G90/><T134/><D83/><U100/><E100/><N who="2" m="60519" /><F23/><W7/><G7/><T39/><D134/><U41/><E41/><V94/><F94/><W37/><G37/><T103/><D36/><U42/><E42/><V97/><F97/><W122/><G122/><T69/><D103/><U13/><E17/><AGARI ba="0,0" hai="17,18,19,22,25" m="43207,20871,44649" machi="17" ten="30,3900,0" yaku="12,1,52,2" doraHai="20" who="3" fromWho="1" sc="200,0,340,-39,230,0,230,39" /><INIT seed="2,0,0,3,0,48" ten="200,301,230,269" oya="2" hai0="62,31,78,117,110,119,85,102,98,28,38,44,9" hai1="106,118,21,30,49,97,15,41,109,101,130,82,120" hai2="103,14,20,17,70,33,73,2,24,3,100,79,59" hai3="99,71,129,128,35,107,25,89,53,90,111,54,83"/><V93/><F70/><W5/><G5/><T12/><D110/><U66/><E118/><N who="0" m="45065" /><D62/><U91/><E120/><V50/><F103/><N who="3" m="62975" /><G71/><T108/><D108/><U63/><E130/><N who="3" m="50282" /><G111/><T121/><D121/><U29/><E109/><V88/><F100/><W77/><G90/><T22/><D22/><U4/><E91/><V27/><F79/><W69/><G89/><T133/><D133/><U39/><E39/><V76/><F76/><W60/><G60/><T45/><D85/><U67/><E82/><V95/><F95/><W114/><G69/><T134/><D78/><U61/><E61/><V86/><F73/><N who="3" m="43439" /><G114/><T94/><D134/><U135/><E135/><V96/><F96/><W0/><G0/><N who="2" m="41" /><F33/><W58/><G58/><T26/><D38/><U51/><E67/><V10/><F10/><W23/><G35/><N who="0" m="20887" /><D31/><AGARI ba="0,0" hai="23,25,31,53,54" m="43439,50282,62975" machi="31" ten="30,3900,0" yaku="19,1,52,2" doraHai="48" who="3" fromWho="0" sc="200,-39,301,0,230,0,269,39" /><INIT seed="3,0,0,1,1,66" ten="161,301,230,308" oya="3" hai0="61,132,88,62,30,5,74,101,40,35,26,110,21" hai1="65,71,94,125,31,89,93,119,109,60,42,8,43" hai2="92,37,34,128,78,48,112,99,70,3,75,12,57" hai3="134,83,118,117,29,103,135,79,85,64,4,105,96"/><W45/><G29/><T111/><D74/><U127/><E109/><N who="0" m="41481" /><D101/><U7/><E31/><V24/><F3/><W73/><G4/><T76/><D76/><U87/><E94/><V55/><F37/><W63/><G45/><T2/><D40/><U49/><E119/><V80/><F112/><W27/><G27/><T108/><N who="0" m="41489" /><T129/><DORA hai="106" /><D129/><U68/><E68/><V130/><F34/><W133/><REACH who="3" step="1"/><G85/><REACH who="3" ten="161,301,230,298" step="2"/><T15/><D132/><U126/><E7/><V123/><F24/><W84/><G84/><T131/><D131/><N who="2" m="50218" /><F123/><W116/><G116/><T25/><D2/><U81/><E87/><V13/><F70/><AGARI ba="0,1" hai="63,64,70,73,79,83,96,103,105,117,118,133,134,135" machi="70" ten="40,18000,2" yaku="1,1,20,1,23,2,52,2,53,0" doraHai="66,106" doraHaiUra="22,20" who="3" fromWho="2" sc="161,0,301,0,230,-180,298,190" /><INIT seed="3,1,0,0,4,7" ten="161,301,50,488" oya="3" hai0="74,41,129,112,32,76,133,101,127,55,18,69,90" hai1="102,53,70,59,43,116,81,9,107,111,96,50,92" hai2="15,24,40,86,2,37,22,78,89,4,29,14,3" hai3="132,17,46,72,80,67,120,36,30,13,109,21,25"/><W113/><G120/><T121/><D55/><U135/><E70/><V93/><F78/><W79/><G113/><T77/><D90/><U5/><E111/><V12/><REACH who="2" step="1"/><F4/><REACH who="2" ten="161,301,40,488" step="2"/><W130/><G109/><T97/><D77/><U110/><E5/><V44/><AGARI ba="1,1" hai="2,3,12,14,15,22,24,29,37,40,44,86,89,93" machi="44" ten="30,4000,0" yaku="1,1,2,1,0,1,53,0" doraHai="7" doraHaiUra="99" who="2" fromWho="2" sc="161,-11,301,-11,40,53,488,-21" /><INIT seed="4,0,0,5,2,92" ten="150,290,93,467" oya="0" hai0="13,63,122,111,26,16,79,1,15,22,54,2,87" hai1="75,68,123,135,57,83,46,105,36,117,44,14,7" hai2="69,25,84,73,32,98,0,100,11,124,60,102,67" hai3="74,29,5,62,93,112,130,89,104,101,77,120,45"/><T70/><D122/><U80/><E68/><V64/><F73/><W72/><G29/><T3/><D111/><U19/><E105/><N who="2" m="63639" /><F67/><W35/><G35/><T96/><D96/><U88/><E7/><N who="2" m="1511" /><F84/><W103/><G5/><T121/><D121/><U106/><E135/><V66/><F66/><W91/><G112/><T97/><D97/><U126/><E126/><V95/><F102/><W82/><G130/><T38/><D38/><U131/><E117/><V34/><F95/><W61/><G45/><T55/><D70/><U108/><E106/><V51/><F51/><W109/><G61/><T94/><D63/><U23/><E75/><V58/><F58/><W33/><G62/><T128/><D128/><U50/><E36/><V47/><F47/><W78/><G33/><N who="2" m="12905" /><F25/><W10/><G120/><T119/><D119/><U53/><E123/><V86/><F86/><W21/><G72/><T27/><D27/><U31/><E31/><V116/><F116/><W9/><G74/><T90/><REACH who="0" step="1"/><D79/><REACH who="0" ten="140,290,93,467" step="2"/><U52/><E108/><V76/><F76/><W81/><G77/><T110/><D110/><U48/><E131/><V65/><F64/><W59/><G78/><T20/><D20/><U71/><E71/><V43/><F43/><W125/><G21/><T40/><D40/><N who="1" m="24583" /><E88/><V56/><F56/><W113/><G91/><T118/><D118/><U18/><E23/><V17/><F17/><W12/><G89/><T85/><D85/><U30/><E19/><V4/><F4/><W133/><G109/><T114/><D114/><U49/><E30/><V37/><F37/><W132/><G113/><RYUUKYOKU ba="0,1" sc="140,10,290,10,93,10,467,-30" hai0="1,2,3,13,15,16,22,26,54,55,87,90,94" hai1="14,18,46,49,50,52,53,57,80,83" hai2="60,65,69,124" /><INIT seed="4,1,1,5,4,55" ten="150,300,103,437" oya="0" hai0="132,14,102,116,37,68,99,71,91,123,112,61,11" hai1="29,97,92,87,50,108,75,82,47,89,107,59,113" hai2="34,52,121,118,56,78,45,48,106,21,105,10,128" hai3="83,66,62,125,36,119,8,6,32,0,60,127,93"/><T109/><D116/><U53/><E108/><V19/><F118/><W131/><G36/><T81/><D123/><U22/><E113/><V120/><F34/><W39/><G39/><T114/><D37/><U86/><E75/><V44/><F121/><W90/><G32/><T85/><D109/><U9/><E107/><V23/><F120/><W100/><G119/><T73/><D73/><U79/><E9/><V80/><F128/><W20/><G100/><T27/><D27/><N who="1" m="16631" /><E87/><N who="2" m="48535" /><F106/><W110/><G83/><T64/><D71/><U31/><E31/><V18/><F105/><W65/><G20/><N who="2" m="7753" /><F10/><W122/><G110/><T7/><REACH who="0" step="1"/><D132/><REACH who="0" ten="140,300,103,437" step="2"/><U38/><E38/><V76/><F76/><W5/><G122/><T24/><D24/><U3/><E3/><V17/><AGARI ba="1,2" hai="17,18,19,44,45,48,52,56" m="7753,48535" machi="17" ten="30,4000,0" yaku="8,1,52,1,54,1" doraHai="55" who="2" fromWho="2" sc="140,-21,300,-11,103,63,437,-11" /><INIT seed="5,0,0,2,1,24" ten="119,289,166,426" oya="1" hai0="52,89,62,95,45,13,27,100,92,4,58,39,124" hai1="18,28,35,63,99,30,67,70,65,5,86,129,109" hai2="41,121,17,81,69,20,105,47,134,42,10,114,76" hai3="123,53,32,91,127,68,98,83,36,31,132,12,106"/><U56/><E129/><V131/><F121/><W101/><G36/><T135/><D124/><U118/><E118/><V104/><F131/><W6/><G123/><T119/><D119/><U113/><E35/><V38/><F134/><W60/><G132/><T49/><D135/><U7/><E113/><V64/><F114/><W16/><G6/><N who="1" m="2058" /><E70/><V112/><F112/><W46/><G46/><T2/><D2/><U25/><E109/><V88/><F10/><W97/><G53/><T21/><D39/><U122/><E122/><V116/><F116/><W59/><G59/><T84/><D13/><U128/><E67/><V126/><F126/><W44/><G44/><T102/><D92/><U61/><E61/><V54/><F42/><W111/><G111/><T107/><D4/><U96/><E86/><V19/><F19/><W34/><G60/><T3/><D107/><U74/><E74/><V75/><F54/><W37/><G34/><T14/><D14/><U57/><E57/><V50/><F50/><W43/><G68/><T93/><D93/><U15/><E25/><V77/><F77/><W82/><G127/><T1/><D1/><U115/><E128/><V78/><F78/><W51/><G37/><T29/><D3/><U55/><E55/><AGARI ba="0,0" hai="21,27,29,45,49,52,55,58,62,84,89,95,100,102" machi="55" ten="30,7700,0" yaku="7,1,8,1,52,1,54,1" doraHai="24" who="0" fromWho="1" sc="119,77,289,-77,166,0,426,0" /><INIT seed="6,0,0,5,0,7" ten="196,212,166,426" oya="2" hai0="115,20,25,65,88,105,60,15,100,59,83,131,89" hai1="5,101,55,41,108,72,81,123,111,64,78,103,32" hai2="119,120,107,26,22,91,35,97,44,73,1,4,19" hai3="122,57,50,31,10,75,53,58,90,66,102,114,23"/><V87/><F119/><W61/><G75/><T117/><D117/><U52/><E32/><V104/><F73/><W86/><G114/><T70/><D115/><U112/><E112/><V113/><F113/><W28/><G102/><T127/><D131/><U118/><E118/><V85/><F120/><W0/><G0/><T67/><D67/><U29/><E29/><V84/><F35/><W133/><G133/><T49/><D127/><U12/><E41/><V130/><F130/><W68/><G68/><T92/><D105/><U21/><E64/><V71/><F71/><W42/><G10/><T34/><D34/><U43/><E43/><V135/><F135/><W14/><G42/><T38/><D38/><U79/><E79/><V99/><F44/><W63/><G63/><T17/><D83/><U62/><E123/><V24/><F24/><W125/><G125/><T98/><D70/><U48/><E62/><V109/><F109/><W124/><G124/><T54/><D15/><U82/><E81/><V116/><F116/><W30/><G122/><T9/><D9/><N who="1" m="4143" /><E21/><V110/><F110/><W39/><G39/><T94/><D94/><U16/><E111/><V134/><F134/><W69/><G69/><T2/><D2/><U51/><E108/><V6/><F1/><W45/><G58/><T126/><D126/><U129/><E129/><V77/><F77/><W8/><G23/><T3/><D3/><U36/><E36/><V80/><F4/><N who="3" m="3335" /><G31/><T56/><AGARI ba="0,0" hai="17,20,25,49,54,56,59,60,65,88,89,92,98,100" machi="56" ten="20,5200,0" yaku="0,1,7,1,8,1,54,1" doraHai="7" who="0" fromWho="0" sc="196,52,212,-13,166,-26,426,-13" /><INIT seed="7,0,0,2,0,51" ten="248,199,140,413" oya="3" hai0="91,107,104,86,67,37,20,71,81,132,95,13,14" hai1="30,40,122,36,33,43,82,102,15,85,116,21,110" hai2="42,52,45,65,96,112,54,76,130,19,29,111,46" hai3="11,39,115,0,119,3,16,12,125,128,79,27,31"/><W49/><G49/><T18/><D37/><U100/><E33/><V62/><F19/><W131/><G79/><T88/><D132/><U84/><E36/><N who="2" m="21703" /><F29/><W24/><G39/><T57/><D71/><U56/><E85/><V66/><F76/><W6/><G119/><T80/><D80/><U74/><E15/><V38/><F96/><W123/><G123/><T7/><D67/><N who="2" m="25610" /><F111/><W77/><G77/><T53/><D13/><U98/><E100/><V75/><F75/><W10/><G125/><T135/><D135/><U9/><E21/><V101/><F101/><W25/><G115/><T89/><D7/><U55/><E84/><V50/><F130/><N who="3" m="49707" /><G0/><T41/><D41/><U72/><E72/><V26/><F26/><W83/><G83/><T78/><D107/><U63/><E82/><V90/><F90/><W22/><AGARI ba="0,0" hai="3,6,10,11,12,16,22,24,25,27,31" m="49707" machi="22" ten="30,11700,0" yaku="19,1,34,2,54,1" doraHai="51" who="3" fromWho="3" sc="248,-39,199,-39,140,-39,413,117" owari="209,1.0,160,-24.0,101,-40.0,530,63.0" /></mjloggm>