<mjloggm ver="2.3"><GO type="97" lobby="0"/><UN n0="%E5%85%AC%E5%8B%99%E5%93%A1%E3%81%8F%E3%82%93" n1="%E3%81%B6%E3%81%9F%E3%81%93%E3%81%82%E3%82%89" n2="%E5%B0%B1%E6%B4%BB%E7%94%9F%40%E5%B7%9D%E6%9D%91%E8%BB%8D%E5%9B%A3" n3="%42%47%39%E2%86%92%47%45%38" dan="15,14,16,15" rate="1986.26,1953.66,2079.31,2000.34" sx="M,M,M,M"/><TAIKYOKU oya="0"/><INIT seed="0,0,0,4,4,122" ten="250,250,250,250" oya="0" hai0="36,57,2,50,95,23,24,19,71,118,46,103,85" hai1="43,9,55,113,128,126,35,70,17,51,58,124,26" hai2="32,3,5,37,4,6,74,29,1,13,21,60,31" hai3="61,123,91,102,34,40,80,30,76,106,67,54,99"/><T0/><D118/><U125/><E70/><V101/><F37/><W107/><G123/><T87/><D71/><U89/><E35/><V65/><F74/><W79/><G40/><T20/><D36/><U27/><E128/><V133/><F101/><W7/><G7/><N who="2" m="2633" /><F60/><W12/><G12/><N who="0" m="9319" /><D57/><U64/><E64/><V86/><F86/><W135/><G107/><T18/><D2/><N who="2" m="522" /><F65/><W59/><G67/><T11/><D11/><U105/><E105/><V90/><F90/><W49/><G61/><T96/><D0/><U66/><E66/><V108/><F108/><W77/><G91/><T93/><D93/><U114/><E43/><AGARI ba="0,0" hai="18,23,24,43,46,50,85,87,95,96,103" m="9319" machi="43" ten="30,1500,0" yaku="8,1" doraHai="122" who="0" fromWho="1" sc="250,15,250,-15,250,0,250,0" /><INIT seed="0,1,0,4,0,88" ten="265,235,250,250" oya="0" hai0="82,33,95,48,69,94,45,35,79,114,67,29,112" hai1="5,81,84,34,27,21,24,70,56,60,125,11,50" hai2="2,4,8,57,96,97,15,22,75,117,130,1,55" hai3="118,14,37,36,105,54,108,135,65,49,39,19,0"/><T43/><D69/><U83/><E125/><V85/><F75/><W46/><G118/><T53/><D67/><U38/><E38/><V129/><F117/><W7/><G105/><T58/><D112/><U26/><E34/><V109/><F109/><W87/><G108/><T104/><D104/><U30/><E70/><V102/><F85/><W90/><G65/><T91/><D114/><U123/><E123/><V111/><F111/><W68/><G68/><T42/><D29/><U61/><E83/><V72/><F72/><W10/><G135/><T86/><D42/><U64/><E60/><V20/><F2/><W31/><G31/><T113/><D113/><U119/><E50/><V78/><F78/><W18/><G0/><T73/><REACH who="0" step="1"/><D95/><REACH who="0" ten="255,235,250,250" step="2"/><U100/><E119/><V74/><F129/><W132/><REACH who="3" step="1"/><G132/><REACH who="3" ten="255,235,250,240" step="2"/><T40/><D40/><U32/><E32/><V101/><F130/><W3/><G3/><T103/><D103/><U126/><E100/><V13/><F102/><W59/><G59/><T52/><D52/><U120/><E120/><V66/><F57/><W16/><G16/><T98/><D98/><U47/><E47/><V6/><F55/><W115/><G115/><T80/><D80/><AGARI ba="1,2" hai="7,10,14,18,19,36,37,39,46,49,54,80,87,90" machi="80" ten="40,1300,0" yaku="1,1,53,0" doraHai="88" doraHaiUra="121" who="3" fromWho="0" sc="255,-16,235,0,250,0,240,36" /><INIT seed="1,0,0,1,0,58" ten="239,235,250,276" oya="1" hai0="78,74,20,23,38,8,120,65,117,83,133,69,77" hai1="82,119,18,108,71,124,45,103,7,52,97,10,104" hai2="44,70,122,126,107,84,59,92,25,15,63,30,61" hai3="1,86,51,62,100,40,127,93,29,16,4,88,128"/><U135/><E119/><V99/><F122/><W9/><G29/><T72/><D117/><U33/><E33/><V76/><F126/><W73/><G73/><T110/><D120/><U21/><E71/><V113/><F107/><W121/><G121/><T101/><D110/><U102/><E102/><N who="2" m="60775" /><F70/><W36/><G36/><T27/><D133/><U49/><E135/><V46/><F113/><W75/><G75/><T118/><D118/><U24/><E124/><V35/><F35/><W50/><G127/><T85/><D38/><U67/><E67/><V131/><F15/><W111/><G111/><T132/><D132/><U5/><E108/><V32/><F32/><W3/><G3/><T109/><D109/><U31/><E82/><N who="2" m="47175" /><F59/><W26/><G100/><T116/><D116/><U56/><E31/><V114/><F114/><W60/><G128/><T14/><D72/><U68/><E68/><V57/><F57/><W19/><G26/><T17/><D74/><U0/><REACH who="1" step="1"/><E5/><REACH who="1" ten="239,225,250,276" step="2"/><V129/><F30/><W123/><G123/><T43/><D69/><U64/><E64/><V96/><F129/><W11/><G4/><T90/><D65/><U6/><E6/><V98/><F131/><W125/><G125/><T134/><D134/><U47/><AGARI ba="0,1" hai="0,7,10,18,21,24,45,47,49,52,56,97,103,104" machi="47" ten="30,11700,0" yaku="1,1,0,1,54,1,53,1" doraHai="58" doraHaiUra="95" who="1" fromWho="1" sc="239,-39,225,127,250,-39,276,-39" /><INIT seed="1,1,0,3,4,135" ten="200,352,211,237" oya="1" hai0="51,86,88,50,8,122,17,45,61,60,27,70,98" hai1="6,44,35,76,58,16,79,33,41,26,21,39,117" hai2="24,42,110,126,2,75,85,48,5,49,22,71,15" hai3="28,93,92,118,14,123,31,113,62,121,57,100,40"/><U1/><E117/><V87/><F75/><W68/><G68/><T37/><D122/><U29/><E58/><V18/><F2/><W0/><G0/><T72/><D72/><U83/><E35/><V116/><F110/><W65/><G118/><T105/><D37/><U107/><E107/><V124/><F116/><W89/><G113/><T109/><D109/><U32/><E79/><V47/><F49/><W82/><G40/><T94/><D70/><U78/><E78/><V12/><F71/><W7/><G123/><T112/><D112/><U36/><E36/><V132/><F132/><W81/><G121/><T3/><D3/><U133/><E133/><V127/><F15/><W25/><G31/><T73/><D73/><U56/><E56/><V95/><F95/><W9/><G93/><T120/><D120/><U108/><E108/><V69/><F69/><W115/><G115/><T80/><D105/><U53/><E53/><V106/><F106/><W129/><G129/><T43/><D51/><U63/><E63/><V52/><F42/><W128/><G128/><T11/><D27/><U38/><E38/><V125/><N who="2" m="31744" /><DORA hai="54" /><V4/><F4/><W91/><G100/><N who="0" m="60503" /><D17/><U103/><E103/><V97/><F97/><W64/><G64/><T46/><D46/><U77/><E6/><V55/><F55/><W130/><G130/><T66/><D66/><U90/><E1/><V30/><F5/><W23/><G91/><T34/><D34/><AGARI ba="1,0" hai="12,18,22,24,30,34,47,48,52,85,87" m="31744" machi="34" ten="70,12000,2" yaku="18,1,52,4,54,1" doraHai="135,54" who="2" fromWho="0" sc="200,-123,352,0,211,123,237,0" /><INIT seed="2,0,0,5,3,74" ten="77,352,334,237" oya="2" hai0="33,37,26,80,49,131,122,107,53,64,91,55,85" hai1="128,63,118,101,79,1,59,108,78,21,17,36,18" hai2="126,20,121,47,81,106,114,72,67,70,22,60,6" hai3="23,120,104,82,12,43,94,28,15,134,62,69,115"/><V35/><F106/><W127/><G127/><T99/><D37/><U58/><E118/><V87/><F72/><W2/><G2/><T84/><D122/><U32/><E36/><V39/><F35/><W133/><G120/><T113/><D113/><U73/><E32/><V4/><F114/><W46/><G104/><T31/><D131/><U88/><E1/><V98/><F121/><W132/><G115/><T92/><D85/><U10/><E101/><V135/><F135/><W75/><G94/><T112/><D112/><U97/><E128/><V119/><F119/><W38/><G28/><T123/><D123/><U130/><E73/><V50/><F39/><W13/><G23/><T7/><D7/><U5/><E5/><V51/><F98/><W48/><G38/><T100/><D49/><U61/><E108/><V117/><F117/><W29/><G29/><T89/><D89/><U56/><E10/><V41/><F51/><W77/><G62/><N who="1" m="23562" /><E21/><N who="2" m="8299" /><F126/><W129/><G129/><T110/><D110/><U102/><E102/><V103/><F103/><W14/><N who="3" m="3584" /><DORA hai="0" /><W71/><AGARI ba="0,0" hai="43,46,48,69,71,75,77,82,132,133,134" m="3584" machi="71" ten="50,8000,1" yaku="4,1,0,1,20,1,52,1" doraHai="74,0" who="3" fromWho="3" sc="77,-20,352,-20,334,-40,237,80" /><INIT seed="3,0,0,2,1,70" ten="57,332,294,317" oya="3" hai0="53,15,112,130,4,114,110,92,85,87,6,8,40" hai1="20,104,127,26,16,22,62,133,108,13,116,94,42" hai2="11,132,10,129,43,128,105,123,31,52,103,71,95" hai3="28,119,33,122,32,126,113,86,3,118,124,89,19"/><W45/><G3/><T101/><D53/><U36/><E104/><V121/><F105/><W134/><G134/><T24/><D40/><U27/><E133/><V23/><F71/><W68/><G68/><T48/><D48/><U135/><E135/><V77/><F77/><W41/><G122/><N who="2" m="46601" /><F43/><W60/><G60/><T97/><D110/><U111/><E42/><V66/><F66/><W78/><G78/><T18/><D130/><N who="2" m="50282" /><F132/><W102/><G102/><T79/><D79/><U37/><E127/><N who="3" m="48682" /><G113/><N who="0" m="43627" /><D24/><U21/><E62/><V83/><F83/><N who="3" m="49375" /><G19/><T64/><D64/><U84/><E116/><N who="3" m="44586" /><G28/><T46/><D46/><U67/><E67/><V58/><F95/><W44/><G44/><T120/><D120/><U39/><E94/><V115/><F103/><W76/><G76/><T96/><D96/><U74/><E74/><V75/><F75/><W63/><G63/><T82/><D82/><U50/><E50/><AGARI ba="0,0" hai="32,33,41,45,50" m="44586,49375,48682" machi="50" ten="30,1500,0" yaku="18,1" doraHai="70" who="3" fromWho="1" sc="57,0,332,-15,294,0,317,15" owari="57,-44.0,317,12.0,294,-11.0,332,43.0" /></mjloggm>