<mjloggm ver="2.3"><GO type="97" lobby="0"/><UN n0="%E3%81%AD%E3%81%93%E3%82%A2%E3%82%B5%E3%82%B7%E3%83%B3" n1="%E5%91%B3%E5%B9%B3" n2="%E3%83%9E%E3%82%B8%E3%83%83%E3%82%AF%E3%83%8F%E3%83%B3%E3%83%89" n3="%E5%B0%B1%E6%B4%BB%E7%94%9F%40%E5%B7%9D%E6%9D%91%E8%BB%8D%E5%9B%A3" dan="15,15,15,14" rate="2031.84,1931.57,1954.03,1958.47" sx="F,M,M,M"/><TAIKYOKU oya="0"/><INIT seed="0,0,0,5,0,126" ten="250,250,250,250" oya="0" hai0="76,92,14,43,95,79,49,109,104,37,29,58,107" hai1="111,102,56,134,78,84,23,47,24,4,133,60,103" hai2="96,71,130,105,69,17,113,94,10,90,80,2,120" hai3="128,46,124,77,26,121,57,129,119,21,53,20,65"/><T125/><D125/><U45/><E4/><V22/><F120/><W50/><G124/><T16/><D37/><U86/><E111/><V11/><F113/><W3/><G3/><T98/><D109/><U72/><E72/><V34/><F34/><W39/><G119/><T89/><D29/><N who="1" m="17567" /><E134/><V67/><F105/><W118/><G118/><T0/><D0/><U35/><E35/><V48/><F80/><W114/><G114/><T122/><D122/><U27/><E27/><V38/><F38/><W54/><G121/><T66/><D107/><U12/><E12/><V19/><F48/><W42/><G77/><T108/><D108/><U7/><E7/><V110/><F110/><W93/><G65/><T100/><D104/><U44/><E133/><V6/><F10/><W5/><G5/><T33/><D33/><U59/><E78/><V88/><F90/><W70/><G70/><T97/><D43/><U18/><E18/><V64/><F19/><W62/><G93/><T112/><D112/><U83/><E83/><V101/><F101/><N who="1" m="38409" /><E59/><V13/><REACH who="2" step="1"/><F130/><REACH who="2" ten="250,250,240,250" step="2"/><N who="3" m="50283" /><G26/><T81/><D81/><U15/><E15/><V52/><F52/><AGARI ba="0,1" hai="44,45,47,52,56,60,84,86" m="38409,17567" machi="52" ten="30,2000,0" yaku="8,1,54,1" doraHai="126" who="1" fromWho="2" sc="250,0,250,30,240,-20,250,0" /><INIT seed="1,0,0,2,2,97" ten="250,280,220,250" oya="1" hai0="121,112,96,9,48,132,26,20,46,36,114,78,126" hai1="113,42,0,87,52,40,18,25,28,41,131,72,134" hai2="76,89,101,2,68,103,54,115,29,106,95,32,59" hai3="100,130,50,43,128,45,63,55,6,30,107,33,1"/><U83/><E113/><V66/><F2/><W67/><G1/><T109/><D109/><U27/><E72/><V47/><F115/><W58/><G6/><T73/><D121/><U64/><E0/><V77/><F106/><W61/><G30/><T24/><D132/><U56/><E64/><V74/><F74/><W13/><G13/><T62/><D126/><U71/><E71/><V44/><F68/><N who="3" m="42095" /><G33/><T12/><D62/><N who="1" m="36103" /><E134/><V14/><F32/><W129/><G107/><T69/><D69/><U118/><E118/><V17/><F29/><W122/><G100/><N who="2" m="38473" /><F66/><N who="3" m="39287" /><G122/><T65/><D36/><U98/><E28/><V85/><F76/><W53/><AGARI ba="0,0" hai="43,45,50,53,55,128,129,130" m="39287,42095" machi="53" ten="40,5200,0" yaku="19,1,34,2" doraHai="97" who="3" fromWho="3" sc="250,-13,280,-26,220,-13,250,52" /><INIT seed="2,0,0,1,0,117" ten="237,254,207,302" oya="2" hai0="132,14,27,85,60,54,107,4,16,65,51,125,10" hai1="98,63,126,46,116,17,86,12,108,119,32,88,91" hai2="92,70,40,3,72,21,31,35,81,77,102,97,26" hai3="120,37,36,100,124,39,110,89,90,50,71,96,18"/><V130/><F130/><W122/><G71/><T55/><D132/><U106/><E32/><V53/><F3/><W57/><G110/><T68/><D125/><U11/><E108/><V49/><F40/><W0/><G0/><T82/><D107/><U127/><E46/><V52/><F70/><W61/><G124/><N who="1" m="47658" /><E63/><V13/><F13/><W129/><G129/><T24/><D4/><U42/><E42/><V33/><REACH who="2" step="1"/><F53/><REACH who="2" ten="237,254,197,302" step="2"/><W5/><G39/><T101/><D54/><U23/><E12/><V29/><F29/><W74/><G37/><T112/><D112/><U75/><E119/><V30/><F30/><W1/><G36/><T47/><REACH who="0" step="1"/><D101/><REACH who="0" ten="227,254,197,302" step="2"/><U56/><E116/><V58/><AGARI ba="0,2" hai="21,26,31,33,35,49,52,58,72,77,81,92,97,102" machi="58" ten="20,12000,1" yaku="1,1,0,1,7,1,54,1,53,1" doraHai="117" doraHaiUra="104" who="2" fromWho="2" sc="227,-40,254,-40,197,140,302,-40" /><INIT seed="2,1,0,2,2,102" ten="187,214,337,262" oya="2" hai0="135,2,118,41,96,108,112,76,94,81,116,55,66" hai1="101,120,127,68,122,85,17,10,69,52,104,92,21" hai2="74,80,54,115,70,86,28,67,82,117,40,44,83" hai3="107,105,97,89,103,131,134,22,126,91,3,130,42"/><V48/><F117/><N who="0" m="45162" /><D2/><U62/><E127/><V119/><F115/><W78/><G3/><T16/><D66/><U59/><E10/><V128/><F119/><W0/><G0/><T26/><D41/><U13/><E104/><N who="3" m="40010" /><G42/><T125/><D55/><U8/><E8/><V72/><F128/><N who="3" m="49195" /><G126/><T19/><D112/><U6/><E6/><V38/><F28/><W15/><G78/><T11/><D125/><U87/><E101/><V106/><F106/><N who="3" m="63855" /><G134/><T29/><D135/><U47/><E47/><V39/><F39/><W4/><G4/><T35/><D11/><U25/><E13/><V32/><F32/><W77/><G77/><T61/><D61/><U45/><E62/><N who="2" m="40311" /><F86/><W132/><G132/><T129/><D129/><U18/><E85/><V113/><F113/><W56/><G56/><AGARI ba="1,0" hai="38,40,44,48,54,56,72,74,80,82,83" m="40311" machi="56" ten="30,1500,0" yaku="24,1" doraHai="102" who="2" fromWho="3" sc="187,0,214,0,337,18,262,-18" /><INIT seed="2,2,0,4,3,124" ten="187,214,355,244" oya="2" hai0="20,29,63,106,115,128,18,77,126,134,108,32,75" hai1="37,12,82,80,102,118,95,43,135,74,79,51,119" hai2="98,94,70,14,103,1,53,99,27,66,110,107,3" hai3="68,76,125,86,88,69,41,11,55,44,90,83,72"/><V35/><F53/><W89/><G125/><T62/><D126/><U10/><E37/><V132/><F14/><W116/><G116/><T38/><D115/><U34/><E34/><V7/><F132/><W123/><G123/><T93/><D38/><U56/><E135/><V33/><F110/><W71/><G11/><T42/><D106/><U8/><E8/><V40/><F40/><W9/><G9/><T114/><D114/><U97/><E82/><V4/><F4/><W101/><G101/><T67/><D134/><U112/><E112/><V47/><F47/><W120/><G120/><T39/><D108/><U84/><E74/><V81/><F7/><W96/><G55/><T28/><D93/><U46/><REACH who="1" step="1"/><E56/><REACH who="1" ten="187,204,355,244" step="2"/><V105/><F81/><W109/><G109/><T113/><D75/><U45/><E45/><V127/><F127/><W100/><G72/><T121/><D39/><U36/><E36/><V92/><F70/><W117/><G117/><T129/><D113/><U58/><E58/><V52/><F107/><W50/><REACH who="3" step="1"/><G71/><REACH who="3" ten="187,204,355,234" step="2"/><T111/><D121/><U15/><E15/><V22/><F1/><W2/><G2/><T130/><D111/><U49/><E49/><V6/><F3/><W133/><G133/><T73/><D42/><U31/><E31/><N who="0" m="11849" /><D32/><U65/><E65/><V25/><F33/><W91/><N who="3" m="23040" /><DORA hai="85" /><W30/><G30/><T54/><D67/><U78/><E78/><V60/><F66/><W48/><G48/><T16/><D54/><U57/><E57/><V0/><F52/><W17/><G17/><AGARI ba="2,2" hai="10,12,17,43,46,51,79,80,84,95,97,102,118,119" machi="17" ten="30,2000,0" yaku="1,1,7,1,53,0" doraHai="124,85" doraHaiUra="131,26" who="1" fromWho="3" sc="187,0,204,46,355,0,234,-26" /><INIT seed="3,0,0,3,0,34" ten="187,250,355,208" oya="3" hai0="24,69,96,98,120,70,63,95,19,42,25,6,107" hai1="53,57,105,115,17,130,80,39,15,18,122,52,118" hai2="62,124,86,135,22,44,33,71,48,43,46,38,76" hai3="94,66,10,72,55,91,125,132,100,41,59,128,102"/><W88/><G72/><T8/><D120/><U56/><E39/><V40/><F33/><W32/><G32/><T99/><D42/><U84/><E105/><V29/><F135/><W101/><G132/><T75/><D75/><U93/><E115/><V30/><F38/><W23/><G128/><T104/><D95/><U116/><E130/><V119/><F119/><W89/><G125/><T133/><D133/><U35/><E35/><V92/><F124/><W134/><G134/><T65/><D19/><N who="1" m="7179" /><E15/><V60/><F71/><W87/><G66/><T0/><REACH who="0" step="1"/><D70/><REACH who="0" ten="177,250,355,208" step="2"/><U97/><E93/><V64/><F92/><W114/><G114/><T11/><D11/><U1/><E122/><V50/><F43/><W27/><G41/><T123/><D123/><U14/><E118/><V26/><F40/><W28/><REACH who="3" step="1"/><G10/><REACH who="3" ten="177,250,355,198" step="2"/><T83/><D83/><U54/><E80/><V79/><F64/><W129/><G129/><T47/><D47/><U31/><E116/><V127/><F44/><W12/><G12/><T36/><D36/><U67/><E14/><V4/><F46/><W21/><G21/><T49/><D49/><AGARI ba="0,2" hai="23,27,28,49,55,59,87,88,89,91,94,100,101,102" machi="49" ten="40,7700,0" yaku="1,1,8,1,54,1,53,0" doraHai="34" doraHaiUra="113" who="3" fromWho="0" sc="177,-77,250,0,355,0,198,97" /><INIT seed="3,1,0,0,4,133" ten="100,250,355,295" oya="3" hai0="32,115,85,121,78,128,17,48,61,30,99,29,51" hai1="92,8,20,125,22,95,83,86,7,126,42,16,97" hai2="0,66,46,70,53,88,19,113,21,124,76,47,4" hai3="49,3,24,135,106,45,132,71,72,122,77,57,101"/><W119/><G71/><T39/><D121/><U38/><E38/><V63/><F113/><W18/><G119/><T64/><D115/><U87/><E42/><V107/><F107/><W28/><G3/><T58/><D39/><U90/><E86/><V109/><F76/><W74/><G122/><T108/><D108/><U25/><E22/><V65/><F109/><W59/><G18/><T43/><D128/><U89/><REACH who="1" step="1"/><E83/><REACH who="1" ten="100,240,355,295" step="2"/><V134/><F21/><N who="3" m="15375" /><G74/><T98/><D32/><U93/><E93/><V91/><F70/><W6/><G72/><T52/><D17/><U40/><E40/><V15/><F19/><W84/><G84/><T103/><D43/><U12/><AGARI ba="1,1" hai="7,8,12,16,20,25,87,89,90,92,95,97,125,126" machi="12" ten="30,8000,1" yaku="1,1,0,1,52,2,54,1,53,0" doraHai="133" doraHaiUra="60" who="1" fromWho="1" sc="100,-21,240,93,355,-21,295,-41" owari="79,-42.0,333,13.0,334,44.0,254,-15.0" /></mjloggm>