<mjloggm ver="2.3"><GO type="97" lobby="0"/><UN n0="%E5%B0%B1%E6%B4%BB%E7%94%9F%40%E5%B7%9D%E6%9D%91%E8%BB%8D%E5%9B%A3" n1="%70%65%70%6F%32%35%31" n2="%4C%6C%6F%79%64" n3="%E3%83%8B%E3%83%A3%E3%83%BC%E5%8A%A9" dan="15,14,15,14" rate="2079.18,1884.97,1979.74,1974.89" sx="M,M,M,M"/><TAIKYOKU oya="0"/><INIT seed="0,0,0,5,5,134" ten="250,250,250,250" oya="0" hai0="98,27,1,73,14,32,51,125,100,47,119,30,0" hai1="132,109,103,65,116,12,77,117,86,85,42,124,7" hai2="93,129,84,90,8,121,39,91,67,115,95,111,50" hai3="23,127,37,6,105,41,60,71,76,70,88,66,112"/><T9/><D73/><U40/><E65/><V82/><F121/><W16/><G105/><T44/><D119/><U18/><E7/><V89/><F39/><W61/><G112/><T96/><D96/><U46/><E132/><V68/><F115/><W131/><G76/><T45/><D125/><U3/><E3/><V97/><F68/><W78/><G6/><T31/><D31/><U22/><E103/><N who="2" m="60847" /><F67/><W5/><G5/><T122/><D122/><U123/><E123/><V58/><F50/><W20/><G78/><T80/><D80/><U120/><E120/><V130/><F58/><W10/><G131/><N who="2" m="50185" /><F8/><W128/><G128/><T36/><D36/><U49/><E42/><V15/><F15/><W102/><G102/><T113/><D113/><U4/><E4/><V29/><F29/><W104/><G104/><T64/><D64/><U107/><E107/><V87/><F111/><W108/><G108/><T21/><D32/><U52/><E109/><V28/><F28/><W24/><G10/><T114/><D114/><U59/><E116/><V38/><F38/><W62/><G41/><N who="0" m="24975" /><D1/><U101/><E117/><V99/><F87/><W133/><G37/><T33/><D33/><U34/><E86/><V11/><F11/><W79/><G66/><T72/><D0/><U75/><E34/><V110/><F110/><W13/><G70/><T2/><D2/><U94/><E85/><V48/><F48/><W69/><G71/><T135/><D135/><U17/><E17/><V54/><F54/><W56/><G133/><T83/><D9/><U25/><E22/><V63/><F63/><RYUUKYOKU ba="0,0" sc="250,-10,250,-10,250,30,250,-10" hai2="82,84,89,90,91,95,99" /><INIT seed="1,1,0,3,4,5" ten="240,240,280,240" oya="1" hai0="36,96,130,65,84,3,105,101,87,7,42,64,72" hai1="74,124,29,37,88,104,38,121,132,58,127,40,100" hai2="92,60,53,0,43,126,22,50,85,39,32,103,135" hai3="116,56,119,107,21,44,89,35,81,12,99,25,112"/><U82/><E29/><V26/><F32/><W45/><G112/><T76/><D130/><U13/><E121/><V55/><F0/><W125/><G125/><N who="1" m="48202" /><E132/><V23/><F135/><W106/><G35/><T46/><D84/><N who="1" m="50199" /><E74/><V57/><F39/><W67/><G12/><T110/><D87/><U133/><E133/><V17/><F126/><W111/><G111/><T91/><D91/><U19/><E58/><V47/><F23/><W134/><G134/><T48/><D110/><U54/><E54/><V75/><F75/><W51/><G67/><T31/><D31/><U95/><E104/><V94/><F94/><W114/><G114/><T20/><D65/><U24/><E24/><V30/><F30/><W83/><G56/><T118/><D64/><U33/><E40/><V77/><F43/><W10/><G51/><T61/><D48/><U34/><E38/><V27/><F27/><W80/><G99/><T97/><D96/><N who="1" m="59423" /><E37/><V129/><F129/><W93/><G106/><T90/><D42/><U78/><E78/><V113/><F113/><W108/><G107/><T98/><D76/><U117/><E117/><V73/><F73/><W9/><G108/><T79/><D79/><U6/><E6/><V49/><F77/><W120/><G120/><T59/><D72/><U102/><E102/><V8/><F50/><W131/><G131/><T115/><D101/><U128/><E128/><V122/><F122/><W11/><G119/><T41/><D118/><U70/><E70/><V4/><F103/><W52/><G116/><T16/><D36/><U109/><E109/><V123/><F123/><RYUUKYOKU ba="1,0" sc="240,-10,240,30,280,-10,240,-10" hai1="13,19,33,34" /><INIT seed="1,2,0,5,0,19" ten="230,270,270,230" oya="1" hai0="8,34,21,15,14,72,26,17,6,135,1,134,128" hai1="112,60,16,90,111,102,5,118,97,50,42,0,28" hai2="78,25,12,110,107,30,76,116,37,36,127,80,38" hai3="56,44,18,122,2,132,96,49,67,59,69,120,20"/><U89/><E28/><V93/><F116/><W98/><G2/><T70/><D72/><U29/><E118/><V95/><F107/><W27/><G132/><N who="0" m="50731" /><D70/><U11/><E29/><V71/><F71/><W133/><G133/><T40/><D40/><U83/><E112/><V77/><F110/><W81/><G81/><T64/><D64/><U62/><E111/><V55/><F127/><W130/><G130/><T57/><D57/><U92/><E83/><V121/><F121/><W10/><G69/><T31/><D128/><U33/><E33/><V88/><F12/><AGARI ba="2,0" hai="1,6,8,12,14,15,17,21,26,31,34" m="50731" machi="12" ten="30,8000,1" yaku="24,1,20,1,34,2,52,1" doraHai="19" who="0" fromWho="2" sc="230,86,270,0,270,-86,230,0" /><INIT seed="2,0,0,0,0,100" ten="316,270,184,230" oya="2" hai0="107,53,68,66,79,133,60,4,112,113,86,105,127" hai1="92,132,23,11,57,3,76,119,33,58,6,46,39" hai2="110,126,17,78,134,108,28,15,45,104,111,131,47" hai3="20,26,88,87,102,59,40,101,62,31,34,30,36"/><V5/><F104/><W114/><G114/><T0/><D127/><U98/><E33/><V69/><F69/><W14/><G36/><T16/><D133/><U43/><E132/><V130/><F134/><W121/><G40/><T50/><D4/><U91/><E119/><V12/><F126/><W115/><G121/><T24/><D0/><U99/><E99/><V73/><F28/><W7/><G115/><T103/><D103/><U51/><E51/><V37/><F5/><W48/><G48/><T41/><D41/><U42/><E42/><N who="2" m="22735" /><F47/><W120/><G120/><T83/><D112/><U29/><E29/><V63/><F63/><W38/><G38/><T10/><D113/><U116/><E116/><V80/><F15/><W21/><G34/><T2/><D2/><U96/><E96/><V82/><F82/><W94/><G7/><T71/><D71/><U18/><REACH who="1" step="1"/><E76/><REACH who="1" ten="316,260,184,230" step="2"/><V25/><F25/><AGARI ba="0,1" hai="3,6,11,18,23,25,39,43,46,57,58,91,92,98" machi="25" ten="30,7700,0" yaku="1,1,2,1,7,1,53,1" doraHai="100" doraHaiUra="89" who="1" fromWho="2" sc="316,0,260,87,184,-77,230,0" /><INIT seed="3,0,0,2,2,111" ten="316,347,107,230" oya="3" hai0="107,7,30,112,119,95,116,13,102,108,106,101,75" hai1="76,56,33,85,100,72,60,110,131,71,68,24,83" hai2="70,45,42,31,74,77,53,37,29,109,97,54,35" hai3="65,44,79,64,39,6,51,52,130,88,113,98,123"/><W94/><G113/><T46/><D30/><U66/><E100/><V133/><F70/><W128/><G123/><T49/><D75/><U15/><E110/><V3/><F133/><W14/><G39/><T27/><D27/><U16/><E131/><N who="3" m="50218" /><G79/><T92/><D108/><U59/><E71/><V78/><F109/><W38/><G38/><T62/><D62/><U40/><E40/><V118/><F118/><W48/><G48/><T104/><D112/><U34/><E72/><V120/><F120/><W127/><G127/><T80/><D13/><U26/><E26/><V32/><F97/><W57/><G44/><T55/><D7/><U124/><E124/><V89/><F89/><W129/><N who="3" m="50226" /><W28/><DORA hai="103" /><G28/><T126/><D126/><U10/><E34/><V122/><F122/><W43/><G43/><T19/><D19/><U93/><E93/><V117/><F117/><W61/><G61/><T12/><D12/><U23/><E33/><V73/><F3/><W81/><G81/><T5/><D5/><AGARI ba="0,0" hai="5,10,15,16,23,24,56,59,60,66,68,76,83,85" machi="5" ten="30,2000,0" yaku="7,1,54,1" doraHai="111,103" who="1" fromWho="0" sc="316,-20,347,20,107,0,230,0" owari="296,10.0,367,46.0,107,-39.0,230,-17.0" /></mjloggm>