<mjloggm ver="2.3"><GO type="97" lobby="0"/><UN n0="%E5%B0%B1%E6%B4%BB%E7%94%9F%40%E5%B7%9D%E6%9D%91%E8%BB%8D%E5%9B%A3" n1="%E3%81%AF%E3%81%8B%E3%81%AA%E3%81%8D%E5%A4%A2" n2="%4D%49%73%61%73%61%6B%61" n3="%6B%61%62%75%6F" dan="15,16,14,13" rate="2001.39,2010.28,1905.27,1878.88" sx="M,M,M,M"/><TAIKYOKU oya="0"/><INIT seed="0,0,0,0,3,63" ten="250,250,250,250" oya="0" hai0="102,41,3,5,65,92,84,64,94,100,8,28,89" hai1="44,39,48,66,133,95,25,4,47,115,57,124,38" hai2="91,72,108,107,96,90,19,14,101,61,131,40,122" hai3="130,62,99,114,126,59,104,125,7,1,87,86,21"/><T68/><D68/><U80/><E115/><V76/><F122/><W123/><G130/><T81/><D28/><U55/><E4/><V83/><F108/><W103/><G114/><T0/><D41/><U34/><E80/><V36/><F131/><W134/><G134/><T30/><D30/><U53/><E133/><V42/><F36/><W10/><G21/><T118/><D118/><U75/><E75/><V49/><F61/><W111/><G111/><T70/><D3/><U128/><E128/><V110/><F110/><W37/><G37/><T56/><D70/><U116/><E116/><V98/><F98/><W73/><G73/><T11/><D56/><U93/><E34/><V29/><F29/><W58/><G58/><T127/><D127/><N who="3" m="48649" /><G123/><T97/><REACH who="0" step="1"/><D8/><REACH who="0" ten="240,250,250,250" step="2"/><U24/><E57/><V77/><F40/><W112/><G112/><T9/><D9/><U135/><E135/><V2/><F2/><W85/><G59/><T32/><D32/><U33/><E33/><V132/><F132/><W35/><G35/><T67/><D67/><U23/><E124/><V113/><F113/><W26/><G10/><T45/><D45/><U15/><E66/><V109/><F109/><W121/><G1/><T31/><D31/><U119/><E119/><V106/><F42/><W88/><G121/><T46/><D46/><U52/><E55/><V18/><F19/><W6/><G7/><T17/><D17/><U12/><E23/><V117/><F117/><W27/><G6/><T79/><D79/><U16/><E16/><V74/><F77/><W22/><G22/><T50/><D50/><AGARI ba="0,1" hai="12,15,24,25,38,39,44,47,48,50,52,53,93,95" machi="50" ten="25,6400,0" yaku="6,1,22,2,54,1" doraHai="63" who="1" fromWho="0" sc="240,-64,250,74,250,0,250,0" /><INIT seed="1,0,0,4,4,6" ten="176,324,250,250" oya="1" hai0="49,100,105,61,93,77,101,15,16,0,98,41,126" hai1="18,44,62,121,3,109,72,94,113,60,31,127,65" hai2="45,58,71,22,4,96,84,12,85,107,91,90,95" hai3="66,35,10,87,76,110,120,123,115,52,38,73,80"/><U69/><E121/><V118/><F71/><W8/><G110/><T40/><D0/><U135/><E113/><V19/><F118/><W124/><G115/><T25/><D126/><U103/><E31/><V13/><F107/><W75/><G35/><T36/><D36/><U122/><E122/><V79/><F79/><W82/><G38/><T5/><D77/><U112/><E72/><V24/><F45/><W89/><G66/><T134/><D134/><U43/><E112/><V70/><F70/><W132/><G132/><T48/><D100/><U1/><E135/><V116/><F116/><W33/><G33/><T68/><D105/><U21/><E62/><V92/><F96/><W88/><G124/><T97/><D61/><U54/><E54/><V74/><F74/><W111/><G111/><T29/><D68/><U2/><E127/><V133/><F133/><W130/><G52/><T34/><D98/><U106/><E106/><V46/><F4/><W114/><G114/><T17/><D5/><U104/><E104/><V67/><F46/><W7/><G7/><T129/><D129/><U11/><E109/><V47/><F47/><W83/><G76/><T119/><D119/><U78/><E78/><V23/><F23/><W131/><G83/><T30/><D30/><U55/><E55/><V20/><F20/><W102/><G102/><T27/><D27/><N who="1" m="14775" /><E94/><V57/><F67/><W59/><G59/><AGARI ba="0,0" hai="12,13,19,22,24,57,58,59,84,85,90,91,92,95" machi="59" ten="40,2600,0" yaku="9,1,8,1" doraHai="6" who="2" fromWho="3" sc="176,0,324,0,250,26,250,-26" /><INIT seed="2,0,0,4,4,132" ten="176,324,276,224" oya="2" hai0="35,0,129,134,130,126,76,101,34,56,63,4,66" hai1="33,68,12,79,80,57,48,83,2,131,88,90,95" hai2="26,10,135,120,99,108,36,3,96,40,106,32,37" hai3="128,98,8,107,59,24,122,65,121,102,117,16,14"/><V27/><F120/><W125/><G125/><T13/><D134/><U64/><E2/><V86/><F135/><W116/><G128/><N who="0" m="49259" /><D0/><U47/><E68/><V72/><F72/><W127/><G127/><T23/><D76/><U50/><E33/><N who="0" m="12297" /><D101/><U6/><E90/><V19/><F32/><W7/><G117/><T113/><D113/><U84/><E131/><V94/><F108/><W70/><G70/><T31/><D31/><U133/><E133/><V61/><F61/><W21/><REACH who="3" step="1"/><G116/><REACH who="3" ten="176,324,276,214" step="2"/><T38/><D38/><U43/><E79/><V60/><F37/><W114/><G114/><T18/><D4/><U22/><E6/><V11/><F36/><W30/><G30/><T46/><D46/><U97/><E47/><V42/><F42/><W20/><G20/><T9/><D23/><U105/><E43/><V25/><F40/><W39/><G39/><T74/><D74/><U119/><E22/><V52/><F10/><W54/><G54/><T71/><D71/><U17/><E119/><V58/><F11/><W112/><G112/><T93/><D93/><U45/><E45/><V124/><F124/><AGARI ba="0,1" hai="9,13,18,56,63,66,124,126" m="12297,49259" machi="124" ten="40,5200,0" yaku="19,1,52,2" doraHai="132" who="0" fromWho="2" sc="176,62,324,0,276,-52,214,0" /><INIT seed="3,0,0,5,5,4" ten="238,324,224,214" oya="3" hai0="2,9,97,106,55,15,12,50,27,111,131,0,120" hai1="67,60,51,44,135,83,63,103,79,25,47,5,6" hai2="70,89,28,52,118,53,110,125,3,82,57,54,7" hai3="24,13,104,73,35,114,30,69,46,11,39,74,29"/><W102/><G114/><T122/><D131/><U58/><E103/><V18/><F118/><W94/><G30/><T129/><D129/><U64/><E25/><V101/><F70/><W93/><G93/><T59/><D111/><U98/><E98/><V43/><F43/><W34/><G34/><T86/><D27/><U23/><E23/><V123/><F110/><W17/><G69/><T132/><D132/><U26/><E26/><V113/><F113/><W49/><G39/><T66/><D15/><U87/><E47/><V105/><F123/><W90/><G102/><T100/><D66/><U22/><E22/><V40/><F40/><W112/><G104/><T96/><D96/><U72/><E72/><V116/><F116/><W20/><G35/><T130/><D130/><U56/><E135/><V76/><F28/><W126/><G126/><T19/><REACH who="0" step="1"/><D86/><REACH who="0" ten="228,324,224,214" step="2"/><U10/><E67/><V78/><F125/><W65/><G65/><T128/><D128/><U75/><E87/><V124/><F124/><W36/><G36/><T32/><D32/><U14/><E64/><V16/><F3/><AGARI ba="0,1" hai="0,2,3,9,12,19,50,55,59,97,100,106,120,122" machi="3" ten="40,5200,0" yaku="1,1,52,1,53,1" doraHai="4" doraHaiUra="95" who="0" fromWho="2" sc="228,62,324,0,224,-52,214,0" owari="290,9.0,324,43.0,172,-33.0,214,-19.0" /></mjloggm>