<mjloggm ver="2.3"><GO type="41" lobby="0"/><UN n0="%66%6B%69%74%61" n1="%E5%8D%81%E5%85%AD%E5%A4%9C%E3%82%A2%E3%83%B3%E3%82%B8%E3%82%A7" n2="%E5%B0%B1%E6%B4%BB%E7%94%9F%40%E5%B7%9D%E6%9D%91%E8%BB%8D%E5%9B%A3" n3="%42%61%6C%6C%79" dan="14,13,15,15" rate="1974.18,1839.18,1998.95,1978.75" sx="M,F,M,M"/><TAIKYOKU oya="0"/><INIT seed="0,0,0,2,4,81" ten="250,250,250,250" oya="0" hai0="51,86,39,68,91,127,34,40,26,78,24,46,67" hai1="25,85,105,121,64,77,38,108,84,18,132,92,122" hai2="90,114,125,60,82,31,50,63,109,116,57,106,89" hai3="55,10,98,111,3,9,12,96,61,120,107,52,123"/><T73/><D127/><U20/><E105/><V80/><F114/><W14/><G111/><T19/><D73/><U62/><E108/><V130/><F106/><W35/><G35/><T13/><D78/><U43/><E132/><V83/><F109/><W94/><G107/><T79/><D79/><U69/><E43/><V29/><F125/><W74/><G74/><T72/><D72/><U44/><E44/><V113/><F113/><W95/><G61/><N who="2" m="23625" /><F130/><W65/><REACH who="3" step="1"/><G3/><REACH who="3" ten="250,250,250,240" step="2"/><T99/><D68/><U1/><E1/><V22/><F116/><W118/><G118/><T7/><D34/><U100/><E69/><V37/><F37/><W88/><G88/><N who="2" m="33897" /><F22/><W115/><G115/><T87/><D39/><U49/><E20/><V47/><F57/><W110/><G110/><T33/><D33/><U54/><E38/><V27/><F27/><W128/><G128/><T71/><D71/><U135/><E25/><V102/><F102/><W32/><G32/><T117/><D117/><U42/><E100/><V129/><F129/><W134/><G134/><T23/><D24/><U103/><E103/><V101/><F101/><W93/><G93/><N who="0" m="56767" /><D67/><AGARI ba="0,1" hai="9,10,12,14,52,55,65,67,94,95,96,98,120,123" machi="67" ten="25,6400,0" yaku="1,1,22,2,54,1,53,0" doraHai="81" doraHaiUra="36" who="3" fromWho="0" sc="250,-64,250,0,250,0,240,74" /><INIT seed="1,0,0,3,0,0" ten="186,250,250,314" oya="1" hai0="38,8,70,80,51,9,84,52,132,96,39,32,111" hai1="13,56,2,120,63,124,115,104,1,25,74,77,92" hai2="126,57,66,112,89,134,47,58,106,7,129,44,11" hai3="113,31,24,81,62,42,128,28,30,46,50,21,127"/><U35/><E104/><V16/><F106/><W107/><G113/><T71/><D111/><U12/><E115/><V4/><F112/><W133/><G127/><T102/><D132/><U18/><E124/><V72/><F72/><W64/><G133/><T78/><D32/><U29/><E120/><V73/><F73/><W6/><G128/><T5/><D9/><U131/><E131/><V65/><F129/><W34/><G107/><T54/><D54/><U88/><E77/><V75/><F75/><W3/><G34/><T109/><D109/><U49/><E49/><V91/><F126/><W53/><G3/><T98/><D39/><U130/><E74/><V60/><F134/><W14/><G81/><T68/><D38/><U83/><E83/><V55/><F89/><W59/><G14/><T82/><D82/><U90/><E130/><V10/><F91/><W95/><G95/><T119/><D102/><U43/><E43/><V23/><F11/><W17/><G6/><N who="2" m="2089" /><F10/><W105/><G105/><T125/><D119/><U103/><E90/><V121/><F121/><W116/><G116/><T100/><D100/><U99/><E103/><V122/><F122/><W76/><G76/><T69/><N who="0" m="17920" /><DORA hai="101" /><T79/><D79/><U33/><E33/><V48/><F66/><AGARI ba="0,0" hai="17,21,24,28,30,31,42,46,50,53,59,62,64,66" machi="66" ten="40,1300,0" yaku="8,1" doraHai="0,101" who="3" fromWho="2" sc="186,0,250,0,250,-13,314,13" /><INIT seed="2,0,0,1,5,20" ten="186,250,237,327" oya="2" hai0="97,40,48,119,53,22,23,46,6,135,66,55,9" hai1="4,124,116,120,80,92,32,76,25,64,111,56,112" hai2="41,68,132,107,88,115,13,113,98,5,59,2,130" hai3="128,125,8,86,95,110,38,96,24,19,39,42,108"/><V45/><F68/><W91/><G125/><T100/><D119/><U77/><E111/><N who="3" m="42538" /><G128/><T74/><D135/><U102/><E124/><V109/><F2/><W99/><G42/><T84/><D74/><U103/><E112/><V27/><F130/><W49/><G49/><T43/><D66/><U10/><E116/><V94/><F132/><W12/><G24/><T17/><D84/><U34/><E120/><V90/><F109/><W126/><G126/><T131/><D131/><U54/><E64/><V44/><F44/><W118/><G118/><T3/><D23/><U69/><E69/><V93/><F107/><W133/><G133/><T83/><D83/><U21/><E34/><V82/><F82/><W35/><G35/><T104/><REACH who="0" step="1"/><D40/><REACH who="0" ten="176,250,237,327" step="2"/><U75/><E21/><V105/><F115/><W52/><G99/><T63/><D63/><U71/><E80/><V81/><F113/><W87/><G86/><T15/><AGARI ba="0,1" hai="3,6,9,15,17,22,43,46,48,53,55,97,100,104" machi="15" ten="20,2700,0" yaku="1,1,0,1,7,1,53,0" doraHai="20" doraHaiUra="106" who="0" fromWho="0" sc="176,37,250,-7,237,-13,327,-7" /><INIT seed="3,0,0,5,5,113" ten="213,243,224,320" oya="3" hai0="9,56,42,76,124,38,78,114,45,94,83,129,13" hai1="48,85,3,66,40,107,131,122,135,46,10,104,26" hai2="117,16,59,68,72,112,127,30,57,98,21,65,17" hai3="0,102,1,120,100,60,103,43,5,51,29,54,126"/><W61/><G120/><T99/><D114/><U37/><E122/><V69/><F112/><W55/><G126/><T32/><D124/><U134/><E131/><V4/><F72/><W8/><G1/><T88/><D32/><U44/><E66/><V82/><F127/><W95/><G29/><T35/><D35/><U39/><E26/><V19/><F4/><W74/><G74/><T34/><D34/><U33/><E33/><V50/><F117/><W110/><G110/><T70/><D129/><U79/><E39/><V130/><F130/><W90/><G43/><T64/><D70/><U92/><E3/><V132/><F132/><N who="1" m="50729" /><E10/><V49/><F98/><W22/><G22/><T105/><D105/><U53/><E92/><V81/><F68/><W52/><REACH who="3" step="1"/><G51/><REACH who="3" ten="213,243,224,310" step="2"/><T108/><D108/><U125/><E125/><V80/><F30/><W111/><G111/><T24/><D24/><U116/><E116/><V133/><F21/><W67/><G67/><T109/><D109/><U91/><E40/><V73/><F73/><W28/><G28/><T118/><D118/><U93/><E48/><V84/><F133/><W119/><G119/><T106/><D106/><U86/><E107/><V101/><F50/><W7/><G7/><T31/><D31/><U2/><E104/><V15/><F49/><W121/><G121/><T14/><D64/><U6/><E6/><V20/><F65/><W11/><G11/><T128/><D128/><U36/><E2/><V25/><F20/><W18/><G18/><T47/><D9/><U62/><E37/><V63/><F19/><W97/><AGARI ba="0,1" hai="0,5,8,52,54,55,60,61,90,95,97,100,102,103" machi="97" ten="30,11700,0" yaku="1,1,5,1,0,1,54,1,53,0" doraHai="113" doraHaiUra="12" who="3" fromWho="3" sc="213,-39,243,-39,224,-39,310,127" /><INIT seed="3,1,0,4,2,12" ten="174,204,185,437" oya="3" hai0="62,29,5,90,98,85,35,14,34,30,78,128,107" hai1="4,122,83,58,0,16,56,63,116,25,126,114,15" hai2="22,1,112,93,94,24,11,21,99,55,81,89,95" hai3="87,110,104,69,124,127,133,121,88,67,130,36,106"/><W70/><G121/><T123/><D123/><U129/><E122/><V13/><F112/><W7/><G7/><T100/><D128/><U72/><E114/><V117/><F117/><W84/><G130/><T48/><D62/><U134/><E129/><V105/><F1/><W80/><G133/><T26/><D48/><U75/><E134/><V33/><F33/><W54/><G36/><T131/><D131/><U18/><E116/><V53/><F105/><N who="3" m="40555" /><G54/><N who="2" m="20489" /><F81/><N who="3" m="49263" /><G67/><T27/><D78/><U66/><E126/><N who="3" m="48170" /><G110/><T74/><D74/><U60/><E75/><V101/><F101/><W97/><G97/><T47/><D47/><U102/><E72/><V77/><F77/><AGARI ba="1,0" hai="69,70,77,80,84" m="48170,49263,40555" machi="77" ten="30,2900,0" yaku="18,1,54,1" doraHai="12" who="3" fromWho="2" sc="174,0,204,0,185,-32,437,32" /><INIT seed="3,2,0,5,5,104" ten="174,204,153,469" oya="3" hai0="59,113,75,15,46,83,10,9,88,57,68,123,85" hai1="12,79,99,98,44,103,69,91,87,49,36,25,93" hai2="70,125,121,31,29,32,39,54,135,35,95,94,43" hai3="8,17,28,122,26,7,74,73,81,131,42,115,84"/><W1/><G122/><T106/><D123/><U110/><E110/><V63/><F121/><W130/><G115/><T92/><D68/><U71/><E36/><V14/><F125/><W76/><G42/><T66/><D113/><U102/><E79/><V55/><F135/><W11/><G17/><T53/><D106/><U13/><E71/><V61/><F14/><N who="1" m="5737" /><E69/><V107/><F70/><W3/><G1/><T58/><D66/><U27/><E99/><V105/><REACH who="2" step="1"/><F43/><REACH who="2" ten="174,204,143,469" step="2"/><W56/><G3/><T4/><D9/><N who="3" m="3657" /><G7/><T24/><D24/><U40/><E98/><V45/><F45/><W5/><G56/><T80/><D46/><U117/><E117/><V47/><F47/><W37/><G5/><T97/><D53/><U114/><E114/><V6/><F6/><W96/><G37/><AGARI ba="2,1" hai="29,31,32,35,37,39,54,55,61,63,94,95,105,107" machi="37" ten="25,3200,0" yaku="1,1,22,2,53,0" doraHai="104" doraHaiUra="52" who="2" fromWho="3" sc="174,0,204,0,143,48,469,-38" /><INIT seed="4,0,0,4,1,84" ten="174,204,191,431" oya="0" hai0="111,102,65,122,112,66,39,7,133,27,109,29,22" hai1="9,86,82,116,45,114,77,89,110,63,19,98,113" hai2="124,26,32,95,14,56,21,135,76,99,50,120,115" hai3="49,121,24,79,97,85,119,72,17,20,2,105,36"/><T47/><D122/><U100/><E116/><V53/><F120/><W41/><G119/><T101/><D7/><U30/><E110/><N who="0" m="41993" /><D133/><U4/><E30/><V74/><F135/><W117/><G117/><T94/><D112/><N who="1" m="43115" /><E19/><V131/><F131/><W73/><G2/><T44/><D39/><U38/><E63/><V71/><F71/><W104/><G104/><T128/><D128/><U87/><E45/><N who="0" m="17481" /><D102/><U75/><E38/><V13/><F32/><W34/><G36/><T81/><D81/><U93/><E100/><V43/><F43/><W12/><G34/><T35/><D35/><U54/><E54/><V90/><F124/><W51/><G121/><T70/><D70/><U28/><E28/><V25/><F25/><W18/><G24/><T78/><D78/><U130/><E130/><V3/><F3/><AGARI ba="0,0" hai="3,4,9,75,77,82,86,87,89,93,98" m="43115" machi="3" ten="30,3900,0" yaku="15,1,11,1,52,1" doraHai="84" who="1" fromWho="2" sc="174,0,204,39,191,-39,431,0" /><INIT seed="5,0,0,5,2,23" ten="174,243,152,431" oya="1" hai0="106,133,113,132,127,54,48,14,97,57,129,52,99" hai1="68,42,70,95,47,80,89,88,62,11,67,96,26" hai2="77,82,58,104,17,102,78,105,109,100,0,83,32" hai3="111,60,27,31,25,18,110,74,79,130,21,5,117"/><U131/><E131/><V40/><F32/><W50/><G5/><T56/><D129/><U101/><E70/><V20/><F0/><W122/><G122/><T45/><D14/><U49/><E11/><V124/><F40/><W9/><G130/><T121/><D121/><U28/><REACH who="1" step="1"/><E80/><REACH who="1" ten="174,233,152,431" step="2"/><V71/><F71/><W53/><G9/><T41/><D106/><U134/><E134/><V66/><F105/><W115/><G111/><T120/><D120/><U3/><E3/><V30/><F104/><W135/><G110/><T13/><D13/><U36/><E36/><V29/><F109/><W8/><G135/><T76/><D133/><U119/><E119/><V6/><F82/><W114/><G8/><T81/><D132/><U33/><AGARI ba="0,1" hai="26,28,33,42,47,49,62,67,68,88,89,95,96,101" machi="33" ten="20,12000,1" yaku="1,1,0,1,7,1,52,1,54,1,53,0" doraHai="23" doraHaiUra="112" who="1" fromWho="1" sc="174,-40,233,130,152,-40,431,-40" /><INIT seed="5,1,0,1,0,52" ten="134,363,112,391" oya="1" hai0="50,100,96,102,122,110,87,61,29,112,135,21,10" hai1="131,15,27,34,65,23,105,82,116,108,113,76,6" hai2="84,68,73,32,18,30,40,109,78,2,88,106,83" hai3="115,74,130,125,19,69,128,103,132,38,47,86,124"/><U98/><E113/><V33/><F109/><W49/><G115/><T80/><D112/><U114/><E114/><V36/><F68/><W8/><G74/><T26/><D110/><U5/><E116/><V4/><F106/><W44/><G69/><T91/><D122/><U39/><E108/><V111/><F111/><W14/><G103/><T123/><D123/><U90/><E34/><V67/><F67/><W79/><G38/><T127/><D135/><U24/><E131/><N who="3" m="50218" /><G132/><T59/><D127/><N who="3" m="48713" /><G49/><T70/><D10/><U57/><E39/><V41/><F18/><W35/><G35/><T63/><D70/><U56/><E65/><V17/><F17/><W89/><G79/><T60/><D96/><U126/><E126/><V107/><F107/><W31/><G31/><T72/><D72/><U22/><E22/><V62/><F30/><W64/><G64/><T1/><D1/><U75/><E27/><V9/><F40/><W16/><G19/><T3/><D3/><U53/><E53/><AGARI ba="1,0" hai="21,26,29,50,53,59,60,61,63,80,87,91,100,102" machi="53" ten="40,2600,0" yaku="8,1,52,1" doraHai="52" who="0" fromWho="1" sc="134,29,363,-29,112,0,391,0" /><INIT seed="6,0,0,4,1,122" ten="163,334,112,391" oya="2" hai0="88,42,72,123,2,119,9,85,92,78,107,12,39" hai1="19,25,99,112,21,66,69,97,102,16,64,94,109" hai2="5,22,32,84,1,129,91,38,29,37,86,120,89" hai3="46,87,48,131,134,15,126,118,79,20,44,58,70"/><V96/><F32/><W14/><G118/><T98/><D123/><U47/><E112/><V17/><F120/><W128/><G70/><T54/><D119/><U7/><E109/><V95/><F129/><N who="3" m="49739" /><G134/><T75/><D2/><U40/><E7/><V50/><F29/><W133/><G133/><T103/><D54/><U10/><E69/><V81/><F5/><W115/><G115/><T45/><REACH who="0" step="1"/><D78/><REACH who="0" ten="153,334,112,391" step="2"/><U135/><E135/><V24/><F1/><W110/><G79/><T83/><D83/><U74/><E74/><V67/><F67/><W130/><G130/><T60/><D60/><U59/><E66/><V65/><F65/><W93/><G46/><T117/><D117/><U73/><E47/><V30/><F30/><W71/><G44/><T23/><D23/><U33/><E21/><V77/><REACH who="2" step="1"/><F50/><REACH who="2" ten="153,334,102,391" step="2"/><W62/><G48/><T0/><D0/><U36/><E64/><V61/><F61/><W114/><G62/><T53/><D53/><U105/><E36/><V27/><F27/><W90/><G71/><T41/><D41/><U104/><E25/><V82/><AGARI ba="0,2" hai="17,22,24,37,38,77,81,82,84,86,89,91,95,96" machi="82" ten="20,3900,0" yaku="1,1,0,1,7,1,53,0" doraHai="122" doraHaiUra="4" who="2" fromWho="2" sc="153,-13,334,-13,102,59,391,-13" /><INIT seed="6,1,0,0,0,41" ten="140,321,161,378" oya="2" hai0="12,15,16,18,78,86,24,82,53,57,131,99,97" hai1="58,54,1,123,73,84,108,93,116,91,44,48,76" hai2="115,122,62,125,30,49,102,43,50,36,45,69,107" hai3="111,61,114,101,77,31,19,70,128,98,51,79,40"/><V39/><F122/><W106/><G111/><T81/><D131/><U90/><E108/><V21/><F125/><W37/><G37/><T89/><D24/><U14/><E1/><V17/><F115/><W95/><G128/><T33/><D33/><U72/><E123/><V46/><F30/><W71/><G114/><T104/><D104/><U26/><E116/><V119/><F119/><W47/><G106/><T105/><D105/><U74/><E76/><V52/><F107/><W121/><G121/><T126/><D126/><U94/><E26/><V34/><F102/><W38/><G38/><T23/><D89/><U83/><E14/><V4/><F4/><W130/><G130/><T22/><D82/><U120/><E120/><V35/><F35/><W8/><G31/><T132/><D132/><U32/><E32/><V59/><F34/><W85/><G85/><T11/><D11/><U117/><E117/><V87/><F87/><W88/><G101/><T135/><D135/><U9/><E9/><V96/><F69/><W118/><G118/><T66/><D66/><U110/><E110/><V68/><F68/><N who="3" m="26155" /><G61/><AGARI ba="1,0" hai="12,15,16,18,22,23,53,57,61,78,81,86,97,99" machi="61" ten="30,7700,0" yaku="7,1,9,1,8,1,54,1" doraHai="41" who="0" fromWho="3" sc="140,80,321,0,161,0,378,-80" /><INIT seed="7,0,0,0,0,88" ten="220,321,161,298" oya="3" hai0="124,25,30,18,45,38,31,128,46,44,10,33,32" hai1="5,68,20,14,118,62,79,73,106,12,23,59,114" hai2="125,93,134,6,122,97,126,112,71,13,101,27,80" hai3="83,26,99,75,56,2,54,47,57,131,116,22,111"/><W120/><G120/><T82/><D128/><U84/><E59/><V113/><F71/><W42/><G116/><T129/><D129/><U67/><E23/><V21/><F13/><W11/><G131/><T96/><D124/><N who="2" m="47722" /><F6/><W9/><G111/><T19/><D82/><U95/><E84/><V17/><F122/><W87/><G75/><T127/><D127/><U65/><E20/><V89/><F17/><N who="3" m="12623" /><G2/><T39/><D96/><U133/><E62/><V100/><F27/><W91/><G99/><T52/><D52/><U117/><E95/><V8/><F8/><N who="3" m="3147" /><G42/><T37/><D10/><U102/><E102/><N who="2" m="39531" /><F21/><W109/><G109/><T74/><D74/><U49/><E118/><V115/><F80/><W4/><G4/><T51/><D51/><AGARI ba="0,0" hai="47,51,54,56,57,83,87,91" m="3147,12623" machi="51" ten="30,1500,0" yaku="8,1" doraHai="88" who="3" fromWho="0" sc="220,-15,321,0,161,0,298,15" /><INIT seed="7,1,0,3,5,72" ten="205,321,161,313" oya="3" hai0="44,0,43,29,113,46,11,27,23,41,121,104,15" hai1="117,78,123,2,76,77,35,99,55,124,87,57,13" hai2="6,17,5,50,98,116,67,115,126,103,122,132,9" hai3="89,61,100,1,51,64,25,90,118,128,84,7,106"/><W20/><G118/><T110/><D121/><U19/><E13/><V97/><F116/><W62/><G128/><T92/><D110/><U56/><E19/><V33/><F33/><W71/><G61/><T28/><D104/><U70/><E57/><V120/><F67/><W22/><G22/><T105/><D105/><U36/><E55/><V96/><F103/><W133/><G133/><T8/><D0/><U10/><E87/><V127/><F50/><W54/><G1/><T73/><D73/><U80/><E80/><V32/><F32/><W130/><G7/><N who="2" m="2569" /><F9/><N who="0" m="3658" /><D15/><U59/><E35/><V69/><F17/><N who="3" m="12431" /><G130/><T65/><D65/><U94/><E117/><V24/><F24/><W82/><G90/><T88/><D29/><U30/><E30/><V34/><F34/><W91/><G91/><T95/><D95/><U114/><E94/><V102/><F102/><W47/><G106/><T49/><D113/><U21/><E114/><V119/><F115/><W107/><G107/><T53/><D44/><U39/><E123/><N who="2" m="47147" /><F119/><W125/><G100/><T42/><D53/><U38/><E36/><V83/><F83/><W18/><G18/><T75/><D75/><U81/><E38/><V12/><F12/><W58/><G71/><T52/><D41/><U135/><E70/><V48/><F48/><W79/><G79/><T26/><D26/><U93/><E78/><V63/><F132/><W101/><G101/><T16/><D28/><U134/><E135/><V4/><N who="2" m="2577" /><V86/><DORA hai="111" /><F86/><AGARI ba="1,0" hai="16,23,27,42,43,46,49,52,86,88,92" m="3658" machi="86" ten="30,7700,0" yaku="8,1,54,3" doraHai="72,111" who="0" fromWho="2" sc="205,80,321,0,161,-80,313,0" owari="285,-11.0,321,42.0,81,-42.0,313,11.0" /></mjloggm>