<mjloggm ver="2.3"><GO type="169" lobby="0"/><UN n0="%E4%B8%80%E9%96%83%E3%81%95%E3%82%93" n1="%33%E7%95%AA%44%48%E4%BA%95%E7%AB%AF" n2="%E3%81%8B%E3%81%8D" n3="%E3%83%88%E3%83%88%E3%83%AA%E5%85%88%E7%94%9F%31%39%E6%AD%B3" dan="17,16,16,17" rate="2079.86,2139.66,2049.41,2229.89" sx="M,M,M,F"/><TAIKYOKU oya="0"/><INIT seed="0,0,0,3,3,26" ten="250,250,250,250" oya="0" hai0="92,72,71,124,43,130,117,131,15,53,78,75,134" hai1="129,114,37,64,59,69,105,40,47,121,18,48,65" hai2="118,25,103,20,4,54,9,126,125,33,106,61,30" hai3="87,104,127,1,50,107,52,21,108,23,16,0,85"/><T11/><D71/><U60/><E105/><V6/><F106/><W68/><G68/><T27/><D43/><U111/><E18/><V2/><F103/><W42/><G42/><T35/><D117/><U93/><E93/><V10/><F54/><W120/><G108/><T24/><D124/><N who="2" m="47722" /><F61/><W99/><G127/><T98/><D134/><U95/><E111/><V62/><F62/><W83/><G120/><T82/><D72/><U101/><E121/><V55/><F55/><W133/><G23/><T36/><D36/><U135/><E135/><V80/><F80/><W22/><G21/><T66/><D66/><U113/><E129/><N who="0" m="49161" /><D35/><U28/><E28/><V97/><F97/><W74/><G133/><T76/><D76/><U19/><E19/><V67/><F67/><W44/><G104/><T14/><D53/><N who="1" m="32167" /><E65/><V88/><F88/><W100/><G74/><T110/><D15/><U128/><E128/><V29/><F118/><W91/><REACH who="3" step="1"/><G87/><REACH who="3" ten="250,250,250,240" step="2"/><T102/><D110/><U8/><E69/><V115/><F115/><W84/><G84/><T116/><D116/><U41/><E114/><V5/><F2/><W86/><G86/><T132/><D132/><U119/><E113/><V13/><F9/><W17/><G17/><AGARI ba="0,1" hai="11,14,17,24,27,75,78,82,92,98,102" m="49161" machi="17" ten="30,1500,0" yaku="19,1" doraHai="26" who="0" fromWho="3" sc="250,25,250,0,250,0,240,-15" /><INIT seed="0,1,0,0,0,22" ten="275,250,250,225" oya="0" hai0="81,75,108,100,0,102,124,99,103,49,36,123,20" hai1="53,25,122,62,74,111,21,43,5,71,131,87,9" hai2="41,55,107,126,127,96,57,95,51,119,31,104,33" hai3="101,89,18,90,118,60,54,50,67,35,14,32,97"/><T66/><D36/><U65/><E74/><V113/><F113/><W106/><G118/><T1/><D123/><U78/><E111/><V128/><F128/><W17/><G35/><T11/><D108/><U115/><E115/><V38/><F119/><W85/><G32/><T29/><D99/><U133/><E133/><V13/><F41/><W12/><G12/><T91/><D66/><U80/><E131/><V15/><F38/><W88/><G85/><T19/><D124/><N who="2" m="47658" /><F33/><W26/><G14/><N who="2" m="5129" /><F31/><W129/><G129/><T69/><D69/><U34/><E122/><V135/><F135/><W93/><G106/><T63/><D11/><U70/><E34/><V110/><F110/><W134/><G134/><T73/><D29/><U117/><E43/><V109/><F109/><W7/><G7/><T37/><D37/><U120/><E117/><V56/><F56/><N who="3" m="37255" /><G26/><T92/><D1/><U3/><E120/><V84/><F84/><W40/><G40/><T105/><D0/><U130/><E130/><V16/><F16/><N who="3" m="6251" /><G101/><AGARI ba="1,0" hai="51,55,57,95,96,101,104,107" m="5129,47658" machi="101" ten="30,1000,0" yaku="18,1" doraHai="22" who="2" fromWho="3" sc="275,0,250,0,250,13,225,-13" /><INIT seed="1,0,0,1,0,61" ten="275,250,263,212" oya="1" hai0="42,63,57,87,17,22,110,85,119,32,91,11,126" hai1="3,134,133,5,44,123,34,121,23,4,39,107,48" hai2="68,125,116,131,52,132,67,77,127,120,15,58,78" hai3="72,49,38,135,20,70,109,99,114,51,122,88,74"/><U21/><E107/><V55/><F116/><W79/><G114/><T25/><D119/><U104/><E104/><V43/><F120/><N who="1" m="46153" /><E39/><V7/><F132/><N who="1" m="50793" /><E34/><V69/><F7/><N who="1" m="2633" /><E3/><V37/><F15/><W53/><G135/><T35/><D35/><U36/><E36/><V26/><F26/><W18/><G122/><T73/><D25/><U62/><E62/><N who="2" m="38359" /><F78/><W13/><G79/><T95/><D63/><U80/><E80/><V59/><F77/><W60/><G38/><T64/><D32/><U118/><E118/><V89/><F89/><W93/><G51/><T31/><D91/><U82/><E82/><V16/><F37/><W96/><G96/><T45/><D73/><U106/><E106/><V101/><F55/><AGARI ba="0,0" hai="21,23,44,48,55" m="2633,50793,46153" machi="55" ten="30,1500,0" yaku="20,1" doraHai="61" who="1" fromWho="2" sc="275,0,250,15,263,-15,212,0" /><INIT seed="1,1,0,4,1,30" ten="275,265,248,212" oya="1" hai0="114,88,108,23,134,132,75,56,8,85,90,24,79" hai1="58,133,50,46,53,111,66,21,28,31,92,120,74" hai2="26,131,41,119,6,18,0,130,77,61,89,115,124" hai3="42,60,107,39,100,93,69,59,98,125,35,67,38"/><U117/><E120/><V118/><F77/><W55/><G125/><T68/><D68/><U11/><E117/><N who="2" m="44555" /><F89/><W126/><G126/><T49/><D114/><U101/><E74/><V112/><F61/><W5/><G5/><T7/><D75/><U1/><E133/><N who="0" m="51305" /><D108/><U128/><E111/><V91/><F91/><W27/><G93/><T86/><D79/><U25/><E128/><N who="2" m="49195" /><F41/><W83/><G83/><T104/><D104/><U80/><E80/><V97/><F97/><W52/><G42/><T81/><D56/><U70/><E70/><V121/><F124/><W78/><G78/><T65/><D65/><U36/><E101/><V87/><F87/><W135/><G135/><T76/><D49/><U51/><E36/><V116/><F116/><W47/><G47/><T19/><D86/><U48/><E92/><V45/><F45/><W96/><G96/><T95/><D95/><U123/><E66/><V110/><F110/><W113/><G113/><N who="2" m="43593" /><F121/><W20/><G55/><T127/><D127/><U105/><E123/><V129/><F129/><W73/><G73/><T33/><D90/><U82/><E46/><V12/><F26/><W15/><G59/><T102/><D102/><U9/><E105/><V3/><F6/><W71/><G52/><T57/><D57/><U16/><E82/><V99/><F99/><W64/><G64/><T84/><D76/><U109/><E109/><V54/><F54/><W14/><G71/><T13/><D85/><U43/><E43/><V2/><F2/><W4/><G100/><T32/><AGARI ba="1,0" hai="7,8,13,19,23,24,32,33,81,84,88" m="51305" machi="32" ten="30,7900,0" yaku="20,1,52,2,54,1" doraHai="30" who="0" fromWho="0" sc="275,82,265,-40,248,-21,212,-21" /><INIT seed="2,0,0,4,0,20" ten="357,225,227,191" oya="2" hai0="62,96,108,10,47,89,30,97,126,105,2,39,125" hai1="13,26,118,42,132,77,99,115,21,109,41,46,100" hai2="28,72,50,16,37,40,78,19,15,17,14,24,82" hai3="64,55,121,51,84,11,23,66,49,4,129,58,71"/><V74/><F37/><W134/><G121/><T119/><D108/><U128/><E109/><V22/><REACH who="2" step="1"/><F72/><REACH who="2" ten="357,225,217,191" step="2"/><W91/><G129/><T48/><D39/><U114/><E128/><V98/><F98/><W133/><G134/><T116/><D97/><U75/><E132/><V102/><F102/><W8/><G133/><T83/><D96/><U73/><E99/><V135/><F135/><W85/><G84/><T103/><D103/><U53/><E100/><V12/><F12/><W122/><G122/><T87/><D116/><U131/><E13/><V6/><F6/><W54/><G4/><T7/><D119/><U18/><E118/><V3/><F3/><W34/><G85/><T61/><D2/><U93/><E73/><V38/><F38/><W101/><G101/><T45/><D7/><U79/><E75/><V33/><F33/><W69/><G34/><T112/><D87/><U25/><E115/><V94/><F94/><W65/><G71/><T0/><D112/><U35/><E93/><V44/><AGARI ba="0,1" hai="14,15,16,17,19,22,24,28,40,44,50,74,78,82" machi="44" ten="30,11700,0" yaku="1,1,0,1,52,1,54,1,53,0" doraHai="20" doraHaiUra="110" who="2" fromWho="2" sc="357,-39,225,-39,217,127,191,-39" /><INIT seed="2,1,0,3,1,92" ten="318,186,344,152" oya="2" hai0="66,106,129,65,112,10,11,64,12,18,125,4,113" hai1="127,110,79,73,72,124,27,3,9,55,35,46,19" hai2="109,50,29,78,15,103,40,42,75,33,122,131,82" hai3="60,62,0,41,21,14,84,6,39,83,111,130,68"/><V95/><F122/><W49/><G0/><T86/><D106/><U97/><E110/><V20/><F109/><W52/><G111/><T61/><D125/><N who="1" m="48203" /><E79/><V28/><F131/><W44/><G130/><T90/><D129/><U121/><E121/><V13/><F33/><W7/><G21/><T24/><D61/><U126/><E126/><V54/><F42/><W77/><G14/><T117/><D117/><U89/><E3/><V120/><F40/><W51/><G51/><T101/><D101/><U98/><E89/><V100/><F120/><W8/><G8/><T71/><D71/><U115/><E115/><V17/><F13/><W22/><G22/><T63/><D63/><U107/><E107/><V135/><F135/><W30/><G30/><T128/><D128/><U118/><E118/><V108/><F108/><W87/><G87/><T53/><D53/><U43/><E55/><V59/><REACH who="2" step="1"/><F103/><REACH who="2" ten="318,186,334,152" step="2"/><W1/><G1/><T133/><D133/><U94/><E35/><V36/><F36/><W5/><REACH who="3" step="1"/><G68/><REACH who="3" ten="318,186,334,142" step="2"/><T116/><D116/><U119/><E119/><V104/><F104/><W134/><G134/><T23/><D112/><U81/><E27/><V57/><F57/><AGARI ba="1,2" hai="5,6,7,39,41,44,49,52,57,60,62,77,83,84" machi="57" ten="40,2600,0" yaku="1,1,54,1,53,0" doraHai="92" doraHaiUra="123" who="3" fromWho="2" sc="318,0,186,0,334,-29,142,49" /><INIT seed="3,0,0,5,2,122" ten="318,186,305,191" oya="3" hai0="10,110,22,33,27,63,114,84,58,42,39,6,61" hai1="72,48,127,78,111,130,25,107,82,94,71,4,31" hai2="105,37,85,15,79,91,93,32,102,135,121,95,9" hai3="100,49,26,115,30,14,108,28,69,90,24,118,64"/><W98/><G118/><T88/><D33/><U19/><E107/><V126/><F32/><W83/><G115/><T134/><D114/><U124/><E71/><V125/><F37/><W44/><G108/><T73/><D73/><U54/><E130/><V70/><F70/><W120/><G120/><T5/><D134/><U131/><E131/><V18/><F121/><W51/><G69/><T29/><D110/><U40/><E40/><V50/><F135/><W75/><G64/><T2/><D6/><U109/><E4/><V0/><F0/><W117/><G117/><T36/><D42/><U92/><E19/><V74/><F95/><N who="1" m="36393" /><E54/><V34/><F34/><W97/><G14/><T7/><D7/><U113/><E48/><N who="3" m="18506" /><G75/><T133/><D133/><U87/><E113/><V119/><F50/><W41/><G100/><T1/><D1/><U112/><E112/><V81/><REACH who="2" step="1"/><F119/><REACH who="2" ten="318,186,295,191" step="2"/><W45/><G41/><T67/><REACH who="0" step="1"/><D63/><REACH who="0" ten="308,186,295,191" step="2"/><U76/><E111/><V123/><F123/><W35/><G44/><T57/><D57/><U104/><E109/><V66/><F66/><W21/><G45/><T128/><D128/><U46/><E46/><V23/><F23/><W47/><G35/><T65/><D65/><U80/><E104/><V129/><F129/><W17/><G47/><T13/><D13/><U3/><E3/><V101/><F101/><W86/><G26/><T38/><D38/><U16/><E25/><V59/><F59/><W55/><G55/><T11/><D11/><U96/><E72/><V103/><F103/><W77/><G98/><AGARI ba="0,2" hai="9,15,18,74,79,81,85,91,93,98,102,105,125,126" machi="98" ten="40,8000,1" yaku="1,1,24,2,53,1" doraHai="122" doraHaiUra="89" who="2" fromWho="3" sc="308,0,186,0,295,100,191,-80" /><INIT seed="4,0,0,4,1,39" ten="308,186,395,111" oya="0" hai0="68,24,122,117,61,77,70,58,116,10,40,0,128" hai1="133,130,14,113,45,31,38,30,21,65,6,26,55" hai2="35,95,98,90,3,109,33,37,23,83,7,53,118" hai3="125,96,135,78,42,69,87,80,44,114,28,19,123"/><T29/><D122/><U79/><E133/><V94/><F109/><W111/><G111/><T51/><D128/><U59/><E130/><V100/><F118/><W103/><G123/><T63/><D77/><U115/><E65/><V4/><F37/><W25/><G69/><T20/><D63/><U18/><E79/><V36/><F36/><W54/><G135/><T41/><D116/><U75/><E75/><V72/><F35/><W119/><G119/><T76/><D117/><U104/><E104/><V126/><F33/><W89/><G114/><N who="1" m="43530" /><E38/><V48/><F126/><W88/><G125/><T131/><D131/><U17/><E45/><N who="2" m="27791" /><F83/><W46/><G19/><T120/><D120/><U32/><E6/><V73/><F3/><W127/><G54/><T108/><D76/><U110/><E110/><V81/><F81/><W74/><G127/><T2/><D108/><U129/><E129/><V105/><F105/><W86/><G74/><T124/><D124/><U101/><E101/><V112/><F73/><W121/><G121/><T43/><D51/><N who="1" m="31231" /><E32/><V66/><F72/><W9/><G78/><T84/><D84/><U34/><E34/><V12/><F66/><W82/><G44/><T11/><D2/><U49/><E49/><V60/><F60/><W132/><G132/><T27/><D27/><U64/><E64/><V71/><F71/><N who="0" m="27178" /><D0/><U57/><E57/><V62/><F62/><W16/><G46/><T47/><D47/><U97/><E97/><N who="2" m="59447" /><F112/><W13/><G96/><T15/><D15/><U91/><E91/><V52/><F52/><W22/><G103/><T50/><D50/><RYUUKYOKU ba="0,0" sc="308,0,186,0,395,0,111,0" hai0="10,11,20,24,29,40,41,43,58,61" hai1="14,17,18,21,26,30,31" hai2="4,7,12,23,90,95,98" hai3="9,13,16,22,25,28,42,80,82,86,87,88,89" /><INIT seed="4,1,0,2,1,125" ten="308,186,395,111" oya="0" hai0="41,48,19,116,133,84,0,127,68,22,114,61,55" hai1="36,70,103,8,18,105,94,88,85,59,118,17,4" hai2="2,37,83,78,51,104,42,100,110,113,135,45,73" hai3="32,11,131,69,63,3,72,57,86,10,26,101,96"/><T16/><D116/><U34/><E70/><V91/><F110/><W75/><G69/><T64/><D0/><U93/><E118/><V44/><F113/><W122/><G122/><T120/><D120/><U119/><E119/><V77/><F135/><W49/><G49/><T25/><D133/><U14/><E34/><V90/><F78/><W38/><G38/><T80/><D114/><U53/><E36/><V39/><F39/><W20/><G32/><T5/><D127/><U115/><E105/><V43/><F100/><W52/><G86/><T89/><D5/><U35/><E35/><V126/><F104/><W117/><G117/><T21/><D41/><U97/><REACH who="1" step="1"/><E115/><REACH who="1" ten="308,176,395,111" step="2"/><V107/><F107/><W92/><G131/><T98/><D98/><U66/><E66/><V128/><F128/><W132/><G132/><T33/><D33/><U30/><E30/><V24/><F126/><W124/><G124/><T29/><REACH who="0" step="1"/><D22/><REACH who="0" ten="298,176,395,111" step="2"/><U1/><E1/><V130/><F2/><W23/><G23/><T7/><D7/><U108/><E108/><V40/><F37/><W12/><G3/><T46/><AGARI ba="1,2" hai="16,19,21,25,29,46,48,55,61,64,68,80,84,89" machi="46" ten="20,12000,1" yaku="1,1,0,1,7,1,54,1,53,1" doraHai="125" doraHaiUra="65" who="0" fromWho="0" sc="298,143,176,-41,395,-41,111,-41" /><INIT seed="4,2,0,5,2,81" ten="441,135,354,70" oya="0" hai0="33,66,134,21,76,34,131,92,130,108,90,44,128" hai1="114,127,39,4,2,103,51,105,88,74,65,71,46" hai2="38,53,1,84,10,122,40,62,41,104,19,121,63" hai3="72,23,31,16,58,47,43,59,52,24,26,20,132"/><T50/><D134/><U95/><E127/><V109/><F109/><W82/><G132/><T78/><D66/><U57/><E74/><V107/><F53/><W30/><G72/><T7/><D7/><U5/><E114/><V48/><F48/><W94/><G82/><T118/><D118/><U13/><E2/><V64/><F1/><W12/><G94/><T28/><D21/><U3/><E3/><V80/><F80/><W11/><REACH who="3" step="1"/><G52/><REACH who="3" ten="441,135,354,60" step="2"/><N who="0" m="29767" /><D108/><U56/><E95/><V85/><F64/><W73/><G73/><T100/><D100/><U18/><E103/><V106/><F106/><W125/><G125/><T75/><D75/><U133/><E105/><V83/><F83/><W79/><G79/><N who="0" m="30251" /><D28/><U98/><E133/><V101/><F101/><W119/><G119/><T86/><AGARI ba="2,1" hai="33,34,86,90,92,128,130,131" m="30251,29767" machi="86" ten="40,7800,0" yaku="19,1,52,1,54,1" doraHai="81" who="0" fromWho="0" sc="441,94,135,-28,354,-28,60,-28" /><INIT seed="4,3,0,3,3,106" ten="535,107,326,32" oya="0" hai0="85,94,24,77,14,47,102,52,132,29,36,55,115" hai1="84,20,6,63,83,134,7,105,112,8,119,126,109" hai2="51,86,101,116,57,60,39,91,48,21,111,76,59" hai3="4,82,5,9,95,122,12,118,135,128,67,74,45"/><T17/><D115/><U34/><E112/><V89/><F111/><W121/><G118/><T33/><D132/><U1/><E34/><V42/><F39/><W44/><G135/><T35/><D35/><U2/><E119/><V103/><F116/><W43/><G128/><T32/><D32/><U75/><E75/><V131/><F131/><W100/><G67/><T130/><D130/><U50/><E105/><V25/><F76/><N who="3" m="44311" /><G5/><T15/><D77/><U72/><E134/><V120/><F120/><N who="3" m="46187" /><G43/><T96/><D85/><U99/><E109/><V110/><F110/><W64/><G64/><T113/><D113/><U58/><E84/><V22/><F42/><W46/><G95/><T70/><D70/><U41/><E7/><V23/><F25/><W117/><G100/><N who="2" m="38473" /><F86/><W93/><G93/><T37/><D15/><U129/><E6/><V10/><F10/><W30/><G117/><T124/><D37/><U16/><E8/><V87/><F87/><W31/><AGARI ba="3,0" hai="4,9,12,30,31,44,45,46" m="46187,44311" machi="31" ten="40,2700,0" yaku="13,1,52,1" doraHai="106" who="3" fromWho="3" sc="535,-16,107,-10,326,-10,32,36" /><INIT seed="5,0,0,4,2,19" ten="519,97,316,68" oya="1" hai0="93,103,86,28,17,55,70,7,115,125,14,72,130" hai1="46,81,68,133,10,126,5,83,123,9,1,124,35" hai2="109,48,24,78,112,122,119,25,95,75,92,39,131" hai3="34,56,117,63,89,8,11,18,20,31,67,82,27"/><U132/><E123/><V127/><F109/><W3/><G117/><T79/><D70/><U13/><E68/><V45/><F39/><W33/><G3/><T12/><D28/><U90/><E46/><V135/><F119/><W44/><G33/><T110/><D72/><U32/><E90/><V96/><F122/><W87/><REACH who="3" step="1"/><G44/><REACH who="3" ten="519,97,316,58" step="2"/><T66/><D110/><U64/><E35/><V101/><F45/><W94/><G94/><T21/><D93/><U74/><E32/><V49/><F95/><W15/><AGARI ba="0,1" hai="8,11,15,18,20,27,31,34,56,63,67,82,87,89" machi="15" ten="20,5200,0" yaku="1,1,0,1,7,1,52,1,53,0" doraHai="19" doraHaiUra="105" who="3" fromWho="3" sc="519,-13,97,-26,316,-13,58,62" /><INIT seed="6,0,0,5,4,62" ten="506,71,303,120" oya="2" hai0="45,35,77,1,74,63,92,44,37,104,80,73,61" hai1="21,3,17,98,51,75,111,79,71,20,25,10,7" hai2="129,123,22,118,108,38,6,125,70,102,9,12,46" hai3="106,0,19,101,95,23,33,120,5,133,39,86,57"/><V93/><F70/><W82/><G120/><T50/><D104/><U66/><E111/><V30/><F38/><W31/><G39/><T58/><D1/><U47/><E79/><V115/><F46/><W18/><G106/><T27/><D73/><U60/><E75/><V119/><F93/><W11/><G133/><T83/><D83/><U81/><E81/><V132/><F102/><W124/><G124/><T91/><D37/><U134/><E134/><V29/><F132/><W121/><G121/><T109/><D61/><U135/><E135/><V41/><F41/><W107/><G107/><T55/><D109/><U110/><E110/><V105/><F105/><W32/><G18/><T56/><D27/><U112/><E112/><V100/><F100/><W117/><G117/><N who="2" m="44553" /><F108/><W69/><G31/><N who="2" m="11785" /><F123/><W48/><G69/><T13/><D45/><U103/><E21/><V4/><F125/><W116/><G116/><T89/><D58/><U16/><E17/><N who="2" m="8335" /><F115/><W99/><G48/><T15/><D91/><U72/><E72/><V127/><F127/><W53/><G53/><T97/><D35/><U24/><E51/><V54/><F54/><AGARI ba="0,0" hai="13,15,44,50,54,55,56,63,74,77,80,89,92,97" machi="54" ten="30,1000,0" yaku="7,1" doraHai="62" who="0" fromWho="2" sc="506,10,71,0,303,-10,120,0" /><INIT seed="7,0,0,2,1,56" ten="516,71,293,120" oya="3" hai0="67,50,96,92,72,51,108,80,83,129,9,53,82" hai1="57,130,49,41,125,73,100,39,74,123,110,109,70" hai2="69,78,121,131,32,117,54,44,111,22,15,31,40" hai3="37,128,75,97,95,102,107,122,84,29,112,127,25"/><W19/><G122/><T94/><D108/><U87/><E123/><V63/><F121/><W45/><G75/><T17/><D129/><U59/><E130/><V46/><F111/><W86/><G128/><T42/><D72/><U16/><E70/><V30/><F131/><W119/><G19/><T52/><D67/><U105/><E125/><V99/><F32/><W34/><G127/><T101/><D94/><U3/><E39/><V27/><F117/><W133/><G119/><T36/><D36/><U93/><E3/><V2/><F2/><W76/><G45/><N who="0" m="25911" /><D51/><U132/><E132/><V98/><F78/><W33/><G76/><T91/><D101/><U71/><E71/><V81/><F81/><W77/><G25/><T20/><D9/><U118/><E118/><V134/><F134/><W85/><G37/><T116/><D116/><U113/><E105/><V79/><F79/><W1/><G1/><T28/><D28/><U62/><E74/><V18/><F31/><W120/><G29/><T114/><D114/><U13/><E73/><V90/><F90/><W6/><G107/><T66/><D83/><U89/><E113/><V64/><F46/><W35/><G112/><T12/><D82/><U124/><E124/><V7/><F30/><W60/><G120/><T10/><D80/><U38/><E38/><V106/><F27/><W21/><G85/><T126/><D126/><U14/><E110/><V4/><F106/><W135/><G6/><T0/><D91/><U48/><E109/><V47/><F4/><W5/><G21/><T55/><D0/><U65/><E16/><RYUUKYOKU ba="0,0" sc="516,0,71,0,293,0,120,0" owari="516,62.0,71,-43.0,293,9.0,120,-28.0" /></mjloggm>