<mjloggm ver="2.3"><GO type="97" lobby="0"/><UN n0="%4F%4E%4F%46%46" n1="%E3%81%8B%E3%81%96%E3%81%B0%E3%81%AA" n2="%E5%B0%B1%E6%B4%BB%E7%94%9F%40%E5%B7%9D%E6%9D%91%E8%BB%8D%E5%9B%A3" n3="%68%61%74%6F%38%31%30" dan="14,14,14,13" rate="1912.56,1897.74,1977.15,1857.79" sx="M,M,M,M"/><TAIKYOKU oya="0"/><INIT seed="0,0,0,4,3,124" ten="250,250,250,250" oya="0" hai0="68,108,90,43,35,2,13,110,1,18,91,79,38" hai1="93,113,63,85,52,72,88,73,133,56,86,87,127" hai2="126,99,62,131,104,9,97,82,129,3,14,11,84" hai3="83,118,76,114,122,134,5,29,81,53,89,46,66"/><T117/><D35/><U78/><E127/><V71/><F126/><W34/><G114/><T17/><D117/><U59/><E133/><V7/><F71/><W41/><G118/><T67/><D79/><U28/><E113/><V47/><F47/><W22/><G134/><T23/><D68/><U21/><E28/><V12/><F62/><W92/><G34/><T54/><D67/><U115/><E115/><V61/><F61/><W101/><G101/><T109/><D54/><U94/><E21/><V39/><F39/><W37/><G5/><T55/><D55/><U6/><E6/><V123/><F123/><W95/><G66/><T111/><N who="0" m="28160" /><DORA hai="8" /><T121/><D121/><U105/><E105/><V128/><F104/><W74/><G53/><T65/><D65/><U16/><E59/><V15/><F9/><W25/><G122/><T103/><D103/><U112/><E112/><V30/><F30/><W45/><G45/><N who="0" m="23799" /><D18/><U106/><E106/><V36/><F36/><W130/><G130/><T98/><D98/><U100/><E16/><V31/><F31/><W75/><G89/><AGARI ba="0,0" hai="1,2,13,17,23,89,90,91" m="23799,28160" machi="89" ten="60,11600,0" yaku="14,1,10,1,52,1" doraHai="124,8" who="0" fromWho="3" sc="250,116,250,0,250,0,250,-116" /><AGARI ba="0,0" hai="3,7,11,12,14,15,82,84,89,97,99,128,129,131" machi="89" ten="50,12000,2" yaku="19,1,52,6" doraHai="124,8" who="2" fromWho="3" sc="366,0,250,0,250,120,134,-120" /><INIT seed="0,1,0,4,4,14" ten="366,250,370,14" oya="0" hai0="108,122,132,111,82,38,59,28,77,130,98,6,51" hai1="55,102,115,11,46,84,114,117,81,119,113,128,17" hai2="48,43,10,97,62,89,45,35,18,64,129,30,47" hai3="100,39,66,107,109,135,61,9,125,133,121,78,90"/><T16/><D122/><U85/><E128/><V95/><F129/><W12/><G109/><N who="0" m="42059" /><D130/><U34/><E34/><V68/><F35/><W50/><G39/><T58/><D38/><U56/><E46/><V116/><F30/><W94/><G125/><T75/><D132/><U25/><E102/><V92/><F116/><N who="1" m="44617" /><E81/><V36/><F92/><W52/><G121/><T134/><D134/><N who="3" m="51209" /><G78/><T63/><D28/><U96/><E96/><V60/><F60/><W41/><G41/><T54/><D6/><U24/><E24/><V57/><F68/><N who="3" m="42063" /><G100/><T23/><D98/><U118/><E118/><V83/><F83/><W0/><G0/><T65/><D23/><N who="1" m="13551" /><E11/><V26/><F26/><W21/><G21/><T80/><D82/><U69/><E69/><V71/><F71/><W44/><G107/><T1/><D1/><U19/><E19/><AGARI ba="1,0" hai="16,19,51,54,58,59,63,65,75,77,80" m="42059" machi="19" ten="30,12000,1" yaku="14,1,10,1,52,2,54,1" doraHai="14" who="0" fromWho="1" sc="366,123,250,-123,370,0,14,0" /><INIT seed="0,2,0,3,2,6" ten="489,127,370,14" oya="0" hai0="120,78,27,131,111,64,53,25,43,102,60,116,58" hai1="38,48,30,97,124,49,128,55,39,117,89,129,52" hai2="40,118,94,50,115,61,134,10,13,108,22,98,62" hai3="86,71,103,12,70,99,0,80,73,2,79,35,81"/><T74/><D116/><U90/><E117/><V1/><F115/><W135/><G35/><T47/><D120/><U87/><E30/><V95/><F118/><W83/><G135/><T17/><D131/><N who="1" m="50251" /><E124/><V37/><F37/><N who="1" m="13833" /><E97/><V121/><F121/><W41/><G41/><T93/><D43/><U88/><E87/><V46/><F134/><W113/><G113/><T23/><D74/><U130/><N who="1" m="50259" /><U34/><DORA hai="126" /><E34/><V91/><F108/><W123/><G123/><T65/><D111/><U119/><E119/><V9/><F1/><W63/><G12/><T15/><D78/><U66/><E66/><N who="0" m="25705" /><D47/><U16/><E16/><N who="2" m="10511" /><F95/><W4/><G63/><AGARI ba="2,0" hai="9,10,40,46,50,61,62,63,91,94,98" m="10511" machi="63" ten="30,7700,0" yaku="8,1,52,2,54,1" doraHai="6,126" who="2" fromWho="3" sc="489,0,127,0,370,83,14,-83" owari="489,59.0,127,-27.0,453,25.0,-69,-57.0" /></mjloggm>