<mjloggm ver="2.3"><GO type="169" lobby="0"/><UN n0="%61%6D%61%74%6F%75" n1="%E3%81%86%E3%81%83%E3%83%BC%E3%81%A1%E3%82%83%E3%82%93" n2="%E3%81%86%E3%81%8D%E3%81%A7%E3%82%93" n3="%E3%82%A6%E3%83%AB%E3%83%88%E3%83%A9%E7%AB%8B%E7%9B%B4" dan="16,17,17,17" rate="2092.98,2228.97,2226.09,2194.33" sx="M,M,M,M"/><TAIKYOKU oya="0"/><INIT seed="0,0,0,1,5,0" ten="250,250,250,250" oya="0" hai0="106,120,28,20,23,39,115,117,55,89,75,21,73" hai1="82,60,98,100,29,70,88,22,3,25,8,34,129" hai2="133,47,109,30,116,43,71,114,36,72,99,76,65" hai3="9,110,2,13,77,12,59,51,41,83,38,130,95"/><T33/><D115/><U52/><E129/><V31/><F114/><W64/><G130/><T37/><D117/><U15/><E3/><V80/><F116/><W61/><G110/><T134/><D120/><U66/><E52/><V125/><F109/><W18/><G2/><T63/><D134/><U123/><E123/><V135/><F125/><W105/><G105/><T90/><D106/><U6/><E22/><V68/><F99/><W111/><G111/><T78/><D33/><U101/><REACH who="1" step="1"/><E82/><REACH who="1" ten="250,240,250,250" step="2"/><V53/><F53/><W27/><G83/><T131/><D131/><U127/><E127/><V58/><F80/><W44/><G44/><T26/><D55/><U32/><E32/><V24/><F47/><W62/><G61/><T42/><D63/><U67/><E67/><V107/><F65/><W112/><G62/><T92/><D42/><U85/><E85/><V93/><F43/><W35/><G41/><T69/><D26/><U91/><E91/><V119/><F24/><W128/><G27/><T124/><D124/><U17/><E17/><V46/><F46/><W86/><G35/><T122/><D122/><U81/><E81/><V103/><F119/><W74/><G128/><T113/><D113/><U104/><E104/><V49/><F107/><W4/><G112/><T45/><D28/><U5/><E5/><V96/><F31/><W79/><G64/><T7/><D7/><U54/><E54/><V19/><F19/><W40/><G18/><T10/><D90/><U14/><E14/><N who="3" m="5738" /><G4/><T11/><D45/><U94/><AGARI ba="0,1" hai="6,8,15,25,29,34,60,66,70,88,94,98,100,101" machi="94" ten="30,7900,0" yaku="1,1,0,1,52,1,54,1,53,0" doraHai="0" doraHaiUra="132" who="1" fromWho="1" sc="250,-39,240,89,250,-20,250,-20" /><INIT seed="1,0,0,3,2,12" ten="211,329,230,230" oya="1" hai0="54,102,70,113,95,21,44,81,114,51,119,18,7" hai1="84,6,82,106,123,85,118,131,11,4,125,29,24" hai2="49,2,31,45,121,48,14,111,69,64,20,104,0" hai3="132,75,130,117,127,115,66,79,89,38,72,134,108"/><U128/><E106/><V99/><F111/><W124/><G66/><T55/><D119/><U9/><E118/><V30/><F121/><W78/><G38/><T91/><D70/><U112/><E112/><V90/><F69/><W88/><G117/><T126/><D126/><N who="3" m="48169" /><G115/><T59/><D7/><U8/><E125/><V135/><F135/><N who="3" m="51755" /><G108/><T32/><D32/><U68/><E68/><V57/><F104/><W105/><G105/><T76/><D102/><U5/><E123/><V25/><F64/><W109/><G109/><T98/><D76/><N who="3" m="29225" /><G130/><N who="1" m="49706" /><E82/><V41/><F49/><W60/><G60/><T73/><D81/><U67/><E67/><V133/><F48/><W15/><G15/><T122/><D122/><U34/><AGARI ba="0,0" hai="4,5,6,8,9,11,24,29,34,84,85" m="49706" machi="34" ten="40,2100,0" yaku="19,1" doraHai="12" who="1" fromWho="1" sc="211,-7,329,21,230,-7,230,-7" /><INIT seed="1,1,0,5,3,6" ten="204,350,223,223" oya="1" hai0="113,75,100,81,29,16,87,82,127,118,51,109,57" hai1="17,103,108,50,66,8,78,77,59,10,125,93,126" hai2="124,85,18,121,60,3,129,83,131,9,84,53,12" hai3="43,52,42,102,111,64,31,123,79,101,21,94,92"/><U15/><E108/><V134/><F121/><W62/><G111/><T54/><D113/><U34/><E34/><V69/><F124/><N who="1" m="47721" /><E103/><V97/><F134/><W24/><G123/><T39/><D127/><U22/><E93/><V46/><F3/><W30/><G79/><N who="1" m="30218" /><E50/><N who="2" m="28887" /><F97/><W49/><G31/><T86/><D75/><U132/><E132/><V32/><F32/><W35/><G35/><T73/><D73/><U68/><E68/><V99/><F99/><W98/><G94/><T95/><D109/><U1/><E1/><V71/><F60/><AGARI ba="1,0" hai="8,10,15,17,22,59,60,66" m="30218,47721" machi="60" ten="30,5800,0" yaku="18,1,52,2" doraHai="6" who="1" fromWho="2" sc="204,0,350,61,223,-61,223,0" /><INIT seed="1,2,0,0,1,89" ten="204,411,162,223" oya="1" hai0="8,50,4,11,124,133,19,58,24,6,99,66,53" hai1="26,83,5,127,30,61,9,14,111,55,33,10,95" hai2="72,40,20,3,107,64,87,59,80,86,62,41,2" hai3="21,60,119,42,12,63,28,76,103,25,134,69,82"/><U44/><E127/><V121/><F121/><W85/><G134/><T22/><D133/><U73/><E111/><V112/><F112/><W81/><G119/><T92/><D124/><U43/><E10/><N who="0" m="3625" /><D66/><U57/><E73/><V79/><F107/><W109/><G109/><T105/><D105/><U104/><E104/><V39/><F20/><W67/><G42/><T128/><D128/><U135/><E83/><V54/><F41/><W78/><G103/><AGARI ba="2,0" hai="4,6,19,22,24,50,53,58,92,99,103" m="3625" machi="103" ten="30,2000,0" yaku="8,1,52,1" doraHai="89" who="0" fromWho="3" sc="204,26,411,0,162,0,223,-26" /><INIT seed="2,0,0,0,1,63" ten="230,411,162,197" oya="2" hai0="33,91,129,81,41,68,104,80,113,10,29,98,112" hai1="100,111,107,93,70,110,26,51,25,7,3,1,130" hai2="11,37,50,44,21,79,42,57,16,61,5,135,96" hai3="133,6,20,58,65,124,77,128,94,108,38,117,22"/><V46/><F135/><W88/><G38/><T85/><D129/><U73/><E73/><V39/><F79/><W2/><G2/><T36/><D10/><U106/><E70/><V131/><F131/><W105/><G105/><T101/><D80/><U31/><E51/><V4/><F96/><N who="3" m="57415" /><G108/><N who="1" m="41514" /><E130/><V97/><F97/><W69/><G69/><T53/><D53/><U18/><E93/><V78/><F78/><W30/><G133/><T103/><D103/><U66/><E66/><N who="2" m="39215" /><F39/><W14/><G128/><T45/><REACH who="0" step="1"/><D68/><REACH who="0" ten="220,411,162,197" step="2"/><U115/><E100/><V95/><F11/><N who="3" m="4471" /><G117/><T56/><D56/><U12/><E1/><V27/><F46/><W74/><G74/><T127/><D127/><U59/><E3/><V23/><F44/><W83/><G124/><T32/><D32/><U90/><E59/><V109/><F109/><W15/><G83/><T9/><D9/><U67/><E7/><V116/><F5/><W122/><G58/><T13/><D13/><U123/><E12/><V35/><F35/><W8/><G8/><T86/><D86/><U75/><E75/><V114/><F4/><W118/><G118/><T62/><D62/><U89/><E25/><AGARI ba="0,1" hai="25,29,33,36,41,45,81,85,91,98,101,104,112,113" machi="25" ten="40,2600,0" yaku="1,1,53,1" doraHai="63" doraHaiUra="28" who="0" fromWho="1" sc="220,36,411,-26,162,0,197,0" /><INIT seed="3,0,0,0,4,77" ten="256,385,162,197" oya="3" hai0="72,100,97,0,108,85,112,27,111,65,18,39,81" hai1="54,48,30,51,57,82,113,23,116,8,34,109,91" hai2="71,133,22,15,67,69,7,17,36,64,55,32,135" hai3="21,80,37,75,134,99,25,117,66,19,124,115,114"/><W14/><G117/><T60/><D0/><U83/><E116/><V129/><F32/><W50/><G37/><T59/><D39/><U96/><E34/><V33/><F33/><W2/><G2/><T107/><D72/><U92/><E113/><V47/><F129/><W74/><G74/><T38/><D38/><U43/><E109/><V42/><F55/><W31/><G124/><T63/><D112/><U105/><E105/><V44/><F44/><W61/><G134/><N who="2" m="51209" /><F7/><W98/><G50/><T119/><D119/><U45/><E8/><V102/><F102/><W78/><G114/><T40/><D40/><U24/><AGARI ba="0,0" hai="23,24,30,43,45,48,51,54,57,82,83,91,92,96" machi="24" ten="30,7900,0" yaku="0,1,8,1,52,2" doraHai="77" who="1" fromWho="1" sc="256,-20,385,79,162,-20,197,-39" /><INIT seed="4,0,0,4,0,63" ten="236,464,142,158" oya="0" hai0="109,119,66,48,5,18,92,74,123,67,108,82,90" hai1="57,80,28,77,98,40,114,39,52,75,103,112,69" hai2="23,71,120,6,53,12,58,13,111,16,51,97,2" hai3="116,84,62,47,8,27,94,115,0,3,32,89,132"/><T22/><D119/><U110/><E110/><N who="0" m="42601" /><D123/><U61/><E28/><V101/><F120/><W88/><G115/><N who="1" m="44074" /><E69/><V60/><F111/><W91/><G116/><T31/><D31/><U70/><E70/><V14/><F2/><W38/><G132/><T29/><D29/><U86/><E40/><V11/><F13/><W59/><G32/><T21/><D5/><U68/><E68/><V124/><F124/><W54/><G3/><T44/><D74/><U105/><E39/><V127/><F127/><W56/><G0/><T49/><D82/><U26/><E26/><V104/><REACH who="2" step="1"/><F71/><REACH who="2" ten="236,464,132,158" step="2"/><W33/><G27/><N who="0" m="14775" /><D22/><U15/><E15/><V9/><F9/><W102/><G8/><T134/><D134/><U96/><E96/><V95/><F95/><W1/><G94/><T78/><D78/><U133/><E133/><V19/><F19/><W35/><G35/><T131/><D131/><U55/><E75/><V99/><F99/><W87/><G33/><T118/><D118/><U100/><E100/><V64/><F64/><AGARI ba="0,1" hai="52,55,57,61,64,77,80,86,98,103,105" m="44074" machi="64" ten="30,7700,0" yaku="15,1,11,1,52,1,54,1" doraHai="63" who="1" fromWho="2" sc="236,0,464,87,132,-77,158,0" /><INIT seed="5,0,0,1,2,27" ten="236,551,55,158" oya="1" hai0="96,23,107,37,84,85,106,82,72,3,125,123,28" hai1="4,15,91,59,130,133,14,39,117,9,119,56,42" hai2="98,83,54,63,35,75,101,45,21,129,127,20,109" hai3="100,41,43,6,19,12,13,95,18,97,32,49,105"/><U25/><E130/><V16/><F109/><W30/><G105/><T115/><D3/><U80/><E133/><V121/><F121/><W88/><G6/><T55/><D37/><U87/><E42/><V1/><F35/><W53/><G100/><T11/><D11/><U7/><E39/><V79/><F127/><W114/><G114/><T76/><D55/><U135/><E135/><V68/><F1/><W36/><G36/><T0/><D0/><U48/><E4/><V38/><F129/><W22/><G32/><T65/><D65/><U70/><E70/><V66/><F16/><W62/><G30/><T102/><D28/><U126/><E126/><V46/><F46/><W81/><G62/><T103/><D23/><U132/><E132/><V10/><F10/><W67/><G67/><T113/><D123/><U71/><E71/><V8/><F8/><N who="3" m="6407" /><G81/><T74/><D125/><U118/><E15/><V24/><F24/><W120/><G120/><T92/><D92/><U104/><E104/><V134/><F134/><W2/><G2/><T51/><D51/><U34/><REACH who="1" step="1"/><E48/><REACH who="1" ten="236,541,55,158" step="2"/><N who="2" m="28943" /><F38/><W89/><G43/><T52/><D107/><U33/><E33/><V58/><F68/><W116/><G41/><T122/><D106/><U78/><E78/><V110/><F110/><W90/><G116/><T99/><D76/><U112/><E112/><V86/><F75/><W17/><G49/><T40/><D115/><U60/><E60/><V93/><AGARI ba="0,1" hai="20,21,58,63,66,79,83,86,93,98,101" m="28943" machi="93" ten="30,1100,0" yaku="8,1" doraHai="27" who="2" fromWho="2" sc="236,-3,541,-5,55,21,158,-3" /><INIT seed="6,0,0,2,1,8" ten="233,536,76,155" oya="2" hai0="112,107,130,79,103,110,7,86,43,50,113,24,111" hai1="6,72,81,104,37,78,18,29,124,128,71,56,82" hai2="83,17,74,53,65,77,100,41,9,116,0,76,127" hai3="62,80,131,38,122,115,102,59,60,88,132,70,28"/><V54/><F116/><W94/><G122/><T129/><D24/><U25/><E124/><V97/><F127/><W26/><G38/><T90/><D7/><U91/><E128/><N who="0" m="49257" /><D43/><U89/><E71/><V15/><F65/><W13/><G70/><T47/><D79/><U123/><E123/><V63/><F77/><W3/><G3/><T30/><D30/><U33/><E37/><V118/><F118/><W34/><G102/><T48/><D103/><U92/><E104/><V52/><F41/><W120/><G80/><N who="0" m="49479" /><D107/><U51/><E6/><V73/><F0/><W45/><G115/><N who="0" m="44107" /><D47/><U95/><E18/><V5/><F73/><W85/><G45/><T42/><D42/><U22/><E33/><V46/><F5/><W57/><G131/><T61/><D61/><U36/><E36/><V35/><F35/><W66/><G120/><T16/><D16/><U109/><E109/><AGARI ba="0,0" hai="48,50,109,110,111" m="44107,49479,49257" machi="109" ten="40,2600,0" yaku="19,1,15,1" doraHai="8" who="0" fromWho="1" sc="233,26,536,-26,76,0,155,0" /><INIT seed="7,0,0,3,0,31" ten="259,510,76,155" oya="3" hai0="75,59,130,82,29,8,72,78,87,32,52,109,9" hai1="90,6,20,45,58,95,36,17,89,91,86,122,51" hai2="25,104,77,115,35,14,121,3,64,105,71,28,53" hai3="62,34,5,133,19,96,18,85,106,42,56,114,112"/><W38/><G5/><T73/><D109/><U79/><E122/><V80/><F115/><W99/><G42/><T55/><D55/><N who="1" m="30191" /><E36/><V33/><F121/><W37/><G85/><T128/><D29/><U22/><E6/><V129/><F129/><N who="0" m="49770" /><D32/><U24/><E58/><V12/><F3/><W117/><G56/><T43/><D43/><U67/><E67/><V68/><F35/><W16/><G19/><T107/><D107/><U60/><E60/><AGARI ba="0,0" hai="8,9,52,59,60,72,73,75,78,82,87" m="49770" machi="60" ten="40,2600,0" yaku="19,1,54,1" doraHai="31" who="0" fromWho="1" sc="259,26,510,-26,76,0,155,0" owari="285,9.0,484,57.0,76,-42.0,155,-24.0" /></mjloggm>