<mjloggm ver="2.3"><GO type="41" lobby="0"/><UN n0="%6B%6A%61%7A%7A%33" n1="%E9%B3%B3%E5%8D%97%E3%81%AE%E4%B8%89%E5%9C%8B%E5%81%A5%E6%AC%A1%E9%83%8E" n2="%7A%65%6E%74%73%75%70%70" n3="%E5%B0%B1%E6%B4%BB%E7%94%9F%40%E5%B7%9D%E6%9D%91%E8%BB%8D%E5%9B%A3" dan="14,13,13,15" rate="1960.94,1873.25,1882.81,2004.80" sx="M,M,M,M"/><TAIKYOKU oya="0"/><INIT seed="0,0,0,1,0,12" ten="250,250,250,250" oya="0" hai0="118,5,36,80,99,120,78,21,131,125,13,10,30" hai1="79,28,56,35,83,55,110,42,54,1,6,74,129" hai2="57,9,73,37,38,19,39,103,27,59,87,51,16" hai3="113,89,17,53,67,70,100,94,8,126,93,85,66"/><T68/><D120/><U34/><E54/><V127/><F73/><W114/><G126/><T102/><D68/><U63/><E55/><V32/><F127/><W50/><G113/><T14/><D125/><U112/><E56/><V81/><F103/><W96/><G70/><T117/><D36/><U98/><E110/><V26/><F9/><W33/><G33/><T62/><D62/><U4/><E129/><V69/><F69/><W88/><G100/><T48/><D48/><U2/><E6/><V97/><F97/><W7/><G114/><T123/><D123/><U22/><E22/><V128/><F128/><W106/><G106/><T24/><D14/><U135/><E63/><V3/><F3/><W115/><G115/><T47/><D47/><U111/><E111/><V18/><F51/><W90/><G90/><T84/><D131/><U75/><E42/><V29/><REACH who="2" step="1"/><F27/><REACH who="2" ten="250,250,240,250" step="2"/><W91/><G7/><T130/><D130/><U61/><E4/><V109/><F109/><W132/><G132/><T77/><D77/><AGARI ba="0,1" hai="16,18,19,26,29,32,37,38,39,57,59,77,81,87" machi="77" ten="50,8000,1" yaku="1,1,52,3,54,1,53,0" doraHai="12" doraHaiUra="134" who="2" fromWho="0" sc="250,-80,250,0,240,90,250,0" /><INIT seed="1,0,0,1,3,6" ten="170,250,330,250" oya="1" hai0="110,36,10,7,37,131,104,70,72,56,81,96,52" hai1="17,55,68,120,128,105,39,125,26,106,91,12,85" hai2="41,28,83,121,77,62,0,133,93,43,95,87,118" hai3="108,58,119,90,53,80,102,47,67,75,126,20,98"/><U69/><E39/><V27/><F121/><W38/><G119/><T29/><D70/><U24/><E120/><V99/><F0/><W79/><G126/><T123/><D110/><U65/><E125/><V2/><F2/><W61/><G108/><T49/><D131/><U135/><E128/><V114/><F118/><W23/><G90/><T45/><D29/><U86/><E135/><V19/><F19/><W94/><REACH who="3" step="1"/><G53/><REACH who="3" ten="170,250,330,240" step="2"/><T88/><D123/><U122/><E91/><V13/><F114/><W57/><G57/><T40/><D104/><U46/><E55/><V129/><F129/><W34/><G34/><T73/><D37/><U115/><E122/><V9/><F133/><W63/><G63/><T18/><D18/><U92/><E115/><V14/><F62/><W100/><G100/><T54/><D54/><U32/><E32/><V111/><F111/><W117/><G117/><T59/><D59/><U103/><E17/><V124/><F124/><W3/><G3/><T134/><D134/><U66/><E103/><V25/><F43/><AGARI ba="0,1" hai="20,23,38,43,47,58,61,67,75,79,80,94,98,102" machi="43" ten="40,2600,0" yaku="1,1,53,1" doraHai="6" doraHaiUra="76" who="3" fromWho="2" sc="170,0,250,0,330,-26,240,36" /><INIT seed="2,0,0,2,1,135" ten="170,250,304,276" oya="2" hai0="11,36,78,95,33,98,92,73,103,53,100,21,134" hai1="130,3,124,12,107,70,101,47,5,109,112,58,34" hai2="10,39,28,72,87,63,97,60,80,118,20,48,32" hai3="30,122,61,55,132,99,90,19,52,49,68,31,4"/><V82/><F118/><W43/><G122/><T83/><D33/><U127/><E70/><V121/><F121/><W45/><G132/><T64/><D36/><U94/><E34/><V88/><F39/><W13/><G4/><T44/><D64/><U108/><E3/><V131/><F131/><W54/><G68/><T119/><D119/><U24/><E107/><V35/><F72/><W8/><REACH who="3" step="1"/><G61/><REACH who="3" ten="170,250,304,266" step="2"/><T116/><D116/><U57/><E130/><V17/><F60/><W96/><G96/><T126/><D134/><U120/><E120/><V91/><F63/><W29/><G29/><T84/><D98/><N who="1" m="59607" /><E112/><V59/><F97/><W22/><G22/><T104/><D21/><U85/><E109/><V65/><F35/><W50/><G50/><T18/><D11/><N who="1" m="4207" /><E108/><V9/><F32/><W62/><G62/><T71/><D71/><U46/><E24/><N who="2" m="14351" /><F28/><W76/><G76/><T89/><D78/><U40/><E85/><N who="2" m="50215" /><F65/><W93/><AGARI ba="0,1" hai="8,13,19,30,31,43,45,49,52,54,55,90,93,99" machi="93" ten="30,7900,0" yaku="1,1,0,1,8,1,54,1,53,0" doraHai="135" doraHaiUra="133" who="3" fromWho="3" sc="170,-20,250,-20,304,-39,266,89" /><INIT seed="3,0,0,4,2,80" ten="150,230,265,355" oya="3" hai0="126,71,107,101,11,129,36,4,125,14,57,60,120" hai1="27,78,97,6,115,32,28,50,68,8,121,109,18" hai2="5,99,111,21,85,31,70,132,118,13,94,2,61" hai3="88,38,39,63,43,108,110,75,15,20,58,66,35"/><W53/><G35/><T122/><D71/><U52/><E68/><V29/><F118/><W112/><G75/><T45/><D101/><U47/><E109/><N who="3" m="42090" /><G112/><T134/><D107/><U16/><E115/><V81/><F111/><W55/><G20/><T95/><D134/><U127/><E127/><N who="0" m="48649" /><D95/><U117/><E117/><V0/><F132/><W76/><G76/><T22/><D22/><U102/><E78/><N who="2" m="46263" /><F2/><W49/><G15/><T7/><D129/><U26/><E26/><V113/><F0/><W34/><G34/><T10/><D45/><U62/><E62/><V79/><F61/><W67/><G88/><T114/><D36/><N who="3" m="13865" /><G43/><T123/><D114/><U56/><E121/><V30/><F113/><W40/><G40/><T44/><D44/><AGARI ba="0,0" hai="44,49,53,55,58,63,66,67" m="13865,42090" machi="44" ten="30,11600,0" yaku="14,1,10,1,34,2" doraHai="80" who="3" fromWho="0" sc="150,-116,230,0,265,0,355,116" /><INIT seed="3,1,0,2,0,100" ten="34,230,265,471" oya="3" hai0="20,131,73,12,82,55,125,117,13,94,32,48,120" hai1="124,8,126,107,116,58,22,6,102,123,66,0,60" hai2="44,38,75,2,72,79,121,45,110,31,62,41,119" hai3="63,128,93,27,118,15,95,61,50,132,68,42,59"/><W24/><G118/><T97/><D32/><U47/><E123/><V77/><F121/><W4/><G68/><T35/><D35/><U70/><E116/><V28/><F119/><W23/><G128/><T14/><D120/><U106/><E102/><V18/><F2/><W16/><G132/><T105/><D105/><N who="1" m="39947" /><E47/><V26/><F110/><W122/><G122/><T3/><D3/><U53/><E22/><V115/><F115/><W64/><G63/><T54/><D82/><U65/><E70/><V25/><F62/><W130/><G130/><T90/><D73/><U49/><E49/><V113/><F113/><W1/><G1/><T109/><D109/><U9/><E9/><V88/><F18/><W67/><G67/><T103/><D125/><U21/><E21/><V69/><F69/><W83/><G83/><T57/><D103/><U134/><E134/><V96/><F96/><W98/><G4/><T91/><D91/><U43/><E43/><V80/><F80/><W135/><G135/><T29/><D131/><U127/><AGARI ba="1,0" hai="0,6,8,53,58,60,65,66,124,126,127" m="39947" machi="127" ten="40,8000,1" yaku="18,1,52,3" doraHai="100" who="1" fromWho="1" sc="34,-21,230,83,265,-21,471,-41" /><INIT seed="4,0,0,2,4,71" ten="13,313,244,430" oya="0" hai0="113,7,36,110,16,47,27,102,82,132,30,78,77" hai1="74,43,114,116,83,35,24,79,53,120,31,109,3" hai2="128,129,134,101,133,51,10,94,18,122,95,97,115" hai3="127,19,22,11,55,28,121,84,4,61,105,135,103"/><T42/><D113/><U46/><E53/><V49/><F122/><W64/><G121/><T81/><D102/><U93/><E93/><V8/><F115/><W0/><G127/><T80/><D7/><U45/><E120/><V44/><F18/><W88/><G135/><N who="2" m="51721" /><F44/><W1/><G1/><T75/><D110/><U14/><E14/><V12/><F12/><W2/><G2/><T131/><D131/><N who="2" m="50250" /><F97/><W119/><G28/><T111/><D111/><U41/><E114/><V92/><F101/><W117/><G55/><T91/><D132/><U69/><E116/><V90/><F90/><W5/><G5/><T66/><D66/><U58/><E58/><V56/><F56/><W50/><G50/><AGARI ba="0,0" hai="8,10,49,50,51,92,94,95" m="50250,51721" machi="50" ten="40,8000,1" yaku="28,2,20,1,19,1" doraHai="71" who="2" fromWho="3" sc="13,0,313,0,244,80,430,-80" /><INIT seed="5,0,0,4,0,122" ten="13,313,324,350" oya="1" hai0="133,116,104,97,101,75,129,40,91,21,23,121,68" hai1="27,80,19,29,49,32,128,88,33,89,64,65,132" hai2="57,24,79,105,69,5,66,107,134,119,102,51,56" hai3="53,41,98,126,9,7,100,48,34,47,70,45,8"/><U74/><E128/><V3/><F119/><W72/><G70/><T135/><D121/><U35/><E132/><N who="0" m="50761" /><D68/><U44/><E19/><V93/><F134/><W59/><G72/><T58/><D116/><U10/><E10/><V76/><F69/><W54/><G34/><T118/><D118/><U106/><E106/><V55/><F24/><W28/><G28/><T77/><D40/><U39/><E39/><V73/><F93/><N who="3" m="58447" /><G126/><T131/><D58/><U17/><E17/><V25/><F25/><W90/><G90/><T26/><D91/><U71/><E29/><V117/><F117/><W99/><G99/><T109/><D26/><U112/><E27/><V92/><F92/><W81/><G81/><N who="0" m="45247" /><D109/><U43/><E112/><V38/><F38/><W2/><G2/><T110/><D110/><U30/><E30/><V115/><F115/><W125/><G125/><T6/><D6/><U127/><E127/><V120/><F120/><W67/><G7/><T13/><D13/><U12/><E12/><V84/><F3/><W0/><G0/><T60/><D60/><U83/><E74/><V123/><F73/><W52/><G45/><T31/><D31/><U15/><E15/><V16/><F5/><W78/><G78/><N who="2" m="29737" /><F123/><W114/><G114/><T86/><D86/><N who="1" m="50247" /><E65/><V36/><F36/><W4/><G4/><T42/><D42/><U108/><E64/><V94/><F66/><W111/><G111/><T113/><D113/><U87/><E71/><V37/><F37/><W14/><G14/><T11/><D11/><N who="3" m="4169" /><G67/><T85/><D85/><N who="1" m="50367" /><E108/><V130/><F84/><W61/><AGARI ba="0,0" hai="41,47,48,52,53,54,59,61" m="4169,58447" machi="61" ten="30,4000,0" yaku="5,1,8,1,54,1" doraHai="122" who="3" fromWho="3" sc="13,-10,313,-20,324,-10,350,40" /><INIT seed="6,0,0,3,1,92" ten="3,293,314,390" oya="2" hai0="75,43,98,111,113,37,68,50,102,59,27,73,108" hai1="11,38,84,118,47,61,25,134,101,21,125,82,129" hai2="103,2,67,24,130,109,69,13,64,4,79,17,10" hai3="126,131,117,58,12,97,120,74,51,41,23,1,54"/><V55/><F130/><W44/><G1/><T20/><D68/><U127/><E118/><V22/><F109/><W87/><G74/><T83/><D37/><U132/><E101/><V65/><F79/><W78/><G117/><T91/><D113/><U66/><E11/><V121/><F121/><W89/><G120/><T122/><D122/><U115/><E115/><V45/><F103/><W33/><G33/><T107/><D73/><U0/><E0/><V106/><F106/><W5/><G131/><T135/><D135/><N who="1" m="51755" /><E47/><V40/><F55/><W80/><G126/><N who="1" m="48138" /><E38/><V133/><F133/><W18/><G5/><T104/><D104/><U62/><E84/><V72/><F72/><W70/><G70/><T119/><D119/><U116/><E82/><V52/><F40/><W34/><G34/><T9/><D9/><U93/><E93/><V16/><F45/><W15/><G15/><T99/><D99/><U48/><E48/><V105/><F105/><W7/><G7/><T76/><D91/><U26/><E116/><V90/><F90/><W36/><G97/><T96/><D96/><U30/><E26/><V124/><F124/><W86/><G86/><T53/><D43/><U3/><E3/><V114/><F114/><W35/><G78/><T112/><D112/><U28/><E28/><AGARI ba="0,0" hai="20,27,28,50,53,59,75,76,83,98,102,107,108,111" machi="28" ten="30,2000,0" yaku="7,1,52,1" doraHai="92" who="0" fromWho="1" sc="3,20,293,-20,314,0,390,0" /><INIT seed="7,0,0,3,0,107" ten="23,273,314,390" oya="3" hai0="49,11,24,23,83,135,101,50,22,15,109,94,99" hai1="68,120,7,28,76,1,89,103,88,106,98,72,19" hai2="42,91,48,100,29,112,57,61,12,6,134,5,21" hai3="4,52,53,77,104,64,115,90,127,37,93,56,97"/><W122/><G37/><T125/><D125/><U20/><E120/><V108/><F108/><W38/><G38/><T92/><D109/><U30/><E68/><V36/><F36/><W128/><G122/><T96/><D83/><U8/><E28/><V67/><F134/><W35/><G35/><T102/><D135/><U46/><E46/><N who="2" m="25687" /><F112/><W73/><G73/><T85/><D85/><U105/><E105/><V43/><F43/><W65/><G77/><T110/><D110/><U117/><E30/><V126/><F126/><W34/><G34/><T123/><D123/><U113/><E113/><V118/><F100/><W55/><G104/><T84/><D84/><U129/><E129/><V41/><F41/><W111/><G115/><T26/><D15/><U25/><REACH who="1" step="1"/><E117/><REACH who="1" ten="23,263,314,390" step="2"/><V59/><F118/><W86/><G128/><T10/><AGARI ba="0,1" hai="10,11,22,23,24,26,49,50,92,94,96,99,101,102" machi="10" ten="25,6400,0" yaku="0,1,22,2,8,1" doraHai="107" who="0" fromWho="0" sc="23,74,263,-16,314,-16,390,-32" owari="97,-40.0,247,-15.0,298,10.0,358,45.0" /></mjloggm>