<mjloggm ver="2.3"><GO type="169" lobby="0"/><UN n0="%E3%82%AF%E3%83%AD%E3%83%8E%E3%82%B9%40" n1="%E5%B0%B1%E6%B4%BB%E7%94%9F%40%E5%B7%9D%E6%9D%91%E8%BB%8D%E5%9B%A3" n2="%28%E3%80%8C%E3%83%BB%60%CF%89%E3%83%BB%29%E3%80%8C" n3="%E3%83%A0%E3%83%A1%E3%82%A4" dan="17,16,17,16" rate="2159.11,2120.11,2152.59,2095.44" sx="M,M,M,M"/><TAIKYOKU oya="0"/><INIT seed="0,0,0,4,4,1" ten="250,250,250,250" oya="0" hai0="123,51,86,100,87,31,64,79,134,23,14,61,6" hai1="89,68,129,128,97,54,8,22,107,10,12,62,60" hai2="91,4,76,101,77,47,46,13,88,38,99,20,131" hai3="111,59,110,3,24,33,45,42,81,130,115,118,11"/><T106/><D123/><U102/><E68/><V25/><F131/><N who="1" m="50249" /><E89/><N who="2" m="34379" /><F38/><W0/><G115/><T98/><D134/><U93/><E107/><V66/><F66/><W52/><G130/><T36/><D36/><U109/><E109/><N who="3" m="41482" /><G118/><T74/><D51/><U117/><E117/><V70/><F70/><W122/><G81/><T16/><D31/><U26/><E54/><V96/><F77/><W50/><G122/><T83/><REACH who="0" step="1"/><D6/><REACH who="0" ten="240,250,250,250" step="2"/><N who="1" m="3095" /><E10/><N who="2" m="4295" /><F76/><W92/><G11/><T17/><D17/><AGARI ba="0,1" hai="17,22,26,60,62,93,97,102" m="3095,50249" machi="17" ten="30,2000,0" yaku="19,1,52,1" doraHai="1" who="1" fromWho="0" sc="240,-20,250,30,250,0,250,0" /><INIT seed="1,0,0,4,1,4" ten="220,280,250,250" oya="1" hai0="113,56,90,77,58,16,50,28,24,83,30,117,78" hai1="94,84,130,89,14,99,59,85,133,46,52,116,111" hai2="55,132,18,26,19,82,74,23,114,109,10,20,43" hai3="123,45,70,1,33,135,64,71,122,44,36,41,129"/><U47/><E116/><V69/><F69/><W126/><G33/><T57/><D113/><U100/><E130/><V119/><F119/><W98/><G1/><T6/><D117/><U115/><E115/><V15/><F114/><W72/><G72/><T79/><D6/><U134/><E111/><V108/><F132/><W12/><G12/><T60/><D60/><U86/><E100/><V53/><F43/><N who="3" m="22631" /><G98/><T80/><D50/><U42/><E14/><V37/><F37/><N who="3" m="21679" /><G129/><T101/><D101/><U61/><REACH who="1" step="1"/><E47/><REACH who="1" ten="220,270,250,250" step="2"/><V87/><F109/><W97/><G135/><T91/><D24/><U88/><E88/><N who="0" m="33833" /><D16/><U124/><E124/><V127/><F108/><W40/><G126/><T131/><D131/><U67/><E67/><V95/><F127/><W21/><G64/><T96/><D96/><U104/><E104/><V105/><F105/><W106/><G97/><T128/><D128/><U110/><E110/><V76/><F19/><W2/><G106/><T125/><D125/><U68/><E68/><V102/><F102/><W103/><G71/><T93/><D93/><U29/><E29/><AGARI ba="0,1" hai="28,29,30,56,57,58,77,78,79,80,83" m="33833" machi="29" ten="40,8000,1" yaku="28,2,8,1,54,1" doraHai="4" who="0" fromWho="1" sc="220,90,270,-80,250,0,250,0" /><INIT seed="2,0,0,4,1,50" ten="310,190,250,250" oya="2" hai0="87,32,44,42,40,118,131,122,2,105,91,110,75" hai1="133,120,25,134,69,54,3,121,46,21,28,13,97" hai2="127,67,43,94,7,41,24,49,60,38,86,115,73" hai3="34,22,20,135,0,104,130,125,84,107,45,16,74"/><V39/><F73/><W55/><G74/><T17/><D122/><N who="1" m="47211" /><E69/><V72/><F72/><W80/><G34/><T96/><D75/><U14/><E97/><V61/><F7/><W82/><G0/><T99/><D2/><U112/><E3/><V68/><F24/><W56/><G135/><N who="1" m="51722" /><E112/><V83/><F94/><W113/><G130/><T29/><D99/><U132/><N who="1" m="51730" /><U85/><DORA hai="63" /><E85/><V35/><F115/><W23/><G125/><T37/><D87/><U12/><E46/><V103/><F127/><W53/><G113/><T11/><D44/><U109/><E54/><V15/><F103/><W117/><G117/><T76/><D96/><U36/><E36/><V66/><F35/><W111/><G45/><T58/><D32/><N who="1" m="20495" /><E109/><V93/><F86/><W108/><G108/><T9/><D110/><U78/><E78/><V102/><F102/><W123/><G111/><T59/><D118/><U51/><E51/><V70/><F49/><W48/><G123/><T33/><D37/><U27/><E27/><V77/><F77/><W31/><G55/><T30/><D76/><U1/><E1/><V92/><REACH who="2" step="1"/><F15/><REACH who="2" ten="310,190,240,250" step="2"/><N who="3" m="9247" /><G107/><T114/><D105/><U100/><E100/><V5/><F5/><W90/><G104/><T10/><D114/><U19/><AGARI ba="0,1" hai="12,13,14,19,21" m="20495,51730,47211" machi="19" ten="50,8000,1" yaku="13,1,20,1,34,2" doraHai="50,63" who="1" fromWho="1" sc="310,-20,190,90,240,-40,250,-20" /><INIT seed="3,0,0,1,2,47" ten="290,280,200,230" oya="3" hai0="117,103,70,12,32,106,90,73,78,132,120,55,46" hai1="25,87,69,67,81,107,62,59,130,23,108,97,39" hai2="50,110,68,80,128,133,58,28,40,83,44,75,48" hai3="22,29,4,119,74,43,34,3,57,101,54,88,42"/><W11/><G119/><T8/><D117/><U127/><E39/><V61/><F68/><W99/><G74/><T1/><D32/><U77/><E127/><V64/><F110/><W7/><G34/><T85/><D120/><U17/><E130/><V124/><F124/><W0/><G0/><T21/><D70/><U53/><E108/><V111/><F111/><W30/><G4/><T31/><D132/><U84/><E107/><V36/><F128/><W95/><G101/><T10/><D1/><U116/><E116/><V24/><F75/><W126/><G126/><T19/><D31/><U2/><E2/><V13/><F133/><W92/><G92/><T118/><D118/><U105/><E105/><V16/><F83/><W26/><REACH who="3" step="1"/><G29/><REACH who="3" ten="290,280,200,220" step="2"/><T52/><D103/><U33/><E33/><V71/><F80/><W82/><G82/><N who="0" m="47319" /><D106/><U63/><E97/><V102/><F102/><W123/><G123/><T6/><D73/><AGARI ba="0,1" hai="17,23,25,53,59,62,63,67,69,73,77,81,84,87" machi="73" ten="30,1000,0" yaku="7,1" doraHai="47" who="1" fromWho="0" sc="290,-10,280,20,200,0,220,0" /><INIT seed="4,0,0,2,1,110" ten="280,300,200,220" oya="0" hai0="21,22,100,51,101,72,19,118,111,42,12,106,122" hai1="112,92,30,16,86,120,88,108,54,58,52,25,17" hai2="6,63,28,87,32,83,64,129,82,90,114,2,131" hai3="73,55,128,23,135,44,91,9,8,41,119,96,29"/><T124/><D118/><U102/><E120/><V10/><F114/><W59/><G119/><T34/><D122/><U47/><E108/><V69/><REACH who="2" step="1"/><F82/><REACH who="2" ten="280,300,190,220" step="2"/><W56/><G135/><T123/><D111/><U48/><E112/><V115/><F115/><W99/><G128/><T80/><D123/><U26/><E102/><V104/><F104/><W62/><G73/><T66/><D80/><U105/><E105/><V36/><F36/><W15/><G91/><T107/><D100/><U77/><E77/><V133/><F133/><W89/><G89/><T7/><D72/><U18/><E30/><V125/><F125/><W134/><G29/><T45/><D124/><U24/><E54/><V84/><F84/><W85/><G85/><T126/><D126/><U98/><E86/><V38/><F38/><W49/><G134/><T43/><D101/><U81/><E81/><V13/><F13/><W93/><G99/><T68/><D107/><U127/><E127/><V103/><F103/><W117/><G96/><T61/><D106/><U70/><E70/><V113/><F113/><W130/><G93/><T50/><D12/><U60/><E60/><V33/><F33/><W75/><G130/><T78/><D34/><U0/><E0/><V65/><F65/><N who="3" m="39111" /><G75/><T121/><D121/><U94/><E94/><V4/><F4/><W40/><G117/><T57/><D78/><U5/><E5/><V79/><F79/><W67/><G67/><N who="0" m="41071" /><D7/><U116/><E116/><V31/><F31/><W53/><G15/><T71/><D71/><U76/><E76/><V3/><F3/><W14/><G14/><RYUUKYOKU ba="0,1" sc="280,-15,300,15,190,15,220,-15" hai1="16,17,18,24,25,26,47,48,52,58,88,92,98" hai2="2,6,10,28,32,63,64,69,83,87,90,129,131" /><INIT seed="5,1,1,0,3,53" ten="265,315,205,205" oya="1" hai0="110,28,131,78,4,111,112,83,107,25,34,18,82" hai1="124,123,94,43,19,92,40,99,79,106,108,16,31" hai2="58,130,11,132,96,50,6,126,85,42,68,13,57" hai3="100,52,103,20,37,65,24,101,69,109,46,70,66"/><U71/><E123/><V3/><F68/><W48/><G37/><T15/><D107/><U54/><E71/><V121/><F121/><W76/><G109/><T49/><D112/><U128/><E106/><V38/><F38/><W89/><G76/><T10/><D131/><U102/><E108/><V33/><F33/><W105/><G105/><T72/><D83/><U23/><E124/><V17/><F130/><W80/><G70/><T63/><D63/><U119/><E79/><V125/><F96/><W90/><G69/><T61/><D61/><U135/><E135/><V62/><F85/><N who="3" m="50343" /><G90/><T84/><D72/><U59/><E94/><V133/><F42/><N who="1" m="15913" /><E119/><V95/><F95/><W93/><G93/><T47/><REACH who="0" step="1"/><D18/><AGARI ba="1,1" hai="18,20,24,46,48,52,65,66,100,101,103" m="50343" machi="18" ten="30,2000,0" yaku="8,1,54,1" doraHai="53" who="3" fromWho="0" sc="265,-23,315,0,205,0,205,33" /><INIT seed="6,0,0,0,0,5" ten="242,315,205,238" oya="2" hai0="53,55,114,30,85,31,93,88,107,126,121,78,124" hai1="101,129,38,110,116,86,102,42,91,9,94,134,130" hai2="32,87,58,106,22,14,13,69,135,68,81,50,133" hai3="70,3,19,119,105,11,10,47,37,57,80,28,27"/><V54/><F32/><W49/><G70/><T41/><D107/><U104/><E110/><V109/><F106/><W21/><G119/><T4/><D121/><U66/><E134/><N who="2" m="51211" /><F109/><W97/><G3/><T125/><D114/><U39/><E116/><V1/><F1/><W62/><G37/><N who="1" m="13834" /><E42/><V60/><F22/><N who="3" m="15479" /><G80/><N who="0" m="47255" /><D41/><U122/><E104/><V16/><F50/><W132/><G132/><T6/><D6/><U15/><E66/><V117/><F117/><W63/><G97/><N who="0" m="57511" /><D4/><N who="1" m="3495" /><E122/><V0/><F0/><W7/><G7/><T77/><D77/><U131/><AGARI ba="0,0" hai="86,91,94,101,102,129,130,131" m="3495,13834" machi="131" ten="40,2700,0" yaku="19,1,52,1" doraHai="5" who="1" fromWho="1" sc="242,-7,315,27,205,-13,238,-7" /><INIT seed="7,0,0,5,3,91" ten="235,342,192,231" oya="3" hai0="47,118,133,5,127,134,114,122,98,100,115,92,7" hai1="106,58,105,25,65,69,28,79,27,12,40,103,9" hai2="82,6,17,45,11,112,33,96,128,50,120,53,73" hai3="119,68,99,121,8,44,129,101,32,20,51,85,125"/><W71/><G119/><T61/><D122/><U42/><E69/><V70/><F33/><W109/><G32/><T59/><D118/><U89/><E105/><V21/><F70/><W60/><G121/><T14/><D127/><U97/><E79/><V110/><F110/><W38/><G38/><T130/><D47/><U62/><E89/><V39/><F39/><W117/><G117/><T84/><D84/><U88/><E88/><V83/><F120/><W57/><G129/><T41/><D41/><U66/><E66/><V90/><F128/><W2/><G20/><T0/><D0/><U1/><E1/><V76/><F112/><N who="0" m="43050" /><D130/><U94/><E106/><V24/><F83/><W77/><G85/><T131/><D131/><U63/><E63/><V126/><F126/><W52/><G77/><T13/><D13/><U48/><E48/><V111/><F111/><W107/><G125/><T55/><D14/><U123/><E123/><V102/><F90/><W35/><G109/><T116/><D116/><U31/><E27/><V18/><F6/><AGARI ba="0,0" hai="5,6,7,55,59,61,92,98,100,133,134" m="43050" machi="6" ten="30,3900,0" yaku="15,1,11,1,52,1" doraHai="91" who="0" fromWho="2" sc="235,39,342,0,192,-39,231,0" owari="274,7.0,342,45.0,153,-35.0,231,-17.0" /></mjloggm>