<mjloggm ver="2.3"><GO type="97" lobby="0"/><UN n0="%E6%99%82%E9%9B%A8%E6%A4%BF" n1="%E3%83%88%E3%83%88%E3%83%AA%E5%85%88%E7%94%9F%31%39%E6%AD%B3" n2="%4E%69%76%75" n3="%4D%61%6D%65%2D%79%61" dan="14,14,15,15" rate="1896.73,2041.59,1992.84,2053.59" sx="M,F,M,M"/><TAIKYOKU oya="0"/><INIT seed="0,0,0,0,2,114" ten="250,250,250,250" oya="0" hai0="110,78,100,54,32,41,99,88,119,67,22,6,86" hai1="103,47,29,43,3,82,89,42,74,0,56,62,102" hai2="37,113,58,53,69,115,131,2,28,36,21,121,81" hai3="45,64,5,71,40,65,55,59,10,79,52,13,44"/><T25/><D119/><U72/><E29/><V16/><F69/><W4/><G79/><T33/><D78/><U112/><E112/><V49/><F2/><W35/><G35/><T120/><D120/><U8/><E43/><V18/><F121/><W85/><G71/><T27/><D6/><U57/><E57/><V92/><F131/><W15/><G85/><T95/><D41/><U93/><E74/><V12/><F113/><W7/><G40/><T125/><D125/><U31/><E31/><V105/><F105/><W111/><G111/><T9/><D9/><U24/><E24/><V108/><F115/><W23/><G23/><T76/><D76/><U66/><E82/><V68/><F68/><W60/><G55/><T122/><D122/><U19/><E72/><V17/><F81/><W98/><G98/><T38/><D38/><U14/><E3/><V97/><F108/><W50/><G45/><T73/><D73/><U132/><E0/><V1/><F1/><W124/><G124/><T127/><D127/><U135/><E135/><V51/><F51/><W20/><REACH who="3" step="1"/><G65/><REACH who="3" ten="250,250,250,240" step="2"/><T11/><D67/><U61/><E47/><V94/><F97/><W104/><G104/><T77/><D54/><U96/><E42/><V133/><F133/><W39/><G39/><T30/><D110/><U83/><E132/><V134/><F134/><W109/><G109/><T107/><D107/><U118/><E66/><V117/><F37/><W87/><G87/><T123/><D86/><U84/><E84/><V34/><F36/><W63/><G63/><T48/><D99/><U116/><E96/><RYUUKYOKU ba="0,1" sc="250,-10,250,-10,250,-10,240,30" hai3="4,5,7,10,13,15,20,44,50,52,59,60,64" /><INIT seed="1,1,1,4,2,67" ten="240,240,240,270" oya="1" hai0="111,59,83,2,15,110,71,64,1,39,113,52,16" hai1="122,31,88,74,69,81,127,87,25,57,68,9,30" hai2="118,55,12,104,123,32,77,20,7,44,97,128,18" hai3="48,62,3,58,63,11,105,96,76,17,102,131,53"/><U60/><E122/><V95/><F104/><W26/><G131/><T125/><D39/><U112/><E112/><V107/><F107/><W130/><G130/><T0/><D113/><U115/><E115/><V65/><F123/><W126/><G126/><T85/><D125/><U94/><E127/><V19/><F118/><W72/><G72/><T46/><D46/><U54/><E31/><V70/><F32/><W103/><G103/><T82/><D64/><U45/><E9/><V132/><F128/><W22/><REACH who="3" step="1"/><G76/><REACH who="3" ten="240,240,240,260" step="2"/><N who="0" m="46279" /><D110/><U91/><E45/><V36/><F77/><W13/><G13/><T56/><D111/><U38/><E38/><V129/><F36/><W21/><G21/><T119/><D15/><U29/><E74/><V93/><F129/><W66/><G66/><T120/><D120/><U4/><E4/><AGARI ba="1,2" hai="3,4,11,17,22,26,48,53,58,62,63,96,102,105" machi="4" ten="40,1300,0" yaku="1,1,53,0" doraHai="67" doraHaiUra="40" who="3" fromWho="1" sc="240,0,240,-16,240,0,260,36" /><INIT seed="2,0,0,1,3,80" ten="240,224,240,296" oya="2" hai0="133,44,33,34,122,115,32,28,35,49,114,93,71" hai1="111,45,74,67,9,98,106,50,135,124,13,15,108" hai2="110,24,31,120,36,53,59,130,100,14,77,17,66" hai3="37,21,6,19,0,84,131,39,46,107,125,72,86"/><V65/><F36/><W112/><G72/><T105/><D122/><U85/><E74/><V78/><F120/><W87/><G107/><T11/><D71/><U97/><E135/><V76/><F130/><W95/><G131/><T91/><D105/><U128/><E128/><V117/><F117/><W81/><G125/><T119/><D119/><U4/><E124/><V89/><F100/><W102/><G112/><T7/><D133/><U88/><E67/><V82/><F110/><N who="1" m="42025" /><E13/><V116/><F116/><W64/><G64/><T121/><D28/><U94/><E106/><V101/><F101/><W99/><G81/><T104/><D104/><U75/><E75/><V52/><F53/><AGARI ba="0,0" hai="4,9,15,45,50,53,85,88,94,97,98" m="42025" machi="53" ten="30,3900,0" yaku="14,1,52,1,54,1" doraHai="80" who="1" fromWho="2" sc="240,0,224,39,240,-39,296,0" /><INIT seed="3,0,0,4,2,76" ten="240,263,201,296" oya="3" hai0="0,55,62,26,109,74,29,43,117,32,38,64,115" hai1="61,125,5,101,9,27,47,3,73,133,63,122,108" hai2="96,1,88,102,80,48,56,123,134,10,45,121,119" hai3="116,11,28,70,20,82,37,52,18,42,72,95,105"/><W87/><G116/><T54/><D74/><U21/><E122/><N who="2" m="46603" /><F119/><W83/><G70/><T58/><D117/><U100/><E108/><V33/><F33/><W104/><G72/><T71/><D109/><U85/><E73/><V7/><F134/><W94/><G105/><T120/><D120/><U46/><E133/><V34/><F34/><W90/><G104/><T2/><D115/><U69/><E125/><V114/><F114/><W84/><G37/><T24/><D24/><U86/><E46/><V35/><F35/><W13/><G42/><T67/><D67/><U30/><E47/><V106/><F56/><W36/><G36/><T60/><D43/><U127/><E127/><V79/><F48/><W6/><G52/><T135/><D38/><U129/><E129/><V31/><F45/><W14/><G28/><T92/><D135/><U99/><E100/><V68/><F31/><W59/><G59/><T41/><D41/><U124/><E124/><V25/><F25/><W19/><G6/><T112/><D112/><U12/><E69/><V131/><F68/><W128/><G128/><T49/><D92/><U118/><E118/><V23/><F23/><W103/><G103/><T89/><D89/><AGARI ba="0,0" hai="11,13,14,18,19,20,82,83,84,87,89,90,94,95" machi="89" ten="30,12000,1" yaku="7,1,9,1,8,1,52,2" doraHai="76" who="3" fromWho="0" sc="240,-120,263,0,201,0,296,120" owari="120,-38.0,263,6.0,201,-20.0,416,52.0" /></mjloggm>