<mjloggm ver="2.3"><GO type="41" lobby="0"/><UN n0="%4C%55%43%4B%59%E2%98%85" n1="%E3%82%BB%E3%83%8D%E3%82%AC%E3%83%AB%E4%BB%A3%E8%A1%A8" n2="%E3%81%AE%E3%81%B3%E3%81%97%E3%82%8D%E2%99%82" n3="%E5%B0%B1%E6%B4%BB%E7%94%9F%40%E5%B7%9D%E6%9D%91%E8%BB%8D%E5%9B%A3" dan="13,15,14,15" rate="1842.13,1974.27,1947.26,1965.72" sx="M,M,M,M"/><TAIKYOKU oya="0"/><INIT seed="0,0,0,2,4,13" ten="250,250,250,250" oya="0" hai0="97,118,125,27,98,37,14,45,79,67,101,130,11" hai1="129,35,132,51,47,25,62,107,8,2,116,123,12" hai2="119,20,93,56,0,92,122,83,44,102,66,43,53" hai3="89,81,131,28,32,111,24,77,22,108,133,57,29"/><T75/><D118/><U73/><E123/><V50/><F122/><W58/><G131/><T99/><D125/><U117/><E116/><V41/><F119/><W63/><G133/><T91/><D67/><U54/><E117/><V6/><F66/><W70/><G70/><T64/><D64/><U80/><E107/><V3/><F41/><W30/><G89/><T124/><D124/><U19/><E129/><V126/><F126/><W104/><G104/><T42/><D130/><U78/><E132/><V112/><F112/><W23/><G23/><T72/><D27/><U65/><E2/><V40/><F40/><W5/><G5/><T61/><D61/><U59/><REACH who="1" step="1"/><E25/><REACH who="1" ten="250,240,250,250" step="2"/><V1/><F3/><W69/><G32/><AGARI ba="0,1" hai="8,12,19,32,35,47,51,54,59,62,65,73,78,80" machi="32" ten="40,8000,1" yaku="1,1,2,1,52,1,53,1" doraHai="13" doraHaiUra="74" who="1" fromWho="3" sc="250,0,240,90,250,0,250,-80" /><INIT seed="1,0,0,2,5,47" ten="250,330,250,170" oya="1" hai0="64,89,32,85,101,65,107,8,116,75,14,109,127" hai1="81,93,91,3,40,71,86,31,68,130,22,25,103" hai2="78,10,106,18,39,13,83,59,80,61,129,12,34" hai3="98,73,92,87,38,84,119,132,99,54,90,122,41"/><U121/><E121/><V27/><F129/><W1/><G122/><T48/><D116/><U135/><E3/><V88/><F106/><W7/><G119/><T57/><D75/><U82/><E130/><V42/><F39/><W0/><G73/><T118/><D118/><U36/><E135/><V6/><F42/><W62/><G132/><T30/><D109/><U56/><E40/><V60/><F83/><W77/><G41/><T100/><D107/><U4/><E4/><V43/><F43/><W23/><G38/><T24/><D127/><U128/><E128/><V50/><F50/><W112/><G112/><T104/><D104/><U114/><E114/><V94/><F34/><W74/><G74/><T35/><D35/><U19/><E36/><V20/><F59/><N who="3" m="35191" /><G7/><T67/><D48/><U113/><E113/><V15/><F15/><W134/><G1/><T63/><D100/><U33/><E56/><V79/><F13/><W11/><G11/><T105/><D101/><U108/><E108/><V53/><F80/><N who="3" m="47119" /><G0/><T111/><D105/><U72/><E72/><V115/><F115/><W37/><G37/><T2/><D2/><U102/><E102/><V66/><F53/><W117/><G117/><T51/><D111/><U126/><E126/><V46/><F46/><W16/><G134/><T26/><D24/><AGARI ba="0,0" hai="16,23,24,87,90,92,98,99" m="47119,35191" machi="24" ten="30,2000,0" yaku="8,1,54,1" doraHai="47" who="3" fromWho="0" sc="250,-20,330,0,250,0,170,20" /><INIT seed="2,0,0,2,2,68" ten="230,330,250,190" oya="2" hai0="47,86,9,53,98,113,87,99,85,48,124,129,72" hai1="29,130,80,90,97,45,109,66,119,82,107,131,46" hai2="134,42,41,108,84,27,17,31,132,5,83,0,122" hai3="43,65,44,126,61,37,125,19,133,110,103,74,60"/><V13/><F122/><W2/><G74/><T69/><D113/><U28/><E119/><V56/><F0/><W77/><G2/><T54/><D124/><N who="3" m="47721" /><G77/><T57/><D69/><U51/><E66/><V117/><F5/><W105/><G19/><T22/><D72/><U96/><E109/><V116/><F108/><W67/><G103/><T75/><D75/><U123/><E123/><V114/><F114/><W39/><G105/><T52/><D129/><U40/><E90/><V35/><F56/><N who="3" m="36999" /><G133/><N who="2" m="51305" /><F117/><W14/><G14/><T115/><D115/><U26/><E107/><V100/><F100/><W34/><G34/><T23/><D9/><U135/><E135/><V3/><F3/><W11/><G11/><T92/><D92/><U112/><E112/><V25/><F25/><W81/><G81/><T20/><REACH who="0" step="1"/><D57/><REACH who="0" ten="220,330,250,190" step="2"/><U21/><E131/><V102/><F116/><W16/><G110/><T32/><D32/><U101/><E130/><V58/><F58/><N who="3" m="37303" /><G16/><T6/><D6/><U91/><E29/><V10/><F102/><W7/><G7/><T30/><D30/><U79/><E28/><V55/><F31/><W106/><G106/><T1/><D1/><U59/><E101/><V38/><F35/><W94/><G94/><T78/><D78/><U128/><E79/><V36/><F10/><W12/><G12/><T33/><D33/><U63/><E128/><V104/><F13/><W24/><G24/><T4/><D4/><U93/><E26/><V50/><F27/><W8/><G8/><T64/><D64/><U76/><E93/><V120/><F104/><W62/><G62/><RYUUKYOKU ba="0,1" sc="220,15,330,-15,250,-15,190,15" hai0="20,22,23,47,48,52,53,54,85,86,87,98,99" hai3="37,39,43,44" /><INIT seed="3,1,1,1,3,67" ten="235,315,235,205" oya="3" hai0="69,40,90,62,94,25,104,129,41,121,135,105,108" hai1="98,107,0,3,49,27,22,52,14,117,127,13,88" hai2="96,6,113,125,116,112,56,47,5,65,39,20,16" hai3="33,128,61,2,89,8,71,114,32,9,30,119,70"/><W78/><G119/><T24/><D121/><U133/><E117/><V91/><F116/><W58/><G114/><T73/><D129/><U48/><E127/><V74/><F125/><W118/><G118/><T54/><D73/><U120/><E120/><V93/><F74/><W59/><G78/><T64/><D135/><U57/><E133/><V132/><F132/><W53/><G128/><T38/><D38/><U60/><E3/><V36/><F113/><W4/><G9/><T51/><D105/><U50/><E0/><V87/><F112/><W115/><G115/><T12/><D104/><U72/><E72/><V131/><F131/><W85/><G59/><T130/><D130/><U126/><E126/><V110/><F110/><W68/><REACH who="3" step="1"/><G30/><REACH who="3" ten="235,315,235,195" step="2"/><T124/><D124/><U7/><E7/><V134/><F56/><W10/><G10/><T28/><D28/><N who="1" m="17527" /><E107/><V83/><F5/><W11/><G11/><T17/><D40/><U18/><E18/><V29/><F16/><W63/><G63/><T55/><D41/><U103/><E57/><V81/><F6/><W123/><G123/><T102/><D17/><U99/><E60/><V21/><F29/><W35/><G35/><T43/><D43/><U46/><E46/><V42/><F47/><W76/><G76/><T26/><D51/><U31/><E31/><V77/><F42/><W75/><G75/><T80/><D62/><U92/><E49/><V34/><F34/><W19/><G19/><T109/><D64/><U106/><E48/><V122/><F65/><W111/><G111/><T44/><D44/><U97/><E50/><RYUUKYOKU ba="1,2" sc="235,-10,315,-10,235,-10,195,30" hai3="2,4,8,32,33,53,58,61,68,70,71,85,89" /><INIT seed="3,2,2,3,0,48" ten="225,305,225,225" oya="3" hai0="118,37,130,94,52,3,128,51,108,53,127,18,62" hai1="10,25,86,117,42,27,30,8,84,77,96,2,122" hai2="106,119,39,120,26,11,23,31,91,102,9,55,22" hai3="63,19,76,40,6,129,32,21,113,34,125,49,47"/><W74/><G113/><T85/><D37/><U72/><E122/><V114/><F119/><W99/><G125/><T20/><D118/><U24/><E30/><V64/><F114/><W60/><G129/><N who="0" m="49771" /><D127/><U78/><E2/><V16/><F120/><W71/><G6/><T126/><D108/><U111/><E111/><V12/><F39/><W7/><G7/><T83/><D126/><U46/><E117/><V81/><F64/><W14/><G99/><T107/><D107/><U44/><E96/><V131/><F131/><W133/><G133/><T58/><D3/><U88/><E72/><V56/><F102/><W5/><G5/><T29/><D29/><U13/><E86/><V4/><F106/><W67/><REACH who="3" step="1"/><G63/><REACH who="3" ten="225,305,225,215" step="2"/><T124/><D124/><U110/><E110/><V57/><F4/><W105/><G105/><T66/><D51/><N who="1" m="27031" /><E46/><V54/><F57/><W116/><G116/><T45/><D45/><U0/><E0/><V35/><F56/><W15/><G15/><N who="0" m="9311" /><D94/><N who="1" m="54535" /><E13/><V135/><F12/><W115/><G115/><T103/><D103/><U17/><E17/><V100/><F16/><W70/><G70/><T68/><D68/><U109/><E109/><V73/><F100/><W104/><G104/><T28/><D28/><U33/><E33/><V69/><F31/><W50/><G50/><T79/><AGARI ba="2,3" hai="52,53,58,62,66,79,83,85" m="9311,49771" machi="79" ten="30,7900,0" yaku="19,1,52,2,54,1" doraHai="48" who="0" fromWho="0" sc="225,115,305,-22,225,-22,215,-41" /><INIT seed="4,0,0,2,4,92" ten="340,283,203,174" oya="0" hai0="69,109,118,128,12,134,133,44,53,2,79,4,26" hai1="27,104,83,1,95,15,38,86,52,85,25,46,97" hai2="23,63,111,113,81,115,108,14,103,0,24,84,99" hai3="88,61,112,77,55,45,59,33,123,56,68,40,122"/><T100/><D118/><U91/><E1/><V65/><F0/><W48/><G33/><T47/><D2/><U6/><E104/><V114/><F14/><W121/><G77/><T32/><D109/><U74/><E74/><V110/><F63/><W20/><G112/><T35/><D69/><U126/><E126/><V82/><F65/><W58/><G20/><T105/><D79/><N who="1" m="46335" /><E38/><V107/><REACH who="2" step="1"/><F84/><REACH who="2" ten="340,283,193,174" step="2"/><W36/><G88/><T129/><D26/><U125/><E86/><V62/><F62/><W43/><G43/><T13/><D53/><U54/><E54/><V94/><F94/><W116/><G116/><T72/><D4/><U89/><E125/><V106/><F106/><W131/><G131/><T127/><D127/><U96/><E27/><V28/><AGARI ba="0,1" hai="23,24,28,81,82,99,103,107,108,110,111,113,114,115" machi="28" ten="40,8000,1" yaku="1,1,0,1,15,1,52,1,53,0" doraHai="92" doraHaiUra="39" who="2" fromWho="2" sc="340,-40,283,-20,193,90,174,-20" /><INIT seed="5,0,0,0,4,60" ten="300,263,283,154" oya="1" hai0="23,131,53,66,86,122,70,6,16,14,97,98,37" hai1="49,76,78,8,103,4,77,34,58,29,21,64,27" hai2="41,134,68,15,61,48,107,90,110,25,20,75,7" hai3="96,57,32,83,84,65,52,5,18,50,92,125,123"/><U30/><E103/><V22/><F134/><W111/><G32/><T28/><D37/><U35/><E30/><V115/><F110/><W112/><G111/><T11/><D131/><U69/><E69/><V101/><F115/><W36/><G123/><T54/><D122/><U127/><E127/><V126/><F126/><W10/><G112/><T130/><D130/><U81/><E81/><V104/><F75/><W94/><G36/><T82/><D28/><U24/><E24/><V33/><F33/><W121/><G125/><T133/><D133/><U44/><E58/><V113/><F113/><W100/><G121/><T45/><D54/><U132/><E132/><V46/><F101/><W38/><G38/><T67/><D70/><U129/><E129/><V119/><F119/><W109/><G109/><T91/><D97/><U43/><REACH who="1" step="1"/><E64/><REACH who="1" ten="300,253,283,154" step="2"/><V59/><F68/><W79/><G65/><T17/><D98/><U56/><E56/><V108/><F59/><W102/><G102/><T42/><D53/><U47/><E47/><V62/><F46/><W39/><G39/><T87/><D45/><U105/><E105/><V116/><F104/><W26/><G94/><T0/><D42/><U106/><E106/><V118/><F107/><W85/><G83/><T3/><D86/><U128/><E128/><V40/><F108/><W117/><G79/><T72/><D72/><U88/><E88/><V124/><F90/><W89/><G117/><T114/><D114/><U9/><E9/><V93/><F124/><W71/><G71/><T73/><D73/><U19/><E19/><V99/><F118/><RYUUKYOKU ba="0,1" sc="300,-10,253,30,283,-10,154,-10" hai1="4,8,21,27,29,34,35,43,44,49,76,77,78" /><INIT seed="5,1,1,3,1,72" ten="290,283,273,144" oya="1" hai0="131,52,101,68,3,66,89,39,111,67,26,123,103" hai1="81,61,76,16,27,40,22,42,75,13,51,71,85" hai2="37,102,113,69,24,49,12,124,106,53,109,59,28" hai3="34,99,50,57,88,87,91,97,25,70,46,132,82"/><U104/><E104/><V65/><F109/><W20/><G70/><T121/><D111/><U11/><E75/><V134/><F134/><W94/><G34/><T127/><D3/><U5/><REACH who="1" step="1"/><E51/><REACH who="1" ten="290,273,273,144" step="2"/><V125/><F49/><W133/><G57/><T29/><D68/><U55/><E55/><V19/><F53/><W118/><G118/><T78/><D127/><U86/><E86/><V45/><F106/><W120/><G120/><T116/><D116/><U63/><E63/><V93/><F124/><W38/><G38/><T84/><D123/><U36/><E36/><V18/><F37/><W30/><REACH who="3" step="1"/><G99/><REACH who="3" ten="290,273,273,134" step="2"/><T32/><D121/><U74/><E74/><V83/><F125/><W98/><G98/><T128/><D39/><U10/><E10/><V90/><F59/><W8/><G8/><T110/><D110/><U92/><E92/><V33/><F93/><W105/><G105/><T56/><D128/><U117/><E117/><V6/><F69/><W15/><G15/><T108/><D131/><U21/><E21/><V62/><F12/><W114/><G114/><T0/><D108/><U1/><E1/><V54/><F113/><W2/><G2/><T9/><D0/><U122/><E122/><V23/><F23/><W44/><G44/><T95/><D9/><U96/><E96/><V43/><F45/><W130/><G130/><T126/><D126/><U64/><AGARI ba="1,3" hai="5,11,13,16,22,27,40,42,61,64,71,76,81,85" machi="64" ten="30,11700,0" yaku="1,1,0,1,52,1,54,1,53,0" doraHai="72" doraHaiUra="35" who="1" fromWho="1" sc="290,-40,273,150,273,-40,134,-40" /><INIT seed="5,2,0,4,5,117" ten="250,423,233,94" oya="1" hai0="124,133,15,69,80,61,40,92,34,19,28,121,56" hai1="60,39,93,0,57,44,30,100,132,63,96,127,70" hai2="112,111,106,21,29,134,46,68,101,52,4,50,22" hai3="89,20,123,5,9,84,122,88,119,75,128,11,71"/><U13/><E0/><V51/><F111/><W43/><G75/><T10/><D69/><U81/><E127/><V14/><F134/><W125/><G71/><T110/><D133/><U64/><E81/><V23/><F112/><W48/><G119/><T35/><D110/><U41/><E132/><V97/><F68/><W109/><G109/><T49/><D80/><U27/><E13/><V12/><F4/><W25/><G125/><T37/><D37/><U114/><E114/><V62/><F62/><W26/><G128/><T77/><D77/><U66/><E70/><V76/><F76/><W87/><G48/><T42/><D124/><U45/><E45/><V83/><F83/><W47/><G47/><T6/><D6/><U102/><E102/><V126/><F126/><W99/><G20/><T91/><D35/><U1/><E1/><V55/><REACH who="2" step="1"/><F29/><REACH who="2" ten="250,423,223,94" step="2"/><W105/><G5/><T108/><D108/><U16/><E63/><V115/><F115/><W98/><REACH who="3" step="1"/><G105/><REACH who="3" ten="250,423,223,84" step="2"/><T38/><D61/><U130/><E60/><V135/><F135/><W59/><G59/><AGARI ba="2,2" hai="12,14,21,22,23,46,50,51,52,55,59,97,101,106" machi="59" ten="40,2600,0" yaku="1,1,54,1,53,0" doraHai="117" doraHaiUra="73" who="2" fromWho="3" sc="250,0,423,0,223,52,84,-32" /><INIT seed="6,0,0,2,5,30" ten="250,423,275,52" oya="2" hai0="0,47,70,88,81,68,8,133,72,108,103,116,45" hai1="50,135,58,64,36,74,11,1,127,14,65,48,87" hai2="17,125,115,20,110,9,13,15,52,132,92,112,7" hai3="75,35,79,83,60,76,71,124,117,51,25,126,78"/><V73/><F73/><W44/><G117/><T54/><D108/><U18/><E74/><V26/><F92/><W111/><G111/><T121/><D121/><U122/><E36/><V77/><F77/><W63/><G75/><T86/><D116/><U109/><E109/><V32/><F110/><W118/><G83/><T39/><D133/><U62/><E122/><V46/><F46/><W106/><G106/><T10/><D103/><U97/><E135/><V33/><F52/><N who="3" m="29799" /><G118/><T90/><D72/><U120/><E120/><V100/><F100/><W24/><G24/><T96/><D47/><U101/><E1/><N who="2" m="239" /><F132/><W16/><G71/><T119/><D119/><U57/><E87/><V6/><F125/><N who="3" m="48235" /><G16/><T66/><D66/><U2/><E127/><V19/><F6/><W41/><G41/><T131/><D68/><U91/><E101/><V99/><F99/><W102/><G102/><T82/><D70/><U5/><E5/><V40/><F40/><W38/><G38/><T12/><D39/><U80/><E80/><V43/><F43/><W134/><G134/><T114/><D82/><U84/><E65/><V29/><F33/><W55/><G55/><T61/><D81/><U42/><E42/><V3/><F3/><W59/><G59/><T129/><D96/><U22/><E58/><V128/><F128/><W93/><G93/><T34/><D0/><U107/><E97/><V27/><F27/><W37/><G37/><T85/><D131/><U31/><E107/><V4/><F4/><W89/><G89/><T123/><D129/><U56/><E2/><V53/><F53/><RYUUKYOKU ba="0,0" sc="250,-15,423,-15,275,15,52,15" hai2="13,15,17,19,20,26,29,32,112,115" hai3="25,35,60,63,76,78,79" /><INIT seed="6,1,0,1,1,14" ten="235,408,290,67" oya="2" hai0="71,58,42,19,75,28,122,2,53,30,67,18,82" hai1="78,103,60,24,63,7,36,77,37,107,109,48,16" hai2="21,61,117,5,96,45,90,101,94,102,83,10,25" hai3="50,6,124,1,127,126,91,135,110,32,51,64,84"/><V54/><F117/><W27/><G110/><T65/><D2/><U59/><E109/><V55/><F45/><W120/><G120/><T89/><D122/><U9/><E37/><V39/><F39/><W118/><G118/><T97/><D75/><U49/><E36/><V87/><F61/><W132/><G1/><T73/><D71/><U129/><E107/><V43/><F43/><W40/><G6/><T62/><D73/><U133/><E103/><V80/><F80/><W34/><G64/><N who="0" m="24651" /><D42/><U33/><E33/><N who="3" m="12906" /><G27/><T47/><D47/><U81/><E133/><N who="3" m="51274" /><G40/><T79/><D79/><U69/><E78/><V108/><F102/><W86/><G86/><N who="0" m="50391" /><D97/><U11/><E77/><V105/><F105/><W130/><G91/><T57/><D58/><U104/><E104/><V92/><F83/><W112/><G84/><T70/><D70/><U15/><E81/><V74/><F74/><W44/><G112/><T113/><D113/><U8/><E69/><V114/><F114/><W72/><G72/><T41/><D41/><U99/><E99/><V68/><F68/><W85/><G85/><T38/><D38/><U131/><E24/><V12/><REACH who="2" step="1"/><F108/><REACH who="2" ten="235,408,280,67" step="2"/><W31/><G44/><T125/><D62/><U29/><E63/><V111/><F111/><W128/><G31/><AGARI ba="1,1" hai="5,10,12,21,25,31,54,55,87,90,92,94,96,101" machi="31" ten="30,11600,0" yaku="1,1,7,1,8,1,53,1" doraHai="14" doraHaiUra="0" who="2" fromWho="3" sc="235,0,408,0,280,129,67,-119" owari="235,-16.0,408,21.0,409,50.0,-52,-55.0" /></mjloggm>