<mjloggm ver="2.3"><GO type="41" lobby="0"/><UN n0="%6B%69%6E%6B%73%66%75%6E" n1="%45%6E%4B%69%64%75" n2="%6A%69%6E%6B%61%69" n3="%E5%B0%B1%E6%B4%BB%E7%94%9F%40%E5%B7%9D%E6%9D%91%E8%BB%8D%E5%9B%A3" dan="14,13,15,15" rate="1884.67,1884.29,1936.35,2028.34" sx="M,M,M,M"/><TAIKYOKU oya="0"/><INIT seed="0,0,0,2,1,49" ten="250,250,250,250" oya="0" hai0="132,23,38,57,42,8,84,27,17,90,29,58,31" hai1="44,7,51,1,107,13,98,119,2,133,53,39,30" hai2="46,24,123,76,75,127,28,60,72,97,33,112,113" hai3="102,41,34,79,122,81,116,128,6,16,82,68,22"/><T101/><D132/><U86/><E119/><V14/><F123/><W88/><G68/><T99/><D42/><U83/><E133/><V19/><F127/><W67/><G34/><T71/><D71/><U61/><E30/><V10/><F97/><W100/><G116/><T48/><D38/><U106/><E98/><V80/><F72/><W95/><G122/><T4/><D31/><U111/><E111/><V5/><F60/><W35/><G35/><T54/><D29/><U125/><E125/><V26/><REACH who="2" step="1"/><F46/><REACH who="2" ten="250,250,240,250" step="2"/><W37/><G128/><T21/><D99/><U45/><E61/><V120/><F120/><W118/><G118/><T52/><D101/><U47/><E44/><V93/><F93/><W74/><G102/><T32/><D32/><U103/><E45/><V115/><F115/><W70/><G100/><T124/><D124/><U18/><E103/><V108/><F108/><W129/><G129/><T59/><D23/><AGARI ba="0,1" hai="5,10,14,19,23,24,26,28,33,75,76,80,112,113" machi="23" ten="40,2600,0" yaku="1,1,53,1" doraHai="49" doraHaiUra="0" who="2" fromWho="0" sc="250,-26,250,0,240,36,250,0" /><INIT seed="1,0,0,5,2,73" ten="224,250,276,250" oya="1" hai0="129,23,120,50,11,92,65,37,39,111,81,33,10" hai1="86,0,17,14,112,28,31,15,62,98,96,32,18" hai2="97,125,60,44,4,22,105,75,12,20,19,127,40" hai3="85,82,66,48,118,35,38,63,110,67,126,91,74"/><U47/><E112/><V41/><F75/><W103/><G38/><T9/><D33/><U3/><E47/><V61/><F4/><W133/><G35/><T27/><D81/><U100/><E62/><N who="2" m="24171" /><F22/><W6/><G118/><T124/><D65/><U117/><E117/><V77/><F77/><W45/><G110/><T64/><D64/><U87/><E32/><V102/><F44/><W106/><G126/><AGARI ba="0,0" hai="12,19,20,40,41,97,102,105,125,126,127" m="24171" machi="126" ten="30,1000,0" yaku="18,1" doraHai="73" who="2" fromWho="3" sc="224,0,250,0,276,10,250,-10" /><INIT seed="2,0,0,3,3,101" ten="224,250,286,240" oya="2" hai0="115,124,106,82,30,133,6,86,135,132,75,107,131" hai1="16,29,24,63,130,9,62,128,104,56,10,48,119" hai2="80,54,60,64,134,94,28,33,109,18,71,5,99" hai3="90,120,69,123,44,79,3,31,118,53,45,32,25"/><V66/><F134/><W95/><G3/><T12/><D115/><U110/><E119/><V1/><F66/><W23/><G118/><T122/><D30/><U76/><E76/><V51/><F80/><W21/><G69/><T38/><D38/><U43/><E110/><V96/><F18/><W19/><G79/><T126/><D122/><U39/><E39/><V57/><F109/><W59/><G120/><T65/><D65/><U68/><E68/><V97/><F28/><W50/><G32/><T17/><D6/><U100/><E43/><V125/><F33/><W93/><G93/><T36/><D36/><U91/><E91/><V46/><F125/><N who="0" m="48234" /><D75/><U84/><E84/><V111/><F111/><W8/><G8/><N who="0" m="6279" /><D131/><N who="1" m="50219" /><E48/><V103/><F5/><W11/><G11/><N who="1" m="4106" /><E56/><V52/><REACH who="2" step="1"/><F1/><REACH who="2" ten="224,250,276,240" step="2"/><W116/><G123/><T83/><D83/><U27/><E29/><V55/><F55/><W87/><REACH who="3" step="1"/><G116/><REACH who="3" ten="224,250,276,230" step="2"/><T14/><D14/><AGARI ba="0,2" hai="14,19,21,23,25,31,44,45,50,53,59,87,90,95" machi="14" ten="30,12000,2" yaku="1,1,2,1,7,1,25,2,8,1,53,0" doraHai="101" doraHaiUra="102" who="3" fromWho="0" sc="224,-120,250,0,276,0,230,140" /><INIT seed="3,0,0,3,3,122" ten="104,250,276,370" oya="3" hai0="3,92,17,115,33,110,59,81,104,13,28,107,20" hai1="65,96,42,47,119,49,84,80,75,37,30,117,87" hai2="113,62,51,94,74,111,46,52,18,64,36,73,27" hai3="131,79,63,38,118,34,68,57,44,14,26,76,6"/><W24/><G68/><T5/><D115/><U56/><E30/><V106/><F111/><W108/><G118/><N who="1" m="45066" /><E96/><V53/><F106/><W23/><G131/><T116/><D92/><U19/><E75/><V58/><F113/><W60/><G108/><T105/><D116/><U16/><E84/><V78/><F94/><W123/><G123/><T95/><D95/><U1/><E1/><V11/><F36/><W43/><G34/><T86/><D110/><U41/><E41/><V2/><F78/><W39/><G39/><T77/><D59/><U88/><E37/><V83/><F83/><W29/><G63/><AGARI ba="0,0" hai="16,19,42,47,49,56,63,65,80,87,88" m="45066" machi="63" ten="30,3900,0" yaku="12,1,54,2" doraHai="122" who="1" fromWho="3" sc="104,0,250,39,276,0,370,-39" /><INIT seed="4,0,0,3,4,12" ten="104,289,276,331" oya="0" hai0="58,11,73,19,109,45,29,107,77,94,123,83,63" hai1="101,62,7,16,15,23,39,120,28,6,31,110,74" hai2="66,65,130,86,59,92,64,79,81,8,114,100,104" hai3="43,3,20,17,53,33,105,117,102,32,99,38,134"/><T90/><D107/><U24/><E39/><V82/><F114/><W36/><G3/><T95/><D123/><U124/><E74/><V35/><F35/><W108/><G117/><T129/><D29/><N who="1" m="11339" /><E62/><V13/><F104/><W10/><G10/><T133/><D129/><U49/><E49/><V44/><F44/><W112/><G112/><T119/><D133/><U135/><E135/><V75/><F130/><W70/><G70/><T21/><D11/><N who="1" m="6271" /><E101/><V60/><F81/><W126/><G38/><T27/><D45/><U55/><E120/><V85/><F75/><W9/><G36/><T42/><D119/><U71/><E71/><V40/><F40/><W121/><G43/><T37/><D109/><U132/><E132/><V22/><F100/><W41/><G41/><T51/><D37/><U50/><E110/><V103/><F103/><W56/><G108/><T84/><D51/><U61/><E61/><V78/><F60/><W76/><G76/><T67/><D42/><U125/><E55/><V57/><F78/><W80/><G121/><T1/><D1/><U14/><E50/><V115/><F115/><W0/><G105/><T122/><D122/><U97/><E97/><V116/><F116/><W87/><G0/><T127/><D127/><N who="1" m="48715" /><E14/><V4/><F66/><W89/><G126/><T93/><AGARI ba="0,0" hai="19,21,27,58,63,67,73,77,83,84,90,93,94,95" machi="93" ten="20,3900,0" yaku="0,1,7,1,52,1" doraHai="12" who="0" fromWho="0" sc="104,39,289,-13,276,-13,331,-13" /><INIT seed="4,1,0,3,5,7" ten="143,276,263,318" oya="0" hai0="109,43,75,36,22,102,82,8,106,74,130,35,76" hai1="54,83,90,65,129,18,87,42,17,10,68,4,29" hai2="124,117,113,24,60,20,26,79,5,16,3,12,59" hai3="103,69,44,45,56,32,111,13,30,119,135,81,50"/><T40/><D35/><U100/><E129/><V126/><F113/><W85/><G69/><T23/><D130/><U77/><E68/><V80/><F117/><W116/><G111/><T95/><D106/><U98/><E65/><V93/><F93/><W133/><G32/><T61/><D74/><U1/><E42/><V63/><F3/><W21/><G103/><T33/><D33/><U134/><E134/><N who="3" m="51210" /><G56/><T123/><D61/><N who="2" m="23626" /><F5/><W52/><G45/><T2/><D123/><U89/><E29/><V28/><F28/><W110/><G110/><T92/><D92/><U104/><E54/><V37/><F59/><W53/><G53/><T62/><D62/><U48/><E48/><V86/><F37/><W128/><G128/><T27/><D23/><U58/><E58/><V99/><F99/><W125/><G125/><AGARI ba="1,0" hai="12,16,20,24,26,79,80,86,124,125,126" m="23626" machi="125" ten="30,2000,0" yaku="18,1,54,1" doraHai="7" who="2" fromWho="3" sc="143,0,276,0,263,23,318,-23" /><INIT seed="5,0,0,1,1,30" ten="143,276,286,295" oya="1" hai0="32,6,89,99,41,104,56,46,33,9,8,118,31" hai1="54,0,119,75,58,125,28,24,16,4,105,64,11" hai2="74,12,123,102,38,23,68,51,35,49,43,25,52" hai3="21,107,80,91,69,94,78,103,5,126,14,82,108"/><U39/><E119/><V34/><F68/><W135/><G69/><T27/><D118/><U95/><E75/><V129/><F123/><W26/><G108/><T59/><D9/><U130/><E105/><V131/><F74/><W86/><G126/><T124/><D124/><U106/><E125/><V128/><F12/><W93/><G135/><T47/><D47/><U81/><E106/><V96/><F38/><W17/><G107/><T132/><D132/><U70/><E130/><V62/><F62/><W101/><G5/><T84/><D33/><N who="2" m="12298" /><F52/><W100/><REACH who="3" step="1"/><G26/><REACH who="3" ten="143,276,286,285" step="2"/><T90/><D104/><U29/><E70/><V1/><F1/><W110/><G110/><T127/><D127/><U3/><E64/><V2/><F2/><W36/><G36/><T122/><D122/><U83/><E39/><V85/><F43/><W114/><G114/><T61/><D41/><U97/><E0/><V19/><F85/><AGARI ba="0,1" hai="14,17,21,78,80,82,85,86,91,93,94,100,101,103" machi="85" ten="40,2600,0" yaku="1,1,8,1,53,0" doraHai="30" doraHaiUra="116" who="3" fromWho="2" sc="143,0,276,0,286,-26,285,36" /><INIT seed="6,0,0,0,5,72" ten="143,276,260,321" oya="2" hai0="52,44,48,18,128,121,134,29,101,22,95,92,98" hai1="80,131,31,108,23,93,111,124,86,8,75,51,87" hai2="116,0,13,62,115,34,79,84,49,27,24,99,58" hai3="94,102,33,66,21,12,2,43,69,20,104,96,67"/><V91/><F0/><W41/><G33/><T117/><D121/><U36/><E36/><V9/><F116/><W5/><G104/><T35/><D134/><U135/><E135/><V30/><F115/><W53/><G2/><T119/><D128/><U70/><E70/><V110/><F110/><W78/><G78/><T97/><D29/><U54/><E8/><V63/><F27/><W55/><G69/><T38/><D38/><U59/><E131/><V103/><F49/><W100/><G5/><T77/><D35/><U130/><E130/><V45/><F45/><W47/><G47/><T112/><D77/><U10/><E124/><V42/><F42/><N who="3" m="15883" /><G12/><T39/><D112/><U15/><E111/><V81/><F58/><W74/><G74/><T125/><D125/><U68/><E108/><V37/><F37/><W89/><G89/><T50/><D50/><U17/><E68/><V126/><F91/><W7/><G7/><T11/><D11/><U90/><E75/><V127/><F127/><W65/><G102/><T73/><D73/><U56/><E56/><V26/><F26/><W83/><G83/><T60/><D39/><U46/><E46/><V61/><F126/><W88/><G100/><T32/><D32/><U14/><E31/><V40/><F40/><W1/><G1/><T132/><D132/><U123/><E123/><V3/><F3/><W133/><G133/><T25/><D60/><U107/><E107/><N who="2" m="63999" /><F9/><W76/><G76/><T71/><D71/><U106/><E106/><V109/><F109/><W120/><G120/><T122/><D122/><U6/><E80/><RYUUKYOKU ba="0,0" sc="143,0,276,0,260,0,321,0" hai0="18,22,25,44,48,52,92,95,97,98,101,117,119" hai1="6,10,14,15,17,23,51,54,59,86,87,90,93" hai2="13,24,30,34,61,62,63,79,81,84" hai3="20,21,53,55,65,66,67,88,94,96" /><INIT seed="6,1,0,2,4,52" ten="143,276,260,321" oya="2" hai0="98,43,76,81,96,103,51,48,30,79,57,129,49" hai1="46,90,59,19,74,21,100,25,10,4,107,126,7" hai2="60,65,128,27,9,69,92,88,20,135,23,67,86" hai3="85,113,91,114,11,133,124,61,40,55,35,82,58"/><V36/><F36/><W108/><G35/><T5/><D129/><U77/><E126/><V31/><F128/><W118/><G118/><T39/><D30/><U1/><E7/><V121/><F121/><W106/><G106/><T95/><D96/><U64/><E46/><V33/><F135/><W84/><G108/><T8/><D39/><U130/><E130/><V117/><F117/><W14/><G133/><T102/><D76/><U15/><E90/><V71/><REACH who="2" step="1"/><F9/><REACH who="2" ten="143,276,250,321" step="2"/><W26/><G124/><T93/><D8/><U70/><E10/><V53/><F53/><W89/><G40/><T131/><D131/><U120/><E120/><V75/><F75/><W6/><REACH who="3" step="1"/><G26/><REACH who="3" ten="143,276,250,311" step="2"/><T110/><D43/><U109/><E25/><V94/><F94/><AGARI ba="1,2" hai="6,11,14,55,58,61,82,84,85,89,91,94,113,114" machi="94" ten="40,5200,0" yaku="1,1,2,1,52,1,53,0" doraHai="52" doraHaiUra="47" who="3" fromWho="2" sc="143,0,276,0,250,-55,311,75" /><INIT seed="7,0,0,3,2,121" ten="143,276,195,386" oya="3" hai0="116,76,115,120,133,29,33,18,15,30,118,91,16" hai1="86,10,17,131,39,54,12,22,13,51,134,83,80" hai2="45,55,32,104,81,43,62,107,135,36,69,130,2" hai3="7,9,53,0,27,67,8,34,6,31,73,93,50"/><W11/><G73/><T88/><D76/><U57/><E39/><V129/><F135/><W59/><G67/><T117/><D120/><U28/><E131/><N who="2" m="50187" /><F2/><W89/><G7/><T127/><D133/><U82/><E134/><V132/><F132/><W128/><G128/><T23/><D127/><U87/><E28/><V112/><F112/><W94/><G94/><T63/><D63/><U40/><E40/><V47/><F32/><W108/><G108/><T65/><D65/><U75/><E75/><V79/><F69/><W123/><G123/><T48/><D33/><U58/><E58/><N who="2" m="35167" /><F47/><W14/><G14/><T125/><D18/><AGARI ba="0,0" hai="10,12,13,17,18,22,51,54,57,80,82,83,86,87" machi="18" ten="40,1300,0" yaku="8,1" doraHai="121" who="1" fromWho="0" sc="143,-13,276,13,195,0,386,0" owari="130,-37.0,289,9.0,195,-20.0,386,48.0" /></mjloggm>