<mjloggm ver="2.3"><GO type="97" lobby="0"/><UN n0="%79%6D%68%73%72%77" n1="%E3%81%8B%E3%82%8B%E3%81%A6%E3%81%A3%E3%81%A8%E2%99%AA" n2="%6D%69%70%70%6F" n3="%E5%B0%B1%E6%B4%BB%E7%94%9F%40%E5%B7%9D%E6%9D%91%E8%BB%8D%E5%9B%A3" dan="15,14,14,15" rate="2016.68,1941.70,1934.11,2069.68" sx="M,M,M,M"/><TAIKYOKU oya="0"/><INIT seed="0,0,0,4,1,98" ten="250,250,250,250" oya="0" hai0="40,61,90,111,123,99,127,7,109,96,118,8,32" hai1="53,1,43,18,86,60,42,80,52,135,4,10,94" hai2="30,23,85,133,114,93,87,75,38,81,125,21,56" hai3="82,103,97,106,65,28,126,112,91,104,46,92,2"/><T6/><D123/><U19/><E135/><V116/><F114/><W130/><G112/><T100/><D118/><U69/><E94/><V95/><F38/><W128/><G2/><T122/><D122/><U24/><E42/><V48/><F133/><W71/><G28/><T78/><D32/><U50/><E43/><V121/><F121/><W36/><G71/><T108/><D78/><U64/><E24/><V22/><F125/><W105/><G65/><T16/><D127/><U29/><E29/><V58/><F75/><W67/><G67/><T66/><D40/><U35/><E35/><V44/><F116/><W113/><G113/><T0/><D90/><U51/><E51/><V5/><F5/><W89/><G36/><T54/><D96/><U17/><REACH who="1" step="1"/><E50/><REACH who="1" ten="250,240,250,250" step="2"/><V119/><F119/><W27/><G126/><T14/><D0/><U9/><E9/><V59/><F30/><W68/><G27/><T63/><D54/><U74/><E74/><V129/><F129/><N who="3" m="49771" /><G46/><T101/><D61/><U124/><E124/><V134/><F134/><W70/><G70/><N who="0" m="42335" /><D100/><U132/><E132/><V88/><F95/><AGARI ba="0,1" hai="6,7,8,14,16,95,99,101,108,109,111" m="42335" machi="95" ten="30,11600,0" yaku="14,1,10,1,52,1,54,1" doraHai="98" who="0" fromWho="2" sc="250,126,240,0,250,-116,250,0" /><INIT seed="0,1,0,0,3,74" ten="376,240,134,250" oya="0" hai0="91,12,42,92,28,102,66,15,75,135,9,73,131" hai1="79,45,103,70,84,116,22,58,57,1,2,123,6" hai2="90,120,107,85,24,67,95,19,98,36,128,122,129" hai3="118,11,127,23,77,32,105,104,37,46,7,27,132"/><T53/><D12/><U5/><E116/><V101/><F36/><W26/><G118/><T78/><D66/><U54/><E70/><V115/><F67/><W134/><G32/><T30/><D42/><U89/><E123/><N who="2" m="47147" /><F19/><W4/><G127/><T114/><D75/><U56/><E1/><V81/><F24/><W96/><G96/><T38/><D38/><U10/><E5/><V35/><F35/><W93/><G93/><T60/><D114/><U124/><E124/><V49/><F49/><W109/><G46/><T97/><D131/><N who="2" m="50250" /><F115/><W61/><G61/><T62/><D135/><U63/><E45/><V87/><F87/><W18/><G37/><T82/><D102/><U125/><E125/><V72/><F72/><W121/><G121/><T69/><D69/><U52/><E63/><V31/><F31/><W59/><G59/><T113/><D113/><U29/><E29/><V47/><F47/><W71/><G71/><T94/><D94/><AGARI ba="1,0" hai="81,85,90,94,95,98,101,107" m="50250,47147" machi="94" ten="30,3900,0" yaku="19,1,34,2" doraHai="74" who="2" fromWho="0" sc="376,-42,240,0,134,42,250,0" /><INIT seed="1,0,0,2,0,94" ten="334,240,176,250" oya="1" hai0="97,75,111,48,18,41,61,80,63,130,99,14,115" hai1="46,33,126,2,35,82,95,54,1,70,57,20,59" hai2="53,4,0,40,34,10,120,62,3,106,69,132,101" hai3="7,55,110,64,8,15,13,26,71,31,89,123,96"/><U98/><E70/><V60/><F120/><W117/><G123/><T17/><D115/><U118/><E118/><V25/><F53/><W50/><G117/><T39/><D39/><U9/><E126/><V91/><F91/><W93/><G110/><T30/><D111/><U68/><E68/><V86/><F86/><W74/><G74/><T52/><D18/><U6/><E1/><N who="2" m="271" /><F60/><W131/><G131/><T77/><D30/><U116/><E116/><V112/><F40/><W129/><G129/><T19/><D19/><U92/><E92/><V56/><F132/><W119/><G119/><T128/><D41/><U81/><E59/><V24/><F56/><W108/><G108/><T85/><D75/><U37/><E81/><V78/><F25/><W122/><G122/><T43/><D43/><U5/><E82/><V125/><F78/><W67/><G15/><T103/><D130/><U104/><E104/><V21/><F21/><N who="3" m="15823" /><G71/><T27/><D103/><U65/><E65/><N who="2" m="41143" /><F125/><W73/><G73/><T23/><D14/><U28/><E37/><V124/><F124/><W87/><G87/><T38/><D38/><U88/><E46/><AGARI ba="0,0" hai="7,8,13,46,50,55,64,67,89,93,96" m="15823" machi="46" ten="30,2000,0" yaku="8,1,52,1" doraHai="94" who="3" fromWho="1" sc="334,0,240,-20,176,0,250,20" /><INIT seed="2,0,0,0,4,115" ten="334,220,176,270" oya="2" hai0="74,126,33,123,107,21,8,30,134,67,48,128,44" hai1="82,11,99,12,32,75,14,114,117,15,85,57,100" hai2="72,73,102,39,6,31,76,122,2,4,28,70,80" hai3="60,7,23,124,93,98,46,61,133,108,5,56,101"/><V43/><F122/><W129/><G108/><T54/><D123/><U106/><E114/><V132/><F132/><W110/><G110/><T118/><D134/><U40/><E32/><V130/><F130/><W105/><G133/><T3/><D128/><U95/><E40/><V41/><F102/><W96/><G124/><T17/><D126/><U37/><E37/><V69/><F80/><W94/><G105/><T42/><D107/><U51/><E117/><V120/><F120/><W131/><G46/><T22/><D74/><U10/><E51/><V78/><F2/><W111/><G111/><T92/><D33/><U27/><E27/><V84/><F84/><W20/><G56/><T36/><D67/><U135/><E57/><V55/><F55/><W83/><G83/><T71/><D71/><U63/><E63/><V109/><F109/><W38/><G101/><T49/><D118/><U64/><E64/><V29/><F29/><W62/><G62/><T16/><D36/><AGARI ba="0,0" hai="4,6,28,31,36,39,41,43,69,70,72,73,76,78" machi="36" ten="25,2400,0" yaku="22,2" doraHai="115" who="2" fromWho="0" sc="334,-24,220,0,176,24,270,0" /><AGARI ba="0,0" hai="5,7,20,23,36,38,60,61,93,94,96,98,129,131" machi="36" ten="25,1600,0" yaku="22,2" doraHai="115" who="3" fromWho="0" sc="310,-16,220,0,200,0,270,16" /><INIT seed="2,1,0,1,0,132" ten="294,220,200,286" oya="2" hai0="92,59,134,8,114,7,63,62,21,127,124,118,110" hai1="16,97,69,36,66,131,12,33,65,84,128,91,31" hai2="76,78,70,61,120,44,42,113,77,43,82,104,22" hai3="102,105,15,108,57,116,32,72,88,68,3,34,25"/><V135/><F113/><W119/><G68/><T54/><D114/><U85/><E36/><V49/><F120/><W83/><G3/><T117/><D134/><U106/><E31/><V111/><F104/><W60/><G108/><T79/><D110/><U10/><E33/><V58/><F111/><W18/><G105/><T112/><D112/><U35/><E35/><V73/><F70/><W101/><G34/><T125/><D79/><U133/><E133/><V122/><F122/><W51/><G32/><T13/><D92/><N who="1" m="54375" /><E85/><V2/><F2/><W6/><G51/><N who="0" m="31199" /><D21/><U75/><E75/><V100/><F100/><W19/><G72/><T40/><D40/><U103/><E69/><V129/><F129/><AGARI ba="1,0" hai="10,12,16,65,66,97,103,106,128,129,131" m="54375" machi="129" ten="30,2000,0" yaku="19,1,54,1" doraHai="132" who="1" fromWho="2" sc="294,0,220,23,200,-23,286,0" /><INIT seed="3,0,0,4,0,63" ten="294,243,177,286" oya="3" hai0="127,87,77,122,48,98,59,50,120,108,4,123,64" hai1="27,106,37,93,114,66,45,55,21,125,17,135,7" hai2="80,68,51,28,24,52,19,102,133,92,34,131,16" hai3="11,62,44,78,10,46,9,8,89,82,58,100,109"/><W110/><G100/><T33/><D33/><U49/><E114/><V67/><F131/><W54/><G89/><T74/><D74/><U36/><E106/><V20/><F133/><W121/><G121/><T38/><D38/><U30/><E135/><V97/><F34/><W117/><G11/><T116/><D116/><U40/><E125/><V29/><F80/><W65/><G117/><T96/><D127/><U112/><E112/><V23/><F67/><W25/><G25/><T128/><D128/><U39/><E7/><V104/><F68/><W15/><G15/><T0/><D0/><U132/><E132/><V18/><F104/><W31/><G31/><N who="2" m="11849" /><F24/><W57/><G57/><AGARI ba="0,0" hai="16,18,19,20,23,51,52,57,92,97,102" m="11849" machi="57" ten="30,3900,0" yaku="8,1,54,2" doraHai="63" who="2" fromWho="3" sc="294,0,243,0,177,39,286,-39" /><INIT seed="4,0,0,2,5,1" ten="294,243,216,247" oya="0" hai0="91,123,40,89,93,65,9,59,53,45,55,32,100" hai1="112,60,74,0,16,116,23,57,5,43,113,73,19" hai2="54,48,105,134,41,49,51,72,2,64,70,83,37" hai3="124,88,130,8,76,52,85,135,61,129,62,78,97"/><T75/><D123/><U38/><E116/><V109/><F105/><W115/><G97/><T58/><D32/><U42/><E38/><V4/><F109/><W122/><G122/><T11/><D75/><U80/><E80/><V79/><F134/><W56/><G135/><T39/><D100/><U6/><E0/><V31/><F31/><W118/><G118/><T121/><D121/><U94/><E94/><V108/><F108/><W128/><G124/><T95/><D39/><U67/><E74/><V90/><F90/><W17/><G62/><N who="0" m="38103" /><D40/><N who="1" m="15403" /><E19/><V126/><F126/><W110/><G110/><T106/><D106/><U77/><E77/><V13/><F13/><N who="3" m="7335" /><G115/><N who="1" m="44106" /><E73/><V133/><F133/><W68/><G68/><T26/><D26/><AGARI ba="0,0" hai="5,6,16,23,26,57,60,67" m="44106,15403" machi="26" ten="30,8000,1" yaku="15,1,11,1,52,2,54,1" doraHai="1" who="1" fromWho="0" sc="294,-80,243,80,216,0,247,0" owari="214,-29.0,323,42.0,216,-18.0,247,5.0" /></mjloggm>