<mjloggm ver="2.3"><GO type="169" lobby="0"/><UN n0="%E7%AB%B9%E5%B2%A1%E9%89%B1%E5%B1%B1" n1="%E5%B0%B1%E6%B4%BB%E7%94%9F%40%E5%B7%9D%E6%9D%91%E8%BB%8D%E5%9B%A3" n2="%73%68%61%70%65%6C%65%72" n3="%E3%83%88%E3%82%A5%E3%83%AB%E3%83%BC%E3%83%87" dan="16,16,16,16" rate="2080.93,2102.93,2126.62,2137.83" sx="M,M,M,F"/><TAIKYOKU oya="0"/><INIT seed="0,0,0,4,4,14" ten="250,250,250,250" oya="0" hai0="117,35,13,89,130,38,113,116,46,62,23,52,4" hai1="112,99,60,65,88,121,75,135,90,129,95,8,6" hai2="124,76,67,118,73,5,61,63,34,21,11,30,102" hai3="55,127,104,33,94,44,122,15,126,31,114,110,87"/><T120/><D120/><U2/><E121/><V51/><F34/><W109/><G114/><T72/><D113/><U47/><E112/><V7/><F7/><W20/><G104/><T103/><D35/><U40/><E129/><V0/><F102/><W1/><G1/><T108/><D72/><U32/><E135/><V19/><F30/><W70/><G70/><T45/><D130/><U82/><E32/><V10/><F10/><W12/><G122/><T98/><D108/><N who="3" m="41577" /><G33/><T17/><D4/><U100/><E75/><V3/><F3/><W105/><G105/><T39/><D89/><U80/><E80/><V54/><F118/><W93/><G31/><T49/><D45/><U66/><E82/><V9/><F9/><W37/><G55/><T68/><D116/><U133/><E66/><V59/><F76/><W43/><G12/><T22/><D117/><U57/><REACH who="1" step="1"/><E133/><REACH who="1" ten="250,240,250,250" step="2"/><V28/><F73/><W86/><G126/><T64/><REACH who="0" step="1"/><D23/><REACH who="0" ten="240,240,250,250" step="2"/><U27/><E27/><V50/><F21/><W48/><G127/><T36/><D36/><AGARI ba="0,2" hai="2,6,8,36,40,47,57,60,65,88,90,95,99,100" machi="36" ten="30,7700,0" yaku="1,1,7,1,54,1,53,1" doraHai="14" doraHaiUra="69" who="1" fromWho="0" sc="240,-77,240,97,250,0,250,0" /><INIT seed="1,0,0,4,2,83" ten="163,337,250,250" oya="1" hai0="115,44,22,64,78,98,65,106,96,14,113,84,119" hai1="121,76,32,79,118,23,127,92,51,62,57,10,46" hai2="93,13,85,122,73,114,39,116,120,89,30,11,54" hai3="112,131,42,21,70,74,59,75,80,29,132,53,108"/><U63/><E32/><V47/><F73/><W129/><G112/><T1/><D1/><U68/><E118/><V128/><F116/><W19/><G70/><T4/><D119/><U117/><E117/><V8/><F114/><W82/><G108/><T49/><D106/><U81/><E68/><V18/><F30/><W130/><G132/><T48/><D113/><U125/><E121/><V87/><F8/><W67/><G29/><T124/><D124/><N who="1" m="47691" /><E10/><V100/><F100/><W31/><G31/><T99/><D115/><U104/><E104/><V43/><F54/><W5/><G5/><T28/><D48/><U69/><E69/><V40/><F40/><W6/><G6/><T12/><D4/><U20/><E92/><V135/><F135/><W133/><G67/><N who="0" m="25675" /><D28/><U34/><E34/><V36/><F36/><W97/><G42/><N who="0" m="24727" /><D22/><N who="1" m="8235" /><E57/><V66/><F66/><W94/><G133/><T60/><D60/><N who="1" m="23083" /><E81/><AGARI ba="0,0" hai="12,14,78,81,84,96,98,99" m="24727,25675" machi="81" ten="30,2000,0" yaku="8,1,52,1" doraHai="83" who="0" fromWho="1" sc="163,20,337,-20,250,0,250,0" /><INIT seed="2,0,0,4,3,62" ten="183,317,250,250" oya="2" hai0="2,61,127,117,134,3,25,1,90,95,24,103,4" hai1="18,126,60,53,33,115,79,132,109,56,34,10,47" hai2="74,13,21,102,93,125,73,12,29,81,55,118,89" hai3="104,135,38,83,130,101,8,22,64,46,70,119,48"/><V97/><F118/><W69/><G119/><T92/><D117/><U77/><E115/><V120/><F120/><W121/><G121/><T114/><D114/><U5/><E109/><V44/><F125/><W88/><G38/><T110/><D4/><U94/><E126/><V23/><F74/><W7/><G135/><T71/><D127/><U36/><E132/><V20/><F29/><W30/><G130/><T124/><D124/><U32/><E18/><V59/><F44/><W112/><G112/><T0/><N who="0" m="0" /><DORA hai="82" /><T16/><D134/><U86/><E10/><V116/><F116/><W106/><G101/><T72/><D72/><U45/><E5/><V98/><F73/><W40/><G70/><T129/><D129/><U107/><E107/><V50/><REACH who="2" step="1"/><F81/><REACH who="2" ten="183,317,240,250" step="2"/><W49/><G83/><T57/><D110/><U67/><E45/><V54/><F54/><W11/><G30/><T52/><D52/><U14/><E53/><V65/><F65/><W80/><G64/><T15/><D103/><U26/><E67/><V91/><F91/><W37/><G88/><T41/><D90/><U75/><E47/><V131/><F131/><W108/><G46/><T17/><D41/><U9/><E36/><V128/><F128/><W42/><G40/><T51/><D71/><U85/><E75/><V28/><F28/><W76/><G69/><T68/><D68/><U58/><E34/><V123/><F123/><W99/><G42/><T6/><D57/><U84/><E33/><V113/><F113/><W31/><G37/><T105/><D51/><U27/><E32/><V66/><F66/><RYUUKYOKU ba="0,1" sc="183,-10,317,-10,240,30,250,-10" hai2="12,13,20,21,23,50,55,59,89,93,97,98,102" /><INIT seed="2,1,1,2,0,105" ten="173,307,270,240" oya="2" hai0="90,15,106,85,88,57,6,100,54,18,103,42,69" hai1="135,72,16,5,119,9,83,48,41,98,7,73,120" hai2="49,74,107,10,63,60,68,3,124,132,62,11,130" hai3="123,44,51,89,95,94,122,17,110,99,31,33,115"/><V67/><F107/><W101/><G110/><T53/><D69/><U127/><E119/><V65/><F74/><W25/><G115/><T32/><D32/><U104/><E120/><V70/><F132/><W29/><G29/><T111/><D111/><U56/><E135/><V133/><F133/><W36/><G17/><T8/><D42/><U27/><E127/><V4/><F124/><W91/><G36/><T84/><D106/><U24/><E83/><V14/><F49/><W134/><G134/><T71/><D71/><U82/><E82/><V126/><F126/><W46/><G46/><T77/><D77/><U112/><E112/><V55/><F130/><W59/><G59/><T39/><D39/><U81/><E81/><V40/><F40/><W20/><G33/><T66/><D66/><U75/><E7/><V125/><F125/><W86/><REACH who="3" step="1"/><G101/><REACH who="3" ten="173,307,270,230" step="2"/><N who="0" m="38987" /><D18/><U80/><E16/><V114/><F114/><W109/><G109/><T38/><D38/><U34/><E34/><V79/><F68/><W30/><G30/><T128/><D128/><U13/><E56/><V22/><F70/><W19/><G19/><T113/><D113/><U28/><E28/><V47/><F47/><W23/><G23/><T76/><D57/><U45/><E27/><V108/><F22/><W118/><G118/><T96/><D8/><U61/><E24/><V12/><F11/><W26/><G26/><T93/><D6/><U129/><E9/><V43/><F10/><W131/><G131/><T78/><D15/><U50/><E5/><V1/><F4/><W87/><G87/><T37/><D37/><RYUUKYOKU ba="1,2" sc="173,-10,307,-10,270,-10,230,30" hai3="20,25,31,44,51,86,89,91,94,95,99,122,123" /><INIT seed="3,2,2,2,0,10" ten="163,297,260,260" oya="3" hai0="118,99,40,131,34,59,23,89,110,116,25,113,124" hai1="52,75,44,42,100,37,50,129,39,67,111,101,133" hai2="22,94,62,78,14,122,11,57,3,108,6,30,79" hai3="77,82,12,127,41,90,114,109,106,103,55,8,69"/><W126/><G114/><T97/><D113/><U4/><E75/><V35/><F108/><W84/><G69/><T112/><D34/><U83/><E111/><V48/><F122/><W27/><G41/><T65/><D110/><U19/><E4/><V80/><F35/><W38/><G38/><T46/><D112/><U56/><E129/><V135/><F48/><W18/><G109/><T1/><D1/><U87/><E133/><V68/><F68/><W47/><G103/><T64/><D131/><U32/><E32/><V17/><F30/><W91/><G106/><T107/><D107/><U54/><E67/><V74/><F79/><W125/><REACH who="3" step="1"/><G27/><REACH who="3" ten="163,297,260,250" step="2"/><T33/><D25/><U120/><E39/><V93/><REACH who="2" step="1"/><F135/><REACH who="2" ten="163,297,250,250" step="2"/><W115/><G115/><T16/><D116/><U26/><E37/><V43/><F43/><W63/><G63/><T2/><D40/><U86/><E42/><V132/><F132/><W29/><G29/><T92/><D118/><U9/><E120/><V66/><AGARI ba="2,4" hai="3,6,11,14,17,22,57,62,66,74,78,80,93,94" machi="66" ten="20,5200,0" yaku="1,1,0,1,7,1,52,1,53,0" doraHai="10" doraHaiUra="28" who="2" fromWho="2" sc="163,-15,297,-15,250,98,250,-28" /><INIT seed="4,0,0,2,1,100" ten="148,282,348,222" oya="0" hai0="129,20,25,71,106,73,83,4,1,50,125,135,95" hai1="101,21,97,102,5,61,64,43,58,112,7,78,30" hai2="81,87,32,76,34,75,88,126,72,51,37,86,104" hai3="49,130,47,9,96,68,121,122,92,23,90,110,98"/><T111/><D71/><U40/><E78/><V8/><F37/><W79/><G68/><T65/><D65/><U77/><E77/><V62/><F104/><W124/><G110/><T85/><D106/><U26/><E112/><V55/><F62/><W67/><G130/><T46/><D73/><U66/><E66/><V18/><F126/><W82/><G124/><T60/><D60/><U2/><E102/><V24/><F86/><W28/><G67/><T27/><D125/><U123/><E123/><N who="3" m="47114" /><G9/><T14/><D1/><U44/><E2/><V69/><F69/><W36/><G36/><T113/><D113/><U74/><E74/><V22/><F8/><W115/><G115/><T118/><D118/><U35/><E35/><V56/><REACH who="2" step="1"/><F72/><REACH who="2" ten="148,282,338,222" step="2"/><N who="3" m="43367" /><G49/><T131/><D50/><U31/><E61/><V6/><F6/><W13/><G98/><T15/><D4/><U91/><E7/><V16/><F16/><N who="3" m="10639" /><G28/><T41/><D131/><U99/><E31/><V52/><F52/><W109/><G109/><T54/><D111/><U80/><E30/><V45/><F45/><AGARI ba="0,1" hai="45,47,90,92,96" m="10639,43367,47114" machi="45" ten="30,2000,0" yaku="13,1,54,1" doraHai="100" who="3" fromWho="2" sc="148,0,282,0,338,-20,222,30" /><INIT seed="5,0,0,0,4,72" ten="148,282,318,252" oya="1" hai0="77,9,130,28,117,124,67,104,98,57,102,46,89" hai1="52,120,112,87,125,92,59,119,54,64,81,42,123" hai2="7,90,29,41,93,75,18,83,96,106,48,55,40" hai3="82,47,113,53,16,58,97,135,95,62,30,17,15"/><U6/><E119/><V118/><F118/><W70/><G113/><T88/><D117/><U127/><E42/><V71/><F71/><W109/><G109/><T99/><D124/><N who="1" m="47691" /><E6/><V45/><F106/><W132/><G70/><T35/><D130/><U14/><E112/><V74/><F29/><W78/><G30/><T101/><D46/><U31/><E31/><V116/><F116/><W27/><G47/><T126/><D126/><U37/><E37/><V4/><F75/><N who="3" m="43359" /><G15/><T69/><D57/><U61/><E14/><V51/><F18/><W25/><G25/><N who="0" m="18831" /><D77/><N who="1" m="46511" /><E92/><V84/><F74/><W23/><G17/><T68/><D9/><U10/><E10/><V5/><REACH who="2" step="1"/><F48/><REACH who="2" ten="148,282,308,252" step="2"/><W115/><G115/><T103/><D68/><U100/><E120/><V1/><F1/><W26/><G26/><T33/><D33/><U114/><E114/><V39/><F39/><W19/><G19/><T24/><D24/><U91/><E123/><V105/><F105/><W0/><G0/><T86/><D104/><U65/><E100/><AGARI ba="0,1" hai="4,5,7,40,41,45,51,55,83,84,90,93,96,100" machi="100" ten="40,2600,0" yaku="1,1,8,1,53,0" doraHai="72" doraHaiUra="108" who="2" fromWho="1" sc="148,0,282,-26,308,36,252,0" /><INIT seed="6,0,0,2,2,134" ten="148,256,344,252" oya="2" hai0="119,112,88,87,102,74,64,127,107,36,79,48,20" hai1="75,21,123,103,82,40,49,24,45,124,52,41,6" hai2="129,33,73,38,19,9,50,101,0,133,80,89,77" hai3="117,35,3,121,25,22,39,135,31,69,98,11,29"/><V128/><F38/><W93/><G69/><T12/><D12/><U120/><E103/><V60/><F33/><W57/><G39/><T65/><D65/><U95/><E6/><V26/><F101/><W17/><G117/><T99/><D36/><U30/><E124/><V55/><F60/><W126/><G121/><N who="1" m="46666" /><E95/><V28/><F89/><W90/><G135/><T15/><D119/><U23/><E21/><V42/><F42/><N who="1" m="16489" /><E82/><V43/><F43/><W8/><G126/><T113/><D127/><U58/><E75/><V16/><F133/><W94/><G3/><T62/><D48/><U14/><E14/><V86/><F73/><W108/><G108/><T63/><D64/><U68/><E68/><V100/><F100/><W130/><G130/><N who="2" m="50281" /><F9/><N who="3" m="3659" /><G35/><T67/><D67/><U106/><E106/><V97/><F97/><N who="3" m="57527" /><G57/><AGARI ba="0,0" hai="23,24,30,45,49,52,57,58" m="16489,46666" machi="57" ten="30,2000,0" yaku="13,1,54,1" doraHai="134" who="1" fromWho="3" sc="148,0,256,20,344,0,252,-20" /><INIT seed="7,0,0,5,4,72" ten="148,276,344,232" oya="3" hai0="133,34,96,17,88,97,16,54,123,87,35,125,23" hai1="25,38,113,19,60,134,22,40,27,43,24,126,81" hai2="14,4,82,61,79,127,0,105,86,5,1,80,13" hai3="7,45,104,75,3,8,94,47,64,95,62,66,29"/><W74/><G104/><T120/><D133/><U84/><E113/><V56/><F105/><W90/><G74/><T9/><D125/><U100/><E134/><V49/><F49/><W67/><G75/><T135/><D135/><U28/><E126/><V55/><F127/><W6/><G6/><N who="2" m="2665" /><F1/><W129/><G129/><T78/><D9/><U46/><E40/><V77/><F0/><W124/><G124/><T33/><D54/><U130/><E130/><V2/><F2/><W42/><G62/><T116/><D116/><U118/><E100/><V132/><F132/><W76/><G29/><T70/><D70/><U57/><E118/><V110/><F110/><W44/><G76/><T122/><D78/><U10/><E10/><V68/><F68/><W65/><N who="3" m="16384" /><DORA hai="11" /><W52/><G42/><T48/><D48/><N who="1" m="26719" /><E28/><V128/><F128/><W119/><G119/><T71/><D71/><U102/><E38/><V51/><F51/><N who="3" m="28799" /><G3/><T106/><D106/><U58/><E102/><V39/><F39/><W85/><G95/><T30/><D30/><U20/><E60/><V131/><F131/><W121/><G121/><T41/><D41/><U69/><E69/><V32/><F32/><W99/><G99/><T63/><D63/><U31/><E27/><V73/><F73/><W98/><G98/><T92/><REACH who="0" step="1"/><D17/><REACH who="0" ten="138,276,344,232" step="2"/><U115/><E19/><V83/><F79/><W108/><G108/><T109/><D109/><U107/><E31/><V12/><AGARI ba="0,1" hai="12,13,14,55,56,61,77,80,82,83,86" m="2665" machi="12" ten="30,8000,1" yaku="8,1,52,4" doraHai="72,11" who="2" fromWho="2" sc="138,-20,276,-20,344,90,232,-40" owari="118,-38.0,256,6.0,434,53.0,192,-21.0" /></mjloggm>