<mjloggm ver="2.3"><GO type="169" lobby="0"/><UN n0="%48%69%64%64%65%6E" n1="%E5%A4%8F%E5%B7%9D%E3%81%BE%E3%82%86%E3%82%8A" n2="%E3%83%86%E3%83%AA%E3%82%84%E3%81%8D%E3%83%90%E3%83%BC%E3%82%AC%E3%83%BC" n3="%E3%82%A6%E3%83%AB%E3%83%88%E3%83%A9%E7%AB%8B%E7%9B%B4" dan="16,16,16,16" rate="2072.31,2030.68,2112.00,2112.09" sx="M,F,M,M"/><TAIKYOKU oya="0"/><INIT seed="0,0,0,1,1,59" ten="250,250,250,250" oya="0" hai0="95,83,43,97,20,14,61,132,47,93,21,67,9" hai1="17,34,86,121,13,89,112,131,29,28,64,73,54" hai2="45,81,123,23,133,3,92,58,50,91,40,30,74" hai3="76,8,0,106,70,1,113,71,65,114,25,98,49"/><T118/><D132/><U18/><E121/><V68/><F68/><W102/><G49/><T80/><D118/><U128/><E73/><V124/><F123/><W33/><G76/><T42/><D20/><U79/><E79/><V56/><F3/><N who="3" m="1099" /><G8/><T103/><D95/><U110/><E64/><V75/><F75/><W66/><G66/><T108/><D21/><U96/><E96/><V69/><F69/><N who="3" m="26123" /><G65/><T4/><D108/><U24/><E110/><V107/><F107/><W119/><G119/><T77/><D77/><U90/><E112/><V84/><F133/><W44/><G44/><T94/><D94/><U109/><E109/><V36/><F74/><W27/><G27/><T88/><D103/><U72/><E72/><V104/><F104/><W135/><G135/><T85/><D97/><U111/><E111/><V37/><F92/><W117/><G117/><T125/><D125/><U22/><E54/><V126/><F58/><W19/><G19/><T101/><D101/><U26/><E89/><V6/><F56/><W38/><G38/><T46/><D46/><U7/><E90/><V51/><F6/><W63/><G63/><T32/><D32/><U31/><E86/><V2/><F2/><W53/><G25/><T129/><D43/><U82/><E82/><V100/><F100/><W62/><G33/><T48/><REACH who="0" step="1"/><D129/><REACH who="0" ten="240,250,250,250" step="2"/><U5/><E131/><V16/><F126/><W78/><G78/><T120/><D120/><U11/><E128/><V52/><F124/><W15/><G102/><T87/><D87/><U12/><E34/><V130/><F130/><W57/><G98/><RYUUKYOKU ba="0,1" sc="240,15,250,15,250,-15,250,-15" hai0="4,9,14,42,47,48,61,67,80,83,85,88,93" hai1="5,7,11,12,13,17,18,22,24,26,28,29,31" /><INIT seed="0,1,1,2,1,89" ten="255,265,235,235" oya="0" hai0="36,131,88,21,43,24,82,5,106,109,57,108,13" hai1="122,51,47,135,129,58,95,10,96,55,94,2,0" hai2="127,101,35,50,14,84,28,75,59,29,91,69,60" hai3="113,53,44,124,78,67,66,120,118,110,3,52,83"/><T31/><D131/><U92/><E122/><V79/><F127/><W41/><G118/><T76/><D106/><U18/><E135/><V12/><F101/><W102/><G113/><T105/><D105/><U8/><E129/><V6/><F79/><W39/><G124/><T98/><D57/><U15/><E96/><V70/><F75/><W115/><G115/><T90/><D43/><U56/><E0/><V107/><F107/><W42/><G102/><T61/><D61/><U103/><E103/><V74/><F74/><W117/><G117/><T126/><D126/><U46/><E2/><V123/><F69/><W116/><G42/><T23/><D36/><U134/><E134/><V71/><F71/><W62/><G116/><T100/><D100/><U34/><E34/><V125/><F50/><W99/><G99/><T81/><D81/><U54/><E8/><V63/><F70/><N who="3" m="42327" /><G67/><T68/><D68/><U77/><E77/><V1/><F1/><W20/><G20/><T27/><D13/><U7/><E7/><V72/><F14/><W16/><G3/><T119/><D5/><U87/><E87/><V93/><F72/><N who="3" m="43463" /><G110/><N who="0" m="42603" /><D98/><U130/><E130/><V32/><F125/><W80/><G80/><T111/><N who="0" m="42611" /><T48/><DORA hai="132" /><D48/><AGARI ba="1,1" hai="10,15,18,46,47,48,51,54,55,56,58,92,94,95" machi="48" ten="40,8000,1" yaku="9,1,8,1,52,3" doraHai="89,132" who="1" fromWho="0" sc="255,-83,265,93,235,0,235,0" /><INIT seed="1,0,0,5,5,32" ten="172,358,235,235" oya="1" hai0="134,8,86,73,28,61,16,59,53,51,46,102,108" hai1="70,122,90,9,22,72,60,42,118,10,31,5,2" hai2="33,49,111,18,64,47,34,58,116,65,12,24,101" hai3="57,78,52,30,13,48,67,107,96,29,39,15,40"/><U20/><E72/><V62/><F116/><W126/><G126/><T109/><D73/><U92/><E118/><V4/><F111/><N who="0" m="42570" /><D134/><U121/><E42/><V83/><F101/><W85/><G39/><T98/><D28/><N who="3" m="10857" /><G107/><N who="0" m="63959" /><D86/><U41/><E41/><V6/><F24/><W94/><G67/><T44/><D51/><U84/><E10/><V95/><F65/><W25/><G25/><T128/><D128/><U63/><E31/><V56/><F56/><W123/><G123/><T77/><D77/><U100/><E100/><V105/><F105/><W79/><G40/><T74/><D74/><U0/><E70/><V112/><F34/><W75/><G75/><T3/><D3/><U66/><E0/><V130/><F33/><W135/><G135/><T91/><D91/><U26/><E66/><V106/><F106/><W113/><G113/><T93/><D93/><U7/><E122/><V88/><F130/><W69/><G69/><T36/><D36/><U43/><E92/><V114/><F114/><W38/><G38/><T87/><D87/><U80/><E121/><V54/><F112/><W55/><G55/><T50/><D50/><U117/><E117/><V125/><F125/><W110/><G110/><T37/><D37/><U131/><E131/><V120/><F120/><W97/><G85/><T19/><D8/><U115/><E9/><N who="2" m="6415" /><F95/><W82/><G94/><T35/><D35/><U133/><E115/><V23/><F23/><W119/><G119/><T68/><D68/><U129/><E129/><V45/><F45/><AGARI ba="0,0" hai="16,19,44,45,46,53,59,61" m="63959,42570" machi="45" ten="30,2000,0" yaku="14,1,54,1" doraHai="32" who="0" fromWho="2" sc="172,20,358,0,235,-20,235,0" /><INIT seed="2,0,0,5,1,130" ten="192,358,215,235" oya="2" hai0="29,69,7,72,0,12,129,96,82,107,36,88,62" hai1="79,13,65,87,92,59,17,8,103,6,108,10,2" hai2="127,35,110,14,68,111,21,112,9,55,28,124,20" hai3="116,27,60,89,71,25,5,81,105,33,101,94,53"/><V106/><F68/><W98/><G116/><T54/><D36/><U91/><E108/><N who="2" m="41515" /><F106/><W37/><G37/><T126/><D0/><U40/><E40/><V123/><F55/><W80/><G5/><T77/><D29/><U48/><E103/><V64/><F64/><N who="3" m="41351" /><G25/><T56/><D129/><U121/><E121/><V128/><F128/><W125/><G53/><T66/><D126/><N who="2" m="48170" /><F112/><W135/><G135/><T49/><D12/><U50/><E79/><V120/><F35/><W34/><G34/><T74/><D7/><U61/><AGARI ba="0,0" hai="2,6,8,10,13,17,48,50,59,61,65,87,91,92" machi="61" ten="30,1100,0" yaku="0,1" doraHai="130" who="1" fromWho="1" sc="192,-3,358,11,215,-5,235,-3" /><INIT seed="3,0,0,3,4,133" ten="189,369,210,232" oya="3" hai0="107,68,66,89,110,106,111,112,30,120,24,103,31" hai1="76,91,40,0,9,46,86,81,75,69,70,90,42" hai2="129,36,73,97,130,54,3,17,124,117,122,7,39" hai3="4,92,50,71,88,22,93,38,20,32,29,27,80"/><W79/><G38/><T34/><D120/><U57/><E57/><V28/><F117/><W87/><G71/><T104/><D31/><U113/><E113/><V109/><F122/><W96/><G4/><T55/><D55/><U94/><E91/><V10/><F109/><N who="0" m="41482" /><D89/><U6/><REACH who="1" step="1"/><E40/><REACH who="1" ten="189,359,210,232" step="2"/><V82/><F130/><W116/><G116/><T100/><D112/><U78/><E78/><V128/><F128/><W43/><REACH who="3" step="1"/><G93/><REACH who="3" ten="189,359,210,222" step="2"/><T65/><D68/><U60/><E60/><V62/><F62/><W13/><G13/><T125/><D106/><U123/><E123/><V5/><F129/><W21/><G21/><T25/><D107/><U61/><E61/><V127/><F7/><W72/><G72/><T18/><D104/><U102/><E102/><V63/><F63/><W49/><G49/><AGARI ba="0,2" hai="0,6,9,42,46,49,69,70,75,76,81,86,90,94" machi="49" ten="30,2000,0" yaku="1,1,7,1,53,0" doraHai="133" doraHaiUra="115" who="1" fromWho="3" sc="189,0,359,40,210,0,222,-20" /><INIT seed="4,0,0,4,1,48" ten="189,399,210,202" oya="0" hai0="51,14,57,40,131,41,73,62,17,13,94,120,68" hai1="100,83,67,71,92,47,52,24,84,9,77,91,11" hai2="65,10,125,115,121,32,26,3,33,44,49,111,61" hai3="113,1,123,25,130,6,99,101,132,102,135,30,124"/><T0/><D120/><U133/><E133/><N who="3" m="51274" /><G123/><T42/><D0/><U76/><E71/><V128/><F121/><W116/><G116/><T19/><D73/><U86/><E67/><V103/><F111/><W89/><G113/><T108/><D108/><U107/><E24/><V93/><F115/><W106/><G101/><T59/><D68/><U50/><E107/><V18/><F103/><W109/><G89/><T134/><D134/><U122/><E122/><V98/><F93/><W60/><G109/><T53/><D131/><U80/><E100/><V54/><F98/><AGARI ba="0,0" hai="9,11,47,50,52,76,77,80,83,84,86,91,92,98" machi="98" ten="30,8000,1" yaku="7,1,9,1,8,1,52,1,54,1" doraHai="48" who="1" fromWho="2" sc="189,0,399,80,210,-80,202,0" /><INIT seed="5,0,0,5,1,66" ten="189,479,130,202" oya="1" hai0="71,12,105,83,135,16,44,106,116,2,110,60,48" hai1="57,11,8,82,50,62,113,124,30,103,84,47,115" hai2="92,56,20,69,117,87,77,39,31,29,24,0,68" hai3="104,72,79,46,43,88,64,17,67,134,58,41,38"/><U33/><E103/><V55/><F117/><W14/><G104/><T81/><D2/><U130/><E130/><V131/><F131/><W5/><G134/><T118/><D110/><U35/><E124/><V23/><F39/><W95/><G43/><T63/><D135/><U93/><E93/><V4/><F4/><W86/><G5/><T128/><D128/><U54/><E8/><V49/><F0/><W45/><G46/><T102/><D81/><U90/><E11/><V111/><F111/><W96/><G72/><T7/><D7/><U125/><E125/><V133/><F133/><W127/><G58/><T85/><D63/><U28/><E28/><V53/><F53/><W98/><G127/><T40/><D102/><U18/><E18/><V114/><F114/><N who="1" m="43529" /><E30/><V70/><F77/><W129/><G129/><T91/><D105/><U112/><N who="1" m="43537" /><U123/><DORA hai="100" /><E123/><V121/><F121/><W108/><G108/><T80/><D80/><U26/><E26/><V36/><F36/><W122/><G122/><T25/><D25/><U101/><E101/><V1/><F1/><W42/><G14/><T13/><D13/><U10/><E10/><V65/><F31/><W89/><G17/><T3/><D3/><U22/><E22/><V120/><F23/><W51/><G98/><T132/><D132/><U94/><E82/><V6/><F6/><W73/><G95/><T74/><D74/><U126/><E126/><V9/><F9/><W52/><G73/><T37/><D106/><U15/><E15/><V78/><F120/><W19/><G96/><T119/><D119/><RYUUKYOKU ba="0,0" sc="189,-10,479,30,130,-10,202,-10" hai1="33,35,47,50,54,57,62,84,90,94" /><INIT seed="5,1,0,3,1,121" ten="179,509,120,192" oya="1" hai0="29,26,134,68,135,94,62,8,84,117,107,82,79" hai1="91,35,126,99,5,81,18,80,7,64,86,102,65" hai2="46,56,101,76,96,70,28,131,37,22,83,49,52" hai3="54,106,119,72,20,45,41,115,32,4,120,27,97"/><U93/><E35/><V55/><F131/><W103/><G120/><T9/><D107/><U31/><E31/><V109/><F70/><W125/><G125/><T132/><D117/><U40/><E40/><V10/><F10/><W128/><G128/><T12/><D94/><U58/><E18/><V75/><F109/><W124/><G124/><T116/><D116/><U13/><E80/><V108/><F108/><W24/><G115/><T16/><D9/><N who="1" m="4271" /><E7/><V36/><F22/><W2/><G119/><T67/><REACH who="0" step="1"/><D135/><REACH who="0" ten="169,509,120,192" step="2"/><U38/><E126/><V61/><REACH who="2" step="1"/><F28/><REACH who="2" ten="169,509,110,192" step="2"/><W23/><G20/><AGARI ba="1,2" hai="8,12,16,20,26,29,62,67,68,79,82,84,132,134" machi="20" ten="40,5200,0" yaku="1,1,2,1,54,1,53,0" doraHai="121" doraHaiUra="71" who="0" fromWho="3" sc="169,75,509,0,110,0,192,-55" /><INIT seed="6,0,0,3,5,12" ten="244,509,110,137" oya="2" hai0="8,108,10,23,72,115,46,51,85,61,111,107,54" hai1="73,17,100,45,110,37,123,86,127,83,126,67,28" hai2="64,59,132,42,26,53,38,128,33,122,106,104,9" hai3="7,55,16,102,77,56,25,103,34,68,43,66,6"/><V112/><F128/><W36/><G77/><T125/><D72/><U69/><E73/><V116/><F116/><W121/><G121/><T88/><D107/><U27/><E110/><V58/><F122/><W65/><G34/><T119/><D119/><U11/><E100/><N who="3" m="38442" /><G43/><T131/><D131/><U48/><E37/><V92/><F132/><W15/><G36/><T35/><D35/><U130/><E130/><V94/><F9/><N who="3" m="6255" /><G25/><T120/><D120/><U40/><E123/><V82/><F42/><W32/><G32/><T31/><D8/><U135/><E135/><V41/><F41/><W2/><G68/><T74/><D10/><U98/><E98/><V99/><F38/><W63/><G2/><T18/><D74/><U44/><E69/><V49/><F112/><W114/><G114/><T134/><D115/><U13/><E45/><V129/><F129/><W39/><G39/><T101/><D46/><U109/><E67/><AGARI ba="0,0" hai="6,7,55,56,63,65,66,67" m="6255,38442" machi="67" ten="30,3900,0" yaku="8,1,52,1,54,1" doraHai="12" who="3" fromWho="1" sc="244,0,509,-39,110,0,137,39" /><INIT seed="7,0,0,2,5,31" ten="244,470,110,176" oya="3" hai0="12,62,50,46,99,70,28,85,120,5,11,75,95" hai1="41,90,73,130,134,2,100,35,3,44,125,57,93" hai2="127,118,8,86,43,64,29,133,77,76,117,119,108" hai3="92,58,102,97,72,81,96,33,17,54,30,59,67"/><W48/><G17/><T79/><D75/><U1/><E134/><V24/><F133/><W63/><G30/><T109/><D109/><U135/><E135/><V52/><F108/><W68/><G33/><T116/><D116/><U132/><E132/><V82/><F127/><W14/><G14/><T22/><D120/><U4/><E35/><V106/><F106/><W7/><G7/><T37/><D37/><U88/><E130/><V40/><F8/><W94/><G81/><N who="0" m="47295" /><D70/><U71/><E57/><V20/><F64/><W27/><G27/><N who="0" m="16503" /><D62/><U38/><E73/><V26/><F77/><W124/><G72/><T83/><D83/><U78/><E78/><V0/><F0/><W53/><G124/><T23/><D23/><U123/><E123/><V16/><REACH who="2" step="1"/><F52/><REACH who="2" ten="244,470,100,176" step="2"/><N who="3" m="32007" /><G68/><T18/><D11/><U32/><E44/><V39/><F39/><W84/><G54/><T126/><D46/><U112/><E90/><V34/><AGARI ba="0,1" hai="16,20,24,26,29,34,40,43,76,82,86,117,118,119" machi="34" ten="30,7900,0" yaku="1,1,0,1,52,1,54,1,53,0" doraHai="31" doraHaiUra="98" who="2" fromWho="2" sc="244,-20,470,-20,100,89,176,-39" owari="224,2.0,450,55.0,189,-21.0,137,-36.0" /></mjloggm>