<mjloggm ver="2.3"><GO type="41" lobby="0"/><UN n0="%6F%76%73%75%6E%33" n1="%E5%B0%B1%E6%B4%BB%E7%94%9F%40%E5%B7%9D%E6%9D%91%E8%BB%8D%E5%9B%A3" n2="%6E%6F%7A%6F" n3="%E3%81%82%E3%81%96%E3%81%A8%E3%81%99" dan="15,17,14,15" rate="1959.24,2162.28,1969.64,1979.18" sx="M,M,F,M"/><TAIKYOKU oya="0"/><INIT seed="0,0,0,3,4,63" ten="250,250,250,250" oya="0" hai0="52,125,20,117,49,93,53,39,129,130,12,25,105" hai1="66,43,17,71,77,38,8,113,112,109,135,103,75" hai2="131,21,68,83,16,115,86,82,19,35,126,42,78" hai3="22,133,24,111,11,106,90,102,96,118,9,62,73"/><T69/><D117/><U100/><E135/><V79/><F35/><W45/><G118/><T67/><D105/><U48/><E109/><V7/><F115/><N who="1" m="44105" /><E38/><V15/><F7/><W29/><G111/><T41/><D125/><U32/><E32/><V58/><F126/><W97/><G73/><T1/><D1/><U30/><E30/><V123/><F68/><W47/><G133/><T99/><D12/><N who="1" m="7303" /><E75/><V74/><F123/><W61/><G61/><N who="0" m="40175" /><D39/><U134/><E77/><V23/><F42/><W107/><G90/><N who="0" m="55735" /><D41/><U3/><E3/><V116/><F116/><W101/><G62/><T88/><D49/><U122/><E122/><V55/><F19/><W14/><REACH who="3" step="1"/><G9/><REACH who="3" ten="250,250,250,240" step="2"/><T64/><D88/><U92/><E134/><V89/><F74/><W70/><G70/><T84/><D130/><U127/><E127/><V110/><F131/><W31/><G31/><T0/><D129/><U76/><E76/><N who="2" m="29227" /><F110/><W50/><G50/><T119/><D119/><U108/><E48/><N who="2" m="31079" /><F23/><W28/><G28/><T87/><D20/><U81/><E108/><V34/><F34/><W59/><G59/><T120/><D120/><U36/><E71/><V10/><F10/><W114/><G114/><T26/><D0/><U72/><E72/><V104/><F104/><W46/><G46/><T18/><D18/><AGARI ba="0,1" hai="11,14,18,22,24,29,45,47,96,97,101,102,106,107" machi="18" ten="30,3900,0" yaku="1,1,7,1,9,1,53,0" doraHai="63" doraHaiUra="51" who="3" fromWho="0" sc="250,-39,250,0,250,0,240,49" /><INIT seed="1,0,0,3,0,125" ten="211,250,250,289" oya="1" hai0="128,104,76,103,25,15,66,5,85,135,99,69,42" hai1="52,55,40,57,108,22,43,70,28,81,131,129,7" hai2="32,114,107,60,73,23,116,106,71,127,65,115,93" hai3="10,102,46,97,121,49,58,91,95,119,56,134,16"/><U86/><E70/><V117/><F32/><W84/><G121/><T62/><D42/><N who="1" m="15915" /><E7/><V48/><F73/><W124/><G124/><T9/><D135/><U36/><E36/><V18/><F93/><W13/><G134/><T51/><D51/><U31/><E22/><V100/><F48/><W47/><G119/><N who="2" m="45641" /><F100/><W82/><REACH who="3" step="1"/><G47/><REACH who="3" ten="211,250,250,279" step="2"/><T118/><D118/><U94/><E108/><V35/><F127/><W19/><G19/><T45/><D45/><U0/><E0/><V130/><F130/><N who="1" m="49673" /><E94/><V98/><F107/><W132/><G132/><T61/><D128/><U2/><E2/><V26/><F106/><W33/><G33/><T8/><D104/><U74/><E74/><V110/><F35/><W64/><G64/><T123/><D66/><U6/><E6/><V92/><F92/><W77/><G77/><T59/><D5/><U126/><E126/><V21/><F65/><W50/><G50/><T14/><D76/><N who="1" m="46375" /><E55/><AGARI ba="0,1" hai="10,13,16,46,49,55,56,58,82,84,91,95,97,102" machi="55" ten="30,12000,2" yaku="1,1,7,1,25,2,8,1,54,1,53,0" doraHai="125" doraHaiUra="67" who="3" fromWho="1" sc="211,0,250,-120,250,0,279,130" /><INIT seed="2,0,0,1,2,25" ten="211,130,250,409" oya="2" hai0="101,44,84,107,50,97,129,35,67,4,93,42,62" hai1="108,96,11,2,58,54,83,119,121,22,131,72,113" hai2="123,92,40,43,89,45,94,63,100,37,80,115,66" hai3="46,114,15,31,85,16,78,118,132,122,57,95,41"/><V130/><F115/><W7/><G122/><T13/><D129/><U19/><E119/><V51/><F123/><W36/><G118/><T64/><D35/><U61/><E121/><V6/><F130/><W20/><G132/><T79/><D67/><U30/><E131/><V75/><F75/><W47/><G114/><T32/><D32/><U111/><E113/><V49/><F43/><W87/><G7/><T134/><D134/><U14/><E96/><V52/><F37/><W48/><G57/><T55/><D107/><U59/><E59/><N who="2" m="37247" /><F80/><W27/><G95/><T33/><D33/><U127/><E127/><V106/><F6/><W34/><G78/><T81/><D4/><U26/><REACH who="1" step="1"/><E2/><REACH who="1" ten="211,120,250,409" step="2"/><V5/><F106/><W8/><G46/><T82/><D44/><U120/><E120/><V0/><F0/><W135/><G135/><T117/><D117/><U91/><E91/><V28/><F100/><W17/><G47/><T73/><D101/><U104/><E104/><V21/><F89/><W9/><G36/><T124/><D124/><U90/><E90/><V68/><F68/><W39/><G39/><T23/><D97/><U126/><E126/><V86/><F5/><W88/><G88/><T102/><D102/><U116/><E116/><V112/><F112/><W60/><G60/><T77/><D62/><U74/><E74/><V109/><F86/><W56/><G85/><T105/><D105/><U69/><E69/><V98/><F98/><W18/><G87/><T24/><D73/><U133/><E133/><V110/><F94/><W38/><G38/><T65/><D93/><RYUUKYOKU ba="0,1" sc="211,-10,120,30,250,-10,409,-10" hai1="11,14,19,22,26,30,54,58,61,72,83,108,111" /><INIT seed="3,1,1,0,4,74" ten="201,150,240,399" oya="3" hai0="2,71,45,23,51,98,109,88,92,128,85,125,15" hai1="122,11,129,130,32,46,34,43,60,47,42,1,3" hai2="81,110,41,116,78,35,66,14,100,4,0,27,77" hai3="16,80,39,87,24,62,9,91,63,69,97,121,20"/><W30/><G121/><T52/><D2/><U22/><E22/><V79/><F0/><N who="1" m="73" /><E60/><V131/><F116/><W54/><G39/><T93/><D71/><U75/><E11/><N who="2" m="4455" /><F35/><N who="1" m="13353" /><E75/><V83/><F110/><W84/><G69/><T101/><D109/><U26/><E26/><V104/><F131/><N who="1" m="50185" /><E122/><V76/><F104/><W95/><G54/><T133/><D128/><U126/><E126/><V127/><F127/><W86/><G80/><N who="2" m="30793" /><F100/><W59/><G59/><T119/><D125/><U123/><E123/><V38/><F38/><W112/><G112/><T44/><D119/><U55/><E55/><V33/><F33/><W53/><G53/><T36/><D36/><U72/><E72/><V28/><N who="2" m="19968" /><DORA hai="21" /><V65/><F41/><AGARI ba="1,1" hai="41,42,43,46,47" m="50185,13353,73" machi="41" ten="40,5200,0" yaku="28,2,19,1" doraHai="74,21" who="1" fromWho="2" sc="201,0,150,65,240,-55,399,0" /><INIT seed="4,0,0,3,1,99" ten="201,215,185,399" oya="0" hai0="39,59,19,131,100,82,35,36,124,3,95,84,18" hai1="77,91,49,111,101,11,80,129,33,104,93,133,90" hai2="4,96,23,61,118,119,64,103,28,126,54,69,21" hai3="89,66,42,125,12,113,88,15,27,43,70,20,45"/><T87/><D35/><U57/><E33/><V75/><F126/><W106/><G106/><T24/><D3/><U55/><E111/><V37/><F75/><W16/><G125/><T135/><D124/><U105/><E129/><V38/><F4/><W53/><G113/><T128/><D135/><U94/><E133/><V79/><F54/><W31/><G66/><T6/><D6/><U97/><E11/><V5/><F5/><W134/><G70/><T116/><D116/><N who="2" m="44586" /><F79/><W60/><G134/><T127/><D127/><U40/><E40/><V110/><F110/><W107/><G107/><T109/><D109/><U44/><E44/><V2/><F2/><W52/><G43/><T63/><D39/><N who="2" m="14858" /><F28/><W120/><G120/><T0/><D0/><U112/><E112/><V34/><F34/><W13/><G31/><T122/><D36/><U25/><E25/><V48/><F48/><N who="3" m="26679" /><G60/><T74/><D122/><U132/><E132/><V32/><F32/><W30/><G30/><T67/><D74/><U78/><E78/><V65/><F64/><W121/><G121/><T102/><D24/><U29/><E29/><V14/><F14/><W123/><G123/><T51/><D51/><U130/><E130/><N who="0" m="49705" /><D19/><U17/><E17/><V98/><F98/><W76/><G76/><N who="0" m="46151" /><D18/><U117/><E117/><V68/><F69/><W83/><G83/><T56/><D56/><U22/><E57/><V108/><F108/><W81/><G81/><T10/><D10/><U115/><E49/><V7/><F7/><W50/><G50/><T86/><D95/><AGARI ba="0,0" hai="21,23,61,65,68,95,96,103" m="14858,44586" machi="95" ten="30,2000,0" yaku="12,1,52,1" doraHai="99" who="2" fromWho="0" sc="201,-20,215,0,185,20,399,0" /><INIT seed="5,0,0,5,1,114" ten="181,215,205,399" oya="1" hai0="93,90,120,51,107,112,68,20,115,119,133,80,123" hai1="10,16,64,25,29,46,23,37,129,44,2,102,62" hai2="50,117,83,95,66,19,61,118,127,31,134,17,82" hai3="128,108,7,113,56,24,0,6,99,12,91,30,132"/><U106/><E129/><V70/><F127/><W92/><G108/><T105/><D68/><U58/><E37/><V47/><F134/><W110/><G110/><T53/><D133/><U22/><E106/><V28/><F95/><W96/><G132/><T59/><D80/><U111/><E111/><V36/><F36/><W48/><G0/><T101/><D20/><U27/><REACH who="1" step="1"/><E102/><REACH who="1" ten="181,205,205,399" step="2"/><V94/><F94/><W3/><G92/><T8/><D101/><U89/><E89/><V130/><F130/><W79/><G91/><T103/><D103/><U116/><E116/><V75/><F83/><W54/><G128/><T4/><D119/><U63/><E63/><V39/><F39/><W9/><G48/><T122/><D105/><U87/><E87/><V35/><F82/><W52/><G99/><N who="0" m="57783" /><D107/><U42/><E42/><V73/><F75/><W33/><G96/><T65/><D115/><U98/><E98/><V126/><F73/><W32/><G113/><T86/><D86/><U104/><E104/><V72/><F72/><W18/><G79/><T124/><D112/><U1/><E1/><V135/><F135/><W69/><G3/><N who="0" m="31" /><D124/><U121/><E121/><V109/><F126/><W49/><G49/><T14/><D51/><U57/><E57/><V97/><F109/><W67/><G56/><T45/><D59/><U43/><E43/><V71/><F117/><W5/><G69/><T125/><D125/><U21/><E21/><V40/><F118/><W88/><G88/><T131/><D131/><U78/><E78/><V13/><F97/><W26/><G33/><T15/><D123/><RYUUKYOKU ba="0,1" sc="181,-10,205,30,205,-10,399,-10" hai1="2,10,16,22,23,25,27,29,44,46,58,62,64" /><INIT seed="5,1,1,0,2,41" ten="171,235,195,389" oya="1" hai0="120,64,34,24,104,114,108,125,11,74,94,90,132" hai1="127,6,37,102,83,38,10,65,107,122,67,82,76" hai2="25,110,129,51,73,2,30,13,3,126,70,106,36" hai3="131,32,17,59,45,105,118,49,4,79,80,77,85"/><U123/><E127/><V28/><F36/><W135/><G105/><T84/><D74/><U121/><E67/><V103/><F73/><W113/><G32/><T12/><D104/><U119/><E65/><V22/><F70/><W61/><G4/><T21/><D34/><U86/><E119/><V117/><F110/><W26/><G113/><T31/><D108/><U7/><E7/><V99/><F117/><W109/><G109/><T15/><D114/><U39/><E83/><V96/><F126/><W68/><G68/><T124/><D132/><U27/><E27/><V35/><F129/><W112/><G131/><T1/><D120/><U47/><E102/><V19/><F99/><W0/><G0/><T9/><D1/><U43/><REACH who="1" step="1"/><E107/><REACH who="1" ten="171,225,195,389" step="2"/><V40/><REACH who="2" step="1"/><F30/><REACH who="2" ten="171,225,185,389" step="2"/><W58/><G118/><T48/><D125/><U5/><E5/><V93/><F93/><W88/><G112/><T134/><D124/><U78/><E78/><V62/><F62/><W56/><G61/><T18/><D134/><U14/><AGARI ba="1,3" hai="6,10,14,37,38,39,43,47,76,82,86,121,122,123" machi="14" ten="30,6000,0" yaku="1,1,0,1,52,1,53,0" doraHai="41" doraHaiUra="46" who="1" fromWho="1" sc="171,-21,225,93,185,-21,389,-21" /><INIT seed="5,2,0,4,1,83" ten="150,318,164,368" oya="1" hai0="11,37,97,51,134,56,29,52,8,30,125,4,48" hai1="5,105,9,132,46,45,19,104,128,58,26,6,72" hai2="44,85,73,88,14,120,25,75,33,93,98,31,74" hai3="64,53,66,27,77,133,65,43,117,80,69,96,100"/><U3/><E72/><V10/><F120/><W82/><G133/><T49/><D37/><U70/><E70/><V102/><F44/><W68/><G80/><T81/><D134/><U24/><E132/><V121/><F121/><W119/><G43/><T62/><D125/><U63/><E128/><V40/><F40/><W90/><G90/><T86/><D97/><U54/><E6/><V0/><F0/><W23/><G53/><T61/><D61/><U12/><E104/><V15/><REACH who="2" step="1"/><F10/><REACH who="2" ten="150,318,154,368" step="2"/><N who="0" m="3626" /><D4/><U94/><E105/><AGARI ba="2,1" hai="14,15,25,31,33,73,74,75,85,88,93,98,102,105" machi="105" ten="40,12000,2" yaku="1,1,52,1,54,1,53,3" doraHai="83" doraHaiUra="106" who="2" fromWho="1" sc="150,0,318,-126,154,136,368,0" /><INIT seed="6,0,0,3,1,45" ten="150,192,290,368" oya="2" hai0="103,113,81,111,105,46,18,0,8,21,129,90,87" hai1="19,126,44,6,38,32,10,50,58,12,79,89,3" hai2="109,56,83,102,128,91,70,43,131,64,69,85,117" hai3="59,65,51,24,33,104,84,52,118,101,48,16,36"/><V132/><F117/><W97/><G36/><T31/><D111/><U127/><E32/><V9/><F109/><W30/><G118/><T106/><D31/><U54/><E79/><V112/><F132/><W25/><G65/><T66/><D113/><U20/><E38/><V39/><F112/><W120/><G84/><T61/><D129/><N who="2" m="49738" /><F102/><W4/><G4/><T47/><D103/><U11/><E89/><V72/><F72/><W68/><G68/><T114/><D114/><U123/><E123/><V96/><F96/><W15/><G25/><T115/><D115/><U41/><E11/><V57/><F9/><W62/><G120/><T42/><D46/><U119/><E119/><V2/><F2/><W86/><G86/><T108/><D0/><U124/><E58/><N who="2" m="22635" /><F64/><W55/><G55/><AGARI ba="0,0" hai="3,6,10,12,19,20,41,44,50,54,55,124,126,127" machi="55" ten="40,2600,0" yaku="18,1,52,1" doraHai="45" who="1" fromWho="3" sc="150,0,192,26,290,0,368,-26" /><INIT seed="7,0,0,3,0,9" ten="150,218,290,342" oya="3" hai0="134,68,122,1,65,6,54,4,80,10,86,123,56" hai1="57,37,126,103,36,114,44,120,81,35,31,21,8" hai2="124,116,22,18,27,66,101,107,23,125,30,55,113" hai3="49,24,0,77,127,53,117,119,20,38,91,45,70"/><W84/><G0/><T42/><D134/><U102/><E35/><V16/><F116/><W60/><G77/><T132/><D132/><U109/><E109/><V111/><F111/><W118/><G38/><T94/><D42/><U5/><E120/><V108/><F108/><W34/><G34/><T92/><D6/><U58/><E114/><V105/><F66/><W71/><G60/><T104/><D104/><U40/><E126/><N who="2" m="48747" /><F113/><W43/><G43/><T82/><D65/><U79/><E37/><V76/><F76/><W50/><G50/><T46/><D46/><U28/><E102/><V90/><F101/><W133/><G133/><T12/><D68/><U135/><E135/><V48/><F90/><W7/><G7/><T115/><D115/><U63/><E103/><V64/><F64/><W93/><REACH who="3" step="1"/><G127/><REACH who="3" ten="150,218,290,332" step="2"/><T129/><D129/><U78/><E63/><V73/><F73/><W99/><G99/><T26/><D1/><U15/><E78/><V89/><F107/><W59/><G59/><T97/><D123/><U41/><E41/><V51/><F105/><W131/><G131/><T2/><D2/><U95/><E58/><N who="2" m="33127" /><F51/><W72/><G72/><T67/><D122/><U130/><E57/><V112/><F112/><W17/><AGARI ba="0,1" hai="17,20,24,45,49,53,70,71,84,91,93,117,118,119" machi="17" ten="30,3000,0" yaku="1,1,0,1,53,0" doraHai="9" doraHaiUra="25" who="3" fromWho="3" sc="150,-10,218,-10,290,-10,332,40" owari="140,-36.0,208,-19.0,280,8.0,372,47.0" /></mjloggm>