<mjloggm ver="2.3"><GO type="97" lobby="0"/><UN n0="%E3%81%8F%E3%81%A0%E3%81%8A" n1="%E3%83%88%E3%83%88%E3%83%AA%E5%85%88%E7%94%9F%31%39%E6%AD%B3" n2="%E3%83%91%E3%83%91%E3%82%B9%EF%BC%A0%E5%B7%9D%E6%9D%91%E8%BB%8D%E5%9B%A3" n3="%56%61%6E%64%79" dan="14,15,14,15" rate="1955.93,2060.58,2032.16,2030.02" sx="M,F,M,M"/><TAIKYOKU oya="0"/><INIT seed="0,0,0,1,5,20" ten="250,250,250,250" oya="0" hai0="40,103,19,54,61,58,15,67,68,132,81,104,28" hai1="71,117,126,114,96,5,135,2,12,8,24,109,124" hai2="27,36,50,100,102,133,39,26,80,29,134,13,95" hai3="1,110,131,129,74,111,85,127,106,92,78,76,51"/><T75/><D132/><N who="2" m="50794" /><F29/><W64/><G1/><T89/><D28/><U10/><E135/><V41/><F13/><W113/><G113/><T33/><D33/><U122/><E71/><V108/><F108/><N who="3" m="41515" /><G106/><T18/><D40/><U38/><E109/><V84/><F50/><W53/><G64/><T63/><D104/><U32/><E38/><N who="2" m="14379" /><F41/><W66/><G66/><T128/><D128/><N who="3" m="49225" /><G74/><T86/><D103/><N who="2" m="39466" /><F95/><W116/><G116/><T94/><D75/><U99/><E117/><V65/><F65/><W21/><G21/><T16/><REACH who="0" step="1"/><D94/><REACH who="0" ten="240,250,250,250" step="2"/><U82/><E32/><V52/><F52/><W98/><G92/><T45/><D45/><U125/><E124/><V7/><F7/><W101/><G53/><T42/><D42/><U107/><E125/><V34/><F34/><W30/><G127/><T91/><D91/><AGARI ba="0,1" hai="26,27,80,84,91" m="39466,14379,50794" machi="91" ten="30,3900,0" yaku="20,1,52,2" doraHai="20" who="2" fromWho="0" sc="240,-39,250,0,250,49,250,0" /><INIT seed="1,0,0,4,2,23" ten="201,250,299,250" oya="1" hai0="123,46,45,111,55,16,37,33,121,52,119,59,106" hai1="131,49,107,83,113,129,50,108,25,81,5,36,27" hai2="82,61,92,124,7,17,100,40,86,69,114,103,15" hai3="54,57,87,66,105,51,26,89,1,4,102,127,96"/><U14/><E113/><V28/><F114/><W67/><G127/><T133/><D106/><U58/><E107/><V32/><F124/><W125/><G125/><T19/><D33/><U65/><E36/><V77/><F7/><W34/><G1/><T12/><D119/><U43/><E108/><V120/><F120/><N who="0" m="46154" /><D111/><U134/><E134/><V116/><F116/><W64/><G4/><T79/><D79/><U30/><E30/><V31/><F40/><W2/><G2/><T110/><D110/><U10/><E50/><V68/><F68/><W42/><G42/><N who="0" m="22735" /><D133/><U80/><E65/><V70/><F70/><W60/><G34/><T115/><D115/><U118/><E118/><V38/><F38/><W11/><G11/><N who="0" m="6175" /><D46/><U48/><E48/><V56/><F69/><W117/><G117/><T97/><D97/><U126/><E126/><V98/><F100/><W29/><G29/><T8/><D59/><U101/><E101/><V73/><F73/><W84/><G84/><T91/><D91/><U76/><E76/><V22/><REACH who="2" step="1"/><F32/><REACH who="2" ten="201,250,289,250" step="2"/><W128/><G102/><T95/><D95/><U3/><E43/><V99/><F99/><W90/><G96/><T71/><D71/><U88/><E3/><V18/><F18/><W94/><G94/><T20/><D8/><U6/><E6/><V53/><AGARI ba="0,1" hai="15,17,22,28,31,53,56,61,77,82,86,92,98,103" machi="53" ten="20,5200,0" yaku="1,1,0,1,7,1,8,1,53,0" doraHai="23" doraHaiUra="21" who="2" fromWho="2" sc="201,-13,250,-26,289,62,250,-13" /><INIT seed="2,0,0,5,0,19" ten="188,224,351,237" oya="2" hai0="125,30,4,2,10,44,37,79,110,118,55,115,71" hai1="31,104,6,129,111,67,130,16,97,77,100,121,23" hai2="14,50,124,42,76,102,7,132,80,41,32,128,48" hai3="94,33,35,89,120,28,46,116,86,20,47,133,57"/><V3/><F32/><W17/><G120/><T25/><D110/><U51/><E121/><V114/><F114/><W26/><G116/><T22/><D125/><U39/><E39/><V58/><F3/><W29/><G133/><T21/><D118/><U11/><E111/><V38/><F38/><W117/><G117/><T9/><D115/><U18/><E67/><V78/><F124/><W8/><G8/><T131/><D71/><U106/><E106/><V84/><F132/><W27/><G57/><T87/><D131/><N who="1" m="50187" /><E77/><V123/><F123/><W59/><G59/><T36/><D10/><U40/><E40/><V135/><F135/><W105/><G105/><T109/><D109/><U112/><E51/><V53/><F128/><W49/><G49/><T122/><D122/><U82/><E82/><V5/><F102/><W74/><G74/><T134/><D134/><U70/><E70/><V60/><F78/><W56/><G56/><T45/><D37/><U15/><E112/><V62/><F14/><AGARI ba="0,0" hai="14,17,20,26,27,28,29,33,35,46,47,86,89,94" machi="14" ten="30,3900,0" yaku="7,1,9,1,52,1" doraHai="19" who="3" fromWho="2" sc="188,0,224,0,351,-39,237,39" /><INIT seed="3,0,0,2,1,103" ten="188,224,312,276" oya="3" hai0="122,89,124,58,51,121,97,6,37,95,30,106,44" hai1="3,31,2,46,94,110,18,55,83,125,101,8,129" hai2="81,91,4,50,40,10,14,79,80,77,75,56,0" hai3="61,26,87,100,78,52,109,70,93,107,98,102,108"/><W9/><G9/><T90/><D124/><U84/><E110/><N who="3" m="42602" /><G26/><T43/><D30/><U88/><E129/><V119/><F119/><W53/><G102/><T86/><D6/><U132/><E132/><V111/><F111/><W33/><G33/><T15/><D15/><N who="1" m="7527" /><E125/><V17/><F91/><N who="3" m="53503" /><G78/><T28/><D28/><U118/><E118/><V96/><F96/><W73/><G73/><T115/><D115/><U104/><E104/><V25/><F25/><W112/><G112/><T135/><D135/><U45/><E31/><V12/><F0/><W36/><G36/><T116/><D116/><U11/><E11/><N who="2" m="6303" /><F75/><W65/><AGARI ba="0,0" hai="52,53,61,65,70,98,100,107" m="53503,42602" machi="65" ten="30,11700,0" yaku="14,1,10,1,52,1,54,1" doraHai="103" who="3" fromWho="3" sc="188,-39,224,-39,312,-39,276,117" owari="149,-35.0,185,-21.0,273,7.0,393,49.0" /></mjloggm>