<mjloggm ver="2.3"><GO type="97" lobby="0"/><UN n0="%E5%B0%B1%E6%B4%BB%E7%94%9F%40%E5%B7%9D%E6%9D%91%E8%BB%8D%E5%9B%A3" n1="%E6%9D%B1%E9%A2%A8%E4%BF%AE%E8%A1%8C%E3%81%A7%E3%81%99%EF%BC%81%EF%BC%81" n2="%E5%B9%B3%E5%AE%B6%E3%81%AE%E8%90%BD%E4%BA%BA" n3="%E2%98%86%E5%A4%A9%E2%98%85" dan="15,13,14,14" rate="2067.94,1869.93,1930.62,2016.94" sx="M,F,F,M"/><TAIKYOKU oya="0"/><INIT seed="0,0,0,1,5,30" ten="250,250,250,250" oya="0" hai0="63,55,66,125,7,56,81,42,6,68,57,108,129" hai1="29,37,87,123,82,94,99,21,25,106,61,34,4" hai2="78,67,127,135,97,107,23,13,120,60,76,111,91" hai3="103,65,112,98,14,36,1,62,118,83,64,46,117"/><T28/><D125/><U116/><E116/><V90/><F120/><W74/><G112/><T122/><D122/><U75/><E37/><V109/><F127/><W27/><G1/><T100/><D129/><U134/><E123/><V45/><F135/><W9/><G65/><T101/><D108/><N who="2" m="41546" /><F45/><W32/><G36/><T133/><D133/><U54/><E4/><N who="0" m="1577" /><D68/><U84/><E75/><V41/><F41/><W89/><G46/><T92/><D28/><U35/><E106/><V79/><F107/><W33/><G27/><T5/><N who="0" m="1585" /><T19/><DORA hai="22" /><D42/><U130/><E134/><V39/><F39/><W72/><G72/><T59/><D81/><U131/><E61/><V15/><F97/><W53/><G118/><T8/><D92/><U88/><E54/><V104/><F104/><W119/><G117/><T93/><D93/><U26/><E87/><V105/><F105/><W10/><G119/><T48/><D57/><U124/><E124/><V3/><F3/><W44/><G74/><T115/><D115/><U24/><E131/><V114/><F114/><W16/><G44/><T95/><D95/><U2/><E2/><V77/><N who="2" m="19456" /><DORA hai="51" /><V0/><F0/><W96/><G96/><T85/><D85/><U11/><E130/><V70/><F23/><W12/><G98/><T49/><D49/><U80/><E21/><V40/><F40/><W102/><G83/><T43/><D43/><U121/><E80/><V50/><F50/><W69/><G103/><T71/><D71/><U17/><E82/><V126/><F126/><W132/><G132/><T86/><D86/><RYUUKYOKU ba="0,0" sc="250,15,250,-15,250,15,250,-15" hai0="8,19,48,55,56,59,63,66,100,101" hai2="13,15,60,67,70,90,91" /><INIT seed="0,1,0,0,0,39" ten="265,235,265,235" oya="0" hai0="116,96,35,114,86,104,127,83,36,24,18,53,67" hai1="71,17,37,130,56,29,48,44,112,125,72,109,14" hai2="0,70,85,5,60,26,49,94,81,75,98,92,102" hai3="20,32,27,134,107,93,101,103,78,80,121,40,106"/><T63/><D116/><U30/><E72/><V23/><F75/><W57/><G32/><T50/><D114/><U52/><E71/><V128/><F128/><W65/><G121/><T15/><D36/><U132/><E130/><V129/><F129/><W22/><G22/><T66/><D127/><U73/><E73/><V82/><F49/><W124/><G124/><T13/><D104/><U97/><E125/><V90/><F5/><W19/><G107/><T74/><D74/><U62/><E112/><V16/><REACH who="2" step="1"/><F0/><REACH who="2" ten="265,235,255,235" step="2"/><W84/><G106/><T100/><D63/><U47/><E132/><V43/><F43/><W46/><G134/><T9/><D35/><U42/><E109/><V54/><F54/><W45/><G40/><T64/><D53/><U28/><E97/><V51/><F51/><W31/><G65/><AGARI ba="1,1" hai="16,23,26,60,65,70,81,82,85,90,92,94,98,102" machi="65" ten="40,2600,0" yaku="1,1,54,1,53,0" doraHai="39" doraHaiUra="108" who="2" fromWho="3" sc="265,0,235,0,255,39,235,-29" /><INIT seed="1,0,0,2,0,48" ten="265,235,294,206" oya="1" hai0="81,85,18,52,131,34,104,66,35,4,46,69,32" hai1="117,2,61,96,3,33,65,58,127,71,106,16,13" hai2="83,43,123,22,72,38,31,114,50,88,124,67,28" hai3="10,51,74,29,103,62,12,36,6,109,57,59,100"/><U108/><E117/><V84/><F123/><W78/><G109/><T98/><D131/><U111/><E33/><V94/><F38/><W68/><G36/><T5/><D69/><U105/><E127/><V23/><F124/><W135/><G68/><T121/><D121/><U95/><E106/><V25/><F114/><W14/><G135/><T41/><D66/><U133/><E133/><V132/><F132/><W11/><G29/><T27/><D41/><U118/><E105/><V45/><F67/><W97/><G74/><T47/><D47/><U80/><E118/><V56/><F56/><W99/><G78/><T130/><D130/><U21/><E80/><V128/><F128/><W120/><G120/><T73/><D73/><U63/><E108/><V60/><F60/><W102/><G51/><T122/><D122/><U9/><E9/><V125/><F125/><W79/><G79/><T82/><D98/><U55/><REACH who="1" step="1"/><E111/><REACH who="1" ten="265,225,294,206" step="2"/><V8/><F8/><W54/><REACH who="3" step="1"/><G59/><REACH who="3" ten="265,225,294,196" step="2"/><T93/><D34/><U92/><E92/><V19/><F94/><W30/><G30/><T37/><D35/><U86/><E86/><V87/><F31/><W134/><G134/><T90/><D104/><U53/><E53/><V40/><F87/><W101/><N who="3" m="26112" /><DORA hai="89" /><W115/><G115/><T64/><D32/><U110/><E110/><V26/><F72/><W42/><G42/><AGARI ba="0,2" hai="19,22,23,25,26,28,40,42,43,45,50,83,84,88" machi="42" ten="30,3900,0" yaku="7,1,8,1,54,1" doraHai="48,89" who="2" fromWho="3" sc="265,0,225,0,294,59,196,-39" /><INIT seed="2,0,0,5,3,21" ten="265,225,353,157" oya="2" hai0="1,13,63,90,80,127,66,60,75,62,41,118,49" hai1="45,78,67,26,116,37,111,73,25,16,135,36,130" hai2="88,101,44,104,77,106,35,57,132,7,124,32,14" hai3="112,102,110,134,59,79,31,52,34,50,120,91,121"/><V133/><F124/><W81/><G134/><N who="2" m="51817" /><F77/><W30/><G112/><T93/><D1/><U4/><E116/><V19/><F7/><W82/><G110/><T74/><D127/><U29/><E4/><V48/><F57/><W39/><G39/><T97/><D118/><U114/><E114/><V69/><F69/><W122/><G102/><T27/><D66/><U24/><E67/><V125/><F88/><W113/><G113/><T18/><D27/><U98/><E78/><V5/><F5/><W84/><REACH who="3" step="1"/><G34/><REACH who="3" ten="265,225,353,147" step="2"/><T12/><D74/><AGARI ba="0,1" hai="30,31,50,52,59,74,79,81,82,84,91,120,121,122" machi="74" ten="40,5200,0" yaku="1,1,2,1,54,1,53,0" doraHai="21" doraHaiUra="100" who="3" fromWho="0" sc="265,-52,225,0,353,0,147,62" /><INIT seed="3,0,0,3,3,65" ten="213,225,353,209" oya="3" hai0="10,49,87,85,112,94,111,130,78,69,84,89,44" hai1="54,114,24,105,61,118,113,40,81,88,6,63,96" hai2="15,12,132,71,48,131,99,97,47,82,75,119,31" hai3="123,121,43,25,52,59,86,98,37,27,17,36,125"/><W92/><G125/><T28/><D69/><U95/><E118/><V60/><F119/><W50/><G86/><N who="0" m="52535" /><D111/><U57/><E114/><V18/><F31/><W66/><G123/><T58/><D130/><U11/><E40/><V124/><F131/><W83/><G121/><T134/><D134/><U128/><E113/><V77/><F132/><W127/><G127/><T104/><D104/><U13/><E24/><V53/><F124/><W1/><G1/><T91/><D112/><U117/><E117/><V23/><F15/><W79/><G36/><T67/><D28/><U22/><E22/><V74/><F74/><W135/><G135/><T109/><D109/><U120/><E120/><V102/><F102/><W29/><G37/><T30/><D30/><U56/><E105/><V90/><F90/><W93/><G29/><T21/><D21/><U26/><E128/><V115/><F115/><W70/><G70/><T76/><D10/><U14/><E11/><V106/><REACH who="2" step="1"/><F106/><REACH who="2" ten="213,225,343,209" step="2"/><W0/><G0/><T3/><D91/><U103/><E88/><V32/><F32/><W35/><G35/><T20/><D3/><U100/><E100/><V101/><F101/><N who="3" m="60615" /><G93/><T16/><D76/><U45/><E103/><V110/><F110/><W68/><G17/><T80/><D78/><U9/><E95/><V107/><F107/><W39/><G83/><T51/><D80/><U7/><E81/><V64/><AGARI ba="0,1" hai="12,18,23,47,48,53,60,64,71,75,77,82,97,99" machi="64" ten="30,4000,0" yaku="1,1,0,1,52,1,53,0" doraHai="65" doraHaiUra="2" who="2" fromWho="2" sc="213,-10,225,-10,343,50,209,-20" owari="203,-20.0,215,2.0,393,49.0,189,-31.0" /></mjloggm>