<mjloggm ver="2.3"><GO type="169" lobby="0"/><UN n0="%E3%82%A6%E3%83%AB%E3%83%88%E3%83%A9%E7%AB%8B%E7%9B%B4" n1="%74%6F%72%69%30%36%31%32" n2="%E9%96%83%E5%85%89%E3%81%AE%E6%8C%87%E5%9C%A7%E5%B8%AB" n3="%73%68%75%6E%70%79" dan="17,17,16,16" rate="2171.96,2162.46,2060.35,2044.09" sx="M,M,F,M"/><TAIKYOKU oya="0"/><INIT seed="0,0,0,1,4,116" ten="250,250,250,250" oya="0" hai0="33,75,95,61,81,119,120,86,29,87,96,114,43" hai1="30,117,5,59,42,28,93,110,2,11,56,63,88" hai2="126,55,125,58,12,52,0,3,104,123,127,98,31" hai3="38,6,16,49,134,44,85,66,47,34,57,50,91"/><T69/><D119/><U15/><E117/><V41/><F31/><W17/><G34/><T132/><D114/><U102/><E110/><V94/><F104/><W133/><G6/><T9/><D132/><N who="3" m="50793" /><G85/><T65/><D120/><U64/><E102/><N who="2" m="60759" /><F41/><N who="3" m="24719" /><G91/><T20/><D33/><U24/><E42/><V45/><F12/><W7/><G7/><T39/><D9/><U124/><E124/><V106/><F106/><W89/><G89/><T112/><D112/><U103/><E103/><V74/><F74/><W111/><G111/><T105/><D105/><U71/><E2/><N who="2" m="555" /><F45/><W82/><G82/><T121/><D121/><U76/><E76/><V21/><F21/><W1/><G1/><T101/><D75/><U73/><E28/><V118/><F118/><W107/><G107/><T90/><D87/><U128/><E73/><V109/><F109/><W83/><G83/><T68/><D39/><U70/><E70/><V53/><F123/><W36/><G17/><T97/><D43/><U72/><E72/><V22/><F22/><W131/><G131/><T62/><D97/><N who="1" m="57511" /><E128/><V78/><F78/><W130/><G130/><T84/><D84/><U48/><E30/><V8/><F8/><W100/><G100/><T40/><D40/><U19/><E5/><V115/><F115/><W27/><G27/><N who="0" m="16615" /><D69/><U79/><E24/><V122/><F122/><W113/><G113/><T54/><D101/><U77/><E71/><V4/><F4/><W32/><G32/><T67/><D96/><U80/><E80/><V60/><AGARI ba="0,0" hai="52,53,55,58,60,125,126,127" m="555,60759" machi="60" ten="40,2700,0" yaku="18,1,54,1" doraHai="116" who="2" fromWho="2" sc="250,-13,250,-7,250,27,250,-7" /><INIT seed="1,0,0,3,1,33" ten="237,243,277,243" oya="1" hai0="84,119,74,65,0,103,55,134,109,46,19,31,9" hai1="1,90,121,60,104,111,86,47,27,92,18,68,45" hai2="88,85,66,8,99,21,78,4,102,15,12,35,81" hai3="79,126,93,115,101,75,43,123,51,49,53,76,7"/><U133/><E121/><V116/><F35/><W108/><G108/><T106/><D119/><U105/><E111/><V132/><F116/><W67/><G115/><T131/><D109/><U5/><E133/><V13/><F132/><W14/><G123/><T71/><D134/><U39/><E27/><V117/><F117/><W54/><G67/><T113/><D113/><U89/><E18/><V2/><F66/><W24/><G43/><T130/><D74/><U37/><E60/><V48/><F48/><W70/><G70/><T77/><D31/><U58/><E58/><V112/><F112/><W63/><G63/><T41/><D55/><U40/><E68/><V22/><REACH who="2" step="1"/><F78/><REACH who="2" ten="237,243,267,243" step="2"/><N who="3" m="29739" /><G75/><T73/><D73/><U82/><E39/><V26/><F26/><W20/><G126/><T34/><D77/><U59/><E59/><V42/><F42/><W64/><G64/><T80/><D41/><U3/><E47/><V83/><F83/><W98/><G51/><T16/><D46/><U28/><E45/><V94/><AGARI ba="0,1" hai="2,4,8,12,13,15,21,22,81,85,88,94,99,102" machi="94" ten="30,7900,0" yaku="1,1,0,1,52,1,54,1,53,0" doraHai="33" doraHaiUra="125" who="2" fromWho="2" sc="237,-20,243,-39,267,89,243,-20" /><INIT seed="2,0,0,2,3,131" ten="217,204,356,223" oya="2" hai0="63,90,12,4,8,106,95,103,57,11,56,81,128" hai1="40,110,54,134,35,123,60,46,112,114,62,73,129" hai2="119,68,26,104,13,3,120,61,1,125,121,86,22" hai3="80,24,42,66,130,93,33,44,72,36,94,108,2"/><V55/><F119/><W43/><G93/><T19/><D128/><U76/><E35/><V39/><F125/><W17/><G94/><T18/><D81/><U0/><E0/><V7/><F104/><W52/><G66/><T74/><D74/><U28/><E28/><V116/><F116/><W64/><G64/><T105/><D103/><U51/><E76/><V70/><F39/><W124/><G43/><T99/><D57/><U102/><E102/><V49/><F86/><W96/><G96/><T92/><D92/><U9/><E9/><V98/><F98/><W75/><G17/><T79/><D79/><U6/><E6/><V126/><F126/><W65/><G65/><T29/><D29/><U117/><E73/><V91/><F91/><W78/><G72/><T38/><D38/><U77/><E77/><V69/><F61/><N who="1" m="23657" /><E117/><V14/><F3/><W37/><G37/><T71/><D71/><U53/><E129/><V59/><F1/><W89/><G89/><T118/><D118/><U21/><E21/><V115/><F115/><N who="1" m="44073" /><E110/><V85/><F85/><W23/><G33/><T31/><D31/><U27/><E27/><V58/><F7/><W50/><G2/><T48/><D4/><U127/><E127/><V67/><F26/><W10/><G24/><T34/><D34/><U133/><E123/><V47/><F14/><W135/><G130/><T111/><D111/><U83/><E83/><V132/><F13/><W5/><G108/><T16/><D105/><U113/><E113/><V25/><F25/><W97/><G124/><T45/><D106/><U20/><E20/><RYUUKYOKU ba="0,0" sc="217,-10,204,30,356,-10,223,-10" hai1="40,46,51,53,54,133,134" /><INIT seed="3,1,0,5,3,10" ten="207,234,346,213" oya="3" hai0="14,37,116,119,84,111,40,11,135,78,87,106,27" hai1="110,13,121,35,79,102,17,104,63,88,103,1,61" hai2="126,133,117,54,115,39,127,16,25,100,112,64,48" hai3="18,43,109,0,19,56,69,29,41,58,85,3,77"/><W33/><G69/><T91/><D135/><U22/><E1/><V70/><F117/><W24/><G77/><T93/><D106/><U6/><E35/><V98/><F133/><W99/><G85/><T75/><D75/><U5/><E79/><V20/><F39/><W65/><G99/><T44/><D111/><U71/><E71/><V114/><F64/><W113/><G113/><T120/><D120/><U81/><E110/><V92/><REACH who="2" step="1"/><F70/><REACH who="2" ten="207,234,336,213" step="2"/><W125/><G109/><T26/><D116/><U95/><E121/><V128/><F128/><W32/><G65/><T31/><D119/><U12/><E104/><V130/><F130/><W83/><G125/><T105/><D105/><U28/><E28/><V34/><F34/><W52/><G29/><T30/><D30/><U51/><E81/><V80/><F80/><W96/><G83/><T131/><D31/><U123/><E123/><V53/><F53/><W23/><G52/><T82/><D131/><U2/><E2/><V107/><F107/><W9/><G96/><T122/><D122/><U57/><E51/><V4/><F4/><AGARI ba="1,1" hai="4,11,14,26,27,37,40,44,78,82,84,87,91,93" machi="4" ten="30,2000,0" yaku="7,1,52,1" doraHai="10" who="0" fromWho="2" sc="207,33,234,0,336,-23,213,0" /><INIT seed="4,0,0,0,4,102" ten="240,234,313,213" oya="0" hai0="90,67,6,82,92,115,12,17,11,14,5,123,71" hai1="76,63,83,114,117,43,47,42,113,72,50,13,39" hai2="58,135,79,56,16,29,69,33,101,9,55,73,52" hai3="70,108,10,98,116,61,7,77,78,2,131,87,119"/><T27/><D123/><U41/><E117/><V59/><F69/><W88/><G108/><T130/><D130/><U94/><E94/><V53/><F135/><W128/><G70/><T109/><D109/><U26/><E63/><V62/><F101/><W111/><G61/><T40/><D115/><N who="1" m="44043" /><E39/><V74/><F79/><N who="3" m="30219" /><G111/><T105/><D105/><U91/><E91/><V15/><REACH who="2" step="1"/><F62/><REACH who="2" ten="240,234,303,213" step="2"/><W24/><G116/><T57/><D71/><U121/><E121/><V66/><F66/><W99/><G119/><T4/><D67/><U86/><E72/><V36/><F36/><W20/><G128/><T65/><D65/><U8/><E26/><AGARI ba="0,1" hai="9,15,16,26,29,33,52,53,55,56,58,59,73,74" machi="26" ten="40,5200,0" yaku="1,1,54,2,53,0" doraHai="102" doraHaiUra="34" who="2" fromWho="1" sc="240,0,234,-52,303,62,213,0" /><INIT seed="5,0,0,0,3,63" ten="240,182,365,213" oya="1" hai0="11,78,111,1,8,76,79,107,12,55,56,45,120" hai1="33,133,85,53,48,88,131,81,135,17,104,95,80" hai2="40,72,125,105,44,59,18,126,68,122,13,89,71" hai3="84,123,5,57,27,106,51,103,37,3,96,62,34"/><U113/><E104/><V23/><F122/><W117/><G37/><T31/><D111/><U38/><E38/><V75/><F105/><W25/><G123/><T67/><D107/><U115/><E33/><V47/><F59/><W43/><G117/><T130/><D130/><U6/><E6/><V65/><F89/><W77/><G3/><T20/><D1/><U92/><E17/><V16/><F23/><W0/><G0/><T30/><D120/><U91/><E53/><V98/><F98/><W129/><G5/><T60/><D20/><U134/><E48/><V73/><F13/><W69/><G129/><T32/><D32/><U86/><E131/><V109/><F75/><W39/><G39/><T127/><D127/><U19/><E19/><V28/><F28/><N who="0" m="10794" /><D12/><U4/><E4/><V36/><F36/><W61/><G34/><T118/><D118/><U66/><E66/><V128/><F128/><W29/><G29/><T114/><D114/><AGARI ba="0,0" hai="80,81,85,86,88,91,92,95,113,114,115,133,134,135" machi="114" ten="50,18000,2" yaku="9,1,15,1,20,1,34,3,54,1" doraHai="63" who="1" fromWho="0" sc="240,-180,182,180,365,0,213,0" /><INIT seed="5,1,0,3,5,50" ten="60,362,365,213" oya="1" hai0="19,100,20,62,128,29,104,22,42,110,130,8,94" hai1="53,89,28,91,52,75,120,21,115,30,38,17,96" hai2="135,72,10,67,7,132,26,47,34,80,12,87,90" hai3="125,76,36,25,1,81,92,124,65,112,64,45,35"/><U44/><E120/><V6/><F72/><W3/><G92/><T129/><D110/><U15/><E75/><V5/><F67/><W58/><G112/><T74/><D74/><U69/><E69/><V103/><F103/><W122/><G122/><T123/><D123/><U86/><E115/><V102/><F102/><W59/><G35/><T55/><D42/><U60/><E38/><V2/><F2/><W32/><G32/><T48/><D62/><U9/><E44/><V33/><F47/><W56/><G25/><T101/><D104/><U68/><E68/><V57/><F34/><W107/><G107/><T111/><D111/><U40/><E40/><V121/><F121/><W24/><G24/><T105/><D105/><U51/><E51/><V31/><REACH who="2" step="1"/><F57/><REACH who="2" ten="60,362,355,213" step="2"/><W70/><G3/><T108/><D108/><U49/><E60/><V14/><F14/><W18/><G1/><T114/><D114/><U98/><E49/><V117/><F117/><W119/><G119/><T134/><D129/><U63/><E63/><V4/><AGARI ba="1,1" hai="4,5,6,7,10,12,26,31,33,80,87,90,132,135" machi="4" ten="30,2000,0" yaku="1,1,0,1,53,0" doraHai="50" doraHaiUra="95" who="2" fromWho="2" sc="60,-6,362,-11,355,33,213,-6" /><INIT seed="6,0,0,5,3,96" ten="54,351,388,207" oya="2" hai0="26,32,81,110,19,115,125,107,131,31,88,80,72" hai1="45,106,78,121,100,21,1,103,70,28,79,53,60" hai2="89,14,99,11,40,76,7,16,43,61,65,109,34" hai3="123,74,124,132,38,15,134,30,87,55,20,104,85"/><V127/><F34/><W2/><G55/><T22/><D110/><U47/><E1/><V23/><F127/><W13/><G20/><T84/><D125/><U67/><E106/><V58/><F109/><W63/><G30/><T54/><D131/><U66/><E121/><V90/><F76/><N who="1" m="29225" /><E70/><V3/><REACH who="2" step="1"/><F99/><REACH who="2" ten="54,351,378,207" step="2"/><W37/><G124/><T133/><D133/><U52/><E60/><V111/><F111/><W62/><G123/><T71/><D115/><U9/><E9/><V114/><F114/><W94/><G74/><T83/><D72/><U29/><E45/><V105/><F105/><W35/><G104/><T119/><D107/><U102/><E47/><V44/><F44/><W50/><G35/><T49/><D119/><U6/><E6/><V18/><F18/><W68/><G68/><T93/><D71/><U86/><E86/><V116/><F116/><W73/><G73/><T42/><D42/><AGARI ba="0,1" hai="3,7,11,14,16,23,40,42,43,58,61,65,89,90" machi="42" ten="40,3900,0" yaku="1,1,54,1,53,0" doraHai="96" doraHaiUra="75" who="2" fromWho="0" sc="54,-39,351,0,378,49,207,0" /><INIT seed="6,1,0,5,5,115" ten="15,351,427,207" oya="2" hai0="68,77,96,8,103,19,55,13,74,14,10,134,23" hai1="65,85,20,35,60,11,109,119,135,9,53,128,50" hai2="120,114,118,81,92,105,16,116,94,41,100,108,70" hai3="51,62,78,125,113,97,42,24,12,91,107,102,64"/><V133/><F120/><W90/><G125/><T82/><D134/><U1/><E35/><V101/><F70/><W112/><G12/><T30/><D68/><U72/><E72/><V21/><F114/><N who="3" m="44139" /><G24/><T2/><D2/><U80/><E109/><V86/><F133/><W132/><G132/><T106/><D30/><U26/><E135/><V18/><F41/><W76/><G51/><T98/><D55/><U48/><E48/><V127/><F127/><W121/><G42/><T66/><D66/><U95/><E95/><V29/><F29/><W49/><G49/><T58/><D58/><N who="1" m="37015" /><E128/><V67/><F67/><W44/><G44/><T123/><D123/><U63/><E63/><V117/><F108/><W6/><G6/><T4/><D98/><U0/><E0/><V43/><F43/><W37/><G37/><T87/><D74/><U79/><E1/><V33/><F33/><W28/><G28/><T122/><D122/><U27/><E27/><V54/><F54/><W22/><G22/><T59/><D59/><N who="1" m="33207" /><E119/><V45/><F45/><W34/><G34/><T84/><D84/><U126/><E126/><V131/><F131/><W93/><G121/><T104/><D106/><U69/><E69/><V129/><F129/><W15/><G15/><T124/><D124/><U130/><E130/><V40/><F105/><W46/><G46/><T25/><D25/><U83/><E83/><V5/><F117/><W3/><G3/><T36/><D36/><U47/><E47/><V88/><F118/><W52/><G107/><T110/><D110/><U99/><E99/><V31/><F116/><RYUUKYOKU ba="1,0" sc="15,15,351,15,427,-15,207,-15" hai0="4,8,10,13,14,19,23,77,82,87,96,103,104" hai1="9,11,20,26,79,80,85" /><INIT seed="7,2,0,1,3,93" ten="30,366,412,192" oya="3" hai0="120,37,19,106,68,64,81,78,33,100,92,14,99" hai1="90,20,109,42,114,9,43,116,44,0,111,96,121" hai2="52,131,104,94,53,135,49,124,2,23,16,98,75" hai3="27,105,47,70,119,61,28,74,45,133,55,5,63"/><W103/><G74/><T21/><D120/><U59/><E121/><V1/><F104/><W125/><G119/><T32/><D37/><U102/><E116/><V65/><F75/><W67/><G5/><T129/><D129/><U3/><E114/><V87/><F131/><W13/><G13/><T7/><D7/><U115/><E115/><V24/><F135/><W35/><G133/><T11/><D21/><U69/><E90/><V26/><F124/><W48/><G125/><T80/><D80/><U97/><E69/><V12/><F65/><W108/><G63/><T85/><D64/><U38/><E43/><V122/><F87/><W84/><G84/><T50/><D68/><U66/><E9/><V79/><F79/><W34/><G108/><T15/><D15/><U46/><E46/><V25/><F122/><W57/><G35/><T39/><D39/><U17/><E96/><AGARI ba="2,0" hai="27,28,34,45,47,48,55,57,61,67,70,96,103,105" machi="96" ten="40,7700,0" yaku="25,2,52,1" doraHai="93" who="3" fromWho="1" sc="30,0,366,-83,412,0,192,83" /><INIT seed="7,3,0,1,5,112" ten="30,283,412,275" oya="3" hai0="86,91,30,38,93,2,59,130,68,117,80,124,90" hai1="64,72,83,129,97,74,20,77,54,14,122,126,65" hai2="3,110,133,17,94,37,115,88,70,16,27,45,82" hai3="57,29,85,44,131,9,56,67,43,114,34,102,47"/><W79/><G114/><T100/><D59/><N who="3" m="22601" /><G34/><T55/><D55/><U66/><E122/><V7/><F70/><W23/><G131/><T53/><D53/><U105/><E126/><V42/><F110/><W28/><G67/><T92/><D30/><N who="3" m="11881" /><G102/><T61/><D61/><U111/><E54/><V52/><F133/><W84/><G43/><T11/><D11/><U119/><E129/><V121/><F121/><W19/><G9/><T21/><D21/><U123/><E123/><V4/><F82/><N who="3" m="47199" /><G85/><T46/><D46/><U41/><E41/><V95/><F95/><W135/><G135/><T22/><D22/><U120/><E120/><V116/><F115/><W13/><AGARI ba="3,0" hai="13,19,23,44,47" m="47199,11881,22601" machi="13" ten="30,1500,0" yaku="8,1" doraHai="112" who="3" fromWho="3" sc="30,-8,283,-8,412,-8,275,24" /><INIT seed="7,4,0,0,1,120" ten="22,275,404,299" oya="3" hai0="117,113,62,91,26,112,77,64,4,108,21,44,8" hai1="86,95,121,48,134,9,51,103,123,25,58,72,27" hai2="19,41,83,125,116,18,22,60,114,49,115,34,7" hai3="104,89,66,12,16,17,23,124,24,6,130,35,118"/><W135/><G104/><T78/><D44/><U93/><E72/><V94/><F116/><W36/><G36/><T122/><D62/><U54/><E134/><V37/><F125/><W39/><G39/><T14/><D64/><U43/><E123/><V30/><F37/><W1/><G118/><T55/><D55/><U74/><E121/><V63/><F34/><W105/><G105/><T42/><D42/><U71/><E74/><V61/><F83/><W90/><G135/><T2/><D122/><U102/><E71/><V98/><F7/><W68/><G130/><T73/><D91/><U32/><E9/><V40/><F30/><N who="3" m="19911" /><G17/><T84/><D84/><U133/><E133/><V97/><F49/><W20/><G23/><T132/><D78/><U101/><E32/><V57/><F57/><W131/><G131/><T82/><D117/><U76/><E95/><V111/><F63/><N who="3" m="40031" /><G124/><T52/><D52/><U126/><E126/><V65/><F65/><W33/><G33/><T45/><D45/><U109/><E109/><V81/><F111/><W46/><G46/><T0/><D132/><U31/><E31/><V67/><F67/><W129/><G129/><T50/><D50/><U56/><E43/><V38/><F38/><W128/><G128/><T106/><D106/><U47/><E47/><V29/><F29/><W88/><G90/><T28/><D108/><U59/><E54/><V11/><F22/><W70/><G70/><T127/><D127/><U119/><E119/><V99/><F94/><W87/><G87/><T92/><D92/><U85/><E93/><V3/><F19/><RYUUKYOKU ba="4,0" sc="22,15,275,-15,404,-15,299,15" hai0="0,2,4,8,14,21,26,28,73,77,82,112,113" hai3="1,6,12,16,20,88,89" /><INIT seed="7,5,0,3,0,23" ten="37,260,389,314" oya="3" hai0="65,41,37,63,75,118,4,35,129,44,69,43,13" hai1="105,106,70,49,93,127,101,77,114,71,80,121,27" hai2="115,1,15,39,55,104,83,6,103,7,74,73,0" hai3="56,50,19,110,84,32,59,26,131,53,31,111,45"/><W116/><G131/><T3/><D13/><U67/><E121/><V28/><F39/><W82/><G116/><T40/><D118/><U17/><E127/><V86/><F115/><W25/><G56/><T91/><D91/><U78/><E49/><V16/><F28/><W30/><G59/><T21/><D21/><U126/><E126/><V120/><F120/><W122/><G19/><T117/><D117/><U10/><E114/><V2/><F55/><W130/><G130/><T87/><D87/><U29/><E93/><V8/><F103/><W48/><G122/><T54/><D129/><U47/><E47/><V108/><F104/><W119/><G119/><T12/><D12/><U113/><E113/><V62/><F62/><W109/><G50/><T96/><D96/><U135/><E135/><V92/><F92/><W89/><REACH who="3" step="1"/><G111/><REACH who="3" ten="37,260,389,304" step="2"/><T42/><D75/><U20/><E70/><V52/><F74/><W11/><G11/><T61/><D35/><AGARI ba="5,1" hai="25,26,30,31,32,35,45,48,53,82,84,89,109,110" machi="35" ten="40,18000,2" yaku="1,1,9,1,52,2,53,2" doraHai="23" doraHaiUra="22" who="3" fromWho="0" sc="37,-195,260,0,389,0,304,205" owari="-158,-66.0,260,-14.0,389,19.0,509,61.0" /></mjloggm>