<mjloggm ver="2.3"><GO type="97" lobby="0"/><UN n0="%E5%A6%82%E6%9C%88%E3%82%AB%E3%83%AB%E3%83%8A" n1="%E5%B0%B1%E6%B4%BB%E7%94%9F%40%E5%B7%9D%E6%9D%91%E8%BB%8D%E5%9B%A3" n2="%53%55%49%4B%41" n3="%E3%83%8D%E3%82%B3%E5%9E%8B%E3%83%AD%E3%83%9C%E3%83%83%E3%83%88%E9%9D%92" dan="14,15,14,14" rate="1934.32,2043.18,1940.98,1927.92" sx="M,M,M,M"/><TAIKYOKU oya="0"/><INIT seed="0,0,0,5,5,47" ten="250,250,250,250" oya="0" hai0="9,60,126,72,99,131,48,77,76,30,106,122,56" hai1="58,117,118,46,2,91,71,130,95,105,111,22,90" hai2="4,21,13,129,36,88,38,32,123,31,69,45,116" hai3="86,70,33,85,96,29,34,49,24,94,73,133,28"/><T75/><D122/><U42/><E105/><V50/><F123/><W0/><G73/><T37/><D37/><U5/><E71/><V62/><F32/><W67/><G0/><T11/><D126/><U89/><E130/><V25/><F129/><W127/><G127/><T39/><D39/><U14/><E111/><V115/><F115/><W40/><G133/><T27/><D131/><U54/><E2/><V65/><F116/><W120/><G120/><T113/><D113/><U135/><E135/><V57/><F4/><W103/><G67/><T23/><D72/><U101/><E101/><V98/><F13/><W100/><G100/><T51/><D99/><U19/><E5/><V8/><F8/><N who="0" m="3146" /><D106/><U53/><E95/><V10/><F10/><W64/><G64/><N who="0" m="38919" /><D75/><U83/><E83/><V66/><F66/><W41/><G70/><T78/><AGARI ba="0,0" hai="23,27,30,48,51,76,77,78" m="38919,3146" machi="78" ten="30,6000,0" yaku="8,1,52,2" doraHai="47" who="0" fromWho="0" sc="250,60,250,-20,250,-20,250,-20" /><INIT seed="0,1,0,2,2,101" ten="310,230,230,230" oya="0" hai0="65,29,113,31,84,89,61,30,133,48,72,131,18" hai1="87,126,15,107,0,57,97,43,8,71,32,75,119" hai2="122,28,77,124,102,58,123,117,129,42,39,112,69" hai3="132,49,67,40,90,45,51,110,80,68,92,38,121"/><T98/><D113/><U56/><E71/><V53/><F102/><W63/><G110/><T6/><D72/><U25/><E75/><V41/><F77/><W47/><G132/><T109/><D109/><U10/><E119/><V88/><F28/><W35/><G35/><T52/><D133/><U11/><E126/><V95/><F112/><W79/><G121/><T70/><D131/><U5/><E43/><V103/><F103/><W17/><G17/><T86/><D6/><U135/><E135/><V106/><F106/><W66/><G66/><T104/><D18/><U7/><E87/><V96/><F129/><W34/><G34/><T120/><D120/><U21/><E32/><V46/><F124/><W114/><G114/><T54/><D54/><U91/><E10/><V94/><F117/><W108/><G108/><T16/><D16/><U26/><E26/><V23/><F69/><W83/><G79/><T4/><D4/><U33/><E33/><V105/><F42/><W85/><G38/><T62/><D62/><U130/><E130/><V9/><F9/><W82/><G82/><T111/><D111/><U27/><E27/><V99/><F23/><W24/><G24/><T127/><D127/><U22/><E22/><V64/><F64/><W44/><G44/><T60/><D60/><U118/><E118/><V125/><F125/><W3/><G3/><T50/><D50/><U115/><E115/><V2/><F2/><W1/><G1/><T81/><D81/><U19/><E107/><V128/><F105/><W12/><G12/><T76/><D104/><U93/><AGARI ba="1,0" hai="0,5,7,8,11,15,19,21,25,56,57,91,93,97" machi="93" ten="30,2000,0" yaku="5,1,0,1" doraHai="101" who="1" fromWho="1" sc="310,-11,230,23,230,-6,230,-6" /><INIT seed="1,0,0,0,1,20" ten="299,253,224,224" oya="1" hai0="42,94,113,1,132,53,125,46,21,5,97,69,89" hai1="3,101,29,71,109,66,36,24,119,15,68,78,57" hai2="116,55,17,2,16,82,25,30,48,70,118,81,35" hai3="103,96,73,4,38,128,122,65,41,110,7,43,60"/><U88/><E119/><V33/><F70/><W9/><G122/><T56/><D69/><U22/><E3/><V99/><F118/><W90/><G110/><T63/><D113/><U105/><E36/><V133/><F133/><W102/><G73/><T123/><D132/><U39/><E39/><V127/><F127/><W54/><G128/><T18/><D125/><U72/><E109/><V23/><F116/><W107/><G90/><T19/><D123/><U84/><E72/><V104/><F2/><W114/><G114/><T92/><D1/><U111/><E78/><V79/><F35/><W77/><G77/><T67/><D5/><U31/><E31/><V95/><F104/><W51/><G102/><T108/><D108/><U106/><E111/><V121/><F121/><W47/><G43/><T28/><D94/><U91/><E91/><V32/><F32/><W14/><G7/><T76/><D76/><U120/><E120/><V124/><F124/><W10/><G10/><T98/><D98/><U50/><E15/><V64/><F64/><W61/><G65/><T52/><D28/><U62/><E101/><N who="2" m="60671" /><F33/><W12/><REACH who="3" step="1"/><G14/><REACH who="3" ten="299,253,224,214" step="2"/><T80/><D42/><U86/><E86/><N who="2" m="48447" /><F82/><W11/><G11/><T75/><D80/><N who="1" m="49159" /><E71/><V135/><F135/><W6/><G6/><T87/><D75/><U44/><E68/><V74/><F74/><W129/><G129/><T13/><D87/><U8/><E8/><V27/><F27/><W45/><AGARI ba="0,1" hai="4,9,12,38,41,45,47,51,54,60,61,96,103,107" machi="45" ten="20,5200,0" yaku="1,1,0,1,7,1,53,1" doraHai="20" doraHaiUra="49" who="3" fromWho="3" sc="299,-13,253,-26,224,-13,214,62" /><INIT seed="2,0,0,3,0,86" ten="286,227,211,276" oya="2" hai0="106,28,2,57,32,43,81,128,132,23,35,40,27" hai1="25,75,80,21,36,91,101,60,51,96,95,135,29" hai2="9,104,5,31,47,22,59,97,69,89,121,76,125" hai3="39,15,19,26,56,72,24,4,8,1,54,98,77"/><V88/><F121/><W17/><G39/><T129/><D106/><U74/><E36/><V120/><F120/><W34/><G72/><T100/><D100/><U133/><E60/><V118/><F118/><W111/><G111/><T42/><D2/><U130/><E130/><N who="0" m="50281" /><D132/><N who="1" m="50763" /><E51/><V105/><F69/><W33/><G77/><T6/><D6/><U84/><AGARI ba="0,0" hai="21,25,29,74,75,80,84,91,95,96,101" m="50763" machi="84" ten="30,2000,0" yaku="20,1,52,1" doraHai="86" who="1" fromWho="1" sc="286,-5,227,20,211,-10,276,-5" /><INIT seed="3,0,0,5,1,0" ten="281,247,201,271" oya="3" hai0="126,78,111,81,114,27,51,71,8,58,116,99,57" hai1="74,49,80,2,113,41,133,38,52,50,79,20,33" hai2="84,16,9,53,44,134,66,130,21,76,54,121,15" hai3="135,25,22,90,73,102,91,47,61,4,19,6,109"/><W105/><G73/><T3/><D116/><U43/><E113/><V1/><F130/><W83/><G135/><T65/><D111/><U70/><E33/><V106/><F134/><W60/><G109/><T96/><D126/><U104/><E104/><V14/><F106/><W92/><G105/><T26/><D71/><U119/><E119/><V118/><F118/><W120/><G120/><T40/><D58/><U34/><E34/><V94/><F1/><W82/><G47/><T18/><D65/><U59/><E70/><V72/><F121/><W100/><G91/><T108/><D108/><U93/><E2/><V107/><F107/><W64/><G83/><T88/><D3/><U132/><E38/><V23/><F66/><W12/><G82/><T129/><D129/><U131/><E131/><V30/><F72/><W29/><G100/><T89/><D114/><U24/><E93/><V17/><F44/><W39/><G39/><T128/><D81/><U75/><E75/><V67/><F67/><W98/><G102/><T117/><D128/><U42/><REACH who="1" step="1"/><E50/><REACH who="1" ten="281,237,201,271" step="2"/><V48/><F48/><W36/><G36/><T103/><D51/><U110/><E110/><V69/><F69/><W85/><G92/><T55/><D117/><U37/><E37/><V10/><F94/><W62/><G64/><T7/><D78/><U112/><E112/><V68/><F68/><W127/><G127/><T115/><D115/><U46/><E46/><V87/><F76/><W13/><G98/><T97/><D99/><U32/><E32/><V63/><F63/><W11/><G62/><N who="0" m="36159" /><D96/><U45/><E45/><RYUUKYOKU ba="0,1" sc="281,-15,237,15,201,15,271,-15" hai1="20,24,41,42,43,49,52,59,74,79,80,132,133" hai2="9,10,14,15,16,17,21,23,30,53,54,84,87" /><INIT seed="4,1,1,1,3,29" ten="266,252,216,256" oya="0" hai0="98,13,106,91,38,88,11,45,93,97,114,70,116" hai1="56,74,12,32,78,46,40,110,43,77,17,28,27" hai2="59,101,8,6,18,52,3,105,16,90,62,103,133" hai3="109,89,102,63,54,71,124,37,69,41,92,44,104"/><T129/><D116/><U130/><E110/><V115/><F115/><W81/><G109/><T135/><D114/><U22/><E130/><V5/><F133/><W24/><G124/><T108/><D108/><U47/><E74/><V113/><F113/><W15/><G104/><T112/><D112/><U72/><E72/><V48/><F6/><W76/><G102/><T99/><D70/><U122/><E122/><V57/><F90/><W117/><G15/><T55/><D135/><U50/><REACH who="1" step="1"/><E56/><REACH who="1" ten="266,242,216,256" step="2"/><V126/><F126/><W14/><G117/><T51/><D129/><U95/><E95/><V58/><F105/><W39/><G92/><T75/><D75/><U73/><E73/><V134/><F134/><W85/><G71/><T2/><D106/><U96/><E96/><V53/><REACH who="2" step="1"/><F58/><REACH who="2" ten="266,242,206,256" step="2"/><W65/><G69/><T23/><D99/><U118/><E118/><V127/><F127/><W120/><G120/><T67/><D98/><U68/><E68/><V36/><F36/><AGARI ba="1,3" hai="12,17,22,27,28,32,36,40,43,46,47,50,77,78" machi="36" ten="30,7700,0" yaku="1,1,7,1,52,1,53,1" doraHai="29" doraHaiUra="31" who="1" fromWho="2" sc="266,0,242,110,206,-80,256,0" owari="266,7.0,352,44.0,126,-37.0,256,-14.0" /></mjloggm>