<mjloggm ver="2.3"><GO type="97" lobby="0"/><UN n0="%E5%9B%BD%E5%A3%AB%E7%84%A1%E5%86%B7%E5%A5%B4" n1="%E5%B0%B1%E6%B4%BB%E7%94%9F%40%E5%B7%9D%E6%9D%91%E8%BB%8D%E5%9B%A3" n2="%E3%82%89%E3%82%80%E3%81%A0%E6%9D%91" n3="%E3%83%80%E3%83%96%E3%83%AB%EF%BC%A7%E3%83%AA%E3%83%BC%E3%83%80%E3%83%BC" dan="13,15,15,14" rate="1842.82,2056.39,1951.97,1929.01" sx="F,M,M,M"/><TAIKYOKU oya="0"/><INIT seed="0,0,0,2,4,75" ten="250,250,250,250" oya="0" hai0="8,4,18,92,50,85,5,113,135,55,0,88,9" hai1="35,76,44,133,13,72,65,120,126,107,40,1,70" hai2="108,19,46,124,14,47,82,29,52,66,104,127,128" hai3="78,61,110,134,105,12,64,27,123,2,73,10,100"/><T96/><D113/><U122/><E13/><V42/><F108/><W53/><G110/><T111/><D111/><U69/><E126/><N who="2" m="48171" /><F104/><W37/><G37/><T79/><D135/><U101/><E133/><V95/><F128/><W83/><G134/><T125/><D18/><U34/><E1/><V109/><F109/><W129/><G129/><T11/><D125/><U16/><E16/><V51/><F66/><W80/><G123/><T81/><D4/><U60/><E70/><V25/><F95/><W15/><G83/><T117/><D117/><U132/><E132/><V59/><F82/><W20/><G53/><T32/><D32/><U6/><E6/><V39/><F47/><AGARI ba="0,0" hai="0,5,8,9,11,47,50,55,79,81,85,88,92,96" machi="47" ten="30,5800,0" yaku="7,1,52,1,54,1" doraHai="75" who="0" fromWho="2" sc="250,58,250,0,250,-58,250,0" /><INIT seed="0,1,0,4,2,124" ten="308,250,192,250" oya="0" hai0="85,116,95,119,109,86,49,112,48,4,29,62,32" hai1="68,1,33,117,59,17,84,133,71,34,102,126,26" hai2="0,37,30,115,69,90,106,31,11,7,51,24,135" hai3="53,80,61,56,5,12,41,21,91,97,20,88,22"/><T8/><D112/><U96/><E1/><V103/><F37/><W66/><G41/><T81/><D29/><U58/><E117/><V114/><F69/><W55/><G91/><T78/><D32/><U45/><E126/><V132/><F90/><W25/><G5/><T70/><D109/><U72/><E72/><V94/><F106/><W122/><G122/><T73/><D119/><U107/><E45/><V15/><F51/><W36/><G36/><T64/><D116/><U76/><E34/><V43/><F43/><W52/><G12/><T111/><D111/><U57/><E133/><N who="2" m="51275" /><F103/><W98/><G25/><T47/><D95/><U46/><E46/><V35/><F94/><W60/><G60/><T104/><D48/><U23/><REACH who="1" step="1"/><E33/><REACH who="1" ten="308,240,192,250" step="2"/><N who="2" m="20679" /><F15/><W18/><G18/><T13/><D104/><U101/><E101/><V6/><F6/><W16/><G16/><T14/><REACH who="0" step="1"/><D14/><REACH who="0" ten="298,240,192,250" step="2"/><U3/><E3/><V40/><F40/><AGARI ba="1,2" hai="4,8,13,40,47,49,62,64,70,73,78,81,85,86" machi="40" ten="30,5800,0" yaku="1,1,2,1,7,1,53,0" doraHai="124" doraHaiUra="93" who="0" fromWho="2" sc="298,81,240,0,192,-61,250,0" /><INIT seed="0,2,0,0,1,101" ten="379,240,131,250" oya="0" hai0="15,33,115,57,108,40,6,109,0,7,20,60,71" hai1="44,38,75,49,118,128,22,107,117,41,13,102,8" hai2="135,70,54,134,120,30,131,89,19,29,110,72,34" hai3="81,130,24,93,125,111,99,11,92,106,2,16,66"/><T91/><D115/><U74/><E128/><V90/><F120/><W36/><G111/><N who="0" m="42571" /><D71/><U105/><E38/><V85/><F72/><W17/><G36/><T5/><D33/><U48/><E102/><V26/><F70/><W4/><G125/><T82/><D40/><U31/><E31/><V3/><F3/><W77/><G130/><T23/><D0/><U43/><E22/><N who="0" m="8233" /><D91/><U73/><E48/><V58/><F110/><W121/><G121/><T133/><D82/><U21/><E21/><V37/><F37/><W124/><G124/><T65/><D15/><U1/><E1/><V119/><F131/><W98/><G66/><T126/><D126/><U87/><E87/><V61/><F34/><W69/><G69/><T68/><D68/><U28/><E28/><V63/><F30/><W80/><G24/><T132/><AGARI ba="2,0" hai="5,6,7,57,60,65,132,133" m="8233,42571" machi="132" ten="40,3900,0" yaku="14,1,10,1" doraHai="101" who="0" fromWho="0" sc="379,45,240,-15,131,-15,250,-15" /><INIT seed="0,3,0,5,1,8" ten="424,225,116,235" oya="0" hai0="71,59,133,25,72,74,94,23,55,44,87,31,9" hai1="91,29,113,81,1,12,134,40,104,78,6,14,37" hai2="126,90,116,19,30,21,114,58,64,60,17,69,50" hai3="51,124,97,79,122,98,22,86,80,118,76,70,52"/><T7/><D71/><U61/><E104/><V101/><F114/><W67/><G124/><T110/><D133/><U42/><E113/><V130/><F126/><W43/><G118/><T24/><D44/><N who="1" m="23567" /><E134/><V39/><F116/><W120/><G43/><T132/><D132/><U56/><E42/><V83/><F39/><W63/><G76/><T121/><D121/><U13/><E29/><V89/><F101/><W75/><G75/><T18/><D110/><U96/><E96/><V48/><F69/><W105/><G22/><T85/><D85/><U103/><E91/><V92/><F30/><W66/><G66/><T112/><D112/><U106/><E106/><V0/><F0/><W53/><G98/><T16/><D87/><U47/><E47/><V108/><F108/><W109/><G109/><T15/><D94/><U28/><E28/><V102/><F19/><W41/><G41/><T115/><D115/><U36/><E103/><V95/><F102/><N who="3" m="62671" /><G51/><T35/><D18/><U34/><E34/><V77/><F95/><W129/><G129/><T128/><D128/><U3/><E36/><V125/><F130/><W26/><G26/><T11/><D11/><N who="1" m="2511" /><E3/><V99/><F125/><W46/><G46/><T49/><AGARI ba="3,0" hai="7,9,15,16,23,24,25,31,35,49,55,59,72,74" machi="49" ten="20,7800,0" yaku="0,1,7,1,52,1,54,1" doraHai="8" who="0" fromWho="0" sc="424,87,225,-29,116,-29,235,-29" /><INIT seed="0,4,0,5,4,21" ten="511,196,87,206" oya="0" hai0="132,87,125,11,70,29,131,35,46,72,78,18,97" hai1="105,67,38,130,8,82,96,92,107,118,63,19,89" hai2="91,42,57,129,66,60,108,13,23,76,95,12,44" hai3="81,124,2,58,40,79,47,135,6,52,126,83,39"/><T112/><D112/><U123/><E118/><V15/><F129/><W110/><G110/><T0/><D131/><U71/><E38/><V9/><F108/><W119/><G119/><T36/><D125/><N who="3" m="48233" /><G135/><T103/><D132/><U134/><E134/><V4/><F76/><W48/><G2/><T80/><D70/><U14/><E130/><V45/><F23/><W133/><G133/><T61/><D61/><U33/><E33/><V53/><F66/><W75/><G83/><T68/><D68/><U17/><E123/><V62/><F62/><N who="3" m="36167" /><G6/><T50/><D36/><AGARI ba="4,0" hai="36,39,40,47,48,75,79,81" m="36167,48233" machi="36" ten="30,2000,0" yaku="18,1,54,1" doraHai="21" who="3" fromWho="0" sc="511,-32,196,0,87,0,206,32" /><INIT seed="1,0,0,3,4,126" ten="479,196,87,238" oya="1" hai0="41,40,34,112,103,61,67,97,16,0,44,90,128" hai1="33,31,133,109,66,121,42,10,71,101,107,87,18" hai2="13,83,27,104,25,108,19,85,3,80,130,119,95" hai3="78,82,132,118,68,21,7,24,9,23,75,105,17"/><U47/><E121/><V81/><F119/><W93/><G68/><T102/><D34/><U89/><E133/><V26/><F3/><W4/><G105/><T88/><D112/><U55/><E109/><V91/><F104/><W62/><G118/><T79/><D41/><U6/><E55/><V45/><F108/><W5/><G132/><T86/><D128/><U113/><E113/><V29/><F130/><W73/><G73/><T106/><D102/><U69/><E18/><V110/><F110/><W122/><G122/><T99/><D0/><U60/><E71/><V100/><F29/><W14/><G93/><T116/><D116/><U117/><E117/><V65/><F65/><W53/><G62/><T77/><D97/><U12/><E107/><V124/><F124/><W38/><G38/><T114/><D90/><U98/><E98/><V32/><F32/><W57/><G57/><T1/><D1/><U76/><E101/><V39/><F39/><W59/><G59/><T20/><D61/><U52/><E76/><V36/><F36/><W43/><G53/><T92/><D67/><U120/><E120/><V22/><REACH who="2" step="1"/><F45/><REACH who="2" ten="479,196,77,238" step="2"/><W56/><G56/><T74/><D114/><U129/><E129/><V131/><F131/><W54/><G54/><T15/><D74/><U35/><E31/><V8/><F8/><W48/><G9/><T49/><AGARI ba="0,1" hai="15,16,20,40,44,49,77,79,86,88,92,99,103,106" machi="49" ten="20,5200,0" yaku="0,1,7,1,54,2" doraHai="126" who="0" fromWho="0" sc="479,62,196,-26,77,-13,238,-13" /><INIT seed="2,0,0,5,4,3" ten="541,170,64,225" oya="2" hai0="120,22,109,132,41,13,117,100,32,129,134,64,65" hai1="52,66,6,121,0,131,23,116,50,93,98,114,74" hai2="127,72,57,43,42,38,8,118,87,7,88,36,63" hai3="104,91,20,130,39,31,26,35,44,115,94,60,17"/><V33/><F118/><W24/><G104/><T58/><D120/><U48/><E74/><V16/><F72/><W90/><G115/><T75/><D75/><U101/><E116/><V102/><F127/><W47/><G130/><T18/><D32/><U81/><E114/><V125/><F125/><W105/><G105/><T84/><D41/><U54/><E131/><V61/><F33/><W56/><G91/><T15/><D129/><U53/><E66/><V112/><F112/><W79/><G79/><T1/><D100/><U89/><E121/><V59/><F102/><W96/><REACH who="3" step="1"/><G39/><REACH who="3" ten="541,170,64,215" step="2"/><T27/><D117/><U83/><E89/><V67/><F38/><W4/><G4/><T40/><D134/><U128/><E128/><V95/><F36/><W92/><G92/><T99/><D132/><U51/><E6/><V14/><REACH who="2" step="1"/><F7/><REACH who="2" ten="541,170,54,215" step="2"/><W62/><G62/><T30/><D1/><U103/><E103/><V71/><F71/><W135/><G135/><T45/><D65/><AGARI ba="0,2" hai="8,14,16,42,43,57,59,61,63,65,67,87,88,95" machi="65" ten="30,18000,2" yaku="1,1,7,1,9,1,8,1,54,2,53,0" doraHai="3" doraHaiUra="106" who="2" fromWho="0" sc="541,-180,170,0,54,200,215,0" /><AGARI ba="0,0" hai="17,20,24,26,31,35,44,47,56,60,65,90,94,96" machi="65" ten="30,2000,0" yaku="1,1,7,1,53,0" doraHai="3" doraHaiUra="106" who="3" fromWho="0" sc="361,-20,170,0,254,0,215,20" /><INIT seed="2,1,0,5,1,92" ten="341,170,254,235" oya="2" hai0="66,19,24,65,38,23,20,108,61,130,35,100,9" hai1="21,91,4,49,101,0,107,120,10,52,131,122,84" hai2="78,34,74,11,6,85,15,81,93,44,28,42,77" hai3="32,53,119,58,39,97,134,5,86,17,47,121,135"/><V37/><F34/><W69/><G69/><T132/><D38/><U105/><E131/><V104/><F104/><W51/><G32/><T43/><D108/><U79/><E79/><V64/><F28/><W33/><G33/><T95/><D43/><U40/><E40/><V67/><F78/><W59/><G121/><T13/><D132/><N who="3" m="50729" /><G119/><T63/><D130/><U46/><E21/><V26/><F26/><W73/><G73/><T128/><D128/><U110/><E110/><V102/><REACH who="2" step="1"/><F74/><REACH who="2" ten="341,170,244,235" step="2"/><W72/><G72/><T114/><D35/><U124/><E124/><V94/><F94/><W68/><G86/><T30/><D114/><U56/><E107/><V115/><F115/><W29/><G29/><T123/><D123/><U22/><E120/><V50/><F50/><W12/><G39/><T112/><D112/><U3/><E122/><V126/><F126/><W83/><G68/><T96/><D9/><U109/><E109/><V62/><F62/><AGARI ba="1,1" hai="13,19,20,23,24,30,61,62,63,65,66,95,96,100" machi="62" ten="40,2600,0" yaku="8,1,52,1" doraHai="92" who="0" fromWho="2" sc="341,39,170,0,244,-29,235,0" /><INIT seed="3,0,0,5,5,116" ten="380,170,215,235" oya="3" hai0="17,37,79,2,72,101,125,8,91,58,18,3,40" hai1="36,135,81,0,14,131,5,38,84,122,75,63,57" hai2="42,23,107,121,47,80,127,48,108,51,69,103,1" hai3="97,25,124,76,104,114,21,120,66,109,33,31,45"/><W115/><G120/><T113/><D125/><U35/><E0/><V85/><F1/><W106/><G124/><T92/><D101/><U100/><E75/><V126/><F69/><W59/><G76/><T96/><D3/><U87/><E35/><V54/><F108/><W13/><G109/><T112/><D40/><U27/><E100/><V26/><F103/><W71/><G45/><T20/><D37/><U94/><E131/><V98/><F98/><W117/><G117/><T105/><D105/><U68/><E68/><V95/><F95/><W65/><G59/><T64/><D79/><U50/><E135/><V132/><F107/><W24/><G13/><N who="0" m="7335" /><D2/><U16/><E50/><V74/><F74/><W88/><G66/><T29/><D29/><U129/><E129/><V60/><F60/><N who="3" m="40359" /><G88/><T89/><D89/><U22/><E122/><V93/><F132/><W133/><G133/><T86/><D86/><U130/><E130/><V53/><F121/><W6/><G6/><T61/><D72/><U15/><E94/><V99/><F93/><W111/><G111/><T7/><D7/><U52/><E87/><V134/><F134/><W82/><G82/><T56/><D56/><U67/><E67/><V34/><F126/><W12/><G12/><T118/><D118/><U119/><E119/><V9/><F80/><W43/><G43/><T49/><D49/><U73/><E73/><V77/><F51/><W39/><G39/><N who="1" m="14890" /><E5/><V44/><F127/><W123/><G123/><T41/><D41/><U128/><E128/><V90/><F42/><W10/><G10/><T11/><D11/><RYUUKYOKU ba="0,0" sc="380,15,170,15,215,-15,235,-15" hai0="18,20,58,61,64,91,92,96,112,113" hai1="14,15,16,22,27,52,57,63,81,84" owari="395,49.0,185,-31.0,200,-20.0,220,2.0" /></mjloggm>