<mjloggm ver="2.3"><GO type="169" lobby="0"/><UN n0="%D0%A1%E3%82%AB%E3%83%83%E3%83%97%E5%A4%A7%E9%96%A2" n1="%E3%82%BF%E3%82%B1%E3%82%BF%E3%82%B1%E3%82%BF%E3%82%B1" n2="%E3%83%A1%E3%82%AB%E3%82%BC%E3%83%83%E3%83%88%E3%83%B3" n3="%E5%B0%B1%E6%B4%BB%E7%94%9F%40%E5%B7%9D%E6%9D%91%E8%BB%8D%E5%9B%A3" dan="16,18,18,17" rate="2044.80,2239.25,2210.67,2120.41" sx="M,M,M,M"/><TAIKYOKU oya="0"/><INIT seed="0,0,0,0,3,51" ten="250,250,250,250" oya="0" hai0="13,127,8,39,30,81,82,131,65,16,114,95,86" hai1="17,55,105,66,22,37,78,99,94,110,0,27,123" hai2="71,132,118,79,59,50,102,48,135,119,1,116,109" hai3="42,43,101,53,98,20,54,7,100,29,44,49,11"/><T126/><D114/><U121/><E110/><V12/><F1/><W97/><G29/><T120/><D39/><U106/><E0/><V36/><F102/><N who="3" m="39531" /><G20/><T63/><D120/><U108/><E108/><V3/><F3/><W32/><G32/><T92/><D30/><U125/><E125/><N who="0" m="47625" /><D131/><U35/><E37/><V5/><F79/><W25/><G25/><T46/><D46/><U2/><E66/><V41/><F12/><N who="3" m="5247" /><G43/><T23/><D8/><U18/><E78/><V85/><F85/><W133/><G133/><N who="2" m="51273" /><F5/><W80/><G80/><N who="0" m="30827" /><D86/><U19/><E2/><V57/><F71/><AGARI ba="0,0" hai="13,16,23,63,65,71,92,95" m="30827,47625" machi="71" ten="30,2900,0" yaku="18,1,54,1" doraHai="51" who="0" fromWho="2" sc="250,29,250,0,250,-29,250,0" /><INIT seed="0,1,0,2,4,129" ten="279,250,221,250" oya="0" hai0="60,26,22,18,71,59,113,47,19,135,66,116,14" hai1="49,17,93,127,39,70,131,128,102,58,48,134,7" hai2="104,89,52,120,86,30,36,53,115,4,67,25,94" hai3="63,92,23,11,122,3,6,74,69,27,108,10,8"/><T109/><D116/><U5/><E70/><V119/><F104/><W112/><G74/><T40/><D113/><U133/><E39/><V41/><F120/><W111/><G112/><T20/><D109/><N who="3" m="42057" /><G122/><T28/><D135/><N who="1" m="51723" /><E17/><V21/><F36/><W65/><G92/><T117/><D117/><U78/><E78/><V54/><F94/><W15/><G3/><T79/><D79/><U2/><E127/><V107/><F115/><W73/><G73/><T97/><D97/><N who="1" m="59695" /><E2/><V83/><F119/><W9/><G9/><T130/><D130/><N who="1" m="49707" /><E49/><V37/><F37/><W51/><G51/><N who="0" m="27111" /><D71/><U72/><E72/><V121/><F121/><W55/><G8/><T16/><AGARI ba="1,0" hai="14,16,18,19,20,22,26,28,59,60,66" m="27111" machi="16" ten="30,3000,0" yaku="8,1,54,1" doraHai="129" who="0" fromWho="0" sc="279,33,250,-11,221,-11,250,-11" /><INIT seed="0,2,0,4,3,63" ten="312,239,210,239" oya="0" hai0="133,92,100,9,58,20,71,79,43,10,93,48,110" hai1="56,25,119,29,26,122,19,3,94,60,32,125,84" hai2="103,45,109,85,22,131,38,95,121,50,21,105,1" hai3="61,127,102,111,67,55,6,53,34,81,66,27,62"/><T74/><D71/><U46/><E3/><V99/><F109/><W118/><G118/><T40/><D110/><U64/><E122/><V113/><F121/><W59/><G111/><T128/><D133/><U129/><E129/><V4/><F113/><W15/><G127/><T54/><D128/><U72/><E72/><V39/><F131/><W30/><G102/><T31/><D79/><U5/><E5/><V28/><F4/><W17/><G6/><T35/><D35/><U75/><E75/><V70/><F70/><W108/><G81/><T36/><D36/><U106/><E106/><V82/><F1/><W69/><REACH who="3" step="1"/><G108/><REACH who="3" ten="312,239,210,229" step="2"/><T126/><D126/><U86/><E125/><V114/><F82/><W12/><G12/><T98/><D93/><U7/><E94/><V23/><F114/><W42/><G42/><N who="0" m="15915" /><D74/><U112/><E112/><V123/><F123/><W135/><G135/><T104/><D104/><U80/><E7/><V14/><F14/><W0/><G0/><T77/><D77/><U51/><E119/><V16/><F105/><W120/><G120/><T96/><D96/><U130/><E130/><V87/><F99/><W88/><G88/><T8/><D92/><U73/><E80/><V89/><F103/><W115/><G115/><T68/><D100/><U124/><E124/><V37/><F95/><W83/><G83/><T47/><D98/><U44/><E73/><V76/><F89/><W49/><G49/><T90/><D90/><U78/><E51/><V57/><F76/><W101/><G101/><T65/><D48/><U117/><E117/><V11/><F37/><RYUUKYOKU ba="2,1" sc="312,-10,239,-10,210,-10,229,30" hai3="15,17,27,30,34,53,55,59,61,62,66,67,69" /><INIT seed="1,3,1,4,1,101" ten="302,229,200,259" oya="1" hai0="18,100,85,28,9,55,71,119,57,105,44,70,86" hai1="65,33,30,41,84,7,130,34,134,79,67,93,110" hai2="103,53,3,38,1,104,42,11,12,54,8,112,87" hai3="124,97,107,10,14,106,0,16,99,47,111,63,114"/><U132/><E130/><V92/><F104/><W88/><G114/><T115/><D119/><U13/><E41/><V23/><F112/><W51/><G0/><T59/><D28/><U72/><E72/><V49/><F23/><W56/><G111/><T95/><D44/><U29/><E110/><V126/><F126/><W21/><G124/><T62/><D115/><U117/><E117/><V125/><F125/><W48/><G10/><T94/><D9/><N who="1" m="4287" /><E30/><V46/><F11/><W98/><G88/><T82/><D18/><U80/><E93/><V69/><F69/><W109/><G109/><T37/><D37/><U4/><E4/><V128/><F128/><W122/><G122/><T61/><D82/><U120/><E120/><V50/><F38/><W129/><G129/><T66/><D100/><U19/><E19/><V58/><F42/><W113/><G113/><T81/><D81/><U64/><E29/><V96/><REACH who="2" step="1"/><F87/><REACH who="2" ten="302,229,190,259" step="2"/><W15/><G15/><T31/><D105/><U91/><E33/><V135/><F135/><N who="1" m="51753" /><E34/><V36/><F36/><W60/><G107/><T133/><D133/><U26/><E26/><V17/><AGARI ba="3,2" hai="1,3,8,12,17,46,49,50,53,54,58,92,96,103" machi="17" ten="20,2700,0" yaku="1,1,0,1,7,1,53,0" doraHai="101" doraHaiUra="83" who="2" fromWho="2" sc="302,-10,229,-16,190,56,259,-10" /><INIT seed="2,0,0,1,4,22" ten="292,213,246,249" oya="2" hai0="111,15,10,41,131,39,45,65,91,46,14,128,31" hai1="114,56,3,77,106,50,132,108,58,35,90,36,115" hai2="12,102,117,64,84,98,124,63,76,71,11,104,75" hai3="69,103,19,47,134,79,62,49,43,25,123,42,8"/><V5/><F124/><W129/><G123/><T38/><D111/><U32/><E50/><V109/><F117/><W26/><G129/><N who="0" m="49739" /><D65/><U55/><E77/><V94/><F109/><W99/><G134/><T60/><D60/><U23/><E23/><V83/><REACH who="2" step="1"/><F104/><REACH who="2" ten="292,213,236,249" step="2"/><W93/><G79/><T24/><D39/><U18/><E36/><V87/><AGARI ba="0,1" hai="5,11,12,63,64,71,75,76,83,84,87,94,98,102" machi="87" ten="30,6000,0" yaku="1,1,2,1,0,1,53,0" doraHai="22" doraHaiUra="27" who="2" fromWho="2" sc="292,-20,213,-20,236,70,249,-20" /><INIT seed="2,1,0,4,4,119" ten="272,193,306,229" oya="2" hai0="85,37,100,97,58,117,123,74,70,42,86,38,115" hai1="125,112,92,31,45,50,101,93,84,40,80,77,34" hai2="109,127,81,75,41,21,28,52,2,17,22,120,135" hai3="131,110,87,129,61,55,98,35,95,36,104,15,48"/><V79/><F2/><W107/><G36/><T1/><D70/><U10/><E112/><V82/><F120/><W76/><G35/><T33/><D74/><U90/><E125/><V8/><F127/><W67/><G110/><T113/><D33/><U102/><E92/><V16/><F41/><W88/><G15/><T11/><D58/><U116/><E116/><V64/><F64/><W43/><G43/><T46/><D37/><U59/><E59/><V83/><F8/><W7/><G7/><T96/><D117/><U130/><E130/><N who="3" m="49674" /><G76/><T103/><D46/><U60/><E60/><V106/><F106/><W39/><G39/><T69/><D38/><U63/><E63/><V47/><F135/><W19/><G19/><T73/><D11/><U56/><E56/><V128/><F128/><W27/><G27/><T126/><D69/><U71/><E71/><V30/><F109/><W9/><G9/><T0/><D42/><U108/><E108/><V66/><F66/><W3/><G3/><T105/><D126/><U44/><E44/><V12/><F79/><W54/><G61/><T91/><D0/><U122/><E10/><V121/><F121/><W78/><G67/><T94/><D123/><U18/><E122/><V13/><F75/><W57/><G55/><T29/><D73/><N who="1" m="43055" /><E18/><V53/><F53/><W99/><G78/><T32/><D1/><U62/><E62/><V26/><F26/><W132/><G132/><T134/><D134/><U14/><E14/><V72/><F72/><W24/><G24/><N who="0" m="18471" /><D103/><N who="1" m="39435" /><E34/><V4/><F4/><W118/><G118/><T6/><D6/><RYUUKYOKU ba="1,0" sc="272,0,193,0,306,0,229,0" hai0="85,86,91,94,96,97,100,105,113,115" hai1="31,40,45,50,84,90,93" hai2="12,13,16,17,21,22,28,30,47,52,81,82,83" hai3="48,54,57,87,88,95,98,99,104,107" /><INIT seed="2,2,0,1,2,119" ten="272,193,306,229" oya="2" hai0="94,104,35,109,74,127,58,34,27,59,98,25,33" hai1="121,2,29,38,42,76,80,47,78,99,79,133,87" hai2="117,56,112,113,120,43,106,36,118,77,75,63,125" hai3="16,11,68,122,85,124,8,69,96,21,108,64,48"/><V100/><F100/><W45/><G108/><T83/><D109/><U123/><E2/><V57/><F106/><W71/><G124/><T101/><D127/><U7/><E7/><V84/><F84/><W10/><G122/><N who="1" m="46602" /><E133/><V1/><F1/><W31/><G31/><T39/><D39/><U46/><E46/><N who="2" m="23911" /><F77/><N who="1" m="29801" /><E29/><V92/><F75/><W49/><G64/><T130/><D130/><U67/><E67/><V115/><F125/><W129/><G129/><T0/><D0/><U86/><E99/><V54/><F92/><W28/><G28/><T55/><D94/><U81/><E81/><V107/><F107/><W51/><G85/><AGARI ba="2,0" hai="38,42,47,79,80,85,86,87" m="29801,46602" machi="85" ten="30,7700,0" yaku="13,1,52,3" doraHai="119" who="1" fromWho="3" sc="272,0,193,83,306,0,229,-83" /><INIT seed="3,0,0,3,4,26" ten="272,276,306,146" oya="3" hai0="84,105,134,107,114,38,102,11,60,94,24,66,57" hai1="126,1,7,127,103,63,65,124,95,76,115,5,45" hai2="119,61,92,49,121,123,104,53,46,59,78,73,39" hai3="13,18,70,8,33,91,3,109,72,27,135,100,112"/><W88/><G112/><T133/><D38/><U17/><E115/><V37/><F104/><W68/><G72/><T41/><D41/><U75/><E1/><V44/><F92/><W108/><G3/><T40/><D40/><U113/><E113/><V86/><F86/><W36/><G36/><N who="2" m="13897" /><F78/><W30/><G100/><T93/><D114/><U22/><E45/><N who="2" m="17515" /><F73/><W131/><G131/><T122/><D122/><N who="2" m="46602" /><F119/><W90/><REACH who="3" step="1"/><G135/><REACH who="3" ten="272,276,306,136" step="2"/><T58/><D102/><U47/><E103/><V71/><F71/><AGARI ba="0,1" hai="8,13,18,27,30,33,68,70,71,88,90,91,108,109" machi="71" ten="50,12000,1" yaku="1,1,2,1,52,1,54,1,53,0" doraHai="26" doraHaiUra="74" who="3" fromWho="2" sc="272,0,276,0,306,-120,136,130" /><INIT seed="3,1,0,0,3,130" ten="272,276,186,266" oya="3" hai0="53,23,4,83,93,28,12,45,33,24,15,13,72" hai1="43,29,120,44,116,87,123,134,30,36,111,2,115" hai2="127,131,41,39,65,91,61,3,40,10,118,107,26" hai3="49,90,92,121,112,25,21,126,95,78,97,46,42"/><W77/><G121/><T73/><D4/><U88/><E115/><V102/><F118/><W85/><G112/><T32/><D93/><U76/><E2/><V55/><F127/><W51/><G126/><T50/><REACH who="0" step="1"/><D83/><REACH who="0" ten="262,276,186,266" step="2"/><U117/><E117/><V58/><F131/><W59/><G95/><T37/><D37/><U20/><E116/><V86/><F39/><W100/><G100/><T89/><D89/><U101/><E88/><V66/><F102/><W96/><G78/><T81/><D81/><U74/><E76/><V106/><F106/><W135/><G77/><T124/><D124/><U122/><E36/><V105/><F105/><W98/><G135/><T1/><D1/><U11/><E101/><V7/><F107/><W62/><G92/><T70/><D70/><U84/><E134/><V56/><F91/><W125/><G125/><T52/><D52/><U69/><E69/><V132/><F132/><W6/><G90/><T38/><D38/><U99/><E123/><V119/><F119/><W75/><G6/><T103/><D103/><U129/><E122/><V34/><F65/><N who="3" m="39135" /><G75/><AGARI ba="1,1" hai="12,13,15,23,24,28,32,33,45,50,53,72,73,75" machi="75" ten="40,1300,0" yaku="1,1,53,0" doraHai="130" doraHaiUra="110" who="0" fromWho="3" sc="262,26,276,0,186,0,266,-16" /><INIT seed="4,0,0,1,3,19" ten="288,276,186,250" oya="0" hai0="98,108,61,134,127,27,28,0,103,35,69,85,94" hai1="76,55,54,47,112,110,31,53,126,100,14,107,81" hai2="49,129,70,123,92,46,133,72,45,52,29,44,13" hai3="57,26,97,90,80,17,30,79,75,119,43,116,117"/><T95/><D0/><U124/><E110/><V25/><F70/><W41/><G17/><T6/><D6/><U122/><E122/><V1/><F1/><W106/><G57/><T32/><D108/><U131/><E131/><V23/><F72/><W82/><G82/><T93/><D127/><U59/><E31/><V10/><F123/><W22/><REACH who="3" step="1"/><G90/><REACH who="3" ten="288,276,186,240" step="2"/><T99/><D69/><U63/><E81/><V71/><F71/><W4/><G4/><T34/><D134/><U87/><E59/><V3/><F133/><W135/><G135/><T89/><D61/><U114/><E63/><V39/><F129/><W51/><G51/><T88/><AGARI ba="0,1" hai="27,28,32,34,35,85,88,89,93,94,95,98,99,103" machi="88" ten="20,3900,0" yaku="0,1,7,1,54,1" doraHai="19" who="0" fromWho="0" sc="288,49,276,-13,186,-13,240,-13" /><INIT seed="4,1,0,0,5,118" ten="337,263,173,227" oya="0" hai0="89,7,80,71,45,33,92,32,93,12,109,0,55" hai1="42,96,73,1,56,122,127,70,98,5,94,29,64" hai2="67,113,84,78,22,8,100,44,102,110,125,52,106" hai3="116,35,62,27,112,57,58,68,82,66,13,24,81"/><T31/><D71/><U36/><E56/><V132/><F110/><W65/><G116/><T111/><D0/><U30/><E73/><V126/><F113/><W46/><G112/><T74/><D7/><U77/><E94/><V90/><F78/><W40/><G13/><T61/><D92/><U10/><E77/><V23/><F67/><W34/><G68/><T85/><D12/><U11/><E70/><V9/><F132/><W48/><G35/><T59/><D45/><U86/><E86/><V123/><F123/><W130/><G130/><T17/><D17/><U54/><E54/><V107/><F84/><W53/><G66/><T128/><D128/><U124/><E64/><V2/><F90/><W4/><G4/><T95/><D95/><U16/><E16/><V129/><F129/><W18/><G27/><T104/><D104/><U134/><E5/><V47/><REACH who="2" step="1"/><F52/><REACH who="2" ten="337,263,163,227" step="2"/><W21/><G34/><N who="0" m="13419" /><D55/><U39/><E134/><V131/><F131/><W87/><G87/><T103/><D89/><U133/><E133/><V43/><F43/><W101/><G101/><T88/><D88/><U14/><E42/><V3/><AGARI ba="1,1" hai="2,3,8,9,22,23,44,47,100,102,106,107,125,126" machi="3" ten="25,6400,0" yaku="1,1,0,1,22,2,53,0" doraHai="118" doraHaiUra="79" who="2" fromWho="2" sc="337,-33,263,-17,163,77,227,-17" /><INIT seed="5,0,0,5,1,47" ten="304,246,240,210" oya="1" hai0="60,124,24,110,44,85,96,63,135,45,37,121,130" hai1="39,5,38,33,109,28,14,2,89,58,81,105,102" hai2="40,118,35,108,127,32,106,103,126,49,59,99,129" hai3="3,70,134,46,56,26,50,0,122,82,19,73,116"/><U9/><E109/><V132/><F108/><W18/><G70/><T41/><D110/><U75/><E14/><V101/><F118/><W112/><G122/><T17/><D121/><U125/><E89/><V76/><F101/><W94/><G112/><T16/><D135/><U107/><E58/><V113/><F132/><W64/><G134/><T90/><D96/><N who="1" m="61639" /><E107/><V4/><F113/><W53/><G94/><T100/><D100/><U10/><E10/><V51/><F76/><W62/><G116/><T21/><D124/><N who="2" m="47658" /><F129/><W11/><G26/><T72/><D130/><U114/><E114/><V48/><F4/><W22/><G22/><T69/><D69/><U84/><E84/><V61/><F40/><W93/><G93/><T43/><D72/><U131/><E131/><V27/><F27/><W71/><G71/><T111/><D17/><U8/><E8/><V57/><F57/><W128/><G128/><T91/><D91/><U6/><E6/><V88/><F88/><W83/><G73/><T67/><D111/><U97/><E97/><V74/><F74/><W36/><G36/><T31/><D16/><U54/><E125/><V95/><F106/><W66/><G66/><AGARI ba="0,0" hai="32,35,48,49,51,59,61,66,95,99,103" m="47658" machi="66" ten="30,7700,0" yaku="18,1,52,3" doraHai="47" who="2" fromWho="3" sc="304,0,246,0,240,77,210,-77" /><INIT seed="6,0,0,5,2,83" ten="304,246,317,133" oya="2" hai0="20,32,42,16,38,76,104,28,68,87,6,66,96" hai1="41,10,98,99,112,27,57,79,26,92,124,3,130" hai2="0,90,12,9,110,88,25,33,61,125,118,77,11" hai3="73,97,108,4,133,127,103,59,49,80,106,23,56"/><V21/><F118/><W109/><G127/><T60/><D6/><U36/><E112/><V89/><F125/><W117/><G117/><T13/><D38/><U116/><E130/><V35/><F77/><W69/><G133/><T74/><D74/><U135/><E135/><V15/><F0/><W91/><G69/><T101/><D42/><U114/><E114/><V53/><F110/><W48/><G4/><T2/><D2/><U19/><E79/><V120/><F120/><W55/><G23/><T86/><D76/><U1/><E41/><V93/><F93/><W70/><G70/><T65/><D66/><U115/><E92/><V29/><F35/><W7/><G7/><T62/><D62/><U67/><E115/><V132/><F33/><W84/><REACH who="3" step="1"/><G73/><REACH who="3" ten="304,246,317,123" step="2"/><T37/><D37/><U54/><E36/><V31/><F21/><W113/><G113/><T45/><D68/><U46/><E124/><V18/><F132/><W50/><G50/><T134/><D20/><U52/><E116/><V78/><F9/><W95/><G95/><T71/><D71/><U75/><E75/><V100/><F11/><W43/><G43/><T129/><D32/><U14/><E10/><V131/><F131/><W105/><G105/><T126/><D104/><U72/><E72/><V111/><F111/><W24/><G24/><T102/><D126/><U122/><E27/><V107/><F25/><W44/><G44/><T40/><D129/><U22/><E26/><V64/><F107/><W94/><G94/><T85/><D134/><U121/><E22/><N who="2" m="11591" /><F29/><W51/><G51/><N who="0" m="27047" /><D28/><U123/><E123/><RYUUKYOKU ba="0,1" sc="304,-10,246,-10,317,-10,123,30" hai3="48,49,55,56,59,80,84,91,97,103,106,108,109" /><INIT seed="7,1,1,4,1,75" ten="294,236,307,153" oya="3" hai0="80,27,18,61,89,4,24,34,49,93,1,9,119" hai1="91,0,54,55,121,85,60,38,12,71,73,41,108" hai2="84,66,110,103,135,69,96,48,2,126,20,95,118" hai3="134,94,81,65,86,58,29,3,44,35,109,112,16"/><W64/><G3/><T113/><D119/><U11/><E0/><V77/><F2/><W70/><G70/><T100/><D113/><U111/><E73/><V40/><F110/><W133/><G109/><T130/><D130/><U19/><E121/><V17/><F118/><W57/><G112/><T21/><D100/><U82/><E38/><V87/><F135/><N who="3" m="51723" /><G44/><T50/><D80/><U36/><E41/><V72/><F40/><W98/><G35/><T120/><D61/><U59/><E36/><V51/><F51/><W10/><G29/><T62/><D120/><U56/><E71/><V128/><F48/><AGARI ba="1,1" hai="11,12,19,48,54,55,56,59,60,82,85,91,108,111" machi="48" ten="30,1000,0" yaku="7,1" doraHai="75" who="1" fromWho="2" sc="294,0,236,23,307,-13,153,0" /><INIT seed="8,0,0,5,4,17" ten="294,259,294,153" oya="0" hai0="1,93,129,110,2,61,118,134,55,66,84,121,80" hai1="97,27,25,90,22,24,39,11,71,105,101,0,117" hai2="106,125,10,5,68,111,19,12,13,37,57,130,32" hai3="120,72,34,107,49,123,102,74,48,116,58,75,91"/><T36/><D36/><U20/><E39/><V35/><F37/><W6/><G34/><T9/><D121/><N who="3" m="46665" /><G6/><T50/><D118/><U8/><E71/><V94/><F106/><W103/><G116/><T67/><D134/><U113/><E113/><V38/><F38/><W70/><G70/><T31/><D31/><U119/><E119/><V82/><F68/><W54/><G107/><T51/><D129/><U60/><E60/><V115/><F130/><W131/><G131/><T79/><D110/><U21/><E117/><V86/><F115/><W18/><G91/><T126/><D126/><U124/><E124/><V78/><F125/><W63/><G18/><T135/><D135/><U7/><E8/><V88/><F57/><W44/><G49/><N who="0" m="18443" /><D2/><U28/><REACH who="1" step="1"/><E90/><REACH who="1" ten="294,249,294,153" step="2"/><V3/><F111/><W87/><G87/><N who="0" m="48543" /><D9/><U45/><E45/><V114/><F114/><W33/><G33/><AGARI ba="0,1" hai="0,7,11,20,21,22,24,25,27,28,33,97,101,105" machi="33" ten="40,8000,1" yaku="1,1,52,3,53,0" doraHai="17" doraHaiUra="76" who="1" fromWho="3" sc="294,0,249,90,294,0,153,-80" owari="294,9.0,339,45.0,294,-11.0,73,-43.0" /></mjloggm>