<mjloggm ver="2.3"><GO type="97" lobby="0"/><UN n0="%E9%99%B8%E5%A5%A5%E9%9B%80%E5%A3%AB%EF%BC%A1%EF%BC%A9%EF%BC%B2" n1="%E3%82%A6%E3%82%A3%E3%83%B3%44" n2="%6E%6F%69%72%39%39%39%39" n3="%E5%B0%B1%E6%B4%BB%E7%94%9F%40%E5%B7%9D%E6%9D%91%E8%BB%8D%E5%9B%A3" dan="14,15,13,15" rate="1941.29,1966.03,1894.94,2029.41" sx="M,M,M,M"/><TAIKYOKU oya="0"/><INIT seed="0,0,0,5,4,97" ten="250,250,250,250" oya="0" hai0="41,119,37,115,67,108,3,2,55,125,63,36,72" hai1="89,86,73,110,35,94,135,90,122,91,132,33,56" hai2="68,57,11,25,18,117,118,19,76,99,96,12,130" hai3="114,60,24,21,75,95,32,116,79,8,93,98,120"/><T82/><D119/><N who="2" m="45578" /><F68/><W28/><G116/><T20/><D115/><U101/><E122/><V59/><F130/><W1/><G114/><T126/><D20/><U47/><E73/><V128/><F128/><W65/><G120/><T109/><D55/><U30/><E110/><N who="0" m="42601" /><D72/><U100/><E56/><N who="2" m="21579" /><F76/><W105/><G75/><T52/><D82/><N who="1" m="49367" /><E47/><V17/><F25/><W62/><G79/><T44/><D52/><U131/><E131/><V54/><F54/><W106/><G62/><T87/><D87/><N who="1" m="52575" /><E91/><V15/><F11/><W51/><G32/><T83/><D83/><U71/><E71/><V34/><F34/><W92/><G8/><T58/><D36/><U4/><E4/><V48/><F48/><W31/><G51/><T129/><D129/><U74/><E74/><V46/><F46/><W102/><G106/><T53/><D67/><U13/><E13/><AGARI ba="0,0" hai="12,13,15,17,18,19,96,99" m="21579,45578" machi="13" ten="40,5200,0" yaku="28,2,12,1" doraHai="97" who="2" fromWho="1" sc="250,0,250,-52,250,52,250,0" /><INIT seed="1,0,0,1,3,70" ten="250,198,302,250" oya="1" hai0="77,112,12,126,87,35,61,56,41,88,96,26,135" hai1="14,116,28,60,92,78,71,79,99,119,7,59,95" hai2="64,129,38,18,72,47,74,48,1,121,80,58,107" hai3="16,67,81,66,24,0,85,65,52,51,106,57,40"/><U2/><E71/><V73/><F121/><W44/><G106/><T76/><D112/><U127/><E127/><V23/><F107/><W45/><G0/><T36/><D126/><U83/><E2/><V131/><F1/><W115/><G115/><T30/><D135/><U100/><E28/><V63/><F80/><W49/><G44/><T25/><D25/><U125/><E125/><V42/><REACH who="2" step="1"/><F48/><REACH who="2" ten="250,198,292,250" step="2"/><W39/><G39/><T31/><D76/><U17/><E7/><V109/><F109/><W11/><G49/><T82/><D77/><U69/><E69/><V6/><F6/><W55/><G57/><T98/><D56/><U97/><E119/><V94/><F94/><W110/><G110/><T13/><D82/><U46/><E83/><V37/><F37/><W117/><G117/><T50/><D36/><U122/><E46/><V4/><F4/><W27/><G40/><T15/><D50/><U53/><E116/><V133/><F133/><W128/><G51/><T124/><D124/><U22/><REACH who="1" step="1"/><E122/><REACH who="1" ten="250,188,292,250" step="2"/><V91/><F91/><AGARI ba="0,2" hai="14,17,22,53,59,60,78,79,91,92,95,97,99,100" machi="91" ten="30,11600,0" yaku="1,1,2,1,7,1,8,1,53,0" doraHai="70" doraHaiUra="3" who="1" fromWho="2" sc="250,0,188,136,292,-116,250,0" /><INIT seed="1,1,0,2,1,122" ten="250,324,176,250" oya="1" hai0="84,25,106,92,56,58,98,96,110,67,2,62,64" hai1="34,23,76,119,124,38,13,107,111,120,21,116,16" hai2="114,49,60,81,47,44,86,95,80,5,93,108,9" hai3="14,41,50,48,115,121,131,57,46,130,61,101,1"/><U15/><E107/><V4/><F114/><W77/><G1/><T91/><D2/><U53/><E38/><V135/><F135/><W18/><G77/><T3/><D3/><U31/><E120/><V7/><F9/><W79/><G79/><T20/><D106/><U132/><E76/><V42/><F60/><W133/><G121/><T103/><D110/><U134/><E53/><V66/><F66/><W129/><G115/><T37/><D37/><U82/><E82/><V126/><F126/><W35/><G35/><T43/><D43/><U118/><E124/><V26/><F108/><W71/><G101/><T102/><D84/><U94/><E94/><V128/><F128/><W74/><G74/><T19/><D98/><U32/><E111/><V87/><F26/><W99/><G99/><T27/><D25/><N who="1" m="16815" /><E15/><V22/><F22/><N who="3" m="11607" /><G133/><AGARI ba="1,0" hai="13,16,23,32,34,116,118,119,132,133,134" m="16815" machi="133" ten="40,12000,1" yaku="20,1,34,2,54,1" doraHai="122" who="1" fromWho="3" sc="250,0,324,123,176,0,250,-123" /><INIT seed="1,2,0,4,0,110" ten="250,447,176,127" oya="1" hai0="108,94,59,111,34,85,10,119,115,135,55,31,129" hai1="2,105,17,6,99,15,66,124,68,101,84,45,107" hai2="118,51,87,4,125,109,50,57,49,22,27,73,98" hai3="64,83,12,133,36,43,63,95,26,112,39,35,54"/><U29/><E124/><V82/><F73/><W102/><G133/><T56/><D135/><U93/><E84/><V106/><F118/><W88/><G112/><T33/><D119/><U5/><E29/><V0/><F109/><W79/><G102/><T46/><D129/><U76/><E76/><V42/><F125/><W38/><G54/><T100/><D10/><U53/><E68/><V81/><F42/><W123/><G123/><T78/><D100/><U134/><E66/><V77/><F81/><W40/><G12/><T14/><D14/><U1/><E53/><V128/><F128/><W80/><G26/><T20/><D31/><U28/><E45/><V19/><F98/><W71/><G35/><T44/><D55/><U52/><E28/><V23/><F106/><W9/><G9/><T122/><D85/><U104/><E99/><V47/><F57/><W72/><REACH who="3" step="1"/><G80/><REACH who="3" ten="250,447,176,117" step="2"/><T117/><D34/><U3/><E101/><V8/><F23/><W91/><G91/><T62/><D33/><U61/><E15/><V13/><F0/><W11/><G11/><T126/><D20/><U67/><E3/><V97/><F97/><AGARI ba="2,1" hai="36,38,39,40,43,63,64,71,72,79,83,88,95,97" machi="97" ten="40,2600,0" yaku="1,1,54,1,53,0" doraHai="110" doraHaiUra="130" who="3" fromWho="2" sc="250,0,447,0,176,-32,117,42" /><INIT seed="2,0,0,3,2,101" ten="250,447,144,159" oya="2" hai0="16,124,69,62,12,45,61,35,10,60,46,121,2" hai1="118,131,135,78,111,81,112,41,133,105,83,99,92" hai2="63,64,1,47,7,14,110,42,3,59,13,38,126" hai3="85,128,100,120,50,88,86,117,55,94,18,44,20"/><V24/><F126/><W40/><G120/><T82/><D35/><U23/><E112/><V96/><F110/><W129/><G117/><T25/><D69/><U109/><E118/><V108/><F108/><N who="1" m="41545" /><E105/><V73/><F73/><W98/><G40/><T6/><D124/><U57/><E131/><N who="3" m="50250" /><G100/><T72/><D25/><AGARI ba="0,0" hai="18,20,25,44,50,55,85,86,88,94,98" m="50250" machi="25" ten="30,2000,0" yaku="19,1,54,1" doraHai="101" who="3" fromWho="0" sc="250,-20,447,0,144,0,159,20" /><INIT seed="3,0,0,5,0,77" ten="230,447,144,179" oya="3" hai0="94,106,120,70,66,35,16,101,72,44,59,62,15" hai1="91,123,93,29,51,8,95,32,47,42,134,14,88" hai2="108,58,17,38,12,105,34,54,97,61,55,56,36" hai3="96,39,124,25,103,107,132,43,80,126,60,117,2"/><W67/><G2/><T22/><D120/><U0/><E123/><V79/><F34/><W125/><G117/><T90/><D35/><U78/><E0/><V5/><F5/><W122/><G122/><T64/><D72/><U99/><E78/><V24/><F24/><W30/><G132/><T119/><D119/><U116/><E116/><V1/><F1/><W18/><G18/><T45/><D106/><U127/><E127/><V112/><F112/><W131/><G131/><T115/><D115/><U130/><E130/><V82/><F108/><W102/><G102/><T13/><D101/><U85/><E32/><V98/><F105/><W71/><G43/><T19/><D66/><U57/><E29/><V46/><F38/><W41/><G41/><T50/><D50/><U63/><E134/><V10/><F46/><W65/><G65/><T23/><D70/><U118/><E118/><V49/><REACH who="2" step="1"/><F36/><REACH who="2" ten="230,447,134,179" step="2"/><W87/><G39/><T135/><D135/><U9/><E14/><V20/><F20/><W92/><G107/><T86/><AGARI ba="0,1" hai="13,15,16,19,22,23,44,45,59,62,64,86,90,94" machi="86" ten="20,8000,1" yaku="0,1,7,1,9,1,8,1,54,1" doraHai="77" who="0" fromWho="0" sc="230,90,447,-20,134,-20,179,-40" owari="320,12.0,427,53.0,114,-39.0,139,-26.0" /></mjloggm>