<mjloggm ver="2.3"><GO type="169" lobby="0"/><UN n0="%E3%82%A6%E3%83%AB%E3%83%88%E3%83%A9%E7%AB%8B%E7%9B%B4" n1="%E3%81%AE%E3%81%A1%E3%82%86%E3%82%93" n2="%E3%81%86%E3%81%83%E3%83%BC%E3%81%A1%E3%82%83%E3%82%93" n3="%E3%83%99%E3%82%BF%E3%82%AA%E3%83%AA%E3%82%B9%E3%82%AF" dan="18,16,16,17" rate="2203.52,2088.76,2152.95,2204.46" sx="M,M,M,M"/><TAIKYOKU oya="0"/><INIT seed="0,0,0,2,3,79" ten="250,250,250,250" oya="0" hai0="85,21,124,99,133,113,49,55,3,104,107,109,127" hai1="119,100,14,117,74,0,121,38,62,39,64,7,129" hai2="52,51,58,20,61,25,26,94,34,76,125,88,65" hai3="33,13,43,18,132,44,67,59,15,128,93,106,42"/><T16/><D3/><U105/><E14/><V57/><F125/><N who="0" m="48202" /><D113/><U135/><E121/><V95/><F76/><W97/><G33/><T60/><D133/><U90/><E90/><V24/><F34/><W41/><G106/><T27/><D109/><U86/><E86/><V37/><F37/><W126/><G128/><T69/><D99/><N who="1" m="61599" /><E135/><V68/><F95/><W81/><G126/><T120/><D120/><U78/><E129/><V8/><F8/><W130/><G132/><T102/><D102/><U23/><E23/><V11/><F11/><W32/><G32/><T89/><D60/><U84/><E84/><V22/><REACH who="2" step="1"/><F68/><REACH who="2" ten="250,250,240,250" step="2"/><W110/><G130/><T56/><D69/><N who="1" m="42135" /><E119/><V12/><F12/><W82/><G15/><T98/><D98/><AGARI ba="0,1" hai="20,22,24,25,26,51,52,57,58,61,65,88,94,98" machi="98" ten="40,8000,1" yaku="1,1,8,1,54,2,53,0" doraHai="79" doraHaiUra="73" who="2" fromWho="0" sc="250,-80,250,0,240,90,250,0" /><INIT seed="1,0,0,3,0,109" ten="170,250,330,250" oya="1" hai0="77,70,122,89,44,90,39,45,82,7,97,74,12" hai1="16,84,133,4,38,58,31,120,66,50,34,20,60" hai2="59,49,55,101,80,26,35,119,108,15,22,94,28" hai3="0,24,100,132,107,78,46,131,57,105,37,130,9"/><U5/><E120/><V33/><F108/><W126/><G126/><T124/><D122/><U53/><E38/><V40/><F119/><W102/><G132/><T127/><D70/><U68/><E133/><V103/><F40/><N who="3" m="22799" /><G78/><T91/><D97/><U25/><REACH who="1" step="1"/><E84/><REACH who="1" ten="170,240,330,250" step="2"/><V41/><F35/><W113/><G131/><T85/><D85/><U121/><E121/><V96/><F33/><W81/><G130/><T14/><D39/><U114/><E114/><V61/><F80/><W72/><G113/><T47/><REACH who="0" step="1"/><D7/><REACH who="0" ten="160,240,330,250" step="2"/><U27/><AGARI ba="0,2" hai="4,5,16,20,25,27,31,34,50,53,58,60,66,68" machi="27" ten="20,12000,1" yaku="1,1,0,1,7,1,54,1,53,1" doraHai="109" doraHaiUra="48" who="1" fromWho="1" sc="160,-40,240,140,330,-40,250,-40" /><INIT seed="1,1,0,1,3,24" ten="120,380,290,210" oya="1" hai0="78,16,121,84,36,124,41,130,107,116,21,92,14" hai1="62,108,30,98,23,69,97,87,85,112,10,29,101" hai2="114,20,91,25,75,72,95,132,33,49,17,111,39" hai3="8,83,61,77,19,22,117,100,11,53,89,45,113"/><U103/><E112/><V6/><F132/><W34/><G34/><T12/><D116/><U68/><E108/><V105/><F114/><W106/><G113/><T99/><D124/><U128/><E128/><V134/><F134/><W54/><G54/><T123/><D130/><U50/><E50/><V52/><F111/><W64/><G89/><T74/><D41/><U90/><E10/><V135/><F135/><W133/><G117/><T37/><D12/><U31/><E23/><V26/><F105/><W3/><G3/><T86/><D86/><N who="1" m="32779" /><E90/><V4/><F39/><W43/><G53/><T32/><D32/><U110/><E110/><V55/><F75/><W109/><G109/><T9/><D9/><U35/><E35/><V47/><F55/><W7/><G7/><T93/><D74/><U56/><E56/><V104/><F104/><W126/><G126/><T5/><D107/><U1/><E62/><V48/><F48/><W18/><G133/><T70/><D5/><U0/><E0/><V46/><F72/><N who="3" m="43431" /><G106/><T38/><D70/><N who="1" m="27243" /><E1/><V125/><F125/><W80/><G11/><T96/><D78/><U60/><E60/><V58/><F4/><W127/><G8/><T94/><REACH who="0" step="1"/><D84/><REACH who="0" ten="110,380,290,210" step="2"/><U67/><E67/><V13/><F33/><W28/><G64/><T40/><D40/><U82/><E82/><V63/><F6/><W44/><G80/><T76/><D76/><U27/><E27/><N who="2" m="10251" /><F63/><W81/><G61/><T122/><AGARI ba="1,1" hai="14,16,21,36,37,38,92,93,94,96,99,121,122,123" machi="122" ten="50,12000,2" yaku="1,1,0,1,29,2,13,1,54,1,53,1" doraHai="24" doraHaiUra="15" who="0" fromWho="0" sc="110,133,380,-61,290,-31,210,-31" /><INIT seed="2,0,0,2,0,95" ten="243,319,259,179" oya="2" hai0="30,67,129,79,33,52,107,37,118,108,14,112,21" hai1="28,99,97,39,51,69,96,82,25,103,54,48,125" hai2="19,121,1,133,7,80,53,113,56,83,76,9,65" hai3="114,132,74,3,61,20,17,124,120,36,29,100,91"/><V123/><F113/><W62/><G120/><T86/><D112/><U115/><E39/><V68/><F133/><W126/><G114/><T85/><D37/><U40/><E69/><V35/><F35/><W60/><G132/><T81/><D129/><U106/><E115/><V78/><F19/><W101/><G3/><T122/><D122/><U44/><E82/><V24/><F24/><W46/><G74/><T104/><D108/><U64/><E64/><V11/><F65/><W63/><G29/><T77/><D118/><U50/><E125/><V131/><F68/><W111/><G111/><T22/><D67/><U16/><E16/><V94/><F94/><W98/><G36/><T5/><D52/><U117/><E50/><V130/><F53/><W73/><G73/><T43/><D43/><U70/><E70/><V102/><F102/><W116/><G116/><T27/><D33/><U105/><E105/><V42/><F42/><W127/><N who="3" m="15360" /><DORA hai="110" /><W90/><G46/><T93/><D22/><U59/><E117/><V0/><F56/><W135/><G135/><T134/><D134/><U38/><E38/><V72/><F72/><W84/><G84/><T15/><D5/><AGARI ba="0,0" hai="0,1,5,7,9,11,76,78,80,83,121,123,130,131" machi="5" ten="25,2400,0" yaku="22,2" doraHai="95,110" who="2" fromWho="0" sc="243,-24,319,0,259,24,179,0" /><INIT seed="2,1,0,3,5,22" ten="219,319,283,179" oya="2" hai0="28,44,59,14,30,103,2,123,97,102,67,126,131" hai1="70,87,106,77,19,60,125,88,94,89,50,118,33" hai2="16,39,111,26,8,81,83,104,54,64,34,1,92" hai3="112,130,31,86,36,61,24,127,124,79,68,78,133"/><V3/><F104/><W109/><G36/><T121/><D2/><U5/><E106/><V62/><F39/><W74/><G74/><T129/><D126/><N who="3" m="48169" /><G109/><T25/><D14/><U120/><E118/><V98/><F111/><W115/><G133/><T128/><D44/><U47/><E125/><V71/><F54/><W100/><G100/><T73/><D73/><U9/><E33/><V135/><F135/><W56/><G68/><T52/><D67/><U46/><E77/><N who="3" m="29194" /><G86/><T38/><D38/><U57/><E70/><V84/><F84/><W122/><G130/><T69/><D30/><U66/><E120/><N who="0" m="46153" /><D97/><U49/><E19/><V0/><F34/><N who="3" m="20839" /><G122/><T15/><D69/><U117/><E117/><V80/><F8/><W29/><G29/><T18/><D18/><U99/><E47/><V20/><REACH who="2" step="1"/><F0/><REACH who="2" ten="219,319,273,179" step="2"/><W113/><G113/><T58/><D131/><U21/><E87/><V35/><F35/><W51/><G51/><T40/><D128/><U116/><E116/><V95/><F95/><W90/><G115/><T108/><D129/><U53/><E49/><V114/><F114/><W43/><G112/><T55/><D108/><U101/><E21/><V48/><F48/><W45/><G43/><T72/><D40/><U32/><E32/><V41/><F41/><W12/><G61/><T110/><D110/><U85/><E85/><V4/><F4/><W37/><G37/><T6/><D72/><U119/><E119/><V93/><F93/><W7/><G7/><T75/><D75/><U91/><E5/><V76/><F76/><W13/><G45/><T105/><D6/><RYUUKYOKU ba="1,1" sc="219,-15,319,15,273,15,179,-15" hai1="9,46,50,53,57,60,66,88,89,91,94,99,101" hai2="1,3,16,20,26,62,64,71,80,81,83,92,98" /><INIT seed="2,2,1,1,2,72" ten="204,334,288,164" oya="2" hai0="115,95,1,130,16,11,75,111,69,114,17,100,45" hai1="70,133,14,24,52,126,15,81,43,94,66,61,82" hai2="134,12,101,79,47,116,22,127,54,21,68,104,103" hai3="108,5,90,87,6,107,42,92,33,102,119,26,117"/><V97/><F116/><W56/><G108/><T38/><D69/><U59/><E126/><V86/><F127/><W23/><G33/><T64/><D64/><U19/><E133/><V7/><F68/><W60/><G42/><T57/><D57/><U83/><E43/><V128/><F128/><W129/><G129/><T98/><D130/><U51/><E94/><V85/><F134/><W135/><G135/><T112/><D111/><U89/><E89/><V93/><F104/><W58/><G119/><T37/><D75/><U4/><E4/><V35/><F35/><W41/><G41/><T67/><D67/><U109/><E109/><V123/><F103/><W27/><G58/><T121/><D121/><U28/><REACH who="1" step="1"/><E19/><REACH who="1" ten="204,324,288,164" step="2"/><V39/><F123/><W46/><G117/><T110/><D110/><U120/><E120/><V48/><F39/><W63/><G107/><T2/><D38/><U77/><E77/><V25/><F7/><W65/><G102/><T29/><D37/><U9/><E9/><V113/><F79/><W131/><G131/><T96/><D11/><U34/><AGARI ba="2,2" hai="14,15,24,28,34,51,52,59,61,66,70,81,82,83" machi="34" ten="30,8000,1" yaku="1,1,0,1,54,1,53,2" doraHai="72" doraHaiUra="10" who="1" fromWho="1" sc="204,-22,324,106,288,-42,164,-22" /><INIT seed="3,0,0,4,0,118" ten="182,430,246,142" oya="3" hai0="17,132,121,13,9,105,3,50,41,108,29,133,120" hai1="43,76,135,88,124,2,30,57,67,90,85,34,37" hai2="128,110,96,127,45,93,71,69,54,97,119,113,47" hai3="25,98,107,74,75,111,87,109,28,115,44,131,79"/><W63/><G115/><T116/><D105/><U84/><E2/><V104/><F119/><W23/><G131/><T89/><D116/><U122/><E124/><V64/><F93/><W5/><G5/><T91/><D29/><U68/><E68/><V86/><F86/><W101/><G44/><N who="0" m="25871" /><D3/><U20/><E34/><V117/><F117/><W66/><G87/><T35/><D35/><U11/><E11/><V22/><F22/><W6/><G6/><T125/><D125/><U100/><E100/><V129/><F64/><W126/><G126/><T49/><D49/><U7/><E7/><V48/><F127/><W62/><G62/><T130/><D130/><N who="2" m="50282" /><F104/><W21/><G21/><T33/><D33/><U92/><E76/><V56/><F113/><W27/><G27/><T102/><D102/><U53/><E67/><V72/><F72/><W36/><G36/><T4/><D4/><U82/><E20/><V65/><F110/><N who="3" m="41995" /><G79/><T14/><D14/><U46/><E30/><V99/><F71/><AGARI ba="0,0" hai="23,25,28,63,66,71,74,75,98,101,107" m="41995" machi="71" ten="30,2900,0" yaku="14,1,10,1" doraHai="118" who="3" fromWho="2" sc="182,0,430,0,246,-29,142,29" /><INIT seed="3,1,0,4,5,121" ten="182,430,217,171" oya="3" hai0="14,134,32,40,25,56,16,30,85,133,93,100,114" hai1="129,90,24,116,130,132,82,103,37,53,72,36,77" hai2="31,48,38,86,62,47,19,70,50,39,33,106,83" hai3="127,105,13,60,69,57,58,49,12,21,135,99,108"/><W51/><G69/><T46/><D114/><U59/><E132/><V95/><F106/><W88/><G127/><T119/><D119/><U7/><E116/><V81/><F19/><W4/><G135/><T94/><D56/><U128/><E103/><V66/><F95/><N who="3" m="56807" /><G105/><T89/><D94/><U98/><E7/><V117/><F117/><W104/><G104/><T9/><REACH who="0" step="1"/><D100/><REACH who="0" ten="172,430,217,171" step="2"/><U124/><E59/><V118/><F118/><W67/><G58/><T45/><D45/><U41/><E129/><V15/><F47/><W102/><G102/><T55/><D55/><U43/><E53/><V126/><F70/><W42/><G42/><T8/><D8/><U10/><E10/><V123/><F123/><W107/><G107/><T92/><D92/><U84/><E43/><V1/><F126/><W101/><G101/><T27/><D27/><U78/><E24/><V22/><F66/><W125/><G125/><T34/><D34/><U63/><E124/><V97/><F33/><W113/><G113/><T3/><D3/><U11/><E11/><V91/><F1/><W52/><G67/><T65/><D65/><U68/><E68/><V23/><F83/><W35/><G35/><T74/><D74/><U71/><E72/><V5/><F81/><W112/><G112/><T122/><D122/><U109/><E71/><V18/><F15/><W6/><G13/><T44/><D44/><U75/><E41/><V26/><F26/><W0/><G0/><T29/><D29/><U79/><E130/><V2/><F31/><W20/><G12/><T17/><D17/><U61/><E128/><RYUUKYOKU ba="1,1" sc="172,30,430,-10,217,-10,171,-10" hai0="9,14,16,25,30,32,40,46,85,89,93,133,134" /><INIT seed="4,2,1,1,1,107" ten="202,420,207,161" oya="0" hai0="44,90,6,27,12,92,51,17,34,112,38,69,11" hai1="119,8,76,98,132,77,85,131,102,33,59,14,115" hai2="31,45,50,108,134,47,105,64,130,93,13,55,60" hai3="97,3,116,40,74,100,101,117,104,88,19,71,56"/><T48/><D69/><U120/><E33/><V126/><F105/><W122/><G71/><T16/><D112/><U109/><E109/><V52/><F108/><W1/><G100/><T80/><D80/><U70/><E70/><V5/><F126/><W7/><G122/><T113/><D113/><U65/><E119/><V89/><F130/><W78/><G3/><T121/><D121/><U36/><E85/><V9/><F134/><W62/><G19/><T67/><D67/><U99/><E36/><V128/><F31/><W96/><G40/><T61/><D61/><U111/><E59/><V15/><F128/><W124/><G124/><T0/><D38/><U72/><E14/><N who="2" m="5423" /><F64/><W114/><G114/><T133/><D133/><U57/><E98/><V35/><F35/><W86/><G97/><T135/><D135/><U10/><E77/><V66/><F66/><N who="3" m="39239" /><G7/><T41/><D0/><U22/><E57/><N who="2" m="34855" /><F47/><W28/><G28/><T21/><D34/><U43/><E120/><V25/><F25/><W32/><G32/><T125/><D125/><U123/><E123/><V129/><F129/><W94/><G1/><T83/><D83/><AGARI ba="2,1" hai="74,78,83,86,88,94,96,101,104,116,117" m="39239" machi="83" ten="30,3900,0" yaku="24,1,52,1,54,1" doraHai="107" who="3" fromWho="0" sc="202,-45,420,0,207,0,161,55" /><INIT seed="5,0,0,3,1,22" ten="157,420,207,216" oya="1" hai0="34,41,70,96,77,24,123,87,94,84,106,19,80" hai1="113,27,3,100,89,55,50,16,111,101,118,42,7" hai2="109,112,66,119,9,44,32,51,86,114,74,67,33" hai3="125,82,47,83,121,85,52,98,53,90,2,88,49"/><U95/><E118/><V78/><F109/><W68/><G68/><T127/><D127/><U115/><E42/><V81/><F119/><W13/><G2/><T6/><D123/><U59/><E7/><V131/><F131/><W135/><G121/><T58/><D70/><U72/><E3/><V11/><F74/><W91/><G135/><T54/><D6/><U105/><E72/><V129/><F129/><W71/><G71/><T8/><D41/><U46/><E46/><V31/><F9/><W76/><G125/><T134/><D134/><U30/><E16/><V120/><F11/><W17/><G53/><T15/><D106/><U35/><E105/><V126/><F126/><W37/><G37/><T102/><D87/><U122/><E122/><V25/><F33/><W107/><G107/><T132/><D132/><U62/><E62/><V61/><F61/><W14/><G14/><T18/><D34/><U43/><E43/><N who="2" m="24991" /><F120/><W36/><G36/><T60/><REACH who="0" step="1"/><D19/><REACH who="0" ten="147,420,207,216" step="2"/><U104/><E104/><V133/><F133/><W1/><G1/><T20/><D20/><U124/><E124/><V73/><F73/><W128/><G128/><T48/><D48/><U21/><E35/><V26/><F32/><W57/><G83/><T103/><D103/><U108/><E100/><V69/><F69/><W93/><G47/><T99/><D99/><N who="1" m="57839" /><E101/><V38/><F38/><W64/><G17/><T40/><D40/><U75/><E75/><V117/><F117/><W12/><G85/><T79/><D79/><U39/><E39/><V29/><F86/><N who="3" m="52471" /><G76/><T56/><D56/><U23/><E111/><RYUUKYOKU ba="0,1" sc="147,30,420,-10,207,-10,216,-10" hai0="8,15,18,24,54,58,60,77,80,84,94,96,102" /><INIT seed="6,1,1,0,4,42" ten="177,410,197,206" oya="2" hai0="102,117,19,14,104,103,85,61,110,127,94,98,32" hai1="54,25,96,44,62,3,129,16,11,109,105,65,55" hai2="26,116,73,84,34,52,28,33,46,95,125,35,130" hai3="10,133,70,67,132,39,71,100,40,93,135,82,77"/><V23/><F116/><W108/><G67/><T88/><D110/><U91/><E109/><V53/><F73/><N who="3" m="43311" /><G108/><T72/><D32/><U86/><E129/><V123/><F123/><W4/><G40/><T115/><D72/><U101/><E3/><V18/><F125/><W78/><G78/><T5/><D127/><U134/><E134/><V48/><F130/><W90/><G39/><T83/><D117/><U15/><E25/><V118/><F118/><W128/><G100/><N who="0" m="60503" /><D104/><U124/><E124/><V0/><F0/><N who="3" m="263" /><G128/><T75/><D75/><U50/><E65/><V20/><F53/><W99/><AGARI ba="1,1" hai="70,71,90,93,99,132,133,135" m="263,43311" machi="99" ten="30,1100,0" yaku="20,1" doraHai="42" who="3" fromWho="3" sc="177,-4,410,-4,197,-6,206,24" /><INIT seed="7,0,0,2,1,93" ten="173,406,191,230" oya="3" hai0="64,113,124,8,126,79,108,57,50,95,81,82,16" hai1="51,60,0,128,19,26,56,89,17,39,106,9,101" hai2="110,31,76,67,44,18,36,132,122,53,12,24,74" hai3="129,98,34,5,2,105,42,100,134,23,112,86,32"/><W87/><G112/><T55/><D108/><U133/><E39/><V73/><F110/><W85/><G134/><T91/><D64/><U107/><E133/><V49/><F132/><W75/><G75/><T135/><D135/><U97/><E128/><V84/><F122/><W120/><G120/><T70/><D70/><U29/><E51/><V114/><F36/><W62/><G42/><T27/><D113/><U80/><E107/><V69/><F114/><W14/><G2/><T48/><D48/><U115/><E115/><V40/><F40/><W109/><G62/><T58/><D58/><U77/><E89/><V46/><F46/><W11/><G109/><T68/><D68/><U66/><E9/><V13/><F67/><W121/><G121/><T45/><D45/><U59/><E59/><V22/><F69/><W63/><G63/><T99/><D79/><U71/><E56/><V88/><F76/><W15/><G129/><T102/><D102/><U65/><E65/><V96/><F96/><W47/><G47/><T43/><D43/><U92/><E0/><V90/><F90/><W116/><G116/><T37/><D37/><U130/><E130/><V41/><F41/><W123/><G123/><T1/><D1/><U117/><E106/><V78/><F78/><W3/><G3/><T54/><D54/><U111/><E117/><V7/><F7/><W21/><G5/><T72/><D72/><N who="2" m="27754" /><F31/><W83/><G100/><T52/><D55/><U35/><E111/><V125/><F125/><N who="0" m="48234" /><D8/><U104/><E104/><V38/><F38/><W25/><G105/><T10/><D10/><RYUUKYOKU ba="0,0" sc="173,10,406,10,191,10,230,-30" hai0="16,27,50,52,57,81,82,91,95,99" hai1="17,19,26,29,35,60,66,71,77,80,92,97,101" hai2="12,13,18,22,24,44,49,53,84,88" owari="183,-32.0,416,52.0,201,0.0,200,-20.0" /></mjloggm>