<mjloggm ver="2.3"><GO type="41" lobby="0"/><UN n0="%7A%65%6B%6B%69%65" n1="%E5%B0%B1%E6%B4%BB%E7%94%9F%40%E5%B7%9D%E6%9D%91%E8%BB%8D%E5%9B%A3" n2="%E3%80%90%E4%BF%9D%E5%AE%88%E7%B2%BE%E7%A5%9E%E3%80%91" n3="%70%69%6E%66%75%74%75%6D" dan="13,15,13,14" rate="1854.11,2000.57,1973.35,1948.88" sx="M,M,M,M"/><TAIKYOKU oya="0"/><INIT seed="0,0,0,4,5,94" ten="250,250,250,250" oya="0" hai0="27,8,121,17,89,0,130,67,82,90,37,71,120" hai1="118,22,88,5,85,38,115,49,12,2,48,69,100" hai2="63,102,3,106,128,53,16,80,52,132,92,117,129" hai3="11,58,105,28,101,110,87,19,59,98,111,23,74"/><T13/><D130/><N who="2" m="50282" /><F3/><W57/><G74/><T55/><D37/><U46/><E118/><V6/><F6/><W112/><G112/><T119/><D119/><U21/><E115/><V42/><F42/><W103/><G87/><T51/><D0/><U77/><E2/><V124/><F117/><W91/><G91/><T79/><D71/><U109/><E69/><V95/><F132/><W127/><G127/><T96/><D67/><U126/><E38/><V30/><F30/><W45/><G45/><T93/><D27/><U39/><E39/><V83/><F124/><W44/><G44/><T78/><D78/><U33/><E33/><V15/><F63/><W116/><G116/><T10/><D10/><U73/><E48/><V64/><F64/><W18/><G101/><T134/><D134/><U114/><E49/><V81/><F106/><W20/><G11/><T61/><D61/><U43/><E21/><N who="2" m="11423" /><F95/><W131/><G131/><T125/><D125/><U14/><E22/><N who="3" m="8234" /><G28/><T56/><D120/><U133/><E43/><V26/><F26/><W135/><G135/><T34/><D34/><U97/><E5/><V29/><F29/><W108/><AGARI ba="0,0" hai="18,19,57,58,59,98,103,105,108,110,111" m="8234" machi="108" ten="40,2700,0" yaku="14,1,52,1" doraHai="94" who="3" fromWho="3" sc="250,-13,250,-7,250,-7,250,27" /><INIT seed="1,0,0,1,1,107" ten="237,243,243,277" oya="1" hai0="28,27,5,38,126,130,87,114,115,19,25,78,105" hai1="118,116,23,97,72,55,44,101,9,31,98,131,15" hai2="45,61,120,64,67,6,132,92,112,11,95,0,20" hai3="49,110,39,82,4,119,52,1,102,37,128,53,121"/><U70/><E70/><V41/><F120/><W36/><G121/><T43/><D105/><U57/><E131/><V60/><F132/><W129/><G119/><T71/><D71/><U90/><E44/><V29/><F112/><W73/><G102/><T14/><D130/><N who="3" m="50281" /><G110/><T62/><D126/><U117/><E90/><V30/><F30/><W66/><G66/><T75/><D62/><U34/><E34/><V50/><F20/><W123/><G123/><T80/><D5/><U13/><E13/><V2/><F29/><W108/><G108/><T22/><D87/><U89/><E89/><V46/><F46/><N who="3" m="27703" /><G53/><T125/><D125/><U18/><E101/><V58/><REACH who="2" step="1"/><F0/><REACH who="2" ten="237,243,233,277" step="2"/><W42/><G1/><T86/><D27/><U10/><E31/><V133/><F133/><W59/><G59/><AGARI ba="0,1" hai="2,6,11,41,45,50,58,59,60,61,64,67,92,95" machi="59" ten="30,3900,0" yaku="1,1,7,1,9,1,53,0" doraHai="107" doraHaiUra="84" who="2" fromWho="3" sc="237,0,243,0,233,49,277,-39" /><INIT seed="2,0,0,2,1,79" ten="237,243,282,238" oya="2" hai0="41,91,123,50,89,84,132,74,52,130,68,112,100" hai1="42,61,46,135,24,98,12,121,9,55,60,125,0" hai2="88,45,113,33,76,14,109,102,18,93,97,3,69" hai3="99,63,16,77,94,26,101,38,124,34,111,53,134"/><V82/><F69/><W129/><G111/><T110/><D74/><U86/><E0/><V72/><F33/><W8/><G38/><T49/><D110/><U27/><E121/><V17/><F3/><W103/><G134/><T22/><D130/><U10/><E125/><V25/><F113/><W126/><G129/><T92/><D68/><U116/><E116/><V31/><F109/><W35/><G103/><T118/><D118/><U6/><E135/><V105/><F45/><W85/><G63/><T80/><D132/><U19/><E98/><V39/><F14/><W106/><G53/><T58/><D112/><U43/><E43/><V114/><F39/><W96/><G96/><N who="0" m="59399" /><D123/><U30/><E86/><N who="2" m="52375" /><F114/><W131/><G131/><T48/><D41/><U47/><E47/><V127/><F127/><N who="3" m="48683" /><G106/><T32/><D32/><U65/><E55/><V108/><F108/><W15/><G26/><T13/><D91/><U44/><E44/><V95/><F95/><W36/><G36/><T87/><D87/><U51/><E30/><V75/><F75/><W66/><G66/><T4/><D4/><U104/><E104/><V128/><F128/><W56/><G56/><T7/><D7/><U90/><E90/><V1/><F1/><W57/><G57/><T117/><D117/><U5/><E5/><V78/><F78/><W107/><G107/><T21/><D13/><N who="1" m="5303" /><E65/><V54/><F54/><W37/><G37/><T23/><AGARI ba="0,0" hai="21,22,23,48,49,50,52,58,80,84,89" m="59399" machi="23" ten="30,4000,0" yaku="8,1,52,1,54,1" doraHai="79" who="0" fromWho="0" sc="237,40,243,-10,282,-20,238,-10" /><INIT seed="3,0,0,3,4,129" ten="277,233,262,228" oya="3" hai0="127,19,103,0,110,126,30,54,106,9,29,20,63" hai1="79,69,98,2,53,60,81,114,134,72,115,51,45" hai2="124,40,133,117,3,107,26,36,5,97,87,88,122" hai3="70,111,33,37,17,95,4,90,71,83,18,66,104"/><W100/><G33/><T85/><D110/><U39/><E2/><V24/><F117/><W61/><G37/><T96/><D85/><U125/><E125/><N who="0" m="47625" /><D9/><U8/><E39/><V12/><F124/><W102/><G4/><T94/><D0/><U109/><E109/><V73/><F73/><W25/><G71/><T38/><D38/><U119/><E119/><V11/><F3/><W86/><G111/><T105/><D30/><U41/><E8/><V68/><F68/><W65/><G65/><T43/><D29/><U58/><E69/><V14/><F122/><W78/><G104/><T113/><D43/><U13/><E13/><V67/><F14/><W101/><REACH who="3" step="1"/><G25/><REACH who="3" ten="277,233,262,218" step="2"/><N who="0" m="14495" /><D113/><U74/><E115/><V80/><F67/><W89/><G89/><T118/><D118/><U132/><E114/><V57/><F88/><W75/><AGARI ba="0,1" hai="17,18,61,66,70,75,78,83,86,90,95,100,101,102" machi="75" ten="30,3000,0" yaku="1,1,0,1,53,0" doraHai="129" doraHaiUra="93" who="3" fromWho="3" sc="277,-10,233,-10,262,-10,218,40" /><INIT seed="3,1,0,1,2,19" ten="267,223,252,258" oya="3" hai0="50,93,37,134,41,45,24,112,133,52,49,75,42" hai1="77,115,20,26,79,21,114,12,83,87,84,23,68" hai2="129,92,119,117,105,104,1,82,109,120,97,40,51" hai3="47,74,113,60,102,122,118,38,39,85,18,72,90"/><W88/><G118/><T63/><D75/><U36/><E68/><V55/><F1/><W2/><G2/><T128/><D93/><U107/><E36/><V3/><F3/><W95/><G122/><T106/><D24/><U7/><E107/><V131/><F40/><W69/><G113/><T54/><D106/><N who="2" m="41066" /><F109/><W9/><G102/><T17/><D17/><U34/><E34/><V43/><F43/><N who="0" m="16394" /><D112/><U130/><E130/><N who="2" m="49675" /><F82/><W28/><G28/><T35/><D35/><U53/><E53/><V89/><F120/><W30/><G30/><T81/><D81/><N who="1" m="47151" /><E115/><V100/><F100/><W98/><G47/><AGARI ba="1,0" hai="47,51,55,89,92,97,117,119" m="49675,41066" machi="47" ten="30,1000,0" yaku="19,1" doraHai="19" who="2" fromWho="3" sc="267,0,223,0,252,13,258,-13" /><INIT seed="4,0,0,2,1,3" ten="267,223,265,245" oya="0" hai0="14,48,92,7,131,51,12,20,10,61,46,134,39" hai1="74,97,132,125,76,60,13,15,94,114,123,43,62" hai2="50,89,9,1,75,24,127,109,120,84,101,11,122" hai3="93,40,19,128,73,129,104,45,90,95,118,36,33"/><T72/><D131/><U102/><E123/><V53/><F75/><W70/><G118/><T6/><D134/><U79/><E132/><V21/><F109/><W16/><G73/><T58/><D72/><U65/><E114/><V91/><F127/><W133/><G133/><T59/><D39/><U26/><E125/><V112/><F101/><W54/><G104/><T23/><D61/><U87/><E74/><V96/><F1/><W49/><G70/><T31/><D31/><U107/><E43/><V8/><F112/><W68/><G68/><T98/><D20/><U130/><E130/><N who="3" m="50282" /><G33/><T28/><D28/><U78/><E26/><V66/><F66/><W64/><G64/><T27/><D27/><U106/><E62/><V105/><F105/><W82/><G82/><T17/><D7/><U116/><E116/><V56/><F96/><N who="3" m="57399" /><G95/><T113/><D113/><U86/><E107/><V83/><REACH who="2" step="1"/><F91/><REACH who="2" ten="267,223,255,245" step="2"/><W34/><G34/><T124/><D124/><U110/><E110/><V52/><F52/><W37/><G54/><N who="0" m="29975" /><D51/><U38/><E38/><AGARI ba="0,1" hai="16,19,36,37,38,40,45,49" m="57399,50282" machi="38" ten="30,2000,0" yaku="19,1,54,1" doraHai="3" who="3" fromWho="1" sc="267,0,223,-20,255,0,245,30" /><INIT seed="5,0,0,0,1,97" ten="267,203,255,275" oya="1" hai0="55,14,63,16,81,78,121,86,88,21,110,27,49" hai1="108,32,92,106,84,46,123,44,56,36,35,118,30" hai2="133,119,18,89,52,135,54,129,100,79,124,38,120" hai3="40,45,15,7,90,31,41,69,98,99,57,71,33"/><U112/><E118/><V59/><F38/><W11/><G57/><T67/><D110/><U122/><E106/><V20/><F120/><W96/><G90/><T82/><D121/><U51/><E112/><V85/><F119/><W125/><G125/><T58/><D27/><U50/><E36/><V76/><F124/><W42/><G31/><T95/><REACH who="0" step="1"/><D78/><REACH who="0" ten="257,203,255,275" step="2"/><U12/><E122/><V3/><F76/><W64/><G33/><T73/><D73/><U34/><E108/><V130/><F79/><W128/><G128/><T22/><D22/><U6/><E123/><V66/><F20/><W19/><G69/><AGARI ba="0,1" hai="14,16,21,49,55,58,63,67,69,81,82,86,88,95" machi="69" ten="30,12000,2" yaku="1,1,7,1,25,2,54,2,53,1" doraHai="97" doraHaiUra="13" who="0" fromWho="3" sc="257,130,203,0,255,0,275,-120" /><INIT seed="6,0,0,4,4,6" ten="387,203,255,155" oya="2" hai0="124,94,9,44,79,45,62,48,10,24,36,103,116" hai1="77,41,115,40,13,21,34,64,3,7,1,55,60" hai2="123,53,33,28,99,22,101,66,118,27,58,135,130" hai3="82,80,104,8,61,51,78,107,74,15,81,133,30"/><V132/><F123/><W86/><G133/><N who="2" m="51273" /><F118/><W49/><G30/><T91/><D116/><U20/><E34/><V89/><F89/><W126/><G126/><T134/><D36/><U97/><E77/><V112/><F66/><W23/><G23/><T93/><D124/><U38/><E115/><V110/><F112/><W76/><G61/><T16/><D79/><U129/><E129/><V70/><F70/><W65/><G65/><T29/><D62/><U100/><E55/><V0/><F0/><W46/><G51/><T111/><D111/><U19/><E7/><V85/><F85/><W131/><G82/><T35/><D134/><U26/><E38/><V98/><F130/><W63/><G63/><T108/><D103/><U42/><E3/><V83/><F83/><W2/><G2/><T122/><D93/><U75/><E1/><V32/><F110/><W96/><G96/><N who="2" m="36905" /><F101/><W128/><G128/><T37/><D122/><U59/><E75/><V67/><F67/><W47/><G47/><T125/><D44/><U68/><E68/><V4/><F4/><W18/><REACH who="3" step="1"/><G131/><REACH who="3" ten="387,203,255,145" step="2"/><T17/><D125/><U87/><E87/><V95/><F32/><W119/><G119/><T14/><D37/><U121/><E121/><V54/><F33/><W12/><G12/><T105/><D14/><U56/><E56/><V57/><F57/><W84/><G84/><T102/><D35/><U31/><E97/><V109/><F58/><W69/><G69/><T72/><D72/><U5/><E100/><V90/><F109/><W43/><AGARI ba="0,1" hai="8,15,18,43,46,49,74,76,78,80,81,86,104,107" machi="43" ten="20,5200,0" yaku="1,1,0,1,7,1,52,1,53,0" doraHai="6" doraHaiUra="114" who="3" fromWho="3" sc="387,-13,203,-13,255,-26,145,62" /><INIT seed="7,0,0,1,5,4" ten="374,190,229,207" oya="3" hai0="97,85,70,61,132,60,58,24,84,49,131,17,38" hai1="47,118,93,26,112,64,48,56,128,83,114,25,95" hai2="92,135,6,50,16,127,87,72,91,37,103,126,76" hai3="39,52,11,21,44,62,22,1,29,45,42,69,115"/><W94/><G115/><N who="1" m="44074" /><E83/><N who="2" m="45447" /><F37/><W107/><G107/><T116/><D49/><U9/><E128/><V73/><F73/><W66/><G94/><N who="1" m="35850" /><E118/><V2/><F135/><W120/><G120/><T79/><D17/><U63/><E9/><N who="2" m="2263" /><F103/><W81/><G81/><T129/><D24/><U14/><E14/><V23/><F50/><W77/><G77/><T88/><D60/><U31/><E31/><V71/><F71/><W3/><G29/><T99/><D58/><U82/><E82/><V57/><F57/><W12/><G3/><T133/><D97/><U117/><E117/><V0/><F0/><W78/><G78/><T89/><D89/><U122/><E122/><V46/><F16/><W20/><G1/><T53/><D53/><U105/><E105/><V96/><F96/><W35/><G35/><T100/><D100/><U27/><E48/><V19/><F19/><W15/><G11/><T101/><D131/><U113/><N who="1" m="44082" /><U55/><DORA hai="90" /><E47/><V68/><F68/><W40/><REACH who="3" step="1"/><G52/><AGARI ba="0,0" hai="25,26,27,52,55,56,63,64" m="35850,44082" machi="52" ten="50,8000,1" yaku="15,1,52,3,54,1" doraHai="4,90" who="1" fromWho="3" sc="374,0,190,80,229,0,207,-80" owari="374,47.0,270,7.0,229,-17.0,127,-37.0" /></mjloggm>