<mjloggm ver="2.3"><GO type="97" lobby="0"/><UN n0="%E3%82%B4%E3%83%9E" n1="%E5%B0%B1%E6%B4%BB%E7%94%9F%40%E5%B7%9D%E6%9D%91%E8%BB%8D%E5%9B%A3" n2="%43%26%52" n3="%E7%B7%8B%E3%81%84%E7%8C%AB%EF%BC%9E%EF%BC%9C%EF%BC%81" dan="15,14,13,15" rate="1990.18,2002.03,1858.39,1946.45" sx="M,M,M,F"/><TAIKYOKU oya="0"/><INIT seed="0,0,0,3,3,73" ten="250,250,250,250" oya="0" hai0="113,78,88,25,47,11,19,55,122,120,89,106,40" hai1="115,126,38,27,92,100,49,66,109,61,48,72,17" hai2="70,86,127,128,129,12,21,56,62,123,68,31,130" hai3="81,34,24,6,20,110,7,50,10,124,101,5,95"/><T44/><D113/><U85/><E38/><V83/><F123/><W111/><G34/><T99/><D120/><U114/><E72/><V36/><F36/><W43/><G124/><T65/><D65/><U93/><E126/><V103/><F103/><W63/><G63/><T107/><D122/><U67/><E109/><N who="3" m="41482" /><G81/><T54/><D78/><U82/><E27/><N who="2" m="16879" /><F12/><W77/><G77/><T90/><D47/><U42/><E17/><V22/><F22/><W135/><G135/><T13/><D25/><U45/><E49/><V58/><F127/><W52/><G43/><T33/><D33/><U131/><E131/><V132/><F132/><W3/><G95/><T26/><D26/><U0/><E0/><V74/><F74/><W108/><G101/><T112/><D112/><N who="1" m="43051" /><E100/><V117/><F117/><W59/><N who="3" m="41490" /><W79/><DORA hai="80" /><G79/><T23/><D23/><U64/><E61/><V16/><F16/><AGARI ba="0,0" hai="3,5,6,7,10,16,20,24,50,52,59" m="41490" machi="16" ten="40,5200,0" yaku="14,1,54,2" doraHai="73,80" who="3" fromWho="2" sc="250,0,250,0,250,-52,250,52" /><INIT seed="1,0,0,3,4,1" ten="250,250,198,302" oya="1" hai0="43,116,115,65,58,52,66,124,23,12,32,113,22" hai1="132,38,36,8,67,51,54,61,85,72,63,90,129" hai2="69,108,100,107,42,40,82,16,11,44,62,28,6" hai3="126,117,128,103,9,97,83,10,34,102,3,88,55"/><U48/><E72/><V21/><F108/><W93/><G128/><T17/><D116/><U111/><E129/><V91/><F28/><W71/><G71/><T79/><D32/><U119/><E119/><V95/><F82/><W25/><G117/><T121/><D121/><U29/><E29/><V125/><F125/><W18/><G126/><T89/><D124/><U19/><E111/><V39/><F40/><W135/><G135/><T33/><D33/><U99/><E132/><V45/><F45/><W7/><G55/><T96/><D79/><U127/><E127/><V92/><F91/><W14/><REACH who="3" step="1"/><G83/><REACH who="3" ten="250,250,198,292" step="2"/><T109/><D109/><U70/><E63/><V35/><F35/><W77/><G77/><T131/><D131/><U104/><E54/><V4/><F69/><W110/><G110/><T112/><D112/><U20/><E61/><V56/><F100/><W5/><G5/><T120/><D115/><U27/><E67/><V134/><F134/><W133/><G133/><T75/><D113/><U78/><E70/><V57/><F4/><W122/><G122/><T81/><D120/><U31/><E78/><V49/><F6/><W87/><G87/><N who="0" m="50415" /><D66/><U74/><E74/><V101/><F101/><W50/><G50/><N who="0" m="30999" /><D65/><U60/><E36/><V130/><F39/><W94/><G94/><T26/><D75/><U46/><E38/><V80/><F130/><W53/><G53/><T73/><D73/><U59/><E60/><V84/><F62/><W24/><G24/><T15/><D43/><U13/><E46/><V86/><F44/><W123/><G123/><T64/><D64/><RYUUKYOKU ba="0,1" sc="250,-10,250,-10,198,-10,292,30" hai3="3,7,9,10,14,18,25,34,88,93,97,102,103" /><INIT seed="2,1,1,5,3,63" ten="240,240,188,322" oya="2" hai0="23,89,37,54,100,105,14,102,91,135,65,78,101" hai1="92,41,0,110,29,42,86,50,127,125,67,103,64" hai2="85,112,32,53,39,28,132,2,104,46,88,12,15" hai3="31,21,52,75,3,66,98,74,108,72,27,126,95"/><V6/><F112/><W9/><G126/><N who="1" m="48138" /><E0/><V4/><F104/><W121/><G108/><T133/><D105/><U7/><E7/><N who="2" m="2603" /><F39/><W24/><G121/><T115/><D115/><U80/><E110/><V90/><F2/><W61/><G3/><T131/><D131/><U20/><E29/><V57/><F32/><W130/><G130/><T47/><D65/><N who="1" m="25163" /><E20/><V120/><F120/><W45/><G21/><T106/><D78/><N who="1" m="46359" /><E50/><N who="2" m="28887" /><F28/><W124/><G31/><T128/><D37/><U93/><E93/><N who="2" m="54415" /><F132/><W70/><G124/><T77/><D128/><U134/><E134/><V62/><F90/><W119/><G27/><T59/><D77/><U36/><E36/><V99/><F99/><AGARI ba="1,1" hai="41,42,92,99,103" m="46359,25163,48138" machi="99" ten="30,7700,0" yaku="18,1,52,3" doraHai="63" who="1" fromWho="2" sc="240,0,240,90,188,-80,322,0" /><INIT seed="3,0,0,1,2,104" ten="240,330,108,322" oya="3" hai0="91,120,95,103,114,4,17,43,111,64,2,8,38" hai1="54,75,80,26,68,53,21,5,110,55,66,28,52" hai2="117,105,42,82,49,76,133,46,107,73,57,70,102" hai3="88,50,78,60,85,125,11,69,36,67,74,135,108"/><W32/><G32/><T112/><D111/><U131/><E110/><V56/><F133/><W115/><G115/><N who="0" m="44075" /><D120/><U101/><E131/><V126/><F126/><W16/><G108/><T34/><D34/><U84/><E75/><V86/><F117/><W62/><G36/><T123/><D64/><U1/><E101/><V94/><F105/><W12/><G125/><T100/><D17/><U25/><E25/><V39/><F70/><W31/><G135/><T23/><D23/><U72/><E72/><V59/><F39/><W41/><G31/><T10/><D10/><U96/><E96/><V44/><F44/><W20/><G20/><T132/><D132/><U121/><E121/><V134/><F59/><W45/><G60/><T77/><D77/><U127/><E127/><V13/><F13/><W51/><G51/><T37/><D123/><U63/><E1/><V71/><F71/><W40/><G40/><T81/><D81/><U113/><E5/><V83/><F83/><N who="3" m="49215" /><G78/><T118/><D118/><U98/><E98/><V48/><F48/><W3/><G3/><T65/><D38/><U99/><E99/><V24/><F134/><W106/><G74/><T128/><D128/><U97/><E97/><V58/><F24/><W61/><G61/><T9/><D9/><U124/><E124/><V92/><F107/><W14/><G106/><T7/><D37/><U129/><E129/><V109/><F109/><W35/><G35/><T79/><D2/><U47/><N who="1" m="13824" /><DORA hai="33" /><U87/><E113/><V119/><F119/><W122/><G122/><T93/><D43/><U30/><E80/><RYUUKYOKU ba="0,0" sc="240,-10,330,-10,108,-10,322,30" hai3="11,12,14,16,41,45,50,62,67,69" owari="230,-17.0,320,12.0,98,-40.0,352,45.0" /></mjloggm>