<mjloggm ver="2.3"><GO type="97" lobby="0"/><UN n0="%E3%81%A1%E3%82%8D%E3%82%8B%E3%81%A1%E3%82%87%E3%81%93" n1="%E5%B0%B1%E6%B4%BB%E7%94%9F%40%E5%B7%9D%E6%9D%91%E8%BB%8D%E5%9B%A3" n2="%E3%81%B8%E3%81%AB%E3%82%87%E3%82%8A" n3="%E3%81%AD%E3%81%93%E3%81%BE%E3%81%9F%E3%81%8E" dan="15,15,14,13" rate="1925.16,2067.62,1907.34,1895.38" sx="F,M,M,M"/><TAIKYOKU oya="0"/><INIT seed="0,0,0,1,5,67" ten="250,250,250,250" oya="0" hai0="4,18,94,27,90,29,131,122,114,47,118,2,1" hai1="22,116,59,108,15,20,130,6,52,30,0,91,79" hai2="69,21,13,135,124,102,63,100,41,46,84,55,37" hai3="56,83,9,17,65,40,62,92,19,113,97,121,107"/><T133/><D114/><U44/><E0/><V35/><F124/><W57/><G113/><T36/><D118/><U109/><E116/><V117/><F35/><W16/><G121/><T85/><D122/><U12/><E130/><V51/><F117/><W77/><G107/><T5/><D131/><U14/><E79/><V127/><F135/><W70/><G40/><T61/><D133/><U129/><E129/><V25/><F13/><W3/><G3/><T74/><D74/><U103/><E103/><V99/><F84/><W89/><REACH who="3" step="1"/><G9/><REACH who="3" ten="250,250,250,240" step="2"/><T64/><D2/><U66/><E6/><V134/><F134/><W42/><G42/><T71/><D1/><U10/><E10/><V81/><F41/><W48/><G48/><T8/><D5/><U72/><E108/><V33/><F51/><W98/><G98/><T54/><D4/><U75/><E109/><V104/><F99/><W93/><G93/><T23/><D8/><U96/><E96/><V87/><F104/><W43/><G43/><T112/><D36/><U53/><E75/><AGARI ba="0,1" hai="16,17,19,56,57,62,65,70,75,77,83,89,92,97" machi="75" ten="40,8000,1" yaku="1,1,52,1,54,1,53,1" doraHai="67" doraHaiUra="73" who="3" fromWho="1" sc="250,0,250,-80,250,0,240,90" /><INIT seed="1,0,0,5,0,46" ten="250,170,250,330" oya="1" hai0="101,107,113,94,5,111,32,10,97,14,127,130,79" hai1="66,75,9,67,53,6,125,24,123,129,30,47,54" hai2="119,92,16,81,13,12,78,64,120,85,121,80,26" hai3="21,76,25,98,44,41,131,58,90,117,86,2,100"/><U18/><E123/><V70/><F119/><W17/><G117/><T3/><D113/><U112/><E75/><V109/><F92/><W116/><G116/><T118/><D118/><U115/><E125/><V82/><F109/><W69/><G131/><T122/><D111/><U50/><E129/><V68/><F68/><W105/><G69/><T72/><D72/><U133/><E133/><V27/><F12/><W7/><G58/><T87/><D32/><U74/><E74/><V77/><F70/><W42/><G42/><T15/><D130/><U22/><E30/><V73/><F64/><W48/><G76/><T51/><D127/><U96/><E96/><V55/><F81/><W45/><G45/><T63/><D63/><U132/><E132/><V34/><F55/><W93/><G7/><T36/><D36/><U37/><E37/><V95/><F95/><W57/><G57/><T60/><D60/><U128/><E128/><V61/><F61/><W28/><G2/><T1/><D1/><U35/><E35/><V126/><F126/><W71/><G71/><T83/><D107/><U31/><E31/><V29/><F26/><W0/><G0/><T114/><D114/><U103/><E103/><V102/><REACH who="2" step="1"/><F102/><REACH who="2" ten="250,170,240,330" step="2"/><W43/><G43/><T88/><D122/><U52/><E115/><V4/><F4/><W8/><G8/><AGARI ba="0,1" hai="8,13,16,27,29,34,73,77,78,80,82,85,120,121" machi="8" ten="30,3900,0" yaku="1,1,7,1,54,1,53,0" doraHai="46" doraHaiUra="19" who="2" fromWho="3" sc="250,0,170,0,240,49,330,-39" /><INIT seed="2,0,0,3,1,2" ten="250,170,289,291" oya="2" hai0="34,89,90,60,91,59,113,8,126,57,100,6,20" hai1="14,42,61,70,11,62,102,131,38,16,4,82,67" hai2="81,133,39,111,56,12,32,119,7,80,10,1,129" hai3="19,121,128,112,110,23,26,75,3,98,120,63,43"/><V101/><F119/><W69/><G75/><T58/><D113/><U106/><E131/><V117/><F117/><W40/><G3/><T51/><D34/><U125/><E125/><V45/><F32/><W50/><G128/><T97/><D126/><U47/><E62/><V132/><F129/><W72/><G72/><T44/><D20/><U30/><E30/><V73/><F111/><W114/><G110/><T41/><D60/><U53/><E53/><V104/><F56/><W74/><G74/><T71/><D71/><U94/><E106/><V24/><F24/><W65/><G98/><T46/><D46/><U79/><E94/><V107/><F12/><W87/><G87/><T28/><D28/><U31/><E31/><V25/><F25/><W108/><G108/><T84/><D84/><U130/><E130/><V22/><F22/><W85/><G85/><T49/><D49/><U76/><E102/><V35/><F35/><W124/><G124/><T48/><D48/><U33/><E33/><V0/><F0/><W115/><REACH who="3" step="1"/><G50/><REACH who="3" ten="250,170,289,281" step="2"/><T93/><REACH who="0" step="1"/><D59/><REACH who="0" ten="240,170,289,281" step="2"/><U21/><REACH who="1" step="1"/><E82/><REACH who="1" ten="240,160,289,281" step="2"/><V99/><F80/><W135/><G135/><T134/><D134/><U27/><AGARI ba="0,3" hai="4,11,14,16,21,27,38,42,47,61,67,70,76,79" machi="27" ten="20,12000,2" yaku="1,1,2,1,0,1,7,1,52,1,54,1,53,1" doraHai="2" doraHaiUra="37" who="1" fromWho="1" sc="240,-30,160,150,289,-60,281,-30" /><INIT seed="3,0,0,3,0,43" ten="210,310,229,251" oya="3" hai0="90,44,15,20,75,116,98,60,28,85,12,61,126" hai1="56,17,39,103,114,51,76,135,45,26,99,69,68" hai2="131,62,41,132,97,18,77,92,108,72,127,89,130" hai3="113,57,79,23,122,81,50,24,22,125,128,52,100"/><W110/><G122/><T5/><D75/><U4/><E114/><V117/><F117/><W88/><G113/><T13/><D116/><U0/><E135/><V55/><F132/><W42/><G128/><N who="2" m="49193" /><F108/><W87/><G125/><T84/><D126/><U11/><E39/><V83/><F127/><W121/><G121/><T70/><D70/><U29/><E76/><V82/><F41/><W3/><G110/><T25/><D5/><U2/><E17/><V80/><F18/><W95/><G3/><T104/><D104/><U71/><E56/><AGARI ba="0,0" hai="55,56,62,72,77,80,82,83,89,92,97" m="49193" machi="56" ten="30,1000,0" yaku="19,1" doraHai="43" who="2" fromWho="1" sc="210,0,310,-10,229,10,251,0" owari="210,-29.0,300,40.0,239,-16.0,251,5.0" /></mjloggm>