<mjloggm ver="2.3"><GO type="169" lobby="0"/><UN n0="%61%73%30%37%36%30%33%69" n1="%E5%A4%A9%E9%BC%93" n2="%E3%82%A6%E3%83%AB%E3%83%88%E3%83%A9%E7%AB%8B%E7%9B%B4" n3="%54%2E%54%2E%38" dan="16,17,17,16" rate="2076.47,2136.57,2189.31,2201.52" sx="M,M,M,M"/><TAIKYOKU oya="0"/><INIT seed="0,0,0,0,0,48" ten="250,250,250,250" oya="0" hai0="38,64,96,43,10,107,20,85,25,125,13,8,111" hai1="89,73,23,15,4,57,75,37,122,79,17,92,6" hai2="88,2,34,32,59,74,16,78,112,33,53,133,129" hai3="127,58,24,27,90,106,109,30,126,110,22,81,131"/><T108/><D64/><U113/><E122/><V104/><F104/><W94/><G106/><T71/><D71/><U114/><E37/><V100/><F2/><W86/><G131/><T39/><D125/><U61/><E6/><V7/><F7/><W76/><G27/><T51/><D85/><U95/><E4/><V41/><F100/><W40/><G40/><T68/><D68/><U87/><E95/><V69/><F69/><W124/><REACH who="3" step="1"/><G58/><REACH who="3" ten="250,250,250,240" step="2"/><T0/><D107/><U42/><E42/><V12/><F41/><W123/><G123/><T3/><D43/><U134/><E114/><V26/><F129/><W105/><G105/><T56/><D56/><U50/><E113/><V132/><F112/><W135/><G135/><T119/><D119/><U120/><E134/><V121/><F26/><W52/><G52/><T70/><D70/><U1/><E120/><V116/><F121/><W101/><G101/><T44/><D25/><U62/><E57/><V21/><F116/><W19/><G19/><N who="0" m="10351" /><D38/><U31/><E31/><V130/><F130/><W99/><AGARI ba="0,1" hai="22,24,30,76,81,86,90,94,99,109,110,124,126,127" machi="99" ten="40,5200,0" yaku="1,1,0,1,18,1,53,0" doraHai="48" doraHaiUra="45" who="3" fromWho="3" sc="250,-26,250,-13,250,-13,240,62" /><INIT seed="1,0,0,3,4,46" ten="224,237,237,302" oya="1" hai0="51,22,122,60,18,2,132,19,117,81,17,4,5" hai1="114,57,86,94,99,115,84,13,125,89,72,56,134" hai2="47,45,116,36,129,110,38,109,128,24,82,66,3" hai3="32,12,50,101,54,108,61,16,111,7,52,44,29"/><U121/><E72/><V8/><F82/><W106/><G7/><T102/><D117/><U74/><E74/><V21/><F3/><W113/><G113/><T30/><D122/><U85/><E121/><V112/><F8/><W53/><G101/><T25/><D132/><U6/><E134/><V28/><F116/><W71/><G106/><T11/><D102/><U0/><E0/><V31/><F66/><W78/><G78/><T48/><D4/><U27/><E125/><V91/><F91/><W65/><G29/><T131/><D131/><U130/><E130/><V39/><F39/><W35/><G32/><T123/><D123/><U79/><E27/><V33/><F21/><W88/><G35/><T76/><REACH who="0" step="1"/><D60/><REACH who="0" ten="214,237,237,302" step="2"/><U90/><E115/><V70/><F112/><W58/><G71/><T15/><D15/><U77/><E114/><V83/><F70/><W43/><REACH who="3" step="1"/><G88/><REACH who="3" ten="214,237,237,292" step="2"/><T120/><D120/><U62/><E90/><V10/><F129/><W67/><G67/><T96/><D96/><U135/><E135/><V14/><F128/><W98/><G98/><T75/><AGARI ba="0,2" hai="2,5,11,17,18,19,22,25,30,48,51,75,76,81" machi="75" ten="30,7900,0" yaku="1,1,0,1,52,2,53,0" doraHai="46" doraHaiUra="127" who="0" fromWho="0" sc="214,99,237,-39,237,-20,292,-20" /><INIT seed="2,0,0,2,4,133" ten="313,198,217,272" oya="2" hai0="128,103,85,41,114,108,117,58,118,33,42,54,116" hai1="98,39,89,44,66,9,23,105,45,60,20,79,67" hai2="0,97,109,83,31,125,12,1,14,72,8,73,134" hai3="47,22,113,86,135,24,53,28,49,46,4,29,7"/><V70/><F70/><W88/><G135/><T131/><D33/><U119/><E119/><V13/><F134/><W81/><G113/><T90/><D103/><U84/><E67/><V106/><F109/><W15/><G29/><T112/><D90/><U132/><E132/><V111/><F111/><W21/><G47/><T95/><D95/><U101/><E9/><V38/><F38/><W27/><G15/><T69/><D69/><U52/><E79/><V126/><F31/><W55/><G53/><T18/><D18/><U100/><E100/><V51/><F51/><W35/><G35/><T107/><D85/><U68/><E45/><V92/><F106/><W127/><G127/><N who="2" m="48649" /><F8/><W11/><G11/><T48/><D107/><U61/><E39/><V129/><F129/><N who="0" m="49738" /><D108/><U65/><E44/><V2/><F83/><W16/><AGARI ba="0,0" hai="4,7,16,21,22,24,27,28,46,49,55,81,86,88" machi="16" ten="20,8000,1" yaku="0,1,7,1,8,1,54,2" doraHai="133" who="3" fromWho="3" sc="313,-20,198,-20,217,-40,272,80" /><INIT seed="3,0,0,1,0,26" ten="293,178,177,352" oya="3" hai0="11,82,46,102,111,106,27,60,9,105,16,122,5" hai1="78,19,71,74,53,120,92,13,108,100,77,134,51" hai2="116,93,30,118,49,107,80,35,94,8,76,95,43" hai3="3,41,14,119,65,18,28,129,12,38,86,98,64"/><W85/><G3/><T31/><D122/><U104/><E120/><V29/><F107/><W58/><G119/><T25/><D82/><U113/><E113/><V39/><F39/><W73/><G73/><T34/><D46/><U121/><E121/><V87/><F35/><W66/><G129/><T63/><D111/><U32/><E104/><V96/><F118/><W57/><G41/><T45/><D45/><U33/><E71/><V83/><F116/><W132/><G38/><T61/><D102/><U84/><E74/><V89/><F8/><W135/><G98/><T1/><D11/><U115/><E134/><N who="3" m="51242" /><G28/><N who="2" m="10857" /><F83/><W90/><G18/><T23/><AGARI ba="0,0" hai="1,5,9,16,23,25,27,31,34,60,61,63,105,106" machi="23" ten="30,4000,0" yaku="0,1,52,1,54,1" doraHai="26" who="0" fromWho="0" sc="293,40,178,-10,177,-10,352,-20" /><INIT seed="4,0,0,1,0,93" ten="333,168,167,332" oya="0" hai0="115,109,95,108,36,1,130,41,54,120,98,0,32" hai1="94,23,61,105,56,2,5,15,10,22,72,20,66" hai2="78,73,16,21,29,97,12,69,8,34,60,9,127" hai3="102,24,65,59,110,85,116,113,117,38,119,91,44"/><T17/><D120/><U19/><E105/><V42/><F127/><W40/><G110/><N who="0" m="42603" /><D32/><U50/><E72/><V46/><F73/><W101/><G113/><T68/><D68/><U49/><E2/><V104/><F78/><W52/><G65/><T112/><D41/><U131/><E5/><V7/><F69/><W135/><G24/><T63/><D36/><U43/><E131/><V86/><F60/><W129/><G129/><T28/><D28/><U26/><E43/><V90/><F34/><W25/><G25/><T106/><D106/><U100/><E26/><V134/><F29/><W57/><G135/><T122/><D17/><U81/><E81/><V45/><F134/><W88/><G59/><N who="0" m="35319" /><D122/><U121/><E121/><V39/><F45/><W14/><G14/><T64/><D64/><U111/><E111/><V33/><F33/><W103/><REACH who="3" step="1"/><G85/><REACH who="3" ten="333,168,167,322" step="2"/><T71/><D130/><U89/><REACH who="1" step="1"/><E100/><REACH who="1" ten="333,158,167,322" step="2"/><V125/><F7/><W70/><G70/><T92/><D71/><U126/><E126/><V48/><F125/><W76/><G76/><T83/><D0/><U77/><E77/><V133/><F133/><W99/><G99/><AGARI ba="0,2" hai="10,15,19,20,22,23,49,50,56,61,66,89,94,99" machi="99" ten="40,8000,1" yaku="1,1,8,1,52,1,53,1" doraHai="93" doraHaiUra="6" who="1" fromWho="3" sc="333,0,158,100,167,0,322,-80" /><INIT seed="5,0,0,3,5,6" ten="333,258,167,242" oya="1" hai0="39,68,26,78,62,113,67,46,104,103,75,101,79" hai1="31,97,15,65,5,66,64,76,16,69,110,133,131" hai2="116,42,30,48,53,124,130,17,84,0,95,27,108" hai3="43,38,127,52,61,126,129,121,55,73,40,33,25"/><U8/><E133/><V7/><F108/><W2/><G2/><T128/><D101/><U45/><E131/><V82/><F116/><W77/><G121/><T74/><D79/><U56/><E69/><V93/><F130/><W14/><G129/><T83/><D128/><U123/><E123/><V132/><F132/><W135/><G135/><T10/><D113/><U102/><E110/><V112/><F112/><W119/><G119/><T125/><D125/><N who="3" m="47625" /><G38/><T117/><D117/><U86/><E31/><V24/><F42/><N who="3" m="15915" /><G61/><T9/><D74/><U35/><E35/><V21/><F124/><W3/><G3/><T60/><D46/><U100/><E45/><V54/><F7/><W29/><G14/><T114/><D114/><U118/><E118/><V122/><F0/><W134/><G134/><T51/><D39/><U80/><E97/><V19/><F122/><W107/><G107/><T99/><D51/><U49/><E5/><V32/><F19/><W91/><G91/><T120/><D120/><U94/><E94/><V36/><F36/><W70/><G70/><T87/><D62/><U59/><E49/><V11/><F95/><W85/><G73/><T105/><D105/><U72/><E72/><V88/><F93/><W106/><G106/><T23/><D75/><U41/><E41/><V111/><F111/><W50/><G50/><T47/><D47/><U57/><AGARI ba="0,0" hai="8,15,16,56,57,59,64,65,66,76,80,86,100,102" machi="57" ten="30,11700,0" yaku="0,1,8,1,52,1,54,1" doraHai="6" who="1" fromWho="1" sc="333,-39,258,117,167,-39,242,-39" /><INIT seed="5,1,0,3,0,26" ten="294,375,128,203" oya="1" hai0="74,21,103,52,50,101,80,94,96,130,45,89,35" hai1="22,91,84,113,115,4,60,87,121,62,29,47,77" hai2="120,109,79,68,93,98,110,64,14,18,126,44,58" hai3="135,123,82,78,17,67,71,108,8,112,85,46,32"/><U99/><E121/><V53/><F120/><W119/><G123/><T114/><D35/><U129/><E129/><V118/><F118/><W56/><G119/><T42/><D130/><U59/><E62/><V16/><F126/><W63/><G112/><T61/><D114/><U134/><E134/><V20/><F79/><W40/><G108/><T34/><D34/><U23/><E4/><V127/><F127/><W117/><G135/><T100/><D74/><U38/><E23/><V3/><F3/><W9/><G32/><T27/><D80/><U111/><E111/><V90/><F68/><W83/><G117/><T12/><D12/><U122/><E122/><V105/><F105/><W124/><G124/><T116/><D116/><U73/><E73/><V10/><F64/><W106/><G106/><T51/><D51/><U65/><E99/><V19/><F44/><W86/><G17/><T33/><D33/><U41/><E87/><V102/><F102/><W92/><G71/><T81/><D81/><U2/><E77/><V11/><F19/><W13/><G83/><T70/><D70/><U1/><E1/><V28/><F28/><W36/><G13/><T49/><D49/><U125/><E2/><V6/><F6/><W0/><G0/><T15/><D15/><U104/><E104/><V132/><F132/><W66/><G66/><T55/><D61/><U39/><E39/><V107/><F107/><W95/><G85/><T25/><D25/><N who="1" m="16567" /><E125/><V54/><F11/><W133/><G133/><T48/><D48/><U43/><E43/><V37/><F37/><W128/><G128/><RYUUKYOKU ba="1,0" sc="294,10,375,10,128,-30,203,10" hai0="21,27,42,45,50,52,55,89,94,96,100,101,103" hai1="38,41,47,59,60,65,84,91,113,115" hai3="8,9,36,40,46,56,63,67,78,82,86,92,95" /><INIT seed="5,2,0,4,4,86" ten="304,385,98,213" oya="1" hai0="125,16,31,38,65,63,101,41,1,7,34,30,114" hai1="72,46,112,84,134,93,71,21,8,22,118,76,58" hai2="59,100,4,2,15,25,117,68,9,36,103,83,126" hai3="129,77,10,115,78,6,45,51,133,107,43,47,89"/><U28/><E71/><V5/><F68/><W24/><G107/><T0/><D114/><U96/><E72/><V50/><F117/><W73/><G115/><T27/><D31/><U3/><E118/><V111/><F111/><W113/><G113/><T119/><D119/><U121/><E121/><V105/><F36/><W23/><G133/><T48/><D125/><U98/><E96/><V92/><F126/><W102/><G102/><T49/><D49/><U17/><E28/><V75/><F105/><W91/><G129/><T104/><D48/><U56/><E46/><V124/><F124/><W39/><G73/><T79/><D79/><U69/><E69/><V44/><F2/><W109/><G109/><T130/><D130/><U122/><E134/><V14/><F59/><N who="1" m="22569" /><E3/><V94/><F25/><W85/><G47/><N who="0" m="23991" /><D7/><U87/><E87/><V131/><F131/><W42/><G39/><T12/><D16/><U26/><E8/><V135/><F135/><W29/><G42/><T120/><D12/><U52/><E22/><V70/><F70/><W64/><G64/><T53/><D120/><U128/><E52/><V110/><F110/><W88/><G85/><T62/><D53/><U108/><E108/><V13/><F13/><AGARI ba="2,0" hai="6,10,13,23,24,29,43,45,51,77,78,88,89,91" machi="13" ten="40,8000,1" yaku="8,1,52,3,54,1" doraHai="86" who="3" fromWho="2" sc="304,0,385,0,98,-86,213,86" /><INIT seed="6,0,0,5,5,107" ten="304,385,12,299" oya="2" hai0="21,3,111,18,127,49,41,26,10,97,46,84,33" hai1="125,16,5,135,52,15,86,53,57,133,47,80,65" hai2="34,43,121,36,105,58,106,92,12,100,113,77,102" hai3="38,85,25,114,27,63,123,48,126,116,55,45,104"/><V108/><F34/><W1/><G1/><T59/><D111/><U22/><E125/><V91/><F121/><W13/><G126/><T14/><D127/><U54/><E47/><V19/><F108/><W37/><G123/><T71/><D71/><U68/><E68/><V72/><F113/><W24/><G104/><T50/><D33/><U70/><E70/><V128/><F128/><W83/><G116/><T44/><D3/><U69/><E69/><V51/><F36/><W9/><G63/><T132/><D132/><N who="1" m="50763" /><E5/><V119/><F119/><W28/><G114/><T0/><D0/><U93/><E93/><V32/><F32/><W64/><G64/><T110/><D59/><U67/><E57/><V79/><F105/><W89/><REACH who="3" step="1"/><G28/><REACH who="3" ten="304,385,12,289" step="2"/><T118/><D118/><U109/><E109/><V56/><F106/><W42/><G42/><T122/><D122/><U75/><E75/><V39/><F39/><W29/><G29/><T88/><D110/><U94/><E94/><V134/><F134/><W82/><G82/><T4/><D97/><U31/><E31/><V95/><F72/><W40/><G40/><T117/><D117/><U131/><E131/><V6/><F92/><W103/><G103/><N who="2" m="39465" /><F6/><AGARI ba="0,1" hai="6,9,13,24,25,27,37,38,45,48,55,83,85,89" machi="6" ten="40,2600,0" yaku="1,1,53,1" doraHai="107" doraHaiUra="2" who="3" fromWho="2" sc="304,0,385,0,12,-26,289,36" owari="304,-10.0,385,48.0,-14,-51.0,325,13.0" /></mjloggm>