<mjloggm ver="2.3"><GO type="97" lobby="0"/><UN n0="%E5%B0%B1%E6%B4%BB%E7%94%9F%40%E5%B7%9D%E6%9D%91%E8%BB%8D%E5%9B%A3" n1="%E4%BB%A3%E7%AD%86" n2="%70%6C%61" n3="%E3%83%8B%E3%82%B3%E5%87%B8%E5%90%9B" dan="15,15,13,13" rate="1958.87,1968.56,1987.00,1951.65" sx="M,M,M,M"/><TAIKYOKU oya="0"/><INIT seed="0,0,0,2,0,134" ten="250,250,250,250" oya="0" hai0="47,9,105,2,6,81,26,76,117,128,126,80,30" hai1="11,28,120,99,58,78,96,21,25,67,127,79,116" hai2="83,91,74,18,130,110,15,111,124,84,71,89,50" hai3="69,101,64,56,42,4,40,62,7,34,37,98,63"/><T55/><D117/><U87/><E116/><V24/><F130/><W32/><G32/><T93/><D105/><U97/><E120/><V133/><F133/><W52/><G34/><T92/><D128/><U41/><E41/><V125/><F71/><W115/><G115/><T31/><D31/><U27/><E127/><N who="2" m="48715" /><F74/><W68/><G68/><T88/><D126/><U123/><E123/><V51/><F24/><W106/><REACH who="3" step="1"/><G40/><REACH who="3" ten="250,250,250,240" step="2"/><T113/><D113/><U1/><E27/><V13/><F91/><W109/><G109/><N who="2" m="41481" /><F13/><W38/><G38/><T61/><D92/><U29/><E25/><V104/><F104/><W35/><G35/><T121/><D121/><U60/><E1/><V77/><F77/><W12/><G12/><T129/><D129/><U100/><E79/><V16/><F18/><W72/><G72/><T119/><D119/><U118/><E78/><V135/><F135/><W3/><G3/><T85/><D76/><U70/><E70/><V8/><AGARI ba="0,1" hai="8,15,16,50,51,83,84,89" m="41481,48715" machi="8" ten="30,12000,2" yaku="18,1,14,1,52,3,54,1" doraHai="134" who="2" fromWho="2" sc="250,-60,250,-30,250,130,240,-30" /><INIT seed="1,0,0,1,0,28" ten="190,220,380,210" oya="1" hai0="49,103,77,37,43,36,102,79,114,121,71,2,127" hai1="128,5,9,42,82,48,26,110,124,106,59,78,135" hai2="105,66,87,32,8,88,80,125,46,39,122,109,41" hai3="89,30,51,52,22,94,76,67,45,90,117,115,7"/><U120/><E120/><V50/><F122/><W1/><G115/><T57/><D114/><U132/><E106/><V81/><F109/><W3/><G117/><T24/><D121/><U0/><E110/><V27/><F105/><W92/><G76/><T4/><D71/><U40/><E128/><V34/><F66/><W99/><G67/><T75/><D127/><U55/><E124/><V91/><F125/><W93/><G7/><T53/><D24/><U97/><E97/><V98/><F8/><W72/><G72/><T100/><D75/><N who="1" m="43359" /><E26/><V38/><F38/><W113/><G113/><T33/><D33/><U17/><E17/><V126/><F126/><W21/><G93/><T14/><D2/><U130/><E130/><V83/><F27/><W131/><G131/><T13/><D36/><U35/><E35/><V119/><F119/><W74/><G74/><T54/><D13/><U63/><E63/><V60/><F81/><W96/><REACH who="3" step="1"/><G30/><REACH who="3" ten="190,220,380,200" step="2"/><T65/><D65/><U64/><E64/><V11/><F83/><W23/><AGARI ba="0,1" hai="1,3,21,22,23,45,51,52,89,90,92,94,96,99" machi="23" ten="30,8000,1" yaku="1,1,2,1,0,1,9,1,54,1,53,0" doraHai="28" doraHaiUra="62" who="3" fromWho="3" sc="190,-20,220,-40,380,-20,200,90" /><INIT seed="2,0,0,2,0,21" ten="170,180,360,290" oya="2" hai0="34,32,123,24,40,131,51,36,9,74,70,61,77" hai1="132,89,106,1,33,6,25,91,37,118,23,58,13" hai2="2,57,80,128,27,3,100,107,104,11,0,97,117" hai3="119,81,68,113,124,60,76,72,115,90,78,7,73"/><V122/><F122/><W56/><G119/><T59/><D123/><U109/><E118/><V20/><F117/><W75/><G68/><T45/><D131/><U84/><E37/><V95/><F128/><W82/><G124/><T17/><D74/><U55/><E106/><V5/><F80/><W49/><G7/><T64/><D77/><U62/><E109/><V28/><REACH who="2" step="1"/><F57/><REACH who="2" ten="170,180,350,290" step="2"/><W30/><G81/><T86/><D70/><U38/><E58/><V35/><F35/><W52/><G113/><T14/><D34/><U39/><E33/><V129/><F129/><W133/><G115/><T47/><D32/><U8/><E132/><V42/><F42/><W93/><G133/><T92/><D40/><U29/><E39/><V79/><F79/><W102/><G78/><T121/><D36/><U26/><E38/><V48/><F48/><W96/><G49/><T105/><D121/><U112/><E112/><V88/><F88/><W43/><G43/><T19/><D105/><AGARI ba="0,1" hai="0,2,3,5,11,20,27,28,95,97,100,104,105,107" machi="105" ten="40,3900,0" yaku="1,1,52,1,53,0" doraHai="21" doraHaiUra="53" who="2" fromWho="0" sc="170,-39,180,0,350,49,290,0" /><INIT seed="2,1,0,1,3,18" ten="131,180,399,290" oya="2" hai0="116,71,131,82,118,44,98,66,70,119,105,43,102" hai1="24,135,60,73,61,121,25,79,69,33,62,58,96" hai2="50,77,74,114,32,47,29,132,30,28,63,115,129" hai3="134,20,68,106,49,130,99,19,15,3,107,97,26"/><V12/><F129/><W127/><G3/><T95/><D131/><U40/><E135/><V88/><F132/><W90/><G134/><T111/><D111/><U64/><E40/><V85/><F32/><W52/><G130/><T55/><D55/><U123/><E96/><V103/><F103/><W117/><G117/><T13/><D95/><U27/><E33/><V76/><F63/><W94/><G68/><T14/><D82/><N who="1" m="45423" /><E69/><V89/><F89/><W51/><G127/><T36/><REACH who="0" step="1"/><D71/><REACH who="0" ten="121,180,399,290" step="2"/><U80/><E80/><V87/><F115/><W128/><G128/><T56/><D56/><U109/><E109/><V46/><F114/><W35/><G106/><T75/><D75/><U16/><E58/><V38/><F74/><W37/><G52/><T120/><D120/><N who="1" m="46155" /><E64/><V1/><F47/><W21/><G107/><T101/><D101/><U72/><E72/><V17/><F46/><W9/><G94/><T104/><D104/><U93/><E93/><V126/><F126/><W23/><G97/><T8/><D8/><U92/><E92/><V65/><F85/><W67/><G67/><T112/><D112/><U122/><E122/><V110/><F87/><W59/><G59/><T91/><D91/><U42/><E42/><V10/><F88/><W41/><G90/><T5/><D5/><U125/><E125/><V84/><F84/><W11/><G99/><T45/><D45/><U81/><E81/><V124/><F110/><W86/><G86/><T78/><D78/><U0/><E0/><V108/><F108/><W6/><G41/><T2/><D2/><U133/><E133/><RYUUKYOKU ba="1,1" sc="121,15,180,15,399,-15,290,-15" hai0="13,14,36,43,44,66,70,98,102,105,116,118,119" hai1="16,24,25,27,60,61,62" /><INIT seed="3,2,1,1,0,24" ten="136,195,384,275" oya="3" hai0="125,28,63,7,53,37,133,49,91,72,94,44,56" hai1="54,29,121,52,13,59,40,103,51,19,30,98,106" hai2="26,47,69,102,74,87,96,84,83,132,128,118,8" hai3="11,105,32,67,109,89,126,12,0,123,90,2,35"/><W20/><G123/><T73/><D133/><U104/><E104/><V81/><F69/><W46/><G105/><T66/><D125/><U4/><E4/><V42/><F132/><W36/><G67/><T78/><D78/><U80/><E121/><V107/><F118/><W75/><G75/><T10/><D37/><U61/><E80/><V124/><F124/><W120/><G120/><T77/><D77/><U21/><REACH who="1" step="1"/><E40/><REACH who="1" ten="136,185,384,275" step="2"/><V117/><F117/><W64/><G126/><T58/><D28/><U62/><E62/><V18/><F81/><W41/><G109/><T39/><D39/><U76/><E76/><V113/><F113/><W134/><G134/><T79/><D79/><U14/><E14/><V65/><F83/><W88/><G0/><T25/><D25/><U130/><E130/><V116/><F26/><W22/><G2/><T85/><REACH who="0" step="1"/><D44/><AGARI ba="2,2" hai="13,19,21,29,30,44,51,52,54,59,61,98,103,106" machi="44" ten="30,8000,1" yaku="1,1,7,1,52,2,54,1,53,0" doraHai="24" doraHaiUra="1" who="1" fromWho="0" sc="136,-86,185,106,384,0,275,0" owari="50,-45.0,291,9.0,384,48.0,275,-12.0" /></mjloggm>