<mjloggm ver="2.3"><GO type="225" lobby="0"/><UN n0="%E5%A4%9C%E5%8D%8A%E3%81%AE%E5%AF%9D%E8%A6%9A" n1="%E3%83%88%E3%83%88%E3%83%AA%E5%85%88%E7%94%9F%31%39%E6%AD%B3" n2="%E5%B7%B7%E3%81%AE%E6%89%93%E3%81%A1%E6%89%8B" n3="%E3%81%BE%E3%81%99%E3%81%9F%E3%83%BC%EF%BC%A0%E6%9D%B1%E9%A2%A8" dan="17,17,16,16" rate="2149.78,2215.09,2063.17,2060.32" sx="M,F,M,M"/><TAIKYOKU oya="0"/><INIT seed="0,0,0,2,3,107" ten="250,250,250,250" oya="0" hai0="74,99,103,34,85,9,36,43,87,124,22,42,89" hai1="7,39,13,64,120,88,18,14,81,2,76,72,131" hai2="48,17,46,108,52,1,59,100,12,33,4,25,57" hai3="104,111,68,132,116,69,30,134,98,106,67,78,94"/><T82/><D34/><U44/><E120/><V60/><F108/><W90/><G116/><T113/><D113/><U24/><E131/><V97/><F1/><W84/><G111/><T110/><D110/><U75/><E64/><V15/><F33/><W27/><G78/><T71/><D71/><N who="3" m="27209" /><G67/><T23/><D124/><U38/><E75/><V6/><F25/><W96/><G96/><T112/><D112/><U16/><E24/><V126/><F126/><W50/><G50/><T29/><D9/><N who="1" m="2295" /><E38/><V118/><F118/><W128/><G98/><T58/><D58/><U56/><E56/><V8/><F15/><N who="1" m="5641" /><E88/><V11/><F11/><W109/><G128/><T77/><D87/><U0/><E0/><V54/><REACH who="2" step="1"/><F46/><REACH who="2" ten="250,250,240,250" step="2"/><W26/><G26/><T102/><D29/><U130/><E130/><V21/><F21/><N who="3" m="15727" /><G109/><T80/><D23/><U91/><E91/><V41/><F41/><AGARI ba="0,1" hai="16,18,39,41,44,72,76,81" m="5641,2295" machi="41" ten="30,3900,0" yaku="25,1,52,1,54,1" doraHai="107" who="1" fromWho="2" sc="250,0,250,49,240,-39,250,0" /><INIT seed="1,0,0,3,3,92" ten="250,299,201,250" oya="1" hai0="29,43,125,35,54,49,13,38,74,40,62,21,16" hai1="30,76,107,95,122,34,18,128,116,8,104,15,36" hai2="99,45,4,85,65,0,114,77,90,67,55,37,109" hai3="33,112,127,75,101,25,94,64,81,56,39,47,41"/><U46/><E116/><V73/><F109/><W132/><G112/><T82/><D38/><U3/><E122/><V23/><F114/><W133/><G127/><T63/><D125/><U111/><E111/><V106/><F23/><W117/><G117/><T31/><D35/><U69/><E69/><V7/><F7/><W32/><G25/><T102/><D74/><U80/><E128/><V130/><F130/><W93/><G64/><T113/><D113/><U96/><E3/><V44/><F55/><W42/><G56/><N who="0" m="32847" /><D82/><U115/><E115/><V79/><F79/><N who="3" m="44287" /><G42/><N who="0" m="15915" /><D102/><U72/><E46/><V108/><F108/><W50/><G39/><T100/><D100/><U129/><E36/><V1/><F1/><W28/><G101/><T78/><D78/><U24/><E129/><V52/><F77/><W123/><G123/><T19/><D19/><U103/><AGARI ba="0,0" hai="8,15,18,24,30,34,72,76,80,95,96,103,104,107" machi="103" ten="20,3900,0" yaku="0,1,7,1,52,1" doraHai="92" who="1" fromWho="1" sc="250,-13,299,39,201,-13,250,-13" /><INIT seed="1,1,0,4,0,90" ten="237,338,188,237" oya="1" hai0="88,48,75,7,72,110,40,9,51,122,107,19,93" hai1="119,120,0,30,25,115,126,59,58,26,129,127,130" hai2="78,2,8,94,76,15,133,56,83,37,99,61,21" hai3="69,116,102,38,81,62,24,29,91,14,11,18,39"/><U3/><E115/><V60/><F37/><W64/><G116/><T67/><D107/><U20/><E119/><V50/><F133/><W68/><G68/><T95/><D67/><U84/><E84/><V104/><F104/><W17/><G102/><T103/><D19/><N who="1" m="12447" /><E59/><V27/><F2/><N who="1" m="553" /><E58/><V45/><F15/><W117/><G18/><T53/><D40/><U89/><E89/><N who="2" m="55759" /><F8/><W114/><G114/><T12/><D110/><U6/><E6/><V13/><F13/><W54/><G117/><T5/><D122/><U87/><E87/><N who="2" m="48615" /><F56/><W124/><G39/><T10/><D88/><U41/><E41/><N who="2" m="24879" /><F78/><W36/><G36/><T128/><D103/><U96/><E96/><V82/><F82/><W42/><G38/><T80/><D80/><U65/><E120/><V57/><F57/><W105/><G105/><T134/><D12/><U34/><E65/><V101/><F101/><W31/><G81/><T98/><D98/><U79/><E79/><V113/><F113/><W35/><G64/><T132/><D53/><U46/><E46/><V33/><F33/><W100/><G35/><T16/><D16/><AGARI ba="1,0" hai="16,21,27,60,61" m="24879,48615,55759" machi="16" ten="30,3900,0" yaku="8,1,52,1,54,1" doraHai="90" who="2" fromWho="0" sc="237,-42,338,0,188,42,237,0" /><INIT seed="2,0,0,1,0,49" ten="195,338,230,237" oya="2" hai0="28,20,134,106,68,57,14,55,69,18,24,92,53" hai1="97,72,121,74,26,77,32,116,29,33,7,6,132" hai2="12,76,124,54,65,108,73,125,46,22,109,70,35" hai3="42,111,96,91,113,131,107,115,100,89,135,36,10"/><V118/><F118/><W93/><G111/><N who="2" m="42569" /><F35/><W101/><G135/><T103/><D106/><U129/><E116/><V5/><F70/><W9/><G131/><T87/><D134/><U80/><E129/><V58/><F65/><W110/><G110/><T133/><D133/><U0/><E132/><V37/><F73/><W41/><G91/><T117/><D117/><U112/><E112/><N who="3" m="43082" /><G100/><T56/><D69/><U130/><E130/><V83/><F37/><W86/><G36/><T71/><D71/><U61/><E121/><V82/><F46/><W104/><G104/><T105/><D68/><U127/><E72/><N who="2" m="43271" /><F83/><W66/><G66/><T63/><D105/><U30/><E80/><V59/><F59/><W34/><G34/><T120/><D120/><U38/><E74/><V90/><F90/><W60/><G60/><T16/><D14/><U98/><E38/><V75/><F75/><W21/><G21/><T27/><D27/><U2/><E61/><N who="2" m="36055" /><F22/><W119/><G119/><T45/><D45/><U102/><E77/><V44/><F44/><W99/><G99/><N who="0" m="59879" /><D87/><U50/><E102/><V13/><F13/><W17/><G86/><T84/><D84/><U47/><E47/><V48/><F48/><AGARI ba="0,0" hai="16,18,20,24,28,48,53,55,56,57,63" m="59879" machi="48" ten="30,7700,0" yaku="8,1,52,2,54,1" doraHai="49" who="0" fromWho="2" sc="195,77,338,0,230,-77,237,0" /><INIT seed="3,0,0,0,3,118" ten="272,338,153,237" oya="3" hai0="13,31,114,90,30,131,39,106,35,81,61,8,110" hai1="14,66,113,73,18,63,59,58,130,60,127,80,128" hai2="117,62,105,49,91,25,67,33,88,109,27,111,70" hai3="122,36,3,64,55,32,82,119,52,24,95,93,102"/><W96/><G119/><T56/><D39/><U120/><E120/><V132/><F117/><W85/><G122/><T116/><D106/><U79/><E127/><V77/><F132/><W97/><G36/><T129/><D116/><U26/><E26/><V44/><F105/><W43/><G43/><T133/><D90/><U92/><E92/><V103/><F103/><W83/><G3/><T57/><D81/><U68/><E113/><V101/><F101/><W100/><G64/><T7/><D57/><U41/><E41/><V94/><F77/><W6/><G6/><T22/><D56/><U46/><E46/><V1/><F1/><W9/><G9/><T135/><D61/><U78/><E78/><V50/><F91/><W34/><G24/><T121/><D121/><U134/><E134/><N who="0" m="51209" /><D35/><U72/><E72/><V98/><F50/><W104/><G104/><T17/><D114/><U0/><E0/><V51/><F49/><W2/><G2/><N who="0" m="119" /><D110/><U5/><E5/><V42/><REACH who="2" step="1"/><F33/><REACH who="2" ten="272,338,143,237" step="2"/><W75/><G75/><T37/><D37/><U86/><E73/><V38/><F38/><W40/><G40/><T125/><D125/><U74/><E74/><V54/><F54/><W108/><G108/><AGARI ba="0,1" hai="25,27,42,44,51,62,67,70,88,94,98,108,109,111" machi="108" ten="40,5200,0" yaku="1,1,14,1,54,1,53,0" doraHai="118" doraHaiUra="112" who="2" fromWho="3" sc="272,0,338,0,143,62,237,-52" owari="272,7.0,338,43.0,205,-19.0,185,-31.0" /></mjloggm>