<mjloggm ver="2.3"><GO type="97" lobby="0"/><UN n0="%E3%83%88%E3%83%88%E3%83%AA%E5%85%88%E7%94%9F%31%39%E6%AD%B3" n1="%73%61%72%61%7A%6F" n2="%4D%4F%52%54%41" n3="%63%68%6F%74%63%68" dan="14,14,14,13" rate="2044.93,1917.94,1917.58,1861.81" sx="F,M,M,M"/><TAIKYOKU oya="0"/><INIT seed="0,0,0,2,5,26" ten="250,250,250,250" oya="0" hai0="120,115,128,63,31,124,29,50,96,83,36,92,125" hai1="112,20,91,57,27,39,12,121,107,58,9,15,68" hai2="23,40,81,60,110,62,130,93,118,59,108,116,42" hai3="34,47,102,117,44,65,5,46,6,132,94,90,45"/><T49/><D115/><U114/><E39/><V64/><F81/><W30/><G117/><N who="2" m="45161" /><F93/><W18/><G102/><T111/><D120/><U73/><E107/><V38/><F23/><W79/><G79/><T2/><D36/><U105/><E73/><V61/><F130/><W98/><G132/><T11/><D128/><U7/><E105/><V131/><F131/><W104/><G104/><T133/><D133/><U67/><E121/><V127/><F127/><N who="0" m="48714" /><D111/><N who="2" m="42538" /><F38/><W71/><G18/><T43/><D63/><AGARI ba="0,0" hai="40,42,59,60,61,62,63,64" m="42538,45161" machi="63" ten="40,8000,1" yaku="12,1,14,1,34,2" doraHai="26" who="2" fromWho="0" sc="250,-80,250,0,250,80,250,0" /><INIT seed="1,0,0,0,1,18" ten="170,250,330,250" oya="1" hai0="93,117,4,44,95,72,88,52,75,133,39,29,125" hai1="132,37,80,104,92,19,74,1,99,24,47,135,16" hai2="118,64,105,0,82,27,114,102,59,11,22,107,53" hai3="129,31,23,28,76,7,61,73,10,115,5,120,83"/><U41/><E1/><V68/><F118/><W100/><G120/><T96/><D117/><U71/><E71/><V32/><F32/><W111/><G115/><T98/><D133/><N who="1" m="51275" /><E104/><V119/><F82/><W20/><G111/><T45/><D125/><U121/><E121/><V109/><F109/><W46/><G129/><T62/><D4/><U122/><E122/><V55/><F102/><W56/><G100/><T130/><D130/><U9/><E9/><V69/><F11/><W63/><G46/><T14/><D14/><U33/><E80/><V42/><F0/><W110/><G110/><T58/><D29/><N who="3" m="11337" /><G73/><T15/><D15/><U12/><E12/><V66/><F69/><W35/><G35/><T77/><D77/><U123/><E123/><V79/><F79/><W57/><G10/><T8/><D8/><U17/><E33/><V65/><F68/><W108/><G108/><T78/><D78/><U113/><E74/><V124/><F107/><W101/><G101/><T43/><REACH who="0" step="1"/><D44/><REACH who="0" ten="160,250,330,250" step="2"/><U54/><E113/><V6/><F114/><W131/><G131/><T126/><D126/><U21/><E54/><V103/><F55/><N who="3" m="33951" /><G76/><T97/><D97/><U30/><E30/><V48/><F124/><W60/><G5/><T49/><D49/><U85/><E99/><V106/><F6/><W40/><G7/><T112/><D112/><U25/><E25/><V2/><F119/><W87/><G60/><T128/><D128/><U116/><E116/><V13/><F2/><W134/><G63/><T90/><AGARI ba="0,1" hai="39,43,45,52,58,62,72,75,88,90,93,95,96,98" machi="90" ten="20,12000,2" yaku="1,1,0,1,7,1,9,1,54,2,53,0" doraHai="18" doraHaiUra="3" who="0" fromWho="0" sc="160,130,250,-60,330,-30,250,-30" /><INIT seed="2,0,0,3,1,134" ten="290,190,300,220" oya="2" hai0="45,63,34,108,29,33,75,119,19,92,23,73,12" hai1="129,123,39,8,51,81,97,91,72,6,7,48,69" hai2="130,93,122,110,58,47,77,98,133,21,106,124,17" hai3="62,10,127,95,109,90,42,102,100,0,25,14,50"/><V126/><F106/><W86/><G0/><T22/><D108/><U52/><E39/><V132/><F122/><W35/><G35/><T114/><D114/><U80/><E69/><V59/><F77/><W131/><G109/><T15/><D119/><U54/><E123/><V104/><F47/><N who="3" m="25975" /><G131/><T57/><D45/><U96/><E129/><V27/><F104/><W111/><G111/><T2/><D2/><U101/><E91/><V99/><F130/><W79/><G79/><T76/><D92/><U32/><E32/><V71/><F71/><W44/><G44/><T24/><D34/><U118/><E8/><V67/><F110/><W94/><G94/><T65/><D76/><U31/><E31/><V4/><F4/><W55/><G25/><T9/><D33/><U103/><REACH who="1" step="1"/><E72/><REACH who="1" ten="290,180,300,220" step="2"/><V64/><F132/><W37/><G37/><T16/><AGARI ba="0,1" hai="9,12,15,16,19,22,23,24,29,57,63,65,73,75" machi="16" ten="20,2700,0" yaku="0,1,7,1,54,1" doraHai="134" who="0" fromWho="0" sc="290,37,180,-7,300,-13,220,-7" /><INIT seed="3,0,0,5,2,87" ten="327,173,287,213" oya="3" hai0="96,61,129,130,121,16,77,37,133,35,79,131,21" hai1="12,120,30,105,127,99,2,7,80,86,38,34,102" hai2="104,116,93,39,4,59,111,20,106,31,114,112,51" hai3="1,17,32,33,124,10,98,48,81,88,89,115,78"/><W56/><G115/><T50/><D121/><U134/><E38/><V100/><F39/><W40/><G124/><T6/><D37/><U101/><E120/><V135/><F4/><W95/><G33/><T113/><D113/><U123/><E123/><V64/><F114/><W109/><G32/><T41/><D133/><U47/><E127/><V125/><F125/><W63/><G109/><T122/><D122/><U107/><E2/><V23/><F111/><W62/><G1/><T67/><D35/><U65/><E34/><V28/><F116/><W117/><G117/><T82/><D6/><U97/><E30/><V103/><F135/><W110/><G110/><T9/><D9/><U52/><E65/><V0/><F0/><W69/><G69/><N who="0" m="42223" /><D96/><U108/><E108/><V85/><F106/><W57/><G78/><T14/><D82/><U92/><E134/><V19/><F104/><W18/><G40/><T118/><D118/><U13/><E92/><V68/><F68/><W126/><G126/><T3/><D3/><U72/><E72/><V27/><F112/><W44/><G44/><AGARI ba="0,0" hai="14,16,21,41,44,50,77,79,129,130,131" m="42223" machi="44" ten="30,2000,0" yaku="19,1,54,1" doraHai="87" who="0" fromWho="3" sc="327,20,173,0,287,0,213,-20" owari="347,45.0,173,-33.0,287,9.0,193,-21.0" /></mjloggm>