<mjloggm ver="2.3"><GO type="225" lobby="0"/><UN n0="%E7%99%BE%E5%BC%8F%E8%A6%B3%E9%9F%B3" n1="%E3%81%8A%E3%83%BC%E3%81%8F%E3%82%8A%E3%83%BC%E2%99%AA" n2="%E3%82%A6%E3%82%A3%E3%83%83%E3%83%81" n3="%E5%B0%B1%E6%B4%BB%E7%94%9F%40%E5%B7%9D%E6%9D%91%E8%BB%8D%E5%9B%A3" dan="17,17,16,16" rate="2158.35,2145.67,2092.86,2071.86" sx="M,M,F,M"/><TAIKYOKU oya="0"/><INIT seed="0,0,0,5,1,94" ten="250,250,250,250" oya="0" hai0="27,3,110,65,20,44,83,82,80,116,75,24,32" hai1="97,90,16,87,18,106,22,67,98,100,26,74,30" hai2="122,46,37,35,107,48,60,11,42,0,91,119,130" hai3="28,51,34,29,111,92,59,69,89,14,62,70,50"/><T31/><D116/><U96/><E74/><V17/><F122/><W78/><G111/><T113/><D113/><U124/><E124/><V73/><F35/><W108/><G108/><T47/><D110/><U66/><E106/><V55/><F107/><W9/><G78/><T52/><D65/><N who="1" m="24587" /><E100/><V125/><F60/><W5/><G70/><T49/><D3/><U45/><E45/><V93/><F125/><W76/><G76/><T84/><D47/><U95/><AGARI ba="0,0" hai="16,18,22,26,30,87,90,95,96,97,98" m="24587" machi="95" ten="30,8000,1" yaku="8,1,52,3,54,1" doraHai="94" who="1" fromWho="1" sc="250,-40,250,80,250,-20,250,-20" /><INIT seed="1,0,0,1,4,112" ten="210,330,230,230" oya="1" hai0="59,15,90,86,95,45,53,115,103,99,24,40,82" hai1="134,126,46,39,120,133,100,38,56,21,48,89,73" hai2="64,54,32,87,60,27,98,44,111,33,6,18,67" hai3="94,113,96,110,83,10,128,2,124,118,47,91,52"/><U92/><E120/><V101/><F111/><W114/><G110/><T119/><D115/><U65/><E73/><V43/><F6/><W104/><G104/><T50/><D24/><U130/><E100/><V88/><F54/><W14/><G2/><T123/><D15/><U105/><E105/><V41/><F33/><W25/><G124/><T8/><D8/><U0/><E0/><V109/><F109/><W68/><G128/><T74/><D74/><U55/><E126/><V79/><F79/><W17/><G68/><T12/><D12/><U9/><E9/><V31/><F18/><W22/><G118/><T125/><D125/><U1/><E1/><V19/><F19/><W3/><G3/><T37/><REACH who="0" step="1"/><D123/><REACH who="0" ten="200,330,230,230" step="2"/><U116/><E21/><V42/><F27/><W80/><G114/><T132/><D132/><U28/><E133/><V30/><F32/><W85/><G113/><T49/><D49/><U78/><E48/><V51/><F31/><N who="3" m="17847" /><G96/><T72/><D72/><U5/><E28/><V102/><F30/><W117/><G117/><AGARI ba="0,1" hai="37,40,45,50,53,59,82,86,90,95,99,103,117,119" machi="117" ten="40,5200,0" yaku="1,1,52,2,53,0" doraHai="112" doraHaiUra="135" who="0" fromWho="3" sc="200,62,330,0,230,0,230,-52" /><INIT seed="2,0,0,0,2,57" ten="262,330,230,178" oya="2" hai0="60,108,47,28,54,103,2,87,133,115,93,15,58" hai1="124,120,49,22,114,14,126,135,100,20,59,25,34" hai2="130,48,71,90,122,112,23,68,42,92,9,53,70" hai3="84,128,10,6,24,29,35,98,19,110,129,105,69"/><V78/><F112/><W37/><G84/><T125/><D2/><U17/><E114/><V96/><F122/><W72/><G19/><T18/><D115/><U89/><E120/><V43/><F130/><W5/><G5/><T41/><D108/><U38/><E38/><V63/><F78/><W30/><G30/><T32/><D125/><N who="1" m="48235" /><E100/><V123/><F123/><W16/><G72/><T118/><D133/><U127/><E127/><V27/><F9/><W13/><G98/><T109/><D109/><U117/><E117/><V26/><F26/><W4/><G105/><T51/><D28/><N who="1" m="19727" /><E89/><V88/><F90/><W85/><G110/><T81/><D32/><U75/><E75/><V106/><F106/><W104/><G104/><T64/><D118/><U131/><E135/><V101/><F101/><W79/><G37/><T132/><D132/><U134/><E134/><V76/><F76/><W46/><G46/><T31/><D103/><U91/><E91/><V107/><F107/><W74/><G74/><T97/><D31/><U95/><E95/><V66/><F42/><W40/><G40/><T45/><D93/><U86/><E86/><V44/><REACH who="2" step="1"/><F43/><REACH who="2" ten="262,330,220,178" step="2"/><W1/><G6/><T67/><D41/><U52/><E131/><N who="3" m="50250" /><G85/><T99/><D87/><U0/><E0/><V33/><F33/><W61/><G79/><T21/><D97/><U119/><E119/><V50/><F50/><W56/><G69/><T11/><D99/><U77/><E77/><V73/><F73/><W116/><G116/><T94/><D51/><N who="1" m="31135" /><E22/><V55/><F55/><N who="3" m="33951" /><G1/><T62/><D21/><N who="1" m="11447" /><E49/><V121/><F121/><RYUUKYOKU ba="0,1" sc="262,-30,330,10,220,10,178,10" hai1="20" hai2="23,27,44,48,53,63,66,68,70,71,88,92,96" hai3="4,10,13,16,24,29,35" /><INIT seed="2,1,1,1,3,65" ten="232,340,230,188" oya="2" hai0="84,6,38,81,88,116,96,83,120,110,19,48,82" hai1="9,102,27,91,41,130,133,123,63,62,44,52,111" hai2="73,56,135,37,98,94,128,1,53,35,2,8,72" hai3="46,107,106,7,40,101,80,51,0,61,3,112,22"/><V16/><F35/><W85/><G112/><T95/><D38/><U25/><E123/><V68/><F37/><W30/><G3/><T122/><D6/><U45/><E130/><V66/><F128/><W75/><G75/><T13/><D110/><U131/><E131/><V33/><F33/><W129/><G129/><T57/><D116/><U15/><E111/><V105/><F105/><W14/><G0/><T43/><D122/><U74/><E74/><V10/><F2/><W109/><G109/><T17/><D120/><U77/><E77/><V36/><F36/><W39/><G39/><T59/><D17/><U31/><E102/><V100/><F135/><W87/><G87/><T121/><D121/><U42/><E91/><V119/><F119/><W47/><G101/><N who="0" m="60575" /><D43/><N who="1" m="16395" /><E31/><V29/><F1/><W97/><G47/><N who="1" m="17994" /><E63/><V92/><F29/><W11/><G61/><T49/><D82/><U134/><E134/><V114/><F114/><W20/><G97/><T99/><D99/><U32/><E32/><V113/><F113/><W104/><REACH who="3" step="1"/><G30/><REACH who="3" ten="232,340,230,178" step="2"/><T79/><D84/><U103/><E133/><V125/><F73/><W124/><G124/><T4/><D49/><U54/><E103/><V76/><F125/><W90/><AGARI ba="1,2" hai="7,11,14,20,22,40,46,51,80,85,90,104,106,107" machi="90" ten="30,2000,0" yaku="1,1,0,1,53,0" doraHai="65" doraHaiUra="50" who="3" fromWho="3" sc="232,-6,340,-6,230,-11,178,43" /><INIT seed="3,0,0,5,3,68" ten="226,334,219,221" oya="3" hai0="135,121,24,44,7,27,34,55,61,111,125,71,78" hai1="15,101,70,105,16,118,58,102,116,57,41,79,122" hai2="43,23,128,9,84,2,66,114,115,33,87,28,22" hai3="38,37,131,127,119,113,89,74,51,134,45,129,10"/><W126/><G113/><N who="2" m="43017" /><F66/><W0/><G74/><T94/><D121/><U25/><E79/><V132/><F84/><W18/><G134/><T106/><D135/><U1/><E25/><N who="2" m="18575" /><F87/><W85/><G0/><T39/><D34/><U3/><E1/><V98/><F98/><W6/><G6/><T59/><D106/><U69/><E41/><V112/><F43/><N who="3" m="25023" /><G18/><T21/><D71/><N who="1" m="27147" /><E3/><V4/><F112/><W108/><G10/><T46/><D7/><U82/><E82/><V40/><F40/><W67/><G67/><T54/><D54/><U90/><E122/><V53/><F53/><W65/><G65/><T93/><D55/><U99/><E102/><V107/><F107/><W130/><G108/><T64/><D111/><U88/><E58/><V97/><F97/><W60/><G60/><T31/><D61/><U29/><E57/><V117/><F132/><W47/><G119/><N who="1" m="45610" /><E29/><V77/><F117/><W36/><G47/><T14/><D44/><U83/><E83/><AGARI ba="0,0" hai="36,37,38,83,85,89,126,127,129,130,131" m="25023" machi="83" ten="40,12000,1" yaku="19,1,52,3" doraHai="68" who="3" fromWho="1" sc="226,0,334,-120,219,0,221,120" owari="226,3.0,214,-29.0,219,-18.0,341,44.0" /></mjloggm>