<mjloggm ver="2.3"><GO type="169" lobby="0"/><UN n0="%E3%83%AB%E3%82%BF%E3%82%B9%E3%82%B1" n1="%E3%82%B5%E3%83%9C" n2="%74%61%74%73%75%37%30%32" n3="%E3%82%A6%E3%83%AB%E3%83%88%E3%83%A9%E7%AB%8B%E7%9B%B4" dan="16,16,16,17" rate="2163.59,2108.80,2165.14,2160.03" sx="M,M,M,M"/><TAIKYOKU oya="0"/><INIT seed="0,0,0,5,1,75" ten="250,250,250,250" oya="0" hai0="57,2,62,80,92,56,76,30,110,44,101,11,97" hai1="99,135,20,59,22,43,121,8,36,34,17,33,31" hai2="12,127,28,104,60,69,67,42,18,95,125,63,108" hai3="82,6,35,132,116,85,106,46,72,91,98,41,78"/><T83/><D110/><U131/><E121/><V49/><F104/><W81/><G35/><T109/><D109/><U16/><E131/><V15/><F108/><W134/><G6/><T32/><D44/><U118/><E118/><V102/><F28/><W100/><REACH who="3" step="1"/><G116/><REACH who="3" ten="250,250,250,240" step="2"/><T61/><D2/><U37/><E34/><V14/><F63/><W54/><G54/><T122/><D122/><U84/><E33/><V128/><F128/><W77/><G77/><T86/><D32/><U64/><E64/><V133/><F133/><W123/><G123/><T89/><D30/><U124/><E31/><V114/><F114/><W112/><G112/><T29/><D29/><U1/><E135/><V87/><F18/><W38/><AGARI ba="0,1" hai="38,41,46,72,78,81,82,85,91,98,100,106,132,134" machi="38" ten="30,4000,0" yaku="1,1,0,1,52,1,53,0" doraHai="75" doraHaiUra="9" who="3" fromWho="3" sc="250,-20,250,-10,250,-10,240,50" /><INIT seed="1,0,0,1,1,11" ten="230,240,240,290" oya="1" hai0="25,30,117,107,17,134,99,83,39,10,124,75,43" hai1="92,131,69,88,126,14,74,12,73,115,78,5,103" hai2="19,79,9,2,72,96,6,106,13,113,23,22,84" hai3="4,108,40,49,8,119,122,26,56,68,118,65,110"/><U81/><E115/><V18/><F72/><W54/><G122/><T38/><D117/><N who="3" m="44553" /><G26/><T36/><D43/><U47/><E69/><V100/><F113/><W132/><G132/><T109/><D109/><N who="3" m="42089" /><G40/><T0/><D124/><U125/><E131/><V53/><F53/><W44/><G68/><T16/><D134/><U120/><E120/><V20/><REACH who="2" step="1"/><F2/><REACH who="2" ten="230,240,230,290" step="2"/><W130/><G130/><T28/><D0/><U94/><E74/><V82/><AGARI ba="0,1" hai="6,9,13,18,19,20,22,23,79,82,84,96,100,106" machi="82" ten="30,8000,1" yaku="1,1,2,1,0,1,52,1,53,1" doraHai="11" doraHaiUra="101" who="2" fromWho="2" sc="230,-20,240,-40,230,90,290,-20" /><INIT seed="2,0,0,2,5,67" ten="210,200,320,270" oya="2" hai0="35,128,7,133,105,40,56,122,69,15,64,112,11" hai1="113,21,100,10,54,6,62,77,65,89,2,28,61" hai2="30,33,58,96,79,92,60,9,29,55,131,63,109" hai3="44,88,110,95,46,3,127,76,68,47,87,99,36"/><V19/><F131/><W126/><G3/><T121/><D105/><U24/><E113/><V49/><F109/><W78/><G36/><T94/><D112/><U37/><E37/><V84/><F33/><W66/><G110/><T86/><D35/><U111/><E111/><V108/><F108/><W0/><G0/><T130/><D133/><U120/><E120/><V31/><F79/><W42/><G42/><T106/><D106/><U125/><E125/><N who="3" m="47626" /><G99/><T85/><D40/><U129/><E129/><N who="0" m="49769" /><D56/><U57/><E100/><N who="2" m="60423" /><F84/><N who="0" m="32362" /><D94/><U59/><E77/><N who="3" m="29802" /><G66/><T74/><D74/><U4/><E4/><V39/><F39/><W107/><G107/><T25/><D25/><U48/><REACH who="1" step="1"/><E89/><REACH who="1" ten="210,190,320,270" step="2"/><V82/><F82/><W12/><G12/><AGARI ba="0,1" hai="9,12,19,29,30,31,49,55,58,60,63" m="60423" machi="12" ten="30,1500,0" yaku="8,1" doraHai="67" who="2" fromWho="3" sc="210,0,190,0,320,25,270,-15" /><INIT seed="2,1,0,1,1,18" ten="210,190,345,255" oya="2" hai0="76,103,122,5,72,94,28,125,83,117,62,25,34" hai1="66,84,128,99,16,105,74,82,31,61,7,121,35" hai2="1,49,132,104,106,135,46,51,38,113,44,55,54" hai3="78,102,43,36,109,8,52,68,80,12,91,111,2"/><V123/><F1/><W19/><G68/><T20/><D122/><U59/><E128/><V120/><REACH who="2" step="1"/><F38/><REACH who="2" ten="210,190,335,255" step="2"/><W126/><G2/><T32/><D117/><U21/><E121/><V134/><F134/><W129/><G36/><T3/><D125/><U108/><E108/><V70/><F70/><W79/><G126/><T85/><D62/><U13/><E74/><V89/><F89/><W30/><G91/><T119/><D119/><U40/><E40/><V118/><F118/><W6/><G43/><T37/><D37/><U67/><E7/><V71/><F71/><W26/><G6/><T127/><D127/><U15/><E15/><V100/><F100/><W50/><G102/><T116/><D116/><U65/><E13/><V73/><F73/><W56/><G129/><T4/><D4/><U114/><E114/><AGARI ba="1,1" hai="44,46,49,51,54,55,104,106,113,114,120,123,132,135" machi="114" ten="25,4800,0" yaku="1,1,22,2,53,0" doraHai="18" doraHaiUra="97" who="2" fromWho="1" sc="210,0,190,-51,335,61,255,0" /><INIT seed="2,2,0,2,3,131" ten="210,139,396,255" oya="2" hai0="112,91,97,129,49,57,123,33,127,28,106,95,75" hai1="133,121,70,134,1,42,13,93,22,11,102,18,54" hai2="21,29,120,50,41,14,79,66,77,31,116,128,30" hai3="51,82,73,5,81,39,36,125,34,71,80,114,76"/><V44/><F128/><W47/><G71/><T78/><D129/><U23/><E70/><V0/><F0/><W110/><G110/><T9/><D123/><U117/><E117/><V85/><F116/><W64/><G64/><T7/><D112/><U61/><E121/><V65/><F120/><W68/><G68/><T74/><D127/><U104/><E104/><V83/><F79/><W87/><G125/><T10/><D10/><U19/><E42/><V62/><F62/><W38/><G34/><T58/><D106/><U88/><E102/><V17/><AGARI ba="2,0" hai="14,17,21,29,30,31,41,44,50,65,66,77,83,85" machi="17" ten="30,3000,0" yaku="0,1,8,1" doraHai="131" who="2" fromWho="2" sc="210,-12,139,-12,396,36,255,-12" /><INIT seed="2,3,0,4,2,81" ten="198,127,432,243" oya="2" hai0="18,78,112,85,125,98,55,31,36,17,57,116,114" hai1="66,127,86,83,91,11,121,76,126,54,37,99,20" hai2="6,122,45,62,92,73,15,102,107,60,9,25,22" hai3="108,16,117,4,124,75,110,29,113,10,12,129,47"/><V50/><F122/><W0/><G75/><T28/><D36/><U97/><E37/><V7/><F107/><W27/><G47/><T134/><D134/><U58/><E66/><V88/><F73/><W106/><G106/><T79/><D125/><N who="1" m="47627" /><E121/><V30/><F102/><W119/><G124/><T41/><D41/><U14/><E20/><V68/><F7/><W42/><G42/><T5/><D5/><N who="1" m="3439" /><E76/><V3/><F3/><W70/><G70/><T53/><D116/><N who="3" m="44617" /><G129/><T94/><D57/><U61/><AGARI ba="3,0" hai="54,58,61,83,86,91,97,99" m="3439,47627" machi="61" ten="30,2000,0" yaku="18,1,52,1" doraHai="81" who="1" fromWho="1" sc="198,-8,127,29,432,-13,243,-8" /><INIT seed="3,0,0,4,0,74" ten="190,156,419,235" oya="3" hai0="84,24,79,133,48,113,107,131,29,10,4,109,95" hai1="43,114,26,49,8,15,92,57,123,32,60,101,34" hai2="40,14,21,65,55,7,19,119,63,41,132,54,87" hai3="33,77,39,94,36,37,105,117,0,22,88,91,81"/><W64/><G33/><T2/><D107/><U98/><E114/><V68/><F119/><W50/><G105/><T69/><D113/><U13/><E123/><V75/><F75/><W100/><G117/><T16/><D69/><U70/><E70/><V1/><F132/><W42/><G0/><T35/><D133/><U125/><E125/><V30/><F30/><W128/><G128/><T5/><D5/><U62/><E15/><V111/><F111/><W9/><G9/><T51/><D109/><U110/><E110/><V99/><F99/><W96/><G64/><T46/><D46/><U6/><E26/><V31/><F31/><W89/><G22/><T45/><D45/><U28/><E28/><V53/><F87/><W127/><G127/><T118/><D118/><U72/><E72/><V121/><F121/><W104/><G50/><T25/><D131/><U116/><E116/><V86/><F86/><W38/><G38/><T20/><REACH who="0" step="1"/><D95/><REACH who="0" ten="180,156,419,235" step="2"/><U47/><REACH who="1" step="1"/><E62/><REACH who="1" ten="180,146,419,235" step="2"/><V3/><F3/><W12/><G104/><T135/><D135/><U106/><E106/><V129/><F129/><W67/><G12/><T61/><D61/><U112/><E112/><V52/><N who="2" m="13312" /><DORA hai="83" /><V85/><F1/><W80/><G94/><T78/><D78/><U122/><E122/><V59/><F68/><W93/><G77/><T27/><D27/><U108/><E108/><V71/><F71/><W44/><G37/><T76/><D76/><U124/><E124/><V23/><F63/><W115/><G39/><T18/><D18/><U17/><E17/><V97/><F19/><W56/><G115/><RYUUKYOKU ba="0,2" sc="180,10,146,10,419,-30,235,10" hai0="2,4,10,16,20,24,25,29,35,48,51,79,84" hai1="6,8,13,32,34,43,47,49,57,60,92,98,101" hai3="36,42,44,56,67,80,81,88,89,91,93,96,100" /><INIT seed="3,1,2,5,5,82" ten="190,156,389,245" oya="3" hai0="53,87,92,74,5,51,112,80,3,63,1,113,101" hai1="45,39,54,75,12,14,19,26,120,135,93,98,61" hai2="35,99,48,88,60,116,23,50,44,65,55,84,59" hai3="64,109,2,97,103,81,95,105,107,89,56,29,31"/><W130/><G2/><T79/><D63/><U111/><E120/><V62/><F35/><W91/><G130/><T115/><D5/><U133/><E75/><V32/><F32/><W11/><G109/><T123/><D123/><U71/><E111/><V57/><F116/><W7/><G107/><T30/><D30/><U128/><E128/><V22/><F99/><W122/><G122/><T58/><D74/><U108/><E108/><V127/><F127/><W96/><G64/><T78/><D78/><U85/><E85/><V13/><F13/><W90/><G56/><T21/><D21/><N who="1" m="13631" /><E71/><V86/><F86/><W100/><REACH who="3" step="1"/><G81/><REACH who="3" ten="190,156,389,235" step="2"/><T68/><D68/><U43/><E61/><V106/><F106/><W9/><G9/><T132/><D132/><N who="1" m="50763" /><E54/><N who="2" m="29959" /><F62/><W125/><G125/><T114/><D112/><U16/><E16/><V73/><F73/><W40/><G40/><T69/><D69/><U37/><E37/><V15/><F15/><W24/><G24/><T17/><D17/><U94/><E94/><AGARI ba="1,3" hai="22,23,50,55,57,59,60,65,84,88,94" m="29959" machi="94" ten="30,3900,0" yaku="8,1,52,1,54,1" doraHai="82" who="2" fromWho="1" sc="190,0,156,-42,389,72,235,0" /><INIT seed="4,0,0,0,5,84" ten="190,114,461,235" oya="0" hai0="61,75,26,110,116,91,39,67,33,102,47,82,11" hai1="113,103,88,73,50,21,125,79,30,70,8,34,13" hai2="4,42,56,37,65,135,124,123,25,27,32,63,132" hai3="76,51,15,2,9,71,19,1,36,29,90,97,45"/><T18/><D116/><U0/><E70/><V104/><F104/><W46/><G71/><T17/><D102/><U6/><E125/><V111/><F124/><W126/><G126/><T22/><D110/><U62/><E103/><V87/><F111/><W14/><G76/><T24/><D11/><U66/><E113/><V117/><F123/><W54/><G29/><T118/><D118/><U121/><E121/><V41/><F117/><W105/><G105/><T31/><D39/><U101/><E101/><V96/><F96/><W28/><G28/><T98/><D47/><U106/><E106/><V10/><F87/><W99/><G99/><T81/><D75/><U40/><E73/><V74/><F74/><W77/><G77/><T115/><D115/><U95/><E79/><V55/><F55/><W120/><G120/><T134/><D134/><N who="2" m="51242" /><F32/><W78/><G78/><T64/><D17/><N who="1" m="10415" /><E40/><N who="2" m="15467" /><F37/><W89/><G36/><T127/><D127/><U58/><E50/><V109/><F109/><W130/><G130/><T53/><D53/><U83/><E83/><V57/><F56/><N who="3" m="32863" /><G1/><AGARI ba="0,0" hai="1,4,10,25,27,57,63,65" m="15467,51242" machi="1" ten="30,1000,0" yaku="20,1" doraHai="84" who="2" fromWho="3" sc="190,0,114,0,461,10,235,-10" /><INIT seed="5,0,0,4,4,10" ten="190,114,471,225" oya="1" hai0="20,38,87,77,106,78,35,55,61,96,51,8,127" hai1="13,94,23,40,21,34,64,27,115,31,131,100,97" hai2="26,54,81,46,132,29,53,68,69,90,5,82,104" hai3="11,43,30,67,72,117,44,6,119,125,108,73,83"/><U92/><E115/><V45/><F104/><W66/><G30/><T121/><D35/><U1/><E131/><V12/><F132/><W110/><G67/><T86/><D38/><U22/><E1/><V95/><F69/><W134/><G66/><T48/><D127/><U71/><E40/><V112/><F68/><W49/><G125/><T39/><D39/><U114/><E114/><V33/><F54/><W15/><G134/><T52/><D61/><U122/><E122/><V59/><F46/><W85/><G73/><T126/><D126/><U80/><E80/><V84/><F45/><W7/><G7/><T41/><D41/><U124/><E124/><V99/><F112/><W70/><G70/><T50/><D20/><U128/><E128/><V17/><F5/><W56/><G56/><T4/><D96/><U129/><E129/><V18/><F18/><W37/><G72/><T19/><D106/><U60/><REACH who="1" step="1"/><E13/><REACH who="1" ten="190,104,471,225" step="2"/><V65/><F82/><W109/><G37/><T118/><D121/><U102/><E102/><V58/><F12/><W28/><G110/><T91/><D118/><U103/><E103/><V130/><F81/><W42/><G109/><T63/><D63/><U3/><E3/><V25/><F130/><W120/><G108/><T123/><D123/><U2/><E2/><V111/><F111/><W107/><G120/><T113/><D113/><U75/><E75/><V62/><F90/><W98/><G43/><T36/><D91/><U93/><AGARI ba="0,1" hai="21,22,23,27,31,34,60,64,71,92,93,94,97,100" machi="93" ten="30,3000,0" yaku="1,1,0,1,53,0" doraHai="10" doraHaiUra="105" who="1" fromWho="1" sc="190,-10,104,40,471,-10,225,-10" /><INIT seed="5,1,0,2,1,16" ten="180,144,461,215" oya="1" hai0="50,122,133,110,90,4,103,54,63,99,123,49,27" hai1="32,57,67,1,71,70,68,53,25,39,31,26,29" hai2="95,66,37,38,121,87,65,91,9,17,97,33,125" hai3="81,40,41,23,131,8,105,73,100,35,93,56,124"/><U111/><E1/><V64/><F121/><N who="0" m="46090" /><D110/><U86/><E39/><V46/><F33/><W2/><G35/><T115/><D4/><U94/><E111/><V0/><F125/><W5/><G105/><T98/><D133/><U42/><E42/><V30/><F30/><W59/><G124/><T79/><D79/><U18/><E18/><V62/><F38/><W43/><G131/><T120/><D120/><U51/><E67/><V127/><F127/><W36/><G36/><T129/><D115/><U107/><E107/><V130/><F130/><W117/><G117/><T104/><D27/><U80/><E94/><V85/><F46/><W84/><G73/><T77/><D77/><U72/><E72/><V75/><F75/><W48/><G48/><T3/><D3/><U44/><E44/><V12/><F37/><W92/><G56/><N who="0" m="35223" /><D129/><U132/><E132/><V128/><F0/><W134/><G59/><T108/><D108/><U109/><E109/><V102/><F128/><W112/><G112/><T47/><D47/><U118/><E118/><V113/><F113/><W13/><G134/><T11/><D11/><U78/><REACH who="1" step="1"/><E71/><REACH who="1" ten="180,134,461,215" step="2"/><V126/><F126/><W76/><G93/><AGARI ba="1,1" hai="49,50,90,93,98,99,103,104" m="35223,46090" machi="93" ten="30,1000,0" yaku="13,1" doraHai="16" who="0" fromWho="3" sc="180,23,134,0,461,0,215,-13" /><INIT seed="6,0,0,1,5,28" ten="203,134,461,202" oya="2" hai0="11,41,123,88,48,5,128,81,51,80,3,53,72" hai1="98,56,107,54,111,40,20,58,103,84,71,32,38" hai2="9,93,116,36,31,47,120,16,15,64,122,24,82" hai3="62,43,13,90,125,52,131,29,7,130,50,97,83"/><V92/><F116/><W109/><G109/><T6/><D123/><U73/><E111/><V8/><F64/><W87/><G29/><T119/><D119/><U18/><E73/><V67/><F67/><W79/><G125/><T22/><D128/><N who="3" m="49193" /><G62/><T17/><D41/><U68/><E38/><V12/><F82/><W105/><G43/><T106/><D106/><U65/><E40/><V113/><F47/><N who="3" m="27743" /><G105/><T66/><D66/><U121/><E121/><V76/><F113/><W70/><G70/><T96/><D72/><U85/><E32/><V117/><F36/><W86/><G97/><T0/><D48/><U99/><E99/><V59/><F117/><W46/><G46/><T89/><D96/><U21/><E68/><V75/><F59/><W104/><G104/><T77/><D51/><U94/><E107/><V78/><F75/><N who="3" m="43519" /><G90/><T112/><D112/><U134/><E71/><V126/><F126/><W39/><G39/><T63/><D63/><N who="1" m="38135" /><E134/><V45/><F45/><W127/><G127/><T101/><D77/><N who="2" m="29802" /><F122/><W60/><G60/><T35/><D35/><U100/><E100/><V44/><F44/><W30/><G30/><T14/><D101/><U133/><E133/><V23/><F120/><W91/><G91/><T37/><D37/><U4/><E4/><AGARI ba="0,0" hai="4,8,9,12,15,16,23,24,31,92,93" m="29802" machi="4" ten="30,2900,0" yaku="8,1,54,1" doraHai="28" who="2" fromWho="1" sc="203,0,134,-29,461,29,202,0" /><INIT seed="6,1,0,2,3,60" ten="203,105,490,202" oya="2" hai0="0,19,31,78,77,134,58,132,5,17,127,29,50" hai1="24,47,76,92,73,117,119,115,68,75,42,79,2" hai2="14,36,48,121,32,95,80,108,70,11,104,107,4" hai3="8,25,133,21,131,38,9,93,10,27,64,97,126"/><V49/><F36/><W125/><G38/><T112/><D127/><N who="3" m="48649" /><G131/><T23/><D112/><U35/><E92/><V51/><F121/><W123/><G123/><T98/><D98/><U111/><E111/><V94/><F108/><W81/><G133/><N who="0" m="51307" /><D5/><U90/><E90/><V106/><F32/><W65/><G81/><T33/><D33/><U85/><E85/><V63/><REACH who="2" step="1"/><F80/><REACH who="2" ten="203,105,480,202" step="2"/><W6/><G6/><T101/><D0/><U41/><E2/><V72/><F72/><W122/><G122/><T28/><D23/><U18/><E73/><V88/><F88/><N who="3" m="55463" /><G25/><T67/><D101/><U116/><E75/><V105/><N who="2" m="26624" /><DORA hai="56" /><V82/><F82/><W113/><G113/><T57/><D78/><U102/><E115/><V86/><F86/><W74/><G74/><T96/><D77/><U110/><E79/><V1/><F1/><W114/><G114/><T91/><D91/><U15/><E76/><V7/><F7/><W83/><G83/><T54/><D96/><U66/><E110/><V120/><F120/><W22/><G22/><T118/><D118/><U103/><E103/><V129/><F129/><W55/><G21/><T59/><D67/><AGARI ba="1,1" hai="4,11,14,48,49,51,63,67,70,94,95" m="26624" machi="67" ten="70,12000,1" yaku="1,1,52,2,53,0" doraHai="60,56" doraHaiUra="40,135" who="2" fromWho="0" sc="203,-123,105,0,480,133,202,0" /><INIT seed="6,2,0,1,0,38" ten="80,105,613,202" oya="2" hai0="81,68,135,40,7,123,118,44,134,13,117,65,114" hai1="129,121,106,76,11,16,19,58,105,21,73,72,104" hai2="42,91,94,86,80,5,115,53,74,24,119,54,128" hai3="95,26,64,88,62,56,29,90,4,132,39,130,70"/><V18/><F119/><W43/><G130/><T93/><D123/><U2/><E129/><V14/><F128/><W10/><G132/><N who="0" m="50731" /><D81/><U97/><E121/><V22/><F115/><W47/><G95/><T34/><D34/><U15/><E76/><V32/><F42/><W120/><G70/><T33/><D33/><U112/><E112/><V66/><F66/><W82/><G82/><T83/><D93/><U110/><E110/><V107/><F107/><W101/><G101/><T45/><D45/><U131/><E131/><V92/><F74/><W99/><G99/><T52/><D114/><U71/><E71/><V124/><F124/><W0/><G120/><T133/><N who="0" m="50739" /><T77/><DORA hai="100" /><D65/><U23/><E97/><V20/><F32/><AGARI ba="2,0" hai="0,4,10,26,29,32,39,43,47,56,62,64,88,90" machi="32" ten="30,3900,0" yaku="7,1,52,1,54,1" doraHai="38,100" who="3" fromWho="2" sc="80,0,105,0,613,-45,202,45" /><INIT seed="7,0,0,1,0,45" ten="80,105,568,247" oya="3" hai0="14,104,52,6,103,102,0,112,81,122,66,18,84" hai1="44,125,47,108,129,71,21,83,134,135,130,75,69" hai2="24,5,111,40,41,28,60,32,2,25,59,39,36" hai3="50,93,98,79,114,74,22,64,37,120,100,128,97"/><W86/><G37/><T80/><D122/><U123/><E123/><V105/><F105/><W99/><G64/><T1/><D104/><U72/><E108/><V76/><F111/><W7/><G7/><T19/><D66/><U110/><E110/><V35/><F76/><W62/><G62/><T87/><D6/><U61/><E21/><V70/><F41/><W8/><G8/><T12/><REACH who="0" step="1"/><D52/><REACH who="0" ten="70,105,568,247" step="2"/><U33/><E61/><V3/><F40/><W15/><G120/><T67/><D67/><U78/><E125/><V63/><F59/><W9/><G128/><N who="1" m="49258" /><E33/><V54/><F54/><W96/><G114/><AGARI ba="0,1" hai="0,1,12,14,18,19,80,81,84,87,102,103,112,114" machi="114" ten="25,3200,0" yaku="1,1,22,2,53,0" doraHai="45" doraHaiUra="48" who="0" fromWho="3" sc="70,42,105,0,568,0,247,-32" owari="112,-29.0,105,-39.0,568,66.0,215,2.0" /></mjloggm>