<mjloggm ver="2.3"><GO type="97" lobby="0"/><UN n0="%E3%81%86%E3%81%A3%E3%81%8B%E3%82%8A%E5%85%AB%E5%85%B5%E8%A1%9B" n1="%73%61%69%67%6F%6E%6F" n2="%E3%83%88%E3%83%88%E3%83%AA%E5%85%88%E7%94%9F%31%39%E6%AD%B3" n3="%E6%89%8B%E5%BD%B9%E3%82%A2%E3%83%BC%E3%83%86%E3%82%A3%E3%82%B9%E3%83%88" dan="14,14,15,15" rate="1984.43,1959.19,2078.93,1922.65" sx="M,M,F,M"/><TAIKYOKU oya="0"/><INIT seed="0,0,0,1,0,121" ten="250,250,250,250" oya="0" hai0="113,13,96,99,24,100,122,8,65,27,116,97,108" hai1="110,114,90,64,55,39,130,49,20,86,5,18,35" hai2="89,28,117,81,31,111,98,75,51,3,47,91,109" hai3="103,87,40,93,82,72,12,33,50,78,9,26,85"/><T19/><D122/><U77/><E35/><V79/><F3/><W84/><G33/><T76/><D116/><U126/><E39/><V124/><F117/><W4/><G26/><T62/><D113/><U58/><E114/><V2/><F2/><W36/><G36/><T10/><D76/><U61/><E126/><V70/><F70/><W92/><G103/><T43/><D43/><U123/><E123/><V29/><F124/><W94/><G72/><T128/><D128/><U48/><E130/><V53/><F98/><W60/><G60/><T125/><D125/><U133/><E133/><V115/><F115/><W0/><G0/><T22/><D100/><U41/><E5/><V68/><F68/><W6/><REACH who="3" step="1"/><G4/><REACH who="3" ten="250,250,250,240" step="2"/><T134/><D134/><U63/><E63/><V66/><REACH who="2" step="1"/><F66/><REACH who="2" ten="250,250,240,240" step="2"/><W105/><G105/><T34/><D34/><U83/><E64/><V46/><F46/><AGARI ba="0,2" hai="6,9,12,40,46,50,78,82,84,85,87,92,93,94" machi="46" ten="40,8000,1" yaku="1,1,25,2,8,1,53,1" doraHai="121" doraHaiUra="37" who="3" fromWho="2" sc="250,0,250,0,240,-80,240,100" /><INIT seed="1,0,0,3,0,94" ten="250,250,160,340" oya="1" hai0="19,65,128,3,60,26,35,135,62,16,83,52,84" hai1="99,33,37,111,127,45,107,90,58,74,38,133,61" hai2="92,12,103,57,110,54,39,88,75,126,2,91,114" hai3="8,95,29,55,80,67,36,59,129,79,11,41,4"/><U31/><E74/><V78/><F2/><W23/><G129/><T9/><D128/><U93/><E107/><V48/><F39/><W89/><G67/><T115/><D115/><U30/><E127/><V108/><F126/><W86/><G41/><T96/><D135/><U1/><E1/><V7/><F114/><W50/><G36/><T97/><D3/><U42/><E133/><V106/><F78/><W131/><G131/><T46/><D35/><U63/><E111/><N who="2" m="42539" /><F75/><W118/><G118/><T49/><D65/><U77/><E77/><V112/><F106/><W13/><G11/><T34/><D34/><U6/><E6/><V0/><F0/><W109/><G109/><T47/><D47/><U122/><E122/><V105/><F105/><W121/><G121/><T10/><D26/><U22/><E38/><V72/><F72/><W68/><G68/><T73/><D73/><U32/><E32/><V53/><F112/><W101/><G101/><T87/><D10/><U24/><REACH who="1" step="1"/><E58/><REACH who="1" ten="250,240,160,340" step="2"/><N who="2" m="33063" /><F7/><W64/><G4/><T15/><D19/><U132/><E132/><V116/><F116/><W27/><G79/><N who="0" m="46207" /><D87/><U44/><E44/><V117/><F117/><W130/><G86/><T113/><D113/><U98/><E98/><AGARI ba="0,1" hai="9,15,16,46,49,52,60,62,96,97,98" m="46207" machi="98" ten="30,12000,2" yaku="8,1,52,3,54,2" doraHai="94" who="0" fromWho="1" sc="250,130,240,-120,160,0,340,0" /><INIT seed="2,0,0,0,5,36" ten="380,120,160,340" oya="2" hai0="99,133,26,0,122,10,83,64,60,16,71,88,72" hai1="44,49,41,5,20,34,103,22,97,40,63,43,115" hai2="11,131,106,119,9,93,123,48,125,75,127,90,19" hai3="42,92,12,59,61,134,39,80,7,81,86,79,111"/><V23/><F119/><W135/><G111/><T132/><D122/><U112/><E34/><V89/><F123/><W114/><G114/><T70/><D0/><U62/><E5/><V2/><F106/><W128/><G128/><T67/><D72/><U77/><E77/><V117/><F117/><W98/><G80/><T110/><D110/><U76/><E76/><V91/><F75/><W52/><G7/><T126/><D126/><N who="2" m="48138" /><F131/><W30/><G30/><T46/><D46/><U100/><E115/><V28/><F28/><W17/><G39/><T68/><D60/><N who="1" m="23083" /><E112/><V109/><F109/><W6/><G6/><T120/><D120/><U18/><E20/><V24/><F2/><W50/><G135/><N who="0" m="51787" /><D26/><N who="1" m="14679" /><E97/><N who="2" m="57519" /><F48/><W74/><G74/><T129/><D129/><U32/><E32/><V101/><F101/><AGARI ba="0,0" hai="40,41,43,44,49,100,101,103" m="14679,23083" machi="101" ten="30,7700,0" yaku="8,1,52,3" doraHai="36" who="1" fromWho="2" sc="380,0,120,77,160,-77,340,0" /><INIT seed="3,0,0,1,3,61" ten="380,197,83,340" oya="3" hai0="72,52,97,130,17,90,95,20,101,124,4,94,121" hai1="32,96,116,127,81,1,50,60,70,71,126,34,87" hai2="29,47,42,108,105,106,69,80,68,120,78,88,111" hai3="122,66,109,77,10,38,18,2,58,67,36,131,82"/><W56/><G122/><T104/><D72/><U9/><E96/><V132/><F120/><W114/><G114/><T102/><D121/><U8/><E116/><V65/><F132/><W64/><G131/><T99/><D130/><U118/><E118/><V5/><F29/><W7/><G109/><T54/><D124/><N who="1" m="47659" /><E50/><V129/><F129/><W83/><G18/><T12/><D4/><N who="1" m="1039" /><E9/><V41/><F5/><W73/><REACH who="3" step="1"/><G83/><REACH who="3" ten="380,197,83,330" step="2"/><T117/><D117/><U24/><E81/><V86/><F80/><W110/><G110/><T13/><D13/><U100/><E24/><V74/><F74/><W85/><G85/><AGARI ba="0,1" hai="12,17,20,52,54,85,90,94,95,97,99,101,102,104" machi="85" ten="30,2000,0" yaku="7,1,54,1" doraHai="61" who="0" fromWho="3" sc="380,30,197,0,83,0,330,-20" owari="410,51.0,197,-20.0,83,-42.0,310,11.0" /></mjloggm>