<mjloggm ver="2.3"><GO type="169" lobby="0"/><UN n0="%E3%83%A1%E3%82%AB%E3%82%BC%E3%83%83%E3%83%88%E3%83%B3" n1="%E3%82%AF%E3%83%AD%E3%83%8E%E3%82%B9%40" n2="%E5%B0%B1%E6%B4%BB%E7%94%9F%40%E5%B7%9D%E6%9D%91%E8%BB%8D%E5%9B%A3" n3="%E5%B7%9D%E6%9D%91%E6%99%83%E8%A3%95%EF%BC%88%E4%B8%A1%E6%96%B9%EF%BC%89" dan="18,18,16,16" rate="2237.90,2246.91,2024.04,2102.46" sx="M,M,M,M"/><TAIKYOKU oya="0"/><INIT seed="0,0,0,0,4,80" ten="250,250,250,250" oya="0" hai0="114,113,60,55,65,42,35,8,111,22,83,5,70" hai1="28,2,92,58,84,72,59,128,43,118,37,107,71" hai2="20,100,34,135,32,7,131,10,96,17,126,95,46" hai3="130,52,124,90,127,94,0,78,120,61,9,31,19"/><T1/><D35/><U99/><E71/><V116/><F116/><W12/><G130/><T38/><D111/><U81/><E2/><V97/><F131/><W93/><G120/><T27/><D55/><U63/><E118/><V41/><F126/><N who="3" m="48171" /><G78/><T54/><D54/><U102/><E28/><V24/><F135/><W62/><G31/><T39/><D83/><U21/><E128/><V56/><F56/><N who="3" m="34951" /><G62/><T82/><D82/><U18/><E43/><V119/><F97/><N who="3" m="57527" /><G94/><T86/><D86/><U66/><E37/><V108/><F108/><W47/><G0/><T13/><D1/><U129/><E129/><V48/><F119/><W30/><G30/><T121/><D121/><U23/><E59/><V26/><F26/><W104/><G104/><T68/><D68/><U69/><E69/><V91/><F100/><W125/><N who="3" m="48179" /><W15/><DORA hai="123" /><G15/><AGARI ba="0,0" hai="7,10,15,17,20,24,32,34,41,46,48,91,95,96" machi="15" ten="30,1000,0" yaku="7,1" doraHai="80,123" who="2" fromWho="3" sc="250,0,250,0,250,10,250,-10" /><INIT seed="1,0,0,1,4,81" ten="250,250,260,240" oya="1" hai0="104,129,63,7,11,24,76,79,28,92,97,56,30" hai1="78,58,18,49,109,51,33,8,73,13,37,96,62" hai2="27,20,55,68,132,53,89,72,25,66,36,90,128" hai3="95,4,75,59,1,6,17,121,98,15,117,110,122"/><U38/><E33/><V23/><F72/><W123/><G75/><T108/><D108/><U106/><E109/><V31/><F36/><W113/><G110/><T47/><D104/><U86/><E73/><V80/><F128/><W40/><G113/><T32/><D30/><U10/><E38/><V84/><F132/><W100/><G117/><T88/><D47/><U116/><E37/><V119/><F119/><W48/><G1/><T70/><D70/><U64/><E116/><V29/><REACH who="2" step="1"/><F90/><REACH who="2" ten="250,250,250,240" step="2"/><W107/><G123/><T42/><D129/><U124/><E124/><V69/><F69/><W22/><G122/><T71/><D71/><U52/><E106/><V102/><F102/><W57/><G121/><T131/><D131/><U2/><E96/><V16/><F16/><W87/><G107/><T105/><D105/><U99/><E99/><V60/><AGARI ba="0,1" hai="20,23,25,27,29,31,53,55,60,66,68,80,84,89" machi="60" ten="30,7900,0" yaku="1,1,0,1,9,1,52,1,53,0" doraHai="81" doraHaiUra="134" who="2" fromWho="2" sc="250,-20,250,-39,250,89,240,-20" /><INIT seed="2,0,0,1,1,41" ten="230,211,339,220" oya="2" hai0="40,102,34,104,109,31,124,65,103,60,25,93,129" hai1="125,51,117,4,19,82,118,69,57,2,120,7,123" hai2="76,135,113,134,127,122,28,90,45,35,47,48,74" hai3="37,106,121,43,105,63,79,115,39,77,110,1,73"/><V83/><F122/><N who="1" m="46633" /><E69/><V71/><F71/><W114/><G121/><T128/><D109/><U32/><E82/><V36/><F113/><N who="3" m="43019" /><G110/><T66/><D124/><U12/><E57/><V21/><F127/><W5/><G63/><T86/><D40/><U62/><E62/><V72/><F35/><W119/><G119/><N who="1" m="45578" /><E51/><V16/><F28/><W67/><G67/><T56/><D66/><U116/><N who="1" m="45586" /><U112/><DORA hai="89" /><E112/><V11/><F11/><N who="3" m="2479" /><G73/><T85/><D104/><N who="3" m="40041" /><G43/><T6/><D6/><N who="1" m="2091" /><E125/><V68/><F68/><W42/><G42/><T59/><D59/><U133/><E32/><V58/><F74/><W49/><G49/><T98/><REACH who="0" step="1"/><D103/><REACH who="0" ten="220,211,339,220" step="2"/><U81/><E2/><V70/><F70/><W64/><G64/><T22/><D22/><N who="1" m="11623" /><E81/><V130/><F58/><W108/><G108/><T17/><D17/><U97/><E97/><V15/><F36/><AGARI ba="0,1" hai="36,37,39,77,79" m="40041,2479,43019" machi="36" ten="40,1300,0" yaku="11,1" doraHai="41,89" who="3" fromWho="2" sc="220,0,211,0,339,-13,220,23" /><INIT seed="3,0,0,2,3,23" ten="220,211,326,243" oya="3" hai0="130,89,19,91,58,99,41,40,76,71,104,98,30" hai1="59,115,107,21,101,54,20,131,6,46,9,55,66" hai2="84,125,127,60,22,62,129,122,65,0,8,118,81" hai3="110,36,43,57,56,31,93,28,112,18,61,109,121"/><W77/><G112/><T78/><D71/><U72/><E115/><V35/><F35/><W123/><G77/><T73/><D30/><N who="3" m="11305" /><G93/><T2/><D2/><U68/><E72/><V102/><F118/><W74/><G74/><T83/><D58/><N who="3" m="22633" /><G61/><T95/><D19/><U87/><E68/><V82/><F122/><N who="3" m="46603" /><G18/><T32/><D32/><U111/><E59/><V29/><F62/><W69/><G69/><T42/><D130/><U52/><E131/><V37/><F60/><W92/><G92/><T11/><D11/><U25/><E9/><V34/><F34/><W33/><G33/><T128/><D128/><U117/><E21/><V48/><F82/><W24/><G24/><T90/><REACH who="0" step="1"/><D76/><REACH who="0" ten="210,211,326,243" step="2"/><U119/><E119/><V94/><F129/><W38/><G43/><T7/><D7/><U96/><E6/><V16/><F8/><W53/><G53/><T3/><D3/><U13/><E117/><V47/><F0/><W50/><G50/><T45/><D45/><U100/><E46/><V12/><F48/><W135/><G135/><T67/><D67/><U80/><E66/><V97/><F65/><W15/><G15/><T5/><D5/><U27/><E13/><V39/><F29/><W132/><G132/><T79/><D79/><N who="1" m="46495" /><E55/><V75/><F47/><W105/><G105/><T64/><D64/><U85/><E54/><V4/><F4/><W120/><G120/><T51/><D51/><U1/><E52/><V134/><F134/><W70/><G70/><T63/><D63/><U86/><E1/><V88/><F75/><W103/><G103/><AGARI ba="0,1" hai="40,41,42,73,78,83,89,90,91,95,98,99,103,104" machi="103" ten="40,1300,0" yaku="1,1,53,0" doraHai="23" doraHaiUra="10" who="0" fromWho="3" sc="210,23,211,0,326,0,243,-13" /><INIT seed="4,0,0,3,0,83" ten="233,211,326,230" oya="0" hai0="51,37,27,44,95,107,28,80,98,13,48,30,1" hai1="121,113,125,81,89,9,57,12,133,100,7,2,53" hai2="52,31,75,70,128,24,87,49,108,119,18,20,94" hai3="135,46,86,109,26,101,56,47,62,4,50,110,114"/><T6/><D1/><U8/><E121/><V130/><F75/><W11/><G114/><T58/><D37/><U126/><E113/><V115/><F70/><W67/><G135/><T33/><D107/><U69/><E69/><V54/><F108/><W78/><G101/><T129/><D129/><N who="2" m="49770" /><F115/><W15/><G26/><T59/><D30/><U120/><E100/><V112/><F112/><W76/><G47/><T10/><D80/><U92/><E81/><V104/><F104/><W71/><G71/><T61/><D44/><U85/><E120/><V43/><F119/><W106/><G106/><T34/><D34/><U41/><E41/><V127/><F127/><W16/><G110/><T19/><D6/><U73/><E73/><V96/><F87/><W65/><G109/><T66/><REACH who="0" step="1"/><D59/><REACH who="0" ten="223,211,326,230" step="2"/><U91/><E133/><V22/><F43/><W60/><G4/><T132/><D132/><U17/><REACH who="1" step="1"/><E89/><AGARI ba="0,1" hai="10,13,19,27,28,33,48,51,58,61,66,89,95,98" machi="89" ten="30,2900,0" yaku="1,1,7,1,53,0" doraHai="83" doraHaiUra="123" who="0" fromWho="1" sc="223,39,211,-29,326,0,230,0" /><INIT seed="4,1,0,0,0,68" ten="262,182,326,230" oya="0" hai0="36,129,25,67,8,130,26,117,75,56,11,35,52" hai1="70,29,102,0,31,100,51,63,48,66,71,103,84" hai2="4,91,81,30,14,106,60,83,97,115,37,125,7" hai3="126,101,113,123,24,88,124,131,118,77,109,44,95"/><T40/><D67/><U127/><E0/><V79/><F115/><W133/><G109/><T59/><D59/><U116/><E116/><V42/><F125/><N who="3" m="48235" /><G118/><T23/><D75/><U54/><E127/><V32/><F60/><W2/><G113/><T96/><D96/><U110/><E110/><V19/><F30/><W5/><G131/><N who="0" m="50187" /><D35/><U17/><E71/><V134/><F32/><W107/><G133/><T27/><D23/><U104/><E104/><V85/><F134/><W47/><G123/><T3/><D117/><U128/><E128/><V16/><F19/><W74/><G24/><T55/><D3/><U121/><E121/><V64/><F64/><W12/><G2/><T28/><D28/><U13/><E84/><V72/><F97/><N who="3" m="61871" /><G74/><T105/><D105/><U53/><E51/><V99/><F99/><N who="3" m="57831" /><G77/><T98/><D98/><U111/><E111/><V62/><F106/><W46/><G47/><N who="0" m="23943" /><D55/><U41/><E41/><V43/><F43/><W120/><G120/><T78/><D78/><U21/><REACH who="1" step="1"/><E54/><REACH who="1" ten="262,172,326,230" step="2"/><V132/><F132/><W20/><G20/><T89/><D89/><U57/><AGARI ba="1,1" hai="13,17,21,29,31,48,53,57,63,66,70,100,102,103" machi="57" ten="30,7900,0" yaku="1,1,2,1,0,1,53,1" doraHai="68" doraHaiUra="65" who="1" fromWho="1" sc="262,-40,172,92,326,-21,230,-21" /><INIT seed="5,0,0,5,3,81" ten="222,264,305,209" oya="1" hai0="3,70,75,16,110,92,62,68,46,9,100,20,106" hai1="73,127,89,5,14,82,104,11,85,99,122,88,120" hai2="37,17,24,103,76,39,96,31,131,130,77,71,19" hai3="95,52,123,53,117,108,105,124,98,50,132,129,133"/><U54/><E127/><V13/><F71/><W72/><G123/><T119/><D75/><U126/><E126/><V47/><F77/><W6/><G124/><T34/><D34/><U58/><E73/><V111/><F76/><W67/><G108/><T115/><D110/><U60/><REACH who="1" step="1"/><E89/><REACH who="1" ten="222,254,305,209" step="2"/><V125/><F125/><W69/><G72/><T86/><D119/><U63/><E63/><V27/><F111/><W112/><G117/><T28/><D62/><U134/><E134/><V43/><F37/><W30/><G133/><T61/><D61/><U48/><E48/><V83/><F131/><W107/><G132/><T64/><D115/><U0/><E0/><V57/><F130/><W4/><G112/><T7/><D3/><U2/><E2/><V79/><F57/><W41/><G129/><T66/><D70/><U93/><E93/><V26/><F31/><W21/><G69/><T116/><D28/><U33/><E33/><V15/><F83/><W135/><G135/><T22/><D68/><U55/><E55/><V109/><F109/><W74/><G74/><T44/><D92/><U84/><E84/><V25/><F79/><W65/><G107/><T51/><D116/><U32/><E32/><V10/><N who="2" m="6656" /><DORA hai="23" /><V45/><F39/><W59/><G105/><T80/><D80/><U38/><E38/><V94/><REACH who="2" step="1"/><F43/><REACH who="2" ten="222,254,295,209" step="2"/><W29/><G41/><T121/><D121/><U42/><E42/><V118/><F118/><W97/><G59/><T1/><D106/><U113/><E113/><V56/><F56/><N who="3" m="32791" /><G29/><T102/><D46/><U49/><E49/><V78/><F78/><RYUUKYOKU ba="0,2" sc="222,-15,254,15,295,15,209,-15" hai1="5,11,14,54,58,60,82,85,88,99,104,120,122" hai2="10,13,15,17,19,45,47,94,96,103" /><INIT seed="5,1,2,1,1,82" ten="207,269,310,194" oya="1" hai0="29,47,129,20,91,73,56,66,83,76,115,95,31" hai1="100,35,0,107,97,15,125,28,6,19,86,89,11" hai2="105,130,110,122,113,120,8,96,38,90,39,50,133" hai3="69,78,16,135,109,48,116,127,57,98,44,124,58"/><U108/><E125/><N who="3" m="48202" /><G109/><T55/><D115/><U103/><E108/><V87/><F110/><W59/><G135/><T32/><D129/><U10/><E103/><V4/><F133/><W94/><G116/><T131/><D131/><U74/><E74/><V92/><F130/><W111/><G111/><T40/><D66/><U41/><E41/><V60/><F113/><W61/><G78/><T37/><D20/><U7/><E28/><V9/><F9/><W99/><G16/><T1/><D1/><U22/><E35/><V121/><F50/><W27/><G27/><T62/><REACH who="0" step="1"/><D32/><REACH who="0" ten="197,269,310,194" step="2"/><U88/><REACH who="1" step="1"/><E86/><AGARI ba="1,3" hai="29,31,37,40,47,55,56,62,73,76,83,86,91,95" machi="86" ten="30,8000,1" yaku="1,1,2,1,7,1,52,1,53,1" doraHai="82" doraHaiUra="52" who="0" fromWho="1" sc="197,113,269,-83,310,0,194,0" /><INIT seed="6,0,0,5,3,34" ten="310,186,310,194" oya="2" hai0="86,72,116,9,59,4,99,87,31,95,118,83,55" hai1="91,96,28,124,20,49,7,18,11,107,119,45,30" hai2="117,69,90,12,109,57,60,19,128,134,114,65,67" hai3="40,82,43,70,101,46,38,8,25,24,37,14,84"/><V133/><F117/><N who="0" m="45162" /><D31/><U52/><E124/><V13/><F109/><W127/><G70/><T62/><D83/><U120/><E119/><V36/><F36/><W64/><G64/><T97/><D72/><U113/><E113/><V39/><F39/><W126/><G101/><N who="0" m="60607" /><D99/><U78/><E78/><V26/><F114/><W54/><G54/><T89/><D89/><U94/><E107/><V1/><F1/><AGARI ba="0,0" hai="1,4,9,55,59,62,86,87" m="60607,45162" machi="1" ten="30,2000,0" yaku="12,1,52,1" doraHai="34" who="0" fromWho="2" sc="310,20,186,0,310,-20,194,0" /><INIT seed="7,0,0,0,3,67" ten="330,186,290,194" oya="3" hai0="98,111,12,45,9,82,52,125,28,88,11,8,47" hai1="68,77,3,58,15,31,115,127,24,1,23,109,43" hai2="40,6,85,123,19,121,108,83,50,103,105,117,18" hai3="122,34,62,81,79,20,128,134,14,120,78,30,66"/><W74/><G134/><T61/><D111/><U2/><E109/><V42/><F108/><W75/><G128/><T91/><D28/><U16/><E68/><V126/><F6/><W33/><G20/><T114/><D114/><U132/><E115/><V53/><F126/><W55/><G14/><T44/><D125/><U37/><E127/><V80/><F103/><W63/><G55/><T84/><D98/><U101/><E132/><V124/><F105/><W56/><G30/><T70/><D70/><U7/><E101/><V35/><F35/><W110/><G110/><T65/><D65/><U73/><E58/><N who="2" m="33079" /><F80/><W17/><G17/><N who="2" m="6153" /><F117/><W97/><G97/><T135/><D135/><U5/><E73/><V32/><F32/><W76/><G76/><N who="0" m="46151" /><D12/><U99/><E77/><N who="2" m="46319" /><F124/><W57/><G66/><T96/><D96/><U72/><E99/><V87/><F87/><W29/><G29/><T89/><D61/><U51/><E37/><V130/><F130/><W26/><REACH who="3" step="1"/><G81/><REACH who="3" ten="330,186,290,184" step="2"/><T106/><D106/><U94/><E94/><V10/><F10/><W92/><G92/><T54/><AGARI ba="0,1" hai="8,9,11,44,45,47,52,54,88,89,91" m="46151" machi="54" ten="40,8000,1" yaku="29,2,8,1,54,2" doraHai="67" who="0" fromWho="0" sc="330,90,186,-20,290,-20,184,-40" owari="420,52.0,166,-23.0,270,7.0,144,-36.0" /></mjloggm>