<mjloggm ver="2.3"><GO type="97" lobby="0"/><UN n0="%E5%B0%B1%E6%B4%BB%E7%94%9F%40%E5%B7%9D%E6%9D%91%E8%BB%8D%E5%9B%A3" n1="%E3%82%B7%E3%83%B3%E3%83%9C%E3%83%AA%E5%85%BC%E5%AD%90" n2="%70%72%6F%62%61%62%6C%65" n3="%E4%B8%87%E8%83%BD%E3%81%AD%E3%81%8E" dan="15,13,13,15" rate="2001.85,1896.34,1914.89,1980.38" sx="M,M,M,M"/><TAIKYOKU oya="0"/><INIT seed="0,0,0,1,5,35" ten="250,250,250,250" oya="0" hai0="37,48,46,71,131,115,91,2,63,133,113,33,8" hai1="26,83,15,112,81,90,22,101,6,88,39,67,44" hai2="122,58,10,77,52,135,66,73,120,98,94,105,95" hai3="47,110,43,42,97,100,54,117,17,121,23,7,86"/><T118/><D33/><U38/><E101/><V19/><F105/><W14/><G117/><T13/><D118/><U128/><E128/><V104/><F104/><W55/><G110/><T82/><D131/><U111/><E111/><V31/><F66/><W1/><G43/><T134/><D37/><U32/><E32/><V130/><F130/><W70/><G70/><T62/><D2/><U30/><E67/><V51/><F135/><N who="0" m="51722" /><D82/><U108/><E108/><V106/><F106/><W12/><G12/><T65/><D91/><U5/><E112/><V61/><F31/><W49/><G121/><T59/><D13/><U34/><E44/><V107/><F107/><W99/><G100/><T28/><D28/><U127/><E34/><V92/><F98/><N who="3" m="37387" /><G1/><T129/><D8/><U27/><E15/><V36/><F36/><W124/><G7/><T69/><D129/><U25/><E25/><V93/><F10/><W60/><G124/><T126/><D126/><U116/><E127/><V102/><F19/><W57/><G42/><N who="0" m="24663" /><D69/><U18/><E18/><V64/><F102/><W21/><G21/><T96/><D96/><U78/><E30/><V16/><F122/><W68/><G68/><T89/><D89/><U85/><E22/><V74/><F120/><W75/><G75/><T72/><D72/><U80/><E80/><V50/><F74/><W87/><AGARI ba="0,0" hai="14,17,23,47,49,54,55,57,60,86,87" m="37387" machi="87" ten="30,1100,0" yaku="8,1" doraHai="35" who="3" fromWho="3" sc="250,-5,250,-3,250,-3,250,11" /><INIT seed="1,0,0,4,5,39" ten="245,247,247,261" oya="1" hai0="125,111,16,135,41,1,62,50,73,14,63,74,8" hai1="4,18,26,57,105,45,127,55,97,123,15,49,28" hai2="42,32,7,17,0,119,100,106,92,99,12,103,51" hai3="95,110,68,78,107,80,90,98,52,89,21,3,59"/><U23/><E123/><V40/><F119/><W47/><G68/><T84/><D125/><U124/><E4/><V13/><F32/><W88/><G110/><T108/><D135/><U67/><E67/><V27/><F0/><W69/><G69/><T102/><D102/><U71/><E71/><V6/><F6/><W94/><G107/><T77/><D1/><U126/><E45/><V66/><F66/><W96/><G3/><T109/><D84/><U130/><E130/><V54/><F106/><W53/><G90/><T44/><D77/><U11/><E105/><V122/><F103/><W58/><G21/><T113/><REACH who="0" step="1"/><D113/><REACH who="0" ten="235,247,247,261" step="2"/><U134/><REACH who="1" step="1"/><E97/><REACH who="1" ten="235,237,247,261" step="2"/><V37/><F122/><W129/><G96/><T22/><D22/><U72/><E72/><AGARI ba="0,2" hai="8,14,16,41,44,50,62,63,72,73,74,108,109,111" machi="72" ten="50,8000,1" yaku="1,1,14,1,52,1,54,1,53,1" doraHai="39" doraHaiUra="38" who="0" fromWho="1" sc="235,100,237,-80,247,0,261,0" /><INIT seed="2,0,0,0,4,50" ten="335,157,247,261" oya="2" hai0="110,121,69,108,64,87,126,90,89,35,78,56,21" hai1="67,28,22,1,77,58,123,37,54,135,95,49,128" hai2="42,60,120,30,98,130,55,124,46,73,63,18,61" hai3="111,86,16,31,36,10,119,7,9,93,14,122,40"/><V99/><F120/><W104/><G119/><T43/><D35/><U13/><E1/><V81/><F130/><W105/><G122/><T45/><D69/><U74/><E37/><V48/><F124/><W44/><G31/><T66/><D126/><U34/><E34/><V97/><F30/><W118/><G111/><N who="0" m="42539" /><D121/><U109/><E123/><V62/><F62/><W76/><G118/><T70/><D70/><U129/><E67/><N who="0" m="25641" /><D21/><U92/><E109/><V11/><F73/><W32/><G32/><T12/><D12/><U19/><E28/><V114/><F114/><W79/><G79/><T2/><D2/><U38/><E38/><V83/><REACH who="2" step="1"/><F42/><REACH who="2" ten="335,157,237,261" step="2"/><W96/><G40/><T133/><D133/><U131/><E135/><V26/><F26/><W15/><G36/><N who="0" m="21735" /><D56/><U27/><E27/><V68/><F68/><W57/><G57/><T88/><D78/><U101/><E77/><V106/><F106/><W3/><G76/><T8/><D8/><U6/><E74/><V91/><F91/><W80/><G105/><T132/><D132/><U84/><E101/><V29/><F29/><W65/><G104/><T117/><D117/><U41/><E41/><V116/><F116/><W71/><G71/><T125/><D125/><U100/><E100/><V127/><F127/><W113/><G10/><T17/><D87/><U75/><E75/><V4/><F4/><W24/><G86/><T94/><D17/><U53/><E6/><V107/><F107/><W33/><G7/><T39/><D39/><U59/><E84/><V112/><F112/><W51/><G113/><T102/><D90/><RYUUKYOKU ba="0,1" sc="335,10,157,10,237,10,261,-30" hai0="88,89,94,102" hai1="13,19,22,49,53,54,58,59,92,95,128,129,131" hai2="11,18,46,48,55,60,61,63,81,83,97,98,99" /><INIT seed="2,1,1,2,2,14" ten="345,167,247,231" oya="2" hai0="22,95,73,27,44,121,128,30,54,102,85,119,25" hai1="130,89,127,108,3,41,79,58,31,132,42,18,26" hai2="76,7,134,117,115,1,5,13,16,67,125,32,6" hai3="37,19,82,86,45,129,83,24,64,88,38,61,33"/><V106/><F106/><W53/><G129/><T135/><D73/><U60/><E3/><V97/><F76/><W9/><G33/><T12/><D121/><U51/><E108/><V101/><F67/><W72/><G72/><T110/><D110/><U92/><E130/><V40/><F117/><W65/><G65/><T0/><D0/><U87/><E132/><V94/><F115/><W98/><G98/><N who="0" m="59743" /><D128/><U99/><E127/><V122/><F122/><W2/><G2/><T71/><D71/><U8/><E51/><V131/><F1/><W78/><G78/><T133/><D119/><U23/><E79/><V4/><F134/><N who="0" m="51210" /><D85/><U10/><E87/><V59/><F131/><W47/><G83/><T20/><D12/><N who="1" m="7431" /><E10/><V39/><F125/><W111/><G111/><T124/><D124/><U96/><E99/><V48/><F32/><W56/><G38/><T11/><D11/><U107/><E107/><V21/><N who="2" m="1536" /><DORA hai="100" /><V52/><F39/><W93/><G37/><T50/><D25/><U43/><E43/><AGARI ba="1,1" hai="13,16,21,40,43,48,52,59,94,97,101" m="1536" machi="43" ten="50,12000,1" yaku="8,1,52,1,54,2" doraHai="14,100" who="2" fromWho="1" sc="345,0,167,-123,247,133,231,0" /><INIT seed="2,2,0,0,3,69" ten="345,44,380,231" oya="2" hai0="78,39,109,46,70,72,90,92,29,41,121,45,73" hai1="71,81,26,36,50,110,113,65,64,102,119,43,22" hai2="103,120,18,21,19,44,0,97,35,54,116,127,60" hai3="104,58,117,80,10,9,77,24,129,6,49,132,33"/><V85/><F35/><W15/><G104/><T28/><D121/><U51/><E119/><V62/><F116/><W114/><G117/><T27/><D70/><U99/><E113/><V20/><F120/><W42/><G129/><T13/><D109/><U53/><E110/><V101/><F0/><W128/><G128/><T83/><D45/><U47/><E81/><V134/><F134/><W125/><G132/><T12/><D73/><U74/><E74/><V133/><F127/><W30/><G125/><T107/><D107/><U34/><E34/><V59/><F85/><W82/><G10/><T89/><D89/><U100/><E51/><V88/><F21/><W87/><G82/><T57/><D57/><U105/><E71/><V91/><F44/><W94/><G58/><T2/><D2/><U123/><E102/><N who="2" m="38923" /><F62/><W7/><G94/><T96/><REACH who="0" step="1"/><D29/><REACH who="0" ten="335,44,380,231" step="2"/><U93/><E123/><V75/><F133/><W67/><G114/><T79/><D79/><U135/><E105/><V111/><F75/><W106/><G106/><T38/><D38/><U108/><E135/><V130/><F111/><W126/><G126/><T25/><D25/><U31/><REACH who="1" step="1"/><E108/><REACH who="1" ten="335,34,380,231" step="2"/><V68/><F130/><W40/><G33/><AGARI ba="2,2" hai="12,13,27,28,33,39,41,46,72,78,83,90,92,96" machi="33" ten="30,7700,0" yaku="1,1,7,1,52,1,53,1" doraHai="69" doraHaiUra="84" who="0" fromWho="3" sc="335,103,34,0,380,0,231,-83" /><INIT seed="3,0,0,2,5,109" ten="438,34,380,148" oya="3" hai0="7,18,14,31,43,8,60,96,64,29,102,56,16" hai1="126,36,69,66,50,51,67,0,131,46,134,82,4" hai2="116,52,92,33,135,114,54,95,32,2,70,40,11" hai3="106,72,17,85,111,3,101,30,94,132,55,44,22"/><W74/><G132/><T77/><D77/><U113/><E113/><V80/><F70/><W61/><G111/><T87/><D43/><U84/><E134/><V62/><F135/><W79/><G17/><N who="0" m="6763" /><D87/><U133/><E133/><V115/><F40/><W68/><G94/><AGARI ba="0,0" hai="7,8,14,29,31,56,60,64,94,96,102" m="6763" machi="94" ten="30,2000,0" yaku="8,1,54,1" doraHai="109" who="0" fromWho="3" sc="438,20,34,0,380,0,148,-20" owari="458,56.0,34,-47.0,380,18.0,128,-27.0" /></mjloggm>