<mjloggm ver="2.3"><GO type="97" lobby="0"/><UN n0="%46%69%6A%69" n1="%E5%8D%AF%E8%A1%A3" n2="%E5%B0%B1%E6%B4%BB%E7%94%9F%40%E5%B7%9D%E6%9D%91%E8%BB%8D%E5%9B%A3" n3="%6B%6F%2D%73%68%69%72%6F" dan="14,13,15,13" rate="2009.47,1880.68,2057.39,1876.65" sx="M,M,M,M"/><TAIKYOKU oya="0"/><INIT seed="0,0,0,4,2,127" ten="250,250,250,250" oya="0" hai0="100,107,48,37,110,121,43,123,30,65,119,71,118" hai1="10,99,5,109,129,6,56,41,15,122,47,69,135" hai2="132,16,74,115,131,106,80,7,59,78,25,88,38" hai3="45,35,52,50,1,126,2,113,28,93,84,85,46"/><T20/><D20/><U54/><BYE who="0" /><E129/><V64/><F115/><W62/><G113/><T75/><D75/><U134/><E69/><V51/><F106/><W105/><G105/><T39/><D39/><U81/><E122/><V97/><F38/><W40/><G126/><T117/><D117/><U90/><E109/><V24/><F131/><W60/><G2/><T114/><D114/><U98/><E6/><V3/><F132/><N who="1" m="50729" /><E90/><V79/><F3/><W33/><G1/><T89/><D89/><U34/><E81/><V108/><F108/><W18/><G35/><T0/><D0/><U101/><E34/><V32/><F7/><W91/><G33/><UN n0="%46%69%6A%69" /><T83/><D107/><U63/><E101/><V87/><F32/><W29/><G84/><T68/><D100/><U133/><N who="1" m="50737" /><U36/><AGARI ba="0,0" hai="5,10,15,36,41,47,54,56,63,98,99" m="50737" machi="36" ten="40,2700,0" yaku="4,1,20,1" doraHai="127" who="1" fromWho="1" sc="250,-13,250,27,250,-7,250,-7" /><INIT seed="1,0,0,4,3,76" ten="237,277,243,243" oya="1" hai0="74,101,102,121,61,33,75,130,39,96,133,23,58" hai1="43,63,69,27,52,78,123,72,80,54,44,29,120" hai2="85,37,7,60,84,128,95,134,119,0,10,105,62" hai3="70,47,30,67,21,51,6,127,93,88,126,106,14"/><U57/><E69/><V28/><F105/><W111/><G106/><T55/><D33/><U25/><E54/><V50/><F119/><W16/><G111/><T4/><D39/><U42/><E27/><V87/><F37/><W117/><G117/><T41/><D41/><U68/><E68/><V11/><F128/><W64/><G30/><T46/><D46/><U131/><E131/><V56/><F134/><W26/><G6/><T89/><D133/><U110/><E110/><V113/><F113/><W20/><G70/><T98/><D121/><U103/><E103/><V38/><F38/><W9/><G126/><T109/><D4/><U83/><E83/><V112/><F112/><W132/><G127/><T86/><D109/><U100/><E100/><N who="0" m="38505" /><D74/><U32/><REACH who="1" step="1"/><E43/><REACH who="1" ten="237,267,243,243" step="2"/><V8/><F28/><N who="3" m="17479" /><G132/><T59/><D130/><U94/><E94/><V5/><F95/><W15/><G15/><T31/><D75/><U129/><E129/><V108/><F108/><W19/><G19/><T115/><D115/><U24/><E24/><V49/><F0/><W13/><G13/><T40/><D40/><U91/><E91/><V17/><F17/><W53/><G9/><T97/><D59/><U18/><E18/><V104/><F56/><W73/><G73/><T71/><D71/><U35/><E35/><V2/><F104/><W92/><G92/><N who="0" m="54327" /><D31/><U107/><E107/><V48/><F2/><W77/><G77/><T34/><D34/><U45/><E45/><V81/><F81/><W135/><G135/><T1/><D1/><U90/><E90/><V22/><F22/><AGARI ba="0,1" hai="22,23,55,58,61,96,97,98" m="54327,38505" machi="22" ten="30,1000,0" yaku="8,1" doraHai="76" who="0" fromWho="2" sc="237,20,267,0,243,-10,243,0" /><INIT seed="2,0,0,0,5,131" ten="257,267,233,243" oya="2" hai0="8,132,127,87,86,46,120,44,3,92,98,75,27" hai1="91,59,117,105,93,77,134,73,133,29,48,38,19" hai2="94,70,62,81,17,108,114,37,35,58,40,10,103" hai3="43,2,15,39,52,18,9,54,96,33,85,102,55"/><V128/><F70/><W116/><G116/><T26/><D75/><U21/><E38/><V32/><F114/><W125/><G125/><T89/><D120/><U11/><E105/><V88/><F128/><W104/><G33/><T64/><D64/><U110/><E117/><V41/><F108/><W30/><G30/><T135/><D127/><U112/><E112/><V123/><F123/><W80/><G2/><T118/><D118/><U31/><E110/><V124/><F124/><W69/><G69/><T1/><D8/><U34/><E11/><V51/><F37/><W122/><G122/><T68/><D68/><U66/><E34/><V5/><F35/><W25/><G25/><N who="0" m="9227" /><D98/><N who="1" m="57663" /><E77/><V67/><F32/><W4/><G39/><T109/><D109/><U56/><E73/><V76/><F103/><W119/><G119/><T36/><D36/><U0/><E0/><N who="0" m="73" /><D87/><U72/><E72/><V126/><F126/><W24/><G43/><T78/><D78/><U47/><E66/><V57/><F17/><W107/><G107/><T16/><D16/><U61/><E56/><V42/><F58/><W23/><REACH who="3" step="1"/><G55/><REACH who="3" ten="257,267,233,233" step="2"/><T50/><D50/><U7/><E31/><V22/><F51/><W101/><G101/><T111/><D111/><U60/><E29/><V6/><F42/><W49/><G49/><T97/><D97/><U83/><E48/><V74/><F41/><W129/><G129/><T71/><D71/><U65/><E60/><V121/><F40/><W90/><AGARI ba="0,1" hai="4,9,15,18,23,24,52,54,80,85,90,96,102,104" machi="90" ten="20,8000,1" yaku="1,1,0,1,7,1,54,1,53,1" doraHai="131" doraHaiUra="13" who="3" fromWho="3" sc="257,-20,267,-20,233,-40,233,90" /><INIT seed="3,0,0,5,3,130" ten="237,247,193,323" oya="3" hai0="69,88,131,65,110,124,100,55,13,82,78,72,30" hai1="94,18,43,0,96,10,99,105,76,134,90,77,16" hai2="85,32,46,117,68,60,47,87,115,109,36,97,17" hai3="74,31,22,7,113,27,9,33,12,84,116,5,93"/><W50/><G74/><T101/><D69/><U125/><E134/><V51/><F117/><W75/><G75/><T112/><D65/><U111/><E111/><V45/><F115/><W58/><G116/><T23/><D110/><U1/><E125/><V4/><F109/><W41/><G113/><T108/><D108/><U53/><E43/><V114/><F36/><W52/><G41/><T59/><D112/><U103/><E76/><V56/><F114/><W123/><G123/><T92/><D131/><U2/><E77/><V106/><F32/><W79/><G33/><T48/><D124/><U62/><E10/><V26/><F4/><W8/><G79/><T121/><D121/><U44/><E44/><V24/><F68/><W21/><G21/><T49/><D48/><U61/><REACH who="1" step="1"/><E53/><REACH who="1" ten="237,237,193,323" step="2"/><V40/><F40/><W119/><G119/><T83/><D78/><U19/><AGARI ba="0,1" hai="0,1,2,16,18,19,61,62,90,94,96,99,103,105" machi="19" ten="40,8000,1" yaku="1,1,2,1,0,1,54,1,53,1" doraHai="130" doraHaiUra="89" who="1" fromWho="1" sc="237,-20,237,90,193,-20,323,-40" owari="217,-18.0,327,43.0,173,-33.0,283,8.0" /></mjloggm>