<mjloggm ver="2.3"><GO type="97" lobby="0"/><UN n0="%67%61%6D%61%67%61%65%72" n1="%E5%B0%B1%E6%B4%BB%E7%94%9F%40%E5%B7%9D%E6%9D%91%E8%BB%8D%E5%9B%A3" n2="%E3%80%81%E5%A4%A9%E9%87%8E%E5%87%9B%E3%80%85" n3="%55%4F" dan="14,15,14,13" rate="1900.79,2063.79,1953.88,1917.51" sx="M,M,F,M"/><TAIKYOKU oya="0"/><INIT seed="0,0,0,4,5,83" ten="250,250,250,250" oya="0" hai0="78,27,52,5,105,10,46,47,85,119,64,117,8" hai1="82,3,122,87,106,37,116,110,14,33,72,130,79" hai2="75,2,50,109,71,101,4,74,34,21,94,65,107" hai3="30,134,51,62,60,135,77,61,32,38,99,98,104"/><T131/><D105/><U90/><E3/><V19/><F94/><W133/><G38/><T6/><D131/><U59/><E33/><V66/><F50/><W53/><G104/><T29/><D64/><U12/><E37/><V103/><F21/><W111/><G77/><T49/><D117/><U123/><E116/><V86/><F86/><W42/><G42/><T44/><D119/><U69/><E69/><V114/><F19/><W43/><G43/><T56/><D27/><U80/><E106/><V55/><F55/><W20/><G32/><T31/><D10/><U92/><E130/><V120/><F4/><N who="0" m="1642" /><D8/><U17/><E110/><V93/><F65/><W88/><G111/><T96/><D96/><U126/><E126/><V36/><F66/><W84/><G20/><T95/><D95/><U115/><E115/><V0/><F93/><N who="3" m="54407" /><G30/><T40/><D40/><U35/><E35/><V9/><F36/><W73/><G73/><T23/><D23/><U24/><E24/><V127/><F74/><W39/><G39/><T108/><D108/><U45/><E12/><V81/><F71/><W113/><G113/><T63/><D63/><N who="3" m="16129" /><W16/><DORA hai="22" /><G16/><T129/><D129/><U15/><E15/><V91/><F109/><W28/><G28/><T102/><D102/><U41/><E14/><V67/><F103/><W11/><G11/><T118/><D118/><U121/><E17/><V124/><F124/><W54/><G54/><T132/><D29/><U58/><E92/><V70/><F127/><W100/><G100/><T89/><D31/><U7/><E7/><V18/><F101/><RYUUKYOKU ba="0,0" sc="250,-15,250,15,250,-15,250,15" hai1="41,45,58,59,72,79,80,82,87,90,121,122,123" hai3="51,53,98,99,133,134,135" /><INIT seed="1,1,0,2,5,75" ten="235,265,235,265" oya="1" hai0="32,57,85,26,96,100,56,34,33,102,94,3,21" hai1="45,86,37,61,65,125,91,132,93,113,6,58,54" hai2="8,126,104,98,27,128,135,55,20,44,38,122,69" hai3="43,1,52,71,47,70,77,59,121,89,105,107,112"/><U88/><E113/><V82/><F122/><W95/><G112/><T127/><D3/><U110/><E132/><V29/><F135/><W15/><G1/><T42/><D127/><U87/><E125/><V41/><F126/><W10/><G121/><T35/><D42/><U31/><E110/><V28/><F128/><W68/><G77/><T7/><D7/><U73/><E73/><V19/><F69/><W109/><G109/><T134/><D134/><U62/><E31/><V48/><F82/><W111/><G111/><T64/><N who="0" m="8704" /><DORA hai="103" /><T12/><D12/><U53/><E6/><V40/><F8/><W97/><G43/><T101/><D85/><U129/><E129/><V51/><F38/><W67/><G67/><T18/><REACH who="0" step="1"/><D64/><REACH who="0" ten="225,265,235,265" step="2"/><U50/><E37/><V81/><F40/><W36/><G36/><T60/><D60/><N who="1" m="38039" /><E54/><V92/><F55/><W124/><G124/><T120/><D120/><U13/><E13/><V108/><F41/><W78/><G47/><T84/><D84/><U30/><E62/><V90/><F44/><W80/><G15/><T74/><D74/><U11/><E61/><V123/><F123/><W119/><G10/><T83/><D83/><N who="1" m="49247" /><E11/><V63/><F63/><W66/><G66/><T76/><D76/><U46/><E46/><V99/><F51/><W106/><G119/><T131/><D131/><U22/><E45/><V0/><F108/><W118/><G118/><T14/><D14/><U4/><E4/><V117/><F0/><W79/><REACH who="3" step="1"/><G80/><REACH who="3" ten="225,265,235,255" step="2"/><T116/><D116/><U49/><E53/><V2/><F117/><W130/><G130/><RYUUKYOKU ba="1,2" sc="225,10,265,10,235,-30,255,10" hai0="18,21,26,56,57,94,96,100,101,102" hai1="22,30,49,50,87,91,93" hai3="52,59,68,70,71,78,79,89,95,97,105,106,107" /><INIT seed="1,2,2,3,1,49" ten="235,275,205,265" oya="1" hai0="63,46,47,72,27,122,14,104,99,125,108,43,23" hai1="134,100,33,54,119,82,135,110,60,38,57,123,40" hai2="92,31,126,93,20,80,30,106,76,59,107,95,45" hai3="66,105,127,16,36,71,75,9,22,10,120,98,42"/><U56/><E33/><V37/><F126/><W115/><G127/><T84/><D72/><U53/><E123/><V6/><F6/><W79/><G120/><T21/><D125/><U19/><E119/><V88/><F59/><W86/><G115/><T128/><D122/><U65/><E110/><V25/><F30/><W109/><G75/><T97/><D108/><U11/><E100/><V117/><F117/><W124/><G124/><T121/><D121/><U89/><E40/><V131/><F131/><W52/><G109/><T132/><D132/><N who="1" m="50731" /><E38/><V4/><F4/><W133/><G133/><T91/><D128/><U3/><E57/><V69/><F69/><W113/><G113/><T51/><D104/><U73/><E3/><V85/><F37/><W1/><G1/><T5/><D47/><U94/><E82/><V83/><REACH who="2" step="1"/><F45/><REACH who="2" ten="235,275,195,265" step="2"/><W18/><G36/><T78/><D46/><U101/><E73/><AGARI ba="2,3" hai="20,25,31,73,76,80,83,85,88,92,93,95,106,107" machi="73" ten="40,8000,1" yaku="1,1,2,1,54,1,53,1" doraHai="49" doraHaiUra="17" who="2" fromWho="1" sc="235,0,275,-86,195,116,265,0" /><INIT seed="2,0,0,3,0,20" ten="235,189,311,265" oya="2" hai0="50,55,53,133,117,0,112,39,63,134,102,99,31" hai1="89,2,115,104,32,94,51,86,126,83,84,85,26" hai2="122,118,38,36,107,116,97,56,27,52,4,68,120" hai3="34,78,13,25,64,11,15,100,82,73,1,74,65"/><V47/><F68/><W125/><G1/><T12/><D0/><U93/><E2/><V44/><F4/><W35/><G125/><T129/><D39/><N who="2" m="14890" /><F27/><W81/><G100/><T59/><D112/><U66/><E115/><V49/><F97/><W88/><G74/><T19/><D31/><U127/><E66/><V110/><F107/><W24/><G35/><T71/><D129/><U106/><E51/><V23/><F23/><W70/><G70/><T42/><D42/><U45/><E45/><N who="2" m="17483" /><F110/><W8/><G34/><T96/><D71/><U121/><E121/><AGARI ba="0,0" hai="49,52,56,116,118,120,121,122" m="17483,14890" machi="121" ten="30,5800,0" yaku="34,2,54,1" doraHai="20" who="2" fromWho="1" sc="235,0,189,-58,311,58,265,0" /><INIT seed="2,1,0,2,1,128" ten="235,131,369,265" oya="2" hai0="42,100,48,0,105,60,31,110,8,123,120,53,20" hai1="84,15,102,117,118,21,28,27,119,75,92,50,17" hai2="4,68,81,70,124,112,106,82,111,29,10,6,126" hai3="74,79,67,95,97,57,107,108,122,114,116,13,55"/><V121/><F121/><W7/><G122/><T90/><D110/><U130/><E75/><V39/><F39/><W66/><G114/><T2/><D90/><U47/><E130/><V25/><F106/><W133/><G116/><T12/><D42/><U24/><E28/><V19/><F111/><W23/><G133/><T33/><D33/><U64/><E64/><V88/><F112/><W91/><G107/><T73/><D73/><U86/><E86/><V99/><F19/><W87/><G108/><T104/><D60/><U41/><REACH who="1" step="1"/><E102/><REACH who="1" ten="235,121,369,265" step="2"/><V65/><F65/><W32/><G32/><T45/><D120/><U109/><E109/><V16/><F29/><W94/><G74/><T127/><D123/><U52/><E52/><V129/><F129/><W38/><G38/><T44/><D100/><U132/><E132/><V98/><F124/><W63/><G79/><T89/><D127/><U56/><E56/><V93/><F126/><W30/><G30/><T18/><D31/><U69/><E69/><V34/><F68/><W59/><G67/><T96/><D53/><U61/><E61/><V54/><F54/><W103/><G7/><T72/><D72/><U71/><E71/><V51/><F70/><W49/><G13/><T85/><D12/><U40/><E40/><V3/><F4/><W1/><G1/><T58/><D0/><U77/><E77/><V76/><F76/><W26/><REACH who="3" step="1"/><G23/><REACH who="3" ten="235,121,369,255" step="2"/><T37/><D20/><U78/><E78/><V36/><F6/><W131/><G131/><T5/><D2/><U80/><E80/><V101/><F81/><W43/><G43/><RYUUKYOKU ba="1,2" sc="235,-15,121,15,369,-15,255,15" hai1="15,17,21,24,27,41,47,50,84,92,117,118,119" hai3="26,49,55,57,59,63,66,87,91,94,95,97,103" /><INIT seed="3,2,2,3,0,36" ten="220,136,354,270" oya="3" hai0="118,2,46,122,112,81,116,22,52,99,95,55,18" hai1="7,93,19,16,26,12,102,62,41,51,58,96,61" hai2="35,92,32,91,126,47,20,40,38,117,134,129,131" hai3="57,59,68,33,10,79,87,14,121,125,31,119,98"/><W90/><G121/><T100/><D122/><U76/><E76/><V29/><F117/><W132/><G119/><T21/><D2/><U64/><E62/><V5/><F5/><W105/><G132/><T85/><D112/><U6/><E26/><N who="2" m="16583" /><F126/><W124/><G79/><T43/><D116/><U107/><E107/><V71/><F71/><W111/><G68/><T13/><D22/><U65/><E65/><V77/><F77/><W73/><G73/><T67/><D67/><U127/><E127/><N who="3" m="48714" /><G31/><T30/><D30/><U133/><E133/><V45/><F45/><W24/><G24/><T9/><D9/><U49/><E19/><V103/><F103/><N who="3" m="62711" /><G33/><T1/><D118/><U74/><E51/><V97/><F134/><W4/><G111/><T27/><D27/><U113/><E74/><V28/><F28/><W37/><G37/><T39/><D1/><U104/><E104/><V25/><F25/><W42/><G42/><T53/><D55/><U60/><E60/><V83/><F83/><AGARI ba="2,2" hai="4,10,14,57,59,83,87,90" m="62711,48714" machi="83" ten="30,1500,0" yaku="18,1" doraHai="36" who="3" fromWho="2" sc="220,0,136,0,354,-21,270,41" /><INIT seed="3,3,0,2,0,18" ten="220,136,333,311" oya="3" hai0="31,62,59,46,129,54,21,55,52,134,0,71,53" hai1="105,81,35,82,43,111,58,79,92,2,103,34,6" hai2="90,26,73,112,99,114,135,95,101,42,93,113,56" hai3="122,28,33,51,74,88,87,11,24,38,109,44,75"/><W131/><G122/><T36/><D0/><U45/><E111/><V108/><F73/><W132/><G109/><T104/><D104/><U118/><E118/><V10/><F108/><W78/><G78/><T40/><D31/><U126/><E126/><V27/><F42/><W39/><G132/><T120/><D21/><U89/><E58/><V7/><F56/><W106/><G106/><T85/><D85/><U96/><E81/><V102/><F135/><W72/><G11/><T86/><D86/><U30/><E30/><V97/><F90/><W69/><G69/><T100/><D100/><U17/><E17/><V4/><F4/><W124/><G124/><T83/><D83/><U77/><E77/><V119/><F119/><W63/><G63/><N who="0" m="36327" /><D120/><U94/><E94/><V91/><F91/><W8/><G8/><T60/><D134/><U9/><E89/><V121/><F121/><W125/><G125/><T13/><D13/><AGARI ba="3,0" hai="7,10,13,26,27,93,95,97,99,101,102,112,113,114" machi="13" ten="40,1300,0" yaku="9,1" doraHai="18" who="2" fromWho="0" sc="220,-22,136,0,333,22,311,0" owari="198,-20.0,136,-36.0,355,45.0,311,11.0" /></mjloggm>