<mjloggm ver="2.3"><GO type="41" lobby="0"/><UN n0="%3A%63%6F%63%75%61%3A" n1="%73%61%6B%75%72%61%31%32" n2="%E5%B0%B1%E6%B4%BB%E7%94%9F%40%E5%B7%9D%E6%9D%91%E8%BB%8D%E5%9B%A3" n3="%E3%83%9F%E3%83%B3%E3%82%AD%E3%83%BC%E3%83%A2%E3%83%A2" dan="13,14,15,15" rate="1999.85,1977.03,1982.58,1983.78" sx="M,M,M,M"/><TAIKYOKU oya="0"/><INIT seed="0,0,0,2,0,5" ten="250,250,250,250" oya="0" hai0="133,65,3,4,81,28,34,37,67,52,36,104,35" hai1="76,10,107,7,97,103,61,95,132,79,88,42,131" hai2="106,70,59,115,92,119,13,116,2,118,17,122,69" hai3="11,72,80,6,32,128,111,73,82,121,71,109,8"/><T38/><D104/><U20/><E132/><V105/><F2/><W0/><G71/><T96/><D96/><U41/><E131/><V113/><F59/><W101/><G128/><T56/><D81/><N who="3" m="31337" /><G32/><T58/><D133/><U78/><E61/><V135/><F135/><W110/><G101/><T84/><D84/><U44/><E20/><V24/><F24/><W74/><G121/><T46/><D46/><U117/><E117/><V112/><F92/><W1/><G6/><T54/><D28/><U23/><E23/><V99/><F122/><W102/><G102/><T83/><D83/><U30/><E30/><V93/><F93/><W127/><G127/><T63/><D4/><U12/><REACH who="1" step="1"/><E44/><REACH who="1" ten="250,240,250,250" step="2"/><V16/><F99/><AGARI ba="0,1" hai="7,10,12,41,42,76,78,79,88,95,97,99,103,107" machi="99" ten="40,8000,1" yaku="1,1,2,1,52,1,54,1,53,1" doraHai="5" doraHaiUra="100" who="1" fromWho="2" sc="250,0,240,90,250,-80,250,0" /><INIT seed="1,0,0,5,3,134" ten="250,330,170,250" oya="1" hai0="9,22,38,132,0,104,47,35,81,29,30,63,25" hai1="83,16,128,133,111,19,60,91,126,118,88,36,120" hai2="58,127,40,86,76,7,87,32,78,39,73,117,18" hai3="15,11,44,121,123,110,42,34,114,50,43,26,109"/><U64/><E120/><N who="3" m="46154" /><G34/><T8/><D104/><U45/><E118/><V27/><F117/><W90/><G26/><T122/><D122/><U48/><E133/><V28/><F7/><W49/><G90/><T56/><D132/><U3/><E126/><V113/><F113/><W17/><G114/><T70/><D70/><U92/><E36/><V52/><F18/><W79/><G79/><T101/><D101/><U108/><E3/><V1/><F1/><W31/><G31/><T112/><D112/><U124/><E128/><V131/><F131/><W6/><G17/><N who="1" m="6730" /><E124/><V2/><F2/><W65/><G65/><T61/><D81/><U103/><E83/><V129/><F127/><W51/><G44/><T85/><D85/><U100/><E103/><V59/><F129/><W23/><G23/><T93/><D93/><U119/><E92/><V94/><F59/><W125/><G125/><T71/><D71/><N who="1" m="42375" /><E100/><V62/><F73/><W80/><G80/><T97/><D97/><U54/><E119/><V77/><REACH who="2" step="1"/><F94/><REACH who="2" ten="250,330,160,250" step="2"/><W37/><G37/><T116/><D116/><U105/><E105/><V82/><F82/><W135/><G135/><T68/><D68/><U98/><E98/><V89/><F89/><W96/><G96/><T4/><D38/><U20/><E20/><V130/><F130/><W115/><G115/><T55/><D0/><U57/><E45/><AGARI ba="0,1" hai="27,28,32,39,40,45,52,58,62,76,77,78,86,87" machi="45" ten="40,2600,0" yaku="1,1,54,1,53,0" doraHai="134" doraHaiUra="66" who="2" fromWho="1" sc="250,0,330,-26,160,36,250,0" /><INIT seed="2,0,0,0,2,23" ten="250,304,196,250" oya="2" hai0="13,122,108,1,99,120,42,77,38,71,8,88,51" hai1="29,118,59,40,4,81,11,47,19,130,65,93,43" hai2="53,117,33,129,18,36,105,54,12,74,32,45,48" hai3="6,31,132,103,22,5,101,68,110,109,44,57,113"/><V28/><F117/><W87/><G68/><T91/><D71/><U86/><E118/><V128/><F74/><W39/><G132/><T89/><D1/><U95/><E130/><N who="2" m="50283" /><F105/><W123/><G123/><T46/><D108/><N who="3" m="41577" /><G87/><T119/><D119/><U30/><E65/><V70/><F70/><W56/><G44/><T55/><D77/><U78/><E59/><N who="3" m="22602" /><G39/><T79/><D79/><U20/><E93/><V98/><F36/><W25/><G113/><T102/><D42/><N who="1" m="15915" /><E95/><V111/><F111/><W90/><G90/><T100/><D38/><U62/><E47/><V67/><F67/><W41/><G41/><T66/><D102/><AGARI ba="0,0" hai="5,6,22,25,31,101,102,103" m="22602,41577" machi="102" ten="30,2000,0" yaku="14,1,52,1" doraHai="23" who="3" fromWho="0" sc="250,-20,304,0,196,0,250,20" /><INIT seed="3,0,0,5,3,52" ten="230,304,196,270" oya="3" hai0="65,61,99,74,47,113,13,120,77,68,90,34,112" hai1="16,5,76,85,58,84,135,89,10,109,49,18,73" hai2="125,35,134,133,107,92,101,123,6,53,50,110,44" hai3="119,75,108,104,114,40,11,3,93,37,48,79,102"/><W25/><G114/><N who="0" m="44139" /><D120/><U42/><E109/><V124/><F35/><W38/><G119/><T17/><D34/><U63/><E73/><V80/><F107/><W88/><G25/><T82/><D47/><N who="1" m="25847" /><E135/><N who="2" m="51723" /><F6/><N who="3" m="1503" /><G48/><T46/><D46/><U103/><E103/><V23/><F110/><W33/><G33/><T106/><D106/><U66/><E76/><V39/><F39/><W29/><G29/><T71/><D90/><U20/><E20/><V4/><F4/><W64/><G108/><T129/><D99/><U62/><E62/><V128/><F123/><W28/><G28/><T41/><D41/><U21/><E21/><V45/><F80/><N who="3" m="45183" /><G40/><T14/><D14/><N who="1" m="5455" /><E84/><V100/><F23/><W60/><G60/><T12/><D12/><U91/><E91/><V83/><F83/><AGARI ba="0,0" hai="16,18,58,63,66,83,85,89" m="5455,25847" machi="83" ten="30,3900,0" yaku="8,1,52,1,54,1" doraHai="52" who="1" fromWho="2" sc="230,0,304,39,196,-39,270,0" /><INIT seed="4,0,0,3,5,21" ten="230,343,157,270" oya="0" hai0="118,31,99,122,93,57,20,55,5,89,110,49,133" hai1="56,25,15,85,65,75,81,71,37,74,18,131,115" hai2="39,35,76,79,102,32,97,44,107,63,90,52,43" hai3="23,67,86,33,9,29,54,72,130,108,100,106,60"/><T51/><D133/><U42/><E71/><V50/><F90/><W125/><G108/><T16/><D122/><U26/><E131/><V126/><F126/><W61/><G125/><T112/><D112/><U111/><E111/><V132/><F132/><W77/><G86/><T6/><D118/><U124/><E124/><V17/><F17/><W123/><G123/><T121/><D121/><U114/><E37/><V96/><F96/><W12/><G130/><T34/><D110/><U13/><E42/><V129/><F129/><W24/><G54/><T105/><D105/><U7/><E7/><V116/><F116/><W19/><G77/><T103/><D103/><U88/><E74/><V58/><F32/><W92/><G92/><T4/><D34/><U22/><E75/><V36/><F36/><W70/><G72/><T28/><REACH who="0" step="1"/><D51/><REACH who="0" ten="220,343,157,270" step="2"/><U41/><E114/><V48/><F35/><W73/><G100/><T46/><D46/><U119/><E115/><V82/><F79/><W117/><G106/><T69/><D69/><U53/><E119/><V30/><REACH who="2" step="1"/><F30/><REACH who="2" ten="220,343,147,270" step="2"/><N who="3" m="17695" /><G117/><T84/><D84/><AGARI ba="0,2" hai="39,43,44,48,50,52,58,63,76,82,84,97,102,107" machi="84" ten="30,7700,0" yaku="1,1,7,1,54,1,53,1" doraHai="21" doraHaiUra="38" who="2" fromWho="0" sc="220,-77,343,0,147,97,270,0" /><INIT seed="5,0,0,2,4,86" ten="143,343,244,270" oya="1" hai0="49,58,82,130,13,38,105,4,118,120,39,131,88" hai1="32,36,72,77,56,65,37,133,132,7,62,10,31" hai2="92,59,75,5,125,43,57,6,17,22,129,21,9" hai3="48,18,76,119,14,102,116,2,85,73,106,61,78"/><U114/><E114/><V83/><F125/><W115/><G2/><T29/><D105/><U70/><E56/><N who="2" m="21579" /><F75/><W84/><G115/><T0/><D0/><U66/><E66/><V134/><F134/><N who="1" m="51817" /><E10/><V35/><F35/><W100/><G61/><T71/><D71/><U97/><E7/><N who="2" m="2571" /><F129/><N who="0" m="49162" /><D118/><N who="3" m="45097" /><G48/><T123/><D29/><U67/><E65/><V124/><F124/><W122/><G122/><N who="0" m="46635" /><D13/><U95/><E31/><V107/><F107/><W127/><G127/><T98/><D4/><U47/><E32/><V117/><F117/><W52/><G52/><N who="0" m="32015" /><D82/><N who="1" m="45351" /><E47/><V113/><F83/><W8/><G106/><T45/><D45/><U69/><E69/><V54/><F43/><W68/><G68/><T94/><AGARI ba="0,0" hai="38,39,88,94,98" m="32015,46635,49162" machi="94" ten="40,8000,1" yaku="19,1,13,1,52,1,54,2" doraHai="86" who="0" fromWho="0" sc="143,80,343,-40,244,-20,270,-20" /><INIT seed="6,0,0,3,2,121" ten="223,303,224,250" oya="2" hai0="109,24,134,16,19,83,4,117,118,73,32,102,10" hai1="108,57,135,132,104,38,46,21,133,124,45,53,128" hai2="90,11,111,77,64,2,0,88,60,115,114,59,119" hai3="36,113,107,8,27,12,37,101,44,35,18,41,48"/><V39/><F39/><W26/><G113/><N who="2" m="43017" /><F119/><N who="0" m="45578" /><D102/><U49/><E108/><V126/><F126/><W29/><REACH who="3" step="1"/><G26/><REACH who="3" ten="223,303,224,240" step="2"/><T100/><D24/><U1/><E124/><V94/><F77/><W14/><G14/><T31/><D134/><U20/><E1/><N who="2" m="619" /><F11/><W89/><G89/><N who="2" m="34409" /><F94/><W22/><G22/><N who="1" m="8810" /><E38/><V67/><F111/><W34/><G34/><T92/><D32/><U23/><E104/><V75/><F75/><W61/><G61/><T97/><D109/><U87/><E23/><V96/><F96/><AGARI ba="0,1" hai="8,12,18,27,29,35,36,37,41,44,48,96,101,107" machi="96" ten="40,5200,0" yaku="1,1,53,2" doraHai="121" doraHaiUra="70" who="3" fromWho="2" sc="223,0,303,0,224,-52,240,62" /><INIT seed="7,0,0,4,5,119" ten="223,303,172,302" oya="3" hai0="71,3,100,27,127,105,108,116,16,114,85,69,133" hai1="90,58,17,132,60,64,44,101,80,106,10,122,48" hai2="63,112,37,20,22,65,40,95,76,111,52,59,99" hai3="7,118,92,70,55,125,28,110,53,117,11,47,8"/><W129/><G70/><T98/><D116/><U12/><E122/><V128/><F111/><W24/><G110/><T109/><D133/><U83/><E132/><V79/><F128/><W81/><G129/><T54/><D3/><U113/><E113/><V82/><F112/><W2/><G125/><T0/><D0/><U9/><E106/><V135/><F135/><W78/><G92/><T1/><D1/><U97/><E9/><V19/><F22/><W75/><G11/><T15/><D127/><U35/><E35/><V115/><F115/><W41/><G55/><T31/><D114/><U29/><E29/><V134/><F134/><W88/><G88/><T45/><D85/><U46/><E101/><V84/><F37/><N who="3" m="21935" /><G53/><T4/><D4/><U67/><E67/><V32/><F32/><AGARI ba="0,0" hai="2,7,8,24,28,32,75,78,81,117,118" m="21935" machi="32" ten="30,2900,0" yaku="25,1,23,1" doraHai="119" who="3" fromWho="2" sc="223,0,303,0,172,-29,302,29" owari="223,-18.0,303,10.0,143,-36.0,331,44.0" /></mjloggm>