<mjloggm ver="2.3"><GO type="169" lobby="0"/><UN n0="%E7%A5%9E%E7%AE%97%E9%AC%BC%E8%AC%80%E3%81%AE%E6%A5%B5%E3%81%BF" n1="%E3%82%B7%E3%83%B3%E3%83%87%E3%83%AB%E3%83%A9" n2="%E3%82%A6%E3%83%AB%E3%83%88%E3%83%A9%E7%AB%8B%E7%9B%B4" n3="%E3%83%9E%E3%83%AB%E3%83%9E%E3%82%A4%E3%83%B3" dan="16,17,17,16" rate="2065.97,2183.42,2122.50,2056.64" sx="F,M,M,M"/><TAIKYOKU oya="0"/><INIT seed="0,0,0,5,1,3" ten="250,250,250,250" oya="0" hai0="80,131,21,32,19,65,132,124,49,60,34,20,18" hai1="129,15,51,50,66,37,100,58,81,102,92,12,14" hai2="116,91,117,126,26,6,24,5,23,59,61,17,35" hai3="103,127,128,133,28,41,83,42,8,77,39,69,2"/><T135/><D49/><U40/><E129/><V73/><F73/><W11/><G69/><T67/><D80/><U9/><E37/><V108/><F108/><W125/><G103/><T52/><D60/><N who="1" m="38167" /><E81/><V113/><F113/><W48/><G28/><T110/><D110/><U109/><E109/><V130/><F130/><W74/><G128/><T85/><D85/><U111/><E111/><V78/><F78/><W55/><G133/><T86/><D86/><U75/><E75/><V38/><F38/><W56/><G11/><T104/><D131/><U96/><E100/><V95/><F126/><N who="3" m="48139" /><G39/><T62/><D62/><U118/><E118/><N who="2" m="45675" /><F26/><W121/><G121/><T0/><D124/><U88/><E102/><V16/><F17/><W97/><G97/><T106/><REACH who="0" step="1"/><D0/><REACH who="0" ten="240,250,250,250" step="2"/><U98/><E51/><V36/><F36/><W84/><G84/><T119/><D119/><U30/><E50/><V13/><F61/><W27/><G42/><T31/><D31/><U122/><E30/><N who="2" m="19911" /><F59/><W123/><G41/><T89/><D89/><U82/><E40/><V76/><F76/><W10/><G2/><T53/><AGARI ba="0,1" hai="18,19,20,21,32,34,52,53,65,67,104,106,132,135" machi="53" ten="25,12000,1" yaku="1,1,0,1,22,2,54,1,53,0" doraHai="3" doraHaiUra="93" who="0" fromWho="0" sc="240,130,250,-40,250,-40,250,-40" /><INIT seed="0,1,0,0,1,30" ten="370,210,210,210" oya="0" hai0="69,53,127,21,118,45,54,121,17,1,129,44,107" hai1="63,128,42,41,98,60,119,97,52,120,39,73,59" hai2="10,11,75,89,68,26,25,74,86,117,84,22,71" hai3="134,109,48,66,87,77,115,55,133,126,88,13,62"/><T112/><D107/><U85/><E119/><V92/><F22/><W9/><G115/><T35/><D35/><U65/><E120/><V102/><F92/><W114/><G114/><T101/><D1/><U7/><E73/><V91/><REACH who="2" step="1"/><F102/><REACH who="2" ten="370,210,200,210" step="2"/><W61/><G133/><T111/><D101/><U131/><E131/><V64/><F64/><W37/><G134/><T81/><D21/><U104/><E65/><V14/><F14/><W116/><G66/><T43/><D112/><U124/><E128/><V23/><F23/><W56/><G13/><T125/><D129/><U18/><E104/><V80/><F80/><W49/><G116/><AGARI ba="1,1" hai="10,11,25,26,68,71,74,75,84,86,89,91,116,117" machi="116" ten="25,3200,0" yaku="1,1,22,2,53,0" doraHai="30" doraHaiUra="12" who="2" fromWho="3" sc="370,0,210,0,200,45,210,-35" /><INIT seed="1,0,0,2,5,17" ten="370,210,245,175" oya="1" hai0="63,87,92,103,123,55,13,33,102,101,56,127,32" hai1="6,67,104,27,15,95,88,3,110,69,107,38,126" hai2="89,52,36,98,48,16,57,74,7,83,99,41,117" hai3="96,78,116,70,128,111,49,50,68,11,84,81,134"/><U79/><E126/><V114/><F117/><W129/><G116/><T66/><D127/><U124/><E124/><V72/><F114/><W47/><G111/><T105/><D105/><U94/><E38/><V119/><F119/><W39/><G39/><T20/><D123/><U77/><E3/><V61/><F36/><W54/><G134/><T59/><D32/><U18/><E110/><V9/><F7/><W132/><G132/><T28/><D33/><U60/><E6/><V43/><F74/><W100/><G50/><T82/><D92/><U24/><E107/><V22/><F9/><W12/><G129/><T23/><D13/><U73/><E104/><V135/><F135/><W30/><G30/><T65/><D28/><U93/><E88/><V1/><F1/><W14/><G14/><T108/><D108/><U19/><E73/><V5/><F5/><W75/><G75/><T58/><D55/><U113/><E113/><V64/><F72/><W42/><G54/><T4/><D4/><U130/><E130/><V0/><F0/><W62/><G128/><T80/><D63/><U86/><E19/><V133/><F133/><W125/><G62/><T90/><D82/><U35/><E35/><V115/><F115/><W122/><G125/><T120/><REACH who="0" step="1"/><D120/><REACH who="0" ten="360,210,245,175" step="2"/><U85/><E15/><N who="2" m="9503" /><F99/><W51/><G122/><T106/><D106/><U37/><E60/><V131/><F131/><W40/><G96/><T53/><D53/><U118/><E118/><V44/><F83/><W10/><G10/><T109/><D109/><U8/><E8/><V71/><F57/><W97/><G11/><RYUUKYOKU ba="0,1" sc="360,15,210,-15,245,15,175,-15" hai0="20,23,56,58,59,65,66,80,87,90,101,102,103" hai2="41,43,44,48,52,61,64,71,89,98" /><INIT seed="2,1,1,2,1,93" ten="375,195,260,160" oya="2" hai0="46,119,126,101,109,113,37,6,85,103,58,59,60" hai1="16,42,134,31,88,99,131,129,72,83,78,54,9" hai2="107,125,97,38,95,62,55,30,20,74,115,116,84" hai3="14,61,118,7,108,117,112,75,127,53,69,22,8"/><V34/><F116/><W51/><G75/><T28/><D113/><U79/><E134/><V5/><F115/><W45/><G112/><T82/><D109/><U64/><E42/><V91/><F38/><W94/><G108/><T71/><D71/><U35/><E64/><V44/><F74/><W50/><G127/><T122/><D122/><U105/><E78/><V65/><F125/><W26/><G51/><T123/><D123/><U89/><E54/><V56/><F5/><W114/><G114/><T49/><D37/><U133/><E133/><V1/><F1/><W132/><G132/><T11/><D28/><U15/><E31/><V47/><F34/><W104/><G104/><T41/><D58/><U18/><E35/><V80/><F107/><W57/><G69/><T106/><D106/><U21/><E105/><V10/><F10/><W0/><G0/><T90/><D119/><U73/><E73/><V76/><REACH who="2" step="1"/><F65/><REACH who="2" ten="375,195,250,160" step="2"/><W87/><G118/><T66/><D126/><U33/><E33/><V120/><F120/><W128/><G117/><T135/><D135/><U68/><E72/><V17/><F17/><W2/><G2/><AGARI ba="1,2" hai="2,6,11,41,46,49,59,60,66,82,85,90,101,103" machi="2" ten="30,1000,0" yaku="7,1" doraHai="93" who="0" fromWho="3" sc="375,33,195,0,250,0,160,-13" /><INIT seed="3,0,0,3,1,20" ten="408,195,250,147" oya="3" hai0="2,102,21,82,109,110,48,104,115,24,35,25,100" hai1="92,125,37,105,132,9,79,56,52,89,77,55,70" hai2="12,43,118,103,85,124,44,69,8,1,31,71,47" hai3="122,28,58,96,107,99,14,10,84,106,95,121,45"/><W50/><G58/><T18/><D2/><U88/><E70/><V27/><F1/><W97/><G28/><N who="0" m="19855" /><D104/><U129/><E129/><V11/><F124/><W13/><G107/><T65/><D65/><U123/><E132/><V76/><F103/><W54/><G106/><T0/><D0/><U64/><E123/><V130/><F130/><W17/><G122/><T51/><D82/><U67/><E105/><V59/><F59/><W29/><G121/><T38/><D38/><U26/><E37/><V131/><F11/><W116/><G116/><T53/><D115/><U135/><E135/><V86/><F47/><W117/><G117/><T32/><D32/><U33/><E125/><V42/><F42/><W4/><G29/><T22/><D22/><U128/><E128/><V7/><F86/><W75/><G75/><T98/><D98/><U30/><E9/><V40/><F40/><W72/><G72/><T74/><D74/><U39/><E39/><V93/><F131/><W78/><G78/><T112/><D51/><U81/><E81/><N who="2" m="47271" /><F93/><W68/><G68/><T34/><D34/><U108/><E108/><N who="0" m="41577" /><D112/><U101/><E101/><V6/><F118/><W126/><G126/><T87/><D87/><U36/><E36/><V49/><F69/><W60/><G84/><T66/><D66/><U46/><E64/><V119/><F119/><W57/><G95/><T73/><D73/><U90/><E92/><V111/><F71/><W134/><G134/><T127/><D127/><U114/><E114/><V23/><F111/><W133/><G133/><T41/><D41/><U83/><E67/><RYUUKYOKU ba="0,0" sc="408,15,195,-15,250,15,147,-15" hai0="18,21,24,48,53,100,102" hai2="6,7,8,12,23,27,31,43,44,49" /><INIT seed="4,1,0,2,0,65" ten="423,180,265,132" oya="0" hai0="45,43,129,118,103,67,23,122,20,28,121,24,58" hai1="108,111,68,21,84,22,88,90,109,82,2,8,14" hai2="6,113,61,96,86,78,99,123,46,55,110,76,105" hai3="31,89,77,130,70,54,93,127,13,1,134,47,51"/><T75/><D75/><U116/><E116/><V101/><F110/><W26/><G1/><T125/><D118/><U97/><E2/><V44/><F113/><W12/><G127/><T107/><D129/><U128/><E128/><V104/><F6/><W63/><G130/><T9/><D9/><U85/><E68/><V79/><F86/><W7/><G77/><T3/><D3/><U91/><E97/><V62/><F123/><W98/><G134/><T92/><D107/><U119/><E119/><V48/><F46/><W131/><G131/><T60/><D23/><U19/><REACH who="1" step="1"/><E91/><REACH who="1" ten="423,170,265,132" step="2"/><V87/><F87/><W80/><G7/><T117/><D117/><U52/><E52/><V27/><F27/><W34/><REACH who="3" step="1"/><G80/><AGARI ba="1,1" hai="8,14,19,21,22,80,82,84,85,88,90,108,109,111" machi="80" ten="40,12000,2" yaku="1,1,9,1,54,1,53,3" doraHai="65" doraHaiUra="120" who="1" fromWho="3" sc="423,0,170,133,265,0,132,-123" /><INIT seed="5,0,0,3,4,71" ten="423,303,265,9" oya="1" hai0="64,128,30,50,131,79,55,17,1,26,35,85,63" hai1="44,37,54,125,132,117,62,101,119,53,27,38,6" hai2="129,97,120,95,28,52,93,106,41,39,47,75,46" hai3="61,34,103,68,51,94,98,4,20,73,24,56,23"/><U116/><E101/><V130/><F120/><W114/><G73/><T72/><D1/><U102/><E102/><N who="2" m="62799" /><F28/><W45/><G114/><T83/><D72/><U14/><E27/><V107/><F75/><W59/><G4/><T127/><D17/><U74/><E74/><V32/><F32/><W5/><G5/><T108/><D127/><U92/><E92/><V19/><F19/><W78/><G78/><T81/><D83/><U112/><E112/><V77/><F77/><W16/><G34/><T0/><D0/><U21/><E125/><V18/><F18/><W124/><G124/><T25/><D25/><U29/><E132/><V123/><F123/><W43/><G68/><T110/><D55/><U118/><E118/><V88/><F88/><W10/><G23/><T135/><D50/><U36/><E44/><V3/><F3/><W115/><G115/><T134/><D63/><U90/><E90/><V7/><F7/><W133/><G133/><N who="0" m="50699" /><D64/><U31/><E21/><V49/><F107/><W122/><G122/><T89/><D79/><U111/><E111/><AGARI ba="0,0" hai="26,30,35,81,85,89,108,110,111,128,131" m="50699" machi="111" ten="30,1000,0" yaku="20,1" doraHai="71" who="0" fromWho="1" sc="423,10,303,-10,265,0,9,0" /><INIT seed="6,0,0,0,4,127" ten="433,293,265,9" oya="2" hai0="28,21,10,110,99,55,123,41,126,79,20,47,129" hai1="97,133,39,53,19,7,45,50,95,66,30,40,102" hai2="100,37,8,58,92,108,121,11,83,0,89,29,67" hai3="15,56,49,59,9,101,13,26,72,103,84,62,32"/><V46/><F121/><W24/><G72/><T68/><D68/><U70/><E133/><V128/><F108/><W118/><G32/><T42/><D126/><U74/><E74/><V120/><F120/><W27/><G118/><T54/><D129/><U34/><E7/><V82/><F100/><W48/><G84/><T23/><D28/><U73/><E73/><V35/><F128/><W18/><G13/><T115/><D115/><U105/><E19/><V3/><F3/><W51/><G59/><T116/><D110/><U134/><E134/><V112/><F112/><W44/><G44/><T64/><D64/><AGARI ba="0,0" hai="9,15,18,24,26,27,48,49,51,56,62,64,101,103" machi="64" ten="40,1300,0" yaku="8,1" doraHai="127" who="3" fromWho="0" sc="433,-13,293,0,265,0,9,13" /><INIT seed="7,0,0,4,5,117" ten="420,293,265,22" oya="3" hai0="100,15,53,0,9,26,16,66,116,131,6,109,87" hai1="31,63,4,103,85,123,111,79,14,17,55,105,72" hai2="112,49,57,28,125,102,99,134,50,118,67,3,30" hai3="44,38,75,18,104,42,76,115,68,37,20,135,29"/><W91/><G115/><T56/><D109/><U12/><E123/><V46/><F3/><W77/><G68/><T48/><D131/><U126/><E111/><V82/><F134/><W22/><G135/><T41/><D100/><U43/><E126/><V13/><F125/><W127/><G127/><T95/><D116/><U40/><E72/><V80/><F112/><W97/><G75/><T2/><D66/><U10/><E105/><V65/><F13/><W107/><G38/><T64/><D64/><U128/><E128/><V33/><F33/><W94/><G107/><T39/><D41/><U98/><E31/><V47/><F102/><W78/><G29/><T122/><D122/><U121/><E121/><V5/><F118/><W129/><G129/><T27/><D39/><U51/><E63/><V25/><F25/><W114/><G114/><T19/><D2/><U124/><E124/><V71/><F71/><W92/><G104/><T7/><D19/><U93/><E85/><V11/><F99/><W83/><G83/><T133/><D133/><U108/><E79/><V54/><F5/><N who="0" m="1546" /><D0/><U120/><E120/><V23/><F23/><W106/><G106/><T96/><D87/><U58/><E108/><V34/><F34/><W69/><G69/><T86/><D96/><U119/><E119/><V84/><F84/><N who="3" m="52327" /><G18/><T81/><D95/><U35/><E35/><V45/><F30/><W8/><G8/><AGARI ba="0,0" hai="4,8,10,12,14,17,40,43,51,55,58,93,98,103" machi="8" ten="30,2000,0" yaku="7,1,8,1" doraHai="117" who="1" fromWho="3" sc="420,0,293,20,265,0,22,-20" owari="420,52.0,313,11.0,265,-13.0,2,-50.0" /></mjloggm>