<mjloggm ver="2.3"><GO type="97" lobby="0"/><UN n0="%E3%81%AC%E3%82%8B%E3%82%8A%E3%82%93%E3%81%93" n1="%74%6F%53%68%69%72%6F" n2="%E5%B0%B1%E6%B4%BB%E7%94%9F%40%E5%B7%9D%E6%9D%91%E8%BB%8D%E5%9B%A3" n3="%E6%9C%9D%E9%A3%9F%E3%82%B7%E3%83%9E%E3%82%A6%E3%83%9E" dan="16,15,15,15" rate="2092.69,2004.27,2075.93,2056.65" sx="F,M,M,F"/><TAIKYOKU oya="0"/><INIT seed="0,0,0,4,1,98" ten="250,250,250,250" oya="0" hai0="24,39,134,44,48,104,124,29,64,103,51,21,59" hai1="84,74,0,15,123,86,121,25,115,50,112,7,117" hai2="88,80,43,81,4,71,120,32,13,96,3,91,97" hai3="106,12,118,20,17,116,108,22,110,36,47,55,113"/><T76/><D134/><U70/><E74/><V85/><F3/><W42/><G113/><N who="1" m="43594" /><E70/><V127/><F32/><W14/><G106/><T40/><D124/><U68/><E68/><V126/><F71/><W45/><G45/><T28/><D76/><U56/><E117/><V100/><F43/><W37/><G37/><T78/><D78/><U95/><E0/><V10/><F120/><W133/><G133/><T99/><REACH who="0" step="1"/><D29/><REACH who="0" ten="240,250,250,250" step="2"/><U87/><E121/><V46/><F126/><W73/><G118/><T61/><AGARI ba="0,1" hai="21,24,28,39,40,44,48,51,59,61,64,99,103,104" machi="61" ten="30,11700,0" yaku="1,1,2,1,0,1,52,1,53,0" doraHai="98" doraHaiUra="132" who="0" fromWho="0" sc="240,127,250,-39,250,-39,250,-39" /><INIT seed="0,1,0,3,1,68" ten="367,211,211,211" oya="0" hai0="6,133,25,15,55,13,46,95,49,39,62,101,96" hai1="113,37,54,10,92,114,86,116,81,0,56,85,132" hai2="65,41,110,8,73,67,51,94,19,14,109,74,44" hai3="12,130,79,28,125,2,90,4,91,24,117,97,135"/><T118/><D118/><U80/><E116/><V38/><F51/><W31/><G117/><T36/><D133/><U30/><E132/><V21/><F8/><W102/><G2/><T115/><D115/><N who="1" m="44043" /><E92/><V71/><F94/><W34/><G135/><T32/><D62/><U48/><E30/><V57/><F71/><W5/><G31/><T7/><D25/><U52/><E54/><V111/><REACH who="2" step="1"/><F57/><REACH who="2" ten="367,211,201,211" step="2"/><W16/><G4/><T66/><D49/><U69/><E69/><V99/><F99/><W124/><G5/><T26/><D95/><U93/><E93/><V89/><F89/><W29/><G91/><T50/><D6/><N who="1" m="1351" /><E85/><V134/><F134/><W120/><G97/><T108/><D7/><U59/><E59/><V35/><F35/><W88/><G34/><T77/><D50/><U131/><E86/><V75/><AGARI ba="1,1" hai="14,19,21,38,41,44,65,67,73,74,75,109,110,111" machi="75" ten="40,12000,2" yaku="1,1,0,1,14,1,52,1,53,3" doraHai="68" doraHaiUra="122" who="2" fromWho="2" sc="367,-61,211,-31,201,133,211,-31" /><INIT seed="1,0,0,1,3,24" ten="306,180,334,180" oya="1" hai0="124,68,26,114,133,29,1,67,7,55,34,78,121" hai1="77,70,98,82,86,22,63,18,115,106,102,32,45" hai2="33,13,117,127,128,126,100,118,52,43,123,20,132" hai3="80,47,109,51,103,81,95,0,3,35,131,104,96"/><U101/><E115/><V87/><F33/><W10/><G35/><T12/><D114/><U23/><E32/><V61/><F43/><W112/><G112/><T6/><D133/><U88/><E45/><V44/><F128/><W79/><G131/><T89/><D124/><N who="2" m="47658" /><F123/><W97/><G109/><T107/><D121/><U130/><E130/><V113/><F113/><W5/><G79/><T9/><D107/><U49/><E49/><N who="2" m="28711" /><F132/><W38/><G0/><T110/><D110/><U25/><E102/><V58/><F100/><W73/><G73/><T4/><D78/><U120/><E120/><V90/><F13/><W64/><G38/><T134/><D134/><U53/><E23/><V37/><F20/><W62/><G47/><T93/><D1/><U21/><E21/><V30/><F30/><W84/><G51/><T60/><REACH who="0" step="1"/><D55/><REACH who="0" ten="296,180,334,180" step="2"/><U42/><E42/><V54/><F37/><W108/><G108/><T48/><D48/><U50/><E50/><V125/><F125/><W57/><G3/><T91/><D91/><U11/><E77/><V40/><F40/><W46/><G104/><T8/><D8/><U135/><E135/><V69/><F69/><W17/><G10/><T85/><AGARI ba="0,1" hai="4,6,7,9,12,26,29,34,60,67,68,85,89,93" machi="85" ten="20,8000,1" yaku="1,1,0,1,7,1,52,1,53,1" doraHai="24" doraHaiUra="56" who="0" fromWho="0" sc="296,90,180,-40,334,-20,180,-20" /><INIT seed="2,0,0,0,3,75" ten="386,140,314,160" oya="2" hai0="69,119,118,24,11,102,77,80,36,39,131,52,109" hai1="27,64,17,86,7,20,115,130,31,44,89,14,67" hai2="104,114,57,28,19,95,91,21,82,111,4,6,92" hai3="133,13,68,3,0,129,135,112,26,35,8,46,101"/><V41/><F104/><W76/><G68/><T59/><D109/><U23/><E115/><V90/><F114/><W84/><G112/><T88/><D131/><U34/><E130/><V132/><F132/><N who="3" m="50763" /><G129/><T45/><D69/><U43/><E34/><V100/><F111/><W106/><G46/><T32/><D102/><U93/><REACH who="1" step="1"/><E7/><REACH who="1" ten="386,130,314,160" step="2"/><V2/><F6/><W9/><G35/><T81/><D32/><U37/><AGARI ba="0,1" hai="14,17,20,23,27,31,37,43,44,64,67,86,89,93" machi="37" ten="20,5200,0" yaku="1,1,2,1,0,1,7,1,53,0" doraHai="75" doraHaiUra="123" who="1" fromWho="1" sc="386,-13,130,62,314,-26,160,-13" /><INIT seed="3,0,0,4,4,90" ten="373,192,288,147" oya="3" hai0="105,40,74,121,26,113,100,124,8,101,131,29,36" hai1="78,75,114,70,91,110,61,60,108,33,45,16,2" hai2="116,107,65,81,42,95,135,27,0,106,47,88,115" hai3="92,5,19,15,50,125,76,79,85,1,51,9,41"/><W134/><G134/><T104/><D121/><U54/><E114/><V14/><F116/><W132/><G132/><T13/><D74/><U20/><E33/><V84/><F115/><W133/><G133/><T58/><D36/><U111/><E2/><V23/><F0/><W22/><G125/><T28/><D40/><U49/><E70/><V68/><F135/><W71/><G71/><T55/><D104/><U73/><E91/><V98/><F14/><W112/><G112/><T53/><D105/><U34/><E34/><V82/><F65/><W117/><G117/><T67/><D124/><U126/><E126/><V99/><F68/><W97/><G85/><T46/><D67/><U83/><E75/><V17/><F82/><W119/><G119/><T72/><D131/><U69/><E69/><V7/><F7/><W24/><G1/><T102/><D72/><U129/><E129/><V80/><F80/><W37/><G37/><T77/><D77/><U4/><E4/><V38/><REACH who="2" step="1"/><F99/><REACH who="2" ten="373,192,278,147" step="2"/><W89/><REACH who="3" step="1"/><G41/><REACH who="3" ten="373,192,278,137" step="2"/><T120/><D113/><U63/><E110/><V44/><F44/><W31/><G31/><T43/><D29/><U56/><E45/><V62/><F62/><W96/><G96/><T57/><D43/><U128/><E128/><V127/><F127/><W25/><G25/><T11/><D26/><U118/><E118/><V59/><F59/><W109/><G109/><N who="1" m="42058" /><E63/><V18/><F18/><W21/><G21/><T32/><D28/><U103/><E61/><V86/><F86/><W93/><G93/><T48/><D46/><U122/><E60/><V6/><F6/><RYUUKYOKU ba="0,2" sc="373,-15,192,-15,278,15,137,15" hai2="17,23,27,38,42,47,81,84,88,95,98,106,107" hai3="5,9,15,19,22,24,50,51,76,79,89,92,97" /><INIT seed="3,1,2,2,5,48" ten="358,177,293,152" oya="3" hai0="76,113,123,0,35,78,98,110,100,60,33,101,93" hai1="6,28,69,77,14,122,67,36,41,84,125,112,4" hai2="131,99,94,61,97,37,134,57,132,15,44,34,70" hai3="62,47,39,56,1,116,17,105,91,13,16,82,7"/><W121/><G116/><T117/><D117/><U119/><E119/><V89/><F34/><W51/><G121/><T53/><D123/><U65/><E122/><V88/><F70/><W74/><G39/><T19/><D0/><U55/><E112/><V72/><F72/><W52/><G105/><T30/><D33/><U90/><E77/><V68/><F68/><W81/><G1/><T107/><D30/><U96/><E96/><V83/><F131/><W80/><G74/><T31/><D31/><U135/><E135/><N who="2" m="51755" /><F15/><W38/><G38/><T24/><D98/><U22/><E36/><V49/><F37/><W102/><G102/><T73/><D100/><U9/><E41/><N who="2" m="24719" /><F83/><W29/><G29/><T20/><D35/><U10/><E28/><V128/><F128/><W87/><G7/><T103/><D73/><U2/><E69/><V40/><F40/><N who="3" m="25063" /><G17/><T115/><D19/><U111/><E6/><V42/><F42/><W127/><G127/><T86/><D113/><U8/><E125/><V64/><F97/><W32/><G32/><T104/><D115/><U108/><E2/><V71/><F71/><W27/><G27/><T109/><D24/><U26/><E4/><V92/><F92/><W25/><G25/><T95/><D93/><N who="1" m="54471" /><E14/><V50/><F50/><W54/><G54/><T120/><D95/><U11/><E55/><V133/><N who="2" m="51763" /><V129/><DORA hai="75" /><F129/><W12/><G12/><T63/><D53/><U59/><N who="1" m="2048" /><DORA hai="5" /><U66/><E59/><V23/><F23/><AGARI ba="1,2" hai="13,16,23,52,56,62,80,81,82,87,91" m="25063" machi="23" ten="30,11600,0" yaku="8,1,52,1,54,2" doraHai="48,75,5" who="3" fromWho="2" sc="358,0,177,0,293,-119,152,139" /><INIT seed="3,2,0,3,3,3" ten="358,177,174,291" oya="3" hai0="96,113,63,54,52,110,23,21,60,58,131,112,83" hai1="69,51,61,92,79,75,41,85,81,100,27,24,66" hai2="39,31,91,70,2,89,128,103,114,11,65,93,127" hai3="62,87,35,59,122,26,9,64,20,123,55,30,42"/><W10/><G42/><T132/><D110/><U86/><E75/><V109/><F114/><N who="0" m="44138" /><D132/><U121/><E121/><V77/><F109/><W4/><G10/><T124/><D131/><U82/><E100/><V6/><F39/><W57/><G35/><T32/><D124/><U36/><E92/><V111/><F111/><W74/><G74/><T72/><D32/><U76/><E36/><V80/><F127/><W25/><G25/><T34/><D34/><U88/><E88/><V106/><F128/><W107/><G87/><T29/><D29/><U19/><E19/><V67/><F31/><W13/><REACH who="3" step="1"/><G107/><REACH who="3" ten="358,177,174,281" step="2"/><T105/><D21/><U118/><E118/><V78/><F78/><W102/><G102/><N who="0" m="62663" /><D23/><U16/><E27/><V133/><F133/><W126/><G126/><T108/><D108/><U119/><E119/><V43/><F43/><W117/><G117/><T40/><D40/><U18/><E24/><V14/><F2/><W73/><G73/><T49/><D54/><U90/><E79/><AGARI ba="2,1" hai="49,52,58,60,63,72,79,83" m="62663,44138" machi="79" ten="30,2000,0" yaku="11,1,54,1" doraHai="3" who="0" fromWho="1" sc="358,36,177,-26,174,0,281,0" owari="394,50.0,151,-35.0,174,-23.0,281,8.0" /></mjloggm>