<mjloggm ver="2.3"><GO type="169" lobby="0"/><UN n0="%E3%82%A6%E3%83%AB%E3%83%88%E3%83%A9%E7%AB%8B%E7%9B%B4" n1="%E4%B8%89%E8%89%B2%E5%90%8C%E5%88%BB%E2%98%86" n2="%E3%81%AE%E3%81%A9%E3%81%94%E3%81%97%E3%80%88%E7%94%9F%E3%80%89" n3="%E5%B0%B1%E6%B4%BB%E7%94%9F%40%E5%B7%9D%E6%9D%91%E8%BB%8D%E5%9B%A3" dan="17,16,17,16" rate="2138.53,2060.19,2078.54,2064.64" sx="M,M,M,M"/><TAIKYOKU oya="0"/><INIT seed="0,0,0,0,5,103" ten="250,250,250,250" oya="0" hai0="15,13,19,95,113,41,122,94,69,130,106,91,40" hai1="17,46,27,6,57,62,32,28,52,4,119,104,39" hai2="29,90,123,9,85,114,75,70,7,84,79,133,11" hai3="24,31,3,50,44,10,101,73,83,99,1,55,86"/><T82/><D69/><U53/><E119/><V96/><F70/><W132/><G73/><T71/><D71/><U37/><E17/><V42/><F114/><W30/><G10/><T126/><D106/><U64/><E104/><V76/><F123/><W21/><G31/><T81/><D126/><U59/><E64/><V26/><F133/><W61/><G61/><T51/><D130/><U34/><E34/><V134/><F42/><W118/><G132/><T72/><D72/><U135/><E135/><V127/><F127/><W100/><G100/><T109/><D109/><U108/><E108/><V8/><F7/><W5/><G5/><T65/><D65/><U115/><E115/><V92/><F134/><W36/><G36/><T66/><D66/><U33/><E27/><V128/><F128/><W0/><G118/><T63/><D63/><U125/><E62/><V74/><F74/><W131/><G131/><T116/><D116/><U93/><E93/><V102/><F75/><W124/><G124/><T80/><D113/><U120/><E125/><V58/><F58/><W49/><G49/><T107/><D107/><U110/><E110/><V2/><F2/><W16/><G30/><T111/><D111/><U60/><E60/><V88/><F29/><W20/><G20/><N who="0" m="11375" /><D122/><U47/><REACH who="1" step="1"/><E28/><REACH who="1" ten="250,240,250,250" step="2"/><V112/><F112/><W54/><G16/><T45/><D94/><U25/><E25/><V77/><F26/><W98/><G24/><T129/><D129/><U48/><E48/><V89/><AGARI ba="0,1" hai="8,9,11,76,77,79,84,85,88,89,90,92,96,102" machi="89" ten="40,8000,1" yaku="0,1,29,2,8,1,54,1" doraHai="103" who="2" fromWho="2" sc="250,-40,240,-20,250,90,250,-20" /><INIT seed="1,0,0,1,2,88" ten="210,220,340,230" oya="1" hai0="58,135,112,91,5,115,109,104,33,68,17,55,119" hai1="46,22,76,116,9,103,26,51,18,86,106,126,93" hai2="73,99,53,36,15,43,63,83,21,27,121,19,81" hai3="4,42,30,114,134,12,87,77,71,101,90,70,118"/><U80/><E116/><V92/><F73/><W39/><G114/><T64/><D33/><U47/><E126/><V102/><F121/><W105/><G77/><T123/><D104/><U94/><E106/><V122/><F122/><W40/><G30/><T32/><D32/><U97/><E93/><V11/><F43/><W6/><G101/><T54/><D5/><U120/><E120/><V69/><F36/><W50/><G50/><T16/><D123/><U44/><REACH who="1" step="1"/><E9/><REACH who="1" ten="210,210,340,230" step="2"/><V34/><F34/><W31/><G105/><T10/><D119/><U24/><E24/><V65/><F53/><AGARI ba="0,1" hai="18,22,26,44,46,47,51,53,76,80,86,94,97,103" machi="53" ten="30,11600,0" yaku="1,1,7,1,8,1,52,1,53,0" doraHai="88" doraHaiUra="133" who="1" fromWho="2" sc="210,0,210,126,340,-116,230,0" /><INIT seed="1,1,0,0,2,81" ten="210,336,224,230" oya="1" hai0="47,134,44,75,135,91,83,121,95,74,53,69,16" hai1="67,66,126,63,92,133,94,17,80,130,4,6,105" hai2="43,38,85,18,10,100,118,120,78,127,35,124,79" hai3="119,46,5,96,132,50,70,106,28,99,15,64,62"/><U57/><E105/><V20/><F35/><W7/><G132/><N who="0" m="50731" /><D69/><U122/><E133/><V0/><F120/><W30/><G119/><T87/><D121/><U125/><E122/><V24/><F118/><W117/><G117/><T98/><D16/><U23/><E130/><V59/><F100/><W29/><G106/><T72/><D53/><U52/><E80/><V25/><F59/><W73/><G73/><N who="0" m="18691" /><T71/><DORA hai="58" /><D71/><U32/><E32/><V129/><F129/><W39/><G39/><T113/><D113/><U9/><E126/><N who="2" m="48171" /><F43/><W110/><G110/><T42/><D42/><U115/><E115/><V14/><F38/><W131/><G131/><T34/><D34/><U60/><E125/><V26/><F0/><W1/><G1/><T102/><AGARI ba="1,0" hai="44,47,83,87,91,95,98,102" m="18691,50731" machi="102" ten="50,3200,0" yaku="20,1,52,1" doraHai="81,58" who="0" fromWho="0" sc="210,35,336,-17,224,-9,230,-9" /><INIT seed="2,0,0,1,4,67" ten="245,319,215,221" oya="2" hai0="19,23,74,22,133,1,42,26,62,84,107,49,16" hai1="79,30,120,58,3,105,35,59,122,123,75,25,46" hai2="118,7,70,114,9,125,103,45,64,86,124,5,68" hai3="121,50,66,119,72,21,115,56,106,38,18,33,87"/><V2/><F118/><W54/><G72/><T10/><D74/><U6/><E105/><V116/><F116/><W109/><G33/><T100/><D100/><U53/><E3/><V65/><F114/><W104/><G106/><T37/><D37/><U28/><E6/><V89/><F103/><W24/><G104/><T93/><D107/><U29/><E46/><V44/><F89/><W39/><G109/><T117/><D133/><U134/><E134/><V43/><F86/><W98/><G121/><T81/><D93/><U101/><E101/><V41/><F9/><W92/><G115/><T77/><D62/><N who="1" m="36175" /><E59/><V97/><F97/><W32/><G32/><T60/><D60/><U52/><E52/><V95/><F95/><W20/><G119/><T83/><D117/><U108/><E108/><V61/><F61/><W127/><G66/><T63/><D63/><U73/><E73/><V47/><F47/><W11/><G98/><T131/><D131/><U99/><E99/><V36/><F36/><W80/><G92/><T102/><D102/><U4/><E4/><V88/><F88/><W126/><G39/><T13/><D1/><AGARI ba="0,0" hai="1,2,5,7,41,43,44,45,64,65,68,70,124,125" machi="1" ten="25,9600,0" yaku="22,2,52,2" doraHai="67" who="2" fromWho="0" sc="245,-96,319,0,215,96,221,0" /><INIT seed="2,1,0,1,4,20" ten="149,319,311,221" oya="2" hai0="43,91,87,72,56,105,32,106,100,77,63,17,37" hai1="107,112,13,29,64,128,58,133,68,1,120,2,22" hai2="44,33,18,71,131,26,52,89,67,130,9,42,102" hai3="111,113,50,10,7,85,115,34,79,24,121,78,49"/><V96/><F89/><W76/><G121/><T36/><D32/><U103/><E112/><V134/><F9/><W8/><G111/><T97/><D106/><U117/><E117/><V118/><F134/><W41/><G85/><T12/><D43/><U3/><E68/><V95/><F118/><W60/><G60/><T84/><D84/><U39/><E39/><V38/><F67/><W4/><G41/><T21/><D77/><U51/><E120/><V81/><F81/><W28/><G8/><T116/><D72/><U27/><E128/><N who="2" m="49195" /><F71/><W55/><G7/><T125/><D125/><U94/><E107/><V35/><F52/><W86/><G86/><T88/><D91/><U61/><E133/><V99/><F99/><W19/><G19/><T114/><D114/><N who="3" m="43529" /><G55/><T14/><D116/><U108/><E108/><V129/><F129/><W110/><G110/><T23/><D56/><U48/><E13/><AGARI ba="1,0" hai="4,10,13,24,28,34,49,50,76,78,79" m="43529" machi="13" ten="30,2000,0" yaku="11,1,52,1" doraHai="20" who="3" fromWho="1" sc="149,0,319,-23,311,0,221,23" /><INIT seed="3,0,0,1,5,21" ten="149,296,311,244" oya="3" hai0="23,14,78,103,81,41,125,126,127,91,29,135,99" hai1="106,35,50,66,105,10,1,2,37,109,32,61,44" hai2="72,9,87,19,52,38,11,84,86,26,42,92,69" hai3="46,54,71,6,83,89,27,123,36,3,33,48,119"/><W59/><G119/><T55/><D41/><N who="1" m="22575" /><E50/><V97/><F72/><W60/><G123/><T93/><D55/><U88/><E88/><N who="2" m="55431" /><F38/><W45/><G3/><N who="1" m="1034" /><E10/><V124/><F69/><W0/><G0/><T77/><D135/><U16/><E16/><V22/><F124/><W74/><G6/><T15/><D91/><U31/><E109/><V65/><F65/><W104/><G104/><N who="1" m="40042" /><E31/><V28/><F42/><W49/><G36/><T133/><D133/><U53/><E53/><V113/><F113/><W101/><G101/><T130/><D130/><U12/><E12/><V67/><F67/><W122/><G122/><T114/><D114/><U120/><E120/><V128/><F128/><W43/><G89/><T4/><D4/><U13/><E13/><V111/><F111/><W17/><G71/><AGARI ba="0,0" hai="32,35,61,66,71" m="40042,1034,22575" machi="71" ten="30,2000,0" yaku="33,2" doraHai="21" who="1" fromWho="3" sc="149,0,296,20,311,0,244,-20" /><INIT seed="4,0,0,5,4,42" ten="149,316,311,224" oya="0" hai0="119,72,120,62,23,2,133,63,93,52,75,46,121" hai1="103,12,83,35,47,104,31,134,70,41,89,58,108" hai2="44,21,84,77,36,0,57,33,102,17,7,22,110" hai3="112,66,60,53,32,129,111,80,59,5,91,3,94"/><T13/><D2/><U15/><E70/><V14/><F102/><W45/><G32/><T28/><D119/><U67/><E108/><V116/><F33/><W127/><G111/><T115/><D115/><U54/><E67/><V90/><F77/><W135/><G135/><T109/><D109/><U30/><E134/><V37/><F7/><W10/><G129/><T71/><D133/><U76/><E89/><V117/><F0/><W126/><G112/><T99/><D72/><U124/><E124/><V130/><F57/><W107/><G107/><T114/><D75/><U48/><E103/><V64/><F64/><W43/><G80/><T105/><D105/><U19/><E104/><V69/><F69/><W25/><G25/><N who="0" m="16447" /><D71/><U6/><E6/><V74/><F74/><W51/><REACH who="3" step="1"/><G66/><REACH who="3" ten="149,316,311,214" step="2"/><T8/><D114/><U92/><E35/><V29/><F110/><W106/><G106/><T56/><D121/><U40/><E83/><V26/><F130/><W81/><G81/><T65/><D120/><U118/><E118/><V101/><F116/><W128/><G128/><T11/><D65/><U79/><E92/><V4/><F117/><W73/><G73/><T88/><D63/><U98/><E79/><V68/><F68/><W61/><G61/><T95/><D95/><U38/><E76/><V87/><F101/><W82/><G82/><T27/><D27/><U122/><E122/><V50/><F26/><W16/><G16/><N who="0" m="8231" /><D11/><U96/><E19/><V49/><F17/><W55/><G55/><T9/><D9/><U1/><E54/><V86/><F4/><W131/><G131/><RYUUKYOKU ba="0,1" sc="149,15,316,-15,311,-15,214,15" hai0="46,52,56,62,88,93,99" hai3="3,5,10,43,45,51,53,59,60,91,94,126,127" /><INIT seed="4,1,1,5,3,132" ten="164,301,296,229" oya="0" hai0="85,101,135,127,68,15,120,91,116,25,106,93,39" hai1="81,56,82,61,128,76,59,40,98,23,78,90,100" hai2="55,89,71,52,53,28,99,107,73,10,125,133,104" hai3="83,26,21,33,62,27,95,123,50,67,87,60,72"/><T118/><D68/><U34/><E34/><V57/><F71/><W134/><G134/><T24/><D39/><U36/><E128/><V124/><F73/><W97/><G123/><T84/><D24/><U20/><E36/><V75/><F75/><W102/><G72/><T12/><D12/><U51/><E90/><V0/><F28/><W32/><G26/><T17/><D25/><U38/><E38/><V88/><F133/><W45/><G33/><T58/><D135/><U64/><E82/><V77/><F57/><W131/><G131/><T44/><D44/><U129/><E129/><V41/><F41/><N who="3" m="24879" /><G67/><T16/><D120/><U69/><E69/><V3/><F77/><N who="3" m="46575" /><G32/><T8/><D17/><AGARI ba="1,1" hai="17,21,27,60,62,95,97,102" m="46575,24879" machi="17" ten="30,1000,0" yaku="8,1" doraHai="132" who="3" fromWho="0" sc="164,-13,301,0,296,0,229,23" /><INIT seed="5,0,0,4,3,76" ten="151,301,296,252" oya="1" hai0="102,114,6,70,123,98,37,12,69,32,90,130,17" hai1="63,74,100,103,135,60,19,85,28,52,53,112,77" hai2="47,33,0,131,110,3,7,55,95,79,20,80,73" hai3="45,34,92,127,118,86,62,43,5,124,101,24,30"/><U31/><E74/><V1/><F33/><W61/><G118/><T15/><D32/><U71/><E112/><V116/><F116/><W120/><G120/><T111/><D37/><U67/><E135/><V39/><F110/><W93/><G5/><T129/><D111/><U36/><E36/><V83/><F95/><W27/><G27/><T48/><D48/><U89/><E77/><V81/><F20/><W82/><G62/><N who="1" m="23594" /><E67/><V11/><F55/><N who="1" m="21065" /><E19/><V108/><F131/><W23/><G101/><N who="1" m="38986" /><E71/><V25/><F108/><W128/><G34/><T104/><D69/><U107/><E107/><V91/><F25/><W26/><G26/><T54/><D70/><U87/><E89/><V35/><F35/><W105/><G61/><T126/><D54/><U57/><E57/><V88/><F0/><W10/><G105/><T9/><D90/><N who="2" m="34346" /><F1/><W41/><G128/><N who="0" m="49259" /><D114/><U106/><E106/><V44/><F44/><W38/><G92/><T49/><D123/><U18/><E18/><V78/><F78/><W21/><G93/><T113/><D113/><U121/><E121/><V66/><F66/><W133/><G45/><T132/><D132/><U97/><E97/><V109/><F109/><W75/><G38/><T134/><D134/><U46/><E46/><V117/><F117/><W50/><G75/><T115/><D115/><U16/><E16/><V94/><F94/><W65/><G65/><T42/><D98/><U51/><E51/><V59/><F59/><W99/><G99/><N who="0" m="61535" /><D17/><U2/><E2/><V56/><F56/><W14/><G133/><T72/><D49/><U4/><E4/><RYUUKYOKU ba="0,0" sc="151,-15,301,15,296,15,252,-15" hai1="28,31,85,87" hai2="3,7,11,39,47,73,79,80,81,83" /><INIT seed="5,1,0,3,1,41" ten="136,316,311,237" oya="1" hai0="107,2,133,4,101,74,64,1,126,95,129,70,75" hai1="56,85,25,15,115,24,87,36,131,52,124,63,29" hai2="112,134,37,128,19,66,43,86,32,31,58,105,92" hai3="113,97,50,21,98,39,68,79,57,127,125,83,106"/><U72/><E72/><V34/><F105/><W91/><G68/><T51/><D95/><U16/><E36/><V132/><F19/><W8/><G39/><T67/><D51/><U17/><E115/><V119/><F119/><W118/><G118/><T99/><D67/><U53/><E131/><V40/><F128/><W33/><G33/><T49/><D49/><U122/><E122/><V0/><F0/><N who="0" m="106" /><D4/><U60/><E124/><V30/><F92/><W114/><G91/><T46/><D129/><U94/><E94/><V103/><F86/><N who="1" m="32777" /><E29/><V44/><F103/><W10/><G57/><T28/><D28/><N who="2" m="10794" /><F43/><W26/><G50/><T116/><D116/><U54/><E17/><V110/><F110/><W12/><G106/><T82/><D75/><U88/><E88/><V100/><F112/><N who="3" m="43115" /><G98/><T11/><D99/><U20/><E63/><N who="2" m="38263" /><F100/><W61/><G61/><T121/><D101/><U14/><E25/><V90/><F90/><W76/><G97/><T73/><D70/><U93/><E93/><V38/><F38/><W117/><G117/><T3/><D107/><U96/><E96/><V35/><F37/><W84/><G26/><T69/><D69/><U45/><E54/><V71/><F71/><W27/><G27/><T7/><D121/><U102/><E102/><V9/><F40/><W59/><G127/><T23/><D126/><U80/><E80/><V109/><F109/><W47/><G83/><T13/><D82/><U120/><E120/><V111/><F111/><W18/><G84/><T78/><D64/><U22/><E22/><V48/><F9/><N who="3" m="3691" /><G125/><T6/><D3/><RYUUKYOKU ba="1,0" sc="136,-15,316,15,311,15,237,-15" hai1="14,15,16,20,24,45,52,53,56,60" hai2="32,34,35,44,48,132,134" /><INIT seed="5,2,0,1,5,30" ten="121,331,326,222" oya="1" hai0="113,125,111,122,72,23,114,92,5,59,50,119,8" hai1="73,55,81,54,47,79,129,77,4,86,38,40,63" hai2="69,71,124,83,121,61,26,70,27,106,118,96,115" hai3="98,34,68,90,28,62,35,17,51,52,48,100,89"/><U32/><E129/><V1/><F1/><W103/><G17/><T41/><D72/><U87/><E4/><V130/><F83/><W11/><G11/><T99/><D111/><U85/><E79/><V76/><F76/><W43/><G43/><T57/><D119/><U66/><REACH who="1" step="1"/><E32/><REACH who="1" ten="121,321,326,222" step="2"/><V128/><F118/><W120/><G35/><T134/><D5/><U80/><E80/><V102/><F128/><W21/><G34/><T94/><D122/><U0/><E0/><V12/><F121/><W127/><G120/><T117/><D117/><U16/><E16/><V64/><F130/><W25/><G127/><T65/><D125/><U9/><E9/><V67/><F124/><W107/><G28/><T112/><D8/><U126/><E126/><V74/><F74/><W53/><G21/><T18/><D18/><U33/><E33/><V97/><F115/><W93/><G25/><T58/><D23/><U44/><E44/><V116/><F116/><W13/><G13/><T108/><D108/><U133/><E133/><V42/><F12/><W37/><G107/><T7/><D7/><U45/><E45/><V60/><F106/><W101/><G37/><T78/><D134/><U2/><E2/><V6/><F6/><W82/><G82/><T131/><D131/><U123/><E123/><V84/><F26/><W132/><G132/><T24/><D112/><U109/><E109/><V56/><F27/><W29/><G29/><T22/><D113/><U3/><E3/><V10/><F10/><W31/><G31/><N who="0" m="17815" /><D114/><U88/><E88/><V19/><F19/><W49/><G90/><RYUUKYOKU ba="2,1" sc="121,-15,321,15,326,-15,222,15" hai1="38,40,47,54,55,63,66,73,77,81,85,86,87" hai3="48,49,51,52,53,62,68,89,93,98,100,101,103" /><INIT seed="5,3,1,1,1,27" ten="106,336,311,237" oya="1" hai0="95,59,22,110,94,99,120,55,78,56,50,100,127" hai1="0,8,16,86,15,82,69,108,18,9,116,89,23" hai2="41,112,133,57,117,128,19,122,61,39,121,38,49" hai3="124,77,104,45,123,6,90,24,109,96,63,47,98"/><U12/><E116/><V4/><F4/><W11/><G109/><T84/><D120/><U126/><E108/><V76/><F76/><W64/><G123/><T115/><D110/><U91/><E126/><V102/><F102/><W92/><G124/><T28/><D127/><U60/><E0/><V21/><F117/><W2/><G77/><T66/><D115/><U114/><E114/><V30/><F19/><W35/><G104/><T119/><D119/><U43/><E43/><V44/><F112/><W52/><G98/><T87/><D94/><U54/><E23/><V97/><F97/><W33/><G52/><N who="0" m="31767" /><D78/><N who="1" m="46423" /><E69/><V68/><F38/><W26/><G35/><T111/><D111/><U72/><E72/><V105/><F105/><W42/><G33/><T29/><D66/><U3/><E3/><V75/><F75/><W7/><G7/><T134/><D134/><U113/><E113/><V101/><F133/><W107/><G47/><T25/><D29/><U37/><E37/><V13/><F30/><W129/><G107/><T14/><D14/><U85/><E85/><V34/><F13/><W36/><G129/><T74/><D74/><U135/><E135/><V20/><F128/><W51/><G36/><T32/><D32/><U71/><E71/><AGARI ba="3,1" hai="2,6,11,24,26,42,45,51,63,64,71,90,92,96" machi="71" ten="30,1000,0" yaku="7,1" doraHai="27" who="3" fromWho="1" sc="106,0,336,-19,311,0,237,29" /><INIT seed="6,0,0,5,5,45" ten="106,317,311,266" oya="2" hai0="77,26,80,5,11,23,47,10,121,22,0,89,119" hai1="73,51,24,93,61,25,91,96,112,20,127,92,27" hai2="107,86,125,95,39,34,134,94,87,41,17,18,131" hai3="109,105,78,35,74,110,30,118,19,85,60,8,3"/><V40/><F34/><W124/><G74/><T130/><D121/><U2/><E73/><V108/><F107/><W84/><G124/><T15/><D89/><N who="1" m="55311" /><E2/><V123/><F123/><W50/><G105/><T129/><D80/><U126/><E112/><V66/><F66/><W97/><G97/><T46/><D77/><U70/><E70/><V42/><F125/><N who="1" m="47625" /><E61/><V135/><F131/><N who="0" m="50186" /><D47/><U63/><E63/><V12/><F108/><W28/><G60/><T55/><D55/><U64/><E64/><V36/><F42/><W122/><G78/><T13/><D46/><U102/><E102/><V65/><F65/><W37/><G37/><T57/><D57/><U101/><E101/><V100/><F100/><W58/><G122/><T103/><D103/><U53/><E93/><V14/><AGARI ba="0,0" hai="12,14,17,18,36,39,40,41,86,87,94,95,134,135" machi="14" ten="25,4800,0" yaku="0,1,22,2" doraHai="45" who="2" fromWho="2" sc="106,-16,317,-16,311,48,266,-16" /><INIT seed="6,1,0,5,5,57" ten="90,301,359,250" oya="2" hai0="36,133,15,5,37,41,72,7,82,35,68,103,65" hai1="84,102,39,50,11,99,14,107,94,134,4,89,90" hai2="83,29,122,87,69,9,77,113,27,93,135,45,2" hai3="58,38,119,24,23,13,44,79,47,20,34,123,108"/><V110/><F69/><W16/><G108/><T8/><D35/><U6/><E39/><V61/><F45/><W112/><G123/><T118/><D118/><U85/><E134/><V88/><F113/><W70/><G70/><T95/><D133/><U43/><E50/><V129/><F129/><W59/><G34/><T52/><D41/><U96/><E43/><V40/><F40/><W128/><G128/><T54/><D5/><U101/><E4/><V67/><F122/><W73/><G38/><T117/><D117/><U92/><REACH who="1" step="1"/><E107/><REACH who="1" ten="90,291,359,250" step="2"/><V53/><F135/><W127/><G119/><T124/><D37/><U25/><E25/><V75/><F110/><W33/><G24/><T56/><D36/><U18/><E18/><V80/><F27/><W30/><G16/><T76/><D124/><U48/><E48/><V60/><F29/><W109/><G30/><T126/><D126/><U26/><E26/><V130/><F130/><W120/><G33/><T125/><D125/><U116/><E116/><V17/><F17/><W42/><G109/><T105/><D105/><U63/><E63/><V115/><F60/><W10/><G42/><T46/><D46/><U28/><E28/><V97/><F61/><W111/><G47/><T91/><D7/><U100/><AGARI ba="1,1" hai="6,11,14,84,85,89,90,92,94,96,99,100,101,102" machi="100" ten="30,7900,0" yaku="1,1,0,1,9,1,8,1,53,0" doraHai="57" doraHaiUra="131" who="1" fromWho="1" sc="90,-21,291,92,359,-40,250,-21" /><INIT seed="7,0,0,3,3,78" ten="69,383,319,229" oya="3" hai0="17,76,62,118,66,43,83,8,79,38,58,18,81" hai1="49,2,95,57,130,111,28,16,73,106,88,122,59" hai2="121,12,119,60,120,90,102,86,21,77,124,50,92" hai3="85,14,112,53,19,114,87,39,115,35,15,93,108"/><W84/><G108/><T4/><D118/><U22/><E106/><V69/><F119/><W129/><G129/><T3/><D43/><U132/><E122/><V32/><F32/><W103/><G39/><T26/><D26/><U7/><E73/><V42/><F69/><W11/><G35/><T33/><D38/><U54/><E111/><V20/><F102/><W133/><G133/><T94/><D94/><U51/><E130/><V82/><F60/><W117/><G117/><T107/><D107/><U34/><E34/><V131/><F131/><W24/><G24/><T67/><D33/><U116/><E132/><V70/><F70/><W5/><G53/><T126/><D126/><U52/><E28/><V72/><F124/><W134/><G134/><T65/><D65/><U110/><E110/><V48/><F42/><W135/><G135/><T13/><D3/><U41/><E41/><V29/><F29/><W45/><G45/><T47/><D47/><U9/><E116/><V99/><F21/><N who="3" m="11519" /><G103/><T98/><D98/><U68/><E68/><V61/><F61/><W113/><G113/><T30/><D30/><U27/><E2/><V105/><F120/><W64/><G64/><T0/><D0/><U128/><E128/><V25/><F121/><W63/><G63/><T127/><D127/><U31/><E31/><V44/><F44/><W10/><G10/><T89/><D66/><U80/><E9/><V97/><F25/><W46/><G46/><T96/><D4/><U40/><E7/><V23/><F23/><W71/><G71/><T125/><D125/><U6/><E40/><RYUUKYOKU ba="0,0" sc="69,-10,383,-10,319,-10,229,30" hai3="5,11,14,84,85,87,93,112,114,115" /><INIT seed="7,1,0,5,2,118" ten="59,373,309,259" oya="3" hai0="38,19,133,23,35,120,82,112,123,66,21,70,83" hai1="18,33,8,95,27,131,42,99,109,78,52,89,12" hai2="11,13,7,37,46,127,67,77,134,57,28,72,104" hai3="102,94,101,39,92,124,0,9,55,114,75,31,51"/><W32/><G39/><T110/><D38/><U93/><E109/><V91/><F91/><W125/><G75/><T45/><D45/><U80/><E42/><V135/><F57/><W126/><G114/><T84/><D35/><U2/><E2/><V115/><F28/><W122/><G122/><T30/><D30/><U6/><E131/><V63/><F104/><W116/><G116/><T53/><D84/><N who="1" m="48151" /><E33/><V24/><F24/><N who="3" m="18535" /><G9/><T87/><D87/><N who="1" m="52415" /><E52/><V5/><F5/><W20/><G20/><T4/><D4/><U60/><E60/><V48/><F115/><W79/><G79/><T26/><D112/><U119/><E119/><V69/><F127/><W121/><G121/><T100/><D26/><U16/><E27/><V44/><F44/><N who="3" m="28135" /><G0/><T59/><D53/><U74/><E74/><V73/><F73/><W128/><G128/><T43/><D59/><U62/><E62/><V81/><F37/><W86/><G86/><T36/><D36/><U111/><E111/><V108/><F108/><W107/><G107/><T68/><D110/><U71/><E71/><V34/><F34/><W61/><G61/><T3/><D3/><U50/><E50/><V117/><F117/><W88/><G92/><T47/><D43/><U17/><E6/><V113/><F113/><W1/><G1/><T130/><D47/><U96/><E96/><V103/><F103/><AGARI ba="1,0" hai="8,12,16,17,18,95,99,103" m="52415,48151" machi="103" ten="30,2000,0" yaku="8,1,54,1" doraHai="118" who="1" fromWho="2" sc="59,0,373,23,309,-23,259,0" owari="59,-44.0,396,49.0,286,9.0,259,-14.0" /></mjloggm>