<mjloggm ver="2.3"><GO type="41" lobby="0"/><UN n0="%44%53%43" n1="%62%6C%61%63%6B%37%38" n2="%E9%AE%AB%E5%B3%B6%E5%AE%8F%E6%98%8C%CE%B1" n3="%E5%B0%B1%E6%B4%BB%E7%94%9F%40%E5%B7%9D%E6%9D%91%E8%BB%8D%E5%9B%A3" dan="15,13,13,15" rate="2041.90,1897.42,1886.84,2068.96" sx="F,M,M,M"/><TAIKYOKU oya="0"/><INIT seed="0,0,0,4,1,54" ten="250,250,250,250" oya="0" hai0="123,95,83,40,97,15,113,58,49,48,84,68,46" hai1="67,50,24,116,82,44,131,28,26,110,63,7,17" hai2="104,18,57,55,108,11,69,66,30,111,72,61,76" hai3="134,32,87,85,96,65,75,52,9,112,101,94,81"/><T14/><D113/><U92/><E116/><V129/><F104/><W8/><G32/><T89/><D68/><U73/><E131/><V86/><F72/><W118/><G112/><T39/><D123/><U31/><E110/><N who="2" m="42027" /><F30/><W135/><G118/><T23/><D23/><U79/><E7/><V41/><F41/><W13/><G65/><T132/><D132/><N who="3" m="50729" /><G75/><T43/><D39/><U102/><E17/><V36/><F36/><W74/><G74/><T35/><D35/><U133/><E133/><V98/><F98/><W59/><G13/><T6/><D6/><U34/><E92/><V120/><F120/><W124/><G124/><T117/><D117/><U51/><E102/><V4/><F129/><W119/><G119/><T20/><D20/><U33/><REACH who="1" step="1"/><E44/><REACH who="1" ten="250,240,250,250" step="2"/><V78/><F18/><W29/><G29/><T122/><D122/><U56/><AGARI ba="0,1" hai="24,26,28,31,33,34,50,51,56,63,67,73,79,82" machi="56" ten="20,12000,2" yaku="1,1,2,1,0,1,7,1,9,1,52,1,53,0" doraHai="54" doraHaiUra="71" who="1" fromWho="1" sc="250,-60,240,130,250,-30,250,-30" /><INIT seed="1,0,0,4,4,92" ten="190,370,220,220" oya="1" hai0="33,32,46,30,130,120,16,8,31,21,4,84,119" hai1="110,9,103,127,105,61,73,107,20,70,3,24,122" hai2="43,19,72,34,82,98,113,26,87,78,48,57,11" hai3="29,94,28,77,47,76,106,67,27,10,126,69,35"/><U83/><E122/><V86/><F113/><W25/><G126/><T18/><D46/><U89/><E127/><V109/><F109/><W66/><G106/><T80/><D119/><U132/><E132/><V44/><F34/><N who="0" m="13418" /><D84/><U22/><E110/><V53/><F98/><W62/><G67/><T51/><D51/><U68/><E103/><V99/><F99/><W112/><G112/><T50/><D50/><U133/><E133/><V102/><F102/><W54/><G27/><N who="0" m="14759" /><D80/><U38/><E38/><V75/><F75/><W135/><G29/><N who="0" m="10763" /><D120/><U37/><E37/><V5/><F26/><W52/><G135/><T111/><D111/><U81/><E89/><V14/><REACH who="2" step="1"/><F5/><REACH who="2" ten="190,370,210,220" step="2"/><W79/><G47/><T116/><D116/><U104/><E73/><V74/><F74/><W13/><REACH who="3" step="1"/><G94/><REACH who="3" ten="190,370,210,210" step="2"/><T59/><D130/><U42/><E105/><V128/><F128/><W115/><G115/><T23/><D59/><U100/><E107/><V40/><F40/><W39/><G39/><AGARI ba="0,2" hai="11,14,19,39,43,44,48,53,57,72,78,82,86,87" machi="39" ten="30,2000,0" yaku="1,1,7,1,53,0" doraHai="92" doraHaiUra="101" who="2" fromWho="3" sc="190,0,370,0,210,40,210,-20" /><INIT seed="2,0,0,2,0,2" ten="190,370,250,190" oya="2" hai0="1,7,11,109,62,115,14,81,65,76,99,30,40" hai1="5,103,25,47,70,3,56,54,105,22,133,87,6" hai2="120,79,82,92,26,97,95,110,112,67,94,69,113" hai3="124,119,88,52,107,44,86,78,27,4,131,51,90"/><V10/><F120/><W68/><G119/><T114/><D109/><U19/><E70/><V59/><F69/><W39/><G68/><T0/><D40/><U9/><E133/><V58/><F110/><W134/><G107/><T128/><D128/><U63/><E9/><V23/><F10/><W129/><G134/><T77/><D77/><U46/><E3/><V41/><F41/><W117/><G117/><T57/><D30/><U13/><E25/><V130/><F130/><N who="3" m="49675" /><G124/><T85/><D1/><U116/><E116/><V12/><F12/><W74/><G74/><T75/><D0/><U101/><E105/><V80/><F113/><W33/><G39/><T45/><D45/><N who="1" m="16907" /><E87/><V61/><F112/><W37/><G37/><T20/><D20/><U60/><E63/><V89/><F59/><W71/><G71/><T132/><D132/><U50/><E60/><V100/><F89/><W64/><G64/><T83/><REACH who="0" step="1"/><D99/><REACH who="0" ten="180,370,250,190" step="2"/><U28/><E28/><N who="2" m="17503" /><F79/><W125/><G125/><T84/><D84/><U91/><E91/><V35/><F35/><W16/><G78/><T55/><D55/><U15/><E15/><V38/><F38/><W118/><G118/><T29/><D29/><U93/><E103/><V108/><F108/><W102/><G102/><T49/><D49/><U53/><E53/><V31/><F31/><W36/><G36/><T127/><D127/><U34/><E34/><V135/><F135/><W8/><G86/><T72/><D72/><U122/><E122/><V17/><F17/><W111/><G111/><T104/><D104/><U96/><AGARI ba="0,1" hai="5,6,13,19,22,50,54,56,93,96,101" m="16907" machi="96" ten="30,4000,0" yaku="8,1,52,2" doraHai="2" who="1" fromWho="1" sc="180,-10,370,50,250,-20,190,-10" /><INIT seed="3,0,0,1,1,131" ten="170,420,230,180" oya="3" hai0="68,96,55,8,111,35,92,62,10,13,60,69,23" hai1="6,76,89,42,20,4,63,93,129,17,70,43,45" hai2="122,22,41,59,88,74,34,72,112,15,77,19,108" hai3="73,81,71,66,0,107,57,54,99,61,106,80,84"/><W126/><G0/><T87/><D35/><U40/><E129/><V121/><F112/><W1/><G1/><T125/><D111/><U30/><E76/><V132/><F34/><W91/><G126/><T5/><D125/><U128/><E128/><V120/><F108/><W117/><G117/><T130/><D130/><U105/><E105/><V115/><F115/><W102/><G73/><N who="2" m="28265" /><F41/><W2/><G2/><T75/><D75/><U7/><E30/><V16/><F77/><W83/><REACH who="3" step="1"/><G107/><REACH who="3" ten="170,420,230,170" step="2"/><T104/><D104/><U100/><E4/><V11/><F132/><W51/><AGARI ba="0,1" hai="51,54,57,61,66,71,80,81,83,84,91,99,102,106" machi="51" ten="20,7800,0" yaku="1,1,2,1,0,1,7,1,53,0" doraHai="131" doraHaiUra="21" who="3" fromWho="3" sc="170,-26,420,-26,230,-26,170,88" /><INIT seed="3,1,0,2,4,78" ten="144,394,204,258" oya="3" hai0="52,73,90,77,23,82,51,20,127,3,122,107,55" hai1="18,130,76,6,65,50,108,74,61,70,27,63,43" hai2="54,101,35,30,81,102,14,31,94,33,89,38,53" hai3="79,126,40,96,83,114,26,25,0,24,45,110,39"/><W42/><G114/><T103/><D122/><U15/><E108/><V87/><F38/><W10/><G126/><T106/><D127/><U135/><E130/><V100/><F33/><W99/><G110/><T59/><D3/><U36/><E135/><V115/><F115/><W84/><REACH who="3" step="1"/><G40/><REACH who="3" ten="144,394,204,248" step="2"/><T22/><D103/><U97/><E43/><V88/><F35/><W16/><G16/><T66/><D66/><U17/><E65/><V64/><F64/><W131/><G131/><T113/><D113/><U60/><E17/><V105/><F105/><W67/><G67/><T120/><D120/><U129/><E129/><V2/><F31/><W111/><G111/><T44/><REACH who="0" step="1"/><D90/><REACH who="0" ten="134,394,204,248" step="2"/><U1/><E76/><V128/><F128/><W112/><G112/><T95/><D95/><U118/><E118/><V91/><F94/><W72/><G72/><T48/><AGARI ba="1,2" hai="20,22,23,44,48,51,52,55,59,73,77,82,106,107" machi="48" ten="30,7900,0" yaku="1,1,0,1,52,1,54,1,53,0" doraHai="78" doraHaiUra="85" who="0" fromWho="0" sc="134,102,394,-21,204,-21,248,-40" /><INIT seed="4,0,0,3,0,57" ten="236,373,183,208" oya="0" hai0="25,121,13,52,72,67,68,26,122,83,4,95,132" hai1="2,8,11,51,49,93,14,76,47,125,118,81,88" hai2="54,17,60,107,42,65,10,119,12,21,100,133,110" hai3="77,32,38,85,82,108,80,36,44,0,30,20,109"/><T62/><D132/><U131/><E118/><V128/><F110/><W70/><G0/><T130/><D130/><U33/><E131/><V61/><F133/><W115/><G32/><T15/><D15/><U6/><E125/><V58/><F128/><W117/><G117/><T27/><D95/><U134/><E47/><V29/><F119/><W55/><G70/><T37/><D37/><U69/><E33/><V24/><F42/><W35/><G35/><T16/><D4/><U104/><E69/><V113/><F113/><W63/><G115/><T46/><D83/><U106/><E104/><V22/><F107/><W94/><G94/><T87/><D87/><U45/><E45/><V34/><REACH who="2" step="1"/><F100/><REACH who="2" ten="236,373,173,208" step="2"/><W64/><G38/><T103/><D103/><U112/><E106/><V79/><F79/><W97/><G108/><T120/><D72/><U48/><E134/><V28/><F28/><W105/><G109/><T99/><D99/><U84/><E112/><V91/><F91/><W23/><G97/><T18/><REACH who="0" step="1"/><D13/><REACH who="0" ten="226,373,173,208" step="2"/><U89/><REACH who="1" step="1"/><E93/><REACH who="1" ten="226,363,173,208" step="2"/><V31/><F31/><W116/><G30/><T90/><D90/><U5/><AGARI ba="0,3" hai="2,5,6,8,11,14,48,49,51,76,81,84,88,89" machi="5" ten="30,7900,0" yaku="1,1,2,1,0,1,54,1,53,0" doraHai="57" doraHaiUra="127" who="1" fromWho="1" sc="226,-39,363,109,173,-20,208,-20" /><INIT seed="5,0,0,2,1,96" ten="187,472,153,188" oya="1" hai0="10,51,39,134,105,127,9,5,47,114,42,135,132" hai1="54,80,85,72,64,44,48,6,128,83,62,37,19" hai2="60,89,76,110,31,29,88,94,97,100,53,120,11" hai3="14,109,52,18,68,66,78,4,102,0,49,23,30"/><U75/><E128/><V21/><F120/><W57/><G109/><T113/><D105/><U98/><E80/><V20/><F110/><W41/><G30/><N who="2" m="11273" /><F76/><W81/><G41/><T22/><D127/><U119/><E119/><V117/><F117/><W93/><G68/><T121/><D121/><U28/><E37/><V45/><F11/><N who="0" m="4106" /><D5/><U2/><E28/><V95/><F100/><W73/><G66/><T115/><D22/><U12/><E6/><V38/><F38/><AGARI ba="0,0" hai="38,39,42,47,51,113,114,115,132,134,135" m="4106" machi="38" ten="40,2600,0" yaku="15,1,20,1" doraHai="96" who="0" fromWho="2" sc="187,26,472,0,153,-26,188,0" /><INIT seed="6,0,0,4,5,92" ten="213,472,127,188" oya="2" hai0="96,14,42,38,27,23,63,10,123,35,111,112,15" hai1="84,60,24,13,104,130,48,57,2,97,26,134,125" hai2="30,28,77,76,128,101,61,41,93,94,98,70,72" hai3="85,59,135,6,29,50,46,3,64,55,66,89,100"/><V32/><F32/><W44/><G135/><T31/><D63/><U107/><E134/><V0/><F0/><W16/><G29/><N who="2" m="11369" /><F70/><W83/><G6/><N who="0" m="3415" /><D96/><U69/><E130/><V108/><F72/><W119/><G3/><T33/><D42/><U110/><E110/><V43/><F108/><W67/><G119/><T115/><D38/><U78/><E125/><V88/><F128/><W116/><G116/><T87/><D87/><U117/><E2/><V90/><F61/><W74/><G74/><T19/><D111/><U79/><E69/><V58/><F58/><W81/><G100/><T37/><D37/><U9/><E48/><V99/><F101/><W126/><G126/><T82/><D82/><U129/><E129/><V4/><F4/><W8/><G83/><T52/><D52/><U103/><E107/><V106/><F106/><W49/><G49/><T95/><D95/><U118/><E78/><AGARI ba="0,0" hai="41,43,76,77,78,88,90,93,94,98,99" m="11369" machi="78" ten="30,11600,0" yaku="8,1,52,2,54,1" doraHai="92" who="2" fromWho="1" sc="213,0,472,-116,127,116,188,0" /><INIT seed="6,1,0,0,0,6" ten="213,356,243,188" oya="2" hai0="94,95,60,97,89,42,27,135,108,59,120,125,23" hai1="119,72,18,55,62,50,54,9,102,31,44,100,92" hai2="129,101,82,67,11,66,105,38,109,75,35,5,28" hai3="10,88,112,19,26,93,56,80,45,65,17,123,73"/><V78/><F109/><W14/><G123/><T34/><D108/><U85/><E119/><V127/><F127/><W111/><G111/><T43/><D120/><U118/><E31/><V115/><F115/><W90/><G112/><T104/><D104/><U16/><E72/><V3/><F129/><W24/><G45/><T132/><D34/><U48/><E62/><V128/><F128/><W68/><G68/><T63/><D63/><U110/><E110/><V32/><F28/><W64/><G73/><T53/><D125/><U114/><E118/><V39/><F66/><N who="3" m="25707" /><G56/><T106/><D106/><U121/><E121/><V20/><F20/><N who="3" m="13327" /><G80/><T126/><D95/><U15/><E18/><V76/><F67/><W113/><G113/><T86/><D86/><U116/><E116/><V99/><REACH who="2" step="1"/><F78/><REACH who="2" ten="213,356,233,188" step="2"/><W4/><G93/><T12/><D126/><U1/><E114/><V83/><F83/><W91/><G26/><T71/><D71/><U79/><E79/><V51/><F51/><W33/><G33/><AGARI ba="1,1" hai="3,5,11,32,33,35,38,39,75,76,82,99,101,105" machi="33" ten="40,12000,1" yaku="1,1,33,3,52,1,53,0" doraHai="6" doraHaiUra="40" who="2" fromWho="3" sc="213,0,356,0,233,133,188,-123" /><INIT seed="6,2,0,3,5,68" ten="213,356,366,65" oya="2" hai0="33,126,54,129,109,31,1,63,117,100,106,4,89" hai1="57,91,20,29,116,133,132,7,49,10,107,130,71" hai2="99,85,5,75,16,113,125,122,53,62,127,36,35" hai3="93,73,34,103,82,131,76,81,46,104,25,95,119"/><V70/><F122/><W45/><G119/><T86/><D109/><U17/><E71/><V77/><F35/><W84/><G131/><T134/><D33/><U14/><E107/><V23/><F113/><W115/><G115/><T42/><D31/><U39/><E116/><V41/><F75/><W0/><G0/><T92/><D117/><U56/><E29/><V18/><F5/><W120/><G120/><T83/><D42/><U19/><E19/><V47/><F99/><W30/><G104/><T72/><D4/><U78/><E78/><V102/><F102/><W112/><G112/><T65/><D1/><U38/><E91/><V61/><F23/><W32/><G32/><T101/><D54/><N who="1" m="31823" /><E57/><N who="2" m="34991" /><F62/><W21/><G34/><T44/><D101/><U79/><E79/><V128/><F70/><W6/><G6/><T108/><D72/><U52/><E52/><V3/><F3/><W111/><G111/><T96/><D108/><U69/><E69/><V121/><F121/><W74/><G103/><T51/><D106/><U2/><E130/><V43/><F43/><W87/><G74/><T124/><D129/><U97/><E97/><V27/><F27/><W90/><G73/><T94/><D94/><AGARI ba="2,0" hai="21,25,30,45,46,76,81,82,84,87,90,93,94,95" machi="94" ten="40,1300,0" yaku="8,1" doraHai="68" who="3" fromWho="0" sc="213,-19,356,0,366,0,65,19" /><INIT seed="7,0,0,4,4,124" ten="194,356,366,84" oya="3" hai0="15,45,79,68,7,42,115,86,56,118,76,6,111" hai1="119,66,71,114,75,26,14,51,43,34,69,108,112" hai2="80,63,65,60,35,62,31,55,105,107,9,23,98" hai3="49,11,127,17,64,84,87,94,59,102,61,123,101"/><W73/><G127/><T8/><D68/><N who="1" m="26187" /><E108/><V95/><F80/><W103/><G123/><T0/><D118/><U20/><E66/><V120/><F120/><W30/><G73/><T16/><D115/><N who="1" m="44075" /><E75/><V36/><F36/><W1/><G30/><T22/><D56/><U106/><E106/><V32/><F9/><W130/><G130/><T81/><D111/><U93/><E93/><V126/><F126/><W89/><G49/><T27/><D76/><U96/><E96/><V91/><F65/><W77/><G1/><T117/><D117/><U24/><E119/><V46/><F107/><W113/><G113/><T104/><D104/><U70/><E70/><V78/><F78/><W2/><G2/><T18/><D0/><U29/><E14/><V99/><F99/><N who="3" m="57807" /><G77/><T116/><D116/><U12/><E12/><AGARI ba="0,0" hai="11,12,17,59,61,64,84,87,101,102,103" m="57807" machi="12" ten="30,1500,0" yaku="8,1" doraHai="124" who="3" fromWho="1" sc="194,0,356,-15,366,0,84,15" /><INIT seed="7,1,0,2,0,55" ten="194,341,366,99" oya="3" hai0="126,127,76,7,106,8,22,2,51,83,119,82,35" hai1="39,122,115,0,44,36,105,19,56,93,104,34,68" hai2="9,113,41,3,47,117,91,45,49,125,29,1,102" hai3="4,101,97,73,89,124,71,103,86,32,57,48,25"/><W16/><G71/><T99/><D35/><U128/><E122/><V62/><F117/><W67/><G73/><T133/><D119/><U69/><E0/><V116/><F125/><N who="0" m="47626" /><D133/><U53/><E34/><V135/><F135/><W14/><G124/><T63/><D63/><N who="1" m="36239" /><E19/><V123/><F123/><W21/><G97/><T120/><D120/><U33/><E93/><V46/><F116/><W11/><G32/><T20/><D82/><U88/><E88/><V70/><F29/><W78/><G78/><T108/><D51/><U121/><E33/><V134/><F134/><W18/><G4/><T79/><D108/><U96/><E96/><V54/><F1/><W13/><G25/><T17/><D17/><U95/><E95/><V74/><F3/><W59/><G67/><T98/><D98/><U28/><E28/><V94/><F74/><W87/><G87/><N who="0" m="48615" /><D79/><U37/><E105/><V5/><F5/><W12/><G12/><T30/><D30/><U26/><E26/><V24/><F24/><W107/><G107/><T111/><D111/><U58/><E104/><V27/><F27/><W130/><G130/><T100/><AGARI ba="1,0" hai="2,7,8,20,22,99,100,106" m="48615,47626" machi="100" ten="30,1100,0" yaku="18,1" doraHai="55" who="0" fromWho="0" sc="194,14,341,-4,366,-4,99,-6" owari="208,-19.0,337,14.0,362,46.0,93,-41.0" /></mjloggm>