<mjloggm ver="2.3"><GO type="169" lobby="0"/><UN n0="%E9%81%8A%E8%B5%B0" n1="%E3%82%A6%E3%83%AB%E3%83%88%E3%83%A9%E7%AB%8B%E7%9B%B4" n2="%E3%81%86%E3%81%AF%E3%81%A1%E3%81%83" n3="%E6%93%8D" dan="17,17,16,17" rate="2127.87,2168.17,2042.03,2144.93" sx="M,M,M,M"/><TAIKYOKU oya="0"/><INIT seed="0,0,0,0,5,76" ten="250,250,250,250" oya="0" hai0="52,51,93,10,115,41,55,83,81,101,90,133,103" hai1="102,110,14,33,61,134,116,46,31,43,11,131,86" hai2="71,34,126,40,75,82,27,24,32,26,15,21,16" hai3="2,100,128,89,99,25,7,111,78,113,17,123,105"/><T132/><D41/><U135/><E116/><V108/><F108/><W118/><G7/><T50/><D10/><U80/><E102/><V97/><F71/><W12/><G2/><T48/><D115/><U5/><E110/><V109/><F109/><W45/><G111/><T38/><D38/><U84/><E84/><V117/><F117/><W53/><G118/><T59/><D90/><U28/><E61/><V112/><F112/><W106/><G106/><T96/><D103/><U29/><E33/><V119/><F119/><W57/><G113/><T74/><D74/><U98/><E98/><V79/><F126/><W92/><G123/><T95/><D95/><U64/><E64/><V18/><F97/><W8/><G128/><T94/><D94/><U107/><E107/><V0/><F0/><W22/><G45/><T104/><D104/><U121/><E121/><V47/><REACH who="2" step="1"/><F18/><REACH who="2" ten="250,250,240,250" step="2"/><W56/><G105/><T39/><D39/><AGARI ba="0,1" hai="15,16,21,24,26,27,32,34,39,40,47,75,79,82" machi="39" ten="40,8000,1" yaku="1,1,2,1,52,1,54,1,53,0" doraHai="76" doraHaiUra="66" who="2" fromWho="0" sc="250,-80,250,0,240,90,250,0" /><INIT seed="1,0,0,2,5,64" ten="170,250,330,250" oya="1" hai0="98,33,25,14,117,130,110,4,26,134,131,104,111" hai1="121,120,38,11,118,93,66,12,39,96,108,36,59" hai2="116,87,50,97,28,61,113,72,133,74,41,9,37" hai3="83,135,5,81,123,109,122,105,75,8,48,32,100"/><U16/><E118/><V112/><F116/><W68/><G32/><T7/><D117/><U86/><E108/><N who="0" m="41513" /><D104/><U45/><E86/><V102/><F37/><W22/><G109/><T115/><D98/><U46/><E66/><V31/><F87/><W132/><G100/><T101/><D101/><U129/><E129/><N who="0" m="49161" /><D115/><U55/><E120/><V124/><F102/><W65/><G105/><T127/><D134/><U54/><E121/><V79/><F97/><W44/><G75/><T56/><D56/><U3/><E3/><V0/><F74/><W114/><G123/><T40/><D40/><U99/><E55/><V51/><F41/><W34/><G122/><T42/><D42/><U85/><E85/><V95/><F72/><W128/><G114/><T126/><D14/><U67/><E67/><V57/><F133/><W19/><G128/><T78/><D78/><U29/><E29/><V63/><F79/><W77/><G77/><T106/><D106/><U70/><E70/><V27/><F57/><W53/><G135/><T43/><D43/><U62/><REACH who="1" step="1"/><E99/><REACH who="1" ten="170,240,330,250" step="2"/><V6/><F112/><W91/><G68/><T20/><D33/><U47/><E47/><V71/><F113/><W30/><G34/><T76/><D76/><U73/><E73/><V90/><F71/><W125/><G132/><T35/><D35/><U119/><E119/><V94/><F0/><W1/><G1/><T15/><D127/><U69/><E69/><V24/><F124/><W23/><G125/><T84/><D126/><U89/><AGARI ba="0,1" hai="11,12,16,36,38,39,45,46,54,59,62,89,93,96" machi="89" ten="30,11700,0" yaku="1,1,0,1,54,1,53,1" doraHai="64" doraHaiUra="10" who="1" fromWho="1" sc="170,-39,240,127,330,-39,250,-39" /><INIT seed="1,1,0,1,3,105" ten="131,367,291,211" oya="1" hai0="106,52,76,44,12,114,17,110,65,22,67,103,91" hai1="36,81,15,97,126,39,35,102,93,41,16,18,21" hai2="33,48,99,63,9,119,80,38,4,2,100,90,28" hai3="109,95,104,49,34,73,88,71,85,0,86,29,112"/><U123/><E35/><V94/><F38/><W117/><G71/><T13/><D114/><U79/><E123/><V92/><F119/><W130/><G0/><T61/><D110/><U51/><E126/><V32/><F48/><W55/><G104/><T7/><D106/><U87/><REACH who="1" step="1"/><E18/><REACH who="1" ten="131,357,291,211" step="2"/><V74/><F33/><W124/><G34/><T127/><D127/><U43/><E43/><V108/><F32/><W122/><G124/><T111/><D111/><U96/><E96/><V57/><F99/><W129/><G109/><T134/><D17/><U59/><E59/><V50/><F57/><W60/><G122/><T30/><D30/><U31/><E31/><V128/><F28/><W77/><G29/><T82/><D134/><U45/><AGARI ba="1,1" hai="15,16,21,36,39,41,45,51,79,81,87,93,97,102" machi="45" ten="30,11700,0" yaku="1,1,0,1,54,1,53,1" doraHai="105" doraHaiUra="37" who="1" fromWho="1" sc="131,-40,357,130,291,-40,211,-40" /><INIT seed="1,2,0,3,3,103" ten="91,487,251,171" oya="1" hai0="23,102,33,115,12,42,36,26,85,1,125,98,29" hai1="118,127,19,61,6,47,135,27,76,79,10,24,25" hai2="22,77,31,100,39,75,71,113,97,49,4,90,57" hai3="46,73,52,69,68,96,86,64,128,87,105,122,88"/><U89/><E118/><V15/><F39/><W120/><G73/><T95/><D115/><U84/><E127/><V67/><F71/><W65/><G128/><T21/><D125/><U20/><E135/><V110/><F110/><W56/><G46/><T3/><D36/><U132/><E132/><V51/><F90/><W104/><G96/><T111/><D111/><U18/><E47/><V9/><F77/><W50/><G87/><T60/><D42/><U17/><E61/><N who="2" m="38319" /><F75/><W54/><G54/><T0/><D85/><U123/><E20/><V80/><F80/><W5/><G5/><T63/><REACH who="0" step="1"/><D33/><REACH who="0" ten="81,487,251,171" step="2"/><U129/><E129/><V74/><F113/><W66/><G69/><T101/><D101/><U41/><E41/><V11/><F74/><W44/><G68/><T32/><D32/><U38/><E38/><V37/><F37/><W8/><G122/><T94/><D94/><U131/><E131/><V48/><F100/><W116/><G120/><T58/><D58/><U40/><E40/><V2/><F97/><W133/><G116/><T93/><D93/><N who="1" m="54439" /><E123/><V70/><F70/><W34/><G133/><T117/><D117/><U134/><E134/><V130/><F130/><W30/><G34/><T106/><D106/><U114/><E114/><V13/><F2/><W108/><G105/><T121/><D121/><U45/><E45/><V55/><F48/><W59/><G108/><T99/><D99/><U81/><E81/><V83/><F49/><W91/><G104/><T35/><D35/><U126/><E126/><V119/><F83/><W16/><G86/><T124/><D124/><RYUUKYOKU ba="2,1" sc="81,15,487,15,251,-15,171,-15" hai0="0,1,3,12,21,23,26,29,60,63,95,98,102" hai1="6,10,17,18,19,24,25,27,76,79" /><INIT seed="1,3,1,2,3,90" ten="96,502,236,156" oya="1" hai0="108,110,1,9,106,50,130,118,17,120,133,115,101" hai1="71,26,68,123,59,73,42,38,70,127,119,69,45" hai2="34,72,0,76,44,5,78,3,89,132,100,117,87" hai3="13,91,54,21,18,33,6,83,11,36,46,94,64"/><U27/><E73/><V12/><F117/><W74/><G33/><T112/><D133/><U41/><E119/><V16/><F34/><W60/><G83/><T22/><D118/><U77/><E77/><V135/><F100/><W75/><G36/><T131/><D50/><U85/><E85/><V116/><F116/><W65/><G46/><T19/><D101/><U51/><E27/><V122/><F122/><W31/><G31/><T28/><D106/><U67/><E26/><V39/><F72/><W105/><G105/><T111/><D28/><U84/><E84/><V24/><F24/><W4/><G4/><N who="0" m="1167" /><D120/><U53/><E123/><V134/><F5/><W52/><G75/><T55/><D55/><N who="3" m="21033" /><G74/><T62/><D62/><N who="1" m="40055" /><E127/><V107/><F107/><W125/><G60/><T48/><D48/><N who="1" m="31143" /><E42/><N who="2" m="22623" /><F3/><W14/><G125/><T114/><D19/><U61/><E38/><V58/><F0/><W99/><AGARI ba="3,1" hai="6,11,13,14,18,21,64,65,91,94,99" m="21033" machi="99" ten="30,4000,0" yaku="8,1,52,1,54,1" doraHai="90" who="3" fromWho="3" sc="96,-13,502,-23,236,-13,156,59" /><INIT seed="2,0,0,1,2,23" ten="83,479,223,215" oya="2" hai0="109,135,97,10,116,134,52,85,34,6,71,114,105" hai1="42,4,41,87,70,103,11,83,33,81,69,125,18" hai2="115,24,104,39,121,74,120,93,38,117,92,110,133" hai3="129,50,75,89,111,122,1,46,60,21,28,94,130"/><V102/><F74/><W124/><G122/><T64/><D114/><U112/><E33/><V29/><F117/><W66/><G75/><T132/><D116/><U45/><E125/><V25/><F115/><W57/><G1/><N who="0" m="335" /><D109/><U20/><E103/><V61/><F102/><W86/><G124/><T106/><D97/><U49/><E42/><V67/><F110/><W131/><G111/><T78/><D34/><U95/><E95/><V54/><F54/><W80/><G28/><T91/><D78/><U101/><E101/><V43/><F43/><W44/><G21/><T58/><D64/><U128/><E83/><V84/><F84/><W127/><G127/><T82/><D71/><U16/><E18/><V90/><F29/><W7/><G7/><T98/><D98/><U126/><E126/><V31/><F31/><W113/><G113/><T123/><D123/><U55/><E55/><V73/><F73/><W96/><REACH who="3" step="1"/><G50/><AGARI ba="0,0" hai="50,52,58,82,85,91,105,106,132,134,135" m="335" machi="50" ten="30,2000,0" yaku="20,1,54,1" doraHai="23" who="0" fromWho="3" sc="83,20,479,0,223,0,215,-20" /><INIT seed="3,0,0,0,1,62" ten="103,479,223,195" oya="3" hai0="50,105,23,22,113,79,66,77,87,111,95,100,31" hai1="64,76,128,38,49,96,39,10,97,8,120,47,93" hai2="108,30,114,25,48,69,84,19,6,15,126,33,68" hai3="53,37,18,42,43,57,7,83,60,133,13,98,4"/><W5/><G133/><T35/><D105/><U89/><E120/><V3/><F114/><W70/><G37/><T73/><D113/><U44/><E76/><V103/><F103/><W119/><G119/><T90/><D111/><U58/><E128/><V12/><F126/><W75/><G98/><T65/><D35/><U26/><E26/><V118/><F118/><W63/><G75/><T21/><D31/><U11/><E39/><V127/><F127/><W2/><G83/><N who="0" m="47615" /><D73/><U28/><E28/><V123/><F123/><W9/><REACH who="3" step="1"/><G2/><REACH who="3" ten="103,479,223,185" step="2"/><T71/><D71/><U61/><E38/><V41/><F3/><W36/><G36/><T129/><D129/><U135/><E135/><V122/><F69/><W14/><G14/><T55/><D100/><U121/><E121/><V106/><F68/><W131/><G131/><T51/><D77/><U34/><E97/><V24/><F122/><W82/><G82/><T0/><D0/><U116/><E116/><V112/><F15/><W1/><G1/><T85/><D51/><U115/><E115/><V94/><F48/><W109/><G109/><T74/><D74/><U40/><E47/><AGARI ba="0,1" hai="21,22,23,47,50,55,65,66,85,90,95" m="47615" machi="47" ten="30,3900,0" yaku="8,1,52,2" doraHai="62" who="0" fromWho="1" sc="103,49,479,-39,223,0,185,0" /><INIT seed="4,0,0,2,0,111" ten="152,440,223,185" oya="0" hai0="54,32,89,25,19,17,26,94,131,101,53,133,92" hai1="93,50,33,100,70,119,135,23,69,84,48,98,73" hai2="18,28,14,37,125,35,75,134,86,16,88,107,102" hai3="114,130,82,36,55,112,90,77,132,129,80,41,8"/><T108/><D108/><U118/><E73/><V64/><F37/><W95/><G41/><T9/><D133/><U56/><E33/><V120/><F75/><N who="3" m="43071" /><G36/><T78/><D131/><N who="3" m="50185" /><G82/><T97/><D78/><U116/><E23/><V39/><F35/><W58/><G8/><T0/><D32/><U20/><E20/><V110/><F28/><W45/><G45/><T81/><D81/><U66/><E84/><V109/><F39/><W40/><G40/><T1/><D9/><U13/><E13/><V30/><F14/><W71/><G71/><T38/><D38/><U43/><E135/><V105/><F86/><N who="3" m="52695" /><G132/><T68/><D68/><U31/><E31/><V91/><F134/><W60/><AGARI ba="0,0" hai="55,58,60,112,114" m="52695,50185,43071" machi="60" ten="30,4000,0" yaku="19,1,52,2" doraHai="111" who="3" fromWho="3" sc="152,-20,440,-10,223,-10,185,40" /><INIT seed="5,0,0,5,4,90" ten="132,430,213,225" oya="1" hai0="31,81,99,98,55,72,29,135,20,112,120,92,42" hai1="128,38,37,97,25,115,35,64,63,21,105,36,30" hai2="59,53,107,57,113,78,117,39,24,131,43,2,109" hai3="123,62,88,93,119,3,4,130,0,84,106,65,17"/><U126/><E21/><V32/><F117/><W127/><G123/><T70/><D120/><U83/><E83/><V34/><F109/><W10/><G119/><T14/><D70/><N who="1" m="42271" /><E115/><V85/><F107/><W104/><G3/><T111/><D135/><U129/><E126/><V76/><F131/><W74/><G130/><T108/><D112/><U66/><E66/><V48/><F2/><W118/><G118/><T22/><D42/><U133/><E133/><V67/><F113/><W69/><G74/><T47/><D47/><U46/><E46/><V8/><F8/><W75/><G75/><T5/><D72/><U54/><E54/><V26/><F39/><W122/><G122/><T94/><D81/><U110/><E110/><V134/><F134/><W28/><G127/><T132/><D132/><U15/><E15/><V125/><F125/><W80/><G28/><T100/><D55/><U7/><E7/><V23/><F43/><W96/><REACH who="3" step="1"/><G17/><REACH who="3" ten="132,430,213,215" step="2"/><T101/><REACH who="0" step="1"/><D5/><REACH who="0" ten="122,430,213,215" step="2"/><U33/><E128/><V44/><F44/><W16/><G16/><T71/><D71/><U56/><E129/><V19/><F19/><W1/><G1/><T41/><D41/><U116/><E116/><V103/><F53/><W6/><G6/><T91/><D91/><AGARI ba="0,2" hai="0,4,10,62,65,69,80,84,88,91,93,96,104,106" machi="91" ten="30,7700,0" yaku="1,1,7,1,52,1,54,1,53,0" doraHai="90" doraHaiUra="45" who="3" fromWho="0" sc="122,-77,430,0,213,0,215,97" /><INIT seed="6,0,0,3,3,30" ten="45,430,213,312" oya="2" hai0="59,50,60,99,94,134,126,106,108,65,104,110,71" hai1="113,21,53,127,35,18,33,32,39,107,121,68,24" hai2="29,120,96,19,90,43,51,82,52,83,73,41,132" hai3="75,81,124,69,122,36,79,130,128,97,92,109,49"/><V103/><F120/><W22/><G36/><T80/><D134/><U0/><E68/><V8/><F132/><W17/><G122/><T40/><D126/><U111/><E39/><V101/><F29/><W70/><G124/><T3/><D3/><U61/><E107/><V28/><F28/><W115/><G109/><T1/><D1/><U114/><E121/><V125/><F125/><W133/><G133/><T6/><D6/><U34/><E34/><V76/><F101/><W58/><G69/><T88/><D80/><U78/><E127/><V117/><F117/><W64/><G70/><T102/><D106/><U38/><E38/><V45/><F90/><W93/><G64/><T27/><D27/><U23/><E78/><V98/><F83/><W25/><G115/><N who="1" m="44042" /><E23/><V62/><F62/><W77/><G77/><T2/><D2/><U84/><E84/><V100/><F100/><W26/><G26/><T37/><D104/><U85/><E85/><V112/><F112/><W46/><G58/><T105/><D105/><U56/><E0/><V47/><F103/><W86/><G75/><T116/><D116/><U57/><E57/><V16/><F8/><W118/><G118/><T13/><D102/><U72/><E72/><V131/><F47/><W4/><G4/><T67/><D13/><U54/><E111/><V119/><F119/><W66/><G130/><T129/><D129/><U48/><E48/><N who="2" m="28687" /><F131/><W7/><G128/><T123/><D123/><U91/><E91/><V10/><F51/><W87/><G79/><T12/><D110/><U20/><E20/><V14/><F19/><RYUUKYOKU ba="0,0" sc="45,-15,430,15,213,15,312,-15" hai1="18,21,24,32,33,35,53,54,56,61" hai2="10,14,16,41,43,73,76,82,96,98" /><INIT seed="6,1,0,0,2,9" ten="30,445,228,297" oya="2" hai0="96,27,46,18,43,22,115,33,11,92,103,28,8" hai1="14,34,89,129,51,122,105,123,107,13,39,76,65" hai2="71,101,95,15,90,3,16,42,50,116,6,59,57" hai3="37,74,56,55,93,120,86,131,26,70,104,30,68"/><V19/><F71/><W45/><G120/><N who="1" m="46122" /><E39/><V36/><F36/><W4/><G104/><N who="1" m="40010" /><E34/><V63/><F3/><W127/><G74/><T84/><D115/><U66/><E129/><V60/><F116/><W118/><G118/><T0/><D0/><U79/><E89/><V20/><F101/><W10/><G131/><T133/><D133/><U97/><E97/><N who="2" m="57591" /><F6/><W67/><G67/><N who="1" m="25610" /><E51/><V80/><F80/><W7/><G37/><T98/><D98/><U40/><E40/><V25/><F42/><W52/><G70/><T53/><D53/><U82/><E79/><V58/><F50/><W94/><G56/><T102/><D102/><U111/><E111/><V124/><F124/><W81/><G127/><T49/><REACH who="0" step="1"/><D84/><AGARI ba="1,0" hai="13,14,76,82,84" m="25610,40010,46122" machi="84" ten="30,3900,0" yaku="13,1,52,2" doraHai="9" who="1" fromWho="0" sc="30,-42,445,42,228,0,297,0" owari="-12,-51.0,487,58.0,228,-17.0,297,10.0" /></mjloggm>