<mjloggm ver="2.3"><GO type="41" lobby="0"/><UN n0="%61%72%61%66%61%69" n1="%E3%83%8F%E5%B4%8E%E7%9C%9F%E6%82%9F" n2="%E5%B0%B1%E6%B4%BB%E7%94%9F%40%E5%B7%9D%E6%9D%91%E8%BB%8D%E5%9B%A3" n3="%E3%82%B5%E3%82%B7%E3%82%B3%E3%83%9F%E5%90%9B" dan="14,14,14,14" rate="1866.72,1989.45,1936.79,1956.03" sx="M,M,M,M"/><TAIKYOKU oya="0"/><INIT seed="0,0,0,1,1,77" ten="250,250,250,250" oya="0" hai0="2,63,131,98,105,17,13,62,91,34,28,69,56" hai1="16,47,24,26,55,0,50,133,89,122,118,125,104" hai2="53,8,127,129,99,112,36,96,120,124,108,22,48" hai3="119,51,30,14,95,88,31,1,85,101,41,25,57"/><T94/><D2/><U84/><E122/><V6/><F36/><W19/><G1/><T114/><D114/><U92/><E118/><V64/><F120/><W68/><G68/><T67/><D131/><U40/><E133/><V42/><F112/><W111/><G119/><T33/><D28/><U80/><E125/><V5/><F129/><W45/><G111/><T103/><D91/><U18/><E104/><V109/><F64/><W83/><G25/><N who="1" m="9834" /><E0/><V43/><F22/><W21/><REACH who="3" step="1"/><G57/><REACH who="3" ten="250,250,250,240" step="2"/><T12/><D12/><U75/><E75/><V32/><F108/><W121/><G121/><T29/><D69/><U110/><E110/><V35/><F109/><W46/><G46/><T72/><D72/><U90/><E40/><V11/><F53/><W126/><G126/><T3/><D3/><U106/><E106/><V123/><F123/><W115/><G115/><T52/><D105/><U100/><E100/><V61/><F43/><W38/><G38/><T44/><D44/><U86/><AGARI ba="0,1" hai="16,18,47,50,55,80,84,86,89,90,92" m="9834" machi="86" ten="30,4000,0" yaku="8,1,52,1,54,1" doraHai="77" who="1" fromWho="1" sc="250,-20,250,50,250,-10,240,-10" /><INIT seed="1,0,0,0,2,16" ten="230,300,240,230" oya="1" hai0="10,59,130,113,91,109,97,76,75,72,33,131,79" hai1="68,80,104,36,37,13,24,53,95,49,39,47,11" hai2="128,106,38,29,46,124,0,48,86,9,125,45,25" hai3="2,73,81,111,17,65,20,123,108,126,21,94,8"/><U63/><E104/><V67/><F106/><W118/><G123/><T43/><D33/><U42/><E95/><V89/><F128/><N who="0" m="49194" /><D43/><U132/><E132/><V50/><F38/><W88/><G118/><T58/><D10/><U5/><E24/><V7/><F67/><W103/><G103/><T60/><D113/><U98/><E98/><V62/><F62/><W4/><G65/><T32/><D32/><U110/><E110/><N who="3" m="42026" /><G126/><N who="2" m="48745" /><F46/><W35/><G35/><T107/><D109/><U64/><REACH who="1" step="1"/><E80/><REACH who="1" ten="230,290,240,230" step="2"/><N who="2" m="49351" /><F45/><AGARI ba="0,1" hai="5,11,13,36,37,39,42,45,47,49,53,63,64,68" machi="45" ten="30,2900,0" yaku="1,1,7,1,53,0" doraHai="16" doraHaiUra="102" who="1" fromWho="2" sc="230,0,290,39,240,-29,230,0" /><INIT seed="1,1,0,2,3,43" ten="230,329,211,230" oya="1" hai0="46,22,33,9,81,12,23,115,61,134,26,11,10" hai1="53,34,65,0,24,67,103,117,118,55,91,25,35" hai2="95,31,62,1,78,50,98,79,52,126,44,125,4" hai3="93,27,124,32,19,58,45,56,129,76,105,20,121"/><U15/><E15/><V122/><F122/><W51/><G121/><T119/><D119/><U133/><E91/><V28/><F1/><W18/><G105/><T88/><D115/><U77/><E77/><N who="2" m="29195" /><F4/><W2/><G2/><T14/><D134/><U6/><E6/><V47/><F62/><W63/><G129/><T92/><D33/><U131/><E0/><V108/><F108/><W42/><G124/><N who="2" m="47721" /><F47/><W109/><G109/><T36/><D81/><U41/><E131/><V113/><F113/><W116/><G116/><T8/><D61/><U101/><REACH who="1" step="1"/><E41/><REACH who="1" ten="230,319,211,230" step="2"/><V107/><F107/><W66/><G76/><T112/><D14/><U96/><E96/><V17/><F17/><W89/><G18/><T38/><D112/><U123/><E123/><V13/><F13/><W70/><REACH who="3" step="1"/><G32/><REACH who="3" ten="230,319,211,220" step="2"/><T60/><D12/><U127/><E127/><V114/><F114/><W82/><G82/><T120/><D120/><U84/><E84/><AGARI ba="1,2" hai="19,20,27,42,45,51,56,58,63,66,70,84,89,93" machi="84" ten="30,7700,0" yaku="1,1,7,1,52,1,53,1" doraHai="43" doraHaiUra="90" who="3" fromWho="1" sc="230,0,319,-80,211,0,220,100" /><INIT seed="2,0,0,2,1,122" ten="230,239,211,320" oya="2" hai0="5,12,0,47,28,62,32,27,11,95,73,87,53" hai1="60,50,123,54,78,43,44,131,45,105,34,33,128" hai2="15,112,76,63,52,118,58,65,114,41,89,93,57" hai3="13,115,70,126,39,9,85,40,29,18,120,127,42"/><V133/><F118/><W19/><G70/><T30/><D73/><U7/><E123/><V64/><F133/><W81/><G120/><T49/><D30/><U46/><E105/><V83/><F41/><N who="3" m="15979" /><G39/><T66/><D87/><U22/><E78/><V103/><F103/><W94/><G94/><T80/><D80/><U109/><E109/><V71/><F71/><W48/><G48/><T125/><D95/><U135/><E135/><V4/><F4/><N who="3" m="3239" /><G29/><T72/><D72/><U92/><E92/><V113/><F15/><W79/><G115/><T17/><D125/><AGARI ba="0,0" hai="18,19,79,81,85,125,126,127" m="3239,15979" machi="125" ten="30,1000,0" yaku="18,1" doraHai="122" who="3" fromWho="0" sc="230,-10,239,0,211,0,320,10" /><INIT seed="3,0,0,4,5,93" ten="220,239,211,330" oya="3" hai0="38,107,44,76,6,23,13,112,103,66,25,56,29" hai1="134,22,24,21,7,20,116,12,75,122,135,88,27" hai2="80,89,9,121,58,126,133,83,91,39,132,73,81" hai3="95,2,111,0,109,92,62,53,68,26,114,11,28"/><W120/><G120/><T87/><D112/><U47/><E75/><V84/><F39/><W5/><G114/><T45/><D38/><U63/><E63/><V15/><F121/><W104/><G104/><T19/><D6/><U71/><E71/><V82/><F126/><W1/><G1/><T99/><D76/><U50/><E122/><V117/><F117/><W33/><G2/><T115/><D115/><U41/><E116/><V51/><F73/><W72/><G72/><T46/><D87/><U59/><E59/><V36/><F36/><W48/><G68/><T42/><D42/><U101/><E101/><V40/><F89/><W52/><G62/><T118/><D118/><U94/><E12/><V78/><F91/><W49/><G49/><T110/><D110/><N who="3" m="41993" /><G53/><T123/><D123/><U105/><E105/><V108/><F108/><W54/><G54/><T4/><D45/><AGARI ba="0,0" hai="0,5,11,26,28,33,45,48,52,92,95" m="41993" machi="45" ten="30,5800,0" yaku="14,1,10,1,54,1" doraHai="93" who="3" fromWho="0" sc="220,-58,239,0,211,0,330,58" /><INIT seed="3,1,0,1,1,42" ten="162,239,211,388" oya="3" hai0="95,21,52,51,27,108,122,47,126,99,80,72,22" hai1="59,107,130,124,14,56,100,3,121,17,61,82,116" hai2="20,12,85,31,69,127,8,19,128,133,129,57,25" hai3="90,78,46,39,114,71,70,68,79,110,109,86,48"/><W91/><G114/><T58/><D122/><U64/><E121/><V10/><F69/><W103/><G103/><T123/><D108/><N who="3" m="41577" /><G39/><T15/><D126/><U43/><E3/><V9/><F57/><W29/><G29/><T62/><D123/><U23/><E130/><N who="2" m="50283" /><F85/><W4/><G4/><T38/><D38/><U1/><E1/><V112/><F112/><W77/><G86/><T45/><D72/><U50/><E124/><V96/><F96/><W44/><G48/><T101/><D80/><U135/><E100/><V66/><F66/><W37/><G37/><T67/><D15/><U92/><E107/><V18/><F127/><W74/><G74/><T131/><D131/><U34/><E14/><N who="2" m="7495" /><F133/><W117/><G117/><T32/><REACH who="0" step="1"/><D47/><AGARI ba="1,0" hai="44,46,47,68,70,71,77,78,79,90,91" m="41577" machi="47" ten="40,18000,2" yaku="28,2,14,1,10,1,52,3" doraHai="42" who="3" fromWho="0" sc="162,-183,239,0,211,0,388,183" owari="-21,-52.0,239,4.0,211,-19.0,571,67.0" /></mjloggm>