<mjloggm ver="2.3"><GO type="169" lobby="0"/><UN n0="%E3%82%A6%E3%83%AB%E3%83%88%E3%83%A9%E7%AB%8B%E7%9B%B4" n1="%E3%80%90%E7%BD%AA%E6%AD%8C%E3%80%91" n2="%4D%46%E9%A6%99%E5%B7%9D%E7%9C%9F%E5%8F%B8" n3="%E5%87%B1%E7%AB%A0" dan="17,18,16,16" rate="2176.12,2218.21,2066.21,2052.31" sx="M,F,M,M"/><TAIKYOKU oya="0"/><INIT seed="0,0,0,4,1,131" ten="250,250,250,250" oya="0" hai0="102,47,109,46,67,45,31,93,5,110,123,11,98" hai1="26,96,55,97,79,114,56,50,14,86,68,25,119" hai2="80,129,76,58,134,8,118,90,122,128,33,116,19" hai3="70,112,17,18,91,115,104,66,133,51,49,108,32"/><T82/><D123/><U107/><E68/><V54/><F122/><W13/><G104/><T53/><D67/><U95/><E119/><N who="2" m="45611" /><F33/><W88/><G32/><T39/><D31/><U21/><E114/><V2/><F90/><W65/><G70/><T71/><D71/><U92/><E107/><V24/><F24/><W105/><G105/><T135/><D82/><N who="1" m="47455" /><E14/><N who="2" m="7623" /><F2/><W7/><G13/><N who="0" m="5359" /><D53/><U117/><E117/><V10/><F10/><W4/><G108/><N who="0" m="41579" /><D39/><U48/><E48/><N who="2" m="31047" /><F134/><AGARI ba="0,0" hai="4,7,17,18,49,51,65,66,88,91,112,115,133,134" machi="134" ten="25,8000,1" yaku="22,2,52,2,54,1" doraHai="131" who="3" fromWho="2" sc="250,0,250,0,250,-80,250,80" /><AGARI ba="0,0" hai="45,46,47,93,98,102,134,135" m="41579,5359" machi="134" ten="40,12000,1" yaku="14,1,10,1,52,2" doraHai="131" who="0" fromWho="2" sc="250,120,250,0,170,-120,330,0" /><INIT seed="0,1,0,1,5,78" ten="370,250,50,330" oya="0" hai0="18,11,30,29,61,60,74,69,34,4,16,102,64" hai1="48,131,44,36,87,72,79,104,97,67,91,128,113" hai2="125,15,123,65,42,41,12,132,99,59,94,77,32" hai3="63,130,0,33,122,10,135,76,20,71,25,23,73"/><T58/><D74/><U108/><E67/><V6/><F123/><W88/><G122/><T27/><D30/><U14/><E36/><V115/><F32/><W103/><G135/><T118/><D118/><U109/><E14/><V52/><F115/><W13/><G0/><T107/><D102/><N who="1" m="62543" /><E48/><N who="2" m="31111" /><F132/><W21/><G103/><T54/><REACH who="0" step="1"/><D107/><REACH who="0" ten="360,250,50,330" step="2"/><U17/><E113/><V117/><F117/><W92/><G73/><T55/><D55/><U106/><E106/><V50/><F125/><W81/><G130/><T100/><D100/><U105/><E105/><V1/><F1/><AGARI ba="1,1" hai="1,4,11,16,18,27,29,34,54,58,60,61,64,69" machi="1" ten="30,5800,0" yaku="1,1,7,1,54,1,53,0" doraHai="78" doraHaiUra="134" who="0" fromWho="2" sc="360,71,250,0,50,-61,330,0" owari="431,53.0,250,-15.0,-11,-51.0,330,13.0" /></mjloggm>