<mjloggm ver="2.3"><GO type="169" lobby="0"/><UN n0="%E3%81%BD%E3%81%BF%E3%82%85" n1="%E3%81%84%E3%82%82%E3%81%91%E3%82%93%70" n2="%E7%81%BC%E3%81%A1%E3%82%83%E3%82%93%E3%81%8D%E3%82%83%E3%82%8F%E3%82%8F" n3="%E3%82%A6%E3%83%AB%E3%83%88%E3%83%A9%E7%AB%8B%E7%9B%B4" dan="16,16,17,17" rate="2085.38,2032.56,2188.87,2139.03" sx="F,M,M,M"/><TAIKYOKU oya="0"/><INIT seed="0,0,0,5,5,45" ten="250,250,250,250" oya="0" hai0="1,95,21,113,106,59,9,79,53,43,80,50,38" hai1="62,33,4,39,104,14,24,103,112,19,17,126,118" hai2="34,123,55,15,12,76,128,117,132,6,72,85,41" hai3="127,131,74,58,64,99,16,124,42,125,51,115,109"/><T8/><D106/><U49/><E39/><V67/><F123/><W25/><G74/><T92/><D113/><U10/><E118/><V29/><F117/><W28/><G115/><T97/><D38/><U75/><E112/><V40/><F72/><W77/><G77/><T107/><D43/><U23/><E75/><V68/><F128/><W48/><G131/><T73/><D107/><U57/><E126/><V135/><F67/><W96/><G109/><T31/><D1/><U116/><E116/><V91/><F76/><W11/><G96/><T69/><D69/><U7/><E33/><V86/><F68/><W3/><G99/><T22/><D95/><U70/><E104/><V82/><F86/><W130/><G130/><T27/><REACH who="0" step="1"/><D22/><REACH who="0" ten="240,250,250,250" step="2"/><U94/><E70/><V54/><F41/><W32/><G42/><T78/><D78/><U114/><E114/><V63/><F40/><W90/><G3/><T71/><D71/><U0/><E0/><V47/><F34/><W110/><G32/><T66/><D66/><U102/><E94/><V88/><F82/><W87/><G64/><T93/><D93/><U18/><E23/><V35/><F35/><W52/><G124/><T84/><D84/><U13/><E102/><AGARI ba="0,1" hai="8,9,21,27,31,50,53,59,73,79,80,92,97,102" machi="102" ten="30,5800,0" yaku="1,1,7,1,52,1,53,0" doraHai="45" doraHaiUra="100" who="0" fromWho="1" sc="240,68,250,-58,250,0,250,0" /><INIT seed="0,1,0,1,1,85" ten="308,192,250,250" oya="0" hai0="14,129,100,77,107,130,22,110,19,16,51,20,80" hai1="58,90,39,78,26,37,54,9,56,6,61,128,7" hai2="36,74,70,40,2,118,71,17,41,66,131,10,1" hai3="82,44,0,115,93,24,18,122,121,72,96,126,120"/><T27/><D110/><U4/><E128/><N who="0" m="49257" /><D107/><U33/><E78/><V73/><F131/><W76/><G0/><T94/><D51/><U63/><E9/><V5/><F118/><W68/><G68/><T12/><D100/><U105/><E105/><V15/><F66/><W95/><G115/><T81/><D94/><U112/><E112/><V64/><F64/><W134/><G95/><T32/><D32/><U31/><REACH who="1" step="1"/><E90/><REACH who="1" ten="308,182,250,250" step="2"/><V38/><F10/><W29/><G76/><T11/><D77/><U125/><E125/><V84/><F5/><AGARI ba="1,1" hai="5,11,12,14,16,19,20,22,27,80,81" m="49257" machi="5" ten="30,2900,0" yaku="19,1,54,1" doraHai="85" who="0" fromWho="2" sc="308,42,182,0,250,-32,250,0" /><INIT seed="0,2,0,1,5,93" ten="350,182,218,250" oya="0" hai0="82,102,113,128,112,11,120,76,68,114,49,50,25" hai1="42,98,17,2,46,31,92,94,100,126,97,104,10" hai2="41,99,135,15,1,133,89,125,43,109,132,72,86" hai3="53,79,45,5,96,38,85,134,90,66,67,33,56"/><T26/><D68/><U47/><E126/><V88/><F125/><W84/><G33/><T29/><D120/><U129/><E129/><V8/><F1/><W40/><G134/><T83/><D128/><U14/><E2/><V34/><F34/><W27/><G27/><T59/><D11/><U16/><E31/><V95/><F72/><W110/><G110/><T131/><D131/><U13/><E42/><V60/><F60/><W54/><G5/><T19/><D19/><U9/><E104/><V121/><F109/><W52/><G79/><T36/><D36/><U32/><E32/><V118/><F118/><W127/><G127/><T22/><D26/><U91/><AGARI ba="2,0" hai="9,10,13,14,16,17,46,47,91,92,94,97,98,100" machi="91" ten="20,12000,2" yaku="0,1,7,1,9,1,8,1,52,2,54,1" doraHai="93" who="1" fromWho="1" sc="350,-62,182,126,218,-32,250,-32" /><INIT seed="1,0,0,5,0,16" ten="288,308,186,218" oya="1" hai0="87,71,125,129,88,65,38,76,20,119,49,83,128" hai1="47,54,89,111,110,4,123,26,67,85,63,68,3" hai2="112,81,55,90,86,50,60,116,53,94,15,40,104" hai3="23,18,52,105,7,31,8,79,93,57,17,102,97"/><U62/><E123/><V29/><F116/><W11/><G79/><T75/><D38/><U101/><E101/><V27/><F104/><W30/><G105/><T113/><D113/><U120/><E120/><V19/><F112/><W73/><G73/><T106/><D106/><U14/><E3/><V22/><F60/><N who="3" m="35879" /><G18/><T108/><D119/><U74/><E74/><V99/><F40/><W82/><G82/><T2/><D2/><U10/><E26/><V48/><F48/><W133/><G133/><T118/><D118/><U107/><E107/><V70/><F50/><W33/><G33/><T72/><D108/><N who="1" m="41515" /><E47/><V25/><F25/><N who="3" m="14575" /><G7/><T121/><D121/><U78/><E78/><V126/><F126/><W42/><G42/><T43/><D125/><U58/><E68/><V122/><F70/><W84/><G84/><T45/><D71/><U13/><E63/><V66/><F66/><W95/><G95/><T41/><D65/><U28/><E28/><AGARI ba="0,0" hai="8,11,28,30,31,93,97,102" m="14575,35879" machi="28" ten="30,3900,0" yaku="8,1,52,1,54,1" doraHai="16" who="3" fromWho="1" sc="288,0,308,-39,186,0,218,39" /><INIT seed="2,0,0,2,3,121" ten="288,269,186,257" oya="2" hai0="78,134,22,114,123,50,55,75,64,109,96,115,113" hai1="71,49,33,68,43,21,102,46,18,72,112,111,90" hai2="57,6,65,126,63,95,124,14,37,69,66,34,62" hai3="100,23,31,35,74,58,80,24,10,44,119,76,67"/><V51/><F34/><W59/><G119/><T91/><D123/><U81/><E33/><V30/><F30/><W38/><G100/><T104/><D64/><U98/><E112/><V1/><F1/><W84/><G35/><T39/><D39/><U41/><E41/><V52/><F37/><W106/><G106/><T107/><D22/><U82/><E111/><V127/><F95/><W61/><G10/><T131/><D55/><U0/><E0/><V105/><F105/><W20/><G20/><T99/><D50/><U5/><E5/><V13/><REACH who="2" step="1"/><F6/><REACH who="2" ten="288,269,176,257" step="2"/><W3/><G3/><T60/><D107/><U47/><E71/><AGARI ba="0,1" hai="13,14,51,52,57,62,63,65,66,69,71,124,126,127" machi="71" ten="40,12000,1" yaku="1,1,2,1,9,1,18,1,54,1,53,0" doraHai="121" doraHaiUra="26" who="2" fromWho="1" sc="288,0,269,-120,176,130,257,0" /><INIT seed="2,1,0,5,4,42" ten="288,149,306,257" oya="2" hai0="26,15,23,29,83,82,88,61,120,64,52,41,21" hai1="109,69,112,134,12,135,34,0,116,129,40,130,99" hai2="104,132,114,124,98,48,111,36,133,70,117,96,2" hai3="58,126,73,6,24,71,121,55,47,14,84,95,43"/><V97/><RYUUKYOKU type="yao9" ba="1,0" sc="288,0,149,0,306,0,257,0" hai2="2,36,48,70,96,97,98,104,111,114,117,124,132,133" /><INIT seed="2,2,0,0,5,133" ten="288,149,306,257" oya="2" hai0="22,15,112,127,108,17,87,84,54,118,71,27,48" hai1="96,130,83,55,52,30,116,20,107,19,105,99,80" hai2="110,26,8,7,121,24,125,61,88,85,43,115,37" hai3="111,90,38,12,57,114,44,94,46,2,131,67,39"/><V41/><F115/><W68/><G2/><T104/><D104/><U74/><E116/><V77/><F121/><W10/><G68/><T78/><D71/><U49/><E130/><V98/><F110/><W109/><G131/><T4/><D112/><U106/><E30/><V32/><F61/><N who="3" m="38319" /><G39/><T75/><D108/><N who="3" m="41545" /><G38/><T79/><D118/><U122/><E122/><V11/><F98/><N who="3" m="57687" /><G114/><T69/><D69/><U66/><E66/><V129/><F77/><N who="0" m="29194" /><D75/><U63/><E74/><V128/><F7/><AGARI ba="2,0" hai="7,10,12,44,46" m="57687,41545,38319" machi="7" ten="30,1000,0" yaku="14,1" doraHai="133" who="3" fromWho="2" sc="288,0,149,0,306,-16,257,16" /><INIT seed="3,0,0,2,1,7" ten="288,149,290,273" oya="3" hai0="84,38,135,0,36,28,14,66,59,39,121,114,87" hai1="69,122,127,32,6,12,23,44,77,100,85,13,17" hai2="26,106,118,71,102,75,116,110,73,70,60,80,89" hai3="104,37,115,130,124,83,65,96,20,67,120,54,64"/><W78/><G120/><T16/><D0/><U99/><E69/><V123/><F110/><W33/><G33/><T105/><D121/><U51/><E122/><V40/><F123/><W91/><G115/><T117/><D105/><U29/><E127/><V22/><F40/><W11/><G124/><T25/><D117/><U35/><E29/><V93/><F116/><W30/><G37/><T49/><D114/><U56/><E56/><V111/><F111/><W42/><G42/><T62/><D49/><U2/><E2/><V94/><F118/><W79/><G104/><T88/><D135/><U76/><E35/><V27/><F106/><W34/><G54/><T126/><D126/><U81/><E32/><V90/><F102/><W95/><G34/><T98/><D98/><U57/><E57/><V97/><F80/><W72/><G130/><T132/><D132/><U18/><E6/><V52/><F27/><W55/><G55/><T1/><D1/><U15/><E77/><V50/><F60/><W53/><G53/><T129/><D129/><U113/><E113/><V43/><F43/><W61/><G79/><T125/><D125/><U103/><E99/><V47/><F75/><W86/><G72/><T3/><D3/><U10/><REACH who="1" step="1"/><E15/><REACH who="1" ten="288,139,290,273" step="2"/><V9/><F71/><W101/><G78/><T8/><D28/><U58/><E58/><V112/><F70/><W63/><G63/><T41/><D25/><U134/><E134/><V19/><F112/><W133/><G61/><T82/><D87/><U74/><E74/><V5/><F73/><W4/><G133/><T107/><D84/><RYUUKYOKU ba="0,1" sc="288,-10,139,30,290,-10,273,-10" hai1="10,12,13,17,18,23,44,51,76,81,85,100,103" /><INIT seed="4,1,1,0,4,83" ten="278,169,280,263" oya="0" hai0="122,78,70,55,115,82,135,46,76,109,22,45,11" hai1="18,51,30,121,31,87,0,3,6,105,16,38,40" hai2="74,5,84,59,24,50,81,126,131,77,39,100,56" hai3="64,106,53,111,37,48,68,28,35,10,8,98,133"/><T29/><D70/><U103/><E38/><V54/><F39/><W128/><G37/><T26/><D122/><U113/><E121/><V101/><F131/><W90/><G111/><T33/><D109/><U97/><E113/><V112/><F112/><W15/><G128/><T79/><D115/><U116/><E116/><V125/><F5/><W89/><G53/><T66/><D66/><U99/><E6/><V85/><F24/><N who="3" m="18823" /><G48/><T75/><D135/><U72/><E72/><V14/><F14/><W71/><G71/><T32/><D32/><U114/><E114/><V1/><F1/><W47/><G47/><T69/><D69/><U62/><E62/><V23/><F23/><W92/><G92/><T118/><D118/><U67/><E67/><V107/><F59/><W80/><G80/><T27/><D11/><U19/><E99/><V42/><F42/><W127/><G10/><T104/><D104/><U91/><E0/><V134/><F134/><W43/><G43/><T7/><D7/><U57/><E3/><V49/><F49/><W129/><G127/><N who="2" m="48649" /><F107/><W2/><G2/><T12/><D12/><U94/><REACH who="1" step="1"/><E40/><REACH who="1" ten="278,159,280,263" step="2"/><V130/><F130/><W73/><G129/><T108/><D108/><U110/><E110/><V65/><F65/><W4/><G133/><T17/><D55/><AGARI ba="1,2" hai="16,18,19,30,31,51,55,57,87,91,94,97,103,105" machi="55" ten="40,8000,1" yaku="1,1,52,1,54,1,53,1" doraHai="83" doraHaiUra="86" who="1" fromWho="0" sc="278,-83,159,103,280,0,263,0" /><INIT seed="5,0,0,1,3,120" ten="195,262,280,263" oya="1" hai0="32,34,26,43,13,23,38,54,29,10,11,126,0" hai1="5,70,47,7,82,66,28,37,4,93,96,118,69" hai2="84,40,83,78,63,99,114,42,30,77,68,41,81" hai3="18,113,64,92,60,112,17,51,79,19,71,123,125"/><U48/><E37/><V87/><F30/><W105/><G105/><T80/><D126/><U36/><E36/><V9/><F114/><N who="3" m="44139" /><G123/><T21/><D38/><U98/><E118/><V74/><F74/><W15/><G79/><T109/><D43/><U88/><E28/><V44/><F99/><W73/><G73/><T12/><D80/><U134/><E134/><V121/><F121/><W111/><G125/><T95/><D95/><U129/><E129/><V106/><F106/><W3/><G3/><T76/><D54/><U55/><E66/><V104/><F104/><W59/><G92/><T116/><D76/><U56/><E82/><V97/><F97/><W117/><G117/><T53/><D53/><U102/><REACH who="1" step="1"/><E47/><REACH who="1" ten="195,252,280,263" step="2"/><V103/><F44/><W130/><G130/><T72/><D116/><U62/><E62/><V128/><F128/><W16/><G60/><T52/><D34/><U50/><E50/><V94/><F63/><W57/><G51/><T27/><D32/><U58/><E58/><V127/><F68/><W85/><G59/><T45/><D45/><U31/><E31/><V1/><F127/><W67/><G57/><T124/><D124/><U101/><E101/><V14/><F103/><W2/><G67/><T115/><D29/><U110/><E110/><V8/><F1/><W131/><G2/><T107/><D0/><U20/><E20/><V100/><F9/><N who="3" m="6255" /><G131/><T61/><D115/><U119/><E119/><V46/><F46/><W24/><G111/><T86/><D109/><U49/><E49/><V6/><F100/><W65/><G65/><T39/><D61/><RYUUKYOKU ba="0,1" sc="195,-15,252,15,280,15,263,-15" hai1="4,5,7,48,55,56,69,70,88,93,96,98,102" hai2="6,8,14,40,41,42,77,78,81,83,84,87,94" /><INIT seed="5,1,1,4,1,128" ten="180,267,295,248" oya="1" hai0="99,109,121,28,12,58,120,97,36,70,34,118,40" hai1="51,17,103,45,44,66,1,76,65,134,29,105,93" hai2="68,94,87,113,43,60,129,41,81,13,10,89,80" hai3="27,131,0,74,95,14,3,108,124,39,47,72,62"/><U57/><E1/><V106/><F106/><W115/><G95/><T92/><D70/><U59/><E105/><V75/><F129/><W30/><G14/><T2/><D2/><U26/><E76/><V110/><F110/><W125/><G62/><T53/><D109/><U100/><E134/><V22/><F113/><W8/><G108/><T35/><D118/><U67/><E29/><V38/><F38/><W52/><G115/><T9/><D40/><N who="1" m="24967" /><E45/><V31/><F75/><W33/><G131/><T15/><D36/><U24/><E93/><V64/><F43/><N who="3" m="23039" /><G52/><T135/><D92/><U79/><E79/><V77/><F77/><W130/><G130/><T91/><D91/><U20/><E26/><V126/><F41/><W18/><G18/><T78/><D78/><U117/><E117/><V88/><F81/><W55/><G3/><T16/><D28/><U32/><E32/><V54/><F54/><W133/><G55/><T102/><D102/><AGARI ba="1,1" hai="17,20,24,57,59,65,66,67,100,102,103" m="24967" machi="102" ten="30,1500,0" yaku="8,1" doraHai="128" who="1" fromWho="0" sc="180,-18,267,28,295,0,248,0" /><INIT seed="5,2,0,1,0,103" ten="162,295,295,248" oya="1" hai0="33,93,2,130,10,100,72,60,55,99,134,75,45" hai1="27,81,17,65,24,44,23,53,96,3,40,83,66" hai2="86,112,15,22,98,111,110,56,126,82,54,117,104" hai3="78,128,63,0,4,70,123,125,5,85,51,114,113"/><U42/><E3/><V101/><F117/><W124/><G51/><T19/><D33/><U88/><E53/><V46/><F126/><N who="3" m="48747" /><G123/><T127/><D127/><U11/><E11/><V69/><F69/><W12/><G12/><T107/><D134/><U25/><E83/><V32/><F32/><W61/><G128/><T133/><D130/><U90/><E81/><V43/><F112/><N who="3" m="43115" /><G70/><T91/><D133/><U94/><E90/><V30/><F30/><W21/><G21/><T109/><D109/><U89/><E89/><V105/><F22/><W18/><G18/><T8/><D8/><U37/><REACH who="1" step="1"/><E42/><REACH who="1" ten="162,285,295,248" step="2"/><V7/><F43/><W87/><G0/><T50/><D2/><U64/><AGARI ba="2,1" hai="17,23,24,25,27,37,40,44,64,65,66,88,94,96" machi="64" ten="30,11700,0" yaku="1,1,2,1,0,1,54,1,53,0" doraHai="103" doraHaiUra="108" who="1" fromWho="1" sc="162,-41,285,133,295,-41,248,-41" /><INIT seed="5,3,0,3,2,118" ten="121,418,254,207" oya="1" hai0="112,37,59,43,38,14,36,11,98,102,115,10,85" hai1="73,116,34,103,47,123,70,100,92,84,122,121,132" hai2="90,106,29,19,97,60,63,15,42,96,31,131,99" hai3="124,49,56,128,32,18,94,126,114,133,4,76,40"/><U108/><E70/><V83/><F106/><W127/><G32/><T71/><D71/><U101/><E34/><V13/><F42/><W107/><G107/><T87/><D59/><U129/><E47/><V111/><F111/><W75/><G4/><T89/><D43/><U125/><E116/><V66/><F66/><W45/><G128/><T93/><D87/><U44/><E44/><V69/><F131/><W35/><G35/><T30/><D30/><N who="2" m="11274" /><F69/><W6/><G6/><T135/><D135/><U1/><E1/><V78/><F78/><W7/><G133/><T54/><D54/><U117/><E132/><V119/><F119/><W46/><G7/><T67/><D67/><U53/><E117/><V20/><F15/><W0/><G0/><T23/><D23/><U12/><E129/><V79/><F79/><W77/><G75/><T130/><D130/><U74/><E12/><V104/><F104/><W55/><G77/><T88/><D102/><U24/><E108/><V64/><F64/><W58/><G76/><T39/><N who="0" m="9216" /><DORA hai="28" /><T91/><D91/><N who="1" m="53351" /><E53/><V72/><F72/><N who="1" m="27753" /><E24/><V81/><F90/><W27/><G55/><T5/><REACH who="0" step="1"/><D10/><REACH who="0" ten="111,418,254,207" step="2"/><U51/><E101/><V16/><F20/><W57/><G57/><T61/><D61/><U3/><E100/><V21/><F63/><W48/><G40/><T105/><D105/><U80/><E103/><V33/><F60/><W86/><G58/><T120/><D120/><U65/><E121/><V25/><F33/><W113/><G56/><T8/><D8/><U22/><E123/><V95/><F21/><W50/><G124/><RYUUKYOKU ba="3,1" sc="111,30,418,-10,254,-10,207,-10" hai0="5,11,14,85,88,89,93,98,112,115" /><INIT seed="6,4,1,3,4,36" ten="141,408,244,197" oya="2" hai0="35,56,34,122,60,50,75,125,88,99,91,3,89" hai1="117,74,1,53,130,94,109,28,95,24,124,46,83" hai2="9,133,61,62,4,112,20,33,58,104,107,10,48" hai3="38,82,17,27,118,110,135,32,45,126,18,120,121"/><V66/><F33/><W105/><G18/><T123/><D3/><U23/><E1/><V103/><F112/><W84/><G17/><T119/><D75/><U19/><E117/><V134/><F20/><W113/><G84/><T13/><D119/><U21/><E109/><V111/><F111/><W86/><G86/><T67/><D125/><U39/><E130/><V2/><F10/><W101/><G82/><T54/><D99/><U93/><E124/><V0/><F0/><W41/><G126/><T7/><D7/><U42/><E53/><V76/><F76/><W97/><G118/><T64/><D64/><U51/><E39/><V11/><F11/><W116/><G116/><T29/><D13/><N who="1" m="9455" /><E74/><V87/><F87/><W115/><G135/><N who="2" m="51721" /><F103/><W15/><G15/><T6/><D6/><U102/><E83/><V127/><F127/><W132/><G132/><T92/><D92/><U114/><E114/><N who="3" m="43530" /><G110/><T44/><REACH who="0" step="1"/><D29/><AGARI ba="4,1" hai="27,29,32,38,41,45,97,101,105,120,121" m="43530" machi="29" ten="30,7700,0" yaku="15,1,11,1,23,1,52,1" doraHai="36" who="3" fromWho="0" sc="141,-89,408,0,244,0,197,99" /><INIT seed="7,0,0,4,4,37" ten="52,408,244,296" oya="3" hai0="127,49,25,39,78,85,19,57,20,79,97,3,124" hai1="66,47,134,135,83,75,133,65,67,108,42,9,40" hai2="6,29,105,106,74,104,109,89,4,53,81,116,30" hai3="91,0,125,41,50,61,73,98,99,76,45,87,51"/><W110/><G0/><T2/><D3/><U46/><E108/><V123/><F109/><W80/><G125/><T18/><D39/><N who="1" m="21791" /><E9/><V130/><F116/><W8/><G110/><T33/><D2/><U59/><E75/><V92/><F123/><W100/><G61/><T111/><D33/><U82/><E59/><V88/><F53/><W117/><G117/><T14/><D111/><U58/><E58/><V103/><F103/><W118/><G118/><T21/><D127/><U60/><E60/><V107/><F130/><W28/><G28/><T62/><D124/><U122/><E122/><V1/><F1/><W17/><G17/><T68/><D68/><U115/><E115/><V35/><F35/><W63/><G63/><T72/><D72/><U64/><E64/><V5/><N who="2" m="27136" /><DORA hai="52" /><V15/><F15/><W44/><G8/><T113/><D113/><U94/><E94/><V77/><REACH who="2" step="1"/><F89/><REACH who="2" ten="52,408,234,296" step="2"/><W11/><G100/><T131/><D131/><U7/><E135/><V119/><F119/><W114/><G114/><T32/><D32/><U27/><E134/><V23/><F23/><W38/><G11/><T112/><D112/><U31/><E133/><V54/><F54/><W96/><REACH who="3" step="1"/><G45/><REACH who="3" ten="52,408,234,286" step="2"/><T56/><D21/><U120/><E31/><V24/><F24/><W13/><G13/><T71/><D25/><U22/><E27/><V86/><AGARI ba="0,2" hai="4,5,6,29,30,74,77,81,86,88,92" m="27136" machi="86" ten="60,7900,0" yaku="1,1,0,1,54,1,53,0" doraHai="37,52" doraHaiUra="34,93" who="2" fromWho="2" sc="52,-20,408,-20,234,99,286,-39" owari="32,-47.0,388,49.0,333,13.0,247,-15.0" /></mjloggm>