<mjloggm ver="2.3"><GO type="169" lobby="0"/><UN n0="%66%75%6C%6C%2D%74%70%21" n1="%72%63%70%62" n2="%41%6B%6B%69%79" n3="%E3%82%A6%E3%83%AB%E3%83%88%E3%83%A9%E7%AB%8B%E7%9B%B4" dan="18,16,16,17" rate="2164.64,2062.08,2034.60,2184.79" sx="M,M,M,M"/><TAIKYOKU oya="0"/><INIT seed="0,0,0,5,5,31" ten="250,250,250,250" oya="0" hai0="21,46,49,69,126,105,33,25,108,32,101,54,123" hai1="129,6,15,17,10,18,122,128,59,64,94,115,61" hai2="8,12,106,28,9,127,82,48,99,19,13,84,23" hai3="90,130,29,45,42,57,63,43,37,81,20,2,133"/><T66/><D123/><U14/><E115/><V119/><F127/><W104/><G2/><T26/><D126/><U1/><E122/><V98/><F106/><W39/><G104/><T109/><D69/><U107/><E107/><V73/><F73/><W24/><G130/><T7/><D66/><U51/><E94/><V4/><F119/><W22/><G133/><T16/><D7/><U96/><E96/><V132/><F132/><W111/><G111/><N who="0" m="42571" /><D26/><U79/><E79/><V0/><F28/><W86/><G42/><T95/><D105/><U70/><E70/><V71/><F71/><W134/><G134/><T75/><D75/><U56/><E56/><V97/><F48/><W76/><G39/><T80/><D80/><U135/><E51/><V103/><F103/><W55/><REACH who="3" step="1"/><G76/><REACH who="3" ten="250,250,250,240" step="2"/><T120/><D120/><U65/><E135/><V52/><F0/><W67/><G67/><T113/><D113/><U62/><E1/><V60/><F4/><W11/><G11/><T53/><D53/><U89/><E6/><V110/><F110/><W118/><G118/><T36/><D36/><U116/><E116/><V112/><F112/><W68/><G68/><T121/><D121/><U38/><E38/><V87/><F9/><W91/><G91/><T92/><D101/><U78/><E89/><V40/><F40/><W131/><G131/><T85/><D95/><U83/><E78/><V74/><F74/><W3/><G3/><T77/><D77/><U30/><E128/><V47/><F52/><W44/><G44/><T88/><AGARI ba="0,1" hai="16,21,25,32,33,46,49,54,85,88,92" m="42571" machi="88" ten="30,18000,2" yaku="14,1,10,1,52,2,54,2" doraHai="31" who="0" fromWho="0" sc="250,190,250,-60,250,-60,240,-60" /><INIT seed="0,1,0,1,2,16" ten="440,190,190,180" oya="0" hai0="124,33,2,64,105,14,133,130,10,83,23,97,73" hai1="79,47,42,5,129,41,74,86,48,63,32,121,80" hai2="134,18,123,128,113,76,119,68,131,67,21,98,44" hai3="88,126,60,22,29,84,55,114,20,115,87,94,75"/><T24/><D130/><U45/><E121/><V56/><F76/><W49/><G75/><T116/><D116/><U51/><E32/><V72/><F72/><W106/><G106/><T89/><D124/><U30/><E129/><V90/><F68/><W15/><G126/><T70/><D133/><U78/><E5/><V108/><F108/><W52/><G114/><T92/><D105/><U57/><E30/><V77/><F134/><W95/><G115/><T40/><D70/><U93/><E93/><V50/><F77/><W120/><G120/><T62/><D40/><U31/><E31/><V110/><F110/><W65/><G29/><T13/><D33/><U53/><REACH who="1" step="1"/><E74/><REACH who="1" ten="440,180,190,180" step="2"/><V109/><F123/><W11/><G95/><T26/><D73/><U127/><E127/><V82/><F109/><W111/><G111/><T117/><D117/><U66/><E66/><V27/><F119/><W99/><G65/><T69/><D2/><U34/><E34/><V36/><F113/><W125/><G125/><T3/><D3/><U35/><E35/><V17/><F67/><W122/><G122/><T43/><D64/><U85/><E85/><V8/><F128/><W71/><G84/><T46/><D92/><U61/><E61/><V28/><F28/><W132/><G87/><T0/><D62/><U59/><E59/><V101/><F56/><N who="3" m="34823" /><G71/><T58/><D58/><U103/><E103/><V118/><F101/><W19/><G132/><T54/><D69/><U37/><E37/><V107/><F36/><W25/><G25/><T6/><D26/><U96/><E96/><V112/><F98/><RYUUKYOKU ba="1,1" sc="440,-15,180,15,190,-15,180,15" hai1="41,42,45,47,48,51,53,57,63,78,79,80,86" hai3="11,15,19,20,22,49,55,88,94,99" /><INIT seed="1,2,1,1,0,3" ten="425,195,175,195" oya="1" hai0="79,8,10,121,69,23,115,59,111,20,24,107,71" hai1="134,108,77,27,52,89,126,130,13,4,81,99,60" hai2="91,132,43,34,98,102,131,65,30,128,73,123,35" hai3="70,32,46,112,16,84,104,113,6,62,117,17,95"/><U105/><E134/><V101/><F73/><W2/><G104/><T41/><D107/><U55/><E130/><N who="2" m="49707" /><F123/><W5/><G32/><N who="2" m="12329" /><F30/><W25/><G2/><T68/><D115/><U49/><E126/><V106/><F101/><W94/><G70/><T47/><D71/><U29/><E108/><V18/><F65/><W67/><G117/><T53/><D69/><U19/><E60/><V120/><F120/><W26/><G62/><T48/><D68/><U96/><E105/><V88/><F132/><W133/><G67/><T28/><D111/><U110/><E110/><V129/><N who="2" m="49715" /><V14/><DORA hai="9" /><F43/><W135/><REACH who="3" step="1"/><G84/><REACH who="3" ten="425,195,175,185" step="2"/><T54/><D121/><U82/><E99/><V93/><F93/><W39/><G39/><T44/><D48/><U22/><E49/><V72/><F72/><W57/><G57/><T114/><D59/><U42/><E96/><V0/><F0/><W51/><G51/><T33/><D33/><U78/><E42/><V127/><F127/><W7/><G7/><T90/><D41/><U61/><E4/><V37/><F37/><W64/><G64/><T124/><D124/><U15/><E61/><V45/><F45/><AGARI ba="2,2" hai="5,6,16,17,25,26,45,46,94,95,112,113,133,135" machi="45" ten="25,12000,2" yaku="1,1,22,2,52,2,54,1,53,0" doraHai="3,9" doraHaiUra="118,116" who="3" fromWho="2" sc="425,0,195,0,175,-126,185,146" /><INIT seed="2,0,0,3,4,33" ten="425,195,49,331" oya="2" hai0="90,55,35,127,60,130,34,9,93,53,101,56,57" hai1="14,87,120,0,98,70,81,125,27,46,95,58,40" hai2="50,115,41,49,6,19,48,107,103,45,105,59,47" hai3="94,122,110,26,30,123,121,97,62,8,29,112,23"/><V1/><F115/><W15/><G112/><T135/><D130/><U24/><E70/><V63/><F103/><W78/><G78/><T17/><D135/><U3/><E125/><V66/><F19/><W20/><G62/><T104/><D127/><U84/><E120/><V119/><F119/><W132/><G132/><T21/><D9/><U92/><E14/><V67/><F67/><W31/><G110/><T86/><D101/><U37/><E87/><V83/><F83/><W5/><G94/><T109/><D104/><U76/><E95/><V54/><REACH who="2" step="1"/><F49/><REACH who="2" ten="425,195,39,331" step="2"/><W12/><G97/><T4/><D109/><U39/><E39/><V7/><F7/><W43/><G43/><T22/><D17/><AGARI ba="0,1" hai="5,8,12,15,17,20,23,26,29,30,31,121,122,123" machi="17" ten="40,5200,0" yaku="34,3" doraHai="33" who="3" fromWho="0" sc="425,-52,195,0,39,0,331,62" /><INIT seed="3,0,0,4,3,27" ten="373,195,39,393" oya="3" hai0="62,22,72,118,79,33,83,70,129,130,18,65,46" hai1="51,103,49,74,135,47,127,3,0,64,43,59,86" hai2="101,55,36,95,110,90,14,31,133,105,5,61,53" hai3="84,68,97,13,35,10,96,106,108,39,25,66,1"/><W26/><G1/><T21/><D118/><U82/><E74/><V16/><F36/><W89/><G39/><T2/><D2/><U44/><E135/><V37/><F37/><W75/><G75/><T29/><D46/><U132/><E132/><V60/><F110/><W125/><G108/><T50/><D50/><U57/><E127/><V4/><F105/><W92/><G125/><T63/><D63/><N who="2" m="24138" /><F101/><W19/><G68/><T48/><D48/><U28/><E103/><V34/><F34/><W119/><G119/><T7/><D7/><N who="2" m="2634" /><F133/><W114/><G114/><T104/><D104/><U128/><E0/><V112/><F112/><W54/><G66/><T109/><D109/><U76/><E3/><V71/><F71/><W12/><G106/><T80/><D80/><U102/><E64/><V11/><F31/><W98/><G35/><T20/><REACH who="0" step="1"/><D18/><REACH who="0" ten="363,195,39,393" step="2"/><U81/><E81/><V121/><F121/><W117/><G117/><T6/><D6/><U131/><E82/><V17/><F17/><N who="3" m="8343" /><G54/><T23/><N who="0" m="5120" /><DORA hai="41" /><T93/><D93/><U116/><E116/><V8/><F8/><AGARI ba="0,1" hai="8,13,19,25,26,84,89,92,96,97,98" m="8343" machi="8" ten="30,1500,0" yaku="8,1" doraHai="27,41" who="3" fromWho="2" sc="363,0,195,0,39,-15,393,25" /><INIT seed="3,1,0,0,1,63" ten="363,195,24,418" oya="3" hai0="127,0,117,98,25,87,43,80,49,26,77,33,51" hai1="7,123,64,105,61,116,15,135,91,48,46,95,86" hai2="88,41,36,118,110,50,131,119,83,100,104,97,99" hai3="128,59,29,12,40,76,42,120,55,73,31,28,16"/><W103/><G120/><T9/><D117/><N who="2" m="44554" /><F50/><N who="3" m="31223" /><G73/><T101/><D127/><U107/><E123/><V30/><F30/><W133/><G128/><T21/><D33/><U92/><E135/><V3/><F3/><W93/><G76/><T115/><D115/><U94/><E116/><V60/><F60/><W124/><G133/><T130/><D130/><U71/><E7/><V39/><F41/><W112/><G124/><T5/><D43/><U37/><E37/><V52/><F52/><W78/><G78/><T108/><D26/><U18/><E107/><V32/><F32/><W70/><G70/><T106/><REACH who="0" step="1"/><D108/><REACH who="0" ten="353,195,24,418" step="2"/><U69/><E69/><V79/><F39/><W82/><G112/><T19/><AGARI ba="1,1" hai="0,5,9,19,21,25,49,51,77,80,87,98,101,106" machi="19" ten="20,5200,0" yaku="1,1,2,1,0,1,7,1,53,0" doraHai="63" doraHaiUra="113" who="0" fromWho="0" sc="353,65,195,-14,24,-14,418,-27" /><INIT seed="4,0,0,4,4,35" ten="418,181,10,391" oya="0" hai0="9,122,50,78,10,119,2,103,120,92,18,56,48" hai1="14,101,44,15,95,66,133,130,88,36,25,37,72" hai2="116,62,134,124,79,34,67,125,20,75,69,40,121" hai3="5,82,85,81,1,89,26,104,39,46,57,131,22"/><T73/><D119/><U64/><E72/><V61/><F20/><W42/><G104/><T7/><D73/><U55/><E101/><V84/><F84/><W98/><G131/><T28/><D78/><U109/><E109/><V30/><F121/><W76/><G57/><T112/><D28/><U96/><E133/><V128/><F116/><W111/><G111/><T19/><D56/><U6/><E130/><V86/><F86/><W43/><G43/><T13/><D92/><U41/><E37/><V123/><F123/><N who="0" m="47146" /><D50/><N who="1" m="26895" /><E25/><N who="2" m="18767" /><F62/><W32/><G32/><T52/><D103/><U60/><E36/><V129/><F40/><W117/><G117/><T100/><D100/><U45/><E6/><V108/><F108/><W63/><G63/><T93/><D93/><U127/><E60/><V4/><F4/><W59/><G59/><T70/><D52/><U12/><E127/><N who="2" m="48715" /><F79/><W97/><G76/><T8/><D48/><AGARI ba="0,0" hai="12,14,15,45,48,55,64,66,88,95,96" m="26895" machi="48" ten="30,2000,0" yaku="8,1,54,1" doraHai="35" who="1" fromWho="0" sc="418,-20,181,20,10,0,391,0" /><INIT seed="5,0,0,3,2,80" ten="398,201,10,391" oya="1" hai0="34,38,31,53,121,20,33,96,18,42,72,8,39" hai1="110,51,78,44,133,118,132,106,99,82,16,75,54" hai2="13,125,100,17,89,107,119,60,71,124,105,92,128" hai3="88,98,40,97,10,91,28,21,130,6,114,65,129"/><U46/><E118/><V123/><F119/><W22/><G114/><T2/><D121/><U1/><E1/><V59/><F71/><W87/><G65/><T94/><D72/><U93/><E106/><V26/><F26/><N who="3" m="16463" /><G22/><T104/><D104/><U69/><E69/><V27/><F27/><W57/><G57/><T37/><D53/><U56/><E110/><V7/><F7/><W43/><G91/><T84/><D42/><N who="3" m="15913" /><G6/><T61/><D61/><U86/><E75/><V116/><F116/><W135/><G10/><T23/><D2/><U29/><E29/><V83/><F83/><N who="3" m="49279" /><G135/><N who="1" m="51786" /><E16/><V76/><F76/><W47/><G47/><T79/><D18/><U36/><E36/><V81/><F81/><W101/><G101/><AGARI ba="0,0" hai="44,46,51,54,56,78,82,86,93,99,101" m="51786" machi="101" ten="30,2900,0" yaku="20,1,52,1" doraHai="80" who="1" fromWho="3" sc="398,0,201,29,10,0,391,-29" /><INIT seed="5,1,0,3,0,129" ten="398,230,10,362" oya="1" hai0="57,13,113,39,79,19,105,101,73,131,44,50,94" hai1="100,111,90,10,49,84,3,114,20,71,72,96,12" hai2="82,115,80,78,51,4,7,29,9,128,14,40,21" hai3="120,99,92,112,74,25,53,89,125,85,32,124,93"/><U77/><E71/><V127/><F128/><W61/><G74/><T65/><D113/><U18/><E114/><V55/><F127/><N who="3" m="48715" /><G112/><T108/><D108/><U52/><E111/><V135/><F135/><W58/><G120/><T91/><D39/><U42/><E42/><V132/><F132/><W56/><G56/><T11/><D105/><U133/><E133/><V107/><F107/><W15/><G15/><T97/><D73/><U37/><E37/><V81/><F40/><W86/><G93/><T117/><D117/><U119/><E119/><V109/><F109/><W33/><G25/><T24/><D24/><U54/><E77/><V27/><F115/><W69/><G69/><T62/><D79/><U103/><E72/><V116/><F116/><W67/><G67/><T30/><D131/><U83/><E96/><V41/><F41/><W68/><G68/><T118/><D118/><U1/><E54/><V0/><F0/><W22/><G22/><T95/><D95/><U122/><E122/><V102/><F102/><N who="1" m="38953" /><E20/><V2/><F2/><W60/><G60/><T28/><D101/><U5/><E5/><N who="2" m="3375" /><F78/><W8/><G8/><T134/><D134/><U106/><E106/><V17/><F17/><W121/><G121/><T104/><D104/><U88/><E90/><V45/><AGARI ba="1,0" hai="4,7,21,27,29,45,51,55,80,81,82" m="3375" machi="45" ten="30,1100,0" yaku="8,1" doraHai="129" who="2" fromWho="2" sc="398,-4,230,-6,10,14,362,-4" /><INIT seed="6,0,0,2,1,106" ten="394,224,24,358" oya="2" hai0="72,18,40,116,88,16,130,98,82,13,71,120,111" hai1="83,131,127,54,55,124,28,47,41,49,121,119,9" hai2="112,63,78,68,0,12,10,117,69,85,107,38,93" hai3="87,61,36,58,20,67,126,5,114,37,25,14,65"/><V34/><F117/><W79/><G126/><N who="1" m="48170" /><E119/><V32/><F112/><W57/><G114/><T92/><D116/><U75/><E131/><V122/><F122/><W115/><G115/><T84/><D120/><U135/><E135/><V56/><F38/><W90/><G79/><T48/><D71/><U7/><E28/><V91/><F107/><W105/><G105/><T99/><D111/><U108/><E108/><V24/><F0/><W39/><G5/><T30/><D30/><U64/><E64/><V66/><F78/><W100/><G14/><T94/><D72/><U35/><E35/><V43/><F43/><W113/><G100/><N who="0" m="60487" /><D13/><N who="1" m="5311" /><E121/><V3/><F3/><W2/><G2/><T1/><D1/><U86/><E75/><V128/><F128/><W27/><G20/><T17/><D130/><U51/><E51/><V110/><F110/><W29/><G29/><T103/><D48/><U95/><E95/><V45/><F45/><W125/><G125/><T21/><D21/><U11/><E11/><V50/><F50/><W97/><G113/><T89/><D40/><U76/><AGARI ba="0,0" hai="41,47,49,54,55,76,83,86" m="5311,48170" machi="76" ten="30,2000,0" yaku="25,1,18,1" doraHai="106" who="1" fromWho="1" sc="394,-5,224,20,24,-10,358,-5" /><INIT seed="7,0,0,4,5,1" ten="389,244,14,353" oya="3" hai0="32,107,135,53,99,5,80,16,67,48,88,91,118" hai1="130,8,64,74,126,63,129,34,108,77,76,58,42" hai2="131,36,105,92,56,89,17,112,103,35,7,3,22" hai3="44,19,61,70,113,37,46,15,119,4,125,133,39"/><W81/><G119/><T11/><D118/><U121/><E34/><V124/><F56/><W109/><G113/><T52/><D32/><U110/><E74/><V40/><F89/><W106/><G106/><T98/><D107/><U120/><E76/><V68/><F92/><W96/><G70/><T117/><D117/><U93/><E8/><V71/><F22/><N who="3" m="11647" /><G39/><T123/><D67/><U59/><E93/><V26/><F26/><W82/><G37/><T24/><D123/><N who="1" m="47179" /><E77/><V86/><F86/><W69/><G69/><T116/><D53/><U30/><E30/><V75/><F17/><W25/><G125/><T87/><D91/><U29/><E29/><V43/><F43/><W13/><G133/><T66/><D66/><U83/><E83/><N who="3" m="31754" /><G109/><N who="1" m="42090" /><E42/><V2/><F40/><W101/><G61/><T0/><D116/><U128/><E59/><V21/><F75/><W127/><G127/><AGARI ba="0,0" hai="58,63,64,126,127,128,129,130" m="42090,47179" machi="127" ten="40,5200,0" yaku="19,1,34,2" doraHai="1" who="1" fromWho="3" sc="389,0,244,52,14,0,353,-52" owari="389,49.0,296,-10.0,14,-49.0,301,10.0" /></mjloggm>