<mjloggm ver="2.3"><GO type="169" lobby="0"/><UN n0="%E3%83%80%E3%83%8B%E3%83%BC%31%E5%8F%B7" n1="%E3%82%A6%E3%83%AB%E3%83%88%E3%83%A9%E7%AB%8B%E7%9B%B4" n2="%E9%8A%80%E3%81%B0%E3%81%95%E3%81%BF" n3="%63%68%72%6F%75%73%61" dan="16,16,18,16" rate="2113.81,2138.42,2184.25,2104.67" sx="M,M,M,M"/><TAIKYOKU oya="0"/><INIT seed="0,0,0,4,2,9" ten="250,250,250,250" oya="0" hai0="43,36,32,35,70,6,114,63,105,34,22,7,67" hai1="56,42,15,91,29,107,109,102,51,86,76,92,24" hai2="72,62,68,84,112,64,57,134,120,101,33,58,113" hai3="95,103,54,127,2,23,20,25,82,130,30,126,31"/><T41/><D105/><U125/><E125/><V85/><F72/><W78/><G2/><T28/><D114/><U5/><E109/><V52/><F33/><W117/><G117/><T111/><D36/><U106/><E76/><V79/><F120/><W98/><G130/><T50/><D28/><U115/><E115/><V11/><F101/><W14/><G54/><T80/><D80/><U88/><E102/><V3/><F134/><W90/><G90/><T40/><D111/><U118/><E118/><V38/><F38/><W81/><G81/><T1/><D1/><U99/><E5/><V13/><F3/><W74/><REACH who="3" step="1"/><G31/><REACH who="3" ten="250,250,250,240" step="2"/><T73/><D43/><U128/><E128/><V47/><F112/><W26/><G26/><T129/><D129/><U93/><E24/><V44/><F113/><W121/><G121/><T133/><D40/><U131/><E29/><V119/><F119/><W77/><G77/><T89/><D89/><U66/><E131/><V0/><F0/><W55/><G55/><T10/><D41/><U49/><E42/><V100/><F79/><W124/><G124/><T12/><D133/><U39/><E39/><V97/><F52/><W135/><G135/><T71/><D50/><U46/><E51/><V123/><F123/><W59/><G59/><T104/><D71/><U19/><E46/><N who="2" m="17451" /><F58/><W116/><G116/><T45/><D45/><U4/><E49/><V69/><F69/><W122/><G122/><T87/><D70/><U8/><E56/><V108/><F68/><W48/><G48/><T16/><D67/><U83/><E66/><V75/><F64/><RYUUKYOKU ba="0,1" sc="250,-10,250,-10,250,-10,240,30" hai3="14,20,23,25,30,74,78,82,95,98,103,126,127" /><INIT seed="1,1,1,2,0,80" ten="240,240,240,270" oya="1" hai0="59,66,17,124,4,1,21,0,77,105,61,65,50" hai1="122,54,104,114,120,106,39,70,34,129,133,119,62" hai2="75,51,22,74,16,94,121,81,117,90,91,14,8" hai3="43,68,37,23,126,58,11,76,78,32,28,113,83"/><U55/><RYUUKYOKU type="yao9" ba="1,1" sc="240,0,240,0,240,0,270,0" hai1="34,39,54,55,62,70,104,106,114,119,120,122,129,133" /><INIT seed="1,2,1,3,3,86" ten="240,240,240,270" oya="1" hai0="22,71,51,47,8,20,73,99,98,32,80,52,18" hai1="50,76,104,116,132,126,92,111,83,37,118,124,90" hai2="48,110,87,113,129,74,55,9,97,134,19,95,44" hai3="112,115,79,72,57,102,0,17,38,26,36,119,1"/><U6/><E37/><V75/><F110/><W135/><G102/><T5/><D32/><U34/><E34/><V78/><F134/><W77/><G57/><T61/><D71/><U7/><E50/><V122/><F122/><W31/><G26/><T24/><D61/><U33/><E33/><V96/><F129/><W94/><G94/><T15/><D73/><N who="1" m="43407" /><E7/><V82/><F113/><W131/><G72/><T30/><REACH who="0" step="1"/><D80/><REACH who="0" ten="230,240,240,270" step="2"/><U105/><E111/><V67/><F74/><W16/><G131/><T29/><D29/><U39/><E132/><V68/><F68/><W84/><G135/><T101/><D101/><U103/><E103/><V45/><F75/><W91/><G31/><T46/><D46/><U54/><E118/><V23/><F44/><W69/><G69/><T56/><D56/><U62/><E116/><V13/><F67/><W2/><G119/><T125/><D125/><U120/><E120/><V70/><F70/><W93/><G115/><T21/><D21/><U3/><E124/><V12/><REACH who="2" step="1"/><F95/><REACH who="2" ten="230,240,230,270" step="2"/><W14/><G112/><T109/><D109/><U4/><E126/><V130/><F130/><W28/><G93/><T88/><D88/><U114/><E114/><V25/><F25/><AGARI ba="2,3" hai="5,8,15,18,20,22,24,25,30,47,51,52,98,99" machi="25" ten="30,7700,0" yaku="1,1,7,1,8,1,54,1,53,0" doraHai="86" doraHaiUra="60" who="0" fromWho="2" sc="230,113,240,0,230,-83,270,0" /><INIT seed="2,0,0,3,1,53" ten="343,240,147,270" oya="2" hai0="1,9,20,14,132,27,19,32,37,28,76,82,93" hai1="64,51,71,122,56,38,114,85,16,29,100,24,110" hai2="5,47,49,58,7,124,83,3,101,130,134,68,108" hai3="50,133,42,92,123,115,97,79,55,25,116,94,57"/><V84/><F68/><W4/><G116/><T104/><D104/><U65/><E38/><V67/><F134/><W119/><G123/><T52/><D37/><U23/><E114/><V45/><F124/><W77/><G133/><T98/><D132/><U46/><E122/><V118/><F118/><W87/><G115/><T39/><D39/><U131/><E131/><V17/><F130/><W15/><G25/><T95/><D98/><U26/><E110/><V91/><F108/><W59/><G42/><T63/><D1/><U99/><E85/><V18/><F101/><N who="3" m="60583" /><G119/><T86/><D32/><U127/><E71/><V121/><F121/><W103/><G4/><N who="2" m="1609" /><F3/><W40/><G40/><T102/><D102/><U33/><E127/><V74/><F74/><W2/><G2/><T135/><D135/><U6/><E6/><V125/><F125/><W113/><G113/><T10/><D10/><U62/><E65/><V61/><F47/><N who="3" m="28127" /><G15/><T80/><D82/><U31/><E33/><V21/><F21/><W66/><G66/><T81/><D80/><U0/><E0/><V30/><F30/><W111/><G111/><T89/><D76/><N who="3" m="29257" /><G103/><T54/><D54/><AGARI ba="0,0" hai="17,18,45,49,54,58,61,67,83,84,91" m="1609" machi="54" ten="30,2900,0" yaku="8,1,52,1" doraHai="53" who="2" fromWho="0" sc="343,-29,240,0,147,29,270,0" /><INIT seed="2,1,0,4,3,37" ten="314,240,176,270" oya="2" hai0="94,19,75,56,103,12,3,52,62,87,114,100,79" hai1="24,91,135,70,80,22,9,31,54,42,76,74,61" hai2="44,115,17,110,6,32,77,35,95,60,83,119,28" hai3="33,102,81,90,53,82,99,58,86,50,131,8,39"/><V40/><F119/><W72/><G33/><T78/><D3/><U69/><E135/><V41/><F115/><W36/><G131/><T57/><D75/><U116/><E116/><V48/><F6/><W126/><G126/><T59/><D114/><U98/><E9/><V104/><F104/><W45/><G8/><T120/><D120/><U117/><E117/><V10/><F110/><W34/><G34/><T130/><D130/><U51/><E61/><V13/><F60/><W108/><G108/><T20/><D59/><U113/><E113/><V84/><F28/><W109/><G109/><T89/><D57/><U118/><E118/><V105/><F105/><W124/><G124/><T125/><D125/><U29/><E29/><V65/><F65/><W18/><G18/><T0/><D0/><U64/><E64/><V63/><F63/><W23/><G23/><T4/><D4/><U11/><E11/><V5/><F41/><W26/><G72/><T16/><D19/><U68/><E42/><V128/><F128/><W71/><G71/><T46/><D46/><U121/><E121/><V132/><F132/><W67/><G58/><T21/><D21/><U127/><E127/><V129/><F129/><W101/><G67/><T106/><D106/><U73/><E73/><V2/><F95/><W55/><G45/><T122/><D122/><U1/><E1/><V93/><F93/><W27/><G81/><T123/><D123/><U43/><E69/><V85/><F85/><W134/><G86/><T92/><D92/><N who="1" m="56607" /><E54/><V66/><F66/><W112/><G134/><T7/><D7/><RYUUKYOKU ba="1,0" sc="314,10,240,10,176,10,270,-30" hai0="12,16,20,52,56,62,78,79,87,89,94,100,103" hai1="22,24,31,43,51,68,70,74,76,80" hai2="2,5,10,13,17,32,35,40,44,48,77,83,84" /><INIT seed="2,2,0,3,5,89" ten="324,250,186,240" oya="2" hai0="98,15,11,112,2,30,127,111,21,55,42,62,81" hai1="36,125,19,52,121,29,23,102,12,120,109,1,126" hai2="66,68,67,56,32,65,16,75,135,33,107,8,71" hai3="44,60,10,124,45,58,25,34,18,106,70,128,0"/><V37/><F37/><W28/><G106/><T86/><D112/><U110/><E36/><V101/><F75/><W133/><G124/><N who="1" m="47722" /><E102/><V105/><F135/><W63/><G128/><T41/><D111/><N who="1" m="42507" /><E52/><V51/><F51/><W115/><G58/><N who="0" m="35167" /><D2/><U47/><E47/><V9/><F56/><W24/><G10/><T82/><D98/><U59/><E59/><V72/><F72/><W5/><G70/><T122/><D122/><N who="1" m="47211" /><E29/><V69/><F101/><W129/><G28/><T64/><D64/><U53/><E53/><V78/><F78/><W17/><G45/><T118/><D127/><U93/><E93/><V3/><F3/><AGARI ba="2,0" hai="1,3,12,19,23" m="47211,42507,47722" machi="3" ten="40,8000,1" yaku="18,1,14,1,13,1,34,2" doraHai="89" who="1" fromWho="2" sc="324,0,250,86,186,-86,240,0" /><INIT seed="3,0,0,2,1,133" ten="324,336,100,240" oya="3" hai0="116,43,25,51,74,20,67,99,73,64,86,126,19" hai1="10,83,66,87,112,16,82,101,9,80,39,54,92" hai2="95,119,109,130,94,118,37,40,60,4,88,91,111" hai3="31,21,128,53,62,120,121,59,1,93,81,48,26"/><W61/><G1/><T57/><D116/><N who="2" m="44586" /><F60/><W110/><G128/><T75/><D99/><N who="1" m="59623" /><E39/><V38/><F4/><W76/><G110/><N who="2" m="41993" /><F40/><W41/><G93/><N who="2" m="35337" /><F130/><W8/><G8/><T117/><D117/><U12/><E112/><V5/><F5/><W125/><G120/><T90/><D43/><U11/><E66/><V77/><F77/><W63/><G121/><T3/><D3/><U113/><E113/><V69/><F69/><W44/><REACH who="3" step="1"/><G125/><REACH who="3" ten="324,336,100,230" step="2"/><T89/><D126/><U106/><E10/><V18/><F18/><W84/><AGARI ba="0,1" hai="21,26,31,41,44,48,53,59,61,62,63,76,81,84" machi="84" ten="20,12000,1" yaku="1,1,2,1,0,1,7,1,8,1,53,0" doraHai="133" doraHaiUra="134" who="3" fromWho="3" sc="324,-40,336,-40,100,-40,230,130" /><INIT seed="3,1,0,4,3,122" ten="284,296,60,360" oya="3" hai0="62,54,134,56,38,121,128,69,61,73,108,50,113" hai1="70,103,9,85,131,67,36,95,37,102,96,99,89" hai2="0,109,23,72,98,60,59,14,129,58,119,27,77" hai3="117,130,80,57,124,105,26,18,46,5,86,44,33"/><W21/><G105/><T76/><D121/><U123/><E123/><V43/><F119/><W127/><G117/><T114/><D76/><U55/><E131/><V47/><F0/><W116/><G116/><T111/><D73/><U22/><E9/><V45/><F129/><W2/><G33/><T101/><D38/><U78/><E78/><V20/><F72/><W115/><G115/><N who="0" m="44043" /><D128/><U13/><E55/><V35/><F35/><W12/><G2/><T107/><D101/><U51/><E51/><V68/><F68/><W34/><G130/><T30/><D107/><U90/><E67/><V110/><F77/><N who="3" m="46351" /><G57/><T41/><D30/><U10/><E22/><V17/><F98/><W75/><G75/><T126/><D134/><U112/><E70/><V94/><F94/><W91/><G91/><T82/><D82/><U28/><E90/><V132/><F132/><W83/><G83/><T3/><D3/><U84/><E112/><V133/><F133/><W74/><G74/><T25/><D25/><U125/><E89/><V97/><F97/><W42/><G34/><T81/><D81/><U52/><E37/><V49/><F47/><W64/><G44/><N who="0" m="25871" /><D126/><U118/><E125/><V92/><F92/><W15/><G26/><T40/><D40/><U65/><E95/><V106/><F106/><W31/><G42/><T100/><D100/><U32/><E103/><V53/><REACH who="2" step="1"/><F59/><REACH who="2" ten="284,296,50,360" step="2"/><W39/><G124/><T88/><D69/><U8/><E118/><V11/><F11/><W1/><G1/><T93/><D62/><U79/><E8/><V6/><F6/><W4/><G4/><RYUUKYOKU ba="1,1" sc="284,15,296,-15,50,15,360,-15" hai0="54,56,61,88,93,108,111" hai2="14,17,20,23,27,43,45,49,53,58,60,109,110" /><INIT seed="4,2,1,1,4,27" ten="299,281,65,345" oya="0" hai0="121,25,43,47,129,24,133,128,131,115,23,54,5" hai1="35,74,11,71,42,117,61,18,113,17,125,120,38" hai2="100,99,2,101,134,62,64,1,82,70,15,46,77" hai3="123,79,105,0,65,32,109,130,63,19,96,87,135"/><T33/><D121/><U49/><E120/><V20/><F134/><W67/><G0/><T10/><D115/><U9/><E117/><V116/><F116/><W114/><G32/><T89/><D133/><U95/><E38/><V45/><F45/><W97/><G87/><T8/><D54/><U58/><E74/><V13/><F100/><W12/><G12/><T78/><D78/><U55/><E125/><V14/><F46/><W88/><G63/><T66/><D66/><U81/><E113/><V83/><F20/><W22/><G22/><T94/><D33/><U34/><E81/><V31/><F82/><W30/><G105/><T92/><D25/><U69/><E69/><V84/><REACH who="2" step="1"/><F31/><REACH who="2" ten="299,281,55,345" step="2"/><W118/><G30/><N who="0" m="17695" /><D5/><U4/><E4/><V7/><F7/><W68/><G135/><T106/><D106/><AGARI ba="2,2" hai="1,2,13,14,15,62,64,70,77,83,84,99,101,106" machi="106" ten="40,1300,0" yaku="1,1,53,0" doraHai="27" doraHaiUra="3" who="2" fromWho="0" sc="299,-19,281,0,55,39,345,0" /><INIT seed="5,0,0,5,4,123" ten="280,281,94,345" oya="1" hai0="78,16,6,112,17,23,113,36,25,24,132,101,100" hai1="109,42,104,128,70,135,82,103,52,58,93,95,31" hai2="84,92,75,56,72,67,124,71,11,98,68,12,43" hai3="0,127,121,51,40,80,110,54,97,134,44,20,120"/><U32/><E70/><V94/><F124/><W107/><G0/><T57/><D36/><U114/><E128/><V89/><F43/><W117/><G80/><T86/><D132/><U45/><E135/><V37/><F37/><W27/><G97/><T65/><D6/><U79/><E114/><N who="0" m="44137" /><D78/><U38/><E109/><V81/><F56/><W1/><G110/><T49/><D86/><U9/><E9/><V60/><F71/><W116/><G107/><T26/><D65/><U73/><E104/><V48/><F48/><N who="3" m="26631" /><G1/><T77/><D77/><U30/><E103/><N who="0" m="39497" /><D17/><U118/><E118/><N who="3" m="45674" /><G127/><T106/><D106/><U50/><REACH who="1" step="1"/><E32/><REACH who="1" ten="280,271,94,345" step="2"/><V66/><F66/><W111/><G111/><T90/><D90/><U28/><AGARI ba="0,1" hai="28,30,31,38,42,45,50,52,58,73,79,82,93,95" machi="28" ten="30,11700,0" yaku="1,1,2,1,0,1,54,1,53,0" doraHai="123" doraHaiUra="102" who="1" fromWho="1" sc="280,-39,271,127,94,-39,345,-39" /><INIT seed="5,1,0,0,4,56" ten="241,398,55,306" oya="1" hai0="92,110,90,66,95,45,99,89,126,18,7,80,6" hai1="11,17,91,13,77,60,42,131,19,73,28,0,52" hai2="123,69,24,70,64,3,25,35,74,118,1,59,103" hai3="2,107,8,23,112,104,79,62,125,111,50,130,120"/><U61/><E131/><V43/><F118/><W134/><G79/><T87/><D110/><U48/><E0/><V36/><F74/><W33/><G23/><T106/><D126/><U54/><E28/><V21/><F123/><W83/><G83/><T93/><D106/><U109/><E109/><V30/><F36/><W135/><G8/><T71/><D71/><U16/><E77/><V78/><F78/><W12/><G12/><T20/><D66/><U82/><E73/><V10/><F43/><W101/><G101/><T128/><D128/><U132/><E132/><V76/><F76/><W75/><G104/><T108/><D108/><U63/><E42/><V88/><F103/><W9/><G9/><T113/><D113/><U98/><E54/><V100/><F100/><W31/><G31/><T37/><D45/><N who="1" m="27663" /><E98/><V114/><F114/><W86/><G86/><AGARI ba="1,0" hai="11,13,16,17,19,60,61,63,82,86,91" m="27663" machi="86" ten="30,18000,2" yaku="25,1,8,1,52,3,54,2" doraHai="56" who="1" fromWho="3" sc="241,0,398,183,55,0,306,-183" /><INIT seed="5,2,0,1,0,86" ten="241,581,55,123" oya="1" hai0="64,18,80,63,34,37,104,106,91,39,68,101,79" hai1="107,1,109,131,16,114,103,69,5,50,13,45,126" hai2="93,36,123,120,61,76,73,23,67,96,56,74,117" hai3="132,110,97,7,75,135,87,85,43,14,35,70,133"/><U52/><E69/><V11/><F117/><W118/><G70/><T119/><D119/><U100/><E114/><V77/><F36/><W89/><G35/><T72/><D18/><U3/><E126/><V17/><F11/><W51/><G118/><T98/><D106/><U42/><E131/><V55/><F74/><W105/><G75/><T78/><D78/><U32/><E32/><V48/><F73/><W25/><G25/><T54/><D54/><U58/><E109/><V41/><F41/><W0/><G0/><T108/><D108/><U31/><E31/><V84/><F84/><W92/><G105/><T66/><D66/><U113/><E113/><V112/><F112/><W130/><G130/><T6/><D6/><U95/><E107/><V60/><F123/><W21/><G110/><T94/><REACH who="0" step="1"/><D34/><REACH who="0" ten="231,581,55,123" step="2"/><U122/><E5/><V15/><F120/><W28/><G7/><T90/><D90/><U71/><E122/><V19/><F19/><N who="3" m="10487" /><G28/><T134/><D134/><U24/><E103/><V47/><REACH who="2" step="1"/><F61/><REACH who="2" ten="231,581,45,123" step="2"/><W111/><G111/><T129/><D129/><U99/><E1/><V116/><F116/><W128/><G128/><T82/><D82/><U124/><E3/><V10/><F10/><W38/><G135/><T9/><D9/><N who="1" m="6191" /><E124/><V20/><F20/><W29/><G133/><T53/><D53/><U59/><E71/><V30/><F30/><W125/><G29/><T81/><D81/><U121/><E121/><V26/><F26/><W57/><G132/><T49/><D49/><N who="1" m="26807" /><E24/><V40/><F40/><W62/><G125/><T127/><D127/><U33/><E33/><RYUUKYOKU ba="2,2" sc="231,10,581,10,45,10,123,-30" hai0="37,39,63,64,68,72,79,80,91,94,98,101,104" hai1="50,52,58,59,95,99,100" hai2="15,17,23,47,48,55,56,60,67,76,77,93,96" /><INIT seed="5,3,2,5,5,124" ten="241,591,55,93" oya="1" hai0="69,42,71,9,6,48,119,23,131,50,91,29,74" hai1="118,24,46,63,127,84,52,55,103,126,13,88,98" hai2="90,14,31,97,128,47,58,112,110,78,134,32,18" hai3="2,106,95,17,33,101,132,28,96,37,94,19,16"/><U117/><E13/><V64/><F110/><W0/><G37/><T85/><D74/><U105/><E24/><V125/><F125/><N who="1" m="47625" /><E63/><V3/><F134/><W40/><G40/><T12/><D131/><U76/><E76/><V51/><F112/><W81/><G132/><T123/><D119/><N who="1" m="45579" /><E46/><V35/><F47/><W65/><G65/><T79/><D123/><U80/><AGARI ba="3,2" hai="52,55,80,84,88,98,103,105" m="45579,47625" machi="80" ten="30,6000,0" yaku="18,1,54,2" doraHai="124" who="1" fromWho="1" sc="241,-23,591,89,55,-23,93,-23" /><INIT seed="5,4,0,1,2,30" ten="218,680,32,70" oya="1" hai0="113,15,102,38,31,134,72,133,107,129,99,52,49" hai1="8,7,27,92,81,73,85,21,62,58,78,97,112" hai2="108,93,32,80,26,132,70,125,55,68,51,45,50" hai3="110,53,40,76,127,79,47,114,63,91,1,90,106"/><U67/><E112/><V42/><F108/><W29/><G106/><T123/><D38/><U124/><E124/><V101/><F125/><W98/><G1/><T44/><D72/><U103/><E73/><V48/><F132/><N who="0" m="50794" /><D113/><U89/><E8/><V94/><F80/><W54/><G110/><T95/><D31/><U65/><E7/><V9/><F9/><W59/><G53/><T35/><D35/><U64/><REACH who="1" step="1"/><E78/><REACH who="1" ten="218,670,32,70" step="2"/><V56/><F50/><W39/><G79/><T116/><D49/><U77/><E77/><V46/><F46/><W115/><G76/><T61/><D44/><U111/><E111/><V19/><F32/><W121/><G47/><T0/><D123/><U5/><E5/><V17/><F17/><AGARI ba="4,1" hai="17,21,27,58,62,64,65,67,81,85,89,92,97,103" machi="17" ten="30,5800,0" yaku="1,1,7,1,8,1,53,0" doraHai="30" doraHaiUra="135" who="1" fromWho="2" sc="218,0,670,80,32,-70,70,0" owari="218,2.0,750,85.0,-38,-54.0,70,-33.0" /></mjloggm>