<mjloggm ver="2.3"><GO type="97" lobby="0"/><UN n0="%E3%82%81%E3%82%89%E3%81%BF%E3%81%BD%E3%81%A3%E3%81%B7" n1="%31%35%30%36" n2="%E5%B0%B1%E6%B4%BB%E7%94%9F%40%E5%B7%9D%E6%9D%91%E8%BB%8D%E5%9B%A3" n3="%E3%81%BB%E3%82%8D%E3%82%8D" dan="13,14,15,15" rate="1885.53,1977.85,2005.50,1908.74" sx="F,M,M,M"/><TAIKYOKU oya="0"/><INIT seed="0,0,0,2,1,95" ten="250,250,250,250" oya="0" hai0="15,65,106,84,109,123,82,103,20,53,64,129,119" hai1="13,16,14,133,30,112,21,117,40,39,118,92,59" hai2="96,43,100,91,80,113,34,131,72,116,128,108,50" hai3="10,24,29,22,99,6,81,57,52,49,107,55,23"/><T42/><D119/><U46/><E112/><V68/><F34/><W78/><G107/><T76/><D123/><U7/><E133/><V79/><F68/><W83/><G23/><T44/><D53/><U125/><E125/><V19/><F113/><W18/><G29/><T11/><D20/><U69/><E30/><V93/><F116/><W51/><G99/><N who="0" m="61823" /><D129/><N who="2" m="49738" /><F108/><W66/><G66/><T1/><D1/><U67/><BYE who="0" /><E69/><V105/><F19/><W38/><G78/><T114/><D114/><U77/><E77/><V58/><F43/><W87/><G87/><T73/><D73/><U89/><E7/><V12/><F12/><N who="3" m="5207" /><G38/><T130/><D130/><U5/><E5/><V32/><F32/><W28/><G28/><T63/><D63/><U97/><REACH who="1" step="1"/><E13/><REACH who="1" ten="250,240,250,250" step="2"/><V74/><F79/><W33/><G33/><T26/><D26/><U3/><E3/><V94/><F74/><UN n0="%E3%82%81%E3%82%89%E3%81%BF%E3%81%BD%E3%81%A3%E3%81%B7" /><W9/><G24/><T121/><D121/><U2/><E2/><V124/><F72/><W0/><G0/><T71/><D71/><U126/><E126/><V102/><F124/><W122/><G122/><T56/><D15/><U45/><E45/><V61/><F58/><W36/><G57/><T135/><D56/><U60/><AGARI ba="0,1" hai="14,16,21,39,40,46,59,60,67,89,92,97,117,118" machi="60" ten="30,7900,0" yaku="1,1,0,1,52,1,54,1,53,0" doraHai="95" doraHaiUra="111" who="1" fromWho="1" sc="250,-39,240,89,250,-20,250,-20" /><INIT seed="1,0,0,4,5,94" ten="211,329,230,230" oya="1" hai0="135,23,90,4,21,14,123,128,44,39,109,66,29" hai1="31,3,61,120,81,38,41,60,84,35,40,117,105" hai2="58,74,118,134,97,99,127,16,63,72,80,73,57" hai3="65,17,54,107,9,93,55,113,106,75,43,34,70"/><U22/><E105/><V100/><F118/><W114/><G75/><T67/><D109/><U8/><E35/><V82/><F127/><W46/><G34/><T27/><D128/><U47/><E120/><V122/><F122/><W112/><G93/><T5/><D123/><U59/><E117/><V51/><F134/><W95/><G95/><T50/><D39/><U125/><E125/><V77/><F51/><N who="3" m="27103" /><G9/><T103/><D103/><U101/><E101/><V42/><F42/><W98/><G17/><N who="0" m="10423" /><D90/><U132/><E41/><V124/><F124/><W108/><G98/><T13/><D135/><U25/><E132/><V33/><F33/><W104/><G108/><T52/><D13/><U26/><E59/><V85/><F80/><W102/><G102/><T28/><D28/><U76/><E25/><V53/><F100/><W45/><G70/><T68/><D68/><U2/><E2/><V130/><F58/><W24/><G24/><T92/><D92/><U32/><E32/><V121/><F121/><W86/><G86/><T71/><D71/><U30/><E30/><V7/><F7/><AGARI ba="0,0" hai="4,5,7,23,27,29,44,50,52,66,67" m="10423" machi="7" ten="30,2000,0" yaku="8,1,54,1" doraHai="94" who="0" fromWho="2" sc="211,20,329,0,230,-20,230,0" /><INIT seed="2,0,0,0,2,48" ten="231,329,210,230" oya="2" hai0="16,24,52,10,17,57,8,135,44,77,94,110,101" hai1="118,53,39,68,114,63,33,107,116,70,38,83,1" hai2="59,84,5,49,130,109,13,19,98,79,20,129,56" hai3="86,128,32,74,3,100,65,60,55,58,105,123,134"/><V93/><F5/><W14/><G123/><T67/><D110/><U106/><E1/><V122/><F122/><W115/><G74/><T119/><D67/><U80/><E33/><V104/><F104/><W66/><G3/><T112/><D112/><U88/><E63/><V97/><F109/><W87/><G115/><T69/><D69/><U76/><E76/><V25/><F25/><W73/><G73/><T103/><D135/><U23/><E23/><V113/><F113/><W31/><G128/><N who="2" m="49257" /><F56/><W45/><G134/><T124/><D124/><U54/><E114/><V82/><F93/><W72/><G72/><T43/><D77/><U18/><E18/><N who="0" m="7273" /><D24/><U78/><E78/><V41/><F41/><W42/><G14/><T21/><D21/><U40/><E40/><V127/><F127/><W89/><G105/><T71/><D71/><U95/><E95/><V12/><F12/><W37/><G100/><N who="0" m="38475" /><D94/><U131/><E131/><V34/><F34/><W35/><G31/><T15/><D119/><U117/><E118/><V47/><F47/><W120/><G120/><T26/><D43/><U9/><E9/><V133/><F133/><W125/><G125/><T4/><D44/><U62/><E62/><V2/><F2/><W51/><G66/><T28/><D10/><U99/><E99/><V96/><F96/><W27/><G27/><T46/><D46/><U7/><E7/><V111/><F111/><W75/><G75/><T22/><D57/><U92/><E92/><V102/><F102/><W64/><G37/><T85/><D85/><N who="3" m="32265" /><G89/><AGARI ba="0,0" hai="38,39,53,54,68,70,80,83,88,89,106,107,116,117" machi="89" ten="25,8000,1" yaku="22,2,52,2,54,1" doraHai="48" who="1" fromWho="3" sc="231,0,329,80,210,0,230,-80" /><INIT seed="3,0,0,5,1,83" ten="231,409,210,150" oya="3" hai0="29,54,36,122,72,87,80,109,26,13,5,73,124" hai1="85,120,48,46,123,10,19,111,11,3,42,49,69" hai2="34,75,68,105,57,22,127,1,135,78,90,21,125" hai3="38,116,130,27,96,114,65,60,52,95,35,131,106"/><W98/><G116/><T100/><D122/><U94/><E69/><V93/><F105/><W66/><G114/><T24/><D36/><U128/><E128/><N who="3" m="49194" /><G38/><T25/><D109/><U110/><E48/><V86/><F68/><W17/><G106/><T47/><D124/><N who="2" m="47690" /><F34/><W126/><G126/><T91/><D100/><U63/><E63/><V82/><F1/><W74/><G74/><T51/><REACH who="0" step="1"/><D29/><REACH who="0" ten="221,409,210,150" step="2"/><U67/><E123/><V4/><F135/><W9/><G35/><T56/><D56/><U58/><E120/><V14/><F57/><N who="3" m="34855" /><G27/><T97/><D97/><N who="3" m="37481" /><G95/><T107/><D107/><U7/><E111/><V41/><F41/><W92/><G92/><T44/><D44/><U43/><E46/><V119/><F119/><W55/><G55/><T61/><D61/><U15/><E110/><V99/><F99/><W77/><G77/><T79/><D79/><U102/><E102/><V76/><F76/><W64/><G64/><T2/><D2/><U103/><E103/><V62/><F62/><W28/><G28/><T71/><D71/><U8/><E67/><V89/><F89/><W20/><G9/><AGARI ba="0,1" hai="5,9,13,24,25,26,47,51,54,72,73,80,87,91" machi="9" ten="40,2600,0" yaku="1,1,52,1,53,0" doraHai="83" doraHaiUra="117" who="0" fromWho="3" sc="221,36,409,0,210,0,150,-26" /><AGARI ba="0,0" hai="4,9,14,21,22,75,78,82,86,90,93" m="47690" machi="9" ten="30,2000,0" yaku="18,1,52,1" doraHai="83" who="2" fromWho="3" sc="257,0,409,0,210,20,124,-20" owari="257,6.0,409,51.0,230,-17.0,104,-40.0" /></mjloggm>