<mjloggm ver="2.3"><GO type="97" lobby="0"/><UN n0="%73%75%73%75%6B%69%74%69" n1="%E9%A7%92%E5%BD%A2%E9%BE%8D" n2="%E5%B0%B1%E6%B4%BB%E7%94%9F%40%E5%B7%9D%E6%9D%91%E8%BB%8D%E5%9B%A3" n3="%4D%72%2E%4B%61%69%74%6F" dan="13,13,15,14" rate="1893.99,1851.14,1961.16,1948.05" sx="M,M,M,M"/><TAIKYOKU oya="0"/><INIT seed="0,0,0,2,0,13" ten="250,250,250,250" oya="0" hai0="10,80,31,101,48,132,82,97,65,94,18,36,42" hai1="62,112,85,20,68,114,28,23,63,1,122,116,40" hai2="96,4,107,111,120,88,44,67,127,128,79,32,8" hai3="89,106,22,43,11,53,119,6,24,135,91,113,87"/><T16/><D36/><U126/><E122/><V49/><F120/><W76/><G119/><T5/><D132/><U83/><E116/><V64/><F32/><W59/><G106/><T37/><D37/><U55/><E1/><V117/><F117/><W58/><G113/><N who="1" m="43626" /><E40/><V103/><F128/><W95/><G43/><T54/><D42/><U56/><E126/><V99/><F79/><W131/><G131/><T102/><D102/><U118/><E118/><V33/><F33/><W25/><G25/><T93/><D93/><U130/><E130/><V121/><F121/><W98/><G76/><T21/><D65/><N who="1" m="41023" /><E28/><V35/><F111/><W66/><G66/><T3/><D31/><U60/><E60/><V115/><F115/><W86/><G53/><T129/><D129/><U125/><E125/><V71/><F71/><W9/><G135/><T41/><D41/><U14/><E14/><V73/><F127/><W57/><G6/><T77/><D21/><U74/><E74/><V38/><F35/><W104/><G104/><T26/><D26/><U0/><E0/><V47/><F73/><W46/><G46/><N who="2" m="17449" /><F49/><W39/><G39/><T19/><REACH who="0" step="1"/><D77/><AGARI ba="0,0" hai="20,23,55,56,62,77,83,85" m="41023,43626" machi="77" ten="30,1000,0" yaku="11,1" doraHai="13" who="1" fromWho="0" sc="250,-10,250,10,250,0,250,0" /><INIT seed="1,0,0,4,5,82" ten="240,260,250,250" oya="1" hai0="37,101,93,112,83,118,77,52,79,71,119,124,78" hai1="29,125,32,64,121,50,21,97,91,36,131,19,76" hai2="5,73,70,90,9,49,56,24,113,135,14,45,63" hai3="47,66,20,11,96,105,69,40,46,84,115,4,107"/><U48/><E36/><V106/><F135/><W28/><G115/><T116/><D71/><U122/><E76/><V59/><F113/><W92/><G69/><T39/><D112/><U100/><E64/><V18/><F106/><W8/><G66/><T134/><D134/><U130/><E29/><V94/><F73/><W23/><G46/><T61/><D124/><U85/><E32/><V114/><F70/><W26/><G20/><T109/><D109/><U3/><E3/><V68/><F68/><W16/><G28/><T13/><D13/><U123/><E125/><V34/><F63/><W104/><G84/><T30/><D30/><U51/><E19/><V133/><F133/><W126/><G126/><T33/><D33/><U110/><E21/><N who="2" m="13367" /><F34/><W42/><G42/><T2/><D2/><U22/><E22/><V128/><F128/><N who="1" m="49193" /><E110/><V57/><F114/><W95/><G4/><T127/><D127/><U75/><E75/><V74/><F74/><W10/><REACH who="3" step="1"/><G96/><REACH who="3" ten="240,260,250,240" step="2"/><T89/><D101/><U31/><E31/><V62/><F62/><W132/><G132/><T129/><D129/><U120/><E120/><V44/><F49/><AGARI ba="0,1" hai="8,10,11,16,23,26,40,47,49,92,95,104,105,107" machi="49" ten="50,6400,0" yaku="1,1,54,1,53,1" doraHai="82" doraHaiUra="43" who="3" fromWho="2" sc="240,0,260,0,250,-64,240,74" /><INIT seed="2,0,0,4,5,124" ten="240,260,186,314" oya="2" hai0="79,119,16,41,72,66,71,31,44,4,14,97,123" hai1="6,86,98,78,45,131,1,109,103,37,112,111,39" hai2="92,90,55,11,35,20,34,85,28,82,26,108,49" hai3="128,96,15,36,94,89,42,64,122,0,56,107,17"/><V114/><F114/><W2/><G122/><T50/><D123/><U127/><E112/><V30/><F108/><N who="1" m="41545" /><E127/><V43/><F43/><W101/><G36/><T95/><D119/><U132/><E132/><V116/><F116/><W74/><G74/><T52/><D4/><U129/><E6/><V60/><F30/><W105/><G42/><T106/><D106/><N who="1" m="63863" /><E1/><V23/><F60/><W134/><G107/><T70/><D66/><U19/><E19/><V102/><F11/><W87/><G134/><T110/><D110/><U75/><E45/><V67/><F67/><W121/><G121/><T53/><D31/><U9/><E9/><V38/><F38/><N who="1" m="14345" /><E86/><V5/><F5/><W59/><G0/><T118/><D118/><U84/><E84/><V3/><F3/><W24/><G2/><T126/><D126/><U22/><E22/><V130/><F130/><W99/><G128/><T133/><D133/><U54/><E54/><V77/><F34/><W81/><G64/><T83/><D53/><U8/><E8/><V10/><F10/><W21/><G21/><BYE who="3" /><T27/><D41/><U13/><E13/><V125/><F125/><W68/><G68/><T51/><D51/><U61/><E61/><V120/><F120/><W135/><G135/><T69/><D27/><U73/><E73/><V100/><F23/><W46/><G46/><T18/><REACH who="0" step="1"/><D14/><REACH who="0" ten="230,260,186,314" step="2"/><U7/><E7/><V12/><F12/><W88/><G88/><AGARI ba="0,1" hai="16,18,44,50,52,69,70,71,72,79,83,88,95,97" machi="88" ten="40,12000,2" yaku="1,1,2,1,54,3,53,1" doraHai="124" doraHaiUra="104" who="0" fromWho="3" sc="230,130,260,0,186,0,314,-120" /><UN n3="%4D%72%2E%4B%61%69%74%6F" /><INIT seed="3,0,0,5,5,36" ten="360,260,186,194" oya="3" hai0="114,22,129,99,2,74,68,31,59,80,115,88,25" hai1="27,11,57,62,21,76,49,134,133,100,126,24,43" hai2="45,42,104,16,93,53,69,72,12,35,119,89,14" hai3="55,85,131,66,84,41,30,116,10,5,106,108,130"/><W60/><G106/><T101/><D2/><U0/><E100/><V39/><F119/><W94/><G116/><T26/><D129/><N who="3" m="49161" /><G55/><T109/><D109/><U77/><E126/><V34/><F104/><W90/><G30/><T58/><D68/><U96/><E96/><V32/><F72/><W33/><G33/><T83/><D83/><U73/><E73/><V48/><F69/><N who="3" m="42183" /><G108/><T63/><D26/><U52/><E76/><V124/><F124/><W20/><G20/><T103/><D74/><U120/><E77/><V128/><F128/><W7/><G41/><T50/><D50/><U118/><E118/><V23/><F12/><N who="3" m="5199" /><G7/><T91/><D80/><U19/><E120/><V75/><F75/><W112/><G112/><N who="0" m="43051" /><D59/><U97/><E97/><AGARI ba="0,0" hai="84,85,90,94,97" m="5199,42183,49161" machi="97" ten="30,1500,0" yaku="19,1" doraHai="36" who="3" fromWho="1" sc="360,0,260,-15,186,0,194,15" /><INIT seed="3,1,0,4,3,71" ten="360,245,186,209" oya="3" hai0="114,129,116,99,89,127,29,107,33,75,13,50,40" hai1="7,95,74,18,56,94,87,31,119,47,131,60,57" hai2="15,46,5,88,101,77,124,41,45,27,132,78,133" hai3="65,38,39,69,11,98,109,82,53,4,44,70,110"/><W72/><G98/><T66/><D116/><U37/><E74/><V117/><F124/><W120/><G120/><T79/><D129/><U83/><E119/><V34/><F117/><W112/><G112/><T105/><D127/><U80/><E131/><V118/><F118/><W73/><G53/><T76/><D114/><U126/><E126/><V43/><F101/><W26/><G26/><T58/><D75/><N who="3" m="28745" /><G82/><T111/><D33/><U25/><E7/><V12/><F27/><W93/><G93/><T17/><D29/><U42/><E18/><V90/><F5/><W123/><G123/><T52/><D107/><U62/><E83/><V1/><REACH who="2" step="1"/><F34/><REACH who="2" ten="360,245,176,209" step="2"/><W8/><G8/><T19/><D105/><U61/><E94/><V106/><F106/><W96/><G11/><T121/><D121/><U86/><E95/><V108/><F108/><W100/><G4/><T81/><D81/><U51/><E80/><V48/><F48/><W113/><G113/><T2/><D50/><U21/><E51/><V35/><F35/><W85/><G110/><T3/><D111/><U63/><REACH who="1" step="1"/><E57/><REACH who="1" ten="360,235,176,209" step="2"/><V122/><F122/><W10/><G109/><T59/><D59/><U68/><E68/><V54/><F54/><AGARI ba="1,2" hai="21,25,31,37,42,47,54,56,60,61,62,63,86,87" machi="54" ten="40,5200,0" yaku="1,1,52,1,53,1" doraHai="71" doraHaiUra="49" who="1" fromWho="2" sc="360,0,235,75,176,-55,209,0" owari="360,46.0,310,11.0,121,-38.0,209,-19.0" /></mjloggm>