<mjloggm ver="2.3"><GO type="169" lobby="0"/><UN n0="%73%66%73%66" n1="%56%4F%4E%41%50%41%4C%54" n2="%E3%82%A6%E3%83%AB%E3%83%88%E3%83%A9%E7%AB%8B%E7%9B%B4" n3="%72%6F%61%73%73%6F%32%38" dan="17,16,18,16" rate="2221.98,2077.53,2167.80,2124.04" sx="M,M,M,M"/><TAIKYOKU oya="0"/><INIT seed="0,0,0,4,1,94" ten="250,250,250,250" oya="0" hai0="132,102,48,13,52,112,59,78,72,67,61,56,93" hai1="34,73,68,120,86,1,51,20,87,7,5,117,30" hai2="9,0,98,96,23,12,114,82,92,69,123,130,116" hai3="58,3,122,17,44,129,125,66,101,33,84,65,77"/><T45/><D112/><U131/><E73/><V25/><F69/><W36/><G33/><T108/><D132/><U14/><E117/><V121/><F114/><W91/><G3/><T75/><D108/><U60/><E131/><V90/><F116/><W50/><G129/><T111/><D111/><U27/><E51/><V99/><F130/><W95/><G125/><T26/><D26/><U70/><E120/><V16/><F0/><W127/><G127/><T81/><D72/><U54/><E70/><V46/><F46/><W32/><G122/><T8/><D102/><U124/><E124/><V21/><F123/><W119/><G32/><T80/><D80/><U74/><E74/><V35/><F121/><W113/><G113/><T11/><D93/><U47/><E47/><V15/><F82/><N who="3" m="47183" /><G101/><T103/><D103/><U79/><E79/><V71/><F71/><W110/><G36/><T97/><D97/><U6/><E1/><V63/><F63/><W126/><G58/><T64/><D13/><U133/><E133/><V37/><F37/><W2/><G2/><T62/><AGARI ba="0,0" hai="8,11,45,48,52,56,59,61,62,64,67,75,78,81" machi="62" ten="30,6000,0" yaku="0,1,9,1,54,1" doraHai="94" who="0" fromWho="0" sc="250,60,250,-20,250,-20,250,-20" /><INIT seed="0,1,0,3,2,59" ten="310,230,230,230" oya="0" hai0="91,2,84,133,3,6,65,12,47,93,115,15,39" hai1="77,30,90,0,41,29,49,128,58,73,61,97,106" hai2="28,96,104,102,98,40,81,80,38,37,125,57,86" hai3="42,95,33,105,27,64,21,62,107,99,25,22,52"/><T129/><D115/><U44/><E0/><V26/><F125/><W50/><G42/><T55/><D129/><U112/><E112/><V23/><F40/><W123/><G123/><T131/><D131/><U122/><E122/><V13/><F98/><W82/><G82/><T66/><D133/><U34/><E128/><V69/><F69/><W36/><G36/><T5/><D39/><U35/><E73/><V119/><F119/><W45/><G22/><T14/><D3/><U130/><E77/><V110/><F110/><W7/><G7/><N who="0" m="2571" /><D2/><U46/><E130/><V48/><F13/><W72/><G27/><T100/><D100/><U9/><E9/><V16/><F28/><W89/><G33/><T79/><D79/><U8/><E8/><V51/><F81/><W126/><G72/><T53/><D47/><U132/><E132/><V63/><F37/><W74/><G74/><T121/><D121/><U19/><E19/><V4/><F4/><W75/><G75/><T134/><D134/><U11/><E11/><V109/><F38/><W103/><G89/><T71/><D71/><U54/><E34/><V1/><F1/><W94/><G126/><T18/><D18/><U85/><E35/><V68/><F68/><W56/><G56/><T60/><D55/><U70/><E70/><V124/><F124/><W17/><G105/><T127/><D127/><U116/><E116/><V87/><F109/><W20/><G20/><T83/><D83/><N who="1" m="49471" /><E41/><V111/><F111/><W10/><G10/><T108/><D108/><U118/><E118/><V78/><F86/><W113/><G113/><RYUUKYOKU ba="1,0" sc="310,10,230,-30,230,10,230,10" hai0="12,14,15,53,60,65,66,84,91,93" hai2="16,23,26,48,51,57,63,78,80,87,96,102,104" hai3="17,21,25,45,50,52,62,64,94,95,99,103,107" /><INIT seed="0,2,0,0,1,50" ten="320,200,240,240" oya="0" hai0="11,29,122,64,71,96,85,82,46,89,104,113,108" hai1="30,3,8,56,101,70,80,93,31,62,133,75,90" hai2="74,123,77,69,97,19,132,81,115,127,66,25,34" hai3="103,119,78,12,60,110,23,10,131,22,63,21,39"/><T54/><D113/><U83/><E133/><V16/><F115/><W67/><G119/><T100/><D122/><U88/><E70/><V41/><F123/><W117/><G39/><T28/><D108/><U91/><E3/><V13/><F132/><W86/><G117/><T24/><D11/><U27/><E8/><V26/><F127/><W95/><G110/><T73/><D73/><U92/><E75/><V2/><F2/><W36/><G36/><T20/><D64/><N who="1" m="38983" /><E27/><V72/><F72/><W111/><G131/><T32/><D71/><U14/><E14/><V59/><F66/><W9/><G111/><T48/><REACH who="0" step="1"/><D32/><REACH who="0" ten="310,200,240,240" step="2"/><U109/><E109/><V4/><F34/><W105/><G10/><T40/><D40/><U42/><E42/><V118/><F41/><W114/><G114/><T98/><D98/><N who="1" m="59599" /><E92/><V76/><F69/><W102/><G9/><T116/><D116/><U134/><E134/><V35/><F97/><W126/><G95/><T129/><D129/><U15/><E15/><V61/><F35/><W45/><G12/><T106/><D106/><U37/><E37/><V51/><F118/><W135/><G105/><T107/><D107/><U7/><E7/><V33/><F13/><W43/><G135/><T112/><D112/><U121/><E121/><V87/><F4/><W1/><G1/><T130/><D130/><U124/><E124/><V38/><F33/><W49/><G126/><T5/><D5/><U120/><E120/><V128/><F38/><W0/><G0/><T65/><D65/><U125/><E125/><V68/><F128/><W6/><G67/><RYUUKYOKU ba="2,1" sc="310,15,200,15,240,-15,240,-15" hai0="20,24,28,29,46,48,54,82,85,89,96,100,104" hai1="30,31,80,83,88,90,91" /><INIT seed="0,3,1,0,3,77" ten="325,215,225,225" oya="0" hai0="100,3,116,133,111,125,56,88,11,119,120,37,90" hai1="6,129,134,79,9,94,49,72,45,59,50,107,15" hai2="105,12,42,101,33,24,43,84,78,73,128,71,7" hai3="28,23,22,30,95,65,18,104,115,47,91,29,64"/><T16/><BYE who="2" /><D120/><U108/><E107/><V62/><F62/><W106/><G115/><UN n2="%E3%82%A6%E3%83%AB%E3%83%88%E3%83%A9%E7%AB%8B%E7%9B%B4" /><T41/><D125/><U34/><E108/><V20/><F71/><W103/><G47/><T19/><D111/><U109/><E109/><V8/><F128/><W74/><G74/><T51/><D37/><U113/><E34/><V2/><F73/><W98/><G104/><T131/><D131/><U68/><E129/><V31/><F101/><W39/><G39/><T13/><D3/><U54/><E68/><V118/><F105/><W32/><G32/><T46/><D133/><U83/><E134/><V92/><F118/><W40/><G40/><T10/><D100/><U14/><E94/><V67/><F67/><W35/><G35/><T38/><D119/><U55/><REACH who="1" step="1"/><E113/><REACH who="1" ten="325,205,225,225" step="2"/><V4/><F92/><W26/><G106/><T48/><D116/><U124/><E124/><V63/><F33/><W114/><G114/><T112/><D112/><U135/><E135/><V123/><F123/><W70/><G70/><T27/><D38/><U99/><E99/><V52/><F2/><AGARI ba="3,2" hai="2,6,9,14,15,45,49,50,54,55,59,72,79,83" machi="2" ten="30,3900,0" yaku="1,1,7,1,52,1,53,0" doraHai="77" doraHaiUra="80" who="1" fromWho="2" sc="325,0,205,68,225,-48,225,0" /><INIT seed="1,0,0,4,2,112" ten="325,273,177,225" oya="1" hai0="123,54,60,118,32,87,63,114,0,132,30,22,91" hai1="125,52,115,122,12,127,113,55,95,58,94,126,15" hai2="21,79,104,35,62,85,19,61,120,71,92,51,10" hai3="13,88,37,107,109,93,82,4,11,102,133,29,7"/><U77/><E122/><V69/><F35/><W39/><G109/><T2/><D123/><U84/><E77/><V90/><F104/><W46/><G133/><T40/><D132/><U49/><E55/><V34/><F120/><W68/><G68/><T18/><D114/><U26/><E26/><V36/><F34/><W83/><G29/><T100/><D40/><U44/><E113/><V28/><F36/><W72/><BYE who="2" /><G7/><UN n2="%E3%82%A6%E3%83%AB%E3%83%88%E3%83%A9%E7%AB%8B%E7%9B%B4" /><T78/><D78/><U14/><E115/><V129/><F129/><W131/><G131/><T105/><D118/><U47/><REACH who="1" step="1"/><E84/><REACH who="1" ten="325,263,177,225" step="2"/><V65/><F79/><W110/><G72/><T23/><D54/><U81/><E81/><V97/><F85/><W20/><G82/><T106/><D87/><U43/><E43/><V67/><F28/><W56/><G83/><T48/><D30/><U96/><E96/><V116/><F51/><W124/><G39/><T76/><D48/><U74/><E74/><V135/><F135/><W64/><G37/><T31/><D76/><U134/><E134/><V53/><F53/><W119/><G64/><T128/><D31/><U75/><E75/><V130/><F130/><W108/><G110/><T89/><D128/><U117/><E117/><V111/><F111/><W8/><G119/><T86/><D86/><U50/><E50/><V57/><F116/><W1/><G108/><T103/><D32/><U80/><E80/><V66/><F66/><W98/><G98/><T99/><D99/><U24/><E24/><N who="2" m="14399" /><F69/><W3/><G46/><AGARI ba="0,1" hai="12,14,15,44,46,47,49,52,58,94,95,125,126,127" machi="46" ten="50,9600,0" yaku="1,1,18,1,54,1,53,0" doraHai="112" doraHaiUra="27" who="1" fromWho="3" sc="325,0,263,106,177,0,225,-96" /><INIT seed="1,1,0,5,2,16" ten="325,369,177,129" oya="1" hai0="40,81,39,13,3,65,66,60,22,6,84,77,115" hai1="46,34,67,0,12,36,124,24,33,44,109,71,54" hai2="129,51,30,82,98,14,101,134,95,73,78,38,15" hai3="123,125,52,57,75,96,31,120,130,74,5,112,121"/><U127/><E0/><V19/><F38/><W27/><G112/><T104/><D104/><U90/><E109/><V80/><F129/><W25/><G130/><T48/><D115/><U47/><E36/><V11/><F134/><W50/><G125/><N who="1" m="48202" /><E54/><V29/><F82/><W79/><G5/><T105/><D105/><U68/><E67/><V58/><F58/><W87/><G96/><T23/><D3/><U107/><E107/><V110/><F110/><W113/><G27/><T18/><D39/><U135/><E135/><V21/><REACH who="2" step="1"/><F51/><REACH who="2" ten="325,369,167,129" step="2"/><W132/><G132/><T91/><D48/><U116/><E116/><V92/><F92/><W1/><G113/><T106/><D106/><U128/><E128/><V99/><F99/><W49/><G49/><T85/><D60/><U10/><E44/><V53/><F53/><W86/><G1/><T62/><D62/><U63/><E46/><V9/><F9/><W118/><G118/><T122/><D65/><U42/><E63/><V35/><F35/><W108/><G108/><T70/><D66/><U2/><E34/><V89/><F89/><W103/><G103/><T88/><D91/><U93/><E33/><V41/><F41/><W94/><G94/><N who="0" m="54535" /><D40/><U97/><E42/><V20/><F20/><N who="0" m="7722" /><D70/><U133/><E133/><V56/><F56/><W114/><G114/><T72/><D81/><U26/><E47/><V100/><F100/><W83/><G83/><T131/><D131/><U55/><E2/><V111/><F111/><W45/><G45/><T76/><D77/><U119/><E119/><V7/><AGARI ba="1,1" hai="7,11,14,15,19,21,29,30,73,78,80,95,98,101" machi="7" ten="20,5200,0" yaku="1,1,0,1,7,1,52,1,53,0" doraHai="16" doraHaiUra="126" who="2" fromWho="2" sc="325,-14,369,-27,167,65,129,-14" /><INIT seed="2,0,0,5,0,134" ten="311,342,232,115" oya="2" hai0="114,13,6,45,129,51,96,36,120,21,83,43,42" hai1="99,105,25,135,132,125,78,31,70,101,94,109,23" hai2="106,84,95,93,122,54,60,22,11,103,108,7,107" hai3="121,41,79,69,130,24,55,118,102,44,61,85,9"/><V81/><F122/><W28/><G121/><T124/><D114/><U88/><E70/><V128/><F128/><W50/><G118/><T1/><D120/><U3/><E109/><V72/><F108/><W40/><G130/><T5/><D129/><U91/><E3/><V10/><F72/><W0/><G102/><T32/><D32/><U18/><E78/><V56/><F106/><W39/><G41/><T29/><D1/><U119/><E119/><V89/><F107/><W53/><G53/><T68/><D68/><U16/><E125/><V74/><F74/><W46/><G0/><T30/><D96/><N who="1" m="57415" /><E91/><V66/><F103/><W12/><G69/><T52/><D124/><U90/><E90/><V126/><F126/><W63/><G85/><T57/><D83/><U27/><E27/><V127/><F127/><W76/><G76/><T117/><D117/><U116/><E116/><V35/><F35/><W82/><G82/><T17/><D42/><U64/><E64/><V49/><F22/><W38/><G79/><T87/><REACH who="0" step="1"/><D87/><REACH who="0" ten="301,342,232,115" step="2"/><U113/><E113/><V62/><F81/><W34/><REACH who="3" step="1"/><G39/><REACH who="3" ten="301,342,232,105" step="2"/><T123/><D123/><U98/><E98/><V112/><F84/><W80/><G80/><T71/><D71/><U100/><E100/><V59/><F112/><W77/><G77/><T58/><D58/><U97/><E97/><N who="2" m="57519" /><F95/><W110/><G110/><T73/><D73/><U111/><E111/><V131/><F131/><W33/><G33/><T104/><D104/><U20/><E105/><V2/><F60/><W65/><G65/><T92/><D92/><U19/><E99/><RYUUKYOKU ba="0,2" sc="301,10,342,-30,232,10,105,10" hai0="5,6,13,17,21,29,30,36,43,45,51,52,57" hai2="2,7,10,11,49,54,56,59,62,66" hai3="9,12,24,28,34,38,40,44,46,50,55,61,63" /><INIT seed="2,1,2,4,1,34" ten="311,312,242,115" oya="2" hai0="33,16,125,109,18,99,57,10,35,11,25,13,14" hai1="124,23,51,88,110,46,77,32,7,95,26,112,37" hai2="59,74,40,92,17,56,9,31,90,60,50,129,111" hai3="42,71,53,72,67,133,62,36,114,30,126,132,83"/><V89/><F74/><W102/><G126/><T80/><D125/><U128/><E112/><V1/><F129/><W85/><G114/><T98/><D109/><U6/><E128/><V20/><F111/><W52/><G72/><T105/><D80/><U61/><E32/><V54/><F1/><W131/><G131/><T86/><D86/><U94/><E110/><V49/><F31/><W134/><G30/><T78/><D78/><U87/><E37/><V108/><F9/><W79/><REACH who="3" step="1"/><G102/><REACH who="3" ten="311,312,242,105" step="2"/><T4/><D35/><U12/><E124/><V84/><F108/><W3/><G3/><T117/><D117/><U29/><E7/><V69/><F69/><W28/><G28/><T21/><D33/><U2/><E2/><V121/><F121/><W101/><G101/><T64/><D105/><U75/><E6/><V5/><F5/><W19/><G19/><T120/><D120/><U47/><E29/><V76/><F76/><W0/><G0/><T66/><REACH who="0" step="1"/><D57/><REACH who="0" ten="301,312,242,105" step="2"/><U65/><E77/><V100/><F59/><W27/><G27/><T115/><D115/><U55/><E26/><V41/><F56/><W58/><G58/><T127/><D127/><U106/><E75/><V118/><F118/><W24/><G24/><T48/><D48/><U103/><E106/><V39/><F50/><W135/><N who="3" m="33792" /><DORA hai="45" /><W119/><G119/><T8/><D8/><U97/><E51/><V43/><F49/><W70/><G70/><T104/><D104/><U38/><E38/><V96/><F39/><W15/><G15/><T68/><D68/><U82/><E12/><N who="2" m="9255" /><F84/><W93/><G93/><RYUUKYOKU ba="1,4" sc="301,10,312,-30,242,10,105,10" hai0="4,10,11,13,14,16,18,21,25,64,66,98,99" hai2="40,41,43,54,60,89,90,92,96,100" hai3="36,42,52,53,62,67,71,79,83,85" /><INIT seed="2,2,4,1,4,51" ten="311,282,252,115" oya="2" hai0="22,47,50,24,126,131,17,36,44,128,14,93,125" hai1="19,59,49,97,127,110,73,112,86,118,5,109,99" hai2="101,81,89,74,96,16,45,116,119,130,28,91,7" hai3="33,70,8,72,90,87,4,2,54,20,124,79,38"/><V12/><F130/><N who="0" m="49706" /><D93/><U53/><E73/><V65/><F28/><W55/><G70/><T107/><D107/><U69/><E69/><V25/><F65/><W35/><G124/><N who="0" m="47723" /><D36/><U113/><E127/><V104/><F25/><W23/><G23/><N who="0" m="11703" /><D50/><U100/><E118/><V114/><F119/><W34/><G38/><T106/><D106/><U102/><E113/><V129/><F116/><W121/><G121/><T15/><D15/><U115/><E115/><V132/><F114/><W67/><G20/><T83/><D83/><U71/><E112/><V111/><F129/><W11/><G11/><T9/><D9/><U60/><E49/><V62/><F81/><W37/><G37/><T103/><D103/><U48/><E102/><V122/><F101/><W30/><G79/><T31/><AGARI ba="2,4" hai="22,24,31,44,47" m="11703,47723,49706" machi="31" ten="30,2000,0" yaku="19,1,18,1" doraHai="51" who="0" fromWho="0" sc="311,66,282,-7,252,-12,115,-7" /><INIT seed="3,0,0,0,3,116" ten="377,275,240,108" oya="3" hai0="33,62,120,74,22,63,134,114,5,125,69,59,96" hai1="130,44,24,45,133,60,37,80,54,6,21,83,41" hai2="53,20,92,9,70,0,57,18,108,28,124,103,81" hai3="123,52,67,107,34,23,30,4,86,65,68,90,111"/><W38/><G107/><T102/><D120/><U8/><E133/><V126/><F70/><W51/><G38/><T75/><D33/><U88/><E130/><V100/><F108/><W10/><G34/><T84/><D134/><U58/><E45/><V42/><F42/><W89/><G111/><T35/><D35/><U1/><REACH who="1" step="1"/><E88/><REACH who="1" ten="377,265,240,108" step="2"/><N who="3" m="33898" /><G123/><T85/><D114/><U12/><E12/><V66/><F81/><W73/><G68/><T3/><D69/><U76/><E76/><V93/><F0/><W122/><G122/><T131/><D131/><U15/><E15/><V7/><F124/><W47/><G73/><T110/><D75/><U104/><E104/><V113/><F126/><W94/><G86/><T2/><D74/><U118/><E118/><V119/><F119/><W39/><G39/><T127/><D125/><U99/><E99/><V72/><F72/><W78/><G78/><T112/><D127/><U79/><E79/><V106/><F106/><W25/><G94/><N who="0" m="58647" /><D3/><U135/><E135/><V105/><F105/><W50/><G51/><T49/><D2/><U121/><E121/><V117/><F93/><W36/><G36/><T82/><D110/><U29/><AGARI ba="0,1" hai="1,6,8,21,24,29,37,41,44,54,58,60,80,83" machi="29" ten="20,2700,0" yaku="1,1,0,1,7,1,53,0" doraHai="116" doraHaiUra="109" who="1" fromWho="1" sc="377,-7,265,37,240,-7,108,-13" /><INIT seed="4,0,0,5,4,111" ten="370,302,233,95" oya="0" hai0="9,23,33,69,47,68,52,48,117,21,86,41,62" hai1="0,72,5,127,60,34,109,120,29,10,129,80,66" hai2="108,45,82,35,24,135,18,4,119,91,96,13,121" hai3="107,54,53,22,92,88,133,57,3,25,70,31,73"/><T105/><D117/><U39/><E120/><V81/><F108/><W79/><G70/><T104/><D33/><U19/><E109/><V76/><F121/><W64/><G3/><T30/><D9/><U14/><E39/><V55/><F135/><W118/><G118/><T71/><D86/><U94/><E94/><V12/><F119/><W6/><G133/><T1/><D1/><U8/><E127/><V113/><F4/><W99/><G6/><T100/><D30/><U126/><E126/><V44/><F35/><W46/><G46/><T122/><D122/><U58/><E129/><V89/><F24/><W110/><G110/><T15/><D15/><U134/><E134/><V116/><F116/><W95/><G79/><T112/><D112/><U42/><E42/><V56/><F113/><W27/><G107/><T102/><D105/><U20/><E72/><V83/><F76/><W125/><G73/><T78/><D78/><U65/><E80/><V114/><F114/><W131/><G131/><T26/><D104/><U103/><E103/><V128/><F128/><W61/><G125/><T75/><D75/><U40/><E40/><V124/><F124/><W87/><G27/><T97/><D26/><N who="1" m="18743" /><E10/><N who="2" m="6423" /><F13/><W67/><G64/><AGARI ba="0,0" hai="0,5,8,14,19,20,58,60,64,65,66" m="18743" machi="64" ten="30,1000,0" yaku="24,1" doraHai="111" who="1" fromWho="3" sc="370,0,302,10,233,0,95,-10" /><INIT seed="5,0,0,4,3,99" ten="370,312,233,85" oya="1" hai0="77,86,51,0,82,130,21,124,125,78,131,33,97" hai1="36,49,108,65,45,18,53,117,127,80,8,69,46" hai2="37,126,109,52,24,62,101,113,12,110,83,112,57" hai3="39,87,91,29,44,59,68,22,114,2,118,26,3"/><U98/><E117/><V48/><F83/><W15/><G68/><T120/><D33/><U25/><E127/><N who="0" m="48713" /><D0/><U102/><E108/><V20/><F12/><W58/><G118/><T34/><D34/><U63/><E80/><V43/><F126/><W119/><G119/><T84/><D120/><U132/><E132/><V67/><F101/><W11/><G114/><N who="2" m="44137" /><F20/><W66/><G2/><T14/><D51/><U72/><E72/><V55/><F24/><W90/><G3/><T81/><D21/><U104/><E36/><V50/><F37/><W9/><G39/><T30/><D14/><U100/><E100/><V76/><F76/><W107/><G107/><T71/><D30/><U6/><E25/><V19/><F19/><W85/><G44/><T93/><D71/><U23/><E23/><V4/><F4/><W42/><G42/><T28/><D28/><U1/><E18/><V17/><F17/><W95/><G66/><T88/><AGARI ba="0,0" hai="77,78,81,82,84,86,88,93,97,130,131" m="48713" machi="88" ten="30,7900,0" yaku="18,1,34,2,54,1" doraHai="99" who="0" fromWho="0" sc="370,79,312,-39,233,-20,85,-20" /><INIT seed="6,0,0,4,5,126" ten="449,273,213,65" oya="2" hai0="84,27,61,75,58,17,69,121,21,3,110,115,123" hai1="109,9,46,97,34,32,114,119,48,117,50,81,57" hai2="125,88,30,95,103,54,47,8,60,13,31,37,10" hai3="33,4,92,68,113,99,53,6,82,85,55,111,52"/><V96/><F125/><W45/><G33/><T133/><D75/><U41/><E109/><V2/><F2/><W67/><G111/><T98/><D110/><U24/><E114/><V15/><F37/><W78/><G113/><T116/><D3/><U35/><E97/><V104/><F47/><W80/><G68/><T105/><D115/><U65/><E81/><V130/><F130/><W1/><G67/><T11/><D69/><U29/><E9/><V90/><F104/><W76/><G1/><T122/><D116/><U62/><REACH who="1" step="1"/><E48/><REACH who="1" ten="449,263,213,65" step="2"/><V12/><F10/><W51/><G6/><T73/><D11/><U127/><E127/><V101/><F8/><W25/><G4/><T16/><D98/><U39/><E39/><V28/><F103/><W100/><REACH who="3" step="1"/><G25/><REACH who="3" ten="449,263,213,55" step="2"/><T42/><D27/><U70/><E70/><V20/><F20/><AGARI ba="0,2" hai="20,24,29,32,34,35,41,46,50,57,62,65,117,119" machi="20" ten="40,2600,0" yaku="1,1,53,1" doraHai="126" doraHaiUra="63" who="1" fromWho="2" sc="449,0,263,46,213,-26,55,0" /><INIT seed="7,0,0,2,0,4" ten="449,309,187,55" oya="3" hai0="88,13,116,107,92,34,85,126,50,111,58,53,95" hai1="79,105,23,77,132,133,76,115,87,51,11,16,122" hai2="68,25,114,0,14,35,71,127,106,97,2,67,78" hai3="75,8,17,24,45,6,99,22,3,120,26,60,63"/><W134/><G75/><T118/><D107/><U117/><E105/><V20/><F78/><W43/><G120/><T96/><D34/><U81/><E122/><V1/><F71/><W54/><G134/><N who="1" m="51818" /><E115/><V108/><F108/><W12/><G99/><T5/><D111/><U18/><E117/><V62/><F127/><W32/><G54/><T37/><D37/><U125/><E125/><V103/><F114/><W21/><G24/><T48/><D126/><U109/><E109/><V28/><F20/><W80/><G80/><T7/><D118/><U55/><E11/><V72/><F14/><W84/><G84/><T93/><D116/><U42/><E42/><V66/><F66/><W65/><G65/><T39/><D39/><U10/><E10/><V91/><F91/><W102/><G102/><N who="0" m="60679" /><D13/><N who="1" m="9615" /><E18/><V64/><F64/><W47/><G47/><AGARI ba="0,0" hai="47,51,55,76,77,79,81,87" m="9615,51818" machi="47" ten="30,2000,0" yaku="20,1,54,1" doraHai="4" who="1" fromWho="3" sc="449,0,309,20,187,0,55,-20" owari="449,54.0,329,13.0,187,-21.0,35,-46.0" /></mjloggm>