<mjloggm ver="2.3"><GO type="105" lobby="0"/><UN n0="%6B%69%73%73%6C%69%6E%67" n1="%E5%B0%B1%E6%B4%BB%E7%94%9F%40%E5%B7%9D%E6%9D%91%E8%BB%8D%E5%9B%A3" n2="%E3%83%95%E3%83%AA%E3%83%BC%E9%9B%80%E5%A3%AB" n3="%73%68%6F%68%61%69" dan="15,15,13,15" rate="2002.07,1998.51,1830.72,2037.55" sx="M,M,M,M"/><TAIKYOKU oya="0"/><INIT seed="0,0,0,2,5,26" ten="250,250,250,250" oya="0" hai0="115,48,109,8,85,96,44,46,111,54,90,10,72" hai1="13,113,5,20,38,51,80,92,105,91,52,0,125" hai2="53,104,132,39,14,110,60,117,27,95,50,18,56" hai3="33,45,28,101,127,126,70,25,66,19,124,76,58"/><T17/><D72/><U24/><E105/><V123/><F104/><W73/><G58/><T43/><D115/><U31/><E38/><V133/><F123/><W41/><G19/><T42/><D96/><U87/><E113/><V79/><F117/><W134/><G101/><T16/><D44/><N who="1" m="27751" /><E0/><V75/><F39/><N who="3" m="21695" /><G134/><T100/><D100/><U81/><E125/><V119/><F119/><W98/><G98/><T99/><D99/><U32/><E32/><V15/><F95/><W30/><G76/><T74/><D74/><U83/><E5/><V120/><F120/><W89/><G89/><T65/><D65/><U7/><E7/><V93/><F93/><W1/><G1/><T88/><D46/><U12/><AGARI ba="0,0" hai="12,13,20,24,31,80,81,83,87,91,92" m="27751" machi="12" ten="30,4000,0" yaku="8,1,52,1,54,1" doraHai="26" who="1" fromWho="1" sc="250,-20,250,40,250,-10,250,-10" /><INIT seed="1,0,0,5,2,116" ten="230,290,240,240" oya="1" hai0="20,133,109,3,117,104,22,128,83,73,8,72,124" hai1="16,85,96,4,99,64,48,90,40,125,134,110,92" hai2="39,41,50,100,59,74,67,105,81,122,17,79,42" hai3="123,88,0,38,31,13,107,60,82,68,56,5,93"/><U62/><E125/><V30/><F39/><W46/><G107/><T25/><D83/><U9/><E134/><V112/><F112/><W18/><G68/><T21/><D25/><U43/><E110/><V2/><F2/><W11/><G31/><T75/><D109/><U102/><E48/><V78/><F78/><W130/><G130/><T61/><D104/><U86/><E86/><V108/><F108/><W119/><G119/><T65/><D117/><U34/><E34/><V45/><F30/><W89/><G123/><T80/><D80/><U52/><E96/><V77/><F79/><W103/><G103/><T27/><D27/><U111/><E111/><V1/><F1/><W47/><G89/><T32/><D32/><U66/><E66/><V127/><F127/><W106/><G106/><T12/><D124/><U71/><E52/><V23/><F100/><W91/><G91/><T37/><D3/><U118/><E118/><V29/><F105/><W135/><G82/><T97/><D37/><U36/><E36/><V70/><F70/><W54/><G135/><T44/><D133/><U10/><E10/><V57/><F29/><W94/><G94/><T63/><D97/><U28/><E28/><V33/><F33/><W58/><G58/><N who="0" m="37047" /><D128/><U15/><REACH who="1" step="1"/><E4/><REACH who="1" ten="230,280,240,240" step="2"/><V76/><F67/><W24/><G38/><T69/><D44/><U51/><E51/><V98/><F50/><W7/><G7/><N who="0" m="3103" /><D73/><U121/><E121/><V101/><F45/><W132/><G132/><T115/><D75/><U113/><E113/><V14/><F74/><W26/><G46/><T84/><D115/><RYUUKYOKU ba="0,1" sc="230,-10,280,30,240,-10,240,-10" hai1="9,15,16,40,43,62,64,71,85,90,92,99,102" /><INIT seed="1,1,1,4,1,127" ten="220,310,230,230" oya="1" hai0="13,19,109,82,14,76,97,129,63,124,128,92,23" hai1="134,71,69,64,4,72,60,49,6,0,1,21,28" hai2="50,115,105,56,55,120,126,78,27,20,42,89,8" hai3="130,44,17,111,11,81,26,80,110,95,45,119,121"/><U84/><E72/><V18/><F120/><W22/><G121/><T122/><D109/><N who="3" m="41481" /><G119/><T2/><D2/><U3/><E134/><V125/><F115/><W10/><G95/><T65/><D124/><N who="2" m="47722" /><F105/><W85/><G130/><N who="0" m="50283" /><D122/><U73/><E73/><V100/><F100/><W5/><G81/><T46/><D46/><N who="3" m="18025" /><G5/><T58/><D82/><U132/><E71/><V37/><F78/><AGARI ba="1,1" hai="10,11,17,22,26,78,80,85" m="18025,41481" machi="78" ten="30,1000,0" yaku="14,1" doraHai="127" who="3" fromWho="2" sc="220,0,310,0,230,-13,230,23" /><INIT seed="2,0,0,2,5,19" ten="220,310,217,253" oya="2" hai0="22,109,11,113,129,87,45,44,31,16,49,117,83" hai1="35,105,36,68,0,73,126,112,42,25,130,59,54" hai2="77,95,104,100,81,84,10,118,52,27,71,23,65" hai3="72,63,89,24,40,34,1,74,97,61,2,128,98"/><V108/><F118/><W75/><G128/><T6/><D113/><U121/><E54/><V78/><F104/><W90/><G40/><T26/><D129/><U103/><E59/><V53/><F108/><W119/><G119/><T134/><D134/><U13/><E42/><V8/><F71/><W125/><G125/><T21/><D109/><U67/><E67/><V38/><F38/><W79/><G79/><T55/><D117/><U58/><E58/><V91/><F65/><W120/><G120/><T123/><D123/><U12/><E103/><V116/><F116/><W20/><G34/><T3/><D87/><U131/><E13/><V14/><F8/><W133/><G133/><T92/><D92/><U115/><E12/><V80/><F100/><W93/><G93/><T107/><D107/><U64/><E25/><V28/><F78/><W5/><G5/><T99/><D99/><U37/><E64/><V88/><F91/><W111/><G111/><T94/><D94/><U106/><E121/><V110/><F110/><W47/><G47/><T122/><D83/><N who="2" m="31818" /><F77/><W39/><G39/><T51/><D122/><U43/><E43/><V96/><F96/><W46/><G46/><T15/><D51/><U124/><E35/><V102/><F102/><W62/><G24/><T50/><D50/><U69/><REACH who="1" step="1"/><E73/><REACH who="1" ten="220,300,217,253" step="2"/><V29/><F28/><W18/><G75/><T70/><D70/><U56/><E56/><AGARI ba="0,1" hai="3,6,11,15,16,21,22,26,31,44,45,49,55,56" machi="56" ten="30,7700,0" yaku="7,1,52,2,54,1" doraHai="19" who="0" fromWho="1" sc="220,87,300,-77,217,0,253,0" /><INIT seed="3,0,0,4,5,11" ten="307,223,217,253" oya="3" hai0="60,126,63,105,47,102,6,30,88,22,50,97,61" hai1="80,116,106,10,3,123,73,33,32,62,119,20,35" hai2="52,29,38,34,84,51,4,59,42,110,48,1,14" hai3="85,15,76,79,125,108,25,41,78,86,118,9,115"/><W43/><G115/><T44/><D6/><N who="1" m="1375" /><E106/><V121/><F121/><W65/><G118/><N who="1" m="45098" /><E62/><V109/><F1/><W107/><G125/><T120/><D126/><U92/><E92/><V98/><F98/><W5/><G107/><T75/><D120/><U37/><E37/><V134/><F134/><W101/><G101/><T129/><D75/><U40/><E40/><N who="3" m="15434" /><G108/><N who="2" m="41577" /><F84/><N who="3" m="32363" /><G25/><T23/><D129/><U46/><E46/><N who="2" m="23895" /><F29/><W103/><G103/><T2/><D2/><U13/><E80/><V72/><F34/><W133/><G133/><T70/><D70/><U90/><E90/><V55/><F72/><W82/><G82/><T0/><D88/><U93/><E93/><V111/><F111/><W71/><G71/><T135/><D0/><U8/><E73/><V12/><F4/><W113/><G113/><T104/><D135/><U53/><E53/><V83/><F83/><W81/><G81/><T39/><D39/><U100/><E100/><V56/><AGARI ba="0,0" hai="12,14,48,51,52,55,56,59" m="23895,41577" machi="56" ten="30,7900,0" yaku="14,1,52,2,54,1" doraHai="11" who="2" fromWho="2" sc="307,-20,223,-20,217,79,253,-39" /><INIT seed="4,0,0,1,3,101" ten="287,203,296,214" oya="0" hai0="35,65,33,59,79,85,24,57,10,122,135,43,6" hai1="21,50,37,1,116,86,20,114,15,18,31,66,34" hai2="12,56,72,4,23,16,92,76,64,128,38,36,0" hai3="53,17,100,132,9,90,71,87,131,107,95,54,51"/><T108/><D122/><U46/><E37/><V130/><F0/><W48/><G71/><T119/><D119/><U121/><E121/><V81/><F4/><W113/><G113/><T19/><D108/><U78/><E116/><V82/><F81/><W111/><G111/><T60/><D135/><U84/><E114/><V105/><F105/><W94/><G132/><T61/><D43/><U41/><E1/><V55/><F64/><W123/><G131/><N who="2" m="50217" /><F92/><W91/><G123/><T74/><D74/><U5/><E5/><V28/><F28/><W99/><G9/><T88/><D79/><U83/><E41/><V39/><F39/><W63/><G17/><T124/><D124/><U30/><E34/><V80/><F80/><W134/><G134/><T40/><D40/><U133/><E133/><V93/><F93/><W120/><G120/><T126/><D126/><U22/><E84/><V110/><F110/><W103/><G63/><AGARI ba="0,0" hai="12,16,23,36,38,55,56,63,72,76,82" m="50217" machi="63" ten="30,2000,0" yaku="19,1,54,1" doraHai="101" who="2" fromWho="3" sc="287,0,203,0,296,20,214,-20" /><INIT seed="5,0,0,3,5,98" ten="287,203,316,194" oya="1" hai0="72,53,16,131,89,26,92,34,97,124,93,9,42" hai1="71,59,84,24,113,6,41,54,95,128,82,91,13" hai2="69,132,0,57,126,114,4,61,81,109,118,117,29" hai3="17,52,101,47,80,58,51,104,112,1,90,103,70"/><U55/><E113/><V68/><F81/><W120/><G70/><T102/><D72/><U74/><E71/><N who="2" m="27211" /><F29/><W106/><G120/><T43/><D131/><U38/><E128/><V11/><F11/><W64/><G112/><T75/><D124/><U30/><E41/><N who="0" m="15369" /><D75/><U49/><E38/><V31/><F4/><W100/><G1/><T2/><D34/><U65/><E74/><V3/><F31/><W19/><G106/><T50/><D2/><U122/><E122/><V32/><F32/><W56/><G104/><T77/><D77/><U60/><E82/><V27/><F27/><W48/><G64/><T14/><D26/><U86/><E86/><V18/><F18/><N who="3" m="6667" /><G48/><T83/><D83/><U107/><E107/><V62/><F109/><W111/><G111/><T116/><D116/><N who="2" m="44650" /><F57/><W36/><G36/><T45/><D93/><U39/><E39/><V33/><F33/><W40/><G40/><T79/><D79/><U12/><E6/><V21/><F126/><W35/><G35/><T129/><D129/><U76/><E76/><V10/><F114/><W108/><G108/><T46/><D46/><N who="1" m="27959" /><E65/><V85/><F3/><W25/><G25/><T110/><D110/><U105/><E105/><V88/><F0/><W123/><G123/><T7/><D7/><U96/><E84/><AGARI ba="0,0" hai="47,51,52,56,58,80,84,90,100,101,103" m="6667" machi="84" ten="30,8000,1" yaku="8,1,52,3,54,1" doraHai="98" who="3" fromWho="1" sc="287,0,203,-80,316,0,194,80" /><INIT seed="6,0,0,2,4,59" ten="287,123,316,274" oya="2" hai0="25,10,79,123,28,9,56,105,42,18,101,22,117" hai1="36,30,58,118,41,29,12,70,17,108,6,78,37" hai2="88,116,72,133,129,109,61,2,134,81,66,33,100" hai3="132,135,119,95,40,122,114,65,127,86,46,49,48"/><V35/><F116/><W104/><G104/><T34/><D123/><U107/><E70/><V21/><F2/><W92/><G122/><T126/><D79/><U113/><E107/><V24/><F109/><W51/><G119/><T16/><D117/><U99/><E118/><V125/><F125/><W97/><G86/><T47/><D126/><U14/><E113/><V75/><F75/><W77/><G77/><T83/><D83/><U62/><E108/><V1/><F1/><W27/><G127/><T55/><D101/><U121/><E121/><V80/><F129/><W3/><G3/><T102/><D102/><U19/><E6/><V96/><F80/><W23/><G114/><T15/><D105/><U90/><E78/><V31/><F72/><W60/><G95/><T20/><D34/><U63/><E41/><V84/><F100/><N who="3" m="60455" /><G40/><T7/><D7/><U0/><E0/><V26/><F96/><W74/><G74/><T124/><D124/><U38/><E58/><N who="2" m="37175" /><F26/><W93/><G93/><T98/><D98/><U50/><E50/><N who="3" m="12802" /><W94/><DORA hai="8" /><G94/><T67/><D42/><U131/><E131/><V82/><F81/><W13/><G13/><N who="1" m="5226" /><E90/><V128/><F128/><W111/><G46/><T68/><D47/><U103/><E99/><V52/><F52/><W87/><G87/><T73/><D73/><U85/><E103/><V43/><F43/><W64/><G111/><T110/><D110/><U11/><E85/><V120/><F120/><W39/><G65/><T106/><D67/><U54/><E54/><V57/><F57/><N who="3" m="36879" /><G39/><N who="1" m="9986" /><U4/><DORA hai="115" /><E4/><V112/><F112/><RYUUKYOKU ba="0,0" sc="287,-15,123,-15,316,15,274,15" hai2="21,24,31,33,35,82,84,88,133,134" hai3="23,27,132,135" /><INIT seed="6,1,0,1,3,60" ten="272,108,331,289" oya="2" hai0="133,112,79,65,124,115,64,90,37,93,48,32,12" hai1="113,33,21,108,68,104,82,22,119,24,103,58,18" hai2="25,47,26,89,6,16,121,3,15,45,84,63,0" hai3="131,34,23,111,31,11,86,80,96,43,19,85,8"/><V20/><F121/><W118/><G111/><T91/><D37/><U46/><E68/><V53/><F3/><W134/><G118/><T98/><D32/><U83/><E119/><V14/><F0/><W51/><G134/><T100/><D79/><U127/><E113/><N who="0" m="43593" /><D133/><U101/><E127/><V123/><F123/><W126/><G126/><T97/><D124/><U30/><E108/><V44/><F6/><W36/><G36/><T73/><D73/><U128/><E128/><V52/><F26/><W122/><G122/><T61/><D61/><U74/><E74/><V41/><F41/><W49/><G96/><T71/><D71/><U117/><E117/><V59/><F53/><W110/><G110/><T130/><D130/><U40/><E46/><V109/><F109/><W87/><G34/><T76/><D76/><U69/><E69/><V77/><F77/><W29/><G131/><T72/><D72/><U50/><E40/><V116/><F116/><W38/><G38/><T5/><D48/><N who="3" m="18505" /><G80/><AGARI ba="1,0" hai="14,15,16,20,25,44,45,47,52,59,63,80,84,89" machi="80" ten="40,7700,0" yaku="8,1,54,2" doraHai="60" who="2" fromWho="3" sc="272,0,108,0,331,80,289,-80" /><INIT seed="6,2,0,3,3,46" ten="272,108,411,209" oya="2" hai0="123,55,1,58,5,68,25,31,127,18,102,118,84" hai1="100,29,38,83,110,0,40,17,12,20,121,61,30" hai2="57,64,33,135,81,85,124,74,117,49,99,63,39" hai3="36,89,78,90,50,21,34,122,11,69,14,108,134"/><V45/><F117/><W8/><G36/><T133/><D123/><U67/><E0/><V10/><F33/><W129/><G34/><T130/><D68/><U15/><E110/><V7/><F74/><W80/><G122/><T48/><D118/><U101/><E121/><V86/><F135/><W51/><G69/><T76/><D133/><U75/><E38/><V132/><F132/><W79/><G108/><T16/><D130/><U94/><E40/><V88/><F124/><W22/><G129/><T109/><D127/><U37/><E37/><V26/><F39/><W87/><G134/><T93/><D109/><U104/><E104/><V43/><F26/><W52/><G14/><T113/><D113/><U95/><E75/><V54/><F99/><W13/><G13/><T41/><D1/><U62/><E83/><V106/><F106/><W131/><G131/><T56/><D5/><U65/><REACH who="1" step="1"/><E20/><REACH who="1" ten="272,98,411,209" step="2"/><V19/><F81/><W42/><G80/><T47/><D41/><U3/><E3/><V32/><F43/><W116/><G42/><T66/><D76/><U114/><E114/><V77/><F77/><W103/><G116/><T73/><D73/><U82/><E82/><V126/><F32/><W98/><G87/><T97/><D84/><U96/><E96/><V112/><F85/><W111/><G98/><T59/><D66/><U115/><E115/><V2/><F86/><W72/><G72/><T70/><D70/><U128/><E128/><V44/><F112/><W71/><G111/><T119/><D119/><U4/><E4/><V28/><F126/><W107/><G71/><RYUUKYOKU ba="2,1" sc="272,15,98,15,411,-15,209,-15" hai0="16,18,25,31,47,48,55,56,58,59,93,97,102" hai1="12,15,17,29,30,61,62,65,67,94,95,100,101" /><INIT seed="7,3,1,4,0,69" ten="287,113,396,194" oya="3" hai0="105,32,83,117,60,126,38,107,92,59,2,37,53" hai1="103,62,23,98,99,68,112,63,10,82,76,12,113" hai2="56,72,118,9,135,133,77,26,109,21,128,49,36" hai3="33,40,35,54,8,17,130,20,16,13,42,31,89"/><W70/><G130/><T1/><D117/><U55/><E113/><V6/><F118/><W110/><G70/><T4/><D32/><U106/><E112/><V66/><F109/><W34/><G110/><T84/><D92/><U95/><E68/><V57/><F128/><W28/><G54/><T5/><D126/><U15/><E15/><V65/><F77/><W134/><G134/><N who="2" m="51209" /><F72/><W79/><G79/><T58/><D84/><U11/><E11/><V3/><F36/><W86/><G42/><T104/><D83/><U90/><E23/><V30/><F57/><W43/><G43/><T124/><D124/><U93/><E106/><V52/><AGARI ba="3,1" hai="3,6,9,21,26,30,49,52,56,65,66" m="51209" machi="52" ten="30,2000,0" yaku="20,1,54,1" doraHai="69" who="2" fromWho="2" sc="287,-8,113,-8,396,39,194,-13" owari="279,8.0,105,-39.0,435,53.0,181,-22.0" /></mjloggm>