<mjloggm ver="2.3"><GO type="169" lobby="0"/><UN n0="%E3%82%A6%E3%83%AB%E3%83%88%E3%83%A9%E7%AB%8B%E7%9B%B4" n1="%64%6F%75%6D%6F%6B%75%6E" n2="%6B%61%6E%65%67%61%6E%65" n3="%E8%82%89%E2%98%86%E6%A3%92%E5%A4%AA%E9%83%8E" dan="17,16,16,16" rate="2160.50,2162.68,2048.38,2142.36" sx="M,M,M,M"/><TAIKYOKU oya="0"/><INIT seed="0,0,0,0,1,82" ten="250,250,250,250" oya="0" hai0="84,128,42,71,22,68,6,56,65,97,110,51,49" hai1="70,101,95,37,69,39,118,48,135,10,13,107,94" hai2="29,54,123,126,20,113,131,5,1,34,33,8,55" hai3="18,129,63,99,117,45,64,122,89,85,26,25,120"/><T115/><D115/><U81/><E118/><V91/><F113/><W21/><G117/><T50/><D128/><U60/><E135/><V112/><F112/><W4/><G129/><T106/><D6/><U40/><E107/><V111/><F111/><W132/><G99/><T44/><D110/><U124/><E70/><V62/><F54/><W90/><G132/><T27/><D106/><U96/><E95/><V88/><F126/><W23/><G45/><T108/><D108/><U134/><E134/><V121/><F131/><W36/><G4/><T76/><D97/><U66/><E124/><V31/><F20/><W2/><G36/><T59/><D68/><U57/><E81/><V130/><F130/><W67/><G2/><T92/><D71/><U125/><E125/><V38/><F38/><W19/><REACH who="3" step="1"/><G63/><REACH who="3" ten="250,250,250,240" step="2"/><N who="0" m="38119" /><D59/><U109/><E109/><V53/><F62/><W12/><G12/><T86/><D44/><N who="1" m="25607" /><E69/><V35/><F1/><W32/><G32/><T7/><D7/><N who="1" m="3295" /><E37/><V77/><F35/><W30/><G30/><N who="0" m="17783" /><D42/><U28/><E39/><V74/><F34/><W14/><G14/><T119/><D119/><U47/><E47/><V75/><F33/><W79/><G79/><T105/><D105/><U58/><E58/><V17/><F77/><W46/><G46/><T16/><D76/><U127/><E127/><V15/><F31/><AGARI ba="0,1" hai="28,31,57,60,66,94,96,101" m="3295,25607" machi="31" ten="30,1000,0" yaku="8,1" doraHai="82" who="1" fromWho="2" sc="250,0,250,20,250,-10,240,0" /><INIT seed="1,0,0,1,4,77" ten="250,270,240,240" oya="1" hai0="79,115,125,5,85,22,98,74,81,60,102,110,53" hai1="12,16,64,6,13,1,124,105,25,90,50,94,103" hai2="55,37,28,66,63,29,82,34,106,27,17,7,100" hai3="8,108,133,41,135,46,43,45,112,38,71,70,0"/><U89/><E124/><V15/><F37/><N who="3" m="21679" /><G0/><T14/><D115/><U92/><E105/><V96/><F29/><W84/><G112/><T31/><D125/><U48/><E1/><V19/><F55/><W18/><G84/><T47/><D110/><U36/><E36/><V114/><F82/><W65/><G8/><T52/><D74/><U24/><E64/><V87/><F87/><W2/><G18/><T75/><D75/><U26/><E103/><V95/><F95/><N who="1" m="36393" /><E6/><V10/><REACH who="2" step="1"/><F114/><REACH who="2" ten="250,270,230,240" step="2"/><W117/><G108/><T119/><D53/><U35/><E35/><V3/><F3/><W9/><G117/><T99/><D119/><U49/><E12/><V130/><F130/><W123/><G123/><T58/><D102/><U57/><E57/><AGARI ba="0,1" hai="7,10,15,17,19,27,28,34,57,63,66,96,100,106" machi="57" ten="30,3900,0" yaku="1,1,7,1,53,1" doraHai="77" doraHaiUra="11" who="2" fromWho="1" sc="250,0,270,-39,230,49,240,0" /><INIT seed="2,0,0,1,2,69" ten="250,231,279,240" oya="2" hai0="36,54,128,94,19,132,66,14,67,1,111,57,104" hai1="49,2,97,35,13,118,121,129,25,68,7,105,30" hai2="75,32,73,131,106,27,3,95,40,102,116,126,72" hai3="24,9,55,48,17,18,109,58,89,5,101,110,114"/><V26/><F106/><W125/><G114/><T90/><D104/><U10/><E118/><V77/><F77/><W86/><G125/><T115/><D1/><U44/><E129/><V61/><F131/><W91/><G101/><T59/><D115/><U80/><E121/><V29/><F3/><W51/><G24/><T52/><D36/><U119/><E119/><V82/><F82/><W87/><G9/><N who="0" m="6607" /><D111/><U127/><E127/><V11/><F11/><W56/><G55/><N who="0" m="21035" /><D132/><U123/><E68/><V120/><F120/><W63/><G63/><T88/><D128/><U50/><E123/><V71/><F126/><W23/><G23/><T83/><D83/><U6/><E6/><AGARI ba="0,0" hai="5,6,17,18,48,51,56,58,86,87,89,91,109,110" machi="6" ten="25,1600,0" yaku="22,2" doraHai="69" who="3" fromWho="1" sc="250,0,231,-16,279,0,240,16" /><INIT seed="3,0,0,1,3,79" ten="250,215,279,256" oya="3" hai0="119,122,65,64,71,131,96,94,123,129,0,89,78" hai1="115,51,28,50,62,31,25,49,10,3,101,67,84" hai2="4,17,58,87,29,35,100,135,1,132,93,81,26" hai3="52,21,83,60,111,121,63,98,133,85,118,107,66"/><W112/><G121/><T59/><D0/><U110/><E110/><V73/><F58/><W53/><G118/><T38/><D38/><U76/><E115/><V40/><F17/><W134/><G112/><T45/><D119/><U91/><E101/><V82/><F40/><W114/><G111/><T23/><D45/><U2/><E76/><V22/><F35/><W86/><G85/><T57/><D23/><U24/><E10/><V7/><F73/><W41/><G21/><T34/><D71/><U120/><E120/><V20/><F20/><W55/><G41/><T14/><D14/><U97/><E97/><N who="2" m="59439" /><F87/><W102/><G114/><T108/><D57/><N who="1" m="37327" /><E2/><V30/><F30/><N who="1" m="11305" /><E3/><V130/><F130/><W37/><G37/><T5/><D34/><U43/><E43/><V70/><F70/><W109/><G109/><T69/><D59/><U124/><E124/><V95/><F7/><W68/><REACH who="3" step="1"/><G63/><REACH who="3" ten="250,215,279,246" step="2"/><T32/><D108/><U54/><E54/><V36/><F22/><W74/><G74/><T9/><D123/><U128/><E128/><V61/><F61/><W44/><G44/><T105/><D122/><U12/><E12/><V99/><F36/><W106/><G106/><T15/><D105/><U75/><E75/><V8/><F1/><W27/><G27/><T13/><D131/><U16/><E25/><V72/><F26/><W117/><G117/><T6/><D129/><U77/><E24/><V127/><F72/><W113/><G113/><T88/><D32/><U80/><E84/><V103/><F29/><W19/><G19/><T125/><D9/><U48/><E16/><RYUUKYOKU ba="0,1" sc="250,-10,215,-10,279,-10,246,30" hai3="52,53,55,60,66,68,83,86,98,102,107,133,134" /><INIT seed="3,1,1,2,4,49" ten="240,205,269,276" oya="3" hai0="132,104,48,23,82,98,115,71,114,78,80,74,54" hai1="1,52,112,34,124,120,126,81,12,31,116,32,102" hai2="3,56,40,63,58,131,96,44,83,50,68,33,113" hai3="46,18,125,45,118,28,79,24,53,47,66,128,90"/><W38/><G118/><T36/><D36/><U133/><E120/><V86/><F113/><N who="0" m="43018" /><D71/><U41/><E112/><V93/><F131/><W61/><G79/><T69/><D69/><U7/><E116/><V15/><F33/><W117/><G117/><T70/><D70/><U103/><E41/><V37/><F3/><W105/><G105/><T4/><D4/><U89/><E133/><V123/><F123/><W10/><G128/><T43/><D132/><U20/><E1/><V26/><F26/><W13/><G38/><T135/><D135/><U16/><E7/><V75/><F75/><W91/><G125/><N who="1" m="48234" /><E31/><V129/><F37/><W9/><G66/><T59/><D82/><U101/><E89/><V6/><F63/><W27/><G10/><T25/><D43/><U97/><E81/><V35/><F68/><W29/><G27/><T55/><D59/><U67/><E67/><V100/><F35/><N who="1" m="13353" /><E52/><N who="0" m="20009" /><D48/><U72/><E72/><V130/><F130/><W5/><G5/><T106/><D98/><AGARI ba="1,1" hai="12,16,20,97,98,101,102,103" m="13353,48234" machi="98" ten="40,2600,0" yaku="18,1,54,1" doraHai="49" who="1" fromWho="0" sc="240,-29,205,39,269,0,276,0" /><INIT seed="4,0,0,1,0,41" ten="211,244,269,276" oya="0" hai0="36,13,24,51,19,25,70,121,110,42,109,15,9" hai1="125,61,48,10,49,35,83,76,132,29,123,58,2" hai2="50,122,77,4,3,124,85,64,84,74,88,53,55" hai3="94,114,47,95,119,105,120,108,98,65,118,87,80"/><T99/><D36/><U116/><E123/><V59/><F122/><W40/><G108/><N who="0" m="41579" /><D70/><U129/><E116/><V26/><F124/><W18/><G114/><T103/><D121/><U56/><E125/><V17/><F64/><W104/><G120/><T7/><D51/><U102/><E29/><V67/><F67/><W89/><G65/><T37/><D42/><U52/><E35/><V0/><F74/><W113/><G113/><T30/><D37/><U27/><E102/><V71/><F55/><W127/><G127/><T101/><D30/><U21/><E129/><V54/><F54/><W43/><G18/><T131/><D131/><U5/><E132/><V93/><F4/><W81/><G87/><T63/><D63/><U126/><E126/><V96/><F71/><W117/><G43/><T20/><D101/><U23/><E58/><V39/><F39/><W46/><G40/><T66/><D66/><U100/><E100/><V130/><F130/><W75/><G75/><T112/><D112/><U60/><E60/><V8/><F84/><W44/><REACH who="3" step="1"/><G95/><AGARI ba="0,0" hai="7,9,13,15,19,20,24,25,95,99,103" m="41579" machi="95" ten="30,1500,0" yaku="10,1" doraHai="41" who="0" fromWho="3" sc="211,15,244,0,269,0,276,-15" /><INIT seed="4,1,0,4,2,19" ten="226,244,269,261" oya="0" hai0="17,37,123,75,62,14,125,102,52,105,10,100,82" hai1="57,18,106,132,124,112,94,34,127,104,126,7,93" hai2="45,58,96,134,73,6,97,20,59,1,9,11,54" hai3="89,33,81,50,46,49,38,72,118,76,26,64,35"/><T41/><D123/><U63/><E34/><V60/><F73/><W16/><G118/><T61/><D125/><U44/><E132/><V113/><F113/><W15/><G64/><T25/><D37/><U91/><E7/><V99/><F134/><W31/><G35/><T2/><D2/><U53/><E112/><V77/><F77/><W47/><G89/><T23/><D41/><U90/><E44/><V39/><F11/><W121/><G121/><T92/><D105/><U48/><E48/><V103/><F59/><W128/><G128/><T0/><D0/><U114/><E114/><V28/><F45/><W133/><G133/><T8/><D8/><U70/><E70/><V21/><F39/><W36/><G47/><T111/><D111/><U32/><E32/><V74/><F74/><W12/><G12/><T71/><D71/><U129/><E18/><V86/><F28/><W43/><REACH who="3" step="1"/><G50/><REACH who="3" ten="226,244,269,251" step="2"/><T29/><D100/><U68/><E129/><V42/><F103/><W30/><G30/><T65/><D65/><U120/><E120/><V108/><F108/><W79/><G79/><T13/><D13/><U109/><E109/><V56/><F56/><W116/><G116/><T51/><D82/><U110/><E68/><V22/><REACH who="2" step="1"/><F86/><REACH who="2" ten="226,244,259,251" step="2"/><W131/><G131/><T4/><D29/><U84/><E110/><V98/><N who="2" m="24576" /><DORA hai="117" /><V80/><F80/><W115/><G115/><T119/><D119/><U107/><E107/><V66/><F66/><W135/><G135/><T83/><D83/><U122/><E122/><V85/><F85/><AGARI ba="1,2" hai="53,57,63,84,85,90,91,93,94,104,106,124,126,127" machi="85" ten="40,2600,0" yaku="9,1,18,1" doraHai="19,117" who="1" fromWho="2" sc="226,0,244,49,259,-29,251,0" /><INIT seed="5,0,0,2,2,65" ten="226,293,230,251" oya="1" hai0="66,8,105,99,6,133,69,75,52,7,122,22,59" hai1="111,46,58,107,72,94,86,121,35,16,112,74,91" hai2="37,73,3,56,47,78,63,120,128,40,132,51,49" hai3="32,70,81,26,17,5,2,87,134,55,43,108,45"/><U104/><E121/><V60/><F3/><W12/><G108/><T62/><D75/><U92/><E35/><V31/><F31/><W34/><G134/><T14/><D133/><U25/><E111/><V21/><F21/><W76/><G55/><T1/><D122/><U118/><E118/><V42/><F78/><W114/><G114/><T117/><D117/><U54/><E112/><V103/><F103/><W33/><G70/><T85/><D22/><U77/><E46/><N who="2" m="23823" /><F73/><W115/><G115/><T61/><D85/><U15/><E25/><V125/><F132/><W19/><G2/><T100/><D1/><U30/><E30/><V129/><F120/><W84/><G26/><T130/><REACH who="0" step="1"/><D130/><REACH who="0" ten="216,293,230,251" step="2"/><N who="2" m="50282" /><F125/><W57/><G87/><T27/><D27/><U13/><E74/><V53/><AGARI ba="0,1" hai="42,47,49,51,53,56,60,63" m="50282,23823" machi="53" ten="30,4000,0" yaku="19,1,34,2" doraHai="65" who="2" fromWho="2" sc="216,-10,293,-20,230,50,251,-10" /><INIT seed="6,0,0,4,1,1" ten="206,273,280,241" oya="2" hai0="10,108,48,33,91,101,113,117,23,21,79,95,63" hai1="99,129,3,58,115,94,9,6,118,72,16,24,39" hai2="74,87,11,2,116,93,44,36,0,50,46,75,12" hai3="83,52,130,104,109,60,88,86,106,121,34,32,38"/><V8/><F116/><W80/><G38/><T61/><D33/><U28/><E72/><V35/><F35/><W53/><G121/><T62/><D117/><U131/><E39/><V66/><F66/><W22/><G109/><T71/><D108/><U105/><E105/><V51/><F36/><W42/><G130/><N who="1" m="49674" /><E118/><V76/><F93/><W100/><G42/><T119/><D119/><U123/><E123/><V57/><F57/><W15/><G83/><T133/><D71/><U124/><E124/><V45/><F87/><W81/><G81/><T110/><D133/><U125/><E125/><V47/><F47/><W102/><G34/><T67/><D67/><U30/><E58/><V68/><F68/><W82/><G32/><T85/><D113/><U43/><E43/><V55/><F46/><W5/><G82/><T13/><D110/><U114/><E16/><V69/><F69/><W29/><G106/><T59/><D79/><U20/><E30/><V25/><F76/><W31/><G104/><T132/><D132/><U107/><E107/><V112/><F112/><W27/><G31/><T40/><D101/><AGARI ba="0,0" hai="3,6,9,20,24,28,94,99,101,114,115" m="49674" machi="101" ten="30,2000,0" yaku="19,1,52,1" doraHai="1" who="1" fromWho="0" sc="206,-20,273,20,280,0,241,0" /><INIT seed="7,0,0,2,1,58" ten="186,293,280,241" oya="3" hai0="124,95,87,82,3,100,94,6,27,39,12,57,104" hai1="13,4,106,102,98,118,24,68,23,37,43,71,114" hai2="79,29,103,93,128,63,107,25,31,89,129,74,121" hai3="20,42,66,28,14,38,30,1,108,83,126,112,47"/><W99/><G112/><T56/><D3/><U44/><E114/><V5/><F5/><W69/><G108/><T53/><D39/><U22/><E118/><V19/><F121/><W132/><G1/><T35/><D104/><U125/><E125/><V73/><F63/><W60/><G126/><T41/><D124/><U18/><E4/><V48/><F48/><W117/><G117/><T51/><D41/><U10/><E10/><V59/><F59/><W32/><G132/><T11/><D100/><U8/><E8/><V123/><F123/><W134/><G134/><T101/><D101/><U119/><E119/><V50/><F50/><W133/><G133/><T91/><D35/><U36/><E36/><V105/><F103/><W127/><G127/><T65/><D27/><U64/><E64/><V115/><F115/><W131/><G131/><N who="2" m="50249" /><F19/><AGARI ba="0,0" hai="13,18,19,22,23,24,37,43,44,68,71,98,102,106" machi="19" ten="30,1000,0" yaku="7,1" doraHai="58" who="1" fromWho="2" sc="186,0,293,10,280,-10,241,0" owari="186,-31.0,303,40.0,270,7.0,241,-16.0" /></mjloggm>