<mjloggm ver="2.3"><GO type="233" lobby="0"/><UN n0="%E5%86%A5%E5%9C%9F%E3%81%AE%E3%83%AF%E3%83%8B%E8%94%B5" n1="%E3%82%B1%E3%83%B3%E3%83%A4%E2%98%85" n2="%E3%82%A6%E3%83%AB%E3%83%88%E3%83%A9%E7%AB%8B%E7%9B%B4" n3="%54%2E%54%2E%38" dan="16,17,17,16" rate="2102.79,2202.00,2154.52,2111.18" sx="M,M,M,M"/><TAIKYOKU oya="0"/><INIT seed="0,0,0,3,0,6" ten="250,250,250,250" oya="0" hai0="25,61,80,133,21,77,122,84,3,78,20,55,62" hai1="9,74,97,15,63,88,45,54,23,14,42,109,47" hai2="76,85,33,112,128,119,90,58,32,68,11,59,102" hai3="94,39,50,104,117,2,38,101,60,100,30,7,67"/><T10/><D122/><U92/><E74/><V113/><F68/><W64/><G117/><T24/><D133/><U43/><E109/><V105/><F76/><W129/><G104/><T126/><D126/><U57/><E23/><V106/><F102/><W46/><G30/><T110/><D110/><U99/><E99/><V95/><F85/><W5/><G129/><T31/><D77/><U87/><E97/><V66/><F95/><W16/><G50/><T83/><D83/><U91/><E91/><V132/><F66/><W124/><G124/><T49/><D3/><U71/><E71/><V134/><F90/><W29/><G29/><N who="0" m="17543" /><D10/><U70/><E70/><V28/><F28/><W130/><G2/><T107/><D107/><U103/><E103/><V127/><F127/><W82/><G130/><T73/><D73/><U18/><REACH who="1" step="1"/><E15/><REACH who="1" ten="250,240,250,250" step="2"/><V44/><F128/><W115/><G101/><T36/><D36/><U22/><E22/><V131/><F131/><W41/><G100/><T52/><D55/><U114/><E114/><V125/><F125/><W12/><G115/><T89/><D89/><U123/><E123/><V51/><F113/><W108/><G39/><T0/><D0/><U34/><E34/><V120/><F112/><W121/><G38/><T72/><D72/><U98/><E98/><V93/><F120/><W56/><G121/><T69/><D69/><U40/><AGARI ba="0,1" hai="9,14,18,40,42,43,45,47,54,57,63,87,88,92" machi="40" ten="30,8000,1" yaku="1,1,0,1,8,1,52,1,54,1,53,0" doraHai="6" doraHaiUra="1" who="1" fromWho="1" sc="250,-40,240,90,250,-20,250,-20" /><INIT seed="1,0,0,5,1,87" ten="210,330,230,230" oya="1" hai0="92,72,110,124,105,120,60,80,65,5,115,109,85" hai1="12,127,38,81,106,45,35,76,3,44,40,135,66" hai2="24,97,15,130,107,89,34,61,68,18,57,99,125" hai3="129,30,67,14,102,103,116,94,133,55,42,13,52"/><U78/><E3/><V100/><F125/><W79/><G116/><T122/><D124/><U6/><E127/><V53/><F130/><W32/><G79/><T132/><D105/><U108/><E35/><V95/><F68/><W58/><G129/><T0/><D115/><U25/><E106/><V121/><F121/><N who="0" m="46698" /><D72/><U8/><E135/><V50/><F50/><W123/><G123/><T39/><D92/><U59/><E45/><V7/><F7/><W77/><G77/><T98/><D98/><U49/><E108/><N who="0" m="41577" /><D39/><U96/><E96/><V117/><F117/><W101/><G94/><T43/><D43/><U47/><E38/><V27/><REACH who="2" step="1"/><F34/><REACH who="2" ten="210,330,220,230" step="2"/><W126/><G32/><T37/><D37/><U84/><E49/><V4/><F4/><W90/><G126/><T62/><D132/><U71/><E6/><V93/><F93/><W88/><G133/><T112/><D112/><U54/><E71/><V114/><F114/><W82/><G82/><T56/><D5/><U74/><E81/><V11/><AGARI ba="0,1" hai="11,15,18,24,27,53,57,61,89,95,97,99,100,107" machi="11" ten="20,8000,1" yaku="1,1,0,1,7,1,52,1,53,1" doraHai="87" doraHaiUra="9" who="2" fromWho="2" sc="210,-20,330,-40,220,90,230,-20" /><INIT seed="2,0,0,0,0,78" ten="190,290,310,210" oya="2" hai0="46,79,10,60,77,75,16,87,42,117,129,85,91" hai1="66,50,6,107,101,114,81,76,90,39,29,17,59" hai2="105,89,4,127,68,22,125,96,56,67,36,74,130" hai3="54,12,30,21,103,24,104,2,52,49,98,37,93"/><V110/><F36/><W120/><G37/><T40/><D129/><U119/><E119/><V118/><F118/><W72/><G2/><T133/><D117/><U9/><E39/><V113/><F113/><W124/><G72/><T53/><D75/><U80/><E29/><V132/><F130/><W45/><G120/><T20/><D10/><U48/><E114/><V62/><F132/><W97/><G124/><N who="2" m="47689" /><F110/><W34/><G12/><T134/><D134/><U61/><E17/><V14/><F74/><W123/><G123/><T112/><D112/><U13/><E101/><N who="2" m="62631" /><F89/><W25/><G25/><T27/><D133/><U95/><E107/><V51/><F51/><N who="1" m="19497" /><E76/><N who="0" m="29257" /><D46/><U5/><E5/><V47/><F47/><W121/><G121/><T0/><D0/><U23/><E23/><V58/><F22/><W116/><G116/><T128/><D128/><U55/><E66/><V26/><F26/><W92/><G21/><T99/><D40/><U102/><E102/><V8/><AGARI ba="0,0" hai="4,8,14,56,58,62,67,68" m="62631,47689" machi="8" ten="30,1500,0" yaku="18,1" doraHai="78" who="2" fromWho="2" sc="190,-5,290,-5,310,15,210,-5" /><INIT seed="2,1,0,4,3,107" ten="185,285,325,205" oya="2" hai0="24,128,135,111,73,60,8,84,117,92,76,40,66" hai1="98,41,104,56,32,130,129,123,17,93,90,108,87" hai2="50,119,102,58,9,62,14,46,0,99,10,28,126" hai3="64,124,132,82,19,96,77,53,131,95,65,105,120"/><V78/><F119/><W51/><G120/><T74/><D117/><U97/><E123/><V113/><F113/><W125/><G105/><T67/><D40/><U106/><E32/><V23/><F126/><W27/><G132/><T116/><D116/><U38/><E56/><V101/><F78/><W20/><G131/><N who="1" m="50186" /><E108/><V37/><F37/><W100/><G125/><T59/><D128/><U30/><E30/><V35/><F35/><W6/><G6/><T3/><D67/><U34/><E34/><V47/><F0/><W80/><G124/><T54/><D111/><U5/><E5/><V16/><F28/><W114/><G114/><T61/><D135/><U81/><E98/><V22/><F22/><W109/><G109/><T83/><D54/><U89/><E17/><V52/><F47/><AGARI ba="1,0" hai="38,41,47,81,87,89,90,93,97,104,106" m="50186" machi="47" ten="30,1000,0" yaku="19,1" doraHai="107" who="1" fromWho="2" sc="185,0,285,13,325,-13,205,0" /><INIT seed="3,0,0,1,5,135" ten="185,298,312,205" oya="3" hai0="29,43,63,4,121,124,56,112,39,2,125,5,123" hai1="3,6,75,52,104,41,98,110,68,28,111,129,62" hai2="66,86,99,44,94,10,126,87,23,51,105,47,33" hai3="9,95,11,19,57,127,77,45,100,119,25,134,18"/><W61/><G119/><T118/><D29/><U8/><E75/><V15/><F33/><W30/><G134/><T65/><D118/><U55/><E129/><V38/><F105/><W93/><G77/><T120/><D112/><U14/><E41/><V96/><F38/><W1/><G45/><N who="0" m="23807" /><D2/><U92/><E104/><V31/><F66/><W27/><G1/><T89/><D89/><U49/><E28/><V32/><F32/><W21/><G18/><T103/><D103/><U130/><E130/><V60/><F60/><W109/><G109/><N who="1" m="41482" /><E49/><V107/><F31/><W69/><G69/><T122/><D122/><U13/><E68/><V114/><F51/><W36/><G36/><T81/><D81/><U78/><E78/><V58/><F107/><W24/><G9/><T67/><D67/><U83/><E83/><V132/><F10/><W79/><G79/><T91/><D91/><N who="1" m="55583" /><E62/><V53/><F132/><W17/><G61/><T37/><D37/><U48/><E55/><V108/><F53/><W50/><G100/><T116/><D116/><U133/><E133/><V42/><F114/><W46/><G57/><AGARI ba="0,0" hai="3,6,8,13,14,48,52,57" m="55583,41482" machi="57" ten="30,2000,0" yaku="14,1,54,1" doraHai="135" who="1" fromWho="3" sc="185,0,298,20,312,0,205,-20" /><INIT seed="4,0,0,5,2,94" ten="185,318,312,185" oya="0" hai0="51,33,52,104,29,25,71,39,21,111,19,59,55" hai1="0,47,108,46,76,120,89,81,54,107,113,74,2" hai2="58,80,121,85,31,99,53,1,27,100,105,131,56" hai3="127,116,78,22,16,4,101,48,115,8,117,7,110"/><T26/><D71/><U134/><E108/><V69/><F121/><W133/><G110/><T88/><D111/><U65/><E107/><V66/><F1/><W62/><G115/><T64/><D39/><U112/><E65/><V86/><F131/><W67/><G4/><T28/><D64/><U43/><E120/><V82/><F82/><W11/><G11/><T44/><D104/><U109/><E109/><V50/><F58/><W91/><G48/><T40/><D29/><U41/><E89/><V13/><F13/><W14/><G78/><T84/><D59/><U17/><E17/><V61/><F80/><AGARI ba="0,0" hai="19,21,25,26,28,33,40,44,51,52,55,80,84,88" machi="80" ten="30,5800,0" yaku="7,1,54,2" doraHai="94" who="0" fromWho="2" sc="185,58,318,0,312,-58,185,0" /><INIT seed="4,1,0,0,5,27" ten="243,318,254,185" oya="0" hai0="29,109,107,36,132,43,12,28,44,79,63,0,35" hai1="92,98,23,70,73,64,80,2,66,114,32,34,42" hai2="74,82,56,9,103,69,120,105,130,40,61,14,77" hai3="57,78,60,83,90,117,108,96,97,50,110,128,89"/><T86/><D107/><U88/><E2/><V121/><F130/><W87/><G50/><T7/><D0/><U75/><E114/><V54/><F69/><W21/><G128/><T45/><D35/><U16/><E42/><V122/><F40/><W11/><G11/><N who="0" m="4223" /><D45/><U100/><E34/><V3/><F3/><W124/><G117/><T111/><D132/><U102/><E32/><V112/><F112/><W116/><G116/><T13/><D13/><N who="1" m="9615" /><E75/><V26/><F26/><W123/><G123/><T55/><D63/><U131/><E73/><V25/><F25/><W72/><G60/><T1/><D1/><U133/><E70/><V41/><F41/><W8/><G8/><T71/><D71/><U134/><E131/><V118/><F118/><W47/><G47/><T126/><D126/><U51/><E51/><V113/><F113/><W15/><G124/><T5/><D5/><U125/><E125/><V135/><F135/><N who="1" m="51721" /><E80/><V101/><REACH who="2" step="1"/><F105/><REACH who="2" ten="243,318,244,185" step="2"/><W30/><G110/><N who="0" m="41995" /><D55/><U20/><E64/><V91/><F91/><W18/><G108/><T31/><D79/><U52/><E66/><V99/><F99/><W48/><G96/><T65/><D65/><U59/><E52/><V76/><F76/><W106/><G106/><T85/><AGARI ba="1,1" hai="28,29,31,36,43,44,85,86" m="41995,4223" machi="85" ten="40,12000,1" yaku="10,1,52,3" doraHai="27" who="0" fromWho="0" sc="243,133,318,-41,244,-41,185,-41" /><INIT seed="4,2,0,0,0,28" ten="376,277,203,144" oya="0" hai0="62,38,40,71,56,120,17,20,104,7,34,80,4" hai1="106,91,74,43,84,89,58,57,123,109,2,135,132" hai2="39,75,24,129,112,97,131,65,41,48,73,63,118" hai3="64,13,36,30,47,90,119,51,121,53,10,45,78"/><T42/><D120/><U113/><E123/><V15/><F118/><W134/><G119/><T29/><D71/><U26/><E74/><V70/><F112/><W94/><G121/><T59/><D104/><U125/><E106/><V19/><F97/><W35/><G134/><T14/><D59/><N who="1" m="22539" /><E2/><V18/><F48/><W98/><G78/><T8/><D38/><U82/><E109/><V77/><F24/><W21/><G64/><T102/><D102/><U37/><E37/><V126/><F126/><W76/><G76/><T101/><D101/><U103/><E103/><V33/><F33/><W12/><G36/><T88/><D34/><U108/><E43/><N who="0" m="16425" /><D29/><U105/><E105/><V1/><F1/><W128/><G35/><T111/><D8/><U96/><E108/><V67/><F67/><W100/><G100/><T85/><D111/><U116/><E116/><V16/><F75/><W99/><G45/><T81/><D81/><U86/><E125/><V110/><F110/><W122/><G122/><T9/><D9/><U44/><E113/><V61/><F39/><W23/><G30/><T27/><D14/><U60/><E44/><V46/><F15/><W72/><G13/><T49/><D49/><U52/><E26/><V124/><F124/><W5/><G72/><T87/><D87/><U31/><E96/><V32/><F32/><W25/><G99/><T114/><D114/><U95/><E31/><V22/><F63/><W68/><G68/><T107/><D107/><U115/><E115/><V92/><F73/><W0/><G0/><T50/><D62/><U127/><E127/><RYUUKYOKU ba="2,0" sc="376,15,277,15,203,-15,144,-15" hai0="4,7,17,20,27,50,56,80,85,88" hai1="52,60,82,84,86,89,91,95,132,135" /><INIT seed="4,3,0,3,1,74" ten="391,292,188,129" oya="0" hai0="121,20,92,64,63,47,75,125,8,112,77,17,89" hai1="66,50,102,71,62,16,96,120,119,11,45,97,109" hai2="106,118,91,67,5,129,21,0,85,22,19,58,43" hai3="51,12,133,130,111,107,59,117,104,84,57,98,54"/><T55/><D121/><U69/><E109/><V6/><F106/><W68/><G117/><T9/><D112/><U32/><E32/><V48/><F118/><W38/><G68/><T123/><D123/><U95/><E119/><V79/><F129/><W100/><G38/><T132/><D132/><U80/><E120/><V1/><F1/><W86/><G133/><T88/><D125/><U15/><E80/><N who="2" m="47263" /><F0/><W82/><G130/><T26/><D89/><U126/><E126/><V94/><F67/><W37/><G37/><T36/><D36/><U53/><REACH who="1" step="1"/><E97/><REACH who="1" ten="391,282,188,129" step="2"/><N who="2" m="57567" /><F22/><W44/><G111/><T2/><D20/><U73/><E73/><V103/><F103/><W34/><G34/><T72/><D75/><U115/><E115/><V40/><F6/><W90/><G107/><T18/><D72/><U81/><E81/><V114/><F5/><W110/><G110/><T10/><D10/><U27/><E27/><N who="2" m="14783" /><F114/><W131/><G131/><T93/><D9/><U124/><E124/><V78/><F78/><W3/><G3/><T25/><D8/><U14/><E14/><V60/><F48/><W83/><REACH who="3" step="1"/><G12/><REACH who="3" ten="391,282,188,119" step="2"/><T127/><D2/><U31/><E31/><V41/><F60/><W4/><G4/><T29/><D29/><U61/><E61/><V128/><F128/><W13/><G13/><T87/><D127/><U33/><E33/><V135/><F135/><W70/><G70/><AGARI ba="3,2" hai="11,15,16,45,50,53,62,66,69,70,71,95,96,102" machi="70" ten="30,7700,0" yaku="1,1,7,1,54,1,53,1" doraHai="74" doraHaiUra="42" who="1" fromWho="3" sc="391,0,282,106,188,0,119,-86" /><INIT seed="5,0,0,4,3,32" ten="391,388,188,33" oya="1" hai0="28,48,87,68,88,63,129,7,52,123,122,51,131" hai1="3,40,62,118,83,133,90,20,106,116,50,119,98" hai2="69,11,54,30,103,47,110,19,9,60,70,128,85" hai3="95,105,117,65,94,127,38,2,114,115,39,81,111"/><U16/><E3/><V97/><F110/><W36/><G2/><T58/><D7/><U49/><E133/><V91/><F128/><N who="0" m="49226" /><D28/><U73/><E62/><V100/><F30/><W92/><G105/><T61/><D48/><U78/><E40/><V76/><F76/><W72/><G117/><T0/><D0/><U121/><E121/><N who="0" m="46089" /><D68/><U108/><E108/><V79/><F79/><W21/><G111/><T66/><D66/><U113/><E113/><V5/><F19/><W22/><G65/><T26/><D26/><U44/><E44/><V46/><F11/><W42/><G42/><T99/><D99/><U71/><E71/><V125/><F97/><W24/><G127/><T8/><D8/><U102/><REACH who="1" step="1"/><E90/><REACH who="1" ten="391,378,188,33" step="2"/><V126/><F70/><W27/><G115/><T6/><D6/><U56/><E56/><N who="2" m="34839" /><F69/><W86/><G114/><T45/><D45/><U37/><E37/><V104/><F47/><W107/><G39/><T25/><D25/><AGARI ba="0,1" hai="16,20,25,49,50,73,78,83,98,102,106,116,118,119" machi="25" ten="40,3900,0" yaku="1,1,54,1,53,0" doraHai="32" doraHaiUra="120" who="1" fromWho="0" sc="391,-39,378,49,188,0,33,0" /><INIT seed="5,1,0,1,1,41" ten="352,427,188,33" oya="1" hai0="57,91,18,46,97,126,69,95,124,112,28,100,127" hai1="0,85,31,8,113,70,38,50,93,133,10,40,84" hai2="24,3,99,101,32,117,23,39,26,12,107,108,64" hai3="86,77,34,48,9,89,72,17,74,90,51,30,42"/><U43/><E38/><V96/><F117/><W82/><G30/><T111/><D111/><U131/><E70/><V15/><F108/><W47/><G34/><T52/><D69/><U71/><E71/><V94/><F3/><W102/><G102/><T129/><D28/><U22/><E113/><V79/><F39/><W134/><G134/><T110/><D110/><U105/><E105/><V35/><F79/><W121/><G121/><T55/><D112/><U4/><E10/><V44/><F64/><W65/><G65/><T60/><D129/><U7/><E4/><V106/><F94/><W120/><G120/><T20/><D100/><U49/><E43/><V76/><F76/><W114/><G114/><T2/><D2/><U135/><E131/><V103/><F23/><W88/><G9/><T6/><D6/><U61/><E93/><V21/><F21/><W45/><REACH who="3" step="1"/><G17/><REACH who="3" ten="352,427,188,23" step="2"/><T54/><REACH who="0" step="1"/><D46/><AGARI ba="1,1" hai="12,15,24,26,32,35,44,46,96,99,101,103,106,107" machi="46" ten="25,6400,0" yaku="22,2,52,2" doraHai="41" who="2" fromWho="0" sc="352,-67,427,0,188,77,23,0" /><INIT seed="6,0,0,4,2,46" ten="285,427,265,23" oya="2" hai0="72,71,64,132,35,97,89,28,74,2,94,31,48" hai1="42,123,24,53,49,131,101,38,119,37,54,1,91" hai2="98,19,30,115,83,14,44,33,128,29,122,58,109" hai3="81,65,21,120,78,103,102,93,79,39,12,23,22"/><V17/><F122/><W117/><G39/><T134/><D2/><U127/><E1/><V5/><F109/><W7/><G120/><T16/><D71/><U126/><E101/><V3/><F3/><W110/><G117/><T88/><D64/><U108/><E123/><V80/><F128/><W113/><G110/><T47/><D89/><U69/><E69/><V26/><F115/><W36/><G36/><T10/><D72/><U32/><E24/><V34/><F98/><W40/><G40/><N who="0" m="24679" /><D74/><U121/><E42/><V4/><F44/><W116/><G113/><T43/><D43/><U52/><E54/><V86/><F58/><W67/><G116/><T92/><D92/><U6/><E53/><V75/><F75/><W9/><G93/><T77/><D77/><U129/><E108/><V106/><F106/><W57/><G57/><T45/><D45/><U15/><E38/><V114/><F114/><W82/><G103/><T105/><D105/><U11/><E119/><V124/><F86/><W84/><G102/><T8/><D35/><U96/><E32/><V68/><F68/><W99/><G99/><T95/><D95/><N who="1" m="56447" /><E121/><V70/><F70/><W41/><G41/><T130/><D130/><N who="1" m="49675" /><E37/><V27/><REACH who="2" step="1"/><F14/><REACH who="2" ten="285,427,255,23" step="2"/><W76/><REACH who="3" step="1"/><G84/><REACH who="3" ten="285,427,255,13" step="2"/><T125/><D97/><U0/><E0/><V107/><F107/><W62/><G62/><T18/><D94/><U50/><E15/><V56/><F56/><W25/><G25/><T112/><D112/><U63/><E63/><V118/><F118/><W61/><G61/><T100/><D100/><U111/><E111/><V85/><F85/><RYUUKYOKU ba="0,2" sc="285,-15,427,-15,255,15,13,15" hai2="4,5,17,19,26,27,29,30,33,34,80,83,124" hai3="7,9,12,21,22,23,65,67,76,78,79,81,82" /><INIT seed="6,1,2,4,1,38" ten="270,412,270,28" oya="2" hai0="26,84,80,40,7,74,15,1,53,110,12,79,37" hai1="51,24,91,4,68,28,82,23,116,25,50,41,16" hai2="72,69,75,124,8,83,3,65,97,98,45,122,119" hai3="102,35,56,85,2,131,22,17,106,14,130,111,123"/><V114/><F122/><W52/><G123/><T105/><D105/><U20/><E68/><V47/><F119/><W33/><G111/><T34/><D110/><U118/><E4/><V73/><F83/><W29/><G2/><T61/><D84/><N who="1" m="50583" /><E118/><V78/><F78/><W18/><G85/><T133/><D133/><U31/><E116/><V71/><F65/><W127/><G127/><T46/><D53/><U134/><E134/><V100/><F124/><W9/><G102/><T63/><D15/><U120/><E120/><V43/><F114/><W121/><G106/><T13/><D13/><U67/><E67/><V128/><F128/><N who="3" m="49195" /><G121/><T92/><D12/><N who="1" m="9223" /><E41/><V11/><F3/><W10/><G29/><N who="1" m="11338" /><E25/><V64/><F64/><W95/><G35/><T48/><D26/><U87/><E87/><V117/><F117/><W129/><G33/><T90/><D34/><U70/><E70/><N who="2" m="26635" /><F43/><W21/><G10/><N who="2" m="3625" /><F100/><W77/><G9/><T32/><D32/><U94/><E94/><V6/><F6/><W109/><G95/><T93/><D7/><U55/><E55/><V89/><F89/><W112/><G109/><T44/><D1/><U88/><E88/><V0/><F0/><W86/><G112/><T49/><D90/><U125/><E125/><V60/><F60/><N who="0" m="23114" /><D37/><U59/><E59/><V54/><F54/><W132/><G132/><T115/><D115/><U58/><E58/><V42/><F42/><W107/><G129/><T101/><D101/><U103/><E103/><V135/><F135/><W66/><G56/><T62/><D62/><U30/><AGARI ba="1,2" hai="23,24,30,50,51" m="11338,9223,50583" machi="30" ten="30,2000,0" yaku="8,1,54,1" doraHai="38" who="1" fromWho="1" sc="270,-6,412,43,270,-11,28,-6" /><INIT seed="7,0,0,3,0,84" ten="264,455,259,22" oya="3" hai0="90,132,92,11,22,96,87,43,104,55,5,89,118" hai1="119,74,63,27,28,129,26,3,114,67,10,57,52" hai2="113,51,94,62,9,56,64,31,76,134,49,117,4" hai3="121,88,21,20,105,98,106,111,107,78,32,95,72"/><W100/><G121/><T8/><D118/><U73/><E114/><V112/><F117/><W19/><G32/><T126/><D126/><U45/><E27/><V18/><F134/><W38/><G111/><T97/><D132/><U59/><E45/><V116/><F116/><W47/><G21/><T6/><D104/><U36/><E36/><V83/><F31/><W34/><G34/><T16/><D43/><U125/><E129/><V127/><F18/><W12/><G38/><T46/><D55/><U86/><E86/><N who="2" m="48487" /><F127/><W70/><G70/><T131/><D46/><U42/><E42/><V108/><F108/><W53/><G47/><T39/><D39/><U1/><E125/><V79/><F79/><W61/><G53/><T91/><D131/><U40/><E40/><V13/><F94/><W44/><G61/><T77/><D97/><U80/><E80/><V115/><AGARI ba="0,0" hai="4,9,13,49,51,56,62,64,112,113,115" m="48487" machi="115" ten="30,1100,0" yaku="15,1" doraHai="84" who="2" fromWho="2" sc="264,-3,455,-3,259,11,22,-5" owari="261,-14.0,452,55.0,270,7.0,17,-48.0" /></mjloggm>