<mjloggm ver="2.3"><GO type="41" lobby="0"/><UN n0="%E5%B0%B1%E6%B4%BB%E7%94%9F%40%E5%B7%9D%E6%9D%91%E8%BB%8D%E5%9B%A3" n1="%E4%BC%8A%E5%BA%AD%E5%85%AB%E9%83%8E" n2="%E4%B8%80%E9%96%83%E3%81%95%E3%82%93" n3="%E9%AD%94%E6%B3%95%E7%84%BC%E9%B3%A5" dan="15,13,15,14" rate="2036.09,1848.63,1992.15,1935.02" sx="M,M,M,F"/><TAIKYOKU oya="0"/><INIT seed="0,0,0,2,1,44" ten="250,250,250,250" oya="0" hai0="134,100,96,60,85,8,107,92,87,120,122,112,118" hai1="0,101,42,40,11,45,67,37,13,63,28,57,135" hai2="52,68,115,34,47,93,117,123,20,56,33,7,5" hai3="83,29,129,77,23,88,71,121,64,65,128,119,46"/><T95/><D118/><U111/><E40/><V31/><F123/><W86/><G119/><T58/><D112/><U69/><E0/><V19/><F115/><W43/><G121/><T61/><D134/><U62/><E135/><V38/><F68/><W114/><G114/><T113/><D113/><U25/><E101/><V81/><F117/><W4/><G4/><T18/><D107/><U98/><E98/><V1/><F81/><W14/><G77/><T89/><D60/><U16/><E111/><V12/><F93/><W97/><G97/><T78/><D78/><U55/><E25/><V94/><F94/><W70/><G70/><T10/><D87/><U17/><E28/><V6/><F1/><W3/><G3/><T108/><D108/><U21/><E21/><V36/><F47/><W41/><G41/><T80/><D95/><U116/><E116/><V127/><F127/><W66/><G71/><T84/><D84/><U130/><E130/><N who="3" m="50282" /><G29/><T32/><D32/><U102/><E102/><V79/><F79/><W35/><G35/><T91/><D122/><U99/><E99/><V104/><F104/><W48/><G23/><T15/><D120/><U9/><E11/><V105/><F105/><W133/><G133/><T110/><D110/><U131/><E131/><V75/><F75/><W54/><G43/><T74/><D74/><U106/><E106/><V2/><F2/><W27/><G27/><T59/><D100/><U76/><E76/><V24/><REACH who="2" step="1"/><F34/><REACH who="2" ten="250,250,240,250" step="2"/><W26/><G26/><T30/><D80/><U125/><E125/><V50/><AGARI ba="0,1" hai="5,6,7,12,19,20,24,31,33,36,38,50,52,56" machi="50" ten="30,8000,1" yaku="1,1,2,1,0,1,52,1,54,1,53,0" doraHai="44" doraHaiUra="124" who="2" fromWho="2" sc="250,-40,250,-20,240,90,250,-20" /><INIT seed="1,0,0,4,2,121" ten="210,230,330,230" oya="1" hai0="84,119,58,0,78,41,132,106,31,111,69,76,97" hai1="67,105,90,103,22,23,129,35,77,115,128,11,26" hai2="13,52,108,50,34,87,88,107,82,55,20,16,96" hai3="28,130,104,75,9,127,116,54,4,117,73,29,21"/><U53/><E115/><V59/><F108/><W100/><G127/><T122/><D69/><U14/><E77/><V68/><F34/><W37/><G37/><T27/><D119/><N who="3" m="45641" /><G130/><N who="1" m="50282" /><E67/><V19/><F68/><W92/><G104/><T42/><D0/><U39/><E39/><V133/><F133/><W30/><G21/><T134/><D111/><U17/><E22/><V125/><F125/><W64/><G64/><T124/><D124/><U83/><E35/><V71/><F71/><W89/><G100/><T112/><D112/><U93/><E103/><V40/><F40/><W45/><G45/><T70/><D70/><U120/><E105/><V8/><F107/><W10/><G54/><T79/><D122/><U24/><E120/><V135/><F135/><N who="0" m="51754" /><D58/><U131/><N who="1" m="50290" /><U94/><DORA hai="36" /><E53/><N who="2" m="32183" /><F96/><N who="3" m="57359" /><G9/><T66/><D66/><U114/><E114/><V38/><F38/><W47/><G47/><T126/><D126/><U3/><E3/><AGARI ba="0,0" hai="3,4,10,28,29,30,73,75" m="57359,45641" machi="3" ten="30,1000,0" yaku="12,1" doraHai="121,36" who="3" fromWho="1" sc="210,0,230,-10,330,0,230,10" /><INIT seed="2,0,0,4,4,30" ten="210,220,330,240" oya="2" hai0="60,125,22,96,79,128,114,8,74,89,134,11,33" hai1="58,19,34,112,93,13,109,83,45,120,118,64,123" hai2="95,6,115,12,32,111,124,1,40,65,78,31,62" hai3="129,97,135,81,2,39,68,21,86,103,23,133,75"/><V49/><F115/><W132/><G68/><T20/><D114/><U122/><E112/><V15/><F78/><W24/><G39/><T54/><D128/><U26/><E118/><V119/><F119/><W18/><G2/><T41/><D125/><U47/><E109/><V46/><F124/><W94/><G129/><T43/><D134/><U126/><E126/><V7/><F111/><W105/><G23/><T70/><D74/><U28/><E83/><V66/><F95/><W106/><REACH who="3" step="1"/><G75/><REACH who="3" ten="210,220,330,230" step="2"/><T99/><D70/><U27/><E27/><V80/><F1/><W90/><AGARI ba="0,1" hai="18,21,24,81,86,90,94,97,103,105,106,132,133,135" machi="90" ten="30,8000,1" yaku="1,1,2,1,0,1,20,1,53,1" doraHai="30" doraHaiUra="14" who="3" fromWho="3" sc="210,-20,220,-20,330,-40,230,90" /><INIT seed="3,0,0,4,1,82" ten="190,200,290,320" oya="3" hai0="58,54,120,81,46,28,93,44,83,116,51,60,121" hai1="9,0,5,57,132,22,41,49,2,36,63,106,10" hai2="48,75,85,126,73,105,61,18,87,103,122,29,14" hai3="115,102,35,76,86,33,56,92,111,45,15,32,134"/><W3/><G115/><T17/><D116/><U78/><E106/><V68/><F29/><W53/><G3/><T64/><D121/><U95/><E36/><V39/><F39/><W101/><G134/><T38/><D120/><U96/><E132/><V74/><F122/><W34/><G45/><T47/><D28/><U97/><E41/><V77/><F126/><W21/><G21/><T119/><D119/><U71/><E71/><V125/><F125/><W89/><G15/><T130/><D130/><U8/><E49/><V99/><F77/><W37/><G37/><T4/><D4/><U114/><E114/><V107/><F107/><W69/><G69/><T100/><D17/><U31/><E0/><V129/><F129/><W133/><G133/><T27/><D27/><U1/><E1/><V128/><F48/><W66/><G66/><T109/><D109/><U13/><E78/><V104/><F104/><W84/><N who="3" m="8704" /><DORA hai="70" /><W40/><G40/><T62/><D38/><U12/><E2/><V43/><F43/><W67/><G67/><T90/><D100/><U117/><E117/><V24/><F24/><W113/><G113/><T23/><D23/><U52/><E96/><V72/><F72/><W110/><G76/><T6/><D6/><U118/><E118/><V7/><F7/><W94/><G94/><T127/><D127/><U25/><REACH who="1" step="1"/><E12/><REACH who="1" ten="190,190,290,320" step="2"/><V131/><F131/><W26/><G111/><T108/><D108/><U80/><E80/><N who="0" m="30793" /><D64/><U88/><AGARI ba="0,1" hai="5,8,9,10,13,22,25,31,52,57,63,88,95,97" machi="88" ten="20,12000,2" yaku="1,1,0,1,7,1,8,1,54,2,53,1" doraHai="82,70" doraHaiUra="112,19" who="1" fromWho="1" sc="190,-30,190,130,290,-30,320,-60" /><INIT seed="4,0,0,1,1,5" ten="160,320,260,260" oya="0" hai0="7,108,24,45,12,62,106,60,76,11,116,117,41" hai1="53,27,92,3,112,95,31,44,98,42,130,15,80" hai2="16,135,125,126,104,36,49,120,18,63,94,19,66" hai3="32,2,55,54,128,90,50,22,129,78,52,75,131"/><T85/><D106/><U39/><E3/><V72/><F36/><W89/><G32/><T65/><D108/><U51/><E130/><N who="3" m="33282" /><W26/><DORA hai="82" /><G2/><T61/><D24/><U77/><E112/><V0/><F0/><W4/><G4/><T58/><D117/><U69/><E69/><V127/><F104/><W71/><G71/><T67/><D116/><U111/><E111/><V43/><F72/><W33/><G33/><T100/><D100/><U28/><E15/><V93/><F120/><W17/><G50/><N who="0" m="26927" /><D65/><U21/><E31/><V124/><N who="2" m="31744" /><DORA hai="68" /><V84/><F135/><W121/><G121/><T97/><D97/><U132/><E132/><V57/><F84/><W38/><G38/><T37/><D37/><U110/><E98/><V8/><F8/><W40/><G40/><T14/><D14/><U87/><E110/><V105/><F105/><W96/><G96/><T1/><D1/><U9/><E9/><V73/><F73/><W91/><G75/><T74/><D74/><U70/><E70/><V109/><F109/><W34/><G34/><T81/><AGARI ba="0,0" hai="7,11,12,58,60,61,62,67,76,81,85" m="26927" machi="81" ten="30,11700,0" yaku="25,1,8,1,52,2" doraHai="5,82,68" who="0" fromWho="0" sc="160,117,320,-39,260,-39,260,-39" /><INIT seed="4,1,0,0,2,117" ten="277,281,221,221" oya="0" hai0="108,50,34,79,28,102,134,2,98,15,40,1,51" hai1="119,76,3,21,113,9,55,118,77,0,67,103,120" hai2="65,52,32,78,83,69,10,124,6,84,35,57,22" hai3="14,58,87,135,110,126,111,31,64,115,11,93,106"/><T109/><D79/><U30/><E103/><V44/><F124/><W18/><G126/><T92/><D134/><U127/><E127/><V114/><F114/><W63/><G135/><T48/><D40/><U66/><E113/><V122/><F44/><W104/><G115/><T75/><D75/><U36/><E36/><V128/><F128/><W54/><G31/><T45/><D45/><U70/><E30/><V12/><F122/><W23/><G111/><T43/><D43/><U25/><E25/><V88/><F22/><W80/><G110/><N who="0" m="42603" /><D15/><U5/><E21/><V89/><F69/><W96/><G96/><T56/><D56/><U71/><E55/><V39/><F65/><W105/><G93/><T90/><D28/><U94/><E94/><V47/><F47/><W29/><G29/><T130/><D130/><U17/><E17/><V125/><F39/><W19/><G64/><T13/><D13/><U86/><E9/><V68/><F68/><W60/><G60/><T131/><D131/><U27/><E27/><V72/><F125/><W59/><G59/><T81/><D34/><U74/><E74/><V132/><F132/><W26/><REACH who="3" step="1"/><G106/><REACH who="3" ten="277,281,221,211" step="2"/><N who="0" m="63831" /><D81/><U116/><E116/><V16/><F35/><W42/><G42/><T33/><D33/><U91/><E119/><V38/><F32/><W62/><G62/><T99/><AGARI ba="1,1" hai="1,2,48,50,51,90,92,99" m="63831,42603" machi="99" ten="30,1500,0" yaku="10,1" doraHai="117" who="0" fromWho="0" sc="277,28,281,-6,221,-6,211,-6" /><INIT seed="4,2,0,1,0,24" ten="305,275,215,205" oya="0" hai0="104,100,90,48,76,64,135,72,34,58,83,108,8" hai1="69,32,17,122,116,51,61,134,128,80,27,30,4" hai2="23,79,92,0,29,75,85,102,88,65,37,38,40" hai3="14,63,114,55,57,36,120,73,125,87,11,109,5"/><T31/><D108/><U101/><E116/><V20/><F0/><W82/><G109/><T26/><D135/><U60/><E134/><V10/><F10/><W52/><G36/><T126/><D126/><U6/><E122/><V86/><F65/><W56/><G125/><T59/><D90/><U111/><E111/><V97/><F85/><W33/><G120/><T71/><D48/><U123/><E123/><V103/><F40/><W41/><G73/><T12/><D100/><U9/><E101/><V28/><F103/><W117/><G117/><T107/><D71/><U131/><E69/><V119/><F119/><W42/><G114/><T67/><D59/><U91/><E17/><V98/><F98/><W16/><G33/><T35/><D35/><U3/><E6/><V121/><F121/><W95/><G95/><T13/><D13/><U15/><E3/><V62/><F62/><N who="3" m="36103" /><G5/><T1/><D1/><U39/><E39/><N who="2" m="14859" /><F23/><W110/><G110/><T66/><REACH who="0" step="1"/><D58/><REACH who="0" ten="295,275,215,205" step="2"/><U18/><E51/><V53/><F53/><W106/><G106/><T99/><D99/><U2/><E2/><V74/><F102/><W45/><G45/><T84/><D84/><U130/><E32/><V22/><F97/><W89/><AGARI ba="2,1" hai="11,14,16,41,42,55,57,63,82,87,89" m="36103" machi="89" ten="30,4000,0" yaku="8,1,54,2" doraHai="24" who="3" fromWho="3" sc="295,-22,275,-12,215,-12,205,56" /><INIT seed="5,0,0,3,3,68" ten="273,263,203,261" oya="1" hai0="116,12,105,39,28,84,55,129,103,60,87,124,14" hai1="83,29,35,57,69,126,53,52,119,85,121,46,71" hai2="3,82,38,32,11,43,102,63,37,98,135,93,66" hai3="70,92,36,72,51,96,40,127,114,65,101,112,7"/><U27/><E121/><V122/><F122/><W13/><G72/><T132/><D116/><U88/><E119/><V118/><F118/><W16/><G7/><T75/><D75/><U133/><E133/><V95/><F32/><W81/><G81/><T76/><D28/><U22/><E126/><V94/><F135/><W5/><G5/><T89/><D76/><U77/><E35/><V49/><F82/><W86/><G86/><T15/><D87/><U80/><E46/><V108/><F108/><W104/><G127/><T99/><D132/><U113/><E113/><N who="3" m="43626" /><G51/><T19/><D129/><U54/><REACH who="1" step="1"/><E57/><REACH who="1" ten="273,253,203,261" step="2"/><V78/><F43/><W33/><G33/><T47/><D124/><U74/><AGARI ba="0,1" hai="22,27,29,52,53,54,69,71,74,77,80,83,85,88" machi="74" ten="30,12000,1" yaku="1,1,2,1,0,1,54,2,53,0" doraHai="68" doraHaiUra="0" who="1" fromWho="1" sc="273,-40,253,130,203,-40,261,-40" /><INIT seed="5,1,0,1,2,43" ten="233,383,163,221" oya="1" hai0="59,58,54,6,35,38,132,23,21,74,108,2,82" hai1="15,7,48,39,8,49,97,122,19,130,107,83,63" hai2="92,125,105,120,104,24,28,57,126,65,40,34,12" hai3="96,9,14,70,16,121,77,41,61,66,128,100,109"/><U60/><E122/><V64/><F120/><W31/><G121/><T3/><D108/><U129/><E39/><V25/><F40/><W4/><G128/><N who="1" m="49258" /><E107/><V90/><F12/><W42/><G109/><T30/><D38/><U131/><E131/><V87/><F25/><W5/><G31/><T106/><D106/><U102/><E102/><V81/><F57/><W133/><G133/><T45/><D132/><U13/><E97/><V113/><F113/><W123/><G123/><T85/><D74/><U62/><E83/><V117/><F117/><W26/><G77/><T56/><D35/><U20/><AGARI ba="1,0" hai="7,8,13,15,19,20,48,49,60,62,63" m="49258" machi="20" ten="30,1500,0" yaku="19,1" doraHai="43" who="1" fromWho="1" sc="233,-6,383,18,163,-6,221,-6" /><INIT seed="5,2,0,4,5,31" ten="227,401,157,215" oya="1" hai0="114,132,135,78,46,119,47,117,113,91,22,66,18" hai1="100,55,116,19,64,37,63,34,127,87,95,121,30" hai2="90,21,35,112,115,79,11,39,27,41,51,101,17" hai3="107,45,81,106,108,25,89,72,49,109,74,111,29"/><U57/><E121/><V62/><F39/><W96/><G106/><T38/><D78/><U20/><E116/><N who="0" m="44617" /><D91/><U98/><E37/><V71/><F79/><W5/><G5/><T58/><D18/><U128/><E128/><V97/><F90/><W131/><G131/><T80/><D80/><U10/><E127/><V104/><F11/><W53/><G107/><T93/><D22/><U60/><E87/><V56/><F41/><W50/><G50/><T86/><D93/><U65/><E10/><V14/><F51/><W110/><N who="3" m="28160" /><DORA hai="129" /><W67/><G67/><T85/><D38/><U16/><E34/><V105/><F105/><W77/><G96/><T43/><D86/><U23/><E30/><V33/><F71/><W118/><G118/><T122/><D85/><U24/><E63/><V61/><F61/><W28/><G89/><T76/><D76/><U52/><E55/><N who="2" m="34079" /><F14/><AGARI ba="2,0" hai="14,16,19,20,23,24,52,57,60,64,65,95,98,100" machi="14" ten="30,11600,0" yaku="7,1,8,1,54,2" doraHai="31,129" who="1" fromWho="2" sc="227,0,401,122,157,-122,215,0" /><INIT seed="5,3,0,2,4,38" ten="227,523,35,215" oya="1" hai0="23,8,106,48,35,69,83,57,18,50,101,114,49" hai1="95,103,14,62,99,81,26,97,70,9,121,75,6" hai2="25,31,36,90,33,77,65,79,135,122,64,115,98" hai3="131,104,112,0,92,59,105,111,58,88,51,4,93"/><U15/><E121/><V16/><F122/><W109/><G112/><T37/><D35/><U2/><E75/><V61/><F36/><W19/><G131/><T7/><D69/><U44/><E81/><V66/><F135/><W74/><G74/><T55/><D114/><U40/><E70/><V107/><F115/><W67/><G67/><T24/><D37/><U85/><E62/><V127/><F127/><W78/><G78/><T102/><D83/><U110/><E85/><V128/><F128/><W123/><G123/><T80/><D80/><U96/><E110/><V84/><F61/><W32/><G32/><T3/><D106/><U82/><E82/><V134/><F134/><W34/><G34/><T52/><REACH who="0" step="1"/><D50/><REACH who="0" ten="217,523,35,215" step="2"/><U13/><E95/><V39/><F39/><W42/><G51/><T126/><D126/><U11/><E11/><V91/><F107/><W1/><G111/><T86/><D86/><U129/><E9/><V124/><F124/><W73/><G109/><T43/><D43/><U108/><E40/><V94/><F84/><W72/><G42/><T17/><D17/><U130/><E108/><V22/><REACH who="2" step="1"/><F91/><REACH who="2" ten="217,523,25,215" step="2"/><W12/><G88/><T20/><D20/><U29/><E130/><V47/><F47/><AGARI ba="3,2" hai="3,7,8,18,23,24,47,48,49,52,55,57,101,102" machi="47" ten="30,3900,0" yaku="1,1,7,1,54,1,53,0" doraHai="38" doraHaiUra="76" who="0" fromWho="2" sc="217,68,523,0,25,-48,215,0" owari="285,9.0,523,61.0,-23,-52.0,215,-18.0" /></mjloggm>