<mjloggm ver="2.3"><GO type="41" lobby="0"/><UN n0="%E5%A4%A9%E9%BC%93" n1="%E3%81%82%E3%81%84%E3%82%8B%E3%83%BC" n2="%E5%B0%B1%E6%B4%BB%E7%94%9F%40%E5%B7%9D%E6%9D%91%E8%BB%8D%E5%9B%A3" n3="%E3%81%BA%E3%83%BC" dan="19,14,15,15" rate="2189.13,1841.38,2041.86,1975.86" sx="M,M,M,M"/><TAIKYOKU oya="0"/><INIT seed="0,0,0,1,1,22" ten="250,250,250,250" oya="0" hai0="132,52,83,88,44,113,107,30,26,61,75,110,15" hai1="111,92,117,10,64,82,28,73,81,66,76,49,38" hai2="103,59,51,18,118,42,48,121,31,32,13,79,124" hai3="127,27,85,87,56,47,67,4,11,129,105,1,93"/><T8/><D107/><U99/><E111/><V0/><F121/><W84/><G105/><T108/><D113/><U123/><E38/><V128/><F0/><W29/><G127/><T112/><D112/><U114/><E117/><V134/><F118/><W34/><G129/><T53/><D132/><U77/><E123/><V36/><F128/><W23/><G47/><T45/><D45/><U20/><E49/><V101/><F124/><W135/><G135/><T17/><D75/><U90/><E10/><V131/><F79/><W14/><G93/><T9/><D9/><U37/><E37/><V6/><F6/><W106/><G106/><T80/><D61/><U120/><E120/><V70/><F70/><W74/><G74/><T100/><D100/><U16/><E28/><V86/><F103/><W62/><G87/><N who="0" m="50279" /><D83/><U55/><E55/><V25/><F101/><W68/><G68/><T24/><D53/><U7/><E7/><V40/><F131/><W115/><G115/><T50/><D30/><U119/><E119/><V12/><F36/><W102/><G102/><T91/><D91/><U19/><E114/><V116/><F116/><W130/><G130/><T43/><D43/><U126/><E126/><V72/><F72/><W35/><G35/><T54/><D54/><U46/><E46/><V125/><F125/><W89/><G89/><T58/><D58/><U71/><E71/><V122/><F134/><W133/><G133/><T69/><D69/><U41/><E41/><V97/><F122/><W96/><G96/><T33/><D33/><U109/><E73/><V5/><F97/><RYUUKYOKU ba="0,0" sc="250,15,250,-15,250,-15,250,15" hai0="8,15,17,24,26,44,50,52,108,110" hai3="1,4,11,14,23,27,29,34,56,62,67,84,85" /><INIT seed="0,1,0,4,0,2" ten="265,235,235,265" oya="0" hai0="119,64,29,100,61,52,37,38,6,87,43,21,118" hai1="55,96,24,93,86,26,101,28,114,135,112,44,129" hai2="17,53,25,88,16,92,80,77,68,132,130,20,76" hai3="102,71,120,115,117,104,74,85,97,126,82,12,31"/><T72/><D72/><U133/><E86/><V106/><F106/><W8/><G71/><T40/><D100/><U83/><E83/><V1/><F1/><W75/><G115/><N who="1" m="44074" /><E129/><V63/><F130/><W69/><G69/><N who="0" m="42127" /><D21/><N who="1" m="15375" /><E26/><V90/><F132/><W128/><G117/><N who="0" m="44555" /><D6/><U99/><E99/><N who="2" m="57735" /><F68/><W91/><G31/><T14/><D14/><U70/><E70/><V79/><F17/><W27/><G27/><T110/><D87/><U125/><E125/><V78/><N who="2" m="19968" /><DORA hai="50" /><V33/><F33/><W10/><G126/><T35/><D35/><U5/><E5/><V103/><F103/><W45/><G102/><T122/><D29/><U56/><E44/><V49/><F63/><AGARI ba="1,0" hai="55,56,63,93,96,101,133,135" m="15375,44074" machi="63" ten="30,2000,0" yaku="11,1,52,1" doraHai="2,50" who="1" fromWho="2" sc="265,0,235,23,235,-23,265,0" /><INIT seed="1,0,0,2,3,42" ten="265,258,212,265" oya="1" hai0="88,109,55,22,111,87,110,126,38,61,69,31,15" hai1="16,10,9,122,56,60,89,105,93,23,63,41,67" hai2="27,0,18,133,74,46,104,101,95,12,39,45,98" hai3="102,115,2,50,134,8,14,53,80,70,49,94,117"/><U116/><E122/><V13/><F0/><W131/><G70/><T73/><D73/><U86/><E105/><V128/><F74/><W118/><G115/><T72/><D72/><U75/><E75/><V65/><F39/><W30/><G2/><T71/><D126/><U32/><E32/><V103/><F128/><W7/><G30/><T6/><D38/><U100/><E100/><V43/><F133/><W54/><G134/><T124/><D124/><U129/><E129/><V59/><F104/><W52/><G131/><T34/><D34/><U107/><E107/><V44/><F103/><W33/><G33/><T40/><D40/><U48/><E116/><N who="3" m="44650" /><G80/><T119/><D119/><U125/><E125/><V1/><F1/><W37/><G37/><T3/><D3/><U78/><E78/><V19/><F43/><W66/><G66/><T96/><D31/><U135/><E63/><N who="2" m="38143" /><F27/><W123/><G123/><T11/><D71/><U121/><E121/><V108/><F108/><W77/><G77/><T28/><D69/><U91/><E135/><V26/><F26/><W112/><G112/><T17/><D28/><U99/><E41/><V132/><F132/><W76/><G76/><T120/><D120/><U130/><E130/><V51/><F51/><W58/><G50/><T25/><D61/><U29/><E48/><V57/><F57/><W82/><G82/><N who="0" m="49271" /><D55/><U4/><E29/><V64/><F64/><W85/><G102/><T20/><D25/><N who="1" m="14567" /><E4/><V62/><F62/><W68/><G68/><T79/><D6/><U127/><E127/><V21/><F21/><N who="0" m="8298" /><D79/><U84/><E89/><AGARI ba="0,0" hai="7,8,14,49,52,53,54,58,85,89,94" m="44650" machi="89" ten="30,3900,0" yaku="6,1,12,1,54,1" doraHai="42" who="3" fromWho="1" sc="265,0,258,-39,212,0,265,39" /><INIT seed="2,0,0,5,1,81" ten="265,219,212,304" oya="2" hai0="18,128,28,1,119,26,68,130,37,63,97,61,39" hai1="2,55,23,91,8,72,104,111,44,33,90,112,86" hai2="36,109,110,14,121,100,103,31,135,134,17,99,133" hai3="77,131,48,93,75,5,43,50,92,66,115,19,105"/><V84/><F36/><W102/><G5/><T85/><D1/><U53/><E33/><V88/><F31/><W41/><G66/><N who="0" m="41039" /><D18/><U64/><E112/><V12/><F121/><W7/><G7/><T24/><D24/><U30/><E72/><V20/><F12/><W74/><G19/><T71/><D97/><U125/><E125/><V95/><REACH who="2" step="1"/><F103/><REACH who="2" ten="265,219,202,304" step="2"/><W106/><G102/><T45/><D28/><U60/><E30/><V123/><F123/><W87/><G115/><T29/><D29/><U52/><E2/><V124/><F124/><W78/><REACH who="3" step="1"/><G131/><REACH who="3" ten="265,219,202,294" step="2"/><T73/><D128/><U126/><E126/><V70/><F70/><W118/><G118/><T132/><D71/><U35/><E35/><V129/><F129/><W34/><G34/><T127/><D127/><U83/><E104/><AGARI ba="0,2" hai="14,17,20,84,88,95,99,100,104,109,110,133,134,135" machi="104" ten="50,12000,1" yaku="1,1,20,1,52,1,54,1,53,0" doraHai="81" doraHaiUra="6" who="2" fromWho="1" sc="265,0,219,-120,202,140,294,0" /><INIT seed="2,1,0,2,0,11" ten="265,99,342,294" oya="2" hai0="124,105,101,4,88,129,83,132,117,93,120,122,99" hai1="82,63,86,73,48,42,79,118,27,65,62,45,84" hai2="14,108,112,91,123,100,51,3,18,106,64,39,59" hai3="15,74,90,28,10,119,92,130,47,54,2,31,71"/><V0/><F112/><W46/><G2/><T96/><D4/><U33/><E118/><V52/><F39/><W26/><G71/><T133/><D117/><U34/><E63/><V25/><F123/><N who="0" m="47146" /><D129/><U17/><E34/><V30/><F108/><W6/><G74/><T85/><D124/><U58/><REACH who="1" step="1"/><E17/><REACH who="1" ten="265,89,342,294" step="2"/><V94/><F64/><W110/><G119/><T13/><D13/><U21/><E21/><N who="2" m="11479" /><F106/><W32/><G15/><T60/><D60/><U98/><E98/><V104/><F104/><W19/><G19/><T97/><D97/><U5/><E5/><V127/><F127/><W57/><G6/><T8/><D8/><U116/><E116/><V38/><F0/><W68/><G10/><T43/><D43/><U80/><E80/><V78/><F3/><W40/><G32/><T134/><D96/><U128/><E128/><V102/><F38/><W55/><G40/><T50/><D50/><U121/><E121/><V70/><F70/><W61/><G61/><T103/><D103/><U109/><E109/><V1/><F1/><W41/><G41/><T23/><D23/><U81/><E81/><AGARI ba="1,1" hai="81,83,85,88,93,99,101,105,132,133,134" m="47146" machi="81" ten="40,8000,1" yaku="20,1,34,2,54,1" doraHai="11" who="0" fromWho="1" sc="265,93,89,-83,342,0,294,0" /><INIT seed="3,0,0,0,5,118" ten="358,6,342,294" oya="3" hai0="53,85,3,99,96,27,25,113,18,24,134,63,32" hai1="87,16,133,49,52,5,65,40,28,112,23,74,131" hai2="9,20,119,14,68,13,34,129,86,7,130,105,2" hai3="135,57,64,4,97,93,55,94,11,98,121,84,126"/><W70/><G126/><T107/><D3/><U56/><E74/><V75/><F68/><W42/><G135/><T39/><D134/><U82/><E131/><N who="2" m="50187" /><F75/><W101/><G42/><T51/><D39/><U58/><E112/><V132/><F105/><W15/><G84/><T71/><D113/><U79/><E133/><V88/><F132/><W33/><G33/><T29/><D85/><U111/><E111/><V95/><F34/><W17/><G70/><T43/><D43/><U76/><E5/><V35/><F35/><W122/><G64/><N who="0" m="41375" /><D18/><U116/><E116/><V106/><F106/><W66/><G66/><T72/><D96/><U127/><E127/><V8/><F119/><W6/><G17/><T22/><D22/><U108/><E108/><V59/><F20/><W10/><G10/><T115/><D72/><U37/><E37/><V80/><F59/><W92/><G6/><T30/><D30/><U69/><E69/><V102/><F8/><W78/><G78/><T110/><D110/><U60/><E40/><V48/><F48/><W89/><G94/><T77/><D77/><N who="1" m="46543" /><E28/><V67/><F67/><W109/><G109/><T117/><D117/><U104/><E104/><V21/><F21/><W61/><AGARI ba="0,0" hai="4,11,15,55,57,61,89,92,93,97,98,101,121,122" machi="61" ten="20,7800,0" yaku="0,1,7,1,52,2" doraHai="118" who="3" fromWho="3" sc="358,-26,6,-26,342,-26,294,78" owari="332,13.0,-20,-52.0,316,-8.0,372,47.0" /></mjloggm>