<mjloggm ver="2.3"><GO type="169" lobby="0"/><UN n0="%65%67%69%73%68%6F%32" n1="%62%75%74%69%74%61%6D%61" n2="%E5%B0%B1%E6%B4%BB%E7%94%9F%40%E5%B7%9D%E6%9D%91%E8%BB%8D%E5%9B%A3" n3="%4E%47%EF%BC%A0%E5%B7%9D%E6%9D%91%E8%BB%8D%E5%9B%A3" dan="16,18,17,17" rate="2156.88,2184.60,2198.97,2109.09" sx="M,M,M,M"/><TAIKYOKU oya="0"/><INIT seed="0,0,0,2,4,76" ten="250,250,250,250" oya="0" hai0="125,131,36,65,82,88,52,47,18,0,83,43,4" hai1="32,37,112,1,3,45,48,135,108,15,10,95,25" hai2="30,126,50,33,71,96,118,7,61,78,72,16,129" hai3="116,6,120,107,31,79,53,9,106,123,27,132,56"/><T134/><D65/><U124/><E37/><V75/><F7/><W105/><G116/><T73/><D134/><U99/><E108/><V34/><F118/><W111/><G111/><T13/><D131/><U67/><E124/><V42/><F96/><W5/><G132/><T55/><D125/><U39/><E39/><V114/><F114/><W117/><G117/><T58/><D0/><U22/><E32/><V68/><F30/><W109/><G109/><T23/><D4/><U70/><E70/><V62/><F78/><W26/><G79/><T66/><D66/><U94/><E67/><V11/><F11/><W128/><G128/><T24/><D73/><U8/><E95/><V17/><F126/><W115/><G115/><T21/><D88/><U63/><E63/><V41/><REACH who="2" step="1"/><F50/><REACH who="2" ten="250,250,240,250" step="2"/><N who="3" m="30775" /><G31/><T113/><D113/><U59/><E10/><V44/><F44/><W90/><G6/><T101/><D101/><U100/><E45/><V80/><F80/><W103/><G103/><T14/><D14/><U49/><E112/><V19/><F19/><W60/><G9/><T121/><D121/><U12/><E8/><V87/><F87/><W133/><G5/><T40/><D40/><U102/><E12/><V122/><F122/><W46/><G123/><T81/><REACH who="0" step="1"/><D58/><REACH who="0" ten="240,250,240,250" step="2"/><U98/><E59/><V51/><F51/><W85/><G120/><T74/><D74/><U84/><E15/><V77/><F77/><W20/><G133/><T130/><D130/><AGARI ba="0,2" hai="16,17,33,34,41,42,61,62,68,71,72,75,129,130" machi="130" ten="25,6400,0" yaku="1,1,22,2,54,1,53,0" doraHai="76" doraHaiUra="92" who="2" fromWho="0" sc="240,-64,250,0,240,84,250,0" /><INIT seed="1,0,0,2,1,34" ten="176,250,324,250" oya="1" hai0="19,8,122,103,13,100,77,116,117,81,64,15,27" hai1="14,12,1,50,87,110,4,57,24,68,28,40,90" hai2="112,18,80,78,11,92,123,63,49,91,42,56,21" hai3="67,130,106,85,109,102,126,9,7,59,104,43,54"/><U105/><E68/><V132/><F123/><W73/><G73/><T20/><D122/><U124/><E105/><V74/><F132/><W46/><G67/><T98/><D15/><U82/><E124/><V119/><F119/><W35/><G35/><T128/><D64/><U66/><E110/><V71/><F112/><W47/><G109/><T61/><D61/><U134/><E134/><V108/><F108/><W5/><G5/><T88/><D128/><U72/><E72/><V29/><F71/><W39/><G130/><T37/><D37/><U97/><E97/><V69/><F69/><W86/><G47/><T51/><D51/><U65/><E65/><V75/><F75/><W17/><G17/><T93/><D117/><U33/><E40/><V84/><F29/><W127/><G86/><N who="0" m="48431" /><D116/><U3/><E14/><V120/><F11/><W31/><G85/><T101/><D103/><U53/><REACH who="1" step="1"/><E66/><REACH who="1" ten="176,240,324,250" step="2"/><V121/><F42/><W44/><G43/><T48/><D48/><U99/><E99/><V38/><F49/><W58/><G127/><T6/><AGARI ba="0,1" hai="6,8,13,19,20,27,88,93,98,100,101" m="48431" machi="6" ten="30,2000,0" yaku="8,1,54,1" doraHai="34" who="0" fromWho="0" sc="176,30,240,-10,324,-5,250,-5" /><INIT seed="2,0,0,0,5,132" ten="206,230,319,245" oya="2" hai0="14,104,37,22,79,118,34,103,61,85,63,101,6" hai1="83,74,17,35,82,112,78,120,91,19,126,7,134" hai2="64,15,133,117,69,25,68,26,60,92,111,66,29" hai3="75,18,42,20,128,57,23,54,0,80,11,13,72"/><V86/><F117/><W125/><G128/><T32/><D37/><U5/><E35/><V48/><F133/><W115/><G115/><T46/><D46/><U51/><E134/><V9/><F111/><W47/><G125/><T127/><D118/><U76/><E91/><V87/><F48/><W129/><G129/><T106/><D79/><U114/><E51/><V107/><F107/><W77/><G72/><T1/><D85/><U55/><E55/><V84/><F92/><W110/><G110/><T24/><D14/><U12/><E12/><V90/><F90/><W105/><G105/><T99/><D24/><U33/><E33/><V50/><F50/><W116/><G116/><T93/><D22/><U98/><E98/><V70/><F29/><W53/><G0/><T131/><D6/><U67/><E67/><V94/><F94/><W4/><G57/><T38/><D93/><U10/><E10/><V89/><F89/><W65/><G65/><T36/><D99/><U97/><E97/><V8/><F8/><W40/><G40/><T27/><D131/><U71/><E74/><V31/><F31/><W28/><G28/><T135/><D135/><U16/><E71/><V21/><F21/><W122/><G122/><T41/><D41/><U56/><E56/><N who="2" m="36871" /><F66/><W58/><G58/><T121/><D121/><U49/><E49/><V119/><F119/><W102/><G102/><T81/><D1/><U43/><E43/><V39/><F39/><N who="3" m="21983" /><G23/><T62/><D36/><U3/><E120/><V88/><F88/><W123/><G123/><T45/><D38/><U44/><E3/><RYUUKYOKU ba="0,0" sc="206,-15,230,-15,319,15,245,15" hai2="9,15,25,26,68,69,70,84,86,87" hai3="4,11,13,18,20,53,54,75,77,80" /><INIT seed="2,1,0,2,2,42" ten="191,215,334,260" oya="2" hai0="14,120,23,124,13,132,100,93,11,64,101,75,87" hai1="128,94,134,110,72,31,19,109,91,123,44,43,18" hai2="8,103,32,40,89,66,121,62,88,61,130,82,119" hai3="126,111,71,38,113,48,98,125,102,17,15,106,83"/><V30/><F121/><W67/><G38/><T36/><D75/><U115/><E115/><V97/><F119/><W129/><G111/><N who="1" m="42506" /><E72/><V118/><F118/><W4/><G129/><T28/><D36/><N who="1" m="21607" /><E128/><V0/><F130/><W56/><G4/><T57/><D120/><U133/><E31/><V99/><F40/><W16/><G113/><T25/><D132/><N who="1" m="50795" /><E123/><V70/><F62/><W54/><G83/><T55/><D64/><U29/><E29/><V5/><F82/><W90/><G90/><N who="0" m="53471" /><D124/><U22/><E22/><V12/><F97/><AGARI ba="1,0" hai="18,19,91,94,97" m="50795,21607,42506" machi="97" ten="30,3900,0" yaku="14,1,20,1,52,1" doraHai="42" who="1" fromWho="2" sc="191,0,215,42,334,-42,260,0" /><INIT seed="3,0,0,3,1,4" ten="191,257,292,260" oya="3" hai0="90,135,55,116,73,64,97,115,123,30,57,72,80" hai1="69,54,103,65,68,67,24,66,21,10,7,87,2" hai2="18,3,25,78,13,83,38,33,41,58,92,1,56" hai3="102,50,95,61,6,46,28,40,99,101,71,107,22"/><W134/><G134/><T131/><D116/><U114/><E114/><V70/><F70/><W48/><G6/><T0/><D0/><U104/><E87/><V96/><F41/><W86/><G71/><T111/><D64/><U118/><E118/><V127/><F38/><W9/><G61/><T74/><D30/><U62/><E69/><V124/><F25/><W122/><G122/><T132/><D123/><U93/><E104/><V120/><F33/><W17/><G28/><T77/><D57/><N who="2" m="22122" /><F92/><W53/><G9/><T32/><D32/><U108/><E54/><V117/><F96/><W49/><G53/><T94/><D55/><U42/><E42/><V12/><F120/><W63/><G63/><T44/><D44/><U84/><E108/><V39/><F39/><W98/><REACH who="3" step="1"/><G86/><REACH who="3" ten="191,257,292,250" step="2"/><T20/><D115/><U36/><E84/><N who="2" m="48247" /><F117/><W11/><G11/><T91/><D111/><U85/><E85/><V89/><F1/><W23/><G23/><T126/><D20/><U16/><REACH who="1" step="1"/><E36/><REACH who="1" ten="191,247,292,250" step="2"/><V29/><F124/><W79/><G79/><T110/><D126/><U60/><E60/><V34/><F127/><W130/><G130/><T133/><D110/><U37/><E37/><V26/><F34/><W82/><G82/><T5/><D131/><U105/><E105/><V75/><F75/><N who="0" m="28746" /><D5/><U119/><E119/><V109/><F109/><W31/><G31/><T128/><D128/><U112/><E112/><V47/><F29/><W51/><G51/><T88/><AGARI ba="0,2" hai="74,77,80,88,90,91,94,97,132,133,135" m="28746" machi="88" ten="40,8000,1" yaku="20,1,34,2,54,1" doraHai="4" who="0" fromWho="0" sc="191,100,247,-20,292,-20,250,-40" /><INIT seed="4,0,0,4,5,1" ten="291,227,272,210" oya="0" hai0="89,95,61,55,63,24,123,31,50,13,80,53,134" hai1="47,46,90,62,72,99,88,8,3,102,83,56,125" hai2="129,94,17,6,133,52,64,20,82,26,120,21,81" hai3="40,36,58,39,105,106,103,92,124,35,117,107,43"/><T76/><D123/><U68/><E68/><V100/><F120/><W119/><G35/><T116/><D116/><U54/><E125/><V30/><F64/><W122/><G124/><T131/><D134/><U42/><E72/><V49/><F129/><W113/><G122/><T41/><D41/><U130/><E130/><V73/><F73/><W37/><G113/><T86/><D13/><U5/><E83/><V44/><F133/><W118/><REACH who="3" step="1"/><G58/><REACH who="3" ten="291,227,272,200" step="2"/><T22/><D131/><U109/><E109/><V32/><F32/><W27/><G27/><T127/><D127/><U15/><E3/><V48/><F48/><W79/><G79/><T101/><D101/><U71/><E71/><V57/><F57/><W96/><AGARI ba="0,1" hai="36,37,39,40,43,92,96,103,105,106,107,117,118,119" machi="96" ten="50,12000,2" yaku="1,1,0,1,29,2,53,3" doraHai="1" doraHaiUra="115" who="3" fromWho="3" sc="291,-60,227,-30,272,-30,200,130" /><INIT seed="5,0,0,1,5,33" ten="231,197,242,330" oya="1" hai0="70,96,14,102,84,101,51,9,27,91,78,34,52" hai1="17,61,18,26,119,56,7,111,35,132,72,15,65" hai2="130,89,104,124,36,100,49,83,105,110,3,82,32" hai3="16,125,115,98,60,64,127,90,134,128,1,120,121"/><U67/><E72/><V113/><F36/><W22/><G1/><T109/><D70/><U92/><E119/><V5/><F32/><W87/><G115/><T4/><D78/><U66/><E132/><V41/><F110/><W97/><G134/><T24/><D109/><U55/><E111/><V85/><F113/><W21/><G128/><T118/><D118/><U77/><E77/><V76/><F130/><W116/><G116/><T79/><D79/><U28/><REACH who="1" step="1"/><E92/><REACH who="1" ten="231,187,242,330" step="2"/><V88/><F124/><W19/><G127/><T39/><D39/><U126/><E126/><V73/><F105/><W57/><G125/><T8/><D34/><U129/><E129/><V114/><F114/><W133/><G133/><T74/><D74/><U11/><AGARI ba="0,1" hai="7,11,15,17,18,26,28,35,55,56,61,65,66,67" machi="11" ten="30,3000,0" yaku="1,1,0,1,53,0" doraHai="33" doraHaiUra="123" who="1" fromWho="1" sc="231,-10,187,40,242,-10,330,-10" /><INIT seed="5,1,0,4,5,60" ten="221,227,232,320" oya="1" hai0="123,74,61,51,85,8,58,94,42,64,97,113,67" hai1="13,119,40,72,108,25,56,90,4,125,49,16,79" hai2="92,53,105,48,70,39,84,87,110,82,126,35,121" hai3="124,26,130,69,114,6,1,24,23,71,19,76,11"/><U106/><E119/><V43/><F105/><W29/><G114/><T81/><D74/><U75/><E106/><V78/><F35/><W122/><G122/><T104/><D104/><U30/><E4/><V99/><F121/><W73/><G130/><T93/><D113/><U88/><E125/><V131/><F110/><W83/><G124/><T66/><D123/><U107/><E107/><V128/><F126/><W32/><AGARI ba="1,0" hai="1,6,11,19,23,24,26,29,32,69,71,73,76,83" machi="32" ten="20,1500,0" yaku="0,1,7,1" doraHai="60" who="3" fromWho="3" sc="221,-5,227,-8,232,-5,320,18" /><INIT seed="6,0,0,0,5,84" ten="216,219,227,338" oya="2" hai0="57,26,124,72,104,17,32,7,87,129,66,112,88" hai1="55,59,50,75,127,13,108,80,78,28,81,79,9" hai2="82,118,29,100,98,37,122,38,51,23,111,121,119" hai3="126,40,94,61,34,103,90,47,19,46,133,123,102"/><V63/><F29/><W5/><G34/><T21/><D72/><U48/><E127/><V20/><F82/><W43/><G123/><N who="2" m="47113" /><F98/><W113/><G126/><T95/><D104/><U109/><E28/><V60/><F100/><W131/><G5/><T134/><D124/><U31/><E31/><V110/><F23/><W83/><G83/><T117/><D32/><U97/><E97/><V45/><F20/><W91/><G19/><T86/><D117/><N who="2" m="44554" /><F63/><W2/><G2/><T56/><D7/><U89/><E89/><V116/><F60/><W132/><G94/><T0/><D0/><U41/><E13/><V96/><F96/><W73/><G61/><T1/><D1/><U64/><E9/><V67/><F67/><W27/><G73/><T42/><D66/><U49/><E64/><V3/><F3/><W135/><G27/><T30/><D30/><U36/><E81/><V115/><F116/><W24/><G24/><T16/><D17/><U25/><E25/><V22/><F22/><W62/><G62/><T105/><D87/><U44/><REACH who="1" step="1"/><E79/><REACH who="1" ten="216,209,227,338" step="2"/><V33/><F33/><W120/><G120/><T54/><D26/><U8/><E8/><V85/><F85/><W74/><G103/><T6/><D86/><U125/><E125/><V101/><F101/><W52/><G102/><T58/><D88/><U77/><E77/><V114/><F38/><W11/><G91/><T35/><D35/><U93/><E93/><V92/><F37/><W10/><G90/><T71/><D95/><U107/><E107/><V68/><F92/><W70/><G11/><T12/><D105/><RYUUKYOKU ba="0,1" sc="216,-10,209,30,227,-10,338,-10" hai1="36,41,44,48,49,50,55,59,75,78,80,108,109" /><INIT seed="7,1,1,3,1,1" ten="206,239,217,328" oya="3" hai0="74,35,109,93,17,36,64,22,106,85,5,6,4" hai1="122,43,76,18,53,96,29,81,107,0,72,133,34" hai2="63,130,55,100,127,26,82,59,20,9,32,2,56" hai3="61,128,114,132,119,12,101,91,21,73,46,10,11"/><W87/><G73/><T110/><D74/><U79/><E0/><V37/><F37/><W104/><G119/><T135/><D106/><U66/><E79/><V95/><F32/><W24/><G114/><T97/><D35/><U99/><E43/><V116/><F116/><W123/><G123/><T125/><D36/><U75/><E75/><V83/><F127/><W49/><G61/><T105/><D125/><U23/><E66/><N who="2" m="39271" /><F9/><W88/><G11/><T112/><D112/><U129/><E107/><V117/><F2/><W19/><G128/><T47/><D64/><U14/><E122/><V124/><F124/><W69/><G69/><T126/><D126/><U52/><E133/><V65/><F65/><W90/><G132/><T84/><D135/><U121/><E121/><V45/><F45/><W25/><G101/><T40/><D105/><U31/><E129/><V33/><F33/><W67/><G67/><T62/><D62/><U3/><E3/><V118/><F130/><W86/><G25/><N who="0" m="14543" /><D110/><U103/><E34/><V13/><F13/><W16/><G104/><T111/><D109/><U8/><E103/><V7/><F7/><W54/><AGARI ba="1,1" hai="10,12,16,19,21,24,46,49,54,86,87,88,90,91" machi="54" ten="30,11700,0" yaku="0,1,8,1,54,2" doraHai="1" who="3" fromWho="3" sc="206,-40,239,-40,217,-40,328,130" owari="166,-33.0,199,0.0,177,-22.0,458,55.0" /></mjloggm>