<mjloggm ver="2.3"><GO type="169" lobby="0"/><UN n0="%E3%82%A6%E3%83%AB%E3%83%88%E3%83%A9%E7%AB%8B%E7%9B%B4" n1="%E3%81%94%E3%82%8A%E3%81%94%E3%82%8A%E3%81%94%E3%82%8A%E3%82%89" n2="%E7%B4%85%E3%81%84%E7%9E%B3%E3%81%AE%E6%AD%A6%E4%B8%B8" n3="%41%6B%6B%69%79" dan="17,17,16,16" rate="2189.77,2177.43,2092.23,2063.36" sx="M,M,M,M"/><TAIKYOKU oya="0"/><INIT seed="0,0,0,4,3,84" ten="250,250,250,250" oya="0" hai0="60,92,6,30,4,91,79,24,77,26,87,80,71" hai1="20,126,102,78,46,9,36,11,18,41,116,98,21" hai2="83,100,96,112,25,29,129,111,128,101,82,1,124" hai3="14,17,74,110,66,15,123,55,12,109,38,65,88"/><T50/><D77/><U44/><E126/><V89/><F112/><W86/><G74/><T52/><D60/><U105/><E116/><V131/><F1/><W32/><G38/><T5/><D71/><U67/><E67/><V114/><F114/><W34/><G123/><T59/><REACH who="0" step="1"/><D30/><REACH who="0" ten="240,250,250,250" step="2"/><U56/><E78/><V51/><F124/><W73/><G73/><AGARI ba="0,1" hai="4,5,6,24,26,50,52,59,73,79,80,87,91,92" machi="73" ten="40,12000,1" yaku="1,1,2,1,52,1,54,1,53,0" doraHai="84" doraHaiUra="132" who="0" fromWho="3" sc="240,130,250,0,250,0,250,-120" /><INIT seed="0,1,0,1,5,8" ten="370,250,250,130" oya="0" hai0="119,39,48,72,62,92,9,95,126,110,1,40,101" hai1="105,120,47,64,32,75,67,65,51,127,7,94,59" hai2="35,42,41,82,128,85,15,100,73,60,28,122,79" hai3="5,88,135,31,66,78,118,57,115,90,89,114,107"/><T112/><D119/><U91/><E105/><V22/><F122/><W16/><G107/><T56/><D112/><U84/><E32/><V10/><F35/><W77/><G118/><T18/><D72/><U17/><E75/><V108/><F128/><W29/><G135/><T13/><D39/><U11/><E127/><V34/><F34/><W80/><G5/><T104/><D126/><U99/><E120/><V53/><F108/><W125/><G125/><T14/><D1/><U97/><E59/><N who="2" m="34927" /><F73/><W124/><G124/><T0/><D0/><U54/><REACH who="1" step="1"/><E17/><REACH who="1" ten="370,240,250,130" step="2"/><N who="2" m="8439" /><F100/><W87/><G114/><T49/><D104/><U134/><E134/><V26/><AGARI ba="1,1" hai="22,26,28,41,42,79,82,85" m="8439,34927" machi="26" ten="30,2000,0" yaku="8,1,52,1" doraHai="8" who="2" fromWho="2" sc="370,-11,240,-6,250,33,130,-6" /><INIT seed="1,0,0,2,0,94" ten="359,234,283,124" oya="1" hai0="69,27,99,46,29,113,65,0,70,131,98,52,109" hai1="19,102,61,5,81,73,8,43,67,37,83,55,132" hai2="31,100,114,14,115,25,34,127,51,71,74,117,7" hai3="11,32,118,18,41,121,12,44,105,68,119,78,39"/><U123/><E123/><V60/><F74/><W50/><G68/><T93/><D0/><U9/><E132/><V1/><F117/><N who="3" m="44555" /><G32/><T20/><D113/><N who="2" m="43018" /><F100/><W110/><G121/><T116/><D131/><U53/><E102/><V107/><F107/><W86/><G110/><T120/><D109/><U79/><E81/><V129/><F129/><W38/><G105/><T82/><D120/><U76/><E79/><V22/><F51/><W16/><G18/><T124/><D124/><U28/><E19/><N who="2" m="10615" /><F127/><W97/><G97/><N who="0" m="36875" /><D69/><U95/><E28/><V103/><F103/><W92/><G92/><T106/><D70/><U6/><E95/><V88/><F88/><W84/><G84/><T75/><D75/><U64/><E61/><V49/><F49/><W23/><G23/><T36/><D36/><U59/><E59/><V15/><F60/><W48/><G39/><T21/><D106/><U104/><E104/><V130/><F71/><W24/><G24/><T80/><D93/><U33/><E73/><V4/><F130/><W89/><G89/><T87/><D87/><U90/><E37/><V96/><F96/><W108/><G108/><T45/><D116/><U10/><E76/><V134/><F134/><W135/><G135/><T26/><D45/><U40/><E90/><V47/><F47/><W111/><G111/><T54/><D46/><U112/><E112/><V57/><F1/><W125/><G125/><T62/><D82/><AGARI ba="0,0" hai="11,12,16,38,41,44,48,50,78,82,86" m="44555" machi="82" ten="30,2000,0" yaku="12,1,54,1" doraHai="94" who="3" fromWho="0" sc="359,-20,234,0,283,0,124,20" /><INIT seed="2,0,0,0,2,1" ten="339,234,283,144" oya="2" hai0="134,5,110,126,104,108,28,11,45,37,8,48,61" hai1="120,130,89,86,40,106,92,96,112,79,32,38,12" hai2="29,123,77,20,43,128,57,53,109,22,47,7,66" hai3="56,82,15,42,31,2,25,132,67,113,83,18,81"/><V94/><F123/><W46/><G2/><T23/><D37/><U58/><E120/><V27/><F128/><W107/><G107/><T41/><D104/><U34/><E112/><V95/><F109/><N who="0" m="42090" /><D126/><U114/><E130/><V85/><F66/><W54/><G132/><T50/><D134/><U102/><E114/><V63/><F7/><W60/><G113/><T39/><D61/><U135/><E135/><V103/><F103/><W6/><G6/><T93/><D93/><U117/><E117/><V119/><F119/><W133/><G133/><T3/><D11/><U14/><E58/><V91/><F77/><W10/><G67/><T68/><D68/><U111/><E111/><V64/><F64/><W129/><G129/><T36/><D48/><U59/><E59/><V71/><F71/><W121/><G121/><T26/><AGARI ba="0,0" hai="3,5,8,23,26,28,36,39,41,45,50" m="42090" machi="26" ten="30,2000,0" yaku="14,1,52,1" doraHai="1" who="0" fromWho="0" sc="339,20,234,-5,283,-10,144,-5" /><INIT seed="3,0,0,2,5,61" ten="359,229,273,139" oya="3" hai0="32,49,48,74,109,53,72,128,90,101,79,42,113" hai1="22,47,99,76,80,52,84,24,105,106,82,131,77" hai2="68,132,98,58,20,45,18,69,110,54,38,3,25" hai3="129,112,8,0,111,4,19,83,59,86,91,104,37"/><W23/><G104/><T81/><D32/><U34/><E34/><V92/><F3/><W97/><G37/><T134/><D74/><U27/><E131/><V124/><F110/><W64/><G112/><T94/><D128/><U16/><E99/><V87/><F124/><W93/><G129/><T57/><D109/><U89/><E27/><V67/><F132/><W121/><G121/><T6/><D134/><U39/><E89/><V30/><F87/><W102/><G111/><T36/><D113/><U114/><E114/><V14/><F38/><W115/><G115/><T35/><D35/><U50/><REACH who="1" step="1"/><E39/><REACH who="1" ten="359,219,273,139" step="2"/><V116/><F98/><W118/><G118/><T126/><D36/><U5/><E5/><V119/><F25/><W108/><G108/><T29/><D6/><U12/><E12/><V17/><F14/><W40/><G40/><T73/><D90/><U123/><E123/><V125/><F119/><W41/><G41/><T66/><D42/><U71/><E71/><V46/><F69/><W51/><G51/><T70/><D48/><U65/><E65/><V43/><F67/><W15/><G64/><T75/><D66/><U127/><E127/><V85/><F68/><W28/><G28/><T88/><D70/><U117/><E117/><V96/><F30/><W13/><G0/><T107/><D126/><U21/><E21/><V56/><F96/><W9/><G23/><T33/><D29/><U44/><E44/><V26/><F125/><W133/><G133/><T95/><D33/><U2/><E2/><V1/><F1/><W78/><G91/><T120/><D120/><RYUUKYOKU ba="0,1" sc="359,-15,219,15,273,-15,139,15" hai1="16,22,24,47,50,52,76,77,80,82,84,105,106" hai3="4,8,9,13,15,19,59,78,83,86,93,97,102" /><INIT seed="3,1,1,3,0,28" ten="344,234,258,154" oya="3" hai0="21,23,26,7,39,48,4,132,73,59,64,78,50" hai1="80,99,92,75,9,6,88,130,83,52,103,124,38" hai2="20,96,90,44,42,43,63,133,111,97,54,41,106" hai3="30,121,0,118,11,13,95,135,93,108,60,33,119"/><W102/><G121/><T82/><D39/><U69/><E69/><V27/><F111/><W32/><G0/><T131/><D132/><U5/><E38/><V126/><F133/><W1/><G135/><T86/><D131/><U17/><E130/><V19/><F126/><W12/><G60/><N who="0" m="37919" /><D73/><U94/><E124/><V16/><F106/><W51/><G51/><N who="0" m="19499" /><D23/><U100/><E75/><V58/><F44/><W8/><G102/><T91/><D91/><U68/><E68/><V10/><F90/><W79/><G79/><T70/><D70/><U31/><E31/><AGARI ba="1,1" hai="4,7,21,26,31,78,82,86" m="19499,37919" machi="31" ten="30,1000,0" yaku="8,1" doraHai="28" who="0" fromWho="1" sc="344,23,234,-13,258,0,154,0" /><INIT seed="4,0,0,5,5,84" ten="367,221,258,154" oya="0" hai0="72,8,24,122,40,74,106,62,12,119,47,26,131" hai1="123,94,108,28,134,125,70,16,39,52,58,132,22" hai2="29,103,117,4,114,6,130,113,116,68,98,133,30" hai3="83,56,80,20,11,49,31,100,135,112,95,93,14"/><T77/><D122/><U35/><E70/><V42/><F68/><W82/><G135/><N who="1" m="51754" /><E39/><V10/><F133/><W51/><G112/><N who="2" m="43113" /><F42/><W78/><G78/><T128/><D106/><U90/><E123/><V18/><F130/><N who="0" m="49706" /><D62/><N who="1" m="36167" /><E125/><V75/><F75/><N who="0" m="28714" /><D77/><U118/><E108/><V59/><F59/><W23/><G100/><T81/><D81/><U71/><E71/><V79/><F79/><W120/><G120/><T44/><D119/><N who="2" m="45642" /><F18/><W67/><G67/><T53/><D53/><U0/><E0/><N who="2" m="263" /><F6/><W5/><G56/><T66/><D66/><U97/><E118/><V13/><F13/><W27/><G51/><T76/><D76/><U99/><E28/><V63/><F63/><W17/><REACH who="3" step="1"/><G49/><REACH who="3" ten="367,221,258,144" step="2"/><T87/><D44/><U111/><E111/><V85/><F103/><W61/><G61/><T57/><D57/><U34/><E99/><V91/><F98/><W2/><AGARI ba="0,1" hai="2,5,11,14,17,20,23,27,31,80,82,83,93,95" machi="2" ten="30,4000,0" yaku="1,1,0,1,53,1" doraHai="84" doraHaiUra="3" who="3" fromWho="3" sc="367,-20,221,-10,258,-10,144,50" /><INIT seed="5,0,0,4,4,32" ten="347,211,248,194" oya="1" hai0="16,44,126,30,12,92,128,79,2,31,89,49,33" hai1="104,34,25,91,39,116,1,72,118,112,55,96,115" hai2="88,37,50,4,7,0,108,133,78,94,103,135,119" hai3="81,29,99,101,48,69,18,63,47,61,131,6,53"/><U65/><E39/><V42/><F108/><W52/><G131/><T43/><D2/><U5/><E55/><V67/><F37/><W71/><G29/><T97/><D128/><U87/><E65/><V134/><F119/><W62/><G6/><T60/><D126/><U20/><E34/><V51/><F78/><W14/><G81/><T117/><D117/><U41/><E72/><V13/><F103/><W127/><G127/><T105/><D105/><U107/><E41/><V66/><F13/><W80/><G80/><T11/><D33/><U83/><E118/><V17/><F17/><W22/><REACH who="3" step="1"/><G53/><REACH who="3" ten="347,211,248,184" step="2"/><T98/><D79/><U114/><E116/><V21/><F7/><W8/><G8/><T130/><D130/><U54/><E54/><V100/><F4/><W56/><G56/><T85/><D31/><N who="1" m="17831" /><E96/><V40/><F133/><W110/><G110/><T58/><D30/><U122/><E122/><V28/><F28/><W45/><G45/><T121/><D121/><U86/><E86/><V84/><F84/><W59/><G59/><T70/><D70/><U111/><E111/><V76/><F134/><W19/><G19/><T9/><D9/><AGARI ba="0,1" hai="1,5,9,83,87,91,104,107,112,114,115" m="17831" machi="9" ten="30,2900,0" yaku="15,1,52,1" doraHai="32" who="1" fromWho="0" sc="347,-29,211,39,248,0,184,0" /><INIT seed="5,1,0,5,4,6" ten="318,250,248,184" oya="1" hai0="53,46,105,42,132,79,118,122,86,2,104,115,107" hai1="47,106,8,19,94,41,67,111,18,80,37,54,129" hai2="68,114,70,120,110,33,29,3,99,116,30,83,131" hai3="134,55,22,44,97,127,17,113,112,81,72,90,135"/><U84/><E106/><V69/><F110/><W87/><G127/><T32/><D32/><U21/><E111/><V57/><F116/><W60/><G72/><T20/><D2/><U61/><E94/><V77/><F120/><W9/><G97/><T74/><D74/><U126/><E126/><V85/><F3/><W58/><G44/><T0/><D0/><U56/><E129/><V98/><F131/><W92/><G81/><T78/><D118/><U43/><E43/><V5/><F5/><W26/><REACH who="3" step="1"/><G9/><REACH who="3" ten="318,250,248,174" step="2"/><T39/><D122/><U66/><E8/><V119/><F119/><W63/><G63/><T40/><D46/><U130/><E130/><V123/><F123/><W62/><G62/><T100/><D86/><U128/><E128/><V91/><F98/><W4/><G4/><T75/><D75/><U10/><E10/><V93/><F114/><AGARI ba="1,1" hai="17,22,26,55,58,60,87,90,92,112,113,114,134,135" machi="114" ten="40,5200,0" yaku="1,1,15,1,53,1" doraHai="6" doraHaiUra="88" who="3" fromWho="2" sc="318,0,250,0,248,-55,174,65" /><INIT seed="6,0,0,3,4,7" ten="318,250,193,239" oya="2" hai0="0,32,14,51,103,16,96,73,93,60,44,45,115" hai1="23,47,5,11,101,124,86,110,98,33,35,102,127" hai2="117,71,100,135,8,132,65,36,26,55,130,104,53" hai3="75,88,59,94,120,66,87,97,133,34,31,80,114"/><V27/><F117/><W74/><G120/><T28/><D0/><N who="1" m="423" /><E86/><V118/><F118/><W37/><G114/><T20/><D73/><U67/><E67/><V12/><F36/><W126/><G37/><T10/><D115/><U61/><E61/><N who="2" m="40367" /><F130/><W43/><G133/><N who="2" m="51273" /><F100/><N who="1" m="38505" /><E98/><V15/><F104/><W57/><G126/><N who="1" m="48170" /><E110/><V91/><F91/><W4/><G43/><T29/><D32/><U105/><E105/><V116/><F116/><W9/><G31/><T83/><D60/><U107/><E107/><V123/><F123/><W89/><G34/><T113/><D113/><U90/><E90/><V22/><F15/><W119/><G119/><T17/><D83/><U99/><E99/><V129/><F129/><W95/><G66/><T39/><D39/><U76/><E76/><V24/><F22/><W38/><G38/><T21/><D21/><U82/><E23/><V46/><F46/><W111/><G111/><T50/><D44/><U25/><E82/><V19/><AGARI ba="0,0" hai="8,12,19,24,26,27,53,55" m="51273,40367" machi="19" ten="30,3000,0" yaku="20,1,52,1" doraHai="7" who="2" fromWho="2" sc="318,-10,250,-10,193,30,239,-10" /><INIT seed="6,1,0,2,5,70" ten="308,240,223,229" oya="2" hai0="0,134,31,6,72,37,26,60,87,5,94,121,28" hai1="76,86,13,52,122,7,62,10,9,55,4,106,42" hai2="64,21,36,69,133,79,17,109,30,68,108,84,44" hai3="130,123,135,103,101,15,102,131,78,11,93,14,111"/><V49/><F133/><W71/><G123/><T81/><D121/><U95/><E106/><V129/><F129/><N who="3" m="49163" /><G71/><T117/><D72/><U91/><E122/><V107/><F107/><W63/><G111/><N who="2" m="42569" /><F30/><W115/><G135/><T128/><D0/><U57/><E42/><N who="2" m="22599" /><F64/><W19/><G115/><T80/><D37/><U45/><E76/><V32/><F32/><W126/><G63/><T82/><D60/><U23/><E23/><V53/><F79/><W104/><G104/><T90/><D31/><U46/><E55/><V29/><F29/><W3/><G3/><AGARI ba="1,0" hai="3,4,7,9,10,13,45,46,52,57,62,86,91,95" machi="3" ten="30,2000,0" yaku="7,1,54,1" doraHai="70" who="1" fromWho="3" sc="308,0,240,23,223,0,229,-23" /><INIT seed="7,0,0,1,4,74" ten="308,263,223,206" oya="3" hai0="58,12,39,67,60,47,51,22,101,43,113,81,62" hai1="106,129,63,56,115,30,90,26,40,8,77,61,104" hai2="109,83,91,20,59,105,1,93,127,99,111,19,125" hai3="123,78,112,65,124,0,96,102,14,135,118,69,68"/><W4/><G123/><T17/><D113/><U10/><E40/><V121/><F1/><W66/><G118/><T98/><D81/><U79/><E90/><V75/><F121/><W41/><G112/><T95/><D39/><U70/><E115/><V88/><F105/><W35/><G35/><T94/><D60/><U23/><E70/><V21/><F59/><W131/><G131/><T82/><D82/><U50/><E129/><V130/><F130/><W107/><G124/><N who="2" m="47689" /><F20/><W42/><G135/><T119/><D119/><U32/><E32/><V7/><F7/><W6/><G0/><T27/><D27/><U15/><E106/><AGARI ba="0,0" hai="12,17,22,43,47,51,58,62,67,94,95,98,101,106" machi="106" ten="30,1000,0" yaku="7,1" doraHai="74" who="0" fromWho="1" sc="308,10,263,-10,223,0,206,0" owari="318,42.0,253,5.0,223,-18.0,206,-29.0" /></mjloggm>