<mjloggm ver="2.3"><GO type="169" lobby="0"/><UN n0="%E7%8B%AC%E6%AD%A9" n1="%E6%9D%BE%E5%B3%B6" n2="%E3%83%88%E3%83%88%E3%83%AA%E5%85%88%E7%94%9F%31%39%E6%AD%B3" n3="%E3%81%A0%E3%81%A3%E3%81%A6%E3%81%84%E3%81%86" dan="20,16,18,17" rate="2150.27,2092.94,2225.07,2168.28" sx="M,F,F,M"/><TAIKYOKU oya="0"/><INIT seed="0,0,0,4,0,91" ten="250,250,250,250" oya="0" hai0="130,40,0,110,62,7,22,99,131,71,26,93,5" hai1="9,133,34,127,80,30,116,76,39,122,100,49,132" hai2="47,112,18,53,66,37,115,41,108,109,11,48,120" hai3="104,2,106,24,81,59,73,61,72,33,86,135,25"/><T65/><D40/><U95/><E122/><V21/><F11/><W117/><G117/><T64/><D64/><U38/><E116/><V31/><F31/><W67/><G2/><T23/><D110/><N who="2" m="42602" /><F21/><W13/><G135/><N who="1" m="51786" /><E49/><V55/><F18/><W101/><G13/><T96/><D96/><N who="1" m="59423" /><E9/><V32/><F32/><W15/><G15/><T124/><D124/><U113/><E113/><N who="2" m="43595" /><F120/><W1/><G33/><T51/><D51/><U12/><E12/><V50/><F50/><W129/><G24/><T69/><D69/><U19/><E19/><V58/><F55/><W44/><G25/><T43/><D43/><U60/><E60/><N who="2" m="35919" /><F66/><W103/><G67/><T10/><D7/><U88/><E127/><V114/><F114/><W4/><G61/><T16/><REACH who="0" step="1"/><D23/><REACH who="0" ten="240,250,250,250" step="2"/><U57/><E34/><V111/><F111/><W90/><G4/><T78/><D78/><U97/><E30/><V119/><F48/><W105/><G59/><T28/><D28/><U75/><E57/><V42/><F42/><W84/><G44/><T63/><D63/><U70/><E70/><V29/><F29/><W102/><G1/><T68/><D68/><U92/><AGARI ba="0,1" hai="38,39,75,76,80,88,92,97" m="59423,51786" machi="92" ten="30,7900,0" yaku="20,1,52,2,54,1" doraHai="91" who="1" fromWho="1" sc="240,-39,250,89,250,-20,250,-20" /><INIT seed="1,0,0,1,3,39" ten="201,339,230,230" oya="1" hai0="98,80,46,53,93,44,42,127,68,104,56,30,5" hai1="20,86,83,69,22,65,59,67,77,96,1,17,48" hai2="37,85,49,64,9,73,89,94,62,97,25,122,110" hai3="45,92,78,27,26,57,131,109,31,107,24,125,12"/><U70/><E1/><V126/><F122/><W124/><G107/><T43/><D68/><U55/><E69/><V120/><F120/><W91/><G109/><T117/><D117/><U79/><E70/><V16/><F110/><W115/><G115/><T102/><D127/><N who="3" m="48713" /><G131/><T52/><D30/><U58/><E22/><V50/><F37/><W103/><G103/><T41/><D104/><U75/><E75/><V135/><F73/><W88/><G78/><T63/><D5/><U100/><E77/><V13/><F135/><W81/><G57/><N who="0" m="35239" /><D80/><U35/><E35/><V72/><F72/><W130/><G130/><T123/><D123/><U34/><E59/><N who="2" m="36959" /><F126/><W3/><G3/><T4/><D4/><U29/><E29/><V18/><F25/><N who="3" m="9835" /><G81/><T51/><AGARI ba="0,0" hai="41,42,43,44,46,51,53,56,93,98,102" m="35239" machi="51" ten="30,8000,1" yaku="8,1,52,3,54,1" doraHai="39" who="0" fromWho="0" sc="201,80,339,-40,230,-20,230,-20" /><INIT seed="2,0,0,0,5,75" ten="281,299,210,210" oya="2" hai0="134,131,69,112,80,45,20,73,117,12,54,0,7" hai1="13,25,22,90,77,92,113,81,48,17,84,40,128" hai2="5,106,26,71,119,60,85,67,94,91,108,102,9" hai3="115,86,21,103,46,121,122,95,97,96,31,125,55"/><V68/><F119/><W35/><G35/><T38/><D112/><U116/><E128/><V34/><F108/><W63/><G115/><T36/><D69/><U79/><E113/><V130/><F130/><W133/><G133/><T76/><D131/><U100/><E116/><V114/><F114/><W82/><G125/><T126/><D117/><U8/><E100/><V70/><F9/><W83/><G83/><T124/><D134/><U99/><E48/><V105/><F5/><W39/><G39/><T66/><D66/><U50/><E50/><V101/><F101/><W10/><G10/><N who="0" m="2407" /><D54/><U29/><E40/><V28/><REACH who="2" step="1"/><F105/><REACH who="2" ten="281,299,200,210" step="2"/><W51/><G121/><T78/><D124/><U19/><REACH who="1" step="1"/><E79/><REACH who="1" ten="281,289,200,210" step="2"/><V74/><F74/><W57/><G122/><T6/><D78/><U44/><E44/><V32/><F32/><W30/><G103/><T4/><D45/><U3/><E3/><V87/><F87/><W129/><G129/><T56/><D76/><U98/><E98/><AGARI ba="0,2" hai="26,28,34,60,67,68,70,71,85,91,94,98,102,106" machi="98" ten="40,7700,0" yaku="1,1,25,2,53,0" doraHai="75" doraHaiUra="120" who="2" fromWho="1" sc="281,0,289,-77,200,97,210,0" /><INIT seed="2,1,0,0,0,132" ten="281,212,297,210" oya="2" hai0="64,100,91,110,109,73,18,32,37,45,3,72,5" hai1="57,84,86,118,16,114,54,67,78,26,129,93,30" hai2="35,120,65,82,116,115,126,119,9,97,55,135,122" hai3="58,76,104,10,33,0,127,101,124,52,27,6,8"/><V2/><F65/><W92/><G104/><T62/><D32/><U112/><E118/><N who="2" m="45099" /><F55/><W80/><G8/><N who="0" m="2111" /><D18/><U42/><E129/><V121/><F82/><W134/><G134/><T14/><D14/><U77/><E42/><V21/><F97/><W113/><G113/><T7/><D7/><U111/><E111/><N who="0" m="42505" /><D91/><U31/><E67/><V25/><F135/><W61/><G27/><T131/><D100/><U94/><E114/><V106/><F106/><W96/><REACH who="3" step="1"/><G33/><REACH who="3" ten="281,212,297,200" step="2"/><T19/><D131/><U12/><E112/><V75/><F115/><W69/><G69/><N who="0" m="42135" /><D19/><U36/><E26/><V128/><F35/><W46/><G46/><T24/><D24/><U99/><E30/><V4/><F128/><W71/><G71/><T98/><D45/><U102/><E31/><N who="2" m="17839" /><F75/><AGARI ba="1,1" hai="0,6,10,52,58,61,75,76,80,92,96,101,124,127" machi="75" ten="40,8000,1" yaku="1,1,52,2,54,1,53,0" doraHai="132" doraHaiUra="20" who="3" fromWho="2" sc="281,0,212,0,297,-83,200,93" /><INIT seed="3,0,0,2,2,125" ten="281,212,214,293" oya="3" hai0="122,43,40,51,97,69,88,112,60,98,75,21,91" hai1="68,129,5,82,17,127,90,94,47,49,104,117,27" hai2="22,78,84,70,111,74,119,37,32,110,3,42,99" hai3="86,102,56,16,121,0,80,81,106,65,77,134,103"/><W71/><G121/><T4/><D75/><U9/><E117/><V126/><F119/><W50/><G0/><T45/><D122/><U18/><E127/><V13/><F32/><W30/><G134/><T107/><D4/><U2/><E104/><V23/><F3/><W38/><G38/><T29/><D112/><U8/><E68/><V120/><F120/><W64/><G30/><T118/><D118/><U46/><E129/><V66/><F74/><W132/><G71/><T39/><D39/><U7/><E82/><N who="2" m="47191" /><F126/><W20/><G81/><T15/><D43/><U52/><E46/><N who="2" m="23887" /><F13/><W24/><G132/><T83/><D107/><U130/><E130/><V123/><F123/><W101/><REACH who="3" step="1"/><G106/><REACH who="3" ten="281,212,214,283" step="2"/><T28/><D28/><U79/><E2/><V115/><F70/><W11/><G11/><N who="1" m="4170" /><E79/><V93/><F115/><W92/><G92/><T95/><D29/><U55/><E7/><V85/><F93/><W59/><G59/><T25/><D83/><U57/><E5/><V34/><F34/><W1/><G1/><T54/><D69/><U6/><E6/><V67/><F23/><W35/><G35/><T41/><D95/><U128/><E128/><V124/><F22/><W36/><G36/><T116/><D116/><U26/><E18/><V114/><F114/><W44/><G44/><T12/><D45/><U48/><E17/><V63/><F124/><W76/><G76/><T135/><D135/><U14/><E14/><V10/><F10/><W89/><G89/><N who="0" m="34379" /><D15/><U96/><AGARI ba="0,1" hai="26,27,47,48,49,52,55,57,90,94,96" m="4170" machi="96" ten="30,2000,0" yaku="8,1,54,1" doraHai="125" who="1" fromWho="1" sc="281,-5,212,30,214,-5,283,-10" /><INIT seed="4,0,0,4,1,135" ten="276,242,209,273" oya="0" hai0="21,6,121,15,114,131,108,129,26,12,17,76,51" hai1="3,81,0,46,95,130,10,29,112,22,64,78,31" hai2="122,94,116,66,48,126,73,97,102,82,49,34,43" hai3="119,77,120,127,124,9,71,118,83,23,115,63,40"/><T47/><D121/><U38/><E112/><V104/><F122/><W92/><G120/><T134/><D114/><U41/><E130/><N who="0" m="49673" /><D134/><U11/><E11/><V70/><F34/><W133/><G115/><T99/><D108/><U25/><E64/><V4/><F116/><W2/><G133/><T18/><D76/><U69/><E69/><V117/><F117/><N who="3" m="44555" /><G23/><N who="0" m="11711" /><D99/><U50/><E95/><V45/><F4/><N who="3" m="1175" /><G92/><T35/><D51/><U58/><E31/><V1/><F49/><W5/><G5/><T53/><D53/><U89/><E89/><V68/><F94/><W56/><G40/><T87/><D87/><U59/><E50/><V75/><F48/><W86/><G71/><T61/><D47/><U128/><E128/><V74/><F68/><W37/><G37/><T24/><D61/><U67/><E67/><V28/><F66/><W98/><G98/><T60/><D60/><U16/><E0/><V55/><F1/><W13/><G63/><T125/><D6/><N who="1" m="1375" /><E29/><V19/><F28/><W106/><G106/><T101/><D101/><U20/><E20/><V84/><F70/><W105/><G105/><T54/><D54/><U109/><E109/><V96/><F55/><W80/><G56/><T85/><D85/><U110/><E110/><V113/><F113/><W44/><G44/><T107/><D107/><U111/><E111/><V123/><F123/><W62/><G62/><T79/><D35/><U42/><E42/><V90/><F96/><W72/><G86/><T132/><D132/><U14/><E25/><N who="0" m="9833" /><D79/><U8/><E8/><V91/><F104/><W32/><G32/><RYUUKYOKU ba="0,0" sc="276,15,242,15,209,-15,273,-15" hai0="12,18,21,125" hai1="14,16,22,38,41,46,58,59,78,81" /><INIT seed="4,1,0,1,2,20" ten="291,257,194,258" oya="0" hai0="76,130,90,57,100,34,73,117,74,24,94,127,15" hai1="97,106,16,128,51,67,1,85,49,68,55,18,120" hai2="5,23,35,70,64,52,124,37,82,7,13,108,25" hai3="4,72,54,86,123,53,129,26,9,38,105,32,95"/><T39/><D39/><U134/><E120/><V60/><F108/><W101/><G72/><T78/><D117/><U21/><E1/><V113/><F37/><W42/><G105/><T89/><D57/><U111/><E134/><V126/><F35/><W133/><G133/><T81/><D15/><U19/><E128/><V104/><F104/><W87/><G129/><T14/><D14/><U58/><E111/><V3/><F3/><W31/><G123/><T96/><D130/><U91/><E67/><V125/><F113/><W22/><G32/><T131/><D131/><U118/><E68/><V122/><F122/><W47/><G87/><N who="0" m="50415" /><D24/><N who="1" m="14375" /><E106/><V27/><F82/><W65/><G65/><T44/><D34/><U109/><E97/><V30/><F13/><W79/><G9/><T6/><D6/><U12/><E109/><V98/><F27/><W36/><G4/><T115/><D115/><U116/><E118/><V93/><REACH who="2" step="1"/><F52/><REACH who="2" ten="291,257,184,258" step="2"/><W110/><G53/><T33/><D33/><U10/><E116/><V84/><F84/><W11/><G54/><T83/><D44/><U59/><E55/><V114/><F114/><W80/><G38/><T41/><D41/><U8/><E49/><V46/><F46/><W75/><G110/><T103/><D127/><U88/><E51/><V66/><F66/><W119/><G119/><T2/><D2/><U29/><E85/><V92/><F92/><W71/><G86/><N who="0" m="50527" /><D74/><U112/><E112/><V69/><F69/><W61/><G71/><T135/><D135/><U77/><E12/><V62/><F62/><W45/><G61/><T63/><D63/><RYUUKYOKU ba="1,1" sc="291,-10,257,-10,184,30,258,-10" hai2="5,7,23,25,30,60,64,70,93,98,124,125,126" /><INIT seed="5,2,1,3,5,101" ten="281,247,214,248" oya="1" hai0="12,2,28,42,93,126,19,60,77,84,129,80,82" hai1="48,128,23,74,105,7,133,15,1,66,40,78,21" hai2="106,108,46,103,53,87,14,71,32,112,111,22,0" hai3="94,18,131,55,36,11,88,29,52,35,76,6,47"/><U10/><E128/><V73/><F32/><W120/><G120/><T102/><D2/><U65/><E133/><V134/><F73/><W8/><G131/><T62/><D126/><U117/><E117/><V68/><F0/><W50/><G36/><T3/><D3/><U64/><E105/><V86/><F134/><W72/><G29/><T39/><D28/><U43/><E43/><V132/><F132/><W57/><G35/><T123/><D123/><U37/><E48/><V100/><F53/><W92/><G92/><T116/><D116/><U63/><E63/><V4/><F14/><N who="3" m="5399" /><G72/><T69/><D69/><U20/><E15/><V96/><F4/><W90/><G76/><T81/><D42/><U125/><E125/><V114/><F22/><W91/><G18/><T44/><D39/><U30/><E30/><V109/><F46/><W95/><G11/><N who="0" m="6559" /><D44/><N who="1" m="23567" /><E23/><V122/><F122/><W75/><G75/><T9/><D9/><U127/><E127/><V25/><F25/><W59/><G47/><T79/><D129/><U26/><E26/><V17/><F17/><W99/><G95/><T54/><D79/><U38/><E38/><V115/><F103/><W110/><G110/><T5/><D5/><U135/><E135/><V33/><F33/><W27/><G27/><T13/><D13/><U118/><E118/><V121/><F121/><W45/><G45/><T104/><D104/><U130/><E130/><V24/><F24/><W67/><G55/><T124/><D124/><U113/><E113/><V70/><AGARI ba="2,1" hai="68,70,71,86,87,96,100,106,108,109,111,112,114,115" machi="70" ten="50,12000,2" yaku="0,1,29,2,15,1,11,1,52,1" doraHai="101" who="2" fromWho="2" sc="281,-32,247,-62,214,136,248,-32" /><INIT seed="6,0,0,4,1,65" ten="249,185,350,216" oya="2" hai0="54,97,71,52,84,6,124,8,111,94,102,108,82" hai1="130,99,62,69,46,56,23,77,2,118,10,103,7" hai2="90,113,93,64,0,57,96,115,59,12,67,85,18" hai3="78,19,75,53,116,1,34,128,81,87,101,107,25"/><V76/><F0/><W83/><G116/><T72/><D72/><U38/><E118/><V55/><F59/><W13/><G1/><T24/><D71/><U3/><E130/><V127/><F127/><W117/><G117/><T133/><D133/><U68/><E77/><V61/><F113/><W21/><G128/><T40/><D40/><U30/><E2/><V11/><F115/><W60/><G101/><T26/><D124/><U131/><E131/><V114/><F114/><W98/><G98/><T122/><D122/><U70/><E30/><V80/><AGARI ba="0,0" hai="11,12,18,55,57,61,64,67,76,80,85,90,93,96" machi="80" ten="30,3000,0" yaku="0,1,8,1" doraHai="65" who="2" fromWho="2" sc="249,-10,185,-10,350,30,216,-10" /><INIT seed="6,1,0,2,0,60" ten="239,175,380,206" oya="2" hai0="24,129,23,79,84,43,103,35,21,54,11,113,34" hai1="83,50,114,67,94,16,109,123,63,87,44,68,124" hai2="134,40,25,27,26,119,76,98,41,95,111,3,132" hai3="80,86,45,105,125,47,49,104,9,115,116,82,15"/><V10/><F119/><W91/><G116/><T61/><D43/><U5/><E123/><V118/><F118/><W70/><G70/><T110/><D110/><U71/><E109/><V130/><F111/><W122/><G122/><T29/><D103/><U85/><E114/><V89/><F130/><W12/><G125/><T53/><D129/><U8/><E124/><V37/><F76/><W66/><G115/><T0/><D35/><U7/><E71/><V31/><F31/><W93/><G66/><T55/><D113/><U56/><E68/><V73/><F73/><W42/><G47/><T128/><D128/><U4/><E94/><V99/><F99/><W57/><G57/><T74/><D74/><U97/><E97/><V46/><F40/><W48/><G48/><T51/><D61/><U90/><E85/><V107/><F107/><W6/><G80/><T72/><D72/><U38/><E38/><V78/><F78/><W106/><REACH who="3" step="1"/><G93/><REACH who="3" ten="239,175,380,196" step="2"/><T28/><D51/><U133/><E133/><V2/><F134/><W22/><G22/><T64/><D64/><U92/><E92/><V127/><F132/><W33/><G33/><T30/><D34/><U121/><E121/><V77/><F95/><W36/><G36/><T131/><D131/><U120/><E120/><V75/><F37/><W135/><G135/><T88/><D23/><U100/><E100/><V18/><F127/><W108/><G108/><T101/><D101/><U81/><E81/><V19/><F41/><W69/><G69/><T32/><D32/><U59/><E44/><V65/><F46/><W96/><G96/><RYUUKYOKU ba="1,1" sc="239,-10,175,-10,380,-10,196,30" hai3="6,9,12,15,42,45,49,82,86,91,104,105,106" /><INIT seed="7,2,1,3,5,19" ten="229,165,370,226" oya="3" hai0="33,54,98,10,78,119,113,7,133,25,32,42,55" hai1="3,40,80,76,47,122,107,44,34,111,46,82,64" hai2="91,97,13,49,39,2,103,84,93,37,23,17,6" hai3="68,123,83,135,131,5,58,121,90,81,41,28,95"/><W100/><G68/><T31/><D119/><U72/><E122/><V134/><F134/><W126/><G135/><T15/><D133/><U16/><E111/><V115/><F115/><W0/><G131/><T27/><D42/><U52/><E107/><V67/><F67/><W127/><G41/><T62/><D78/><U79/><E34/><V105/><F2/><W4/><G28/><T124/><D124/><N who="3" m="47657" /><G100/><T61/><D113/><U35/><E35/><V92/><F6/><N who="3" m="2667" /><G58/><T120/><D120/><N who="3" m="46153" /><G0/><T29/><D98/><AGARI ba="2,1" hai="81,83,90,95,98" m="46153,2667,47657" machi="98" ten="30,1500,0" yaku="18,1" doraHai="19" who="3" fromWho="0" sc="229,-21,165,0,370,0,226,31" /><INIT seed="7,3,0,0,2,73" ten="208,165,370,257" oya="3" hai0="2,39,133,37,42,106,72,34,107,25,21,86,11" hai1="105,67,127,103,81,91,82,57,45,61,87,47,36" hai2="124,112,63,85,102,64,97,44,130,24,75,80,46" hai3="33,32,117,0,134,31,95,74,90,125,26,56,51"/><W48/><G74/><T27/><D86/><U89/><E127/><V108/><F108/><W28/><G0/><T71/><D21/><U22/><E36/><V121/><F75/><W59/><G134/><T8/><D133/><U65/><E103/><V100/><F124/><W94/><G125/><T70/><D72/><U43/><E105/><V15/><F112/><W116/><G26/><T5/><D42/><U4/><E4/><V122/><F130/><W62/><G90/><T135/><D135/><U14/><E43/><V13/><F24/><W109/><G62/><T50/><D50/><U113/><E113/><V38/><F38/><W131/><G131/><T84/><D84/><U6/><E67/><V69/><F13/><W55/><G55/><T111/><D5/><U115/><E115/><V18/><F44/><W101/><G101/><T35/><D2/><U23/><E23/><N who="2" m="11743" /><F46/><W96/><G96/><T53/><D53/><U79/><E6/><V40/><F97/><W93/><G116/><T1/><D1/><U12/><E12/><V17/><F17/><W120/><G117/><T118/><D118/><U78/><E47/><V110/><F110/><AGARI ba="3,0" hai="8,11,25,27,34,35,37,39,70,71,106,107,110,111" machi="110" ten="25,1600,0" yaku="22,2" doraHai="73" who="0" fromWho="2" sc="208,25,165,0,370,-25,257,0" owari="233,-17.0,165,-33.0,345,44.0,257,6.0" /></mjloggm>