<mjloggm ver="2.3"><GO type="225" lobby="0"/><UN n0="%E5%B0%B1%E6%B4%BB%E7%94%9F%40%E5%B7%9D%E6%9D%91%E8%BB%8D%E5%9B%A3" n1="%73%65%6E%75%72%6C" n2="%E3%83%B4%E3%83%A0%EF%BC%99%E3%81%A6" n3="%41%42%49%4C%49%54%59" dan="16,17,16,18" rate="2024.11,2208.60,2139.69,2141.21" sx="M,F,M,M"/><TAIKYOKU oya="0"/><INIT seed="0,0,0,3,2,84" ten="250,250,250,250" oya="0" hai0="34,23,102,118,27,62,119,39,103,2,131,96,24" hai1="59,82,115,92,90,113,11,89,100,15,31,122,69" hai2="104,81,107,88,43,46,50,57,126,0,133,106,108" hai3="98,4,109,3,53,9,93,60,87,72,25,114,49"/><T121/><D2/><U76/><E69/><V10/><F108/><W68/><G114/><N who="1" m="43530" /><E122/><V85/><F126/><W105/><G72/><T17/><D39/><U21/><E59/><V19/><F133/><W75/><G75/><T32/><D121/><U40/><E40/><V63/><F0/><W56/><G109/><T44/><D131/><U8/><E100/><V127/><F127/><W47/><G68/><T18/><D62/><U20/><E11/><V28/><F28/><W41/><G105/><T74/><D74/><N who="1" m="43287" /><E31/><V97/><F97/><W134/><G134/><T30/><D44/><U16/><E90/><V51/><F51/><W80/><G25/><T99/><D30/><U129/><E129/><V73/><F73/><W101/><G80/><T132/><D132/><U64/><E64/><V55/><F10/><W124/><G124/><T65/><D65/><U67/><E67/><V78/><REACH who="2" step="1"/><F19/><REACH who="2" ten="250,250,240,250" step="2"/><W5/><G9/><T125/><D125/><U61/><E61/><V36/><F36/><W52/><G3/><T13/><D13/><U94/><E94/><V6/><F6/><W120/><G4/><T110/><D110/><U66/><E66/><V42/><F42/><W91/><G5/><T22/><AGARI ba="0,1" hai="17,18,22,23,24,27,32,34,96,99,102,103,118,119" machi="22" ten="25,4800,0" yaku="0,1,22,2" doraHai="84" who="0" fromWho="0" sc="250,58,250,-16,240,-16,250,-16" /><INIT seed="0,1,0,4,0,46" ten="308,234,224,234" oya="0" hai0="125,68,17,4,65,15,110,2,118,5,26,22,11" hai1="87,62,75,20,43,58,93,109,9,66,0,72,135" hai2="59,123,50,49,131,86,134,84,67,25,41,61,18" hai3="122,48,114,103,104,97,124,80,36,85,133,108,106"/><T98/><D118/><U121/><E121/><V38/><F123/><W33/><G122/><T12/><D125/><U16/><E109/><V64/><F131/><W14/><G124/><T101/><D110/><U126/><E126/><V23/><F134/><W119/><G108/><T99/><D99/><U35/><E35/><V113/><F113/><W73/><G133/><T77/><D77/><U81/><E135/><V27/><F38/><W69/><G36/><T96/><D96/><U21/><E43/><V29/><F64/><W8/><G33/><T105/><D5/><U115/><E93/><V70/><F70/><W1/><G69/><T52/><D65/><U55/><E115/><V53/><F41/><W37/><G37/><T102/><D102/><U28/><E66/><V94/><F94/><W56/><G119/><T78/><D78/><U130/><E130/><V74/><F74/><W44/><G73/><T107/><D107/><U3/><E3/><V128/><F128/><W92/><G1/><T7/><D68/><U19/><E28/><V13/><F25/><W63/><G114/><T10/><D2/><U30/><E30/><V112/><F112/><W88/><G63/><T57/><D57/><U82/><E75/><V32/><F67/><W116/><G56/><T39/><D39/><U111/><E111/><V117/><F117/><W76/><G116/><T24/><D24/><N who="1" m="14343" /><E72/><V89/><F84/><W100/><G106/><T42/><D42/><U51/><E87/><V40/><F40/><N who="3" m="24583" /><G104/><T90/><D90/><U31/><E0/><V45/><F45/><W34/><G34/><RYUUKYOKU ba="1,0" sc="308,10,234,-30,224,10,234,10" hai0="4,7,10,11,12,15,17,22,26,52,98,101,105" hai2="13,18,23,27,29,32,49,50,53,59,61,86,89" hai3="8,14,76,80,85,88,92,97,100,103" /><INIT seed="0,2,0,5,1,3" ten="318,204,234,244" oya="0" hai0="48,114,14,106,12,126,37,62,65,25,71,82,64" hai1="28,100,9,60,115,40,19,97,107,94,13,119,70" hai2="84,35,59,67,101,6,2,66,23,102,30,38,80" hai3="85,103,1,77,16,111,135,118,63,87,121,96,50"/><T105/><D114/><U127/><E119/><V130/><F35/><W68/><G118/><T54/><D37/><U79/><E115/><V124/><F38/><W99/><G111/><T131/><D65/><U31/><E127/><V39/><F39/><W24/><G135/><T51/><D126/><U93/><E40/><V45/><F45/><W55/><G121/><T32/><D51/><U81/><E70/><V134/><F134/><W98/><G1/><T132/><D132/><U122/><E60/><N who="2" m="38175" /><F2/><W89/><G63/><T69/><D69/><U83/><E83/><V27/><F67/><W73/><G68/><T74/><D131/><U10/><E122/><V46/><F46/><N who="3" m="28119" /><G73/><T125/><D125/><U15/><E94/><V18/><F130/><W120/><G120/><T91/><D25/><U42/><E107/><V7/><F124/><W8/><G77/><T29/><D29/><U95/><E95/><V11/><F30/><W57/><G57/><T75/><D32/><U49/><E49/><V128/><F128/><W34/><G34/><T108/><D75/><U90/><E100/><N who="2" m="38507" /><F11/><W104/><G104/><T92/><D108/><U78/><E42/><V17/><F17/><W5/><G103/><T53/><D106/><U109/><E109/><V110/><F110/><W22/><G89/><AGARI ba="2,0" hai="6,7,18,23,27,80,84,89" m="38507,38175" machi="89" ten="30,3900,0" yaku="8,1,52,2" doraHai="3" who="2" fromWho="3" sc="318,0,204,0,234,45,244,-45" /><INIT seed="1,0,0,5,5,108" ten="318,204,279,199" oya="1" hai0="116,42,80,28,121,51,74,85,117,61,105,21,127" hai1="70,110,83,60,4,97,37,6,93,66,89,124,111" hai2="129,29,2,65,63,91,16,131,109,33,100,113,95" hai3="30,82,3,35,5,39,118,40,132,47,71,54,10"/><U81/><E37/><V79/><F2/><W96/><G132/><T36/><D105/><U41/><E41/><V94/><F109/><N who="1" m="41481" /><E124/><V13/><F79/><W76/><G118/><T119/><D74/><U11/><E4/><V87/><F29/><W102/><G54/><T104/><D104/><U103/><E89/><V135/><F33/><W78/><G71/><T46/><D127/><U69/><E70/><V38/><F38/><W112/><G78/><T18/><D121/><U98/><E97/><V50/><F135/><W122/><G122/><T55/><D28/><U62/><E60/><V125/><F125/><W59/><G59/><T31/><D31/><U92/><E93/><V44/><F94/><W106/><G30/><T22/><D61/><U27/><E27/><V84/><F63/><W72/><G112/><T114/><D114/><U7/><E7/><V15/><F113/><W115/><G115/><T107/><D107/><U17/><E17/><V53/><F95/><W20/><REACH who="3" step="1"/><G20/><REACH who="3" ten="318,204,279,189" step="2"/><T23/><D55/><U24/><E24/><V67/><F53/><W19/><G19/><T73/><D18/><U130/><E130/><V90/><F16/><W32/><AGARI ba="0,1" hai="3,5,10,32,35,39,40,47,72,76,82,96,102,106" machi="32" ten="30,16000,3" yaku="1,1,0,1,25,2,33,3,53,1" doraHai="108" doraHaiUra="99" who="3" fromWho="3" sc="318,-40,204,-80,279,-40,189,170" /><INIT seed="2,0,0,4,0,75" ten="278,124,239,359" oya="2" hai0="80,120,113,123,71,124,86,91,51,44,114,83,66" hai1="132,115,69,72,14,28,135,108,49,3,29,122,38" hai2="42,17,20,129,79,81,110,87,36,16,18,130,112" hai3="121,134,119,11,63,103,67,50,111,56,34,24,1"/><V125/><F112/><N who="0" m="43114" /><D66/><U53/><E14/><V117/><F117/><W88/><G103/><T131/><D71/><U89/><E89/><V25/><F125/><W85/><G111/><T0/><D0/><U133/><E3/><V102/><F110/><W48/><G134/><N who="1" m="34306" /><U95/><DORA hai="8" /><E95/><V64/><F64/><W97/><G97/><T60/><D60/><U70/><E29/><V21/><F102/><W106/><G106/><T37/><D51/><U47/><E28/><V101/><F101/><W7/><G121/><N who="0" m="46667" /><D44/><N who="1" m="27815" /><E72/><V68/><F68/><N who="1" m="26217" /><E115/><V31/><F20/><W33/><G33/><T76/><D83/><U109/><E122/><V94/><F94/><W9/><G34/><T65/><D86/><U39/><E39/><V19/><F31/><W41/><G85/><T10/><D80/><U58/><E58/><V55/><F36/><W27/><G56/><T12/><D91/><U93/><E93/><V13/><F13/><W77/><G88/><T32/><D37/><U82/><E82/><V46/><F81/><W2/><G2/><T45/><D12/><U4/><E4/><V74/><F74/><W107/><G7/><T126/><D32/><U57/><E57/><V128/><F87/><W30/><G1/><T62/><D10/><U35/><E35/><V26/><F26/><W127/><G24/><T59/><D126/><U61/><E61/><V78/><F25/><W98/><G27/><T40/><D124/><U22/><E22/><V43/><F21/><W5/><G127/><T105/><D62/><U90/><E90/><V15/><F15/><W100/><G63/><RYUUKYOKU ba="0,0" sc="278,-10,124,30,239,-10,359,-10" hai1="38,47,108,109" /><INIT seed="3,1,0,5,2,9" ten="268,154,229,349" oya="3" hai0="54,65,72,129,127,112,46,83,64,102,119,104,107" hai1="56,111,96,11,48,41,88,66,124,113,89,63,32" hai2="21,67,108,80,51,44,24,75,43,74,35,69,123" hai3="131,27,79,58,20,55,93,132,15,77,17,39,92"/><W117/><G39/><T36/><D119/><U22/><E111/><V10/><F10/><N who="3" m="6391" /><G132/><T120/><D120/><U110/><E110/><V38/><F108/><W1/><G1/><T76/><D112/><U0/><E124/><V23/><F51/><N who="3" m="31103" /><G131/><T49/><D127/><U106/><E32/><V30/><F123/><W70/><G70/><T105/><D129/><U84/><E113/><V50/><F38/><W3/><G3/><T7/><D102/><U121/><E121/><V100/><F100/><W122/><G117/><T45/><D7/><U116/><E116/><V109/><F109/><W42/><G42/><T86/><D72/><U115/><E115/><V26/><F74/><W62/><G62/><T94/><D94/><N who="3" m="36457" /><G122/><T2/><D2/><U53/><E106/><V18/><F35/><W73/><G73/><T31/><D36/><U33/><E33/><V16/><F69/><W25/><G25/><T91/><D107/><U128/><E128/><V78/><F67/><W40/><G40/><T8/><D65/><U95/><E0/><V85/><F75/><W57/><G57/><T130/><D64/><U52/><E11/><V125/><F125/><W47/><G47/><T19/><D105/><U87/><E22/><V5/><F5/><W14/><G14/><T12/><D104/><U126/><E126/><V28/><AGARI ba="1,0" hai="16,18,21,23,24,26,28,30,43,44,50,78,80,85" machi="28" ten="20,8000,1" yaku="0,1,7,1,9,1,8,1,54,1" doraHai="9" who="2" fromWho="2" sc="268,-21,154,-21,229,83,349,-41" owari="247,-15.0,133,-37.0,312,41.0,308,11.0" /></mjloggm>