<mjloggm ver="2.3"><GO type="169" lobby="0"/><UN n0="%33%E7%95%AA%44%48%E4%BA%95%E7%AB%AF" n1="%E3%82%A6%E3%83%AB%E3%83%88%E3%83%A9%E7%AB%8B%E7%9B%B4" n2="%46%75%6B%61%74%73%75%72" n3="%E3%81%94%E3%81%86%EF%BC%AA%EF%BC%B0%EF%BC%AE" dan="17,17,16,16" rate="2118.70,2128.69,2039.44,2110.65" sx="M,M,M,M"/><TAIKYOKU oya="0"/><INIT seed="0,0,0,2,0,108" ten="250,250,250,250" oya="0" hai0="112,68,50,113,64,13,98,27,37,133,14,53,85" hai1="62,134,81,42,0,110,126,128,15,18,38,48,105" hai2="51,122,117,116,125,95,43,52,47,71,107,2,12" hai3="99,67,75,83,60,35,93,30,131,33,20,8,88"/><T78/><D37/><U120/><E38/><N who="2" m="22007" /><F107/><W54/><G131/><T100/><D133/><U76/><E105/><V84/><F2/><W31/><G54/><T55/><D55/><U115/><E0/><V104/><F104/><W61/><G8/><T130/><D130/><U94/><E126/><V87/><F122/><W17/><G35/><T123/><D123/><U59/><E110/><V65/><F125/><W28/><G33/><T103/><D103/><U39/><E39/><V49/><F12/><W5/><G5/><T26/><D14/><U132/><E128/><V29/><F29/><W22/><G61/><T74/><D74/><U77/><E94/><V41/><F41/><W111/><G111/><T96/><D13/><U106/><E106/><V121/><F121/><W58/><REACH who="3" step="1"/><G17/><REACH who="3" ten="250,250,250,240" step="2"/><T21/><D53/><U66/><E62/><N who="2" m="40375" /><F52/><W40/><G40/><T79/><D21/><U86/><E120/><V32/><F32/><W24/><G24/><T70/><D27/><U63/><E134/><V97/><F117/><W101/><G101/><T1/><D26/><U135/><E132/><V69/><F116/><W23/><G23/><T90/><D100/><U57/><E135/><V91/><F69/><W11/><G11/><T109/><D70/><U10/><E59/><V129/><F129/><W124/><G124/><T9/><D68/><U56/><E57/><V80/><F80/><W4/><G4/><T16/><D109/><U45/><E18/><V73/><F73/><W114/><G114/><N who="0" m="44139" /><D16/><N who="1" m="8311" /><E115/><V118/><F118/><W46/><G46/><T127/><D127/><U44/><E44/><RYUUKYOKU ba="0,1" sc="250,-30,250,10,250,10,240,10" hai1="42,45,48,56,63,66,76,77,81,86" hai2="49,51,84,87,91,95,97" hai3="20,22,28,30,31,58,60,67,75,83,88,93,99" /><INIT seed="1,1,1,3,1,89" ten="220,260,260,250" oya="1" hai0="99,91,39,102,3,72,107,70,82,53,84,21,13" hai1="77,4,93,67,20,38,0,22,88,57,9,79,133" hai2="122,96,48,41,6,80,95,26,5,129,76,119,30" hai3="126,27,63,108,104,34,115,64,71,118,55,74,85"/><U16/><E38/><V1/><F122/><W121/><RYUUKYOKU type="yao9" ba="1,1" sc="220,0,260,0,260,0,250,0" hai3="27,34,55,63,64,71,74,85,104,108,115,118,121,126" /><INIT seed="1,2,1,0,4,64" ten="220,260,260,250" oya="1" hai0="97,40,133,120,76,102,18,27,41,131,56,71,96" hai1="107,12,125,103,123,92,83,114,0,127,124,3,58" hai2="37,134,72,65,101,29,17,20,16,21,36,85,121" hai3="59,135,100,24,128,117,80,49,77,66,5,61,35"/><U106/><E123/><V95/><F121/><W54/><G135/><T10/><D120/><U13/><E114/><V55/><F72/><W129/><G117/><T14/><D133/><U26/><E83/><V98/><F134/><W31/><G100/><T67/><D131/><U62/><E26/><V90/><F65/><W46/><REACH who="3" step="1"/><G5/><REACH who="3" ten="220,260,260,240" step="2"/><T73/><D102/><U113/><E113/><V1/><F101/><W82/><G82/><T69/><D41/><U32/><E92/><V2/><F95/><W22/><G22/><T15/><D40/><U57/><E32/><V84/><F21/><W25/><G25/><T86/><D27/><U91/><E103/><V108/><F20/><W110/><G110/><T60/><D10/><U132/><E132/><V119/><F108/><W111/><G111/><T74/><D15/><U81/><E13/><V23/><F119/><W9/><G9/><T43/><D14/><U51/><E12/><V6/><F23/><W53/><G53/><T89/><D43/><U8/><E8/><V88/><F6/><W68/><G68/><T38/><D69/><U115/><E115/><V47/><F55/><W52/><G52/><T79/><D71/><U75/><E81/><V50/><F2/><W4/><G4/><T93/><D93/><U28/><E0/><V130/><F1/><W34/><G34/><T48/><D18/><U30/><E3/><V126/><F17/><W87/><AGARI ba="2,2" hai="24,31,35,46,49,54,59,61,66,77,80,87,128,129" machi="87" ten="30,2000,0" yaku="1,1,0,1,53,0" doraHai="64" doraHaiUra="94" who="3" fromWho="3" sc="220,-7,260,-12,260,-7,240,46" /><INIT seed="2,0,0,0,2,29" ten="213,248,253,286" oya="2" hai0="116,74,15,40,28,100,3,78,31,97,76,7,71" hai1="13,59,73,12,84,106,51,102,86,107,19,64,93" hai2="14,54,92,75,37,91,27,128,56,66,110,123,120" hai3="68,60,115,113,21,52,41,63,50,26,131,95,10"/><V45/><F75/><W9/><G41/><T82/><D116/><U122/><E73/><V46/><F128/><W129/><G95/><T2/><D71/><U94/><E122/><V83/><F83/><W121/><G9/><T23/><D76/><U11/><E106/><V43/><F46/><W58/><G10/><T89/><D89/><U32/><E32/><V33/><F66/><W39/><G39/><T118/><D118/><U126/><E107/><V67/><F67/><N who="3" m="41087" /><G121/><T4/><D40/><U6/><E126/><V48/><F14/><W96/><G96/><T25/><D28/><U5/><E5/><V18/><F110/><W44/><G21/><T85/><D74/><U17/><E6/><V49/><F37/><W38/><G26/><T0/><REACH who="0" step="1"/><D15/><REACH who="0" ten="203,248,253,286" step="2"/><U127/><E13/><V87/><REACH who="2" step="1"/><F18/><REACH who="2" ten="203,248,243,286" step="2"/><W111/><G111/><T62/><D62/><U16/><E19/><V35/><F35/><W105/><G38/><T79/><D79/><U124/><E17/><V24/><F24/><W103/><G129/><T114/><D114/><U125/><E16/><V108/><F108/><W53/><G131/><T99/><D99/><N who="1" m="59767" /><E12/><V101/><F101/><W65/><G103/><T47/><D47/><U8/><E124/><V88/><F88/><W104/><G65/><T57/><D57/><U133/><E125/><V30/><AGARI ba="0,2" hai="27,30,33,43,45,48,49,54,56,87,91,92,120,123" machi="30" ten="30,6000,0" yaku="1,1,0,1,52,1,53,0" doraHai="29" doraHaiUra="135" who="2" fromWho="2" sc="203,-20,248,-20,243,80,286,-20" /><INIT seed="2,1,0,1,3,76" ten="183,228,323,266" oya="2" hai0="7,78,83,2,110,12,52,53,1,63,8,128,79" hai1="55,37,92,0,132,134,129,14,43,60,87,9,65" hai2="48,120,28,124,38,74,6,24,105,86,75,51,109" hai3="30,80,58,99,85,111,81,50,135,47,70,107,23"/><V39/><F105/><W131/><G70/><T40/><D110/><U96/><E0/><V3/><F120/><W112/><G111/><T17/><D128/><U41/><E55/><V10/><F109/><W32/><G32/><T119/><D119/><U27/><E27/><V90/><F124/><W118/><G118/><T33/><D33/><U36/><E87/><V45/><F51/><W13/><G135/><N who="1" m="51754" /><E129/><V100/><F100/><W106/><G131/><T125/><D125/><U31/><E31/><V5/><F5/><W88/><G112/><T101/><D101/><N who="1" m="60551" /><E41/><V64/><F64/><W16/><G30/><T22/><D2/><U98/><E98/><V29/><F75/><W97/><G58/><T123/><D123/><U62/><E43/><V49/><F74/><W54/><G107/><T25/><D40/><U56/><E62/><V115/><F115/><W61/><G106/><T44/><D1/><U46/><E46/><V103/><F29/><W57/><REACH who="3" step="1"/><G81/><REACH who="3" ten="183,228,323,256" step="2"/><T121/><D121/><U11/><E11/><V122/><F10/><W35/><G35/><T108/><D108/><U89/><E89/><V127/><F28/><W67/><AGARI ba="1,1" hai="13,16,23,47,50,54,57,61,67,80,85,88,97,99" machi="67" ten="20,16000,3" yaku="1,1,0,1,7,1,8,1,52,1,54,2,53,1" doraHai="76" doraHaiUra="59" who="3" fromWho="3" sc="183,-41,228,-41,323,-81,256,173" /><INIT seed="3,0,0,1,4,131" ten="142,187,242,429" oya="3" hai0="20,72,14,45,110,44,111,84,59,64,68,70,133" hai1="81,122,100,62,48,1,47,55,18,106,4,89,94" hai2="8,92,34,28,90,21,3,12,29,128,123,101,25" hai3="130,86,75,104,40,77,96,10,78,85,16,109,127"/><W22/><G130/><T42/><D72/><U108/><E122/><V24/><F128/><W119/><G119/><T132/><D84/><U107/><E108/><N who="0" m="41513" /><D20/><U11/><E100/><V46/><F123/><W113/><G113/><T120/><D14/><U54/><E81/><V126/><F126/><W73/><G109/><T124/><D124/><U91/><E18/><V95/><F3/><W36/><G127/><T35/><D35/><U116/><E116/><V30/><F46/><N who="0" m="18026" /><D42/><U26/><E26/><V53/><F53/><W52/><G40/><T58/><D120/><U112/><E112/><V97/><F34/><W80/><G36/><T61/><D59/><U5/><E5/><N who="2" m="3087" /><F21/><W67/><G67/><T83/><D83/><U7/><E7/><V118/><F118/><W79/><G10/><T117/><D117/><U23/><E23/><V38/><F38/><W19/><G104/><T103/><D103/><U115/><E115/><V15/><F15/><W37/><G37/><T76/><D76/><U33/><E33/><V9/><F9/><W0/><G96/><AGARI ba="0,0" hai="24,25,28,29,30,90,92,95,96,97,101" m="3087" machi="96" ten="30,1000,0" yaku="8,1" doraHai="131" who="2" fromWho="3" sc="142,0,187,0,242,10,429,-10" /><INIT seed="4,0,0,3,1,52" ten="142,187,252,419" oya="0" hai0="39,80,101,121,34,14,53,86,119,15,16,104,109" hai1="82,110,99,108,44,10,40,93,7,89,132,98,130" hai2="88,13,51,90,91,69,77,54,75,105,123,126,127" hai3="128,56,114,76,124,23,78,50,100,0,116,131,73"/><T118/><D121/><U36/><E132/><V27/><F123/><W115/><G116/><T12/><D34/><U2/><E130/><N who="3" m="49706" /><G0/><T83/><D39/><U57/><E99/><V70/><F105/><W125/><G100/><T4/><D4/><U28/><E28/><V106/><F106/><W45/><G23/><T46/><D109/><U71/><E71/><V33/><F13/><N who="0" m="5226" /><D119/><U3/><E3/><V134/><F134/><W72/><G56/><T55/><D118/><U6/><E6/><V5/><F5/><W17/><G17/><T65/><D65/><U49/><E49/><V95/><F95/><W107/><G50/><N who="0" m="28887" /><D104/><U42/><E42/><V30/><F75/><N who="3" m="28747" /><G45/><T29/><D29/><U11/><E11/><V133/><F133/><W48/><G48/><T112/><D101/><U25/><E57/><N who="2" m="32991" /><F77/><N who="3" m="29803" /><G107/><T87/><D55/><U60/><E108/><V58/><F58/><W9/><G9/><T66/><D66/><U37/><E110/><V85/><F85/><W122/><G122/><T43/><D43/><U64/><E37/><V59/><F59/><W120/><G120/><T94/><D87/><U68/><E36/><V19/><F19/><W31/><G31/><T74/><D74/><U92/><E40/><V47/><F47/><W32/><G32/><T24/><D86/><N who="1" m="50391" /><E44/><V61/><F70/><W18/><G18/><T1/><D1/><U135/><E135/><V84/><F84/><W79/><N who="3" m="29811" /><W38/><DORA hai="41" /><G38/><T35/><D35/><U96/><E2/><V22/><F33/><W117/><G117/><T111/><D111/><U81/><E7/><RYUUKYOKU ba="0,0" sc="142,-15,187,-15,252,15,419,15" hai2="22,27,30,61,69,88,90,91,126,127" hai3="114,115,124,125" /><INIT seed="5,1,0,2,2,117" ten="127,172,267,434" oya="1" hai0="112,49,68,31,80,115,94,58,126,130,110,50,28" hai1="103,25,9,67,57,74,124,40,127,88,122,109,2" hai2="120,46,66,123,30,72,0,26,29,3,128,132,91" hai3="114,65,55,45,89,13,59,51,54,131,61,99,8"/><U90/><E74/><V38/><F72/><W23/><G114/><N who="0" m="43563" /><D110/><U76/><E76/><V118/><F66/><W70/><G131/><T81/><D68/><U44/><E103/><V4/><F91/><N who="1" m="34857" /><E25/><V87/><F87/><W36/><G23/><T92/><D130/><U21/><E21/><N who="2" m="15567" /><F46/><W86/><G99/><T135/><D135/><U1/><E9/><N who="2" m="2183" /><F38/><W133/><G133/><T22/><D126/><N who="1" m="48171" /><E109/><V56/><F128/><W85/><G36/><T15/><D31/><U6/><E6/><V104/><F104/><W93/><G85/><T5/><D28/><U106/><E106/><V34/><F118/><W43/><REACH who="3" step="1"/><G70/><REACH who="3" ten="127,172,267,424" step="2"/><T63/><D22/><U73/><E73/><V102/><F132/><W96/><G96/><T129/><D129/><U24/><E24/><V47/><F34/><W105/><G105/><T83/><D94/><U100/><E100/><V98/><F102/><W79/><G79/><T119/><D119/><U77/><E77/><V17/><F98/><W10/><G10/><N who="0" m="4559" /><D92/><U19/><E19/><AGARI ba="1,1" hai="8,13,19,43,45,51,54,55,59,61,65,86,89,93" machi="19" ten="30,7700,0" yaku="1,1,7,1,8,1,53,1" doraHai="117" doraHaiUra="84" who="3" fromWho="1" sc="127,0,172,-80,267,0,424,90" /><INIT seed="6,0,0,3,1,43" ten="127,92,267,514" oya="2" hai0="113,69,73,15,14,60,64,122,32,95,118,76,130" hai1="1,70,68,125,37,86,4,120,5,23,40,65,59" hai2="80,96,31,84,46,12,128,105,36,22,72,103,75" hai3="21,67,8,44,121,27,63,131,78,24,7,108,38"/><V91/><F128/><W39/><G108/><T88/><D122/><U114/><E23/><V3/><F3/><W71/><G131/><T55/><D130/><U35/><E86/><V99/><F99/><W20/><G121/><T116/><D32/><U111/><E59/><V28/><F12/><W66/><G66/><T115/><D55/><U85/><E85/><V74/><REACH who="2" step="1"/><F22/><REACH who="2" ten="127,92,257,514" step="2"/><W83/><G21/><T109/><D15/><U30/><E1/><V104/><F104/><W50/><G20/><T51/><D14/><U56/><E120/><V135/><F135/><W42/><G27/><T124/><D116/><U25/><E35/><V101/><F101/><W6/><G24/><T33/><D118/><U16/><E25/><V87/><F87/><W89/><G8/><T34/><D34/><U49/><E111/><V45/><F45/><W107/><G107/><T53/><D33/><U29/><E4/><V54/><F54/><W62/><G6/><T52/><D53/><U110/><E5/><V81/><F81/><W57/><G7/><T2/><D2/><U94/><E110/><V90/><F90/><W112/><G89/><T100/><D100/><U126/><E126/><V127/><F127/><W102/><G102/><T17/><D109/><U129/><E125/><V19/><F19/><W133/><G133/><T79/><D17/><U58/><E16/><V11/><F11/><W47/><G83/><N who="0" m="45455" /><D124/><U61/><E129/><V77/><F77/><W97/><G78/><T13/><D79/><U119/><E119/><V48/><F48/><W9/><G9/><T117/><D117/><RYUUKYOKU ba="0,1" sc="127,-10,92,-10,257,30,514,-10" hai2="28,31,36,46,72,74,75,80,84,91,96,103,105" /><INIT seed="6,1,1,4,2,77" ten="117,82,287,504" oya="2" hai0="122,91,10,11,111,12,27,33,22,31,29,0,7" hai1="9,130,103,36,112,100,55,106,73,118,117,101,62" hai2="47,116,3,110,96,1,16,37,63,5,87,13,42" hai3="56,83,23,68,35,135,14,20,69,78,59,132,48"/><V89/><F116/><N who="1" m="44649" /><E55/><V39/><F110/><W71/><G35/><T133/><D91/><U60/><E9/><V58/><F96/><W41/><G41/><T18/><D111/><U82/><E36/><V54/><F37/><W80/><G78/><T66/><D66/><U94/><E60/><V45/><F45/><W26/><G14/><T92/><D92/><U30/><E62/><V70/><F5/><W81/><G48/><T119/><D119/><U113/><E30/><N who="0" m="11273" /><D133/><N who="3" m="51273" /><G26/><T38/><D38/><U99/><E130/><V131/><F131/><W24/><G24/><T50/><D50/><U121/><E121/><V98/><F98/><W76/><G76/><T40/><D40/><U104/><E73/><V90/><F70/><W49/><G49/><T75/><D75/><U97/><E82/><V19/><F19/><W8/><G8/><N who="0" m="2151" /><D122/><U65/><E65/><V51/><F39/><W85/><G85/><T28/><AGARI ba="1,1" hai="10,11,12,18,22,27,28,33" m="2151,11273" machi="28" ten="30,12000,2" yaku="24,1,35,5" doraHai="77" who="0" fromWho="0" sc="117,133,82,-31,287,-61,504,-31" /><INIT seed="7,0,0,4,1,85" ten="250,51,226,473" oya="3" hai0="114,53,113,88,111,91,104,40,1,10,4,67,97" hai1="31,94,9,100,2,0,108,128,24,54,102,129,50" hai2="48,115,107,39,119,134,20,75,6,35,38,52,41" hai3="73,66,30,23,126,106,99,125,122,37,70,81,29"/><W8/><G37/><N who="2" m="13833" /><F6/><W101/><G8/><T72/><D111/><U5/><E0/><V46/><F20/><W63/><G122/><T87/><D72/><U18/><E18/><V86/><F107/><W26/><G30/><T116/><D116/><U118/><E108/><V78/><F86/><W96/><G99/><T79/><D40/><U55/><E118/><V130/><F78/><W90/><G90/><T33/><D33/><U133/><E133/><V98/><F75/><W77/><AGARI ba="0,0" hai="23,26,29,63,66,70,73,77,81,96,101,106,125,126" machi="77" ten="30,1500,0" yaku="0,1" doraHai="85" who="3" fromWho="3" sc="250,-5,51,-5,226,-5,473,15" owari="245,5.0,46,-45.0,221,-18.0,488,58.0" /></mjloggm>