<mjloggm ver="2.3"><GO type="169" lobby="0"/><UN n0="%44%26%46" n1="%E3%81%9C%E3%82%8D%E3%82%81%E3%81%90" n2="%E3%80%90%E7%BD%AA%E6%AD%8C%E3%80%91" n3="%E5%B0%B1%E6%B4%BB%E7%94%9F%40%E5%B7%9D%E6%9D%91%E8%BB%8D%E5%9B%A3" dan="16,16,18,17" rate="2083.24,2027.91,2299.21,2198.28" sx="M,F,F,M"/><TAIKYOKU oya="0"/><INIT seed="0,0,0,5,3,52" ten="250,250,250,250" oya="0" hai0="89,18,31,5,73,53,65,105,78,71,129,54,120" hai1="21,38,63,75,109,107,61,121,87,133,79,70,2" hai2="97,56,35,90,100,86,69,43,106,30,0,37,77" hai3="13,74,46,64,111,58,83,23,16,29,116,114,15"/><T50/><D105/><U39/><E121/><V55/><F69/><W57/><G116/><T128/><D120/><U17/><E75/><V25/><F0/><W115/><G111/><T27/><D73/><U34/><E34/><V81/><F43/><W130/><G130/><T20/><D78/><U10/><E109/><V8/><F8/><W103/><G103/><T112/><D112/><U91/><E79/><V41/><F41/><W44/><G29/><T66/><D5/><U94/><E133/><V12/><F12/><W33/><G33/><T68/><D89/><U19/><E107/><V6/><F6/><W96/><G96/><T7/><D7/><U123/><E123/><V132/><F132/><W28/><G28/><T1/><D1/><U85/><E85/><V131/><F37/><W118/><G118/><T92/><D92/><U119/><E119/><V24/><F24/><W76/><G64/><N who="0" m="24683" /><D31/><U84/><E2/><V9/><F9/><W40/><G15/><T101/><D101/><U26/><E10/><V108/><F131/><N who="0" m="50250" /><D54/><U32/><E94/><V104/><F104/><W110/><G110/><T47/><AGARI ba="0,0" hai="18,20,27,47,50,53,68,71" m="50250,24683" machi="47" ten="30,1500,0" yaku="19,1" doraHai="52" who="0" fromWho="0" sc="250,15,250,-5,250,-5,250,-5" /><INIT seed="0,1,0,0,5,51" ten="265,245,245,245" oya="0" hai0="108,23,73,22,127,60,71,20,117,17,126,34,121" hai1="24,12,47,53,111,123,31,134,116,81,78,88,35" hai2="13,75,101,79,119,102,96,6,55,3,56,1,19" hai3="64,5,68,37,122,133,77,50,114,27,33,124,61"/><T92/><D73/><U42/><E111/><V36/><F36/><W72/><G114/><T90/><D34/><U66/><E134/><V118/><F6/><W15/><G124/><N who="0" m="47659" /><D117/><N who="2" m="44554" /><F79/><W18/><G133/><T49/><D121/><U99/><E116/><V16/><F75/><W45/><G122/><T29/><D29/><U74/><E123/><V58/><F58/><W109/><G109/><T132/><D132/><U26/><E66/><V7/><F7/><W83/><G37/><T94/><D94/><U0/><E0/><N who="2" m="75" /><F13/><W98/><G5/><T87/><D49/><U65/><E24/><V103/><F96/><W125/><G98/><T2/><D2/><U4/><E65/><V80/><F80/><W95/><G125/><T135/><D135/><U70/><E70/><V57/><F57/><W25/><G33/><T40/><D40/><U67/><E67/><V86/><F86/><W62/><G62/><AGARI ba="1,0" hai="16,19,55,56,62,101,102,103" m="75,44554" machi="62" ten="40,5200,0" yaku="12,1,52,1,54,1" doraHai="51" who="2" fromWho="3" sc="265,0,245,0,245,55,245,-55" /><INIT seed="1,0,0,1,5,80" ten="265,245,300,190" oya="1" hai0="52,3,23,135,89,77,72,30,63,11,96,15,60" hai1="7,83,24,8,9,56,44,115,59,33,111,31,41" hai2="71,106,69,107,22,37,16,110,70,104,119,108,98" hai3="131,73,13,85,109,126,118,134,123,39,64,54,36"/><U35/><E115/><V112/><F119/><W57/><G73/><T46/><D72/><U48/><E111/><N who="2" m="42539" /><F37/><W38/><G109/><T125/><D77/><U133/><E133/><V27/><F112/><W116/><G123/><T50/><D125/><U113/><E113/><V5/><F5/><W12/><G64/><T25/><D3/><U43/><E35/><V102/><AGARI ba="0,0" hai="16,22,27,69,70,71,98,102,104,106,107" m="42539" machi="102" ten="40,2700,0" yaku="14,1,54,1" doraHai="80" who="2" fromWho="2" sc="265,-7,245,-13,300,27,190,-7" /><INIT seed="2,0,0,0,5,10" ten="258,232,327,183" oya="2" hai0="116,131,83,60,16,29,32,4,123,28,31,49,112" hai1="126,33,90,134,127,98,3,125,37,52,115,50,12" hai2="67,121,91,105,34,7,114,13,80,46,84,109,26" hai3="94,54,45,122,92,100,97,108,124,43,11,89,44"/><V35/><F114/><W120/><G108/><T73/><D123/><U38/><E3/><V27/><F121/><W0/><G124/><T47/><D4/><U24/><E115/><V117/><F117/><W77/><G77/><T42/><D116/><U65/><E65/><V129/><F105/><W104/><G104/><T15/><D131/><U68/><E68/><V2/><F2/><W59/><G0/><T69/><D112/><U85/><E98/><V111/><F67/><W72/><G72/><T53/><D32/><N who="2" m="12330" /><F46/><W103/><G11/><T96/><D96/><U19/><E24/><N who="2" m="9259" /><F7/><W128/><G128/><T113/><D113/><U135/><E33/><V93/><F93/><W118/><G118/><T17/><D17/><U79/><E79/><V110/><F129/><W36/><G45/><T39/><D73/><U40/><E38/><V55/><F55/><W107/><G103/><T18/><D18/><U106/><E106/><V66/><F66/><W1/><G1/><T9/><D83/><N who="1" m="49471" /><E40/><V21/><F21/><W88/><G107/><T81/><D81/><U70/><E37/><V102/><F102/><W41/><G41/><T101/><D101/><U95/><E95/><V82/><F82/><W130/><G130/><T75/><D75/><U22/><E70/><V20/><F20/><W119/><G119/><T30/><N who="0" m="7168" /><DORA hai="78" /><T51/><D39/><U86/><E86/><V48/><F48/><N who="3" m="31175" /><G100/><T76/><D76/><U56/><AGARI ba="0,0" hai="12,19,22,50,52,56,125,126,127,134,135" m="49471" machi="56" ten="40,8000,1" yaku="18,1,52,2,54,1" doraHai="10,78" who="1" fromWho="1" sc="258,-20,232,80,327,-40,183,-20" /><INIT seed="3,0,0,0,0,120" ten="238,312,287,163" oya="3" hai0="130,74,46,29,43,65,81,121,37,119,75,14,87" hai1="55,84,24,103,94,47,50,57,48,2,44,6,72" hai2="92,131,17,90,88,39,78,60,49,122,52,126,93" hai3="86,40,129,31,3,32,13,22,62,25,61,105,45"/><W15/><G105/><T12/><D121/><U8/><E72/><V77/><F39/><W27/><G3/><T59/><D119/><U1/><E24/><V85/><F131/><W64/><G129/><T116/><D116/><U56/><E1/><V33/><F33/><W19/><G86/><T76/><D29/><U9/><E9/><V67/><F126/><W79/><G79/><T42/><D42/><U135/><E135/><V54/><F17/><W30/><G19/><T63/><D130/><U5/><E5/><V118/><F122/><W68/><REACH who="3" step="1"/><G61/><REACH who="3" ten="238,312,287,153" step="2"/><T82/><REACH who="0" step="1"/><D74/><REACH who="0" ten="228,312,287,153" step="2"/><U104/><E2/><V69/><F118/><W101/><G101/><T97/><D97/><U124/><E103/><V58/><REACH who="2" step="1"/><F54/><REACH who="2" ten="228,312,277,153" step="2"/><W102/><G102/><T26/><D26/><U117/><E55/><V53/><F53/><W0/><G0/><T128/><D128/><U7/><E117/><V10/><F10/><W115/><G115/><T23/><D23/><U70/><E8/><V66/><F66/><W18/><G18/><T95/><D95/><U109/><E94/><V100/><F100/><W28/><G28/><T16/><D16/><U51/><E104/><V108/><F108/><W132/><G132/><T41/><D41/><U89/><E109/><V110/><F110/><W91/><G91/><AGARI ba="0,3" hai="12,14,37,43,46,59,63,65,75,76,81,82,87,91" machi="91" ten="30,2000,0" yaku="1,1,7,1,53,0" doraHai="120" doraHaiUra="125" who="0" fromWho="3" sc="228,50,312,0,277,0,153,-20" /><INIT seed="4,0,0,1,0,87" ten="278,312,277,133" oya="0" hai0="47,51,59,41,80,19,25,10,109,43,95,113,111" hai1="22,11,8,67,125,28,0,60,82,120,64,18,31" hai2="72,126,45,23,99,66,78,115,17,105,94,91,61" hai3="135,2,118,114,37,9,56,39,65,30,127,46,32"/><T7/><D113/><U73/><E120/><V88/><F105/><W29/><G118/><T76/><D59/><U85/><E73/><V62/><F115/><W92/><G114/><T123/><D123/><U16/><E125/><V110/><F110/><W93/><G127/><T98/><D41/><U86/><E0/><V96/><F126/><W44/><G135/><T128/><D128/><U15/><E86/><V36/><F72/><W116/><G116/><T101/><D25/><U75/><E75/><V122/><F122/><W33/><G56/><T100/><D19/><U57/><E64/><V90/><F78/><W4/><G65/><T50/><D50/><U63/><E63/><N who="2" m="24075" /><F36/><W52/><G9/><N who="1" m="3658" /><E18/><V84/><F45/><W69/><G69/><T35/><D35/><U104/><E104/><V6/><F6/><W1/><REACH who="3" step="1"/><G4/><REACH who="3" ten="278,312,277,123" step="2"/><T89/><D109/><U107/><E67/><V26/><F66/><W27/><G27/><T49/><D111/><U117/><E57/><V40/><F40/><W12/><G12/><T134/><D134/><U55/><E117/><V77/><F77/><W71/><G71/><T124/><D124/><U119/><E119/><V21/><F21/><W131/><G131/><T34/><D34/><U132/><E22/><V20/><F20/><W133/><G133/><T102/><D7/><U24/><E132/><V79/><F79/><W14/><G14/><T121/><D10/><U70/><E15/><V112/><F112/><W42/><G42/><T48/><D121/><U38/><E70/><V54/><F54/><AGARI ba="0,1" hai="1,2,29,30,32,33,37,39,44,46,52,54,92,93" machi="54" ten="25,6400,0" yaku="1,1,22,2,54,1,53,0" doraHai="87" doraHaiUra="3" who="3" fromWho="2" sc="278,0,312,0,277,-64,123,74" /><INIT seed="5,0,0,4,4,112" ten="278,312,213,197" oya="1" hai0="51,72,114,65,117,132,60,63,129,66,20,135,26" hai1="8,124,56,89,133,23,116,105,10,11,36,85,54" hai2="123,68,38,75,1,79,34,119,45,81,39,0,42" hai3="128,98,2,48,62,58,52,57,113,35,107,73,126"/><U90/><E36/><V7/><F123/><W70/><G35/><T25/><D72/><U94/><E105/><V44/><F68/><W74/><G2/><T14/><D114/><U28/><E124/><V30/><F119/><W3/><G3/><T109/><D109/><U91/><E116/><V4/><F4/><W41/><G113/><T12/><D117/><U115/><E133/><N who="0" m="51273" /><D51/><N who="1" m="30815" /><E115/><V102/><F102/><W29/><G126/><T101/><D101/><U31/><E31/><V88/><F88/><W15/><G29/><N who="0" m="17575" /><D26/><AGARI ba="0,0" hai="8,10,11,23,26,28,85,89,90,91,94" m="30815" machi="26" ten="30,1500,0" yaku="8,1" doraHai="112" who="1" fromWho="0" sc="278,-15,312,15,213,0,197,0" /><INIT seed="5,1,0,0,0,58" ten="263,327,213,197" oya="1" hai0="81,51,13,134,67,63,104,90,50,1,37,111,76" hai1="133,60,49,55,42,21,68,73,116,10,79,124,115" hai2="56,46,94,29,87,3,9,0,125,19,98,85,27" hai3="92,14,64,71,96,38,23,107,123,33,16,32,26"/><U62/><E116/><V86/><F125/><W57/><G123/><T20/><D1/><U122/><E122/><V117/><F117/><W53/><G38/><T6/><D37/><U7/><E115/><V80/><F46/><W36/><G36/><T105/><D111/><U12/><E124/><V45/><F45/><W34/><G107/><T113/><D113/><U52/><E133/><V95/><F80/><W102/><G71/><T48/><D90/><U103/><E103/><V128/><F128/><W101/><G64/><T91/><D91/><U61/><E68/><V24/><F56/><W72/><G72/><T119/><D119/><U39/><E39/><V93/><F98/><W100/><REACH who="3" step="1"/><G26/><REACH who="3" ten="263,327,213,187" step="2"/><T77/><D105/><U44/><REACH who="1" step="1"/><E21/><REACH who="1" ten="263,317,213,187" step="2"/><V99/><F27/><W17/><G17/><T75/><D20/><U65/><E65/><V108/><F19/><W82/><G82/><AGARI ba="1,2" hai="7,10,12,42,44,49,52,55,60,61,62,73,79,82" machi="82" ten="40,18000,2" yaku="1,1,52,3,54,1,53,1" doraHai="58" doraHaiUra="40" who="1" fromWho="3" sc="263,0,317,203,213,0,187,-183" /><INIT seed="5,2,0,3,4,10" ten="263,520,213,4" oya="1" hai0="13,93,6,42,108,87,5,71,94,75,45,92,9" hai1="131,74,58,56,119,104,135,134,132,41,98,12,114" hai2="61,91,29,70,84,47,125,83,115,8,7,32,67" hai3="101,82,21,57,16,11,23,52,4,15,88,96,99"/><U118/><E114/><V26/><F125/><W60/><G101/><T112/><D75/><U33/><E131/><V62/><F47/><W110/><G110/><T126/><D71/><U3/><E3/><V100/><F115/><W27/><G23/><T80/><D108/><U78/><E33/><V103/><REACH who="2" step="1"/><F61/><REACH who="2" ten="263,520,203,4" step="2"/><W79/><G88/><N who="0" m="51303" /><D112/><U130/><E134/><V76/><F76/><W36/><G36/><T25/><D126/><U1/><E135/><V107/><F107/><W37/><G37/><T34/><D45/><U17/><E104/><V19/><F19/><W109/><G109/><T14/><D42/><U121/><E41/><V68/><F68/><W89/><G89/><T116/><D116/><U59/><E119/><V106/><F106/><W48/><G60/><T128/><D128/><U28/><E130/><V43/><F43/><W18/><G18/><N who="0" m="8495" /><D34/><U123/><E118/><V111/><F111/><W95/><G95/><T127/><D127/><U85/><E132/><V73/><F73/><AGARI ba="2,1" hai="4,11,15,16,21,27,48,52,57,73,79,82,96,99" machi="73" ten="30,7700,0" yaku="7,1,52,1,54,2" doraHai="10" who="3" fromWho="2" sc="263,0,520,0,203,-83,4,93" /><INIT seed="6,0,0,5,3,48" ten="263,520,120,97" oya="2" hai0="15,91,51,12,53,73,35,129,17,110,112,82,87" hai1="113,71,89,132,19,30,93,38,78,52,79,1,59" hai2="125,86,105,108,135,20,24,5,130,58,74,54,62" hai3="122,2,16,10,121,103,6,124,99,98,28,97,25"/><V26/><F62/><W69/><G69/><T133/><D35/><U22/><E71/><V119/><F74/><W85/><G124/><T42/><D110/><U14/><E1/><V118/><F105/><W117/><G117/><T4/><D112/><U66/><E113/><V114/><F114/><W33/><G103/><T23/><D129/><U45/><E132/><V47/><F130/><W90/><REACH who="3" step="1"/><G16/><REACH who="3" ten="263,520,120,87" step="2"/><T84/><D17/><U100/><E100/><V67/><F118/><W56/><G56/><T134/><D134/><U83/><E59/><V92/><F119/><W21/><G21/><T39/><D23/><U44/><E22/><V63/><F135/><W64/><G64/><T8/><D133/><U102/><E102/><V9/><F125/><W7/><G7/><T65/><D4/><U18/><E18/><V81/><F108/><W109/><G109/><T106/><D65/><U72/><E19/><V111/><F111/><W128/><G128/><T50/><D8/><U107/><E66/><V3/><F20/><W127/><G127/><T115/><D115/><U27/><E27/><V95/><F24/><W60/><G60/><T49/><D106/><U94/><E107/><V96/><F26/><W131/><G131/><T126/><D126/><U32/><E32/><V76/><F67/><W36/><G36/><T0/><D39/><U37/><E38/><V123/><F123/><W77/><G77/><T29/><D29/><U13/><E37/><V31/><F31/><W104/><G104/><T75/><D91/><U68/><E30/><V101/><F47/><N who="1" m="17993" /><E89/><V55/><F95/><AGARI ba="0,1" hai="2,6,10,25,28,33,85,90,95,97,98,99,121,122" machi="95" ten="40,2600,0" yaku="1,1,6,1,53,0" doraHai="48" doraHaiUra="11" who="3" fromWho="2" sc="263,0,520,0,120,-26,87,36" /><INIT seed="7,0,0,1,3,72" ten="263,520,94,123" oya="3" hai0="75,111,105,89,116,123,91,49,12,55,93,34,10" hai1="1,24,35,117,25,11,31,23,95,17,131,65,40" hai2="113,57,3,50,104,46,38,84,115,112,68,63,87" hai3="37,109,90,96,48,14,29,7,81,9,33,59,85"/><W42/><G37/><T4/><D34/><U79/><E131/><V8/><F104/><W58/><G109/><T108/><D105/><U98/><E117/><V99/><F99/><W15/><G15/><T45/><D75/><U106/><E106/><V54/><F68/><W121/><G121/><T22/><D116/><U71/><E40/><V133/><F133/><W39/><G39/><T32/><D32/><U101/><E79/><V127/><F127/><W19/><G19/><T56/><D123/><U74/><E74/><V103/><F103/><W77/><G29/><T86/><D89/><U130/><E130/><V97/><F97/><W16/><G33/><T43/><D22/><U66/><E71/><V6/><REACH who="2" step="1"/><F38/><AGARI ba="0,0" hai="4,10,12,38,43,45,49,55,56,86,91,93,108,111" machi="38" ten="30,1000,0" yaku="7,1" doraHai="72" who="0" fromWho="2" sc="263,10,520,0,94,-10,123,0" owari="273,7.0,520,63.0,84,-42.0,123,-28.0" /></mjloggm>