<mjloggm ver="2.3"><GO type="169" lobby="0"/><UN n0="%47%E3%83%A8%E9%BE%8D%E9%96%80" n1="%E7%B5%B6%E5%AF%BE%E3%81%AB%E3%82%86%E3%82%8B%E3%81%95%E3%81%AA%E3%81%84" n2="%E3%83%A4%E3%82%B3%E3%83%96%E3%82%B3%E3%83%BC%E3%82%A8%E3%83%B3" n3="%E5%B0%B1%E6%B4%BB%E7%94%9F%40%E5%B7%9D%E6%9D%91%E8%BB%8D%E5%9B%A3" dan="17,16,18,16" rate="2152.07,2080.45,2241.61,2114.76" sx="M,M,M,M"/><TAIKYOKU oya="0"/><INIT seed="0,0,0,1,2,110" ten="250,250,250,250" oya="0" hai0="36,111,57,46,125,30,73,95,117,130,59,51,64" hai1="5,4,135,108,126,134,116,35,17,128,71,37,91" hai2="119,106,82,31,12,93,38,48,29,2,7,44,45" hai3="22,63,103,92,89,105,74,47,8,123,53,25,11"/><T104/><D104/><U27/><E71/><V39/><F106/><W87/><G74/><T70/><D73/><U49/><E37/><V90/><F2/><W132/><G123/><T42/><D117/><U118/><E91/><V96/><F119/><N who="1" m="45609" /><E49/><V77/><F44/><W78/><G132/><N who="1" m="50730" /><E108/><V52/><F39/><W122/><G122/><T66/><D111/><U16/><E126/><V113/><F38/><W55/><G78/><T86/><D125/><U115/><E128/><V40/><F113/><W14/><G14/><T3/><D3/><U101/><E101/><V69/><F69/><W72/><G72/><T107/><D107/><U9/><E115/><V124/><F124/><W98/><G55/><N who="0" m="31999" /><D130/><U54/><E54/><V61/><F61/><W24/><G24/><T81/><D95/><U28/><E4/><V114/><F114/><W58/><G47/><T56/><D66/><U68/><E68/><V50/><F50/><W18/><AGARI ba="0,0" hai="8,11,18,22,25,53,58,63,87,89,92,98,103,105" machi="18" ten="20,1500,0" yaku="0,1,7,1" doraHai="110" who="3" fromWho="3" sc="250,-7,250,-4,250,-4,250,15" /><INIT seed="1,0,0,5,5,74" ten="243,246,246,265" oya="1" hai0="133,39,25,23,18,99,40,77,16,104,110,93,62" hai1="61,13,60,50,109,22,76,134,5,91,116,64,20" hai2="1,75,9,92,107,55,57,11,102,126,17,122,0" hai3="98,69,42,19,44,90,66,24,112,123,97,29,120"/><U2/><E116/><V51/><F107/><W37/><G112/><T65/><D104/><U111/><E2/><V105/><F105/><W46/><G19/><T7/><D110/><N who="1" m="41995" /><E134/><V58/><F75/><W10/><G10/><T130/><D130/><U129/><E129/><V71/><F71/><W54/><G97/><T47/><D133/><U15/><E91/><V127/><F122/><W14/><G14/><N who="1" m="5130" /><E5/><V8/><F17/><W33/><G90/><T103/><D7/><U56/><E61/><V34/><F34/><W63/><G98/><T95/><D93/><U21/><E50/><V41/><F92/><W36/><REACH who="3" step="1"/><G54/><REACH who="3" ten="243,246,246,255" step="2"/><T59/><REACH who="0" step="1"/><D77/><AGARI ba="0,1" hai="20,21,22,56,60,64,76,77" m="5130,41995" machi="77" ten="40,12000,1" yaku="14,1,10,1,52,2" doraHai="74" who="1" fromWho="0" sc="243,-120,246,130,246,0,255,0" /><INIT seed="1,1,0,0,3,105" ten="123,376,246,255" oya="1" hai0="129,20,124,120,33,2,73,21,66,83,24,45,74" hai1="52,40,15,60,12,41,62,108,119,39,37,57,84" hai2="5,1,32,104,6,8,68,63,89,100,132,106,25" hai3="54,65,64,126,122,14,134,50,76,46,99,91,53"/><U98/><E119/><V121/><F121/><W43/><G122/><T11/><D120/><U79/><E98/><V9/><F132/><W44/><G76/><T78/><D129/><U75/><E84/><V110/><F110/><W109/><G109/><T47/><D124/><U70/><E108/><V95/><F100/><W27/><G126/><T23/><D66/><U4/><E70/><V81/><F81/><W116/><G116/><T69/><D69/><U117/><E62/><V82/><F82/><W88/><G134/><T118/><D118/><U13/><E4/><V127/><F127/><W51/><G27/><T101/><D101/><U96/><E96/><V71/><F63/><W30/><G30/><T103/><D103/><U48/><E117/><V42/><F42/><W86/><G43/><T135/><D135/><U36/><REACH who="1" step="1"/><E60/><REACH who="1" ten="123,366,246,255" step="2"/><V10/><F71/><W72/><G99/><T3/><D24/><U26/><E26/><V58/><F68/><W97/><G97/><T31/><D31/><U131/><E131/><V87/><F25/><W28/><G28/><T130/><D130/><U128/><E128/><V90/><F32/><W115/><G86/><T93/><D33/><U38/><N who="1" m="9216" /><DORA hai="19" /><U85/><E85/><V94/><F106/><W7/><G7/><T113/><D2/><U111/><E111/><V16/><F104/><W102/><G102/><T133/><D3/><U92/><E92/><V112/><F1/><W0/><G0/><T59/><D93/><U61/><E61/><V17/><F5/><W67/><G14/><T107/><D133/><U114/><E114/><RYUUKYOKU ba="1,1" sc="123,-10,366,30,246,-10,255,-10" hai1="12,13,15,40,41,48,52,57,75,79" /><INIT seed="1,2,1,4,5,114" ten="113,396,236,245" oya="1" hai0="76,15,51,115,124,97,67,22,84,106,130,107,41" hai1="44,26,71,65,38,112,99,119,54,127,18,81,5" hai2="126,39,62,35,93,83,108,24,43,2,34,11,9" hai3="73,64,33,6,82,78,23,17,29,42,70,120,109"/><U79/><E112/><V61/><F126/><W111/><G120/><T85/><D124/><U122/><E122/><V13/><F108/><N who="3" m="41547" /><G6/><T36/><D115/><U48/><E38/><V75/><F93/><W32/><G42/><T1/><D1/><U28/><E18/><V31/><F35/><N who="3" m="13387" /><G29/><T47/><D130/><U56/><E5/><V55/><F55/><W102/><G102/><T69/><D97/><U91/><E127/><V129/><F11/><W121/><G121/><T57/><D76/><U66/><E66/><V63/><F2/><W4/><G4/><T92/><D92/><U77/><E65/><V95/><F95/><W101/><G101/><T58/><D107/><U60/><E99/><V113/><F129/><W59/><G59/><T96/><D96/><U135/><E71/><V3/><F3/><W45/><G45/><T14/><D58/><U74/><E79/><V134/><F43/><W12/><G64/><T37/><D106/><U52/><E91/><V50/><F39/><W89/><G89/><T53/><D36/><U128/><E128/><V7/><F113/><W94/><G94/><T10/><D67/><U68/><E68/><AGARI ba="2,1" hai="12,17,23,68,70,73,78,82" m="13387,41547" machi="68" ten="30,1000,0" yaku="14,1" doraHai="114" who="3" fromWho="1" sc="113,0,396,-16,236,0,245,26" /><INIT seed="2,0,0,3,3,129" ten="113,380,236,271" oya="2" hai0="47,72,112,12,64,19,45,68,119,133,24,83,23" hai1="101,89,52,32,50,10,20,59,135,63,67,30,66" hai2="14,107,4,127,82,134,41,51,91,84,60,99,35" hai3="115,69,49,57,75,27,31,86,0,125,74,77,80"/><V36/><F35/><W95/><G69/><T124/><D112/><U81/><E32/><V25/><F36/><W48/><G115/><T33/><D124/><U39/><E39/><V56/><F127/><W5/><G125/><T118/><D68/><U102/><E135/><V2/><F2/><W103/><G75/><T96/><D64/><N who="1" m="24619" /><E10/><V43/><F107/><W17/><G17/><T42/><D96/><U37/><E63/><V58/><F99/><W120/><G120/><T70/><D70/><U100/><E37/><V88/><F25/><W44/><G57/><T131/><D131/><U109/><E109/><V7/><F14/><W126/><G126/><T55/><D55/><U29/><E20/><V22/><F22/><W62/><G62/><T38/><D47/><U116/><E116/><V93/><F134/><W46/><G5/><N who="2" m="2121" /><F60/><W15/><G15/><T110/><D133/><U117/><E117/><N who="0" m="44553" /><D110/><U8/><E8/><V123/><F123/><W78/><G0/><T26/><D33/><U111/><E111/><V21/><F21/><N who="3" m="15855" /><G77/><AGARI ba="0,0" hai="12,19,23,24,26,38,42,45,72,77,83" m="44553" machi="77" ten="30,1000,0" yaku="12,1" doraHai="129" who="0" fromWho="3" sc="113,10,380,0,236,0,271,-10" /><INIT seed="3,0,0,1,2,61" ten="123,380,236,261" oya="3" hai0="96,119,135,42,25,13,68,8,97,14,58,106,23" hai1="29,40,64,102,104,74,19,39,82,80,92,71,6" hai2="54,123,4,99,1,12,91,9,95,31,62,28,41" hai3="46,78,113,103,73,124,111,10,16,131,55,5,36"/><W107/><G113/><T84/><D68/><U35/><E92/><V63/><F123/><W43/><G124/><T117/><D135/><U66/><E19/><V22/><F41/><W65/><G131/><T70/><D70/><U53/><E53/><V60/><F1/><W122/><G122/><T126/><D126/><U30/><E30/><V79/><F79/><W85/><G55/><T38/><D58/><U134/><E134/><V75/><F75/><W109/><G85/><T49/><D38/><U47/><E6/><V132/><F132/><W127/><G127/><T93/><D106/><U133/><E71/><V11/><F11/><W118/><G118/><T81/><D119/><U94/><E94/><V90/><F22/><W86/><G86/><T7/><D93/><U76/><E82/><V69/><F69/><W24/><G103/><T17/><D25/><U101/><E101/><V120/><F120/><W115/><G107/><T130/><D130/><U3/><E3/><V116/><F116/><W128/><G128/><T121/><D121/><U20/><E20/><V51/><REACH who="2" step="1"/><F90/><REACH who="2" ten="123,380,226,261" step="2"/><W87/><G78/><N who="0" m="46135" /><D117/><U72/><E133/><V89/><F89/><W26/><G73/><T27/><D27/><U88/><E74/><V44/><AGARI ba="0,1" hai="4,9,12,28,31,44,51,54,60,62,63,91,95,99" machi="44" ten="30,12000,2" yaku="1,1,0,1,8,1,53,3" doraHai="61" doraHaiUra="56" who="2" fromWho="2" sc="123,-30,380,-30,226,130,261,-60" /><INIT seed="4,0,0,1,5,87" ten="93,350,356,201" oya="0" hai0="95,71,125,44,94,92,123,25,62,65,115,80,93" hai1="99,33,53,57,109,12,116,8,85,134,30,70,21" hai2="120,46,102,100,114,59,51,45,7,97,29,9,27" hai3="23,122,4,3,58,98,77,15,105,79,39,18,90"/><T66/><D123/><U83/><E116/><V86/><F120/><W38/><G122/><T13/><D115/><U126/><E70/><V35/><F114/><W75/><G3/><T110/><D125/><U5/><E109/><V111/><F111/><W129/><G4/><T56/><D110/><U19/><E126/><V49/><F59/><W52/><G129/><T41/><D25/><U81/><E99/><V68/><F68/><W48/><G75/><T22/><D80/><U82/><E134/><V72/><F72/><W42/><G105/><T117/><D117/><U101/><E101/><V133/><F133/><W131/><G131/><T50/><N who="0" m="23552" /><DORA hai="10" /><T11/><D22/><U32/><E32/><V16/><F86/><W26/><G98/><T60/><REACH who="0" step="1"/><D11/><REACH who="0" ten="83,350,356,201" step="2"/><U89/><E33/><V84/><F9/><W43/><G26/><T0/><D0/><U20/><E20/><V112/><F27/><W63/><G77/><T67/><D67/><U119/><E119/><V55/><F35/><W64/><G79/><T61/><D61/><N who="1" m="36015" /><E30/><V96/><F29/><W103/><G103/><T106/><D106/><U104/><E104/><V1/><F1/><W130/><G130/><T73/><D73/><U47/><E21/><V128/><F128/><W91/><G38/><T124/><D124/><U37/><E8/><V40/><F112/><W78/><G78/><T74/><D74/><U132/><E83/><V113/><F113/><W135/><G135/><T2/><D2/><U107/><E82/><V88/><F102/><W54/><G39/><T36/><D36/><U24/><E107/><RYUUKYOKU ba="0,1" sc="83,30,350,-10,356,-10,201,-10" hai0="13,41,44,50,56,60,62,65,66,71" /><INIT seed="4,1,1,0,1,18" ten="113,340,346,191" oya="0" hai0="46,121,19,85,41,95,128,42,8,96,111,10,1" hai1="112,78,80,25,63,48,49,29,127,26,66,61,13" hai2="113,133,105,81,123,73,50,84,64,110,103,98,9" hai3="6,104,118,52,82,131,77,7,119,37,34,120,92"/><T108/><D121/><U134/><E134/><V16/><F110/><N who="0" m="42026" /><D128/><U3/><E127/><V124/><F123/><W90/><G131/><T125/><D125/><U27/><E3/><V4/><F133/><W65/><G104/><T11/><D85/><U5/><E112/><V12/><F113/><W60/><G120/><T62/><D62/><U89/><E89/><V15/><F73/><W0/><G34/><T31/><D31/><U59/><E63/><V74/><F74/><W117/><G37/><N who="0" m="21807" /><D42/><U33/><E78/><V30/><F30/><W71/><G52/><T58/><D58/><U69/><E59/><V17/><F64/><W39/><G39/><T67/><D67/><U57/><E57/><V100/><F100/><W109/><G109/><T44/><D44/><U86/><E61/><V76/><F124/><W93/><G60/><T20/><D1/><U2/><E2/><V45/><F12/><W70/><G0/><T107/><D107/><U116/><E13/><V22/><F22/><W114/><G65/><T75/><D75/><U94/><E66/><V91/><F91/><W24/><G71/><T43/><D43/><AGARI ba="1,1" hai="4,9,15,16,17,43,45,50,76,81,84,98,103,105" machi="43" ten="30,7700,0" yaku="7,1,25,2,54,1" doraHai="18" who="2" fromWho="0" sc="113,-80,340,0,346,90,191,0" /><INIT seed="5,0,0,5,3,87" ten="33,340,436,191" oya="1" hai0="77,0,131,19,51,92,62,86,124,9,73,128,37" hai1="55,41,133,35,26,27,108,103,33,84,72,65,123" hai2="24,63,67,130,45,31,81,97,132,121,107,89,96" hai3="48,42,76,40,29,44,7,28,102,101,78,79,115"/><U68/><E123/><V70/><F121/><W109/><G109/><T22/><D37/><U58/><E72/><V3/><F3/><W14/><G115/><T57/><D124/><U46/><E133/><V20/><F132/><W49/><G14/><T53/><D73/><U11/><E103/><N who="3" m="39434" /><G7/><T13/><D77/><U1/><E65/><V129/><F45/><AGARI ba="0,0" hai="28,29,40,42,44,45,48,49,76,78,79" m="39434" machi="45" ten="30,1000,0" yaku="8,1" doraHai="87" who="3" fromWho="2" sc="33,0,340,0,436,-10,191,10" /><INIT seed="6,0,0,4,0,59" ten="33,340,426,201" oya="2" hai0="77,119,14,90,11,91,23,2,94,69,51,25,100" hai1="34,86,61,31,110,85,9,72,22,114,108,120,29" hai2="88,105,41,53,1,116,26,44,3,87,21,121,96" hai3="73,33,57,131,16,6,4,115,27,97,123,37,17"/><V117/><F121/><W130/><G37/><T32/><D69/><U135/><E72/><V112/><F112/><W12/><G73/><T60/><D119/><U68/><E114/><V49/><F105/><W93/><G115/><T83/><D2/><U128/><E120/><V0/><F96/><W18/><G123/><T20/><D51/><U38/><E38/><V43/><F43/><W103/><G12/><T74/><D32/><U5/><E128/><N who="3" m="49194" /><G57/><T36/><D36/><U48/><E48/><V80/><REACH who="2" step="1"/><F41/><REACH who="2" ten="33,340,416,201" step="2"/><W89/><G103/><T124/><D100/><U56/><E110/><V67/><F67/><W113/><G113/><T45/><D124/><U50/><E108/><V62/><F62/><W107/><G107/><T65/><D65/><U75/><E61/><V39/><F39/><W42/><G42/><T66/><D66/><U99/><E99/><V81/><F81/><W132/><G132/><T64/><D64/><U52/><E135/><V40/><F40/><W58/><G58/><T84/><D60/><U109/><E56/><V134/><F134/><W118/><G118/><T104/><D104/><U30/><E109/><V79/><F79/><W70/><G70/><T92/><D45/><U46/><E46/><V7/><F7/><W13/><G4/><N who="0" m="3431" /><D91/><U111/><E68/><V102/><F102/><W78/><G78/><T10/><D94/><U126/><E111/><V63/><F63/><W76/><G76/><T8/><D8/><U55/><BYE who="0" /><E9/><V106/><F106/><W71/><G71/><T47/><D47/><U125/><E126/><V127/><F127/><RYUUKYOKU ba="0,1" sc="33,-10,340,-10,416,30,201,-10" hai2="0,1,3,21,26,44,49,53,80,87,88,116,117" /><UN n0="%47%E3%83%A8%E9%BE%8D%E9%96%80" /><INIT seed="6,1,1,0,4,6" ten="23,330,446,191" oya="2" hai0="95,123,121,10,36,91,70,50,84,86,37,39,62" hai1="32,105,122,41,34,97,31,88,129,63,110,68,85" hai2="73,128,27,76,99,131,35,134,132,103,57,120,100" hai3="7,92,64,21,124,23,5,116,81,33,89,9,112"/><V75/><F35/><W60/><G33/><T72/><D72/><N who="2" m="27722" /><F27/><W102/><G116/><T13/><D50/><U2/><E110/><V18/><F18/><W55/><G124/><T25/><D25/><U48/><E2/><V90/><F57/><N who="3" m="36879" /><G112/><T104/><D104/><U66/><E129/><N who="2" m="49739" /><F76/><W130/><G102/><N who="2" m="38953" /><F120/><W115/><G115/><T77/><D70/><U52/><E122/><V107/><F107/><W135/><G130/><T54/><D62/><U111/><E111/><V106/><F106/><W43/><G43/><T127/><D54/><U74/><E105/><V8/><F8/><W118/><G9/><T126/><D123/><U94/><E41/><V40/><F40/><W20/><G7/><T96/><D121/><U82/><E31/><V28/><F28/><W22/><G20/><T113/><D113/><U56/><REACH who="1" step="1"/><E74/><REACH who="1" ten="23,320,446,191" step="2"/><V14/><F134/><W17/><G135/><T29/><D29/><U42/><E42/><V83/><F132/><W87/><G118/><T30/><D30/><U125/><E125/><N who="0" m="47625" /><D77/><AGARI ba="1,2" hai="32,34,48,52,56,63,66,68,77,82,85,88,94,97" machi="77" ten="30,8000,1" yaku="1,1,7,1,54,2,53,1" doraHai="6" doraHaiUra="78" who="1" fromWho="0" sc="23,-83,320,103,446,0,191,0" owari="-60,-56.0,423,22.0,446,55.0,191,-21.0" /></mjloggm>