<mjloggm ver="2.3"><GO type="97" lobby="0"/><UN n0="%E7%99%BD%E7%AF%89%E6%85%95" n1="%E6%9F%B3%E9%9B%AA" n2="%E5%B0%B1%E6%B4%BB%E7%94%9F%40%E5%B7%9D%E6%9D%91%E8%BB%8D%E5%9B%A3" n3="%E9%A6%AC%E9%B9%BF%E3%81%A0%E3%81%AA%E4%BF%BA" dan="13,15,14,14" rate="1887.61,1953.80,1978.20,1939.61" sx="F,F,M,M"/><TAIKYOKU oya="0"/><INIT seed="0,0,0,5,0,8" ten="250,250,250,250" oya="0" hai0="33,40,7,10,135,130,57,55,66,60,106,20,96" hai1="109,45,128,13,78,83,88,29,117,36,43,99,80" hai2="2,11,123,91,23,59,132,22,116,4,85,70,127" hai3="119,115,86,90,121,134,72,21,75,105,15,101,27"/><T42/><D33/><U77/><E117/><V56/><F70/><W89/><G119/><T125/><D125/><U30/><E109/><V53/><F116/><W131/><G115/><T25/><D130/><U95/><E128/><V76/><F123/><W34/><G131/><T64/><D135/><U133/><E133/><V124/><F132/><W35/><G134/><T73/><D73/><U118/><E118/><V79/><F79/><W50/><G90/><T81/><D81/><U26/><E26/><V111/><F76/><W12/><G35/><T100/><D64/><U58/><E58/><V103/><F103/><W62/><G34/><T37/><D37/><U5/><E78/><V104/><F104/><W67/><G50/><T41/><D55/><U98/><E98/><V52/><F111/><W93/><G121/><T38/><D38/><U112/><E80/><V24/><F59/><W9/><G75/><T32/><D32/><U82/><E82/><N who="2" m="49591" /><F56/><N who="3" m="37319" /><G72/><T122/><D122/><U113/><BYE who="0" /><E113/><V49/><F23/><W84/><G105/><T1/><D1/><U74/><REACH who="1" step="1"/><E112/><REACH who="1" ten="250,240,250,250" step="2"/><V44/><F124/><W47/><G101/><T6/><D6/><U110/><E110/><UN n0="%E7%99%BD%E7%AF%89%E6%85%95" /><V16/><F127/><W39/><G86/><T126/><D126/><U92/><E92/><V69/><F69/><W31/><G47/><T68/><D57/><U28/><E28/><V3/><F3/><W63/><G84/><T97/><D97/><U65/><E65/><V19/><F19/><W108/><G108/><T102/><D96/><U54/><E54/><V51/><F53/><W48/><G93/><RYUUKYOKU ba="0,1" sc="250,-15,240,15,250,15,250,-15" hai1="5,13,29,30,36,43,45,74,77,83,88,95,99" hai2="2,4,11,16,22,24,44,49,51,52" /><INIT seed="1,1,1,1,3,30" ten="235,255,265,235" oya="1" hai0="76,57,101,19,0,23,81,16,92,90,104,4,39" hai1="84,91,107,62,120,121,58,108,50,118,26,44,18" hai2="132,83,115,43,61,60,68,59,29,123,6,5,127" hai3="85,86,106,27,82,89,111,7,125,51,24,73,129"/><U98/><E118/><V20/><F123/><W131/><G7/><T9/><D39/><U67/><E108/><V10/><F115/><W3/><G3/><T112/><D112/><U35/><E98/><V56/><F132/><W102/><G111/><T21/><D104/><U128/><E107/><V48/><F68/><W66/><G66/><T37/><D37/><U124/><E124/><V72/><F72/><W99/><G125/><T14/><D57/><N who="2" m="22090" /><F83/><W122/><G122/><T64/><D64/><U105/><E105/><V1/><F1/><W88/><G51/><T34/><D34/><U42/><E128/><N who="3" m="49226" /><G73/><T94/><D90/><U78/><E78/><V45/><F127/><W117/><G117/><T2/><D2/><U17/><E17/><V38/><F38/><W135/><G135/><T116/><D116/><U54/><E67/><V100/><F100/><W32/><G32/><T8/><D101/><U25/><E25/><N who="2" m="16551" /><F10/><W40/><G40/><T95/><REACH who="0" step="1"/><D19/><REACH who="0" ten="225,255,265,235" step="2"/><U71/><E18/><V15/><F5/><W13/><G13/><T103/><D103/><U65/><E65/><V53/><F15/><W33/><G33/><T93/><N who="0" m="23552" /><DORA hai="74" /><T47/><D47/><U130/><E71/><V52/><F6/><W109/><G109/><T80/><D80/><AGARI ba="1,2" hai="24,27,80,82,85,86,88,89,99,102,106" m="49226" machi="80" ten="30,2000,0" yaku="19,1,54,1" doraHai="30,74" who="3" fromWho="0" sc="225,-23,255,0,265,0,235,43" /><INIT seed="2,0,0,3,4,70" ten="202,255,265,278" oya="2" hai0="17,47,6,109,13,7,94,48,124,0,92,37,12" hai1="110,16,133,56,32,100,122,87,71,77,119,102,118" hai2="103,131,91,68,40,53,66,28,19,62,134,10,27" hai3="107,123,93,112,78,88,85,22,44,58,2,125,116"/><V8/><F131/><W50/><G2/><T1/><D124/><U120/><E71/><V20/><F134/><W55/><G125/><T135/><D135/><U35/><E133/><V114/><F114/><W3/><G107/><T65/><D109/><U33/><E56/><V127/><F127/><W31/><G123/><N who="1" m="47146" /><E110/><V86/><F103/><N who="1" m="39465" /><E16/><V126/><F126/><W95/><G3/><T46/><D65/><U23/><E23/><V74/><F74/><W83/><G116/><T21/><D21/><U81/><AGARI ba="0,0" hai="32,33,35,77,81,87,118,119" m="39465,47146" machi="81" ten="40,1500,0" yaku="13,1" doraHai="70" who="1" fromWho="1" sc="202,-4,255,15,265,-7,278,-4" /><INIT seed="3,0,0,2,2,58" ten="198,270,258,274" oya="3" hai0="124,70,71,121,79,36,78,134,107,19,135,3,73" hai1="109,42,92,76,129,67,30,27,41,7,63,89,103" hai2="57,21,55,133,68,102,5,9,117,15,18,64,113" hai3="20,87,4,14,94,8,53,85,77,47,80,116,66"/><W93/><G116/><T84/><D121/><U50/><E109/><V81/><F117/><W46/><G66/><T111/><D107/><U128/><E76/><N who="0" m="29225" /><D73/><U11/><E50/><V91/><F113/><W26/><G53/><T90/><D111/><U123/><E123/><V52/><F133/><N who="0" m="50698" /><D124/><U112/><E112/><V132/><F102/><W25/><G25/><T110/><D110/><U12/><E129/><V0/><F132/><W95/><REACH who="3" step="1"/><G87/><REACH who="3" ten="198,270,258,264" step="2"/><T99/><D36/><U48/><E67/><V56/><F64/><W32/><G32/><T23/><D3/><U127/><E27/><V65/><F65/><W88/><G88/><T122/><D122/><U13/><E89/><V125/><F125/><W96/><G96/><T38/><D99/><U2/><E2/><V43/><F68/><W104/><G104/><T101/><D38/><U28/><E127/><V45/><F55/><W119/><G119/><T100/><D71/><U24/><E24/><V98/><F52/><W69/><G69/><T35/><D70/><U74/><E128/><V131/><F131/><W97/><G97/><T126/><D126/><U34/><E34/><V31/><F98/><W22/><G22/><T16/><D35/><U108/><E108/><V86/><F31/><AGARI ba="0,1" hai="4,8,14,20,26,31,46,47,77,80,85,93,94,95" machi="31" ten="40,7700,0" yaku="1,1,8,1,53,1" doraHai="58" doraHaiUra="82" who="3" fromWho="2" sc="198,0,270,0,258,-77,264,87" owari="198,-20.0,270,7.0,181,-32.0,351,45.0" /></mjloggm>