<mjloggm ver="2.3"><GO type="41" lobby="0"/><UN n0="%E3%82%A4%E3%82%A4%E3%82%B5" n1="%53%6F%6B%75%68%61%74%75" n2="%E5%B0%B1%E6%B4%BB%E7%94%9F%40%E5%B7%9D%E6%9D%91%E8%BB%8D%E5%9B%A3" n3="%68%69%72%6F%74%61%72%6F" dan="13,14,14,13" rate="1938.83,1947.07,1930.70,1874.79" sx="M,M,M,M"/><TAIKYOKU oya="0"/><INIT seed="0,0,0,3,4,60" ten="250,250,250,250" oya="0" hai0="85,28,96,126,64,75,122,91,120,36,65,0,16" hai1="9,116,93,115,104,12,47,18,127,74,24,55,72" hai2="49,80,79,59,90,81,5,41,66,112,44,130,121" hai3="133,125,46,73,82,123,19,63,2,17,118,39,23"/><T113/><D0/><U109/><E116/><V69/><F121/><W62/><G123/><T68/><D113/><U14/><E104/><V61/><F112/><W58/><G118/><T134/><D75/><U29/><E115/><V42/><F130/><W57/><G2/><T88/><D134/><U20/><E109/><V67/><F5/><W35/><G133/><T1/><D36/><U108/><E108/><V40/><F90/><W111/><G125/><T131/><D1/><U103/><E127/><V100/><F100/><W15/><G111/><T34/><D126/><U10/><E103/><V92/><F92/><W48/><G35/><T70/><D131/><U84/><E93/><V38/><F81/><W27/><G39/><T83/><D16/><U97/><E97/><V129/><F129/><W117/><G117/><T106/><D91/><U32/><E84/><V132/><F132/><W51/><G73/><T99/><D99/><U6/><E55/><N who="2" m="32239" /><F80/><W124/><G124/><T86/><D86/><U30/><E47/><V71/><F79/><W110/><G110/><T53/><D53/><U119/><E119/><V98/><F98/><W89/><G46/><T102/><D68/><U43/><E43/><V52/><F52/><N who="3" m="34119" /><G82/><T56/><D56/><U31/><E74/><V45/><F45/><W114/><G89/><T4/><D4/><N who="1" m="3111" /><E72/><V94/><F94/><W128/><G128/><T78/><D78/><U50/><E50/><V8/><F8/><N who="3" m="6375" /><G114/><T25/><D70/><U54/><E54/><AGARI ba="0,0" hai="19,23,27,48,51,54,57,63" m="6375,34119" machi="54" ten="30,2000,0" yaku="8,1,54,1" doraHai="60" who="3" fromWho="1" sc="250,0,250,-20,250,0,250,20" /><INIT seed="1,0,0,5,5,31" ten="250,230,250,270" oya="1" hai0="24,61,13,39,97,98,67,0,49,123,44,103,68" hai1="80,35,4,79,28,62,14,27,115,54,64,111,29" hai2="18,69,95,21,51,119,130,126,135,56,20,43,100" hai3="47,12,19,117,15,65,94,9,127,108,105,36,116"/><U76/><E115/><V113/><F69/><W85/><G105/><T48/><D123/><U5/><E111/><V1/><F119/><W16/><G108/><T57/><D0/><U42/><E42/><V55/><F113/><W40/><G65/><T66/><D24/><U101/><E101/><V37/><F1/><W132/><G132/><T52/><D13/><U73/><E79/><V2/><F2/><W88/><REACH who="3" step="1"/><G127/><REACH who="3" ten="250,230,250,260" step="2"/><T129/><D129/><U82/><E64/><V99/><F126/><W6/><G6/><T121/><D121/><U60/><E5/><V50/><F135/><W78/><G78/><T22/><D67/><U124/><E76/><V131/><F131/><W71/><G71/><T112/><D112/><U46/><E4/><V104/><F104/><W7/><G7/><T23/><D49/><U125/><E124/><V133/><F130/><W30/><G30/><T26/><D23/><AGARI ba="0,1" hai="9,12,15,16,19,23,36,40,47,85,88,94,116,117" machi="23" ten="40,8000,1" yaku="1,1,54,2,53,1" doraHai="31" doraHaiUra="41" who="3" fromWho="0" sc="250,-80,230,0,250,0,260,90" /><INIT seed="2,0,0,2,2,38" ten="170,230,250,350" oya="2" hai0="70,117,114,13,3,2,82,107,87,115,47,122,124" hai1="65,104,90,130,7,6,71,0,31,119,74,135,118" hai2="68,89,32,9,25,95,121,27,103,28,53,96,16" hai3="101,88,61,86,41,12,92,4,126,19,73,129,110"/><V37/><F121/><W10/><G73/><T131/><D122/><U33/><E130/><V17/><F68/><W5/><G129/><T48/><D131/><U127/><E135/><V69/><F69/><W26/><G126/><T106/><D117/><U94/><E127/><V111/><F37/><W67/><G110/><T55/><D70/><U40/><E104/><V54/><F111/><W102/><G4/><T64/><D124/><U97/><E74/><V75/><F75/><W112/><G112/><T133/><D64/><U46/><E65/><V134/><F134/><W98/><G102/><T30/><D133/><U22/><E33/><V93/><F25/><W24/><G41/><T15/><D30/><U14/><E71/><V62/><F9/><W29/><G5/><T76/><D115/><U36/><E0/><V21/><F62/><W52/><G67/><T49/><D49/><U116/><REACH who="1" step="1"/><E14/><REACH who="1" ten="170,220,250,350" step="2"/><V11/><F11/><W56/><REACH who="3" step="1"/><G29/><REACH who="3" ten="170,220,250,340" step="2"/><T72/><D114/><U50/><E50/><V109/><F109/><W91/><G91/><T84/><D72/><U23/><E23/><V59/><F32/><W132/><G132/><T123/><D123/><U120/><E120/><V81/><F28/><W108/><G108/><T8/><D107/><AGARI ba="0,2" hai="10,12,19,24,26,52,56,61,86,88,92,98,101,107" machi="107" ten="30,8000,1" yaku="1,1,7,1,54,2,53,1" doraHai="38" doraHaiUra="83" who="3" fromWho="0" sc="170,-80,220,0,250,0,340,100" /><INIT seed="3,0,0,5,2,105" ten="90,220,250,440" oya="3" hai0="24,18,23,106,92,65,86,13,46,27,36,108,20" hai1="93,80,132,3,54,75,58,74,53,128,70,41,59" hai2="88,111,97,39,37,127,5,22,101,0,21,32,112" hai3="120,119,33,42,129,62,2,10,83,69,31,89,72"/><W34/><G120/><T48/><D108/><U85/><E70/><V4/><F32/><W117/><G129/><T82/><D106/><U8/><E128/><V11/><F112/><W29/><G42/><T44/><D65/><U1/><E132/><V103/><F111/><W28/><G89/><T61/><D61/><U98/><E41/><V123/><F123/><W71/><G62/><T87/><D36/><U40/><E40/><V133/><F133/><W45/><G45/><T66/><D66/><U77/><E3/><V107/><F127/><W60/><G60/><T99/><D13/><U14/><E1/><V6/><F103/><W115/><G115/><T125/><D125/><U73/><E59/><V17/><F22/><W7/><G69/><T90/><D48/><U104/><E104/><V135/><F135/><W110/><G71/><T38/><D38/><U124/><E124/><V81/><F39/><W84/><G110/><T25/><D25/><U57/><E57/><V131/><F37/><W113/><G113/><T91/><REACH who="0" step="1"/><D87/><REACH who="0" ten="80,220,250,440" step="2"/><U109/><E109/><V43/><F131/><W78/><REACH who="3" step="1"/><G84/><REACH who="3" ten="80,220,250,430" step="2"/><T64/><D64/><U134/><E134/><V94/><F43/><W121/><G121/><T30/><AGARI ba="0,2" hai="18,20,23,24,27,30,44,46,82,86,90,91,92,99" machi="30" ten="20,5200,0" yaku="1,1,0,1,7,1,8,1,53,0" doraHai="105" doraHaiUra="130" who="0" fromWho="0" sc="80,72,220,-13,250,-13,430,-26" /><INIT seed="4,0,0,1,0,7" ten="152,207,237,404" oya="0" hai0="56,86,14,89,54,51,119,68,34,113,31,125,24" hai1="65,53,132,135,19,5,37,122,46,133,58,0,59" hai2="50,127,70,3,15,43,45,107,82,42,17,88,134" hai3="96,48,120,117,23,74,130,27,128,41,116,98,1"/><T92/><D119/><U12/><E122/><V55/><F107/><W16/><G74/><T29/><D125/><U91/><E5/><V90/><F70/><W80/><G120/><T118/><D118/><U75/><E0/><V62/><F3/><W103/><G80/><T79/><D79/><U36/><E75/><V129/><F127/><W108/><G1/><T9/><D113/><U109/><E109/><V73/><F134/><W22/><G108/><T6/><D68/><U32/><E32/><V63/><F129/><W2/><G2/><T13/><D31/><U18/><E18/><V30/><F30/><W121/><G121/><T57/><D14/><U93/><E65/><V106/><F106/><W21/><G117/><T66/><D66/><U112/><E112/><V10/><F73/><W124/><G124/><T49/><D57/><U4/><E4/><V85/><F90/><W76/><G76/><T87/><D87/><U111/><E111/><V69/><F69/><W39/><G116/><T52/><D54/><U35/><E35/><V105/><F105/><W60/><G27/><T94/><D94/><U67/><E67/><V77/><F77/><W114/><G114/><T102/><D102/><U101/><E101/><V81/><F81/><W131/><G103/><T72/><D72/><U110/><E110/><V8/><F8/><W44/><G130/><T115/><D115/><U99/><E46/><V64/><F64/><W11/><G131/><T95/><D95/><U83/><E83/><V100/><F100/><W20/><G128/><T97/><D97/><U25/><E132/><RYUUKYOKU ba="0,0" sc="152,15,207,-15,237,15,404,-15" hai0="6,9,13,24,29,34,49,51,52,56,86,89,92" hai2="10,15,17,42,43,45,50,55,62,63,82,85,88" /><INIT seed="4,1,0,2,3,56" ten="167,192,252,389" oya="0" hai0="57,121,108,22,101,52,49,34,60,38,19,98,95" hai1="33,114,82,66,0,100,25,132,40,125,48,59,70" hai2="105,61,53,24,122,63,26,78,109,5,32,86,17" hai3="13,89,18,96,93,106,119,124,7,133,62,79,6"/><T47/><D121/><U43/><E0/><V27/><F105/><W90/><G119/><T1/><D108/><U123/><E123/><V9/><F109/><W29/><G79/><T134/><D134/><U2/><E132/><V87/><F32/><W42/><G133/><T11/><D34/><U116/><E116/><V46/><F122/><W16/><G29/><T126/><D38/><U45/><E125/><V36/><F78/><W115/><G106/><T84/><D126/><U14/><E2/><V4/><F36/><W129/><G42/><T12/><D1/><U65/><E70/><V135/><F135/><W113/><G124/><T73/><D73/><U30/><E114/><N who="3" m="43530" /><G18/><T8/><REACH who="0" step="1"/><D84/><REACH who="0" ten="157,192,252,389" step="2"/><U72/><E72/><V44/><F86/><W94/><G129/><T88/><D88/><U37/><E33/><V110/><F87/><N who="3" m="52415" /><G62/><T127/><D127/><U117/><E37/><V83/><F83/><W21/><AGARI ba="1,1" hai="6,7,13,16,21,90,94,96" m="52415,43530" machi="21" ten="30,2000,0" yaku="15,1,54,1" doraHai="56" who="3" fromWho="3" sc="157,-11,192,-6,252,-6,389,33" /><INIT seed="5,0,0,4,3,91" ten="146,186,246,422" oya="1" hai0="10,67,53,55,102,119,3,27,130,40,86,14,48" hai1="90,38,22,127,133,85,94,125,34,131,13,24,128" hai2="8,41,0,36,5,32,103,68,75,1,29,72,11" hai3="95,9,31,87,50,44,30,57,88,6,33,79,18"/><U16/><E38/><V12/><F103/><W45/><G33/><T60/><D119/><U92/><E34/><V110/><F110/><W116/><G116/><T20/><D130/><N who="1" m="49707" /><E24/><N who="2" m="18471" /><F12/><W71/><G71/><T112/><D3/><U111/><E111/><V83/><F83/><W26/><G57/><T120/><D120/><U108/><E108/><V51/><F51/><W19/><G45/><T4/><D112/><U84/><E84/><V78/><F78/><W109/><G79/><T73/><D73/><N who="2" m="28234" /><F68/><W89/><G89/><T101/><D86/><U25/><E25/><V23/><F23/><W106/><G26/><T65/><D40/><U28/><E28/><V126/><F126/><N who="1" m="48137" /><E94/><V74/><F74/><W15/><G31/><T134/><D134/><AGARI ba="0,0" hai="13,16,22,85,90,92,133,134" m="48137,49707" machi="134" ten="40,18000,2" yaku="30,2,19,1,18,1,52,1,54,1" doraHai="91" who="1" fromWho="0" sc="146,-180,186,180,246,0,422,0" owari="-34,-53.0,366,17.0,246,-15.0,422,51.0" /></mjloggm>