<mjloggm ver="2.3"><GO type="169" lobby="0"/><UN n0="%E3%81%86%E3%81%83%E3%83%BC%E3%81%A1%E3%82%83%E3%82%93" n1="%E9%88%B4%E4%BE%8D" n2="%6D%6F%6B%69%6F" n3="%E3%83%88%E3%83%88%E3%83%AA%E5%85%88%E7%94%9F%31%39%E6%AD%B3" dan="18,17,16,18" rate="2268.76,2130.28,2071.73,2265.58" sx="M,M,F,F"/><TAIKYOKU oya="0"/><INIT seed="0,0,0,3,1,128" ten="250,250,250,250" oya="0" hai0="25,58,7,10,52,79,122,48,118,115,82,5,117" hai1="67,15,32,101,23,0,86,9,27,44,30,20,2" hai2="96,104,39,1,111,64,106,125,17,55,100,53,19" hai3="41,13,38,76,97,78,46,124,12,95,112,88,87"/><T130/><D115/><U113/><E67/><V11/><F125/><W37/><G112/><T59/><D122/><U35/><E101/><V126/><F126/><W24/><G124/><T70/><D70/><U66/><E66/><V51/><F39/><W119/><G119/><T31/><D130/><U22/><E44/><V132/><F106/><W98/><G38/><T56/><D117/><U26/><E86/><V57/><F111/><W18/><G24/><T40/><D40/><U80/><E80/><V81/><F81/><W103/><G98/><T61/><D118/><U127/><E113/><V135/><F64/><W43/><G43/><T109/><D109/><U129/><E129/><V114/><F114/><W34/><G34/><T65/><D59/><U89/><E89/><V16/><REACH who="2" step="1"/><F55/><REACH who="2" ten="250,250,240,250" step="2"/><W71/><G71/><T74/><REACH who="0" step="1"/><D10/><REACH who="0" ten="240,250,240,250" step="2"/><U75/><E127/><V123/><F123/><W133/><G41/><T134/><D134/><U45/><E45/><V73/><F73/><W116/><G46/><T54/><D54/><U93/><E75/><V60/><F60/><W72/><G116/><T28/><D28/><N who="1" m="19479" /><E93/><V131/><F131/><W107/><G72/><T33/><AGARI ba="0,2" hai="5,7,25,31,33,48,52,56,58,61,65,74,79,82" machi="33" ten="20,7800,0" yaku="1,1,0,1,7,1,54,1,53,0" doraHai="128" doraHaiUra="83" who="0" fromWho="0" sc="240,98,250,-26,240,-26,250,-26" /><INIT seed="0,1,0,0,1,17" ten="338,224,214,224" oya="0" hai0="33,12,11,115,107,4,121,64,41,127,26,51,134" hai1="69,122,58,83,135,93,100,24,74,85,56,106,77" hai2="36,91,61,22,53,78,97,47,105,113,109,16,50" hai3="110,37,10,60,108,119,82,49,129,7,3,32,6"/><T5/><D107/><U131/><E122/><V59/><F109/><N who="3" m="42091" /><G37/><T111/><D111/><U65/><E131/><V9/><F113/><W34/><G119/><T13/><D64/><U98/><E135/><V79/><F36/><W28/><G60/><T68/><D68/><U27/><E69/><V8/><F105/><W39/><G39/><T124/><D51/><U81/><E81/><V29/><F29/><W114/><G114/><T96/><D96/><U123/><E123/><V95/><F79/><W45/><G129/><T73/><D41/><U54/><E65/><N who="2" m="39103" /><F78/><W99/><G82/><T117/><D73/><U2/><E2/><V57/><F47/><W103/><G7/><T46/><D46/><U15/><E58/><V63/><F50/><W86/><G86/><T118/><D115/><U92/><E92/><V80/><F80/><W18/><G18/><T62/><D62/><U55/><E74/><V90/><F90/><W70/><G28/><N who="0" m="19607" /><D134/><U30/><E30/><V35/><F35/><W48/><G48/><T120/><D120/><U101/><E83/><V112/><F112/><W71/><G71/><T87/><D121/><U132/><E132/><V25/><AGARI ba="1,0" hai="8,9,16,22,25,53,57,63,91,95,97" m="39103" machi="25" ten="30,7900,0" yaku="25,1,8,1,52,1,54,1" doraHai="17" who="2" fromWho="2" sc="338,-40,224,-21,214,82,224,-21" /><INIT seed="1,0,0,2,0,31" ten="298,203,296,203" oya="1" hai0="119,0,21,47,27,110,126,26,94,87,54,34,30" hai1="40,66,103,93,127,60,37,48,20,121,44,22,90" hai2="117,51,49,108,17,81,80,74,7,96,73,84,111" hai3="133,118,36,42,82,4,33,112,15,86,45,77,46"/><U123/><E127/><V130/><F117/><W91/><G112/><T120/><D120/><U38/><E103/><V67/><F130/><W35/><G118/><T105/><D105/><U79/><E79/><V28/><F7/><W132/><G46/><T9/><D126/><U89/><E37/><V50/><F67/><W106/><G106/><T69/><D69/><U23/><E38/><V102/><F28/><W104/><G104/><T2/><D110/><N who="2" m="42026" /><F17/><W83/><G15/><T55/><D119/><U14/><E14/><V125/><F125/><W129/><G4/><T113/><D113/><U11/><E11/><V131/><F131/><W18/><G18/><T1/><D9/><U16/><E16/><V92/><F81/><W24/><G24/><T62/><D27/><U63/><E63/><V100/><F100/><W76/><G129/><T116/><D62/><U101/><E101/><V122/><F122/><W109/><G109/><T98/><D116/><U75/><E121/><V39/><F39/><W25/><G25/><T29/><D29/><U99/><E123/><V85/><F85/><W41/><G41/><T13/><D87/><U57/><E75/><V8/><F8/><W78/><REACH who="3" step="1"/><G82/><REACH who="3" ten="298,203,296,193" step="2"/><T58/><D0/><U59/><REACH who="1" step="1"/><E89/><AGARI ba="0,1" hai="49,50,51,73,74,80,84,89,92,96,102" m="42026" machi="89" ten="30,1000,0" yaku="14,1" doraHai="31" who="2" fromWho="1" sc="298,0,203,-10,296,20,193,0" /><INIT seed="2,0,0,2,0,3" ten="298,193,316,193" oya="2" hai0="130,118,49,116,83,41,105,19,99,11,101,94,30" hai1="93,51,72,35,53,124,47,16,103,65,67,122,36" hai2="107,111,70,86,56,60,115,40,66,46,64,128,98" hai3="73,50,28,127,44,21,134,106,97,95,71,58,123"/><V24/><F115/><W17/><G123/><T4/><D130/><U76/><E122/><V81/><F128/><W85/><G71/><T22/><D30/><U84/><E35/><V2/><F2/><W62/><G73/><T10/><D10/><U91/><E124/><V54/><F111/><W61/><G127/><T121/><D121/><U15/><E36/><V33/><F33/><W48/><G134/><T34/><D34/><U38/><E38/><V112/><F24/><W77/><G106/><T68/><D68/><U0/><E0/><V119/><F119/><W63/><G28/><T82/><D49/><U29/><E29/><V100/><F70/><W7/><G7/><T69/><D41/><U13/><E13/><V23/><F23/><W25/><G85/><T57/><D57/><U1/><E1/><V18/><F18/><W32/><G77/><T89/><D69/><U102/><E76/><V108/><F112/><W80/><G80/><T78/><D89/><U117/><E72/><V39/><REACH who="2" step="1"/><F108/><REACH who="2" ten="298,193,306,193" step="2"/><W45/><G32/><T92/><D118/><U133/><E117/><V14/><F14/><W52/><REACH who="3" step="1"/><G50/><REACH who="3" ten="298,193,306,183" step="2"/><T55/><D116/><U27/><E51/><V125/><F125/><W42/><G42/><T12/><D19/><U110/><E16/><V37/><F37/><W131/><G131/><T43/><D43/><U5/><E110/><V109/><F109/><W88/><AGARI ba="0,2" hai="17,21,25,44,45,48,52,58,61,62,63,88,95,97" machi="88" ten="30,8000,1" yaku="1,1,0,1,8,1,54,2,53,0" doraHai="3" doraHaiUra="135" who="3" fromWho="3" sc="298,-20,193,-20,306,-40,183,100" /><INIT seed="3,0,0,4,1,101" ten="278,173,266,283" oya="3" hai0="119,79,56,41,122,44,66,37,6,82,131,65,130" hai1="91,34,3,70,89,106,60,84,77,115,116,134,125" hai2="74,81,98,133,129,16,48,35,26,5,86,85,135" hai3="107,118,8,19,123,47,27,38,78,9,15,110,13"/><W58/><G118/><T93/><D119/><U46/><E46/><V102/><F129/><N who="0" m="49162" /><D122/><U0/><E34/><V30/><F5/><W57/><G123/><T10/><D93/><U132/><E116/><V33/><F74/><W7/><G110/><T83/><D56/><U14/><E115/><V42/><F35/><W73/><G107/><T25/><D25/><U114/><E114/><V39/><F39/><W40/><REACH who="3" step="1"/><G27/><REACH who="3" ten="278,173,266,273" step="2"/><T94/><D94/><U127/><E106/><V18/><F135/><W120/><G120/><T90/><D83/><AGARI ba="0,1" hai="7,8,9,13,15,19,38,40,47,57,58,73,78,83" machi="83" ten="40,2000,0" yaku="1,1,53,0" doraHai="101" doraHaiUra="80" who="3" fromWho="0" sc="278,-20,173,0,266,0,273,30" /><INIT seed="3,1,0,0,3,38" ten="258,173,266,303" oya="3" hai0="116,32,129,98,85,22,87,69,123,28,5,4,26" hai1="68,89,121,79,88,126,100,14,62,135,50,127,3" hai2="42,75,1,36,44,35,78,59,64,29,48,19,94" hai3="9,53,39,61,96,133,101,17,115,40,112,47,119"/><W7/><G119/><T90/><D69/><U110/><E3/><V132/><F132/><W25/><G133/><T73/><D73/><U16/><E121/><V52/><F1/><W70/><G17/><T24/><D129/><U120/><E120/><V107/><F107/><W30/><G53/><T124/><D124/><N who="1" m="47659" /><E135/><V33/><F29/><W102/><G102/><T56/><D116/><U131/><E131/><V84/><F64/><W108/><G108/><T37/><D37/><U43/><E110/><V20/><F75/><W8/><G8/><T6/><D123/><U99/><E79/><V65/><F65/><W41/><G41/><T18/><D56/><U10/><E62/><V93/><F93/><W81/><G81/><T92/><AGARI ba="1,0" hai="4,5,6,18,22,24,26,28,32,85,87,90,92,98" machi="92" ten="30,1100,0" yaku="0,1" doraHai="38" who="0" fromWho="0" sc="258,14,173,-4,266,-4,303,-6" /><INIT seed="4,0,0,0,3,103" ten="272,169,262,297" oya="0" hai0="77,130,83,101,117,74,98,53,100,55,115,23,108" hai1="104,66,122,131,116,105,124,36,110,57,24,75,30" hai2="39,41,21,42,68,80,44,135,94,128,67,25,96" hai3="38,95,20,9,97,15,62,71,60,134,37,47,123"/><T91/><D117/><U111/><E57/><V2/><F2/><W78/><G134/><T48/><D115/><U5/><E116/><V26/><F135/><W69/><G123/><T49/><D130/><U1/><E122/><V86/><F128/><W76/><G20/><T121/><D121/><U8/><E131/><V52/><F68/><W29/><G29/><T19/><D108/><U120/><E120/><V0/><F0/><W4/><G69/><T13/><D91/><U3/><E3/><V28/><F67/><W106/><G106/><N who="1" m="41066" /><E66/><V40/><F26/><W61/><G71/><T64/><D64/><U114/><E114/><V88/><REACH who="2" step="1"/><F52/><REACH who="2" ten="272,169,252,297" step="2"/><W118/><G118/><T22/><D53/><U27/><E27/><V112/><F112/><W6/><G61/><T17/><D55/><U54/><E54/><V32/><F32/><W59/><G60/><T70/><D70/><U126/><E36/><V82/><F82/><W65/><G38/><T33/><D33/><N who="1" m="20679" /><E75/><V92/><F92/><W7/><G37/><T109/><D109/><AGARI ba="0,1" hai="1,5,8,109,110,111,124,126" m="20679,41066" machi="109" ten="30,7700,0" yaku="23,1,52,3" doraHai="103" who="1" fromWho="0" sc="272,-77,169,87,252,0,297,0" /><INIT seed="5,0,0,1,0,54" ten="195,256,252,297" oya="1" hai0="76,60,39,11,85,64,77,53,120,35,10,70,74" hai1="22,102,12,99,134,4,14,88,119,66,48,83,32" hai2="98,46,63,25,5,131,113,7,20,30,87,121,135" hai3="95,36,86,8,130,0,51,6,27,132,56,73,47"/><U29/><E119/><V80/><F121/><W115/><G73/><T96/><D35/><U110/><E134/><V62/><F135/><W40/><G132/><T124/><D120/><U61/><E110/><V78/><F131/><W117/><G130/><T3/><D74/><U97/><E48/><V19/><F113/><W38/><G115/><T101/><D124/><U118/><E118/><V123/><F123/><W79/><G117/><T33/><D33/><U1/><E1/><V125/><F125/><W75/><G75/><T58/><D39/><U67/><E32/><V126/><F126/><W106/><G106/><T26/><D26/><N who="1" m="16599" /><E102/><V42/><F30/><W68/><G68/><T13/><D3/><U92/><E83/><V28/><F28/><W72/><G72/><T21/><D21/><U71/><E71/><V41/><F98/><W129/><G27/><T81/><D76/><U84/><E61/><N who="2" m="23051" /><F46/><W31/><G31/><T44/><D70/><U16/><E4/><AGARI ba="0,0" hai="4,5,7,19,20,25,41,42,78,80,87" m="23051" machi="4" ten="30,1000,0" yaku="8,1" doraHai="54" who="2" fromWho="1" sc="195,0,256,-10,252,10,297,0" /><INIT seed="6,0,0,1,3,85" ten="195,246,262,297" oya="2" hai0="2,66,68,39,109,67,31,135,54,90,17,78,46" hai1="41,14,29,110,61,97,40,59,38,45,43,65,121" hai2="101,125,130,105,30,8,116,87,9,120,4,27,49" hai3="13,53,133,113,114,132,0,77,55,15,48,64,42"/><V20/><F120/><W19/><G0/><T7/><D109/><U73/><E110/><V122/><F122/><W72/><G64/><T124/><D31/><U47/><E73/><V76/><F130/><W93/><G42/><T1/><D124/><U112/><E121/><V10/><F125/><W123/><G123/><T22/><D78/><U96/><E112/><N who="3" m="43114" /><G15/><T88/><D135/><N who="3" m="51785" /><G48/><T104/><D104/><U102/><E14/><V60/><F116/><W18/><G18/><T128/><D128/><U58/><E29/><V100/><F105/><W28/><G28/><T106/><D106/><U32/><E32/><V80/><F4/><W127/><G127/><T5/><D68/><U16/><E16/><V50/><F60/><W94/><G77/><T69/><D69/><U115/><E115/><V98/><F49/><W89/><G72/><T25/><D39/><U108/><E108/><V134/><F134/><W63/><G63/><T95/><D2/><U99/><E102/><N who="2" m="39531" /><F50/><W82/><G82/><T62/><D1/><U12/><E12/><V24/><F24/><W52/><G89/><T21/><D90/><U44/><E38/><V75/><F75/><W81/><G81/><T126/><D126/><U103/><E103/><V23/><F23/><AGARI ba="0,0" hai="13,19,23,52,53,55,93,94" m="51785,43114" machi="23" ten="40,8000,1" yaku="15,1,11,1,20,1,54,1" doraHai="85" who="3" fromWho="2" sc="195,0,246,0,262,-80,297,80" /><INIT seed="7,0,0,4,0,4" ten="195,246,182,377" oya="3" hai0="43,118,28,130,3,44,89,80,1,71,8,124,22" hai1="5,115,93,117,79,47,133,114,135,90,53,62,72" hai2="113,25,33,120,67,96,63,68,14,56,34,11,65" hai3="123,36,23,42,100,49,95,35,21,131,15,50,57"/><W61/><G35/><T127/><D71/><U7/><E79/><V129/><F113/><N who="1" m="43017" /><E72/><V27/><F129/><W41/><G15/><T31/><D130/><U108/><E108/><V106/><F120/><W26/><G95/><T52/><D22/><U70/><E117/><V54/><F106/><W98/><G57/><T76/><D89/><U84/><E47/><V78/><F96/><W64/><G98/><T18/><D52/><U105/><E105/><V17/><F78/><W101/><G61/><T10/><D18/><U112/><E112/><V32/><REACH who="2" step="1"/><F67/><REACH who="2" ten="195,246,172,377" step="2"/><W119/><G64/><T55/><D118/><U83/><E133/><V110/><F110/><W94/><G131/><T125/><D55/><U107/><E107/><V37/><F37/><W88/><G36/><N who="0" m="21607" /><D3/><U45/><E135/><V39/><F39/><W104/><G119/><T24/><D1/><U99/><E53/><V30/><F30/><N who="0" m="11306" /><D24/><U102/><E99/><V59/><F59/><W92/><G26/><T116/><D116/><U20/><E70/><V69/><F69/><W122/><G104/><T19/><D19/><U109/><E109/><V85/><F85/><AGARI ba="0,1" hai="8,10,76,80,85,124,125,127" m="11306,21607" machi="85" ten="30,3900,0" yaku="18,1,52,2" doraHai="4" who="0" fromWho="2" sc="195,49,246,0,172,-39,377,0" owari="244,-16.0,246,5.0,133,-37.0,377,48.0" /></mjloggm>