<mjloggm ver="2.3"><GO type="169" lobby="0"/><UN n0="%E3%82%A6%E3%83%AB%E3%83%88%E3%83%A9%E7%AB%8B%E7%9B%B4" n1="%E8%A1%A8%E8%A3%8F%E8%A3%8F" n2="%6E%69%63%6B%2E" n3="%E5%B8%83%E5%9B%A3%EF%BC%A0%E5%83%8D%E3%81%8B%E3%81%AA%E3%81%84" dan="17,17,16,16" rate="2192.48,2200.07,2218.58,2033.86" sx="M,M,M,F"/><TAIKYOKU oya="0"/><INIT seed="0,0,0,3,0,63" ten="250,250,250,250" oya="0" hai0="128,46,21,16,4,101,26,23,9,117,15,35,135" hai1="57,56,44,54,68,18,61,39,12,100,126,81,89" hai2="69,77,38,108,122,124,83,42,111,80,50,125,87" hai3="59,107,10,132,27,88,22,86,131,62,1,20,112"/><T92/><D117/><U130/><E126/><N who="2" m="48747" /><F69/><W47/><G112/><T121/><D121/><U53/><E130/><V103/><F103/><W99/><G131/><T5/><D128/><U37/><E68/><V127/><N who="2" m="48755" /><V76/><DORA hai="75" /><F38/><W84/><G132/><T116/><D116/><U58/><E100/><V123/><F50/><W102/><G84/><T118/><D118/><U30/><E30/><V0/><F0/><W113/><G113/><T36/><D36/><U133/><E133/><V82/><F42/><W97/><G47/><T64/><D135/><U120/><E120/><N who="2" m="46123" /><F83/><W95/><G107/><T32/><D46/><U55/><E61/><V24/><F24/><W72/><G27/><N who="0" m="14759" /><D92/><U109/><E37/><V114/><F114/><W11/><G1/><N who="0" m="143" /><D101/><U129/><E39/><V14/><F14/><W29/><G102/><T34/><D64/><U7/><E129/><V51/><F51/><W28/><G72/><AGARI ba="0,0" hai="72,76,77,80,82,87,108,111" m="46123,48755" machi="72" ten="50,8000,1" yaku="18,1,34,2,52,2" doraHai="63,75" who="2" fromWho="3" sc="250,0,250,0,250,80,250,-80" /><INIT seed="1,0,0,4,2,21" ten="250,250,330,170" oya="1" hai0="43,110,81,112,134,1,75,74,127,111,84,36,41" hai1="29,6,83,114,121,11,8,107,10,30,28,109,3" hai2="97,105,44,27,99,32,24,91,25,22,23,85,89" hai3="47,128,108,50,0,60,45,77,20,17,63,46,58"/><U62/><E107/><V7/><F32/><W26/><G108/><N who="0" m="41515" /><D112/><U80/><E121/><V100/><F7/><W69/><G128/><T13/><D1/><U70/><E109/><V12/><F44/><W33/><G0/><T96/><D127/><U5/><E114/><V82/><F99/><W4/><G4/><N who="1" m="1642" /><E70/><V66/><F66/><W38/><G38/><T115/><D115/><U101/><E3/><V67/><F67/><W94/><G33/><T124/><D124/><U90/><E101/><V48/><F48/><W98/><G77/><N who="0" m="46127" /><D134/><U133/><E133/><V59/><F59/><W86/><G86/><T9/><D96/><U116/><E116/><V14/><REACH who="2" step="1"/><F89/><REACH who="2" ten="250,250,320,170" step="2"/><N who="3" m="55631" /><G69/><T102/><D102/><U132/><E132/><V19/><F19/><W118/><G118/><T88/><D88/><U16/><E90/><V72/><F72/><N who="0" m="27690" /><D36/><U18/><E62/><N who="3" m="23594" /><G58/><T129/><D129/><U117/><E117/><V126/><F126/><W64/><G64/><T95/><D95/><U122/><E122/><V87/><F87/><W53/><AGARI ba="0,1" hai="17,20,26,45,46,47,50,53" m="23594,55631" machi="53" ten="30,2000,0" yaku="8,1,52,1" doraHai="21" who="3" fromWho="3" sc="250,-5,250,-10,320,-5,170,30" /><INIT seed="2,0,0,3,1,113" ten="245,240,315,200" oya="2" hai0="123,10,47,114,29,77,34,131,111,20,30,126,110" hai1="57,56,66,38,135,0,91,4,119,132,92,78,39" hai2="33,61,14,22,1,71,35,58,5,46,86,25,106" hai3="53,3,6,94,98,19,84,26,70,12,60,54,127"/><V81/><F106/><W107/><G127/><T7/><D123/><U125/><E125/><V96/><F71/><W27/><G3/><N who="0" m="383" /><D47/><U87/><E78/><V133/><F133/><N who="1" m="51273" /><E119/><V45/><F1/><W15/><G6/><T109/><D77/><U76/><E76/><V64/><F96/><W41/><G41/><T90/><D90/><U80/><E92/><V112/><F112/><W52/><G107/><T69/><D69/><U130/><E130/><V2/><F2/><W13/><G84/><T134/><D134/><U8/><E66/><V18/><F35/><W103/><REACH who="3" step="1"/><G19/><REACH who="3" ten="245,240,315,190" step="2"/><T73/><D126/><U79/><E79/><N who="2" m="46399" /><F33/><W97/><G97/><T55/><D114/><U88/><E0/><V36/><F36/><W68/><G68/><T32/><D73/><U9/><E39/><V116/><F116/><W100/><G100/><T118/><D118/><U48/><E38/><V42/><F42/><W101/><G101/><T115/><D115/><U124/><E124/><V65/><F65/><AGARI ba="0,1" hai="12,13,15,26,27,52,53,54,60,65,70,94,98,103" machi="65" ten="40,2600,0" yaku="1,1,54,1,53,0" doraHai="113" doraHaiUra="75" who="3" fromWho="2" sc="245,0,240,0,315,-26,190,36" /><INIT seed="3,0,0,4,1,88" ten="245,240,289,226" oya="3" hai0="104,3,95,72,81,119,26,117,134,60,105,116,17" hai1="33,97,57,6,45,128,20,83,79,96,28,90,125" hai2="68,10,54,102,1,113,23,86,100,5,115,101,65" hai3="114,133,13,27,112,59,126,53,2,61,15,92,98"/><W70/><G2/><T118/><D3/><U106/><E33/><V67/><F23/><W9/><G133/><T109/><D60/><U111/><E128/><V36/><F36/><W48/><G126/><T0/><D17/><U85/><E125/><V71/><F54/><W31/><G70/><T76/><D26/><U78/><E111/><V93/><F71/><W135/><G135/><T4/><D4/><U84/><E6/><V25/><F25/><W75/><G75/><T74/><D0/><U35/><E35/><V8/><F8/><W107/><G107/><N who="0" m="41035" /><D134/><U82/><E106/><V12/><F1/><W124/><G124/><T7/><D7/><U38/><E90/><N who="2" m="53463" /><F115/><W94/><G61/><T108/><N who="0" m="29696" /><DORA hai="91" /><T19/><D19/><U129/><E57/><V42/><F68/><W80/><G80/><T131/><D131/><U130/><E130/><V14/><F42/><W46/><G46/><T24/><D24/><U66/><E129/><V58/><F113/><W120/><G120/><T122/><D122/><U44/><E66/><N who="2" m="25099" /><F14/><W18/><G15/><T21/><D21/><U127/><E127/><V43/><F43/><W52/><G53/><T34/><D34/><U99/><E38/><V73/><F73/><W132/><G132/><T47/><D72/><U77/><E20/><V103/><N who="2" m="25600" /><DORA hai="49" /><V39/><F39/><W56/><G56/><AGARI ba="0,0" hai="5,10,12,56,58" m="25600,25099,53463" machi="56" ten="40,5200,0" yaku="8,1,52,2" doraHai="88,91,49" who="2" fromWho="3" sc="245,0,240,0,289,52,226,-52" /><INIT seed="4,0,0,2,4,51" ten="245,240,341,174" oya="0" hai0="92,33,73,48,10,32,31,125,3,23,103,57,35" hai1="78,38,75,85,91,22,40,102,34,86,95,27,128" hai2="80,111,107,26,115,5,18,110,133,131,60,25,50" hai3="43,63,64,28,55,20,12,47,116,84,62,41,121"/><T87/><D73/><U72/><E128/><V126/><F107/><W108/><G116/><T42/><D125/><U39/><E34/><V37/><F37/><W77/><G108/><T129/><D129/><U94/><E40/><V66/><F131/><W67/><G121/><T130/><D130/><U7/><E7/><V69/><F126/><W120/><G120/><T112/><D112/><U114/><E114/><V119/><F115/><W17/><G28/><T30/><D23/><U65/><E65/><N who="3" m="25162" /><G77/><T11/><D11/><U76/><E102/><V59/><F119/><W113/><G113/><T0/><D10/><U79/><E39/><V6/><F133/><W49/><G84/><T45/><D57/><U93/><E38/><V124/><F124/><W21/><G20/><T89/><REACH who="0" step="1"/><D103/><REACH who="0" ten="235,240,341,174" step="2"/><U53/><E75/><V54/><F110/><W36/><G36/><T2/><AGARI ba="0,1" hai="0,2,3,30,31,32,33,35,42,45,48,87,89,92" machi="2" ten="40,7800,0" yaku="1,1,2,1,0,1,53,0" doraHai="51" doraHaiUra="106" who="0" fromWho="0" sc="235,88,240,-26,341,-26,174,-26" /><INIT seed="4,1,0,3,1,35" ten="323,214,315,148" oya="0" hai0="128,77,105,6,27,30,14,115,95,81,8,124,113" hai1="15,46,70,44,24,28,55,114,87,57,52,12,135" hai2="108,18,103,92,72,134,118,17,58,61,79,119,101" hai3="2,122,43,91,131,89,68,133,29,80,21,63,56"/><T69/><D105/><U74/><E74/><V62/><F108/><W11/><G131/><T97/><D69/><U100/><E70/><V13/><F134/><W75/><G133/><T129/><D124/><U84/><E135/><V93/><F72/><W59/><G122/><T66/><D66/><U102/><E114/><N who="0" m="43529" /><D81/><U37/><E37/><V4/><F4/><W39/><G68/><T65/><D77/><U31/><E57/><V1/><F79/><W22/><G89/><N who="0" m="55535" /><D65/><U54/><E54/><V82/><F82/><W127/><G127/><T130/><D130/><U94/><E24/><V73/><F73/><W34/><G34/><AGARI ba="1,0" hai="6,8,14,27,30,34,128,129" m="55535,43529" machi="34" ten="30,1500,0" yaku="15,1" doraHai="35" who="0" fromWho="3" sc="323,18,214,0,315,0,148,-18" /><INIT seed="4,2,0,2,1,19" ten="341,214,315,130" oya="0" hai0="30,25,86,94,13,125,5,58,61,35,134,106,55" hai1="24,100,62,127,130,121,101,57,65,112,0,47,124" hai2="115,118,7,60,38,88,116,23,117,43,41,37,71" hai3="84,131,107,32,49,20,79,68,111,56,66,2,78"/><T16/><D106/><U99/><E121/><V10/><F115/><W14/><G111/><T98/><D125/><U18/><E0/><V70/><F88/><W50/><G131/><T28/><D134/><U89/><E130/><V9/><F60/><W76/><G2/><T1/><D1/><U108/><E108/><V96/><F96/><W83/><G32/><T81/><D5/><U48/><E112/><V8/><F23/><W123/><G123/><T17/><D30/><U36/><E36/><N who="2" m="13931" /><F7/><W29/><G107/><T52/><D55/><U4/><E4/><V82/><F82/><W104/><G104/><T64/><D64/><U72/><E72/><V129/><F129/><W90/><G68/><AGARI ba="2,0" hai="8,9,10,41,43,68,70,71,116,117,118" m="13931" machi="68" ten="40,5200,0" yaku="28,2,12,1" doraHai="19" who="2" fromWho="3" sc="341,0,214,0,315,58,130,-58" /><INIT seed="5,0,0,3,5,48" ten="341,214,373,72" oya="1" hai0="119,39,63,98,87,126,60,14,75,131,86,97,95" hai1="40,128,1,91,115,33,111,49,79,6,12,130,59" hai2="134,64,82,24,88,47,27,122,50,34,104,18,16" hai3="129,108,54,80,26,32,112,84,132,5,68,58,93"/><U90/><E111/><V106/><F122/><W103/><G129/><T109/><D39/><U99/><E1/><V76/><F134/><W113/><G112/><T85/><D75/><U21/><E33/><V117/><F117/><W30/><G132/><T89/><D119/><U101/><E79/><V120/><F120/><W107/><G108/><T102/><D109/><U37/><E37/><V127/><F127/><W71/><G113/><T96/><D126/><U41/><E115/><V100/><F64/><W114/><G114/><T135/><D135/><U70/><E70/><V20/><F100/><W0/><G0/><T56/><D131/><U10/><E40/><V74/><F88/><W36/><G36/><T11/><D102/><U92/><E130/><V22/><REACH who="2" step="1"/><F34/><REACH who="2" ten="341,214,363,72" step="2"/><W123/><G123/><T9/><D89/><U35/><E91/><V55/><AGARI ba="0,1" hai="16,18,20,22,24,27,47,50,55,74,76,82,104,106" machi="55" ten="20,12000,2" yaku="1,1,2,1,0,1,7,1,9,1,52,1,54,1,53,0" doraHai="48" doraHaiUra="52" who="2" fromWho="2" sc="341,-30,214,-60,363,130,72,-30" /><INIT seed="6,0,0,0,5,49" ten="311,154,493,42" oya="2" hai0="64,126,39,118,125,54,16,62,28,127,94,36,50" hai1="74,7,69,116,122,38,34,121,102,72,97,41,48" hai2="23,42,86,44,52,128,21,63,131,57,70,115,65" hai3="75,81,107,89,3,68,114,29,27,124,55,85,24"/><V101/><F115/><W31/><G124/><T91/><D28/><U6/><E116/><V119/><F119/><W8/><G3/><T77/><D77/><U130/><E130/><N who="2" m="49707" /><F101/><W67/><G107/><T104/><D104/><N who="1" m="63567" /><E38/><N who="2" m="21591" /><F86/><W110/><G110/><T76/><D76/><U109/><E69/><V25/><F25/><W83/><G114/><T80/><D80/><U99/><E109/><V78/><F78/><W47/><G8/><T93/><D118/><U84/><E34/><V15/><F15/><W117/><G117/><T11/><D11/><U95/><E84/><V46/><F46/><W61/><G81/><T18/><D39/><U20/><E74/><V60/><AGARI ba="0,0" hai="21,23,52,57,60,63,65,70" m="21591,49707" machi="60" ten="30,6000,0" yaku="19,1,52,1,54,1" doraHai="49" who="2" fromWho="2" sc="311,-20,154,-20,493,60,42,-20" /><INIT seed="6,1,0,2,1,78" ten="291,134,553,22" oya="2" hai0="94,64,12,89,108,52,39,71,126,68,47,29,72" hai1="113,28,84,61,34,85,1,41,128,105,48,76,63" hai2="19,4,5,130,30,123,125,102,37,127,97,18,120" hai3="107,65,111,43,50,106,32,118,73,99,124,116,59"/><V49/><F37/><W88/><G124/><N who="2" m="47689" /><F30/><W70/><G111/><T8/><D72/><U16/><E1/><V56/><F130/><W114/><G114/><T129/><D108/><U42/><E105/><N who="2" m="63695" /><F120/><W54/><G32/><T44/><D129/><U6/><E6/><N who="2" m="2667" /><F123/><W33/><G33/><T27/><D126/><U90/><E28/><V26/><F26/><W35/><G35/><T20/><D39/><U103/><E34/><V96/><F96/><W25/><G25/><T62/><D71/><U98/><E128/><V80/><F80/><W53/><G73/><T23/><D23/><U110/><E98/><V104/><F104/><W31/><G31/><T2/><D2/><U60/><E110/><V22/><F22/><W21/><G21/><T58/><D68/><U45/><E113/><V11/><F11/><W115/><G115/><T117/><D117/><U122/><E122/><V36/><F36/><W17/><G17/><T69/><D8/><U57/><E16/><V100/><F100/><W77/><G107/><T9/><D9/><U82/><E103/><V119/><F119/><W14/><G106/><T131/><D131/><U0/><E0/><V55/><AGARI ba="1,0" hai="18,19,49,55,56" m="2667,63695,47689" machi="55" ten="30,1500,0" yaku="18,1" doraHai="78" who="2" fromWho="2" sc="291,-6,134,-6,553,18,22,-6" /><INIT seed="6,2,0,4,3,108" ten="285,128,571,16" oya="2" hai0="125,72,24,27,26,101,106,56,97,38,64,45,104" hai1="9,59,131,23,109,60,127,8,111,103,117,95,48" hai2="96,17,61,57,3,20,113,29,32,126,69,84,53" hai3="36,43,16,90,129,73,91,40,88,119,93,121,51"/><V44/><F3/><W110/><G129/><T114/><D72/><U120/><E117/><V77/><F126/><W70/><G121/><T81/><D125/><U31/><E131/><V30/><F69/><W128/><G128/><T37/><D106/><U0/><E127/><V118/><F118/><W102/><G110/><T75/><D75/><U2/><E120/><V13/><F96/><W76/><G119/><T62/><D81/><U105/><E105/><V107/><F107/><W58/><G70/><T115/><D45/><U123/><E123/><V50/><F32/><W41/><G36/><T6/><D6/><U79/><E79/><V54/><F113/><AGARI ba="2,0" hai="24,26,27,37,38,56,62,64,97,101,104,113,114,115" machi="113" ten="40,8000,1" yaku="15,1,52,3" doraHai="108" who="0" fromWho="2" sc="285,86,128,0,571,-86,16,0" /><INIT seed="7,0,0,3,4,131" ten="371,128,485,16" oya="3" hai0="41,125,135,91,24,6,80,45,66,99,88,105,67" hai1="61,116,113,89,122,84,30,100,85,55,123,40,17" hai2="106,10,62,117,22,74,1,65,47,15,34,11,90" hai3="8,118,75,7,46,54,0,35,37,115,4,82,108"/><W73/><G115/><T78/><D125/><U133/><E113/><V130/><F34/><W20/><G118/><T70/><D70/><U69/><E116/><V29/><F117/><W5/><G108/><T25/><D6/><U132/><E30/><V49/><F74/><W97/><G35/><T93/><D105/><U107/><E40/><V43/><F106/><W119/><G119/><T19/><D91/><U94/><E17/><V79/><F130/><W18/><G97/><T31/><D19/><U127/><E127/><V134/><F134/><N who="1" m="51817" /><E85/><V32/><F32/><W109/><G109/><T36/><D135/><U103/><E55/><V71/><F79/><W83/><G83/><T51/><D36/><U68/><E68/><V81/><F1/><W14/><G73/><T57/><D57/><U111/><E111/><V33/><F33/><W27/><G27/><T59/><D59/><U21/><E21/><V9/><F29/><W63/><G63/><T98/><D98/><N who="1" m="61847" /><E103/><V128/><F22/><W121/><G121/><T64/><D31/><U101/><E101/><V53/><F43/><N who="3" m="22895" /><G54/><T112/><D112/><U56/><E56/><V129/><F128/><W26/><G26/><T12/><D12/><U102/><E102/><V38/><F38/><W3/><G0/><T120/><D120/><U76/><E76/><AGARI ba="0,0" hai="3,4,5,7,8,14,18,20,75,76,82" m="22895" machi="76" ten="30,1500,0" yaku="25,1" doraHai="131" who="3" fromWho="1" sc="371,0,128,-15,485,0,16,15" /><INIT seed="7,1,0,1,4,56" ten="371,113,485,31" oya="3" hai0="0,9,132,33,18,6,108,125,23,70,77,51,28" hai1="29,100,75,122,20,63,121,15,128,79,84,126,10" hai2="66,64,27,93,86,98,120,60,7,102,92,114,11" hai3="99,62,130,34,69,131,47,87,110,90,45,89,127"/><W26/><G127/><T68/><D108/><U16/><E75/><V73/><F114/><W85/><G110/><T107/><D107/><U81/><E126/><V117/><F117/><W96/><G34/><T1/><D125/><U123/><E128/><N who="3" m="49194" /><G26/><T82/><D132/><U116/><E116/><V101/><F73/><W49/><G49/><T91/><D0/><U104/><E63/><V57/><F120/><W74/><G74/><T36/><D36/><U113/><E113/><V19/><F64/><N who="3" m="41111" /><G47/><T59/><D51/><U46/><E46/><V83/><F27/><W12/><G12/><T97/><D59/><U88/><E29/><V42/><F42/><W133/><G45/><T119/><D119/><U41/><E41/><V38/><F38/><W118/><G133/><T76/><D68/><U94/><E104/><V134/><F134/><W115/><G115/><T32/><D70/><U103/><REACH who="1" step="1"/><E10/><REACH who="1" ten="371,103,485,31" step="2"/><V17/><F11/><W54/><G54/><T61/><D9/><U58/><E58/><V21/><F57/><W31/><G31/><T71/><D28/><U65/><E65/><V111/><F66/><W124/><G124/><T109/><D109/><U72/><AGARI ba="1,1" hai="15,16,20,72,79,81,84,88,94,100,103,121,122,123" machi="72" ten="30,7900,0" yaku="1,1,0,1,54,2,53,0" doraHai="56" doraHaiUra="48" who="1" fromWho="1" sc="371,-21,103,92,485,-21,31,-40" owari="350,15.0,195,-20.0,464,56.0,-9,-51.0" /></mjloggm>