<mjloggm ver="2.3"><GO type="41" lobby="0"/><UN n0="%E5%B0%B1%E6%B4%BB%E7%94%9F%40%E5%B7%9D%E6%9D%91%E8%BB%8D%E5%9B%A3" n1="%6E%6F%7A%6F%6D%61%69%69" n2="%6B%75%69%74%61%6E%31%30" n3="%6D%61%2D%62%6F%33%35" dan="14,14,14,15" rate="1948.23,1934.22,1889.44,2002.81" sx="M,M,M,M"/><TAIKYOKU oya="0"/><INIT seed="0,0,0,5,0,57" ten="250,250,250,250" oya="0" hai0="32,43,31,135,77,35,5,104,15,41,40,100,108" hai1="110,119,50,94,63,26,28,21,101,42,130,44,61" hai2="11,46,74,79,34,67,126,91,6,39,1,18,33" hai3="20,116,45,25,129,68,97,88,99,3,58,19,81"/><T38/><D38/><U4/><E119/><V23/><F126/><W2/><G68/><T13/><D135/><U53/><E130/><V87/><F67/><W85/><G116/><T29/><D77/><U107/><E107/><V54/><F74/><W64/><G129/><T69/><D69/><U72/><E72/><V90/><F79/><W37/><G3/><T118/><D118/><U12/><E110/><V102/><F102/><W125/><G2/><T51/><D108/><U83/><E83/><V75/><F75/><W52/><G125/><T82/><D82/><U127/><E127/><V98/><F98/><W122/><G122/><T80/><D80/><U59/><E101/><V95/><F91/><W70/><G70/><T92/><D104/><U86/><E86/><V78/><F78/><W84/><G84/><T36/><D36/><U132/><E94/><V103/><F103/><W114/><G114/><T9/><D15/><U24/><E24/><V16/><F18/><W134/><G134/><T111/><D111/><U48/><E132/><V30/><F30/><W49/><G37/><T113/><D113/><U105/><E105/><V27/><F39/><W115/><REACH who="3" step="1"/><G115/><REACH who="3" ten="250,250,250,240" step="2"/><T17/><D32/><U55/><E42/><N who="0" m="16489" /><D35/><U66/><E66/><V109/><F109/><W56/><G56/><T128/><D128/><U10/><AGARI ba="0,1" hai="4,10,12,21,26,28,44,48,50,53,55,59,61,63" machi="10" ten="30,7900,0" yaku="0,1,8,1,52,2" doraHai="57" who="1" fromWho="1" sc="250,-39,250,89,250,-20,240,-20" /><INIT seed="1,0,0,1,2,20" ten="211,339,230,220" oya="1" hai0="31,94,84,52,88,44,19,8,100,56,96,33,128" hai1="132,86,114,50,0,103,63,98,133,73,45,11,131" hai2="74,75,97,90,35,83,78,118,123,40,126,32,22" hai3="29,16,4,3,7,53,82,57,25,85,41,122,46"/><U30/><E73/><V59/><F123/><W111/><G122/><T108/><D128/><U1/><E114/><V72/><F118/><W24/><G3/><T120/><D120/><U134/><E131/><V14/><F40/><W28/><G111/><T99/><D99/><U5/><E86/><V91/><F126/><W54/><G46/><T76/><D108/><U80/><E80/><V18/><F32/><W49/><G41/><T62/><D76/><U87/><E87/><V112/><F112/><W68/><G68/><T129/><D129/><U2/><E63/><V79/><F35/><W105/><G105/><T27/><D44/><U110/><E110/><V61/><F72/><W109/><G109/><T13/><REACH who="0" step="1"/><D84/><REACH who="0" ten="201,339,230,220" step="2"/><U106/><REACH who="1" step="1"/><E30/><REACH who="1" ten="201,329,230,220" step="2"/><V71/><F97/><W102/><G29/><T125/><D125/><U17/><E17/><V39/><F74/><W93/><G16/><T23/><D23/><U70/><E70/><V37/><F71/><W101/><G28/><T9/><D9/><U38/><E38/><V15/><F39/><W48/><G85/><T65/><D65/><U104/><E104/><V113/><F37/><W107/><G107/><T43/><D43/><AGARI ba="0,2" hai="0,1,2,5,11,43,45,50,98,103,106,132,133,134" machi="43" ten="40,3900,0" yaku="1,1,20,1,53,0" doraHai="20" doraHaiUra="66" who="1" fromWho="0" sc="201,-39,329,59,230,0,220,0" /><INIT seed="1,1,0,5,5,127" ten="162,388,230,220" oya="1" hai0="129,74,124,40,29,135,3,90,31,35,57,104,121" hai1="122,22,34,86,82,116,109,63,43,52,25,114,126" hai2="93,99,72,120,68,39,106,24,67,132,71,19,18" hai3="54,95,92,0,118,119,100,97,103,15,115,8,6"/><U125/><E122/><V46/><F120/><W47/><G115/><T7/><D121/><U81/><E114/><V10/><F132/><W75/><G75/><T62/><D124/><N who="1" m="47723" /><E34/><V133/><F133/><W5/><G5/><T61/><D135/><U60/><E43/><V88/><F72/><W58/><G47/><T77/><D104/><U26/><E116/><N who="3" m="44586" /><G0/><T4/><D40/><U84/><E109/><V91/><F106/><N who="3" m="63759" /><G103/><T23/><D74/><U66/><E66/><V48/><F39/><W123/><G123/><T73/><D73/><U102/><E102/><V21/><F67/><W76/><G76/><T101/><D101/><U87/><E52/><N who="2" m="29719" /><F68/><W128/><G54/><T130/><D35/><U50/><E50/><V30/><F71/><W11/><G58/><T9/><D77/><U51/><E51/><V27/><F10/><W111/><G8/><T112/><D112/><U59/><E59/><V37/><F37/><W96/><G111/><T53/><D90/><U94/><E94/><N who="2" m="56775" /><F27/><N who="1" m="10249" /><E22/><V83/><F83/><AGARI ba="1,0" hai="60,63,81,82,83,84,86,87" m="10249,47723" machi="83" ten="40,7700,0" yaku="28,2,18,1" doraHai="127" who="1" fromWho="2" sc="162,0,388,80,230,-80,220,0" /><INIT seed="1,2,0,3,4,79" ten="162,468,150,220" oya="1" hai0="27,111,120,67,15,9,10,4,16,89,117,130,110" hai1="114,69,119,103,129,61,47,56,32,76,43,23,50" hai2="132,86,92,36,18,105,45,21,1,95,63,123,121" hai3="106,124,77,100,112,34,122,73,0,78,7,71,48"/><U14/><E32/><V58/><F1/><W91/><G34/><T81/><D117/><U133/><E119/><V40/><F105/><W97/><G48/><T72/><D67/><U17/><E114/><V83/><F132/><W51/><G51/><T54/><D120/><U108/><E133/><V109/><F109/><N who="0" m="41482" /><D130/><U88/><E108/><V22/><F21/><W68/><G7/><T44/><D27/><U19/><E129/><V25/><F95/><N who="3" m="56575" /><G0/><T6/><D9/><U99/><E69/><V60/><F92/><W98/><G68/><T87/><D72/><U26/><E76/><V3/><F3/><W104/><G71/><T12/><D12/><U131/><E131/><V37/><F36/><W102/><G112/><T74/><D74/><U80/><E103/><V41/><F40/><W90/><G122/><T42/><D54/><U28/><E14/><V93/><F93/><N who="3" m="56631" /><G124/><T85/><D85/><N who="1" m="50215" /><E99/><V24/><F25/><W5/><G77/><T64/><D64/><AGARI ba="2,0" hai="17,19,23,26,28,43,47,50,56,61,64" m="50215" machi="64" ten="30,5800,0" yaku="8,1,52,1,54,1" doraHai="79" who="1" fromWho="0" sc="162,-64,468,64,150,0,220,0" /><INIT seed="1,3,0,1,0,2" ten="98,532,150,220" oya="1" hai0="42,89,9,53,21,121,58,19,30,27,18,73,99" hai1="130,81,88,7,5,92,8,61,20,119,132,103,66" hai2="33,80,31,40,22,11,104,91,51,85,102,114,65" hai3="32,87,122,62,64,110,115,67,60,47,63,15,25"/><U59/><E119/><V3/><F65/><W69/><G122/><T10/><D73/><U12/><E132/><V70/><F70/><W116/><G115/><T48/><D42/><U24/><E130/><V0/><F114/><W134/><G134/><T107/><D121/><U112/><E112/><V35/><F104/><W6/><G116/><T44/><D107/><U45/><E45/><V96/><F96/><W125/><G110/><T36/><D36/><U55/><E103/><V68/><F102/><W43/><G125/><T131/><D131/><U90/><E81/><V128/><F68/><W23/><G32/><T86/><D99/><U109/><E109/><V79/><F128/><W39/><G87/><T120/><D120/><U14/><E66/><V76/><F0/><W4/><G15/><T41/><D9/><N who="1" m="4143" /><E92/><V13/><F3/><W83/><G83/><T127/><D127/><U94/><E94/><V118/><F35/><W101/><G101/><T106/><D106/><U1/><E1/><V29/><F33/><W38/><G38/><T54/><D10/><U98/><E98/><V113/><F113/><W117/><G117/><T52/><REACH who="0" step="1"/><D58/><REACH who="0" ten="88,532,150,220" step="2"/><U74/><E74/><V111/><F118/><W34/><G69/><T71/><D71/><U93/><E93/><AGARI ba="3,1" hai="18,19,21,27,30,41,44,48,52,53,54,86,89,93" machi="93" ten="40,8000,1" yaku="1,1,8,1,54,1,53,1" doraHai="2" doraHaiUra="17" who="0" fromWho="1" sc="88,99,532,-89,150,0,220,0" /><INIT seed="2,0,0,3,2,118" ten="187,443,150,220" oya="2" hai0="95,130,15,39,3,104,129,124,134,69,5,91,80" hai1="93,123,35,75,49,65,84,0,99,135,125,36,86" hai2="132,114,10,113,47,78,108,18,7,25,17,13,23" hai3="103,22,102,14,110,30,90,76,52,116,68,37,26"/><V73/><F78/><W20/><G68/><T29/><D69/><U117/><E0/><V67/><F73/><W50/><G37/><T60/><D39/><U88/><E35/><V119/><F67/><W77/><G110/><T46/><D104/><U6/><E36/><V98/><F98/><W72/><G116/><T81/><D3/><U19/><E6/><V62/><F62/><W24/><G14/><T115/><D115/><N who="2" m="44042" /><F47/><W122/><G122/><T70/><D29/><U111/><E111/><V43/><F43/><W112/><G112/><T74/><D46/><U94/><E19/><N who="2" m="12543" /><F108/><W51/><G72/><T61/><D74/><U82/><E65/><V40/><F40/><W101/><G90/><T128/><D70/><U16/><E117/><V21/><F119/><W58/><REACH who="3" step="1"/><G51/><REACH who="3" ten="187,443,150,210" step="2"/><T133/><D15/><U79/><E49/><V11/><F132/><N who="0" m="50794" /><D5/><U31/><E135/><V121/><F121/><W41/><G41/><T56/><D61/><U64/><E123/><V4/><F21/><W48/><G48/><T9/><D128/><U83/><E75/><V59/><F59/><W34/><G34/><T28/><D56/><U12/><E64/><V63/><F63/><W71/><G71/><T105/><D60/><U2/><E2/><AGARI ba="0,1" hai="2,4,7,10,11,13,17,18" m="12543,44042" machi="2" ten="30,2900,0" yaku="34,2" doraHai="118" who="2" fromWho="1" sc="187,0,443,-29,150,39,210,0" /><INIT seed="2,1,0,5,2,79" ten="187,414,189,210" oya="2" hai0="26,15,85,30,130,21,76,122,43,92,108,95,35" hai1="12,11,116,120,68,84,113,71,86,65,72,17,87" hai2="18,36,62,96,107,0,103,64,124,80,4,24,25" hai3="61,19,98,40,31,100,58,48,119,13,6,83,77"/><V52/><F36/><W128/><G119/><T9/><D122/><U44/><E72/><V93/><F124/><W115/><G128/><T114/><D114/><U2/><E116/><V56/><F4/><W75/><G31/><T27/><D130/><U121/><E113/><V109/><F0/><W101/><G6/><T20/><D108/><U70/><E2/><V3/><F3/><W106/><G115/><T134/><D134/><U117/><E117/><V53/><F109/><W67/><G101/><T49/><D35/><U46/><REACH who="1" step="1"/><E65/><REACH who="1" ten="187,404,189,210" step="2"/><V78/><F64/><W41/><REACH who="3" step="1"/><G48/><REACH who="3" ten="187,404,189,200" step="2"/><T55/><D49/><U42/><E42/><V135/><F135/><W90/><G90/><T89/><D43/><U57/><E57/><V23/><F53/><W105/><G105/><T45/><D55/><U33/><E33/><V60/><F107/><W32/><G32/><T99/><D89/><U50/><E50/><V63/><REACH who="2" step="1"/><F24/><REACH who="2" ten="187,404,179,200" step="2"/><W74/><G74/><AGARI ba="1,3" hai="18,23,25,52,56,60,62,63,74,78,80,93,96,103" machi="74" ten="30,12000,1" yaku="1,1,2,1,7,1,52,1,54,1,53,0" doraHai="79" doraHaiUra="28" who="2" fromWho="3" sc="187,0,404,0,179,153,200,-123" /><INIT seed="2,2,0,0,3,35" ten="187,404,332,77" oya="2" hai0="66,42,118,111,23,51,8,130,93,30,3,41,122" hai1="82,85,108,1,50,64,128,97,18,84,69,34,58" hai2="0,22,90,91,81,21,12,32,44,14,5,134,112" hai3="135,102,16,10,52,75,101,80,55,126,78,19,87"/><V11/><F32/><W59/><G135/><T46/><D122/><U6/><E34/><V37/><F134/><W129/><G126/><T106/><D106/><U109/><E128/><V68/><F112/><W54/><G129/><T62/><D130/><U72/><E97/><V121/><F121/><W47/><G47/><T57/><D118/><U104/><E104/><V98/><F68/><W94/><G59/><T71/><D111/><N who="1" m="42571" /><E18/><N who="3" m="6698" /><G75/><T86/><D42/><U15/><E15/><V88/><F98/><N who="3" m="59607" /><G10/><T4/><D71/><U120/><E120/><V83/><F37/><W73/><G73/><T53/><D93/><U127/><E127/><V92/><F92/><W27/><G27/><T29/><D86/><U65/><E69/><V43/><F43/><W123/><G123/><T49/><D23/><U76/><E50/><V39/><F39/><W9/><G9/><T103/><D103/><AGARI ba="2,0" hai="52,54,55,78,80,87,102,103" m="59607,6698" machi="103" ten="30,3900,0" yaku="8,1,54,2" doraHai="35" who="3" fromWho="0" sc="187,-45,404,0,332,0,77,45" /><INIT seed="3,0,0,4,3,84" ten="142,404,332,122" oya="3" hai0="37,79,27,115,80,106,110,89,103,76,77,131,1" hai1="116,67,24,69,135,72,119,0,99,22,29,61,13" hai2="96,63,36,130,81,73,129,33,35,17,18,65,93" hai3="112,44,23,114,42,47,111,60,52,82,133,88,19"/><W45/><G133/><T8/><D37/><U43/><E135/><V132/><F36/><W32/><G32/><T125/><D115/><U85/><E43/><V12/><F17/><W121/><G121/><T91/><D125/><U50/><E72/><V122/><F122/><W123/><G123/><T124/><D124/><U7/><E99/><V58/><F132/><W62/><G114/><T30/><D131/><U83/><E50/><V70/><F130/><W5/><G112/><T92/><D110/><U78/><E0/><V28/><F28/><W3/><G42/><T64/><D64/><U20/><E20/><V104/><F104/><W127/><G127/><T74/><D106/><U120/><E120/><V97/><F70/><W101/><G101/><T98/><D74/><U38/><E38/><V46/><F46/><N who="3" m="18027" /><G5/><T105/><D80/><U6/><REACH who="1" step="1"/><E13/><REACH who="1" ten="142,394,332,122" step="2"/><V128/><F129/><W14/><G3/><T11/><D1/><U9/><E9/><N who="0" m="3657" /><D105/><U56/><E56/><V57/><F128/><W41/><G41/><T31/><D31/><U48/><E48/><V39/><F57/><W49/><G111/><T10/><D10/><U90/><E90/><N who="0" m="34313" /><D30/><U2/><E2/><V4/><F39/><W71/><G71/><T134/><D134/><U53/><E53/><V117/><F65/><W68/><G68/><T34/><D34/><U108/><E108/><V16/><F35/><W21/><G21/><T55/><D55/><U100/><E100/><V59/><F33/><W54/><G54/><T86/><D86/><AGARI ba="0,1" hai="14,19,23,47,49,52,60,62,82,86,88" m="18027" machi="86" ten="30,11600,0" yaku="8,1,52,1,54,2" doraHai="84" who="3" fromWho="0" sc="142,-116,394,0,332,0,122,126" /><INIT seed="3,1,0,4,2,98" ten="26,394,332,248" oya="3" hai0="6,78,79,59,51,75,16,55,121,31,62,10,125" hai1="126,43,108,102,13,84,39,132,45,68,76,117,127" hai2="65,27,129,7,133,81,71,12,21,90,74,53,52" hai3="112,35,49,33,100,28,29,57,69,92,120,107,95"/><W113/><G120/><T26/><D121/><U11/><E68/><V24/><F129/><W37/><G69/><T122/><D122/><U44/><E108/><V64/><F74/><W60/><G49/><T17/><D125/><N who="1" m="47627" /><E117/><V3/><F3/><W47/><G57/><T67/><D75/><U97/><E132/><V101/><F71/><W128/><G60/><T56/><D79/><U131/><E131/><V20/><F133/><W63/><G63/><T34/><REACH who="0" step="1"/><D78/><REACH who="0" ten="16,394,332,248" step="2"/><U50/><E76/><V109/><F109/><W111/><G111/><T99/><D99/><U91/><E97/><V73/><F73/><W82/><G128/><T42/><D42/><N who="1" m="22623" /><E84/><V88/><F7/><W23/><G113/><T4/><D4/><N who="1" m="3303" /><E91/><V105/><F105/><W124/><G107/><T89/><D89/><U38/><E38/><V41/><F41/><W94/><G37/><T46/><D46/><U14/><E14/><AGARI ba="1,1" hai="6,10,14,16,17,26,31,34,51,55,56,59,62,67" machi="14" ten="30,7700,0" yaku="1,1,7,1,54,1,53,1" doraHai="98" doraHaiUra="0" who="0" fromWho="1" sc="16,90,394,-80,332,0,248,0" /><INIT seed="4,0,0,1,0,114" ten="106,314,332,248" oya="0" hai0="87,75,1,88,51,26,128,121,61,3,25,0,27" hai1="89,56,42,130,6,111,101,90,80,55,20,81,18" hai2="96,119,71,21,28,85,60,45,63,105,50,131,66" hai3="72,19,117,127,38,34,37,113,103,8,15,102,12"/><T54/><D121/><U23/><E130/><V32/><F131/><W22/><G34/><T68/><D128/><U43/><E111/><V11/><F11/><W13/><G72/><T2/><D75/><U98/><E6/><V30/><F60/><W108/><G108/><T14/><N who="0" m="512" /><DORA hai="73" /><T57/><D14/><N who="3" m="5737" /><G117/><T29/><D68/><U7/><E7/><V64/><F66/><W91/><G38/><T33/><REACH who="0" step="1"/><D61/><REACH who="0" ten="96,314,332,248" step="2"/><U118/><E118/><V35/><F119/><W104/><G15/><T53/><D53/><U67/><E67/><V77/><F63/><W16/><G8/><T9/><D9/><U124/><E124/><V10/><F64/><W36/><G127/><T109/><D109/><U24/><E43/><V69/><F10/><W83/><G113/><T110/><D110/><U99/><E42/><V125/><F125/><W46/><G36/><T40/><D40/><U62/><E23/><V92/><F71/><W126/><G37/><T76/><D76/><U129/><E129/><V65/><F77/><W41/><G22/><T86/><D86/><U70/><E70/><V79/><F85/><W4/><G41/><T116/><D116/><U112/><E112/><V135/><F21/><W52/><G126/><T39/><D39/><U47/><E47/><V84/><F45/><W120/><G46/><T133/><D133/><U95/><E101/><V93/><F135/><W97/><G103/><T78/><D78/><U5/><E5/><V123/><F79/><W58/><G4/><T122/><D122/><U17/><E17/><V82/><F123/><W100/><G120/><RYUUKYOKU ba="0,1" sc="96,15,314,15,332,-15,248,-15" hai0="25,26,27,29,33,51,54,57,87,88" hai1="18,20,24,55,56,62,80,81,89,90,95,98,99" /><INIT seed="4,1,1,5,1,128" ten="111,329,317,233" oya="0" hai0="64,78,110,52,134,61,115,30,35,1,49,4,77" hai1="73,37,76,2,26,9,50,132,89,56,131,23,95" hai2="118,83,42,133,54,32,74,20,24,120,90,102,46" hai3="72,33,101,92,86,111,99,106,93,53,47,98,80"/><T109/><D115/><U116/><E37/><V69/><F120/><W124/><G33/><T43/><D43/><U125/><E125/><V82/><F69/><W34/><G34/><T36/><D36/><U130/><E116/><V44/><F32/><W57/><G111/><N who="0" m="42507" /><D1/><U117/><E117/><V38/><F118/><W25/><G124/><T8/><D134/><U22/><E132/><V40/><F133/><W3/><G3/><N who="0" m="31" /><D30/><U17/><E73/><V66/><F66/><W91/><G72/><T6/><D6/><U5/><E76/><V11/><F102/><W0/><G0/><T14/><D14/><U71/><E71/><V67/><F67/><W55/><G25/><T29/><D29/><U16/><E50/><V58/><F42/><W79/><G47/><N who="0" m="27711" /><D35/><U21/><E56/><AGARI ba="1,1" hai="56,61,64,77,78" m="27711,31,42507" machi="56" ten="30,2900,0" yaku="10,1,54,1" doraHai="128" who="0" fromWho="1" sc="111,42,329,-32,317,0,233,0" /><INIT seed="4,2,0,2,5,96" ten="153,297,317,233" oya="0" hai0="62,76,106,122,108,36,131,85,119,78,105,132,52" hai1="15,75,72,81,123,31,63,4,77,79,55,91,28" hai2="51,29,93,13,87,66,37,133,19,114,44,83,49" hai3="41,118,7,94,104,95,58,8,57,14,129,100,64"/><T71/><D36/><U12/><E123/><V84/><F114/><W121/><G118/><T0/><D0/><U125/><E125/><V109/><F37/><W90/><G129/><T5/><D119/><U130/><E130/><V116/><F109/><W35/><G35/><T16/><D122/><U22/><E91/><N who="2" m="53479" /><F133/><W18/><G104/><T134/><D131/><U124/><E124/><V69/><F69/><W45/><G121/><T67/><D5/><U27/><E31/><V98/><F98/><N who="3" m="59487" /><G64/><T17/><D108/><U74/><E74/><V80/><F66/><W1/><G1/><T48/><D106/><U127/><E127/><V107/><F107/><W46/><G18/><N who="0" m="7275" /><D85/><U2/><E2/><V32/><F32/><W111/><G111/><T135/><D105/><U61/><E4/><V56/><F29/><W26/><G26/><T24/><D24/><U92/><E92/><V70/><F70/><W25/><G25/><T102/><D102/><U33/><E33/><V11/><F87/><N who="3" m="52575" /><G41/><T68/><D68/><U23/><E23/><V3/><F3/><W126/><G126/><T82/><D82/><U50/><E77/><V39/><F39/><W6/><G6/><T73/><D73/><U47/><E75/><V117/><F117/><W38/><G38/><T120/><D120/><U86/><E72/><V30/><F116/><W54/><G54/><T43/><D43/><U21/><E21/><V89/><F30/><W128/><G128/><T112/><D112/><U97/><E97/><V10/><F10/><W115/><G115/><T103/><D103/><U60/><AGARI ba="2,0" hai="12,15,22,27,28,47,50,55,60,61,63,79,81,86" machi="60" ten="30,4000,0" yaku="5,1,0,1,8,1" doraHai="96" who="1" fromWho="1" sc="153,-22,297,46,317,-12,233,-12" /><INIT seed="5,0,0,4,0,70" ten="131,343,305,221" oya="1" hai0="79,83,63,81,76,35,30,45,22,18,93,99,23" hai1="19,91,118,3,74,72,120,88,13,129,89,17,135" hai2="34,98,54,4,57,92,105,33,20,31,50,97,65" hai3="127,48,71,39,101,67,104,85,8,2,49,60,43"/><U40/><E3/><V103/><F4/><N who="3" m="1047" /><G85/><T73/><D35/><U126/><E118/><V28/><F34/><W86/><G86/><T12/><D63/><U27/><E120/><V66/><F33/><W124/><G101/><T110/><D110/><U32/><E135/><V75/><F75/><W113/><G104/><T51/><D30/><U53/><E129/><V114/><F114/><W1/><G1/><T59/><D59/><U42/><E126/><N who="3" m="48170" /><G113/><T123/><D123/><U21/><E32/><V128/><F128/><W78/><G78/><T116/><D116/><U111/><E111/><V94/><F105/><W77/><G77/><T121/><D121/><U100/><E100/><N who="2" m="60455" /><F31/><W84/><G84/><T10/><D81/><U96/><E96/><V117/><F117/><W25/><G25/><AGARI ba="0,0" hai="20,25,28,50,54,57,65,66,94,98,103" m="60455" machi="25" ten="30,1000,0" yaku="8,1" doraHai="70" who="2" fromWho="3" sc="131,0,343,0,305,10,221,-10" /><INIT seed="6,0,0,2,5,90" ten="131,343,315,211" oya="2" hai0="55,89,31,42,68,94,132,126,20,14,114,52,102" hai1="6,87,130,51,120,84,46,71,9,11,57,125,48" hai2="107,135,116,91,60,105,66,121,24,70,7,75,98" hai3="109,93,117,134,29,76,15,80,37,61,64,86,53"/><V25/><F121/><W50/><G37/><T54/><D68/><U65/><E71/><V69/><F116/><W103/><G109/><T19/><D114/><U0/><E130/><V74/><F70/><W32/><G117/><T113/><D113/><U108/><E108/><V28/><F135/><W27/><G134/><T26/><D132/><U100/><E100/><V118/><F25/><W59/><G15/><T124/><D42/><U77/><E120/><V119/><F7/><W58/><G103/><T17/><D102/><U34/><E34/><N who="2" m="20743" /><F91/><W122/><G122/><T115/><D115/><U5/><E125/><V16/><F16/><W88/><REACH who="3" step="1"/><G76/><REACH who="3" ten="131,343,315,201" step="2"/><T92/><D19/><U81/><E77/><V97/><F119/><W49/><G49/><T4/><D4/><U35/><E51/><V129/><F118/><W99/><G99/><T85/><REACH who="0" step="1"/><D92/><AGARI ba="0,1" hai="27,29,32,50,53,58,59,61,64,80,86,88,92,93" machi="92" ten="40,8000,1" yaku="1,1,52,2,54,1,53,0" doraHai="90" doraHaiUra="133" who="3" fromWho="0" sc="131,-80,343,0,315,0,201,90" /><INIT seed="7,0,0,4,1,33" ten="51,343,315,291" oya="3" hai0="28,85,11,90,132,67,87,93,72,22,56,117,44" hai1="121,17,127,80,29,128,103,98,104,40,119,78,76" hai2="27,61,99,82,1,120,88,71,58,49,73,75,36" hai3="70,113,102,16,133,4,25,126,38,65,124,51,122"/><W95/><G38/><T94/><D72/><U10/><E121/><V114/><F36/><W125/><G122/><T118/><D44/><U50/><E119/><V110/><F110/><W46/><G113/><T21/><D11/><U77/><E128/><V3/><F71/><W92/><G133/><T107/><D132/><U23/><E127/><V41/><F120/><W57/><G70/><T12/><D107/><U34/><E34/><V39/><F114/><W123/><G123/><T19/><D117/><U45/><E29/><V84/><F39/><W47/><G4/><T108/><D108/><U101/><E101/><V130/><F130/><W60/><G102/><T6/><D118/><U135/><E10/><V69/><F69/><W59/><G59/><T5/><D67/><U79/><E135/><V83/><F73/><W89/><G89/><T7/><D28/><U15/><E76/><V134/><F134/><W32/><G32/><T91/><D7/><U43/><REACH who="1" step="1"/><E43/><REACH who="1" ten="51,333,315,291" step="2"/><V42/><F41/><N who="3" m="25039" /><G47/><T63/><D63/><U62/><E62/><V106/><F61/><W115/><G115/><T129/><D129/><U8/><E8/><V112/><F112/><W100/><G100/><T54/><REACH who="0" step="1"/><D22/><AGARI ba="0,1" hai="16,22,25,57,60,65,92,95,124,125,126" m="25039" machi="22" ten="30,2900,0" yaku="18,1,54,1" doraHai="33" who="3" fromWho="0" sc="51,-29,333,0,315,0,291,39" /><INIT seed="7,1,0,0,2,70" ten="22,333,315,330" oya="3" hai0="42,49,51,58,8,115,16,50,4,15,99,27,0" hai1="45,17,83,46,106,101,71,108,3,22,105,92,80" hai2="54,31,38,26,85,102,55,48,13,116,14,84,119" hai3="134,79,21,19,35,9,59,63,88,128,87,7,130"/><W61/><G35/><T75/><D75/><U131/><E71/><V25/><F48/><W20/><G79/><T30/><D115/><U89/><E3/><V52/><F102/><W37/><G37/><T118/><D118/><N who="2" m="45098" /><F38/><W86/><G134/><T126/><D126/><U76/><E131/><N who="3" m="50218" /><G86/><N who="2" m="33385" /><F31/><W41/><G41/><T44/><D58/><U60/><E108/><V28/><F28/><W33/><G33/><N who="0" m="20703" /><D99/><U114/><E114/><V66/><F66/><N who="3" m="39231" /><G63/><T53/><D53/><U120/><E120/><V5/><F5/><W132/><G132/><T2/><D2/><U82/><E76/><V125/><F125/><W34/><G34/><T12/><D12/><AGARI ba="1,0" hai="12,13,14,25,26,52,54,55" m="33385,45098" machi="12" ten="40,5200,0" yaku="28,2,54,1" doraHai="70" who="2" fromWho="0" sc="22,-55,333,0,315,55,330,0" owari="-33,-53.0,333,13.0,370,47.0,330,-7.0" /></mjloggm>