<mjloggm ver="2.3"><GO type="97" lobby="0"/><UN n0="%E5%A7%89%E5%B8%AF%E8%B1%8A%E9%9F%B3%40%E5%85%AD%E6%9B%9C" n1="%E5%B0%B1%E6%B4%BB%E7%94%9F%40%E5%B7%9D%E6%9D%91%E8%BB%8D%E5%9B%A3" n2="%75%69%69%70%67" n3="%E3%81%B8%E3%81%A3%E3%81%B7%E3%81%B0%E3%83%BC%E3%82%93" dan="15,15,14,13" rate="1931.43,2052.81,1885.58,1829.12" sx="F,M,M,M"/><TAIKYOKU oya="0"/><INIT seed="0,0,0,2,2,26" ten="250,250,250,250" oya="0" hai0="121,50,102,77,23,99,31,78,132,48,96,130,22" hai1="68,116,41,74,36,3,126,105,107,57,111,10,54" hai2="45,2,71,114,80,62,52,21,85,61,38,79,44" hai3="120,87,1,133,70,108,37,4,51,103,129,28,42"/><T94/><D94/><U115/><RYUUKYOKU type="yao9" ba="0,0" sc="250,0,250,0,250,0,250,0" hai1="3,10,36,41,54,57,68,74,105,107,111,115,116,126" /><INIT seed="0,1,0,4,1,115" ten="250,250,250,250" oya="0" hai0="43,46,58,11,80,37,70,50,15,82,7,88,59" hai1="123,134,132,86,131,41,38,95,51,65,33,72,117" hai2="107,5,28,23,74,9,109,130,35,119,0,57,55" hai3="124,101,114,100,105,52,133,67,116,40,75,53,47"/><T29/><D70/><U12/><E72/><V22/><F74/><W106/><G75/><T129/><D129/><U3/><E3/><V26/><F107/><W94/><G67/><T17/><D29/><U20/><E33/><V62/><F130/><W121/><G94/><T66/><D37/><U96/><E38/><V54/><F109/><W135/><G114/><T63/><D58/><U90/><E123/><V118/><F55/><N who="3" m="21067" /><G121/><T112/><D112/><U44/><E131/><V49/><F62/><W32/><G32/><T21/><REACH who="0" step="1"/><D88/><REACH who="0" ten="240,250,250,250" step="2"/><U45/><E45/><V56/><F56/><W81/><G47/><T93/><D93/><U97/><E65/><V68/><F68/><W14/><G106/><T122/><D122/><U25/><E134/><V2/><REACH who="2" step="1"/><F0/><AGARI ba="1,1" hai="0,7,11,15,17,21,43,46,50,59,63,66,80,82" machi="0" ten="30,2900,0" yaku="1,1,7,1,53,0" doraHai="115" doraHaiUra="85" who="0" fromWho="2" sc="240,42,250,0,250,-32,250,0" /><INIT seed="0,2,0,1,2,37" ten="282,250,218,250" oya="0" hai0="102,96,134,62,9,52,94,29,46,45,110,58,65" hai1="132,90,2,135,109,92,23,31,78,74,11,79,129" hai2="133,0,67,15,122,39,17,50,34,93,91,5,116" hai3="14,48,81,82,43,25,30,75,99,59,4,101,47"/><T111/><D134/><N who="1" m="51243" /><E109/><N who="0" m="41481" /><D9/><U84/><E129/><V114/><F122/><W33/><G75/><T125/><D125/><U86/><E74/><V121/><F121/><W32/><G32/><T27/><D65/><U72/><E72/><V123/><F123/><W38/><G4/><T54/><D54/><U97/><E2/><V61/><F114/><W120/><G120/><T106/><D106/><U71/><E71/><V8/><F39/><W100/><G100/><T41/><D41/><U53/><E53/><V107/><F107/><W69/><G69/><T20/><AGARI ba="2,0" hai="20,27,29,45,46,52,58,62,94,96,102" m="41481" machi="20" ten="30,6000,0" yaku="14,1,10,1,54,1" doraHai="37" who="0" fromWho="0" sc="282,66,250,-22,218,-22,250,-22" /><INIT seed="0,3,0,0,0,99" ten="348,228,196,228" oya="0" hai0="40,123,87,93,10,88,132,41,35,17,50,12,42" hai1="24,63,129,31,95,110,73,6,44,102,94,23,33" hai2="32,104,71,5,0,11,115,13,25,64,125,101,116" hai3="77,52,79,59,85,16,48,111,22,100,39,45,122"/><T120/><D132/><U90/><E73/><V47/><F115/><W117/><G117/><T30/><D35/><U8/><E129/><V62/><F116/><W18/><G39/><T69/><D69/><U98/><E110/><V14/><F47/><W66/><G111/><T51/><REACH who="0" step="1"/><D30/><REACH who="0" ten="338,228,196,228" step="2"/><U26/><E33/><V81/><F125/><W86/><G122/><AGARI ba="3,1" hai="10,12,17,40,41,42,50,51,87,88,93,120,122,123" machi="122" ten="40,12000,1" yaku="1,1,2,1,54,1,53,2" doraHai="99" doraHaiUra="46" who="0" fromWho="3" sc="338,139,228,0,196,0,228,-129" /><INIT seed="0,4,0,5,2,134" ten="477,228,196,99" oya="0" hai0="25,65,11,94,93,44,0,21,95,8,26,70,7" hai1="88,28,107,87,78,84,27,2,58,125,22,36,86" hai2="100,111,81,132,52,40,19,13,102,5,131,37,126" hai3="71,123,129,32,59,64,122,79,85,41,43,38,23"/><T48/><D11/><U127/><E107/><V61/><F132/><W89/><G32/><T92/><D70/><U50/><E36/><V77/><F111/><W80/><G129/><T91/><D65/><U35/><E2/><V118/><F131/><W112/><G112/><T69/><D69/><U82/><E35/><V46/><F118/><W4/><G71/><T68/><D68/><U60/><E50/><V108/><F108/><W115/><G115/><T133/><D133/><U75/><REACH who="1" step="1"/><E88/><REACH who="1" ten="477,218,196,99" step="2"/><V109/><F109/><W117/><G38/><T10/><D91/><U74/><E74/><V103/><F5/><W119/><G89/><T51/><D0/><U57/><E57/><V14/><F102/><W120/><G4/><T76/><D7/><U17/><E17/><V104/><F103/><W124/><G119/><T110/><D51/><U101/><E101/><V31/><F31/><W18/><G117/><T15/><D48/><U116/><E116/><V97/><F19/><W83/><G122/><T62/><D110/><U34/><E34/><V1/><F1/><W54/><G59/><T45/><D45/><U49/><E49/><V33/><F33/><W72/><G18/><T30/><D44/><U66/><AGARI ba="4,1" hai="22,27,28,58,60,66,75,78,82,84,86,87,125,127" machi="66" ten="30,8000,1" yaku="1,1,0,1,52,2,53,1" doraHai="134" doraHaiUra="73" who="1" fromWho="1" sc="477,-44,218,102,196,-24,99,-24" /><INIT seed="1,0,0,4,1,79" ten="433,320,172,75" oya="1" hai0="89,3,129,53,2,65,4,59,90,88,43,22,58" hai1="121,85,18,130,77,5,55,64,134,37,19,40,119" hai2="124,101,106,94,76,123,46,6,118,71,70,8,91" hai3="15,108,13,99,126,20,78,23,0,72,117,51,34"/><U16/><E119/><V97/><F123/><W25/><G99/><T35/><D35/><U83/><E121/><V75/><F118/><W84/><G72/><T111/><D4/><U48/><E130/><V122/><F122/><W27/><G51/><T112/><D112/><U38/><E134/><V52/><F124/><W74/><G74/><T54/><D43/><U113/><E113/><V7/><F7/><W131/><G117/><T50/><D65/><U82/><E5/><V63/><F75/><W45/><G45/><T31/><D111/><U92/><E64/><V100/><F100/><W12/><G84/><T28/><D129/><U9/><E9/><V30/><F30/><N who="3" m="19807" /><G78/><T135/><D135/><U114/><E114/><V33/><F33/><W104/><G104/><T115/><D115/><U80/><E40/><V41/><F76/><W56/><G56/><T14/><D2/><U132/><E132/><V110/><F110/><W102/><G102/><T127/><D3/><U26/><E26/><V11/><F11/><W120/><G108/><T49/><D127/><U62/><E62/><V96/><F63/><W69/><G69/><T73/><D73/><U103/><E77/><V24/><F24/><W66/><G66/><T61/><D61/><U1/><E1/><V133/><F133/><W109/><G109/><T21/><D14/><U81/><N who="1" m="20992" /><DORA hai="116" /><U67/><E67/><V39/><F52/><W42/><G42/><T87/><D87/><U60/><E60/><V93/><F106/><W36/><G0/><AGARI ba="0,0" hai="0,6,8,39,41,46,70,71,91,93,94,96,97,101" machi="0" ten="30,1000,0" yaku="7,1" doraHai="79,116" who="2" fromWho="3" sc="433,0,320,0,172,10,75,-10" /><INIT seed="2,0,0,2,0,91" ten="433,320,182,65" oya="2" hai0="82,108,65,41,71,51,5,37,56,18,14,84,38" hai1="12,0,70,34,79,28,23,103,88,33,47,15,78" hai2="45,130,4,66,111,29,93,7,63,80,86,39,3" hai3="31,32,61,19,125,81,120,9,97,112,21,2,110"/><V122/><F122/><W22/><G120/><T126/><D108/><U94/><E0/><V27/><F111/><W83/><G110/><T57/><D71/><U73/><E70/><V98/><F130/><W118/><G118/><T59/><D5/><U106/><E73/><V35/><F3/><W49/><G112/><T119/><D126/><U24/><E103/><V134/><F134/><W1/><G125/><T40/><D38/><U46/><E106/><V44/><F45/><N who="1" m="16905" /><E34/><V60/><F63/><W62/><G97/><T13/><D37/><U132/><E33/><V67/><F67/><W100/><G31/><T123/><D123/><U54/><E54/><V133/><F133/><W52/><G9/><T135/><D51/><U115/><E115/><V101/><F44/><W36/><G36/><T90/><D135/><U43/><E43/><N who="0" m="16457" /><D119/><U99/><E132/><V25/><F25/><W74/><G74/><T92/><D13/><AGARI ba="0,0" hai="12,13,15,23,24,28,78,79,88,94,99" m="16905" machi="13" ten="30,3900,0" yaku="8,1,52,1,54,1" doraHai="91" who="1" fromWho="0" sc="433,-39,320,39,182,0,65,0" /><INIT seed="3,0,0,1,1,86" ten="394,359,182,65" oya="3" hai0="28,102,91,60,27,120,70,56,18,55,134,73,110" hai1="114,15,66,80,68,14,88,47,89,96,44,31,2" hai2="21,24,124,104,0,62,97,67,119,115,38,130,49" hai3="53,101,71,69,132,17,33,99,65,3,116,26,117"/><W100/><G3/><T77/><D70/><U35/><E2/><V4/><F119/><W34/><G65/><T109/><D120/><U50/><E114/><V83/><F115/><W127/><G53/><T42/><D102/><U29/><E68/><V13/><F38/><W7/><G7/><T84/><D134/><U129/><E66/><V6/><F0/><W45/><G45/><N who="1" m="17482" /><E35/><V135/><F135/><W12/><G127/><T11/><D42/><U131/><E50/><V87/><F124/><W72/><G72/><T57/><D57/><U122/><E122/><V133/><F133/><W85/><G132/><T16/><D77/><U121/><E121/><V106/><F106/><W92/><G85/><T59/><D56/><U9/><E15/><V64/><F49/><W23/><G101/><T76/><D73/><U98/><E80/><V36/><F36/><W39/><G39/><T113/><D113/><U22/><E22/><V82/><F104/><W32/><REACH who="3" step="1"/><G26/><REACH who="3" ten="394,359,182,55" step="2"/><T63/><D27/><U125/><E125/><V43/><F67/><W123/><G123/><T30/><D55/><U95/><E129/><V107/><F130/><W61/><G61/><T128/><D60/><U112/><E131/><V10/><F62/><W74/><G74/><T103/><D63/><U79/><E112/><V1/><F64/><W20/><G20/><T118/><D103/><U37/><E37/><V111/><F4/><W90/><G90/><N who="1" m="34922" /><E79/><V93/><F6/><W78/><G78/><T81/><D76/><U126/><E126/><V94/><F1/><W58/><G58/><T48/><D128/><RYUUKYOKU ba="0,1" sc="394,-10,359,-10,182,-10,55,30" hai3="12,17,23,32,33,34,69,71,92,99,100,116,117" /><INIT seed="3,1,1,3,4,16" ten="384,349,172,85" oya="3" hai0="97,81,102,20,61,50,122,80,65,7,57,70,8" hai1="67,17,25,11,73,75,32,6,112,86,108,91,103" hai2="1,134,13,114,95,100,51,113,38,111,88,126,131" hai3="45,40,101,10,47,3,87,98,115,5,78,44,84"/><W71/><G115/><T34/><D34/><U53/><E112/><V27/><F114/><W52/><G71/><T63/><D122/><U135/><E135/><V36/><F113/><W9/><G40/><T104/><D20/><U66/><E108/><V26/><F111/><W33/><G33/><T127/><D50/><U116/><E116/><V74/><F134/><W35/><G35/><T60/><D127/><U62/><E103/><V22/><F126/><W21/><G78/><T15/><D60/><U117/><E117/><V90/><F74/><W105/><G10/><T55/><AGARI ba="1,1" hai="7,8,15,55,57,61,63,65,70,80,81,97,102,104" machi="55" ten="20,1500,0" yaku="0,1,7,1" doraHai="16" who="0" fromWho="0" sc="384,28,349,-5,172,-5,85,-8" owari="412,51.0,344,14.0,167,-23.0,77,-42.0" /></mjloggm>