<mjloggm ver="2.3"><GO type="97" lobby="0"/><UN n0="%E8%B6%85%E6%94%BB%E6%92%83%E9%9B%80%E5%A3%AB" n1="%64%68%69%6E%61%64%61%6E" n2="%53%69%6D%61%54%6F%6D%6F" n3="%E5%B0%B1%E6%B4%BB%E7%94%9F%40%E5%B7%9D%E6%9D%91%E8%BB%8D%E5%9B%A3" dan="14,15,15,15" rate="1953.26,1926.61,2003.65,2060.50" sx="M,M,M,M"/><TAIKYOKU oya="0"/><INIT seed="0,0,0,4,3,15" ten="250,250,250,250" oya="0" hai0="23,16,85,21,42,116,24,96,115,135,94,59,112" hai1="121,7,67,88,134,84,92,76,89,30,108,80,62" hai2="26,5,50,109,113,11,27,20,72,103,0,52,46" hai3="102,55,39,110,14,95,99,61,105,17,98,128,70"/><T87/><D116/><U133/><E121/><V10/><F113/><W90/><G39/><T82/><D42/><U126/><E108/><V129/><F109/><W9/><G128/><T111/><D111/><U107/><E126/><V81/><F129/><W1/><G110/><T33/><D33/><U3/><E107/><V12/><F103/><W130/><G130/><T118/><D118/><U31/><E7/><V114/><F114/><W49/><G1/><T37/><D37/><U77/><E3/><V6/><REACH who="2" step="1"/><F20/><REACH who="2" ten="250,250,240,250" step="2"/><W65/><G105/><T75/><D115/><U38/><E134/><V2/><F2/><W8/><G102/><N who="0" m="60695" /><D112/><U47/><E133/><V13/><F13/><W101/><G101/><T25/><D135/><U60/><E76/><AGARI ba="0,1" hai="0,5,6,10,11,12,26,27,46,50,52,72,76,81" machi="76" ten="40,2600,0" yaku="1,1,54,1,53,0" doraHai="15" doraHaiUra="63" who="2" fromWho="1" sc="250,0,250,-26,240,36,250,0" /><INIT seed="1,0,0,2,0,60" ten="250,224,276,250" oya="1" hai0="40,90,12,112,111,6,36,57,74,19,114,129,93" hai1="55,101,104,85,80,16,127,109,42,41,92,86,17" hai2="24,115,32,31,79,9,44,56,76,23,63,128,2" hai3="96,52,22,66,130,119,117,100,110,132,47,51,43"/><U5/><E127/><V88/><F128/><W134/><G110/><T81/><D129/><U20/><E104/><V30/><F115/><W72/><G72/><T14/><D111/><U64/><E109/><V68/><F68/><W133/><G130/><T120/><D120/><U82/><E5/><V118/><F118/><N who="3" m="45067" /><G22/><T103/><D36/><U1/><E1/><V34/><F44/><W37/><G66/><T116/><D40/><N who="1" m="15467" /><E64/><V102/><F102/><W61/><G61/><T95/><D116/><U46/><E101/><V108/><F108/><W70/><G70/><T45/><D103/><U94/><E46/><V77/><F31/><W99/><G100/><T89/><D45/><AGARI ba="0,0" hai="37,43,45,47,51,52,96,99,132,133,134" m="45067" machi="45" ten="40,5200,0" yaku="20,1,12,1,54,1" doraHai="60" who="3" fromWho="0" sc="250,-52,224,0,276,0,250,52" /><INIT seed="2,0,0,4,2,92" ten="198,224,276,302" oya="2" hai0="118,91,8,87,99,48,51,32,12,71,67,130,105" hai1="11,83,9,29,120,57,41,38,7,20,30,104,116" hai2="101,19,115,13,68,110,59,35,129,64,6,128,125" hai3="121,27,18,14,111,62,26,24,53,0,47,93,3"/><V17/><F115/><W56/><G121/><T21/><D32/><U23/><E116/><V80/><F68/><W70/><G111/><T42/><D118/><U103/><E120/><V10/><F35/><W127/><G127/><T5/><D130/><N who="2" m="50282" /><F125/><W106/><G106/><T25/><D42/><U88/><E38/><V65/><F110/><W2/><G70/><T117/><D117/><U61/><E41/><V37/><F37/><W109/><G109/><T76/><D71/><U16/><E103/><V60/><F80/><W94/><REACH who="3" step="1"/><G47/><REACH who="3" ten="198,224,276,292" step="2"/><T124/><D105/><U79/><E104/><V95/><F65/><W81/><G81/><T34/><D124/><U45/><E45/><V134/><F134/><W50/><G50/><T108/><D51/><U43/><E43/><V55/><F64/><W63/><G63/><T54/><D48/><U77/><E61/><V69/><F69/><W85/><G85/><T4/><D67/><U75/><E57/><V39/><F39/><W89/><G89/><T126/><D108/><U66/><E66/><V31/><F60/><W131/><G131/><T123/><D126/><U44/><E44/><V98/><F59/><W52/><G52/><T28/><D123/><U22/><E79/><V58/><F58/><W100/><G100/><T112/><D112/><U107/><E88/><V135/><F55/><W46/><G46/><T36/><D54/><U84/><E84/><V90/><F135/><W1/><N who="3" m="512" /><DORA hai="40" /><W119/><G119/><T113/><D36/><U86/><E86/><V49/><F101/><W72/><G72/><T133/><D87/><RYUUKYOKU ba="0,1" sc="198,-10,224,-10,276,-10,292,30" hai3="14,18,24,26,27,53,56,62,93,94" /><INIT seed="3,1,1,3,0,128" ten="188,214,266,322" oya="3" hai0="104,113,31,111,35,47,87,114,84,118,4,0,30" hai1="120,92,22,89,129,58,116,127,57,36,74,8,70" hai2="59,132,90,123,62,46,29,25,103,61,17,64,42" hai3="11,131,69,124,112,19,93,20,51,81,26,77,40"/><W135/><G135/><T97/><D118/><U91/><E120/><V99/><F132/><W3/><G69/><T88/><D111/><U72/><E70/><V48/><F123/><W10/><G112/><N who="0" m="43115" /><D84/><U15/><E36/><V14/><F90/><W102/><G131/><T49/><D35/><U83/><E129/><V5/><F5/><W106/><G106/><T68/><D68/><U94/><E127/><V133/><F133/><W63/><G124/><T66/><D66/><U41/><E41/><V37/><F62/><W80/><G63/><T115/><N who="0" m="43123" /><T86/><DORA hai="6" /><D0/><U67/><E116/><V75/><F75/><W121/><G121/><T73/><D4/><N who="1" m="3463" /><E72/><V18/><F37/><W16/><G19/><T21/><D73/><U109/><E74/><V33/><REACH who="2" step="1"/><F14/><REACH who="2" ten="188,214,256,322" step="2"/><W34/><G3/><T44/><D44/><U117/><E117/><V126/><F126/><W107/><G77/><T78/><D78/><U96/><E109/><V119/><F119/><W45/><G45/><T95/><D104/><AGARI ba="1,2" hai="17,18,25,29,33,42,46,48,59,61,64,99,103,104" machi="104" ten="30,3900,0" yaku="1,1,7,1,53,1" doraHai="128,6" doraHaiUra="27,110" who="2" fromWho="0" sc="188,-42,214,0,256,62,322,0" owari="146,-35.0,214,-19.0,318,12.0,322,42.0" /></mjloggm>