<mjloggm ver="2.3"><GO type="225" lobby="0"/><UN n0="%E3%81%86%E3%81%A9%E3%82%93%E5%B1%8B" n1="%6D%61%63%6A%72" n2="%62%6F%6E%6F%73%2E%2E" n3="%E3%83%88%E3%83%88%E3%83%AA%E5%85%88%E7%94%9F%31%39%E6%AD%B3" dan="17,17,16,18" rate="2146.18,2157.57,2065.52,2272.17" sx="M,M,M,F"/><TAIKYOKU oya="0"/><INIT seed="0,0,0,3,2,130" ten="250,250,250,250" oya="0" hai0="55,76,0,94,25,56,127,124,83,8,133,135,50" hai1="125,80,61,109,97,57,17,112,92,128,91,34,5" hai2="77,117,119,4,15,11,116,44,16,33,99,20,73" hai3="134,43,19,59,37,41,63,24,103,71,62,68,39"/><T107/><D107/><U121/><E121/><V90/><F33/><W22/><G103/><T64/><D64/><U113/><E128/><V75/><F77/><W67/><G22/><T122/><D122/><U87/><E109/><V48/><F90/><W54/><G24/><T95/><D25/><U31/><E5/><V52/><REACH who="2" step="1"/><F99/><REACH who="2" ten="250,250,240,250" step="2"/><W100/><G100/><T21/><D127/><U30/><E125/><V108/><F108/><W72/><G72/><N who="0" m="43399" /><D124/><U110/><E110/><V3/><AGARI ba="0,1" hai="3,4,11,15,16,20,44,48,52,73,75,116,117,119" machi="3" ten="30,12000,2" yaku="1,1,0,1,12,1,54,2,53,1" doraHai="130" doraHaiUra="49" who="2" fromWho="2" sc="250,-60,250,-30,240,130,250,-30" /><INIT seed="1,0,0,2,2,110" ten="190,220,370,220" oya="1" hai0="96,30,71,57,58,19,70,11,105,132,101,28,50" hai1="107,122,106,24,0,17,31,93,75,37,123,38,124" hai2="129,131,61,78,12,23,52,112,92,99,88,62,98" hai3="22,134,41,115,87,53,86,43,103,7,14,108,67"/><U33/><E93/><V27/><F78/><W128/><G115/><T9/><D132/><U47/><E17/><V35/><F35/><W39/><G108/><T80/><D80/><U68/><E124/><V121/><F121/><N who="1" m="46089" /><E68/><V113/><F12/><W73/><G73/><T66/><D66/><U72/><E0/><V34/><F34/><W8/><G134/><T45/><D45/><U6/><E6/><V100/><F61/><W118/><G128/><N who="2" m="49225" /><F52/><W111/><G111/><T102/><D105/><N who="1" m="39947" /><E47/><V10/><F62/><W120/><G120/><T104/><D104/><U5/><E5/><V46/><F46/><W42/><G67/><T16/><D96/><N who="2" m="36906" /><F10/><W117/><G53/><T56/><D56/><U89/><E89/><V55/><F55/><W13/><G43/><T114/><REACH who="0" step="1"/><D50/><REACH who="0" ten="180,220,370,220" step="2"/><U65/><E65/><V85/><F100/><W126/><G103/><T135/><D135/><U48/><E48/><V84/><F84/><W1/><G87/><T44/><D44/><U133/><E133/><V49/><F49/><W76/><G42/><T130/><D130/><U79/><E72/><V20/><F85/><W69/><G41/><T90/><D90/><U91/><E91/><V82/><F82/><AGARI ba="0,1" hai="24,31,33,37,38,75,79,82" m="39947,46089" machi="82" ten="30,1500,0" yaku="23,1" doraHai="110" who="1" fromWho="2" sc="180,0,220,25,370,-15,220,0" /><INIT seed="1,1,0,0,4,113" ten="180,245,355,220" oya="1" hai0="90,109,108,22,31,84,39,110,107,72,28,116,23" hai1="59,63,105,126,0,29,3,73,71,75,27,80,17" hai2="70,106,94,77,127,14,10,93,30,45,96,95,87" hai3="103,57,99,2,18,61,119,92,102,9,8,15,25"/><U128/><E105/><V1/><F1/><W35/><G119/><T100/><D72/><U88/><E71/><V43/><F70/><W117/><G117/><T120/><D116/><U81/><E126/><V60/><F127/><W50/><G35/><T21/><D39/><U65/><E128/><V114/><F30/><N who="0" m="11306" /><D120/><U32/><E17/><V52/><F114/><W115/><G25/><T13/><D100/><U34/><E34/><V69/><F106/><W111/><G111/><N who="0" m="28419" /><T24/><DORA hai="26" /><D107/><U58/><E58/><V134/><F69/><W20/><G115/><T12/><D24/><U82/><E73/><V85/><F134/><W133/><G2/><T130/><D130/><U121/><E121/><V19/><F14/><W132/><G103/><T36/><D36/><U97/><E75/><V38/><F38/><W79/><G79/><T67/><D67/><U54/><E65/><V68/><F77/><W83/><G132/><T53/><D53/><U62/><E3/><V37/><F52/><N who="3" m="33959" /><G133/><T131/><D131/><U101/><E0/><V66/><F66/><W125/><G125/><T78/><D78/><U16/><E101/><V47/><F68/><W49/><G83/><AGARI ba="1,0" hai="12,13,21,22,23,83,84,90" m="28419,11306" machi="83" ten="50,8000,1" yaku="14,1,52,3" doraHai="113,26" who="0" fromWho="3" sc="180,83,245,0,355,0,220,-83" /><INIT seed="2,0,0,3,0,115" ten="263,245,355,137" oya="2" hai0="27,18,93,110,62,8,44,7,45,112,1,49,80" hai1="12,47,63,95,84,127,133,87,97,26,24,78,109" hai2="119,91,54,17,21,33,69,77,135,125,105,102,89" hai3="19,6,124,0,117,10,106,15,3,46,64,123,4"/><V65/><F33/><W101/><G123/><T134/><D112/><U108/><E127/><V16/><F77/><W103/><G124/><T76/><D110/><U70/><E133/><V67/><F69/><W30/><G64/><T37/><D134/><U28/><E12/><V71/><F71/><W122/><G122/><T59/><D37/><U11/><E11/><V74/><F74/><W20/><G46/><T14/><D49/><U42/><E63/><V86/><F105/><W38/><G38/><T13/><D93/><U25/><E28/><V41/><F102/><W92/><G92/><T107/><D107/><U82/><E84/><V113/><F41/><W73/><G73/><T43/><D27/><U35/><E70/><V116/><F113/><W51/><G51/><T81/><D43/><U100/><REACH who="1" step="1"/><E35/><REACH who="1" ten="263,235,355,137" step="2"/><V111/><F135/><W129/><G30/><T114/><D114/><U96/><E96/><V2/><F125/><W22/><G15/><T104/><D14/><U29/><E29/><V34/><F86/><W56/><G10/><T52/><D7/><U120/><E120/><V79/><F34/><W130/><G19/><T85/><D1/><U121/><E121/><V5/><F17/><W50/><G106/><T55/><D18/><U131/><E131/><V39/><F16/><W94/><G0/><T90/><D104/><U53/><E53/><V48/><F5/><W98/><G3/><T126/><D126/><U61/><E61/><V23/><F2/><W68/><G68/><T75/><D55/><U58/><E58/><V9/><F9/><W118/><G129/><RYUUKYOKU ba="0,1" sc="263,15,235,15,355,-15,137,-15" hai0="8,13,44,45,52,59,62,75,76,80,81,85,90" hai1="24,25,26,42,47,78,82,87,95,97,100,108,109" /><INIT seed="3,1,1,1,5,87" ten="278,250,340,122" oya="3" hai0="19,135,72,96,17,115,128,28,57,10,0,121,7" hai1="43,102,20,42,93,21,103,59,99,86,61,82,48" hai2="92,108,31,67,15,105,32,71,81,49,40,107,12" hai3="85,38,131,33,5,11,109,78,73,94,106,25,27"/><W24/><G38/><T110/><D72/><U39/><E39/><V50/><F32/><W37/><G37/><T127/><D121/><U80/><E102/><V55/><F71/><W104/><G33/><T54/><D110/><U6/><E6/><V41/><F67/><W29/><G29/><T98/><D127/><U4/><E4/><V68/><F68/><W117/><G117/><T3/><D3/><U122/><E122/><V112/><F31/><W84/><G131/><T14/><D128/><U51/><E80/><V76/><F112/><W126/><G126/><T79/><D79/><U101/><E101/><V44/><F107/><W116/><G116/><T9/><D135/><U13/><E48/><V97/><F105/><W132/><G132/><T100/><D28/><U95/><E95/><V58/><F40/><N who="1" m="15401" /><E51/><V88/><F108/><W66/><G109/><T124/><D124/><U123/><E13/><V134/><F134/><W56/><G73/><AGARI ba="1,1" hai="12,15,41,44,49,50,55,58,73,76,81,88,92,97" machi="73" ten="30,3900,0" yaku="7,1,52,1,54,1" doraHai="87" who="2" fromWho="3" sc="278,0,250,0,340,52,122,-42" owari="278,8.0,250,-15.0,392,49.0,80,-42.0" /></mjloggm>