<mjloggm ver="2.3"><GO type="169" lobby="0"/><UN n0="%68%61%79%61%74%6F%E2%98%86" n1="%65%67%69%73%68%6F%32" n2="%E3%82%A6%E3%83%AB%E3%83%88%E3%83%A9%E7%AB%8B%E7%9B%B4" n3="%E5%AE%AE%E6%9C%AC%E4%BE%86%E5%A4%8F" dan="19,16,17,18" rate="2286.24,2163.65,2180.61,2204.09" sx="M,M,M,F"/><TAIKYOKU oya="0"/><INIT seed="0,0,0,4,4,112" ten="250,250,250,250" oya="0" hai0="13,125,37,86,83,22,51,19,11,25,104,71,97" hai1="129,101,21,47,76,49,28,105,33,96,103,44,7" hai2="74,72,43,26,20,81,114,42,78,30,32,23,68" hai3="62,116,118,52,134,36,106,64,69,10,65,92,111"/><T102/><D125/><U9/><E103/><V17/><F114/><W56/><G106/><T53/><D37/><U41/><E129/><V70/><F74/><W80/><G80/><T60/><D60/><U120/><E120/><V90/><F90/><W93/><G10/><T87/><D71/><U79/><E33/><V18/><F43/><W61/><G134/><T16/><REACH who="0" step="1"/><D83/><REACH who="0" ten="240,250,250,250" step="2"/><U46/><E49/><V2/><F68/><W100/><G69/><T117/><D117/><U55/><E41/><V34/><F42/><W84/><G62/><T6/><D6/><U89/><E55/><V132/><F70/><W67/><G36/><T131/><D131/><U29/><E89/><V0/><F132/><W35/><G65/><T98/><D98/><U95/><E105/><V57/><F81/><W3/><G64/><T1/><D1/><U39/><E39/><V58/><F0/><W75/><G67/><T124/><D124/><U12/><E79/><V108/><F2/><W123/><G3/><T77/><D77/><U113/><E76/><V109/><F78/><W45/><G61/><T4/><D4/><U94/><E113/><V119/><F119/><W115/><G116/><T128/><D128/><U40/><E40/><V110/><F72/><W31/><G118/><T107/><D107/><U122/><E122/><V82/><F82/><W5/><G75/><T85/><D85/><U91/><E91/><V27/><F109/><W135/><G111/><T24/><D24/><N who="1" m="16399" /><E95/><V59/><F110/><W63/><G123/><T130/><D130/><U66/><E66/><V121/><F108/><RYUUKYOKU ba="0,1" sc="240,15,250,15,250,-15,250,-15" hai0="11,13,16,19,22,25,51,53,86,87,97,102,104" hai1="7,9,12,29,44,46,47,94,96,101" /><INIT seed="0,1,1,5,2,48" ten="255,265,235,235" oya="0" hai0="111,109,105,50,25,12,79,59,0,134,77,129,58" hai1="4,29,73,3,18,123,117,10,64,108,7,67,19" hai2="38,119,130,43,51,70,14,71,41,78,88,104,100" hai3="34,36,30,115,20,35,11,52,45,55,13,84,103"/><T81/><D0/><U76/><E123/><V110/><F110/><N who="0" m="41994" /><D105/><U102/><E29/><V107/><F130/><W68/><G68/><T65/><D129/><U122/><E122/><V60/><F38/><W21/><G115/><T91/><D134/><U128/><E128/><V66/><F71/><W28/><G103/><T101/><D101/><U80/><E117/><V15/><F78/><W74/><G74/><T83/><D25/><U40/><E102/><V133/><F133/><W53/><G35/><T46/><D12/><U121/><E7/><V42/><F119/><W16/><G34/><T8/><D8/><U72/><E72/><V47/><F100/><W17/><G11/><T95/><D65/><U113/><E121/><V5/><F104/><W92/><G36/><T37/><D37/><U63/><E67/><V116/><F107/><W85/><G45/><T126/><D126/><U32/><E32/><V49/><F116/><W26/><G92/><T132/><D132/><U61/><E64/><V24/><F47/><W124/><G124/><T90/><D90/><U2/><E3/><V120/><F120/><W89/><G89/><T23/><D23/><U22/><E22/><V6/><F88/><W99/><G99/><N who="0" m="57855" /><D77/><U31/><E2/><V98/><F98/><W1/><G1/><T97/><D97/><U33/><E76/><V118/><F118/><W69/><G69/><T135/><D135/><U94/><E108/><V75/><F70/><W57/><G57/><N who="0" m="21515" /><D79/><U39/><E39/><V93/><F93/><W56/><G56/><T54/><AGARI ba="1,1" hai="46,50,54,81,83" m="21515,57855,41994" machi="54" ten="30,6000,0" yaku="14,1,10,1,52,1" doraHai="48" who="0" fromWho="0" sc="255,73,265,-21,235,-21,235,-21" /><INIT seed="0,2,0,4,5,1" ten="328,244,214,214" oya="0" hai0="45,48,17,62,69,49,46,91,90,33,116,4,104" hai1="31,132,85,67,113,7,13,126,18,124,65,103,2" hai2="26,63,19,54,75,117,24,71,41,16,88,21,92" hai3="120,107,84,30,51,64,111,81,83,29,133,37,94"/><T89/><D104/><U78/><E31/><V72/><F117/><W23/><G37/><T36/><D33/><U9/><E103/><V129/><F129/><W68/><G107/><T6/><D36/><U115/><E78/><V66/><F41/><W60/><G111/><T130/><D116/><U38/><E38/><V59/><F19/><W106/><G106/><T52/><D130/><U112/><E85/><V10/><F10/><W22/><G133/><T102/><D102/><U114/><N who="1" m="28672" /><DORA hai="131" /><U73/><E73/><V87/><REACH who="2" step="1"/><F26/><REACH who="2" ten="328,244,204,214" step="2"/><W79/><G120/><T127/><D127/><N who="1" m="48683" /><E132/><V35/><F35/><W119/><G119/><T100/><D17/><U58/><E58/><V80/><F80/><W105/><G83/><T12/><D12/><U93/><E93/><V14/><F14/><W110/><G94/><T53/><D100/><U118/><E118/><V25/><F25/><W96/><G81/><T76/><D76/><U123/><E123/><V5/><F5/><W32/><G105/><T27/><D27/><U82/><E82/><V101/><F101/><W56/><G56/><N who="0" m="35079" /><D69/><U34/><E34/><V70/><F70/><W3/><G32/><T11/><D11/><AGARI ba="2,1" hai="2,7,9,11,13,18,65,67" m="48683,28672" machi="11" ten="60,7700,0" yaku="11,1,18,1,52,1" doraHai="1,131" who="1" fromWho="0" sc="328,-83,244,93,204,0,214,0" /><INIT seed="1,0,0,4,5,79" ten="245,337,204,214" oya="1" hai0="66,131,65,73,96,7,14,8,86,78,37,57,63" hai1="58,67,16,40,95,123,20,70,47,19,5,59,135" hai2="126,133,2,122,110,93,4,87,106,27,105,69,130" hai3="132,127,6,52,17,13,108,92,68,104,1,41,45"/><U118/><E5/><V49/><F49/><W36/><G104/><T46/><D73/><U114/><E123/><V61/><F27/><W64/><G108/><T28/><D131/><U53/><E118/><V30/><F30/><W101/><G132/><T121/><D121/><U44/><E114/><V80/><F4/><W74/><G74/><T35/><D96/><U88/><E135/><V11/><F11/><W39/><G39/><T72/><D72/><U56/><E70/><V43/><F43/><W94/><G127/><T21/><D35/><U113/><E113/><V82/><F61/><W62/><G101/><T10/><D10/><U77/><E77/><V107/><F2/><W60/><G6/><T100/><D100/><U124/><E124/><V102/><F69/><W31/><G31/><T55/><D46/><N who="1" m="17451" /><E67/><V24/><F126/><W15/><G1/><T84/><D37/><U76/><E76/><N who="2" m="46471" /><F133/><W119/><G119/><T91/><D78/><U26/><E40/><V129/><F122/><W51/><G60/><T98/><D66/><U34/><E34/><V0/><F0/><W89/><G17/><T103/><D65/><U25/><E25/><V48/><F24/><W3/><G3/><T99/><D28/><N who="1" m="17479" /><E53/><V71/><F110/><W125/><G125/><T9/><D7/><U81/><E95/><V97/><F71/><W54/><G92/><N who="0" m="58855" /><D21/><U115/><E115/><V109/><F109/><W22/><G54/><T29/><D29/><U83/><E83/><V112/><F112/><W42/><G68/><T116/><D55/><U75/><E75/><V117/><F117/><RYUUKYOKU ba="0,0" sc="245,-10,337,30,204,-10,214,-10" hai1="16,19,56,58,59,81,88" /><INIT seed="1,1,0,1,4,134" ten="235,367,194,204" oya="1" hai0="52,119,49,84,67,7,73,94,129,62,75,71,115" hai1="114,44,40,105,126,29,97,38,42,27,26,0,19" hai2="133,99,87,128,35,3,9,78,25,56,57,18,96" hai3="101,103,59,116,8,79,83,108,17,122,4,43,39"/><U100/><E114/><V82/><F133/><W10/><G122/><T81/><D115/><U69/><E42/><V51/><F128/><W85/><G108/><T118/><D129/><U15/><E0/><V64/><F35/><W20/><G116/><T48/><D7/><U55/><E69/><V53/><F3/><W104/><G104/><T2/><D2/><U92/><E55/><V68/><F68/><W120/><G120/><T102/><D48/><U6/><E6/><V72/><F72/><W95/><G4/><T121/><D121/><U14/><E14/><N who="2" m="7503" /><F25/><W117/><G117/><T127/><D73/><U80/><E80/><V31/><F31/><W135/><G135/><T28/><D28/><U5/><E5/><V45/><F45/><W86/><G43/><T11/><D75/><U93/><E27/><V58/><F58/><W111/><G39/><T98/><D11/><N who="3" m="4137" /><G59/><T65/><D65/><U32/><E126/><V33/><F33/><W74/><G111/><T63/><D127/><U90/><E90/><V46/><F57/><W113/><G113/><T88/><D63/><AGARI ba="1,0" hai="46,51,53,56,63,64,78,82,87,96,99" m="7503" machi="63" ten="30,1000,0" yaku="8,1" doraHai="134" who="2" fromWho="0" sc="235,-13,367,0,194,13,204,0" /><INIT seed="2,0,0,3,4,126" ten="222,367,207,204" oya="2" hai0="51,45,108,110,103,52,46,102,128,88,26,124,31" hai1="0,99,89,114,91,53,79,81,133,107,60,56,41" hai2="16,63,80,3,2,69,97,4,127,76,49,34,23" hai3="14,132,44,40,85,35,117,71,43,1,32,22,125"/><V100/><F34/><W84/><G117/><T67/><D67/><U64/><E0/><V7/><F127/><W54/><G125/><T18/><D124/><U37/><E114/><V12/><F49/><W74/><G74/><T83/><D18/><U121/><E121/><V38/><F38/><W109/><G1/><T96/><D45/><U27/><E41/><V42/><F42/><W135/><G71/><T73/><D73/><U86/><E37/><V66/><F3/><W50/><G109/><N who="0" m="42091" /><D128/><U62/><E133/><N who="3" m="51274" /><G35/><N who="0" m="20983" /><D96/><U68/><REACH who="1" step="1"/><E27/><REACH who="1" ten="222,357,207,204" step="2"/><V15/><F2/><W106/><G43/><T33/><D33/><U30/><E30/><V6/><F15/><W92/><G32/><T9/><D9/><U77/><E77/><V39/><F39/><W70/><G40/><T101/><D83/><U98/><E98/><V21/><F21/><W28/><G14/><T95/><D95/><U123/><E123/><V82/><REACH who="2" step="1"/><F76/><REACH who="2" ten="222,357,197,204" step="2"/><W129/><G22/><T47/><D47/><U94/><E94/><AGARI ba="0,2" hai="4,6,7,12,16,23,63,66,69,80,82,94,97,100" machi="94" ten="40,12000,1" yaku="1,1,2,1,54,1,53,1" doraHai="126" doraHaiUra="59" who="2" fromWho="1" sc="222,0,357,-120,197,140,204,0" /><INIT seed="2,1,0,0,4,78" ten="222,237,337,204" oya="2" hai0="68,97,50,69,8,49,84,59,56,48,86,115,65" hai1="85,93,121,95,106,111,7,124,72,101,35,67,13" hai2="88,130,3,119,54,128,134,11,1,12,82,34,105" hai3="104,116,24,99,19,32,135,18,76,55,9,81,120"/><V39/><F119/><W25/><G116/><T114/><D8/><U16/><E72/><V28/><F105/><W92/><G120/><T109/><D97/><U53/><E35/><V118/><F118/><W30/><G104/><T44/><D44/><U46/><E67/><V41/><F134/><W132/><G55/><T127/><D65/><U100/><E7/><V36/><F41/><W26/><G9/><T94/><D94/><U87/><E121/><V37/><F28/><W110/><G110/><T108/><D50/><N who="1" m="28887" /><E106/><V98/><F34/><W22/><G19/><T62/><D62/><U60/><E60/><V112/><F112/><W47/><G47/><T57/><D57/><U45/><E45/><V83/><F54/><W117/><G26/><T52/><D52/><U123/><E111/><V91/><F98/><W107/><G107/><T103/><D127/><U77/><E124/><V27/><F27/><W133/><G117/><T89/><D89/><N who="2" m="34378" /><F12/><W96/><REACH who="3" step="1"/><G92/><REACH who="3" ten="222,237,337,194" step="2"/><N who="1" m="35402" /><E123/><V64/><F64/><W80/><G80/><N who="2" m="30761" /><F11/><W71/><G71/><T29/><D29/><U125/><E125/><V20/><F20/><W42/><G42/><T51/><D51/><U74/><E74/><AGARI ba="1,1" hai="18,22,24,25,30,32,74,76,81,96,99,132,133,135" machi="74" ten="40,5200,0" yaku="1,1,20,1,52,1,53,0" doraHai="78" doraHaiUra="10" who="3" fromWho="1" sc="222,0,237,-55,337,0,194,65" /><INIT seed="3,0,0,5,4,68" ten="222,182,337,259" oya="3" hai0="78,28,135,16,1,123,125,13,3,54,29,60,94" hai1="32,62,77,100,102,104,52,50,10,70,98,31,106" hai2="18,110,116,55,61,115,90,134,74,114,72,71,53" hai3="67,97,14,99,37,81,41,45,15,5,46,26,124"/><W112/><G112/><T33/><D123/><U23/><E77/><V42/><F42/><W36/><G67/><T82/><D125/><U96/><E32/><V57/><F71/><W83/><G26/><T92/><D135/><U56/><E10/><V59/><F116/><W35/><G5/><T6/><D6/><U118/><E118/><V91/><F18/><W64/><G64/><T105/><D105/><U51/><E70/><V2/><F2/><W79/><G41/><T73/><D29/><U8/><E8/><V12/><F12/><W38/><G35/><T93/><D60/><U101/><E101/><V126/><F134/><W95/><G95/><T25/><REACH who="0" step="1"/><D54/><REACH who="0" ten="212,182,337,259" step="2"/><U130/><E130/><V111/><F126/><W40/><G124/><T0/><D0/><U131/><E131/><V30/><F61/><W7/><G7/><T109/><D109/><U122/><E122/><V63/><F63/><W113/><G113/><T119/><D119/><U117/><E117/><V107/><F107/><W120/><G120/><T9/><AGARI ba="0,1" hai="1,3,9,13,16,25,28,33,73,78,82,92,93,94" machi="9" ten="30,4000,0" yaku="1,1,0,1,54,1,53,0" doraHai="68" doraHaiUra="86" who="0" fromWho="0" sc="212,50,182,-10,337,-10,259,-20" /><INIT seed="4,0,0,1,0,16" ten="262,172,327,239" oya="0" hai0="94,118,3,64,45,135,53,29,65,19,46,4,82" hai1="63,66,100,120,98,60,131,59,11,86,35,57,13" hai2="43,33,126,108,107,34,54,106,73,85,6,95,132" hai3="15,58,75,110,78,99,48,36,74,125,56,44,93"/><T105/><D105/><U90/><E35/><V38/><F54/><W12/><G36/><T52/><D135/><U22/><E120/><V49/><F49/><W91/><G110/><T103/><D4/><U10/><E131/><V70/><F85/><W79/><G125/><T30/><D82/><U1/><E1/><V69/><F95/><W133/><G133/><T14/><D3/><U130/><E130/><V128/><F6/><W96/><G96/><N who="0" m="59799" /><D118/><U81/><E13/><N who="3" m="5194" /><G75/><T77/><D77/><N who="3" m="29193" /><G74/><T42/><D42/><AGARI ba="0,0" hai="42,44,48,56,58,91,93,99" m="29193,5194" machi="42" ten="30,1000,0" yaku="8,1" doraHai="16" who="3" fromWho="0" sc="262,-10,172,0,327,0,239,10" /><INIT seed="5,0,0,5,5,27" ten="252,172,327,249" oya="1" hai0="107,106,24,33,114,90,130,44,15,84,80,49,75" hai1="23,42,39,116,108,48,117,41,135,126,121,53,113" hai2="92,122,131,11,102,81,31,28,45,115,72,129,66" hai3="100,9,133,4,112,47,12,104,59,89,105,13,8"/><U22/><E22/><V38/><F122/><W18/><G112/><T36/><D36/><U85/><E23/><V82/><F66/><W124/><G124/><T61/><D114/><U88/><E121/><V86/><F115/><W57/><G133/><T52/><D130/><N who="2" m="49674" /><F72/><W74/><G74/><T73/><D75/><U3/><E3/><V51/><F38/><W14/><G47/><T29/><D73/><U99/><E113/><V2/><F102/><W87/><G14/><T40/><D15/><U5/><E5/><N who="2" m="1463" /><F92/><W50/><G50/><T46/><D46/><U119/><E135/><V55/><F82/><W21/><G9/><T30/><D30/><U91/><E126/><V103/><F103/><W67/><G100/><T111/><D111/><U56/><E39/><V110/><F110/><W98/><G98/><T10/><D10/><U35/><E35/><V132/><F132/><W43/><G105/><T79/><D79/><AGARI ba="0,0" hai="28,31,45,51,55,79,81,86" m="1463,49674" machi="79" ten="30,3900,0" yaku="19,1,52,2" doraHai="27" who="2" fromWho="0" sc="252,-39,172,0,327,39,249,0" /><INIT seed="6,0,0,3,4,13" ten="213,172,366,249" oya="2" hai0="91,127,81,35,31,10,70,77,88,29,73,55,72" hai1="47,109,79,89,11,53,117,5,74,2,49,134,87" hai2="50,71,18,123,126,34,19,94,84,86,131,46,42" hai3="106,20,108,101,1,0,122,54,15,132,37,14,97"/><V56/><F71/><W83/><G108/><T30/><D70/><U57/><E117/><V128/><F123/><W92/><G122/><T22/><D35/><U41/><E109/><V85/><F34/><W135/><G37/><T111/><D111/><U28/><E134/><N who="3" m="51242" /><G83/><T16/><D72/><U65/><E28/><V60/><F94/><W36/><G36/><T133/><D133/><U104/><E104/><V27/><F27/><W69/><G69/><T99/><D127/><U7/><E7/><V44/><F44/><W51/><G92/><T110/><D110/><U33/><E33/><V61/><F126/><W43/><G43/><T23/><D55/><U12/><E65/><N who="2" m="39047" /><F61/><W6/><G6/><T119/><D119/><U9/><E74/><V75/><F75/><W124/><G124/><T45/><D45/><U105/><E105/><V48/><F48/><W66/><G66/><T38/><D38/><U80/><E2/><N who="3" m="1130" /><G20/><T95/><REACH who="0" step="1"/><D91/><REACH who="0" ten="203,172,366,249" step="2"/><U125/><E125/><V59/><F59/><AGARI ba="0,1" hai="14,15,51,54,59,97,101,106" m="1130,51242" machi="59" ten="30,1000,0" yaku="20,1" doraHai="13" who="3" fromWho="2" sc="203,0,172,0,366,-10,249,20" /><INIT seed="7,0,0,4,0,125" ten="203,172,356,269" oya="3" hai0="129,22,92,115,75,121,11,18,2,27,90,86,33" hai1="111,96,134,119,103,7,70,43,117,126,68,38,97" hai2="73,34,56,4,35,30,28,131,37,95,124,5,46" hai3="48,77,10,53,1,104,114,61,65,72,108,135,71"/><W74/><G114/><T31/><D121/><U118/><E111/><V6/><F131/><W122/><G122/><T78/><D115/><U130/><E126/><V105/><F105/><W67/><G67/><T9/><D129/><U112/><E112/><V12/><F73/><W84/><G135/><T41/><D41/><U102/><E134/><V42/><F124/><W47/><G104/><T55/><D2/><U15/><E7/><V62/><F12/><W60/><G60/><T17/><D75/><U0/><E0/><V21/><F95/><W83/><G108/><T3/><D3/><U116/><N who="1" m="29696" /><DORA hai="14" /><U91/><E91/><V76/><F76/><W133/><G133/><T82/><D55/><U24/><E24/><V45/><F62/><W113/><G113/><T26/><REACH who="0" step="1"/><D18/><REACH who="0" ten="193,172,356,269" step="2"/><U13/><E130/><V32/><F42/><W99/><G1/><T51/><D51/><U81/><E43/><V64/><F4/><W80/><G48/><T127/><D127/><U66/><E38/><V106/><F37/><W88/><G53/><T63/><D63/><U29/><E66/><V93/><F64/><W49/><G65/><T58/><D58/><U94/><E29/><V107/><F30/><W120/><G61/><T25/><D25/><U20/><E81/><V23/><F28/><W50/><G83/><T98/><AGARI ba="0,1" hai="9,11,17,22,26,27,31,33,78,82,86,90,92,98" machi="98" ten="20,8000,1" yaku="1,1,0,1,7,1,52,1,53,1" doraHai="125,14" doraHaiUra="40,79" who="0" fromWho="0" sc="193,90,172,-20,356,-20,269,-40" owari="283,8.0,152,-35.0,336,44.0,229,-17.0" /></mjloggm>