<mjloggm ver="2.3"><GO type="97" lobby="0"/><UN n0="%64%61%69%6F" n1="%73%75%61" n2="%42%4F%57%2D%57%4F%57" n3="%E5%B0%B1%E6%B4%BB%E7%94%9F%40%E5%B7%9D%E6%9D%91%E8%BB%8D%E5%9B%A3" dan="15,13,13,14" rate="2010.65,1862.57,1884.02,1986.00" sx="M,M,M,M"/><TAIKYOKU oya="0"/><INIT seed="0,0,0,5,3,88" ten="250,250,250,250" oya="0" hai0="97,16,110,72,63,48,58,37,19,43,105,50,34" hai1="18,25,12,98,41,80,38,83,32,73,81,30,92" hai2="127,69,135,9,24,65,101,66,74,117,4,55,54" hai3="108,68,82,28,42,31,13,116,129,120,124,121,52"/><T125/><D72/><U114/><E114/><V47/><F74/><W0/><G68/><T90/><D34/><U78/><E41/><V111/><F117/><W113/><G0/><T123/><D123/><N who="3" m="47177" /><G116/><T85/><D37/><U45/><E45/><V6/><F135/><W61/><G113/><T46/><D50/><U118/><E118/><V86/><F111/><W76/><G42/><T59/><D59/><U99/><E99/><V36/><F127/><W17/><G124/><T107/><D125/><U2/><E2/><V5/><F101/><W53/><G108/><T109/><D110/><U64/><E64/><V104/><F104/><W115/><G115/><T39/><D39/><U119/><E119/><V23/><F69/><W60/><G129/><T91/><D107/><U1/><E1/><V103/><F103/><W56/><G53/><N who="2" m="19977" /><F36/><W44/><G61/><T15/><D105/><U40/><E40/><V67/><F47/><W100/><G100/><T11/><D109/><U102/><E38/><V51/><F51/><W130/><G44/><T126/><D126/><U89/><REACH who="1" step="1"/><E102/><REACH who="1" ten="250,240,250,250" step="2"/><V10/><F86/><N who="3" m="48455" /><G130/><T7/><D97/><U95/><E95/><V84/><F84/><W21/><AGARI ba="0,1" hai="13,17,21,28,31,52,56,60" m="48455,47177" machi="21" ten="30,2000,0" yaku="13,1,54,1" doraHai="88" who="3" fromWho="3" sc="250,-10,240,-5,250,-5,250,30" /><INIT seed="1,0,0,2,5,109" ten="240,235,245,280" oya="1" hai0="66,8,52,7,44,91,19,131,33,69,106,132,84" hai1="40,43,87,115,93,55,75,62,118,35,65,135,103" hai2="18,81,0,123,57,92,27,98,129,82,83,114,58" hai3="96,125,25,39,47,116,2,11,119,34,56,50,73"/><U64/><E118/><N who="3" m="45098" /><G73/><T127/><D106/><U134/><E75/><V88/><F123/><W86/><G125/><T22/><D33/><U120/><E35/><V26/><F129/><W15/><G2/><T80/><D131/><U60/><E120/><V117/><F117/><W46/><G96/><T17/><D127/><U78/><E78/><V105/><F105/><W41/><G56/><N who="2" m="21609" /><F114/><W94/><G94/><T68/><D132/><N who="1" m="50731" /><E87/><V63/><F0/><W67/><G67/><N who="1" m="25674" /><E93/><V89/><F63/><N who="1" m="24105" /><E103/><N who="2" m="60871" /><F18/><N who="3" m="8575" /><G86/><T9/><D66/><U100/><E100/><V24/><AGARI ba="0,0" hai="24,26,27,81,82,83,88,89" m="60871,21609" machi="24" ten="40,2700,0" yaku="8,1,54,1" doraHai="109" who="2" fromWho="2" sc="240,-7,235,-13,245,27,280,-7" /><INIT seed="2,0,0,2,5,73" ten="233,222,272,273" oya="2" hai0="107,88,37,123,133,59,30,52,1,69,113,122,58" hai1="98,56,34,41,131,114,61,79,68,132,21,64,23" hai2="39,100,55,36,53,51,40,11,124,0,60,7,22" hai3="115,126,99,81,118,20,134,83,14,101,87,54,13"/><V5/><F100/><W109/><G118/><T32/><D69/><U10/><E114/><V65/><F124/><W94/><G115/><T128/><D37/><U111/><E34/><V120/><F120/><W127/><G109/><T44/><D107/><U97/><E111/><V90/><F7/><W116/><G134/><T91/><D1/><U24/><E132/><V135/><F135/><W125/><G116/><T25/><D113/><U62/><E131/><V121/><F121/><W67/><G67/><T15/><D128/><U6/><E41/><V93/><F22/><W105/><G54/><T104/><D104/><U130/><E130/><V129/><F129/><W70/><G70/><T35/><D15/><N who="3" m="5641" /><G20/><T19/><D133/><U108/><E108/><V28/><F28/><W48/><G48/><T86/><D30/><U76/><E23/><V110/><F110/><W112/><G112/><T78/><D25/><U85/><E85/><V45/><F53/><W33/><G33/><T95/><D52/><U106/><E98/><V92/><F90/><AGARI ba="0,0" hai="81,83,87,90,94,99,101,105,125,126,127" m="5641" machi="90" ten="40,1300,0" yaku="18,1" doraHai="73" who="3" fromWho="2" sc="233,0,222,0,272,-13,273,13" /><INIT seed="3,0,0,5,5,20" ten="233,222,259,286" oya="3" hai0="27,78,99,52,110,123,3,11,51,58,91,88,102" hai1="50,66,31,77,44,117,73,104,80,93,23,36,116" hai2="76,109,29,130,105,79,131,135,12,70,112,111,72" hai3="40,63,115,13,107,108,17,15,90,127,48,1,54"/><W134/><G1/><T87/><D123/><U46/><E104/><V60/><F105/><W71/><G107/><T67/><D110/><N who="2" m="41994" /><F112/><W6/><G115/><T69/><D78/><N who="2" m="29738" /><F72/><W61/><G127/><T43/><D91/><U0/><E0/><V133/><F12/><W98/><G71/><T120/><D120/><U9/><E66/><N who="2" m="41287" /><F29/><W62/><G108/><T129/><D43/><U101/><E9/><V95/><F95/><N who="3" m="56695" /><G40/><T68/><D11/><U32/><E32/><V89/><F89/><W85/><G134/><AGARI ba="0,0" hai="130,131,133,134,135" m="41287,29738,41994" machi="134" ten="40,2600,0" yaku="20,1,14,1" doraHai="20" who="2" fromWho="3" sc="233,0,222,0,259,26,286,-26" /><INIT seed="4,0,0,4,1,31" ten="233,222,285,260" oya="0" hai0="33,105,84,125,36,88,77,74,97,41,106,114,64" hai1="127,24,85,19,1,46,81,63,38,10,53,121,29" hai2="133,96,103,18,104,122,102,0,87,82,123,91,66" hai3="44,75,22,9,30,129,13,113,110,68,135,25,73"/><T108/><D108/><U3/><E121/><V4/><F66/><W23/><G68/><T8/><D64/><U111/><E111/><V132/><F18/><W37/><G113/><T83/><D114/><U12/><E127/><V119/><F119/><W130/><G110/><T109/><D125/><U70/><E70/><V32/><F32/><W92/><G135/><N who="2" m="51785" /><F103/><W34/><G92/><T94/><D109/><U118/><E118/><V6/><F0/><W99/><G99/><T120/><D120/><AGARI ba="0,0" hai="4,6,82,87,91,96,102,104,120,122,123" m="51785" machi="120" ten="30,1000,0" yaku="20,1" doraHai="31" who="2" fromWho="0" sc="233,-10,222,0,285,10,260,0" /><INIT seed="5,0,0,5,2,52" ten="223,222,295,260" oya="1" hai0="10,51,76,49,129,94,45,18,53,88,56,0,15" hai1="111,3,83,42,132,87,69,8,74,71,23,114,96" hai2="99,34,77,133,20,31,116,79,103,85,25,57,47" hai3="14,27,58,122,72,21,66,33,54,106,1,44,30"/><U121/><E121/><V89/><F116/><W61/><G122/><T127/><D129/><U131/><E131/><V91/><F133/><W16/><G72/><T50/><D127/><U22/><E132/><V135/><F135/><W17/><G106/><T107/><D107/><U125/><E114/><V126/><F126/><W2/><G17/><T65/><D0/><U78/><E125/><V81/><F34/><W112/><G112/><T102/><D102/><U38/><E111/><V119/><F119/><W48/><AGARI ba="0,0" hai="1,2,14,16,21,27,30,33,44,48,54,58,61,66" machi="48" ten="30,4000,0" yaku="0,1,52,1,54,1" doraHai="52" who="3" fromWho="3" sc="223,-10,222,-20,295,-10,260,40" owari="213,-19.0,202,-30.0,285,9.0,300,40.0" /></mjloggm>