<mjloggm ver="2.3"><GO type="233" lobby="0"/><UN n0="%E4%BF%BA%54%55%45%45%45%45%45" n1="%E9%81%8A%E8%B5%B0" n2="%E3%82%A6%E3%83%AB%E3%83%88%E3%83%A9%E7%AB%8B%E7%9B%B4" n3="%E3%83%A4%E3%82%AD%E3%83%B3" dan="17,16,17,17" rate="2162.05,2170.05,2207.96,2125.96" sx="F,M,M,M"/><TAIKYOKU oya="0"/><INIT seed="0,0,0,1,0,34" ten="250,250,250,250" oya="0" hai0="111,6,123,90,80,30,0,22,110,89,52,105,118" hai1="106,127,79,7,48,124,49,83,75,81,33,11,44" hai2="14,126,46,37,96,108,133,100,55,103,85,27,40" hai3="76,36,3,17,24,70,82,112,2,25,4,132,66"/><T23/><D118/><U114/><E114/><V64/><F108/><N who="0" m="41514" /><D123/><U92/><E106/><V18/><F126/><N who="1" m="48169" /><E33/><V130/><F130/><W35/><G112/><T109/><D105/><U131/><E131/><V78/><F133/><W26/><G132/><T29/><N who="0" m="41522" /><T19/><DORA hai="8" /><D23/><U68/><E68/><V21/><F64/><W41/><G4/><T20/><D22/><U51/><E83/><V63/><F78/><W10/><G35/><T57/><D0/><N who="1" m="487" /><E92/><V32/><F32/><W115/><G115/><T60/><D6/><U53/><AGARI ba="0,0" hai="44,48,49,51,53,75,79,81" m="487,48169" machi="53" ten="30,2000,0" yaku="18,1,52,1" doraHai="34,8" who="1" fromWho="1" sc="250,-10,250,20,250,-5,250,-5" /><INIT seed="1,0,0,3,4,11" ten="240,270,245,245" oya="1" hai0="43,23,135,123,74,117,95,119,90,19,111,49,10" hai1="1,93,82,129,109,9,133,37,50,52,103,106,46" hai2="132,62,96,30,25,22,38,99,67,32,8,14,51" hai3="79,63,57,118,87,128,68,17,77,89,6,110,100"/><U108/><E133/><V34/><F38/><W61/><G110/><N who="1" m="42602" /><E106/><V5/><F132/><W31/><G31/><T26/><D74/><U0/><E129/><V36/><F36/><W40/><G40/><T104/><D104/><U101/><E37/><V81/><F51/><W78/><G100/><N who="1" m="38474" /><E93/><V45/><F45/><W115/><G128/><T18/><D123/><U35/><E35/><V114/><F114/><W71/><G115/><T55/><D135/><U105/><E105/><V54/><F34/><W85/><G6/><T41/><D111/><U4/><E82/><V122/><F122/><W7/><G7/><T53/><D117/><U113/><E113/><V124/><F81/><W131/><G131/><T84/><D119/><U15/><AGARI ba="0,0" hai="0,1,4,9,15,46,50,52" m="38474,42602" machi="15" ten="30,11700,0" yaku="14,1,10,1,52,1,54,1" doraHai="11" who="1" fromWho="1" sc="240,-39,270,117,245,-39,245,-39" /><INIT seed="1,1,0,4,1,108" ten="201,387,206,206" oya="1" hai0="56,1,36,38,12,25,91,92,23,72,50,115,8" hai1="90,113,120,105,39,61,100,46,65,132,28,97,68" hai2="117,55,54,103,20,19,51,7,15,52,30,29,59" hai3="42,86,126,135,35,122,9,124,63,127,78,70,80"/><U112/><E120/><V131/><F117/><W84/><G122/><T75/><D1/><U129/><E90/><V37/><F37/><W58/><G70/><T41/><D115/><N who="1" m="44107" /><E129/><V22/><F131/><W53/><G35/><T57/><D72/><U102/><E102/><V18/><F7/><W109/><G42/><T49/><D75/><U0/><E132/><V101/><F103/><W10/><G135/><T81/><D81/><U5/><E28/><N who="2" m="10859" /><F101/><W14/><G109/><T2/><D2/><U93/><E93/><V21/><F21/><W119/><G119/><T67/><D36/><U34/><E34/><V13/><AGARI ba="1,0" hai="13,15,18,19,20,22,51,52,54,55,59" m="10859" machi="13" ten="30,2000,0" yaku="8,1,54,1" doraHai="108" who="2" fromWho="2" sc="201,-6,387,-11,206,23,206,-6" /><INIT seed="2,0,0,5,1,94" ten="195,376,229,200" oya="2" hai0="29,46,99,48,100,81,91,128,123,49,16,110,127" hai1="103,11,108,20,121,118,65,37,7,40,73,80,38" hai2="112,39,54,41,43,96,51,24,34,79,17,104,30" hai3="117,115,119,107,52,3,4,66,61,83,19,2,27"/><V23/><F112/><W68/><G115/><T21/><D123/><U15/><E118/><V122/><F122/><W8/><G3/><T101/><D110/><U53/><E108/><V42/><F79/><W98/><G83/><T26/><D127/><U74/><E121/><V25/><F39/><W33/><G52/><N who="0" m="29719" /><D128/><U85/><E65/><V60/><F60/><W5/><G5/><T1/><D1/><U124/><E124/><V67/><F67/><W35/><G19/><T36/><D36/><U109/><E109/><V132/><F132/><W84/><G84/><N who="0" m="50575" /><D49/><U75/><E53/><V72/><F72/><W55/><G55/><T58/><D58/><U106/><E40/><V71/><F71/><W93/><G93/><N who="0" m="58479" /><D101/><U50/><E50/><V111/><F111/><W82/><G82/><T135/><D135/><U86/><E103/><V56/><F104/><W116/><G107/><T78/><D78/><U69/><E106/><V97/><AGARI ba="0,0" hai="17,23,24,25,30,34,41,42,43,51,54,56,96,97" machi="97" ten="30,6000,0" yaku="0,1,52,2" doraHai="94" who="2" fromWho="2" sc="195,-20,376,-20,229,60,200,-20" /><INIT seed="2,1,0,0,4,38" ten="175,356,289,180" oya="2" hai0="60,33,124,42,120,11,43,28,132,105,44,46,97" hai1="128,122,21,107,116,76,4,23,130,100,77,81,112" hai2="74,63,75,91,1,26,131,48,93,34,31,18,84" hai3="92,62,64,80,94,71,126,108,134,16,12,98,119"/><V25/><F1/><W20/><G119/><T121/><D33/><U79/><E116/><V55/><F131/><N who="1" m="50217" /><E112/><V61/><F61/><W29/><G108/><T133/><D28/><U72/><E122/><N who="0" m="47209" /><D11/><U65/><E65/><V8/><F63/><W51/><G126/><T52/><D97/><N who="1" m="61839" /><E4/><V17/><F17/><W22/><G134/><N who="0" m="51819" /><D105/><U36/><E36/><V6/><F6/><W69/><G69/><T57/><D124/><U14/><E14/><V49/><F49/><W73/><G51/><T82/><D82/><N who="1" m="45319" /><E79/><V56/><REACH who="2" step="1"/><F26/><REACH who="2" ten="175,356,279,180" step="2"/><W54/><G62/><T78/><D78/><U7/><E7/><V85/><F85/><AGARI ba="1,1" hai="21,23,77,81,85" m="45319,61839,50217" machi="85" ten="30,1000,0" yaku="19,1" doraHai="38" who="1" fromWho="2" sc="175,0,356,23,279,-13,180,0" /><INIT seed="3,0,0,3,2,8" ten="175,379,266,180" oya="3" hai0="33,31,38,20,9,106,129,41,122,22,115,12,71" hai1="73,86,54,1,78,46,0,4,114,37,61,119,70" hai2="85,29,74,39,76,87,59,98,3,120,128,123,5" hai3="102,84,65,58,15,19,56,7,83,10,103,55,99"/><W101/><G65/><T88/><D122/><N who="2" m="46634" /><F39/><W135/><G135/><T100/><D129/><U44/><E114/><V53/><F29/><W2/><G99/><T49/><D38/><U134/><E86/><V16/><F128/><W89/><REACH who="3" step="1"/><G55/><REACH who="3" ten="175,379,266,170" step="2"/><T125/><D115/><U90/><E54/><V45/><F98/><W72/><G72/><T104/><D71/><U110/><E73/><V52/><F74/><W126/><G126/><T132/><D125/><U42/><E70/><V116/><F53/><W50/><G50/><T96/><D49/><U94/><E37/><V118/><F87/><W95/><G95/><T117/><D106/><U13/><E94/><V47/><F116/><W133/><G133/><T77/><D132/><U75/><E75/><V92/><F118/><W34/><G34/><T35/><D35/><U32/><E32/><V14/><F92/><W18/><G18/><T108/><D33/><U112/><E134/><V131/><F131/><W27/><G27/><T28/><D117/><U48/><E48/><V107/><F107/><W121/><G121/><T68/><D68/><U40/><E119/><V57/><F59/><W80/><G80/><T24/><D24/><U64/><E112/><V23/><F57/><W25/><G25/><T124/><D124/><U60/><E64/><V36/><F52/><W69/><G69/><T111/><D104/><U17/><E17/><V113/><F113/><W11/><AGARI ba="0,1" hai="2,7,10,11,15,19,56,58,83,84,89,101,102,103" machi="11" ten="30,11700,0" yaku="1,1,0,1,52,1,53,1" doraHai="8" doraHaiUra="81" who="3" fromWho="3" sc="175,-39,379,-39,266,-39,170,127" /><INIT seed="3,1,0,0,1,10" ten="136,340,227,297" oya="3" hai0="71,34,16,92,8,89,77,31,112,66,57,68,22" hai1="133,75,70,111,108,11,134,15,36,40,44,118,18" hai2="52,79,128,24,126,94,91,63,78,29,117,19,38" hai3="17,62,25,41,50,88,39,23,103,30,130,106,3"/><W131/><G39/><T96/><D112/><U120/><E120/><V97/><F38/><W129/><G3/><T69/><D77/><U27/><E118/><V114/><F114/><W55/><G103/><T67/><D8/><U32/><E75/><V56/><F117/><W74/><G106/><T5/><D5/><U13/><E70/><V58/><F126/><W2/><G2/><T135/><D135/><N who="1" m="51723" /><E13/><V115/><F128/><W33/><G74/><T87/><D31/><AGARI ba="1,0" hai="11,15,18,27,31,32,36,40,44,108,111" m="51723" machi="31" ten="30,2000,0" yaku="20,1,52,1" doraHai="10" who="1" fromWho="0" sc="136,-23,340,23,227,0,297,0" /><INIT seed="4,0,0,5,4,61" ten="113,363,227,297" oya="0" hai0="62,114,67,63,42,40,13,78,34,81,121,119,87" hai1="105,116,19,53,129,72,123,101,104,71,109,75,117" hai2="125,122,66,48,30,12,28,2,46,112,97,23,98" hai3="58,118,44,59,76,91,20,45,107,115,83,0,99"/><T110/><D119/><U10/><E53/><V52/><F2/><W25/><G0/><T135/><D121/><U43/><E19/><N who="2" m="10727" /><F112/><W69/><G69/><T92/><D114/><U33/><E10/><V18/><F125/><W65/><G59/><T128/><D34/><U111/><E43/><N who="0" m="16425" /><D128/><U68/><E101/><V24/><F122/><W29/><G118/><N who="1" m="45674" /><E33/><V95/><F66/><W103/><G115/><T17/><D135/><U77/><E77/><V84/><F84/><N who="3" m="48231" /><G107/><N who="1" m="41034" /><E129/><V16/><F97/><W124/><G124/><T88/><D110/><N who="1" m="41995" /><E123/><V94/><F24/><W9/><G9/><N who="0" m="6319" /><D67/><U11/><E11/><V96/><F30/><W38/><G38/><T60/><D78/><U14/><E14/><V102/><F28/><W106/><G106/><T54/><D81/><U15/><E15/><V47/><F47/><W39/><G39/><T113/><D113/><U6/><E6/><V126/><F126/><W37/><G37/><T27/><D27/><U64/><E64/><V50/><F50/><W127/><G127/><T3/><D3/><U31/><E31/><V73/><F73/><AGARI ba="0,0" hai="68,71,72,73,75" m="41995,41034,45674" machi="73" ten="40,8000,1" yaku="28,2,31,2" doraHai="61" who="1" fromWho="2" sc="113,0,363,80,227,-80,297,0" /><INIT seed="5,0,0,2,5,130" ten="113,443,147,297" oya="1" hai0="90,52,78,54,68,83,42,66,74,24,14,16,30" hai1="29,117,95,7,32,60,122,126,114,43,79,132,89" hai2="88,48,125,27,109,91,123,12,118,38,13,53,82" hai3="46,63,121,20,77,119,97,69,104,102,81,18,120"/><U112/><E132/><V37/><F123/><W124/><G124/><T41/><D68/><U39/><E117/><V72/><F109/><W67/><G46/><T15/><D66/><U73/><E122/><V94/><F118/><W31/><G119/><T108/><D108/><U23/><E126/><V9/><F125/><W0/><G0/><T10/><D90/><U40/><E32/><V129/><F129/><W25/><G18/><T127/><D127/><U3/><E60/><V134/><F134/><W56/><G56/><T133/><D15/><U98/><E7/><V59/><F27/><W47/><G47/><T21/><REACH who="0" step="1"/><D133/><REACH who="0" ten="103,443,147,297" step="2"/><U105/><E89/><V96/><F13/><W4/><G4/><T70/><D70/><U1/><E1/><V101/><F91/><W33/><REACH who="3" step="1"/><G20/><REACH who="3" ten="103,443,147,287" step="2"/><T5/><D5/><U28/><E23/><V84/><F9/><W135/><G135/><T85/><D85/><AGARI ba="0,2" hai="25,31,33,63,67,69,77,81,85,97,102,104,120,121" machi="85" ten="30,7700,0" yaku="1,1,7,1,25,2,53,0" doraHai="130" doraHaiUra="71" who="3" fromWho="0" sc="103,-77,443,0,147,0,287,97" /><INIT seed="6,0,0,0,0,130" ten="26,443,147,384" oya="2" hai0="32,77,110,1,49,123,38,125,51,62,82,56,121" hai1="11,75,93,80,25,90,65,108,52,55,45,37,46" hai2="31,127,35,9,26,68,24,106,2,42,44,120,27" hai3="57,117,76,53,119,36,111,16,22,6,63,15,17"/><V33/><F106/><W107/><G111/><T5/><D32/><U133/><E108/><V92/><F68/><W54/><G107/><T7/><D110/><U87/><E133/><V102/><F120/><W128/><G128/><T19/><D38/><U13/><E65/><V23/><F127/><W0/><G36/><T47/><D125/><U39/><E39/><V10/><F44/><N who="1" m="17001" /><E37/><V81/><F81/><W73/><G76/><T129/><D129/><U71/><E71/><V59/><F59/><W103/><G103/><T97/><D47/><U88/><E75/><V126/><F92/><W34/><G73/><T116/><D1/><U70/><E25/><V69/><F102/><W86/><G86/><T14/><D97/><N who="1" m="57511" /><E70/><V3/><F69/><W28/><G17/><AGARI ba="0,0" hai="11,13,17,52,55,80,87,90" m="57511,17001" machi="17" ten="30,3900,0" yaku="8,1,54,2" doraHai="130" who="1" fromWho="3" sc="26,0,443,39,147,0,384,-39" /><INIT seed="7,0,0,4,1,42" ten="26,482,147,345" oya="3" hai0="70,121,54,109,83,7,81,88,65,12,117,32,110" hai1="102,104,127,18,58,119,3,36,31,23,25,14,63" hai2="128,0,35,4,56,101,86,49,90,99,34,60,74" hai3="120,75,79,64,126,29,94,17,132,57,115,40,135"/><W15/><G120/><T92/><D117/><U47/><E119/><V69/><F69/><W1/><G1/><T71/><D121/><U130/><E3/><V13/><F74/><W44/><G29/><T112/><D32/><U19/><E130/><V37/><F37/><W133/><G115/><T107/><D107/><U39/><E127/><V96/><F0/><W134/><G126/><T55/><D12/><U61/><E61/><V27/><F27/><W48/><N who="3" m="34304" /><DORA hai="46" /><W122/><G122/><T123/><D123/><U28/><E102/><V103/><F49/><W93/><G79/><T87/><D7/><U67/><E104/><V33/><F13/><W118/><G75/><T10/><D10/><U21/><E47/><V11/><F11/><N who="3" m="6399" /><G118/><T98/><D112/><U66/><E66/><V51/><F4/><W100/><G100/><T24/><D24/><U50/><REACH who="1" step="1"/><E50/><REACH who="1" ten="26,472,147,345" step="2"/><V52/><F101/><W106/><G106/><T124/><D124/><U16/><E16/><V105/><F33/><W6/><G6/><T111/><D65/><U82/><E82/><V53/><F128/><W76/><G76/><T125/><D125/><U108/><E108/><V43/><F103/><W84/><G84/><T91/><REACH who="0" step="1"/><D81/><REACH who="0" ten="16,472,147,345" step="2"/><U114/><E114/><V72/><F34/><W2/><G2/><T26/><D26/><U129/><E129/><V97/><F35/><W62/><AGARI ba="0,2" hai="40,44,48,57,62,64,93,94" m="6399,34304" machi="62" ten="60,11700,0" yaku="20,1,52,2" doraHai="42,46" who="3" fromWho="3" sc="16,-39,472,-39,147,-39,345,137" owari="-23,-52.0,433,23.0,108,-29.0,482,58.0" /></mjloggm>