<mjloggm ver="2.3"><GO type="97" lobby="0"/><UN n0="%E3%82%AE%E3%82%AC%E3%82%B9%E3%83%A9%E3%83%83%E3%82%B7%E3%83%A5%EF%BC%81" n1="%E6%96%B0%E5%AD%90%E2%98%86%E6%86%A7" n2="%E8%8A%B8%E8%A1%93%E7%82%B9%E9%87%8D%E8%A6%96" n3="%E5%B0%B1%E6%B4%BB%E7%94%9F%40%E5%B7%9D%E6%9D%91%E8%BB%8D%E5%9B%A3" dan="14,14,14,15" rate="1966.55,1917.78,1896.14,1981.65" sx="M,M,M,M"/><TAIKYOKU oya="0"/><INIT seed="0,0,0,2,4,101" ten="250,250,250,250" oya="0" hai0="122,111,63,80,125,121,5,108,28,29,117,66,46" hai1="35,74,85,27,50,126,104,2,100,60,133,81,23" hai2="69,57,95,3,71,119,17,22,124,83,113,84,19" hai3="78,24,58,123,45,13,128,56,38,54,15,97,82"/><T4/><D117/><U9/><E35/><V109/><F113/><W8/><G123/><N who="0" m="47115" /><D80/><U98/><E74/><V32/><F32/><W90/><G128/><T62/><D46/><U20/><E133/><V86/><F119/><W6/><G24/><T135/><D135/><U18/><E50/><V73/><F3/><W44/><G58/><T79/><D79/><U65/><E126/><V102/><F124/><W88/><G15/><T16/><D125/><U42/><E42/><V40/><F40/><W59/><G59/><T77/><D77/><U39/><E39/><V0/><F0/><W93/><G90/><T72/><D72/><U106/><E23/><V134/><F73/><W75/><REACH who="3" step="1"/><G38/><REACH who="3" ten="250,250,250,240" step="2"/><T51/><D4/><U37/><E37/><V52/><F71/><W110/><G110/><N who="0" m="42027" /><D5/><U30/><E2/><V132/><F69/><W92/><G92/><T103/><D103/><U131/><E131/><V21/><F95/><W91/><G91/><T26/><D51/><AGARI ba="0,1" hai="6,8,13,44,45,51,54,56,75,78,82,88,93,97" machi="51" ten="30,7700,0" yaku="1,1,7,1,54,1,53,1" doraHai="101" doraHaiUra="107" who="3" fromWho="0" sc="250,-77,250,0,250,0,240,87" /><INIT seed="1,0,0,3,1,123" ten="173,250,250,327" oya="1" hai0="119,38,83,131,6,84,27,132,89,15,49,42,110" hai1="80,112,97,90,2,11,93,79,59,75,99,37,18" hai2="33,122,69,77,29,57,31,51,94,118,40,91,53" hai3="47,125,26,55,28,108,130,124,126,58,106,60,8"/><U133/><E112/><V39/><F118/><W96/><G108/><T7/><D119/><U76/><E37/><V36/><F122/><W116/><G130/><T107/><D131/><U14/><E79/><V43/><F69/><W103/><G116/><T46/><D132/><U105/><E133/><V54/><F77/><W48/><G8/><T63/><D107/><U22/><E59/><N who="2" m="33215" /><F39/><W66/><G26/><T92/><D110/><U68/><E68/><V95/><F36/><W67/><G28/><N who="2" m="10825" /><F33/><W23/><G23/><T114/><D114/><U32/><E32/><V113/><F113/><W4/><G4/><T35/><D35/><U73/><E105/><V81/><F81/><W12/><G12/><T45/><D27/><U3/><E75/><V127/><F127/><W64/><AGARI ba="0,0" hai="47,48,55,58,60,64,66,67,96,103,106,124,125,126" machi="64" ten="40,2700,0" yaku="0,1,18,1" doraHai="123" who="3" fromWho="3" sc="173,-7,250,-13,250,-7,327,27" /><INIT seed="2,0,0,0,4,85" ten="166,237,243,354" oya="2" hai0="20,2,50,9,61,33,135,45,90,58,55,108,29" hai1="32,88,39,80,96,125,114,71,41,75,51,26,14" hai2="25,7,34,107,119,37,52,79,54,116,123,13,127" hai3="106,43,121,109,118,84,94,18,132,38,129,128,130"/><V57/><F123/><W44/><G106/><T103/><D108/><U60/><E114/><V72/><F107/><W1/><G1/><T28/><D135/><U36/><E125/><V48/><F127/><W3/><G3/><T67/><D33/><U65/><E75/><V126/><F126/><W69/><G69/><T24/><D103/><U100/><E14/><V115/><F115/><W104/><G104/><T56/><D29/><U27/><E51/><V131/><F131/><W82/><G109/><T110/><D110/><U134/><E134/><V68/><F68/><W112/><G132/><T31/><D31/><U92/><E41/><V95/><F37/><W120/><G94/><T98/><D2/><U11/><E11/><N who="2" m="4351" /><F95/><W22/><G112/><T6/><D6/><U105/><E80/><N who="2" m="45159" /><F54/><W91/><G118/><T49/><D9/><U62/><E60/><V42/><F42/><W19/><G19/><T122/><D122/><U74/><E74/><V66/><F66/><W87/><G87/><T81/><D98/><N who="1" m="57607" /><E27/><AGARI ba="0,0" hai="18,22,27,38,43,44,82,84,91,120,121,128,129,130" machi="27" ten="40,2600,0" yaku="19,1,52,1" doraHai="85" who="3" fromWho="1" sc="166,0,237,-26,243,0,354,26" /><INIT seed="3,0,0,0,0,43" ten="166,211,243,380" oya="3" hai0="71,36,135,85,26,105,123,62,5,21,87,28,54" hai1="132,68,64,44,53,15,12,78,45,77,113,49,91" hai2="24,103,133,51,61,1,84,34,41,47,46,120,115" hai3="25,48,82,72,79,19,96,131,122,4,35,117,99"/><W38/><G38/><T121/><D135/><U56/><E113/><V57/><F1/><W111/><G48/><T65/><D105/><U109/><E109/><V76/><F115/><W18/><G96/><T27/><D5/><U118/><E132/><V80/><F133/><W110/><G99/><T42/><D121/><U16/><E118/><V127/><F120/><W95/><G95/><T90/><D123/><U33/><E33/><V0/><F0/><W88/><G88/><T92/><D27/><U60/><E12/><V40/><F127/><W130/><G82/><T74/><D74/><U13/><E13/><V30/><F103/><W17/><G79/><T39/><D85/><U14/><E14/><V73/><F73/><W134/><G72/><T98/><D42/><U58/><E68/><V31/><F24/><W104/><G104/><T3/><D3/><U83/><E91/><V129/><F34/><W11/><G134/><T7/><D7/><U69/><E69/><V8/><F8/><W59/><G4/><T116/><D116/><U37/><E37/><V22/><F22/><W20/><G11/><T10/><D10/><U100/><E100/><V106/><F106/><W112/><G20/><T29/><D29/><N who="2" m="10762" /><F129/><W6/><G130/><T126/><D126/><U102/><E102/><V93/><F93/><W67/><G131/><T94/><REACH who="0" step="1"/><D54/><REACH who="0" ten="156,211,243,380" step="2"/><U23/><E53/><N who="2" m="33967" /><F40/><W55/><G55/><T128/><D128/><U32/><E32/><V81/><F41/><W86/><G122/><T89/><AGARI ba="0,1" hai="21,26,28,36,39,62,65,71,87,89,90,92,94,98" machi="89" ten="20,2700,0" yaku="1,1,0,1,7,1,53,0" doraHai="43" doraHaiUra="52" who="0" fromWho="0" sc="156,37,211,-7,243,-7,380,-13" owari="193,-31.0,204,-20.0,236,4.0,367,47.0" /></mjloggm>