<mjloggm ver="2.3"><GO type="169" lobby="0"/><UN n0="%E6%93%8D" n1="%4D%E5%B8%9D%E2%85%A2" n2="%7A%65%6C%64%65%6E" n3="%E3%82%A6%E3%83%AB%E3%83%88%E3%83%A9%E7%AB%8B%E7%9B%B4" dan="17,16,19,17" rate="2177.50,2100.93,2231.22,2196.82" sx="M,M,M,M"/><TAIKYOKU oya="0"/><INIT seed="0,0,0,1,5,68" ten="250,250,250,250" oya="0" hai0="48,27,115,128,55,97,98,126,99,56,37,40,17" hai1="29,135,130,71,92,28,121,1,96,113,59,11,2" hai2="15,63,80,52,82,78,117,129,24,33,127,21,112" hai3="35,42,101,43,39,79,18,103,20,53,6,124,65"/><T13/><D115/><U57/><E71/><V26/><F112/><W111/><G35/><T76/><D128/><U87/><E135/><V61/><F129/><W119/><G119/><T125/><D76/><U0/><E121/><V12/><F117/><W118/><G118/><T116/><D27/><U81/><E11/><V32/><F127/><N who="0" m="48650" /><D116/><U106/><E106/><V75/><F21/><W74/><G124/><T134/><D134/><U62/><E113/><V58/><F80/><W54/><G79/><T90/><D17/><U89/><E59/><V34/><REACH who="2" step="1"/><F63/><REACH who="2" ten="250,250,240,250" step="2"/><W45/><G20/><T72/><D72/><U46/><E130/><V85/><F85/><W70/><G74/><T22/><D22/><U120/><E87/><V4/><F4/><W9/><G6/><T109/><D109/><U91/><E62/><V31/><F31/><W19/><G111/><T133/><D133/><U132/><E81/><V38/><F38/><W94/><G19/><T122/><D122/><U69/><E29/><V23/><F23/><W41/><G18/><T60/><D60/><U10/><E28/><V67/><F67/><W77/><G39/><T30/><D30/><U36/><E36/><V93/><F93/><W7/><G94/><N who="0" m="56535" /><D13/><AGARI ba="0,1" hai="12,13,15,24,26,32,33,34,52,58,61,75,78,82" machi="13" ten="40,2600,0" yaku="1,1,54,1,53,0" doraHai="68" doraHaiUra="86" who="2" fromWho="0" sc="250,-26,250,0,240,36,250,0" /><INIT seed="1,0,0,5,4,67" ten="224,250,276,250" oya="1" hai0="16,87,15,68,65,101,71,113,21,75,132,109,49" hai1="55,45,91,36,66,29,74,131,56,78,89,12,0" hai2="35,4,105,129,99,22,127,64,37,38,95,80,30" hai3="77,100,50,17,88,10,93,13,58,23,19,134,24"/><U70/><E0/><V62/><F127/><W63/><G134/><T128/><D75/><U2/><E2/><V5/><F129/><W125/><G125/><T108/><D113/><U76/><E29/><V18/><F80/><W42/><G77/><T25/><D132/><U94/><E74/><V41/><F105/><W59/><G100/><T122/><D122/><U27/><E27/><V9/><F35/><W123/><G123/><T72/><D72/><U26/><E26/><V1/><F5/><W43/><G50/><T61/><D101/><U73/><E89/><V85/><F85/><W40/><REACH who="3" step="1"/><G63/><REACH who="3" ten="224,250,276,240" step="2"/><T110/><D128/><U115/><E78/><V7/><F62/><W54/><G54/><T86/><D49/><U98/><E76/><V112/><F38/><W84/><AGARI ba="0,1" hai="10,13,17,19,23,24,40,42,43,58,59,84,88,93" machi="84" ten="30,12000,2" yaku="1,1,0,1,8,1,54,1,53,3" doraHai="67" doraHaiUra="39" who="3" fromWho="3" sc="224,-30,250,-60,276,-30,240,130" /><INIT seed="2,0,0,0,4,75" ten="194,190,246,370" oya="2" hai0="22,134,18,58,38,121,43,67,103,106,82,125,91" hai1="120,35,19,21,45,11,40,26,36,28,62,4,44" hai2="104,89,76,30,126,5,1,116,59,3,2,119,107" hai3="85,129,37,10,90,69,131,70,130,27,135,80,7"/><V112/><F112/><W34/><G37/><T94/><D121/><U29/><E62/><V16/><F5/><W61/><G135/><T84/><D134/><U9/><E120/><V127/><F30/><N who="3" m="19807" /><G61/><T60/><D125/><N who="2" m="47626" /><F89/><W93/><G93/><T8/><D8/><U109/><E109/><V56/><F16/><W88/><G90/><T71/><D43/><U86/><E45/><V110/><F110/><W48/><G48/><T52/><D38/><U24/><E19/><V64/><F64/><W115/><G115/><T102/><D106/><N who="2" m="40490" /><F76/><W33/><G33/><T50/><REACH who="0" step="1"/><D82/><REACH who="0" ten="184,190,246,370" step="2"/><U23/><E11/><V111/><F111/><W14/><AGARI ba="0,1" hai="7,10,14,69,70,80,85,88,129,130,131" m="19807" machi="14" ten="30,2000,0" yaku="19,1,54,1" doraHai="75" who="3" fromWho="3" sc="184,-5,190,-5,246,-10,370,30" /><INIT seed="3,0,0,3,2,80" ten="179,185,236,400" oya="3" hai0="120,15,104,23,21,89,102,99,115,84,119,18,126" hai1="68,52,107,71,59,88,32,103,30,57,55,70,93" hai2="122,54,118,78,130,1,92,124,96,35,27,43,94" hai3="53,129,109,125,3,37,83,127,97,19,121,106,110"/><W132/><G37/><T100/><D120/><U95/><E32/><V26/><F118/><W44/><G3/><T64/><D119/><U133/><E30/><V45/><F122/><W22/><G121/><T49/><D126/><N who="3" m="48137" /><G129/><T79/><D79/><U101/><E133/><V67/><F130/><W61/><G132/><T9/><D115/><U8/><E8/><V108/><F108/><N who="3" m="41579" /><G83/><T65/><D102/><U85/><E107/><V2/><F2/><W6/><G6/><T28/><D49/><U5/><E5/><V56/><F1/><W76/><G76/><T60/><D65/><U25/><E25/><V16/><F67/><W20/><G19/><T77/><D77/><U51/><REACH who="1" step="1"/><E95/><REACH who="1" ten="179,175,236,400" step="2"/><V10/><F92/><W105/><G105/><T98/><D28/><U131/><E131/><V66/><F94/><W87/><G22/><T72/><D104/><U39/><E39/><V31/><F35/><W42/><G20/><T69/><D23/><U24/><E24/><V50/><F27/><W90/><G106/><T14/><D21/><U74/><E74/><V38/><F26/><W4/><G4/><T117/><D72/><U33/><E33/><V112/><F38/><W12/><G12/><T29/><D29/><U47/><E47/><V114/><F31/><W58/><G44/><T123/><D15/><U48/><AGARI ba="0,1" hai="48,51,52,55,57,59,68,70,71,85,88,93,101,103" machi="48" ten="30,12000,2" yaku="1,1,0,1,9,1,52,1,54,2,53,0" doraHai="80" doraHaiUra="17" who="1" fromWho="1" sc="179,-30,175,130,236,-30,400,-60" /><INIT seed="4,0,0,5,3,110" ten="149,305,206,340" oya="0" hai0="38,10,113,47,130,68,78,69,55,88,131,17,106" hai1="133,31,60,36,83,95,90,116,51,19,100,94,126" hai2="50,91,3,105,58,73,29,80,67,77,70,89,112" hai3="18,11,93,54,5,37,28,23,20,81,102,134,117"/><T48/><D106/><U30/><E36/><V2/><F105/><W107/><G107/><T24/><D78/><U53/><E116/><V65/><F29/><W87/><G37/><T71/><D38/><U128/><E126/><V40/><F112/><W1/><G117/><T135/><D135/><U98/><E60/><V123/><F123/><W125/><G125/><T118/><D118/><U63/><E63/><V35/><F35/><W109/><G109/><T34/><D34/><U41/><E41/><V72/><F72/><W124/><G124/><T43/><D43/><U25/><E128/><V32/><F32/><W45/><G28/><T57/><D47/><U127/><E83/><V13/><F13/><W59/><G45/><T22/><D10/><U82/><E82/><V7/><F70/><W79/><G134/><T6/><D6/><U39/><E39/><V52/><F40/><W132/><G132/><T84/><REACH who="0" step="1"/><D113/><REACH who="0" ten="139,305,206,340" step="2"/><U111/><E133/><V46/><F46/><W74/><G5/><T103/><D103/><U26/><E127/><V64/><F7/><W114/><G114/><T104/><D104/><U21/><E111/><V101/><F101/><W9/><G9/><T92/><AGARI ba="0,1" hai="17,22,24,48,55,57,68,69,71,84,88,92,130,131" machi="92" ten="40,7800,0" yaku="1,1,0,1,54,1,53,0" doraHai="110" doraHaiUra="27" who="0" fromWho="0" sc="139,88,305,-26,206,-26,340,-26" /><INIT seed="4,1,0,1,3,35" ten="227,279,180,314" oya="0" hai0="19,51,67,41,103,24,1,52,73,21,129,48,5" hai1="38,115,107,22,93,17,75,26,94,82,78,32,91" hai2="118,112,89,31,18,20,76,8,132,116,72,92,81" hai3="7,64,80,6,109,113,120,85,90,3,71,83,12"/><T96/><D73/><U74/><E38/><V13/><F112/><W128/><G109/><T56/><D129/><U59/><E107/><V30/><F132/><W108/><G108/><T86/><D86/><U10/><E32/><V102/><F102/><W28/><G113/><T127/><D127/><U84/><E10/><V98/><REACH who="2" step="1"/><F20/><REACH who="2" ten="227,279,170,314" step="2"/><W124/><G124/><T39/><D103/><U99/><E115/><V57/><F57/><W66/><G128/><T33/><D33/><U14/><E14/><V87/><F87/><W68/><G85/><T43/><D96/><U23/><E23/><V63/><F63/><W2/><G12/><T40/><D39/><U0/><E0/><V133/><F133/><W114/><G114/><T77/><D1/><U97/><E59/><V9/><F9/><W117/><G3/><T122/><D122/><U60/><BYE who="0" /><E60/><V104/><F104/><W100/><G2/><T49/><D49/><U101/><AGARI ba="1,1" hai="17,22,26,74,75,78,82,84,91,93,94,97,99,101" machi="101" ten="20,1500,0" yaku="0,1,7,1" doraHai="35" who="1" fromWho="1" sc="227,-8,279,28,170,-5,314,-5" /><UN n0="%E6%93%8D" /><INIT seed="5,0,0,1,1,104" ten="219,307,165,309" oya="1" hai0="57,91,49,75,45,24,21,100,53,129,99,120,39" hai1="126,2,4,47,27,40,60,79,10,23,38,116,43" hai2="33,135,32,8,68,94,85,31,112,12,55,115,65" hai3="119,34,101,133,122,127,89,58,118,93,83,97,77"/><U130/><E116/><N who="3" m="44586" /><G34/><T29/><D129/><U28/><E130/><V25/><F135/><W95/><G58/><T114/><D114/><N who="2" m="43562" /><F55/><W52/><G52/><T6/><D6/><U82/><E126/><V37/><F37/><W50/><G50/><T107/><D120/><U54/><E60/><N who="2" m="39975" /><F85/><N who="3" m="52399" /><G133/><T44/><D39/><U48/><REACH who="1" step="1"/><E38/><REACH who="1" ten="219,297,165,309" step="2"/><V51/><F51/><W22/><G127/><T20/><D45/><U78/><E78/><V124/><F124/><W98/><G22/><T113/><D21/><U86/><AGARI ba="0,1" hai="2,4,10,23,27,28,40,43,47,48,54,79,82,86" machi="86" ten="20,3900,0" yaku="1,1,0,1,7,1,53,0" doraHai="104" doraHaiUra="117" who="1" fromWho="1" sc="219,-13,297,49,165,-13,309,-13" /><INIT seed="5,1,0,2,5,16" ten="206,346,152,296" oya="1" hai0="0,19,27,90,5,101,48,119,132,40,8,47,67" hai1="110,29,120,45,51,22,64,49,75,97,111,7,31" hai2="105,66,112,43,95,56,125,76,127,89,118,15,100" hai3="91,121,115,87,123,128,78,71,117,20,62,129,63"/><U122/><E7/><V3/><F3/><W99/><G78/><T17/><D119/><U106/><E75/><V133/><F43/><W44/><G99/><T79/><D132/><U42/><E64/><V60/><F118/><W130/><G117/><T26/><D79/><U6/><E6/><V124/><F133/><W61/><G115/><T39/><D67/><U46/><E97/><V36/><F36/><W86/><G71/><T77/><D77/><U68/><E106/><V41/><F41/><W21/><G44/><T18/><D39/><U32/><E32/><V50/><F112/><W82/><REACH who="3" step="1"/><G87/><REACH who="3" ten="206,346,152,286" step="2"/><T116/><D116/><U88/><E68/><V113/><F76/><W53/><G53/><T59/><D59/><U81/><E42/><V54/><F113/><W109/><G109/><T84/><REACH who="0" step="1"/><D101/><REACH who="0" ten="196,346,152,286" step="2"/><U96/><E111/><V103/><F103/><W58/><G58/><T33/><D33/><U65/><E110/><V73/><F100/><W94/><G94/><AGARI ba="1,2" hai="0,5,8,17,18,19,26,27,40,47,48,84,90,94" machi="94" ten="40,1300,0" yaku="1,1,53,0" doraHai="16" doraHaiUra="134" who="0" fromWho="3" sc="196,36,346,0,152,0,286,-16" /><INIT seed="6,0,0,4,1,47" ten="232,346,152,270" oya="2" hai0="42,85,103,111,80,115,49,89,71,94,92,124,23" hai1="37,117,1,101,35,3,50,69,105,31,74,2,87" hai2="21,73,51,91,25,88,12,33,4,53,19,112,17" hai3="108,134,43,82,76,97,130,72,68,29,52,57,34"/><V6/><F112/><W20/><G68/><T77/><D71/><U0/><E87/><V125/><F125/><W100/><G108/><T79/><D111/><U11/><E74/><V86/><F73/><W15/><G130/><T128/><D128/><U126/><E117/><V55/><F33/><W16/><G134/><T10/><D124/><U36/><E69/><V95/><F91/><W60/><G43/><T27/><D10/><U132/><E132/><V18/><F55/><W114/><G114/><T127/><D115/><U78/><E78/><V13/><F13/><W102/><REACH who="3" step="1"/><G97/><REACH who="3" ten="232,346,152,260" step="2"/><T90/><D127/><U110/><E126/><V116/><F116/><W98/><G98/><T59/><D42/><U99/><E110/><V109/><F109/><W30/><G30/><T56/><D79/><U67/><E31/><N who="2" m="17839" /><F12/><W5/><G5/><T32/><D77/><U106/><E2/><V135/><F135/><W75/><G75/><T7/><D7/><U38/><E3/><V28/><F28/><W123/><G123/><T58/><D27/><AGARI ba="0,1" hai="15,16,20,27,29,34,52,57,60,72,76,82,100,102" machi="27" ten="40,5200,0" yaku="1,1,54,2,53,0" doraHai="47" doraHaiUra="39" who="3" fromWho="0" sc="232,-52,346,0,152,0,260,62" /><INIT seed="7,0,0,3,4,29" ten="180,346,152,322" oya="3" hai0="44,2,74,125,7,63,114,88,118,123,67,73,111" hai1="36,22,69,135,130,0,8,131,75,45,107,11,59" hai2="10,23,5,102,77,93,80,16,35,79,4,116,113" hai3="54,48,71,94,120,64,105,28,134,97,32,101,52"/><W90/><G120/><T127/><D123/><U25/><E75/><V50/><F116/><W62/><G134/><T128/><D118/><U43/><E107/><V6/><F113/><W26/><G48/><T103/><D103/><U53/><E69/><V24/><F35/><W58/><G58/><T39/><D111/><U68/><E68/><V47/><F10/><W46/><G46/><T37/><D114/><U86/><E86/><AGARI ba="0,0" hai="26,28,32,52,54,62,64,71,86,90,94,97,101,105" machi="86" ten="30,12000,1" yaku="7,1,25,2,52,1,54,1" doraHai="29" who="3" fromWho="1" sc="180,0,346,-120,152,0,322,120" owari="180,-22.0,226,3.0,152,-35.0,442,54.0" /></mjloggm>