<mjloggm ver="2.3"><GO type="169" lobby="0"/><UN n0="%E2%98%86%EF%BC%B2%EF%BC%8E%EF%BC%A4%EF%BC%8E%E2%98%85" n1="%38%37%73%65%66" n2="%E7%82%AD%40%E6%9D%8F%E6%9D%8F%E8%BB%8D%E5%9B%A3" n3="%E5%B0%B1%E6%B4%BB%E7%94%9F%40%E5%B7%9D%E6%9D%91%E8%BB%8D%E5%9B%A3" dan="16,16,16,16" rate="2113.53,2121.60,2099.46,2111.25" sx="M,F,F,M"/><TAIKYOKU oya="0"/><INIT seed="0,0,0,0,4,10" ten="250,250,250,250" oya="0" hai0="56,103,110,83,125,93,62,2,29,32,134,108,26" hai1="57,7,5,12,130,75,127,96,45,59,98,18,92" hai2="119,95,116,68,43,76,113,63,117,15,97,91,11" hai3="55,115,46,122,84,101,16,64,72,121,4,60,54"/><T88/><D2/><U20/><E75/><V66/><F76/><W123/><G72/><T17/><D125/><U102/><E130/><V114/><REACH who="2" step="1"/><F43/><REACH who="2" ten="250,250,240,250" step="2"/><W58/><G115/><T35/><D134/><U100/><E127/><V14/><F14/><W27/><G4/><AGARI ba="0,1" hai="4,11,15,63,66,68,91,95,97,113,114,116,117,119" machi="4" ten="40,5200,0" yaku="1,1,12,1,52,1,53,0" doraHai="10" doraHaiUra="39" who="2" fromWho="3" sc="250,0,250,0,240,62,250,-52" /><INIT seed="1,0,0,1,4,12" ten="250,250,302,198" oya="1" hai0="75,78,62,32,123,98,58,11,29,85,120,15,8" hai1="70,109,76,68,102,77,106,112,67,30,132,107,39" hai2="64,52,74,133,126,26,18,122,105,69,103,114,57" hai3="55,34,131,88,129,27,44,100,127,2,128,81,66"/><U54/><E39/><V121/><F74/><W90/><G2/><T3/><D75/><U110/><E112/><V21/><F126/><W22/><G127/><T111/><D111/><N who="1" m="42507" /><E30/><V115/><F64/><W89/><G34/><T38/><D38/><U59/><E132/><V53/><F69/><N who="1" m="26729" /><E67/><V86/><F133/><W20/><G66/><T116/><D116/><U33/><E33/><V31/><F31/><W6/><G6/><T82/><D29/><U50/><E102/><V36/><F36/><W60/><G100/><T17/><D32/><U96/><E96/><N who="2" m="61671" /><F86/><W48/><G60/><T9/><D98/><U135/><E135/><V56/><F121/><N who="0" m="46666" /><D3/><U4/><E4/><V108/><F122/><W124/><G124/><T134/><D134/><U83/><E76/><V51/><F108/><W119/><G119/><T104/><D104/><U95/><E95/><V40/><F115/><W47/><G81/><T118/><D118/><U73/><AGARI ba="0,0" hai="50,54,59,73,77,83,106,107" m="26729,42507" machi="73" ten="30,3000,0" yaku="14,1,10,1" doraHai="12" who="1" fromWho="1" sc="250,-10,250,30,302,-10,198,-10" /><INIT seed="1,1,0,1,5,106" ten="240,280,292,188" oya="1" hai0="32,63,7,92,52,126,6,0,8,54,109,39,56" hai1="57,5,28,58,15,3,80,66,108,33,123,17,70" hai2="67,128,76,116,41,113,22,35,65,100,103,61,43" hai3="117,132,129,26,13,122,50,134,64,12,72,1,20"/><U118/><E118/><V119/><F35/><W24/><G64/><T125/><D109/><U77/><E123/><V121/><F121/><W84/><G122/><T55/><D32/><U2/><E70/><V79/><F113/><W104/><G104/><T96/><D39/><U62/><E5/><V124/><F22/><W18/><G84/><T51/><D6/><U30/><E108/><V86/><F86/><W97/><G97/><T34/><D34/><U82/><E82/><V40/><F40/><W31/><G50/><T130/><D130/><U87/><E33/><V83/><F83/><W74/><G1/><T38/><D38/><U48/><E3/><V60/><REACH who="2" step="1"/><F124/><REACH who="2" ten="240,280,282,188" step="2"/><N who="0" m="47722" /><D51/><U93/><E2/><V99/><F99/><W135/><G117/><T114/><D114/><U69/><E48/><V95/><F95/><W27/><G129/><AGARI ba="1,1" hai="41,43,60,61,65,67,76,79,100,103,116,119,128,129" machi="129" ten="25,3200,0" yaku="1,1,22,2,53,0" doraHai="106" doraHaiUra="42" who="2" fromWho="3" sc="240,0,280,0,282,45,188,-35" /><INIT seed="2,0,0,2,5,65" ten="240,280,327,153" oya="2" hai0="46,58,108,62,113,122,50,77,97,53,117,9,76" hai1="110,63,47,32,78,94,118,80,29,25,81,128,101" hai2="57,119,93,74,33,67,104,85,13,52,26,55,71" hai3="24,87,105,134,75,48,1,115,8,12,130,35,83"/><V126/><F74/><W102/><G75/><T66/><D113/><U14/><E118/><V28/><F119/><W127/><G130/><T111/><D117/><U23/><E110/><N who="0" m="42025" /><D122/><U90/><E101/><V133/><F104/><W92/><G115/><T103/><D9/><U27/><E14/><V22/><F126/><W43/><G105/><AGARI ba="0,0" hai="46,50,53,58,62,66,76,77,97,103,105" m="42025" machi="105" ten="30,1000,0" yaku="14,1" doraHai="65" who="0" fromWho="3" sc="240,10,280,0,327,0,153,-10" /><INIT seed="3,0,0,5,3,7" ten="250,280,327,143" oya="3" hai0="86,64,73,19,71,87,33,84,14,85,24,132,89" hai1="107,49,18,60,131,12,109,8,32,108,55,40,104" hai2="111,0,59,31,129,51,106,81,56,112,124,105,2" hai3="82,36,103,35,20,120,93,135,110,96,76,116,47"/><W28/><G120/><T46/><D73/><U68/><E32/><V95/><F111/><N who="1" m="42569" /><E40/><V6/><F112/><W133/><G110/><T122/><D122/><U43/><E43/><V118/><F118/><W45/><G116/><T79/><D79/><U30/><E30/><V58/><F31/><W34/><G35/><T77/><D77/><U102/><E102/><V126/><F81/><W134/><G34/><T48/><D132/><U70/><E131/><V121/><F129/><W11/><G36/><T53/><D24/><U78/><E78/><V90/><F51/><W3/><G20/><T115/><D115/><U29/><E29/><V128/><F128/><W9/><G28/><T113/><D113/><U62/><E62/><V75/><F75/><N who="3" m="43295" /><G3/><N who="2" m="1065" /><F6/><W123/><G123/><T80/><D33/><U67/><E70/><V1/><F1/><W88/><G103/><T94/><D80/><U114/><E114/><V17/><F121/><W119/><G119/><T41/><D71/><U69/><E68/><V83/><F17/><W26/><G26/><T117/><D117/><U63/><E63/><V39/><F39/><W13/><G13/><T97/><D64/><U21/><E21/><V57/><F56/><AGARI ba="0,0" hai="8,12,18,49,55,56,60,67,69,104,107" m="42569" machi="56" ten="30,2000,0" yaku="14,1,52,1" doraHai="7" who="1" fromWho="2" sc="250,0,280,20,327,-20,143,0" /><INIT seed="4,0,0,5,1,9" ten="250,300,307,143" oya="0" hai0="44,34,103,72,60,75,105,119,32,124,67,28,104" hai1="101,61,99,19,115,7,122,116,47,33,107,20,93" hai2="95,69,114,46,113,51,134,54,24,48,31,87,8" hai3="129,4,22,42,2,1,64,84,117,81,123,74,108"/><T97/><D119/><U73/><E33/><V77/><F69/><W133/><G74/><N who="0" m="28203" /><D124/><U30/><E73/><V53/><F134/><W85/><G108/><T98/><D28/><U111/><E7/><V55/><F8/><W120/><G117/><T10/><D44/><U86/><E30/><V15/><F15/><W82/><G64/><T131/><D10/><U23/><E116/><V45/><F53/><W27/><G133/><T96/><D131/><U17/><E122/><V29/><F77/><W92/><G129/><T3/><D3/><U68/><E47/><V35/><F31/><W126/><G126/><T91/><D91/><AGARI ba="0,0" hai="24,29,35,45,46,48,51,54,55,87,91,95,113,114" machi="91" ten="40,1300,0" yaku="9,1" doraHai="9" who="2" fromWho="0" sc="250,-13,300,0,307,13,143,0" /><INIT seed="5,0,0,0,2,22" ten="237,300,320,143" oya="1" hai0="113,74,77,116,54,76,11,72,73,37,46,19,30" hai1="99,90,97,53,5,28,82,59,57,118,92,26,33" hai2="135,117,45,79,25,125,69,127,23,55,21,9,103" hai3="61,13,87,48,56,85,84,49,31,115,114,35,44"/><U123/><E118/><V119/><F117/><W102/><G102/><T24/><D116/><U98/><E123/><V52/><F119/><W111/><G111/><T63/><D113/><U133/><E133/><V12/><F135/><W2/><G2/><T100/><D100/><U51/><E5/><N who="2" m="3119" /><F69/><W126/><G126/><N who="2" m="48137" /><F23/><W43/><G49/><T95/><D95/><U64/><REACH who="1" step="1"/><E82/><REACH who="1" ten="237,290,320,143" step="2"/><V80/><F80/><W110/><G110/><T81/><D81/><U58/><E58/><V88/><F45/><W17/><G115/><T107/><D46/><U67/><E67/><V101/><F79/><W65/><G114/><T89/><D76/><U128/><E128/><V29/><F103/><W6/><G6/><T41/><D77/><U121/><E121/><V18/><F101/><W1/><G1/><T70/><D70/><U27/><E27/><V40/><F25/><W47/><G47/><T39/><D24/><U83/><E83/><V20/><F21/><W0/><G0/><T34/><D72/><U112/><E112/><V109/><F20/><N who="3" m="11311" /><G35/><T130/><D34/><U14/><E14/><V75/><F109/><W122/><G122/><T134/><D130/><U86/><E86/><V68/><F75/><W8/><G8/><T106/><D134/><U3/><E3/><V93/><F68/><W50/><G31/><T132/><D11/><U7/><E7/><V32/><F29/><W105/><G105/><T124/><D30/><U66/><E66/><V120/><F32/><W10/><G10/><T94/><D73/><U96/><E96/><V42/><F120/><W108/><G108/><RYUUKYOKU ba="0,1" sc="237,-15,290,15,320,-15,143,15" hai1="26,28,33,51,53,57,59,64,90,92,97,98,99" hai3="43,44,48,50,56,61,65,84,85,87" /><INIT seed="5,1,1,0,5,50" ten="222,305,305,158" oya="1" hai0="40,123,74,67,25,0,7,69,52,36,109,111,96" hai1="68,100,80,41,79,122,64,93,112,47,57,81,104" hai2="49,85,4,132,129,35,99,39,89,110,53,76,60" hai3="44,102,30,63,103,42,87,13,73,70,10,14,88"/><U75/><E122/><V118/><F110/><W56/><G70/><T59/><D123/><U127/><E68/><V24/><F118/><W128/><G73/><T21/><D96/><U51/><E104/><V2/><F39/><W1/><G1/><T45/><D74/><U134/><E112/><V117/><F117/><W11/><G30/><N who="0" m="17711" /><D7/><U58/><E127/><V92/><F60/><W97/><G128/><T66/><D66/><U114/><E114/><V94/><F129/><W126/><G126/><T18/><D18/><U65/><E134/><V71/><F132/><W108/><G108/><T131/><D0/><U29/><E29/><V43/><F71/><W9/><G14/><T6/><D6/><U38/><E81/><V105/><F43/><W124/><G13/><T15/><D15/><U33/><E33/><V84/><F4/><W115/><G115/><T46/><D46/><U12/><E12/><V32/><F2/><W28/><G28/><T116/><D131/><U78/><E78/><V48/><F105/><W19/><G19/><T86/><D86/><U3/><E3/><V107/><F85/><W82/><G97/><T37/><D37/><U17/><E17/><V77/><F107/><W125/><G125/><T20/><D20/><U91/><E100/><V54/><F35/><W95/><G124/><T121/><D121/><U23/><E23/><V135/><F32/><W119/><G119/><T106/><D106/><U61/><E38/><V62/><F135/><W31/><G31/><T101/><D101/><U5/><E5/><V113/><F113/><W22/><G103/><RYUUKYOKU ba="1,1" sc="222,0,305,0,305,0,158,0" /><INIT seed="6,2,1,2,1,57" ten="222,305,305,158" oya="2" hai0="23,33,73,24,128,89,91,102,70,9,99,19,39" hai1="45,62,5,58,123,78,61,8,51,111,116,76,101" hai2="6,119,3,42,49,80,133,127,94,46,108,103,22" hai3="29,34,37,27,85,105,118,53,100,104,15,11,98"/><V35/><F119/><W84/><G118/><T66/><D128/><U114/><E116/><V95/><F35/><W68/><G105/><T82/><D39/><U56/><E111/><V110/><F127/><W41/><G41/><T92/><D33/><U117/><E117/><V7/><F133/><W36/><G36/><T74/><D9/><U0/><E101/><V107/><F80/><W28/><G28/><T64/><D91/><U17/><E114/><V132/><F132/><W124/><G37/><T112/><D112/><U48/><E17/><V20/><F107/><W60/><G124/><T71/><D71/><U130/><E130/><V88/><F103/><W16/><REACH who="3" step="1"/><G53/><REACH who="3" ten="222,305,305,148" step="2"/><T26/><D64/><AGARI ba="2,2" hai="11,15,16,27,29,34,60,64,68,84,85,98,100,104" machi="64" ten="40,12000,2" yaku="1,1,2,1,25,2,52,1,54,1,53,1" doraHai="57" doraHaiUra="65" who="3" fromWho="0" sc="222,-126,305,0,305,0,148,146" /><INIT seed="7,0,0,4,5,98" ten="96,305,305,294" oya="3" hai0="114,18,22,34,83,9,42,123,117,56,65,80,33" hai1="44,124,78,84,119,88,81,89,100,113,68,60,126" hai2="11,49,120,64,53,72,48,102,70,107,54,76,85" hai3="74,38,7,25,115,61,31,10,135,103,129,6,32"/><W47/><G115/><T26/><D117/><U111/><E111/><V58/><F120/><W30/><G30/><T97/><D123/><U116/><E113/><V20/><F72/><W40/><G129/><T14/><D114/><U79/><E100/><V109/><F109/><W0/><G7/><T75/><D42/><U63/><E44/><V110/><F110/><W82/><G135/><T73/><D97/><U50/><E50/><V12/><F20/><W59/><G103/><T37/><D37/><U35/><E35/><V108/><F108/><W99/><G99/><T105/><D105/><U17/><E17/><N who="2" m="8351" /><F102/><W122/><G122/><T131/><D131/><U106/><E106/><V13/><F107/><W27/><G27/><T46/><D46/><U67/><E60/><N who="2" m="37911" /><F70/><W90/><G90/><N who="1" m="34922" /><E78/><V93/><F13/><W43/><G43/><T86/><D73/><U66/><E66/><V55/><F93/><W39/><G39/><T121/><D121/><U8/><E8/><V133/><F133/><W128/><G128/><T95/><D75/><U125/><AGARI ba="0,0" hai="63,67,68,79,81,84,116,119,124,125,126" m="34922" machi="125" ten="40,2700,0" yaku="18,1,54,1" doraHai="98" who="1" fromWho="1" sc="96,-7,305,27,305,-7,294,-13" owari="89,-41.0,332,43.0,298,10.0,281,-12.0" /></mjloggm>