<mjloggm ver="2.3"><GO type="169" lobby="0"/><UN n0="%28%E3%80%8C%E3%83%BB%60%CF%89%E3%83%BB%29%E3%80%8C" n1="%E3%82%A6%E3%83%AB%E3%83%88%E3%83%A9%E7%AB%8B%E7%9B%B4" n2="%EF%BC%A0%E3%81%99%E3%81%9A" n3="%E3%82%AD%E3%83%A5%E3%82%A2%E3%82%A8%E3%83%BC%E3%82%B9" dan="17,17,16,17" rate="2085.91,2193.20,2120.69,2169.95" sx="M,M,M,F"/><TAIKYOKU oya="0"/><INIT seed="0,0,0,2,4,125" ten="250,250,250,250" oya="0" hai0="81,31,101,92,43,45,128,64,127,94,68,17,133" hai1="87,89,21,123,112,63,120,1,113,12,72,62,73" hai2="46,119,103,111,59,69,36,57,115,90,8,77,15" hai3="23,114,22,7,58,78,2,5,18,41,19,6,44"/><T102/><D31/><U134/><E1/><V33/><F115/><N who="1" m="44105" /><E21/><V124/><F69/><W26/><G114/><T53/><D127/><U29/><E29/><V75/><F33/><W84/><G58/><T25/><D53/><U76/><E12/><V54/><F124/><W51/><G84/><T83/><D133/><U60/><E76/><V24/><F24/><W39/><G78/><T135/><D135/><U30/><E30/><V97/><F111/><W105/><G105/><T61/><D25/><U67/><E67/><V52/><F90/><W49/><REACH who="3" step="1"/><G2/><REACH who="3" ten="250,250,250,240" step="2"/><T108/><D108/><U10/><E134/><V104/><F75/><W121/><G121/><T110/><D110/><U109/><E109/><V56/><F77/><W14/><AGARI ba="0,1" hai="5,6,7,14,18,19,22,23,26,39,41,44,49,51" machi="14" ten="30,2000,0" yaku="1,1,0,1,53,0" doraHai="125" doraHaiUra="74" who="3" fromWho="3" sc="250,-10,250,-5,250,-5,240,30" /><INIT seed="1,0,0,2,4,57" ten="240,245,245,270" oya="1" hai0="51,1,64,61,17,27,16,13,105,98,69,47,91" hai1="110,21,53,102,23,20,6,88,72,103,100,125,45" hai2="43,40,83,34,56,2,109,108,117,104,12,54,38" hai3="107,11,130,14,24,114,49,59,46,33,63,111,55"/><U119/><E119/><V35/><F2/><W70/><G114/><T18/><D1/><U132/><E72/><V86/><F104/><W68/><G107/><T7/><D27/><U87/><E125/><V73/><F73/><W112/><G112/><T78/><D78/><U8/><E132/><V96/><F117/><W37/><G37/><T106/><D91/><U41/><E110/><N who="2" m="42603" /><F96/><W101/><G101/><T82/><D82/><U10/><E53/><V120/><F12/><W30/><G130/><T19/><D98/><U75/><E75/><V48/><F120/><W29/><G29/><T133/><D133/><U81/><REACH who="1" step="1"/><E6/><REACH who="1" ten="240,235,245,270" step="2"/><V74/><F74/><W39/><G111/><T77/><D7/><U84/><E84/><V93/><F86/><W135/><G135/><T5/><D5/><U4/><E4/><V122/><F54/><W90/><G55/><T129/><D129/><U95/><E95/><V79/><F93/><W36/><G46/><T115/><D115/><U3/><E3/><V22/><F122/><W128/><G128/><T9/><REACH who="0" step="1"/><D77/><REACH who="0" ten="230,235,245,270" step="2"/><U113/><E113/><V62/><F79/><W99/><G99/><T31/><D31/><U32/><E32/><V124/><F34/><W71/><G30/><T118/><D118/><U123/><E123/><V92/><F35/><W15/><G33/><T76/><D76/><U25/><E25/><V97/><F83/><W127/><G24/><T131/><D131/><U50/><AGARI ba="0,2" hai="8,10,20,21,23,41,45,50,81,87,88,100,102,103" machi="50" ten="30,12000,1" yaku="1,1,0,1,8,1,54,1,53,1" doraHai="57" doraHaiUra="42" who="1" fromWho="1" sc="230,-40,235,140,245,-40,270,-40" /><INIT seed="1,1,0,2,0,20" ten="190,375,205,230" oya="1" hai0="55,77,96,72,48,41,34,79,118,112,56,69,94" hai1="133,16,74,67,9,65,108,83,119,31,88,21,44" hai2="59,33,18,78,101,63,27,68,100,5,15,134,86" hai3="128,135,75,61,82,114,38,53,24,85,131,122,45"/><U81/><E119/><V1/><F68/><W120/><G75/><T109/><D69/><U10/><E133/><V123/><F123/><W26/><G114/><T11/><D112/><U71/><E108/><V97/><F134/><W46/><G135/><T28/><D118/><U12/><E74/><V43/><F43/><N who="3" m="22775" /><G120/><T0/><D109/><U105/><E105/><V2/><F5/><W91/><G122/><T8/><D41/><U23/><E71/><V89/><F78/><W47/><G47/><T103/><D72/><U93/><E44/><V13/><F101/><W32/><G32/><T37/><D37/><U36/><E36/><V95/><F15/><W113/><G113/><T52/><D55/><U57/><E23/><V124/><F124/><W92/><G92/><T99/><D99/><N who="1" m="57767" /><E57/><V66/><F13/><W54/><G54/><T49/><D49/><U58/><E58/><V4/><F1/><W60/><G46/><T6/><REACH who="0" step="1"/><D8/><REACH who="0" ten="180,375,205,230" step="2"/><U126/><E10/><V3/><F59/><N who="3" m="34927" /><G61/><T42/><D42/><U106/><E126/><V115/><F63/><W64/><G64/><N who="1" m="24650" /><E106/><V127/><F127/><W29/><G29/><T76/><D76/><U117/><E117/><V104/><F115/><W111/><G111/><T30/><D30/><U40/><E40/><V107/><F107/><W7/><G85/><T14/><D14/><N who="1" m="9367" /><E31/><N who="2" m="19711" /><F66/><W121/><G121/><T19/><D19/><AGARI ba="1,1" hai="9,12,19,81,83" m="9367,24650,57767" machi="19" ten="30,5800,0" yaku="8,1,54,2" doraHai="20" who="1" fromWho="0" sc="180,-61,375,71,205,0,230,0" /><INIT seed="1,2,0,2,1,23" ten="119,446,205,230" oya="1" hai0="3,67,2,122,75,83,24,33,50,79,112,14,70" hai1="49,52,44,28,13,94,91,85,89,100,61,55,26" hai2="92,125,21,82,15,31,113,76,110,37,19,10,59" hai3="119,7,0,116,84,25,81,86,98,8,43,65,90"/><U71/><E100/><V42/><F110/><W88/><G65/><T32/><D112/><U40/><E71/><V126/><F113/><W68/><G68/><T17/><D122/><U53/><E13/><V18/><F31/><W64/><G64/><T35/><D50/><U62/><REACH who="1" step="1"/><E91/><REACH who="1" ten="119,436,205,230" step="2"/><V133/><F15/><W105/><G88/><T57/><D70/><U77/><E77/><V73/><F76/><W11/><G90/><T66/><D2/><U99/><E99/><V16/><F125/><W104/><G98/><T96/><D3/><U6/><E6/><V129/><F126/><W69/><G69/><T34/><D96/><U124/><E124/><V63/><F129/><W111/><G0/><T131/><D131/><U5/><E5/><V115/><F115/><W4/><G111/><T95/><D95/><U134/><E134/><V51/><F92/><W103/><G103/><T97/><D97/><U9/><E9/><V56/><F10/><W36/><G8/><T93/><D93/><U54/><N who="1" m="13312" /><DORA hai="47" /><U38/><E38/><V72/><F37/><W135/><G36/><T127/><D127/><U117/><E117/><V123/><F133/><W102/><G11/><T60/><D67/><U1/><E1/><V58/><F123/><W128/><G4/><T45/><D45/><U29/><E29/><V118/><F118/><W130/><G7/><T48/><D14/><U132/><E132/><V114/><F114/><W101/><G135/><T30/><D48/><U109/><E109/><V41/><F51/><W107/><G119/><T78/><D78/><U39/><E39/><RYUUKYOKU ba="2,1" sc="119,15,436,15,205,-15,230,-15" hai0="17,24,30,32,33,34,35,57,60,66,75,79,83" hai1="26,28,40,44,49,61,62,85,89,94" /><INIT seed="1,3,1,2,2,56" ten="134,451,190,215" oya="1" hai0="104,27,6,50,115,5,95,19,93,135,3,63,52" hai1="72,0,90,47,100,128,71,81,78,117,29,123,126" hai2="110,88,2,40,8,15,79,60,1,13,91,41,9" hai3="31,86,75,21,4,25,62,134,133,132,28,16,7"/><U51/><E123/><V118/><F110/><W131/><G75/><T109/><D104/><U84/><E117/><V46/><F46/><W98/><G131/><T94/><D109/><U54/><E0/><V20/><F79/><W32/><G98/><T73/><D73/><U34/><E128/><V130/><F20/><W42/><G42/><T125/><D115/><U92/><E126/><V43/><F130/><W35/><G86/><T18/><D3/><U69/><E29/><N who="3" m="11338" /><G62/><T107/><D107/><U127/><E127/><V17/><F118/><W58/><G58/><N who="0" m="35271" /><D125/><U111/><E34/><AGARI ba="3,1" hai="4,7,16,21,25,32,34,35,132,133,134" m="11338" machi="34" ten="40,8000,1" yaku="20,1,34,2,54,1" doraHai="56" who="3" fromWho="1" sc="134,0,451,-89,190,0,215,99" /><INIT seed="2,0,0,3,4,63" ten="134,362,190,314" oya="2" hai0="130,126,109,64,82,76,112,8,132,128,47,43,98" hai1="67,131,69,50,122,72,45,61,48,135,60,87,66" hai2="94,14,34,127,85,95,57,23,110,89,11,104,77" hai3="62,33,0,68,97,13,25,114,116,107,81,58,84"/><V1/><F34/><W134/><G0/><T2/><D112/><U75/><E122/><V124/><F104/><W42/><G42/><T41/><D98/><U113/><E113/><V54/><F77/><W106/><G68/><T118/><D118/><U103/><E131/><V18/><F110/><W80/><G80/><T91/><D91/><U28/><E135/><V70/><F70/><W59/><G59/><T83/><D109/><U92/><E28/><V90/><F1/><W6/><G97/><T88/><D132/><U52/><E103/><V99/><REACH who="2" step="1"/><F11/><REACH who="2" ten="134,362,180,314" step="2"/><N who="3" m="4343" /><G107/><T12/><D2/><U46/><E69/><V37/><F37/><W19/><G106/><T121/><D8/><U9/><E9/><V108/><F108/><W29/><G33/><T105/><D105/><U100/><E75/><V31/><F31/><W26/><G29/><T51/><D76/><U53/><E72/><V15/><F15/><W74/><G116/><T5/><D5/><U55/><E61/><AGARI ba="0,1" hai="14,18,23,54,57,61,85,89,90,94,95,99,124,127" machi="61" ten="40,2000,0" yaku="1,1,53,0" doraHai="63" doraHaiUra="22" who="2" fromWho="1" sc="134,0,362,-20,180,30,314,0" /><INIT seed="2,1,0,1,3,93" ten="134,342,210,314" oya="2" hai0="116,15,63,37,124,17,106,28,115,128,30,77,25" hai1="35,85,72,2,81,87,75,67,33,107,5,45,56" hai2="91,52,40,10,79,132,109,118,18,19,76,4,94" hai3="65,36,57,32,8,59,108,20,61,6,80,117,71"/><V44/><F118/><W47/><G32/><T14/><D37/><U121/><E2/><V41/><F132/><W83/><G117/><T51/><D106/><U131/><E107/><V92/><F109/><W9/><G108/><T24/><D77/><N who="2" m="29770" /><F4/><W39/><G20/><T104/><D104/><U38/><E5/><V42/><F10/><W90/><G8/><T11/><D63/><U120/><E38/><V125/><F125/><W133/><G47/><T127/><D51/><U27/><E131/><V135/><F135/><W103/><G103/><T126/><D116/><U54/><E35/><V23/><F23/><W73/><G73/><T111/><D111/><U60/><E72/><V119/><F119/><W129/><G71/><T62/><D62/><U0/><E0/><V22/><F22/><W114/><G61/><T58/><D58/><U99/><E75/><V49/><F92/><W31/><G9/><N who="0" m="6351" /><D115/><U112/><E112/><V29/><F29/><N who="0" m="11370" /><D128/><U98/><E121/><V89/><F89/><W16/><G90/><T82/><D82/><U66/><E81/><V26/><F26/><W43/><G83/><T1/><D1/><U88/><E27/><V69/><F69/><W21/><G80/><T7/><AGARI ba="1,0" hai="7,11,15,24,25,124,126,127" m="11370,6351" machi="7" ten="40,5200,0" yaku="18,1,34,2" doraHai="93" who="0" fromWho="0" sc="134,55,342,-14,210,-27,314,-14" /><INIT seed="3,0,0,2,5,107" ten="189,328,183,300" oya="3" hai0="108,55,6,78,2,3,80,73,97,123,100,88,103" hai1="25,74,104,42,47,63,72,57,11,135,18,68,9" hai2="43,23,128,56,48,34,61,33,77,51,46,133,39" hai3="120,79,96,70,131,37,64,24,54,30,121,132,82"/><W89/><G37/><T99/><D123/><U58/><E104/><V62/><F128/><W26/><G132/><T106/><D108/><U75/><E135/><V94/><F133/><W118/><G118/><T65/><D65/><U45/><E68/><V122/><F122/><W5/><G26/><T13/><D55/><U91/><E91/><V32/><F77/><W111/><G131/><T16/><D6/><U87/><E87/><V129/><F129/><W22/><G111/><T81/><D103/><U44/><E42/><V60/><F94/><W12/><G70/><T59/><D59/><N who="1" m="22539" /><E18/><V7/><F7/><W8/><G64/><T69/><D69/><U15/><E15/><V53/><REACH who="2" step="1"/><F23/><REACH who="2" ten="189,328,173,300" step="2"/><W119/><G79/><T52/><D81/><U66/><E66/><V113/><F113/><W124/><G82/><T115/><D115/><U17/><E17/><V41/><F41/><W130/><G22/><T35/><D35/><U36/><E36/><AGARI ba="0,1" hai="32,33,34,36,39,43,46,48,51,53,56,60,61,62" machi="36" ten="50,1600,0" yaku="1,1,53,0" doraHai="107" doraHaiUra="67" who="2" fromWho="1" sc="189,0,328,-16,173,26,300,0" /><INIT seed="4,0,0,2,4,128" ten="189,312,199,300" oya="0" hai0="58,133,35,62,32,99,18,86,2,20,87,120,41" hai1="125,50,71,56,100,49,39,48,76,122,105,75,26" hai2="85,106,44,24,67,123,9,84,68,109,104,124,22" hai3="40,114,1,111,7,93,89,92,65,33,112,134,5"/><T52/><D2/><U129/><E122/><V43/><F123/><W8/><G134/><T13/><D120/><U4/><E50/><V29/><F109/><W95/><G33/><T72/><D72/><U34/><E56/><V88/><F124/><W11/><G40/><T113/><D113/><N who="3" m="43625" /><G65/><T132/><D41/><U46/><E49/><V82/><F9/><N who="3" m="3659" /><G111/><T130/><D130/><U63/><E48/><V25/><F67/><W102/><G102/><T54/><D54/><U74/><E4/><N who="3" m="1610" /><G1/><T59/><D59/><U30/><E34/><V70/><F106/><W127/><G127/><T119/><D119/><U19/><E100/><V21/><F104/><W115/><N who="3" m="43633" /><W27/><DORA hai="61" /><G27/><T0/><D0/><U108/><E26/><V118/><F84/><AGARI ba="0,0" hai="84,89,92,93,95" m="1610,3659,43633" machi="84" ten="40,1300,0" yaku="15,1" doraHai="128,61" who="3" fromWho="2" sc="189,0,312,0,199,-13,300,13" /><INIT seed="5,0,0,2,1,103" ten="189,312,186,313" oya="1" hai0="132,11,87,111,50,63,25,41,40,56,83,18,76" hai1="95,133,119,79,96,114,53,109,75,127,70,128,80" hai2="43,130,26,102,94,22,36,91,121,69,5,48,116" hai3="19,61,20,74,125,12,3,97,88,21,129,81,89"/><U134/><E70/><V93/><F121/><W108/><G3/><T42/><D132/><N who="1" m="50795" /><E119/><V29/><F116/><W100/><G108/><T126/><D111/><U24/><E109/><V37/><F130/><W55/><G125/><T33/><D126/><U34/><E127/><V71/><F5/><W59/><G21/><T98/><D33/><U118/><E118/><V60/><F48/><W17/><G17/><T72/><D72/><U39/><E39/><V2/><F2/><W4/><G4/><T10/><D98/><U92/><E128/><V135/><F135/><W85/><G74/><T52/><D50/><U38/><E38/><V23/><F23/><AGARI ba="0,0" hai="10,11,18,23,25,40,41,42,52,56,63,76,83,87" machi="23" ten="40,2600,0" yaku="8,1,54,1" doraHai="103" who="0" fromWho="2" sc="189,26,312,0,186,-26,313,0" /><INIT seed="6,0,0,0,1,105" ten="215,312,160,313" oya="2" hai0="24,20,9,43,71,121,132,98,16,77,89,123,131" hai1="18,3,8,79,99,88,130,62,104,100,67,50,122" hai2="76,48,73,12,83,74,57,65,49,0,87,61,29" hai3="55,25,69,110,54,22,90,38,93,78,41,42,13"/><V117/><F0/><W126/><G69/><T113/><D71/><U64/><E130/><V95/><F117/><W103/><G110/><T66/><D66/><U91/><E122/><V59/><F29/><W39/><G39/><T80/><D43/><N who="3" m="16393" /><G38/><T101/><D131/><U52/><E79/><V111/><F111/><W19/><G103/><T28/><D89/><U53/><E53/><N who="3" m="19978" /><G78/><T133/><D113/><U46/><E64/><V96/><F12/><W6/><G126/><T94/><D9/><U72/><E72/><V116/><F116/><W70/><G70/><T11/><D11/><U58/><REACH who="1" step="1"/><E18/><REACH who="1" ten="215,302,160,313" step="2"/><V124/><F124/><W4/><G25/><T107/><D123/><U40/><E40/><V81/><F59/><W114/><G114/><T30/><D121/><U33/><E33/><V84/><F49/><W23/><G23/><T56/><D56/><U35/><E35/><V85/><F48/><W14/><G14/><T129/><D129/><U112/><E112/><V5/><F5/><AGARI ba="0,1" hai="3,5,8,46,50,52,58,62,67,88,91,99,100,104" machi="5" ten="40,5200,0" yaku="1,1,54,2,53,0" doraHai="105" doraHaiUra="115" who="1" fromWho="2" sc="215,0,302,62,160,-52,313,0" /><INIT seed="7,0,0,3,0,58" ten="215,364,108,313" oya="3" hai0="66,65,112,110,5,95,122,126,92,115,60,76,132" hai1="64,86,53,85,103,80,26,2,89,88,18,133,56" hai2="99,30,101,79,36,131,57,129,102,42,37,46,117" hai3="135,94,28,44,0,84,96,111,124,8,55,118,83"/><W91/><G118/><T50/><D122/><U7/><E133/><V15/><F117/><W127/><G135/><T61/><D132/><U63/><E2/><V62/><F79/><W75/><G111/><T35/><D110/><U72/><E72/><V1/><F1/><W13/><G28/><T12/><D35/><U47/><E7/><V97/><F30/><W10/><G75/><T123/><D76/><N who="1" m="46215" /><E103/><V45/><F15/><W3/><G10/><N who="0" m="4175" /><D123/><U29/><E29/><V41/><F57/><W27/><G27/><T52/><D126/><N who="3" m="48169" /><G55/><T51/><D51/><N who="1" m="28927" /><E86/><V121/><F121/><W125/><N who="3" m="48177" /><W16/><DORA hai="39" /><G44/><N who="0" m="27719" /><D115/><U69/><E69/><V109/><F109/><W70/><G70/><T87/><D112/><U23/><AGARI ba="0,0" hai="18,23,26,56,63,64,88,89" m="28927,46215" machi="23" ten="30,4000,0" yaku="8,1,52,1,54,1" doraHai="58,39" who="1" fromWho="1" sc="215,-10,364,40,108,-10,313,-20" owari="205,-19.0,404,50.0,98,-40.0,293,9.0" /></mjloggm>