<mjloggm ver="2.3"><GO type="169" lobby="0"/><UN n0="%72%69%6F%75%63%68%61%6E" n1="%E3%83%88%E3%82%A5%E3%83%AB%E3%83%BC%E3%83%87" n2="%73%73%74%61%72%6F" n3="%E3%82%A6%E3%83%AB%E3%83%88%E3%83%A9%E7%AB%8B%E7%9B%B4" dan="16,16,17,16" rate="2103.07,2070.38,2189.00,2149.85" sx="M,F,M,M"/><TAIKYOKU oya="0"/><INIT seed="0,0,0,0,5,109" ten="250,250,250,250" oya="0" hai0="32,6,9,122,13,8,36,68,55,38,132,110,114" hai1="83,131,70,79,123,40,75,107,84,54,59,10,85" hai2="89,7,0,31,71,92,73,126,24,106,15,62,33" hai3="81,130,19,3,121,27,98,58,128,26,37,20,46"/><T67/><D114/><U56/><E123/><V64/><F73/><W72/><G121/><T2/><D122/><U127/><E70/><V124/><F106/><W74/><G3/><T17/><D132/><U23/><E107/><V50/><F0/><W35/><G58/><T111/><D32/><U90/><E127/><N who="2" m="48683" /><F50/><W52/><G98/><T100/><D100/><U93/><E131/><N who="3" m="50218" /><G81/><T91/><D91/><U4/><E40/><V66/><F66/><W95/><G95/><T57/><D67/><U88/><E23/><V76/><F76/><W18/><G18/><T14/><D68/><U21/><E21/><V5/><F15/><W49/><G37/><T41/><D41/><U112/><E112/><V1/><F1/><W30/><AGARI ba="0,0" hai="19,20,26,27,30,35,46,49,52,72,74" m="50218" machi="30" ten="30,2000,0" yaku="19,1,54,1" doraHai="109" who="3" fromWho="3" sc="250,-10,250,-5,250,-5,250,20" /><INIT seed="1,0,0,4,0,20" ten="240,245,245,270" oya="1" hai0="49,36,66,119,53,129,97,23,93,26,69,29,128" hai1="18,67,3,47,35,123,56,0,1,85,127,80,21" hai2="55,94,8,106,13,44,72,111,79,58,77,114,101" hai3="57,88,16,75,90,5,19,132,83,59,10,116,34"/><U107/><E123/><V9/><F114/><W124/><G124/><T108/><D119/><U7/><E107/><V60/><F106/><W30/><G132/><T65/><D108/><U98/><E35/><V51/><F111/><W92/><G116/><T100/><D36/><U33/><E33/><V115/><F115/><W52/><G30/><T43/><D43/><U125/><E47/><V28/><F28/><W15/><G34/><T62/><REACH who="0" step="1"/><D66/><REACH who="0" ten="230,245,245,270" step="2"/><U134/><E67/><N who="2" m="39319" /><F72/><W104/><G75/><T91/><D91/><U105/><E134/><V64/><F64/><W126/><G126/><T120/><D120/><U131/><E127/><V38/><F38/><W121/><G121/><T133/><D133/><U12/><E125/><V68/><F79/><W102/><G102/><T78/><D78/><U135/><E135/><V63/><F77/><W117/><G117/><T87/><D87/><U24/><E85/><V50/><F101/><W89/><G83/><T17/><D17/><N who="3" m="6729" /><G104/><T99/><D99/><U32/><E98/><V86/><F86/><N who="3" m="52247" /><G59/><AGARI ba="0,1" hai="23,26,29,49,53,59,62,65,69,93,97,100,128,129" machi="59" ten="40,5200,0" yaku="1,1,52,1,53,1" doraHai="20" doraHaiUra="61" who="0" fromWho="3" sc="230,62,245,0,245,0,270,-52" /><INIT seed="2,0,0,4,0,123" ten="292,245,245,218" oya="2" hai0="105,66,116,78,3,47,4,85,133,121,118,64,119" hai1="52,33,46,18,59,30,101,110,1,108,41,8,99" hai2="100,109,40,74,26,70,2,16,127,73,104,31,126" hai3="60,69,90,61,93,92,42,83,45,122,129,38,56"/><V63/><F2/><W89/><G122/><T103/><D121/><U36/><E30/><V77/><F40/><W117/><G117/><T57/><D133/><U80/><E33/><N who="2" m="20727" /><F16/><W22/><G129/><T84/><D47/><U124/><E124/><N who="2" m="47659" /><F77/><W50/><G22/><T25/><D25/><U29/><E29/><V107/><F109/><N who="1" m="42089" /><E80/><V135/><F135/><W71/><G83/><T20/><D3/><U48/><E18/><V120/><F120/><W6/><G6/><T5/><D4/><N who="1" m="1039" /><E99/><N who="2" m="61471" /><F107/><W55/><G92/><T39/><D105/><U44/><E101/><V91/><F91/><W14/><G93/><T7/><D103/><U72/><E72/><V115/><F115/><W67/><G14/><T62/><D5/><U130/><E130/><V11/><F11/><W12/><G12/><T94/><D7/><U34/><E34/><V37/><F37/><W27/><G27/><T58/><D39/><U82/><E82/><V13/><F13/><W0/><G0/><T10/><D10/><U19/><E19/><V28/><F28/><W65/><AGARI ba="0,0" hai="38,42,45,50,55,56,60,61,65,67,69,71,89,90" machi="65" ten="30,7900,0" yaku="0,1,9,1,24,2" doraHai="123" who="3" fromWho="3" sc="292,-20,245,-20,245,-39,218,79" /><INIT seed="3,0,0,5,4,29" ten="272,225,206,297" oya="3" hai0="132,135,129,9,3,102,65,47,22,54,26,21,108" hai1="58,100,43,113,32,91,55,89,70,34,62,5,111" hai2="71,126,12,81,28,82,123,36,10,46,16,74,95" hai3="119,104,115,37,134,117,11,98,112,8,31,97,52"/><W80/><G37/><T73/><D73/><U92/><E113/><V127/><F123/><W131/><G31/><T49/><D108/><U63/><E111/><V99/><F71/><W23/><G23/><T45/><D129/><U124/><E124/><N who="2" m="47659" /><F28/><W57/><G131/><T20/><D102/><U66/><E43/><N who="2" m="22887" /><F74/><W105/><G80/><T15/><D3/><U120/><E120/><V94/><F94/><W61/><G134/><N who="0" m="51243" /><D65/><U72/><E72/><V59/><F59/><W2/><G2/><T96/><D96/><U40/><E40/><V93/><F93/><W33/><G57/><N who="0" m="32975" /><D26/><U130/><E130/><V67/><F67/><W44/><G44/><T79/><D47/><U17/><E5/><V85/><F85/><W42/><G42/><T41/><D45/><U30/><E17/><V125/><F125/><W38/><G38/><T39/><D41/><U68/><E68/><V114/><F114/><W107/><G107/><T27/><D39/><U90/><REACH who="1" step="1"/><E30/><REACH who="1" ten="272,215,206,297" step="2"/><V64/><F64/><W7/><G7/><N who="0" m="3519" /><D27/><U48/><E48/><V109/><F109/><W51/><G51/><T50/><D50/><U0/><E0/><V133/><F133/><W106/><G115/><T103/><D20/><U4/><E4/><V24/><F24/><W13/><G112/><T14/><D21/><U1/><E1/><V18/><F18/><W87/><G11/><T101/><D22/><U35/><E35/><V116/><F116/><W75/><G33/><T110/><D110/><U122/><E122/><V76/><F76/><W6/><G75/><T128/><D128/><U19/><E19/><RYUUKYOKU ba="0,1" sc="272,-15,215,15,206,15,297,-15" hai1="32,34,55,58,62,63,66,70,89,90,91,92,100" hai2="10,12,16,81,82,95,99" /><INIT seed="4,1,1,2,1,107" ten="257,230,221,282" oya="0" hai0="12,60,102,50,8,14,38,90,65,88,49,89,16" hai1="6,51,26,11,96,105,18,114,79,44,87,70,10" hai2="30,17,86,81,13,75,100,127,103,33,76,34,128" hai3="0,19,66,15,123,3,53,59,77,54,111,80,2"/><T108/><D38/><U23/><E70/><V9/><F128/><W126/><G111/><T46/><D102/><U36/><E36/><V131/><F131/><W45/><G126/><T40/><D108/><U115/><E105/><V57/><F127/><W121/><G45/><N who="0" m="25767" /><D14/><U35/><E35/><V82/><F34/><W1/><N who="3" m="0" /><DORA hai="42" /><W98/><G98/><T133/><D133/><U68/><E68/><V24/><REACH who="2" step="1"/><F57/><REACH who="2" ten="257,230,211,282" step="2"/><W55/><G59/><N who="0" m="37023" /><D90/><AGARI ba="1,2" hai="9,13,17,24,30,33,75,76,81,82,86,90,100,103" machi="90" ten="30,7700,0" yaku="1,1,7,1,52,1,53,1" doraHai="107,42" doraHaiUra="104,52" who="2" fromWho="0" sc="257,-80,230,0,211,100,282,0" /><INIT seed="5,0,0,0,0,15" ten="177,230,311,282" oya="1" hai0="79,42,1,99,109,131,17,91,73,45,7,3,119" hai1="38,75,14,76,43,5,135,64,134,124,82,128,60" hai2="100,36,23,34,12,16,20,85,28,46,122,125,108" hai3="68,83,96,103,9,114,102,98,2,59,55,62,27"/><U77/><E124/><V71/><F122/><W92/><G114/><T57/><D109/><U74/><E128/><V115/><F108/><W66/><G83/><T101/><D119/><U8/><E43/><V89/><F71/><W69/><G27/><T13/><D131/><U88/><E38/><V112/><F100/><W97/><G98/><T107/><D7/><U90/><E76/><V21/><F125/><W61/><G9/><T95/><D57/><N who="1" m="36879" /><E74/><V22/><F34/><W54/><G2/><T105/><D105/><U41/><E41/><V72/><F72/><W110/><G110/><T132/><D132/><AGARI ba="0,0" hai="5,8,14,75,77,82,88,90,132,134,135" m="36879" machi="132" ten="30,2900,0" yaku="20,1,54,1" doraHai="15" who="1" fromWho="0" sc="177,-29,230,29,311,0,282,0" /><INIT seed="5,1,0,4,0,1" ten="148,259,311,282" oya="1" hai0="107,131,81,35,65,74,27,16,71,118,54,76,47" hai1="51,87,75,82,93,128,119,2,111,108,63,50,23" hai2="56,21,115,69,132,43,90,15,98,110,134,20,66" hai3="60,99,58,79,86,67,49,68,25,26,10,5,13"/><U121/><E119/><V57/><F110/><N who="1" m="42025" /><E121/><V38/><F115/><W112/><G112/><T92/><D118/><U3/><E128/><V106/><F69/><W127/><G127/><T94/><D107/><U116/><E116/><V113/><F113/><W104/><G104/><T61/><D131/><U19/><E75/><V96/><F106/><W17/><G99/><T40/><D54/><U70/><E93/><V42/><F15/><W77/><G68/><T55/><D55/><U37/><E37/><V126/><F38/><W73/><G73/><T80/><D80/><U39/><E39/><V11/><F11/><W34/><G34/><T45/><D35/><U117/><E117/><V103/><F103/><W83/><G77/><T109/><D109/><U101/><E101/><V72/><F72/><W6/><G49/><N who="1" m="18442" /><E63/><V30/><F126/><W91/><G91/><T102/><D40/><U62/><E62/><V8/><F90/><W9/><REACH who="3" step="1"/><G17/><REACH who="3" ten="148,259,311,272" step="2"/><T28/><D16/><U12/><E70/><V78/><F78/><AGARI ba="1,1" hai="2,3,12,19,23,78,82,87" m="18442,42025" machi="78" ten="30,1500,0" yaku="10,1" doraHai="1" who="1" fromWho="2" sc="148,0,259,28,311,-18,272,0" /><INIT seed="5,2,0,2,4,37" ten="148,287,293,272" oya="1" hai0="53,29,78,30,67,60,63,77,59,118,96,56,111" hai1="134,32,82,81,46,120,25,107,58,79,61,110,124" hai2="23,8,35,6,2,72,104,83,48,106,7,132,76" hai3="42,88,17,105,3,80,135,109,125,26,22,47,102"/><U91/><E120/><V117/><F117/><W57/><G109/><T4/><D111/><U20/><E110/><V86/><F35/><W122/><G122/><T116/><D4/><U85/><E107/><V36/><F132/><W73/><G135/><T98/><REACH who="0" step="1"/><D53/><REACH who="0" ten="138,287,293,272" step="2"/><N who="1" m="33999" /><E134/><V100/><F7/><W121/><G121/><T19/><D19/><N who="1" m="12447" /><E124/><V84/><F6/><W41/><G17/><T9/><D9/><U113/><E113/><V90/><F8/><W27/><G125/><T70/><D70/><U95/><E32/><V115/><F115/><W74/><G22/><T51/><D51/><U119/><E119/><V52/><F48/><W14/><G3/><T112/><D112/><U131/><E131/><V71/><F23/><W18/><G18/><T127/><D127/><U43/><E79/><V93/><F76/><W10/><G10/><T13/><D13/><U62/><E62/><V108/><F108/><W34/><G14/><T66/><AGARI ba="2,1" hai="29,30,56,59,60,63,66,67,77,78,96,98,116,118" machi="66" ten="25,6400,0" yaku="1,1,0,1,22,2,53,0" doraHai="37" doraHaiUra="133" who="0" fromWho="0" sc="138,80,287,-34,293,-18,272,-18" /><INIT seed="6,0,0,4,5,64" ten="218,253,275,254" oya="2" hai0="88,107,63,2,17,21,119,131,3,56,130,16,38" hai1="45,118,58,59,133,43,95,116,24,94,117,135,87" hai2="121,1,98,68,26,22,60,129,122,79,61,83,126" hai3="36,74,127,0,75,104,40,32,101,93,105,50,12"/><V76/><F1/><W29/><G12/><N who="0" m="9351" /><D38/><N who="1" m="21751" /><E24/><V100/><F129/><N who="0" m="49162" /><D107/><N who="3" m="41033" /><G93/><N who="1" m="35338" /><E87/><V77/><F83/><W89/><G50/><T42/><D42/><U84/><E84/><V44/><F98/><W112/><G89/><T108/><D108/><U30/><E30/><V123/><F100/><W49/><G49/><T55/><D119/><U48/><E48/><V70/><F123/><W14/><G14/><T33/><D33/><U113/><E113/><V92/><F122/><W82/><G101/><T78/><D78/><U51/><E51/><V18/><F79/><N who="3" m="44407" /><G75/><T27/><D88/><U103/><E103/><V81/><F77/><W35/><G112/><T52/><D55/><U10/><E10/><V53/><F53/><W115/><G115/><T106/><D106/><U96/><E96/><V66/><F76/><W37/><G35/><T99/><D99/><U8/><E8/><V9/><F9/><W80/><G80/><T15/><D27/><U114/><E114/><V72/><F81/><W39/><G40/><T20/><AGARI ba="0,0" hai="2,3,15,17,20,52,56,63" m="49162,9351" machi="20" ten="30,4000,0" yaku="19,1,54,2" doraHai="64" who="0" fromWho="0" sc="218,40,253,-10,275,-20,254,-10" /><INIT seed="7,0,0,1,2,135" ten="258,243,255,244" oya="3" hai0="41,61,50,16,108,78,28,3,6,24,46,102,92" hai1="87,106,47,114,37,52,62,128,23,74,96,27,15" hai2="95,31,70,66,58,118,2,10,104,98,65,4,14" hai3="9,107,116,89,120,30,75,39,7,19,21,34,29"/><W11/><G107/><T0/><D108/><U88/><E74/><V32/><F118/><W127/><G75/><T83/><D6/><U40/><E114/><V93/><F70/><W115/><G39/><T126/><D126/><U119/><E119/><V129/><F104/><W122/><G116/><T123/><D123/><N who="3" m="47145" /><G89/><T12/><D61/><U103/><E128/><V8/><F129/><W82/><G82/><T94/><D102/><U100/><E100/><V45/><F45/><W101/><G101/><T105/><D105/><U38/><E38/><V77/><F77/><W131/><G131/><T17/><D0/><U54/><E15/><V33/><F93/><N who="0" m="35946" /><D3/><U56/><E54/><V53/><F66/><W134/><G115/><T109/><D109/><U71/><E71/><V55/><F65/><W60/><G60/><T36/><D36/><U51/><E37/><V90/><F53/><W35/><G134/><T132/><D12/><U80/><REACH who="1" step="1"/><E23/><REACH who="1" ten="258,233,255,244" step="2"/><V57/><F14/><N who="3" m="9463" /><G127/><T49/><D132/><U22/><E22/><V110/><F55/><W112/><G112/><T13/><D13/><U86/><E86/><V18/><F110/><W130/><G130/><T111/><D111/><U67/><E67/><V26/><F2/><N who="3" m="247" /><G11/><T43/><D43/><U97/><E97/><V124/><F124/><W99/><G99/><T113/><D113/><U68/><E68/><V117/><F10/><W64/><G64/><T133/><D133/><U121/><E121/><V69/><F8/><W25/><G35/><N who="0" m="20871" /><D50/><U1/><E1/><V73/><F33/><W42/><G42/><T79/><D41/><RYUUKYOKU ba="0,1" sc="258,-15,233,15,255,-15,244,15" hai1="27,40,47,51,52,56,62,80,87,88,96,103,106" hai3="25,29,30,34" /><INIT seed="7,1,1,4,4,63" ten="243,248,240,259" oya="3" hai0="62,9,77,135,98,30,104,79,120,106,18,2,59" hai1="115,49,76,44,66,102,109,92,45,91,31,85,134" hai2="8,111,72,108,5,87,50,132,0,112,122,56,74" hai3="94,3,86,40,4,70,37,46,10,48,110,130,75"/><W58/><G130/><T80/><D120/><U32/><E109/><V23/><F122/><W129/><G129/><T128/><D128/><U20/><E32/><V83/><F112/><W90/><G70/><T121/><D121/><U15/><E115/><V124/><F124/><W38/><G110/><T26/><D135/><U84/><E134/><V13/><F132/><W95/><G75/><T107/><D98/><N who="1" m="59719" /><E66/><V125/><F125/><W117/><G117/><T34/><D80/><N who="1" m="47111" /><E49/><V21/><F108/><W25/><G25/><T57/><D57/><U78/><E78/><V123/><F123/><W19/><G19/><T133/><D133/><U33/><E33/><V27/><F111/><W22/><G22/><T97/><D97/><U54/><E54/><V14/><F21/><W60/><G95/><T53/><D18/><N who="1" m="10335" /><E31/><V68/><F68/><W35/><G35/><T88/><REACH who="0" step="1"/><D88/><REACH who="0" ten="233,248,240,259" step="2"/><U51/><E51/><V103/><F50/><W11/><G10/><T64/><D64/><AGARI ba="1,2" hai="3,4,11,37,38,40,46,48,58,60,64,86,90,94" machi="64" ten="30,2900,0" yaku="7,1,52,1" doraHai="63" who="3" fromWho="0" sc="233,-32,248,0,240,0,259,52" owari="201,-30.0,248,5.0,240,-16.0,311,41.0" /></mjloggm>