<mjloggm ver="2.3"><GO type="225" lobby="0"/><UN n0="%63%6F%61" n1="%E5%85%88%E2%99%80%E7%94%9F" n2="%E9%88%B4%E4%BE%8D" n3="%E3%83%88%E3%83%88%E3%83%AA%E5%85%88%E7%94%9F%31%39%E6%AD%B3" dan="16,16,17,17" rate="2142.37,2134.79,2205.71,2285.86" sx="M,F,M,F"/><TAIKYOKU oya="0"/><INIT seed="0,0,0,5,0,62" ten="250,250,250,250" oya="0" hai0="120,72,21,47,12,26,51,90,78,123,121,13,34" hai1="37,133,131,87,18,53,43,69,97,0,4,35,112" hai2="49,132,57,102,122,107,65,25,17,41,128,71,74" hai3="24,89,73,38,33,126,94,44,105,11,39,63,124"/><T40/><D34/><U6/><E35/><V36/><F122/><W27/><G73/><T86/><D78/><U98/><E69/><V116/><F74/><W113/><G113/><T52/><D72/><U8/><E112/><V104/><F132/><W3/><G105/><T67/><D67/><U58/><E133/><V5/><F5/><N who="3" m="1471" /><G63/><T95/><REACH who="0" step="1"/><D40/><REACH who="0" ten="240,250,250,250" step="2"/><U85/><E43/><V80/><F65/><W92/><G33/><T79/><D79/><U30/><E131/><V14/><F128/><W19/><G126/><T55/><D55/><U66/><E53/><N who="2" m="31919" /><F71/><W130/><G124/><T32/><D32/><U23/><E66/><V10/><F116/><W31/><G130/><T56/><D56/><U29/><E58/><V46/><F41/><W88/><G44/><T100/><D100/><U118/><E118/><V54/><F54/><W75/><G75/><T45/><D45/><U109/><E109/><V84/><F46/><W106/><G89/><T9/><D9/><U93/><E8/><V101/><F102/><W68/><G88/><T60/><D60/><U110/><E110/><V91/><F101/><W16/><G68/><T125/><D125/><U77/><E77/><V108/><F108/><W15/><G31/><AGARI ba="0,1" hai="12,13,21,26,31,47,51,52,86,90,95,120,121,123" machi="31" ten="40,3900,0" yaku="1,1,54,1,53,0" doraHai="62" doraHaiUra="103" who="0" fromWho="3" sc="240,49,250,0,250,0,250,-39" /><INIT seed="0,1,0,1,5,48" ten="289,250,250,211" oya="0" hai0="116,78,100,44,8,56,125,89,126,93,43,92,10" hai1="75,22,110,111,41,101,13,71,34,24,25,88,60" hai2="70,123,105,52,6,73,29,49,95,33,2,51,53" hai3="3,40,124,12,46,109,131,91,9,58,107,16,114"/><T115/><D115/><U94/><E75/><V108/><F105/><W106/><G114/><T65/><D116/><U120/><E120/><V103/><F123/><W113/><G113/><T74/><D78/><U112/><E112/><V18/><F73/><W14/><G109/><N who="1" m="41482" /><E101/><V0/><F70/><W11/><G3/><T31/><D31/><N who="1" m="19823" /><E41/><V15/><F108/><W127/><G131/><T68/><D68/><U96/><E13/><V86/><F33/><W69/><G69/><T45/><D74/><U4/><E4/><V39/><F39/><W129/><G129/><T63/><D100/><U81/><E81/><V121/><F29/><W57/><G91/><T118/><D89/><U84/><E84/><V122/><F122/><W135/><G135/><T19/><D43/><U26/><E22/><N who="2" m="11615" /><F121/><W30/><G106/><T62/><D118/><U50/><E50/><N who="2" m="18955" /><F6/><N who="3" m="3127" /><G107/><T36/><D36/><U77/><E77/><V90/><F2/><W76/><G76/><T32/><D32/><U98/><E98/><N who="2" m="59871" /><F0/><W35/><G40/><T64/><D19/><U130/><E130/><V28/><F28/><W72/><G72/><T42/><D42/><U134/><E134/><V85/><F85/><W99/><G99/><T128/><D128/><U47/><E47/><V79/><F79/><W55/><G46/><T67/><D45/><U1/><E1/><V83/><AGARI ba="1,0" hai="52,53,83,86,90" m="59871,18955,11615" machi="83" ten="30,7900,0" yaku="8,1,52,2,54,1" doraHai="48" who="2" fromWho="2" sc="289,-40,250,-21,250,82,211,-21" /><INIT seed="1,0,0,5,3,128" ten="249,229,332,190" oya="1" hai0="13,51,2,66,75,133,90,16,11,62,60,46,86" hai1="65,95,121,64,97,25,87,27,71,3,6,57,12" hai2="56,109,15,40,39,92,36,24,104,94,118,135,42" hai3="96,49,126,43,47,112,41,123,54,129,113,44,7"/><U10/><E121/><V77/><F104/><W26/><G129/><T34/><D34/><U79/><E3/><V33/><F118/><W84/><G123/><T102/><D75/><U124/><E124/><V53/><F77/><W106/><G126/><T132/><D2/><U22/><E71/><V55/><F24/><W131/><G131/><T17/><D102/><U119/><E119/><V105/><F105/><W82/><G7/><T85/><D17/><U125/><E125/><V114/><F15/><W120/><G120/><T63/><D66/><U50/><E27/><V83/><F83/><W81/><G54/><N who="2" m="20489" /><F56/><W68/><G68/><T93/><REACH who="0" step="1"/><D86/><REACH who="0" ten="239,229,332,190" step="2"/><U21/><E87/><V9/><F33/><W67/><G67/><T4/><D4/><U35/><E6/><V73/><F73/><W99/><G106/><T91/><D91/><U19/><E65/><V76/><F114/><W70/><G84/><T58/><D58/><U111/><E64/><V61/><F109/><W78/><G70/><T72/><D72/><U101/><E111/><V18/><F18/><W20/><G78/><T107/><D107/><U59/><E79/><V45/><F76/><W88/><G113/><T103/><D103/><U116/><E59/><V5/><F5/><W100/><G112/><T74/><D74/><U8/><E57/><V0/><F0/><W28/><G100/><T30/><D30/><N who="1" m="19919" /><E116/><V80/><F45/><W115/><G115/><T127/><D127/><U69/><E69/><V1/><F1/><W14/><G44/><T89/><D89/><U130/><E130/><V122/><F122/><RYUUKYOKU ba="0,1" sc="239,30,229,-10,332,-10,190,-10" hai0="11,13,16,46,51,60,62,63,85,90,93,132,133" /><INIT seed="2,1,1,5,2,58" ten="269,219,322,180" oya="2" hai0="9,103,63,0,19,119,105,48,122,99,90,5,32" hai1="124,72,30,10,107,117,133,41,1,20,22,46,70" hai2="95,64,51,67,16,6,2,108,40,79,8,92,110" hai3="45,118,24,18,101,25,3,71,91,121,115,104,66"/><V61/><F79/><W129/><G118/><T7/><D122/><U76/><E117/><V55/><F40/><W96/><G121/><T31/><D119/><U36/><E107/><V69/><F67/><W44/><G3/><T86/><D7/><N who="1" m="1391" /><E70/><V68/><F68/><W112/><G129/><T11/><D48/><U28/><E124/><V135/><F16/><W102/><G91/><T123/><D123/><U13/><E133/><V132/><F95/><W60/><G101/><T57/><D31/><N who="1" m="11819" /><E13/><V89/><F92/><W65/><G65/><T111/><D111/><N who="2" m="42538" /><F89/><W109/><G109/><T33/><D19/><U100/><E100/><V17/><F17/><W128/><G128/><T114/><D114/><U126/><E126/><V113/><F113/><N who="3" m="43595" /><G18/><T15/><D15/><U130/><E130/><V88/><F88/><W26/><AGARI ba="1,1" hai="24,25,26,44,45,60,66,71,96,102,104" m="43595" machi="26" ten="30,2000,0" yaku="11,1,52,1" doraHai="58" who="3" fromWho="3" sc="269,-6,219,-6,322,-11,180,33" /><INIT seed="3,0,0,5,3,84" ten="263,213,311,213" oya="3" hai0="26,75,47,122,90,128,116,57,108,25,55,133,120" hai1="96,70,39,4,130,18,0,19,99,11,48,115,132" hai2="46,124,135,88,42,35,56,109,2,101,51,83,118" hai3="59,37,54,85,21,86,44,63,113,52,92,100,6"/><W50/><G113/><T65/><D75/><U67/><E115/><V68/><F118/><W49/><G37/><T79/><D79/><U104/><E39/><V27/><F2/><W126/><G126/><T131/><D116/><U7/><E130/><V119/><F119/><W121/><G121/><T72/><D72/><U97/><E104/><V29/><F68/><W98/><G6/><N who="1" m="2090" /><E0/><V102/><F56/><W129/><G129/><T31/><D108/><U117/><E70/><V111/><F124/><W82/><G21/><T110/><D110/><N who="2" m="41994" /><F135/><W14/><G14/><T69/><D47/><U36/><E36/><V112/><F112/><W23/><G23/><T95/><D133/><U127/><E117/><V103/><F88/><N who="3" m="51255" /><G86/><T33/><D128/><U81/><E127/><V1/><F1/><W45/><G45/><T87/><D131/><U64/><E132/><V74/><F83/><W30/><G30/><T10/><D31/><U73/><E81/><V24/><F24/><W22/><G22/><T66/><D26/><U134/><E134/><V71/><F71/><W28/><G28/><T12/><D69/><U76/><E73/><AGARI ba="0,0" hai="27,29,35,42,46,51,73,74,101,102,103" m="41994" machi="73" ten="30,1000,0" yaku="14,1" doraHai="84" who="2" fromWho="1" sc="263,0,213,-10,311,10,213,0" owari="263,6.0,203,-30.0,321,43.0,213,-19.0" /></mjloggm>