<mjloggm ver="2.3"><GO type="225" lobby="0"/><UN n0="%E3%81%A6%E3%81%B3" n1="%E3%83%88%E3%83%88%E3%83%AA%E5%85%88%E7%94%9F%31%39%E6%AD%B3" n2="%E4%B8%96%E3%82%92%E7%9B%B4%E3%81%99%E8%80%85" n3="%E3%81%B3%E3%82%8A%E3%81%B3%E3%82%8A%E2%98%86%E3%83%93%E3%83%AA%E3%83%BC" dan="16,18,16,18" rate="2008.75,2283.50,2135.47,2173.46" sx="M,F,M,M"/><TAIKYOKU oya="0"/><INIT seed="0,0,0,3,3,40" ten="250,250,250,250" oya="0" hai0="21,5,43,53,101,1,124,44,48,52,105,106,129" hai1="59,6,33,88,96,27,135,90,128,29,107,69,116" hai2="18,122,36,87,11,4,103,42,134,55,126,85,79" hai3="10,92,82,66,115,99,83,23,28,84,63,47,95"/><T12/><D124/><U93/><E116/><V54/><F122/><W56/><G115/><T50/><D129/><U114/><E69/><V49/><F126/><W86/><G10/><T14/><D1/><U71/><E71/><V130/><F130/><W68/><G68/><T0/><D0/><U58/><E128/><V39/><F134/><W109/><G109/><T9/><D101/><U97/><E135/><V3/><F103/><W2/><G2/><T123/><D123/><U112/><E6/><V19/><F54/><W118/><G118/><T7/><D43/><U17/><E17/><V38/><F42/><W64/><G64/><T41/><D41/><U57/><REACH who="1" step="1"/><E107/><REACH who="1" ten="250,240,250,250" step="2"/><V34/><F19/><W81/><G28/><T89/><D105/><U119/><E119/><V13/><F18/><W120/><G120/><T117/><D106/><U72/><E72/><V65/><F4/><W67/><G67/><T121/><D117/><U94/><AGARI ba="0,1" hai="27,29,33,57,58,59,88,90,93,94,96,97,112,114" machi="94" ten="30,7900,0" yaku="1,1,0,1,9,1,54,1,53,0" doraHai="40" doraHaiUra="61" who="1" fromWho="1" sc="250,-39,240,89,250,-20,250,-20" /><INIT seed="1,0,0,5,3,31" ten="211,329,230,230" oya="1" hai0="79,98,80,88,65,11,17,67,124,10,116,13,109" hai1="25,94,41,126,48,26,99,112,45,122,117,76,70" hai2="84,5,39,69,57,135,89,64,86,119,14,3,104" hai3="87,19,7,63,100,78,121,131,73,15,36,60,37"/><U102/><E112/><V61/><F119/><W75/><G121/><T118/><D109/><U81/><E117/><V21/><F135/><W107/><G131/><T54/><D124/><U92/><E122/><V96/><F39/><W93/><G7/><T2/><D116/><U123/><E123/><V38/><F38/><W46/><G107/><T50/><D118/><U18/><E70/><V90/><F3/><W52/><G37/><T110/><D110/><U71/><E71/><V47/><F69/><W42/><G63/><T51/><D2/><U72/><E126/><V91/><F47/><W101/><G75/><T44/><D10/><U33/><E33/><V103/><F5/><W129/><G73/><T27/><D27/><U20/><REACH who="1" step="1"/><E26/><REACH who="1" ten="211,319,230,230" step="2"/><V32/><F32/><W22/><G129/><T9/><D67/><U106/><AGARI ba="0,1" hai="18,20,25,41,45,48,72,76,81,92,94,99,102,106" machi="106" ten="20,7800,0" yaku="1,1,2,1,0,1,7,1,53,0" doraHai="31" doraHaiUra="53" who="1" fromWho="1" sc="211,-26,319,88,230,-26,230,-26" /><INIT seed="1,1,0,4,0,17" ten="185,407,204,204" oya="1" hai0="133,56,27,91,122,90,52,128,59,75,98,41,45" hai1="55,109,135,68,107,39,77,87,10,54,8,96,108" hai2="93,125,37,85,18,53,78,127,24,105,33,9,34" hai3="92,21,48,111,76,38,57,40,32,67,117,46,62"/><U64/><E39/><V99/><F37/><W131/><G32/><T130/><D75/><U19/><E135/><V7/><F105/><W51/><G111/><N who="1" m="42570" /><E64/><V5/><F7/><W16/><G131/><N who="0" m="50219" /><D133/><U49/><E68/><V103/><F53/><W134/><G134/><T28/><D122/><U13/><E10/><V100/><F103/><W113/><G113/><T23/><D98/><U126/><E126/><V74/><F74/><W0/><G0/><T97/><D97/><U25/><E25/><V47/><F47/><W95/><G76/><T89/><D52/><N who="1" m="20011" /><E49/><AGARI ba="1,0" hai="23,27,28,41,45,49,56,59,89,90,91" m="50219" machi="49" ten="30,2000,0" yaku="19,1,52,1" doraHai="17" who="0" fromWho="1" sc="185,23,407,-23,204,0,204,0" /><INIT seed="2,0,0,0,3,47" ten="208,384,204,204" oya="2" hai0="58,15,105,22,39,89,0,53,87,132,68,120,111" hai1="76,19,84,54,93,30,101,75,29,56,16,121,112" hai2="48,14,110,103,85,79,117,126,63,10,8,97,23" hai3="11,13,61,12,135,52,50,21,35,128,106,81,17"/><V109/><F117/><W115/><G35/><T32/><D120/><U96/><E112/><V94/><F126/><W123/><G123/><T104/><D0/><U67/><E75/><V102/><F103/><W41/><G106/><T114/><D114/><U92/><E67/><V113/><F113/><W69/><G115/><T77/><D32/><U46/><E46/><V34/><F34/><W118/><G118/><T1/><D1/><U3/><E3/><V55/><F63/><W2/><G2/><T88/><D39/><U5/><E5/><V28/><F28/><N who="1" m="10857" /><E121/><V116/><F116/><W72/><G128/><T18/><D68/><U7/><E7/><V133/><F133/><W51/><G135/><T129/><D132/><U82/><E93/><V127/><F127/><W27/><G41/><T59/><D129/><U78/><E78/><V134/><F134/><W98/><G98/><T4/><D4/><U26/><E26/><V122/><F122/><W37/><G37/><T45/><D77/><U60/><AGARI ba="0,0" hai="16,19,54,56,60,76,82,84,92,96,101" m="10857" machi="60" ten="30,2000,0" yaku="8,1,54,1" doraHai="47" who="1" fromWho="1" sc="208,-5,384,20,204,-10,204,-5" /><INIT seed="3,0,0,3,1,102" ten="203,404,194,199" oya="3" hai0="29,106,112,122,15,66,111,109,133,82,48,37,53" hai1="23,125,88,8,69,10,32,2,134,107,9,25,31" hai2="128,87,43,81,121,56,119,90,100,103,21,3,94" hai3="132,36,50,86,130,41,91,51,85,16,14,98,7"/><W92/><G130/><T45/><D122/><U19/><E107/><V93/><F3/><W65/><G132/><T96/><D133/><U63/><E134/><V131/><F43/><W52/><G36/><T6/><D112/><U4/><E125/><V54/><F119/><W46/><G65/><T18/><D37/><U24/><E88/><V33/><F33/><W60/><G60/><T61/><D6/><U104/><E104/><V57/><F121/><W95/><G7/><T127/><D127/><U89/><E89/><V114/><F114/><W38/><G95/><N who="2" m="36361" /><F21/><N who="3" m="11415" /><G38/><T101/><D82/><U118/><E118/><V71/><F71/><W55/><G41/><T99/><D29/><N who="1" m="19503" /><E63/><N who="2" m="36247" /><F57/><AGARI ba="0,0" hai="46,50,51,52,55,57,85,86,91,92,98" m="11415" machi="57" ten="30,5800,0" yaku="8,1,54,2" doraHai="102" who="3" fromWho="2" sc="203,0,404,0,194,-58,199,58" /><INIT seed="3,1,0,5,1,16" ten="203,404,136,257" oya="3" hai0="103,15,27,17,122,20,126,71,11,0,39,105,67" hai1="117,47,110,77,106,112,58,128,8,9,48,86,1" hai2="33,28,98,14,19,54,51,34,134,65,81,42,76" hai3="123,89,88,2,23,62,37,93,87,129,63,3,124"/><W94/><G123/><T96/><D122/><U22/><E112/><V120/><F120/><W84/><G37/><T68/><D39/><U135/><E117/><V49/><F134/><W45/><G45/><T104/><D126/><U10/><E106/><V111/><F111/><W44/><G44/><T97/><D0/><U127/><E110/><V52/><F42/><W31/><G124/><T72/><D72/><U119/><E119/><V95/><F65/><W64/><G129/><T6/><D67/><U91/><E127/><V70/><F70/><W109/><G109/><T59/><D59/><U78/><E1/><V92/><F28/><W24/><G63/><T35/><D35/><U55/><E135/><V50/><F34/><W4/><G4/><T115/><D115/><U114/><E114/><V60/><F33/><W69/><AGARI ba="1,0" hai="2,3,23,24,31,62,64,69,84,87,88,89,93,94" machi="69" ten="20,12000,1" yaku="0,1,7,1,9,1,52,1,54,1" doraHai="16" who="3" fromWho="3" sc="203,-41,404,-41,136,-41,257,123" owari="162,-24.0,363,16.0,95,-40.0,380,48.0" /></mjloggm>