<mjloggm ver="2.3"><GO type="97" lobby="0"/><UN n0="%E3%82%A2%E3%83%AC%E3%82%B9%E3%83%86%E3%83%AD" n1="%E5%B0%B1%E6%B4%BB%E7%94%9F%40%E5%B7%9D%E6%9D%91%E8%BB%8D%E5%9B%A3" n2="%62%6C%61%75%38%38" n3="%E3%81%8D%E3%81%95%E3%82%93%E3%81%98" dan="13,15,13,14" rate="1880.09,2035.49,1881.27,1935.95" sx="M,M,M,M"/><TAIKYOKU oya="0"/><INIT seed="0,0,0,2,5,30" ten="250,250,250,250" oya="0" hai0="42,34,32,1,124,61,55,15,16,113,111,78,62" hai1="51,132,56,121,117,68,39,81,4,92,46,24,128" hai2="86,127,20,122,83,7,36,102,47,27,130,134,104" hai3="28,63,90,41,60,64,2,11,53,65,101,120,49"/><T21/><D124/><U72/><E68/><V76/><F122/><W59/><G101/><T103/><D113/><U45/><E117/><V91/><F127/><W94/><G28/><T116/><D1/><U67/><E121/><V131/><F134/><W108/><G108/><T109/><D116/><U129/><E132/><V69/><F7/><W135/><G135/><T52/><D78/><N who="1" m="44231" /><E4/><V133/><F69/><W5/><G41/><T115/><D115/><U43/><E24/><V74/><F133/><W13/><G2/><T75/><D75/><U123/><E123/><V97/><F47/><W50/><G120/><T18/><D103/><U40/><E92/><V88/><F36/><W89/><G50/><T70/><D42/><U80/><E80/><N who="2" m="45079" /><F20/><W14/><G14/><T106/><D106/><U77/><E77/><N who="2" m="46447" /><F27/><W118/><G118/><T12/><REACH who="0" step="1"/><D21/><REACH who="0" ten="240,250,250,250" step="2"/><U48/><E43/><V112/><F112/><W105/><G105/><T107/><D107/><U25/><E40/><V6/><F6/><W9/><G9/><T58/><D58/><U35/><E56/><V26/><F26/><W8/><G8/><T100/><D100/><U44/><E25/><V0/><F0/><W110/><G110/><T17/><D17/><U99/><E39/><V73/><F73/><W87/><G64/><T95/><D95/><U71/><E67/><V85/><F85/><N who="3" m="52527" /><G65/><T29/><D29/><U37/><E37/><V31/><F31/><W98/><G87/><T19/><D19/><U82/><E71/><AGARI ba="0,1" hai="12,15,16,18,32,34,52,55,61,62,70,71,109,111" machi="71" ten="25,18000,2" yaku="1,1,22,2,52,2,54,2,53,0" doraHai="30" doraHaiUra="23" who="0" fromWho="1" sc="240,190,250,-180,250,0,250,0" /><INIT seed="0,1,0,2,5,93" ten="430,70,250,250" oya="0" hai0="1,0,48,89,23,58,66,112,123,81,78,114,119" hai1="104,96,98,55,56,40,83,109,62,77,115,73,11" hai2="35,42,10,118,38,116,67,51,46,36,72,43,21" hai3="59,76,122,65,9,4,124,54,20,90,34,41,74"/><T131/><D123/><U53/><E109/><V126/><F72/><W60/><G34/><T7/><D119/><U94/><E115/><V100/><F35/><W17/><G41/><T106/><D106/><U16/><E40/><V92/><F10/><W117/><G117/><N who="2" m="45161" /><F21/><W19/><G122/><T88/><D23/><U45/><E104/><V85/><F85/><W13/><G124/><T63/><D48/><U135/><E135/><V37/><F100/><W5/><G76/><T79/><D79/><U31/><E31/><V120/><F92/><W3/><G74/><T49/><D49/><N who="1" m="28847" /><E73/><V128/><F120/><W101/><G101/><T25/><D25/><U95/><E83/><V22/><F22/><W28/><G28/><T27/><D27/><U133/><E77/><V24/><F24/><W87/><G3/><T8/><D0/><U132/><E132/><V39/><F126/><W30/><G65/><T52/><D112/><U103/><E133/><V110/><F128/><W127/><G127/><T47/><D114/><U108/><E108/><V69/><F110/><W12/><REACH who="3" step="1"/><G30/><REACH who="3" ten="430,70,250,240" step="2"/><T102/><D131/><U99/><E103/><V29/><F29/><W97/><G97/><N who="1" m="24834" /><U32/><DORA hai="33" /><E32/><V84/><F42/><W15/><G15/><AGARI ba="1,1" hai="11,15,16,55,56,62,94,95" m="24834,28847" machi="15" ten="30,12000,2" yaku="8,1,52,4,54,1" doraHai="93,33" who="1" fromWho="3" sc="430,0,70,133,250,0,240,-123" /><INIT seed="1,0,0,2,4,72" ten="430,203,250,117" oya="1" hai0="57,82,67,112,114,134,21,34,93,15,62,124,109" hai1="3,98,106,113,125,76,35,1,2,69,110,9,88" hai2="56,66,42,133,77,132,18,49,23,39,85,130,43" hai3="74,30,13,19,75,118,36,91,11,51,20,128,119"/><U108/><E69/><V63/><F130/><W100/><G100/><T16/><D124/><U95/><E113/><V38/><F18/><W81/><G128/><T86/><D134/><N who="2" m="51818" /><F85/><N who="3" m="50607" /><G36/><N who="2" m="13865" /><F23/><W64/><G64/><T111/><D34/><U101/><E35/><V90/><F90/><W70/><G51/><T0/><D93/><U5/><E125/><V83/><F83/><W121/><G70/><T120/><D0/><U54/><E54/><N who="2" m="31823" /><F77/><W29/><G121/><T26/><D120/><U40/><E40/><V46/><F46/><W12/><G74/><T96/><D96/><N who="1" m="57447" /><E76/><V102/><F102/><W58/><G58/><AGARI ba="0,0" hai="42,43,58,63,66" m="31823,13865,51818" machi="58" ten="30,3900,0" yaku="20,1,34,2" doraHai="72" who="2" fromWho="3" sc="430,0,203,0,250,39,117,-39" /><INIT seed="2,0,0,5,5,60" ten="430,203,289,78" oya="2" hai0="14,124,21,91,56,49,135,116,97,44,84,88,13" hai1="86,121,118,64,19,72,106,95,87,29,65,96,133" hai2="20,104,89,76,18,131,100,77,68,117,39,114,69" hai3="45,74,55,54,0,11,63,61,132,27,31,23,119"/><V112/><F117/><W105/><G74/><T53/><D116/><U108/><E72/><V125/><F39/><W123/><G105/><T22/><D124/><U128/><E118/><V80/><F125/><W83/><G119/><T24/><D135/><U109/><E133/><V99/><F131/><W62/><G132/><T33/><D33/><U115/><E106/><V2/><F2/><W71/><G71/><T127/><D127/><U28/><E128/><V6/><F6/><W58/><G123/><T111/><D111/><N who="1" m="42571" /><E19/><V102/><F102/><W78/><G0/><T92/><D21/><U43/><E43/><V15/><F89/><W50/><REACH who="3" step="1"/><G11/><REACH who="3" ten="430,203,289,68" step="2"/><T107/><D107/><U7/><E121/><V93/><F104/><W59/><G59/><T129/><D129/><U66/><E115/><V3/><F3/><W67/><G67/><T30/><REACH who="0" step="1"/><D56/><REACH who="0" ten="420,203,289,68" step="2"/><U98/><E7/><V70/><F114/><W36/><G36/><T10/><D10/><U85/><E95/><AGARI ba="0,2" hai="13,14,22,24,30,44,49,53,84,88,91,92,95,97" machi="95" ten="30,7700,0" yaku="1,1,7,1,8,1,54,1,53,0" doraHai="60" doraHaiUra="75" who="0" fromWho="1" sc="420,97,203,-77,289,0,68,0" /><INIT seed="3,0,0,5,3,7" ten="517,126,289,68" oya="3" hai0="23,60,128,105,31,112,106,61,68,54,70,87,43" hai1="122,69,97,46,123,47,6,14,82,64,28,2,8" hai2="55,51,35,27,75,36,103,45,91,95,20,17,50" hai3="94,131,40,113,117,12,19,90,96,11,56,57,126"/><W42/><G117/><T111/><D87/><U120/><E28/><V67/><F75/><W115/><G113/><T130/><D31/><U79/><E97/><V49/><F36/><W62/><G115/><T101/><D23/><U18/><E64/><V85/><F35/><W73/><G73/><T102/><D43/><U86/><REACH who="1" step="1"/><E69/><REACH who="1" ten="517,116,289,68" step="2"/><V135/><F67/><N who="3" m="39367" /><G131/><T109/><D112/><U104/><E104/><V5/><F135/><W66/><G126/><T121/><D121/><U53/><E53/><AGARI ba="0,1" hai="53,54,60,61,68,70,101,102,105,106,109,111,128,130" machi="53" ten="25,1600,0" yaku="22,2" doraHai="7" who="0" fromWho="1" sc="517,26,116,-16,289,0,68,0" owari="543,64.0,100,-30.0,289,9.0,68,-43.0" /></mjloggm>