<mjloggm ver="2.3"><GO type="169" lobby="0"/><UN n0="%E5%8D%9A%E9%BA%97%E3%82%86%E3%81%8B%E3%82%8A" n1="%E3%83%95%E3%82%A7%E3%83%AB%E3%83%8A%E3%83%B3%E3%83%89" n2="%E6%9F%B3%E5%A6%82%E6%98%AF" n3="%E5%B0%B1%E6%B4%BB%E7%94%9F%40%E5%B7%9D%E6%9D%91%E8%BB%8D%E5%9B%A3" dan="16,16,16,16" rate="2174.36,2055.97,2082.94,2086.38" sx="M,M,F,M"/><TAIKYOKU oya="0"/><INIT seed="0,0,0,1,1,33" ten="250,250,250,250" oya="0" hai0="70,131,61,132,28,109,126,76,106,87,65,74,89" hai1="8,22,50,13,120,90,29,54,41,5,0,7,58" hai2="64,14,34,71,75,122,91,113,11,92,44,83,114" hai3="130,108,38,49,25,129,53,19,118,96,20,21,88"/><T66/><D131/><N who="3" m="50185" /><G38/><T117/><D117/><U134/><E120/><V1/><F122/><W69/><G69/><T24/><D132/><U62/><E134/><V73/><F34/><W102/><G118/><T67/><D126/><U52/><E41/><V4/><F44/><N who="3" m="27815" /><G108/><T133/><D133/><U94/><E29/><V115/><F83/><W81/><G21/><T39/><D39/><U42/><E22/><V72/><F71/><W40/><G40/><T78/><D109/><U86/><E42/><V3/><REACH who="2" step="1"/><F64/><REACH who="2" ten="250,250,240,250" step="2"/><W16/><G81/><N who="0" m="49391" /><D70/><U63/><REACH who="1" step="1"/><E54/><REACH who="1" ten="250,240,240,250" step="2"/><V43/><F43/><W85/><G102/><T9/><D67/><U128/><E128/><V18/><F18/><N who="3" m="12439" /><G96/><AGARI ba="0,2" hai="1,3,4,11,14,72,73,75,91,92,96,113,114,115" machi="96" ten="50,6400,0" yaku="1,1,52,2,53,0" doraHai="33" doraHaiUra="119" who="2" fromWho="3" sc="250,0,240,0,240,84,250,-64" /><INIT seed="1,0,0,3,0,110" ten="250,240,324,186" oya="1" hai0="23,8,132,71,124,46,99,98,3,25,134,64,123" hai1="50,73,65,66,40,102,49,81,67,129,24,104,89" hai2="36,94,115,130,83,54,45,74,11,119,61,77,131" hai3="29,33,107,15,101,95,70,52,105,60,12,120,58"/><U28/><E129/><N who="2" m="49163" /><F119/><W13/><G120/><T31/><D123/><U37/><E37/><V43/><F11/><W55/><G70/><T114/><D114/><U62/><E104/><V20/><F20/><W122/><G122/><T90/><D124/><U82/><E102/><V133/><F94/><W117/><G117/><T7/><D46/><U106/><E106/><V14/><F14/><W32/><G55/><T112/><D112/><U108/><E108/><V111/><F111/><W121/><G121/><T38/><D38/><U88/><E62/><V80/><F80/><N who="1" m="30825" /><E73/><V128/><F128/><W10/><G10/><T21/><D21/><N who="1" m="15375" /><E40/><V19/><F115/><W42/><G42/><T5/><D5/><U113/><E113/><V44/><F19/><W0/><G0/><T1/><D1/><U86/><E89/><V135/><F61/><W48/><G60/><N who="0" m="40327" /><D90/><U91/><E91/><V22/><F22/><W97/><REACH who="3" step="1"/><G33/><REACH who="3" ten="250,240,324,176" step="2"/><T4/><D7/><U79/><E79/><V116/><F116/><W76/><G76/><T126/><D126/><U93/><AGARI ba="0,1" hai="49,50,65,66,67,86,88,93" m="15375,30825" machi="93" ten="30,3000,0" yaku="8,1,54,1" doraHai="110" who="1" fromWho="1" sc="250,-10,240,40,324,-10,176,-10" /><INIT seed="1,1,0,3,5,5" ten="240,280,314,166" oya="1" hai0="42,9,79,60,106,66,19,114,101,22,48,73,18" hai1="10,134,96,97,16,17,121,128,0,86,29,67,4" hai2="32,1,8,88,85,95,63,38,90,129,78,126,7" hai3="130,40,41,89,70,111,123,51,82,122,69,52,116"/><U34/><E121/><N who="3" m="46090" /><G89/><T3/><D114/><U6/><E134/><V21/><F126/><W75/><G75/><T33/><D33/><U84/><E128/><V11/><F129/><W50/><G82/><T61/><D79/><U55/><E67/><V132/><F32/><W80/><G80/><T43/><D73/><U118/><E34/><V28/><F132/><W92/><G92/><T2/><D106/><U12/><E29/><V23/><F38/><W113/><G130/><T98/><D98/><N who="1" m="37995" /><E0/><V107/><F107/><W131/><G131/><T65/><D101/><U35/><E35/><V37/><F37/><W47/><G113/><T24/><D48/><U104/><E118/><V44/><F78/><W77/><G77/><T110/><D110/><U36/><E36/><V13/><F44/><N who="3" m="25863" /><G111/><T56/><D3/><U72/><E72/><V87/><F28/><W100/><G100/><T109/><D109/><U39/><E104/><V30/><F30/><W54/><G116/><T105/><D105/><U115/><E115/><V45/><F45/><W27/><G27/><T71/><D2/><U127/><E127/><V26/><F26/><W91/><G91/><T125/><D125/><U20/><E39/><V57/><F90/><W99/><G99/><T74/><D74/><U135/><E135/><V93/><F87/><N who="1" m="33321" /><E55/><AGARI ba="1,0" hai="41,47,51,52,54,55,69,70" m="25863,46090" machi="55" ten="30,3900,0" yaku="34,2,54,1" doraHai="5" who="3" fromWho="1" sc="240,0,280,-42,314,0,166,42" /><INIT seed="2,0,0,0,2,9" ten="240,238,314,208" oya="2" hai0="77,85,127,53,20,64,8,22,90,1,61,66,42" hai1="2,121,82,122,74,126,39,58,19,70,76,47,40" hai2="113,49,135,78,45,98,110,11,120,65,119,46,101" hai3="69,21,23,107,3,94,104,75,125,87,6,88,89"/><V25/><F120/><N who="1" m="46185" /><E58/><V52/><F119/><W116/><G69/><T35/><D35/><U51/><E51/><V105/><F113/><W30/><G125/><T67/><D127/><U81/><E126/><V34/><F135/><W118/><G75/><T18/><D77/><U95/><E70/><V56/><F78/><W115/><G115/><T134/><D1/><U14/><E82/><V44/><F110/><W108/><G108/><T132/><D42/><U103/><E2/><V41/><F11/><W123/><G123/><T12/><D61/><U36/><E36/><V13/><F65/><W26/><G23/><T17/><D53/><U79/><E79/><V91/><F91/><W130/><G130/><T15/><D8/><N who="1" m="6599" /><E95/><AGARI ba="0,0" hai="12,15,17,18,20,22,64,66,67,85,90,95,132,134" machi="95" ten="40,5200,0" yaku="9,1,52,2" doraHai="9" who="0" fromWho="1" sc="240,52,238,-52,314,0,208,0" /><INIT seed="3,0,0,2,0,85" ten="292,186,314,208" oya="3" hai0="117,11,55,81,103,128,82,77,92,14,93,61,72" hai1="37,70,42,46,71,133,100,66,60,56,135,36,48" hai2="41,120,1,106,59,111,95,29,32,8,101,35,10" hai3="84,75,40,58,104,122,28,47,21,12,89,83,25"/><W9/><G122/><T62/><D117/><U114/><E100/><V127/><F120/><W4/><G104/><T39/><D39/><N who="1" m="14923" /><E114/><V125/><F106/><W57/><REACH who="3" step="1"/><G75/><REACH who="3" ten="292,186,314,198" step="2"/><T51/><D72/><U87/><E87/><V2/><F127/><W63/><G63/><T112/><D62/><U45/><E45/><V78/><F125/><W86/><G86/><T88/><D61/><U49/><E49/><AGARI ba="0,1" hai="4,9,12,21,25,28,40,47,49,57,58,83,84,89" machi="49" ten="30,11600,0" yaku="1,1,7,1,8,1,52,1,53,0" doraHai="85" doraHaiUra="74" who="3" fromWho="1" sc="292,0,186,-116,314,0,198,126" /><INIT seed="3,1,0,3,3,109" ten="292,70,314,324" oya="3" hai0="135,77,122,24,87,0,91,5,30,119,8,7,50" hai1="104,100,128,61,40,99,60,66,126,110,115,31,23" hai2="86,127,10,132,3,35,120,41,97,134,2,101,36" hai3="56,78,29,69,125,93,14,42,133,6,63,44,38"/><W43/><G43/><T129/><D122/><U116/><E110/><V53/><F120/><W1/><G1/><T37/><D37/><U51/><E128/><V96/><F35/><W130/><G130/><T26/><D77/><U22/><E126/><V16/><F127/><W11/><G125/><T112/><D119/><U46/><E116/><V94/><F53/><W54/><G133/><N who="2" m="51305" /><F86/><W105/><G105/><T64/><D129/><U131/><E131/><V67/><F67/><W72/><G29/><T80/><D135/><U65/><E115/><V45/><F96/><W106/><G106/><T59/><D7/><U118/><E118/><V113/><F113/><W84/><G72/><T114/><D26/><U15/><E15/><AGARI ba="1,0" hai="2,3,10,15,16,36,41,45,94,97,101" m="51305" machi="15" ten="30,2000,0" yaku="20,1,54,1" doraHai="109" who="2" fromWho="1" sc="292,0,70,-23,314,23,324,0" /><INIT seed="4,0,0,2,1,82" ten="292,47,337,324" oya="0" hai0="14,0,104,119,66,3,37,78,69,81,58,19,49" hai1="31,124,71,107,113,39,10,17,122,57,28,16,125" hai2="25,23,72,109,97,74,32,36,55,30,34,29,7" hai3="131,41,108,127,53,5,116,18,67,48,85,45,27"/><T12/><D104/><U101/><E71/><V112/><F109/><W59/><G108/><T62/><D119/><U80/><E39/><V92/><F36/><W24/><G116/><T43/><D14/><N who="1" m="7255" /><E107/><V76/><F112/><W118/><G118/><T42/><D42/><U52/><E122/><V130/><F7/><W51/><G127/><N who="1" m="48714" /><E101/><V84/><F130/><W83/><G131/><T94/><D94/><U133/><E133/><V21/><F55/><W99/><G99/><T120/><D120/><U13/><E80/><V26/><F76/><N who="3" m="46311" /><G5/><T90/><D90/><U134/><E134/><V126/><F126/><W56/><G18/><T64/><D64/><U114/><E52/><V73/><F97/><W91/><G91/><AGARI ba="0,0" hai="21,23,25,26,29,30,32,34,72,73,74,84,91,92" machi="91" ten="40,2600,0" yaku="9,1,52,1" doraHai="82" who="2" fromWho="3" sc="292,0,47,0,337,26,324,-26" /><INIT seed="5,0,0,4,4,109" ten="292,47,363,298" oya="1" hai0="4,25,89,30,17,27,43,117,26,80,90,20,18" hai1="11,64,39,5,123,33,44,23,62,70,96,110,53" hai2="88,119,34,40,127,24,106,47,82,102,14,79,9" hai3="100,42,120,99,48,45,58,56,28,134,55,113,122"/><U37/><E33/><V125/><F119/><W104/><G134/><T7/><D43/><U94/><E123/><V12/><F106/><W19/><G28/><N who="0" m="17447" /><D89/><U51/><E110/><V74/><F102/><W78/><G78/><T112/><D90/><U38/><E23/><V101/><F101/><W115/><G19/><N who="0" m="7179" /><D80/><U10/><REACH who="1" step="1"/><E5/><REACH who="1" ten="292,37,363,298" step="2"/><V50/><F34/><W16/><G120/><T132/><D7/><U128/><E128/><V105/><F127/><W129/><G122/><T65/><D4/><U61/><E61/><V75/><F125/><W91/><G129/><T36/><D132/><U29/><E29/><V87/><F9/><W21/><G91/><AGARI ba="0,1" hai="10,11,37,38,39,44,51,53,62,64,70,91,94,96" machi="91" ten="40,2000,0" yaku="1,1,53,0" doraHai="109" doraHaiUra="98" who="1" fromWho="3" sc="292,0,37,30,363,0,298,-20" /><INIT seed="5,1,0,1,1,21" ten="292,67,363,278" oya="1" hai0="79,58,105,48,43,62,95,92,5,31,44,131,115" hai1="81,23,11,90,29,32,124,40,16,116,33,66,111" hai2="13,18,69,78,108,100,1,22,129,41,126,27,120" hai3="82,107,51,125,110,47,132,53,54,70,39,94,113"/><U19/><E116/><V88/><F120/><W8/><G107/><T6/><D105/><U17/><E124/><V89/><F108/><W30/><G110/><T77/><D131/><U109/><E66/><V42/><F1/><W104/><G104/><T36/><D36/><U55/><E40/><N who="2" m="15467" /><F69/><W112/><G70/><T91/><D92/><U123/><E123/><V76/><F100/><W85/><G125/><T25/><D115/><N who="3" m="44105" /><G132/><T128/><D128/><U96/><E55/><V24/><F126/><W118/><G118/><T133/><D133/><U98/><E11/><V56/><F56/><W75/><G39/><T34/><D79/><N who="2" m="30250" /><F129/><W50/><G75/><T71/><D77/><U10/><E111/><V93/><F89/><N who="3" m="51383" /><G8/><T59/><D71/><U65/><E109/><V60/><F60/><W28/><G94/><T61/><D61/><U97/><E10/><V57/><F57/><AGARI ba="1,0" hai="28,30,47,50,51,53,54,57" m="51383,44105" machi="57" ten="30,1000,0" yaku="15,1" doraHai="21" who="3" fromWho="2" sc="292,0,67,0,363,-13,278,13" /><INIT seed="6,0,0,5,0,36" ten="292,67,350,291" oya="2" hai0="125,33,108,17,73,59,57,50,87,62,2,28,4" hai1="10,34,105,55,72,106,126,135,82,41,91,16,88" hai2="6,75,99,29,95,96,84,103,21,49,93,122,46" hai3="35,52,77,123,102,47,39,58,37,38,61,124,92"/><V60/><F122/><W114/><G35/><T109/><D73/><U71/><E34/><V133/><F75/><W85/><G123/><T113/><D113/><U0/><E71/><V129/><F133/><W118/><G118/><T116/><D125/><U132/><E126/><V7/><F129/><W43/><G124/><T13/><D87/><U120/><E120/><V23/><F84/><W12/><G114/><T11/><D116/><U101/><E55/><V89/><F60/><W20/><G102/><T83/><D83/><U40/><E72/><V66/><F66/><W5/><G20/><N who="2" m="7753" /><F29/><W51/><G92/><T111/><D28/><U25/><E25/><V130/><F130/><W63/><G63/><T74/><D33/><U134/><E82/><V24/><F24/><W97/><G97/><T64/><D74/><U48/><E101/><V81/><F81/><N who="3" m="47279" /><G39/><T15/><D2/><U22/><E0/><V121/><F121/><W32/><G32/><T127/><D127/><U3/><E3/><V110/><F110/><W69/><G69/><T112/><D112/><U115/><E115/><V80/><F80/><W67/><G67/><T76/><D76/><U86/><E86/><V107/><F107/><N who="1" m="40969" /><E48/><V79/><F79/><W70/><G70/><N who="0" m="42263" /><D50/><U128/><E128/><V31/><F31/><W131/><G131/><T30/><D30/><U27/><E10/><AGARI ba="0,0" hai="5,10,12,37,38,43,47,51,52,58,61" m="47279" machi="10" ten="30,3900,0" yaku="25,1,52,1,54,1" doraHai="36" who="3" fromWho="1" sc="292,0,67,-39,350,0,291,39" /><INIT seed="7,0,0,1,0,32" ten="292,28,350,330" oya="3" hai0="120,30,78,15,121,20,52,69,67,57,1,131,62" hai1="25,35,105,79,113,94,97,107,14,7,129,45,110" hai2="115,17,38,33,130,63,81,93,12,50,118,4,96" hai3="133,29,54,102,103,87,86,112,132,22,2,59,74"/><W5/><G74/><T65/><D65/><U41/><E94/><V70/><F118/><W114/><G5/><T23/><D131/><U3/><E14/><V68/><F33/><W77/><G2/><T119/><D119/><U24/><E24/><V44/><F38/><W9/><G9/><T101/><D101/><N who="3" m="38409" /><G22/><T31/><D78/><U48/><E48/><V123/><F130/><W125/><G29/><T37/><D37/><U18/><E18/><V66/><F4/><W55/><G55/><T21/><D1/><U92/><E92/><V53/><F115/><N who="3" m="44075" /><G125/><T42/><D42/><U16/><E16/><V106/><F106/><W98/><G98/><T58/><D69/><U126/><E97/><V0/><F0/><W26/><G26/><T40/><D40/><U134/><E41/><V89/><F123/><W72/><G72/><T56/><D15/><U76/><E25/><V34/><F81/><N who="3" m="47407" /><G87/><T108/><D120/><U13/><E13/><V73/><F73/><W117/><G117/><T128/><D121/><U122/><E7/><V127/><F127/><W43/><G43/><T75/><D75/><U95/><E3/><V91/><F34/><W111/><G111/><T11/><D108/><U80/><E110/><V27/><F27/><W104/><G104/><T46/><D128/><U6/><E129/><V90/><F70/><W84/><G84/><T116/><D116/><U47/><E107/><V85/><F85/><W124/><G124/><T28/><D11/><AGARI ba="0,0" hai="11,12,17,44,50,53,63,66,68,89,90,91,93,96" machi="11" ten="30,1000,0" yaku="7,1" doraHai="32" who="2" fromWho="0" sc="292,-10,28,0,350,10,330,0" owari="282,-12.0,28,-47.0,360,46.0,330,13.0" /></mjloggm>