<mjloggm ver="2.3"><GO type="225" lobby="0"/><UN n0="%E3%81%B3%E3%82%8A%E3%81%B3%E3%82%8A%E2%98%86%E3%83%93%E3%83%AA%E3%83%BC" n1="%E3%82%AB%E3%83%9C%E3%83%81%E3%83%A3%E3%82%BF%E3%83%8D" n2="%E6%A1%9C%E4%BA%95%E3%81%95%E3%82%93" n3="%E5%B0%B1%E6%B4%BB%E7%94%9F%40%E5%B7%9D%E6%9D%91%E8%BB%8D%E5%9B%A3" dan="18,16,17,17" rate="2196.81,2146.13,2201.61,2159.66" sx="M,M,M,M"/><TAIKYOKU oya="0"/><INIT seed="0,0,0,2,1,71" ten="250,250,250,250" oya="0" hai0="51,91,120,72,33,1,113,60,2,54,4,103,26" hai1="52,41,95,17,59,110,57,37,122,15,108,18,40" hai2="101,31,121,66,8,126,73,0,45,99,97,132,125" hai3="13,55,118,81,23,80,5,111,46,133,85,90,28"/><T27/><D113/><U68/><E122/><V22/><F121/><W30/><G118/><T130/><D120/><U21/><E68/><V3/><F73/><W67/><G111/><N who="1" m="42538" /><E59/><V47/><F66/><W124/><G133/><T62/><D72/><U100/><E17/><V94/><F132/><W70/><G124/><N who="2" m="47721" /><F99/><W102/><G102/><T44/><D130/><U112/><E112/><V107/><F107/><W50/><G67/><T38/><D103/><U117/><E117/><V77/><F77/><W48/><G70/><T16/><D91/><U114/><E114/><V129/><F129/><W49/><G80/><T86/><D86/><U63/><E37/><V9/><F22/><W92/><G81/><T135/><D38/><U106/><E106/><V115/><F31/><N who="3" m="11819" /><G23/><T12/><D135/><U32/><E32/><V75/><F75/><W58/><G58/><T69/><D33/><U64/><E64/><V53/><F115/><W11/><AGARI ba="0,0" hai="5,11,13,46,48,49,50,55,85,90,92" m="11819" machi="11" ten="30,1100,0" yaku="8,1" doraHai="71" who="3" fromWho="3" sc="250,-5,250,-3,250,-3,250,11" /><INIT seed="1,0,0,0,1,127" ten="245,247,247,261" oya="1" hai0="3,11,17,37,79,0,135,95,82,89,118,83,111" hai1="80,116,113,53,125,86,130,41,1,49,105,34,47" hai2="22,50,99,14,74,10,5,54,73,19,20,75,107" hai3="28,92,4,24,38,119,23,110,129,26,21,69,84"/><U62/><E113/><V46/><REACH who="2" step="1"/><F19/><REACH who="2" ten="245,247,237,261" step="2"/><W52/><G119/><T121/><D17/><U51/><E116/><V12/><F12/><W31/><G110/><T48/><D118/><U44/><E125/><V15/><F15/><W123/><G123/><T8/><D111/><U36/><E1/><V120/><F120/><W56/><G69/><T114/><D0/><U96/><E130/><V76/><F76/><W133/><G133/><T18/><D79/><U72/><E72/><V43/><F43/><W90/><G129/><T91/><D18/><U61/><E36/><V93/><F93/><W27/><G38/><T88/><D95/><U63/><E105/><V109/><F109/><W35/><G4/><T98/><D37/><U64/><E64/><V13/><F13/><W68/><G68/><T67/><D67/><U58/><E96/><V128/><F128/><W85/><G35/><T70/><D70/><U66/><E34/><V132/><F132/><W25/><REACH who="3" step="1"/><G84/><REACH who="3" ten="245,247,237,251" step="2"/><T108/><D135/><U33/><REACH who="1" step="1"/><E33/><REACH who="1" ten="245,237,237,251" step="2"/><V126/><F126/><W42/><G42/><T40/><D40/><U45/><E45/><V122/><F122/><W39/><G39/><T124/><D121/><U117/><E117/><V71/><F71/><W2/><G2/><T60/><D3/><U112/><E112/><V57/><F57/><W59/><G59/><T65/><D114/><U77/><AGARI ba="0,3" hai="41,44,47,49,51,53,58,61,62,63,66,77,80,86" machi="77" ten="20,7800,0" yaku="1,1,0,1,7,1,8,1,53,0" doraHai="127" doraHaiUra="16" who="1" fromWho="1" sc="245,-26,237,108,237,-26,251,-26" /><INIT seed="1,1,0,2,1,69" ten="219,345,211,225" oya="1" hai0="133,83,92,91,110,44,42,2,53,32,132,84,12" hai1="98,26,129,59,97,34,85,41,23,94,66,36,1" hai2="60,10,124,31,17,104,81,75,90,27,11,128,131" hai3="20,86,82,35,61,121,49,70,39,73,24,93,88"/><U40/><E1/><V120/><F120/><W28/><G121/><T62/><D2/><U13/><E129/><N who="2" m="49739" /><F104/><W14/><G39/><T87/><D32/><U103/><E34/><N who="2" m="20863" /><F124/><W113/><G113/><T100/><D110/><U96/><E13/><V25/><F60/><W57/><G70/><T122/><D122/><U0/><E0/><V30/><F17/><W123/><G123/><T126/><D126/><U89/><E103/><V29/><F29/><W16/><G49/><T58/><D12/><U38/><E66/><V78/><F90/><W79/><G57/><T117/><D117/><U48/><E41/><V108/><F108/><W63/><AGARI ba="1,0" hai="14,16,20,24,28,35,61,63,73,79,82,86,88,93" machi="63" ten="30,4000,0" yaku="0,1,54,2" doraHai="69" who="3" fromWho="3" sc="219,-11,345,-21,211,-11,225,43" /><INIT seed="2,0,0,4,3,115" ten="208,324,200,268" oya="2" hai0="56,88,21,35,85,97,72,47,24,55,109,6,73" hai1="133,134,30,36,114,125,64,130,113,101,102,75,54" hai2="93,33,1,128,42,80,78,117,132,71,76,45,98" hai3="10,91,52,77,112,124,3,4,123,74,31,13,86"/><V14/><F1/><W110/><G123/><T44/><D35/><U103/><E125/><V15/><F33/><W18/><G112/><T70/><D70/><U0/><E130/><V7/><F71/><W119/><G119/><T82/><D109/><U95/><E64/><V120/><F120/><W58/><G110/><T57/><D6/><U23/><E0/><V16/><F128/><W12/><G124/><T17/><D57/><U11/><E75/><V38/><F132/><N who="1" m="50793" /><E36/><V8/><F80/><W20/><G31/><T43/><D97/><U68/><E11/><V60/><F60/><W27/><G77/><T96/><D96/><U94/><E68/><V122/><F117/><W50/><REACH who="3" step="1"/><G74/><REACH who="3" ten="208,324,200,258" step="2"/><T25/><D73/><U2/><E114/><V39/><F122/><W9/><G9/><T111/><D72/><U135/><E113/><V19/><F78/><W63/><G63/><T28/><D111/><U116/><E135/><V46/><F76/><W104/><G104/><T5/><D28/><U67/><E116/><V99/><F8/><W129/><G129/><T83/><D21/><U41/><E23/><V51/><F7/><W37/><G37/><T131/><D5/><U65/><E30/><V32/><F39/><W90/><G90/><T29/><D29/><U66/><E103/><N who="2" m="60879" /><F32/><W118/><G118/><T40/><D131/><U62/><E102/><V105/><F105/><W34/><G34/><T127/><D127/><U79/><E101/><V92/><F38/><W26/><G26/><N who="0" m="10347" /><D17/><N who="2" m="6730" /><F46/><N who="0" m="17450" /><D83/><AGARI ba="0,1" hai="3,4,10,12,13,18,20,27,50,52,58,83,86,91" machi="83" ten="30,3900,0" yaku="1,1,7,1,54,1,53,0" doraHai="115" doraHaiUra="100" who="3" fromWho="0" sc="208,-39,324,0,200,0,258,49" /><INIT seed="3,0,0,2,5,1" ten="169,324,200,307" oya="3" hai0="112,86,21,17,23,134,66,41,131,12,125,71,100" hai1="83,31,127,101,82,76,129,38,130,103,122,43,97" hai2="29,68,11,59,8,99,47,5,24,106,114,4,85" hai3="14,33,90,108,124,64,102,72,18,39,111,119,28"/><W128/><G39/><T30/><D131/><N who="1" m="50187" /><E122/><V84/><F114/><W46/><G128/><T133/><D112/><U27/><E127/><V62/><F68/><W6/><G124/><T91/><D125/><U61/><E61/><V115/><F115/><W3/><G119/><T7/><D100/><N who="1" m="38475" /><E97/><V65/><F99/><W96/><G72/><T37/><D66/><U109/><E109/><N who="3" m="42058" /><G64/><T126/><D71/><U55/><E55/><V34/><F47/><W113/><G46/><T78/><D78/><U81/><E43/><V63/><F63/><W98/><G113/><T92/><D126/><U73/><E38/><V121/><F106/><W19/><G3/><T117/><D117/><U40/><E40/><V2/><F121/><W107/><G28/><T89/><D41/><U104/><E104/><V44/><F44/><W35/><G90/><T120/><D37/><U118/><E118/><V56/><F56/><W88/><G88/><T77/><D120/><U60/><E60/><V58/><F58/><W9/><G96/><T123/><D123/><U15/><E15/><AGARI ba="0,0" hai="2,4,5,8,11,15,24,29,34,59,62,65,84,85" machi="15" ten="30,3900,0" yaku="7,1,52,2" doraHai="1" who="2" fromWho="1" sc="169,0,324,-39,200,39,307,0" owari="169,-33.0,285,9.0,239,-16.0,307,40.0" /></mjloggm>