<mjloggm ver="2.3"><GO type="169" lobby="0"/><UN n0="%66%6F%6F%6C%5F%6B%65%79" n1="%E3%82%A6%E3%83%AB%E3%83%88%E3%83%A9%E7%AB%8B%E7%9B%B4" n2="%7A%65%72%6F%52%58" n3="%43%52%41%5A%59%42%45%45" dan="16,17,18,17" rate="2141.85,2127.28,2195.56,2165.73" sx="M,M,M,M"/><TAIKYOKU oya="0"/><INIT seed="0,0,0,1,3,14" ten="250,250,250,250" oya="0" hai0="23,35,41,56,30,54,83,65,74,115,107,6,50" hai1="11,1,27,94,9,5,134,84,100,128,28,125,34" hai2="29,73,112,57,43,60,7,76,37,90,109,122,96" hai3="8,75,40,22,116,79,45,130,36,119,31,117,132"/><T93/><D107/><U85/><E125/><V86/><F122/><W129/><G132/><T24/><D115/><U69/><E128/><N who="3" m="49258" /><G8/><T15/><D93/><U104/><E134/><V87/><F109/><W3/><G3/><T38/><D65/><U82/><E69/><V114/><F29/><W66/><G66/><T59/><D38/><U58/><E104/><V39/><F73/><W53/><G53/><T103/><D103/><U106/><E106/><V62/><F7/><W52/><G52/><T102/><D102/><U13/><E58/><V92/><F62/><W48/><G48/><T95/><D95/><U18/><REACH who="1" step="1"/><E82/><REACH who="1" ten="250,240,250,250" step="2"/><V20/><F57/><W89/><G119/><T21/><D59/><U0/><E0/><V133/><F133/><W10/><G117/><T124/><D124/><U120/><E120/><V25/><F114/><W70/><G70/><T67/><D67/><U127/><E127/><V68/><F68/><W110/><G116/><T51/><D56/><U97/><AGARI ba="0,1" hai="1,5,9,11,13,18,27,28,34,84,85,94,97,100" machi="97" ten="30,4000,0" yaku="1,1,0,1,52,1,53,0" doraHai="14" doraHaiUra="49" who="1" fromWho="1" sc="250,-20,240,50,250,-10,250,-10" /><INIT seed="1,0,0,5,2,21" ten="230,290,240,240" oya="1" hai0="18,11,5,13,125,99,78,127,133,4,106,131,59" hai1="121,75,88,3,38,0,83,93,42,67,31,98,34" hai2="24,72,33,40,122,76,130,114,108,109,20,8,119" hai3="134,110,1,94,23,86,92,58,82,28,62,25,79"/><U74/><E121/><V14/><F122/><W89/><G1/><T69/><D69/><U100/><E67/><V87/><F72/><W85/><G110/><N who="2" m="42601" /><F119/><W30/><G134/><T64/><D78/><U60/><E60/><V47/><F130/><W73/><G28/><T54/><D64/><U26/><E74/><V77/><F33/><W35/><G35/><T27/><D106/><U16/><E42/><V124/><F124/><N who="0" m="47690" /><D133/><U66/><E38/><N who="2" m="21911" /><F87/><W12/><G12/><T112/><D112/><U2/><E66/><V46/><F46/><W105/><G105/><T115/><D115/><U19/><E75/><V7/><F114/><W53/><REACH who="3" step="1"/><G73/><REACH who="3" ten="230,290,240,230" step="2"/><T117/><D117/><U135/><E135/><V52/><F52/><W97/><G97/><T43/><D99/><U29/><E29/><AGARI ba="0,1" hai="7,8,14,20,24,29,76,77" m="21911,42601" machi="29" ten="30,2000,0" yaku="14,1,52,1" doraHai="21" who="2" fromWho="1" sc="230,0,290,-20,240,30,230,0" /><INIT seed="2,0,0,0,3,122" ten="230,270,270,230" oya="2" hai0="4,116,102,13,119,93,77,53,33,9,129,31,131" hai1="51,84,90,105,71,66,15,95,118,98,91,7,32" hai2="22,133,74,83,45,128,44,64,82,3,124,14,79" hai3="68,86,17,108,16,59,106,8,112,38,2,18,107"/><V121/><F121/><W28/><G68/><T65/><D65/><U54/><E32/><V104/><F3/><W96/><G38/><T123/><D77/><U34/><E34/><V115/><F115/><W99/><G112/><T11/><D102/><U30/><E30/><V35/><F35/><W94/><G28/><T5/><D53/><U76/><E76/><V52/><F104/><W72/><G72/><T56/><D93/><U6/><E118/><N who="0" m="45097" /><D56/><U113/><E113/><V62/><F133/><W10/><G2/><N who="0" m="151" /><D123/><U135/><E135/><V47/><F83/><W26/><G26/><AGARI ba="0,0" hai="5,11,13,26,31,33,129,131" m="151,45097" machi="26" ten="30,3900,0" yaku="12,1,34,2" doraHai="122" who="0" fromWho="3" sc="230,39,270,0,270,0,230,-39" /><INIT seed="3,0,0,1,0,59" ten="269,270,270,191" oya="3" hai0="68,82,34,132,112,103,67,108,39,90,106,50,10" hai1="28,123,125,13,1,107,57,80,118,16,93,70,97" hai2="76,29,33,30,27,116,18,101,129,109,42,110,64" hai3="122,89,11,99,83,127,87,113,0,77,5,120,74"/><W45/><G113/><T54/><D90/><U130/><E70/><V58/><F116/><W100/><G127/><T84/><D10/><N who="1" m="6199" /><E107/><V131/><F42/><W78/><G78/><T43/><D34/><U119/><E1/><V19/><F101/><W14/><G14/><T126/><D106/><U55/><E125/><V91/><F76/><W115/><G115/><T75/><D75/><U71/><E71/><V41/><F41/><W95/><REACH who="3" step="1"/><G45/><REACH who="3" ten="269,270,270,181" step="2"/><N who="0" m="27983" /><D126/><U79/><E119/><V46/><F46/><W111/><G111/><T56/><D108/><U49/><E118/><V65/><F110/><W62/><G62/><N who="0" m="38343" /><D112/><U73/><E123/><V135/><F109/><W85/><G85/><T31/><D84/><U121/><E121/><V52/><F131/><W35/><G35/><T81/><D132/><U48/><E130/><V124/><F135/><W133/><G133/><T96/><D96/><U92/><E73/><V69/><F124/><W66/><G66/><T72/><D72/><U94/><E97/><V4/><F65/><W32/><G32/><T47/><D68/><U15/><E15/><V117/><F69/><W104/><AGARI ba="0,1" hai="0,5,11,74,77,83,87,89,95,99,100,104,120,122" machi="104" ten="20,18000,2" yaku="1,1,0,1,7,1,24,2,53,1" doraHai="59" doraHaiUra="86" who="3" fromWho="3" sc="269,-60,270,-60,270,-60,181,190" /><INIT seed="3,1,0,3,1,86" ten="209,210,210,371" oya="3" hai0="65,75,116,60,61,56,98,17,59,99,77,128,109" hai1="100,122,9,108,48,106,0,23,52,54,36,40,87" hai2="68,97,105,80,76,96,93,24,103,14,11,118,1" hai3="90,115,35,41,132,13,10,79,81,42,133,21,55"/><W114/><G35/><T50/><D116/><U120/><E100/><V127/><F68/><W49/><G21/><T53/><D109/><U69/><E106/><V30/><F127/><W131/><G131/><T3/><D3/><U5/><E69/><V74/><F1/><W102/><G102/><T47/><D128/><U58/><E108/><V62/><F62/><W25/><G25/><T45/><D75/><U15/><E40/><V19/><F118/><W37/><G37/><T78/><D17/><U113/><E36/><V51/><F51/><W85/><G79/><T8/><D8/><U38/><E38/><V57/><F57/><W117/><G117/><T18/><D18/><U88/><E113/><V43/><F43/><N who="3" m="16395" /><G115/><T66/><D45/><U29/><E54/><V44/><F44/><N who="3" m="28071" /><G114/><T12/><D12/><U83/><REACH who="1" step="1"/><E15/><REACH who="1" ten="209,200,210,371" step="2"/><V34/><REACH who="2" step="1"/><F97/><AGARI ba="1,1" hai="47,50,53,56,59,60,61,65,66,77,78,97,98,99" machi="97" ten="40,2600,0" yaku="9,1,8,1" doraHai="86" who="0" fromWho="2" sc="209,39,200,0,210,-29,371,0" /><INIT seed="4,0,0,5,5,56" ten="248,200,181,371" oya="0" hai0="121,95,97,1,79,102,77,46,130,39,91,96,52" hai1="53,105,16,55,20,66,7,108,3,133,129,31,67" hai2="18,128,98,47,99,59,125,78,90,12,22,82,127" hai3="107,61,135,85,40,87,54,25,74,14,5,4,72"/><T83/><D121/><U64/><E105/><V44/><F128/><W35/><G107/><T69/><D130/><U131/><E108/><V68/><F68/><W123/><G123/><T51/><D69/><U86/><E133/><V36/><F59/><N who="3" m="35063" /><G35/><T100/><D1/><U119/><E119/><V49/><F36/><W112/><G74/><T63/><D39/><U93/><E31/><V17/><F17/><W26/><G72/><T71/><D83/><U45/><E7/><V37/><F37/><W9/><G4/><T19/><D19/><U15/><E3/><V32/><F32/><W10/><G10/><T84/><D84/><N who="3" m="32329" /><G112/><T24/><D24/><N who="3" m="9321" /><G135/><T116/><D116/><U13/><E13/><V0/><F0/><W111/><G111/><T11/><D11/><U114/><E114/><V132/><F132/><W29/><G40/><T94/><REACH who="0" step="1"/><D91/><REACH who="0" ten="238,200,181,371" step="2"/><N who="1" m="53495" /><E131/><V81/><F90/><W30/><AGARI ba="0,1" hai="5,9,14,29,30" m="9321,32329,35063" machi="30" ten="30,2000,0" yaku="8,1,52,1" doraHai="56" who="3" fromWho="3" sc="238,-10,200,-5,181,-5,371,30" /><INIT seed="5,0,0,3,2,94" ten="228,195,176,401" oya="1" hai0="124,88,1,112,44,102,27,35,107,103,37,63,96" hai1="134,95,41,54,11,16,72,15,49,99,73,30,14" hai2="43,98,45,40,125,29,123,51,93,26,130,89,67" hai3="76,131,83,116,13,85,77,113,39,127,52,12,68"/><U24/><E41/><V64/><F130/><W23/><G68/><T28/><D112/><U91/><E15/><V3/><F3/><W0/><G0/><T55/><D124/><U38/><E38/><V106/><F125/><W119/><G127/><T22/><D1/><U4/><E4/><V110/><F110/><W42/><G113/><T87/><D103/><U101/><E101/><V81/><F123/><W82/><G131/><T71/><D37/><U59/><REACH who="1" step="1"/><E134/><REACH who="1" ten="228,185,176,401" step="2"/><V33/><F43/><W57/><G42/><T20/><D55/><U19/><E19/><V56/><F106/><W135/><G135/><T118/><D118/><U61/><E61/><V70/><F70/><W80/><G39/><T105/><D105/><U9/><E9/><V128/><F128/><W10/><G119/><T104/><D104/><U17/><E17/><V111/><F111/><W75/><G116/><T100/><D100/><U120/><E120/><V47/><F40/><W97/><G10/><T18/><D18/><U7/><E7/><V36/><F36/><W65/><G12/><T53/><D53/><U126/><E126/><V48/><F67/><W84/><G65/><N who="0" m="41407" /><D44/><U8/><E8/><V25/><F64/><W74/><G13/><T5/><D5/><U122/><E122/><V109/><F109/><W115/><G115/><T69/><D69/><U86/><E86/><N who="2" m="50383" /><F47/><W90/><G52/><T129/><D129/><U60/><E60/><V62/><F45/><W133/><G133/><T50/><D50/><U32/><AGARI ba="0,1" hai="11,14,16,24,30,32,49,54,59,72,73,91,95,99" machi="32" ten="20,12000,1" yaku="1,1,0,1,7,1,52,1,54,1,53,0" doraHai="94" doraHaiUra="114" who="1" fromWho="1" sc="228,-40,185,130,176,-40,401,-40" /><INIT seed="5,1,0,2,2,45" ten="188,315,136,361" oya="1" hai0="9,85,39,96,63,117,14,11,33,75,62,126,28" hai1="65,88,1,24,17,93,53,76,46,119,129,123,43" hai2="35,55,87,133,36,7,41,80,90,77,13,89,8" hai3="5,56,95,47,68,48,29,61,101,135,67,37,30"/><U98/><E123/><V66/><F133/><W38/><G135/><T31/><D75/><U113/><E119/><V69/><F35/><W91/><G101/><T23/><D39/><U86/><E1/><V6/><F69/><W40/><G5/><T111/><D33/><U121/><E121/><V42/><F66/><W94/><G38/><T109/><D96/><U3/><E3/><V58/><F7/><W82/><G82/><T108/><D85/><U131/><E65/><V51/><REACH who="2" step="1"/><F36/><REACH who="2" ten="188,315,126,361" step="2"/><W22/><G37/><T2/><D117/><U16/><E129/><V4/><F4/><W27/><G68/><T132/><D132/><U32/><E131/><V130/><F130/><W49/><G67/><T57/><D2/><U15/><E32/><V83/><F83/><W19/><G30/><N who="0" m="11307" /><D109/><U12/><E17/><V78/><F78/><W107/><G19/><N who="0" m="10743" /><D111/><U60/><E76/><V120/><F120/><W118/><G118/><T97/><D108/><U124/><E16/><V59/><F59/><W110/><G110/><T115/><D115/><U112/><E112/><V84/><F84/><W79/><G79/><T102/><D126/><U10/><E86/><V70/><F70/><W64/><G29/><T134/><D134/><U81/><E81/><V125/><F125/><W127/><G127/><T54/><D63/><U26/><E124/><V34/><F34/><W114/><G114/><T128/><D128/><U116/><E113/><V72/><F72/><W122/><G122/><T0/><D0/><U73/><E73/><V104/><F104/><W74/><G74/><T105/><AGARI ba="1,1" hai="9,11,54,57,62,97,102,105" m="10743,11307" machi="105" ten="30,1100,0" yaku="5,1" doraHai="45" who="0" fromWho="0" sc="188,24,315,-6,126,-4,361,-4" /><INIT seed="6,0,0,2,0,124" ten="212,309,122,357" oya="2" hai0="104,122,31,82,45,10,98,69,77,126,106,19,53" hai1="1,132,49,119,117,99,51,41,24,38,39,64,6" hai2="63,33,95,62,135,110,25,127,8,72,7,20,9" hai3="81,123,3,97,83,5,32,84,74,87,107,75,56"/><V46/><F72/><N who="3" m="27691" /><G56/><T61/><D82/><N who="3" m="31241" /><G5/><T92/><D77/><U11/><E132/><V112/><F127/><W118/><G32/><T134/><D134/><U78/><E78/><V114/><F135/><W65/><G65/><T71/><D122/><U54/><E64/><V22/><F110/><W111/><G3/><T30/><D126/><U68/><E68/><V101/><F33/><W67/><G67/><T18/><D106/><U55/><E41/><V26/><F46/><W36/><G36/><T73/><D104/><U105/><E24/><V52/><F52/><W58/><G58/><T85/><D85/><N who="3" m="32841" /><G123/><T42/><D73/><U79/><E11/><V94/><REACH who="2" step="1"/><F7/><REACH who="2" ten="212,309,112,357" step="2"/><W109/><G109/><T96/><D53/><U103/><E6/><V13/><F13/><W57/><G111/><T34/><D34/><U86/><E54/><V17/><F17/><W93/><G118/><T50/><D61/><U128/><E55/><V113/><F113/><W116/><G116/><T4/><D19/><U2/><E117/><V88/><F88/><W80/><G80/><T40/><D40/><U91/><E91/><V16/><F16/><W130/><G57/><T0/><D18/><U15/><E15/><V21/><F21/><W29/><G29/><N who="0" m="10763" /><D69/><U120/><E119/><V108/><F108/><W28/><G28/><T27/><D71/><U125/><E125/><V70/><F70/><W133/><G133/><T129/><D27/><U100/><E120/><V89/><F89/><N who="3" m="55471" /><G107/><T14/><D14/><U37/><E105/><V60/><F60/><W43/><G43/><T59/><D59/><RYUUKYOKU ba="0,1" sc="212,-15,309,-15,112,15,357,15" hai2="8,9,20,22,25,26,62,63,94,95,101,112,114" hai3="130" /><INIT seed="6,1,1,3,0,68" ten="197,294,127,372" oya="2" hai0="119,39,111,18,29,64,120,73,82,86,69,70,34" hai1="80,27,116,46,63,97,57,125,24,17,104,5,53" hai2="37,122,117,107,113,0,48,83,62,78,41,7,49" hai3="88,33,91,93,96,74,121,19,109,28,100,30,10"/><V135/><F122/><W58/><G121/><T76/><D18/><U123/><E116/><V131/><F117/><W127/><G109/><T75/><D120/><U36/><E125/><V103/><F113/><W44/><G74/><N who="0" m="43287" /><D119/><U112/><E112/><V8/><F135/><W102/><G127/><T95/><D95/><U94/><E104/><V42/><F131/><W115/><G115/><T16/><D16/><U35/><E5/><V51/><F62/><W23/><G33/><T1/><D86/><U118/><E118/><V134/><F134/><W85/><G10/><T54/><D54/><U67/><E80/><V129/><F129/><W14/><G44/><T45/><D1/><U50/><E35/><V20/><F20/><W84/><G58/><T65/><D65/><U89/><E123/><V66/><F66/><W56/><G56/><T114/><D114/><U40/><E17/><V90/><F90/><N who="3" m="34347" /><G102/><T81/><D111/><U59/><AGARI ba="1,1" hai="24,27,36,40,46,50,53,57,59,63,67,89,94,97" machi="59" ten="20,2700,0" yaku="0,1,7,1,52,1" doraHai="68" who="1" fromWho="1" sc="197,-8,294,40,127,-14,372,-8" /><INIT seed="7,0,0,3,4,36" ten="189,334,113,364" oya="3" hai0="93,9,133,112,104,65,108,57,33,86,69,122,72" hai1="16,21,121,106,71,114,38,96,116,1,22,50,100" hai2="88,111,48,31,115,42,41,37,55,131,0,60,25" hai3="127,27,82,10,13,135,61,134,6,130,110,40,79"/><W94/><G130/><T76/><D57/><U77/><E1/><V53/><F0/><W5/><G127/><T30/><D9/><U19/><E38/><V24/><F131/><W29/><G110/><T75/><D93/><U51/><E71/><V105/><F105/><W125/><G125/><T56/><D56/><U78/><E121/><V54/><F111/><W103/><G61/><T46/><D86/><U90/><E116/><V84/><F37/><W23/><G40/><N who="2" m="15465" /><F115/><W43/><G43/><T109/><D46/><U67/><E67/><V91/><F60/><W58/><G58/><T68/><D122/><U101/><E114/><V98/><F48/><N who="1" m="18473" /><E106/><V7/><F7/><W66/><G66/><T70/><D65/><U12/><E90/><N who="2" m="34347" /><F98/><W119/><G119/><T85/><D112/><U52/><E52/><N who="2" m="13315" /><V39/><DORA hai="87" /><F39/><W15/><G5/><T120/><D104/><U35/><E96/><V34/><F34/><W64/><G64/><T118/><D120/><U128/><E35/><V18/><F31/><W17/><G29/><T81/><D118/><U80/><E128/><V102/><F102/><W126/><G103/><T83/><D108/><U45/><E101/><V63/><F63/><W47/><G6/><T113/><D113/><U123/><E100/><V8/><F84/><W28/><G28/><T92/><D109/><U97/><E97/><V11/><F18/><W132/><G17/><T62/><D62/><U99/><E99/><V89/><N who="2" m="34355" /><V124/><DORA hai="26" /><F124/><W4/><G4/><T74/><D33/><U3/><E19/><V59/><F59/><RYUUKYOKU ba="0,0" sc="189,-10,334,-10,113,30,364,-10" hai2="8,11,24,25" owari="179,-22.0,324,12.0,143,-36.0,354,46.0" /></mjloggm>