<mjloggm ver="2.3"><GO type="169" lobby="0"/><UN n0="%E3%81%B2%E3%81%90%E3%81%A1" n1="%E3%83%95%E3%83%AA%E3%83%BC%E3%82%B6%E6%A7%98" n2="%E3%82%A6%E3%83%AB%E3%83%88%E3%83%A9%E7%AB%8B%E7%9B%B4" n3="%52%4F%4C%4C%59" dan="16,16,17,16" rate="2098.91,2109.25,2182.63,2147.39" sx="M,M,M,M"/><TAIKYOKU oya="0"/><INIT seed="0,0,0,5,0,86" ten="250,250,250,250" oya="0" hai0="45,67,111,128,100,123,25,38,48,104,71,42,23" hai1="47,116,83,91,3,29,51,64,57,37,121,20,79" hai2="106,134,28,52,102,78,70,10,89,72,65,21,7" hai3="62,108,68,131,85,81,107,109,12,22,103,98,16"/><T122/><D128/><U53/><E116/><V129/><F129/><W61/><G131/><T34/><D111/><N who="3" m="42569" /><G68/><T127/><D127/><U26/><E121/><V59/><F134/><W105/><G105/><T117/><D117/><U120/><E120/><V76/><F72/><W80/><G80/><T5/><D5/><U118/><E118/><V87/><F65/><W113/><G113/><T133/><D133/><U15/><E3/><V0/><F70/><W6/><G6/><T88/><D38/><U50/><E37/><V63/><F102/><W55/><G55/><T4/><D4/><U32/><E15/><N who="2" m="5599" /><F106/><W13/><G13/><T49/><D71/><U112/><E112/><V11/><F11/><W110/><N who="3" m="42577" /><W130/><DORA hai="124" /><G130/><T54/><D67/><U24/><E64/><V60/><F60/><W41/><G41/><T1/><D1/><U93/><E83/><N who="2" m="49407" /><F0/><W36/><G36/><T43/><D43/><U44/><E79/><AGARI ba="0,0" hai="12,16,22,61,62,79,81,85,98,103,107" m="42577" machi="79" ten="40,2600,0" yaku="14,1,54,1" doraHai="86,124" who="3" fromWho="1" sc="250,0,250,-26,250,0,250,26" /><INIT seed="1,0,0,5,4,88" ten="250,224,250,276" oya="1" hai0="57,75,65,40,79,62,128,34,55,126,86,4,108" hai1="28,52,68,85,54,36,56,3,0,96,37,8,80" hai2="69,132,33,5,44,118,7,72,22,107,106,30,112" hai3="110,23,74,27,89,18,117,38,60,13,50,133,25"/><U102/><E68/><V71/><F22/><W53/><G38/><T129/><D34/><U81/><E28/><V35/><F44/><W19/><G74/><T32/><D32/><N who="2" m="12362" /><F30/><W78/><G110/><T134/><D75/><U48/><E80/><V124/><F72/><W115/><G78/><T84/><D108/><U64/><E64/><V111/><F111/><W67/><G117/><T39/><D4/><N who="2" m="1610" /><F118/><W73/><G73/><T92/><D40/><U120/><E120/><V10/><F10/><W21/><G133/><T58/><D39/><U24/><E24/><V93/><F132/><W31/><G115/><T45/><D45/><U119/><E119/><V100/><F100/><W15/><G89/><T121/><D121/><U29/><E29/><V77/><F77/><W104/><G31/><T82/><D134/><U51/><E8/><V135/><F135/><W122/><G104/><N who="2" m="39977" /><F93/><W11/><G11/><T99/><D86/><U91/><E37/><V66/><F66/><W20/><G20/><T14/><D14/><U125/><E36/><V130/><F130/><W2/><G122/><T103/><D129/><U12/><E12/><V97/><F97/><W47/><G2/><T105/><D128/><U1/><E125/><V109/><F109/><W63/><G67/><T94/><REACH who="0" step="1"/><D126/><REACH who="0" ten="240,224,250,276" step="2"/><U83/><E83/><V59/><F124/><W127/><G127/><T41/><D41/><U131/><E131/><V46/><F112/><W101/><G15/><T43/><D43/><U90/><E1/><V49/><F46/><W76/><G13/><T87/><D87/><U95/><E102/><RYUUKYOKU ba="0,1" sc="240,10,224,10,250,10,276,-30" hai0="55,57,58,62,65,79,82,84,92,94,99,103,105" hai1="0,3,48,51,52,54,56,81,85,90,91,95,96" hai2="49,59,69,71" /><INIT seed="1,1,1,2,0,110" ten="250,234,260,246" oya="1" hai0="32,135,48,111,58,15,18,82,119,53,70,26,121" hai1="36,57,10,126,97,86,88,107,41,62,123,100,56" hai2="105,4,8,90,131,108,85,64,94,95,101,89,67" hai3="80,87,31,52,42,44,96,60,0,35,46,37,14"/><U49/><E123/><V16/><F108/><W93/><G0/><T19/><D111/><U22/><E36/><V12/><F131/><W106/><G106/><T130/><D70/><U50/><E126/><V40/><F40/><W61/><G14/><T125/><D119/><U99/><E41/><V65/><F105/><W78/><G35/><T20/><D125/><U34/><E34/><V132/><F132/><W47/><G31/><T59/><D135/><U133/><E133/><V112/><F101/><W24/><G24/><T33/><D130/><U129/><E129/><V23/><F112/><W25/><G25/><T74/><D121/><U5/><E97/><V75/><F75/><W71/><G71/><T113/><D113/><U92/><E22/><V30/><F30/><W39/><G39/><T114/><D114/><U45/><E45/><V3/><F65/><W116/><G116/><T1/><D1/><U77/><E77/><V27/><F3/><W79/><G79/><T117/><D117/><U21/><E21/><V43/><F43/><W17/><G17/><T68/><D68/><U2/><REACH who="1" step="1"/><E57/><REACH who="1" ten="250,224,260,246" step="2"/><V91/><F89/><N who="3" m="55343" /><G42/><T11/><D32/><U103/><E103/><V72/><F72/><W29/><G37/><T127/><D33/><U120/><E120/><V13/><F27/><W6/><G44/><T122/><D74/><U66/><AGARI ba="1,2" hai="2,5,10,49,50,56,62,66,86,88,92,99,100,107" machi="66" ten="20,7800,0" yaku="1,1,0,1,7,1,54,1,53,0" doraHai="110" doraHaiUra="134" who="1" fromWho="1" sc="250,-27,224,101,260,-27,246,-27" /><INIT seed="1,2,0,3,4,70" ten="223,325,233,219" oya="1" hai0="54,31,3,7,50,12,72,60,30,112,9,104,10" hai1="81,103,15,22,48,73,55,84,69,67,129,38,40" hai2="108,98,115,62,2,44,51,42,11,52,36,32,68" hai3="94,64,126,121,41,134,92,80,96,109,27,37,21"/><U125/><E73/><V93/><F32/><W0/><G121/><T120/><D72/><U23/><E129/><V86/><F115/><W116/><G109/><T26/><D104/><U133/><E133/><V75/><F75/><W97/><G0/><T119/><D112/><U101/><E125/><V78/><F108/><W83/><G134/><T82/><D119/><U122/><E122/><V28/><F28/><W105/><G126/><T65/><D120/><U46/><E22/><V76/><F86/><W63/><G105/><T114/><D114/><U25/><E15/><V85/><F85/><W1/><G1/><T5/><D82/><U6/><E6/><V110/><F110/><W39/><G116/><T66/><D60/><U131/><E131/><V20/><F20/><W127/><G127/><T47/><REACH who="0" step="1"/><D31/><REACH who="0" ten="213,325,233,219" step="2"/><U71/><E81/><V100/><F62/><W34/><G80/><T13/><D13/><U107/><E107/><V79/><F2/><W4/><G83/><T18/><D18/><U88/><E25/><V89/><F68/><W111/><G111/><T53/><D53/><U130/><E71/><V58/><REACH who="2" step="1"/><F11/><REACH who="2" ten="213,325,223,219" step="2"/><W17/><G63/><T74/><D74/><U77/><E69/><V14/><F14/><W135/><G135/><T8/><D8/><U117/><E130/><V33/><F33/><AGARI ba="2,2" hai="3,5,7,9,10,12,26,30,33,47,50,54,65,66" machi="33" ten="30,2000,0" yaku="1,1,7,1,53,0" doraHai="70" doraHaiUra="59" who="0" fromWho="2" sc="213,46,325,0,223,-26,219,0" /><INIT seed="2,0,0,2,1,120" ten="259,325,197,219" oya="2" hai0="39,76,32,112,70,47,72,127,103,54,131,57,44" hai1="90,15,135,129,56,86,20,64,14,17,79,128,52" hai2="130,82,91,87,9,38,104,0,51,18,100,62,23" hai3="105,78,114,101,45,118,59,80,22,42,16,98,61"/><V116/><F116/><W53/><G118/><T36/><D32/><U102/><E135/><V49/><F38/><W50/><G114/><T6/><D103/><U97/><E79/><V109/><F130/><W69/><G69/><T43/><D6/><U34/><E34/><V124/><F124/><W2/><G2/><T107/><D107/><U21/><E64/><V119/><F119/><W41/><G80/><T88/><D76/><U123/><E123/><V26/><F109/><W40/><REACH who="3" step="1"/><G78/><REACH who="3" ten="259,325,197,209" step="2"/><T113/><D113/><U5/><E129/><V85/><F0/><W83/><G83/><T108/><D70/><U28/><E128/><V74/><F74/><W132/><G132/><T27/><D72/><U48/><E5/><V115/><F115/><W55/><G55/><T12/><D54/><U77/><E77/><V3/><F3/><W37/><G37/><T117/><D36/><U111/><E52/><V95/><F62/><W126/><G126/><T31/><D39/><U8/><E111/><V75/><F75/><W92/><G92/><T99/><D112/><U25/><E48/><V67/><F51/><W133/><G133/><T63/><D63/><U58/><E58/><V60/><F49/><W110/><G110/><T122/><D122/><U33/><E56/><N who="2" m="37255" /><F104/><W93/><G93/><T94/><D94/><U71/><E71/><V84/><F100/><W29/><G29/><T121/><D127/><U89/><E102/><V106/><F106/><W134/><G134/><T46/><D108/><U1/><E1/><V96/><F82/><W81/><G81/><T125/><D125/><RYUUKYOKU ba="0,1" sc="259,-15,325,-15,197,15,209,15" hai2="9,18,23,26,84,85,87,91,95,96" hai3="16,22,40,41,42,45,50,53,59,61,98,101,105" /><INIT seed="2,1,1,1,3,133" ten="244,310,212,224" oya="2" hai0="2,52,90,70,21,111,13,108,3,106,55,127,76" hai1="23,119,82,57,89,35,118,113,87,32,12,53,75" hai2="36,50,115,77,25,126,135,61,114,81,130,132,78" hai3="72,84,47,79,9,80,105,42,26,30,38,4,66"/><V46/><F36/><W101/><G66/><T100/><D76/><U107/><E113/><V6/><F6/><W64/><G64/><T22/><D70/><U74/><E107/><V49/><F130/><W10/><G84/><T125/><D100/><U128/><E128/><V17/><F61/><W39/><G39/><T91/><REACH who="0" step="1"/><D13/><REACH who="0" ten="234,310,212,224" step="2"/><U99/><E12/><V59/><F78/><W33/><G101/><T65/><D65/><U68/><E68/><V117/><F115/><W85/><G105/><AGARI ba="1,2" hai="2,3,21,22,52,55,90,91,105,106,108,111,125,127" machi="105" ten="25,12000,2" yaku="1,1,22,2,52,2,54,1,53,0" doraHai="133" doraHaiUra="94" who="0" fromWho="3" sc="234,143,310,0,212,0,224,-123" /><INIT seed="3,0,0,2,2,3" ten="377,310,212,101" oya="3" hai0="126,31,134,116,103,2,129,107,120,99,85,61,91" hai1="27,54,69,131,50,81,18,80,102,68,13,70,75" hai2="78,125,12,95,0,124,130,41,111,72,42,8,114" hai3="98,38,60,133,14,87,106,7,1,5,22,51,9"/><W57/><G38/><T89/><D116/><U21/><E131/><V65/><F0/><W30/><G133/><T73/><D2/><U117/><E117/><V100/><F114/><W15/><G51/><T52/><D73/><U79/><E102/><V37/><F37/><W96/><G7/><T6/><D120/><U28/><E80/><N who="2" m="45127" /><F65/><W64/><G87/><T25/><D134/><U11/><REACH who="1" step="1"/><E70/><REACH who="1" ten="377,300,212,101" step="2"/><V74/><F130/><W58/><G106/><T90/><D129/><U93/><E93/><V109/><F95/><W94/><G94/><T36/><D103/><U77/><E77/><V127/><F100/><W17/><G1/><T63/><D107/><U24/><E24/><V33/><F74/><W10/><G57/><AGARI ba="0,1" hai="11,13,18,21,27,28,50,54,57,68,69,75,79,81" machi="57" ten="30,3900,0" yaku="1,1,7,1,53,1" doraHai="3" doraHaiUra="4" who="1" fromWho="3" sc="377,0,300,49,212,0,101,-39" /><INIT seed="4,0,0,0,4,45" ten="377,349,212,62" oya="0" hai0="20,73,126,100,38,95,117,105,34,65,26,52,94" hai1="10,30,31,49,69,55,68,40,62,108,25,106,23" hai2="35,57,90,128,118,51,101,11,18,124,107,22,83" hai3="42,2,6,122,21,89,66,32,87,103,93,50,39"/><T64/><D73/><U109/><E106/><V3/><F35/><W71/><G122/><T81/><D38/><U98/><E98/><V85/><F124/><W135/><G32/><T46/><D34/><U77/><E77/><V82/><F128/><W119/><G119/><T4/><D117/><U112/><E112/><V19/><F118/><W12/><G135/><T27/><D105/><U7/><E31/><V75/><F75/><W84/><G39/><T44/><D4/><U56/><E68/><V74/><F74/><W133/><G133/><T99/><D81/><U9/><E9/><V91/><F101/><W0/><G103/><T14/><D126/><U70/><E70/><V115/><F107/><W37/><G37/><T79/><D79/><U80/><E80/><V1/><F115/><W88/><G71/><T131/><D131/><U132/><E132/><V104/><F104/><W15/><G66/><T72/><D72/><U13/><E69/><V41/><F11/><N who="3" m="4215" /><G2/><T134/><D134/><U53/><REACH who="1" step="1"/><E40/><REACH who="1" ten="377,339,212,62" step="2"/><V29/><F41/><W120/><G120/><T5/><D95/><U58/><AGARI ba="0,1" hai="7,10,13,23,25,30,49,53,55,56,58,62,108,109" machi="58" ten="20,8000,1" yaku="1,1,2,1,0,1,7,1,52,1,53,0" doraHai="45" doraHaiUra="86" who="1" fromWho="1" sc="377,-40,339,90,212,-20,62,-20" /><INIT seed="5,0,0,3,5,5" ten="337,429,192,42" oya="1" hai0="120,8,11,33,112,89,67,98,132,44,76,71,126" hai1="14,110,60,37,3,59,125,48,115,93,74,23,130" hai2="22,46,127,78,55,31,12,38,84,99,62,27,116" hai3="9,18,86,43,42,83,57,63,68,97,105,88,124"/><U123/><E3/><V64/><F116/><W56/><G124/><T30/><D76/><U41/><E74/><V58/><F127/><W13/><G68/><T111/><D111/><U7/><E37/><V106/><F106/><W87/><G87/><T28/><D126/><U82/><E125/><V34/><F99/><W79/><G57/><T94/><D112/><U1/><E115/><V133/><F133/><W108/><G108/><T26/><D132/><U10/><E110/><V17/><F78/><W101/><REACH who="3" step="1"/><G79/><REACH who="3" ten="337,429,192,32" step="2"/><T91/><D120/><U102/><E59/><V32/><F84/><W96/><G96/><T81/><D71/><U85/><E85/><V134/><F134/><W90/><G90/><T45/><D91/><U51/><E123/><V107/><F58/><W117/><G117/><T70/><D70/><U92/><E102/><V36/><F64/><AGARI ba="0,1" hai="9,13,18,42,43,56,63,64,83,86,88,97,101,105" machi="64" ten="30,7700,0" yaku="1,1,7,1,52,1,54,1,53,0" doraHai="5" doraHaiUra="25" who="3" fromWho="2" sc="337,0,429,0,192,-77,32,87" /><INIT seed="6,0,0,0,1,12" ten="337,429,115,119" oya="2" hai0="120,25,66,10,128,35,83,124,131,87,0,46,75" hai1="2,110,129,117,121,109,76,79,70,53,81,28,6" hai2="40,125,4,65,89,104,55,22,97,23,30,96,94" hai3="92,93,71,59,15,99,133,7,45,63,26,52,54"/><V80/><F125/><W48/><G133/><T47/><D75/><U49/><E70/><V38/><F65/><W90/><G71/><T113/><D120/><U112/><E117/><V14/><F38/><W17/><G7/><N who="0" m="1383" /><D66/><U29/><E79/><V84/><F40/><W67/><G26/><T116/><D113/><U103/><E103/><V130/><F130/><N who="0" m="49706" /><D116/><U61/><E61/><V105/><F105/><W44/><G93/><T42/><D42/><U34/><E112/><V91/><F104/><W43/><REACH who="3" step="1"/><G45/><REACH who="3" ten="337,429,115,109" step="2"/><T57/><D47/><U41/><E6/><V32/><F32/><W20/><AGARI ba="0,1" hai="15,17,20,43,44,48,52,54,59,63,67,90,92,99" machi="20" ten="20,12000,2" yaku="1,1,2,1,0,1,7,1,8,1,52,1,54,1,53,0" doraHai="12" doraHaiUra="135" who="3" fromWho="3" sc="337,-30,429,-30,115,-60,109,130" /><INIT seed="7,0,0,5,4,119" ten="307,399,55,239" oya="3" hai0="37,69,109,98,121,73,64,7,35,24,118,93,14" hai1="65,4,128,50,60,91,11,79,5,2,116,125,6" hai2="53,86,114,22,134,33,100,133,115,51,18,17,117" hai3="111,25,129,10,122,61,113,47,38,8,48,13,132"/><W41/><G122/><T66/><D37/><U63/><E79/><V32/><F100/><W80/><G113/><T40/><D73/><U106/><E106/><V42/><F86/><W103/><G111/><T16/><D40/><U1/><E116/><V127/><F51/><W76/><G129/><T9/><D109/><U101/><E101/><V95/><F42/><W75/><G132/><T108/><D108/><U55/><E128/><V78/><F95/><W26/><G103/><T126/><D118/><U23/><E125/><V92/><F92/><W90/><G90/><T83/><D126/><U112/><E112/><V29/><F53/><W54/><G61/><T130/><D130/><U96/><E23/><V59/><F59/><W88/><G88/><T20/><D121/><U70/><E60/><V68/><F78/><W81/><G81/><T21/><D35/><U45/><E1/><V105/><F105/><W52/><G54/><T28/><D83/><U30/><E30/><V39/><F39/><W19/><G10/><T135/><D135/><U57/><E70/><V36/><F36/><W56/><AGARI ba="0,0" hai="8,13,19,25,26,38,41,47,48,52,56,75,76,80" machi="56" ten="20,3900,0" yaku="0,1,7,1,54,1" doraHai="119" who="3" fromWho="3" sc="307,-13,399,-13,55,-13,239,39" /><INIT seed="7,1,0,3,0,39" ten="294,386,42,278" oya="3" hai0="28,133,23,51,98,41,2,3,64,68,90,21,131" hai1="97,110,17,94,33,62,45,135,120,48,82,13,14" hai2="129,52,37,20,126,56,42,88,124,128,35,1,4" hai3="73,113,105,77,30,117,114,57,76,92,12,67,130"/><W29/><G117/><T5/><D131/><U74/><E33/><V60/><F20/><W115/><G105/><T11/><D133/><U127/><E110/><V10/><F35/><W95/><G130/><N who="2" m="50281" /><F88/><W34/><G12/><T83/><D2/><U111/><E111/><V75/><F75/><W100/><G34/><T108/><D108/><U93/><E120/><V86/><F86/><W81/><G77/><T121/><D121/><U72/><E135/><V66/><F10/><W99/><G95/><T123/><D123/><U26/><E127/><N who="2" m="48683" /><F4/><W55/><G67/><T103/><D64/><U125/><E125/><V89/><F89/><W71/><G71/><T59/><D68/><U18/><E26/><V102/><F102/><W101/><G100/><T61/><D28/><U85/><E62/><AGARI ba="1,0" hai="29,30,55,57,62,73,76,81,92,99,101,113,114,115" machi="62" ten="40,2000,0" yaku="15,1" doraHai="39" who="3" fromWho="1" sc="294,0,386,-23,42,0,278,23" /><INIT seed="7,2,0,0,5,5" ten="294,363,42,301" oya="3" hai0="125,126,77,44,118,6,109,79,12,38,45,111,27" hai1="99,51,108,65,22,57,87,63,69,8,20,93,106" hai2="104,50,128,17,115,60,95,83,30,88,116,86,15" hai3="97,43,94,96,72,78,24,66,10,31,16,134,32"/><W3/><G134/><T103/><D103/><U70/><E108/><V7/><F104/><W84/><G72/><T9/><D118/><U68/><E106/><V100/><F128/><W91/><G66/><T23/><D109/><U120/><E120/><V42/><F115/><W129/><G129/><T40/><D111/><U113/><E113/><V56/><F116/><W76/><G43/><T107/><D107/><U58/><E87/><V119/><F119/><W0/><G0/><T117/><D45/><U75/><E75/><V61/><F30/><W67/><G67/><T48/><D38/><U49/><E8/><V41/><F7/><W39/><G39/><T101/><D101/><U19/><E58/><V62/><F100/><W59/><G59/><T33/><D33/><U46/><E19/><V18/><F18/><W71/><G71/><T4/><D4/><U121/><E121/><V105/><F105/><W26/><G3/><T55/><D40/><U80/><E80/><V110/><F110/><W47/><G47/><T114/><D117/><U98/><E51/><V81/><F42/><W13/><G26/><T1/><D1/><U112/><E112/><V34/><F34/><W127/><REACH who="3" step="1"/><G127/><REACH who="3" ten="294,363,42,291" step="2"/><N who="0" m="48651" /><D114/><U36/><E36/><V25/><F25/><W2/><G2/><T28/><AGARI ba="2,1" hai="6,9,12,23,27,28,44,48,55,77,79" m="48651" machi="28" ten="30,2000,0" yaku="18,1,52,1" doraHai="5" who="0" fromWho="0" sc="294,36,363,-7,42,-7,291,-12" owari="330,13.0,356,45.0,35,-46.0,279,-12.0" /></mjloggm>