<mjloggm ver="2.3"><GO type="169" lobby="0"/><UN n0="%E5%AE%AE%E9%96%93%E5%A4%95%E8%8F%9C" n1="%E3%82%A8%E3%83%83%E3%83%95%E3%82%A7%E3%83%AB%E5%A1%94" n2="%E5%B0%B1%E6%B4%BB%E7%94%9F%40%E5%B7%9D%E6%9D%91%E8%BB%8D%E5%9B%A3" n3="%E3%82%AE%E3%82%AC%E3%83%9E%E3%82%A4%E3%83%B3" dan="16,16,16,18" rate="2095.97,2090.06,2047.17,2220.75" sx="F,M,M,M"/><TAIKYOKU oya="0"/><INIT seed="0,0,0,5,2,102" ten="250,250,250,250" oya="0" hai0="51,83,41,20,93,71,107,50,44,79,133,57,29" hai1="40,122,70,1,24,58,73,11,89,90,123,34,13" hai2="116,87,54,17,126,67,69,127,130,99,134,64,104" hai3="109,4,108,9,77,117,78,45,59,106,53,101,12"/><T100/><D71/><U125/><E70/><V26/><F130/><W16/><G117/><T46/><D133/><U68/><E1/><V60/><F134/><W114/><G114/><T75/><D57/><U8/><E40/><V85/><F67/><W129/><G129/><T22/><D29/><U5/><E11/><V10/><F54/><W49/><G78/><T47/><D46/><U63/><E68/><V61/><F61/><W21/><G77/><T128/><D128/><U0/><E0/><V65/><F65/><W36/><G36/><T42/><REACH who="0" step="1"/><D93/><REACH who="0" ten="240,250,250,250" step="2"/><U80/><E58/><V37/><F116/><W96/><REACH who="3" step="1"/><G59/><REACH who="3" ten="240,250,250,240" step="2"/><T124/><D124/><U2/><E125/><V66/><F126/><W25/><AGARI ba="0,2" hai="4,9,12,16,21,25,45,49,53,96,101,106,108,109" machi="25" ten="30,12000,2" yaku="1,1,2,1,0,1,52,1,54,1,53,1" doraHai="102" doraHaiUra="94" who="3" fromWho="3" sc="240,-60,250,-30,250,-30,240,140" /><INIT seed="1,0,0,1,4,81" ten="180,220,220,380" oya="1" hai0="75,24,41,89,127,63,104,57,60,72,108,15,100" hai1="95,132,23,44,68,61,123,40,19,109,122,131,34" hai2="129,85,87,128,126,55,49,38,43,39,59,80,3" hai3="99,83,7,62,47,74,17,119,125,2,21,67,113"/><U118/><E34/><V13/><F3/><W64/><G113/><T105/><D41/><U28/><E28/><V66/><F126/><W56/><G125/><T11/><D127/><U20/><E118/><V30/><F30/><W46/><G119/><T93/><D24/><U96/><E131/><N who="2" m="50251" /><F66/><W36/><G67/><T73/><D100/><U106/><E23/><V32/><F32/><W114/><G114/><T115/><D108/><U78/><E106/><V71/><F71/><W112/><G112/><T101/><D101/><U120/><E68/><V26/><F26/><W10/><G36/><N who="2" m="13865" /><F49/><W107/><G107/><T27/><D27/><U79/><E61/><N who="2" m="36095" /><F80/><W8/><G8/><T94/><D115/><U45/><E109/><V12/><F43/><W117/><G117/><T4/><D63/><U76/><E40/><V77/><F77/><W86/><G99/><T65/><REACH who="0" step="1"/><D94/><REACH who="0" ten="170,220,220,380" step="2"/><U110/><E110/><V90/><F90/><W42/><G42/><T58/><D58/><U22/><E123/><V29/><F29/><W134/><G56/><T37/><D37/><U111/><E111/><V18/><F13/><W14/><G62/><T6/><D6/><U16/><E122/><V124/><F124/><W5/><G7/><T121/><D121/><U53/><E120/><V0/><F0/><W52/><G2/><T51/><D51/><U102/><E95/><V1/><F1/><W31/><G5/><T70/><D70/><U116/><E116/><V54/><F54/><W84/><G52/><T130/><D130/><U98/><E53/><V50/><F50/><W82/><G31/><RYUUKYOKU ba="0,1" sc="170,15,220,-15,220,15,380,-15" hai0="4,11,15,57,60,65,72,73,75,89,93,104,105" hai2="12,18,85,87" /><INIT seed="2,1,1,2,5,90" ten="185,205,235,365" oya="2" hai0="135,33,81,36,27,45,88,111,61,48,70,104,116" hai1="44,134,84,9,132,108,75,102,28,62,87,14,105" hai2="68,3,103,64,30,86,26,113,115,54,69,66,121" hai3="94,56,133,11,99,46,85,71,51,2,106,6,124"/><V43/><F3/><W79/><G71/><T112/><D88/><U50/><E75/><V76/><F121/><W78/><G124/><T41/><D27/><U40/><E28/><V109/><F103/><W122/><G122/><T31/><D81/><U18/><E108/><V60/><F109/><W37/><G133/><N who="1" m="51306" /><E102/><V53/><F76/><W110/><G110/><T127/><D31/><U65/><E105/><V32/><F86/><W0/><G0/><T129/><D48/><U10/><E9/><V52/><REACH who="2" step="1"/><F43/><REACH who="2" ten="185,205,225,365" step="2"/><W20/><G2/><T131/><D41/><U100/><E100/><V17/><F17/><W73/><G79/><T128/><D131/><U98/><E98/><V8/><F8/><W42/><G99/><T49/><D129/><U117/><E117/><V25/><F25/><W96/><G42/><T19/><D19/><U47/><E44/><V130/><F130/><W67/><G46/><T34/><D45/><U74/><E74/><V95/><F95/><W38/><G73/><T118/><D116/><U92/><E92/><V120/><F120/><W13/><G94/><T15/><D135/><U107/><E107/><V24/><F24/><W55/><G11/><T59/><D118/><U123/><E123/><V80/><F80/><W126/><G106/><T77/><D104/><U22/><E22/><V101/><F101/><W93/><G20/><T125/><D128/><U63/><E87/><V82/><F82/><W91/><G85/><T5/><D111/><U119/><E119/><V29/><F29/><W97/><G93/><T16/><D125/><U72/><E72/><RYUUKYOKU ba="1,2" sc="185,-10,205,-10,225,30,365,-10" hai2="26,30,32,52,53,54,60,64,66,68,69,113,115" /><INIT seed="2,2,2,2,3,88" ten="175,195,255,355" oya="2" hai0="86,130,114,68,39,52,97,79,72,35,32,61,48" hai1="125,102,106,12,78,8,115,31,21,11,22,1,47" hai2="51,105,50,99,71,63,34,73,123,77,116,92,23" hai3="7,59,119,14,74,132,133,103,66,2,19,0,28"/><V3/><F123/><W96/><G74/><T62/><D114/><U17/><E78/><V117/><F34/><W27/><G119/><T6/><D39/><U36/><E102/><V15/><F105/><W134/><G66/><T80/><D130/><U94/><E106/><V41/><F3/><W83/><G59/><T56/><D6/><N who="1" m="1103" /><E94/><V43/><F77/><W49/><G83/><T33/><D68/><U57/><E57/><V37/><F73/><W121/><G49/><T9/><D9/><U4/><E47/><V118/><F37/><W129/><G7/><T16/><D72/><U87/><E87/><V38/><F38/><W124/><G121/><T46/><D16/><N who="1" m="10375" /><E36/><V55/><F71/><W26/><G129/><T135/><D135/><U70/><E70/><V104/><F104/><W75/><G75/><T84/><D86/><U64/><E64/><V120/><F120/><W107/><G134/><T25/><D25/><N who="1" m="14543" /><E115/><V53/><F116/><W108/><G133/><T82/><D80/><U110/><E31/><V112/><F112/><W91/><G28/><T126/><D126/><U131/><E131/><V10/><F117/><W42/><G124/><T93/><REACH who="0" step="1"/><D46/><REACH who="0" ten="165,195,255,355" step="2"/><U81/><E81/><V109/><F118/><W95/><G132/><T100/><AGARI ba="2,3" hai="32,33,35,48,52,56,61,62,79,82,84,93,97,100" machi="100" ten="30,8000,1" yaku="1,1,2,1,0,1,52,1,54,1,53,0" doraHai="88" doraHaiUra="69" who="0" fromWho="0" sc="165,116,195,-22,255,-42,355,-22" /><INIT seed="3,0,0,0,2,16" ten="281,173,213,333" oya="3" hai0="78,104,26,15,77,93,8,112,1,46,32,118,105" hai1="64,102,41,73,24,82,13,119,5,110,91,38,72" hai2="34,133,88,14,48,135,120,121,68,129,6,122,134" hai3="128,45,132,19,95,3,107,43,52,131,60,53,126"/><W100/><G107/><T83/><D118/><U62/><E119/><V28/><F68/><W111/><G126/><T80/><D1/><U97/><E110/><V4/><F129/><N who="3" m="49739" /><G132/><T79/><D104/><U106/><E41/><V22/><F48/><N who="3" m="26687" /><G3/><T57/><D105/><U61/><E62/><V58/><F58/><W81/><G111/><T37/><D112/><U116/><E38/><V86/><F34/><W103/><G81/><T67/><D93/><U11/><E116/><V75/><F75/><W114/><G114/><T56/><D80/><U94/><E82/><N who="2" m="49239" /><F14/><W74/><G74/><T89/><D15/><U54/><E54/><N who="3" m="21098" /><G60/><T87/><D83/><U130/><E130/><V125/><F125/><W42/><G42/><T51/><D77/><U123/><E106/><V20/><F28/><W108/><G108/><T47/><D78/><U127/><E127/><V10/><F10/><W69/><G69/><T23/><D8/><U0/><E0/><V90/><F90/><W117/><G117/><T33/><D89/><U113/><E113/><V21/><AGARI ba="0,0" hai="4,6,20,21,22,120,121,122,133,134,135" m="49239" machi="21" ten="50,16000,3" yaku="29,2,13,1,20,1,52,3,54,1" doraHai="16" who="2" fromWho="2" sc="281,-40,173,-40,213,160,333,-80" /><INIT seed="4,0,0,3,2,110" ten="241,133,373,253" oya="0" hai0="32,35,6,25,61,81,54,48,87,13,129,92,34" hai1="28,42,108,0,52,73,107,90,127,3,133,7,98" hai2="26,70,97,111,69,11,51,66,109,122,113,58,135" hai3="130,60,123,91,55,16,83,59,31,45,100,88,38"/><T93/><D61/><U119/><E28/><V18/><F122/><W47/><G31/><T74/><D74/><U132/><E42/><V117/><F117/><W24/><G130/><T40/><D40/><U65/><E65/><V106/><F135/><W62/><G123/><T17/><D25/><U86/><E73/><V67/><F106/><W80/><G100/><T78/><D6/><U50/><E108/><V63/><F97/><W19/><G38/><T30/><D30/><U82/><E119/><V10/><F26/><W89/><G24/><T116/><D129/><U134/><E127/><V23/><F23/><W95/><G95/><T33/><N who="0" m="8192" /><DORA hai="99" /><T131/><D131/><U56/><REACH who="1" step="1"/><E7/><REACH who="1" ten="241,123,373,253" step="2"/><V22/><F67/><W94/><G55/><T43/><D116/><U112/><E112/><V20/><F113/><W12/><G19/><T77/><D43/><U76/><E76/><V84/><F66/><W39/><G16/><T125/><D77/><U46/><E46/><V64/><F64/><W14/><G47/><T36/><D125/><U9/><E9/><V53/><F18/><W44/><G45/><T101/><D36/><U120/><E120/><V114/><F114/><W5/><G44/><T79/><D78/><U102/><AGARI ba="0,1" hai="0,3,50,52,56,82,86,90,98,102,107,132,133,134" machi="102" ten="40,16000,3" yaku="1,1,0,1,20,1,52,1,54,1,53,3" doraHai="110,99" doraHaiUra="57,128" who="1" fromWho="1" sc="241,-80,123,170,373,-40,253,-40" /><INIT seed="5,0,0,0,0,16" ten="161,293,333,213" oya="1" hai0="110,38,80,88,51,135,127,75,15,118,108,119,52" hai1="60,130,63,117,112,12,104,2,105,79,114,5,115" hai2="54,24,49,26,97,107,58,65,77,50,124,40,71" hai3="10,6,116,83,39,31,46,92,129,37,17,7,101"/><U8/><E117/><N who="0" m="44553" /><D15/><U93/><E79/><V33/><F124/><W132/><G116/><T82/><D38/><U53/><E130/><V61/><F77/><W78/><G129/><T133/><D127/><U128/><E128/><V86/><F86/><W64/><G64/><T100/><D100/><U20/><E93/><V23/><F40/><W4/><G31/><T25/><D25/><U28/><E53/><V27/><F50/><W47/><G39/><T62/><D62/><N who="1" m="23595" /><E12/><V36/><F36/><W19/><G37/><T74/><D52/><U111/><E111/><N who="0" m="42537" /><D51/><U126/><E126/><V99/><F33/><W66/><G66/><T44/><D44/><U103/><E103/><V68/><F68/><W30/><G101/><T91/><D80/><U121/><E121/><V123/><F123/><W18/><G83/><T120/><D120/><U67/><E67/><V43/><F43/><W87/><G47/><T109/><N who="0" m="42545" /><T9/><DORA hai="113" /><D9/><U94/><E94/><V59/><F107/><W106/><G106/><T89/><D82/><U45/><E45/><V72/><F72/><AGARI ba="0,0" hai="72,74,75,88,89,91,133,135" m="42545,44553" machi="72" ten="50,16000,3" yaku="28,2,34,2,52,3,54,1" doraHai="16,113" who="0" fromWho="2" sc="161,160,293,0,333,-160,213,0" /><INIT seed="6,0,0,4,3,54" ten="321,293,173,213" oya="2" hai0="35,42,101,117,51,2,43,80,21,67,16,108,78" hai1="6,71,26,37,115,68,38,107,82,70,109,31,7" hai2="83,96,100,125,91,44,58,124,123,56,116,20,105" hai3="90,134,60,87,112,59,130,49,63,24,121,48,75"/><V17/><F123/><W119/><G75/><T92/><D108/><U88/><E109/><V8/><F116/><W95/><G121/><T127/><D35/><U25/><E107/><V77/><F44/><W104/><G104/><T129/><D2/><U72/><E115/><V66/><F8/><W0/><G0/><T76/><D117/><U19/><E19/><V128/><F91/><W84/><G119/><T4/><D4/><U97/><E72/><N who="2" m="43431" /><F66/><W27/><G112/><T14/><D76/><U103/><E26/><N who="2" m="14607" /><F128/><W79/><G79/><T34/><D34/><U122/><E122/><V41/><F41/><W50/><G130/><T126/><D129/><U15/><E15/><V18/><F18/><W135/><G87/><N who="0" m="48535" /><D67/><U62/><E38/><V12/><F12/><W114/><G114/><T11/><D11/><U98/><E37/><V65/><F65/><N who="3" m="39071" /><G63/><T64/><D64/><U110/><E62/><V45/><F45/><W132/><AGARI ba="0,0" hai="24,27,48,49,50,84,90,95,132,134,135" m="39071" machi="132" ten="40,2700,0" yaku="20,1,52,1" doraHai="54" who="3" fromWho="3" sc="321,-7,293,-7,173,-13,213,27" /><INIT seed="7,0,0,3,4,131" ten="314,286,160,240" oya="3" hai0="87,30,86,130,60,117,58,78,4,124,109,90,68" hai1="3,57,135,33,52,96,24,12,56,67,95,48,18" hai2="13,88,53,2,73,93,119,7,121,64,49,91,31" hai3="92,17,97,103,27,127,61,29,85,32,35,0,36"/><W101/><G36/><T100/><D109/><U21/><E3/><V79/><F119/><W69/><G35/><T54/><D117/><U106/><E106/><V51/><F121/><W81/><G127/><T83/><D124/><U72/><E72/><V46/><F2/><W102/><G0/><T107/><D130/><U105/><E105/><V125/><F125/><W66/><REACH who="3" step="1"/><G17/><REACH who="3" ten="314,286,160,230" step="2"/><T126/><D126/><U122/><E122/><V104/><F104/><W129/><G129/><T115/><D30/><U77/><E33/><V110/><F110/><W8/><G8/><T34/><D34/><U47/><E77/><AGARI ba="0,1" hai="27,29,32,61,66,69,77,81,85,92,97,101,102,103" machi="77" ten="30,2900,0" yaku="1,1,7,1,53,0" doraHai="131" doraHaiUra="37" who="3" fromWho="1" sc="314,0,286,-29,160,0,230,39" /><INIT seed="7,1,0,5,4,37" ten="314,257,160,269" oya="3" hai0="35,80,50,46,36,117,128,112,111,33,76,115,125" hai1="62,95,51,31,113,83,68,66,5,56,40,96,54" hai2="63,103,123,45,6,124,67,126,53,42,78,44,89" hai3="133,49,1,15,19,93,86,27,91,90,104,102,32"/><W72/><G1/><T52/><D111/><U17/><E113/><N who="0" m="43593" /><D117/><U82/><E5/><V3/><F78/><W132/><G72/><N who="0" m="43015" /><D128/><U131/><E131/><V14/><F103/><W121/><G121/><T16/><D125/><N who="2" m="48234" /><F3/><W18/><G91/><T61/><D36/><U10/><E31/><V134/><F123/><W59/><G32/><N who="0" m="12363" /><D16/><U69/><E69/><N who="2" m="42239" /><F89/><W12/><G15/><T73/><D73/><U55/><E17/><V47/><F134/><N who="3" m="51819" /><G27/><T81/><D81/><U28/><E10/><N who="2" m="4439" /><F53/><N who="3" m="32175" /><G12/><T24/><D24/><U94/><E28/><V107/><F107/><W41/><G104/><T8/><D61/><U114/><E95/><V74/><F74/><W110/><G102/><T13/><D13/><U11/><E114/><V23/><F23/><W100/><G100/><T20/><D20/><U70/><E70/><V120/><F120/><W135/><G135/><T64/><D64/><U57/><E11/><AGARI ba="1,0" hai="8,11,46,50,52" m="12363,43015,43593" machi="11" ten="30,3900,0" yaku="15,1,11,1,54,1" doraHai="37" who="0" fromWho="1" sc="314,42,257,-42,160,0,269,0" owari="356,45.0,215,-18.0,160,-34.0,269,7.0" /></mjloggm>