<mjloggm ver="2.3"><GO type="97" lobby="0"/><UN n0="%E3%81%82%E3%81%A4%E3%81%93%31%30%31%30" n1="%6B%6F%79%6F%35%31%33" n2="%E8%8D%BB%E7%94%9F%E4%BA%BA" n3="%E5%B0%B1%E6%B4%BB%E7%94%9F%40%E5%B7%9D%E6%9D%91%E8%BB%8D%E5%9B%A3" dan="13,14,15,14" rate="1872.84,1860.69,1957.37,1978.03" sx="F,M,M,M"/><TAIKYOKU oya="0"/><INIT seed="0,0,0,0,2,21" ten="250,250,250,250" oya="0" hai0="46,77,84,73,86,57,27,38,105,18,43,116,56" hai1="11,68,49,64,42,12,135,123,133,71,94,93,103" hai2="51,91,114,128,75,101,0,106,81,98,14,28,89" hai3="83,44,92,63,17,120,72,132,48,78,50,19,88"/><T129/><D105/><U40/><E123/><V60/><F0/><W130/><G120/><T67/><D116/><U10/><E103/><V125/><F60/><W115/><G115/><T80/><D129/><U3/><E64/><V111/><F28/><W32/><G32/><T16/><D67/><U99/><E99/><V113/><F51/><W2/><G2/><T134/><D134/><U82/><E3/><V20/><F20/><W24/><G130/><T69/><D69/><U96/><E96/><V41/><F41/><W34/><G132/><T4/><D4/><U55/><E82/><V6/><F14/><W90/><G63/><T5/><D5/><U66/><E66/><V65/><F6/><W104/><G104/><T108/><D108/><U85/><E85/><V26/><F65/><W7/><G7/><T22/><REACH who="0" step="1"/><D18/><REACH who="0" ten="240,250,250,250" step="2"/><U53/><E49/><V62/><F111/><W122/><G50/><T102/><D102/><U74/><E74/><V110/><F110/><W59/><G122/><T126/><D126/><U70/><E68/><V31/><F125/><W95/><G48/><T79/><D79/><U8/><E133/><V121/><F121/><W52/><G78/><T54/><D54/><U33/><E135/><V58/><F128/><W76/><G76/><T87/><AGARI ba="0,1" hai="16,22,27,38,43,46,56,57,73,77,80,84,86,87" machi="87" ten="30,11700,0" yaku="1,1,0,1,52,1,54,1,53,0" doraHai="21" doraHaiUra="35" who="0" fromWho="0" sc="240,127,250,-39,250,-39,250,-39" /><INIT seed="0,1,0,0,2,73" ten="367,211,211,211" oya="0" hai0="19,12,124,51,95,94,7,87,29,0,58,13,121" hai1="11,115,81,34,92,114,84,135,64,9,102,40,68" hai2="54,25,10,116,44,50,15,85,8,42,33,129,118" hai3="43,24,108,17,91,26,128,38,70,14,30,96,109"/><T117/><D117/><N who="2" m="45162" /><F129/><W57/><G70/><T2/><D29/><U120/><E34/><V61/><F85/><W132/><G38/><T60/><D121/><U98/><E120/><V1/><F1/><W18/><G43/><T32/><D32/><U45/><E135/><V104/><F104/><W31/><G57/><T130/><D2/><U72/><E72/><V107/><F107/><W37/><G37/><T79/><D0/><U46/><E64/><V5/><F10/><W127/><G91/><T62/><D130/><U55/><E68/><V28/><F61/><W66/><G96/><T65/><D62/><U90/><E55/><AGARI ba="1,0" hai="5,8,15,25,28,33,42,44,50,54,55" m="45162" machi="55" ten="30,1000,0" yaku="12,1" doraHai="73" who="2" fromWho="1" sc="367,0,211,-13,211,13,211,0" /><INIT seed="1,0,0,4,2,115" ten="367,198,224,211" oya="1" hai0="60,66,82,30,114,20,101,75,58,87,0,3,17" hai1="108,110,99,84,53,72,8,16,107,29,81,61,94" hai2="128,25,80,12,104,6,92,102,85,117,105,48,9" hai3="91,121,7,56,130,21,123,131,95,39,79,19,46"/><U15/><E29/><V63/><F117/><W76/><G39/><T10/><D75/><U49/><E72/><V83/><F128/><N who="3" m="49195" /><G46/><T86/><D101/><U51/><E107/><V71/><F48/><W106/><G106/><T127/><D114/><U133/><E133/><V116/><F116/><W112/><G7/><T96/><D30/><U125/><E125/><V27/><F104/><W37/><G37/><T33/><D33/><U47/><E61/><V111/><F111/><W42/><G42/><T73/><D96/><U34/><E34/><V44/><F44/><W98/><G56/><T62/><D73/><U78/><REACH who="1" step="1"/><E51/><REACH who="1" ten="367,188,224,211" step="2"/><V31/><F31/><W45/><G112/><T57/><D127/><U59/><E59/><V68/><F105/><W122/><G45/><T77/><D58/><U52/><E52/><V100/><F63/><W109/><G109/><T23/><D62/><U35/><E35/><V2/><F71/><W55/><G55/><T90/><D57/><U43/><E43/><V129/><F68/><W70/><G70/><T26/><D60/><U124/><E124/><V69/><F69/><W4/><G4/><T126/><D66/><U65/><E65/><V5/><F5/><W54/><G54/><T67/><D67/><U132/><E132/><V134/><F134/><W40/><G40/><T103/><D126/><U93/><E93/><V1/><F92/><W88/><G121/><T41/><D41/><U50/><E50/><V135/><F135/><W11/><G122/><T14/><D82/><U97/><E97/><V22/><F83/><W64/><G123/><RYUUKYOKU ba="0,1" sc="367,-10,188,30,224,-10,211,-10" hai1="8,15,16,47,49,53,78,81,84,94,99,108,110" /><INIT seed="1,1,1,0,1,74" ten="357,218,214,201" oya="1" hai0="115,44,98,35,17,36,76,92,118,19,25,109,34" hai1="119,97,55,10,131,49,66,80,33,18,125,46,116" hai2="51,108,122,81,127,99,53,86,61,65,110,50,57" hai3="95,132,64,87,26,15,41,3,88,45,0,117,40"/><U106/><E33/><V90/><F122/><W6/><G117/><T68/><D68/><U7/><E131/><V67/><F127/><W100/><G132/><T60/><D118/><U62/><E125/><V43/><F99/><N who="3" m="59519" /><G3/><T133/><D115/><U56/><E106/><V71/><F65/><W13/><G0/><T20/><D133/><U42/><E97/><V111/><F43/><N who="3" m="16459" /><G45/><T129/><D129/><U134/><E134/><V69/><REACH who="2" step="1"/><F50/><REACH who="2" ten="357,218,204,201" step="2"/><W11/><G64/><T16/><D36/><U70/><E18/><V37/><F37/><W85/><G26/><T93/><D16/><U30/><E30/><V63/><F63/><W78/><G15/><T123/><D17/><U84/><E7/><V102/><F102/><W107/><G107/><T91/><D60/><U59/><E59/><AGARI ba="1,2" hai="51,53,57,59,61,67,69,71,81,86,90,108,110,111" machi="59" ten="40,2600,0" yaku="1,1,14,1,53,0" doraHai="74" doraHaiUra="103" who="2" fromWho="1" sc="357,0,218,-29,204,49,201,0" /><INIT seed="2,0,0,2,0,46" ten="357,189,253,201" oya="2" hai0="89,95,32,98,71,62,13,35,130,91,88,73,128" hai1="78,115,44,129,41,36,81,114,93,100,51,90,31" hai2="79,80,10,82,38,29,15,112,117,60,108,122,18" hai3="33,55,45,27,103,70,113,43,26,17,118,11,87"/><V65/><F117/><W111/><G118/><T23/><D73/><U68/><E68/><V50/><F112/><W53/><G113/><T69/><D62/><U125/><E129/><N who="0" m="49769" /><D13/><U74/><E125/><V132/><F38/><W59/><G70/><N who="0" m="26635" /><D23/><U76/><E31/><V63/><F122/><W126/><G126/><T127/><D127/><U3/><E3/><V72/><F132/><W14/><G111/><T124/><D124/><U134/><E134/><V2/><F2/><W57/><G33/><AGARI ba="0,0" hai="32,33,35,88,89,91,95,98" m="26635,49769" machi="33" ten="40,2600,0" yaku="19,1,54,1" doraHai="46" who="0" fromWho="3" sc="357,26,189,0,253,0,201,-26" /><INIT seed="3,0,0,1,1,8" ten="383,189,253,175" oya="3" hai0="93,89,132,75,27,126,54,82,106,113,122,9,84" hai1="56,72,62,68,95,34,69,51,57,44,94,101,103" hai2="74,14,116,11,35,49,50,70,97,38,105,45,118" hai3="7,127,61,30,13,102,87,96,23,47,60,81,58"/><W41/><G127/><T91/><D106/><U104/><E72/><V78/><F70/><W21/><G30/><T99/><D75/><U39/><E34/><V123/><F35/><W65/><G60/><T92/><D126/><U121/><E121/><V86/><F38/><W85/><G85/><T112/><D122/><U90/><E39/><V77/><F74/><W88/><G7/><T83/><D9/><U130/><E130/><V117/><F50/><W71/><G71/><T111/><D27/><U119/><E119/><V59/><F59/><W80/><G80/><N who="0" m="30763" /><D54/><U114/><E114/><N who="0" m="44137" /><D111/><U37/><E68/><V31/><F86/><W64/><G64/><T128/><D128/><U3/><E69/><V2/><F2/><W134/><G134/><AGARI ba="0,0" hai="84,89,91,92,93,99,132,134" m="44137,30763" machi="134" ten="30,3900,0" yaku="11,1,34,2" doraHai="8" who="0" fromWho="3" sc="383,39,189,0,253,0,175,-39" owari="422,52.0,189,-21.0,253,5.0,136,-36.0" /></mjloggm>