<mjloggm ver="2.3"><GO type="97" lobby="0"/><UN n0="%67%65%6D%73" n1="%E3%83%88%E3%83%88%E3%83%AA%E5%85%88%E7%94%9F%31%39%E6%AD%B3" n2="%6B%61%73%75%67%65%2D" n3="%E6%99%82%E5%9C%8B" dan="13,15,14,15" rate="1866.80,2032.58,1925.56,1940.89" sx="F,F,M,M"/><TAIKYOKU oya="0"/><INIT seed="0,0,0,3,4,30" ten="250,250,250,250" oya="0" hai0="103,133,61,5,112,121,35,63,129,88,93,75,120" hai1="85,45,0,12,56,81,73,114,87,119,89,38,44" hai2="123,74,90,113,52,57,37,101,68,107,105,131,91" hai3="124,98,42,130,72,97,39,23,53,19,77,115,86"/><T102/><D112/><U10/><E119/><V47/><F113/><W29/><G115/><T25/><D75/><U11/><E114/><V13/><F123/><W126/><G29/><T132/><D5/><U26/><E73/><V92/><F68/><W104/><G130/><T99/><D129/><U69/><E69/><V46/><F74/><W2/><G2/><T134/><D61/><U9/><E0/><V67/><F67/><W24/><G53/><T17/><D63/><U70/><E70/><V66/><F66/><W71/><G71/><T3/><D3/><U55/><E38/><V118/><F118/><W95/><G42/><T41/><D41/><U111/><E111/><V106/><F131/><W33/><G39/><T27/><D17/><U83/><E26/><N who="0" m="9737" /><D35/><U32/><E12/><V40/><F13/><W8/><G8/><T128/><D128/><U65/><E65/><V117/><F117/><W36/><G33/><T50/><D50/><N who="1" m="30839" /><E32/><V108/><F108/><W110/><G72/><T96/><D103/><U28/><E28/><V58/><F40/><W127/><G36/><T54/><D54/><U43/><E43/><V51/><F37/><W18/><G110/><T76/><D76/><AGARI ba="0,0" hai="9,10,11,44,45,76,81,83,85,87,89" m="30839" machi="76" ten="30,1000,0" yaku="8,1" doraHai="30" who="1" fromWho="0" sc="250,-10,250,10,250,0,250,0" /><INIT seed="1,0,0,3,1,26" ten="240,260,250,250" oya="1" hai0="114,79,43,55,90,17,129,130,88,87,103,83,100" hai1="34,7,64,28,63,9,86,71,57,85,98,20,72" hai2="38,16,119,1,56,123,13,78,14,67,65,19,49" hai3="135,91,53,6,118,73,11,77,15,124,50,10,111"/><U104/><E72/><V113/><F123/><W76/><G118/><T45/><D114/><U112/><E112/><V107/><F119/><W101/><G135/><T115/><D115/><U110/><E110/><V21/><F107/><W92/><G111/><T31/><D17/><U125/><E125/><V32/><F32/><W80/><G124/><T40/><D55/><U109/><E109/><V131/><F38/><W105/><G10/><T128/><D45/><U62/><E20/><V5/><F113/><W23/><G77/><T132/><D132/><U51/><E51/><V69/><F69/><W59/><G23/><T12/><D12/><U30/><E104/><V74/><F131/><W44/><G105/><T120/><D120/><U39/><E39/><V122/><F5/><W48/><G101/><N who="0" m="38987" /><D43/><U18/><E98/><V22/><F1/><W117/><G117/><T68/><D40/><U37/><E18/><V108/><F108/><W33/><G33/><T61/><D61/><U102/><E102/><V35/><F35/><W97/><G44/><T66/><D66/><U36/><E36/><V27/><F122/><W2/><REACH who="3" step="1"/><G48/><REACH who="3" ten="240,260,250,240" step="2"/><T24/><D68/><U4/><E37/><V42/><F22/><AGARI ba="0,1" hai="22,24,31,79,83,87,88,90,128,129,130" m="38987" machi="22" ten="30,3900,0" yaku="19,1,52,1,54,1" doraHai="26" who="0" fromWho="2" sc="240,49,260,0,250,-39,240,0" /><INIT seed="2,0,0,1,5,112" ten="289,260,211,240" oya="2" hai0="124,123,43,15,66,118,115,110,109,5,55,44,104" hai1="130,53,87,73,82,63,106,134,93,125,129,3,29" hai2="30,127,132,34,88,45,40,52,99,1,126,133,105" hai3="32,49,131,2,80,78,64,103,6,13,56,58,121"/><V97/><F1/><W77/><G121/><T71/><D104/><U17/><E106/><V69/><F69/><W102/><G32/><T86/><D86/><U122/><E3/><V101/><F34/><W54/><G2/><T100/><D100/><N who="3" m="38441" /><G131/><T24/><D24/><U72/><E122/><V28/><F40/><W117/><G117/><T7/><D15/><U79/><E134/><N who="2" m="51819" /><F127/><W128/><G128/><N who="1" m="49258" /><E125/><V95/><F126/><W60/><G80/><T59/><D7/><U37/><E37/><V0/><F0/><W65/><G65/><T120/><D5/><U41/><E41/><V18/><F18/><W22/><G22/><T25/><D25/><U27/><E17/><V19/><F19/><W12/><G6/><T62/><D124/><U114/><E114/><V42/><F42/><W84/><G84/><T11/><D11/><U67/><E53/><V20/><F20/><W48/><G48/><AGARI ba="0,0" hai="28,30,45,48,52,88,95,97,99,101,105" m="51819" machi="48" ten="30,5800,0" yaku="20,1,54,2" doraHai="112" who="2" fromWho="3" sc="289,0,260,0,211,58,240,-58" /><INIT seed="2,1,0,3,1,48" ten="289,260,269,182" oya="2" hai0="78,101,97,87,24,123,22,69,90,52,100,70,117" hai1="50,8,112,76,31,5,95,103,99,114,98,45,49" hai2="28,58,107,86,13,115,61,18,119,39,135,29,94" hai3="42,113,60,91,131,57,132,116,26,38,27,79,73"/><V41/><F119/><W34/><G116/><T40/><D123/><U36/><E36/><V63/><F107/><W71/><G113/><T89/><D117/><U128/><E128/><V85/><F115/><W53/><G131/><T32/><D32/><U106/><E49/><V118/><F118/><W20/><G132/><T108/><D40/><U51/><E50/><V92/><F135/><W126/><G126/><T82/><D108/><U46/><E31/><N who="2" m="11851" /><F41/><W88/><G34/><T12/><D70/><U54/><E76/><V130/><F39/><W35/><G35/><T75/><D69/><U102/><REACH who="1" step="1"/><E45/><REACH who="1" ten="289,250,269,182" step="2"/><V77/><F130/><W0/><G38/><T133/><D133/><U3/><AGARI ba="1,1" hai="3,5,8,46,51,54,95,98,99,102,103,106,112,114" machi="3" ten="20,8000,1" yaku="1,1,2,1,0,1,7,1,52,1,53,0" doraHai="48" doraHaiUra="81" who="1" fromWho="1" sc="289,-21,250,93,269,-41,182,-21" /><INIT seed="3,0,0,3,2,54" ten="268,343,228,161" oya="3" hai0="74,33,98,104,40,10,63,16,69,99,132,107,5" hai1="39,38,93,9,30,116,111,46,37,13,128,50,91" hai2="122,75,31,4,17,3,88,135,70,127,15,32,66" hai3="76,126,67,61,106,100,105,85,125,81,20,58,29"/><W72/><G72/><T11/><D33/><U42/><E111/><V12/><F75/><W71/><G71/><T45/><D74/><U102/><E128/><V57/><F70/><W108/><G108/><T115/><D115/><U0/><E116/><V97/><F135/><W44/><G44/><T83/><D132/><U59/><E0/><V28/><F127/><N who="3" m="48651" /><G100/><T47/><D83/><U26/><E102/><V24/><F31/><W133/><G133/><T103/><D69/><U95/><E59/><V124/><F124/><W1/><G1/><T14/><D63/><U114/><E114/><V123/><F12/><W134/><G134/><T68/><D68/><U48/><E48/><V118/><F118/><W110/><G110/><T121/><D121/><U60/><E60/><V79/><F123/><W8/><G8/><T55/><D55/><U130/><E130/><V120/><F120/><W92/><G92/><T53/><D53/><U96/><E93/><V52/><F3/><W56/><G56/><T78/><D78/><U64/><E64/><V41/><F79/><W119/><G119/><T131/><D131/><U90/><E90/><V51/><F66/><W94/><G94/><T49/><D47/><U7/><E39/><V89/><F122/><W80/><G80/><T112/><D112/><U113/><E113/><V35/><F89/><W23/><G29/><T18/><D11/><U117/><E117/><V129/><F28/><W65/><G65/><T43/><REACH who="0" step="1"/><D43/><REACH who="0" ten="258,343,228,161" step="2"/><U25/><E46/><N who="2" m="26063" /><F129/><W109/><G109/><T34/><D34/><U6/><E42/><V36/><F35/><RYUUKYOKU ba="0,1" sc="258,15,343,-15,228,-15,161,15" hai0="5,10,14,16,18,40,45,49,98,99,103,104,107" hai3="20,23,58,61,67,76,81,85,105,106" /><INIT seed="3,1,1,4,2,62" ten="273,328,213,176" oya="3" hai0="129,92,23,52,70,103,96,97,130,20,16,86,26" hai1="40,42,134,69,64,25,67,63,84,101,57,15,127" hai2="126,50,10,135,17,111,68,133,75,119,34,36,7" hai3="29,1,18,59,112,4,45,54,24,28,49,37,121"/><W72/><G121/><T107/><D70/><U43/><E134/><V95/><F119/><W35/><G112/><T46/><D86/><U60/><E127/><V109/><F75/><W21/><G72/><T38/><D38/><U44/><E101/><V77/><F77/><W88/><G29/><T81/><D81/><U55/><E84/><V31/><F36/><W33/><G33/><T91/><REACH who="0" step="1"/><D23/><REACH who="0" ten="263,328,213,176" step="2"/><U19/><E25/><V14/><F68/><W105/><G105/><T102/><D102/><U5/><E5/><V125/><F111/><W87/><G37/><T3/><D3/><U98/><E98/><V131/><F109/><W110/><G110/><T30/><D30/><U93/><E93/><V73/><F95/><N who="3" m="54687" /><G35/><T80/><D80/><U41/><E15/><V51/><F73/><W13/><G1/><T128/><D128/><U114/><E19/><V58/><F17/><W8/><G4/><T116/><D116/><U12/><E12/><V32/><F34/><W6/><G6/><T47/><D47/><AGARI ba="1,2" hai="8,13,18,21,24,28,45,47,49,54,59" m="54687" machi="47" ten="30,2900,0" yaku="8,1,54,1" doraHai="62" who="3" fromWho="0" sc="263,-32,328,0,213,0,176,52" /><INIT seed="3,2,0,4,1,35" ten="231,328,213,228" oya="3" hai0="40,94,120,68,106,0,36,83,21,95,107,29,59" hai1="38,19,115,126,66,69,30,16,129,99,78,8,58" hai2="111,18,91,93,113,100,26,86,75,13,41,20,87" hai3="17,71,27,49,61,103,9,43,114,109,45,121,101"/><W85/><G114/><T10/><D120/><U110/><E115/><V7/><F113/><W53/><G121/><T124/><D68/><U72/><E38/><V1/><F75/><W65/><G109/><T88/><D124/><U97/><E69/><V23/><F111/><W119/><G119/><T118/><D118/><U47/><E110/><V92/><F41/><W98/><G85/><T125/><D125/><U135/><E126/><V73/><F73/><W31/><G9/><T128/><D128/><U80/><E129/><V79/><F79/><W48/><G17/><T134/><D134/><U122/><E122/><V3/><F7/><W28/><G28/><T51/><D36/><U77/><E135/><V34/><F34/><W2/><G2/><T123/><D123/><U52/><E30/><V14/><F14/><W42/><G49/><T22/><D107/><U46/><E66/><V104/><F104/><N who="3" m="63543" /><G103/><T64/><D106/><U89/><E72/><V112/><F112/><W56/><G45/><N who="1" m="16906" /><E97/><V25/><F100/><W54/><G54/><T70/><D70/><U117/><E117/><V127/><F127/><W74/><G74/><T12/><D0/><U116/><E116/><V57/><F13/><W96/><G96/><T6/><D29/><U62/><E8/><V5/><F5/><W81/><G81/><T55/><D40/><U76/><E80/><V105/><F105/><W44/><G44/><T50/><D64/><U130/><E130/><V39/><F39/><W33/><AGARI ba="2,0" hai="27,31,33,42,43,48,53,56,61,65,71" m="63543" machi="33" ten="30,1500,0" yaku="25,1" doraHai="35" who="3" fromWho="3" sc="231,-7,328,-7,213,-7,228,21" /><INIT seed="3,3,0,1,5,71" ten="224,321,206,249" oya="3" hai0="63,42,133,134,66,80,89,55,90,115,98,132,18" hai1="72,108,34,14,70,116,24,52,12,6,22,47,82" hai2="54,15,20,86,37,126,45,30,59,10,102,85,91" hai3="73,35,65,128,123,97,5,74,99,119,92,16,7"/><W33/><G123/><T0/><D0/><U43/><E34/><V131/><F131/><W78/><G128/><T94/><D42/><U4/><E70/><V93/><F126/><W121/><G121/><T60/><D18/><U120/><E120/><V49/><F102/><W8/><G65/><T103/><D115/><U27/><E108/><V81/><F45/><W44/><G44/><T40/><D40/><U62/><E116/><V107/><F107/><W64/><G64/><T106/><D80/><U41/><E72/><V11/><F37/><W125/><G125/><T38/><D55/><U84/><E27/><N who="2" m="16743" /><F15/><N who="1" m="5673" /><E41/><V13/><F13/><W124/><G124/><T53/><D53/><U67/><E43/><V88/><AGARI ba="3,0" hai="10,11,49,54,59,81,85,86,88,91,93" m="16743" machi="88" ten="30,2000,0" yaku="8,1,54,1" doraHai="71" who="2" fromWho="2" sc="224,-8,321,-8,206,29,249,-13" owari="216,-28.0,313,40.0,235,-16.0,236,4.0" /></mjloggm>