<mjloggm ver="2.3"><GO type="169" lobby="0"/><UN n0="%63%61%72%64%69%6E" n1="%E5%BB%83%E4%BA%BA%E9%81%94%E9%9B%86%E5%90%88" n2="%4A%57%49%4C%4C" n3="%E5%B0%B1%E6%B4%BB%E7%94%9F%40%E5%B7%9D%E6%9D%91%E8%BB%8D%E5%9B%A3" dan="16,16,16,16" rate="2059.39,2085.24,2152.00,2073.72" sx="M,M,M,M"/><TAIKYOKU oya="0"/><INIT seed="0,0,0,3,0,31" ten="250,250,250,250" oya="0" hai0="126,111,18,61,55,48,127,97,23,74,29,53,68" hai1="128,30,12,20,104,109,62,69,119,121,58,131,80" hai2="132,38,89,33,81,88,8,73,76,64,84,63,34" hai3="3,56,120,26,85,49,75,98,125,44,7,43,112"/><T28/><D74/><U78/><E121/><V71/><F38/><W21/><G75/><T92/><D111/><U117/><E109/><V2/><F132/><W108/><G120/><T66/><D55/><U10/><E69/><V14/><F2/><W87/><G112/><T50/><D50/><U129/><E104/><V25/><F25/><W102/><G125/><T122/><D122/><U57/><E20/><V124/><F124/><N who="0" m="47658" /><D97/><U5/><E30/><V59/><F71/><W65/><G108/><T0/><D0/><U22/><E22/><V82/><REACH who="2" step="1"/><F89/><REACH who="2" ten="250,250,240,250" step="2"/><W60/><G3/><T116/><D68/><U77/><E77/><V90/><F90/><W45/><G7/><AGARI ba="0,1" hai="7,8,14,33,34,59,63,64,73,76,81,82,84,88" machi="7" ten="30,8000,1" yaku="1,1,7,1,52,2,54,1,53,0" doraHai="31" doraHaiUra="134" who="2" fromWho="3" sc="250,0,250,0,240,90,250,-80" /><INIT seed="1,0,0,0,2,45" ten="250,250,330,170" oya="1" hai0="3,60,23,52,109,120,85,61,101,37,16,56,49" hai1="133,88,12,87,50,95,2,0,84,51,40,69,105" hai2="6,92,81,7,79,103,30,124,134,11,74,38,59" hai3="108,1,128,22,100,8,121,55,34,97,14,86,68"/><U21/><E69/><V80/><F134/><W112/><G121/><T46/><D3/><U13/><E105/><V135/><F135/><W72/><G68/><T33/><D33/><U43/><E133/><V107/><F124/><W58/><G72/><T57/><D109/><U10/><E21/><V99/><F30/><W119/><G108/><T91/><D120/><U44/><E13/><V90/><F81/><W96/><G112/><T41/><D101/><U83/><E43/><V77/><F77/><W42/><G34/><T70/><D70/><U26/><E26/><V73/><F73/><W31/><G119/><T27/><D57/><U54/><E87/><V17/><F38/><W48/><G128/><T71/><D71/><U39/><E39/><V29/><F29/><W82/><G42/><T132/><D132/><U67/><E67/><V53/><F17/><N who="3" m="8391" /><G100/><T94/><AGARI ba="0,0" hai="16,23,27,37,41,46,49,52,56,60,61,85,91,94" machi="94" ten="20,8000,1" yaku="0,1,7,1,52,1,54,2" doraHai="45" who="0" fromWho="0" sc="250,80,250,-40,330,-20,170,-20" /><INIT seed="2,0,0,2,1,123" ten="330,210,310,150" oya="2" hai0="21,54,0,60,67,101,22,12,110,86,85,46,68" hai1="117,104,20,18,66,94,36,74,83,25,40,96,23" hai2="57,30,97,9,77,13,99,5,63,134,59,32,70" hai3="92,62,4,65,129,6,72,116,95,93,84,90,24"/><V127/><F127/><W80/><G116/><T122/><D122/><U11/><E117/><V37/><F37/><W28/><G129/><T19/><D0/><U73/><E104/><V15/><F134/><W75/><G75/><T43/><D110/><U64/><E74/><V35/><F77/><W133/><G72/><T55/><D101/><U26/><E11/><V3/><F70/><W16/><G133/><T45/><D22/><U39/><E39/><V106/><F59/><W53/><G53/><T111/><D111/><U120/><E120/><V88/><F99/><W113/><G113/><T102/><D102/><U135/><E135/><V108/><F108/><W114/><G114/><T119/><D119/><U91/><E40/><V81/><F106/><W126/><G126/><T41/><D41/><U56/><E36/><V76/><F76/><W48/><G48/><T58/><D54/><U124/><E124/><V112/><F112/><W1/><G1/><T98/><D98/><U44/><E44/><V79/><F79/><W100/><G100/><T109/><D109/><U47/><E47/><V121/><F121/><W132/><G132/><T34/><D34/><U61/><E73/><V78/><F78/><W82/><G82/><T31/><D31/><N who="1" m="17831" /><E83/><V7/><F81/><W52/><G28/><T118/><D118/><U69/><E69/><V38/><F38/><W115/><G115/><T51/><D45/><U87/><E96/><V17/><F7/><W131/><G131/><T2/><D2/><U29/><E29/><V50/><F30/><W27/><G4/><T71/><D71/><RYUUKYOKU ba="0,0" sc="330,15,210,15,310,-15,150,-15" hai0="12,19,21,43,46,51,55,58,60,67,68,85,86" hai1="18,23,26,56,61,64,66,87,91,94" /><INIT seed="3,1,0,2,5,81" ten="345,225,295,135" oya="3" hai0="95,126,40,127,89,74,24,46,120,92,118,28,20" hai1="75,3,47,36,119,134,31,113,7,71,15,110,42" hai2="72,96,2,37,5,33,82,108,112,14,111,48,41" hai3="52,90,39,94,44,115,76,105,43,13,83,8,78"/><W91/><G105/><T50/><D118/><U0/><E15/><V124/><F48/><W68/><G68/><T73/><D120/><U17/><E17/><V38/><F14/><W80/><G115/><T129/><D129/><U59/><E31/><V88/><F33/><W4/><G52/><T61/><D61/><U18/><E18/><V77/><F112/><W102/><G102/><T35/><D35/><U93/><E59/><V57/><F57/><W26/><G26/><T125/><D95/><U6/><E93/><N who="2" m="56359" /><F124/><W130/><G130/><T11/><D11/><U55/><E7/><V53/><F53/><W133/><G133/><T97/><AGARI ba="1,0" hai="20,24,28,40,46,50,73,74,89,92,97,125,126,127" machi="97" ten="30,2000,0" yaku="0,1,18,1" doraHai="81" who="0" fromWho="0" sc="345,23,225,-6,295,-6,135,-11" /><INIT seed="4,0,0,4,3,114" ten="368,219,289,124" oya="0" hai0="11,71,3,1,97,54,82,68,134,8,89,51,118" hai1="79,45,29,55,39,48,28,101,14,66,120,2,58" hai2="88,69,46,133,106,115,36,6,22,96,81,33,74" hai3="53,12,83,110,13,119,91,30,104,23,84,15,93"/><T26/><D134/><U102/><E2/><V52/><F33/><W109/><G104/><T135/><D135/><U107/><E120/><V47/><F69/><W10/><G119/><T65/><D118/><U90/><E79/><V37/><F133/><W57/><G110/><T126/><D126/><U24/><E14/><V111/><F111/><W85/><G109/><T99/><D26/><U18/><E39/><V131/><F6/><W25/><G10/><T72/><D72/><U27/><E18/><V75/><F115/><W59/><REACH who="3" step="1"/><G53/><REACH who="3" ten="368,219,289,114" step="2"/><T100/><D54/><U0/><E107/><V128/><F106/><W117/><G117/><T127/><D11/><U70/><E55/><V86/><F52/><W31/><G31/><T17/><D8/><U60/><E28/><V122/><F122/><W67/><G67/><T9/><D9/><U56/><E0/><V125/><F125/><W95/><G95/><T41/><D65/><U103/><E29/><V62/><F62/><W80/><G80/><T35/><D1/><U98/><E66/><V113/><F113/><W78/><AGARI ba="0,1" hai="12,13,15,23,25,30,57,59,78,83,84,85,91,93" machi="78" ten="30,4000,0" yaku="1,1,0,1,8,1,53,0" doraHai="114" doraHaiUra="116" who="3" fromWho="3" sc="368,-20,219,-10,289,-10,114,50" /><INIT seed="5,0,0,5,2,30" ten="348,209,279,164" oya="1" hai0="115,135,110,43,127,35,129,116,131,78,124,74,105" hai1="50,133,20,72,38,71,23,128,122,114,53,7,87" hai2="16,41,39,67,45,100,1,4,15,126,42,106,51" hai3="108,47,104,10,84,22,28,112,80,98,83,0,61"/><U17/><E72/><V109/><F109/><W90/><G108/><T14/><D43/><U64/><E122/><V111/><F111/><W118/><G118/><T93/><D14/><N who="1" m="9271" /><E38/><V94/><F106/><W69/><G112/><T81/><D93/><U56/><E71/><V26/><F67/><W2/><G83/><T57/><D57/><U86/><E114/><V44/><F26/><W37/><G37/><T24/><D110/><U58/><E133/><V77/><F77/><W40/><G10/><T21/><D116/><U123/><E123/><V33/><F33/><W95/><G104/><T89/><D115/><U134/><E134/><V73/><F73/><W27/><G61/><T48/><D135/><U120/><E120/><V55/><F126/><N who="0" m="48170" /><D48/><U19/><E7/><V25/><F25/><W101/><G69/><T96/><D35/><U32/><E32/><V31/><F31/><W117/><G117/><T65/><D65/><U8/><E8/><V60/><F4/><W66/><G66/><T11/><D11/><U59/><E128/><V99/><F1/><W34/><REACH who="3" step="1"/><G22/><REACH who="3" ten="348,209,279,154" step="2"/><T46/><D21/><U12/><E64/><V49/><F60/><W62/><G62/><T132/><D132/><U121/><E121/><V9/><REACH who="2" step="1"/><F39/><REACH who="2" ten="348,209,269,154" step="2"/><W70/><G70/><T88/><D105/><U5/><E5/><V76/><F76/><W68/><G68/><T125/><D78/><U29/><E29/><V79/><F79/><W102/><G102/><T52/><D125/><U6/><E6/><V18/><F18/><W97/><G97/><T103/><D74/><U82/><E87/><RYUUKYOKU ba="0,2" sc="348,-30,209,10,269,10,154,10" hai1="12,19,23,50,53,56,58,59,82,86" hai2="9,15,16,41,42,44,45,49,51,55,94,99,100" hai3="0,2,27,28,34,40,47,80,84,90,95,98,101" /><INIT seed="5,1,2,0,5,103" ten="318,219,279,164" oya="1" hai0="40,122,106,77,8,96,117,3,26,75,123,63,125" hai1="127,30,43,95,72,35,100,89,135,10,134,82,29" hai2="94,62,49,109,128,12,28,93,34,102,124,39,115" hai3="19,37,90,57,73,97,0,119,83,60,56,92,78"/><U1/><E100/><V27/><F39/><W23/><G37/><T107/><D117/><U46/><E127/><V61/><F109/><W129/><G119/><T108/><D108/><U111/><E111/><V18/><F124/><W81/><G129/><T15/><D125/><U32/><E32/><V71/><F128/><W54/><G0/><T110/><D110/><U84/><E72/><V91/><F115/><W22/><G22/><T118/><D118/><U121/><E121/><N who="0" m="46089" /><D3/><U101/><E101/><V98/><F49/><W132/><G132/><N who="1" m="50730" /><E82/><V69/><F69/><W126/><G126/><T44/><D26/><U42/><E35/><V47/><F47/><W99/><G57/><T13/><D63/><U25/><E25/><V52/><F52/><W133/><G133/><T20/><D20/><U24/><E24/><V31/><F31/><N who="1" m="11785" /><E46/><V67/><F62/><W38/><G38/><N who="0" m="21527" /><D96/><U21/><E21/><N who="2" m="11463" /><F91/><W17/><G97/><T41/><D8/><U70/><E70/><V64/><F64/><W80/><REACH who="3" step="1"/><G19/><REACH who="3" ten="318,219,279,154" step="2"/><T104/><D41/><U9/><E9/><V2/><F2/><W76/><G76/><T68/><D68/><U113/><E113/><V4/><F4/><AGARI ba="1,3" hai="1,4,10,42,43,84,89,95" m="11785,50730" machi="4" ten="30,1500,0" yaku="20,1" doraHai="103" who="1" fromWho="2" sc="318,0,219,48,279,-18,154,0" /><INIT seed="5,2,0,4,4,105" ten="318,267,261,154" oya="1" hai0="73,43,119,29,64,55,113,120,82,123,99,76,46" hai1="79,65,70,1,112,62,14,111,110,15,10,68,57" hai2="3,61,72,9,78,2,104,8,71,90,102,0,51" hai3="87,86,125,133,116,69,21,66,25,13,127,28,77"/><U18/><E112/><V22/><F22/><W38/><G38/><T34/><D113/><U53/><E1/><V103/><F51/><W48/><G116/><T91/><D119/><U88/><E79/><V107/><F90/><W19/><G133/><T89/><D64/><U54/><E70/><V97/><F103/><W11/><G77/><T115/><D115/><U20/><E88/><N who="0" m="33865" /><D55/><U114/><E114/><V128/><F128/><W94/><G94/><T7/><D7/><U63/><REACH who="1" step="1"/><E54/><REACH who="1" ten="318,257,261,154" step="2"/><V45/><F2/><W47/><G69/><T118/><D118/><U80/><E80/><V134/><F0/><W40/><REACH who="3" step="1"/><G66/><REACH who="3" ten="318,257,261,144" step="2"/><T42/><D76/><U67/><E67/><V52/><F71/><W27/><G27/><T31/><D82/><U74/><E74/><V12/><F72/><W16/><G16/><AGARI ba="2,2" hai="10,14,15,16,18,20,53,57,62,63,65,68,110,111" machi="16" ten="40,3900,0" yaku="1,1,54,1,53,0" doraHai="105" doraHaiUra="130" who="1" fromWho="3" sc="318,0,257,65,261,0,144,-45" /><INIT seed="5,3,0,5,0,126" ten="318,322,261,99" oya="1" hai0="105,121,22,29,76,65,48,45,59,119,88,123,106" hai1="86,35,44,32,41,111,118,103,131,21,83,16,129" hai2="91,54,80,64,7,62,102,122,73,1,108,26,101" hai3="97,92,42,130,28,10,127,56,13,53,85,61,39"/><U71/><E71/><V113/><F108/><W33/><G127/><T47/><D119/><U124/><E118/><V134/><F122/><N who="0" m="46602" /><D76/><U69/><E69/><V78/><F134/><W75/><G75/><T2/><D2/><U99/><E124/><V116/><F116/><W50/><G39/><T23/><D47/><U72/><E72/><V84/><F54/><W36/><G36/><T58/><D88/><U117/><E111/><V38/><F38/><W20/><G33/><T82/><D82/><U18/><E117/><V70/><F26/><W11/><G130/><N who="1" m="49674" /><E44/><V27/><F27/><W4/><G11/><T12/><D29/><U57/><E57/><N who="0" m="21513" /><D65/><U14/><E18/><V0/><F113/><W9/><G9/><T8/><D106/><N who="1" m="63871" /><E41/><V115/><F115/><W46/><G85/><T37/><D105/><U135/><E135/><V51/><F73/><W24/><G97/><T52/><D37/><U34/><E32/><V93/><F70/><W96/><G96/><T100/><D100/><U89/><AGARI ba="3,0" hai="14,16,21,34,35,83,86,89" m="63871,49674" machi="89" ten="30,12000,1" yaku="19,1,52,3,54,1" doraHai="126" who="1" fromWho="1" sc="318,-43,322,129,261,-43,99,-43" /><INIT seed="5,4,0,1,2,86" ten="275,451,218,56" oya="1" hai0="28,91,127,100,13,82,55,6,66,32,108,77,105" hai1="87,96,61,15,22,37,39,114,27,94,12,135,11" hai2="31,84,74,40,33,5,38,122,23,99,67,70,126" hai3="124,125,69,80,109,133,34,9,121,72,90,1,21"/><U16/><E16/><V51/><F122/><W47/><G34/><T112/><D108/><U49/><E49/><V62/><F74/><W132/><G69/><T64/><D112/><U43/><E114/><V129/><F129/><W85/><G72/><T45/><D127/><N who="3" m="48713" /><G109/><T7/><D32/><U106/><E106/><V14/><F126/><W113/><G113/><T120/><D28/><N who="1" m="17527" /><E39/><V89/><F38/><W24/><G121/><T44/><D100/><N who="1" m="60439" /><E43/><V101/><F33/><W111/><G111/><T68/><D105/><U18/><E37/><V128/><F128/><W29/><G47/><T102/><D68/><U65/><E135/><N who="3" m="51786" /><G9/><T117/><D120/><U60/><E65/><V54/><F40/><W88/><G1/><T93/><D64/><U10/><E87/><V97/><F101/><W118/><G118/><T95/><D102/><U42/><E42/><V92/><F5/><W115/><G115/><T56/><D66/><U41/><E41/><V58/><REACH who="2" step="1"/><F31/><REACH who="2" ten="275,451,208,56" step="2"/><W76/><AGARI ba="4,1" hai="21,24,29,76,80,85,88,90" m="51786,48713" machi="76" ten="30,8000,1" yaku="18,1,20,1,52,2,54,1" doraHai="86" who="3" fromWho="3" sc="275,-24,451,-44,208,-24,56,102" /><INIT seed="6,0,0,5,5,129" ten="251,407,184,158" oya="2" hai0="5,8,89,51,48,81,104,99,117,118,11,49,90" hai1="112,17,26,111,20,19,35,115,98,6,70,47,24" hai2="32,62,60,56,43,113,16,1,52,10,122,82,94" hai3="96,31,133,124,107,18,97,39,75,2,131,65,132"/><V44/><F122/><W126/><G2/><T23/><D23/><N who="1" m="13423" /><E70/><V40/><F32/><W30/><G131/><T109/><D109/><U4/><E111/><V103/><F113/><N who="1" m="43593" /><E98/><N who="3" m="37994" /><G107/><T42/><D42/><N who="2" m="15914" /><F1/><W80/><G39/><T86/><D5/><N who="1" m="2155" /><E47/><V38/><F38/><W57/><G18/><T110/><D110/><U34/><AGARI ba="0,0" hai="19,20,26,34,35" m="2155,43593,13423" machi="34" ten="30,4000,0" yaku="15,1,34,2" doraHai="129" who="1" fromWho="1" sc="251,-10,407,40,184,-20,158,-10" /><INIT seed="7,0,0,1,4,111" ten="241,447,164,148" oya="3" hai0="9,50,8,124,87,63,126,62,75,43,17,51,98" hai1="41,121,81,83,29,74,57,127,26,112,65,84,69" hai2="30,20,89,78,114,7,47,67,5,36,104,71,118" hai3="22,18,38,130,27,15,58,85,33,93,2,59,100"/><W108/><G38/><T79/><D75/><U117/><E121/><V21/><F118/><W113/><G108/><T125/><D98/><U122/><E122/><V31/><F104/><W123/><G2/><T132/><D132/><U101/><E117/><V14/><F78/><W23/><G123/><T116/><D116/><U16/><E69/><V135/><F135/><W4/><G130/><T129/><D129/><U11/><E74/><V25/><F67/><W61/><G33/><T46/><D51/><U76/><E41/><V64/><F64/><W42/><G42/><T6/><D17/><U115/><E83/><V68/><F47/><W119/><G119/><T105/><D105/><U70/><E70/><V37/><F14/><W35/><G35/><T120/><D120/><U110/><E110/><V60/><F60/><N who="0" m="23082" /><D6/><U73/><E73/><V99/><F99/><N who="3" m="59503" /><G113/><T52/><D43/><U106/><E106/><V77/><F77/><W39/><G39/><T131/><D131/><U103/><E65/><V97/><F97/><W1/><G1/><T82/><AGARI ba="0,0" hai="8,9,46,50,52,79,82,87,124,125,126" m="23082" machi="82" ten="40,2700,0" yaku="18,1,54,1" doraHai="111" who="0" fromWho="0" sc="241,27,447,-7,164,-7,148,-13" owari="268,7.0,440,53.0,157,-24.0,135,-36.0" /></mjloggm>