<mjloggm ver="2.3"><GO type="169" lobby="0"/><UN n0="%E9%BA%BB%E7%94%9F%E9%9B%80%E5%AD%90" n1="%E3%83%88%E3%83%88%E3%83%AA%E5%85%88%E7%94%9F%31%39%E6%AD%B3" n2="%E6%A4%8D%E9%87%8E" n3="%E5%A5%BD%E3%81%8D%E3%81%A7%E3%81%99%E3%83%BB%E3%83%BB%E2%88%A5" dan="17,18,17,17" rate="2141.24,2188.40,2138.91,2161.75" sx="F,F,M,F"/><TAIKYOKU oya="0"/><INIT seed="0,0,0,1,3,123" ten="250,250,250,250" oya="0" hai0="40,16,24,68,55,133,61,114,124,72,71,91,23" hai1="125,9,32,77,11,56,88,87,27,51,97,31,135" hai2="127,21,65,20,38,111,112,93,41,98,54,14,3" hai3="85,44,45,29,115,62,126,119,15,104,39,79,26"/><T28/><D114/><U35/><E35/><V12/><F3/><W96/><G115/><T1/><D1/><U121/><E121/><V81/><F112/><W52/><G119/><T49/><D124/><U109/><E125/><V10/><F65/><W66/><G126/><T7/><D7/><U19/><E135/><V48/><F81/><N who="3" m="47295" /><G52/><T67/><D72/><U130/><E130/><V122/><F41/><W105/><G15/><T131/><D133/><U107/><E77/><V6/><F38/><W78/><G105/><T95/><D40/><U36/><E36/><V63/><F63/><W25/><G25/><T60/><D131/><U4/><E19/><V117/><F122/><W69/><G78/><T22/><D61/><U89/><E9/><V82/><F82/><W34/><G39/><T103/><D103/><AGARI ba="0,0" hai="26,29,34,44,45,62,66,69,96,103,104" m="47295" machi="103" ten="30,1000,0" yaku="25,1" doraHai="123" who="3" fromWho="0" sc="250,-10,250,0,250,0,250,10" /><INIT seed="1,0,0,1,2,13" ten="240,250,250,260" oya="1" hai0="61,21,123,0,48,75,119,104,100,53,125,105,15" hai1="93,22,121,89,122,47,127,115,77,50,25,8,92" hai2="117,129,3,34,9,95,52,18,62,39,30,80,29" hai3="112,96,94,130,99,87,17,46,12,11,65,90,40"/><U20/><E115/><V56/><F117/><W5/><G130/><T37/><D37/><U10/><E127/><V43/><F129/><W19/><G112/><T51/><D0/><U36/><E36/><V33/><F80/><W66/><G96/><T38/><D38/><U128/><E128/><V32/><F95/><W69/><G69/><T134/><D119/><U72/><E92/><V106/><F106/><W131/><G131/><T28/><D125/><U59/><E59/><V86/><F86/><W2/><G99/><T57/><D75/><U114/><E114/><V132/><F132/><W26/><G26/><T4/><D134/><U120/><E20/><V76/><F76/><W103/><G103/><T60/><D123/><U63/><E63/><V79/><F79/><W118/><G118/><T1/><D1/><U111/><E111/><V54/><F54/><W14/><G2/><T27/><D61/><U73/><E77/><V42/><F3/><W6/><G66/><T116/><D116/><U24/><E24/><V49/><F39/><W85/><G85/><T82/><D82/><U45/><E45/><V124/><F124/><W107/><G65/><T68/><D68/><U58/><E58/><V78/><F78/><W91/><G91/><T101/><D101/><U97/><E73/><V74/><F74/><W35/><G35/><T133/><D133/><U41/><REACH who="1" step="1"/><E72/><REACH who="1" ten="240,240,250,260" step="2"/><V88/><F62/><W23/><G107/><N who="0" m="41035" /><D100/><U64/><E64/><V84/><F56/><W70/><G70/><T135/><D135/><U31/><AGARI ba="0,1" hai="8,10,22,25,31,41,47,50,89,93,97,120,121,122" machi="31" ten="30,3000,0" yaku="1,1,0,1,53,0" doraHai="13" doraHaiUra="71" who="1" fromWho="1" sc="240,-10,240,40,250,-10,260,-10" /><INIT seed="1,1,0,1,4,46" ten="230,280,240,250" oya="1" hai0="85,72,35,2,120,34,93,49,38,112,25,61,81" hai1="90,28,89,11,68,121,118,4,39,23,80,98,21" hai2="45,83,14,86,1,77,111,103,122,15,129,127,109" hai3="43,87,82,107,95,58,114,27,6,62,131,91,29"/><U117/><E121/><V73/><F1/><W124/><G107/><T76/><D112/><U36/><E68/><V42/><F122/><W71/><G71/><T57/><D38/><U135/><E135/><V92/><F129/><W41/><G114/><T101/><D2/><U113/><E113/><V105/><F127/><W79/><G6/><T55/><D120/><U16/><E28/><V64/><F64/><W133/><G131/><T123/><D123/><U52/><E80/><V125/><F105/><W20/><G124/><T13/><D13/><U102/><E36/><N who="2" m="21703" /><F125/><W116/><G133/><T50/><D25/><U119/><E39/><V100/><F100/><W10/><G10/><T126/><D126/><U108/><E108/><N who="2" m="41547" /><F103/><W104/><G104/><T115/><D115/><U19/><E102/><V60/><F60/><W69/><G69/><T30/><D30/><U70/><E70/><V3/><F3/><W7/><G116/><T17/><D17/><U65/><E65/><V110/><N who="2" m="41555" /><V74/><DORA hai="78" /><F92/><W9/><G7/><T40/><D40/><U18/><E52/><V94/><F94/><W99/><REACH who="3" step="1"/><G9/><REACH who="3" ten="230,280,240,240" step="2"/><T48/><REACH who="0" step="1"/><D72/><AGARI ba="1,1" hai="14,15,72,73,74,77,83,86" m="41555,21703" machi="72" ten="40,2600,0" yaku="14,1,52,1" doraHai="46,78" who="2" fromWho="0" sc="230,-29,280,0,240,39,240,0" /><INIT seed="2,0,0,1,1,117" ten="201,280,279,240" oya="2" hai0="52,99,18,60,119,28,8,94,42,125,46,128,58" hai1="133,108,59,121,124,63,101,107,65,113,32,83,31" hai2="37,72,118,68,109,134,35,54,127,49,116,22,93" hai3="74,0,82,12,57,90,98,70,89,105,91,48,39"/><V69/><F35/><W55/><G0/><T73/><D119/><N who="2" m="45610" /><F72/><W88/><G39/><T61/><D125/><U66/><E113/><V103/><F22/><W96/><G70/><N who="2" m="27241" /><F93/><W24/><G24/><T97/><D73/><U7/><E124/><V23/><F23/><W78/><N who="3" m="22528" /><DORA hai="26" /><W122/><G122/><T21/><D128/><U53/><E108/><V25/><F25/><W50/><G105/><T131/><D131/><U10/><E133/><V51/><F103/><W67/><G67/><T106/><D106/><U29/><E121/><V36/><F127/><W38/><G38/><N who="2" m="14953" /><F134/><W47/><REACH who="3" step="1"/><G12/><REACH who="3" ten="201,280,279,230" step="2"/><T84/><D99/><U126/><E126/><V17/><F109/><W123/><G123/><T43/><D97/><U80/><E107/><V75/><F75/><W92/><G92/><T44/><D94/><U56/><E101/><V102/><F102/><W87/><G87/><T132/><D132/><U3/><E32/><V111/><F111/><W114/><G114/><T135/><D135/><U6/><E3/><V45/><F51/><W64/><G64/><T9/><D84/><U129/><E129/><V81/><F81/><W4/><G4/><T30/><D61/><U27/><E27/><V34/><F34/><W85/><G85/><T130/><D130/><U11/><E63/><V15/><F15/><W2/><G2/><T13/><D30/><U5/><E5/><V112/><F112/><W100/><G100/><T16/><D28/><U120/><E120/><V110/><F110/><W41/><AGARI ba="0,1" hai="41,47,48,50,55,57,74,78,82,96,98" m="22528" machi="41" ten="40,5200,0" yaku="1,1,0,1,54,1,53,0" doraHai="117,26" doraHaiUra="62,14" who="3" fromWho="3" sc="201,-13,280,-13,279,-26,230,62" /><INIT seed="3,0,0,5,3,38" ten="188,267,253,292" oya="3" hai0="80,13,24,100,122,47,63,72,31,28,49,103,84" hai1="17,33,134,50,81,121,102,109,53,94,54,98,128" hai2="8,2,118,11,14,89,113,0,32,12,21,90,67" hai3="96,133,93,110,107,91,40,131,18,46,124,58,106"/><W4/><G133/><T83/><D72/><U5/><E121/><V76/><F32/><W69/><G69/><T62/><D122/><U68/><E68/><V117/><F113/><W127/><G131/><T60/><D13/><U126/><E33/><V92/><F76/><W37/><G110/><T56/><D56/><U52/><E109/><V1/><F67/><W132/><G132/><T65/><D65/><U79/><E134/><V99/><F21/><W9/><G18/><T16/><D80/><U48/><E128/><V70/><F70/><W114/><G58/><T35/><D31/><U25/><E126/><N who="3" m="48170" /><G114/><T20/><D28/><U108/><E108/><V27/><F27/><W75/><G75/><T57/><D57/><U112/><E112/><V71/><F71/><W6/><G6/><T86/><D35/><U42/><E5/><V85/><F14/><AGARI ba="0,0" hai="4,9,14,37,40,46,91,93,96,106,107" m="48170" machi="14" ten="30,2900,0" yaku="18,1,52,1" doraHai="38" who="3" fromWho="2" sc="188,0,267,0,253,-29,292,29" /><INIT seed="3,1,0,3,1,62" ten="188,267,224,321" oya="3" hai0="105,33,129,80,87,90,35,125,85,20,131,68,60" hai1="27,1,51,66,132,70,56,134,109,96,116,82,86" hai2="2,46,10,117,126,23,128,76,5,52,101,16,115" hai3="34,67,32,81,83,18,53,31,57,14,93,108,15"/><W98/><G108/><T9/><D105/><U106/><E1/><V119/><F115/><W94/><G31/><T91/><D125/><U22/><E109/><V122/><F126/><W79/><G67/><T28/><D9/><U71/><E116/><V65/><F128/><W59/><G98/><T107/><D107/><U112/><E112/><V100/><F122/><W124/><G124/><T7/><D7/><U114/><E114/><V43/><F76/><W19/><G53/><T127/><D127/><U69/><E96/><V24/><F65/><W45/><G45/><T104/><D104/><U88/><E106/><V42/><F52/><W120/><REACH who="3" step="1"/><G79/><REACH who="3" ten="188,267,224,311" step="2"/><T38/><D129/><U48/><E66/><V49/><F43/><W111/><G111/><T133/><D131/><U77/><E77/><V39/><F119/><W40/><G40/><T47/><D28/><N who="1" m="17527" /><E56/><V11/><F117/><W29/><G29/><T8/><D35/><U13/><E71/><V4/><REACH who="2" step="1"/><F39/><REACH who="2" ten="188,267,214,311" step="2"/><W63/><G63/><T121/><D60/><U73/><E70/><V95/><F95/><W74/><G74/><T26/><D68/><U99/><E69/><V89/><F89/><W6/><G6/><T135/><D38/><U58/><E73/><V92/><F92/><W3/><G3/><AGARI ba="1,2" hai="2,3,4,5,10,11,16,23,24,42,46,49,100,101" machi="3" ten="30,8000,1" yaku="1,1,7,1,9,1,54,1,53,1" doraHai="62" doraHaiUra="37" who="2" fromWho="3" sc="188,0,267,0,214,103,311,-83" /><INIT seed="4,0,0,3,0,29" ten="188,267,317,228" oya="0" hai0="51,41,126,71,121,30,124,15,106,21,93,46,68" hai1="109,28,31,132,111,101,99,54,16,64,9,120,4" hai2="83,66,47,108,33,2,122,94,57,131,17,119,32" hai3="115,37,105,45,44,13,67,135,90,5,43,110,92"/><T87/><D121/><U75/><E120/><V125/><F122/><W42/><G105/><T114/><D106/><U22/><E75/><V27/><F108/><W35/><G35/><T8/><D114/><U20/><E132/><V103/><F2/><W23/><G110/><T91/><D30/><U107/><E28/><V76/><F47/><W82/><G115/><T128/><D21/><U14/><E64/><V102/><F131/><W88/><G135/><T130/><D68/><U40/><E40/><V72/><F125/><N who="0" m="48234" /><D71/><U112/><E112/><V74/><F74/><W7/><G67/><T39/><D39/><U118/><E118/><V55/><F66/><W26/><G26/><T78/><D78/><U19/><E31/><V100/><F119/><W81/><G23/><T97/><D87/><U50/><E19/><AGARI ba="0,0" hai="8,15,19,41,46,51,91,93,97,128,130" m="48234" machi="19" ten="30,1500,0" yaku="18,1" doraHai="29" who="0" fromWho="1" sc="188,15,267,-15,317,0,228,0" /><INIT seed="4,1,0,2,5,59" ten="203,252,317,228" oya="0" hai0="33,53,54,31,120,42,57,25,14,49,55,43,17" hai1="70,74,1,24,115,118,61,111,104,35,65,38,73" hai2="60,19,56,48,52,84,122,2,58,96,5,32,11" hai3="66,109,13,93,78,8,79,114,77,97,127,9,63"/><T87/><D120/><U95/><E95/><V81/><F32/><W88/><G109/><T41/><REACH who="0" step="1"/><D87/><REACH who="0" ten="193,252,317,228" step="2"/><U51/><E111/><V132/><F122/><W28/><G114/><T112/><D112/><U26/><E115/><V135/><F96/><W110/><G110/><T80/><D80/><U117/><E73/><V83/><F83/><W124/><G124/><T130/><D130/><U108/><E74/><V134/><F84/><W129/><G127/><T131/><D131/><U10/><E108/><V72/><F81/><W21/><G129/><T12/><D12/><U94/><E117/><V45/><F72/><W90/><G90/><T106/><D106/><U102/><E104/><V71/><F135/><W6/><G78/><T40/><N who="0" m="10240" /><DORA hai="64" /><T18/><D18/><U15/><E118/><V36/><F19/><W99/><G99/><T113/><D113/><U121/><E15/><V69/><F134/><W133/><G133/><T4/><D4/><U44/><E121/><V3/><F132/><W125/><G125/><T116/><D116/><U16/><E16/><V67/><F5/><W101/><G77/><T128/><D128/><U85/><E85/><V98/><F98/><W20/><G79/><T29/><D29/><U68/><E94/><V34/><F3/><W103/><G28/><T123/><D123/><U89/><E1/><V92/><F92/><W7/><G7/><T107/><D107/><U30/><E89/><V75/><F75/><W91/><G91/><T50/><D50/><U23/><E51/><N who="2" m="28783" /><F2/><W86/><G6/><T126/><D126/><U62/><E30/><RYUUKYOKU ba="1,1" sc="193,30,252,-10,317,-10,228,-10" hai0="14,17,25,31,33,49,53,54,55,57" /><INIT seed="4,2,1,2,4,28" ten="223,242,307,218" oya="0" hai0="30,53,110,92,93,115,112,90,114,82,73,108,32" hai1="62,94,29,24,40,98,76,81,121,88,42,57,37" hai2="46,21,61,87,51,47,48,126,7,58,120,66,85" hai3="13,79,68,116,127,20,86,74,122,10,43,72,26"/><T91/><D53/><U54/><E37/><V97/><F126/><W35/><G116/><T64/><D64/><U67/><E54/><N who="2" m="29983" /><F120/><W18/><G68/><T2/><D2/><U17/><E17/><V129/><F129/><W83/><G127/><T135/><D135/><U77/><E121/><V80/><F80/><W4/><G122/><T8/><D8/><U69/><E69/><V109/><F109/><N who="0" m="42090" /><D30/><U12/><E12/><V118/><F118/><W38/><G38/><T63/><D63/><U106/><E106/><V134/><F134/><W104/><G104/><T0/><D32/><U25/><E77/><V131/><F131/><W31/><REACH who="3" step="1"/><G43/><REACH who="3" ten="223,242,307,208" step="2"/><T39/><D39/><U5/><E40/><N who="2" m="25031" /><F7/><W119/><G119/><T55/><D55/><U27/><E42/><V45/><F66/><W103/><G103/><T117/><D117/><U124/><E5/><V44/><F44/><W95/><G95/><N who="0" m="36427" /><D0/><AGARI ba="2,2" hai="0,4,10,13,18,20,26,31,35,72,74,79,83,86" machi="0" ten="30,8000,1" yaku="1,1,7,1,24,2,52,1,53,0" doraHai="28" doraHaiUra="111" who="3" fromWho="0" sc="223,-86,242,0,307,0,208,106" /><INIT seed="5,0,0,0,3,13" ten="137,242,307,314" oya="1" hai0="92,43,26,20,18,24,37,45,17,118,106,77,1" hai1="85,23,120,0,54,28,90,12,89,95,110,41,61" hai2="76,4,113,2,27,74,80,55,88,10,82,15,63" hai3="72,42,98,87,22,39,112,50,111,40,124,103,44"/><U125/><E120/><V68/><F113/><W14/><G72/><T60/><D106/><U105/><E0/><V101/><F101/><W132/><G111/><T115/><D118/><U64/><E105/><V49/><F27/><W83/><G112/><T119/><D119/><U35/><E110/><V104/><F104/><W48/><G132/><T117/><D117/><U93/><E125/><V107/><F107/><W75/><G75/><T127/><D1/><U121/><E121/><V102/><F102/><W128/><G128/><T47/><D115/><U131/><E35/><V38/><F38/><W34/><G34/><T29/><D127/><U32/><E32/><V51/><F2/><W123/><G123/><T9/><D77/><U56/><E41/><V8/><F8/><W122/><G42/><T53/><D92/><U66/><E131/><V31/><F31/><W78/><G124/><T58/><D45/><U65/><E28/><V33/><F33/><W69/><G69/><T25/><REACH who="0" step="1"/><D29/><REACH who="0" ten="127,242,307,314" step="2"/><U30/><E30/><V81/><F76/><W6/><G122/><T5/><D5/><U133/><E133/><V19/><F4/><W97/><G6/><T100/><D100/><U3/><E3/><V130/><F130/><W86/><G103/><T59/><D59/><U79/><E79/><V96/><F68/><W46/><G78/><T70/><D70/><U11/><E93/><N who="2" m="56359" /><F74/><W129/><G129/><T91/><D91/><U67/><E90/><V116/><F116/><W126/><G126/><T109/><D109/><U7/><N who="1" m="16384" /><DORA hai="21" /><U94/><E94/><V52/><F82/><RYUUKYOKU ba="0,1" sc="127,15,242,15,307,-15,314,-15" hai0="9,17,18,20,24,25,26,37,43,47,53,58,60" hai1="7,11,12,23,54,56,61,85,89,95" /><INIT seed="5,1,1,5,2,87" ten="142,257,292,299" oya="1" hai0="99,32,117,21,51,56,116,72,20,74,104,111,37" hai1="43,100,1,12,70,3,60,41,82,19,33,91,11" hai2="112,97,7,40,84,16,46,24,50,80,133,2,35" hai3="15,45,121,67,22,64,77,98,103,59,25,44,132"/><U66/><E33/><V129/><F35/><W8/><G77/><T115/><D51/><U6/><E3/><V55/><F2/><W63/><G67/><T30/><D56/><U5/><E100/><V92/><F7/><W39/><G39/><T125/><D30/><U109/><E109/><V27/><F133/><W26/><G26/><T110/><D99/><U79/><E6/><V75/><F75/><W128/><G128/><T14/><D14/><U126/><E126/><V93/><F112/><W52/><G64/><T118/><D32/><U130/><E130/><V108/><F108/><W105/><G121/><T95/><D104/><U86/><REACH who="1" step="1"/><E79/><REACH who="1" ten="142,247,292,299" step="2"/><V48/><F129/><W28/><G132/><T119/><D125/><U134/><E134/><V123/><F123/><W23/><G23/><AGARI ba="1,2" hai="1,5,11,12,19,23,41,43,60,66,70,82,86,91" machi="23" ten="30,5800,0" yaku="1,1,7,1,52,1,53,0" doraHai="87" doraHaiUra="113" who="1" fromWho="3" sc="142,0,247,81,292,0,299,-61" /><INIT seed="5,2,0,5,0,1" ten="142,328,292,238" oya="1" hai0="131,126,47,65,124,45,41,119,23,31,75,87,109" hai1="135,58,125,114,78,19,60,63,67,64,32,27,94" hai2="18,79,2,40,42,30,25,122,91,36,71,10,81" hai3="54,52,99,14,90,51,22,74,35,108,3,107,6"/><U92/><E114/><V89/><F71/><W62/><G74/><T9/><D75/><U77/><E135/><V80/><F122/><W72/><G72/><T37/><D119/><U112/><E112/><V28/><F28/><W97/><G35/><T118/><D118/><U50/><E125/><V100/><F100/><W113/><G108/><T127/><D109/><U83/><E50/><V121/><F121/><W57/><G113/><T13/><D65/><U39/><E39/><V61/><F61/><W38/><G38/><T46/><D131/><U134/><E134/><V55/><F55/><W20/><G3/><T8/><D8/><U116/><E116/><V105/><F105/><W4/><G107/><T26/><REACH who="0" step="1"/><D87/><REACH who="0" ten="132,328,292,238" step="2"/><N who="1" m="48623" /><E67/><V85/><F10/><W115/><G115/><T11/><D11/><U132/><E64/><V43/><F36/><W82/><G99/><T56/><D56/><U16/><E58/><V73/><F73/><W103/><G97/><T5/><AGARI ba="2,1" hai="5,9,13,23,26,31,37,41,45,46,47,124,126,127" machi="5" ten="30,7900,0" yaku="1,1,0,1,18,1,52,1,53,0" doraHai="1" doraHaiUra="84" who="0" fromWho="0" sc="132,95,328,-41,292,-22,238,-22" /><INIT seed="6,0,0,0,5,106" ten="227,287,270,216" oya="2" hai0="17,18,12,132,118,4,134,73,135,0,77,80,30" hai1="10,51,89,42,23,131,100,27,97,119,98,45,82" hai2="109,125,104,111,79,101,53,123,55,66,105,124,26" hai3="128,34,117,94,76,61,112,102,6,60,93,1,5"/><V67/><F26/><W113/><G117/><T127/><D118/><U133/><E119/><V116/><F116/><W62/><G34/><T41/><D30/><U107/><E131/><V108/><F79/><W20/><G128/><T69/><D69/><U9/><E133/><V50/><F123/><W78/><G20/><T38/><D127/><N who="2" m="48714" /><F101/><W129/><G129/><T64/><D12/><U25/><E25/><V68/><F68/><W59/><G59/><T40/><D64/><N who="2" m="24618" /><F50/><W90/><G102/><T88/><D40/><U114/><E114/><N who="3" m="44138" /><G1/><T99/><D0/><U120/><E120/><V71/><F71/><W7/><G90/><T21/><D4/><U91/><E91/><V52/><AGARI ba="0,0" hai="52,53,55,104,105,108,109,111" m="24618,48714" machi="52" ten="40,12000,1" yaku="28,2,10,1,18,1,54,1" doraHai="106" who="2" fromWho="2" sc="227,-40,287,-40,270,120,216,-40" /><INIT seed="6,1,0,2,4,88" ten="187,247,390,176" oya="2" hai0="66,119,43,37,102,29,133,22,60,33,62,65,44" hai1="63,106,42,93,96,12,69,100,130,59,40,72,122" hai2="30,91,28,126,61,76,58,3,85,0,35,117,132" hai3="118,114,127,75,32,131,123,54,20,94,84,38,21"/><V14/><F117/><W52/><G75/><T103/><D133/><U55/><E72/><V57/><F76/><W110/><G118/><T67/><D119/><U5/><E130/><V25/><F30/><W135/><G110/><T41/><D33/><U1/><E1/><V16/><F58/><W24/><G123/><T86/><D43/><U2/><E2/><V78/><F78/><W73/><G73/><T129/><D129/><U77/><E77/><V79/><F79/><W56/><G38/><T108/><D108/><U74/><E74/><V51/><F51/><W95/><G131/><T49/><D37/><U99/><E122/><V23/><F126/><W82/><G135/><T26/><D86/><U15/><E69/><V31/><F31/><W68/><G68/><T134/><D134/><U64/><E64/><V121/><F121/><W113/><G32/><T8/><D8/><U6/><E15/><V9/><F132/><W70/><G70/><T107/><D107/><U7/><REACH who="1" step="1"/><E12/><REACH who="1" ten="187,237,390,176" step="2"/><V13/><F13/><W34/><G127/><T50/><D50/><U45/><E45/><V17/><F3/><W116/><G116/><T90/><D62/><U18/><E18/><V10/><F0/><W109/><G109/><T128/><D60/><U115/><E115/><V71/><F17/><W111/><G111/><T80/><D128/><U105/><E105/><V112/><F71/><W36/><G114/><T48/><D48/><U83/><E83/><N who="2" m="49599" /><F112/><W98/><G36/><T92/><D80/><U104/><E104/><V97/><F14/><W4/><G113/><T120/><D120/><RYUUKYOKU type="nm" ba="1,1" sc="187,-20,237,-20,390,-40,176,80" hai0="22,26,29,41,44,49,65,66,67,90,92,102,103" hai1="5,6,7,40,42,55,59,63,93,96,99,100,106" /><INIT seed="7,2,1,3,4,70" ten="167,217,350,256" oya="3" hai0="74,116,64,81,122,107,25,21,99,83,30,88,71" hai1="77,97,132,0,126,86,2,89,103,133,128,92,53" hai2="4,39,95,113,131,27,60,117,44,69,49,66,5" hai3="24,56,51,59,37,41,26,87,102,110,72,33,9"/><W16/><G72/><T130/><D122/><U29/><E128/><V1/><F117/><W36/><G102/><T12/><D116/><U18/><E126/><V57/><F1/><W75/><G75/><T84/><D130/><U17/><E77/><V67/><F67/><W120/><G33/><T114/><D114/><U22/><E53/><N who="2" m="31919" /><F113/><W6/><G37/><T43/><D43/><U8/><E29/><V101/><F27/><W46/><G36/><T125/><D125/><U76/><E76/><V118/><F118/><W100/><G100/><T129/><D129/><U31/><E31/><V123/><F123/><W13/><G110/><T98/><D107/><U54/><E54/><V124/><F124/><W78/><G120/><T62/><D74/><U19/><E22/><V112/><F112/><W106/><G106/><T93/><D81/><U52/><E52/><V63/><F63/><W20/><G26/><T10/><REACH who="0" step="1"/><D83/><AGARI ba="2,1" hai="6,9,13,16,20,24,41,46,51,56,59,78,83,87" machi="83" ten="40,12000,1" yaku="25,2,8,1,54,1" doraHai="70" who="3" fromWho="0" sc="167,-126,217,0,350,0,256,136" owari="41,-46.0,217,-18.0,350,15.0,392,49.0" /></mjloggm>