<mjloggm ver="2.3"><GO type="41" lobby="0"/><UN n0="%E3%81%B2%E3%81%AA%E3%81%8B" n1="%6D%69%6B%61%6E%69%6D%61" n2="%E5%B0%B1%E6%B4%BB%E7%94%9F%40%E5%B7%9D%E6%9D%91%E8%BB%8D%E5%9B%A3" n3="%E3%81%95%E3%81%88%C3%97%E2%98%86%E2%98%86%E2%98%86" dan="14,13,17,15" rate="1903.07,1870.04,2135.64,1977.76" sx="M,M,M,M"/><TAIKYOKU oya="0"/><INIT seed="0,0,0,1,4,63" ten="250,250,250,250" oya="0" hai0="62,57,108,56,134,0,118,128,135,97,82,98,13" hai1="38,50,35,84,101,92,60,75,80,53,28,119,32" hai2="19,65,94,116,87,54,107,11,47,123,15,31,55" hai3="124,26,91,68,100,104,10,3,133,83,18,33,77"/><T122/><D0/><U25/><E38/><V73/><F107/><W106/><G133/><T79/><D118/><U64/><E119/><V2/><F73/><W111/><G111/><T113/><D122/><U61/><E75/><V44/><F123/><W110/><G110/><T121/><D121/><U21/><E61/><V27/><F2/><W99/><G68/><T34/><D34/><U43/><E43/><V114/><F114/><W76/><G124/><T7/><D113/><U93/><E80/><V95/><F116/><W66/><G106/><T130/><D108/><U71/><E92/><V49/><F65/><W29/><G66/><N who="0" m="39239" /><D57/><U48/><E48/><V115/><F115/><W45/><G45/><T9/><D97/><U51/><E50/><N who="2" m="28999" /><F87/><W42/><G3/><T59/><D98/><U74/><E74/><V6/><F31/><W78/><G42/><T90/><D59/><U86/><E101/><V72/><F72/><W131/><G131/><N who="0" m="50219" /><D90/><U12/><E32/><V22/><AGARI ba="0,0" hai="6,11,15,19,22,27,47,49,55,94,95" m="28999" machi="22" ten="30,1100,0" yaku="8,1" doraHai="63" who="2" fromWho="2" sc="250,-5,250,-3,250,11,250,-3" /><INIT seed="1,0,0,4,5,46" ten="245,247,261,247" oya="1" hai0="49,131,48,90,130,75,126,80,54,16,74,25,70" hai1="79,102,63,58,116,57,73,105,12,107,11,2,100" hai2="52,135,109,65,60,29,26,78,18,115,124,72,24" hai3="122,0,4,133,9,37,89,108,30,56,22,68,119"/><U86/><E116/><V19/><F115/><W99/><G122/><T125/><D70/><U84/><E73/><V55/><F109/><W7/><G108/><T31/><D54/><U92/><E2/><V8/><F124/><N who="0" m="47722" /><D75/><U17/><E105/><V34/><F135/><W23/><G68/><T47/><D47/><U51/><E107/><V117/><F117/><W91/><G37/><T76/><D90/><U95/><E79/><V41/><F41/><W62/><G119/><T44/><D44/><U14/><E11/><V111/><F111/><W15/><G133/><T83/><D80/><U96/><E96/><V61/><F78/><W77/><G77/><T39/><D39/><U6/><E6/><V98/><F72/><W10/><G30/><T106/><D106/><U64/><E17/><V42/><F42/><W20/><REACH who="3" step="1"/><G99/><REACH who="3" ten="245,247,261,237" step="2"/><T81/><D83/><U59/><E64/><AGARI ba="0,1" hai="0,4,7,9,10,15,20,22,23,56,62,64,89,91" machi="64" ten="40,2600,0" yaku="1,1,2,1,53,0" doraHai="46" doraHaiUra="88" who="3" fromWho="1" sc="245,0,247,-26,261,0,237,36" /><INIT seed="2,0,0,1,1,24" ten="245,221,261,273" oya="2" hai0="96,26,58,72,14,122,55,10,11,44,84,39,117" hai1="5,32,8,75,125,74,62,53,46,118,124,1,13" hai2="119,134,131,126,12,88,37,69,114,33,105,87,27" hai3="133,40,15,86,100,91,29,56,25,61,19,28,2"/><V45/><RYUUKYOKU type="yao9" ba="0,0" sc="245,0,221,0,261,0,273,0" hai2="12,27,33,37,45,69,87,88,105,114,119,126,131,134" /><INIT seed="2,1,0,2,1,119" ten="245,221,261,273" oya="2" hai0="83,118,6,103,109,89,80,97,16,111,65,70,25" hai1="31,10,12,132,34,43,55,14,128,63,62,120,48" hai2="35,117,122,85,50,9,18,79,64,17,32,126,123" hai3="0,11,15,91,84,36,1,2,68,95,8,27,104"/><V22/><F117/><W47/><G68/><T115/><D118/><U90/><E128/><V112/><F112/><W100/><G27/><T105/><D115/><U124/><E124/><V76/><F126/><W110/><G110/><N who="0" m="41995" /><D6/><U106/><E106/><V51/><F64/><W66/><G66/><T38/><D38/><U92/><E132/><V101/><F101/><W125/><G125/><T45/><D45/><U102/><E102/><V57/><F57/><W96/><REACH who="3" step="1"/><G15/><REACH who="3" ten="245,221,261,263" step="2"/><T133/><D133/><U30/><E14/><V39/><F35/><W41/><AGARI ba="1,1" hai="0,1,2,8,11,36,41,47,84,91,95,96,100,104" machi="41" ten="40,8000,1" yaku="1,1,2,1,0,1,53,1" doraHai="119" doraHaiUra="82" who="3" fromWho="3" sc="245,-21,221,-21,261,-41,263,93" /><INIT seed="3,0,0,2,0,19" ten="224,200,220,356" oya="3" hai0="129,106,75,6,71,81,121,52,32,76,0,84,50" hai1="101,45,15,65,47,54,56,8,26,98,97,36,130" hai2="11,116,87,74,55,7,61,91,105,134,72,64,93" hai3="115,126,104,78,18,73,10,131,127,99,20,119,90"/><W113/><G10/><T4/><D121/><U120/><E130/><V51/><F105/><W94/><G119/><T133/><D106/><U135/><E120/><V89/><F116/><W100/><G131/><T103/><D71/><U107/><E135/><V77/><F134/><W13/><G78/><T62/><D103/><U60/><E97/><V128/><F128/><W16/><G18/><T109/><D32/><U37/><E26/><V34/><F34/><W88/><G73/><T96/><D133/><U40/><E47/><V92/><F77/><W3/><G3/><T28/><D0/><U102/><E102/><V27/><F27/><W86/><REACH who="3" step="1"/><G90/><REACH who="3" ten="224,200,220,346" step="2"/><T49/><D129/><U68/><E8/><V67/><F74/><W117/><G117/><T38/><D75/><U43/><E15/><V44/><F72/><W58/><G58/><T66/><D76/><U80/><E56/><N who="2" m="34975" /><F11/><W22/><G22/><T46/><D46/><U122/><E45/><V111/><F7/><W69/><G69/><T48/><D4/><U125/><E68/><V9/><F9/><W59/><G59/><T30/><D6/><U17/><E17/><V110/><F111/><W42/><G42/><T95/><D109/><U1/><E43/><N who="2" m="24991" /><F110/><W12/><G12/><T112/><D28/><U29/><E1/><V35/><F35/><W39/><G39/><T25/><D38/><U82/><E29/><V14/><F14/><W124/><AGARI ba="0,1" hai="13,16,20,86,88,94,99,100,104,113,115,124,126,127" machi="124" ten="30,18000,2" yaku="1,1,0,1,18,1,52,1,54,2,53,1" doraHai="19" doraHaiUra="85" who="3" fromWho="3" sc="224,-60,200,-60,220,-60,346,190" /><INIT seed="3,1,0,4,0,86" ten="164,140,160,536" oya="3" hai0="29,112,91,126,125,67,83,73,60,71,100,24,30" hai1="78,128,1,70,69,6,39,99,94,122,113,93,127" hai2="26,96,103,97,56,133,41,84,31,130,34,11,123" hai3="124,111,87,38,77,110,75,42,15,5,7,62,53"/><W13/><G75/><T135/><D112/><U57/><E113/><V22/><F123/><W72/><G72/><T20/><D135/><U120/><E39/><V134/><F34/><W43/><G124/><N who="0" m="47723" /><D100/><U68/><E127/><V19/><F130/><W90/><G77/><N who="0" m="44463" /><D91/><U76/><E128/><V44/><F56/><N who="3" m="35087" /><G38/><T14/><D14/><N who="3" m="5129" /><G43/><T118/><D118/><U95/><E1/><V21/><F11/><W9/><G42/><T16/><AGARI ba="1,0" hai="16,20,24,29,30,60,67,71" m="44463,47723" machi="16" ten="30,2000,0" yaku="18,1,54,1" doraHai="86" who="0" fromWho="0" sc="164,23,140,-6,160,-6,536,-11" /><INIT seed="4,0,0,2,2,105" ten="187,134,154,525" oya="0" hai0="51,26,47,92,48,101,84,110,5,36,8,62,100" hai1="96,21,27,76,104,129,98,60,2,74,114,23,50" hai2="41,75,90,25,77,12,28,14,54,133,20,29,35" hai3="86,81,109,24,132,69,68,111,40,38,130,61,32"/><T135/><D135/><U117/><E117/><V0/><F133/><W53/><G132/><T45/><D110/><U106/><E2/><V33/><F41/><W43/><G130/><T70/><D36/><U19/><E129/><V11/><F90/><W67/><G69/><T78/><D26/><U122/><E122/><V99/><F99/><W83/><G83/><T9/><D9/><U82/><E114/><V124/><F54/><W59/><G38/><T103/><D70/><U66/><E98/><V56/><F56/><W6/><G6/><T95/><D62/><U89/><E50/><V116/><F77/><W121/><G121/><T125/><D125/><U108/><E108/><V30/><F75/><W57/><G68/><T46/><D78/><U73/><E73/><V18/><F116/><W22/><G32/><N who="2" m="12361" /><F124/><W80/><G80/><T63/><D63/><U131/><E131/><V85/><F85/><W16/><G111/><T4/><D84/><U128/><E128/><V7/><AGARI ba="0,0" hai="0,7,11,12,14,18,20,25,28,29,30" m="12361" machi="7" ten="40,8000,1" yaku="35,5" doraHai="105" who="2" fromWho="2" sc="187,-40,134,-20,154,80,525,-20" /><INIT seed="5,0,0,5,4,52" ten="147,114,234,505" oya="1" hai0="91,117,28,94,31,83,12,130,114,32,125,11,88" hai1="106,48,60,92,51,97,15,21,124,2,116,65,121" hai2="42,6,7,123,87,112,1,111,108,134,37,57,68" hai3="43,63,69,45,5,29,53,14,66,41,44,109,132"/><U78/><E116/><V104/><F68/><W39/><G29/><T55/><D117/><U129/><E2/><V101/><F123/><W62/><G5/><T105/><D114/><U81/><E121/><V98/><F112/><W107/><G107/><T118/><D105/><U86/><E106/><V103/><F134/><W18/><G132/><T13/><D118/><U76/><E124/><V49/><F103/><W47/><G109/><T17/><D125/><U27/><E129/><V80/><F37/><W59/><G43/><T73/><D32/><U22/><E15/><V8/><F7/><W131/><G131/><T64/><D64/><U133/><E76/><V82/><F82/><W33/><G33/><T19/><D130/><U24/><E133/><V54/><REACH who="2" step="1"/><F42/><REACH who="2" ten="147,114,224,505" step="2"/><W85/><G41/><T110/><D83/><U89/><E24/><V16/><F16/><W38/><G39/><T36/><D36/><U56/><E22/><V128/><F128/><W25/><G38/><T135/><D135/><U74/><REACH who="1" step="1"/><E74/><REACH who="1" ten="147,104,224,505" step="2"/><V34/><F34/><W100/><G25/><T75/><D73/><U10/><E10/><V70/><F70/><W95/><G69/><T84/><D75/><U127/><E127/><V77/><AGARI ba="0,2" hai="1,6,8,49,54,57,77,80,87,98,101,104,108,111" machi="77" ten="20,5200,0" yaku="1,1,0,1,7,1,52,1,53,0" doraHai="52" doraHaiUra="23" who="2" fromWho="2" sc="147,-13,104,-26,224,72,505,-13" /><INIT seed="6,0,0,1,5,78" ten="134,78,296,492" oya="2" hai0="89,113,50,61,94,52,73,114,126,14,30,99,76" hai1="17,100,3,39,68,35,22,31,131,10,48,104,115" hai2="13,75,62,70,110,60,72,18,64,98,80,7,25" hai3="42,24,109,85,40,116,88,117,19,16,57,127,92"/><V82/><F110/><W8/><G127/><T1/><D1/><U0/><E39/><V2/><F2/><W43/><G109/><T47/><D126/><U37/><E37/><V90/><F7/><W21/><G57/><T122/><D122/><U36/><E36/><V105/><F25/><W103/><G103/><T28/><D14/><N who="1" m="9527" /><E68/><V95/><F105/><W128/><G128/><T84/><D73/><U71/><E71/><V129/><F129/><W32/><G32/><T81/><REACH who="0" step="1"/><D61/><REACH who="0" ten="124,78,296,492" step="2"/><U38/><E131/><V119/><F119/><W9/><G117/><T45/><D45/><U112/><E38/><V49/><F62/><W118/><G118/><T65/><D65/><U51/><E48/><V107/><F49/><W5/><G116/><T86/><D86/><U96/><E51/><V29/><F75/><W11/><REACH who="3" step="1"/><G19/><REACH who="3" ten="124,78,296,482" step="2"/><T67/><D67/><U53/><E112/><AGARI ba="0,2" hai="28,30,47,50,52,76,81,84,89,94,99,112,113,114" machi="112" ten="40,8000,1" yaku="1,1,15,1,52,1,54,1,53,0" doraHai="78" doraHaiUra="59" who="0" fromWho="1" sc="124,100,78,-80,296,0,482,0" owari="224,-18.0,-2,-50.0,296,10.0,482,58.0" /></mjloggm>