<mjloggm ver="2.3"><GO type="169" lobby="0"/><UN n0="%E3%82%A6%E3%83%AB%E3%83%88%E3%83%A9%E7%AB%8B%E7%9B%B4" n1="%E3%81%BD%E3%81%BA%E3%82%93%E3%81%B4%E3%82%93" n2="%E6%A5%A0%E5%B9%B8%E6%9D%91" n3="%E6%9D%BE%E5%B3%B6" dan="17,16,17,16" rate="2154.38,2099.78,2183.33,2178.56" sx="M,M,F,F"/><TAIKYOKU oya="0"/><INIT seed="0,0,0,5,5,17" ten="250,250,250,250" oya="0" hai0="101,114,107,3,129,21,83,31,5,39,19,72,90" hai1="63,109,71,47,121,67,131,68,28,96,51,133,38" hai2="120,79,2,86,41,57,26,73,34,9,99,56,92" hai3="95,77,135,10,35,69,6,134,37,55,104,65,50"/><T124/><D114/><U22/><E121/><V110/><F120/><W102/><G37/><T106/><D124/><U27/><E109/><V13/><F110/><W58/><G35/><T75/><D129/><U100/><E38/><V122/><F122/><W97/><G77/><T54/><D39/><U42/><E133/><N who="3" m="50698" /><G69/><T1/><D31/><U40/><E131/><V15/><F2/><N who="3" m="343" /><G65/><T89/><D5/><U61/><E61/><V70/><F41/><W117/><G117/><T4/><D4/><U0/><E0/><V119/><F73/><W88/><G104/><T18/><D54/><U74/><E74/><V33/><F70/><W93/><G95/><T7/><D7/><U29/><E40/><V130/><F34/><W78/><G78/><T8/><D8/><U16/><REACH who="1" step="1"/><E71/><REACH who="1" ten="250,240,250,250" step="2"/><V105/><F130/><W118/><G118/><T32/><D1/><U126/><E126/><V91/><F119/><W62/><G62/><T25/><D3/><U113/><E113/><V53/><F53/><W123/><G123/><T59/><D75/><U111/><E111/><V108/><F108/><W64/><G64/><T76/><D72/><U112/><E112/><V125/><F125/><W48/><G48/><T85/><D106/><AGARI ba="0,1" hai="16,22,27,28,29,42,47,51,63,67,68,96,100,106" machi="106" ten="30,8000,1" yaku="1,1,7,1,52,1,54,1,53,1" doraHai="17" doraHaiUra="14" who="1" fromWho="0" sc="250,-80,240,90,250,0,250,0" /><INIT seed="1,0,0,5,1,109" ten="170,330,250,250" oya="1" hai0="48,52,60,131,63,57,110,95,128,120,55,96,34" hai1="24,79,2,35,123,3,4,8,82,56,44,124,28" hai2="76,9,135,118,134,11,29,27,116,20,102,19,12" hai3="83,106,105,14,86,119,100,133,62,77,90,81,23"/><U51/><E123/><V21/><F102/><W22/><G119/><N who="2" m="45609" /><F76/><W129/><G129/><N who="0" m="49739" /><D34/><U92/><E92/><V33/><F20/><W84/><G133/><AGARI ba="0,0" hai="9,11,12,19,21,27,29,33,133,134,135" m="45609" machi="133" ten="30,3900,0" yaku="20,1,34,2" doraHai="109" who="2" fromWho="3" sc="170,0,330,0,250,39,250,-39" /><INIT seed="2,0,0,1,3,135" ten="170,330,289,211" oya="2" hai0="75,25,21,104,79,72,93,3,56,70,0,114,120" hai1="51,39,109,103,96,67,23,19,2,69,115,99,44" hai2="90,88,110,111,131,108,100,15,129,124,37,130,83" hai3="125,92,119,66,49,6,94,82,128,28,43,133,29"/><V47/><F124/><W22/><G125/><T35/><D104/><U13/><E39/><V127/><F127/><W40/><G128/><T61/><D114/><U50/><E2/><V62/><F100/><W52/><G66/><T101/><D70/><U71/><E109/><V105/><F105/><W107/><G107/><T81/><D35/><U12/><E115/><V95/><F62/><W4/><G119/><T58/><D75/><U53/><E67/><V45/><F37/><W46/><G82/><T33/><D33/><U34/><E34/><V7/><F83/><W27/><G29/><T78/><D78/><U38/><E38/><V122/><F122/><W55/><G133/><T20/><D120/><U116/><E116/><V48/><F48/><W102/><G55/><T18/><D21/><U118/><E118/><V84/><F90/><W8/><G6/><T10/><D10/><AGARI ba="0,0" hai="7,10,15,45,47,84,88,95,108,110,111,129,130,131" machi="10" ten="50,12000,1" yaku="14,1,10,1,19,1,54,1" doraHai="135" who="2" fromWho="0" sc="170,-120,330,0,289,120,211,0" /><INIT seed="2,1,0,3,0,13" ten="50,330,409,211" oya="2" hai0="84,106,50,71,26,122,58,40,118,33,123,93,19" hai1="22,53,3,52,105,94,63,65,18,115,32,101,130" hai2="75,82,15,59,67,5,81,44,21,11,12,127,86" hai3="38,107,88,23,90,69,28,133,10,51,54,125,0"/><V48/><F127/><W60/><G107/><T41/><D106/><U95/><E32/><V62/><F75/><W36/><G133/><T72/><D71/><U100/><E3/><V119/><F119/><W102/><G102/><N who="1" m="39530" /><E105/><V134/><F134/><W114/><G114/><T34/><D72/><U55/><E115/><V112/><F112/><W42/><G125/><T39/><D118/><U47/><E130/><V128/><F128/><W129/><G129/><T108/><D108/><U9/><E9/><V96/><F96/><W17/><G28/><T49/><D84/><U111/><E111/><V25/><F15/><W126/><G126/><T98/><D98/><U27/><E47/><V83/><F86/><W16/><G0/><T132/><D26/><U45/><E45/><V117/><F117/><W110/><G110/><T8/><D8/><U57/><AGARI ba="1,0" hai="18,22,27,52,53,55,57,63,65,94,95" m="39530" machi="57" ten="30,4000,0" yaku="8,1,52,1,54,1" doraHai="13" who="1" fromWho="1" sc="50,-11,330,43,409,-21,211,-11" /><INIT seed="3,0,0,0,4,118" ten="39,373,388,200" oya="3" hai0="20,87,66,10,15,63,135,62,52,7,112,89,54" hai1="128,40,106,31,133,61,126,49,36,55,90,130,38" hai2="25,42,21,11,1,14,34,69,84,122,29,81,44" hai3="105,19,50,8,28,2,120,35,30,117,53,80,107"/><W6/><G120/><T75/><D75/><U51/><E106/><V100/><F69/><W134/><G117/><T103/><D135/><U26/><E90/><V119/><F119/><W79/><G134/><T127/><D127/><U17/><E133/><V71/><F71/><W68/><G68/><T33/><D33/><U123/><E17/><V82/><F100/><W60/><G60/><T22/><D112/><U56/><E26/><V109/><F109/><W39/><G39/><N who="1" m="14890" /><E31/><V72/><F122/><W59/><G19/><T4/><D103/><U37/><E126/><V99/><F99/><W65/><G65/><T85/><D66/><U95/><E95/><V115/><F115/><W70/><G70/><T57/><D89/><U88/><E88/><V97/><F97/><W0/><G0/><T45/><D45/><N who="1" m="23695" /><E123/><V131/><F84/><W102/><G102/><T18/><D18/><U46/><E46/><V113/><F1/><W78/><G78/><T43/><D15/><U32/><E32/><V116/><F34/><W77/><G77/><T98/><D10/><U104/><E104/><V92/><F72/><W129/><G129/><AGARI ba="0,0" hai="49,51,55,56,61,128,129,130" m="23695,14890" machi="129" ten="30,3900,0" yaku="19,1,34,2" doraHai="118" who="1" fromWho="3" sc="39,0,373,39,388,0,200,-39" /><INIT seed="4,0,0,2,4,24" ten="39,412,388,161" oya="0" hai0="66,4,79,120,63,14,10,39,95,3,128,98,51" hai1="78,69,57,50,86,35,55,82,60,133,102,127,47" hai2="34,37,67,109,74,62,29,61,92,124,45,123,23" hai3="54,132,103,65,16,58,90,44,107,131,42,119,76"/><T113/><D120/><U88/><E69/><V101/><F123/><W112/><G112/><T31/><D39/><U130/><E35/><V93/><F74/><W19/><G119/><T81/><D113/><U91/><E133/><V36/><F34/><W97/><G131/><T6/><D128/><U59/><E130/><V75/><F75/><W111/><G132/><T87/><D51/><U8/><E127/><V46/><F124/><W22/><G111/><T125/><D125/><U134/><E102/><V126/><F126/><W135/><G65/><T18/><D3/><U52/><E134/><V26/><F109/><W5/><G5/><T27/><D95/><N who="2" m="36426" /><F37/><W41/><G76/><T32/><REACH who="0" step="1"/><D98/><REACH who="0" ten="29,412,388,161" step="2"/><U121/><E121/><V53/><F36/><W116/><G135/><T89/><D89/><U77/><E91/><V122/><F122/><W72/><G90/><T7/><D7/><U80/><E78/><V56/><F101/><W13/><G116/><T48/><D48/><U38/><E38/><V110/><F110/><W73/><G97/><T21/><D21/><U68/><E8/><V30/><F61/><N who="3" m="36055" /><G103/><T33/><D33/><U85/><E68/><AGARI ba="0,1" hai="4,6,10,14,18,27,31,32,63,66,68,79,81,87" machi="68" ten="30,11600,0" yaku="1,1,7,1,52,1,53,1" doraHai="24" doraHaiUra="11" who="0" fromWho="1" sc="29,126,412,-116,388,0,161,0" /><INIT seed="4,1,0,4,3,118" ten="155,296,388,161" oya="0" hai0="26,129,45,108,19,115,4,112,69,56,51,124,99" hai1="32,87,101,104,109,5,94,125,22,24,132,37,47" hai2="11,75,95,31,80,117,135,102,14,134,79,92,28" hai3="48,60,39,8,133,35,2,16,33,13,58,103,63"/><T81/><D69/><U96/><E32/><V40/><F40/><W36/><G133/><N who="2" m="50697" /><F117/><W76/><G2/><T98/><D108/><U74/><E109/><V54/><F54/><W49/><G103/><T72/><D4/><U106/><E5/><N who="2" m="3439" /><F102/><W43/><G39/><T30/><D19/><U6/><E125/><V84/><F75/><W68/><G76/><N who="0" m="44167" /><D56/><U44/><E74/><V17/><F17/><W70/><G36/><T18/><D18/><U46/><E6/><V12/><F12/><W93/><G93/><AGARI ba="1,0" hai="28,31,79,80,84,92,93,95" m="3439,50697" machi="93" ten="30,1000,0" yaku="20,1" doraHai="118" who="2" fromWho="3" sc="155,0,296,0,388,13,161,-13" /><INIT seed="5,0,0,0,1,107" ten="155,296,401,148" oya="1" hai0="5,19,111,0,41,110,28,6,3,113,2,40,55" hai1="121,26,103,82,88,67,91,39,95,69,72,56,102" hai2="29,93,117,65,115,20,37,15,119,78,63,25,84" hai3="131,132,118,100,36,133,32,112,126,31,17,10,8"/><U76/><E69/><V80/><F37/><W47/><G118/><T33/><D55/><U99/><E39/><V134/><F134/><N who="3" m="51819" /><G100/><T101/><D101/><U24/><E121/><V35/><F115/><W71/><G71/><T85/><D85/><U7/><E7/><N who="0" m="2569" /><D19/><U12/><E12/><V105/><F105/><W108/><G108/><N who="0" m="41515" /><D28/><U75/><E56/><V96/><F35/><W97/><G97/><T124/><D33/><U53/><E53/><V52/><F52/><W77/><G77/><T30/><D30/><U70/><E70/><V44/><F44/><W66/><G66/><T4/><N who="0" m="2577" /><T34/><DORA hai="27" /><D34/><U43/><E67/><V59/><F15/><N who="3" m="7399" /><G47/><T16/><D16/><U50/><E50/><V13/><F13/><W23/><G36/><T125/><D113/><U104/><E43/><AGARI ba="0,0" hai="0,2,3,40,41,43,124,125" m="41515,2577" machi="43" ten="50,3200,0" yaku="28,2" doraHai="107,27" who="0" fromWho="1" sc="155,32,296,-32,401,0,148,0" /><INIT seed="6,0,0,4,5,13" ten="187,264,401,148" oya="2" hai0="117,8,82,0,32,54,21,95,113,44,18,111,16" hai1="31,61,129,105,68,42,7,52,62,114,23,53,88" hai2="90,92,48,104,126,131,19,5,107,66,34,64,119" hai3="36,43,125,79,76,26,106,50,135,108,127,14,98"/><V41/><F119/><W56/><G108/><T2/><D32/><U9/><E105/><V128/><F34/><W65/><G36/><T63/><D111/><U6/><E42/><V94/><F5/><N who="1" m="1545" /><E68/><V35/><F35/><W20/><G135/><T96/><D113/><U84/><E129/><V25/><F41/><W77/><G14/><N who="0" m="7239" /><D82/><N who="1" m="49175" /><E9/><V40/><F40/><W51/><G43/><T59/><D117/><U24/><E114/><V100/><F107/><W58/><G106/><T3/><D3/><U15/><E15/><V121/><F104/><W22/><G98/><T74/><D74/><U80/><E80/><V132/><F132/><W89/><G89/><N who="0" m="55407" /><D44/><U133/><E133/><V87/><F87/><W17/><G22/><T116/><D116/><U49/><E53/><V47/><F128/><W83/><G83/><T11/><D11/><U73/><E73/><V78/><F131/><W69/><G69/><T72/><D72/><U1/><E1/><V124/><F90/><W70/><G70/><T4/><D4/><U30/><E30/><V115/><F115/><W45/><G65/><T102/><D102/><U38/><E38/><V55/><F66/><W67/><G67/><T123/><D123/><U10/><E10/><V93/><F64/><W60/><G60/><T109/><D109/><U97/><E97/><V101/><F121/><W28/><G51/><T86/><D86/><U27/><E27/><AGARI ba="0,0" hai="0,2,18,21,27,54,59,63" m="55407,7239" machi="27" ten="30,7700,0" yaku="25,1,52,2,54,1" doraHai="13" who="0" fromWho="1" sc="187,77,264,-77,401,0,148,0" /><INIT seed="7,0,0,1,5,79" ten="264,187,401,148" oya="3" hai0="89,82,64,36,17,122,5,48,128,103,81,110,62" hai1="44,118,61,3,67,19,76,109,51,38,13,39,69" hai2="73,91,80,33,52,130,116,72,56,0,28,60,123" hai3="111,92,77,16,6,98,11,10,18,21,121,115,40"/><W66/><G121/><T127/><D36/><U43/><E3/><V50/><F116/><W131/><G131/><T135/><D110/><U24/><E24/><V15/><F0/><W25/><G111/><T32/><D32/><U41/><E109/><V105/><F105/><W87/><G115/><T85/><D122/><U74/><E118/><V46/><F130/><W119/><G119/><T106/><D5/><U30/><E30/><V132/><F132/><W78/><G66/><T71/><D127/><U117/><E117/><V97/><F123/><W7/><G40/><T75/><D135/><U120/><E120/><V9/><F28/><W65/><G65/><T63/><D63/><U124/><E124/><V22/><F22/><W107/><G107/><T90/><D103/><U2/><E2/><V129/><F33/><W29/><G29/><T34/><D34/><U125/><E125/><V68/><F68/><W8/><G18/><T27/><D106/><U14/><E14/><V86/><F97/><W95/><G95/><T93/><D75/><U54/><E76/><N who="3" m="29290" /><G87/><T112/><D112/><U113/><E74/><V55/><F129/><W53/><G53/><T102/><D17/><AGARI ba="0,0" hai="9,15,17,46,50,52,55,56,60,72,73,80,86,91" machi="17" ten="30,8000,1" yaku="7,1,25,2,52,1,54,1" doraHai="79" who="2" fromWho="0" sc="264,-80,187,0,401,80,148,0" owari="184,-22.0,187,-1.0,481,58.0,148,-35.0" /></mjloggm>