<mjloggm ver="2.3"><GO type="169" lobby="0"/><UN n0="%E3%82%A6%E3%83%AB%E3%83%88%E3%83%A9%E7%AB%8B%E7%9B%B4" n1="%E3%83%89%E3%83%BC%E3%83%B3%E3%83%89" n2="%E6%9D%BE%E5%B1%8B%E3%81%8A%E3%81%98%E3%81%95%E3%82%93" n3="%4F%4E%41%4B%41%4E" dan="17,16,17,16" rate="2198.16,2044.64,2141.83,2055.78" sx="M,M,M,M"/><TAIKYOKU oya="0"/><INIT seed="0,0,0,1,1,49" ten="250,250,250,250" oya="0" hai0="114,2,82,121,119,135,41,14,32,55,70,86,130" hai1="60,76,12,29,34,73,66,69,107,64,101,92,63" hai2="95,109,36,102,120,106,133,103,31,43,50,118,39" hai3="0,58,23,46,90,59,48,104,4,132,38,52,9"/><T47/><D2/><U51/><E12/><V78/><F106/><W84/><G132/><T134/><D121/><U35/><E92/><V22/><F78/><W99/><G38/><T7/><D32/><U57/><E76/><V5/><F5/><W116/><G116/><T18/><D70/><U126/><E126/><V65/><F65/><W75/><G75/><T45/><D7/><U79/><E79/><V96/><F120/><W24/><G104/><T13/><D119/><U122/><E73/><V16/><F103/><W88/><G99/><T3/><D135/><U87/><E87/><V91/><F102/><W97/><G97/><T115/><D3/><U71/><E122/><V67/><F67/><W100/><G100/><T15/><D134/><U42/><E29/><V113/><F31/><W28/><G90/><N who="0" m="51543" /><D115/><U10/><E10/><V131/><F113/><W117/><G117/><T72/><D72/><U111/><E111/><V81/><F81/><AGARI ba="0,0" hai="0,4,9,23,24,28,46,48,52,58,59,81,84,88" machi="81" ten="30,7700,0" yaku="7,1,52,1,54,2" doraHai="49" who="3" fromWho="2" sc="250,0,250,0,250,-77,250,77" /><INIT seed="1,0,0,4,1,52" ten="250,250,173,327" oya="1" hai0="55,105,59,58,32,106,101,34,20,82,21,104,129" hai1="115,88,7,47,51,98,127,15,135,9,19,50,85" hai2="80,41,121,31,18,2,3,81,103,87,133,69,132" hai3="38,118,33,77,112,97,71,63,116,29,95,62,36"/><U99/><E115/><V49/><F69/><W0/><G0/><T123/><D101/><U64/><E127/><V23/><F121/><W16/><G77/><T11/><D55/><U67/><E135/><N who="2" m="51787" /><F103/><N who="3" m="60863" /><G112/><T68/><D68/><U89/><E89/><N who="2" m="51431" /><F31/><W108/><G108/><T44/><D82/><N who="1" m="49207" /><E7/><V37/><F37/><N who="3" m="14443" /><G71/><T110/><D110/><U35/><E35/><V114/><F114/><W78/><G78/><T94/><D94/><U111/><E111/><V79/><F49/><N who="1" m="18441" /><E47/><V13/><F41/><W125/><G125/><T8/><D44/><U131/><E131/><V53/><F53/><W1/><G33/><T25/><D106/><U73/><E73/><AGARI ba="0,0" hai="2,3,13,18,23,73,79,81" m="51431,51787" machi="73" ten="30,1000,0" yaku="20,1" doraHai="52" who="2" fromWho="1" sc="250,0,250,-10,173,10,327,0" /><INIT seed="2,0,0,1,4,26" ten="250,240,183,327" oya="2" hai0="37,122,72,130,30,98,19,133,50,118,119,28,74" hai1="40,54,44,0,134,78,31,9,108,27,45,99,94" hai2="61,115,43,65,95,49,93,13,29,86,107,70,42" hai3="135,113,4,67,116,125,103,71,68,81,48,77,64"/><V112/><F107/><W91/><G116/><N who="0" m="44587" /><D37/><U14/><E0/><V53/><F93/><W47/><G135/><T117/><D117/><U36/><E134/><V66/><F29/><N who="0" m="11370" /><D133/><U100/><E78/><V124/><F13/><W6/><G6/><T128/><D122/><U121/><E108/><V24/><F24/><W76/><G4/><T20/><D50/><U5/><E121/><V3/><F95/><W51/><G51/><T41/><D41/><N who="2" m="15370" /><F86/><W25/><G48/><T2/><D2/><U22/><E45/><N who="2" m="27823" /><F3/><W73/><G47/><T46/><D46/><U131/><E131/><N who="0" m="50217" /><D98/><U58/><E44/><V38/><F38/><W129/><G129/><T120/><D120/><U75/><E36/><V92/><F115/><W97/><G97/><T7/><D7/><U105/><E5/><V32/><F112/><W80/><G113/><T55/><D55/><U88/><E54/><V82/><F124/><W104/><G125/><T18/><D18/><U84/><E99/><V15/><F66/><W111/><G67/><T126/><D126/><U10/><E31/><V11/><F65/><W34/><G64/><T8/><D8/><U102/><E9/><V85/><F11/><W23/><G71/><T52/><D52/><U33/><E10/><V109/><F70/><W39/><G68/><T16/><D16/><U79/><E79/><V56/><F56/><W90/><G77/><T12/><AGARI ba="0,0" hai="12,19,20,72,74" m="50217,11370,44587" machi="12" ten="40,8000,1" yaku="12,1,19,1,52,3" doraHai="26" who="0" fromWho="0" sc="250,80,240,-20,183,-40,327,-20" /><INIT seed="3,0,0,1,4,129" ten="330,220,143,307" oya="3" hai0="107,31,52,66,81,59,98,24,20,115,83,6,126" hai1="109,127,110,122,74,56,34,8,55,121,63,76,71" hai2="62,135,118,92,64,79,5,40,88,11,25,108,101" hai3="103,35,53,82,73,132,16,93,104,116,75,0,68"/><W45/><G35/><T50/><D126/><U47/><E34/><V2/><F118/><W125/><G0/><T65/><D115/><U94/><E127/><V100/><F108/><N who="1" m="41577" /><E8/><V97/><F40/><W70/><G104/><T23/><D6/><U10/><E10/><V123/><F123/><W28/><G28/><T44/><D23/><U95/><E71/><V1/><F1/><W51/><G116/><T29/><D29/><U41/><E76/><V90/><F79/><W39/><G39/><T15/><D15/><U58/><E56/><V133/><F90/><W48/><G70/><T17/><D31/><U3/><E74/><V111/><F25/><W120/><G68/><T27/><D27/><U13/><E13/><V32/><F32/><W117/><G73/><T33/><D33/><U134/><E3/><V57/><REACH who="2" step="1"/><F111/><REACH who="2" ten="330,220,133,307" step="2"/><W72/><G117/><T114/><D24/><U38/><E121/><V18/><F18/><W130/><G16/><T22/><D17/><U43/><E122/><V87/><F87/><W4/><G75/><T106/><D114/><U96/><E43/><V78/><F78/><W42/><G72/><T85/><D85/><U112/><E112/><V14/><F14/><W128/><G120/><T67/><D98/><U119/><E96/><V80/><F80/><W77/><G82/><T124/><D83/><U54/><E119/><V105/><F105/><W36/><G77/><T7/><D81/><U113/><E113/><V60/><F60/><W9/><G42/><N who="0" m="24855" /><D124/><U37/><E63/><V89/><F89/><W30/><G125/><T61/><D7/><RYUUKYOKU ba="0,1" sc="330,15,220,-15,133,15,307,-15" hai0="20,22,52,59,61,65,66,67,106,107" hai2="2,5,11,57,62,64,88,92,97,100,101,133,135" /><INIT seed="4,1,1,1,4,66" ten="345,205,148,292" oya="0" hai0="10,69,72,67,30,73,75,1,74,127,84,91,52" hai1="97,25,21,26,125,108,134,114,90,77,123,45,4" hai2="128,117,76,130,42,27,124,118,55,53,64,94,12" hai3="57,51,78,61,112,110,13,32,24,59,56,98,43"/><T93/><D127/><U2/><E123/><V85/><F42/><W70/><G110/><T41/><D41/><U68/><E108/><V81/><F124/><W105/><G78/><T35/><D75/><U49/><E125/><V82/><F64/><N who="3" m="41231" /><G13/><T89/><D30/><U7/><E134/><V8/><F27/><W80/><G80/><T18/><D35/><U28/><E68/><V19/><F94/><W36/><G112/><T5/><D18/><U17/><E77/><V119/><REACH who="2" step="1"/><F82/><REACH who="2" ten="345,205,138,292" step="2"/><W29/><G43/><T16/><D93/><N who="1" m="56503" /><E114/><V101/><F101/><N who="3" m="62647" /><G36/><T40/><D67/><U83/><E83/><V20/><F20/><W39/><G39/><T102/><D40/><N who="1" m="24743" /><E2/><V65/><F65/><W11/><G11/><T100/><D10/><U126/><E126/><V34/><F34/><W95/><G95/><T131/><D1/><U9/><E26/><V44/><F44/><W62/><G62/><T33/><D33/><U37/><E37/><V111/><F111/><W15/><G15/><AGARI ba="1,2" hai="4,7,9,15,17,21,25,28" m="24743,56503" machi="15" ten="30,1000,0" yaku="8,1" doraHai="66" who="1" fromWho="3" sc="345,0,205,33,138,0,292,-13" /><INIT seed="5,0,0,2,3,13" ten="345,238,138,279" oya="1" hai0="65,6,86,132,29,91,120,102,16,113,70,121,100" hai1="83,69,112,8,19,124,72,57,115,90,104,71,116" hai2="117,134,1,110,56,17,87,84,109,58,130,2,32" hai3="55,93,25,126,85,43,97,5,62,30,52,122,50"/><U77/><E116/><V21/><F21/><N who="3" m="15663" /><G126/><T73/><D73/><U111/><E104/><V11/><F11/><W98/><G5/><T119/><D119/><U128/><E124/><V46/><F117/><W39/><G39/><T66/><D29/><U89/><E128/><V18/><F46/><N who="3" m="25951" /><G122/><N who="0" m="47211" /><D6/><U99/><E57/><V20/><F20/><W54/><G85/><T61/><D113/><N who="1" m="43595" /><E111/><V15/><F15/><W45/><G62/><T95/><D66/><U92/><E90/><V101/><F101/><N who="3" m="60591" /><G98/><T22/><D132/><U123/><E123/><V131/><REACH who="2" step="1"/><F32/><REACH who="2" ten="345,238,128,279" step="2"/><W31/><G31/><T63/><D102/><U40/><E8/><V103/><F103/><W74/><G74/><T33/><D100/><U107/><E107/><V105/><F105/><W4/><G4/><T51/><D33/><U59/><E72/><V68/><F68/><W27/><G27/><T0/><D70/><U47/><E71/><V36/><F36/><W12/><G12/><T9/><D9/><U3/><E69/><V76/><F76/><W64/><G45/><T133/><D22/><U108/><E47/><V80/><F80/><W88/><G88/><T41/><D91/><U82/><E89/><V106/><F106/><W78/><G78/><T79/><D79/><U38/><E77/><V135/><AGARI ba="0,1" hai="1,2,17,18,56,58,84,87,109,110,130,131,134,135" machi="135" ten="25,12000,2" yaku="1,1,0,1,22,2,52,2,53,0" doraHai="13" doraHaiUra="28" who="2" fromWho="2" sc="345,-30,238,-60,128,130,279,-30" /><INIT seed="6,0,0,4,3,17" ten="315,178,258,249" oya="2" hai0="96,111,115,21,41,117,67,131,1,130,43,72,23" hai1="45,97,62,56,129,133,102,74,63,90,66,28,65" hai2="29,77,80,116,40,86,88,95,7,46,30,60,120" hai3="55,50,42,37,124,87,18,121,106,108,76,107,99"/><V83/><F116/><W123/><G108/><T20/><D111/><U114/><E74/><V14/><F120/><W64/><G64/><T134/><D1/><U27/><E114/><V59/><F7/><W93/><G42/><T125/><D72/><U84/><E133/><V85/><F14/><W109/><G37/><T104/><D134/><U10/><E129/><N who="0" m="49161" /><D115/><U98/><E10/><V105/><F83/><W16/><G109/><T92/><D125/><U82/><E45/><V5/><F5/><W75/><G75/><T48/><D104/><U100/><E100/><V61/><F105/><W22/><G18/><T101/><D117/><U26/><E26/><V11/><F11/><W68/><G68/><T8/><D8/><U15/><E15/><V52/><REACH who="2" step="1"/><F61/><REACH who="2" ten="315,178,248,249" step="2"/><W3/><G107/><T89/><D48/><AGARI ba="0,1" hai="29,30,40,46,48,52,59,60,77,80,85,86,88,95" machi="48" ten="30,18000,2" yaku="1,1,2,1,7,1,8,1,54,2,53,0" doraHai="17" doraHaiUra="6" who="2" fromWho="0" sc="315,-180,178,0,248,190,249,0" /><INIT seed="6,1,0,0,1,22" ten="135,178,438,249" oya="2" hai0="107,103,129,23,26,114,2,58,51,21,13,84,33" hai1="109,108,66,125,119,111,8,14,15,47,68,24,91" hai2="96,121,74,6,99,85,80,18,7,55,105,97,86" hai3="71,64,124,31,54,34,100,95,79,81,35,73,135"/><V88/><F121/><W4/><G135/><T93/><D2/><U10/><E119/><V17/><F74/><W1/><G124/><T30/><D129/><U110/><E125/><V27/><F105/><W126/><G126/><T104/><D114/><U130/><E47/><V115/><F115/><W3/><G54/><T37/><D37/><U9/><E91/><V76/><F55/><W5/><G95/><T62/><D33/><U112/><E66/><V48/><F48/><W29/><G100/><T131/><D131/><U52/><E52/><V20/><REACH who="2" step="1"/><F18/><REACH who="2" ten="135,178,428,249" step="2"/><W19/><G19/><T113/><D51/><U44/><E112/><V94/><AGARI ba="1,1" hai="6,7,17,20,27,76,80,85,86,88,94,96,97,99" machi="94" ten="30,24000,3" yaku="1,1,2,1,0,1,8,1,52,1,54,1,53,3" doraHai="22" doraHaiUra="92" who="2" fromWho="2" sc="135,-81,178,-81,428,253,249,-81" /><INIT seed="6,2,0,4,5,41" ten="54,97,681,168" oya="2" hai0="109,70,101,36,17,8,107,129,24,133,6,67,81" hai1="75,2,39,52,88,104,135,11,76,132,4,20,84" hai2="89,12,26,80,114,32,35,14,63,83,22,56,7" hai3="27,54,108,99,58,105,120,123,119,121,71,87,37"/><V0/><F0/><W118/><G105/><T19/><D109/><U18/><E104/><V102/><F102/><W78/><G78/><T126/><D126/><U57/><E39/><V112/><F83/><W103/><G87/><T124/><D129/><U34/><E34/><N who="2" m="12843" /><F89/><W48/><G27/><T117/><D133/><U64/><E64/><V15/><F80/><W90/><G103/><T127/><D124/><U29/><E29/><N who="2" m="17623" /><F56/><W73/><G99/><T1/><D127/><U106/><E106/><V3/><F63/><W59/><G90/><T68/><D117/><N who="3" m="44553" /><G73/><T5/><D36/><U53/><E53/><V33/><N who="2" m="12851" /><V38/><DORA hai="40" /><F38/><W42/><G108/><T16/><D81/><U47/><E57/><V50/><F50/><W65/><G58/><T23/><D6/><U55/><E76/><V97/><F97/><W9/><G37/><T44/><D101/><U72/><E72/><V10/><AGARI ba="2,0" hai="3,7,10,12,14,15,112,114" m="17623,12851" machi="10" ten="50,4800,0" yaku="34,2" doraHai="41,40" who="2" fromWho="2" sc="54,-18,97,-18,681,54,168,-18" /><INIT seed="6,3,0,0,1,59" ten="36,79,735,150" oya="2" hai0="131,37,7,107,109,19,126,90,3,72,18,31,38" hai1="25,10,48,36,13,58,127,33,55,4,113,129,97" hai2="105,130,80,116,74,39,112,20,66,16,132,120,44" hai3="114,77,123,82,51,65,71,52,9,30,101,2,111"/><V43/><F116/><W42/><G123/><T47/><D109/><U27/><E36/><V17/><F120/><W110/><G42/><T24/><D126/><U64/><E127/><V12/><F105/><W60/><G114/><T14/><D131/><U53/><E129/><V50/><F130/><W57/><G30/><T91/><D72/><U124/><E33/><V108/><F112/><W49/><G101/><T1/><D107/><U61/><E124/><V68/><F132/><W73/><G49/><T103/><D103/><U23/><E113/><V22/><F108/><W96/><G96/><T62/><D38/><U85/><E97/><V93/><F93/><W100/><G100/><T119/><D119/><U6/><E85/><V89/><F39/><W35/><G35/><T21/><D47/><U41/><E4/><V70/><F66/><W40/><G40/><T63/><D37/><U54/><E23/><V79/><REACH who="2" step="1"/><F89/><REACH who="2" ten="36,79,725,150" step="2"/><N who="0" m="33802" /><D1/><U115/><E115/><V99/><F99/><W98/><G98/><T28/><D3/><U46/><AGARI ba="3,1" hai="6,10,13,25,27,41,46,48,53,54,55,58,61,64" machi="46" ten="30,4000,0" yaku="0,1,8,1,52,1" doraHai="59" who="1" fromWho="1" sc="36,-13,79,59,725,-23,150,-13" /><INIT seed="7,0,0,5,5,88" ten="23,138,702,137" oya="3" hai0="55,32,9,56,114,130,117,67,68,49,41,134,98" hai1="61,48,115,90,100,62,38,66,71,64,128,40,82" hai2="79,58,18,119,129,42,10,72,44,120,50,30,118" hai3="89,43,59,126,24,135,23,105,93,96,84,6,132"/><W106/><G126/><T91/><D32/><U20/><E100/><V92/><F120/><W60/><G43/><T95/><D130/><U13/><E20/><V26/><F129/><W34/><G6/><T113/><D117/><U51/><E13/><V87/><F72/><W52/><G34/><T76/><D76/><U1/><E90/><V19/><F118/><W25/><G25/><T86/><D9/><U63/><E82/><N who="2" m="47583" /><F119/><W111/><G111/><T108/><D108/><U36/><E1/><V11/><F30/><W7/><G7/><T112/><D134/><N who="3" m="51241" /><G84/><T29/><D29/><AGARI ba="0,0" hai="23,24,29,52,59,60,89,93,96,105,106" m="51241" machi="29" ten="30,5800,0" yaku="20,1,52,1,54,1" doraHai="88" who="3" fromWho="0" sc="23,-58,138,0,702,0,137,58" owari="-35,-54.0,138,-26.0,702,80.0,195,0.0" /></mjloggm>