<mjloggm ver="2.3"><GO type="97" lobby="0"/><UN n0="%E3%82%AB%E3%83%A9%E3%82%B9%E3%81%AE%E5%AD%90" n1="%E5%B0%B1%E6%B4%BB%E7%94%9F%40%E5%B7%9D%E6%9D%91%E8%BB%8D%E5%9B%A3" n2="%E3%81%BF%E3%81%95%E3%81%8D%E3%82%93%E3%81%8E%E3%82%87" n3="%E3%81%9F%E3%81%93%E3%81%99%E3%82%86%E3%83%BC%E3%81%8D" dan="15,15,14,14" rate="1967.53,2044.41,1959.03,2000.52" sx="M,M,F,F"/><TAIKYOKU oya="0"/><INIT seed="0,0,0,1,5,7" ten="250,250,250,250" oya="0" hai0="100,36,19,6,79,103,126,5,58,108,83,69,71" hai1="86,113,43,119,9,17,38,50,107,77,52,37,48" hai2="124,130,123,80,97,61,75,133,27,70,111,128,63" hai3="115,0,55,132,42,88,47,84,90,112,101,16,44"/><T18/><D36/><U46/><E119/><V120/><F27/><W40/><G101/><T57/><D83/><N who="1" m="47471" /><E38/><V94/><F133/><W30/><G132/><T74/><D79/><U10/><E37/><V135/><F135/><W62/><G84/><T73/><REACH who="0" step="1"/><D108/><REACH who="0" ten="240,250,250,250" step="2"/><U104/><E113/><V72/><F111/><W134/><G134/><T91/><D91/><U76/><E76/><V122/><F80/><W33/><G88/><T12/><D12/><N who="1" m="7311" /><E107/><V65/><F124/><AGARI ba="0,1" hai="5,6,18,19,57,58,69,71,73,74,100,103,124,126" machi="124" ten="25,4800,0" yaku="1,1,22,2,53,0" doraHai="7" doraHaiUra="114" who="0" fromWho="2" sc="240,58,250,0,250,-48,250,0" /><INIT seed="0,1,0,2,5,103" ten="298,250,202,250" oya="0" hai0="85,109,31,110,65,86,48,46,79,121,82,119,25" hai1="114,69,105,134,24,21,54,81,125,113,116,133,132" hai2="23,129,120,55,36,84,47,16,40,34,19,94,20" hai3="108,72,131,87,101,22,3,41,8,126,53,83,11"/><T4/><D121/><U127/><E69/><V73/><F120/><W90/><G41/><T64/><D119/><U49/><E116/><V89/><F34/><W70/><G70/><T62/><D86/><U13/><E13/><V28/><F73/><W59/><G108/><N who="0" m="41579" /><D4/><U92/><E105/><V122/><F122/><W93/><G126/><N who="1" m="48138" /><E92/><V56/><F129/><W39/><G39/><T2/><D2/><U135/><E81/><V38/><F38/><W60/><G131/><T102/><D62/><U52/><N who="1" m="34304" /><DORA hai="98" /><U106/><E106/><V97/><F84/><W100/><G3/><T50/><D102/><N who="3" m="39529" /><G72/><T66/><D46/><N who="1" m="27703" /><E54/><V123/><F123/><W78/><G22/><AGARI ba="1,0" hai="22,25,31,48,50,64,65,66,79,82,85" m="41579" machi="22" ten="30,2900,0" yaku="14,1,10,1" doraHai="103,98" who="0" fromWho="3" sc="298,32,250,0,202,0,250,-32" /><INIT seed="0,2,0,3,0,99" ten="330,250,202,218" oya="0" hai0="123,63,43,103,90,112,64,33,55,116,58,134,117" hai1="50,113,16,37,30,9,11,38,1,45,81,6,120" hai2="87,129,66,34,3,92,83,118,124,60,18,93,85" hai3="44,51,88,135,76,72,94,36,15,4,79,46,86"/><T82/><D33/><U97/><E113/><V71/><F3/><W108/><G108/><T73/><D112/><U75/><E120/><V110/><F34/><W107/><G107/><T84/><D123/><U65/><E30/><V91/><F118/><W0/><G0/><T25/><D134/><U35/><E35/><V102/><F129/><W125/><G135/><T31/><D73/><U21/><E65/><V39/><F39/><W101/><G125/><T54/><D43/><U133/><E133/><V115/><F115/><W74/><G36/><T80/><D117/><U104/><E9/><V47/><F124/><W98/><G72/><T10/><D116/><U122/><E122/><V17/><F47/><W57/><G74/><T13/><D82/><U49/><E104/><V89/><REACH who="2" step="1"/><F110/><REACH who="2" ten="330,250,192,218" step="2"/><W20/><G44/><T109/><D109/><U96/><E38/><V95/><F95/><N who="3" m="58591" /><G57/><T70/><D58/><U14/><E37/><V132/><F132/><W119/><G119/><T5/><D70/><U128/><E128/><V61/><F61/><W100/><G100/><T68/><D103/><U77/><REACH who="1" step="1"/><E50/><REACH who="1" ten="330,240,192,218" step="2"/><V8/><F8/><N who="3" m="4487" /><G20/><T131/><D131/><U42/><AGARI ba="2,2" hai="1,6,11,14,16,21,42,45,49,75,77,81,96,97" machi="42" ten="20,5200,0" yaku="1,1,0,1,7,1,54,1,53,0" doraHai="99" doraHaiUra="48" who="1" fromWho="1" sc="330,-28,240,78,192,-15,218,-15" /><INIT seed="1,0,0,1,4,35" ten="302,318,177,203" oya="1" hai0="135,90,111,20,44,98,56,94,60,37,64,89,10" hai1="59,57,11,117,105,49,93,76,29,40,73,18,120" hai2="92,54,126,128,2,83,38,25,85,108,19,14,101" hai3="27,53,67,127,99,106,42,63,122,91,114,79,12"/><U6/><E120/><V86/><F38/><W75/><G122/><T72/><D72/><U68/><E105/><V70/><F70/><W71/><G114/><T118/><D118/><U132/><E68/><V24/><F128/><W115/><G115/><T16/><D111/><U48/><E117/><V81/><F126/><W66/><G127/><T104/><D104/><U21/><E132/><V116/><F116/><W36/><G67/><T13/><D135/><U30/><E76/><V97/><F108/><W45/><G12/><T50/><D37/><U100/><E73/><V69/><F69/><W8/><G8/><T31/><D31/><U33/><E33/><V103/><F103/><W43/><G43/><N who="0" m="24863" /><D10/><U80/><E80/><V32/><F32/><W129/><G129/><T22/><D22/><U1/><E93/><V82/><F2/><W61/><G61/><T107/><D107/><U0/><E100/><AGARI ba="0,0" hai="13,16,20,56,60,64,89,90,94,98,100" m="24863" machi="100" ten="30,2000,0" yaku="8,1,54,1" doraHai="35" who="0" fromWho="1" sc="302,20,318,-20,177,0,203,0" /><INIT seed="2,0,0,3,5,86" ten="322,298,177,203" oya="2" hai0="103,67,2,127,109,17,19,31,130,93,35,71,38" hai1="20,105,90,42,135,25,85,62,120,79,44,129,51" hai2="94,22,117,131,88,82,64,15,8,58,12,112,83" hai3="32,69,11,37,45,113,107,66,0,128,24,60,106"/><V41/><F117/><W104/><G113/><T5/><D109/><U6/><E105/><V26/><F112/><W96/><G128/><T101/><D130/><U95/><E120/><V33/><F33/><W70/><G70/><T48/><D38/><U18/><E129/><V1/><F1/><W4/><G45/><T16/><D127/><U55/><E135/><V75/><F75/><W100/><REACH who="3" step="1"/><G37/><REACH who="3" ten="322,298,177,193" step="2"/><T52/><D71/><U10/><E79/><V111/><F131/><W134/><G134/><T78/><D78/><U29/><E29/><AGARI ba="0,1" hai="0,4,11,24,29,32,60,66,69,96,100,104,106,107" machi="29" ten="40,12000,2" yaku="1,1,25,2,33,3,53,0" doraHai="86" doraHaiUra="119" who="3" fromWho="1" sc="322,0,298,-120,177,0,193,130" /><INIT seed="3,0,0,0,0,53" ten="322,178,177,323" oya="3" hai0="101,130,114,27,9,88,18,37,109,16,122,123,15" hai1="112,4,91,29,39,78,49,11,99,8,3,1,28" hai2="10,117,125,60,42,19,70,68,85,105,113,40,24" hai3="72,73,47,87,126,86,33,89,32,59,64,98,55"/><W103/><G64/><T90/><D37/><U69/><E39/><V46/><F113/><W116/><G116/><T45/><D114/><U57/><E69/><V76/><F105/><W35/><G47/><T107/><D123/><U36/><E36/><V31/><F117/><W17/><G17/><T96/><D122/><U41/><E112/><V134/><F70/><W63/><G126/><T135/><D109/><U77/><E3/><V54/><F125/><W65/><G65/><T67/><D135/><U92/><E1/><V132/><F68/><W61/><G61/><T127/><D127/><U30/><E4/><V97/><F97/><W84/><REACH who="3" step="1"/><G89/><REACH who="3" ten="322,178,177,313" step="2"/><T52/><D67/><U7/><E7/><V75/><F134/><W120/><G120/><T25/><D130/><U44/><E57/><N who="2" m="34871" /><F132/><W22/><G22/><T82/><D90/><U100/><E91/><V43/><F46/><W2/><G2/><T93/><D18/><U12/><E12/><N who="2" m="7575" /><F75/><W21/><G21/><T5/><D5/><U94/><E11/><V58/><F58/><W124/><G124/><T23/><D23/><U80/><E8/><V102/><F102/><W0/><G0/><T95/><D27/><U14/><E14/><V26/><F31/><W115/><G115/><T111/><D25/><U38/><E38/><V74/><F74/><W128/><G128/><T129/><D129/><U118/><E118/><V20/><F20/><W13/><G13/><T71/><D71/><U110/><E110/><V104/><F104/><AGARI ba="0,1" hai="32,33,35,55,59,63,72,73,84,86,87,98,103,104" machi="104" ten="50,4800,0" yaku="1,1,52,1,53,0" doraHai="53" doraHaiUra="79" who="3" fromWho="2" sc="322,0,178,0,177,-48,313,58" owari="322,12.0,178,-22.0,129,-37.0,371,47.0" /></mjloggm>