<mjloggm ver="2.3"><GO type="97" lobby="0"/><UN n0="%E6%AF%92%E9%9B%BB%E6%B3%A2%E6%99%82%E8%A8%88" n1="%E4%B8%8A%E6%9D%89%E8%AC%99%E7%8F%8D" n2="%6B%6A%30%38%32%36" n3="%E5%B0%B1%E6%B4%BB%E7%94%9F%40%E5%B7%9D%E6%9D%91%E8%BB%8D%E5%9B%A3" dan="15,15,13,14" rate="2051.44,2091.10,1949.34,1966.48" sx="M,M,M,M"/><TAIKYOKU oya="0"/><INIT seed="0,0,0,1,2,16" ten="250,250,250,250" oya="0" hai0="47,53,52,35,57,62,102,132,42,2,128,27,107" hai1="131,104,15,110,96,91,3,31,92,25,26,59,116" hai2="24,58,50,4,65,123,124,44,12,93,70,130,29" hai3="87,120,125,134,126,45,79,103,71,77,48,106,0"/><T19/><D2/><U22/><E116/><V72/><F123/><W61/><G0/><T37/><D132/><U64/><E3/><V28/><F72/><W1/><G1/><T10/><D128/><U83/><E131/><V95/><F70/><W60/><G120/><T5/><D5/><U122/><E122/><V82/><F130/><W89/><G134/><T105/><D102/><U30/><E104/><V21/><F124/><N who="3" m="47723" /><G103/><T51/><D35/><U73/><E110/><V129/><F129/><W75/><G106/><T17/><D17/><U36/><E36/><V9/><F82/><N who="3" m="45375" /><G79/><T43/><D43/><U63/><E15/><V81/><F29/><W127/><G71/><T101/><D101/><U119/><E119/><V76/><F58/><W84/><N who="3" m="47731" /><W74/><DORA hai="118" /><G74/><T55/><D10/><U80/><E73/><V68/><F68/><W67/><G67/><T133/><D133/><U38/><REACH who="1" step="1"/><E38/><REACH who="1" ten="250,240,250,250" step="2"/><V97/><F65/><W111/><G111/><T8/><D105/><U13/><E13/><V90/><F76/><W100/><G100/><T20/><D107/><U34/><AGARI ba="0,1" hai="22,25,26,30,31,34,59,63,64,80,83,91,92,96" machi="34" ten="20,5200,0" yaku="1,1,0,1,7,1,52,1,53,0" doraHai="16,118" doraHaiUra="117,69" who="1" fromWho="1" sc="250,-26,240,62,250,-13,250,-13" /><INIT seed="1,0,0,3,0,131" ten="224,302,237,237" oya="1" hai0="135,46,125,80,113,69,100,2,76,88,60,9,71" hai1="32,99,130,117,7,107,11,84,8,62,30,29,70" hai2="110,6,119,39,118,129,12,75,109,121,10,16,133" hai3="106,44,105,52,20,4,85,54,79,77,35,68,48"/><U115/><E117/><N who="2" m="44555" /><F39/><W28/><G68/><T116/><D113/><U25/><E115/><V26/><F75/><W40/><G35/><T72/><D125/><U47/><E130/><V96/><F96/><W104/><G4/><T27/><D100/><N who="1" m="62879" /><E30/><V67/><F67/><W101/><G101/><T51/><D116/><U3/><E11/><V74/><F74/><W112/><G112/><T49/><D27/><U63/><E63/><V95/><F95/><W18/><G28/><T56/><D9/><U65/><E47/><V91/><F91/><W123/><G123/><T126/><D2/><U66/><E66/><V17/><F129/><W120/><G120/><T31/><D31/><U97/><E97/><V102/><F102/><W82/><REACH who="3" step="1"/><G77/><REACH who="3" ten="224,302,237,227" step="2"/><T21/><D76/><U0/><E84/><V53/><F121/><W58/><G58/><T78/><D56/><U127/><E127/><V42/><F42/><W13/><AGARI ba="0,1" hai="13,18,20,40,44,48,52,54,79,82,85,104,105,106" machi="13" ten="30,4000,0" yaku="1,1,0,1,54,1,53,0" doraHai="131" doraHaiUra="64" who="3" fromWho="3" sc="224,-10,302,-20,237,-10,227,50" /><INIT seed="2,0,0,5,1,88" ten="214,282,227,277" oya="2" hai0="111,128,109,35,31,131,53,19,135,76,133,120,11" hai1="93,98,86,63,65,14,40,33,20,68,110,89,7" hai2="15,50,103,130,112,21,58,41,113,117,4,73,102" hai3="96,34,6,26,16,105,85,107,125,126,5,129,47"/><V116/><F73/><W30/><G129/><N who="0" m="49739" /><D76/><U82/><E33/><V8/><F130/><W106/><G85/><T32/><D120/><U77/><E110/><N who="0" m="41993" /><D53/><U87/><E40/><V104/><F104/><W124/><G47/><T72/><D72/><U42/><E42/><V122/><F122/><W24/><G96/><T57/><D57/><U54/><E54/><N who="2" m="32087" /><F117/><W12/><REACH who="3" step="1"/><G26/><REACH who="3" ten="214,282,227,267" step="2"/><N who="0" m="18551" /><D35/><U79/><E86/><V2/><F116/><W84/><G84/><T38/><D38/><U39/><E39/><V3/><F113/><W23/><AGARI ba="0,1" hai="5,6,12,16,23,24,30,34,105,106,107,124,125,126" machi="23" ten="40,8000,1" yaku="1,1,0,1,18,1,54,1,53,0" doraHai="88" doraHaiUra="70" who="3" fromWho="3" sc="214,-20,282,-20,227,-40,267,90" /><INIT seed="3,0,0,4,3,82" ten="194,262,187,357" oya="3" hai0="108,98,77,25,117,99,106,120,3,107,61,116,115" hai1="35,31,95,49,59,74,127,20,118,4,126,0,30" hai2="26,80,15,55,71,104,37,72,27,9,2,110,88" hai3="101,23,51,89,96,135,14,13,41,93,134,133,91"/><W68/><G68/><T123/><D3/><U16/><E74/><V81/><F104/><N who="0" m="39978" /><D61/><U109/><E95/><V114/><F71/><W28/><G28/><N who="1" m="10794" /><E49/><V39/><F114/><W21/><G21/><T112/><D25/><N who="1" m="14471" /><E59/><V46/><F2/><W36/><G36/><T38/><D38/><U43/><E43/><V24/><F110/><W84/><G23/><T42/><D42/><U70/><E70/><V86/><F80/><N who="3" m="49287" /><G101/><T5/><D5/><U50/><E50/><N who="2" m="29143" /><F72/><W34/><G34/><T87/><D108/><U44/><E44/><AGARI ba="0,0" hai="13,14,41,44,51,91,93,96,133,134,135" m="49287" machi="44" ten="30,2900,0" yaku="20,1,52,1" doraHai="82" who="3" fromWho="1" sc="194,0,262,-29,187,0,357,29" owari="194,-21.0,233,3.0,187,-31.0,386,49.0" /></mjloggm>