<mjloggm ver="2.3"><GO type="97" lobby="0"/><UN n0="%E6%9C%88%E3%83%9F%E7%85%A7%E2%98%86" n1="%E3%81%BF%E3%81%A1%E3%82%88%E3%82%93%E3%81%BD" n2="%E9%A3%AF%E7%94%B0%E2%96%A1" n3="%E3%83%88%E3%83%88%E3%83%AA%E5%85%88%E7%94%9F%31%39%E6%AD%B3" dan="13,13,15,14" rate="1984.44,1820.86,1982.49,2034.56" sx="M,M,M,F"/><TAIKYOKU oya="0"/><INIT seed="0,0,0,4,3,83" ten="250,250,250,250" oya="0" hai0="29,13,117,90,77,79,39,60,11,7,45,100,81" hai1="27,19,26,34,105,109,9,2,120,59,17,82,129" hai2="38,86,31,49,99,23,3,57,40,1,58,30,128" hai3="70,54,37,24,113,28,22,87,41,94,20,95,135"/><T85/><D117/><U68/><E120/><V63/><F128/><W132/><G113/><T8/><D29/><U32/><E129/><V108/><F38/><W112/><G112/><T93/><D60/><U97/><E68/><V78/><F99/><W65/><G54/><T25/><D25/><N who="1" m="9227" /><E82/><V50/><F23/><W134/><G22/><T46/><D39/><U123/><E59/><V91/><F78/><N who="0" m="29706" /><D8/><U72/><E72/><V116/><F116/><W118/><G118/><T73/><D73/><U102/><E123/><V125/><F125/><W56/><G70/><T101/><D101/><U69/><E69/><V130/><F130/><W80/><G56/><T106/><D106/><U96/><E105/><V61/><F40/><W110/><G65/><T62/><D62/><U126/><E102/><V42/><F42/><W64/><G64/><T103/><D103/><U98/><E126/><V48/><F48/><W75/><G75/><T35/><D35/><N who="1" m="13355" /><E109/><V107/><F108/><W55/><G110/><T131/><D131/><U92/><E92/><V67/><F67/><W119/><G119/><T122/><D122/><U16/><E9/><V4/><F107/><W89/><G94/><T44/><D100/><U18/><N who="1" m="4608" /><DORA hai="111" /><U47/><E47/><V10/><F10/><W133/><G133/><T5/><D93/><U104/><E104/><V115/><F50/><W76/><G95/><T43/><D43/><U52/><E52/><V74/><F49/><W33/><G55/><T15/><D46/><U127/><E127/><V84/><F74/><W6/><G134/><T12/><D11/><RYUUKYOKU ba="0,0" sc="250,15,250,15,250,-15,250,-15" hai0="5,7,12,13,15,44,45,81,85,90" hai1="2,96,97,98" /><INIT seed="0,1,0,3,1,109" ten="265,265,235,235" oya="0" hai0="95,99,96,3,71,79,21,24,37,2,86,39,35" hai1="42,61,67,60,69,121,116,83,49,36,18,132,46" hai2="92,64,15,55,126,20,110,73,80,51,62,1,134" hai3="63,13,65,102,40,74,70,43,31,33,76,120,44"/><T89/><D71/><U91/><E121/><V133/><F1/><W59/><G120/><T101/><D35/><U56/><E116/><V128/><F110/><W131/><G131/><T104/><D3/><U9/><E132/><V10/><F128/><W78/><G43/><T11/><D2/><U32/><E32/><V25/><F126/><W87/><G74/><T52/><D11/><U75/><E75/><V88/><F73/><W29/><G102/><T45/><D79/><U117/><E117/><V72/><F80/><W50/><G33/><T34/><D34/><U26/><E83/><V38/><F72/><W48/><G48/><T108/><D108/><U127/><E127/><V8/><F38/><W135/><G135/><T81/><D52/><N who="1" m="31759" /><E91/><V66/><F134/><W16/><G70/><T125/><D125/><U106/><E106/><V113/><F113/><W130/><G130/><T90/><REACH who="0" step="1"/><D45/><REACH who="0" ten="255,265,235,235" step="2"/><U82/><E9/><V93/><F8/><N who="3" m="6183" /><G78/><T97/><D97/><U111/><E111/><V100/><F10/><W7/><G7/><T58/><D58/><U124/><E124/><V68/><F55/><W122/><G122/><T6/><D6/><U114/><E61/><V17/><F62/><W0/><G0/><T103/><D103/><U19/><E114/><V54/><F68/><W4/><G4/><T105/><D105/><U84/><E26/><V115/><F25/><W118/><G118/><T107/><D107/><U47/><E47/><V119/><F119/><W53/><G53/><T28/><AGARI ba="1,1" hai="21,24,28,37,39,81,86,89,90,95,96,99,101,104" machi="28" ten="20,7800,0" yaku="1,1,0,1,7,1,53,1" doraHai="109" doraHaiUra="22" who="0" fromWho="0" sc="255,91,265,-27,235,-27,235,-27" /><INIT seed="0,2,0,0,5,109" ten="346,238,208,208" oya="0" hai0="103,2,72,100,46,31,127,75,71,82,70,118,126" hai1="105,52,25,37,40,114,73,84,10,24,27,42,36" hai2="14,94,89,30,50,125,77,0,102,86,56,35,93" hai3="48,80,95,61,63,58,123,121,13,59,68,16,74"/><T76/><D118/><U66/><E73/><V7/><F0/><W32/><G32/><T111/><D2/><U101/><E66/><V22/><F125/><N who="0" m="47626" /><D75/><U117/><E117/><V41/><F77/><N who="3" m="44087" /><G95/><T97/><D111/><U47/><E10/><V8/><F35/><W57/><G48/><T1/><D1/><U15/><E15/><V9/><F9/><N who="3" m="6191" /><G68/><N who="0" m="26155" /><D31/><U53/><E105/><V26/><F102/><N who="0" m="38954" /><D97/><U83/><E101/><V3/><F3/><W19/><G19/><T17/><D17/><U21/><E21/><V104/><F104/><W60/><G60/><T18/><D18/><U135/><E135/><V64/><F64/><N who="3" m="38959" /><G63/><T5/><D46/><U90/><E114/><V106/><F106/><W11/><G11/><T34/><D34/><U133/><REACH who="1" step="1"/><E133/><REACH who="1" ten="346,228,208,208" step="2"/><V88/><F22/><W91/><G59/><T130/><D72/><U67/><E67/><V6/><F56/><W124/><G58/><T120/><D5/><U12/><E12/><V65/><F7/><W28/><G124/><T134/><D134/><U92/><E92/><V115/><F65/><W39/><G123/><T45/><D120/><U44/><AGARI ba="2,1" hai="24,25,27,36,37,40,42,44,47,52,53,83,84,90" machi="44" ten="30,7900,0" yaku="1,1,0,1,9,1,54,1,53,0" doraHai="109" doraHaiUra="108" who="1" fromWho="1" sc="346,-41,228,95,208,-22,208,-22" /><INIT seed="1,0,0,5,1,133" ten="305,323,186,186" oya="1" hai0="65,109,86,101,70,47,106,91,9,120,75,24,62" hai1="27,5,122,3,37,84,44,126,16,39,68,111,107" hai2="15,40,19,80,14,6,7,41,49,64,52,72,87" hai3="38,77,85,54,79,88,110,78,83,73,31,48,130"/><U29/><E122/><V46/><F72/><W119/><G38/><T112/><D75/><U43/><E107/><V60/><F7/><W17/><G110/><T35/><D112/><U103/><E68/><V123/><F6/><W132/><G132/><T94/><D109/><U28/><E103/><V118/><F123/><W105/><G105/><T74/><D74/><U104/><E104/><V1/><F1/><W55/><G130/><T102/><D120/><U66/><E66/><V36/><F36/><W95/><G119/><T13/><D47/><U114/><E114/><V135/><F135/><W20/><G31/><T57/><D106/><U117/><E117/><V128/><F128/><W100/><G100/><T125/><D125/><U108/><E3/><V58/><F118/><W11/><G11/><T25/><D70/><U131/><E5/><V23/><F14/><W76/><REACH who="3" step="1"/><G48/><REACH who="3" ten="305,323,186,176" step="2"/><T30/><D102/><U42/><E131/><V61/><REACH who="2" step="1"/><F60/><REACH who="2" ten="305,323,176,176" step="2"/><W59/><G59/><T121/><D121/><U50/><E111/><V99/><F99/><W92/><G92/><T33/><D94/><U90/><E108/><V129/><F129/><W12/><AGARI ba="0,2" hai="12,17,20,54,55,73,76,77,78,79,83,85,88,95" machi="12" ten="30,4000,0" yaku="1,1,0,1,54,1,53,0" doraHai="133" doraHaiUra="113" who="3" fromWho="3" sc="305,-10,323,-20,176,-10,176,60" /><INIT seed="2,0,0,3,5,75" ten="295,303,166,236" oya="2" hai0="71,48,38,81,95,130,25,128,62,45,116,4,34" hai1="110,17,91,99,36,2,67,109,64,54,90,108,82" hai2="0,23,35,47,43,58,72,76,93,79,28,10,56" hai3="94,135,24,15,63,84,26,105,39,115,97,69,60"/><V9/><F35/><W13/><G39/><T65/><D38/><U11/><E36/><V33/><F33/><W118/><G118/><T59/><D4/><U121/><E54/><V126/><F126/><W101/><G135/><T20/><D34/><U5/><E121/><V125/><F125/><W68/><G115/><T12/><D116/><U112/><E112/><V77/><F72/><W61/><G105/><T37/><D37/><U87/><E17/><V89/><F0/><W51/><G51/><T55/><D12/><U8/><E8/><N who="2" m="3179" /><F47/><W114/><G114/><T131/><D81/><U86/><E99/><N who="2" m="57775" /><F43/><W74/><G74/><T6/><D6/><U98/><E98/><V41/><F41/><W21/><G69/><T1/><D95/><AGARI ba="0,0" hai="2,5,11,64,67,82,86,87,90,91,95,108,109,110" machi="95" ten="40,1300,0" yaku="14,1" doraHai="75" who="1" fromWho="0" sc="295,-13,303,13,166,0,236,0" /><INIT seed="3,0,0,3,0,74" ten="282,316,166,236" oya="3" hai0="112,30,46,8,97,20,102,79,128,56,99,40,125" hai1="71,114,118,107,12,120,48,66,3,134,117,65,24" hai2="27,14,55,78,110,62,2,32,29,47,60,94,61" hai3="101,10,7,88,36,9,103,121,132,68,23,35,53"/><W58/><G121/><T50/><D128/><U104/><E120/><V11/><F2/><W26/><G36/><T41/><D125/><U22/><E114/><V105/><F105/><N who="1" m="40521" /><E71/><V6/><F110/><W82/><G132/><T42/><D8/><N who="3" m="3177" /><G35/><T122/><D122/><U115/><E3/><V69/><F69/><W70/><G7/><T84/><D112/><U17/><E115/><V86/><F47/><W126/><G70/><T109/><D109/><U135/><E48/><V43/><F43/><W44/><G44/><T133/><D133/><N who="1" m="50699" /><E24/><V64/><F64/><AGARI ba="0,0" hai="12,17,22,64,65,66,117,118" m="50699,40521" machi="64" ten="40,1300,0" yaku="20,1" doraHai="74" who="1" fromWho="2" sc="282,0,316,13,166,-13,236,0" owari="282,8.0,329,43.0,153,-35.0,236,-16.0" /></mjloggm>