<mjloggm ver="2.3"><GO type="97" lobby="0"/><UN n0="%E5%B0%B1%E6%B4%BB%E7%94%9F%40%E5%B7%9D%E6%9D%91%E8%BB%8D%E5%9B%A3" n1="%6E%61%74%75%6B%69" n2="%E3%82%AC%E3%83%9F%E3%82%B4%E3%83%B3" n3="%53%E3%83%BB%E3%82%AB%E3%83%AB%E3%83%9E%E6%B0%8F" dan="14,13,14,14" rate="2003.76,1882.64,2107.05,1965.35" sx="M,M,M,M"/><TAIKYOKU oya="0"/><INIT seed="0,0,0,1,2,52" ten="250,250,250,250" oya="0" hai0="3,109,103,28,81,114,116,69,23,26,133,75,38" hai1="113,85,17,79,10,110,104,100,74,122,105,41,125" hai2="72,80,68,97,24,46,78,92,83,29,71,127,20" hai3="118,91,111,6,4,120,76,32,1,95,54,108,82"/><T115/><D116/><U36/><E36/><V43/><F83/><W45/><G118/><T56/><D69/><U135/><E41/><V42/><F42/><W63/><G120/><T15/><D38/><U119/><E10/><V121/><F127/><W131/><G32/><T53/><D3/><U132/><E17/><V126/><F126/><W0/><G131/><T130/><D130/><U107/><E119/><V5/><F5/><W67/><G95/><T62/><D103/><U117/><E117/><V129/><F121/><W31/><G31/><T64/><D133/><N who="1" m="51275" /><E122/><V106/><F106/><W112/><G91/><T90/><D109/><N who="3" m="42057" /><G112/><T96/><D75/><U2/><E2/><N who="3" m="1130" /><G54/><T14/><D115/><U16/><E110/><V50/><F129/><W93/><G93/><N who="0" m="56375" /><D114/><U86/><E100/><AGARI ba="0,0" hai="20,24,29,43,46,50,68,71,72,78,80,92,97,100" machi="100" ten="30,1000,0" yaku="7,1" doraHai="52" who="2" fromWho="1" sc="250,0,250,-10,250,10,250,0" /><INIT seed="1,0,0,4,3,91" ten="250,240,260,250" oya="1" hai0="129,36,63,41,54,120,101,0,17,32,70,26,6" hai1="122,111,40,19,29,8,61,81,45,121,39,16,34" hai2="53,113,57,87,21,67,83,31,42,64,69,107,65" hai3="10,97,25,14,116,130,33,95,99,86,15,108,11"/><U68/><E111/><V1/><F107/><W9/><G108/><T131/><D54/><U89/><E81/><V62/><F1/><W7/><G130/><N who="0" m="49675" /><D17/><U71/><E89/><N who="2" m="51455" /><F69/><W134/><G134/><T47/><D101/><U115/><E115/><V114/><F42/><W79/><G33/><T56/><D120/><U23/><E8/><V49/><F114/><W94/><G25/><T125/><D125/><U58/><E34/><V106/><F106/><W52/><G116/><T102/><D102/><U24/><E19/><V76/><F76/><W35/><G35/><T30/><D56/><U74/><E74/><V123/><F123/><W43/><G43/><T93/><D93/><N who="3" m="35337" /><G52/><T118/><D118/><U12/><E122/><V59/><F113/><W20/><G20/><T135/><D135/><U112/><E112/><V96/><F96/><N who="3" m="36939" /><G7/><T60/><D70/><U75/><E121/><V100/><F100/><W73/><G73/><T2/><D6/><U77/><E75/><V51/><F51/><W90/><G79/><T82/><D2/><U38/><E77/><V104/><F104/><W3/><G3/><T92/><D0/><U13/><E39/><V117/><F117/><W66/><G66/><T98/><D60/><U72/><E72/><V132/><F132/><W133/><G133/><T50/><D63/><U126/><E61/><N who="2" m="37951" /><F49/><W84/><G84/><T128/><N who="0" m="49683" /><T103/><DORA hai="18" /><D36/><U5/><E71/><V48/><F48/><W22/><G22/><T110/><D110/><U28/><E68/><V124/><F124/><W127/><G127/><T78/><D78/><RYUUKYOKU ba="0,0" sc="250,10,240,-30,260,10,250,10" hai0="26,30,32,41,47,50,82,92,98,103" hai2="21,31,53,57,62,65,67" hai3="9,10,11,14,15,86,90" /><INIT seed="2,1,0,1,1,90" ten="260,210,270,260" oya="2" hai0="82,45,2,121,91,53,43,103,106,31,95,89,71" hai1="36,50,84,49,120,17,93,0,9,60,94,131,56" hai2="122,47,102,27,34,15,76,118,41,30,80,48,18" hai3="35,19,104,58,108,14,125,124,68,61,127,113,10"/><V130/><F118/><W114/><G104/><T105/><D2/><U128/><E36/><V110/><F122/><W21/><G35/><T129/><D71/><U64/><E120/><V111/><F130/><N who="1" m="49705" /><E17/><V7/><F7/><W57/><G108/><N who="2" m="41513" /><F102/><W79/><G79/><T78/><D31/><U25/><E25/><V86/><F15/><N who="3" m="9471" /><G68/><T20/><D129/><U97/><E84/><V13/><F13/><W87/><G87/><N who="0" m="48599" /><D105/><U12/><E12/><V88/><F18/><N who="3" m="8535" /><G61/><T74/><D43/><U81/><E81/><V24/><F24/><W109/><G109/><T32/><D32/><U112/><E112/><AGARI ba="1,0" hai="57,58,112,113,114,124,125,127" m="8535,9471" machi="112" ten="40,2600,0" yaku="11,1,18,1" doraHai="90" who="3" fromWho="1" sc="260,0,210,-29,270,0,260,29" /><INIT seed="3,0,0,0,2,19" ten="260,181,270,289" oya="3" hai0="21,36,20,50,80,3,115,96,31,120,2,84,107" hai1="11,29,47,26,30,7,69,119,81,86,41,25,44" hai2="123,65,125,121,38,57,85,33,134,70,24,61,118" hai3="87,106,4,28,62,131,104,95,105,5,9,6,67"/><W117/><G117/><T127/><D120/><N who="2" m="46154" /><F85/><W128/><G28/><T112/><D36/><U46/><E119/><V135/><F33/><W100/><G9/><T18/><D127/><U56/><E69/><V111/><F24/><W10/><G10/><T90/><D31/><U43/><E56/><V129/><F118/><W75/><G75/><T55/><D107/><U99/><E99/><V79/><F79/><W66/><G87/><T132/><D96/><U52/><E52/><V92/><F92/><W14/><G14/><T102/><D102/><U63/><E63/><N who="2" m="40255" /><F111/><W53/><G95/><T35/><D35/><U130/><E130/><N who="3" m="49706" /><G100/><T0/><D18/><U54/><E54/><N who="2" m="33975" /><F129/><W37/><G37/><T1/><D132/><U122/><E122/><V39/><F125/><W72/><G72/><T51/><N who="0" m="512" /><DORA hai="15" /><T97/><D97/><U91/><E30/><V68/><F68/><W103/><G103/><T13/><D13/><N who="1" m="5375" /><E29/><V34/><F34/><W82/><G82/><T76/><D76/><U12/><E12/><V27/><F27/><AGARI ba="0,0" hai="25,26,27,41,43,44,46,47,81,86,91" m="5375" machi="27" ten="30,1000,0" yaku="8,1" doraHai="19,15" who="1" fromWho="2" sc="260,0,181,10,270,-10,289,0" /><INIT seed="4,0,0,2,3,119" ten="260,191,260,289" oya="0" hai0="42,124,7,27,89,56,38,116,117,57,133,12,1" hai1="45,118,90,105,0,16,58,121,93,14,110,2,36" hai2="88,64,53,24,43,54,126,95,25,20,91,55,71" hai3="63,104,112,5,81,102,44,82,120,59,100,49,37"/><T51/><D1/><U40/><E110/><V11/><F126/><W41/><G104/><T96/><D124/><U98/><E118/><V79/><F79/><W70/><G70/><T107/><D38/><U60/><E105/><V31/><F43/><W26/><G112/><T135/><D27/><U39/><E39/><V75/><F75/><W22/><G37/><T109/><D109/><U86/><E98/><V3/><F64/><N who="3" m="39039" /><G5/><T85/><D96/><U77/><E77/><V33/><F71/><W94/><G94/><N who="0" m="54575" /><D107/><U48/><E36/><V10/><F3/><W87/><G120/><T8/><D42/><U32/><E32/><V15/><F15/><W106/><G106/><T131/><D131/><U80/><E80/><N who="3" m="30826" /><G87/><T99/><D99/><U69/><E69/><V74/><F74/><W18/><AGARI ba="0,0" hai="18,22,26,41,44,49,100,102" m="30826,39039" machi="18" ten="30,1100,0" yaku="8,1" doraHai="119" who="3" fromWho="3" sc="260,-5,191,-3,260,-3,289,11" owari="255,-14.0,188,-31.0,257,6.0,300,39.0" /></mjloggm>