<mjloggm ver="2.3"><GO type="169" lobby="0"/><UN n0="%E3%82%B7%E3%83%A7%E3%83%BC%E3%83%9E" n1="%E3%81%BF%E3%81%86%E3%82%89" n2="%74%61%72%6F%33%39%30%30" n3="%E3%82%A6%E3%83%AB%E3%83%88%E3%83%A9%E7%AB%8B%E7%9B%B4" dan="16,16,17,16" rate="2111.64,2123.11,2151.58,2129.91" sx="M,M,M,M"/><TAIKYOKU oya="0"/><INIT seed="0,0,0,1,5,34" ten="250,250,250,250" oya="0" hai0="69,92,68,47,104,106,126,21,23,17,117,3,44" hai1="113,32,41,86,10,130,122,0,29,52,53,73,9" hai2="119,129,45,74,115,72,71,118,50,120,121,65,97" hai3="61,135,85,77,19,110,100,79,128,14,131,5,103"/><T87/><D117/><N who="2" m="44554" /><F115/><W90/><G5/><T91/><D126/><U63/><E73/><N who="2" m="28267" /><F129/><N who="3" m="49739" /><G61/><T38/><D23/><U37/><E122/><V39/><F39/><W62/><G62/><T6/><D104/><U108/><E113/><V56/><F71/><W111/><G135/><T31/><D106/><U109/><E130/><V16/><F97/><W107/><G19/><T59/><D31/><U28/><E86/><V81/><F81/><N who="3" m="49455" /><G14/><T116/><D116/><U51/><E63/><N who="2" m="38119" /><F16/><W40/><G40/><AGARI ba="0,0" hai="40,45,50,120,121" m="38119,28267,44554" machi="40" ten="30,1000,0" yaku="12,1" doraHai="34" who="2" fromWho="3" sc="250,0,250,0,250,10,250,-10" /><INIT seed="1,0,0,0,5,54" ten="250,250,260,240" oya="1" hai0="79,107,82,121,69,57,60,46,14,67,76,35,55" hai1="48,118,62,119,21,112,128,0,30,68,63,1,100" hai2="28,70,134,39,27,129,58,36,116,120,132,83,135" hai3="105,87,77,9,12,2,106,93,19,88,8,125,117"/><U15/><E112/><V122/><F70/><W34/><G125/><T25/><D121/><N who="2" m="46698" /><F116/><W85/><G117/><T74/><D79/><U7/><E100/><V6/><F6/><W13/><G34/><T65/><D107/><U73/><E73/><V4/><F4/><W64/><G2/><T95/><D69/><U29/><E68/><V78/><F129/><W80/><REACH who="3" step="1"/><G64/><REACH who="3" ten="250,250,260,230" step="2"/><T10/><D67/><U40/><E128/><V38/><F135/><W51/><G51/><T11/><D65/><U44/><E48/><V113/><F113/><W16/><AGARI ba="0,1" hai="8,9,12,13,16,19,77,80,85,87,88,93,105,106" machi="16" ten="20,16000,3" yaku="1,1,0,1,7,1,9,1,54,2,53,2" doraHai="54" doraHaiUra="5" who="3" fromWho="3" sc="250,-40,250,-80,260,-40,230,170" /><INIT seed="2,0,0,5,4,116" ten="210,170,220,400" oya="2" hai0="48,122,52,87,61,28,54,83,75,94,129,77,43" hai1="68,7,34,76,46,126,117,23,2,47,121,18,105" hai2="30,130,70,88,4,93,57,115,11,112,56,84,80" hai3="82,124,79,22,32,63,102,109,55,45,62,42,133"/><V65/><F130/><W14/><G32/><T8/><D129/><U89/><E117/><V123/><F123/><W16/><G109/><T37/><D28/><U19/><E68/><V96/><F30/><W95/><G124/><T98/><D37/><U40/><E105/><V5/><F70/><W50/><G133/><T74/><D43/><U103/><E103/><V0/><F5/><W9/><G22/><T127/><D127/><U132/><E34/><V100/><REACH who="2" step="1"/><F65/><REACH who="2" ten="210,170,210,400" step="2"/><W17/><G17/><T25/><D122/><U27/><E126/><V111/><F111/><W107/><G107/><T134/><D134/><U85/><E76/><V21/><F21/><W58/><G79/><T26/><D75/><U81/><E132/><V114/><AGARI ba="0,1" hai="0,4,11,56,57,80,84,88,93,96,100,112,114,115" machi="114" ten="30,6000,0" yaku="1,1,0,1,54,1,53,0" doraHai="116" doraHaiUra="66" who="2" fromWho="2" sc="210,-20,170,-20,210,70,400,-20" /><INIT seed="2,1,0,1,1,31" ten="190,150,280,380" oya="2" hai0="14,56,35,87,50,88,19,125,127,37,114,40,84" hai1="134,74,129,123,29,93,0,12,117,3,16,79,55" hai2="70,96,72,21,131,126,36,85,99,32,24,110,41" hai3="22,75,38,132,133,119,23,101,25,42,130,68,115"/><V51/><F72/><W8/><G119/><T98/><D114/><U113/><E113/><V11/><F36/><W54/><G68/><T65/><D37/><U80/><E117/><V66/><F131/><W100/><G75/><T107/><D65/><U116/><E116/><V58/><F126/><N who="0" m="48138" /><D84/><U95/><E129/><V10/><F70/><W6/><G54/><N who="0" m="31831" /><D40/><U97/><E123/><V52/><F110/><W1/><G23/><N who="0" m="11767" /><D107/><U59/><E29/><V61/><F41/><W102/><G130/><T120/><D98/><U67/><E67/><V78/><F99/><W17/><REACH who="3" step="1"/><G115/><REACH who="3" ten="190,150,280,370" step="2"/><T2/><D120/><U47/><E55/><V76/><F21/><W45/><AGARI ba="1,1" hai="1,6,8,17,22,25,38,42,45,100,101,102,132,133" machi="45" ten="30,4000,0" yaku="1,1,2,1,0,1,53,0" doraHai="31" doraHaiUra="91" who="3" fromWho="3" sc="190,-11,150,-11,280,-21,370,53" /><INIT seed="3,0,0,0,5,107" ten="179,139,259,423" oya="3" hai0="97,50,66,48,99,85,120,0,35,117,24,128,56" hai1="81,123,77,59,30,98,1,78,46,38,31,80,33" hai2="116,88,134,125,4,95,17,19,68,82,6,62,70" hai3="63,72,100,104,32,113,90,114,12,41,28,69,61"/><W43/><G90/><T132/><D117/><U57/><E123/><V34/><F34/><W129/><G12/><T92/><D120/><U10/><E98/><V124/><F116/><W84/><G84/><T94/><D0/><U103/><E103/><V67/><F70/><W51/><G51/><T87/><D35/><U76/><E57/><V37/><F82/><W118/><G118/><T5/><D128/><U55/><E81/><V44/><F134/><W75/><G129/><T122/><D132/><U26/><E31/><V8/><F44/><W71/><G32/><T22/><D122/><U105/><E105/><V40/><F40/><W2/><G104/><T119/><D5/><U18/><E80/><V23/><F37/><W65/><G28/><T58/><D119/><U86/><E86/><V112/><F112/><W60/><G60/><T130/><D130/><U91/><E91/><V127/><F23/><W108/><G100/><T79/><D79/><U64/><E64/><V16/><F8/><W29/><G29/><T73/><D73/><U109/><E109/><V83/><F83/><W20/><G20/><T121/><D121/><U111/><E111/><V135/><F135/><W96/><G108/><T11/><D11/><U25/><E38/><V13/><F13/><W21/><G21/><T14/><D22/><N who="1" m="13527" /><E46/><V102/><F102/><W110/><G110/><T3/><D3/><U126/><E1/><V106/><F106/><W45/><G2/><T115/><D115/><N who="3" m="44041" /><G96/><AGARI ba="0,0" hai="4,6,16,17,19,62,67,68,88,95,96,124,125,127" machi="96" ten="50,6400,0" yaku="18,1,54,2" doraHai="107" who="2" fromWho="3" sc="179,0,139,0,259,64,423,-64" /><INIT seed="4,0,0,5,5,79" ten="179,139,323,359" oya="0" hai0="15,135,123,7,49,121,124,52,118,51,84,83,10" hai1="16,109,6,77,88,65,44,126,131,110,134,56,82" hai2="74,106,78,91,120,69,9,86,2,1,103,80,87" hai3="28,122,76,53,100,35,40,46,107,125,114,26,20"/><T129/><D118/><U30/><E30/><V29/><F69/><W128/><G122/><T113/><D113/><U18/><E6/><V38/><F38/><W102/><G114/><T75/><D75/><U37/><E131/><V92/><F120/><W98/><G125/><T108/><D124/><U64/><E126/><V101/><F29/><W0/><G128/><T12/><D129/><U48/><E37/><V31/><F31/><W47/><G102/><T27/><D135/><U50/><E134/><V5/><F1/><W66/><G0/><T14/><D51/><U58/><E77/><V54/><F106/><W95/><G53/><T21/><D108/><U67/><E110/><V60/><F60/><W32/><G47/><N who="0" m="27711" /><D123/><U19/><E109/><V112/><F112/><W8/><G107/><T42/><D42/><N who="1" m="24599" /><E50/><V61/><REACH who="2" step="1"/><F74/><REACH who="2" ten="179,139,313,359" step="2"/><W70/><G70/><T41/><D121/><U93/><E82/><V34/><F34/><W17/><G35/><T25/><D41/><U133/><E133/><V57/><AGARI ba="0,1" hai="2,5,9,54,57,61,78,80,86,87,91,92,101,103" machi="57" ten="30,7900,0" yaku="1,1,0,1,52,1,53,1" doraHai="79" doraHaiUra="85" who="2" fromWho="2" sc="179,-39,139,-20,313,89,359,-20" /><INIT seed="5,0,0,4,3,76" ten="140,119,402,339" oya="1" hai0="39,62,57,25,133,58,5,74,93,51,14,73,21" hai1="42,88,125,68,45,129,40,87,61,50,82,0,77" hai2="94,63,126,100,9,80,132,7,79,108,114,75,95" hai3="89,44,70,16,83,119,43,67,86,24,33,31,22"/><U120/><E120/><V53/><F108/><W4/><G119/><T2/><D39/><U12/><E0/><V38/><F38/><W117/><G117/><T27/><D2/><U41/><E129/><V127/><F132/><W37/><G4/><T48/><D133/><U105/><E105/><V32/><F32/><W35/><REACH who="3" step="1"/><G31/><REACH who="3" ten="140,119,402,329" step="2"/><T64/><D5/><U26/><E125/><V110/><F7/><W103/><G103/><T116/><D116/><U131/><E131/><V106/><F100/><W124/><G124/><T101/><D101/><U1/><E1/><V109/><F127/><W85/><G85/><T60/><D73/><U111/><E111/><V121/><F75/><W17/><G17/><T71/><D74/><U46/><E26/><V59/><F110/><W90/><G90/><T29/><D27/><U104/><E12/><V55/><F109/><W18/><G18/><T97/><D14/><U134/><E134/><V123/><F126/><W69/><G69/><T135/><D71/><U92/><E104/><V81/><F106/><W78/><G78/><T47/><D135/><U72/><REACH who="1" step="1"/><E46/><REACH who="1" ten="140,109,402,329" step="2"/><V6/><F123/><W130/><G130/><T49/><D47/><U28/><E28/><V122/><F122/><W118/><G118/><T91/><REACH who="0" step="1"/><D48/><REACH who="0" ten="130,109,402,329" step="2"/><U98/><E98/><V102/><F121/><W65/><G65/><AGARI ba="0,3" hai="21,25,29,49,51,57,58,60,62,64,65,91,93,97" machi="65" ten="30,8000,1" yaku="1,1,2,1,7,1,9,1,8,1,53,0" doraHai="76" doraHaiUra="34" who="0" fromWho="3" sc="130,110,109,0,402,0,329,-80" /><AGARI ba="0,0" hai="40,41,42,45,50,61,65,68,72,77,82,87,88,92" machi="65" ten="40,7700,0" yaku="1,1,52,1,54,1,53,0" doraHai="76" doraHaiUra="34" who="1" fromWho="3" sc="240,0,109,77,402,0,249,-77" /><INIT seed="5,1,0,4,5,75" ten="240,186,402,172" oya="1" hai0="105,56,97,125,117,102,6,83,131,57,86,135,116" hai1="26,13,90,82,84,43,108,94,51,96,41,39,0" hai2="132,129,18,44,10,76,109,1,66,37,50,87,3" hai3="77,64,128,99,80,25,48,29,110,79,119,2,122"/><U33/><E0/><V30/><F37/><W85/><G122/><T103/><D6/><U31/><E39/><V45/><F109/><W114/><G110/><T81/><D56/><U78/><E108/><V34/><F129/><W62/><G2/><T9/><D57/><U68/><E68/><V74/><F74/><W101/><G114/><T47/><D47/><U61/><E61/><V60/><F132/><W21/><G128/><T88/><D9/><U98/><E51/><V49/><F30/><W52/><G119/><N who="0" m="45643" /><D131/><U15/><REACH who="1" step="1"/><E98/><REACH who="1" ten="240,176,402,172" step="2"/><V53/><F3/><W22/><G62/><T54/><D135/><U19/><E19/><V127/><F18/><W100/><G64/><T107/><D54/><U46/><E46/><V111/><F111/><W91/><G21/><T58/><D58/><U59/><E59/><V14/><F1/><W42/><G42/><AGARI ba="1,1" hai="13,15,26,31,33,41,42,43,78,82,84,90,94,96" machi="42" ten="40,7700,0" yaku="1,1,52,1,53,1" doraHai="75" doraHaiUra="27" who="1" fromWho="3" sc="240,0,176,90,402,0,172,-80" /><INIT seed="5,2,0,4,4,117" ten="240,266,402,92" oya="1" hai0="34,81,74,23,16,45,115,4,85,134,20,104,33" hai1="39,63,80,54,94,43,35,103,77,84,40,46,26" hai2="52,91,110,124,130,105,126,67,83,98,72,6,102" hai3="49,50,15,121,133,27,92,51,62,95,79,48,71"/><U114/><E114/><V25/><F110/><W24/><N who="3" m="12288" /><DORA hai="87" /><W28/><G133/><T132/><D74/><U120/><E120/><V101/><F130/><W36/><G36/><T73/><D73/><U131/><E131/><V41/><F41/><W14/><G79/><T42/><D104/><U9/><E9/><V109/><F109/><W47/><G47/><T1/><D115/><U31/><E43/><V82/><F67/><W119/><G119/><T69/><D69/><U10/><E10/><V29/><F6/><W127/><G127/><T53/><D53/><U125/><E125/><N who="2" m="48235" /><F52/><W57/><G71/><T128/><D128/><U32/><E32/><N who="0" m="12393" /><D45/><U37/><E37/><V8/><F8/><W55/><G121/><T65/><D65/><U108/><E108/><V5/><F5/><W60/><G28/><T75/><D75/><U19/><E19/><V2/><F2/><W123/><G123/><T90/><D42/><U12/><E12/><V18/><F18/><W135/><G135/><N who="0" m="51755" /><D1/><U22/><E35/><N who="2" m="20911" /><F72/><W64/><G64/><T97/><D4/><U86/><E54/><V13/><F13/><N who="3" m="4619" /><G62/><T21/><D97/><U76/><E63/><V112/><F112/><W70/><G70/><T78/><D78/><U122/><E122/><V58/><F58/><W100/><G24/><AGARI ba="2,0" hai="16,20,21,23,24,81,85,90" m="51755,12393" machi="24" ten="30,3900,0" yaku="20,1,52,1,54,1" doraHai="117,87" who="0" fromWho="3" sc="240,45,266,0,402,0,92,-45" /><INIT seed="6,0,0,3,5,70" ten="285,266,402,47" oya="2" hai0="23,89,85,58,62,61,95,90,57,19,15,121,28" hai1="21,123,114,80,79,27,24,111,52,32,49,40,68" hai2="117,39,29,133,94,11,83,33,127,98,54,41,71" hai3="72,122,78,3,75,107,102,53,35,115,110,14,104"/><V87/><F117/><W105/><G14/><T44/><D121/><U38/><E111/><V99/><F71/><W25/><G53/><T7/><D7/><U59/><E32/><V135/><F127/><W92/><G3/><T106/><D106/><N who="3" m="41065" /><G25/><T34/><D34/><U16/><E68/><V56/><F11/><W69/><G35/><T46/><D28/><U97/><E97/><V2/><F2/><W86/><G69/><T67/><REACH who="0" step="1"/><D90/><REACH who="0" ten="275,266,402,47" step="2"/><U60/><E123/><V64/><F29/><W125/><G122/><T74/><D74/><N who="3" m="28201" /><G110/><T63/><D63/><U1/><E1/><V65/><F33/><W93/><G125/><T128/><D128/><U129/><E129/><V66/><F135/><W30/><G30/><T12/><D12/><U4/><E4/><V108/><F133/><W51/><G51/><T26/><D26/><N who="1" m="14631" /><E38/><V20/><F108/><W48/><G48/><T124/><D124/><U96/><E96/><V55/><F39/><W116/><G116/><T130/><D130/><U77/><E114/><V101/><F99/><N who="3" m="61919" /><G115/><T45/><D45/><N who="1" m="25767" /><E79/><V134/><F134/><W81/><AGARI ba="0,1" hai="78,81,86,92,93" m="61919,28201,41065" machi="81" ten="40,8000,1" yaku="35,5" doraHai="70" who="3" fromWho="3" sc="275,-20,266,-20,402,-40,47,90" /><INIT seed="7,0,0,2,2,20" ten="255,246,362,137" oya="3" hai0="90,1,101,66,123,119,95,111,115,129,28,134,29" hai1="71,72,91,79,110,25,31,36,82,30,99,92,3" hai2="122,40,47,125,107,52,104,105,4,6,54,46,131" hai3="64,78,68,81,69,38,10,49,109,70,39,120,9"/><W114/><G120/><T89/><D123/><U32/><E110/><V133/><F122/><W14/><G109/><T83/><D111/><U94/><E36/><V61/><F131/><W18/><G114/><T11/><D129/><U116/><E116/><V126/><F133/><W87/><G64/><T44/><D119/><U124/><E3/><V15/><F15/><W77/><G49/><T121/><D121/><U50/><E71/><V108/><F108/><W113/><G113/><T51/><D66/><U93/><E124/><N who="2" m="47723" /><F47/><W75/><G78/><T17/><D134/><U34/><E50/><N who="2" m="26951" /><F61/><W100/><G100/><T98/><D1/><U22/><E22/><V19/><F19/><W59/><G59/><T24/><D115/><U63/><E63/><V67/><F67/><W118/><G118/><T27/><D101/><U12/><E12/><V73/><F73/><W112/><G112/><T23/><D11/><U45/><E45/><V7/><AGARI ba="0,0" hai="4,6,7,52,54,104,105,107" m="26951,47723" machi="7" ten="40,2700,0" yaku="18,1,54,1" doraHai="20" who="2" fromWho="2" sc="255,-7,246,-7,362,27,137,-13" owari="248,5.0,239,-16.0,389,49.0,124,-38.0" /></mjloggm>