<mjloggm ver="2.3"><GO type="41" lobby="0"/><UN n0="%5A%41%4E%4B" n1="%E3%81%AE%E3%81%B3%E3%81%97%E3%82%8D%E2%99%82" n2="%E5%B0%B1%E6%B4%BB%E7%94%9F%40%E5%B7%9D%E6%9D%91%E8%BB%8D%E5%9B%A3" n3="%37%2E%35%6D%67" dan="14,14,15,13" rate="1911.11,1923.51,1999.19,1867.66" sx="M,M,M,M"/><TAIKYOKU oya="0"/><INIT seed="0,0,0,3,0,100" ten="250,250,250,250" oya="0" hai0="50,72,9,0,98,63,90,107,12,25,67,68,117" hai1="53,128,26,108,120,61,134,93,51,112,76,114,125" hai2="102,40,96,62,123,64,66,135,131,130,97,71,122" hai3="5,65,4,77,129,75,103,49,111,86,79,31,41"/><T57/><D117/><U121/><E76/><V118/><F118/><W22/><G75/><T47/><D72/><U99/><E26/><V28/><F28/><W20/><G65/><T94/><D0/><U10/><E10/><V55/><F135/><W46/><G31/><T124/><D124/><U84/><E84/><V23/><F40/><W126/><G126/><T52/><D25/><U81/><E125/><V58/><F23/><W16/><G129/><N who="2" m="49161" /><F66/><W43/><G111/><T109/><D109/><U19/><E81/><V59/><F58/><W56/><G56/><T7/><REACH who="0" step="1"/><D107/><REACH who="0" ten="240,250,250,250" step="2"/><U18/><E114/><V48/><F97/><W105/><G105/><AGARI ba="0,1" hai="48,55,59,62,64,71,96,102,105,122,123" m="49161" machi="105" ten="30,2000,0" yaku="19,1,52,1" doraHai="100" who="2" fromWho="3" sc="240,0,250,0,250,30,250,-20" /><INIT seed="1,0,0,2,3,96" ten="240,250,280,230" oya="1" hai0="82,126,71,90,47,64,123,16,99,70,36,56,111" hai1="1,109,98,55,113,115,130,134,11,74,28,25,86" hai2="79,29,18,116,24,2,124,40,125,5,127,39,129" hai3="48,7,68,17,12,58,132,31,128,59,51,135,34"/><U19/><E74/><V0/><F79/><W83/><G68/><T72/><D123/><U54/><E134/><V97/><F39/><W119/><G119/><T6/><D6/><U50/><E130/><V9/><F40/><W120/><G120/><T85/><D72/><U92/><E109/><V69/><F69/><W20/><G128/><T95/><D111/><U57/><E86/><V66/><F66/><W122/><G122/><T105/><D126/><U15/><E1/><N who="2" m="175" /><F97/><W106/><G7/><T89/><D105/><U14/><E14/><V3/><F116/><W102/><G83/><T103/><D70/><U37/><E37/><V38/><F38/><W91/><G91/><N who="0" m="51639" /><D71/><U114/><E55/><V53/><F53/><W8/><G34/><T26/><D36/><U65/><E65/><V81/><F81/><W13/><G31/><T10/><D47/><U45/><E45/><V46/><F46/><W133/><G12/><N who="0" m="7191" /><D26/><U84/><E84/><V112/><F129/><W60/><G8/><T44/><D44/><U118/><E118/><V35/><F18/><W101/><G106/><T110/><D110/><U49/><E49/><N who="3" m="19018" /><G59/><T78/><D78/><U94/><REACH who="1" step="1"/><E98/><REACH who="1" ten="240,240,280,230" step="2"/><V131/><F131/><W23/><G20/><AGARI ba="0,1" hai="11,15,19,20,25,28,50,54,57,92,94,113,114,115" machi="20" ten="40,3900,0" yaku="1,1,2,1,53,0" doraHai="96" doraHaiUra="80" who="1" fromWho="3" sc="240,0,240,49,280,0,230,-39" /><INIT seed="1,1,0,4,1,10" ten="240,289,280,191" oya="1" hai0="121,25,65,16,103,19,109,85,128,59,51,48,101" hai1="32,7,122,127,96,131,26,67,104,83,133,76,31" hai2="68,52,45,90,58,110,130,39,23,107,34,18,4" hai3="37,8,42,93,80,36,77,92,78,75,12,88,3"/><U1/><E122/><V53/><F68/><W74/><G12/><T105/><D105/><U24/><E133/><V46/><F34/><W79/><G37/><T70/><D70/><U14/><E131/><V118/><F118/><W99/><G92/><T125/><D25/><U5/><E127/><V84/><F107/><W27/><G74/><T44/><D121/><U106/><E1/><V2/><F110/><W38/><G36/><T82/><D125/><U119/><E119/><V47/><F130/><W123/><G27/><T0/><D0/><U61/><E26/><V49/><F39/><W115/><G115/><T35/><D35/><U6/><E96/><V50/><F4/><W87/><G87/><T132/><D132/><U9/><E106/><V117/><F2/><W63/><G63/><T126/><D126/><U86/><REACH who="1" step="1"/><E104/><REACH who="1" ten="240,279,280,191" step="2"/><V41/><F117/><W102/><G123/><T60/><D128/><U114/><E114/><V98/><F98/><W21/><G102/><T13/><D103/><U20/><E20/><V64/><F41/><W81/><G21/><N who="0" m="11407" /><D101/><U73/><E73/><V66/><F23/><W40/><G81/><T129/><D129/><U17/><E17/><V116/><F18/><W11/><G11/><T124/><D124/><U111/><E111/><V100/><F100/><W22/><G22/><T57/><D19/><U71/><AGARI ba="1,1" hai="5,6,7,9,14,24,31,32,61,67,71,76,83,86" machi="71" ten="20,7800,0" yaku="1,1,0,1,7,1,52,1,53,0" doraHai="10" doraHaiUra="43" who="1" fromWho="1" sc="240,-27,279,91,280,-27,191,-27" /><INIT seed="1,2,0,0,2,109" ten="213,370,253,164" oya="1" hai0="120,126,79,108,50,134,133,11,74,75,5,110,97" hai1="114,66,115,45,112,36,65,51,107,14,98,99,121" hai2="130,40,13,18,61,37,46,72,47,67,111,27,105" hai3="69,73,23,2,117,55,78,131,116,48,124,86,31"/><U93/><E121/><V95/><F105/><W3/><G69/><T57/><D97/><U58/><E107/><V6/><F72/><N who="0" m="27690" /><D79/><U16/><E36/><V83/><F111/><N who="0" m="42538" /><D120/><U94/><E94/><V9/><F130/><W85/><G73/><T90/><D90/><U88/><E99/><V77/><F47/><W1/><G131/><T32/><D32/><U25/><E25/><V24/><F95/><W96/><G96/><T43/><D126/><U29/><E58/><V59/><F77/><W101/><G101/><T52/><D43/><U60/><E29/><V118/><F83/><W135/><G124/><T17/><D17/><U104/><E60/><V41/><F41/><W128/><G128/><T87/><D87/><U26/><E26/><V132/><F132/><W49/><G135/><T123/><D123/><U81/><E81/><V100/><F100/><W82/><G85/><T63/><D63/><U7/><E7/><V84/><F84/><W113/><G113/><T20/><D20/><U106/><E106/><V62/><F118/><W102/><G102/><T10/><D10/><U44/><E104/><V54/><F6/><W125/><G125/><T127/><D127/><U35/><E35/><V68/><AGARI ba="2,0" hai="9,13,18,24,27,37,40,46,54,59,61,62,67,68" machi="68" ten="20,1500,0" yaku="0,1,7,1" doraHai="109" who="2" fromWho="2" sc="213,-6,370,-9,253,21,164,-6" /><INIT seed="2,0,0,3,1,65" ten="207,361,274,158" oya="2" hai0="66,37,83,18,135,54,52,92,27,117,85,123,75" hai1="84,124,64,6,104,96,42,41,113,22,131,87,35" hai2="78,95,60,10,93,46,89,108,45,2,107,57,94" hai3="23,133,51,74,3,19,109,26,12,53,43,73,55"/><V30/><F107/><W25/><G3/><T14/><D37/><U125/><E35/><V110/><F78/><W91/><G133/><T112/><D135/><U103/><E113/><V79/><F79/><W32/><G109/><N who="2" m="42089" /><F30/><W11/><G26/><T48/><D27/><U97/><E131/><V33/><F33/><W34/><G91/><T7/><D7/><U86/><E6/><N who="2" m="1367" /><F89/><W90/><G90/><T40/><D75/><U38/><E64/><AGARI ba="0,0" hai="45,46,57,60,64,93,94,95" m="1367,42089" machi="64" ten="30,2900,0" yaku="14,1,10,1" doraHai="65" who="2" fromWho="1" sc="207,0,361,-29,274,29,158,0" /><INIT seed="2,1,0,2,1,49" ten="207,332,303,158" oya="2" hai0="54,100,133,64,117,39,8,55,102,101,128,86,91" hai1="50,10,36,4,85,48,77,42,7,71,34,115,72" hai2="0,126,23,25,135,11,21,120,129,56,116,60,17" hai3="47,113,33,88,70,57,2,30,1,31,94,76,118"/><V41/><F120/><W22/><G118/><T124/><D39/><U92/><E115/><V67/><F116/><W131/><G70/><T112/><D112/><U52/><E72/><V127/><F129/><W111/><G113/><T66/><D117/><U69/><E36/><V125/><F135/><W109/><G76/><T68/><D133/><U74/><E74/><V89/><F41/><W62/><G131/><T65/><D128/><U61/><E34/><V97/><F23/><W107/><G107/><T37/><D37/><U80/><E4/><V79/><F79/><W132/><G47/><T44/><D68/><U95/><E48/><V96/><F89/><W12/><G132/><T16/><D44/><U130/><E130/><V87/><F87/><W82/><G82/><N who="0" m="49623" /><D124/><U121/><E121/><V119/><F119/><W59/><G33/><T78/><D78/><U110/><E110/><V38/><F38/><W90/><G12/><AGARI ba="1,0" hai="8,12,16,54,55,64,65,66,100,101,102" m="49623" machi="12" ten="30,7700,0" yaku="8,1,52,2,54,1" doraHai="49" who="0" fromWho="3" sc="207,80,332,0,303,0,158,-80" /><INIT seed="3,0,0,2,1,25" ten="287,332,303,78" oya="3" hai0="57,131,35,74,43,4,67,115,95,129,26,38,0" hai1="125,98,12,135,63,33,65,93,1,102,45,82,24" hai2="88,19,40,111,41,36,78,119,9,126,13,34,100" hai3="81,42,124,7,118,123,99,62,127,122,21,11,121"/><W117/><G42/><T53/><D67/><U132/><E1/><V89/><F119/><N who="3" m="45579" /><G62/><T16/><D74/><U51/><E125/><N who="3" m="48202" /><G81/><T70/><D70/><U56/><E12/><V101/><F34/><W59/><G59/><T114/><D35/><U60/><E82/><V76/><F36/><W54/><G99/><T44/><D95/><U68/><E24/><V55/><F111/><W112/><G54/><T116/><D116/><U29/><E33/><V10/><F126/><W130/><G21/><T105/><D105/><U22/><E63/><V27/><F27/><W134/><G11/><N who="0" m="2439" /><D57/><U72/><E72/><V87/><F55/><W66/><G66/><T73/><D53/><U79/><E79/><V8/><F78/><W69/><G69/><T49/><D73/><U28/><E68/><V120/><F120/><N who="3" m="30723" /><W30/><DORA hai="77" /><G7/><T6/><D6/><U96/><E96/><V85/><F76/><W3/><G3/><T46/><D46/><U113/><E22/><N who="2" m="11631" /><F40/><W47/><G47/><T31/><D44/><U110/><E51/><V2/><F2/><W39/><G39/><T52/><D38/><U109/><E45/><V50/><F50/><W17/><G17/><T97/><D16/><U90/><E65/><V64/><F64/><W5/><G5/><T128/><D43/><U14/><E60/><V84/><F41/><W94/><G94/><T133/><D97/><U32/><E98/><V86/><N who="2" m="22016" /><DORA hai="37" /><V48/><F48/><W92/><G92/><T91/><D49/><U58/><E93/><V103/><AGARI ba="0,0" hai="8,9,10,88,89,100,101,103" m="22016,11631" machi="103" ten="50,8000,1" yaku="29,2,8,1,54,1" doraHai="25,77,37" who="2" fromWho="2" sc="287,-20,332,-20,303,80,78,-40" /><INIT seed="4,0,0,4,4,114" ten="267,312,383,38" oya="0" hai0="48,65,97,77,79,56,116,83,20,44,121,58,32" hai1="39,128,102,76,100,63,13,12,17,5,73,59,52" hai2="37,33,110,71,69,88,29,85,27,130,38,86,15" hai3="23,89,131,24,115,112,127,42,6,2,22,117,40"/><T4/><D32/><U78/><E128/><V62/><F130/><W47/><G131/><T67/><D121/><U51/><E39/><V109/><F15/><W14/><G117/><T123/><D123/><U11/><E73/><V53/><F85/><W118/><G118/><T104/><D116/><U74/><E74/><V19/><F19/><W18/><G127/><T57/><D4/><U96/><E63/><V84/><F84/><W9/><G89/><T129/><D129/><U60/><E60/><V119/><F119/><W46/><G23/><T107/><D20/><U103/><REACH who="1" step="1"/><E96/><REACH who="1" ten="267,302,383,38" step="2"/><V45/><F38/><W82/><G115/><T50/><D97/><U64/><E64/><N who="0" m="24649" /><D44/><U125/><E125/><V31/><F37/><W26/><G112/><T7/><D7/><U66/><E66/><V8/><F45/><W30/><G26/><T99/><D99/><U126/><E126/><V41/><F69/><W21/><G82/><T90/><D90/><U3/><E3/><V25/><F71/><W108/><G108/><T95/><D83/><U16/><E16/><V34/><F109/><W98/><G98/><T135/><D95/><U36/><E36/><V54/><F110/><W80/><G80/><T113/><D113/><U28/><E28/><V106/><F31/><W81/><G81/><T68/><D68/><U93/><E93/><V43/><F29/><W120/><G120/><T70/><D70/><U124/><E124/><V10/><F62/><W132/><G132/><T55/><D135/><U61/><E61/><V72/><F72/><W49/><G49/><N who="0" m="19051" /><D55/><U133/><E133/><RYUUKYOKU ba="0,1" sc="267,10,302,10,383,-30,38,10" hai0="56,57,58,77,79,104,107" hai1="5,11,12,13,17,51,52,59,76,78,100,102,103" hai3="2,6,9,14,18,21,22,24,30,40,42,46,47" /><INIT seed="4,1,1,4,1,48" ten="277,312,353,48" oya="0" hai0="113,133,40,85,120,49,121,125,69,58,89,42,6" hai1="17,122,46,7,44,65,72,115,105,111,108,31,0" hai2="134,50,56,73,86,71,55,90,131,97,12,80,82" hai3="2,78,132,1,39,9,99,23,79,106,103,124,118"/><T45/><D69/><U21/><E122/><V3/><F3/><W63/><G118/><T24/><D121/><U68/><E105/><V107/><F71/><W62/><G39/><T61/><D120/><U35/><E72/><V53/><F131/><W51/><G124/><T30/><D125/><U43/><E115/><V84/><F134/><W96/><G132/><T130/><D133/><U8/><E44/><N who="2" m="27847" /><F73/><W76/><G51/><T66/><D130/><U16/><E17/><V27/><F107/><W91/><G23/><N who="0" m="15647" /><D6/><U54/><E54/><V123/><F123/><W26/><G26/><T22/><D22/><U11/><E11/><V67/><F67/><W87/><G96/><T34/><D34/><U10/><E10/><V127/><F27/><W38/><G38/><T114/><D114/><U19/><E19/><V135/><F135/><W77/><N who="3" m="19968" /><DORA hai="59" /><W94/><REACH who="3" step="1"/><G9/><REACH who="3" ten="277,312,353,38" step="2"/><T100/><D113/><U104/><E8/><V112/><F97/><W95/><G95/><N who="0" m="54703" /><D100/><U18/><E104/><V74/><F127/><W4/><G4/><T41/><AGARI ba="1,2" hai="40,41,42,45,49,58,61,66" m="54703,15647" machi="41" ten="30,3000,0" yaku="8,1,52,1" doraHai="48,59" who="0" fromWho="0" sc="277,53,312,-11,353,-11,38,-11" /><INIT seed="4,2,0,4,2,107" ten="330,301,342,27" oya="0" hai0="35,112,82,84,66,87,10,34,92,80,31,18,127" hai1="51,46,83,47,114,6,59,22,103,65,133,89,68" hai2="115,97,5,128,74,111,118,45,24,70,25,48,122" hai3="102,134,3,36,11,41,39,125,72,28,104,73,130"/><T9/><D112/><U61/><E133/><V1/><F70/><W117/><G134/><T27/><D127/><U123/><E123/><V63/><F111/><W8/><G125/><T4/><D35/><U101/><E114/><V98/><F122/><W14/><G117/><T12/><D66/><U62/><E6/><V116/><F115/><W109/><G109/><T71/><D71/><U56/><E68/><V121/><F121/><W49/><G49/><T2/><REACH who="0" step="1"/><D92/><REACH who="0" ten="320,301,342,27" step="2"/><U38/><E38/><V119/><F128/><W44/><G130/><T105/><D105/><U135/><E135/><V126/><F126/><W37/><G28/><T16/><D16/><U88/><E22/><V32/><F32/><W19/><G3/><T42/><D42/><U106/><E106/><V17/><F17/><W77/><G77/><T67/><D67/><U33/><E33/><V90/><F118/><W99/><REACH who="3" step="1"/><G8/><REACH who="3" ten="320,301,342,17" step="2"/><T110/><D110/><U13/><E65/><V20/><F116/><W43/><G43/><T75/><D75/><U26/><E51/><V52/><F74/><W53/><G53/><T113/><D113/><U76/><E76/><V60/><F119/><W40/><G40/><T91/><D91/><U15/><E83/><AGARI ba="2,2" hai="2,4,9,10,12,18,27,31,34,80,82,83,84,87" machi="83" ten="40,2000,0" yaku="1,1,53,0" doraHai="107" doraHaiUra="58" who="0" fromWho="1" sc="320,46,301,-26,342,0,17,0" /><INIT seed="4,3,0,0,4,114" ten="366,275,342,17" oya="0" hai0="95,20,104,61,58,76,13,64,73,69,21,11,107" hai1="45,99,9,30,77,88,75,62,89,40,32,6,12" hai2="87,118,93,124,90,42,5,70,31,10,123,112,84" hai3="111,35,103,82,78,96,7,113,130,116,129,133,91"/><T25/><D73/><U52/><E99/><V86/><F70/><W85/><G116/><T49/><D76/><U16/><E32/><V100/><F112/><W120/><G113/><T119/><D119/><U34/><E34/><V22/><F118/><W28/><G111/><T51/><D104/><U101/><E30/><V1/><F123/><W50/><G120/><T0/><D107/><U125/><E125/><V60/><F124/><W110/><G110/><T135/><D69/><U63/><E101/><V126/><F126/><W92/><G133/><T44/><D0/><U46/><E77/><V26/><F42/><W106/><G35/><T53/><D135/><U23/><E75/><V39/><F39/><W33/><G7/><T57/><D95/><U15/><E46/><V67/><F100/><W71/><G71/><T79/><D79/><U54/><E63/><V108/><F108/><W74/><G50/><T55/><D25/><U17/><E6/><AGARI ba="3,0" hai="6,11,13,20,21,44,49,51,53,55,57,58,61,64" machi="6" ten="30,2900,0" yaku="7,1,8,1" doraHai="114" who="0" fromWho="1" sc="366,38,275,-38,342,0,17,0" /><INIT seed="4,4,0,4,1,45" ten="404,237,342,17" oya="0" hai0="113,130,12,123,119,63,30,120,36,105,73,109,84" hai1="75,13,27,40,0,118,99,28,80,47,19,101,31" hai2="55,81,48,21,6,74,77,15,121,23,96,9,56" hai3="116,32,104,22,3,50,62,122,100,91,35,37,86"/><T26/><D84/><U110/><E118/><V102/><REACH who="2" step="1"/><F121/><REACH who="2" ten="404,237,332,17" step="2"/><N who="0" m="46666" /><D119/><U43/><E110/><V8/><F8/><W83/><G116/><T60/><D109/><U33/><E0/><V7/><F7/><W127/><G122/><T25/><D113/><U17/><E31/><V1/><F1/><W67/><G127/><T78/><D105/><AGARI ba="4,1" hai="6,9,15,21,23,48,55,56,74,77,81,96,102,105" machi="105" ten="30,7700,0" yaku="21,2,7,1,52,1,53,0" doraHai="45" doraHaiUra="108" who="2" fromWho="0" sc="404,-89,237,0,332,99,17,0" /><INIT seed="5,0,0,3,4,128" ten="315,237,431,17" oya="1" hai0="44,120,88,112,46,6,49,70,111,39,40,33,32" hai1="67,124,41,96,130,24,2,85,86,27,129,45,81" hai2="79,125,37,29,3,42,75,127,78,102,105,107,18" hai3="116,19,25,93,73,68,14,60,122,10,71,95,117"/><U64/><E2/><V52/><F3/><W110/><G122/><T74/><D74/><U90/><E124/><N who="2" m="47691" /><F29/><W103/><G110/><T94/><D6/><U108/><E108/><V51/><F18/><W8/><G73/><T22/><D70/><U87/><E96/><N who="2" m="61639" /><F107/><W115/><G115/><T121/><D112/><U4/><E4/><V82/><F78/><W131/><G131/><N who="1" m="50186" /><E81/><V43/><F37/><W72/><G72/><T84/><D111/><U63/><E90/><V118/><F118/><N who="3" m="45675" /><G25/><N who="1" m="9802" /><E63/><V98/><F98/><N who="3" m="59855" /><G95/><T134/><D121/><U11/><E11/><N who="3" m="4138" /><G60/><T28/><D120/><U54/><E54/><V133/><F133/><W80/><G80/><T113/><D134/><U99/><E99/><V1/><F1/><W123/><G123/><T62/><D113/><U91/><E91/><V5/><F5/><W26/><G26/><T23/><D88/><U61/><E61/><V17/><F17/><W126/><G126/><T57/><D62/><U34/><E34/><V97/><F97/><W50/><G50/><AGARI ba="0,0" hai="41,45,50,64,67,85,86,87" m="9802,50186" machi="50" ten="30,1500,0" yaku="19,1" doraHai="128" who="1" fromWho="3" sc="315,0,237,15,431,0,17,-15" /><INIT seed="5,1,0,2,5,65" ten="315,252,431,2" oya="1" hai0="16,31,15,106,101,109,88,30,21,128,49,0,51" hai1="57,107,12,33,11,26,119,90,59,124,91,43,10" hai2="70,80,95,13,32,23,132,121,100,19,50,5,52" hai3="39,7,60,104,94,9,45,125,44,63,103,76,78"/><U64/><E124/><V24/><F70/><W131/><G125/><T55/><D0/><U111/><E119/><V66/><F121/><W68/><G131/><T6/><D128/><U41/><E111/><V20/><F132/><W105/><G68/><T18/><D101/><U42/><E107/><V120/><F32/><W29/><G103/><T8/><D106/><U133/><E133/><V28/><F66/><W56/><G94/><T110/><D110/><U22/><E33/><V27/><F80/><W113/><G29/><T93/><D109/><U69/><E69/><V62/><F62/><W17/><G56/><T97/><D49/><U87/><E91/><V73/><F73/><W115/><G9/><T1/><D18/><U34/><E34/><V96/><F120/><W48/><G48/><T72/><D72/><U123/><E123/><V85/><F85/><W74/><G74/><T37/><D37/><U35/><E35/><V4/><F13/><W86/><G17/><T126/><D126/><U83/><E64/><V127/><F127/><W40/><G86/><T77/><D77/><U117/><E117/><V135/><F135/><W122/><G122/><T102/><D102/><U114/><E114/><V82/><F82/><W129/><G129/><T61/><D61/><U25/><E25/><V53/><F53/><W89/><G89/><T14/><REACH who="0" step="1"/><D1/><REACH who="0" ten="305,252,431,2" step="2"/><U67/><E67/><V92/><F100/><W46/><G39/><T81/><D81/><U118/><E118/><V2/><F2/><W112/><G40/><T3/><D3/><U130/><E130/><V134/><F134/><RYUUKYOKU ba="1,1" sc="305,30,252,-10,431,-10,2,-10" hai0="6,8,14,15,16,21,30,31,51,55,88,93,97" owari="335,14.0,242,-16.0,431,53.0,-8,-51.0" /></mjloggm>