<mjloggm ver="2.3"><GO type="97" lobby="0"/><UN n0="%E3%82%82%E3%82%93%E5%A4%AA" n1="%E3%83%88%E3%83%88%E3%83%AA%E5%85%88%E7%94%9F%31%39%E6%AD%B3" n2="%E3%81%8C%E3%81%A1%E3%82%83%EF%BC%A0%E5%B7%9D%E6%9D%91%E8%BB%8D%E5%9B%A3" n3="%E6%BC%81%E5%A4%AB%E3%81%AE%E5%88%A9" dan="13,15,14,16" rate="2015.58,2088.84,2029.43,2029.81" sx="M,F,M,M"/><TAIKYOKU oya="0"/><INIT seed="0,0,0,0,4,132" ten="250,250,250,250" oya="0" hai0="47,7,14,54,24,62,119,87,71,135,106,42,17" hai1="29,108,64,5,121,86,22,35,51,63,85,122,18" hai2="105,58,44,55,21,101,93,103,50,53,80,107,26" hai3="88,61,23,34,92,84,98,1,52,99,112,82,16"/><T31/><D119/><U130/><E108/><V127/><F127/><W25/><G34/><T134/><D106/><U113/><E130/><V13/><F105/><W114/><G1/><T72/><D7/><U83/><E113/><V120/><F107/><W115/><G99/><T79/><D72/><U43/><E5/><V75/><F120/><W30/><G30/><T36/><D71/><U67/><E67/><V128/><F128/><W12/><G12/><T74/><D74/><U96/><E96/><V56/><F93/><W77/><G115/><T11/><D62/><U129/><E129/><V95/><F95/><W111/><G111/><T46/><D46/><U10/><E10/><V118/><F118/><W117/><G117/><T81/><REACH who="0" step="1"/><D54/><REACH who="0" ten="240,250,250,250" step="2"/><U73/><E63/><V20/><F44/><W97/><G114/><T90/><D90/><U69/><E69/><V27/><F75/><W37/><G112/><T6/><D6/><U123/><E64/><V126/><F55/><W40/><G40/><T49/><D49/><U4/><E4/><V19/><F50/><W110/><G110/><T133/><D133/><U76/><E51/><V89/><F53/><W65/><G65/><T104/><D104/><U39/><E43/><V38/><F89/><W32/><G61/><T91/><D91/><U125/><E73/><V100/><F100/><W66/><G66/><T8/><D8/><U2/><E121/><V3/><F103/><W124/><G52/><T102/><D102/><U28/><E122/><V45/><F101/><W48/><G48/><T9/><D9/><U33/><E123/><RYUUKYOKU ba="0,1" sc="240,30,250,-10,250,-10,250,-10" hai0="11,14,17,24,31,36,42,47,79,81,87,134,135" /><INIT seed="0,1,1,1,4,73" ten="270,240,240,240" oya="0" hai0="7,131,50,92,5,25,0,119,81,109,76,133,104" hai1="69,32,34,38,45,128,112,113,57,46,47,49,14" hai2="102,15,16,134,28,62,52,68,33,12,122,121,26" hai3="89,56,9,60,67,96,93,27,54,39,120,95,31"/><T40/><D104/><U74/><E69/><V3/><F3/><W75/><G120/><T6/><D119/><U99/><E38/><V48/><F102/><W111/><G39/><T24/><D0/><U55/><E128/><V91/><F15/><W86/><G111/><T66/><D131/><U80/><E99/><V19/><F91/><W1/><G75/><T127/><D109/><U116/><E116/><V124/><F124/><W8/><G1/><T107/><D107/><U97/><E97/><V20/><F19/><W130/><G54/><T125/><D66/><U132/><E132/><V10/><F10/><W30/><G30/><T79/><D133/><U4/><E14/><V21/><F21/><W41/><G41/><T37/><D37/><U18/><E18/><V11/><F11/><W23/><REACH who="3" step="1"/><G130/><REACH who="3" ten="270,240,240,230" step="2"/><T87/><D125/><U101/><E74/><V115/><F134/><W63/><G63/><T118/><D127/><U110/><E110/><V35/><F122/><W78/><G78/><N who="0" m="46519" /><D118/><U88/><E112/><V82/><F115/><W22/><G22/><T135/><D135/><U64/><E113/><V61/><F121/><W90/><AGARI ba="1,2" hai="8,9,23,27,31,56,60,67,86,89,90,93,95,96" machi="90" ten="20,5200,0" yaku="1,1,0,1,7,1,8,1,53,0" doraHai="73" doraHaiUra="13" who="3" fromWho="3" sc="270,-27,240,-14,240,-14,230,75" /><INIT seed="1,0,0,2,1,60" ten="243,226,226,305" oya="1" hai0="88,17,113,34,114,5,83,57,20,101,32,18,27" hai1="40,61,41,16,97,49,6,115,24,127,46,117,90" hai2="132,126,22,104,54,80,135,131,13,96,66,47,122" hai3="23,103,91,45,116,14,125,119,110,19,133,86,124"/><U78/><E115/><V63/><F122/><W89/><G110/><T71/><D71/><U53/><E117/><N who="3" m="45130" /><G133/><T8/><D101/><U98/><E127/><N who="3" m="48714" /><G103/><T7/><D34/><U42/><E6/><V12/><F66/><W81/><G45/><T82/><D32/><U1/><E1/><V31/><F80/><W100/><G100/><T30/><D114/><U38/><E38/><V120/><F63/><W48/><G48/><T107/><D107/><U39/><E39/><V130/><F96/><N who="1" m="36969" /><E78/><AGARI ba="0,0" hai="14,19,23,78,81,86,89,91" m="48714,45130" machi="78" ten="30,2000,0" yaku="12,1,18,1" doraHai="60" who="3" fromWho="1" sc="243,0,226,-20,226,0,305,20" /><INIT seed="2,0,0,4,2,94" ten="243,206,226,325" oya="2" hai0="92,130,66,90,13,63,56,87,99,111,16,2,108" hai1="47,7,3,132,81,58,67,37,54,41,98,28,74" hai2="115,14,80,39,11,119,5,85,25,32,95,8,1" hai3="61,131,55,113,59,43,69,31,134,84,112,122,42"/><V73/><F119/><W45/><G84/><T17/><D2/><U106/><E132/><V103/><F115/><N who="3" m="44107" /><G31/><T48/><D130/><U91/><E28/><V21/><F39/><W35/><G35/><T60/><D48/><U46/><E46/><V72/><F32/><W22/><G22/><T123/><D123/><U102/><E67/><V51/><F51/><N who="3" m="29167" /><G131/><T79/><D63/><U70/><E70/><V127/><F127/><W52/><G134/><T89/><D79/><N who="1" m="44279" /><E58/><V133/><F133/><W100/><G100/><T78/><D78/><U12/><E12/><V71/><F71/><W120/><G69/><T135/><D135/><U23/><E23/><V6/><F95/><W101/><G101/><T104/><D17/><U75/><E54/><V117/><F103/><W124/><G124/><T76/><D76/><U88/><E75/><V116/><F72/><W118/><G118/><T129/><D104/><U82/><E82/><V77/><REACH who="2" step="1"/><F73/><REACH who="2" ten="243,206,216,325" step="2"/><W19/><G122/><T29/><D129/><U34/><E34/><V57/><F57/><W96/><G120/><T68/><D68/><U0/><E0/><V27/><F27/><W36/><G36/><T65/><D92/><U4/><E4/><V64/><F64/><W109/><G59/><T93/><D56/><U53/><E53/><V83/><F83/><W33/><G52/><T40/><D65/><U110/><E110/><V105/><F105/><W18/><G109/><T121/><D66/><U107/><E107/><V114/><F114/><W62/><G62/><T97/><D111/><U9/><AGARI ba="0,1" hai="3,7,9,37,41,47,88,91,98,102,106" m="44279" machi="9" ten="30,4000,0" yaku="25,1,52,1,54,1" doraHai="94" who="1" fromWho="1" sc="243,-10,206,50,216,-20,325,-10" /><INIT seed="3,0,0,1,3,69" ten="233,256,196,315" oya="3" hai0="71,35,97,107,108,46,56,77,98,19,12,94,39" hai1="101,43,22,61,59,51,119,124,25,116,78,91,110" hai2="45,96,117,118,14,23,87,27,48,41,133,100,7" hai3="37,67,40,113,106,125,109,115,49,95,99,86,11"/><W44/><G115/><T103/><D71/><U75/><E110/><V66/><F133/><W29/><G29/><T50/><D35/><U36/><E124/><V5/><F66/><W16/><G125/><T24/><D108/><U85/><E101/><V112/><F112/><W42/><G106/><T58/><D77/><U38/><E78/><V93/><F87/><W1/><G67/><T3/><D3/><U88/><E75/><V121/><F121/><W20/><G109/><T55/><D24/><U128/><E128/><V132/><F132/><W21/><G86/><T4/><D4/><U102/><E102/><V129/><F129/><W18/><G1/><T73/><D73/><U92/><E91/><V17/><REACH who="2" step="1"/><F14/><REACH who="2" ten="233,256,186,315" step="2"/><W33/><G113/><T8/><D98/><U134/><E134/><V47/><F47/><W13/><G13/><T126/><D126/><U76/><E116/><AGARI ba="0,1" hai="5,7,17,23,27,41,45,48,93,96,100,116,117,118" machi="116" ten="40,1300,0" yaku="1,1,53,0" doraHai="69" doraHaiUra="122" who="2" fromWho="1" sc="233,0,256,-13,186,23,315,0" owari="233,-17.0,243,4.0,209,-29.0,315,42.0" /></mjloggm>