<mjloggm ver="2.3"><GO type="97" lobby="0"/><UN n0="%E5%85%A8%E3%83%84%E5%85%A8%E9%B3%B4%E3%81%8D%E3%81%AE%E7%A5%9E" n1="%66%75%6B%6B%75" n2="%E5%B0%B1%E6%B4%BB%E7%94%9F%40%E5%B7%9D%E6%9D%91%E8%BB%8D%E5%9B%A3" n3="%6E%79%6C%6F%6E%36%36%38" dan="15,14,14,14" rate="1984.99,1939.76,1987.36,1897.88" sx="M,M,M,M"/><TAIKYOKU oya="0"/><INIT seed="0,0,0,2,1,129" ten="250,250,250,250" oya="0" hai0="113,5,38,117,45,24,104,29,37,11,39,27,2" hai1="95,74,126,106,97,71,49,102,78,19,44,23,125" hai2="68,59,43,87,111,26,31,99,82,65,25,130,64" hai3="42,15,122,75,56,73,119,40,81,61,124,8,32"/><T131/><D113/><U28/><E71/><V93/><F68/><W103/><G32/><T13/><D117/><U10/><E28/><V57/><F130/><W112/><G119/><T22/><D131/><U76/><E10/><V67/><F43/><W96/><G112/><T63/><D104/><U18/><E106/><V118/><F118/><W53/><G124/><N who="1" m="47722" /><E74/><V108/><F108/><W135/><G122/><T132/><D132/><U98/><E98/><V101/><F111/><W62/><G62/><T100/><D100/><U120/><E120/><V46/><F46/><W133/><G81/><T21/><D63/><U55/><E19/><V69/><F69/><W16/><G75/><T85/><D85/><U60/><E60/><V80/><F80/><W79/><G79/><T7/><D7/><U107/><E107/><V134/><F134/><N who="3" m="51211" /><G73/><T6/><D6/><U52/><E55/><V123/><F123/><W127/><G127/><T0/><REACH who="0" step="1"/><D45/><REACH who="0" ten="240,250,250,250" step="2"/><U35/><E102/><V48/><F48/><W90/><G103/><T54/><D54/><U77/><E44/><V114/><F114/><W47/><G47/><T4/><D4/><U128/><E52/><V14/><F14/><W50/><G61/><T70/><D70/><U121/><E128/><V115/><F115/><W92/><AGARI ba="0,1" hai="8,15,16,40,42,50,53,56,90,92,96" m="51211" machi="92" ten="30,8000,1" yaku="20,1,52,3,54,1" doraHai="129" who="3" fromWho="3" sc="240,-40,250,-20,250,-20,250,90" /><INIT seed="1,0,0,4,2,17" ten="200,230,230,340" oya="1" hai0="97,51,62,125,26,82,48,104,113,61,5,110,52" hai1="58,10,128,93,33,114,85,121,39,76,63,100,32" hai2="78,56,13,22,12,1,129,122,7,72,53,108,71" hai3="84,70,95,102,94,45,54,133,111,15,31,14,24"/><U11/><E114/><V120/><F71/><W68/><G133/><T46/><D113/><U59/><E121/><V36/><F36/><W112/><BYE who="2" /><G112/><T80/><D125/><U105/><E128/><V126/><F126/><W29/><G111/><T132/><D110/><U109/><E105/><V40/><F40/><W91/><G70/><T43/><D132/><U0/><E109/><V127/><F127/><W21/><G68/><T65/><D5/><U49/><E39/><V98/><F98/><N who="3" m="59735" /><G29/><T19/><D104/><U27/><E0/><V50/><F50/><AGARI ba="0,0" hai="14,15,21,24,31,45,50,54,84,91,95" m="59735" machi="50" ten="30,2000,0" yaku="8,1,52,1" doraHai="17" who="3" fromWho="2" sc="200,0,230,0,230,-20,340,20" /><INIT seed="2,0,0,5,4,92" ten="200,230,210,360" oya="2" hai0="21,22,28,51,52,128,12,47,57,26,55,16,113" hai1="133,35,32,2,54,14,127,45,119,109,4,64,74" hai2="104,77,25,130,50,87,93,37,20,67,118,98,10" hai3="70,6,94,126,29,116,96,17,48,80,23,90,18"/><V33/><F33/><W85/><G116/><T97/><D113/><U31/><E119/><V110/><F110/><W0/><G70/><T9/><D128/><U38/><E74/><V117/><F117/><W99/><G0/><T103/><D9/><U91/><E109/><V112/><F112/><W69/><G69/><T79/><D79/><U46/><E2/><V15/><F15/><W106/><G6/><T78/><D78/><U134/><E127/><V102/><F102/><W129/><G106/><T24/><D24/><UN n2="%E5%B0%B1%E6%B4%BB%E7%94%9F%40%E5%B7%9D%E6%9D%91%E8%BB%8D%E5%9B%A3" /><U124/><E124/><V71/><F118/><W56/><G126/><T132/><D132/><N who="1" m="50795" /><E64/><V60/><F130/><W63/><G48/><T43/><D57/><U72/><E72/><V8/><F37/><W114/><G129/><T7/><D7/><U105/><E105/><AGARI ba="0,0" hai="12,16,21,22,26,28,43,47,51,52,55,97,103,105" machi="105" ten="30,7700,0" yaku="7,1,52,1,54,2" doraHai="92" who="0" fromWho="1" sc="200,77,230,-77,210,0,360,0" /><INIT seed="3,0,0,0,4,89" ten="277,153,210,360" oya="3" hai0="112,92,43,28,5,52,1,59,17,9,25,20,21" hai1="83,33,47,12,71,87,58,86,79,27,23,48,100" hai2="60,53,130,119,54,8,120,105,10,11,31,16,72" hai3="24,127,126,22,44,46,42,68,117,4,66,70,102"/><W99/><G117/><T49/><D112/><U3/><E71/><V103/><F72/><W75/><G75/><T77/><D77/><U85/><E3/><V81/><F119/><W123/><G123/><T101/><D43/><U76/><E33/><V14/><F120/><W15/><G68/><T90/><D101/><U91/><E100/><V69/><F130/><W133/><G70/><T38/><D38/><U104/><E104/><V129/><F129/><W51/><G66/><T74/><D74/><U30/><E58/><V84/><F31/><W94/><G133/><T45/><D59/><U2/><E2/><V7/><F103/><W56/><G56/><T18/><REACH who="0" step="1"/><D20/><REACH who="0" ten="267,153,210,360" step="2"/><U109/><E109/><V6/><F69/><W110/><G110/><T73/><D73/><U132/><E132/><V121/><F105/><W36/><G36/><T111/><D111/><U135/><E135/><V116/><F121/><W61/><G42/><T113/><D113/><U124/><E124/><V63/><F116/><W34/><G127/><T98/><AGARI ba="0,1" hai="1,5,9,17,18,21,25,28,45,49,52,90,92,98" machi="98" ten="20,8000,1" yaku="1,1,0,1,7,1,52,1,54,1,53,0" doraHai="89" doraHaiUra="125" who="0" fromWho="0" sc="267,90,153,-20,210,-20,360,-40" owari="357,46.0,133,-37.0,190,-21.0,320,12.0" /></mjloggm>