<mjloggm ver="2.3"><GO type="41" lobby="0"/><UN n0="%62%6F%6E%6E%6F%75%38%39" n1="%E4%BE%86%EF%BC%8C%E6%88%B0%E5%80%8B%E7%97%9B%EF%BC%81" n2="%6D%6F%6F%6E%66%69%73%68" n3="%E5%B0%B1%E6%B4%BB%E7%94%9F%40%E5%B7%9D%E6%9D%91%E8%BB%8D%E5%9B%A3" dan="14,14,14,14" rate="2013.22,1918.37,1859.62,1935.23" sx="M,F,M,M"/><TAIKYOKU oya="0"/><INIT seed="0,0,0,5,4,56" ten="250,250,250,250" oya="0" hai0="20,33,90,67,121,64,70,24,101,85,116,130,40" hai1="16,31,53,126,13,119,123,117,113,5,52,118,80" hai2="45,92,36,131,58,78,35,102,72,66,25,73,93" hai3="99,95,79,105,68,0,124,108,63,43,61,41,27"/><T46/><D116/><U91/><E123/><V8/><F131/><W74/><G105/><T106/><D121/><U12/><E126/><V3/><F102/><W39/><G68/><T4/><D33/><U132/><E31/><V88/><F93/><W17/><G0/><T37/><D130/><U135/><E113/><V29/><F45/><W100/><G124/><T125/><D125/><U98/><E5/><V62/><F78/><W127/><G127/><T77/><D77/><U87/><E98/><V18/><F36/><W9/><G108/><T26/><D4/><U6/><E6/><V14/><REACH who="2" step="1"/><F3/><REACH who="2" ten="250,250,240,250" step="2"/><W57/><G39/><T51/><D101/><U96/><E96/><AGARI ba="0,1" hai="8,14,18,25,29,35,58,62,66,72,73,88,92,96" machi="96" ten="30,8000,1" yaku="1,1,2,1,7,1,52,1,54,1,53,0" doraHai="56" doraHaiUra="42" who="2" fromWho="1" sc="250,0,250,-80,240,90,250,0" /><INIT seed="1,0,0,3,2,52" ten="250,170,330,250" oya="1" hai0="111,75,85,134,35,54,10,4,63,7,60,6,57" hai1="132,67,90,9,64,15,58,100,0,36,76,69,87" hai2="27,23,99,82,5,113,86,47,71,39,14,59,93" hai3="125,3,65,96,79,55,44,72,18,21,97,101,30"/><U38/><E132/><V53/><F71/><W91/><G3/><T115/><D75/><U128/><E128/><V25/><F113/><W77/><G125/><T81/><D115/><U22/><E100/><V92/><F92/><W89/><G65/><T106/><D35/><U11/><E76/><V61/><F47/><W104/><G30/><T94/><D106/><U24/><E0/><V112/><F39/><W26/><G96/><T1/><D134/><U49/><E69/><V123/><F123/><W8/><G8/><N who="1" m="3146" /><E36/><V118/><F118/><W126/><G126/><T33/><D33/><U133/><E38/><V41/><F41/><W43/><G43/><T32/><D32/><U95/><E15/><V119/><F119/><W46/><G46/><T116/><D116/><U29/><E133/><V74/><F74/><W2/><G2/><T105/><D105/><U127/><E127/><V13/><F25/><W28/><G28/><T66/><D94/><U78/><E78/><N who="2" m="46423" /><F5/><W37/><G37/><T102/><D102/><U50/><E67/><V16/><F112/><W31/><G31/><T109/><D10/><U42/><E42/><V122/><F122/><W107/><G107/><T135/><D135/><U40/><E40/><V83/><F83/><W17/><G77/><T80/><D1/><U103/><E103/><AGARI ba="0,0" hai="13,14,16,23,27,53,59,61,93,99,103" m="46423" machi="103" ten="30,3900,0" yaku="8,1,52,1,54,1" doraHai="52" who="2" fromWho="1" sc="250,0,170,-39,330,39,250,0" /><INIT seed="2,0,0,3,1,16" ten="250,131,369,250" oya="2" hai0="57,54,41,1,124,86,30,134,123,28,38,112,10" hai1="35,9,121,14,64,77,11,87,47,2,67,97,32" hai2="92,79,58,105,115,12,99,19,126,63,0,46,56" hai3="68,80,61,15,44,89,26,72,93,122,108,135,118"/><V40/><F115/><W88/><G118/><T34/><D123/><U106/><E121/><V37/><F126/><W82/><G122/><T13/><D1/><U84/><E2/><V91/><F0/><W131/><G108/><T114/><D124/><U6/><E47/><V22/><F105/><W103/><G131/><T55/><D38/><U73/><E73/><V20/><F58/><W110/><G110/><T4/><D41/><U119/><E119/><V18/><F79/><W132/><G44/><T51/><D54/><U130/><E130/><V31/><F31/><W42/><G42/><T23/><D34/><U133/><E133/><N who="3" m="51274" /><G26/><T50/><D134/><U53/><E53/><V120/><F120/><W83/><G15/><T45/><D114/><U85/><E77/><V3/><F3/><W98/><G68/><T60/><D112/><U59/><E106/><V96/><F96/><N who="3" m="59791" /><G61/><T24/><D86/><U29/><E97/><V70/><F70/><W25/><G25/><T36/><D36/><U39/><E39/><V43/><F46/><W49/><G49/><N who="0" m="18443" /><D45/><U90/><E90/><N who="3" m="34922" /><G98/><T113/><D113/><U95/><E95/><V74/><F37/><W7/><G7/><T27/><D27/><U75/><E75/><AGARI ba="0,0" hai="72,75,80,82,83" m="34922,59791,51274" machi="75" ten="40,8000,1" yaku="20,1,34,2,54,1" doraHai="16" who="3" fromWho="1" sc="250,0,131,-80,369,0,250,80" /><INIT seed="3,0,0,0,3,15" ten="250,51,369,330" oya="3" hai0="34,86,65,124,32,33,52,133,11,110,67,106,3" hai1="117,53,2,13,80,4,114,71,49,45,59,17,18" hai2="28,93,12,121,108,70,47,66,43,61,85,115,116" hai3="24,88,26,57,40,129,79,127,27,0,74,118,99"/><W97/><G118/><T21/><D106/><U102/><E114/><V95/><F121/><W23/><G0/><T9/><D110/><U131/><E131/><V35/><F116/><W98/><G129/><T91/><D133/><U7/><E117/><V89/><F108/><W58/><G127/><T22/><D3/><U38/><E71/><V19/><F115/><W44/><G74/><T109/><D109/><U87/><E2/><V25/><F93/><W105/><G79/><T5/><D124/><U94/><E38/><V96/><F96/><W73/><G73/><T101/><D101/><U72/><E72/><V41/><REACH who="2" step="1"/><F47/><REACH who="2" ten="250,51,359,330" step="2"/><W62/><G105/><T54/><D34/><U92/><E102/><V111/><F111/><W29/><G99/><T46/><D46/><U30/><E45/><V100/><F100/><W16/><G98/><T56/><D33/><U50/><E50/><V123/><F123/><W119/><G119/><T103/><D103/><U8/><E30/><V132/><F132/><W36/><G29/><T68/><D32/><U126/><E126/><V37/><F37/><W48/><G36/><T128/><D128/><U60/><E49/><V55/><F55/><N who="3" m="34111" /><G58/><T64/><D56/><U130/><E130/><V76/><F76/><W84/><G97/><T83/><D68/><U77/><REACH who="1" step="1"/><E7/><REACH who="1" ten="250,41,359,330" step="2"/><V122/><F122/><W51/><G51/><T31/><D5/><U134/><E134/><V1/><F1/><W10/><G48/><T113/><D113/><U39/><E39/><V104/><F104/><W90/><G44/><T81/><D31/><U20/><E20/><AGARI ba="0,2" hai="12,19,20,25,28,35,41,43,61,66,70,85,89,95" machi="20" ten="30,7700,0" yaku="1,1,6,1,7,1,52,1,53,0" doraHai="15" doraHaiUra="42" who="2" fromWho="1" sc="250,0,41,-77,359,97,330,0" owari="250,-15.0,-36,-54.0,456,56.0,330,13.0" /></mjloggm>