<mjloggm ver="2.3"><GO type="169" lobby="0"/><UN n0="%74%61%6B%61%2D%31%31%36" n1="%E3%82%A6%E3%83%AB%E3%83%88%E3%83%A9%E7%AB%8B%E7%9B%B4" n2="%6D%6F%74%69%37%32%2E%2E" n3="%64%61%6E%6E%63%68%69" dan="16,16,16,16" rate="2063.73,2121.32,2057.25,2024.60" sx="M,M,M,M"/><TAIKYOKU oya="0"/><INIT seed="0,0,0,3,5,107" ten="250,250,250,250" oya="0" hai0="59,58,127,49,64,122,103,99,68,104,21,45,2" hai1="10,43,70,79,41,1,90,102,67,78,110,52,124" hai2="61,36,62,89,37,11,28,38,130,34,86,87,98" hai3="23,0,44,65,120,56,25,121,97,7,27,91,53"/><T32/><D122/><N who="3" m="47209" /><G65/><T135/><D135/><U13/><E110/><V80/><F130/><W76/><G76/><T75/><D127/><U50/><E124/><V63/><F98/><W96/><G44/><T133/><D133/><U82/><E1/><V19/><F34/><W88/><G7/><T5/><D64/><U57/><E102/><V101/><F28/><N who="3" m="17471" /><G27/><T73/><D68/><U30/><E30/><V31/><F31/><W125/><G0/><T71/><D71/><U74/><E78/><V123/><F123/><W29/><G29/><T4/><D32/><U106/><E106/><V108/><F19/><W126/><G126/><T8/><D5/><U39/><E39/><V3/><F3/><W72/><G72/><T66/><D21/><U24/><E24/><V17/><F17/><W46/><G46/><T15/><D2/><U6/><REACH who="1" step="1"/><E90/><REACH who="1" ten="250,240,250,250" step="2"/><N who="3" m="34346" /><G125/><T54/><REACH who="0" step="1"/><D66/><REACH who="0" ten="240,240,250,250" step="2"/><U119/><E119/><V35/><F35/><W109/><G109/><T105/><D105/><U51/><E51/><AGARI ba="0,2" hai="51,53,56,96,97" m="34346,17471,47209" machi="51" ten="30,2000,0" yaku="13,1,54,1" doraHai="107" who="3" fromWho="1" sc="240,0,240,-20,250,0,250,40" /><INIT seed="1,0,0,2,1,4" ten="240,220,250,290" oya="1" hai0="99,50,33,114,83,59,54,46,25,56,117,53,47" hai1="58,106,81,110,55,1,87,92,108,14,60,93,75" hai2="70,128,80,104,96,5,52,26,27,100,31,115,37" hai3="97,74,119,30,127,103,23,122,89,107,21,61,57"/><U34/><E1/><V73/><F37/><W39/><G122/><T10/><D114/><U62/><E34/><V95/><F128/><W131/><G39/><T19/><D117/><U32/><E32/><V45/><F70/><W113/><G113/><T40/><D99/><U91/><E106/><V17/><F115/><W130/><G127/><T121/><D121/><U102/><E75/><V13/><F5/><W11/><G74/><T125/><D125/><U63/><E14/><V90/><F31/><W44/><G44/><N who="0" m="25863" /><D33/><U88/><E102/><V12/><F12/><W48/><G48/><N who="0" m="30791" /><D83/><U18/><E18/><V94/><F94/><W82/><G119/><T120/><D120/><U105/><E105/><V29/><F29/><W42/><G42/><T71/><D71/><U134/><E134/><V15/><F80/><W109/><G109/><N who="1" m="42090" /><E81/><V0/><F73/><W68/><G68/><T41/><D41/><U135/><E135/><V111/><F111/><W124/><G124/><T133/><D133/><U6/><E6/><V126/><F126/><W132/><G132/><T38/><D38/><U118/><E118/><V79/><F0/><W72/><G30/><T112/><D112/><U85/><AGARI ba="0,0" hai="55,58,60,62,63,85,87,88,91,92,93" m="42090" machi="85" ten="30,6000,0" yaku="14,1,10,1,54,1" doraHai="4" who="1" fromWho="1" sc="240,-20,220,60,250,-20,290,-20" /><INIT seed="1,1,0,2,0,6" ten="220,280,230,270" oya="1" hai0="121,60,35,36,96,31,1,88,40,54,52,81,79" hai1="114,19,113,10,105,127,85,92,32,86,106,51,25" hai2="24,45,111,134,4,129,112,132,119,93,26,120,99" hai3="16,33,126,9,80,116,0,39,133,128,55,90,109"/><U20/><E127/><V63/><F119/><W61/><G39/><T56/><D121/><U123/><E123/><V17/><F120/><W67/><G33/><T11/><D35/><U13/><E32/><V65/><F111/><W104/><G104/><T41/><D31/><U72/><E72/><V125/><F125/><W29/><G29/><T100/><D54/><U124/><E124/><V130/><F112/><W94/><G126/><T110/><D110/><U118/><E118/><V38/><F4/><W77/><G109/><T117/><D117/><U27/><E27/><N who="2" m="10283" /><F17/><W42/><G42/><T57/><D57/><U53/><E105/><V107/><F107/><W73/><G55/><T18/><D36/><U58/><E106/><V83/><F83/><W21/><G128/><N who="2" m="49257" /><F45/><W62/><G116/><T14/><D100/><U34/><E34/><V28/><F28/><W115/><G115/><T122/><D1/><U64/><E113/><V91/><F38/><W8/><G0/><T3/><D3/><U48/><E114/><V89/><F89/><W7/><G7/><T71/><D71/><AGARI ba="1,0" hai="63,65,71,91,93,99,132,134" m="49257,10283" machi="71" ten="30,1000,0" yaku="19,1" doraHai="6" who="2" fromWho="0" sc="220,-13,280,0,230,13,270,0" /><INIT seed="2,0,0,4,4,132" ten="207,280,243,270" oya="2" hai0="92,111,113,74,68,21,112,64,77,69,83,98,82" hai1="134,102,65,13,46,29,131,16,88,10,75,90,9" hai2="24,89,125,53,25,119,23,71,37,42,129,62,87" hai3="59,104,20,3,97,47,95,40,49,27,128,39,58"/><V72/><F72/><W5/><G104/><T43/><D111/><U124/><E75/><V61/><F119/><W44/><G128/><T94/><D43/><U38/><E131/><V81/><F129/><W105/><G105/><T34/><D34/><U67/><E134/><V28/><F71/><W50/><G5/><T60/><D69/><U8/><E102/><V15/><F37/><W117/><G3/><T126/><D126/><U120/><E124/><V12/><F42/><W35/><G35/><T52/><D83/><U31/><E46/><V122/><F122/><W11/><G11/><N who="1" m="4170" /><E38/><V123/><F123/><W121/><G121/><T30/><D92/><U109/><E109/><V2/><F2/><W135/><G117/><T22/><D22/><U41/><E41/><V73/><F73/><W85/><G85/><T54/><D112/><U18/><E18/><V6/><F6/><W80/><G80/><T70/><D70/><U7/><E7/><V118/><F118/><W114/><G114/><T0/><D0/><U84/><E120/><V101/><F101/><N who="3" m="60607" /><G39/><T45/><D45/><U115/><E115/><V96/><F125/><W127/><G127/><T26/><REACH who="0" step="1"/><D113/><REACH who="0" ten="197,280,243,270" step="2"/><U76/><E76/><V56/><F25/><W116/><G135/><T130/><D130/><U63/><E10/><V19/><F23/><W93/><G116/><T91/><AGARI ba="0,1" hai="21,26,30,52,54,60,64,68,74,77,82,91,94,98" machi="91" ten="20,5200,0" yaku="1,1,0,1,7,1,54,1,53,0" doraHai="132" doraHaiUra="33" who="0" fromWho="0" sc="197,62,280,-13,243,-26,270,-13" /><INIT seed="3,0,0,5,1,103" ten="259,267,217,257" oya="3" hai0="17,1,13,108,36,67,100,54,76,133,125,41,43" hai1="122,26,14,73,59,97,2,127,9,29,119,8,48" hai2="106,16,24,63,56,39,112,79,116,20,58,27,45" hai3="51,53,114,44,18,107,102,109,6,60,111,88,113"/><W71/><G6/><T34/><D108/><N who="3" m="41545" /><G18/><T134/><D1/><U55/><E122/><V78/><F112/><N who="3" m="43115" /><G88/><T75/><D34/><U64/><E119/><V21/><F116/><W123/><G123/><T12/><D17/><U47/><E127/><V25/><F25/><W3/><G3/><T62/><D13/><U19/><E73/><V81/><F106/><W80/><G80/><T49/><D12/><U104/><E104/><V0/><F0/><W40/><G71/><T94/><D76/><U118/><E118/><V37/><F79/><W96/><G60/><T52/><D75/><U23/><E97/><V22/><F22/><W61/><G61/><T30/><D30/><U57/><E2/><V117/><F117/><W135/><G135/><T93/><D93/><U98/><E98/><V132/><F132/><W128/><G128/><T87/><D94/><U121/><E121/><V70/><F70/><W38/><G38/><N who="2" m="14345" /><F63/><W124/><G124/><T66/><D36/><U89/><E89/><V7/><F7/><W131/><G131/><T90/><D125/><U92/><E92/><V72/><F21/><W129/><G129/><T68/><D68/><U4/><E4/><V31/><F31/><W126/><G126/><T35/><D62/><N who="1" m="37983" /><E9/><V65/><F27/><W5/><G5/><T115/><D115/><U83/><E83/><V11/><F11/><W110/><N who="3" m="41553" /><W50/><DORA hai="15" /><G50/><T120/><D49/><U101/><E101/><V85/><F72/><W82/><G82/><N who="0" m="49527" /><D100/><U42/><E48/><V99/><F81/><W10/><G10/><T95/><D134/><RYUUKYOKU ba="0,0" sc="259,-10,267,-10,217,-10,257,30" hai3="40,44,51,53,96,102,107" /><INIT seed="3,1,0,0,1,61" ten="249,257,207,287" oya="3" hai0="71,34,69,135,5,9,90,132,82,24,83,17,100" hai1="92,44,38,70,125,39,26,87,32,72,84,127,30" hai2="19,54,115,4,106,53,15,94,57,42,105,6,80" hai3="20,96,76,46,64,18,97,52,33,59,78,10,40"/><W119/><G119/><T103/><D103/><U55/><E72/><V95/><F42/><W2/><G33/><T124/><D100/><U81/><E70/><N who="0" m="26633" /><D90/><U3/><E3/><V41/><F41/><W74/><G96/><T131/><D124/><N who="1" m="47691" /><E44/><V123/><F115/><W109/><G97/><T1/><D131/><U50/><E50/><V73/><F73/><W67/><G109/><T108/><D108/><U120/><E55/><V130/><F130/><W68/><G68/><T0/><D0/><U134/><E134/><N who="0" m="51241" /><D34/><U79/><E120/><V104/><F80/><W118/><G118/><T8/><D24/><U51/><E51/><V93/><F123/><W13/><G2/><T128/><D128/><U37/><E37/><V31/><F31/><W88/><G88/><AGARI ba="1,0" hai="26,30,32,38,39,79,81,84,87,88,92" m="47691" machi="88" ten="30,2000,0" yaku="18,1,54,1" doraHai="61" who="1" fromWho="3" sc="249,0,257,23,207,0,287,-23" /><INIT seed="4,0,0,3,5,7" ten="249,280,207,264" oya="0" hai0="20,128,58,67,59,61,114,35,1,53,54,91,52" hai1="99,24,18,26,14,49,13,93,74,5,134,78,117" hai2="31,4,66,92,126,3,79,82,12,118,9,106,32" hai3="103,16,116,27,81,40,102,23,72,94,90,80,110"/><T107/><D35/><U125/><E117/><V55/><F106/><W122/><G122/><T50/><D107/><U34/><E34/><V39/><F118/><W75/><G110/><T100/><D100/><U112/><E125/><V36/><F126/><W42/><G72/><T132/><D1/><U56/><E78/><V119/><F119/><W86/><G116/><T111/><D111/><U95/><E74/><V44/><F66/><W63/><G63/><T70/><D114/><U51/><E95/><V127/><F127/><W45/><G42/><T77/><D77/><U129/><E129/><V96/><F32/><W133/><G133/><T64/><D128/><U135/><E112/><V62/><F31/><W84/><G75/><T60/><D132/><U120/><E120/><V130/><F130/><W73/><G73/><T85/><REACH who="0" step="1"/><D20/><REACH who="0" ten="239,280,207,264" step="2"/><U97/><E134/><V6/><F3/><W22/><G22/><T109/><D109/><U98/><E135/><V115/><F115/><W33/><G33/><T87/><D87/><U28/><E98/><V47/><F79/><W124/><G124/><T57/><D57/><U8/><E97/><V89/><F47/><W48/><G86/><T65/><D65/><U76/><E56/><N who="2" m="35103" /><F44/><W10/><G102/><T17/><D17/><U71/><E76/><V37/><F6/><W29/><G103/><T38/><D38/><U19/><E19/><V123/><F123/><W113/><G113/><T131/><D131/><U69/><E18/><V46/><F46/><W11/><G16/><T2/><D2/><U83/><E5/><V43/><F43/><RYUUKYOKU ba="0,1" sc="239,10,280,-30,207,10,264,10" hai0="50,52,53,54,58,59,60,61,64,67,70,85,91" hai2="4,9,12,36,37,39,82,89,92,96" hai3="10,11,23,27,29,40,45,48,80,81,84,90,94" /><INIT seed="4,1,1,4,4,55" ten="249,250,217,274" oya="0" hai0="105,40,115,130,49,103,129,10,32,107,47,121,126" hai1="73,22,70,33,26,34,91,65,80,23,15,112,87" hai2="2,133,135,127,62,96,21,42,51,20,131,24,93" hai3="99,37,109,45,72,14,29,98,4,17,74,117,84"/><T12/><D121/><U71/><E112/><V50/><F2/><W97/><G109/><T67/><D115/><U19/><E73/><V123/><F123/><W30/><G4/><T83/><D126/><U27/><E65/><V95/><F127/><W110/><G110/><T111/><D111/><U36/><E36/><V5/><F5/><W61/><G84/><T60/><D32/><U3/><E3/><V102/><F131/><N who="0" m="50186" /><D103/><U132/><E132/><N who="2" m="50763" /><F95/><W46/><G117/><T1/><D1/><U18/><REACH who="1" step="1"/><E15/><REACH who="1" ten="249,240,217,274" step="2"/><V16/><F42/><W56/><G74/><T52/><D83/><U64/><E64/><V77/><F77/><W125/><G72/><T44/><D67/><U9/><E9/><V78/><F78/><W85/><G37/><N who="0" m="21519" /><D60/><U7/><E7/><AGARI ba="1,2" hai="7,10,12,47,49,52,105,107" m="21519,50186" machi="7" ten="30,2900,0" yaku="19,1,54,1" doraHai="55" who="0" fromWho="1" sc="249,52,240,-32,217,0,274,0" /><INIT seed="4,2,0,1,1,87" ten="301,208,217,274" oya="0" hai0="16,132,25,101,61,29,114,27,102,38,123,18,40" hai1="15,117,59,58,134,1,69,8,34,6,68,42,26" hai2="113,47,64,119,3,44,46,56,81,127,83,115,67" hai3="103,124,89,49,96,108,39,74,95,63,109,128,30"/><T85/><D123/><U19/><E117/><V12/><F3/><W22/><G39/><T82/><D114/><N who="2" m="43530" /><F119/><W36/><G36/><T31/><D132/><U104/><E104/><V111/><F111/><W2/><G2/><T112/><D112/><U121/><E121/><V90/><F12/><W35/><G35/><T122/><D122/><U78/><E78/><V28/><F28/><N who="0" m="10826" /><D40/><U41/><E134/><V77/><F127/><W52/><G74/><T110/><D61/><U84/><E34/><V24/><F24/><N who="0" m="9290" /><D38/><U135/><E135/><V80/><F77/><W9/><G124/><T92/><D110/><U100/><E42/><V125/><F125/><W50/><G108/><T21/><D92/><U133/><E41/><V76/><F76/><W105/><G63/><T11/><D11/><U20/><E133/><V65/><F56/><W99/><G9/><T5/><D5/><U55/><E59/><V33/><F33/><W116/><G109/><T60/><D60/><U51/><E1/><V118/><F118/><W107/><G116/><T88/><D21/><U131/><E69/><V0/><F0/><W54/><G22/><T98/><D98/><U62/><E68/><V79/><F79/><W75/><G30/><T73/><D73/><U17/><E6/><V70/><F70/><W4/><G4/><T57/><D57/><U23/><E8/><V130/><F130/><W120/><G75/><T10/><D10/><U71/><E131/><V72/><F72/><W14/><G128/><T32/><D32/><U45/><E71/><V7/><F7/><W43/><G120/><RYUUKYOKU ba="2,0" sc="301,15,208,-15,217,15,274,-15" hai0="16,18,82,85,88,101,102" hai2="44,46,47,64,65,67,80,81,83,90" /><INIT seed="4,3,0,4,3,94" ten="316,193,232,259" oya="0" hai0="104,134,121,11,18,34,7,103,97,21,120,95,3" hai1="19,77,99,93,119,100,48,86,107,40,39,84,64" hai2="15,129,16,54,122,42,69,55,131,114,50,74,31" hai3="96,35,73,85,71,133,38,118,8,112,43,68,5"/><T57/><D34/><U41/><E119/><V62/><F74/><W92/><G35/><T125/><D125/><U13/><E39/><V14/><F122/><W22/><G73/><T20/><D134/><U28/><E28/><V61/><F31/><W12/><G118/><T46/><D21/><U52/><E64/><V102/><F42/><N who="1" m="16489" /><E107/><V101/><F69/><W81/><G112/><T90/><D46/><N who="1" m="27671" /><E77/><V59/><F114/><W89/><G133/><T9/><D9/><AGARI ba="3,0" hai="9,13,19,84,86,93,99,100" m="27671,16489" machi="9" ten="30,3900,0" yaku="8,1,52,1,54,1" doraHai="94" who="1" fromWho="0" sc="316,-48,193,48,232,0,259,0" /><INIT seed="5,0,0,4,4,63" ten="268,241,232,259" oya="1" hai0="53,69,122,37,112,92,2,23,131,58,5,34,3" hai1="14,86,6,105,109,33,17,88,87,28,78,30,62" hai2="9,16,74,54,76,25,68,118,106,49,79,46,117" hai3="36,1,38,99,66,47,91,21,20,90,70,102,128"/><U85/><E105/><V45/><F106/><W40/><G1/><T124/><D112/><U114/><E114/><V0/><F68/><W81/><G38/><T73/><D34/><U93/><E6/><V67/><F67/><W134/><G134/><T116/><D116/><U18/><E109/><V11/><F46/><W115/><G115/><T57/><D69/><U83/><E33/><V29/><F0/><W71/><G128/><T35/><D35/><U39/><E39/><V77/><F74/><W8/><G8/><T24/><D124/><U56/><E86/><V4/><F4/><W75/><G75/><T108/><D108/><U110/><E110/><V123/><F123/><W50/><G36/><T125/><D125/><U89/><E89/><V120/><F120/><W60/><G71/><T44/><D73/><U80/><E80/><V27/><F27/><W126/><G126/><T82/><D3/><U64/><E18/><V48/><F48/><W111/><G111/><T26/><D2/><U7/><E7/><V121/><F121/><W113/><G113/><T104/><D104/><U100/><E100/><V22/><REACH who="2" step="1"/><F11/><AGARI ba="0,0" hai="11,14,17,28,30,56,62,64,78,83,85,87,88,93" machi="11" ten="30,11600,0" yaku="7,1,8,1,52,1,54,1" doraHai="63" who="1" fromWho="2" sc="268,0,241,116,232,-116,259,0" /><INIT seed="5,1,0,1,1,1" ten="268,357,116,259" oya="1" hai0="0,95,84,99,127,133,52,17,41,22,119,92,21" hai1="34,9,123,66,61,51,6,25,93,126,87,132,18" hai2="121,97,101,134,46,16,35,40,4,38,24,105,128" hai3="30,103,63,107,89,31,83,86,27,85,49,62,55"/><U116/><E116/><V106/><F121/><W65/><G107/><T108/><D108/><U14/><E123/><V44/><F128/><W13/><G103/><T43/><D119/><U110/><E110/><V53/><F106/><W78/><G65/><T47/><D127/><U114/><E126/><V15/><F134/><W28/><G13/><T124/><D133/><U56/><E114/><V111/><F111/><W77/><G27/><T115/><D115/><U60/><E60/><V20/><F35/><W90/><G78/><T33/><D33/><U69/><E132/><V80/><F80/><W81/><REACH who="3" step="1"/><G77/><REACH who="3" ten="268,357,116,249" step="2"/><T104/><D104/><U91/><E25/><V45/><REACH who="2" step="1"/><F53/><REACH who="2" ten="268,357,106,249" step="2"/><W42/><G42/><T29/><D52/><N who="1" m="33927" /><E34/><V122/><F122/><W109/><G109/><T54/><D43/><U7/><E66/><V72/><F72/><W3/><G3/><T112/><D41/><U64/><E64/><V8/><AGARI ba="1,2" hai="4,8,15,16,20,24,38,40,44,45,46,97,101,105" machi="8" ten="30,8000,1" yaku="1,1,0,1,52,1,54,1,53,1" doraHai="1" doraHaiUra="5" who="2" fromWho="2" sc="268,-21,357,-41,106,103,249,-21" /><INIT seed="6,0,0,4,4,56" ten="247,316,209,228" oya="2" hai0="40,88,112,83,68,37,9,45,108,31,66,118,55" hai1="33,6,105,77,46,82,39,18,8,30,74,10,129" hai2="123,72,76,62,94,59,21,57,131,20,42,69,134" hai3="125,117,99,26,70,85,11,61,130,36,38,12,79"/><V22/><F123/><W29/><G117/><T133/><D108/><U64/><E105/><V120/><F120/><W98/><G125/><T51/><D118/><U60/><E18/><V47/><F131/><W101/><G130/><T97/><D112/><U124/><E10/><V121/><F121/><W114/><G79/><T4/><D133/><U41/><E124/><V135/><F94/><W19/><G85/><T58/><D31/><U49/><E49/><N who="2" m="26871" /><F72/><W127/><G127/><T54/><D54/><U96/><E96/><V65/><F76/><W132/><G132/><AGARI ba="0,0" hai="20,21,22,57,59,62,65,69,132,134,135" m="26871" machi="132" ten="30,2900,0" yaku="20,1,52,1" doraHai="56" who="2" fromWho="3" sc="247,0,316,0,209,29,228,-29" /><INIT seed="6,1,0,1,3,133" ten="247,316,238,199" oya="2" hai0="114,119,22,107,52,135,113,51,41,104,103,111,73" hai1="100,69,130,122,59,60,90,16,57,110,62,108,66" hai2="55,31,12,42,91,32,24,96,10,15,125,101,8" hai3="124,64,97,105,118,127,54,65,72,3,93,44,112"/><V56/><F42/><W74/><G3/><T17/><D111/><U34/><E34/><V121/><F91/><W82/><G118/><T102/><D135/><U106/><E69/><V45/><F45/><W76/><G105/><N who="0" m="40523" /><D73/><U50/><E50/><V35/><F35/><W61/><G74/><T77/><D77/><U109/><E90/><V84/><F84/><W126/><G112/><N who="0" m="43115" /><D41/><U47/><E47/><V128/><F121/><W94/><G94/><T1/><D1/><U68/><E100/><V43/><F43/><W40/><G54/><T28/><D28/><U7/><E106/><V38/><F101/><N who="3" m="60591" /><G61/><T99/><D99/><U20/><E62/><V80/><F96/><W98/><G98/><T58/><D119/><U49/><E60/><V70/><F55/><W18/><G18/><T116/><D116/><U53/><E16/><V85/><F85/><W25/><G25/><AGARI ba="1,0" hai="17,22,25,51,52,58,102,103" m="43115,40523" machi="25" ten="30,2000,0" yaku="15,1,54,1" doraHai="133" who="0" fromWho="3" sc="247,23,316,0,238,0,199,-23" /><INIT seed="7,0,0,1,5,54" ten="270,316,238,176" oya="3" hai0="59,107,135,13,48,120,131,67,32,109,116,4,111" hai1="39,47,104,117,119,98,71,7,12,17,91,127,15" hai2="76,114,72,51,84,112,133,94,88,24,77,36,26" hai3="93,99,30,86,49,92,3,31,6,102,123,57,103"/><W56/><G123/><T100/><D120/><U132/><E71/><V110/><F110/><W118/><G118/><T58/><D116/><U125/><E132/><V85/><F72/><W27/><G3/><T25/><D135/><U78/><E78/><N who="2" m="30315" /><F36/><W80/><G6/><T45/><D131/><U1/><E47/><V29/><F133/><W35/><G49/><T42/><D107/><U75/><E75/><V65/><F65/><W21/><G35/><T44/><D100/><N who="1" m="62487" /><E91/><V63/><F63/><W87/><G30/><T64/><D32/><U89/><E89/><V20/><F51/><W22/><G22/><T18/><D25/><U62/><E62/><V106/><F26/><W33/><G33/><T10/><D45/><U16/><E39/><V90/><F106/><W41/><G41/><T2/><D109/><U124/><E1/><V60/><F90/><N who="3" m="51527" /><G87/><T101/><D111/><U128/><E7/><V74/><F74/><W126/><G126/><T108/><D108/><U55/><E119/><V134/><F134/><W73/><G73/><T34/><D34/><U50/><E117/><V68/><F60/><W0/><G0/><T79/><D4/><U61/><E61/><V40/><F40/><W69/><G69/><T130/><D2/><U82/><E125/><V81/><F68/><W70/><G70/><T52/><D42/><U28/><E124/><V105/><F105/><W9/><G9/><T66/><D10/><U14/><E127/><V121/><F121/><W95/><G99/><T115/><D48/><U97/><E50/><V43/><F43/><W23/><G23/><RYUUKYOKU ba="0,0" sc="270,-15,316,-15,238,15,176,15" hai2="20,24,29,81,84,85,88,94,112,114" hai3="21,27,31,56,57,92,93,95,102,103" /><INIT seed="7,1,0,4,5,8" ten="255,301,253,191" oya="3" hai0="27,28,59,9,36,117,65,5,84,33,32,118,96" hai1="119,63,17,112,68,13,87,43,95,42,47,80,14" hai2="94,121,41,34,82,125,128,132,21,75,79,88,52" hai3="64,81,107,66,45,104,102,19,71,74,26,3,10"/><W70/><G102/><T78/><D36/><U29/><E29/><V135/><F34/><W85/><G74/><T54/><D33/><U22/><E112/><V18/><F128/><W67/><G3/><T49/><D96/><U114/><E114/><V120/><F41/><W60/><G45/><T30/><D30/><U101/><E63/><V44/><F125/><W110/><G110/><T35/><D35/><U16/><E68/><V91/><F44/><W72/><G72/><T103/><D103/><U25/><E119/><V50/><F50/><W77/><G26/><T126/><D126/><U37/><E17/><V92/><F52/><W124/><G124/><T40/><D65/><U62/><E62/><V38/><F38/><W61/><REACH who="3" step="1"/><G67/><REACH who="3" ten="255,301,253,181" step="2"/><T111/><D111/><U24/><E24/><N who="2" m="14391" /><F120/><W56/><G56/><T86/><D40/><U51/><E42/><V48/><F121/><W15/><AGARI ba="1,1" hai="10,15,19,60,61,64,66,70,71,77,81,85,104,107" machi="15" ten="30,11700,0" yaku="1,1,0,1,9,1,52,1,53,0" doraHai="8" doraHaiUra="53" who="3" fromWho="3" sc="255,-40,301,-40,253,-40,181,130" owari="215,-18.0,261,6.0,213,-29.0,311,41.0" /></mjloggm>