<mjloggm ver="2.3"><GO type="41" lobby="0"/><UN n0="%E5%B0%B1%E6%B4%BB%E7%94%9F%40%E5%B7%9D%E6%9D%91%E8%BB%8D%E5%9B%A3" n1="%E8%97%A4%E7%94%B0%E9%9D%96%E5%AD%90%E3%83%97%E3%83%AD" n2="%74%65%75%32" n3="%E5%87%9B%E5%AE%99" dan="17,15,13,15" rate="2147.31,2009.96,1898.31,1987.55" sx="M,F,M,M"/><TAIKYOKU oya="0"/><INIT seed="0,0,0,3,0,135" ten="250,250,250,250" oya="0" hai0="64,5,6,77,13,16,96,107,10,113,55,88,54" hai1="0,92,51,15,116,41,72,63,24,122,79,94,20" hai2="34,23,129,27,9,74,67,111,66,76,99,52,108" hai3="127,2,38,105,58,31,98,132,21,7,114,81,84"/><T100/><D113/><U57/><E116/><V89/><F34/><W17/><G114/><T50/><D77/><U131/><E122/><V73/><F9/><W109/><G109/><T44/><D64/><U45/><E131/><V117/><F117/><W62/><G38/><T110/><D110/><U61/><E0/><V1/><F129/><W123/><G123/><T124/><D124/><U134/><E134/><V28/><F1/><W18/><G132/><T32/><D32/><U12/><E72/><V69/><F111/><W29/><G127/><T112/><D112/><U120/><E79/><V133/><F108/><W14/><G18/><T19/><D6/><U80/><E80/><V95/><F133/><W22/><G22/><T49/><REACH who="0" step="1"/><D88/><REACH who="0" ten="240,250,250,250" step="2"/><U91/><E120/><V48/><F76/><W125/><G125/><T130/><D130/><U97/><E91/><V118/><F118/><W115/><G115/><T46/><AGARI ba="0,1" hai="5,10,13,16,19,44,46,49,50,54,55,96,100,107" machi="46" ten="20,12000,1" yaku="1,1,0,1,7,1,9,1,54,1,53,0" doraHai="135" doraHaiUra="90" who="0" fromWho="0" sc="240,130,250,-40,250,-40,250,-40" /><INIT seed="0,1,0,0,2,122" ten="370,210,210,210" oya="0" hai0="90,126,134,61,127,113,114,20,16,6,54,51,69" hai1="5,88,68,65,45,71,96,120,8,59,80,58,47" hai2="38,17,46,3,133,12,115,29,25,40,15,119,124" hai3="7,77,104,118,39,48,125,86,0,53,108,94,44"/><T33/><D33/><U4/><E120/><V97/><F115/><N who="0" m="44042" /><D6/><U116/><E116/><V27/><F119/><W130/><G104/><T79/><D79/><U131/><E131/><V9/><F3/><W70/><G70/><T55/><D90/><U95/><E80/><V26/><F133/><W81/><G118/><T37/><D37/><U89/><E95/><V132/><F132/><W67/><G39/><T117/><D117/><U22/><E22/><V102/><F124/><N who="0" m="47658" /><D134/><U99/><E8/><V64/><F64/><AGARI ba="1,0" hai="4,5,45,47,58,59,64,65,68,71,88,89,96,99" machi="64" ten="25,3200,0" yaku="22,2,54,1" doraHai="122" who="1" fromWho="2" sc="370,0,210,35,210,-35,210,0" /><INIT seed="1,0,0,0,4,66" ten="370,245,175,210" oya="1" hai0="44,64,127,86,57,70,16,128,51,75,108,32,126" hai1="98,12,10,22,99,17,55,48,39,107,104,68,72" hai2="11,63,2,14,65,79,80,67,19,101,33,109,102" hai3="129,135,4,5,28,131,36,8,113,35,49,111,119"/><U0/><E39/><V34/><F33/><W26/><G36/><T45/><D75/><U71/><E72/><V54/><F34/><W24/><G49/><T74/><D74/><U27/><E0/><V47/><F109/><W20/><G113/><T3/><D32/><U88/><E98/><V114/><F114/><W41/><G41/><T116/><D3/><U125/><E125/><N who="0" m="47625" /><D108/><U96/><E96/><V9/><F67/><W77/><G77/><T61/><D128/><N who="3" m="49225" /><G111/><T30/><D30/><U53/><E53/><V1/><F11/><W50/><G50/><T105/><D105/><U133/><E133/><V25/><F25/><W40/><G40/><T18/><D116/><U106/><E99/><V91/><F91/><W83/><G83/><T89/><D57/><U37/><E88/><V115/><F115/><W6/><G119/><T122/><D122/><U52/><E37/><V81/><F81/><W90/><G90/><T103/><D103/><U87/><E87/><V46/><F102/><W118/><G118/><T38/><D38/><U43/><E43/><V110/><F101/><W120/><G135/><T13/><D13/><U134/><E134/><V130/><F110/><W84/><G120/><T124/><D124/><U92/><E92/><V56/><F47/><N who="0" m="17994" /><D51/><U73/><E73/><V123/><F123/><W21/><G84/><T69/><D69/><N who="1" m="26699" /><E48/><V42/><F54/><W31/><G35/><T121/><D121/><U132/><E132/><V15/><F15/><AGARI ba="0,0" hai="4,5,6,8,15,20,21,24,26,28,31" m="49225" machi="15" ten="30,3900,0" yaku="19,1,34,2" doraHai="66" who="3" fromWho="2" sc="370,0,245,0,175,-39,210,39" /><INIT seed="2,0,0,5,2,90" ten="370,245,136,249" oya="2" hai0="7,47,91,117,18,123,39,5,27,59,84,132,115" hai1="103,24,40,124,41,94,0,121,68,112,58,64,55" hai2="118,4,82,116,131,110,98,93,127,61,72,96,133" hai3="134,125,51,37,46,81,113,42,32,28,106,126,69"/><V86/><F61/><W57/><G106/><T100/><D132/><U77/><E112/><V38/><F38/><W56/><G81/><T35/><D117/><U1/><E124/><N who="3" m="47722" /><G28/><T104/><D123/><U78/><E121/><V25/><F127/><W102/><G102/><T73/><D73/><U26/><E68/><V85/><F25/><W21/><G21/><T22/><D115/><U99/><E64/><V114/><F4/><W8/><G8/><T95/><D35/><U70/><E70/><V54/><F114/><W109/><G32/><T9/><D59/><N who="3" m="22601" /><G113/><T31/><D100/><U63/><E0/><V52/><F133/><W17/><G17/><T108/><D104/><U12/><E1/><V74/><F54/><W23/><G23/><T88/><D108/><U50/><E12/><V65/><F52/><W36/><G109/><T89/><D31/><U15/><E15/><V71/><F110/><W76/><G76/><T33/><D33/><U75/><E75/><N who="2" m="28715" /><F65/><W111/><G111/><T34/><D34/><U119/><E24/><V29/><F29/><W10/><G10/><T120/><D120/><U53/><E26/><V20/><F20/><W107/><G107/><T83/><D83/><U97/><E55/><V130/><F71/><W16/><G16/><T128/><D128/><N who="2" m="49194" /><F82/><W105/><G134/><T129/><D129/><U66/><E63/><V45/><F45/><W11/><G11/><T19/><D19/><U101/><E66/><V62/><F62/><W44/><G69/><T80/><D80/><U43/><E53/><V30/><F30/><W6/><G36/><RYUUKYOKU ba="0,0" sc="370,0,245,0,136,0,249,0" /><INIT seed="3,1,0,2,3,129" ten="370,245,136,249" oya="3" hai0="126,125,92,41,18,102,71,46,65,114,11,68,42" hai1="9,78,122,24,99,15,67,4,115,93,112,25,81" hai2="100,96,109,104,63,76,86,3,34,74,2,55,91" hai3="120,38,10,5,113,8,80,28,94,54,79,107,30"/><W128/><G113/><T0/><D114/><U56/><E122/><V119/><F34/><W101/><G38/><T127/><D65/><U88/><E115/><V35/><F35/><W135/><G120/><T60/><D60/><U111/><E111/><V132/><F119/><W121/><G121/><T70/><D46/><U23/><E112/><V6/><F109/><W118/><G118/><T131/><D131/><U43/><E43/><N who="0" m="16393" /><D92/><U77/><E81/><N who="2" m="45207" /><F55/><W87/><G128/><T95/><D95/><U72/><E72/><V21/><F63/><W73/><G54/><T84/><D84/><U44/><E44/><V85/><F86/><W106/><G106/><T40/><D40/><U108/><E108/><V117/><F21/><W110/><G110/><T75/><D75/><U20/><E67/><V14/><F14/><W32/><G32/><T105/><D105/><U134/><E56/><V103/><F103/><W57/><G57/><T58/><D58/><U12/><E12/><V51/><F51/><W66/><G66/><T53/><D53/><U1/><E1/><N who="2" m="11" /><F6/><W62/><G62/><T83/><D102/><U19/><REACH who="1" step="1"/><E134/><REACH who="1" ten="370,235,136,249" step="2"/><V47/><F47/><W39/><G135/><T130/><D130/><U98/><E98/><V17/><F117/><W29/><G73/><T89/><D71/><U52/><E52/><V123/><F123/><W90/><G107/><T31/><D70/><U69/><E69/><V133/><F17/><AGARI ba="1,1" hai="4,9,15,17,19,20,23,24,25,77,78,88,93,99" machi="17" ten="30,8000,1" yaku="1,1,7,1,9,1,8,1,54,1,53,0" doraHai="129" doraHaiUra="97" who="1" fromWho="2" sc="370,0,235,93,136,-83,249,0" /><INIT seed="4,0,0,4,4,96" ten="370,328,53,249" oya="0" hai0="121,69,92,104,88,103,72,37,83,0,116,93,68" hai1="15,1,128,132,91,46,75,53,73,2,107,76,22" hai2="80,65,74,55,51,48,52,30,26,6,118,90,10" hai3="126,70,29,27,82,78,18,20,97,19,13,34,57"/><T122/><D0/><U14/><E132/><V62/><F65/><W44/><G70/><T111/><D37/><U32/><E128/><V28/><F62/><W123/><G123/><T71/><D116/><U85/><E32/><V8/><F30/><W135/><G135/><T110/><D104/><U127/><E127/><V40/><F40/><W38/><G126/><T100/><D72/><U24/><E107/><V41/><F118/><W49/><G38/><T119/><D119/><U63/><E1/><V45/><F10/><W7/><G57/><T125/><D125/><U84/><E2/><V9/><F9/><W59/><G59/><T12/><D12/><U67/><E75/><V23/><F74/><W94/><G7/><T42/><D42/><U54/><E73/><V25/><F25/><W56/><G56/><T31/><D31/><U113/><E113/><V99/><F51/><W109/><G109/><N who="0" m="41483" /><D83/><U17/><E14/><V50/><F50/><W66/><G66/><T3/><D3/><U60/><E15/><V98/><F98/><W33/><G33/><T16/><D16/><U77/><E67/><V114/><F114/><W130/><G34/><T105/><D93/><U108/><E108/><V4/><F8/><W43/><G13/><T133/><D105/><U134/><E134/><V64/><F64/><W36/><G36/><T112/><D112/><U5/><E5/><N who="2" m="2155" /><F80/><W21/><G20/><T39/><D39/><U124/><E22/><V131/><F131/><W58/><G130/><T11/><D133/><U81/><E124/><V106/><F106/><W79/><G82/><RYUUKYOKU ba="0,0" sc="370,-10,328,-10,53,30,249,-10" hai2="23,26,28,41,45,48,52,55,90,99" /><INIT seed="5,1,0,0,5,36" ten="360,318,83,239" oya="1" hai0="104,131,90,70,10,119,15,58,8,89,72,125,121" hai1="37,12,4,23,108,0,7,6,77,118,65,2,128" hai2="75,94,41,124,110,116,38,82,95,76,122,113,106" hai3="34,17,102,19,25,39,60,44,66,107,21,31,101"/><U127/><E118/><V18/><F116/><W59/><G107/><T32/><D32/><U78/><E128/><V14/><F122/><W57/><G57/><T87/><D70/><U3/><E127/><V109/><F124/><W88/><G88/><T73/><D125/><U112/><E112/><V55/><F106/><W30/><G30/><T54/><D131/><U67/><E37/><V105/><F105/><W61/><G60/><T11/><D121/><U103/><E108/><V29/><F29/><W20/><G34/><T62/><D104/><U130/><E130/><V27/><F27/><W100/><G21/><T24/><D119/><U123/><E123/><V43/><F38/><W1/><G1/><T40/><D40/><U80/><E103/><V47/><F113/><W126/><G126/><T99/><D24/><U49/><E49/><V28/><F28/><W5/><G5/><T64/><D15/><U33/><E33/><V56/><F47/><W42/><AGARI ba="1,0" hai="17,19,20,25,31,39,42,44,59,61,66,100,101,102" machi="42" ten="30,2000,0" yaku="0,1,52,1" doraHai="36" who="3" fromWho="3" sc="360,-6,318,-11,83,-6,239,23" /><INIT seed="6,0,0,5,1,7" ten="354,307,77,262" oya="2" hai0="122,4,1,84,47,56,117,104,20,101,6,86,135" hai1="124,74,133,73,127,70,97,120,91,58,83,80,76" hai2="123,23,85,81,65,46,128,114,22,29,27,121,79" hai3="95,62,129,134,125,69,33,32,0,61,25,115,37"/><V55/><F65/><W21/><G0/><T116/><D122/><U66/><E70/><V93/><F114/><W119/><G37/><T99/><D135/><U107/><E66/><V96/><F128/><W72/><G72/><T11/><D6/><U78/><E58/><V89/><F23/><W40/><G119/><N who="0" m="45643" /><D20/><U59/><E59/><V2/><F2/><W10/><G69/><T68/><D68/><U100/><E133/><V48/><AGARI ba="0,0" hai="22,27,29,46,48,55,79,81,85,89,93,96,121,123" machi="48" ten="30,1500,0" yaku="0,1" doraHai="7" who="2" fromWho="2" sc="354,-5,307,-5,77,15,262,-5" /><INIT seed="6,1,0,4,3,90" ten="349,302,92,257" oya="2" hai0="61,1,80,47,119,41,55,39,43,102,0,132,26" hai1="82,8,10,105,70,40,123,44,88,98,115,92,121" hai2="5,133,75,31,89,73,84,57,23,129,14,76,96" hai3="116,103,29,100,18,20,27,45,66,99,6,91,106"/><V37/><F37/><W33/><G116/><T134/><D119/><U58/><E115/><V95/><F129/><W46/><G103/><T24/><D102/><U35/><E70/><V120/><F133/><N who="0" m="51306" /><D80/><U16/><E35/><V53/><F120/><N who="1" m="46153" /><E105/><V19/><F75/><W51/><G6/><T125/><D125/><U54/><E82/><V42/><F73/><W52/><G91/><T9/><D43/><U67/><E67/><V97/><F42/><W68/><G45/><T64/><D55/><U85/><E98/><V25/><F5/><W69/><REACH who="3" step="1"/><G66/><REACH who="3" ten="349,302,92,247" step="2"/><T38/><D38/><U71/><E44/><V131/><F131/><W3/><G3/><T11/><D1/><U79/><E79/><V72/><F76/><W122/><G122/><T32/><D0/><U94/><E40/><V111/><F111/><W13/><AGARI ba="1,1" hai="13,18,20,27,29,33,46,51,52,68,69,99,100,106" machi="13" ten="20,5200,0" yaku="1,1,0,1,7,1,54,1,53,0" doraHai="90" doraHaiUra="59" who="3" fromWho="3" sc="349,-14,302,-14,92,-27,247,65" /><INIT seed="7,0,0,3,1,108" ten="335,288,65,312" oya="3" hai0="86,58,127,116,123,37,39,18,76,49,120,12,96" hai1="133,64,75,22,67,121,65,40,79,74,36,91,87" hai2="93,112,10,69,70,82,6,90,81,110,103,32,16" hai3="83,122,80,113,115,28,48,52,7,131,14,42,104"/><W19/><G104/><T11/><D116/><U117/><E121/><V21/><F110/><W118/><G122/><T13/><D127/><U132/><E117/><V111/><F32/><W31/><G118/><T46/><D123/><U63/><E63/><V84/><F103/><W23/><G42/><N who="0" m="24791" /><D37/><U59/><E59/><V73/><F111/><W114/><G131/><T44/><D39/><U1/><E1/><V88/><F73/><W24/><G7/><N who="0" m="3199" /><D44/><U102/><E102/><V47/><F47/><N who="3" m="27679" /><G31/><T61/><D96/><U99/><E99/><V129/><F129/><W8/><AGARI ba="0,0" hai="8,14,19,23,24,28,80,83,113,114,115" m="27679" machi="8" ten="30,12000,1" yaku="15,1,52,3,54,1" doraHai="108" who="3" fromWho="3" sc="335,-40,288,-40,65,-40,312,120" owari="295,10.0,248,-15.0,25,-47.0,432,52.0" /></mjloggm>