<mjloggm ver="2.3"><GO type="225" lobby="0"/><UN n0="%E3%82%A6%E3%83%92%E3%83%A7%E5%8A%A9" n1="%E5%91%89%E8%82%B2%E9%83%8E" n2="%E7%A7%98%E5%89%A3%E2%98%85%E5%8D%83%E9%B3%A5%E2%98%85" n3="%E5%B0%B1%E6%B4%BB%E7%94%9F%40%E5%B7%9D%E6%9D%91%E8%BB%8D%E5%9B%A3" dan="18,16,16,16" rate="2243.62,2050.62,2094.00,2070.32" sx="M,M,M,M"/><TAIKYOKU oya="0"/><INIT seed="0,0,0,5,4,72" ten="250,250,250,250" oya="0" hai0="98,130,28,19,118,58,80,97,16,3,4,54,107" hai1="113,45,74,108,55,56,83,50,46,20,33,81,51" hai2="69,37,73,57,52,62,92,88,40,93,131,110,31" hai3="112,35,60,68,44,124,100,15,10,105,77,64,128"/><T127/><D118/><U6/><E33/><V114/><F114/><W78/><G112/><T84/><D130/><U116/><E116/><V5/><F131/><W76/><G128/><T59/><D127/><U86/><E108/><V53/><F110/><W43/><G35/><T14/><D107/><U122/><E74/><V101/><F69/><W9/><G124/><T115/><D28/><U70/><E70/><V27/><F73/><W22/><G105/><T104/><D104/><U7/><E122/><V39/><F5/><W29/><G100/><T61/><D3/><U21/><E113/><V0/><F0/><W82/><G82/><T117/><D117/><U129/><E129/><V75/><F75/><W26/><REACH who="3" step="1"/><G15/><REACH who="3" ten="250,250,250,240" step="2"/><T17/><D115/><U111/><E111/><V121/><F101/><W103/><G103/><T30/><D80/><U34/><E34/><V106/><F106/><W102/><G102/><T13/><D13/><U126/><E126/><V89/><F121/><W71/><G71/><T134/><D14/><U63/><E81/><V109/><F109/><W23/><G23/><T65/><D134/><U49/><E20/><V119/><F119/><W47/><G47/><N who="1" m="17930" /><E21/><N who="2" m="15855" /><F93/><W99/><G99/><T125/><D98/><U132/><E132/><V38/><F92/><W91/><G91/><AGARI ba="0,1" hai="6,7,49,50,51,55,56,63,83,86,91" m="17930" machi="91" ten="30,1000,0" yaku="8,1" doraHai="72" who="1" fromWho="3" sc="250,0,250,20,250,0,240,-10" /><INIT seed="1,0,0,4,0,58" ten="250,270,250,230" oya="1" hai0="24,60,70,95,71,89,5,103,102,38,79,41,87" hai1="92,119,46,25,97,56,42,125,59,113,16,31,123" hai2="2,34,115,54,100,130,30,131,105,7,112,81,117" hai3="44,37,126,32,0,11,28,72,66,135,86,90,21"/><U129/><E113/><N who="2" m="43595" /><F117/><W23/><G72/><T118/><D118/><U17/><E123/><V98/><F54/><W73/><G73/><T8/><D24/><U48/><E125/><V22/><F22/><W64/><G126/><T76/><D71/><U45/><E129/><N who="2" m="49163" /><F81/><W82/><G135/><T50/><D38/><U122/><E122/><V93/><F93/><W19/><G32/><T120/><D120/><U39/><E119/><V101/><F100/><W53/><G28/><T128/><D128/><U75/><E75/><V94/><F94/><W88/><G90/><T55/><D103/><U132/><E132/><V111/><F111/><W27/><G23/><T63/><D102/><U43/><E92/><V106/><F105/><W116/><G116/><T110/><D110/><U99/><E31/><V121/><F121/><W14/><G0/><T9/><D70/><U52/><E59/><V74/><F74/><W40/><REACH who="3" step="1"/><G53/><REACH who="3" ten="250,270,250,220" step="2"/><T108/><D55/><U51/><REACH who="1" step="1"/><E25/><REACH who="1" ten="250,260,250,220" step="2"/><V133/><F133/><W77/><G77/><T96/><D79/><U35/><E35/><V134/><F134/><W107/><G107/><T4/><D76/><U61/><E61/><V1/><F30/><W104/><G104/><T13/><D108/><U91/><E91/><V67/><F34/><W65/><G65/><T62/><D89/><U84/><E84/><V29/><F29/><W18/><AGARI ba="0,2" hai="11,14,18,19,21,27,37,40,44,64,66,82,86,88" machi="18" ten="20,5200,0" yaku="1,1,0,1,7,1,54,1,53,0" doraHai="58" doraHaiUra="49" who="3" fromWho="3" sc="250,-13,260,-26,250,-13,220,72" /><INIT seed="2,0,0,3,2,127" ten="237,234,237,292" oya="2" hai0="10,27,123,73,105,107,120,59,48,58,111,129,40" hai1="132,16,34,83,65,7,97,117,99,63,19,2,17" hai2="64,116,131,4,114,25,104,125,100,112,21,41,9" hai3="71,68,135,29,30,115,31,102,118,53,66,128,133"/><V0/><F41/><W46/><G128/><T91/><D73/><U93/><E117/><V89/><F64/><W8/><G118/><T6/><D111/><U69/><E34/><V84/><F116/><W43/><G115/><T75/><D75/><U108/><E132/><N who="3" m="50762" /><G102/><T90/><D27/><U103/><E108/><V122/><F125/><W82/><G82/><T26/><D26/><U45/><E99/><V95/><F122/><W23/><G8/><T88/><D129/><U18/><E18/><V72/><F72/><W37/><G53/><T49/><D91/><U70/><E45/><V52/><F131/><W61/><G23/><T38/><D38/><U60/><E83/><V74/><F74/><W1/><G1/><T54/><D40/><U134/><E134/><V98/><REACH who="2" step="1"/><F52/><REACH who="2" ten="237,234,227,292" step="2"/><W22/><G22/><T42/><D42/><U33/><E65/><V20/><F20/><W39/><G39/><T87/><D54/><U124/><E124/><V51/><F51/><W15/><G15/><T32/><D32/><U85/><E33/><V79/><F79/><W62/><G62/><T92/><D123/><U109/><E60/><V24/><F24/><W80/><G71/><T119/><D120/><U106/><E63/><V50/><F50/><N who="0" m="19562" /><D119/><U113/><E109/><V12/><F12/><W56/><G68/><T14/><D90/><N who="1" m="53455" /><E113/><V94/><F94/><W121/><G80/><T126/><D126/><U130/><E130/><V96/><F96/><W55/><G121/><T101/><D107/><U5/><E2/><V3/><F3/><W67/><AGARI ba="0,1" hai="29,30,31,37,43,46,55,56,61,66,67" m="50762" machi="67" ten="40,1500,0" yaku="20,1" doraHai="127" who="3" fromWho="3" sc="237,-4,234,-4,227,-7,292,25" /><INIT seed="3,0,0,5,5,89" ten="233,230,220,317" oya="3" hai0="41,71,18,99,118,36,124,46,115,84,17,95,116" hai1="96,62,113,109,87,21,83,78,72,91,90,123,68" hai2="130,33,30,25,77,12,94,10,81,133,16,128,22" hai3="73,121,45,8,127,34,43,103,82,0,112,9,74"/><W61/><G121/><T27/><D71/><U40/><E123/><V51/><F133/><W53/><G112/><T20/><D115/><U55/><E40/><V7/><F51/><W48/><G34/><T102/><D124/><U132/><E132/><V97/><F81/><W1/><G127/><T56/><D56/><N who="1" m="35103" /><E72/><V120/><F77/><W54/><G103/><T39/><D39/><U100/><E68/><V47/><F47/><W69/><G53/><T5/><D5/><U63/><E109/><V44/><F44/><W98/><G98/><T107/><D17/><U4/><E4/><V105/><F105/><W114/><G114/><T2/><D2/><U70/><E70/><V23/><F120/><W92/><G0/><T131/><D131/><N who="2" m="50218" /><F7/><W50/><G82/><T24/><D24/><U79/><E79/><V76/><F76/><W42/><G74/><T28/><D28/><U64/><E113/><V104/><F104/><W126/><G43/><T108/><D108/><U88/><E21/><V129/><N who="2" m="50226" /><V38/><DORA hai="125" /><F38/><W122/><G73/><T57/><D57/><N who="1" m="36975" /><E100/><AGARI ba="0,0" hai="10,12,16,22,23,25,30,33,94,97,100" m="50226" machi="100" ten="40,12000,2" yaku="19,1,52,5,54,1" doraHai="89,125" who="2" fromWho="1" sc="233,0,230,-120,220,120,317,0" owari="233,-17.0,110,-39.0,340,44.0,317,12.0" /></mjloggm>