<mjloggm ver="2.3"><GO type="169" lobby="0"/><UN n0="%41%79%65%73%68%61" n1="%E3%81%93%E3%81%9F%E3%81%A4%E3%81%AB%E3%83%9F%E3%82%AB%E3%83%B3" n2="%50%6F%78%79" n3="%E3%82%A6%E3%83%AB%E3%83%88%E3%83%A9%E7%AB%8B%E7%9B%B4" dan="16,16,16,16" rate="2099.00,2050.18,2127.03,2140.56" sx="M,M,M,M"/><TAIKYOKU oya="0"/><INIT seed="0,0,0,4,4,134" ten="250,250,250,250" oya="0" hai0="75,97,28,99,72,125,39,69,116,26,102,77,53" hai1="113,15,52,30,18,82,90,76,81,25,29,130,58" hai2="101,61,65,83,120,62,119,4,107,43,22,79,84" hai3="60,24,48,108,57,93,114,96,100,123,27,78,109"/><T112/><D116/><U20/><E130/><V133/><F133/><W121/><G48/><T71/><D112/><U115/><E90/><V9/><F119/><W80/><G114/><N who="1" m="43530" /><E76/><V35/><F35/><W11/><G11/><T2/><D53/><U33/><E30/><V89/><F120/><W104/><G104/><N who="0" m="63567" /><D99/><U1/><E1/><V95/><F43/><W135/><G135/><T49/><D49/><AGARI ba="0,0" hai="15,18,20,25,29,33,49,52,58,81,82" m="43530" machi="49" ten="30,2000,0" yaku="11,1,54,1" doraHai="134" who="1" fromWho="0" sc="250,-20,250,20,250,0,250,0" /><INIT seed="1,0,0,4,5,46" ten="230,270,250,250" oya="1" hai0="36,111,131,123,1,60,70,18,27,105,98,28,132" hai1="57,8,66,86,12,84,39,19,83,17,76,44,34" hai2="107,135,79,99,65,9,125,110,101,120,96,33,90" hai3="30,24,109,128,52,20,54,87,56,15,4,81,100"/><U58/><E34/><V115/><F33/><W67/><G128/><T114/><RYUUKYOKU type="yao9" ba="0,0" sc="230,0,270,0,250,0,250,0" hai0="1,18,27,28,36,60,70,98,105,111,114,123,131,132" /><INIT seed="1,1,0,2,4,84" ten="230,270,250,250" oya="1" hai0="36,73,105,9,8,90,135,103,30,12,104,108,68" hai1="86,26,56,53,43,128,28,111,45,3,87,17,6" hai2="75,100,110,15,107,126,40,57,69,47,25,23,80" hai3="132,10,96,32,52,62,77,14,4,94,48,51,18"/><U59/><E128/><V116/><F69/><W7/><G132/><T114/><D114/><U20/><E111/><V19/><F126/><W35/><G77/><T50/><D135/><U11/><E56/><V106/><F100/><W127/><G127/><T79/><D68/><U92/><E92/><V93/><F116/><W98/><G98/><T133/><D36/><U34/><E45/><V129/><F110/><W83/><G83/><T61/><D30/><U120/><E43/><V109/><F109/><W63/><G35/><T82/><D108/><U67/><E67/><V65/><F93/><W70/><G32/><T42/><D61/><N who="3" m="23049" /><G70/><T130/><D133/><U44/><E44/><V89/><F75/><W131/><G131/><T95/><D130/><U55/><E120/><V123/><F123/><W64/><G64/><T124/><D124/><U24/><E55/><V31/><F129/><W21/><G10/><T76/><D79/><U115/><E115/><V37/><F65/><W66/><G66/><T2/><D8/><U134/><E134/><V13/><F57/><N who="3" m="32903" /><G51/><AGARI ba="1,0" hai="3,6,11,17,20,24,26,28,34,51,53,59,86,87" machi="51" ten="30,1500,0" yaku="7,1" doraHai="84" who="1" fromWho="3" sc="230,0,270,18,250,0,250,-18" /><INIT seed="1,2,0,1,4,31" ten="230,288,250,232" oya="1" hai0="67,58,91,14,39,53,94,93,17,90,54,33,109" hai1="131,127,126,102,34,3,121,63,81,124,55,134,40" hai2="114,51,125,59,101,5,36,12,89,4,122,21,73" hai3="108,50,115,128,44,15,56,120,74,13,23,60,0"/><U6/><E121/><V25/><F36/><W29/><G120/><T95/><D39/><U66/><E102/><V16/><F122/><W22/><G108/><T79/><D109/><U98/><E98/><V83/><F125/><W41/><G128/><T86/><D79/><U38/><E55/><N who="2" m="32255" /><F73/><W78/><G115/><T87/><D33/><U132/><E81/><V99/><F114/><W97/><G0/><T61/><REACH who="0" step="1"/><D95/><REACH who="0" ten="220,288,250,232" step="2"/><U130/><E34/><V52/><F25/><N who="3" m="16567" /><G78/><T28/><D28/><U72/><E72/><V19/><F19/><W7/><G74/><T57/><D57/><N who="1" m="37231" /><E6/><V65/><F4/><W42/><G7/><T48/><D48/><U100/><E3/><V1/><F5/><W20/><G56/><T133/><D133/><N who="1" m="51307" /><E100/><V85/><F1/><W113/><G113/><T47/><D47/><AGARI ba="2,1" hai="38,40,47,124,126,127,130,131" m="51307,37231" machi="47" ten="40,18000,2" yaku="30,2,18,1,20,1,34,2" doraHai="31" who="1" fromWho="0" sc="220,-186,288,196,250,0,232,0" /><INIT seed="1,3,0,4,1,117" ten="34,484,250,232" oya="1" hai0="118,26,5,43,53,72,49,88,28,115,60,51,1" hai1="131,101,107,11,38,4,120,94,17,64,121,23,73" hai2="68,24,100,97,104,20,44,34,16,110,102,31,78" hai3="65,30,0,37,67,123,54,116,19,105,77,95,8"/><U46/><E107/><V109/><F102/><W96/><G105/><T62/><D115/><U82/><E64/><V81/><F44/><W41/><G116/><T52/><D118/><U83/><E131/><V79/><F68/><W69/><G30/><T35/><D72/><U22/><E101/><V18/><F18/><W132/><G132/><T128/><D128/><U87/><E94/><V92/><F104/><W58/><G77/><T39/><D39/><U55/><E83/><V93/><F93/><W126/><G126/><T86/><D5/><U45/><E45/><V33/><F79/><W12/><G0/><T70/><D1/><U112/><E112/><V2/><F2/><W36/><G123/><N who="1" m="47178" /><E4/><V133/><F133/><W84/><G84/><T108/><D108/><U98/><E98/><V13/><REACH who="2" step="1"/><F33/><REACH who="2" ten="34,484,240,232" step="2"/><W125/><G69/><T15/><D70/><U91/><E38/><V29/><F29/><W90/><G125/><T75/><D75/><AGARI ba="3,1" hai="13,16,20,24,31,34,75,78,81,92,97,100,109,110" machi="75" ten="40,5200,0" yaku="1,1,54,1,53,1" doraHai="117" doraHaiUra="14" who="2" fromWho="0" sc="34,-61,484,0,240,71,232,0" owari="-27,-53.0,484,59.0,311,11.0,232,-17.0" /></mjloggm>