<mjloggm ver="2.3"><GO type="225" lobby="0"/><UN n0="%E4%B8%96%E5%A4%A2" n1="%E5%B0%B1%E6%B4%BB%E7%94%9F%40%E5%B7%9D%E6%9D%91%E8%BB%8D%E5%9B%A3" n2="%E7%A8%B2%E4%BD%9C%E3%83%B4%E3%82%A9%E3%83%AB%E3%82%B1%E3%82%A4%E3%83%8E" n3="%E3%81%8F%E3%82%89%E3%81%BE%E3%82%82%E3%82%93" dan="16,16,17,16" rate="2096.04,2009.31,2197.28,2069.59" sx="M,M,M,M"/><TAIKYOKU oya="0"/><INIT seed="0,0,0,2,0,1" ten="250,250,250,250" oya="0" hai0="87,131,37,94,36,54,134,71,51,103,40,50,39" hai1="128,62,45,95,135,44,69,47,65,115,101,29,113" hai2="27,98,59,66,3,9,110,109,55,10,28,120,121" hai3="4,125,102,22,58,79,18,49,46,34,89,76,15"/><T106/><D71/><U100/><E128/><V63/><F98/><W118/><G118/><T43/><D131/><U73/><E73/><V57/><F120/><W19/><G34/><T7/><D134/><U8/><E135/><V14/><F121/><W38/><G102/><T105/><D51/><U124/><E124/><V6/><F3/><W90/><G38/><T80/><D94/><U116/><E116/><V104/><F9/><W24/><G58/><T112/><D112/><N who="1" m="43083" /><E29/><V70/><F104/><W35/><G125/><T107/><D103/><N who="1" m="39499" /><E95/><V20/><REACH who="2" step="1"/><F70/><REACH who="2" ten="250,250,240,250" step="2"/><W48/><G35/><T130/><D130/><U78/><E8/><V33/><F33/><W68/><G68/><T97/><D97/><U52/><E78/><V67/><F67/><W114/><G76/><T88/><D107/><U64/><E65/><V111/><F111/><W132/><G79/><T0/><D106/><U84/><E84/><V32/><F32/><W41/><G114/><T96/><D105/><U126/><E126/><V16/><F16/><N who="3" m="12359" /><G132/><T91/><D96/><U17/><E17/><V77/><F77/><W92/><G19/><T13/><D0/><U86/><E86/><V129/><F129/><W127/><G18/><T5/><D91/><U93/><E64/><V83/><F83/><W99/><G127/><T74/><D74/><U133/><E133/><V12/><F12/><W21/><G90/><T30/><D13/><U72/><E72/><V81/><F81/><W85/><G15/><T117/><D117/><U82/><E82/><V123/><F123/><W119/><G119/><T26/><D80/><RYUUKYOKU ba="0,1" sc="250,-10,250,-10,240,30,250,-10" hai2="6,10,14,20,27,28,55,57,59,63,66,109,110" /><INIT seed="1,1,1,0,0,82" ten="240,240,270,240" oya="1" hai0="48,52,80,7,106,63,54,33,41,29,66,1,128" hai1="36,125,89,20,68,71,94,32,0,46,110,44,5" hai2="38,42,135,84,37,91,122,132,39,55,10,73,124" hai3="28,115,118,111,30,51,50,49,45,19,86,3,98"/><U17/><E32/><V65/><F122/><W112/><G3/><T103/><D128/><U24/><E125/><V43/><F73/><W81/><G111/><T83/><D41/><U74/><E110/><V57/><F124/><W40/><G118/><T21/><D21/><U121/><E74/><V88/><F65/><W16/><G98/><N who="0" m="61815" /><D7/><U85/><E121/><V22/><F22/><W62/><G62/><T97/><D97/><U117/><E117/><V95/><F10/><W25/><G112/><T23/><D23/><U53/><E44/><V96/><F42/><W77/><G115/><T93/><D93/><U99/><E36/><V11/><F11/><W87/><G87/><T31/><D31/><N who="3" m="11817" /><G25/><N who="0" m="18607" /><D1/><U105/><E5/><V9/><F9/><W13/><G19/><T134/><D134/><N who="2" m="51242" /><F43/><W133/><G133/><T14/><D14/><U70/><E0/><V34/><F34/><W72/><G72/><T109/><D109/><U56/><E46/><V69/><F69/><W90/><G77/><T76/><D76/><U116/><E116/><V104/><F104/><W120/><G120/><T101/><D101/><U58/><E105/><V100/><F84/><W79/><G79/><T61/><D61/><AGARI ba="1,1" hai="37,38,39,55,57,61,88,91,95,96,100" m="51242" machi="61" ten="40,2600,0" yaku="20,1,54,1" doraHai="82" who="2" fromWho="0" sc="240,-29,240,0,270,39,240,0" /><INIT seed="2,0,0,0,2,62" ten="211,240,309,240" oya="2" hai0="8,101,65,105,13,55,71,6,99,103,4,2,122" hai1="113,72,32,12,54,91,3,26,74,95,134,119,29" hai2="96,0,77,69,33,112,37,133,9,123,67,59,30" hai3="128,46,98,50,78,76,84,25,89,83,88,31,129"/><V10/><F112/><W23/><G98/><T117/><D122/><U7/><E113/><V14/><F123/><W61/><G61/><T48/><D117/><U20/><E119/><V121/><F37/><W135/><G135/><T90/><D103/><U131/><E134/><V104/><F121/><W86/><G78/><T15/><D90/><U124/><E131/><N who="3" m="50250" /><G84/><T120/><D120/><U45/><E124/><V81/><F96/><W51/><G51/><T28/><D28/><U68/><E68/><V35/><F69/><W16/><G31/><T41/><D41/><AGARI ba="0,0" hai="16,23,25,41,46,50,76,83,86,88,89" m="50250" machi="41" ten="30,3900,0" yaku="19,1,54,2" doraHai="62" who="3" fromWho="0" sc="211,-39,240,0,309,0,240,39" /><INIT seed="3,0,0,1,5,5" ten="172,240,309,279" oya="3" hai0="35,24,91,89,102,19,85,93,103,42,80,59,98" hai1="94,76,79,36,51,81,48,60,131,82,90,133,45" hai2="17,100,12,8,63,108,47,88,126,37,46,50,11" hai3="26,116,125,10,134,114,6,115,29,41,62,1,87"/><W3/><G116/><T21/><D35/><U106/><E106/><V31/><F108/><W52/><G41/><T55/><REACH who="0" step="1"/><D42/><REACH who="0" ten="162,240,309,279" step="2"/><U39/><E131/><V130/><F130/><W111/><G115/><T23/><D23/><U99/><E133/><V16/><F126/><W95/><G114/><T70/><D70/><U57/><E36/><V32/><F37/><W120/><G134/><T122/><D122/><U53/><E39/><V71/><F32/><W44/><G120/><T101/><D101/><U15/><E15/><N who="2" m="7271" /><F71/><W13/><G125/><T86/><D86/><U40/><REACH who="1" step="1"/><E60/><AGARI ba="0,1" hai="19,21,24,55,59,60,80,85,89,91,93,98,102,103" machi="60" ten="30,8000,1" yaku="1,1,7,1,25,2,8,1,53,0" doraHai="5" doraHaiUra="129" who="0" fromWho="1" sc="162,90,240,-80,309,0,279,0" owari="252,-15.0,160,-34.0,309,41.0,279,8.0" /></mjloggm>