<mjloggm ver="2.3"><GO type="41" lobby="0"/><UN n0="%E3%81%AF%E3%81%AA%E3%81%9F%E3%82%8C" n1="%E5%B0%B1%E6%B4%BB%E7%94%9F%40%E5%B7%9D%E6%9D%91%E8%BB%8D%E5%9B%A3" n2="%73%68%6F%6E%61%6E%6A%69" n3="%69%67%61%69%31%32%39%36" dan="13,15,14,14" rate="1923.87,2025.92,1947.01,1815.18" sx="M,M,M,M"/><TAIKYOKU oya="0"/><INIT seed="0,0,0,0,1,60" ten="250,250,250,250" oya="0" hai0="59,71,68,16,40,94,20,123,122,4,124,63,38" hai1="6,8,29,132,120,18,21,79,73,102,119,53,37" hai2="133,78,51,90,30,13,11,135,28,105,52,58,89" hai3="31,14,34,86,98,19,85,0,95,130,106,69,87"/><T47/><D124/><U104/><E119/><V32/><F105/><W43/><G130/><T45/><D4/><U26/><E120/><V27/><F30/><W93/><G0/><T81/><D47/><U67/><E132/><V100/><F100/><W74/><G74/><T57/><D57/><U77/><E37/><V84/><F78/><W56/><G69/><T23/><D23/><U117/><E117/><V7/><REACH who="2" step="1"/><F84/><REACH who="2" ten="250,250,240,250" step="2"/><W75/><G87/><T70/><D81/><U5/><E73/><V1/><F1/><W44/><G85/><T107/><D94/><U101/><E104/><V15/><F15/><W42/><G86/><T103/><D103/><U46/><E102/><V25/><F25/><W76/><G93/><T126/><D107/><U61/><E101/><V80/><F80/><W54/><G95/><T2/><D2/><U39/><E79/><V24/><F24/><W91/><G76/><T121/><D126/><U128/><E77/><V12/><F12/><W50/><G14/><T36/><D36/><U10/><E128/><V99/><F99/><W96/><G98/><T35/><D35/><U62/><E6/><V82/><F82/><W110/><G96/><T134/><D134/><AGARI ba="0,1" hai="7,11,13,27,28,32,51,52,58,89,90,133,134,135" machi="134" ten="40,5200,0" yaku="1,1,20,1,54,1,53,0" doraHai="60" doraHaiUra="17" who="2" fromWho="0" sc="250,-52,250,0,240,62,250,0" /><INIT seed="1,0,0,4,4,135" ten="198,250,302,250" oya="1" hai0="4,2,38,67,5,107,48,126,76,21,61,39,133" hai1="18,120,6,0,95,36,16,125,64,37,71,23,83" hai2="69,122,33,130,45,100,94,118,3,34,14,104,49" hai3="55,99,75,102,19,43,91,109,26,7,114,70,110"/><U30/><E120/><V46/><F118/><W112/><G75/><T41/><D126/><U44/><E30/><V111/><F3/><W73/><G73/><T24/><D107/><U15/><E125/><V35/><F122/><W40/><G70/><T77/><D133/><U81/><E0/><V74/><F104/><W86/><G7/><T124/><D124/><U127/><E127/><V119/><F119/><W13/><G26/><T85/><D76/><U105/><E105/><V8/><F74/><W31/><G55/><T93/><D39/><U88/><E6/><V10/><F69/><W106/><G31/><T98/><D38/><U87/><E18/><V68/><F68/><W27/><G27/><T11/><D5/><U121/><E121/><V59/><F111/><N who="3" m="42507" /><G43/><T12/><D2/><U52/><E37/><V134/><F134/><W54/><G54/><T113/><D113/><U66/><E71/><V79/><F130/><W80/><G40/><T60/><D67/><N who="1" m="25643" /><E36/><V123/><F123/><W63/><G63/><T116/><D116/><U128/><E128/><V9/><F79/><W57/><G57/><T65/><D65/><U22/><E22/><AGARI ba="0,0" hai="13,19,22,80,86,91,99,102,106,112,114" m="42507" machi="22" ten="30,1000,0" yaku="14,1" doraHai="135" who="3" fromWho="1" sc="198,0,250,-10,302,0,250,10" /><INIT seed="2,0,0,5,3,115" ten="198,240,302,260" oya="2" hai0="64,49,97,109,134,107,30,83,106,50,7,123,105" hai1="40,60,25,39,80,35,133,41,121,92,98,86,63" hai2="54,12,4,95,15,82,135,5,114,84,89,23,24" hai3="46,32,75,77,59,131,53,11,62,6,19,56,96"/><V70/><F114/><W93/><G131/><T57/><D123/><U99/><E121/><V51/><F70/><W122/><G122/><T18/><D109/><U104/><E104/><V88/><F135/><W125/><G32/><T116/><D134/><U8/><E133/><V91/><F15/><W103/><G125/><T68/><D68/><U130/><E130/><V1/><F1/><W101/><G46/><T113/><D113/><U21/><E35/><V52/><F54/><W118/><G19/><T14/><D7/><N who="2" m="2634" /><F12/><W67/><G77/><T117/><D30/><N who="1" m="17711" /><E8/><V110/><F110/><W76/><G76/><T108/><D83/><U45/><E39/><V38/><F38/><W33/><G75/><T48/><D97/><N who="1" m="36875" /><E92/><V111/><F82/><W17/><G17/><T0/><D0/><U28/><E28/><N who="2" m="17439" /><F111/><W43/><G33/><T85/><D85/><U58/><E45/><AGARI ba="0,0" hai="45,51,52,84,88,89,91,95" m="17439,2634" machi="45" ten="30,5800,0" yaku="8,1,54,2" doraHai="115" who="2" fromWho="1" sc="198,0,240,-58,302,58,260,0" /><INIT seed="2,1,0,3,2,114" ten="198,182,360,260" oya="2" hai0="69,57,131,9,135,133,20,73,44,121,130,62,106" hai1="79,125,71,116,38,93,83,11,96,37,5,126,51" hai2="109,25,81,35,65,55,6,112,21,74,104,86,0" hai3="122,92,46,82,48,19,26,127,63,61,87,88,85"/><V32/><F112/><W12/><G127/><N who="1" m="48650" /><E71/><V13/><F104/><W34/><G122/><T22/><D106/><U18/><E18/><V120/><F74/><W115/><G115/><T54/><D73/><N who="1" m="43503" /><E51/><V15/><F120/><W7/><G7/><T108/><D121/><U129/><E129/><N who="0" m="49161" /><D9/><U123/><E123/><V3/><F65/><W97/><G26/><T107/><D107/><U98/><E116/><V103/><F103/><N who="3" m="60839" /><G34/><T80/><D80/><U111/><E111/><V134/><F109/><W28/><G87/><T94/><D94/><U33/><E33/><V60/><F134/><N who="0" m="51210" /><D108/><U47/><E47/><V64/><F35/><W119/><G28/><T14/><D69/><U90/><E98/><V43/><F32/><W101/><G101/><T99/><D99/><U23/><E23/><N who="0" m="8745" /><D14/><AGARI ba="1,0" hai="5,11,14,37,38,90,93,96" m="43503,48650" machi="14" ten="30,1000,0" yaku="18,1" doraHai="114" who="1" fromWho="0" sc="198,-13,182,13,360,0,260,0" /><INIT seed="3,0,0,2,1,77" ten="185,195,360,260" oya="3" hai0="50,40,47,108,86,38,70,58,134,46,85,81,99" hai1="31,7,16,88,128,97,54,120,114,67,6,78,13" hai2="65,119,100,35,93,118,41,48,96,44,53,8,42" hai3="82,59,18,62,80,122,52,76,87,55,14,74,90"/><W2/><G2/><T36/><D108/><U106/><E120/><V20/><F35/><W45/><G122/><T63/><D70/><U92/><E114/><V61/><F8/><W113/><G113/><T10/><D134/><U33/><E128/><V109/><F109/><W21/><REACH who="3" step="1"/><G45/><REACH who="3" ten="185,195,360,250" step="2"/><T28/><D47/><U24/><E106/><V127/><F119/><W83/><G83/><T133/><D133/><U64/><E78/><V37/><F118/><W130/><G130/><T4/><D86/><U72/><E72/><V5/><F127/><W9/><G9/><T68/><D99/><U39/><E39/><V121/><F121/><W0/><G0/><T124/><D124/><U3/><E3/><V34/><F37/><W95/><G95/><T1/><D68/><U57/><E7/><V69/><F5/><W71/><G71/><T15/><D1/><U75/><E6/><V84/><F34/><W60/><G60/><T102/><D28/><U107/><E107/><V30/><F30/><W11/><G11/><T49/><D38/><U56/><E75/><V126/><F126/><W125/><G125/><T98/><D36/><U22/><E56/><V29/><F29/><W91/><G91/><T51/><D98/><U111/><E111/><V115/><F115/><W26/><G26/><T132/><D102/><U25/><E24/><V23/><F84/><W12/><G12/><T110/><D132/><U94/><E92/><V123/><F123/><W73/><G73/><T116/><D110/><U27/><E25/><V105/><F105/><W19/><G19/><T117/><D116/><RYUUKYOKU ba="0,1" sc="185,-30,195,10,360,10,250,10" hai1="13,16,22,27,31,33,54,57,64,67,88,94,97" hai2="20,23,41,42,44,48,53,61,65,69,93,96,100" hai3="14,18,21,52,55,59,62,74,76,80,82,87,90" /><INIT seed="3,1,1,4,4,98" ten="155,205,370,260" oya="3" hai0="77,122,20,100,95,56,126,127,31,3,123,133,72" hai1="10,12,125,51,65,62,38,110,121,61,9,57,85" hai2="30,41,102,131,47,73,6,114,4,115,54,49,101" hai3="119,13,21,55,130,27,84,2,67,69,96,28,48"/><W128/><G119/><T44/><D3/><U86/><E38/><V36/><F73/><W37/><G2/><T132/><D72/><U63/><E121/><N who="0" m="46089" /><D77/><U0/><E0/><V24/><F131/><W129/><G37/><T22/><D44/><U89/><E110/><V19/><F19/><W43/><G43/><T117/><D56/><U99/><E125/><N who="0" m="47625" /><D31/><U75/><E75/><V83/><F83/><W53/><G84/><N who="1" m="32362" /><E51/><V59/><F6/><W104/><G13/><T80/><D80/><U124/><E124/><V64/><F4/><W120/><G120/><T5/><D5/><N who="1" m="3119" /><E10/><V78/><F78/><W66/><G69/><T52/><D52/><N who="3" m="20041" /><G48/><T11/><D11/><U32/><E32/><V35/><REACH who="2" step="1"/><F64/><REACH who="2" ten="155,205,360,260" step="2"/><W33/><G66/><T88/><D117/><U50/><E50/><V74/><F74/><W60/><G67/><T81/><D20/><U7/><E7/><V90/><F90/><W16/><G60/><T113/><D22/><U82/><E82/><V87/><F87/><W46/><G33/><T108/><D81/><U116/><E116/><V109/><F109/><W97/><G46/><T79/><D79/><U58/><E65/><V45/><F45/><W26/><G128/><T107/><D108/><U34/><E34/><V76/><F76/><W93/><G129/><T94/><D113/><AGARI ba="1,2" hai="24,30,35,36,41,47,49,54,59,101,102,113,114,115" machi="113" ten="40,8000,1" yaku="1,1,52,2,53,1" doraHai="98" doraHaiUra="40" who="2" fromWho="0" sc="155,-83,205,0,360,103,260,0" /><INIT seed="4,0,0,3,0,15" ten="72,205,463,260" oya="0" hai0="77,52,48,14,26,127,54,45,102,78,106,125,55" hai1="130,88,58,31,1,27,79,73,62,121,129,34,134" hai2="93,124,47,32,84,113,42,23,85,110,98,120,96" hai3="89,21,53,101,95,41,40,72,132,16,68,0,112"/><T119/><D119/><U75/><E1/><V66/><F32/><W107/><G112/><T122/><D122/><U99/><E121/><V94/><F120/><W39/><G132/><T46/><D106/><U135/><E79/><V83/><F113/><W18/><G0/><T4/><D102/><U104/><E104/><V118/><F118/><W116/><G116/><T17/><D26/><U12/><E12/><V128/><F110/><W2/><G2/><T92/><D92/><N who="1" m="56711" /><E75/><V115/><F115/><W100/><G72/><T71/><D71/><U6/><E6/><V74/><F74/><W63/><G107/><T126/><D4/><U69/><E73/><V29/><F66/><W24/><G39/><T87/><D87/><U5/><E69/><V80/><F124/><N who="0" m="31746" /><T3/><DORA hai="61" /><D3/><U105/><E105/><V91/><F128/><N who="1" m="49257" /><E5/><V22/><F29/><N who="3" m="17551" /><G68/><T111/><D111/><U30/><E30/><V37/><F98/><N who="3" m="57711" /><G101/><T70/><D70/><U103/><E103/><V56/><F94/><W60/><G100/><T123/><D123/><U51/><E51/><V49/><F93/><W133/><G133/><T43/><D46/><U64/><AGARI ba="0,0" hai="27,31,34,58,62,64,134,135" m="49257,56711" machi="64" ten="30,4000,0" yaku="19,1,52,1,54,1" doraHai="15,61" who="1" fromWho="1" sc="72,-20,205,40,463,-10,260,-10" /><INIT seed="5,0,0,4,2,104" ten="52,245,453,250" oya="1" hai0="79,85,71,125,67,70,78,17,59,75,133,81,99" hai1="96,86,87,56,11,4,91,1,119,106,50,95,90" hai2="98,2,9,43,129,5,53,111,68,49,118,31,27" hai3="89,32,37,76,58,72,36,40,3,124,30,24,10"/><U93/><E119/><V66/><F111/><W18/><G124/><T108/><D108/><U97/><E106/><V130/><F118/><W57/><G89/><T113/><D125/><U41/><REACH who="1" step="1"/><E56/><REACH who="1" ten="52,235,453,250" step="2"/><V12/><F130/><W115/><G57/><T16/><D71/><U38/><E38/><V42/><F129/><W26/><G58/><T107/><D70/><U33/><E33/><V135/><F68/><W45/><G37/><T69/><D69/><U19/><E19/><V39/><F39/><W92/><G18/><N who="0" m="7275" /><D75/><U84/><E84/><V82/><F98/><W126/><G36/><T122/><D107/><U60/><E60/><V8/><F66/><W7/><G126/><T105/><D105/><U15/><E15/><V6/><F135/><W116/><G32/><T23/><D133/><U127/><E127/><V47/><F82/><W48/><G116/><T52/><D23/><AGARI ba="0,1" hai="2,5,6,8,9,12,23,27,31,42,43,47,49,53" machi="23" ten="30,1000,0" yaku="7,1" doraHai="104" who="2" fromWho="0" sc="52,-10,235,0,453,20,250,0" /><INIT seed="6,0,0,5,4,44" ten="42,235,473,250" oya="2" hai0="123,87,71,25,55,105,98,50,18,0,36,24,112" hai1="124,86,66,70,47,52,58,130,62,99,113,49,103" hai2="117,28,72,23,9,100,134,63,60,126,125,26,120" hai3="114,45,30,74,42,84,78,57,93,107,119,3,76"/><V122/><F72/><W79/><G119/><T31/><D0/><U48/><E113/><V121/><F117/><W102/><G3/><T96/><D36/><U110/><E110/><V22/><F134/><W38/><G114/><T77/><D71/><U69/><E130/><V64/><F100/><W92/><G30/><T80/><D112/><U20/><E124/><N who="2" m="47723" /><F63/><W13/><G107/><T40/><D123/><U108/><E108/><V133/><F133/><W127/><G127/><T104/><D40/><U37/><E86/><V106/><F106/><W5/><G74/><T34/><D105/><U46/><E20/><N who="2" m="15431" /><F9/><W83/><G57/><AGARI ba="0,0" hai="22,23,57,60,64,120,121,122" m="15431,47723" machi="57" ten="40,2000,0" yaku="18,1" doraHai="44" who="2" fromWho="3" sc="42,0,235,0,473,20,250,-20" /><INIT seed="6,1,0,3,1,107" ten="42,235,493,230" oya="2" hai0="50,49,117,135,14,42,2,62,66,98,93,15,72" hai1="54,25,53,57,82,111,40,12,71,61,119,65,133" hai2="128,64,76,22,83,47,31,38,120,123,113,79,13" hai3="67,129,106,44,105,109,121,1,55,99,102,97,91"/><V104/><F113/><W134/><G109/><T100/><D2/><U92/><E111/><V95/><F104/><W116/><G116/><T48/><D135/><U85/><E133/><V130/><F64/><W4/><G121/><T3/><D3/><U17/><E119/><V101/><F79/><W24/><G134/><T103/><D42/><U37/><E37/><V35/><F35/><W88/><G129/><N who="2" m="49769" /><F38/><W73/><G73/><T112/><D112/><U60/><E40/><V132/><F132/><W90/><G67/><T29/><D117/><U70/><E25/><N who="2" m="16823" /><F47/><W36/><G24/><T78/><D103/><U6/><E6/><V80/><F80/><W84/><G4/><T51/><N who="0" m="12800" /><DORA hai="23" /><T87/><D87/><U94/><E70/><V21/><F13/><W108/><G1/><T39/><D39/><U30/><E30/><V118/><F21/><W59/><G44/><T28/><D78/><U32/><E32/><V125/><F125/><W69/><G36/><T58/><D72/><U131/><E131/><V20/><F20/><W86/><G69/><T126/><REACH who="0" step="1"/><D126/><REACH who="0" ten="32,235,493,230" step="2"/><U45/><E45/><V11/><F118/><W41/><G41/><T122/><D122/><U26/><E85/><N who="2" m="48359" /><F101/><W110/><G108/><T114/><D114/><U75/><E75/><V68/><F68/><W74/><G74/><T115/><D115/><U124/><E71/><V77/><F77/><W16/><G110/><T63/><D63/><U19/><E61/><V46/><F123/><W56/><G102/><T0/><D0/><U43/><E124/><V96/><F120/><W9/><G86/><RYUUKYOKU ba="1,1" sc="32,30,235,-10,493,-10,230,-10" hai0="14,15,28,29,58,62,66,93,98,100" /><INIT seed="7,2,1,4,4,58" ten="62,225,483,220" oya="3" hai0="42,51,16,31,121,70,0,100,37,8,66,63,12" hai1="68,5,14,118,64,33,86,27,117,34,39,130,44" hai2="103,47,76,91,40,113,77,87,26,104,49,112,3" hai3="23,18,124,74,32,28,88,120,85,11,29,127,30"/><W89/><G120/><T128/><D121/><U67/><E130/><V109/><F109/><W61/><G74/><T71/><D128/><U25/><E39/><V9/><F26/><N who="1" m="9737" /><E44/><V78/><F103/><W38/><G38/><T84/><D31/><U45/><E45/><V52/><F104/><W96/><G11/><T2/><D37/><U46/><E46/><V115/><F3/><W41/><G32/><N who="1" m="12394" /><E68/><V133/><F9/><W7/><G7/><T43/><D71/><U81/><E14/><V93/><F133/><W126/><G41/><AGARI ba="2,1" hai="40,41,47,49,52,76,77,78,87,91,93,112,113,115" machi="41" ten="50,3200,0" yaku="15,1,54,1" doraHai="58" who="2" fromWho="3" sc="62,0,225,0,483,48,220,-38" owari="62,-44.0,225,3.0,531,63.0,182,-22.0" /></mjloggm>