<mjloggm ver="2.3"><GO type="97" lobby="0"/><UN n0="%E3%82%A2%E3%83%AA%E3%83%9E%E3%83%AD" n1="%E5%AE%AE%E6%B0%B8%E7%85%A7%EF%BC%A0%E7%99%BD%E7%B3%B8%E5%8F%B0" n2="%62%61%62%61%62%61" n3="%E5%B0%B1%E6%B4%BB%E7%94%9F%40%E5%B7%9D%E6%9D%91%E8%BB%8D%E5%9B%A3" dan="13,14,14,14" rate="1887.41,1954.07,1887.87,2027.28" sx="M,F,F,M"/><TAIKYOKU oya="0"/><INIT seed="0,0,0,3,2,96" ten="250,250,250,250" oya="0" hai0="104,16,25,106,53,126,100,23,78,72,49,122,58" hai1="22,75,83,48,119,86,117,79,4,98,87,28,61" hai2="14,11,116,1,9,19,120,33,110,18,107,64,5" hai3="57,24,102,99,129,73,71,31,133,118,84,103,17"/><T115/><D122/><U101/><E4/><N who="2" m="1167" /><F107/><W113/><G71/><T66/><D115/><U62/><E48/><V37/><F64/><W50/><G73/><T114/><D114/><U43/><E43/><V42/><F37/><W94/><G113/><T7/><D126/><U105/><E61/><V97/><F42/><W44/><G118/><T8/><D66/><U15/><E62/><V74/><F97/><W0/><G0/><T10/><D10/><U130/><E130/><V131/><F74/><W95/><G129/><T65/><D100/><N who="3" m="38441" /><G133/><T46/><D78/><U41/><E41/><V51/><F51/><W47/><G31/><T60/><REACH who="0" step="1"/><D72/><REACH who="0" ten="240,250,250,250" step="2"/><U21/><E117/><V92/><F120/><W91/><G47/><T69/><D69/><U40/><E119/><V20/><F116/><W80/><G57/><T56/><D56/><U108/><E75/><V32/><F131/><W124/><G124/><T34/><D34/><N who="2" m="13418" /><F92/><W30/><G95/><T82/><D82/><U63/><E83/><V70/><F70/><W127/><G127/><T121/><D121/><U132/><E105/><V35/><N who="2" m="13426" /><V29/><DORA hai="125" /><F110/><W112/><G112/><T52/><D52/><U77/><E108/><V111/><F111/><W85/><G80/><T134/><D134/><U55/><E132/><V45/><F45/><W39/><G44/><T88/><D88/><U38/><E79/><V12/><F12/><AGARI ba="0,1" hai="7,8,12,16,23,25,46,49,53,58,60,65,104,106" machi="12" ten="30,12000,1" yaku="1,1,7,1,54,1,53,2" doraHai="96,125" doraHaiUra="59,2" who="0" fromWho="2" sc="240,130,250,0,250,-120,250,0" /><INIT seed="0,1,0,4,4,75" ten="370,250,130,250" oya="0" hai0="77,71,123,85,114,126,56,108,41,49,20,58,100" hai1="95,84,130,4,69,107,10,73,80,118,36,16,72" hai2="14,55,74,65,1,15,17,105,113,3,83,70,116" hai3="27,102,46,76,13,92,19,127,2,44,110,128,119"/><T129/><D123/><U93/><E69/><V35/><F116/><W32/><G2/><T33/><D71/><U134/><E36/><V12/><F113/><W26/><G119/><T52/><D114/><U106/><E118/><V86/><F105/><N who="1" m="39945" /><E4/><V29/><F74/><N who="1" m="28777" /><E16/><V59/><F70/><W38/><G38/><T133/><D33/><U94/><E10/><V79/><F65/><W132/><G110/><T45/><D56/><U87/><E134/><V112/><F112/><W40/><G128/><T60/><D129/><U99/><E130/><V104/><F104/><W68/><G127/><T7/><D133/><U111/><E111/><V51/><REACH who="2" step="1"/><F17/><REACH who="2" ten="370,250,120,250" step="2"/><W64/><G68/><T124/><D108/><U98/><E84/><V24/><AGARI ba="1,1" hai="1,3,12,14,15,24,29,35,51,55,59,79,83,86" machi="24" ten="30,7900,0" yaku="1,1,2,1,0,1,52,1,53,0" doraHai="75" doraHaiUra="125" who="2" fromWho="2" sc="370,-40,250,-21,120,92,250,-21" /><INIT seed="1,0,0,5,2,57" ten="330,229,212,229" oya="1" hai0="108,59,132,32,30,92,2,36,85,48,21,112,4" hai1="24,55,107,15,121,12,122,58,79,114,69,14,106" hai2="128,131,109,8,134,115,3,25,99,46,53,96,26" hai3="10,113,62,9,49,0,84,133,91,100,81,61,60"/><U76/><E69/><V102/><F109/><W101/><G113/><T103/><D108/><U44/><E114/><V129/><F115/><W64/><G133/><T33/><D112/><U68/><E68/><V27/><F134/><W71/><G71/><T75/><D75/><U127/><E44/><V116/><F116/><W104/><G64/><T20/><D36/><U117/><E117/><V65/><F65/><W135/><G135/><T125/><D125/><U13/><E127/><V67/><F67/><W56/><G0/><T17/><D48/><U1/><E1/><V90/><F90/><W45/><G56/><T70/><D59/><U7/><E24/><V28/><F3/><W110/><G110/><T124/><D70/><U111/><E111/><V77/><F77/><N who="1" m="29769" /><E7/><V118/><F118/><W97/><REACH who="3" step="1"/><G100/><REACH who="3" ten="330,229,212,219" step="2"/><T87/><D124/><U119/><E119/><V89/><F102/><W95/><G95/><T35/><D103/><U43/><E58/><V88/><F8/><W29/><G29/><T47/><D92/><U54/><E121/><V38/><F38/><W42/><AGARI ba="0,1" hai="9,10,42,45,49,60,61,62,81,84,91,97,101,104" machi="42" ten="30,8000,1" yaku="1,1,0,1,52,3,53,0" doraHai="57" doraHaiUra="74" who="3" fromWho="3" sc="330,-20,229,-40,212,-20,219,90" /><INIT seed="2,0,0,0,4,73" ten="310,189,192,309" oya="2" hai0="85,60,0,27,20,2,15,45,57,19,135,17,99" hai1="112,40,110,13,7,127,89,42,123,122,49,113,120" hai2="59,117,98,93,80,83,75,21,90,4,34,76,3" hai3="101,22,78,107,74,116,55,29,126,121,8,68,88"/><V5/><F117/><W56/><G68/><T124/><D135/><U33/><E33/><V48/><F34/><W96/><G116/><T134/><D134/><U128/><E89/><V53/><F21/><W61/><G121/><T77/><D45/><N who="1" m="25767" /><E7/><V129/><F129/><W26/><G126/><T6/><D6/><U43/><E13/><V24/><F3/><W133/><G133/><T104/><D124/><U132/><E132/><V106/><F24/><W51/><G8/><T72/><D72/><U31/><E31/><V84/><REACH who="2" step="1"/><F83/><REACH who="2" ten="310,189,182,309" step="2"/><W9/><G9/><N who="0" m="6383" /><D2/><U11/><E11/><V52/><F52/><W67/><G22/><T105/><D0/><U131/><E110/><V47/><F47/><W65/><G26/><T10/><D10/><U58/><E127/><V44/><F44/><W115/><G115/><N who="1" m="44106" /><E58/><V64/><F64/><W69/><G67/><T71/><D57/><U109/><E109/><V95/><F95/><W108/><G108/><T118/><D105/><U103/><E103/><AGARI ba="0,1" hai="4,5,48,53,59,75,76,80,84,90,93,98,103,106" machi="103" ten="40,12000,1" yaku="1,1,24,2,52,1,53,1" doraHai="73" doraHaiUra="54" who="2" fromWho="1" sc="310,0,189,-120,182,130,309,0" /><INIT seed="2,1,0,0,1,81" ten="310,69,312,309" oya="2" hai0="42,119,101,16,5,61,27,26,125,54,93,35,12" hai1="56,39,65,50,49,33,121,120,20,118,117,17,86" hai2="70,40,29,76,57,114,75,98,46,77,36,85,18" hai3="130,103,2,82,43,34,99,15,45,88,6,44,116"/><V30/><F114/><W63/><G116/><N who="1" m="44650" /><E33/><V100/><F70/><W87/><G34/><T28/><D125/><U23/><E39/><V128/><F75/><W37/><G130/><T67/><D119/><U110/><E17/><V94/><F128/><W10/><G63/><T58/><D27/><U14/><E14/><V52/><F18/><W97/><G45/><T78/><D5/><U111/><E65/><V72/><F72/><W112/><G112/><T80/><D42/><U89/><E56/><V84/><F76/><W32/><G32/><T25/><D25/><U109/><E50/><V66/><F66/><W22/><G22/><N who="1" m="8234" /><E49/><V132/><F132/><W7/><G99/><T90/><D101/><U83/><AGARI ba="1,0" hai="83,86,89,109,110,111,120,121" m="8234,44650" machi="83" ten="40,2700,0" yaku="14,1,52,1" doraHai="81" who="1" fromWho="1" sc="310,-8,69,30,312,-14,309,-8" /><INIT seed="3,0,0,0,3,9" ten="302,99,298,301" oya="3" hai0="4,45,10,32,112,25,49,54,76,21,80,92,14" hai1="52,109,119,127,1,105,20,29,87,59,2,83,91" hai2="94,79,22,27,130,70,77,37,69,122,33,7,24" hai3="5,61,43,62,19,55,50,116,53,125,120,131,107"/><W60/><G107/><T6/><D112/><U57/><E105/><V132/><F37/><W98/><G120/><T113/><D32/><U106/><E106/><V26/><F132/><W93/><G116/><T99/><D113/><U0/><E109/><V104/><F104/><W65/><G125/><T103/><D6/><U74/><E119/><V75/><F130/><W89/><G131/><T48/><D49/><U95/><E127/><V86/><F33/><W101/><G5/><T108/><D108/><U41/><E41/><V35/><F35/><W34/><G34/><T16/><D80/><U71/><E71/><V51/><F75/><W3/><G3/><T23/><D23/><U97/><E74/><V28/><F122/><W135/><G135/><T84/><D84/><U64/><E64/><V66/><F7/><W126/><G126/><T15/><D76/><U111/><E111/><V58/><F70/><W100/><G65/><T12/><AGARI ba="0,0" hai="4,10,12,14,15,16,21,25,45,48,54,92,99,103" machi="12" ten="20,12000,2" yaku="0,1,7,1,8,1,52,3,54,1" doraHai="9" who="0" fromWho="0" sc="302,120,99,-30,298,-30,301,-60" owari="422,52.0,69,-43.0,268,7.0,241,-16.0" /></mjloggm>