<mjloggm ver="2.3"><GO type="169" lobby="0"/><UN n0="%6C%6F%76%65%79%6F%75" n1="%73%68%69%6E%6F%21%21" n2="%E3%83%8D%E3%83%BC%E3%83%A0%E3%83%AC%E3%82%B9%EF%BC%97" n3="%E3%83%88%E3%83%88%E3%83%AA%E5%85%88%E7%94%9F%31%39%E6%AD%B3" dan="17,17,16,17" rate="2199.97,2167.50,2070.16,2254.53" sx="M,M,M,F"/><TAIKYOKU oya="0"/><INIT seed="0,0,0,0,3,99" ten="250,250,250,250" oya="0" hai0="49,6,46,41,125,72,23,65,123,73,37,130,57" hai1="42,17,0,101,102,78,79,44,56,127,85,21,93" hai2="105,116,19,128,54,31,126,9,45,94,53,40,90" hai3="129,133,60,89,25,69,96,10,82,103,30,111,131"/><T70/><D123/><U98/><E0/><V43/><F105/><W134/><G10/><T1/><D125/><U29/><E127/><V20/><F126/><W88/><G111/><T92/><D130/><N who="3" m="49673" /><G82/><T26/><D6/><U108/><E108/><V7/><F31/><W61/><G61/><N who="0" m="40239" /><D92/><U109/><E109/><V18/><F116/><W76/><G76/><N who="1" m="29226" /><E29/><V121/><F121/><W52/><G69/><T71/><D1/><U75/><E75/><V22/><F9/><W74/><G74/><T28/><D71/><U100/><E85/><V67/><F7/><W107/><G60/><T135/><D135/><N who="3" m="51721" /><G52/><AGARI ba="0,0" hai="23,26,28,37,41,46,49,52,57,72,73" m="40239" machi="52" ten="30,2900,0" yaku="24,1,54,1" doraHai="99" who="0" fromWho="3" sc="250,29,250,0,250,0,250,-29" /><INIT seed="0,1,0,0,0,22" ten="279,250,250,221" oya="0" hai0="82,93,119,121,3,27,94,78,77,116,81,16,57" hai1="40,15,11,95,62,58,91,104,54,124,69,30,43" hai2="42,110,89,135,87,123,12,114,5,49,103,122,31" hai3="33,132,127,32,21,79,133,25,70,60,4,61,83"/><T106/><D106/><U2/><E104/><V63/><F114/><W74/><G4/><T107/><D121/><U45/><E124/><V66/><F103/><W72/><G127/><T100/><D107/><U37/><E43/><V46/><F31/><W130/><G72/><T44/><D3/><U86/><E2/><V39/><F110/><W8/><G8/><T84/><D44/><U92/><E69/><V41/><F41/><W13/><G13/><T71/><D71/><U64/><E30/><V109/><F109/><W35/><G130/><T125/><D125/><U97/><E64/><V56/><F135/><N who="3" m="51787" /><G70/><T26/><D100/><U34/><E34/><N who="3" m="8706" /><W96/><DORA hai="112" /><G96/><T10/><D10/><U38/><E38/><V24/><F5/><W55/><G55/><T118/><D57/><U75/><E75/><V53/><F12/><W7/><G7/><T51/><D51/><U105/><E11/><V28/><F49/><W52/><G52/><T90/><D16/><AGARI ba="1,0" hai="16,21,25,60,61,74,79,83" m="8706,51787" machi="16" ten="40,5200,0" yaku="20,1,52,1,54,1" doraHai="22,112" who="3" fromWho="0" sc="279,-55,250,0,250,0,221,55" /><INIT seed="1,0,0,3,1,94" ten="224,250,250,276" oya="1" hai0="73,51,12,56,27,59,128,123,55,10,72,47,71" hai1="68,6,121,38,116,122,114,19,118,81,101,18,64" hai2="0,100,17,32,87,126,132,63,3,40,97,112,119" hai3="86,26,131,48,61,89,49,22,36,8,79,124,135"/><U75/><E114/><V82/><F119/><W120/><G120/><T95/><D71/><U23/><E38/><V4/><F32/><W46/><G135/><T65/><D128/><U76/><E6/><V103/><F4/><W109/><G131/><T30/><D123/><U16/><E122/><V54/><F40/><W50/><G109/><T15/><D15/><U35/><E121/><V80/><F103/><W43/><G124/><T42/><D59/><U96/><E35/><V117/><F80/><W77/><G61/><T104/><D104/><U134/><E134/><V1/><F117/><W90/><G8/><T67/><D95/><U83/><E83/><V33/><F33/><W88/><REACH who="3" step="1"/><G86/><REACH who="3" ten="224,250,250,266" step="2"/><T133/><D72/><U41/><E116/><V5/><F126/><W84/><G84/><T69/><D73/><U66/><E118/><V99/><F132/><W98/><G98/><T21/><D133/><U24/><E41/><V25/><F99/><W29/><AGARI ba="0,1" hai="22,26,29,36,43,46,48,49,50,77,79,88,89,90" machi="29" ten="30,4000,0" yaku="1,1,0,1,54,1,53,0" doraHai="94" doraHaiUra="130" who="3" fromWho="3" sc="224,-10,250,-20,250,-10,266,50" /><INIT seed="2,0,0,5,3,61" ten="214,230,240,316" oya="2" hai0="36,59,113,68,35,78,71,99,109,73,105,130,42" hai1="56,62,92,51,69,43,121,96,34,1,102,123,57" hai2="132,67,115,111,128,66,47,9,65,39,37,28,93" hai3="134,24,108,38,7,122,83,21,112,107,6,82,77"/><V64/><F28/><W58/><G122/><N who="1" m="46602" /><E34/><V86/><F115/><W100/><G38/><T133/><D113/><U84/><E1/><V41/><F132/><W50/><G112/><T91/><D35/><U87/><E69/><V10/><F128/><W52/><G134/><T85/><D130/><U76/><E76/><V75/><F75/><W30/><G108/><T13/><D109/><U27/><E27/><V18/><F111/><W17/><G82/><T31/><D31/><U98/><E98/><V2/><F39/><W110/><G110/><T23/><D23/><U97/><E97/><V29/><F29/><W81/><G83/><T33/><D13/><U19/><E19/><V116/><F116/><W48/><G100/><T103/><D33/><U114/><E114/><V46/><F2/><W0/><G107/><T54/><D78/><U44/><E57/><V125/><F125/><W104/><G104/><T8/><D73/><U126/><E126/><V118/><F118/><W20/><G0/><T106/><D106/><U22/><E22/><V117/><F117/><W74/><REACH who="3" step="1"/><G48/><REACH who="3" ten="214,230,240,306" step="2"/><T45/><D133/><U79/><E79/><V95/><F37/><W32/><G32/><T55/><D105/><U119/><E119/><V14/><F95/><W127/><G127/><T89/><D103/><U124/><E124/><V70/><F93/><W11/><G11/><T80/><D8/><U5/><E5/><V131/><F9/><W129/><G129/><T40/><D80/><U63/><E63/><V94/><F131/><W25/><AGARI ba="0,1" hai="6,7,17,20,21,24,25,30,50,52,58,74,77,81" machi="25" ten="20,8000,1" yaku="1,1,0,1,7,1,54,1,53,1" doraHai="61" doraHaiUra="26" who="3" fromWho="3" sc="214,-20,230,-20,240,-40,306,90" /><INIT seed="3,0,0,2,3,54" ten="194,210,200,396" oya="3" hai0="6,46,79,102,106,33,90,135,53,86,27,43,82" hai1="29,17,57,2,69,125,5,80,60,74,75,48,10" hai2="126,110,44,111,93,83,81,73,26,134,107,31,118" hai3="120,109,42,92,94,21,112,40,23,131,63,58,133"/><W121/><G112/><T108/><D108/><N who="2" m="41514" /><F107/><W12/><G109/><T123/><D135/><U77/><E125/><V37/><F118/><W61/><G133/><T71/><D71/><U3/><E3/><V89/><F73/><W34/><G12/><T119/><D119/><U30/><E75/><V35/><F134/><W50/><G50/><T38/><D123/><U62/><E17/><V52/><F126/><W59/><REACH who="3" step="1"/><G34/><REACH who="3" ten="194,210,200,386" step="2"/><T105/><D33/><U127/><E127/><V19/><F37/><W7/><G7/><T99/><D6/><U18/><E48/><N who="2" m="28679" /><F19/><W128/><AGARI ba="0,1" hai="21,23,40,42,58,59,61,63,92,94,120,121,128,131" machi="128" ten="25,24000,3" yaku="1,1,0,1,22,2,52,2,53,2" doraHai="54" doraHaiUra="116" who="3" fromWho="3" sc="194,-80,210,-80,200,-80,386,250" /><INIT seed="3,1,0,4,3,25" ten="114,130,120,636" oya="3" hai0="23,127,91,58,43,61,0,37,113,32,65,92,108" hai1="5,59,78,97,7,126,125,116,134,8,121,76,60" hai2="77,16,93,94,15,22,52,50,104,74,114,49,69" hai3="34,109,66,130,45,31,105,118,98,54,33,11,56"/><W85/><G118/><T3/><D32/><U30/><E116/><V110/><F104/><W82/><G130/><T75/><D108/><U63/><E121/><V102/><F69/><W24/><G109/><T80/><D127/><U96/><E59/><V100/><F114/><W72/><G72/><T133/><D113/><U84/><E84/><V44/><F110/><W115/><G115/><T14/><D133/><U81/><E8/><V47/><F77/><W87/><G34/><T13/><D43/><U62/><E81/><V19/><F74/><W6/><G66/><T83/><D37/><U129/><E63/><V41/><F94/><W10/><G45/><T86/><D13/><U106/><E106/><V101/><F93/><W67/><G67/><T38/><D38/><U70/><E70/><V9/><F102/><W35/><G35/><T40/><D40/><U46/><E46/><V39/><F39/><W53/><G53/><T42/><D42/><U26/><E26/><AGARI ba="1,0" hai="9,15,16,19,22,26,41,44,47,49,50,52,100,101" machi="26" ten="30,7700,0" yaku="7,1,8,1,54,2" doraHai="25" who="2" fromWho="1" sc="114,0,130,-80,120,80,636,0" /><INIT seed="4,0,0,2,0,119" ten="114,50,200,636" oya="0" hai0="16,24,114,89,134,98,125,18,55,36,115,127,19" hai1="13,63,43,54,35,111,31,51,91,82,85,42,26" hai2="28,11,104,62,131,133,95,83,41,103,73,93,67" hai3="117,44,86,116,80,39,107,9,122,23,57,120,109"/><T2/><D134/><U70/><E111/><V15/><F41/><N who="3" m="22591" /><G107/><T37/><D2/><U48/><E13/><V126/><F104/><W79/><G109/><T65/><D65/><U7/><E7/><V49/><F28/><W0/><G23/><T58/><D24/><U101/><E101/><V64/><F49/><W129/><G57/><T74/><D74/><U135/><E135/><V8/><F126/><N who="0" m="48138" /><D89/><U81/><E81/><V10/><F131/><W108/><G108/><T130/><D98/><U1/><E1/><V124/><F67/><W99/><G99/><T100/><D100/><U132/><E132/><V21/><F103/><W3/><G129/><T105/><D105/><U27/><E27/><V50/><F124/><W94/><G3/><T29/><D29/><U68/><E51/><V46/><F73/><N who="3" m="43119" /><G94/><T6/><D130/><U4/><E4/><V60/><F83/><W113/><G86/><T110/><D6/><U75/><E75/><V78/><F78/><W12/><G0/><T32/><D32/><U47/><REACH who="1" step="1"/><E63/><REACH who="1" ten="114,40,200,636" step="2"/><V97/><F62/><W33/><G12/><T5/><D5/><U128/><E128/><V69/><F133/><W53/><G116/><T61/><D110/><U25/><E25/><V22/><F15/><W20/><G117/><T77/><D36/><U121/><E121/><V92/><F97/><W66/><G122/><T123/><D37/><U34/><E34/><V71/><F50/><W38/><G33/><T90/><D123/><U96/><E96/><V17/><F60/><W59/><G120/><T72/><D90/><U30/><E30/><RYUUKYOKU ba="0,1" sc="114,15,40,15,200,-15,636,-15" hai0="16,18,19,55,58,61,72,77,114,115" hai1="26,31,35,42,43,47,48,54,68,70,82,85,91" /><INIT seed="4,1,1,5,0,118" ten="129,55,185,621" oya="0" hai0="45,52,95,128,110,120,87,97,115,42,72,30,40" hai1="101,109,86,17,61,70,34,9,13,119,122,56,21" hai2="28,54,135,66,68,132,71,133,79,123,33,105,3" hai3="74,62,18,65,59,60,104,20,129,58,124,29,112"/><T57/><D120/><U131/><E109/><V113/><F3/><W88/><G74/><T67/><D115/><U73/><E73/><V43/><F105/><W55/><G104/><T107/><D72/><U130/><E119/><V108/><F79/><W94/><G112/><T63/><D110/><U36/><E36/><V106/><F106/><W31/><G129/><N who="1" m="49162" /><E34/><V35/><F108/><W64/><G124/><T81/><D128/><U12/><E70/><N who="2" m="26667" /><F66/><W78/><G78/><N who="0" m="46519" /><D30/><U38/><E38/><V117/><F43/><N who="0" m="16426" /><D107/><U102/><E86/><V37/><F37/><W8/><G8/><T99/><D95/><U1/><E122/><V103/><F117/><W98/><G64/><T114/><D114/><U49/><E1/><V26/><F113/><W15/><AGARI ba="1,1" hai="15,18,20,29,31,55,58,59,60,62,65,88,94,98" machi="15" ten="20,5200,0" yaku="0,1,7,1,8,1,54,1" doraHai="118" who="3" fromWho="3" sc="129,-27,55,-14,185,-14,621,65" /><INIT seed="5,0,0,1,4,27" ten="102,41,171,686" oya="1" hai0="101,62,69,19,78,11,36,53,44,99,33,113,63" hai1="55,50,116,77,30,126,93,121,94,65,125,46,48" hai2="84,71,98,6,130,41,102,0,12,132,123,118,57" hai3="7,8,120,32,131,110,39,108,129,68,112,127,115"/><U106/><E106/><V72/><F72/><W114/><G68/><T107/><D33/><U37/><E116/><V10/><F71/><W109/><G39/><T86/><D113/><U15/><E121/><V134/><F41/><W47/><G47/><T54/><D63/><U61/><E37/><V67/><F84/><W58/><G58/><T26/><D78/><U35/><E77/><V76/><F76/><W3/><G32/><T14/><D86/><U128/><E50/><V87/><F87/><W60/><G60/><T56/><D69/><N who="1" m="42159" /><E15/><V82/><F82/><W52/><G52/><T45/><D36/><U135/><E135/><V91/><F91/><W43/><G43/><T20/><REACH who="0" step="1"/><D54/><REACH who="0" ten="92,41,171,686" step="2"/><U104/><E128/><N who="3" m="49226" /><G120/><T31/><AGARI ba="0,1" hai="11,14,19,20,26,31,44,45,53,56,62,99,101,107" machi="31" ten="20,8000,1" yaku="1,1,0,1,7,1,52,1,53,1" doraHai="27" doraHaiUra="103" who="0" fromWho="0" sc="92,90,41,-40,171,-20,686,-20" /><INIT seed="6,0,0,2,0,40" ten="182,1,151,666" oya="2" hai0="56,26,100,119,75,79,125,73,130,63,128,81,127" hai1="54,133,99,132,126,53,39,57,58,9,21,27,109" hai2="35,78,97,43,15,111,23,77,36,18,25,121,49" hai3="20,59,67,48,64,33,124,51,50,4,94,3,131"/><V108/><F36/><W28/><G33/><T116/><D26/><U71/><E99/><V61/><F121/><W44/><G131/><N who="0" m="50219" /><D100/><U104/><E9/><V47/><F61/><W24/><G51/><T135/><D135/><U91/><E91/><V52/><F97/><W17/><G59/><T6/><D6/><U92/><E92/><V37/><F35/><W82/><G94/><T87/><D63/><U84/><E84/><V110/><F25/><W115/><G20/><T31/><D31/><U103/><E103/><V13/><F13/><W86/><G64/><T65/><D56/><AGARI ba="0,0" hai="15,18,23,37,43,47,49,52,56,77,78,108,110,111" machi="56" ten="40,7700,0" yaku="10,1,52,1,54,1" doraHai="40" who="2" fromWho="0" sc="182,-77,1,0,151,77,666,0" /><INIT seed="6,1,0,1,1,78" ten="105,1,228,666" oya="2" hai0="80,65,37,41,103,105,106,118,134,58,79,125,40" hai1="39,61,84,86,2,76,67,7,75,94,99,122,93" hai2="132,29,108,89,6,22,113,69,8,14,24,59,38" hai3="73,60,56,87,10,104,92,31,43,45,16,74,112"/><V119/><F69/><W28/><G104/><T123/><D123/><U71/><E39/><V101/><F38/><W25/><G112/><T120/><D120/><U0/><E122/><V91/><F119/><W82/><G92/><T81/><D118/><U90/><E75/><V133/><F101/><W42/><G73/><T54/><D134/><N who="2" m="51818" /><F113/><W12/><G74/><T85/><D125/><U102/><E7/><V72/><F72/><W48/><G25/><T83/><D65/><U33/><E33/><V52/><F108/><W88/><G43/><N who="0" m="16459" /><D106/><U97/><E97/><V128/><F128/><W51/><G51/><AGARI ba="1,0" hai="6,8,14,22,24,29,51,52,59,89,91" m="51818" machi="51" ten="30,2900,0" yaku="20,1,54,1" doraHai="78" who="2" fromWho="3" sc="105,0,1,0,228,32,666,-32" /><INIT seed="6,2,0,1,1,26" ten="105,1,260,634" oya="2" hai0="56,122,65,105,28,14,53,132,88,4,11,13,24" hai1="126,12,134,118,103,80,69,119,68,116,22,125,75" hai2="70,82,112,127,85,58,60,96,121,50,2,32,102" hai3="135,109,35,100,79,44,57,98,15,39,72,1,18"/><V78/><F2/><W113/><G109/><T42/><D122/><U40/><E40/><V63/><F32/><W5/><G35/><T74/><D105/><U129/><E103/><V31/><F70/><W3/><G57/><T20/><D74/><U17/><E129/><V76/><F121/><W54/><G54/><T101/><D132/><U107/><E107/><V93/><F112/><W23/><G15/><T114/><D101/><U38/><E38/><V99/><F99/><W55/><G23/><T83/><D114/><U9/><E134/><V97/><F97/><W117/><G18/><T106/><D106/><U133/><E133/><V90/><F127/><N who="1" m="48649" /><E9/><V67/><F60/><W52/><G3/><T29/><D42/><U45/><E45/><V71/><F71/><W61/><G5/><T87/><D65/><U73/><E73/><V104/><F104/><W7/><G7/><T94/><D13/><U131/><E131/><V59/><F31/><W91/><G98/><T51/><D29/><U30/><E30/><V115/><F115/><W48/><G61/><T62/><D62/><U33/><E33/><V89/><F102/><W84/><G100/><T110/><D110/><U47/><E47/><V0/><F0/><W130/><G1/><T81/><AGARI ba="2,0" hai="4,11,14,20,24,28,51,53,56,81,83,87,88,94" machi="81" ten="30,7900,0" yaku="0,1,8,1,52,1,54,1" doraHai="26" who="0" fromWho="0" sc="105,85,1,-22,260,-41,634,-22" owari="190,-21.0,-21,-52.0,219,2.0,612,71.0" /></mjloggm>