<mjloggm ver="2.3"><GO type="169" lobby="0"/><UN n0="%47%E3%83%A8%E9%BE%8D%E9%96%80" n1="%E5%B0%B1%E6%B4%BB%E7%94%9F%40%E5%B7%9D%E6%9D%91%E8%BB%8D%E5%9B%A3" n2="%E3%81%91%E3%82%93%31%39%37%30" n3="%E3%82%A6%E3%83%AB%E3%83%88%E3%83%A9%E7%AB%8B%E7%9B%B4" dan="17,16,16,17" rate="2146.05,2112.93,2120.89,2153.51" sx="M,M,M,M"/><TAIKYOKU oya="0"/><INIT seed="0,0,0,2,0,0" ten="250,250,250,250" oya="0" hai0="134,128,64,31,19,125,20,10,52,85,88,1,131" hai1="5,101,48,107,94,9,57,8,50,68,23,71,46" hai2="96,2,60,45,93,91,122,112,126,124,81,98,3" hai3="132,41,116,17,89,16,15,100,97,66,83,53,28"/><T11/><D125/><N who="2" m="48234" /><F122/><W14/><G66/><T79/><D134/><U38/><E107/><V4/><F112/><W7/><G41/><T67/><D79/><U73/><E73/><V72/><F60/><W130/><G28/><T18/><D31/><U118/><E118/><V102/><F45/><W121/><G130/><N who="0" m="49707" /><D1/><U86/><E71/><V110/><F110/><W76/><G76/><T35/><D35/><U105/><E105/><N who="2" m="63687" /><F4/><W51/><G132/><T37/><D37/><U56/><E68/><V90/><F72/><W62/><G62/><T47/><D64/><U78/><E38/><V43/><F43/><W21/><G116/><T109/><D67/><U42/><E23/><V95/><F81/><W114/><G114/><T115/><D115/><U40/><E9/><N who="0" m="3081" /><D20/><U6/><E8/><V135/><F135/><W92/><G121/><T25/><D25/><U39/><E39/><V59/><F59/><N who="1" m="22601" /><E48/><V119/><F119/><W22/><G51/><N who="0" m="28799" /><D109/><U61/><E61/><V84/><AGARI ba="0,0" hai="2,3,84,90,91,93,95,98" m="63687,48234" machi="84" ten="30,1100,0" yaku="18,1" doraHai="0" who="2" fromWho="2" sc="250,-5,250,-3,250,11,250,-3" /><INIT seed="1,0,0,2,5,87" ten="245,247,261,247" oya="1" hai0="23,51,83,63,22,30,125,20,100,84,124,26,104" hai1="28,66,114,6,71,59,21,101,44,17,74,52,25" hai2="31,89,67,109,65,98,1,42,49,2,61,80,62" hai3="76,14,133,111,46,38,81,41,75,79,113,39,116"/><U45/><E114/><V33/><F109/><W77/><G113/><T102/><D51/><U36/><E74/><V19/><F19/><W128/><G111/><T9/><D9/><U112/><E112/><V70/><F31/><W58/><G128/><T69/><D69/><U37/><E6/><V103/><F33/><W93/><G133/><T29/><D63/><U82/><E71/><V122/><F122/><W50/><G116/><T54/><D54/><U18/><E66/><V99/><F49/><W10/><G39/><T90/><D30/><U110/><E101/><V97/><F42/><W134/><G134/><T117/><D117/><U118/><E118/><V135/><F103/><N who="0" m="39466" /><D104/><U107/><E107/><V96/><F135/><W73/><G58/><T120/><D120/><U34/><E110/><V12/><F12/><W15/><G15/><T115/><D115/><U48/><E82/><V8/><F8/><W43/><G10/><T91/><D29/><U56/><E18/><V47/><F47/><W16/><G73/><T126/><D26/><U132/><E132/><V123/><F123/><W72/><G75/><T13/><D13/><U40/><REACH who="1" step="1"/><E36/><REACH who="1" ten="245,237,261,247" step="2"/><V60/><F70/><W3/><G72/><T129/><D129/><U11/><E11/><V108/><F108/><W88/><G38/><T32/><D32/><U7/><E7/><V106/><F106/><W24/><G16/><T55/><D55/><U105/><E105/><V121/><F121/><W78/><G81/><T68/><D68/><U64/><E64/><V130/><N who="2" m="24576" /><DORA hai="35" /><V127/><F67/><W57/><G57/><RYUUKYOKU ba="0,1" sc="245,15,237,15,261,-15,247,-15" hai0="20,22,23,83,84,90,91,124,125,126" hai1="17,21,25,28,34,37,40,44,45,48,52,56,59" /><INIT seed="1,1,1,1,1,99" ten="260,252,246,232" oya="1" hai0="20,92,24,12,84,60,52,14,21,105,41,82,122" hai1="83,134,56,65,22,124,32,1,23,131,94,53,126" hai2="101,0,106,91,43,11,75,118,87,49,74,47,10" hai3="90,80,68,66,31,30,70,54,48,17,130,72,119"/><U85/><E32/><V40/><F118/><W42/><G119/><T36/><D105/><U63/><E1/><V103/><F106/><W132/><G42/><N who="2" m="15913" /><F0/><W77/><G130/><T67/><D122/><U69/><E131/><V86/><F75/><W115/><G115/><T38/><D41/><U35/><E35/><V128/><F74/><W100/><G132/><T110/><D110/><U6/><E6/><V61/><F61/><W2/><G2/><T15/><D92/><U114/><E94/><N who="2" m="54647" /><F87/><W97/><G90/><T26/><D67/><U19/><E134/><V120/><F120/><W8/><G66/><T28/><D60/><U88/><E114/><V64/><F64/><W79/><G79/><T121/><D121/><U78/><E78/><V116/><F116/><W123/><G123/><T117/><D117/><U9/><E9/><N who="2" m="3083" /><F128/><W125/><G68/><T96/><D96/><U37/><E37/><V95/><F95/><W33/><G70/><T109/><D109/><U73/><E73/><V7/><F7/><W107/><G33/><T29/><REACH who="0" step="1"/><D52/><AGARI ba="1,1" hai="47,49,52,101,103" m="3083,54647,15913" machi="52" ten="30,7700,0" yaku="8,1,52,2,54,1" doraHai="99" who="2" fromWho="0" sc="260,-80,252,0,246,90,232,0" /><INIT seed="2,0,0,2,5,108" ten="180,252,336,232" oya="2" hai0="100,73,56,64,107,7,126,8,131,87,85,110,2" hai1="25,48,30,55,19,86,36,40,90,93,21,70,32" hai2="53,15,95,109,82,3,33,121,134,46,114,45,66" hai3="57,39,9,72,10,99,128,54,42,1,130,111,35"/><V11/><F3/><W44/><G72/><T5/><D110/><U63/><E63/><V60/><F33/><W84/><G35/><T123/><D73/><U71/><E40/><V127/><F121/><W61/><G111/><T22/><D123/><U122/><E36/><V125/><F109/><W43/><G43/><T97/><D126/><U133/><E133/><V51/><F134/><W47/><G47/><T119/><D131/><N who="3" m="50217" /><G1/><T103/><D119/><U28/><E28/><V67/><F95/><W31/><G31/><T26/><D5/><U18/><E18/><V37/><F82/><W59/><G84/><T120/><D103/><U50/><E50/><V74/><F74/><W115/><G115/><T69/><D120/><U117/><E117/><V104/><F104/><W98/><G59/><T89/><D69/><U0/><E0/><V16/><F114/><W29/><G29/><T34/><D34/><U132/><E132/><V83/><F83/><W81/><G81/><T88/><D87/><U116/><E116/><V20/><F11/><AGARI ba="0,0" hai="9,10,11,39,42,44,54,57,61,98,99" m="50217" machi="11" ten="30,1000,0" yaku="19,1" doraHai="108" who="3" fromWho="2" sc="180,0,252,0,336,-10,232,10" /><INIT seed="3,0,0,2,3,96" ten="180,252,326,242" oya="3" hai0="118,121,42,112,27,84,6,38,135,21,103,107,111" hai1="10,43,35,24,78,74,62,57,97,33,86,25,13" hai2="85,75,87,16,39,68,117,51,122,31,40,71,134" hai3="45,56,83,79,105,48,4,44,36,5,63,61,14"/><W123/><G123/><T106/><D121/><U98/><E74/><V58/><F75/><W67/><G105/><N who="0" m="39947" /><D6/><N who="1" m="3287" /><E35/><V26/><F39/><W127/><G127/><T130/><D38/><U3/><E43/><V101/><F117/><W46/><G36/><T72/><D42/><U95/><E3/><V60/><F68/><W119/><G119/><T37/><D37/><U91/><E33/><V65/><F134/><W93/><G63/><T2/><D2/><U113/><E113/><V47/><F122/><W115/><G115/><T82/><D112/><U114/><E114/><V66/><F66/><W19/><G48/><T80/><D118/><U59/><E59/><V73/><F73/><W109/><G109/><T53/><D53/><N who="1" m="34095" /><E78/><V89/><F71/><W77/><G93/><T18/><D111/><U0/><E0/><V64/><F64/><W88/><G79/><N who="0" m="44135" /><D135/><U54/><E54/><V12/><F31/><W128/><G77/><N who="0" m="46159" /><D130/><U131/><E131/><V132/><F132/><W81/><G128/><T126/><D126/><U50/><E50/><V8/><F26/><AGARI ba="0,0" hai="24,25,26,86,91,95,97,98" m="34095,3287" machi="26" ten="30,1000,0" yaku="8,1" doraHai="96" who="1" fromWho="2" sc="180,0,252,10,326,-10,242,0" /><INIT seed="4,0,0,1,2,37" ten="180,262,316,242" oya="0" hai0="1,18,8,26,14,110,51,77,131,87,94,73,125" hai1="99,105,6,76,85,12,63,70,132,81,122,15,23" hai2="107,47,9,65,98,93,111,106,30,128,89,42,49" hai3="0,55,61,71,66,13,100,28,112,119,38,39,19"/><T82/><D131/><U29/><E122/><V91/><F111/><W133/><G0/><T74/><D110/><U44/><E132/><V97/><F128/><W118/><G28/><T17/><D125/><U88/><E70/><V129/><F129/><W83/><G100/><T16/><D1/><U86/><E63/><V108/><F108/><W22/><G133/><T68/><D68/><U120/><E120/><V4/><F30/><W53/><G112/><T24/><D51/><U52/><E99/><V57/><F65/><W95/><G95/><T109/><D109/><U90/><E105/><V58/><F58/><W123/><G123/><T25/><REACH who="0" step="1"/><D94/><REACH who="0" ten="170,262,316,242" step="2"/><N who="1" m="54543" /><E6/><AGARI ba="0,1" hai="6,8,14,16,17,18,24,25,26,73,74,77,82,87" machi="6" ten="40,3900,0" yaku="1,1,54,1,53,0" doraHai="37" doraHaiUra="96" who="0" fromWho="1" sc="170,49,262,-39,316,0,242,0" /><INIT seed="4,1,0,5,1,15" ten="219,223,316,242" oya="0" hai0="90,118,42,53,135,89,119,117,19,30,75,130,83" hai1="35,38,76,39,27,32,71,69,4,55,100,92,61" hai2="7,97,67,110,88,112,37,103,102,46,50,14,57" hai3="125,126,1,99,129,134,29,66,10,120,131,116,98"/><T65/><D135/><U25/><E76/><V82/><F37/><W123/><G66/><T86/><D130/><N who="3" m="49673" /><G116/><T36/><D30/><U52/><E61/><N who="2" m="38319" /><F110/><W2/><G29/><T111/><D111/><U33/><E4/><V132/><F112/><W81/><G81/><T95/><D65/><U133/><E92/><N who="2" m="56455" /><F82/><W48/><G48/><T11/><D53/><N who="1" m="20555" /><E100/><V70/><F70/><N who="1" m="26633" /><E133/><V21/><F132/><W54/><G54/><T60/><D60/><U56/><E56/><V94/><F94/><W113/><G113/><T28/><D28/><U41/><E41/><N who="2" m="24911" /><F7/><W79/><G79/><T63/><D63/><U106/><E106/><V121/><F121/><N who="3" m="46667" /><G134/><T68/><D68/><U108/><E108/><V128/><F128/><W6/><G1/><T17/><D75/><U13/><E13/><V45/><F45/><W115/><G115/><T124/><D83/><U49/><E49/><V64/><F64/><W44/><G44/><T87/><D117/><U114/><E114/><V85/><F85/><W62/><G62/><T5/><D118/><U24/><AGARI ba="1,0" hai="24,25,27,32,33,35,38,39" m="26633,20555" machi="24" ten="40,5200,0" yaku="28,2,54,1" doraHai="15" who="1" fromWho="1" sc="219,-27,223,55,316,-14,242,-14" /><INIT seed="5,0,0,0,3,48" ten="192,278,302,228" oya="1" hai0="98,8,83,26,66,127,28,38,2,135,115,112,70" hai1="117,106,85,10,92,36,45,114,9,55,118,95,35" hai2="103,56,119,93,80,7,96,4,32,131,133,53,42" hai3="102,11,50,107,124,123,59,6,0,61,67,18,94"/><U91/><E35/><V37/><F119/><W76/><G124/><T68/><D135/><U77/><E106/><V86/><F32/><W99/><G123/><T16/><D127/><U116/><E114/><N who="0" m="43561" /><D38/><U87/><E36/><V74/><F74/><W75/><G76/><T65/><D83/><U89/><E77/><V39/><F131/><W46/><G75/><T49/><D98/><U71/><E71/><N who="0" m="27177" /><D2/><U120/><E120/><V121/><F133/><W12/><G0/><T5/><D5/><U101/><E101/><V122/><F122/><W64/><G64/><N who="0" m="24683" /><D8/><U132/><E132/><V1/><F121/><W60/><G107/><T54/><D28/><U30/><E30/><V72/><F72/><W17/><REACH who="3" step="1"/><G61/><REACH who="3" ten="192,278,302,218" step="2"/><T13/><D13/><U15/><E15/><V126/><F126/><W109/><G109/><T79/><D79/><U125/><E125/><V73/><F73/><W129/><G129/><T51/><D26/><U21/><E117/><V29/><F1/><W108/><G108/><T58/><D16/><U44/><E118/><V22/><F7/><W20/><G20/><T34/><D34/><U31/><E116/><V41/><F4/><W82/><G82/><T128/><D128/><U78/><E78/><N who="2" m="46359" /><F22/><W134/><G134/><T97/><D97/><U88/><E21/><V63/><F29/><W57/><G57/><T52/><D58/><U3/><E3/><V43/><F56/><W33/><G33/><T25/><D25/><U110/><E110/><V19/><F19/><W69/><G69/><T113/><N who="0" m="43569" /><T111/><DORA hai="81" /><D111/><U40/><E31/><RYUUKYOKU ba="0,1" sc="192,10,278,-30,302,10,218,10" hai0="49,51,52,54" hai2="37,39,41,42,43,53,63,93,96,103" hai3="6,11,12,17,18,46,50,59,60,67,94,99,102" /><INIT seed="6,1,1,4,4,18" ten="202,248,312,228" oya="2" hai0="50,68,6,41,118,130,104,60,120,105,69,71,103" hai1="23,26,128,127,13,74,90,61,5,83,101,112,129" hai2="135,66,121,62,98,33,73,116,0,75,125,29,72" hai3="16,134,28,54,52,25,42,124,27,57,63,92,87"/><V64/><F116/><W119/><G119/><T82/><D118/><U115/><E101/><V46/><F121/><W7/><G124/><T48/><D120/><U111/><E111/><V107/><F66/><W77/><G134/><T91/><D130/><N who="1" m="50283" /><E127/><V35/><F125/><W122/><G122/><T37/><D6/><U85/><E74/><V30/><F135/><W97/><G42/><T67/><D37/><U24/><E61/><V95/><F46/><W79/><G7/><T31/><D31/><N who="1" m="17823" /><E26/><N who="3" m="9738" /><G28/><T49/><D41/><U80/><E80/><V59/><F0/><W89/><G16/><T84/><REACH who="0" step="1"/><D103/><REACH who="0" ten="192,248,312,228" step="2"/><U40/><E40/><V100/><F35/><W17/><G17/><T78/><D78/><U38/><E38/><V11/><F33/><W2/><G79/><T44/><D44/><U39/><E39/><V22/><F30/><W12/><G77/><T45/><D45/><U132/><E132/><V102/><F29/><W88/><G2/><T99/><D99/><U76/><E76/><V108/><F108/><W55/><G12/><T36/><D36/><U8/><AGARI ba="1,2" hai="5,8,13,83,85,90,112,115" m="17823,50283" machi="8" ten="30,2000,0" yaku="19,1,52,1" doraHai="18" who="1" fromWho="1" sc="192,-6,248,43,312,-11,228,-6" /><INIT seed="7,0,0,2,5,70" ten="186,291,301,222" oya="3" hai0="101,86,57,3,105,47,12,88,38,8,24,97,73" hai1="72,106,134,33,63,62,43,91,135,75,78,7,85" hai2="32,102,14,94,69,52,109,2,123,61,50,83,80" hai3="5,133,120,26,111,16,25,17,4,131,84,117,92"/><W81/><G120/><T119/><D119/><U74/><E33/><V31/><F109/><W127/><G117/><T122/><D122/><U104/><E43/><V128/><F2/><W90/><G127/><T60/><D73/><U65/><E7/><N who="3" m="2634" /><G131/><T18/><D3/><U96/><E78/><V35/><F123/><W77/><G133/><N who="1" m="50698" /><E96/><V118/><F118/><W107/><G107/><N who="1" m="41002" /><E65/><V116/><F116/><W10/><G111/><T99/><D99/><U6/><E6/><V9/><F128/><W20/><G10/><T46/><D24/><N who="3" m="9321" /><G20/><T87/><D38/><U124/><E124/><V45/><F32/><W108/><G108/><T130/><D130/><U115/><E115/><V112/><F112/><W44/><G44/><T113/><D113/><U58/><E58/><N who="2" m="35015" /><F69/><W27/><G27/><T49/><D46/><U103/><E103/><V82/><F35/><W125/><G125/><T95/><D101/><U1/><E1/><V76/><F31/><W121/><G121/><T89/><D105/><U15/><E15/><V13/><F76/><W29/><G29/><T100/><D100/><U21/><E21/><V67/><F67/><W110/><G110/><T23/><D23/><U19/><E19/><V93/><F102/><W79/><G79/><T98/><D57/><U129/><E129/><V132/><F132/><W39/><G39/><T64/><D64/><U42/><E42/><N who="2" m="24887" /><F14/><W34/><G34/><T66/><D66/><U22/><E22/><V30/><F30/><W53/><G53/><T126/><D126/><U51/><E51/><V11/><F13/><W71/><G71/><RYUUKYOKU ba="0,0" sc="186,-30,291,10,301,10,222,10" hai1="62,63,72,74,75,85,91" hai2="9,11,80,82,83,93,94" hai3="16,17,77,81,84,90,92" /><INIT seed="7,1,0,5,4,23" ten="156,301,311,232" oya="3" hai0="20,73,114,85,69,34,37,49,33,67,117,13,119" hai1="106,76,12,72,24,39,126,89,96,70,30,90,11" hai2="44,116,88,28,9,5,112,105,86,127,57,98,25" hai3="101,10,94,109,45,56,103,71,47,129,43,113,123"/><W87/><G71/><T132/><D49/><U77/><E39/><V66/><F116/><W65/><G123/><T120/><D85/><U16/><E70/><V82/><F112/><W80/><G113/><T63/><D120/><U3/><E3/><V18/><F127/><W51/><G109/><T29/><D114/><U52/><E126/><V6/><F44/><N who="3" m="26015" /><G129/><T74/><D132/><U83/><E76/><V93/><F105/><W75/><G75/><T58/><D58/><U35/><REACH who="1" step="1"/><E52/><REACH who="1" ten="156,291,311,232" step="2"/><V15/><F57/><W36/><G36/><T38/><D117/><U125/><E125/><V128/><F66/><W131/><G65/><T78/><D119/><U50/><E50/><V102/><F128/><W107/><G56/><T54/><D54/><U95/><E95/><V130/><F130/><W42/><G131/><T62/><D62/><U68/><E68/><V14/><F14/><W22/><G107/><T41/><D38/><U92/><E92/><V81/><F81/><W135/><G135/><T19/><D78/><U97/><E97/><V121/><F121/><W133/><G133/><T26/><REACH who="0" step="1"/><D34/><AGARI ba="1,1" hai="5,6,9,15,18,25,28,34,82,86,88,93,98,102" machi="34" ten="30,3900,0" yaku="7,1,52,1,54,1" doraHai="23" who="2" fromWho="0" sc="156,-42,291,0,311,52,232,0" owari="114,-39.0,291,9.0,363,47.0,232,-17.0" /></mjloggm>