<mjloggm ver="2.3"><GO type="97" lobby="0"/><UN n0="%E5%B0%B1%E6%B4%BB%E7%94%9F%40%E5%B7%9D%E6%9D%91%E8%BB%8D%E5%9B%A3" n1="%63%74%32%30%30%30%68" n2="%72%65%69%74%61%72%6F%75" n3="%E5%92%8C%E4%B9%85%E6%B4%A5%E6%99%BA" dan="15,13,13,13" rate="2077.31,1884.76,1873.38,1840.42" sx="M,M,F,F"/><TAIKYOKU oya="0"/><INIT seed="0,0,0,5,4,117" ten="250,250,250,250" oya="0" hai0="119,14,116,40,103,110,90,81,129,36,33,6,26" hai1="126,54,78,53,16,72,63,86,122,101,123,12,59" hai2="83,19,91,17,92,99,62,66,42,114,35,67,93" hai3="106,105,111,76,96,121,95,38,127,39,43,68,94"/><T22/><D129/><U112/><E72/><V84/><F114/><W8/><G68/><T56/><D33/><U88/><E126/><V58/><F35/><W25/><G127/><T41/><D110/><U128/><E128/><V131/><F131/><W34/><G111/><T13/><D103/><U89/><E112/><V113/><F113/><W37/><G43/><T29/><D56/><U18/><E101/><V75/><F75/><W73/><G95/><T130/><D130/><U125/><E125/><V61/><F92/><W108/><G108/><T74/><D40/><U98/><E98/><V5/><F42/><W115/><G115/><T102/><D102/><U10/><E18/><V23/><F5/><W50/><G50/><T135/><D135/><U60/><E78/><V49/><F49/><W57/><G57/><T69/><D69/><U24/><E24/><V70/><REACH who="2" step="1"/><F23/><REACH who="2" ten="250,250,240,250" step="2"/><W134/><G94/><T3/><D41/><U77/><E63/><V20/><F20/><W104/><G34/><T47/><D36/><U85/><E54/><V80/><F80/><W30/><G39/><T31/><D119/><U71/><E71/><V51/><F51/><W97/><G38/><T21/><D116/><U118/><E118/><V28/><F28/><W0/><G37/><T9/><D31/><U133/><E133/><V120/><F120/><W45/><G121/><T2/><D22/><U4/><E4/><V11/><F11/><W1/><G8/><T15/><D2/><U124/><E124/><V55/><F55/><W27/><G1/><T109/><D3/><U48/><E123/><RYUUKYOKU ba="0,1" sc="250,-10,250,-10,240,30,250,-10" hai2="17,19,58,61,62,66,67,70,83,84,91,93,99" /><INIT seed="1,1,1,2,2,44" ten="240,240,270,240" oya="1" hai0="49,25,102,29,129,98,14,105,1,21,62,54,22" hai1="84,86,83,127,124,131,16,82,125,9,94,109,118" hai2="100,116,4,37,77,10,8,60,110,72,20,7,36" hai3="27,15,88,114,45,134,92,90,120,99,107,28,13"/><U33/><E33/><V40/><F116/><W63/><G120/><T119/><D1/><U12/><E118/><V121/><F121/><W70/><G114/><T39/><D119/><U31/><E131/><V117/><F117/><W93/><G107/><T32/><D129/><U130/><E130/><V104/><F110/><W103/><G134/><T111/><D39/><U75/><E109/><V17/><F60/><W85/><G103/><T58/><D111/><U26/><E75/><V57/><F57/><W24/><G45/><T43/><D43/><U113/><E113/><V46/><F37/><W19/><G19/><T135/><D135/><U65/><E65/><V56/><F56/><W3/><G3/><T50/><REACH who="0" step="1"/><D14/><REACH who="0" ten="230,240,270,240" step="2"/><U11/><E11/><V95/><F10/><W79/><G15/><T80/><D80/><N who="1" m="30763" /><E94/><V89/><F77/><W73/><G13/><T23/><AGARI ba="1,2" hai="21,22,23,25,29,32,49,50,54,58,62,98,102,105" machi="23" ten="30,8000,1" yaku="1,1,0,1,52,2,53,1" doraHai="44" doraHaiUra="101" who="0" fromWho="0" sc="230,103,240,-41,270,-21,240,-21" /><INIT seed="2,0,0,0,0,114" ten="333,199,249,219" oya="2" hai0="50,9,8,34,64,69,72,22,105,132,66,133,101" hai1="15,43,0,126,100,89,78,81,111,85,118,120,57" hai2="106,5,127,93,128,77,90,55,98,67,109,82,63" hai3="68,45,37,38,44,121,26,71,27,18,96,87,16"/><V53/><F128/><W86/><REACH who="3" step="1"/><G96/><REACH who="3" ten="333,199,249,209" step="2"/><T1/><D132/><U91/><E120/><AGARI ba="0,1" hai="16,18,26,27,37,38,44,45,68,71,86,87,120,121" machi="120" ten="25,12000,2" yaku="21,2,2,1,22,2,54,1,53,0" doraHai="114" doraHaiUra="108" who="3" fromWho="1" sc="333,0,199,-120,249,0,209,130" /><INIT seed="3,0,0,2,4,49" ten="333,79,249,339" oya="3" hai0="83,107,120,37,38,90,118,32,97,65,6,74,123" hai1="27,2,59,102,130,111,70,56,112,17,0,88,14" hai2="23,42,15,89,110,129,46,113,67,53,77,47,9" hai3="64,135,68,44,55,100,48,7,133,94,52,35,29"/><W66/><G7/><T106/><D65/><N who="3" m="25193" /><G68/><T40/><D118/><U80/><E111/><V82/><F113/><W104/><G104/><N who="0" m="39979" /><D90/><U19/><E112/><V60/><F110/><W93/><G55/><T4/><D97/><U34/><E130/><V132/><F129/><W131/><G131/><T86/><D86/><U125/><E125/><V95/><F132/><N who="3" m="50763" /><G100/><T24/><D6/><U109/><E109/><V108/><F23/><W115/><G115/><T92/><D92/><U54/><E102/><V63/><F108/><W73/><G73/><T122/><D4/><U58/><E34/><V71/><F63/><W134/><G134/><T13/><D13/><U101/><E101/><V126/><F126/><W26/><AGARI ba="0,0" hai="26,29,35,44,48,52,93,94" m="50763,25193" machi="26" ten="30,6000,0" yaku="20,1,52,1,54,1" doraHai="49" who="3" fromWho="3" sc="333,-20,79,-20,249,-20,339,60" owari="313,11.0,59,-44.0,229,-17.0,399,50.0" /></mjloggm>