<mjloggm ver="2.3"><GO type="41" lobby="0"/><UN n0="%E5%B0%B1%E6%B4%BB%E7%94%9F%40%E5%B7%9D%E6%9D%91%E8%BB%8D%E5%9B%A3" n1="%E3%81%BA%E3%81%8E%E3%81%BF%E3%82%93" n2="%EF%BC%94%EF%BC%97%EF%BC%90%EF%BC%99%EF%BC%90%EF%BC%96" n3="%E3%81%82%E3%81%A3%E3%81%8D%E3%83%BC%E3%81%AA" dan="15,15,13,14" rate="1941.37,2029.47,1857.27,1916.74" sx="M,M,M,M"/><TAIKYOKU oya="0"/><INIT seed="0,0,0,1,0,110" ten="250,250,250,250" oya="0" hai0="101,123,117,21,57,104,109,45,61,89,17,84,39" hai1="106,103,127,82,77,7,25,49,122,51,91,94,53" hai2="124,131,52,62,0,69,71,36,24,29,13,30,2" hai3="34,72,26,44,80,97,81,132,73,88,63,125,43"/><T5/><D123/><U33/><E122/><V70/><F36/><W23/><G34/><T114/><D109/><U16/><E7/><V37/><F37/><W8/><G132/><T99/><D117/><U108/><E108/><V58/><F131/><W18/><G125/><T48/><D5/><U3/><E3/><V111/><F124/><W86/><G63/><T55/><D39/><U74/><E127/><V22/><F111/><W119/><G119/><T93/><D114/><U4/><E4/><V79/><F79/><W68/><G68/><T65/><D45/><U42/><E42/><V20/><F13/><W85/><G97/><T95/><D65/><U67/><E67/><V118/><F118/><W130/><G8/><T60/><REACH who="0" step="1"/><D104/><REACH who="0" ten="240,250,250,250" step="2"/><U14/><E53/><V115/><F115/><W121/><G121/><T27/><AGARI ba="0,1" hai="17,21,27,48,55,57,60,61,84,89,93,95,99,101" machi="27" ten="20,18000,2" yaku="1,1,2,1,0,1,7,1,8,1,53,2" doraHai="110" doraHaiUra="59" who="0" fromWho="0" sc="240,190,250,-60,250,-60,250,-60" /><INIT seed="0,1,0,0,0,17" ten="430,190,190,190" oya="0" hai0="39,97,9,45,2,126,28,24,119,125,21,103,48" hai1="13,106,104,123,133,7,10,110,0,89,95,72,59" hai2="78,65,113,91,111,55,26,11,81,112,114,43,129" hai3="42,108,93,92,50,56,75,102,61,54,86,99,37"/><T15/><D39/><U49/><E123/><V8/><F111/><W64/><G75/><T58/><D2/><U63/><E72/><V115/><F129/><W134/><G134/><T130/><D119/><U80/><E110/><V73/><F43/><W52/><G108/><T122/><D122/><U35/><E35/><V79/><F79/><W53/><G37/><T74/><D74/><U34/><E34/><V71/><F55/><W66/><G42/><T131/><D58/><U51/><E80/><V98/><F26/><W16/><G64/><T77/><D77/><U96/><E133/><V105/><F65/><W90/><REACH who="3" step="1"/><G16/><REACH who="3" ten="430,190,190,180" step="2"/><N who="0" m="8303" /><D130/><U69/><E69/><AGARI ba="1,1" hai="50,52,53,54,56,61,66,69,86,90,92,93,99,102" machi="69" ten="30,8000,1" yaku="1,1,7,1,54,1,53,2" doraHai="17" doraHaiUra="88" who="3" fromWho="1" sc="430,0,190,-83,190,0,180,93" /><INIT seed="1,0,0,3,1,85" ten="430,107,190,273" oya="1" hai0="39,116,62,11,112,1,135,61,46,78,95,37,74" hai1="121,51,58,60,35,19,47,48,123,73,84,89,32" hai2="26,68,23,12,10,15,128,130,66,70,124,111,55" hai3="22,127,90,122,7,57,109,65,118,103,38,120,129"/><U100/><E73/><V4/><F111/><W42/><G109/><T25/><D116/><U20/><E100/><V77/><F124/><W81/><G127/><T6/><D112/><U75/><E75/><V52/><F77/><W28/><G118/><T2/><D2/><U27/><E35/><V49/><F12/><W64/><G129/><N who="2" m="49769" /><F66/><W54/><G103/><T83/><D135/><U88/><E32/><V79/><F79/><W8/><G38/><T92/><D25/><U99/><E123/><V69/><F49/><W41/><G122/><T96/><D92/><N who="1" m="56711" /><E47/><V0/><F0/><W18/><G28/><AGARI ba="0,0" hai="4,10,15,23,26,28,52,55,68,69,70" m="49769" machi="28" ten="40,2600,0" yaku="19,1,54,1" doraHai="85" who="2" fromWho="3" sc="430,0,107,0,190,26,273,-26" /><INIT seed="2,0,0,4,2,66" ten="430,107,216,247" oya="2" hai0="60,119,39,107,90,7,135,115,104,101,86,32,30" hai1="96,24,34,57,41,113,111,12,38,62,1,33,121" hai2="11,93,2,18,59,64,9,80,134,118,117,29,50" hai3="4,31,131,114,48,129,69,126,70,116,106,122,133"/><V0/><F134/><W99/><G116/><T124/><D39/><U14/><E1/><V17/><F80/><W21/><G122/><T88/><D115/><U130/><E113/><V73/><F64/><W25/><G114/><T8/><D119/><U40/><E121/><V109/><F73/><W47/><G4/><T3/><D124/><U27/><E130/><N who="3" m="49674" /><G133/><T77/><D135/><U49/><E38/><V105/><F105/><W5/><G5/><T58/><D77/><U100/><E111/><V72/><F72/><W51/><G126/><T54/><D101/><U92/><E34/><V132/><F132/><W13/><G13/><N who="1" m="5226" /><E33/><V65/><F109/><W15/><G15/><T75/><D75/><U44/><E41/><V42/><F42/><N who="3" m="24695" /><G51/><T95/><D32/><U16/><E16/><V68/><F50/><W127/><G127/><T71/><D30/><U78/><E78/><V28/><F29/><W19/><G19/><T6/><D6/><U94/><E94/><V102/><F93/><W22/><G22/><T91/><D107/><U81/><E81/><V120/><F28/><W89/><G89/><T98/><D104/><U85/><E85/><V108/><F108/><W26/><G26/><T123/><D123/><U87/><E87/><V36/><F36/><W10/><G10/><T37/><D37/><U83/><E83/><V74/><F120/><W46/><G46/><T20/><D20/><U56/><E56/><V23/><F118/><W67/><G67/><AGARI ba="0,0" hai="24,27,40,44,49,57,62,67,92,96,100" m="5226" machi="67" ten="30,1000,0" yaku="8,1" doraHai="66" who="1" fromWho="3" sc="430,0,107,10,216,0,247,-10" /><INIT seed="3,0,0,0,1,67" ten="430,117,216,237" oya="3" hai0="116,134,8,66,49,22,7,125,97,121,32,105,34" hai1="9,123,95,96,82,117,31,50,33,21,2,110,45" hai2="24,56,51,75,85,28,4,114,98,35,0,30,65" hai3="71,44,79,94,29,26,93,47,62,54,80,42,119"/><W83/><G119/><T64/><D121/><U115/><E117/><V39/><F75/><W15/><G15/><T132/><D116/><U5/><E123/><V25/><F39/><W14/><G14/><T104/><D125/><U90/><E115/><V3/><F114/><W129/><G129/><T107/><D97/><U99/><E33/><N who="0" m="12905" /><D22/><U37/><E37/><V126/><F35/><W43/><G54/><T53/><D8/><U120/><E120/><V103/><F65/><W63/><G26/><T38/><D7/><U108/><E99/><V87/><F4/><W61/><G61/><T91/><D91/><U100/><E21/><V101/><F51/><W18/><G18/><T16/><D16/><U113/><E31/><V40/><F40/><W109/><G109/><T19/><D19/><U1/><E1/><V10/><F10/><W76/><REACH who="3" step="1"/><G71/><REACH who="3" ten="430,117,216,227" step="2"/><T60/><D60/><U12/><E113/><V112/><F112/><W68/><G68/><T48/><D66/><U41/><E12/><V69/><F69/><W77/><G77/><T74/><D64/><U106/><E106/><V11/><F25/><W72/><G72/><T27/><D74/><U130/><E130/><V57/><F24/><W52/><G52/><T73/><D53/><U127/><E127/><V122/><F126/><W59/><G59/><T111/><D73/><U17/><E17/><V89/><F122/><W23/><G23/><T124/><D111/><U6/><E6/><V133/><F0/><W13/><G13/><T128/><D124/><U55/><E55/><V84/><F3/><W92/><G92/><RYUUKYOKU ba="0,1" sc="430,-15,117,15,216,-15,227,15" hai1="2,5,9,41,45,50,82,90,95,96,100,108,110" hai3="29,42,43,44,47,62,63,76,79,80,83,93,94" /><INIT seed="3,1,1,5,1,123" ten="415,132,201,242" oya="3" hai0="84,39,41,109,107,63,57,36,47,126,66,134,42" hai1="131,20,111,60,99,110,55,101,61,122,54,8,86" hai2="113,108,70,65,79,125,93,119,44,69,87,9,74" hai3="34,78,96,32,23,18,73,2,112,16,94,0,28"/><W102/><G112/><T100/><D107/><U133/><E122/><V56/><F113/><W40/><G40/><T98/><D100/><U88/><E131/><V37/><F74/><W21/><G28/><T95/><D95/><N who="1" m="58623" /><E8/><V24/><F24/><W127/><G127/><T43/><D98/><U105/><E105/><V30/><F30/><W49/><G49/><T92/><D92/><N who="1" m="54295" /><E133/><V80/><F93/><W83/><G34/><T46/><D84/><U128/><E128/><V59/><F87/><W91/><G32/><T104/><D104/><U1/><E1/><V27/><F9/><W52/><G52/><N who="1" m="20010" /><E20/><V115/><F70/><W3/><G102/><T14/><D134/><U25/><E25/><V81/><F27/><W75/><G75/><T116/><D14/><U17/><E17/><V90/><F69/><W58/><G58/><T29/><D29/><U62/><E111/><V71/><F71/><W5/><G5/><T121/><D109/><U68/><E110/><V51/><F108/><W4/><G4/><T72/><D126/><U67/><E68/><V31/><F125/><W118/><G0/><T114/><D72/><U26/><E26/><V132/><F132/><W97/><G2/><T11/><D114/><U6/><E6/><V50/><F115/><W13/><G3/><T117/><D121/><U89/><E89/><V15/><F90/><W64/><G73/><T10/><D41/><U85/><E85/><V38/><F38/><W77/><G91/><T48/><D39/><U106/><E106/><V124/><F124/><W135/><G135/><T19/><D19/><RYUUKYOKU ba="1,1" sc="415,15,132,15,201,-15,242,-15" hai0="10,11,36,42,43,46,47,48,57,63,66,116,117" hai1="60,61,62,67" /><INIT seed="4,2,1,4,1,44" ten="430,147,186,227" oya="0" hai0="60,130,33,132,35,100,22,107,62,108,49,96,9" hai1="129,74,3,69,7,109,20,110,5,43,104,12,123" hai2="10,93,128,30,23,40,63,2,99,133,106,79,89" hai3="76,103,92,72,68,112,115,14,55,82,59,52,0"/><T16/><D108/><U6/><E104/><V65/><F128/><W66/><G0/><T80/><D130/><U19/><E74/><V95/><F133/><W124/><G124/><T29/><D132/><U119/><E69/><V116/><F116/><W88/><G103/><T97/><D97/><U84/><E43/><V118/><F118/><W46/><G14/><T21/><D9/><N who="1" m="2239" /><E84/><V98/><F79/><W91/><G91/><T8/><D8/><N who="1" m="4119" /><E119/><V37/><F10/><W134/><G134/><T11/><D11/><U90/><E90/><V41/><F2/><W81/><G81/><T70/><D80/><U117/><E117/><V111/><F111/><N who="1" m="42505" /><E7/><V85/><F41/><W102/><G102/><T24/><D70/><U75/><E75/><V56/><F106/><W28/><G68/><T122/><D122/><U121/><E129/><V27/><F93/><W31/><G66/><T39/><D39/><U113/><E113/><N who="3" m="43594" /><G46/><T34/><REACH who="0" step="1"/><D49/><REACH who="0" ten="420,147,186,227" step="2"/><U15/><AGARI ba="2,2" hai="15,19,20,121,123" m="42505,4119,2239" machi="15" ten="30,2000,0" yaku="34,2" doraHai="44" who="1" fromWho="1" sc="420,-12,147,46,186,-7,227,-7" /><INIT seed="5,0,0,1,1,20" ten="408,193,179,220" oya="1" hai0="90,25,121,96,34,3,134,102,21,78,70,2,45" hai1="81,107,49,123,23,26,103,32,7,52,58,8,125" hai2="84,16,104,51,99,65,128,33,38,106,80,98,79" hai3="62,116,83,72,9,120,42,39,95,18,30,40,76"/><U124/><E32/><V74/><F38/><W132/><G120/><T6/><D34/><U13/><E123/><V5/><F33/><W131/><G131/><T112/><D70/><U31/><REACH who="1" step="1"/><E81/><REACH who="1" ten="408,183,179,220" step="2"/><V54/><F128/><W127/><G116/><T67/><D121/><U135/><E135/><V109/><F109/><W10/><G132/><T100/><D134/><U94/><E94/><V73/><F106/><W53/><G95/><T47/><D112/><U87/><E87/><V0/><F104/><W28/><G72/><T119/><D119/><U17/><E17/><V46/><F74/><W27/><G18/><T11/><D78/><U61/><E61/><V14/><F73/><W44/><G76/><T118/><D118/><U60/><E60/><V101/><F84/><W15/><G83/><T55/><D90/><U91/><E91/><V41/><F80/><W56/><G62/><T126/><D100/><U82/><E82/><V93/><F79/><W77/><G77/><T1/><D102/><U111/><E111/><V24/><F101/><W129/><G129/><T4/><D96/><AGARI ba="0,1" hai="7,8,13,23,26,31,49,52,58,96,103,107,124,125" machi="96" ten="40,7700,0" yaku="1,1,52,1,54,1,53,0" doraHai="20" doraHaiUra="57" who="1" fromWho="0" sc="408,-77,183,87,179,0,220,0" /><INIT seed="5,1,0,3,5,57" ten="331,270,179,220" oya="1" hai0="39,97,67,109,94,128,135,129,121,125,20,53,28" hai1="26,4,85,19,88,93,5,62,104,119,58,6,13" hai2="27,34,123,71,79,77,110,24,72,50,37,99,91" hai3="32,49,38,74,45,36,76,132,2,103,41,47,131"/><U23/><E104/><V84/><F37/><W130/><G32/><T80/><D39/><U11/><E119/><V21/><F123/><W7/><G103/><T46/><D109/><U35/><E35/><V81/><F110/><W87/><G87/><T108/><D108/><U111/><E111/><V102/><F71/><W29/><G29/><T15/><D125/><U25/><E25/><V73/><F34/><W117/><G117/><T30/><D135/><U82/><E82/><V92/><F50/><W16/><G132/><T70/><D70/><U8/><E8/><V51/><F51/><W52/><G38/><T113/><D67/><AGARI ba="1,0" hai="4,5,6,11,13,19,23,26,58,62,67,85,88,93" machi="67" ten="30,11600,0" yaku="7,1,8,1,52,1,54,1" doraHai="57" who="1" fromWho="0" sc="331,-119,270,119,179,0,220,0" /><INIT seed="5,2,0,0,1,27" ten="212,389,179,220" oya="1" hai0="37,1,113,79,108,78,58,69,54,18,116,48,107" hai1="111,65,99,40,10,49,103,70,2,73,134,83,62" hai2="16,129,101,24,115,42,30,66,12,32,26,19,61" hai3="59,95,55,6,21,123,63,94,80,105,133,106,125"/><U109/><E134/><V90/><F129/><W57/><G123/><T110/><D107/><N who="1" m="63999" /><E49/><V77/><F115/><W56/><G133/><T7/><D37/><U22/><E22/><V29/><F42/><W15/><G125/><T52/><D69/><U100/><E100/><V102/><F77/><W53/><G57/><T4/><D116/><U38/><E40/><V71/><F90/><W128/><G128/><T132/><D132/><U126/><E38/><V33/><F19/><W50/><G106/><T91/><D113/><U11/><E126/><V93/><F93/><W46/><G105/><T20/><D110/><N who="1" m="41995" /><E2/><V112/><F112/><W131/><G131/><T43/><D108/><U60/><E60/><V34/><F32/><W89/><G80/><T124/><D124/><U25/><E25/><V5/><F5/><N who="0" m="2122" /><D1/><U117/><E117/><V36/><F36/><W121/><G121/><T118/><D118/><U96/><E96/><V28/><F30/><W87/><G95/><T76/><D43/><U81/><E81/><V72/><F72/><W104/><G104/><T119/><D119/><U82/><E82/><V85/><F85/><W75/><G75/><T130/><D130/><U67/><E67/><V23/><AGARI ba="2,0" hai="12,16,23,24,26,28,29,33,34,61,66,71,101,102" machi="23" ten="20,12000,2" yaku="0,1,7,1,9,1,52,2,54,1" doraHai="27" who="2" fromWho="2" sc="212,-32,389,-62,179,126,220,-32" /><INIT seed="6,0,0,0,4,64" ten="180,327,305,188" oya="2" hai0="104,130,135,17,53,92,0,115,99,129,23,50,10" hai1="96,73,8,108,65,113,4,6,54,56,36,114,111" hai2="118,83,11,24,9,84,134,101,52,109,69,57,25" hai3="128,1,7,35,82,116,14,45,39,133,13,121,26"/><V86/><F118/><W88/><G121/><T22/><D104/><U124/><E73/><V40/><F109/><N who="1" m="42057" /><E36/><V5/><F134/><W47/><G116/><T78/><D135/><U18/><E65/><V79/><F40/><W125/><G133/><T61/><D115/><N who="1" m="44043" /><E124/><V80/><F101/><W51/><G125/><T37/><D37/><U123/><E96/><V12/><F69/><W131/><G1/><T41/><D41/><U72/><E72/><V132/><F11/><W87/><G39/><T16/><D78/><U119/><E119/><V105/><F105/><W102/><G102/><N who="0" m="60775" /><D61/><N who="1" m="35991" /><E123/><V107/><F107/><W122/><G122/><T98/><D98/><U85/><E85/><V127/><F132/><W126/><G126/><T32/><D32/><U60/><E60/><N who="2" m="35879" /><F127/><W30/><G47/><N who="0" m="27871" /><D0/><U97/><E97/><V120/><F120/><W58/><G58/><T42/><D42/><U55/><E55/><V110/><F110/><W59/><G59/><T95/><D95/><U112/><E112/><V117/><F117/><W28/><G28/><T71/><D71/><U15/><AGARI ba="0,0" hai="4,6,8,15,18" m="35991,44043,42057" machi="15" ten="40,1500,0" yaku="15,1" doraHai="64" who="1" fromWho="1" sc="180,-4,327,15,305,-7,188,-4" /><INIT seed="7,0,0,2,3,121" ten="176,342,298,184" oya="3" hai0="29,86,26,126,70,110,66,113,96,114,118,56,84" hai1="9,92,19,99,55,3,119,61,27,52,97,48,58" hai2="23,17,65,117,39,28,38,42,24,100,127,5,73" hai3="67,54,46,0,125,44,57,105,32,68,25,107,133"/><W85/><G0/><T106/><D110/><U91/><E119/><V101/><F73/><W40/><G125/><T111/><D111/><U6/><E27/><V60/><F127/><W43/><G133/><T130/><D126/><U76/><E76/><V15/><F5/><W16/><G107/><T75/><D130/><U11/><E11/><V69/><F117/><W115/><G105/><T80/><D75/><U63/><E19/><V116/><F116/><W20/><G115/><N who="0" m="44043" /><D118/><U12/><E3/><V95/><F42/><N who="3" m="15915" /><G68/><T89/><D70/><U74/><E74/><V112/><F112/><W135/><G135/><T30/><D26/><U34/><E34/><V14/><F14/><W123/><G123/><T64/><D86/><N who="1" m="52343" /><E63/><V45/><F45/><AGARI ba="0,0" hai="6,9,12,45,48,52,55,58,61,97,99" m="52343" machi="45" ten="30,2000,0" yaku="8,1,54,1" doraHai="121" who="1" fromWho="2" sc="176,0,342,20,298,-20,184,0" owari="176,-32.0,362,46.0,278,8.0,184,-22.0" /></mjloggm>