<mjloggm ver="2.3"><GO type="97" lobby="0"/><UN n0="%E3%83%AF%E3%82%A4%E3%83%89%E3%83%8F%E3%82%A4%E3%82%BF%E3%83%BC" n1="%E3%83%88%E3%83%88%E3%83%AA%E5%85%88%E7%94%9F%31%39%E6%AD%B3" n2="%65%61%6B%61%73%35" n3="%76%69%62%72%61%74%65" dan="13,15,15,14" rate="1905.19,2014.83,1988.64,1963.78" sx="M,F,M,M"/><TAIKYOKU oya="0"/><INIT seed="0,0,0,1,5,75" ten="250,250,250,250" oya="0" hai0="65,46,72,128,125,129,56,124,79,70,58,10,27" hai1="84,113,122,3,110,61,107,17,114,103,47,34,117" hai2="108,98,37,68,29,116,9,45,0,104,73,24,48" hai3="13,14,118,69,41,62,85,40,53,55,50,76,43"/><T26/><D70/><U4/><E117/><V96/><F108/><W23/><G118/><T105/><D105/><U131/><E122/><V77/><F116/><W18/><G69/><T64/><D72/><U80/><E34/><V28/><F68/><W78/><G85/><T25/><D46/><U120/><E120/><V89/><F29/><W91/><G91/><T38/><D10/><N who="1" m="2335" /><E61/><V33/><F89/><W126/><G126/><N who="0" m="48747" /><D38/><U7/><E7/><N who="2" m="1255" /><F48/><W115/><G115/><T74/><D74/><U16/><E47/><V59/><F59/><N who="0" m="22570" /><D79/><N who="3" m="30249" /><G62/><T51/><D51/><U88/><E110/><V123/><F104/><W135/><G135/><T49/><D49/><U106/><E106/><V31/><F31/><W87/><G50/><T39/><D39/><U8/><E107/><V97/><F97/><W12/><G87/><T32/><D32/><U44/><E84/><V95/><F95/><W22/><G22/><T82/><D82/><U90/><E80/><N who="2" m="45103" /><F123/><W15/><AGARI ba="0,0" hai="12,13,14,15,18,23,40,41,43,53,55" m="30249" machi="15" ten="40,8000,1" yaku="8,1,52,3" doraHai="75" who="3" fromWho="3" sc="250,-40,250,-20,250,-20,250,80" /><INIT seed="1,0,0,2,5,108" ten="210,230,230,330" oya="1" hai0="95,41,14,44,79,42,72,34,31,64,122,4,28" hai1="65,83,110,85,66,117,32,123,75,109,47,30,105" hai2="18,101,74,124,38,88,78,114,27,130,55,92,25" hai3="133,46,33,76,67,98,100,26,49,22,103,90,6"/><U116/><E123/><V59/><F38/><W81/><G33/><T99/><D122/><U23/><E32/><V115/><F101/><W3/><G133/><T70/><D64/><U69/><E75/><V94/><F130/><W97/><G67/><N who="1" m="25610" /><E69/><V131/><F131/><W121/><G121/><T8/><D70/><U62/><E105/><V134/><F134/><W112/><G112/><N who="2" m="43049" /><F124/><W13/><G3/><T1/><D34/><U127/><E62/><N who="2" m="36223" /><F18/><W37/><G37/><T45/><D45/><U125/><E47/><V135/><F135/><W21/><G103/><T35/><D35/><U89/><E30/><V40/><F40/><W17/><G100/><T128/><D42/><U10/><E23/><V39/><F39/><W68/><G68/><T0/><D31/><U58/><E58/><V107/><F107/><W111/><G111/><N who="1" m="42506" /><E10/><V12/><F12/><W82/><G13/><T9/><D28/><U87/><E127/><V36/><F36/><W104/><G104/><T80/><D128/><U51/><E125/><V126/><F126/><W118/><G22/><T24/><D24/><N who="2" m="9290" /><F88/><W113/><G90/><T50/><D9/><U53/><E51/><V63/><F63/><W96/><G49/><T5/><D5/><U52/><E117/><V93/><F78/><W84/><G76/><T7/><D7/><U11/><E116/><V48/><F74/><W16/><G6/><T132/><D132/><U129/><E11/><V61/><F61/><W102/><G118/><T73/><D73/><U57/><E129/><V86/><F48/><W54/><G113/><T119/><D119/><RYUUKYOKU ba="0,0" sc="210,15,230,-15,230,15,330,-15" hai0="0,1,4,8,14,41,44,50,72,79,80,95,99" hai2="86,92,93,94" /><INIT seed="2,1,0,1,2,13" ten="225,215,245,315" oya="2" hai0="96,116,7,58,79,32,132,125,40,44,122,15,120" hai1="0,42,131,92,91,81,10,52,25,130,36,53,82" hai2="50,9,76,93,83,64,35,103,8,51,102,128,95" hai3="98,23,117,43,26,70,100,97,110,78,73,16,71"/><V28/><F128/><N who="1" m="49193" /><E42/><V84/><F64/><W39/><G117/><T115/><D115/><U108/><E36/><V61/><F35/><W94/><G73/><T63/><D32/><U47/><E108/><V126/><F28/><W135/><G110/><T109/><D109/><U29/><E10/><N who="2" m="4203" /><F61/><W68/><G78/><T106/><D116/><U56/><E47/><V77/><F77/><W111/><G111/><T114/><D114/><U21/><E0/><V74/><F74/><W41/><G39/><T90/><D79/><U89/><E53/><V19/><F126/><W69/><G69/><T24/><D7/><U6/><E6/><V72/><F19/><W18/><G18/><T85/><D125/><U104/><E104/><V113/><F72/><W49/><G135/><T66/><D132/><U99/><E91/><V105/><F105/><W118/><G118/><T46/><D46/><U45/><E45/><V119/><F119/><W75/><G75/><T88/><D90/><U3/><E3/><V48/><F113/><W60/><G49/><AGARI ba="1,0" hai="21,25,29,49,52,56,81,82,89,92,99" m="49193" machi="49" ten="30,2000,0" yaku="19,1,54,1" doraHai="13" who="1" fromWho="3" sc="225,0,215,23,245,0,315,-23" /><INIT seed="3,0,0,5,5,26" ten="225,238,245,292" oya="3" hai0="125,98,128,133,31,114,44,49,80,67,34,40,60" hai1="36,126,132,50,19,134,54,99,110,121,29,96,104" hai2="59,89,95,62,35,9,28,93,30,51,85,66,112" hai3="120,73,101,97,45,14,117,5,119,122,58,24,25"/><W61/><G73/><T39/><D128/><U20/><E121/><V6/><F35/><W92/><G122/><T94/><D133/><N who="1" m="51307" /><E36/><V82/><F112/><W12/><G120/><T105/><D114/><U129/><E110/><V64/><F64/><W131/><G131/><T32/><D125/><U23/><E129/><V118/><F118/><W11/><G117/><T115/><D105/><U33/><E126/><V87/><F51/><W103/><G103/><T27/><D115/><U1/><E1/><V79/><REACH who="2" step="1"/><F95/><REACH who="2" ten="225,238,235,292" step="2"/><N who="3" m="58559" /><G119/><T43/><D39/><U53/><E33/><V46/><F46/><W127/><G127/><T63/><D63/><U2/><E50/><V116/><F116/><W71/><G92/><T47/><D47/><U107/><E107/><V56/><F56/><W69/><G71/><T106/><D106/><U74/><E104/><V55/><F55/><W37/><G69/><T10/><D32/><U135/><E53/><V81/><F81/><W100/><G37/><T48/><D48/><U113/><E54/><V83/><F83/><W15/><G45/><T4/><D49/><U76/><E135/><V72/><F72/><W17/><G100/><T70/><D80/><U88/><E74/><V18/><F18/><W38/><G38/><T91/><REACH who="0" step="1"/><D44/><REACH who="0" ten="215,238,235,292" step="2"/><U86/><E113/><V0/><AGARI ba="0,2" hai="0,6,9,28,30,59,62,66,79,82,85,87,89,93" machi="0" ten="20,8000,1" yaku="1,1,0,1,7,1,52,2,53,0" doraHai="26" doraHaiUra="16" who="2" fromWho="2" sc="215,-20,238,-20,235,100,292,-40" owari="195,-30.0,218,-18.0,335,43.0,252,5.0" /></mjloggm>