<mjloggm ver="2.3"><GO type="41" lobby="0"/><UN n0="%E3%82%B5%E3%83%B3%E3%83%9E%E9%81%93%E6%A5%BD%E4%BB%A3%E8%A1%A8" n1="%E3%82%AD%E3%83%A3%E3%83%A1%E3%83%AB" n2="%6B%61%6B%75%6F" n3="%E5%B0%B1%E6%B4%BB%E7%94%9F%40%E5%B7%9D%E6%9D%91%E8%BB%8D%E5%9B%A3" dan="15,14,14,15" rate="2045.23,1974.30,2023.10,1997.22" sx="M,M,M,M"/><TAIKYOKU oya="0"/><INIT seed="0,0,0,3,2,89" ten="250,250,250,250" oya="0" hai0="128,98,34,84,59,41,88,118,37,35,77,49,100" hai1="112,97,94,81,73,22,10,70,8,29,121,133,123" hai2="52,4,5,42,105,114,124,78,40,13,91,115,2" hai3="116,55,62,16,108,122,96,126,85,104,7,61,74"/><T3/><D3/><U47/><E70/><V51/><F105/><W135/><G74/><T43/><D118/><U65/><E65/><V103/><F103/><W9/><G116/><T119/><D119/><U15/><E133/><V106/><F106/><W18/><G135/><T1/><D1/><U69/><E69/><V127/><F2/><W67/><G122/><T21/><D77/><U23/><E112/><N who="2" m="43051" /><F78/><W95/><G104/><T26/><D37/><U93/><E73/><V33/><F91/><W19/><G126/><N who="2" m="48169" /><F33/><W130/><G130/><T28/><D128/><U44/><E81/><V134/><F134/><W32/><G32/><T132/><D132/><U36/><E36/><V17/><F4/><W14/><G108/><T39/><D39/><U25/><E97/><V102/><F102/><N who="3" m="60703" /><G67/><T57/><D35/><U54/><E54/><V31/><F31/><W45/><G85/><T82/><D34/><U60/><E60/><N who="3" m="23146" /><G45/><N who="1" m="17482" /><E123/><V90/><F5/><W58/><G58/><N who="0" m="22027" /><D49/><U110/><E110/><V0/><F0/><W20/><G55/><T86/><D86/><U12/><E121/><V92/><F51/><W50/><G50/><T72/><D72/><U46/><E29/><V30/><F30/><W107/><G107/><T99/><D99/><U109/><E109/><V117/><F117/><W80/><G80/><T87/><D84/><U129/><E94/><AGARI ba="0,0" hai="21,26,28,41,43,82,87,88,94,98,100" m="22027" machi="94" ten="30,5800,0" yaku="8,1,52,1,54,1" doraHai="89" who="0" fromWho="1" sc="250,58,250,-58,250,0,250,0" /><INIT seed="0,1,0,5,2,115" ten="308,192,250,250" oya="0" hai0="114,124,92,87,16,38,47,25,129,70,134,78,23" hai1="58,96,50,69,64,5,97,53,81,102,135,49,73" hai2="51,110,46,112,100,67,43,117,75,44,106,107,84" hai3="6,111,125,99,9,40,42,101,132,61,22,113,7"/><T29/><D70/><U10/><E135/><V39/><F75/><W28/><G113/><T2/><D114/><U118/><E118/><V59/><F112/><W12/><G132/><T37/><D129/><U95/><E69/><V14/><F100/><W89/><G125/><T116/><D116/><U98/><E64/><V71/><F71/><W4/><G111/><T123/><D124/><U24/><E24/><V88/><F110/><W128/><G128/><T105/><D105/><U56/><E73/><V86/><F117/><W76/><G76/><T127/><D123/><U32/><E32/><V31/><F31/><W79/><G79/><T15/><D2/><U130/><E81/><V119/><F86/><W3/><G89/><T66/><D127/><U48/><E130/><V104/><F119/><W126/><G126/><T27/><D66/><U0/><REACH who="1" step="1"/><E50/><REACH who="1" ten="308,182,250,250" step="2"/><V72/><F72/><W133/><G133/><T62/><D27/><U26/><E26/><V77/><F67/><W52/><G3/><T68/><D68/><U83/><E83/><V20/><F51/><W82/><G82/><T90/><D62/><U93/><E93/><V33/><F33/><W57/><G28/><T80/><D134/><U34/><E34/><V1/><F1/><W21/><G42/><T65/><D65/><U54/><AGARI ba="1,1" hai="0,5,10,48,49,53,54,56,58,95,96,97,98,102" machi="54" ten="30,4000,0" yaku="1,1,0,1,9,1,53,0" doraHai="115" doraHaiUra="41" who="1" fromWho="1" sc="308,-21,182,53,250,-11,250,-11" /><INIT seed="1,0,0,1,3,12" ten="287,235,239,239" oya="1" hai0="101,72,20,39,37,47,13,27,73,104,55,102,113" hai1="75,86,66,60,122,33,1,105,30,98,25,21,42" hai2="91,44,58,40,63,31,129,3,130,35,64,4,83" hai3="29,18,51,135,115,119,118,5,89,34,46,74,134"/><U111/><E75/><V90/><F31/><W6/><G74/><T87/><D113/><U95/><E122/><V70/><F35/><W26/><G115/><T88/><D73/><U56/><E1/><V43/><F70/><W59/><G59/><T14/><D72/><U77/><E105/><V71/><F71/><W84/><G51/><N who="0" m="29183" /><D39/><U80/><E111/><V127/><F127/><W17/><G46/><T132/><D37/><U19/><E42/><V97/><F83/><W45/><G45/><T54/><D104/><U117/><E117/><N who="3" m="44554" /><G6/><T2/><D2/><U9/><E9/><N who="2" m="2207" /><F97/><W8/><G89/><N who="2" m="33801" /><F44/><W53/><G84/><T128/><D128/><AGARI ba="0,0" hai="40,43,58,63,64,128,129,130" m="33801,2207" machi="128" ten="30,1000,0" yaku="19,1" doraHai="12" who="2" fromWho="0" sc="287,-10,235,0,239,10,239,0" /><INIT seed="2,0,0,0,0,46" ten="277,235,249,239" oya="2" hai0="83,112,10,65,20,133,135,29,50,14,18,81,21" hai1="130,93,107,111,88,125,71,92,19,31,123,27,45" hai2="55,115,75,43,11,95,128,106,100,8,87,82,28" hai3="34,58,94,96,6,49,84,48,60,124,97,79,61"/><V119/><F119/><W98/><G34/><T68/><D112/><U24/><E107/><V54/><F115/><W129/><G129/><T44/><D68/><U114/><E71/><V99/><F128/><W12/><G124/><T51/><D65/><U66/><E130/><V59/><F43/><W13/><G61/><T5/><D29/><U0/><E114/><V127/><F127/><W38/><G38/><T47/><D5/><U76/><E125/><V91/><F28/><W80/><G94/><T36/><D36/><U56/><E0/><V2/><F2/><W52/><G12/><T132/><D20/><U30/><E76/><N who="2" m="44319" /><F55/><W72/><G72/><T41/><D10/><AGARI ba="0,0" hai="6,10,13,48,49,52,58,60,79,80,84,96,97,98" machi="10" ten="40,8000,1" yaku="8,1,52,2,54,1" doraHai="46" who="3" fromWho="0" sc="277,-80,235,0,249,0,239,80" /><INIT seed="3,0,0,0,3,84" ten="197,235,249,319" oya="3" hai0="117,14,82,100,55,101,57,52,78,79,53,28,38" hai1="49,75,69,87,2,64,98,26,129,120,50,102,135" hai2="56,122,0,93,116,17,8,134,77,18,12,39,29" hai3="23,37,43,114,51,128,15,59,96,104,45,70,118"/><W67/><G118/><T72/><D38/><U35/><E120/><V1/><F116/><W121/><G121/><T110/><D110/><U86/><E75/><V90/><F39/><W131/><G104/><T89/><D117/><U83/><E2/><V91/><F29/><W65/><G114/><T130/><D28/><N who="1" m="19863" /><E86/><V21/><F122/><W105/><G105/><T76/><D130/><N who="3" m="49705" /><G96/><T88/><D72/><U20/><E20/><V123/><F77/><W107/><G107/><T30/><D30/><U34/><E34/><V74/><F74/><W25/><G15/><T16/><D57/><U54/><E129/><V85/><F134/><W92/><G92/><T113/><D113/><U111/><E135/><V94/><F56/><W44/><G23/><N who="0" m="11671" /><D82/><U132/><E83/><V73/><F73/><W66/><G25/><T40/><D40/><U58/><E111/><V99/><REACH who="2" step="1"/><F123/><REACH who="2" ten="197,235,239,319" step="2"/><W103/><G70/><T5/><D5/><U24/><E69/><V27/><AGARI ba="0,1" hai="0,1,8,12,17,18,21,27,85,90,91,93,94,99" machi="27" ten="20,12000,2" yaku="1,1,2,1,0,1,7,1,52,2,53,0" doraHai="84" doraHaiUra="41" who="2" fromWho="2" sc="197,-30,235,-30,239,130,319,-60" /><INIT seed="4,0,0,1,3,123" ten="167,205,369,259" oya="0" hai0="51,76,94,112,30,45,73,6,118,40,134,126,90" hai1="33,17,83,82,1,2,31,63,10,9,132,95,42" hai2="11,131,115,125,99,12,114,108,54,85,127,78,64" hai3="75,89,129,53,104,110,74,44,50,130,21,81,128"/><T80/><D118/><U70/><E42/><V5/><F64/><W92/><G104/><T19/><D134/><U121/><E132/><V71/><F71/><W56/><G21/><T8/><D112/><N who="2" m="43050" /><F131/><W88/><G110/><T46/><D126/><N who="2" m="48138" /><F108/><W24/><G24/><T57/><D30/><U124/><E31/><V65/><F65/><W39/><G81/><T27/><D57/><U122/><E70/><V47/><F99/><W59/><G89/><T34/><D46/><U49/><E124/><V36/><F36/><W15/><G15/><T117/><D117/><U113/><E113/><V84/><F78/><W102/><G102/><T105/><D105/><U79/><E2/><V109/><F109/><W100/><G100/><T119/><D119/><U35/><E1/><V25/><F25/><W37/><G37/><T98/><D27/><U106/><E79/><V62/><F62/><W96/><REACH who="3" step="1"/><G39/><REACH who="3" ten="167,205,369,249" step="2"/><T107/><D107/><U87/><E106/><V38/><F38/><W32/><G32/><T91/><D34/><U28/><E35/><V26/><F26/><W111/><G111/><T86/><D19/><U60/><E33/><V72/><F72/><AGARI ba="0,1" hai="44,50,53,56,59,72,74,75,88,92,96,128,129,130" machi="72" ten="50,6400,0" yaku="1,1,19,1,54,1,53,0" doraHai="123" doraHaiUra="16" who="3" fromWho="2" sc="167,0,205,0,369,-64,249,74" /><INIT seed="5,0,0,4,5,62" ten="167,205,305,323" oya="1" hai0="110,18,22,5,1,13,80,50,99,130,33,72,106" hai1="122,96,70,134,30,3,29,61,127,26,16,111,79" hai2="128,20,115,114,92,49,126,8,7,9,31,103,65" hai3="69,98,97,37,135,89,15,93,54,119,44,133,87"/><U107/><E122/><V57/><F126/><W118/><G69/><T39/><D39/><U46/><E3/><V0/><F128/><W59/><G44/><T67/><D110/><U68/><E111/><V102/><F9/><W74/><G15/><T25/><D50/><U94/><E127/><V71/><F71/><W66/><G37/><T6/><D6/><U23/><E107/><V121/><F121/><W60/><G54/><T90/><D130/><U45/><E134/><N who="3" m="51210" /><G74/><T11/><D72/><U55/><E79/><V4/><F7/><W82/><G82/><T32/><D80/><U129/><E129/><V78/><F78/><W100/><G100/><T38/><D38/><U53/><E70/><V86/><F86/><W125/><G125/><T108/><D108/><U51/><E68/><V117/><F117/><AGARI ba="0,0" hai="59,60,66,87,89,93,97,98,117,118,119" m="51210" machi="117" ten="30,3900,0" yaku="12,1,20,1,52,1" doraHai="62" who="3" fromWho="2" sc="167,0,205,0,305,-39,323,39" /><INIT seed="6,0,0,0,4,110" ten="167,205,266,362" oya="2" hai0="82,80,108,15,3,124,7,76,6,51,98,120,30" hai1="71,23,46,45,70,133,59,68,43,81,18,94,28" hai2="49,40,117,5,91,87,123,37,65,73,58,47,57" hai3="83,119,63,128,20,27,56,89,66,122,44,116,38"/><V69/><F123/><W13/><G128/><T111/><D120/><U86/><E28/><V135/><F73/><W12/><G122/><T61/><D3/><U10/><E10/><V99/><F117/><W31/><G116/><T118/><D30/><U100/><E133/><V121/><F121/><W90/><G119/><T33/><D33/><U103/><E59/><V84/><F135/><W0/><G0/><T24/><D118/><U101/><E94/><V21/><F5/><W36/><G36/><T14/><D24/><U8/><E8/><V93/><F69/><W88/><G38/><T25/><D25/><U92/><E92/><V64/><F21/><W42/><G42/><T22/><D98/><U113/><E43/><V109/><F109/><W129/><G129/><T4/><D51/><U67/><E67/><N who="2" m="25675" /><F37/><W11/><G44/><T2/><D7/><U96/><E96/><V130/><F130/><W134/><G134/><T131/><D131/><U78/><E46/><V41/><F40/><W60/><G60/><T79/><D2/><U127/><E45/><V107/><F107/><W112/><G112/><T16/><D61/><U97/><E113/><V53/><F41/><W126/><G126/><T95/><D95/><U32/><E32/><V29/><F29/><W34/><G34/><T17/><REACH who="0" step="1"/><D22/><REACH who="0" ten="157,205,266,362" step="2"/><U9/><E127/><AGARI ba="0,1" hai="4,6,14,15,16,17,76,79,80,82,108,111,124,127" machi="127" ten="25,12000,2" yaku="1,1,2,1,22,2,54,1,53,2" doraHai="110" doraHaiUra="72" who="0" fromWho="1" sc="157,130,205,-120,266,0,362,0" /><INIT seed="7,0,0,0,2,11" ten="287,85,266,362" oya="3" hai0="128,4,12,105,48,60,70,35,58,97,84,46,31" hai1="109,32,106,0,99,66,107,50,71,126,111,98,28" hai2="91,54,20,23,93,116,113,65,82,8,15,131,63" hai3="43,19,78,44,115,22,87,117,79,13,100,62,135"/><W25/><G117/><T86/><D128/><U133/><E0/><V127/><F116/><W41/><G115/><T61/><D61/><U73/><E73/><V27/><BYE who="1" /><F113/><W74/><G74/><T112/><D112/><U39/><E39/><V122/><F131/><W83/><G135/><T37/><D37/><U16/><E16/><V26/><F127/><W120/><G120/><T119/><D119/><U57/><E57/><V52/><F82/><W69/><G100/><T33/><D33/><U81/><E81/><V49/><F122/><W121/><G121/><T104/><D104/><U30/><E30/><V6/><F23/><W123/><G123/><T76/><D76/><U72/><E72/><V88/><F91/><W64/><G78/><T55/><D70/><U53/><E53/><V134/><F134/><W14/><G43/><T18/><D4/><U1/><E1/><V5/><F5/><W95/><G95/><T114/><D114/><U118/><E118/><V130/><F130/><W124/><G124/><T24/><D97/><U68/><E68/><V67/><F63/><W85/><G87/><T21/><REACH who="0" step="1"/><D105/><REACH who="0" ten="277,85,266,362" step="2"/><U92/><E92/><V103/><F103/><W9/><G9/><T47/><D47/><U3/><E3/><V108/><F108/><W101/><G101/><T36/><D36/><AGARI ba="0,1" hai="13,14,19,22,25,36,41,44,62,64,69,79,83,85" machi="36" ten="30,5800,0" yaku="7,1,52,2" doraHai="11" who="3" fromWho="0" sc="277,-58,85,0,266,0,362,68" owari="219,-18.0,85,-41.0,266,7.0,430,52.0" /></mjloggm>