<mjloggm ver="2.3"><GO type="41" lobby="0"/><UN n0="%E3%83%8F%E3%83%B3%E3%83%88%43" n1="%E3%83%8F%E3%83%AA%E3%83%8D%E3%82%BA%E3%83%9F%E5%91%BD" n2="%6C%69%6B%65%61%78%65" n3="%E5%B0%B1%E6%B4%BB%E7%94%9F%40%E5%B7%9D%E6%9D%91%E8%BB%8D%E5%9B%A3" dan="14,14,14,15" rate="1954.25,1961.58,1954.28,1992.13" sx="M,M,M,M"/><TAIKYOKU oya="0"/><INIT seed="0,0,0,0,1,4" ten="250,250,250,250" oya="0" hai0="49,127,7,107,3,69,87,125,28,99,80,51,25" hai1="61,46,121,2,18,11,77,134,124,23,62,38,97" hai2="31,71,114,9,21,58,47,111,20,106,126,120,1" hai3="91,130,65,32,98,118,33,75,59,93,48,86,83"/><T12/><D3/><U15/><E121/><V41/><F71/><W17/><G118/><T102/><D69/><U100/><E134/><V19/><F120/><W90/><G130/><T79/><D12/><U95/><E124/><N who="0" m="47689" /><D7/><U89/><E77/><V92/><F114/><W94/><G75/><T135/><D135/><U81/><E38/><V119/><F119/><W29/><G29/><T27/><D27/><U45/><E2/><V128/><F106/><W109/><G109/><T22/><AGARI ba="0,0" hai="22,25,28,49,51,79,80,87,99,102,107" m="47689" machi="22" ten="30,1500,0" yaku="18,1" doraHai="4" who="0" fromWho="0" sc="250,15,250,-5,250,-5,250,-5" /><INIT seed="0,1,0,4,1,72" ten="265,245,245,245" oya="0" hai0="125,68,124,91,132,113,23,69,51,33,52,98,14" hai1="22,36,116,3,42,35,110,54,133,4,12,44,6" hai2="102,122,88,38,15,119,108,92,10,40,89,19,73" hai3="34,114,96,32,58,55,101,109,11,93,81,21,106"/><T62/><D33/><U30/><E116/><V112/><F119/><W67/><G114/><T17/><D113/><U129/><E129/><V26/><F112/><W57/><G109/><T31/><D31/><U105/><E105/><V117/><F117/><W0/><G106/><T128/><D128/><U56/><E133/><V41/><F108/><W104/><G104/><T48/><D132/><U78/><E3/><V50/><F73/><W8/><G67/><T37/><D37/><U5/><E110/><V70/><F70/><W120/><G120/><T111/><D111/><U29/><E35/><V103/><F122/><W45/><G45/><N who="0" m="27663" /><D51/><U90/><E78/><V115/><F38/><W47/><G47/><T63/><D68/><U86/><E22/><V28/><F115/><W43/><G43/><N who="2" m="16457" /><F50/><W25/><G57/><T85/><D98/><U97/><E97/><N who="2" m="57479" /><F89/><W46/><G46/><T135/><D69/><U18/><E90/><V76/><F26/><W60/><G32/><T82/><D135/><U87/><E36/><V2/><F28/><W49/><G34/><T1/><D1/><U80/><E30/><V71/><F2/><W65/><G0/><T131/><D131/><U7/><E29/><V95/><F71/><W83/><G65/><T39/><D39/><U64/><E42/><V99/><F103/><W59/><G59/><T61/><D61/><U75/><E64/><V130/><F130/><W94/><G60/><T100/><D100/><U9/><E56/><V121/><F121/><W84/><G58/><T77/><D91/><U24/><E44/><V126/><F76/><RYUUKYOKU ba="1,0" sc="265,15,245,-15,245,15,245,-15" hai0="14,17,23,62,63,77,82,85,124,125" hai2="10,15,19,95,99,102,126" /><INIT seed="0,2,0,4,5,68" ten="280,230,260,230" oya="0" hai0="4,105,18,73,28,38,102,95,64,22,97,29,128" hai1="134,63,79,31,55,1,59,35,0,132,42,104,86" hai2="77,51,76,90,82,118,124,109,48,120,122,40,88" hai3="16,20,13,57,41,114,9,74,54,58,116,23,121"/><T7/><D38/><U39/><E104/><V129/><F118/><W34/><G114/><T112/><D73/><U46/><E35/><V69/><F69/><W33/><G116/><T49/><D112/><U12/><E31/><V101/><F124/><W127/><G121/><T131/><D64/><U36/><E12/><V3/><F3/><W110/><G74/><T61/><D61/><U100/><E100/><V96/><F40/><W108/><G41/><T71/><D71/><U27/><E27/><V14/><F14/><W80/><G80/><T21/><D49/><N who="1" m="26839" /><E0/><V50/><F109/><N who="3" m="42091" /><G127/><T25/><D29/><U123/><E1/><V15/><F15/><N who="3" m="9247" /><G23/><T44/><D44/><U85/><E123/><V89/><F122/><W72/><G72/><T70/><D70/><U66/><E66/><V67/><F67/><W56/><G54/><T10/><D105/><U119/><E119/><V24/><F120/><W91/><G91/><T93/><D93/><U26/><E26/><V117/><F24/><W78/><G78/><N who="2" m="30313" /><F82/><W32/><G32/><T125/><D125/><U8/><E8/><V47/><F47/><W45/><G45/><T115/><D115/><U99/><E79/><V135/><F117/><W43/><G43/><T60/><D10/><U19/><E55/><V106/><F106/><W17/><AGARI ba="2,0" hai="9,13,17,33,34,56,57,58" m="9247,42091" machi="17" ten="30,2000,0" yaku="14,1,54,1" doraHai="68" who="3" fromWho="3" sc="280,-12,230,-7,260,-7,230,26" /><INIT seed="1,0,0,3,4,12" ten="268,223,253,256" oya="1" hai0="130,15,26,87,58,42,101,0,113,69,54,56,91" hai1="50,115,55,60,84,24,37,103,118,16,22,51,72" hai2="92,17,10,23,114,90,59,104,20,70,41,49,13" hai3="30,107,122,83,134,64,6,32,35,39,21,132,68"/><U75/><E118/><V94/><F104/><W81/><G107/><T112/><D0/><U88/><E37/><V27/><F70/><W79/><G122/><T127/><D69/><U63/><E115/><V28/><F114/><W124/><G39/><T48/><D101/><U105/><E51/><V125/><F125/><W67/><G6/><T100/><D100/><U1/><E1/><V121/><F121/><W65/><G68/><T18/><D26/><U106/><E72/><V14/><F14/><W126/><G21/><T4/><D4/><U7/><E75/><V57/><F94/><W44/><G44/><T2/><D2/><U36/><E36/><V111/><F111/><W34/><G30/><T108/><D127/><N who="3" m="48681" /><G79/><T123/><D108/><U97/><E7/><V85/><F10/><W29/><G29/><T46/><D123/><U38/><E38/><V43/><F59/><W116/><G116/><T71/><D71/><U98/><E98/><V96/><F96/><W62/><G62/><T33/><D33/><U80/><E106/><V5/><F5/><W109/><G109/><T52/><D112/><U45/><AGARI ba="0,0" hai="16,22,24,45,50,55,60,63,80,84,88,97,103,105" machi="45" ten="20,12000,1" yaku="0,1,7,1,52,1,54,2" doraHai="12" who="1" fromWho="1" sc="268,-40,223,120,253,-40,256,-40" /><INIT seed="1,1,0,1,4,71" ten="228,343,213,216" oya="1" hai0="129,30,53,100,22,109,83,84,20,93,9,10,52" hai1="120,17,135,122,115,14,55,118,85,26,8,121,0" hai2="50,105,56,11,2,15,116,111,87,127,124,63,97" hai3="107,68,47,88,59,13,32,96,79,27,128,58,99"/><U75/><E118/><V66/><F116/><W73/><G68/><T39/><D39/><U72/><E115/><V33/><F33/><W16/><G128/><T91/><D109/><U25/><E135/><V92/><F2/><W82/><G47/><T45/><D129/><U7/><E85/><V89/><F111/><W19/><G99/><N who="0" m="59503" /><D30/><U101/><E101/><V31/><F31/><W112/><G112/><T74/><D74/><U90/><E90/><V102/><REACH who="2" step="1"/><F50/><REACH who="2" ten="228,343,203,216" step="2"/><W104/><G32/><T49/><D53/><U113/><E113/><V134/><F134/><W119/><G119/><T40/><D40/><U94/><E121/><V12/><F12/><W133/><G133/><T61/><D61/><U131/><E120/><V126/><F126/><W114/><G114/><T62/><D62/><U18/><E0/><V64/><F64/><W125/><G125/><T51/><D51/><U86/><E122/><V95/><F95/><W4/><G27/><T57/><D45/><U69/><E25/><V110/><F110/><W28/><G28/><T43/><D43/><U98/><E26/><V130/><F130/><W108/><G108/><T6/><D49/><U60/><E131/><V42/><F42/><W35/><G35/><T77/><D57/><U5/><E60/><V24/><F24/><W103/><G104/><T36/><D52/><U78/><E55/><V117/><F117/><W106/><G106/><T70/><D70/><U21/><E69/><V81/><F81/><W44/><G107/><T123/><D83/><U41/><E41/><V65/><F65/><W29/><G82/><RYUUKYOKU ba="1,1" sc="228,-10,343,-10,203,30,216,-10" hai2="11,15,56,63,66,87,89,92,97,102,105,124,127" /><INIT seed="2,2,1,2,4,46" ten="218,333,233,206" oya="2" hai0="41,77,118,63,81,53,85,96,10,123,33,48,70" hai1="19,30,134,38,21,93,86,131,47,80,124,14,39" hai2="11,98,89,0,100,31,17,68,122,112,7,3,55" hai3="75,34,15,130,84,79,119,59,120,66,18,5,83"/><V82/><F122/><W25/><G120/><T117/><D123/><U103/><E124/><V108/><F112/><W94/><G119/><N who="0" m="45579" /><D33/><U13/><E131/><V69/><F31/><W73/><G130/><T76/><D41/><U129/><E134/><V104/><F17/><W29/><G5/><T64/><D96/><U23/><E129/><V9/><F108/><W90/><G59/><N who="0" m="33191" /><D10/><U110/><E110/><V99/><F55/><W101/><G66/><T91/><AGARI ba="2,1" hai="63,64,70,76,77,81,85,91" m="33191,45579" machi="91" ten="30,2000,0" yaku="12,1,52,1" doraHai="46" who="0" fromWho="0" sc="218,36,333,-7,233,-12,206,-7" /><INIT seed="3,0,0,5,4,104" ten="254,326,221,199" oya="3" hai0="94,120,102,57,47,31,93,16,69,65,86,95,23" hai1="63,126,105,81,85,33,130,123,50,59,9,75,119" hai2="91,39,134,124,43,110,58,97,108,80,118,122,92" hai3="56,38,96,45,115,113,77,46,2,101,72,84,27"/><W107/><G2/><T5/><D69/><U21/><E105/><V1/><F1/><W48/><G38/><T54/><D120/><U114/><E123/><V11/><F118/><W36/><G36/><T98/><D31/><U22/><E33/><V15/><F122/><W20/><G113/><T35/><D35/><U10/><E119/><V112/><F112/><W127/><G115/><T61/><D5/><U42/><E75/><V71/><F71/><W60/><G127/><T135/><D135/><U78/><E130/><V82/><F124/><W41/><G46/><T67/><D86/><U0/><E0/><V90/><F134/><W40/><G40/><T83/><D83/><U100/><E100/><V125/><F125/><W18/><G84/><T132/><D132/><U8/><E126/><V117/><F117/><W64/><REACH who="3" step="1"/><G77/><REACH who="3" ten="254,326,221,189" step="2"/><T51/><REACH who="0" step="1"/><D67/><REACH who="0" ten="244,326,221,189" step="2"/><N who="1" m="39423" /><E114/><V53/><F80/><W19/><G19/><T37/><D37/><U6/><E6/><V99/><F82/><W121/><G121/><T88/><D88/><U4/><E4/><V25/><F39/><W26/><G26/><AGARI ba="0,2" hai="16,23,26,47,51,54,57,61,65,93,94,95,98,102" machi="26" ten="30,7700,0" yaku="1,1,7,1,8,1,54,1,53,0" doraHai="104" doraHaiUra="73" who="0" fromWho="3" sc="244,97,326,0,221,0,189,-77" /><INIT seed="4,0,0,1,3,59" ten="341,326,221,112" oya="0" hai0="24,102,118,21,60,107,37,30,135,48,11,17,101" hai1="42,92,46,40,28,54,43,124,58,86,85,72,90" hai2="98,131,10,18,95,105,64,63,96,33,13,81,39" hai3="100,117,113,12,27,134,122,70,49,123,114,133,22"/><T130/><D37/><U7/><E72/><V69/><F39/><W44/><G70/><T9/><D118/><U111/><E111/><V67/><F131/><W71/><G71/><T65/><D107/><U2/><E124/><V74/><F33/><W109/><G100/><N who="0" m="38507" /><D130/><U29/><E46/><V4/><F105/><W129/><G129/><T112/><D135/><N who="3" m="51721" /><G109/><T53/><D112/><N who="3" m="43113" /><G49/><T88/><D30/><U68/><E68/><V52/><F74/><W87/><G44/><N who="0" m="27783" /><D88/><U3/><E29/><V38/><F81/><W20/><G87/><T23/><D23/><N who="3" m="8745" /><G117/><T31/><D31/><U78/><E85/><V32/><F38/><W36/><G36/><T62/><D65/><U80/><E28/><V91/><F67/><W84/><G84/><T76/><D76/><U45/><E78/><V77/><F77/><W110/><G110/><T75/><D75/><U41/><E86/><V66/><F66/><W106/><G106/><T34/><D34/><U35/><E35/><V82/><F32/><W89/><G89/><T104/><D104/><U119/><E90/><V108/><F108/><W115/><N who="3" m="43121" /><W99/><DORA hai="116" /><G99/><T50/><D50/><U0/><E119/><V25/><F98/><W8/><G27/><T57/><D57/><U128/><E58/><N who="2" m="35271" /><F64/><W126/><G126/><T83/><D83/><U79/><E128/><V16/><F69/><W93/><G93/><T19/><D62/><U94/><E92/><V26/><F82/><W5/><AGARI ba="0,0" hai="5,8,12,122,123" m="8745,43121,51721" machi="5" ten="50,12000,2" yaku="20,1,15,1,34,2,52,2" doraHai="59,116" who="3" fromWho="3" sc="341,-60,326,-30,221,-30,112,120" /><INIT seed="5,0,0,2,2,69" ten="281,296,191,232" oya="1" hai0="70,41,12,133,66,85,79,64,24,104,125,43,48" hai1="60,84,10,127,88,121,14,30,128,112,35,105,122" hai2="91,57,1,120,113,96,46,62,119,86,44,114,73" hai3="9,101,72,116,131,29,92,8,98,21,0,28,82"/><U56/><E105/><V7/><F119/><W87/><G116/><T107/><D24/><U20/><E112/><N who="2" m="43115" /><F120/><W18/><G72/><T15/><D85/><U5/><E35/><V103/><F73/><W135/><G135/><T124/><D48/><U36/><E36/><V78/><F78/><N who="3" m="46551" /><G0/><T19/><D79/><U11/><E127/><V71/><F71/><W80/><G80/><T25/><D25/><U13/><E128/><V75/><F75/><W31/><G131/><T106/><D106/><U118/><E118/><V74/><F74/><W59/><G59/><T90/><D70/><U42/><E42/><V115/><F7/><W111/><G111/><T27/><D27/><AGARI ba="0,0" hai="8,9,18,21,27,28,29,31,92,98,101" m="46551" machi="27" ten="30,1000,0" yaku="8,1" doraHai="69" who="3" fromWho="0" sc="281,-10,296,0,191,0,232,10" /><INIT seed="6,0,0,2,1,9" ten="271,296,191,242" oya="2" hai0="49,107,48,75,87,121,95,13,62,72,2,111,61" hai1="117,37,7,90,96,89,50,32,19,73,82,47,103" hai2="33,85,66,59,130,84,94,40,120,133,30,126,109" hai3="39,4,6,78,17,118,0,110,24,67,77,10,135"/><V23/><F120/><W91/><G110/><T11/><D2/><U52/><E117/><V98/><F109/><W22/><G118/><T42/><D107/><U134/><E32/><V65/><F133/><W71/><G135/><T106/><D106/><U27/><E37/><V101/><F126/><W81/><G39/><T92/><D111/><U60/><E7/><V129/><F33/><W116/><G116/><T8/><D87/><U14/><E134/><V69/><F69/><W35/><G6/><T21/><D21/><U124/><E27/><N who="2" m="16767" /><F40/><W16/><G35/><T63/><D63/><U29/><E29/><V119/><F119/><W115/><G115/><T5/><D5/><U83/><E60/><N who="2" m="38047" /><F66/><W79/><G67/><T18/><D121/><U1/><E1/><V93/><F93/><W31/><REACH who="3" step="1"/><G71/><REACH who="3" ten="271,296,191,232" step="2"/><T45/><D75/><U70/><E73/><V36/><F36/><W28/><G28/><T44/><D72/><U122/><E70/><V15/><F15/><W100/><G100/><T132/><D13/><U38/><E122/><V64/><F64/><W55/><G55/><T113/><D132/><U114/><E38/><V20/><F20/><W99/><G99/><T97/><D97/><U26/><E124/><V123/><F123/><W53/><G53/><T68/><D68/><U112/><E96/><V54/><F54/><W128/><G128/><AGARI ba="0,1" hai="84,85,94,98,101,128,129,130" m="38047,16767" machi="128" ten="30,2900,0" yaku="25,1,19,1" doraHai="9" who="2" fromWho="3" sc="271,0,296,0,191,39,232,-29" /><INIT seed="6,1,0,5,4,115" ten="271,296,230,203" oya="2" hai0="76,97,13,54,133,45,129,49,112,3,30,102,79" hai1="124,31,46,109,75,8,44,88,121,67,63,17,89" hai2="113,120,23,19,70,73,41,55,48,58,59,74,22" hai3="62,116,11,99,93,37,66,43,64,24,47,65,4"/><V101/><F113/><W131/><G116/><T0/><D112/><U105/><E75/><V91/><F70/><W14/><G131/><T98/><D30/><U82/><E109/><V18/><F120/><W40/><G40/><T42/><D129/><U107/><E121/><V38/><F101/><W33/><G33/><T125/><D98/><U128/><E128/><V117/><F117/><W52/><G24/><T95/><D133/><U78/><E31/><V2/><F2/><W92/><REACH who="3" step="1"/><G99/><REACH who="3" ten="271,296,230,193" step="2"/><T5/><D97/><U123/><E123/><V135/><F135/><W25/><G25/><T29/><D125/><U71/><E124/><V103/><F41/><W27/><G27/><T114/><D114/><U118/><E118/><V39/><F55/><W83/><G83/><T10/><D54/><U21/><E67/><V34/><F34/><W51/><G51/><T127/><D49/><U26/><E82/><V110/><F48/><W104/><G104/><T80/><D80/><U32/><E105/><V86/><F110/><W28/><G28/><T96/><D29/><U87/><E107/><V122/><F122/><W90/><G90/><T53/><D127/><U9/><E32/><V108/><F108/><W132/><G132/><T85/><D42/><U68/><E89/><V56/><F103/><W36/><G36/><T7/><D96/><U130/><E130/><V119/><F119/><W12/><G12/><T1/><D13/><U77/><E26/><N who="2" m="14679" /><F38/><W6/><G6/><T15/><D5/><U134/><E134/><V16/><F39/><W126/><G126/><T94/><D102/><RYUUKYOKU ba="1,1" sc="271,-10,296,-10,230,-10,193,30" hai3="4,11,14,37,43,47,52,62,64,65,66,92,93" /><INIT seed="7,2,1,5,2,118" ten="261,286,220,223" oya="3" hai0="33,90,78,58,63,37,83,8,12,132,126,17,44" hai1="60,86,85,4,108,54,97,42,68,40,96,104,47" hai2="23,30,119,66,71,56,75,27,94,110,113,39,31" hai3="52,92,100,24,73,14,120,74,128,123,6,69,135"/><W84/><G69/><T107/><D107/><U29/><E108/><V7/><F110/><W88/><G100/><T131/><D33/><U26/><E4/><V117/><F39/><W98/><G24/><T0/><D0/><U59/><E68/><V41/><F41/><N who="1" m="15977" /><E104/><V10/><F75/><W15/><G128/><T79/><D44/><U64/><E29/><V72/><F72/><W127/><G74/><T62/><D37/><U5/><E26/><V122/><F122/><W18/><G73/><T25/><D131/><U70/><E5/><V38/><F38/><W22/><G98/><N who="1" m="37994" /><E70/><V130/><F130/><W32/><G135/><T36/><D132/><U28/><E28/><V81/><F31/><W93/><G127/><T9/><D36/><U106/><E106/><V115/><F71/><W91/><G32/><T53/><D25/><U105/><E105/><V43/><F43/><W76/><G76/><N who="0" m="29227" /><D126/><U65/><E47/><V20/><F27/><W21/><G6/><T99/><D99/><U49/><E49/><V80/><F7/><W111/><G111/><T50/><D9/><U112/><E112/><V35/><F10/><W3/><G3/><T1/><D1/><U57/><E57/><V125/><F56/><W61/><G92/><T89/><D83/><N who="2" m="31818" /><F94/><W87/><G87/><AGARI ba="2,1" hai="54,59,60,64,65,85,86,87" m="37994,15977" machi="87" ten="30,1000,0" yaku="8,1" doraHai="118" who="1" fromWho="3" sc="261,0,286,26,220,0,223,-16" owari="261,6.0,312,41.0,220,-18.0,207,-29.0" /></mjloggm>