<mjloggm ver="2.3"><GO type="41" lobby="0"/><UN n0="%74%75%79%75%66%75%6A" n1="%E3%83%A6%E3%83%B3%E3%82%B1%E3%83%AB" n2="%E3%83%88%E3%83%88%E3%83%AA%E5%85%88%E7%94%9F%31%39%E6%AD%B3" n3="%E9%9D%92%E3%83%99%E3%82%AC" dan="14,15,14,15" rate="1933.19,1983.34,2008.47,2049.20" sx="M,M,F,F"/><TAIKYOKU oya="0"/><INIT seed="0,0,0,5,4,73" ten="250,250,250,250" oya="0" hai0="103,119,106,39,131,95,91,5,58,85,115,7,46" hai1="89,65,50,81,44,63,11,101,3,127,69,14,4" hai2="108,105,55,32,133,104,128,56,88,27,125,13,62" hai3="72,120,28,126,66,80,70,25,6,47,23,75,61"/><T123/><D119/><U110/><E110/><V51/><F108/><W76/><G126/><T53/><D115/><U121/><E127/><V24/><F125/><W30/><G120/><T59/><D123/><U109/><E109/><V99/><F128/><W17/><G72/><T18/><D131/><U64/><E121/><V45/><F133/><W20/><G6/><T34/><D34/><U113/><E113/><V26/><F32/><W79/><G79/><T90/><D103/><U78/><E101/><V40/><REACH who="2" step="1"/><F13/><REACH who="2" ten="250,250,240,250" step="2"/><W116/><G116/><T83/><D106/><U92/><E14/><V42/><F42/><W132/><G132/><T15/><D39/><U48/><E65/><V57/><F57/><W86/><G47/><T100/><D59/><U93/><E44/><V36/><F36/><W130/><G130/><T134/><D134/><U82/><E93/><AGARI ba="0,1" hai="24,26,27,40,45,51,55,56,62,88,93,99,104,105" machi="93" ten="40,2600,0" yaku="1,1,54,1,53,0" doraHai="73" doraHaiUra="19" who="2" fromWho="1" sc="250,0,250,-26,240,36,250,0" /><INIT seed="1,0,0,3,1,18" ten="250,224,276,250" oya="1" hai0="44,25,92,86,71,40,22,135,95,82,127,46,116" hai1="26,38,57,11,8,132,104,14,39,81,101,88,112" hai2="29,50,77,33,31,90,20,59,1,12,13,42,63" hai3="128,60,54,17,130,111,107,48,117,2,76,53,43"/><U100/><E112/><V75/><F1/><W58/><G107/><T93/><D116/><U68/><E132/><V49/><F33/><W19/><G2/><T80/><D135/><U134/><E134/><V126/><F126/><W52/><G76/><T113/><D113/><U97/><E68/><V121/><F121/><W21/><G111/><T96/><D71/><U124/><E124/><V6/><F77/><W34/><G34/><T10/><D127/><U65/><E101/><V123/><F75/><W78/><G17/><T74/><D74/><U0/><E0/><V114/><F123/><W110/><G110/><T89/><D10/><U16/><E26/><N who="2" m="16583" /><F31/><W15/><G117/><T85/><D40/><U67/><E11/><N who="2" m="4215" /><F42/><W27/><G78/><T70/><D96/><U5/><E5/><V83/><F13/><W72/><G72/><T55/><D55/><U32/><E32/><V47/><F47/><N who="3" m="25727" /><G15/><T120/><D120/><U84/><REACH who="1" step="1"/><E57/><REACH who="1" ten="250,214,276,250" step="2"/><V115/><F115/><W99/><G58/><T105/><D70/><U69/><E69/><V36/><F114/><W129/><G129/><T37/><D37/><AGARI ba="0,1" hai="8,14,16,37,38,39,65,67,81,84,88,97,100,104" machi="37" ten="40,7700,0" yaku="1,1,54,2,53,0" doraHai="18" doraHaiUra="24" who="1" fromWho="0" sc="250,-77,214,87,276,0,250,0" /><INIT seed="1,1,0,5,4,54" ten="173,301,276,250" oya="1" hai0="39,115,92,104,135,98,30,90,118,27,8,33,106" hai1="93,127,57,9,103,117,100,125,10,50,114,26,0" hai2="63,110,38,65,41,67,107,129,79,122,42,13,1" hai3="34,11,46,81,84,69,83,128,126,68,4,60,19"/><U133/><E117/><V94/><F122/><W51/><G128/><T97/><D118/><U78/><E114/><V89/><F110/><W12/><G126/><N who="1" m="48138" /><E133/><V123/><F123/><W20/><G34/><T96/><D135/><U74/><E26/><V18/><F1/><W105/><G105/><T91/><D115/><U31/><E31/><V71/><F107/><W113/><G113/><T32/><D39/><U82/><E93/><V119/><F119/><W108/><G108/><T112/><D112/><U58/><E50/><V3/><F3/><W55/><G60/><T59/><D33/><U132/><E132/><V77/><F129/><W134/><G134/><T15/><D104/><U36/><E36/><V45/><F42/><W52/><G55/><T76/><D106/><U17/><E10/><V64/><F77/><W102/><G102/><N who="1" m="38954" /><E17/><V109/><F109/><W37/><G37/><T130/><D130/><U120/><E120/><V53/><F38/><W14/><REACH who="3" step="1"/><G83/><REACH who="3" ten="173,301,276,240" step="2"/><T121/><D121/><U131/><E131/><V2/><F63/><W80/><G80/><T61/><D92/><U29/><E29/><V70/><F94/><W6/><G6/><AGARI ba="1,1" hai="0,6,9,57,58,74,78,82" m="38954,48138" machi="6" ten="30,5800,0" yaku="18,1,52,2" doraHai="54" who="1" fromWho="3" sc="173,0,301,71,276,0,240,-61" /><INIT seed="1,2,0,1,2,28" ten="173,372,276,179" oya="1" hai0="83,41,9,84,85,73,120,22,36,117,116,71,50" hai1="17,5,1,128,81,30,77,66,64,101,89,25,21" hai2="68,48,90,134,87,88,45,24,11,43,34,118,47" hai3="97,104,3,108,33,19,111,6,59,42,93,61,96"/><U23/><E128/><V109/><F118/><W12/><G104/><T74/><D120/><U76/><E101/><V124/><F68/><W72/><G72/><T55/><D71/><U58/><E1/><V62/><F109/><N who="3" m="42059" /><G42/><T131/><D131/><U27/><E5/><V54/><F134/><W105/><G105/><T53/><D53/><U44/><E44/><V31/><F124/><W39/><G39/><T126/><D41/><U113/><E113/><V20/><F11/><N who="3" m="2527" /><G33/><T2/><D36/><U32/><E89/><V94/><F90/><W119/><G93/><T67/><D73/><U15/><E58/><V60/><REACH who="2" step="1"/><F20/><REACH who="2" ten="173,372,266,179" step="2"/><N who="3" m="11367" /><G119/><T26/><D117/><U37/><E37/><AGARI ba="2,1" hai="24,31,34,37,43,45,47,48,54,60,62,87,88,94" machi="37" ten="30,8000,1" yaku="1,1,7,1,52,1,54,1,53,1" doraHai="28" doraHaiUra="70" who="2" fromWho="1" sc="173,0,372,-86,266,96,179,0" /><INIT seed="2,0,0,2,5,121" ten="173,286,362,179" oya="2" hai0="82,5,50,1,45,86,125,46,35,74,25,69,49" hai1="100,111,97,52,92,103,80,13,2,73,102,85,75" hai2="77,123,98,83,120,57,8,64,31,128,133,12,30" hai3="14,122,109,96,124,21,56,28,48,134,79,72,87"/><V132/><F128/><W67/><G122/><N who="2" m="46633" /><F57/><W18/><G109/><T116/><D116/><U107/><E2/><V101/><F64/><W115/><G124/><T89/><D125/><U7/><E7/><N who="2" m="3103" /><F98/><W23/><G134/><N who="2" m="51817" /><F101/><N who="1" m="39017" /><E13/><V99/><F99/><W55/><G96/><T38/><D38/><U90/><E52/><V53/><F53/><W32/><G67/><T131/><D131/><U17/><E17/><V41/><F41/><W6/><G56/><T118/><D69/><U44/><E44/><V36/><F36/><W88/><G55/><T66/><D66/><U105/><E111/><V91/><F91/><W26/><G48/><T112/><D50/><U61/><E61/><V60/><F60/><W29/><G88/><T42/><D89/><U81/><E81/><V135/><N who="2" m="51825" /><V19/><DORA hai="33" /><F19/><W15/><G18/><T68/><D82/><U117/><E117/><V113/><F113/><W63/><G63/><T16/><D112/><U65/><E65/><V10/><F10/><W108/><G115/><T3/><D16/><U70/><E70/><V71/><F71/><W51/><G51/><T0/><D49/><U34/><E34/><V47/><F47/><W126/><G32/><T84/><D46/><U95/><E80/><V127/><F127/><W59/><G126/><T20/><D35/><U37/><E37/><V114/><F114/><W62/><G62/><T93/><D45/><U104/><AGARI ba="0,0" hai="73,75,85,90,92,95,97,103,104,105,107" m="39017" machi="104" ten="40,8000,1" yaku="35,5" doraHai="121,33" who="1" fromWho="1" sc="173,-20,286,80,362,-40,179,-20" /><INIT seed="3,0,0,2,5,1" ten="153,366,322,159" oya="3" hai0="43,20,88,135,92,100,82,12,52,67,126,16,79" hai1="114,24,33,59,49,29,73,71,53,91,30,78,99" hai2="8,129,118,106,32,6,66,123,26,21,7,11,110" hai3="122,45,72,19,97,22,121,115,96,94,64,128,132"/><W47/><G115/><T51/><D135/><U70/><E114/><V120/><F106/><W89/><G72/><T14/><D126/><U134/><E134/><V76/><F76/><W50/><G132/><T124/><D124/><U55/><E30/><N who="2" m="19543" /><F66/><W90/><G128/><T0/><D0/><U39/><E39/><V37/><F37/><W119/><G119/><T62/><D43/><U112/><E112/><V84/><F84/><W3/><G3/><T111/><D100/><U13/><E73/><V10/><F118/><W86/><G64/><T35/><D35/><U28/><E78/><V41/><F41/><W57/><G57/><T107/><D107/><U68/><E29/><V38/><F38/><W104/><G47/><T2/><D2/><U102/><E91/><V81/><F81/><W87/><G104/><T15/><D82/><U5/><E55/><V130/><F21/><W69/><G69/><T61/><D79/><U75/><E75/><V95/><F95/><W127/><G127/><T44/><D111/><U42/><E42/><V31/><F31/><W9/><G96/><N who="0" m="57351" /><D67/><U77/><E77/><V23/><F23/><W85/><G90/><T65/><D65/><U56/><E56/><V83/><F83/><W27/><G86/><T93/><D93/><N who="1" m="58735" /><E71/><V125/><F125/><W117/><G117/><T60/><AGARI ba="0,0" hai="12,14,15,16,20,44,51,52,60,61,62" m="57351" machi="60" ten="30,7900,0" yaku="8,1,54,3" doraHai="1" who="0" fromWho="0" sc="153,79,366,-20,322,-20,159,-39" /><INIT seed="4,0,0,4,5,38" ten="232,346,302,120" oya="0" hai0="118,62,7,32,1,88,93,120,107,33,134,111,126" hai1="6,49,121,22,129,48,122,115,113,47,102,16,97" hai2="86,89,53,103,81,117,72,68,110,13,104,12,78" hai3="69,61,46,11,114,75,17,91,41,31,25,42,58"/><T52/><D120/><N who="1" m="46187" /><E6/><V57/><F68/><W131/><G69/><T90/><D107/><N who="1" m="63951" /><E129/><V82/><F110/><W60/><G75/><T18/><D118/><U63/><E63/><V112/><F112/><N who="1" m="43081" /><E47/><V74/><F117/><W84/><G114/><T99/><D134/><U109/><E109/><V87/><F103/><W94/><G131/><T128/><D126/><U39/><E39/><V29/><F104/><W98/><G46/><T130/><D111/><U45/><E45/><V79/><F29/><W0/><G61/><T124/><D124/><U26/><AGARI ba="0,0" hai="16,22,26,48,49" m="43081,63951,46187" machi="26" ten="30,4000,0" yaku="15,1,11,1,54,1" doraHai="38" who="1" fromWho="1" sc="232,-20,346,40,302,-10,120,-10" /><INIT seed="5,0,0,3,4,46" ten="212,386,292,110" oya="1" hai0="133,13,3,61,58,70,1,25,52,85,115,11,6" hai1="59,75,134,110,129,17,22,126,42,104,62,55,27" hai2="76,26,4,28,114,113,90,88,112,109,97,15,95" hai3="57,82,45,18,80,125,79,135,123,54,38,106,101"/><U8/><E75/><V119/><F109/><W47/><G123/><T32/><D133/><U132/><E104/><V67/><F119/><W69/><G69/><T24/><D115/><U19/><E110/><V99/><F67/><W102/><G135/><N who="1" m="51754" /><E126/><V94/><F76/><W63/><G125/><T34/><D70/><U53/><E129/><V33/><F15/><W48/><G106/><T122/><D122/><U89/><E42/><V29/><F29/><W12/><G38/><T50/><D34/><U37/><E37/><V128/><REACH who="2" step="1"/><F4/><REACH who="2" ten="212,386,282,110" step="2"/><W120/><G120/><T0/><D32/><U40/><E40/><V92/><F92/><W30/><G30/><T96/><D96/><U41/><E41/><V74/><F74/><W14/><G14/><T86/><D25/><U127/><E127/><V10/><F10/><W78/><G78/><T108/><D24/><U77/><E77/><V49/><F49/><W116/><G116/><T107/><D107/><U65/><E89/><V131/><AGARI ba="0,1" hai="26,28,33,88,90,94,95,97,99,112,113,114,128,131" machi="131" ten="40,12000,2" yaku="1,1,0,1,9,1,15,1,11,1,54,1,53,0" doraHai="46" doraHaiUra="73" who="2" fromWho="2" sc="212,-30,386,-60,282,130,110,-30" /><INIT seed="6,0,0,5,4,11" ten="182,326,412,80" oya="2" hai0="61,19,131,28,90,114,102,5,92,110,47,132,24" hai1="120,63,65,73,3,7,54,18,89,107,106,71,118" hai2="112,103,72,109,81,64,105,67,99,94,29,127,10" hai3="128,66,27,53,8,36,70,88,96,68,108,83,80"/><V41/><F112/><W6/><G36/><T45/><D110/><U115/><E120/><V20/><F109/><W43/><G43/><T9/><D114/><U21/><E118/><V91/><F127/><W2/><G108/><T123/><D123/><U116/><E116/><V117/><F117/><W48/><G128/><T30/><D131/><U23/><E115/><V97/><F41/><W25/><G83/><T78/><D78/><U55/><E73/><V79/><F29/><W0/><G0/><T104/><D104/><U33/><E33/><V44/><F44/><W42/><G42/><T57/><D102/><U13/><E89/><V60/><F20/><W59/><G66/><T126/><D19/><U37/><E37/><V77/><F60/><W31/><G96/><T69/><D30/><U130/><E130/><V56/><F56/><W14/><G2/><T58/><D58/><U135/><E135/><V40/><F40/><W52/><G53/><T38/><D38/><U74/><E74/><V82/><F10/><W125/><G125/><T76/><D76/><U46/><E23/><V134/><F134/><W4/><G4/><T122/><D69/><U98/><E3/><V35/><F35/><W26/><REACH who="3" step="1"/><G31/><REACH who="3" ten="182,326,412,70" step="2"/><T39/><D39/><U75/><E7/><V16/><F64/><W50/><G50/><T51/><D51/><U101/><E55/><V111/><F111/><W119/><G119/><T15/><D126/><U86/><E54/><V93/><F67/><W22/><G22/><T95/><D122/><U121/><E21/><V133/><F133/><W129/><G129/><RYUUKYOKU ba="0,1" sc="182,-10,326,-10,412,-10,70,30" hai3="6,8,14,25,26,27,48,52,59,68,70,80,88" /><INIT seed="7,1,1,1,1,66" ten="172,316,402,100" oya="3" hai0="76,106,78,52,40,117,118,120,5,96,6,24,20" hai1="65,51,44,10,100,103,63,123,50,119,61,131,116" hai2="25,58,130,75,94,60,19,42,9,73,112,111,4" hai3="133,23,32,108,93,114,30,121,0,134,33,29,89"/><W126/><G121/><T71/><D120/><U59/><E123/><V45/><F111/><W113/><G93/><T92/><D106/><U3/><E3/><V43/><F112/><N who="3" m="43115" /><G89/><T99/><D40/><U54/><E10/><V67/><F130/><W47/><G47/><T104/><D71/><N who="1" m="42415" /><E103/><V102/><F43/><W17/><G0/><T35/><D35/><N who="3" m="13385" /><G108/><T56/><D104/><U11/><E11/><V2/><F94/><W7/><G7/><N who="0" m="2571" /><D118/><N who="1" m="45099" /><E100/><V15/><F102/><W135/><G126/><T115/><D115/><U72/><E72/><V125/><F125/><W26/><AGARI ba="1,1" hai="17,23,26,29,30,133,134,135" m="13385,43115" machi="26" ten="40,12000,1" yaku="20,1,15,1,34,2" doraHai="66" who="3" fromWho="3" sc="172,-41,316,-41,402,-41,100,133" /><INIT seed="7,2,0,0,5,73" ten="131,275,361,233" oya="3" hai0="50,127,3,34,31,113,27,69,97,60,25,92,96" hai1="43,122,128,2,119,98,24,67,88,80,55,46,133" hai2="1,64,95,102,37,53,15,38,36,18,22,104,28" hai3="54,103,19,99,8,120,135,59,108,21,35,77,131"/><W70/><G35/><T71/><D127/><U123/><E2/><V17/><F1/><W61/><G120/><T29/><D3/><U109/><E109/><V112/><F104/><W0/><G108/><T106/><D113/><U124/><E124/><V23/><F112/><W58/><G70/><T101/><D71/><U75/><E133/><V16/><F64/><W66/><G131/><T111/><D111/><U121/><E128/><V20/><F28/><W44/><G44/><T79/><D50/><U82/><E119/><V87/><F53/><W40/><G40/><T107/><D107/><U93/><E67/><V85/><F15/><W126/><G8/><T81/><D69/><U39/><E75/><V49/><F49/><W6/><G6/><T105/><D60/><U11/><E11/><V51/><F51/><W129/><G0/><T130/><D130/><U86/><E24/><V72/><F72/><W9/><G9/><T33/><REACH who="0" step="1"/><D97/><AGARI ba="2,0" hai="16,17,18,20,22,23,36,37,38,85,87,95,97,102" machi="97" ten="50,6400,0" yaku="29,2,54,1" doraHai="73" who="2" fromWho="0" sc="131,-70,275,0,361,70,233,0" owari="61,-44.0,275,8.0,431,53.0,233,-17.0" /></mjloggm>