<mjloggm ver="2.3"><GO type="169" lobby="0"/><UN n0="%E5%B0%B1%E6%B4%BB%E7%94%9F%40%E5%B7%9D%E6%9D%91%E8%BB%8D%E5%9B%A3" n1="%E5%8E%9F%E4%BA%BA%E3%81%A1%E3%82%83%E3%82%93" n2="%7A%65%72%6F%52%58" n3="%E6%96%B0%E5%AE%BF%E6%96%B9%E9%9D%A2" dan="16,16,16,17" rate="2072.62,2101.83,2078.98,2160.06" sx="M,M,M,M"/><TAIKYOKU oya="0"/><INIT seed="0,0,0,4,2,94" ten="250,250,250,250" oya="0" hai0="70,76,53,0,2,78,135,57,108,102,45,91,90" hai1="12,39,84,121,115,36,62,118,37,127,22,88,11" hai2="42,125,60,4,25,30,46,122,44,26,27,71,119" hai3="81,98,130,23,10,77,128,18,109,80,72,100,93"/><T105/><D70/><U85/><E118/><V111/><F122/><W54/><G109/><T13/><D108/><U14/><E121/><V133/><F111/><W131/><G54/><T106/><D135/><U86/><E127/><V21/><F125/><W32/><G32/><T101/><D45/><U96/><E115/><V1/><F133/><W16/><G23/><T123/><D123/><U47/><E47/><V17/><F46/><W3/><G81/><T113/><D13/><U63/><E22/><V75/><F75/><W8/><G3/><T56/><REACH who="0" step="1"/><D53/><REACH who="0" ten="240,250,250,250" step="2"/><U79/><E79/><V97/><F44/><W6/><G6/><T112/><AGARI ba="0,1" hai="0,2,56,57,76,78,90,91,101,102,105,106,112,113" machi="112" ten="25,12000,1" yaku="1,1,2,1,0,1,22,2,53,0" doraHai="94" doraHaiUra="9" who="0" fromWho="0" sc="240,130,250,-40,250,-40,250,-40" /><INIT seed="0,1,0,1,2,82" ten="370,210,210,210" oya="0" hai0="2,120,75,134,16,23,98,62,65,112,85,100,7" hai1="122,33,125,129,14,25,31,63,66,99,132,117,106" hai2="101,58,133,104,92,95,83,35,6,91,8,118,97" hai3="50,11,56,19,36,47,3,29,94,54,42,69,135"/><T34/><D34/><U10/><E122/><V45/><F35/><W24/><G135/><T70/><D75/><U78/><E132/><V18/><F133/><W28/><G3/><T5/><D134/><U115/><E117/><V89/><F18/><W81/><G94/><T41/><D120/><U44/><E129/><V13/><F118/><W26/><G11/><T71/><D71/><N who="1" m="42463" /><E125/><V67/><F45/><W61/><G81/><T43/><D112/><U103/><E78/><V88/><REACH who="2" step="1"/><F83/><REACH who="2" ten="370,210,200,210" step="2"/><W109/><G109/><T130/><D130/><U110/><E44/><V107/><F107/><W37/><G37/><T17/><D17/><N who="1" m="8407" /><E110/><V113/><F113/><AGARI ba="1,1" hai="25,31,33,99,103,106,113,115" m="8407,42463" machi="113" ten="30,1000,0" yaku="25,1" doraHai="82" who="1" fromWho="2" sc="370,0,210,23,200,-13,210,0" /><INIT seed="1,0,0,3,3,128" ten="370,233,187,210" oya="1" hai0="127,73,11,71,49,61,100,8,125,23,45,79,53" hai1="60,57,98,134,118,96,31,110,29,106,0,41,84" hai2="101,38,36,132,30,133,72,25,108,42,12,62,26" hai3="27,19,46,54,91,32,56,20,70,65,129,82,14"/><U7/><E118/><V80/><F108/><W119/><G129/><T39/><D39/><N who="2" m="14890" /><F42/><W2/><G119/><T43/><D100/><U93/><E110/><V92/><F12/><W47/><G2/><T123/><D123/><U87/><E41/><V104/><F104/><W17/><G70/><T74/><D23/><U117/><E117/><V113/><F113/><W35/><G65/><T48/><D61/><U69/><E69/><V66/><F101/><W122/><G122/><T124/><D71/><U33/><E106/><V121/><F92/><W77/><G91/><T51/><D79/><U21/><E33/><V88/><F88/><W116/><G116/><T85/><D85/><U83/><E0/><V115/><F115/><W37/><G37/><N who="0" m="21743" /><D53/><U112/><E7/><V68/><F121/><W50/><G32/><T135/><D135/><N who="2" m="51786" /><F30/><W111/><G111/><T94/><D94/><U120/><E134/><V86/><F86/><N who="3" m="48463" /><G35/><T90/><D90/><U34/><E87/><V131/><F131/><W67/><G14/><T97/><D97/><U130/><E34/><V95/><F95/><W24/><G24/><T58/><D124/><U76/><E130/><V78/><AGARI ba="0,0" hai="25,26,62,66,68,72,78,80" m="51786,14890" machi="78" ten="40,8000,1" yaku="20,1,52,3" doraHai="128" who="2" fromWho="2" sc="370,-20,233,-40,187,80,210,-20" /><INIT seed="2,0,0,0,0,72" ten="350,193,267,190" oya="2" hai0="80,98,37,18,26,43,25,91,1,39,81,67,124" hai1="123,55,34,14,47,35,5,99,118,60,96,101,28" hai2="65,135,107,63,82,33,85,73,111,95,77,36,70" hai3="78,122,24,15,104,22,29,0,88,115,129,52,128"/><V49/><F36/><W7/><G104/><T16/><D1/><U42/><E118/><V89/><F33/><W126/><G122/><T12/><D124/><U31/><E123/><V27/><F135/><W84/><G126/><T92/><D39/><U11/><E35/><V125/><F125/><W56/><G115/><T134/><D134/><U17/><E34/><V83/><F27/><N who="0" m="10250" /><D37/><U10/><E55/><V114/><F114/><W127/><G127/><T41/><D67/><U110/><E60/><V54/><F111/><W132/><G0/><T51/><D18/><U117/><E117/><V19/><F107/><W102/><G102/><T62/><D62/><U79/><E110/><V105/><F105/><W106/><G106/><T40/><D51/><N who="1" m="27127" /><E101/><V32/><F32/><W44/><G44/><T108/><D108/><U109/><E109/><V68/><F19/><W2/><G2/><T4/><D4/><U94/><E94/><V38/><F38/><W53/><G132/><T61/><D61/><U120/><E120/><V97/><F68/><W13/><G7/><T119/><D119/><U93/><E93/><V50/><REACH who="2" step="1"/><F54/><REACH who="2" ten="350,193,257,190" step="2"/><W130/><G53/><T113/><D113/><U58/><E17/><V45/><F45/><W116/><G116/><T100/><D100/><AGARI ba="0,1" hai="49,50,63,65,70,73,77,82,83,85,89,95,97,100" machi="100" ten="30,11600,0" yaku="1,1,7,1,52,1,53,1" doraHai="72" doraHaiUra="90" who="2" fromWho="0" sc="350,-116,193,0,257,126,190,0" /><INIT seed="2,1,0,3,4,133" ten="234,193,383,190" oya="2" hai0="55,106,51,65,26,36,45,78,10,125,122,17,59" hai1="119,52,89,80,35,126,117,102,29,134,25,99,103" hai2="105,19,61,6,56,71,54,14,68,98,115,75,135" hai3="74,41,47,0,113,44,4,69,27,7,53,57,11"/><V50/><F75/><W37/><G113/><T12/><D106/><U66/><E134/><V23/><F135/><W101/><G69/><T39/><D122/><U13/><E66/><V48/><F115/><W87/><G74/><T111/><D111/><U128/><E128/><V108/><F108/><W104/><G7/><T129/><D129/><U86/><E103/><V28/><F28/><W3/><G47/><T67/><D78/><U107/><E126/><V20/><F6/><W110/><G110/><T81/><D81/><U91/><E13/><V5/><F5/><W95/><G27/><T2/><D2/><U118/><E91/><V127/><F23/><W82/><G95/><T32/><D125/><U38/><E38/><V84/><F84/><W58/><G3/><T8/><D8/><U9/><E9/><V116/><F127/><W120/><G120/><T132/><D132/><U24/><E24/><V22/><F22/><W49/><G101/><T16/><D39/><U85/><E85/><V1/><F1/><W124/><G124/><T72/><D72/><U90/><E90/><V114/><F114/><W46/><REACH who="3" step="1"/><G104/><REACH who="3" ten="234,193,383,180" step="2"/><T40/><D32/><U30/><E30/><V15/><F71/><W43/><G43/><T123/><D123/><U64/><E119/><V70/><F116/><W42/><G42/><T18/><REACH who="0" step="1"/><D26/><REACH who="0" ten="224,193,383,180" step="2"/><U62/><E118/><V63/><F105/><W34/><G34/><T33/><D33/><U60/><E117/><V88/><F70/><W92/><G92/><T131/><D131/><U109/><E109/><V76/><F68/><W96/><G96/><RYUUKYOKU ba="1,2" sc="224,15,193,-15,383,-15,180,15" hai0="10,12,16,17,18,36,40,45,51,55,59,65,67" hai3="0,4,11,37,41,44,46,49,53,57,58,82,87" /><INIT seed="3,2,2,3,3,4" ten="239,178,368,195" oya="3" hai0="105,40,10,107,20,64,70,32,79,73,25,21,101" hai1="44,14,30,8,62,48,131,19,11,98,67,12,127" hai2="15,82,6,52,47,18,115,2,51,37,81,108,41" hai3="111,96,59,26,123,88,133,80,76,27,23,114,124"/><W24/><G123/><T130/><D130/><U45/><E131/><V50/><F115/><W103/><G114/><T65/><D40/><U17/><E127/><V128/><F128/><W9/><G124/><T60/><D65/><U90/><E30/><V122/><F108/><W84/><G133/><T99/><D105/><U61/><E45/><N who="2" m="27759" /><F2/><W135/><G135/><T86/><D73/><U125/><E125/><V91/><F37/><W1/><G111/><T109/><D109/><U71/><E71/><V78/><F78/><W7/><G59/><T3/><D86/><U129/><E129/><V132/><F6/><W102/><G23/><T93/><D93/><N who="1" m="56631" /><E67/><V29/><F29/><W68/><G68/><T74/><D79/><U31/><E31/><V87/><F122/><W95/><AGARI ba="2,2" hai="1,7,9,24,26,27,76,80,84,88,95,96,102,103" machi="95" ten="30,6000,0" yaku="0,1,52,1,54,1" doraHai="4" who="3" fromWho="3" sc="239,-22,178,-22,368,-22,195,86" /><INIT seed="3,3,0,3,1,72" ten="217,156,346,281" oya="3" hai0="76,127,36,13,90,37,111,64,59,94,17,45,56" hai1="110,32,96,67,6,3,105,69,89,133,123,27,134" hai2="57,115,81,131,73,50,80,132,70,52,14,130,100" hai3="42,19,11,113,28,33,126,48,118,116,53,9,40"/><W51/><G113/><T92/><D111/><U16/><E110/><V106/><F70/><W54/><G28/><T62/><D127/><U88/><E123/><V15/><F115/><W66/><G66/><T0/><D0/><U46/><E46/><V43/><F132/><N who="1" m="50793" /><E6/><V108/><F108/><W124/><REACH who="3" step="1"/><G19/><REACH who="3" ten="217,156,346,271" step="2"/><T23/><D64/><U77/><E16/><V128/><F128/><W4/><G4/><T18/><D17/><U2/><E67/><V102/><F131/><W5/><G5/><T38/><D18/><U129/><E129/><V122/><F130/><W68/><G68/><T30/><D30/><N who="1" m="19551" /><E69/><V22/><F14/><W82/><G82/><T97/><D13/><U26/><E26/><V75/><F15/><W71/><G71/><T25/><D23/><U107/><E3/><V63/><F22/><W114/><G114/><T109/><D109/><U34/><E2/><V65/><F65/><W31/><G31/><T83/><D25/><U12/><E12/><V10/><F10/><W135/><G135/><T49/><D92/><N who="1" m="56327" /><E34/><AGARI ba="3,1" hai="9,11,33,34,40,42,48,51,53,54,116,118,124,126" machi="34" ten="25,4800,0" yaku="1,1,22,2,53,0" doraHai="72" doraHaiUra="87" who="3" fromWho="1" sc="217,0,156,-57,346,0,271,67" /><INIT seed="3,4,0,4,5,31" ten="217,99,346,338" oya="3" hai0="37,41,105,61,129,126,115,66,42,100,60,45,81" hai1="30,120,33,11,110,79,2,29,44,128,5,86,0" hai2="26,108,32,87,6,123,92,53,3,28,34,94,103" hai3="4,57,15,21,67,64,16,7,133,25,71,98,43"/><W107/><G71/><T59/><D115/><U101/><E101/><V9/><F108/><W17/><G133/><T83/><D126/><U89/><E79/><V111/><F111/><W84/><G107/><T13/><D129/><U69/><E110/><V76/><F123/><W65/><G43/><T114/><D114/><U118/><E120/><V68/><F68/><W90/><G98/><T119/><D119/><U88/><E128/><V14/><F103/><W36/><G36/><T70/><D42/><U134/><E134/><V22/><F53/><W132/><G132/><T95/><D105/><U38/><E69/><V10/><F94/><N who="3" m="54599" /><G57/><T124/><D124/><U109/><E109/><V18/><REACH who="2" step="1"/><F92/><REACH who="2" ten="217,99,336,338" step="2"/><W56/><G56/><T51/><D95/><U112/><E118/><V40/><F40/><W82/><G82/><AGARI ba="4,1" hai="3,6,9,10,14,18,22,26,28,32,34,76,82,87" machi="82" ten="40,5200,0" yaku="1,1,52,2,53,0" doraHai="31" doraHaiUra="121" who="2" fromWho="3" sc="217,0,99,0,336,74,338,-64" /><INIT seed="4,0,0,0,4,128" ten="217,99,410,274" oya="0" hai0="104,85,0,47,76,62,56,105,89,80,48,46,86" hai1="8,43,102,114,1,26,74,112,25,100,19,9,91" hai2="38,84,122,17,14,71,52,120,82,42,40,11,96" hai3="73,113,133,77,126,134,78,34,135,15,41,39,118"/><T64/><D0/><U108/><E74/><V2/><F71/><W18/><G118/><T97/><D47/><U67/><E67/><V63/><F96/><W60/><G113/><N who="1" m="43626" /><E43/><V45/><F2/><W69/><G34/><T55/><REACH who="0" step="1"/><D97/><REACH who="0" ten="207,99,410,274" step="2"/><U16/><E108/><V110/><F110/><W115/><G115/><T109/><D109/><U27/><E91/><V98/><F98/><W44/><G126/><T129/><D129/><U59/><E59/><V65/><F45/><W5/><G5/><T75/><D75/><U131/><E131/><V51/><F122/><W35/><G73/><T58/><D58/><U20/><E102/><V32/><F120/><W116/><G116/><T125/><D125/><U106/><E100/><V33/><F84/><W70/><G70/><T36/><D36/><U90/><E90/><V31/><F38/><W94/><G78/><T10/><D10/><N who="1" m="4203" /><E106/><V111/><F11/><N who="3" m="6527" /><G77/><T132/><D132/><U12/><E1/><V4/><F111/><W21/><G69/><T61/><D61/><U29/><E19/><V107/><F17/><W23/><G60/><T88/><D88/><U83/><E83/><AGARI ba="0,1" hai="46,48,55,56,62,64,76,80,83,85,86,89,104,105" machi="83" ten="30,2900,0" yaku="1,1,7,1,53,0" doraHai="128" doraHaiUra="7" who="0" fromWho="1" sc="207,39,99,-29,410,0,274,0" /><INIT seed="4,1,0,5,3,70" ten="246,70,410,274" oya="0" hai0="71,17,41,103,120,89,33,26,99,90,81,36,108" hai1="123,52,91,9,30,117,40,110,80,86,45,112,8" hai2="55,134,34,132,27,128,104,3,66,42,94,1,113" hai3="48,58,87,79,28,11,83,127,78,96,7,65,47"/><T76/><D120/><U10/><E117/><V24/><F104/><W77/><G127/><T130/><D71/><U43/><E110/><V98/><F113/><W97/><G28/><T31/><D108/><U75/><E123/><V82/><F66/><W84/><G58/><T85/><D130/><U15/><E112/><V12/><F128/><W38/><G38/><T100/><D100/><U116/><E116/><V63/><F42/><W0/><G65/><T32/><D32/><U118/><E118/><V13/><F82/><W92/><G87/><T37/><D17/><U2/><E2/><V68/><F68/><W29/><G29/><T88/><REACH who="0" step="1"/><D41/><REACH who="0" ten="236,70,410,274" step="2"/><N who="1" m="15947" /><E75/><V125/><F134/><W62/><G79/><T51/><D51/><N who="1" m="28783" /><E30/><V20/><F34/><W25/><G48/><T67/><D67/><U56/><E56/><V93/><F132/><W5/><G47/><T121/><D121/><U50/><E50/><V101/><F101/><W16/><G78/><T74/><D74/><U109/><E109/><V102/><F102/><W129/><G129/><T69/><D69/><U64/><E64/><V111/><F111/><W6/><G62/><T35/><D35/><U73/><E73/><V61/><F61/><W105/><G105/><AGARI ba="1,1" hai="26,31,33,36,37,76,81,85,88,89,90,99,103,105" machi="105" ten="40,12000,1" yaku="1,1,52,2,54,1,53,1" doraHai="70" doraHaiUra="23" who="0" fromWho="3" sc="236,133,70,0,410,0,274,-123" /><INIT seed="4,2,0,4,4,132" ten="369,70,410,151" oya="0" hai0="46,9,70,91,49,54,19,16,86,77,15,88,42" hai1="85,76,112,58,113,130,67,17,51,10,30,101,109" hai2="43,6,57,23,124,108,37,119,14,2,4,13,12" hai3="97,25,120,27,102,125,110,117,53,90,80,20,55"/><T18/><D70/><U96/><E109/><V79/><F108/><W122/><G117/><T106/><D106/><U52/><E130/><V94/><F119/><W133/><G110/><T8/><D8/><U5/><E30/><V78/><F2/><W89/><G133/><T7/><D54/><N who="3" m="20489" /><G80/><AGARI ba="2,0" hai="7,9,15,16,18,19,42,46,49,77,80,86,88,91" machi="80" ten="40,12000,1" yaku="25,2,8,1,54,2" doraHai="132" who="0" fromWho="3" sc="369,126,70,0,410,0,151,-126" /><INIT seed="4,3,0,2,4,5" ten="495,70,410,25" oya="0" hai0="2,3,64,118,90,14,9,125,84,26,95,52,72" hai1="133,56,58,128,114,55,59,65,37,7,98,73,33" hai2="27,75,34,81,63,66,109,105,44,46,10,1,122" hai3="132,4,70,113,0,42,123,104,13,61,24,107,60"/><T120/><D118/><U50/><E37/><V134/><F109/><W18/><G42/><T88/><D72/><U127/><E33/><V31/><F122/><W116/><G116/><T112/><D120/><U130/><E73/><V119/><F119/><W49/><G123/><T92/><D112/><U121/><E121/><V100/><F134/><W86/><G132/><T103/><D125/><U79/><E79/><V117/><F117/><W101/><G113/><T131/><D131/><N who="1" m="50219" /><E133/><V17/><F17/><W129/><G129/><T20/><D64/><U25/><E25/><V87/><F75/><W19/><G70/><T77/><D103/><U51/><E114/><V48/><F48/><N who="1" m="18473" /><E98/><V21/><F34/><W115/><G115/><T32/><D32/><U89/><E89/><V69/><F100/><W15/><G101/><T30/><D77/><U53/><E7/><V78/><F105/><W38/><G4/><T135/><D135/><U126/><E65/><V68/><F68/><W29/><G38/><T12/><D12/><U45/><E45/><V74/><F74/><W6/><G6/><N who="0" m="3383" /><D2/><U76/><E76/><V93/><F1/><W43/><G0/><T97/><D3/><U94/><E94/><V8/><REACH who="2" step="1"/><F93/><REACH who="2" ten="495,70,400,25" step="2"/><W111/><G111/><T62/><D62/><N who="3" m="24169" /><G107/><T71/><D71/><U108/><E108/><V36/><F36/><W99/><G104/><T39/><D39/><U23/><E23/><V85/><F85/><W102/><G86/><T22/><D22/><U67/><E67/><V40/><F40/><W83/><G102/><T80/><D92/><U57/><E55/><AGARI ba="3,1" hai="20,26,30,52,55,80,84,88,90,95,97" m="3383" machi="55" ten="30,12000,1" yaku="6,1,8,1,52,1,54,2" doraHai="5" who="0" fromWho="1" sc="495,139,70,-129,400,0,25,0" owari="634,73.0,-59,-56.0,400,20.0,25,-37.0" /></mjloggm>