<mjloggm ver="2.3"><GO type="97" lobby="0"/><UN n0="%48%65%61%72%E2%80%A0%73%31%38" n1="%E3%82%A8%E3%83%AB%E3%83%89%E3%83%A9%E3%83%89" n2="%E5%B0%B1%E6%B4%BB%E7%94%9F%40%E5%B7%9D%E6%9D%91%E8%BB%8D%E5%9B%A3" n3="%E3%81%84%E3%81%8D%E3%81%97%E3%81%A1" dan="14,13,14,14" rate="1915.49,1861.94,1927.18,1972.54" sx="F,M,M,M"/><TAIKYOKU oya="0"/><INIT seed="0,0,0,1,1,134" ten="250,250,250,250" oya="0" hai0="14,91,81,65,98,74,59,116,88,122,112,68,127" hai1="20,125,45,25,55,87,120,133,18,10,1,129,38" hai2="94,111,51,63,50,42,93,72,89,95,47,12,49" hai3="24,96,60,109,108,90,75,8,83,21,64,114,126"/><T41/><D112/><U86/><E120/><V7/><F72/><W71/><G114/><T118/><D122/><U84/><E133/><V44/><F111/><N who="3" m="42571" /><G8/><T6/><D68/><U105/><E105/><V92/><F63/><W26/><G75/><T48/><D65/><U28/><E129/><V99/><REACH who="2" step="1"/><F42/><REACH who="2" ten="250,250,240,250" step="2"/><W30/><G60/><T39/><D118/><U43/><E55/><V31/><F31/><W128/><G30/><T9/><D116/><U11/><E1/><V117/><F117/><W57/><G128/><T76/><D98/><U22/><REACH who="1" step="1"/><E125/><REACH who="1" ten="250,240,240,250" step="2"/><V52/><F52/><W132/><G126/><T102/><D127/><U32/><E32/><V110/><F110/><W36/><G132/><T29/><D41/><U66/><E66/><V85/><F85/><W104/><G64/><T121/><D74/><U5/><E5/><V124/><F124/><W16/><G96/><T135/><D6/><U131/><E131/><V17/><F17/><W70/><G16/><T15/><D121/><U97/><E97/><V33/><F33/><W101/><G101/><T2/><D102/><U54/><E54/><V67/><F67/><W53/><G53/><T77/><D135/><U19/><E19/><V62/><F62/><W37/><G104/><T35/><D35/><U23/><E23/><V106/><F106/><W113/><G21/><T107/><D107/><U56/><E56/><V78/><F78/><W115/><G57/><T4/><D59/><U58/><E58/><V27/><F27/><AGARI ba="0,2" hai="10,11,18,20,22,25,27,28,38,43,45,84,86,87" machi="27" ten="40,2600,0" yaku="1,1,53,1" doraHai="134" doraHaiUra="69" who="1" fromWho="2" sc="250,0,240,46,240,-26,250,0" /><INIT seed="1,0,0,3,2,21" ten="250,286,214,250" oya="1" hai0="30,81,36,48,23,68,24,97,105,131,4,43,114" hai1="102,1,50,90,6,98,61,67,22,71,14,96,110" hai2="91,80,37,127,12,122,26,115,125,52,33,117,40" hai3="79,86,9,13,78,42,59,104,124,15,25,39,120"/><U89/><E1/><V0/><F0/><W70/><G120/><T60/><D114/><U10/><E110/><V126/><F122/><W49/><G104/><T47/><D131/><U132/><E132/><V95/><F117/><W107/><G107/><T130/><D130/><U121/><E121/><V5/><F115/><W55/><G70/><T2/><D2/><U75/><E75/><V11/><F80/><W3/><G3/><T66/><D4/><U28/><E96/><V94/><F40/><W17/><G124/><T57/><D81/><U111/><E111/><V34/><F37/><W134/><G134/><T119/><D119/><U88/><E50/><V20/><F52/><W29/><G39/><T72/><D72/><U116/><E116/><V18/><REACH who="2" step="1"/><F95/><REACH who="2" ten="250,286,204,250" step="2"/><W51/><G42/><T82/><D82/><U128/><E128/><V101/><F101/><W83/><G55/><T69/><REACH who="0" step="1"/><D36/><REACH who="0" ten="240,286,204,250" step="2"/><U93/><E93/><V41/><F41/><W31/><G79/><T56/><D56/><U32/><E71/><V92/><F92/><W7/><G59/><T108/><D108/><U35/><E98/><AGARI ba="0,2" hai="5,11,12,18,20,26,33,34,91,94,98,125,126,127" machi="98" ten="40,5200,0" yaku="1,1,18,1,52,1,53,0" doraHai="21" doraHaiUra="118" who="2" fromWho="1" sc="240,0,286,-52,204,72,250,0" /><INIT seed="2,0,0,0,5,56" ten="240,234,276,250" oya="2" hai0="98,2,16,106,38,113,59,41,118,32,85,102,58" hai1="77,28,43,52,109,31,67,99,63,19,54,114,89" hai2="50,131,47,9,96,100,72,75,23,12,90,70,49" hai3="36,6,120,103,40,60,10,97,64,110,87,14,71"/><V4/><F70/><W91/><G120/><T84/><D113/><U122/><E122/><V123/><F123/><W22/><G110/><T34/><D2/><U135/><E114/><V57/><F131/><W62/><G36/><T37/><D118/><U112/><E112/><V30/><F90/><W24/><G40/><T73/><D41/><U39/><E135/><V83/><F57/><W86/><G91/><T48/><D73/><U115/><E115/><V65/><F65/><W78/><G78/><T124/><D124/><U133/><E109/><V46/><F83/><W80/><G80/><T130/><D130/><U53/><E77/><V61/><F61/><N who="3" m="23659" /><G71/><T79/><D79/><U69/><E133/><V121/><F121/><W104/><G64/><T44/><D44/><N who="2" m="16938" /><F75/><W33/><G33/><T125/><D125/><U25/><E43/><V68/><F68/><W0/><G104/><T101/><D106/><U82/><E39/><V92/><F72/><W11/><G11/><T116/><D116/><U81/><E81/><V129/><F129/><W74/><G74/><T76/><D76/><U105/><E105/><V27/><AGARI ba="0,0" hai="4,9,12,23,27,30,49,50,92,96,100" m="16938" machi="27" ten="30,1500,0" yaku="8,1" doraHai="56" who="2" fromWho="2" sc="240,-5,234,-5,276,15,250,-5" /><INIT seed="2,1,0,1,5,132" ten="235,229,291,245" oya="2" hai0="69,23,42,0,14,67,85,83,88,4,65,25,110" hai1="75,51,114,47,9,133,113,118,130,131,57,111,77" hai2="97,81,89,31,125,53,39,13,38,54,28,80,11" hai3="129,12,46,58,1,95,45,24,7,40,82,18,63"/><V103/><F125/><W37/><G129/><N who="1" m="49162" /><E118/><V135/><F135/><W33/><G33/><T70/><D0/><U26/><E133/><V43/><F39/><W2/><G46/><T49/><D69/><U50/><E77/><V124/><F124/><W98/><G82/><T90/><D70/><U32/><E75/><V127/><F127/><W19/><G7/><T56/><D90/><U74/><E74/><V78/><F43/><W119/><G119/><T100/><D100/><U5/><E111/><V104/><F38/><W17/><G24/><T107/><D107/><U60/><E26/><V109/><F109/><W72/><G72/><T79/><D79/><U61/><E32/><V73/><F31/><W116/><G116/><T64/><D110/><U35/><E35/><V52/><F28/><W115/><G115/><N who="1" m="44042" /><E9/><V34/><F34/><W3/><G12/><T55/><D42/><N who="1" m="24951" /><E5/><V66/><F89/><W87/><G87/><T20/><REACH who="0" step="1"/><D25/><REACH who="0" ten="225,229,291,245" step="2"/><U120/><E120/><V91/><F91/><W8/><G3/><T16/><D16/><U99/><E99/><V96/><F97/><W108/><G108/><T112/><D112/><U48/><E61/><V134/><F134/><W62/><G2/><T44/><D44/><U10/><E10/><AGARI ba="1,1" hai="4,10,14,20,23,49,55,56,64,65,67,83,85,88" machi="10" ten="40,5200,0" yaku="1,1,8,1,54,1,53,0" doraHai="132" doraHaiUra="101" who="0" fromWho="1" sc="225,65,229,-55,291,0,245,0" /><INIT seed="3,0,0,4,4,113" ten="290,174,291,245" oya="3" hai0="78,105,130,107,5,58,16,67,102,92,50,94,76" hai1="119,81,77,7,109,48,21,34,4,65,135,30,40" hai2="25,63,38,114,47,84,125,1,104,14,106,95,27" hai3="29,23,9,3,115,39,126,44,49,62,69,72,101"/><W51/><G72/><T54/><D107/><U12/><E34/><V11/><F1/><W0/><G115/><T18/><D105/><U86/><E65/><V128/><F114/><W46/><G126/><T41/><D130/><U37/><E37/><V90/><F125/><W71/><G101/><T98/><D5/><U122/><E122/><V22/><F128/><W99/><G99/><N who="0" m="59751" /><D41/><U129/><E129/><V111/><F111/><W64/><G9/><T59/><D59/><U13/><E109/><V100/><F63/><W26/><G39/><T2/><D2/><U55/><E135/><V89/><F100/><W61/><G23/><T43/><D43/><U131/><E131/><V87/><F47/><W68/><G26/><T127/><D67/><U108/><E108/><V82/><F38/><W91/><G29/><T10/><D127/><U134/><E134/><V20/><F104/><W75/><G75/><T132/><D132/><U42/><E119/><V117/><F117/><W110/><G110/><T123/><D123/><U80/><E30/><V97/><F106/><W28/><G28/><T79/><D10/><N who="1" m="4167" /><E81/><V118/><F118/><W120/><G120/><T73/><D73/><U36/><E36/><V35/><F35/><W19/><G71/><T6/><D6/><U133/><E133/><V33/><F33/><W60/><G69/><T93/><D98/><U45/><E21/><N who="2" m="8299" /><F97/><W31/><G68/><T96/><D96/><U66/><E66/><V88/><F90/><W112/><G91/><T121/><D121/><U32/><E32/><V15/><F15/><W70/><G70/><RYUUKYOKU ba="0,0" sc="290,10,174,10,291,10,245,-30" hai0="16,18,50,54,58,76,78,79,93,94" hai1="7,13,40,42,45,48,55,77,80,86" hai2="11,14,25,27,82,84,87,88,89,95" owari="300,10.0,184,-32.0,301,40.0,215,-18.0" /></mjloggm>