<mjloggm ver="2.3"><GO type="225" lobby="0"/><UN n0="%E3%83%88%E3%83%88%E3%83%AA%E5%85%88%E7%94%9F%31%39%E6%AD%B3" n1="%E3%81%AE%E3%81%A1%E3%82%86%E3%82%93" n2="%72%79%6F%E2%80%A6%31%35" n3="%73%65%6E%75%72%6C" dan="17,16,18,17" rate="2182.14,2129.36,2218.06,2257.01" sx="F,M,M,F"/><TAIKYOKU oya="0"/><INIT seed="0,0,0,2,3,17" ten="250,250,250,250" oya="0" hai0="65,20,94,32,134,30,38,4,79,111,117,45,59" hai1="105,69,116,112,129,89,70,31,35,13,66,28,23" hai2="82,67,63,115,118,44,21,24,43,135,88,64,12" hai3="121,83,97,72,48,5,91,11,92,108,113,15,122"/><T51/><D117/><U14/><E105/><V73/><F115/><W104/><G113/><T68/><D32/><U81/><E112/><V102/><F118/><W76/><G108/><T80/><D111/><U106/><E116/><V37/><F135/><W7/><G7/><T110/><D110/><U47/><E106/><V26/><F102/><W1/><G1/><T131/><D134/><U25/><E129/><V61/><F73/><W90/><G104/><T27/><D131/><U96/><E47/><V40/><F40/><W126/><G126/><T55/><D68/><U10/><E66/><V34/><F34/><W57/><REACH who="3" step="1"/><G91/><REACH who="3" ten="250,250,250,240" step="2"/><T87/><D4/><U74/><E89/><V120/><F88/><W99/><G99/><T75/><D94/><U16/><E96/><V86/><F120/><W58/><G58/><T0/><D0/><U107/><E107/><V49/><F82/><W125/><G125/><T130/><D130/><U36/><E81/><V52/><F44/><W62/><G62/><T39/><REACH who="0" step="1"/><D75/><REACH who="0" ten="240,250,250,240" step="2"/><U54/><E74/><V42/><F63/><AGARI ba="0,2" hai="20,27,30,38,39,45,51,55,59,63,65,79,80,87" machi="63" ten="40,7700,0" yaku="1,1,2,1,52,1,53,0" doraHai="17" doraHaiUra="103" who="0" fromWho="2" sc="240,97,250,0,250,-77,240,0" /><INIT seed="0,1,0,2,0,52" ten="337,250,173,240" oya="0" hai0="40,66,129,9,107,135,10,19,23,54,84,113,51" hai1="58,60,50,69,85,78,56,53,67,73,121,33,43" hai2="96,26,110,133,68,37,74,91,49,76,98,94,11" hai3="35,125,4,57,64,1,5,103,38,114,72,18,20"/><T88/><D113/><U65/><E33/><V31/><F37/><W16/><G114/><T117/><D117/><U97/><E73/><V105/><F110/><W36/><G35/><T81/><D107/><U124/><E121/><V90/><F68/><W132/><G72/><T14/><D129/><U59/><E97/><V134/><F76/><W70/><G70/><T28/><D135/><N who="2" m="51722" /><F74/><W82/><G132/><T119/><D119/><U21/><E124/><V108/><F108/><W100/><G82/><T106/><D106/><U61/><E85/><V24/><F11/><W62/><G125/><T44/><D66/><N who="1" m="41167" /><E78/><V79/><F79/><W112/><G112/><T115/><D115/><U34/><E21/><V101/><F49/><W6/><G1/><T27/><REACH who="0" step="1"/><D40/><REACH who="0" ten="327,250,173,240" step="2"/><U25/><E43/><V130/><F130/><W123/><G123/><T99/><D99/><U77/><E67/><V55/><F98/><W95/><G64/><T3/><D3/><U39/><E65/><V42/><F42/><W45/><G38/><T47/><D47/><U116/><E39/><V109/><F109/><W111/><G45/><T89/><D89/><U93/><E116/><V32/><F90/><W13/><G36/><T15/><D15/><U87/><E77/><V131/><F131/><W86/><G111/><T29/><D29/><N who="1" m="19759" /><E60/><V2/><F2/><W8/><G62/><T118/><D118/><U127/><E127/><V0/><F0/><W120/><G120/><T128/><D128/><U63/><E63/><V7/><F96/><W126/><G126/><T102/><D102/><U122/><E122/><RYUUKYOKU ba="1,1" sc="327,15,250,15,173,-15,240,-15" hai0="9,10,14,19,23,27,28,44,51,54,81,84,88" hai1="50,53,56,58,59,87,93" /><INIT seed="0,2,1,5,5,37" ten="342,265,158,225" oya="0" hai0="40,47,116,82,20,129,119,4,79,93,94,52,66" hai1="13,107,108,127,31,117,101,113,61,76,109,86,106" hai2="63,23,48,54,36,27,30,1,58,131,121,53,67" hai3="38,60,118,104,102,11,126,81,130,123,91,98,35"/><T18/><D129/><U87/><E117/><V0/><F131/><W100/><G130/><T16/><D66/><U6/><E31/><V3/><F36/><W32/><G118/><T42/><D4/><U128/><E128/><V95/><F121/><W5/><G126/><T45/><D82/><U28/><E28/><V17/><F17/><N who="0" m="6762" /><D20/><U19/><E6/><V90/><REACH who="2" step="1"/><F48/><REACH who="2" ten="342,265,148,225" step="2"/><W7/><G38/><T64/><D116/><U114/><E19/><V70/><F70/><W8/><G123/><T14/><D119/><U59/><E113/><V9/><F9/><W44/><G11/><T73/><D73/><U85/><E114/><V83/><F83/><W72/><G8/><T134/><D134/><U84/><E127/><V111/><F111/><W135/><G72/><T105/><D105/><U80/><E109/><V75/><F75/><W103/><G104/><T115/><D115/><U55/><E108/><V99/><AGARI ba="2,2" hai="0,1,3,23,27,30,53,54,58,63,67,90,95,99" machi="99" ten="30,4000,0" yaku="1,1,0,1,53,1" doraHai="37" doraHaiUra="26" who="2" fromWho="2" sc="342,-22,265,-12,148,66,225,-12" /><INIT seed="1,0,0,1,0,8" ten="320,253,214,213" oya="1" hai0="127,112,79,43,132,30,18,73,102,3,40,117,54" hai1="28,135,32,88,84,11,104,107,64,53,76,75,1" hai2="128,61,108,63,15,69,38,81,66,100,16,85,70" hai3="125,121,37,29,6,91,44,14,51,39,92,83,71"/><U0/><E135/><V31/><F38/><W109/><G121/><T45/><D112/><U110/><E110/><V122/><F108/><W7/><G109/><T82/><D117/><U90/><E64/><V86/><F122/><W130/><G71/><T113/><D113/><U60/><E75/><V26/><F100/><W97/><G125/><T12/><D3/><U78/><E28/><V58/><F128/><W131/><G29/><T23/><D127/><U134/><E32/><V50/><F50/><W27/><G27/><T105/><D132/><U101/><E134/><V93/><F93/><W33/><G33/><T57/><D45/><U65/><E53/><V48/><F48/><W115/><G115/><T126/><D126/><U59/><E90/><V120/><F120/><W55/><G83/><T72/><D72/><U24/><E24/><V56/><F81/><W47/><G47/><T116/><D116/><U67/><E67/><N who="2" m="39351" /><F69/><W41/><G7/><T114/><D114/><U62/><E62/><V2/><F2/><W21/><G41/><T89/><D89/><U95/><E0/><V46/><F46/><W119/><G119/><T96/><D30/><U25/><E25/><V13/><F70/><W129/><REACH who="3" step="1"/><G6/><REACH who="3" ten="320,253,214,203" step="2"/><T34/><D34/><U99/><E107/><V118/><F118/><W49/><G49/><AGARI ba="0,1" hai="12,18,23,40,43,49,54,57,73,79,82,96,102,105" machi="49" ten="30,2000,0" yaku="7,1,52,1" doraHai="8" who="0" fromWho="3" sc="320,30,253,0,214,0,203,-20" /><INIT seed="2,0,0,1,0,26" ten="350,253,214,183" oya="2" hai0="62,49,93,6,55,0,5,117,48,98,29,130,65" hai1="53,9,56,80,20,57,7,109,81,63,129,85,27" hai2="100,19,123,16,72,46,34,36,126,125,3,99,31" hai3="128,70,2,118,39,122,37,78,54,135,44,111,134"/><V127/><F123/><W14/><G2/><T18/><D130/><U10/><E129/><V30/><F72/><W108/><G128/><T38/><D38/><N who="3" m="14345" /><G78/><T64/><D117/><U107/><E107/><N who="2" m="63903" /><F3/><W50/><G14/><T66/><D29/><N who="2" m="10762" /><F34/><W67/><G118/><T104/><D104/><U17/><E109/><N who="3" m="42058" /><G122/><T33/><D33/><U115/><E115/><V69/><F69/><W41/><G41/><AGARI ba="0,0" hai="16,19,36,41,46,125,126,127" m="10762,63903" machi="41" ten="40,12000,1" yaku="18,1,52,3,54,1" doraHai="26" who="2" fromWho="3" sc="350,0,253,0,214,120,183,-120" /><INIT seed="2,1,0,4,2,115" ten="350,253,334,63" oya="2" hai0="71,78,79,125,126,81,123,102,47,40,108,130,2" hai1="104,92,61,20,22,127,101,34,120,45,19,8,1" hai2="57,117,84,37,6,96,49,4,107,15,46,17,48" hai3="99,39,112,26,103,94,12,9,97,105,21,41,80"/><V65/><F37/><W90/><G112/><T16/><D123/><U133/><E34/><V113/><F113/><W62/><G62/><T114/><D114/><U29/><E104/><V38/><F38/><W27/><G80/><T135/><D71/><U64/><E120/><V5/><F117/><W32/><G32/><T77/><D2/><U35/><E133/><V111/><F111/><W121/><G121/><T88/><D108/><U75/><E75/><V51/><F96/><W42/><G39/><N who="0" m="21919" /><D102/><U118/><E118/><V3/><F107/><W59/><G59/><T11/><D135/><U36/><E127/><N who="0" m="48649" /><D130/><U87/><E35/><V85/><F46/><W116/><G116/><T7/><D16/><U74/><E29/><V106/><F106/><W66/><G66/><T10/><D7/><U44/><E1/><V63/><REACH who="2" step="1"/><F3/><REACH who="2" ten="350,253,324,63" step="2"/><W129/><G129/><T24/><D24/><U69/><E36/><V72/><F72/><W132/><G132/><T58/><D58/><U86/><E74/><V52/><F52/><W109/><G109/><T14/><D14/><N who="1" m="7623" /><E44/><V73/><F73/><W13/><G13/><T53/><D53/><U28/><E45/><V122/><F122/><W56/><G56/><T82/><D82/><U89/><E86/><AGARI ba="1,1" hai="10,11,77,78,79,81,86,88" m="48649,21919" machi="86" ten="30,2000,0" yaku="18,1,54,1" doraHai="115" who="0" fromWho="1" sc="350,33,253,-23,324,0,63,0" /><INIT seed="3,0,0,2,2,3" ten="383,230,324,63" oya="3" hai0="101,16,37,4,93,45,71,103,81,61,48,12,5" hai1="29,94,78,1,110,64,72,102,18,69,85,63,14" hai2="9,130,0,121,86,31,27,75,112,123,135,62,120" hai3="134,96,41,100,2,84,104,52,40,56,129,76,87"/><W6/><G134/><T97/><D37/><U7/><E29/><V51/><F75/><W30/><G129/><T13/><D71/><U128/><E72/><V126/><F112/><W90/><G30/><T42/><D61/><U60/><E128/><V35/><F130/><W38/><G76/><T17/><D101/><U107/><E107/><V36/><F36/><W8/><G38/><T114/><D114/><U50/><E110/><V70/><F51/><W109/><G109/><T33/><D33/><U99/><E60/><V119/><F86/><W24/><G24/><T131/><D131/><U113/><E113/><V95/><F95/><W22/><G22/><N who="0" m="11527" /><D81/><U10/><E50/><V111/><F111/><W118/><G118/><T80/><D80/><U23/><E85/><V20/><F20/><AGARI ba="0,0" hai="4,5,13,17,20,42,45,48,93,97,103" m="11527" machi="20" ten="30,7700,0" yaku="8,1,52,2,54,1" doraHai="3" who="0" fromWho="2" sc="383,77,230,0,324,-77,63,0" owari="460,56.0,230,-17.0,247,5.0,63,-44.0" /></mjloggm>