<mjloggm ver="2.3"><GO type="169" lobby="0"/><UN n0="%E3%81%8A%E3%81%A7%E3%82%93%E3%81%A4%E3%81%8F%E3%82%8D%EF%BC%81" n1="%E3%81%8A%E3%81%95%E3%81%A3%E3%81%A1%E3%82%87" n2="%E3%81%B2%E3%82%89%E3%81%A3%E3%81%95%E3%82%93" n3="%E5%B0%B1%E6%B4%BB%E7%94%9F%40%E5%B7%9D%E6%9D%91%E8%BB%8D%E5%9B%A3" dan="16,16,16,16" rate="2005.55,2126.98,2066.93,2120.44" sx="M,M,F,M"/><TAIKYOKU oya="0"/><INIT seed="0,0,0,5,0,58" ten="250,250,250,250" oya="0" hai0="102,12,69,18,10,61,7,22,11,14,89,30,62" hai1="65,28,19,8,32,66,36,77,46,83,80,6,3" hai2="94,38,54,53,49,112,123,91,44,85,37,39,0" hai3="117,72,35,41,88,60,130,23,42,16,116,27,115"/><T104/><D69/><U47/><E83/><V70/><F0/><W135/><G72/><T74/><D74/><U108/><E108/><V15/><F112/><W84/><G115/><T134/><D134/><U87/><E47/><V4/><F70/><W73/><G73/><T67/><D67/><U120/><E120/><V31/><F31/><W81/><G135/><T2/><D30/><U92/><E92/><V105/><F105/><W118/><G35/><T109/><D109/><U45/><E46/><V68/><F68/><W114/><G114/><T122/><D122/><U106/><E106/><V34/><F34/><W93/><G130/><T129/><D129/><U110/><E110/><V96/><F123/><W25/><G25/><T133/><D133/><U98/><E98/><V20/><F96/><W103/><G103/><T75/><D75/><U43/><E19/><V64/><F64/><W40/><G81/><T99/><REACH who="0" step="1"/><D89/><REACH who="0" ten="240,250,250,250" step="2"/><U59/><E28/><V29/><F29/><W76/><G76/><T21/><D21/><U33/><E66/><V86/><F20/><W101/><G101/><T79/><D79/><U125/><E125/><V126/><F126/><W5/><G5/><AGARI ba="0,1" hai="2,5,7,10,11,12,14,18,22,61,62,99,102,104" machi="5" ten="30,12000,1" yaku="1,1,7,1,52,2,53,1" doraHai="58" doraHaiUra="13" who="0" fromWho="3" sc="240,130,250,0,250,0,250,-120" /><INIT seed="0,1,0,3,0,75" ten="370,250,250,130" oya="0" hai0="20,19,44,46,54,78,16,31,42,133,107,59,87" hai1="4,81,32,108,58,125,94,100,47,74,124,121,1" hai2="72,70,130,25,38,45,23,114,98,37,131,64,18" hai3="116,49,86,13,10,21,109,61,90,118,66,24,51"/><T80/><D107/><U134/><E32/><V135/><F114/><W14/><G109/><T15/><D133/><U28/><E121/><V33/><F135/><W9/><G118/><T99/><D99/><U41/><E134/><V119/><F119/><W26/><G116/><T93/><D93/><U11/><E28/><V77/><F33/><W5/><G66/><T39/><D46/><U117/><E117/><V48/><F98/><W52/><G61/><T50/><D31/><U97/><E58/><V76/><F72/><W27/><G21/><T103/><D103/><U3/><E3/><V53/><F64/><W82/><REACH who="3" step="1"/><G52/><REACH who="3" ten="370,250,250,120" step="2"/><T0/><D20/><U102/><E108/><V79/><REACH who="2" step="1"/><F70/><REACH who="2" ten="370,250,240,120" step="2"/><W92/><G92/><T22/><D22/><U129/><E129/><AGARI ba="1,2" hai="18,23,25,37,38,45,48,53,76,77,79,129,130,131" machi="129" ten="40,12000,2" yaku="1,1,2,1,19,1,52,3,53,0" doraHai="75" doraHaiUra="122" who="2" fromWho="1" sc="370,0,250,-123,240,143,120,0" /><INIT seed="1,0,0,3,2,98" ten="370,127,383,120" oya="1" hai0="125,66,102,82,55,18,10,120,69,86,29,65,44" hai1="109,41,107,48,113,46,79,45,135,51,122,19,96" hai2="35,124,116,1,64,50,30,26,32,76,31,56,95" hai3="4,127,2,126,49,39,97,91,27,92,104,117,72"/><U62/><E113/><V47/><F116/><W90/><G39/><T134/><D69/><U121/><E135/><V106/><F106/><W87/><G2/><T115/><D115/><U53/><E79/><V110/><F1/><W68/><G68/><T83/><D134/><U89/><E109/><V38/><F110/><W80/><G4/><T84/><D29/><U5/><E5/><V12/><F12/><W81/><G49/><N who="0" m="29095" /><D102/><U54/><E41/><V20/><F38/><W21/><G117/><T111/><D111/><U94/><E107/><V34/><F76/><N who="3" m="44039" /><G21/><T73/><D73/><U6/><E62/><V42/><F124/><N who="3" m="47659" /><G27/><T43/><D125/><U67/><E67/><V37/><F37/><W100/><G104/><T119/><D119/><U3/><E19/><V129/><F31/><W14/><G14/><N who="0" m="7511" /><D43/><U16/><E16/><V9/><F42/><W24/><G24/><T25/><D25/><U133/><REACH who="1" step="1"/><E133/><REACH who="1" ten="370,117,383,120" step="2"/><V61/><F64/><W70/><G70/><T108/><D108/><U36/><E36/><V114/><F114/><W13/><G13/><T74/><D66/><U28/><E28/><V103/><F30/><W59/><G59/><T78/><D65/><U93/><E93/><V60/><F95/><W63/><G63/><T112/><D112/><U40/><E40/><V88/><F60/><W105/><G105/><T128/><D78/><AGARI ba="0,1" hai="78,81,87,90,91,92,97,100" m="47659,44039" machi="78" ten="30,7700,0" yaku="18,1,34,2,52,1" doraHai="98" who="3" fromWho="0" sc="370,-77,117,0,383,0,120,87" /><INIT seed="2,0,0,0,3,47" ten="293,117,383,207" oya="2" hai0="43,113,94,6,68,122,42,16,56,52,89,69,29" hai1="10,104,117,129,28,79,18,61,27,9,76,24,119" hai2="83,84,130,60,3,106,98,131,14,132,53,36,72" hai3="126,20,73,40,63,103,100,12,11,26,48,65,111"/><V0/><F36/><W108/><G73/><T78/><D78/><U110/><E104/><V95/><F106/><W93/><G126/><T31/><D122/><U77/><E110/><N who="3" m="42026" /><G40/><N who="0" m="15403" /><D68/><U19/><E61/><V35/><F35/><W64/><G48/><N who="0" m="30727" /><D69/><U5/><E28/><V92/><F72/><W114/><G93/><T30/><D6/><U96/><E5/><V4/><F95/><W70/><G65/><T116/><D116/><U127/><E96/><V15/><F132/><W112/><G12/><T55/><D55/><U51/><E77/><V38/><F38/><W121/><G11/><T118/><D118/><U2/><E129/><V1/><F4/><W54/><G54/><T50/><D50/><U74/><E74/><V134/><F134/><W90/><G121/><T124/><D113/><N who="3" m="43625" /><G90/><T32/><D32/><U99/><E99/><V135/><F135/><W37/><G37/><T82/><D82/><U91/><E51/><V128/><F53/><W101/><G101/><T123/><D123/><U109/><E109/><V25/><F60/><W59/><G70/><T45/><D124/><U75/><E75/><V46/><F46/><W58/><G58/><T97/><D45/><U13/><E13/><V105/><F105/><W33/><G33/><T8/><D8/><U133/><E133/><V120/><F120/><W41/><G41/><T85/><D97/><U115/><E115/><V102/><F83/><W80/><G80/><T86/><D86/><U34/><E34/><V7/><F84/><W66/><G66/><T21/><D21/><U17/><E127/><V88/><F3/><RYUUKYOKU ba="0,0" sc="293,15,117,-15,383,-15,207,15" hai0="16,29,30,31,85,89,94" hai3="20,26,59,63,64,100,103" /><INIT seed="3,1,0,0,1,16" ten="308,102,368,222" oya="3" hai0="61,56,81,51,79,99,3,132,115,107,119,134,128" hai1="86,23,45,80,64,17,52,25,117,60,32,13,120" hai2="112,106,104,50,118,34,54,58,131,83,4,2,71" hai3="35,114,78,70,92,102,96,39,135,9,103,40,26"/><W36/><G70/><T7/><D119/><U121/><E117/><V6/><F118/><W47/><G114/><T8/><D115/><U98/><E32/><V101/><F112/><W42/><G135/><N who="0" m="51755" /><D51/><U10/><E98/><V18/><F34/><W0/><G78/><T113/><D128/><U76/><E64/><V74/><F71/><W31/><G103/><N who="0" m="62975" /><D113/><U75/><E75/><V97/><F104/><W15/><G0/><T1/><D1/><U43/><E43/><V124/><F131/><W91/><G102/><T88/><D88/><U77/><E77/><V127/><F2/><W41/><REACH who="3" step="1"/><G39/><REACH who="3" ten="308,102,368,212" step="2"/><T72/><D56/><U12/><E121/><V46/><F58/><W67/><G67/><T37/><D37/><U109/><E120/><V95/><F106/><W84/><G84/><T30/><D79/><U19/><E109/><V133/><F133/><W20/><G20/><T94/><D3/><U38/><E38/><V82/><F101/><W65/><G65/><T90/><D90/><U85/><E85/><V27/><F74/><W110/><G110/><T93/><D72/><U14/><E60/><V44/><F97/><W129/><G129/><T53/><D61/><U100/><E100/><V62/><F62/><W73/><G73/><T5/><D8/><U69/><REACH who="1" step="1"/><E69/><REACH who="1" ten="308,92,368,212" step="2"/><V63/><F63/><W22/><G22/><T130/><D130/><U89/><E89/><V24/><F124/><W49/><G49/><AGARI ba="1,2" hai="10,12,13,14,17,19,23,25,45,49,52,76,80,86" machi="49" ten="40,8000,1" yaku="1,1,8,1,52,1,54,1,53,0" doraHai="16" doraHaiUra="116" who="1" fromWho="3" sc="308,0,92,103,368,0,212,-83" /><INIT seed="4,0,0,2,5,36" ten="308,195,368,129" oya="0" hai0="58,92,9,37,135,21,74,70,121,95,97,38,131" hai1="42,28,72,19,6,35,49,83,129,41,23,60,29" hai2="40,98,80,81,79,115,102,119,93,64,4,25,39" hai3="51,132,67,71,61,86,55,63,111,122,26,109,126"/><T124/><D70/><U56/><E35/><V75/><F119/><W2/><G2/><T123/><D74/><U113/><E129/><V89/><F115/><W44/><G26/><T73/><D73/><U108/><E108/><N who="3" m="41546" /><G86/><T62/><D9/><U0/><E113/><V1/><F25/><W112/><G112/><T69/><D69/><U18/><E0/><V53/><F64/><N who="3" m="41359" /><G122/><T22/><D123/><U88/><E6/><V17/><F17/><N who="1" m="6153" /><E49/><V20/><F20/><W78/><G78/><T59/><D121/><U34/><E72/><V3/><F3/><W15/><G15/><T77/><D77/><U110/><E34/><V128/><F128/><W117/><G117/><T10/><D131/><U11/><E11/><V50/><F4/><W57/><G132/><T127/><D10/><U52/><E110/><V54/><F1/><W133/><G133/><T16/><D135/><U66/><E66/><V130/><F130/><W5/><G5/><T43/><D21/><U96/><E83/><V12/><F80/><W104/><G104/><T48/><D22/><U84/><E84/><V91/><F75/><W46/><G126/><T94/><D127/><U68/><E68/><AGARI ba="0,0" hai="44,46,51,55,57,63,67,68" m="41359,41546" machi="68" ten="30,2000,0" yaku="34,2" doraHai="36" who="3" fromWho="1" sc="308,0,195,-20,368,0,129,20" /><INIT seed="5,0,0,5,4,119" ten="308,175,368,149" oya="1" hai0="56,114,130,32,2,26,1,66,89,90,47,43,128" hai1="34,123,53,46,76,44,35,135,0,54,37,112,106" hai2="60,50,83,18,124,97,20,67,129,118,109,68,101" hai3="113,12,131,3,40,6,11,87,9,126,45,15,81"/><U65/><E106/><V27/><F109/><W84/><G113/><T28/><D66/><U78/><E0/><N who="0" m="105" /><D56/><U10/><E112/><V95/><F118/><W7/><G126/><T98/><D98/><U16/><E65/><V127/><F129/><N who="0" m="49770" /><D114/><U38/><E10/><V103/><F83/><W105/><G131/><T48/><AGARI ba="0,0" hai="26,28,32,43,47,48,89,90" m="49770,105" machi="48" ten="30,1100,0" yaku="19,1" doraHai="119" who="0" fromWho="0" sc="308,11,175,-5,368,-3,149,-3" /><INIT seed="6,0,0,2,2,38" ten="319,170,365,146" oya="2" hai0="77,118,119,103,135,89,128,50,40,81,97,102,13" hai1="132,58,59,12,96,88,95,20,18,129,6,11,4" hai2="5,10,112,25,109,101,29,106,83,76,44,7,27" hai3="80,2,15,105,74,72,52,108,91,17,43,104,28"/><V26/><F109/><W32/><G2/><T124/><D124/><U21/><E132/><V62/><F112/><W19/><G108/><T14/><D135/><U33/><E33/><V1/><F7/><N who="1" m="2601" /><E129/><V36/><F62/><W78/><G74/><N who="0" m="43191" /><D89/><U24/><E20/><V64/><F64/><W63/><G91/><T48/><D102/><U16/><AGARI ba="0,0" hai="11,12,16,18,21,24,58,59,88,95,96" m="2601" machi="16" ten="30,4000,0" yaku="8,1,54,2" doraHai="38" who="1" fromWho="1" sc="319,-10,170,40,365,-20,146,-10" /><INIT seed="7,0,0,1,4,30" ten="309,210,345,136" oya="3" hai0="63,104,78,5,132,76,74,121,79,80,90,19,15" hai1="86,113,32,82,118,13,22,54,75,99,83,45,84" hai2="12,18,52,55,97,100,134,66,65,48,31,23,1" hai3="125,8,96,9,114,71,47,117,116,107,49,124,36"/><W27/><G107/><T3/><D104/><U123/><E123/><V64/><F1/><W53/><G27/><T40/><D132/><U133/><E75/><V14/><F31/><W135/><G96/><T59/><D121/><U106/><E113/><V57/><F134/><W33/><G135/><T28/><D28/><U87/><E133/><V39/><F39/><W44/><G114/><T2/><D40/><U38/><E118/><V70/><F70/><W120/><G120/><T50/><D50/><U42/><E54/><V81/><F81/><W94/><G94/><T93/><D5/><U119/><E119/><N who="3" m="45642" /><G33/><T60/><D3/><U34/><E22/><V98/><F55/><N who="3" m="30119" /><G8/><T46/><D46/><U101/><E13/><V7/><F100/><W89/><G9/><AGARI ba="0,0" hai="7,9,12,14,18,23,48,52,57,64,65,66,97,98" machi="9" ten="40,2600,0" yaku="8,1,54,1" doraHai="30" who="2" fromWho="3" sc="309,0,210,0,345,26,136,-26" owari="309,11.0,210,-19.0,371,47.0,110,-39.0" /></mjloggm>