<mjloggm ver="2.3"><GO type="169" lobby="0"/><UN n0="%E5%B0%B1%E6%B4%BB%E7%94%9F%40%E5%B7%9D%E6%9D%91%E8%BB%8D%E5%9B%A3" n1="%4D%6F%67%65%72%61" n2="%6D%61%2D%62%6F%33%35" n3="%E3%83%96%E3%83%AB%E3%83%96%E3%83%AB%E3%83%8F%E3%83%BC%E3%83%84" dan="16,16,17,18" rate="2083.75,2111.07,2146.19,2214.10" sx="M,F,M,M"/><TAIKYOKU oya="0"/><INIT seed="0,0,0,5,2,125" ten="250,250,250,250" oya="0" hai0="121,72,101,126,66,56,39,3,61,112,2,118,68" hai1="120,103,23,96,76,79,122,31,97,115,128,35,62" hai2="26,135,49,53,67,123,48,29,113,8,33,73,20" hai3="114,111,78,54,21,102,99,55,119,116,10,22,69"/><T117/><D121/><N who="1" m="46699" /><E35/><V110/><F123/><W4/><G69/><T85/><D126/><U130/><E62/><V65/><F113/><W28/><G78/><N who="1" m="29738" /><E115/><V98/><F110/><W89/><G89/><T19/><D112/><U34/><E34/><V57/><F135/><W64/><G64/><T83/><D39/><U86/><E86/><V7/><F73/><W132/><G132/><T43/><D72/><U71/><E71/><V40/><F33/><W90/><G28/><T0/><D43/><U47/><E47/><V13/><REACH who="2" step="1"/><F98/><REACH who="2" ten="250,250,240,250" step="2"/><W52/><G99/><T63/><D117/><U104/><E97/><V30/><F30/><W94/><G116/><T42/><D118/><U87/><E87/><V77/><F77/><W41/><G114/><T25/><D101/><U92/><E31/><V108/><F108/><W82/><G102/><T88/><D42/><U129/><E23/><V14/><F14/><W105/><G21/><T106/><D106/><AGARI ba="0,1" hai="92,96,103,104,106,128,129,130" m="29738,46699" machi="106" ten="40,12000,2" yaku="19,1,34,2,52,3" doraHai="125" who="1" fromWho="0" sc="250,-120,250,130,240,0,250,0" /><INIT seed="1,0,0,0,4,53" ten="130,380,240,250" oya="1" hai0="74,44,21,62,117,13,76,55,128,97,102,79,4" hai1="17,88,119,123,59,78,20,61,51,5,2,80,6" hai2="54,85,18,98,38,3,114,107,43,39,83,135,126" hai3="67,73,122,24,42,86,1,108,113,7,32,70,105"/><U81/><E119/><V27/><F3/><W82/><G113/><T120/><D117/><U30/><E123/><V60/><F114/><W37/><G86/><T131/><D120/><U116/><E116/><V96/><F135/><W58/><G58/><T64/><D44/><U71/><E2/><V34/><F126/><W9/><G108/><T84/><D74/><U66/><E30/><V93/><F107/><W68/><G105/><T40/><D40/><U121/><E121/><V134/><F134/><W47/><G67/><T129/><D55/><U31/><E31/><V99/><F43/><W69/><G122/><T100/><D84/><N who="1" m="50191" /><E71/><V77/><F34/><W12/><G12/><T8/><D21/><U87/><E51/><V45/><F39/><W57/><G57/><N who="0" m="36943" /><D100/><U106/><E106/><AGARI ba="0,0" hai="4,8,13,76,79,97,102,106,128,129,131" m="36943" machi="106" ten="30,2000,0" yaku="19,1,52,1" doraHai="53" who="0" fromWho="1" sc="130,20,380,-20,240,0,250,0" /><INIT seed="2,0,0,2,3,20" ten="150,360,240,250" oya="2" hai0="39,82,129,40,59,64,1,73,105,55,42,109,62" hai1="0,28,67,34,107,10,95,29,49,104,35,48,37" hai2="106,117,128,19,13,58,130,79,22,7,44,23,25" hai3="86,92,33,108,131,110,41,132,5,101,50,74,71"/><V88/><F117/><W75/><G71/><T122/><D1/><U97/><E37/><V52/><F106/><W14/><G33/><T53/><D105/><U38/><E38/><V68/><F68/><W121/><G121/><T99/><D122/><U21/><E67/><V103/><F103/><W93/><G132/><T84/><D73/><U77/><E77/><V17/><F79/><W47/><G131/><N who="2" m="50217" /><F44/><W18/><G5/><T61/><D129/><U89/><E104/><V8/><F88/><N who="3" m="53271" /><G93/><T90/><D109/><N who="3" m="42089" /><G101/><T31/><D39/><U83/><E95/><V102/><F102/><W4/><G4/><T111/><D111/><U123/><E83/><V115/><F115/><W114/><G114/><T126/><D126/><U85/><E107/><V43/><F43/><W51/><G50/><T119/><D119/><U45/><E49/><N who="2" m="30991" /><F22/><AGARI ba="0,0" hai="14,18,22,41,47,51,74,75" m="42089,53271" machi="22" ten="30,2000,0" yaku="14,1,54,1" doraHai="20" who="3" fromWho="2" sc="150,0,360,0,240,-20,250,20" /><INIT seed="3,0,0,0,0,12" ten="150,360,220,270" oya="3" hai0="21,71,113,99,44,32,89,34,18,62,26,81,2" hai1="79,31,56,75,119,115,20,87,114,117,16,126,60" hai2="41,96,6,130,17,48,40,45,127,106,101,118,22" hai3="3,58,91,29,27,28,52,76,104,63,77,36,121"/><W98/><G121/><T35/><D2/><U55/><E126/><V84/><F118/><N who="1" m="45065" /><E31/><V54/><F127/><W11/><G36/><T122/><D122/><U90/><E79/><V73/><F73/><W49/><G28/><T132/><D132/><U61/><E61/><V123/><F123/><W65/><G3/><T116/><D116/><U46/><E46/><V59/><F130/><W120/><G11/><T124/><D113/><U109/><E75/><V110/><F110/><W8/><G8/><T13/><D124/><U42/><E42/><V64/><F6/><W108/><G108/><T9/><D44/><U5/><E5/><V23/><F23/><W131/><G131/><T68/><D62/><U33/><E33/><V80/><F64/><W134/><G134/><T38/><D38/><U50/><E60/><V111/><F111/><W7/><G7/><T15/><D15/><N who="1" m="9247" /><E109/><V103/><F45/><W112/><G112/><T72/><D72/><U128/><E128/><V1/><F1/><W78/><G120/><T43/><D43/><U95/><AGARI ba="0,0" hai="50,55,56,87,90,95,114,115" m="9247,45065" machi="95" ten="30,7900,0" yaku="25,1,12,1,52,1,54,1" doraHai="12" who="1" fromWho="1" sc="150,-20,360,79,220,-20,270,-39" /><INIT seed="4,0,0,2,5,116" ten="130,439,200,231" oya="0" hai0="34,20,7,78,85,110,134,71,24,114,123,86,22" hai1="62,124,100,94,113,56,48,118,128,43,44,104,1" hai2="81,69,53,126,66,28,89,55,103,79,90,132,4" hai3="91,102,63,39,83,75,125,30,120,95,99,127,112"/><T76/><D71/><U65/><E1/><V108/><F108/><W37/><G30/><T96/><D110/><U38/><E104/><V29/><F126/><N who="3" m="48139" /><G112/><T57/><D34/><U5/><E118/><V40/><F132/><W133/><G133/><T21/><D134/><U45/><E128/><V122/><F122/><W9/><G63/><T58/><D123/><U12/><E113/><V60/><F103/><W13/><G120/><T68/><D68/><U19/><E5/><V35/><F40/><W32/><G32/><T70/><D70/><U131/><E131/><V130/><F4/><N who="3" m="3239" /><G91/><T135/><D135/><U73/><E73/><V15/><F15/><W117/><G117/><T51/><D7/><U67/><E100/><V26/><F28/><W54/><G54/><N who="0" m="31967" /><D114/><U17/><E12/><V6/><F6/><W101/><G101/><T105/><D105/><U84/><E84/><N who="0" m="32361" /><D96/><U109/><E124/><V33/><F33/><W111/><G111/><T50/><D24/><U8/><E109/><V129/><F129/><W41/><G41/><T27/><D27/><U106/><E43/><V42/><F42/><W80/><G75/><T64/><D64/><U18/><E67/><V52/><REACH who="2" step="1"/><F130/><REACH who="2" ten="130,439,190,231" step="2"/><W92/><G37/><T72/><D72/><AGARI ba="0,1" hai="26,29,35,52,53,55,60,66,69,72,79,81,89,90" machi="72" ten="40,5200,0" yaku="1,1,2,1,54,1,53,0" doraHai="116" doraHaiUra="119" who="2" fromWho="0" sc="130,-52,439,0,190,62,231,0" /><INIT seed="5,0,0,3,5,110" ten="78,439,252,231" oya="1" hai0="70,83,57,18,50,116,95,64,119,81,94,8,108" hai1="65,74,92,56,99,59,112,106,25,121,22,58,66" hai2="5,88,2,44,13,113,42,37,48,53,6,105,21" hai3="55,129,107,12,100,115,15,17,114,91,109,122,36"/><U63/><E106/><V120/><F120/><W67/><G109/><T20/><D108/><U69/><E121/><V71/><F105/><W118/><G122/><T97/><D70/><U123/><E74/><V131/><F131/><W61/><G129/><T35/><D35/><U73/><E123/><V103/><F103/><W62/><G36/><T124/><D124/><U132/><E73/><V0/><F71/><W75/><G75/><T87/><D116/><U43/><E132/><V24/><F2/><W127/><G127/><T101/><D119/><U28/><E43/><V86/><F0/><W125/><G125/><T133/><D133/><U27/><E27/><V126/><F126/><W32/><G32/><T39/><D39/><U45/><E45/><V82/><F13/><W117/><G117/><T134/><D134/><U98/><E98/><V11/><F11/><W29/><G29/><T49/><D8/><U3/><E3/><V130/><F130/><W14/><G17/><T96/><D64/><U26/><E26/><V34/><F34/><W54/><G91/><T78/><D57/><U68/><E68/><V76/><F42/><W77/><G77/><T102/><REACH who="0" step="1"/><D81/><REACH who="0" ten="68,439,252,231" step="2"/><U46/><E59/><V84/><F37/><W1/><G118/><T60/><D60/><U4/><E63/><V111/><F111/><W79/><G61/><T33/><D33/><U47/><E58/><V135/><F135/><W89/><G62/><T104/><D104/><U10/><E56/><V40/><F82/><W51/><G67/><T23/><D23/><U80/><E65/><V72/><F21/><RYUUKYOKU ba="0,1" sc="68,30,439,-10,252,-10,231,-10" hai0="18,20,49,50,78,83,87,94,95,96,97,101,102" /><INIT seed="6,1,1,1,0,115" ten="98,429,242,221" oya="2" hai0="27,21,131,32,63,117,61,58,54,90,82,101,65" hai1="97,85,19,81,17,96,53,7,23,70,46,13,106" hai2="50,57,122,51,10,16,130,86,12,5,9,60,29" hai3="99,72,15,95,24,119,64,8,31,129,124,84,120"/><V102/><F122/><W37/><G72/><T112/><D32/><U59/><E70/><V35/><F130/><W79/><G120/><T36/><D36/><U39/><E106/><V134/><F134/><W33/><G37/><T125/><D112/><U77/><E39/><V67/><F102/><W42/><G42/><T22/><D131/><U116/><E116/><V6/><F6/><W128/><G119/><T93/><D125/><U34/><E34/><V104/><F104/><W20/><G64/><T135/><D135/><U41/><E7/><V71/><F71/><W48/><G48/><T123/><D123/><U89/><E77/><V66/><F66/><W30/><G124/><T45/><D117/><U94/><E81/><V127/><F127/><W3/><G30/><T132/><D132/><U92/><E94/><V91/><F29/><W28/><G31/><T98/><D27/><N who="1" m="14847" /><E46/><V105/><F105/><W76/><G84/><T109/><D109/><U83/><E41/><V18/><F35/><W49/><G49/><N who="2" m="18441" /><F10/><W118/><G118/><T111/><D111/><U11/><E83/><AGARI ba="1,1" hai="5,9,12,16,18,57,60,67,83,86,91" m="18441" machi="83" ten="30,2900,0" yaku="8,1,54,1" doraHai="115" who="2" fromWho="1" sc="98,0,429,-32,242,42,221,0" /><INIT seed="6,2,0,5,3,108" ten="98,397,284,221" oya="2" hai0="77,106,18,87,79,19,119,31,107,8,15,124,88" hai1="13,115,93,54,23,78,74,52,29,60,32,35,47" hai2="84,55,43,73,6,90,36,71,37,56,27,111,22" hai3="61,14,121,116,72,86,96,89,62,91,45,63,0"/><V25/><F73/><W131/><G116/><T125/><D31/><U99/><E115/><V120/><F120/><W34/><G72/><T12/><D119/><U65/><E74/><V70/><F6/><W46/><G0/><T112/><D87/><U26/><E78/><V69/><F111/><W16/><G34/><T64/><D8/><U59/><E32/><V2/><F2/><W114/><G114/><T44/><D44/><U58/><E35/><V42/><F27/><W40/><G131/><T103/><D103/><N who="1" m="60911" /><E58/><V122/><F122/><W7/><G7/><T50/><D50/><N who="1" m="28767" /><E13/><V133/><F37/><W98/><G91/><T68/><D68/><U28/><E54/><V33/><F33/><W39/><G45/><T123/><D123/><U38/><E38/><V24/><F36/><W85/><G85/><T53/><D53/><U95/><E95/><V81/><F133/><W30/><G30/><AGARI ba="2,0" hai="23,26,28,29,30,59,60,65" m="28767,60911" machi="30" ten="30,3900,0" yaku="25,1,8,1,54,1" doraHai="108" who="1" fromWho="3" sc="98,0,397,45,284,0,221,-45" /><INIT seed="7,0,0,4,1,95" ten="98,442,284,176" oya="3" hai0="14,58,127,26,43,22,107,32,55,116,132,2,1" hai1="31,108,8,78,41,6,112,61,121,30,62,115,24" hai2="20,10,87,79,109,131,68,124,12,56,21,53,123" hai3="130,72,23,92,37,122,57,54,118,48,51,111,4"/><W74/><G37/><T80/><D116/><U16/><E108/><V133/><F68/><W5/><G118/><T38/><D127/><U0/><E121/><V39/><F39/><W102/><G122/><T76/><D132/><U83/><E16/><V44/><F109/><W128/><G111/><T98/><D32/><U70/><E41/><V28/><F133/><W33/><G33/><T89/><D43/><U103/><E103/><V60/><F131/><W93/><G23/><T71/><D71/><U19/><E19/><N who="2" m="8599" /><F124/><W46/><G46/><T9/><D38/><U104/><E62/><V59/><F28/><W40/><G40/><T7/><D22/><U120/><E24/><V49/><F123/><W113/><G57/><N who="2" m="22089" /><F60/><W27/><G27/><T81/><D26/><U50/><E120/><V45/><F45/><W77/><G77/><T106/><D106/><U75/><E104/><V67/><F67/><W42/><G42/><T3/><D76/><U82/><E61/><V36/><F36/><W69/><G54/><T90/><D90/><U35/><E70/><V86/><F86/><W100/><G69/><T125/><D125/><U117/><E31/><V18/><F18/><W52/><G52/><T15/><D15/><U34/><E30/><V25/><F25/><W84/><G84/><T66/><D66/><U97/><E75/><V119/><F119/><W64/><G64/><T65/><D65/><U63/><E63/><V17/><F17/><W94/><G128/><T110/><D110/><U13/><E117/><V126/><F126/><W85/><G130/><T88/><D107/><RYUUKYOKU ba="0,0" sc="98,-10,442,-10,284,30,176,-10" hai2="20,21,44,49,53,79,87" owari="88,-41.0,432,53.0,314,11.0,166,-23.0" /></mjloggm>