<mjloggm ver="2.3"><GO type="169" lobby="0"/><UN n0="%E3%83%A1%E3%83%AB%E3%82%AF" n1="%E3%81%BE%E3%81%93%E3%81%95%E3%81%A8%76%65%72%32" n2="%E3%83%A4%E3%82%B3%E3%83%96%E3%82%B3%E3%83%BC%E3%82%A8%E3%83%B3" n3="%E3%82%A6%E3%83%AB%E3%83%88%E3%83%A9%E7%AB%8B%E7%9B%B4" dan="16,16,16,17" rate="2128.48,2121.97,2088.17,2140.92" sx="M,M,M,M"/><TAIKYOKU oya="0"/><INIT seed="0,0,0,2,3,100" ten="250,250,250,250" oya="0" hai0="51,73,81,35,130,50,55,92,54,45,41,26,114" hai1="46,107,59,69,90,63,21,78,86,106,19,70,128" hai2="20,131,3,56,101,22,43,134,121,126,88,75,99" hai3="83,27,113,124,39,4,11,10,109,16,79,53,108"/><T102/><D114/><U68/><E128/><V48/><F3/><W66/><G113/><T119/><D119/><U85/><E46/><V0/><F0/><W77/><G39/><T104/><D130/><U42/><E42/><V25/><F75/><W13/><G124/><T23/><D35/><U127/><E78/><V5/><F5/><W67/><G53/><T111/><D111/><N who="3" m="42569" /><G27/><T31/><D104/><U52/><E127/><V2/><F2/><N who="3" m="279" /><G79/><T110/><D110/><U1/><E1/><V117/><F117/><W6/><G6/><T105/><D105/><U133/><E86/><AGARI ba="0,0" hai="11,13,16,66,67,77,83,86" m="279,42569" machi="86" ten="30,2000,0" yaku="14,1,54,1" doraHai="100" who="3" fromWho="1" sc="250,0,250,-20,250,0,250,20" /><INIT seed="1,0,0,2,1,124" ten="250,230,250,270" oya="1" hai0="19,75,87,2,68,97,112,29,20,76,96,61,117" hai1="1,42,58,60,57,132,119,10,25,70,129,69,113" hai2="35,53,103,106,21,89,118,4,6,133,63,18,134" hai3="41,127,22,125,128,101,12,52,3,14,49,33,111"/><U55/><E119/><V93/><F35/><W34/><G3/><T54/><D117/><U8/><E113/><V86/><F118/><W37/><G101/><T77/><D112/><U48/><E132/><N who="2" m="50795" /><F103/><W38/><G111/><T30/><D2/><U92/><E10/><V50/><F63/><W102/><G102/><T17/><D75/><U5/><E129/><V107/><F6/><W39/><G41/><T83/><D76/><U28/><E92/><N who="2" m="54327" /><F4/><W13/><G22/><T80/><D80/><U73/><E73/><V81/><F81/><W115/><G115/><T23/><D68/><U26/><E26/><V71/><F93/><W43/><G43/><T79/><D79/><U109/><E109/><V67/><F67/><W72/><G72/><T16/><D61/><U120/><E120/><V44/><F71/><W110/><G110/><T15/><D54/><U11/><E11/><V47/><F47/><W114/><G114/><T88/><D77/><U126/><E126/><N who="3" m="48138" /><G128/><T100/><D100/><U121/><E121/><V94/><F94/><W108/><G108/><T135/><D135/><U78/><E78/><V45/><F45/><AGARI ba="0,0" hai="12,13,14,33,34,37,38,39,45,49,52" m="48138" machi="45" ten="40,2600,0" yaku="18,1,54,1" doraHai="124" who="3" fromWho="2" sc="250,0,230,0,250,-26,270,26" /><INIT seed="2,0,0,1,5,68" ten="250,230,224,296" oya="2" hai0="73,103,75,48,13,128,84,55,59,65,6,104,14" hai1="81,135,133,3,69,45,12,95,15,79,117,97,92" hai2="51,46,40,23,5,28,119,30,122,85,56,74,61" hai3="123,44,53,134,116,113,8,72,100,29,90,18,129"/><V114/><F74/><W86/><G116/><T0/><D0/><U109/><E3/><V120/><F119/><W96/><G123/><T36/><D128/><U67/><E117/><V19/><F114/><W20/><G72/><T35/><D35/><U125/><E109/><V60/><F5/><W9/><G129/><T132/><D132/><U124/><E67/><V108/><F108/><W118/><G29/><T52/><D36/><U83/><E69/><V126/><F126/><N who="1" m="48745" /><E45/><V17/><F61/><W47/><G118/><T112/><D112/><U98/><E15/><V10/><F85/><W2/><G2/><T43/><D43/><U94/><E12/><N who="2" m="7319" /><F122/><W115/><G134/><N who="1" m="51210" /><E83/><V22/><F120/><W121/><G121/><T91/><D14/><U24/><E24/><N who="2" m="14431" /><F23/><W54/><G20/><T57/><D13/><U89/><E89/><V39/><F39/><W102/><G90/><T70/><D70/><U130/><E130/><V42/><F42/><W25/><G25/><T32/><D65/><AGARI ba="0,0" hai="28,30,40,46,51,56,60,65" m="14431,7319" machi="65" ten="30,1500,0" yaku="8,1" doraHai="68" who="2" fromWho="0" sc="250,-15,230,0,224,15,296,0" /><INIT seed="2,1,0,2,4,118" ten="235,230,239,296" oya="2" hai0="55,20,101,99,104,28,8,82,93,122,121,5,109" hai1="12,84,37,43,11,2,22,38,108,112,59,131,36" hai2="81,54,78,102,73,42,117,50,63,30,80,47,27" hai3="24,133,71,100,127,57,65,95,3,105,13,128,96"/><V92/><F117/><W49/><G3/><T114/><D114/><U132/><E108/><V18/><F18/><W76/><G127/><T67/><D67/><U6/><E132/><V124/><F124/><W87/><G133/><T130/><D130/><U7/><E131/><V58/><F80/><N who="3" m="47495" /><G71/><T19/><D109/><U51/><E112/><V26/><F26/><W103/><G105/><T74/><D28/><U1/><E1/><V10/><F10/><W61/><G128/><T40/><D40/><U113/><E6/><V52/><F92/><W14/><G24/><T69/><D69/><U45/><E113/><V111/><F102/><N who="3" m="38955" /><G49/><T48/><D104/><U4/><E4/><V0/><F0/><W90/><AGARI ba="1,0" hai="13,14,57,61,65,90,95,96" m="38955,47495" machi="90" ten="30,1100,0" yaku="8,1" doraHai="118" who="3" fromWho="3" sc="235,-4,230,-4,239,-6,296,14" /><INIT seed="3,0,0,5,2,106" ten="231,226,233,310" oya="3" hai0="45,63,118,4,124,68,103,126,2,34,116,57,7" hai1="0,72,131,88,83,101,95,29,47,80,1,78,27" hai2="60,108,56,40,13,120,90,74,99,91,86,53,51" hai3="128,9,69,93,33,5,17,65,6,135,55,107,21"/><W30/><G107/><T129/><D129/><U104/><E131/><V52/><F108/><W119/><G119/><T94/><D68/><U64/><E83/><V102/><F120/><W77/><G128/><T98/><D34/><U62/><E47/><V117/><F117/><W125/><G125/><N who="0" m="48235" /><D45/><U111/><E111/><V87/><F74/><W20/><G135/><T28/><D28/><U123/><E123/><V61/><F40/><W31/><G77/><T35/><D35/><U14/><E14/><V59/><F51/><W54/><G69/><T38/><D38/><U42/><E42/><V89/><REACH who="2" step="1"/><F13/><REACH who="2" ten="231,226,223,310" step="2"/><N who="3" m="7343" /><G33/><T18/><D116/><U11/><E0/><V15/><F15/><W132/><G132/><T105/><D118/><U113/><E1/><V133/><F133/><W10/><G5/><T127/><D7/><U39/><E39/><V100/><F100/><W130/><G6/><T25/><D4/><U110/><E101/><V32/><F32/><W121/><G130/><T82/><D2/><U37/><E37/><V16/><F16/><W12/><G121/><T24/><D127/><U134/><E134/><V49/><F49/><W44/><G12/><T71/><D18/><U67/><E110/><V36/><F36/><W43/><G10/><T81/><D24/><U76/><E11/><V48/><F48/><N who="3" m="26655" /><G20/><T112/><D25/><U122/><E27/><V75/><F75/><W58/><G21/><T23/><D23/><U41/><E72/><V97/><F97/><W3/><G3/><T73/><D73/><U50/><E122/><V66/><F66/><W115/><G65/><RYUUKYOKU ba="0,1" sc="231,-10,226,-10,223,30,310,-10" hai2="52,53,56,59,60,61,86,87,89,90,91,99,102" /><INIT seed="4,1,1,2,3,86" ten="221,216,253,300" oya="0" hai0="85,32,90,75,53,129,20,109,117,68,105,73,0" hai1="99,22,48,34,1,111,37,98,102,66,110,11,64" hai2="54,74,6,14,25,42,29,103,33,51,76,7,119" hai3="26,93,23,94,35,107,60,44,15,87,84,116,133"/><T5/><D32/><U70/><E34/><V92/><F119/><W45/><G107/><T4/><D105/><U112/><E37/><V8/><F42/><W104/><G104/><T100/><D100/><U106/><E112/><V77/><F74/><W36/><G116/><T83/><D68/><U50/><E70/><V82/><F82/><W43/><G133/><T21/><D117/><U39/><E39/><V47/><F7/><W131/><G131/><T18/><D109/><U79/><E106/><V30/><F30/><W61/><G35/><T123/><D123/><U108/><E79/><V91/><REACH who="2" step="1"/><F103/><REACH who="2" ten="221,216,243,300" step="2"/><W10/><G43/><T19/><D5/><U114/><E102/><V71/><F71/><W135/><G36/><T65/><D4/><U41/><E41/><V126/><F126/><W58/><G135/><T49/><D129/><U16/><E114/><V97/><AGARI ba="1,2" hai="6,8,14,25,29,33,47,51,54,76,77,91,92,97" machi="97" ten="20,5200,0" yaku="1,1,0,1,7,1,52,1,53,0" doraHai="86" doraHaiUra="38" who="2" fromWho="2" sc="221,-27,216,-14,243,75,300,-14" /><INIT seed="5,0,0,4,1,25" ten="194,202,318,286" oya="1" hai0="73,15,52,112,41,109,105,107,23,131,64,35,45" hai1="88,83,4,19,11,68,76,36,84,86,99,91,46" hai2="72,134,14,43,53,39,47,31,116,30,8,87,124" hai3="42,54,119,120,108,103,65,60,40,95,82,61,57"/><U67/><E68/><V22/><F72/><W0/><G108/><T18/><D35/><U62/><E19/><V101/><F116/><W89/><G120/><T94/><D73/><U70/><E99/><V98/><F124/><W9/><G119/><T85/><D109/><U66/><E66/><V44/><F22/><W90/><G103/><T135/><D112/><U59/><E70/><V128/><F128/><W28/><G0/><T48/><D131/><U130/><E130/><V6/><F134/><W77/><G9/><T122/><D122/><U123/><E123/><V34/><F34/><W132/><G132/><T16/><D64/><U29/><E29/><V7/><F7/><W49/><G28/><T12/><D135/><U32/><E32/><V50/><REACH who="2" step="1"/><F87/><REACH who="2" ten="194,202,308,286" step="2"/><N who="3" m="50423" /><G77/><T115/><D115/><U102/><E102/><V13/><F13/><W74/><G74/><T97/><D12/><U37/><E76/><V56/><F56/><N who="3" m="32847" /><G61/><T113/><D15/><U38/><E46/><V106/><AGARI ba="0,1" hai="6,8,14,30,31,39,43,44,47,50,53,98,101,106" machi="106" ten="20,8000,1" yaku="1,1,0,1,7,1,52,2,53,0" doraHai="25" doraHaiUra="133" who="2" fromWho="2" sc="194,-20,202,-40,308,90,286,-20" /><INIT seed="6,0,0,4,4,38" ten="174,162,398,266" oya="2" hai0="120,71,7,43,4,102,116,84,119,99,6,61,30" hai1="109,25,92,76,91,56,12,66,95,70,105,131,127" hai2="52,96,3,16,51,110,18,129,2,36,14,98,34" hai3="122,81,100,118,5,33,53,1,87,78,55,24,41"/><V130/><F36/><W68/><G122/><T20/><D120/><U101/><E70/><V106/><F34/><W89/><G118/><N who="0" m="45099" /><D84/><U69/><E69/><V0/><F110/><W112/><G68/><T58/><D71/><U82/><E109/><V31/><F31/><W97/><G112/><T26/><D58/><U103/><E25/><V93/><F106/><W39/><G33/><T79/><D61/><U77/><E12/><V67/><F67/><W54/><G24/><T40/><D79/><N who="1" m="30283" /><E56/><N who="2" m="32799" /><F14/><W135/><G135/><T49/><D49/><U121/><E66/><V35/><F35/><W94/><G1/><T32/><D32/><U133/><E121/><V44/><F44/><W42/><G39/><T65/><D65/><U37/><E37/><V75/><F75/><W125/><G125/><T80/><D80/><U115/><E115/><V132/><F132/><W126/><G126/><T28/><D28/><U22/><E22/><V9/><F9/><W62/><G62/><T8/><D8/><U123/><E123/><V17/><F93/><AGARI ba="0,0" hai="4,6,7,20,26,30,40,43,93,99,102" m="45099" machi="93" ten="30,3900,0" yaku="12,1,52,2" doraHai="38" who="0" fromWho="2" sc="174,39,162,0,398,-39,266,0" /><INIT seed="7,0,0,4,4,28" ten="213,162,359,266" oya="3" hai0="72,41,123,60,118,34,101,126,53,55,85,2,48" hai1="95,52,21,54,130,90,57,25,50,134,81,79,63" hai2="121,27,12,124,128,4,51,26,111,110,20,112,107" hai3="56,80,15,71,49,88,61,64,5,87,22,16,119"/><W135/><G135/><T3/><D72/><U17/><E134/><V102/><F128/><W78/><G119/><T75/><D75/><U68/><E130/><V84/><F124/><W86/><G5/><T125/><D123/><U114/><E114/><V92/><F112/><W38/><G38/><T93/><D118/><U73/><E68/><V132/><F132/><W39/><G39/><T131/><D131/><U6/><E6/><V43/><F107/><W76/><G71/><T40/><D34/><U30/><E30/><V47/><F121/><W106/><G106/><T117/><D117/><U69/><E69/><V23/><F110/><W94/><G49/><T104/><D104/><U133/><E133/><V116/><F116/><W98/><G87/><T99/><D85/><U36/><E36/><V10/><F111/><W65/><G65/><T11/><D60/><U122/><E122/><V120/><F120/><W67/><G67/><T42/><D11/><U113/><E113/><V19/><F84/><W91/><AGARI ba="0,0" hai="15,16,22,56,61,64,76,78,80,86,88,91,94,98" machi="91" ten="20,12000,1" yaku="0,1,7,1,8,1,54,2" doraHai="28" who="3" fromWho="3" sc="213,-40,162,-40,359,-40,266,120" owari="173,-23.0,122,-38.0,319,12.0,386,49.0" /></mjloggm>