<mjloggm ver="2.3"><GO type="97" lobby="0"/><UN n0="%4D%61%70%70%79%38" n1="%E5%B0%B1%E6%B4%BB%E7%94%9F%40%E5%B7%9D%E6%9D%91%E8%BB%8D%E5%9B%A3" n2="%E3%82%A8%E3%83%AA%E3%82%A2%E3%83%AB%E3%81%9F%E3%82%93" n3="%E3%83%9E%E3%82%B9%E3%82%AA%E3%81%95%E3%82%93" dan="13,15,14,14" rate="1886.22,1979.24,1930.29,1916.00" sx="M,M,M,M"/><TAIKYOKU oya="0"/><INIT seed="0,0,0,1,1,114" ten="250,250,250,250" oya="0" hai0="56,84,85,100,19,46,42,20,75,47,66,125,81" hai1="34,21,32,59,71,93,96,33,130,135,119,90,69" hai2="61,4,52,129,44,83,117,127,63,98,18,128,9" hai3="118,54,17,86,74,2,115,122,31,120,104,67,24"/><T94/><D125/><U51/><E130/><N who="2" m="50283" /><F127/><W43/><G104/><T80/><D75/><U8/><E135/><V101/><F18/><W35/><G2/><T99/><D42/><U91/><E8/><V5/><F83/><W62/><G74/><T15/><D56/><U131/><E131/><V25/><F25/><W72/><G72/><T77/><REACH who="0" step="1"/><D66/><REACH who="0" ten="240,250,250,250" step="2"/><U41/><E119/><V105/><F117/><W88/><G118/><T28/><D28/><U124/><E124/><V102/><F102/><W103/><G115/><T12/><D12/><U37/><E37/><V7/><F9/><W13/><G103/><T78/><AGARI ba="0,1" hai="15,19,20,46,47,77,78,80,81,84,85,94,99,100" machi="78" ten="20,12000,1" yaku="1,1,0,1,7,1,9,1,8,1,53,0" doraHai="114" doraHaiUra="87" who="0" fromWho="0" sc="240,130,250,-40,250,-40,250,-40" /><INIT seed="0,1,0,0,0,126" ten="370,210,210,210" oya="0" hai0="12,67,9,44,21,71,129,47,124,57,37,45,6" hai1="86,49,101,116,135,25,8,39,128,54,118,70,52" hai2="134,30,115,114,123,122,40,92,93,107,59,13,94" hai3="102,35,61,55,56,50,23,89,80,121,100,29,2"/><T42/><D129/><U24/><E39/><V131/><F30/><W28/><G35/><T68/><D124/><U48/><E70/><V77/><F40/><W87/><G121/><N who="2" m="46089" /><F13/><W22/><G2/><T14/><D71/><U74/><E74/><V15/><F15/><W99/><G61/><T53/><D68/><U3/><E135/><V83/><F59/><W119/><G119/><T20/><D67/><U60/><E128/><V133/><F131/><W32/><G102/><T106/><D106/><U79/><E101/><V103/><F103/><W62/><G62/><T125/><D125/><U95/><E60/><V110/><F110/><W120/><G120/><T19/><D21/><U75/><E75/><N who="2" m="43455" /><F107/><W72/><G72/><T91/><D91/><N who="1" m="53751" /><E118/><V90/><F90/><W4/><G4/><T1/><D1/><U76/><E116/><V132/><AGARI ba="1,0" hai="92,93,94,114,115,132,133,134" m="43455,46089" machi="132" ten="40,5200,0" yaku="20,1,34,2" doraHai="126" who="2" fromWho="2" sc="370,-27,210,-14,210,55,210,-14" /><INIT seed="1,0,0,1,0,122" ten="343,196,265,196" oya="1" hai0="72,81,106,63,118,58,134,20,78,101,67,28,43" hai1="70,14,35,87,5,11,4,113,107,27,93,31,1" hai2="34,44,103,50,83,54,46,135,23,61,115,3,22" hai3="95,119,24,117,45,40,15,2,57,98,121,9,116"/><U77/><E107/><V132/><F34/><W17/><G121/><T85/><D134/><N who="2" m="51242" /><F3/><W109/><G2/><T56/><D118/><U128/><E70/><V36/><F115/><W76/><G76/><T92/><D43/><U102/><E113/><V130/><F130/><W68/><G68/><T75/><D106/><U110/><E128/><V62/><F103/><N who="3" m="60895" /><G57/><T65/><D58/><U32/><E110/><V133/><F83/><W125/><G24/><N who="0" m="16391" /><D65/><U60/><E35/><V51/><F133/><W89/><G89/><T47/><D47/><U104/><E104/><V120/><F36/><N who="3" m="21639" /><G125/><T55/><D67/><U48/><E60/><N who="2" m="23147" /><F120/><W90/><G90/><T123/><D123/><U105/><E105/><V69/><F69/><W80/><G80/><T114/><D114/><U52/><E77/><V7/><F7/><W41/><G41/><AGARI ba="0,0" hai="22,23,41,44,46,50,51,54" m="23147,51242" machi="41" ten="30,1000,0" yaku="20,1" doraHai="122" who="2" fromWho="3" sc="343,0,196,0,265,10,196,-10" /><INIT seed="2,0,0,0,5,52" ten="343,196,275,186" oya="2" hai0="76,129,40,122,132,51,60,8,104,97,125,9,75" hai1="95,87,48,19,37,61,105,36,29,7,74,66,27" hai2="68,103,126,81,70,112,133,96,56,85,49,135,32" hai3="0,88,35,71,5,43,42,22,123,110,23,111,59"/><V16/><F32/><W45/><G71/><T26/><D122/><U86/><E105/><V118/><F112/><W1/><G123/><T108/><D125/><U124/><E74/><V57/><F118/><W38/><G35/><T21/><D108/><N who="3" m="41513" /><G43/><T119/><D132/><N who="2" m="50762" /><F126/><W18/><G22/><T62/><D129/><U33/><E124/><V94/><F49/><W121/><G121/><T127/><D127/><U17/><E7/><V116/><F116/><W34/><G34/><T115/><D115/><U100/><E48/><V53/><F53/><W3/><G5/><T64/><D119/><U65/><E65/><V128/><F128/><W72/><G72/><T107/><D75/><U134/><E134/><V13/><F68/><W99/><G59/><T30/><D76/><U39/><E87/><V12/><F70/><W41/><G41/><T55/><D40/><U91/><REACH who="1" step="1"/><E100/><REACH who="1" ten="343,186,275,186" step="2"/><V113/><F113/><W82/><G0/><T77/><D107/><U106/><E106/><V84/><F84/><N who="3" m="50199" /><G99/><T83/><D97/><U92/><E92/><V98/><F98/><W131/><G131/><T24/><D104/><U15/><E15/><AGARI ba="0,1" hai="1,3,15,18,23,38,42,45" m="50199,41513" machi="15" ten="30,2000,0" yaku="14,1,54,1" doraHai="52" who="3" fromWho="1" sc="343,0,186,-20,275,0,186,30" /><INIT seed="3,0,0,0,5,107" ten="343,166,275,216" oya="3" hai0="43,73,6,7,63,90,123,26,50,45,0,88,97" hai1="120,86,78,72,60,89,30,35,56,51,114,128,118" hai2="57,68,25,119,46,75,49,18,38,110,19,5,101" hai3="79,47,92,55,66,20,70,126,96,106,65,102,74"/><W77/><G126/><T129/><D123/><U1/><E120/><V15/><F68/><W8/><G106/><T67/><D129/><U42/><E114/><V11/><F119/><W127/><G127/><T34/><D0/><U28/><E118/><V4/><F4/><W84/><G70/><T94/><D73/><U44/><E128/><V54/><F101/><W10/><G74/><T31/><D90/><U134/><E1/><V91/><F75/><W85/><G20/><T48/><D48/><U27/><E134/><V76/><F76/><N who="3" m="29259" /><G10/><T99/><D97/><U121/><E121/><V108/><F25/><W131/><G8/><T9/><D9/><U98/><E98/><V103/><F103/><W104/><G104/><T109/><D109/><N who="2" m="42090" /><F91/><W87/><G131/><T117/><D117/><U59/><E30/><V17/><F5/><W22/><G22/><T95/><D95/><U100/><E100/><V122/><F122/><W71/><G71/><AGARI ba="0,0" hai="6,7,26,31,34,43,45,50,63,67,71,88,94,99" machi="71" ten="30,2000,0" yaku="7,1,54,1" doraHai="107" who="0" fromWho="3" sc="343,20,166,0,275,0,216,-20" owari="363,45.0,166,-33.0,275,8.0,196,-20.0" /></mjloggm>