<mjloggm ver="2.3"><GO type="41" lobby="0"/><UN n0="%E5%B0%B1%E6%B4%BB%E7%94%9F%40%E5%B7%9D%E6%9D%91%E8%BB%8D%E5%9B%A3" n1="%E3%82%82%E3%81%A6%E3%81%83%E3%82%93%E3%81%93" n2="%E3%81%A1%E3%82%87%E3%82%93%E3%81%BE" n3="%74%68%72%69%6C%6C%65%72" dan="15,15,13,14" rate="2025.28,1978.41,1819.60,1902.35" sx="M,M,M,M"/><TAIKYOKU oya="0"/><INIT seed="0,0,0,1,4,98" ten="250,250,250,250" oya="0" hai0="94,87,122,24,8,18,53,60,85,14,119,45,89" hai1="29,114,135,68,16,113,17,107,77,86,25,134,96" hai2="31,111,93,41,99,48,57,133,75,118,15,1,127" hai3="69,92,38,44,26,46,59,12,95,67,76,126,35"/><T73/><D73/><U129/><E68/><V71/><F1/><W128/><G69/><T23/><D122/><U102/><E129/><V33/><F71/><W47/><G38/><T63/><D119/><U120/><E120/><V4/><F75/><W97/><G76/><T3/><D3/><U115/><E86/><V109/><F127/><W0/><G0/><T11/><D11/><U78/><E78/><V39/><F39/><W13/><G128/><T66/><D66/><U56/><E56/><V19/><F4/><W112/><G112/><T58/><D45/><U84/><E84/><V5/><F5/><W22/><G35/><T101/><D101/><U9/><E77/><V131/><F133/><N who="1" m="50697" /><E9/><V6/><F6/><W100/><G92/><T52/><D87/><U121/><E121/><V50/><F118/><W40/><G40/><T61/><REACH who="0" step="1"/><D53/><REACH who="0" ten="240,250,250,250" step="2"/><U110/><E110/><V20/><F109/><W2/><G2/><T103/><D103/><U88/><E88/><V123/><F111/><W104/><G126/><T55/><D55/><U10/><E10/><V124/><F124/><W51/><G104/><T64/><D64/><U74/><E74/><V37/><F123/><W108/><G108/><T125/><D125/><U91/><E91/><V70/><F131/><W72/><G72/><T54/><D54/><U32/><AGARI ba="0,1" hai="16,17,25,29,32,96,102,107,113,114,115" m="50697" machi="32" ten="40,8000,1" yaku="11,1,20,1,52,1,54,1" doraHai="98" who="1" fromWho="1" sc="240,-40,250,90,250,-20,250,-20" /><INIT seed="1,0,0,4,0,64" ten="200,340,230,230" oya="1" hai0="73,30,1,101,104,79,63,123,60,7,49,62,52" hai1="33,117,0,32,95,103,115,75,134,34,105,126,45" hai2="9,48,19,94,120,10,13,26,17,90,122,53,84" hai3="54,74,85,50,118,51,70,80,6,83,132,44,67"/><U96/><E117/><V97/><F120/><W89/><G118/><T43/><D123/><U18/><E115/><V29/><F122/><W35/><G132/><T88/><D43/><U133/><E75/><V38/><F38/><W78/><G35/><T2/><D30/><U125/><E0/><V47/><F29/><W3/><G3/><T39/><D39/><U42/><E18/><V59/><F47/><W109/><G109/><T93/><D101/><U21/><E21/><V129/><F129/><W8/><G50/><T107/><D79/><U81/><E81/><V20/><REACH who="2" step="1"/><F97/><REACH who="2" ten="200,340,220,230" step="2"/><W66/><G70/><T127/><D127/><N who="1" m="48651" /><E105/><V121/><F121/><W128/><G128/><T40/><D40/><U112/><E112/><V25/><F25/><W69/><G69/><T56/><D73/><U57/><E57/><V72/><F72/><W31/><G31/><T113/><D113/><U68/><E68/><V36/><F36/><AGARI ba="0,1" hai="32,33,34,36,42,45,95,96,103,133,134" m="48651" machi="36" ten="40,2000,0" yaku="18,1" doraHai="64" who="1" fromWho="2" sc="200,0,340,30,220,-20,230,0" /><INIT seed="1,1,0,3,4,32" ten="200,370,200,230" oya="1" hai0="5,77,95,40,112,120,56,131,85,94,86,96,67" hai1="30,0,43,93,130,65,24,91,83,113,66,82,41" hai2="21,35,70,132,122,7,9,4,100,121,58,15,17" hai3="124,110,29,64,123,1,8,114,59,101,133,16,108"/><U105/><E105/><V76/><F70/><W19/><G123/><T75/><D40/><U55/><E113/><V68/><F68/><W79/><G114/><T116/><D5/><U28/><E0/><V57/><F76/><W3/><G124/><T45/><D45/><U84/><E130/><V111/><F111/><N who="3" m="42539" /><G133/><T46/><D46/><U14/><E14/><V13/><F100/><W117/><G117/><T92/><D56/><U60/><E55/><V12/><F132/><W134/><G134/><T89/><D67/><N who="1" m="25611" /><E60/><V118/><F35/><W34/><G101/><N who="0" m="60551" /><D112/><U62/><E62/><V25/><F58/><W39/><G39/><T44/><D44/><U73/><E73/><V53/><F57/><W11/><G79/><T127/><D127/><U48/><E24/><V2/><F53/><W37/><G37/><T69/><D69/><U27/><E27/><V103/><F103/><W26/><G11/><T99/><D116/><U6/><E43/><V126/><F118/><W49/><G8/><T10/><D10/><U74/><E74/><V88/><F126/><W51/><G51/><T106/><D131/><U107/><E6/><V38/><F38/><W61/><G49/><T71/><D71/><U90/><E107/><V52/><F52/><W33/><G33/><T22/><D22/><U128/><E128/><V97/><F121/><W102/><G102/><N who="0" m="62815" /><D120/><U78/><E48/><V129/><F122/><W42/><G42/><T125/><D125/><U98/><E41/><V47/><F47/><W81/><G81/><N who="0" m="47279" /><D75/><U119/><E119/><V80/><F129/><W109/><G109/><RYUUKYOKU ba="1,0" sc="200,10,370,10,200,-30,230,10" hai0="86,89,94,95" hai1="28,30,78,82,83,84,90,91,93,98" hai3="1,3,16,19,26,29,34,59,61,64" /><INIT seed="1,2,0,5,5,56" ten="210,380,170,240" oya="1" hai0="95,0,68,131,22,84,8,88,64,114,130,119,49" hai1="32,70,117,79,111,46,55,30,76,65,12,78,23" hai2="120,116,123,108,19,18,13,91,57,7,122,35,85" hai3="44,54,3,125,26,98,93,75,28,103,39,31,135"/><U42/><E32/><V102/><F35/><W29/><G3/><T10/><D119/><U38/><E117/><V97/><F116/><W133/><G75/><T27/><D114/><U17/><E111/><V48/><F7/><W128/><G128/><N who="0" m="49195" /><D0/><U100/><E100/><V113/><F113/><W129/><G129/><T101/><D101/><U73/><E30/><V51/><F19/><W6/><G125/><T132/><D132/><N who="3" m="50761" /><G6/><T59/><D68/><U36/><E55/><V67/><F108/><W71/><G71/><T82/><D82/><U69/><E38/><V66/><F97/><W45/><G45/><T33/><D33/><U16/><E73/><V21/><F102/><W40/><G54/><N who="0" m="32207" /><D64/><U50/><E36/><V37/><F37/><W94/><G94/><T83/><D83/><U72/><E72/><V60/><REACH who="2" step="1"/><F67/><REACH who="2" ten="210,380,160,240" step="2"/><W24/><AGARI ba="2,1" hai="24,26,28,29,31,39,40,44,93,98,103" m="50761" machi="24" ten="40,1500,0" yaku="20,1" doraHai="56" who="3" fromWho="3" sc="210,-6,380,-9,160,-6,240,31" /><INIT seed="2,0,0,4,4,71" ten="204,371,154,271" oya="2" hai0="124,45,6,9,1,88,112,65,79,14,125,13,8" hai1="77,18,12,116,121,59,41,101,16,103,56,68,27" hai2="119,54,128,95,81,82,86,69,7,126,50,105,135" hai3="3,111,107,91,31,66,34,62,84,47,57,109,102"/><V127/><F69/><W30/><G3/><T19/><D79/><U114/><E68/><V42/><F105/><W92/><G34/><T25/><D65/><U37/><E116/><V44/><F119/><W53/><G107/><T108/><D45/><U110/><E114/><V113/><F113/><W0/><G0/><T63/><D63/><U60/><E77/><V4/><F128/><W35/><G35/><T90/><D112/><U70/><E70/><V36/><F95/><W43/><G66/><T29/><D108/><N who="3" m="41545" /><G102/><T10/><D88/><U106/><E103/><V32/><F32/><W120/><G120/><T67/><D90/><U80/><E101/><V17/><F17/><W26/><G26/><T115/><D67/><U49/><E16/><V58/><F135/><W133/><G133/><T38/><D38/><AGARI ba="0,0" hai="30,31,38,43,47,53,57,62,84,91,92" m="41545" machi="38" ten="30,2000,0" yaku="14,1,52,1" doraHai="71" who="3" fromWho="0" sc="204,-20,371,0,154,0,271,20" /><INIT seed="3,0,0,4,3,73" ten="184,371,154,291" oya="3" hai0="124,84,132,59,30,5,117,64,113,42,99,109,100" hai1="112,32,74,29,37,27,24,65,19,116,67,102,28" hai2="33,12,127,134,58,25,11,115,20,95,103,130,70" hai3="91,36,61,133,79,26,90,72,35,86,51,88,39"/><W6/><G72/><T14/><D42/><U119/><E37/><V76/><F70/><W135/><G6/><T128/><D109/><U78/><E102/><V13/><F33/><W125/><G125/><T69/><D69/><U55/><E19/><V8/><F115/><W50/><G61/><T75/><D75/><U44/><E112/><V15/><F127/><W71/><G71/><T45/><D30/><U87/><E74/><V120/><F120/><W96/><G96/><T40/><D128/><U43/><E55/><V114/><F114/><W18/><G39/><T54/><D64/><U118/><E44/><V0/><F134/><N who="3" m="51211" /><G36/><T9/><D132/><U49/><E49/><V22/><F58/><W121/><G121/><T97/><D124/><U21/><E43/><V89/><F103/><W17/><G17/><T107/><D117/><U131/><E131/><V34/><F130/><W23/><G35/><T82/><D113/><U122/><E122/><V2/><F34/><W57/><G57/><T62/><D100/><U10/><E10/><V93/><F2/><W68/><G68/><T105/><D105/><U104/><E104/><V46/><F46/><W31/><G31/><T1/><D1/><U80/><AGARI ba="0,0" hai="21,24,27,28,29,32,65,67,78,80,87,116,118,119" machi="80" ten="40,5200,0" yaku="0,1,12,1,52,1" doraHai="73" who="1" fromWho="1" sc="184,-13,371,52,154,-13,291,-26" /><INIT seed="4,0,0,5,0,134" ten="171,423,141,265" oya="0" hai0="130,58,10,66,103,102,42,2,82,25,91,81,87" hai1="77,17,21,54,64,129,94,19,40,80,122,14,126" hai2="55,32,75,92,119,15,20,112,111,86,78,116,63" hai3="61,90,35,48,28,107,105,108,135,56,5,47,52"/><T67/><D130/><U131/><E122/><V11/><F32/><W9/><G108/><T83/><D2/><U101/><E64/><N who="0" m="24617" /><D42/><U33/><E33/><V23/><F75/><W37/><G37/><T45/><D45/><U110/><E40/><V124/><F111/><W84/><G135/><T85/><D10/><U76/><E54/><V39/><F39/><W29/><G35/><T4/><D4/><U57/><E57/><N who="2" m="35263" /><F112/><W100/><G107/><T6/><D6/><U38/><E19/><N who="2" m="8703" /><F124/><W50/><G105/><T7/><D7/><U117/><E126/><V128/><F128/><W89/><G100/><N who="0" m="38443" /><D25/><U62/><E38/><V46/><F46/><W8/><G8/><T68/><D68/><U99/><E117/><V109/><F109/><W125/><G125/><T97/><D58/><U3/><E3/><V95/><F92/><AGARI ba="0,0" hai="81,82,83,85,87,91,92,97" m="38443,24617" machi="92" ten="30,1500,0" yaku="8,1" doraHai="134" who="0" fromWho="2" sc="171,15,423,0,141,-15,265,0" /><INIT seed="4,1,0,5,1,83" ten="186,423,126,265" oya="0" hai0="0,24,68,130,50,80,93,75,117,15,54,11,123" hai1="74,110,89,115,53,101,85,47,7,94,5,23,61" hai2="132,127,48,98,118,41,103,106,45,77,21,119,49" hai3="44,59,20,19,22,33,38,26,43,133,73,16,126"/><T114/><D0/><U129/><E74/><V76/><F127/><W97/><G126/><T131/><D68/><U79/><E110/><V108/><F108/><W111/><G111/><T25/><D117/><U122/><E122/><V63/><F63/><W31/><G133/><T6/><D123/><U51/><E129/><N who="0" m="49161" /><D93/><U30/><E61/><V71/><F71/><W12/><G73/><T62/><D62/><U91/><E79/><V121/><F132/><W64/><G64/><T14/><D14/><U34/><E34/><V107/><F121/><W18/><G97/><T29/><D114/><U46/><E46/><V78/><F21/><W13/><G59/><N who="0" m="33239" /><D29/><U104/><E104/><V84/><F106/><W9/><G12/><T99/><D99/><N who="1" m="57807" /><E101/><V28/><F28/><W55/><G55/><T100/><D100/><U65/><E65/><V124/><F124/><W88/><G33/><T3/><D3/><U109/><E115/><V52/><REACH who="2" step="1"/><F84/><REACH who="2" ten="186,423,116,265" step="2"/><W36/><G31/><T135/><D135/><U27/><E109/><V92/><F92/><AGARI ba="1,1" hai="5,7,23,27,30,47,51,53,85,91,92" m="57807" machi="92" ten="30,2000,0" yaku="8,1,52,1" doraHai="83" who="1" fromWho="2" sc="186,0,423,33,116,-23,265,0" /><INIT seed="5,0,0,5,1,89" ten="186,456,93,265" oya="1" hai0="84,123,38,17,128,129,115,94,25,42,21,27,91" hai1="109,62,103,79,16,133,2,77,95,135,51,71,98" hai2="50,113,65,118,10,63,108,7,125,47,55,90,37" hai3="20,5,86,52,66,80,54,87,85,26,121,19,11"/><U1/><E51/><V8/><F108/><W14/><G121/><T29/><D123/><U41/><E41/><V73/><F73/><W101/><G66/><T97/><D115/><U48/><E48/><V96/><F118/><W68/><G68/><T53/><D53/><U93/><E109/><V22/><F22/><W34/><G101/><T124/><D124/><U74/><E62/><V0/><F10/><W69/><G69/><T6/><D6/><U119/><E71/><V104/><F113/><W44/><G44/><T105/><D42/><U81/><E79/><V18/><F18/><W59/><G34/><T58/><D58/><U43/><E43/><V106/><F37/><W45/><G45/><T3/><D3/><U35/><E35/><V28/><F28/><W126/><G54/><T33/><D38/><U57/><E57/><V12/><F125/><W67/><G67/><T61/><D61/><U49/><E49/><V64/><F0/><W122/><G122/><T117/><D117/><U36/><E36/><V40/><F90/><N who="3" m="51495" /><G126/><T116/><D116/><U72/><E72/><V134/><F134/><N who="1" m="51209" /><E119/><V132/><F132/><W76/><G76/><T131/><D105/><U88/><E1/><V107/><F96/><AGARI ba="0,0" hai="17,21,25,27,29,33,84,91,94,96,97,128,129,131" machi="96" ten="40,2600,0" yaku="19,1,52,1" doraHai="89" who="0" fromWho="2" sc="186,26,456,0,93,-26,265,0" /><INIT seed="6,0,0,4,5,42" ten="212,456,67,265" oya="2" hai0="120,72,82,132,11,98,29,1,17,91,34,104,116" hai1="69,26,58,67,130,22,5,13,114,31,89,74,23" hai2="40,7,83,30,80,24,81,60,27,95,43,134,122" hai3="93,84,53,44,79,115,135,73,0,46,105,2,76"/><V15/><F122/><W64/><G105/><T71/><D120/><U121/><E74/><V19/><F7/><W97/><G64/><T94/><D132/><U112/><E69/><V47/><F60/><W75/><G84/><T37/><D37/><U119/><E89/><V52/><F134/><W63/><G63/><T102/><D71/><U6/><E58/><V12/><F95/><W14/><G135/><T18/><D116/><U28/><E67/><V61/><F30/><W109/><G14/><N who="2" m="5161" /><F61/><W92/><G53/><T100/><D29/><U126/><E119/><V88/><F88/><W49/><G49/><T85/><D34/><U56/><E121/><V99/><F99/><W59/><G59/><T103/><D17/><N who="1" m="10543" /><E56/><V21/><F24/><W108/><REACH who="3" step="1"/><G115/><REACH who="3" ten="212,456,67,255" step="2"/><T45/><D1/><U33/><E114/><V35/><F35/><W51/><G51/><AGARI ba="0,1" hai="19,21,27,40,43,47,51,52,80,81,83" m="5161" machi="51" ten="30,5800,0" yaku="8,1,52,1,54,1" doraHai="42" who="2" fromWho="3" sc="212,0,456,0,67,68,255,-58" /><INIT seed="6,1,0,4,4,102" ten="212,456,135,197" oya="2" hai0="81,86,22,39,108,96,5,21,134,103,116,91,46" hai1="66,35,8,94,117,64,124,113,16,70,24,57,92" hai2="89,11,60,73,14,34,53,63,121,88,61,27,37" hai3="48,83,12,100,78,31,45,1,38,126,107,112,56"/><V87/><F73/><W130/><G1/><T99/><D108/><U74/><E74/><V15/><F37/><W127/><G31/><T2/><D134/><U50/><E35/><V55/><F121/><W105/><G100/><T13/><D2/><U3/><E3/><V111/><F111/><W77/><G130/><T26/><D116/><U6/><E70/><V20/><F34/><W51/><G112/><T59/><D39/><U120/><E113/><V71/><F71/><W104/><G83/><T109/><D46/><U79/><E79/><N who="3" m="30218" /><G56/><T67/><D109/><U98/><E6/><N who="2" m="3447" /><F15/><W75/><G75/><T69/><D69/><U10/><E120/><V72/><F72/><W90/><G90/><N who="2" m="34921" /><F87/><W95/><G95/><T58/><D67/><U123/><E94/><V125/><F125/><N who="3" m="47627" /><G12/><T40/><D13/><U23/><E123/><V119/><F119/><W133/><G133/><T54/><D91/><N who="1" m="55583" /><E117/><V80/><F80/><W43/><AGARI ba="1,0" hai="38,43,45,48,51,104,105,107" m="47627,30218" machi="43" ten="40,8000,1" yaku="18,1,52,3" doraHai="102" who="3" fromWho="3" sc="212,-21,456,-21,135,-41,197,83" /><INIT seed="7,0,0,3,1,134" ten="191,435,94,280" oya="3" hai0="51,109,8,23,117,0,105,5,130,3,57,62,16" hai1="52,69,94,99,102,13,1,70,76,75,80,103,97" hai2="64,21,35,133,100,48,37,26,90,68,78,39,20" hai3="28,111,19,87,47,29,116,81,54,38,22,17,43"/><W95/><G116/><T10/><D105/><U7/><E1/><V66/><F78/><W6/><G111/><T126/><D109/><U59/><E13/><V108/><F100/><W120/><G120/><T14/><D117/><U33/><E7/><V34/><F48/><W73/><G6/><T79/><D130/><U125/><E125/><V2/><F2/><W101/><G17/><T40/><D79/><U45/><E45/><V121/><F133/><W86/><G73/><T36/><D36/><U104/><E33/><V118/><F26/><W27/><G54/><T56/><D126/><U129/><E129/><V60/><F60/><AGARI ba="0,0" hai="52,59,60,69,70,75,76,80,94,97,99,102,103,104" machi="60" ten="30,2000,0" yaku="7,1,54,1" doraHai="134" who="1" fromWho="2" sc="191,0,435,20,94,-20,280,0" owari="191,-21.0,455,56.0,74,-43.0,280,8.0" /></mjloggm>