<mjloggm ver="2.3"><GO type="41" lobby="0"/><UN n0="%6B%75%72%6F%31%36" n1="%E3%81%BE%E3%81%8D%63%68%61" n2="%E5%B0%B1%E6%B4%BB%E7%94%9F%40%E5%B7%9D%E6%9D%91%E8%BB%8D%E5%9B%A3" n3="%73%7C%79" dan="15,15,16,15" rate="2003.78,1984.65,2140.69,2122.81" sx="M,M,M,M"/><TAIKYOKU oya="0"/><INIT seed="0,0,0,1,0,0" ten="250,250,250,250" oya="0" hai0="49,111,85,76,116,77,60,14,11,131,19,80,117" hai1="56,53,28,122,55,61,12,107,62,129,50,120,132" hai2="95,32,118,89,74,75,16,4,47,21,106,97,37" hai3="79,42,110,1,119,64,44,123,134,34,88,8,52"/><T66/><D131/><U69/><E107/><V46/><F106/><W9/><G119/><T121/><D121/><U68/><E28/><V86/><F32/><W103/><G103/><T6/><D76/><U113/><E12/><V39/><F118/><W36/><G134/><T63/><D63/><U29/><E29/><V93/><F75/><W59/><G34/><T84/><D84/><U10/><E10/><V48/><F74/><W135/><G135/><T108/><D49/><N who="1" m="30767" /><E132/><V18/><F18/><W70/><G110/><N who="0" m="42027" /><D19/><U3/><E3/><V130/><F4/><W24/><G24/><T2/><D2/><U54/><E129/><V35/><F35/><W45/><G45/><T81/><D81/><U91/><E91/><V67/><F47/><W41/><G41/><T99/><D99/><U26/><E26/><V83/><F67/><W65/><G79/><T40/><D40/><U17/><E17/><V100/><F130/><W102/><G102/><T58/><AGARI ba="0,0" hai="6,11,14,58,60,66,77,80,85,116,117" m="42027" machi="58" ten="30,6000,0" yaku="14,1,10,1,52,1" doraHai="0" who="0" fromWho="0" sc="250,60,250,-20,250,-20,250,-20" /><INIT seed="0,1,0,1,1,90" ten="310,230,230,230" oya="0" hai0="17,119,127,27,36,29,38,8,116,72,9,98,88" hai1="66,130,94,14,135,62,6,124,71,11,95,32,5" hai2="107,42,125,133,104,45,49,83,21,76,26,31,113" hai3="85,2,97,99,57,106,52,109,77,15,4,112,39"/><T55/><D72/><U41/><E32/><V121/><F113/><W132/><G109/><T73/><D73/><U56/><E124/><V35/><F121/><W82/><G2/><T96/><D127/><U93/><E130/><V68/><F68/><W92/><G39/><T74/><D74/><U34/><E34/><V110/><F125/><W102/><G132/><T69/><D69/><U89/><E135/><V105/><F133/><W67/><G67/><T128/><D128/><U81/><E71/><V44/><F110/><W63/><G112/><T117/><D36/><U87/><E41/><V18/><F45/><W50/><G63/><T79/><D79/><U100/><E100/><V101/><F101/><W115/><G115/><T25/><D38/><U86/><REACH who="1" step="1"/><E5/><REACH who="1" ten="310,220,230,230" step="2"/><V108/><F108/><W1/><G1/><T134/><D134/><U126/><E126/><V54/><F42/><W12/><G4/><T22/><D119/><U58/><E58/><V59/><F59/><W23/><G23/><T19/><D117/><U114/><E114/><V47/><F47/><W43/><G43/><T120/><D120/><U103/><E103/><AGARI ba="1,1" hai="12,15,50,52,57,77,82,85,92,97,99,102,103,106" machi="103" ten="30,3900,0" yaku="7,1,52,1,54,1" doraHai="90" who="3" fromWho="1" sc="310,0,220,-42,230,0,230,52" /><INIT seed="1,0,0,3,3,104" ten="310,178,230,282" oya="1" hai0="111,129,24,3,68,2,34,91,123,10,32,133,76" hai1="19,124,50,113,31,60,13,114,86,7,99,49,75" hai2="106,102,64,84,132,78,120,12,22,89,59,8,42" hai3="25,41,87,135,47,20,82,45,117,131,15,94,73"/><U43/><E75/><V119/><F120/><W126/><G73/><T57/><D68/><U55/><E124/><V46/><F119/><W81/><G126/><T134/><D57/><U14/><E31/><V107/><F132/><N who="0" m="50794" /><D91/><U98/><E113/><V6/><F78/><W128/><G135/><T11/><D76/><U105/><E114/><V4/><F4/><W39/><G47/><T48/><D48/><N who="1" m="18539" /><E105/><V63/><F102/><W103/><G15/><N who="1" m="5642" /><E7/><V40/><F22/><W65/><G117/><T93/><D93/><U97/><E43/><V100/><F100/><W70/><G103/><T53/><D53/><U28/><E28/><V1/><F1/><N who="0" m="10" /><D123/><U96/><N who="1" m="24576" /><DORA hai="95" /><U109/><E109/><V116/><F116/><W66/><G70/><T72/><D72/><U30/><E30/><V121/><F121/><W61/><G41/><T108/><D24/><U92/><E19/><V51/><F42/><W5/><G5/><T85/><D85/><U69/><E69/><V17/><F6/><W90/><G87/><T127/><D127/><U16/><E16/><V88/><F89/><W77/><G90/><T18/><D18/><U52/><E60/><V110/><F110/><N who="0" m="42026" /><D129/><U0/><E0/><V83/><AGARI ba="0,0" hai="8,12,17,40,46,51,59,63,64,83,84,88,106,107" machi="83" ten="20,2700,0" yaku="0,1,7,1,54,1" doraHai="104,95" who="2" fromWho="2" sc="310,-7,178,-13,230,27,282,-7" /><INIT seed="2,0,0,0,1,115" ten="303,165,257,275" oya="2" hai0="28,17,53,108,78,1,111,38,0,130,9,63,7" hai1="49,123,126,55,103,12,36,127,82,77,10,60,50" hai2="81,120,19,29,90,47,129,84,14,92,124,88,122" hai3="75,74,135,6,33,69,113,95,3,70,116,125,16"/><V99/><F124/><W132/><G95/><T4/><D38/><U117/><E123/><V133/><F129/><W13/><G113/><T102/><D102/><U25/><E36/><V94/><F133/><N who="3" m="51275" /><G125/><N who="1" m="47626" /><E103/><V67/><F29/><W30/><G116/><T20/><D78/><U128/><E25/><V57/><F47/><W59/><G59/><T11/><D53/><U105/><E105/><V45/><F45/><W27/><G3/><T22/><D63/><U93/><E128/><V43/><F43/><W34/><G6/><T37/><D37/><U98/><E117/><V73/><F73/><N who="3" m="27659" /><G33/><T104/><D104/><U26/><E26/><V23/><REACH who="2" step="1"/><F81/><REACH who="2" ten="303,165,247,275" step="2"/><W83/><G83/><T86/><D130/><U85/><E55/><V131/><F131/><W119/><G119/><T62/><D28/><U91/><E60/><AGARI ba="0,1" hai="14,19,23,57,60,67,84,88,90,92,94,99,120,122" machi="60" ten="40,3900,0" yaku="1,1,54,1,53,0" doraHai="115" doraHaiUra="65" who="2" fromWho="1" sc="303,0,165,-39,247,49,275,0" /><INIT seed="2,1,0,5,5,102" ten="303,126,296,275" oya="2" hai0="115,31,12,51,45,23,2,126,93,42,80,49,16" hai1="78,36,79,101,86,94,17,41,30,128,104,98,47" hai2="108,90,120,122,63,9,50,124,96,106,61,27,55" hai3="19,72,77,133,14,11,39,20,40,131,26,15,13"/><V81/><F124/><W56/><G133/><T35/><D115/><U38/><E128/><V117/><F117/><W28/><G131/><T129/><D129/><U4/><E30/><V119/><F119/><W66/><G72/><T43/><D126/><U32/><E32/><V6/><F108/><W52/><G77/><T121/><D121/><U21/><E4/><V99/><F27/><W110/><G110/><T92/><D2/><U53/><E38/><V84/><F63/><W111/><G111/><T18/><D80/><U68/><E68/><V75/><F61/><W105/><G105/><T91/><D35/><U70/><E70/><V135/><F135/><W10/><G39/><T57/><D31/><U107/><E53/><V116/><F116/><W29/><G40/><T7/><D7/><U48/><E36/><V60/><F60/><N who="3" m="35847" /><G66/><T22/><D57/><U127/><E127/><V33/><F33/><W73/><G73/><T103/><D103/><U74/><E74/><V34/><F34/><W58/><G58/><T95/><D91/><U5/><E5/><V88/><F75/><W123/><G123/><T118/><D118/><U59/><E59/><V37/><F37/><W82/><G82/><T8/><D18/><U125/><E125/><V112/><F112/><W44/><G44/><AGARI ba="1,0" hai="8,12,16,22,23,42,43,44,45,49,51,92,93,95" machi="44" ten="40,5200,0" yaku="9,1,8,1,54,1" doraHai="102" who="0" fromWho="3" sc="303,55,126,0,296,0,275,-55" /><INIT seed="3,0,0,3,5,66" ten="358,126,296,220" oya="3" hai0="118,105,84,103,16,120,23,18,130,12,37,79,127" hai1="71,98,29,17,2,108,46,31,95,0,26,61,116" hai2="68,75,36,121,74,22,49,62,32,125,13,76,41" hai3="58,50,129,55,115,56,39,133,77,57,132,40,48"/><W69/><G77/><T6/><D37/><U128/><E108/><V30/><F49/><N who="3" m="19051" /><G115/><T34/><D34/><U19/><E128/><V14/><F14/><W110/><G129/><T91/><D120/><U25/><E116/><V82/><F13/><W90/><G90/><T65/><D65/><U51/><E0/><V131/><F22/><W8/><G8/><T111/><D118/><U80/><E2/><V73/><F125/><W33/><G33/><T20/><D6/><U101/><E80/><V81/><F81/><W134/><G110/><T64/><D111/><U106/><E95/><V109/><F109/><W87/><G87/><T54/><D130/><U96/><E96/><V9/><F9/><W63/><G69/><T44/><D127/><U43/><E26/><N who="2" m="18519" /><F131/><W78/><G78/><T24/><D79/><U86/><E86/><V11/><F11/><W52/><G55/><T122/><D122/><U67/><REACH who="1" step="1"/><E31/><REACH who="1" ten="358,116,296,220" step="2"/><V102/><F102/><W4/><G4/><T119/><D103/><U135/><E135/><V126/><F126/><W15/><G15/><T112/><D105/><U92/><E92/><V53/><F121/><W27/><G27/><T117/><D112/><U94/><E94/><V123/><F123/><W59/><G134/><T124/><D124/><U5/><E5/><V45/><F75/><W99/><G99/><T47/><D119/><U93/><E93/><V88/><F74/><W60/><G63/><T70/><D117/><U89/><E89/><V113/><F113/><W83/><G83/><T35/><D12/><U42/><E42/><V114/><F114/><RYUUKYOKU ba="0,1" sc="358,-15,116,15,296,-15,220,15" hai1="17,19,25,29,43,46,51,61,67,71,98,101,106" hai3="39,40,52,56,57,58,59,60,132,133" /><INIT seed="3,1,1,1,4,118" ten="343,131,281,235" oya="3" hai0="86,88,9,121,122,26,64,119,33,55,85,83,129" hai1="94,99,50,116,104,6,31,123,57,27,131,81,36" hai2="72,62,37,51,69,113,5,3,16,10,17,47,44" hai3="98,77,46,117,84,111,13,126,23,32,67,125,66"/><W103/><G117/><T19/><D119/><U100/><E116/><V91/><F113/><W96/><G32/><T124/><D124/><N who="3" m="47721" /><G111/><T102/><D102/><U101/><E36/><V1/><F1/><W22/><G46/><T107/><D107/><U40/><E131/><V49/><F72/><W89/><G77/><T60/><D33/><U73/><E6/><V56/><F69/><W108/><G108/><T42/><D42/><U110/><E110/><V11/><F37/><W65/><G13/><T93/><D55/><U75/><E40/><V82/><F3/><W105/><G98/><T61/><D61/><U54/><E100/><V71/><F71/><W78/><G78/><T7/><D19/><N who="2" m="7242" /><F5/><W127/><N who="3" m="47729" /><W74/><DORA hai="20" /><G74/><T79/><D26/><U130/><E130/><V76/><F76/><W90/><G89/><T80/><D80/><AGARI ba="1,1" hai="22,23,65,66,67,80,84,90,96,103,105" m="47729" machi="80" ten="40,2000,0" yaku="18,1" doraHai="118,20" who="3" fromWho="0" sc="343,-23,131,0,281,0,235,33" /><INIT seed="3,2,0,0,0,83" ten="320,131,281,268" oya="3" hai0="72,4,77,21,2,66,129,104,120,19,107,93,88" hai1="46,64,20,101,11,78,43,15,51,0,67,17,31" hai2="57,79,132,122,123,3,55,30,27,22,94,34,119" hai3="111,54,10,36,47,75,5,130,26,38,84,40,117"/><W121/><G117/><T110/><D120/><N who="2" m="46122" /><F119/><W76/><G121/><T106/><D129/><U116/><E116/><V125/><F3/><W100/><G100/><T56/><D110/><U135/><E135/><V74/><F132/><W86/><G130/><T42/><D42/><U109/><E109/><V63/><F125/><W103/><G103/><T39/><D39/><U41/><E101/><V91/><F79/><W131/><G131/><T92/><D2/><U12/><E0/><V118/><F74/><W14/><G111/><T128/><D4/><U60/><E78/><V32/><F118/><W115/><G115/><T134/><D134/><U48/><E60/><V18/><F30/><W9/><G36/><T124/><D128/><U35/><E35/><V82/><F82/><W127/><G127/><T99/><D124/><U33/><E33/><V81/><F81/><N who="3" m="45215" /><G26/><T65/><D56/><U85/><E85/><AGARI ba="2,0" hai="18,22,27,32,34,55,57,63,85,91,94" m="46122" machi="85" ten="30,2000,0" yaku="13,1,52,1" doraHai="83" who="2" fromWho="1" sc="320,0,131,-26,281,26,268,0" /><INIT seed="4,0,0,2,2,53" ten="320,105,307,268" oya="0" hai0="11,38,47,94,57,60,8,132,4,101,84,3,6" hai1="71,51,97,28,117,1,81,0,29,105,125,7,66" hai2="134,96,63,59,108,89,23,39,104,65,42,83,109" hai3="5,114,95,21,43,123,34,74,36,62,88,120,27"/><T44/><D132/><U130/><E125/><V13/><F134/><W46/><G114/><T121/><D38/><U106/><E117/><V14/><F39/><W15/><G74/><T76/><D121/><N who="3" m="46665" /><G34/><T33/><D33/><U31/><E130/><V70/><F42/><W22/><G62/><T37/><D37/><U19/><E81/><V9/><F70/><W12/><G5/><T26/><D26/><U116/><E116/><V80/><F104/><W67/><G67/><T73/><D73/><U45/><E19/><N who="2" m="10735" /><F108/><W111/><G111/><T68/><D68/><U112/><E112/><V41/><F41/><W135/><G135/><T131/><D131/><U124/><E124/><V77/><F77/><W78/><G78/><T10/><D10/><U52/><E7/><N who="2" m="3391" /><F109/><W90/><G90/><T16/><D16/><U129/><E129/><V72/><F72/><W18/><G22/><T85/><D85/><AGARI ba="0,0" hai="12,15,18,21,27,36,43,46,85,88,95" m="46665" machi="85" ten="30,2000,0" yaku="13,1,54,1" doraHai="53" who="3" fromWho="0" sc="320,-20,105,0,307,0,268,20" /><INIT seed="5,0,0,5,2,92" ten="300,105,307,288" oya="1" hai0="53,24,110,48,129,132,70,17,87,118,63,37,66" hai1="88,84,90,114,95,96,28,9,40,46,8,109,131" hai2="86,15,71,104,4,125,45,120,133,106,130,134,85" hai3="44,123,1,50,116,34,12,67,51,77,103,93,91"/><U5/><E131/><V80/><F120/><W112/><G34/><T78/><D118/><U127/><E127/><V111/><F71/><W42/><G1/><T135/><D110/><U100/><E109/><V94/><F111/><W55/><G116/><T58/><D129/><U47/><E114/><V113/><F125/><W89/><G112/><T49/><D78/><U108/><E108/><V124/><F124/><W61/><G77/><T56/><D87/><U82/><E28/><V107/><F130/><W97/><G12/><T62/><D17/><U60/><E60/><V65/><F65/><W32/><G32/><T29/><D24/><U126/><E126/><V99/><F45/><N who="1" m="16905" /><E40/><V119/><F119/><W105/><G123/><T68/><D29/><U38/><E38/><V6/><F113/><W19/><G19/><T74/><D74/><U26/><E26/><V59/><F59/><N who="3" m="37311" /><G105/><T52/><D66/><U2/><E2/><V20/><F20/><W25/><G25/><T83/><REACH who="0" step="1"/><D83/><REACH who="0" ten="290,105,307,288" step="2"/><N who="1" m="49183" /><E5/><V21/><F80/><W13/><G13/><T7/><D7/><U31/><E31/><V79/><F6/><W115/><G115/><T16/><D16/><U36/><E36/><AGARI ba="0,1" hai="36,37,48,49,52,53,56,58,62,63,68,70,132,135" machi="36" ten="25,12000,2" yaku="1,1,22,2,34,3,54,1,53,0" doraHai="92" doraHaiUra="72" who="0" fromWho="1" sc="290,130,105,-120,307,0,288,0" owari="420,52.0,-15,-52.0,307,11.0,288,-11.0" /></mjloggm>