<mjloggm ver="2.3"><GO type="169" lobby="0"/><UN n0="%E3%82%A6%E3%83%AB%E3%83%88%E3%83%A9%E7%AB%8B%E7%9B%B4" n1="%E4%B8%89%E8%89%B2%E5%90%8C%E5%88%BB%E2%98%86" n2="%E9%97%98%E5%A3%AB%E2%98%86%E3%81%8D%E3%82%80%E3%82%8A%E3%82%87%E3%83%BC" n3="%E3%82%B7%E3%83%A3%E3%83%B3%E3%83%86%E3%83%B3%E5%9C%B0%E7%8D%84%E2%98%86" dan="17,17,16,18" rate="2121.31,2173.65,2083.56,2184.97" sx="M,M,M,M"/><TAIKYOKU oya="0"/><INIT seed="0,0,0,5,1,100" ten="250,250,250,250" oya="0" hai0="4,132,58,122,75,133,41,25,111,46,32,21,128" hai1="57,38,47,102,68,120,90,51,50,23,33,61,71" hai2="76,67,37,135,48,20,55,45,91,3,22,85,70" hai3="104,115,116,31,80,66,92,5,73,123,113,105,107"/><T65/><D75/><U89/><E33/><V24/><F3/><W63/><G116/><T94/><D122/><U118/><E118/><V96/><F37/><W79/><G123/><T54/><D4/><U77/><E77/><V52/><F135/><N who="0" m="51786" /><D128/><U110/><E120/><V99/><F76/><W88/><G5/><T84/><D65/><U59/><E102/><V112/><F112/><W124/><G31/><N who="0" m="17839" /><D32/><U87/><E23/><V19/><F55/><W6/><G6/><T7/><D7/><U129/><E87/><V8/><F8/><W30/><G30/><T43/><D46/><U60/><E47/><V108/><F108/><W12/><G12/><T93/><D111/><U15/><E15/><V69/><F22/><W109/><G124/><T16/><D16/><U97/><E110/><V62/><REACH who="2" step="1"/><F70/><REACH who="2" ten="250,250,240,250" step="2"/><W117/><G109/><T127/><D127/><U64/><E71/><V114/><F114/><W119/><G119/><T29/><D41/><U26/><E68/><V49/><F49/><W74/><G117/><T125/><D43/><U17/><E38/><V95/><AGARI ba="0,1" hai="19,20,24,45,48,52,62,67,69,85,91,95,96,99" machi="95" ten="20,5200,0" yaku="1,1,0,1,7,1,54,1,53,0" doraHai="100" doraHaiUra="106" who="2" fromWho="2" sc="250,-26,250,-13,240,62,250,-13" /><INIT seed="1,0,0,1,2,38" ten="224,237,302,237" oya="1" hai0="5,4,135,2,114,89,95,85,107,98,63,35,29" hai1="28,59,15,103,122,109,119,69,12,75,86,92,115" hai2="9,41,19,79,116,0,58,3,33,93,113,134,104" hai3="87,105,70,61,25,45,121,91,97,128,26,53,7"/><U125/><E69/><V74/><F104/><W43/><G121/><T82/><D114/><U133/><E75/><V108/><F33/><W30/><G128/><T54/><D135/><U117/><E115/><V47/><F116/><W11/><G105/><T46/><D107/><U127/><E122/><V48/><F113/><W73/><G73/><T51/><D2/><U126/><E133/><V112/><F112/><W14/><G97/><T100/><D35/><U20/><E109/><V16/><F134/><W10/><G10/><T22/><D63/><U99/><E59/><V56/><F19/><W130/><G130/><T129/><D129/><U27/><REACH who="1" step="1"/><E86/><REACH who="1" ten="224,227,302,237" step="2"/><V52/><F108/><W102/><G70/><T57/><D57/><U13/><AGARI ba="0,1" hai="12,13,15,20,27,28,92,99,103,117,119,125,126,127" machi="13" ten="40,12000,1" yaku="1,1,2,1,0,1,18,1,53,0" doraHai="38" doraHaiUra="42" who="1" fromWho="1" sc="224,-40,227,130,302,-40,237,-40" /><INIT seed="1,1,0,5,4,115" ten="184,357,262,197" oya="1" hai0="49,14,48,40,39,116,56,45,74,131,71,86,113" hai1="96,70,37,98,69,83,30,90,18,43,84,75,132" hai2="135,52,77,7,91,76,23,109,58,9,31,36,119" hai3="4,66,80,26,53,1,123,47,12,89,126,125,92"/><U79/><E132/><V99/><F36/><W13/><G123/><T122/><D74/><U61/><E30/><V2/><F119/><W68/><G80/><T46/><D86/><U44/><E18/><V105/><F109/><W87/><G26/><T101/><D101/><U6/><E6/><V65/><F65/><W133/><G133/><T134/><D14/><U64/><REACH who="1" step="1"/><E70/><REACH who="1" ten="184,347,262,197" step="2"/><V32/><F135/><W27/><G4/><T88/><D134/><U128/><E128/><V127/><F31/><W60/><G1/><T107/><D71/><U130/><E130/><V29/><F29/><W82/><G125/><T20/><D131/><U118/><E118/><V62/><F127/><W55/><G126/><T22/><D116/><U97/><E97/><V67/><F99/><W11/><G68/><T5/><D5/><U0/><E0/><V57/><F7/><W102/><G13/><T121/><D122/><U95/><AGARI ba="1,1" hai="37,43,44,61,64,69,75,79,83,84,90,95,96,98" machi="95" ten="20,3900,0" yaku="1,1,0,1,7,1,53,0" doraHai="115" doraHaiUra="112" who="1" fromWho="1" sc="184,-14,347,52,262,-14,197,-14" /><INIT seed="1,2,0,3,1,98" ten="170,399,248,183" oya="1" hai0="130,52,97,24,104,39,18,133,36,67,5,94,78" hai1="0,87,62,73,26,43,71,58,49,119,106,19,53" hai2="74,69,8,95,75,100,61,15,37,116,117,40,108" hai3="54,1,6,3,7,86,25,111,112,45,99,60,105"/><U107/><E73/><V34/><F34/><W55/><G112/><T82/><D130/><U46/><E0/><V84/><F108/><W33/><G111/><T70/><D133/><U4/><E4/><V121/><F121/><W92/><G105/><T65/><D104/><U129/><E119/><V57/><F69/><W80/><G1/><T44/><D5/><U51/><E129/><V63/><F63/><W2/><G2/><T90/><D39/><U96/><E87/><V135/><F135/><W29/><G3/><T93/><D70/><U10/><E96/><V114/><F114/><W81/><G54/><T109/><D109/><U27/><E27/><V102/><F75/><W72/><G72/><T11/><D93/><U127/><E127/><V124/><F74/><W21/><G33/><T118/><D118/><U38/><E51/><V9/><F9/><W101/><G80/><T22/><D11/><U123/><E123/><V35/><F35/><W31/><G31/><T85/><D36/><U132/><E132/><V110/><F110/><W66/><G55/><T47/><D47/><U28/><E10/><V134/><F134/><W76/><REACH who="3" step="1"/><G45/><REACH who="3" ten="170,399,248,173" step="2"/><T131/><D131/><U59/><E107/><V17/><F117/><W13/><G13/><T125/><D125/><U77/><E106/><V48/><F116/><W88/><G88/><T128/><D128/><U16/><E77/><V56/><F15/><W32/><G32/><T115/><D115/><U42/><E46/><V30/><F124/><W113/><G113/><T41/><D52/><U23/><E53/><V89/><F89/><RYUUKYOKU ba="2,1" sc="170,15,399,-15,248,-15,173,15" hai0="18,22,24,41,44,65,67,78,82,85,90,94,97" hai3="6,7,21,25,29,60,66,76,81,86,92,99,101" /><INIT seed="2,3,1,1,0,76" ten="185,384,233,188" oya="2" hai0="114,27,7,13,104,81,74,20,119,11,33,123,49" hai1="105,108,91,87,86,43,26,57,36,84,16,100,66" hai2="22,79,52,19,55,112,121,101,85,106,78,93,72" hai3="5,133,111,110,126,92,51,58,6,1,34,63,88"/><V130/><F112/><W80/><G34/><T46/><D104/><U103/><E108/><N who="3" m="41514" /><G133/><T71/><D123/><U29/><E105/><V12/><F121/><W18/><G126/><T28/><D114/><U113/><E113/><V98/><F130/><W73/><G1/><T124/><D124/><U125/><E125/><V25/><F25/><W56/><G51/><T69/><D119/><U54/><E66/><V122/><F122/><W75/><G18/><T15/><D15/><U53/><E53/><N who="2" m="20555" /><F106/><W8/><G8/><T45/><D33/><U30/><E91/><V120/><F72/><N who="3" m="27723" /><G80/><T2/><D2/><U9/><E43/><V127/><F120/><W129/><G129/><T70/><REACH who="0" step="1"/><D49/><REACH who="0" ten="175,384,233,188" step="2"/><N who="1" m="30927" /><E36/><V135/><F127/><W89/><G5/><T38/><D38/><U17/><E26/><V67/><F135/><W77/><G6/><T21/><D21/><U24/><E24/><V4/><F4/><W61/><G77/><AGARI ba="3,2" hai="7,11,13,20,27,28,45,46,69,70,71,74,77,81" machi="77" ten="40,2600,0" yaku="1,1,52,1,53,0" doraHai="76" doraHaiUra="96" who="0" fromWho="3" sc="175,55,384,0,233,0,188,-35" /><INIT seed="3,0,0,1,2,15" ten="230,384,233,153" oya="3" hai0="54,18,48,6,135,22,102,126,28,43,123,109,23" hai1="92,63,51,65,71,77,10,36,26,93,115,70,24" hai2="42,122,73,37,40,131,88,67,14,112,47,33,25" hai3="116,117,39,74,19,12,29,89,84,50,41,113,1"/><W86/><G1/><T62/><D123/><U11/><E36/><V79/><F42/><W105/><G105/><T34/><D34/><U108/><E77/><V0/><F0/><W8/><G39/><T66/><D109/><U46/><E108/><V97/><F112/><W38/><G38/><T127/><D6/><U76/><E76/><V118/><F67/><W100/><G74/><T103/><D43/><U16/><E71/><V3/><F3/><W75/><G75/><T58/><D135/><U91/><E93/><V72/><F79/><W99/><G113/><T130/><D130/><U4/><E4/><V53/><F118/><W17/><G29/><T83/><D83/><U87/><E115/><V9/><F131/><W134/><G134/><T81/><D81/><U31/><E31/><V120/><F53/><W107/><G19/><T68/><D23/><U45/><E45/><V32/><F73/><W132/><G132/><T129/><D28/><U114/><E114/><V121/><F25/><W125/><G125/><N who="0" m="47627" /><D129/><U57/><E70/><V52/><F52/><W119/><REACH who="3" step="1"/><G89/><REACH who="3" ten="230,384,233,143" step="2"/><T13/><AGARI ba="0,1" hai="13,18,22,48,54,58,62,66,68,102,103" m="47627" machi="13" ten="30,2000,0" yaku="18,1,52,1" doraHai="15" who="0" fromWho="0" sc="230,30,384,-5,233,-5,143,-10" /><INIT seed="4,0,0,3,3,55" ten="260,379,228,133" oya="0" hai0="11,21,121,43,101,74,100,16,82,117,37,67,109" hai1="133,110,114,120,38,68,129,65,0,50,107,83,73" hai2="81,122,64,88,123,8,127,95,135,77,63,80,30" hai3="87,111,96,29,62,79,51,52,124,58,36,61,72"/><T103/><D121/><U59/><RYUUKYOKU type="yao9" ba="0,0" sc="260,0,379,0,228,0,133,0" hai1="0,38,50,59,65,68,73,83,107,110,114,120,129,133" /><INIT seed="4,1,0,1,1,24" ten="260,379,228,133" oya="0" hai0="28,15,16,106,22,96,89,88,122,98,49,94,39" hai1="27,55,71,66,132,73,38,10,57,69,119,113,40" hai2="123,70,44,14,21,35,100,95,124,58,18,8,65" hai3="47,29,56,32,2,20,79,111,135,114,90,9,116"/><T60/><D39/><U7/><E119/><V52/><F35/><W115/><G116/><T6/><D122/><U101/><E73/><V1/><F123/><W91/><G32/><T77/><D6/><U25/><E101/><V67/><F70/><W86/><G111/><T36/><D36/><U62/><E71/><V13/><F1/><W87/><G135/><T126/><D126/><U61/><E132/><V11/><F44/><W41/><G56/><T82/><D60/><U75/><E75/><V50/><F124/><W134/><G134/><T3/><D3/><U4/><E7/><V68/><F68/><W33/><G33/><T129/><D129/><U26/><E113/><N who="3" m="43018" /><G9/><N who="2" m="3657" /><F14/><W76/><G2/><T81/><D77/><N who="3" m="29769" /><G86/><T78/><D78/><U92/><E10/><V42/><F42/><W74/><G74/><T80/><D49/><U30/><E40/><V130/><F130/><W121/><G121/><T84/><D84/><U59/><E38/><V51/><F50/><N who="3" m="26991" /><G87/><T120/><D120/><U118/><E118/><V125/><F125/><W31/><G20/><N who="0" m="11295" /><D106/><U133/><E133/><V53/><F53/><W23/><G23/><T110/><D110/><U48/><E4/><V45/><F58/><W117/><G117/><T5/><D5/><U102/><E69/><V64/><F64/><W85/><G91/><N who="0" m="34891" /><D94/><AGARI ba="1,0" hai="29,31,85,90,94" m="26991,29769,43018" machi="94" ten="30,3900,0" yaku="15,1,52,2" doraHai="24" who="3" fromWho="0" sc="260,-42,379,0,228,0,133,42" /><INIT seed="5,0,0,1,2,99" ten="218,379,228,175" oya="1" hai0="102,82,120,112,111,1,125,34,124,74,23,94,117" hai1="46,16,52,105,133,3,92,5,68,50,0,40,93" hai2="18,59,58,101,14,135,25,79,80,26,17,30,90" hai3="109,128,81,8,44,65,42,62,75,4,119,107,131"/><U132/><E105/><V64/><F135/><N who="1" m="51785" /><E68/><V70/><F70/><W19/><G109/><T134/><D23/><U76/><E76/><V73/><F26/><W127/><G127/><N who="0" m="48715" /><D34/><U55/><E16/><V43/><F43/><W45/><G107/><T53/><D53/><N who="1" m="20555" /><E5/><V78/><F78/><W69/><G19/><T96/><D1/><AGARI ba="0,0" hai="0,1,3,40,46,50,92,93" m="20555,51785" machi="1" ten="30,2900,0" yaku="20,1,54,1" doraHai="99" who="1" fromWho="0" sc="218,-29,379,29,228,0,175,0" /><INIT seed="5,1,0,1,5,65" ten="189,408,228,175" oya="1" hai0="81,62,66,109,1,18,82,92,84,39,16,117,116" hai1="38,134,123,60,124,34,25,103,76,51,40,105,31" hai2="47,90,118,119,61,33,19,48,43,23,54,10,30" hai3="73,126,59,133,13,29,56,100,88,122,0,67,114"/><U41/><E123/><V91/><F33/><W104/><G0/><T74/><D39/><U36/><E134/><V121/><F121/><W7/><G73/><T2/><D109/><U26/><E41/><V107/><F107/><W64/><G133/><T95/><D84/><U20/><E76/><V27/><F119/><W87/><G122/><T127/><D66/><N who="3" m="25129" /><G104/><T72/><REACH who="0" step="1"/><D62/><REACH who="0" ten="179,408,228,175" step="2"/><U14/><E60/><V93/><F118/><W96/><G114/><T135/><D135/><U75/><E38/><V12/><F93/><N who="3" m="58383" /><G126/><AGARI ba="1,1" hai="1,2,16,18,72,74,81,82,92,95,116,117,126,127" machi="126" ten="25,12000,2" yaku="1,1,22,2,54,1,53,2" doraHai="65" doraHaiUra="15" who="0" fromWho="3" sc="179,133,408,0,228,0,175,-123" /><INIT seed="6,0,0,2,4,71" ten="312,408,228,52" oya="2" hai0="88,5,83,75,35,77,48,60,113,116,115,38,90" hai1="28,119,78,61,123,68,81,120,27,43,133,20,23" hai2="110,130,15,12,124,108,91,62,42,25,135,47,132" hai3="31,14,59,131,102,76,84,87,63,55,9,57,0"/><V104/><F104/><W53/><G0/><T26/><D48/><U64/><E119/><V17/><F124/><W19/><G131/><T33/><D60/><U92/><E92/><V8/><F130/><W134/><G134/><N who="2" m="51241" /><F91/><W89/><G102/><T7/><D116/><U30/><E43/><V99/><F99/><W24/><G76/><T72/><D26/><U98/><E98/><V36/><F25/><W56/><G89/><T1/><D77/><U126/><E126/><V118/><F118/><W49/><REACH who="3" step="1"/><G57/><REACH who="3" ten="312,408,228,42" step="2"/><T22/><D1/><U16/><E133/><V45/><F45/><W101/><G101/><T128/><D128/><U50/><E123/><V29/><F29/><W80/><G80/><T3/><D83/><U82/><E82/><V105/><F105/><W65/><G65/><T51/><D88/><U52/><E120/><V34/><F34/><AGARI ba="0,1" hai="9,14,19,24,31,34,49,53,55,56,59,63,84,87" machi="34" ten="30,2000,0" yaku="1,1,7,1,53,0" doraHai="71" doraHaiUra="114" who="3" fromWho="2" sc="312,0,408,0,228,-20,42,30" /><INIT seed="7,0,0,3,0,131" ten="312,408,208,72" oya="3" hai0="87,65,122,19,129,20,29,123,117,15,53,70,27" hai1="55,31,100,82,54,135,113,39,14,115,13,47,102" hai2="32,45,98,104,124,116,84,96,125,34,18,57,107" hai3="78,10,134,97,101,44,6,37,86,17,25,105,24"/><W121/><G121/><T43/><D117/><U75/><E135/><V9/><F116/><W42/><G17/><T50/><D129/><U48/><E31/><V49/><F57/><W109/><G109/><T126/><D126/><N who="2" m="48746" /><F84/><W91/><G78/><T2/><D2/><U41/><E82/><V7/><F18/><W111/><G111/><T59/><D43/><U77/><E77/><V26/><F98/><W112/><G112/><N who="1" m="43082" /><E55/><N who="2" m="30127" /><F96/><W73/><G73/><T38/><D38/><U58/><E75/><V71/><F71/><W67/><G67/><T66/><D70/><U5/><E5/><V72/><F72/><W8/><G134/><T110/><D110/><U118/><E118/><V22/><F104/><W36/><G36/><T95/><D123/><U127/><E127/><V132/><F107/><W88/><G10/><N who="0" m="6647" /><D122/><U99/><E102/><V133/><F32/><W74/><G74/><T51/><D51/><U94/><AGARI ba="0,0" hai="13,14,39,41,47,48,54,58,94,99,100" m="43082" machi="94" ten="30,1100,0" yaku="15,1" doraHai="131" who="1" fromWho="1" sc="312,-3,408,11,208,-3,72,-5" owari="309,11.0,419,51.0,205,-19.0,67,-43.0" /></mjloggm>