<mjloggm ver="2.3"><GO type="169" lobby="0"/><UN n0="%77%61%77%61%33%30%33%30" n1="%E3%82%BF%E3%82%B1%E3%82%BF%E3%82%B1%E3%82%BF%E3%82%B1" n2="%E3%82%A6%E3%83%AB%E3%83%88%E3%83%A9%E7%AB%8B%E7%9B%B4" n3="%6A%75%6D%70%2D%75%70" dan="16,18,17,17" rate="2193.05,2178.64,2158.56,2104.43" sx="M,M,M,M"/><TAIKYOKU oya="0"/><INIT seed="0,0,0,3,0,91" ten="250,250,250,250" oya="0" hai0="10,133,78,38,51,29,50,130,72,128,84,106,110" hai1="125,97,53,129,64,42,81,68,124,112,79,77,2" hai2="115,113,94,85,28,121,65,82,107,102,67,108,119" hai3="100,89,8,15,58,69,17,61,90,4,18,9,47"/><T83/><D38/><U49/><E2/><V3/><F3/><W117/><G117/><T131/><D106/><U1/><E1/><V132/><F28/><W86/><G69/><T135/><D29/><U6/><E6/><V31/><F31/><W92/><G100/><T109/><D10/><U104/><E42/><V98/><F65/><W116/><G116/><T7/><D7/><U26/><E26/><V126/><F67/><W63/><G63/><T120/><D120/><U95/><E104/><V88/><F119/><W24/><G24/><T62/><D62/><U35/><E35/><V80/><F121/><W20/><G47/><T34/><D34/><U101/><E129/><V73/><F108/><N who="0" m="41578" /><D72/><U123/><E123/><V37/><F37/><W103/><G103/><T33/><D33/><U54/><E112/><N who="2" m="43083" /><F126/><W44/><G44/><T46/><D50/><U11/><E49/><V76/><F132/><W43/><G43/><AGARI ba="0,0" hai="43,46,51,78,83,84,128,130,131,133,135" m="41578" machi="43" ten="40,7700,0" yaku="19,1,14,1,10,1" doraHai="91" who="0" fromWho="3" sc="250,77,250,0,250,0,250,-77" /><INIT seed="0,1,0,0,4,121" ten="327,250,250,173" oya="0" hai0="96,102,58,67,19,29,85,107,69,59,54,99,87" hai1="128,66,55,135,98,117,132,113,76,60,33,39,62" hai2="16,41,5,12,7,38,50,43,103,53,15,74,31" hai3="13,21,9,44,80,82,120,8,25,1,116,70,126"/><T17/><D29/><U65/><E33/><V48/><F74/><W131/><G70/><T73/><D73/><U90/><E90/><V100/><F31/><W84/><G116/><T40/><D69/><U83/><E98/><V35/><F38/><W63/><G126/><T108/><D40/><N who="2" m="15434" /><F35/><W49/><G131/><T95/><D67/><U47/><E39/><V105/><F105/><W114/><G114/><T34/><D34/><U88/><E76/><V3/><F3/><W64/><G120/><T110/><D58/><U89/><E83/><V27/><F27/><W125/><G125/><T32/><D32/><U123/><E47/><N who="2" m="27807" /><F50/><W86/><G1/><T97/><D97/><U106/><E55/><V23/><F15/><W28/><G49/><T133/><D133/><U30/><E30/><V112/><F112/><W122/><G44/><T109/><D87/><U42/><E42/><V68/><F68/><W71/><G122/><T36/><D85/><U127/><E127/><V77/><F77/><W24/><G24/><T11/><D11/><U10/><E10/><V14/><F14/><W22/><G22/><T20/><D20/><U37/><E37/><V75/><F75/><W57/><G71/><T118/><D36/><U78/><E123/><V130/><F130/><W92/><G92/><T94/><D107/><U93/><E106/><V79/><F79/><N who="3" m="46111" /><G13/><T119/><D118/><U26/><E128/><V61/><F61/><W46/><G46/><T101/><D119/><U72/><E117/><V0/><F0/><W134/><G134/><T104/><D104/><U4/><E135/><RYUUKYOKU ba="1,0" sc="327,10,250,-30,250,10,173,10" hai0="17,19,54,59,94,95,96,99,101,102,108,109,110" hai2="5,7,12,16,23,100,103" hai3="8,9,21,25,28,57,63,64,82,86" /><INIT seed="0,2,0,5,3,105" ten="337,220,260,183" oya="0" hai0="83,110,87,41,47,25,117,59,93,88,124,95,108" hai1="120,32,133,109,129,27,71,80,37,78,55,123,9" hai2="82,52,62,51,50,3,67,68,6,102,79,86,45" hai3="26,119,116,100,56,118,101,53,135,131,127,74,69"/><T29/><D117/><U134/><E71/><V111/><F111/><N who="0" m="42538" /><D59/><U121/><E37/><V18/><F102/><W14/><G69/><T98/><D124/><U77/><E109/><V31/><F31/><W11/><G127/><T73/><D98/><U72/><E129/><V1/><F6/><W92/><G131/><T46/><D73/><N who="1" m="43055" /><E55/><V128/><F128/><W15/><G135/><N who="1" m="51722" /><E9/><V130/><F130/><W43/><G74/><T35/><D47/><U94/><E94/><V19/><REACH who="2" step="1"/><F50/><AGARI ba="2,0" hai="25,29,35,41,46,50,83,87,88,93,95" m="42538" machi="50" ten="30,5800,0" yaku="14,1,10,1,54,1" doraHai="105" who="0" fromWho="2" sc="337,64,220,0,260,-64,183,0" /><INIT seed="0,3,0,1,3,23" ten="401,220,196,183" oya="0" hai0="22,0,100,38,87,49,4,37,52,118,51,21,57" hai1="97,135,74,94,18,90,128,123,76,6,81,89,59" hai2="70,29,53,71,12,48,91,127,54,42,15,78,68" hai3="83,125,102,84,129,101,133,62,44,116,33,64,30"/><T113/><D118/><U10/><E128/><V134/><F78/><W35/><G129/><T121/><D113/><U63/><E135/><V58/><F29/><W24/><G133/><T92/><D121/><U17/><E90/><V73/><F73/><W95/><G35/><T46/><D38/><U82/><E82/><V28/><F28/><W119/><G125/><T130/><D37/><U108/><E108/><V67/><F134/><W40/><G95/><T85/><D130/><U106/><E106/><V5/><F91/><W79/><G102/><T36/><D36/><U98/><E98/><V124/><F5/><W69/><REACH who="3" step="1"/><G101/><REACH who="3" ten="401,220,196,173" step="2"/><T13/><D100/><U7/><E123/><V117/><F117/><W80/><G80/><T2/><D92/><U93/><E93/><V120/><F120/><W112/><G112/><T126/><D126/><N who="2" m="48170" /><F12/><W3/><G3/><T110/><D2/><U72/><E81/><V26/><F15/><W56/><G56/><T107/><D0/><U43/><E94/><V45/><F26/><W132/><G132/><T39/><D110/><U34/><E34/><V50/><F50/><AGARI ba="3,1" hai="24,30,33,40,44,50,62,64,69,79,83,84,116,119" machi="50" ten="30,3900,0" yaku="1,1,7,1,52,1,53,0" doraHai="23" doraHaiUra="103" who="3" fromWho="2" sc="401,0,220,0,196,-48,173,58" /><INIT seed="1,0,0,2,5,46" ten="401,220,148,231" oya="1" hai0="10,78,35,129,88,92,119,16,36,79,53,101,104" hai1="75,48,90,120,66,113,19,83,127,25,33,97,64" hai2="54,126,80,106,51,7,99,131,30,87,37,0,31" hai3="76,107,17,118,29,18,12,105,84,5,44,72,63"/><U74/><E113/><V50/><F37/><W123/><G123/><T89/><D35/><U115/><E115/><V39/><F39/><W20/><G29/><T124/><D36/><U77/><E74/><V65/><F65/><W116/><G5/><T22/><D119/><N who="3" m="45609" /><G44/><T6/><D129/><U40/><E120/><V110/><F0/><W2/><G2/><T102/><D104/><U57/><E127/><V95/><F106/><W111/><G111/><T38/><D38/><U62/><E64/><V91/><F110/><W13/><G63/><T32/><D32/><U21/><E33/><V128/><F126/><W24/><G24/><T27/><D89/><U85/><E97/><V4/><F128/><W94/><G94/><T134/><D10/><U43/><E48/><N who="2" m="18475" /><F131/><W70/><G72/><T132/><D124/><U73/><E73/><V122/><F122/><W58/><G58/><T125/><D125/><U26/><E26/><V114/><F114/><W135/><G70/><T34/><D27/><U8/><E8/><V14/><F54/><W9/><G135/><T55/><D53/><U42/><REACH who="1" step="1"/><E75/><REACH who="1" ten="401,210,148,231" step="2"/><V15/><F4/><W96/><G96/><T108/><D6/><U67/><E67/><V49/><F49/><W130/><G130/><T3/><D34/><U45/><E45/><V98/><F98/><W56/><G56/><T60/><D132/><U59/><E59/><V11/><F15/><W100/><G100/><AGARI ba="0,1" hai="7,11,14,30,31,80,87,91,95,99,100" m="18475" machi="100" ten="30,7700,0" yaku="8,1,52,3" doraHai="46" who="2" fromWho="3" sc="401,0,210,0,148,87,231,-77" /><INIT seed="2,0,0,5,5,89" ten="401,210,235,154" oya="2" hai0="124,115,54,23,125,14,108,18,50,128,2,92,3" hai1="71,47,60,20,121,75,51,96,8,41,127,58,88" hai2="68,134,85,45,126,46,102,43,130,132,101,83,53" hai3="129,66,95,57,39,117,61,90,111,59,34,135,131"/><V113/><F113/><W74/><G74/><T15/><D115/><U87/><E75/><V32/><F32/><W29/><G39/><T7/><D128/><U84/><E71/><V98/><F68/><W16/><G117/><T24/><D108/><U80/><E127/><N who="0" m="48713" /><D92/><N who="1" m="56327" /><E121/><V112/><F112/><W100/><G29/><T4/><D4/><U123/><E123/><V38/><F126/><W81/><G34/><T27/><D14/><U28/><E8/><V120/><F120/><W106/><G81/><T105/><D105/><U73/><E73/><V9/><F9/><W97/><G135/><T25/><D7/><U94/><E94/><V86/><F130/><N who="3" m="49675" /><G111/><T1/><D1/><U10/><E10/><V52/><F83/><W30/><G30/><T12/><D12/><U70/><E70/><V110/><F110/><W49/><G100/><T19/><D19/><U78/><E78/><V26/><F26/><W119/><G106/><T104/><D104/><U72/><E72/><V22/><F22/><W5/><G5/><T44/><AGARI ba="0,0" hai="2,3,15,18,23,24,25,27,44,50,54" m="48713" machi="44" ten="30,1100,0" yaku="18,1" doraHai="89" who="0" fromWho="0" sc="401,11,210,-3,235,-5,154,-3" /><INIT seed="3,0,0,5,2,15" ten="412,207,230,151" oya="3" hai0="119,92,75,70,120,82,19,48,35,117,46,115,134" hai1="76,84,33,74,49,23,116,90,45,5,44,56,72" hai2="43,8,1,10,103,20,47,128,22,54,17,104,130" hai3="86,105,100,122,91,112,93,16,79,28,52,67,69"/><W9/><G122/><T114/><D70/><U18/><E33/><V77/><F77/><W36/><G112/><N who="0" m="43051" /><D35/><U57/><E116/><V108/><F103/><W78/><G69/><T65/><D65/><U113/><E113/><V73/><F104/><W13/><G67/><T68/><D68/><U40/><E5/><V30/><F73/><W121/><G36/><T4/><D4/><U63/><E76/><N who="3" m="29226" /><G105/><T71/><D71/><U0/><E45/><V26/><F54/><W38/><G38/><T88/><D82/><U66/><E57/><V39/><F108/><W12/><G121/><T132/><D75/><U126/><E126/><V32/><F22/><N who="3" m="11527" /><G100/><T21/><D120/><U111/><E0/><V94/><F1/><W124/><G124/><T2/><D2/><U123/><E111/><V96/><F128/><W53/><G28/><T135/><D48/><U55/><E123/><V89/><REACH who="2" step="1"/><F130/><REACH who="2" ten="412,207,220,151" step="2"/><W51/><G51/><T60/><D119/><U61/><E72/><V125/><F125/><W129/><G129/><T109/><D117/><U131/><E74/><V31/><F31/><W99/><G99/><T24/><D109/><U95/><E131/><V83/><F83/><W85/><G85/><T29/><D29/><U25/><E66/><V62/><F62/><AGARI ba="0,1" hai="18,23,25,40,44,49,55,56,61,62,63,84,90,95" machi="62" ten="30,3900,0" yaku="7,1,8,1,52,1" doraHai="15" who="1" fromWho="2" sc="412,0,207,49,220,-39,151,0" /><INIT seed="4,0,0,5,1,94" ten="412,256,181,151" oya="0" hai0="49,13,130,85,5,71,35,129,98,29,109,102,127" hai1="65,110,103,15,91,84,80,58,67,78,1,52,120" hai2="128,23,60,90,83,70,95,76,132,119,12,21,26" hai3="88,107,66,82,50,124,38,62,93,18,19,56,31"/><T3/><D3/><U37/><E37/><V46/><F128/><N who="0" m="49258" /><D71/><U77/><E1/><V92/><F132/><W135/><G107/><T54/><D127/><U81/><E110/><V123/><F123/><W63/><G38/><T51/><D85/><U7/><E120/><V34/><F119/><W43/><G31/><T133/><D133/><U53/><E103/><V36/><F92/><W89/><G135/><T16/><D5/><U116/><E116/><V125/><F125/><W96/><G124/><T44/><D51/><N who="1" m="31007" /><E53/><V111/><F111/><W105/><G62/><T121/><D109/><U28/><E28/><V61/><F70/><W73/><G105/><T68/><D68/><U27/><E27/><V115/><F26/><W69/><G73/><T55/><D29/><U74/><E74/><V24/><F61/><W30/><G30/><T10/><D121/><U106/><E106/><V122/><F60/><W11/><G11/><T4/><D55/><U134/><E81/><V117/><F83/><W99/><G82/><T9/><D35/><U0/><E0/><V48/><F34/><W39/><G39/><T101/><D101/><U86/><E86/><V17/><F36/><W6/><G6/><T45/><D45/><U59/><E59/><V113/><F122/><W20/><G20/><N who="0" m="11279" /><D4/><U79/><E134/><V8/><F117/><W87/><G87/><T42/><D42/><U22/><E7/><V75/><F46/><N who="3" m="25951" /><G69/><T108/><D108/><U40/><E40/><V57/><F75/><W33/><G33/><T104/><AGARI ba="0,0" hai="9,10,44,49,54,98,102,104" m="11279,49258" machi="104" ten="30,6000,0" yaku="19,1,52,1,54,1" doraHai="94" who="0" fromWho="0" sc="412,60,256,-20,181,-20,151,-20" /><INIT seed="4,1,0,0,2,110" ten="472,236,161,131" oya="0" hai0="46,39,74,11,35,37,134,3,56,105,38,15,85" hai1="102,10,63,6,28,69,26,70,77,59,9,83,132" hai2="25,61,118,49,5,22,64,44,135,122,45,54,8" hai3="18,12,31,113,79,116,124,0,60,19,7,131,43"/><T87/><D105/><U119/><E102/><V75/><F75/><W55/><G116/><T53/><D74/><U23/><E132/><V13/><F135/><W128/><G124/><T57/><D134/><U114/><E114/><V76/><F76/><W52/><G31/><T125/><D3/><U108/><E108/><V130/><F130/><N who="3" m="49707" /><G43/><T32/><D125/><U34/><E34/><V94/><F122/><W98/><G0/><T4/><D56/><U91/><E91/><V133/><F133/><W67/><G98/><T47/><D35/><U93/><E93/><V86/><F118/><W71/><G113/><T106/><D32/><U90/><E90/><N who="2" m="53591" /><F61/><W95/><G95/><T127/><D106/><U1/><E10/><V62/><F62/><W20/><G7/><T104/><D104/><U96/><E96/><V129/><F129/><W97/><G97/><T73/><D73/><U120/><E120/><V50/><F64/><W99/><G99/><T109/><D109/><U51/><E119/><V100/><F100/><W65/><G65/><T111/><D111/><U117/><E117/><V29/><F50/><W123/><G79/><T89/><D127/><U84/><E51/><V101/><F101/><W126/><G123/><T48/><REACH who="0" step="1"/><D87/><REACH who="0" ten="462,236,161,131" step="2"/><U82/><E84/><V88/><F45/><W40/><G40/><T80/><AGARI ba="1,1" hai="4,11,15,37,38,39,46,47,48,53,57,80,85,89" machi="80" ten="30,11700,0" yaku="1,1,2,1,0,1,53,1" doraHai="110" doraHaiUra="81" who="0" fromWho="0" sc="462,130,236,-40,161,-40,131,-40" /><INIT seed="4,2,0,2,1,114" ten="592,196,121,91" oya="0" hai0="50,82,102,89,29,33,68,95,97,108,35,109,28" hai1="2,133,113,94,127,10,104,79,3,22,91,73,117" hai2="13,42,84,25,5,88,69,128,36,8,34,30,74" hai3="57,11,77,67,23,85,118,123,6,17,12,83,98"/><T41/><D68/><U21/><E104/><V43/><F128/><W101/><G123/><T55/><D41/><U49/><E79/><V130/><F130/><W110/><G110/><N who="0" m="42603" /><D82/><U53/><E73/><V24/><F74/><W120/><G120/><T62/><D62/><U80/><E80/><V38/><F69/><W15/><G118/><T46/><D89/><U132/><E117/><V70/><F70/><W121/><G121/><T76/><D76/><U111/><E127/><V115/><F115/><W87/><G67/><T131/><D131/><U66/><E66/><V51/><F51/><W0/><G57/><T47/><D46/><N who="1" m="27831" /><E10/><V99/><F99/><W122/><G122/><T52/><D55/><U112/><E3/><V4/><F38/><W7/><G7/><T107/><D107/><U126/><E2/><V100/><F100/><W96/><G0/><T31/><AGARI ba="2,0" hai="28,29,31,33,35,47,50,52,95,97,102" m="42603" machi="31" ten="30,3000,0" yaku="10,1,54,1" doraHai="114" who="0" fromWho="0" sc="592,36,196,-12,121,-12,91,-12" /><INIT seed="4,3,0,1,3,10" ten="628,184,109,79" oya="0" hai0="126,98,67,68,109,46,72,60,49,25,32,122,81" hai1="94,103,61,3,92,20,24,18,54,116,39,132,76" hai2="63,66,71,97,95,4,107,37,44,115,30,75,56" hai3="5,77,85,99,0,58,114,131,113,52,111,89,127"/><T83/><D122/><U33/><E39/><V119/><F115/><N who="3" m="44043" /><G111/><T26/><D109/><U6/><E132/><V128/><F128/><W112/><N who="3" m="44051" /><W87/><DORA hai="117" /><G5/><T21/><D126/><U121/><E121/><V79/><F4/><W123/><G0/><T42/><D72/><U73/><E103/><V96/><F75/><W14/><G123/><T78/><D78/><U130/><E130/><V55/><F79/><W100/><G127/><T93/><D32/><U84/><E33/><V16/><F30/><W11/><G89/><T36/><D26/><U8/><E116/><V12/><F107/><N who="3" m="63903" /><G77/><T17/><REACH who="0" step="1"/><D36/><REACH who="0" ten="618,184,109,79" step="2"/><U105/><E76/><V82/><F37/><W48/><G131/><T15/><D15/><U104/><E24/><V47/><F12/><W43/><G43/><T23/><D23/><U118/><E20/><V40/><F40/><W106/><G106/><T135/><D135/><U64/><E105/><V90/><F119/><W1/><G1/><T101/><AGARI ba="3,1" hai="17,21,25,42,46,49,60,67,68,81,83,93,98,101" machi="101" ten="20,3900,0" yaku="1,1,0,1,7,1,53,0" doraHai="10,117" doraHaiUra="74,28" who="0" fromWho="0" sc="618,58,184,-16,109,-16,79,-16" /><INIT seed="4,4,0,4,2,103" ten="676,168,93,63" oya="0" hai0="61,108,30,91,16,43,83,98,26,117,107,119,27" hai1="40,122,105,47,10,63,52,74,116,59,5,86,56" hai2="114,104,67,72,23,111,110,99,80,20,82,32,55" hai3="12,125,77,24,81,57,46,133,100,88,84,44,22"/><T64/><D108/><U53/><E74/><V101/><F32/><W129/><G129/><T41/><D41/><U120/><E116/><V3/><F3/><W13/><G133/><T6/><D6/><U42/><E105/><V127/><F67/><W113/><G125/><T85/><D43/><U71/><E71/><V62/><F127/><W60/><G113/><T4/><D4/><U93/><E42/><V94/><F114/><W21/><G100/><T102/><D27/><U31/><E31/><V73/><F20/><N who="3" m="7787" /><G24/><T112/><D16/><U58/><E58/><V75/><F23/><W106/><G106/><T70/><REACH who="0" step="1"/><D112/><REACH who="0" ten="666,168,93,63" step="2"/><U45/><E40/><V38/><F38/><W19/><G77/><T51/><D51/><U124/><E5/><V130/><F62/><W135/><G135/><T54/><D54/><U35/><E52/><V33/><F55/><N who="3" m="33855" /><G19/><T28/><D28/><U87/><E63/><V29/><F29/><W18/><G18/><T78/><D78/><U90/><E124/><V17/><F17/><W128/><G128/><T109/><D109/><U66/><E53/><V7/><F130/><W123/><G123/><T9/><D9/><U34/><E10/><V95/><F7/><W48/><G48/><T8/><D8/><U131/><E131/><V134/><F134/><W39/><G39/><T0/><D0/><U121/><E121/><V14/><F111/><W79/><G79/><T68/><D68/><U36/><E36/><V11/><F110/><W37/><G37/><T132/><D132/><U65/><E122/><V92/><F33/><AGARI ba="4,1" hai="26,30,33,61,64,70,83,85,91,98,102,107,117,119" machi="33" ten="30,18000,2" yaku="1,1,7,1,25,2,52,1,53,1" doraHai="103" doraHaiUra="96" who="0" fromWho="2" sc="666,202,168,0,93,-192,63,0" owari="868,97.0,168,-3.0,-99,-60.0,63,-34.0" /></mjloggm>