<mjloggm ver="2.3"><GO type="97" lobby="0"/><UN n0="%41%2D%2D%42%2D%2D%43%32" n1="%E5%B0%B1%E6%B4%BB%E7%94%9F%40%E5%B7%9D%E6%9D%91%E8%BB%8D%E5%9B%A3" n2="%E9%AB%98%E5%86%86%E5%AF%BA%E3%83%91%E3%83%AB" n3="%E9%A6%AC%E9%B9%BF%E3%81%A0%E3%81%AA%E4%BF%BA" dan="15,15,14,15" rate="2016.75,2029.94,1861.28,1989.59" sx="M,M,M,M"/><TAIKYOKU oya="0"/><INIT seed="0,0,0,4,5,132" ten="250,250,250,250" oya="0" hai0="21,38,100,116,32,80,35,58,75,34,42,47,103" hai1="48,46,37,122,123,49,61,54,127,13,108,89,104" hai2="88,69,0,68,95,128,113,117,125,105,27,26,101" hai3="55,11,57,36,76,131,119,82,62,14,79,16,83"/><T15/><D116/><U110/><E104/><V71/><F117/><W107/><G119/><T99/><D58/><N who="1" m="35031" /><E89/><V40/><F40/><W45/><G107/><T2/><D2/><U63/><E13/><V133/><F0/><W33/><G33/><T74/><D80/><N who="3" m="30761" /><G36/><T64/><D64/><U67/><E127/><V84/><F125/><W41/><G41/><T111/><D111/><N who="1" m="42539" /><E37/><V9/><F133/><W65/><G131/><T94/><REACH who="0" step="1"/><D103/><REACH who="0" ten="240,250,250,250" step="2"/><U6/><E6/><V118/><F101/><W78/><G45/><T106/><D106/><U120/><E46/><V25/><F105/><W59/><G57/><AGARI ba="0,1" hai="48,49,57,63,67,120,122,123" m="42539,35031" machi="57" ten="40,5200,0" yaku="14,1,34,2" doraHai="132" who="1" fromWho="3" sc="240,0,250,62,250,0,250,-52" /><INIT seed="1,0,0,3,0,87" ten="240,312,250,198" oya="1" hai0="15,36,111,82,2,75,43,17,38,116,16,55,28" hai1="91,115,1,46,126,99,86,45,97,118,92,94,27" hai2="35,18,132,125,10,54,96,31,74,121,62,19,117" hai3="114,14,42,48,20,68,100,128,129,0,108,52,70"/><U120/><E1/><V66/><F74/><W83/><G0/><T71/><D2/><U63/><E120/><V24/><F121/><W122/><G122/><T6/><D116/><U61/><E118/><V13/><F117/><W30/><G114/><T77/><D111/><U40/><E115/><V59/><F125/><W64/><G42/><T79/><D71/><U119/><E119/><V60/><F132/><W85/><G100/><T67/><D67/><U134/><E134/><V9/><F96/><W12/><G108/><T44/><D28/><U21/><E126/><V135/><F135/><W33/><G33/><T4/><D38/><U78/><E78/><V26/><F24/><N who="3" m="16647" /><G64/><T7/><D79/><U32/><E32/><V113/><F113/><W76/><G68/><T56/><REACH who="0" step="1"/><D15/><REACH who="0" ten="230,312,250,198" step="2"/><U39/><E39/><V123/><F123/><W109/><G70/><T23/><D23/><U133/><E133/><V47/><F66/><W95/><G109/><T93/><D93/><U98/><E94/><V73/><F13/><W106/><G106/><T11/><D11/><U124/><E124/><V89/><F9/><W72/><G14/><T69/><D69/><U102/><E102/><V58/><F10/><W90/><G12/><T51/><AGARI ba="0,1" hai="4,6,7,16,17,36,43,44,51,55,56,75,77,82" machi="51" ten="30,4000,0" yaku="1,1,0,1,54,1,53,0" doraHai="87" doraHaiUra="80" who="0" fromWho="0" sc="230,50,312,-20,250,-10,198,-10" /><INIT seed="2,0,0,2,1,124" ten="280,292,240,188" oya="2" hai0="66,60,81,93,13,122,133,134,108,40,3,19,44" hai1="121,45,130,2,89,73,21,69,41,29,53,47,107" hai2="59,54,94,32,114,6,7,87,90,20,99,38,95" hai3="43,77,123,129,37,57,119,70,135,110,26,91,118"/><V25/><F114/><W28/><G77/><T61/><D3/><U109/><E2/><V23/><F38/><W112/><G91/><T48/><D122/><U36/><E107/><V127/><F32/><W0/><G57/><T63/><D81/><U82/><E69/><V105/><F105/><W49/><G49/><T11/><D108/><U62/><E121/><V84/><F84/><W31/><G31/><T12/><D93/><U100/><E100/><N who="2" m="60535" /><F23/><W18/><G18/><T131/><D131/><U104/><E104/><V27/><F127/><W24/><G24/><N who="2" m="9289" /><F20/><W67/><G123/><T55/><D13/><U92/><E21/><V50/><AGARI ba="0,0" hai="6,7,50,54,59,87,90,95" m="9289,60535" machi="50" ten="30,1500,0" yaku="8,1" doraHai="124" who="2" fromWho="2" sc="280,-5,292,-5,240,15,188,-5" /><INIT seed="2,1,0,2,2,50" ten="275,287,255,183" oya="2" hai0="130,92,126,67,56,86,20,58,133,91,77,27,36" hai1="45,49,120,4,116,131,52,134,23,68,107,121,88" hai2="2,7,108,65,98,132,78,93,66,17,114,69,3" hai3="100,89,124,25,10,63,22,94,113,39,12,47,122"/><V61/><F114/><W60/><G113/><T128/><D36/><U73/><E68/><V42/><F132/><W74/><G74/><T53/><D133/><U87/><E107/><V0/><F42/><W76/><G122/><N who="1" m="47210" /><E73/><V117/><F117/><W62/><G124/><T125/><D77/><U106/><E106/><V123/><F123/><W101/><G76/><T119/><D67/><U112/><E112/><V129/><F65/><W81/><G39/><T28/><D119/><U37/><E116/><V5/><F78/><W32/><G32/><T29/><D29/><U26/><E134/><V102/><F129/><N who="0" m="49770" /><D58/><U21/><E131/><V11/><F108/><W79/><G47/><T57/><D57/><U90/><E4/><V111/><F111/><W9/><G81/><T41/><D41/><N who="1" m="22703" /><E87/><V18/><REACH who="2" step="1"/><F11/><REACH who="2" ten="275,287,245,183" step="2"/><W95/><G79/><T64/><D64/><U44/><E21/><V72/><F72/><W135/><G135/><T103/><D126/><U13/><E13/><V55/><F55/><W96/><G10/><T1/><D125/><U48/><E48/><V115/><F115/><W109/><G109/><T51/><D1/><U40/><E40/><V30/><F30/><AGARI ba="1,1" hai="23,26,30,44,49,52,88,90" m="22703,47210" machi="30" ten="30,7700,0" yaku="13,1,52,1,54,2" doraHai="50" who="1" fromWho="2" sc="275,0,287,90,245,-80,183,0" /><INIT seed="3,0,0,1,2,92" ten="275,377,165,183" oya="3" hai0="54,4,72,64,40,20,119,104,30,1,106,107,128" hai1="111,134,12,18,28,21,124,46,8,13,52,103,78" hai2="41,63,117,132,86,34,99,59,38,44,89,11,76" hai3="85,108,77,83,114,68,14,61,48,56,130,87,105"/><W65/><G105/><T9/><D119/><U91/><E111/><V2/><F117/><W123/><G123/><T39/><D72/><U51/><E134/><V17/><F34/><W19/><G108/><T126/><D64/><U131/><E124/><V25/><F132/><W47/><G114/><T29/><D126/><U98/><E131/><V133/><F133/><W109/><G109/><T35/><D35/><U88/><E78/><V129/><F129/><W94/><G130/><T33/><D33/><U7/><E28/><V69/><F69/><W60/><G87/><T73/><D73/><U27/><E27/><V112/><F76/><W74/><G74/><T80/><D80/><U97/><E97/><V66/><F112/><W81/><G81/><T125/><D125/><U49/><E49/><V84/><F2/><W95/><G61/><T90/><D128/><U10/><E10/><V122/><F122/><W118/><G68/><T93/><D54/><U121/><E121/><V62/><F62/><W79/><G77/><T82/><D82/><U3/><E3/><V110/><F110/><W23/><G118/><T32/><D32/><U127/><E127/><V22/><REACH who="2" step="1"/><F11/><REACH who="2" ten="275,377,155,183" step="2"/><W75/><G75/><T26/><D107/><AGARI ba="0,1" hai="7,8,12,13,18,21,46,51,52,88,91,98,103,107" machi="107" ten="30,7700,0" yaku="7,1,52,1,54,2" doraHai="92" who="1" fromWho="0" sc="275,-77,377,87,155,0,183,0" owari="198,0.0,464,56.0,155,-34.0,183,-22.0" /></mjloggm>