<mjloggm ver="2.3"><GO type="169" lobby="0"/><UN n0="%2A%E3%81%B6%E3%81%A3%E3%81%A1%2A" n1="%E3%81%B5%E3%81%86%E3%81%8C%E2%99%AA" n2="%E7%8A%AC%E4%BE%8D" n3="%E3%82%A6%E3%83%AB%E3%83%88%E3%83%A9%E7%AB%8B%E7%9B%B4" dan="17,17,16,17" rate="2182.32,2078.58,2100.85,2152.57" sx="M,M,M,M"/><TAIKYOKU oya="0"/><INIT seed="0,0,0,1,4,50" ten="250,250,250,250" oya="0" hai0="16,111,126,117,118,103,8,15,83,36,14,60,54" hai1="56,135,45,63,71,113,107,10,34,98,78,2,0" hai2="4,122,21,61,97,11,95,86,75,80,31,52,24" hai3="57,77,84,22,81,64,73,115,127,93,66,7,94"/><T102/><D36/><U43/><E71/><V39/><F39/><W79/><G7/><T27/><D126/><U100/><E34/><V114/><F75/><W12/><G115/><T9/><D27/><U17/><E135/><V125/><F125/><W29/><G127/><T46/><D111/><U30/><E30/><V90/><F122/><W33/><G33/><T87/><D117/><U91/><E78/><V134/><F134/><W23/><G73/><T119/><D119/><U72/><E91/><V35/><F35/><W20/><G29/><T19/><D118/><U18/><E72/><V108/><F108/><W76/><G12/><T121/><D121/><U6/><E0/><V42/><F42/><W47/><G47/><T1/><D1/><U82/><E82/><V123/><F123/><W133/><G133/><T59/><D46/><U28/><E28/><V130/><F130/><W85/><G57/><T3/><D3/><U96/><E96/><V5/><F11/><W124/><G124/><T13/><D13/><U55/><REACH who="1" step="1"/><E113/><REACH who="1" ten="250,240,250,250" step="2"/><V120/><F114/><W58/><G81/><T26/><REACH who="0" step="1"/><D26/><REACH who="0" ten="240,240,250,250" step="2"/><U38/><AGARI ba="0,2" hai="2,6,10,17,18,38,43,45,55,56,63,98,100,107" machi="38" ten="20,8000,1" yaku="1,1,2,1,0,1,7,1,52,1,53,0" doraHai="50" doraHaiUra="89" who="1" fromWho="1" sc="240,-40,240,100,250,-20,250,-20" /><INIT seed="1,0,0,1,3,9" ten="200,340,230,230" oya="1" hai0="31,60,77,57,99,2,69,29,68,117,80,67,90" hai1="10,66,71,114,8,81,30,74,115,131,94,20,122" hai2="124,43,32,120,4,126,73,26,34,12,35,85,53" hai3="58,37,76,133,118,113,21,61,13,11,134,102,59"/><U97/><E122/><V89/><F73/><W49/><G37/><T105/><D117/><U88/><E131/><V78/><F78/><W116/><G76/><T65/><D2/><U63/><E74/><V130/><F120/><W92/><G21/><T104/><D90/><U91/><E81/><V17/><F4/><W41/><G113/><T83/><D77/><U123/><E123/><V50/><F43/><W33/><G33/><T112/><D57/><U0/><E91/><V38/><F38/><W87/><G49/><T127/><D60/><U110/><E110/><V19/><F19/><N who="3" m="8639" /><G41/><T106/><D127/><N who="2" m="48682" /><F130/><W121/><G121/><T70/><D112/><U46/><E0/><V84/><F26/><W24/><G24/><T128/><D99/><U27/><E115/><V40/><F40/><W119/><G87/><T47/><D128/><U3/><E3/><V18/><F18/><W125/><G125/><T108/><D47/><U135/><E114/><V93/><F85/><W109/><G109/><T56/><D108/><U25/><E46/><N who="2" m="27863" /><F35/><W45/><G45/><T96/><D96/><U15/><E27/><V28/><F28/><N who="0" m="10826" /><D56/><N who="3" m="21545" /><G61/><T5/><D5/><U79/><E79/><V95/><F95/><W52/><G52/><T107/><D107/><U129/><E129/><V72/><F72/><W111/><G111/><T48/><D48/><U132/><REACH who="1" step="1"/><E8/><AGARI ba="0,0" hai="8,12,17,32,34,84,89,93" m="27863,48682" machi="8" ten="30,2000,0" yaku="18,1,52,1" doraHai="9" who="2" fromWho="1" sc="200,0,340,-20,230,20,230,0" /><INIT seed="2,0,0,0,4,37" ten="200,320,250,230" oya="2" hai0="86,2,101,76,65,132,6,109,135,134,97,42,59" hai1="32,108,87,29,24,92,121,67,127,123,30,22,11" hai2="14,74,110,133,49,118,70,116,43,51,57,94,119" hai3="0,107,46,100,48,61,9,99,89,75,50,52,1"/><V82/><F70/><W124/><G75/><T62/><D109/><U125/><E67/><V98/><F110/><W112/><G124/><N who="1" m="47690" /><E108/><V122/><F122/><N who="1" m="46601" /><E87/><V25/><F133/><W58/><G112/><T3/><D6/><U126/><E92/><V26/><F14/><W47/><G89/><T106/><REACH who="0" step="1"/><D42/><REACH who="0" ten="190,320,250,230" step="2"/><U33/><E126/><V66/><F43/><W40/><REACH who="3" step="1"/><G9/><REACH who="3" ten="190,320,250,220" step="2"/><T113/><D113/><U129/><E11/><V88/><F119/><W18/><G18/><T71/><D71/><U130/><E30/><V90/><F118/><W117/><G117/><T60/><D60/><U68/><E68/><V93/><F116/><W55/><AGARI ba="0,2" hai="0,1,40,46,47,48,50,52,55,58,61,99,100,107" machi="55" ten="20,12000,2" yaku="1,1,0,1,7,1,52,1,54,1,53,2" doraHai="37" doraHaiUra="44" who="3" fromWho="3" sc="190,-30,320,-30,250,-60,220,140" /><INIT seed="3,0,0,5,1,41" ten="160,290,190,360" oya="3" hai0="76,77,104,4,106,74,122,40,131,134,82,93,102" hai1="75,90,54,61,81,92,72,79,60,58,110,28,2" hai2="38,62,65,103,1,39,34,78,37,91,88,9,56" hai3="130,5,118,33,99,31,29,57,48,42,46,53,120"/><W73/><G120/><T21/><D122/><U89/><E110/><V16/><F34/><W124/><G118/><T49/><D131/><U17/><E75/><V84/><F103/><W7/><G73/><T22/><D134/><U128/><E128/><V11/><F1/><W59/><G124/><T35/><D77/><U96/><E2/><V32/><F32/><W126/><G126/><T6/><D35/><U25/><E17/><V14/><REACH who="2" step="1"/><F9/><REACH who="2" ten="160,290,180,360" step="2"/><W15/><G33/><T26/><D106/><U108/><E108/><V97/><F97/><W52/><G130/><T23/><D104/><U19/><E90/><V50/><F50/><N who="3" m="26967" /><G99/><T47/><D102/><U66/><E96/><V67/><F67/><W83/><G83/><AGARI ba="0,1" hai="11,14,16,37,38,39,56,62,65,78,83,84,88,91" machi="83" ten="40,5200,0" yaku="1,1,54,2,53,0" doraHai="41" doraHaiUra="20" who="2" fromWho="3" sc="160,0,290,0,180,62,360,-52" /><INIT seed="4,0,0,2,4,101" ten="160,290,242,308" oya="0" hai0="117,79,92,86,73,116,123,84,47,18,35,8,62" hai1="85,27,54,9,72,102,12,122,95,94,89,30,68" hai2="120,33,7,39,96,24,71,129,15,57,74,6,53" hai3="38,126,130,43,22,23,1,46,110,67,131,49,13"/><T48/><D123/><U36/><E72/><V29/><F71/><W108/><G1/><T111/><D35/><U80/><E122/><V55/><F74/><W90/><G126/><T65/><D111/><N who="3" m="42537" /><G67/><T125/><D125/><U106/><E68/><V32/><F129/><N who="3" m="49163" /><G90/><T16/><D73/><U88/><E54/><V14/><F120/><W100/><G100/><T31/><D31/><U40/><E40/><V133/><F133/><W115/><G115/><T45/><D79/><U119/><E36/><V98/><F39/><W61/><G61/><T104/><D104/><U63/><E63/><V37/><F37/><W112/><G112/><T26/><D62/><U124/><E124/><V66/><F66/><W91/><G49/><T69/><D65/><U114/><E114/><V113/><F113/><W25/><G25/><T44/><D69/><U78/><E119/><V93/><F24/><W4/><G91/><N who="0" m="53367" /><D117/><U103/><E103/><V134/><F134/><W3/><G3/><T75/><D116/><U19/><E102/><V28/><F93/><N who="1" m="35337" /><E106/><V105/><F105/><W127/><G127/><T70/><D70/><U118/><E118/><V50/><F50/><W56/><G56/><AGARI ba="0,0" hai="6,7,14,15,28,29,32,33,53,55,56,57,96,98" machi="56" ten="25,1600,0" yaku="22,2" doraHai="101" who="2" fromWho="3" sc="160,0,290,0,242,16,308,-16" /><INIT seed="5,0,0,0,5,124" ten="160,290,258,292" oya="1" hai0="0,66,89,97,108,125,123,17,76,71,98,65,73" hai1="69,107,128,3,88,31,105,53,70,91,12,100,132" hai2="18,36,27,49,133,104,14,87,111,112,68,121,24" hai3="95,58,16,37,99,32,126,115,15,117,90,74,127"/><U34/><E3/><V130/><F36/><W86/><G74/><T28/><D0/><U67/><E132/><V82/><F68/><W129/><G32/><T93/><D108/><U41/><E41/><V1/><F1/><W106/><G37/><T40/><D125/><N who="3" m="47625" /><G115/><T81/><D123/><U6/><E6/><V102/><F111/><W64/><G117/><T20/><D28/><U59/><E12/><V62/><F121/><W25/><G25/><T26/><D71/><U92/><E69/><V135/><F62/><N who="3" m="37975" /><G106/><T13/><D40/><U30/><E34/><V4/><F112/><W9/><G99/><T101/><REACH who="0" step="1"/><D26/><REACH who="0" ten="150,290,258,292" step="2"/><U48/><E30/><V22/><F27/><W96/><G96/><T38/><D38/><U56/><E31/><V45/><F135/><W23/><G9/><T19/><D19/><U44/><E70/><V50/><F133/><W75/><G75/><T134/><D134/><U83/><E107/><AGARI ba="0,1" hai="13,17,20,65,66,73,76,81,89,93,97,98,101,107" machi="107" ten="30,2000,0" yaku="1,1,7,1,53,0" doraHai="124" doraHaiUra="33" who="0" fromWho="1" sc="150,30,290,-20,258,0,292,0" /><INIT seed="6,0,0,1,0,2" ten="180,270,258,292" oya="2" hai0="28,29,127,99,18,4,45,3,53,88,34,9,121" hai1="58,31,89,116,71,16,131,25,95,69,0,13,78" hai2="82,43,35,73,46,55,42,5,97,101,83,119,33" hai3="19,27,44,102,56,93,52,107,40,122,59,85,12"/><V104/><F119/><W86/><G107/><T108/><D121/><U117/><E0/><V81/><F73/><W72/><G72/><T14/><D108/><U60/><E78/><V74/><F74/><W126/><G126/><T32/><D127/><U98/><E131/><V128/><F128/><W47/><G122/><T87/><D99/><U133/><E133/><V17/><F17/><W21/><G59/><T130/><D130/><U22/><E71/><V24/><F24/><W49/><G27/><T105/><D105/><U64/><REACH who="1" step="1"/><E69/><REACH who="1" ten="180,260,258,292" step="2"/><V51/><F35/><AGARI ba="0,1" hai="13,16,22,25,31,35,58,60,64,89,95,98,116,117" machi="35" ten="30,7700,0" yaku="1,1,2,1,7,1,54,1,53,0" doraHai="2" doraHaiUra="50" who="1" fromWho="2" sc="180,0,260,87,258,-77,292,0" /><INIT seed="7,0,0,5,2,94" ten="180,347,181,292" oya="3" hai0="72,2,107,45,17,59,112,110,35,122,89,53,69" hai1="34,76,44,78,103,52,10,46,90,40,43,22,82" hai2="33,8,48,96,64,5,38,102,16,25,134,14,125" hai3="98,41,80,92,100,61,116,75,28,128,62,130,113"/><W24/><G116/><T123/><D110/><U83/><E34/><V132/><F38/><W15/><G41/><N who="1" m="15946" /><E103/><V119/><F119/><W39/><G39/><T50/><D69/><U18/><E10/><V57/><F125/><W118/><G118/><T21/><D35/><U95/><E52/><N who="2" m="31879" /><F64/><W20/><G15/><T26/><D2/><U104/><E104/><N who="2" m="63559" /><F33/><W88/><G113/><T23/><D112/><U79/><E46/><V7/><F25/><W4/><G4/><T106/><D72/><U135/><E44/><V87/><F87/><N who="3" m="50279" /><G75/><T1/><D1/><U111/><E135/><AGARI ba="0,0" hai="5,7,8,14,16,132,134,135" m="63559,31879" machi="135" ten="30,7700,0" yaku="20,1,52,1,54,2" doraHai="94" who="2" fromWho="1" sc="180,0,347,-77,181,77,292,0" /><INIT seed="8,0,0,0,0,62" ten="180,270,258,292" oya="0" hai0="72,115,74,67,76,6,110,27,13,120,127,100,132" hai1="42,99,52,32,60,25,20,19,7,95,66,89,130" hai2="46,49,11,22,94,97,65,131,61,0,103,40,33" hai3="5,54,113,90,92,88,114,16,9,125,53,41,58"/><T70/><D120/><U108/><E108/><V71/><F33/><W14/><G125/><T34/><D110/><U104/><E32/><V109/><F109/><W37/><G37/><T107/><D127/><U98/><E42/><V91/><F131/><W79/><G79/><T124/><D124/><U126/><E126/><V75/><F75/><W135/><G41/><T117/><D115/><U87/><E130/><V36/><F22/><W1/><G135/><T24/><D117/><U21/><E7/><V134/><F134/><W116/><G116/><T82/><D27/><U10/><E10/><V68/><F0/><W123/><G90/><T31/><D132/><U28/><E104/><V69/><F11/><W128/><G54/><T43/><D43/><U39/><E39/><V73/><F73/><W78/><G78/><T2/><D13/><U86/><E99/><V15/><F15/><W38/><G38/><T35/><D72/><U3/><E3/><V101/><REACH who="2" step="1"/><F36/><REACH who="2" ten="180,270,248,292" step="2"/><W29/><G128/><T121/><D35/><U102/><E102/><AGARI ba="0,1" hai="40,46,49,61,65,68,69,71,91,94,97,101,102,103" machi="102" ten="40,5200,0" yaku="1,1,2,1,52,1,53,0" doraHai="62" doraHaiUra="26" who="2" fromWho="1" sc="180,0,270,-52,248,62,292,0" owari="180,-32.0,218,-18.0,310,41.0,292,9.0" /></mjloggm>