<mjloggm ver="2.3"><GO type="169" lobby="0"/><UN n0="%74%61%74%73%75%37%30%32" n1="%E5%B0%B1%E6%B4%BB%E7%94%9F%40%E5%B7%9D%E6%9D%91%E8%BB%8D%E5%9B%A3" n2="%E8%A1%80%E7%85%99" n3="%E3%83%A1%E3%82%AD%E3%83%AD%E3%82%B9" dan="17,16,16,17" rate="2223.46,2117.51,2045.92,2153.18" sx="M,M,M,M"/><TAIKYOKU oya="0"/><INIT seed="0,0,0,3,2,112" ten="250,250,250,250" oya="0" hai0="124,15,66,95,65,59,37,89,1,100,17,82,56" hai1="92,91,79,105,45,93,57,11,67,7,0,14,98" hai2="48,41,23,69,83,76,26,36,116,20,129,21,35" hai3="110,126,80,125,32,60,99,40,62,88,81,29,101"/><T53/><D124/><N who="3" m="47721" /><G110/><T49/><D1/><U43/><E105/><V135/><F69/><W18/><G40/><T54/><D37/><U120/><E120/><V106/><F129/><W117/><G117/><T133/><D100/><U46/><E79/><V6/><F106/><N who="3" m="63807" /><G18/><T13/><D82/><N who="3" m="31849" /><G88/><T5/><D133/><U16/><E43/><V52/><F135/><W78/><G78/><T4/><D5/><U84/><E57/><V77/><F6/><W109/><G109/><T90/><D90/><U87/><E67/><N who="0" m="25609" /><D17/><U63/><E63/><V132/><F132/><W3/><G3/><T9/><D9/><U130/><E130/><V47/><F116/><W114/><G114/><T72/><D4/><U28/><E28/><V118/><F118/><W75/><G75/><T12/><D72/><U39/><E39/><V34/><F26/><AGARI ba="0,0" hai="26,29,32,60,62" m="31849,63807,47721" machi="26" ten="30,1000,0" yaku="18,1" doraHai="112" who="3" fromWho="2" sc="250,0,250,0,250,-10,250,10" /><INIT seed="1,0,0,3,4,97" ten="250,250,240,260" oya="1" hai0="3,135,89,111,88,72,110,106,43,8,34,59,13" hai1="104,94,68,91,122,16,99,0,50,79,26,20,102" hai2="96,120,33,49,51,36,24,42,115,44,60,35,31" hai3="118,63,130,64,57,22,65,48,74,132,113,128,98"/><U119/><E122/><V52/><F115/><W67/><G74/><T10/><D34/><U25/><E0/><V123/><F33/><W38/><G113/><T62/><D72/><U58/><E68/><V131/><F131/><N who="3" m="50219" /><G132/><T9/><D106/><U28/><E79/><V101/><F60/><W105/><G38/><T125/><D3/><U18/><E119/><V83/><F83/><W126/><G118/><T75/><D75/><U39/><E39/><V114/><F114/><W92/><G105/><T15/><D43/><U30/><E58/><V5/><F5/><W21/><G48/><T90/><D135/><U23/><E50/><V6/><F6/><W54/><G126/><T100/><D100/><AGARI ba="0,0" hai="21,22,54,57,63,64,65,67,92,98,100" m="50219" machi="100" ten="30,2000,0" yaku="19,1,52,1" doraHai="97" who="3" fromWho="0" sc="250,-20,250,0,240,0,260,20" /><INIT seed="2,0,0,3,1,79" ten="230,250,240,280" oya="2" hai0="113,48,1,84,20,102,72,33,98,135,117,127,114" hai1="66,76,96,83,44,133,13,32,82,86,89,71,14" hai2="130,28,63,67,81,132,69,30,75,45,27,43,77" hai3="8,95,91,100,64,58,61,23,90,99,35,85,7"/><V122/><F130/><W40/><G35/><T115/><D72/><U38/><E133/><V110/><F132/><W78/><G40/><T9/><D135/><U125/><E32/><V5/><F110/><W107/><G23/><T93/><D33/><U129/><E129/><V88/><F122/><W56/><G78/><T94/><D127/><U34/><E34/><V6/><F30/><W59/><REACH who="3" step="1"/><G91/><REACH who="3" ten="230,250,240,270" step="2"/><N who="0" m="53479" /><D20/><U17/><E125/><V118/><F118/><W22/><G22/><T37/><D117/><U50/><E38/><V123/><F123/><W121/><G121/><T106/><D114/><U105/><E89/><V74/><F75/><W0/><AGARI ba="0,1" hai="0,7,8,56,58,59,61,64,85,90,95,99,100,107" machi="0" ten="20,2700,0" yaku="1,1,0,1,7,1,53,0" doraHai="79" doraHaiUra="11" who="3" fromWho="3" sc="230,-7,250,-7,240,-13,270,37" /><INIT seed="3,0,0,3,3,100" ten="223,243,227,307" oya="3" hai0="85,93,111,120,44,49,42,108,6,23,91,14,121" hai1="7,59,81,4,8,32,34,73,88,104,29,116,19" hai2="66,21,53,132,98,123,30,94,33,82,13,60,62" hai3="35,74,78,3,31,97,46,80,9,56,43,64,72"/><W22/><G35/><T5/><D23/><U17/><E73/><V38/><F123/><W41/><G97/><T99/><D121/><U113/><E59/><V65/><F38/><W84/><G64/><T24/><D120/><U77/><E77/><V131/><F132/><W25/><G56/><T50/><D24/><U10/><E81/><V55/><F131/><W130/><G130/><T103/><D50/><U75/><E75/><V54/><F33/><W101/><G101/><T61/><D61/><N who="2" m="23658" /><F82/><W2/><G43/><T87/><D85/><U90/><E29/><V102/><F30/><W12/><G74/><T125/><D125/><U26/><E26/><V129/><F129/><W128/><G72/><T48/><D49/><U133/><E133/><V16/><AGARI ba="0,0" hai="13,16,21,53,54,55,65,66,94,98,102" m="23658" machi="16" ten="30,2000,0" yaku="8,1,54,1" doraHai="100" who="2" fromWho="2" sc="223,-5,243,-5,227,20,307,-10" /><INIT seed="4,0,0,2,2,117" ten="218,238,247,297" oya="0" hai0="27,66,123,40,82,96,41,116,9,120,58,69,107" hai1="7,93,113,42,65,119,125,28,62,5,81,8,130" hai2="68,87,95,67,64,90,79,110,0,114,101,38,92" hai3="56,72,108,133,1,60,36,18,12,61,48,121,124"/><T55/><D116/><U51/><E119/><V29/><F110/><W135/><G108/><T63/><D82/><U97/><E125/><V4/><F38/><W131/><G124/><T70/><D9/><U34/><E130/><V31/><F114/><W21/><G131/><T89/><D27/><U75/><E34/><V39/><F39/><W78/><G36/><T6/><D6/><U11/><E28/><V43/><F43/><N who="0" m="16458" /><D89/><U52/><E42/><V57/><F68/><N who="0" m="26218" /><D96/><U94/><E81/><V17/><F79/><W44/><G1/><T32/><D107/><U13/><E113/><V85/><F0/><W88/><G78/><T99/><D99/><U98/><E75/><V103/><F17/><W16/><G72/><T45/><D32/><U77/><E77/><V46/><F90/><W26/><G88/><T23/><D23/><U10/><E97/><V33/><F33/><W15/><G26/><T128/><D128/><U47/><E7/><V105/><F4/><W3/><G3/><T22/><D22/><U20/><E20/><V2/><F2/><W84/><G84/><T76/><D76/><U126/><E126/><V30/><F30/><W104/><G104/><T71/><D45/><U59/><REACH who="1" step="1"/><E94/><REACH who="1" ten="218,228,247,297" step="2"/><V83/><F83/><W80/><G80/><T106/><D106/><U49/><E49/><AGARI ba="0,1" hai="49,55,58,63,66,71,120,123" m="26218,16458" machi="49" ten="30,11600,0" yaku="34,2,52,2" doraHai="117" who="0" fromWho="1" sc="218,126,228,-116,247,0,297,0" /><INIT seed="4,1,0,0,4,1" ten="344,112,247,297" oya="0" hai0="20,121,116,41,26,24,120,7,126,105,5,103,113" hai1="115,16,88,63,119,127,80,0,37,69,62,31,79" hai2="83,86,58,73,34,11,30,122,102,6,28,61,66" hai3="124,23,81,50,32,18,98,133,93,48,131,39,125"/><T117/><D41/><U19/><E119/><N who="0" m="45641" /><D103/><U4/><E37/><V53/><F122/><N who="0" m="47210" /><D105/><U43/><E43/><V123/><F123/><W96/><G39/><T35/><D126/><U10/><E127/><V9/><F34/><W95/><G81/><T45/><D45/><U85/><E31/><V21/><F102/><W59/><G124/><T92/><D92/><U78/><E115/><V47/><F73/><W64/><G95/><T118/><D118/><U27/><E27/><N who="0" m="10281" /><D35/><U94/><E79/><V55/><F47/><W36/><G93/><T65/><D65/><U77/><E77/><V132/><F53/><W114/><G64/><T70/><D70/><U67/><REACH who="1" step="1"/><E62/><REACH who="1" ten="344,102,247,297" step="2"/><V33/><F61/><W100/><G125/><T89/><D113/><U91/><E91/><V52/><F33/><W56/><G114/><T75/><D89/><U99/><AGARI ba="1,1" hai="0,4,10,16,19,63,67,69,78,80,85,88,94,99" machi="99" ten="20,12000,2" yaku="1,1,0,1,7,1,52,1,54,2,53,0" doraHai="1" doraHaiUra="71" who="1" fromWho="1" sc="344,-61,102,133,247,-31,297,-31" /><INIT seed="5,0,0,0,5,30" ten="283,235,216,266" oya="1" hai0="15,62,0,109,66,50,104,90,32,79,92,115,7" hai1="97,17,128,20,124,129,131,111,58,5,120,25,42" hai2="135,82,116,34,37,88,43,18,41,3,22,26,52" hai3="114,127,36,65,72,106,56,74,77,67,46,118,78"/><U28/><E42/><V119/><F3/><W73/><G114/><T121/><D104/><U63/><E120/><V134/><F34/><W45/><G127/><T113/><D121/><U55/><E124/><V38/><F37/><W85/><G106/><T95/><D109/><U105/><E111/><V19/><F19/><W99/><G99/><T9/><D0/><U6/><E105/><V108/><F108/><W16/><G118/><T2/><D2/><U81/><E81/><V133/><F38/><W27/><G36/><T14/><D14/><U96/><REACH who="1" step="1"/><E17/><REACH who="1" ten="283,225,216,266" step="2"/><V130/><F43/><W132/><G16/><N who="0" m="8303" /><D113/><U117/><E117/><V91/><F116/><W53/><G132/><T70/><D115/><U33/><E33/><V98/><F119/><W13/><G74/><T100/><D32/><U44/><E44/><V8/><F41/><W49/><G45/><T68/><D95/><U125/><E125/><V35/><F35/><W64/><G73/><T47/><D92/><U93/><E93/><V69/><F134/><W1/><G72/><T89/><D47/><U10/><E10/><V75/><F8/><W107/><G107/><T122/><D122/><U76/><E76/><V86/><F75/><W71/><G46/><T112/><D79/><U57/><E57/><V110/><F133/><W84/><G77/><T40/><D40/><U31/><E31/><V23/><F110/><W29/><G78/><T87/><D112/><U80/><E80/><V101/><F82/><W11/><G56/><T123/><D123/><U48/><E48/><V54/><F135/><W39/><G49/><RYUUKYOKU ba="0,1" sc="283,-10,225,30,216,-10,266,-10" hai1="5,6,20,25,28,55,58,63,96,97,128,129,131" /><INIT seed="5,1,1,5,1,98" ten="273,255,206,256" oya="1" hai0="5,78,101,125,56,115,15,116,7,47,30,24,18" hai1="126,28,110,89,52,6,41,128,102,19,77,109,34" hai2="60,79,81,111,63,42,29,2,119,67,38,32,53" hai3="33,36,97,26,69,31,8,20,46,43,4,75,68"/><U95/><E126/><V90/><F111/><N who="1" m="42505" /><E41/><V121/><F119/><W108/><G108/><T92/><D116/><U11/><E77/><V100/><F121/><W120/><G120/><T73/><D125/><U86/><E128/><V130/><F2/><W22/><G75/><T112/><D56/><U117/><E19/><V87/><F130/><W134/><G134/><T23/><D47/><U99/><E117/><V44/><F32/><W66/><G66/><T51/><D51/><U76/><E76/><V133/><F29/><W58/><G58/><T48/><D48/><U104/><E28/><V135/><F53/><W84/><G84/><T82/><D5/><U103/><E34/><V94/><F63/><W74/><G74/><T131/><D7/><U105/><E52/><V129/><F129/><W93/><G20/><T127/><D131/><U17/><E17/><V132/><F60/><W80/><G22/><T64/><D64/><U122/><E122/><V1/><F1/><W124/><G124/><T62/><D62/><U96/><E6/><V72/><F67/><W50/><G36/><T88/><D127/><U25/><E11/><V21/><F21/><W70/><G8/><T114/><D30/><U3/><E3/><V55/><F55/><W27/><G4/><T113/><N who="0" m="28672" /><DORA hai="0" /><T71/><D71/><U10/><E10/><V16/><F16/><W85/><G27/><AGARI ba="1,1" hai="25,27,86,89,95,96,99,102,103,104,105" m="42505" machi="27" ten="30,5800,0" yaku="10,1,52,2" doraHai="98,0" who="1" fromWho="3" sc="273,0,255,71,206,0,256,-61" /><INIT seed="5,2,0,3,5,102" ten="273,326,206,195" oya="1" hai0="37,35,85,52,78,95,51,28,104,39,90,22,86" hai1="135,49,118,38,92,98,131,16,70,129,10,21,74" hai2="77,26,33,40,25,108,64,4,80,20,47,41,130" hai3="50,120,134,13,48,29,100,81,75,110,58,99,62"/><U67/><E38/><V59/><F108/><W69/><G120/><T72/><D35/><U107/><E74/><V124/><F130/><W114/><G110/><T93/><D72/><U17/><E135/><V1/><F124/><W14/><G134/><T15/><D104/><U103/><E118/><V84/><F33/><W63/><G114/><T121/><D121/><U126/><E126/><V5/><F25/><W88/><G69/><T54/><D54/><U89/><E49/><N who="2" m="26855" /><F41/><W132/><G132/><T11/><D28/><U133/><E133/><V56/><F1/><W57/><G29/><T109/><D109/><U113/><E113/><V30/><F59/><N who="3" m="22539" /><G75/><T123/><D123/><U87/><E10/><V91/><F77/><W46/><G100/><T97/><D22/><U76/><E76/><V45/><F45/><W32/><G32/><T27/><D27/><U122/><E122/><V53/><F64/><W111/><G111/><T24/><D24/><U60/><REACH who="1" step="1"/><E21/><REACH who="1" ten="273,316,206,195" step="2"/><V42/><F42/><N who="3" m="24663" /><G50/><AGARI ba="2,1" hai="4,5,20,26,30,50,53,56,80,84,91" m="26855" machi="50" ten="30,1000,0" yaku="8,1" doraHai="102" who="2" fromWho="3" sc="273,0,316,0,206,26,195,-16" /><INIT seed="6,0,0,3,0,96" ten="273,316,232,179" oya="2" hai0="131,68,67,29,134,118,130,40,112,102,26,110,104" hai1="73,85,30,87,24,4,23,89,46,125,111,55,16" hai2="93,49,33,2,63,99,132,95,76,77,116,1,135" hai3="50,113,14,90,107,37,47,75,44,60,13,61,69"/><V3/><F33/><W82/><G107/><T129/><D40/><U22/><E73/><V72/><F116/><W19/><G113/><T56/><D56/><U17/><E125/><V81/><F76/><W105/><G105/><T53/><D53/><U31/><E4/><V18/><F63/><W45/><G37/><T70/><D112/><U101/><E101/><N who="2" m="60655" /><F95/><W94/><G82/><T5/><D110/><U122/><E111/><V36/><F36/><W48/><G75/><T6/><D134/><N who="2" m="51242" /><F18/><W88/><G69/><N who="0" m="26731" /><D67/><U115/><E115/><V52/><F3/><W98/><G90/><T0/><D118/><U106/><E106/><V133/><N who="2" m="51250" /><V59/><AGARI ba="0,0" hai="1,2,49,52,59,72,77,81" m="51250,60655" machi="59" ten="40,12000,1" yaku="4,1,20,1,52,1,54,1" doraHai="96" who="2" fromWho="2" sc="273,-40,316,-40,232,120,179,-40" /><INIT seed="6,1,0,5,4,82" ten="233,276,352,139" oya="2" hai0="74,101,10,55,59,71,121,13,93,109,27,78,54" hai1="76,67,53,7,83,68,4,81,94,105,51,50,28" hai2="36,87,2,102,130,98,60,61,117,9,122,17,44" hai3="18,33,90,123,85,31,104,110,21,16,135,95,0"/><V115/><F115/><W58/><G110/><T3/><D121/><U132/><E105/><V5/><F122/><W88/><G123/><T46/><D71/><U11/><E28/><V92/><F117/><W64/><G135/><T34/><D109/><U70/><E67/><V72/><F72/><W128/><G128/><T124/><D124/><U103/><E51/><V14/><F130/><W32/><G0/><T56/><D3/><U80/><E132/><V127/><F127/><W62/><G104/><T24/><D46/><U41/><E41/><V69/><F69/><W133/><G133/><T35/><D78/><U42/><E42/><V47/><F36/><W77/><G77/><T6/><D74/><U12/><E4/><V96/><F98/><N who="3" m="57703" /><G32/><T91/><D101/><U22/><E22/><V129/><F129/><W99/><G33/><T43/><D43/><U75/><E75/><V57/><F61/><W84/><G99/><T23/><D35/><U118/><E118/><V26/><F26/><N who="3" m="16847" /><G84/><N who="0" m="52455" /><D34/><U8/><E70/><V113/><F87/><W119/><G119/><T48/><D23/><U125/><E68/><V112/><F113/><W39/><G39/><T52/><D55/><U111/><E76/><V100/><F112/><W116/><G116/><T86/><D86/><U79/><E111/><V89/><F2/><W45/><G45/><T63/><AGARI ba="1,0" hai="6,10,13,24,27,48,52,54,56,59,63" m="52455" machi="63" ten="30,4000,0" yaku="8,1,52,1,54,1" doraHai="82" who="0" fromWho="0" sc="233,43,276,-11,352,-21,139,-11" /><INIT seed="7,0,0,5,3,41" ten="276,265,331,128" oya="3" hai0="93,105,69,51,46,25,75,31,108,15,103,91,77" hai1="112,32,17,86,35,18,132,117,118,29,107,130,120" hai2="106,61,134,30,128,60,123,125,74,109,95,76,121" hai3="3,26,124,133,2,52,42,47,7,89,57,104,63"/><W115/><G115/><T97/><D108/><U56/><E107/><V99/><F109/><W83/><G133/><T13/><D69/><U87/><E120/><V114/><F134/><W92/><G124/><T50/><D50/><U34/><E132/><V82/><F114/><W70/><G104/><T22/><D77/><U72/><E112/><V20/><F125/><W48/><G83/><T127/><D75/><U62/><E72/><V5/><F5/><W84/><G7/><T122/><D122/><N who="2" m="46602" /><F128/><W111/><G111/><T73/><D73/><U68/><E29/><V102/><F95/><W9/><G9/><T24/><D25/><AGARI ba="0,0" hai="20,25,30,60,61,74,76,82,99,102,106" m="46602" machi="25" ten="30,1000,0" yaku="13,1" doraHai="41" who="2" fromWho="0" sc="276,-10,265,0,331,10,128,0" owari="266,7.0,265,-13.0,341,43.0,128,-37.0" /></mjloggm>