<mjloggm ver="2.3"><GO type="225" lobby="0"/><UN n0="%E9%87%98%E5%AE%AE%E7%97%85%E6%82%A3%E8%80%85" n1="%E5%A4%A7%E5%AE%AE%E5%BF%8D%76" n2="%6C%65%74%69%74%62%65" n3="%E3%83%88%E3%83%88%E3%83%AA%E5%85%88%E7%94%9F%31%39%E6%AD%B3" dan="16,16,16,18" rate="2200.39,2166.49,2117.81,2281.75" sx="F,M,F,F"/><TAIKYOKU oya="0"/><INIT seed="0,0,0,4,0,98" ten="250,250,250,250" oya="0" hai0="61,64,126,73,12,3,8,92,85,117,114,54,104" hai1="89,62,112,9,22,60,21,130,1,45,110,96,52" hai2="0,75,37,38,55,25,59,113,16,77,4,58,44" hai3="121,50,131,129,34,19,32,87,49,95,20,116,133"/><T81/><D117/><U33/><E33/><N who="3" m="12906" /><G116/><T101/><D114/><U15/><E110/><V71/><F113/><W17/><G133/><T99/><D126/><U67/><E1/><V78/><F71/><W115/><G115/><T66/><D3/><U135/><E112/><V46/><F0/><W57/><G121/><T103/><D73/><U18/><E135/><V100/><F4/><W35/><G35/><T6/><D54/><U51/><E130/><N who="3" m="49674" /><G57/><T105/><D61/><N who="1" m="23659" /><E67/><V36/><F59/><W39/><G39/><T23/><D23/><U90/><E90/><V94/><F77/><W43/><G43/><T102/><D105/><U42/><E42/><V70/><F70/><W127/><G127/><T97/><REACH who="0" step="1"/><D103/><REACH who="0" ten="240,250,250,250" step="2"/><U83/><E21/><V123/><F100/><W120/><G120/><T40/><D40/><U7/><E22/><V30/><F123/><W119/><G119/><T69/><D69/><U48/><E52/><V14/><F55/><W29/><G29/><T109/><D109/><U31/><E31/><V24/><F30/><W93/><G20/><T2/><D2/><U134/><E134/><V108/><F108/><W82/><G49/><T5/><D5/><U76/><E7/><V132/><F38/><W53/><G50/><T91/><AGARI ba="0,1" hai="6,8,12,64,66,81,85,91,92,97,99,101,102,104" machi="91" ten="20,18000,2" yaku="1,1,0,1,7,1,52,2,53,1" doraHai="98" doraHaiUra="10" who="0" fromWho="0" sc="240,190,250,-60,250,-60,250,-60" /><INIT seed="0,1,0,2,5,108" ten="430,190,190,190" oya="0" hai0="120,93,111,101,35,89,105,2,92,112,54,88,85" hai1="32,40,98,47,71,91,68,78,10,126,33,19,31" hai2="1,75,87,81,96,30,132,6,95,69,41,70,3" hai3="37,62,124,52,127,42,12,56,26,97,118,109,38"/><T60/><D2/><U22/><E78/><V100/><F75/><W106/><G118/><T29/><D120/><U50/><E126/><N who="3" m="48170" /><G109/><T55/><D111/><U34/><E10/><V64/><F132/><W65/><G42/><T119/><D119/><U67/><E31/><V15/><F41/><W8/><G26/><T82/><D29/><U121/><E121/><V61/><F69/><N who="3" m="42167" /><G97/><N who="0" m="61615" /><D60/><U129/><E129/><V4/><F30/><W76/><G76/><N who="0" m="46279" /><D35/><U57/><E57/><V0/><REACH who="2" step="1"/><F15/><REACH who="2" ten="430,190,180,190" step="2"/><W7/><G106/><T28/><D28/><U128/><E71/><V24/><F24/><W130/><G130/><T122/><D122/><U59/><E128/><V83/><F83/><W27/><G27/><T90/><D55/><U13/><E68/><V66/><F66/><W103/><G103/><T25/><D54/><U116/><E116/><V5/><F5/><W110/><G110/><T72/><D25/><U63/><E34/><V46/><F46/><W20/><G38/><T134/><D134/><U18/><E18/><V45/><F45/><W36/><G37/><T84/><D72/><U73/><E73/><V102/><F102/><W123/><G36/><T9/><D9/><U48/><E48/><V53/><F53/><W117/><G123/><T43/><D43/><U99/><E32/><V11/><F11/><W133/><G117/><T80/><D112/><U94/><E33/><V74/><F74/><W44/><G133/><T58/><D58/><U23/><E23/><V104/><F104/><W131/><G20/><T86/><D80/><U125/><E125/><V135/><F135/><RYUUKYOKU ba="1,1" sc="430,10,190,10,180,10,190,-30" hai0="84,86,88,89,90,92,93" hai1="13,19,22,40,47,50,59,63,67,91,94,98,99" hai2="0,1,3,4,6,61,64,70,81,87,95,96,100" /><INIT seed="0,2,1,1,5,70" ten="440,200,190,160" oya="0" hai0="112,56,57,117,35,115,58,27,134,15,128,34,54" hai1="28,2,3,94,74,40,80,30,106,83,20,75,24" hai2="103,37,90,46,95,63,10,125,7,73,98,91,104" hai3="51,62,113,108,122,12,17,92,6,48,25,5,41"/><T55/><D117/><U65/><E106/><V67/><F73/><W36/><G113/><N who="0" m="43595" /><D15/><U42/><E65/><V8/><F125/><W61/><G122/><T96/><D96/><U99/><E75/><V123/><F123/><W85/><G108/><T88/><D27/><U82/><E74/><V109/><F109/><W107/><G107/><T101/><D101/><U132/><E132/><V97/><F90/><N who="3" m="53327" /><G36/><T14/><D14/><U21/><E3/><V11/><F46/><N who="3" m="25679" /><G51/><T71/><D71/><U77/><E77/><V44/><F44/><W120/><G25/><T1/><D1/><U59/><E2/><V86/><F37/><W119/><G119/><T76/><D76/><U53/><E21/><V110/><F110/><W9/><G120/><T93/><D93/><U39/><E39/><V126/><F126/><W111/><G111/><T47/><D47/><U84/><E30/><V23/><F23/><W87/><G87/><T78/><D78/><U31/><E31/><V52/><F86/><W127/><G127/><T33/><D134/><U100/><E84/><V43/><F43/><W68/><G68/><T13/><D13/><U45/><E45/><V60/><F104/><W64/><G64/><T50/><D50/><AGARI ba="2,1" hai="20,24,28,40,42,50,53,59,80,82,83,94,99,100" machi="50" ten="40,1300,0" yaku="8,1" doraHai="70" who="1" fromWho="0" sc="440,-19,200,29,190,0,160,0" /><INIT seed="1,0,0,3,3,94" ten="421,229,190,160" oya="1" hai0="118,77,110,104,4,131,97,84,112,7,129,119,45" hai1="23,0,60,59,24,115,53,30,100,3,114,2,126" hai2="68,95,31,8,21,37,14,134,133,106,99,113,81" hai3="52,67,103,105,16,108,55,71,25,116,43,39,74"/><U135/><E126/><V6/><F37/><W88/><G74/><T27/><D27/><U57/><E135/><N who="2" m="51723" /><F68/><W109/><G116/><N who="0" m="44587" /><D45/><U61/><REACH who="1" step="1"/><E100/><REACH who="1" ten="421,219,190,160" step="2"/><N who="2" m="62751" /><F113/><W54/><G103/><N who="0" m="62575" /><D112/><U28/><E28/><V65/><F65/><AGARI ba="0,1" hai="0,2,3,23,24,30,53,57,59,60,61,65,114,115" machi="65" ten="40,2000,0" yaku="1,1,53,0" doraHai="94" doraHaiUra="89" who="1" fromWho="2" sc="421,0,219,30,190,-20,160,0" /><INIT seed="1,1,0,4,2,128" ten="421,249,170,160" oya="1" hai0="106,111,100,131,110,1,83,98,130,53,119,63,105" hai1="50,6,58,16,65,13,39,72,56,38,112,25,60" hai2="122,57,7,80,55,33,20,127,30,81,86,36,28" hai3="84,19,17,47,124,31,66,77,96,3,52,97,48"/><U113/><E72/><V5/><F36/><W74/><G3/><T93/><D1/><U12/><E6/><N who="2" m="2059" /><F33/><W118/><G74/><T69/><D119/><U51/><E25/><N who="2" m="16423" /><F122/><W135/><G118/><T108/><D53/><U116/><E116/><V68/><F68/><W107/><G135/><T67/><REACH who="0" step="1"/><D83/><REACH who="0" ten="411,249,170,160" step="2"/><U42/><E112/><V32/><F81/><N who="3" m="47151" /><G52/><T35/><D35/><U2/><E113/><V23/><F32/><W95/><G66/><T41/><D41/><U73/><E2/><V115/><F115/><W121/><G121/><T102/><D102/><U109/><E42/><V14/><F80/><W117/><G117/><T29/><D29/><U91/><E65/><V90/><F30/><W9/><G31/><T37/><D37/><U18/><E39/><V34/><F55/><W85/><G124/><T79/><D79/><U62/><E38/><V15/><F34/><W54/><G54/><T59/><D59/><U43/><E43/><V125/><F57/><W132/><G48/><T75/><D75/><U82/><E73/><V76/><F76/><W99/><G47/><T123/><D123/><U88/><E82/><V89/><F127/><W126/><G126/><T64/><D64/><U49/><E49/><V129/><F125/><W120/><G120/><T8/><D8/><U114/><E114/><V134/><F89/><N who="3" m="53679" /><G9/><T78/><D78/><U104/><REACH who="1" step="1"/><E109/><REACH who="1" ten="411,239,170,160" step="2"/><V133/><F133/><W94/><G132/><T27/><D27/><U103/><E103/><V71/><F134/><W11/><G11/><T0/><D0/><U4/><E4/><V24/><F24/><RYUUKYOKU ba="1,2" sc="411,15,239,15,170,-15,160,-15" hai0="63,67,69,93,98,100,105,106,108,110,111,130,131" hai1="12,13,16,18,50,51,56,58,60,62,88,91,104" /><INIT seed="1,2,2,0,0,26" ten="426,254,155,145" oya="1" hai0="56,23,21,112,49,116,95,111,6,90,117,27,44" hai1="3,99,120,70,119,86,100,74,61,69,131,48,113" hai2="128,51,93,17,62,132,107,14,53,7,38,29,104" hai3="87,84,24,59,20,42,0,80,63,35,105,55,83"/><U121/><E74/><V75/><F38/><W13/><G0/><T5/><D112/><U135/><E113/><V108/><F75/><W10/><G105/><T115/><D115/><U31/><E119/><V30/><F7/><N who="3" m="3295" /><G35/><T126/><D111/><U127/><E3/><V19/><F108/><W72/><G72/><T66/><D126/><U46/><E127/><V114/><F114/><W109/><G109/><T32/><D32/><U18/><E18/><V67/><F128/><W81/><G42/><N who="0" m="24727" /><D117/><U65/><E70/><V9/><F19/><AGARI ba="2,2" hai="19,20,24,55,59,63,80,81,83,84,87" m="3295" machi="19" ten="30,1000,0" yaku="8,1" doraHai="26" who="3" fromWho="2" sc="426,0,254,0,155,-16,145,36" /><INIT seed="2,0,0,2,1,120" ten="426,254,139,181" oya="2" hai0="12,54,128,70,92,64,2,14,61,85,58,129,75" hai1="42,17,108,11,71,84,97,62,86,9,56,66,106" hai2="90,126,116,60,72,1,38,27,133,134,4,36,124" hai3="91,16,45,76,53,112,83,95,87,73,74,82,51"/><V104/><F104/><W102/><G112/><T121/><D75/><U123/><E108/><V18/><F116/><W105/><G105/><T0/><D121/><U100/><E123/><V15/><F72/><W125/><G125/><N who="2" m="48233" /><F60/><W37/><G102/><T41/><D41/><U79/><E42/><V10/><F90/><W52/><G37/><N who="2" m="14441" /><F27/><W40/><G16/><T28/><D28/><U96/><E96/><V114/><F114/><W98/><REACH who="3" step="1"/><G74/><REACH who="3" ten="426,254,139,171" step="2"/><T81/><D128/><U103/><E17/><V5/><F5/><W89/><AGARI ba="0,1" hai="40,45,51,52,53,73,76,82,83,87,89,91,95,98" machi="89" ten="20,12000,2" yaku="1,1,2,1,0,1,7,1,54,1,53,2" doraHai="120" doraHaiUra="77" who="3" fromWho="3" sc="426,-30,254,-30,139,-60,171,130" /><INIT seed="3,0,0,5,0,58" ten="396,224,79,301" oya="3" hai0="67,32,108,92,37,2,116,91,15,12,43,103,90" hai1="88,10,47,117,130,38,8,126,55,65,60,85,105" hai2="124,61,133,26,63,42,98,56,100,119,81,94,76" hai3="1,125,111,4,35,122,102,113,75,59,41,11,28"/><W84/><G113/><T134/><D116/><U107/><E117/><V86/><F119/><W57/><G122/><T118/><D2/><U48/><E130/><V14/><F124/><W95/><G75/><T87/><D32/><U52/><E126/><V19/><F133/><W93/><G125/><T123/><D118/><U121/><E121/><V25/><F42/><W106/><G111/><T68/><D123/><U6/><E38/><V39/><F39/><W23/><G35/><T30/><D134/><U64/><E105/><V79/><F79/><W36/><G106/><T40/><D108/><U114/><E107/><V45/><F45/><W50/><G36/><T77/><D77/><U71/><E114/><V46/><F46/><W44/><G84/><N who="0" m="52295" /><D103/><U80/><E10/><V127/><F127/><W9/><G9/><T72/><D72/><U129/><E129/><V70/><F70/><W29/><G102/><T82/><D68/><U22/><E22/><V135/><F135/><W18/><G93/><T7/><D37/><U132/><E132/><V83/><F83/><W27/><G95/><T104/><D104/><U53/><E65/><V33/><F33/><W97/><G97/><T16/><D67/><U110/><E110/><V69/><F69/><W120/><G120/><T131/><D131/><U3/><AGARI ba="0,0" hai="3,6,8,47,48,52,53,55,60,64,71,80,85,88" machi="3" ten="20,8000,1" yaku="0,1,7,1,52,1,54,2" doraHai="58" who="1" fromWho="1" sc="396,-20,224,80,79,-20,301,-40" owari="376,48.0,304,10.0,59,-44.0,261,-14.0" /></mjloggm>