<mjloggm ver="2.3"><GO type="41" lobby="0"/><UN n0="%46%46%46%46%2E%2E" n1="%6B%61%6E%65%67%6F%6E%33" n2="%61%6C%70%61%63%68%69" n3="%E5%B0%B1%E6%B4%BB%E7%94%9F%40%E5%B7%9D%E6%9D%91%E8%BB%8D%E5%9B%A3" dan="14,15,14,15" rate="1936.63,1952.78,2030.93,1985.36" sx="M,M,M,M"/><TAIKYOKU oya="0"/><INIT seed="0,0,0,0,1,69" ten="250,250,250,250" oya="0" hai0="18,131,70,1,57,120,51,42,72,103,27,97,73" hai1="29,28,74,75,104,126,77,105,2,117,114,14,49" hai2="43,91,23,78,11,24,47,96,44,4,71,21,68" hai3="16,34,65,122,32,115,50,58,123,98,134,83,125"/><T128/><D70/><U66/><E2/><V0/><F23/><W54/><G115/><T3/><D120/><N who="3" m="46121" /><G125/><T36/><D1/><U26/><E117/><V15/><F78/><W46/><G134/><T106/><D3/><U89/><E126/><V81/><F47/><W41/><G65/><T67/><D51/><U22/><E29/><V55/><F15/><W94/><G83/><T79/><D79/><U93/><E114/><V19/><F55/><W87/><G87/><T107/><D106/><U39/><E105/><V25/><F81/><W88/><G16/><T52/><D67/><U116/><E116/><V86/><F25/><W59/><G59/><T60/><D18/><U12/><E104/><V101/><F91/><W80/><G80/><T110/><D27/><U108/><E77/><V35/><F86/><W48/><AGARI ba="0,0" hai="32,34,41,46,48,50,54,58,88,94,98" m="46121" machi="48" ten="30,2000,0" yaku="13,1,54,1" doraHai="69" who="3" fromWho="3" sc="250,-10,250,-5,250,-5,250,20" /><INIT seed="1,0,0,0,4,123" ten="240,245,245,270" oya="1" hai0="24,59,34,74,20,53,129,39,0,35,86,106,7" hai1="110,112,130,101,73,38,77,43,41,57,50,16,105" hai2="26,21,5,8,44,10,121,62,89,13,84,117,29" hai3="114,98,104,79,2,18,52,113,60,116,46,12,32"/><U70/><E70/><V131/><F131/><W115/><G2/><T85/><D74/><U82/><E112/><V49/><F121/><W17/><G32/><T102/><D39/><U4/><E4/><V51/><F117/><W118/><G79/><T93/><D106/><U15/><E130/><V127/><F127/><W47/><G104/><T94/><D93/><U80/><E80/><V25/><F10/><W72/><G72/><T96/><D129/><U134/><E38/><V81/><F26/><W120/><G120/><T111/><D111/><U58/><E110/><V54/><F51/><W95/><G60/><AGARI ba="0,0" hai="5,8,13,21,25,29,44,49,54,60,62,81,84,89" machi="60" ten="40,1300,0" yaku="8,1" doraHai="123" who="2" fromWho="3" sc="240,0,245,0,245,13,270,-13" /><INIT seed="2,0,0,4,2,86" ten="240,245,258,257" oya="2" hai0="116,74,110,59,73,18,133,34,80,118,46,123,64" hai1="79,90,94,95,121,30,134,2,97,8,132,130,63" hai2="7,44,117,100,122,77,115,108,60,106,125,40,81" hai3="72,6,104,66,68,37,5,82,129,131,98,0,89"/><V113/><F117/><N who="0" m="45162" /><D123/><U12/><E2/><V71/><F122/><W9/><G6/><T120/><D120/><U49/><E130/><V35/><F125/><W127/><G127/><T99/><D34/><U56/><E49/><V19/><F19/><W3/><G3/><T4/><D4/><U58/><E30/><V91/><F91/><W88/><G37/><T85/><D46/><U27/><E27/><V57/><F57/><W39/><G39/><T101/><D18/><U43/><E43/><V21/><F21/><W62/><G104/><N who="0" m="63551" /><D110/><U126/><E126/><V16/><F108/><W67/><G67/><T70/><D70/><U103/><E79/><V50/><F7/><W52/><G52/><T135/><D59/><U107/><E107/><V93/><F35/><W105/><G105/><T109/><D64/><U51/><E51/><V33/><F106/><W83/><G98/><T45/><D45/><U26/><E121/><V114/><F33/><W20/><G20/><T124/><D109/><U15/><E58/><V47/><F16/><W119/><G119/><T87/><D124/><U36/><E56/><V38/><F60/><W23/><G23/><T53/><D53/><U55/><E55/><V65/><F65/><W41/><G41/><T1/><D1/><U61/><E63/><V112/><F71/><W92/><G92/><T22/><D22/><U13/><E61/><V102/><F93/><W10/><G10/><T75/><D80/><N who="3" m="30761" /><G72/><T29/><D29/><U69/><E69/><V48/><F38/><W17/><G17/><T11/><D11/><U111/><E36/><RYUUKYOKU ba="0,0" sc="240,15,245,-15,258,-15,257,15" hai0="73,74,75,85,87,133,135" hai3="0,5,9,62,66,68,88,89,129,131" /><INIT seed="3,1,0,3,3,21" ten="255,230,243,272" oya="3" hai0="8,120,135,100,33,61,43,75,103,79,31,48,110" hai1="54,116,81,62,114,112,132,80,18,89,94,95,26" hai2="96,49,127,78,115,40,87,0,101,27,98,65,50" hai3="130,125,42,105,20,76,9,128,30,74,52,38,58"/><W51/><G105/><T35/><D120/><U126/><E116/><V85/><F0/><W24/><G125/><T121/><D121/><U131/><E126/><V124/><F101/><W88/><G9/><T71/><D8/><U11/><E114/><V90/><F90/><W134/><G134/><T39/><D31/><U99/><E132/><V111/><F65/><W106/><G106/><T44/><D135/><U16/><E112/><V55/><F40/><W23/><G23/><T133/><D133/><U86/><E131/><N who="3" m="50218" /><G76/><T64/><D110/><U82/><E62/><V22/><F22/><W19/><G74/><T32/><D75/><U123/><E54/><V109/><F78/><W28/><G42/><T29/><D79/><U104/><E104/><V1/><F1/><W117/><G38/><T53/><REACH who="0" step="1"/><D29/><REACH who="0" ten="245,230,243,272" step="2"/><U60/><E123/><V37/><F115/><W119/><G30/><T12/><D12/><U3/><E3/><V118/><F111/><W15/><G15/><T107/><D107/><U36/><E11/><V83/><F109/><W67/><G28/><T46/><AGARI ba="1,1" hai="32,33,35,39,43,44,46,48,53,61,64,71,100,103" machi="46" ten="40,5200,0" yaku="1,1,0,1,53,1" doraHai="21" doraHaiUra="56" who="0" fromWho="0" sc="245,65,230,-14,243,-14,272,-27" /><INIT seed="4,0,0,2,1,71" ten="310,216,229,245" oya="0" hai0="20,10,131,99,52,11,18,45,75,49,130,32,33" hai1="121,124,70,37,76,72,123,95,29,125,55,65,19" hai2="54,107,16,109,118,127,22,56,8,90,112,133,23" hai3="117,67,120,69,9,27,21,82,122,38,97,44,105"/><T116/><D75/><U108/><E108/><V13/><F107/><W31/><G117/><T80/><D116/><U59/><E29/><V73/><F73/><W1/><G82/><T87/><D99/><U100/><E19/><V128/><F109/><W2/><G69/><T113/><D113/><U7/><E7/><V89/><F118/><W35/><G67/><T111/><D111/><U126/><E95/><V61/><F127/><W78/><G78/><T101/><D101/><U40/><E100/><V36/><F128/><N who="0" m="49194" /><D10/><U30/><E30/><V94/><F133/><W41/><G21/><N who="2" m="7689" /><F36/><W25/><G25/><N who="0" m="14487" /><D11/><U47/><E76/><AGARI ba="0,0" hai="32,33,45,49,52,76,80,87" m="14487,49194" machi="76" ten="30,2900,0" yaku="19,1,54,1" doraHai="71" who="0" fromWho="1" sc="310,29,216,-29,229,0,245,0" /><INIT seed="4,1,0,4,3,68" ten="339,187,229,245" oya="0" hai0="63,117,53,50,48,32,20,83,102,3,85,34,115" hai1="51,120,107,73,131,127,9,18,13,119,58,92,90" hai2="36,112,38,14,1,91,82,52,39,113,101,86,22" hai3="84,77,2,35,65,19,42,11,6,124,33,4,78"/><T129/><D117/><U95/><E131/><V5/><F1/><W45/><G124/><T41/><D129/><U121/><E127/><V75/><F101/><W133/><G133/><T10/><D63/><U62/><E107/><V130/><F75/><W12/><G65/><T110/><D110/><U93/><E73/><V21/><F130/><W97/><G97/><T64/><D64/><U74/><E74/><V55/><F5/><W123/><G123/><T30/><D41/><U26/><E119/><V44/><F44/><W80/><G77/><T25/><D102/><U37/><E37/><V56/><F14/><W76/><G76/><T15/><D3/><U57/><E90/><V98/><F98/><W109/><G109/><T94/><D50/><U49/><E26/><V108/><F108/><W79/><G79/><T118/><D118/><U46/><E51/><N who="2" m="30751" /><F55/><W54/><G54/><T60/><D115/><AGARI ba="1,0" hai="21,22,36,38,39,82,86,91,112,113,115" m="30751" machi="115" ten="40,8000,1" yaku="15,1,52,3,54,1" doraHai="68" who="2" fromWho="0" sc="339,-83,187,0,229,83,245,0" /><INIT seed="5,0,0,2,2,121" ten="256,187,312,245" oya="1" hai0="120,82,65,60,40,24,17,86,30,28,91,26,52" hai1="117,75,129,42,13,109,37,114,54,79,100,6,36" hai2="31,73,66,126,35,76,127,10,104,103,115,134,108" hai3="50,98,90,48,128,72,89,59,106,85,1,20,112"/><U116/><E114/><V27/><F10/><W58/><G72/><T12/><D120/><U95/><E129/><V25/><F25/><W133/><G1/><T68/><D40/><U47/><E37/><V81/><F66/><W19/><G128/><T124/><D124/><N who="2" m="47658" /><F134/><W67/><G133/><T16/><D12/><U0/><E0/><V49/><F49/><N who="3" m="19051" /><G106/><T94/><D82/><U64/><E54/><V132/><F115/><W38/><G38/><T118/><D52/><U105/><E64/><V23/><F23/><W9/><G9/><T34/><REACH who="0" step="1"/><D118/><REACH who="0" ten="246,187,312,245" step="2"/><U21/><E117/><V74/><F132/><W14/><G112/><T83/><D83/><U96/><E116/><V69/><F74/><W80/><G67/><T88/><D88/><N who="3" m="33897" /><G98/><T53/><D53/><U77/><E75/><V111/><F69/><W130/><G130/><T123/><D123/><U135/><E135/><V62/><F62/><W11/><G11/><T113/><D113/><U63/><E6/><V70/><F70/><W84/><G80/><T93/><D93/><U119/><E95/><V78/><F78/><W101/><G101/><T51/><D51/><U43/><E79/><V39/><F39/><W44/><G44/><T110/><D110/><U41/><E109/><V92/><F92/><W122/><G122/><T125/><D125/><U4/><E119/><V18/><F103/><W71/><G71/><T102/><D102/><U2/><E77/><V32/><F104/><W45/><G45/><T55/><D55/><U57/><E47/><V15/><F111/><W33/><G59/><T22/><AGARI ba="0,1" hai="16,17,22,24,26,28,30,34,60,65,68,86,91,94" machi="22" ten="20,12000,2" yaku="1,1,5,1,0,1,7,1,54,1,53,1" doraHai="121" doraHaiUra="56" who="0" fromWho="0" sc="246,130,187,-60,312,-30,245,-30" /><INIT seed="6,0,0,0,0,8" ten="376,127,282,215" oya="2" hai0="67,61,41,112,85,132,130,102,40,82,84,100,1" hai1="108,2,88,93,23,124,13,111,97,17,37,74,101" hai2="51,133,105,65,135,119,54,86,52,104,63,106,18" hai3="120,115,83,57,127,98,80,5,69,32,11,126,103"/><V39/><F39/><W96/><G120/><T107/><D112/><U16/><E74/><V38/><F38/><W53/><G69/><T95/><D1/><U24/><E2/><V116/><F18/><W0/><G32/><T87/><D130/><U12/><E37/><V123/><F86/><N who="0" m="33386" /><D107/><U55/><E24/><V114/><F114/><W90/><G115/><T125/><D125/><U33/><E33/><V129/><F129/><W131/><G131/><T10/><D10/><U35/><E35/><V45/><F54/><W50/><G90/><T60/><D132/><N who="2" m="50762" /><F123/><W77/><G77/><N who="0" m="46543" /><D95/><U109/><E124/><N who="3" m="47658" /><G98/><T75/><D75/><U47/><E101/><N who="0" m="39017" /><D67/><U78/><E78/><V56/><AGARI ba="0,0" hai="45,51,52,56,63,65,104,105,106,116,119" m="50762" machi="56" ten="40,3900,0" yaku="20,1,54,1" doraHai="8" who="2" fromWho="2" sc="376,-13,127,-13,282,39,215,-13" /><INIT seed="6,1,0,3,4,10" ten="363,114,321,202" oya="2" hai0="43,72,49,77,51,76,75,124,47,94,92,36,65" hai1="9,42,135,73,118,130,68,22,30,106,99,40,58" hai2="109,23,101,3,83,88,82,121,45,85,4,81,74" hai3="56,98,29,15,34,18,96,54,41,37,100,122,67"/><V126/><F121/><W70/><G122/><T104/><D104/><U1/><E73/><V90/><F4/><W35/><G70/><T24/><D124/><U66/><E68/><V108/><F23/><W2/><G2/><T112/><D112/><U134/><E118/><V31/><F45/><W103/><G67/><T117/><D117/><U89/><E130/><V111/><F101/><W25/><G41/><T32/><D65/><U38/><E1/><V129/><F31/><W63/><G37/><T132/><D132/><U133/><E9/><V28/><F28/><W46/><G46/><T80/><D94/><U91/><E106/><V71/><F3/><W0/><G0/><T107/><D92/><U57/><E38/><V95/><F71/><W26/><G100/><T48/><D107/><U55/><E66/><V113/><F129/><W39/><G39/><T60/><D60/><U105/><E105/><V61/><F61/><W125/><G125/><T123/><D123/><U62/><E58/><V17/><F17/><W53/><G103/><T6/><D6/><U84/><E99/><N who="2" m="57831" /><F126/><W128/><G128/><T20/><D32/><U19/><E30/><V78/><F113/><W131/><G131/><T79/><D72/><U119/><E119/><V110/><F110/><W114/><G114/><T5/><D5/><U33/><E33/><V59/><F59/><W97/><G34/><T52/><D52/><U120/><E120/><V50/><F50/><W7/><G53/><T27/><D20/><U93/><E91/><V102/><F102/><W64/><G54/><T21/><D21/><RYUUKYOKU ba="1,0" sc="363,10,114,10,321,10,202,-30" hai0="24,27,36,43,47,48,49,51,75,76,77,79,80" hai1="19,22,40,42,55,57,62,84,89,93,133,134,135" hai2="74,78,81,82,83,85,90,108,109,111" /><INIT seed="6,2,0,1,3,128" ten="373,124,331,172" oya="2" hai0="53,33,32,5,115,77,118,26,56,134,35,82,110" hai1="52,99,43,64,105,122,93,28,41,79,47,70,54" hai2="80,1,120,74,9,75,24,27,55,22,114,36,123" hai3="126,20,113,50,71,86,57,25,95,10,125,135,58"/><V96/><F36/><W30/><G71/><T19/><D110/><U103/><E122/><V101/><F27/><W38/><G38/><T87/><D115/><U7/><E28/><V62/><F114/><W46/><G113/><T11/><D118/><U84/><E7/><V44/><F9/><W98/><G86/><T31/><D19/><U78/><E64/><V21/><F1/><W13/><G126/><T88/><D77/><U2/><E70/><V107/><F22/><W92/><G125/><T94/><D82/><U100/><E2/><V49/><F62/><W104/><G104/><T40/><D40/><U4/><E4/><V68/><F68/><W12/><G135/><T124/><D134/><U15/><E15/><V48/><F49/><W112/><G112/><T34/><D124/><U69/><E69/><V16/><REACH who="2" step="1"/><F80/><REACH who="2" ten="373,124,321,172" step="2"/><W72/><G10/><T76/><D35/><U0/><E0/><V67/><F67/><W8/><G8/><T83/><D11/><U129/><E129/><V51/><F51/><W29/><G29/><T17/><D5/><U111/><E111/><V59/><F59/><W23/><G30/><T91/><D17/><U63/><E63/><V3/><F3/><W66/><G25/><T119/><D119/><U116/><E116/><V121/><AGARI ba="2,1" hai="16,21,24,44,48,55,74,75,96,101,107,120,121,123" machi="121" ten="30,11700,0" yaku="1,1,0,1,54,1,53,1" doraHai="128" doraHaiUra="102" who="2" fromWho="2" sc="373,-41,124,-41,321,133,172,-41" /><INIT seed="6,3,0,1,4,22" ten="332,83,454,131" oya="2" hai0="1,46,96,33,109,68,135,59,57,92,36,123,107" hai1="129,42,24,10,87,127,86,26,64,55,93,21,110" hai2="53,131,34,116,119,91,31,100,61,106,114,134,102" hai3="104,94,75,35,0,65,47,115,38,40,3,32,15"/><V14/><F91/><W67/><G104/><T95/><D96/><U85/><E110/><V63/><F14/><W18/><G75/><T11/><D46/><U27/><E42/><V71/><F106/><W76/><G115/><T62/><D11/><U4/><E64/><N who="3" m="24650" /><G35/><T5/><D57/><U121/><E121/><V82/><F53/><W20/><G32/><T101/><D59/><U28/><E129/><V52/><F82/><W69/><G0/><T83/><D62/><U90/><E55/><V117/><F52/><W132/><G3/><T97/><D5/><U25/><REACH who="1" step="1"/><E127/><REACH who="1" ten="332,73,454,131" step="2"/><V60/><F116/><W16/><G132/><T12/><D123/><U17/><E17/><V6/><F134/><W30/><G38/><T89/><D135/><U58/><E58/><V2/><F131/><W23/><G69/><T7/><D109/><U126/><E126/><V80/><F71/><W112/><G112/><T122/><D68/><U56/><E56/><V8/><F114/><W44/><G40/><T51/><D36/><U79/><E79/><V41/><F119/><W13/><G76/><T9/><D122/><U39/><E39/><V37/><F41/><W78/><G78/><T81/><D7/><U43/><E43/><V54/><F37/><W118/><G118/><T72/><D72/><U120/><E120/><V88/><F54/><W45/><G30/><T50/><D51/><U124/><E124/><V77/><F77/><W128/><G128/><T73/><D50/><U130/><E130/><V19/><F117/><W99/><G44/><T70/><D73/><U74/><E74/><RYUUKYOKU ba="3,1" sc="332,-15,73,15,454,-15,131,15" hai1="4,10,21,24,25,26,27,28,85,86,87,90,93" hai3="13,15,16,18,20,23,45,47,94,99" /><INIT seed="7,4,1,5,5,89" ten="317,88,439,146" oya="3" hai0="69,110,28,130,7,116,60,5,36,46,17,0,133" hai1="103,4,54,126,10,114,43,51,84,37,58,81,93" hai2="61,20,73,86,79,35,83,117,120,132,25,109,123" hai3="135,129,118,66,124,99,125,27,52,121,19,11,76"/><W48/><G118/><T49/><D116/><U82/><E126/><N who="3" m="48746" /><G121/><N who="2" m="46665" /><F35/><W13/><G129/><T87/><D110/><U92/><E114/><V108/><F132/><W85/><G135/><T67/><D133/><U102/><E37/><V101/><F101/><W6/><G66/><T22/><D36/><U26/><E103/><V38/><F38/><W80/><G99/><T100/><D0/><U47/><E102/><V40/><F40/><W78/><G27/><T1/><D1/><U41/><E26/><V34/><F34/><W8/><G76/><T62/><D62/><U75/><E75/><V12/><F12/><W70/><G70/><T105/><D28/><U31/><E31/><N who="2" m="17831" /><F117/><W104/><G104/><T42/><D130/><U30/><E30/><V63/><F73/><W96/><G96/><T2/><D2/><U23/><E23/><V106/><F106/><W53/><G48/><T111/><D111/><AGARI ba="4,1" hai="61,63,79,83,86,108,109,111" m="17831,46665" machi="111" ten="30,1000,0" yaku="13,1" doraHai="89" who="2" fromWho="0" sc="317,-22,88,0,439,32,146,0" owari="295,10.0,88,-41.0,471,56.0,146,-25.0" /></mjloggm>