<mjloggm ver="2.3"><GO type="233" lobby="0"/><UN n0="%E6%88%A6%E9%97%98%E5%93%A1%EF%BC%A0%E5%B7%9D%E6%9D%91%E8%BB%8D%E5%9B%A3" n1="%E5%8D%8D%E5%9B%BA%E3%83%A1%EF%BC%A0%E5%B7%9D%E6%9D%91%E8%BB%8D%E5%9B%A3" n2="%E3%83%91%E3%82%B7%E3%83%AA%EF%BC%A0%E5%B7%9D%E6%9D%91%E8%BB%8D%E5%9B%A3" n3="%E5%B0%B1%E6%B4%BB%E7%94%9F%40%E5%B7%9D%E6%9D%91%E8%BB%8D%E5%9B%A3" dan="16,16,16,16" rate="2107.95,2047.10,2064.78,2129.97" sx="M,M,M,M"/><TAIKYOKU oya="0"/><INIT seed="0,0,0,5,2,79" ten="250,250,250,250" oya="0" hai0="0,29,39,89,72,23,74,10,11,54,27,116,118" hai1="43,108,83,44,106,38,37,91,111,36,115,47,40" hai2="9,17,32,130,63,5,26,100,82,62,1,57,51" hai3="85,113,86,132,13,66,133,14,93,69,24,60,56"/><T41/><BYE who="1" /><D54/><U31/><E31/><V114/><F114/><W71/><G24/><T53/><D53/><U22/><E22/><V50/><F130/><W8/><G13/><UN n1="%E5%8D%8D%E5%9B%BA%E3%83%A1%EF%BC%A0%E5%B7%9D%E6%9D%91%E8%BB%8D%E5%9B%A3" /><T103/><D103/><U96/><E115/><V126/><F126/><W110/><G110/><N who="1" m="42026" /><E106/><V117/><F117/><W28/><G28/><T20/><D89/><U128/><E128/><V58/><F100/><W84/><G93/><T94/><D94/><U6/><E6/><V45/><F32/><W119/><G119/><T34/><D41/><U97/><E83/><V92/><F92/><W98/><G98/><N who="1" m="37994" /><E91/><V99/><F99/><W49/><G113/><T68/><D23/><U101/><E101/><V129/><F129/><W2/><G2/><T123/><D20/><U102/><E102/><V107/><F107/><W104/><G104/><T70/><D74/><U67/><E67/><V46/><F82/><W121/><G121/><T7/><D123/><U18/><E18/><V12/><F26/><W112/><G112/><T122/><D122/><U48/><AGARI ba="0,0" hai="36,37,38,40,43,44,47,48" m="37994,42026" machi="48" ten="30,1100,0" yaku="14,1" doraHai="79" who="1" fromWho="1" sc="250,-5,250,11,250,-3,250,-3" /><INIT seed="1,0,0,2,4,45" ten="245,261,247,247" oya="1" hai0="28,105,95,3,12,130,7,11,91,62,61,120,129" hai1="43,118,56,9,50,64,134,78,4,5,23,101,34" hai2="70,59,6,30,32,66,33,122,100,82,51,1,44" hai3="39,76,84,113,54,74,108,133,114,131,128,89,93"/><U86/><E34/><V94/><F122/><W98/><G39/><T102/><D120/><U13/><E134/><V17/><F70/><W125/><G54/><T124/><D124/><U52/><E118/><V80/><F17/><W67/><G67/><T87/><D28/><U38/><E101/><V37/><F37/><W49/><G49/><T97/><REACH who="0" step="1"/><D3/><REACH who="0" ten="235,261,247,247" step="2"/><U73/><E73/><V110/><F30/><W42/><G125/><T132/><D132/><U53/><E38/><V55/><F1/><W57/><G133/><T63/><AGARI ba="0,1" hai="7,11,12,61,62,63,87,91,95,97,102,105,129,130" machi="63" ten="30,2000,0" yaku="1,1,0,1,53,0" doraHai="45" doraHaiUra="48" who="0" fromWho="0" sc="235,30,261,-10,247,-5,247,-5" /><INIT seed="2,0,0,4,1,107" ten="265,251,242,242" oya="2" hai0="96,76,28,50,108,125,60,85,47,18,41,69,80" hai1="30,56,81,44,12,93,27,98,63,25,86,21,118" hai2="2,111,36,62,40,34,95,20,126,5,129,6,52" hai3="119,31,35,0,88,10,82,101,134,4,71,84,115"/><V102/><F34/><W87/><G71/><T99/><D108/><U43/><E118/><V66/><F111/><W114/><G134/><T83/><D125/><U64/><E12/><V39/><F126/><W123/><G123/><T68/><D28/><U11/><E11/><V33/><F33/><W109/><G109/><T9/><D69/><U8/><E8/><V15/><F2/><W16/><G101/><T132/><D132/><U58/><E27/><V121/><F121/><W79/><G119/><T24/><D60/><U77/><E58/><V29/><F129/><W26/><REACH who="3" step="1"/><G16/><REACH who="3" ten="265,251,242,232" step="2"/><T53/><D68/><U65/><E44/><V74/><F102/><W106/><G106/><T7/><D18/><U122/><E122/><V75/><F6/><W70/><G70/><T78/><D24/><U17/><E30/><V13/><F29/><W59/><G59/><T32/><D32/><U45/><E45/><V73/><F5/><W100/><G100/><T46/><D7/><U67/><REACH who="1" step="1"/><E43/><REACH who="1" ten="265,241,242,232" step="2"/><V57/><F40/><W112/><G112/><T37/><REACH who="0" step="1"/><D9/><REACH who="0" ten="255,241,242,232" step="2"/><U124/><E124/><V23/><F23/><W61/><G61/><T120/><D120/><U94/><E94/><AGARI ba="0,3" hai="0,4,10,26,31,35,79,82,84,87,88,94,114,115" machi="94" ten="40,2600,0" yaku="1,1,54,1,53,0" doraHai="107" doraHaiUra="42" who="3" fromWho="1" sc="255,0,241,-26,242,0,232,56" /><INIT seed="3,0,0,4,3,112" ten="255,215,242,288" oya="3" hai0="86,38,107,94,93,11,37,12,39,72,77,34,33" hai1="0,98,31,106,13,100,92,35,63,62,40,69,82" hai2="5,4,45,97,44,101,114,71,131,99,124,76,113" hai3="29,9,130,84,10,117,80,132,81,2,54,58,108"/><W23/><G130/><T18/><D107/><U122/><E0/><V121/><F71/><W125/><G125/><T85/><D72/><U8/><E122/><V128/><F76/><W75/><G75/><T56/><D77/><U61/><E40/><V91/><F91/><W134/><G2/><T96/><D56/><U41/><E41/><V20/><F20/><W14/><G108/><T116/><D116/><U118/><E82/><V59/><F59/><W26/><G117/><T47/><D47/><U127/><E127/><V53/><F53/><W49/><G81/><T19/><D19/><U135/><E135/><N who="3" m="51754" /><G14/><T52/><D52/><U3/><E3/><V48/><F124/><W55/><G54/><T120/><D120/><U70/><E92/><V67/><F121/><W78/><AGARI ba="0,0" hai="9,10,23,26,29,49,55,58,78,80,84" m="51754" machi="78" ten="30,1500,0" yaku="20,1" doraHai="112" who="3" fromWho="3" sc="255,-5,215,-5,242,-5,288,15" /><INIT seed="3,1,0,5,1,127" ten="250,210,237,303" oya="3" hai0="70,132,65,94,87,76,8,93,83,71,51,86,41" hai1="68,105,106,89,31,10,13,61,11,49,48,109,72" hai2="98,23,6,9,5,78,80,111,119,42,22,50,134" hai3="110,123,107,15,62,112,120,12,82,101,81,46,34"/><W91/><G34/><T64/><D132/><U44/><E109/><V26/><F119/><W108/><G62/><T128/><D128/><U126/><E126/><V66/><F111/><N who="3" m="42539" /><G46/><N who="0" m="26063" /><D70/><U115/><E115/><V77/><F134/><W38/><G38/><T55/><D71/><U25/><E72/><V52/><F42/><W69/><G69/><T21/><D8/><U28/><E89/><V27/><F66/><N who="0" m="25706" /><D55/><U4/><E68/><V103/><F9/><W18/><G112/><T122/><D122/><U47/><E106/><V79/><F6/><W131/><G131/><T2/><D2/><U7/><E105/><V97/><F5/><W60/><G60/><T24/><D87/><U88/><E61/><V124/><F124/><W129/><G129/><T39/><D39/><U96/><E47/><V99/><F103/><W37/><G37/><T84/><D84/><U59/><E59/><N who="2" m="33175" /><F80/><N who="3" m="30827" /><G91/><T0/><D0/><U100/><E44/><V35/><F78/><W54/><G54/><T29/><AGARI ba="1,0" hai="21,24,29,76,83,86,93,94" m="25706,26063" machi="29" ten="30,1100,0" yaku="8,1" doraHai="127" who="0" fromWho="0" sc="250,14,210,-4,237,-4,303,-6" /><INIT seed="4,0,0,3,1,63" ten="264,206,233,297" oya="0" hai0="92,125,65,107,1,76,24,95,9,122,105,39,34" hai1="130,86,43,11,81,59,116,69,120,62,35,126,72" hai2="17,52,111,30,36,23,53,27,114,4,96,131,14" hai3="121,98,132,48,119,104,13,7,87,113,25,73,88"/><T129/><D122/><U97/><E69/><V10/><F111/><W68/><G73/><T134/><D39/><U0/><E120/><V101/><F36/><W46/><G68/><T117/><D117/><U37/><E35/><V8/><F114/><W58/><G132/><T15/><D134/><U71/><E71/><V5/><F131/><W100/><G113/><T118/><D1/><U84/><E130/><V110/><F110/><W79/><G79/><T135/><D135/><U124/><E116/><V31/><F31/><W2/><G2/><T99/><D129/><U44/><E97/><V85/><F85/><W41/><G25/><T133/><D133/><U94/><E94/><V29/><F29/><W128/><G128/><T77/><D118/><U49/><E49/><V91/><F91/><W75/><G75/><T89/><D95/><U22/><E22/><V127/><F127/><N who="1" m="48681" /><E72/><V21/><F21/><W60/><G119/><T70/><D125/><U67/><E81/><V80/><F80/><W57/><G121/><T16/><D77/><U66/><E66/><V78/><F78/><W12/><G7/><AGARI ba="0,0" hai="0,7,11,37,43,44,59,62,67,84,86" m="48681" machi="7" ten="30,2000,0" yaku="18,1,52,1" doraHai="63" who="1" fromWho="3" sc="264,0,206,20,233,0,297,-20" /><INIT seed="5,0,0,2,1,15" ten="264,226,233,277" oya="1" hai0="16,24,133,58,75,81,52,11,31,129,77,66,43" hai1="73,63,83,10,120,26,88,45,87,107,103,61,115" hai2="38,46,0,95,6,3,19,40,29,128,13,90,118" hai3="99,56,116,25,54,12,72,36,7,5,91,49,110"/><U86/><E120/><V117/><F128/><W53/><G36/><T62/><D129/><U113/><E73/><V23/><F29/><W124/><G72/><T80/><D133/><U84/><E45/><V71/><F71/><W74/><G74/><T111/><D111/><U20/><E10/><V109/><F109/><W134/><G134/><T14/><D43/><U2/><E2/><V98/><REACH who="2" step="1"/><F6/><REACH who="2" ten="264,226,223,277" step="2"/><W93/><G110/><T106/><D106/><U130/><E130/><V79/><F79/><W47/><G116/><AGARI ba="0,1" hai="0,3,13,19,23,38,40,46,90,95,98,116,117,118" machi="116" ten="40,2600,0" yaku="1,1,52,1,53,0" doraHai="15" doraHaiUra="104" who="2" fromWho="3" sc="264,0,226,0,223,36,277,-26" /><INIT seed="6,0,0,4,0,131" ten="264,226,259,251" oya="2" hai0="4,51,62,22,122,135,77,114,60,47,63,115,100" hai1="119,43,56,124,64,85,30,91,46,117,107,58,16" hai2="6,111,79,55,41,52,31,126,0,121,74,21,18" hai3="94,80,32,99,35,23,29,15,73,125,1,76,61"/><V19/><F121/><W101/><G1/><T66/><D122/><U97/><E124/><V28/><F126/><W34/><G125/><T39/><D77/><U118/><E30/><V11/><F41/><W120/><G120/><T10/><D100/><U130/><E130/><V33/><F111/><W84/><G73/><T109/><D109/><U38/><E64/><V53/><F33/><W87/><G87/><T116/><D39/><U49/><E38/><V90/><F90/><W69/><G15/><T112/><D116/><U5/><E5/><V17/><REACH who="2" step="1"/><F21/><REACH who="2" ten="264,226,249,251" step="2"/><W50/><G23/><T42/><D22/><U127/><E127/><V65/><F65/><W128/><G35/><T9/><D66/><U37/><E37/><V133/><F133/><W103/><G34/><T45/><D135/><U92/><E119/><V134/><F134/><W106/><G32/><T105/><D42/><U102/><E118/><V82/><AGARI ba="0,1" hai="0,6,11,17,18,19,28,31,52,53,55,74,79,82" machi="82" ten="40,12000,1" yaku="1,1,0,1,54,1,53,1" doraHai="131" doraHaiUra="3" who="2" fromWho="2" sc="264,-40,226,-40,249,130,251,-40" /><INIT seed="6,1,0,3,0,65" ten="224,186,379,211" oya="2" hai0="105,103,80,60,99,110,69,31,73,33,58,102,25" hai1="130,134,27,39,63,125,67,87,14,123,54,98,38" hai2="32,93,56,72,114,44,117,55,57,120,46,104,4" hai3="84,45,83,77,7,21,28,100,19,127,16,113,132"/><V5/><F104/><W76/><G132/><T22/><D110/><U90/><E134/><V52/><F32/><W124/><G100/><T88/><D102/><U106/><E130/><V119/><F93/><W109/><G109/><T128/><D128/><U89/><E125/><N who="3" m="48202" /><G7/><T70/><D33/><U41/><E123/><V82/><F82/><N who="3" m="47175" /><G45/><T35/><D35/><U8/><E27/><V17/><F114/><W62/><G62/><T50/><D50/><U0/><E0/><V91/><F91/><W95/><G95/><T122/><D122/><U135/><E135/><V129/><F120/><W40/><G40/><T53/><REACH who="0" step="1"/><D73/><REACH who="0" ten="214,186,379,211" step="2"/><U92/><E106/><V24/><F72/><N who="3" m="43431" /><G113/><T61/><D61/><U20/><E63/><V48/><F129/><W12/><G12/><T42/><D42/><U18/><E14/><V26/><F48/><W101/><G101/><T13/><D13/><U115/><E41/><V30/><F117/><W6/><G6/><T49/><D49/><U121/><E115/><V10/><F119/><W97/><G97/><T34/><D34/><U71/><E98/><V118/><F118/><W94/><G94/><T51/><D51/><U64/><E92/><V108/><F108/><W116/><G116/><T66/><D66/><U43/><E67/><V29/><F4/><W79/><G79/><T78/><D78/><U1/><E64/><V37/><F5/><W133/><G133/><T107/><D107/><U85/><E121/><V9/><F46/><W23/><G23/><T81/><D81/><N who="1" m="49327" /><E20/><V3/><F44/><W68/><G21/><T36/><D36/><RYUUKYOKU ba="1,1" sc="214,30,186,-10,379,-10,211,-10" hai0="22,25,31,53,58,60,69,70,80,88,99,103,105" /><INIT seed="7,2,1,4,4,50" ten="244,176,369,201" oya="3" hai0="81,126,43,71,40,7,58,44,123,131,78,95,101" hai1="77,18,53,33,41,15,105,108,70,94,52,19,64" hai2="121,21,32,35,119,16,59,106,98,74,36,82,22" hai3="42,29,11,125,124,57,112,65,135,60,96,13,85"/><W128/><G29/><T39/><D71/><U80/><E105/><V114/><F36/><W63/><G42/><T56/><D123/><U48/><E33/><V120/><F119/><W20/><G96/><T24/><D126/><N who="3" m="48745" /><G63/><T118/><D43/><U102/><E108/><V4/><F98/><W5/><G20/><T69/><D40/><U116/><E116/><V91/><F22/><W14/><G112/><T45/><D39/><U49/><E70/><V76/><F21/><W66/><G128/><T129/><D69/><U132/><E132/><V110/><F110/><W30/><G30/><T38/><D38/><U109/><E109/><V89/><F32/><W87/><G135/><T12/><D118/><U117/><E117/><V107/><F35/><W90/><G85/><T122/><D122/><U54/><E64/><V28/><F28/><W103/><G103/><T93/><D101/><U27/><E27/><V51/><F114/><W127/><N who="3" m="48753" /><W75/><DORA hai="6" /><G75/><T100/><D24/><U73/><E41/><V97/><F74/><W8/><G66/><T17/><D100/><U130/><E130/><V83/><F97/><W9/><G5/><T23/><D7/><U2/><E2/><V0/><F4/><W84/><G84/><N who="0" m="48183" /><D131/><U92/><E102/><V111/><F111/><W10/><G10/><T86/><D129/><U134/><E134/><V1/><F121/><W55/><G55/><T67/><D67/><U37/><E37/><V3/><F120/><W113/><G113/><T68/><D86/><U79/><E79/><V133/><F76/><W47/><G47/><RYUUKYOKU ba="2,1" sc="244,-10,176,-10,369,-10,201,30" hai3="8,9,11,13,14,57,60,65,87,90" /><INIT seed="7,3,1,0,1,83" ten="234,166,359,231" oya="3" hai0="8,58,133,75,87,91,78,132,89,69,109,98,45" hai1="73,111,50,64,26,135,95,62,88,33,106,79,128" hai2="41,112,85,134,1,44,29,27,60,21,36,122,43" hai3="20,37,65,130,121,99,71,90,18,97,11,46,32"/><W39/><G32/><T47/><D69/><U114/><E111/><V118/><F1/><W52/><G130/><T103/><D109/><U31/><E128/><V4/><F4/><W56/><G11/><T59/><D75/><U72/><E135/><N who="0" m="51785" /><D78/><U49/><E114/><V96/><F118/><W0/><G0/><T129/><D129/><U125/><E125/><V105/><F122/><W81/><G71/><T86/><D8/><U107/><E107/><V104/><F43/><W63/><G121/><T55/><D91/><U61/><E106/><V131/><F112/><W127/><G127/><T30/><D30/><U126/><E126/><V120/><F105/><W3/><G3/><T53/><D59/><U14/><E14/><V5/><F120/><W94/><G81/><N who="0" m="49359" /><D87/><U25/><E79/><V115/><F115/><W35/><G35/><T15/><D15/><U57/><E26/><V67/><F27/><W6/><G6/><T24/><D24/><U16/><E16/><V108/><F5/><W48/><G99/><T100/><D98/><U76/><E76/><V28/><F96/><W101/><G101/><N who="0" m="38987" /><D55/><U54/><E73/><V113/><F113/><W77/><G77/><T66/><D66/><U82/><E82/><V12/><F108/><W80/><G80/><T123/><D123/><U92/><E72/><V84/><F131/><W102/><G102/><T110/><D110/><U19/><E19/><V23/><F104/><W40/><G65/><T70/><D70/><N who="1" m="42255" /><E88/><V7/><F134/><W17/><G17/><T42/><D42/><U74/><E74/><V13/><F41/><RYUUKYOKU ba="3,1" sc="234,10,166,10,359,-30,231,10" hai0="45,47,53,58" hai1="25,31,33,49,50,54,57,62,92,95" hai3="18,20,37,39,40,46,48,52,56,63,90,94,97" /><INIT seed="7,4,1,3,4,85" ten="244,176,329,241" oya="3" hai0="50,103,78,120,49,92,15,98,79,100,102,8,35" hai1="73,56,72,70,16,86,5,101,21,18,20,65,19" hai2="14,129,0,132,95,135,60,53,23,112,90,130,119" hai3="62,13,25,127,107,110,66,133,58,75,97,87,32"/><W94/><G75/><T40/><D35/><U89/><E70/><V105/><F105/><W45/><G110/><T37/><D37/><U123/><E123/><V1/><F112/><W108/><G108/><T118/><D118/><U67/><E5/><V12/><F119/><W28/><G107/><T42/><D120/><U41/><E41/><N who="0" m="15977" /><D50/><U113/><E113/><V54/><F60/><W10/><G127/><T48/><D48/><U22/><E101/><N who="0" m="39017" /><D49/><U84/><E56/><V24/><F54/><W34/><G133/><T38/><D38/><U88/><E86/><V36/><F53/><W122/><G87/><T2/><D2/><U27/><E27/><V6/><F36/><W4/><G122/><T121/><D121/><U106/><E106/><V81/><F0/><W104/><G104/><T93/><D92/><U31/><E31/><V124/><F1/><W61/><G61/><T3/><D3/><U33/><E33/><V29/><F124/><W9/><G9/><T47/><D47/><U111/><E111/><V126/><F126/><W68/><G45/><T17/><AGARI ba="4,1" hai="8,15,17,78,79,93,98,103" m="39017,15977" machi="17" ten="30,1100,0" yaku="8,1" doraHai="85" who="0" fromWho="0" sc="244,33,176,-7,329,-7,241,-9" owari="277,8.0,169,-33.0,322,42.0,232,-17.0" /></mjloggm>