<mjloggm ver="2.3"><GO type="169" lobby="0"/><UN n0="%E3%82%8C%E3%82%93%EF%BC%8D%4E%65%77" n1="%73%68%6F%6F%74%33%39" n2="%E5%B0%B1%E6%B4%BB%E7%94%9F%40%E5%B7%9D%E6%9D%91%E8%BB%8D%E5%9B%A3" n3="%E3%82%A8%E3%83%88%E3%81%BA%E3%83%B3" dan="16,19,16,16" rate="2058.25,2162.81,2037.51,2164.23" sx="M,M,M,F"/><TAIKYOKU oya="0"/><INIT seed="0,0,0,3,1,69" ten="250,250,250,250" oya="0" hai0="85,80,124,127,11,18,76,15,44,56,98,90,32" hai1="118,22,23,3,34,4,10,52,61,41,39,133,51" hai2="26,105,115,117,119,75,96,33,97,13,42,93,50" hai3="87,91,37,25,2,94,129,20,58,7,30,68,88"/><T62/><D32/><U35/><E118/><N who="2" m="45067" /><F75/><W59/><G68/><T67/><D44/><U92/><E61/><V107/><F115/><W116/><G116/><T89/><REACH who="0" step="1"/><D98/><REACH who="0" ten="240,250,250,250" step="2"/><U19/><E35/><V95/><F33/><W82/><G129/><T73/><D73/><U43/><E34/><V128/><F128/><W77/><G77/><T53/><D53/><U63/><E52/><V12/><F42/><W1/><G1/><T72/><D72/><U79/><E43/><V101/><F105/><W134/><G2/><T0/><D0/><U74/><E41/><V8/><F107/><W123/><G123/><T54/><D54/><U6/><E3/><V17/><F97/><W48/><G87/><T108/><D108/><U126/><E74/><V55/><F96/><W36/><G134/><T27/><D27/><U112/><E133/><V84/><F84/><W47/><G47/><T131/><D131/><U104/><E104/><V121/><F121/><W70/><G25/><T99/><D99/><U81/><E112/><V111/><F111/><W110/><G110/><T114/><D114/><U106/><E106/><V132/><F132/><W65/><G65/><T130/><D130/><U103/><E103/><V45/><F101/><W83/><G91/><AGARI ba="0,1" hai="11,15,18,56,62,67,76,80,85,89,90,91,124,127" machi="91" ten="40,2000,0" yaku="1,1,53,0" doraHai="69" doraHaiUra="66" who="0" fromWho="3" sc="240,30,250,0,250,0,250,-20" /><INIT seed="0,1,0,0,0,19" ten="270,250,250,230" oya="0" hai0="1,64,31,100,54,10,106,122,40,53,37,114,45" hai1="78,124,102,9,48,103,0,92,69,28,130,46,111" hai2="132,95,115,117,55,44,27,21,83,57,119,36,113" hai3="34,133,25,18,105,60,73,35,131,41,93,52,29"/><T82/><D114/><N who="2" m="43530" /><F36/><W7/><G105/><T70/><D31/><U16/><E69/><V5/><F44/><W15/><G73/><T109/><D100/><U47/><E111/><V61/><F95/><W118/><G118/><N who="2" m="45065" /><F83/><W101/><G7/><T30/><D109/><U2/><E78/><V120/><F5/><W81/><G81/><T125/><D45/><U110/><E92/><V86/><F86/><W77/><G77/><T128/><D37/><U89/><E47/><V88/><F132/><W42/><G133/><T79/><D79/><U123/><E110/><V56/><F56/><W74/><G74/><T63/><D82/><U99/><E46/><V6/><F6/><W107/><G93/><T84/><D106/><U65/><E102/><V12/><F12/><W32/><G101/><T91/><D84/><U38/><E103/><V3/><F3/><W50/><G107/><T23/><D1/><U17/><E38/><V90/><F120/><W94/><G94/><T43/><D122/><U126/><E123/><V80/><F80/><W127/><G42/><T71/><D40/><U97/><E0/><V87/><F87/><W98/><G98/><T59/><D43/><U96/><E2/><V51/><F61/><W58/><G60/><T24/><D63/><U39/><E96/><V49/><F51/><W108/><G108/><T62/><D62/><U72/><E97/><V121/><F121/><W134/><G134/><T112/><D112/><U14/><E39/><V75/><F75/><W26/><G50/><T13/><D13/><U22/><E72/><V129/><F129/><RYUUKYOKU ba="1,0" sc="270,-10,250,-10,250,30,230,-10" hai2="21,27,49,55,57,88,90" /><INIT seed="1,2,0,4,1,97" ten="260,240,280,220" oya="1" hai0="82,126,102,84,40,128,39,67,120,104,26,22,56" hai1="57,29,46,34,10,5,70,111,60,62,79,92,45" hai2="31,72,123,42,119,15,73,98,78,66,105,35,19" hai3="106,16,77,117,32,129,64,87,69,11,9,7,118"/><U18/><E111/><V33/><F123/><W48/><G32/><T94/><D40/><U63/><E70/><V99/><F119/><N who="3" m="45579" /><G106/><T74/><D128/><U2/><E79/><V89/><F42/><W134/><G129/><T107/><D126/><U8/><E57/><V125/><F125/><W86/><G134/><T135/><D39/><U113/><E113/><V28/><F66/><W88/><G77/><T116/><D74/><U61/><N who="1" m="15360" /><DORA hai="51" /><U3/><E92/><V12/><F78/><W50/><G64/><T21/><D56/><U52/><E18/><V80/><F19/><W108/><G87/><T112/><D67/><U17/><E17/><V25/><F25/><W4/><G69/><T90/><D26/><U133/><E133/><V91/><F105/><W24/><G108/><T20/><D135/><U95/><E95/><V96/><F96/><W100/><G24/><T114/><D116/><U23/><E23/><V0/><F0/><W121/><G16/><T75/><D104/><U38/><E38/><V30/><F30/><W83/><G121/><T110/><D110/><U43/><E43/><V14/><F14/><W44/><G44/><T81/><D112/><U71/><E71/><V76/><F76/><W65/><G65/><T127/><D114/><U41/><E41/><V47/><F47/><W37/><G37/><T68/><D68/><U131/><E131/><V93/><F93/><W13/><G9/><T55/><D107/><U27/><E46/><V59/><F59/><W130/><G130/><T115/><D120/><U58/><E45/><V124/><F124/><RYUUKYOKU ba="2,0" sc="260,-10,240,-10,280,30,220,-10" hai2="12,15,28,31,33,35,72,73,80,89,91,98,99" /><INIT seed="2,3,0,1,2,44" ten="250,230,310,210" oya="2" hai0="61,42,27,125,97,55,21,23,39,70,45,101,120" hai1="22,98,11,56,64,15,123,81,73,28,31,38,95" hai2="4,7,63,71,85,82,87,112,99,3,102,54,110" hai3="33,51,133,114,62,79,29,72,121,18,41,32,122"/><V91/><F112/><W117/><G117/><T24/><D125/><U1/><E38/><V58/><F3/><W17/><G114/><T53/><D120/><U5/><E123/><V89/><F71/><W50/><G29/><T60/><D70/><U69/><E69/><V128/><F128/><W48/><G48/><T49/><D39/><U40/><E40/><V119/><F119/><W0/><G0/><T80/><D80/><U124/><E124/><V106/><REACH who="2" step="1"/><F110/><REACH who="2" ten="250,230,300,210" step="2"/><W52/><G122/><T57/><D42/><U103/><E1/><V109/><F109/><W104/><G121/><T88/><D24/><U118/><E118/><V30/><F30/><W116/><G116/><T75/><D27/><U36/><E31/><V6/><F6/><W20/><G41/><T8/><D21/><U78/><E22/><V100/><F100/><W135/><G20/><T46/><D23/><U47/><E28/><V10/><F10/><W115/><G115/><T68/><D8/><U83/><E5/><V126/><F126/><W19/><G19/><T127/><D68/><U76/><E11/><V13/><F13/><W12/><G12/><T66/><D101/><U43/><E15/><V96/><F96/><W84/><G17/><T92/><D127/><U131/><E131/><V108/><F108/><W93/><G18/><T74/><D61/><U134/><E103/><V132/><F132/><W59/><G135/><T105/><D105/><U94/><E134/><V113/><F113/><W9/><G104/><T65/><D97/><U86/><E98/><V111/><F111/><W77/><G133/><RYUUKYOKU ba="3,1" sc="250,-15,230,15,300,15,210,-15" hai1="36,43,47,56,64,73,76,78,81,83,86,94,95" hai2="4,7,54,58,63,82,85,87,89,91,99,102,106" /><INIT seed="2,4,1,1,0,11" ten="235,245,315,195" oya="2" hai0="29,94,82,133,97,135,99,12,43,66,83,71,129" hai1="68,121,125,20,85,132,42,39,25,22,113,14,47" hai2="5,28,9,86,108,59,104,102,87,36,72,74,8" hai3="84,98,27,67,112,128,105,79,117,120,2,13,19"/><V130/><F36/><W76/><G2/><T106/><D43/><U34/><E113/><V1/><F130/><W119/><G120/><T56/><D71/><U118/><E118/><V6/><F28/><W7/><G7/><T62/><D29/><U114/><E68/><V69/><F69/><W81/><G112/><T54/><D129/><U80/><E125/><V65/><F108/><W90/><G128/><T61/><D61/><U124/><E132/><N who="0" m="50761" /><D66/><U55/><E124/><V17/><F17/><W49/><G67/><T0/><D0/><U38/><E121/><V53/><F65/><W116/><G27/><T96/><D106/><U16/><E114/><V103/><F104/><W35/><G35/><T48/><D62/><U15/><E34/><V115/><F115/><W50/><G79/><T88/><D12/><U92/><E15/><V51/><F74/><W32/><G32/><T21/><D21/><U93/><E39/><V31/><F31/><W23/><REACH who="3" step="1"/><G76/><REACH who="3" ten="235,245,315,185" step="2"/><T131/><D131/><U73/><E25/><V77/><F72/><W107/><G107/><T89/><D89/><U3/><E73/><V95/><F77/><W101/><AGARI ba="4,2" hai="13,19,23,49,50,81,84,90,98,101,105,116,117,119" machi="101" ten="40,5200,0" yaku="1,1,0,1,52,1,53,0" doraHai="11" doraHaiUra="57" who="3" fromWho="3" sc="235,-17,245,-17,315,-30,185,84" /><INIT seed="3,0,0,5,1,129" ten="218,228,285,269" oya="3" hai0="34,111,91,29,19,85,37,83,115,69,15,66,2" hai1="103,135,5,126,22,31,17,114,38,32,98,1,54" hai2="3,13,74,20,42,59,86,49,100,77,105,24,106" hai3="94,130,121,90,0,33,112,101,119,72,4,21,89"/><W99/><G33/><T109/><D2/><U124/><E38/><V84/><F3/><W26/><G119/><T79/><D37/><U120/><E114/><V58/><F74/><W110/><G112/><T71/><D115/><U131/><E120/><V116/><F116/><W95/><G121/><T60/><D71/><U25/><E131/><V50/><F13/><W92/><G72/><T68/><D68/><U82/><E82/><V93/><F77/><W73/><G73/><T12/><D12/><N who="1" m="9511" /><E54/><V102/><F93/><W23/><G130/><T35/><D79/><U16/><E16/><V127/><F127/><N who="1" m="48681" /><E98/><V80/><F20/><W51/><G23/><T107/><D29/><U30/><E103/><V48/><F24/><W62/><G99/><T55/><D55/><U9/><E31/><V132/><F50/><W63/><G51/><T45/><D45/><U67/><E67/><V70/><F70/><W44/><G101/><T14/><D19/><U97/><E97/><V7/><F7/><W133/><G44/><T65/><D69/><U28/><E28/><V18/><F18/><W6/><G6/><T123/><D83/><U87/><E87/><V128/><F128/><W52/><G4/><T39/><D85/><U108/><E108/><V76/><F80/><W96/><G110/><T118/><D39/><U10/><E10/><V8/><F8/><W78/><G96/><T27/><D123/><U43/><E43/><V11/><F11/><W122/><G122/><T57/><D118/><U46/><E46/><V134/><F42/><W36/><G36/><T41/><D41/><RYUUKYOKU ba="0,0" sc="218,-15,228,15,285,15,269,-15" hai1="1,5,9,25,30,32,135" hai2="48,49,58,59,76,84,86,100,102,105,106,132,134" /><INIT seed="4,1,0,4,3,134" ten="203,243,300,254" oya="0" hai0="10,88,83,106,54,128,52,19,111,107,47,44,2" hai1="70,48,92,5,72,66,78,95,22,132,3,114,122" hai2="97,34,61,58,13,102,15,113,33,31,123,98,14" hai3="25,18,121,20,65,73,79,84,49,57,67,6,100"/><T23/><D128/><U60/><E122/><V120/><F113/><W135/><G73/><T69/><D69/><U119/><E119/><V116/><F116/><W125/><G135/><T35/><D35/><U124/><E132/><V0/><F0/><W56/><G121/><T39/><D2/><U71/><E71/><V91/><F91/><W51/><G100/><T7/><D7/><U55/><E114/><V117/><F117/><W115/><G6/><T81/><D10/><U80/><E22/><V11/><F11/><W76/><G115/><T16/><D111/><U96/><E5/><V105/><F98/><W45/><G84/><T40/><D88/><U68/><E70/><V130/><F130/><W133/><G133/><T86/><D86/><U36/><E36/><V24/><REACH who="2" step="1"/><F34/><REACH who="2" ten="203,243,290,254" step="2"/><W109/><G109/><T82/><D23/><U108/><E3/><V90/><F90/><W75/><G20/><T53/><REACH who="0" step="1"/><D47/><REACH who="0" ten="193,243,290,254" step="2"/><U38/><E108/><V99/><F99/><W94/><G45/><T85/><D85/><U127/><E96/><V41/><F41/><W21/><G21/><T1/><D1/><U8/><E8/><V46/><F46/><W131/><G131/><T28/><D28/><U126/><E38/><V26/><F26/><W74/><G25/><T93/><D93/><U50/><E95/><V9/><F9/><W110/><G94/><T64/><D64/><AGARI ba="1,2" hai="13,14,15,24,31,33,58,61,64,97,102,105,120,123" machi="64" ten="40,2600,0" yaku="1,1,53,1" doraHai="134" doraHaiUra="29" who="2" fromWho="0" sc="193,-29,243,0,290,49,254,0" /><INIT seed="5,0,0,5,4,43" ten="164,243,339,254" oya="1" hai0="130,85,66,115,94,111,71,30,91,65,61,52,34" hai1="17,11,80,0,113,105,53,120,19,131,103,68,135" hai2="134,23,125,59,89,114,74,33,129,69,40,88,83" hai3="46,29,25,63,8,31,110,32,10,75,14,93,54"/><U13/><E120/><V86/><F69/><W37/><G75/><T4/><D111/><U24/><E0/><V102/><F33/><W44/><G110/><T106/><D106/><U126/><E68/><V73/><F40/><W47/><G37/><T92/><D115/><U27/><E113/><V79/><F114/><W87/><G31/><T62/><D130/><U55/><E131/><V15/><F59/><W51/><G63/><T97/><D4/><U90/><E126/><V98/><F23/><W20/><G32/><T18/><D18/><U42/><E135/><V58/><F15/><W127/><G127/><T116/><D116/><U101/><E42/><V48/><F48/><W39/><G39/><T28/><D34/><U1/><E1/><V107/><F58/><W35/><G35/><T119/><D119/><U104/><E80/><N who="2" m="49223" /><F129/><W118/><G118/><T57/><REACH who="0" step="1"/><D66/><REACH who="0" ten="154,243,339,254" step="2"/><U60/><E19/><V26/><F125/><W82/><G8/><T99/><D99/><U81/><E104/><V49/><F134/><W45/><G93/><T70/><D70/><U9/><E105/><V84/><F26/><W124/><G124/><T76/><D76/><U41/><E27/><V121/><F121/><W96/><G96/><T133/><D133/><U16/><E24/><V72/><F49/><W122/><G122/><T132/><D132/><U64/><E17/><V7/><F7/><N who="3" m="3423" /><G82/><AGARI ba="0,1" hai="72,73,74,79,82,83,84,89,98,102,107" m="49223" machi="82" ten="30,12000,2" yaku="35,5,54,1" doraHai="43" who="2" fromWho="3" sc="154,0,243,0,339,130,254,-120" /><INIT seed="6,0,0,5,1,83" ten="154,243,469,134" oya="2" hai0="34,38,2,77,55,25,6,11,26,39,95,51,115" hai1="108,1,133,64,126,59,97,107,46,62,27,119,32" hai2="58,42,18,106,70,80,78,7,68,123,86,45,41" hai3="85,121,33,110,47,89,21,10,36,104,117,132,113"/><V75/><F123/><W17/><G33/><T31/><D77/><U72/><E119/><V76/><F106/><W35/><G35/><T109/><D109/><U52/><E1/><V48/><F7/><W23/><G104/><T93/><D115/><U8/><E72/><V49/><F18/><W92/><G110/><T103/><D26/><U81/><E133/><V29/><F29/><W102/><G121/><T125/><D125/><U99/><E8/><V98/><F98/><W111/><G111/><T100/><D93/><U28/><E126/><V61/><F75/><W50/><G36/><T90/><D38/><U127/><E127/><V24/><F24/><W16/><G117/><T43/><D43/><U114/><E114/><V130/><F78/><W118/><G118/><T84/><REACH who="0" step="1"/><D39/><REACH who="0" ten="144,243,469,134" step="2"/><U131/><E27/><V69/><F130/><W14/><G113/><T3/><D3/><U67/><E131/><V57/><F42/><N who="3" m="24951" /><G132/><T82/><D82/><U112/><E81/><V44/><F41/><W0/><G0/><T19/><D19/><N who="3" m="7241" /><G102/><T12/><D12/><U5/><E107/><V91/><F70/><W129/><G129/><T116/><D116/><U71/><E108/><V54/><F69/><W13/><G13/><T105/><D105/><U96/><E71/><V120/><F68/><W101/><G101/><T63/><D63/><U20/><E62/><V74/><F61/><W124/><G124/><T56/><AGARI ba="0,1" hai="2,6,11,25,31,34,51,55,56,84,90,95,100,103" machi="56" ten="20,5200,0" yaku="1,1,0,1,7,1,52,1,53,0" doraHai="83" doraHaiUra="122" who="0" fromWho="0" sc="144,62,243,-13,469,-26,134,-13" /><INIT seed="7,0,0,5,0,85" ten="206,230,443,121" oya="3" hai0="96,87,92,55,91,33,93,29,98,24,73,119,56" hai1="129,53,30,14,36,97,6,122,134,80,133,19,20" hai2="59,105,70,116,102,58,127,49,21,31,113,0,74" hai3="38,77,89,83,99,23,8,40,44,95,27,45,39"/><W13/><G44/><T79/><D119/><U120/><E36/><V65/><F58/><W2/><G2/><T111/><D111/><U84/><E129/><V90/><F59/><W12/><G39/><T11/><D11/><N who="1" m="4471" /><E30/><V3/><F49/><W35/><G35/><T50/><REACH who="0" step="1"/><D93/><REACH who="0" ten="196,230,443,121" step="2"/><U112/><E122/><V51/><F116/><W62/><G62/><T48/><D48/><U57/><E120/><V71/><F51/><W52/><G52/><T126/><D126/><U54/><E97/><V128/><F127/><W15/><G8/><T124/><D124/><U41/><E41/><V68/><F65/><W75/><REACH who="3" step="1"/><G12/><REACH who="3" ten="196,230,443,111" step="2"/><T7/><D7/><U125/><E125/><V110/><F0/><W22/><G22/><T9/><D9/><U117/><E54/><V118/><F21/><W135/><G135/><T106/><D106/><U86/><E133/><V16/><F3/><W121/><G121/><T67/><D67/><U104/><E134/><V43/><F105/><W101/><G101/><T63/><D63/><U72/><E104/><V131/><F102/><W37/><G37/><T130/><D130/><U66/><E66/><V28/><F128/><W42/><G42/><T46/><D46/><U109/><E53/><V34/><F43/><W132/><G132/><T60/><D60/><U78/><E20/><V103/><F103/><W81/><G81/><AGARI ba="0,2" hai="24,29,33,50,55,56,73,79,81,87,91,92,96,98" machi="81" ten="40,5200,0" yaku="1,1,52,1,53,1" doraHai="85" doraHaiUra="25" who="0" fromWho="3" sc="196,72,230,0,443,0,111,-52" owari="268,7.0,230,-17.0,443,54.0,59,-44.0" /></mjloggm>