<mjloggm ver="2.3"><GO type="97" lobby="0"/><UN n0="%E5%B0%B1%E6%B4%BB%E7%94%9F%40%E5%B7%9D%E6%9D%91%E8%BB%8D%E5%9B%A3" n1="%E6%9A%B4%E3%82%8C%E3%82%93%E5%9D%8A%E5%B0%8F%E8%BB%8D" n2="%4A%50%53%E6%9D%B1%E9%A2%A8" n3="%6E%6F%2D%30%39%31%38" dan="14,13,14,13" rate="1990.72,1841.12,1940.29,1940.21" sx="M,M,M,M"/><TAIKYOKU oya="0"/><INIT seed="0,0,0,5,3,83" ten="250,250,250,250" oya="0" hai0="132,56,29,124,131,122,91,76,97,67,126,94,46" hai1="17,0,71,65,60,129,2,125,9,30,62,31,37" hai2="118,41,72,45,105,135,120,7,4,15,38,114,121" hai3="13,73,58,39,66,32,48,26,78,113,119,100,134"/><T47/><D122/><N who="2" m="47210" /><F7/><W22/><G39/><T133/><D29/><U117/><E117/><V55/><F15/><W74/><G119/><T11/><D11/><U24/><E37/><V3/><F55/><W18/><G113/><T59/><D76/><U82/><E129/><V104/><F118/><W93/><G78/><T86/><D131/><U90/><E125/><N who="0" m="48233" /><D97/><U87/><E30/><V109/><F114/><W70/><G32/><T89/><D89/><U84/><E17/><V115/><F115/><W33/><G73/><T95/><D95/><U8/><E0/><V92/><F92/><W44/><G74/><T111/><D111/><U51/><E2/><V50/><F72/><W27/><G33/><T52/><D67/><U19/><E19/><V80/><F105/><W69/><G93/><T49/><D59/><U42/><E62/><V112/><F104/><W123/><G58/><T63/><D63/><U23/><E42/><V85/><F109/><W10/><G66/><T12/><D12/><U25/><E25/><V98/><F98/><W14/><G14/><T21/><D21/><U101/><E51/><V53/><F50/><W54/><G27/><T99/><D99/><U36/><E36/><V43/><F38/><W106/><G123/><T1/><D1/><U20/><E20/><V110/><F3/><W103/><G106/><T34/><D34/><U28/><E28/><V57/><F110/><W127/><G127/><T128/><D128/><U130/><E130/><V35/><F112/><W64/><G64/><T75/><D75/><U102/><E65/><V77/><F35/><RYUUKYOKU ba="0,0" sc="250,30,250,-10,250,-10,250,-10" hai0="46,47,49,52,56,86,91,94,132,133" /><INIT seed="0,1,0,4,2,89" ten="280,240,240,240" oya="0" hai0="62,50,106,9,48,104,43,74,115,87,86,57,118" hai1="91,30,22,18,20,135,7,70,92,3,77,94,44" hai2="67,95,85,34,28,6,68,131,1,107,63,113,64" hai3="125,41,25,47,119,16,5,116,76,12,110,134,2"/><T108/><D74/><U105/><E70/><V13/><F113/><W112/><G76/><T40/><D118/><U78/><E105/><V73/><F73/><W97/><G110/><T111/><D9/><U42/><E135/><V8/><F107/><N who="0" m="41002" /><D115/><U11/><E30/><V38/><F38/><W59/><G112/><T98/><D98/><U54/><E54/><V61/><F131/><W133/><G116/><T15/><D15/><U127/><E127/><V123/><F123/><W88/><G125/><T32/><D57/><U72/><E91/><V51/><F51/><N who="0" m="19498" /><D62/><U114/><E114/><V53/><F53/><W71/><G59/><T130/><D32/><U66/><E78/><V39/><F39/><N who="3" m="21951" /><G71/><T58/><D58/><U23/><E66/><V120/><F120/><W100/><G100/><T27/><D27/><U122/><E18/><V55/><F55/><W80/><G25/><T132/><D132/><N who="3" m="50793" /><G2/><T14/><D14/><U83/><E122/><V29/><F13/><W102/><G102/><T31/><D31/><U79/><E79/><V46/><F34/><W17/><G119/><T109/><D130/><U26/><E26/><V60/><F60/><W103/><G103/><T45/><D45/><U90/><E90/><N who="2" m="53711" /><F46/><W37/><G37/><AGARI ba="1,0" hai="3,7,11,20,22,23,37,42,44,72,77,83,92,94" machi="37" ten="40,8000,1" yaku="25,2,52,2" doraHai="89" who="1" fromWho="3" sc="280,0,240,83,240,0,240,-83" /><INIT seed="1,0,0,4,5,84" ten="280,323,240,157" oya="1" hai0="13,79,68,46,16,107,125,0,74,93,80,67,110" hai1="26,40,104,14,35,116,62,111,123,3,76,52,17" hai2="98,15,81,5,88,39,32,44,73,135,100,130,24" hai3="43,105,102,127,133,119,31,64,90,18,20,92,34"/><U61/><E116/><V23/><F130/><W19/><G119/><T57/><D0/><U1/><E104/><V131/><F131/><W36/><G105/><T85/><D107/><U54/><E123/><V21/><F135/><W129/><G36/><T97/><D125/><U108/><E40/><V78/><F32/><W49/><G34/><T60/><D110/><N who="1" m="42027" /><E76/><V47/><F39/><W12/><G102/><T94/><D46/><U7/><E7/><V29/><F5/><W128/><G31/><T28/><D28/><N who="1" m="19863" /><E62/><V11/><F11/><W70/><G133/><T113/><D113/><U59/><E54/><V33/><F15/><W22/><G127/><T69/><D74/><U96/><E96/><V55/><F47/><N who="3" m="25855" /><G70/><T45/><D45/><U38/><E38/><V121/><F121/><W51/><G129/><T75/><D75/><U109/><N who="1" m="42035" /><U30/><DORA hai="86" /><E30/><V134/><F134/><W117/><G117/><T9/><D97/><U99/><E99/><V25/><F33/><W63/><G128/><T83/><D69/><U66/><E66/><V112/><F112/><W27/><G51/><T50/><D50/><U4/><E4/><V72/><F72/><W118/><G118/><T124/><D68/><U103/><E103/><V87/><F73/><W56/><G64/><T101/><D124/><U114/><E114/><V132/><F100/><W65/><G92/><N who="0" m="35435" /><D101/><U53/><E53/><V48/><F132/><W58/><G58/><T126/><D126/><U6/><E6/><V115/><F115/><W95/><G95/><T91/><D79/><U120/><E120/><RYUUKYOKU ba="0,0" sc="280,10,323,10,240,-30,157,10" hai0="9,13,16,57,60,67,80,83,85,91" hai1="1,3,14,17,52,59,61" hai3="12,18,19,20,22,27,56,63,65,90" /><INIT seed="1,1,0,5,1,70" ten="290,333,210,167" oya="1" hai0="23,90,112,49,114,98,2,62,43,29,127,12,3" hai1="0,35,7,104,118,58,130,95,10,107,71,86,67" hai2="56,82,111,85,22,36,78,9,57,39,125,81,48" hai3="128,46,51,65,42,122,18,68,79,52,106,91,99"/><U64/><E35/><V116/><F116/><W133/><G122/><T38/><D127/><U19/><E118/><V4/><F125/><W134/><G79/><T94/><D62/><U66/><E130/><V80/><F111/><W53/><G128/><T20/><D49/><U117/><E71/><V15/><F22/><W40/><G18/><T59/><D59/><U88/><E117/><V92/><F48/><N who="3" m="28695" /><G106/><T124/><D124/><U63/><REACH who="1" step="1"/><E19/><REACH who="1" ten="290,323,210,167" step="2"/><V110/><F110/><W105/><G68/><T47/><D114/><U108/><E108/><V115/><F115/><W135/><G65/><AGARI ba="1,1" hai="0,7,10,58,63,64,65,66,67,86,88,95,104,107" machi="65" ten="40,7700,0" yaku="1,1,54,1,53,1" doraHai="70" doraHaiUra="89" who="1" fromWho="3" sc="290,0,323,90,210,0,167,-80" /><INIT seed="1,2,0,0,2,77" ten="290,413,210,87" oya="1" hai0="30,57,116,91,46,107,62,48,112,38,22,55,49" hai1="13,31,3,131,14,34,134,4,115,99,51,108,11" hai2="20,72,65,119,25,83,94,75,24,78,87,79,39" hai3="69,33,88,129,42,64,53,29,58,82,44,93,66"/><U105/><E115/><V56/><F119/><W35/><G129/><T114/><D107/><U122/><E122/><V54/><F39/><W73/><G29/><T76/><D116/><U52/><E131/><V128/><F128/><W86/><G33/><T10/><D76/><U118/><E118/><V111/><F111/><W63/><G35/><T60/><D10/><U37/><E37/><V59/><F78/><W95/><G73/><T8/><D8/><U101/><E134/><V68/><F68/><W126/><G126/><T2/><D2/><U89/><E108/><V132/><F94/><W104/><G104/><T0/><D0/><U67/><E67/><V1/><F1/><W50/><REACH who="3" step="1"/><G66/><REACH who="3" ten="290,413,210,77" step="2"/><T12/><D30/><U123/><E123/><V18/><F75/><W135/><G135/><T102/><D114/><U9/><E31/><V124/><F72/><W100/><G100/><T45/><D102/><U47/><E34/><V16/><F132/><W15/><G15/><T117/><D12/><U84/><REACH who="1" step="1"/><E11/><REACH who="1" ten="290,403,210,77" step="2"/><V133/><F133/><W40/><G40/><T120/><D112/><U61/><E61/><AGARI ba="2,2" hai="42,44,50,53,58,61,63,64,69,82,86,88,93,95" machi="61" ten="30,7700,0" yaku="1,1,7,1,52,1,54,1,53,0" doraHai="77" doraHaiUra="110" who="3" fromWho="1" sc="290,0,403,-83,210,0,77,103" /><INIT seed="2,0,0,1,5,56" ten="290,320,210,180" oya="2" hai0="135,69,104,62,112,134,3,27,64,8,103,59,93" hai1="54,9,65,115,130,61,84,109,11,24,21,43,19" hai2="92,81,125,110,80,4,68,17,16,132,46,2,94" hai3="114,7,75,70,76,45,10,91,53,30,22,108,48"/><V96/><F132/><N who="0" m="50730" /><D112/><U6/><E115/><V97/><F125/><W44/><G114/><T23/><D104/><U86/><E130/><V121/><F121/><W99/><G108/><T123/><D123/><U113/><E109/><V29/><F110/><W72/><G70/><T83/><D83/><U124/><E124/><V33/><F68/><W40/><G76/><T66/><D3/><U1/><E113/><V55/><F2/><W57/><G99/><N who="0" m="59887" /><D8/><U120/><E120/><V60/><F4/><W111/><G111/><T37/><D37/><U31/><E43/><V63/><F33/><W116/><G116/><T129/><D129/><U82/><E54/><V0/><F0/><W127/><G91/><T105/><D105/><U71/><E11/><V39/><F39/><W41/><G127/><T5/><D5/><U13/><REACH who="1" step="1"/><E82/><REACH who="1" ten="290,310,210,180" step="2"/><V52/><F29/><W38/><G10/><T26/><D23/><U49/><E49/><V85/><F46/><W102/><G22/><T88/><D66/><U58/><E58/><V73/><F73/><W25/><G75/><T51/><D51/><U119/><E119/><V74/><F74/><W15/><G72/><T106/><D69/><U79/><E79/><V90/><F90/><W35/><G102/><T77/><D77/><U34/><AGARI ba="0,1" hai="1,6,9,13,19,21,24,31,34,61,65,71,84,86" machi="34" ten="20,12000,2" yaku="1,1,0,1,7,1,24,2,52,1,53,1" doraHai="56" doraHaiUra="32" who="1" fromWho="1" sc="290,-30,310,130,210,-60,180,-30" /><INIT seed="3,0,0,2,0,26" ten="260,440,150,150" oya="3" hai0="87,95,31,57,34,124,94,88,129,5,80,65,120" hai1="41,59,55,81,53,116,134,105,104,96,84,101,127" hai2="68,32,10,82,66,35,56,24,15,63,44,131,60" hai3="6,33,9,42,130,52,126,74,51,13,107,11,135"/><W102/><G74/><T19/><D120/><U75/><E116/><V114/><F131/><W125/><G33/><T12/><D129/><U109/><E109/><V43/><F114/><W92/><G130/><T45/><D124/><N who="3" m="47721" /><G107/><T21/><D5/><U121/><E121/><V0/><F0/><W20/><G42/><T39/><D39/><U78/><E134/><V2/><F2/><W99/><G135/><T7/><D7/><U73/><E127/><V97/><F97/><W38/><G38/><T123/><D45/><U89/><E41/><V30/><F35/><W72/><G72/><N who="1" m="27722" /><E55/><V111/><F82/><W3/><G20/><N who="0" m="11367" /><D34/><U37/><E53/><V47/><F43/><W119/><G119/><T133/><D123/><U128/><E59/><V8/><F8/><N who="3" m="4247" /><G3/><T112/><D112/><U115/><E37/><V49/><F49/><W28/><G28/><T64/><D133/><U50/><E50/><V36/><F111/><W79/><G79/><T17/><D31/><U4/><E4/><V48/><F48/><W86/><G86/><T14/><D57/><AGARI ba="0,0" hai="9,11,51,52,57,92,99,102" m="4247,47721" machi="57" ten="30,2900,0" yaku="18,1,54,1" doraHai="26" who="3" fromWho="0" sc="260,-29,440,0,150,0,150,29" /><INIT seed="3,1,0,2,5,61" ten="231,440,150,179" oya="3" hai0="120,88,52,58,14,72,38,16,47,112,31,43,125" hai1="4,67,123,11,29,93,34,48,130,49,57,74,64" hai2="89,90,3,108,17,7,82,23,84,103,70,54,10" hai3="92,95,119,107,59,27,71,129,100,124,55,65,117"/><W62/><G129/><T80/><D120/><U131/><E123/><V8/><F108/><W121/><G121/><T12/><D112/><U32/><E74/><V85/><F103/><W110/><G110/><T77/><D125/><U35/><E29/><V19/><F70/><W109/><G109/><T94/><D31/><U114/><E114/><V79/><F79/><W13/><G92/><T9/><D14/><U56/><E93/><V36/><F36/><W37/><G95/><T96/><D58/><U66/><E11/><V30/><F54/><W0/><G0/><T76/><D76/><U46/><E4/><V73/><F73/><W98/><G13/><T24/><D24/><U50/><E46/><V41/><F41/><W116/><G124/><T63/><D63/><U128/><AGARI ba="1,0" hai="32,34,35,48,49,50,56,57,64,66,67,128,130,131" machi="128" ten="50,32000,5" yakuman="40" doraHai="61" who="1" fromWho="1" sc="231,-81,440,323,150,-81,179,-161" owari="150,-5.0,763,86.0,69,-33.0,18,-48.0" /></mjloggm>