<mjloggm ver="2.3"><GO type="97" lobby="0"/><UN n0="%E3%83%9E%E3%82%B8%E3%82%81" n1="%47%38%E9%BE%8D%E9%96%80" n2="%75%73%68%69%6B%6F" n3="%E5%B0%B1%E6%B4%BB%E7%94%9F%40%E5%B7%9D%E6%9D%91%E8%BB%8D%E5%9B%A3" dan="14,15,13,15" rate="1924.56,1992.79,1865.64,1977.36" sx="M,F,M,M"/><TAIKYOKU oya="0"/><INIT seed="0,0,0,0,0,103" ten="250,250,250,250" oya="0" hai0="34,64,106,55,12,29,121,30,37,132,122,59,79" hai1="133,78,111,49,19,50,51,15,32,77,86,44,104" hai2="90,39,84,127,115,45,117,116,20,61,95,56,123" hai3="1,101,24,129,42,7,109,92,131,22,81,75,33"/><T0/><D0/><U47/><E32/><V91/><F115/><W80/><G33/><T67/><D37/><U73/><E133/><V46/><F123/><W2/><G109/><T65/><D79/><U16/><E111/><V25/><F127/><W100/><G42/><T87/><D87/><U76/><E86/><V107/><F107/><W27/><G75/><T58/><D12/><U108/><E108/><V134/><F134/><W41/><G41/><T11/><D11/><U74/><E104/><V35/><F35/><W18/><G7/><T124/><D132/><U43/><E15/><V102/><F102/><N who="3" m="39531" /><G92/><T69/><D67/><U85/><E85/><N who="2" m="52687" /><F39/><W120/><G120/><T114/><D34/><U3/><E3/><N who="3" m="1034" /><G24/><T54/><D114/><U93/><E93/><N who="2" m="54503" /><F117/><W68/><G68/><T71/><REACH who="0" step="1"/><D124/><REACH who="0" ten="240,250,250,250" step="2"/><U62/><E73/><V60/><F116/><W96/><G96/><T17/><D17/><U89/><E74/><V28/><F61/><W70/><G70/><T125/><D125/><U14/><E62/><V48/><F48/><W98/><G98/><T5/><D5/><U10/><E19/><V38/><F38/><W63/><G63/><T8/><D8/><U112/><E112/><V128/><F128/><AGARI ba="0,1" hai="18,22,27,80,81,128,129,131" m="1034,39531" machi="128" ten="30,1000,0" yaku="19,1" doraHai="103" who="3" fromWho="2" sc="240,0,250,0,250,-10,250,20" /><INIT seed="1,0,0,5,5,93" ten="240,250,240,270" oya="1" hai0="91,15,69,60,87,48,132,39,98,33,127,23,102" hai1="66,85,40,4,90,88,38,117,46,34,101,99,51" hai2="43,115,53,32,71,134,119,129,5,111,16,41,11" hai3="95,27,112,103,35,21,3,2,10,17,18,135,20"/><U123/><E117/><V19/><F71/><W128/><G112/><T52/><D33/><U54/><E123/><V75/><F32/><W36/><G36/><T49/><D39/><U56/><E34/><V14/><F75/><W130/><G103/><T81/><D132/><U47/><E4/><V121/><F121/><W131/><G95/><T59/><D127/><U67/><E47/><V118/><F111/><W9/><G35/><T63/><D69/><U109/><E109/><V8/><F134/><W22/><G135/><T72/><D72/><U1/><E1/><N who="3" m="10" /><G22/><T55/><D23/><U124/><E124/><V7/><F129/><W96/><G96/><T116/><D116/><U84/><E84/><V133/><F133/><W108/><G108/><T6/><D6/><U94/><REACH who="1" step="1"/><E90/><REACH who="1" ten="240,240,240,270" step="2"/><V97/><F115/><W70/><G70/><T73/><D73/><U89/><E89/><V13/><F53/><W25/><AGARI ba="0,1" hai="9,10,17,18,20,21,25,27,128,130,131" m="10" machi="25" ten="40,5200,0" yaku="19,1,34,2" doraHai="93" who="3" fromWho="3" sc="240,-13,240,-26,240,-13,270,62" /><INIT seed="2,0,0,0,1,119" ten="227,214,227,332" oya="2" hai0="5,10,64,84,102,131,83,18,99,56,91,44,95" hai1="124,47,105,117,11,127,123,2,14,32,23,35,104" hai2="61,133,9,42,106,122,53,51,80,20,103,57,76" hai3="16,96,93,85,86,107,97,8,78,19,40,128,116"/><V130/><F122/><W132/><G116/><T1/><D131/><U48/><E117/><V24/><F130/><W135/><G107/><T111/><D111/><U65/><E65/><V94/><F106/><W129/><G40/><T34/><D34/><N who="1" m="12843" /><E105/><V4/><F133/><N who="3" m="51275" /><G96/><T43/><D18/><N who="3" m="6697" /><G8/><T75/><D75/><U58/><E104/><V13/><F94/><W81/><G86/><T92/><D64/><U36/><E36/><V41/><F103/><AGARI ba="0,0" hai="78,81,85,93,97,103,128,129" m="6697,51275" machi="103" ten="30,2000,0" yaku="20,1,54,1" doraHai="119" who="3" fromWho="2" sc="227,0,214,0,227,-20,332,20" /><INIT seed="3,0,0,0,3,107" ten="227,214,207,352" oya="3" hai0="129,97,48,96,52,58,134,45,94,62,4,33,15" hai1="49,54,87,135,40,109,74,53,91,124,108,5,11" hai2="43,51,102,16,67,0,79,77,93,29,3,112,86" hai3="21,61,1,65,19,24,14,35,64,123,6,80,100"/><W113/><G113/><T73/><D33/><U114/><E114/><V121/><F112/><W119/><G100/><T69/><D134/><U34/><E135/><V76/><F121/><W132/><G132/><T84/><D129/><U85/><E34/><V125/><F29/><W60/><G80/><T26/><D69/><U50/><E124/><V118/><F118/><W27/><G27/><T95/><D73/><U68/><E68/><V8/><F67/><W98/><G98/><T133/><D133/><U39/><E74/><V23/><F8/><W116/><G64/><T47/><D26/><U38/><E40/><V20/><F20/><W99/><G99/><T103/><D84/><U66/><E66/><V127/><F51/><W120/><G61/><T110/><D110/><U131/><E131/><V101/><F43/><W12/><G60/><T32/><D32/><U59/><E11/><V78/><N who="2" m="19968" /><DORA hai="88" /><V63/><F63/><W41/><G65/><T115/><D115/><U56/><E91/><N who="2" m="53495" /><F0/><W37/><G41/><T75/><D75/><U82/><E82/><V70/><F3/><W46/><G1/><T92/><D103/><U17/><E17/><V72/><F72/><W9/><G116/><T128/><D128/><U130/><E130/><V22/><F70/><W126/><G119/><T90/><D90/><U111/><E111/><V117/><F117/><W44/><G35/><T57/><D4/><AGARI ba="0,0" hai="4,5,38,39,49,50,53,54,56,59,85,87,108,109" machi="4" ten="25,1600,0" yaku="22,2" doraHai="107,88" who="1" fromWho="0" sc="227,-16,214,16,207,0,352,0" owari="211,-19.0,230,3.0,207,-29.0,352,45.0" /></mjloggm>