<mjloggm ver="2.3"><GO type="97" lobby="0"/><UN n0="%E3%83%8F%E3%83%B3%E3%81%A1%E3%82%83%E3%82%93" n1="%E5%A4%A7%E8%87%A3%E8%B3%9E" n2="%50%48%52%35%39" n3="%E3%83%88%E3%83%88%E3%83%AA%E5%85%88%E7%94%9F%31%39%E6%AD%B3" dan="14,13,14,13" rate="1894.58,1908.62,1891.61,1993.45" sx="M,M,M,F"/><TAIKYOKU oya="0"/><INIT seed="0,0,0,5,5,34" ten="250,250,250,250" oya="0" hai0="52,12,18,128,91,81,19,24,74,16,109,22,56" hai1="45,50,100,104,82,133,6,129,110,26,71,87,2" hai2="43,113,33,98,65,23,120,41,76,77,53,93,79" hai3="29,90,88,30,31,115,42,101,84,125,48,86,27"/><T44/><D128/><U5/><E71/><V72/><F113/><W20/><G115/><T28/><D44/><U61/><E129/><V126/><F120/><W96/><G125/><T131/><D131/><U97/><E61/><V124/><F33/><W92/><G42/><T112/><D112/><U4/><E133/><V11/><F72/><W95/><REACH who="3" step="1"/><G48/><REACH who="3" ten="250,250,250,240" step="2"/><N who="0" m="30727" /><D109/><U25/><E110/><V117/><F124/><W59/><G59/><T70/><D70/><U7/><E50/><V94/><F41/><W132/><G132/><T55/><D74/><U135/><E45/><V47/><F43/><W0/><G0/><T103/><D55/><U68/><E68/><V49/><F126/><W46/><G46/><T111/><D111/><U73/><E73/><V67/><F117/><W40/><G40/><T105/><D105/><AGARI ba="0,1" hai="20,27,29,30,31,84,86,88,90,92,95,96,101,105" machi="105" ten="30,7700,0" yaku="1,1,7,1,9,1,54,1,53,0" doraHai="34" doraHaiUra="130" who="3" fromWho="0" sc="250,-77,250,0,250,0,240,87" /><INIT seed="1,0,0,1,5,32" ten="173,250,250,327" oya="1" hai0="71,99,52,125,97,10,85,111,43,19,120,55,101" hai1="124,65,95,59,38,24,22,118,73,1,26,12,122" hai2="112,40,54,114,48,86,132,128,70,6,45,31,98" hai3="107,9,21,93,72,88,27,46,58,135,77,7,117"/><U82/><E118/><V109/><F109/><W41/><G117/><T37/><D125/><U62/><E122/><V108/><F108/><W28/><G135/><T57/><D120/><U80/><E38/><V103/><F132/><W68/><G107/><T79/><D111/><U69/><E124/><V33/><F128/><W105/><G105/><T90/><D71/><U127/><E127/><V75/><F75/><W53/><G68/><T92/><D79/><U129/><E129/><V34/><F70/><W67/><G67/><T96/><D55/><U14/><E24/><V81/><F6/><W87/><G72/><T104/><D43/><U130/><E130/><V78/><F40/><W115/><G77/><T91/><D37/><U100/><E69/><V134/><F134/><W18/><G115/><N who="2" m="44073" /><F31/><W116/><G116/><T51/><D91/><U64/><E64/><V20/><F20/><W110/><G110/><T13/><AGARI ba="0,0" hai="10,13,19,51,52,57,85,90,92,96,97,99,101,104" machi="13" ten="30,2000,0" yaku="0,1,54,1" doraHai="32" who="0" fromWho="0" sc="173,20,250,-10,250,-5,327,-5" /><INIT seed="2,0,0,4,5,132" ten="193,240,245,322" oya="2" hai0="77,51,13,120,9,33,114,53,16,122,91,92,104" hai1="97,41,67,85,88,52,68,63,37,5,55,107,66" hai2="8,61,56,42,75,25,103,23,112,1,10,34,18" hai3="6,113,124,12,11,43,130,81,123,133,79,74,115"/><V20/><F112/><N who="3" m="43083" /><G124/><T110/><D33/><U99/><E5/><V125/><F125/><W3/><G133/><T27/><D114/><U30/><E107/><V0/><F75/><W38/><G130/><T128/><D110/><U119/><E119/><V126/><F126/><W15/><G123/><T4/><D104/><U86/><E30/><V14/><F103/><W29/><G29/><T90/><D128/><U118/><E118/><V35/><F42/><W54/><G54/><T71/><D77/><U102/><E85/><V94/><F94/><W47/><AGARI ba="0,0" hai="3,6,11,12,15,38,43,47,74,79,81" m="43083" machi="47" ten="30,2000,0" yaku="25,1,11,1" doraHai="132" who="3" fromWho="3" sc="193,-5,240,-5,245,-10,322,20" /><INIT seed="3,0,0,4,5,54" ten="188,235,235,342" oya="3" hai0="58,32,103,1,128,15,108,127,68,24,133,131,11" hai1="36,96,47,13,89,67,69,30,6,17,79,77,40" hai2="10,112,125,82,57,119,98,22,7,101,122,37,88" hai3="134,81,132,65,129,60,126,20,123,51,31,130,121"/><W113/><G113/><T97/><D68/><U70/><E6/><V26/><F119/><W64/><G126/><T62/><D108/><U76/><E30/><V100/><F112/><W27/><G81/><T33/><D127/><U75/><E75/><V55/><F125/><W104/><G51/><T117/><D133/><N who="3" m="51305" /><G65/><T14/><D117/><U5/><E5/><V111/><F111/><W83/><G83/><T99/><D1/><U72/><E72/><V80/><F37/><W4/><G4/><T0/><D0/><U38/><E38/><V73/><F73/><W23/><G23/><T95/><D97/><U87/><E96/><V102/><F122/><N who="3" m="46603" /><G104/><T53/><D15/><U46/><E67/><V43/><F43/><W66/><G64/><T56/><D24/><U93/><REACH who="1" step="1"/><E47/><REACH who="1" ten="188,225,235,342" step="2"/><V116/><F116/><W135/><G135/><T91/><D33/><U12/><E12/><N who="2" m="5215" /><F98/><W71/><AGARI ba="0,1" hai="20,27,31,60,66,71,129,130" m="46603,51305" machi="71" ten="40,2100,0" yaku="20,1" doraHai="54" who="3" fromWho="3" sc="188,-7,225,-7,235,-7,342,31" owari="181,-32.0,218,-18.0,228,3.0,373,47.0" /></mjloggm>