<mjloggm ver="2.3"><GO type="41" lobby="0"/><UN n0="%6D%6F%6B%6F%63%68%69%6E" n1="%E3%83%87%E3%82%B3%E3%81%BE" n2="%E5%85%A8%E3%81%A4%E6%95%99%E6%95%99%E7%A5%96" n3="%E5%B0%B1%E6%B4%BB%E7%94%9F%40%E5%B7%9D%E6%9D%91%E8%BB%8D%E5%9B%A3" dan="14,14,14,16" rate="1902.64,1991.05,1919.38,2097.65" sx="M,M,M,M"/><TAIKYOKU oya="0"/><INIT seed="0,0,0,3,2,106" ten="250,250,250,250" oya="0" hai0="32,43,54,131,83,124,42,16,121,29,98,73,23" hai1="80,7,4,51,15,30,92,36,34,41,50,79,5" hai2="100,62,64,44,1,120,115,88,46,28,57,78,72" hai3="118,99,25,96,35,86,134,117,19,107,74,18,128"/><T135/><D121/><U130/><E130/><V93/><F100/><W2/><G128/><T82/><D131/><U126/><E126/><V20/><F1/><W45/><G2/><T110/><D124/><U133/><E133/><V91/><F115/><W48/><G134/><T14/><D135/><U26/><E15/><V61/><F61/><W27/><G86/><T67/><D110/><U10/><E10/><V97/><F91/><W39/><G39/><T21/><D32/><U102/><E102/><V24/><REACH who="2" step="1"/><F120/><REACH who="2" ten="250,250,240,250" step="2"/><W12/><G74/><T53/><D73/><U8/><E92/><V127/><F127/><W112/><G112/><T108/><D108/><U94/><E94/><V70/><F70/><W84/><G117/><T59/><D98/><U129/><E129/><V22/><F22/><W111/><G118/><T31/><D23/><U81/><E34/><V17/><F17/><W77/><G35/><T113/><D113/><U56/><E8/><V33/><F33/><W63/><G63/><T105/><D29/><U122/><E122/><V66/><F66/><W65/><G65/><T52/><D31/><U13/><E30/><V60/><F60/><W95/><G107/><T76/><D105/><U3/><E3/><V90/><F90/><W6/><G19/><T40/><D76/><U109/><E109/><V37/><F37/><W87/><G77/><T71/><D71/><U68/><E79/><V123/><F123/><W101/><G18/><T47/><D67/><U89/><E68/><V132/><F132/><W11/><G111/><T125/><D125/><U114/><E114/><RYUUKYOKU ba="0,1" sc="250,-10,250,-10,240,30,250,-10" hai2="20,24,28,44,46,57,62,64,72,78,88,93,97" /><INIT seed="1,1,1,2,4,104" ten="240,240,270,240" oya="1" hai0="23,15,35,47,75,65,5,26,28,40,63,18,133" hai1="70,89,71,128,33,87,83,134,78,93,98,123,9" hai2="60,131,62,107,129,43,31,126,76,29,82,68,102" hai3="25,105,7,19,61,85,97,20,13,111,101,10,38"/><U42/><E33/><V11/><F126/><W45/><G111/><T124/><D124/><U119/><E119/><V115/><F43/><W125/><G125/><T86/><D133/><U77/><E123/><V90/><F90/><W55/><G38/><T79/><D86/><U117/><E117/><V122/><F122/><W59/><G45/><T6/><D79/><U112/><E112/><V3/><F115/><W108/><G108/><T44/><D44/><U34/><E34/><V8/><F102/><W49/><G85/><T64/><D64/><U121/><E121/><V114/><F107/><W56/><G56/><T109/><D109/><U39/><E134/><V51/><F51/><W0/><REACH who="3" step="1"/><G49/><REACH who="3" ten="240,240,270,230" step="2"/><T41/><D47/><U92/><E71/><V17/><F114/><W52/><G52/><T127/><D127/><U32/><E70/><V54/><F54/><W46/><G46/><T57/><D41/><U113/><E39/><V24/><F68/><W72/><G72/><T4/><REACH who="0" step="1"/><D40/><REACH who="0" ten="230,240,270,230" step="2"/><U22/><E113/><V67/><F67/><W81/><G81/><T69/><D69/><U84/><E128/><V30/><F82/><W99/><G99/><T106/><D106/><U88/><E32/><V96/><F96/><W1/><AGARI ba="1,3" hai="0,1,7,10,13,19,20,25,55,59,61,97,101,105" machi="1" ten="30,2000,0" yaku="1,1,0,1,53,0" doraHai="104" doraHaiUra="27" who="3" fromWho="3" sc="230,-6,240,-11,270,-6,230,53" /><INIT seed="2,0,0,0,0,83" ten="224,229,264,283" oya="2" hai0="29,49,23,65,101,121,56,13,32,124,33,62,116" hai1="18,40,108,51,128,115,1,7,94,112,75,113,77" hai2="135,55,24,19,104,95,123,74,68,119,78,15,93" hai3="0,131,129,28,42,16,21,114,34,5,2,73,61"/><V92/><F104/><W111/><G73/><T90/><D121/><U37/><E51/><V3/><F3/><N who="3" m="1067" /><G42/><T127/><D101/><U117/><E18/><V107/><F107/><W59/><G59/><T35/><D116/><U122/><E117/><V100/><F119/><W48/><G48/><T91/><D49/><U106/><E94/><V14/><F68/><W80/><G61/><T67/><D67/><U72/><E106/><V22/><F123/><W79/><G79/><T69/><D69/><U25/><E25/><V96/><F135/><W71/><G80/><T50/><D50/><U47/><E122/><V54/><F78/><W44/><G44/><T38/><D38/><U27/><E27/><V134/><F74/><W9/><G71/><T102/><D102/><U133/><E133/><V132/><F132/><W88/><G88/><T43/><D43/><U99/><E99/><N who="2" m="59495" /><F134/><W31/><G34/><T97/><D97/><U66/><E66/><V57/><F95/><W30/><G111/><T8/><D90/><U120/><E120/><V98/><F98/><W87/><G87/><T39/><D91/><U26/><E75/><V109/><F109/><W53/><G53/><N who="2" m="19977" /><F57/><W89/><G89/><AGARI ba="0,0" hai="14,15,19,22,24,89,93,96" m="19977,59495" machi="89" ten="30,1500,0" yaku="8,1" doraHai="83" who="2" fromWho="3" sc="224,0,229,0,264,15,283,-15" /><INIT seed="2,1,0,4,4,1" ten="224,229,279,268" oya="2" hai0="101,7,77,78,132,95,84,48,3,45,32,125,73" hai1="85,127,49,11,129,60,17,123,0,107,113,18,124" hai2="119,108,96,69,62,76,117,19,23,43,92,104,128" hai3="2,15,59,110,42,35,50,33,47,31,29,109,14"/><V121/><F104/><W135/><G2/><T82/><D132/><U44/><E113/><V10/><F121/><W91/><G135/><T39/><D125/><N who="1" m="48203" /><E107/><V89/><F128/><W46/><G59/><T56/><D32/><N who="3" m="12361" /><G91/><T26/><D26/><U63/><E129/><V4/><F76/><W99/><G99/><T115/><D115/><U133/><E133/><V22/><F43/><W52/><G15/><T75/><D56/><U41/><E85/><V30/><F108/><N who="3" m="41579" /><G14/><T98/><D84/><U114/><E114/><V70/><F70/><W86/><G86/><T16/><D48/><AGARI ba="1,0" hai="29,31,42,46,47,48,50,52" m="41579,12361" machi="48" ten="30,2000,0" yaku="14,1,54,1" doraHai="1" who="3" fromWho="0" sc="224,-23,229,0,279,0,268,23" /><INIT seed="3,0,0,3,1,58" ten="201,229,279,291" oya="3" hai0="33,109,127,11,36,50,17,92,79,129,94,135,14" hai1="100,63,5,41,27,31,119,38,115,56,46,93,20" hai2="42,45,15,80,95,64,73,131,28,66,2,24,47" hai3="4,130,30,51,76,81,48,57,65,75,96,111,103"/><W40/><G130/><T29/><D36/><U97/><E115/><V124/><F124/><W25/><G111/><T104/><D109/><U55/><REACH who="1" step="1"/><E5/><REACH who="1" ten="201,219,279,291" step="2"/><V89/><F131/><W6/><G6/><T78/><D129/><U49/><E49/><V128/><F128/><W110/><G4/><T133/><D127/><U54/><E54/><V3/><F3/><W132/><G110/><T77/><D50/><U44/><E44/><V86/><F47/><W67/><G40/><T26/><REACH who="0" step="1"/><D104/><REACH who="0" ten="191,219,279,291" step="2"/><U10/><E10/><V125/><F125/><W71/><G51/><T83/><D83/><U59/><E59/><V70/><F70/><W52/><G71/><T122/><D122/><U123/><E123/><V87/><F2/><W32/><G132/><AGARI ba="0,2" hai="11,14,17,26,29,33,77,78,79,92,94,132,133,135" machi="132" ten="40,5200,0" yaku="1,1,20,1,53,1" doraHai="58" doraHaiUra="13" who="0" fromWho="3" sc="191,72,219,0,279,0,291,-52" /><INIT seed="4,0,0,1,0,20" ten="263,219,279,239" oya="0" hai0="48,59,32,116,26,45,16,1,94,60,109,27,44" hai1="64,54,117,86,63,108,74,88,52,79,90,40,84" hai2="2,91,78,50,42,67,43,82,119,22,80,114,12" hai3="112,103,106,105,15,95,62,122,3,33,87,34,29"/><T9/><D116/><U57/><E108/><V30/><F2/><W51/><G3/><T65/><D109/><U99/><E117/><V49/><F114/><W71/><G122/><T130/><D130/><U97/><E40/><V69/><F69/><W37/><G37/><T25/><D32/><U102/><E74/><V129/><F67/><W101/><G112/><T127/><D1/><U5/><E5/><V17/><F119/><W128/><G128/><T68/><D127/><U98/><E102/><V77/><F30/><W46/><G101/><T38/><D38/><U6/><E6/><V121/><F91/><N who="1" m="34857" /><E79/><N who="2" m="30219" /><F129/><W23/><G87/><AGARI ba="0,0" hai="52,54,57,63,64,84,86,87,97,98,99" m="34857" machi="87" ten="30,3900,0" yaku="8,1,54,2" doraHai="20" who="1" fromWho="3" sc="263,0,219,39,279,0,239,-39" /><INIT seed="5,0,0,5,3,27" ten="263,258,279,200" oya="1" hai0="98,0,19,43,133,7,29,81,94,16,31,96,54" hai1="132,85,88,55,1,63,74,120,82,13,23,80,93" hai2="36,67,89,131,129,123,25,37,101,46,41,2,15" hai3="32,48,71,99,122,79,10,47,51,92,3,103,72"/><U95/><E1/><V53/><F2/><W35/><G122/><T119/><D119/><U128/><E120/><V5/><F101/><W30/><G71/><T56/><D133/><U107/><E107/><V110/><F110/><W111/><G111/><T61/><D0/><U77/><E132/><V12/><F67/><W21/><G72/><T73/><D7/><U134/><E134/><V50/><F25/><W8/><G79/><T38/><D38/><U20/><E128/><N who="2" m="49227" /><F89/><W104/><G104/><T65/><D43/><U42/><E42/><V52/><F5/><W49/><G47/><T40/><D40/><U78/><E74/><V130/><F130/><W18/><G30/><N who="0" m="11275" /><D73/><U64/><E55/><N who="2" m="21067" /><F123/><W62/><G3/><T87/><D65/><U66/><E13/><AGARI ba="0,0" hai="12,13,15,36,37,41,46,50" m="21067,49227" machi="13" ten="30,2000,0" yaku="19,1,54,1" doraHai="27" who="2" fromWho="1" sc="263,0,258,-20,279,20,200,0" /><INIT seed="6,0,0,0,4,38" ten="263,238,299,200" oya="2" hai0="123,134,125,121,11,127,117,58,102,16,19,130,0" hai1="3,81,51,31,50,39,1,99,72,59,43,105,28" hai2="7,133,63,84,131,89,93,52,41,124,35,126,109" hai3="94,118,10,8,132,103,46,37,106,97,92,111,12"/><V29/><F7/><W68/><G111/><T77/><D102/><U2/><E105/><V71/><F133/><W75/><G132/><T6/><D134/><U61/><E99/><V26/><F131/><W42/><G118/><T104/><D104/><U47/><E72/><V80/><F109/><W60/><G75/><T90/><D77/><U79/><E50/><V70/><F41/><W33/><G33/><T108/><D108/><U128/><E39/><V67/><F71/><W83/><G10/><T62/><D90/><U110/><E110/><V20/><F52/><W74/><G74/><T113/><D113/><U25/><E128/><V22/><REACH who="2" step="1"/><F80/><REACH who="2" ten="263,238,289,200" step="2"/><W78/><G68/><T95/><D130/><U115/><E115/><V53/><F53/><W122/><G122/><T66/><D117/><U76/><E81/><V34/><F34/><W49/><G37/><T18/><D121/><U65/><REACH who="1" step="1"/><E28/><REACH who="1" ten="263,228,289,200" step="2"/><V30/><F30/><W107/><G83/><T100/><D123/><U82/><E82/><V27/><F27/><W120/><G120/><T88/><REACH who="0" step="1"/><D100/><REACH who="0" ten="253,228,289,200" step="2"/><U48/><E48/><V135/><F135/><W114/><G103/><T44/><D44/><U23/><AGARI ba="0,3" hai="1,2,3,23,25,31,43,47,51,59,61,65,76,79" machi="23" ten="30,7900,0" yaku="1,1,0,1,52,1,53,1" doraHai="38" doraHaiUra="40" who="1" fromWho="1" sc="253,-20,228,109,289,-39,200,-20" /><INIT seed="7,0,0,2,5,88" ten="233,337,250,180" oya="3" hai0="84,41,94,35,27,15,23,98,46,101,7,6,13" hai1="66,65,81,49,76,89,135,36,128,108,132,57,75" hai2="20,87,78,12,9,113,14,43,52,70,44,111,80" hai3="83,106,95,91,5,0,109,54,34,127,61,97,58"/><W33/><G127/><T53/><D35/><U120/><E108/><V19/><F70/><W64/><G109/><T39/><D84/><U45/><E36/><V17/><F111/><W74/><G106/><T107/><D107/><U119/><E120/><V59/><F113/><W122/><G122/><T63/><D13/><U124/><E124/><V93/><F43/><W21/><G21/><T71/><D15/><U114/><E114/><V28/><F28/><W26/><G26/><T102/><D102/><U31/><E31/><V86/><F44/><W24/><G24/><T2/><D2/><U50/><E128/><V56/><REACH who="2" step="1"/><F52/><REACH who="2" ten="233,337,240,180" step="2"/><W1/><G54/><T121/><D121/><U51/><E119/><V123/><F123/><W30/><G30/><T112/><D112/><U134/><E45/><V38/><F38/><W126/><G126/><T68/><D68/><U62/><E66/><V130/><F130/><W131/><G131/><T11/><D71/><U42/><E42/><V37/><F37/><W67/><G67/><T99/><D53/><U60/><E62/><V115/><F115/><W129/><G129/><T77/><D63/><U16/><E60/><V25/><F25/><W90/><G5/><T85/><D6/><U82/><E65/><V10/><F10/><W96/><G34/><T72/><D11/><U48/><E57/><V18/><F18/><W110/><G33/><T32/><D7/><U92/><E16/><V73/><F73/><W118/><G118/><T117/><D72/><U116/><E116/><V125/><F125/><W100/><G110/><T4/><D117/><RYUUKYOKU ba="0,1" sc="233,-10,337,-10,240,30,180,-10" hai2="9,12,14,17,19,20,56,59,78,80,86,87,93" owari="223,-18.0,337,44.0,270,7.0,170,-33.0" /></mjloggm>