<mjloggm ver="2.3"><GO type="169" lobby="0"/><UN n0="%E3%82%A6%E3%83%AB%E3%83%88%E3%83%A9%E7%AB%8B%E7%9B%B4" n1="%E9%BA%BB%E7%94%9F%E9%9B%80%E5%AD%90" n2="%7A%65%72%6F%52%58" n3="%33%33%62%6C%61%63%6B" dan="17,17,18,16" rate="2129.78,2162.49,2212.11,2100.69" sx="M,F,M,F"/><TAIKYOKU oya="0"/><INIT seed="0,0,0,5,1,125" ten="250,250,250,250" oya="0" hai0="7,9,20,50,48,69,114,18,70,75,58,133,36" hai1="121,3,61,90,122,71,111,31,4,112,8,44,32" hai2="129,10,14,127,81,1,45,43,95,135,117,52,30" hai3="38,87,78,51,67,59,130,76,106,37,15,98,40"/><T105/><D105/><U120/><E90/><V134/><F127/><W2/><G2/><T123/><D36/><U68/><E111/><V28/><F1/><W88/><G106/><T74/><D123/><U79/><E112/><V91/><F81/><W11/><G98/><T54/><D114/><U55/><E61/><V56/><F117/><W96/><G96/><T86/><D133/><U80/><E55/><V19/><F129/><W72/><G72/><T23/><D86/><U21/><E21/><V46/><F135/><W92/><G130/><T6/><D9/><U85/><E44/><N who="2" m="17003" /><F43/><W66/><G38/><T102/><D102/><U119/><E119/><V131/><F131/><W29/><G37/><T84/><D84/><U73/><REACH who="1" step="1"/><E85/><REACH who="1" ten="250,240,250,250" step="2"/><N who="2" m="52719" /><F134/><W93/><G87/><T110/><D110/><U89/><E89/><V109/><F109/><W107/><G88/><T128/><D128/><U82/><E82/><V118/><F118/><W115/><G115/><T26/><D54/><U39/><E39/><V132/><F132/><W83/><G83/><T5/><D75/><U62/><E62/><AGARI ba="0,1" hai="10,14,19,28,30,52,56,62" m="52719,17003" machi="62" ten="30,2000,0" yaku="8,1,54,1" doraHai="125" who="2" fromWho="1" sc="250,0,240,-20,250,30,250,0" /><INIT seed="1,0,0,1,1,101" ten="250,220,280,250" oya="1" hai0="25,28,116,96,54,71,7,27,72,129,80,12,65" hai1="119,19,120,68,10,132,134,84,23,124,44,51,135" hai2="126,64,1,66,61,48,22,106,128,2,74,127,39" hai3="57,62,115,33,83,20,100,36,113,15,107,76,4"/><U114/><E120/><V16/><F74/><W63/><G33/><T122/><D122/><U42/><E114/><V130/><F39/><W85/><G36/><T17/><D116/><U87/><E119/><V52/><F106/><W90/><G63/><T98/><D129/><N who="2" m="49770" /><F1/><W21/><G76/><T59/><D7/><U86/><E68/><N who="2" m="41999" /><F66/><W9/><G115/><T125/><D125/><U77/><E10/><V45/><F2/><W3/><G113/><T32/><D27/><AGARI ba="0,0" hai="16,22,27,45,48,52,126,127" m="41999,49770" machi="27" ten="30,3900,0" yaku="19,1,54,2" doraHai="101" who="2" fromWho="0" sc="250,-39,220,0,280,39,250,0" /><INIT seed="2,0,0,3,0,50" ten="211,220,319,250" oya="2" hai0="51,41,34,59,46,54,72,43,55,77,68,107,4" hai1="125,33,120,89,78,82,106,22,21,126,90,63,123" hai2="69,16,119,133,65,115,84,104,76,96,48,85,131" hai3="15,6,23,61,97,31,93,58,11,28,132,105,32"/><V53/><F119/><W25/><G132/><T118/><D34/><U130/><E33/><V87/><F115/><W56/><G105/><T102/><D118/><U86/><E130/><V60/><F133/><W12/><G12/><T62/><D68/><U30/><E63/><V66/><F66/><W29/><G32/><T1/><D1/><U47/><E47/><V100/><F131/><W122/><G122/><N who="1" m="46634" /><E21/><V91/><F76/><W98/><G58/><T116/><D116/><U94/><E106/><V45/><REACH who="2" step="1"/><F16/><REACH who="2" ten="211,220,309,250" step="2"/><N who="3" m="12519" /><G93/><AGARI ba="0,1" hai="45,48,53,60,65,69,84,85,87,91,93,96,100,104" machi="93" ten="30,5800,0" yaku="1,1,7,1,52,1,53,0" doraHai="50" doraHaiUra="24" who="2" fromWho="3" sc="211,0,220,0,309,68,250,-58" /><INIT seed="2,1,0,5,1,68" ten="211,220,377,192" oya="2" hai0="103,95,58,116,87,112,36,11,129,19,115,13,37" hai1="32,41,31,96,69,22,120,92,108,3,70,5,98" hai2="40,74,121,33,66,45,10,93,82,83,88,104,6" hai3="99,30,44,57,117,67,111,107,23,9,131,52,84"/><V106/><F33/><W18/><G117/><T91/><D116/><U26/><E120/><V130/><F121/><W101/><G111/><T71/><D71/><U64/><E108/><V94/><F94/><W127/><G127/><T133/><D129/><U80/><E98/><V114/><F114/><W86/><G131/><T85/><D133/><U81/><E32/><V21/><F66/><W72/><G72/><T14/><D103/><U62/><E70/><V61/><F61/><W0/><G67/><T24/><D24/><U48/><E5/><V100/><F21/><W15/><G44/><T55/><D87/><U46/><REACH who="1" step="1"/><E3/><REACH who="1" ten="211,210,377,192" step="2"/><V29/><F130/><W110/><G110/><T102/><D102/><AGARI ba="1,1" hai="22,26,31,41,46,48,62,64,69,80,81,92,96,102" machi="102" ten="30,3900,0" yaku="1,1,2,1,7,1,53,0" doraHai="68" doraHaiUra="126" who="1" fromWho="0" sc="211,-42,210,52,377,0,192,0" /><INIT seed="3,0,0,2,1,23" ten="169,262,377,192" oya="3" hai0="134,72,20,131,25,103,42,105,60,34,49,117,89" hai1="129,27,91,46,73,107,70,12,58,108,15,10,6" hai2="65,93,8,125,33,3,37,38,109,96,74,0,124" hai3="17,30,61,11,127,62,77,64,7,133,45,41,106"/><W9/><G106/><T39/><D117/><U47/><E70/><V122/><F74/><W1/><G133/><T130/><D134/><U87/><E73/><V112/><F112/><W92/><G127/><N who="2" m="48713" /><F109/><W52/><G30/><T86/><D72/><U44/><E107/><V55/><F33/><W120/><G120/><T75/><D75/><U79/><E108/><V101/><F65/><W113/><G113/><T84/><D34/><U56/><E79/><V2/><F122/><W35/><G35/><T43/><D39/><N who="2" m="14858" /><F55/><W22/><G77/><T71/><D43/><U114/><E114/><V51/><F51/><W110/><G110/><T53/><D49/><U21/><E12/><V67/><F67/><W128/><G64/><T115/><D53/><U66/><E66/><V19/><F19/><W29/><G17/><T132/><D42/><U100/><E129/><V50/><F50/><N who="3" m="28751" /><G41/><T98/><D115/><U94/><E100/><V119/><F119/><W5/><G128/><T13/><D132/><U116/><REACH who="1" step="1"/><E116/><REACH who="1" ten="169,252,377,192" step="2"/><V78/><F78/><W36/><G1/><T90/><D131/><U118/><E118/><V40/><F40/><W81/><G36/><T48/><D130/><U126/><E126/><V80/><F0/><W102/><G102/><T88/><D103/><U76/><E76/><V85/><F2/><W32/><G61/><T97/><D60/><U104/><E104/><V57/><F3/><W18/><G62/><T111/><D105/><U24/><E24/><V31/><F101/><W123/><G123/><T121/><D121/><U68/><E68/><V14/><F14/><RYUUKYOKU ba="0,1" sc="169,-10,252,30,377,-10,192,-10" hai1="6,10,15,21,27,44,46,47,56,58,87,91,94" /><INIT seed="4,1,1,4,4,19" ten="159,282,367,182" oya="0" hai0="10,100,133,94,96,71,88,70,76,86,102,127,37" hai1="51,75,117,58,0,112,134,50,92,104,31,41,23" hai2="109,5,8,29,113,108,107,61,97,66,121,42,11" hai3="17,110,131,99,78,135,57,126,39,114,36,65,91"/><T24/><D37/><U20/><E104/><V84/><F121/><W129/><G110/><T132/><D127/><U115/><E117/><V6/><F42/><W106/><G126/><T16/><D76/><U43/><E75/><V101/><F113/><N who="1" m="43593" /><E0/><V87/><F29/><W26/><G114/><T13/><D24/><U25/><E134/><N who="0" m="51817" /><D102/><U56/><E92/><AGARI ba="1,1" hai="10,13,16,70,71,86,88,92,94,96,100" m="51817" machi="92" ten="30,5800,0" yaku="20,1,54,2" doraHai="19" who="0" fromWho="1" sc="159,71,282,-61,367,0,182,0" /><INIT seed="4,2,0,5,1,19" ten="230,221,367,182" oya="0" hai0="108,109,23,56,89,133,124,72,53,88,42,121,35" hai1="40,5,123,3,14,34,119,50,46,104,9,69,85" hai2="111,68,22,81,17,32,57,25,52,61,54,6,70" hai3="16,92,21,4,115,26,90,44,134,51,1,38,75"/><T98/><D35/><U11/><E119/><V71/><F111/><N who="0" m="42570" /><D72/><U130/><E34/><V49/><F32/><W135/><G75/><T127/><D42/><U12/><E69/><V63/><F6/><W66/><G115/><T79/><D79/><U60/><E104/><V132/><F132/><W39/><G66/><T7/><D7/><U59/><E130/><V112/><F112/><W110/><G110/><T30/><D133/><N who="3" m="50697" /><G1/><T73/><D73/><U78/><E123/><V27/><F81/><W95/><G4/><T84/><D98/><U91/><E78/><V0/><F0/><W43/><G92/><N who="0" m="54279" /><D89/><U129/><E129/><V97/><F97/><AGARI ba="2,0" hai="16,21,26,38,39,43,44,51,90,95,97" m="50697" machi="97" ten="30,3900,0" yaku="20,1,52,1,54,1" doraHai="19" who="3" fromWho="2" sc="230,0,221,0,367,-45,182,45" /><INIT seed="5,0,0,5,1,71" ten="230,221,322,227" oya="1" hai0="72,29,113,132,114,79,97,86,82,16,76,22,13" hai1="112,83,61,56,122,104,28,89,77,49,30,95,59" hai2="20,10,43,21,126,31,5,121,27,39,84,73,7" hai3="63,47,110,25,40,117,135,67,88,42,116,75,87"/><U109/><E122/><V105/><F73/><W74/><G110/><T24/><D132/><U44/><E104/><V2/><F121/><W120/><G120/><T45/><D97/><U34/><E109/><V94/><F105/><W53/><G53/><T32/><D45/><U41/><E112/><N who="0" m="43113" /><D79/><U69/><E69/><V48/><F7/><W46/><G25/><T124/><D124/><U123/><E123/><V19/><F39/><N who="3" m="21791" /><G135/><T14/><D14/><U33/><E33/><V62/><F62/><W125/><G125/><T26/><D26/><U107/><E107/><V111/><F111/><W91/><G63/><T98/><D98/><N who="1" m="57711" /><E34/><V51/><F43/><W57/><G57/><N who="1" m="22090" /><E61/><V38/><F38/><N who="3" m="21975" /><G67/><T93/><D93/><U68/><E68/><V102/><F126/><W6/><G6/><T0/><D0/><U129/><E129/><V101/><F51/><W66/><G66/><T60/><D60/><U36/><E36/><V58/><F48/><W100/><G100/><T15/><D15/><U99/><E99/><V128/><F58/><W127/><G127/><T118/><D72/><N who="3" m="27689" /><G87/><T65/><D65/><U23/><E23/><V1/><F128/><W18/><G18/><T70/><D70/><U85/><AGARI ba="0,0" hai="28,30,41,44,49,77,83,85" m="22090,57711" machi="85" ten="30,1500,0" yaku="8,1" doraHai="71" who="1" fromWho="1" sc="230,-5,221,15,322,-5,227,-5" /><INIT seed="5,1,0,0,4,67" ten="225,236,317,222" oya="1" hai0="110,27,62,81,128,68,98,104,63,16,100,97,55" hai1="38,12,77,123,107,9,36,4,10,96,112,22,37" hai2="2,44,61,133,34,132,88,117,70,111,3,124,92" hai3="73,87,119,118,106,129,76,114,95,14,50,5,115"/><U43/><E123/><V24/><F111/><W65/><G106/><T11/><D110/><U40/><E77/><V120/><F120/><W13/><G129/><T64/><D128/><U121/><E121/><V85/><F117/><N who="3" m="44555" /><G73/><T93/><D81/><U28/><E112/><N who="3" m="43050" /><G5/><T79/><D79/><U86/><E86/><V91/><F124/><W101/><G65/><T47/><D47/><U29/><E9/><V53/><F91/><N who="3" m="53759" /><G76/><T0/><D0/><U49/><E107/><V108/><F2/><W6/><G101/><T69/><D64/><U109/><E109/><V30/><F3/><W131/><G131/><T59/><D104/><U33/><E96/><V54/><F70/><W102/><G102/><T18/><D98/><U125/><E125/><V75/><F108/><W127/><G127/><T78/><D78/><U134/><E134/><V52/><F75/><W80/><G80/><T72/><D72/><U89/><E89/><V23/><F133/><W35/><G35/><T45/><D69/><U17/><E33/><V39/><F34/><W57/><G6/><T99/><D68/><U19/><E19/><V94/><F132/><W122/><G122/><T58/><D18/><U66/><E66/><V84/><F94/><W8/><G8/><T1/><D93/><U42/><REACH who="1" step="1"/><E49/><REACH who="1" ten="225,226,317,222" step="2"/><V15/><F85/><W20/><G20/><N who="0" m="13703" /><D11/><U7/><E7/><V90/><F90/><W48/><G48/><N who="0" m="29071" /><D1/><AGARI ba="1,1" hai="1,4,10,12,17,22,28,29,36,37,38,40,42,43" machi="1" ten="50,2400,0" yaku="1,1,53,0" doraHai="67" doraHaiUra="56" who="1" fromWho="0" sc="225,-27,226,37,317,0,222,0" /><INIT seed="5,2,0,5,5,56" ten="198,263,317,222" oya="1" hai0="12,53,0,96,52,111,4,99,77,14,66,9,8" hai1="35,55,64,44,123,118,11,25,16,110,71,80,131" hai2="18,132,1,92,93,62,89,88,5,75,61,129,87" hai3="90,34,38,17,91,49,10,85,76,108,134,54,130"/><U105/><E118/><V109/><F109/><W79/><G38/><T116/><D111/><U2/><E110/><V95/><F75/><W29/><G108/><T65/><D0/><U120/><E105/><V59/><F1/><W13/><G130/><T41/><D41/><U22/><E131/><V27/><F129/><W97/><G134/><T107/><D77/><U125/><E35/><V102/><F5/><W24/><G97/><N who="0" m="37451" /><D107/><U60/><E125/><V67/><F102/><W47/><REACH who="3" step="1"/><G91/><REACH who="3" ten="198,263,317,212" step="2"/><T114/><D116/><U69/><E120/><V19/><F89/><W84/><G84/><T135/><D135/><U112/><E123/><V28/><F88/><W3/><G3/><T98/><N who="0" m="37459" /><T30/><DORA hai="121" /><D114/><U36/><E36/><V26/><F87/><W20/><G20/><T119/><D119/><U124/><E124/><V117/><F132/><W73/><G73/><T122/><D122/><U7/><E112/><V50/><F117/><W128/><G128/><T133/><D133/><U58/><E80/><AGARI ba="2,1" hai="10,13,17,24,29,34,47,49,54,76,79,80,85,90" machi="80" ten="30,7700,0" yaku="1,1,7,1,25,2,53,0" doraHai="56,121" doraHaiUra="63,32" who="3" fromWho="1" sc="198,0,263,-83,317,0,212,93" /><INIT seed="6,0,0,1,2,99" ten="198,180,317,305" oya="2" hai0="129,37,135,82,17,28,122,85,75,111,113,98,126" hai1="27,115,77,5,2,31,6,119,132,71,120,125,12" hai2="127,90,110,52,26,88,95,38,128,7,87,20,48" hai3="15,55,133,3,36,40,44,86,134,94,66,33,74"/><V116/><F38/><W60/><G3/><T117/><RYUUKYOKU type="yao9" ba="0,0" sc="198,0,180,0,317,0,305,0" hai0="17,28,37,75,82,85,98,111,113,117,122,126,129,135" /><INIT seed="6,1,0,1,2,134" ten="198,180,317,305" oya="2" hai0="101,77,49,38,3,0,113,94,15,32,105,39,22" hai1="10,45,35,132,5,27,110,75,67,51,70,129,97" hai2="44,87,55,107,121,123,17,30,81,80,23,53,36" hai3="79,59,6,25,119,114,56,37,71,124,33,28,65"/><V91/><F107/><W115/><G119/><T1/><D32/><U31/><E132/><V48/><F30/><W73/><G37/><T63/><D105/><U42/><E110/><V57/><F80/><N who="3" m="45167" /><G6/><T72/><D113/><N who="3" m="43017" /><G124/><T24/><D15/><U7/><E75/><V106/><F106/><W21/><G21/><T46/><D63/><AGARI ba="1,0" hai="25,28,33,56,59,63,65,71" m="43017,45167" machi="63" ten="30,2000,0" yaku="15,1,11,1" doraHai="134" who="3" fromWho="0" sc="198,-23,180,0,317,0,305,23" /><INIT seed="7,0,0,1,2,18" ten="175,180,317,328" oya="3" hai0="95,62,116,27,87,51,81,67,121,117,45,115,60" hai1="1,133,66,29,131,75,55,31,105,41,3,98,70" hai2="94,122,23,110,104,126,11,125,47,15,77,8,101" hai3="25,7,134,74,28,90,84,80,100,83,26,93,112"/><W5/><G112/><T14/><D121/><U118/><E133/><V52/><F110/><W48/><G134/><T69/><D115/><U99/><E131/><V114/><F114/><W124/><G124/><N who="2" m="47721" /><F104/><W35/><G74/><T32/><D62/><U10/><E55/><V107/><F107/><W43/><G100/><T120/><D120/><U61/><E98/><N who="2" m="59607" /><F77/><W38/><G38/><T53/><D95/><U12/><E118/><V22/><F122/><W72/><G72/><T73/><D73/><U91/><E75/><V135/><F8/><W13/><G26/><T68/><D68/><U0/><E41/><V127/><N who="2" m="47729" /><V106/><DORA hai="82" /><F106/><W85/><G13/><T54/><D54/><U6/><E105/><V113/><F113/><W20/><G35/><T56/><D14/><U58/><E70/><V17/><F135/><W64/><G64/><T44/><D116/><U40/><E40/><V102/><F102/><W79/><G80/><T111/><D111/><U65/><E65/><V37/><F37/><W59/><G59/><T50/><D117/><U24/><E24/><V89/><F89/><W33/><G33/><T19/><D51/><AGARI ba="0,0" hai="11,15,17,22,23,47,51,52" m="59607,47729" machi="51" ten="40,8000,1" yaku="18,1,52,2,54,1" doraHai="18,82" who="2" fromWho="0" sc="175,-80,180,0,317,80,328,0" owari="95,-40.0,180,-22.0,397,49.0,328,13.0" /></mjloggm>