<mjloggm ver="2.3"><GO type="225" lobby="0"/><UN n0="%E7%B7%8B%E3%81%84%E7%8C%AB%EF%BC%9E%EF%BC%9C%EF%BC%81" n1="%E3%83%88%E3%83%88%E3%83%AA%E5%85%88%E7%94%9F%31%39%E6%AD%B3" n2="%73%65%6E%75%72%6C" n3="%E4%BC%9D%E8%AA%AC%E3%81%AE%E3%81%B2%E3%82%88%E3%81%93" dan="16,16,17,16" rate="2073.29,2157.57,2212.95,2165.29" sx="F,F,F,F"/><TAIKYOKU oya="0"/><INIT seed="0,0,0,3,0,15" ten="250,250,250,250" oya="0" hai0="18,89,116,38,119,7,108,45,81,80,66,53,124" hai1="3,121,134,55,44,26,60,90,133,63,30,77,131" hai2="112,110,11,115,71,87,21,130,13,27,10,2,36" hai3="127,83,6,117,33,8,106,59,37,120,129,92,65"/><T76/><D124/><U9/><E121/><V58/><F71/><W31/><G117/><T103/><D103/><U88/><E131/><V86/><F36/><W98/><G37/><T28/><D28/><U132/><E77/><V4/><F130/><W51/><G106/><T52/><D108/><U43/><E55/><V50/><F110/><W101/><G83/><T102/><D102/><U68/><E9/><V94/><F94/><W46/><G129/><T104/><D104/><U84/><E3/><V74/><F74/><W105/><G105/><T32/><D32/><N who="1" m="20567" /><E68/><V85/><F50/><W70/><G70/><T67/><D7/><U57/><E57/><V135/><F135/><W107/><G107/><T91/><D76/><U14/><E14/><V48/><F48/><W56/><G120/><T100/><D100/><U5/><E5/><V17/><REACH who="2" step="1"/><F58/><REACH who="2" ten="250,250,240,250" step="2"/><W96/><G59/><T39/><D45/><U82/><E44/><V42/><F42/><W54/><G92/><T22/><D22/><U49/><E49/><V24/><F24/><W73/><G73/><T128/><D128/><U47/><E47/><V41/><F41/><W19/><G56/><T93/><D93/><N who="1" m="54407" /><E43/><V95/><F95/><W64/><G46/><T111/><D111/><U16/><E60/><V12/><F12/><W35/><G51/><T126/><D126/><U118/><E63/><V99/><F99/><W97/><G96/><T34/><D34/><U78/><E132/><V109/><F109/><W72/><G97/><T25/><D25/><U61/><E133/><V40/><F40/><W62/><G127/><RYUUKYOKU ba="0,1" sc="250,15,250,-15,240,15,250,-15" hai0="18,38,39,52,53,66,67,80,81,89,91,116,119" hai2="2,4,10,11,13,17,21,27,85,86,87,112,115" /><INIT seed="0,1,1,1,5,86" ten="265,235,255,235" oya="0" hai0="132,29,67,3,17,40,41,37,108,115,21,60,104" hai1="95,49,30,77,55,14,98,43,12,74,33,123,134" hai2="81,102,68,27,10,124,107,54,16,1,126,75,127" hai3="113,11,39,76,80,6,91,18,114,118,5,119,2"/><T32/><D115/><U22/><E123/><V13/><F68/><W130/><G5/><T120/><D120/><U100/><E33/><V20/><F1/><W56/><G56/><T36/><D132/><U129/><E129/><V42/><F42/><W62/><G18/><T45/><D108/><U53/><E134/><V112/><F112/><W69/><G130/><T92/><D3/><U28/><E77/><N who="2" m="44223" /><F54/><N who="1" m="20489" /><E74/><V34/><F34/><W90/><G114/><T52/><D104/><U71/><E71/><V26/><F107/><W128/><G128/><T99/><D32/><U85/><E85/><V64/><F64/><W25/><G25/><N who="2" m="9225" /><F102/><W24/><G24/><N who="0" m="14383" /><D29/><N who="1" m="11371" /><E22/><AGARI ba="1,1" hai="10,13,16,20,22,124,126,127" m="9225,44223" machi="22" ten="40,2600,0" yaku="18,1,54,1" doraHai="86" who="2" fromWho="1" sc="265,0,235,-29,255,39,235,0" /><INIT seed="1,0,0,2,2,82" ten="265,206,294,235" oya="1" hai0="112,25,78,39,79,5,27,108,66,85,123,20,48" hai1="36,95,86,118,67,49,119,35,77,1,31,111,76" hai2="65,100,3,70,21,43,57,127,129,88,113,80,33" hai3="125,46,41,99,63,38,6,130,4,62,61,121,73"/><U81/><E36/><V19/><F33/><W47/><G121/><T51/><D39/><U13/><E1/><V122/><F3/><W106/><G130/><T101/><D123/><U94/><E111/><V15/><F70/><W98/><G73/><T131/><D112/><U37/><E37/><V93/><F122/><W74/><G74/><T50/><D108/><U29/><E67/><V34/><F34/><W107/><G125/><T23/><D5/><N who="3" m="2153" /><G41/><T134/><D134/><U135/><E135/><V105/><F105/><N who="3" m="39947" /><G38/><T45/><D101/><U8/><E118/><V90/><F127/><W115/><G115/><T109/><D109/><U56/><E119/><V64/><F129/><W124/><G124/><T59/><D131/><U72/><E72/><V68/><F43/><W14/><G14/><T42/><D42/><U12/><E35/><V32/><F68/><W24/><G24/><T2/><D2/><U83/><E49/><V69/><F69/><W84/><G84/><T17/><D85/><N who="1" m="48295" /><E56/><V120/><F57/><W91/><G91/><T89/><D89/><U7/><E13/><V53/><F32/><W44/><AGARI ba="0,0" hai="44,46,47,61,62,63,98,99" m="39947,2153" machi="44" ten="40,2700,0" yaku="28,2" doraHai="82" who="3" fromWho="3" sc="265,-7,206,-13,294,-7,235,27" /><INIT seed="2,0,0,2,0,56" ten="258,193,287,262" oya="2" hai0="47,126,10,36,90,52,63,18,88,92,6,54,129" hai1="116,57,15,80,82,14,66,108,103,34,23,16,21" hai2="60,84,8,98,51,37,46,89,41,109,29,65,58" hai3="124,134,9,59,2,105,67,1,43,85,5,75,39"/><V11/><F109/><W40/><G105/><T106/><D106/><U53/><E116/><V97/><F29/><W113/><G75/><T71/><D126/><U48/><E34/><V132/><F132/><W12/><G1/><T20/><D129/><U27/><E108/><V78/><F78/><W102/><G102/><T79/><D79/><U26/><E103/><V24/><F24/><W135/><G124/><T95/><D36/><U31/><E66/><V32/><F32/><W100/><G100/><T77/><D77/><U101/><REACH who="1" step="1"/><E101/><REACH who="1" ten="258,183,287,262" step="2"/><V0/><F65/><W119/><G119/><T70/><D70/><U133/><E133/><V30/><F98/><W118/><G118/><T17/><D71/><U62/><E62/><V42/><F60/><W49/><G67/><T94/><D63/><U96/><E96/><V111/><F97/><W68/><G68/><T125/><D125/><U117/><E117/><V72/><F111/><W120/><G134/><T50/><D54/><U73/><E73/><V110/><F110/><W19/><G135/><T131/><D131/><U64/><E64/><V121/><F42/><W25/><G43/><T4/><D52/><U69/><E69/><V74/><F41/><W33/><G40/><T127/><D127/><U3/><E3/><V45/><F0/><W7/><G2/><T81/><D50/><U38/><E38/><V128/><F51/><W76/><G49/><T107/><D107/><U44/><E44/><V112/><F37/><W35/><G39/><T28/><D47/><U122/><E122/><V22/><F121/><W99/><G120/><RYUUKYOKU ba="0,1" sc="258,-10,183,30,287,-10,262,-10" hai1="14,15,16,21,23,26,27,31,48,53,57,80,82" /><INIT seed="3,1,1,4,2,106" ten="248,213,277,252" oya="3" hai0="99,67,0,59,102,96,76,54,103,109,26,32,117" hai1="5,22,77,58,112,87,97,126,43,36,119,27,94" hai2="105,74,51,18,64,11,52,12,93,69,73,133,34" hai3="46,79,33,100,113,45,56,28,55,78,122,35,37"/><W89/><G113/><T118/><D109/><U40/><E112/><V44/><F105/><W24/><G122/><T6/><D67/><U81/><E36/><V114/><F114/><W66/><G33/><T30/><D76/><U19/><E126/><V115/><F115/><W84/><G100/><T95/><D6/><U23/><E119/><V101/><F34/><W2/><G2/><T98/><D0/><U70/><E70/><V80/><F133/><W31/><G66/><T50/><REACH who="0" step="1"/><D99/><REACH who="0" ten="238,213,277,252" step="2"/><U123/><E123/><V14/><F64/><W7/><G7/><T91/><D91/><N who="1" m="55519" /><E5/><V4/><F69/><W21/><G79/><T131/><D131/><U75/><E75/><V25/><F74/><W121/><G78/><T120/><D120/><U86/><E86/><V130/><F73/><W61/><G121/><T125/><D125/><U135/><E135/><V3/><F3/><W65/><G65/><T47/><D47/><U13/><E58/><V8/><F130/><W83/><G46/><T41/><D41/><U116/><E116/><V62/><F44/><W63/><G45/><T82/><D82/><U48/><E48/><V88/><F80/><W127/><G37/><T1/><D1/><U29/><AGARI ba="1,2" hai="13,19,22,23,27,29,40,43,77,81,87" m="55519" machi="29" ten="30,1100,0" yaku="8,1" doraHai="106" who="1" fromWho="1" sc="238,-4,213,34,277,-4,252,-6" /><INIT seed="4,0,0,5,2,61" ten="234,247,273,246" oya="0" hai0="79,127,38,129,18,63,21,3,132,30,106,104,98" hai1="23,103,86,52,68,110,84,58,101,1,42,80,19" hai2="112,107,135,45,10,77,11,69,62,26,113,55,115" hai3="32,126,116,74,25,16,75,34,17,12,13,50,43"/><T133/><D38/><U53/><E68/><V93/><F135/><N who="0" m="51786" /><D3/><U5/><E110/><V92/><F107/><W76/><G116/><T91/><D129/><U37/><E84/><V49/><F77/><W102/><G126/><T70/><D79/><N who="1" m="46367" /><E37/><V65/><F26/><W57/><G76/><T99/><D30/><U100/><E1/><V36/><F36/><W108/><G108/><T105/><D91/><U94/><E5/><V119/><F119/><W123/><G123/><T71/><D127/><U6/><E6/><V90/><F93/><W117/><G117/><T64/><D71/><U72/><E72/><V81/><REACH who="2" step="1"/><F81/><REACH who="2" ten="234,247,263,246" step="2"/><W59/><G25/><AGARI ba="0,1" hai="18,21,25,63,64,70,98,99,104,105,106" m="51786" machi="25" ten="40,3900,0" yaku="20,1,52,1" doraHai="61" who="0" fromWho="3" sc="234,49,247,0,263,0,246,-39" /><INIT seed="4,1,0,4,1,118" ten="283,247,263,207" oya="0" hai0="109,81,113,127,4,116,124,64,82,28,26,102,54" hai1="16,38,104,22,62,131,120,87,128,103,0,24,59" hai2="39,134,133,95,76,99,117,72,73,45,129,83,14" hai3="1,111,126,97,2,8,17,98,9,5,31,90,7"/><T33/><D116/><U66/><E38/><V75/><F117/><W27/><G111/><T94/><D113/><U29/><E0/><V77/><F14/><W32/><G126/><N who="0" m="48171" /><D64/><U40/><E40/><V79/><F45/><W47/><G17/><T57/><D4/><U58/><E120/><V63/><F63/><W93/><REACH who="3" step="1"/><G47/><REACH who="3" ten="283,247,263,197" step="2"/><T46/><D46/><U15/><E128/><V119/><F129/><W6/><G6/><T42/><D109/><U18/><E131/><V53/><F119/><W52/><G52/><T41/><D41/><U89/><E59/><V122/><F53/><W91/><G91/><T96/><D42/><U108/><E108/><V49/><F79/><W34/><G34/><T3/><D3/><U56/><E56/><V135/><F77/><W112/><G112/><T101/><D101/><U80/><E18/><V44/><F135/><W100/><G100/><T65/><D65/><U61/><E103/><N who="2" m="60927" /><F134/><W51/><G51/><AGARI ba="1,1" hai="26,28,33,51,54,57,81,82,94,96,102" m="48171" machi="51" ten="30,1500,0" yaku="18,1" doraHai="118" who="0" fromWho="3" sc="283,28,247,0,263,0,197,-18" owari="311,41.0,247,-15.0,263,6.0,179,-32.0" /></mjloggm>