<mjloggm ver="2.3"><GO type="41" lobby="0"/><UN n0="%4D%61%6D%6D%6F%6E" n1="%4D%4A%5F%4A%50" n2="%E5%B0%B1%E6%B4%BB%E7%94%9F%40%E5%B7%9D%E6%9D%91%E8%BB%8D%E5%9B%A3" n3="%E3%83%90%E3%83%B3%E3%83%96%E3%83%BC%E3%83%A1%E3%83%A2%E3%83%AA%E3%83%BC" dan="13,16,14,14" rate="1830.28,2086.05,1972.59,1958.43" sx="M,M,M,M"/><TAIKYOKU oya="0"/><INIT seed="0,0,0,4,0,123" ten="250,250,250,250" oya="0" hai0="50,107,0,3,39,40,24,53,100,131,55,84,121" hai1="35,10,32,124,15,112,74,98,76,12,108,106,61" hai2="83,127,114,28,99,21,59,122,45,67,41,97,118" hai3="36,102,22,134,125,13,75,109,103,60,117,110,48"/><T135/><D121/><U93/><E106/><V14/><F122/><W17/><G117/><T130/><D39/><U105/><E105/><V113/><F118/><W9/><G134/><T2/><D135/><U90/><E124/><V115/><F127/><W7/><G125/><T5/><D5/><U128/><E128/><N who="0" m="49193" /><D40/><U120/><E120/><V19/><F28/><W11/><G75/><T79/><D50/><U46/><E15/><V86/><F59/><W57/><G36/><T26/><D107/><U63/><E46/><V56/><F56/><W34/><G34/><T92/><D26/><U72/><E72/><V73/><F73/><W104/><G104/><T44/><D44/><U25/><E25/><V101/><F67/><N who="3" m="39311" /><G48/><T29/><D100/><N who="3" m="38441" /><G7/><T16/><D29/><U77/><E63/><V80/><F101/><W94/><G94/><T85/><D92/><U30/><E61/><V65/><F65/><W89/><G89/><T31/><D31/><U18/><E30/><V58/><F58/><W66/><G66/><T116/><D116/><U88/><E35/><V129/><F129/><W6/><G6/><T64/><D64/><U47/><E32/><V119/><F119/><W8/><G8/><T126/><D126/><U33/><E33/><V43/><F43/><W132/><G132/><T37/><D37/><U91/><E10/><V49/><F83/><W23/><G9/><T95/><D95/><U27/><E93/><V71/><F71/><W70/><G70/><T69/><D69/><U78/><E47/><V51/><F51/><W4/><G4/><T42/><D2/><RYUUKYOKU ba="0,0" sc="250,-15,250,-15,250,15,250,15" hai2="14,19,21,41,45,49,80,86,97,99,113,114,115" hai3="11,13,17,22,23,109,110" /><INIT seed="1,1,0,3,1,2" ten="235,235,265,265" oya="1" hai0="118,91,80,77,54,22,135,57,89,92,25,17,123" hai1="96,29,75,28,126,34,21,9,87,12,81,43,35" hai2="8,18,122,69,47,15,51,50,109,68,90,117,61" hai3="114,79,98,7,97,105,64,60,108,37,127,76,33"/><U23/><E75/><V59/><F122/><W102/><G33/><T73/><D123/><U94/><E126/><V130/><F117/><W70/><G114/><T66/><D135/><U107/><E107/><V132/><F132/><W11/><G127/><T56/><D118/><U84/><E35/><V129/><F109/><W78/><G108/><T36/><D36/><U112/><E34/><V41/><F51/><W62/><G62/><T83/><D83/><U27/><E81/><V125/><F125/><W14/><G97/><T46/><D46/><U10/><E43/><V38/><F90/><W74/><REACH who="3" step="1"/><G37/><REACH who="3" ten="235,235,265,255" step="2"/><T100/><D66/><U31/><E96/><V3/><F38/><W131/><G131/><N who="2" m="50185" /><F3/><W113/><G113/><T82/><D73/><AGARI ba="1,1" hai="7,11,14,60,64,70,73,74,76,78,79,98,102,105" machi="73" ten="40,2600,0" yaku="1,1,52,1,53,0" doraHai="2" doraHaiUra="13" who="3" fromWho="0" sc="235,-29,235,0,265,0,255,39" /><INIT seed="2,0,0,2,3,71" ten="206,235,265,294" oya="2" hai0="103,38,6,23,125,65,64,15,37,102,89,63,78" hai1="106,129,48,80,28,61,113,77,0,108,10,109,132" hai2="12,21,14,96,127,68,83,133,32,17,120,82,5" hai3="70,85,90,115,67,42,26,45,18,104,25,53,100"/><V19/><F120/><W24/><G115/><T50/><D78/><U93/><E106/><V31/><F68/><W8/><G53/><T126/><D50/><U33/><E113/><V72/><F72/><W46/><G42/><T43/><D43/><U131/><E132/><V59/><F127/><N who="0" m="48650" /><D89/><U134/><E134/><V94/><F133/><W75/><G75/><T116/><D116/><U124/><E124/><V105/><F105/><W54/><G54/><T112/><D112/><U34/><E93/><V128/><F128/><N who="1" m="49225" /><E48/><V110/><F5/><W52/><G52/><T16/><D6/><N who="1" m="1351" /><E61/><V20/><F59/><W7/><G18/><T4/><D4/><U57/><E57/><V107/><F107/><W3/><G67/><N who="0" m="25675" /><D63/><U30/><E80/><V58/><F110/><N who="1" m="42601" /><E77/><V84/><F58/><W122/><G122/><T91/><D91/><U135/><E135/><V117/><F117/><W47/><G70/><T81/><D81/><U11/><E11/><V40/><F40/><W51/><G51/><T74/><D74/><U44/><E44/><V69/><F69/><W98/><REACH who="3" step="1"/><G47/><REACH who="3" ten="206,235,265,284" step="2"/><T101/><AGARI ba="0,1" hai="15,16,23,37,38,101,102,103" m="25675,48650" machi="101" ten="40,8000,1" yaku="18,1,52,2,54,1" doraHai="71" who="0" fromWho="0" sc="206,90,235,-20,265,-40,284,-20" /><INIT seed="3,0,0,2,3,94" ten="296,215,225,264" oya="3" hai0="88,100,11,5,22,49,120,96,34,61,122,101,83" hai1="117,131,26,46,86,36,135,119,92,91,40,109,8" hai2="99,75,14,35,23,132,15,58,52,130,62,121,28" hai3="114,78,90,108,4,71,32,66,0,82,133,81,47"/><W124/><G114/><T110/><D34/><U3/><E109/><V6/><F75/><W51/><G108/><T76/><D110/><U93/><E131/><V107/><F121/><W12/><G124/><T60/><D120/><U50/><E135/><V63/><F130/><W126/><G126/><T56/><D22/><U43/><E26/><N who="2" m="16479" /><F35/><W102/><G133/><T115/><D115/><U70/><E70/><V105/><F105/><W24/><G0/><T13/><D122/><U127/><E127/><V125/><F132/><W16/><G102/><T45/><D76/><U113/><E113/><V9/><F125/><W118/><G118/><N who="1" m="45066" /><E40/><V116/><F116/><W98/><G4/><T103/><D56/><U59/><E59/><N who="2" m="35175" /><F107/><W37/><G37/><T72/><D72/><U111/><E111/><V95/><F14/><W41/><G66/><T64/><D64/><U18/><E36/><V112/><F112/><W77/><G71/><T30/><D30/><U123/><E123/><V89/><F58/><W69/><G69/><T2/><D2/><U80/><E3/><V106/><F106/><W67/><G67/><T53/><D60/><AGARI ba="0,0" hai="6,9,15,60,63,89,95,99" m="35175,16479" machi="60" ten="30,3900,0" yaku="8,1,52,1,54,1" doraHai="94" who="2" fromWho="0" sc="296,-39,215,0,225,39,264,0" /><INIT seed="4,0,0,1,1,0" ten="257,215,264,264" oya="0" hai0="110,67,2,64,81,133,107,85,78,9,25,62,43" hai1="7,50,71,98,40,82,112,63,36,113,53,28,127" hai2="106,118,84,44,109,86,51,14,92,45,46,18,5" hai3="58,23,22,41,88,96,135,130,6,10,54,115,103"/><T95/><D107/><U132/><E28/><V87/><F106/><W100/><G115/><N who="1" m="44106" /><E98/><V30/><F118/><W57/><G130/><T114/><D114/><U75/><E127/><V32/><F109/><W26/><G135/><T39/><D110/><U24/><E24/><V89/><F30/><W94/><G41/><T15/><D2/><U73/><E132/><V76/><F32/><W99/><G99/><T93/><D133/><U4/><E40/><V108/><F108/><W74/><G74/><N who="1" m="28170" /><E82/><V65/><F65/><W122/><G122/><T102/><D67/><N who="1" m="41471" /><E36/><V47/><F76/><W79/><G79/><T91/><D25/><U77/><E77/><V59/><F18/><W55/><G22/><T19/><D43/><U3/><E3/><V80/><F80/><W17/><G57/><AGARI ba="0,0" hai="4,7,50,53,57" m="41471,28170,44106" machi="57" ten="30,7700,0" yaku="15,1,11,1,52,2" doraHai="0" who="1" fromWho="3" sc="257,0,215,77,264,0,264,-77" /><INIT seed="5,0,0,2,3,90" ten="257,292,264,187" oya="1" hai0="87,71,127,109,52,10,28,45,44,59,16,75,99" hai1="108,38,51,112,27,50,54,64,36,114,11,118,131" hai2="24,89,66,78,95,111,40,123,69,73,121,126,53" hai3="43,85,91,124,19,17,129,7,35,116,49,9,84"/><U21/><E118/><V12/><F111/><W79/><G116/><T132/><D109/><U23/><E108/><V106/><F106/><W103/><G124/><T83/><D71/><U42/><E131/><V98/><F126/><W97/><G129/><T41/><D127/><U81/><E23/><V4/><F40/><W3/><G35/><T48/><D75/><U20/><E20/><V14/><F24/><W113/><G113/><N who="1" m="43626" /><E64/><V74/><F53/><W104/><G79/><N who="0" m="46591" /><D28/><N who="1" m="17519" /><E42/><V110/><F110/><W57/><G84/><T33/><D33/><U2/><E81/><V25/><F25/><W77/><G77/><T13/><D132/><U134/><E134/><V5/><F66/><W115/><G115/><T133/><D133/><U60/><E60/><V94/><F69/><W68/><G68/><T119/><D119/><U117/><E117/><V26/><F26/><W86/><G86/><T88/><D41/><U29/><E29/><V100/><F78/><W93/><REACH who="3" step="1"/><G43/><REACH who="3" ten="257,292,264,177" step="2"/><T63/><D63/><U101/><E38/><V65/><F74/><W67/><G67/><T62/><D62/><U76/><E76/><V61/><F73/><W125/><G125/><T92/><AGARI ba="0,1" hai="10,13,16,44,45,48,52,59,88,92,99" m="46591" machi="92" ten="30,8000,1" yaku="8,1,52,1,54,3" doraHai="90" who="0" fromWho="0" sc="257,90,292,-40,264,-20,177,-20" /><INIT seed="6,0,0,3,4,23" ten="347,252,244,157" oya="2" hai0="30,28,96,25,9,33,3,53,125,97,110,112,22" hai1="55,126,5,131,37,111,73,38,120,104,114,36,52" hai2="24,29,18,47,14,91,62,116,70,84,69,42,102" hai3="58,15,94,93,19,90,101,98,1,2,118,32,78"/><V76/><F116/><W135/><G118/><T123/><D123/><U80/><E111/><V115/><F115/><W57/><G135/><T0/><D112/><U74/><E114/><V106/><F76/><W16/><G32/><T108/><D53/><U45/><E120/><V64/><F102/><W99/><G78/><T11/><D125/><U68/><E104/><V49/><F106/><W79/><G79/><T82/><D82/><U133/><E68/><V59/><F18/><W121/><G121/><T31/><D97/><U27/><E80/><V105/><F14/><W43/><G43/><T129/><D96/><U65/><E65/><V35/><REACH who="2" step="1"/><F105/><REACH who="2" ten="347,252,234,157" step="2"/><W50/><G50/><T81/><D129/><U41/><E131/><V51/><F51/><W109/><G101/><T6/><D108/><U12/><E37/><V89/><F89/><W107/><G107/><T61/><D110/><U34/><E38/><V20/><F20/><W63/><G109/><T44/><D33/><U56/><E34/><V95/><AGARI ba="0,1" hai="24,29,35,42,47,49,59,62,64,69,70,84,91,95" machi="95" ten="20,7800,0" yaku="1,1,0,1,7,1,52,1,53,0" doraHai="23" doraHaiUra="128" who="2" fromWho="2" sc="347,-26,252,-26,234,88,157,-26" /><INIT seed="6,1,0,1,0,106" ten="321,226,322,131" oya="2" hai0="101,77,43,110,116,130,73,20,58,125,13,60,63" hai1="111,134,16,71,103,122,98,79,5,51,57,82,65" hai2="113,102,83,119,36,127,46,114,2,68,7,49,62" hai3="37,69,42,123,131,118,128,126,117,115,85,72,87"/><V26/><F36/><W29/><G69/><T76/><D110/><U24/><E111/><V27/><F119/><N who="3" m="45579" /><G29/><T11/><D116/><U124/><E5/><V53/><F127/><W84/><G42/><T38/><D125/><U66/><E124/><V47/><F102/><W108/><G126/><T96/><D20/><U90/><E90/><V10/><F83/><W97/><G37/><T32/><D32/><U39/><E71/><V8/><F8/><W40/><G40/><T94/><D130/><N who="3" m="49705" /><G108/><T22/><D22/><U67/><E39/><V133/><F133/><W107/><G123/><T109/><D43/><U50/><E134/><V74/><F74/><W45/><G45/><T34/><D34/><U48/><E122/><V23/><F47/><W52/><G52/><T30/><D30/><U89/><E89/><V4/><F68/><W70/><G70/><T54/><D38/><U61/><E24/><V78/><F78/><W3/><G3/><T80/><D77/><U91/><E91/><V93/><F62/><W9/><G9/><T95/><D109/><U132/><E132/><V81/><F53/><W15/><G15/><T56/><D56/><U64/><E16/><V14/><F46/><W121/><G121/><T25/><D25/><U55/><E64/><V92/><F49/><W41/><G41/><T100/><D63/><U88/><E88/><V0/><F0/><W17/><G17/><T12/><D11/><U44/><E44/><V105/><F2/><W75/><G115/><T33/><D33/><U120/><E120/><V1/><F113/><W19/><G19/><RYUUKYOKU ba="1,0" sc="321,15,226,-15,322,-15,131,15" hai0="12,13,54,58,60,73,76,80,94,95,96,100,101" hai3="72,75,84,85,87,97,107" /><INIT seed="7,2,0,3,5,99" ten="336,211,307,146" oya="3" hai0="90,104,68,45,101,55,133,80,108,6,84,49,0" hai1="63,10,134,76,88,89,65,124,85,2,30,26,15" hai2="87,28,7,120,13,64,106,33,9,112,115,41,130" hai3="69,19,46,70,118,73,59,57,56,1,86,94,98"/><W74/><G118/><T35/><D35/><U93/><E2/><V103/><F120/><W62/><G1/><T25/><D108/><U110/><E110/><V71/><F130/><W4/><G4/><T20/><D68/><U22/><E124/><V14/><F41/><W52/><G46/><T72/><D72/><U119/><E134/><V131/><F131/><W12/><G86/><T122/><D133/><U135/><E119/><V83/><F64/><W29/><G29/><T34/><D34/><U77/><E89/><V37/><F37/><W48/><G69/><T123/><D101/><U129/><E129/><V53/><F71/><W126/><G126/><T32/><D32/><U11/><E11/><V58/><F28/><W82/><G70/><T114/><D104/><U8/><E8/><V81/><F33/><W43/><G43/><T105/><D105/><U44/><E44/><V16/><F103/><W121/><G121/><T5/><D114/><N who="2" m="43562" /><F106/><W75/><G82/><T24/><D0/><U23/><E23/><N who="2" m="11663" /><F87/><W17/><G12/><T102/><D102/><U38/><E38/><V132/><F132/><W97/><G97/><T117/><D117/><U66/><E66/><V109/><F109/><W61/><G48/><AGARI ba="2,0" hai="7,9,14,48,53,58,81,83" m="11663,43562" machi="48" ten="30,2000,0" yaku="15,1,54,1" doraHai="99" who="2" fromWho="3" sc="336,0,211,0,307,26,146,-26" owari="336,44.0,211,-19.0,333,13.0,120,-38.0" /></mjloggm>