<mjloggm ver="2.3"><GO type="41" lobby="0"/><UN n0="%E3%81%A4%E3%81%AD%E3%81%8A" n1="%E5%B0%B1%E6%B4%BB%E7%94%9F%40%E5%B7%9D%E6%9D%91%E8%BB%8D%E5%9B%A3" n2="%E3%81%98%E3%83%BC%E3%82%8F%E3%82%93" n3="%6D%75%62%6F%75" dan="13,15,14,13" rate="1915.91,2013.66,1903.02,1837.76" sx="M,M,M,M"/><TAIKYOKU oya="0"/><INIT seed="0,0,0,5,2,80" ten="250,250,250,250" oya="0" hai0="10,65,23,120,39,95,127,13,43,21,117,105,122" hai1="99,92,54,93,42,83,81,132,88,6,113,45,100" hai2="69,87,1,98,79,14,31,71,59,32,129,16,68" hai3="19,27,20,126,62,4,37,75,121,15,52,76,61"/><T38/><D95/><U91/><E113/><V0/><F129/><W30/><G37/><T18/><D117/><U114/><E114/><V35/><F98/><W104/><G104/><T51/><D105/><U124/><E6/><V125/><F59/><W28/><G126/><T110/><D127/><U101/><E124/><V49/><F49/><W77/><G75/><T102/><D102/><N who="1" m="39531" /><E132/><V97/><F97/><W55/><G121/><T109/><D65/><U118/><E118/><V103/><F31/><W112/><G112/><T44/><D39/><U74/><E42/><V128/><F103/><W130/><G4/><T90/><D90/><N who="1" m="55703" /><E54/><N who="3" m="20522" /><G30/><T11/><D38/><U63/><E45/><V41/><F41/><W48/><G48/><T72/><D72/><U7/><E63/><N who="3" m="24074" /><G130/><T67/><D67/><U133/><E7/><V84/><F128/><W26/><G26/><T9/><REACH who="0" step="1"/><D23/><AGARI ba="0,0" hai="15,19,20,23,27,28,76,77" m="24074,20522" machi="23" ten="30,2000,0" yaku="8,1,54,1" doraHai="80" who="3" fromWho="0" sc="250,-20,250,0,250,0,250,20" /><INIT seed="1,0,0,5,5,51" ten="230,250,250,270" oya="1" hai0="32,75,113,93,44,120,29,135,60,25,131,107,74" hai1="97,3,130,28,54,45,8,65,99,68,78,109,96" hai2="47,71,5,114,124,57,119,6,27,64,79,115,77" hai3="112,133,31,101,103,82,70,36,88,128,73,48,15"/><U104/><E104/><V56/><F119/><W20/><G70/><T18/><D113/><U127/><E130/><V105/><F105/><W72/><G112/><N who="2" m="43049" /><F71/><W52/><G36/><T30/><D131/><U100/><E127/><V118/><F118/><W89/><G128/><T81/><D107/><U2/><E28/><V7/><F124/><W86/><G73/><T12/><D30/><U38/><E109/><V4/><F27/><N who="3" m="16871" /><G72/><T9/><D135/><U16/><E78/><N who="2" m="29707" /><F47/><W125/><G125/><T23/><D120/><U61/><E100/><V53/><F64/><W132/><G15/><T134/><D134/><N who="3" m="51817" /><G89/><T1/><D81/><U83/><E83/><V123/><F123/><W40/><G40/><T21/><D93/><U59/><E45/><AGARI ba="0,0" hai="45,48,52,82,86,88,101,103" m="51817,16871" machi="45" ten="30,7700,0" yaku="20,1,52,1,54,2" doraHai="51" who="3" fromWho="1" sc="230,0,250,-77,250,0,270,77" /><INIT seed="2,0,0,2,4,73" ten="230,173,250,347" oya="2" hai0="29,46,130,107,93,81,118,117,94,71,79,27,18" hai1="113,53,39,43,60,35,76,32,5,87,101,41,3" hai2="16,22,4,129,91,74,44,133,12,0,92,119,125" hai3="1,7,42,59,10,13,50,104,100,30,70,131,80"/><V47/><F119/><N who="0" m="45578" /><D107/><U2/><E113/><V111/><F133/><W25/><G70/><T106/><D106/><U84/><E101/><V112/><F112/><W120/><G120/><T128/><D71/><U114/><E114/><V20/><F129/><N who="0" m="49770" /><D18/><U83/><E84/><V54/><F125/><W64/><G104/><T31/><D46/><U48/><E60/><V58/><F111/><W116/><G100/><T63/><D63/><U123/><E123/><V126/><F126/><W124/><G124/><T89/><D89/><U8/><E2/><V86/><F74/><W115/><G1/><T49/><D49/><U90/><E90/><V110/><F110/><W135/><G64/><T56/><D56/><U38/><E41/><V26/><F4/><W45/><G59/><T57/><D57/><U96/><E96/><V75/><F75/><W51/><G115/><T36/><D36/><U68/><E68/><V132/><F132/><W72/><G135/><T15/><D15/><U55/><E43/><V67/><F67/><W61/><G61/><T28/><D27/><U52/><REACH who="1" step="1"/><E48/><REACH who="1" ten="230,163,250,347" step="2"/><N who="2" m="31047" /><F0/><W62/><G51/><T82/><D82/><U121/><E121/><V23/><F23/><W122/><G131/><T17/><D81/><U11/><E11/><V77/><F77/><W21/><G122/><T98/><D79/><U65/><E65/><V14/><F14/><W66/><G13/><T99/><D99/><U109/><E109/><V19/><AGARI ba="0,1" hai="12,16,19,20,22,26,44,47,86,91,92" m="31047" machi="19" ten="30,6000,0" yaku="25,1,8,1,54,1" doraHai="73" who="2" fromWho="2" sc="230,-20,163,-20,250,70,347,-20" /><INIT seed="2,1,0,3,2,103" ten="210,143,320,327" oya="2" hai0="122,55,81,101,71,92,29,14,72,112,79,27,84" hai1="98,61,87,121,119,109,86,25,130,133,118,1,123" hai2="0,106,47,11,59,56,45,46,131,15,53,65,30" hai3="62,4,100,21,124,108,95,35,85,38,12,8,120"/><V111/><F131/><W60/><G38/><T127/><D112/><U105/><E1/><V32/><F0/><W3/><G120/><N who="1" m="46154" /><E25/><V49/><F106/><W48/><G35/><T39/><D39/><U113/><E61/><V83/><F83/><W82/><G124/><T93/><D127/><U135/><E113/><V33/><F111/><W69/><G69/><T58/><D71/><U22/><E109/><V70/><F70/><W129/><G129/><T117/><D72/><U18/><E18/><V44/><N who="2" m="11264" /><DORA hai="73" /><V28/><F33/><W20/><G48/><T97/><D117/><N who="1" m="44555" /><E22/><V13/><F13/><W66/><G3/><T134/><D14/><U91/><E130/><V88/><F88/><W17/><G108/><T50/><D134/><N who="1" m="51211" /><E91/><V40/><F40/><W6/><G17/><T42/><D42/><U37/><E37/><V64/><F32/><W114/><G6/><T9/><D9/><U67/><E67/><N who="2" m="25675" /><F59/><W10/><G66/><T78/><D122/><U51/><E51/><V36/><F36/><W43/><G20/><N who="0" m="15591" /><D93/><U132/><N who="1" m="51219" /><U90/><DORA hai="57" /><E90/><AGARI ba="1,0" hai="50,55,58,78,79,81,84,90,92,97,101" m="15591" machi="90" ten="30,3900,0" yaku="8,1,52,2" doraHai="103,73,57" who="0" fromWho="1" sc="210,42,143,-42,320,0,327,0" /><INIT seed="3,0,0,4,1,133" ten="252,101,320,327" oya="3" hai0="94,126,117,107,36,77,46,132,64,11,69,100,79" hai1="40,9,95,23,130,110,52,118,8,4,48,58,62" hai2="22,5,89,125,13,18,3,39,56,20,28,61,16" hai3="37,103,121,30,131,47,104,68,26,116,83,15,85"/><W87/><G121/><T123/><D107/><U115/><E110/><V84/><F39/><W88/><G68/><T44/><D123/><U57/><E130/><V1/><F125/><W97/><G131/><T17/><D126/><U19/><E115/><V113/><F113/><W34/><G116/><T67/><D132/><U128/><E118/><V80/><F28/><W129/><G129/><T43/><D117/><U25/><E128/><V76/><F5/><W71/><G71/><T66/><D69/><U65/><E4/><V59/><F59/><W81/><G15/><T111/><D111/><U90/><REACH who="1" step="1"/><E40/><REACH who="1" ten="252,91,320,327" step="2"/><V51/><F51/><W7/><G7/><T6/><D6/><U55/><E55/><V72/><F3/><W86/><REACH who="3" step="1"/><G83/><REACH who="3" ten="252,91,320,317" step="2"/><T134/><D134/><U50/><E50/><V124/><F1/><W73/><G73/><T120/><D120/><U24/><E24/><V96/><F72/><W119/><G119/><T106/><D36/><U74/><E74/><V32/><F13/><W127/><G127/><T114/><D114/><U105/><E105/><V53/><F124/><W102/><G102/><T78/><D106/><U101/><E101/><V92/><REACH who="2" step="1"/><F32/><REACH who="2" ten="252,91,310,317" step="2"/><W35/><G35/><T93/><D100/><U29/><E29/><V63/><F63/><W31/><G31/><T27/><D43/><AGARI ba="0,3" hai="26,30,34,37,43,47,81,85,86,87,88,97,103,104" machi="43" ten="40,7700,0" yaku="1,1,54,1,53,1" doraHai="133" doraHaiUra="21" who="3" fromWho="0" sc="252,-77,91,0,310,0,317,107" /><INIT seed="3,1,0,2,4,112" ten="175,91,310,424" oya="3" hai0="78,29,54,34,123,58,132,109,2,16,73,108,117" hai1="128,26,69,12,76,82,107,91,11,86,45,129,67" hai2="134,115,41,106,71,102,1,124,95,85,92,43,96" hai3="8,47,25,63,53,89,93,55,51,65,83,75,57"/><W94/><G75/><T110/><D2/><U121/><E121/><V17/><F71/><W98/><G94/><T130/><D123/><U42/><E69/><V131/><F1/><W7/><G25/><N who="0" m="18735" /><D132/><U56/><E107/><V79/><F17/><W97/><G83/><N who="0" m="45519" /><D130/><U135/><E135/><V111/><F41/><W122/><G122/><T23/><D58/><U52/><E26/><V36/><F43/><W87/><REACH who="3" step="1"/><G65/><REACH who="3" ten="175,91,310,414" step="2"/><T44/><D54/><U61/><E67/><V74/><F74/><W14/><AGARI ba="1,1" hai="7,8,14,47,51,53,55,57,63,87,89,93,97,98" machi="14" ten="20,12000,1" yaku="1,1,2,1,0,1,7,1,8,1,53,0" doraHai="112" doraHaiUra="103" who="3" fromWho="3" sc="175,-41,91,-41,310,-41,414,133" /><INIT seed="3,2,0,3,1,92" ten="134,50,269,547" oya="3" hai0="73,131,59,23,101,9,12,126,4,35,16,129,41" hai1="50,69,114,53,17,128,90,19,77,1,79,67,97" hai2="49,108,34,55,20,116,11,133,70,54,127,44,86" hai3="38,107,3,99,47,132,91,89,42,48,130,119,76"/><W13/><G119/><T102/><D73/><U25/><E1/><V123/><F108/><W103/><G132/><T66/><D41/><U112/><E128/><N who="0" m="49225" /><D66/><U134/><E134/><V29/><F34/><W111/><G130/><T124/><D59/><U26/><E69/><V84/><F70/><W81/><G3/><N who="0" m="159" /><D102/><U63/><E63/><V7/><F116/><W45/><G111/><T83/><D83/><U80/><E67/><V74/><F74/><W64/><G13/><T87/><D87/><U56/><E112/><V58/><F123/><W33/><G64/><T37/><D37/><U88/><E114/><V93/><F133/><W0/><G0/><T46/><D46/><U6/><E6/><V135/><F135/><W71/><G71/><T39/><D39/><U106/><E106/><V100/><F29/><W96/><G103/><T21/><D35/><U60/><E60/><V94/><F20/><N who="0" m="7754" /><D101/><U52/><E80/><V51/><F127/><N who="0" m="48682" /><D12/><U78/><E53/><V24/><F24/><N who="1" m="9321" /><E90/><V5/><F100/><W82/><G33/><T104/><D16/><N who="1" m="6219" /><E79/><V61/><F5/><W36/><G42/><T72/><D72/><U40/><E40/><V31/><F31/><W10/><G76/><T98/><D98/><U30/><E30/><V43/><F43/><W75/><G75/><T105/><AGARI ba="2,0" hai="104,105" m="48682,7754,159,49225" machi="105" ten="40,2700,0" yaku="19,1,18,1" doraHai="92" who="0" fromWho="0" sc="134,33,50,-9,269,-9,547,-15" /><INIT seed="4,0,0,5,5,37" ten="167,41,260,532" oya="0" hai0="57,86,130,117,26,24,127,22,89,113,48,50,3" hai1="47,115,56,4,52,119,11,73,19,93,64,109,46" hai2="135,120,90,7,82,134,14,17,28,76,131,67,5" hai3="31,29,105,21,32,45,74,80,40,72,25,66,49"/><T58/><D117/><U114/><E109/><V122/><F90/><W51/><G105/><T18/><D113/><N who="1" m="43019" /><E73/><V78/><F131/><W42/><G66/><T71/><D130/><U1/><E119/><V15/><F67/><W128/><G128/><T125/><D71/><U61/><E19/><V129/><F129/><W13/><G80/><T0/><D26/><U112/><N who="1" m="43027" /><U20/><DORA hai="53" /><E20/><V85/><F28/><W77/><G77/><T59/><D86/><U44/><E93/><V60/><F60/><W96/><G96/><T16/><D89/><U65/><AGARI ba="0,0" hai="1,4,11,44,46,47,52,56,61,64,65" m="43027" machi="65" ten="50,8000,1" yaku="15,1,11,1,52,1,54,1" doraHai="37,53" who="1" fromWho="1" sc="167,-40,41,80,260,-20,532,-20" /><INIT seed="5,0,0,2,3,67" ten="127,121,240,512" oya="1" hai0="23,130,29,91,115,7,45,54,51,73,125,27,119" hai1="61,62,90,4,133,43,128,92,53,24,102,88,135" hai2="36,134,97,6,118,34,101,33,116,18,129,123,114" hai3="100,42,28,111,15,10,3,72,108,31,71,113,105"/><U41/><E128/><V21/><F36/><W39/><G15/><T22/><D130/><U52/><E4/><V30/><F129/><W16/><G28/><T44/><D119/><U49/><E24/><V60/><F123/><W26/><G16/><T109/><D109/><U64/><E102/><V122/><F122/><W120/><G120/><T106/><D106/><U66/><E92/><V58/><F134/><W68/><G113/><T80/><D115/><U0/><E49/><V8/><F114/><W38/><G72/><T11/><D125/><U50/><E50/><V85/><F85/><W55/><G55/><T112/><D112/><U103/><E103/><V20/><F20/><W75/><G75/><T9/><D45/><U69/><E69/><N who="3" m="26698" /><G26/><N who="0" m="16599" /><D73/><U126/><REACH who="1" step="1"/><E0/><REACH who="1" ten="127,111,240,512" step="2"/><V86/><F118/><W1/><G31/><N who="0" m="17919" /><D7/><U70/><E70/><V25/><F116/><W131/><G131/><T132/><D132/><U17/><E17/><V96/><F18/><W65/><G111/><T93/><D80/><U76/><E76/><V57/><F101/><W104/><G100/><T98/><AGARI ba="0,1" hai="9,11,44,51,54,91,93,98" m="17919,16599" machi="98" ten="30,1100,0" yaku="8,1" doraHai="67" who="0" fromWho="0" sc="127,21,111,-5,240,-3,512,-3" /><INIT seed="6,0,0,3,0,74" ten="148,106,237,509" oya="2" hai0="2,68,15,119,4,125,35,124,87,93,42,18,13" hai1="27,121,113,132,127,69,135,70,90,96,44,51,101" hai2="66,118,60,41,78,123,0,9,94,34,86,111,61" hai3="83,102,26,73,30,72,85,108,116,62,91,49,65"/><V17/><F118/><W52/><G102/><T46/><D68/><N who="1" m="26219" /><E27/><V54/><F123/><W22/><G116/><T82/><D119/><U98/><E90/><V130/><F130/><W25/><G108/><T39/><D93/><U24/><E24/><V75/><F54/><W106/><G106/><T105/><D35/><U103/><E121/><V28/><F41/><W89/><G65/><T67/><D67/><U19/><E19/><V134/><F28/><W53/><G62/><T31/><D31/><U38/><E38/><V12/><F34/><W117/><G117/><T77/><D105/><U8/><E8/><V40/><F40/><W71/><G71/><T57/><D57/><U56/><E56/><V92/><F0/><W45/><G53/><T29/><D29/><U20/><E20/><V1/><F1/><W110/><G110/><T129/><D129/><U84/><E84/><V76/><F111/><W10/><G26/><T58/><D58/><U109/><E109/><V33/><F33/><W47/><G47/><T95/><D95/><N who="2" m="36394" /><F66/><W3/><G3/><T64/><D64/><U59/><E59/><V114/><F75/><W50/><G73/><T43/><D43/><U120/><E51/><V5/><F5/><W97/><G72/><T48/><D39/><U14/><E44/><V55/><F55/><W131/><G131/><T115/><D2/><U37/><E120/><V79/><F86/><W6/><G85/><T16/><D4/><U63/><E37/><V112/><F134/><N who="1" m="51241" /><E63/><V80/><F80/><W36/><G83/><T107/><D42/><U122/><E122/><RYUUKYOKU ba="0,0" sc="148,-10,106,-10,237,30,509,-10" hai2="9,12,17,60,61,76,78,79,112,114" /><INIT seed="6,1,0,1,3,128" ten="138,96,267,499" oya="2" hai0="94,54,124,5,23,68,12,73,36,28,88,48,10" hai1="4,35,63,47,15,26,91,129,44,103,133,123,40" hai2="89,112,62,65,61,11,20,106,29,99,0,16,105" hai3="101,96,125,66,113,119,80,42,45,98,30,85,115"/><V102/><F112/><N who="3" m="43083" /><G66/><T53/><D68/><U76/><E129/><V77/><F29/><W59/><G119/><T27/><D73/><U14/><E123/><V83/><F89/><W6/><G6/><T69/><D69/><U43/><E103/><V1/><F106/><W97/><G30/><T110/><D110/><U86/><E76/><V49/><F49/><W114/><G59/><T117/><D36/><U13/><E63/><V104/><F104/><N who="3" m="63527" /><G114/><T39/><D39/><U126/><E126/><V100/><F100/><W111/><G111/><T64/><D64/><U51/><E4/><V121/><F121/><W7/><G7/><T21/><D124/><U58/><E58/><V24/><F62/><W60/><G60/><T72/><D72/><U118/><E118/><V56/><REACH who="2" step="1"/><F11/><REACH who="2" ten="138,96,257,499" step="2"/><W127/><G127/><T75/><D117/><U46/><E51/><V70/><F70/><W57/><G125/><T95/><D48/><U134/><E35/><V67/><F67/><W8/><G8/><T33/><D10/><U109/><E109/><V135/><F135/><N who="1" m="51721" /><E26/><V55/><F55/><W25/><G42/><T130/><D53/><U79/><E79/><V37/><F37/><W19/><G98/><T31/><D54/><U17/><E17/><V41/><F41/><W18/><G19/><T38/><D5/><U71/><E71/><V50/><F50/><W93/><G18/><T34/><D34/><U107/><E107/><V82/><F82/><AGARI ba="1,1" hai="13,14,15,40,43,44,46,47,82,86,91" m="51721" machi="82" ten="40,8000,1" yaku="20,1,52,3" doraHai="128" who="1" fromWho="2" sc="138,0,96,93,257,-83,499,0" /><INIT seed="7,0,0,2,1,27" ten="138,189,174,499" oya="3" hai0="70,84,124,56,3,46,133,106,134,135,97,55,93" hai1="94,77,129,82,48,118,64,60,113,39,25,132,71" hai2="44,131,88,29,98,50,96,14,26,49,10,13,101" hai3="122,81,69,125,12,7,65,85,30,130,99,121,80"/><W127/><G69/><T117/><D3/><U16/><E39/><V74/><F131/><W32/><G130/><T5/><D5/><U52/><E129/><V102/><F74/><W28/><G65/><T79/><D117/><U115/><E118/><V19/><F14/><W112/><G32/><T24/><D70/><U103/><E132/><V66/><F66/><W59/><G59/><T92/><D46/><U111/><E111/><V23/><F88/><W126/><G112/><N who="1" m="43082" /><E94/><N who="0" m="36457" /><D24/><U110/><E103/><V78/><F78/><W1/><G1/><T76/><D56/><N who="1" m="32775" /><E110/><V63/><F63/><W36/><G36/><T6/><D55/><U41/><E41/><N who="2" m="24719" /><F50/><W54/><G99/><AGARI ba="0,0" hai="10,13,19,23,26,29,96,98,99,101,102" m="24719" machi="99" ten="30,2000,0" yaku="8,1,52,1" doraHai="27" who="2" fromWho="3" sc="138,0,189,0,174,20,499,-20" owari="138,-36.0,189,-21.0,194,-1.0,479,58.0" /></mjloggm>