<mjloggm ver="2.3"><GO type="97" lobby="0"/><UN n0="%E6%9C%AB%E6%91%98%E8%8A%B1" n1="%E5%B0%B1%E6%B4%BB%E7%94%9F%40%E5%B7%9D%E6%9D%91%E8%BB%8D%E5%9B%A3" n2="%E3%81%A9%E3%81%86%E3%81%9F%E3%81%AC%E3%81%8D" n3="%69%6B%61%75%73%74%61%6B" dan="16,15,14,13" rate="2013.96,2057.12,1901.32,1871.01" sx="F,M,F,M"/><TAIKYOKU oya="0"/><INIT seed="0,0,0,2,2,72" ten="250,250,250,250" oya="0" hai0="108,23,78,63,58,132,33,95,30,87,4,106,5" hai1="98,89,14,31,71,100,55,135,28,24,9,29,2" hai2="85,110,118,1,117,51,111,90,38,121,130,119,91" hai3="46,62,68,133,35,128,53,19,115,77,80,74,107"/><T10/><D33/><U39/><E135/><V49/><F1/><W82/><G115/><T75/><D106/><U125/><E2/><V99/><F38/><W0/><G107/><T84/><D75/><U37/><E125/><V60/><F60/><W86/><G0/><T97/><D87/><U114/><E114/><V69/><F69/><W52/><G35/><T67/><D10/><U22/><E71/><V79/><F99/><W81/><G133/><T42/><D42/><U73/><E73/><V88/><F121/><W126/><G68/><T56/><D56/><U65/><E65/><V104/><F104/><W11/><G128/><T54/><D54/><N who="3" m="21097" /><G74/><T40/><D40/><U47/><E89/><V41/><F130/><W20/><G126/><T32/><D32/><U92/><E39/><V76/><F41/><W64/><G46/><T70/><D108/><N who="2" m="41514" /><F85/><W13/><G64/><T6/><D132/><U113/><E113/><V43/><F43/><W15/><G62/><T17/><D70/><U18/><REACH who="1" step="1"/><E37/><REACH who="1" ten="250,240,250,250" step="2"/><V12/><F12/><W45/><G45/><T102/><D67/><U94/><E94/><V61/><F61/><W16/><AGARI ba="0,1" hai="11,13,15,16,19,20,77,80,81,82,86" m="21097" machi="16" ten="30,7900,0" yaku="8,1,52,1,54,2" doraHai="72" who="3" fromWho="3" sc="250,-39,240,-20,250,-20,250,89" /><INIT seed="1,0,0,5,4,102" ten="211,220,230,339" oya="1" hai0="91,60,85,117,7,127,27,10,61,29,89,25,82" hai1="101,99,108,57,126,21,46,51,107,62,111,96,39" hai2="2,110,121,48,34,70,71,1,135,54,72,80,30" hai3="17,9,16,90,20,49,125,4,52,40,18,78,22"/><U6/><E39/><V64/><F121/><W92/><G125/><T37/><D37/><U68/><E68/><V65/><F135/><W94/><G78/><T36/><D36/><U59/><E126/><V28/><F110/><N who="1" m="42025" /><E6/><V115/><F115/><W88/><G40/><T74/><D74/><U0/><E0/><V103/><F103/><W131/><G131/><T42/><D42/><N who="1" m="25047" /><E62/><V23/><F34/><W47/><G9/><T77/><D117/><U44/><E44/><V79/><F48/><W93/><G4/><T81/><D127/><U58/><E99/><V112/><F70/><W120/><G120/><T43/><D43/><U86/><E86/><V119/><F71/><W84/><G94/><T31/><D7/><U104/><E21/><V113/><F23/><W19/><N who="3" m="4608" /><DORA hai="13" /><W11/><G11/><T75/><D75/><U69/><E69/><V14/><F72/><W128/><G128/><T105/><D85/><AGARI ba="0,0" hai="20,22,47,49,52,84,85,88,90,92,93" m="4608" machi="85" ten="50,16000,3" yaku="9,1,8,1,52,4,54,3" doraHai="102,13" who="3" fromWho="0" sc="211,-160,220,0,230,0,339,160" /><INIT seed="2,0,0,1,3,124" ten="51,220,230,499" oya="2" hai0="85,55,65,52,94,6,107,113,16,21,35,103,80" hai1="123,70,79,17,87,69,121,37,11,10,62,8,112" hai2="92,110,20,18,129,36,7,34,1,54,25,125,31" hai3="71,59,19,22,96,101,133,9,90,50,75,53,108"/><V111/><F36/><W4/><G71/><N who="1" m="27146" /><E112/><V93/><F54/><W41/><G75/><T130/><D107/><U88/><E37/><V67/><F67/><W45/><G108/><N who="2" m="41513" /><F125/><W89/><G133/><T26/><D35/><U12/><E62/><V82/><F82/><W40/><G40/><T104/><D104/><U102/><E102/><V73/><F73/><W116/><G116/><T99/><D113/><U51/><E79/><V68/><F68/><W3/><G96/><T84/><D84/><U23/><E51/><V105/><F105/><W115/><G115/><T135/><D135/><U56/><E56/><V14/><F93/><W127/><G127/><T66/><D6/><U95/><E95/><V57/><F92/><W83/><G83/><T118/><D118/><U61/><E61/><V72/><F57/><W33/><G33/><T64/><REACH who="0" step="1"/><D130/><REACH who="0" ten="41,220,230,499" step="2"/><U114/><E114/><V78/><F72/><W48/><G101/><T76/><AGARI ba="0,1" hai="16,21,26,52,55,64,65,66,76,80,85,94,99,103" machi="76" ten="30,12000,2" yaku="1,1,2,1,0,1,8,1,54,2,53,1" doraHai="124" doraHaiUra="15" who="0" fromWho="0" sc="41,130,220,-30,230,-60,499,-30" /><INIT seed="3,0,0,0,5,39" ten="171,190,170,469" oya="3" hai0="50,27,62,56,113,15,44,34,117,30,99,8,97" hai1="86,115,102,121,42,46,14,70,123,129,73,116,21" hai2="7,126,4,109,77,53,23,5,125,118,58,90,48" hai3="2,96,0,114,54,78,101,92,13,91,94,18,87"/><W85/><G114/><T41/><D117/><U80/><E73/><V112/><F112/><W119/><G119/><T10/><D113/><U3/><E70/><V107/><F118/><W49/><G78/><T55/><D10/><U57/><E3/><V93/><F107/><W79/><G85/><T68/><D68/><U31/><E115/><V130/><F77/><W35/><G79/><T37/><D37/><U72/><E72/><V135/><F135/><W26/><G26/><T128/><D128/><U106/><E116/><V33/><F33/><W1/><G35/><T134/><D134/><U36/><E129/><V67/><F130/><W108/><G108/><T60/><D62/><U88/><E57/><V82/><F82/><W11/><G0/><T16/><AGARI ba="0,0" hai="8,15,16,27,30,34,41,44,50,55,56,60,97,99" machi="16" ten="20,5200,0" yaku="0,1,7,1,52,1,54,1" doraHai="39" who="0" fromWho="0" sc="171,52,190,-13,170,-13,469,-26" owari="223,2.0,177,-22.0,157,-34.0,443,54.0" /></mjloggm>