<mjloggm ver="2.3"><GO type="169" lobby="0"/><UN n0="%68%61%79%61%74%6F%E2%98%86" n1="%E7%B6%BE%E9%A6%99" n2="%53%69%6D%6F%6F%6E" n3="%E3%82%A6%E3%83%AB%E3%83%88%E3%83%A9%E7%AB%8B%E7%9B%B4" dan="17,17,17,17" rate="2203.24,2211.08,2145.37,2185.01" sx="M,F,M,M"/><TAIKYOKU oya="0"/><INIT seed="0,0,0,2,0,124" ten="250,250,250,250" oya="0" hai0="128,70,112,11,103,88,41,75,14,69,118,104,50" hai1="18,90,80,108,115,135,13,16,61,56,6,130,66" hai2="94,4,55,5,33,28,99,59,0,85,109,120,79" hai3="60,72,110,21,7,43,17,119,46,31,125,63,126"/><T12/><D75/><U131/><E115/><V102/><F120/><W32/><G72/><T106/><D118/><U89/><E135/><V45/><F109/><W44/><G110/><T38/><D112/><U127/><E108/><V58/><F0/><W54/><G7/><T86/><D38/><U116/><E116/><V8/><F33/><W48/><G31/><T2/><D2/><U76/><E6/><N who="2" m="2667" /><F8/><W91/><G32/><T77/><D77/><U68/><E68/><V97/><F28/><W49/><G119/><T129/><D103/><U92/><E18/><V100/><F97/><W47/><G47/><N who="0" m="25967" /><D69/><U20/><E127/><N who="3" m="48650" /><G91/><T114/><D70/><U78/><E90/><V123/><F123/><W27/><AGARI ba="0,0" hai="17,21,27,43,44,46,48,49,54,60,63" m="48650" machi="27" ten="30,1100,0" yaku="18,1" doraHai="124" who="3" fromWho="3" sc="250,-5,250,-3,250,-3,250,11" /><INIT seed="1,0,0,1,1,117" ten="245,247,247,261" oya="1" hai0="103,60,61,78,2,8,55,9,128,94,134,24,43" hai1="97,52,5,38,30,44,40,127,99,120,80,135,133" hai2="89,59,17,58,116,106,84,15,105,49,64,20,67" hai3="85,41,104,88,95,93,36,119,107,124,65,13,77"/><U34/><E120/><V54/><F116/><W12/><G65/><T82/><D128/><U98/><E5/><V0/><F0/><W16/><G119/><T37/><D134/><N who="1" m="51211" /><E127/><V32/><F32/><W14/><G124/><T113/><D113/><U111/><E80/><V62/><REACH who="2" step="1"/><F67/><REACH who="2" ten="245,247,237,261" step="2"/><W70/><G14/><T45/><D2/><U21/><E34/><V83/><AGARI ba="0,1" hai="15,17,20,49,54,58,59,62,64,83,84,89,105,106" machi="83" ten="20,5200,0" yaku="1,1,2,1,0,1,7,1,53,0" doraHai="117" doraHaiUra="6" who="2" fromWho="2" sc="245,-13,247,-26,237,62,261,-13" /><INIT seed="2,0,0,0,0,44" ten="232,221,299,248" oya="2" hai0="118,11,77,6,81,58,122,65,115,63,25,62,94" hai1="85,83,88,101,49,108,112,64,128,114,127,29,106" hai2="103,18,133,34,75,19,42,124,74,26,107,4,0" hai3="68,55,99,70,95,41,32,59,121,96,82,9,40"/><V80/><F124/><W27/><G32/><T51/><D122/><U119/><E29/><V61/><F133/><W38/><G38/><T100/><D118/><U60/><E119/><V92/><F107/><W66/><G66/><T132/><D115/><U67/><E67/><V97/><F34/><W113/><G121/><T21/><D132/><U125/><E128/><V116/><F116/><W37/><G37/><T131/><D131/><U20/><E20/><V117/><F26/><W123/><G123/><T35/><D35/><U86/><E108/><V79/><F74/><W76/><G27/><T72/><D62/><U135/><E135/><V50/><F61/><W15/><G68/><T17/><D94/><U134/><E134/><V24/><F24/><W3/><G3/><T130/><D100/><U14/><E14/><V13/><F0/><W69/><G69/><T1/><D130/><U57/><E86/><N who="2" m="48415" /><F117/><W120/><G70/><T98/><D98/><N who="1" m="61751" /><E49/><V23/><F75/><W53/><G120/><T16/><REACH who="0" step="1"/><D51/><REACH who="0" ten="222,221,299,248" step="2"/><U31/><E31/><AGARI ba="0,1" hai="1,6,11,16,17,21,25,31,58,63,65,72,77,81" machi="31" ten="30,7700,0" yaku="1,1,2,1,7,1,54,1,53,0" doraHai="44" doraHaiUra="87" who="0" fromWho="1" sc="222,87,221,-77,299,0,248,0" /><INIT seed="3,0,0,2,1,121" ten="309,144,299,248" oya="3" hai0="36,61,85,113,134,132,49,7,73,119,78,92,8" hai1="22,55,118,131,91,88,101,97,16,79,75,32,40" hai2="30,87,105,110,27,96,95,4,52,89,46,44,77" hai3="13,71,86,83,35,14,3,130,129,64,43,48,31"/><W65/><G3/><T17/><D36/><U74/><E32/><V10/><F110/><W21/><G35/><T15/><D119/><U104/><E118/><V5/><F105/><W50/><G31/><T1/><D113/><U126/><E131/><N who="3" m="50186" /><G71/><T2/><D73/><U57/><E40/><V60/><F77/><W56/><G43/><T106/><D106/><U26/><E126/><V69/><F69/><W98/><G98/><T120/><D120/><U9/><E9/><V38/><F38/><W62/><G65/><T53/><D61/><U125/><E125/><V114/><F114/><W94/><G94/><T93/><D93/><U6/><E6/><N who="2" m="2667" /><F10/><W42/><G42/><T37/><D37/><U133/><E133/><N who="0" m="51305" /><D7/><U29/><E29/><V90/><F30/><W108/><G108/><T81/><D92/><U20/><E22/><V116/><F116/><W34/><G34/><T54/><D54/><U100/><E101/><V109/><F109/><W124/><G124/><T19/><D19/><U68/><E68/><V127/><F127/><W24/><G24/><T25/><D25/><U28/><E28/><V33/><F27/><W58/><G21/><T51/><D53/><U107/><E107/><V122/><F33/><W84/><G50/><AGARI ba="0,0" hai="1,2,8,15,17,49,50,51,78,81,85" m="51305" machi="50" ten="30,1000,0" yaku="20,1" doraHai="121" who="0" fromWho="3" sc="309,10,144,0,299,0,248,-10" /><INIT seed="4,0,0,1,1,121" ten="319,144,299,238" oya="0" hai0="39,126,94,7,82,111,26,78,11,127,105,38,55" hai1="59,41,72,130,45,100,76,32,123,12,134,16,96" hai2="57,34,103,131,23,68,108,54,92,89,120,46,5" hai3="107,33,21,29,98,99,70,86,60,119,56,30,115"/><T133/><D105/><U114/><E32/><V8/><F68/><W80/><G119/><T77/><D94/><U52/><E123/><V44/><F34/><W65/><G115/><T104/><D104/><U110/><E110/><V95/><F108/><W62/><G33/><T9/><D26/><U64/><E130/><V31/><F120/><W122/><G122/><T109/><D82/><U47/><E134/><V67/><F67/><W22/><G107/><T128/><D55/><U117/><E117/><V19/><F131/><W112/><G112/><T116/><D128/><U73/><E64/><V63/><F31/><W49/><G49/><T81/><D81/><U66/><E66/><V50/><F103/><W28/><G62/><T35/><D35/><U4/><E4/><V83/><F83/><W87/><G70/><T1/><D7/><U69/><E69/><V90/><F5/><W102/><G102/><T135/><REACH who="0" step="1"/><D1/><REACH who="0" ten="309,144,299,238" step="2"/><U42/><E114/><V14/><F92/><W58/><G80/><T101/><D101/><U93/><E76/><V43/><F95/><W132/><G65/><T118/><AGARI ba="0,1" hai="9,11,38,39,77,78,109,111,116,118,126,127,133,135" machi="118" ten="25,18000,2" yaku="1,1,0,1,22,2,52,2,53,0" doraHai="121" doraHaiUra="3" who="0" fromWho="0" sc="309,190,144,-60,299,-60,238,-60" /><INIT seed="4,1,0,0,1,73" ten="499,84,239,178" oya="0" hai0="88,120,57,117,119,64,83,86,82,98,75,122,67" hai1="52,68,15,99,112,55,17,60,110,14,135,84,128" hai2="90,16,7,78,133,50,81,65,26,19,56,79,125" hai3="37,126,105,51,123,66,132,109,10,130,0,27,111"/><T97/><D57/><U44/><E110/><V87/><F133/><W77/><G51/><T104/><D104/><U39/><E135/><V121/><F125/><W32/><G27/><T34/><D34/><U129/><E99/><N who="0" m="37897" /><D64/><U28/><E28/><V115/><F115/><W48/><G48/><T100/><D100/><U69/><E15/><V127/><F121/><N who="0" m="46698" /><D67/><U106/><E106/><V12/><F127/><W13/><G13/><T80/><D75/><U30/><E30/><V74/><F74/><W1/><G10/><T42/><D42/><N who="1" m="22623" /><E14/><V46/><F7/><W45/><G0/><T58/><D58/><N who="1" m="34887" /><E17/><V4/><F4/><W25/><G1/><T6/><D6/><U35/><E84/><V23/><F19/><W2/><G2/><T72/><D72/><U134/><E35/><V43/><F12/><W20/><G32/><T31/><D31/><U89/><E134/><V63/><AGARI ba="1,0" hai="16,23,26,43,46,50,56,63,65,78,79,81,87,90" machi="63" ten="30,8000,1" yaku="0,1,8,1,52,2,54,1" doraHai="73" who="2" fromWho="2" sc="499,-41,84,-21,239,83,178,-21" /><INIT seed="5,0,0,5,4,89" ten="458,63,322,157" oya="1" hai0="81,118,61,2,21,129,77,64,54,109,131,65,115" hai1="35,56,110,127,27,5,79,73,12,51,47,102,84" hai2="17,130,101,20,90,52,6,9,72,62,14,55,126" hai3="100,134,76,122,58,86,37,46,36,99,23,4,85"/><U105/><E73/><V19/><F72/><W94/><G122/><T18/><D2/><U28/><E110/><V8/><F130/><W30/><G134/><T11/><D11/><U106/><E127/><V88/><F126/><W10/><G46/><T67/><D115/><U87/><E56/><V103/><F6/><W96/><G37/><T63/><D54/><N who="2" m="20522" /><F62/><W82/><G36/><T78/><D118/><U83/><E102/><N who="2" m="38923" /><F8/><W39/><G39/><T25/><D109/><U34/><E87/><V92/><F92/><N who="3" m="58471" /><G58/><T125/><D125/><U104/><E35/><V49/><F49/><W124/><G124/><T91/><D91/><U95/><E95/><V31/><F31/><W50/><G50/><T70/><D77/><U41/><REACH who="1" step="1"/><E105/><REACH who="1" ten="458,53,322,157" step="2"/><V48/><F48/><W29/><G86/><N who="0" m="48439" /><D70/><U128/><E128/><AGARI ba="0,1" hai="18,21,25,61,63,64,65,67,128,129,131" m="48439" machi="128" ten="30,1000,0" yaku="19,1" doraHai="89" who="0" fromWho="1" sc="458,20,53,-10,322,0,157,0" /><INIT seed="6,0,0,2,1,37" ten="478,43,322,157" oya="2" hai0="26,133,66,3,78,50,132,15,90,74,121,108,64" hai1="44,1,38,39,55,105,34,36,30,112,128,20,86" hai2="73,40,88,96,101,4,32,107,53,135,10,2,48" hai3="125,18,27,77,60,41,29,63,97,98,134,46,35"/><V99/><F135/><W118/><G118/><T119/><D3/><U126/><E1/><V114/><F73/><W113/><G134/><T115/><D119/><U76/><E34/><V100/><F114/><W71/><G113/><T69/><D90/><U95/><E105/><V123/><F123/><W120/><G120/><T103/><D103/><U85/><E112/><V67/><F32/><W25/><G77/><T122/><D50/><U58/><E38/><V106/><F67/><W12/><G27/><T87/><D87/><U47/><E39/><V93/><F40/><W102/><G125/><T23/><D15/><U22/><E126/><V14/><F2/><W79/><G79/><T110/><D23/><U45/><E128/><V124/><F124/><W42/><G46/><T19/><D78/><U109/><E109/><V5/><F5/><W51/><G51/><T89/><D89/><U49/><E36/><V91/><REACH who="2" step="1"/><F93/><REACH who="2" ten="478,43,312,157" step="2"/><W65/><G42/><T57/><D74/><U16/><E95/><V104/><F104/><W31/><G41/><T7/><D7/><U131/><E131/><V94/><F94/><W130/><G65/><T52/><D115/><U43/><E43/><V92/><F92/><W28/><G130/><T21/><D64/><U117/><E117/><V8/><F8/><W75/><G75/><T82/><D121/><U111/><E111/><V83/><F83/><W24/><G35/><T17/><D82/><U56/><E76/><V81/><F81/><W61/><G98/><T11/><D122/><U127/><E127/><V68/><F68/><W116/><G71/><RYUUKYOKU ba="0,1" sc="478,-10,43,-10,312,30,157,-10" hai2="4,10,14,48,53,88,91,96,99,100,101,106,107" /><INIT seed="6,1,1,3,0,117" ten="468,33,342,147" oya="2" hai0="33,34,47,53,125,128,2,57,5,75,10,131,20" hai1="89,67,126,23,43,83,106,11,49,95,24,58,7" hai2="80,99,41,119,8,87,121,48,65,130,86,25,29" hai3="84,79,30,40,104,55,54,28,42,36,127,39,76"/><V22/><F119/><W71/><G84/><T77/><D125/><U17/><E106/><V13/><F130/><N who="0" m="49706" /><D47/><U64/><E126/><V118/><F118/><W1/><G104/><T31/><D77/><U102/><E83/><V56/><F121/><W134/><G127/><T61/><D75/><U100/><E64/><V78/><F99/><W52/><G1/><T105/><D105/><U6/><E6/><N who="2" m="3223" /><F87/><W73/><G73/><T113/><D113/><U45/><E67/><V70/><F70/><W38/><G71/><T133/><D133/><U35/><E35/><V62/><F48/><W88/><G88/><T50/><D50/><U3/><E58/><V92/><F92/><W91/><G91/><T110/><D110/><U4/><REACH who="1" step="1"/><E7/><REACH who="1" ten="468,23,342,147" step="2"/><V60/><F60/><W101/><G134/><T107/><D107/><U32/><E32/><V21/><F21/><W82/><G82/><T135/><D135/><U18/><E18/><V85/><F85/><AGARI ba="1,2" hai="3,4,11,17,23,24,43,45,49,85,89,95,100,102" machi="85" ten="30,2000,0" yaku="1,1,7,1,53,0" doraHai="117" doraHaiUra="109" who="1" fromWho="2" sc="468,0,23,43,342,-23,147,0" /><INIT seed="7,0,0,1,2,63" ten="468,66,319,147" oya="3" hai0="83,118,23,101,127,16,103,122,84,42,33,9,111" hai1="108,91,94,55,64,32,93,95,2,12,104,97,38" hai2="128,107,28,106,70,13,119,88,47,21,4,7,20" hai3="81,54,39,82,41,46,72,6,96,17,36,44,134"/><W43/><G134/><T25/><D111/><U74/><E2/><V115/><F119/><W60/><G6/><T67/><D33/><U37/><E32/><V77/><F77/><W124/><G124/><T126/><D42/><U102/><E108/><V31/><F70/><W131/><G131/><T34/><D34/><U75/><E12/><V117/><F117/><W15/><G72/><T58/><D9/><U76/><E55/><V35/><F35/><W132/><G96/><T62/><D122/><U57/><E76/><V78/><F78/><W30/><G30/><T69/><D69/><U11/><E11/><V112/><F13/><W50/><G132/><T40/><D40/><U8/><E8/><V59/><F59/><W73/><G73/><T79/><D118/><U49/><E91/><V133/><F133/><W0/><G0/><T45/><D45/><U116/><E116/><V10/><F10/><W92/><G92/><T24/><D24/><U65/><E49/><V52/><F47/><W89/><G89/><T113/><D113/><U71/><E71/><V125/><F88/><W29/><G50/><T1/><D1/><U3/><E3/><V22/><F22/><W48/><G48/><T14/><D25/><U66/><REACH who="1" step="1"/><E57/><REACH who="1" ten="468,56,319,147" step="2"/><V68/><F68/><W114/><G43/><T86/><D126/><U99/><E99/><V130/><REACH who="2" step="1"/><F125/><REACH who="2" ten="468,56,309,147" step="2"/><W120/><G41/><T27/><D127/><U53/><E53/><AGARI ba="0,2" hai="4,7,20,21,28,31,52,53,106,107,112,115,128,130" machi="53" ten="25,8000,1" yaku="1,1,2,1,22,2,54,1,53,0" doraHai="63" doraHaiUra="105" who="2" fromWho="1" sc="468,0,56,-80,309,100,147,0" owari="468,56.0,-24,-52.0,409,21.0,147,-25.0" /></mjloggm>