<mjloggm ver="2.3"><GO type="97" lobby="0"/><UN n0="%33%E3%82%B3%E3%83%AD" n1="%E5%BD%A9%E5%9C%92%E3%81%99%E3%81%9A" n2="%E5%B0%B1%E6%B4%BB%E7%94%9F%40%E5%B7%9D%E6%9D%91%E8%BB%8D%E5%9B%A3" n3="%4D%61%70%70%79%38" dan="14,14,14,13" rate="1906.13,1857.01,1979.80,1860.40" sx="M,F,M,M"/><TAIKYOKU oya="0"/><INIT seed="0,0,0,1,5,26" ten="250,250,250,250" oya="0" hai0="14,123,93,132,20,89,12,91,120,11,69,70,54" hai1="23,129,112,77,133,48,9,13,61,125,90,5,7" hai2="75,92,126,110,87,27,57,38,73,29,45,122,59" hai3="24,82,95,8,63,1,22,109,85,84,131,46,30"/><T32/><D32/><U80/><E125/><V0/><F0/><W98/><G131/><T117/><D117/><U100/><E112/><V62/><F122/><W65/><G109/><T55/><D93/><U18/><E133/><V34/><F110/><W49/><G1/><T15/><D20/><U53/><E129/><V52/><F126/><W114/><G8/><T56/><D56/><U115/><E115/><V97/><F87/><W68/><G82/><T119/><D119/><U116/><E116/><V58/><F62/><W3/><G3/><T99/><D99/><U39/><E39/><V6/><F6/><W19/><G19/><T130/><D130/><U41/><E90/><N who="0" m="34313" /><D11/><U64/><E100/><V135/><F135/><W51/><G51/><T79/><D79/><U124/><E41/><V28/><F28/><W43/><REACH who="3" step="1"/><G114/><REACH who="3" ten="250,250,250,240" step="2"/><T128/><D128/><U2/><E124/><V16/><F16/><W106/><G106/><T121/><D132/><U21/><E2/><V107/><F107/><W60/><G60/><T88/><N who="0" m="34321" /><AGARI ba="0,1" hai="22,24,30,43,46,49,63,65,68,84,85,88,95,98" machi="88" ten="30,8000,1" yaku="1,1,3,1,7,1,52,1,54,1,53,0" doraHai="26" doraHaiUra="31" who="3" fromWho="0" sc="250,-80,250,0,250,0,240,90" /><INIT seed="1,0,0,2,1,91" ten="170,250,250,330" oya="1" hai0="79,71,54,41,25,43,15,14,89,47,48,50,12" hai1="130,128,74,51,97,64,99,23,62,4,3,42,117" hai2="1,111,78,31,11,96,125,112,81,9,37,119,115" hai3="39,131,75,122,134,90,65,2,66,76,88,57,121"/><U135/><E117/><V100/><F37/><W133/><G39/><T126/><D71/><U63/><E74/><V44/><F119/><W21/><G2/><T53/><D126/><U95/><E135/><N who="3" m="51722" /><G131/><N who="1" m="50218" /><E99/><V10/><F125/><W29/><G57/><T34/><D79/><U70/><E23/><V108/><F31/><W40/><G40/><T92/><D34/><U107/><E107/><N who="2" m="63879" /><F1/><W0/><G0/><T101/><D101/><N who="1" m="60607" /><E64/><N who="3" m="24682" /><G21/><T127/><D25/><U24/><E24/><V7/><F7/><W18/><G18/><T33/><D33/><U103/><E70/><V102/><F102/><W105/><G29/><T80/><D80/><U87/><E103/><V6/><F6/><W32/><G105/><T94/><D127/><U114/><E87/><N who="2" m="48567" /><F44/><W67/><G67/><T5/><D5/><U129/><E129/><V49/><F49/><N who="0" m="19050" /><D47/><N who="1" m="26103" /><E114/><AGARI ba="0,0" hai="9,10,11,108,111,112,114,115" m="48567,63879" machi="114" ten="30,1000,0" yaku="11,1" doraHai="91" who="2" fromWho="1" sc="170,0,250,-10,250,10,330,0" /><INIT seed="2,0,0,1,1,38" ten="170,240,260,330" oya="2" hai0="37,80,12,42,97,54,79,36,58,29,43,127,56" hai1="77,96,13,129,3,41,117,128,2,1,63,84,65" hai2="17,22,6,105,92,124,113,130,81,50,48,69,34" hai3="27,70,103,98,16,135,5,55,100,64,21,7,131"/><V89/><F34/><W61/><G131/><T31/><D97/><U47/><E117/><V45/><F105/><W15/><G135/><T24/><D127/><U83/><E96/><V85/><F69/><W20/><G55/><T72/><D58/><U114/><E13/><V52/><F113/><W30/><REACH who="3" step="1"/><G103/><REACH who="3" ten="170,240,260,320" step="2"/><T104/><D104/><AGARI ba="0,1" hai="5,7,15,16,20,21,27,30,61,64,70,98,100,104" machi="104" ten="30,8000,1" yaku="1,1,2,1,7,1,54,1,53,1" doraHai="38" doraHaiUra="25" who="3" fromWho="0" sc="170,-80,240,0,260,0,320,90" /><INIT seed="3,0,0,3,4,8" ten="90,240,260,410" oya="3" hai0="81,21,102,7,98,6,1,27,88,116,92,115,18" hai1="10,135,67,17,73,39,52,12,57,128,20,55,65" hai2="109,103,91,129,37,42,123,119,14,133,104,24,113" hai3="72,44,84,47,114,51,80,125,36,106,94,78,93"/><W38/><G125/><T31/><D115/><U79/><E135/><V33/><RYUUKYOKU type="yao9" ba="0,0" sc="90,0,240,0,260,0,410,0" hai2="14,24,33,37,42,91,103,104,109,113,119,123,129,133" /><INIT seed="3,1,0,2,3,131" ten="90,240,260,410" oya="3" hai0="69,41,2,52,86,84,46,66,17,58,127,54,96" hai1="19,90,31,122,47,13,27,70,112,87,25,9,91" hai2="101,29,81,134,22,71,72,85,64,119,11,0,102" hai3="28,62,26,34,100,51,6,82,126,77,120,68,117"/><W57/><G126/><T83/><D2/><U30/><E122/><V95/><F134/><W76/><G117/><T65/><D96/><U8/><E112/><V14/><F119/><W104/><G120/><T10/><D86/><U33/><E70/><V15/><F72/><W67/><G51/><N who="0" m="27087" /><D17/><U111/><E111/><V53/><F71/><W73/><G57/><T60/><D10/><U38/><E9/><V94/><F64/><N who="0" m="24682" /><D84/><U106/><E106/><V59/><F0/><W105/><G6/><T75/><D83/><U80/><E47/><V103/><F29/><W49/><G49/><T133/><D75/><U56/><E38/><V129/><F22/><W125/><G77/><T36/><D36/><U130/><E130/><V118/><F129/><W108/><G125/><T3/><D3/><U42/><E42/><V63/><F118/><W107/><G108/><T123/><D127/><U79/><E56/><V114/><F114/><W132/><G100/><T74/><D74/><U44/><E44/><V78/><F14/><W18/><G18/><AGARI ba="1,0" hai="11,15,18,53,59,63,78,81,85,94,95,101,102,103" machi="18" ten="40,1300,0" yaku="8,1" doraHai="131" who="2" fromWho="3" sc="90,0,240,0,260,16,410,-16" owari="90,-41.0,240,-16.0,276,8.0,394,49.0" /></mjloggm>