<mjloggm ver="2.3"><GO type="97" lobby="0"/><UN n0="%E7%84%BC%E9%B6%8F%E6%B1%82%E5%A4%A7%E8%85%BF" n1="%EF%BC%A0%E3%82%A4%E3%83%83%E3%82%B7%EF%BD%9E%EF%BC%BE%2D%EF%BC%BE" n2="%E5%B0%B1%E6%B4%BB%E7%94%9F%40%E5%B7%9D%E6%9D%91%E8%BB%8D%E5%9B%A3" n3="%64%76%63%68%61" dan="13,14,15,15" rate="1817.28,1975.55,2021.27,2056.31" sx="M,F,M,M"/><TAIKYOKU oya="0"/><INIT seed="0,0,0,4,0,31" ten="250,250,250,250" oya="0" hai0="104,41,12,120,124,112,5,125,109,40,47,105,98" hai1="46,58,132,97,25,108,121,54,35,29,64,2,68" hai2="39,111,117,55,88,107,102,18,52,67,91,14,65" hai3="32,45,22,30,56,42,13,119,71,133,129,62,73"/><T81/><D120/><U44/><E121/><V100/><F39/><W34/><G119/><T82/><D112/><U134/><E2/><V95/><F117/><W69/><G73/><T6/><D109/><U61/><E108/><V72/><F72/><W99/><G133/><T33/><D12/><U70/><E68/><V101/><F107/><W21/><G129/><T127/><D47/><U75/><E75/><V135/><F135/><N who="1" m="51753" /><E97/><N who="2" m="57575" /><F91/><W80/><G80/><N who="0" m="30827" /><D33/><U11/><E11/><N who="2" m="6495" /><F111/><W24/><G99/><T7/><D98/><U50/><AGARI ba="0,0" hai="25,29,35,44,46,50,54,58,61,64,70" m="51753" machi="50" ten="30,2000,0" yaku="20,1,52,1" doraHai="31" who="1" fromWho="1" sc="250,-10,250,20,250,-5,250,-5" /><INIT seed="1,0,0,0,3,14" ten="240,270,245,245" oya="1" hai0="35,56,103,13,69,0,77,3,125,15,55,89,75" hai1="120,80,83,22,28,126,36,127,5,48,68,85,42" hai2="108,73,47,20,122,131,96,31,115,105,84,21,8" hai3="113,41,70,81,65,76,106,114,66,11,72,25,82"/><U40/><E68/><V2/><F73/><W1/><G106/><T50/><D69/><U99/><E120/><V64/><F122/><W52/><G41/><T102/><D125/><N who="1" m="47627" /><E36/><V32/><F115/><W9/><G25/><T118/><D35/><U53/><E5/><V119/><F119/><W51/><G81/><T128/><D128/><U29/><E99/><V58/><F131/><W17/><G1/><T12/><D118/><U91/><E80/><V94/><F105/><W67/><G70/><T135/><D135/><U92/><E83/><V46/><F108/><W63/><G63/><T123/><D123/><U7/><E7/><V129/><F129/><W23/><G23/><T107/><D77/><U86/><E86/><V62/><F32/><W109/><G109/><T30/><D75/><U130/><E130/><V134/><F84/><W24/><G24/><T97/><D103/><U39/><E39/><V60/><F60/><W98/><G98/><T61/><D30/><N who="1" m="11883" /><E22/><V90/><F21/><W95/><G114/><T27/><D27/><U43/><E43/><V93/><F134/><W18/><G113/><T38/><D38/><U54/><E53/><V112/><F112/><W57/><REACH who="3" step="1"/><G95/><REACH who="3" ten="240,270,245,235" step="2"/><T6/><D107/><U26/><E26/><N who="2" m="16839" /><F93/><W79/><G79/><T19/><D97/><U74/><E74/><V10/><F2/><W16/><AGARI ba="0,1" hai="9,11,16,17,18,51,52,57,65,66,67,72,76,82" machi="16" ten="30,12000,2" yaku="1,1,0,1,52,3,54,2,53,0" doraHai="14" doraHaiUra="110" who="3" fromWho="3" sc="240,-30,270,-60,245,-30,235,130" /><INIT seed="2,0,0,3,0,83" ten="210,210,215,365" oya="2" hai0="23,101,89,120,106,98,86,7,119,53,19,63,103" hai1="4,123,88,114,50,81,72,42,38,135,117,54,67" hai2="96,56,73,116,48,108,27,9,60,5,32,130,109" hai3="65,118,59,91,71,66,49,132,18,24,78,69,8"/><V115/><F116/><W70/><G118/><T12/><D120/><U17/><E117/><V75/><F115/><W126/><G78/><T25/><D119/><U3/><E114/><V51/><F130/><W125/><G132/><T36/><D36/><U35/><E35/><V77/><F96/><W95/><G49/><N who="2" m="19017" /><F32/><W6/><G18/><T14/><D7/><U28/><E3/><N who="2" m="191" /><F27/><W93/><G24/><T0/><D0/><U43/><E135/><V30/><F30/><W41/><G41/><T110/><D110/><N who="2" m="42602" /><F77/><W79/><G79/><T1/><D101/><U34/><E123/><V31/><F31/><W129/><G129/><T113/><D1/><U2/><E72/><V127/><F127/><W94/><G126/><T80/><D113/><U82/><E28/><V68/><F68/><W97/><G125/><T84/><REACH who="0" step="1"/><D86/><REACH who="0" ten="200,210,215,365" step="2"/><U134/><E134/><V87/><F87/><W37/><G37/><T47/><D47/><U102/><E2/><V112/><F112/><W57/><G97/><T45/><D45/><U74/><E4/><V61/><F61/><W90/><G6/><T20/><D20/><U55/><E38/><V21/><F21/><W128/><G128/><T124/><D124/><U11/><E34/><V16/><F16/><W29/><G29/><T122/><D122/><U10/><E17/><V33/><F33/><W15/><G8/><T44/><D44/><U92/><E11/><V13/><F13/><W52/><G15/><T131/><D131/><U105/><E10/><V111/><N who="2" m="42610" /><V39/><DORA hai="40" /><F39/><W100/><G100/><T121/><D121/><RYUUKYOKU ba="0,1" sc="200,15,210,-15,215,15,365,-15" hai0="12,14,19,23,25,53,63,80,84,89,98,103,106" hai2="56,60,73,75" /><INIT seed="2,1,1,2,3,58" ten="215,195,230,350" oya="2" hai0="106,25,7,23,132,105,95,45,3,123,124,116,34" hai1="51,40,86,67,9,38,107,16,76,119,120,96,92" hai2="135,24,100,121,112,117,74,6,89,125,19,59,15" hai3="60,13,69,77,103,17,4,27,14,8,109,46,71"/><V111/><F121/><W20/><G109/><T79/><D123/><U0/><E119/><V12/><F117/><W104/><G77/><T115/><D116/><U36/><E107/><V85/><F112/><W127/><G127/><T113/><D124/><U64/><E120/><V11/><F74/><W52/><G104/><T73/><D34/><U43/><E36/><V55/><F125/><W61/><G103/><T21/><D132/><U130/><E38/><V118/><F135/><W48/><G71/><T2/><D95/><U90/><E130/><V114/><F111/><W108/><G69/><T131/><D79/><U44/><E0/><V47/><F114/><W18/><G108/><T30/><D7/><U81/><REACH who="1" step="1"/><E43/><REACH who="1" ten="215,185,230,350" step="2"/><V33/><F118/><W1/><G1/><T22/><D131/><U99/><E99/><V63/><F100/><W97/><G97/><T94/><D113/><U93/><E93/><V133/><F133/><W62/><G60/><T28/><D115/><U50/><E50/><V32/><F32/><W87/><G87/><T82/><D94/><U75/><E75/><V110/><F110/><W26/><G61/><T29/><D73/><U102/><E102/><V101/><F101/><W31/><G62/><T70/><D3/><U98/><E98/><V41/><F33/><W128/><G128/><T68/><D2/><U42/><E42/><V10/><F41/><W91/><G48/><T78/><D105/><U57/><E57/><V53/><F47/><W84/><G46/><T66/><D45/><U37/><E37/><V122/><F122/><W65/><G84/><RYUUKYOKU ba="1,2" sc="215,-10,185,30,230,-10,350,-10" hai1="9,16,40,44,51,64,67,76,81,86,90,92,96" /><INIT seed="3,2,2,2,2,56" ten="205,215,220,340" oya="3" hai0="74,34,61,128,57,86,123,88,49,122,63,35,120" hai1="36,42,11,114,77,73,12,125,38,60,121,133,4" hai2="79,68,89,67,45,84,135,21,111,83,117,108,70" hai3="72,105,62,81,40,119,32,22,0,65,59,129,25"/><W15/><G0/><T80/><D74/><U118/><E121/><V134/><F117/><W102/><G119/><T17/><D128/><U16/><E114/><V44/><F21/><W107/><G40/><T103/><D103/><U24/><E118/><V6/><F6/><W19/><G102/><T85/><D17/><U18/><E133/><N who="2" m="50699" /><F79/><W14/><G129/><T110/><D110/><N who="2" m="42026" /><F67/><W97/><G97/><T46/><D85/><U71/><E125/><V109/><F109/><W95/><G95/><T3/><D3/><U76/><E24/><V90/><F90/><W28/><G14/><T93/><D80/><U96/><E96/><V52/><F52/><W1/><G1/><T116/><D116/><U132/><E132/><V100/><F100/><W101/><G101/><T82/><D82/><U66/><E76/><V54/><F54/><W9/><G22/><T91/><D91/><U55/><E55/><V64/><F64/><W7/><G7/><T29/><D61/><U10/><E42/><V41/><F45/><W5/><G5/><T37/><D29/><U47/><E47/><V94/><F83/><W30/><G30/><T31/><D31/><U115/><E115/><V92/><F92/><W13/><G81/><T39/><D35/><U127/><E127/><V8/><F8/><W130/><G9/><T51/><D34/><U50/><E50/><AGARI ba="2,2" hai="41,44,50,68,70,84,89,94" m="42026,50699" machi="50" ten="30,2000,0" yaku="20,1,14,1" doraHai="56" who="2" fromWho="1" sc="205,0,215,-26,220,46,340,0" owari="205,-19.0,189,-31.0,266,7.0,340,43.0" /></mjloggm>