<mjloggm ver="2.3"><GO type="97" lobby="0"/><UN n0="%E3%83%80%E3%82%A4%E3%82%AD%E3%83%B3%E3%82%B0" n1="%E5%B0%B1%E6%B4%BB%E7%94%9F%40%E5%B7%9D%E6%9D%91%E8%BB%8D%E5%9B%A3" n2="%72%79%6F%2D%74%72%65%6B" n3="%E9%9F%B3%E7%84%A1%E9%9F%BF%E5%AD%90" dan="13,15,14,14" rate="1895.70,2008.04,1889.11,2117.86" sx="M,M,M,F"/><TAIKYOKU oya="0"/><INIT seed="0,0,0,1,3,81" ten="250,250,250,250" oya="0" hai0="121,100,51,127,28,134,50,41,40,113,83,0,36" hai1="73,6,2,111,47,54,48,27,112,88,123,91,19" hai2="128,95,42,29,124,57,30,58,38,126,5,75,23" hai3="109,56,39,17,10,98,12,24,118,133,35,84,49"/><T114/><D0/><U116/><E123/><V104/><F75/><W4/><G39/><T94/><D121/><U108/><E116/><V76/><F104/><W67/><G118/><T14/><D134/><U22/><E73/><V72/><F5/><W8/><G109/><N who="1" m="42058" /><E112/><V77/><F42/><N who="0" m="16490" /><D28/><U92/><E92/><V63/><F38/><W18/><G133/><T79/><D114/><U25/><E25/><V43/><F43/><W122/><G122/><T33/><D33/><U20/><E20/><V53/><F58/><W78/><G98/><N who="0" m="59479" /><D113/><U132/><E132/><V117/><F117/><W61/><G49/><N who="0" m="18443" /><D36/><U21/><E21/><V74/><F74/><W32/><G24/><T3/><D3/><U13/><E2/><V59/><F59/><W26/><G26/><T119/><D119/><U90/><E27/><V131/><F95/><W85/><G32/><T103/><D103/><U31/><E31/><V44/><F23/><W102/><G35/><T1/><D1/><U62/><E62/><V9/><F9/><W89/><G102/><T106/><D106/><U130/><E130/><N who="2" m="49707" /><F44/><W80/><G10/><T135/><D135/><U120/><E120/><V16/><F72/><W115/><G115/><T96/><D96/><U125/><E125/><N who="2" m="48235" /><F29/><W65/><G65/><T97/><D97/><U34/><E34/><V86/><F30/><W15/><G15/><T70/><D70/><U99/><E99/><V52/><F53/><W37/><G37/><T93/><D127/><U110/><N who="1" m="42066" /><U46/><DORA hai="105" /><E6/><V69/><F69/><W107/><G107/><T7/><D7/><RYUUKYOKU ba="0,0" sc="250,-15,250,15,250,-15,250,15" hai1="13,19,22,46,47,48,54,88,90,91" hai3="4,8,12,17,18,56,61,67,78,80,84,85,89" /><INIT seed="1,1,0,1,1,96" ten="235,265,235,265" oya="1" hai0="59,65,41,79,69,39,130,5,25,37,47,109,100" hai1="110,101,72,89,46,118,98,107,71,85,33,104,74" hai2="28,3,133,115,58,90,7,106,15,21,36,119,61" hai3="127,117,76,82,125,12,1,51,55,17,122,20,132"/><U87/><E33/><V42/><F119/><W108/><G122/><T91/><D130/><U83/><E71/><V43/><F3/><W123/><G123/><T95/><D109/><U34/><E34/><V48/><F36/><W121/><G121/><T64/><D5/><U24/><E24/><V92/><F106/><N who="1" m="40489" /><E46/><V124/><F124/><N who="3" m="47691" /><G108/><T68/><D79/><N who="1" m="46335" /><E110/><V16/><F133/><W2/><G132/><T78/><D78/><U31/><E31/><V10/><F28/><W126/><G117/><T22/><D69/><U11/><E11/><V120/><F120/><W103/><G103/><T112/><D112/><U4/><E4/><V9/><F9/><W111/><N who="3" m="47699" /><W23/><DORA hai="60" /><G23/><T81/><D81/><N who="1" m="49391" /><E118/><V114/><F48/><W57/><G111/><T18/><D68/><U113/><E113/><N who="2" m="43019" /><F10/><W44/><G57/><T131/><D59/><U84/><E84/><AGARI ba="1,0" hai="1,2,12,17,20,44,51,55,76,82,84" m="47699" machi="84" ten="40,1300,0" yaku="18,1" doraHai="96,60" who="3" fromWho="1" sc="235,0,265,-16,235,0,265,16" /><INIT seed="2,0,0,5,0,86" ten="235,249,235,281" oya="2" hai0="96,66,84,68,80,51,25,100,3,77,60,45,30" hai1="4,134,1,85,47,32,116,23,94,37,88,74,50" hai2="102,64,103,8,98,89,13,16,0,67,14,73,110" hai3="109,24,122,91,90,27,79,9,57,19,131,121,83"/><V92/><F73/><W36/><G36/><T63/><D3/><U128/><E32/><V2/><F110/><W126/><G131/><T12/><D12/><U48/><E116/><V125/><F125/><W7/><G126/><T21/><D60/><U55/><E128/><V108/><F108/><W46/><G109/><T56/><D68/><U75/><E134/><V40/><F40/><W70/><G70/><T114/><D114/><U118/><E37/><V112/><F112/><W135/><G135/><T93/><D51/><U76/><E118/><V17/><F2/><W15/><G46/><AGARI ba="0,0" hai="21,25,30,45,46,56,63,66,77,80,84,93,96,100" machi="46" ten="40,5200,0" yaku="25,2,8,1" doraHai="86" who="0" fromWho="3" sc="235,52,249,0,235,0,281,-52" /><INIT seed="3,0,0,5,5,11" ten="287,249,235,229" oya="3" hai0="63,55,33,46,132,5,127,29,110,57,91,130,92" hai1="74,50,100,56,51,115,27,94,122,66,112,76,23" hai2="4,20,106,73,17,87,70,105,120,135,39,81,77" hai3="80,30,9,48,65,28,107,118,52,89,134,37,22"/><W95/><G118/><T119/><D119/><U12/><E122/><V116/><F39/><W42/><G107/><T114/><D114/><U18/><E74/><V68/><F116/><W8/><G37/><T111/><D130/><U62/><E76/><V109/><F135/><W103/><G134/><T117/><D117/><U25/><E112/><V13/><F120/><W61/><G42/><T102/><D132/><U104/><E104/><V124/><F124/><W83/><G103/><T78/><D127/><U121/><E121/><V15/><F73/><W36/><G36/><T7/><D78/><U123/><E123/><V98/><F109/><N who="0" m="41482" /><D102/><U131/><E131/><V97/><F106/><W54/><G61/><T45/><D29/><N who="3" m="11369" /><G65/><T75/><D75/><U26/><E115/><V41/><F41/><W31/><G54/><T67/><D33/><U53/><E66/><V72/><F72/><W38/><G38/><T6/><D67/><U125/><E125/><V35/><F35/><W108/><G108/><T21/><D21/><U128/><E128/><V79/><F79/><W113/><G113/><T40/><D40/><U88/><E100/><V47/><F47/><N who="3" m="27679" /><G22/><T32/><D32/><U126/><E126/><V19/><F105/><W84/><N who="3" m="11377" /><W44/><DORA hai="0" /><G44/><T34/><D34/><U3/><E3/><V129/><F129/><W2/><G2/><T86/><AGARI ba="0,0" hai="5,6,7,45,46,55,57,63,86,91,92" m="41482" machi="86" ten="30,7900,0" yaku="14,1,52,3" doraHai="11,0" who="0" fromWho="0" sc="287,79,249,-20,235,-20,229,-39" owari="366,46.0,229,3.0,215,-18.0,190,-31.0" /></mjloggm>