<mjloggm ver="2.3"><GO type="41" lobby="0"/><UN n0="%E9%BA%BB%E9%9B%80%E3%82%AC%E3%83%81%E5%8B%A2" n1="%E5%B0%B1%E6%B4%BB%E7%94%9F%40%E5%B7%9D%E6%9D%91%E8%BB%8D%E5%9B%A3" n2="%6D%61%79%6F%6E%32" n3="%E3%82%A4%E3%83%B4%E3%82%AF%E3%82%A4%E3%83%83%E3%82%AF" dan="14,15,14,13" rate="1932.45,1960.12,1937.36,1912.03" sx="M,M,M,M"/><TAIKYOKU oya="0"/><INIT seed="0,0,0,2,3,68" ten="250,250,250,250" oya="0" hai0="46,38,21,30,111,66,119,129,1,102,93,81,84" hai1="101,0,103,131,57,56,71,28,112,121,98,95,39" hai2="108,104,9,50,26,37,8,15,82,76,42,54,88" hai3="90,52,94,83,10,3,45,12,4,85,73,47,134"/><T51/><D1/><U63/><E121/><V122/><F104/><W69/><G69/><T120/><D120/><U2/><E39/><V109/><F122/><W14/><G134/><T124/><D119/><U91/><E71/><V64/><F64/><W33/><G33/><T22/><D38/><U130/><E28/><V80/><F26/><W62/><G73/><T34/><D34/><U20/><E112/><V6/><F9/><W77/><G3/><N who="1" m="1066" /><E20/><V36/><F42/><W49/><G62/><T55/><D30/><U126/><E57/><N who="2" m="32983" /><F82/><W29/><G29/><T31/><D31/><U40/><E40/><V113/><F113/><W89/><G14/><T41/><D41/><U86/><E98/><V118/><F118/><W123/><G123/><T16/><D66/><N who="1" m="39271" /><E126/><V48/><F48/><N who="3" m="28687" /><G94/><T100/><D124/><U127/><E127/><V96/><F76/><W105/><G105/><T43/><D43/><AGARI ba="0,0" hai="4,10,12,43,47,49,77,83,85,89,90" m="28687" machi="43" ten="30,3900,0" yaku="25,1,8,1,54,1" doraHai="68" who="3" fromWho="0" sc="250,-39,250,0,250,0,250,39" /><INIT seed="1,0,0,5,0,65" ten="211,250,250,289" oya="1" hai0="54,52,101,19,34,18,117,32,109,133,11,93,68" hai1="94,43,61,126,35,48,91,63,36,33,102,73,76" hai2="107,96,21,97,98,53,64,12,115,79,95,84,24" hai3="57,77,10,59,47,20,2,82,125,42,38,37,66"/><U118/><E118/><V124/><F115/><W23/><G125/><T58/><D117/><U83/><E126/><V75/><F124/><W90/><G90/><T5/><D101/><U1/><E1/><V88/><F12/><W29/><G38/><T56/><D93/><U31/><E36/><V72/><F64/><W134/><G134/><T129/><D133/><U27/><E102/><V30/><F53/><W114/><G114/><T50/><D109/><U41/><E33/><V130/><F130/><W92/><G92/><T39/><D39/><U105/><E105/><V9/><F9/><W99/><G99/><T74/><D74/><U22/><E35/><V44/><F44/><W112/><G29/><T69/><D129/><U108/><E108/><V45/><F45/><W80/><G80/><T26/><D26/><U46/><REACH who="1" step="1"/><E41/><REACH who="1" ten="211,240,250,289" step="2"/><V100/><F75/><W40/><G40/><T62/><D34/><U120/><E120/><V86/><F86/><AGARI ba="0,1" hai="22,27,31,43,46,48,61,63,73,76,83,86,91,94" machi="86" ten="30,5800,0" yaku="1,1,7,1,53,1" doraHai="65" doraHaiUra="16" who="1" fromWho="2" sc="211,0,240,68,250,-58,289,0" /><INIT seed="1,1,0,0,2,26" ten="211,308,192,289" oya="1" hai0="22,119,57,46,95,50,41,34,13,24,116,78,130" hai1="80,120,14,111,65,51,133,113,39,101,66,83,15" hai2="72,96,67,64,21,1,109,18,121,32,132,89,104" hai3="23,118,71,98,128,122,91,11,90,127,56,70,125"/><U35/><E120/><V86/><F32/><W20/><G122/><T68/><D68/><U99/><E39/><V106/><F1/><W77/><G77/><T112/><D112/><U55/><E113/><V6/><F72/><W4/><G118/><T60/><D130/><U129/><E35/><V28/><F121/><W3/><G128/><T37/><D78/><U48/><E129/><V47/><F132/><W17/><G56/><T102/><D13/><U85/><E133/><V131/><F131/><W115/><G23/><T110/><D34/><U123/><E123/><V117/><F117/><W87/><G98/><T53/><D110/><U9/><E51/><V82/><F6/><W44/><G44/><T81/><D81/><U107/><E80/><V29/><F47/><W52/><G91/><T10/><D10/><U61/><E111/><V5/><F5/><W103/><G103/><T92/><D102/><U97/><E97/><V12/><F109/><W33/><G33/><T58/><D116/><U62/><E15/><V31/><REACH who="2" step="1"/><F96/><REACH who="2" ten="211,308,182,289" step="2"/><W69/><G115/><T76/><D119/><U79/><E66/><AGARI ba="1,1" hai="12,18,21,28,29,31,64,66,67,82,86,89,104,106" machi="66" ten="40,8000,1" yaku="1,1,2,1,52,3,53,0" doraHai="26" doraHaiUra="40" who="2" fromWho="1" sc="211,0,308,-83,182,93,289,0" /><INIT seed="2,0,0,1,1,35" ten="211,225,275,289" oya="2" hai0="133,33,130,93,46,77,113,57,1,43,2,65,22" hai1="125,120,30,28,124,10,117,48,6,89,58,42,78" hai2="110,26,11,5,13,62,100,96,106,116,20,9,41" hai3="67,52,61,25,84,31,118,12,55,123,83,32,7"/><V129/><F116/><W103/><G123/><T119/><D33/><U23/><E117/><V27/><F129/><W59/><G118/><T127/><D119/><U128/><E120/><V66/><F110/><W8/><REACH who="3" step="1"/><G103/><REACH who="3" ten="211,225,275,279" step="2"/><T131/><D113/><U79/><E128/><V63/><F41/><W81/><G81/><T86/><D131/><U90/><E42/><V102/><F102/><W50/><G50/><T37/><D130/><U115/><E48/><V16/><F66/><W82/><G82/><T70/><D65/><U44/><E115/><V36/><F36/><W111/><G111/><T135/><D127/><U126/><E124/><V109/><F109/><W60/><G60/><T64/><D70/><U99/><E125/><V21/><REACH who="2" step="1"/><F11/><REACH who="2" ten="211,225,265,279" step="2"/><W88/><AGARI ba="0,2" hai="7,8,12,25,31,32,52,55,59,61,67,83,84,88" machi="88" ten="20,8000,1" yaku="1,1,0,1,7,1,54,2,53,0" doraHai="35" doraHaiUra="39" who="3" fromWho="3" sc="211,-20,225,-20,265,-40,279,100" /><INIT seed="3,0,0,1,0,104" ten="191,205,225,379" oya="3" hai0="113,18,91,66,22,65,9,107,77,86,120,133,115" hai1="94,21,12,75,64,100,20,63,48,125,61,47,89" hai2="78,128,130,106,42,69,30,83,111,73,82,124,35" hai3="79,90,57,41,117,34,132,54,4,53,98,11,88"/><W15/><G117/><T97/><D120/><U108/><E108/><V2/><F111/><W96/><G34/><T81/><D9/><U1/><E1/><V118/><F118/><W102/><G132/><T29/><D29/><U114/><E75/><V44/><F106/><W17/><G41/><T127/><D133/><U74/><E74/><V45/><F124/><W28/><G28/><T112/><D127/><U80/><E114/><V110/><F110/><W122/><G122/><T6/><D6/><U25/><E100/><V131/><F69/><W123/><G79/><T99/><D107/><U119/><E80/><V62/><F62/><W93/><G123/><T103/><D103/><U8/><E119/><V51/><F83/><W23/><G98/><N who="0" m="37387" /><D91/><N who="3" m="34857" /><G57/><T72/><D72/><U135/><E135/><V52/><F2/><W68/><G68/><T134/><D134/><U13/><E125/><V33/><REACH who="2" step="1"/><F30/><REACH who="2" ten="191,205,215,379" step="2"/><W14/><AGARI ba="0,1" hai="4,11,14,15,17,23,53,54,93,96,102" m="34857" machi="14" ten="30,3000,0" yaku="8,1,54,1" doraHai="104" who="3" fromWho="3" sc="191,-10,205,-10,215,-10,379,40" /><INIT seed="3,1,0,2,4,103" ten="181,195,205,419" oya="3" hai0="73,97,38,4,52,83,59,71,134,31,119,75,70" hai1="125,127,96,128,92,3,74,12,131,56,77,48,76" hai2="62,42,78,133,20,30,63,23,5,39,111,6,28" hai3="15,68,93,14,60,57,2,36,98,53,107,110,94"/><W41/><G2/><T100/><D38/><U87/><E3/><V34/><F78/><N who="1" m="30313" /><E12/><V104/><F42/><W16/><G68/><T25/><D119/><U121/><E56/><V17/><F17/><W91/><G94/><T45/><D134/><U35/><E48/><V40/><F40/><W122/><G122/><T72/><D4/><U11/><E11/><V116/><F116/><W37/><G14/><T46/><D83/><U120/><E74/><V117/><F117/><W27/><G110/><T22/><D71/><U1/><E87/><V9/><F9/><W50/><G50/><T101/><D70/><U24/><E24/><V49/><F49/><W114/><G114/><T32/><D100/><N who="1" m="60423" /><E1/><V115/><F115/><W113/><G113/><T64/><D32/><U67/><E67/><V79/><F111/><W82/><G41/><T61/><REACH who="0" step="1"/><D64/><REACH who="0" ten="171,195,205,419" step="2"/><U109/><E35/><V102/><F39/><W66/><G66/><T126/><D126/><N who="1" m="48139" /><E109/><V124/><F124/><W132/><G37/><T89/><D89/><U85/><E85/><V106/><F34/><W26/><G36/><T118/><D118/><U86/><E86/><V99/><F133/><W58/><G132/><T44/><D44/><U69/><E69/><V80/><F6/><W105/><G58/><T0/><D0/><U88/><E88/><V19/><F5/><W135/><G135/><T54/><D54/><U43/><E43/><V55/><F55/><W81/><G53/><T51/><D51/><U18/><E18/><V13/><F79/><W130/><G16/><T95/><AGARI ba="1,1" hai="22,25,31,45,46,52,59,61,72,73,75,95,97,101" machi="95" ten="30,4000,0" yaku="1,1,0,1,54,1,53,0" doraHai="103" doraHaiUra="129" who="0" fromWho="0" sc="171,53,195,-11,205,-11,419,-21" /><INIT seed="4,0,0,0,3,17" ten="224,184,194,398" oya="0" hai0="98,68,5,89,86,34,35,8,32,117,123,101,62" hai1="91,22,121,120,51,58,116,106,69,102,43,25,128" hai2="83,41,103,65,97,60,9,14,76,48,80,2,133" hai3="42,100,132,95,46,109,134,105,74,113,45,72,93"/><T21/><D117/><U13/><E69/><V54/><F2/><W71/><G113/><T59/><D68/><U107/><E116/><V111/><F111/><W3/><G71/><T63/><D123/><U90/><E128/><V129/><F129/><W19/><G109/><T67/><D63/><U7/><E120/><V77/><F41/><W1/><G105/><T64/><D64/><U73/><E73/><N who="3" m="28266" /><G100/><T39/><D21/><U55/><E121/><V75/><F133/><N who="3" m="51307" /><G19/><T11/><D39/><U16/><E43/><V110/><F110/><W23/><G23/><T122/><D122/><U44/><E107/><V79/><F65/><W56/><G56/><T104/><REACH who="0" step="1"/><D5/><REACH who="0" ten="214,184,194,398" step="2"/><U15/><E7/><N who="2" m="3391" /><F60/><W78/><G3/><T29/><D29/><U20/><E20/><V4/><F4/><W50/><G1/><T87/><D87/><U0/><E0/><V127/><F75/><W40/><G78/><T37/><D37/><AGARI ba="0,1" hai="37,40,42,45,46,50,93,95" m="51307,28266" machi="37" ten="30,1000,0" yaku="20,1" doraHai="17" who="3" fromWho="0" sc="214,-10,184,0,194,0,398,20" /><INIT seed="5,0,0,3,1,52" ten="204,184,194,418" oya="1" hai0="62,36,96,46,93,45,22,78,105,48,125,53,26" hai1="69,86,108,29,98,110,3,12,18,131,82,19,124" hai2="81,92,21,33,100,99,28,10,113,129,85,37,32" hai3="72,71,91,135,35,95,130,74,101,9,7,111,106"/><U31/><E69/><V30/><F37/><W117/><G111/><N who="1" m="42538" /><E98/><V66/><F129/><W14/><G130/><T6/><D125/><U56/><E131/><V94/><F10/><W15/><G35/><T79/><D105/><U89/><E3/><V60/><F113/><W2/><G71/><T126/><D126/><U23/><E124/><V59/><F94/><W119/><G101/><N who="0" m="60559" /><D36/><U83/><E83/><V47/><F47/><N who="0" m="17930" /><D6/><U17/><E56/><V112/><F112/><W128/><G135/><T116/><D62/><U4/><E23/><V41/><F41/><W39/><G39/><T120/><D120/><U54/><E54/><V97/><F97/><W90/><G106/><T127/><D116/><N who="3" m="44617" /><G91/><T109/><D109/><U25/><E25/><N who="2" m="16431" /><F30/><W122/><G122/><T134/><D134/><U11/><AGARI ba="0,0" hai="4,11,12,17,18,19,29,31,82,86,89" m="42538" machi="11" ten="40,2100,0" yaku="10,1" doraHai="52" who="1" fromWho="1" sc="204,-7,184,21,194,-7,418,-7" /><INIT seed="5,1,0,3,4,100" ten="197,205,187,411" oya="1" hai0="122,36,84,118,82,78,26,98,102,48,95,112,130" hai1="109,39,108,71,1,105,86,7,18,74,72,15,128" hai2="23,115,51,58,107,62,99,11,70,129,79,101,20" hai3="63,119,21,34,123,124,54,50,0,64,83,61,42"/><U59/><E71/><V97/><F70/><W30/><G123/><T9/><D36/><U94/><E39/><V31/><F51/><W114/><G34/><T133/><D118/><U13/><E128/><V73/><F129/><W126/><G0/><T106/><D130/><U5/><E1/><V22/><F115/><W8/><G119/><T132/><D112/><U92/><E59/><V110/><F110/><N who="1" m="42601" /><E105/><V69/><F69/><W96/><G42/><T60/><D48/><U121/><E121/><V90/><F11/><W113/><G8/><T77/><D60/><U89/><E94/><V17/><F31/><W49/><G83/><N who="0" m="47215" /><D9/><N who="1" m="4271" /><E7/><V75/><F17/><W44/><G96/><N who="0" m="61767" /><D26/><U38/><E38/><V76/><F75/><W4/><G4/><T117/><D117/><U40/><E40/><V19/><F19/><W3/><G3/><T37/><D37/><U103/><E103/><V16/><F16/><W66/><G30/><T81/><D122/><U10/><AGARI ba="1,0" hai="10,15,18,72,74,86,89,92" m="4271,42601" machi="10" ten="30,1500,0" yaku="10,1" doraHai="100" who="1" fromWho="1" sc="197,-6,205,18,187,-6,411,-6" /><INIT seed="5,2,0,1,5,46" ten="191,223,181,405" oya="1" hai0="47,56,132,96,114,50,70,112,15,104,8,99,94" hai1="74,31,29,117,24,78,28,97,121,125,64,59,7" hai2="17,91,95,129,80,124,127,4,115,11,92,1,122" hai3="86,89,68,72,32,103,73,90,66,120,18,57,67"/><U77/><E117/><V36/><F36/><W6/><G120/><T5/><D70/><U79/><E121/><V42/><F122/><W3/><G32/><T49/><D104/><U83/><E125/><N who="2" m="48203" /><F129/><W85/><G68/><T71/><D71/><U61/><E7/><V102/><F115/><N who="0" m="44074" /><D132/><U16/><REACH who="1" step="1"/><E97/><REACH who="1" ten="191,213,181,405" step="2"/><N who="2" m="59687" /><F4/><W60/><G6/><T38/><D99/><U48/><E48/><N who="0" m="18537" /><D38/><U111/><E111/><V40/><F1/><W106/><G3/><T10/><D47/><U81/><E81/><V128/><F42/><W52/><G60/><T65/><D5/><U34/><E34/><V41/><F40/><W45/><G45/><T58/><D65/><U9/><E9/><N who="0" m="3689" /><D15/><U113/><E113/><V134/><F41/><W88/><G67/><T131/><D131/><U53/><E53/><V126/><F128/><W21/><G52/><T43/><D43/><U105/><E105/><V0/><F126/><W84/><G66/><T107/><D107/><U69/><E69/><V55/><F11/><W108/><G108/><T119/><D119/><U12/><E12/><V116/><F116/><W63/><G63/><T54/><D54/><U33/><E33/><V35/><F55/><W118/><G118/><T82/><D82/><U37/><E37/><V26/><F35/><W23/><G106/><T123/><D123/><U130/><E130/><V44/><F80/><W14/><G14/><T109/><D109/><U75/><E75/><V25/><F44/><W76/><G73/><T39/><D39/><U22/><AGARI ba="2,1" hai="16,22,24,28,29,31,59,61,64,74,77,78,79,83" machi="22" ten="30,11700,0" yaku="1,1,0,1,54,1,53,1" doraHai="46" doraHaiUra="62" who="1" fromWho="1" sc="191,-41,213,133,181,-41,405,-41" /><INIT seed="5,3,0,5,1,71" ten="150,346,140,364" oya="1" hai0="55,41,124,87,75,121,104,28,60,8,113,29,79" hai1="103,54,93,98,32,65,126,48,35,109,114,1,85" hai2="12,117,47,83,6,43,95,78,3,110,20,24,72" hai3="131,30,11,92,69,81,36,4,21,22,111,82,17"/><U99/><E1/><V16/><F117/><W120/><G120/><T56/><D104/><U40/><E114/><V51/><F110/><W19/><G111/><T132/><D113/><U77/><E126/><V66/><F66/><W80/><G69/><T0/><D124/><U59/><E109/><V63/><F63/><W86/><G131/><T42/><D75/><U119/><E119/><V25/><REACH who="2" step="1"/><F95/><REACH who="2" ten="150,346,130,364" step="2"/><W23/><G92/><T18/><D121/><U130/><E65/><V129/><F129/><W53/><G30/><N who="0" m="11883" /><D132/><U107/><E130/><V115/><F115/><W91/><G53/><T14/><D0/><U57/><E93/><V84/><F84/><W52/><G52/><T89/><D79/><U68/><E85/><V37/><F37/><W33/><G36/><T106/><D106/><U105/><E77/><V108/><F108/><W44/><G81/><AGARI ba="3,1" hai="8,14,18,41,42,55,56,60,81,87,89" m="11883" machi="81" ten="30,1000,0" yaku="8,1" doraHai="71" who="0" fromWho="3" sc="150,29,346,0,130,0,364,-19" /><INIT seed="6,0,0,2,1,63" ten="179,346,130,345" oya="2" hai0="133,124,76,0,49,109,105,112,59,134,51,126,57" hai1="97,67,21,55,91,101,61,115,72,31,4,16,71" hai2="92,84,85,65,56,13,108,22,89,40,127,86,9" hai3="99,53,11,30,122,27,60,125,26,47,95,77,58"/><V42/><F108/><W98/><G122/><T32/><D105/><U12/><E72/><V131/><F131/><W69/><G69/><T36/><D32/><U107/><E115/><V135/><F135/><N who="0" m="51722" /><D0/><U68/><E4/><V34/><F34/><W37/><G125/><N who="0" m="48235" /><D109/><U75/><E75/><V50/><F127/><W123/><G123/><T48/><D112/><U45/><E31/><V41/><F22/><W88/><G77/><T28/><D36/><U35/><E35/><V39/><F39/><W82/><G82/><T43/><D28/><U87/><E71/><V110/><F110/><W74/><G74/><T17/><D76/><U19/><E19/><V1/><F1/><W23/><G11/><T14/><D43/><U66/><E68/><V120/><F120/><W100/><G37/><T54/><D54/><U106/><E106/><V113/><F113/><W121/><G121/><T24/><D24/><U94/><E61/><N who="2" m="38055" /><F50/><N who="0" m="12802" /><T96/><DORA hai="93" /><D96/><U103/><E55/><V62/><F62/><W78/><G78/><T15/><D17/><AGARI ba="0,0" hai="9,13,17,40,41,42,84,85,86,89,92" m="38055" machi="17" ten="30,2900,0" yaku="8,1,52,1" doraHai="63,93" who="2" fromWho="0" sc="179,-29,346,0,130,29,345,0" /><INIT seed="6,1,0,0,4,88" ten="150,346,159,345" oya="2" hai0="129,119,116,43,70,90,28,112,109,64,96,115,31" hai1="68,62,0,135,80,69,17,85,40,113,98,72,37" hai2="73,36,106,21,121,128,76,5,132,87,124,84,45" hai3="55,94,29,16,9,77,65,22,50,82,91,134,117"/><V125/><F106/><W107/><G107/><T126/><D43/><U44/><E72/><V25/><F121/><W11/><G117/><N who="0" m="45131" /><D109/><U74/><E74/><V19/><F5/><W53/><G29/><N who="0" m="11339" /><D126/><N who="2" m="48746" /><F128/><W30/><G30/><T75/><D75/><U48/><E0/><V49/><F132/><W101/><G134/><T52/><D129/><U110/><E110/><V66/><F66/><W34/><G34/><T120/><D120/><U123/><E123/><V23/><F23/><W63/><G101/><T12/><D12/><U89/><E135/><V105/><F105/><W3/><G3/><T41/><D41/><U6/><E113/><N who="0" m="43593" /><D64/><U47/><E6/><V2/><F2/><W20/><G65/><T114/><D70/><U102/><E62/><V133/><F133/><W78/><G63/><T54/><N who="0" m="43601" /><T111/><DORA hai="42" /><D111/><U7/><E7/><V127/><N who="2" m="48754" /><V14/><DORA hai="4" /><F36/><W8/><G22/><T93/><AGARI ba="1,0" hai="52,54,90,93,96" m="43601,11339,45131" machi="93" ten="50,8000,1" yaku="12,1,15,1,52,1,54,1" doraHai="88,42,4" who="0" fromWho="0" sc="150,83,346,-21,159,-41,345,-21" /><INIT seed="7,0,0,5,4,12" ten="233,325,118,324" oya="3" hai0="119,101,50,106,88,13,107,6,51,127,77,70,19" hai1="39,97,110,135,43,4,9,34,61,90,11,54,124" hai2="21,115,62,108,25,111,32,53,92,81,58,67,86" hai3="28,120,104,72,76,26,122,42,100,2,114,49,65"/><W96/><G114/><T7/><D119/><U64/><E110/><V121/><F121/><W91/><G91/><T47/><D70/><U69/><E34/><V63/><F115/><W80/><G2/><T14/><D127/><U82/><E124/><V40/><F40/><W1/><G1/><T93/><D77/><U20/><E135/><V89/><F32/><N who="3" m="20503" /><G49/><N who="0" m="18443" /><D106/><U98/><E54/><V109/><F81/><W55/><G55/><T105/><D105/><U117/><E117/><V125/><F125/><W95/><G95/><T29/><D107/><U130/><E130/><V18/><REACH who="2" step="1"/><F111/><REACH who="2" ten="233,325,108,324" step="2"/><W30/><G42/><T48/><D101/><U131/><E43/><V3/><F3/><W68/><G30/><T45/><D45/><U35/><E82/><V132/><F132/><W5/><G5/><N who="0" m="1547" /><D29/><U128/><E35/><V129/><F129/><W126/><G126/><T60/><D47/><U31/><E128/><V38/><F38/><W0/><G0/><T52/><D93/><U57/><E39/><V87/><F87/><W75/><G75/><T102/><D102/><U78/><E131/><V36/><F36/><W33/><G33/><T103/><D103/><U99/><E4/><V113/><F113/><W133/><G133/><T73/><D73/><U83/><E31/><V66/><F66/><W85/><G85/><T15/><D19/><U16/><E16/><V123/><F123/><W118/><G118/><T84/><D52/><U46/><E46/><V59/><AGARI ba="0,1" hai="18,21,25,53,58,59,62,63,67,86,89,92,108,109" machi="59" ten="20,5200,0" yaku="1,1,0,1,7,1,52,1,53,0" doraHai="12" doraHaiUra="94" who="2" fromWho="2" sc="233,-13,325,-13,108,62,324,-26" owari="220,-18.0,312,41.0,170,-33.0,298,10.0" /></mjloggm>