<mjloggm ver="2.3"><GO type="169" lobby="0"/><UN n0="%E3%81%BE%E3%83%BC%E3%81%95%EF%BC%A0%EF%BC%92%EF%BC%91" n1="%E5%B0%B1%E6%B4%BB%E7%94%9F%40%E5%B7%9D%E6%9D%91%E8%BB%8D%E5%9B%A3" n2="%E9%BB%92%E7%8C%AB%EF%BC%BE%EF%BC%8D%EF%BC%BE" n3="%2A%E3%81%B6%E3%81%A3%E3%81%A1%2A" dan="17,17,16,17" rate="2143.93,2118.72,2163.89,2158.24" sx="M,M,M,M"/><TAIKYOKU oya="0"/><INIT seed="0,0,0,5,4,103" ten="250,250,250,250" oya="0" hai0="25,74,19,105,72,43,6,4,108,110,112,17,122" hai1="57,73,24,98,88,0,32,78,133,69,96,113,13" hai2="81,131,77,11,92,62,66,101,125,124,15,132,126" hai3="23,52,58,79,121,27,61,63,85,55,33,82,9"/><T31/><D112/><U54/><E0/><V128/><F92/><W56/><G121/><T83/><D43/><U127/><E69/><V70/><F101/><W97/><G33/><T86/><D122/><U5/><E113/><V114/><F114/><W106/><G9/><T10/><D86/><U3/><E3/><V30/><F30/><W35/><G35/><T95/><D95/><U89/><E133/><V107/><F107/><W135/><G135/><T65/><D65/><U76/><E127/><V93/><F93/><W2/><G2/><T29/><D83/><U47/><E47/><V67/><F67/><W34/><G34/><T50/><D50/><U104/><E24/><V68/><F68/><W39/><G39/><T45/><D45/><U22/><E32/><V102/><F102/><W51/><G97/><N who="1" m="37482" /><E104/><V80/><F132/><W116/><G116/><T123/><D123/><U71/><E71/><V42/><F42/><W130/><G106/><T14/><D105/><U40/><E40/><V53/><F53/><W49/><REACH who="3" step="1"/><G130/><REACH who="3" ten="250,250,250,240" step="2"/><N who="2" m="49705" /><F77/><W21/><G21/><N who="0" m="13503" /><D74/><U100/><E22/><V129/><F129/><W18/><AGARI ba="0,1" hai="18,23,27,49,51,52,55,56,58,61,63,79,82,85" machi="18" ten="20,12000,2" yaku="1,1,0,1,7,1,9,1,8,1,54,1,53,0" doraHai="103" doraHaiUra="117" who="3" fromWho="3" sc="250,-60,250,-30,250,-30,240,130" /><INIT seed="1,0,0,4,2,19" ten="190,220,220,370" oya="1" hai0="72,112,127,22,76,64,119,57,36,6,78,128,21" hai1="8,2,91,42,26,102,79,69,48,90,18,81,5" hai2="38,92,31,67,55,62,20,122,10,109,108,107,134" hai3="56,44,133,58,99,61,114,66,32,117,115,94,37"/><U50/><E69/><V14/><F107/><W11/><G32/><T15/><D112/><U98/><E26/><N who="2" m="16839" /><F38/><W34/><G34/><T103/><D119/><U28/><E28/><V53/><F122/><W75/><G75/><T41/><D72/><U40/><E18/><N who="2" m="8535" /><F92/><W83/><G83/><T88/><D103/><U111/><E111/><N who="2" m="42571" /><F134/><W16/><G133/><T74/><D74/><U54/><E48/><V84/><F84/><W13/><G117/><T120/><D120/><U63/><E63/><V51/><F51/><W97/><G58/><AGARI ba="0,0" hai="53,55,58,62,67" m="42571,8535,16839" machi="58" ten="30,2000,0" yaku="14,1,52,1" doraHai="19" who="2" fromWho="3" sc="190,0,220,0,220,20,370,-20" /><INIT seed="2,0,0,3,4,30" ten="190,220,240,350" oya="2" hai0="121,10,66,51,100,41,73,126,39,84,38,92,71" hai1="133,88,20,48,32,78,33,60,108,27,90,124,95" hai2="128,70,122,106,102,35,68,76,19,5,23,16,125" hai3="55,127,111,120,82,105,69,26,79,101,45,9,34"/><V107/><F122/><W103/><G120/><T85/><D121/><U135/><E124/><V58/><F5/><W63/><G127/><T129/><D73/><U86/><E108/><V57/><F125/><W29/><G111/><T49/><D71/><U40/><E78/><V61/><F76/><W89/><G89/><T3/><D66/><U113/><E113/><V117/><F102/><W104/><G9/><T94/><D10/><U0/><E0/><V31/><F23/><W17/><G17/><T91/><D41/><U83/><E60/><V93/><F93/><W74/><G101/><T87/><D100/><U97/><E48/><V98/><F98/><N who="3" m="61559" /><G45/><T24/><D129/><U4/><E40/><V18/><F128/><W130/><G55/><T110/><D110/><U15/><E15/><V8/><F8/><W42/><G42/><T115/><D3/><U80/><E80/><V75/><F75/><W116/><G130/><T43/><D43/><U28/><REACH who="1" step="1"/><E4/><REACH who="1" ten="190,210,240,350" step="2"/><V62/><F62/><W21/><G63/><T119/><D49/><U114/><E114/><V1/><F1/><W50/><G82/><T118/><D51/><U6/><E6/><V65/><F61/><W123/><G50/><T131/><D115/><U59/><E59/><V12/><F58/><W37/><G79/><T44/><D126/><U56/><E56/><V81/><F57/><W11/><G69/><T77/><D77/><U72/><E72/><V47/><F70/><W53/><G74/><T54/><D131/><U109/><E109/><V13/><F68/><W46/><G123/><T36/><D36/><RYUUKYOKU ba="0,1" sc="190,-10,210,30,240,-10,350,-10" hai1="20,27,28,32,33,83,86,88,90,95,97,133,135" /><INIT seed="3,1,1,3,1,64" ten="180,240,230,340" oya="3" hai0="16,44,37,76,24,25,14,129,104,122,86,121,39" hai1="12,120,84,33,124,134,99,22,49,6,80,51,85" hai2="52,23,88,38,131,66,130,60,94,62,54,100,72" hai3="73,4,107,123,26,63,40,114,95,79,87,18,83"/><W34/><G123/><T108/><D104/><U70/><E33/><V65/><F72/><W135/><G114/><T45/><D108/><U55/><E70/><N who="2" m="42279" /><F100/><W113/><G113/><T133/><D133/><U29/><E120/><V81/><F81/><W58/><G135/><T67/><D67/><U91/><E124/><V116/><F23/><W1/><G107/><T28/><D86/><U42/><E99/><V30/><F30/><W111/><G40/><T35/><D76/><U127/><E127/><V106/><F106/><W0/><G4/><T31/><D14/><U17/><E29/><V46/><F116/><W5/><G5/><T78/><D78/><U2/><E2/><V102/><F102/><W126/><G126/><T103/><D103/><U132/><E6/><V109/><F109/><W59/><G59/><T101/><D101/><U7/><E7/><V105/><F105/><W110/><G110/><T77/><D77/><U69/><E85/><V57/><F88/><W119/><G119/><T56/><D56/><U36/><E69/><V117/><F94/><W128/><G111/><T125/><D125/><U11/><E22/><V10/><F10/><W68/><G68/><T90/><D90/><U32/><E32/><V96/><F96/><W20/><G34/><T8/><D35/><U53/><E132/><V9/><F9/><W97/><G87/><T48/><D8/><U15/><E15/><V82/><F82/><W115/><G115/><T21/><D122/><U71/><E71/><V27/><F27/><W3/><G26/><T13/><D121/><U19/><E134/><RYUUKYOKU ba="1,1" sc="180,0,240,0,230,0,340,0" /><INIT seed="4,2,1,5,0,92" ten="180,240,230,340" oya="0" hai0="9,123,55,8,74,37,79,29,16,78,35,110,93" hai1="43,70,120,19,124,45,71,57,76,126,1,66,62" hai2="86,23,130,131,5,33,40,41,85,38,101,28,13" hai3="15,105,104,22,117,96,97,27,65,59,39,111,6"/><T46/><D123/><U63/><E1/><V49/><F38/><W106/><G39/><T135/><D135/><U122/><E19/><N who="2" m="10735" /><F5/><W36/><G36/><T25/><D110/><U3/><E3/><V133/><F133/><W51/><G117/><T48/><D37/><N who="1" m="21743" /><E76/><V83/><F101/><W64/><G111/><T20/><D93/><U60/><E60/><V69/><F69/><N who="1" m="26121" /><E63/><V61/><F61/><W17/><G51/><T44/><D44/><U31/><E31/><V132/><F132/><W18/><G6/><T26/><REACH who="0" step="1"/><D79/><REACH who="0" ten="170,240,230,340" step="2"/><U0/><E0/><V88/><F41/><W128/><G105/><T68/><D68/><U4/><E4/><V102/><F40/><W7/><G106/><T56/><D56/><U80/><E80/><AGARI ba="2,2" hai="8,9,16,20,25,26,29,35,46,48,55,74,78,80" machi="80" ten="40,3900,0" yaku="1,1,54,1,53,0" doraHai="92" doraHaiUra="82" who="0" fromWho="1" sc="170,65,240,-45,230,0,340,0" /><INIT seed="4,3,0,3,0,97" ten="235,195,230,340" oya="0" hai0="85,76,38,107,25,110,11,106,96,128,16,59,26" hai1="60,114,28,54,5,99,27,34,31,42,125,65,48" hai2="64,3,72,117,56,123,115,7,77,12,57,52,88" hai3="61,36,19,122,30,62,37,134,6,45,81,9,80"/><T109/><D38/><U133/><E28/><V17/><F123/><W86/><G122/><T24/><D128/><U75/><E75/><V67/><F77/><W129/><G129/><T92/><D59/><U74/><E74/><V98/><F72/><W8/><G134/><T10/><D85/><U132/><E42/><V53/><F7/><W47/><G30/><T79/><D92/><U29/><E29/><V20/><F3/><W93/><G6/><T126/><D126/><U55/><E125/><V14/><F115/><W100/><G86/><T118/><D118/><U63/><E114/><V101/><F88/><W131/><G93/><T82/><D82/><U89/><E5/><V91/><F91/><W21/><G131/><T68/><D68/><U111/><E111/><N who="0" m="42505" /><D96/><U102/><E89/><V40/><F40/><W70/><G21/><T121/><D121/><U50/><E63/><V135/><F14/><W84/><G84/><T66/><D66/><U73/><E73/><V0/><F0/><W22/><G22/><T90/><D90/><U18/><E132/><V127/><F117/><W1/><G70/><T58/><D58/><U13/><E133/><V104/><F135/><W69/><G69/><T43/><D43/><U112/><E112/><V124/><F124/><W33/><G1/><T41/><D41/><U94/><E65/><V35/><F35/><W44/><G33/><T113/><D113/><U108/><E108/><V4/><F127/><W120/><G120/><T130/><D130/><U119/><E119/><V78/><F67/><W116/><G116/><T83/><D79/><RYUUKYOKU ba="3,0" sc="235,0,195,0,230,0,340,0" /><INIT seed="5,4,0,5,3,86" ten="235,195,230,340" oya="1" hai0="85,24,39,112,76,67,95,124,91,36,115,84,19" hai1="97,51,80,0,103,10,49,121,78,61,29,1,60" hai2="120,74,37,23,50,58,28,8,7,113,65,64,81" hai3="116,30,13,12,69,18,107,104,46,21,111,63,92"/><U52/><E121/><V70/><F37/><W5/><G111/><T68/><D124/><U94/><E49/><V118/><F120/><W130/><G130/><T134/><D134/><U128/><E29/><V41/><F118/><W105/><G116/><T3/><D3/><U110/><E128/><V45/><F70/><W117/><G117/><T123/><D123/><U73/><E110/><V14/><F74/><W56/><G69/><T31/><D19/><U42/><E42/><V125/><F125/><W32/><G46/><T33/><D67/><U43/><E43/><V88/><F58/><W106/><G107/><T126/><D68/><U9/><E9/><V34/><F34/><W131/><G131/><T132/><D132/><U35/><E35/><V2/><F113/><N who="0" m="43594" /><D126/><U17/><E17/><V87/><REACH who="2" step="1"/><F2/><REACH who="2" ten="235,195,220,340" step="2"/><W101/><G32/><T72/><D72/><U6/><REACH who="1" step="1"/><E1/><REACH who="1" ten="235,185,220,340" step="2"/><V82/><F82/><AGARI ba="4,2" hai="24,31,33,36,39,76,82,84,85,91,95" m="43594" machi="82" ten="30,2000,0" yaku="15,1,52,1" doraHai="86" who="0" fromWho="2" sc="235,52,185,0,220,-32,340,0" /><INIT seed="6,0,0,1,2,41" ten="287,185,188,340" oya="2" hai0="78,102,31,60,72,52,16,50,89,53,85,34,8" hai1="48,37,9,22,88,69,109,80,75,11,92,17,49" hai2="86,121,97,122,12,93,33,5,81,61,76,63,6" hai3="7,43,32,28,13,46,0,113,1,79,123,116,77"/><V21/><F33/><W18/><G123/><T42/><D102/><U36/><E69/><V120/><F6/><W26/><G116/><T133/><D133/><U118/><E109/><V107/><F107/><W98/><G98/><T126/><D126/><U103/><E118/><V91/><REACH who="2" step="1"/><F21/><REACH who="2" ten="287,185,178,340" step="2"/><N who="3" m="11471" /><G113/><T111/><D34/><U101/><E11/><AGARI ba="0,1" hai="5,11,12,61,63,76,81,86,91,93,97,120,121,122" machi="11" ten="40,2000,0" yaku="1,1,53,0" doraHai="41" doraHaiUra="127" who="2" fromWho="1" sc="287,0,185,-20,178,30,340,0" /><INIT seed="6,1,0,5,1,63" ten="287,165,208,340" oya="2" hai0="35,30,131,59,33,122,69,110,27,97,31,81,17" hai1="74,103,19,93,14,94,3,89,40,79,119,56,65" hai2="126,41,20,125,68,121,64,0,34,109,129,113,21" hai3="48,23,73,42,16,50,112,10,45,114,53,24,75"/><V1/><F121/><W52/><G10/><T38/><D110/><U82/><E3/><N who="2" m="1099" /><F41/><W70/><G70/><T108/><D108/><U62/><E119/><V32/><F109/><W2/><G2/><T98/><D122/><U9/><E40/><V67/><F68/><W117/><G117/><T51/><D38/><U58/><E103/><V104/><F104/><W106/><G106/><T43/><D69/><U107/><E107/><V26/><F113/><N who="3" m="43627" /><G50/><T13/><D81/><U72/><E94/><V28/><F129/><W39/><G53/><T6/><D6/><U123/><E123/><V5/><F5/><W54/><G54/><T37/><D37/><U78/><E58/><AGARI ba="1,0" hai="16,23,24,39,42,45,48,52,58,73,75" m="43627" machi="58" ten="30,7700,0" yaku="15,1,11,1,54,2" doraHai="63" who="3" fromWho="1" sc="287,0,165,-80,208,0,340,80" /><INIT seed="7,0,0,2,5,78" ten="287,85,208,420" oya="3" hai0="105,124,26,130,129,113,103,8,49,3,39,89,119" hai1="98,4,44,28,63,60,58,83,61,5,117,127,71" hai2="64,30,62,13,74,132,97,99,50,96,37,38,1" hai3="88,32,25,15,84,79,41,82,81,76,7,23,31"/><W135/><G135/><T36/><D119/><U106/><E71/><V104/><F1/><W73/><G41/><T92/><D124/><U6/><E127/><V134/><F104/><W11/><REACH who="3" step="1"/><G79/><REACH who="3" ten="287,85,208,410" step="2"/><T77/><D77/><U69/><E117/><V35/><F134/><W70/><G70/><T18/><D130/><U86/><E69/><V133/><F133/><W34/><AGARI ba="0,1" hai="7,11,15,23,25,31,32,34,73,76,81,82,84,88" machi="34" ten="30,12000,1" yaku="1,1,0,1,52,2,54,1,53,0" doraHai="78" doraHaiUra="102" who="3" fromWho="3" sc="287,-40,85,-40,208,-40,410,130" owari="247,5.0,45,-45.0,168,-23.0,540,63.0" /></mjloggm>