<mjloggm ver="2.3"><GO type="41" lobby="0"/><UN n0="%46%69%72%65%53%69%67%6E" n1="%E5%B0%B1%E6%B4%BB%E7%94%9F%40%E5%B7%9D%E6%9D%91%E8%BB%8D%E5%9B%A3" n2="%E3%83%9F%E3%83%89%E3%83%AA%E3%82%B4%E3%82%B1" n3="%68%61%6C%61%73%79" dan="14,16,15,15" rate="1898.58,2143.39,2006.25,1952.33" sx="M,M,M,F"/><TAIKYOKU oya="0"/><INIT seed="0,0,0,4,0,104" ten="250,250,250,250" oya="0" hai0="112,21,69,83,110,19,43,9,98,120,45,122,16" hai1="39,55,63,61,89,58,25,6,87,38,125,108,129" hai2="44,54,59,41,95,5,64,88,48,123,78,34,113" hai3="85,80,107,60,91,75,109,0,23,37,86,4,114"/><T67/><D112/><U105/><E105/><V52/><F123/><W31/><G114/><T36/><D98/><U97/><E125/><V118/><F113/><W53/><G37/><T27/><D110/><U42/><E108/><V14/><F34/><W135/><G107/><T51/><D36/><U77/><E129/><V81/><F118/><W40/><G109/><T22/><D9/><U13/><E77/><V32/><F32/><W66/><G40/><T20/><D20/><U111/><E111/><V1/><F1/><W70/><G135/><T126/><D126/><U133/><E133/><V3/><F3/><W57/><G86/><T49/><D49/><U11/><E42/><V76/><F81/><W17/><G75/><T29/><D29/><U84/><E84/><N who="2" m="52615" /><F64/><W82/><G31/><T12/><REACH who="0" step="1"/><D83/><REACH who="0" ten="240,250,250,250" step="2"/><U119/><E119/><V124/><F124/><W62/><G82/><T106/><D106/><U28/><E97/><V128/><F128/><W131/><G131/><T93/><D93/><U73/><E39/><V115/><F115/><W65/><G0/><T47/><D47/><U101/><E38/><V56/><F44/><W8/><G80/><T79/><D79/><U96/><E96/><V35/><F35/><W30/><G8/><T132/><D132/><U103/><E28/><V117/><F117/><W2/><G30/><T72/><D72/><U92/><E73/><V121/><F121/><W100/><G2/><T102/><D102/><N who="1" m="38923" /><E25/><V134/><F134/><W18/><G100/><T46/><D46/><U26/><E26/><V68/><F78/><W50/><G50/><AGARI ba="0,1" hai="6,11,13,50,55,58,61,63,87,89,92" m="38923" machi="50" ten="30,2000,0" yaku="6,1,8,1" doraHai="104" who="1" fromWho="3" sc="240,0,250,30,250,0,250,-20" /><INIT seed="1,0,0,5,0,111" ten="240,280,250,230" oya="1" hai0="135,118,134,76,94,113,116,54,95,0,45,15,37" hai1="127,70,97,112,68,88,57,49,58,106,21,80,31" hai2="59,50,14,132,40,25,105,28,22,85,75,102,13" hai3="99,3,18,46,110,120,41,56,20,125,82,119,122"/><U7/><E112/><V32/><F75/><W34/><G34/><T90/><D0/><U83/><E7/><V101/><F132/><N who="0" m="50730" /><D15/><N who="2" m="5642" /><F105/><W10/><G125/><T35/><D35/><U89/><E127/><V84/><F32/><W30/><G119/><N who="0" m="45611" /><D54/><U128/><E128/><V60/><F40/><W19/><G110/><T117/><D45/><U93/><E106/><V12/><F50/><W52/><G3/><T104/><D37/><U133/><E133/><V92/><F12/><W24/><G10/><T67/><D67/><U81/><E89/><N who="2" m="53287" /><F85/><W131/><G131/><T64/><D64/><AGARI ba="0,0" hai="22,25,28,59,60,64,101,102" m="53287,5642" machi="64" ten="30,1000,0" yaku="8,1" doraHai="111" who="2" fromWho="0" sc="240,-10,280,0,250,10,230,0" /><INIT seed="2,0,0,2,1,3" ten="230,280,260,230" oya="2" hai0="26,43,47,129,11,128,42,17,114,61,78,4,16" hai1="34,57,113,38,12,54,83,88,44,74,84,52,99" hai2="25,95,103,72,91,13,35,23,58,55,117,120,116" hai3="106,112,21,66,27,36,18,105,90,51,14,32,8"/><V37/><F120/><W124/><G112/><T56/><D114/><U50/><E34/><V92/><F72/><W19/><G36/><T126/><D78/><U48/><E113/><V85/><F37/><W76/><G76/><T1/><D126/><U62/><E74/><V28/><F35/><W63/><G32/><T70/><D70/><U89/><E38/><V122/><F122/><W96/><G124/><T24/><D43/><U130/><E130/><N who="0" m="50281" /><D26/><U39/><E39/><V7/><F103/><W101/><G51/><N who="0" m="27127" /><D24/><U75/><E75/><V29/><F29/><W5/><G90/><T121/><D121/><U33/><E33/><V40/><F95/><W77/><G77/><T104/><D104/><U107/><E107/><V115/><F40/><W0/><G106/><T10/><D10/><U31/><E31/><V9/><REACH who="2" step="1"/><F115/><REACH who="2" ten="230,280,250,230" step="2"/><W102/><G102/><T45/><D45/><U98/><E98/><V22/><F22/><W118/><G118/><T73/><D73/><U69/><E99/><V53/><F53/><AGARI ba="0,1" hai="1,4,11,16,17,53,56,61" m="27127,50281" machi="53" ten="30,3900,0" yaku="19,1,52,1,54,1" doraHai="3" who="0" fromWho="2" sc="230,49,280,0,250,-39,230,0" /><INIT seed="3,0,0,3,5,119" ten="279,280,211,230" oya="3" hai0="73,87,16,101,79,114,83,47,104,17,125,128,32" hai1="88,127,65,20,48,102,129,122,109,43,115,99,33" hai2="5,18,44,78,95,27,60,0,53,91,59,41,94" hai3="130,1,3,30,45,2,9,68,72,131,55,50,113"/><W121/><G72/><T74/><D32/><U132/><E33/><V86/><F78/><W4/><G113/><T81/><D114/><U34/><E34/><V19/><F5/><W103/><G68/><T82/><D128/><N who="3" m="49193" /><G103/><T62/><D125/><U124/><E115/><V7/><F7/><W26/><G121/><T31/><D31/><U11/><E65/><V42/><F0/><W61/><G61/><T49/><D62/><U40/><E122/><V108/><F108/><W84/><G84/><T117/><D117/><U25/><E11/><V51/><F27/><W39/><G39/><T120/><D120/><U24/><E109/><V98/><REACH who="2" step="1"/><F41/><REACH who="2" ten="279,280,201,230" step="2"/><W69/><G69/><T64/><D79/><U92/><E129/><V75/><F75/><W38/><G38/><T12/><D73/><U58/><E43/><V46/><F46/><W76/><G76/><T23/><D74/><U112/><E25/><V90/><AGARI ba="0,1" hai="18,19,42,44,51,53,59,60,86,90,91,94,95,98" machi="90" ten="20,12000,2" yaku="1,1,0,1,7,1,8,1,53,2" doraHai="119" doraHaiUra="15" who="2" fromWho="2" sc="279,-30,280,-30,201,130,230,-60" /><INIT seed="4,0,0,2,3,49" ten="249,250,331,170" oya="0" hai0="100,102,75,31,104,91,50,74,105,9,82,19,47" hai1="112,125,29,59,53,28,87,21,12,55,40,116,94" hai2="1,130,83,20,121,25,33,10,22,62,67,134,71" hai3="8,124,38,92,73,99,103,64,115,114,89,81,26"/><T63/><D31/><N who="1" m="11851" /><E116/><V43/><F121/><W117/><G64/><T120/><D120/><U135/><E125/><V30/><F134/><W90/><G26/><T54/><D63/><U61/><E135/><V60/><F130/><W23/><G8/><T95/><D19/><N who="1" m="10471" /><E112/><N who="3" m="43050" /><G23/><T84/><D9/><U131/><E131/><V52/><F43/><W122/><G38/><T45/><D45/><U51/><E40/><V36/><F36/><W93/><G122/><T11/><D11/><U109/><E109/><V5/><REACH who="2" step="1"/><F83/><REACH who="2" ten="249,250,321,170" step="2"/><W85/><G117/><T0/><D82/><U77/><E77/><V127/><F127/><W72/><G124/><T119/><D119/><U37/><E37/><V39/><F39/><W80/><G80/><T18/><D74/><U70/><E70/><V44/><F44/><W65/><G65/><T4/><D75/><U128/><E128/><V3/><F3/><W98/><AGARI ba="0,1" hai="72,73,81,85,89,90,92,93,98,99,103" m="43050" machi="98" ten="30,4000,0" yaku="15,1,34,2" doraHai="49" who="3" fromWho="3" sc="249,-20,250,-10,321,-10,170,50" /><INIT seed="5,0,0,1,0,19" ten="229,240,311,220" oya="1" hai0="117,28,15,26,50,98,48,0,7,23,45,51,62" hai1="61,2,18,66,97,42,134,3,135,65,40,21,24" hai2="108,5,49,133,36,1,91,64,8,95,52,82,92" hai3="109,73,86,90,56,20,89,71,88,85,94,122,13"/><U81/><E81/><V6/><F108/><W113/><G122/><T25/><D117/><U44/><E97/><V121/><F36/><W38/><G109/><T131/><D131/><U16/><E18/><V111/><F111/><W110/><G71/><T80/><D0/><N who="1" m="43" /><E65/><V34/><F34/><W10/><G73/><T83/><D62/><U87/><E87/><V60/><F6/><W116/><G113/><T107/><D45/><U11/><E11/><V93/><F121/><W100/><G38/><T105/><D98/><U29/><E44/><V47/><F133/><N who="1" m="50697" /><E29/><V39/><F39/><W132/><G110/><T96/><D96/><U57/><AGARI ba="0,0" hai="16,21,24,40,42,57,61,66" m="50697,43" machi="57" ten="30,6000,0" yaku="20,1,52,1,54,1" doraHai="19" who="1" fromWho="1" sc="229,-20,240,60,311,-20,220,-20" /><INIT seed="5,1,0,3,3,100" ten="209,300,291,200" oya="1" hai0="24,32,64,96,66,7,0,8,59,85,67,110,87" hai1="68,98,82,102,75,46,128,79,113,134,18,19,73" hai2="97,65,25,121,83,77,91,78,36,14,38,70,6" hai3="89,53,99,42,86,1,48,93,130,17,45,15,118"/><U124/><E68/><V63/><F121/><W133/><G118/><T111/><D59/><U56/><E113/><V120/><F120/><W21/><G130/><T43/><D43/><U58/><E124/><V95/><F78/><W16/><G133/><T50/><D50/><U132/><E128/><V127/><F127/><W47/><G1/><T76/><D76/><U34/><E34/><V28/><F6/><W31/><G31/><T101/><D32/><U107/><E75/><V11/><F14/><W74/><G74/><T119/><D24/><U135/><E46/><V109/><F11/><W69/><G69/><T103/><D119/><U88/><E88/><V72/><REACH who="2" step="1"/><F109/><REACH who="2" ten="209,300,281,200" step="2"/><W126/><G126/><T57/><D111/><U54/><E58/><V39/><F39/><W29/><G47/><T131/><D57/><U40/><E40/><V60/><F60/><AGARI ba="1,1" hai="18,19,54,56,60,73,79,82,98,102,107,132,134,135" machi="60" ten="40,3900,0" yaku="20,1,52,1" doraHai="100" who="1" fromWho="2" sc="209,0,300,52,281,-42,200,0" /><INIT seed="5,2,0,1,4,31" ten="209,352,239,200" oya="1" hai0="52,21,9,133,112,97,5,92,134,115,65,27,59" hai1="100,13,56,118,24,26,39,78,73,48,19,114,55" hai2="45,44,110,36,108,22,131,113,84,89,94,38,111" hai3="58,46,125,71,88,95,53,123,116,83,80,99,37"/><U81/><E39/><V4/><F131/><W18/><G123/><T75/><D75/><U121/><E118/><V122/><F122/><W57/><G116/><T76/><D76/><U25/><E121/><V41/><F113/><N who="0" m="43594" /><D65/><U47/><E114/><V63/><F4/><W35/><G71/><T102/><D9/><U32/><E100/><V129/><F129/><W77/><G125/><T62/><D5/><U34/><REACH who="1" step="1"/><E47/><REACH who="1" ten="209,342,239,200" step="2"/><V98/><F45/><W2/><G37/><T90/><D102/><U66/><E66/><V69/><F38/><W68/><G46/><T54/><D54/><U43/><E43/><V16/><F111/><W3/><G53/><T50/><D50/><U70/><E70/><V79/><F69/><W42/><G68/><T6/><D6/><U96/><E96/><V85/><F63/><W103/><G42/><T8/><D8/><AGARI ba="2,1" hai="8,13,19,24,25,26,32,34,48,55,56,73,78,81" machi="8" ten="40,7700,0" yaku="1,1,52,2,53,0" doraHai="31" doraHaiUra="61" who="1" fromWho="0" sc="209,-83,342,93,239,0,200,0" /><INIT seed="5,3,0,2,5,61" ten="126,435,239,200" oya="1" hai0="112,63,20,80,77,14,116,84,67,44,91,103,114" hai1="43,101,21,9,107,97,12,36,66,87,17,132,11" hai2="32,2,113,8,83,96,94,34,64,93,135,102,15" hai3="78,10,71,109,22,72,88,24,121,54,25,81,86"/><U58/><E132/><V118/><F2/><W45/><G121/><T89/><D116/><U7/><E36/><V33/><F118/><W4/><G109/><T100/><D44/><U134/><E134/><V52/><F135/><W128/><G128/><T111/><D111/><U39/><E39/><V48/><F113/><N who="0" m="43626" /><D14/><U40/><E87/><V41/><F41/><W28/><G71/><T108/><D20/><U16/><E17/><V6/><F83/><W129/><G129/><T133/><D133/><U65/><E11/><V92/><REACH who="2" step="1"/><F64/><REACH who="2" ten="126,435,229,200" step="2"/><W124/><G124/><T117/><D117/><U131/><E131/><V57/><AGARI ba="3,1" hai="6,8,15,32,33,34,48,52,57,92,93,94,96,102" machi="57" ten="30,8000,1" yaku="1,1,2,1,0,1,54,1,53,1" doraHai="61" doraHaiUra="0" who="2" fromWho="2" sc="126,-23,435,-43,229,99,200,-23" /><INIT seed="6,0,0,3,1,46" ten="103,392,328,177" oya="2" hai0="38,42,100,106,94,77,57,33,54,130,105,49,70" hai1="114,51,2,126,112,6,90,18,117,37,102,95,113" hai2="124,86,45,110,28,31,25,125,48,121,67,16,44" hai3="15,14,98,50,29,88,61,123,89,3,79,128,131"/><V26/><F121/><W72/><G123/><T65/><D33/><U10/><E37/><V71/><F110/><W111/><G111/><T5/><D130/><N who="3" m="49705" /><G3/><T68/><D77/><U66/><E117/><V11/><F71/><W12/><G29/><N who="2" m="11337" /><F67/><W129/><G61/><T80/><D80/><U55/><E126/><N who="2" m="48747" /><F86/><W58/><G129/><T73/><D73/><U60/><E102/><V76/><F76/><W53/><G98/><T56/><D5/><U19/><E66/><V47/><F48/><W21/><G21/><T40/><D94/><U1/><E1/><V4/><F4/><W9/><G9/><T78/><D100/><U32/><E32/><V64/><F64/><W41/><G41/><N who="0" m="15979" /><D78/><U108/><E60/><V13/><AGARI ba="0,0" hai="11,13,16,25,26,44,45,47" m="48747,11337" machi="13" ten="40,3900,0" yaku="18,1,54,1" doraHai="46" who="2" fromWho="2" sc="103,-13,392,-13,328,39,177,-13" /><INIT seed="6,1,0,5,5,15" ten="90,379,367,164" oya="2" hai0="9,73,78,112,129,33,87,17,11,44,111,69,90" hai1="98,29,117,71,121,46,47,134,37,84,118,38,45" hai2="74,31,30,18,120,13,40,105,110,5,107,124,24" hai3="67,60,41,72,109,99,54,14,106,2,12,131,55"/><V34/><F120/><W16/><G72/><T36/><D111/><U0/><E0/><V97/><F74/><W128/><G2/><T85/><D112/><U64/><E121/><V113/><F113/><W132/><G109/><T91/><D129/><U80/><E134/><V133/><F133/><W23/><G132/><T135/><D135/><U123/><E123/><V3/><F31/><W130/><G41/><T19/><D33/><U127/><E127/><V4/><F124/><W96/><G14/><T61/><D73/><U58/><E71/><V76/><F76/><W83/><G83/><T82/><D78/><U102/><E29/><V70/><F40/><W20/><G20/><T75/><D75/><U101/><E117/><V28/><F28/><W81/><G81/><T1/><D1/><U50/><E118/><V114/><F114/><W79/><G79/><T59/><D69/><U95/><E102/><V63/><F110/><W66/><G66/><N who="0" m="39231" /><D44/><U103/><E103/><N who="2" m="62703" /><F107/><W68/><G106/><T48/><D48/><U119/><E119/><V8/><F3/><W115/><G115/><T49/><D49/><U116/><E116/><V27/><F27/><W21/><G21/><T6/><D36/><U92/><E38/><V88/><F88/><W77/><G77/><T108/><D108/><U94/><E37/><V122/><F122/><W86/><G86/><T89/><D87/><U125/><E125/><V57/><F70/><W104/><G104/><T126/><D126/><U25/><E25/><V65/><F34/><W52/><AGARI ba="1,0" hai="12,16,23,52,54,55,60,67,68,96,99,128,130,131" machi="52" ten="40,8000,1" yaku="0,1,19,1,52,1,54,2" doraHai="15" who="3" fromWho="3" sc="90,-21,379,-21,367,-41,164,83" /><INIT seed="7,0,0,2,2,129" ten="69,358,326,247" oya="3" hai0="4,41,62,127,130,59,100,86,133,56,43,14,68" hai1="60,78,102,82,116,50,63,36,24,49,20,106,2" hai2="108,11,128,93,90,107,37,18,16,22,67,48,98" hai3="87,85,54,32,9,39,19,30,95,115,83,44,113"/><W111/><G111/><T103/><D130/><U25/><E36/><V8/><F37/><W40/><G54/><T134/><D127/><U91/><E2/><V105/><F128/><W26/><G87/><T51/><D86/><N who="1" m="48471" /><E106/><V3/><F108/><W27/><G95/><T79/><D79/><U33/><E33/><V117/><F117/><W119/><G119/><T6/><D14/><U123/><E123/><V52/><F3/><W57/><G57/><T96/><D68/><U81/><E102/><N who="2" m="60751" /><F107/><W65/><G65/><T29/><D29/><N who="1" m="17543" /><E25/><N who="2" m="14535" /><F67/><W104/><G104/><T46/><D62/><N who="1" m="23595" /><E116/><V70/><F70/><W69/><G69/><T114/><D114/><N who="3" m="43529" /><G27/><T94/><D103/><U35/><E35/><V74/><F74/><W73/><G73/><T84/><D84/><AGARI ba="0,0" hai="49,50,81,84,91" m="23595,17543,48471" machi="84" ten="30,1000,0" yaku="8,1" doraHai="129" who="1" fromWho="0" sc="69,-10,358,10,326,0,247,0" owari="59,-44.0,368,46.0,326,13.0,247,-15.0" /></mjloggm>