<mjloggm ver="2.3"><GO type="169" lobby="0"/><UN n0="%E3%82%A6%E3%83%AB%E3%83%88%E3%83%A9%E7%AB%8B%E7%9B%B4" n1="%65%69%6B%31" n2="%4A%65%72%6B%79%E6%98%9F%E8%82%89" n3="%6E%61%6B%61%6A%75%75%6E" dan="17,16,16,18" rate="2136.71,2042.31,2092.37,2154.11" sx="M,M,F,F"/><TAIKYOKU oya="0"/><INIT seed="0,0,0,3,5,12" ten="250,250,250,250" oya="0" hai0="100,84,106,114,47,21,51,130,131,7,9,88,82" hai1="40,25,61,73,83,109,35,97,0,132,42,96,16" hai2="54,128,104,121,56,32,44,127,101,119,64,63,53" hai3="108,39,112,3,36,46,26,89,98,2,1,80,5"/><T48/><D114/><U87/><E109/><V33/><F121/><W13/><G112/><T99/><D21/><N who="1" m="13479" /><E0/><V72/><F72/><W60/><G108/><T68/><D68/><U30/><E73/><V23/><F119/><W91/><G60/><T79/><D79/><N who="1" m="46591" /><E35/><V31/><F127/><W107/><G3/><T43/><REACH who="0" step="1"/><D48/><REACH who="0" ten="240,250,250,250" step="2"/><U92/><E132/><V124/><F124/><W55/><G36/><T103/><D103/><N who="1" m="60807" /><E61/><V93/><F63/><W10/><G39/><T22/><D22/><U78/><E78/><V81/><F23/><W6/><G89/><T27/><D27/><U75/><E75/><V90/><F32/><W110/><G91/><T67/><D67/><U86/><E30/><V116/><F31/><W134/><G110/><T45/><D45/><U113/><E113/><V126/><F44/><W49/><G134/><T18/><D18/><U125/><E125/><V41/><F126/><W66/><G46/><T14/><AGARI ba="0,1" hai="7,9,14,43,47,51,82,84,88,99,100,106,130,131" machi="14" ten="30,11700,0" yaku="1,1,0,1,54,1,53,1" doraHai="12" doraHaiUra="95" who="0" fromWho="0" sc="240,127,250,-39,250,-39,250,-39" /><INIT seed="0,1,0,3,4,36" ten="367,211,211,211" oya="0" hai0="64,132,121,71,70,22,15,12,128,54,30,110,66" hai1="89,96,74,86,65,60,120,73,94,85,102,97,53" hai2="44,14,133,75,99,118,40,68,27,105,108,111,19" hai3="17,4,55,114,101,129,115,134,126,42,45,21,91"/><T20/><D121/><U104/><E53/><V29/><F75/><N who="1" m="28681" /><E60/><V5/><F68/><W63/><G129/><T76/><D128/><U83/><E65/><V35/><F5/><W135/><G101/><T92/><D54/><U33/><E33/><V59/><F59/><N who="3" m="35327" /><G91/><T43/><D30/><U93/><E120/><V49/><F118/><W127/><G4/><T62/><D62/><U72/><E104/><V16/><F133/><N who="3" m="50699" /><G21/><T67/><D132/><U77/><AGARI ba="1,0" hai="72,77,83,85,86,89,93,94,96,97,102" m="28681" machi="77" ten="30,8000,1" yaku="35,5" doraHai="36" who="1" fromWho="1" sc="367,-41,211,83,211,-21,211,-21" /><INIT seed="1,0,0,0,0,30" ten="326,294,190,190" oya="1" hai0="24,35,113,19,122,94,134,100,104,108,68,65,39" hai1="69,41,53,13,116,84,105,102,112,6,110,114,95" hai2="20,31,75,72,124,12,59,97,87,55,49,43,129" hai3="120,4,54,117,91,45,130,56,119,10,133,101,18"/><U78/><E116/><N who="3" m="44618" /><G120/><T17/><D94/><U28/><E69/><V50/><F124/><W34/><G101/><T63/><D113/><U27/><E41/><V11/><F129/><W109/><G109/><T62/><D108/><U74/><E110/><V14/><F87/><W103/><G103/><T9/><D39/><U121/><E121/><V36/><F97/><W61/><G130/><T83/><D134/><U2/><E13/><V128/><F128/><W79/><G79/><T111/><D111/><U107/><E53/><V22/><F36/><W135/><G18/><T77/><D62/><U38/><E38/><V37/><F37/><W33/><G91/><T47/><D47/><U1/><E95/><V64/><F64/><W86/><G86/><T123/><D9/><N who="1" m="2255" /><E84/><V58/><F72/><W96/><G96/><N who="0" m="61447" /><D17/><U32/><E2/><V40/><F75/><W82/><G82/><T48/><D19/><U98/><E107/><V52/><F31/><W26/><G45/><T81/><D123/><U131/><E131/><V89/><F89/><W0/><G26/><T127/><D122/><U73/><E73/><V16/><REACH who="2" step="1"/><F14/><REACH who="2" ten="326,294,180,190" step="2"/><W99/><G99/><T90/><D90/><U71/><E74/><V93/><F93/><W85/><G85/><T118/><D118/><U67/><E78/><V126/><F126/><W21/><G21/><AGARI ba="0,1" hai="11,12,16,20,21,22,40,43,49,50,52,55,58,59" machi="21" ten="40,8000,1" yaku="1,1,9,1,8,1,54,2,53,0" doraHai="30" doraHaiUra="76" who="2" fromWho="3" sc="326,0,294,0,180,90,190,-80" /><INIT seed="2,0,0,2,3,35" ten="326,294,270,110" oya="2" hai0="13,30,92,125,129,43,54,72,80,38,53,98,102" hai1="16,77,100,22,103,104,134,20,7,76,41,0,123" hai2="29,111,73,107,114,36,109,84,1,12,10,26,88" hai3="93,4,126,87,44,9,31,95,27,48,120,112,127"/><V61/><F36/><W50/><G120/><T83/><D125/><N who="3" m="47625" /><G112/><T2/><D30/><U15/><E134/><V65/><F107/><W34/><G87/><T11/><D13/><U33/><E123/><V3/><F73/><W135/><G135/><T60/><D83/><U131/><E131/><V23/><F114/><W108/><G108/><N who="2" m="41545" /><F12/><N who="3" m="5159" /><G50/><T6/><D60/><U89/><E104/><V132/><F132/><W74/><G74/><T94/><D94/><U78/><E15/><V21/><F10/><W90/><G90/><T91/><D91/><U45/><E89/><V28/><F28/><W97/><G97/><T67/><D129/><U14/><E14/><V101/><F101/><W106/><G106/><T115/><D115/><U110/><E103/><V117/><F117/><W59/><G59/><T69/><D72/><U8/><E100/><V39/><F23/><W47/><G47/><T124/><D38/><N who="1" m="21687" /><E22/><V18/><F29/><W5/><G5/><T56/><D6/><U46/><E110/><V40/><F40/><AGARI ba="0,0" hai="27,31,34,40,44,48,93,95" m="5159,47625" machi="40" ten="30,1000,0" yaku="18,1" doraHai="35" who="3" fromWho="2" sc="326,0,294,0,270,-10,110,10" /><INIT seed="3,0,0,5,3,67" ten="326,294,260,120" oya="3" hai0="123,36,5,41,77,51,97,55,45,46,20,89,0" hai1="37,44,2,115,106,120,19,18,86,47,13,40,9" hai2="130,82,108,57,125,85,12,64,129,105,90,60,50" hai3="14,122,42,22,72,62,66,70,103,38,76,101,25"/><W119/><G119/><T6/><D123/><U63/><E120/><V133/><F108/><W53/><G122/><T33/><D33/><U124/><E106/><V127/><F105/><W79/><G14/><T58/><D0/><U49/><E115/><V113/><F113/><W84/><G72/><T75/><D77/><U91/><E2/><V100/><F100/><W68/><G53/><T32/><D32/><U78/><E63/><V59/><F12/><W128/><G128/><N who="2" m="49257" /><F133/><W112/><G112/><T69/><D69/><U4/><E124/><N who="2" m="47691" /><F50/><W92/><G101/><T116/><D116/><U35/><E35/><V83/><F83/><W23/><G23/><T95/><D75/><U134/><E134/><V114/><F114/><W118/><G118/><T102/><D102/><U43/><REACH who="1" step="1"/><E78/><REACH who="1" ten="326,284,260,120" step="2"/><V61/><F61/><W7/><G79/><T54/><D20/><U65/><E65/><V135/><F135/><W107/><G76/><T8/><D8/><U111/><E111/><V29/><F29/><W121/><G107/><T56/><D45/><U39/><E39/><V17/><F59/><N who="3" m="37215" /><G121/><T126/><D126/><U34/><E34/><V98/><F98/><N who="3" m="59847" /><G84/><T30/><D30/><U74/><E74/><V11/><F11/><W94/><G38/><T28/><D28/><U104/><E104/><V87/><F87/><W88/><G22/><T26/><D36/><U16/><E16/><AGARI ba="0,1" hai="16,17,57,60,64,82,85,90" m="47691,49257" machi="16" ten="30,3900,0" yaku="19,1,18,1,54,1" doraHai="67" who="2" fromWho="1" sc="326,0,284,-39,260,49,120,0" /><INIT seed="4,0,0,0,4,134" ten="326,245,309,120" oya="0" hai0="73,69,103,23,82,94,86,111,72,53,110,131,114" hai1="0,11,19,18,135,24,77,126,75,129,40,41,99" hai2="36,98,1,9,15,52,4,30,116,57,87,115,100" hai3="22,112,51,133,35,128,67,29,104,102,42,49,127"/><T84/><D69/><U17/><E135/><V106/><F116/><W50/><G133/><T101/><D53/><U124/><E129/><V113/><F36/><W63/><G128/><T130/><D23/><U121/><E121/><V26/><F87/><W68/><G112/><T88/><D114/><U71/><E71/><V74/><F74/><N who="0" m="28778" /><D131/><U60/><E60/><V122/><F1/><W76/><G76/><N who="0" m="46151" /><D130/><U27/><E0/><V38/><F122/><W28/><G22/><T83/><D83/><N who="1" m="45503" /><E11/><V105/><F105/><W13/><G42/><T37/><D37/><U47/><E41/><V117/><F38/><W93/><G28/><T44/><D44/><U80/><E80/><V34/><REACH who="2" step="1"/><F117/><REACH who="2" ten="326,245,299,120" step="2"/><W33/><G104/><T58/><D58/><U132/><E132/><V21/><F21/><W89/><G68/><T31/><D31/><U32/><E32/><V61/><AGARI ba="0,1" hai="4,9,15,26,30,34,52,57,61,98,100,106,113,115" machi="61" ten="30,4000,0" yaku="1,1,0,1,54,1,53,0" doraHai="134" doraHaiUra="81" who="2" fromWho="2" sc="326,-20,245,-10,299,50,120,-10" /><INIT seed="5,0,0,4,3,90" ten="306,235,349,110" oya="1" hai0="27,131,112,77,79,83,113,73,80,42,125,45,46" hai1="21,39,119,57,121,70,103,63,26,101,33,87,85" hai2="86,128,29,65,24,59,98,124,62,13,76,37,17" hai3="61,84,94,38,126,68,5,96,110,19,74,14,108"/><U75/><E39/><V118/><F118/><W52/><G74/><T49/><D125/><U132/><E75/><V133/><F37/><W60/><G38/><T4/><D131/><U3/><E119/><V58/><F124/><W11/><G126/><T10/><D27/><U50/><E33/><V47/><F128/><W100/><G84/><N who="1" m="32330" /><E3/><V82/><F133/><W71/><G5/><T6/><D46/><U72/><E70/><V41/><F98/><W78/><G78/><T30/><D30/><N who="1" m="17743" /><E72/><V127/><F127/><W18/><G18/><T91/><D73/><U48/><E121/><V93/><F93/><W51/><G71/><T9/><D45/><U22/><E22/><V104/><F104/><W43/><G43/><T111/><D42/><U123/><E132/><V23/><F62/><W114/><G114/><T12/><D49/><N who="1" m="19051" /><E123/><V116/><F116/><W64/><REACH who="3" step="1"/><G60/><REACH who="3" ten="306,235,349,100" step="2"/><T40/><D113/><U66/><AGARI ba="0,1" hai="57,63,66,101,103" m="19051,17743,32330" machi="66" ten="30,1500,0" yaku="8,1" doraHai="90" who="1" fromWho="1" sc="306,-5,235,25,349,-5,100,-5" /><INIT seed="5,1,0,3,3,99" ten="301,260,344,95" oya="1" hai0="17,83,4,96,28,35,110,79,16,93,1,34,106" hai1="56,0,114,84,133,61,15,111,45,68,97,31,130" hai2="131,65,127,112,6,66,115,53,47,60,36,85,119" hai3="120,55,29,64,12,37,22,107,62,80,40,135,109"/><U75/><E114/><N who="2" m="43563" /><F6/><W51/><G120/><T58/><D106/><U116/><E0/><V121/><F85/><W9/><G109/><T125/><D125/><U3/><E3/><V41/><F127/><W81/><G135/><T26/><D35/><U30/><E75/><V98/><F98/><W132/><G132/><T2/><D110/><U124/><E111/><V14/><F14/><W77/><G107/><T38/><D38/><U33/><E133/><V43/><F121/><W11/><G29/><T92/><D92/><U74/><E74/><V48/><F119/><W118/><G118/><T76/><D76/><U70/><E31/><V102/><F102/><W71/><G22/><T59/><D2/><U7/><E30/><V128/><F36/><W73/><G80/><T24/><D4/><U103/><E7/><V86/><F86/><W57/><REACH who="3" step="1"/><G12/><REACH who="3" ten="301,260,344,85" step="2"/><T21/><D1/><U67/><E15/><V129/><F66/><W27/><G27/><T19/><D26/><U101/><E67/><V39/><F39/><W50/><G50/><T82/><D34/><U8/><E33/><V113/><F113/><W134/><G134/><T5/><D82/><U49/><E49/><V123/><F123/><W63/><G63/><T54/><D83/><U90/><E61/><V117/><F117/><W89/><G89/><T105/><D105/><U108/><E116/><V104/><F104/><W23/><G23/><T88/><D21/><U25/><E108/><V95/><F95/><W44/><AGARI ba="1,1" hai="9,11,37,40,44,51,55,57,62,64,71,73,77,81" machi="44" ten="30,7900,0" yaku="1,1,0,1,24,2,53,0" doraHai="99" doraHaiUra="126" who="3" fromWho="3" sc="301,-21,260,-40,344,-21,85,92" /><INIT seed="6,0,0,0,1,35" ten="280,220,323,177" oya="2" hai0="112,45,51,125,55,101,109,48,5,99,119,27,118" hai1="63,40,104,6,18,33,13,129,116,8,124,89,22" hai2="54,4,84,24,19,68,86,87,70,74,81,30,103" hai3="130,66,131,64,71,60,108,111,7,67,44,25,9"/><V50/><F4/><W72/><G72/><T97/><D109/><U56/><E104/><V26/><F103/><W120/><G25/><T88/><D125/><U95/><E116/><V2/><F2/><W110/><G120/><T11/><D112/><U36/><E33/><V37/><F37/><W128/><REACH who="3" step="1"/><G44/><REACH who="3" ten="280,220,323,167" step="2"/><T78/><D27/><N who="1" m="14807" /><E124/><V115/><F24/><W21/><G21/><T41/><D119/><U82/><E129/><V93/><F26/><W80/><G80/><T91/><D118/><U85/><E82/><V113/><F74/><W31/><G31/><T102/><D11/><U29/><E29/><V38/><F81/><W96/><G96/><T23/><D99/><U61/><E8/><V12/><F30/><W135/><G135/><T47/><D97/><U122/><E122/><V14/><F113/><W53/><G53/><T49/><D55/><U105/><E85/><V121/><F54/><W34/><G34/><T0/><D47/><U43/><E43/><V117/><F84/><W83/><G83/><T79/><D45/><U42/><E40/><V98/><F86/><W123/><G123/><T127/><D41/><U16/><E42/><V106/><F87/><W73/><G73/><T46/><D46/><U90/><E36/><V65/><F98/><W132/><G132/><T58/><D127/><U52/><E52/><V15/><F38/><W75/><G75/><T133/><D23/><U100/><E105/><V69/><F121/><W1/><AGARI ba="0,1" hai="1,7,9,60,64,66,67,71,108,110,111,128,130,131" machi="1" ten="40,8000,1" yaku="1,1,0,1,19,1,52,1,53,0" doraHai="35" doraHaiUra="28" who="3" fromWho="3" sc="280,-20,220,-20,323,-40,167,90" /><INIT seed="7,0,0,3,2,115" ten="260,200,283,257" oya="3" hai0="61,28,53,130,41,57,55,126,89,21,77,59,75" hai1="26,4,34,23,113,87,22,97,32,25,121,65,108" hai2="110,93,96,76,33,86,122,80,71,70,78,135,60" hai3="79,14,48,39,123,98,27,8,106,19,62,118,105"/><W69/><G39/><T50/><D77/><U81/><E108/><V68/><F110/><W43/><G123/><T119/><D75/><U102/><E113/><V88/><F122/><W90/><G79/><T103/><D103/><U101/><E121/><V107/><F33/><W54/><G118/><T42/><D126/><U1/><E65/><V124/><F124/><W12/><G27/><N who="0" m="16495" /><D119/><U7/><E1/><V56/><F135/><W40/><G105/><T73/><D73/><U35/><E87/><V52/><REACH who="2" step="1"/><F107/><REACH who="2" ten="260,200,273,257" step="2"/><W5/><G106/><T11/><D130/><U6/><E81/><V131/><F131/><W31/><G43/><T29/><D41/><U84/><E84/><V72/><F72/><W0/><G40/><T82/><D42/><U129/><E129/><V36/><F36/><W83/><G83/><T95/><D82/><U10/><E10/><V125/><F125/><W18/><G8/><T132/><D11/><U67/><E67/><V99/><F99/><W109/><G98/><N who="0" m="57711" /><D132/><U117/><E117/><V45/><F45/><W20/><G109/><T15/><D29/><U64/><E64/><V16/><F16/><W46/><G31/><T120/><D120/><U116/><E116/><V134/><F134/><W63/><G19/><T127/><D127/><U94/><REACH who="1" step="1"/><E102/><AGARI ba="0,1" hai="52,56,60,68,70,71,76,78,80,86,88,93,96,102" machi="102" ten="40,8000,1" yaku="1,1,54,2,53,1" doraHai="115" doraHaiUra="51" who="2" fromWho="1" sc="260,0,200,-80,273,90,257,0" owari="260,6.0,120,-38.0,363,46.0,257,-14.0" /></mjloggm>