<mjloggm ver="2.3"><GO type="97" lobby="0"/><UN n0="%74%73%75%5F%63%69%74%79" n1="%53%E3%83%BB%E3%82%AB%E3%83%AB%E3%83%9E%E6%B0%8F" n2="%E5%B0%B1%E6%B4%BB%E7%94%9F%40%E5%B7%9D%E6%9D%91%E8%BB%8D%E5%9B%A3" n3="%4D%2E%50%2E%54%2E%4B" dan="14,13,15,14" rate="1898.58,1946.11,2039.20,1836.72" sx="M,M,M,M"/><TAIKYOKU oya="0"/><INIT seed="0,0,0,1,1,78" ten="250,250,250,250" oya="0" hai0="91,127,131,111,66,60,2,118,90,122,105,102,106" hai1="109,113,129,12,130,103,11,121,65,110,48,87,112" hai2="101,19,47,36,56,44,72,83,119,75,76,92,6" hai3="89,0,96,26,46,22,42,40,79,114,23,70,74"/><T107/><D2/><U124/><E65/><V134/><F119/><W50/><G70/><T97/><D118/><U4/><E48/><V30/><F134/><W9/><G114/><N who="1" m="44138" /><E103/><V80/><F6/><W133/><G133/><T125/><D122/><U73/><E73/><V21/><F30/><W62/><G0/><T99/><D60/><U54/><E54/><V51/><F36/><W126/><G9/><T35/><D35/><U20/><E87/><V95/><F56/><W41/><G62/><T13/><D13/><N who="1" m="5351" /><E121/><V38/><F38/><W86/><G74/><T63/><D131/><N who="1" m="50187" /><E124/><N who="0" m="47689" /><D111/><U104/><E104/><N who="0" m="40041" /><D99/><U31/><E31/><V17/><F51/><W67/><G96/><T120/><D120/><U64/><E64/><V52/><F76/><W45/><G79/><T14/><D14/><U1/><E1/><V57/><F57/><AGARI ba="0,0" hai="57,63,66,90,91,97,102,107" m="40041,47689" machi="57" ten="30,1500,0" yaku="18,1" doraHai="78" who="0" fromWho="2" sc="250,15,250,0,250,-15,250,0" /><INIT seed="0,1,0,5,5,111" ten="265,250,235,250" oya="0" hai0="8,79,41,70,35,28,40,102,13,26,117,123,14" hai1="107,80,129,66,133,39,78,19,126,101,106,89,58" hai2="75,96,115,52,135,128,87,65,92,120,18,97,94" hai3="127,95,37,124,130,121,63,11,54,3,31,15,76"/><T131/><D70/><U77/><E39/><V9/><F75/><W16/><G37/><T122/><D79/><U90/><E19/><V48/><F120/><W43/><G43/><T62/><D102/><U20/><E20/><V108/><F108/><W22/><G76/><T42/><D117/><U10/><E10/><V46/><F115/><W114/><G3/><T34/><D34/><U5/><E5/><V33/><F33/><W21/><G121/><T116/><D116/><U109/><E58/><V0/><F128/><W25/><G130/><T61/><D131/><U53/><E53/><V110/><F110/><W69/><G95/><N who="2" m="36393" /><F135/><W93/><G93/><T27/><D35/><U119/><E66/><V2/><F2/><W12/><G69/><T99/><D40/><U103/><E109/><V91/><F65/><W132/><G63/><T82/><D8/><U47/><E47/><V112/><F112/><W49/><G114/><T38/><D28/><U125/><E129/><V24/><F0/><W55/><G132/><T59/><D38/><U68/><E68/><V118/><F118/><W56/><REACH who="3" step="1"/><G55/><REACH who="3" ten="265,250,235,240" step="2"/><T72/><D42/><U50/><E119/><V113/><F113/><W88/><G88/><T29/><D41/><U60/><E60/><V45/><F97/><W17/><AGARI ba="1,1" hai="11,12,15,16,17,21,22,25,31,49,54,56,124,127" machi="17" ten="30,4000,0" yaku="1,1,0,1,54,1,53,0" doraHai="111" doraHaiUra="32" who="3" fromWho="3" sc="265,-21,250,-11,235,-11,240,53" /><INIT seed="1,0,0,0,4,10" ten="244,239,224,293" oya="1" hai0="123,0,39,3,115,55,33,35,99,7,132,74,98" hai1="59,78,14,42,69,94,117,43,45,93,38,24,102" hai2="36,73,61,63,1,133,22,70,124,95,129,131,90" hai3="31,105,28,84,79,19,134,6,44,56,21,82,12"/><U65/><E117/><V11/><F73/><W41/><G134/><T122/><D74/><U92/><E69/><V13/><F36/><W47/><G105/><T17/><D39/><U20/><E65/><V76/><F76/><W120/><G120/><N who="0" m="46123" /><D132/><U85/><E59/><V109/><F133/><W108/><G108/><T4/><D55/><U130/><E130/><N who="2" m="49675" /><F124/><W112/><G112/><T121/><D121/><U116/><E116/><V96/><F109/><W62/><G6/><N who="0" m="2091" /><D17/><N who="1" m="10295" /><E38/><V135/><F135/><W40/><G47/><T103/><D103/><U91/><E24/><V5/><F70/><W15/><G40/><N who="1" m="15402" /><E45/><V83/><F83/><W104/><G104/><T51/><D51/><U25/><E25/><V100/><F100/><W114/><G114/><T86/><D115/><U37/><E37/><V72/><F72/><W8/><G41/><T118/><D118/><U126/><E126/><V128/><N who="2" m="49683" /><V30/><DORA hai="49" /><F30/><W16/><REACH who="3" step="1"/><G44/><REACH who="3" ten="244,239,224,283" step="2"/><T110/><D110/><U46/><E46/><V119/><F119/><W80/><G80/><T48/><D3/><U26/><E26/><V75/><F75/><W60/><G60/><T29/><D0/><U2/><E2/><V52/><F61/><W107/><G107/><T23/><D48/><U97/><E78/><V71/><F1/><W9/><G9/><T113/><D113/><U57/><E94/><V50/><F63/><W64/><AGARI ba="0,1" hai="8,12,15,16,19,21,28,31,56,62,64,79,82,84" machi="64" ten="20,12000,2" yaku="1,1,0,1,7,1,8,1,52,2,54,1,53,0" doraHai="10,49" doraHaiUra="88,89" who="3" fromWho="3" sc="244,-30,239,-60,224,-30,283,130" /><INIT seed="2,0,0,4,0,131" ten="214,179,194,413" oya="2" hai0="91,3,133,95,40,58,9,124,122,121,115,72,132" hai1="96,17,12,63,101,49,52,27,78,53,31,89,77" hai2="117,11,106,61,114,46,45,68,16,22,43,67,83" hai3="81,87,112,125,28,75,135,15,1,8,71,37,42"/><V59/><F114/><W73/><G71/><T105/><D105/><U5/><E5/><V107/><F117/><W110/><G28/><T41/><D72/><U98/><E89/><V88/><F68/><W66/><G66/><T21/><D115/><U55/><E49/><V69/><F69/><W103/><G103/><T2/><D21/><N who="1" m="15855" /><E63/><V50/><F45/><W90/><G1/><N who="0" m="11" /><D58/><U86/><E86/><N who="2" m="50271" /><F107/><W51/><G37/><T33/><D9/><N who="1" m="6287" /><E101/><V118/><F106/><W74/><G42/><N who="0" m="16491" /><D33/><U38/><E38/><V104/><F104/><W119/><G119/><T32/><D32/><U62/><E62/><V129/><F118/><W102/><G51/><T30/><D30/><U44/><E44/><V130/><F11/><W99/><G8/><T29/><D29/><U39/><E39/><V60/><F60/><W126/><G75/><T35/><D35/><U84/><E84/><V116/><F116/><W34/><G87/><T82/><D82/><U47/><E47/><V113/><F113/><W123/><G81/><T56/><D56/><U23/><E23/><V76/><F76/><AGARI ba="0,0" hai="52,53,55,76,77,78,96,98" m="6287,15855" machi="76" ten="30,2000,0" yaku="8,1,54,1" doraHai="131" who="1" fromWho="2" sc="214,0,179,20,194,-20,413,0" /><INIT seed="3,0,0,3,1,126" ten="214,199,174,413" oya="3" hai0="32,9,112,46,96,14,130,92,76,127,89,30,94" hai1="5,64,129,56,85,26,120,118,27,105,55,0,37" hai2="119,111,54,71,33,35,7,41,24,128,19,109,16" hai3="124,28,12,65,40,49,51,74,43,20,97,86,22"/><W13/><G74/><T133/><D127/><U99/><E120/><V132/><F71/><W121/><G97/><T79/><D32/><N who="2" m="12362" /><F41/><W87/><G28/><T8/><D30/><U115/><E115/><V66/><F66/><W78/><G65/><T11/><D112/><U53/><E37/><V102/><F102/><W47/><G121/><T45/><D14/><U58/><E85/><V98/><F98/><W106/><G106/><T134/><D11/><U104/><E99/><V77/><F77/><W39/><G47/><T93/><D93/><U75/><E75/><V60/><F119/><W110/><G124/><T95/><D95/><U108/><E64/><V88/><F132/><W15/><G15/><T34/><D96/><U72/><E72/><V25/><F128/><W123/><G123/><T113/><D34/><U116/><E129/><V100/><F100/><W67/><G67/><T70/><D89/><U3/><E5/><V10/><F88/><W31/><G31/><T59/><D59/><U61/><E61/><V2/><F54/><W48/><G48/><T135/><D134/><U42/><E42/><V117/><F60/><W90/><G90/><T91/><D91/><U83/><E83/><V101/><F101/><W68/><G78/><T21/><D70/><U69/><E69/><V17/><F117/><W84/><G68/><T6/><D130/><U114/><E114/><V4/><F4/><W63/><G63/><T52/><D113/><U29/><E29/><V103/><F103/><W62/><G62/><T18/><D6/><U80/><E80/><V107/><F107/><RYUUKYOKU ba="0,0" sc="214,-15,199,15,174,15,413,-15" hai1="0,3,26,27,53,55,56,58,104,105,108,116,118" hai2="2,7,10,16,17,19,24,25,109,111" owari="199,-20.0,214,1.0,189,-31.0,398,50.0" /></mjloggm>