<mjloggm ver="2.3"><GO type="97" lobby="0"/><UN n0="%63%67%66%35%34%38%35%38" n1="%E3%83%88%E3%83%88%E3%83%AA%E5%85%88%E7%94%9F%31%39%E6%AD%B3" n2="%65%6D%70%39%72%6F%72" n3="%E3%81%93%E3%82%88%E3%82%88" dan="14,15,15,14" rate="1926.75,2086.00,2062.11,1994.05" sx="M,F,M,M"/><TAIKYOKU oya="0"/><INIT seed="0,0,0,5,3,105" ten="250,250,250,250" oya="0" hai0="47,41,4,42,14,87,33,49,7,128,88,134,103" hai1="57,111,127,67,78,72,38,85,55,50,29,24,25" hai2="119,21,112,118,91,30,96,121,48,126,69,37,71" hai3="46,51,76,116,86,40,11,79,125,107,115,56,135"/><T22/><D33/><U58/><E38/><V15/><F37/><W20/><G116/><T34/><D34/><U131/><E72/><V59/><F112/><W92/><G107/><T53/><D103/><U36/><E36/><V122/><F126/><W61/><G115/><T99/><D99/><U31/><E131/><V32/><F32/><W35/><G35/><T60/><D128/><U43/><E111/><V17/><F30/><N who="1" m="11273" /><E43/><N who="0" m="16393" /><D60/><N who="1" m="38295" /><E127/><V89/><F48/><W27/><G125/><T129/><D134/><U75/><E75/><V28/><F28/><N who="3" m="17511" /><G135/><T2/><D2/><U1/><E1/><V0/><F0/><W84/><G11/><T113/><D113/><U102/><E102/><V81/><F96/><W95/><G86/><T13/><D129/><U110/><E110/><V10/><F10/><W82/><G79/><T93/><D22/><U3/><E3/><V8/><F21/><W6/><G6/><AGARI ba="0,0" hai="4,6,7,13,14,47,49,53,87,88,93" m="16393" machi="6" ten="30,2900,0" yaku="8,1,54,1" doraHai="105" who="0" fromWho="3" sc="250,29,250,0,250,0,250,-29" /><INIT seed="0,1,0,2,5,130" ten="279,250,250,221" oya="0" hai0="61,63,16,111,46,73,18,52,0,37,126,86,41" hai1="74,107,129,12,54,19,109,116,13,120,66,65,55" hai2="50,48,39,104,35,88,24,60,71,114,70,106,27" hai3="112,1,123,47,69,82,92,101,23,32,118,58,83"/><T77/><D0/><U38/><E120/><V30/><F39/><W127/><G123/><T36/><D73/><U42/><E116/><V96/><F114/><W4/><G118/><T62/><D37/><U5/><E107/><V124/><F124/><W40/><G69/><T135/><D126/><U80/><E109/><V22/><F106/><W102/><G32/><T105/><D105/><U8/><E129/><V67/><F71/><W78/><G112/><T132/><D111/><U113/><E113/><V26/><F26/><W100/><G127/><T75/><D75/><U9/><E42/><V84/><F84/><W3/><G23/><T115/><D115/><U57/><E38/><V29/><REACH who="2" step="1"/><F88/><REACH who="2" ten="279,250,240,221" step="2"/><W90/><G58/><T72/><D72/><U93/><E93/><V11/><F11/><W56/><G56/><N who="0" m="34951" /><D86/><U91/><E57/><V14/><F14/><W76/><G4/><T15/><D77/><U44/><E74/><V17/><F17/><N who="0" m="6762" /><D15/><U99/><E99/><V68/><F68/><W95/><G76/><T131/><D131/><U103/><E12/><V122/><F122/><W94/><G78/><T87/><D87/><N who="1" m="50663" /><E9/><V125/><F125/><W45/><G90/><T10/><D10/><U7/><E13/><V31/><F31/><W133/><G1/><T53/><D62/><U89/><E8/><V128/><F128/><W81/><G3/><T43/><D63/><U134/><E7/><V21/><F21/><W6/><G6/><T28/><D28/><U2/><E5/><V85/><F85/><W108/><G108/><T64/><D36/><U97/><E2/><RYUUKYOKU ba="1,1" sc="279,-10,250,-10,240,30,221,-10" hai2="22,24,27,29,30,35,48,50,60,67,70,96,104" /><INIT seed="1,2,1,1,4,30" ten="269,240,270,211" oya="1" hai0="45,60,26,11,14,90,52,22,5,75,113,109,81" hai1="73,56,89,1,47,121,9,4,24,34,37,78,32" hai2="53,128,125,124,96,28,57,51,91,54,114,66,12" hai3="74,31,111,108,119,49,88,80,98,79,83,99,102"/><U13/><E121/><V17/><F128/><W7/><G7/><T126/><D113/><U0/><E89/><V27/><F114/><W100/><G31/><T44/><D109/><N who="3" m="42057" /><G49/><T69/><D126/><U21/><E56/><V71/><F71/><W33/><G119/><T123/><D123/><U127/><E127/><V48/><F66/><W77/><G33/><N who="1" m="12906" /><E78/><V55/><F125/><W15/><G15/><T103/><D103/><N who="3" m="39465" /><G79/><T63/><D69/><U18/><E73/><V38/><F38/><W46/><G46/><T86/><D75/><U42/><E42/><V133/><F51/><W41/><G41/><T2/><D2/><N who="1" m="1131" /><E47/><N who="0" m="17993" /><D52/><U64/><E64/><V118/><F54/><W115/><G115/><T3/><D3/><N who="1" m="159" /><E37/><V72/><F55/><W122/><G122/><T16/><AGARI ba="2,1" hai="5,11,14,16,22,26,60,63,81,86,90" m="17993" machi="16" ten="30,2000,0" yaku="8,1,54,1" doraHai="30" who="0" fromWho="0" sc="269,36,240,-12,270,-7,211,-7" /><INIT seed="2,0,0,4,4,17" ten="305,228,263,204" oya="2" hai0="5,19,80,94,57,101,2,20,53,67,130,118,35" hai1="10,65,12,126,77,54,1,29,131,13,87,89,134" hai2="97,122,112,124,104,91,11,76,33,108,96,79,125" hai3="71,99,82,74,83,37,34,7,18,111,28,109,48"/><V39/><F39/><W115/><G37/><T62/><D35/><U49/><E131/><V3/><F33/><W105/><G71/><T9/><D118/><U22/><E134/><V93/><F3/><W102/><G7/><T63/><D130/><U90/><E126/><N who="2" m="48747" /><F11/><W95/><G28/><T86/><D101/><U72/><E72/><V132/><F132/><W127/><G34/><T21/><D94/><U70/><E1/><V75/><F112/><W114/><G18/><T113/><D113/><N who="3" m="43017" /><G48/><T85/><D19/><N who="1" m="10607" /><E29/><V106/><F122/><W55/><G55/><T4/><D4/><N who="1" m="3143" /><E65/><V6/><F6/><W128/><G128/><T59/><D86/><U15/><E70/><V14/><F14/><W100/><G127/><T69/><D69/><U103/><E103/><V73/><F108/><N who="3" m="41547" /><G74/><N who="2" m="28169" /><F97/><AGARI ba="0,0" hai="82,83,95,97,99,100,102,105" m="41547,43017" machi="97" ten="30,7700,0" yaku="11,1,14,1,34,2" doraHai="17" who="3" fromWho="2" sc="305,0,228,0,263,-77,204,77" /><INIT seed="3,0,0,0,3,110" ten="305,228,186,281" oya="3" hai0="76,67,133,40,125,44,80,68,126,102,81,20,35" hai1="61,127,114,96,31,42,56,16,64,89,100,12,46" hai2="14,24,111,28,87,71,134,2,22,115,74,93,41" hai3="69,38,58,109,3,32,78,70,36,4,47,120,94"/><W7/><G120/><T29/><D133/><U5/><E127/><N who="0" m="48649" /><D35/><U112/><E5/><V121/><F74/><W123/><G123/><T60/><D102/><U52/><E89/><V59/><F121/><W82/><G109/><T65/><D65/><U0/><E31/><V27/><F71/><W55/><G94/><T53/><D53/><U51/><E0/><V18/><F2/><W108/><G108/><T124/><N who="0" m="48657" /><T104/><DORA hai="131" /><D104/><U86/><E86/><V11/><F111/><W21/><G32/><T43/><D76/><U30/><E30/><V10/><F115/><W106/><G106/><T62/><D60/><U92/><E64/><V72/><F72/><W66/><G21/><AGARI ba="0,0" hai="12,16,21,42,46,51,52,56,61,92,96,100,112,114" machi="21" ten="30,8000,1" yaku="7,1,52,2,54,2" doraHai="110,131" who="1" fromWho="3" sc="305,0,228,80,186,0,281,-80" owari="305,11.0,308,40.0,186,-31.0,201,-20.0" /></mjloggm>