<mjloggm ver="2.3"><GO type="169" lobby="0"/><UN n0="%E3%81%84%E3%82%82%E3%81%91%E3%82%93%70" n1="%72%6F%61%73%73%6F%32%38" n2="%E7%8B%AC%E6%AD%A9" n3="%E3%82%A6%E3%83%AB%E3%83%88%E3%83%A9%E7%AB%8B%E7%9B%B4" dan="17,16,20,18" rate="2166.28,2102.54,2213.87,2189.86" sx="M,M,M,M"/><TAIKYOKU oya="0"/><INIT seed="0,0,0,2,2,27" ten="250,250,250,250" oya="0" hai0="21,119,114,83,91,98,30,118,73,120,89,122,92" hai1="124,11,76,41,3,20,100,134,15,78,47,101,123" hai2="82,94,115,32,72,133,58,99,130,52,4,31,70" hai3="111,6,9,46,54,18,105,37,104,53,126,95,66"/><T63/><D30/><U49/><E123/><N who="0" m="47145" /><D63/><U44/><E3/><V35/><F70/><W34/><G54/><T108/><D21/><U96/><E134/><V2/><F133/><W106/><G53/><T36/><D36/><U103/><E124/><V127/><F127/><W77/><G18/><T1/><D1/><U43/><E20/><V116/><F116/><N who="0" m="44586" /><D114/><U125/><E96/><V80/><F115/><W7/><G66/><T23/><D23/><U45/><E125/><V8/><F31/><W69/><G37/><T117/><N who="0" m="44594" /><T12/><DORA hai="48" /><D12/><U90/><E90/><N who="0" m="34313" /><D108/><U88/><E88/><V112/><F112/><W61/><G111/><T64/><D64/><U68/><E68/><V16/><F32/><W67/><G69/><T26/><D26/><U128/><E128/><V81/><F130/><W50/><G67/><T19/><D19/><N who="1" m="8703" /><E49/><V62/><F35/><W65/><G50/><T0/><D0/><U28/><E28/><V97/><F16/><W129/><G34/><T13/><D13/><U132/><E132/><V5/><F2/><W121/><G121/><T55/><D98/><U33/><E33/><V51/><F97/><W24/><G24/><T17/><D17/><U25/><E25/><V71/><F71/><W14/><G14/><T131/><D131/><U59/><E59/><V86/><F51/><W87/><G129/><T56/><D92/><U42/><AGARI ba="0,0" hai="41,42,43,44,45,47,76,78,100,101,103" m="8703" machi="42" ten="40,5200,0" yaku="29,2,8,1" doraHai="27,48" who="1" fromWho="1" sc="250,-26,250,52,250,-13,250,-13" /><INIT seed="1,0,0,1,1,39" ten="224,302,237,237" oya="1" hai0="106,70,65,134,132,63,124,128,18,6,114,103,54" hai1="26,8,110,60,46,100,88,121,36,16,82,71,20" hai2="97,80,126,120,40,28,7,129,117,96,91,41,75" hai3="42,43,51,27,3,119,112,59,11,34,127,45,87"/><U90/><E121/><V122/><F117/><W31/><G112/><T72/><D114/><U33/><E71/><V44/><F129/><W104/><G104/><T115/><D115/><U2/><E100/><V47/><F28/><W5/><G119/><T77/><D128/><U113/><E113/><V4/><F91/><W53/><G127/><T22/><D124/><U89/><E60/><V14/><F126/><W135/><G135/><N who="0" m="51755" /><D6/><U13/><E110/><V52/><F75/><W92/><G92/><T79/><D72/><U81/><E46/><V73/><F73/><W29/><G29/><T49/><D103/><U32/><E36/><V105/><F105/><W76/><REACH who="3" step="1"/><G59/><REACH who="3" ten="224,302,237,227" step="2"/><T84/><D106/><U15/><E81/><AGARI ba="0,1" hai="3,5,11,27,31,34,42,43,45,51,53,76,81,87" machi="81" ten="40,8000,1" yaku="1,1,2,1,52,2,53,0" doraHai="39" doraHaiUra="68" who="3" fromWho="1" sc="224,0,302,-80,237,0,227,90" /><INIT seed="2,0,0,1,5,6" ten="224,222,237,317" oya="2" hai0="81,93,123,117,42,77,88,32,57,126,118,134,67" hai1="99,90,104,35,125,116,96,97,45,121,33,31,101" hai2="71,98,131,27,15,36,54,73,84,40,95,28,76" hai3="24,92,83,89,109,25,26,7,16,103,114,100,87"/><V23/><F71/><W51/><G114/><T34/><D123/><U56/><E116/><N who="0" m="44649" /><D134/><U91/><E121/><V37/><F73/><W78/><G109/><T72/><D126/><U82/><E125/><V102/><F40/><W105/><G7/><T129/><D129/><U55/><E45/><V0/><F0/><W19/><G51/><T2/><D2/><U50/><E31/><V130/><F54/><W135/><G135/><T115/><D42/><U122/><E122/><V44/><F44/><W38/><G38/><T86/><D115/><U11/><E104/><V10/><F76/><W79/><G79/><T66/><D66/><U48/><E101/><V113/><F84/><W21/><G105/><T14/><D14/><U106/><E106/><V80/><F80/><W29/><G29/><T17/><D17/><N who="3" m="6729" /><G21/><T47/><D47/><U43/><E43/><V65/><F113/><W41/><G41/><T127/><D127/><U128/><E50/><V70/><F70/><W64/><G64/><T75/><D75/><U124/><E124/><V46/><F65/><W39/><G39/><T5/><D5/><U9/><E128/><N who="2" m="49195" /><F46/><W107/><G107/><T52/><D67/><U110/><E110/><V58/><F58/><W8/><G78/><T119/><N who="0" m="44657" /><T12/><DORA hai="132" /><D12/><U49/><E49/><AGARI ba="0,0" hai="32,34,49,52,57,72,77,81,86,88,93" m="44657" machi="49" ten="40,5200,0" yaku="12,1,54,2" doraHai="6,132" who="0" fromWho="1" sc="224,52,222,-52,237,0,317,0" /><INIT seed="3,0,0,1,1,73" ten="276,170,237,317" oya="3" hai0="39,114,84,70,35,133,37,18,69,15,83,95,10" hai1="113,65,85,24,30,57,31,104,126,59,22,51,132" hai2="97,102,96,91,68,87,12,122,101,107,49,47,32" hai3="54,62,119,58,9,86,38,63,16,106,25,52,116"/><W44/><G106/><T40/><D133/><U93/><E113/><V90/><F32/><W20/><G86/><T105/><D105/><U72/><E104/><V71/><F122/><W28/><G38/><T64/><D35/><U56/><E72/><V1/><F1/><W46/><G119/><T94/><D114/><U50/><E132/><V117/><F117/><W23/><G9/><T29/><D29/><U118/><E126/><V89/><F87/><W55/><G116/><T17/><D64/><U14/><E118/><V108/><F108/><W82/><G82/><T120/><D120/><U125/><E65/><V100/><F107/><W92/><G92/><T81/><D40/><U76/><E125/><V0/><F12/><N who="3" m="9223" /><G63/><T67/><D84/><U130/><E130/><V48/><F0/><W42/><G42/><T4/><D37/><U45/><E14/><V88/><N who="2" m="22528" /><DORA hai="99" /><V127/><F127/><W74/><G74/><T112/><D39/><U13/><E93/><V77/><F77/><W7/><G7/><T19/><D112/><U134/><E13/><V103/><N who="2" m="25600" /><DORA hai="131" /><V123/><F123/><W115/><G115/><T124/><D124/><U129/><E134/><V66/><F66/><AGARI ba="0,0" hai="23,25,28,44,46,52,54,55,58,62,66" m="9223" machi="66" ten="30,5800,0" yaku="8,1,54,2" doraHai="73,99,131" who="3" fromWho="2" sc="276,0,170,0,237,-58,317,58" /><INIT seed="3,1,0,5,4,24" ten="276,170,179,375" oya="3" hai0="72,20,103,87,113,10,76,23,66,29,95,69,112" hai1="59,81,77,128,39,62,60,83,45,28,51,109,15" hai2="68,8,55,97,100,94,61,114,53,125,49,1,64" hai3="0,44,93,75,21,65,12,135,46,19,89,79,31"/><W43/><G0/><T133/><D133/><U36/><E109/><V18/><F114/><N who="0" m="44138" /><D72/><U3/><E3/><V121/><F125/><W74/><G135/><T13/><D66/><U16/><E128/><V85/><F121/><W92/><G92/><T98/><D69/><U117/><E117/><V40/><F40/><W82/><G65/><T99/><D29/><U118/><E118/><V54/><F85/><W6/><G6/><N who="0" m="3287" /><D99/><U88/><E39/><V120/><F120/><W30/><G46/><T50/><D50/><U80/><E36/><V9/><F1/><W25/><G12/><T41/><D41/><N who="1" m="25007" /><E77/><V134/><F134/><W110/><G74/><T129/><D129/><U78/><E78/><V102/><F18/><W22/><G22/><T104/><D76/><U124/><E28/><V86/><F86/><W126/><G126/><T17/><D17/><U111/><E111/><V91/><REACH who="2" step="1"/><F49/><REACH who="2" ten="276,170,169,375" step="2"/><W26/><G110/><T107/><D87/><N who="1" m="50279" /><E124/><V73/><F73/><W56/><G19/><T34/><D34/><U71/><E71/><V84/><F84/><W90/><G75/><T4/><D4/><U2/><E2/><V70/><F70/><W63/><G43/><T131/><D131/><U52/><E62/><V106/><F106/><AGARI ba="1,1" hai="20,23,95,98,103,104,106,107" m="3287,44138" machi="106" ten="30,1000,0" yaku="11,1" doraHai="24" who="0" fromWho="2" sc="276,23,170,0,169,-13,375,0" /><INIT seed="4,0,0,2,3,46" ten="299,170,156,375" oya="0" hai0="131,116,66,54,102,73,72,49,97,123,45,1,6" hai1="33,48,8,5,10,126,0,41,98,110,26,113,76" hai2="30,40,82,31,115,122,99,12,42,22,133,114,65" hai3="89,108,135,15,94,17,111,59,20,27,120,44,132"/><T23/><D116/><U87/><E110/><V107/><F122/><W103/><G120/><T9/><D123/><U127/><E98/><V62/><F133/><N who="3" m="51275" /><G103/><T38/><D131/><U36/><E36/><V91/><F82/><W43/><G59/><T16/><D66/><U125/><E113/><N who="2" m="43019" /><F12/><W67/><G15/><T121/><D38/><U70/><E70/><N who="2" m="42295" /><F22/><W118/><G67/><T106/><D121/><U92/><E5/><V28/><F91/><W25/><G25/><AGARI ba="0,0" hai="1,6,9,16,23,25,45,49,54,72,73,97,102,106" machi="25" ten="30,5800,0" yaku="7,1,52,1,54,1" doraHai="46" who="0" fromWho="3" sc="299,58,170,0,156,0,375,-58" /><INIT seed="4,1,0,2,0,111" ten="357,170,156,317" oya="0" hai0="120,127,74,118,28,119,128,105,75,129,134,98,102" hai1="62,95,124,71,26,64,88,1,11,77,122,82,55" hai2="125,45,42,133,123,0,36,41,63,59,44,56,85" hai3="72,109,135,96,23,50,21,6,47,130,48,58,37"/><T30/><D120/><U97/><E124/><V90/><F0/><W68/><G68/><T69/><D69/><U61/><E122/><V121/><F125/><W65/><G37/><T132/><D127/><U78/><E26/><V39/><F90/><W32/><G32/><T89/><D30/><U10/><E1/><V40/><F85/><W57/><G72/><N who="0" m="27691" /><D89/><U25/><E25/><V93/><F93/><W19/><G65/><T110/><D110/><U104/><E104/><V84/><F84/><W114/><G57/><T80/><D80/><U29/><E29/><V126/><F126/><W3/><G58/><T24/><D24/><U86/><E78/><V67/><F133/><N who="0" m="51306" /><D28/><U66/><E55/><V79/><F79/><W106/><G135/><T35/><D35/><U4/><E4/><V103/><F103/><W112/><G96/><T115/><D115/><U117/><REACH who="1" step="1"/><E117/><AGARI ba="1,0" hai="98,102,105,117,118,119,128,129" m="51306,27691" machi="117" ten="40,12000,1" yaku="20,1,23,1,34,2" doraHai="111" who="0" fromWho="1" sc="357,123,170,-123,156,0,317,0" /><INIT seed="4,2,0,3,3,66" ten="480,47,156,317" oya="0" hai0="36,22,57,46,104,49,95,10,100,38,83,55,59" hai1="31,74,122,115,103,94,118,98,78,87,14,119,69" hai2="113,109,89,131,121,51,62,3,117,32,26,48,93" hai3="61,96,41,52,7,135,35,39,21,23,47,60,43"/><T5/><D104/><N who="1" m="63607" /><E14/><V86/><F3/><W102/><G35/><T24/><D83/><N who="1" m="45527" /><E31/><V4/><F117/><N who="1" m="44553" /><E69/><V27/><F121/><W99/><G7/><T16/><D38/><U40/><E40/><V42/><F109/><W63/><G102/><T105/><D105/><U33/><E33/><V64/><F4/><W17/><G43/><T44/><D36/><U130/><E130/><V37/><F131/><W114/><G52/><T53/><D100/><U45/><E45/><V76/><F76/><W108/><G61/><T106/><D106/><U128/><E128/><V18/><F37/><W0/><G60/><T54/><D54/><U132/><E132/><V68/><F42/><W110/><G63/><T84/><D55/><U112/><E122/><V9/><F32/><W6/><G6/><T90/><REACH who="0" step="1"/><D46/><REACH who="0" ten="470,47,156,317" step="2"/><U8/><E8/><V124/><F9/><W81/><G47/><T28/><D28/><U50/><E50/><V107/><F51/><W19/><G39/><T58/><D58/><U125/><E125/><V123/><F124/><W72/><G110/><T111/><D111/><U30/><E30/><V2/><F48/><W75/><G108/><T15/><AGARI ba="2,1" hai="5,10,15,16,22,24,44,49,53,57,59,84,90,95" machi="15" ten="20,18000,2" yaku="1,1,0,1,7,1,8,1,54,1,53,1" doraHai="66" doraHaiUra="20" who="0" fromWho="0" sc="470,196,47,-62,156,-62,317,-62" owari="666,77.0,-15,-52.0,94,-31.0,255,6.0" /></mjloggm>