<mjloggm ver="2.3"><GO type="41" lobby="0"/><UN n0="%E5%87%BA%E5%BC%B5%E6%97%8F" n1="%45%EF%BD%8C%EF%BD%93%74%6F%6D%6F" n2="%4A%61%67%75%61%72%58%4A" n3="%E5%B0%B1%E6%B4%BB%E7%94%9F%40%E5%B7%9D%E6%9D%91%E8%BB%8D%E5%9B%A3" dan="13,13,15,15" rate="1867.22,1861.49,1955.31,2065.99" sx="M,M,F,M"/><TAIKYOKU oya="0"/><INIT seed="0,0,0,3,5,81" ten="250,250,250,250" oya="0" hai0="60,53,93,29,11,123,8,80,92,118,36,2,23" hai1="119,74,12,52,27,44,100,107,16,51,6,129,40" hai2="42,103,39,133,65,14,87,108,33,104,22,57,89" hai3="122,97,59,21,32,31,134,41,67,13,61,121,4"/><T101/><D123/><N who="3" m="47113" /><G32/><T78/><D118/><U115/><E119/><V46/><F33/><W17/><G134/><T69/><D36/><U15/><E115/><V28/><F108/><W109/><G109/><T0/><D0/><U116/><E116/><V58/><F65/><W90/><G41/><T113/><D113/><U88/><E129/><V128/><F133/><W77/><G77/><T5/><D11/><U50/><E74/><V45/><F45/><W71/><G4/><T85/><D69/><U79/><E79/><V56/><F128/><W72/><G72/><T3/><D3/><U26/><E107/><V82/><F104/><W55/><G31/><T62/><D62/><U35/><E100/><V120/><F120/><W1/><G1/><T83/><D83/><U47/><E35/><V98/><F103/><W86/><G97/><T95/><D101/><U105/><E105/><V96/><REACH who="2" step="1"/><F14/><REACH who="2" ten="250,250,240,250" step="2"/><W117/><G117/><T131/><D131/><U132/><E132/><V38/><F38/><W75/><G71/><T9/><D9/><U135/><E135/><V18/><F18/><W54/><G75/><T112/><D112/><U48/><E15/><V19/><F19/><W114/><G114/><T124/><D124/><U66/><E6/><V73/><F73/><W64/><G67/><T125/><D125/><U102/><E102/><V25/><AGARI ba="0,1" hai="22,25,28,39,42,46,56,57,58,82,87,89,96,98" machi="25" ten="30,7900,0" yaku="1,1,0,1,52,1,53,1" doraHai="81" doraHaiUra="76" who="2" fromWho="2" sc="250,-39,250,-20,240,89,250,-20" /><INIT seed="1,0,0,1,0,69" ten="211,230,329,230" oya="1" hai0="115,118,106,64,70,131,129,21,20,61,14,68,120" hai1="102,41,85,2,30,55,104,50,135,22,110,93,113" hai2="101,35,32,105,74,124,26,132,98,79,96,65,52" hai3="60,128,3,59,46,45,130,100,39,24,34,53,87"/><U114/><E135/><V88/><F132/><W5/><G100/><T95/><D106/><U78/><E104/><V71/><F79/><W27/><G3/><T99/><D70/><U123/><E123/><V119/><F74/><W76/><G5/><T125/><D120/><U89/><E2/><V82/><F124/><W126/><G126/><T63/><D125/><U4/><E41/><V134/><F119/><W43/><G34/><T117/><D115/><U11/><E110/><V92/><F82/><N who="3" m="47559" /><G46/><T133/><D63/><U16/><E30/><V7/><F7/><W0/><G0/><T83/><D83/><U29/><E29/><N who="2" m="19511" /><F35/><W13/><G13/><T47/><D47/><U36/><E36/><V6/><F6/><W112/><G112/><T75/><D75/><U31/><E31/><V109/><F109/><W86/><G86/><T23/><D14/><U40/><E40/><V38/><F38/><W44/><G45/><T48/><D48/><U67/><E67/><V25/><F25/><W97/><G97/><T62/><D62/><U107/><E78/><V42/><F42/><W15/><G15/><T81/><D81/><U94/><E107/><V73/><F73/><W33/><G33/><T54/><D54/><U121/><E121/><V111/><F111/><W12/><G12/><T18/><D18/><U122/><E122/><V72/><F72/><W91/><G91/><N who="0" m="55807" /><D133/><U66/><E66/><V77/><F134/><W9/><G9/><T108/><D108/><U80/><E102/><V1/><F1/><W56/><G59/><T10/><D10/><U116/><E116/><AGARI ba="0,0" hai="20,21,23,61,64,68,116,117,118,129,131" m="55807" machi="116" ten="30,1000,0" yaku="6,1" doraHai="69" who="0" fromWho="1" sc="211,10,230,-10,329,0,230,0" /><INIT seed="2,0,0,5,3,82" ten="221,220,329,230" oya="2" hai0="30,19,39,18,104,59,135,91,116,65,48,42,100" hai1="21,66,69,46,76,15,99,62,20,74,27,70,5" hai2="118,124,120,97,126,54,121,113,102,41,61,17,28" hai3="80,88,8,96,90,106,123,35,95,50,133,122,63"/><V24/><F113/><W78/><G35/><T83/><D39/><U73/><E99/><V53/><F118/><W77/><G63/><T4/><D116/><U9/><E46/><V22/><F41/><W132/><G50/><T111/><D135/><N who="3" m="51785" /><G8/><T32/><D111/><U33/><E33/><V3/><F3/><W71/><G71/><T60/><D4/><U0/><E0/><V101/><F28/><W11/><G11/><T92/><D83/><U38/><E38/><V107/><F102/><N who="3" m="62791" /><G90/><T108/><D108/><U72/><E21/><V29/><F29/><W2/><G2/><T119/><D119/><U52/><E52/><N who="2" m="20075" /><F61/><W93/><G93/><T16/><D104/><U131/><E131/><V36/><F36/><W68/><G68/><T129/><D100/><U23/><E23/><V75/><F75/><N who="3" m="43071" /><G78/><T49/><D42/><U128/><E128/><V114/><F114/><W79/><G79/><T109/><D129/><U94/><E94/><V86/><F107/><W56/><G56/><T130/><D130/><U81/><REACH who="1" step="1"/><E69/><REACH who="1" ten="221,210,329,230" step="2"/><V25/><F22/><W112/><G112/><T10/><D10/><U37/><E37/><V45/><F45/><W58/><G58/><T26/><REACH who="0" step="1"/><D109/><REACH who="0" ten="211,210,329,230" step="2"/><U64/><E64/><V89/><F101/><W110/><G110/><T12/><D12/><U40/><E40/><V6/><F25/><W13/><G13/><T134/><D134/><U55/><E55/><V85/><F24/><W67/><G67/><T1/><D1/><U105/><E105/><V127/><F124/><W14/><G14/><T57/><D57/><U31/><AGARI ba="0,2" hai="5,9,15,20,27,31,62,66,70,72,73,74,76,81" machi="31" ten="20,5200,0" yaku="1,1,5,1,0,1,7,1,53,0" doraHai="82" doraHaiUra="47" who="1" fromWho="1" sc="211,-13,210,72,329,-26,230,-13" /><INIT seed="3,0,0,0,3,71" ten="198,282,303,217" oya="3" hai0="53,86,9,66,107,79,106,48,28,134,105,67,92" hai1="42,50,99,81,27,94,25,52,47,49,68,20,11" hai2="69,116,45,40,73,77,97,44,120,15,78,39,43" hai3="31,88,24,114,21,35,60,3,110,41,4,118,65"/><W85/><G118/><T91/><D134/><U19/><E68/><V51/><F116/><W30/><G114/><T76/><D28/><U55/><E81/><V38/><F69/><W83/><G110/><T61/><D9/><U23/><E11/><V33/><F33/><W117/><G117/><T14/><D14/><U32/><E32/><V16/><F120/><W2/><G41/><T80/><D61/><U131/><E131/><V5/><F5/><W87/><G4/><T115/><D79/><U129/><E129/><V12/><F97/><W102/><G102/><T123/><D123/><U122/><E122/><V130/><F130/><W54/><G54/><T109/><D109/><U63/><E63/><V17/><F51/><W0/><G87/><T1/><D1/><U59/><E59/><V127/><F127/><W125/><G125/><T135/><D135/><U13/><E13/><V95/><F95/><W104/><G104/><T82/><D82/><U26/><E26/><V46/><F46/><W57/><REACH who="3" step="1"/><G35/><REACH who="3" ten="198,282,303,207" step="2"/><T98/><REACH who="0" step="1"/><D115/><REACH who="0" ten="188,282,303,207" step="2"/><U36/><E36/><V34/><F34/><W111/><G111/><T124/><D124/><U90/><REACH who="1" step="1"/><E50/><REACH who="1" ten="188,272,303,207" step="2"/><V6/><F6/><W128/><G128/><T64/><D64/><U100/><E100/><V103/><F103/><W84/><G84/><T22/><D22/><U58/><E58/><AGARI ba="0,3" hai="48,53,58,66,67,76,80,86,91,92,98,105,106,107" machi="58" ten="40,1300,0" yaku="1,1,53,0" doraHai="71" doraHaiUra="113" who="0" fromWho="1" sc="188,43,272,-13,303,0,207,0" /><INIT seed="4,0,0,0,2,41" ten="231,259,303,207" oya="0" hai0="52,53,33,49,80,8,32,92,89,107,77,19,106" hai1="21,121,126,68,38,6,2,96,43,99,56,74,115" hai2="54,69,134,16,62,1,9,58,31,72,88,23,125" hai3="87,100,101,132,97,4,85,83,67,13,48,82,15"/><T135/><D135/><U94/><E68/><V11/><F125/><W109/><G109/><T65/><D65/><U76/><E121/><V75/><F134/><W131/><G131/><T64/><D64/><U84/><E126/><V26/><F69/><W98/><G132/><T27/><D33/><U128/><E128/><V124/><F124/><W10/><G67/><T122/><D122/><U127/><E127/><V7/><F11/><W61/><G61/><T123/><D123/><U3/><E115/><V29/><F29/><W35/><G35/><T81/><D106/><U103/><E56/><V66/><F66/><W60/><G60/><T22/><D107/><U24/><E99/><N who="3" m="37898" /><G48/><T111/><D111/><U112/><E112/><V117/><F117/><W36/><G36/><T46/><D32/><U17/><E6/><V108/><F108/><W40/><G40/><T119/><D119/><U114/><E114/><V90/><REACH who="2" step="1"/><F31/><REACH who="2" ten="231,259,293,207" step="2"/><W86/><G10/><T12/><D53/><U39/><E74/><AGARI ba="0,1" hai="1,7,9,16,23,26,54,58,62,72,74,75,88,90" machi="74" ten="40,8000,1" yaku="1,1,2,1,54,2,53,0" doraHai="41" doraHaiUra="118" who="2" fromWho="1" sc="231,0,259,-80,293,90,207,0" /><INIT seed="5,0,0,1,3,133" ten="231,179,383,207" oya="1" hai0="79,56,17,88,21,50,122,70,80,86,82,92,31" hai1="132,22,72,102,49,14,15,130,111,68,106,101,83" hai2="63,57,126,121,78,75,40,76,32,71,129,13,98" hai3="53,9,48,118,11,39,81,103,45,18,59,107,85"/><U110/><E132/><V36/><F71/><W65/><G118/><T42/><D70/><U77/><E130/><V93/><F75/><W5/><G107/><T131/><D122/><U74/><E68/><V27/><F129/><W16/><G103/><T128/><D31/><U33/><E33/><V97/><F97/><W26/><G26/><T91/><D131/><U0/><E0/><V73/><F73/><W67/><G39/><T69/><D69/><U55/><E74/><V87/><F87/><W96/><G96/><T115/><D115/><U30/><E30/><V35/><F35/><W47/><G47/><N who="0" m="25975" /><D56/><U10/><E22/><V7/><F40/><W44/><G44/><T46/><D46/><U135/><E135/><V51/><F36/><W84/><G84/><N who="0" m="50199" /><D128/><U23/><E23/><V4/><F32/><W125/><G125/><T3/><D3/><U34/><E34/><V95/><F126/><W112/><G112/><T104/><D104/><U123/><E123/><V38/><F38/><W1/><G11/><T28/><D28/><U12/><E10/><V94/><F98/><W60/><REACH who="3" step="1"/><G65/><REACH who="3" ten="231,179,383,197" step="2"/><T2/><D2/><U109/><E106/><V134/><F121/><W6/><G6/><T61/><D92/><U25/><E25/><V105/><F27/><W43/><G43/><T116/><D116/><U20/><E20/><V19/><F105/><W41/><G41/><T120/><D120/><U99/><E99/><V52/><F134/><W90/><AGARI ba="0,1" hai="1,5,9,16,18,45,48,53,59,60,67,81,85,90" machi="90" ten="20,5200,0" yaku="1,1,0,1,7,1,54,1,53,0" doraHai="133" doraHaiUra="114" who="3" fromWho="3" sc="231,-13,179,-26,383,-13,197,62" /><INIT seed="6,0,0,5,2,21" ten="218,153,370,259" oya="2" hai0="101,31,34,110,82,76,99,114,12,52,100,67,66" hai1="16,96,106,37,20,18,32,49,81,133,63,36,25" hai2="98,72,50,125,119,126,1,94,23,9,74,79,58" hai3="121,61,135,120,11,104,75,122,129,53,27,123,118"/><V55/><F119/><W71/><G104/><T5/><D114/><U6/><E133/><V22/><F9/><W107/><G107/><T112/><D112/><U88/><E32/><V45/><F1/><W8/><G75/><T14/><D110/><U28/><E6/><V62/><F79/><W128/><G118/><T44/><D101/><U127/><E127/><N who="2" m="48651" /><F72/><W46/><G135/><T84/><D14/><U89/><E63/><V41/><F74/><W0/><G0/><T108/><D108/><U70/><E70/><V111/><F111/><W91/><G91/><AGARI ba="0,0" hai="22,23,41,45,50,55,58,62,91,94,98" m="48651" machi="91" ten="30,1500,0" yaku="18,1" doraHai="21" who="2" fromWho="3" sc="218,0,153,0,370,15,259,-15" /><INIT seed="6,1,0,1,1,90" ten="218,153,385,244" oya="2" hai0="123,135,117,77,22,106,42,82,33,93,63,20,2" hai1="72,110,94,109,115,116,97,50,61,70,65,41,38" hai2="71,4,49,35,80,55,27,81,84,125,56,54,73" hai3="67,19,118,78,132,25,119,64,100,113,121,43,75"/><V86/><F73/><W83/><G121/><T98/><D123/><U62/><E116/><V53/><F71/><W68/><G113/><T47/><D33/><U40/><E72/><V9/><F27/><W103/><G132/><T24/><D106/><U23/><E23/><V102/><F102/><W13/><G43/><T133/><D2/><U130/><E130/><V12/><F35/><W8/><G100/><T60/><D117/><U105/><E105/><V96/><F96/><W108/><G108/><T37/><D22/><U34/><E34/><V52/><F125/><W32/><G103/><T79/><D82/><AGARI ba="1,0" hai="4,9,12,49,52,53,54,55,56,80,81,82,84,86" machi="82" ten="40,3900,0" yaku="8,1,54,1" doraHai="90" who="2" fromWho="0" sc="218,-42,153,0,385,42,244,0" /><INIT seed="6,2,0,1,3,91" ten="176,153,427,244" oya="2" hai0="98,2,87,85,56,61,111,133,17,62,4,102,46" hai1="74,10,7,114,16,31,36,93,53,59,77,82,54" hai2="80,109,134,107,122,119,34,55,96,88,63,18,128" hai3="73,8,100,103,127,23,117,118,104,89,75,45,72"/><V29/><F34/><W1/><G23/><T65/><D133/><U38/><E114/><V68/><F29/><W70/><G70/><T43/><D111/><U48/><E31/><V78/><F18/><W99/><G1/><T49/><D62/><U60/><E93/><N who="2" m="56359" /><F55/><W30/><G30/><T22/><D4/><U123/><E123/><V106/><F63/><W20/><G20/><T90/><D90/><U66/><E66/><V11/><F11/><W130/><G45/><T76/><D76/><U47/><REACH who="1" step="1"/><E16/><REACH who="1" ten="176,143,427,244" step="2"/><V83/><F122/><W135/><G8/><T27/><D2/><AGARI ba="2,1" hai="2,7,10,36,38,47,48,53,54,59,60,74,77,82" machi="2" ten="30,3900,0" yaku="1,1,2,1,7,1,53,0" doraHai="91" doraHaiUra="94" who="1" fromWho="0" sc="176,-45,143,55,427,0,244,0" /><INIT seed="7,0,0,1,3,27" ten="131,198,427,244" oya="3" hai0="45,127,6,5,123,94,21,67,72,115,89,22,96" hai1="46,107,70,132,76,34,77,50,48,41,0,78,101" hai2="59,47,14,80,103,43,117,109,64,61,95,126,133" hai3="124,62,24,3,116,31,97,29,88,19,113,68,125"/><W74/><G74/><T17/><D123/><U12/><E0/><V55/><F109/><W104/><G3/><T105/><D72/><U110/><E110/><V25/><F126/><N who="3" m="48747" /><G113/><T36/><D127/><U135/><E70/><V65/><F133/><N who="1" m="51273" /><E34/><V120/><F117/><W75/><G75/><T85/><D67/><U69/><E69/><V84/><F25/><W90/><G104/><T20/><D115/><U128/><E128/><V37/><F120/><W1/><G1/><T106/><D36/><N who="1" m="21799" /><E12/><V7/><F95/><N who="3" m="56551" /><G90/><T53/><D106/><U58/><E58/><V129/><F103/><W2/><G2/><T30/><D105/><U130/><E130/><V86/><F129/><W15/><G24/><T100/><D100/><U82/><E82/><V10/><F86/><W42/><G42/><T18/><D85/><U119/><E119/><V66/><F84/><W32/><G32/><T63/><D63/><U57/><E57/><V56/><F80/><W39/><G39/><T4/><D53/><U99/><AGARI ba="0,0" hai="48,50,76,77,78,99,101,107" m="21799,51273" machi="99" ten="40,1500,0" yaku="20,1" doraHai="27" who="1" fromWho="1" sc="131,-4,198,15,427,-4,244,-7" owari="127,-37.0,213,-19.0,423,52.0,237,4.0" /></mjloggm>