<mjloggm ver="2.3"><GO type="169" lobby="0"/><UN n0="%E3%82%B1%E3%83%AD%E3%83%B3%E3%83%91%E3%82%B9" n1="%2A%E3%81%B6%E3%81%A3%E3%81%A1%2A" n2="%E3%82%A6%E3%83%AB%E3%83%88%E3%83%A9%E7%AB%8B%E7%9B%B4" n3="%E5%B0%B1%E6%B4%BB%E7%94%9F%40%E5%B7%9D%E6%9D%91%E8%BB%8D%E5%9B%A3" dan="16,17,17,16" rate="2052.42,2155.64,2134.07,2045.44" sx="M,M,M,M"/><TAIKYOKU oya="0"/><INIT seed="0,0,0,5,0,112" ten="250,250,250,250" oya="0" hai0="62,67,99,36,134,59,94,133,116,117,26,132,85" hai1="83,129,16,28,126,49,32,29,44,122,66,31,47" hai2="4,53,19,105,71,58,124,82,78,23,73,41,25" hai3="127,92,61,125,135,2,101,79,57,21,63,46,109"/><T110/><D36/><U7/><E122/><V123/><F71/><W40/><G2/><T72/><D72/><U51/><E129/><V15/><F105/><W5/><G5/><T30/><D85/><U95/><E126/><N who="3" m="48138" /><G79/><T38/><D38/><U131/><E131/><V0/><F41/><W13/><G109/><T102/><REACH who="0" step="1"/><D110/><REACH who="0" ten="240,250,250,250" step="2"/><U80/><E32/><AGARI ba="0,1" hai="26,30,32,59,62,67,94,99,102,116,117,132,133,134" machi="32" ten="40,12000,1" yaku="1,1,2,1,20,1,52,2,53,0" doraHai="112" doraHaiUra="75" who="0" fromWho="1" sc="240,130,250,-120,250,0,250,0" /><INIT seed="0,1,0,4,4,46" ten="370,130,250,250" oya="0" hai0="51,33,60,50,115,92,44,82,54,125,47,41,64" hai1="15,70,49,20,84,122,121,39,12,31,69,85,19" hai2="14,16,68,99,127,109,75,96,132,9,77,56,94" hai3="29,110,98,59,104,128,30,80,65,88,58,5,18"/><T123/><D115/><U100/><E39/><V57/><F68/><W130/><G5/><T11/><D33/><U42/><E31/><N who="3" m="11786" /><G104/><T74/><D123/><U1/><E1/><V35/><F35/><W40/><G65/><T24/><D125/><U107/><E121/><V27/><F132/><W72/><G72/><T66/><D24/><U21/><E122/><V106/><F109/><W23/><G40/><T38/><D38/><U118/><E118/><V90/><F75/><W37/><G37/><T48/><D60/><U43/><E107/><V67/><F67/><W79/><G79/><T111/><D111/><U22/><E100/><V55/><F77/><W102/><G110/><T52/><D74/><U113/><E21/><V112/><F112/><W108/><G102/><T116/><D116/><U117/><E117/><V91/><F106/><W8/><G8/><T71/><D71/><U17/><REACH who="1" step="1"/><E113/><REACH who="1" ten="370,120,250,250" step="2"/><V131/><F127/><W134/><G108/><T6/><D82/><U76/><E76/><V45/><F131/><N who="3" m="50219" /><G134/><T89/><D11/><U28/><E28/><V120/><F120/><W126/><G126/><T63/><D63/><U10/><E10/><V13/><F9/><W25/><G80/><T101/><D101/><U62/><E62/><V53/><F91/><W2/><G2/><T81/><D81/><U103/><E103/><V95/><F90/><W119/><G119/><T97/><D6/><U32/><E32/><V4/><F4/><W124/><G124/><T73/><D73/><U87/><E87/><V105/><F105/><W114/><G114/><T7/><D7/><RYUUKYOKU ba="1,1" sc="370,10,120,10,250,-30,250,10" hai0="41,44,47,48,50,51,52,54,64,66,89,92,97" hai1="12,15,17,19,20,22,42,43,49,69,70,84,85" hai3="18,23,25,58,59,88,98" /><INIT seed="0,2,1,3,0,78" ten="380,130,220,260" oya="0" hai0="96,129,135,107,115,48,27,56,31,17,134,36,11" hai1="90,74,23,83,114,120,62,40,49,4,37,131,12" hai2="50,29,43,14,58,41,16,5,63,116,89,98,33" hai3="124,112,8,128,70,105,26,68,125,110,67,130,85"/><T45/><D115/><U66/><E37/><V88/><F33/><W28/><G105/><T51/><D129/><N who="3" m="49769" /><G112/><T113/><D113/><U104/><E131/><V84/><F29/><W7/><G85/><T99/><D36/><U133/><E104/><V106/><F5/><W2/><G110/><T30/><D56/><U72/><E114/><V13/><F106/><W25/><G67/><T91/><D107/><U54/><E120/><V20/><F50/><W123/><G123/><T79/><D79/><U6/><E40/><V119/><F98/><W38/><G38/><T109/><D109/><U3/><E3/><V15/><F89/><W57/><G57/><T65/><D65/><U44/><E133/><N who="0" m="50697" /><D51/><U87/><E23/><V102/><F119/><W34/><G70/><T32/><D31/><U132/><E132/><V22/><F102/><W46/><G46/><T111/><D91/><U60/><E60/><V69/><F69/><W118/><G68/><T47/><D45/><U80/><E12/><V117/><F13/><W59/><G59/><T73/><D73/><U95/><E72/><V101/><F101/><W10/><G118/><T121/><D121/><U1/><E74/><V100/><F100/><W39/><G39/><T103/><D103/><U24/><E1/><V97/><F117/><W52/><G52/><N who="0" m="29727" /><D111/><U71/><REACH who="1" step="1"/><E24/><REACH who="1" ten="380,120,220,260" step="2"/><V35/><F116/><W127/><G26/><T0/><D0/><U82/><AGARI ba="2,2" hai="4,6,44,49,54,62,66,71,80,82,83,87,90,95" machi="82" ten="30,12000,2" yaku="1,1,2,1,0,1,52,3,53,0" doraHai="78" doraHaiUra="122" who="1" fromWho="1" sc="380,-62,120,146,220,-32,260,-32" /><INIT seed="1,0,0,2,0,62" ten="318,266,188,228" oya="1" hai0="102,20,117,51,3,99,120,74,17,45,12,29,88" hai1="122,78,61,28,73,5,129,70,63,8,66,27,24" hai2="97,59,105,53,133,1,64,16,32,46,41,38,15" hai3="95,82,100,52,116,107,2,25,44,77,119,71,125"/><U0/><E122/><V19/><F32/><W49/><G107/><T104/><D3/><U87/><E73/><V68/><F1/><W121/><G121/><T65/><D117/><N who="3" m="45129" /><G71/><T131/><D74/><U39/><E39/><V13/><F133/><W96/><G2/><T33/><D120/><U126/><E129/><V130/><F130/><W92/><G25/><T40/><D131/><U7/><E126/><V11/><F105/><N who="3" m="63623" /><G125/><T108/><D108/><U128/><E128/><V9/><F97/><W18/><G18/><T36/><D29/><U76/><E70/><V134/><F134/><W50/><G50/><T115/><D33/><U93/><E0/><V85/><F68/><W112/><G112/><T84/><D115/><U114/><E28/><V58/><F58/><W103/><G103/><T31/><D31/><U22/><E114/><V37/><F37/><W30/><G30/><T35/><D35/><U89/><E24/><V86/><F53/><W109/><G109/><T135/><D135/><U91/><E27/><V75/><F75/><AGARI ba="0,0" hai="44,49,52,75,77,82,92,95" m="63623,45129" machi="75" ten="30,2000,0" yaku="12,1,54,1" doraHai="62" who="3" fromWho="2" sc="318,0,266,0,188,-20,228,20" /><INIT seed="2,0,0,3,0,58" ten="318,266,168,248" oya="2" hai0="89,86,95,75,36,64,32,108,77,55,25,63,73" hai1="9,1,57,74,26,54,20,104,76,81,11,3,87" hai2="117,118,78,70,98,28,52,72,91,21,43,27,39" hai3="119,15,101,30,24,62,97,44,82,100,125,47,121"/><V103/><F70/><W18/><G121/><T79/><D36/><U129/><E104/><V126/><F126/><W102/><G125/><T67/><D75/><U16/><E129/><V45/><F91/><W122/><G122/><T112/><D108/><U116/><E116/><V134/><F134/><W113/><G113/><T60/><D112/><U4/><E74/><V93/><F78/><N who="0" m="29706" /><D32/><U128/><E128/><V124/><F72/><W14/><G97/><T35/><D35/><U40/><E40/><V50/><REACH who="2" step="1"/><F124/><REACH who="2" ten="318,266,158,248" step="2"/><W37/><G119/><T59/><D73/><U80/><E76/><V83/><F83/><W42/><G82/><T17/><D89/><U120/><E80/><V99/><F99/><W92/><G102/><T66/><D86/><U56/><E81/><V135/><F135/><W96/><G101/><T111/><D111/><U6/><E87/><V130/><F130/><W65/><G96/><T88/><D88/><U68/><E68/><V84/><F84/><W23/><G100/><T132/><D132/><U12/><E120/><V69/><F69/><W38/><G92/><T48/><D95/><U19/><E54/><V133/><F133/><W109/><G109/><T127/><D127/><U2/><E2/><V51/><F51/><W29/><G38/><T131/><D131/><U123/><E123/><V13/><F13/><W49/><G15/><T7/><D55/><U0/><E0/><V90/><F90/><W46/><G37/><T115/><D48/><U71/><E71/><V105/><F105/><W110/><G110/><T61/><D115/><U85/><E85/><RYUUKYOKU ba="0,1" sc="318,-15,266,15,158,15,248,-15" hai1="1,3,4,6,9,11,12,16,19,20,26,56,57" hai2="21,27,28,39,43,45,50,52,93,98,103,117,118" /><INIT seed="2,1,1,0,3,39" ten="303,281,173,233" oya="2" hai0="95,93,2,5,83,107,37,23,33,79,100,116,104" hai1="8,128,11,114,25,102,60,9,106,61,56,68,27" hai2="119,13,87,64,32,122,51,46,121,80,117,50,66" hai3="44,19,14,57,76,105,133,65,52,34,126,124,72"/><V40/><F32/><W70/><G34/><T97/><D33/><U73/><E114/><V115/><F13/><W94/><G105/><T26/><D116/><N who="2" m="44618" /><F87/><W59/><G72/><T36/><D107/><U7/><E73/><V82/><F80/><W17/><G76/><T67/><D67/><N who="2" m="25642" /><F82/><W21/><G133/><T108/><D108/><U6/><E102/><V16/><F16/><N who="3" m="10391" /><G70/><T24/><D26/><U35/><E68/><V110/><F115/><W91/><G65/><T38/><D5/><U28/><E106/><V90/><F90/><W47/><G59/><T98/><D2/><U12/><E27/><V112/><F112/><W30/><G30/><T29/><REACH who="0" step="1"/><D98/><REACH who="0" ten="293,281,173,233" step="2"/><U63/><E7/><V43/><F110/><W1/><G1/><T86/><AGARI ba="1,2" hai="23,24,29,36,37,38,79,83,86,93,95,97,100,104" machi="86" ten="30,4000,0" yaku="1,1,2,1,0,1,53,0" doraHai="39" doraHaiUra="53" who="0" fromWho="0" sc="293,63,281,-11,173,-21,233,-11" /><INIT seed="3,0,0,1,4,33" ten="356,270,152,222" oya="3" hai0="16,95,47,52,105,49,129,18,22,29,64,50,37" hai1="110,88,2,59,6,20,21,51,72,90,94,15,115" hai2="96,30,45,122,0,113,60,19,55,112,69,57,79" hai3="5,123,12,23,102,77,111,28,119,101,104,48,27"/><W13/><G123/><T7/><D105/><U91/><E72/><V73/><F30/><W24/><G119/><T130/><D37/><U41/><E115/><V100/><F122/><W40/><G111/><T17/><D64/><U38/><E38/><V39/><F79/><W26/><G77/><T32/><D32/><U34/><E34/><V86/><F73/><W66/><G66/><T128/><D7/><U103/><E110/><V82/><F69/><W58/><G104/><T99/><D29/><U9/><E2/><V106/><F19/><N who="3" m="10727" /><G28/><T121/><D121/><U11/><E11/><V70/><F70/><W56/><G40/><T54/><D22/><U114/><E114/><V71/><F71/><W14/><G14/><T84/><D84/><U120/><E120/><V127/><F0/><W44/><G44/><N who="0" m="27687" /><D18/><U65/><E41/><V107/><F107/><W68/><G68/><T67/><D67/><U125/><E125/><V116/><F127/><W93/><G93/><T62/><D62/><N who="1" m="38111" /><E51/><V108/><F108/><W83/><G83/><T31/><D31/><U97/><AGARI ba="0,0" hai="6,9,15,20,21,88,90,91,94,97,103" m="38111" machi="97" ten="30,2000,0" yaku="8,1,54,1" doraHai="33" who="1" fromWho="1" sc="356,-5,270,20,152,-5,222,-10" /><INIT seed="4,0,0,1,1,89" ten="351,290,147,212" oya="0" hai0="15,2,122,127,69,105,14,110,90,94,78,17,124" hai1="37,39,109,73,34,23,52,107,38,30,115,20,10" hai2="0,47,8,117,24,63,1,62,31,118,101,76,119" hai3="68,45,60,87,92,6,75,9,96,33,40,88,116"/><T72/><D2/><U29/><E107/><V66/><F76/><W86/><G116/><T98/><D122/><U81/><E109/><V42/><F101/><W53/><G33/><T132/><D110/><U61/><E115/><V104/><F104/><W12/><G75/><T22/><D69/><U16/><E73/><V95/><F95/><W58/><REACH who="3" step="1"/><G68/><REACH who="3" ten="351,290,147,202" step="2"/><T108/><D72/><U99/><E34/><V91/><F117/><W46/><G46/><T57/><D108/><U133/><E133/><V25/><F47/><W106/><G106/><T131/><D105/><U49/><E38/><AGARI ba="0,1" hai="6,9,12,38,40,45,53,58,60,86,87,88,92,96" machi="38" ten="30,7700,0" yaku="1,1,7,1,52,1,54,1,53,0" doraHai="89" doraHaiUra="134" who="3" fromWho="1" sc="351,0,290,-77,147,0,202,87" /><INIT seed="5,0,0,1,5,45" ten="351,213,147,289" oya="1" hai0="65,50,23,83,104,17,47,119,95,61,32,31,68" hai1="76,33,48,20,25,11,87,13,89,105,77,107,124" hai2="7,86,94,38,132,90,34,22,63,75,80,111,92" hai3="98,71,72,103,133,8,29,73,106,118,4,128,129"/><U96/><E124/><V59/><F34/><W100/><G100/><T125/><D104/><U54/><E33/><V81/><F38/><W112/><G29/><T19/><D125/><U134/><E134/><V70/><F70/><W78/><G133/><T113/><D113/><U15/><E105/><V40/><F40/><W130/><G112/><T121/><D119/><U120/><E96/><V117/><F111/><W110/><G110/><T56/><D32/><U57/><E107/><V0/><F132/><W135/><G135/><T91/><D68/><U58/><E58/><V67/><F117/><W88/><G118/><T127/><D83/><U102/><E102/><V84/><F75/><W28/><G28/><T122/><D127/><U85/><E120/><N who="0" m="46185" /><D23/><U109/><E109/><V66/><F0/><N who="3" m="7" /><G78/><N who="1" m="30314" /><E11/><V14/><F81/><W5/><G5/><T79/><D31/><N who="1" m="17831" /><E89/><V123/><F123/><W16/><G88/><T27/><D79/><U44/><E57/><V37/><F80/><W10/><G71/><T99/><D27/><U2/><E2/><V101/><F101/><W1/><G1/><T42/><AGARI ba="0,0" hai="17,19,42,47,50,56,61,65,91,95,99" m="46185" machi="42" ten="30,2000,0" yaku="13,1,52,1" doraHai="45" who="0" fromWho="0" sc="351,20,213,-10,147,-5,289,-5" /><INIT seed="6,0,0,0,5,41" ten="371,203,142,284" oya="2" hai0="135,48,75,73,15,65,19,106,97,59,69,134,117" hai1="90,26,77,24,76,17,31,81,78,99,85,109,103" hai2="38,40,67,37,129,98,110,133,10,113,5,94,30" hai3="92,35,7,8,74,111,54,12,93,1,125,100,46"/><V122/><F122/><W114/><G111/><T115/><D115/><U127/><E109/><V86/><F110/><W66/><G74/><T91/><D69/><U32/><E127/><V20/><F113/><W87/><G35/><T89/><D91/><U25/><REACH who="1" step="1"/><E17/><REACH who="1" ten="371,193,142,284" step="2"/><V34/><F129/><W4/><G125/><T39/><D19/><U64/><E64/><V121/><F67/><W70/><G66/><T2/><D65/><U116/><E116/><V102/><F133/><W83/><G114/><T27/><D117/><U51/><E51/><V79/><F38/><W105/><G70/><T3/><D39/><U6/><E6/><V29/><F37/><W55/><G7/><T56/><D48/><U107/><AGARI ba="0,1" hai="24,25,26,31,32,76,77,78,81,85,90,99,103,107" machi="107" ten="30,4000,0" yaku="1,1,0,1,53,1" doraHai="41" doraHaiUra="84" who="1" fromWho="1" sc="371,-10,193,50,142,-20,284,-10" /><INIT seed="7,0,0,3,2,105" ten="361,243,122,274" oya="3" hai0="18,131,8,126,108,22,46,88,43,9,91,124,29" hai1="110,71,5,87,67,74,41,31,35,23,98,68,64" hai2="79,81,133,118,111,30,130,93,92,127,72,32,73" hai3="19,25,84,121,77,61,116,38,129,44,94,39,70"/><W103/><G121/><T45/><D108/><U54/><E35/><V75/><F30/><W12/><G129/><T27/><D131/><U109/><E41/><V113/><F32/><W95/><G116/><T69/><D69/><U107/><E5/><V6/><F6/><W59/><G70/><T42/><D42/><U21/><E87/><N who="2" m="48575" /><F130/><W117/><G25/><T14/><D8/><U114/><E98/><V63/><F63/><W26/><G26/><T120/><D120/><U34/><E107/><V51/><F51/><W82/><G117/><T20/><D9/><U112/><E54/><V99/><F118/><W58/><G103/><T97/><D46/><U102/><E31/><V13/><F13/><W4/><G4/><T123/><D123/><U85/><E34/><V125/><F111/><W115/><G115/><T49/><D97/><U1/><E1/><V56/><F56/><W83/><G59/><T90/><AGARI ba="0,0" hai="14,18,20,22,27,29,43,45,49,88,90,91,124,126" machi="90" ten="30,2000,0" yaku="0,1,54,1" doraHai="105" who="0" fromWho="0" sc="361,20,243,-5,122,-5,274,-10" owari="381,48.0,238,-16.0,117,-38.0,264,6.0" /></mjloggm>