<mjloggm ver="2.3"><GO type="41" lobby="0"/><UN n0="%31%39%31%34%79%61%73%75" n1="%E3%83%89%E3%83%BC%E3%83%B3%E3%83%89" n2="%E3%82%B9%E3%82%A8%E3%82%AD%E3%83%81" n3="%E5%B0%B1%E6%B4%BB%E7%94%9F%40%E5%B7%9D%E6%9D%91%E8%BB%8D%E5%9B%A3" dan="13,14,13,15" rate="1899.09,1958.16,1841.82,2011.12" sx="M,M,M,M"/><TAIKYOKU oya="0"/><INIT seed="0,0,0,5,5,31" ten="250,250,250,250" oya="0" hai0="53,105,74,86,80,35,41,103,63,19,21,89,78" hai1="116,13,82,118,120,54,134,28,62,65,44,98,127" hai2="58,69,92,83,22,75,97,42,85,115,61,90,23" hai3="30,104,71,56,37,101,27,3,47,111,25,5,131"/><T133/><D41/><U1/><E120/><V52/><F115/><W12/><G111/><T124/><D133/><U125/><E134/><V99/><F75/><W38/><G131/><T33/><D124/><N who="1" m="47691" /><E1/><V121/><F121/><W66/><G27/><T73/><D73/><U8/><E98/><V40/><F69/><W48/><G12/><T18/><D18/><N who="1" m="8487" /><E82/><V135/><F135/><W106/><G56/><T36/><D36/><U10/><E10/><V113/><F99/><W119/><G119/><T128/><D128/><U129/><E28/><V100/><F113/><W91/><G5/><T130/><D130/><U112/><E112/><V45/><REACH who="2" step="1"/><F42/><REACH who="2" ten="250,250,240,250" step="2"/><N who="3" m="24695" /><G91/><T9/><D105/><U110/><E129/><V67/><F67/><W108/><G66/><T114/><D103/><U7/><E65/><V126/><F126/><W95/><G101/><T102/><D102/><U32/><E116/><V88/><F88/><W39/><G104/><T109/><D114/><U20/><E118/><V132/><F132/><W93/><G71/><T94/><D109/><U51/><E110/><V79/><F79/><W81/><G106/><T60/><D74/><U46/><E54/><V6/><F6/><W84/><G108/><T77/><D53/><U122/><E7/><V64/><F64/><W123/><G84/><T14/><D78/><U87/><E122/><V11/><F11/><W0/><G123/><T24/><D77/><U76/><E76/><V4/><F4/><W57/><G0/><T26/><D9/><U117/><E117/><V70/><F70/><W68/><G3/><T15/><D86/><RYUUKYOKU ba="0,1" sc="250,-10,250,-10,240,30,250,-10" hai2="22,23,40,45,52,58,61,83,85,90,92,97,100" /><INIT seed="1,1,1,0,3,1" ten="240,240,270,240" oya="1" hai0="56,73,13,105,130,2,132,64,71,114,84,36,11" hai1="34,22,80,46,42,40,23,86,126,5,133,87,134" hai2="48,30,72,77,9,63,117,65,43,51,122,135,50" hai3="29,62,95,120,45,129,125,27,93,78,18,110,14"/><U67/><E34/><V82/><F122/><W103/><G120/><T111/><RYUUKYOKU type="yao9" ba="1,1" sc="240,0,240,0,270,0,240,0" hai0="2,11,13,36,56,64,71,73,84,105,111,114,130,132" /><INIT seed="1,2,1,3,1,34" ten="240,240,270,240" oya="1" hai0="28,97,50,44,103,118,106,105,30,88,102,23,53" hai1="1,46,13,123,73,10,114,91,60,126,45,119,124" hai2="75,35,89,109,87,94,31,74,135,18,133,76,5" hai3="113,95,125,120,64,112,130,70,57,9,131,78,104"/><U54/><E114/><N who="3" m="44138" /><G104/><T63/><D118/><U86/><E119/><V65/><F65/><W84/><G78/><T92/><D105/><U40/><E123/><V11/><F18/><W69/><G95/><T19/><D63/><U96/><E73/><V107/><F107/><W20/><G84/><T90/><D90/><U52/><E96/><V134/><F109/><W115/><G115/><T85/><D103/><U26/><E26/><AGARI ba="2,1" hai="19,23,26,28,30,44,50,53,85,88,92,97,102,106" machi="26" ten="30,2000,0" yaku="7,1,54,1" doraHai="34" who="0" fromWho="1" sc="240,36,240,-26,270,0,240,0" /><INIT seed="2,0,0,4,3,12" ten="276,214,270,240" oya="2" hai0="130,68,109,51,113,26,111,65,73,126,37,17,105" hai1="24,39,29,100,9,80,108,42,11,114,63,115,86" hai2="52,67,48,93,102,38,22,76,79,64,90,43,84" hai3="125,16,119,112,89,56,60,78,66,104,135,6,14"/><V133/><F38/><W81/><G119/><T25/><D37/><U30/><E108/><V131/><F43/><W122/><G112/><T94/><D73/><U127/><E127/><V10/><F133/><W53/><G135/><T82/><D105/><U69/><E100/><V36/><F36/><W59/><G125/><T103/><D113/><U18/><E69/><V3/><F131/><W97/><G122/><T83/><D126/><U50/><E39/><V120/><F120/><W106/><G6/><T96/><D130/><U74/><E63/><V15/><F3/><W21/><G89/><T20/><D26/><U45/><E74/><V0/><F0/><W32/><G97/><T128/><D128/><U99/><E99/><V71/><F71/><W95/><G32/><T34/><D34/><U46/><E45/><V132/><F132/><W75/><REACH who="3" step="1"/><G95/><REACH who="3" ten="276,214,270,230" step="2"/><T31/><D109/><U35/><E35/><V5/><F102/><W23/><G23/><T19/><D111/><U107/><E107/><V70/><F70/><W101/><G101/><T28/><D103/><U49/><E115/><V72/><F76/><W110/><G110/><T88/><D83/><U62/><E80/><V77/><F77/><W55/><G55/><T134/><D82/><U4/><E4/><V27/><F79/><W44/><G44/><T8/><D134/><U2/><E46/><N who="2" m="27671" /><F72/><W118/><G118/><T121/><D121/><U123/><E123/><V87/><F84/><W40/><G40/><T85/><D85/><U58/><E42/><V124/><F124/><W7/><G7/><T116/><D116/><RYUUKYOKU ba="0,1" sc="276,-15,214,-15,270,15,230,15" hai2="5,10,15,22,27,64,67,87,90,93" hai3="14,16,21,53,56,59,60,66,75,78,81,104,106" /><INIT seed="2,1,1,4,4,20" ten="261,199,285,245" oya="2" hai0="2,123,134,103,77,37,120,27,48,73,9,55,64" hai1="106,121,5,39,13,28,92,78,12,21,127,58,34" hai2="60,44,74,3,129,71,113,15,59,30,18,118,31" hai3="133,105,14,101,108,90,52,87,29,62,23,115,1"/><V42/><F118/><W86/><G1/><T135/><D37/><U95/><E106/><V46/><F113/><W99/><G115/><T0/><D103/><U4/><E39/><V75/><F3/><W126/><G133/><T24/><D64/><U45/><E45/><V65/><F129/><W100/><G108/><T25/><D73/><U94/><E78/><V38/><F46/><W26/><G126/><T112/><D77/><U116/><E116/><V98/><F98/><W53/><G62/><T79/><D79/><U10/><E127/><V89/><F89/><W41/><G41/><T47/><D112/><U117/><E117/><V32/><F71/><W132/><G132/><N who="0" m="50731" /><D9/><N who="1" m="4135" /><E34/><V91/><F91/><W110/><G110/><T16/><D2/><U122/><E58/><V67/><F67/><W131/><G131/><T8/><D0/><U56/><E56/><V104/><F104/><W66/><G66/><T76/><D76/><U88/><E88/><V22/><REACH who="2" step="1"/><F31/><REACH who="2" ten="261,199,275,245" step="2"/><W33/><G101/><T130/><D130/><U114/><E114/><V35/><F35/><W61/><G99/><T7/><D7/><U107/><E107/><V119/><F119/><W97/><G100/><T11/><D11/><U111/><E111/><V40/><F40/><W70/><G97/><T80/><D80/><U102/><E102/><V128/><F128/><W83/><G105/><T6/><D6/><U72/><E121/><N who="0" m="46665" /><D8/><U49/><E122/><V17/><F17/><AGARI ba="1,2" hai="16,17,24,25,27,47,48,55" m="46665,50731" machi="17" ten="40,8000,1" yaku="20,1,52,3,54,1" doraHai="20" who="0" fromWho="2" sc="261,103,199,0,275,-83,245,0" /><INIT seed="3,0,0,0,2,21" ten="364,199,192,245" oya="3" hai0="85,1,22,110,46,43,12,134,73,97,127,8,19" hai1="124,129,24,74,99,23,44,82,36,131,66,130,72" hai2="109,84,125,7,15,117,98,114,58,62,93,60,26" hai3="61,0,111,5,14,95,53,78,34,20,122,57,13"/><W113/><G122/><T25/><D73/><U17/><E124/><V40/><F117/><W104/><G113/><T65/><D127/><U31/><E66/><V18/><F114/><W54/><G104/><T77/><D1/><U3/><E3/><V32/><F125/><W69/><G34/><T33/><D33/><N who="1" m="20711" /><E99/><V51/><F109/><W52/><G111/><T81/><D110/><U96/><E96/><V112/><F112/><W38/><G38/><T29/><D65/><U55/><E82/><V63/><F32/><W91/><G69/><T4/><D97/><U87/><E87/><V30/><F84/><W59/><G78/><T102/><D102/><U37/><E37/><V39/><F39/><W89/><G0/><T64/><D64/><U92/><E92/><V83/><F83/><W133/><G133/><T42/><D134/><U71/><E71/><V79/><F79/><W135/><G135/><T47/><REACH who="0" step="1"/><D4/><REACH who="0" ten="354,199,192,245" step="2"/><U88/><E74/><V107/><F7/><W106/><G106/><T6/><D6/><U35/><E35/><V9/><F107/><W10/><G95/><T70/><D70/><U16/><E72/><V132/><F93/><W90/><G61/><T118/><D118/><U48/><E129/><V45/><F98/><W121/><G121/><T108/><D108/><U94/><E130/><V41/><F132/><W123/><G123/><T80/><D80/><U56/><E131/><V28/><F63/><W75/><G75/><T105/><D105/><U128/><E128/><V68/><F62/><W103/><G103/><T49/><D49/><U67/><E48/><RYUUKYOKU ba="0,1" sc="354,15,199,-15,192,-15,245,15" hai0="8,12,19,22,25,29,42,43,46,47,77,81,85" hai3="5,10,13,14,20,52,53,54,57,59,89,90,91" /><INIT seed="3,1,1,4,5,134" ten="369,184,177,260" oya="3" hai0="71,49,22,121,9,127,59,39,89,55,47,88,129" hai1="82,57,113,126,118,51,38,107,10,78,16,99,8" hai2="66,73,93,29,14,12,92,81,130,109,44,106,74" hai3="98,80,53,117,114,32,105,72,86,31,69,28,30"/><W124/><G72/><T119/><D121/><U21/><E113/><V85/><F106/><W128/><G117/><T33/><D119/><U34/><E118/><V6/><F29/><W75/><G32/><T84/><D33/><U4/><E38/><V15/><F66/><W23/><G75/><T95/><D71/><U42/><E34/><V43/><F130/><W1/><G1/><T120/><D120/><U97/><E107/><V17/><F109/><W91/><G128/><T26/><D129/><U50/><E78/><V90/><F74/><W123/><G123/><T70/><D70/><U67/><E82/><V62/><F62/><W111/><G114/><T76/><D9/><U36/><E10/><V18/><F73/><W64/><G111/><T60/><D39/><U108/><E108/><V104/><F104/><W100/><G53/><T11/><D11/><U101/><E8/><V65/><F65/><W102/><G102/><T41/><D89/><U58/><E101/><V13/><F6/><W24/><REACH who="3" step="1"/><G124/><REACH who="3" ten="369,184,177,250" step="2"/><T19/><REACH who="0" step="1"/><D76/><REACH who="0" ten="359,184,177,250" step="2"/><U54/><E126/><AGARI ba="1,3" hai="19,22,26,41,47,49,55,59,60,84,88,95,126,127" machi="126" ten="40,8000,1" yaku="1,1,2,1,52,2,54,1,53,0" doraHai="134" doraHaiUra="122" who="0" fromWho="1" sc="359,113,184,-83,177,0,250,0" /><INIT seed="4,0,0,1,2,13" ten="472,101,177,250" oya="0" hai0="132,102,128,124,65,36,83,56,76,105,9,12,107" hai1="109,134,97,129,20,29,15,62,96,45,16,127,94" hai2="71,61,92,34,39,121,68,85,123,27,84,7,18" hai3="64,115,51,19,79,26,58,4,11,112,23,25,133"/><T125/><D36/><U46/><E109/><V53/><F39/><W47/><G133/><T108/><D132/><U118/><E134/><V30/><F7/><W86/><G25/><T101/><D128/><U111/><E129/><V98/><F71/><W99/><G99/><T52/><D65/><U114/><E111/><V93/><F123/><W6/><G64/><T70/><D70/><U73/><E73/><V40/><F40/><N who="3" m="25063" /><G58/><T113/><D113/><N who="3" m="43593" /><G11/><T24/><D24/><U104/><E114/><V49/><F121/><W89/><G79/><T41/><D41/><U55/><E118/><V78/><F78/><W69/><G69/><T116/><D116/><U22/><E127/><N who="0" m="48713" /><D105/><U35/><E104/><V103/><F93/><AGARI ba="0,0" hai="4,6,19,23,26,86,89,93" m="43593,25063" machi="93" ten="30,2000,0" yaku="15,1,52,1" doraHai="13" who="3" fromWho="2" sc="472,0,101,0,177,-20,250,20" /><INIT seed="5,0,0,2,2,93" ten="472,101,157,270" oya="1" hai0="22,27,118,127,11,105,113,108,123,102,12,61,15" hai1="134,87,34,6,130,21,121,132,103,57,74,69,33" hai2="63,64,18,76,9,107,80,111,24,96,2,85,81" hai3="124,46,68,115,89,67,47,122,86,120,94,131,28"/><U77/><E121/><V110/><F81/><W42/><G115/><T119/><D123/><U79/><E69/><V23/><F2/><W62/><G124/><T40/><D127/><U13/><E130/><V65/><F65/><W129/><G28/><T135/><D108/><U3/><E3/><V45/><F45/><W51/><G47/><T90/><D40/><U29/><E74/><V56/><F9/><W54/><G122/><T55/><D90/><U117/><E117/><V53/><F64/><W5/><G120/><T4/><D15/><U98/><E57/><V82/><F80/><W32/><G32/><T39/><D39/><U71/><E71/><V8/><F8/><W48/><G5/><T75/><D75/><U78/><E87/><V72/><F72/><W95/><G95/><T0/><D0/><U41/><E41/><V88/><F107/><W16/><G48/><T84/><D84/><U19/><E6/><V38/><F38/><W20/><G42/><T128/><D113/><U125/><E125/><V112/><F112/><W37/><G37/><T116/><D61/><U49/><E49/><V1/><F1/><W35/><G35/><T97/><D55/><U100/><E100/><V25/><F25/><W66/><G66/><T70/><D70/><U50/><E50/><V36/><F36/><W14/><AGARI ba="0,0" hai="14,16,20,46,51,54,62,67,68,86,89,94,129,131" machi="14" ten="30,2000,0" yaku="0,1,54,1" doraHai="93" who="3" fromWho="3" sc="472,-5,101,-10,157,-5,270,20" /><INIT seed="6,0,0,4,0,73" ten="467,91,152,290" oya="2" hai0="103,72,89,135,52,81,43,37,115,48,25,42,93" hai1="134,120,5,7,22,132,75,122,13,71,128,56,55" hai2="124,131,123,121,77,6,102,45,0,105,36,51,86" hai3="46,66,129,61,64,4,11,60,59,27,65,119,67"/><V28/><F131/><W107/><G119/><T82/><D115/><U110/><E71/><V17/><F124/><W106/><G129/><T79/><D37/><U44/><E44/><V88/><F36/><W100/><G27/><T118/><D82/><U26/><E128/><V104/><F28/><W83/><G46/><T68/><D103/><U15/><E75/><V97/><F104/><W98/><G107/><T31/><D68/><U95/><E95/><V19/><F17/><W57/><REACH who="3" step="1"/><G83/><REACH who="3" ten="467,91,152,280" step="2"/><T133/><D118/><U76/><E110/><V29/><F29/><W111/><G111/><T112/><D112/><U92/><E92/><V94/><F19/><W80/><G80/><T50/><D135/><N who="1" m="51755" /><E56/><V87/><F87/><W109/><G109/><T35/><D133/><U126/><E55/><V21/><F21/><W30/><G30/><T85/><D50/><U70/><E70/><V116/><F116/><W33/><G33/><T127/><D127/><U125/><E76/><V101/><F101/><W99/><G99/><T84/><D72/><U114/><E114/><V34/><F34/><W54/><G54/><T74/><D74/><U53/><E53/><N who="2" m="29935" /><F77/><W117/><G117/><T108/><D108/><U14/><E126/><V24/><F24/><W47/><G47/><AGARI ba="0,1" hai="25,31,35,42,43,47,48,52,79,81,84,85,89,93" machi="47" ten="30,3900,0" yaku="7,1,52,1,54,1" doraHai="73" who="0" fromWho="3" sc="467,49,91,0,152,0,280,-39" /><INIT seed="7,0,0,1,1,58" ten="516,91,152,241" oya="3" hai0="100,113,62,30,13,54,88,130,22,56,80,1,14" hai1="78,49,41,101,29,99,61,52,123,122,2,31,50" hai2="65,126,74,15,92,34,116,124,18,127,45,132,111" hai3="79,91,12,108,87,37,103,8,16,19,85,6,131"/><W76/><G37/><T51/><D1/><U104/><E2/><V115/><F92/><W40/><G131/><T114/><D130/><U4/><E4/><V117/><F45/><W36/><G108/><T38/><D38/><U53/><E123/><V3/><F65/><W72/><G72/><T97/><D30/><U133/><E122/><V17/><F15/><W46/><G103/><T11/><D22/><U106/><E78/><V7/><F7/><W98/><G98/><T105/><D51/><U77/><E77/><V120/><F117/><W110/><G110/><T25/><D25/><U93/><E133/><V21/><F21/><W89/><G79/><T70/><D70/><U5/><E41/><V33/><F18/><W10/><G76/><T95/><D80/><U96/><E5/><V84/><F84/><W112/><G112/><N who="0" m="43115" /><D11/><U102/><E93/><V63/><F17/><W68/><G68/><T71/><D71/><U26/><E26/><V60/><F63/><AGARI ba="0,0" hai="29,31,49,50,52,53,61,63,96,99,101,102,104,106" machi="63" ten="25,8000,1" yaku="22,2,52,2,54,1" doraHai="58" who="1" fromWho="2" sc="516,0,91,80,152,-80,241,0" owari="516,62.0,171,-23.0,72,-43.0,241,4.0" /></mjloggm>