<mjloggm ver="2.3"><GO type="169" lobby="0"/><UN n0="%E3%83%89%E3%83%90%E3%82%AF%E3%83%81%E5%A4%A7%E9%87%8E" n1="%E3%82%A6%E3%83%AB%E3%83%88%E3%83%A9%E7%AB%8B%E7%9B%B4" n2="%CE%BC%E3%81%97%E3%82%82%E3%81%A7" n3="%E3%81%93%E3%81%BE%E3%81%A1" dan="16,17,16,16" rate="2125.48,2183.53,2184.56,2145.53" sx="M,M,M,M"/><TAIKYOKU oya="0"/><INIT seed="0,0,0,2,5,4" ten="250,250,250,250" oya="0" hai0="78,7,90,31,42,107,127,29,11,36,102,28,44" hai1="33,18,71,79,30,64,49,61,66,123,72,19,96" hai2="97,69,73,38,39,41,17,98,84,12,106,85,131" hai3="87,68,101,77,35,104,65,27,1,70,95,55,118"/><T15/><D127/><U9/><E123/><V94/><F69/><W67/><G67/><T110/><D110/><U81/><E64/><V63/><F73/><W50/><G1/><T86/><D78/><U80/><E30/><V56/><F131/><W58/><G70/><T22/><D107/><U6/><E33/><V76/><F106/><W109/><G109/><T57/><D102/><U51/><E81/><V45/><F38/><W103/><G103/><T3/><D57/><U14/><E96/><V46/><F46/><W2/><G2/><T132/><D132/><U114/><E114/><V88/><F98/><W0/><G0/><T111/><D111/><U105/><E105/><V83/><F76/><W48/><G65/><T116/><D116/><U24/><E24/><V52/><REACH who="2" step="1"/><F83/><REACH who="2" ten="250,250,240,250" step="2"/><N who="3" m="47599" /><G104/><T20/><REACH who="0" step="1"/><D3/><REACH who="0" ten="240,250,240,250" step="2"/><U120/><E120/><V54/><F54/><W21/><G68/><T89/><D89/><U10/><E79/><V62/><F62/><W74/><G55/><T5/><D5/><U112/><E6/><V26/><F26/><W100/><G27/><T40/><D40/><U115/><E61/><V121/><F121/><W34/><G118/><T60/><D60/><U32/><E72/><V93/><F93/><AGARI ba="0,2" hai="7,11,15,20,22,28,29,31,36,42,44,86,90,93" machi="93" ten="40,3900,0" yaku="1,1,52,1,53,0" doraHai="4" doraHaiUra="59" who="0" fromWho="2" sc="240,59,250,0,240,-39,250,0" /><INIT seed="0,1,0,1,2,60" ten="299,250,201,250" oya="0" hai0="95,6,91,40,93,92,19,83,56,23,66,51,1" hai1="58,27,50,26,114,43,129,72,110,100,97,133,65" hai2="15,29,16,68,63,8,76,124,123,96,20,44,122" hai3="116,128,7,64,28,99,113,12,135,112,46,105,127"/><T88/><D1/><U31/><E72/><V108/><F76/><W53/><G116/><T9/><D6/><U132/><E114/><V25/><F124/><W118/><G28/><T38/><D9/><U84/><E84/><V120/><F108/><W104/><G104/><T3/><D3/><U67/><E110/><V89/><F44/><W85/><G85/><N who="0" m="50239" /><D38/><U117/><E117/><V39/><F39/><W14/><G7/><T80/><D80/><U111/><E111/><V32/><F89/><W34/><G34/><T2/><D2/><U17/><E17/><V54/><F96/><W13/><G99/><N who="0" m="57759" /><D40/><U79/><E79/><V61/><F54/><W55/><G55/><N who="0" m="31871" /><D66/><N who="1" m="25099" /><E58/><V33/><F68/><W73/><G64/><T86/><D86/><U0/><E0/><V81/><F81/><W94/><G73/><T21/><D21/><U101/><E43/><V126/><F126/><W102/><G127/><T59/><D59/><U36/><E36/><V121/><F121/><W71/><G71/><T4/><D4/><U115/><E115/><V77/><F77/><W82/><G82/><T78/><D78/><U37/><E37/><V103/><F33/><W10/><G113/><T49/><D49/><U24/><E50/><V41/><F41/><W45/><G105/><T48/><D48/><U42/><E42/><V62/><F32/><W130/><G118/><T70/><D70/><U131/><E31/><V98/><REACH who="2" step="1"/><F122/><REACH who="2" ten="299,250,191,250" step="2"/><W22/><G112/><T52/><D52/><U75/><E75/><V18/><F18/><W107/><G46/><T47/><D47/><U125/><E125/><RYUUKYOKU ba="1,1" sc="299,15,250,-15,191,15,250,-15" hai0="19,23,93,95" hai2="8,15,16,20,25,29,61,62,63,98,103,120,123" /><INIT seed="0,2,1,3,0,109" ten="314,235,206,235" oya="0" hai0="63,16,116,6,76,25,130,19,131,43,105,75,4" hai1="52,9,29,3,127,14,118,134,31,36,64,27,69" hai2="50,135,48,128,99,51,119,7,88,107,122,102,53" hai3="72,46,44,71,65,106,121,23,74,54,126,100,47"/><T94/><D105/><U34/><E36/><V5/><F122/><W22/><G126/><T82/><D116/><U40/><E40/><V67/><F119/><W20/><G121/><T12/><D43/><U13/><E64/><V129/><F67/><W111/><G111/><T91/><D63/><U124/><E69/><V33/><F33/><W21/><N who="3" m="5120" /><DORA hai="125" /><W78/><G54/><T32/><D32/><U133/><E118/><V80/><F135/><N who="1" m="51721" /><E52/><V108/><F108/><W73/><G78/><T8/><D25/><U120/><E29/><V15/><F53/><W84/><G84/><T96/><REACH who="0" step="1"/><D19/><REACH who="0" ten="304,235,206,235" step="2"/><U103/><E120/><V66/><F66/><W132/><G132/><T49/><D49/><U24/><E24/><V98/><F50/><W77/><G65/><T35/><D35/><U113/><E127/><V1/><F51/><W41/><G41/><T39/><D39/><U117/><E124/><V11/><F48/><W115/><G71/><T62/><D62/><U123/><E117/><V86/><F7/><AGARI ba="2,2" hai="4,6,7,8,12,16,75,76,82,91,94,96,130,131" machi="7" ten="40,18000,2" yaku="1,1,52,2,54,1,53,2" doraHai="109,125" doraHaiUra="95,79" who="0" fromWho="2" sc="304,206,235,0,206,-186,235,0" /><INIT seed="0,3,0,0,0,114" ten="510,235,20,235" oya="0" hai0="103,119,81,21,28,84,120,69,83,17,113,65,27" hai1="54,40,14,35,122,131,91,88,42,90,20,29,116" hai2="66,130,32,68,37,13,36,48,26,95,125,87,31" hai3="74,115,56,79,34,100,132,5,11,93,25,102,38"/><T85/><D119/><U57/><E122/><V98/><F130/><W77/><G38/><T73/><D113/><U51/><E116/><V59/><F125/><W97/><G115/><T67/><D120/><U16/><E131/><V105/><F68/><W86/><G132/><T19/><D73/><U64/><E64/><N who="0" m="24649" /><D69/><U101/><E101/><V23/><F105/><W2/><G100/><T107/><D103/><U104/><E104/><V133/><F133/><W6/><G6/><T124/><D107/><U111/><E111/><V1/><F1/><W30/><G74/><T92/><D92/><U41/><E35/><V123/><F123/><W75/><G75/><T33/><D33/><U62/><E29/><V46/><F87/><N who="0" m="33354" /><D124/><U24/><E14/><V80/><F80/><AGARI ba="3,0" hai="17,19,21,27,28,80,81,83" m="33354,24649" machi="80" ten="30,1500,0" yaku="8,1" doraHai="114" who="0" fromWho="2" sc="510,24,235,0,20,-24,235,0" owari="534,62.0,235,4.0,-4,-50.0,235,-16.0" /></mjloggm>