<mjloggm ver="2.3"><GO type="97" lobby="0"/><UN n0="%E4%BA%94%E3%81%B2%E3%82%83%E3%81%90%E3%81%88%E3%82%93" n1="%73%75%67%6F%6D%6F%72%69" n2="%E8%8C%B6%E7%B2%A5" n3="%E5%B0%B1%E6%B4%BB%E7%94%9F%40%E5%B7%9D%E6%9D%91%E8%BB%8D%E5%9B%A3" dan="13,13,15,14" rate="1877.05,1914.05,1975.00,2023.88" sx="M,F,M,M"/><TAIKYOKU oya="0"/><INIT seed="0,0,0,1,5,53" ten="250,250,250,250" oya="0" hai0="79,77,15,68,94,121,36,119,8,37,113,52,21" hai1="2,101,96,43,91,114,115,61,80,3,42,105,0" hai2="78,27,85,35,17,10,22,46,97,11,89,28,126" hai3="129,120,100,34,54,58,55,38,26,72,9,64,128"/><T56/><D68/><U110/><E110/><V19/><F126/><W47/><G72/><T23/><D121/><U75/><E61/><V76/><F97/><W18/><G120/><T134/><D119/><U13/><E13/><V57/><F46/><W12/><G100/><T130/><D113/><N who="1" m="43019" /><E75/><V74/><F74/><W62/><G38/><T33/><D33/><U122/><E122/><V82/><F35/><W108/><G108/><T132/><D130/><N who="3" m="50281" /><G47/><T131/><D131/><U7/><E7/><V125/><F125/><W86/><G86/><AGARI ba="0,0" hai="0,2,3,42,43,80,86,91,96,101,105" m="43019" machi="86" ten="40,1300,0" yaku="11,1" doraHai="53" who="1" fromWho="3" sc="250,0,250,13,250,0,250,-13" /><INIT seed="1,0,0,1,0,35" ten="250,263,250,237" oya="1" hai0="123,81,41,96,48,11,16,97,60,101,102,98,71" hai1="23,120,19,85,117,76,124,55,119,126,15,74,7" hai2="8,127,77,99,135,100,113,121,72,57,94,73,64" hai3="39,47,108,31,88,40,42,91,43,132,78,62,25"/><U125/><E120/><V92/><F121/><W109/><G78/><T14/><D81/><N who="1" m="47271" /><E74/><V0/><F135/><W103/><G103/><T82/><D82/><U61/><E7/><V44/><F127/><N who="1" m="32513" /><U12/><DORA hai="133" /><E12/><V18/><F113/><W106/><G106/><T105/><D123/><U80/><E80/><V128/><F128/><W111/><G132/><T79/><D79/><U29/><E29/><V5/><F77/><W67/><G47/><T112/><D112/><U118/><E61/><V86/><F73/><W3/><G39/><T59/><D71/><U134/><E134/><V20/><F72/><W69/><REACH who="3" step="1"/><G3/><REACH who="3" ten="250,263,250,227" step="2"/><T115/><D115/><U110/><E110/><V87/><F0/><W1/><G1/><T104/><D104/><U107/><E107/><V26/><F94/><W93/><G93/><T22/><D105/><U34/><E34/><AGARI ba="0,1" hai="25,31,34,40,42,43,62,67,69,88,91,108,109,111" machi="34" ten="50,6400,0" yaku="1,1,14,1,54,1,53,0" doraHai="35,133" doraHaiUra="89,130" who="3" fromWho="1" sc="250,0,263,-64,250,0,227,74" /><INIT seed="2,0,0,5,2,104" ten="250,199,250,301" oya="2" hai0="75,69,55,86,50,118,58,43,49,78,93,124,120" hai1="54,4,122,98,44,94,24,95,80,71,112,74,64" hai2="108,73,26,2,100,70,101,89,21,114,79,83,82" hai3="46,3,45,29,60,131,56,63,52,32,53,68,111"/><V91/><F70/><W14/><G3/><T96/><D69/><U110/><E110/><V38/><F38/><W23/><G111/><T28/><D120/><U127/><E112/><V20/><F108/><W8/><G131/><T106/><D124/><U121/><E127/><V72/><F2/><W92/><G32/><T84/><D28/><U34/><E4/><V88/><F114/><W81/><G81/><N who="2" m="30729" /><F79/><W116/><G116/><T42/><D75/><N who="2" m="28746" /><F26/><N who="3" m="16607" /><G92/><T66/><D106/><U37/><E64/><V36/><F36/><W17/><G68/><T25/><D78/><N who="1" m="44119" /><E71/><V135/><F135/><W102/><G102/><AGARI ba="0,0" hai="20,21,88,89,91,100,101,102" m="28746,30729" machi="102" ten="40,18000,2" yaku="28,2,52,3,54,1" doraHai="104" who="2" fromWho="3" sc="250,0,199,0,250,180,301,-180" /><INIT seed="2,1,0,3,4,38" ten="250,199,430,121" oya="2" hai0="119,123,120,13,18,61,12,133,132,76,95,21,60" hai1="125,3,64,87,69,57,134,111,63,66,65,35,130" hai2="83,47,112,106,0,70,93,52,86,122,99,53,128" hai3="9,28,15,34,42,94,117,72,121,90,27,97,40"/><V68/><F122/><W71/><G117/><T102/><D76/><U126/><E111/><V5/><F106/><W31/><G121/><T58/><D119/><U45/><E35/><V8/><F112/><W118/><G118/><T114/><D114/><U56/><E3/><V96/><F96/><W113/><G71/><T107/><D107/><U2/><E87/><V44/><F128/><W41/><G113/><T127/><D127/><N who="1" m="48651" /><E2/><V33/><F33/><W22/><G72/><T108/><D108/><U105/><E105/><V115/><F115/><W62/><G62/><T10/><D61/><N who="1" m="40079" /><E130/><V91/><F68/><W59/><G59/><N who="1" m="22602" /><E134/><N who="0" m="51817" /><D95/><U7/><E7/><V6/><F6/><N who="3" m="3511" /><G34/><T103/><D103/><U116/><E116/><V17/><F17/><AGARI ba="1,0" hai="17,22,27,28,31,40,41,42,90,94,97" m="3511" machi="17" ten="30,7700,0" yaku="8,1,52,3" doraHai="38" who="3" fromWho="2" sc="250,0,199,0,430,-80,121,80" /><INIT seed="3,0,0,0,4,119" ten="250,199,350,201" oya="3" hai0="81,10,52,40,135,103,58,109,128,26,30,123,118" hai1="42,64,122,110,113,65,71,91,82,121,21,78,74" hai2="87,112,73,98,104,9,75,4,102,93,25,51,14" hai3="111,18,23,39,22,33,131,101,3,56,60,53,89"/><W13/><G39/><T2/><D118/><U34/><E110/><V15/><F112/><W61/><G33/><T38/><D109/><U99/><E113/><V47/><F25/><W8/><G131/><T100/><D135/><U108/><E34/><V28/><F28/><W57/><G111/><T12/><D2/><U62/><E108/><V86/><F86/><W79/><G3/><T41/><D123/><U76/><E76/><V63/><F63/><W24/><G79/><T20/><D81/><U45/><E65/><V132/><F132/><W92/><G101/><N who="0" m="38987" /><D38/><U124/><E124/><V1/><F1/><W126/><G126/><T68/><D68/><U0/><E0/><V55/><F15/><W85/><REACH who="3" step="1"/><G24/><REACH who="3" ten="250,199,350,191" step="2"/><T116/><D128/><U134/><E134/><V107/><F104/><W44/><G44/><T19/><D116/><U80/><E21/><V37/><F37/><W70/><G70/><T11/><D11/><U66/><E66/><AGARI ba="0,1" hai="8,13,18,22,23,53,56,57,60,61,66,85,89,92" machi="66" ten="30,11600,0" yaku="1,1,7,1,8,1,53,1" doraHai="119" doraHaiUra="90" who="3" fromWho="1" sc="250,0,199,-116,350,0,191,126" /><INIT seed="3,1,0,5,5,54" ten="250,83,350,317" oya="3" hai0="44,123,93,80,115,81,94,24,40,16,25,133,36" hai1="82,76,112,47,49,92,126,61,106,23,58,70,33" hai2="17,19,102,59,74,121,14,52,100,12,46,129,3" hai3="89,38,86,26,84,6,55,10,87,5,78,69,128"/><W31/><G69/><T30/><D123/><U63/><E112/><V20/><F74/><W91/><G38/><T8/><D133/><U103/><E106/><V41/><F3/><W43/><G128/><T1/><D115/><U53/><E126/><V64/><F64/><W13/><G43/><T107/><D107/><U97/><E33/><V90/><F129/><W11/><G78/><T75/><D81/><U57/><E70/><V111/><F111/><W85/><G55/><T28/><D94/><U35/><E35/><V83/><F121/><W114/><G114/><T105/><D93/><U42/><E23/><V104/><F104/><W101/><G101/><T117/><D117/><U118/><E118/><V131/><F131/><W34/><N who="3" m="22016" /><DORA hai="135" /><W27/><REACH who="3" step="1"/><G27/><REACH who="3" ten="250,83,350,307" step="2"/><T7/><D25/><U72/><REACH who="1" step="1"/><E42/><REACH who="1" ten="250,73,350,307" step="2"/><V77/><F41/><W98/><G98/><T37/><D105/><U22/><E22/><V73/><F90/><W99/><G99/><T66/><D37/><U130/><E130/><V79/><F79/><W48/><G48/><T134/><D134/><U21/><E21/><V96/><F96/><W29/><G29/><T116/><D116/><U71/><E71/><V62/><F20/><W132/><G132/><T127/><D30/><U60/><AGARI ba="1,2" hai="47,49,53,57,58,60,61,63,72,76,82,92,97,103" machi="60" ten="30,7900,0" yaku="1,1,0,1,52,2,53,0" doraHai="54,135" doraHaiUra="125,68" who="1" fromWho="1" sc="250,-21,73,102,350,-21,307,-40" owari="229,-17.0,175,-32.0,329,42.0,267,7.0" /></mjloggm>