<mjloggm ver="2.3"><GO type="41" lobby="0"/><UN n0="%2D%E3%82%84%E3%81%AF%E3%81%8E%2D" n1="%6D%6F%79%6F" n2="%E5%B0%B1%E6%B4%BB%E7%94%9F%40%E5%B7%9D%E6%9D%91%E8%BB%8D%E5%9B%A3" n3="%E3%81%82%E3%81%97%E3%82%85%E3%81%9F%E3%82%93" dan="15,14,15,13" rate="2018.99,1960.45,2000.68,1901.35" sx="M,M,M,M"/><TAIKYOKU oya="0"/><INIT seed="0,0,0,0,4,66" ten="250,250,250,250" oya="0" hai0="129,20,133,19,74,61,41,104,43,89,73,81,38" hai1="96,126,28,117,1,33,108,97,101,34,52,49,65" hai2="56,29,67,85,118,42,78,64,25,107,58,98,16" hai3="127,26,11,62,120,111,80,6,39,93,84,60,86"/><T88/><D104/><U83/><E117/><V94/><F118/><W71/><G111/><T22/><D129/><U37/><E108/><V27/><F107/><W77/><G127/><T36/><D61/><U48/><E37/><N who="0" m="14441" /><D19/><U21/><E126/><V131/><F131/><W90/><G39/><T0/><D0/><U69/><E1/><V59/><F42/><N who="0" m="15882" /><D81/><U123/><E123/><V103/><F78/><W9/><G120/><T31/><D31/><U63/><E83/><V113/><F113/><W82/><G71/><T109/><D133/><U110/><E110/><V95/><F85/><N who="3" m="48271" /><G26/><T4/><D4/><U35/><E48/><V102/><F16/><W5/><G5/><T100/><D100/><N who="2" m="38442" /><F98/><W91/><G6/><T105/><D105/><U79/><E79/><V135/><F135/><W92/><G82/><T55/><D55/><U50/><E50/><V15/><F15/><W75/><G75/><N who="0" m="28683" /><D109/><U130/><E130/><V99/><F99/><W8/><AGARI ba="0,0" hai="8,9,11,60,62,84,86,90,91,92,93" m="48271" machi="8" ten="30,1100,0" yaku="8,1" doraHai="66" who="3" fromWho="3" sc="250,-5,250,-3,250,-3,250,11" /><INIT seed="1,0,0,2,2,51" ten="245,247,247,261" oya="1" hai0="76,91,18,53,130,93,58,14,19,115,83,52,113" hai1="31,81,70,3,75,105,135,17,48,4,100,78,38" hai2="89,2,13,59,15,29,35,23,20,60,42,73,74" hai3="37,131,80,24,71,43,41,8,129,123,92,25,97"/><U63/><E135/><V0/><F42/><W22/><G123/><T96/><D130/><N who="3" m="49673" /><G71/><T55/><D58/><U46/><E31/><V57/><F60/><W108/><G108/><T45/><D45/><U30/><E30/><V101/><F101/><W106/><G106/><T102/><D102/><U120/><E120/><V111/><F111/><W68/><G68/><T49/><D49/><U133/><E133/><V1/><F89/><W124/><G124/><T125/><D125/><U64/><E17/><V12/><F29/><N who="3" m="17559" /><G25/><T6/><D6/><U26/><E26/><V66/><F35/><W40/><G8/><T65/><D65/><U50/><E100/><V32/><F32/><W112/><G112/><T47/><D47/><U27/><E27/><V126/><F66/><W9/><G9/><T116/><D116/><U39/><E105/><V11/><F11/><W72/><G72/><N who="2" m="27753" /><F126/><W62/><G80/><T7/><D7/><U79/><E4/><V95/><F95/><W21/><G21/><AGARI ba="0,0" hai="0,1,2,12,13,15,20,21,23,57,59" m="27753" machi="21" ten="40,2600,0" yaku="28,2" doraHai="51" who="2" fromWho="3" sc="245,0,247,0,247,26,261,-26" /><INIT seed="2,0,0,2,4,80" ten="245,247,273,235" oya="2" hai0="10,59,45,101,20,11,69,46,83,122,56,12,128" hai1="53,75,129,14,116,25,65,74,84,61,92,13,93" hai2="31,16,6,132,107,115,119,70,28,87,121,21,8" hai3="98,77,37,66,91,82,32,9,4,49,124,114,5"/><V81/><F70/><W50/><G37/><T127/><D122/><U43/><E116/><V17/><F107/><W2/><G32/><T105/><D69/><U38/><E129/><V123/><F119/><W85/><G124/><T126/><D128/><U108/><E108/><V94/><F115/><W106/><G114/><T102/><D83/><U51/><E43/><V72/><F72/><W76/><G66/><T60/><D20/><U42/><E42/><V97/><F132/><W1/><G77/><T7/><D105/><U55/><E38/><V90/><F121/><W35/><G35/><T79/><D79/><U54/><E51/><V95/><F123/><W113/><G113/><T52/><D11/><U71/><E25/><V109/><F109/><W134/><G134/><T57/><D126/><U27/><E27/><N who="2" m="14759" /><F6/><W47/><G5/><T29/><D29/><N who="2" m="11338" /><F97/><W24/><G24/><T22/><D22/><U99/><E99/><V36/><F36/><W64/><G1/><T103/><REACH who="0" step="1"/><D127/><REACH who="0" ten="235,247,273,235" step="2"/><U131/><E131/><V111/><F111/><W18/><G106/><T41/><D41/><U26/><E26/><V78/><F78/><W88/><G76/><T62/><D62/><U23/><E23/><V86/><F8/><W100/><G9/><T135/><D135/><U125/><E125/><V112/><F112/><W89/><G82/><T0/><D0/><U58/><E71/><V3/><F3/><W15/><G2/><T104/><D104/><U118/><E118/><V40/><F40/><W120/><G120/><T30/><D30/><U44/><E61/><V96/><F81/><RYUUKYOKU ba="0,1" sc="235,30,247,-10,273,-10,235,-10" hai0="7,10,12,45,46,52,56,57,59,60,101,102,103" /><INIT seed="3,1,1,1,5,65" ten="265,237,263,225" oya="3" hai0="106,132,46,103,123,79,93,58,29,2,35,73,55" hai1="60,115,131,39,59,15,119,134,86,64,23,89,75" hai2="7,124,0,16,77,19,85,52,5,18,112,4,24" hai3="32,26,53,87,105,90,99,41,43,63,71,133,82"/><W117/><G133/><T122/><D2/><U27/><E134/><V30/><F112/><W68/><G117/><T128/><D132/><U25/><E115/><V57/><F124/><W101/><G53/><T11/><D106/><U78/><E119/><V17/><N who="2" m="4608" /><DORA hai="3" /><V94/><F0/><W96/><G96/><T120/><D11/><U28/><E131/><V9/><F9/><W81/><G81/><T121/><D128/><U45/><E15/><V130/><F130/><W92/><G92/><T95/><D46/><U113/><E113/><V102/><F77/><W12/><G12/><T91/><D103/><U20/><E75/><V88/><F102/><W109/><G109/><T98/><D93/><U67/><E78/><V74/><F74/><W129/><G129/><T51/><N who="0" m="30720" /><DORA hai="34" /><T69/><D69/><U61/><E39/><V111/><F111/><W100/><G71/><T14/><D14/><U66/><E45/><V13/><F13/><W38/><G38/><T76/><REACH who="0" step="1"/><D73/><REACH who="0" ten="255,237,263,225" step="2"/><U97/><E97/><V110/><F110/><W104/><G101/><T126/><D126/><U6/><E59/><V116/><F116/><W21/><G105/><T56/><D56/><U72/><E72/><V37/><F37/><W36/><G36/><T40/><D40/><U70/><E70/><V31/><F24/><AGARI ba="1,2" hai="24,29,35,51,55,58,76,79,91,95,98" m="30720" machi="24" ten="70,8000,1" yaku="1,1,53,4" doraHai="65,3,34" doraHaiUra="33,80,118" who="0" fromWho="2" sc="255,103,237,0,263,-83,225,0" /><INIT seed="4,0,0,3,4,17" ten="358,237,180,225" oya="0" hai0="67,40,53,134,68,48,62,60,36,28,18,100,66" hai1="119,30,16,73,120,107,125,82,31,13,14,97,118" hai2="117,15,34,83,78,4,44,131,39,130,112,135,115" hai3="85,79,49,98,103,33,55,75,114,54,24,63,0"/><T1/><D1/><U20/><E120/><V26/><F39/><W50/><G75/><T42/><D28/><U129/><E129/><N who="2" m="49163" /><F44/><W113/><G0/><T133/><D100/><U109/><E109/><V106/><F106/><W84/><G63/><T45/><D18/><U86/><E73/><N who="2" m="43471" /><F117/><W72/><G72/><T96/><D96/><U46/><E46/><V80/><F80/><W77/><G24/><T8/><D8/><U47/><E47/><V11/><F135/><N who="0" m="51722" /><D36/><U7/><E119/><V32/><F26/><W88/><G33/><AGARI ba="0,0" hai="4,11,15,32,33,34,112,115" m="43471,49163" machi="33" ten="30,1000,0" yaku="19,1" doraHai="17" who="2" fromWho="3" sc="358,0,237,0,180,10,225,-10" /><INIT seed="5,0,0,4,3,7" ten="358,237,190,215" oya="1" hai0="28,122,110,36,16,131,98,27,3,42,67,79,124" hai1="132,55,51,73,43,106,60,32,12,44,50,115,101" hai2="71,4,65,118,111,5,82,81,0,76,78,121,89" hai3="54,94,80,29,125,63,48,34,130,100,107,35,117"/><U109/><E115/><V18/><F111/><W135/><G125/><T88/><D110/><U92/><E109/><V134/><F118/><W133/><G130/><T90/><D124/><U83/><E132/><N who="3" m="50762" /><G117/><T97/><D131/><U49/><E106/><V14/><F134/><W1/><G107/><T6/><D79/><U120/><E120/><V91/><F121/><W119/><G1/><T57/><D3/><U85/><E73/><V126/><F126/><W105/><G105/><T69/><D69/><U77/><E32/><V11/><F71/><W62/><G80/><T41/><D6/><U86/><E12/><V10/><F65/><W15/><G15/><T52/><D67/><U99/><REACH who="1" step="1"/><E86/><REACH who="1" ten="358,227,190,215" step="2"/><V64/><F64/><W116/><G35/><T84/><D84/><U8/><E8/><V56/><F0/><W39/><G34/><T37/><D122/><U112/><E112/><V25/><F14/><W19/><G116/><T53/><D97/><U72/><E72/><V108/><F108/><W74/><G74/><T114/><D98/><U24/><E24/><V127/><F25/><W102/><G119/><T123/><D123/><U33/><E33/><V58/><F127/><W30/><G102/><T9/><D27/><U103/><E103/><V75/><F75/><W2/><G2/><T61/><D114/><U68/><E68/><V70/><F70/><W104/><G104/><T40/><D9/><U26/><E26/><V31/><F18/><W13/><G100/><T66/><D16/><U21/><E21/><V20/><F20/><W93/><G19/><T59/><D28/><AGARI ba="0,1" hai="4,5,10,11,28,31,56,58,76,78,81,82,89,91" machi="28" ten="25,12000,2" yaku="6,1,22,2,8,1,52,2" doraHai="7" who="2" fromWho="0" sc="358,-120,227,0,190,130,215,0" /><INIT seed="6,0,0,2,0,43" ten="238,227,320,215" oya="2" hai0="3,116,5,98,101,48,93,135,14,49,118,84,114" hai1="102,132,2,80,35,11,54,10,72,21,105,112,31" hai2="94,63,65,78,38,88,9,85,69,131,82,36,20" hai3="109,103,29,61,44,74,16,45,39,23,134,119,75"/><V95/><F131/><W70/><G109/><T117/><D114/><U56/><E112/><V99/><F20/><W113/><G119/><T96/><D135/><U127/><E132/><V110/><F110/><W115/><G134/><T104/><D3/><U92/><E105/><V66/><F65/><W53/><G75/><T22/><D84/><U41/><E35/><V129/><F129/><W28/><G74/><T27/><D14/><U126/><E41/><V120/><F120/><W83/><G39/><T4/><D4/><U57/><E72/><V130/><F130/><W15/><G113/><T18/><REACH who="0" step="1"/><D5/><REACH who="0" ten="228,227,320,215" step="2"/><U81/><E2/><V73/><REACH who="2" step="1"/><F9/><REACH who="2" ten="228,227,310,215" step="2"/><W124/><G115/><T108/><D108/><U6/><E10/><V13/><F13/><W79/><G15/><T32/><D32/><U33/><E11/><V62/><F62/><W37/><G61/><T59/><D59/><U40/><E33/><V89/><AGARI ba="0,2" hai="36,38,63,66,69,73,78,82,85,88,89,94,95,99" machi="89" ten="20,12000,1" yaku="1,1,0,1,7,1,54,1,53,1" doraHai="43" doraHaiUra="64" who="2" fromWho="2" sc="228,-40,227,-40,310,140,215,-40" /><INIT seed="6,1,0,5,3,111" ten="188,187,450,175" oya="2" hai0="48,41,70,113,34,58,122,8,95,128,7,97,86" hai1="126,112,63,91,71,130,115,50,3,78,101,90,38" hai2="25,51,107,27,119,47,121,102,9,20,127,16,116" hai3="118,10,100,33,37,133,30,67,12,104,42,64,106"/><V123/><F107/><W40/><G118/><T61/><D122/><U31/><E38/><V15/><F102/><W83/><G133/><T132/><D132/><U125/><E130/><V43/><F127/><N who="1" m="48649" /><E3/><V35/><F35/><W62/><G67/><T76/><D113/><N who="1" m="43595" /><E78/><V5/><REACH who="2" step="1"/><F25/><REACH who="2" ten="188,187,440,175" step="2"/><W108/><G106/><T77/><D34/><U69/><E101/><V4/><F4/><W79/><G100/><T14/><D7/><U114/><E114/><V13/><F13/><W21/><G104/><T85/><D14/><U24/><E50/><V73/><F73/><W99/><G33/><T1/><D48/><U49/><E49/><V52/><F52/><W103/><G12/><T135/><D1/><U98/><E63/><V60/><F60/><W74/><G62/><T82/><D61/><U18/><E71/><V17/><F17/><W93/><G64/><T89/><D70/><U124/><E69/><V54/><F54/><W23/><G74/><T84/><D135/><U6/><E18/><V53/><F53/><W120/><G103/><T105/><D105/><U129/><E124/><V29/><F29/><W75/><G30/><T0/><D0/><U72/><E6/><V94/><F94/><W36/><G93/><T88/><D95/><U65/><E65/><V55/><F55/><W11/><G75/><T96/><D41/><U56/><E72/><V19/><F19/><W87/><G42/><T39/><D82/><U92/><E92/><V131/><F131/><W32/><G40/><T57/><D57/><U66/><E56/><V80/><F80/><N who="3" m="47519" /><G32/><T45/><D58/><RYUUKYOKU ba="1,1" sc="188,-10,187,-10,440,30,175,-10" hai2="5,9,15,16,20,27,43,47,51,116,119,121,123" /><INIT seed="6,2,1,3,0,115" ten="178,177,470,165" oya="2" hai0="8,131,37,85,25,108,135,62,126,9,83,77,117" hai1="36,6,100,30,55,71,23,26,61,57,116,114,44" hai2="82,27,46,47,109,45,72,50,66,102,87,53,3" hai3="95,65,99,18,41,42,90,91,88,24,84,132,60"/><V73/><F109/><W130/><G130/><T97/><D108/><U89/><E114/><V80/><F3/><W2/><G2/><T51/><D131/><U120/><E120/><V94/><F66/><W29/><G132/><T63/><D135/><U92/><E116/><V127/><F127/><W39/><G18/><T68/><D37/><U119/><E119/><V96/><F80/><W112/><G112/><T56/><D117/><U124/><E124/><V10/><F10/><N who="0" m="4202" /><D68/><U21/><E6/><V111/><F111/><W133/><G133/><T59/><D126/><U4/><E4/><V33/><F33/><W78/><G78/><T16/><D97/><U15/><E100/><V93/><F93/><W20/><G39/><T34/><D34/><U106/><E106/><V13/><F13/><W123/><G123/><T104/><D104/><U113/><E113/><V1/><F1/><W103/><REACH who="3" step="1"/><G84/><REACH who="3" ten="178,177,470,155" step="2"/><T125/><D125/><U52/><E36/><V5/><F73/><W35/><G35/><T101/><D85/><U81/><E30/><V134/><F72/><W0/><G0/><T128/><D16/><U118/><E118/><V31/><F5/><W64/><G64/><T14/><D77/><U79/><E79/><V7/><F7/><W76/><G76/><T58/><D128/><U48/><E71/><AGARI ba="2,2" hai="20,24,29,41,42,60,65,71,88,90,91,95,99,103" machi="71" ten="40,2600,0" yaku="1,1,54,1,53,0" doraHai="115" doraHaiUra="11" who="3" fromWho="1" sc="178,0,177,-32,470,0,155,52" /><INIT seed="7,0,0,5,3,86" ten="178,145,470,207" oya="3" hai0="33,40,88,83,55,74,95,123,50,110,58,60,97" hai1="101,125,54,79,53,135,107,124,131,16,102,105,34" hai2="30,72,134,77,36,127,68,133,92,65,24,10,96" hai3="80,12,13,47,129,119,43,38,19,29,128,27,121"/><W111/><G121/><T20/><D110/><U44/><E34/><V48/><F36/><W6/><G119/><T31/><D123/><U15/><E79/><V69/><F127/><N who="1" m="48713" /><E44/><V4/><F77/><W56/><G80/><T126/><D126/><U61/><E61/><V118/><F72/><W98/><G47/><N who="0" m="25959" /><D33/><U99/><E135/><N who="2" m="51723" /><F48/><W93/><G38/><T37/><D37/><U76/><E76/><V75/><F75/><W89/><G111/><T1/><D1/><U113/><E131/><V62/><F118/><W21/><G43/><T116/><D116/><U11/><E113/><V67/><F67/><W90/><G128/><T49/><D74/><U2/><E2/><N who="2" m="279" /><F62/><W108/><G129/><T59/><D83/><U132/><E132/><V120/><F65/><W106/><G106/><N who="1" m="40458" /><E99/><V87/><F87/><W70/><G98/><T63/><D59/><U45/><E45/><V104/><F104/><W57/><G56/><T25/><AGARI ba="0,0" hai="20,25,31,49,55,58,60,63,88,95,97" m="25959" machi="25" ten="30,4000,0" yaku="8,1,52,1,54,1" doraHai="86" who="0" fromWho="0" sc="178,40,145,-10,470,-10,207,-20" owari="218,2.0,135,-36.0,460,55.0,187,-21.0" /></mjloggm>