<mjloggm ver="2.3"><GO type="41" lobby="0"/><UN n0="%4D%2D%4D" n1="%59%48%73" n2="%48%6F%6B%69" n3="%E5%B0%B1%E6%B4%BB%E7%94%9F%40%E5%B7%9D%E6%9D%91%E8%BB%8D%E5%9B%A3" dan="13,13,13,15" rate="1855.63,1810.31,1866.26,1961.40" sx="M,M,M,M"/><TAIKYOKU oya="0"/><INIT seed="0,0,0,0,5,77" ten="250,250,250,250" oya="0" hai0="12,124,21,45,19,2,104,5,125,80,88,78,92" hai1="25,13,14,134,41,28,94,100,72,103,76,33,29" hai2="62,109,32,93,43,8,73,61,84,66,9,64,23" hai3="30,27,51,86,101,106,121,91,135,26,18,34,116"/><T39/><D104/><U49/><E134/><V83/><F109/><W58/><G135/><T119/><D119/><U96/><E29/><V110/><F110/><W57/><G116/><T117/><D117/><U67/><E103/><V59/><F32/><W99/><G121/><T75/><D125/><U123/><E123/><V31/><F43/><W68/><G68/><T38/><D124/><U16/><E67/><V111/><F111/><W3/><G3/><T97/><D2/><U120/><E120/><V47/><F47/><W81/><G26/><T50/><REACH who="0" step="1"/><D5/><REACH who="0" ten="240,250,250,250" step="2"/><U82/><E33/><V63/><F66/><W90/><G18/><T95/><D95/><U132/><E28/><V87/><F93/><W42/><G106/><T40/><AGARI ba="0,1" hai="12,19,21,38,39,40,45,50,75,78,80,88,92,97" machi="40" ten="20,12000,1" yaku="1,1,0,1,7,1,52,1,54,1,53,0" doraHai="77" doraHaiUra="112" who="0" fromWho="0" sc="240,130,250,-40,250,-40,250,-40" /><INIT seed="0,1,0,2,1,28" ten="370,210,210,210" oya="0" hai0="98,6,31,110,93,39,85,125,4,62,45,105,24" hai1="116,126,77,33,75,80,76,35,81,58,52,54,65" hai2="117,95,37,94,29,112,21,133,23,71,59,124,121" hai3="47,22,66,1,43,44,130,99,64,63,10,20,19"/><T16/><D125/><U89/><E89/><V8/><F8/><W120/><G120/><T79/><D105/><U115/><E115/><V82/><F82/><W30/><G130/><T11/><D62/><U68/><E116/><V114/><F29/><W69/><G66/><T60/><D60/><U2/><E2/><V50/><F50/><W5/><G30/><T41/><D110/><U14/><E126/><V127/><F59/><W103/><G19/><T131/><D131/><U34/><E68/><V118/><F71/><W100/><G100/><T91/><D79/><U106/><E106/><V51/><F51/><W61/><G61/><T78/><D78/><U88/><E88/><V104/><F104/><W7/><G7/><T0/><D6/><U135/><E65/><V36/><REACH who="2" step="1"/><F133/><REACH who="2" ten="370,210,200,210" step="2"/><W13/><G1/><T26/><D31/><U134/><E58/><V113/><F113/><W97/><G44/><T109/><D109/><U18/><E134/><V27/><F27/><W48/><G47/><T56/><D56/><U84/><REACH who="1" step="1"/><E135/><REACH who="1" ten="370,200,200,210" step="2"/><V12/><F12/><W83/><G69/><T122/><D45/><U53/><E53/><V129/><F129/><W101/><G13/><T38/><D38/><U17/><E17/><V74/><F74/><W25/><G43/><T119/><D41/><U87/><E87/><V73/><F73/><W46/><G46/><T86/><D39/><U96/><E96/><V70/><F70/><W111/><G97/><T32/><D16/><U9/><AGARI ba="1,2" hai="9,14,18,33,34,35,52,54,75,76,77,80,81,84" machi="9" ten="30,12000,2" yaku="1,1,0,1,52,3,54,1,53,0" doraHai="28" doraHaiUra="128" who="1" fromWho="1" sc="370,-61,200,143,200,-31,210,-31" /><INIT seed="1,0,0,0,5,75" ten="309,343,169,179" oya="1" hai0="43,123,26,11,40,16,99,14,67,36,133,106,51" hai1="91,10,34,42,122,66,68,73,115,50,90,72,77" hai2="30,135,3,114,8,98,97,70,64,96,127,60,52" hai3="100,45,37,108,88,92,132,41,49,57,53,0,134"/><U109/><E122/><V84/><F127/><W59/><G0/><T4/><D123/><U95/><E34/><V82/><F135/><N who="3" m="51755" /><G100/><T22/><D36/><U61/><E115/><V63/><F114/><W55/><G108/><T17/><D133/><U111/><E10/><V76/><F30/><W128/><G128/><T86/><D67/><U21/><E21/><V56/><REACH who="2" step="1"/><F98/><REACH who="2" ten="309,343,159,179" step="2"/><N who="3" m="57607" /><G55/><T74/><D99/><U125/><E125/><V117/><F117/><W12/><G12/><T121/><D121/><U33/><E111/><V23/><F23/><W107/><G107/><T29/><D106/><U32/><E109/><V85/><F85/><W69/><G69/><T81/><D74/><U65/><E73/><V104/><F104/><W20/><G20/><T124/><D124/><U103/><E72/><V28/><F28/><W48/><G37/><T87/><D87/><U62/><E68/><V101/><F101/><W126/><G126/><T78/><D40/><U38/><E103/><V24/><F24/><W13/><G13/><T46/><AGARI ba="0,1" hai="4,11,14,16,17,22,26,29,43,46,51,78,81,86" machi="46" ten="30,12000,2" yaku="0,1,25,2,8,1,52,1,54,1" doraHai="75" who="0" fromWho="0" sc="309,130,343,-60,159,-30,179,-30" /><INIT seed="2,0,0,2,5,74" ten="439,283,129,149" oya="2" hai0="39,69,21,107,9,96,118,125,101,120,58,20,37" hai1="114,89,7,105,65,54,60,30,44,94,76,55,23" hai2="113,117,93,31,91,103,24,104,43,83,27,87,135" hai3="19,97,1,48,38,99,5,98,133,95,57,71,40"/><V123/><F113/><W4/><G71/><T85/><D120/><U26/><E105/><V132/><F117/><W86/><G133/><N who="2" m="51273" /><F43/><W81/><G38/><T47/><D118/><U84/><E114/><V122/><F104/><W129/><G129/><T25/><D125/><U53/><E7/><N who="3" m="2634" /><G1/><T16/><D69/><U63/><E63/><V72/><F31/><W51/><G19/><T45/><D58/><U67/><E67/><V33/><F33/><W112/><G112/><T106/><D9/><U127/><E127/><V131/><F131/><W100/><G57/><T90/><D106/><U34/><E34/><V32/><F32/><W0/><G0/><T119/><D37/><U121/><E121/><N who="2" m="46091" /><F103/><W88/><G40/><T13/><D39/><U134/><E134/><V49/><F49/><AGARI ba="0,0" hai="48,49,51,81,86,88,95,97,98,99,100" m="2634" machi="49" ten="30,2000,0" yaku="8,1,54,1" doraHai="74" who="3" fromWho="2" sc="439,0,283,0,129,-20,149,20" /><INIT seed="3,0,0,3,4,91" ten="439,283,109,169" oya="3" hai0="44,79,42,12,61,89,72,43,31,78,26,123,103" hai1="51,93,81,11,95,16,134,80,14,17,1,135,100" hai2="70,116,29,52,97,98,133,85,108,86,46,106,3" hai3="22,115,94,96,18,84,37,50,27,6,77,15,33"/><W125/><G37/><T88/><D123/><U76/><E100/><V104/><F3/><W122/><G115/><T65/><D103/><U10/><E51/><V101/><F70/><W74/><G122/><T128/><D128/><U23/><E1/><V39/><F116/><W109/><G74/><T67/><D72/><U114/><E114/><V8/><F108/><W48/><G125/><T60/><D12/><U64/><E64/><V2/><F29/><W53/><G109/><T32/><D31/><U57/><E57/><V19/><F133/><N who="1" m="50697" /><E10/><V110/><F110/><W132/><G132/><T49/><D49/><U30/><E30/><V130/><F130/><W24/><G33/><T47/><REACH who="0" step="1"/><D32/><REACH who="0" ten="429,283,109,169" step="2"/><U105/><E105/><V119/><F106/><W73/><G73/><T35/><D35/><U121/><E121/><V63/><F39/><W25/><G6/><T66/><D66/><U0/><E0/><V21/><F2/><W75/><G75/><T131/><D131/><U126/><E126/><V40/><F104/><W99/><G48/><T87/><D87/><U56/><E14/><V54/><F86/><W9/><G9/><T41/><D41/><U102/><E11/><V82/><F8/><W127/><G127/><T59/><D59/><U118/><E102/><V58/><F101/><W38/><G38/><T69/><D69/><U112/><E56/><V90/><F54/><W13/><G13/><T34/><D34/><U113/><E113/><V71/><F71/><W92/><G50/><T107/><D107/><U5/><E112/><V120/><F120/><W117/><G84/><RYUUKYOKU ba="0,1" sc="429,30,283,-10,109,-10,169,-10" hai0="26,42,43,44,47,60,61,65,67,78,79,88,89" /><INIT seed="4,1,1,2,0,69" ten="459,273,99,159" oya="0" hai0="62,107,7,70,30,12,128,88,41,68,33,80,23" hai1="13,96,20,53,29,118,34,124,44,97,130,45,94" hai2="66,57,116,48,1,59,47,55,113,28,17,49,32" hai3="6,123,120,21,121,126,54,77,61,40,19,127,129"/><T3/><D107/><U83/><E118/><V46/><F1/><W71/><G77/><T15/><D41/><U75/><E34/><V9/><F116/><W56/><G6/><T84/><D128/><U16/><E130/><V0/><F113/><W39/><G129/><T92/><D33/><U5/><E124/><V63/><F32/><W108/><G108/><T105/><D105/><U74/><E29/><V22/><F59/><W99/><G99/><T64/><D3/><U50/><E45/><V115/><F115/><W11/><G11/><T43/><D43/><U27/><E97/><V25/><F0/><W89/><G89/><T104/><D104/><U132/><E132/><V100/><F100/><W85/><G85/><T119/><D70/><U65/><E65/><V79/><F79/><W35/><G35/><T95/><D7/><U73/><E5/><V135/><F135/><W102/><G102/><T103/><D103/><U42/><E53/><N who="2" m="29847" /><F9/><W67/><G19/><AGARI ba="1,1" hai="17,19,22,25,28,47,49,55,57,63,66" m="29847" machi="19" ten="30,1000,0" yaku="8,1" doraHai="69" who="2" fromWho="3" sc="459,0,273,0,99,23,159,-13" /><INIT seed="5,0,0,3,4,104" ten="459,273,122,146" oya="1" hai0="121,37,59,40,85,88,113,130,78,24,46,96,52" hai1="108,57,81,14,94,25,12,13,83,15,74,63,112" hai2="20,65,131,115,129,5,42,91,8,9,128,3,68" hai3="95,133,107,114,98,86,22,76,103,100,75,56,109"/><U77/><E112/><V47/><F115/><W35/><G35/><T27/><D113/><U61/><E108/><V110/><F110/><W58/><G109/><T105/><D121/><U66/><N who="1" m="3584" /><DORA hai="34" /><U6/><E6/><V39/><F9/><W67/><G114/><T16/><D130/><U119/><E119/><V28/><F91/><N who="3" m="53751" /><G133/><T87/><D16/><U101/><E83/><V97/><F97/><N who="3" m="61839" /><G22/><T79/><D85/><U118/><E118/><V29/><REACH who="2" step="1"/><F20/><REACH who="2" ten="459,273,112,146" step="2"/><W80/><G67/><T71/><D71/><U32/><E32/><V124/><F124/><W99/><G99/><T69/><D69/><U89/><E25/><V38/><F38/><W51/><G51/><T45/><D24/><U18/><E63/><AGARI ba="0,1" hai="3,5,8,28,29,39,42,47,63,65,68,128,129,131" machi="63" ten="40,5200,0" yaku="1,1,19,1,52,1,53,0" doraHai="104,34" doraHaiUra="31,102" who="2" fromWho="1" sc="459,0,273,-52,112,62,146,0" /><INIT seed="6,0,0,3,5,110" ten="459,221,174,146" oya="2" hai0="50,45,64,117,53,127,23,1,98,72,39,40,10" hai1="95,26,43,33,129,77,60,94,65,19,24,120,112" hai2="66,83,28,106,134,47,36,34,89,87,76,115,122" hai3="62,5,52,15,13,92,130,8,103,14,6,48,131"/><V125/><F122/><W107/><G107/><T31/><D117/><U58/><E112/><V132/><F115/><W57/><G103/><T105/><D127/><U128/><E120/><V108/><F125/><W49/><G92/><T69/><D72/><U126/><E126/><V37/><F108/><W113/><G113/><T70/><D64/><U119/><E119/><V68/><F106/><W55/><G62/><T80/><D80/><U27/><E33/><V54/><F54/><N who="3" m="20523" /><G8/><T25/><D10/><U84/><E43/><N who="2" m="23015" /><F37/><W30/><G30/><T11/><D1/><U91/><E77/><V97/><F97/><W46/><G46/><T74/><D11/><U29/><E29/><V41/><F41/><W100/><G57/><T133/><D74/><U118/><E118/><V81/><F66/><W51/><G100/><T12/><D12/><U88/><REACH who="1" step="1"/><E19/><REACH who="1" ten="459,211,174,146" step="2"/><V93/><F28/><W21/><G21/><T82/><D105/><U71/><E71/><V18/><F34/><W35/><G35/><T78/><D70/><U61/><E61/><V124/><F68/><W73/><G73/><T44/><D69/><U101/><E101/><V102/><F124/><W3/><G3/><T9/><D31/><U109/><E109/><V111/><F111/><W135/><G135/><N who="2" m="51753" /><F18/><W116/><G116/><T85/><D133/><U75/><E75/><N who="2" m="43167" /><F102/><W56/><G56/><T99/><D40/><U114/><E114/><V90/><F89/><W79/><G79/><T86/><D39/><U42/><E42/><V67/><F67/><W0/><G0/><T17/><D17/><U123/><E123/><RYUUKYOKU ba="0,1" sc="459,-30,211,10,174,10,146,10" hai1="24,26,27,58,60,65,84,88,91,94,95,128,129" hai2="83,87,90,93" hai3="5,6,13,14,15,48,49,51,130,131" /><INIT seed="6,1,1,0,5,5" ten="429,221,184,156" oya="2" hai0="97,4,132,38,85,13,121,53,33,110,81,82,86" hai1="11,65,50,1,56,12,67,122,135,100,84,29,7" hai2="9,21,102,16,54,96,42,15,117,55,61,32,126" hai3="14,75,24,57,104,93,63,19,30,120,77,0,90"/><V44/><F117/><W58/><G104/><T62/><D33/><U20/><E122/><V17/><F32/><W113/><G0/><T41/><D121/><U73/><E73/><V99/><F126/><W115/><G120/><T118/><D118/><U49/><E135/><V123/><F123/><W6/><G6/><T89/><D132/><U10/><E100/><V108/><F108/><W109/><G109/><T39/><D110/><U103/><E103/><V34/><F34/><W2/><G2/><T69/><D97/><U112/><E112/><N who="3" m="43082" /><G77/><T46/><D69/><U70/><E70/><V18/><F18/><W64/><G75/><T35/><D62/><U72/><E72/><V116/><F116/><W26/><G30/><T98/><D53/><N who="2" m="19978" /><F61/><W76/><G76/><T94/><D35/><U31/><E20/><V92/><F96/><N who="3" m="57399" /><G58/><T66/><D39/><U114/><E114/><V101/><F101/><W3/><G3/><T37/><D37/><U8/><E1/><V129/><F129/><W52/><G52/><T74/><D74/><U125/><E125/><V130/><F130/><W22/><AGARI ba="1,1" hai="14,19,22,24,26,57,63,64" m="57399,43082" machi="22" ten="30,2000,0" yaku="15,1,11,1" doraHai="5" who="3" fromWho="3" sc="429,-6,221,-6,184,-11,156,33" /><INIT seed="7,0,0,2,2,89" ten="423,215,173,189" oya="3" hai0="45,19,31,90,75,99,12,111,11,81,25,100,71" hai1="17,83,1,32,35,64,7,36,116,79,72,27,57" hai2="91,70,47,95,112,67,131,84,2,107,20,59,85" hai3="43,101,24,77,65,126,118,28,108,46,41,96,22"/><W102/><G118/><T5/><D71/><U115/><E116/><V106/><F70/><W132/><G108/><T33/><D111/><U88/><E115/><V135/><F112/><W104/><G126/><T42/><D75/><U37/><E35/><V9/><F131/><W127/><G132/><T63/><D63/><U93/><E7/><V121/><F135/><W94/><G127/><T74/><D74/><U113/><E1/><V40/><F121/><W98/><G77/><T3/><D90/><U114/><E113/><V44/><F44/><W15/><G65/><T0/><D81/><U119/><E119/><V69/><F69/><W29/><G15/><T80/><D80/><U130/><E130/><V58/><F20/><W30/><REACH who="3" step="1"/><G43/><REACH who="3" ten="423,215,173,179" step="2"/><T49/><D0/><U86/><E114/><V38/><F67/><W6/><G6/><T14/><D19/><U10/><E64/><V129/><F129/><W133/><G133/><T26/><D26/><U18/><E18/><V124/><F124/><W23/><G23/><T52/><D42/><U68/><E17/><V110/><F110/><W128/><G128/><T117/><D117/><U123/><E27/><V56/><F2/><W78/><G78/><T55/><D55/><U53/><E123/><V122/><F122/><W92/><G92/><AGARI ba="0,1" hai="3,5,11,12,14,25,31,33,45,49,52,92,99,100" machi="92" ten="30,3900,0" yaku="7,1,52,1,54,1" doraHai="89" who="0" fromWho="3" sc="423,49,215,0,173,0,179,-39" owari="472,57.0,215,2.0,173,-23.0,140,-36.0" /></mjloggm>