<mjloggm ver="2.3"><GO type="97" lobby="0"/><UN n0="%E3%81%8D%E3%82%8A%E3%81%B5%E3%81%A0" n1="%61%63%65%6B" n2="%E5%B0%B1%E6%B4%BB%E7%94%9F%40%E5%B7%9D%E6%9D%91%E8%BB%8D%E5%9B%A3" n3="%E5%85%A8%E5%B1%80%E5%8F%82%E5%8A%A0%E5%9E%8B%E9%9B%80%E5%A3%AB" dan="15,14,15,15" rate="2066.63,1829.75,2065.46,1998.19" sx="M,M,M,M"/><TAIKYOKU oya="0"/><INIT seed="0,0,0,3,0,84" ten="250,250,250,250" oya="0" hai0="79,101,21,15,86,88,18,110,47,9,12,126,80" hai1="76,25,60,98,106,26,39,3,30,45,121,4,99" hai2="31,34,129,58,124,81,65,107,83,119,55,50,108" hai3="128,48,1,117,61,91,132,5,13,7,74,37,96"/><T52/><D126/><U6/><E121/><V17/><F107/><W29/><G1/><T100/><D110/><U56/><E76/><V77/><F108/><W97/><G37/><T11/><D79/><U94/><E106/><V69/><F124/><W118/><G74/><T62/><D21/><U54/><E3/><V72/><F129/><W64/><G128/><T127/><D127/><U115/><E115/><V0/><F0/><W22/><G132/><T114/><D114/><U46/><E26/><V133/><F133/><W44/><G117/><T102/><D62/><U40/><E99/><V73/><F119/><W78/><G78/><T53/><D47/><U32/><REACH who="1" step="1"/><E45/><REACH who="1" ten="250,240,250,250" step="2"/><V63/><F73/><W116/><G97/><T41/><REACH who="0" step="1"/><D41/><REACH who="0" ten="240,240,250,250" step="2"/><U111/><E111/><V42/><F77/><W131/><G118/><T75/><D75/><U70/><E70/><V59/><F42/><W28/><G116/><T112/><D112/><U104/><E104/><V19/><F69/><W89/><G44/><T23/><D23/><U90/><AGARI ba="0,2" hai="4,6,25,30,32,39,40,46,54,56,60,90,94,98" machi="90" ten="20,5200,0" yaku="1,1,0,1,7,1,52,1,53,0" doraHai="84" doraHaiUra="120" who="1" fromWho="1" sc="240,-26,240,72,250,-13,250,-13" /><INIT seed="1,0,0,1,1,114" ten="214,312,237,237" oya="1" hai0="115,70,91,108,97,12,93,15,61,65,44,87,11" hai1="127,18,7,110,73,77,120,132,98,85,76,52,100" hai2="128,106,2,5,68,16,21,43,51,135,25,54,107" hai3="27,63,4,42,35,23,74,96,121,33,129,39,117"/><U19/><E120/><V59/><F68/><W47/><G74/><T94/><D108/><U0/><E110/><V64/><F128/><W84/><G121/><T10/><D115/><U34/><E34/><V105/><F135/><W71/><G129/><T119/><D44/><U72/><E132/><V26/><F64/><W48/><G4/><T24/><D24/><U88/><E127/><V17/><F43/><W113/><G113/><T79/><D119/><U55/><E7/><V45/><F26/><W40/><G40/><T111/><D111/><U80/><E0/><V134/><F134/><W130/><G130/><T53/><D53/><U9/><E73/><V125/><F125/><W58/><G117/><T50/><D50/><U101/><E101/><V32/><F32/><W60/><G39/><T116/><D116/><U92/><E77/><V78/><F78/><W28/><G71/><T104/><D104/><U69/><E69/><V1/><F5/><W13/><G13/><T36/><D36/><U8/><E8/><V99/><F17/><N who="1" m="6153" /><E9/><V131/><F131/><W109/><G109/><T49/><D79/><U126/><E126/><V102/><REACH who="2" step="1"/><F45/><REACH who="2" ten="214,312,227,237" step="2"/><W122/><G122/><T20/><D70/><U41/><E41/><V89/><F89/><W118/><G42/><T75/><D91/><U103/><E103/><V81/><F81/><W22/><G47/><T38/><D38/><U82/><E82/><V46/><F46/><W123/><G35/><T83/><D83/><U31/><E31/><V124/><F124/><W62/><G28/><T95/><D10/><U57/><E57/><RYUUKYOKU ba="0,1" sc="214,-15,312,15,227,15,237,-15" hai1="52,55,72,76,80,85,88,92,98,100" hai2="1,2,16,21,25,51,54,59,99,102,105,106,107" /><INIT seed="1,1,1,1,4,4" ten="199,327,242,222" oya="1" hai0="74,108,114,31,88,15,21,92,121,14,134,75,9" hai1="87,67,48,103,23,60,29,77,110,132,69,39,20" hai2="45,94,6,32,64,27,105,52,125,130,90,129,40" hai3="28,54,1,70,46,97,117,85,80,76,101,112,133"/><U2/><E39/><V93/><F105/><W3/><G70/><T118/><D114/><U111/><E132/><V41/><F64/><W58/><G112/><T91/><D118/><U5/><E103/><V81/><F125/><W30/><G133/><T13/><D134/><U33/><E33/><V102/><F102/><W57/><G117/><T49/><D121/><U113/><E113/><V124/><F124/><W16/><G46/><T53/><D108/><N who="1" m="41515" /><E29/><N who="2" m="19519" /><F6/><W100/><G1/><T42/><D42/><U119/><E119/><V123/><F81/><W95/><G3/><T120/><D75/><U73/><E73/><V98/><F94/><W135/><G101/><T65/><D74/><U50/><E77/><V104/><F104/><W34/><G34/><T35/><D35/><U43/><E87/><V17/><F17/><W78/><G78/><T22/><D91/><U51/><E43/><V89/><F89/><W63/><G135/><T8/><D31/><U11/><AGARI ba="1,1" hai="2,5,11,20,23,48,50,51,60,67,69" m="41515" machi="11" ten="40,7800,0" yaku="14,1,10,1,52,1" doraHai="4" who="1" fromWho="1" sc="199,-27,327,91,242,-27,222,-27" /><INIT seed="1,2,0,5,5,71" ten="172,418,215,195" oya="1" hai0="16,124,35,22,45,7,106,60,27,123,129,98,121" hai1="84,116,69,36,90,46,3,86,80,93,52,65,8" hai2="49,61,107,12,118,4,42,81,59,30,91,47,115" hai3="99,13,128,29,109,120,77,85,39,95,2,1,112"/><U83/><E116/><V38/><F107/><W19/><G120/><T15/><D60/><U62/><E3/><V104/><F118/><W96/><G112/><T66/><D66/><U117/><E117/><V58/><F104/><W67/><G67/><T33/><D45/><U5/><E5/><V94/><F115/><W68/><G68/><T32/><D98/><U24/><E24/><V48/><F30/><W132/><G132/><T103/><D103/><U75/><E8/><V54/><F81/><W92/><G29/><T87/><D87/><U55/><E75/><V73/><F73/><W113/><G113/><T14/><D106/><U82/><REACH who="1" step="1"/><E86/><REACH who="1" ten="172,408,215,195" step="2"/><V102/><F4/><W101/><G1/><T41/><D129/><U28/><E28/><V89/><F12/><W9/><G2/><T108/><D124/><U114/><E114/><V122/><F122/><W10/><G128/><T110/><D15/><U44/><E44/><V6/><F6/><W56/><G9/><N who="0" m="4415" /><D41/><AGARI ba="2,1" hai="36,41,46,52,55,62,65,69,80,82,83,84,90,93" machi="41" ten="40,7700,0" yaku="1,1,52,1,54,1,53,0" doraHai="71" doraHaiUra="23" who="1" fromWho="0" sc="172,-83,408,93,215,0,195,0" /><INIT seed="1,3,0,1,2,38" ten="89,501,215,195" oya="1" hai0="23,5,131,28,92,30,50,132,39,134,22,9,85" hai1="75,127,8,125,101,79,135,15,105,63,89,70,6" hai2="40,32,4,93,82,13,106,96,35,19,66,124,114" hai3="26,51,18,94,117,113,98,16,77,109,42,130,62"/><U90/><E135/><N who="0" m="51753" /><D39/><U11/><E70/><V87/><F106/><W49/><G113/><T52/><D131/><U102/><E75/><V3/><F124/><N who="1" m="47689" /><E79/><V103/><F66/><W0/><G0/><T99/><D85/><U21/><E21/><V14/><F3/><W37/><G130/><T84/><D84/><U128/><E128/><V100/><F100/><N who="1" m="38505" /><E105/><V91/><F114/><W56/><G117/><T73/><D73/><U95/><E63/><V1/><F1/><W76/><G37/><T45/><D22/><U58/><E58/><V54/><F54/><N who="3" m="34071" /><G51/><T27/><D28/><U118/><E118/><V60/><F60/><W97/><G109/><T29/><D29/><U53/><E53/><V36/><F35/><W65/><G65/><T81/><D9/><N who="1" m="4535" /><E90/><V121/><F32/><W133/><G133/><T25/><D25/><U55/><E55/><V115/><F115/><W33/><G33/><T20/><D20/><U116/><E116/><V61/><F61/><W57/><G26/><T122/><D5/><U41/><E11/><N who="2" m="4327" /><F121/><W31/><G31/><T44/><D122/><U24/><E24/><V68/><F68/><W88/><G57/><T83/><D45/><U111/><E8/><N who="2" m="6599" /><F36/><W47/><G98/><T123/><D123/><U64/><E64/><V59/><F59/><W17/><AGARI ba="3,0" hai="16,17,18,42,47,49,76,77,88,94,97" m="34071" machi="17" ten="30,7900,0" yaku="8,1,52,1,54,2" doraHai="38" who="3" fromWho="3" sc="89,-23,501,-42,215,-23,195,88" /><INIT seed="2,0,0,1,2,66" ten="66,459,192,283" oya="2" hai0="17,95,62,106,4,90,87,31,63,15,76,85,69" hai1="12,61,43,129,77,89,113,112,124,55,80,68,79" hai2="19,37,2,71,33,1,65,39,100,10,96,34,86" hai3="30,91,132,127,122,51,18,73,45,98,32,119,123"/><V94/><F2/><W5/><G73/><T93/><D106/><U110/><E110/><V92/><F92/><W57/><G119/><T53/><D4/><U107/><E107/><N who="2" m="63879" /><F86/><W50/><G5/><T7/><D7/><U46/><E113/><V109/><F19/><W11/><G127/><T56/><D31/><U115/><E124/><V0/><F94/><W27/><G132/><T135/><D135/><U13/><E89/><V14/><F14/><W38/><G38/><N who="2" m="14345" /><F10/><W52/><G91/><T81/><D95/><U111/><E111/><V134/><F134/><W131/><G131/><T16/><D69/><U8/><E129/><V44/><F44/><W70/><G70/><T36/><D36/><U99/><E13/><V35/><F109/><W22/><G11/><T64/><D64/><U130/><E130/><V40/><F40/><W59/><G98/><T9/><REACH who="0" step="1"/><D17/><REACH who="0" ten="56,459,192,283" step="2"/><U120/><E115/><V121/><F121/><W118/><G123/><T88/><D88/><U49/><E120/><V6/><F6/><W83/><G122/><T75/><D75/><U133/><E133/><V25/><F25/><W117/><G117/><T84/><D84/><U48/><E112/><V105/><F105/><W54/><G118/><T60/><AGARI ba="0,1" hai="9,15,16,53,56,60,62,63,76,81,85,87,90,93" machi="60" ten="20,8000,1" yaku="1,1,0,1,7,1,8,1,54,1,53,0" doraHai="66" doraHaiUra="47" who="0" fromWho="0" sc="56,90,459,-20,192,-40,283,-20" /><INIT seed="3,0,0,4,5,33" ten="146,439,152,263" oya="3" hai0="122,119,16,80,134,29,67,7,65,126,130,45,105" hai1="40,41,104,114,128,6,82,27,55,13,115,35,110" hai2="85,99,48,34,123,133,44,25,92,75,91,3,5" hai3="111,36,127,118,54,19,108,95,14,124,79,100,112"/><W94/><G36/><T117/><D105/><U49/><E104/><V86/><F75/><W84/><G112/><T125/><D122/><U96/><E128/><V97/><F123/><W107/><G118/><T106/><D106/><U39/><E110/><N who="3" m="42026" /><G54/><T58/><D29/><U51/><E96/><V56/><F133/><W63/><G63/><T113/><D113/><U0/><E13/><V103/><F3/><W24/><G24/><T81/><D134/><U64/><E64/><N who="0" m="24649" /><D58/><U12/><E12/><V88/><F5/><W121/><G121/><T93/><D7/><U57/><E6/><V73/><F73/><W17/><G107/><T9/><D93/><N who="3" m="35337" /><G100/><T2/><D2/><U98/><E0/><V83/><F56/><W43/><G43/><T131/><D45/><U90/><E39/><V42/><F103/><W30/><G30/><T62/><D62/><U70/><E70/><V52/><F42/><W116/><G116/><N who="0" m="44619" /><D9/><U50/><E115/><V135/><F135/><W28/><G28/><T15/><D15/><U11/><E41/><V120/><F120/><W129/><G129/><N who="0" m="49163" /><D16/><N who="3" m="6217" /><G14/><T60/><D60/><U21/><E114/><V102/><F102/><W8/><G8/><T78/><D78/><U132/><E11/><V72/><F72/><W76/><G76/><T89/><D89/><U10/><E10/><V68/><F68/><W1/><G1/><T26/><D26/><U4/><E132/><V77/><F77/><W59/><G59/><T22/><D22/><U47/><E21/><V87/><F87/><W37/><G37/><T23/><D23/><U101/><E27/><RYUUKYOKU ba="0,0" sc="146,10,439,-30,152,10,263,10" hai0="80,81,125,126" hai2="25,34,44,48,52,83,85,86,88,91,92,97,99" hai3="79,84,124,127" /><INIT seed="3,1,0,0,5,92" ten="156,409,162,273" oya="3" hai0="110,95,73,106,91,68,96,39,49,98,118,0,23" hai1="133,82,9,38,52,105,59,104,86,77,58,107,79" hai2="129,10,113,123,72,17,126,67,63,25,125,36,102" hai3="18,14,53,101,83,21,85,41,134,99,56,103,87"/><W112/><G112/><T119/><D0/><U33/><E33/><V37/><F113/><W12/><G134/><T62/><D39/><U88/><E38/><V16/><F129/><W127/><G127/><N who="2" m="48649" /><F72/><W26/><G41/><T57/><D73/><U60/><E133/><V108/><F108/><W31/><G103/><T120/><D110/><U32/><E32/><V3/><F123/><W46/><G46/><T69/><D120/><U8/><E59/><N who="2" m="37375" /><F102/><W27/><G27/><T80/><D49/><U40/><E40/><V93/><F93/><N who="3" m="58607" /><G83/><T84/><D69/><U116/><E116/><V70/><F70/><W78/><G78/><T4/><D68/><U48/><E79/><V34/><F34/><W135/><G135/><T122/><D122/><U75/><E60/><V115/><F115/><W131/><G131/><T35/><D35/><U109/><E109/><V94/><F94/><W114/><G114/><T28/><D119/><U20/><E75/><V43/><F43/><W111/><G111/><T100/><D118/><U130/><E77/><V54/><F54/><W50/><G12/><T42/><D42/><U65/><E130/><V64/><F64/><W30/><G30/><T29/><D29/><U19/><E65/><V55/><F55/><W117/><G117/><T51/><D28/><U44/><E58/><V11/><F25/><W2/><G2/><T66/><D66/><U121/><E121/><V89/><F89/><W1/><G1/><T90/><D90/><U47/><E47/><V128/><F128/><W15/><G15/><T76/><D91/><U7/><E7/><RYUUKYOKU ba="1,0" sc="156,-15,409,15,162,-15,273,15" hai1="8,9,19,20,44,48,52,82,86,88,104,105,107" hai3="14,18,21,26,31,50,53,56,85,87" /><INIT seed="3,2,0,0,3,67" ten="141,424,147,288" oya="3" hai0="86,30,117,81,34,56,48,126,47,120,43,123,19" hai1="133,114,32,1,89,45,51,54,26,105,63,13,8" hai2="110,83,76,97,78,31,111,23,15,66,39,122,21" hai3="118,75,33,53,16,55,92,20,14,121,60,74,70"/><W115/><G115/><T95/><D117/><U61/><E1/><V62/><F39/><W132/><G118/><T85/><D126/><U82/><E105/><V116/><F116/><W9/><G121/><T127/><D127/><U37/><E133/><V71/><F122/><W103/><G33/><T69/><D69/><U28/><E37/><V94/><F31/><W99/><G132/><T130/><D130/><U42/><E42/><V35/><F35/><W109/><G109/><N who="2" m="41481" /><F15/><W112/><G112/><T100/><D19/><N who="1" m="8615" /><E114/><V38/><F38/><W131/><G131/><T84/><D81/><U12/><E12/><V90/><F76/><W125/><G125/><T6/><D6/><U17/><E17/><V64/><F66/><W98/><G98/><T107/><D107/><U50/><E51/><V119/><F119/><W59/><G70/><T0/><D0/><U88/><E89/><V58/><F71/><W129/><G129/><T36/><D30/><U80/><E80/><V7/><F7/><W29/><REACH who="3" step="1"/><G55/><REACH who="3" ten="141,424,147,278" step="2"/><N who="0" m="31847" /><D34/><U2/><E2/><V46/><F46/><W57/><G57/><T11/><D123/><U24/><E24/><AGARI ba="2,1" hai="9,14,16,20,24,29,53,59,60,74,75,92,99,103" machi="24" ten="40,3900,0" yaku="1,1,54,1,53,0" doraHai="67" doraHaiUra="79" who="3" fromWho="1" sc="141,0,424,-45,147,0,278,55" /><INIT seed="3,3,0,2,1,55" ten="141,379,147,333" oya="3" hai0="31,123,11,44,36,117,71,124,67,19,101,32,16" hai1="113,135,39,78,108,69,99,89,79,41,130,110,109" hai2="115,76,84,26,104,81,0,46,90,95,66,4,127" hai3="53,102,15,54,48,134,40,72,12,18,14,77,68"/><W85/><G68/><T70/><D123/><U80/><E113/><V119/><F104/><W60/><G72/><T23/><D117/><U8/><E69/><V125/><F115/><W51/><G134/><T56/><D101/><U62/><E135/><V45/><F119/><W96/><G40/><T3/><D124/><N who="2" m="47690" /><F66/><W98/><G60/><N who="0" m="38279" /><D19/><U75/><E79/><V87/><F26/><W38/><G38/><T120/><D44/><N who="2" m="17002" /><F4/><W122/><G122/><T29/><D36/><U116/><E116/><V10/><F10/><W126/><G126/><T112/><D31/><U83/><E39/><V111/><F111/><W5/><G5/><N who="0" m="1471" /><D120/><U64/><E41/><V1/><AGARI ba="3,0" hai="0,1,76,81,84,87,90,95" m="17002,47690" machi="1" ten="30,1100,0" yaku="18,1" doraHai="55" who="2" fromWho="2" sc="141,-6,379,-6,147,20,333,-8" owari="135,-36.0,373,46.0,167,-23.0,325,13.0" /></mjloggm>