<mjloggm ver="2.3"><GO type="169" lobby="0"/><UN n0="%E3%83%AD%E3%83%B3%E3%81%AE%E5%AE%9F" n1="%6B%69%79%6F%6E%61%72%69" n2="%E5%B0%B1%E6%B4%BB%E7%94%9F%40%E5%B7%9D%E6%9D%91%E8%BB%8D%E5%9B%A3" n3="%6D%61%74%69%6F%73%61%6E" dan="16,16,17,16" rate="2031.79,2101.42,2213.29,2048.65" sx="M,M,M,M"/><TAIKYOKU oya="0"/><INIT seed="0,0,0,3,1,131" ten="250,250,250,250" oya="0" hai0="76,108,23,122,109,50,105,25,125,130,62,3,124" hai1="35,32,22,85,39,26,127,59,38,55,86,61,135" hai2="91,72,4,64,14,106,107,104,60,24,115,43,5" hai3="69,99,16,118,80,66,113,20,119,132,78,82,42"/><T17/><D105/><U2/><E2/><V46/><F115/><W133/><G113/><T51/><D122/><U68/><E127/><N who="0" m="48713" /><D3/><U67/><E39/><V111/><F72/><W120/><G120/><T40/><D130/><U112/><E112/><V88/><F111/><N who="0" m="42570" /><D76/><U53/><E38/><V92/><F24/><W87/><G42/><T13/><D40/><U58/><E35/><V84/><F91/><W98/><G82/><T63/><D25/><U103/><E26/><V10/><F4/><W48/><G48/><AGARI ba="0,0" hai="13,17,23,48,50,51,62,63" m="42570,48713" machi="48" ten="30,5800,0" yaku="18,1,14,1,10,1" doraHai="131" who="0" fromWho="3" sc="250,58,250,0,250,0,250,-58" /><INIT seed="0,1,0,2,4,49" ten="308,250,250,192" oya="0" hai0="33,91,119,50,125,42,48,110,35,47,25,83,81" hai1="123,78,26,7,2,104,108,60,99,112,56,75,52" hai2="37,105,9,127,128,84,109,21,11,19,113,101,135" hai3="129,46,122,15,98,58,28,118,114,45,102,13,95"/><T74/><D119/><U31/><E123/><V64/><F37/><W79/><G118/><T1/><D1/><U14/><E2/><V103/><F105/><W100/><G122/><T124/><D110/><U43/><E108/><V107/><F107/><W51/><G114/><T62/><D62/><U86/><E75/><V68/><F68/><W34/><G129/><T66/><D66/><U87/><E112/><V39/><F64/><W69/><G69/><T96/><D48/><U85/><E43/><V73/><F73/><W116/><G116/><T4/><D4/><U111/><E111/><V82/><F39/><W16/><G79/><T77/><D25/><U133/><E133/><V71/><F71/><W6/><G34/><T10/><D10/><N who="1" m="4447" /><E99/><V29/><F11/><N who="3" m="4343" /><G28/><T24/><D24/><U57/><E104/><V22/><F9/><N who="3" m="6255" /><G102/><T70/><D70/><U8/><E8/><V93/><F103/><W90/><G100/><T3/><D3/><U132/><E132/><V117/><F101/><W130/><G130/><T67/><D35/><U54/><E26/><V36/><F36/><W76/><G76/><T44/><D33/><U88/><E31/><V72/><F135/><W5/><G5/><T63/><D77/><U0/><E0/><V12/><F128/><W18/><G18/><T115/><D74/><U17/><E17/><V40/><F109/><W106/><G106/><T61/><D115/><U94/><E78/><V30/><F113/><W65/><G65/><T59/><D67/><U53/><E60/><V131/><F117/><W55/><AGARI ba="1,0" hai="45,46,51,55,58,90,95,98" m="6255,4343" machi="55" ten="30,4000,0" yaku="8,1,52,1,54,1" doraHai="49" who="3" fromWho="3" sc="308,-21,250,-11,250,-11,192,43" /><INIT seed="1,0,0,0,2,83" ten="287,239,239,235" oya="1" hai0="113,134,3,104,77,107,86,117,37,124,14,19,54" hai1="131,40,5,18,125,73,90,81,82,100,75,67,99" hai2="102,0,26,87,130,56,27,120,69,58,47,123,96" hai3="115,62,97,74,20,39,76,48,23,7,92,50,60"/><U89/><E5/><V11/><F69/><W78/><G39/><T52/><D3/><U33/><E33/><V36/><F130/><W105/><G105/><T53/><D113/><U93/><E67/><V108/><F108/><W68/><G68/><T66/><D117/><U121/><E40/><V116/><F116/><W133/><G133/><T15/><D37/><U64/><E18/><V13/><F0/><W128/><G128/><T28/><D66/><U119/><E64/><V49/><F36/><W126/><G115/><T22/><D134/><U91/><E131/><V79/><F58/><W34/><G34/><T84/><D124/><U8/><E8/><V65/><F56/><W24/><G7/><T61/><D77/><N who="3" m="29801" /><G20/><T43/><D43/><U42/><E42/><N who="2" m="24823" /><F65/><W98/><G98/><T129/><D129/><U30/><E30/><V2/><F2/><W132/><G74/><N who="1" m="28170" /><E119/><V80/><F123/><W25/><G132/><T4/><D107/><N who="1" m="63903" /><E121/><V114/><F114/><W29/><G25/><N who="0" m="16439" /><D104/><U17/><E17/><N who="2" m="8383" /><F120/><W38/><G38/><T70/><D70/><U6/><E6/><V35/><F35/><W31/><G31/><T95/><D4/><U63/><E63/><N who="3" m="24106" /><G126/><T112/><D112/><U135/><E125/><V1/><F1/><W127/><G127/><T41/><D41/><U45/><E135/><V85/><F27/><W88/><AGARI ba="0,0" hai="23,24,29,48,50,88,92,97" m="24106,29801" machi="88" ten="30,2000,0" yaku="8,1,54,1" doraHai="83" who="3" fromWho="3" sc="287,-5,239,-10,239,-5,235,20" /><INIT seed="2,0,0,5,2,2" ten="282,229,234,255" oya="2" hai0="34,134,29,93,66,76,54,59,51,122,56,98,114" hai1="116,92,41,118,71,101,26,119,1,35,81,82,11" hai2="70,61,52,0,111,27,17,132,25,69,6,55,72" hai3="67,104,39,127,110,117,112,130,102,135,31,73,108"/><V107/><F72/><W19/><RYUUKYOKU type="yao9" ba="0,0" sc="282,0,229,0,234,0,255,0" hai3="19,31,39,67,73,102,104,108,110,112,117,127,130,135" /><INIT seed="2,1,0,2,1,104" ten="282,229,234,255" oya="2" hai0="26,4,57,118,54,59,3,85,15,91,115,53,83" hai1="40,67,5,42,12,125,38,108,52,126,2,92,36" hai2="121,134,13,16,98,107,75,84,73,110,19,132,74" hai3="20,47,34,124,9,35,56,113,131,95,87,105,44"/><V48/><F121/><W50/><G105/><T31/><D115/><U80/><E108/><V90/><F110/><W41/><G124/><N who="1" m="47722" /><E2/><V78/><F78/><W76/><G113/><T29/><D3/><U70/><E80/><N who="2" m="49415" /><F48/><W6/><G20/><T68/><D68/><U33/><E33/><V88/><F13/><W103/><G56/><T8/><D118/><U77/><E77/><V55/><F55/><W82/><G131/><T51/><REACH who="0" step="1"/><D26/><REACH who="0" ten="272,229,234,255" step="2"/><U119/><E70/><V30/><F30/><W89/><G35/><T64/><D64/><U123/><E67/><V72/><N who="2" m="18944" /><DORA hai="17" /><V116/><F116/><W71/><G34/><T22/><D22/><U97/><E119/><V94/><F107/><W66/><G66/><T60/><AGARI ba="1,1" hai="4,8,15,29,31,51,53,54,57,59,60,83,85,91" machi="60" ten="20,8000,1" yaku="1,1,0,1,7,1,8,1,53,1" doraHai="104,17" doraHaiUra="93,86" who="0" fromWho="0" sc="272,93,229,-21,234,-41,255,-21" /><INIT seed="3,0,0,2,4,27" ten="365,208,193,234" oya="3" hai0="60,134,46,117,3,14,52,22,92,5,73,72,67" hai1="96,108,76,126,116,1,48,24,118,85,61,20,128" hai2="79,6,123,120,36,10,99,23,115,12,131,31,49" hai3="32,104,94,80,28,133,109,21,54,124,129,44,81"/><W87/><G104/><T16/><D117/><N who="1" m="45163" /><E108/><V38/><F115/><W25/><G109/><T82/><D92/><U130/><E126/><V98/><F79/><W107/><G107/><T47/><D3/><U55/><E61/><V100/><F49/><W41/><G133/><T4/><D72/><U113/><E96/><V33/><F33/><W105/><G105/><T102/><D102/><U122/><E113/><V0/><F131/><W40/><G129/><T53/><D73/><U30/><E1/><V65/><F65/><W75/><G75/><T68/><D82/><N who="3" m="31849" /><G32/><T110/><D110/><U70/><E122/><N who="2" m="46635" /><F0/><W88/><G124/><T89/><D89/><U42/><E42/><N who="3" m="16490" /><G54/><T84/><D84/><U69/><E85/><V45/><F45/><AGARI ba="0,0" hai="21,25,28,44,45,87,88,94" m="16490,31849" machi="45" ten="30,5800,0" yaku="8,1,52,1,54,1" doraHai="27" who="3" fromWho="2" sc="365,0,208,0,193,-58,234,58" /><INIT seed="3,1,0,4,2,78" ten="365,208,135,292" oya="3" hai0="92,22,135,122,85,103,4,8,71,41,6,32,104" hai1="81,67,43,114,29,42,100,130,1,93,79,69,129" hai2="46,119,21,109,133,106,11,99,124,102,120,24,18" hai3="65,13,56,36,53,70,16,45,27,73,3,17,94"/><W54/><G3/><T131/><D32/><U96/><E114/><V87/><F119/><W74/><G70/><T33/><D33/><U75/><E1/><V113/><F113/><W12/><G27/><T10/><D71/><U62/><REACH who="1" step="1"/><E29/><REACH who="1" ten="365,198,135,292" step="2"/><V123/><F109/><W49/><G73/><T60/><D122/><U50/><E50/><V105/><F124/><W39/><G74/><T127/><D127/><U51/><E51/><V61/><F133/><W7/><G39/><T134/><D135/><U111/><E111/><V91/><F61/><W59/><G36/><T77/><D134/><U25/><E25/><V28/><F106/><W15/><G7/><T34/><D60/><U121/><E121/><V37/><F37/><W20/><G45/><T48/><D48/><U116/><E116/><V31/><F46/><W88/><G65/><T98/><D104/><U38/><E38/><V47/><F47/><W26/><G56/><T110/><D110/><U72/><E72/><V112/><F112/><W55/><REACH who="3" step="1"/><G17/><REACH who="3" ten="365,198,135,282" step="2"/><T108/><D4/><U117/><E117/><V44/><F44/><W132/><G132/><T97/><D6/><U95/><E95/><V115/><F115/><W90/><G90/><T35/><D108/><U63/><E63/><V2/><F123/><W76/><G76/><T126/><D126/><U118/><E118/><V86/><F120/><W30/><G30/><N who="2" m="11305" /><F91/><W89/><G89/><T107/><D77/><U64/><E64/><V19/><F19/><W0/><G0/><T5/><D5/><U101/><E101/><V23/><F2/><W125/><G125/><RYUUKYOKU ba="1,2" sc="365,-15,198,15,135,-15,282,15" hai1="42,43,62,67,69,75,79,81,93,96,100,129,130" hai3="12,13,15,16,20,26,49,53,54,55,59,88,94" /><INIT seed="3,2,2,1,0,65" ten="350,213,120,297" oya="3" hai0="14,75,47,26,108,71,17,89,20,129,34,21,123" hai1="79,97,80,23,67,130,126,95,101,90,52,3,5" hai2="121,4,69,11,66,53,1,7,96,35,62,45,27" hai3="51,58,33,9,100,88,24,82,2,38,59,19,113"/><W30/><G38/><T115/><D123/><U10/><E67/><V22/><F121/><W103/><G113/><T56/><D34/><U16/><E130/><V13/><F96/><W15/><G2/><T61/><D129/><U111/><E111/><V104/><F104/><W37/><G37/><T39/><D75/><U74/><E126/><V50/><F35/><W106/><G106/><T135/><D108/><U72/><E72/><V63/><F63/><W55/><REACH who="3" step="1"/><G59/><REACH who="3" ten="350,213,120,287" step="2"/><T110/><D115/><U6/><E6/><V134/><F134/><W31/><G31/><T84/><D135/><U87/><E5/><V41/><F7/><W98/><G98/><T102/><D110/><U109/><E109/><V112/><F112/><W29/><G29/><T43/><D39/><U68/><E3/><V91/><F91/><W116/><G116/><T132/><D132/><U48/><E90/><V133/><F133/><W28/><G28/><T83/><D56/><U49/><E68/><V42/><F1/><W85/><AGARI ba="2,3" hai="9,15,19,24,30,33,51,55,58,82,85,88,100,103" machi="85" ten="30,12000,1" yaku="1,1,0,1,54,1,53,2" doraHai="65" doraHaiUra="99" who="3" fromWho="3" sc="350,-42,213,-42,120,-42,287,156" /><INIT seed="3,3,0,0,0,90" ten="308,171,78,443" oya="3" hai0="21,50,6,115,135,74,96,109,61,97,126,39,93" hai1="16,1,58,26,45,113,0,60,49,68,95,92,98" hai2="132,52,69,43,23,89,36,101,20,4,47,55,48" hai3="2,78,104,108,42,15,122,129,100,94,53,27,33"/><W3/><G122/><T103/><D39/><U13/><E113/><V25/><F132/><W130/><G104/><T134/><D74/><U91/><E68/><V102/><F69/><W120/><G120/><T71/><D115/><U125/><E125/><V59/><F4/><W9/><G78/><T7/><D126/><U133/><E133/><N who="0" m="50697" /><D50/><U107/><E107/><V88/><F23/><W17/><G42/><T81/><D81/><U79/><E79/><V82/><F55/><W40/><G40/><T57/><D71/><U118/><E118/><V41/><F41/><W44/><G108/><T67/><D109/><U131/><E26/><V8/><F8/><W64/><G64/><T29/><D96/><N who="1" m="57375" /><E1/><V86/><REACH who="2" step="1"/><F89/><REACH who="2" ten="308,171,68,443" step="2"/><W66/><G66/><T14/><D7/><U117/><E117/><V10/><F10/><W110/><G110/><T127/><D6/><U83/><E0/><V114/><F114/><W70/><G70/><T75/><D127/><U5/><E5/><V24/><F24/><W51/><G3/><T105/><D14/><U121/><E121/><V62/><F62/><W123/><G2/><T119/><D119/><U31/><E60/><V76/><F76/><W116/><G123/><T22/><D22/><U28/><E13/><V84/><F84/><W34/><G116/><T19/><D21/><U106/><E98/><V80/><F80/><W63/><G63/><T85/><D61/><U12/><E83/><V72/><F72/><W112/><G112/><T65/><D97/><U77/><E12/><V18/><AGARI ba="3,1" hai="18,20,25,36,43,47,48,52,59,82,86,88,101,102" machi="18" ten="20,8000,1" yaku="1,1,0,1,7,1,54,2,53,0" doraHai="90" doraHaiUra="35" who="2" fromWho="2" sc="308,-23,171,-23,68,99,443,-43" /><INIT seed="4,0,0,0,3,75" ten="285,148,167,400" oya="0" hai0="63,70,23,30,12,72,113,0,11,124,35,20,8" hai1="28,47,90,31,123,86,24,93,43,111,40,77,101" hai2="29,85,114,45,82,80,68,37,4,112,32,26,1" hai3="127,92,84,83,89,67,99,117,135,13,9,39,115"/><T25/><D72/><U5/><E111/><V91/><F68/><W46/><G117/><T128/><D70/><U73/><E123/><V27/><F27/><W134/><G115/><N who="2" m="44073" /><F1/><W59/><G127/><T76/><D76/><U2/><E101/><V97/><F4/><W17/><G46/><T49/><D113/><U78/><E73/><V88/><F97/><W16/><G39/><T51/><D124/><U109/><E109/><V98/><F98/><W125/><G125/><T74/><D74/><U79/><E31/><V19/><F19/><N who="3" m="8623" /><G59/><T105/><D105/><U42/><E5/><V94/><F91/><W60/><G60/><T22/><D63/><U130/><E2/><V52/><F37/><W53/><G53/><T50/><D128/><U131/><REACH who="1" step="1"/><E47/><REACH who="1" ten="285,138,167,400" step="2"/><V54/><F45/><W116/><G116/><T96/><D0/><U65/><E65/><V102/><F102/><N who="3" m="60775" /><G67/><T118/><D118/><U48/><E48/><V69/><F69/><W126/><G126/><T107/><D107/><U3/><E3/><V119/><F119/><W120/><G120/><T10/><REACH who="0" step="1"/><D96/><REACH who="0" ten="275,138,167,400" step="2"/><U38/><E38/><V7/><F7/><AGARI ba="0,2" hai="7,8,10,11,12,20,22,23,25,30,35,49,50,51" machi="7" ten="40,3900,0" yaku="1,1,2,1,53,0" doraHai="75" doraHaiUra="121" who="0" fromWho="2" sc="275,59,138,0,167,-39,400,0" /><INIT seed="4,1,0,4,4,109" ten="334,138,128,400" oya="0" hai0="99,87,11,95,114,130,102,73,121,104,40,135,31" hai1="83,63,106,124,90,15,28,133,88,45,122,30,127" hai2="91,5,14,35,43,81,41,42,77,78,85,115,79" hai3="92,54,76,93,52,69,20,117,107,98,116,3,6"/><T96/><D121/><U123/><E106/><V105/><F35/><W60/><G76/><T61/><D31/><N who="1" m="11819" /><E133/><V17/><F105/><W71/><G107/><T132/><D40/><U47/><E15/><V44/><F5/><W118/><G3/><T13/><D73/><U57/><E83/><V51/><REACH who="2" step="1"/><F115/><REACH who="2" ten="334,138,118,400" step="2"/><W26/><G6/><T58/><D114/><U1/><E1/><V66/><F66/><W55/><G118/><T39/><D132/><U16/><E123/><V19/><F19/><W113/><G117/><T65/><D135/><U22/><E122/><V59/><F59/><W23/><G116/><T120/><D120/><U112/><E112/><V34/><F34/><W21/><G113/><T97/><D130/><U100/><E127/><V101/><F101/><W103/><G60/><T33/><D33/><U29/><E100/><V70/><F70/><W56/><G56/><T108/><D108/><U2/><E2/><V80/><F80/><W36/><G71/><T64/><D64/><N who="1" m="39023" /><E124/><V86/><F86/><W7/><G69/><T111/><D111/><U48/><E29/><V131/><F131/><W27/><G7/><N who="0" m="3327" /><D87/><U24/><E47/><V0/><F0/><W110/><G110/><T82/><D82/><U128/><E128/><V75/><F75/><W25/><G103/><N who="0" m="60831" /><D97/><U89/><E45/><V53/><F53/><W46/><G98/><T9/><D99/><U62/><E62/><V126/><F126/><W10/><G10/><AGARI ba="1,1" hai="10,14,17,41,42,43,44,51,77,78,79,81,85,91" machi="10" ten="40,2600,0" yaku="1,1,8,1,53,0" doraHai="109" doraHaiUra="32" who="2" fromWho="3" sc="334,0,138,0,118,39,400,-29" /><INIT seed="5,0,0,1,2,6" ten="334,138,157,371" oya="1" hai0="54,106,79,34,103,45,48,60,67,50,20,76,35" hai1="130,61,56,121,64,118,33,116,126,91,108,100,104" hai2="19,85,23,37,25,131,95,134,44,101,71,30,88" hai3="89,17,99,132,15,69,65,21,13,22,78,107,29"/><U58/><E121/><V62/><F134/><W97/><G132/><T47/><D20/><U18/><E33/><V40/><F131/><W74/><G69/><T39/><D39/><U105/><E130/><V73/><F73/><W135/><G65/><T31/><D31/><U68/><E126/><V133/><F133/><W59/><G135/><T123/><D123/><U11/><E108/><V43/><F43/><W51/><G78/><T0/><D0/><U112/><E112/><V102/><F71/><W83/><G74/><T12/><D12/><U93/><E100/><V66/><REACH who="2" step="1"/><F30/><REACH who="2" ten="334,138,147,371" step="2"/><W42/><G29/><T5/><D34/><U27/><E68/><V86/><F86/><W32/><G32/><T120/><D35/><U81/><E116/><V84/><F84/><W125/><G125/><T115/><D120/><U41/><E118/><V55/><F55/><W109/><G109/><T53/><D115/><U90/><E41/><V80/><F80/><W127/><G42/><T38/><D38/><U46/><E81/><V9/><F9/><W129/><G83/><T24/><D53/><U16/><E11/><V114/><F114/><W92/><G129/><T10/><D54/><U119/><E119/><V70/><AGARI ba="0,1" hai="19,23,25,37,40,44,62,66,70,85,88,95,101,102" machi="70" ten="20,8000,1" yaku="1,1,0,1,7,1,54,1,53,1" doraHai="6" doraHaiUra="36" who="2" fromWho="2" sc="334,-20,138,-40,147,90,371,-20" /><INIT seed="6,0,0,3,2,93" ten="314,98,237,351" oya="2" hai0="122,87,26,77,84,30,52,18,81,54,15,85,110" hai1="12,46,63,75,34,31,131,36,100,120,16,74,33" hai2="103,11,102,19,90,60,48,56,57,38,49,58,128" hai3="53,45,82,79,125,113,37,55,72,88,14,105,0"/><V42/><F128/><W5/><G105/><T98/><D110/><U111/><E111/><V10/><F38/><W66/><G66/><T112/><D112/><U28/><E131/><V20/><F60/><W71/><G71/><T51/><D122/><U86/><E120/><V124/><F124/><W2/><G125/><T59/><D54/><U78/><E100/><N who="2" m="38443" /><F90/><W67/><G67/><T47/><D47/><U83/><E63/><V134/><F134/><W7/><G113/><T114/><D114/><U17/><E17/><V109/><F109/><W126/><G14/><T1/><D1/><U8/><E34/><V107/><F107/><W68/><G68/><T50/><D50/><N who="2" m="19562" /><F42/><N who="3" m="22735" /><G88/><T9/><REACH who="0" step="1"/><D98/><REACH who="0" ten="304,98,237,351" step="2"/><U108/><E108/><V94/><F94/><W23/><G126/><T43/><D43/><U35/><E35/><AGARI ba="0,1" hai="9,15,18,26,30,35,51,52,59,77,81,84,85,87" machi="35" ten="30,3900,0" yaku="1,1,7,1,54,1,53,0" doraHai="93" doraHaiUra="99" who="0" fromWho="1" sc="304,49,98,-39,237,0,351,0" /><INIT seed="7,0,0,5,2,11" ten="353,59,237,351" oya="3" hai0="63,41,109,44,97,12,5,87,30,131,98,43,24" hai1="48,31,57,79,101,42,13,115,96,95,40,135,62" hai2="1,120,83,77,91,118,65,69,28,29,129,67,61" hai3="78,18,126,22,86,110,55,10,108,74,33,134,84"/><W130/><G33/><T92/><D109/><N who="3" m="42089" /><G134/><T117/><D117/><U93/><E115/><V47/><F118/><W45/><G126/><T51/><D131/><U116/><E135/><V9/><F67/><W124/><G124/><T107/><D107/><U76/><E116/><V32/><F129/><W73/><G130/><T128/><D128/><U27/><E93/><V88/><F120/><W0/><G0/><T70/><D43/><U14/><E48/><V50/><F32/><W49/><G10/><N who="0" m="4175" /><D70/><U6/><E6/><V90/><F1/><W25/><G78/><T104/><D104/><U37/><E37/><V21/><F21/><W113/><G113/><T103/><D63/><U36/><E36/><V17/><F17/><W85/><AGARI ba="0,0" hai="18,22,25,45,49,55,73,74,84,85,86" m="42089" machi="85" ten="30,1500,0" yaku="10,1" doraHai="11" who="3" fromWho="3" sc="353,-5,59,-5,237,-5,351,15" owari="348,15.0,54,-45.0,232,-17.0,366,47.0" /></mjloggm>