<mjloggm ver="2.3"><GO type="169" lobby="0"/><UN n0="%72%63%70%62" n1="%E3%81%8A%E3%81%98%E3%81%95%E3%82%93" n2="%E3%82%A6%E3%83%AB%E3%83%88%E3%83%A9%E7%AB%8B%E7%9B%B4" n3="%77%61%77%61%33%30%33%30" dan="16,18,18,16" rate="2048.01,2255.08,2213.41,2123.20" sx="M,M,M,M"/><TAIKYOKU oya="0"/><INIT seed="0,0,0,3,2,32" ten="250,250,250,250" oya="0" hai0="30,60,98,72,127,132,7,49,77,3,102,8,111" hai1="38,6,16,69,63,89,21,115,76,48,121,114,62" hai2="120,133,128,51,110,134,81,118,108,83,92,15,4" hai3="85,125,126,75,103,106,54,68,122,13,20,130,37"/><T107/><D132/><U67/><E121/><V95/><F51/><W27/><G37/><T84/><D127/><N who="3" m="48649" /><G75/><T100/><D100/><U82/><E38/><V97/><F15/><W47/><G68/><T50/><D30/><U26/><E6/><V119/><F4/><W87/><G130/><T45/><D111/><N who="2" m="42538" /><F120/><W42/><G54/><T31/><D31/><U104/><E62/><V57/><F57/><W113/><G13/><T23/><D23/><U116/><E116/><N who="2" m="44587" /><F128/><W53/><G53/><T99/><D50/><U70/><E48/><V80/><F95/><W135/><G122/><T2/><D49/><U35/><E70/><V17/><F17/><W55/><G55/><T52/><D52/><U88/><E35/><V112/><F112/><N who="1" m="43049" /><E104/><V131/><F131/><W14/><G113/><T0/><D60/><U29/><E29/><V124/><F124/><W78/><G106/><T86/><D45/><U10/><E10/><V1/><F1/><W25/><G42/><T33/><D33/><U71/><E71/><V9/><F9/><W41/><G47/><T18/><D18/><U91/><E76/><V24/><F24/><W65/><G78/><T34/><D34/><U22/><E22/><V123/><F123/><W117/><G41/><T40/><D40/><U79/><E79/><V109/><N who="2" m="42546" /><V74/><DORA hai="58" /><F74/><W90/><G117/><T43/><D43/><U94/><E82/><V11/><F11/><W105/><G105/><T56/><D107/><U59/><E69/><V36/><F36/><W73/><G73/><T5/><D72/><U61/><E61/><RYUUKYOKU ba="0,0" sc="250,-15,250,15,250,15,250,-15" hai1="16,21,26,59,63,67,88,89,91,94" hai2="80,81,83,92,97,133,134" /><INIT seed="1,1,0,4,0,122" ten="235,265,265,235" oya="1" hai0="50,71,117,2,7,87,126,18,1,100,81,115,106" hai1="121,105,130,68,27,4,38,9,98,30,17,88,101" hai2="96,111,60,127,25,61,116,23,129,110,28,67,8" hai3="124,104,44,47,0,114,10,82,15,52,51,107,43"/><U62/><E121/><V46/><F116/><W118/><G114/><T37/><D37/><U99/><E38/><V80/><F127/><W32/><G0/><T95/><D71/><U92/><E130/><V40/><F129/><W11/><G124/><T42/><D106/><U84/><E17/><V133/><F133/><W48/><G32/><T14/><D115/><U83/><E62/><V109/><F8/><W24/><G118/><T34/><D34/><U86/><E68/><V56/><F80/><W45/><G24/><T128/><D117/><U132/><E132/><V31/><F96/><W135/><G135/><T75/><D75/><U13/><REACH who="1" step="1"/><E83/><REACH who="1" ten="235,255,265,235" step="2"/><V5/><F61/><W66/><G82/><T72/><D128/><U69/><E69/><V123/><F123/><W35/><G48/><T70/><D70/><U6/><E6/><V55/><F5/><W65/><G51/><T78/><D126/><U131/><E131/><V58/><F31/><W125/><G125/><T20/><D72/><U119/><E119/><V91/><F67/><W89/><G66/><T26/><D7/><U22/><AGARI ba="1,1" hai="4,9,13,22,27,30,84,86,88,92,98,99,101,105" machi="22" ten="20,7800,0" yaku="1,1,0,1,7,1,54,1,53,0" doraHai="122" doraHaiUra="41" who="1" fromWho="1" sc="235,-27,255,91,265,-27,235,-27" /><INIT seed="1,2,0,3,4,56" ten="208,346,238,208" oya="1" hai0="70,95,7,37,29,4,119,112,44,115,1,132,85" hai1="28,19,124,128,34,97,74,94,5,62,122,88,126" hai2="45,8,91,79,12,3,2,41,43,84,106,66,65" hai3="25,16,92,80,9,77,63,30,111,14,90,127,21"/><U46/><E128/><V118/><F106/><W20/><G111/><T135/><D37/><U23/><E122/><V67/><F118/><W110/><G110/><T0/><D44/><U49/><E74/><V18/><F79/><W75/><G127/><N who="1" m="48682" /><E5/><N who="0" m="2121" /><D85/><U96/><E28/><V54/><F43/><W89/><G92/><T125/><D95/><U64/><E34/><V104/><F104/><W60/><REACH who="3" step="1"/><G9/><REACH who="3" ten="208,346,238,198" step="2"/><T61/><D125/><U99/><E23/><V15/><F8/><W52/><G52/><T105/><D119/><U98/><E19/><V116/><F54/><W73/><G73/><T36/><D105/><U33/><E33/><V47/><F18/><W78/><G78/><T133/><D29/><U38/><E98/><V86/><F116/><W134/><G134/><N who="0" m="34307" /><T22/><DORA hai="40" /><D22/><U131/><E131/><V120/><F120/><W58/><G58/><T35/><D35/><U108/><E108/><V6/><F6/><W123/><G123/><T101/><D0/><U10/><E10/><V113/><F2/><W129/><G129/><T82/><D1/><U72/><E72/><V57/><F3/><W69/><G69/><T130/><D130/><U51/><E99/><V76/><F57/><W102/><G102/><T103/><D103/><U117/><E96/><V24/><F76/><W11/><G11/><T50/><D101/><U27/><E117/><V59/><F59/><W13/><G13/><T68/><D68/><N who="1" m="42007" /><E27/><V48/><F24/><W100/><G100/><T93/><D70/><U55/><E55/><V81/><F12/><W42/><G42/><AGARI ba="2,1" hai="38,42,46,49,51,88,94,97" m="42007,48682" machi="42" ten="30,11600,0" yaku="18,1,52,2,54,1" doraHai="56,40" who="1" fromWho="3" sc="208,0,346,132,238,0,198,-122" /><INIT seed="1,3,0,0,1,104" ten="208,478,238,76" oya="1" hai0="121,59,30,80,49,78,16,70,84,37,26,75,67" hai1="102,118,120,110,126,62,60,86,101,32,63,73,13" hai2="91,14,122,89,28,130,92,55,124,81,41,6,115" hai3="95,72,31,29,11,45,111,40,117,20,53,50,125"/><U85/><E118/><V66/><F122/><W46/><G117/><T109/><D37/><U39/><E120/><V134/><F115/><W57/><G111/><T1/><D1/><U42/><E110/><V79/><F124/><W5/><G125/><T27/><D70/><U35/><E126/><V17/><F130/><W112/><G112/><T9/><D109/><U23/><E39/><V98/><F134/><W94/><G72/><T15/><D121/><U22/><E42/><V87/><F28/><W90/><G46/><T108/><D108/><U123/><E63/><V58/><F41/><W8/><G8/><T56/><D67/><U83/><E123/><V133/><F133/><W3/><G20/><T116/><D116/><U128/><E83/><V51/><F66/><W34/><G34/><T69/><D69/><U25/><E13/><V71/><F71/><W129/><G129/><T135/><D135/><U64/><E64/><V10/><REACH who="2" step="1"/><F6/><REACH who="2" ten="208,478,228,76" step="2"/><W0/><G29/><T44/><D30/><U82/><E128/><V96/><F96/><W99/><G31/><T114/><D114/><U21/><E35/><V61/><F61/><W107/><G107/><T88/><D27/><U106/><E25/><V52/><F52/><W74/><G5/><T93/><D26/><U100/><E32/><V48/><F48/><W54/><G53/><AGARI ba="3,1" hai="9,15,16,44,49,53,56,59,75,78,80,84,88,93" machi="53" ten="30,7700,0" yaku="7,1,52,1,54,2" doraHai="104" who="0" fromWho="3" sc="208,96,478,0,228,0,76,-86" owari="304,10.0,478,58.0,228,-17.0,-10,-51.0" /></mjloggm>