<mjloggm ver="2.3"><GO type="169" lobby="0"/><UN n0="%E3%81%AE%E3%81%A1%E3%82%86%E3%82%93" n1="%E4%B8%96%E3%82%92%E7%9B%B4%E3%81%99%E8%80%85" n2="%E3%81%9C%E3%82%8D%E3%82%81%E3%81%90" n3="%E5%B0%B1%E6%B4%BB%E7%94%9F%40%E5%B7%9D%E6%9D%91%E8%BB%8D%E5%9B%A3" dan="16,16,16,16" rate="2152.49,2063.39,2061.27,2195.26" sx="F,M,F,M"/><TAIKYOKU oya="0"/><INIT seed="0,0,0,1,2,7" ten="250,250,250,250" oya="0" hai0="109,39,40,88,75,67,83,43,1,135,123,131,11" hai1="52,25,76,4,18,98,10,94,20,106,28,26,15" hai2="53,33,127,16,130,51,119,77,66,96,0,104,38" hai3="85,41,101,89,56,32,132,12,45,93,134,122,90"/><T87/><D123/><U23/><E106/><V100/><F38/><W103/><G32/><T24/><D131/><U13/><E76/><V42/><F42/><W6/><G56/><T113/><D113/><U17/><E52/><V65/><F130/><W125/><G122/><T80/><D135/><N who="3" m="51753" /><G125/><T114/><D114/><U99/><REACH who="1" step="1"/><E94/><REACH who="1" ten="250,240,250,250" step="2"/><V116/><F104/><W60/><G93/><T54/><D54/><U36/><E36/><V92/><F53/><W84/><G41/><T19/><D39/><U69/><E69/><V82/><F127/><W111/><G45/><T59/><D43/><U29/><E29/><V44/><F44/><W27/><G60/><T74/><D40/><U34/><AGARI ba="0,1" hai="4,10,13,15,17,18,20,23,25,26,28,34,98,99" machi="34" ten="20,5200,0" yaku="1,1,0,1,7,1,52,1,53,0" doraHai="7" doraHaiUra="68" who="1" fromWho="1" sc="250,-26,240,62,250,-13,250,-13" /><INIT seed="1,0,0,1,4,25" ten="224,302,237,237" oya="1" hai0="60,27,78,112,96,131,93,2,135,30,84,63,46" hai1="14,59,13,10,32,70,125,77,47,111,91,129,64" hai2="28,73,83,89,105,75,37,69,16,81,31,113,120" hai3="114,130,9,3,21,54,43,6,109,79,119,11,33"/><U104/><E129/><V71/><F37/><W88/><G79/><T36/><D112/><U44/><E125/><V38/><F38/><W117/><G43/><T90/><D135/><U67/><E104/><V121/><F105/><W34/><G54/><T58/><D2/><U126/><E126/><V15/><F15/><W23/><G88/><T45/><D131/><U35/><E70/><N who="2" m="26635" /><F89/><W49/><G49/><T87/><D63/><U127/><E127/><V102/><F102/><W7/><G130/><T74/><D74/><N who="2" m="28170" /><F16/><W48/><G48/><T66/><D36/><U110/><E91/><V106/><F106/><W100/><G100/><T26/><D26/><U95/><E77/><V42/><F42/><W57/><G57/><T41/><D41/><U80/><E59/><V50/><F50/><W62/><G62/><T124/><D124/><U99/><E14/><V4/><F4/><W20/><G109/><T97/><D78/><U101/><E110/><V118/><F118/><N who="3" m="45067" /><G114/><T40/><D40/><U94/><E111/><V92/><F92/><W22/><N who="3" m="5632" /><DORA hai="8" /><W133/><G133/><T39/><D39/><U29/><E101/><V98/><F98/><W1/><AGARI ba="0,0" hai="1,3,6,7,9,11,33,34" m="5632,45067" machi="1" ten="50,6400,0" yaku="12,1,34,2" doraHai="25,8" who="3" fromWho="3" sc="224,-16,302,-32,237,-16,237,64" /><INIT seed="2,0,0,0,0,113" ten="208,270,221,301" oya="2" hai0="38,133,33,0,96,129,26,123,114,124,40,115,32" hai1="106,35,11,65,104,67,2,82,21,69,71,37,74" hai2="61,97,127,128,57,24,62,22,8,39,19,90,95" hai3="47,50,9,77,135,101,94,98,17,103,41,58,93"/><V75/><F75/><W51/><G135/><T91/><D123/><U56/><E21/><V7/><F39/><W102/><G77/><T118/><D0/><U119/><E56/><V60/><F127/><W4/><G17/><T42/><D133/><U70/><E37/><V81/><F81/><W134/><G134/><T48/><D38/><U85/><E35/><V59/><REACH who="2" step="1"/><F128/><REACH who="2" ten="208,270,211,301" step="2"/><W43/><G94/><T5/><D124/><U31/><E74/><V125/><F125/><W63/><G50/><T25/><D48/><U107/><E82/><V54/><F54/><W86/><G43/><T66/><D40/><U27/><E107/><V18/><F18/><W12/><G86/><T112/><D42/><U110/><E85/><V14/><AGARI ba="0,1" hai="7,8,14,19,22,24,57,59,60,61,62,90,95,97" machi="14" ten="30,6000,0" yaku="1,1,0,1,8,1,53,0" doraHai="113" doraHaiUra="99" who="2" fromWho="2" sc="208,-20,270,-20,211,70,301,-20" /><INIT seed="2,1,0,0,0,57" ten="188,250,281,281" oya="2" hai0="36,47,35,116,74,80,33,64,54,14,63,115,24" hai1="65,120,104,89,41,43,123,127,86,12,70,87,72" hai2="4,90,108,100,56,21,2,131,124,134,113,101,42" hai3="99,19,132,6,0,30,112,103,77,38,111,58,32"/><V82/><F113/><W133/><G38/><T93/><D115/><U37/><E127/><V28/><F124/><W83/><G111/><T128/><D128/><U84/><E72/><V109/><F131/><W117/><G117/><T130/><D130/><U61/><E104/><V9/><F42/><W85/><G112/><T39/><D116/><U10/><E89/><V53/><F134/><N who="3" m="51819" /><G19/><T46/><D14/><U97/><E97/><V105/><F105/><N who="3" m="63743" /><G58/><T125/><D125/><U52/><E37/><V60/><F109/><W50/><G50/><T15/><D36/><U34/><E34/><V18/><F28/><W71/><G71/><T44/><D39/><U67/><E65/><V73/><F108/><W16/><G16/><T23/><D54/><U49/><E43/><V91/><F91/><W55/><G55/><T110/><D110/><U11/><E41/><V45/><F45/><W118/><G118/><T79/><D15/><U122/><E12/><V20/><F20/><W13/><G13/><T121/><D33/><U29/><E29/><V69/><F69/><W96/><G96/><T75/><D35/><U7/><E7/><V59/><F59/><AGARI ba="1,0" hai="10,11,49,52,59,61,67,70,84,86,87,120,122,123" machi="59" ten="50,6400,0" yaku="13,1,52,1,54,1" doraHai="57" who="1" fromWho="2" sc="188,0,250,67,281,-67,281,0" /><INIT seed="3,0,0,5,4,30" ten="188,317,214,281" oya="3" hai0="95,0,10,29,52,47,9,97,77,112,73,71,38" hai1="100,53,108,15,13,34,12,11,116,23,41,54,99" hai2="39,93,128,68,65,123,21,72,66,119,117,78,124" hai3="82,105,42,127,126,84,121,70,104,33,89,107,18"/><W132/><G70/><T48/><D71/><U20/><E108/><V120/><F21/><W31/><G42/><T26/><D112/><U106/><E116/><V118/><F93/><W98/><G18/><T3/><D38/><U111/><E111/><V55/><F78/><W115/><G115/><T57/><D47/><U102/><E41/><V76/><F76/><W24/><G121/><N who="2" m="46665" /><F72/><W50/><G132/><T14/><D77/><U122/><E122/><V44/><F124/><N who="3" m="47659" /><G50/><T131/><D73/><U83/><E15/><V40/><F128/><W36/><G36/><T62/><D48/><U90/><E11/><V16/><F16/><W86/><G86/><T7/><D10/><U25/><E13/><V85/><F85/><W63/><G63/><T58/><D58/><U135/><E12/><V125/><F125/><W88/><G89/><T103/><REACH who="0" step="1"/><D131/><REACH who="0" ten="178,317,214,281" step="2"/><U91/><E135/><V79/><F79/><W69/><G69/><T74/><D74/><U8/><E8/><V32/><F68/><W56/><G56/><T87/><D87/><U101/><E106/><V19/><F39/><W1/><G1/><T45/><D45/><U80/><E99/><AGARI ba="0,1" hai="24,31,33,82,84,88,98,99,104,105,107" m="47659" machi="99" ten="40,7700,0" yaku="18,1,52,1,54,1" doraHai="30" who="3" fromWho="1" sc="178,0,317,-77,214,0,281,87" /><INIT seed="3,1,0,1,2,1" ten="178,240,214,368" oya="3" hai0="51,14,8,131,90,80,20,107,50,128,32,23,91" hai1="127,89,59,28,30,12,100,114,77,119,85,122,36" hai2="10,22,26,31,40,67,42,97,123,95,38,110,6" hai3="79,69,87,33,63,58,101,78,105,52,48,70,134"/><W82/><G33/><T57/><D107/><U74/><E122/><V18/><F123/><W106/><G134/><T54/><D32/><U71/><E71/><V64/><F110/><W7/><G79/><T37/><D37/><U75/><E114/><V116/><F116/><W25/><G25/><T99/><D50/><U17/><E36/><V43/><F38/><W61/><G70/><T5/><D80/><U132/><E132/><V56/><F18/><W13/><G69/><T68/><D68/><U93/><E119/><V41/><N who="2" m="10240" /><DORA hai="66" /><V98/><F56/><W47/><G101/><T0/><D0/><U39/><E39/><V96/><REACH who="2" step="1"/><F95/><REACH who="2" ten="178,240,204,368" step="2"/><W2/><G58/><T60/><D57/><U112/><E59/><V4/><F4/><W29/><G7/><T73/><D5/><U81/><E17/><V94/><F94/><W120/><G105/><T21/><D131/><U109/><E93/><V121/><F121/><W83/><G106/><T88/><D128/><U44/><E109/><V84/><F84/><W34/><G87/><T49/><D73/><U62/><E85/><V102/><F102/><W27/><G120/><T108/><D108/><U72/><E100/><V11/><F11/><W16/><G61/><T103/><D103/><U104/><E75/><V135/><F135/><W24/><G63/><T117/><D117/><U111/><E74/><V55/><F55/><W19/><G52/><T45/><D60/><U124/><E62/><V133/><F133/><W130/><G19/><N who="0" m="8647" /><D51/><U126/><E111/><V46/><F46/><W3/><G48/><T9/><D9/><RYUUKYOKU ba="1,1" sc="178,15,240,-15,204,15,368,-15" hai0="20,21,23,45,49,54,88,90,91,99" hai2="6,10,22,26,31,64,67,96,97,98" /><INIT seed="4,2,1,5,5,77" ten="193,225,219,353" oya="0" hai0="111,48,13,52,88,75,70,97,109,34,36,106,69" hai1="120,95,9,27,119,104,4,1,6,37,92,126,41" hai2="33,22,20,103,133,10,91,122,84,60,31,14,132" hai3="56,129,117,110,108,94,79,17,29,21,0,85,8"/><T131/><D36/><U11/><E119/><V99/><F122/><W118/><G56/><T78/><D131/><U44/><E120/><V7/><F60/><W61/><G61/><T116/><D116/><U121/><E121/><V59/><F59/><W39/><G39/><T57/><D34/><U15/><E126/><V101/><F33/><W76/><G94/><N who="0" m="56519" /><D106/><U73/><E104/><V112/><F112/><W25/><G85/><T72/><D13/><U82/><REACH who="1" step="1"/><E27/><REACH who="1" ten="193,215,219,353" step="2"/><V46/><F133/><W115/><G25/><T100/><D100/><U23/><E23/><V5/><F132/><W42/><G21/><T68/><D78/><AGARI ba="2,2" hai="1,4,6,9,11,15,37,41,44,73,78,82,92,95" machi="78" ten="40,8000,1" yaku="1,1,25,2,52,1,53,0" doraHai="77" doraHaiUra="96" who="1" fromWho="0" sc="193,-86,215,106,219,0,353,0" /><INIT seed="5,0,0,5,1,39" ten="107,321,219,353" oya="1" hai0="42,110,85,128,82,127,96,100,112,114,57,47,91" hai1="31,18,1,93,105,129,45,61,48,64,103,41,60" hai2="72,102,63,62,88,32,125,53,108,95,26,89,104" hai3="126,37,70,81,7,12,59,107,23,111,106,79,66"/><U55/><E129/><V29/><F108/><W132/><G70/><T9/><D110/><U5/><E105/><V123/><F104/><W131/><G37/><T15/><D127/><U54/><E31/><V30/><F72/><W124/><G111/><T20/><D128/><U119/><E119/><V73/><F73/><W35/><G35/><T51/><D57/><U50/><E1/><V6/><F123/><W16/><G132/><T19/><REACH who="0" step="1"/><D9/><REACH who="0" ten="97,321,219,353" step="2"/><U58/><E58/><V33/><F125/><W99/><G59/><T44/><D44/><U115/><E45/><V75/><F33/><W94/><G131/><T40/><D40/><U116/><E41/><V76/><F32/><W0/><G126/><T3/><D3/><U4/><E116/><V68/><F68/><W122/><G124/><T34/><D34/><U27/><E115/><V28/><F62/><W109/><G109/><T21/><D21/><U90/><E61/><V52/><F63/><W97/><G23/><T67/><D67/><U130/><E60/><V24/><F53/><W71/><G0/><T78/><D78/><U49/><E64/><V43/><F52/><W118/><G79/><T121/><D121/><U134/><E130/><V98/><F43/><W65/><G66/><T11/><D11/><U84/><E134/><V17/><F76/><W22/><G65/><T113/><D113/><U87/><E55/><V86/><F75/><W77/><G71/><T25/><D25/><U56/><E54/><V2/><F26/><W80/><G122/><T74/><D74/><U133/><E133/><V46/><F46/><RYUUKYOKU ba="0,1" sc="97,30,321,-10,219,-10,353,-10" hai0="15,19,20,42,47,51,82,85,91,96,100,112,114" /><INIT seed="6,1,1,4,3,4" ten="127,311,209,343" oya="2" hai0="28,68,97,89,71,114,74,106,118,70,115,110,132" hai1="79,37,35,119,135,23,31,7,94,112,43,126,21" hai2="50,98,88,57,22,60,100,93,129,15,8,131,84" hai3="91,1,103,117,6,41,111,62,87,56,54,25,47"/><V73/><F73/><W104/><G111/><T78/><D89/><U109/><E109/><V85/><F22/><W86/><G117/><T108/><D118/><U116/><E119/><V42/><F42/><W49/><G87/><T133/><D28/><U2/><E116/><V45/><F45/><W134/><G134/><N who="0" m="51819" /><D97/><U61/><E135/><V101/><F50/><W80/><G25/><T44/><D44/><U51/><E31/><V77/><F77/><W121/><G121/><T113/><D106/><U128/><E79/><V38/><F38/><W83/><G103/><N who="2" m="39497" /><F129/><W122/><G104/><T64/><D78/><U19/><E128/><V127/><F131/><W123/><G80/><T24/><D24/><U63/><E37/><V59/><F59/><W46/><G46/><T0/><D74/><U34/><E43/><V16/><F127/><W69/><G69/><N who="0" m="26731" /><D0/><U20/><E2/><V107/><F107/><W11/><AGARI ba="1,1" hai="1,6,11,41,47,49,54,56,62,83,86,91,122,123" machi="11" ten="30,2000,0" yaku="0,1,52,1" doraHai="4" who="3" fromWho="3" sc="127,-6,311,-6,209,-11,343,33" /><INIT seed="7,0,0,3,1,76" ten="121,305,198,376" oya="3" hai0="119,110,54,56,60,77,64,79,5,8,104,133,65" hai1="90,51,70,114,92,45,41,84,99,107,38,12,17" hai2="15,101,118,124,28,134,30,47,89,93,83,117,31" hai3="67,19,16,130,94,53,69,82,7,131,127,34,112"/><W80/><G34/><T46/><D104/><U57/><E114/><V85/><F124/><W55/><G112/><T122/><D122/><U71/><E107/><V11/><F134/><W96/><G7/><T27/><D119/><U123/><E123/><V35/><F35/><W20/><G67/><T81/><D133/><U103/><E38/><V13/><F117/><W49/><G69/><T111/><D27/><U21/><REACH who="1" step="1"/><E57/><REACH who="1" ten="121,295,198,376" step="2"/><V18/><F118/><W72/><G127/><T125/><D125/><U121/><E121/><V120/><F120/><W9/><G72/><T42/><D111/><U97/><E97/><N who="2" m="59567" /><F47/><N who="3" m="27839" /><G55/><T100/><D110/><U78/><E78/><V6/><F31/><W1/><G1/><T24/><D100/><U128/><E128/><N who="3" m="49194" /><G9/><AGARI ba="0,1" hai="6,9,11,13,15,18,28,30,83,85,89" m="59567" machi="9" ten="30,2000,0" yaku="8,1,52,1" doraHai="76" who="2" fromWho="3" sc="121,0,295,0,198,30,376,-20" owari="121,-38.0,295,10.0,228,-17.0,356,45.0" /></mjloggm>