<mjloggm ver="2.3"><GO type="41" lobby="0"/><UN n0="%E3%83%A9%E3%82%A4%E3%81%A0%E3%82%88" n1="%6E%65%63%6F%7A%65" n2="%E5%B0%B1%E6%B4%BB%E7%94%9F%40%E5%B7%9D%E6%9D%91%E8%BB%8D%E5%9B%A3" n3="%47%49%52%55%40" dan="14,14,14,13" rate="1984.97,1952.95,1988.29,1924.36" sx="M,M,M,M"/><TAIKYOKU oya="0"/><INIT seed="0,0,0,3,1,127" ten="250,250,250,250" oya="0" hai0="55,20,77,117,33,12,116,17,73,121,32,104,106" hai1="81,54,123,72,49,42,74,3,37,133,23,124,95" hai2="103,25,61,78,128,68,9,4,63,41,5,125,120" hai3="115,98,100,7,92,75,10,56,52,80,130,13,27"/><T97/><D121/><U105/><E105/><V135/><F120/><W129/><G115/><T16/><D55/><U57/><E3/><V2/><F125/><W24/><G75/><T87/><D73/><U50/><E133/><V67/><F135/><W26/><REACH who="3" step="1"/><G80/><REACH who="3" ten="250,250,250,240" step="2"/><T11/><D117/><U94/><E124/><V59/><F78/><W86/><G86/><T122/><D116/><U44/><E123/><V46/><F5/><W76/><G76/><T48/><D122/><U113/><E113/><V107/><F107/><W36/><G36/><T134/><D134/><U58/><E81/><V110/><F110/><W101/><G101/><T19/><D77/><U79/><E79/><V102/><F25/><W62/><AGARI ba="0,1" hai="7,10,13,24,26,27,52,56,62,92,98,100,129,130" machi="62" ten="30,8000,1" yaku="1,1,0,1,52,2,54,1,53,0" doraHai="127" doraHaiUra="40" who="3" fromWho="3" sc="250,-40,250,-20,250,-20,240,90" /><INIT seed="1,0,0,2,0,36" ten="210,230,230,330" oya="1" hai0="88,101,120,91,11,29,6,121,103,52,78,35,92" hai1="41,128,87,4,7,97,28,111,117,24,72,100,69" hai2="12,83,30,50,54,47,19,46,107,25,71,0,113" hai3="94,123,126,74,85,67,119,39,38,106,99,21,112"/><U86/><E72/><V130/><F0/><W49/><G74/><T129/><D78/><U9/><E117/><V42/><F107/><W114/><G67/><T80/><D129/><U116/><E116/><V17/><F113/><W59/><G119/><T118/><D118/><U95/><E128/><V82/><F130/><W124/><G123/><N who="0" m="47179" /><D80/><U102/><E111/><V60/><F71/><W61/><G21/><T134/><D134/><U32/><E69/><V51/><F60/><W14/><G14/><N who="0" m="5495" /><D52/><U55/><E102/><N who="0" m="38921" /><D92/><U110/><E110/><V53/><F53/><W77/><G94/><T16/><D16/><U20/><E4/><V34/><REACH who="2" step="1"/><F19/><REACH who="2" ten="210,230,220,330" step="2"/><W2/><G61/><T76/><D76/><U48/><E32/><V109/><F109/><W98/><G77/><T108/><D108/><U1/><REACH who="1" step="1"/><E41/><REACH who="1" ten="210,220,220,330" step="2"/><V81/><F81/><W68/><G68/><T56/><D56/><AGARI ba="0,2" hai="1,7,9,20,24,28,48,55,56,86,87,95,97,100" machi="56" ten="30,11600,0" yaku="1,1,2,1,7,1,53,1" doraHai="36" doraHaiUra="23" who="1" fromWho="0" sc="210,-116,220,136,220,0,330,0" /><INIT seed="1,1,0,3,5,92" ten="94,356,220,330" oya="1" hai0="26,134,72,60,24,39,66,83,114,133,19,32,130" hai1="5,132,35,67,109,43,97,78,17,52,126,101,106" hai2="85,13,18,27,9,58,57,21,68,63,125,46,59" hai3="131,108,120,107,118,42,98,121,111,20,110,70,22"/><U3/><E35/><V14/><F125/><W79/><G70/><T113/><D39/><U15/><E126/><V49/><F68/><W64/><G64/><T65/><D130/><U135/><E43/><V123/><F123/><W16/><G131/><T55/><D55/><U40/><E40/><V48/><F48/><W28/><G42/><T86/><D72/><U90/><E67/><N who="0" m="25609" /><D60/><U119/><E119/><V45/><F63/><W44/><G44/><T12/><D32/><U33/><E33/><V71/><F71/><W99/><G79/><N who="0" m="46463" /><D26/><U128/><E78/><V37/><F37/><W41/><G41/><T89/><D24/><U77/><E77/><V50/><F50/><W2/><G2/><T30/><D89/><U6/><E128/><V29/><F49/><W100/><G118/><T87/><D87/><U11/><E109/><V104/><F104/><W76/><G76/><T127/><D30/><U88/><E52/><V38/><F38/><W94/><G28/><T95/><D95/><U129/><E129/><V61/><F61/><W7/><G7/><T62/><D62/><U93/><E6/><N who="2" m="3255" /><F85/><W73/><G73/><T47/><D47/><U116/><E116/><V51/><F51/><W103/><G22/><AGARI ba="1,0" hai="14,18,21,22,27,29,45,46,57,58,59" m="3255" machi="22" ten="30,1000,0" yaku="8,1" doraHai="92" who="2" fromWho="3" sc="94,0,356,0,220,13,330,-13" /><INIT seed="2,0,0,3,5,28" ten="94,356,233,317" oya="2" hai0="9,29,119,23,31,87,22,76,32,89,121,62,17" hai1="8,112,44,81,118,108,94,50,63,55,109,66,51" hai2="106,114,122,104,57,129,2,75,40,73,111,14,110" hai3="107,10,59,49,98,38,41,52,5,36,12,0,64"/><V72/><F2/><W82/><G41/><T13/><D121/><U35/><E112/><V19/><F122/><W93/><G107/><T115/><D115/><U128/><E118/><V80/><F114/><W39/><G64/><T15/><D76/><U34/><E128/><V84/><F40/><W27/><G82/><T79/><D79/><U90/><E51/><V54/><F129/><W88/><REACH who="3" step="1"/><G27/><REACH who="3" ten="94,356,233,307" step="2"/><T105/><D105/><U25/><E81/><V101/><F106/><W130/><G130/><T83/><D119/><U120/><E120/><V58/><F104/><W24/><G24/><T126/><D126/><U127/><E127/><V20/><F101/><W132/><G132/><T99/><D83/><U70/><E25/><V117/><F117/><W91/><G91/><T124/><D89/><U95/><E95/><V1/><F1/><AGARI ba="0,1" hai="0,1,5,10,12,36,38,39,49,52,59,88,93,98" machi="1" ten="40,12000,2" yaku="1,1,54,2,53,3" doraHai="28" doraHaiUra="68" who="3" fromWho="2" sc="94,0,356,0,233,-120,307,130" /><INIT seed="3,0,0,0,0,14" ten="94,356,113,437" oya="3" hai0="22,73,124,126,20,103,77,90,60,105,35,129,19" hai1="67,8,115,36,91,2,11,29,87,40,96,45,135" hai2="93,6,32,109,3,62,65,30,84,9,56,125,4" hai3="117,59,57,97,122,104,37,118,99,78,39,75,95"/><W106/><G95/><T1/><D35/><U0/><E115/><V86/><F125/><N who="0" m="48234" /><D1/><U113/><E29/><V25/><F109/><W66/><G78/><T43/><D43/><U51/><E135/><V23/><F6/><W27/><G27/><N who="0" m="14751" /><D129/><U5/><E67/><V31/><F31/><W100/><G66/><T68/><D90/><U38/><E96/><V88/><REACH who="2" step="1"/><F86/><REACH who="2" ten="94,356,103,437" step="2"/><W123/><REACH who="3" step="1"/><G100/><REACH who="3" ten="94,356,103,427" step="2"/><T83/><D103/><U98/><E113/><V53/><F53/><W85/><G85/><T116/><D116/><U50/><E87/><V13/><F13/><W10/><G10/><T21/><D105/><U119/><E8/><V7/><F7/><W81/><G81/><T12/><D12/><U108/><E11/><V46/><F46/><W121/><G121/><T79/><D79/><U74/><E45/><V101/><F101/><W110/><G110/><T80/><D80/><U114/><E5/><V71/><F71/><W16/><G16/><T44/><D44/><U55/><E108/><V24/><F24/><W15/><G15/><T26/><D26/><U48/><E114/><V64/><F64/><AGARI ba="0,2" hai="21,22,60,64,68,73,77,83" m="14751,48234" machi="64" ten="30,2000,0" yaku="18,1,52,1" doraHai="14" who="0" fromWho="2" sc="94,40,356,0,103,-20,427,0" /><INIT seed="4,0,0,5,5,64" ten="134,356,83,427" oya="0" hai0="81,84,62,67,2,22,71,33,131,59,106,58,83" hai1="105,10,60,123,73,82,4,87,69,132,52,98,30" hai2="48,128,119,11,134,68,20,47,17,16,92,112,120" hai3="40,3,115,118,77,88,29,95,14,80,127,53,91"/><T15/><D33/><U0/><E123/><V85/><F120/><W117/><G3/><T65/><D2/><U41/><E73/><V90/><F119/><W114/><G40/><T19/><D106/><U103/><E132/><V50/><F134/><W75/><G29/><T6/><D131/><U99/><E41/><V35/><F35/><W56/><G14/><T49/><D6/><U38/><E38/><V21/><F112/><N who="3" m="43051" /><G127/><T104/><D104/><U39/><E39/><V78/><F128/><W28/><G28/><T94/><D67/><U101/><E30/><V51/><F68/><W24/><G24/><T66/><D66/><U124/><E124/><V96/><F47/><W46/><G46/><T72/><D72/><U86/><E69/><V110/><F110/><W133/><G133/><T57/><REACH who="0" step="1"/><D49/><REACH who="0" ten="124,356,83,427" step="2"/><U25/><E105/><V89/><F78/><W44/><G75/><T129/><D129/><U125/><E4/><V55/><F55/><W7/><G7/><T109/><D109/><U108/><E0/><V79/><F79/><W12/><G77/><T34/><D34/><U43/><E125/><V45/><F45/><W42/><G44/><T23/><D23/><N who="2" m="8778" /><F11/><W32/><G53/><T61/><D61/><U97/><E52/><V36/><F36/><W126/><G126/><T130/><D130/><U135/><E60/><V107/><F107/><W27/><G32/><T100/><D100/><U70/><E43/><V54/><F54/><W8/><G42/><T111/><D111/><U26/><E10/><V9/><F9/><W122/><G8/><T116/><D116/><RYUUKYOKU ba="0,1" sc="124,15,356,-15,83,15,427,-15" hai0="15,19,22,57,58,59,62,65,71,81,83,84,94" hai2="16,17,48,50,51,85,89,90,92,96" /><INIT seed="4,1,1,1,0,79" ten="139,341,98,412" oya="0" hai0="133,36,70,131,5,110,38,127,68,106,35,4,57" hai1="135,10,26,102,119,56,62,134,97,28,60,15,118" hai2="94,128,101,100,27,42,120,33,121,85,116,83,47" hai3="78,69,23,113,111,129,132,14,48,20,66,64,13"/><T124/><D110/><U55/><E60/><V107/><F116/><W90/><G111/><T6/><D106/><U63/><E63/><V44/><F107/><W91/><G69/><N who="0" m="26731" /><D35/><U99/><E99/><V18/><F128/><W122/><G78/><T46/><D131/><U123/><E123/><V22/><F33/><W12/><G129/><T82/><D57/><U51/><E51/><V45/><F42/><W67/><G122/><T77/><D46/><U75/><E75/><V59/><F59/><W11/><G11/><T80/><D77/><U81/><E81/><N who="0" m="31337" /><D133/><N who="1" m="50699" /><E15/><V109/><F109/><W52/><G132/><T21/><D21/><N who="3" m="8265" /><G113/><T103/><D103/><U72/><E10/><V65/><F65/><W74/><G74/><T19/><D19/><U9/><E9/><V108/><F108/><W1/><G1/><T58/><D58/><AGARI ba="1,1" hai="12,13,14,48,52,58,64,66,67,90,91" m="8265" machi="58" ten="30,2000,0" yaku="8,1,54,1" doraHai="79" who="3" fromWho="0" sc="139,-23,341,0,98,0,412,33" /><INIT seed="5,0,0,0,0,28" ten="116,341,98,445" oya="1" hai0="82,75,77,15,92,33,49,95,83,43,129,5,7" hai1="51,29,36,73,125,111,91,134,24,0,2,132,119" hai2="94,62,121,48,98,116,66,65,31,58,130,133,47" hai3="6,3,78,19,46,57,87,103,112,69,108,44,104"/><U123/><E36/><V105/><F121/><W12/><G57/><T93/><D129/><U90/><E123/><V126/><F116/><W74/><G87/><T10/><D33/><U60/><E119/><V131/><F105/><W68/><G19/><N who="0" m="8695" /><D75/><U21/><E73/><V102/><F133/><N who="1" m="51305" /><E125/><V120/><F126/><W81/><G12/><T64/><D64/><U61/><E111/><V13/><F120/><W1/><G46/><N who="0" m="25823" /><D77/><U109/><E109/><V34/><F66/><W50/><G108/><T54/><D54/><U115/><E51/><V80/><F80/><AGARI ba="0,0" hai="5,7,80,82,83,92,93,95" m="25823,8695" machi="80" ten="30,1000,0" yaku="8,1" doraHai="28" who="0" fromWho="2" sc="116,10,341,0,98,-10,445,0" /><INIT seed="6,0,0,5,1,28" ten="126,341,88,445" oya="2" hai0="7,8,51,9,82,97,0,40,56,67,1,105,115" hai1="99,129,77,73,89,103,15,68,114,49,25,104,71" hai2="122,109,102,81,135,21,22,128,120,16,124,57,45" hai3="113,38,58,88,50,78,110,4,44,41,121,52,65"/><V13/><F124/><W108/><G121/><T34/><D34/><U93/><E129/><V30/><F128/><W96/><G78/><T60/><D115/><U42/><E114/><V132/><F102/><W39/><G39/><T134/><D134/><N who="2" m="51242" /><F45/><W3/><G113/><T59/><D82/><N who="1" m="45359" /><E15/><V125/><F125/><W91/><G3/><T26/><D26/><U47/><E25/><N who="2" m="16687" /><F57/><W23/><G65/><T53/><D40/><U111/><E111/><V95/><F81/><W107/><G4/><T29/><D29/><U126/><E126/><V43/><F43/><W76/><G23/><T70/><D0/><U62/><E62/><V100/><F109/><W92/><G107/><T84/><D8/><U106/><E104/><V55/><F55/><W69/><G69/><T63/><D105/><U94/><E94/><V72/><F72/><W31/><G31/><T87/><D97/><AGARI ba="0,0" hai="13,16,22,95,97,100,120,122" m="16687,51242" machi="97" ten="30,2900,0" yaku="20,1,54,1" doraHai="28" who="2" fromWho="0" sc="126,-29,341,0,88,29,445,0" /><INIT seed="6,1,0,2,5,119" ten="97,341,117,445" oya="2" hai0="33,10,45,101,32,76,61,17,99,131,18,133,24" hai1="117,80,121,115,66,57,28,13,72,91,25,122,15" hai2="60,125,11,43,78,9,87,30,84,92,97,49,54" hai3="7,88,79,40,37,12,135,73,74,16,108,58,19"/><V63/><F125/><W81/><G73/><T4/><D131/><U95/><E117/><V105/><F105/><W126/><G135/><T55/><D133/><U98/><E115/><V50/><F30/><W65/><G108/><T3/><D76/><U110/><E110/><V22/><F22/><W27/><G126/><T71/><D33/><U46/><E46/><N who="2" m="25823" /><F78/><W90/><G7/><T31/><D45/><U109/><E109/><V112/><F112/><W111/><G111/><T0/><D0/><U52/><E66/><V86/><F60/><W114/><G114/><T102/><D102/><U120/><E80/><V82/><F63/><W64/><G37/><T38/><D38/><U128/><E72/><V85/><F82/><W20/><G40/><T129/><D129/><U29/><E128/><V34/><F34/><W5/><G5/><T118/><D118/><U48/><E29/><V2/><F2/><W62/><G65/><N who="0" m="41391" /><D55/><U89/><E89/><N who="2" m="55439" /><F87/><W123/><G123/><T56/><D56/><AGARI ba="1,0" hai="9,11,50,54,56,84,85,86" m="55439,25823" machi="56" ten="30,1500,0" yaku="8,1" doraHai="119" who="2" fromWho="0" sc="97,-18,341,0,117,18,445,0" /><INIT seed="6,2,0,4,2,3" ten="79,341,135,445" oya="2" hai0="135,2,113,119,99,34,0,13,58,22,98,94,64" hai1="84,82,83,109,87,45,129,19,57,72,130,26,101" hai2="47,40,25,55,51,67,21,18,65,121,125,88,28" hai3="59,48,69,89,14,56,35,112,106,126,61,7,111"/><V128/><F121/><W118/><G111/><T123/><D34/><U78/><E109/><V60/><F125/><W132/><G118/><T68/><D123/><U11/><E101/><V116/><F116/><W31/><G132/><T81/><D119/><U79/><E72/><V62/><F128/><W120/><G120/><T102/><D135/><U107/><E107/><V1/><F1/><W77/><G77/><T76/><D113/><U24/><E45/><V114/><F114/><W85/><G106/><T92/><D68/><U23/><E26/><V32/><F88/><W124/><G112/><T5/><D64/><U134/><E134/><V131/><F131/><W104/><G104/><T30/><D58/><U71/><E71/><V108/><F108/><W27/><G48/><T41/><D41/><U90/><E90/><V97/><F97/><W38/><G38/><T110/><D110/><U117/><E117/><V66/><REACH who="2" step="1"/><F40/><REACH who="2" ten="79,341,125,445" step="2"/><W122/><G122/><T103/><D0/><U70/><E130/><V105/><F105/><W17/><G124/><T50/><D2/><U44/><E129/><V52/><F52/><W86/><G126/><T9/><D50/><U49/><E49/><V115/><F115/><W127/><G127/><T93/><D76/><U43/><E79/><V75/><F75/><W74/><G74/><T100/><D81/><U133/><E83/><V39/><F39/><W16/><G89/><T54/><D54/><U4/><E82/><V73/><F73/><W8/><G85/><T37/><D37/><U36/><E84/><V42/><F42/><W91/><G86/><RYUUKYOKU ba="2,1" sc="79,15,341,-15,125,15,445,-15" hai0="5,9,13,22,30,92,93,94,98,99,100,102,103" hai2="18,21,25,28,32,47,51,55,60,62,65,66,67" /><INIT seed="6,3,1,0,2,83" ten="94,326,140,430" oya="2" hai0="129,103,37,2,78,13,107,116,36,117,76,98,55" hai1="127,71,73,114,24,21,15,86,70,108,23,81,119" hai2="28,74,57,106,63,6,29,131,93,18,67,43,47" hai3="94,128,58,77,1,82,80,14,112,5,91,104,30"/><V133/><F106/><W105/><G1/><T45/><D2/><U120/><E119/><N who="0" m="45641" /><D13/><U110/><E114/><V46/><F74/><W118/><G118/><T7/><D7/><U44/><E127/><V115/><F115/><W68/><G68/><T31/><D31/><N who="2" m="11850" /><F131/><W87/><G30/><T32/><D32/><U10/><E73/><V52/><F6/><W125/><G80/><T41/><D55/><U89/><E120/><V33/><F33/><W113/><G58/><T66/><D66/><U26/><E44/><N who="2" m="16939" /><F133/><W42/><G5/><T122/><D122/><U0/><E0/><V11/><F43/><W72/><G42/><N who="0" m="22727" /><D129/><U20/><E71/><V50/><F93/><W121/><G128/><T35/><D41/><U85/><E70/><V92/><F92/><W96/><G121/><T12/><D35/><U4/><E110/><V124/><F124/><W51/><G125/><T48/><D37/><U59/><E108/><V60/><F67/><W79/><G14/><AGARI ba="3,1" hai="11,14,18,50,52,57,60,63" m="16939,11850" machi="14" ten="30,2900,0" yaku="8,1,54,1" doraHai="83" who="2" fromWho="3" sc="94,0,326,0,140,48,430,-38" /><INIT seed="6,4,0,5,4,39" ten="94,326,188,392" oya="2" hai0="119,57,10,110,61,28,21,86,51,23,15,81,88" hai1="14,65,71,33,1,96,11,6,46,113,18,108,133" hai2="131,37,25,66,98,128,85,48,45,105,70,135,134" hai3="126,95,32,13,74,27,40,20,111,29,69,78,26"/><V104/><F37/><W109/><G69/><T44/><D110/><U114/><E108/><V73/><F73/><W100/><G126/><T130/><D119/><U56/><E71/><V30/><F66/><W115/><G13/><T132/><D130/><N who="2" m="49706" /><F70/><W97/><G40/><T17/><D28/><U129/><E65/><V99/><F85/><W38/><G38/><T42/><REACH who="0" step="1"/><D132/><REACH who="0" ten="84,326,188,392" step="2"/><N who="2" m="50730" /><F104/><W36/><G111/><T118/><D118/><U19/><E129/><V58/><F105/><W121/><G109/><T117/><D117/><U62/><E133/><V89/><F89/><W72/><G29/><T59/><D59/><U79/><E46/><V123/><F58/><W31/><G72/><T9/><D9/><U2/><E79/><V35/><F123/><W122/><G78/><T107/><D107/><U60/><E96/><V53/><AGARI ba="4,1" hai="25,30,35,45,48,53,98,99" m="50730,49706" machi="53" ten="30,3000,0" yaku="19,1,20,1" doraHai="39" who="2" fromWho="2" sc="84,-14,326,-14,188,52,392,-14" /><INIT seed="6,5,0,3,1,113" ten="70,312,240,378" oya="2" hai0="117,121,72,29,134,25,116,56,80,63,90,31,109" hai1="60,102,26,64,133,130,61,118,115,21,23,73,42" hai2="0,43,79,85,12,135,108,107,97,34,27,4,58" hai3="83,20,84,131,106,7,114,66,71,17,68,122,132"/><V38/><F135/><W22/><G122/><T76/><D121/><U51/><E73/><V81/><F108/><W8/><G106/><T111/><D134/><U93/><E133/><V91/><F0/><W128/><G132/><T33/><D29/><U52/><E115/><V30/><F38/><W92/><G92/><T53/><REACH who="0" step="1"/><D90/><REACH who="0" ten="60,312,240,378" step="2"/><U44/><E130/><V9/><F43/><W74/><G131/><T19/><D19/><U100/><E118/><AGARI ba="5,1" hai="25,31,33,53,56,63,72,76,80,109,111,116,117,118" machi="118" ten="40,8000,1" yaku="1,1,12,1,52,3,53,0" doraHai="113" doraHaiUra="126" who="0" fromWho="1" sc="60,105,312,-95,240,0,378,0" /><INIT seed="7,0,0,0,5,46" ten="165,217,240,378" oya="3" hai0="0,79,74,22,19,37,53,67,20,75,96,91,82" hai1="54,93,63,48,41,30,57,110,43,89,34,104,64" hai2="99,118,70,122,134,17,105,1,94,95,8,47,77" hai3="80,131,88,14,116,65,128,40,86,83,29,124,52"/><W132/><G116/><T45/><D0/><U113/><E104/><V84/><F70/><W49/><G40/><T121/><D121/><U59/><E113/><V112/><F118/><W26/><G124/><T7/><D7/><U11/><E110/><V103/><F134/><W31/><G132/><T130/><D130/><U42/><E34/><V87/><F112/><W135/><G135/><T123/><D123/><U51/><E30/><V58/><F122/><W85/><G65/><T2/><D2/><U72/><E72/><V28/><F28/><W120/><G14/><T69/><D75/><U100/><E11/><V114/><F58/><N who="3" m="33039" /><G120/><T44/><D20/><U32/><E32/><V13/><F1/><W111/><G111/><T78/><D79/><U38/><E100/><V4/><F77/><N who="3" m="46223" /><G26/><T56/><D37/><U109/><E38/><V66/><F66/><W39/><G39/><T92/><D67/><U16/><E16/><V119/><F17/><W133/><G133/><T23/><D23/><U9/><E9/><V24/><F119/><W129/><AGARI ba="0,0" hai="29,31,83,86,88,128,129,131" m="46223,33039" machi="129" ten="30,11700,0" yaku="19,1,52,1,54,2" doraHai="46" who="3" fromWho="3" sc="165,-39,217,-39,240,-39,378,117" owari="126,-37.0,178,-22.0,201,0.0,495,59.0" /></mjloggm>