<mjloggm ver="2.3"><GO type="97" lobby="0"/><UN n0="%E5%B0%B1%E6%B4%BB%E7%94%9F%40%E5%B7%9D%E6%9D%91%E8%BB%8D%E5%9B%A3" n1="%4D%4B%5A" n2="%E2%80%A0%58%54%45%4E%44%E2%80%A0" n3="%E3%83%94%E3%83%A8%E3%81%A3%E3%81%99" dan="15,14,15,14" rate="2019.93,2011.06,2000.31,1889.88" sx="M,M,F,M"/><TAIKYOKU oya="0"/><INIT seed="0,0,0,5,2,25" ten="250,250,250,250" oya="0" hai0="72,111,114,96,126,122,23,66,90,93,5,13,51" hai1="85,129,117,38,123,128,95,59,121,70,130,4,102" hai2="120,107,82,17,30,27,91,24,16,1,57,103,48" hai3="37,105,62,112,99,36,115,14,78,104,71,6,81"/><T76/><D122/><N who="1" m="46603" /><E70/><V119/><F120/><W19/><G19/><T47/><D114/><N who="3" m="43561" /><G14/><T18/><D126/><U110/><E38/><N who="3" m="14954" /><G99/><T127/><D127/><U34/><E59/><V88/><F1/><W106/><G6/><T68/><D111/><U50/><E50/><V41/><F107/><W97/><G97/><T9/><D76/><U94/><E34/><V56/><F103/><W10/><G10/><T84/><D72/><U87/><E110/><V35/><F119/><W92/><G92/><N who="1" m="35370" /><E4/><V21/><F17/><W109/><G109/><T43/><D68/><U79/><E117/><V80/><F57/><W63/><G63/><T15/><REACH who="0" step="1"/><D66/><REACH who="0" ten="240,250,250,250" step="2"/><U60/><E79/><V55/><REACH who="2" step="1"/><F41/><REACH who="2" ten="240,250,240,250" step="2"/><W39/><G71/><T45/><D45/><U133/><E130/><V98/><F98/><AGARI ba="0,2" hai="5,9,13,15,18,23,43,47,51,84,90,93,96,98" machi="98" ten="40,7700,0" yaku="1,1,8,1,53,1" doraHai="25" doraHaiUra="83" who="0" fromWho="2" sc="240,97,250,0,240,-77,250,0" /><INIT seed="0,1,0,1,0,21" ten="337,250,163,250" oya="0" hai0="83,55,125,74,30,2,76,87,104,127,98,100,29" hai1="107,54,103,38,126,72,89,109,39,135,70,50,17" hai2="35,129,8,6,34,128,106,19,7,16,12,37,67" hai3="60,14,3,71,96,43,113,66,56,99,97,101,5"/><T92/><D2/><U75/><E70/><V120/><F106/><W32/><G32/><N who="2" m="12329" /><F37/><W42/><G113/><T124/><D55/><U10/><E126/><V11/><F67/><W61/><G3/><T20/><D20/><U115/><E109/><V77/><F77/><W52/><G5/><N who="2" m="1545" /><F120/><W51/><G14/><AGARI ba="1,0" hai="8,11,12,14,16,19,128,129" m="1545,12329" machi="14" ten="30,3900,0" yaku="34,2,54,1" doraHai="21" who="2" fromWho="3" sc="337,0,250,0,163,42,250,-42" /><INIT seed="1,0,0,5,4,134" ten="337,250,205,208" oya="1" hai0="100,18,82,8,24,46,89,122,26,65,120,4,135" hai1="45,78,47,7,104,99,67,23,112,88,90,80,110" hai2="12,109,0,124,106,41,10,16,56,62,51,9,64" hai3="27,114,44,60,48,123,70,39,37,2,38,132,1"/><U75/><E112/><V108/><F106/><W71/><G123/><N who="0" m="47147" /><D135/><U93/><E110/><N who="2" m="42603" /><F124/><W102/><G102/><T133/><D133/><U58/><E7/><N who="2" m="1255" /><F51/><W72/><G114/><T94/><D65/><U128/><E128/><V73/><F41/><W97/><G97/><N who="0" m="59447" /><D18/><U96/><E58/><V105/><F105/><W57/><G72/><AGARI ba="0,0" hai="10,12,16,56,62,64,72,73" m="1255,42603" machi="72" ten="30,2000,0" yaku="14,1,54,1" doraHai="134" who="2" fromWho="3" sc="337,0,250,0,205,20,208,-20" /><INIT seed="2,0,0,3,5,28" ten="337,250,225,188" oya="2" hai0="117,18,108,105,12,32,35,99,124,133,87,107,30" hai1="21,62,24,57,126,39,52,31,61,86,25,109,135" hai2="60,0,104,45,14,116,88,75,91,131,118,74,78" hai3="119,20,95,90,100,4,56,53,65,92,23,97,80"/><V59/><F0/><W37/><G37/><T43/><D30/><U58/><E39/><V120/><F120/><W15/><G119/><T49/><D117/><U47/><E126/><V68/><F68/><W115/><G65/><T85/><D124/><U40/><E135/><V9/><F104/><W123/><G80/><T101/><D107/><U89/><E109/><V27/><F131/><W44/><G44/><T134/><D108/><U110/><E110/><V129/><F129/><W10/><G115/><T79/><D49/><U22/><E47/><V3/><F3/><W77/><G77/><T41/><D41/><U51/><E40/><V26/><F118/><W69/><G69/><T67/><D67/><U50/><E24/><N who="2" m="9259" /><F78/><W13/><G13/><T17/><D17/><U54/><REACH who="1" step="1"/><E21/><REACH who="1" ten="337,240,225,188" step="2"/><V98/><F45/><W103/><G123/><T114/><D43/><U112/><E112/><V63/><F116/><W11/><G11/><T111/><D114/><U93/><AGARI ba="0,1" hai="22,25,31,50,51,52,54,57,58,61,62,86,89,93" machi="93" ten="20,12000,2" yaku="1,1,0,1,7,1,9,1,8,1,54,1,53,0" doraHai="28" doraHaiUra="36" who="1" fromWho="1" sc="337,-30,240,130,225,-60,188,-30" /><INIT seed="3,0,0,3,4,99" ten="307,370,165,158" oya="3" hai0="88,67,14,79,87,134,81,37,51,56,100,21,131" hai1="13,26,11,107,105,3,86,33,55,29,94,28,113" hai2="78,135,90,17,77,41,6,34,31,15,75,80,126" hai3="71,109,47,73,60,127,48,12,20,119,70,121,68"/><W39/><G121/><T4/><D37/><U63/><E29/><V112/><F112/><W114/><G119/><T23/><D131/><U133/><E3/><V129/><F34/><W102/><G114/><T44/><D134/><U38/><E38/><V36/><F129/><W95/><G73/><T103/><D79/><U110/><E105/><V43/><F135/><W64/><G39/><T76/><D76/><U59/><E107/><V92/><F78/><W0/><G0/><T27/><D4/><U124/><E113/><V50/><F36/><W101/><G127/><T40/><D14/><U74/><E74/><V30/><F6/><W108/><G12/><T58/><D23/><U83/><E94/><V85/><F126/><W89/><G20/><T53/><D67/><U52/><E124/><V104/><F104/><W10/><G10/><T66/><D66/><U19/><E133/><V61/><F61/><W122/><G122/><T125/><D125/><U35/><E35/><V46/><F41/><N who="3" m="24687" /><G70/><T82/><D82/><U32/><E32/><V57/><F57/><N who="0" m="22122" /><D40/><U97/><E33/><V54/><F43/><W84/><G71/><T65/><D65/><U98/><E59/><V115/><F115/><W5/><G5/><T132/><D132/><U96/><E55/><V111/><F111/><AGARI ba="0,0" hai="60,64,68,84,89,95,101,102,108,109,111" m="24687" machi="111" ten="30,11600,0" yaku="14,1,10,1,52,2" doraHai="99" who="3" fromWho="2" sc="307,0,370,0,165,-116,158,116" /><INIT seed="3,1,0,5,1,119" ten="307,370,49,274" oya="3" hai0="25,123,87,13,21,117,131,113,4,124,108,58,64" hai1="14,49,130,127,45,44,9,97,71,111,51,59,47" hai2="28,50,76,3,79,48,41,11,36,95,5,110,96" hai3="35,82,37,93,19,32,55,122,42,26,12,46,120"/><W53/><G82/><T39/><D113/><U52/><E71/><V80/><F110/><W62/><G93/><T107/><D117/><U85/><E111/><V24/><F79/><W60/><G62/><N who="0" m="37975" /><D107/><U90/><E127/><V23/><F95/><W133/><G133/><T8/><D123/><U128/><E97/><V116/><F96/><W102/><G102/><T91/><D39/><U86/><E51/><V0/><F0/><W15/><G15/><T57/><D108/><U72/><E72/><V70/><F70/><W33/><G26/><T22/><D131/><N who="1" m="50219" /><E90/><V61/><F61/><W92/><G92/><N who="0" m="54399" /><D25/><U63/><E63/><V18/><F28/><W56/><REACH who="3" step="1"/><G55/><REACH who="3" ten="307,370,49,264" step="2"/><T129/><D129/><U103/><E103/><V7/><F116/><W68/><G68/><T83/><D124/><U112/><E112/><V121/><F5/><AGARI ba="1,1" hai="5,9,14,44,45,47,49,52,59,85,86" m="50219" machi="5" ten="30,2000,0" yaku="19,1,54,1" doraHai="119" who="1" fromWho="2" sc="307,0,370,33,49,-23,264,0" owari="307,11.0,403,50.0,26,-47.0,264,-14.0" /></mjloggm>