<mjloggm ver="2.3"><GO type="169" lobby="0"/><UN n0="%E3%82%AB%E3%83%AA%E3%83%95%E3%82%A9%E3%83%AB%E3%83%8B%E3%82%A2%E9%A2%A8" n1="%E5%B0%B1%E6%B4%BB%E7%94%9F%40%E5%B7%9D%E6%9D%91%E8%BB%8D%E5%9B%A3" n2="%E3%83%99%E3%83%AB%E3%81%A0%E3%81%91%E8%A8%AD%E5%AE%9A%EF%BC%96" n3="%44%65%74%63%68%27" dan="17,17,17,16" rate="2158.81,2106.06,2125.87,2053.78" sx="M,M,M,M"/><TAIKYOKU oya="0"/><INIT seed="0,0,0,4,2,41" ten="250,250,250,250" oya="0" hai0="117,25,10,120,131,21,106,23,51,79,35,82,12" hai1="74,132,87,129,80,103,30,72,65,99,44,14,38" hai2="69,70,46,91,112,75,45,96,124,19,97,63,84" hai3="52,98,11,90,6,29,118,32,107,102,13,135,16"/><T66/><D117/><U92/><E129/><V42/><F75/><W78/><G135/><T20/><D120/><U73/><E132/><V86/><F112/><W93/><G118/><T54/><D106/><U15/><E65/><V4/><F4/><W95/><G78/><T26/><D66/><U115/><E30/><V18/><F63/><W49/><G90/><T55/><D35/><U77/><REACH who="1" step="1"/><E115/><REACH who="1" ten="250,240,250,250" step="2"/><V83/><F124/><W105/><G105/><T133/><D131/><U113/><E113/><V60/><F70/><W3/><G29/><T62/><D133/><U27/><E27/><V7/><F69/><W81/><G32/><T110/><D25/><U39/><E39/><V71/><F71/><W36/><G36/><T125/><D26/><U111/><E111/><V59/><F7/><W61/><G107/><T58/><D110/><U128/><E128/><V130/><F130/><W8/><G6/><N who="0" m="3159" /><D125/><U56/><E56/><V50/><F18/><W104/><G16/><T122/><D122/><U9/><E9/><V101/><F19/><W126/><G8/><T121/><D121/><U89/><E89/><N who="2" m="51423" /><F101/><W123/><G123/><T43/><D20/><U2/><E2/><V100/><F100/><W109/><G3/><T53/><D21/><U108/><E108/><V68/><F68/><W64/><G126/><T24/><D23/><U47/><E47/><V37/><F46/><N who="3" m="27703" /><G11/><T67/><D24/><U0/><E0/><V34/><F37/><W28/><G28/><T22/><D22/><U127/><E127/><V134/><F134/><W57/><G109/><T17/><D17/><RYUUKYOKU ba="0,1" sc="250,-10,240,30,250,-10,250,-10" hai1="14,15,38,44,72,73,74,77,80,87,92,99,103" /><INIT seed="1,1,1,1,5,36" ten="240,270,240,240" oya="1" hai0="21,95,94,90,76,4,122,106,33,127,65,1,98" hai1="43,119,57,67,7,85,104,10,51,73,126,81,100" hai2="69,28,107,89,49,116,46,35,75,135,70,83,27" hai3="74,97,8,29,102,22,50,72,11,66,92,19,31"/><U39/><E119/><V62/><F116/><W103/><G66/><T32/><D106/><U109/><E39/><V71/><F107/><W15/><G72/><T88/><D76/><U52/><E73/><V61/><F135/><W78/><G74/><T56/><D127/><U68/><E126/><V80/><F89/><N who="3" m="55439" /><G78/><T79/><D79/><U128/><E128/><V108/><F108/><W47/><G11/><T16/><D122/><U3/><E109/><V117/><F117/><W125/><G125/><T26/><D1/><U20/><E20/><V134/><F134/><W99/><G99/><T87/><D4/><U123/><E123/><V96/><F96/><W58/><G58/><T124/><D124/><U77/><E104/><V38/><F38/><W44/><G44/><T63/><AGARI ba="1,1" hai="16,21,26,32,33,56,63,65,87,88,90,94,95,98" machi="63" ten="30,4000,0" yaku="0,1,54,2" doraHai="36" who="0" fromWho="0" sc="240,53,270,-21,240,-11,240,-11" /><INIT seed="2,0,0,2,2,64" ten="293,249,229,229" oya="2" hai0="60,48,23,91,125,4,59,114,38,73,86,100,85" hai1="97,6,39,80,106,74,45,5,82,28,65,87,19" hai2="92,119,18,117,116,32,55,30,34,12,56,112,42" hai3="71,90,13,118,15,75,83,70,35,54,25,53,36"/><V79/><F112/><W61/><G118/><T135/><D38/><U31/><E65/><V108/><F42/><W68/><G36/><T63/><D73/><U84/><E74/><V69/><F69/><W94/><G35/><T26/><D114/><U109/><E109/><V78/><F92/><W24/><G24/><T89/><D100/><U51/><E39/><V76/><F30/><N who="1" m="11305" /><E97/><V110/><F12/><W9/><G25/><T67/><D48/><U113/><E19/><V40/><F18/><W7/><G15/><T10/><D63/><U37/><E37/><V128/><F40/><W11/><G11/><T17/><D85/><N who="1" m="32843" /><E106/><V8/><F8/><W1/><G61/><T122/><D86/><U58/><E58/><V29/><F29/><W14/><G1/><T52/><D67/><U50/><E45/><V57/><F128/><W104/><G104/><T93/><D93/><U49/><E113/><V130/><F130/><W41/><G14/><T123/><D17/><U99/><E99/><V98/><F98/><W47/><G94/><T96/><D96/><U115/><E115/><V72/><F72/><W62/><G62/><T3/><D60/><U27/><E27/><V124/><F57/><W81/><G75/><T102/><D59/><U95/><E95/><V20/><F20/><W120/><G47/><T44/><D44/><U101/><E101/><V126/><F56/><W43/><G7/><AGARI ba="0,0" hai="5,6,7,49,50,51,80,82" m="32843,11305" machi="7" ten="30,3900,0" yaku="28,2,8,1" doraHai="64" who="1" fromWho="3" sc="293,0,249,39,229,0,229,-39" /><INIT seed="3,0,0,5,0,62" ten="293,288,229,190" oya="3" hai0="45,37,11,116,65,122,35,52,30,91,57,26,28" hai1="101,80,124,60,104,95,32,131,19,74,81,23,47" hai2="87,112,84,16,134,31,106,44,73,70,8,133,71" hai3="121,66,22,127,63,12,14,42,119,113,98,123,4"/><W128/><G128/><T67/><D116/><U43/><E32/><V58/><F73/><W129/><G129/><T117/><D117/><U17/><E104/><V89/><F106/><W90/><G127/><T108/><D122/><U36/><E131/><V51/><F112/><W10/><G113/><T79/><D79/><U6/><E6/><V61/><F31/><W50/><G119/><T83/><D30/><U20/><E74/><V56/><F56/><N who="3" m="37223" /><G123/><T88/><D108/><U72/><E72/><V59/><F59/><W0/><G0/><T109/><D109/><U99/><E60/><V105/><F105/><W15/><G22/><N who="0" m="15447" /><D37/><U55/><E55/><N who="2" m="30183" /><F70/><W75/><G75/><T86/><D35/><U96/><E124/><V34/><F34/><W64/><G64/><N who="0" m="24651" /><D11/><U120/><E120/><V97/><F71/><W126/><G121/><T68/><D68/><U41/><E23/><V3/><F3/><W38/><G38/><T130/><D130/><U18/><E20/><V103/><F8/><W93/><G126/><T78/><D45/><AGARI ba="0,0" hai="4,10,12,14,15,42,45,50,90,93,98" m="37223" machi="45" ten="30,2900,0" yaku="8,1,52,1" doraHai="62" who="3" fromWho="0" sc="293,-29,288,0,229,0,190,29" /><INIT seed="3,1,0,0,3,7" ten="264,288,229,219" oya="3" hai0="12,13,59,53,101,26,99,72,32,28,33,64,114" hai1="122,73,20,94,81,70,66,86,51,131,17,75,54" hai2="1,55,135,49,130,84,38,21,108,102,65,71,44" hai3="97,34,89,19,115,119,109,43,56,37,47,16,58"/><W107/><G115/><T35/><D72/><U46/><E131/><V4/><F108/><W82/><G119/><T39/><D39/><U67/><E122/><V74/><F74/><W87/><G34/><T126/><D64/><U129/><E129/><V79/><F130/><W24/><G109/><T113/><D126/><U57/><E70/><V83/><F135/><W92/><G107/><T95/><D32/><U8/><E94/><V98/><F38/><W134/><G134/><T52/><D35/><U41/><E75/><V50/><F21/><W103/><REACH who="3" step="1"/><G19/><REACH who="3" ten="264,288,229,209" step="2"/><T31/><D33/><U104/><E104/><V6/><F6/><W123/><G123/><T18/><D18/><U105/><E105/><V68/><F4/><W85/><G85/><T127/><D114/><U76/><E73/><V29/><F29/><W133/><G133/><T36/><D28/><U11/><E67/><V124/><F65/><W88/><G88/><T45/><D31/><U118/><E66/><V116/><F116/><W25/><G25/><T91/><D26/><N who="1" m="14607" /><E118/><V3/><F68/><W93/><G93/><T22/><D95/><U117/><E117/><V62/><F71/><W132/><G132/><T100/><D113/><U120/><E120/><V10/><F84/><W63/><G63/><AGARI ba="1,1" hai="8,11,41,46,51,54,57,63,76,81,86" m="14607" machi="63" ten="30,3900,0" yaku="8,1,52,2" doraHai="7" who="1" fromWho="3" sc="264,0,288,52,229,0,209,-42" /><INIT seed="4,0,0,5,0,29" ten="264,340,229,167" oya="0" hai0="106,88,39,0,68,103,70,11,135,63,34,119,40" hai1="127,129,122,64,42,59,94,19,105,25,74,67,50" hai2="28,30,3,73,111,115,44,16,58,116,57,33,36" hai3="75,4,5,96,21,101,130,102,13,24,133,86,2"/><T55/><D119/><U10/><E105/><V131/><F111/><W113/><G130/><T9/><D9/><U35/><E74/><V104/><F104/><W87/><G133/><T51/><D135/><U12/><E122/><V20/><F3/><W95/><G75/><T108/><D108/><U82/><E127/><V109/><F109/><W46/><G113/><T110/><D110/><U125/><E125/><V31/><F73/><W93/><G2/><T7/><D40/><U78/><E94/><V26/><F115/><W80/><G46/><T45/><D39/><U92/><E92/><V49/><F131/><W1/><G1/><T22/><D34/><U117/><E117/><V27/><F116/><W8/><G5/><T91/><D22/><U118/><E118/><V17/><F36/><W134/><G80/><T100/><D63/><U123/><E123/><V77/><F77/><W18/><REACH who="3" step="1"/><G134/><REACH who="3" ten="264,340,229,157" step="2"/><T69/><D7/><N who="1" m="3167" /><E82/><V120/><F120/><W126/><G126/><T14/><D45/><U90/><E42/><V71/><F44/><W72/><G72/><T56/><D0/><U54/><E129/><V99/><F33/><W43/><G43/><T15/><D11/><U61/><E35/><V97/><F20/><W121/><G121/><T98/><D103/><U76/><E76/><V89/><F49/><W23/><G23/><T38/><D38/><U114/><E78/><V112/><F112/><W83/><G83/><T62/><D51/><U47/><E114/><V65/><F30/><W84/><G84/><T52/><D100/><U107/><E50/><V60/><F31/><RYUUKYOKU ba="0,1" sc="264,-10,340,-10,229,-10,157,30" hai3="4,8,13,18,21,24,86,87,93,95,96,101,102" /><INIT seed="5,1,1,5,0,59" ten="254,330,219,187" oya="1" hai0="1,79,26,114,120,105,110,122,111,90,0,117,23" hai1="70,100,49,22,76,14,16,58,86,104,8,33,24" hai2="91,52,35,25,88,125,60,32,36,128,87,80,71" hai3="131,45,115,106,78,48,97,101,41,31,10,83,121"/><U108/><E70/><V42/><F128/><W30/><G115/><T94/><D105/><U63/><E33/><V69/><F125/><W92/><G131/><T95/><D79/><U118/><E118/><V12/><F36/><W81/><G121/><N who="0" m="46699" /><D95/><U119/><E108/><N who="0" m="41513" /><D117/><U77/><E119/><V130/><F42/><W46/><G106/><T15/><D15/><U7/><E86/><V67/><F130/><W116/><G116/><T27/><D114/><U53/><E100/><V39/><F39/><W103/><G103/><T123/><D123/><U21/><E104/><V74/><F74/><W124/><G124/><T132/><D132/><U75/><E75/><V134/><F71/><W55/><G10/><T51/><D51/><U96/><E96/><V2/><F2/><N who="0" m="1130" /><D23/><N who="1" m="13415" /><E49/><V107/><F107/><W72/><G81/><T34/><D34/><U9/><E9/><V47/><F134/><W29/><REACH who="3" step="1"/><G45/><REACH who="3" ten="254,330,219,177" step="2"/><T28/><D28/><U11/><E8/><V133/><F133/><W85/><G85/><AGARI ba="1,2" hai="26,27,85,90,94" m="1130,41513,46699" machi="85" ten="40,1300,0" yaku="13,1" doraHai="59" who="0" fromWho="3" sc="254,36,330,0,219,0,177,-16" /><INIT seed="6,0,0,5,1,126" ten="290,330,219,161" oya="2" hai0="114,19,75,84,0,4,46,74,105,39,16,102,14" hai1="100,31,62,101,73,113,56,108,40,92,30,60,45" hai2="115,119,87,34,42,29,104,112,51,44,6,132,106" hai3="41,90,91,107,57,58,63,52,110,121,24,133,88"/><V131/><F119/><W11/><G110/><T48/><D39/><U80/><E108/><V13/><F132/><W83/><G133/><T71/><D71/><U2/><E2/><V129/><F87/><W8/><G107/><N who="2" m="41001" /><F29/><N who="1" m="10761" /><E73/><V43/><F34/><W78/><G121/><T20/><D19/><U135/><E135/><V93/><F93/><W47/><G24/><T15/><D0/><U97/><E113/><N who="2" m="43595" /><F42/><W1/><G58/><T120/><D84/><U49/><E80/><V33/><F33/><W109/><G109/><T22/><D75/><U72/><E72/><V69/><F69/><W27/><G27/><T96/><D74/><U79/><E79/><V86/><F86/><N who="3" m="48503" /><G1/><T25/><D25/><U117/><E117/><V98/><F98/><W128/><G128/><N who="2" m="49225" /><F13/><W67/><G41/><T111/><D15/><U103/><E92/><V122/><F6/><W28/><G28/><T82/><D4/><U36/><E97/><V94/><F94/><W18/><G18/><T21/><D16/><U50/><E36/><V54/><F43/><W127/><G127/><T23/><D14/><U125/><E125/><V65/><F65/><W77/><G77/><T38/><D105/><U12/><E12/><V53/><F53/><AGARI ba="0,0" hai="40,45,49,50,53,56,60,62,100,101,103" m="10761" machi="53" ten="30,1000,0" yaku="8,1" doraHai="126" who="1" fromWho="2" sc="290,0,330,10,219,-10,161,0" /><INIT seed="7,0,0,3,0,134" ten="290,340,209,161" oya="3" hai0="23,77,29,92,1,113,43,84,20,116,79,64,72" hai1="28,3,50,34,16,120,10,78,2,46,61,67,119" hai2="9,123,124,82,83,22,26,4,37,91,65,118,103" hai3="39,58,132,96,8,32,97,115,40,99,12,18,0"/><W106/><G115/><T130/><D1/><U35/><E120/><V45/><F118/><W127/><G132/><T51/><D72/><U38/><E38/><V56/><F123/><W117/><G117/><T110/><D110/><U17/><E78/><V107/><F107/><W6/><G106/><T48/><D64/><U11/><E3/><V42/><F103/><W76/><G32/><T59/><D130/><U74/><E2/><V71/><F71/><W125/><G76/><T60/><D113/><U57/><E35/><V104/><F104/><W19/><G58/><T5/><D5/><U62/><E34/><V88/><F83/><W129/><G129/><T131/><D131/><U101/><E74/><V52/><F65/><W95/><G95/><T47/><D51/><U63/><E101/><V87/><F91/><W7/><G7/><T41/><D59/><U14/><E28/><V133/><F133/><W73/><G73/><T21/><D29/><U100/><E100/><V68/><F68/><W31/><G31/><T126/><D92/><U105/><E105/><V27/><F22/><N who="3" m="11591" /><G19/><N who="1" m="7242" /><E119/><V13/><F124/><N who="3" m="47691" /><G40/><T108/><D43/><N who="1" m="24927" /><E11/><V36/><F36/><AGARI ba="0,0" hai="0,6,8,36,39,96,97,99" m="47691,11591" machi="36" ten="30,11600,0" yaku="18,1,52,3" doraHai="134" who="3" fromWho="2" sc="290,0,340,0,209,-116,161,116" /><INIT seed="7,1,0,5,1,78" ten="290,340,93,277" oya="3" hai0="114,93,34,77,16,36,38,58,133,74,72,10,88" hai1="8,108,115,106,92,117,104,101,100,51,6,48,27" hai2="98,105,47,109,131,61,4,7,0,130,87,116,68" hai3="43,76,22,2,19,102,79,46,67,57,83,69,33"/><W119/><G33/><T121/><D34/><U66/><E108/><V73/><F87/><W94/><G2/><T59/><D121/><U123/><E123/><V32/><F109/><W29/><G69/><T107/><D107/><U49/><E115/><V18/><F116/><W85/><G29/><T42/><D114/><U41/><E117/><V120/><F120/><W3/><G3/><T44/><D38/><U132/><E132/><V75/><F18/><W60/><G79/><T25/><D133/><U89/><E66/><V53/><F53/><W135/><G135/><T122/><D122/><U30/><E41/><V5/><F47/><W13/><G119/><T45/><D45/><U26/><E106/><V9/><F7/><W112/><G112/><T113/><D113/><U40/><E40/><V39/><F4/><W129/><G129/><T63/><D59/><U31/><E104/><V1/><F1/><W97/><G46/><T80/><D74/><U11/><E31/><V23/><F23/><W86/><G43/><T118/><D118/><U15/><E11/><V81/><F39/><W84/><AGARI ba="1,0" hai="13,19,22,57,60,67,76,83,84,85,86,94,97,102" machi="84" ten="20,7800,0" yaku="0,1,7,1,8,1,52,1" doraHai="78" who="3" fromWho="3" sc="290,-27,340,-27,93,-27,277,81" owari="263,-14.0,313,11.0,66,-43.0,358,46.0" /></mjloggm>