<mjloggm ver="2.3"><GO type="41" lobby="0"/><UN n0="%74%61%62%65%74%61%6D%65" n1="%E5%B0%B1%E6%B4%BB%E7%94%9F%40%E5%B7%9D%E6%9D%91%E8%BB%8D%E5%9B%A3" n2="%6B%6E%6F%32%31%33%34" n3="%74%74%79%6F%62%69%72%65" dan="13,14,15,13" rate="1852.56,1976.01,2033.75,1877.67" sx="M,M,M,M"/><TAIKYOKU oya="0"/><INIT seed="0,0,0,4,5,69" ten="250,250,250,250" oya="0" hai0="113,54,91,56,0,101,130,37,40,86,39,3,99" hai1="81,78,28,126,110,114,62,134,65,44,82,51,48" hai2="117,95,75,55,30,97,87,59,72,107,74,111,132" hai3="66,16,100,106,98,116,7,1,115,4,27,128,93"/><T94/><D113/><U109/><E114/><V43/><F43/><W42/><G115/><T105/><D130/><U60/><E28/><V135/><F30/><W14/><G116/><T34/><D34/><U79/><E44/><V29/><F29/><W45/><G128/><T127/><D127/><U96/><E96/><V76/><F59/><W71/><G1/><T121/><D121/><U108/><E126/><V36/><F55/><W12/><G106/><T125/><D125/><U32/><E32/><V24/><F24/><W58/><G71/><T119/><D119/><U112/><E112/><V84/><F36/><W10/><G27/><T8/><D40/><U102/><E102/><N who="2" m="62927" /><F117/><W25/><G25/><T50/><REACH who="0" step="1"/><D8/><REACH who="0" ten="240,250,250,250" step="2"/><U89/><E110/><V18/><F111/><W49/><REACH who="3" step="1"/><G14/><REACH who="3" ten="240,250,250,240" step="2"/><T2/><AGARI ba="0,2" hai="0,2,3,37,39,50,54,56,86,91,94,99,101,105" machi="2" ten="30,12000,1" yaku="1,1,2,1,0,1,52,2,53,0" doraHai="69" doraHaiUra="15" who="0" fromWho="0" sc="240,140,250,-40,250,-40,240,-40" /><INIT seed="0,1,0,5,1,74" ten="380,210,210,200" oya="0" hai0="12,41,62,91,28,7,123,80,43,53,78,54,132" hai1="10,29,50,121,130,42,5,118,3,122,86,2,105" hai2="70,52,68,102,58,111,49,84,69,13,19,56,104" hai3="75,9,17,4,18,96,39,107,46,108,93,22,99"/><T64/><D123/><U124/><E105/><V63/><F111/><W6/><G107/><T1/><D1/><U38/><E118/><V81/><F104/><W20/><G75/><T0/><D0/><U60/><E42/><V95/><F95/><W44/><G39/><T11/><D132/><U76/><E50/><V88/><F102/><W94/><G108/><T57/><D28/><U55/><E55/><N who="0" m="21001" /><D91/><U133/><E60/><V24/><F24/><W35/><G35/><T116/><D116/><U120/><E86/><AGARI ba="1,0" hai="7,11,12,41,43,57,62,64,78,80,86" m="21001" machi="86" ten="30,2900,0" yaku="8,1,52,1" doraHai="74" who="0" fromWho="1" sc="380,32,210,-32,210,0,200,0" /><INIT seed="0,2,0,2,0,106" ten="412,178,210,200" oya="0" hai0="92,124,36,10,52,5,11,112,74,43,111,95,40" hai1="54,119,115,20,131,47,117,6,121,76,4,96,42" hai2="114,89,29,86,90,14,88,133,91,34,107,19,116" hai3="94,126,28,49,12,15,103,87,50,3,135,26,39"/><T99/><D112/><U72/><E121/><V77/><F114/><W125/><G39/><T46/><D124/><N who="3" m="47721" /><G3/><T110/><D74/><U109/><E115/><V58/><F107/><W35/><G135/><T63/><D63/><U93/><E131/><V83/><F133/><W101/><G87/><T56/><D40/><U68/><E68/><V123/><F123/><W105/><G105/><T127/><D127/><U71/><E109/><N who="0" m="41481" /><D5/><U70/><E54/><V65/><F116/><W32/><G94/><N who="0" m="35883" /><D99/><U108/><E71/><V60/><F77/><W67/><G67/><T0/><D0/><U97/><E70/><V7/><F7/><W129/><G129/><T132/><D132/><U128/><E96/><V75/><F75/><W16/><G35/><T66/><D66/><U78/><E108/><V31/><REACH who="2" step="1"/><F34/><REACH who="2" ten="412,178,200,200" step="2"/><W53/><G101/><T80/><D80/><U25/><E97/><V134/><F134/><W23/><G103/><T51/><AGARI ba="2,1" hai="10,11,36,43,46,51,52,56" m="35883,41481" machi="51" ten="30,6000,0" yaku="14,1,10,1,54,1" doraHai="106" who="0" fromWho="0" sc="412,76,178,-22,200,-22,200,-22" /><INIT seed="0,3,0,1,1,30" ten="488,156,178,178" oya="0" hai0="133,65,85,78,6,102,88,86,57,125,110,77,41" hai1="33,92,0,98,7,61,74,14,72,8,56,100,70" hai2="63,79,47,1,91,93,104,106,20,49,44,29,16" hai3="36,52,58,31,21,81,24,131,135,43,124,132,28"/><T66/><D125/><U22/><E22/><V38/><F1/><W27/><G124/><T109/><D41/><U25/><E70/><V108/><F38/><W116/><G116/><T4/><D102/><U39/><E39/><V97/><F108/><N who="0" m="41578" /><D133/><U62/><E62/><V34/><F79/><N who="0" m="30218" /><D57/><U40/><E40/><V134/><F134/><N who="3" m="51243" /><G81/><N who="0" m="49199" /><D86/><U53/><E0/><V54/><F44/><N who="3" m="23655" /><G131/><T64/><AGARI ba="3,0" hai="4,6,64,65,66" m="49199,30218,41578" machi="64" ten="40,7800,0" yaku="14,1,10,1,54,1" doraHai="30" who="0" fromWho="0" sc="488,87,156,-29,178,-29,178,-29" /><INIT seed="0,4,0,3,3,17" ten="575,127,149,149" oya="0" hai0="129,42,64,18,118,36,124,88,128,68,58,123,41" hai1="14,85,20,32,45,24,117,52,72,37,121,106,115" hai2="105,15,51,1,130,107,101,96,103,112,116,65,5" hai3="75,22,10,125,39,97,43,133,62,114,46,92,91"/><T23/><D123/><U127/><E72/><V111/><F112/><W102/><G114/><T54/><D118/><U33/><E106/><V19/><F1/><W71/><G75/><T73/><D73/><U134/><E121/><V78/><F5/><W98/><G133/><T8/><D8/><U21/><E127/><V59/><F116/><W30/><G125/><T53/><D124/><U109/><E117/><V70/><F70/><W120/><G120/><T0/><D0/><U31/><E115/><V60/><F111/><W82/><G10/><T2/><D2/><U29/><E109/><V13/><F130/><N who="0" m="50282" /><D88/><U27/><E134/><V87/><F51/><W50/><G71/><T132/><D132/><U48/><E37/><V61/><F61/><W108/><G82/><T83/><D83/><U38/><E38/><V47/><F103/><W90/><G108/><T94/><D94/><U11/><REACH who="1" step="1"/><E85/><REACH who="1" ten="575,117,149,149" step="2"/><V7/><F87/><W79/><G39/><T6/><D36/><U86/><E86/><V95/><F105/><W93/><G79/><T40/><D68/><U63/><E63/><V104/><F78/><W84/><G62/><N who="0" m="37975" /><D6/><AGARI ba="4,1" hai="6,11,14,20,21,24,27,29,31,32,33,45,48,52" machi="6" ten="30,12000,2" yaku="1,1,7,1,9,1,52,2,54,1,53,0" doraHai="17" doraHaiUra="56" who="1" fromWho="0" sc="575,-132,117,142,149,0,149,0" /><INIT seed="1,0,0,3,0,4" ten="443,259,149,149" oya="1" hai0="100,2,95,83,116,11,34,21,15,104,17,135,9" hai1="78,64,57,96,130,20,125,114,123,90,25,48,31" hai2="106,13,97,52,124,63,121,38,6,134,109,44,23" hai3="39,8,111,81,53,61,37,122,54,40,33,26,59"/><U77/><E114/><V105/><F121/><W71/><G122/><T99/><D116/><U70/><E123/><V73/><F73/><W45/><G81/><T58/><D135/><U127/><E70/><V128/><F134/><W110/><G33/><T72/><D34/><U50/><E130/><V24/><F128/><W14/><G26/><T93/><D58/><U46/><E96/><V55/><F105/><W0/><G0/><T74/><D74/><U80/><E90/><V29/><F106/><W49/><G53/><T16/><D2/><U98/><E98/><V60/><F109/><N who="3" m="41483" /><G71/><T69/><D69/><U133/><E133/><V113/><F113/><W47/><G47/><T56/><D56/><U131/><E131/><V89/><F124/><N who="1" m="47689" /><E80/><V84/><F97/><W85/><G85/><T82/><D72/><U120/><E120/><V68/><F68/><W3/><G3/><T7/><D104/><U132/><E132/><V30/><F44/><W76/><G76/><N who="1" m="29290" /><E46/><V79/><F79/><W65/><G65/><T41/><D41/><U108/><E108/><V92/><F38/><W10/><G14/><N who="0" m="5439" /><D93/><U129/><E129/><V67/><F67/><W27/><G27/><AGARI ba="0,0" hai="11,15,16,17,21,27,82,83,95,99,100" m="5439" machi="27" ten="30,7700,0" yaku="8,1,52,2,54,1" doraHai="4" who="0" fromWho="3" sc="443,77,259,0,149,0,149,-77" /><INIT seed="2,0,0,1,5,52" ten="520,259,149,72" oya="2" hai0="96,44,58,80,116,29,18,129,70,122,88,105,134" hai1="83,82,104,25,50,9,45,31,114,48,20,130,75" hai2="19,99,97,12,23,32,36,6,86,126,120,16,74" hai3="78,118,38,108,21,113,92,43,26,117,47,73,37"/><V39/><F74/><W135/><G113/><T10/><D122/><U11/><E104/><V55/><F32/><W100/><G135/><T121/><D121/><U115/><E130/><V2/><F120/><W94/><G38/><T22/><D70/><U56/><E114/><V84/><F126/><W91/><G108/><T34/><D129/><U4/><E115/><V0/><F55/><W7/><G7/><T59/><D134/><U54/><E75/><V5/><F23/><W1/><G1/><T95/><D105/><U85/><E4/><V46/><F46/><W3/><G3/><T124/><D124/><U13/><E13/><AGARI ba="0,0" hai="0,2,5,6,12,13,16,19,36,39,84,86,97,99" machi="13" ten="25,4800,0" yaku="22,2,54,1" doraHai="52" who="2" fromWho="1" sc="520,0,259,-48,149,48,72,0" /><INIT seed="2,1,0,3,5,99" ten="520,211,197,72" oya="2" hai0="56,110,101,82,84,75,26,35,9,74,20,21,120" hai1="122,62,68,111,86,123,49,23,14,40,34,42,38" hai2="28,106,105,104,85,11,125,124,126,41,32,83,36" hai3="113,79,103,1,59,55,67,66,17,30,90,7,52"/><V47/><F11/><W78/><G30/><T24/><D120/><N who="1" m="46123" /><E34/><V108/><F108/><W31/><G31/><T92/><D110/><U95/><E111/><V27/><REACH who="2" step="1"/><F104/><REACH who="2" ten="520,211,187,72" step="2"/><W10/><G113/><T134/><D9/><U94/><E38/><V39/><F39/><W72/><G10/><T48/><D134/><U29/><E40/><V61/><F61/><W96/><G1/><T2/><D2/><U12/><E42/><V3/><F3/><W50/><G7/><T107/><D107/><U57/><E62/><V127/><N who="2" m="32256" /><DORA hai="46" /><V19/><F19/><W44/><G17/><N who="0" m="12303" /><D35/><U109/><E29/><V71/><F71/><W98/><G66/><T93/><D74/><U133/><E68/><V5/><F5/><W73/><G67/><T58/><D75/><U80/><E133/><V4/><F4/><W76/><G73/><T114/><D114/><U63/><E109/><V97/><F97/><W132/><G72/><T119/><D119/><U116/><E63/><V45/><F45/><W88/><G132/><T128/><D48/><U6/><E116/><V37/><F37/><W100/><G44/><T135/><D135/><U16/><E49/><V54/><F54/><W8/><G8/><T13/><D58/><U130/><E130/><V33/><F33/><W89/><G55/><T22/><D56/><U118/><E118/><V102/><F102/><AGARI ba="1,1" hai="50,52,59,76,78,79,88,89,90,96,98,100,102,103" machi="102" ten="40,12000,2" yaku="8,1,52,4,54,2" doraHai="99,46" who="3" fromWho="2" sc="520,0,211,0,187,-123,72,133" /><INIT seed="3,0,0,4,4,91" ten="520,211,64,205" oya="3" hai0="4,38,82,53,94,83,17,128,71,105,20,5,111" hai1="62,73,124,107,108,48,16,57,60,19,66,79,24" hai2="56,75,120,84,78,76,25,42,131,74,49,15,119" hai3="22,68,12,50,64,45,35,52,36,46,129,29,100"/><W134/><G129/><T89/><D105/><U112/><E107/><V37/><F119/><W110/><G35/><T116/><D116/><U117/><E108/><V86/><F37/><W115/><G115/><T55/><D111/><U30/><E112/><V40/><F131/><W11/><G110/><T47/><D71/><U95/><E117/><V27/><F120/><W59/><G134/><T58/><D128/><U114/><E114/><V43/><F15/><W7/><G100/><T3/><D3/><U109/><E109/><V39/><F39/><W88/><G36/><T67/><D47/><U61/><E124/><V72/><F56/><W132/><G132/><T80/><D67/><U106/><E106/><V102/><F49/><W92/><G64/><T104/><D104/><U99/><E79/><N who="2" m="30251" /><F102/><W77/><G77/><T34/><D34/><U0/><E73/><N who="2" m="18691" /><V21/><DORA hai="33" /><F21/><W87/><G68/><T2/><D2/><U54/><E0/><V130/><F130/><W101/><G101/><T65/><D65/><U8/><E8/><V103/><F103/><W122/><G122/><T126/><D126/><U81/><E81/><V44/><F44/><W98/><G98/><N who="0" m="57679" /><D55/><U6/><E6/><V31/><F31/><W51/><G50/><N who="0" m="31031" /><D38/><U13/><E66/><V32/><F32/><W123/><G123/><T26/><AGARI ba="0,0" hai="4,5,17,20,26,80,82,83" m="31031,57679" machi="26" ten="30,2000,0" yaku="8,1,52,1" doraHai="91,33" who="0" fromWho="0" sc="520,20,211,-5,64,-5,205,-10" /><INIT seed="4,0,0,2,4,95" ten="540,206,59,195" oya="0" hai0="32,111,62,17,106,118,57,100,92,63,64,59,18" hai1="37,69,45,85,80,15,31,88,8,115,0,134,36" hai2="4,107,105,23,55,28,35,1,66,43,27,50,10" hai3="104,38,87,129,108,42,101,29,34,74,114,40,81"/><T120/><D118/><U119/><E119/><V83/><F66/><W30/><G108/><T22/><D120/><U133/><E69/><V25/><F43/><W2/><G2/><T48/><D32/><U46/><E0/><V60/><F60/><W71/><G71/><T79/><D111/><U96/><E31/><V39/><F39/><W65/><G65/><T98/><D79/><U68/><E68/><V135/><F83/><W3/><G3/><T72/><D72/><U47/><E96/><V122/><F135/><N who="1" m="51721" /><E115/><V121/><F122/><W123/><G114/><T103/><D103/><U94/><E80/><V90/><F90/><W130/><G123/><T91/><D48/><U99/><E85/><V21/><F121/><W125/><G74/><T13/><D18/><AGARI ba="0,0" hai="8,15,18,36,37,45,46,47,88,94,99" m="51721" machi="18" ten="30,3900,0" yaku="20,1,52,1,54,1" doraHai="95" who="1" fromWho="0" sc="540,-39,206,39,59,0,195,0" /><INIT seed="5,0,0,1,0,113" ten="501,245,59,195" oya="1" hai0="23,66,101,0,97,25,32,47,105,63,6,110,74" hai1="85,37,42,13,27,46,92,87,67,96,115,3,121" hai2="34,30,78,1,21,91,59,43,49,29,31,26,79" hai3="7,112,9,24,81,61,125,126,119,131,73,58,100"/><U52/><E121/><V80/><F1/><W117/><G100/><T53/><D110/><U15/><E115/><V8/><F8/><W11/><G73/><T102/><D102/><U120/><E3/><V111/><F111/><W77/><G112/><T2/><D53/><U20/><E120/><V4/><F4/><W89/><G24/><T19/><D47/><U106/><E106/><V129/><F129/><W82/><G131/><T5/><D74/><U14/><E67/><V133/><F133/><W64/><G77/><N who="2" m="29193" /><F34/><W72/><G72/><T38/><D38/><U65/><E65/><V116/><F116/><N who="3" m="44619" /><G89/><T76/><D76/><U18/><REACH who="1" step="1"/><E52/><REACH who="1" ten="501,235,59,195" step="2"/><N who="2" m="32143" /><F43/><W103/><G7/><T36/><D5/><U130/><E130/><V12/><F12/><W41/><G41/><T10/><D0/><U69/><E69/><V56/><F56/><W94/><G94/><T122/><D122/><U22/><E22/><V109/><F109/><W51/><G82/><T57/><D32/><U104/><E104/><V83/><F80/><W75/><G75/><T33/><D33/><U55/><E55/><V123/><F123/><W90/><G81/><T48/><D2/><U86/><E86/><AGARI ba="0,1" hai="21,26,29,30,31,83,86,91" m="32143,29193" machi="86" ten="30,2000,0" yaku="8,1,54,1" doraHai="113" who="2" fromWho="1" sc="501,0,235,-20,59,30,195,0" /><INIT seed="6,0,0,1,0,44" ten="501,215,89,195" oya="2" hai0="104,24,21,93,126,32,85,5,133,108,29,34,119" hai1="106,79,124,46,64,75,80,17,87,47,48,1,55" hai2="45,51,9,135,116,8,82,23,120,38,67,92,11" hai3="56,22,31,4,50,30,39,113,77,76,73,102,63"/><V96/><F116/><W6/><G39/><T52/><D108/><U16/><E1/><V122/><F38/><W42/><G102/><T100/><D119/><U81/><E106/><V20/><F135/><W114/><G73/><T103/><D133/><U115/><E115/><N who="3" m="44042" /><G63/><T58/><D126/><U13/><E124/><V131/><F131/><W90/><G90/><T7/><D34/><U94/><E64/><V40/><F82/><W26/><G30/><T89/><D32/><U105/><E105/><V84/><F84/><W14/><G14/><T118/><D118/><U134/><E134/><V60/><F120/><W130/><G130/><T74/><D74/><U15/><E47/><V35/><F35/><W28/><G28/><T61/><D104/><U19/><REACH who="1" step="1"/><E94/><REACH who="1" ten="501,205,89,195" step="2"/><V111/><F122/><W41/><G6/><AGARI ba="0,1" hai="5,6,7,21,24,29,52,58,61,85,89,93,100,103" machi="6" ten="40,2600,0" yaku="8,1,54,1" doraHai="44" who="0" fromWho="3" sc="501,36,205,0,89,0,195,-26" /><INIT seed="7,0,0,0,5,115" ten="537,205,89,169" oya="3" hai0="96,131,132,106,93,85,103,30,61,120,95,60,17" hai1="66,48,88,78,67,39,75,77,89,38,4,11,54" hai2="0,58,82,79,45,102,55,110,71,1,15,41,86" hai3="28,128,123,40,10,76,33,134,114,32,9,19,99"/><W104/><G114/><T124/><D120/><U56/><E39/><V65/><F110/><W49/><G123/><T14/><D132/><U26/><E38/><V53/><F102/><W73/><G134/><T119/><D119/><U113/><E113/><V27/><F27/><W29/><G76/><N who="1" m="29290" /><E75/><V109/><F109/><W90/><G73/><T68/><D124/><U52/><E26/><V97/><F97/><W94/><G128/><T47/><D47/><N who="1" m="27679" /><E11/><V3/><F15/><W80/><G32/><T72/><D131/><U122/><E4/><V62/><REACH who="2" step="1"/><F71/><REACH who="2" ten="537,205,79,169" step="2"/><W16/><G33/><T74/><D68/><U111/><E111/><V24/><F24/><W83/><G104/><T133/><D133/><U59/><E122/><V8/><F8/><N who="3" m="3179" /><G29/><T46/><D30/><U5/><E5/><V18/><F18/><N who="3" m="6699" /><G28/><T92/><D103/><U91/><E59/><V112/><F112/><W25/><G25/><T22/><D74/><U116/><E116/><V69/><F69/><W129/><G129/><T84/><D72/><U13/><E13/><V81/><F81/><W6/><G6/><T51/><D106/><U44/><E44/><AGARI ba="0,1" hai="40,44,49,80,83,90,94,99" m="6699,3179" machi="44" ten="30,2900,0" yaku="8,1,54,1" doraHai="115" who="3" fromWho="1" sc="537,0,205,-29,79,0,169,39" /><INIT seed="7,1,0,2,1,33" ten="537,176,79,208" oya="3" hai0="6,99,112,68,108,66,91,119,121,3,1,69,27" hai1="61,12,88,18,86,0,30,117,4,79,123,44,84" hai2="36,103,25,57,24,116,83,130,71,22,102,93,132" hai3="90,78,15,75,64,49,77,131,100,133,62,115,37"/><W104/><G37/><T73/><D91/><U125/><E123/><V82/><F71/><W39/><G39/><T45/><D45/><U107/><E107/><V127/><F36/><W65/><G133/><T118/><D99/><U59/><E117/><N who="0" m="44553" /><D108/><U60/><E125/><V28/><F116/><W10/><G104/><T67/><D27/><U16/><E0/><N who="0" m="73" /><D6/><U34/><E34/><V58/><F24/><W31/><G100/><T128/><D121/><U122/><E122/><V52/><F127/><W113/><G90/><T43/><D43/><U70/><E70/><N who="0" m="27241" /><D128/><U135/><E135/><V124/><F130/><W48/><G131/><T8/><D8/><N who="1" m="4103" /><E30/><V110/><F124/><W7/><G31/><T74/><D112/><N who="3" m="43081" /><G65/><AGARI ba="1,0" hai="65,66,67,73,74" m="27241,73,44553" machi="65" ten="40,8000,1" yaku="28,2,52,3" doraHai="33" who="0" fromWho="3" sc="537,83,176,0,79,0,208,-83" owari="620,71.0,176,-2.0,79,-42.0,125,-27.0" /></mjloggm>