<mjloggm ver="2.3"><GO type="41" lobby="0"/><UN n0="%E5%B0%B1%E6%B4%BB%E7%94%9F%40%E5%B7%9D%E6%9D%91%E8%BB%8D%E5%9B%A3" n1="%5A%4F%4D%42%49%45%53" n2="%62%6F%6E%70%75%6D%61%6E" n3="%68%2E%73" dan="15,16,15,13" rate="2000.99,2067.19,1912.55,1825.66" sx="M,M,M,M"/><TAIKYOKU oya="0"/><INIT seed="0,0,0,1,0,15" ten="250,250,250,250" oya="0" hai0="118,55,6,36,28,48,12,105,59,38,61,78,113" hai1="62,27,0,58,94,114,88,63,43,44,75,24,127" hai2="134,119,74,135,99,49,122,16,126,41,56,112,39" hai3="131,92,72,77,53,100,31,70,33,82,90,35,110"/><T79/><D113/><U29/><E75/><V46/><F74/><W109/><G70/><T9/><D118/><U111/><E114/><V7/><F112/><W76/><G31/><T86/><D105/><U98/><E0/><V1/><F122/><W57/><G131/><T37/><D28/><U108/><E127/><V14/><F126/><W83/><G53/><T128/><D128/><U51/><E27/><V54/><F99/><W10/><G57/><T116/><D116/><U23/><REACH who="1" step="1"/><E62/><REACH who="1" ten="250,240,250,250" step="2"/><V11/><REACH who="2" step="1"/><F119/><REACH who="2" ten="250,240,240,250" step="2"/><W80/><G72/><T123/><D123/><U96/><E96/><V13/><F13/><W30/><G109/><T52/><REACH who="0" step="1"/><D86/><REACH who="0" ten="240,240,240,250" step="2"/><U121/><E121/><V107/><F107/><W124/><G110/><T84/><D84/><U20/><E20/><AGARI ba="0,3" hai="1,7,11,14,16,20,39,41,46,49,54,56,134,135" machi="20" ten="40,5200,0" yaku="1,1,52,1,54,1,53,0" doraHai="15" doraHaiUra="65" who="2" fromWho="1" sc="240,0,240,-52,240,82,250,0" /><INIT seed="1,0,0,4,4,0" ten="240,188,322,250" oya="1" hai0="44,91,106,56,51,121,133,46,126,58,31,113,16" hai1="10,105,99,128,131,90,83,66,12,14,6,85,103" hai2="5,135,130,81,118,124,7,122,24,22,11,48,109" hai3="2,28,26,50,30,29,42,96,71,15,63,40,57"/><U8/><REACH who="1" step="1"/><E66/><REACH who="1" ten="240,178,322,250" step="2"/><V112/><F122/><W129/><G129/><T93/><D121/><U35/><E35/><V68/><F130/><W1/><G71/><T3/><D106/><U4/><AGARI ba="0,1" hai="4,6,8,10,12,14,83,85,90,99,103,105,128,131" machi="4" ten="30,18000,2" yaku="21,2,0,1,9,1,52,2,53,0" doraHai="0" doraHaiUra="53" who="1" fromWho="1" sc="240,-60,178,190,322,-60,250,-60" /><INIT seed="1,1,0,1,3,128" ten="180,368,262,190" oya="1" hai0="107,102,70,24,99,131,68,83,57,106,104,59,36" hai1="15,28,98,95,16,37,71,79,52,30,123,86,78" hai2="9,8,34,103,90,49,19,67,46,1,89,0,66" hai3="80,82,21,14,119,124,101,44,75,85,40,108,115"/><U17/><E123/><V3/><F34/><W31/><G115/><T33/><D131/><U93/><E71/><V58/><F103/><W111/><G119/><T47/><D59/><U135/><E37/><V5/><F58/><W4/><G75/><T130/><D57/><U42/><E135/><V27/><F27/><W114/><G114/><T51/><D130/><U7/><E42/><V88/><F19/><N who="1" m="7241" /><E52/><V69/><F69/><W2/><G2/><T54/><D36/><U20/><E20/><V113/><F113/><W61/><G61/><T92/><REACH who="0" step="1"/><D83/><REACH who="0" ten="170,368,262,190" step="2"/><N who="1" m="47479" /><E79/><V134/><F134/><W12/><G82/><T62/><D62/><U26/><E26/><V122/><F122/><W129/><G129/><T81/><D81/><U29/><E98/><V116/><F116/><W112/><G112/><T13/><D13/><U18/><E7/><V32/><F5/><W10/><G12/><T72/><D72/><U121/><E121/><V43/><REACH who="2" step="1"/><F32/><REACH who="2" ten="170,368,252,190" step="2"/><W50/><G111/><T110/><D110/><U97/><E97/><V100/><F100/><W73/><G108/><T74/><D74/><U109/><E109/><V133/><F133/><W25/><G73/><T22/><D22/><U117/><E117/><V105/><F105/><W35/><G101/><T118/><D118/><U55/><E15/><V84/><F84/><W64/><G35/><T76/><D76/><U38/><E38/><V87/><F87/><W11/><G85/><T48/><D48/><U63/><E63/><V96/><F96/><W94/><G50/><T120/><D120/><U65/><E93/><V45/><F45/><RYUUKYOKU ba="1,2" sc="170,15,368,-15,252,15,190,-15" hai0="24,33,47,51,54,68,70,92,99,102,104,106,107" hai2="0,1,3,8,9,43,46,49,66,67,88,89,90" /><INIT seed="2,2,2,4,0,108" ten="185,353,267,175" oya="2" hai0="75,71,67,132,20,104,14,88,37,11,73,9,65" hai1="91,110,47,81,134,116,4,13,68,123,35,62,34" hai2="30,85,0,41,92,133,2,32,99,125,45,22,109" hai3="119,56,19,135,49,122,90,24,8,121,25,103,93"/><V17/><F109/><W120/><G119/><T74/><D37/><U100/><E116/><V87/><F133/><W21/><G135/><T60/><D132/><U72/><E134/><V43/><F125/><W61/><G103/><T98/><D67/><U79/><E91/><V112/><F112/><W54/><G8/><T12/><D20/><U94/><E123/><V52/><F32/><W10/><G10/><T59/><D71/><U130/><E4/><V131/><F30/><W3/><G3/><T114/><D114/><U83/><E72/><V50/><F2/><W15/><REACH who="3" step="1"/><G61/><REACH who="3" ten="185,353,267,165" step="2"/><T16/><D104/><U64/><E62/><V115/><F0/><W82/><G82/><T117/><D117/><U118/><E81/><V77/><F115/><W53/><G53/><T70/><D70/><U102/><E83/><V33/><F131/><W84/><AGARI ba="2,3" hai="15,19,21,24,25,49,54,56,84,90,93,120,121,122" machi="84" ten="30,7900,0" yaku="1,1,0,1,25,2,53,0" doraHai="108" doraHaiUra="126" who="3" fromWho="3" sc="185,-22,353,-22,267,-41,165,115" /><INIT seed="3,0,0,1,4,59" ten="163,331,226,280" oya="3" hai0="85,51,73,126,109,101,134,37,20,98,112,5,2" hai1="60,121,33,130,62,66,23,81,47,35,53,1,91" hai2="118,48,105,87,50,63,29,58,64,102,84,96,52" hai3="3,40,89,34,9,14,17,72,120,69,117,110,92"/><W90/><G117/><T22/><D37/><U115/><E121/><V54/><F29/><W128/><G120/><T10/><D73/><U86/><E1/><V6/><F6/><W24/><G128/><T44/><D109/><U108/><E115/><V122/><F122/><W25/><G110/><T127/><D112/><U38/><E130/><V99/><F99/><W125/><G125/><N who="0" m="47627" /><D85/><U61/><E66/><V12/><F12/><W56/><G72/><T79/><D79/><U132/><E132/><V67/><F67/><W119/><G69/><T43/><D134/><U114/><E114/><V74/><F74/><W36/><G119/><T82/><D82/><U4/><E4/><V123/><F123/><W104/><G104/><AGARI ba="0,0" hai="2,5,10,20,22,43,44,51,98,101,104" m="47627" machi="104" ten="30,1000,0" yaku="18,1" doraHai="59" who="0" fromWho="3" sc="163,10,331,0,226,0,280,-10" /><INIT seed="4,0,0,5,5,124" ten="173,331,226,270" oya="0" hai0="91,84,12,71,59,56,23,95,120,73,85,118,33" hai1="10,28,100,119,75,94,49,109,52,60,46,38,74" hai2="80,79,72,69,117,5,30,39,31,15,27,57,32" hai3="29,51,123,35,87,8,48,131,40,99,96,26,68"/><T130/><D33/><U132/><E119/><V63/><F31/><W22/><G68/><T86/><D71/><U34/><E109/><V112/><F117/><W70/><G70/><T64/><D73/><U7/><E132/><V67/><F39/><W20/><G123/><T9/><D118/><U66/><E38/><V108/><F108/><W47/><G22/><T127/><D120/><U103/><E103/><V61/><F15/><W90/><G35/><T111/><D127/><U133/><E133/><V45/><F45/><W16/><G51/><T81/><D111/><U104/><E94/><V122/><F5/><W41/><G41/><T107/><D107/><U113/><E113/><V89/><F122/><W17/><G131/><T21/><D130/><U43/><E66/><V128/><F89/><W65/><G65/><T93/><D64/><U13/><E28/><V19/><F19/><W97/><REACH who="3" step="1"/><G8/><REACH who="3" ten="173,331,226,260" step="2"/><T4/><D81/><AGARI ba="0,1" hai="16,17,20,26,29,40,47,48,81,87,90,96,97,99" machi="81" ten="40,8000,1" yaku="1,1,2,1,8,1,54,1,53,0" doraHai="124" doraHaiUra="62" who="3" fromWho="0" sc="173,-80,331,0,226,0,260,90" /><INIT seed="5,0,0,1,4,36" ten="93,331,226,350" oya="1" hai0="76,74,71,64,107,124,79,7,88,13,53,104,45" hai1="102,11,115,56,52,110,111,89,90,83,42,57,123" hai2="33,22,78,68,133,35,66,91,98,5,125,46,28" hai3="39,31,6,32,44,77,21,51,134,1,122,27,34"/><U100/><E115/><V106/><F78/><W128/><G122/><T19/><D124/><U10/><E123/><V120/><F5/><W2/><G39/><T132/><D7/><U41/><E83/><V3/><F3/><W25/><G77/><T20/><D132/><U50/><E50/><V58/><F133/><W93/><G93/><T18/><D71/><U99/><E99/><V127/><F68/><W26/><G134/><T135/><D64/><U94/><E94/><N who="2" m="56671" /><F106/><W24/><G51/><T23/><D135/><U29/><E29/><V92/><F92/><W59/><G59/><T69/><D69/><U48/><REACH who="1" step="1"/><E48/><REACH who="1" ten="93,321,226,350" step="2"/><V121/><F120/><W55/><G128/><T108/><D108/><U96/><E96/><V73/><F121/><W95/><G32/><T16/><D74/><U101/><E101/><V85/><F73/><W63/><G34/><T37/><D37/><U126/><E126/><V86/><F33/><W80/><G80/><T72/><D72/><U105/><E105/><V43/><F35/><W82/><G82/><T116/><D116/><U14/><E14/><V47/><F125/><W117/><G95/><T62/><D13/><U60/><E60/><N who="2" m="38167" /><F127/><W81/><G117/><T17/><N who="0" m="4608" /><DORA hai="97" /><T118/><D118/><U70/><E70/><V15/><F15/><W61/><G81/><T130/><D130/><U38/><E38/><V112/><F112/><W8/><G1/><T103/><D107/><U119/><E119/><V40/><F28/><W84/><G84/><N who="2" m="32361" /><F22/><N who="0" m="8234" /><D88/><U109/><E109/><V12/><F12/><W75/><G75/><T114/><D114/><RYUUKYOKU ba="0,1" sc="93,-30,321,10,226,10,350,10" hai1="10,11,41,42,52,56,57,89,90,100,102,110,111" hai2="40,43,46,47" hai3="2,6,8,21,24,25,26,27,31,44,55,61,63" /><INIT seed="5,1,1,1,5,107" ten="63,331,236,360" oya="1" hai0="21,120,49,79,47,118,110,58,71,133,5,15,37" hai1="109,12,78,74,75,35,48,64,97,100,104,84,89" hai2="98,25,52,55,91,45,16,7,92,41,38,131,96" hai3="17,76,30,63,53,4,68,42,18,8,10,88,56"/><U101/><E35/><V65/><F65/><W26/><G68/><T94/><D71/><U13/><E64/><V134/><F134/><W31/><G76/><T119/><D37/><U19/><E109/><V115/><F131/><W69/><G69/><T125/><D110/><U2/><E2/><V73/><F73/><W66/><G42/><T14/><D120/><U39/><E39/><V60/><F7/><W72/><G72/><T77/><D133/><U36/><E36/><V27/><F60/><W113/><G113/><T40/><D125/><U85/><E48/><V128/><F128/><W95/><G10/><T99/><D119/><U3/><E3/><V106/><F27/><W43/><G43/><T103/><D118/><U11/><E13/><V130/><F115/><W70/><G31/><T122/><D122/><U116/><E116/><V33/><F33/><W135/><G135/><T80/><D58/><U81/><REACH who="1" step="1"/><E101/><REACH who="1" ten="63,321,236,360" step="2"/><V82/><F130/><W111/><G111/><T20/><D79/><U0/><E0/><V6/><F38/><W1/><G66/><T127/><D127/><U132/><E132/><V123/><F123/><W24/><G24/><T59/><D59/><U32/><E32/><V83/><F25/><W34/><REACH who="3" step="1"/><G70/><REACH who="3" ten="63,321,236,350" step="2"/><T62/><D62/><U28/><E28/><V121/><F121/><W46/><G46/><T9/><REACH who="0" step="1"/><D15/><REACH who="0" ten="53,321,236,350" step="2"/><U61/><E61/><V22/><F45/><W126/><G126/><T108/><D108/><U50/><E50/><V105/><F41/><W86/><AGARI ba="1,4" hai="1,4,8,17,18,26,30,34,53,56,63,86,88,95" machi="86" ten="20,5200,0" yaku="1,1,0,1,7,1,54,1,53,0" doraHai="107" doraHaiUra="112" who="3" fromWho="3" sc="53,-14,321,-27,236,-14,350,95" /><INIT seed="6,0,0,4,5,42" ten="39,294,222,445" oya="2" hai0="23,22,20,33,64,75,54,45,109,96,5,44,89" hai1="55,10,62,97,43,129,29,26,103,74,85,31,78" hai2="86,53,116,128,82,73,108,7,133,124,35,2,130" hai3="37,84,61,38,28,8,99,51,50,70,115,87,4"/><V32/><F73/><W93/><G115/><T11/><D33/><U104/><E129/><V39/><F39/><W77/><G37/><T113/><D75/><U12/><E74/><V100/><F116/><W132/><G132/><T40/><D113/><U21/><E43/><V80/><F100/><W67/><G38/><T112/><D109/><U18/><E78/><V27/><F108/><W107/><G84/><T94/><D112/><U114/><E85/><V49/><F133/><W91/><G107/><T125/><D125/><U16/><E114/><V120/><F120/><W76/><G28/><T65/><D54/><U0/><E0/><V81/><F27/><W110/><G110/><T63/><D40/><U13/><E62/><V9/><F86/><W123/><G123/><T106/><D106/><U95/><E104/><V134/><F124/><W48/><REACH who="3" step="1"/><G87/><REACH who="3" ten="39,294,222,435" step="2"/><T6/><D6/><U72/><E72/><V17/><F134/><W58/><G58/><T56/><REACH who="0" step="1"/><D64/><REACH who="0" ten="29,294,222,435" step="2"/><U98/><E55/><V59/><F128/><W131/><G131/><T71/><D71/><U46/><E98/><V15/><REACH who="2" step="1"/><F130/><REACH who="2" ten="29,294,212,435" step="2"/><W69/><G69/><T41/><D41/><U88/><E97/><V14/><F14/><AGARI ba="0,3" hai="4,8,14,48,50,51,61,67,70,76,77,91,93,99" machi="14" ten="40,1300,0" yaku="1,1,53,0" doraHai="42" doraHaiUra="36" who="3" fromWho="2" sc="29,0,294,0,212,-13,435,43" /><AGARI ba="0,0" hai="5,11,14,20,22,23,44,45,56,63,65,89,94,96" machi="14" ten="40,8000,1" yaku="1,1,8,1,52,2,53,0" doraHai="42" doraHaiUra="36" who="0" fromWho="2" sc="29,80,294,0,199,-80,478,0" /><INIT seed="7,0,0,5,5,10" ten="109,294,119,478" oya="3" hai0="94,57,114,6,59,46,32,28,123,110,34,76,84" hai1="40,98,101,30,103,72,91,52,4,75,112,67,24" hai2="126,133,81,39,120,50,14,115,1,36,20,128,80" hai3="27,60,86,25,38,5,17,53,47,2,105,104,26"/><W124/><G124/><T90/><D110/><U19/><E40/><V116/><F1/><W22/><G2/><T45/><D123/><U43/><E43/><V7/><F126/><W0/><G0/><T48/><D114/><U15/><E4/><V99/><F120/><W74/><G74/><T89/><D6/><U37/><E67/><V82/><F116/><W23/><G5/><T18/><D76/><U56/><E91/><V113/><F99/><W117/><G117/><T78/><D78/><U122/><E101/><V51/><F133/><W21/><G86/><T134/><D134/><U131/><E37/><N who="2" m="14411" /><F128/><W71/><G71/><T100/><D100/><U127/><E112/><N who="2" m="43083" /><F7/><W8/><G38/><T68/><D68/><U69/><E69/><V13/><F20/><W35/><G35/><T49/><D28/><U63/><E127/><V107/><F107/><W65/><G65/><T12/><D34/><U135/><E131/><V93/><F93/><W85/><G85/><T97/><D32/><U66/><E66/><V129/><F129/><W33/><G33/><T62/><D62/><U73/><E135/><V11/><F11/><W31/><G105/><T92/><D46/><U55/><E55/><V41/><F41/><W130/><G104/><T3/><D3/><U77/><E77/><V88/><F88/><W16/><G130/><T58/><D45/><U44/><E44/><V61/><F61/><W95/><G95/><T106/><D106/><N who="1" m="63863" /><E122/><V118/><F118/><W108/><G108/><T132/><D132/><U96/><E96/><V87/><F87/><W119/><G119/><RYUUKYOKU ba="0,0" sc="109,15,294,-15,119,15,478,-15" hai0="12,18,48,49,57,58,59,84,89,90,92,94,97" hai2="13,14,50,51,80,81,82" owari="124,-38.0,279,8.0,134,-27.0,463,57.0" /></mjloggm>