<mjloggm ver="2.3"><GO type="97" lobby="0"/><UN n0="%E3%83%88%E3%83%88%E3%83%AA%E5%85%88%E7%94%9F%31%39%E6%AD%B3" n1="%4A%69%4E%46%49%7A%7A%7A" n2="%E3%83%99%E3%82%A2%E3%83%88%E3%83%AA%E3%83%BC%E3%83%81%E3%82%A7" n3="%E3%81%AA%E3%82%93%E3%81%A8%E3%81%AA%E3%81%8F%E9%BA%BB%E9%9B%80" dan="14,13,14,14" rate="2031.59,1850.21,1913.08,1931.76" sx="F,M,F,M"/><TAIKYOKU oya="0"/><INIT seed="0,0,0,4,4,78" ten="250,250,250,250" oya="0" hai0="45,17,111,115,105,18,8,22,43,70,103,90,12" hai1="87,54,117,32,79,122,56,42,80,74,53,0,131" hai2="44,36,77,58,37,72,48,46,73,29,82,109,123" hai3="61,23,108,126,88,19,4,49,47,84,86,119,59"/><T57/><D115/><U63/><E0/><V116/><F123/><W62/><G119/><T96/><D70/><U76/><E122/><V91/><F116/><W69/><G108/><T99/><D111/><U11/><E32/><V24/><F109/><W135/><G126/><T102/><D57/><U134/><E134/><V100/><F100/><W71/><G135/><T51/><D90/><U67/><E131/><V95/><F58/><W97/><G4/><T27/><D27/><U15/><E117/><V92/><F92/><N who="3" m="56455" /><G71/><T125/><D125/><U52/><E42/><V81/><F73/><W75/><G69/><T64/><D64/><U128/><E128/><V68/><F44/><W26/><G75/><T65/><D65/><U1/><E1/><V101/><F101/><W93/><G93/><T112/><D112/><U110/><E110/><V7/><F7/><W133/><G133/><T66/><D66/><U104/><E104/><V55/><F68/><W124/><G124/><T30/><D30/><U5/><E74/><V6/><F6/><W120/><G120/><T16/><REACH who="0" step="1"/><D8/><REACH who="0" ten="240,250,250,250" step="2"/><U85/><E85/><N who="3" m="32874" /><G59/><T2/><D2/><U40/><E79/><V21/><F72/><W132/><G132/><T25/><D25/><U31/><E31/><V130/><F77/><W94/><G94/><AGARI ba="0,1" hai="12,16,17,18,22,43,45,51,94,96,99,102,103,105" machi="94" ten="30,5800,0" yaku="1,1,7,1,54,1,53,0" doraHai="78" doraHaiUra="121" who="0" fromWho="3" sc="240,68,250,0,250,0,250,-58" /><INIT seed="0,1,0,0,2,90" ten="308,250,250,192" oya="0" hai0="116,56,66,15,82,22,100,3,71,88,135,47,6" hai1="99,7,51,107,73,29,37,85,114,27,19,103,117" hai2="132,21,81,33,40,42,5,120,58,134,69,70,62" hai3="0,127,36,28,31,30,106,113,13,17,95,101,44"/><T86/><D116/><U84/><E117/><V16/><F33/><W91/><G0/><T131/><D71/><N who="2" m="27146" /><F5/><W34/><G113/><T10/><D131/><U45/><E114/><V59/><F81/><W11/><G34/><T4/><D135/><N who="2" m="51754" /><F120/><W67/><G127/><T75/><D75/><U125/><E125/><V61/><F21/><W35/><G35/><T49/><D100/><U98/><E37/><V104/><F16/><W74/><G74/><T46/><D3/><U32/><E73/><V12/><F12/><W94/><G67/><T123/><D123/><U77/><E77/><V80/><F80/><W121/><G121/><T18/><D6/><U124/><E124/><V110/><F110/><W26/><G26/><N who="0" m="14679" /><D66/><U79/><E79/><V9/><F9/><W72/><G72/><T128/><D128/><U54/><E7/><V57/><F104/><W111/><G111/><T87/><D87/><U129/><E129/><V108/><F108/><W112/><G112/><T89/><D89/><U8/><E99/><V115/><F115/><W60/><G91/><T20/><D20/><U122/><E122/><V109/><F109/><W93/><G106/><T64/><D64/><U48/><E51/><V97/><F97/><W92/><G60/><AGARI ba="1,0" hai="40,42,57,58,59,60,61,62" m="51754,27146" machi="60" ten="40,8000,1" yaku="28,2,20,1,34,2" doraHai="90" who="2" fromWho="3" sc="308,0,250,0,250,83,192,-83" /><INIT seed="1,0,0,1,1,55" ten="308,250,333,109" oya="1" hai0="51,64,74,114,79,36,97,113,63,119,41,62,25" hai1="76,24,49,7,88,94,98,57,121,101,112,21,43" hai2="134,75,1,80,54,120,130,84,110,82,91,0,18" hai3="19,128,60,3,96,45,20,15,117,92,66,116,129"/><U46/><E121/><V104/><F120/><W61/><G3/><T10/><D119/><N who="3" m="45641" /><G45/><T108/><D36/><U89/><E112/><V72/><F104/><W105/><G105/><T26/><D108/><U5/><E76/><V11/><F110/><W69/><G61/><T33/><D62/><U47/><E47/><V135/><F130/><W122/><G122/><T90/><D51/><U67/><E101/><AGARI ba="0,0" hai="15,19,20,60,66,69,92,96,101,128,129" m="45641" machi="101" ten="30,1000,0" yaku="12,1" doraHai="55" who="3" fromWho="1" sc="308,0,250,-10,333,0,109,10" /><INIT seed="2,0,0,4,2,53" ten="308,240,333,119" oya="2" hai0="97,56,65,116,93,82,92,60,4,91,24,134,86" hai1="73,128,110,16,33,131,98,47,49,12,15,122,44" hai2="117,85,79,32,132,45,27,5,9,46,14,106,7" hai3="105,38,104,50,13,3,107,30,18,62,43,10,22"/><V84/><F117/><W63/><G38/><T66/><D116/><U25/><E73/><V123/><F106/><W6/><REACH who="3" step="1"/><G30/><REACH who="3" ten="308,240,333,109" step="2"/><T11/><D134/><U76/><E122/><V51/><F132/><W67/><G67/><T17/><D66/><U88/><E76/><V87/><F123/><W111/><G111/><T77/><D77/><U89/><E98/><V29/><F79/><W121/><G121/><T115/><D97/><U20/><E33/><V39/><F39/><W55/><G55/><T124/><D124/><U28/><E110/><V71/><F71/><W19/><G19/><T81/><D115/><U8/><E131/><V61/><F61/><W74/><G74/><T99/><D17/><U58/><E128/><V120/><F120/><W72/><G72/><T64/><D64/><U57/><E12/><V21/><F5/><W101/><G101/><N who="0" m="60647" /><D24/><U41/><REACH who="1" step="1"/><E44/><AGARI ba="0,1" hai="3,6,10,13,18,22,43,44,50,62,63,104,105,107" machi="44" ten="40,1300,0" yaku="1,1,53,0" doraHai="53" doraHaiUra="118" who="3" fromWho="1" sc="308,0,240,-13,333,0,109,23" /><INIT seed="3,0,0,4,5,129" ten="308,227,333,132" oya="3" hai0="92,89,11,91,54,35,128,93,41,4,32,38,75" hai1="23,0,123,105,48,124,46,29,117,133,99,37,85" hai2="88,122,3,17,7,100,25,36,47,22,66,16,8" hai3="12,108,33,44,94,18,69,70,107,43,5,80,134"/><W125/><G107/><T56/><D128/><U84/><E0/><V6/><F122/><W115/><G33/><T67/><D75/><U101/><E117/><V110/><F66/><W79/><G115/><T57/><D67/><U121/><E37/><V127/><F127/><W64/><G125/><T28/><D38/><U63/><E63/><V26/><F110/><W102/><G108/><T96/><D41/><U82/><E29/><V111/><F7/><W112/><G112/><T10/><D28/><U13/><E124/><V62/><F62/><W97/><G5/><T51/><D56/><U27/><E27/><V116/><F116/><W98/><G98/><T53/><D53/><U109/><E109/><V40/><F17/><W15/><G64/><T106/><D106/><U52/><E23/><V86/><F26/><W120/><G120/><N who="1" m="46154" /><E13/><V21/><F111/><W103/><G103/><T83/><D83/><U76/><E85/><V19/><F100/><W71/><G18/><T126/><D126/><U130/><E130/><V60/><F60/><W95/><G95/><T113/><D113/><U58/><E58/><V55/><F25/><W118/><G118/><T61/><D61/><U20/><E20/><V78/><F22/><W104/><G104/><T14/><REACH who="0" step="1"/><D10/><REACH who="0" ten="298,227,333,132" step="2"/><U87/><E87/><AGARI ba="0,1" hai="4,11,14,32,35,51,54,57,87,89,91,92,93,96" machi="87" ten="30,3900,0" yaku="1,1,2,1,7,1,53,0" doraHai="129" doraHaiUra="131" who="0" fromWho="1" sc="298,49,227,-39,333,0,132,0" owari="347,45.0,188,-21.0,333,13.0,132,-37.0" /></mjloggm>