<mjloggm ver="2.3"><GO type="97" lobby="0"/><UN n0="%4C%55%43%4B%59%3F" n1="%E3%82%A2%E3%83%AA%E3%82%B9%E3%82%AB%E3%82%BF%E3%83%AC%E3%83%83%E3%83%88" n2="%E5%B0%B1%E6%B4%BB%E7%94%9F%40%E5%B7%9D%E6%9D%91%E8%BB%8D%E5%9B%A3" n3="%6E%61%64%65%6B%6F%73" dan="15,13,14,14" rate="1977.31,1836.37,1969.25,1945.35" sx="M,F,M,M"/><TAIKYOKU oya="0"/><INIT seed="0,0,0,4,4,47" ten="250,250,250,250" oya="0" hai0="131,49,100,109,73,67,63,33,29,53,20,119,125" hai1="107,108,24,116,7,50,98,110,40,5,76,120,121" hai2="133,118,8,38,93,52,70,11,34,2,114,37,21" hai3="23,74,64,103,97,91,88,71,124,83,72,123,78"/><T0/><D119/><U58/><E76/><V127/><F34/><W122/><G23/><T113/><D113/><U66/><E116/><V56/><F70/><W80/><G64/><T13/><D0/><U75/><E75/><V1/><F114/><W6/><G6/><N who="1" m="2058" /><E24/><V62/><F118/><W92/><G71/><T117/><D117/><U55/><E66/><V90/><F127/><W16/><G16/><N who="0" m="10255" /><D33/><U28/><E28/><V128/><F128/><W26/><G26/><T106/><D106/><U44/><E98/><V84/><F133/><W59/><G59/><N who="0" m="37375" /><D73/><U112/><E107/><V45/><F21/><W82/><G124/><T68/><D68/><U95/><E95/><V87/><F2/><W35/><G35/><T134/><D125/><U132/><E132/><V89/><F1/><W25/><G25/><T39/><D39/><N who="1" m="21535" /><E112/><V54/><F38/><W36/><G36/><T61/><D134/><U77/><E77/><V105/><F105/><W86/><REACH who="3" step="1"/><G91/><REACH who="3" ten="250,250,250,240" step="2"/><T19/><D29/><U46/><E46/><V17/><F17/><W65/><G65/><T12/><D19/><U81/><E58/><V41/><REACH who="2" step="1"/><F54/><REACH who="2" ten="250,250,240,240" step="2"/><W22/><G22/><T115/><D53/><U96/><E55/><V43/><F43/><W30/><G30/><T3/><D115/><U60/><E120/><V27/><F27/><W99/><G99/><T126/><D126/><U32/><E96/><V57/><F57/><W48/><G48/><T85/><D49/><U79/><E50/><V94/><AGARI ba="0,2" hai="8,11,37,41,45,52,56,62,84,87,89,90,93,94" machi="94" ten="20,8000,1" yaku="1,1,0,1,7,1,9,1,54,1,53,0" doraHai="47" doraHaiUra="102" who="2" fromWho="2" sc="250,-40,250,-20,240,100,240,-20" /><INIT seed="1,0,0,0,5,10" ten="210,230,340,220" oya="1" hai0="1,118,110,72,68,36,57,111,35,74,58,37,7" hai1="113,39,9,129,0,92,108,119,22,86,53,91,120" hai2="85,44,88,81,43,71,121,38,126,40,115,131,78" hai3="80,8,50,96,6,99,63,25,59,76,107,13,105"/><U42/><E119/><V112/><F121/><W73/><G105/><T94/><D118/><U102/><E113/><N who="2" m="43595" /><F71/><W90/><G107/><T41/><D68/><U114/><E114/><V106/><F106/><W66/><G90/><T69/><D69/><U117/><E117/><V4/><F4/><W15/><G25/><T67/><D35/><U125/><E120/><V11/><F11/><W2/><G50/><T135/><D94/><U52/><E129/><V100/><F100/><W47/><REACH who="3" step="1"/><G47/><REACH who="3" ten="210,230,340,210" step="2"/><T21/><D36/><U23/><E102/><V82/><F131/><W49/><G49/><T17/><D37/><U64/><E125/><V28/><F126/><W48/><G48/><T30/><D111/><U124/><E39/><V133/><F133/><W101/><G101/><T5/><D110/><U122/><E124/><V19/><F28/><W123/><G123/><T61/><D30/><U77/><E122/><V75/><F44/><W95/><G95/><T60/><D135/><U103/><E77/><V12/><F38/><W14/><AGARI ba="0,1" hai="2,6,8,13,14,15,59,63,66,73,76,80,96,99" machi="14" ten="30,8000,1" yaku="1,1,0,1,52,3,53,0" doraHai="10" doraHaiUra="29" who="3" fromWho="3" sc="210,-20,230,-40,340,-20,210,90" /><INIT seed="2,0,0,5,3,60" ten="190,190,320,300" oya="2" hai0="82,134,71,19,98,49,106,33,108,32,116,81,45" hai1="83,70,46,75,103,132,135,123,11,66,14,52,84" hai2="89,80,59,31,74,58,13,127,21,93,0,121,104" hai3="64,72,61,26,6,107,77,36,79,88,20,51,16"/><V92/><F104/><W87/><G36/><T111/><D71/><U109/><E75/><V125/><F0/><W56/><G107/><T122/><D122/><U113/><E113/><V25/><F121/><W129/><G72/><T30/><D116/><U47/><E123/><V43/><F43/><W96/><G96/><T85/><D134/><N who="1" m="51243" /><E103/><V110/><F110/><W67/><G129/><T102/><D19/><N who="1" m="8671" /><E109/><N who="0" m="42057" /><D30/><U10/><E10/><V41/><F41/><W65/><G6/><T34/><D85/><U42/><E42/><AGARI ba="0,0" hai="32,33,34,42,45,49,81,82,98,102,106" m="42057" machi="42" ten="40,1300,0" yaku="14,1" doraHai="60" who="0" fromWho="1" sc="190,13,190,-13,320,0,300,0" /><INIT seed="3,0,0,2,5,100" ten="203,177,320,300" oya="3" hai0="106,26,36,58,77,112,94,11,91,95,74,87,14" hai1="42,43,98,110,124,50,24,33,4,129,89,55,121" hai2="71,75,97,12,86,6,133,127,63,16,128,49,3" hai3="134,115,21,81,20,122,109,19,78,0,46,17,27"/><W53/><G115/><T92/><D36/><U82/><E121/><V37/><F75/><W80/><G122/><T118/><D118/><U61/><E129/><V54/><F37/><W69/><G0/><T48/><D112/><U90/><E110/><V66/><F128/><W32/><G69/><T117/><D117/><U93/><E124/><V39/><F39/><W107/><G32/><T10/><D10/><U65/><E4/><V51/><F127/><W57/><G107/><T9/><D9/><U41/><E33/><V123/><F123/><W113/><G134/><T56/><D106/><U18/><E82/><V101/><F6/><W131/><G113/><T40/><D26/><U103/><E24/><V108/><F3/><W73/><G131/><T130/><D130/><U111/><E111/><V84/><F108/><W25/><G46/><N who="0" m="25671" /><D74/><U30/><E18/><V114/><F114/><W28/><G109/><T79/><D91/><U99/><E30/><V132/><F132/><W126/><G126/><T72/><D72/><U22/><E22/><V5/><F5/><W15/><G78/><N who="0" m="29707" /><D87/><U7/><E7/><AGARI ba="0,0" hai="7,11,14,56,58,92,94,95" m="29707,25671" machi="7" ten="30,1000,0" yaku="8,1" doraHai="100" who="0" fromWho="1" sc="203,10,177,-10,320,0,300,0" owari="213,-19.0,167,-33.0,320,42.0,300,10.0" /></mjloggm>