<mjloggm ver="2.3"><GO type="97" lobby="0"/><UN n0="%E6%86%82%E6%A2%A6" n1="%E5%B0%B1%E6%B4%BB%E7%94%9F%40%E5%B7%9D%E6%9D%91%E8%BB%8D%E5%9B%A3" n2="%E3%81%9B%E3%82%93%E3%81%A8%E3%81%8F%E3%82%93%5A" n3="%4E%6F%4E%61%6B%6F" dan="13,15,14,14" rate="1867.59,2072.01,1971.57,1824.04" sx="M,M,M,M"/><TAIKYOKU oya="0"/><INIT seed="0,0,0,0,5,135" ten="250,250,250,250" oya="0" hai0="53,52,39,109,14,104,23,37,73,24,26,17,97" hai1="31,0,119,82,127,105,16,111,110,5,47,25,30" hai2="117,98,45,62,59,106,50,91,13,7,71,88,95" hai3="6,120,44,58,56,87,128,74,107,63,46,90,10"/><T100/><D73/><U49/><E105/><V1/><F117/><W65/><G107/><T22/><D109/><N who="1" m="41483" /><E119/><V55/><F106/><W133/><G133/><T81/><D81/><U69/><E69/><V3/><F71/><W99/><G74/><T118/><D118/><U113/><E113/><V103/><F3/><W79/><G128/><T38/><REACH who="0" step="1"/><D24/><REACH who="0" ten="240,250,250,250" step="2"/><U41/><E82/><V125/><F125/><W51/><G120/><T15/><D15/><U92/><E127/><V75/><F1/><W86/><G86/><T78/><D78/><U43/><E25/><V33/><F75/><W28/><G79/><T96/><D96/><U57/><E0/><V2/><F2/><W20/><G99/><T72/><D72/><U8/><E31/><AGARI ba="0,1" hai="14,17,22,23,26,31,37,38,39,52,53,97,100,104" machi="31" ten="40,3900,0" yaku="1,1,54,1,53,0" doraHai="135" doraHaiUra="42" who="0" fromWho="1" sc="240,49,250,-39,250,0,250,0" /><INIT seed="0,1,0,4,0,104" ten="289,211,250,250" oya="0" hai0="17,47,112,37,127,39,60,46,64,133,36,129,8" hai1="79,85,97,58,11,16,131,72,78,113,22,123,135" hai2="132,122,119,96,88,7,63,40,71,95,74,102,118" hai3="92,42,30,44,57,51,91,115,107,38,9,77,114"/><T94/><D94/><U80/><E123/><V110/><F122/><W108/><G107/><T14/><D112/><U31/><E113/><V26/><F110/><W84/><G30/><T87/><D87/><U125/><E131/><V18/><F132/><W45/><G108/><T130/><D133/><U13/><E135/><V23/><F7/><W35/><G35/><T89/><D89/><U28/><E125/><V27/><F40/><W101/><G57/><T121/><D121/><U24/><E97/><V120/><F120/><W6/><G101/><T59/><REACH who="0" step="1"/><D127/><REACH who="0" ten="279,211,250,250" step="2"/><U32/><E79/><V116/><F102/><W5/><G77/><T124/><D124/><U86/><E31/><V48/><F74/><W19/><G115/><T117/><D117/><U3/><E58/><V76/><F76/><W69/><G114/><T20/><D20/><U10/><E10/><V2/><F116/><W43/><G69/><T128/><AGARI ba="1,1" hai="8,14,17,36,37,39,46,47,59,60,64,128,129,130" machi="128" ten="40,12000,1" yaku="1,1,0,1,19,1,53,1" doraHai="104" doraHaiUra="15" who="0" fromWho="0" sc="279,133,211,-41,250,-41,250,-41" /><INIT seed="0,2,0,3,0,89" ten="412,170,209,209" oya="0" hai0="77,110,116,128,42,9,11,124,83,15,61,130,59" hai1="88,113,17,57,37,39,87,64,75,106,125,123,82" hai2="27,33,71,105,35,29,86,54,66,25,40,68,63" hai3="52,0,111,43,49,92,7,55,76,127,26,118,98"/><T1/><D116/><U74/><E123/><V36/><F54/><W16/><G118/><T62/><D124/><U99/><E125/><V96/><F86/><W48/><G127/><T67/><D110/><U60/><E113/><V108/><F108/><W84/><G111/><T45/><D1/><U119/><E119/><V10/><F10/><W72/><G72/><T104/><D104/><U103/><REACH who="1" step="1"/><E17/><REACH who="1" ten="412,160,209,209" step="2"/><V31/><F68/><W115/><G115/><T131/><D15/><U18/><E18/><V38/><F40/><W65/><G16/><T132/><D132/><U28/><E28/><V114/><F114/><W78/><G7/><T44/><D44/><U126/><E126/><V6/><F6/><W94/><G0/><T50/><REACH who="0" step="1"/><D62/><REACH who="0" ten="402,160,209,209" step="2"/><U34/><E34/><V97/><REACH who="2" step="1"/><F97/><REACH who="2" ten="402,160,199,209" step="2"/><W3/><G98/><T30/><D30/><U5/><E5/><V22/><F22/><W112/><G112/><T21/><D21/><U12/><E12/><V56/><F56/><W80/><G3/><T24/><D24/><U8/><E8/><V129/><F129/><W101/><G26/><T107/><D107/><U91/><E91/><V73/><F73/><AGARI ba="2,3" hai="9,11,42,45,50,59,61,67,73,77,83,128,130,131" machi="73" ten="40,3900,0" yaku="1,1,19,1,53,0" doraHai="89" doraHaiUra="13" who="0" fromWho="2" sc="402,75,160,0,199,-45,209,0" /><AGARI ba="2,0" hai="37,39,57,60,64,73,74,75,82,87,88,99,103,106" machi="73" ten="40,2600,0" yaku="1,1,54,1,53,0" doraHai="89" doraHaiUra="13" who="1" fromWho="2" sc="477,0,160,26,154,-26,209,0" /><INIT seed="0,3,0,1,2,129" ten="477,186,128,209" oya="0" hai0="8,13,79,65,122,85,87,1,72,47,11,96,7" hai1="99,6,14,77,18,121,66,27,130,93,102,120,94" hai2="109,118,110,106,58,107,97,98,56,90,25,119,103" hai3="76,83,125,86,92,5,30,45,50,34,49,73,22"/><T91/><D122/><U126/><E130/><V61/><F25/><W81/><G34/><T111/><D65/><U38/><E38/><V108/><F61/><W0/><G125/><T3/><D72/><U37/><E37/><V44/><F44/><W20/><G0/><T68/><D68/><U134/><E126/><V26/><F26/><W69/><G69/><T54/><D111/><U131/><E131/><V40/><F40/><W31/><G5/><T89/><D96/><N who="2" m="36970" /><F90/><W104/><G104/><N who="2" m="39977" /><F103/><W135/><G135/><T100/><D100/><U117/><E134/><V39/><F39/><W128/><G92/><T35/><D35/><U42/><E42/><V63/><F63/><W112/><G128/><T127/><D127/><U57/><E27/><V15/><F15/><W113/><G49/><T75/><D3/><U17/><E14/><V84/><F84/><W51/><G51/><T80/><D85/><U71/><E71/><V114/><F114/><N who="3" m="44139" /><G31/><T62/><D87/><U95/><E102/><V115/><F115/><W19/><G30/><T23/><D23/><U41/><E99/><V33/><F33/><W29/><G29/><T32/><D32/><U12/><E41/><V10/><F10/><W88/><G22/><T21/><D21/><U133/><E133/><V48/><F48/><W4/><G4/><N who="0" m="3303" /><D62/><U116/><E6/><V124/><F124/><W67/><G67/><T9/><D9/><N who="1" m="6287" /><E18/><V2/><F2/><W82/><G20/><T53/><D47/><U70/><E70/><V78/><F78/><W132/><G132/><T16/><D16/><U64/><E77/><RYUUKYOKU ba="3,0" sc="477,15,186,-15,128,15,209,-15" hai0="1,7,8,53,54,75,79,80,89,91" hai2="56,58,108,109,110,118,119" /><INIT seed="0,4,0,4,3,40" ten="492,171,143,194" oya="0" hai0="96,33,75,134,56,65,71,120,55,63,98,0,4" hai1="24,92,49,110,17,39,76,91,79,5,19,89,22" hai2="47,80,9,107,62,48,42,84,104,12,14,74,103" hai3="118,31,20,34,23,16,2,30,113,68,50,102,46"/><T83/><D120/><U108/><E39/><V43/><F74/><W32/><G118/><T57/><D134/><U121/><E121/><V8/><F103/><W66/><G113/><T13/><D33/><U101/><E101/><V124/><F124/><W82/><G2/><T6/><D0/><U1/><E1/><V7/><F62/><W112/><G112/><T111/><D111/><N who="1" m="42539" /><E5/><V15/><F42/><W73/><G102/><T44/><D71/><U109/><E109/><V11/><REACH who="2" step="1"/><F7/><REACH who="2" ten="492,171,133,194" step="2"/><W128/><G128/><T29/><D6/><U94/><E49/><V27/><F27/><W81/><G50/><T60/><D60/><U99/><E19/><V35/><F35/><W52/><G73/><T10/><D4/><U114/><E114/><V18/><F18/><W26/><G16/><T72/><D29/><U93/><E93/><V133/><F133/><W78/><G31/><T38/><D75/><U125/><E125/><V51/><F51/><W77/><G34/><T95/><D72/><U117/><E117/><V41/><F41/><W126/><G126/><T69/><D95/><U129/><E129/><V105/><F105/><W106/><G106/><T54/><D69/><U21/><E21/><V88/><AGARI ba="4,1" hai="8,9,11,12,14,15,43,47,48,80,84,88,104,107" machi="88" ten="30,7900,0" yaku="1,1,0,1,52,1,54,1,53,0" doraHai="40" doraHaiUra="90" who="2" fromWho="2" sc="492,-43,171,-24,133,101,194,-24" /><INIT seed="1,0,0,4,5,96" ten="449,147,234,170" oya="1" hai0="100,98,13,81,9,46,127,97,60,95,42,99,130" hai1="47,31,129,65,78,105,113,103,111,30,51,74,56" hai2="70,19,90,121,23,24,36,39,38,115,5,71,57" hai3="67,40,118,62,52,119,134,17,128,107,27,76,26"/><U8/><E113/><V75/><F121/><W125/><G107/><T112/><D112/><U117/><E117/><N who="3" m="44554" /><G40/><T53/><D127/><U102/><E105/><V68/><F115/><W86/><G125/><T14/><D130/><U72/><E129/><V64/><F75/><W22/><G128/><T82/><D82/><U63/><E111/><V43/><F5/><W85/><G134/><T109/><D109/><U69/><E69/><V61/><REACH who="2" step="1"/><F90/><REACH who="2" ten="449,147,224,170" step="2"/><W124/><G124/><T11/><D81/><U18/><E74/><V48/><F48/><W79/><G79/><T12/><D60/><U123/><E78/><V104/><F104/><W106/><G106/><T50/><D42/><AGARI ba="0,1" hai="19,23,24,36,38,39,42,43,57,61,64,68,70,71" machi="42" ten="50,1600,0" yaku="1,1,53,0" doraHai="96" doraHaiUra="2" who="2" fromWho="0" sc="449,-16,147,0,224,26,170,0" /><INIT seed="2,0,0,5,5,83" ten="433,147,250,170" oya="2" hai0="84,31,8,127,63,87,44,23,25,75,7,73,38" hai1="39,135,103,96,133,67,94,60,105,49,41,20,109" hai2="50,125,10,57,47,111,131,99,114,42,56,54,81" hai3="69,76,17,120,19,34,55,119,24,95,1,77,100"/><V4/><F114/><W104/><G120/><T90/><D127/><U35/><E35/><V3/><F125/><W53/><G119/><T36/><D63/><U27/><E109/><V130/><F111/><W37/><G37/><T89/><D75/><U22/><E39/><V71/><F71/><W52/><G69/><T112/><D112/><U58/><E105/><V91/><F42/><W18/><G1/><T80/><D73/><U61/><E61/><V126/><F126/><W70/><G70/><T86/><D44/><U78/><E78/><V11/><F11/><W43/><G43/><T88/><REACH who="0" step="1"/><D80/><REACH who="0" ten="423,147,250,170" step="2"/><U59/><E133/><V29/><F81/><W30/><G104/><T26/><D26/><U13/><E135/><V72/><F72/><W134/><G134/><T28/><D28/><U128/><E128/><N who="2" m="49195" /><F29/><W123/><G123/><T51/><D51/><U101/><E58/><V0/><F0/><AGARI ba="0,1" hai="0,7,8,23,25,31,36,38,84,86,87,88,89,90" machi="0" ten="40,8000,1" yaku="1,1,52,3,54,1,53,0" doraHai="83" doraHaiUra="45" who="0" fromWho="2" sc="423,90,147,0,250,-80,170,0" /><INIT seed="3,0,0,2,0,118" ten="513,147,170,170" oya="3" hai0="74,19,98,70,26,81,135,90,73,128,28,17,2" hai1="92,11,95,53,23,88,3,16,21,67,113,65,50" hai2="115,40,35,18,30,14,120,78,72,4,1,105,104" hai3="20,122,47,10,38,46,116,42,22,58,75,66,127"/><W44/><G116/><T27/><D70/><U91/><E113/><V7/><F115/><W43/><G75/><T59/><D2/><U12/><E3/><V86/><F72/><W8/><G127/><T25/><D28/><U37/><E37/><V36/><F78/><W24/><G122/><T129/><D135/><U55/><E55/><V97/><F86/><W107/><G107/><T63/><D98/><N who="1" m="57607" /><E65/><V62/><F62/><N who="3" m="38231" /><G38/><T77/><D90/><U114/><E67/><V109/><F120/><W32/><G32/><T15/><D15/><U71/><E71/><V89/><F35/><W54/><G24/><T13/><D13/><U119/><E119/><V85/><F1/><W94/><G54/><N who="0" m="34295" /><D74/><U68/><E68/><V60/><F14/><W121/><G121/><T48/><D48/><U83/><E83/><V49/><F36/><W125/><G125/><T117/><D117/><U132/><E132/><V102/><F49/><W79/><G79/><T9/><D9/><N who="3" m="3689" /><G94/><T110/><D110/><U69/><E69/><V101/><F109/><W87/><G87/><T123/><D123/><U45/><E114/><V64/><F64/><W100/><G100/><T134/><D134/><U108/><E108/><V6/><F102/><W99/><G99/><AGARI ba="0,0" hai="11,12,16,21,23,45,50,53,91,95,99" m="57607" machi="99" ten="30,3900,0" yaku="8,1,54,2" doraHai="118" who="1" fromWho="3" sc="513,0,147,39,170,0,170,-39" owari="513,61.0,186,-1.0,170,-23.0,131,-37.0" /></mjloggm>