<mjloggm ver="2.3"><GO type="169" lobby="0"/><UN n0="%E5%B0%B1%E6%B4%BB%E7%94%9F%40%E5%B7%9D%E6%9D%91%E8%BB%8D%E5%9B%A3" n1="%E5%85%83%E7%8F%8D" n2="%67%69%6A%79%75%74%75" n3="%E4%B8%8A%E6%9F%BF%E3%82%81%E3%81%90%E3%81%BF" dan="16,16,17,16" rate="2049.07,2072.60,2193.66,2090.10" sx="M,M,M,F"/><TAIKYOKU oya="0"/><INIT seed="0,0,0,4,4,114" ten="250,250,250,250" oya="0" hai0="98,49,38,53,97,15,5,135,19,93,9,65,46" hai1="116,45,115,2,37,69,60,28,111,121,104,91,58" hai2="100,40,61,13,17,134,87,22,117,72,103,113,62" hai3="112,54,101,20,44,70,125,75,39,84,21,128,27"/><T96/><D135/><U50/><E104/><V118/><F72/><W80/><G112/><T89/><D38/><U76/><E76/><V129/><F113/><W120/><G75/><T36/><D36/><U4/><E115/><V77/><F134/><W124/><G128/><T64/><REACH who="0" step="1"/><D5/><REACH who="0" ten="240,250,250,250" step="2"/><U6/><E37/><V123/><F123/><W16/><G39/><T122/><D122/><U71/><E6/><V131/><F131/><W110/><G120/><T11/><D11/><U82/><E4/><V33/><F129/><W31/><G124/><T67/><AGARI ba="0,1" hai="9,15,19,46,49,53,64,65,67,89,93,96,97,98" machi="67" ten="30,6000,0" yaku="1,1,0,1,8,1,53,0" doraHai="114" doraHaiUra="56" who="0" fromWho="0" sc="240,70,250,-20,250,-20,250,-20" /><INIT seed="0,1,0,2,2,81" ten="310,230,230,230" oya="0" hai0="109,34,64,122,93,26,110,62,132,115,63,16,67" hai1="55,12,57,17,76,24,32,36,60,119,5,45,3" hai2="84,126,38,111,51,107,4,74,9,27,42,98,37" hai3="35,6,28,40,106,101,19,13,100,70,18,77,66"/><T44/><D122/><U130/><E119/><V105/><F74/><W112/><G112/><T30/><D115/><U78/><E130/><V131/><F131/><W47/><G77/><T48/><D132/><U75/><E75/><V50/><F27/><N who="3" m="18847" /><G6/><T125/><D125/><U2/><E5/><V59/><F4/><W8/><G101/><T61/><D93/><U99/><E2/><V82/><F98/><N who="3" m="61719" /><G13/><T29/><D29/><U21/><E3/><V113/><F113/><W129/><G8/><T33/><D33/><U11/><E32/><V49/><F9/><W0/><G0/><T133/><D133/><U15/><E15/><V10/><F10/><W79/><G79/><T71/><D16/><U95/><E36/><V87/><F50/><N who="3" m="26983" /><G129/><T114/><D114/><U73/><E73/><V23/><F23/><W69/><G69/><T43/><REACH who="0" step="1"/><D71/><REACH who="0" ten="300,230,230,230" step="2"/><U54/><E45/><V14/><F126/><W94/><G94/><T72/><D72/><U96/><E95/><V83/><F107/><W88/><G19/><T1/><D1/><U65/><E17/><V68/><F105/><W52/><G18/><T31/><D31/><U124/><E124/><V102/><F68/><W97/><G70/><T121/><D121/><U86/><E24/><V116/><F14/><W118/><G118/><T89/><D89/><U120/><E12/><V53/><F116/><W134/><G88/><T80/><D80/><U128/><E120/><V46/><F82/><W85/><G134/><T20/><D20/><U117/><E21/><V39/><F83/><W7/><G7/><T22/><D22/><RYUUKYOKU ba="1,1" sc="300,30,230,-10,230,-10,230,-10" hai0="26,30,34,43,44,48,61,62,63,64,67,109,110" /><INIT seed="0,2,1,4,2,129" ten="330,220,220,220" oya="0" hai0="56,54,35,78,68,71,115,61,130,16,44,1,29" hai1="25,32,117,62,81,90,23,75,2,12,47,40,112" hai2="100,66,107,128,9,42,89,22,70,101,28,114,55" hai3="20,122,31,0,67,102,134,46,108,64,13,43,106"/><T30/><D115/><U135/><E2/><V109/><F114/><W79/><G0/><T6/><D130/><U3/><E112/><V26/><F128/><W48/><G108/><T132/><D132/><U39/><E3/><V120/><F120/><W80/><G122/><T127/><D127/><U27/><E117/><V19/><F109/><W97/><G134/><T77/><D6/><U36/><E135/><V14/><F42/><W57/><G57/><T50/><D1/><U119/><E39/><V88/><F70/><W15/><G15/><T38/><D38/><U24/><E119/><V113/><F66/><W104/><G106/><T34/><D71/><U33/><E62/><V17/><F113/><W87/><REACH who="3" step="1"/><G13/><REACH who="3" ten="330,220,220,210" step="2"/><T4/><D68/><U124/><E12/><N who="2" m="7311" /><F107/><W131/><G131/><T125/><D125/><U111/><E124/><V84/><F55/><W72/><G72/><T121/><D121/><U59/><E75/><V94/><F89/><W8/><G8/><AGARI ba="2,2" hai="8,14,19,22,26,28,84,88,94,100,101" m="7311" machi="8" ten="30,2000,0" yaku="8,1,54,1" doraHai="129" who="2" fromWho="3" sc="330,0,220,0,220,46,210,-26" /><INIT seed="1,0,0,1,0,105" ten="330,220,266,184" oya="1" hai0="88,18,40,21,99,98,42,128,135,124,84,131,118" hai1="117,10,69,62,7,19,36,90,127,22,16,102,132" hai2="73,86,130,112,58,110,70,55,63,79,104,8,85" hai3="89,116,68,96,17,52,46,25,4,57,65,66,27"/><U74/><E117/><V9/><F104/><W125/><G125/><T24/><D135/><U108/><E36/><V12/><F112/><W75/><G68/><T133/><D133/><U54/><E132/><V28/><F28/><W14/><G116/><T51/><D118/><U47/><E127/><V122/><F122/><W60/><G4/><T119/><D119/><U45/><E74/><V106/><F106/><W61/><G75/><T50/><D124/><U126/><E126/><V35/><F35/><W29/><G29/><T71/><D71/><U107/><E108/><V83/><F110/><W43/><G89/><T20/><D84/><U92/><E102/><V6/><F130/><N who="0" m="49706" /><D21/><U2/><E107/><V41/><F70/><W23/><G96/><N who="0" m="36907" /><D88/><U30/><E30/><V56/><F41/><AGARI ba="0,0" hai="18,20,24,40,41,42,50,51" m="36907,49706" machi="41" ten="30,1000,0" yaku="19,1" doraHai="105" who="0" fromWho="2" sc="330,10,220,0,266,-10,184,0" /><INIT seed="2,0,0,2,4,23" ten="340,220,256,184" oya="2" hai0="40,2,57,3,134,119,72,76,38,92,7,109,108" hai1="69,91,122,106,58,10,15,42,5,35,14,17,123" hai2="133,48,51,11,101,12,99,60,47,30,22,104,75" hai3="118,65,29,50,67,103,66,43,61,27,39,97,78"/><V95/><F75/><W87/><G118/><T80/><D119/><U0/><E69/><V100/><F133/><W130/><G130/><T34/><D34/><U83/><E106/><V33/><F33/><W131/><G39/><T45/><D134/><U81/><E35/><V16/><F104/><W21/><G131/><T90/><D57/><U107/><E107/><V113/><F113/><W28/><G28/><T102/><D102/><U85/><E42/><V116/><F116/><W126/><G126/><T18/><D18/><U98/><E98/><V13/><F101/><W70/><G70/><T88/><D90/><U120/><E58/><V117/><F117/><W115/><G115/><T135/><D135/><U77/><REACH who="1" step="1"/><E17/><REACH who="1" ten="340,210,256,184" step="2"/><N who="2" m="8351" /><F30/><W111/><G29/><T64/><D64/><U86/><AGARI ba="0,1" hai="0,5,10,14,15,77,81,83,85,86,91,120,122,123" machi="86" ten="40,8000,1" yaku="1,1,0,1,13,1,53,1" doraHai="23" doraHaiUra="32" who="1" fromWho="1" sc="340,-20,210,90,256,-40,184,-20" /><INIT seed="3,0,0,5,0,113" ten="320,300,216,164" oya="3" hai0="110,58,2,63,3,52,122,69,19,36,29,132,93" hai1="11,96,57,112,55,39,123,46,103,70,64,51,65" hai2="88,15,48,78,41,83,32,38,92,4,28,16,20" hai3="130,82,34,102,17,68,107,60,67,120,40,5,10"/><W80/><G130/><T124/><D110/><U44/><E112/><V128/><F38/><W56/><G120/><T99/><D122/><U1/><E123/><V79/><F128/><W134/><G34/><T98/><D36/><U87/><E1/><V6/><F32/><W54/><G134/><T104/><D132/><U117/><E11/><V50/><F28/><W100/><G17/><T121/><D121/><U0/><E0/><V33/><F33/><W7/><G40/><T91/><D69/><U61/><E87/><N who="2" m="48639" /><F78/><W105/><G68/><T74/><D74/><U35/><E35/><V72/><F72/><W89/><G67/><T81/><D29/><U49/><E96/><N who="2" m="57351" /><F41/><W125/><G125/><T62/><D81/><N who="3" m="31337" /><G105/><T127/><D19/><U12/><E12/><V42/><F42/><W23/><G23/><T90/><D63/><N who="1" m="40255" /><E103/><N who="3" m="39466" /><G107/><T25/><D104/><U85/><E85/><V86/><F86/><W30/><G30/><T9/><D25/><U21/><E21/><V133/><F133/><W66/><G10/><T84/><D99/><U94/><E94/><V129/><F129/><W14/><G14/><T118/><D118/><U76/><E76/><V135/><F135/><W27/><G27/><T101/><D9/><U119/><E39/><V26/><F26/><W31/><G31/><T59/><D84/><U114/><E114/><V22/><F20/><W47/><G89/><N who="0" m="33803" /><D3/><U45/><E51/><AGARI ba="0,0" hai="4,6,15,16,22,48,50,51" m="57351,48639" machi="51" ten="30,3900,0" yaku="8,1,54,2" doraHai="113" who="2" fromWho="1" sc="320,0,300,-39,216,39,164,0" /><AGARI ba="0,0" hai="5,7,47,51,54,56,60,66" m="39466,31337" machi="51" ten="30,1500,0" yaku="8,1" doraHai="113" who="3" fromWho="1" sc="320,0,261,-15,255,0,164,15" /><INIT seed="3,1,0,4,0,131" ten="320,246,255,179" oya="3" hai0="58,56,107,65,51,69,39,78,19,16,110,38,93" hai1="34,68,61,102,53,72,87,96,42,24,62,20,73" hai2="13,130,15,95,18,126,57,119,103,134,0,23,75" hai3="74,114,60,44,104,12,92,30,83,89,94,101,117"/><W133/><G114/><T121/><D110/><U29/><E42/><V113/><F0/><W99/><G30/><T76/><D107/><U48/><E87/><V45/><F75/><W132/><G117/><T80/><D121/><U25/><E62/><V109/><F119/><W6/><G44/><T22/><D69/><U10/><E10/><V32/><F32/><W77/><G60/><T28/><D38/><U2/><E2/><V135/><F113/><W49/><G49/><T122/><D39/><U37/><E37/><V67/><F109/><W106/><G12/><T31/><D93/><U35/><E35/><V91/><F103/><W98/><G6/><T105/><D105/><AGARI ba="1,0" hai="74,77,83,89,92,94,98,99,101,104,105,106,132,133" machi="105" ten="40,12000,1" yaku="34,3,52,2" doraHai="131" who="3" fromWho="0" sc="320,-123,246,0,255,0,179,123" /><INIT seed="3,2,0,5,5,19" ten="197,246,255,302" oya="3" hai0="3,60,115,64,132,94,126,80,61,6,32,119,116" hai1="91,83,107,118,47,29,0,23,30,59,77,37,71" hai2="103,112,67,82,81,58,35,50,72,85,74,11,8" hai3="14,18,22,99,41,101,93,130,127,51,44,70,125"/><W62/><REACH who="3" step="1"/><G130/><REACH who="3" ten="197,246,255,292" step="2"/><T36/><D119/><U56/><E118/><V13/><F112/><W90/><G90/><T33/><D116/><U63/><E91/><V55/><F103/><W38/><G38/><T73/><D36/><U98/><E37/><V124/><F124/><W21/><G21/><T135/><D115/><U133/><E23/><V76/><F35/><W78/><G78/><T121/><D126/><U53/><E77/><V26/><F8/><W10/><G10/><T95/><D121/><U12/><E133/><V20/><F67/><AGARI ba="2,1" hai="14,18,22,41,44,51,62,67,70,93,99,101,125,127" machi="67" ten="40,12000,1" yaku="21,2,52,1,53,1" doraHai="19" doraHaiUra="92" who="3" fromWho="2" sc="197,0,246,0,255,-126,292,136" /><INIT seed="3,3,0,4,0,5" ten="197,246,129,428" oya="3" hai0="57,52,19,24,27,128,26,75,71,59,100,99,18" hai1="28,91,90,84,9,4,131,11,53,49,56,42,50" hai2="107,133,111,29,54,74,119,118,66,117,98,125,1" hai3="79,110,43,120,104,30,94,132,96,47,12,31,126"/><W55/><G120/><T123/><D71/><U60/><E4/><V69/><F54/><W80/><G132/><T8/><D123/><U95/><E131/><V15/><F15/><W17/><G126/><T101/><D75/><U70/><E28/><V0/><F29/><W78/><G104/><T122/><D122/><U116/><E116/><V108/><F74/><W76/><G80/><T21/><D128/><U87/><E70/><V34/><F34/><W46/><G110/><N who="2" m="42025" /><F133/><W113/><G113/><T63/><D59/><U64/><E42/><V81/><F81/><W67/><G67/><T33/><D33/><U44/><E50/><V106/><F125/><W129/><G129/><T6/><D19/><U77/><E77/><V13/><F13/><W134/><G134/><T25/><REACH who="0" step="1"/><D99/><REACH who="0" ten="187,246,129,428" step="2"/><U36/><E36/><V37/><F37/><W40/><G30/><T73/><D73/><U130/><E130/><V16/><F16/><W114/><G31/><T85/><D85/><U22/><E22/><V127/><F127/><W2/><G47/><T124/><D124/><U97/><E97/><V103/><F98/><W61/><G46/><T14/><AGARI ba="3,1" hai="6,8,14,18,21,24,25,26,27,52,57,63,100,101" machi="14" ten="30,8000,1" yaku="1,1,0,1,8,1,52,1,54,1,53,0" doraHai="5" doraHaiUra="82" who="0" fromWho="0" sc="187,99,246,-23,129,-23,428,-43" /><INIT seed="4,0,0,0,4,103" ten="286,223,106,385" oya="0" hai0="63,131,46,126,21,115,93,42,117,121,45,108,11" hai1="90,9,82,7,70,36,44,25,13,106,34,119,15" hai2="57,112,76,135,43,116,124,0,12,6,52,68,66" hai3="129,55,111,114,39,78,109,49,60,33,107,4,64"/><T58/><D121/><U29/><E119/><V120/><F120/><W41/><G33/><T98/><D117/><U110/><E110/><V85/><F116/><W16/><G4/><T86/><D108/><U122/><E122/><V101/><F0/><W77/><G107/><T2/><D126/><U71/><E106/><V27/><F124/><W10/><G41/><T47/><D115/><U95/><E82/><V48/><F112/><W30/><G39/><T40/><D131/><U132/><E132/><V37/><F135/><W91/><G30/><T128/><D128/><U133/><E133/><V75/><F75/><W23/><G10/><T92/><D21/><U127/><E127/><V125/><F125/><W17/><G91/><T20/><D20/><U22/><E36/><V32/><F101/><W5/><G5/><T67/><D2/><U73/><E73/><V100/><F100/><W28/><G129/><T53/><D11/><U62/><E44/><N who="2" m="23663" /><F12/><W19/><G114/><T105/><D86/><U80/><E80/><V118/><F6/><W50/><G64/><T113/><D113/><U3/><E62/><N who="2" m="40023" /><F118/><W14/><G111/><T96/><D105/><U94/><E94/><N who="0" m="36457" /><D67/><U59/><E59/><V97/><F97/><AGARI ba="0,0" hai="40,42,45,46,47,53,58,63,96,97,98" m="36457" machi="97" ten="30,1500,0" yaku="8,1" doraHai="103" who="0" fromWho="2" sc="286,15,223,0,106,-15,385,0" /><INIT seed="4,1,0,5,1,100" ten="301,223,91,385" oya="0" hai0="61,69,10,114,26,47,134,35,94,81,82,23,18" hai1="85,17,83,62,79,27,75,39,90,29,95,112,32" hai2="12,107,48,15,41,58,132,125,133,98,71,103,105" hai3="21,22,37,129,9,5,1,74,63,116,80,57,38"/><T19/><D134/><N who="2" m="51818" /><F71/><W68/><G116/><T42/><D114/><U40/><E112/><V64/><F125/><W28/><G68/><T2/><D35/><U78/><E78/><V7/><F7/><W55/><G129/><T124/><D124/><U24/><E40/><V36/><F36/><W92/><G92/><T34/><D34/><U128/><E39/><V49/><F41/><W121/><G121/><T50/><D94/><U66/><E128/><V6/><F64/><W72/><G37/><T127/><D127/><U53/><E53/><N who="2" m="32039" /><F49/><W106/><G38/><T76/><D76/><U110/><E110/><V31/><F31/><W88/><G74/><T111/><D111/><U108/><E108/><V77/><F77/><W86/><G72/><T14/><D2/><U126/><E126/><V13/><F6/><W30/><G28/><T3/><D3/><U119/><E119/><V51/><F51/><W70/><G70/><T4/><D4/><U102/><E17/><V54/><F54/><W56/><G56/><T16/><REACH who="0" step="1"/><D19/><REACH who="0" ten="291,223,91,385" step="2"/><U120/><E32/><V97/><F97/><W115/><G115/><T52/><D52/><U89/><E79/><V117/><F117/><W118/><G118/><T45/><D45/><U87/><E95/><AGARI ba="1,1" hai="12,13,15,95,98,103,105,107" m="32039,51818" machi="95" ten="30,3900,0" yaku="20,1,52,2" doraHai="100" who="2" fromWho="1" sc="291,0,223,-42,91,52,385,0" /><INIT seed="5,0,0,2,5,5" ten="291,181,143,385" oya="1" hai0="25,28,113,118,100,16,65,15,20,6,47,105,103" hai1="128,43,129,115,19,52,133,94,56,78,30,31,123" hai2="59,87,64,102,114,40,73,98,44,17,86,95,39" hai3="62,91,93,89,45,119,125,61,74,79,104,54,1"/><U70/><E70/><V24/><F73/><W117/><G104/><T42/><D118/><N who="3" m="45065" /><G1/><T14/><D113/><U83/><E123/><V23/><REACH who="2" step="1"/><F114/><REACH who="2" ten="291,181,133,385" step="2"/><W27/><G125/><T81/><D105/><U126/><E115/><V10/><F10/><W9/><G9/><N who="0" m="4407" /><D65/><U49/><E126/><V11/><F11/><W57/><G74/><T112/><D112/><U12/><E133/><V26/><F26/><W8/><G8/><N who="0" m="6247" /><D81/><U33/><E83/><V66/><F66/><W13/><G27/><T111/><D111/><U41/><E129/><V18/><F18/><W127/><G13/><T124/><D124/><U107/><E19/><V55/><F55/><W2/><G54/><T80/><D80/><U3/><E52/><V37/><F37/><W130/><G127/><T120/><D120/><U101/><E128/><V7/><F7/><W53/><G130/><T29/><D29/><U21/><E31/><V75/><F75/><W48/><G53/><T122/><D122/><U22/><E30/><V4/><F4/><W134/><G134/><T99/><D99/><U97/><E97/><V0/><F0/><W69/><G2/><T76/><D76/><U32/><E78/><V58/><F58/><W135/><G79/><T72/><D72/><U60/><E56/><V90/><F90/><W67/><G91/><T68/><D68/><U132/><E3/><V77/><F77/><W121/><G69/><T88/><D88/><U109/><E132/><V38/><F38/><W106/><G135/><T116/><D116/><U108/><E12/><V131/><F131/><W36/><G36/><AGARI ba="0,1" hai="20,25,28,36,42,47,100,103" m="6247,4407" machi="36" ten="30,7700,0" yaku="6,1,52,2,54,1" doraHai="5" who="0" fromWho="3" sc="291,87,181,0,133,0,385,-77" /><INIT seed="6,0,0,2,2,20" ten="378,181,133,308" oya="2" hai0="126,60,8,104,17,111,67,24,89,80,77,103,92" hai1="107,96,6,12,74,131,72,52,40,28,5,54,114" hai2="29,33,43,110,47,32,117,58,27,81,129,132,76" hai3="86,10,113,39,119,83,128,0,70,57,69,64,51"/><V95/><F117/><W66/><G119/><T9/><D111/><U135/><E114/><V84/><F110/><W118/><G118/><T30/><D126/><U94/><E107/><V46/><F129/><W61/><G128/><T116/><D116/><U25/><E131/><V2/><F2/><W122/><G122/><T7/><D104/><U106/><E106/><V102/><F132/><W65/><G39/><T73/><D103/><U79/><E135/><V63/><F33/><W91/><G113/><T98/><D17/><U35/><E40/><V53/><REACH who="2" step="1"/><F43/><REACH who="2" ten="378,181,123,308" step="2"/><W3/><G3/><T19/><D19/><U82/><E74/><V16/><F16/><W99/><G0/><T18/><D18/><U75/><E75/><V1/><F1/><W134/><G134/><T21/><D7/><U85/><E72/><V50/><F50/><W41/><G51/><T48/><D48/><U105/><E6/><V13/><F13/><W87/><G41/><T4/><D4/><U68/><E5/><V56/><F56/><AGARI ba="0,1" hai="8,9,21,24,30,56,60,67,73,77,80,89,92,98" machi="56" ten="30,2000,0" yaku="7,1,52,1" doraHai="20" who="0" fromWho="2" sc="378,30,181,0,123,-20,308,0" /><INIT seed="7,0,0,5,1,59" ten="408,181,103,308" oya="3" hai0="14,112,104,105,37,122,134,78,36,6,82,56,4" hai1="29,1,106,50,42,20,73,74,2,24,26,68,69" hai2="5,116,32,95,72,27,61,8,49,109,87,111,83" hai3="0,131,65,115,92,22,70,121,98,35,133,77,53"/><W54/><G121/><T75/><D122/><U85/><E106/><V17/><F116/><W12/><G35/><T114/><D134/><U28/><E85/><V91/><F72/><W97/><G0/><T47/><D56/><U45/><E73/><V39/><F39/><W89/><G133/><T21/><D6/><U100/><E74/><V93/><F111/><W119/><G119/><T84/><D75/><U25/><E100/><V101/><F109/><W107/><G131/><T66/><D66/><U76/><E76/><V40/><F101/><W41/><G41/><T88/><D78/><U7/><E26/><V16/><F32/><W123/><G123/><T124/><D124/><U127/><E127/><V103/><F40/><W62/><G77/><T51/><D36/><U132/><E132/><V108/><F108/><W94/><G107/><T10/><D21/><U120/><E120/><V11/><F49/><W86/><G115/><N who="0" m="44075" /><D37/><U130/><E130/><V96/><F27/><W52/><REACH who="3" step="1"/><G94/><REACH who="3" ten="408,181,103,298" step="2"/><T117/><D117/><U113/><E113/><V9/><F5/><W80/><G80/><T3/><D3/><U126/><E126/><V99/><REACH who="2" step="1"/><F61/><REACH who="2" ten="408,181,93,298" step="2"/><W60/><G60/><T38/><D38/><U71/><REACH who="1" step="1"/><E7/><REACH who="1" ten="408,171,93,298" step="2"/><V15/><F15/><W129/><G129/><T44/><D51/><U13/><E13/><V64/><F64/><W102/><G102/><T19/><D4/><U67/><E67/><V30/><F30/><W55/><N who="3" m="13312" /><DORA hai="43" /><W48/><G48/><T90/><D104/><U33/><AGARI ba="0,3" hai="1,2,20,24,25,28,29,33,42,45,50,68,69,71" machi="33" ten="30,12000,2" yaku="1,1,0,1,52,1,53,3" doraHai="59,43" doraHaiUra="34,18" who="1" fromWho="1" sc="408,-30,171,150,93,-30,298,-60" owari="378,48.0,321,12.0,63,-44.0,238,-16.0" /></mjloggm>