<mjloggm ver="2.3"><GO type="97" lobby="0"/><UN n0="%E3%82%AB%E3%83%AA%E3%83%93%E3%82%A2%E3%83%B3%E3%82%B3%E3%83%A0" n1="%53%47%59%4D%48%52%4B%31" n2="%6B%6F%2D%73%68%69%72%6F" n3="%E3%83%88%E3%83%88%E3%83%AA%E5%85%88%E7%94%9F%31%39%E6%AD%B3" dan="13,15,14,15" rate="1860.49,2015.86,1957.76,2010.34" sx="M,M,M,F"/><TAIKYOKU oya="0"/><INIT seed="0,0,0,0,3,26" ten="250,250,250,250" oya="0" hai0="133,70,116,38,58,72,11,64,25,55,46,117,126" hai1="76,74,9,33,115,40,122,63,99,106,114,86,47" hai2="44,43,20,94,59,17,125,19,120,104,123,29,27" hai3="101,134,111,131,89,69,28,23,75,1,4,109,60"/><T56/><D72/><U95/><E122/><V24/><F104/><W37/><G37/><T12/><D126/><U73/><E33/><V71/><F71/><W119/><G119/><T62/><D133/><U98/><E9/><V81/><F125/><W48/><G75/><N who="1" m="28682" /><E63/><V51/><F81/><W39/><G39/><T52/><D25/><U34/><E34/><V100/><F59/><N who="0" m="22570" /><D12/><U30/><E30/><V35/><REACH who="2" step="1"/><F19/><REACH who="2" ten="250,250,240,250" step="2"/><W68/><G69/><T14/><D14/><U18/><E18/><V3/><F3/><W22/><G68/><T57/><D11/><U127/><E127/><V124/><F124/><W8/><G1/><T16/><D16/><U92/><E47/><V21/><F21/><W32/><G22/><T49/><D38/><U66/><E106/><V84/><F84/><W41/><G23/><T91/><D91/><U85/><E66/><V50/><F50/><AGARI ba="0,1" hai="46,49,50,52,55,57,62,64,70,116,117" m="22570" machi="50" ten="30,5800,0" yaku="34,2,54,1" doraHai="26" who="0" fromWho="2" sc="250,68,250,0,240,-58,250,0" /><INIT seed="0,1,0,3,2,80" ten="318,250,182,250" oya="0" hai0="109,35,128,24,6,111,72,121,51,95,77,19,112" hai1="58,92,62,10,31,53,124,36,37,129,48,82,79" hai2="125,102,9,96,115,22,45,104,47,81,127,131,40" hai3="89,14,110,66,17,122,32,7,11,23,94,49,75"/><T119/><D121/><U118/><E118/><V33/><F115/><W101/><G122/><T54/><D119/><U28/><E129/><V30/><F131/><W130/><G130/><T99/><D112/><U13/><E124/><N who="2" m="47691" /><F33/><W83/><G32/><T88/><D6/><U98/><E37/><V16/><F40/><W105/><G110/><N who="0" m="41995" /><D128/><U116/><E36/><V106/><F104/><W126/><G126/><T120/><D120/><U103/><E62/><V55/><F55/><W93/><G66/><T67/><D67/><U5/><REACH who="1" step="1"/><E116/><REACH who="1" ten="318,240,182,250" step="2"/><V113/><F113/><W27/><G49/><T21/><D35/><U91/><E91/><V76/><F30/><W78/><G89/><T12/><D77/><U42/><E42/><V65/><F65/><W8/><G101/><T74/><D24/><U135/><E135/><V26/><F9/><W68/><G11/><T61/><D61/><U41/><E41/><V59/><F59/><AGARI ba="1,1" hai="12,19,21,51,54,59,72,74,88,95,99" m="41995" machi="59" ten="30,5800,0" yaku="14,1,10,1,54,1" doraHai="80" who="0" fromWho="2" sc="318,71,240,0,182,-61,250,0" /><INIT seed="0,2,0,4,1,47" ten="389,240,121,250" oya="0" hai0="55,38,27,103,64,85,126,129,14,116,62,78,49" hai1="119,33,121,115,107,101,1,24,105,36,117,118,81" hai2="50,95,80,4,23,111,61,46,48,102,110,132,124" hai3="57,88,93,9,99,67,79,73,69,25,18,106,120"/><T68/><D38/><U123/><E36/><V58/><F4/><W21/><G120/><N who="1" m="46154" /><E1/><V2/><F2/><W86/><G69/><T5/><D116/><U66/><E66/><V44/><F132/><W108/><G108/><N who="2" m="41513" /><F124/><W134/><G134/><T10/><D126/><U39/><E39/><V84/><F23/><W72/><G67/><T114/><D114/><U83/><E24/><V89/><F102/><W94/><G106/><N who="1" m="40458" /><E33/><V56/><F95/><W7/><G57/><N who="2" m="22121" /><F61/><W19/><G19/><T75/><D75/><U131/><E101/><V45/><AGARI ba="2,0" hai="44,45,46,48,50,80,84,89" m="22121,41513" machi="45" ten="40,5200,0" yaku="14,1,52,2" doraHai="47" who="2" fromWho="2" sc="389,-28,240,-15,121,58,250,-15" /><INIT seed="1,0,0,4,4,20" ten="361,225,179,235" oya="1" hai0="80,107,116,113,38,34,1,4,118,45,46,11,25" hai1="90,36,86,19,95,67,93,41,81,29,68,121,66" hai2="9,0,39,14,12,2,124,130,82,40,79,134,37" hai3="110,60,72,100,128,98,3,30,108,53,43,84,112"/><U10/><E121/><V24/><F134/><W109/><G112/><T132/><D107/><U32/><E36/><V122/><F122/><W58/><G72/><T87/><D113/><U97/><E41/><V106/><F106/><W64/><G3/><T69/><D69/><U91/><E32/><V5/><F130/><W71/><G128/><T104/><D104/><U52/><E29/><V57/><F124/><W123/><G123/><T18/><D132/><U59/><E68/><V48/><F2/><W111/><N who="3" m="27648" /><DORA hai="133" /><W83/><G43/><T78/><D45/><U119/><E81/><V129/><F129/><W70/><G30/><T49/><D38/><U120/><E119/><V21/><F37/><W125/><G125/><T47/><D47/><U88/><E91/><V56/><F39/><W35/><G35/><T105/><D105/><U13/><E120/><V31/><F40/><W77/><G64/><T54/><REACH who="0" step="1"/><D34/><REACH who="0" ten="351,225,179,235" step="2"/><U127/><REACH who="1" step="1"/><E127/><REACH who="1" ten="351,215,179,235" step="2"/><V61/><F48/><AGARI ba="0,2" hai="10,13,19,48,52,59,66,67,86,88,90,93,95,97" machi="48" ten="30,18000,2" yaku="1,1,2,1,7,1,8,1,54,2,53,0" doraHai="20,133" doraHaiUra="26,28" who="1" fromWho="2" sc="351,0,215,200,179,-180,235,0" owari="351,15.0,415,51.0,-1,-50.0,235,-16.0" /></mjloggm>