<mjloggm ver="2.3"><GO type="225" lobby="0"/><UN n0="%E3%83%88%E3%83%88%E3%83%AA%E5%85%88%E7%94%9F%31%39%E6%AD%B3" n1="%E3%81%93%E3%81%BE%E3%81%A1" n2="%EF%BC%8A%E3%81%A9%E3%82%89%E3%81%BF%EF%BC%8A" n3="%E8%BF%A6%E9%99%B5%E9%A0%BB%E4%BC%BD" dan="17,16,17,17" rate="2225.96,2078.37,2183.75,2135.98" sx="F,M,M,F"/><TAIKYOKU oya="0"/><INIT seed="0,0,0,1,1,74" ten="250,250,250,250" oya="0" hai0="69,28,77,102,5,83,82,108,43,22,19,0,33" hai1="26,62,12,127,32,48,75,99,50,78,93,13,101" hai2="131,7,59,113,120,9,125,72,85,89,76,112,128" hai3="11,3,95,86,115,55,41,58,80,67,25,114,66"/><T103/><D69/><U98/><E127/><V116/><F59/><W134/><G41/><T124/><D124/><U81/><E62/><V29/><F29/><W126/><G126/><T17/><D83/><U45/><E50/><V100/><F125/><W104/><G104/><T96/><D108/><U87/><E75/><V23/><F23/><W61/><G95/><T24/><D43/><U110/><E110/><V44/><F44/><W39/><G39/><T111/><D111/><U8/><E32/><V49/><F49/><W34/><G134/><T54/><D54/><U119/><E119/><V68/><F68/><W42/><G42/><T130/><D130/><N who="2" m="49706" /><F100/><W91/><G34/><T97/><D19/><U79/><E26/><V57/><F57/><W121/><G25/><T129/><D129/><U122/><E122/><V105/><F105/><W84/><G121/><T65/><D65/><U94/><E79/><V63/><F63/><W64/><G11/><N who="0" m="2471" /><D103/><N who="1" m="60879" /><E8/><V4/><F116/><W31/><G31/><T106/><D102/><U21/><E21/><V38/><F120/><W92/><REACH who="3" step="1"/><G3/><REACH who="3" ten="250,250,250,240" step="2"/><T36/><D36/><U107/><E107/><V90/><F38/><W109/><G109/><T46/><D106/><U18/><E18/><V14/><F9/><W133/><G133/><T70/><D33/><U10/><E10/><V15/><F15/><W30/><G30/><T71/><D28/><U135/><E135/><V132/><F14/><W73/><G73/><N who="0" m="43311" /><D46/><U16/><E16/><V123/><F132/><W37/><G37/><T51/><D51/><U40/><AGARI ba="0,1" hai="12,13,40,45,48,78,81,87,94,99,101" m="60879" machi="40" ten="30,2000,0" yaku="8,1,52,1" doraHai="74" who="1" fromWho="1" sc="250,-10,250,30,250,-5,240,-5" /><INIT seed="1,0,0,3,3,49" ten="240,280,245,235" oya="1" hai0="65,71,6,27,68,22,91,31,98,32,42,121,110" hai1="97,100,35,69,79,38,58,48,83,33,93,61,118" hai2="129,12,30,15,120,109,103,90,36,66,4,80,107" hai3="52,56,102,55,119,74,104,2,24,43,106,85,67"/><U19/><E118/><V50/><F36/><W44/><G74/><T75/><D75/><U21/><E38/><V28/><F120/><W130/><G2/><T77/><D77/><U133/><E48/><V16/><F66/><W125/><G102/><T82/><D121/><U70/><E69/><V0/><F0/><W108/><G108/><T88/><D110/><U39/><E70/><V9/><F103/><W60/><G106/><T132/><D132/><U95/><E39/><V40/><F107/><W86/><G104/><T10/><D42/><U96/><E133/><V51/><F129/><W13/><G130/><T101/><D32/><U78/><E35/><V63/><F63/><W57/><G125/><T84/><D91/><N who="1" m="55359" /><E83/><V99/><F51/><N who="3" m="27039" /><G67/><T64/><D68/><U73/><E33/><V76/><F109/><W124/><G124/><T11/><D71/><U105/><E105/><V123/><F123/><W117/><G24/><T134/><D134/><U25/><E73/><V8/><F76/><W87/><G13/><N who="0" m="5335" /><D11/><U122/><E122/><V111/><F111/><W131/><G131/><T3/><D3/><U127/><E127/><V23/><F9/><W53/><G60/><T41/><D41/><U135/><E135/><V37/><F37/><W18/><G18/><T5/><D5/><U89/><E100/><V46/><F80/><W92/><G92/><AGARI ba="0,0" hai="22,27,31,64,65,82,84,88,92,98,101" m="5335" machi="92" ten="30,2000,0" yaku="8,1,54,1" doraHai="49" who="0" fromWho="3" sc="240,20,280,0,245,0,235,-20" /><AGARI ba="0,0" hai="4,8,12,15,16,23,28,30,40,46,50,90,92,99" machi="92" ten="40,2600,0" yaku="8,1,54,1" doraHai="49" who="2" fromWho="3" sc="260,0,280,0,245,26,215,-26" /><INIT seed="2,0,0,5,1,36" ten="260,280,271,189" oya="2" hai0="2,129,80,46,102,89,27,126,132,109,10,95,73" hai1="133,23,62,82,94,3,54,107,92,116,34,51,74" hai2="67,135,117,121,128,120,38,86,35,110,31,69,76" hai3="53,48,13,9,17,50,87,8,98,124,5,60,18"/><V45/><F31/><W43/><G124/><T21/><D126/><U66/><E116/><V33/><F86/><W103/><G87/><T55/><D109/><U14/><E107/><V113/><F76/><W93/><G60/><T71/><D71/><U16/><E34/><V4/><F4/><W99/><G53/><T105/><D129/><U84/><E3/><V83/><F83/><W104/><G43/><T118/><D118/><U70/><E74/><V97/><F97/><W101/><REACH who="3" step="1"/><G18/><REACH who="3" ten="260,280,271,179" step="2"/><T123/><D55/><U40/><E40/><V112/><F117/><W56/><G56/><T28/><D46/><U7/><E54/><V15/><F45/><W96/><G96/><T22/><D73/><U39/><E84/><V114/><F114/><W122/><G122/><T20/><D123/><U24/><E16/><V25/><F113/><W125/><G125/><T127/><D127/><U108/><E62/><V100/><F112/><W77/><G77/><T119/><D119/><U32/><E66/><V59/><F67/><W6/><G6/><T1/><D132/><U41/><E7/><V90/><F135/><W63/><G63/><T78/><D78/><U91/><E41/><V12/><F121/><W81/><G81/><T131/><D80/><U42/><E82/><V49/><F59/><W88/><G88/><T68/><D89/><U57/><E91/><V134/><F90/><W79/><G79/><T37/><D68/><U0/><E57/><V65/><F120/><W52/><G52/><T47/><D47/><U75/><E70/><V58/><F69/><W72/><G72/><RYUUKYOKU ba="0,1" sc="260,-10,280,-10,271,-10,179,30" hai3="5,8,9,13,17,48,50,93,98,99,101,103,104" /><INIT seed="3,1,1,0,2,36" ten="250,270,261,209" oya="3" hai0="130,79,55,52,71,27,100,102,67,22,134,96,87" hai1="43,20,97,116,39,25,74,125,120,35,80,108,133" hai2="5,103,101,72,93,6,65,48,122,127,3,84,118" hai3="115,37,40,31,57,59,12,121,17,135,69,19,54"/><W91/><G115/><T81/><D130/><U85/><E85/><V112/><F118/><W110/><G121/><T1/><D1/><U8/><E20/><V82/><F112/><W28/><G69/><T42/><D134/><U2/><E97/><V24/><F72/><W10/><G135/><T129/><D129/><U49/><E49/><V29/><F127/><W98/><G110/><T104/><D100/><U32/><E125/><V34/><F65/><W126/><G126/><T73/><D42/><U11/><E133/><V61/><F61/><W15/><G37/><T70/><D73/><U119/><E11/><V23/><F34/><N who="1" m="12841" /><E25/><V94/><F3/><W109/><G109/><T14/><D14/><U95/><E95/><N who="2" m="36363" /><F122/><W58/><G98/><T16/><REACH who="0" step="1"/><D67/><REACH who="0" ten="240,270,261,209" step="2"/><U7/><E108/><V128/><F128/><W124/><G40/><T60/><D60/><U30/><E120/><V53/><F103/><W45/><G124/><T106/><D106/><U132/><E132/><V44/><F101/><W114/><G114/><T13/><D13/><U50/><E43/><V123/><F123/><W0/><G0/><T76/><D76/><AGARI ba="1,2" hai="5,6,23,24,29,44,48,53,76,82,84" m="36363" machi="76" ten="30,1000,0" yaku="8,1" doraHai="36" who="2" fromWho="0" sc="240,-13,270,0,261,33,209,0" /><INIT seed="4,0,0,4,2,124" ten="227,270,294,209" oya="0" hai0="31,40,132,85,113,21,51,109,49,58,127,69,37" hai1="60,129,98,77,121,44,7,53,29,45,15,64,41" hai2="42,62,13,99,2,61,84,111,133,108,103,6,88" hai3="92,131,56,43,106,39,28,118,122,70,75,23,8"/><T117/><D117/><U74/><E121/><V26/><F2/><W110/><G110/><T63/><D127/><U115/><E29/><V83/><F133/><W55/><G70/><T65/><D109/><U48/><E115/><V120/><F120/><W24/><G118/><T67/><D113/><U36/><E129/><V22/><F42/><W32/><G106/><T76/><D132/><U30/><E30/><N who="2" m="17751" /><F111/><W1/><G75/><T11/><D11/><U86/><E74/><V50/><F50/><W4/><G122/><T17/><D31/><U73/><E73/><V0/><F0/><W116/><G116/><T12/><D65/><U134/><E134/><V125/><F125/><W81/><G81/><T35/><D35/><U68/><E98/><V46/><F46/><W119/><G119/><T33/><D33/><U16/><E7/><V89/><F89/><W66/><G66/><T101/><D101/><U90/><E77/><V87/><F87/><W123/><G123/><T91/><D76/><U100/><E100/><V82/><F82/><W9/><G131/><T20/><D69/><U93/><E93/><N who="2" m="58863" /><F108/><W18/><G92/><N who="0" m="54383" /><D37/><U128/><E128/><V52/><F52/><W135/><G135/><T27/><D40/><U97/><E97/><V80/><F80/><W126/><G126/><T19/><AGARI ba="0,0" hai="12,17,19,20,21,27,49,51,58,63,67" m="54383" machi="19" ten="30,1500,0" yaku="8,1" doraHai="124" who="0" fromWho="0" sc="227,15,270,-5,294,-5,209,-5" /><INIT seed="4,1,0,1,3,18" ten="242,265,289,204" oya="0" hai0="40,7,36,123,52,103,19,119,88,3,42,98,60" hai1="17,49,100,2,62,21,9,33,102,43,81,28,67" hai2="10,47,94,95,29,122,34,73,30,15,1,58,0" hai3="44,75,117,38,121,101,93,125,63,23,99,78,112"/><T96/><D119/><U90/><E33/><V41/><F73/><W4/><G117/><T85/><D123/><U54/><E28/><N who="2" m="10859" /><F34/><W83/><G112/><T71/><D3/><U46/><E9/><V87/><F1/><W64/><G4/><T82/><D7/><U129/><E2/><V132/><F0/><W118/><G118/><T104/><D36/><U92/><E81/><V106/><F106/><W25/><G121/><T77/><D19/><U68/><E129/><V114/><F114/><W50/><G38/><T86/><D98/><U59/><E68/><V57/><F132/><W24/><G125/><T124/><D124/><U14/><E43/><V16/><F122/><W11/><G11/><T69/><D69/><U48/><E48/><N who="2" m="26735" /><F87/><AGARI ba="1,0" hai="14,17,21,46,49,54,59,62,67,87,90,92,100,102" machi="87" ten="30,3900,0" yaku="7,1,8,1,52,1" doraHai="18" who="1" fromWho="2" sc="242,0,265,42,289,-42,204,0" owari="242,-16.0,307,41.0,247,5.0,204,-30.0" /></mjloggm>