<mjloggm ver="2.3"><GO type="97" lobby="0"/><UN n0="%E2%97%86%E7%A5%9E%E7%AB%9C%E2%97%86" n1="%E5%B0%B1%E6%B4%BB%E7%94%9F%40%E5%B7%9D%E6%9D%91%E8%BB%8D%E5%9B%A3" n2="%E7%A5%9E%E5%87%AA%E5%B0%8F%E8%92%94" n3="%E3%81%95%E3%81%A3%E3%81%95%E3%81%A8%E3%82%84%E3%82%8C" dan="13,15,14,14" rate="1859.30,1979.28,1933.61,1960.24" sx="M,M,M,M"/><TAIKYOKU oya="0"/><INIT seed="0,0,0,0,0,109" ten="250,250,250,250" oya="0" hai0="129,45,32,17,25,44,12,85,62,134,15,132,70" hai1="71,64,77,11,128,94,103,39,9,13,29,135,50" hai2="130,120,46,105,108,1,21,124,118,20,65,7,63" hai3="60,74,10,66,68,86,113,115,33,93,111,22,81"/><T100/><D129/><U121/><E39/><V36/><F7/><W34/><G22/><T30/><D100/><U58/><E121/><V75/><F21/><W88/><G10/><N who="0" m="6295" /><D15/><U122/><E71/><V5/><F5/><W73/><G111/><T127/><D85/><U133/><E122/><V18/><F18/><W79/><REACH who="3" step="1"/><G74/><REACH who="3" ten="250,250,250,240" step="2"/><T59/><D127/><U31/><E11/><V84/><F20/><W99/><G99/><T51/><D70/><U95/><E9/><V67/><F75/><W0/><G0/><T83/><D83/><U4/><E31/><V19/><F108/><W92/><G92/><T106/><D106/><U49/><E94/><V38/><F105/><W52/><G52/><N who="0" m="32159" /><D62/><U55/><E95/><V16/><F63/><W125/><G125/><T53/><D53/><U131/><E29/><V96/><F124/><W24/><G24/><T119/><D119/><U101/><E55/><V47/><F118/><W110/><G110/><T107/><D107/><U35/><E35/><AGARI ba="0,1" hai="33,34,35,60,66,68,73,79,81,86,88,93,113,115" machi="35" ten="40,8000,1" yaku="1,1,52,2,54,1,53,0" doraHai="109" doraHaiUra="48" who="3" fromWho="1" sc="250,0,250,-80,250,0,240,90" /><INIT seed="1,0,0,5,0,41" ten="250,170,250,330" oya="1" hai0="22,87,94,31,106,5,100,62,97,114,88,96,98" hai1="117,6,58,20,37,82,76,33,12,70,134,123,45" hai2="120,127,0,32,46,113,16,83,79,11,49,99,129" hai3="135,75,102,55,64,28,104,115,57,30,95,78,105"/><U13/><E123/><V63/><F32/><W112/><G64/><T107/><D114/><U121/><E70/><V9/><F120/><W72/><G95/><T74/><D5/><U101/><E33/><V124/><F129/><W7/><G7/><T1/><D1/><U80/><E121/><V59/><F99/><W90/><G90/><T36/><D36/><U51/><E117/><V29/><F29/><W68/><G68/><T130/><D74/><U21/><E134/><V122/><F122/><W61/><G135/><T4/><D4/><U54/><E101/><V126/><F113/><W52/><G102/><T131/><D62/><N who="1" m="36183" /><E37/><V42/><F0/><W85/><G85/><T108/><D100/><U89/><E89/><V18/><F83/><N who="1" m="31785" /><E76/><V25/><F79/><W128/><G78/><T35/><D35/><U91/><E91/><V60/><F60/><W69/><G61/><T71/><D71/><U39/><E39/><V110/><F63/><W10/><G69/><T50/><D106/><U15/><E6/><V67/><F67/><W48/><G57/><T19/><D107/><U132/><E132/><V53/><F59/><W73/><G75/><T24/><D130/><U56/><E56/><V77/><F77/><W65/><G65/><T118/><D131/><U17/><E17/><V103/><F18/><W40/><G128/><T125/><D118/><U47/><E51/><V14/><F49/><W116/><G48/><T3/><D50/><U27/><E27/><V133/><F25/><W119/><G40/><T43/><D43/><U44/><AGARI ba="0,0" hai="12,13,15,20,21,44,45,47" m="31785,36183" machi="44" ten="40,12000,1" yaku="8,1,52,3" doraHai="41" who="1" fromWho="1" sc="250,-40,170,120,250,-40,330,-40" /><INIT seed="1,1,0,4,3,9" ten="210,290,210,290" oya="1" hai0="29,64,21,75,105,61,85,6,38,108,128,45,19" hai1="93,3,100,18,51,127,67,87,4,13,126,65,66" hai2="20,36,92,89,58,102,76,81,52,16,104,27,69" hai3="43,34,77,55,82,129,48,95,90,0,23,11,86"/><U73/><E3/><V109/><F69/><W12/><G129/><T78/><D108/><U125/><E73/><V62/><F36/><W112/><G34/><T99/><D75/><U25/><E4/><V135/><F135/><W111/><G112/><T83/><D6/><U53/><E25/><V30/><F109/><W60/><G0/><T8/><D29/><U97/><E87/><N who="2" m="48551" /><F104/><W7/><G111/><T32/><D8/><N who="1" m="6439" /><E67/><V42/><F42/><W79/><G60/><T15/><D32/><U72/><E72/><V57/><F57/><AGARI ba="1,0" hai="51,53,57,65,66,93,97,100,125,126,127" m="6439" machi="57" ten="30,2900,0" yaku="18,1,52,1" doraHai="9" who="1" fromWho="2" sc="210,0,290,32,210,-32,290,0" /><INIT seed="1,2,0,5,5,89" ten="210,322,178,290" oya="1" hai0="11,134,23,112,132,2,26,59,67,57,38,108,29" hai1="120,17,39,115,32,48,7,8,53,70,125,83,111" hai2="77,118,110,56,81,69,131,62,80,122,86,18,129" hai3="14,54,73,72,126,65,3,82,107,58,64,10,40"/><U135/><E39/><V49/><F118/><W79/><G126/><T36/><D112/><U22/><E70/><V9/><F122/><W113/><G73/><T71/><D108/><U106/><E32/><V102/><F110/><W12/><G113/><T66/><D71/><U91/><E106/><V42/><F102/><W88/><G107/><T15/><D2/><U30/><E30/><V52/><F18/><W119/><G14/><T95/><D36/><U97/><E120/><V44/><F9/><W93/><G40/><T5/><D38/><U33/><E115/><V51/><F81/><W19/><G3/><T117/><D117/><U96/><E33/><V130/><REACH who="2" step="1"/><F69/><REACH who="2" ten="210,322,168,290" step="2"/><W105/><G119/><T109/><D109/><U50/><E111/><V84/><F84/><W76/><G76/><T123/><D123/><U21/><E125/><V128/><N who="2" m="33280" /><DORA hai="103" /><V61/><AGARI ba="2,1" hai="42,44,49,51,52,56,61,62,77,80,86" m="33280" machi="61" ten="60,12000,2" yaku="1,1,4,1,0,1,19,1,54,1,53,1" doraHai="89,103" doraHaiUra="55,0" who="2" fromWho="2" sc="210,-32,322,-62,168,136,290,-32" /><INIT seed="2,0,0,3,1,35" ten="178,260,304,258" oya="2" hai0="47,23,73,106,36,125,98,60,20,7,2,59,34" hai1="100,58,44,102,90,9,24,57,52,40,93,38,14" hai2="19,18,51,26,11,79,66,114,112,123,74,10,130" hai3="88,109,45,71,33,126,92,131,1,78,13,25,132"/><V37/><F37/><W46/><G132/><T135/><D34/><U69/><E69/><V124/><F79/><W91/><G126/><T84/><D135/><U104/><E104/><V8/><F74/><W48/><G131/><T29/><D73/><U49/><E24/><V5/><F66/><W96/><G71/><T85/><D125/><U77/><E77/><V16/><F51/><W117/><G109/><T116/><D116/><U17/><REACH who="1" step="1"/><E58/><REACH who="1" ten="178,250,304,258" step="2"/><V68/><F68/><W27/><G78/><T43/><D29/><U107/><E107/><V94/><F26/><W134/><G134/><T97/><D106/><U122/><E122/><V21/><F123/><W115/><G117/><T127/><D127/><U67/><E67/><V0/><F124/><W110/><G110/><T128/><D128/><U83/><E83/><V22/><F130/><W28/><G115/><N who="2" m="44073" /><F94/><W55/><G27/><T50/><D36/><U3/><E3/><V64/><F64/><W81/><G13/><T95/><D59/><U129/><E129/><V101/><F101/><W31/><G31/><T4/><D2/><U41/><E41/><V108/><F108/><W65/><G65/><T133/><D133/><U30/><E30/><V119/><F119/><W121/><G121/><T15/><D95/><U62/><E62/><V72/><F72/><W32/><G1/><T75/><D60/><U80/><E80/><V82/><F82/><W87/><REACH who="3" step="1"/><G33/><REACH who="3" ten="178,250,304,248" step="2"/><T120/><D120/><U86/><AGARI ba="0,2" hai="9,14,17,38,40,44,49,52,57,86,90,93,100,102" machi="86" ten="20,8000,1" yaku="1,1,0,1,7,1,54,1,53,1" doraHai="35" doraHaiUra="6" who="1" fromWho="1" sc="178,-20,250,100,304,-40,248,-20" /><INIT seed="3,0,0,1,4,49" ten="158,350,264,228" oya="3" hai0="79,23,115,133,3,111,41,77,95,87,10,89,93" hai1="53,4,125,59,112,78,22,27,70,98,52,116,39" hai2="91,86,58,17,75,100,131,92,121,123,29,99,124" hai3="60,48,106,71,67,0,118,66,2,24,55,132,127"/><W35/><G118/><T47/><D111/><U88/><E70/><V20/><F29/><W80/><G127/><T83/><D115/><U16/><E39/><V104/><F131/><W120/><G120/><T30/><D133/><U134/><E116/><V42/><F124/><W109/><G80/><T130/><D130/><U25/><E134/><V46/><F75/><W61/><G109/><T119/><D119/><U65/><E78/><V63/><F46/><W1/><G132/><T74/><D77/><U126/><E4/><V110/><F42/><W105/><G48/><T44/><D44/><U19/><E112/><V21/><F110/><W38/><G38/><T64/><D64/><U43/><E43/><V6/><F6/><W57/><REACH who="3" step="1"/><G67/><REACH who="3" ten="158,350,264,218" step="2"/><T62/><D62/><N who="1" m="38111" /><E125/><V82/><F123/><W101/><G101/><T129/><D129/><U69/><E126/><V9/><F121/><W97/><G97/><T94/><D83/><U72/><E72/><V15/><REACH who="2" step="1"/><F104/><REACH who="2" ten="158,350,254,218" step="2"/><W84/><G84/><T54/><D87/><U8/><E98/><V5/><F5/><W26/><G26/><T68/><D74/><U31/><E27/><V32/><F32/><W36/><G36/><T117/><D117/><U50/><E25/><V51/><F51/><W85/><G85/><T135/><D135/><U11/><E50/><V81/><F81/><W73/><G73/><T103/><D103/><U12/><E31/><AGARI ba="0,2" hai="0,1,2,24,31,35,55,57,60,61,66,71,105,106" machi="31" ten="40,3900,0" yaku="1,1,52,1,53,0" doraHai="49" doraHaiUra="90" who="3" fromWho="1" sc="158,0,350,-39,254,0,218,59" /><INIT seed="3,1,0,2,4,101" ten="158,311,254,277" oya="3" hai0="116,114,18,132,35,53,127,125,90,67,73,78,20" hai1="44,13,120,41,7,86,29,128,4,95,91,51,56" hai2="48,60,40,130,68,77,9,79,89,96,126,1,94" hai3="82,99,17,80,15,70,28,97,26,59,119,85,45"/><W22/><G70/><T62/><D116/><U55/><E120/><V118/><F118/><W36/><G119/><T2/><D2/><U123/><E123/><V103/><F126/><W64/><G82/><T3/><D3/><U54/><E128/><V24/><F130/><W71/><G71/><T30/><D35/><U129/><E129/><V72/><F24/><W8/><G45/><T57/><D30/><U81/><E29/><V32/><F32/><W76/><REACH who="3" step="1"/><G36/><REACH who="3" ten="158,311,254,267" step="2"/><T11/><D114/><U49/><E13/><V100/><F68/><W102/><G102/><T37/><D37/><U10/><E10/><V38/><F103/><W12/><G12/><T134/><D11/><U46/><E81/><V61/><F38/><AGARI ba="1,1" hai="4,7,38,41,44,46,49,51,54,55,56,86,91,95" machi="38" ten="30,1000,0" yaku="7,1" doraHai="101" who="1" fromWho="2" sc="158,0,311,23,254,-13,267,0" owari="158,-34.0,334,43.0,241,-16.0,267,7.0" /></mjloggm>