<mjloggm ver="2.3"><GO type="169" lobby="0"/><UN n0="%E3%81%93%E3%82%8C%E3%81%AF%E6%95%99%E8%82%B2%E3%82%84%E3%82%8D%E3%81%AA" n1="%55%4E%4B%4F%63%68%61%6E" n2="%E3%83%9A%E3%83%81%E3%83%A7%E3%83%BC%E3%83%AA%E3%83%B3" n3="%E3%82%A6%E3%83%AB%E3%83%88%E3%83%A9%E7%AB%8B%E7%9B%B4" dan="16,16,16,18" rate="2067.05,2157.23,2099.57,2224.23" sx="M,M,M,M"/><TAIKYOKU oya="0"/><INIT seed="0,0,0,3,2,118" ten="250,250,250,250" oya="0" hai0="38,6,70,15,124,41,116,34,83,84,100,109,128" hai1="61,50,89,107,129,17,133,54,57,3,108,121,7" hai2="31,75,62,72,120,88,47,46,86,125,53,11,52" hai3="132,122,117,111,93,91,44,49,36,21,60,115,73"/><T99/><D70/><U123/><E107/><V55/><F125/><W14/><G117/><T71/><D34/><U78/><E78/><V8/><F31/><W64/><G115/><T135/><D71/><U97/><E108/><V81/><F120/><W33/><G33/><T22/><D124/><U2/><E129/><V9/><REACH who="2" step="1"/><F62/><REACH who="2" ten="250,250,240,250" step="2"/><W40/><G122/><T42/><D116/><U28/><E28/><V76/><F76/><W102/><G60/><T113/><D113/><U10/><E133/><V23/><F23/><W48/><G21/><T5/><D22/><U56/><E3/><V85/><F85/><W16/><G132/><T101/><D84/><U20/><E97/><V67/><F67/><W58/><G64/><T32/><D99/><U0/><E0/><V63/><F63/><W25/><G73/><AGARI ba="0,1" hai="8,9,11,46,47,52,53,55,72,73,75,81,86,88" machi="73" ten="50,8000,1" yaku="1,1,54,2,53,1" doraHai="118" doraHaiUra="87" who="2" fromWho="3" sc="250,0,250,0,240,90,250,-80" /><INIT seed="1,0,0,1,3,105" ten="250,250,330,170" oya="1" hai0="101,129,114,53,104,99,30,106,102,90,24,0,38" hai1="81,70,46,18,37,134,43,10,80,20,17,120,89" hai2="8,45,116,3,118,44,7,14,83,84,36,50,11" hai3="135,60,21,100,35,131,62,119,127,122,125,16,31"/><U59/><E70/><V1/><F36/><W47/><G122/><T32/><D114/><U110/><E120/><V95/><F95/><W88/><G119/><T68/><D38/><U67/><E134/><V51/><F51/><W86/><G100/><T87/><D0/><U92/><E110/><V19/><F3/><W55/><G135/><T54/><D129/><U107/><E107/><V85/><F85/><W112/><G112/><T66/><D102/><U13/><E67/><V130/><F45/><W65/><G31/><T15/><D15/><U77/><E59/><V28/><F28/><W12/><G35/><T111/><D111/><U61/><E61/><V56/><F56/><W82/><G131/><T117/><D106/><U109/><E77/><V57/><F57/><W113/><G113/><T29/><D29/><U97/><REACH who="1" step="1"/><E109/><REACH who="1" ten="250,240,330,170" step="2"/><V27/><F130/><W58/><G62/><N who="0" m="40023" /><D117/><U74/><E74/><V39/><F118/><W103/><G103/><T25/><D101/><U133/><E133/><V121/><F116/><W52/><G47/><T108/><D108/><U22/><E22/><V96/><F44/><W124/><AGARI ba="0,1" hai="12,16,21,52,55,58,60,65,82,86,88,124,125,127" machi="124" ten="30,8000,1" yaku="0,1,18,1,54,3" doraHai="105" who="3" fromWho="3" sc="250,-20,240,-40,330,-20,170,90" /><INIT seed="2,0,0,4,1,28" ten="230,200,310,260" oya="2" hai0="33,135,3,21,130,14,89,64,66,79,93,96,70" hai1="52,43,67,83,82,109,5,102,128,36,122,2,76" hai2="6,97,45,49,90,103,58,113,125,20,74,81,111" hai3="75,25,27,117,94,34,133,54,56,11,39,131,126"/><V108/><F113/><W80/><G117/><T38/><D38/><U10/><E109/><N who="2" m="42059" /><F125/><W48/><G126/><T0/><D135/><U121/><E128/><V35/><F6/><W7/><G133/><T19/><D130/><U41/><E102/><V30/><F20/><W62/><G39/><T95/><D79/><U40/><E67/><V18/><F18/><W120/><G120/><N who="1" m="46186" /><E36/><V57/><F90/><W72/><G25/><T1/><D70/><U106/><E106/><N who="2" m="63855" /><F81/><W55/><G80/><T112/><D112/><U132/><E132/><V84/><F84/><W16/><G94/><T47/><D95/><U99/><E99/><V77/><F77/><W100/><G100/><T51/><D93/><U86/><E82/><V22/><F22/><W50/><G131/><T114/><D114/><U60/><E86/><V124/><F74/><W115/><G115/><T129/><D129/><U101/><E101/><V107/><F107/><W105/><G105/><T12/><D96/><U63/><E83/><V13/><F13/><W118/><G75/><T53/><D14/><U29/><E76/><V9/><F9/><W15/><G72/><T8/><D8/><U116/><E10/><V88/><F88/><W68/><G7/><T98/><D98/><U44/><E5/><V46/><F124/><W110/><G110/><T65/><D89/><U4/><E4/><V69/><F69/><W71/><G71/><T24/><D12/><U26/><E2/><V73/><F73/><W91/><G68/><T37/><D37/><U123/><E123/><V78/><F78/><W87/><G11/><RYUUKYOKU ba="0,0" sc="230,30,200,-10,310,-10,260,-10" hai0="0,1,3,19,21,24,33,47,51,53,64,65,66" /><INIT seed="3,1,0,5,2,72" ten="260,190,300,250" oya="3" hai0="82,58,107,97,133,50,102,124,79,122,15,54,109" hai1="41,34,31,106,134,21,135,103,13,90,70,49,118" hai2="6,57,120,95,87,88,2,25,8,91,116,92,14" hai3="131,5,84,98,128,129,47,61,22,115,44,73,16"/><W30/><G73/><T100/><D122/><U40/><E70/><V0/><F116/><W11/><G115/><T94/><D109/><U113/><E113/><V110/><F110/><W80/><G98/><T105/><D133/><N who="1" m="50699" /><E118/><V43/><F43/><W63/><G30/><T76/><D124/><U53/><E90/><V71/><F71/><W10/><G61/><T86/><D100/><U68/><E68/><V132/><F132/><W26/><G63/><T121/><D121/><U33/><E13/><V27/><F120/><W81/><G81/><T96/><D96/><N who="1" m="61799" /><E21/><V69/><F69/><W36/><G36/><T65/><D65/><U24/><E34/><V64/><F64/><W56/><G56/><AGARI ba="1,0" hai="24,31,33,40,41,49,53,56" m="61799,50699" machi="56" ten="30,1000,0" yaku="20,1" doraHai="72" who="1" fromWho="3" sc="260,0,190,13,300,0,250,-13" /><INIT seed="4,0,0,3,2,50" ten="260,203,300,237" oya="0" hai0="120,84,35,2,93,132,8,71,60,38,14,126,45" hai1="21,102,103,113,108,53,119,91,55,114,100,4,48" hai2="66,23,78,106,67,59,130,87,81,9,74,70,44" hai3="57,31,127,95,133,13,61,12,20,27,56,40,52"/><T122/><D35/><U104/><E108/><V111/><F106/><W115/><G127/><T58/><D2/><U86/><E119/><V43/><F130/><W41/><G115/><N who="1" m="44042" /><E104/><V36/><F111/><W101/><G133/><T85/><D71/><U17/><E4/><V62/><F9/><W7/><G57/><T112/><D112/><U118/><E48/><V92/><F23/><W33/><G33/><T82/><D132/><U18/><E118/><V99/><F70/><W98/><G7/><T46/><D126/><U107/><E107/><V11/><F11/><W125/><G125/><T89/><D38/><U77/><E77/><V6/><F6/><W80/><G80/><T69/><D69/><U128/><E128/><V24/><F24/><W121/><G121/><T10/><D10/><U88/><E18/><V117/><F117/><W68/><G68/><T49/><D122/><U63/><E63/><V1/><F1/><W54/><G54/><N who="1" m="20490" /><E86/><V19/><F19/><W15/><AGARI ba="0,0" hai="12,13,15,20,27,31,40,41,52,56,61,95,98,101" machi="15" ten="30,7900,0" yaku="0,1,8,1,52,1,54,1" doraHai="50" who="3" fromWho="3" sc="260,-39,203,-20,300,-20,237,79" /><INIT seed="5,0,0,4,5,117" ten="221,183,280,316" oya="1" hai0="71,90,68,88,43,17,108,85,120,64,86,95,98" hai1="39,115,70,110,62,128,104,23,28,47,118,22,67" hai2="107,9,94,45,29,19,3,14,103,50,48,25,20" hai3="92,122,69,0,135,16,4,53,13,56,102,125,114"/><U65/><E118/><V55/><F107/><W15/><G69/><T82/><D108/><U46/><E110/><V5/><F103/><W2/><G122/><T10/><D120/><U127/><E127/><V134/><F134/><W121/><G121/><T100/><D43/><U93/><E104/><V76/><F76/><W91/><G102/><T33/><D33/><U74/><E74/><V59/><F94/><W1/><G114/><T8/><D64/><U37/><E115/><V44/><REACH who="2" step="1"/><F50/><REACH who="2" ten="221,183,270,316" step="2"/><W72/><G135/><T126/><D126/><U111/><E93/><V83/><F83/><W133/><G133/><T6/><D100/><U99/><E111/><V63/><F63/><W57/><G92/><T34/><D98/><U38/><E99/><V89/><F89/><W52/><G91/><T81/><D95/><U77/><E77/><V11/><AGARI ba="0,1" hai="3,5,9,11,14,19,20,25,29,44,45,48,55,59" machi="11" ten="20,2700,0" yaku="1,1,0,1,7,1,53,0" doraHai="117" doraHaiUra="124" who="2" fromWho="2" sc="221,-7,183,-13,270,37,316,-7" /><INIT seed="6,0,0,4,5,14" ten="214,170,307,309" oya="2" hai0="119,72,70,84,66,49,81,90,73,35,135,75,108" hai1="120,107,99,57,23,126,53,24,32,95,41,12,83" hai2="118,132,123,51,102,86,124,74,103,105,43,62,47" hai3="82,115,68,80,40,101,121,27,133,76,112,15,60"/><V34/><F34/><W64/><G121/><T59/><D35/><U65/><E120/><V11/><F74/><W0/><G0/><T17/><D108/><U87/><E126/><V6/><F123/><W131/><G27/><T130/><D135/><U71/><E107/><V92/><F124/><W78/><G101/><T7/><D7/><U36/><E32/><V94/><F132/><W1/><G1/><T100/><D130/><U96/><E12/><V134/><F105/><W50/><G131/><T3/><D3/><U2/><E2/><V56/><F134/><W125/><G125/><T106/><D119/><U67/><E71/><V98/><F118/><W63/><G63/><T9/><D70/><U61/><E41/><V29/><F29/><W22/><G133/><T26/><D100/><U18/><E36/><V111/><F111/><W129/><G129/><T77/><D106/><U91/><REACH who="1" step="1"/><E99/><REACH who="1" ten="214,160,307,309" step="2"/><V127/><F127/><W85/><G15/><N who="0" m="7407" /><D26/><U46/><E46/><V10/><F98/><W114/><G114/><T88/><D75/><U8/><E8/><V109/><F10/><W89/><G115/><T58/><D73/><U55/><E55/><V21/><F11/><W19/><G112/><T42/><D72/><U28/><E28/><V52/><F47/><W37/><G37/><T44/><D59/><U69/><E69/><V122/><F43/><W97/><G40/><T48/><D66/><U128/><E128/><V113/><F56/><W93/><G64/><T4/><D4/><U45/><E45/><V110/><F113/><W33/><G68/><T79/><D58/><RYUUKYOKU ba="0,1" sc="214,-10,160,30,307,-10,309,-10" hai1="18,23,24,53,57,61,65,67,83,87,91,95,96" /><INIT seed="7,1,1,2,4,131" ten="204,190,297,299" oya="3" hai0="120,50,78,76,81,29,116,110,4,2,133,62,84" hai1="85,92,97,47,91,96,93,46,5,13,18,79,6" hai2="57,67,53,35,127,107,121,111,24,21,0,119,17" hai3="52,43,130,88,19,33,125,64,68,71,82,23,106"/><W56/><G106/><T60/><D120/><U135/><E135/><V99/><F0/><W129/><G33/><T109/><D116/><U72/><E72/><V37/><F37/><W105/><G105/><T66/><D78/><U14/><E79/><V28/><F111/><W16/><G43/><T42/><D133/><U124/><E124/><V12/><F119/><W112/><G64/><T38/><D29/><U123/><E123/><V55/><F127/><W94/><G82/><T32/><D32/><U69/><E69/><V3/><F3/><W63/><G19/><T122/><D122/><U113/><E113/><V77/><F77/><W95/><G95/><T20/><D20/><N who="1" m="11343" /><E96/><V9/><F121/><W74/><G74/><T75/><D66/><U90/><E14/><V70/><F9/><W45/><G112/><T126/><D75/><U27/><E27/><V26/><F26/><N who="3" m="14695" /><G45/><AGARI ba="1,1" hai="5,6,45,46,47,85,90,91,92,93,97" m="11343" machi="45" ten="30,1000,0" yaku="8,1" doraHai="131" who="1" fromWho="3" sc="204,0,190,23,297,0,299,-13" /><INIT seed="8,0,0,5,4,48" ten="204,213,297,286" oya="0" hai0="9,84,2,35,76,80,92,18,49,108,63,28,121" hai1="131,32,0,122,60,70,115,14,133,27,52,59,111" hai2="68,64,119,114,29,93,110,7,54,11,74,77,39" hai3="130,55,87,134,89,47,13,85,65,33,38,24,12"/><T31/><D121/><U6/><E111/><V86/><F39/><W116/><G65/><T94/><D108/><U112/><E122/><V125/><F29/><N who="0" m="11338" /><D35/><U118/><E32/><V10/><F110/><W45/><G24/><T69/><D2/><U79/><E27/><V107/><F107/><W91/><G33/><T46/><D63/><U75/><E0/><V78/><F10/><W123/><G38/><T62/><D62/><U101/><E131/><V36/><F36/><W113/><G113/><N who="1" m="43594" /><E133/><V81/><F114/><W30/><G30/><T34/><D69/><U17/><E6/><V120/><F64/><W40/><G134/><T53/><D34/><U1/><E1/><V19/><F68/><W135/><G135/><T90/><D76/><U57/><E101/><V43/><F43/><W99/><G130/><T72/><D72/><U95/><E79/><V25/><F77/><W50/><G123/><T83/><D83/><U15/><E75/><V109/><F81/><W22/><G40/><T61/><D61/><N who="1" m="36007" /><E70/><V44/><F78/><W96/><G50/><T82/><D82/><U129/><E129/><V23/><F74/><W127/><G89/><T106/><D106/><U104/><E104/><V5/><F109/><W3/><G91/><T8/><D8/><U56/><E60/><V124/><F11/><W126/><G3/><T66/><D66/><U97/><E95/><V41/><F120/><W103/><G103/><T117/><D117/><U132/><E118/><V20/><F119/><W67/><G116/><T100/><D100/><U4/><E132/><V98/><F93/><RYUUKYOKU ba="0,0" sc="204,30,213,-10,297,-10,286,-10" hai0="9,18,46,49,53,80,84,90,92,94" /><INIT seed="8,1,0,1,0,59" ten="234,203,287,276" oya="0" hai0="18,8,118,109,95,104,60,108,87,70,43,35,33" hai1="83,24,110,44,84,31,28,21,1,79,51,42,72" hai2="122,71,65,126,50,128,77,127,68,20,90,112,22" hai3="80,114,132,45,103,97,47,29,123,5,101,74,81"/><T49/><D104/><U11/><E110/><N who="0" m="42601" /><D118/><U13/><E1/><V85/><F122/><W53/><G114/><T82/><D95/><U78/><E72/><V94/><F112/><W57/><G132/><T6/><D18/><N who="1" m="12343" /><E78/><V63/><F128/><W69/><G69/><T26/><D26/><U93/><E93/><V92/><F71/><W46/><G74/><T107/><D107/><U15/><E15/><V27/><F77/><W9/><G29/><T106/><D106/><U30/><E30/><V7/><F7/><AGARI ba="1,0" hai="7,11,13,28,31,42,44,51,79,83,84" m="12343" machi="7" ten="30,2000,0" yaku="25,1,8,1" doraHai="59" who="1" fromWho="2" sc="234,0,203,23,287,-23,276,0" /><INIT seed="9,0,0,4,3,97" ten="234,226,264,276" oya="1" hai0="43,37,103,80,116,93,119,4,120,89,10,95,111" hai1="126,50,32,38,85,17,52,94,48,118,30,124,7" hai2="20,26,92,132,76,72,14,8,15,24,9,34,108" hai3="117,91,19,86,45,46,88,78,22,42,57,107,62"/><U59/><E38/><V98/><F108/><W33/><G33/><T102/><D111/><U68/><E118/><N who="0" m="45097" /><D43/><U82/><E68/><V81/><F132/><W79/><G107/><T84/><D37/><U54/><E7/><V115/><F115/><W74/><G74/><T23/><D23/><U77/><E17/><V53/><F34/><W44/><G42/><T134/><D134/><U123/><E123/><V40/><F40/><W51/><G51/><T133/><D120/><U109/><E109/><V28/><F26/><W70/><G70/><T55/><D55/><U129/><E129/><V39/><F39/><W31/><G31/><T130/><D130/><U104/><E104/><V12/><REACH who="2" step="1"/><F53/><REACH who="2" ten="234,226,254,276" step="2"/><N who="3" m="34095" /><G117/><T135/><D133/><U113/><E113/><V110/><F110/><W71/><G71/><T112/><D112/><U87/><E32/><V16/><F16/><W121/><G121/><T47/><D135/><U13/><E30/><V27/><F27/><N who="3" m="14815" /><G91/><AGARI ba="0,1" hai="8,9,12,14,15,20,24,28,72,76,81,91,92,98" machi="91" ten="40,1300,0" yaku="1,1,53,0" doraHai="97" doraHaiUra="65" who="2" fromWho="3" sc="234,0,226,0,254,23,276,-13" /><INIT seed="10,0,0,4,5,55" ten="234,226,277,263" oya="2" hai0="34,134,3,39,115,89,6,62,72,121,15,96,11" hai1="41,14,118,68,117,50,90,53,8,78,135,22,71" hai2="56,31,87,30,65,66,45,7,127,36,114,42,77" hai3="20,110,23,2,116,4,97,91,27,100,63,103,0"/><V80/><F114/><W108/><G116/><N who="1" m="44650" /><E135/><V79/><F127/><W69/><G91/><T47/><D121/><U58/><E78/><V64/><F7/><W18/><G100/><T120/><D120/><U98/><E22/><V133/><F133/><W32/><G32/><T59/><D34/><U38/><E38/><V28/><REACH who="2" step="1"/><F79/><REACH who="2" ten="234,226,267,263" step="2"/><W101/><G4/><T61/><D6/><N who="1" m="3351" /><E41/><V83/><F83/><W109/><G110/><T51/><D115/><U16/><E16/><V125/><F125/><W84/><G18/><T52/><D134/><U95/><AGARI ba="0,1" hai="50,53,58,68,71,90,95,98" m="3351,44650" machi="95" ten="30,2000,0" yaku="16,1,52,1" doraHai="55" who="1" fromWho="1" sc="234,-5,226,30,267,-10,263,-5" /><INIT seed="11,0,0,5,2,22" ten="229,256,257,258" oya="3" hai0="91,41,23,101,78,111,62,134,7,106,28,5,0" hai1="25,40,21,29,68,110,53,93,70,2,126,50,90" hai2="39,19,96,26,63,58,9,98,54,56,100,132,15" hai3="103,37,135,125,69,79,92,57,114,117,13,81,75"/><W3/><G3/><T119/><D111/><U65/><E110/><V11/><F39/><W87/><G69/><T4/><D0/><U131/><E2/><V89/><F132/><W51/><G37/><T32/><D32/><U20/><E65/><V85/><F11/><W64/><G114/><T76/><D134/><U36/><E126/><V99/><F56/><W17/><G117/><T1/><D1/><U66/><E66/><V72/><F72/><W83/><G125/><T46/><D101/><U44/><E20/><V129/><F129/><W102/><G135/><T60/><D106/><U55/><E131/><V38/><F38/><W30/><G30/><T52/><D91/><U130/><E130/><V120/><F120/><W16/><G17/><T43/><D119/><U118/><E118/><V127/><F127/><W82/><G92/><T77/><D28/><U48/><E36/><V71/><F71/><W105/><G105/><T94/><D94/><U121/><E40/><N who="0" m="15433" /><D23/><U49/><E49/><AGARI ba="0,0" hai="4,5,7,46,49,52,60,62,76,77,78" m="15433" machi="49" ten="40,8000,1" yaku="26,2,8,1,54,1" doraHai="22" who="0" fromWho="1" sc="229,80,256,-80,257,0,258,0" owari="309,40.0,176,-32.0,257,-14.0,258,6.0" /></mjloggm>