<mjloggm ver="2.3"><GO type="169" lobby="0"/><UN n0="%E3%82%A6%E3%83%AB%E3%83%88%E3%83%A9%E7%AB%8B%E7%9B%B4" n1="%E3%81%BE%E3%81%BF%E3%81%AD%E3%81%93" n2="%69%73%63%6F%70%65" n3="%E8%B1%9A" dan="16,16,16,17" rate="2161.34,2112.84,2092.47,2158.21" sx="M,F,M,F"/><TAIKYOKU oya="0"/><INIT seed="0,0,0,3,0,36" ten="250,250,250,250" oya="0" hai0="60,89,113,83,104,71,54,38,32,30,112,65,58" hai1="33,95,126,78,134,103,8,3,52,125,2,130,84" hai2="73,43,64,127,96,63,120,133,69,15,7,118,42" hai3="53,80,115,6,106,91,1,57,114,119,5,18,27"/><T85/><D104/><U97/><E33/><V108/><F120/><W72/><G106/><T87/><D32/><U92/><E134/><V22/><F73/><W61/><G119/><T17/><D30/><U100/><E130/><V46/><F133/><W55/><G1/><T9/><D38/><U0/><E8/><V62/><F118/><W29/><G18/><T124/><D124/><N who="1" m="47723" /><E52/><V110/><F127/><W31/><G53/><T35/><D35/><U56/><E56/><V107/><F46/><W4/><G115/><T131/><D131/><U90/><E78/><V135/><F135/><W21/><G114/><T99/><D99/><U37/><E37/><V132/><F132/><W129/><G129/><T74/><D74/><U49/><E49/><V105/><F105/><W59/><G59/><T13/><REACH who="0" step="1"/><D87/><REACH who="0" ten="240,250,250,250" step="2"/><U93/><E103/><V101/><F110/><W75/><G75/><T48/><AGARI ba="0,1" hai="9,13,17,48,54,58,60,65,71,83,85,89,112,113" machi="48" ten="20,7800,0" yaku="1,1,2,1,0,1,7,1,53,0" doraHai="36" doraHaiUra="24" who="0" fromWho="0" sc="240,88,250,-26,250,-26,250,-26" /><INIT seed="0,1,0,3,0,69" ten="328,224,224,224" oya="0" hai0="46,36,92,123,100,81,130,95,87,61,126,34,33" hai1="8,70,10,6,55,122,135,18,25,133,68,47,121" hai2="98,63,82,26,104,89,28,131,22,116,58,39,112" hai3="57,19,125,79,115,29,20,4,21,60,17,64,77"/><T40/><D123/><U71/><E55/><V14/><F112/><W51/><G115/><T5/><D126/><U67/><E67/><V78/><F131/><W93/><G125/><T62/><D130/><U12/><E47/><V129/><F129/><W9/><G29/><T56/><D5/><U43/><E43/><V37/><F116/><W15/><G51/><T11/><D11/><U23/><REACH who="1" step="1"/><E10/><REACH who="1" ten="328,214,224,224" step="2"/><V66/><F14/><W113/><G113/><T72/><D46/><U105/><E105/><V35/><F104/><W53/><G64/><T90/><D40/><U132/><AGARI ba="1,1" hai="6,8,12,18,23,25,68,70,71,121,122,132,133,135" machi="132" ten="40,5200,0" yaku="1,1,0,1,20,1,53,0" doraHai="69" doraHaiUra="83" who="1" fromWho="1" sc="328,-27,214,65,224,-14,224,-14" /><INIT seed="1,0,0,4,4,73" ten="301,279,210,210" oya="1" hai0="83,44,5,3,78,81,15,55,68,47,1,54,39" hai1="30,4,111,23,57,101,100,123,35,25,76,131,121" hai2="16,10,117,19,88,21,41,128,91,93,37,108,86" hai3="27,38,79,124,103,133,34,51,18,49,9,104,7"/><U120/><E131/><V97/><F128/><W126/><G38/><T58/><D68/><U122/><E122/><V43/><F117/><W113/><G113/><T0/><D39/><U85/><E4/><V33/><F33/><W75/><G133/><T118/><D118/><U28/><E111/><V40/><F108/><W12/><G103/><T72/><D83/><U115/><E115/><V119/><F119/><W130/><G104/><T45/><REACH who="0" step="1"/><D58/><REACH who="0" ten="291,279,210,210" step="2"/><U11/><E123/><V77/><F37/><W14/><G130/><T96/><D96/><U87/><E57/><V84/><F10/><AGARI ba="0,1" hai="0,1,3,5,10,15,44,45,47,54,55,72,78,81" machi="10" ten="50,3200,0" yaku="1,1,52,1,53,0" doraHai="73" doraHaiUra="31" who="0" fromWho="2" sc="291,42,279,0,210,-32,210,0" /><INIT seed="2,0,0,5,5,42" ten="333,279,178,210" oya="2" hai0="18,65,15,103,129,4,126,135,93,124,84,37,105" hai1="107,130,134,120,88,45,100,7,14,19,58,82,113" hai2="57,35,17,83,34,38,109,111,72,13,52,131,56" hai3="32,22,51,46,1,133,77,36,8,76,119,48,71"/><V80/><F38/><W63/><G119/><T101/><D129/><U64/><E113/><V5/><F131/><W28/><G32/><T26/><D135/><U12/><E130/><V54/><F5/><W121/><G121/><T79/><D105/><U66/><E134/><V0/><F0/><W44/><G36/><T96/><D37/><U41/><E120/><V123/><F123/><W11/><G133/><T3/><D65/><U50/><E100/><V75/><F13/><W29/><G63/><T86/><D103/><U9/><E107/><V25/><F17/><W69/><G22/><N who="0" m="11615" /><D79/><U23/><E58/><V92/><F92/><W94/><G94/><T60/><D60/><U53/><E41/><V39/><F39/><W10/><G10/><N who="0" m="2335" /><D26/><AGARI ba="0,0" hai="25,26,34,35,52,54,56,57,72,75,80,83,109,111" machi="26" ten="25,4800,0" yaku="22,2,54,1" doraHai="42" who="2" fromWho="0" sc="333,-48,279,0,178,48,210,0" /><INIT seed="2,1,0,3,3,97" ten="285,279,226,210" oya="2" hai0="9,25,111,86,8,48,39,62,36,133,35,6,105" hai1="66,30,31,43,47,124,44,64,10,17,101,33,107" hai2="110,32,131,7,126,19,26,77,92,72,54,61,52" hai3="83,121,85,75,90,13,59,95,74,134,117,1,56"/><V2/><F131/><W57/><G117/><T103/><D133/><U113/><E113/><V102/><F126/><W38/><G38/><T37/><D111/><U88/><E124/><V14/><F110/><W68/><G68/><T58/><D86/><U50/><E44/><V80/><F2/><W42/><G42/><T45/><D25/><U71/><E71/><V15/><F7/><W112/><G1/><T79/><D35/><U130/><E130/><V0/><F0/><W116/><G116/><T108/><D79/><U82/><E107/><V51/><F61/><W94/><G121/><T122/><D122/><U104/><E104/><V87/><F54/><W84/><G112/><T81/><D81/><U109/><E109/><V96/><F72/><W3/><G3/><T40/><D108/><U123/><E123/><V78/><F78/><W46/><G46/><T60/><D60/><U24/><E31/><V5/><F5/><W41/><G41/><T89/><D89/><U55/><E101/><V29/><F19/><W12/><G134/><T99/><REACH who="0" step="1"/><D6/><REACH who="0" ten="275,279,226,210" step="2"/><U91/><E91/><V118/><REACH who="2" step="1"/><F118/><REACH who="2" ten="275,279,216,210" step="2"/><W73/><G83/><T23/><D23/><U76/><E82/><V135/><F135/><W34/><G34/><T65/><AGARI ba="1,2" hai="8,9,36,37,39,40,45,48,58,62,65,99,103,105" machi="65" ten="30,4000,0" yaku="1,1,0,1,52,1,53,0" doraHai="97" doraHaiUra="16" who="0" fromWho="0" sc="275,63,279,-11,216,-21,210,-11" /><INIT seed="3,0,0,3,3,96" ten="338,268,195,199" oya="3" hai0="78,46,123,131,130,37,51,132,95,45,17,56,115" hai1="36,68,2,89,18,83,124,82,16,80,76,12,14" hai2="49,11,5,6,15,91,65,79,101,34,53,106,38" hai3="125,27,8,93,39,119,41,72,67,59,112,133,60"/><W22/><G112/><T33/><D123/><U0/><E36/><V134/><F38/><W118/><G72/><T122/><D122/><U20/><E68/><V32/><F134/><W47/><G133/><T71/><D71/><U109/><E109/><V110/><F110/><W100/><G125/><T26/><D132/><U86/><E124/><V85/><F79/><W44/><G44/><T69/><D69/><U57/><E57/><V25/><F65/><W108/><G108/><T58/><D115/><U103/><E103/><V23/><F5/><W42/><G42/><N who="0" m="22735" /><D95/><U4/><E4/><V13/><F13/><W111/><G111/><T99/><D99/><U128/><E128/><N who="0" m="49193" /><D78/><U107/><E107/><V35/><F106/><W50/><G39/><T29/><D17/><U1/><REACH who="1" step="1"/><E76/><REACH who="1" ten="338,258,195,199" step="2"/><V64/><F101/><W62/><G100/><T63/><D63/><U90/><E90/><V48/><F91/><W24/><G62/><T75/><D58/><U87/><E87/><V73/><F85/><W70/><G70/><T98/><D56/><U66/><E66/><V28/><F64/><W88/><G118/><T43/><D75/><U10/><AGARI ba="0,1" hai="0,1,2,10,12,14,16,18,20,80,82,83,86,89" machi="10" ten="30,4000,0" yaku="1,1,0,1,54,1,53,0" doraHai="96" doraHaiUra="92" who="1" fromWho="1" sc="338,-10,258,50,195,-10,199,-20" /><INIT seed="4,0,0,5,3,60" ten="328,308,185,179" oya="0" hai0="128,16,133,24,74,25,34,103,11,100,113,99,39" hai1="102,105,71,85,61,129,64,41,22,23,92,80,134" hai2="104,46,114,121,30,43,8,122,7,93,131,68,94" hai3="87,21,65,112,9,120,5,77,36,106,57,29,48"/><T115/><D128/><U38/><E105/><V52/><F104/><W78/><G106/><T32/><D74/><U101/><E129/><V98/><F131/><W90/><G36/><T75/><D75/><U107/><E107/><V10/><F30/><W86/><G112/><N who="0" m="43083" /><D39/><U126/><E134/><V124/><F114/><W54/><G120/><T72/><D72/><U127/><E41/><V56/><F68/><W55/><G55/><T108/><D133/><U66/><E38/><V37/><F94/><W26/><G65/><N who="1" m="25194" /><E61/><V2/><F10/><W62/><G62/><T91/><D108/><U50/><E50/><V35/><F35/><W76/><REACH who="3" step="1"/><G90/><REACH who="3" ten="328,308,185,169" step="2"/><T13/><D91/><N who="1" m="51623" /><E71/><V67/><F67/><W111/><G111/><T118/><D118/><U51/><E51/><V42/><F42/><W125/><G125/><T58/><D100/><U70/><E70/><V1/><F124/><N who="1" m="47657" /><E102/><V119/><F122/><W130/><G130/><T81/><D103/><U135/><E135/><V14/><F121/><W109/><G109/><T123/><D123/><U84/><E101/><V82/><F37/><W53/><G53/><T28/><D58/><U20/><E92/><V69/><F69/><W17/><G17/><T6/><D16/><U73/><E73/><V110/><F110/><W59/><G59/><T27/><D81/><U89/><E89/><V97/><F82/><W0/><AGARI ba="0,1" hai="0,5,9,21,26,29,48,54,57,76,77,78,86,87" machi="0" ten="30,2000,0" yaku="1,1,0,1,53,0" doraHai="60" doraHaiUra="96" who="3" fromWho="3" sc="328,-10,308,-5,185,-5,169,30" /><INIT seed="5,0,0,4,4,12" ten="318,303,180,199" oya="1" hai0="37,32,28,20,2,56,78,70,128,108,103,100,88" hai1="0,94,101,24,107,117,121,120,69,40,64,95,110" hai2="102,114,6,13,97,18,5,48,55,25,36,26,61" hai3="126,116,72,123,76,45,60,23,111,52,62,44,14"/><U38/><E117/><V96/><F36/><W30/><G111/><T50/><D32/><U33/><E110/><V54/><F114/><W82/><G123/><T7/><D70/><U59/><E59/><V63/><F102/><W112/><G112/><T125/><D37/><U79/><E79/><V73/><F73/><W42/><G126/><T41/><D108/><U86/><E86/><V74/><F74/><W119/><G42/><T83/><D128/><U3/><E95/><V91/><F91/><W68/><G68/><T134/><D134/><U124/><E94/><V130/><F130/><W35/><G35/><T47/><D125/><U43/><E43/><V46/><F5/><W34/><G34/><T98/><D56/><U84/><E84/><V9/><F6/><W89/><G89/><T75/><D7/><U10/><E124/><V93/><F55/><W16/><G30/><T115/><D2/><U27/><E0/><V51/><F51/><N who="3" m="28775" /><G45/><T15/><D115/><U99/><E3/><V11/><F11/><W39/><G39/><T118/><D118/><AGARI ba="0,0" hai="14,16,23,60,62,72,76,82,116,118,119" m="28775" machi="118" ten="30,7700,0" yaku="12,1,52,1,54,2" doraHai="12" who="3" fromWho="0" sc="318,-77,303,0,180,0,199,77" /><INIT seed="6,0,0,5,2,96" ten="241,303,180,276" oya="2" hai0="51,82,47,5,32,116,131,68,70,39,46,55,56" hai1="23,61,71,59,104,58,0,27,7,134,52,120,110" hai2="45,105,88,2,20,124,99,130,17,14,95,54,10" hai3="100,81,33,119,102,80,75,65,44,50,60,9,19"/><V64/><F124/><W53/><G33/><T106/><D32/><U69/><E110/><V34/><F34/><W115/><G119/><T118/><D106/><U91/><E104/><V112/><F112/><W125/><G125/><T97/><D5/><U12/><E0/><V83/><F130/><W63/><G115/><T93/><D82/><N who="3" m="31849" /><G75/><T122/><D122/><U16/><E134/><V92/><F105/><W13/><G65/><T21/><D21/><U74/><E74/><V11/><F2/><W76/><G76/><T109/><D109/><U128/><E128/><V36/><F64/><W1/><G1/><T89/><D131/><U77/><E77/><V41/><F83/><W37/><G37/><T4/><D4/><U72/><E72/><V31/><F31/><W129/><G129/><T78/><D78/><U85/><E59/><V94/><REACH who="2" step="1"/><F54/><REACH who="2" ten="241,303,170,276" step="2"/><W57/><G53/><T49/><D116/><U121/><E121/><V40/><F40/><N who="3" m="24839" /><G57/><T18/><D118/><U26/><E120/><V107/><F107/><W3/><G3/><T62/><D56/><U73/><E71/><V29/><F29/><W48/><G48/><T38/><D51/><U135/><E69/><V22/><F22/><W98/><G60/><T117/><D117/><U42/><E42/><V111/><F111/><W101/><G63/><T126/><D126/><U87/><E52/><V30/><F30/><W84/><G84/><T108/><D108/><U114/><E87/><V123/><F123/><W103/><N who="3" m="25600" /><DORA hai="127" /><W6/><G98/><T113/><D113/><U132/><E85/><V28/><F28/><RYUUKYOKU ba="0,1" sc="241,-15,303,-15,170,15,276,15" hai2="10,11,14,17,20,36,41,45,88,92,94,95,99" hai3="6,9,13,19" /><INIT seed="6,1,1,5,3,110" ten="226,288,185,291" oya="2" hai0="64,70,100,81,103,84,94,127,3,117,19,69,34" hai1="83,86,35,97,11,46,49,25,21,79,107,92,102" hai2="37,36,78,120,27,7,95,23,89,28,52,73,17" hai3="87,53,76,18,31,134,128,39,129,16,38,125,98"/><V32/><F120/><W71/><G71/><T119/><D3/><U101/><E35/><V15/><F7/><W14/><G125/><T62/><D127/><U99/><E11/><V61/><F73/><W109/><G109/><T51/><D34/><U2/><E2/><V57/><REACH who="2" step="1"/><F78/><REACH who="2" ten="226,288,175,291" step="2"/><W58/><G76/><T56/><D119/><U33/><E79/><V12/><F12/><W54/><G14/><T105/><D117/><U20/><E107/><V114/><F114/><W82/><G128/><T59/><D105/><U47/><E25/><V74/><F74/><W85/><G129/><T22/><D70/><U131/><E131/><V91/><F91/><W0/><G0/><T112/><D69/><U40/><E102/><V5/><F5/><W126/><G126/><T66/><D112/><U10/><E101/><V60/><F60/><W72/><G72/><T104/><D104/><U115/><E115/><V42/><F42/><W113/><G113/><T30/><D103/><U4/><E40/><V50/><F50/><W65/><G39/><T118/><D51/><U8/><E49/><V24/><F24/><W123/><G38/><T77/><D118/><U55/><E4/><V13/><F13/><W48/><G48/><T80/><D100/><U6/><E6/><V68/><F68/><W75/><G75/><T63/><D77/><U121/><E121/><V67/><F67/><W133/><G65/><T44/><D64/><U132/><E47/><V122/><F122/><W130/><G123/><T43/><D44/><U41/><E46/><V111/><F111/><W45/><G45/><RYUUKYOKU ba="1,2" sc="226,-10,288,-10,175,30,291,-10" hai2="15,17,23,27,28,32,36,37,52,57,61,89,95" /><INIT seed="6,2,2,4,3,86" ten="216,278,205,281" oya="2" hai0="40,9,95,105,69,20,109,71,93,60,83,111,125" hai1="35,112,0,108,99,118,39,122,4,23,67,128,12" hai2="58,3,2,63,68,116,113,61,120,66,97,130,47" hai3="124,132,13,10,50,33,36,131,44,5,19,25,106"/><V54/><F116/><W31/><G106/><T55/><D105/><U77/><E39/><V98/><F120/><W96/><G36/><T57/><D125/><U82/><E35/><V49/><F113/><W48/><G132/><T22/><D40/><U88/><E0/><V65/><REACH who="2" step="1"/><F130/><REACH who="2" ten="216,278,195,281" step="2"/><W56/><G131/><T114/><D114/><U127/><E128/><V37/><F37/><W11/><G124/><T18/><D111/><U53/><E127/><V101/><F101/><W84/><G50/><T81/><D109/><U72/><E112/><V94/><F94/><W15/><G48/><T92/><D71/><U52/><E118/><V78/><F78/><W14/><G11/><T38/><D69/><U91/><E122/><V30/><F30/><W119/><G10/><T42/><D38/><U79/><E79/><V7/><F7/><W43/><G5/><T117/><D117/><U134/><E4/><V110/><F110/><W102/><G119/><T75/><D93/><U64/><E108/><V115/><F115/><W16/><G102/><T41/><D92/><N who="1" m="56711" /><E77/><V100/><F100/><W51/><G31/><T24/><D95/><U26/><E134/><V129/><F129/><W46/><G51/><T45/><D83/><U62/><E72/><V123/><F123/><W28/><G28/><T126/><D81/><U80/><E80/><V32/><F32/><W70/><G33/><T59/><D75/><U87/><E82/><V6/><F6/><W121/><G70/><T89/><D126/><U135/><E135/><V34/><F34/><W107/><G121/><T29/><D29/><RYUUKYOKU ba="2,3" sc="216,-10,278,-10,195,30,281,-10" hai2="2,3,47,49,54,58,61,63,65,66,68,97,98" /><INIT seed="6,3,3,4,5,54" ten="206,268,225,271" oya="2" hai0="11,71,78,134,44,29,110,112,33,2,111,84,64" hai1="104,93,83,62,25,24,121,90,19,56,43,27,120" hai2="3,108,6,101,117,114,50,135,53,31,52,60,68" hai3="63,107,8,57,30,86,38,69,79,13,0,51,48"/><V124/><F117/><W61/><G107/><T97/><D84/><N who="1" m="50463" /><E104/><V16/><F31/><W98/><G0/><T132/><D78/><U40/><E93/><V102/><F3/><W100/><G38/><T133/><D97/><U131/><E19/><V23/><F6/><N who="3" m="3223" /><G69/><T113/><D44/><U88/><E88/><V41/><F108/><N who="0" m="41514" /><D64/><N who="1" m="38983" /><E131/><V130/><F130/><W9/><G30/><T45/><D45/><U5/><E5/><V125/><F68/><W115/><G100/><T34/><D71/><U7/><E7/><V28/><F28/><W81/><G98/><T55/><D55/><N who="2" m="21066" /><F102/><W1/><G1/><T91/><D91/><U37/><E37/><V99/><F99/><W94/><G94/><T103/><D103/><U42/><E121/><V116/><F116/><W95/><G95/><T123/><D123/><U118/><E118/><V20/><F101/><W18/><G63/><T46/><D46/><U22/><E120/><V82/><F60/><W128/><G128/><T59/><D59/><U36/><E36/><V4/><F4/><W70/><G70/><T75/><D75/><U105/><E105/><V73/><F73/><W80/><G80/><T10/><D2/><U129/><E129/><V21/><F82/><W87/><G57/><T119/><D119/><U66/><E66/><V49/><F49/><W12/><G61/><T92/><D92/><U65/><E65/><V14/><F50/><N who="3" m="18987" /><G87/><T39/><D39/><U72/><E72/><V47/><F47/><W85/><G86/><T17/><D29/><U35/><E35/><N who="0" m="13321" /><D17/><N who="1" m="12367" /><E42/><V32/><F41/><W106/><G106/><RYUUKYOKU ba="3,3" sc="206,10,268,10,225,-30,271,10" hai0="10,11,112,113,132,133,134" hai1="25,27,40,43" hai3="9,12,18,79,81,85,115" /><INIT seed="7,4,3,4,0,79" ten="216,278,195,281" oya="3" hai0="16,87,121,62,37,119,88,2,93,72,66,11,49" hai1="6,109,29,39,108,78,76,111,38,90,8,117,35" hai2="133,40,91,31,36,81,17,7,20,69,50,32,73" hai3="68,123,9,95,43,120,41,92,83,57,48,115,27"/><W71/><G115/><T105/><D121/><N who="3" m="46665" /><G83/><T33/><D33/><U124/><E90/><V74/><F36/><N who="1" m="13865" /><E78/><V134/><F69/><N who="3" m="26699" /><G27/><T18/><D37/><U82/><E124/><V4/><F31/><W13/><G13/><N who="0" m="7231" /><D119/><U47/><E47/><N who="2" m="25959" /><F32/><W96/><G96/><T14/><D2/><N who="1" m="87" /><E117/><V102/><F102/><W23/><G23/><N who="0" m="11735" /><D105/><U5/><E5/><N who="2" m="2123" /><F91/><W132/><G9/><T89/><D72/><N who="1" m="43271" /><E111/><V55/><F81/><W127/><G127/><T110/><D110/><U26/><AGARI ba="4,3" hai="26,29,35,108,109" m="43271,87,13865" machi="26" ten="30,2000,0" yaku="23,1,52,1" doraHai="79" who="1" fromWho="1" sc="216,-9,278,62,195,-9,281,-14" owari="207,-19.0,340,43.0,186,-31.0,267,7.0" /></mjloggm>