<mjloggm ver="2.3"><GO type="41" lobby="0"/><UN n0="%E3%81%B6%E3%81%B2%E3%81%B2%EF%BD%97%EF%BD%97" n1="%E3%81%99%E3%81%97%E3%82%93" n2="%E5%BF%97%E4%BF%9D" n3="%E5%B0%B1%E6%B4%BB%E7%94%9F%40%E5%B7%9D%E6%9D%91%E8%BB%8D%E5%9B%A3" dan="13,15,14,15" rate="1893.95,2027.26,2009.23,2026.93" sx="M,M,F,M"/><TAIKYOKU oya="0"/><INIT seed="0,0,0,3,2,14" ten="250,250,250,250" oya="0" hai0="59,107,129,42,69,73,133,16,49,114,100,32,120" hai1="121,111,106,68,108,70,58,66,72,75,17,26,8" hai2="38,98,7,82,44,80,50,47,88,86,117,116,115" hai3="94,84,56,127,93,90,37,113,15,83,4,99,30"/><T118/><RYUUKYOKU type="yao9" ba="0,0" sc="250,0,250,0,250,0,250,0" hai0="16,32,42,49,59,69,73,100,107,114,118,120,129,133" /><INIT seed="0,1,0,1,1,92" ten="250,250,250,250" oya="0" hai0="22,63,5,134,99,108,58,82,111,84,104,88,87" hai1="81,39,19,7,91,33,10,95,30,43,112,20,75" hai2="29,55,36,106,51,31,62,79,120,23,85,18,130" hai3="127,4,49,100,61,68,122,60,128,48,78,42,117"/><T126/><D126/><U15/><E112/><V125/><F36/><W116/><G78/><T73/><D73/><U64/><E64/><V115/><F120/><W6/><G122/><T9/><D134/><U110/><E110/><N who="0" m="42025" /><D22/><U52/><E75/><V27/><F62/><W2/><G2/><T66/><D104/><U97/><E81/><V71/><F71/><W93/><G128/><T70/><D70/><U124/><E124/><V40/><F40/><W53/><G127/><T76/><D87/><U77/><E77/><V72/><F72/><W13/><G68/><T105/><D105/><U101/><E101/><V57/><F106/><W109/><G42/><T25/><D25/><U80/><E80/><N who="2" m="47263" /><F125/><W94/><G109/><T45/><D45/><U107/><E107/><V44/><F115/><W86/><G86/><T50/><D50/><U11/><E43/><N who="2" m="24991" /><F130/><W32/><G32/><T69/><D69/><U41/><E41/><V89/><F89/><W67/><G67/><T133/><D133/><U21/><E39/><V1/><F1/><W103/><G53/><T83/><D83/><U47/><E33/><V46/><F57/><W96/><REACH who="3" step="1"/><G13/><REACH who="3" ten="250,250,250,240" step="2"/><N who="0" m="5295" /><D76/><U35/><E35/><V131/><F131/><W0/><G0/><T114/><D114/><U90/><E15/><V17/><F55/><W119/><G119/><T129/><D129/><U26/><E52/><V34/><F34/><W65/><G65/><T54/><D66/><U24/><E26/><N who="2" m="14703" /><F46/><W37/><G37/><T113/><D113/><U74/><E47/><V38/><F38/><W118/><G118/><T98/><AGARI ba="1,1" hai="54,58,63,82,84,88,98,99" m="5295,42025" machi="98" ten="30,18000,2" yaku="5,1,14,1,10,1,52,2,54,1" doraHai="92" who="0" fromWho="0" sc="250,193,250,-61,250,-61,240,-61" /><INIT seed="0,2,0,4,3,9" ten="443,189,189,179" oya="0" hai0="109,86,101,90,28,48,26,75,34,16,72,8,2" hai1="100,13,35,87,130,40,22,42,102,19,104,122,47" hai2="62,67,120,59,74,23,45,89,32,20,135,129,76" hai3="77,51,99,131,65,61,36,126,33,125,30,69,52"/><T18/><D109/><U15/><E122/><V50/><F120/><W1/><G33/><T107/><D48/><N who="1" m="26743" /><E35/><V27/><F135/><W113/><G1/><T121/><D121/><U64/><E104/><V92/><F129/><W68/><G30/><T53/><D53/><U57/><E40/><V55/><F32/><W25/><G77/><T31/><D31/><U115/><E87/><V127/><F127/><N who="3" m="48651" /><G25/><T4/><D101/><N who="1" m="39019" /><E115/><V49/><F74/><W66/><G99/><T10/><D107/><U70/><E70/><N who="3" m="27242" /><G113/><T41/><D41/><U81/><E81/><V46/><F76/><W133/><G133/><T134/><D134/><U95/><E95/><V98/><REACH who="2" step="1"/><F27/><REACH who="2" ten="443,189,179,179" step="2"/><W24/><G24/><T112/><D112/><U128/><E130/><V83/><F83/><W119/><G119/><T79/><D79/><U78/><E78/><V108/><F108/><W85/><G131/><T80/><D75/><U93/><E128/><V7/><F7/><W117/><G117/><T94/><D72/><U63/><E93/><V12/><F12/><AGARI ba="2,1" hai="12,13,15,19,22,57,63,64" m="39019,26743" machi="12" ten="30,7700,0" yaku="8,1,52,3" doraHai="9" who="1" fromWho="2" sc="443,0,189,93,179,-83,179,0" /><INIT seed="1,0,0,2,0,95" ten="443,282,96,179" oya="1" hai0="119,42,102,76,43,41,53,121,13,71,73,94,113" hai1="34,93,5,86,79,52,127,2,33,80,135,35,46" hai2="56,111,7,81,99,98,122,47,89,30,75,50,44" hai3="133,103,39,32,58,51,128,12,77,45,0,101,134"/><U49/><E135/><V66/><F122/><W16/><G0/><T109/><D113/><U37/><E127/><V87/><F111/><W60/><G39/><T108/><D119/><U63/><E37/><V125/><F125/><W91/><G32/><T118/><D118/><U74/><E63/><N who="2" m="38247" /><F75/><W110/><G77/><T72/><D121/><U15/><E2/><V126/><F126/><W62/><G91/><T17/><D71/><U107/><E107/><V69/><F69/><W3/><G3/><T120/><D53/><U9/><REACH who="1" step="1"/><E93/><REACH who="1" ten="443,272,96,179" step="2"/><V11/><F30/><W22/><G133/><T131/><D120/><U129/><E129/><V84/><F87/><AGARI ba="0,1" hai="5,9,15,33,34,35,46,49,52,74,79,80,86,87" machi="87" ten="40,12000,1" yaku="1,1,54,1,53,3" doraHai="95" doraHaiUra="28" who="1" fromWho="2" sc="443,0,272,130,96,-120,179,0" owari="443,54.0,402,20.0,-24,-52.0,179,-22.0" /></mjloggm>