<mjloggm ver="2.3"><GO type="225" lobby="0"/><UN n0="%E3%83%88%E3%83%88%E3%83%AA%E5%85%88%E7%94%9F%31%39%E6%AD%B3" n1="%E3%82%B7%E3%83%AB%E3%83%93%E3%82%A3" n2="%74%61%6E%69%6D%6F%40" n3="%4D%61%6D%65%2D%79%61" dan="18,17,16,17" rate="2262.46,2185.52,2084.27,2197.67" sx="F,F,M,M"/><TAIKYOKU oya="0"/><INIT seed="0,0,0,4,5,92" ten="250,250,250,250" oya="0" hai0="115,77,46,43,93,21,108,80,121,88,41,27,23" hai1="40,114,61,101,12,44,2,124,84,22,91,103,72" hai2="69,66,98,90,89,7,55,6,0,25,96,32,33" hai3="87,102,57,65,131,56,120,99,16,122,15,5,18"/><T123/><D115/><U3/><E72/><V29/><F69/><W119/><G119/><T62/><D108/><U10/><E114/><V100/><F66/><W45/><G131/><T134/><D134/><U97/><E124/><V51/><F33/><W117/><G117/><T19/><D23/><U20/><E61/><V38/><F38/><W64/><G45/><T11/><D11/><U70/><E70/><V79/><F79/><W135/><G135/><T132/><D132/><U24/><E2/><V112/><F112/><W13/><G87/><T50/><D43/><U104/><E103/><V71/><F71/><W110/><G5/><T95/><D95/><U35/><E3/><V67/><F67/><W34/><G34/><T47/><D47/><U133/><E133/><V78/><F78/><W68/><G68/><T37/><D62/><U59/><E59/><V118/><F118/><W74/><G74/><T86/><REACH who="0" step="1"/><D37/><REACH who="0" ten="240,250,250,250" step="2"/><U17/><E35/><V1/><F32/><W75/><G110/><T49/><D49/><U63/><E63/><V9/><F7/><W76/><G56/><T94/><D94/><U128/><E128/><V125/><F6/><W58/><G57/><T105/><D105/><U8/><E40/><V36/><F9/><N who="3" m="6191" /><G58/><T106/><D106/><U85/><E44/><N who="2" m="28135" /><F36/><W52/><G64/><T4/><D4/><U39/><E39/><V127/><F0/><W130/><G65/><T82/><D82/><N who="1" m="49559" /><E85/><AGARI ba="0,1" hai="19,21,27,41,46,50,77,80,85,86,88,93,121,123" machi="85" ten="30,5800,0" yaku="1,1,7,1,54,1,53,0" doraHai="92" doraHaiUra="31" who="0" fromWho="1" sc="240,68,250,-58,250,0,250,0" /><INIT seed="0,1,0,2,2,97" ten="308,192,250,250" oya="0" hai0="93,112,95,55,119,14,27,5,127,131,1,100,43" hai1="31,110,118,66,125,96,18,44,77,52,62,51,58" hai2="64,87,80,67,91,48,82,37,39,94,75,17,65" hai3="72,16,23,4,88,70,123,24,111,69,47,46,78"/><T11/><D112/><U85/><E118/><V115/><F115/><W108/><G123/><T36/><D119/><U73/><E73/><V21/><F48/><W54/><G4/><T29/><D131/><U99/><E110/><N who="3" m="42026" /><G72/><T101/><D127/><U28/><E125/><V106/><F106/><W124/><G78/><T13/><D43/><U41/><E18/><V19/><F19/><W8/><G124/><T79/><D36/><U7/><E7/><V90/><F75/><W61/><G8/><T109/><D79/><U56/><E99/><V135/><F135/><W133/><G133/><T105/><D105/><U60/><REACH who="1" step="1"/><E96/><REACH who="1" ten="308,182,250,250" step="2"/><V104/><F104/><W132/><G132/><T34/><D109/><U12/><E12/><V134/><F134/><W63/><G16/><T57/><D13/><U122/><E122/><V10/><F10/><W120/><G120/><T121/><D14/><U50/><E50/><V33/><F39/><W25/><G25/><T130/><D121/><U15/><E15/><N who="2" m="9407" /><F37/><W116/><G24/><T74/><D74/><U3/><E3/><V32/><F32/><W38/><G38/><T84/><D130/><U107/><E107/><V30/><F33/><W22/><G116/><T35/><D35/><U83/><AGARI ba="1,1" hai="28,31,41,44,51,52,56,58,60,62,66,77,83,85" machi="83" ten="30,7900,0" yaku="1,1,0,1,8,1,54,1,53,0" doraHai="97" doraHaiUra="98" who="1" fromWho="1" sc="308,-40,182,92,250,-21,250,-21" /><INIT seed="1,0,0,0,0,29" ten="268,274,229,229" oya="1" hai0="120,62,105,10,74,133,55,42,47,45,118,103,123" hai1="86,33,66,119,64,72,56,80,114,8,0,24,9" hai2="49,27,99,57,97,116,94,101,25,39,111,48,113" hai3="18,26,12,125,87,71,53,40,82,3,92,35,81"/><U34/><E114/><V41/><F39/><W69/><G3/><T70/><D118/><U44/><E72/><V127/><F116/><W79/><G125/><T37/><D74/><U110/><E119/><V46/><F111/><W20/><G40/><N who="0" m="22671" /><D10/><U131/><E131/><V96/><F127/><W28/><G82/><T60/><D103/><U89/><E24/><N who="2" m="9291" /><F113/><W68/><G53/><AGARI ba="0,0" hai="41,46,48,49,53,57,94,96,97,99,101" m="9291" machi="53" ten="30,1000,0" yaku="8,1" doraHai="29" who="2" fromWho="3" sc="268,0,274,0,229,10,229,-10" /><INIT seed="2,0,0,0,2,124" ten="268,274,239,219" oya="2" hai0="40,133,10,113,111,64,69,49,89,54,38,8,104" hai1="30,84,53,120,58,59,123,82,36,128,17,6,35" hai2="56,86,12,96,25,118,14,51,21,90,116,45,80" hai3="119,48,94,132,99,74,105,19,43,23,121,130,129"/><V44/><F116/><W34/><G119/><T71/><D113/><U57/><E36/><V55/><F96/><W1/><G121/><T61/><D104/><U42/><E42/><V93/><F80/><W9/><G34/><T108/><D69/><U79/><E17/><V131/><F131/><N who="3" m="50187" /><G74/><T5/><D133/><U127/><E6/><V110/><F110/><N who="0" m="42026" /><D5/><U28/><E127/><V115/><F115/><W73/><G132/><T70/><D70/><U52/><E128/><V114/><F114/><W18/><G73/><T76/><D76/><U102/><E102/><V87/><F87/><W100/><G1/><T37/><D89/><U66/><E66/><V2/><F2/><W78/><G78/><T62/><D62/><U32/><E32/><V92/><F92/><W75/><G75/><T11/><D40/><U7/><E35/><V72/><F72/><W24/><G105/><T65/><D65/><U22/><E123/><V20/><F118/><W13/><G43/><T95/><D95/><U112/><E112/><V107/><F107/><W41/><G41/><T47/><AGARI ba="0,0" hai="8,10,11,37,38,47,49,54,61,64,71" m="42026" machi="47" ten="30,1100,0" yaku="14,1" doraHai="124" who="0" fromWho="0" sc="268,11,274,-3,239,-5,219,-3" /><INIT seed="3,0,0,0,2,78" ten="279,271,234,216" oya="3" hai0="125,17,87,108,1,30,24,53,112,84,11,22,58" hai1="72,25,105,63,113,93,28,104,16,94,68,8,98" hai2="64,33,3,127,50,130,106,111,29,5,12,47,116" hai3="73,67,37,129,71,122,55,48,34,99,117,123,9"/><W69/><G73/><T65/><D108/><U60/><E72/><V27/><F106/><W4/><G34/><T7/><D125/><U44/><E113/><V41/><F130/><W102/><G117/><T132/><D132/><U46/><E104/><V26/><F116/><W89/><G37/><T107/><D107/><U15/><E105/><V74/><F74/><W97/><G102/><T57/><D112/><U19/><E19/><V13/><F111/><W120/><G129/><T83/><D84/><U18/><E18/><V40/><F40/><W51/><G67/><T20/><D53/><U77/><E77/><V81/><F64/><W70/><G89/><T10/><D10/><U49/><E93/><V134/><F134/><W126/><G126/><T52/><D65/><U61/><E68/><V101/><F101/><W59/><REACH who="3" step="1"/><G51/><REACH who="3" ten="279,271,234,206" step="2"/><T54/><D58/><U124/><E124/><V96/><F127/><W133/><G133/><T91/><BYE who="3" /><D57/><U66/><E66/><V45/><F96/><W88/><G88/><T114/><D114/><U14/><E14/><AGARI ba="0,1" hai="1,7,11,14,17,20,22,24,30,52,54,83,87,91" machi="14" ten="30,3900,0" yaku="7,1,52,1,54,1" doraHai="78" who="0" fromWho="1" sc="279,49,271,-39,234,0,206,0" owari="328,43.0,232,-17.0,234,3.0,206,-29.0" /></mjloggm>