<mjloggm ver="2.3"><GO type="97" lobby="0"/><UN n0="%E5%B0%B1%E6%B4%BB%E7%94%9F%40%E5%B7%9D%E6%9D%91%E8%BB%8D%E5%9B%A3" n1="%E3%83%A9%E3%82%A4%E3%82%AB%40" n2="%E3%83%A8%E3%82%B7%EF%BC%8A%E3%83%A8%E3%82%B7" n3="%E5%85%A8%E5%B1%80%E5%8F%82%E5%8A%A0%E5%9E%8B%E9%9B%80%E5%A3%AB" dan="15,15,14,15" rate="1993.03,1976.56,1886.35,2051.78" sx="M,M,M,M"/><TAIKYOKU oya="0"/><INIT seed="0,0,0,0,4,103" ten="250,250,250,250" oya="0" hai0="23,50,47,68,121,87,134,75,128,94,125,61,7" hai1="86,14,36,53,67,54,130,32,96,91,95,81,83" hai2="108,100,2,113,93,44,90,4,104,17,38,115,15" hai3="59,55,120,112,119,131,118,8,70,40,52,127,57"/><T3/><D75/><U33/><E130/><V46/><F108/><W64/><G8/><T76/><D121/><U114/><E114/><V97/><F2/><W30/><G30/><T123/><D123/><U133/><E133/><V78/><F4/><W41/><G112/><T22/><D128/><U116/><E116/><N who="3" m="44586" /><G120/><T10/><D134/><U48/><E36/><V35/><F35/><W39/><G131/><T89/><D125/><U29/><E67/><V31/><F31/><W117/><N who="3" m="44594" /><W20/><DORA hai="84" /><G20/><T110/><D110/><U80/><E29/><V106/><F78/><W11/><G11/><T105/><D105/><U65/><E65/><V16/><F115/><W42/><G39/><T92/><D76/><U132/><E132/><V72/><F72/><W60/><G127/><T73/><D73/><U62/><E14/><V88/><F113/><W0/><G0/><T82/><D61/><U6/><E6/><V98/><F38/><W102/><G102/><T109/><D68/><U25/><E25/><V13/><F93/><W9/><G9/><T49/><D49/><U12/><E12/><V122/><F100/><W43/><N who="3" m="10240" /><DORA hai="26" /><W124/><G124/><T63/><D63/><U45/><E33/><V58/><F122/><W129/><G129/><T85/><D109/><U135/><E32/><V1/><F1/><W28/><G28/><T107/><D107/><U111/><E135/><V74/><F74/><W77/><G77/><N who="0" m="46287" /><D94/><U37/><E37/><V27/><F27/><W24/><G24/><T71/><D71/><U5/><E111/><V99/><F99/><RYUUKYOKU ba="0,0" sc="250,10,250,-30,250,10,250,10" hai0="3,7,10,22,23,47,50,87,89,92" hai2="13,15,16,17,44,46,58,88,90,97,98,104,106" hai3="52,55,57,59,60,64,70" /><INIT seed="0,1,0,2,2,135" ten="260,220,260,260" oya="0" hai0="58,55,68,30,57,37,52,97,80,33,23,117,4" hai1="54,92,95,72,123,74,125,132,82,38,7,48,120" hai2="20,56,91,77,76,49,89,84,39,6,34,81,9" hai3="122,15,40,112,31,85,128,67,110,118,94,105,43"/><T41/><D33/><U22/><E38/><V25/><F39/><W75/><G67/><T62/><D117/><U133/><E7/><V51/><F34/><W18/><G31/><T119/><D119/><U64/><E64/><V121/><F121/><N who="1" m="46665" /><E22/><V103/><F103/><W0/><G118/><T88/><D68/><U78/><E54/><V115/><F115/><W60/><G0/><T2/><D2/><U26/><E26/><V10/><F6/><W86/><G75/><N who="1" m="28714" /><E48/><N who="2" m="18507" /><F56/><N who="0" m="21610" /><D37/><U8/><E8/><N who="2" m="3179" /><F77/><W124/><G105/><T53/><D41/><U3/><E3/><V47/><F47/><W129/><G112/><T73/><D73/><N who="1" m="43343" /><E125/><V79/><F79/><W29/><G124/><T59/><D4/><U83/><E83/><V93/><F93/><AGARI ba="1,0" hai="92,93,95,132,133" m="43343,28714,46665" machi="93" ten="40,2600,0" yaku="34,2" doraHai="135" who="1" fromWho="2" sc="260,0,220,29,260,-29,260,0" /><INIT seed="1,0,0,3,0,75" ten="260,249,231,260" oya="1" hai0="19,68,25,71,59,70,133,44,98,94,10,20,8" hai1="86,21,78,109,118,90,100,117,67,24,50,128,63" hai2="37,93,17,124,41,81,131,61,66,38,111,0,77" hai3="123,87,116,122,84,45,15,18,40,23,9,30,80"/><U33/><E33/><V12/><F0/><W108/><G116/><T3/><D133/><U89/><E128/><V39/><F111/><W1/><G108/><T107/><D107/><U11/><E109/><V102/><F124/><W64/><G64/><T42/><D59/><N who="1" m="37375" /><E100/><V7/><F7/><W104/><G104/><T106/><D106/><U83/><E118/><V130/><F41/><W88/><G87/><T4/><D10/><U69/><E69/><V60/><F66/><W22/><G30/><T6/><D6/><U13/><E50/><V97/><F131/><W114/><G114/><T113/><D113/><U57/><E57/><V34/><F34/><W115/><G115/><T36/><REACH who="0" step="1"/><D71/><REACH who="0" ten="250,249,231,260" step="2"/><U92/><E117/><V49/><F130/><W56/><G56/><T14/><D14/><U96/><E13/><V110/><F110/><W82/><G1/><T120/><D120/><U121/><E11/><V72/><REACH who="2" step="1"/><F49/><REACH who="2" ten="250,249,221,260" step="2"/><W127/><G123/><T43/><D43/><U5/><E5/><V2/><F2/><W54/><G122/><T51/><D51/><U52/><E121/><V26/><F26/><W79/><G127/><T62/><D62/><U31/><E52/><V65/><F65/><W47/><G40/><T58/><D58/><U129/><E129/><V28/><F28/><W76/><G47/><T105/><D105/><U91/><AGARI ba="0,2" hai="21,24,31,78,83,86,89,90,91,92,96" m="37375" machi="91" ten="30,3000,0" yaku="8,1,52,1" doraHai="75" who="1" fromWho="1" sc="250,-10,249,50,221,-10,260,-10" /><INIT seed="1,1,0,1,2,48" ten="240,299,211,250" oya="1" hai0="83,57,1,40,36,13,121,78,64,17,133,89,98" hai1="96,105,135,30,45,129,53,52,2,109,114,71,63" hai2="99,58,21,132,122,66,9,134,97,44,69,8,107" hai3="117,50,126,75,46,19,92,6,77,124,38,12,119"/><U108/><E2/><V84/><F122/><W67/><G38/><T34/><D1/><U120/><E114/><V33/><F33/><W68/><G6/><T39/><D34/><U100/><E120/><V74/><F74/><W62/><G92/><T37/><D121/><U81/><E135/><N who="2" m="51755" /><F69/><W56/><G77/><T128/><D128/><U102/><E129/><V29/><F107/><W123/><G75/><T25/><D133/><U0/><E0/><V87/><F44/><W118/><G123/><T20/><D40/><U103/><E45/><V106/><F106/><W125/><G19/><T55/><D64/><N who="1" m="41375" /><E30/><V113/><F113/><W86/><G86/><N who="2" m="32809" /><F29/><W61/><G12/><T24/><D78/><U22/><E81/><V90/><F21/><W49/><REACH who="3" step="1"/><G46/><REACH who="3" ten="240,299,211,240" step="2"/><T15/><D15/><U54/><E105/><V72/><F72/><W26/><G26/><T35/><D83/><U18/><E96/><N who="2" m="36939" /><F90/><W31/><G31/><T110/><D89/><U59/><E103/><V91/><F91/><W7/><G7/><T85/><D25/><N who="1" m="14551" /><E102/><V47/><F47/><W79/><G79/><T32/><D24/><U101/><E100/><V4/><F4/><W94/><G94/><T27/><D27/><U95/><E101/><V116/><F116/><W23/><G23/><T14/><D14/><U127/><E95/><V76/><F76/><W3/><G3/><T42/><D13/><U112/><E112/><V82/><F82/><W104/><G104/><T43/><D20/><U65/><E109/><V93/><F93/><W111/><G111/><T60/><D110/><U16/><E108/><RYUUKYOKU ba="1,1" sc="240,-15,299,-15,211,15,240,15" hai2="8,9,58,66" hai3="49,50,56,61,62,67,68,117,118,119,124,125,126" /><INIT seed="2,2,1,0,1,99" ten="225,284,226,255" oya="2" hai0="42,43,90,65,16,79,61,68,21,53,59,9,34" hai1="76,89,127,41,103,26,86,118,39,57,81,67,48" hai2="28,36,93,32,1,100,71,23,91,54,4,97,10" hai3="51,64,75,95,117,7,129,25,133,110,101,3,132"/><V78/><F36/><W102/><G75/><T50/><D34/><U72/><E118/><V109/><F109/><W123/><G117/><T116/><D116/><U98/><E127/><V58/><F71/><W115/><G123/><T119/><D119/><U84/><E26/><V24/><F78/><W56/><G115/><T121/><D121/><U15/><E15/><V35/><REACH who="2" step="1"/><F91/><REACH who="2" ten="225,284,216,255" step="2"/><W40/><G110/><T105/><D79/><U31/><E89/><V134/><F134/><N who="3" m="51819" /><G129/><T92/><D105/><U46/><E76/><V112/><F112/><W33/><G3/><T113/><D113/><U77/><E77/><V22/><F22/><W122/><G122/><T96/><REACH who="0" step="1"/><D9/><REACH who="0" ten="215,284,216,255" step="2"/><U131/><E131/><V45/><F45/><N who="3" m="26023" /><G7/><T111/><D111/><U108/><E46/><V106/><F106/><W87/><G33/><T114/><D114/><U69/><E108/><V5/><F5/><W88/><G25/><AGARI ba="2,3" hai="16,21,25,42,43,50,53,59,61,65,68,90,92,96" machi="25" ten="30,3900,0" yaku="1,1,7,1,54,1,53,0" doraHai="99" doraHaiUra="128" who="0" fromWho="3" sc="215,75,284,0,216,0,255,-45" /><INIT seed="3,0,0,0,5,78" ten="290,284,216,210" oya="3" hai0="111,89,57,119,45,27,66,26,37,80,116,23,72" hai1="18,81,0,54,8,39,107,99,62,65,123,46,127" hai2="1,11,104,15,21,13,114,74,20,5,73,131,33" hai3="44,100,10,125,76,16,51,42,17,31,43,29,135"/><W32/><G100/><T82/><D111/><U52/><E123/><V97/><F114/><W83/><G32/><T96/><D72/><U117/><E117/><V24/><F104/><W22/><G135/><T49/><D37/><U53/><E81/><N who="0" m="31337" /><D116/><U133/><E133/><V106/><F97/><W105/><G105/><T71/><D71/><U108/><E108/><V69/><F69/><W79/><G125/><T92/><D119/><U113/><E127/><V40/><F40/><W95/><G42/><N who="0" m="24759" /><D23/><N who="2" m="8778" /><F74/><W48/><G48/><T118/><D118/><U120/><E39/><V115/><F106/><W35/><G35/><T134/><D134/><U58/><E107/><V55/><F55/><W98/><G10/><T9/><D9/><U6/><E8/><N who="2" m="2095" /><F73/><W64/><G64/><T124/><D124/><U93/><E54/><V4/><F115/><W84/><G79/><T38/><D38/><U126/><E65/><V101/><F101/><N who="3" m="60639" /><G17/><T34/><D34/><U60/><E18/><V102/><F102/><W88/><G76/><T3/><D3/><U70/><E0/><N who="2" m="391" /><F131/><W50/><G50/><T85/><D96/><U28/><E99/><V91/><F91/><W86/><G86/><T47/><D47/><U132/><E46/><V110/><F110/><W103/><G103/><T75/><D75/><U61/><E126/><V109/><F109/><W121/><G121/><T128/><D128/><U41/><E120/><V129/><F129/><W130/><G130/><T14/><D66/><U122/><E132/><V7/><F7/><W36/><G36/><T19/><D57/><N who="1" m="34855" /><E70/><V87/><F87/><RYUUKYOKU ba="0,0" sc="290,10,284,-30,216,10,210,10" hai0="14,19,26,27,85,89,92" hai2="13,15,24,33" hai3="16,22,29,31,43,44,51,83,84,88" /><INIT seed="3,1,0,1,2,127" ten="300,254,226,220" oya="3" hai0="29,3,104,43,72,0,125,78,79,50,32,19,53" hai1="116,130,88,69,10,6,98,126,38,63,122,114,108" hai2="26,64,129,96,103,71,24,105,41,84,82,68,58" hai3="12,70,124,11,86,30,16,128,37,115,101,15,99"/><W42/><G115/><T76/><D125/><U61/><E114/><V83/><F41/><W93/><G70/><T95/><D104/><U17/><E38/><V113/><F113/><W102/><G124/><T133/><D72/><U55/><E122/><V44/><F44/><W18/><G128/><T45/><D133/><U75/><E130/><V73/><F73/><W90/><G30/><T67/><D67/><U33/><E33/><V85/><F129/><W46/><REACH who="3" step="1"/><G99/><REACH who="3" ten="300,254,226,210" step="2"/><T59/><D29/><U21/><E98/><V74/><F71/><W60/><G60/><T123/><D123/><U117/><E63/><V89/><F68/><W120/><G120/><T62/><D32/><U121/><E61/><V35/><F35/><W81/><G81/><T51/><D95/><U48/><E69/><V131/><F131/><W8/><AGARI ba="1,1" hai="8,11,12,15,16,18,37,42,46,86,90,93,101,102" machi="8" ten="20,12000,1" yaku="1,1,0,1,7,1,9,1,54,1,53,0" doraHai="127" doraHaiUra="25" who="3" fromWho="3" sc="300,-41,254,-41,226,-41,210,133" owari="259,6.0,213,-19.0,185,-31.0,343,44.0" /></mjloggm>