<mjloggm ver="2.3"><GO type="41" lobby="0"/><UN n0="%50%4F%4D%E3%81%98%E3%82%85%E3%83%BC%E3%81%99" n1="%E3%81%82%E3%81%A0%E3%82%86%E3%82%81%E5%96%B0%E3%81%84" n2="%E3%83%88%E3%83%88%E3%83%AA%E5%85%88%E7%94%9F%31%39%E6%AD%B3" n3="%E3%81%A9%E3%81%98%E3%82%87%E3%81%A3%E3%81%93" dan="14,13,14,13" rate="1969.41,1877.85,2008.32,1839.61" sx="M,M,F,M"/><TAIKYOKU oya="0"/><INIT seed="0,0,0,4,3,134" ten="250,250,250,250" oya="0" hai0="14,17,7,59,34,60,6,78,33,91,86,124,51" hai1="82,16,89,62,46,81,126,102,72,0,10,23,55" hai2="106,71,80,120,125,26,56,31,130,94,99,45,42" hai3="36,39,18,133,77,3,131,73,67,13,112,115,132"/><T114/><D114/><N who="3" m="43561" /><G67/><T1/><D78/><U104/><E72/><V2/><F71/><W41/><G3/><T28/><D51/><U15/><E102/><V30/><F2/><W96/><G96/><T12/><D1/><U44/><E104/><V103/><F120/><W37/><G131/><T25/><D34/><U121/><E121/><V74/><F130/><W20/><G77/><T47/><D47/><U64/><E55/><V69/><F69/><W21/><G73/><T109/><D109/><U83/><E89/><V49/><F80/><W5/><G5/><T24/><D24/><U53/><E53/><V54/><F74/><W116/><G116/><T52/><D124/><U111/><E126/><V105/><F31/><W108/><G108/><T123/><D123/><U90/><E90/><V35/><REACH who="2" step="1"/><F125/><REACH who="2" ten="250,250,240,250" step="2"/><W4/><G133/><T128/><D128/><U9/><E111/><V29/><F29/><W101/><G132/><T70/><D70/><U127/><E127/><V88/><F88/><W135/><G135/><T43/><D43/><U11/><E0/><V113/><F113/><W117/><G41/><T76/><D76/><U48/><E48/><AGARI ba="0,1" hai="26,30,35,42,45,48,49,54,56,94,99,103,105,106" machi="48" ten="30,2000,0" yaku="1,1,7,1,53,0" doraHai="134" doraHaiUra="68" who="2" fromWho="1" sc="250,0,250,-20,240,30,250,0" /><INIT seed="1,0,0,3,0,31" ten="250,230,270,250" oya="1" hai0="96,95,57,66,24,60,106,37,45,20,53,103,12" hai1="0,109,35,61,4,10,18,114,13,98,42,121,62" hai2="83,33,3,135,127,68,124,43,8,25,73,131,11" hai3="7,117,132,34,1,128,26,77,52,81,122,105,104"/><U118/><E118/><V78/><F68/><W29/><G122/><T112/><D112/><U9/><E121/><V91/><F131/><W21/><G128/><T133/><D133/><U130/><E114/><V58/><F135/><W101/><G132/><T102/><D12/><U89/><E130/><V74/><F74/><W47/><G117/><T14/><D14/><U85/><E42/><V88/><F43/><W56/><G47/><T27/><D37/><U75/><E75/><V134/><F134/><W90/><G90/><N who="2" m="34345" /><F58/><W67/><G67/><T71/><D45/><U48/><E98/><V19/><F3/><W108/><G21/><T40/><D40/><U49/><E109/><V6/><F6/><W126/><G108/><T2/><D2/><U87/><E35/><V115/><F115/><W69/><G69/><T54/><D24/><U113/><E113/><V59/><F59/><W32/><G32/><T55/><D103/><U84/><REACH who="1" step="1"/><E89/><REACH who="1" ten="250,220,270,250" step="2"/><V63/><F33/><W72/><G72/><T16/><REACH who="0" step="1"/><D106/><REACH who="0" ten="240,220,270,250" step="2"/><U123/><E123/><V15/><F124/><W120/><G126/><T23/><D23/><U50/><AGARI ba="0,2" hai="0,4,9,10,13,18,48,49,50,61,62,84,85,87" machi="50" ten="30,3000,0" yaku="1,1,0,1,53,0" doraHai="31" doraHaiUra="76" who="1" fromWho="1" sc="240,-10,220,50,270,-10,250,-10" /><INIT seed="1,1,0,1,4,11" ten="230,270,260,240" oya="1" hai0="115,130,132,34,67,39,85,2,96,65,33,60,87" hai1="135,91,0,134,77,110,104,129,124,76,81,48,75" hai2="88,111,117,84,73,9,62,17,57,122,24,10,131" hai3="22,63,27,19,3,66,92,126,50,98,1,42,86"/><U105/><E0/><V37/><F117/><W114/><G114/><T46/><D115/><U109/><E48/><V59/><F122/><W100/><G126/><T120/><D2/><U95/><E76/><V102/><F73/><W36/><G36/><T128/><D120/><U56/><E56/><V6/><F37/><W74/><G74/><T29/><D132/><N who="1" m="50731" /><E129/><V15/><F131/><W51/><G86/><T31/><D39/><U52/><E52/><N who="2" m="34087" /><F111/><N who="1" m="42505" /><E124/><V58/><F102/><W94/><G50/><T127/><D60/><U38/><E38/><V61/><F61/><W108/><G108/><T101/><D127/><U123/><E123/><V55/><F55/><W43/><G3/><T116/><D116/><U125/><E125/><V133/><F133/><W20/><G1/><T113/><D113/><U93/><E93/><V5/><F58/><W78/><G51/><T41/><D67/><U14/><E14/><N who="2" m="7375" /><F59/><W53/><G53/><T21/><D65/><U45/><E45/><V30/><F15/><W99/><G78/><T26/><D46/><U35/><E35/><V47/><F47/><W49/><G49/><T16/><D33/><U12/><E12/><V121/><F121/><W119/><G119/><T44/><D34/><U8/><E8/><V32/><F10/><W28/><G66/><T118/><D44/><U25/><E25/><V13/><F13/><N who="3" m="9327" /><G63/><T23/><D128/><U64/><E64/><V89/><F5/><W54/><G54/><T107/><D130/><U18/><E18/><V69/><F6/><W106/><G94/><T72/><D118/><U40/><E40/><RYUUKYOKU ba="1,0" sc="230,-15,270,15,260,-15,240,15" hai1="75,77,81,91,95,104,105" hai3="22,27,28,42,43,92,98,99,100,106" /><INIT seed="1,2,0,5,0,21" ten="215,285,245,255" oya="1" hai0="127,81,97,113,80,87,135,99,109,16,30,96,40" hai1="126,124,54,36,2,118,23,71,11,43,83,94,112" hai2="85,33,31,51,78,38,98,19,35,115,27,63,48" hai3="12,95,103,128,32,119,55,75,86,65,104,10,108"/><U76/><E71/><V3/><F38/><W110/><G32/><T37/><D113/><U114/><E118/><V131/><F3/><W73/><G128/><T129/><D129/><U56/><E94/><V5/><F5/><W125/><G119/><T134/><D109/><N who="3" m="42089" /><G65/><T92/><D127/><N who="1" m="48683" /><E23/><V60/><F131/><W44/><G125/><T107/><D107/><U6/><E56/><V88/><F115/><W41/><G55/><T74/><D30/><U101/><E101/><V93/><F19/><N who="3" m="8599" /><G104/><T117/><D117/><U90/><E54/><V123/><F35/><W89/><G103/><T20/><D40/><U45/><E90/><V82/><REACH who="2" step="1"/><F123/><REACH who="2" ten="215,285,235,255" step="2"/><W66/><G66/><T68/><D37/><AGARI ba="2,1" hai="37,41,44,73,75,86,89,95" m="8599,42089" machi="37" ten="30,1000,0" yaku="14,1" doraHai="21" who="3" fromWho="0" sc="215,-16,285,0,235,0,255,26" /><INIT seed="2,0,0,1,5,37" ten="199,285,235,281" oya="2" hai0="10,89,95,82,53,92,74,79,116,9,104,108,30" hai1="26,135,101,42,84,54,49,51,77,85,21,36,76" hai2="103,88,105,91,40,115,119,15,45,39,94,50,3" hai3="47,131,13,11,87,73,44,61,102,109,126,35,86"/><V6/><F115/><W33/><G73/><T124/><D108/><U62/><E36/><V58/><F119/><W118/><G109/><T121/><D121/><U65/><E101/><V93/><F3/><W52/><G118/><T17/><D116/><U133/><E49/><N who="2" m="26791" /><F105/><W63/><G102/><T68/><D104/><U64/><E64/><V20/><F39/><W29/><G131/><T130/><D68/><U48/><E48/><V132/><F132/><N who="1" m="50761" /><E42/><V98/><F93/><W123/><G123/><T134/><D134/><U46/><E85/><V8/><F20/><W112/><G112/><T122/><D122/><U107/><E84/><V113/><F113/><W16/><G87/><T1/><D1/><U117/><E107/><V97/><F97/><W70/><G86/><T7/><D130/><U99/><E99/><V5/><F5/><W31/><G33/><T56/><D95/><U72/><E72/><V66/><F66/><W81/><G35/><T125/><D92/><U57/><E117/><V128/><F128/><W75/><G75/><T120/><D74/><U90/><E90/><V18/><F6/><W114/><G114/><T34/><D7/><U24/><E24/><V100/><F91/><W60/><G81/><T129/><D89/><U83/><E83/><V19/><F19/><AGARI ba="0,0" hai="19,21,26,46,51,54,57,62,65,76,77" m="50761" machi="19" ten="30,1000,0" yaku="20,1" doraHai="37" who="1" fromWho="2" sc="199,0,285,10,235,-10,281,0" /><INIT seed="3,0,0,5,5,28" ten="199,295,225,281" oya="3" hai0="40,119,42,39,83,129,74,11,22,87,124,20,29" hai1="88,26,95,1,43,25,23,123,72,64,33,118,50" hai2="57,109,68,115,117,2,63,92,51,17,99,104,112" hai3="107,36,73,60,4,121,52,130,47,31,125,32,81"/><W65/><G121/><T46/><D119/><U78/><E123/><V100/><F117/><W82/><G107/><T67/><D129/><U79/><E1/><V126/><F2/><W76/><G130/><T134/><D134/><U56/><E72/><V6/><F6/><W48/><G81/><T105/><D124/><U44/><E118/><V84/><F126/><W96/><G125/><T116/><D116/><U77/><E33/><V122/><F122/><W54/><G96/><T7/><D105/><U108/><E108/><V13/><F109/><W85/><G4/><T61/><D42/><U110/><E110/><V69/><F51/><W24/><G36/><T111/><D29/><U98/><E23/><V75/><F75/><W5/><G5/><T89/><D74/><U58/><E58/><V114/><F84/><W103/><G103/><T70/><REACH who="0" step="1"/><D111/><REACH who="0" ten="189,295,225,281" step="2"/><U49/><E49/><V9/><REACH who="2" step="1"/><F104/><REACH who="2" ten="189,295,215,281" step="2"/><W18/><G73/><T37/><D37/><U3/><E3/><AGARI ba="0,2" hai="3,7,11,20,22,39,40,46,61,67,70,83,87,89" machi="3" ten="30,3900,0" yaku="1,1,7,1,53,1" doraHai="28" doraHaiUra="35" who="0" fromWho="1" sc="189,59,295,-39,215,0,281,0" /><INIT seed="4,0,0,1,3,29" ten="248,256,215,281" oya="0" hai0="102,47,31,65,28,84,103,129,25,15,114,125,42" hai1="11,8,48,111,108,82,45,39,66,99,126,63,101" hai2="22,132,109,3,73,55,124,10,113,61,74,62,90" hai3="33,116,128,112,123,46,135,30,107,93,14,78,86"/><T69/><D114/><U2/><E126/><V5/><F109/><W117/><G107/><T67/><D125/><U34/><E39/><V95/><F124/><W9/><G112/><T52/><D129/><U36/><E36/><V59/><F113/><W134/><G128/><T105/><D69/><U18/><E82/><V13/><F132/><N who="3" m="50731" /><G46/><T100/><D105/><U81/><E81/><V50/><F62/><W24/><G123/><T26/><D42/><U57/><E34/><V104/><F104/><W92/><G78/><T43/><D43/><U40/><E8/><V83/><F83/><W87/><G87/><T68/><D84/><U20/><E11/><V35/><F35/><W49/><G49/><N who="0" m="28735" /><D68/><U79/><E79/><V53/><F53/><W91/><G92/><T71/><D71/><U72/><E72/><V23/><F3/><W51/><G51/><T4/><D4/><AGARI ba="0,0" hai="4,9,14,24,30,33,86,91,93,116,117" m="50731" machi="4" ten="30,2000,0" yaku="20,1,52,1" doraHai="29" who="3" fromWho="0" sc="248,-20,256,0,215,0,281,20" /><INIT seed="5,0,0,2,0,79" ten="228,256,215,301" oya="1" hai0="125,33,105,130,132,31,20,87,57,25,42,68,3" hai1="11,122,80,91,128,108,96,72,104,45,67,86,63" hai2="129,92,24,44,22,12,107,89,27,60,28,29,46" hai3="53,9,38,120,75,4,23,43,10,69,94,123,113"/><U131/><E122/><V117/><F117/><W133/><G69/><T30/><D68/><U82/><E72/><V8/><F107/><W84/><G75/><T106/><D3/><U48/><E108/><V101/><F101/><W103/><G23/><T16/><D125/><U0/><E11/><V112/><F112/><W14/><G53/><T32/><D42/><N who="1" m="24631" /><E0/><V119/><F60/><W93/><G113/><T61/><D132/><U88/><E96/><V102/><F102/><W116/><G43/><T134/><D134/><U110/><E104/><V135/><F129/><N who="1" m="49737" /><E110/><V2/><F2/><W99/><G38/><T52/><D130/><U36/><E36/><V81/><F119/><W5/><G116/><T70/><D70/><N who="1" m="42367" /><E91/><V6/><F135/><W114/><G133/><T100/><D106/><U85/><E85/><N who="2" m="52271" /><F27/><W126/><G114/><T109/><D109/><U47/><E47/><N who="2" m="17963" /><F29/><W76/><G120/><T77/><D31/><U73/><E73/><V127/><F127/><W95/><G126/><T97/><REACH who="0" step="1"/><D30/><REACH who="0" ten="218,256,215,301" step="2"/><U37/><E37/><V41/><F41/><W18/><G123/><T121/><D121/><U7/><E7/><V71/><F71/><W56/><G5/><T115/><D115/><U78/><E78/><V83/><AGARI ba="0,1" hai="6,8,12,22,24,28,81,83" m="17963,52271" machi="83" ten="30,4000,0" yaku="8,1,52,2" doraHai="79" who="2" fromWho="2" sc="218,-10,256,-20,215,50,301,-10" /><INIT seed="6,0,0,2,1,63" ten="208,236,265,291" oya="2" hai0="106,84,34,66,7,29,119,31,101,59,85,124,28" hai1="118,8,95,81,102,26,4,71,86,12,99,45,54" hai2="98,128,115,108,38,2,18,70,133,68,51,74,129" hai3="53,23,52,61,33,126,132,42,5,94,69,17,30"/><V91/><F38/><W39/><G5/><T113/><D34/><U3/><E118/><V77/><F2/><W47/><G132/><T14/><D119/><U1/><E71/><V122/><F122/><W32/><G30/><T11/><D124/><U96/><E26/><V72/><F133/><W56/><G126/><T130/><D130/><U110/><E110/><V75/><F108/><W9/><G9/><T93/><D106/><U105/><E45/><V123/><F123/><W114/><G114/><T88/><D101/><U44/><E44/><V13/><F68/><W16/><G17/><T46/><D113/><U15/><E15/><V87/><F70/><W10/><G10/><T21/><D46/><U116/><E116/><V48/><F75/><W35/><G94/><T36/><D36/><U100/><REACH who="1" step="1"/><E54/><REACH who="1" ten="208,226,265,291" step="2"/><V25/><F115/><W24/><G69/><T41/><D41/><U27/><E27/><V121/><F121/><W57/><G35/><T131/><D131/><U80/><E80/><V82/><F128/><W20/><G23/><T97/><REACH who="0" step="1"/><D21/><REACH who="0" ten="198,226,265,291" step="2"/><U60/><E60/><AGARI ba="0,2" hai="16,20,24,32,33,39,42,47,52,53,56,57,60,61" machi="60" ten="30,7700,0" yaku="7,1,9,1,54,2" doraHai="63" who="3" fromWho="1" sc="198,0,226,-77,265,0,291,97" /><AGARI ba="0,0" hai="7,11,14,28,29,31,59,60,66,84,85,88,93,97" machi="60" ten="40,8000,1" yaku="1,1,2,1,8,1,52,1,54,1,53,0" doraHai="63" doraHaiUra="127" who="0" fromWho="1" sc="198,80,149,-80,265,0,388,0" /><INIT seed="7,0,0,2,1,49" ten="278,69,265,388" oya="3" hai0="62,106,108,114,55,126,42,122,115,95,103,1,63" hai1="23,80,41,43,16,50,68,28,72,40,9,45,8" hai2="39,38,132,26,105,120,51,61,104,12,133,123,86" hai3="36,52,11,48,71,109,90,10,14,32,130,79,73"/><W85/><G32/><T107/><D122/><N who="2" m="46634" /><F26/><W78/><G36/><N who="2" m="13865" /><F86/><W3/><G130/><T75/><D75/><U5/><E68/><V97/><F12/><W57/><G71/><T65/><D1/><U37/><E37/><V17/><F17/><W58/><G58/><N who="0" m="35167" /><D42/><U46/><E28/><V6/><F6/><W70/><G70/><N who="0" m="42303" /><D108/><U47/><E50/><V135/><F61/><W34/><G34/><T91/><D103/><U102/><E102/><N who="2" m="62543" /><F51/><W7/><G73/><T54/><D54/><U127/><E5/><V19/><F19/><W88/><G90/><T112/><D126/><U30/><E30/><V83/><F83/><W128/><G109/><T25/><D25/><U66/><E66/><V124/><F105/><W113/><G128/><T21/><D21/><U18/><E127/><AGARI ba="0,0" hai="124,127,132,133,135" m="62543,13865,46634" machi="127" ten="40,5200,0" yaku="20,1,13,1,23,1" doraHai="49" who="2" fromWho="1" sc="278,0,69,-52,265,52,388,0" owari="278,-12.0,17,-48.0,317,12.0,388,48.0" /></mjloggm>