<mjloggm ver="2.3"><GO type="41" lobby="0"/><UN n0="%4D%59%45%52%45%53" n1="%6B%65%6E%31%39%32%31" n2="%E3%81%84%E3%81%9F%E3%81%9A%E3%82%89%E7%8C%AB" n3="%E5%B0%B1%E6%B4%BB%E7%94%9F%40%E5%B7%9D%E6%9D%91%E8%BB%8D%E5%9B%A3" dan="13,14,13,14" rate="1877.95,1929.66,1864.94,1966.99" sx="M,M,M,M"/><TAIKYOKU oya="0"/><INIT seed="0,0,0,0,1,67" ten="250,250,250,250" oya="0" hai0="79,120,87,100,116,37,42,9,108,25,103,7,51" hai1="113,134,127,45,114,61,104,32,41,26,123,99,83" hai2="48,110,106,28,59,34,55,18,8,70,52,92,111" hai3="78,57,121,118,64,43,74,47,62,91,6,112,17"/><T22/><D120/><U54/><E123/><V97/><F70/><W72/><G121/><T27/><D116/><U50/><E134/><V80/><F80/><W14/><G112/><N who="1" m="43114" /><E127/><V5/><F106/><W90/><G118/><T119/><D119/><U11/><E11/><V84/><F84/><W129/><G6/><T109/><D37/><U56/><E83/><V88/><F34/><W3/><G3/><T2/><D79/><U107/><E99/><V130/><F130/><W58/><G129/><T135/><D87/><U13/><E13/><V94/><F28/><AGARI ba="0,0" hai="26,28,32,41,45,50,54,56,61,104,107" m="43114" machi="28" ten="30,1000,0" yaku="11,1" doraHai="67" who="1" fromWho="2" sc="250,0,250,10,250,-10,250,0" /><INIT seed="1,0,0,5,3,124" ten="250,260,240,250" oya="1" hai0="108,30,0,64,15,78,41,42,60,73,85,120,83" hai1="40,98,122,27,111,8,121,117,76,110,65,97,115" hai2="44,94,100,14,16,80,21,135,116,28,58,29,3" hai3="107,102,59,23,95,22,104,113,69,55,32,133,63"/><U31/><E40/><V99/><F116/><W89/><G113/><T56/><D108/><N who="1" m="41515" /><E65/><V132/><F3/><W88/><G133/><N who="2" m="51273" /><F44/><W17/><G32/><T24/><D120/><N who="1" m="46187" /><E76/><V125/><F125/><W96/><G69/><T52/><D0/><U35/><E97/><V92/><F80/><W34/><G34/><T84/><D15/><U130/><E98/><V51/><F92/><W25/><G89/><T118/><D118/><U62/><E62/><V54/><AGARI ba="0,0" hai="14,16,21,28,29,51,54,58,94,99,100" m="51273" machi="54" ten="30,2000,0" yaku="20,1,54,1" doraHai="124" who="2" fromWho="2" sc="250,-5,260,-10,240,20,250,-5" /><INIT seed="2,0,0,1,3,50" ten="245,250,260,245" oya="2" hai0="33,132,13,62,60,134,39,100,57,21,112,46,115" hai1="75,3,27,70,127,87,133,37,126,29,56,23,9" hai2="36,26,105,12,19,72,43,79,102,118,77,28,44" hai3="81,34,89,52,11,124,61,107,48,10,71,92,94"/><V86/><F118/><W31/><G107/><T20/><D33/><U78/><E70/><V49/><F72/><W119/><G119/><T97/><D39/><U58/><E87/><V55/><F105/><W0/><G124/><N who="1" m="47658" /><E133/><N who="0" m="51305" /><D46/><U91/><E91/><V123/><F102/><W54/><G34/><T85/><D85/><U130/><E37/><V68/><F68/><W73/><G31/><T117/><D117/><U116/><E116/><V30/><F123/><W108/><G108/><T40/><D40/><U18/><E78/><V84/><F30/><W22/><G22/><N who="0" m="8811" /><D13/><N who="1" m="7471" /><E75/><V24/><F28/><W111/><G111/><T104/><D62/><U69/><E69/><V96/><F96/><W7/><G11/><T109/><D109/><U67/><E67/><AGARI ba="0,0" hai="57,60,67,97,100,104,112,115" m="8811,51305" machi="67" ten="30,1000,0" yaku="20,1" doraHai="50" who="0" fromWho="1" sc="245,10,250,-10,260,0,245,0" /><INIT seed="3,0,0,5,4,31" ten="255,240,260,245" oya="3" hai0="119,55,5,115,84,101,34,105,71,114,110,14,70" hai1="120,10,113,0,82,121,91,27,62,18,79,132,28" hai2="116,43,98,16,58,94,86,109,112,13,125,92,76" hai3="11,77,128,87,123,131,111,95,78,15,75,85,60"/><W81/><G123/><T46/><D110/><U6/><E113/><N who="0" m="43017" /><D119/><U20/><E132/><V129/><F109/><W51/><G111/><T23/><D34/><U32/><E91/><V12/><F116/><W65/><G51/><N who="0" m="29175" /><D84/><U93/><E93/><V37/><F112/><W67/><G75/><T126/><D126/><U108/><E108/><V39/><F129/><N who="3" m="49739" /><G60/><T41/><D41/><U38/><E38/><V133/><F125/><W3/><G3/><T61/><D61/><U73/><REACH who="1" step="1"/><E62/><REACH who="1" ten="255,230,260,245" step="2"/><V50/><F39/><W7/><G95/><T89/><D89/><U33/><E33/><V57/><F37/><W118/><G118/><T66/><D105/><U135/><E135/><V35/><F133/><W100/><G100/><T45/><D101/><U1/><E1/><V36/><F35/><W26/><G78/><T122/><D122/><U80/><E80/><V56/><F76/><W48/><G81/><T49/><D49/><U97/><E97/><V106/><F36/><W88/><G77/><T44/><D71/><U9/><E9/><V29/><F98/><W124/><G124/><T103/><D103/><U24/><AGARI ba="0,1" hai="0,6,10,18,20,24,27,28,32,73,79,82,120,121" machi="24" ten="20,5200,0" yaku="1,1,0,1,7,1,52,1,53,0" doraHai="31" doraHaiUra="127" who="1" fromWho="1" sc="255,-13,230,62,260,-13,245,-26" /><INIT seed="4,0,0,2,0,57" ten="242,292,247,219" oya="0" hai0="83,102,70,38,0,90,72,120,9,86,126,1,74" hai1="48,106,3,89,6,111,62,39,103,124,133,15,28" hai2="24,84,131,53,21,31,51,129,114,107,46,49,98" hai3="50,64,75,117,81,34,20,5,16,88,115,61,11"/><T92/><D120/><U100/><E111/><V10/><F114/><W134/><G34/><T77/><D126/><U95/><E124/><V19/><F84/><N who="3" m="50191" /><G75/><T118/><D118/><U18/><E39/><V14/><F98/><W122/><G117/><T32/><D32/><U41/><E106/><V91/><F91/><W73/><G73/><T17/><D38/><U135/><E28/><V82/><F82/><W8/><G122/><T63/><D102/><U80/><E80/><V93/><F93/><W121/><G121/><T69/><D72/><U113/><E113/><V45/><F107/><W127/><G115/><T78/><D78/><U26/><E26/><V116/><REACH who="2" step="1"/><F116/><REACH who="2" ten="242,292,237,219" step="2"/><W52/><G134/><T94/><D94/><U119/><E119/><V55/><AGARI ba="0,1" hai="10,14,19,21,24,31,45,46,49,51,53,55,129,131" machi="55" ten="30,12000,2" yaku="1,1,2,1,0,1,9,1,53,2" doraHai="57" doraHaiUra="125" who="2" fromWho="2" sc="242,-60,292,-30,237,130,219,-30" /><INIT seed="5,0,0,3,3,108" ten="182,262,367,189" oya="1" hai0="65,10,74,42,85,114,24,53,69,89,109,23,118" hai1="75,58,54,62,40,112,14,129,88,60,67,15,3" hai2="4,45,19,41,6,130,56,36,52,26,9,100,71" hai3="103,135,25,111,91,133,35,63,1,55,7,2,66"/><U104/><E3/><V12/><F130/><W46/><G111/><T79/><D109/><U16/><E104/><V94/><F71/><W18/><G103/><T92/><D118/><U80/><E129/><V81/><F81/><W123/><G123/><T57/><D42/><U124/><E124/><V126/><F126/><W82/><G46/><T72/><D79/><U27/><E40/><V122/><F122/><W49/><G49/><T50/><D10/><U99/><E75/><V110/><F110/><W39/><G55/><T43/><D43/><U44/><E44/><V132/><F132/><N who="3" m="50763" /><G39/><T37/><D37/><U31/><E112/><V17/><F17/><W32/><G7/><T105/><D105/><U20/><E31/><V76/><F76/><W98/><G18/><T127/><D127/><U5/><E5/><V87/><F26/><W96/><G96/><T131/><D131/><U93/><E80/><V77/><F77/><W64/><G64/><T30/><REACH who="0" step="1"/><D114/><REACH who="0" ten="172,262,367,189" step="2"/><U120/><E120/><V34/><F6/><W33/><G1/><T78/><D78/><U119/><E119/><V48/><F4/><W116/><G2/><T59/><D59/><AGARI ba="0,1" hai="14,15,16,20,27,54,58,59,60,62,67,88,93,99" machi="59" ten="30,18000,2" yaku="7,1,25,2,8,1,54,2" doraHai="108" who="1" fromWho="0" sc="172,-180,262,190,367,0,189,0" owari="-8,-51.0,452,55.0,367,17.0,189,-21.0" /></mjloggm>