<mjloggm ver="2.3"><GO type="97" lobby="0"/><UN n0="%E9%9B%B6%E8%90%BD%E6%98%9F%E5%A5%88" n1="%E3%81%9F%E3%81%AA%E3%81%97%E3%82%85%E3%81%86" n2="%E5%B0%B1%E6%B4%BB%E7%94%9F%40%E5%B7%9D%E6%9D%91%E8%BB%8D%E5%9B%A3" n3="%E8%AB%BE" dan="13,13,15,13" rate="1852.45,1893.95,2011.40,1888.59" sx="F,M,M,M"/><TAIKYOKU oya="0"/><INIT seed="0,0,0,3,0,84" ten="250,250,250,250" oya="0" hai0="32,40,1,124,45,94,47,100,77,14,37,133,130" hai1="91,134,75,53,30,78,43,52,73,15,88,61,109" hai2="21,106,118,20,122,57,119,13,103,101,10,87,93" hai3="115,36,33,85,9,50,39,56,114,17,126,31,90"/><T59/><D1/><U19/><E134/><V132/><F106/><W16/><G31/><T102/><D130/><U116/><E116/><N who="2" m="44587" /><F132/><W51/><G33/><T70/><D133/><U97/><E109/><V0/><F0/><W6/><G126/><T120/><D70/><U54/><E43/><V86/><F122/><W64/><G51/><T4/><D32/><U128/><E128/><V2/><F2/><W34/><G34/><T48/><D120/><U55/><E30/><V129/><F129/><W8/><G8/><T65/><D124/><U69/><E69/><V25/><F57/><W95/><G39/><T89/><D77/><U121/><E121/><V108/><F108/><W60/><G36/><T5/><D37/><U113/><E113/><V83/><F87/><W22/><G50/><T125/><D125/><U23/><E75/><V58/><F58/><W68/><G68/><T112/><D112/><U107/><E73/><V82/><F82/><W44/><G44/><T123/><D47/><U71/><E71/><V26/><F26/><W131/><G131/><T117/><D123/><U67/><E78/><N who="2" m="46455" /><F93/><W135/><G135/><T92/><D117/><U76/><E76/><V7/><F21/><W42/><G42/><T104/><D94/><U96/><N who="1" m="13312" /><DORA hai="63" /><U46/><E46/><V28/><AGARI ba="0,0" hai="7,10,13,20,25,28,101,103" m="46455,44587" machi="28" ten="30,1100,0" yaku="12,1" doraHai="84,63" who="2" fromWho="2" sc="250,-5,250,-3,250,11,250,-3" /><INIT seed="1,0,0,4,1,58" ten="245,247,261,247" oya="1" hai0="123,91,38,12,56,82,5,96,113,60,61,59,33" hai1="119,133,109,118,103,106,97,24,83,125,18,129,124" hai2="80,4,44,114,31,132,130,70,131,29,1,36,122" hai3="90,69,0,9,47,65,98,115,75,17,52,62,99"/><U87/><E129/><N who="2" m="49163" /><F70/><W116/><G75/><T117/><D113/><U79/><E133/><V55/><F36/><W112/><G116/><T107/><D117/><N who="1" m="44555" /><E18/><V64/><F64/><W128/><G128/><T63/><D38/><U108/><E24/><V8/><F44/><W127/><G127/><AGARI ba="0,0" hai="79,83,87,97,103,106,108,109,124,125,127" m="44555" machi="127" ten="40,7700,0" yaku="18,1,34,2" doraHai="58" who="1" fromWho="3" sc="245,0,247,77,261,0,247,-77" /><INIT seed="1,1,0,4,4,63" ten="245,324,261,170" oya="1" hai0="8,108,46,38,113,116,65,104,100,119,24,35,129" hai1="42,132,51,13,74,67,133,82,27,117,70,28,4" hai2="41,76,86,83,40,127,52,36,43,68,61,72,59" hai3="109,112,94,34,126,131,7,5,37,95,58,130,31"/><U81/><E117/><V3/><F127/><W90/><G126/><T80/><D113/><U33/><E74/><V101/><F3/><W2/><G37/><T32/><D8/><N who="1" m="4231" /><E42/><V47/><F101/><W6/><G112/><T89/><D129/><N who="3" m="49161" /><G109/><T96/><D108/><U23/><E33/><V110/><F110/><W84/><G31/><T69/><D46/><U124/><E124/><V97/><F97/><W1/><G34/><T71/><D38/><U39/><E39/><V122/><F122/><W93/><G58/><T14/><D119/><U9/><E9/><V56/><F68/><W128/><N who="3" m="49169" /><W62/><DORA hai="60" /><G62/><T64/><D116/><U77/><E77/><V92/><F59/><W30/><G30/><T121/><D121/><U102/><E102/><V16/><F72/><W120/><G120/><T85/><D14/><U75/><E75/><V118/><F92/><AGARI ba="1,0" hai="1,2,5,6,7,84,90,92,93,94,95" m="49169" machi="92" ten="50,1600,0" yaku="19,1" doraHai="63,60" who="3" fromWho="2" sc="245,0,324,0,261,-19,170,19" /><INIT seed="2,0,0,5,3,30" ten="245,324,242,189" oya="2" hai0="48,62,61,40,90,134,70,107,7,18,113,127,31" hai1="125,3,99,122,1,46,25,86,56,118,34,102,67" hai2="92,80,105,98,24,14,57,59,132,66,26,54,2" hai3="32,75,11,93,71,130,45,4,63,42,103,39,23"/><V112/><F2/><W106/><G23/><T84/><D113/><U8/><E118/><V53/><F105/><W117/><G117/><T133/><D107/><U124/><E122/><V95/><F112/><W69/><G93/><T81/><D127/><N who="1" m="48715" /><E46/><V76/><F66/><W115/><G115/><T52/><D7/><U85/><E8/><V74/><F14/><W0/><G130/><T119/><D119/><U128/><E128/><V36/><F36/><W87/><G87/><N who="1" m="33290" /><E99/><V10/><F10/><W88/><G88/><N who="0" m="51215" /><D18/><U120/><E120/><V64/><F64/><N who="3" m="41119" /><G71/><T15/><D31/><N who="1" m="19823" /><E102/><V82/><F82/><W12/><G75/><T135/><D90/><U111/><E111/><V68/><F68/><W60/><G60/><AGARI ba="0,0" hai="1,3,56,60,67" m="19823,33290,48715" machi="60" ten="30,2000,0" yaku="18,1,52,1" doraHai="30" who="1" fromWho="3" sc="245,0,324,20,242,0,189,-20" /><INIT seed="3,0,0,3,5,57" ten="245,344,242,169" oya="3" hai0="71,122,23,20,82,61,78,9,65,15,111,7,91" hai1="63,17,43,10,79,108,24,119,89,126,16,53,1" hai2="36,18,29,55,0,113,76,49,75,83,129,68,42" hai3="121,8,117,86,107,92,120,64,97,25,44,96,133"/><W109/><G117/><T100/><D122/><U67/><E108/><V127/><F113/><W116/><G109/><T85/><D111/><U2/><E43/><V106/><F0/><W98/><G116/><T74/><D100/><U52/><E119/><V22/><F68/><W46/><G25/><T3/><REACH who="0" step="1"/><D3/><REACH who="0" ten="235,344,242,169" step="2"/><U47/><E2/><V103/><F103/><W93/><G107/><T54/><D54/><U128/><E1/><V62/><F55/><W131/><G64/><T56/><D56/><U66/><E53/><V94/><F42/><W59/><G59/><T81/><AGARI ba="0,1" hai="7,9,15,20,23,61,65,71,74,78,81,82,85,91" machi="81" ten="20,5200,0" yaku="1,1,0,1,7,1,52,1,53,0" doraHai="57" doraHaiUra="38" who="0" fromWho="0" sc="235,62,344,-13,242,-13,169,-26" owari="297,10.0,331,43.0,229,-17.0,143,-36.0" /></mjloggm>