<mjloggm ver="2.3"><GO type="169" lobby="0"/><UN n0="%46%75%72%75%79%61" n1="%70%67%61%69%6E" n2="%E3%81%B3%E3%82%8A%E3%81%B3%E3%82%8A%E2%98%86%E3%83%93%E3%83%AA%E3%83%BC" n3="%E3%83%88%E3%83%88%E3%83%AA%E5%85%88%E7%94%9F%31%39%E6%AD%B3" dan="16,16,19,17" rate="2143.04,2111.28,2208.46,2209.15" sx="M,M,M,F"/><TAIKYOKU oya="0"/><INIT seed="0,0,0,5,2,8" ten="250,250,250,250" oya="0" hai0="130,54,29,113,23,65,125,27,107,103,30,72,127" hai1="76,6,17,77,25,118,46,36,53,126,32,69,104" hai2="9,87,38,117,64,10,92,112,86,82,16,121,35" hai3="97,60,22,19,114,11,93,63,26,43,81,78,111"/><T37/><D113/><U56/><E118/><V102/><F112/><W88/><G114/><T21/><D72/><U24/><E126/><N who="0" m="48137" /><D37/><U90/><E104/><V73/><F35/><W51/><G111/><T0/><D0/><U123/><E123/><V41/><F73/><W95/><G43/><T49/><D65/><U100/><E100/><V106/><F121/><W99/><G51/><T47/><D130/><U15/><E6/><V70/><F106/><W84/><REACH who="3" step="1"/><G11/><REACH who="3" ten="250,250,250,240" step="2"/><T110/><D110/><U50/><E36/><V96/><F10/><W116/><G116/><T12/><D107/><U48/><E48/><V13/><F117/><W58/><G58/><T91/><D49/><U18/><E50/><V135/><F135/><W55/><G55/><T33/><D54/><U109/><E56/><V132/><F132/><W122/><G122/><T66/><D47/><U74/><E53/><V45/><REACH who="2" step="1"/><F82/><REACH who="2" ten="250,250,240,240" step="2"/><W28/><G28/><T94/><D30/><U120/><E120/><V34/><F34/><W44/><G44/><T131/><D33/><U59/><E46/><V57/><F57/><W3/><G3/><T14/><D29/><U68/><E59/><V89/><F89/><AGARI ba="0,2" hai="19,22,26,60,63,78,81,84,88,89,93,95,97,99" machi="89" ten="30,8000,1" yaku="1,1,7,1,9,1,8,1,54,1,53,0" doraHai="8" doraHaiUra="31" who="3" fromWho="2" sc="250,0,250,0,240,-80,240,100" /><INIT seed="1,0,0,0,2,100" ten="250,250,160,340" oya="1" hai0="105,36,13,110,7,73,67,76,111,83,9,30,109" hai1="20,58,57,48,28,123,130,74,82,81,2,117,93" hai2="21,29,91,86,61,96,3,135,41,99,34,22,4" hai3="77,101,16,10,126,43,94,5,72,85,122,90,131"/><U26/><E117/><V69/><F34/><W92/><G122/><T64/><D36/><U47/><E123/><V31/><F135/><W124/><G131/><T84/><D30/><U27/><E130/><V134/><F134/><W113/><G113/><T62/><D67/><U60/><E2/><V128/><F128/><W59/><G43/><T65/><D65/><U37/><E37/><V52/><F41/><W98/><G59/><T24/><D24/><U63/><E74/><V12/><F3/><W14/><G72/><T56/><D73/><U127/><E127/><N who="3" m="48682" /><G77/><T129/><D129/><U23/><E93/><V66/><F31/><W115/><G115/><T42/><D42/><N who="1" m="24695" /><E58/><N who="2" m="35015" /><F66/><W38/><G38/><T50/><D50/><U11/><E11/><N who="2" m="4199" /><F69/><W80/><G5/><T107/><AGARI ba="0,0" hai="7,9,13,56,62,64,76,83,84,105,107,109,110,111" machi="107" ten="40,8000,1" yaku="0,1,14,1,52,2" doraHai="100" who="0" fromWho="0" sc="250,80,250,-40,160,-20,340,-20" /><INIT seed="2,0,0,1,0,19" ten="330,210,140,320" oya="2" hai0="108,20,25,95,5,39,63,21,133,78,121,83,11" hai1="98,4,35,125,45,82,106,71,76,77,118,112,124" hai2="38,17,40,26,47,48,1,109,12,91,99,28,119" hai3="100,128,113,65,59,10,132,117,37,2,104,89,34"/><V115/><F115/><W86/><G117/><T64/><D121/><U79/><E118/><V126/><F119/><W50/><G34/><T114/><D114/><U54/><E112/><V52/><F1/><W68/><G37/><T67/><D108/><U42/><E71/><V61/><F109/><W56/><G113/><T36/><D133/><U107/><E82/><V69/><F126/><N who="1" m="48745" /><E35/><V22/><F99/><W13/><G2/><T57/><D64/><U44/><E4/><V53/><F91/><W46/><G132/><T27/><D95/><U120/><E120/><V55/><F69/><W131/><G100/><T123/><D123/><U58/><E98/><V9/><REACH who="2" step="1"/><F61/><REACH who="2" ten="330,210,130,320" step="2"/><W105/><G68/><T66/><D63/><N who="1" m="36311" /><E45/><AGARI ba="0,1" hai="9,12,17,22,26,28,38,40,45,47,48,52,53,55" machi="45" ten="30,11600,0" yaku="1,1,7,1,52,1,54,1,53,0" doraHai="19" doraHaiUra="93" who="2" fromWho="1" sc="330,0,210,-116,130,126,320,0" /><INIT seed="2,1,0,1,0,87" ten="330,94,256,320" oya="2" hai0="57,19,101,49,10,111,53,35,69,117,118,0,31" hai1="106,91,1,13,7,113,95,50,127,42,23,134,44" hai2="122,115,76,75,33,28,80,108,114,89,73,128,79" hai3="124,126,123,46,83,5,90,71,16,125,96,2,59"/><V45/><F122/><W11/><G123/><T12/><D111/><U77/><E113/><V25/><F108/><W39/><G71/><T56/><D69/><U14/><E106/><V52/><F128/><W98/><G59/><T88/><D0/><U74/><E134/><V43/><F89/><W26/><G39/><T61/><D101/><U51/><E127/><V48/><REACH who="2" step="1"/><F43/><REACH who="2" ten="330,94,246,320" step="2"/><W29/><G90/><T107/><D88/><U121/><E121/><V24/><F24/><W78/><G46/><T135/><D135/><U58/><E44/><V92/><F92/><W66/><G124/><T85/><D118/><U37/><E95/><V110/><F110/><W116/><G116/><T38/><D117/><U18/><E91/><V63/><F63/><W32/><G125/><T120/><D61/><U34/><E42/><V47/><F47/><W130/><G126/><T8/><D120/><U17/><E77/><V41/><F41/><W40/><G40/><T94/><D94/><U15/><E37/><V97/><F97/><W27/><G130/><T109/><D109/><U105/><E105/><V129/><F129/><W36/><G36/><T30/><D38/><U72/><E51/><V22/><F22/><N who="3" m="13639" /><G96/><T65/><D107/><U54/><E23/><V112/><F112/><W131/><G98/><T93/><D93/><U62/><E62/><V9/><F9/><W20/><G131/><T67/><D8/><N who="1" m="2159" /><E34/><V133/><F133/><W64/><G32/><T99/><D35/><U68/><E50/><V102/><F102/><W81/><G78/><T82/><D49/><N who="1" m="31055" /><E68/><V103/><F103/><RYUUKYOKU ba="1,1" sc="330,-30,94,10,246,10,320,10" hai1="13,14,15,17,18,72,74" hai2="25,28,33,45,48,52,73,75,76,79,80,114,115" hai3="2,5,11,20,27,29,64,66,81,83" /><INIT seed="2,2,1,4,3,76" ten="300,104,256,330" oya="2" hai0="37,134,50,40,81,61,113,27,101,55,107,33,92" hai1="54,56,74,58,31,75,18,96,118,20,38,87,124" hai2="77,8,65,97,52,100,122,23,30,60,80,72,71" hai3="9,119,16,127,121,128,117,85,49,93,13,70,88"/><V42/><F122/><W2/><G121/><T89/><D113/><U57/><E118/><V103/><F42/><W35/><G35/><T47/><D134/><U104/><E38/><V79/><F79/><W78/><G70/><T73/><D61/><U51/><E31/><V116/><F116/><W62/><G128/><T125/><D125/><U112/><E112/><V67/><F103/><W63/><G127/><T22/><D33/><U48/><E124/><V24/><F8/><W19/><G117/><T3/><D3/><U59/><E51/><V0/><F0/><W11/><G119/><T66/><D66/><U132/><E132/><V135/><F135/><W115/><G115/><T12/><D12/><U95/><E104/><V110/><F110/><W15/><G2/><T26/><D107/><U36/><E36/><V99/><F67/><W68/><G68/><T126/><D126/><U102/><REACH who="1" step="1"/><E87/><REACH who="1" ten="300,94,256,330" step="2"/><V69/><F69/><W5/><G5/><T129/><D37/><U32/><E32/><V64/><F64/><W41/><G78/><T25/><D73/><U39/><E39/><V94/><F99/><W109/><G109/><T123/><D123/><U44/><E44/><AGARI ba="2,2" hai="9,11,13,15,16,19,41,44,49,62,63,85,88,93" machi="44" ten="40,8000,1" yaku="9,1,8,1,54,2" doraHai="76" who="3" fromWho="1" sc="300,0,94,-86,256,0,330,106" /><INIT seed="3,0,0,2,3,107" ten="300,8,256,436" oya="3" hai0="42,98,43,11,31,114,30,86,66,46,84,21,82" hai1="122,90,32,27,73,120,20,47,135,67,69,118,112" hai2="126,117,123,94,61,87,25,100,99,1,65,13,16" hai3="132,106,91,40,45,109,64,62,9,4,102,3,17"/><W81/><G132/><T28/><D114/><U5/><E112/><V92/><F117/><W80/><G109/><T119/><D119/><U18/><E118/><V48/><F1/><W108/><G108/><T33/><D33/><U113/><E113/><V78/><F126/><W101/><G17/><T44/><D66/><U8/><E90/><V12/><F123/><N who="1" m="47145" /><E47/><N who="0" m="17961" /><D11/><U85/><E85/><N who="0" m="32873" /><D82/><U127/><E73/><V14/><F48/><W57/><G91/><T134/><D134/><U131/><E67/><V129/><F129/><W19/><G19/><T133/><D133/><U130/><E69/><V15/><F25/><W2/><G2/><T111/><D111/><U54/><E135/><V41/><F41/><N who="0" m="15370" /><D98/><U24/><E54/><V105/><F78/><W103/><REACH who="3" step="1"/><G106/><REACH who="3" ten="300,8,256,426" step="2"/><T71/><D71/><U10/><E127/><V34/><F105/><W56/><G56/><T75/><D75/><U128/><E5/><V53/><F15/><W115/><G115/><T52/><D52/><U70/><E70/><N who="2" m="42287" /><F53/><W49/><AGARI ba="0,1" hai="3,4,9,40,45,49,57,62,64,80,81,101,102,103" machi="49" ten="30,3000,0" yaku="1,1,0,1,53,0" doraHai="107" doraHaiUra="110" who="3" fromWho="3" sc="300,-10,8,-10,256,-10,426,40" owari="290,9.0,-2,-50.0,246,-15.0,466,56.0" /></mjloggm>