<mjloggm ver="2.3"><GO type="97" lobby="0"/><UN n0="%E6%93%8D%E4%BD%9C%E7%B3%BB%E2%99%AA" n1="%E3%81%8F%E3%82%89%E3%81%8F%E3%82%89" n2="%4D%61%73%61%6B%69%79%6F" n3="%E3%83%88%E3%83%88%E3%83%AA%E5%85%88%E7%94%9F%31%39%E6%AD%B3" dan="14,14,14,14" rate="1970.50,2021.31,1931.94,2040.84" sx="M,M,M,F"/><TAIKYOKU oya="0"/><INIT seed="0,0,0,4,0,1" ten="250,250,250,250" oya="0" hai0="121,69,120,82,7,122,42,113,46,49,135,57,89" hai1="25,66,47,101,30,94,2,10,50,78,98,40,80" hai2="32,21,54,87,39,103,62,56,102,45,26,70,22" hai3="53,105,110,59,76,0,79,106,27,100,4,16,118"/><T134/><D69/><U128/><E128/><V127/><F127/><W35/><G118/><T12/><D113/><U31/><E66/><V44/><F32/><W20/><G110/><T36/><D82/><U8/><E2/><V37/><F21/><W67/><G67/><T9/><D89/><U108/><E108/><V61/><F70/><W19/><G35/><T116/><D116/><U11/><REACH who="1" step="1"/><E25/><REACH who="1" ten="250,240,250,250" step="2"/><V15/><F15/><W115/><G0/><T96/><D96/><U34/><E34/><V74/><F39/><W48/><G27/><T114/><D114/><U130/><E130/><V77/><F37/><W93/><G115/><T58/><REACH who="0" step="1"/><D36/><REACH who="0" ten="240,240,250,250" step="2"/><U41/><E41/><V112/><F112/><W73/><G76/><T132/><AGARI ba="0,2" hai="7,9,12,42,46,49,57,58,120,121,122,132,134,135" machi="132" ten="40,12000,1" yaku="1,1,2,1,0,1,20,1,52,1,53,0" doraHai="1" doraHaiUra="123" who="0" fromWho="0" sc="240,140,240,-40,250,-40,250,-40" /><INIT seed="0,1,0,1,1,14" ten="380,200,210,210" oya="0" hai0="85,37,135,70,73,88,122,31,124,39,72,134,71" hai1="61,92,8,29,40,41,3,133,26,75,105,47,97" hai2="108,120,62,112,95,103,57,89,43,113,69,24,127" hai3="99,100,65,23,74,96,19,128,67,56,5,111,68"/><T81/><D122/><U13/><E105/><V64/><F120/><W94/><G74/><T49/><D31/><U53/><E75/><V4/><F127/><W48/><G68/><T104/><D104/><U42/><E3/><V2/><F108/><W93/><G128/><T87/><D124/><U101/><E133/><N who="0" m="50697" /><D49/><N who="1" m="28863" /><E61/><V59/><F103/><W60/><G5/><T36/><D73/><U116/><E116/><V98/><F43/><W7/><G7/><T76/><D72/><U131/><E131/><V82/><F82/><AGARI ba="1,0" hai="36,37,39,70,71,76,81,82,85,87,88" m="50697" machi="82" ten="40,3900,0" yaku="20,1,54,1" doraHai="14" who="0" fromWho="2" sc="380,42,200,0,210,-42,210,0" /><INIT seed="0,2,0,3,0,32" ten="422,200,168,210" oya="0" hai0="3,106,51,129,26,43,73,38,111,10,50,59,37" hai1="125,33,68,81,116,78,107,91,80,124,21,36,82" hai2="35,27,57,63,94,34,46,31,19,2,96,119,105" hai3="11,25,62,120,30,102,134,122,104,29,88,17,99"/><T132/><D106/><U20/><E33/><V79/><F105/><W23/><G134/><T60/><D73/><U48/><E68/><V39/><F119/><W87/><G62/><T130/><D132/><U54/><E36/><V110/><F110/><W56/><G56/><T90/><D111/><U67/><E67/><V92/><F79/><W69/><G69/><T103/><D103/><U66/><E66/><V77/><F77/><W41/><G41/><T98/><D50/><U131/><E131/><V117/><F117/><W115/><G115/><T126/><D126/><N who="1" m="48747" /><E107/><V72/><F72/><W1/><G1/><T93/><D60/><U74/><E116/><V71/><F35/><W65/><G65/><T89/><D59/><N who="1" m="33223" /><E82/><V0/><F71/><W76/><G11/><T47/><D38/><U112/><E112/><V4/><F4/><W64/><G64/><T95/><D37/><U85/><AGARI ba="2,0" hai="20,21,74,78,80,81,85,91" m="33223,48747" machi="85" ten="30,1100,0" yaku="18,1" doraHai="32" who="1" fromWho="1" sc="422,-7,200,17,168,-5,210,-5" /><INIT seed="1,0,0,5,2,2" ten="415,217,163,205" oya="1" hai0="99,22,64,111,74,5,69,63,54,45,18,57,9" hai1="89,21,26,129,76,126,112,28,115,121,23,61,81" hai2="60,52,102,8,118,83,108,56,50,127,30,96,133" hai3="40,87,123,119,93,12,58,14,11,62,107,29,24"/><U46/><E121/><V110/><F118/><W88/><G107/><T71/><D111/><N who="2" m="42538" /><F127/><W114/><G114/><T113/><D113/><U3/><E3/><V19/><F30/><W35/><G119/><T53/><D74/><U37/><E126/><V72/><F133/><W117/><G117/><T17/><D99/><U65/><E129/><V55/><F83/><W13/><G40/><T31/><D31/><U25/><E89/><V91/><F72/><W41/><G41/><T130/><D130/><U27/><E46/><V34/><F34/><W135/><G135/><T134/><D134/><U1/><E1/><V80/><F80/><W86/><G123/><T94/><D18/><U85/><E37/><V59/><F91/><W78/><G78/><T82/><D82/><U15/><E15/><N who="2" m="7655" /><F96/><W43/><G43/><T116/><D94/><U104/><E104/><V0/><F0/><W32/><G32/><T16/><D116/><U10/><E27/><V105/><F105/><W90/><G90/><T49/><D22/><U84/><E10/><V95/><F95/><W20/><G35/><T4/><D9/><U98/><E98/><V77/><F77/><W101/><G101/><AGARI ba="0,0" hai="50,52,55,56,59,60,101,102" m="7655,42538" machi="101" ten="30,2000,0" yaku="14,1,54,1" doraHai="2" who="2" fromWho="3" sc="415,0,217,0,163,20,205,-20" /><INIT seed="2,0,0,1,1,25" ten="415,217,183,185" oya="2" hai0="63,26,49,101,65,95,4,73,113,31,38,70,114" hai1="130,18,51,43,131,59,117,16,42,27,85,119,32" hai2="115,128,67,107,28,69,1,84,20,68,56,94,10" hai3="6,74,90,2,110,46,108,105,47,21,79,72,80"/><V122/><F115/><W81/><G105/><T111/><D73/><N who="3" m="28265" /><G21/><T71/><D111/><N who="3" m="42537" /><G90/><T82/><D82/><N who="3" m="31849" /><G79/><T55/><D114/><U37/><E85/><V86/><F107/><W133/><G133/><T11/><D113/><U132/><E132/><V103/><F122/><W30/><G30/><T89/><D31/><N who="1" m="19583" /><E37/><V135/><F135/><W92/><G92/><T22/><D95/><U39/><E39/><V14/><F128/><N who="1" m="49193" /><E59/><V19/><F1/><W96/><G96/><T41/><D38/><U102/><E102/><V60/><F68/><W98/><G98/><T24/><D101/><U120/><E120/><V64/><F69/><W0/><G6/><T62/><D70/><U34/><E34/><V75/><F75/><W118/><G118/><N who="1" m="45066" /><E51/><V17/><F67/><W15/><G15/><T52/><D49/><U126/><E126/><V35/><F35/><W93/><G93/><T9/><D65/><U134/><E134/><V13/><F28/><W36/><G36/><T97/><D97/><AGARI ba="0,0" hai="10,13,14,17,19,20,56,60,64,84,86,94,97,103" machi="97" ten="40,2000,0" yaku="8,1" doraHai="25" who="2" fromWho="0" sc="415,-20,217,0,183,20,185,0" /><INIT seed="2,1,0,1,1,110" ten="395,217,203,185" oya="2" hai0="87,80,118,34,59,61,102,81,135,121,116,21,82" hai1="18,42,49,2,112,44,72,111,113,97,10,27,85" hai2="126,123,24,57,68,55,28,58,48,33,91,95,79" hai3="128,132,62,65,94,12,103,130,108,106,109,22,8"/><V39/><F68/><N who="3" m="42039" /><G106/><T134/><D34/><U35/><E72/><V45/><F123/><W120/><G120/><T23/><D102/><U66/><E66/><V101/><F126/><W63/><G63/><T37/><D37/><U129/><E129/><N who="3" m="49770" /><G22/><N who="0" m="8203" /><D87/><U46/><E85/><V20/><F101/><W119/><G119/><N who="0" m="45611" /><D121/><U93/><E46/><V54/><F79/><W32/><G32/><T9/><D9/><U19/><E111/><N who="3" m="42570" /><G132/><T56/><D56/><U77/><E77/><V14/><F39/><W89/><G103/><T0/><D0/><U3/><E3/><V115/><F115/><W36/><G36/><T124/><D124/><U15/><E2/><V31/><F31/><W47/><G47/><T122/><D122/><U99/><E113/><V4/><F33/><W92/><G89/><T127/><D127/><U25/><E112/><V7/><F45/><W11/><G11/><T30/><D30/><U52/><E35/><V5/><F14/><W104/><G104/><T74/><D74/><U83/><E15/><V53/><REACH who="2" step="1"/><F48/><REACH who="2" ten="395,217,193,185" step="2"/><W26/><G26/><T88/><D135/><U16/><E27/><V51/><F51/><W73/><G73/><T133/><D133/><U69/><E25/><V50/><F50/><W100/><G100/><T117/><D117/><U76/><E49/><V64/><F64/><W98/><G98/><AGARI ba="1,1" hai="4,5,7,20,24,28,53,54,55,57,58,91,95,98" machi="98" ten="40,7700,0" yaku="1,1,8,1,53,1" doraHai="110" doraHaiUra="84" who="2" fromWho="3" sc="395,0,217,0,193,90,185,-80" /><INIT seed="2,2,0,3,1,43" ten="395,217,283,105" oya="2" hai0="108,24,81,20,2,121,125,21,79,22,132,123,117" hai1="47,116,38,72,34,93,66,88,29,18,59,86,85" hai2="28,62,49,77,94,97,107,67,7,82,5,101,60" hai3="52,120,102,58,55,36,122,15,110,69,11,27,98"/><V95/><F62/><W104/><G69/><T23/><D2/><U63/><E116/><V73/><F28/><W115/><G36/><T48/><D117/><U64/><E72/><V126/><F126/><W129/><G110/><T109/><D125/><U50/><E38/><V133/><F133/><W40/><G40/><T0/><D0/><U130/><E130/><V13/><F13/><W26/><G129/><T30/><D48/><U39/><E39/><V90/><F49/><W100/><G115/><T12/><D12/><U44/><E50/><V111/><F111/><N who="0" m="42570" /><D132/><U134/><E134/><V114/><F114/><W105/><G15/><T9/><D9/><U54/><E29/><V91/><F94/><W32/><G98/><T41/><D41/><U16/><E34/><V31/><F31/><W84/><G84/><AGARI ba="2,0" hai="20,21,22,23,24,30,79,81,84,121,123" m="42570" machi="84" ten="30,1000,0" yaku="14,1" doraHai="43" who="0" fromWho="3" sc="395,16,217,0,283,0,105,-16" /><INIT seed="3,0,0,4,3,83" ten="411,217,283,89" oya="3" hai0="61,89,108,31,18,105,60,88,130,114,7,21,0" hai1="122,35,109,100,2,33,24,74,45,129,8,11,20" hai2="131,70,125,56,133,127,103,91,99,123,64,113,23" hai3="66,112,59,14,27,47,44,107,58,65,25,40,28"/><W29/><G107/><T13/><D105/><U41/><E122/><V4/><F70/><W3/><G112/><T121/><D121/><U111/><E129/><V17/><F123/><W71/><G71/><T67/><D61/><U34/><E100/><V96/><F4/><W30/><G3/><T22/><D0/><U110/><E74/><V12/><F113/><W102/><G102/><T124/><D7/><U26/><E45/><N who="3" m="17482" /><G14/><T10/><D10/><N who="1" m="3627" /><E41/><V75/><F75/><W132/><G132/><T104/><D89/><U86/><E86/><V68/><F68/><W62/><G40/><T38/><D60/><AGARI ba="0,0" hai="25,27,28,29,30,58,59,60,62,65,66" m="17482" machi="60" ten="30,1500,0" yaku="8,1" doraHai="83" who="3" fromWho="0" sc="411,-15,217,0,283,0,89,15" /><INIT seed="3,1,0,4,1,73" ten="396,217,283,104" oya="3" hai0="103,104,62,7,43,91,5,29,109,51,105,48,86" hai1="83,113,68,135,4,0,93,54,101,127,92,114,89" hai2="13,30,9,94,36,10,118,80,35,32,23,107,132" hai3="19,84,90,60,97,14,57,64,42,77,37,34,76"/><W81/><G34/><T63/><D103/><U12/><E0/><V125/><F107/><W50/><G37/><T38/><D29/><U3/><E3/><V45/><F118/><W98/><G42/><T39/><D91/><U44/><E68/><V11/><F36/><W128/><G128/><T24/><D86/><U20/><E127/><V110/><F45/><W88/><G50/><T52/><D52/><U2/><E2/><V8/><F94/><N who="3" m="56519" /><G98/><T108/><D24/><U120/><E120/><V31/><F80/><W129/><G129/><T82/><D82/><U65/><E135/><V100/><F100/><W15/><G15/><T115/><D115/><U112/><E101/><V61/><F61/><W74/><G74/><T17/><D17/><U122/><E122/><V47/><F47/><W58/><G58/><T78/><D78/><U56/><E56/><V117/><F117/><W18/><G18/><T22/><D22/><AGARI ba="1,0" hai="14,19,22,57,60,64,76,77,81,84,90" m="56519" machi="22" ten="30,11600,0" yaku="8,1,52,2,54,1" doraHai="73" who="3" fromWho="0" sc="396,-119,217,0,283,0,104,119" /><INIT seed="3,2,0,4,1,135" ten="277,217,283,223" oya="3" hai0="117,43,44,64,27,17,127,1,31,112,110,3,30" hai1="2,61,119,42,33,90,41,69,102,84,114,25,66" hai2="70,54,39,40,87,97,99,125,19,78,103,134,48" hai3="108,59,121,68,35,81,74,34,86,77,132,49,89"/><W58/><G121/><T50/><D117/><U32/><E114/><V107/><F134/><W118/><G132/><T14/><D112/><U105/><E119/><V63/><F125/><W75/><G118/><T100/><D127/><U88/><E2/><V96/><F78/><W60/><G108/><T73/><D73/><U91/><E84/><V126/><F126/><W7/><G75/><T23/><D110/><U52/><E52/><V122/><F122/><W37/><G37/><T10/><D31/><N who="1" m="19567" /><E33/><V57/><F87/><W46/><G7/><T56/><D100/><U76/><E76/><V67/><F19/><W53/><G68/><T83/><D83/><U95/><E95/><V79/><F79/><W109/><G58/><T18/><D18/><U21/><E21/><V123/><F123/><W51/><G51/><T16/><D30/><U113/><E113/><V82/><F82/><W24/><G24/><T133/><D133/><U94/><E94/><V26/><F26/><W5/><G109/><T55/><D64/><U116/><E116/><V124/><F124/><W131/><G5/><T6/><D6/><U22/><E22/><V20/><F20/><W36/><G36/><AGARI ba="2,0" hai="1,3,10,14,16,17,23,27,36,43,44,50,55,56" machi="36" ten="30,2000,0" yaku="7,1,54,1" doraHai="135" who="0" fromWho="3" sc="277,26,217,0,283,0,223,-26" owari="303,40.0,217,-18.0,283,8.0,197,-30.0" /></mjloggm>