<mjloggm ver="2.3"><GO type="97" lobby="0"/><UN n0="%65%69%6B%31" n1="%E3%83%AA%E3%83%81%E3%83%A3%21%21" n2="%E5%B0%B1%E6%B4%BB%E7%94%9F%40%E5%B7%9D%E6%9D%91%E8%BB%8D%E5%9B%A3" n3="%59%E3%82%B9%E3%82%AE%59" dan="14,15,15,14" rate="1944.96,1894.76,2065.36,1951.87" sx="M,M,M,M"/><TAIKYOKU oya="0"/><INIT seed="0,0,0,0,5,49" ten="250,250,250,250" oya="0" hai0="105,5,130,69,103,70,57,95,55,58,65,101,81" hai1="20,31,90,117,115,34,131,73,125,11,119,29,64" hai2="61,88,2,83,22,66,92,26,6,56,25,36,106" hai3="85,50,13,114,132,133,77,79,84,53,135,67,0"/><T87/><D105/><U111/><E73/><V97/><F36/><W32/><G0/><T41/><D130/><U16/><E64/><V8/><F106/><W96/><G114/><T7/><D41/><U51/><E115/><V118/><F118/><W107/><G32/><T35/><D35/><U9/><E131/><V122/><F122/><W98/><G67/><T17/><D70/><U102/><E102/><V128/><F128/><W74/><G13/><T42/><D69/><U15/><E90/><V60/><F22/><W14/><G14/><T116/><D42/><U10/><E51/><V75/><F61/><W24/><G24/><T19/><D58/><U59/><E59/><V91/><F91/><W93/><G53/><T1/><D65/><U62/><E62/><V124/><F124/><W78/><G50/><N who="0" m="30967" /><D1/><U109/><E125/><V89/><F89/><N who="3" m="55343" /><G74/><T28/><D116/><N who="1" m="44619" /><E34/><V126/><F126/><W123/><G123/><T39/><D39/><U108/><AGARI ba="0,0" hai="9,10,11,15,16,20,29,31,108,109,111" m="44619" machi="108" ten="40,8000,1" yaku="14,1,34,2,54,1" doraHai="49" who="1" fromWho="1" sc="250,-40,250,80,250,-20,250,-20" /><INIT seed="1,0,0,4,3,72" ten="210,330,230,230" oya="1" hai0="64,25,11,108,21,78,73,96,95,63,41,99,76" hai1="105,3,127,70,47,16,109,129,4,133,115,7,19" hai2="28,52,33,87,79,118,5,62,130,32,69,92,9" hai3="94,35,86,134,82,51,27,126,98,15,117,80,102"/><U131/><E109/><V39/><F39/><W68/><G126/><T125/><D73/><U104/><E115/><V66/><F118/><W58/><G68/><T88/><D125/><U74/><E127/><V6/><F28/><W85/><G134/><T55/><D108/><U37/><E133/><V20/><F20/><W77/><G117/><T89/><D41/><N who="1" m="22959" /><E70/><V97/><F130/><N who="1" m="49673" /><E74/><V60/><F6/><N who="1" m="2089" /><E3/><V26/><F69/><W101/><G101/><T29/><D11/><U2/><E2/><V44/><F9/><W42/><G15/><T71/><D55/><U34/><E34/><V90/><F5/><W123/><G123/><T56/><D71/><U83/><E83/><V135/><F33/><W106/><G106/><AGARI ba="0,0" hai="16,19,104,105,106" m="2089,49673,22959" machi="106" ten="30,2900,0" yaku="19,1,54,1" doraHai="72" who="1" fromWho="3" sc="210,0,330,29,230,0,230,-29" /><INIT seed="1,1,0,1,4,129" ten="210,359,230,201" oya="1" hai0="101,37,52,59,23,51,108,77,69,91,30,75,18" hai1="66,35,119,10,3,27,97,100,99,127,94,107,87" hai2="83,50,86,28,110,2,62,104,21,102,109,39,38" hai3="63,121,13,5,92,116,113,57,73,84,20,120,72"/><U114/><E119/><V70/><F2/><W126/><G113/><T36/><D69/><U47/><E87/><V24/><F104/><W76/><G126/><T93/><D101/><U60/><E47/><V82/><F102/><W58/><G116/><T53/><D30/><N who="1" m="19935" /><E94/><V14/><F14/><W49/><G49/><T16/><D77/><U45/><E97/><V131/><F131/><W134/><G134/><T115/><D75/><U32/><E45/><V81/><F86/><W103/><G103/><T48/><D115/><U46/><E46/><V42/><F50/><W54/><G5/><T41/><D41/><U33/><E127/><V105/><F105/><W4/><G58/><T123/><D123/><U124/><E124/><V11/><F11/><W64/><G64/><T128/><D128/><U78/><E78/><V19/><F28/><W106/><G106/><T65/><D65/><U8/><E8/><V1/><F1/><W111/><G73/><T15/><D51/><U9/><E9/><V17/><F17/><W118/><G72/><T44/><D44/><U12/><E12/><V96/><F96/><W26/><G118/><T98/><D53/><U79/><E79/><V43/><F43/><W117/><G117/><T0/><D0/><U71/><E114/><V122/><F122/><W25/><G121/><T34/><D37/><U85/><E85/><V90/><F90/><W56/><G120/><T133/><D36/><N who="2" m="13866" /><F42/><W95/><G84/><T132/><D15/><U22/><E22/><V112/><F112/><W135/><G13/><T88/><D98/><U74/><E74/><RYUUKYOKU ba="1,0" sc="210,-15,359,15,230,15,201,-15" hai1="3,10,32,33,60,66,71,99,100,107" hai2="19,21,24,62,70,81,82,83,109,110" /><INIT seed="1,2,0,1,5,116" ten="195,374,245,186" oya="1" hai0="37,113,86,97,106,34,112,66,43,65,119,72,21" hai1="40,125,52,7,58,83,2,76,109,117,118,104,11" hai2="26,70,35,69,130,94,27,4,85,127,129,38,15" hai3="24,51,41,61,68,81,28,25,114,29,9,64,55"/><U19/><E104/><V39/><F127/><W12/><G114/><T87/><D34/><U32/><E125/><V18/><F4/><W50/><G41/><T121/><D72/><U126/><E126/><V124/><F124/><W102/><G102/><T131/><D119/><U6/><E109/><V110/><F94/><W96/><G96/><T13/><D131/><N who="2" m="50186" /><F85/><W17/><G81/><T53/><D106/><U108/><E7/><V132/><F132/><W14/><G14/><T30/><D97/><U80/><E108/><V1/><F1/><W59/><REACH who="3" step="1"/><G51/><REACH who="3" ten="195,374,245,176" step="2"/><T8/><D13/><U0/><E40/><V107/><F110/><W60/><G60/><T33/><D43/><U44/><E83/><V22/><F107/><W10/><G10/><T103/><D8/><U92/><E11/><V91/><F39/><W133/><G133/><T100/><D37/><U57/><E80/><V135/><F38/><W115/><G115/><T93/><D103/><U105/><E118/><V20/><F135/><W73/><G73/><T16/><D100/><U88/><E117/><V56/><F15/><W45/><G45/><T78/><D113/><U31/><E44/><V99/><F99/><W120/><G120/><T89/><D121/><U36/><E36/><V71/><F91/><W48/><G48/><T75/><D75/><U82/><E88/><V42/><F42/><W54/><G54/><T3/><D53/><U79/><E52/><V123/><F123/><W63/><G63/><T134/><D134/><U62/><E62/><V101/><F101/><W128/><G128/><T74/><D89/><RYUUKYOKU ba="2,1" sc="195,-10,374,-10,245,-10,176,30" hai3="9,12,17,24,25,28,29,50,55,59,61,64,68" /><INIT seed="2,3,1,3,5,126" ten="185,364,235,206" oya="2" hai0="88,109,26,38,39,81,110,1,7,118,17,11,48" hai1="9,29,52,6,3,79,68,80,122,32,100,18,97" hai2="49,106,31,101,89,74,99,103,40,43,23,4,113" hai3="125,91,59,55,54,36,134,21,93,128,72,46,15"/><V78/><F4/><W63/><G125/><T47/><D118/><U82/><E68/><V96/><F113/><W121/><G121/><T123/><D123/><U16/><E122/><V133/><F133/><W5/><G134/><T119/><D119/><U62/><E80/><V45/><F89/><W114/><G114/><T90/><D17/><U75/><E29/><V95/><F78/><W70/><G70/><T20/><D20/><U33/><E32/><V19/><F31/><W24/><G128/><T69/><D26/><U12/><E33/><V76/><F76/><W112/><G72/><T2/><D2/><U87/><E87/><V98/><F74/><W105/><G105/><T34/><D34/><U135/><E135/><V66/><F66/><W57/><G112/><T104/><D104/><U92/><E3/><V13/><REACH who="2" step="1"/><F99/><REACH who="2" ten="185,364,225,206" step="2"/><W14/><G5/><T131/><D90/><U58/><AGARI ba="3,2" hai="6,9,12,16,18,52,58,62,75,79,82,92,97,100" machi="58" ten="30,4000,0" yaku="0,1,54,2" doraHai="126" who="1" fromWho="1" sc="185,-13,364,69,225,-23,206,-13" /><INIT seed="3,0,0,3,2,31" ten="172,433,202,193" oya="3" hai0="52,113,42,15,85,78,60,99,6,33,82,120,91" hai1="72,43,84,36,76,118,49,46,54,27,132,135,124" hai2="34,11,130,3,119,56,122,115,58,53,4,95,29" hai3="50,102,86,25,123,24,111,9,114,96,13,128,74"/><W121/><G114/><T103/><D113/><U23/><E124/><V8/><F130/><W108/><G128/><T55/><D120/><U22/><E118/><V98/><F119/><W131/><G131/><T41/><D33/><U87/><E72/><V77/><F77/><W92/><G74/><T112/><D112/><U38/><E38/><V65/><F115/><W14/><G86/><N who="1" m="32810" /><E76/><V0/><F65/><W101/><G50/><T129/><D129/><U71/><E71/><V40/><F40/><W90/><G102/><T73/><D6/><U104/><E104/><V32/><F29/><W2/><G2/><T19/><D60/><U70/><E70/><V47/><F8/><W68/><G68/><T69/><D69/><U45/><E27/><N who="3" m="10314" /><G101/><T18/><D42/><U26/><E26/><V7/><F7/><N who="3" m="3263" /><G14/><T127/><D127/><U83/><E83/><V106/><F0/><W28/><G28/><T97/><D41/><U16/><E36/><V1/><F106/><W59/><G59/><T79/><D99/><U62/><E62/><V75/><F75/><W30/><G30/><T10/><D18/><U37/><E16/><V39/><F1/><W116/><G116/><T17/><D17/><U44/><E44/><V100/><F39/><W67/><G67/><T105/><D79/><U5/><E46/><V133/><F133/><N who="1" m="51273" /><E37/><V126/><F126/><W64/><G64/><T35/><REACH who="0" step="1"/><D35/><REACH who="0" ten="162,433,202,193" step="2"/><U89/><E43/><V61/><F122/><W51/><G51/><T93/><AGARI ba="0,1" hai="10,15,19,52,55,73,78,82,85,91,93,97,103,105" machi="93" ten="20,12000,2" yaku="1,1,2,1,0,1,7,1,24,2,54,1,53,0" doraHai="31" doraHaiUra="110" who="0" fromWho="0" sc="162,130,433,-30,202,-30,193,-60" owari="292,9.0,403,51.0,172,-23.0,133,-37.0" /></mjloggm>