<mjloggm ver="2.3"><GO type="97" lobby="0"/><UN n0="%6B%75%6E%69" n1="%E5%B0%B1%E6%B4%BB%E7%94%9F%40%E5%B7%9D%E6%9D%91%E8%BB%8D%E5%9B%A3" n2="%E8%9D%89%E4%B8%B8" n3="%34%31%35%36%30%39%32%34" dan="13,15,15,14" rate="1847.17,2018.27,1999.12,2035.10" sx="M,M,M,M"/><TAIKYOKU oya="0"/><INIT seed="0,0,0,4,1,39" ten="250,250,250,250" oya="0" hai0="130,69,98,14,114,44,126,61,74,113,116,67,38" hai1="49,120,11,23,80,46,17,54,52,118,62,90,71" hai2="92,128,81,135,95,16,13,53,100,21,73,85,110" hai3="131,7,35,134,18,108,111,83,60,30,129,104,88"/><T102/><D74/><U79/><E120/><V43/><F73/><W40/><G134/><T63/><D116/><U109/><E118/><V10/><F135/><W106/><G7/><T96/><D130/><N who="3" m="49673" /><G18/><T34/><D126/><U65/><E109/><N who="3" m="42058" /><G60/><T55/><D34/><U87/><E11/><V8/><F110/><W26/><G40/><N who="0" m="22551" /><D14/><U28/><E28/><V119/><F119/><W36/><G36/><T112/><D102/><U0/><E0/><V51/><F43/><W6/><G6/><T86/><D86/><AGARI ba="0,0" hai="26,30,35,83,86,88,104,106" m="42058,49673" machi="86" ten="30,3900,0" yaku="19,1,14,1,54,1" doraHai="39" who="3" fromWho="0" sc="250,-39,250,0,250,0,250,39" /><INIT seed="1,0,0,0,5,74" ten="211,250,250,289" oya="1" hai0="47,115,56,92,81,107,108,17,89,29,100,60,49" hai1="50,84,39,19,122,16,85,72,132,0,68,94,24" hai2="66,75,105,7,113,126,79,4,8,20,64,45,25" hai3="61,10,116,70,55,99,123,102,78,51,96,128,12"/><U44/><E122/><V18/><F105/><W111/><G123/><T114/><D115/><U27/><E39/><V40/><F7/><W80/><G116/><T41/><D114/><U42/><E68/><V98/><F126/><W37/><G37/><T58/><D29/><U57/><E72/><V22/><F22/><W63/><G128/><T124/><D124/><U127/><E0/><N who="2" m="7" /><F98/><W110/><G70/><T14/><D108/><N who="3" m="41513" /><G10/><T67/><D107/><U82/><E127/><V3/><F3/><W91/><G91/><T53/><D100/><U88/><E57/><V5/><F5/><W38/><G12/><T13/><D81/><U83/><E132/><V65/><F65/><W32/><G32/><T95/><D95/><U1/><E1/><V43/><F43/><W62/><G102/><T130/><D130/><U46/><E46/><V97/><F97/><W9/><G9/><T11/><D14/><U106/><E106/><V77/><F113/><W28/><G28/><T23/><D11/><U33/><E94/><V90/><F90/><W31/><G31/><T2/><D2/><U21/><E33/><V35/><F75/><N who="3" m="43103" /><G38/><T129/><D129/><U118/><E118/><V117/><F35/><W76/><G76/><N who="2" m="29257" /><F117/><W120/><G120/><T133/><D133/><U104/><E104/><V103/><F103/><W6/><G6/><T36/><D92/><N who="1" m="54279" /><E85/><V119/><F119/><W54/><G54/><T131/><D131/><U15/><E27/><V101/><F101/><W112/><G112/><T59/><D89/><U87/><E87/><V109/><F25/><W134/><G134/><RYUUKYOKU ba="0,0" sc="211,10,250,10,250,-30,289,10" hai0="13,17,23,36,41,47,49,53,56,58,59,60,67" hai1="15,16,19,21,24,42,44,50,82,83" hai3="51,55,61,62,63,96,99" /><INIT seed="1,1,0,4,0,51" ten="221,260,220,299" oya="1" hai0="39,123,108,31,8,129,114,88,65,26,9,113,89" hai1="100,81,131,91,3,105,11,35,120,20,97,55,84" hai2="93,40,70,82,92,134,60,12,61,36,7,28,34" hai3="38,126,107,110,10,57,37,32,77,33,101,4,52"/><U62/><E35/><V0/><F0/><W41/><G110/><T135/><D39/><U45/><E120/><V118/><F118/><W80/><G126/><T54/><D65/><U79/><E131/><V5/><F134/><W14/><G107/><T85/><D123/><U22/><E79/><V94/><F70/><W128/><G101/><T24/><D135/><U87/><E87/><V78/><F34/><W74/><G128/><T132/><D132/><U18/><E3/><V17/><F28/><W125/><G125/><T25/><D31/><U124/><E124/><V23/><F40/><W111/><G111/><T67/><D67/><U109/><E109/><V50/><F36/><W117/><G117/><T47/><D129/><U103/><E103/><V27/><F50/><W86/><G38/><T42/><D108/><U71/><E71/><V6/><REACH who="2" step="1"/><F12/><REACH who="2" ten="221,260,210,299" step="2"/><W69/><G69/><T83/><D42/><U75/><E62/><V2/><F2/><W53/><G37/><T63/><D63/><U98/><E20/><V66/><F66/><W21/><G41/><T90/><D8/><U119/><E11/><V95/><N who="2" m="24064" /><DORA hai="15" /><V73/><AGARI ba="1,1" hai="5,6,7,17,23,27,60,61,73,78,82" m="24064" machi="73" ten="50,8000,1" yaku="1,1,4,1,0,1,52,1,53,1" doraHai="51,15" doraHaiUra="76,68" who="2" fromWho="2" sc="221,-21,260,-41,210,93,299,-21" /><INIT seed="2,0,0,1,1,64" ten="200,219,303,278" oya="2" hai0="56,129,36,112,39,131,126,97,12,96,51,127,2" hai1="80,0,107,67,57,113,68,23,8,22,71,65,4" hai2="15,3,89,100,76,78,9,118,101,61,21,35,135" hai3="111,134,102,17,121,93,18,115,128,99,103,132,48"/><V86/><F118/><W116/><G121/><T109/><D2/><U1/><E113/><V50/><F35/><W92/><G116/><T37/><D12/><U124/><E107/><V106/><F3/><W133/><G115/><T122/><D122/><U104/><E104/><V40/><F106/><W53/><G128/><N who="0" m="49227" /><D112/><U58/><E80/><N who="2" m="49351" /><F135/><W130/><G130/><T69/><D97/><U79/><E79/><N who="2" m="30251" /><F21/><N who="1" m="7689" /><E8/><V123/><F61/><W52/><G111/><T72/><D96/><U83/><E4/><N who="2" m="3495" /><F123/><W63/><G63/><T25/><D72/><U117/><E83/><V105/><F105/><W47/><G53/><N who="0" m="31807" /><D25/><U59/><E117/><V26/><F26/><W125/><G125/><N who="0" m="47627" /><D69/><N who="1" m="26699" /><E124/><V45/><AGARI ba="0,0" hai="40,45,50,100,101" m="3495,30251,49351" machi="45" ten="30,1500,0" yaku="8,1" doraHai="64" who="2" fromWho="2" sc="200,-5,219,-5,303,15,278,-5" /><INIT seed="2,1,0,1,2,12" ten="195,214,318,273" oya="2" hai0="104,3,65,48,55,7,13,19,24,32,127,17,83" hai1="89,81,22,45,131,41,101,134,54,79,119,67,69" hai2="88,90,100,114,6,64,82,70,11,49,0,40,15" hai3="85,16,74,51,94,75,108,121,62,91,97,120,63"/><V58/><F114/><W109/><G51/><T73/><D104/><U107/><E119/><V10/><F100/><W93/><G63/><T9/><D65/><U36/><E131/><V102/><F70/><W130/><G62/><T38/><D38/><U31/><E134/><V8/><F102/><W96/><G130/><T99/><D99/><U110/><E110/><V35/><F35/><W111/><G16/><T128/><D128/><U53/><E89/><N who="2" m="34411" /><F82/><W78/><G78/><T60/><D127/><U61/><E101/><V132/><F0/><W98/><G94/><T92/><D60/><U50/><E107/><V116/><F116/><W117/><G117/><T26/><D92/><U76/><E81/><V122/><F122/><AGARI ba="1,0" hai="74,75,85,91,93,96,97,98,108,109,111,120,121,122" machi="122" ten="50,8000,1" yaku="14,1,34,3" doraHai="12" who="3" fromWho="2" sc="195,0,214,0,318,-83,273,83" /><INIT seed="3,0,0,4,4,133" ten="195,214,235,356" oya="3" hai0="82,84,129,12,75,94,0,56,95,115,50,123,116" hai1="46,93,11,58,76,91,119,135,104,107,57,27,71" hai2="42,29,103,105,38,90,108,65,64,68,109,70,112" hai3="117,8,5,114,43,97,54,55,13,72,31,2,120"/><W23/><G117/><T14/><D0/><U35/><E135/><V89/><F112/><W101/><G120/><T80/><D75/><U6/><E71/><N who="2" m="27179" /><F29/><W122/><G122/><T63/><D123/><U69/><E69/><V44/><F103/><W49/><G72/><T16/><D115/><U47/><E119/><V52/><F105/><W85/><G114/><T51/><D116/><U48/><E47/><N who="2" m="24023" /><F90/><W66/><G85/><T61/><D129/><U22/><E76/><V134/><F89/><W59/><G2/><T9/><D14/><N who="1" m="5495" /><E35/><V25/><F25/><N who="3" m="16831" /><G97/><T132/><D132/><U39/><E39/><V73/><F73/><W21/><G101/><T33/><D33/><U17/><E107/><V111/><F134/><W87/><G21/><T20/><D20/><U110/><E110/><V40/><F40/><W127/><G87/><T37/><D37/><U24/><E104/><V53/><F44/><W125/><G43/><T99/><D99/><N who="1" m="57791" /><E27/><V3/><F3/><W19/><G5/><T77/><D82/><U106/><E106/><V41/><F41/><AGARI ba="0,0" hai="17,22,24,41,46,48,57,58" m="57791,5495" machi="41" ten="30,1000,0" yaku="8,1" doraHai="133" who="1" fromWho="2" sc="195,0,214,10,235,-10,356,0" owari="195,-30.0,224,-18.0,225,3.0,356,45.0" /></mjloggm>