<mjloggm ver="2.3"><GO type="97" lobby="0"/><UN n0="%E7%A9%BA%2D%53%4F%52%41%2D" n1="%E5%B0%B1%E6%B4%BB%E7%94%9F%40%E5%B7%9D%E6%9D%91%E8%BB%8D%E5%9B%A3" n2="%74%61%64%61%64%61%79%6F" n3="%4C%75%63%6B%79%2D%55" dan="13,15,13,14" rate="1852.88,2002.77,1854.86,1861.12" sx="M,M,M,M"/><TAIKYOKU oya="0"/><INIT seed="0,0,0,0,3,58" ten="250,250,250,250" oya="0" hai0="116,121,87,31,9,81,26,91,2,86,47,111,94" hai1="76,85,126,28,37,61,33,135,12,98,134,60,125" hai2="117,36,57,0,127,4,39,74,79,25,133,95,132" hai3="52,8,83,64,49,97,124,41,73,43,103,27,113"/><T55/><D116/><U122/><E37/><V107/><F107/><W15/><G113/><T14/><D121/><U62/><E122/><V21/><F127/><N who="1" m="48649" /><E98/><V48/><F117/><W42/><G124/><T101/><D2/><U40/><E40/><V99/><F74/><W108/><G108/><T128/><D111/><U16/><E28/><V19/><F79/><W38/><G64/><T1/><D1/><U50/><E33/><V44/><F4/><W90/><G27/><T112/><D112/><U82/><E50/><V34/><F57/><W56/><G38/><T35/><D128/><U106/><E106/><V70/><F70/><W69/><G69/><T5/><D101/><U63/><N who="1" m="15872" /><DORA hai="84" /><U6/><E6/><V30/><F30/><W53/><G53/><T3/><D3/><U92/><E92/><V71/><F0/><W51/><G73/><T131/><D131/><U29/><E29/><V118/><F71/><W80/><G51/><N who="0" m="29183" /><D35/><U93/><E93/><V130/><F34/><W110/><G110/><T66/><D66/><U59/><E59/><V104/><F130/><W32/><G32/><T119/><D119/><U114/><E114/><V129/><F104/><W68/><G68/><T46/><D46/><U109/><E109/><V75/><F129/><W72/><G72/><T123/><D123/><U120/><E120/><V23/><F118/><W89/><G83/><T13/><D31/><U96/><E96/><V54/><F99/><W10/><G80/><T78/><D26/><U77/><E77/><V22/><F39/><W18/><G8/><AGARI ba="0,0" hai="8,12,16,76,82,85,134,135" m="15872,48649" machi="8" ten="50,12000,2" yaku="18,1,52,4,54,1" doraHai="58,84" who="1" fromWho="3" sc="250,0,250,120,250,0,250,-120" /><INIT seed="1,0,0,0,0,32" ten="250,370,250,130" oya="1" hai0="122,75,114,14,82,17,76,94,55,20,86,62,31" hai1="116,5,124,113,128,106,102,108,117,105,53,16,15" hai2="70,22,39,83,135,30,79,103,44,95,78,61,115" hai3="77,23,98,120,112,21,51,0,38,88,43,68,52"/><U87/><E113/><V65/><F135/><W90/><G112/><T97/><D122/><U11/><E124/><V109/><F109/><W18/><G120/><T71/><D114/><U10/><E128/><V92/><F115/><W74/><G68/><T101/><D31/><U50/><E108/><V37/><F79/><W73/><G38/><T118/><D118/><U127/><E127/><V93/><F44/><W46/><G43/><T111/><D111/><U133/><E133/><V25/><REACH who="2" step="1"/><F103/><REACH who="2" ten="250,370,240,130" step="2"/><W110/><G110/><T56/><REACH who="0" step="1"/><D71/><REACH who="0" ten="240,370,240,130" step="2"/><U57/><E116/><V1/><F1/><W28/><G0/><T125/><D125/><U121/><E117/><V60/><F60/><W131/><G131/><T8/><D8/><U81/><E11/><V27/><F27/><W19/><G77/><T24/><D24/><U49/><E10/><V59/><F59/><W34/><G34/><T69/><D69/><U36/><E57/><V40/><F40/><W72/><G28/><T7/><D7/><U9/><E5/><V35/><F35/><W33/><G33/><T6/><D6/><U123/><E9/><V104/><F104/><W26/><REACH who="3" step="1"/><G98/><REACH who="3" ten="240,370,240,120" step="2"/><T100/><D100/><U48/><E102/><V96/><F96/><W58/><G58/><T67/><D67/><U66/><E66/><V41/><F41/><W3/><G3/><T80/><D80/><U45/><E81/><V130/><F130/><W13/><AGARI ba="0,3" hai="13,18,19,21,23,26,46,51,52,72,73,74,88,90" machi="13" ten="30,7900,0" yaku="1,1,0,1,54,2,53,0" doraHai="32" doraHaiUra="126" who="3" fromWho="3" sc="240,-20,370,-39,240,-20,120,109" /><INIT seed="2,0,0,3,3,27" ten="220,331,220,229" oya="2" hai0="46,45,47,66,22,29,4,32,58,74,134,38,69" hai1="86,120,83,31,18,102,100,71,7,65,24,62,59" hai2="92,123,30,5,103,104,53,116,14,110,61,127,39" hai3="33,54,90,88,113,26,28,101,63,37,81,49,84"/><V133/><F123/><W126/><G37/><T52/><D38/><U91/><E120/><V3/><F116/><W135/><G135/><T48/><D32/><U41/><E7/><V112/><F104/><W119/><G119/><T124/><D74/><U73/><E73/><V56/><F3/><W80/><G126/><T96/><D4/><U25/><E41/><V9/><F112/><W94/><G113/><T2/><D2/><U89/><E71/><V97/><F127/><W57/><G101/><T36/><D96/><U79/><E100/><V17/><F133/><W117/><G117/><T35/><D35/><U67/><E102/><V107/><F39/><W87/><REACH who="3" step="1"/><G94/><REACH who="3" ten="220,331,220,219" step="2"/><T82/><D124/><U105/><E105/><V16/><F107/><W95/><G95/><T131/><D134/><U78/><E79/><V108/><REACH who="2" step="1"/><F30/><REACH who="2" ten="220,331,210,219" step="2"/><W85/><G85/><T19/><D36/><U130/><E31/><V76/><F76/><W43/><G43/><T118/><D29/><U0/><E78/><V1/><F1/><W125/><G125/><T40/><D118/><U98/><E0/><V121/><F121/><W21/><G21/><T68/><D22/><U20/><E86/><V106/><F106/><W64/><G64/><T77/><D40/><U129/><E67/><V99/><F99/><W72/><G72/><T132/><D132/><U44/><E98/><V50/><F50/><AGARI ba="0,2" hai="26,28,33,49,50,54,57,63,80,81,84,87,88,90" machi="50" ten="40,8000,1" yaku="1,1,9,1,52,1,54,1,53,0" doraHai="27" doraHaiUra="60" who="3" fromWho="2" sc="220,0,331,0,210,-80,219,100" /><INIT seed="3,0,0,2,4,14" ten="220,331,130,319" oya="3" hai0="105,65,66,104,27,67,116,107,26,86,89,125,117" hai1="118,106,4,19,8,0,55,5,78,58,9,74,75" hai2="79,99,85,41,126,101,28,97,83,71,1,88,102" hai3="45,31,49,109,52,128,34,82,129,51,63,114,61"/><W103/><G114/><T15/><D125/><U24/><E106/><N who="2" m="63791" /><F71/><W21/><G34/><T36/><D36/><U135/><E118/><V72/><F1/><W122/><G122/><T17/><D116/><U100/><E135/><V13/><F13/><W18/><G31/><T10/><REACH who="0" step="1"/><D117/><REACH who="0" ten="210,331,130,319" step="2"/><U68/><E68/><V60/><F60/><W6/><G109/><T12/><D12/><U56/><E0/><V38/><F38/><W115/><G115/><T2/><D2/><U69/><E24/><V134/><F28/><W35/><G35/><T93/><AGARI ba="0,1" hai="10,15,17,26,27,65,66,67,86,89,93,104,105,107" machi="93" ten="40,5200,0" yaku="1,1,0,1,52,1,53,0" doraHai="14" doraHaiUra="39" who="0" fromWho="0" sc="210,62,331,-13,130,-13,319,-26" owari="272,-13.0,318,42.0,117,-38.0,293,9.0" /></mjloggm>