<mjloggm ver="2.3"><GO type="97" lobby="0"/><UN n0="%E3%83%88%E3%83%88%E3%83%AA%E5%85%88%E7%94%9F%31%39%E6%AD%B3" n1="%E6%96%B0%E5%AD%90%E2%98%86%E6%86%A7" n2="%E3%81%AD%E3%81%93%E3%81%99%E3%81%83%EF%BD%9E" n3="%E3%81%A6%E3%81%A4%E3%81%AE%E3%82%84" dan="13,14,13,13" rate="1999.99,1879.07,1835.81,1836.98" sx="F,M,M,M"/><TAIKYOKU oya="0"/><INIT seed="0,0,0,4,0,21" ten="250,250,250,250" oya="0" hai0="83,89,24,39,108,128,15,106,113,82,118,127,119" hai1="69,96,25,130,41,124,54,43,95,56,131,17,4" hai2="46,87,12,129,81,59,60,105,13,64,10,30,84" hai3="48,68,111,22,134,55,53,94,132,42,72,75,101"/><T57/><D113/><U44/><E69/><V35/><F129/><N who="1" m="49161" /><E124/><V135/><F135/><N who="3" m="51755" /><G68/><T73/><D128/><U122/><E122/><V76/><F105/><W123/><G111/><T74/><D39/><U70/><E70/><V16/><F46/><N who="3" m="25687" /><G123/><T110/><D57/><U34/><E4/><V107/><F107/><W18/><G94/><T45/><D15/><U58/><E44/><V91/><F30/><W117/><G101/><T97/><D45/><U19/><E56/><V67/><F35/><W79/><G79/><T98/><D106/><U26/><E41/><V40/><F40/><W29/><G29/><T7/><D7/><U27/><E43/><V100/><F100/><W109/><G109/><T1/><D89/><N who="1" m="55407" /><E34/><V85/><F12/><N who="3" m="9543" /><G117/><T71/><D71/><U5/><E5/><V133/><F133/><W31/><G31/><T32/><D32/><U126/><E126/><V2/><F2/><W49/><G49/><AGARI ba="0,0" hai="17,19,25,26,27,49,54,58" m="55407,49161" machi="49" ten="30,7700,0" yaku="19,1,52,3" doraHai="21" who="1" fromWho="3" sc="250,0,250,77,250,0,250,-77" /><INIT seed="1,0,0,5,3,59" ten="250,327,250,173" oya="1" hai0="30,113,74,39,101,96,15,11,34,76,12,83,82" hai1="25,70,123,118,108,81,62,99,7,85,73,43,56" hai2="75,122,67,135,47,54,132,29,13,106,35,40,112" hai3="1,36,133,104,66,52,130,127,3,17,77,19,37"/><U63/><E118/><V126/><F122/><W33/><G104/><T119/><D119/><U110/><E123/><V131/><F75/><W120/><G120/><T116/><D116/><U21/><E73/><V105/><F126/><W18/><G127/><T71/><D113/><U102/><E43/><V14/><F54/><W90/><G130/><T78/><D39/><U16/><E7/><V31/><F131/><W98/><G33/><T107/><D71/><U9/><E9/><V129/><F129/><W22/><G66/><T5/><D30/><U20/><E70/><V49/><F67/><W65/><G65/><T128/><D128/><U117/><E117/><V64/><F64/><W87/><G133/><N who="2" m="51273" /><F112/><W2/><G22/><T103/><D103/><U84/><E56/><V125/><F125/><W93/><G77/><T6/><D34/><U111/><E21/><V41/><F41/><W121/><G121/><T48/><D48/><U92/><E84/><V114/><F114/><W61/><REACH who="3" step="1"/><G87/><REACH who="3" ten="250,327,250,163" step="2"/><T28/><D74/><U55/><E55/><V24/><F106/><W0/><N who="3" m="512" /><DORA hai="91" /><W115/><G115/><T27/><D76/><AGARI ba="0,1" hai="16,20,25,62,63,76,81,85,92,99,102,108,110,111" machi="76" ten="40,18000,2" yaku="14,1,10,1,52,3,54,1" doraHai="59,91" who="1" fromWho="0" sc="250,-180,327,190,250,0,163,0" /><INIT seed="1,1,0,5,4,119" ten="70,517,250,163" oya="1" hai0="129,89,92,123,116,106,103,128,78,21,120,66,42" hai1="118,72,111,70,77,23,14,114,102,57,104,2,107" hai2="113,38,31,86,35,32,110,19,24,3,94,9,67" hai3="87,130,64,36,124,69,18,6,39,11,60,33,109"/><U125/><E57/><V29/><F38/><W79/><G33/><T20/><D116/><U127/><E23/><N who="2" m="13439" /><F67/><W85/><G124/><T41/><D66/><U68/><E14/><V43/><F43/><N who="0" m="16394" /><D78/><U12/><E12/><V1/><F86/><W49/><G130/><N who="0" m="50283" /><D103/><U134/><E77/><V100/><F94/><W90/><G79/><T61/><D61/><U37/><E102/><V44/><F44/><W93/><G18/><T96/><D106/><U117/><E117/><V115/><F100/><W5/><G109/><T25/><D20/><U4/><E70/><V95/><F95/><W30/><G30/><AGARI ba="1,0" hai="21,25,30,89,92,96,120,123" m="50283,16394" machi="30" ten="30,3900,0" yaku="19,1,52,2" doraHai="119" who="0" fromWho="3" sc="70,42,517,0,250,0,163,-42" /><INIT seed="2,0,0,4,2,26" ten="112,517,250,121" oya="2" hai0="103,108,104,24,58,6,15,94,45,119,133,118,7" hai1="107,96,112,77,116,34,120,47,126,98,74,4,10" hai2="114,71,101,69,62,30,75,21,83,11,84,127,99" hai3="38,128,20,93,129,57,115,17,76,97,56,54,100"/><V82/><F114/><W134/><G38/><T89/><D108/><U31/><E116/><N who="0" m="44585" /><D133/><U111/><E112/><V110/><F127/><W50/><G115/><T95/><D104/><U43/><E126/><V12/><F75/><W125/><G125/><T102/><D45/><U87/><E120/><V28/><F71/><W68/><G68/><T33/><D58/><U13/><E74/><V124/><F124/><W23/><G76/><T39/><D39/><U67/><E67/><V105/><F110/><W0/><G0/><T86/><D15/><U79/><E111/><V16/><F82/><W18/><G134/><T51/><D51/><N who="1" m="27135" /><E79/><V27/><F62/><W37/><G37/><T29/><D95/><U60/><E60/><V106/><F69/><W40/><G40/><T90/><D90/><U25/><E107/><V78/><REACH who="2" step="1"/><F106/><REACH who="2" ten="112,517,240,121" step="2"/><W2/><G129/><T131/><D131/><U19/><E96/><V109/><F109/><W61/><G128/><T36/><D36/><U63/><E98/><V130/><F130/><W42/><G61/><T8/><D8/><U81/><E63/><V132/><F132/><W53/><G42/><T66/><D66/><U48/><E48/><V85/><F85/><W44/><G44/><T46/><D46/><U123/><E123/><V59/><F59/><W91/><G54/><T22/><D33/><U14/><E34/><V9/><F9/><W3/><G57/><T121/><D121/><U70/><E70/><V35/><F35/><W73/><G73/><T55/><D55/><U72/><E87/><V92/><F92/><W135/><G135/><RYUUKYOKU ba="0,1" sc="112,15,517,-15,240,15,121,-15" hai0="6,7,22,24,29,86,89,94,102,103" hai2="11,12,16,21,27,28,30,78,83,84,99,101,105" /><INIT seed="2,1,1,5,4,123" ten="127,502,255,106" oya="2" hai0="134,37,113,25,61,6,64,81,7,9,45,124,8" hai1="112,43,132,42,126,76,41,60,78,88,18,32,120" hai2="46,10,39,38,65,70,31,21,122,0,133,34,17" hai3="105,128,28,24,66,19,86,14,51,85,103,125,11"/><V89/><F122/><W57/><G125/><T53/><D113/><U40/><E112/><V30/><F39/><W59/><G128/><T119/><D124/><U95/><E120/><V56/><F70/><W92/><G105/><T20/><D134/><U5/><E126/><V48/><F38/><W102/><G102/><T109/><D119/><U3/><E32/><V22/><F133/><W69/><G69/><T77/><D109/><U101/><E101/><V87/><F34/><W35/><G57/><T127/><D127/><U26/><E132/><V80/><F21/><W49/><G49/><N who="0" m="28847" /><D37/><U99/><E3/><V90/><F90/><W75/><G75/><T15/><D15/><U130/><E130/><V84/><F87/><W94/><G92/><T54/><D64/><U91/><E5/><N who="0" m="1545" /><D77/><N who="1" m="29803" /><E42/><N who="2" m="24663" /><F10/><W107/><G107/><T83/><D9/><U55/><E91/><V44/><F44/><W79/><G79/><T96/><D8/><U58/><E41/><V115/><F0/><W121/><G121/><T2/><D2/><U117/><E117/><V104/><F104/><W33/><G33/><T71/><D71/><U106/><E106/><V23/><F23/><AGARI ba="1,1" hai="18,23,26,40,43,55,58,60,88,95,99" m="29803" machi="23" ten="30,3900,0" yaku="25,1,8,1,54,1" doraHai="123" who="1" fromWho="2" sc="127,0,502,52,255,-42,106,0" /><INIT seed="3,0,0,5,4,30" ten="127,554,213,106" oya="3" hai0="28,61,101,73,63,26,135,112,117,97,13,87,108" hai1="68,34,110,77,122,84,17,66,79,46,64,111,44" hai2="80,33,16,12,19,85,65,15,29,105,129,22,23" hai3="37,60,8,130,48,92,36,71,56,5,99,106,91"/><W131/><G71/><T123/><D117/><U51/><E34/><V4/><F105/><W93/><G106/><T35/><D123/><U70/><E17/><N who="2" m="10535" /><F65/><N who="1" m="25193" /><E122/><V98/><F98/><W75/><G75/><T132/><D73/><U62/><E62/><V86/><F80/><W82/><G82/><T72/><D72/><U0/><E0/><V2/><F86/><W109/><G92/><N who="0" m="58535" /><D108/><N who="1" m="41515" /><E46/><V14/><F85/><W81/><G81/><T100/><D112/><U24/><E24/><N who="2" m="18599" /><F129/><N who="3" m="49163" /><G109/><T119/><D119/><U50/><E84/><V32/><F32/><W43/><G43/><T9/><D100/><U27/><E27/><N who="2" m="14823" /><F19/><W41/><G41/><T89/><D89/><U121/><E121/><V1/><F1/><N who="3" m="47" /><G48/><N who="1" m="18474" /><E44/><V95/><F95/><W10/><G10/><AGARI ba="0,0" hai="2,4,10,14,15" m="14823,18599,10535" machi="10" ten="30,16000,3" yaku="24,1,35,5,52,1,54,1" doraHai="30" who="2" fromWho="3" sc="127,0,554,0,213,160,106,-160" owari="127,-27.0,554,65.0,373,17.0,-54,-55.0" /></mjloggm>