<mjloggm ver="2.3"><GO type="97" lobby="0"/><UN n0="%E5%87%B1%E7%AB%A0" n1="%E9%9C%A7%E5%B3%B6%E6%B7%B1%E5%B1%A4%E6%B0%B4" n2="%E5%B0%B1%E6%B4%BB%E7%94%9F%40%E5%B7%9D%E6%9D%91%E8%BB%8D%E5%9B%A3" n3="%63%68%69%6E%75%35%30" dan="14,14,15,14" rate="1946.42,1928.60,2027.51,1948.57" sx="M,M,M,M"/><TAIKYOKU oya="0"/><INIT seed="0,0,0,5,0,109" ten="250,250,250,250" oya="0" hai0="34,79,52,100,96,5,21,24,65,103,77,104,102" hai1="18,8,125,33,94,105,98,73,89,133,134,22,12" hai2="126,36,80,129,28,70,29,111,53,75,110,64,101" hai3="121,6,106,1,46,132,81,23,97,61,124,35,69"/><T58/><D34/><U20/><E33/><V40/><F126/><W45/><G121/><T7/><D65/><U3/><E125/><V78/><F129/><W74/><G132/><N who="1" m="50794" /><E73/><V10/><F101/><W107/><G124/><T130/><D130/><U9/><E105/><V63/><F53/><W120/><G120/><T122/><D96/><U62/><E62/><V115/><F10/><N who="1" m="4201" /><E22/><V57/><F57/><W66/><G107/><T85/><D104/><U127/><E127/><V87/><F75/><W93/><G23/><T83/><D77/><U117/><E117/><V38/><F115/><W56/><G35/><T114/><D114/><U44/><E44/><V37/><REACH who="2" step="1"/><F40/><REACH who="2" ten="250,250,240,250" step="2"/><W50/><G6/><T108/><D122/><U17/><E17/><V41/><F41/><W43/><G1/><AGARI ba="0,1" hai="1,3,12,18,20,89,94,98" m="4201,50794" machi="1" ten="30,1000,0" yaku="20,1" doraHai="109" who="1" fromWho="3" sc="250,0,250,20,240,0,250,-10" /><INIT seed="1,0,0,1,2,112" ten="250,270,240,240" oya="1" hai0="14,64,134,34,62,98,63,122,56,125,117,103,47" hai1="66,124,82,18,74,32,36,1,6,9,105,59,4" hai2="111,80,45,85,90,60,87,29,43,70,0,130,97" hai3="92,128,40,5,86,31,101,121,88,30,75,94,25"/><U83/><E105/><V16/><F0/><W44/><G75/><T93/><D34/><U84/><E6/><V48/><F29/><W13/><G128/><T133/><D122/><U132/><E32/><V37/><F130/><W41/><G121/><T24/><D125/><U110/><E124/><V67/><F111/><W15/><G31/><T72/><D72/><U129/><E110/><V26/><F97/><W89/><G101/><T65/><D117/><U113/><E129/><V76/><F37/><W50/><G40/><T28/><D14/><U12/><E113/><V99/><F99/><W54/><G41/><T11/><D47/><U118/><E36/><V131/><F131/><W102/><G102/><T7/><D11/><U39/><E39/><V71/><F71/><W3/><G3/><T73/><D73/><U114/><E118/><V55/><F43/><W123/><G5/><T77/><D77/><U127/><E127/><V108/><F108/><W2/><G2/><T116/><D7/><U91/><E114/><V46/><F46/><W49/><G49/><T61/><D116/><U53/><E74/><V22/><REACH who="2" step="1"/><F87/><REACH who="2" ten="250,270,230,240" step="2"/><W81/><G123/><T120/><D120/><U23/><E84/><V51/><F51/><W19/><G30/><T27/><D28/><U106/><E1/><V42/><F42/><W8/><G25/><N who="0" m="9803" /><D56/><U78/><E59/><V109/><F109/><W115/><G115/><T33/><D33/><U79/><E106/><V107/><F107/><W57/><G15/><T126/><D126/><U119/><E12/><V20/><F20/><W135/><G135/><AGARI ba="0,1" hai="61,62,63,64,65,93,98,103,133,134,135" m="9803" machi="135" ten="30,2000,0" yaku="6,1,20,1" doraHai="112" who="0" fromWho="3" sc="250,30,270,0,230,0,240,-20" /><INIT seed="2,0,0,4,1,71" ten="280,270,230,220" oya="2" hai0="31,70,114,111,113,133,79,108,117,99,124,6,39" hai1="26,49,119,106,4,34,33,110,37,81,120,47,72" hai2="2,129,65,109,41,43,84,95,76,28,67,40,93" hai3="20,64,77,11,8,104,122,16,7,9,97,62,103"/><V18/><F2/><W21/><G122/><T30/><D70/><U46/><E119/><V74/><F74/><W35/><G77/><T44/><D79/><N who="1" m="44263" /><E106/><V45/><F129/><W82/><G82/><T27/><D6/><U42/><E26/><V12/><F109/><N who="0" m="42058" /><D117/><U13/><E110/><V92/><F28/><N who="0" m="10794" /><D27/><U107/><E107/><V115/><F115/><N who="0" m="44042" /><D99/><U135/><E13/><V69/><F69/><W36/><G36/><T57/><D57/><U96/><E96/><V78/><F45/><W102/><G102/><T1/><D1/><U55/><E120/><V131/><F131/><W54/><G54/><T90/><D90/><U5/><E5/><V3/><F3/><W126/><G126/><T17/><D124/><U22/><E4/><V60/><F60/><W59/><G35/><T48/><D17/><U25/><E25/><V61/><F61/><W112/><G112/><T116/><D116/><U19/><E19/><V68/><F68/><W63/><G7/><T29/><D29/><U80/><E34/><V134/><F134/><W24/><G63/><T10/><D10/><U52/><E33/><V100/><F100/><W121/><G121/><T83/><D133/><U23/><E135/><V91/><F76/><W14/><G9/><T53/><D83/><U86/><E80/><N who="2" m="49543" /><F78/><W87/><G87/><T75/><D75/><U125/><E86/><V38/><F38/><AGARI ba="0,0" hai="38,39,44,48,53" m="44042,10794,42058" machi="38" ten="40,5200,0" yaku="14,1,52,2" doraHai="71" who="0" fromWho="2" sc="280,52,270,0,230,-52,220,0" /><INIT seed="3,0,0,2,0,119" ten="332,270,178,220" oya="3" hai0="115,53,48,61,106,33,5,131,125,92,71,87,44" hai1="35,16,60,36,79,24,21,108,134,54,95,135,9" hai2="112,23,62,2,66,101,3,50,56,58,11,118,15" hai3="65,133,93,109,10,41,26,78,91,39,69,98,70"/><W84/><G133/><N who="1" m="50698" /><E36/><V20/><F112/><W76/><G109/><T124/><D106/><U8/><E108/><V37/><F118/><W113/><G113/><T86/><D115/><U29/><E79/><V116/><F116/><W126/><G126/><T129/><D33/><U99/><E54/><V90/><F37/><W68/><G10/><T80/><D92/><U0/><E60/><V32/><F32/><W114/><G114/><T51/><D71/><U67/><E67/><V28/><F101/><W81/><G26/><T52/><D61/><U38/><E38/><V132/><F132/><W63/><REACH who="3" step="1"/><G76/><REACH who="3" ten="332,270,178,210" step="2"/><T111/><D111/><U12/><E0/><V46/><F2/><W128/><G128/><T30/><D129/><U103/><AGARI ba="0,1" hai="8,9,12,16,21,24,29,35,95,99,103" m="50698" machi="103" ten="30,2000,0" yaku="20,1,54,1" doraHai="119" who="1" fromWho="1" sc="332,-5,270,30,178,-5,210,-10" owari="327,43.0,300,10.0,173,-33.0,200,-20.0" /></mjloggm>