<mjloggm ver="2.3"><GO type="169" lobby="0"/><UN n0="%E6%96%B0%E6%BD%9F%E3%83%89%E3%83%A9%E3%82%B4%E3%83%B3" n1="%E3%83%88%E3%83%88%E3%83%AA%E5%85%88%E7%94%9F%31%39%E6%AD%B3" n2="%E9%9B%80%E9%BE%8D%E9%96%80%5F%59%75%74%69" n3="%54%2E%54%2E%38" dan="17,18,16,16" rate="2144.25,2172.93,2081.92,2079.61" sx="M,F,M,M"/><TAIKYOKU oya="0"/><INIT seed="0,0,0,5,5,74" ten="250,250,250,250" oya="0" hai0="102,31,119,22,44,114,42,24,135,47,108,94,51" hai1="45,25,49,32,133,128,134,75,61,10,106,83,92" hai2="76,53,12,18,113,103,43,8,55,3,58,68,123" hai3="9,38,121,91,54,117,86,89,39,15,70,100,122"/><T27/><D119/><U50/><E106/><V56/><F113/><W87/><G70/><T125/><D114/><U57/><E128/><V23/><F68/><W69/><G69/><T90/><D125/><U85/><E75/><V110/><F123/><W129/><G117/><T88/><D135/><N who="1" m="51723" /><E92/><V78/><F110/><W13/><G54/><N who="2" m="20489" /><F3/><W67/><G67/><T60/><D60/><U95/><E95/><V46/><F103/><W36/><G100/><T130/><D130/><U7/><E45/><V40/><F8/><W4/><G129/><T21/><D108/><U30/><E57/><N who="2" m="22123" /><F46/><W104/><G104/><T73/><D73/><U5/><E61/><V109/><F109/><W96/><G96/><N who="0" m="59671" /><D47/><U17/><E17/><AGARI ba="0,0" hai="17,21,22,24,27,31,42,44,51,88,90" m="59671" machi="17" ten="30,2900,0" yaku="8,1,54,1" doraHai="74" who="0" fromWho="1" sc="250,29,250,-29,250,0,250,0" /><INIT seed="0,1,0,2,5,81" ten="279,221,250,250" oya="0" hai0="118,85,126,7,89,91,57,42,132,108,72,114,33" hai1="12,94,88,82,26,3,54,121,102,52,112,10,38" hai2="13,98,120,75,124,92,64,19,50,14,48,71,74" hai3="15,17,39,86,21,34,9,2,49,51,61,117,53"/><T135/><D33/><U110/><E121/><V66/><F120/><W128/><G34/><T11/><D118/><U84/><E38/><V77/><F124/><W63/><G39/><T73/><D114/><U111/><E3/><V47/><F14/><W43/><G117/><T125/><D42/><U103/><E26/><V134/><F50/><W133/><G2/><N who="0" m="503" /><D57/><U16/><E112/><V41/><F134/><N who="0" m="51242" /><D108/><N who="1" m="41515" /><E94/><V22/><F71/><W35/><G35/><T4/><D4/><U62/><E62/><V6/><F6/><W70/><G63/><T87/><D73/><U96/><E96/><V68/><F68/><W25/><G43/><T107/><D107/><U18/><E18/><V123/><F75/><W76/><G70/><T65/><D72/><U58/><E58/><V36/><F36/><W79/><G128/><T90/><D65/><U28/><E28/><V40/><F40/><W27/><G133/><T105/><D105/><U1/><E1/><V59/><F59/><N who="3" m="35055" /><G49/><T95/><D91/><U122/><E122/><V55/><F41/><W29/><G51/><T20/><D20/><U115/><E115/><V23/><F22/><W109/><G109/><T37/><D37/><U99/><E99/><V113/><F113/><W30/><G29/><T131/><D131/><U0/><E0/><V8/><F23/><W130/><G130/><T67/><D67/><U32/><E32/><V104/><F104/><W100/><G30/><T129/><D129/><U69/><E69/><V45/><F123/><W56/><G21/><T44/><D44/><U93/><E102/><N who="2" m="60743" /><F45/><W46/><G56/><RYUUKYOKU ba="1,0" sc="279,10,221,10,250,10,250,-30" hai0="85,87,89,90,95,125,126" hai1="10,12,16,52,54,82,84,88,93,103" hai2="8,13,19,47,48,55,64,66,74,77" /><INIT seed="0,2,0,4,2,135" ten="289,231,260,220" oya="0" hai0="64,108,61,67,6,128,47,125,118,48,71,69,59" hai1="117,68,124,35,102,119,72,74,60,49,9,84,14" hai2="95,106,10,57,90,130,21,4,82,112,51,17,109" hai3="42,18,86,88,93,97,111,134,44,85,23,77,110"/><T65/><D6/><U79/><E35/><V107/><F112/><W15/><G134/><T39/><D118/><U54/><E124/><V8/><F109/><W62/><G62/><N who="0" m="40183" /><D128/><U29/><E29/><V116/><F130/><W52/><G77/><T83/><D83/><U91/><E102/><V115/><F115/><W12/><G12/><T56/><D108/><N who="3" m="41513" /><G52/><N who="0" m="29727" /><D125/><U76/><E74/><V22/><F82/><W75/><G75/><T131/><D131/><U25/><E25/><V43/><F10/><W33/><G33/><T13/><D13/><U123/><E72/><V66/><F22/><W28/><G28/><T129/><D129/><U78/><E117/><V133/><F116/><W7/><G7/><T100/><D100/><U5/><E119/><V81/><F81/><W92/><G92/><T11/><D11/><U34/><E34/><V114/><F133/><W58/><G58/><N who="0" m="22059" /><D65/><U105/><E105/><V103/><F103/><W50/><AGARI ba="2,0" hai="15,18,23,42,44,50,85,86,88,93,97" m="41513" machi="50" ten="30,2000,0" yaku="14,1,54,1" doraHai="135" who="3" fromWho="3" sc="289,-12,231,-7,260,-7,220,26" /><INIT seed="1,0,0,0,1,18" ten="277,224,253,246" oya="1" hai0="21,8,43,12,32,15,36,53,27,124,92,110,130" hai1="3,1,62,104,108,117,88,72,13,133,42,111,23" hai2="35,85,41,67,102,30,39,22,115,25,65,96,34" hai3="109,91,19,103,78,93,26,2,59,51,48,113,38"/><U97/><E117/><V106/><F115/><W70/><G2/><T107/><D107/><U11/><E72/><V71/><F85/><W77/><G70/><T94/><D32/><U114/><E114/><V75/><F75/><W95/><G38/><T100/><D124/><U37/><E133/><V90/><F90/><W31/><G113/><T56/><D130/><U119/><E119/><V64/><REACH who="2" step="1"/><F71/><REACH who="2" ten="277,224,243,246" step="2"/><W10/><G91/><T17/><D110/><N who="1" m="42027" /><E88/><V9/><F9/><W128/><G109/><T105/><D8/><U123/><E11/><V14/><F14/><W60/><G10/><T45/><D15/><U129/><E129/><V98/><F98/><W120/><G128/><T0/><D12/><U52/><E123/><V84/><F84/><W79/><G120/><T83/><D0/><U118/><E118/><V82/><F82/><W127/><G127/><T69/><D83/><U99/><E99/><V54/><F54/><W122/><G122/><T131/><D131/><U66/><E52/><V46/><AGARI ba="0,1" hai="22,25,30,34,35,39,41,46,64,65,67,96,102,106" machi="46" ten="30,4000,0" yaku="1,1,0,1,52,1,53,0" doraHai="18" doraHaiUra="33" who="2" fromWho="2" sc="277,-10,224,-20,243,50,246,-10" /><INIT seed="2,0,0,3,0,54" ten="267,204,293,236" oya="2" hai0="80,66,113,94,122,6,52,111,92,27,24,23,44" hai1="124,21,87,55,68,13,5,48,123,0,116,119,93" hai2="7,18,17,26,126,132,41,84,85,19,58,61,63" hai3="15,109,42,46,128,50,86,115,59,130,4,120,8"/><V11/><F126/><W103/><G120/><T72/><D113/><U40/><E68/><V1/><F132/><W100/><G115/><T118/><D122/><U25/><E0/><V29/><F41/><W30/><G30/><T125/><D118/><U88/><E124/><V135/><F63/><W10/><G109/><T12/><D66/><U105/><E105/><V67/><REACH who="2" step="1"/><F135/><REACH who="2" ten="267,204,283,236" step="2"/><W134/><G134/><T34/><D125/><U76/><E123/><V117/><F117/><W82/><G130/><T101/><D111/><U79/><E40/><V22/><AGARI ba="0,1" hai="1,7,11,17,18,19,22,26,29,58,61,67,84,85" machi="22" ten="30,6000,0" yaku="1,1,0,1,52,1,53,0" doraHai="54" doraHaiUra="31" who="2" fromWho="2" sc="267,-20,204,-20,283,70,236,-20" /><INIT seed="2,1,0,1,3,27" ten="247,184,353,216" oya="2" hai0="94,34,53,122,10,101,44,100,90,85,106,113,105" hai1="80,35,5,47,58,24,103,132,54,28,22,70,0" hai2="39,124,12,41,95,1,133,2,42,87,16,73,121" hai3="13,19,63,75,48,112,38,130,125,117,29,128,9"/><V55/><F121/><W18/><G38/><T15/><D34/><U127/><E70/><V68/><F73/><W81/><G117/><T69/><D69/><U64/><E132/><V115/><F115/><W45/><G112/><T37/><D113/><U123/><E123/><V84/><F68/><W107/><G107/><T89/><D122/><U77/><E127/><V134/><F124/><W33/><G125/><T61/><D106/><U91/><E64/><V96/><F55/><W66/><G81/><N who="0" m="49327" /><D37/><U67/><E67/><V76/><F76/><W114/><G75/><T30/><D105/><U97/><E47/><V51/><F39/><W43/><G114/><T49/><D61/><U6/><E91/><V86/><F51/><W108/><G108/><T31/><D100/><U83/><E35/><V92/><F2/><W52/><G43/><N who="2" m="16393" /><F1/><W129/><G63/><T50/><D101/><U74/><E83/><V93/><F96/><W8/><G66/><T116/><D50/><U59/><E0/><V111/><F111/><W60/><G60/><T62/><D62/><U131/><E54/><V79/><F79/><W7/><G8/><T72/><D72/><U126/><E126/><V36/><F36/><W98/><G98/><N who="0" m="57687" /><D116/><U65/><E65/><V4/><F134/><W118/><G118/><T99/><D99/><U20/><E97/><V14/><F133/><W119/><G119/><T110/><D110/><U135/><E103/><V26/><F4/><AGARI ba="1,0" hai="4,10,15,30,31,44,49,53" m="57687,49327" machi="4" ten="30,3900,0" yaku="8,1,52,2" doraHai="27" who="0" fromWho="2" sc="247,42,184,0,353,-42,216,0" /><INIT seed="3,0,0,5,1,0" ten="289,184,311,216" oya="3" hai0="8,1,82,49,22,86,17,66,73,83,127,20,52" hai1="51,96,106,116,75,37,58,103,71,119,109,45,130" hai2="68,135,104,12,134,15,118,105,128,88,80,57,102" hai3="25,9,101,70,120,76,63,74,38,19,35,40,2"/><W53/><G120/><T98/><D127/><U126/><E71/><V122/><F118/><N who="1" m="45097" /><E75/><V112/><F112/><W4/><G101/><T39/><D39/><U69/><E69/><V44/><F68/><W67/><G53/><T3/><D3/><U16/><E126/><V32/><F32/><W133/><G133/><N who="2" m="50697" /><F128/><W92/><G92/><T113/><D113/><U60/><E37/><V28/><F122/><W7/><G19/><T31/><D66/><N who="1" m="39191" /><E109/><V11/><F28/><W6/><G25/><T81/><D73/><U50/><E130/><V30/><F30/><W77/><G35/><T13/><D98/><U61/><E61/><V5/><F44/><N who="3" m="23575" /><G77/><T95/><D31/><U124/><E124/><V90/><F102/><W121/><G121/><T18/><D1/><U21/><E45/><V33/><F33/><W10/><G10/><T97/><D18/><U78/><E78/><V114/><F114/><W107/><G107/><N who="2" m="41033" /><F15/><AGARI ba="0,0" hai="15,16,21,50,51,96,103,106" m="39191,45097" machi="15" ten="30,2000,0" yaku="12,1,54,1" doraHai="0" who="1" fromWho="2" sc="289,0,184,20,311,-20,216,0" /><INIT seed="4,0,0,3,3,83" ten="289,204,291,216" oya="0" hai0="20,52,43,101,113,39,11,128,35,133,45,97,9" hai1="104,123,126,87,111,74,122,76,102,129,106,120,61" hai2="65,98,29,66,55,25,91,57,44,81,14,58,15" hai3="63,67,34,134,86,28,40,73,77,127,2,115,3"/><T71/><D35/><U119/><E61/><V4/><F44/><W85/><G134/><T125/><D133/><U132/><E132/><V110/><F110/><W135/><G135/><T79/><D71/><U46/><E46/><V38/><F38/><W41/><G127/><T22/><D125/><U112/><E126/><V92/><F81/><W60/><G115/><T53/><D113/><U16/><E112/><V50/><F4/><W7/><G7/><T33/><D33/><U59/><E59/><V114/><F114/><W131/><G131/><T100/><D79/><U109/><E16/><V6/><F6/><W51/><G77/><T75/><D75/><U96/><E129/><V80/><F80/><W124/><G73/><T8/><D128/><U26/><E26/><V108/><F108/><N who="1" m="41545" /><E119/><V84/><F98/><W27/><G124/><T78/><D78/><U118/><E118/><V103/><F103/><W88/><G60/><T31/><D101/><N who="1" m="62503" /><E76/><V89/><F91/><W62/><G63/><T121/><D31/><U1/><E1/><V107/><F58/><W90/><G3/><T42/><D42/><U69/><E69/><V94/><F66/><W68/><G2/><T47/><D47/><U130/><E74/><V54/><F65/><W56/><G68/><T21/><D53/><U70/><E70/><V116/><F54/><W24/><G27/><T32/><D52/><U17/><E130/><V18/><F116/><W10/><G51/><T95/><D32/><U48/><E123/><V0/><F0/><W5/><G41/><T12/><D121/><U82/><E122/><RYUUKYOKU ba="0,0" sc="289,30,204,-10,291,-10,216,-10" hai0="8,9,11,12,20,21,22,39,43,45,95,97,100" /><INIT seed="4,1,0,3,3,106" ten="319,194,281,206" oya="0" hai0="41,34,100,4,55,15,1,63,28,89,116,103,79" hai1="64,61,36,49,70,65,117,26,98,56,44,71,35" hai2="80,101,134,43,52,132,53,67,30,115,31,23,99" hai3="8,120,7,6,109,13,14,81,48,92,10,47,123"/><T54/><D1/><U130/><E117/><V45/><F115/><W127/><G109/><T19/><D4/><U33/><E130/><V87/><F67/><N who="1" m="25673" /><E98/><V82/><F23/><W111/><G111/><T57/><D41/><N who="1" m="22567" /><E26/><V75/><F45/><W50/><G127/><T73/><D116/><U107/><E33/><V122/><F43/><W69/><G69/><N who="1" m="26122" /><E107/><V66/><F66/><W121/><G92/><T128/><D89/><U108/><E35/><V126/><F122/><W72/><G47/><T46/><D28/><U59/><E108/><V105/><F126/><W86/><REACH who="3" step="1"/><G72/><REACH who="3" ten="319,194,281,196" step="2"/><T88/><D73/><U51/><E59/><V118/><F105/><W96/><G96/><T38/><D57/><U37/><E37/><V113/><F99/><W12/><G12/><T110/><D38/><U129/><E129/><V3/><F75/><W2/><G2/><T74/><D128/><U90/><E90/><AGARI ba="1,1" hai="6,7,8,10,13,14,48,50,81,86,90,120,121,123" machi="90" ten="40,8000,1" yaku="1,1,9,1,13,1,53,2" doraHai="106" doraHaiUra="0" who="3" fromWho="1" sc="319,0,194,-83,281,0,196,93" /><INIT seed="5,0,0,0,0,78" ten="319,111,281,289" oya="1" hai0="31,0,62,35,94,17,72,10,11,56,30,84,19" hai1="57,118,96,54,104,47,105,14,43,134,111,82,123" hai2="98,67,108,113,121,83,70,130,106,117,32,58,61" hai3="93,91,52,23,21,16,86,71,85,65,109,12,124"/><U40/><E118/><V128/><F108/><W100/><G109/><T81/><D72/><U127/><E111/><V36/><F117/><W1/><G1/><T45/><D94/><U9/><E123/><V131/><F121/><W64/><G124/><T6/><D45/><U59/><E127/><V5/><F113/><W48/><G100/><T74/><D74/><U37/><E134/><V73/><F36/><W29/><G71/><T112/><D35/><U44/><E82/><V80/><F32/><W22/><G85/><T79/><D112/><U135/><E135/><V75/><F5/><W95/><G95/><T126/><D126/><U116/><E116/><V110/><F110/><W77/><G77/><T103/><D103/><U101/><E54/><V88/><F70/><W69/><G69/><T42/><D42/><U15/><E105/><V3/><F3/><W24/><G23/><T107/><D17/><U51/><REACH who="1" step="1"/><E14/><REACH who="1" ten="319,101,281,289" step="2"/><V92/><F106/><W133/><G133/><T66/><D107/><U18/><AGARI ba="0,1" hai="9,15,18,37,40,43,44,47,51,57,59,96,101,104" machi="18" ten="20,12000,1" yaku="1,1,2,1,0,1,7,1,53,1" doraHai="78" doraHaiUra="68" who="1" fromWho="1" sc="319,-40,101,130,281,-40,289,-40" /><INIT seed="5,1,0,2,4,12" ten="279,231,241,249" oya="1" hai0="122,26,30,133,126,55,44,78,85,106,63,114,29" hai1="90,84,59,81,17,73,13,66,97,34,80,103,79" hai2="37,82,71,42,118,89,117,58,102,8,40,23,6" hai3="123,43,3,87,67,61,50,57,21,52,56,127,20"/><U60/><E34/><V41/><F71/><W130/><G123/><T91/><D106/><U129/><E129/><V131/><F37/><W120/><G130/><T72/><D114/><U119/><E119/><V135/><F131/><W107/><G120/><T83/><D122/><U111/><E111/><V121/><F121/><W116/><G107/><T46/><D133/><U18/><REACH who="1" step="1"/><E13/><REACH who="1" ten="279,221,241,249" step="2"/><N who="2" m="5271" /><F135/><W4/><G116/><T94/><D126/><U88/><E88/><V62/><F117/><W74/><G127/><T115/><D91/><U48/><E48/><V10/><F118/><W31/><G50/><T68/><D115/><U28/><E28/><V70/><F102/><W0/><G31/><T92/><D30/><U101/><E101/><V5/><F89/><W95/><G0/><T38/><D29/><U108/><E108/><V65/><F62/><W51/><G3/><T104/><D63/><U75/><E75/><V47/><F82/><W25/><G74/><T86/><D72/><U32/><E32/><V7/><F40/><W105/><G43/><T64/><D83/><U53/><E53/><V69/><F42/><W98/><G61/><T128/><D55/><U19/><E19/><V54/><F41/><W9/><G52/><T132/><D128/><U93/><AGARI ba="1,1" hai="17,18,59,60,66,73,79,80,81,84,90,93,97,103" machi="93" ten="20,12000,1" yaku="1,1,0,1,7,1,52,2,53,0" doraHai="12" doraHaiUra="113" who="1" fromWho="1" sc="279,-41,221,133,241,-41,249,-41" /><INIT seed="5,2,0,1,1,47" ten="238,354,200,208" oya="1" hai0="45,27,104,111,119,18,63,16,37,113,114,87,36" hai1="124,84,23,19,41,93,53,5,107,112,131,34,123" hai2="92,91,25,94,12,77,21,60,43,118,8,106,14" hai3="125,90,57,116,78,98,129,55,135,61,48,6,56"/><U42/><E123/><V64/><F106/><W62/><G116/><T86/><D111/><U88/><E34/><V75/><F118/><W89/><G135/><T66/><D119/><U115/><E107/><V26/><F43/><W80/><G129/><T110/><D104/><U85/><E131/><V108/><F108/><W20/><G125/><T54/><D110/><U121/><E121/><V44/><F44/><W127/><G127/><T97/><D97/><U99/><E124/><V70/><F75/><W105/><G6/><T83/><D37/><U30/><E30/><V59/><F77/><W40/><G40/><N who="1" m="15466" /><E5/><V46/><F46/><W72/><G20/><N who="0" m="13703" /><D18/><U76/><E76/><V17/><F94/><W117/><G117/><T13/><D13/><N who="1" m="9711" /><E53/><V130/><F70/><W39/><G39/><T65/><D36/><U50/><E99/><V67/><F64/><W69/><G105/><T103/><D66/><U11/><E11/><V132/><F132/><W22/><G98/><T32/><D32/><U120/><E120/><V29/><F130/><W74/><G72/><T4/><D4/><U35/><E35/><V102/><F29/><W79/><G79/><T51/><D65/><U28/><E28/><V82/><F8/><W71/><G71/><T15/><D54/><U126/><E126/><V9/><F9/><W49/><G69/><T73/><D73/><U122/><E122/><V38/><F38/><W101/><G101/><T109/><D103/><U2/><E2/><V52/><F67/><N who="3" m="39335" /><G22/><T100/><D109/><U95/><E84/><N who="0" m="32297" /><D100/><U3/><E85/><N who="2" m="50615" /><F12/><W33/><G33/><RYUUKYOKU ba="2,0" sc="238,-15,354,-15,200,15,208,15" hai2="14,17,21,25,26,52,59,60,92,102" hai3="48,49,55,57,62,74,78,80,89,90" /><INIT seed="6,3,0,0,0,25" ten="223,339,215,223" oya="2" hai0="61,95,44,91,47,10,30,101,23,29,16,89,117" hai1="122,33,9,86,93,54,13,8,77,36,128,126,62" hai2="55,103,38,26,102,17,119,69,106,57,120,129,87" hai3="82,53,73,100,50,110,115,81,108,112,97,0,111"/><V58/><F120/><W51/><G0/><T6/><D117/><U65/><E33/><V34/><F119/><W113/><G73/><T3/><D61/><U74/><E36/><V42/><F69/><W118/><G118/><T124/><D124/><U1/><E74/><V46/><F129/><W83/><G53/><T11/><D101/><U79/><E54/><V64/><F106/><AGARI ba="3,0" hai="50,51,81,82,83,97,100,106,108,110,111,112,113,115" machi="106" ten="50,8000,1" yaku="29,2,15,1,11,1" doraHai="25" who="3" fromWho="2" sc="223,0,339,0,215,-89,223,89" /><INIT seed="7,0,0,3,0,46" ten="223,339,126,312" oya="3" hai0="2,34,101,26,16,100,30,35,63,135,124,38,74" hai1="94,59,18,123,13,113,42,69,118,97,39,4,37" hai2="57,99,79,9,117,5,134,85,8,15,28,58,108" hai3="127,19,129,66,40,76,120,11,132,103,31,10,68"/><W93/><G120/><T110/><D110/><U55/><E123/><V44/><F134/><W89/><G132/><T24/><D135/><U20/><E69/><V125/><F125/><W119/><G127/><T133/><D133/><U67/><E67/><V51/><F117/><W114/><G119/><T12/><D124/><U111/><E111/><V45/><F108/><W1/><G114/><T116/><D2/><U106/><E118/><V23/><F99/><W70/><G40/><T131/><D38/><U0/><E106/><V84/><F44/><W52/><G31/><T7/><D7/><U112/><E42/><V50/><F9/><W81/><G103/><T122/><D122/><U36/><E4/><V87/><F79/><W130/><G66/><T73/><D63/><U17/><E17/><V3/><F45/><W88/><G89/><T75/><D116/><U29/><E29/><V109/><F109/><W80/><G1/><T33/><D131/><N who="3" m="50185" /><G52/><T126/><D126/><U102/><REACH who="1" step="1"/><E0/><REACH who="1" ten="223,329,126,312" step="2"/><V91/><F3/><W83/><G76/><T71/><D71/><N who="3" m="27177" /><G19/><T82/><D16/><U105/><E105/><V65/><F91/><W22/><G22/><T78/><D30/><U90/><E90/><V62/><REACH who="2" step="1"/><F57/><REACH who="2" ten="223,329,116,312" step="2"/><W95/><G88/><T104/><D78/><U47/><E47/><V86/><N who="2" m="21504" /><DORA hai="115" /><V54/><F54/><W128/><G128/><T64/><D64/><U21/><E21/><V72/><F72/><W56/><G56/><T14/><D75/><U60/><AGARI ba="0,2" hai="13,18,20,36,37,39,55,59,60,94,97,102,112,113" machi="60" ten="40,5200,0" yaku="1,1,0,1,53,1" doraHai="46,115" doraHaiUra="98,77" who="1" fromWho="1" sc="223,-13,329,72,116,-13,312,-26" owari="210,-19.0,401,50.0,103,-40.0,286,9.0" /></mjloggm>