<mjloggm ver="2.3"><GO type="41" lobby="0"/><UN n0="%E6%98%A5%E6%97%A5%E9%87%8E%E3%82%A2%E3%82%A4%E3%83%AA" n1="%E5%B0%B1%E6%B4%BB%E7%94%9F%40%E5%B7%9D%E6%9D%91%E8%BB%8D%E5%9B%A3" n2="%4E%2E%4B%3B" n3="%E3%81%BD%E3%81%88%EF%BD%9E%E3%82%93" dan="13,16,15,15" rate="1855.95,2074.96,1949.35,1958.76" sx="M,M,M,M"/><TAIKYOKU oya="0"/><INIT seed="0,0,0,2,4,92" ten="250,250,250,250" oya="0" hai0="133,52,84,99,42,129,53,105,112,40,20,64,54" hai1="39,16,45,28,14,43,94,124,128,21,71,104,18" hai2="7,15,75,38,127,59,120,91,121,33,41,13,85" hai3="97,62,48,68,81,89,25,44,12,11,116,37,57"/><T98/><D112/><U55/><E104/><V115/><F75/><W61/><G116/><T77/><D133/><U79/><E124/><V117/><F33/><W2/><G2/><T46/><D129/><U126/><E126/><V67/><F117/><W119/><G119/><T3/><D3/><U50/><E128/><V24/><F127/><W23/><G37/><T10/><D105/><U29/><E71/><V108/><F115/><W125/><G125/><T58/><D10/><U134/><E134/><V135/><F108/><W1/><G1/><T80/><D46/><U26/><E79/><V65/><F135/><W90/><G68/><T87/><D20/><U5/><E5/><V51/><F38/><W113/><G113/><T60/><D87/><U8/><REACH who="1" step="1"/><E94/><REACH who="1" ten="250,240,250,250" step="2"/><V31/><F7/><N who="3" m="3199" /><G81/><T73/><REACH who="0" step="1"/><D73/><REACH who="0" ten="240,240,250,250" step="2"/><U4/><E4/><V93/><F121/><W36/><G23/><T32/><D32/><U78/><E78/><V47/><F120/><W76/><G76/><T66/><D66/><U72/><E72/><V22/><F67/><W83/><G25/><T118/><D118/><U100/><E100/><V35/><F35/><W88/><G83/><T82/><D82/><U63/><E63/><AGARI ba="0,2" hai="13,15,22,24,31,41,47,51,59,63,65,85,91,93" machi="63" ten="40,1300,0" yaku="8,1" doraHai="92" who="2" fromWho="1" sc="240,0,240,-13,250,33,250,0" /><INIT seed="1,0,0,5,1,125" ten="240,227,283,250" oya="1" hai0="79,114,23,74,55,101,51,122,106,91,95,40,66" hai1="76,121,120,109,58,62,83,70,94,5,97,135,112" hai2="134,8,63,126,115,133,30,93,39,53,18,116,84" hai3="57,11,15,104,129,35,71,28,90,73,21,61,47"/><U82/><E70/><V37/><F39/><W127/><G71/><T98/><D66/><U43/><E112/><V123/><F37/><W99/><G73/><T36/><D114/><U107/><E107/><V44/><F126/><W33/><G127/><T88/><D36/><U119/><E119/><V85/><F123/><W52/><G47/><T9/><D122/><U56/><E5/><V72/><F72/><W50/><G50/><T80/><D40/><U31/><E31/><V64/><F116/><W45/><G45/><T103/><D91/><U131/><E43/><V3/><F30/><W19/><G129/><T12/><D23/><U118/><E131/><V113/><F115/><W124/><G124/><T102/><D102/><U110/><E118/><V20/><F93/><W128/><G128/><T89/><D89/><U81/><E76/><V10/><F113/><W54/><G54/><T77/><D77/><U96/><E135/><N who="2" m="51723" /><F53/><W13/><G104/><T16/><REACH who="0" step="1"/><D106/><REACH who="0" ten="230,227,283,250" step="2"/><U132/><E132/><V34/><F34/><W17/><G90/><T49/><D49/><U60/><E82/><V38/><F38/><W41/><G99/><T29/><D29/><U117/><E117/><V92/><F8/><W14/><G41/><T24/><D24/><U87/><E94/><V130/><F10/><N who="3" m="6327" /><G28/><T108/><D108/><U6/><E87/><V111/><F84/><W59/><G33/><T27/><D27/><U65/><E65/><V2/><F85/><W32/><G32/><T26/><D26/><U48/><E48/><V25/><F111/><W69/><G35/><T46/><AGARI ba="0,1" hai="9,12,16,46,51,55,74,79,80,88,95,98,101,103" machi="46" ten="20,12000,2" yaku="1,1,5,1,0,1,7,1,54,2,53,1" doraHai="125" doraHaiUra="86" who="0" fromWho="0" sc="230,130,227,-60,283,-30,250,-30" /><INIT seed="2,0,0,5,5,52" ten="360,167,253,220" oya="2" hai0="125,10,53,54,25,48,64,84,103,14,1,49,2" hai1="51,93,59,110,33,11,91,82,60,79,45,6,119" hai2="114,113,43,102,105,3,63,135,35,66,71,132,96" hai3="44,70,29,101,39,75,104,21,20,38,76,22,47"/><V87/><F3/><W83/><G70/><T68/><D125/><U55/><E110/><V41/><F35/><W40/><G104/><T80/><D103/><U73/><E119/><V126/><F87/><W65/><G65/><T19/><D25/><U8/><E33/><V67/><F67/><W124/><G101/><T85/><D68/><U12/><E11/><V99/><F99/><W37/><G124/><T57/><D64/><U36/><E36/><V7/><F7/><W117/><G117/><T18/><D18/><U50/><REACH who="1" step="1"/><E45/><REACH who="1" ten="360,157,253,220" step="2"/><V116/><F126/><W62/><G44/><T100/><D100/><U32/><E32/><V90/><F116/><W97/><G38/><T13/><D2/><U61/><E61/><V77/><F114/><W120/><G39/><T115/><D1/><U133/><E133/><V58/><F113/><W95/><G62/><T107/><D115/><U46/><E46/><V134/><F71/><W129/><G47/><T17/><D107/><U94/><E94/><V26/><F134/><W111/><G37/><T118/><D118/><U9/><E9/><V78/><F132/><W31/><G111/><T112/><D112/><U122/><E122/><V4/><F135/><W56/><G120/><T131/><D80/><U121/><E121/><V88/><F63/><W23/><G95/><T5/><D10/><U42/><E42/><V34/><F43/><W92/><G92/><T123/><D123/><U27/><E27/><V89/><F41/><W24/><G40/><T128/><D5/><U98/><AGARI ba="0,1" hai="6,8,12,50,51,55,59,60,73,79,82,91,93,98" machi="98" ten="20,8000,1" yaku="1,1,0,1,7,1,52,1,53,1" doraHai="52" doraHaiUra="86" who="1" fromWho="1" sc="360,-20,157,90,253,-40,220,-20" /><INIT seed="3,0,0,3,2,4" ten="340,247,213,200" oya="3" hai0="78,56,116,22,7,44,40,84,47,63,80,2,17" hai1="45,72,81,103,115,38,112,1,69,33,89,9,59" hai2="100,58,3,86,133,42,62,52,124,39,0,65,131" hai3="55,98,120,66,64,53,20,12,57,24,49,91,93"/><W123/><G120/><T16/><D116/><U104/><E59/><V110/><F133/><W85/><G123/><T43/><D2/><U101/><E89/><V92/><F131/><W36/><G36/><T125/><D125/><U111/><E111/><V132/><F124/><W90/><G53/><T126/><D126/><U11/><E69/><V122/><F132/><W18/><G24/><T48/><D7/><U28/><E11/><V41/><F122/><W70/><G70/><T37/><D22/><U19/><E19/><V96/><F110/><W88/><G91/><T95/><REACH who="0" step="1"/><D95/><AGARI ba="0,0" hai="12,18,20,49,55,57,64,66,85,88,90,93,95,98" machi="95" ten="30,12000,1" yaku="7,1,25,2,8,1,54,1" doraHai="4" who="3" fromWho="0" sc="340,-120,247,0,213,0,200,120" /><INIT seed="3,1,0,2,0,48" ten="220,247,213,320" oya="3" hai0="22,127,122,86,3,63,111,84,21,82,128,17,11" hai1="116,104,42,38,117,64,118,105,90,19,53,55,88" hai2="120,14,100,5,40,130,54,33,133,23,9,124,57" hai3="27,75,73,41,8,44,68,46,96,89,51,35,99"/><W134/><G68/><T71/><D122/><U115/><E115/><V98/><F120/><W26/><G134/><T94/><D128/><U66/><E19/><V131/><F133/><W30/><G8/><T52/><D71/><U103/><E42/><V109/><F109/><W72/><G27/><T37/><D37/><U80/><E38/><V25/><F124/><W1/><G1/><T113/><D111/><U81/><E116/><V106/><F40/><W20/><G35/><T83/><D127/><U10/><E10/><V87/><F87/><W2/><G2/><T135/><D135/><U126/><E126/><V56/><F33/><W67/><G67/><T79/><D94/><U70/><E70/><V34/><F34/><W74/><N who="3" m="18944" /><DORA hai="102" /><W93/><REACH who="3" step="1"/><G46/><REACH who="3" ten="220,247,213,310" step="2"/><T43/><D113/><U110/><E110/><V18/><REACH who="2" step="1"/><F57/><REACH who="2" ten="220,247,203,310" step="2"/><W123/><G123/><T101/><D3/><U112/><E112/><V39/><F39/><W16/><G16/><T29/><D17/><U107/><E117/><V12/><F12/><W77/><G77/><T60/><D29/><U119/><E119/><V132/><F132/><W50/><G50/><AGARI ba="1,2" hai="5,9,14,18,23,25,50,54,56,98,100,106,130,131" machi="50" ten="40,5200,0" yaku="1,1,52,2,53,0" doraHai="48,102" doraHaiUra="36,59" who="2" fromWho="3" sc="220,0,247,0,203,75,310,-55" /><INIT seed="4,0,0,2,4,20" ten="220,247,278,255" oya="0" hai0="48,116,96,11,105,72,69,14,83,5,125,70,93" hai1="78,45,106,100,23,32,110,76,8,132,56,128,15" hai2="117,63,82,30,54,65,108,4,113,40,119,112,26" hai3="60,80,114,33,97,13,3,17,85,61,109,57,86"/><T79/><D116/><N who="2" m="44618" /><F108/><W74/><G3/><T102/><D125/><U41/><E32/><V35/><F40/><W37/><G37/><T1/><D48/><U51/><E110/><V29/><F54/><W39/><G39/><T134/><D134/><U123/><E132/><V27/><F82/><W24/><G109/><T55/><D55/><U84/><E123/><V67/><F4/><W124/><G124/><T90/><REACH who="0" step="1"/><D1/><REACH who="0" ten="210,247,278,255" step="2"/><U62/><E128/><V16/><F65/><W49/><G49/><T44/><D44/><U25/><E51/><V18/><F67/><W73/><G61/><T118/><D118/><U68/><E45/><V47/><F63/><W52/><G114/><N who="2" m="44137" /><F47/><W89/><G97/><AGARI ba="0,1" hai="5,11,14,69,70,72,79,83,90,93,96,97,102,105" machi="97" ten="30,2900,0" yaku="1,1,7,1,53,0" doraHai="20" doraHaiUra="53" who="0" fromWho="3" sc="210,39,247,0,278,0,255,-29" /><INIT seed="4,1,0,1,2,118" ten="249,247,278,226" oya="0" hai0="44,87,119,124,108,19,110,135,89,82,5,39,22" hai1="15,72,56,97,55,113,62,58,20,130,95,114,112" hai2="17,104,7,3,121,69,14,25,102,48,40,65,74" hai3="134,54,93,91,0,46,38,50,21,26,120,28,86"/><T2/><D119/><U30/><E72/><V133/><F121/><W37/><G0/><T42/><D135/><U49/><E130/><V34/><F74/><W81/><G134/><T127/><D5/><U23/><E30/><V131/><F133/><W128/><G128/><T41/><D41/><U43/><E15/><V109/><F109/><N who="0" m="42090" /><D2/><U45/><REACH who="1" step="1"/><E58/><REACH who="1" ten="249,237,278,226" step="2"/><V90/><F14/><AGARI ba="1,1" hai="14,19,22,39,42,44,82,87,89,124,127" m="42090" machi="14" ten="30,1500,0" yaku="10,1" doraHai="118" who="0" fromWho="2" sc="249,28,237,0,278,-18,226,0" /><INIT seed="4,2,0,5,0,68" ten="277,237,260,226" oya="0" hai0="127,123,95,111,21,73,75,117,25,105,110,74,92" hai1="134,93,13,9,23,116,85,86,27,96,104,97,71" hai2="3,113,26,28,109,63,108,58,40,52,135,69,98" hai3="120,24,126,128,15,118,112,131,41,66,39,49,94"/><T0/><D0/><U133/><E71/><V53/><F3/><W31/><G118/><T115/><D117/><U119/><E27/><V10/><F113/><W35/><G49/><T14/><D123/><U11/><E23/><V59/><F69/><W124/><G66/><T84/><D14/><U88/><E13/><V29/><F135/><N who="1" m="51721" /><E9/><V101/><F40/><W5/><G112/><T16/><D115/><U65/><E65/><V80/><F10/><N who="3" m="4559" /><G94/><T48/><D105/><U60/><E60/><V72/><F80/><W54/><G54/><T44/><D127/><N who="3" m="48681" /><G120/><T76/><D76/><U55/><E11/><V99/><F72/><W8/><G8/><T2/><D2/><U7/><E7/><V114/><F114/><W12/><G12/><T6/><D6/><U33/><E33/><V78/><F78/><W103/><G103/><T4/><D4/><U56/><E56/><V42/><F42/><W106/><G106/><T90/><REACH who="0" step="1"/><D92/><REACH who="0" ten="267,237,260,226" step="2"/><N who="1" m="56327" /><E104/><V47/><F109/><W67/><G24/><T79/><D79/><U129/><E119/><V87/><F108/><W91/><G31/><T19/><D19/><U100/><E116/><V89/><F29/><W61/><G35/><T82/><D82/><U57/><E129/><V46/><F28/><W34/><G34/><T77/><D77/><U62/><AGARI ba="2,1" hai="55,57,62,85,86,93,97,100" m="56327,51721" machi="62" ten="30,2000,0" yaku="20,1,54,1" doraHai="68" who="1" fromWho="1" sc="267,-12,237,36,260,-7,226,-7" /><INIT seed="5,0,0,2,0,116" ten="255,273,253,219" oya="1" hai0="121,96,54,83,9,90,129,130,104,16,93,119,68" hai1="31,24,105,122,87,88,111,6,64,134,120,99,117" hai2="36,108,59,27,67,84,2,102,30,95,32,56,25" hai3="72,10,4,97,7,43,38,5,106,77,65,21,40"/><U28/><E117/><V86/><F36/><W103/><G65/><T114/><D119/><U3/><E64/><V115/><F2/><W1/><G43/><T51/><D68/><U66/><E66/><V39/><F39/><W70/><G70/><T100/><D114/><U34/><E31/><V133/><F108/><W37/><G21/><T55/><D83/><U33/><E33/><V57/><F115/><W128/><G38/><T26/><D121/><U0/><E134/><V81/><F133/><W85/><G85/><T107/><D55/><U98/><E111/><V18/><F67/><W19/><G19/><T109/><D109/><U61/><E61/><V11/><F102/><W20/><G20/><T22/><D9/><U135/><E135/><V15/><F25/><W49/><G49/><T132/><D132/><U123/><E105/><V73/><F95/><W94/><G94/><T89/><D89/><U75/><E75/><V131/><F131/><N who="0" m="50186" /><D100/><U45/><E45/><AGARI ba="0,0" hai="16,22,26,45,51,54,90,93,96,104,107" m="50186" machi="45" ten="30,2000,0" yaku="19,1,54,1" doraHai="116" who="0" fromWho="1" sc="255,20,273,-20,253,0,219,0" /><INIT seed="6,0,0,0,0,48" ten="275,253,253,219" oya="2" hai0="120,92,37,69,119,7,59,26,10,108,71,53,36" hai1="73,97,64,85,124,58,39,123,60,104,43,133,83" hai2="110,23,57,89,75,112,126,8,42,52,65,91,116" hai3="55,18,33,45,61,6,87,99,35,129,49,14,134"/><V13/><F116/><W30/><G134/><T9/><D120/><U0/><E73/><V96/><F75/><W118/><G129/><T117/><D108/><U66/><E123/><V114/><F42/><W29/><G118/><N who="0" m="45067" /><D26/><U76/><E124/><V25/><F110/><W74/><G74/><T84/><D92/><U88/><E133/><V32/><F32/><W68/><G35/><T34/><D34/><U20/><E0/><V31/><F65/><W106/><G6/><T86/><D86/><U95/><E104/><V81/><F126/><W67/><G33/><T109/><D84/><U107/><E107/><V4/><F81/><W3/><G3/><T19/><D19/><U135/><E135/><V93/><REACH who="2" step="1"/><F89/><REACH who="2" ten="275,253,243,219" step="2"/><W22/><G87/><T62/><D109/><U5/><E43/><V46/><F46/><W132/><G132/><T82/><D82/><U41/><E41/><V11/><F11/><N who="0" m="4106" /><D7/><U72/><E39/><AGARI ba="0,1" hai="36,37,39,53,59,62,69,71" m="4106,45067" machi="39" ten="30,2000,0" yaku="12,1,52,1" doraHai="48" who="0" fromWho="1" sc="275,30,253,-20,243,0,219,0" /><INIT seed="7,0,0,0,5,48" ten="305,233,243,219" oya="3" hai0="119,24,134,72,111,17,65,46,73,133,88,129,100" hai1="20,106,13,131,74,4,44,123,107,63,78,118,0" hai2="80,92,57,60,19,75,128,28,99,81,127,12,110" hai3="45,37,31,55,6,112,21,103,91,113,102,77,32"/><W49/><G32/><T25/><D111/><U39/><E13/><V66/><F110/><W51/><G37/><T59/><D119/><U132/><E20/><V43/><F128/><W41/><G6/><T135/><D129/><U108/><E63/><V53/><F127/><W54/><G41/><T93/><D100/><U14/><E14/><V121/><F121/><W11/><G11/><T38/><D38/><U29/><E29/><V84/><F75/><N who="0" m="28746" /><D46/><U10/><E108/><V87/><F43/><W61/><G61/><N who="0" m="38079" /><D17/><U114/><E132/><V69/><F28/><W79/><G31/><T56/><D56/><U2/><E118/><V40/><F40/><W120/><G120/><T96/><AGARI ba="0,0" hai="24,25,88,93,96,133,134,135" m="38079,28746" machi="96" ten="40,2700,0" yaku="20,1,54,1" doraHai="48" who="0" fromWho="0" sc="305,27,233,-7,243,-7,219,-13" owari="332,42.0,226,-17.0,236,4.0,206,-29.0" /></mjloggm>