<mjloggm ver="2.3"><GO type="41" lobby="0"/><UN n0="%E5%A4%A7%E5%AD%A6%E7%94%9F%EF%BC%A0%E5%B7%9D%E6%9D%91%E8%BB%8D%E5%9B%A3" n1="%E5%B0%B1%E6%B4%BB%E7%94%9F%40%E5%B7%9D%E6%9D%91%E8%BB%8D%E5%9B%A3" n2="%E3%82%A2%E3%83%B3%E3%83%89%E3%83%AD%E3%83%A1%E3%83%80%E6%98%9F%E4%BA%BA" n3="%E5%A0%80%E6%B1%9F%E7%94%B1%E8%A1%A3" dan="14,16,15,13" rate="1958.10,2116.60,1938.91,1813.16" sx="M,M,M,M"/><TAIKYOKU oya="0"/><INIT seed="0,0,0,1,5,125" ten="250,250,250,250" oya="0" hai0="18,61,51,107,39,64,63,25,96,56,21,23,71" hai1="87,14,105,27,126,0,93,121,26,10,108,69,47" hai2="114,66,48,72,118,29,36,67,85,98,80,127,99" hai3="17,31,132,59,115,5,112,95,60,88,9,82,30"/><T102/><D39/><U19/><E69/><V54/><F114/><W79/><G132/><T41/><D23/><U92/><E105/><V65/><F36/><W101/><G101/><T2/><D2/><U97/><E126/><V3/><F127/><W22/><G115/><T104/><D104/><U53/><E0/><V44/><F3/><W57/><G112/><T117/><D117/><U123/><E108/><V73/><F118/><W128/><G128/><T52/><REACH who="0" step="1"/><D41/><REACH who="0" ten="240,250,250,250" step="2"/><U111/><E111/><V89/><REACH who="2" step="1"/><F29/><REACH who="2" ten="240,250,240,250" step="2"/><W110/><G31/><T55/><D55/><U135/><E53/><V33/><F33/><W70/><G30/><T50/><AGARI ba="0,2" hai="18,21,25,50,51,52,56,61,63,64,71,96,102,107" machi="50" ten="30,6000,0" yaku="1,1,0,1,54,1,53,0" doraHai="125" doraHaiUra="129" who="0" fromWho="0" sc="240,80,250,-20,240,-20,250,-20" /><INIT seed="0,1,0,1,0,40" ten="320,230,220,230" oya="0" hai0="83,25,53,5,67,77,59,34,37,0,46,124,102" hai1="57,16,91,84,123,27,8,86,74,31,42,119,120" hai2="55,35,22,81,65,96,71,80,60,117,14,133,121" hai3="99,112,29,7,101,122,61,106,110,4,45,51,85"/><T88/><D124/><U39/><E74/><V100/><F121/><W128/><G112/><T82/><D67/><U107/><E107/><V48/><F117/><W36/><G128/><T115/><D115/><U32/><E119/><V49/><F133/><W135/><G135/><T109/><D109/><U76/><E76/><V10/><F48/><W24/><G36/><T41/><D102/><U18/><E86/><V104/><F22/><W52/><G110/><T79/><D34/><U20/><E8/><V127/><F127/><W54/><G122/><T15/><D25/><U69/><E69/><V131/><F131/><W2/><G2/><T118/><D118/><U6/><E6/><V11/><F35/><W75/><G75/><T28/><D28/><U126/><E126/><V78/><F78/><W93/><G106/><T103/><D103/><U111/><E111/><V94/><F104/><W12/><G85/><T19/><D0/><U47/><E57/><V50/><F50/><W13/><G61/><T63/><D5/><N who="3" m="2121" /><G54/><T92/><D77/><U72/><E72/><V26/><F81/><W21/><AGARI ba="1,0" hai="12,13,21,24,29,45,51,52,93,99,101" m="2121" machi="21" ten="30,4000,0" yaku="8,1,52,1,54,1" doraHai="40" who="3" fromWho="3" sc="320,-21,230,-11,220,-11,230,43" /><INIT seed="1,0,0,3,2,109" ten="299,219,209,273" oya="1" hai0="26,71,53,29,7,13,106,5,65,67,43,97,87" hai1="37,2,68,64,60,45,9,134,61,130,95,77,25" hai2="51,42,63,41,103,59,34,98,121,83,3,82,75" hai3="69,10,62,113,78,11,12,24,124,15,22,66,33"/><U35/><E130/><V40/><F121/><W55/><G113/><T14/><D87/><U100/><E134/><V49/><F3/><W48/><G124/><T118/><D118/><U20/><E35/><V16/><F34/><W120/><G120/><T110/><D110/><U115/><E115/><V112/><F112/><W46/><G33/><T58/><D43/><U76/><E37/><V28/><F28/><W104/><G78/><T127/><D127/><U70/><E45/><V56/><F75/><W52/><G104/><T107/><D71/><U84/><E61/><V54/><F49/><W122/><G122/><T23/><D107/><U32/><E32/><V4/><F4/><N who="0" m="1610" /><D97/><U108/><E108/><V92/><REACH who="2" step="1"/><F16/><REACH who="2" ten="299,219,199,273" step="2"/><N who="3" m="12359" /><G62/><T126/><D126/><U80/><E9/><N who="3" m="3082" /><G69/><T31/><D31/><U17/><E2/><V117/><F117/><W36/><G36/><T88/><D29/><U94/><E70/><V93/><F93/><W135/><G135/><T39/><D39/><U99/><REACH who="1" step="1"/><E95/><REACH who="1" ten="299,209,199,273" step="2"/><V90/><F90/><AGARI ba="0,2" hai="17,20,25,60,64,68,76,77,80,84,90,94,99,100" machi="90" ten="30,5800,0" yaku="1,1,2,1,7,1,53,0" doraHai="109" doraHaiUra="128" who="1" fromWho="2" sc="299,0,209,78,199,-58,273,0" /><INIT seed="1,1,0,2,2,124" ten="299,287,141,273" oya="1" hai0="17,37,77,10,95,11,59,47,63,131,57,60,82" hai1="118,81,130,86,3,108,99,16,90,66,134,42,9" hai2="34,62,28,115,68,71,80,32,107,46,52,43,55" hai3="12,36,44,72,48,119,127,129,6,101,73,93,69"/><U76/><E118/><V114/><F107/><W8/><G36/><T64/><D131/><U33/><E33/><V125/><F125/><W35/><G127/><T133/><D133/><U2/><E130/><V83/><F28/><W113/><G113/><T31/><D31/><U110/><E134/><V56/><F32/><W116/><G129/><T103/><D103/><U27/><E42/><V45/><F34/><W61/><G35/><T38/><D95/><U58/><E58/><N who="2" m="35143" /><F80/><W21/><G21/><T98/><D98/><U94/><E66/><V70/><F83/><W109/><G109/><N who="1" m="42090" /><E27/><V122/><F122/><W15/><G15/><AGARI ba="1,0" hai="2,3,9,15,16,76,81,86,90,94,99" m="42090" machi="15" ten="30,5800,0" yaku="14,1,10,1,54,1" doraHai="124" who="1" fromWho="3" sc="299,0,287,61,141,0,273,-61" /><INIT seed="1,2,0,3,4,0" ten="299,348,141,212" oya="1" hai0="13,104,14,110,59,131,127,94,57,10,92,62,125" hai1="132,101,66,133,113,32,121,39,117,23,2,4,98" hai2="77,29,126,106,135,56,96,67,115,15,69,30,1" hai3="26,88,99,61,72,63,21,112,103,43,48,128,85"/><U53/><E39/><V108/><F108/><W5/><G72/><T118/><D118/><U58/><E117/><V109/><F109/><W105/><G112/><T22/><D104/><U8/><E32/><V24/><F115/><W114/><G114/><T18/><D131/><U124/><E113/><V75/><F135/><N who="1" m="51785" /><E121/><V50/><F126/><N who="0" m="48138" /><D110/><U19/><E124/><V25/><F1/><W90/><G128/><T31/><D31/><U89/><E66/><V91/><F77/><W65/><G5/><N who="0" m="3279" /><D59/><U64/><E64/><AGARI ba="2,0" hai="14,18,22,57,62,64,92,94" m="3279,48138" machi="64" ten="30,2000,0" yaku="18,1,52,1" doraHai="0" who="0" fromWho="1" sc="299,26,348,-26,141,0,212,0" /><INIT seed="2,0,0,2,4,50" ten="325,322,141,212" oya="2" hai0="10,8,84,11,16,48,93,78,75,7,130,87,22" hai1="112,35,49,20,86,58,95,90,23,127,67,104,24" hai2="9,59,118,119,103,106,6,113,57,91,12,100,116" hai3="15,96,33,109,94,85,34,21,13,110,80,0,81"/><V133/><F113/><W128/><G0/><T108/><D108/><N who="3" m="41577" /><G128/><T14/><D130/><U66/><E112/><V28/><F133/><W64/><G64/><T132/><D132/><U1/><E1/><V99/><F28/><W77/><G81/><T62/><D75/><U76/><E104/><V31/><F31/><W65/><G65/><T44/><D78/><U88/><E35/><N who="3" m="13322" /><G21/><T122/><D122/><U123/><E76/><V56/><F103/><AGARI ba="0,0" hai="13,15,77,80,85,94,96,103" m="13322,41577" machi="103" ten="30,1000,0" yaku="14,1" doraHai="50" who="3" fromWho="2" sc="325,0,322,0,141,-10,212,10" /><INIT seed="3,0,0,3,5,98" ten="325,322,131,222" oya="3" hai0="101,43,110,24,112,131,117,20,17,86,133,96,71" hai1="32,18,64,47,78,111,114,90,19,109,115,69,13" hai2="77,80,52,29,72,28,105,118,125,31,63,70,10" hai3="0,41,36,65,130,104,34,121,119,89,53,93,62"/><W3/><G121/><T46/><D117/><U16/><E78/><V33/><F118/><W124/><G119/><T81/><D110/><N who="1" m="41995" /><E32/><V88/><F125/><W108/><G108/><T84/><D133/><U126/><E126/><V120/><F120/><W99/><G124/><T27/><D71/><U79/><E79/><V42/><F42/><W94/><G104/><T82/><D131/><U87/><E47/><V102/><F10/><W14/><G34/><T100/><D112/><N who="1" m="43051" /><E64/><V48/><F33/><W92/><G130/><T49/><D27/><U54/><E54/><V73/><F73/><W8/><G53/><T91/><D96/><U97/><E97/><V68/><F63/><W4/><G93/><T11/><REACH who="0" step="1"/><D11/><REACH who="0" ten="315,322,131,222" step="2"/><N who="1" m="6207" /><E69/><V59/><F70/><W56/><G0/><T75/><D75/><U40/><E40/><V95/><F68/><W21/><G3/><T22/><D22/><U122/><E122/><V9/><F9/><W12/><G21/><T58/><D58/><U127/><E127/><V50/><F31/><W74/><G74/><T2/><D2/><U26/><E26/><V66/><F29/><W30/><G30/><T67/><D67/><U57/><E57/><V39/><F66/><W7/><G8/><T37/><D37/><U61/><E61/><V128/><F39/><W107/><G36/><T23/><D23/><U5/><E5/><V132/><F128/><W45/><G7/><T123/><D123/><U25/><E25/><V116/><F116/><W135/><G4/><T129/><D129/><U55/><E18/><V38/><F38/><W76/><G62/><RYUUKYOKU ba="0,1" sc="315,30,322,-10,131,-10,222,-10" hai0="17,20,24,43,46,49,81,82,84,86,91,100,101" /><INIT seed="4,1,1,5,1,84" ten="345,312,121,212" oya="0" hai0="97,61,28,9,16,15,110,83,73,122,25,94,114" hai1="36,90,92,44,121,76,51,65,46,63,57,126,81" hai2="128,30,71,35,19,21,59,10,135,105,20,27,42" hai3="29,88,60,79,104,80,17,116,113,102,117,0,131"/><T77/><D122/><U62/><E121/><V18/><F71/><W86/><G0/><T78/><D114/><U120/><E120/><V58/><F105/><W100/><G29/><T118/><D78/><U123/><E123/><V8/><F42/><W47/><G113/><T5/><D118/><U130/><E126/><V127/><F127/><W85/><G131/><T89/><D110/><U26/><E36/><V31/><F128/><W101/><G104/><T33/><REACH who="0" step="1"/><D61/><REACH who="0" ten="335,312,121,212" step="2"/><U103/><E63/><V24/><F35/><W98/><G60/><T38/><D38/><U115/><E115/><V82/><F135/><W41/><G117/><T106/><D106/><U107/><E107/><V133/><F133/><W111/><G116/><T91/><D91/><U124/><E124/><V108/><F108/><W3/><G111/><T56/><D56/><U43/><E46/><V34/><F34/><W37/><G79/><T45/><D45/><U74/><E103/><V112/><F112/><W13/><G101/><T14/><D14/><U109/><E130/><V55/><F59/><W2/><G102/><T32/><D32/><U7/><E109/><V66/><F58/><W64/><G13/><T22/><D22/><U87/><E26/><V50/><F27/><W39/><G39/><T72/><D72/><U4/><AGARI ba="1,2" hai="4,7,43,44,51,57,62,65,74,76,81,87,90,92" machi="4" ten="30,2000,0" yaku="0,1,52,1" doraHai="84" who="1" fromWho="1" sc="335,-11,312,43,121,-6,212,-6" /><INIT seed="5,0,0,3,2,22" ten="324,355,115,206" oya="1" hai0="73,84,47,37,77,32,98,111,52,41,18,31,115" hai1="38,63,83,118,75,69,43,35,26,34,119,88,78" hai2="40,86,0,59,134,44,72,6,117,132,49,21,79" hai3="36,121,110,3,102,53,56,93,103,109,30,127,10"/><U1/><E88/><V54/><F117/><W13/><G121/><T28/><D111/><U97/><E97/><V129/><F129/><W24/><G3/><T23/><D73/><U114/><E114/><V5/><F72/><W12/><G36/><T101/><D115/><U50/><E50/><V61/><F0/><W39/><G39/><T58/><D32/><U87/><E87/><V128/><F128/><W9/><G127/><T45/><D45/><N who="1" m="23799" /><E35/><V60/><F60/><W112/><G112/><T67/><D67/><N who="1" m="41215" /><E1/><V124/><F124/><W51/><G93/><T46/><D46/><U48/><E48/><V85/><F85/><W17/><G103/><T130/><D130/><U80/><E80/><V122/><F122/><W64/><G102/><T96/><D84/><U66/><E66/><V14/><F86/><W89/><G64/><T81/><D81/><U74/><E75/><V55/><F79/><W68/><G89/><T16/><D77/><U65/><E65/><V91/><F91/><W94/><G94/><T27/><D98/><U11/><E11/><V8/><F40/><W107/><G107/><T99/><D96/><U131/><E131/><V42/><F42/><W4/><G68/><T126/><D126/><U20/><E20/><AGARI ba="0,0" hai="4,9,10,12,13,17,20,24,30,51,53,56,109,110" machi="20" ten="30,2000,0" yaku="7,1,52,1" doraHai="22" who="3" fromWho="1" sc="324,0,355,-20,115,0,206,20" /><INIT seed="6,0,0,4,3,132" ten="324,335,115,226" oya="2" hai0="25,115,101,76,60,44,85,48,86,130,22,120,5" hai1="110,39,63,104,88,126,90,57,68,2,11,105,51" hai2="67,109,75,59,71,78,96,40,127,118,83,36,54" hai3="23,21,111,84,108,82,116,16,134,64,29,4,15"/><V124/><F118/><W49/><G134/><T8/><D120/><U27/><E126/><N who="2" m="48171" /><F109/><W28/><G116/><T113/><D130/><U55/><E39/><V62/><F96/><W87/><G4/><T100/><D60/><U65/><E110/><V122/><F122/><W10/><G64/><T123/><D123/><U17/><E105/><V121/><F121/><W35/><G49/><T34/><D34/><U47/><E104/><V114/><F114/><N who="0" m="43530" /><D86/><U3/><E3/><V18/><F18/><W72/><G72/><T98/><D85/><U69/><E69/><V31/><F31/><W12/><G35/><T70/><D70/><U94/><E68/><V38/><F40/><W45/><G45/><T89/><D76/><U128/><E128/><V129/><F129/><W79/><G87/><T102/><D98/><U61/><E2/><V19/><F19/><W125/><G125/><T0/><D89/><U14/><E27/><V56/><F71/><W99/><G99/><T42/><D102/><U97/><E90/><V119/><F119/><W46/><G46/><T133/><D133/><U103/><E103/><V1/><F1/><W74/><G29/><AGARI ba="0,0" hai="0,5,8,22,25,29,42,44,48,100,101" m="43530" machi="29" ten="30,1000,0" yaku="15,1" doraHai="132" who="0" fromWho="3" sc="324,10,335,0,115,0,226,-10" /><INIT seed="7,0,0,4,4,128" ten="334,335,115,216" oya="3" hai0="117,21,9,42,110,19,79,94,125,39,124,3,114" hai1="7,35,41,15,96,69,88,28,20,92,46,34,81" hai2="32,17,129,104,97,48,25,45,99,8,49,132,22" hai3="36,24,50,53,55,122,14,1,43,66,93,47,131"/><W82/><G1/><T133/><D117/><U18/><E69/><V0/><F129/><W111/><G131/><T105/><D110/><U127/><E127/><N who="0" m="48713" /><D133/><U37/><E7/><V121/><F121/><W101/><G122/><T60/><D114/><U72/><E28/><V116/><F116/><W78/><G66/><T86/><D105/><U58/><E58/><V85/><F85/><W100/><G111/><T119/><D119/><U16/><E18/><V75/><F75/><W89/><G14/><N who="0" m="9463" /><D60/><U98/><E98/><V30/><F104/><W33/><G33/><T118/><D118/><U2/><E2/><V80/><F80/><W123/><G123/><T6/><D42/><U130/><E130/><V63/><F63/><W29/><G53/><T115/><D115/><U108/><E108/><V26/><F49/><W107/><G107/><T23/><D23/><U109/><E109/><V112/><F112/><W27/><G27/><T57/><D57/><U64/><E64/><V61/><F61/><W134/><G24/><T56/><D56/><U90/><E72/><V74/><F74/><W31/><G31/><T71/><D71/><U5/><E5/><V95/><F26/><W38/><G29/><T113/><D113/><U68/><E68/><V126/><F126/><W4/><G38/><T40/><D40/><U106/><E106/><V102/><F32/><W76/><G82/><N who="0" m="47455" /><D39/><U51/><E37/><V91/><F30/><W103/><G36/><T135/><D135/><U67/><E67/><V10/><F132/><W73/><G134/><T11/><D11/><U54/><E41/><RYUUKYOKU ba="0,0" sc="334,15,335,15,115,-15,216,-15" hai0="3,6,9,94" hai1="15,16,20,34,35,46,51,54,81,88,90,92,96" owari="349,15.0,350,45.0,100,-40.0,201,-20.0" /></mjloggm>