<mjloggm ver="2.3"><GO type="97" lobby="0"/><UN n0="%6E%61%69%74%6F%6B%65%6E" n1="%E5%B0%B1%E6%B4%BB%E7%94%9F%40%E5%B7%9D%E6%9D%91%E8%BB%8D%E5%9B%A3" n2="%79%6D%68%73%72%77" n3="%6D%69%79%61%79%61" dan="13,15,14,15" rate="1908.00,2075.32,1997.35,2008.05" sx="M,M,M,F"/><TAIKYOKU oya="0"/><INIT seed="0,0,0,4,3,45" ten="250,250,250,250" oya="0" hai0="52,0,51,48,20,126,41,75,38,18,5,54,12" hai1="68,43,134,112,8,118,135,115,117,82,4,24,33" hai2="76,102,19,87,42,129,50,130,14,116,120,131,30" hai3="124,67,90,36,85,62,108,56,13,64,100,127,92"/><T46/><D75/><U81/><E68/><V109/><F120/><W122/><G108/><T110/><D110/><U105/><E105/><V121/><F109/><W88/><G122/><T9/><REACH who="0" step="1"/><D126/><REACH who="0" ten="240,250,250,250" step="2"/><U89/><E118/><V17/><F116/><W91/><G127/><T74/><D74/><U114/><E117/><V72/><F121/><W61/><G124/><T97/><D97/><U101/><E101/><V27/><F102/><W59/><G100/><T84/><D84/><U70/><E89/><V128/><F72/><W94/><G91/><T125/><D125/><U98/><E98/><V6/><F87/><N who="3" m="52255" /><G36/><T58/><D58/><U111/><E70/><V49/><F131/><W63/><G63/><T60/><D60/><U53/><E111/><V32/><F76/><W44/><G44/><T96/><D96/><U28/><E53/><AGARI ba="0,1" hai="0,5,9,12,18,20,38,41,46,48,51,52,53,54" machi="53" ten="40,12000,1" yaku="1,1,52,2,54,1,53,0" doraHai="45" doraHaiUra="133" who="0" fromWho="1" sc="240,130,250,-120,250,0,250,0" /><INIT seed="0,1,0,2,3,67" ten="370,130,250,250" oya="0" hai0="20,109,123,17,47,121,39,102,116,7,125,103,38" hai1="12,100,3,87,6,106,69,50,120,91,110,76,132" hai2="117,81,52,83,19,56,31,58,119,89,65,96,10" hai3="98,86,97,70,45,22,44,14,55,92,48,28,24"/><T35/><D35/><U40/><E120/><V133/><F31/><W127/><G127/><T112/><D116/><N who="2" m="44618" /><F133/><W49/><G70/><T1/><D112/><U32/><E32/><V113/><F113/><W118/><G118/><T25/><D125/><U62/><E110/><V108/><F108/><W80/><G14/><T36/><D109/><U73/><E132/><V43/><F43/><W101/><G98/><T2/><D47/><U66/><E3/><V51/><F96/><W72/><G72/><T77/><D77/><U21/><E73/><V61/><F89/><W134/><G134/><T16/><D17/><U34/><E34/><V93/><F93/><W29/><G29/><T74/><D74/><U75/><E75/><V8/><F19/><W130/><G130/><T59/><D59/><U5/><E76/><V84/><F84/><W60/><G60/><T104/><D104/><U4/><E100/><V30/><F30/><W90/><G49/><T82/><D82/><AGARI ba="1,0" hai="8,10,51,52,56,58,61,65,81,82,83" m="44618" machi="82" ten="30,2000,0" yaku="12,1,54,1" doraHai="67" who="2" fromWho="0" sc="370,-23,130,0,250,23,250,0" /><INIT seed="1,0,0,1,1,81" ten="347,130,273,250" oya="1" hai0="84,85,125,55,52,40,91,5,109,24,115,25,104" hai1="50,102,75,1,30,110,46,105,17,92,123,113,131" hai2="38,53,133,48,77,120,67,6,16,86,47,22,29" hai3="122,124,130,128,94,101,93,79,132,62,60,96,3"/><U49/><E105/><V0/><F120/><W42/><G132/><T28/><D104/><U23/><E123/><V61/><F133/><W71/><G124/><T7/><D115/><U100/><E75/><V58/><F29/><W111/><G111/><T119/><D119/><U19/><E1/><V33/><F33/><W99/><G122/><T80/><D125/><U118/><E113/><V44/><F0/><W82/><G42/><T117/><D117/><U9/><E118/><V11/><F38/><W10/><G10/><T32/><D109/><U18/><E110/><V45/><F11/><W114/><G3/><T20/><D40/><U51/><E131/><N who="3" m="50218" /><G71/><T106/><D106/><U83/><E46/><V127/><F6/><W73/><G114/><T4/><REACH who="0" step="1"/><D84/><REACH who="0" ten="337,130,273,250" step="2"/><U14/><E83/><N who="2" m="47471" /><F127/><W26/><G26/><AGARI ba="0,1" hai="16,22,26,44,45,47,48,53,58,61,67" m="47471" machi="26" ten="30,3900,0" yaku="8,1,52,1,54,1" doraHai="81" who="2" fromWho="3" sc="337,0,130,0,273,49,250,-39" /><INIT seed="2,0,0,1,1,95" ten="337,130,322,211" oya="2" hai0="70,57,96,30,81,104,123,61,68,4,119,128,130" hai1="12,75,97,66,6,98,94,116,100,49,28,44,77" hai2="101,73,93,78,102,55,38,52,122,113,112,108,20" hai3="87,22,86,71,21,27,103,83,62,89,33,9,74"/><V121/><F38/><W131/><G131/><N who="0" m="50219" /><D123/><N who="2" m="47114" /><F73/><W111/><G111/><T5/><D119/><U19/><E116/><V37/><F37/><W105/><G74/><T127/><D30/><U40/><E28/><V45/><F93/><W35/><G22/><T88/><D127/><U0/><E0/><V18/><F18/><W99/><G9/><T13/><D13/><U31/><E31/><V126/><F20/><W60/><G87/><N who="0" m="50287" /><D4/><U67/><E6/><V3/><F3/><W47/><G47/><T85/><D85/><U43/><E43/><V42/><F45/><W25/><G25/><T14/><D14/><U29/><E29/><V48/><F42/><W133/><G133/><T64/><D5/><U134/><E134/><V109/><F48/><W79/><G79/><T10/><D10/><U32/><E32/><V91/><F91/><W7/><G7/><T53/><D53/><N who="2" m="20554" /><F78/><W36/><G36/><T132/><D132/><U16/><E77/><V41/><F41/><W15/><G15/><T23/><D23/><N who="1" m="11655" /><E75/><V58/><F58/><W72/><G72/><T26/><D26/><U90/><E19/><V34/><F34/><W63/><G71/><T135/><D135/><U120/><E120/><V115/><F126/><W11/><G11/><T59/><D59/><U84/><E100/><AGARI ba="0,0" hai="100,101,102,108,109,112,113,115" m="20554,47114" machi="100" ten="40,7700,0" yaku="28,2,54,1" doraHai="95" who="2" fromWho="1" sc="337,0,130,-77,322,77,211,0" /><AGARI ba="0,0" hai="57,61,64,68,70,96,100,104" m="50287,50219" machi="100" ten="30,3900,0" yaku="19,1,52,1,54,1" doraHai="95" who="0" fromWho="1" sc="337,39,53,-39,399,0,211,0" /><INIT seed="2,1,0,2,5,62" ten="376,14,399,211" oya="2" hai0="33,77,97,35,118,24,72,21,125,8,81,49,100" hai1="26,79,29,131,71,107,102,75,132,108,84,99,19" hai2="15,54,70,47,128,41,36,39,55,127,82,0,94" hai3="121,25,45,44,5,50,58,67,74,105,78,92,98"/><V88/><F0/><W117/><G121/><T61/><D118/><U112/><E112/><V129/><F39/><W113/><G117/><T52/><D61/><U31/><E131/><N who="2" m="50251" /><F127/><W6/><G113/><T32/><D8/><U2/><E108/><V13/><F70/><W34/><G105/><T106/><D125/><U73/><E132/><V40/><F40/><W134/><G134/><T110/><D110/><U126/><E126/><V17/><F82/><W37/><G37/><T123/><D123/><U4/><E19/><V43/><F43/><W91/><G74/><T46/><D33/><U95/><E71/><V90/><F90/><W51/><G78/><T3/><D3/><U42/><E42/><V12/><F17/><AGARI ba="1,0" hai="17,21,24,32,35,46,49,52,72,77,81,97,100,106" machi="17" ten="30,2000,0" yaku="7,1,54,1" doraHai="62" who="0" fromWho="2" sc="376,23,14,0,399,-23,211,0" /><INIT seed="3,0,0,2,4,111" ten="399,14,376,211" oya="3" hai0="131,80,97,50,122,21,130,12,116,36,88,64,7" hai1="46,2,58,77,71,81,9,3,35,11,98,115,109" hai2="15,121,107,123,23,1,8,53,42,78,86,127,82" hai3="33,120,73,92,26,14,114,60,43,57,34,101,69"/><W41/><G114/><T38/><D116/><U39/><E58/><V61/><F107/><W45/><G69/><T30/><D122/><U74/><E98/><V110/><F1/><W49/><G120/><N who="2" m="46153" /><F42/><W91/><G73/><T55/><D64/><U128/><E109/><V37/><F110/><W108/><G108/><T85/><D97/><U93/><E93/><V20/><F37/><W47/><G101/><T5/><D5/><U113/><E128/><N who="0" m="49193" /><D7/><U18/><E18/><N who="2" m="8551" /><F127/><W133/><G133/><T124/><D124/><U31/><E71/><V99/><F99/><W6/><G6/><T100/><D100/><U40/><E11/><V84/><F84/><W75/><G14/><T25/><D12/><U28/><E28/><V103/><F103/><W126/><G75/><T59/><AGARI ba="0,0" hai="21,25,30,36,38,50,55,59,80,85,88" m="49193" machi="59" ten="30,2000,0" yaku="19,1,54,1" doraHai="111" who="0" fromWho="0" sc="399,20,14,-5,376,-5,211,-10" owari="419,52.0,9,-49.0,371,17.0,201,-20.0" /></mjloggm>