<mjloggm ver="2.3"><GO type="169" lobby="0"/><UN n0="%E3%82%B7%E3%83%B3%E3%83%87%E3%83%AB%E3%83%A9" n1="%6B%65%69%2D%6B%65%69" n2="%2E%44%49%56%41" n3="%E5%B0%B1%E6%B4%BB%E7%94%9F%40%E5%B7%9D%E6%9D%91%E8%BB%8D%E5%9B%A3" dan="16,16,16,16" rate="2058.89,2005.59,2055.69,2080.57" sx="F,M,M,M"/><TAIKYOKU oya="0"/><INIT seed="0,0,0,4,3,97" ten="250,250,250,250" oya="0" hai0="129,41,19,5,68,21,64,18,46,30,102,108,52" hai1="75,111,93,53,58,45,73,103,82,92,69,4,44" hai2="50,29,101,120,24,135,113,96,94,117,25,116,12" hai3="66,36,16,89,79,77,1,37,10,6,99,84,125"/><T74/><D74/><U98/><E69/><V32/><F120/><W7/><G125/><T91/><D129/><U8/><E111/><V122/><F122/><W109/><G109/><T67/><D108/><U14/><E75/><V9/><F113/><W88/><G66/><N who="0" m="25131" /><D68/><U51/><E73/><V17/><F135/><W130/><G130/><T118/><D118/><U126/><E126/><V20/><REACH who="2" step="1"/><F50/><REACH who="2" ten="250,250,240,250" step="2"/><W105/><G37/><T115/><D115/><U56/><E51/><V11/><F11/><W22/><G36/><T62/><D62/><U61/><E8/><V110/><F110/><W81/><G7/><AGARI ba="0,1" hai="7,9,12,17,20,24,25,29,32,94,96,101,116,117" machi="7" ten="40,2600,0" yaku="1,1,52,1,53,0" doraHai="97" doraHaiUra="107" who="2" fromWho="3" sc="250,0,250,0,240,36,250,-26" /><INIT seed="1,0,0,3,3,16" ten="250,250,276,224" oya="1" hai0="131,22,39,97,111,91,18,128,5,0,55,49,65" hai1="116,85,112,34,103,106,28,30,93,13,81,88,122" hai2="135,73,69,118,117,25,20,130,80,114,29,26,92" hai3="132,45,48,61,32,62,74,36,113,119,83,70,115"/><U64/><E122/><V78/><F130/><N who="0" m="49706" /><D111/><U27/><E116/><V100/><F135/><W50/><G32/><T124/><D124/><U15/><E112/><V63/><F114/><W94/><G74/><T79/><D39/><U12/><E30/><V71/><F69/><W31/><G31/><T129/><N who="0" m="49714" /><T58/><DORA hai="86" /><D79/><U98/><REACH who="1" step="1"/><E64/><REACH who="1" ten="250,240,276,224" step="2"/><V6/><F117/><W126/><G119/><T10/><D65/><U75/><E75/><V51/><F118/><W108/><G115/><T4/><D4/><U67/><E67/><V133/><F6/><W41/><G113/><T99/><D91/><U37/><E37/><V60/><F73/><W2/><G36/><T57/><D57/><U8/><E8/><V17/><F71/><W102/><G70/><T9/><D10/><U77/><E77/><V1/><F78/><W84/><G126/><T52/><D55/><U54/><E54/><V101/><F29/><W53/><G53/><T89/><D89/><U38/><E38/><V72/><F72/><W134/><G134/><T87/><D87/><U96/><E96/><V24/><F133/><W56/><G84/><T66/><D66/><U14/><N who="1" m="3584" /><DORA hai="44" /><U107/><AGARI ba="0,1" hai="27,28,34,81,85,88,93,98,103,106,107" m="3584" machi="107" ten="40,18000,2" yaku="1,1,4,1,0,1,52,1,54,1,53,2" doraHai="16,86,44" doraHaiUra="127,90,82" who="1" fromWho="1" sc="250,-60,240,190,276,-60,224,-60" /><INIT seed="1,1,0,3,0,21" ten="190,430,216,164" oya="1" hai0="9,40,16,25,87,29,105,94,62,48,54,85,123" hai1="125,47,35,45,3,122,13,60,127,44,135,38,107" hai2="114,50,71,124,36,99,59,104,82,28,22,84,72" hai3="79,49,10,83,98,131,115,33,2,18,96,101,19"/><U4/><E35/><V121/><F71/><W1/><G115/><T97/><D123/><U26/><E107/><V6/><F36/><W112/><G112/><T0/><D105/><U73/><E122/><V80/><F121/><W63/><G131/><T53/><D40/><U75/><E3/><V134/><F134/><W119/><G119/><T91/><D62/><U67/><E38/><V8/><F124/><N who="1" m="47689" /><E135/><V39/><F39/><W12/><G33/><T132/><D132/><U20/><E13/><V17/><F28/><W56/><G49/><T106/><D106/><U61/><E4/><V42/><F72/><N who="1" m="27721" /><E67/><V92/><F104/><W81/><G19/><AGARI ba="1,0" hai="19,20,26,44,45,47,60,61" m="27721,47689" machi="19" ten="40,3900,0" yaku="18,1,52,1" doraHai="21" who="1" fromWho="3" sc="190,0,430,42,216,0,164,-42" /><INIT seed="1,2,0,5,2,131" ten="190,472,216,122" oya="1" hai0="87,123,20,132,97,95,101,89,90,61,71,17,120" hai1="49,91,56,19,112,59,16,119,24,124,93,102,104" hai2="82,129,72,1,55,54,106,10,103,96,33,18,51" hai3="31,41,30,125,36,113,13,67,64,116,78,107,28"/><U98/><E119/><V38/><F38/><W134/><G113/><T111/><D111/><U25/><E112/><V79/><F129/><W99/><G116/><T84/><D71/><U60/><E124/><V42/><F33/><W5/><G78/><T88/><D61/><U83/><E83/><V29/><F29/><W15/><G125/><T7/><D7/><U47/><E56/><V22/><F42/><W108/><G108/><T37/><D37/><U68/><E68/><V44/><F1/><W73/><G73/><T32/><D32/><U50/><E50/><V81/><F81/><W43/><G36/><T40/><D40/><U109/><E109/><V14/><REACH who="2" step="1"/><F55/><REACH who="2" ten="190,472,206,122" step="2"/><W126/><G126/><T127/><D127/><U46/><E104/><V0/><F0/><W117/><G117/><T94/><D120/><U114/><E114/><V34/><F34/><W76/><G76/><T75/><D123/><U86/><E102/><V69/><F69/><W121/><G121/><T3/><D3/><U122/><E122/><V2/><F2/><W53/><G53/><T80/><D80/><U39/><E39/><V133/><F133/><W128/><G128/><T118/><D132/><U6/><E98/><V115/><F115/><W48/><G41/><T52/><D52/><U63/><E60/><V12/><F12/><N who="3" m="4683" /><G134/><T11/><D118/><U105/><E105/><V27/><F27/><W135/><G135/><T45/><D97/><U85/><E63/><V100/><F100/><N who="3" m="62879" /><G5/><T23/><D101/><U70/><E6/><V62/><F62/><W74/><G74/><T77/><D75/><RYUUKYOKU ba="2,1" sc="190,-15,472,-15,206,15,122,15" hai2="10,14,18,22,44,51,54,72,79,82,96,103,106" hai3="28,30,31,43,48,64,67" /><INIT seed="2,3,1,1,0,68" ten="175,457,221,137" oya="2" hai0="38,133,105,58,123,3,36,127,112,129,96,56,10" hai1="70,5,65,103,110,6,93,107,47,111,31,128,104" hai2="26,66,23,106,130,85,15,57,131,83,79,27,108" hai3="7,84,29,50,24,125,77,51,60,86,35,80,78"/><V82/><F106/><W67/><G125/><T121/><D112/><U116/><E31/><V18/><F108/><N who="1" m="41513" /><E116/><V135/><F135/><W89/><G7/><N who="1" m="2570" /><E47/><V30/><F27/><W52/><G51/><T101/><D10/><U119/><E119/><V120/><F120/><N who="0" m="46154" /><D3/><U87/><E128/><V90/><F57/><W54/><G50/><T102/><D129/><N who="2" m="49162" /><F66/><W37/><G37/><N who="0" m="14443" /><D105/><U43/><E43/><V113/><F113/><W46/><G46/><T92/><D92/><U74/><E93/><N who="2" m="54479" /><F79/><W33/><G33/><AGARI ba="3,1" hai="15,18,23,26,30,33,82,83" m="54479,49162" machi="33" ten="30,1500,0" yaku="19,1" doraHai="68" who="2" fromWho="3" sc="175,0,457,0,221,34,137,-24" /><INIT seed="2,4,0,3,5,8" ten="175,457,255,113" oya="2" hai0="110,61,60,19,80,78,41,44,123,63,87,120,81" hai1="91,108,29,37,24,7,109,96,72,46,39,122,59" hai2="74,119,16,20,54,98,71,53,126,106,14,113,13" hai3="56,94,92,43,112,84,66,82,58,83,130,131,36"/><V70/><F119/><W73/><G73/><T124/><D110/><N who="1" m="42603" /><E72/><V45/><F113/><W1/><G1/><T12/><D124/><U117/><E7/><V35/><F35/><W101/><G112/><T114/><D114/><U9/><E117/><V64/><F74/><W40/><G36/><T18/><D81/><N who="3" m="30729" /><G84/><T38/><REACH who="0" step="1"/><D19/><REACH who="0" ten="165,457,255,113" step="2"/><U111/><E111/><V55/><F126/><W65/><G101/><T89/><D89/><U62/><E91/><V30/><F30/><W99/><G99/><T22/><AGARI ba="4,1" hai="12,18,22,38,41,44,60,61,63,78,80,87,120,123" machi="22" ten="30,4000,0" yaku="1,1,0,1,52,1,53,0" doraHai="8" doraHaiUra="34" who="0" fromWho="0" sc="165,62,457,-14,255,-24,113,-14" /><INIT seed="3,0,0,4,5,93" ten="227,443,231,99" oya="3" hai0="122,106,17,61,134,92,90,59,66,91,25,35,54" hai1="20,53,74,107,102,45,116,42,58,99,76,132,103" hai2="108,85,9,13,63,26,75,3,30,0,71,112,87" hai3="89,126,135,23,19,36,33,46,123,105,62,47,60"/><W55/><G123/><T44/><D134/><U79/><E103/><V70/><F75/><W98/><G33/><T8/><D106/><U131/><E132/><V1/><F108/><W72/><G135/><T65/><D122/><U10/><E131/><V120/><F112/><W110/><G126/><T100/><D35/><U117/><E10/><V39/><F39/><W101/><G72/><T64/><D44/><U51/><E20/><V34/><F120/><W49/><G110/><T31/><D31/><U18/><E18/><V95/><F63/><W38/><G89/><T41/><D41/><U129/><E74/><V118/><F118/><N who="1" m="45673" /><E129/><V80/><F95/><W11/><G11/><T57/><D57/><U130/><E130/><V94/><F94/><W4/><G4/><T77/><D77/><U37/><AGARI ba="0,0" hai="37,42,45,51,53,58,76,79,99,102,107" m="45673" machi="37" ten="30,2000,0" yaku="12,1,52,1" doraHai="93" who="1" fromWho="1" sc="227,-5,443,20,231,-5,99,-10" /><INIT seed="4,0,0,0,1,56" ten="222,463,226,89" oya="0" hai0="76,40,16,73,103,116,28,0,97,23,36,65,105" hai1="1,11,33,41,106,93,25,57,62,126,125,3,100" hai2="31,55,111,24,128,78,53,115,38,104,114,130,44" hai3="74,5,96,67,110,26,82,46,60,69,102,131,27"/><T43/><D116/><U22/><E106/><V21/><F104/><W101/><G110/><T29/><D0/><U66/><E33/><V34/><F111/><W30/><G131/><N who="2" m="50217" /><F78/><W118/><G118/><T17/><D17/><U133/><E41/><N who="2" m="22583" /><F34/><W52/><G5/><T9/><D9/><U45/><E45/><V108/><F108/><W72/><G101/><T127/><D127/><N who="1" m="48651" /><E11/><V85/><F85/><W10/><G10/><T71/><D76/><U94/><E133/><V87/><F87/><W135/><G135/><T49/><D36/><U8/><E8/><V81/><F81/><W89/><G89/><T68/><D73/><U121/><E121/><V14/><F14/><W18/><G18/><T129/><D129/><U132/><E132/><V79/><F79/><W109/><G109/><T70/><D29/><N who="1" m="17591" /><E93/><V2/><F2/><W123/><G123/><T35/><D28/><U134/><E134/><V13/><F13/><W113/><G113/><AGARI ba="0,0" hai="21,24,31,53,55,113,114,115" m="22583,50217" machi="113" ten="30,2000,0" yaku="15,1,19,1" doraHai="56" who="2" fromWho="3" sc="222,0,463,0,226,20,89,-20" /><INIT seed="5,0,0,3,4,129" ten="222,463,246,69" oya="1" hai0="47,83,100,93,29,89,24,59,135,0,62,9,90" hai1="30,41,99,104,48,80,56,50,131,12,86,31,72" hai2="42,78,74,51,70,105,123,37,36,26,71,107,28" hai3="101,33,85,60,110,39,95,97,22,40,25,82,119"/><U115/><E72/><V91/><F91/><W10/><G110/><T132/><D47/><U118/><E115/><V46/><F51/><W84/><G119/><T34/><D83/><U113/><E118/><V88/><F88/><W111/><G33/><T32/><D32/><U81/><E113/><V65/><F37/><W19/><G111/><T87/><D90/><U17/><E104/><N who="2" m="40011" /><F65/><W94/><G60/><T122/><D122/><U77/><E99/><V66/><F66/><W63/><G63/><T75/><D100/><U18/><E131/><V58/><F58/><W120/><G120/><T44/><D44/><N who="1" m="25615" /><E80/><N who="2" m="45143" /><F123/><W4/><G94/><T54/><REACH who="0" step="1"/><D75/><REACH who="0" ten="212,463,246,69" step="2"/><U27/><E81/><V57/><F57/><W11/><G82/><T106/><D106/><U23/><E56/><V121/><F121/><W13/><G40/><T7/><AGARI ba="0,1" hai="0,7,9,24,29,34,54,59,62,87,89,93,132,135" machi="7" ten="30,7900,0" yaku="1,1,0,1,52,2,53,0" doraHai="129" doraHaiUra="61" who="0" fromWho="0" sc="212,89,463,-39,246,-20,69,-20" /><INIT seed="6,0,0,3,2,22" ten="301,424,226,49" oya="2" hai0="107,11,83,112,68,18,95,61,89,127,128,35,98" hai1="31,44,1,71,51,50,73,38,135,104,16,75,29" hai2="25,74,49,93,56,78,64,12,131,37,129,43,41" hai3="32,42,28,114,24,15,0,8,66,21,102,124,122"/><V134/><F134/><W76/><G122/><T62/><D35/><U7/><E71/><V79/><F37/><W96/><G124/><T117/><D112/><U69/><E69/><V13/><F93/><W87/><G66/><T111/><D111/><U94/><E104/><V130/><F25/><W88/><G114/><T27/><D128/><U23/><E38/><V3/><F3/><W67/><G67/><T60/><D107/><U125/><E125/><V120/><F120/><W119/><G119/><T6/><D127/><U47/><E73/><V105/><F105/><W103/><G42/><N who="2" m="15881" /><F74/><W118/><G118/><T53/><D117/><U77/><E1/><V55/><F64/><W39/><G39/><T57/><D83/><U86/><E75/><V10/><F12/><W133/><G133/><T40/><D40/><U72/><E135/><V84/><F84/><W33/><G76/><T82/><D82/><U9/><E72/><V34/><F34/><W115/><G115/><T65/><D65/><U121/><E77/><V116/><F116/><W110/><G110/><T108/><D68/><U106/><E106/><V45/><F45/><W100/><G96/><T126/><D108/><U123/><E47/><V101/><F101/><W99/><G99/><T14/><D126/><U80/><E44/><V81/><F81/><W92/><REACH who="3" step="1"/><G0/><REACH who="3" ten="301,424,226,39" step="2"/><T91/><D98/><U97/><E121/><V113/><F113/><W132/><G132/><T70/><D70/><U26/><E123/><V17/><AGARI ba="0,1" hai="10,13,17,49,55,56,78,79,129,130,131" m="15881" machi="17" ten="40,2100,0" yaku="19,1" doraHai="22" who="2" fromWho="2" sc="301,-7,424,-7,226,31,39,-7" /><INIT seed="6,1,0,5,1,51" ten="294,417,257,32" oya="2" hai0="118,57,66,84,33,81,24,73,43,115,53,121,38" hai1="63,62,70,68,6,112,83,29,19,12,104,54,108" hai2="42,37,93,128,47,87,28,35,114,132,102,109,55" hai3="41,111,135,27,32,21,98,122,72,88,103,15,130"/><V4/><F114/><W92/><G122/><T14/><D121/><U126/><E104/><V80/><F128/><W11/><G111/><T44/><D73/><U69/><E108/><V7/><F132/><W124/><G72/><T79/><D115/><U5/><E112/><V9/><F109/><W119/><G119/><T25/><D118/><U50/><E29/><V30/><F35/><W36/><G135/><T52/><D14/><U89/><E126/><V117/><F117/><W26/><G124/><T10/><D10/><U13/><E13/><V20/><F20/><W107/><G130/><T49/><D33/><U46/><E6/><V71/><F71/><W116/><G116/><T74/><D74/><U101/><E101/><V59/><F93/><W133/><G133/><T96/><D96/><U82/><E5/><V85/><F102/><W67/><G67/><T2/><D2/><U58/><E63/><N who="2" m="36351" /><F85/><W100/><G32/><T1/><D1/><U86/><E82/><V91/><F9/><W113/><G113/><T123/><D123/><U78/><E78/><V18/><F18/><W0/><G0/><T17/><D17/><U65/><E70/><V76/><F76/><W61/><G61/><N who="0" m="38191" /><D38/><U60/><E60/><V99/><F99/><W31/><G26/><AGARI ba="1,0" hai="24,25,26,43,44,49,52,53,79,81,84" m="38191" machi="26" ten="30,7700,0" yaku="8,1,52,2,54,1" doraHai="51" who="0" fromWho="3" sc="294,80,417,0,257,0,32,-80" owari="374,17.0,417,52.0,257,-14.0,-48,-55.0" /></mjloggm>