<mjloggm ver="2.3"><GO type="41" lobby="0"/><UN n0="%E3%83%88%E3%83%83%E3%83%89" n1="%EF%BC%88%E2%89%A7%E2%96%BC%E2%89%A6%EF%BC%89" n2="%74%61%72%69" n3="%E5%B0%B1%E6%B4%BB%E7%94%9F%40%E5%B7%9D%E6%9D%91%E8%BB%8D%E5%9B%A3" dan="15,15,14,15" rate="1949.74,1970.52,2071.13,2023.13" sx="M,F,M,M"/><TAIKYOKU oya="0"/><INIT seed="0,0,0,0,4,71" ten="250,250,250,250" oya="0" hai0="38,8,41,77,125,58,88,95,19,12,110,29,24" hai1="45,56,22,39,75,99,126,30,3,86,28,129,50" hai2="83,14,131,60,40,85,132,54,120,64,128,7,23" hai3="103,78,67,130,112,98,37,118,70,105,76,27,15"/><T97/><D77/><U134/><E75/><V16/><F120/><W2/><G118/><T84/><D125/><U104/><E3/><V102/><F132/><W79/><G112/><T111/><D58/><U43/><E126/><V124/><F124/><W116/><G2/><T135/><D135/><U109/><E134/><V74/><F74/><W33/><G130/><T49/><D49/><U90/><E129/><V100/><F40/><W68/><G15/><T73/><D73/><U82/><E109/><N who="0" m="41481" /><D41/><U53/><REACH who="1" step="1"/><E22/><REACH who="1" ten="250,240,250,250" step="2"/><V10/><F131/><W94/><G116/><T57/><D38/><U122/><E122/><V119/><F128/><W34/><G37/><T26/><D57/><U133/><E133/><V65/><F119/><W6/><G70/><T47/><D47/><U17/><E17/><V72/><F72/><W66/><G68/><T46/><D46/><U101/><AGARI ba="0,1" hai="28,30,39,43,45,50,53,56,82,86,90,99,101,104" machi="101" ten="30,4000,0" yaku="1,1,0,1,52,1,53,0" doraHai="71" doraHaiUra="121" who="1" fromWho="1" sc="250,-20,240,50,250,-10,250,-10" /><INIT seed="1,0,0,2,5,12" ten="230,290,240,240" oya="1" hai0="129,122,38,128,81,1,45,10,116,123,86,106,30" hai1="55,64,6,121,48,102,33,0,47,113,35,72,104" hai2="21,115,13,108,59,118,95,31,16,20,101,91,132" hai3="133,109,8,88,26,40,52,3,79,68,107,65,29"/><U36/><E113/><V37/><F118/><W15/><G107/><T125/><D106/><U53/><E121/><N who="0" m="46089" /><D30/><U83/><E64/><V14/><F37/><W41/><G3/><T131/><D116/><U97/><E36/><V24/><F115/><W62/><G133/><T58/><D125/><U135/><E135/><V119/><F132/><W96/><G79/><T89/><D58/><U4/><E55/><V43/><F119/><W50/><G109/><T18/><D38/><U49/><E49/><V22/><F108/><W80/><G29/><T46/><D1/><U11/><REACH who="1" step="1"/><E4/><REACH who="1" ten="230,280,240,240" step="2"/><V105/><F43/><W42/><G42/><T92/><D131/><U51/><E51/><V134/><F105/><W90/><G41/><T2/><D129/><U32/><E32/><V23/><F134/><W28/><G40/><T57/><D128/><U84/><E84/><V82/><F31/><W71/><G71/><T66/><D66/><U98/><E98/><N who="2" m="59615" /><F59/><W114/><G96/><T77/><D57/><U5/><E5/><V100/><F100/><W25/><G114/><T7/><D18/><U120/><E120/><V110/><F110/><W44/><G28/><T56/><D56/><U75/><E75/><AGARI ba="0,1" hai="2,7,10,45,46,75,77,81,86,89,92" m="46089" machi="75" ten="30,1000,0" yaku="13,1" doraHai="12" who="0" fromWho="1" sc="230,20,280,-10,240,0,240,0" /><INIT seed="2,0,0,5,5,131" ten="250,270,240,240" oya="2" hai0="33,62,51,80,7,91,38,133,97,130,127,129,121" hai1="103,58,9,42,8,63,126,70,18,12,57,66,20" hai2="119,10,27,79,67,124,135,16,128,43,45,31,122" hai3="47,23,60,72,87,84,82,68,90,113,36,50,65"/><V100/><F122/><W118/><G113/><T69/><D38/><U98/><E126/><V5/><F119/><W106/><G118/><T109/><D33/><U13/><E42/><V37/><F124/><W55/><G106/><T2/><D127/><U108/><E108/><V14/><F128/><N who="0" m="49258" /><D109/><U25/><E25/><V32/><F100/><W40/><G23/><T28/><D28/><U19/><REACH who="1" step="1"/><E20/><REACH who="1" ten="250,260,240,240" step="2"/><N who="2" m="11287" /><F67/><W22/><G22/><T85/><D121/><U115/><E115/><V29/><F29/><W71/><G71/><T116/><D69/><U1/><E1/><N who="2" m="303" /><F79/><W59/><REACH who="3" step="1"/><G90/><REACH who="3" ten="250,260,240,230" step="2"/><T102/><D91/><U24/><E24/><V89/><F89/><W76/><AGARI ba="0,2" hai="36,40,47,50,55,59,60,65,68,72,76,82,84,87" machi="76" ten="30,12000,2" yaku="1,1,2,1,0,1,24,2,53,1" doraHai="131" doraHaiUra="41" who="3" fromWho="3" sc="250,-30,260,-30,240,-60,230,140" /><INIT seed="3,0,0,0,2,64" ten="220,230,180,370" oya="3" hai0="17,70,129,60,108,113,134,92,119,75,128,14,5" hai1="79,1,63,58,66,3,57,26,96,121,81,99,52" hai2="135,16,93,69,53,39,45,36,90,50,8,98,71" hai3="61,73,28,97,127,86,132,84,37,104,31,41,102"/><W42/><G73/><T95/><D75/><U13/><E121/><V72/><F72/><W54/><G132/><T74/><D74/><U30/><E13/><V126/><F126/><W2/><G127/><T80/><D119/><U7/><E7/><V47/><F135/><W27/><G2/><T114/><D134/><U111/><E111/><V133/><F133/><W59/><G28/><T115/><D5/><U78/><E81/><V44/><F39/><W65/><G54/><T76/><D108/><U105/><E3/><V32/><F32/><W43/><REACH who="3" step="1"/><G37/><REACH who="3" ten="220,230,180,360" step="2"/><T46/><D115/><U112/><E1/><V20/><F36/><W25/><G25/><T100/><D114/><U67/><E112/><V77/><F77/><N who="1" m="29193" /><E67/><V110/><F110/><W91/><G91/><T12/><D113/><U38/><E38/><V4/><F4/><W109/><G109/><T40/><D129/><U55/><E66/><V131/><F131/><W118/><G118/><T62/><D128/><U24/><E26/><V56/><REACH who="2" step="1"/><F8/><REACH who="2" ten="220,230,170,360" step="2"/><W130/><G130/><T116/><D116/><U117/><E117/><V35/><F35/><AGARI ba="0,2" hai="27,31,35,41,42,43,59,61,65,84,86,97,102,104" machi="35" ten="40,2000,0" yaku="1,1,53,0" doraHai="64" doraHaiUra="10" who="3" fromWho="2" sc="220,0,230,0,170,-20,360,40" /><INIT seed="3,1,0,5,0,4" ten="220,230,150,400" oya="3" hai0="116,21,124,24,11,58,67,25,78,83,23,94,53" hai1="77,91,26,82,46,1,131,15,92,19,79,72,104" hai2="112,105,3,89,59,54,100,10,81,14,122,127,90" hai3="132,70,36,20,128,121,115,126,63,133,30,56,114"/><W28/><G20/><T69/><D116/><U2/><E131/><V76/><F112/><N who="3" m="43051" /><G28/><T16/><D69/><U47/><E77/><V8/><F127/><W80/><G30/><T64/><D124/><U119/><E119/><V35/><F122/><W57/><G80/><T60/><D94/><U27/><E104/><V22/><F35/><W17/><G17/><T18/><REACH who="0" step="1"/><D11/><REACH who="0" ten="210,230,150,400" step="2"/><U84/><E92/><V7/><F22/><W129/><G126/><T48/><D48/><U61/><E2/><V118/><F118/><W86/><G36/><T62/><D62/><U40/><E1/><V95/><F105/><W106/><G106/><T101/><D101/><U85/><E61/><V102/><F100/><W68/><G121/><T66/><D66/><U74/><E82/><V99/><F81/><W38/><G38/><T44/><D44/><U75/><E47/><V51/><REACH who="2" step="1"/><F76/><REACH who="2" ten="210,230,140,400" step="2"/><W12/><G129/><T49/><D49/><U98/><E79/><V13/><F13/><W43/><G12/><T33/><D33/><U6/><E15/><V87/><F87/><AGARI ba="1,2" hai="16,18,21,23,24,25,53,58,60,64,67,78,83,87" machi="87" ten="30,8000,1" yaku="1,1,7,1,9,1,8,1,54,1,53,0" doraHai="4" doraHaiUra="123" who="0" fromWho="2" sc="210,103,230,0,140,-83,400,0" /><INIT seed="4,0,0,0,2,4" ten="313,230,57,400" oya="0" hai0="34,22,42,84,87,85,53,98,16,43,75,105,6" hai1="113,112,59,10,88,127,116,71,93,124,21,108,68" hai2="110,19,54,60,107,62,48,33,89,29,38,118,47" hai3="95,72,39,17,100,120,119,28,123,40,56,76,31"/><T74/><D34/><U101/><E101/><V77/><F110/><W57/><G119/><T109/><D109/><U94/><E108/><V11/><F118/><W83/><G17/><T37/><D37/><U65/><E116/><V18/><F77/><W5/><G5/><T64/><D64/><U115/><E94/><V67/><F107/><W32/><G39/><T78/><D78/><U96/><E21/><V27/><F60/><W44/><G95/><T80/><D80/><U46/><E46/><V73/><F73/><W91/><G100/><T132/><D132/><U3/><E59/><N who="3" m="22602" /><G91/><T7/><D75/><U9/><E3/><V36/><F89/><W35/><G31/><T104/><D74/><U23/><E23/><V45/><F45/><W122/><G28/><T90/><D105/><U58/><E58/><V12/><REACH who="2" step="1"/><F19/><REACH who="2" ten="313,230,47,400" step="2"/><W129/><G44/><T26/><D104/><U15/><E65/><V2/><F2/><W114/><G76/><T14/><D90/><U30/><E30/><V86/><F86/><W92/><G72/><T134/><D87/><U102/><E102/><V111/><F111/><W50/><G123/><T135/><D85/><U117/><E117/><V8/><F8/><N who="1" m="3177" /><E15/><V99/><F99/><W128/><G122/><T13/><D98/><U55/><E55/><V126/><F126/><AGARI ba="0,1" hai="68,71,88,93,96,112,113,115,124,126,127" m="3177" machi="126" ten="40,12000,2" yaku="15,1,11,1,18,1,52,3,54,1" doraHai="4" who="1" fromWho="2" sc="313,0,230,130,47,-120,400,0" owari="313,-9.0,360,16.0,-73,-57.0,400,50.0" /></mjloggm>