<mjloggm ver="2.3"><GO type="41" lobby="0"/><UN n0="%68%6F%6E%6E%6F%6A%69" n1="%E5%B0%B1%E6%B4%BB%E7%94%9F%40%E5%B7%9D%E6%9D%91%E8%BB%8D%E5%9B%A3" n2="%67%75%6E%62%65%61%74" n3="%51%42%E5%8F%AF%E6%84%9B%E3%81%84" dan="13,14,13,14" rate="1849.64,1954.73,1826.97,2026.77" sx="M,M,M,M"/><TAIKYOKU oya="0"/><INIT seed="0,0,0,5,4,68" ten="250,250,250,250" oya="0" hai0="4,110,73,18,82,92,33,70,16,17,34,54,94" hai1="5,55,116,119,53,12,39,60,106,20,118,65,98" hai2="27,108,127,117,8,135,103,83,23,21,111,45,48" hai3="40,76,102,51,109,9,13,31,71,61,22,81,97"/><T3/><D70/><U2/><E2/><V66/><F103/><W93/><G109/><N who="2" m="42057" /><F66/><W126/><G126/><T43/><D110/><U115/><E115/><V133/><F117/><W88/><G71/><T84/><D73/><U62/><E106/><V75/><F8/><W86/><G61/><T80/><D43/><U24/><E98/><V134/><F27/><N who="3" m="16887" /><G51/><T7/><D54/><U89/><E89/><V63/><F63/><W37/><G37/><T131/><D84/><U114/><E114/><V25/><F25/><W113/><G40/><T107/><D107/><U57/><E39/><V129/><F83/><N who="0" m="31786" /><D3/><U41/><E41/><N who="2" m="24623" /><F75/><W122/><G122/><T44/><D131/><U38/><E38/><V19/><F19/><N who="0" m="4866" /><T56/><DORA hai="77" /><D56/><U52/><E62/><V69/><F69/><W128/><G128/><T95/><D44/><U121/><E121/><V105/><F105/><W87/><G113/><T130/><D130/><U29/><REACH who="1" step="1"/><E119/><REACH who="1" ten="250,240,250,250" step="2"/><V67/><F129/><W36/><G36/><T101/><D101/><U14/><E14/><V79/><F79/><W91/><G102/><T6/><AGARI ba="0,1" hai="4,6,7,33,34,92,94,95" m="4866,31786" machi="6" ten="40,18000,2" yaku="28,2,52,3,54,1" doraHai="68,77" who="0" fromWho="0" sc="250,190,240,-60,250,-60,250,-60" /><INIT seed="0,1,0,5,0,60" ten="440,180,190,190" oya="0" hai0="41,78,97,31,65,125,121,3,108,51,80,63,91" hai1="39,34,106,100,84,30,18,123,32,96,16,93,86" hai2="11,124,126,58,109,28,89,72,92,25,62,117,44" hai3="38,82,6,95,42,90,52,134,68,14,71,127,57"/><T17/><D121/><U74/><E123/><V49/><F72/><W107/><G107/><T102/><D3/><U132/><E74/><V105/><F105/><W33/><G33/><T122/><D125/><N who="2" m="48234" /><F11/><W27/><G127/><T50/><D122/><U64/><E39/><V116/><F92/><W8/><G134/><T101/><D108/><U7/><E132/><V115/><F89/><W73/><G73/><T129/><D129/><U70/><E7/><V48/><F115/><W133/><G133/><T13/><D31/><U43/><E43/><N who="2" m="24607" /><F49/><N who="0" m="18442" /><D41/><U77/><E77/><V29/><F109/><W53/><G82/><T1/><D1/><U59/><E59/><V67/><F25/><W23/><G42/><T26/><D26/><N who="1" m="18519" /><E34/><V20/><F20/><W99/><G38/><T76/><D97/><U9/><E9/><V94/><F94/><W0/><G0/><T88/><D80/><U128/><E128/><V24/><F24/><W113/><G113/><T12/><D17/><N who="1" m="6763" /><E93/><V98/><F98/><W10/><G10/><T36/><D36/><U21/><E21/><V112/><F112/><W111/><G111/><T5/><D5/><U114/><E114/><V54/><F29/><W15/><G15/><N who="0" m="5707" /><D76/><U119/><E119/><N who="2" m="45643" /><F28/><W35/><G35/><T4/><D78/><U87/><E87/><V83/><F83/><W104/><G104/><T56/><D4/><U55/><E86/><V110/><F110/><W103/><G103/><AGARI ba="1,0" hai="56,63,65,88,91,101,102,103" m="5707,18442" machi="103" ten="30,5800,0" yaku="8,1,52,1,54,1" doraHai="60" who="0" fromWho="3" sc="440,61,180,0,190,0,190,-61" /><INIT seed="0,2,0,5,2,104" ten="501,180,190,129" oya="0" hai0="107,103,23,111,26,130,121,132,83,118,87,0,50" hai1="109,32,35,105,113,65,4,58,90,75,27,108,51" hai2="9,92,42,7,8,97,91,1,119,25,64,115,22" hai3="116,98,85,3,56,68,102,12,78,53,39,86,135"/><T123/><D50/><U110/><E105/><V74/><F115/><W106/><G3/><T37/><D26/><U38/><E113/><V48/><F64/><W125/><G39/><T63/><D23/><U66/><E38/><V129/><F74/><W57/><G68/><T46/><D63/><U96/><E4/><V59/><F129/><W122/><G116/><T117/><D46/><U131/><E75/><V45/><F119/><W127/><G122/><T69/><D83/><U79/><E131/><V88/><F1/><W101/><G101/><T2/><D87/><N who="3" m="33289" /><G135/><T67/><D103/><U40/><E79/><V41/><F41/><W19/><G78/><T16/><D67/><U15/><E15/><N who="2" m="5535" /><F59/><W71/><G71/><T54/><D16/><U93/><E27/><V95/><F9/><N who="3" m="6543" /><G53/><T81/><D54/><N who="1" m="32095" /><E40/><V36/><F36/><W5/><G5/><T31/><D31/><U14/><E14/><V100/><F95/><W24/><G24/><T114/><D81/><U133/><E133/><V62/><F62/><W60/><G60/><T72/><D0/><U21/><E21/><V76/><F76/><W134/><G134/><T20/><D20/><U70/><E70/><V17/><AGARI ba="2,0" hai="17,22,25,42,45,48,88,91,92,97,100" m="5535" machi="17" ten="30,2000,0" yaku="8,1,54,1" doraHai="104" who="2" fromWho="2" sc="501,-12,180,-7,190,26,129,-7" /><INIT seed="1,0,0,0,2,65" ten="489,173,216,122" oya="1" hai0="45,104,13,81,67,84,76,75,68,134,35,42,135" hai1="14,36,79,23,59,7,113,34,73,64,21,29,11" hai2="90,60,2,52,28,16,31,10,26,58,62,24,47" hai3="80,77,118,53,91,130,4,20,18,101,43,30,3"/><U41/><E113/><V44/><F2/><W8/><G118/><T106/><D13/><U123/><E123/><V121/><F121/><W49/><G130/><T98/><D84/><U66/><E34/><V133/><F133/><N who="0" m="50698" /><D98/><U89/><E29/><N who="2" m="11339" /><F62/><W63/><G63/><N who="0" m="40063" /><D35/><U87/><E79/><V15/><F90/><W129/><G129/><T132/><N who="0" m="50706" /><T108/><DORA hai="33" /><D108/><U5/><E73/><V70/><F70/><W57/><G30/><T0/><D0/><U99/><E99/><V117/><F117/><W86/><G101/><T27/><D27/><AGARI ba="0,0" hai="10,15,16,24,26,27,44,47,52,58,60" m="11339" machi="27" ten="30,3900,0" yaku="8,1,54,2" doraHai="65,33" who="2" fromWho="0" sc="489,-39,173,0,216,39,122,0" /><INIT seed="2,0,0,5,4,15" ten="450,173,255,122" oya="2" hai0="32,56,95,30,53,69,24,75,14,76,31,85,17" hai1="40,118,93,23,61,122,18,115,65,104,74,102,20" hai2="44,63,58,82,22,106,135,36,110,108,54,12,125" hai3="132,28,35,6,26,126,109,60,37,45,41,27,96"/><V39/><F106/><W121/><G121/><T43/><D69/><U67/><E74/><V87/><F22/><W124/><G132/><T103/><D75/><U100/><E104/><V113/><F12/><W52/><G109/><N who="2" m="42089" /><F135/><W101/><G6/><T86/><D43/><U81/><E122/><V98/><F98/><W114/><G114/><T13/><D13/><U131/><E118/><V89/><F113/><W123/><G123/><T130/><D31/><U57/><E131/><V84/><F125/><N who="3" m="48235" /><G35/><T133/><D130/><U72/><E115/><V64/><F44/><W97/><G28/><T79/><D133/><U90/><E40/><V19/><F19/><W5/><G5/><T25/><D25/><N who="3" m="9225" /><G101/><T29/><D29/><U112/><E112/><V68/><F87/><W105/><G105/><T55/><D55/><U59/><E102/><V16/><F16/><W10/><G10/><T120/><D103/><U1/><E100/><V48/><AGARI ba="0,0" hai="36,39,48,54,58,63,64,68,82,84,89" m="42089" machi="48" ten="30,3000,0" yaku="14,1,10,1" doraHai="15" who="2" fromWho="2" sc="450,-10,173,-10,255,30,122,-10" /><INIT seed="2,1,0,1,2,77" ten="440,163,285,112" oya="2" hai0="74,15,7,132,103,126,35,9,62,49,57,99,98" hai1="48,122,83,28,107,33,24,12,135,46,101,86,50" hai2="39,71,91,75,121,27,70,95,65,96,89,109,44" hai3="40,59,34,106,17,111,36,38,73,90,133,10,53"/><V97/><F121/><W94/><G111/><T20/><D74/><U113/><E113/><V82/><F75/><W3/><G133/><T6/><D35/><U55/><E122/><V118/><F118/><W69/><G69/><T127/><D132/><U26/><E135/><V13/><F27/><W104/><G34/><T30/><D7/><U114/><E114/><V37/><F65/><W115/><G73/><T0/><D103/><U22/><E12/><V1/><F1/><W47/><G115/><T41/><D0/><U2/><E2/><V87/><F96/><W100/><G36/><T128/><D128/><U108/><E108/><V88/><F109/><W54/><G54/><T124/><D49/><U67/><E67/><V68/><F44/><W8/><G8/><T110/><D41/><U51/><E101/><V63/><F63/><W23/><G100/><T58/><D110/><U21/><E33/><V125/><F125/><N who="0" m="32002" /><T14/><DORA hai="72" /><D14/><U80/><E107/><V85/><REACH who="2" step="1"/><F13/><REACH who="2" ten="440,163,275,112" step="2"/><W129/><G3/><T52/><D58/><U123/><E123/><V61/><F61/><W43/><G47/><T102/><D102/><U19/><E86/><V76/><F76/><W11/><G59/><T5/><D15/><U112/><E112/><V81/><AGARI ba="1,1" hai="37,39,68,70,71,81,82,85,87,88,89,91,95,97" machi="81" ten="30,18000,2" yaku="1,1,0,1,9,1,52,2,54,1,53,1" doraHai="77,72" doraHaiUra="92,45" who="2" fromWho="2" sc="440,-61,163,-61,275,193,112,-61" /><INIT seed="2,2,0,0,3,127" ten="379,102,468,51" oya="2" hai0="21,9,63,121,94,124,23,31,52,70,88,87,99" hai1="113,123,30,100,110,3,98,58,54,132,117,51,36" hai2="4,13,130,42,68,34,112,77,64,114,32,29,69" hai3="131,119,43,126,2,125,41,84,12,101,81,65,16"/><V1/><F77/><N who="3" m="46127" /><G119/><T72/><D124/><N who="3" m="47721" /><G2/><T73/><D121/><U8/><E36/><V33/><F42/><W82/><G82/><T90/><D70/><U71/><E123/><V28/><F64/><W120/><G120/><T27/><D9/><U102/><E71/><V79/><F79/><W116/><G116/><T93/><REACH who="0" step="1"/><D21/><REACH who="0" ten="369,102,468,51" step="2"/><U40/><E117/><V78/><F69/><W44/><G65/><T49/><D49/><U135/><E8/><V39/><F68/><W85/><G43/><T47/><D47/><U111/><E51/><V35/><F39/><W75/><G41/><T134/><D134/><U103/><E40/><V57/><F35/><W7/><G44/><T15/><D15/><U20/><E135/><V25/><F34/><W24/><G12/><T6/><D6/><U11/><E132/><V48/><F13/><W38/><G7/><T104/><D104/><U56/><E11/><V118/><F118/><W59/><G38/><T109/><D109/><U91/><E110/><V74/><F4/><W108/><G108/><T96/><D96/><U0/><E111/><V83/><F1/><W128/><G59/><AGARI ba="2,1" hai="23,27,31,52,59,63,72,73,87,88,90,93,94,99" machi="59" ten="40,5200,0" yaku="1,1,54,2,53,0" doraHai="127" doraHaiUra="129" who="0" fromWho="3" sc="369,68,102,0,468,0,51,-58" owari="437,24.0,102,-30.0,468,57.0,-7,-51.0" /></mjloggm>