<mjloggm ver="2.3"><GO type="97" lobby="0"/><UN n0="%54%61%6B%65%4F%76%65%72" n1="%E5%B0%B1%E6%B4%BB%E7%94%9F%40%E5%B7%9D%E6%9D%91%E8%BB%8D%E5%9B%A3" n2="%72%79%6F%2D%74%72%65%6B" n3="%E3%82%B8%E3%83%A3%E3%83%9F%E3%83%A9%E3%82%B9" dan="13,15,14,15" rate="1889.53,2080.91,1865.10,1978.35" sx="M,M,M,M"/><TAIKYOKU oya="0"/><INIT seed="0,0,0,3,5,54" ten="250,250,250,250" oya="0" hai0="74,15,33,4,120,106,18,124,35,99,125,5,14" hai1="7,48,135,107,29,25,0,21,53,9,115,75,82" hai2="63,62,77,101,38,76,72,11,55,64,80,89,44" hai3="123,98,23,85,56,96,119,103,49,6,79,117,111"/><T66/><D74/><U16/><E115/><V97/><F76/><W10/><G111/><T108/><D66/><U78/><E107/><V112/><F112/><W2/><G123/><T134/><D106/><U41/><E135/><V20/><F11/><W122/><G122/><T92/><D120/><U132/><E132/><V104/><F20/><W36/><G36/><T69/><D69/><U113/><E113/><V52/><F63/><W26/><G98/><T70/><D70/><U88/><E41/><V1/><F1/><W12/><G12/><N who="0" m="4651" /><D18/><U22/><E88/><V13/><F13/><W93/><G85/><T81/><D81/><U84/><E75/><V126/><F89/><W3/><G79/><T129/><D134/><U91/><E78/><V27/><F27/><W17/><G3/><T51/><D51/><U40/><E40/><V24/><F24/><W114/><G114/><T127/><D129/><U100/><E100/><V94/><F104/><W47/><REACH who="3" step="1"/><G56/><REACH who="3" ten="250,250,250,240" step="2"/><T73/><D73/><U130/><E0/><V28/><F38/><W37/><G37/><T65/><D65/><U105/><E84/><V116/><F116/><W58/><G58/><T50/><D50/><U8/><E48/><V19/><F72/><W59/><G59/><T68/><D68/><U45/><E105/><V32/><F97/><W57/><G57/><T67/><D67/><U110/><E110/><V90/><F64/><W46/><G46/><T39/><D39/><U31/><E45/><V60/><F44/><W121/><G121/><T133/><D133/><U128/><E128/><V71/><F71/><RYUUKYOKU ba="0,1" sc="250,-10,250,-10,250,-10,240,30" hai3="2,6,10,17,23,26,47,49,93,96,103,117,119" /><INIT seed="1,1,1,1,4,32" ten="240,240,240,270" oya="1" hai0="6,47,22,115,3,127,16,114,101,44,35,112,85" hai1="79,48,40,10,120,51,59,123,76,102,81,96,68" hai2="30,93,84,64,19,109,89,88,107,124,41,38,52" hai3="42,65,2,28,55,70,95,113,62,87,26,110,86"/><U72/><E68/><V128/><F107/><W33/><G113/><T104/><D35/><U78/><E72/><V53/><F64/><W126/><G126/><T73/><D73/><U130/><E130/><V99/><F124/><W5/><G110/><T7/><D127/><U34/><E34/><V132/><F128/><W122/><G122/><T14/><D104/><U121/><E81/><V23/><F30/><W119/><G119/><T50/><D101/><U75/><E75/><V111/><F41/><W92/><G42/><T4/><D85/><U31/><E31/><V39/><F38/><W56/><G87/><T133/><D133/><U37/><E10/><V43/><F43/><W20/><G33/><T11/><D44/><U97/><E59/><V82/><F39/><W49/><G86/><T21/><D50/><U54/><E54/><V69/><F69/><W24/><REACH who="3" step="1"/><G26/><REACH who="3" ten="240,240,240,260" step="2"/><N who="0" m="14631" /><D47/><U74/><E74/><V25/><F132/><W83/><G83/><T45/><D45/><U58/><E37/><V12/><F111/><W116/><G116/><T0/><D22/><U129/><E40/><V63/><F109/><W103/><G103/><T131/><D131/><U71/><E129/><V108/><F108/><W15/><G15/><T27/><D27/><U17/><E120/><V1/><F25/><W77/><G77/><T67/><D67/><U57/><E121/><V117/><F117/><W29/><G29/><T100/><D100/><U8/><E123/><V80/><F80/><W9/><AGARI ba="1,2" hai="2,5,9,20,24,28,49,55,56,62,65,70,92,95" machi="9" ten="30,7900,0" yaku="1,1,0,1,52,1,53,1" doraHai="32" doraHaiUra="46" who="3" fromWho="3" sc="240,-21,240,-40,240,-21,260,102" /><INIT seed="2,0,0,1,0,133" ten="219,200,219,362" oya="2" hai0="15,102,79,101,53,118,92,90,124,59,73,95,68" hai1="78,2,6,28,40,27,105,106,30,113,37,128,91" hai2="74,130,29,88,109,4,10,21,126,99,111,35,42" hai3="23,41,43,52,5,103,110,36,12,16,62,71,39"/><V84/><F74/><W32/><G103/><T132/><D68/><U31/><E113/><V61/><F126/><W47/><G32/><T121/><D121/><U94/><E128/><V76/><F76/><W63/><G5/><T131/><D131/><U8/><E78/><V1/><F35/><W82/><G82/><T135/><D79/><U57/><E27/><N who="2" m="16623" /><F42/><W19/><G110/><N who="2" m="41993" /><F61/><W69/><G19/><T64/><D64/><U14/><E2/><V107/><F107/><W83/><G63/><T38/><D38/><U55/><E40/><V65/><F65/><W134/><G62/><T129/><D129/><U67/><E37/><V25/><F25/><W9/><G43/><T122/><D122/><U93/><E67/><V87/><F130/><W116/><G41/><T89/><D73/><U24/><E24/><V33/><F33/><W97/><G39/><T46/><D118/><U86/><E106/><V58/><F58/><W56/><G56/><T75/><D46/><U127/><E105/><V0/><F0/><W45/><G116/><T22/><D75/><U81/><REACH who="1" step="1"/><E127/><REACH who="1" ten="219,190,219,362" step="2"/><V119/><F119/><W51/><G36/><T50/><D124/><U34/><E34/><V72/><F72/><W49/><G134/><T117/><D117/><U115/><E115/><V18/><F18/><W108/><G16/><N who="0" m="10527" /><D132/><U54/><E54/><V114/><F114/><W104/><G52/><T26/><D135/><U44/><E44/><V125/><F125/><W20/><G47/><T11/><D26/><U7/><E7/><V120/><F120/><W100/><G45/><T70/><D53/><RYUUKYOKU ba="0,1" sc="219,-15,190,15,219,15,362,-15" hai1="6,8,14,28,30,31,55,57,81,86,91,93,94" hai2="1,4,10,84,87,88,99" /><INIT seed="2,1,1,2,2,93" ten="204,205,234,347" oya="2" hai0="30,85,3,70,48,101,128,108,58,12,105,126,50" hai1="124,135,95,6,97,51,115,73,23,133,92,0,96" hai2="34,57,132,26,32,39,76,103,42,29,121,125,47" hai3="116,80,123,17,62,56,40,122,45,82,15,33,74"/><V16/><F121/><W84/><G33/><T130/><D70/><U5/><E73/><V25/><F125/><W90/><G116/><T2/><D30/><U37/><E37/><V69/><F69/><W72/><G72/><T81/><D12/><U106/><E106/><V100/><F76/><W65/><G74/><T61/><D126/><U111/><E111/><V86/><F86/><W53/><G65/><T19/><D19/><U91/><E124/><V13/><F57/><W102/><G82/><T109/><D50/><U88/><E115/><V43/><F43/><W83/><G83/><T21/><D48/><U44/><E23/><V64/><F64/><W38/><G102/><T55/><D21/><AGARI ba="1,1" hai="15,17,21,38,40,45,53,56,62,80,84,90,122,123" machi="21" ten="30,1000,0" yaku="7,1" doraHai="93" who="3" fromWho="0" sc="204,-13,205,0,234,0,347,23" /><INIT seed="3,0,0,2,4,49" ten="191,205,234,370" oya="3" hai0="13,101,19,39,128,37,111,73,76,42,74,122,11" hai1="133,109,31,54,28,29,92,82,20,77,115,104,123" hai2="126,124,96,131,80,120,1,14,112,68,17,78,65" hai3="97,34,87,70,40,106,7,22,118,16,55,45,86"/><W21/><G16/><T27/><D122/><U66/><E104/><V33/><F1/><W102/><G40/><T89/><D111/><U23/><E115/><V15/><F33/><W103/><G45/><T3/><D128/><U130/><E123/><V8/><F112/><W2/><G97/><T58/><D101/><U67/><E109/><V0/><F0/><W84/><G7/><T12/><D3/><U59/><E130/><V47/><F131/><W5/><G87/><T69/><D69/><U56/><E133/><V10/><F65/><N who="1" m="24585" /><E92/><V35/><F68/><W91/><G5/><T98/><D27/><U52/><E82/><V9/><F35/><W60/><G22/><N who="1" m="8234" /><E77/><V83/><F96/><W108/><G21/><T36/><D42/><U95/><E95/><V53/><F120/><W90/><G106/><T57/><D13/><U64/><E64/><V6/><F10/><W79/><G79/><T48/><D76/><U110/><E110/><V71/><F71/><W94/><G94/><T62/><D98/><U114/><E114/><V132/><F132/><W119/><G70/><T81/><D48/><U93/><E93/><V113/><F113/><W24/><G2/><T72/><REACH who="0" step="1"/><D62/><REACH who="0" ten="181,205,234,370" step="2"/><U127/><E127/><N who="2" m="48683" /><F78/><W134/><G60/><T63/><D63/><U50/><E50/><AGARI ba="0,1" hai="6,8,9,14,15,17,47,50,53,80,83" m="48683" machi="50" ten="30,2000,0" yaku="18,1,52,1" doraHai="49" who="2" fromWho="1" sc="181,0,205,-20,234,30,370,0" owari="181,-32.0,185,-21.0,264,6.0,370,47.0" /></mjloggm>