<mjloggm ver="2.3"><GO type="41" lobby="0"/><UN n0="%E5%B0%B1%E6%B4%BB%E7%94%9F%40%E5%B7%9D%E6%9D%91%E8%BB%8D%E5%9B%A3" n1="%6A%74%74%71%68" n2="%E9%98%BF%E8%89%AF%E3%80%85%E6%9C%A8%E6%9A%A6" n3="%E5%AF%A1%E4%BA%BA" dan="15,14,13,14" rate="2023.18,1872.84,1905.53,1954.21" sx="M,F,F,M"/><TAIKYOKU oya="0"/><INIT seed="0,0,0,3,1,102" ten="250,250,250,250" oya="0" hai0="43,9,83,31,33,5,85,51,50,106,131,56,93" hai1="10,108,107,53,84,66,127,58,18,80,13,124,44" hai2="104,87,16,73,30,125,63,115,37,65,14,39,112" hai3="42,129,86,25,64,11,105,103,97,119,27,130,28"/><T17/><D131/><N who="3" m="50185" /><G119/><T135/><D135/><U114/><E108/><V72/><F125/><W133/><G133/><T40/><D106/><U71/><E114/><V4/><F104/><W77/><G42/><T49/><D33/><U92/><E92/><V20/><F87/><W75/><G64/><T24/><D93/><U96/><E71/><V38/><F73/><W70/><G70/><T59/><D31/><U34/><E34/><V94/><F72/><W35/><G11/><T29/><D29/><U52/><E44/><V8/><F30/><W67/><G67/><T46/><D24/><U21/><E21/><V120/><F94/><W19/><G75/><T6/><D17/><U132/><E132/><V122/><F115/><W3/><G3/><T26/><D26/><U116/><E116/><V126/><F126/><N who="1" m="48169" /><E58/><N who="0" m="22057" /><D46/><U74/><E74/><V88/><F112/><W45/><G45/><T113/><D113/><U47/><E47/><V134/><F134/><W60/><G19/><T68/><D68/><U54/><E66/><V1/><F63/><W69/><G60/><T100/><D100/><N who="1" m="62855" /><E84/><V110/><F65/><W15/><G69/><T2/><D2/><U121/><E80/><V123/><REACH who="2" step="1"/><F110/><REACH who="2" ten="250,250,240,250" step="2"/><W61/><G61/><T32/><D32/><U57/><E57/><V82/><F82/><W79/><G35/><T55/><D83/><U22/><E22/><V48/><F48/><N who="0" m="18538" /><D85/><U91/><E10/><V41/><F41/><N who="0" m="15946" /><D9/><U101/><E101/><V118/><F118/><W89/><G103/><T78/><D78/><U98/><E91/><AGARI ba="0,1" hai="1,4,8,14,16,20,37,38,39,88,91,120,122,123" machi="91" ten="50,6400,0" yaku="1,1,54,2,53,0" doraHai="102" doraHaiUra="81" who="2" fromWho="1" sc="250,0,250,-64,240,74,250,0" /><INIT seed="1,0,0,0,4,92" ten="250,186,314,250" oya="1" hai0="35,8,121,57,24,66,81,1,22,56,98,62,40" hai1="109,133,130,128,76,42,100,111,44,127,34,48,99" hai2="110,49,105,54,79,17,114,104,9,71,0,11,95" hai3="87,60,131,101,91,13,112,18,85,10,89,30,50"/><U37/><E34/><V6/><F71/><W118/><G131/><N who="1" m="50218" /><E76/><V119/><F119/><W52/><G112/><T65/><D121/><U75/><E75/><V31/><F114/><W69/><G118/><T70/><D35/><U84/><E133/><V36/><F36/><W26/><G101/><T122/><D122/><U25/><E127/><V108/><F31/><W78/><G69/><T5/><D40/><U41/><E84/><V93/><F79/><W67/><G78/><T29/><D66/><U115/><E115/><V58/><F95/><W20/><G87/><T28/><D28/><U107/><E25/><V12/><REACH who="2" step="1"/><F93/><REACH who="2" ten="250,186,304,250" step="2"/><W23/><G85/><T61/><D81/><U77/><E77/><V124/><F124/><W38/><G38/><T73/><D73/><U94/><E94/><V16/><F16/><W129/><G129/><T102/><REACH who="0" step="1"/><D61/><REACH who="0" ten="240,186,304,250" step="2"/><U53/><E37/><V15/><F15/><W2/><G60/><T90/><D90/><U33/><E33/><V45/><F45/><W59/><G13/><T82/><D82/><U46/><E46/><V123/><F123/><W103/><G91/><T97/><D97/><U125/><E125/><V126/><F126/><W51/><G89/><T113/><D113/><U68/><E68/><V43/><F43/><AGARI ba="0,2" hai="41,42,43,44,48,53,99,100,107,109,111" m="50218" machi="43" ten="30,2900,0" yaku="19,1,52,1" doraHai="92" who="1" fromWho="2" sc="240,0,186,49,304,-29,250,0" /><INIT seed="1,1,0,5,4,63" ten="240,235,275,250" oya="1" hai0="109,25,79,33,96,97,67,94,16,106,76,11,50" hai1="20,83,7,55,5,58,32,49,113,114,17,8,130" hai2="128,22,36,59,74,23,26,13,103,112,80,18,133" hai3="87,14,132,52,64,124,71,37,38,85,47,110,86"/><U77/><E32/><V81/><F36/><W72/><G72/><T108/><D106/><U1/><E7/><V89/><F103/><W70/><G110/><N who="0" m="42603" /><D33/><U121/><E130/><V27/><F128/><W107/><G107/><T54/><D67/><U122/><E113/><V123/><F123/><W78/><G78/><N who="0" m="29739" /><D94/><U42/><E42/><V53/><F112/><W28/><G28/><T35/><D35/><U125/><E125/><V9/><F81/><W95/><G71/><T102/><D102/><U2/><E1/><V43/><F43/><W111/><G111/><T93/><D93/><U21/><E114/><V34/><F34/><W48/><G95/><T118/><D118/><U12/><REACH who="1" step="1"/><E21/><REACH who="1" ten="240,225,275,250" step="2"/><V131/><F131/><W88/><G124/><T129/><D129/><U98/><E98/><V31/><F22/><W119/><G119/><T105/><D105/><U116/><E116/><V100/><F23/><W127/><G127/><T4/><D4/><U65/><E65/><V61/><F9/><W117/><G117/><T60/><D97/><U66/><E66/><V120/><F120/><W51/><G64/><T68/><D96/><U45/><E45/><V10/><F10/><W24/><G47/><T126/><D126/><U134/><E134/><V62/><F133/><W57/><G132/><T75/><D11/><U99/><E99/><V104/><F104/><W56/><G70/><T41/><D41/><U73/><AGARI ba="1,1" hai="2,5,8,12,17,20,49,55,58,73,77,83,121,122" machi="73" ten="20,3900,0" yaku="1,1,0,1,7,1,53,0" doraHai="63" doraHaiUra="30" who="1" fromWho="1" sc="240,-14,225,52,275,-14,250,-14" /><INIT seed="1,2,0,2,1,102" ten="226,277,261,236" oya="1" hai0="36,51,64,57,50,0,9,103,17,1,4,33,68" hai1="74,32,130,26,14,107,117,133,11,44,8,84,116" hai2="62,94,28,87,60,122,56,97,135,127,40,129,39" hai3="15,20,59,29,82,109,19,35,90,101,61,77,115"/><U110/><E74/><V121/><F135/><W86/><G109/><T114/><D1/><U66/><E133/><V16/><F129/><W13/><G115/><T75/><D36/><U45/><E130/><V125/><F28/><W69/><G69/><T96/><D114/><U131/><E131/><V54/><F87/><W113/><G113/><T76/><D68/><U134/><E134/><V41/><F62/><W7/><G101/><T132/><D33/><U99/><E84/><V100/><F16/><W85/><G35/><T46/><D132/><U63/><E44/><V89/><F89/><W95/><G29/><T88/><D17/><U104/><E45/><V3/><F3/><W123/><G123/><T10/><D10/><U5/><E8/><V70/><F70/><W12/><REACH who="3" step="1"/><G7/><REACH who="3" ten="226,277,261,226" step="2"/><T108/><D108/><U81/><E110/><V37/><F122/><W25/><G25/><T42/><D103/><U34/><E34/><V93/><F121/><W43/><G43/><T55/><D64/><AGARI ba="2,1" hai="12,13,15,19,20,59,61,64,77,82,85,86,90,95" machi="64" ten="30,3900,0" yaku="1,1,7,1,8,1,53,0" doraHai="102" doraHaiUra="6" who="3" fromWho="0" sc="226,-45,277,0,261,0,226,55" /><INIT seed="2,0,0,1,3,132" ten="181,277,261,281" oya="2" hai0="6,98,59,60,76,67,37,20,75,34,5,56,135" hai1="4,57,27,38,89,62,82,79,72,50,54,2,105" hai2="107,99,118,115,15,41,3,14,93,42,97,134,71" hai3="117,87,12,18,55,64,94,116,128,83,63,52,39"/><V30/><F115/><W8/><G128/><T58/><D34/><U127/><E105/><V36/><F118/><W46/><G39/><T11/><D37/><U32/><E89/><V0/><F134/><W9/><G94/><T66/><D135/><U29/><E38/><V51/><F36/><W21/><G117/><T44/><D75/><U109/><E109/><V26/><F71/><W91/><G116/><T124/><D76/><U23/><E23/><V80/><F80/><W133/><G133/><T101/><D44/><U28/><E28/><V40/><F51/><W77/><G77/><T68/><D67/><U119/><E119/><V130/><F130/><W126/><G126/><T65/><D65/><U84/><E84/><V120/><F120/><W108/><G108/><T48/><D20/><U102/><E102/><V16/><F107/><W85/><G85/><T90/><D90/><U19/><E19/><V17/><F42/><W43/><G43/><T35/><D35/><U1/><E50/><V47/><F47/><W25/><G46/><T113/><D113/><U13/><E127/><V114/><F114/><W131/><G8/><T69/><D124/><U110/><E110/><V111/><F111/><W129/><G129/><T33/><D33/><U121/><E121/><V92/><F30/><N who="3" m="17711" /><G131/><T31/><D31/><U125/><E125/><V112/><F112/><W74/><G74/><T103/><D69/><U7/><E7/><N who="0" m="2569" /><D11/><N who="1" m="4327" /><E1/><V70/><F70/><W10/><G10/><T61/><D61/><U122/><E2/><V49/><F49/><W100/><G100/><N who="0" m="38475" /><D48/><U86/><E122/><RYUUKYOKU ba="0,0" sc="181,0,277,0,261,0,281,0" hai0="56,58,59,60,66,68,98" hai1="27,29,32,54,57,62,72,79,82,86" hai2="0,3,14,15,16,17,26,40,41,92,93,97,99" hai3="9,12,18,52,55,63,64,83,87,91" /><INIT seed="2,1,0,4,4,54" ten="181,277,261,281" oya="2" hai0="64,80,1,68,9,45,50,134,41,109,70,105,36" hai1="53,83,25,106,130,107,34,65,113,63,76,132,51" hai2="62,57,3,75,111,14,69,44,133,117,67,32,81" hai3="24,85,84,31,12,4,74,101,87,11,5,56,38"/><V15/><F117/><W118/><G74/><T114/><D109/><U131/><E113/><V40/><F3/><W110/><G38/><T71/><D114/><U18/><E132/><V46/><F133/><W116/><G110/><T72/><D134/><U43/><E43/><V119/><F119/><W99/><G4/><N who="0" m="1167" /><D50/><U26/><E18/><V112/><F32/><W47/><G47/><T128/><D128/><N who="1" m="49195" /><E51/><V121/><F121/><W102/><G102/><T35/><D35/><U94/><E53/><V89/><F112/><W115/><G115/><T0/><D0/><U28/><E94/><V103/><F103/><W127/><G127/><T6/><D6/><U82/><E25/><V10/><F111/><W37/><G37/><T135/><D135/><U2/><E2/><V95/><F69/><W124/><G124/><T79/><D105/><N who="1" m="39947" /><E76/><V33/><F33/><W97/><G97/><T17/><D17/><U123/><E123/><V20/><F20/><W49/><G49/><T78/><D78/><U90/><E90/><V8/><F40/><W7/><G7/><T100/><D100/><U39/><E39/><V22/><F22/><N who="3" m="15767" /><G118/><T96/><D96/><U126/><E126/><V88/><F75/><W60/><G116/><T61/><AGARI ba="1,0" hai="36,41,45,61,64,68,70,71,72,79,80" m="1167" machi="61" ten="30,4000,0" yaku="25,1,33,2" doraHai="54" who="0" fromWho="0" sc="181,43,277,-11,261,-21,281,-11" /><INIT seed="3,0,0,2,1,73" ten="224,266,240,270" oya="3" hai0="38,5,58,26,52,125,74,111,51,129,16,62,88" hai1="80,25,22,106,122,19,53,28,90,87,114,79,119" hai2="94,109,128,47,108,49,105,43,21,135,91,36,35" hai3="77,8,95,76,13,110,78,115,134,34,24,23,85"/><W60/><G134/><T39/><D74/><U70/><E114/><V4/><F35/><W63/><G110/><N who="2" m="42601" /><F105/><W102/><G34/><T68/><D111/><U67/><E122/><V29/><F135/><W89/><G115/><T133/><D5/><U56/><E106/><V72/><F72/><W12/><G102/><T93/><D133/><U107/><E107/><V11/><F128/><W37/><G37/><T113/><D113/><U112/><E112/><V3/><F36/><W20/><G20/><T92/><D129/><U10/><E119/><V40/><F40/><W17/><REACH who="3" step="1"/><G13/><REACH who="3" ten="224,266,240,260" step="2"/><T6/><D39/><U46/><E22/><V130/><F130/><W66/><G66/><T65/><D38/><U9/><E67/><V18/><F21/><W101/><G101/><T55/><D65/><U69/><E28/><AGARI ba="0,1" hai="8,12,17,23,24,28,60,63,76,77,78,85,89,95" machi="28" ten="40,12000,1" yaku="1,1,8,1,52,3,53,0" doraHai="73" doraHaiUra="104" who="3" fromWho="1" sc="224,0,266,-120,240,0,260,130" /><INIT seed="3,1,0,0,1,114" ten="224,146,240,390" oya="3" hai0="109,2,35,105,54,115,81,123,116,100,24,16,108" hai1="121,66,130,74,133,20,12,9,61,8,65,125,95" hai2="53,48,102,134,37,110,72,32,45,13,91,51,33" hai3="26,80,111,88,14,126,82,69,40,0,79,131,117"/><W25/><G0/><T64/><D115/><U77/><E121/><V98/><F72/><W47/><G69/><T120/><D2/><U41/><E41/><V57/><F37/><W71/><G71/><T19/><D64/><U39/><E39/><V67/><F134/><W46/><G46/><T132/><D105/><U94/><E133/><V118/><F118/><W103/><G117/><T31/><D100/><U11/><E125/><V93/><F110/><N who="0" m="42602" /><D81/><U107/><E107/><V119/><F67/><W75/><G131/><T3/><D116/><U96/><E130/><V5/><F119/><W38/><G103/><T58/><D3/><U113/><E113/><V99/><F13/><W87/><G126/><T6/><D6/><U106/><E106/><V50/><F5/><W127/><G127/><T124/><D124/><U112/><E112/><V85/><F99/><W83/><G111/><T43/><D43/><U1/><E1/><V36/><F36/><W56/><G82/><T101/><D101/><N who="1" m="60567" /><E74/><V135/><F135/><W55/><REACH who="3" step="1"/><G14/><REACH who="3" ten="224,146,240,380" step="2"/><T17/><D132/><U92/><E12/><V52/><REACH who="2" step="1"/><F48/><AGARI ba="1,1" hai="25,26,38,40,47,48,55,56,75,79,80,83,87,88" machi="48" ten="30,11600,0" yaku="1,1,2,1,7,1,54,1,53,0" doraHai="114" doraHaiUra="30" who="3" fromWho="2" sc="224,0,146,0,240,-119,380,129" /><AGARI ba="1,0" hai="16,17,19,24,31,35,48,54,58,120,123" m="42602" machi="48" ten="30,2000,0" yaku="14,1,54,1" doraHai="114" who="0" fromWho="2" sc="224,20,146,0,121,-20,509,0" /><INIT seed="3,2,0,2,2,131" ten="244,146,101,509" oya="3" hai0="108,95,50,14,73,93,87,44,30,55,130,53,28" hai1="22,114,106,126,101,113,82,91,125,104,103,25,40" hai2="85,5,58,111,4,80,68,16,86,31,84,65,27" hai3="127,70,96,88,133,135,112,119,49,11,42,121,81"/><W61/><G112/><N who="1" m="43114" /><E40/><V38/><F68/><W56/><G70/><T21/><D73/><U43/><E43/><V120/><F111/><W97/><G119/><T92/><D108/><U37/><E37/><V48/><F38/><W32/><G32/><T39/><D39/><U8/><E8/><V109/><F109/><W7/><G127/><N who="1" m="48650" /><E25/><V122/><F80/><W13/><G121/><N who="2" m="46697" /><F16/><W33/><G33/><T23/><D130/><U102/><E22/><N who="0" m="8201" /><D14/><U6/><E6/><V52/><F65/><W0/><G0/><T67/><D67/><U60/><E60/><V69/><F69/><W72/><G72/><T29/><D87/><AGARI ba="2,0" hai="82,87,91,101,102,103,104,106" m="48650,43114" machi="87" ten="40,5200,0" yaku="18,1,34,2" doraHai="131" who="1" fromWho="0" sc="244,-58,146,58,101,0,509,0" /><INIT seed="4,0,0,1,4,96" ten="186,204,101,509" oya="0" hai0="21,85,42,87,52,130,37,89,62,92,36,5,110" hai1="133,71,35,81,119,102,131,41,74,109,134,20,94" hai2="82,63,53,86,90,54,76,108,16,4,106,78,132" hai3="6,68,19,2,40,95,124,128,103,22,91,120,11"/><T45/><D130/><U79/><E109/><V8/><F108/><W49/><G68/><T60/><D110/><U23/><E119/><V101/><F132/><N who="1" m="50793" /><E131/><V12/><F4/><W135/><G120/><T26/><D37/><U84/><E35/><V32/><F32/><W58/><G2/><T3/><D3/><U59/><E71/><V47/><F54/><W56/><G40/><T75/><D75/><U125/><E125/><V105/><F105/><W70/><G70/><T10/><D85/><U80/><E41/><V127/><F127/><W115/><G6/><T107/><D107/><U14/><E59/><V116/><F116/><W9/><G124/><T29/><REACH who="0" step="1"/><D52/><REACH who="0" ten="176,204,101,509" step="2"/><U77/><E74/><V15/><F12/><W31/><G128/><T114/><D114/><U24/><E14/><V97/><REACH who="2" step="1"/><F63/><REACH who="2" ten="176,204,91,509" step="2"/><W28/><G135/><T57/><D57/><U121/><E121/><V25/><F25/><W18/><G58/><T72/><D72/><U30/><E24/><V43/><F43/><W88/><G56/><T48/><D48/><AGARI ba="0,2" hai="8,15,16,47,48,53,76,78,82,86,90,97,101,106" machi="48" ten="40,8000,1" yaku="1,1,25,2,52,1,54,1,53,0" doraHai="96" doraHaiUra="17" who="2" fromWho="0" sc="176,-80,204,0,91,100,509,0" /><INIT seed="5,0,0,4,1,70" ten="96,204,191,509" oya="1" hai0="135,78,71,19,29,40,7,63,92,118,58,128,117" hai1="16,67,121,99,31,13,76,126,79,111,83,108,9" hai2="134,94,68,93,55,48,36,85,96,75,116,3,50" hai3="32,130,18,127,51,97,107,69,14,12,21,105,44"/><U103/><E121/><V104/><F75/><W15/><G32/><T101/><D71/><U54/><E126/><V131/><F116/><W122/><G69/><T89/><D128/><U46/><E67/><V123/><F123/><W41/><G122/><T53/><D135/><U62/><E31/><V132/><F68/><W64/><G64/><T100/><D117/><U25/><E25/><V43/><F131/><W47/><G130/><T27/><D118/><U59/><E46/><N who="2" m="23911" /><F3/><W120/><G127/><T113/><D113/><U37/><E37/><V26/><F104/><W65/><G65/><T45/><D7/><U61/><E62/><V20/><F85/><W133/><G133/><N who="2" m="51305" /><F93/><W56/><G56/><T57/><D78/><U34/><E34/><V22/><F22/><W1/><G1/><T60/><D58/><U87/><REACH who="1" step="1"/><E79/><REACH who="1" ten="96,194,191,509" step="2"/><V28/><F55/><W125/><G125/><T106/><D63/><U66/><E66/><V80/><F80/><W42/><BYE who="0" /><G120/><T81/><D81/><U73/><E73/><UN n0="%E5%B0%B1%E6%B4%BB%E7%94%9F%40%E5%B7%9D%E6%9D%91%E8%BB%8D%E5%9B%A3" /><V91/><AGARI ba="0,1" hai="20,26,28,48,50,91,94,96" m="51305,23911" machi="91" ten="30,2000,0" yaku="20,1,52,1" doraHai="70" who="2" fromWho="2" sc="96,-5,194,-10,191,30,509,-5" /><INIT seed="6,0,0,2,3,25" ten="91,184,221,504" oya="2" hai0="48,91,80,8,24,71,110,107,93,36,89,72,15" hai1="35,115,77,0,3,60,11,18,76,39,64,82,10" hai2="61,96,130,54,125,113,13,122,2,9,42,43,70" hai3="100,134,102,133,22,1,32,105,131,73,31,97,127"/><V117/><F117/><W7/><G127/><T111/><D107/><U4/><E39/><V74/><F122/><W5/><G131/><T79/><D36/><U33/><E115/><V30/><F74/><W120/><G32/><T90/><D71/><U49/><E49/><V66/><F113/><W128/><G128/><T65/><D65/><U53/><E53/><V50/><F125/><W129/><G1/><T106/><D106/><U34/><E18/><V86/><F130/><W23/><G120/><T104/><D104/><U119/><E119/><V132/><F2/><W16/><G73/><T51/><D110/><U124/><E124/><V6/><F132/><N who="3" m="50795" /><G102/><T75/><D75/><U59/><E82/><V41/><F96/><W17/><G31/><T98/><D111/><U57/><E59/><V109/><F109/><W78/><G78/><T103/><REACH who="0" step="1"/><D24/><REACH who="0" ten="81,184,221,504" step="2"/><U84/><E64/><V121/><F121/><W37/><G23/><T94/><D94/><U40/><E35/><V29/><REACH who="2" step="1"/><F86/><REACH who="2" ten="81,184,211,504" step="2"/><W45/><G97/><T12/><D12/><U83/><E84/><V85/><F85/><W116/><G129/><T55/><D55/><U88/><E0/><V56/><AGARI ba="0,2" hai="6,9,13,29,30,41,42,43,50,54,56,61,66,70" machi="56" ten="30,11700,0" yaku="1,1,0,1,52,2,53,0" doraHai="25" doraHaiUra="28" who="2" fromWho="2" sc="81,-39,184,-39,211,137,504,-39" /><INIT seed="6,1,0,3,5,58" ten="42,145,348,465" oya="2" hai0="35,65,119,122,13,36,105,11,124,75,79,33,85" hai1="12,24,80,41,92,113,129,108,121,23,94,7,5" hai2="46,97,20,6,69,111,25,0,64,57,61,17,44" hai3="106,115,38,50,29,126,22,39,93,133,73,56,76"/><V78/><F111/><W89/><G106/><T16/><D75/><U63/><E108/><V62/><F78/><W117/><G117/><T84/><D36/><U118/><E118/><V3/><F97/><W55/><G73/><T2/><D105/><U128/><E113/><V101/><F101/><W83/><G126/><T37/><D37/><U14/><E41/><V77/><F77/><W8/><G8/><T68/><D119/><U27/><E80/><V30/><F30/><W40/><G40/><T31/><D122/><U42/><E42/><V26/><F26/><W110/><G115/><T49/><D124/><U91/><E23/><V4/><F6/><W19/><G29/><T123/><D123/><U47/><E121/><V52/><REACH who="2" step="1"/><F4/><REACH who="2" ten="42,145,338,465" step="2"/><W51/><G76/><T18/><D79/><U43/><E24/><V9/><F9/><W82/><G110/><T132/><D132/><U99/><E27/><V10/><F10/><W66/><G89/><T21/><D84/><U116/><E99/><V67/><F67/><W1/><G66/><T102/><D102/><U74/><E5/><V107/><F107/><W87/><G87/><T96/><D96/><U131/><E7/><V88/><F88/><W100/><G100/><T103/><D103/><U134/><E91/><V54/><F54/><W130/><G55/><T98/><D98/><U90/><E90/><V32/><F32/><W114/><G114/><T45/><D85/><U127/><E74/><V71/><F71/><W125/><G125/><T53/><D31/><U70/><E70/><V86/><F86/><W60/><G19/><RYUUKYOKU ba="1,1" sc="42,-10,145,-10,338,30,465,-10" hai2="0,3,17,20,25,44,46,52,57,61,62,64,69" /><INIT seed="6,2,1,4,3,59" ten="32,135,368,455" oya="2" hai0="7,5,11,48,50,13,17,61,26,12,88,20,111" hai1="133,93,22,24,23,35,14,18,4,34,104,86,135" hai2="63,76,75,113,32,21,123,91,0,71,117,129,110" hai3="55,16,106,44,9,53,108,112,98,31,39,37,52"/><V72/><RYUUKYOKU type="yao9" ba="2,1" sc="32,0,135,0,368,0,455,0" hai2="0,21,32,63,71,72,75,76,91,110,113,117,123,129" /><INIT seed="6,3,1,5,0,81" ten="32,135,368,455" oya="2" hai0="3,56,36,11,26,72,31,30,80,64,76,118,122" hai1="85,101,126,18,63,28,67,61,111,60,116,38,108" hai2="4,17,70,106,34,87,93,102,75,79,127,99,73" hai3="134,130,2,132,86,37,96,68,62,10,8,69,13"/><V110/><F34/><W49/><G130/><T15/><D122/><U117/><E38/><V114/><F70/><W105/><G37/><T131/><D131/><U21/><E101/><V119/><F4/><W33/><G33/><T52/><D118/><U19/><E67/><V22/><F119/><W98/><G49/><T12/><D36/><U44/><E44/><V47/><F47/><W57/><G2/><T115/><D115/><U103/><E103/><V58/><F58/><W97/><G8/><T5/><D64/><U121/><E63/><V27/><F114/><W9/><G9/><T84/><D72/><U66/><E66/><V89/><F127/><W104/><G104/><T46/><D46/><U25/><E126/><V43/><F43/><W41/><G105/><T53/><D30/><U40/><E40/><V0/><F0/><W125/><G41/><T124/><D124/><U123/><E28/><V20/><F20/><W135/><G125/><T16/><D53/><U35/><E35/><V128/><F128/><W71/><G86/><T74/><D74/><U7/><E85/><V59/><F59/><W50/><G50/><T42/><D42/><U100/><E21/><V95/><F110/><W77/><G77/><T1/><D31/><U32/><E32/><V90/><F79/><W113/><G113/><T65/><D65/><U51/><E51/><V92/><F106/><W82/><G71/><T78/><D26/><U54/><E25/><V23/><F23/><W107/><G107/><T120/><D120/><U94/><E123/><V14/><F27/><W29/><G69/><RYUUKYOKU ba="3,1" sc="32,-10,135,-10,368,30,455,-10" hai2="14,17,22,73,75,87,89,90,92,93,95,99,102" /><INIT seed="6,4,1,2,2,88" ten="22,125,398,445" oya="2" hai0="117,78,123,4,132,1,16,13,21,100,48,110,87" hai1="32,103,111,98,105,29,19,124,35,95,40,109,46" hai2="52,25,129,58,60,116,76,64,133,8,92,68,135" hai3="94,38,121,96,50,44,79,97,119,63,85,22,134"/><V33/><F116/><W106/><G38/><T89/><D123/><U30/><E19/><V49/><F129/><W45/><G121/><T125/><D110/><U84/><E124/><V130/><F130/><W59/><G106/><T27/><D125/><U102/><E84/><V104/><F104/><W23/><G134/><N who="2" m="51209" /><F76/><W47/><G50/><T122/><D122/><U80/><E80/><V34/><F8/><W39/><G39/><T120/><D120/><U77/><E77/><V7/><F7/><W91/><G119/><T81/><D132/><U128/><E128/><V118/><F118/><W24/><G79/><T31/><D117/><U65/><E65/><V75/><F75/><W56/><G56/><T115/><D115/><U12/><E12/><V20/><F92/><W42/><G22/><T28/><D100/><U66/><E95/><V93/><F93/><W3/><G42/><T37/><D37/><U36/><E103/><V83/><F83/><W107/><G107/><T5/><D78/><U114/><E114/><V18/><AGARI ba="4,1" hai="18,20,25,33,34,49,52,58,60,64,68" m="51209" machi="18" ten="30,3000,0" yaku="20,1,54,1" doraHai="88" who="2" fromWho="2" sc="22,-14,125,-14,398,52,445,-14" /><INIT seed="6,5,0,2,1,91" ten="8,111,450,431" oya="2" hai0="37,102,47,87,81,125,107,66,103,59,124,19,58" hai1="129,35,42,84,1,21,34,86,92,36,98,130,121" hai2="65,29,76,105,24,82,108,118,93,30,56,62,50" hai3="51,0,80,89,112,104,31,73,67,11,72,101,100"/><V110/><F118/><W15/><G0/><T94/><D37/><U10/><E121/><V23/><F105/><W17/><G31/><T111/><D47/><U61/><E61/><V116/><F116/><W46/><G67/><T133/><D66/><U68/><E68/><V78/><F30/><W53/><G112/><T131/><D59/><U128/><E21/><V77/><F50/><W106/><G106/><T114/><D58/><U55/><E55/><V109/><REACH who="2" step="1"/><F93/><REACH who="2" ten="8,111,440,431" step="2"/><W13/><G13/><T14/><D111/><U32/><E92/><V96/><F96/><N who="3" m="61447" /><G101/><T49/><D114/><U27/><E98/><V38/><F38/><W6/><G6/><T119/><D49/><U4/><E36/><V83/><AGARI ba="5,1" hai="23,24,29,56,62,65,76,77,78,82,83,108,109,110" machi="83" ten="40,12000,1" yaku="1,1,0,1,10,1,53,1" doraHai="91" doraHaiUra="16" who="2" fromWho="2" sc="8,-45,111,-45,440,145,431,-45" owari="-37,-54.0,66,-33.0,585,68.0,386,19.0" /></mjloggm>