<mjloggm ver="2.3"><GO type="97" lobby="0"/><UN n0="%E7%8C%AB%E5%8F%AF%E6%84%9B%E3%81%8C%E3%82%8A" n1="%7A%6F%6D%62%69%65%39" n2="%E3%83%8F%E3%83%AA%E3%83%9C%E3%83%86%E5%A4%A7%E5%B0%86" n3="%E3%83%88%E3%83%88%E3%83%AA%E5%85%88%E7%94%9F%31%39%E6%AD%B3" dan="14,14,14,14" rate="1852.96,1956.31,1852.48,2033.65" sx="M,F,M,F"/><TAIKYOKU oya="0"/><INIT seed="0,0,0,2,2,85" ten="250,250,250,250" oya="0" hai0="108,114,111,70,120,11,27,115,4,8,105,127,56" hai1="64,93,3,71,25,84,90,50,110,132,100,42,9" hai2="15,129,63,116,17,89,122,24,119,7,45,124,95" hai3="32,76,94,118,69,82,46,87,57,23,40,13,14"/><T60/><D70/><U103/><E110/><N who="0" m="42025" /><D105/><U20/><E132/><V28/><F122/><W39/><G118/><N who="2" m="45097" /><F129/><W78/><G69/><T97/><D120/><U29/><E71/><V41/><F124/><W74/><G32/><T62/><D127/><U117/><E117/><V67/><F7/><W107/><G107/><T134/><D134/><U21/><E64/><V36/><F63/><W126/><G126/><T38/><D38/><U0/><E21/><V102/><F67/><W6/><G6/><T80/><D97/><U19/><E3/><V53/><F102/><W72/><G57/><T10/><D4/><U86/><E0/><V135/><F53/><W30/><G76/><T113/><D27/><U55/><E103/><V99/><F135/><W68/><G68/><T65/><D80/><U91/><E100/><V54/><F24/><W33/><G74/><T73/><D73/><U88/><E42/><V104/><F104/><W2/><G72/><T98/><D98/><U18/><E93/><V35/><F41/><W133/><G133/><T109/><N who="0" m="42033" /><T66/><DORA hai="44" /><D60/><U16/><E9/><V37/><F36/><W48/><G39/><T61/><D61/><U125/><E125/><V47/><F37/><W121/><G121/><T83/><D83/><U31/><E31/><V131/><F28/><W81/><G30/><T5/><D5/><U79/><E79/><V52/><F99/><W106/><G78/><T59/><D66/><U12/><E12/><V22/><F15/><W96/><G106/><T112/><D112/><U123/><E123/><V75/><F75/><RYUUKYOKU ba="0,0" sc="250,15,250,15,250,-15,250,-15" hai0="8,10,11,56,59,62,65,113,114,115" hai1="16,18,19,20,25,29,50,55,84,86,88,90,91" /><INIT seed="0,1,0,4,1,31" ten="265,265,235,235" oya="0" hai0="130,20,124,116,13,118,132,83,102,52,44,129,0" hai1="56,126,72,123,103,119,92,53,97,5,43,74,3" hai2="15,112,94,55,37,91,49,64,30,33,99,11,39" hai3="26,18,36,95,117,90,109,106,8,107,7,121,17"/><T77/><D0/><U16/><E123/><V57/><F112/><W96/><G117/><T9/><D124/><U29/><E119/><V28/><F64/><W87/><G36/><T60/><D132/><U110/><E126/><V75/><F75/><W10/><G121/><T133/><D133/><U120/><E120/><V32/><F30/><W105/><G109/><T81/><D102/><U42/><E110/><V101/><F101/><W84/><G10/><T108/><D108/><U59/><E29/><V65/><F65/><W34/><G34/><T50/><D60/><U22/><E5/><V14/><F14/><W61/><G61/><T122/><D20/><U21/><E3/><V82/><F82/><N who="0" m="31242" /><D77/><U71/><E71/><V131/><F131/><N who="0" m="50186" /><D122/><U38/><E74/><V135/><F135/><W68/><G68/><T54/><D54/><U19/><E72/><V125/><F125/><W86/><REACH who="3" step="1"/><G26/><REACH who="3" ten="265,265,235,225" step="2"/><T128/><D128/><U93/><E38/><V104/><F33/><W115/><G115/><T58/><D58/><U98/><E53/><V114/><F114/><W76/><G76/><T67/><D67/><U27/><E103/><V25/><REACH who="2" step="1"/><F104/><REACH who="2" ten="265,265,225,225" step="2"/><W73/><G73/><T24/><D24/><AGARI ba="1,2" hai="16,19,21,22,24,27,42,43,56,59,92,93,97,98" machi="24" ten="25,6400,0" yaku="22,2,8,1,54,1" doraHai="31" who="1" fromWho="0" sc="265,-67,265,87,225,0,225,0" /><INIT seed="1,0,0,3,3,51" ten="198,352,225,225" oya="1" hai0="122,106,71,77,60,24,62,99,70,63,25,102,33" hai1="3,46,0,65,78,22,94,39,20,120,129,95,37" hai2="110,11,125,98,23,47,26,79,134,43,92,2,31" hai3="32,16,109,56,104,84,83,52,57,36,121,115,80"/><U73/><E120/><V96/><F110/><W75/><G115/><T48/><D122/><U29/><E65/><V14/><F125/><W132/><G121/><T67/><D77/><U87/><E73/><V34/><F134/><W59/><G32/><T111/><D111/><U30/><E78/><V135/><F135/><W74/><G109/><T82/><D82/><N who="3" m="31273" /><G36/><N who="1" m="13898" /><E46/><V4/><F79/><W27/><G104/><T97/><D70/><U7/><E87/><V5/><F5/><W133/><G74/><T130/><D130/><U64/><E64/><V113/><F113/><W86/><G75/><T90/><D25/><U28/><E7/><V114/><F114/><W112/><G112/><T9/><D9/><U21/><E129/><V54/><F43/><W91/><G133/><T66/><D66/><U40/><E40/><V19/><F92/><AGARI ba="0,0" hai="0,3,20,21,22,28,29,30,92,94,95" m="13898" machi="92" ten="40,3900,0" yaku="28,2" doraHai="51" who="1" fromWho="2" sc="198,0,352,39,225,-39,225,0" /><INIT seed="1,1,0,1,2,129" ten="198,391,186,225" oya="1" hai0="81,122,63,107,68,6,104,123,0,115,109,26,22" hai1="117,88,65,11,60,74,32,101,37,116,41,97,25" hai2="24,84,128,98,80,108,27,45,86,78,33,39,71" hai3="67,112,4,50,57,38,54,17,120,55,59,127,87"/><U44/><E74/><V58/><F108/><W13/><G120/><N who="0" m="46123" /><D109/><U29/><E11/><V21/><F128/><W99/><G112/><T131/><D115/><U47/><E47/><V114/><F114/><W95/><G38/><T110/><D110/><U69/><REACH who="1" step="1"/><E88/><REACH who="1" ten="198,381,186,225" step="2"/><V94/><F45/><W8/><G87/><T49/><D131/><U62/><E62/><V53/><F78/><W121/><G121/><T73/><D73/><U100/><E100/><V23/><F86/><W36/><G127/><T102/><D102/><U118/><E118/><V106/><F84/><W14/><G36/><T85/><D63/><U125/><E125/><V40/><F98/><W111/><G111/><T61/><D85/><U42/><E42/><V56/><F40/><W90/><G50/><T10/><D61/><U76/><E76/><V83/><F39/><W28/><G99/><T119/><D119/><U75/><E75/><V92/><F80/><W31/><G90/><T18/><D81/><U70/><E70/><V16/><F83/><W30/><G59/><T64/><D68/><U126/><E126/><V66/><F71/><W91/><G57/><T9/><D10/><U77/><E77/><V93/><F58/><W48/><G48/><T12/><D49/><U82/><E82/><V134/><F56/><W96/><G67/><T132/><D64/><U135/><E135/><V51/><F66/><W89/><G91/><T19/><D132/><U52/><E52/><V130/><F134/><W3/><G3/><T124/><D124/><U105/><AGARI ba="1,1" hai="25,29,32,37,41,44,60,65,69,97,101,105,116,117" machi="105" ten="20,18000,2" yaku="1,1,0,1,7,1,25,2,23,2,53,0" doraHai="129" doraHaiUra="79" who="1" fromWho="1" sc="198,-61,381,193,186,-61,225,-61" /><INIT seed="1,2,0,0,3,130" ten="137,574,125,164" oya="1" hai0="86,51,120,75,2,93,55,67,83,8,9,27,95" hai1="17,77,44,87,97,63,122,131,72,80,111,105,0" hai2="96,108,24,52,68,113,57,117,39,46,58,66,129" hai3="22,76,5,14,110,126,114,118,15,85,20,127,32"/><U33/><E0/><V90/><F108/><W10/><G76/><T37/><D75/><U41/><E33/><V16/><F117/><W25/><G85/><T40/><D67/><U50/><E122/><V31/><F129/><W124/><G118/><T3/><D120/><U125/><E125/><V84/><F96/><W61/><G61/><T107/><D107/><U49/><E131/><V11/><F113/><W70/><G70/><T6/><D27/><U12/><E111/><V78/><F78/><W45/><G45/><T103/><D103/><U109/><E72/><V135/><F68/><W36/><G36/><T28/><D28/><U134/><E63/><V100/><F100/><W102/><G102/><T62/><D62/><U65/><E65/><V116/><F39/><W89/><G89/><T112/><D112/><U106/><E49/><V53/><F66/><W47/><G47/><T35/><D35/><U4/><E4/><V101/><F58/><W115/><G110/><T128/><D128/><U132/><E97/><V79/><F116/><W54/><G54/><T13/><D40/><U71/><E71/><V18/><F53/><W59/><G59/><T60/><D60/><U94/><E94/><V21/><F46/><W38/><G38/><T73/><D73/><U34/><E34/><V43/><F57/><W26/><G32/><T104/><D104/><U7/><E105/><V56/><F56/><W48/><G48/><T74/><D74/><U121/><E106/><V81/><F43/><W98/><G115/><T99/><D37/><U82/><E109/><V42/><F42/><RYUUKYOKU ba="2,0" sc="137,0,574,0,125,0,164,0" /><INIT seed="2,3,0,0,2,64" ten="137,574,125,164" oya="2" hai0="58,52,125,43,113,92,122,32,50,80,85,111,135" hai1="53,131,3,29,10,23,102,94,65,105,87,24,86" hai2="130,121,109,88,96,115,0,100,19,46,77,8,124" hai3="71,18,98,45,128,55,21,51,117,95,59,9,27"/><V76/><F115/><W106/><G117/><T39/><D113/><U40/><E105/><V26/><F121/><W35/><G128/><T12/><D122/><U74/><E74/><V110/><F130/><W73/><G73/><T133/><D32/><U41/><E131/><V84/><F124/><W7/><G106/><T134/><D125/><U97/><E65/><V63/><F46/><W2/><G35/><T4/><D111/><N who="2" m="42506" /><F0/><W114/><G114/><T75/><D75/><U108/><E108/><V22/><F8/><W129/><G129/><T37/><D92/><U60/><E10/><V78/><F63/><W6/><G6/><T126/><D126/><U68/><E3/><V25/><F25/><W69/><G45/><T56/><D56/><U11/><E11/><V99/><F100/><AGARI ba="3,0" hai="2,7,9,18,21,27,51,55,59,69,71,95,98,100" machi="100" ten="30,3900,0" yaku="7,1,52,2" doraHai="64" who="3" fromWho="2" sc="137,0,574,0,125,-48,164,48" /><INIT seed="3,0,0,4,1,14" ten="137,574,77,212" oya="3" hai0="126,34,54,62,77,102,76,120,72,91,21,79,70" hai1="46,52,112,12,119,82,7,0,32,36,73,24,19" hai2="133,27,99,16,90,61,13,84,38,63,31,101,98" hai3="86,17,93,29,69,22,50,1,51,100,80,115,68"/><W41/><G93/><T92/><D120/><U30/><E112/><V118/><F118/><W107/><G86/><T3/><D34/><U43/><E119/><V96/><F38/><W85/><G85/><T60/><D102/><U57/><E0/><V9/><F133/><W47/><G100/><T59/><D3/><U71/><E71/><V26/><F101/><W113/><G80/><T58/><D70/><U89/><E7/><V74/><F74/><W128/><G22/><T75/><D126/><U2/><E2/><V65/><F65/><W94/><G94/><T97/><D21/><U11/><E89/><V95/><REACH who="2" step="1"/><F27/><REACH who="2" ten="137,574,67,212" step="2"/><W23/><G115/><T83/><D75/><U18/><E18/><V108/><F108/><W25/><G17/><T121/><D121/><U56/><E30/><V67/><F67/><AGARI ba="0,1" hai="54,58,59,60,62,67,72,76,77,79,83,91,92,97" machi="67" ten="30,1000,0" yaku="7,1" doraHai="14" who="0" fromWho="2" sc="137,20,574,0,67,-10,212,0" owari="157,-24.0,574,67.0,57,-44.0,212,1.0" /></mjloggm>