<mjloggm ver="2.3"><GO type="169" lobby="0"/><UN n0="%E3%81%AE%E3%81%A9%E3%81%94%E3%81%97%E3%80%88%E7%94%9F%E3%80%89" n1="%3A%44%75%63%61%3A" n2="%E5%89%8D%E6%88%AF%33%30%E5%88%86" n3="%E3%82%A6%E3%83%AB%E3%83%88%E3%83%A9%E7%AB%8B%E7%9B%B4" dan="16,16,17,17" rate="2131.94,2112.81,2218.52,2160.93" sx="M,M,M,M"/><TAIKYOKU oya="0"/><INIT seed="0,0,0,1,0,17" ten="250,250,250,250" oya="0" hai0="28,112,41,80,102,122,33,97,88,29,87,135,10" hai1="47,114,44,8,51,59,101,128,31,89,18,81,111" hai2="113,74,58,54,25,116,93,99,68,72,60,107,120" hai3="79,91,85,3,42,123,11,62,121,110,34,22,100"/><T24/><D122/><N who="3" m="46601" /><G34/><T46/><D112/><U92/><E111/><V4/><F113/><W61/><G110/><T117/><D117/><U127/><E31/><V39/><F116/><W27/><G79/><T115/><D115/><U55/><E128/><V118/><F118/><W40/><G100/><T126/><D126/><U52/><E127/><V13/><F39/><W12/><G3/><T103/><D135/><U14/><E114/><V5/><F107/><W70/><G70/><T53/><D29/><U23/><E8/><V86/><F68/><W9/><G9/><T35/><D35/><U104/><E104/><V90/><F72/><W67/><G67/><T131/><D131/><U50/><E101/><V32/><F74/><W132/><G12/><T16/><D41/><U71/><E71/><V49/><F13/><W76/><G11/><T130/><D130/><U119/><E119/><V95/><F120/><W30/><G76/><T83/><D83/><U56/><E81/><V133/><F133/><W48/><G132/><T75/><D75/><U38/><E38/><V20/><F49/><W0/><G0/><T78/><D78/><U129/><E129/><V15/><F15/><W73/><G73/><T105/><D102/><U77/><E77/><V1/><F1/><W6/><G6/><T57/><D10/><U43/><E43/><N who="3" m="16426" /><G48/><N who="0" m="28823" /><D57/><U7/><E7/><V106/><F32/><W82/><AGARI ba="0,0" hai="22,27,30,61,62,82,85,91" m="16426,46601" machi="82" ten="30,2000,0" yaku="13,1,52,1" doraHai="17" who="3" fromWho="3" sc="250,-10,250,-5,250,-5,250,20" /><INIT seed="1,0,0,0,1,95" ten="240,245,245,270" oya="1" hai0="24,14,110,104,61,133,33,6,80,86,90,122,113" hai1="97,84,58,13,91,72,105,130,60,53,62,44,94" hai2="39,131,36,64,17,38,20,42,77,88,115,116,26" hai3="47,16,112,8,66,32,83,87,101,35,74,10,65"/><U85/><E130/><V71/><F116/><W127/><G74/><T121/><D113/><U128/><E128/><V18/><F77/><W2/><G112/><T68/><D104/><U82/><E72/><V30/><F115/><W117/><G127/><T78/><D110/><U51/><E105/><V69/><F42/><W3/><G47/><T34/><D133/><U37/><E84/><V125/><F125/><W15/><G117/><T100/><D100/><U76/><E37/><V22/><F131/><W99/><G35/><T81/><D24/><U31/><E31/><V46/><F46/><W41/><G41/><T4/><D34/><U73/><E73/><V9/><F9/><N who="3" m="6255" /><G3/><T28/><D28/><U27/><E27/><V50/><F50/><W79/><G2/><T96/><D33/><U119/><E119/><V25/><F30/><W132/><G32/><T11/><D4/><U21/><REACH who="1" step="1"/><E44/><REACH who="1" ten="240,235,245,270" step="2"/><V59/><F38/><W19/><G132/><T40/><D86/><U12/><E12/><V48/><F36/><W123/><G123/><T106/><D121/><U52/><E52/><N who="2" m="32135" /><F39/><W134/><G134/><T102/><D122/><U70/><E70/><V67/><F69/><W56/><G56/><T89/><D40/><U120/><E120/><V107/><F107/><W98/><G87/><N who="0" m="48535" /><D81/><U63/><E63/><V55/><F55/><W0/><G83/><T118/><D118/><U29/><E29/><V75/><F75/><W103/><G0/><T45/><D45/><U49/><E49/><V126/><F126/><W124/><G124/><T109/><D109/><U129/><E129/><RYUUKYOKU ba="0,1" sc="240,15,235,15,245,-15,270,-15" hai0="6,11,14,61,68,89,90,96,102,106" hai1="13,21,51,53,58,60,62,76,82,85,91,94,97" /><INIT seed="1,1,1,4,2,15" ten="255,250,230,255" oya="1" hai0="31,60,108,12,37,28,110,77,56,127,26,36,98" hai1="90,116,20,91,68,120,38,50,11,111,57,69,125" hai2="14,65,27,70,88,72,0,113,33,29,55,117,75" hai3="49,30,115,128,73,121,94,97,118,61,1,46,8"/><U79/><E38/><V129/><F117/><W19/><G73/><T82/><D127/><U16/><E116/><V124/><F0/><W80/><G121/><T86/><D12/><U81/><E120/><V89/><F124/><W132/><G118/><T45/><D31/><U44/><E125/><V103/><F103/><W22/><G115/><T23/><D45/><U17/><E111/><N who="0" m="42537" /><D98/><U84/><E57/><V67/><F14/><N who="3" m="7623" /><G1/><T87/><D87/><U112/><E112/><V76/><F72/><W58/><G80/><T40/><D40/><N who="1" m="24839" /><E68/><V83/><F70/><W39/><G39/><T54/><AGARI ba="1,1" hai="23,26,28,36,37,54,56,60,77,82,86" m="42537" machi="54" ten="30,1100,0" yaku="14,1" doraHai="15" who="0" fromWho="0" sc="255,24,250,-6,230,-4,255,-4" /><INIT seed="2,0,0,3,3,45" ten="279,244,226,251" oya="2" hai0="10,54,114,123,43,15,70,110,93,5,115,52,88" hai1="35,76,87,106,82,14,128,64,41,131,38,73,44" hai2="86,4,83,46,6,63,109,119,48,0,69,36,75" hai3="53,67,34,78,3,134,11,133,29,25,37,79,61"/><V22/><F119/><W57/><G37/><T135/><D70/><U71/><E106/><V97/><F75/><W120/><G120/><T102/><D123/><U23/><E35/><V42/><F0/><W77/><G3/><T20/><D102/><U24/><E14/><V124/><F124/><W95/><G11/><T112/><D110/><U31/><E87/><V17/><F109/><W21/><G34/><T129/><D129/><N who="1" m="49739" /><E64/><V12/><F36/><W30/><G30/><T80/><D135/><U104/><E104/><V108/><F108/><W27/><G27/><T117/><D80/><U84/><E73/><V121/><F121/><W111/><G111/><T50/><D20/><U18/><E71/><V127/><F127/><W132/><G95/><T58/><D117/><U100/><E100/><V28/><F97/><W59/><REACH who="3" step="1"/><G78/><REACH who="3" ten="279,244,226,241" step="2"/><T89/><D93/><U47/><E31/><V98/><F28/><W55/><G55/><T72/><D43/><U90/><E38/><V19/><F17/><W7/><G7/><T60/><REACH who="0" step="1"/><D72/><REACH who="0" ten="269,244,226,241" step="2"/><N who="1" m="43271" /><E41/><V101/><F42/><W96/><G96/><T33/><D33/><U56/><E23/><V2/><F22/><W94/><G94/><T62/><D62/><AGARI ba="0,2" hai="21,25,29,53,57,59,61,62,67,77,79,132,133,134" machi="62" ten="40,2600,0" yaku="1,1,20,1,53,0" doraHai="45" doraHaiUra="113" who="3" fromWho="0" sc="269,-26,244,0,226,0,241,46" /><INIT seed="3,0,0,3,1,24" ten="243,244,226,287" oya="3" hai0="57,11,61,68,111,134,50,104,99,47,109,100,52" hai1="48,5,15,126,30,107,13,112,70,14,22,3,8" hai2="64,82,92,118,56,98,74,95,83,115,133,9,123" hai3="79,81,32,119,20,17,87,96,62,122,73,86,54"/><W33/><G122/><T132/><D11/><N who="1" m="2495" /><E107/><V125/><F118/><W0/><G0/><T19/><D19/><U23/><E70/><V55/><F115/><W121/><G121/><T59/><D68/><U91/><E91/><V12/><F64/><W1/><G1/><T18/><D18/><N who="1" m="10591" /><E48/><V129/><F74/><W102/><G119/><T41/><REACH who="0" step="1"/><D59/><REACH who="0" ten="233,244,226,287" step="2"/><U2/><E112/><V84/><F56/><W120/><G120/><T90/><D90/><U60/><E126/><V77/><F125/><W88/><G88/><T46/><D46/><U45/><E45/><V103/><F123/><W26/><G62/><T34/><D34/><U131/><E60/><V135/><F103/><W6/><G33/><T7/><D7/><N who="1" m="1143" /><E131/><V128/><F129/><W124/><G124/><T29/><D29/><U42/><E42/><V63/><F128/><W35/><G102/><T110/><AGARI ba="0,1" hai="41,47,50,52,57,61,99,100,104,109,110,111,132,134" machi="110" ten="40,8000,1" yaku="1,1,0,1,14,1,54,1,53,1" doraHai="24" doraHaiUra="43" who="0" fromWho="0" sc="233,90,244,-20,226,-20,287,-40" /><INIT seed="4,0,0,1,1,120" ten="323,224,206,247" oya="0" hai0="6,49,93,64,98,30,105,123,34,73,5,22,91" hai1="67,103,7,10,72,118,82,84,131,40,33,126,50" hai2="32,127,117,9,2,101,52,119,112,74,79,36,35" hai3="57,54,104,71,51,107,41,130,56,19,85,102,133"/><T109/><D73/><U115/><E72/><V43/><F101/><W29/><G71/><T63/><D123/><U39/><E118/><V31/><F52/><W132/><G102/><T0/><D34/><U108/><E33/><V27/><F35/><W114/><G114/><T86/><D0/><U3/><E115/><V81/><F112/><W66/><G29/><T1/><D1/><U18/><E67/><V125/><F117/><W46/><G130/><T55/><D105/><U45/><E131/><V76/><F76/><W60/><G85/><T69/><D30/><U38/><E126/><V70/><F70/><W65/><G19/><T37/><D37/><U96/><E18/><V25/><F25/><W110/><G65/><T12/><D109/><U48/><E39/><V20/><F20/><W90/><G90/><T88/><D12/><U59/><E59/><V16/><F16/><W99/><G99/><T83/><REACH who="0" step="1"/><D22/><REACH who="0" ten="313,224,206,247" step="2"/><U24/><E108/><V97/><F119/><W17/><G110/><T44/><AGARI ba="0,1" hai="5,6,44,49,55,63,64,69,83,86,88,91,93,98" machi="44" ten="20,18000,2" yaku="1,1,2,1,0,1,7,1,54,1,53,1" doraHai="120" doraHaiUra="78" who="0" fromWho="0" sc="313,190,224,-60,206,-60,247,-60" /><INIT seed="4,1,0,5,4,63" ten="503,164,146,187" oya="0" hai0="57,25,83,76,91,125,72,78,14,84,98,54,127" hai1="111,13,35,24,85,114,92,53,86,130,106,128,11" hai2="131,21,121,28,36,2,48,99,9,77,51,1,117" hai3="126,97,124,71,62,27,100,45,55,26,8,67,30"/><T112/><D112/><U3/><E106/><V110/><F36/><W50/><G8/><T102/><D25/><U105/><E105/><V59/><F110/><W134/><G134/><T52/><D14/><U6/><E114/><V60/><F121/><W69/><G69/><T19/><D19/><U104/><E104/><V89/><F1/><W87/><G87/><T129/><D129/><N who="1" m="49771" /><E111/><V68/><F68/><W46/><G46/><T90/><D54/><U10/><E53/><V43/><F43/><W122/><G122/><T73/><D52/><U0/><E92/><V70/><F70/><W39/><G39/><T107/><D57/><U82/><E82/><V116/><F131/><W22/><REACH who="3" step="1"/><G27/><REACH who="3" ten="503,164,146,177" step="2"/><T64/><D84/><U4/><E86/><V56/><F56/><W93/><AGARI ba="1,1" hai="22,26,30,45,50,55,62,67,71,93,97,100,124,126" machi="93" ten="30,8000,1" yaku="1,1,2,1,0,1,52,1,53,1" doraHai="63" doraHaiUra="23" who="3" fromWho="3" sc="503,-41,164,-21,146,-21,177,93" /><INIT seed="5,0,0,4,0,45" ten="462,143,125,270" oya="1" hai0="114,66,104,107,26,1,21,78,17,92,70,57,22" hai1="85,24,75,96,97,14,88,48,126,15,52,49,36" hai2="86,39,128,38,43,109,87,6,130,34,79,61,63" hai3="50,112,20,101,91,2,89,35,113,60,115,8,9"/><U74/><E36/><V116/><F109/><W42/><G35/><T93/><D1/><U23/><E126/><V99/><F34/><W119/><G119/><T64/><D70/><U72/><E49/><V27/><F6/><N who="3" m="1111" /><G101/><T80/><D114/><U122/><E122/><V25/><F99/><N who="1" m="37961" /><E74/><V69/><F79/><W0/><G60/><T68/><D68/><U3/><E3/><V134/><F43/><W124/><G124/><T30/><D104/><U118/><E75/><V105/><F69/><W32/><G32/><T121/><D107/><U55/><E72/><V90/><F105/><W10/><G20/><T125/><D125/><U103/><E103/><V83/><F116/><W76/><G76/><T71/><D71/><U131/><E131/><V54/><F90/><N who="3" m="34315" /><G0/><T117/><D117/><U58/><E55/><V120/><F120/><W4/><G4/><T135/><D135/><U110/><E110/><V127/><F54/><W53/><G42/><T94/><D121/><U12/><E118/><V65/><F127/><W51/><G51/><T29/><D57/><AGARI ba="0,0" hai="9,10,50,53,57,112,113,115" m="34315,1111" machi="57" ten="30,2000,0" yaku="15,1,52,1" doraHai="45" who="3" fromWho="0" sc="462,-20,143,0,125,0,270,20" /><INIT seed="6,0,0,4,5,26" ten="442,143,125,290" oya="2" hai0="67,23,103,76,41,2,112,64,12,61,29,80,13" hai1="116,58,66,52,70,11,59,65,0,25,75,79,104" hai2="85,127,101,93,87,110,8,45,31,21,74,7,33" hai3="95,118,71,72,81,40,114,135,20,105,97,27,69"/><V9/><F74/><W36/><G105/><T54/><D2/><U4/><E104/><V62/><F33/><W46/><G118/><T43/><D112/><U119/><E70/><V126/><F110/><W108/><G108/><T38/><D103/><U47/><E47/><V22/><F62/><W132/><G114/><T102/><D102/><U115/><E115/><V48/><F101/><N who="3" m="60607" /><G81/><T39/><D39/><U73/><E59/><V91/><F87/><W18/><G72/><T56/><D38/><U78/><E25/><N who="2" m="16815" /><F22/><W57/><G57/><T17/><D29/><U120/><E120/><V106/><F7/><W107/><G107/><T84/><D12/><U55/><E58/><V100/><F100/><W63/><G63/><T96/><D96/><U123/><E123/><V15/><F15/><W60/><G60/><T50/><D64/><U37/><E37/><V42/><F106/><W35/><G35/><T90/><D76/><U129/><E4/><V49/><F49/><W113/><G113/><T121/><D121/><U53/><E0/><V94/><F94/><W5/><G5/><T30/><D30/><U128/><E53/><V77/><F77/><W82/><G82/><T14/><D14/><U98/><E98/><V125/><AGARI ba="0,0" hai="8,9,42,45,48,85,91,93,125,126,127" m="16815" machi="125" ten="30,3000,0" yaku="18,1,52,1" doraHai="26" who="2" fromWho="2" sc="442,-10,143,-10,125,30,290,-10" /><INIT seed="6,1,0,4,4,0" ten="432,133,155,280" oya="2" hai0="79,42,116,120,84,106,81,100,33,110,50,91,31" hai1="71,57,26,123,21,64,7,68,90,1,112,5,3" hai2="102,49,134,69,93,67,20,78,104,72,22,28,2" hai3="92,103,24,131,46,29,117,43,10,48,135,111,35"/><V118/><F118/><W76/><G111/><T87/><D110/><U132/><E57/><V73/><F104/><W16/><G131/><T30/><D120/><U62/><E123/><V44/><F2/><W45/><G135/><T121/><D121/><U70/><E112/><V41/><F134/><W19/><G76/><T115/><D115/><U27/><E132/><V124/><F124/><W101/><G117/><T58/><D33/><U36/><E36/><V4/><F4/><W85/><G103/><T38/><D38/><U63/><E90/><V119/><F119/><W99/><G10/><T18/><D106/><U66/><E70/><V126/><F126/><W12/><G12/><T130/><D100/><U9/><E21/><N who="2" m="8299" /><F28/><W60/><G85/><T11/><D130/><U15/><E15/><V8/><F8/><AGARI ba="1,0" hai="1,3,5,7,8,9,26,27,62,63,64,66,68,71" machi="8" ten="40,8000,1" yaku="32,3,52,2" doraHai="0" who="1" fromWho="2" sc="432,0,133,83,155,-83,280,0" /><INIT seed="7,0,0,4,0,87" ten="432,216,72,280" oya="3" hai0="112,5,111,74,93,72,23,135,101,77,70,123,17" hai1="61,6,69,60,98,49,71,41,34,133,22,25,15" hai2="10,68,116,118,24,38,79,90,124,94,14,62,106" hai3="80,30,95,57,73,52,125,89,88,44,128,46,122"/><W97/><G122/><T58/><D70/><U117/><E34/><V108/><F38/><W29/><G125/><T0/><D123/><U82/><E133/><V63/><F106/><W119/><G119/><T18/><D111/><U126/><E126/><V50/><F124/><W40/><G128/><T134/><D112/><U91/><E71/><V86/><F108/><W55/><G73/><T27/><D18/><U11/><E117/><V83/><F116/><W129/><G129/><T3/><D58/><U75/><E69/><V127/><F127/><W85/><G55/><T35/><D35/><U37/><E37/><V4/><F118/><W36/><G46/><T20/><D20/><U67/><E67/><V12/><F68/><W33/><G33/><T54/><D54/><U92/><E82/><V47/><F14/><W65/><G65/><T113/><D113/><U81/><E81/><V130/><F24/><W104/><G104/><T7/><D77/><U96/><E96/><V103/><F103/><W26/><G26/><T84/><D74/><U31/><E75/><V76/><F76/><W78/><G78/><T59/><D72/><U105/><E105/><V53/><REACH who="2" step="1"/><F130/><REACH who="2" ten="432,216,62,280" step="2"/><W99/><G99/><AGARI ba="0,1" hai="4,10,12,47,50,53,62,63,79,83,86,90,94,99" machi="99" ten="30,8000,1" yaku="1,1,2,1,7,1,8,1,52,1,53,0" doraHai="87" doraHaiUra="39" who="2" fromWho="3" sc="432,0,216,0,62,90,280,-80" owari="432,53.0,216,2.0,152,-35.0,200,-20.0" /></mjloggm>