<mjloggm ver="2.3"><GO type="169" lobby="0"/><UN n0="%E3%82%A6%E3%83%AB%E3%83%88%E3%83%A9%E7%AB%8B%E7%9B%B4" n1="%28%E8%9B%99%E3%83%BB%60%CF%89%E3%83%BB%C2%B4%29" n2="%E3%81%88%E3%83%A2%E3%83%B3" n3="%EF%BC%88%63%72%6F%73%73%EF%BC%89" dan="17,16,16,16" rate="2209.60,2117.57,2062.07,2080.77" sx="M,M,F,M"/><TAIKYOKU oya="0"/><INIT seed="0,0,0,2,0,74" ten="250,250,250,250" oya="0" hai0="71,57,7,106,18,90,135,107,62,123,114,4,5" hai1="12,45,16,64,125,87,28,58,100,79,115,119,19" hai2="38,50,47,111,22,65,104,78,112,128,56,130,89" hai3="73,120,68,67,17,63,34,116,1,8,127,44,46"/><T131/><D123/><U86/><E119/><V0/><F0/><W27/><G116/><T3/><D114/><U31/><E100/><V102/><F112/><W54/><G120/><T14/><D3/><U59/><E125/><V122/><F122/><W26/><G127/><T13/><D131/><N who="2" m="50218" /><F38/><W23/><G73/><T41/><D135/><U43/><E19/><V2/><F2/><W51/><G27/><T66/><D41/><U95/><E95/><V52/><F111/><W84/><G34/><T124/><D124/><U98/><E98/><N who="2" m="61527" /><F89/><W109/><G109/><T42/><D42/><U133/><E133/><V10/><F10/><W72/><G72/><T96/><D71/><U35/><E35/><V55/><F78/><W88/><G8/><T94/><REACH who="0" step="1"/><D14/><REACH who="0" ten="240,250,250,250" step="2"/><U36/><E12/><V91/><F91/><W39/><G1/><T20/><AGARI ba="0,1" hai="4,5,7,13,18,20,57,62,66,90,94,96,106,107" machi="20" ten="30,6000,0" yaku="1,1,2,1,0,1,53,0" doraHai="74" doraHaiUra="48" who="0" fromWho="0" sc="240,70,250,-20,250,-20,250,-20" /><INIT seed="0,1,0,5,4,3" ten="310,230,230,230" oya="0" hai0="114,132,52,34,123,1,49,90,72,0,102,18,77" hai1="19,25,56,45,120,100,128,110,9,85,129,68,116" hai2="57,13,42,117,76,126,79,2,95,99,73,84,88" hai3="38,93,10,59,4,16,96,125,104,22,127,122,115"/><T58/><D123/><U94/><E116/><V61/><F2/><W89/><G115/><T17/><D114/><U62/><E68/><V31/><F117/><W71/><G71/><T67/><D34/><U54/><E110/><V43/><F73/><W81/><G38/><T11/><D132/><U35/><E120/><V98/><F126/><N who="3" m="48139" /><G122/><T53/><D67/><U106/><E106/><V51/><F31/><W107/><G81/><T66/><D66/><U80/><E35/><V133/><F133/><W105/><G59/><T23/><D102/><U12/><E25/><V50/><F13/><N who="3" m="9487" /><G107/><T131/><D131/><U124/><E124/><V113/><F113/><W14/><AGARI ba="1,0" hai="4,10,14,89,93,96,104,105" m="9487,48139" machi="14" ten="30,4000,0" yaku="18,1,52,1,54,1" doraHai="3" who="3" fromWho="3" sc="310,-21,230,-11,230,-11,230,43" /><INIT seed="1,0,0,1,4,16" ten="289,219,219,273" oya="1" hai0="4,44,109,126,134,38,93,101,105,96,71,80,32" hai1="75,25,46,83,58,97,17,92,131,127,81,63,42" hai2="14,118,41,95,89,99,28,114,133,60,76,54,82" hai3="87,7,61,119,128,108,30,48,3,65,84,1,33"/><U15/><E127/><V20/><F118/><W43/><G119/><T67/><D126/><U129/><E25/><V86/><F114/><W110/><G128/><N who="1" m="49226" /><E75/><V37/><F133/><W36/><G48/><T31/><D4/><U40/><E58/><N who="2" m="34903" /><F37/><W29/><G84/><T8/><D8/><N who="1" m="6375" /><E63/><V56/><F41/><N who="1" m="15977" /><E46/><V18/><F28/><W88/><G43/><T34/><D44/><U10/><E10/><V115/><F115/><W66/><G36/><T68/><D38/><U130/><E130/><V132/><F132/><W49/><G49/><T69/><D34/><U107/><E107/><V124/><F124/><W122/><G122/><T120/><D31/><N who="3" m="11785" /><G33/><T98/><D32/><U21/><E21/><V26/><F56/><N who="3" m="37031" /><G7/><T55/><D134/><U104/><E104/><V64/><F14/><W70/><G66/><AGARI ba="0,0" hai="18,20,26,64,66,76,82,86,89,95,99" m="34903" machi="66" ten="30,3900,0" yaku="25,1,8,1,52,1" doraHai="16" who="2" fromWho="3" sc="289,0,219,0,219,39,273,-39" /><INIT seed="2,0,0,3,2,126" ten="289,219,258,234" oya="2" hai0="51,21,28,5,8,131,24,41,63,102,94,1,89" hai1="3,46,20,78,29,53,118,44,134,47,22,95,33" hai2="75,96,112,110,36,16,121,86,98,56,39,11,120" hai3="34,42,13,77,115,37,76,85,104,109,119,91,68"/><V18/><F112/><W79/><G119/><T111/><D102/><U124/><E124/><V57/><F75/><W30/><G115/><T54/><D111/><U92/><E118/><V64/><F86/><W7/><G68/><T10/><D10/><U43/><E3/><V62/><F11/><W66/><G66/><T116/><D116/><U52/><E134/><V72/><F72/><W113/><G104/><T50/><D41/><U26/><E78/><V27/><F27/><W2/><G2/><T88/><D89/><U83/><E83/><V0/><F64/><W123/><G113/><T133/><D133/><U23/><REACH who="1" step="1"/><E43/><REACH who="1" ten="289,209,258,234" step="2"/><V97/><F0/><W84/><G42/><T15/><D1/><U40/><E40/><V127/><F110/><W99/><G77/><T60/><D51/><U65/><E65/><V48/><F48/><W71/><G79/><T103/><D50/><U70/><E70/><V81/><F81/><W25/><G76/><T73/><D60/><U80/><E80/><V12/><F62/><W87/><G71/><T125/><D63/><U35/><E35/><V19/><F127/><W4/><G109/><T9/><D125/><U100/><E100/><V49/><F49/><W105/><G34/><T107/><D103/><U32/><E32/><V90/><F90/><W128/><G91/><T114/><D88/><U130/><E130/><V129/><F129/><W117/><G128/><T106/><D131/><U122/><E122/><N who="2" m="47211" /><F12/><W14/><G123/><T82/><D114/><U101/><E101/><V17/><N who="2" m="4096" /><DORA hai="6" /><V45/><F45/><W132/><G117/><RYUUKYOKU ba="0,1" sc="289,-15,209,15,258,15,234,-15" hai1="20,22,23,26,29,33,44,46,47,52,53,92,95" hai2="36,39,56,57,96,97,98" /><INIT seed="2,1,1,2,3,122" ten="274,224,273,219" oya="2" hai0="49,8,118,124,84,102,133,58,74,38,128,104,23" hai1="105,119,78,99,107,115,12,86,97,130,4,129,110" hai2="7,3,20,76,28,11,64,90,80,71,82,50,18" hai3="132,89,15,91,51,120,30,14,135,121,92,25,70"/><V10/><F28/><W22/><G70/><T88/><D38/><U56/><E119/><V65/><F71/><W36/><G36/><T44/><D74/><U57/><E115/><V45/><F11/><W42/><G120/><T1/><D118/><U114/><E114/><V27/><F90/><W68/><G68/><T59/><D124/><U52/><E110/><V98/><F98/><N who="1" m="37385" /><E86/><V67/><REACH who="2" step="1"/><F76/><REACH who="2" ten="274,224,263,219" step="2"/><W131/><G121/><T66/><D88/><N who="3" m="33865" /><G131/><T33/><D128/><U48/><E78/><V111/><F111/><W35/><G35/><T95/><D33/><U46/><E130/><V37/><F37/><W85/><G85/><T21/><D84/><U123/><E129/><V53/><AGARI ba="1,2" hai="3,7,10,18,20,27,45,50,53,64,65,67,80,82" machi="53" ten="30,3000,0" yaku="1,1,0,1,53,0" doraHai="122" doraHaiUra="81" who="2" fromWho="2" sc="274,-11,224,-11,263,53,219,-11" /><INIT seed="2,2,0,4,3,39" ten="263,213,316,208" oya="2" hai0="113,16,122,71,61,99,127,125,11,53,103,100,1" hai1="18,60,77,102,135,87,3,20,34,78,63,25,46" hai2="121,111,114,9,2,40,112,8,97,17,42,76,104" hai3="69,79,106,35,6,116,57,105,19,26,123,58,85"/><V98/><F2/><W84/><G6/><T51/><D122/><U74/><E34/><V88/><F104/><W37/><G37/><T115/><D61/><U10/><E74/><V4/><F76/><W64/><G69/><T44/><D71/><U32/><E32/><V92/><F121/><W12/><G116/><T75/><D75/><U70/><E102/><V52/><F111/><W21/><G123/><T13/><D1/><U120/><E120/><V72/><F72/><W36/><G36/><T132/><D132/><U54/><E135/><V68/><F68/><W124/><G124/><N who="0" m="47691" /><D103/><U65/><E87/><N who="2" m="52255" /><F4/><W90/><G79/><T126/><N who="0" m="47699" /><T22/><DORA hai="15" /><D22/><U95/><E95/><AGARI ba="2,0" hai="11,13,16,44,51,53,95,99,100,113,115" m="47699" machi="95" ten="40,5200,0" yaku="18,1,52,1,54,1" doraHai="39,15" who="0" fromWho="1" sc="263,58,213,-58,316,0,208,0" /><INIT seed="3,0,0,0,3,33" ten="321,155,316,208" oya="3" hai0="61,1,9,90,75,45,73,14,28,94,20,55,102" hai1="106,111,79,16,76,6,18,57,127,13,10,105,56" hai2="39,59,82,89,32,44,115,83,21,3,46,42,113" hai3="5,133,22,72,51,117,104,41,97,132,116,23,129"/><W95/><G104/><T37/><D102/><U69/><E69/><V0/><F32/><W60/><G72/><T63/><D37/><U71/><E71/><V92/><F21/><W68/><G5/><T134/><D134/><N who="3" m="51817" /><G129/><T52/><D1/><U66/><E127/><V70/><F70/><W103/><G22/><T29/><D75/><U38/><E38/><V87/><F46/><N who="3" m="26063" /><G23/><T27/><D73/><U31/><E31/><V54/><F82/><W126/><G126/><T15/><D29/><U125/><E125/><V67/><F67/><AGARI ba="0,0" hai="60,67,68,95,97,103,116,117" m="26063,51817" machi="67" ten="30,1500,0" yaku="20,1" doraHai="33" who="3" fromWho="2" sc="321,0,155,0,316,-15,208,15" /><INIT seed="3,1,0,2,1,32" ten="321,155,301,223" oya="3" hai0="54,13,71,88,3,102,66,74,46,48,123,12,81" hai1="128,11,31,57,79,127,77,100,72,129,92,130,84" hai2="83,39,104,87,131,44,16,58,22,96,134,18,105" hai3="125,8,6,33,117,9,27,133,45,70,29,49,23"/><W14/><G70/><T41/><D123/><U7/><E31/><V120/><F134/><W26/><G117/><T67/><D102/><U115/><E115/><V38/><F131/><W47/><G133/><T20/><D3/><U97/><E127/><V116/><F116/><W68/><G68/><T119/><D119/><U106/><E57/><V73/><F73/><W5/><G125/><T94/><D71/><U42/><E42/><V80/><F18/><W0/><REACH who="3" step="1"/><G49/><REACH who="3" ten="321,155,301,213" step="2"/><T25/><D48/><U4/><E72/><V60/><F120/><W103/><G103/><T59/><D74/><U89/><REACH who="1" step="1"/><E4/><REACH who="1" ten="321,145,301,213" step="2"/><V62/><F38/><W10/><G10/><T61/><D59/><U122/><E122/><V34/><F39/><W35/><G35/><T86/><D46/><U132/><E132/><V37/><F44/><W91/><G91/><T75/><D88/><U76/><E76/><V135/><F37/><W118/><G118/><T69/><D69/><U30/><E30/><AGARI ba="1,2" hai="0,5,6,8,9,14,23,26,27,29,30,33,45,47" machi="30" ten="30,5800,0" yaku="1,1,7,1,52,1,53,0" doraHai="32" doraHaiUra="113" who="3" fromWho="1" sc="321,0,145,-61,301,0,213,81" /><INIT seed="3,2,0,5,2,44" ten="321,84,301,294" oya="3" hai0="100,76,78,53,58,127,23,62,108,103,99,97,135" hai1="83,37,6,14,129,7,96,105,122,101,74,47,52" hai2="10,36,31,48,130,46,91,61,2,88,126,26,35" hai3="85,95,60,66,89,19,120,49,42,118,93,70,128"/><W9/><G118/><T113/><D108/><U25/><E122/><V21/><F36/><W81/><G120/><T133/><D127/><U77/><E129/><V79/><F130/><W92/><G128/><T69/><D69/><U29/><E14/><V55/><F126/><W45/><G19/><T24/><D113/><U33/><REACH who="1" step="1"/><E37/><REACH who="1" ten="321,74,301,294" step="2"/><V86/><F2/><W87/><REACH who="3" step="1"/><G9/><REACH who="3" ten="321,74,301,284" step="2"/><T16/><D135/><U50/><AGARI ba="2,2" hai="6,7,25,29,33,47,50,52,74,77,83,96,101,105" machi="50" ten="30,8000,1" yaku="1,1,2,1,0,1,52,1,54,1,53,0" doraHai="44" doraHaiUra="119" who="1" fromWho="1" sc="321,-22,74,106,301,-22,284,-42" /><INIT seed="4,0,0,4,5,108" ten="299,180,279,242" oya="0" hai0="24,98,125,111,15,16,105,107,33,59,27,70,129" hai1="126,92,103,20,69,12,36,29,22,75,76,130,96" hai2="6,18,93,132,53,17,63,97,54,37,118,79,28" hai3="41,5,124,43,13,49,134,133,19,21,106,95,91"/><T128/><D70/><U114/><E69/><V83/><F37/><W65/><G106/><T2/><D2/><U104/><E36/><V32/><F132/><N who="3" m="50795" /><G65/><T74/><D74/><U48/><E126/><V94/><F118/><W71/><G71/><T80/><D111/><U47/><E130/><N who="0" m="50281" /><D125/><U73/><E114/><V135/><F135/><W88/><G124/><T112/><D112/><U39/><E39/><V116/><F116/><W127/><G127/><T57/><D80/><U90/><E29/><V38/><F38/><W84/><G5/><T0/><D0/><U120/><E120/><V122/><F6/><W100/><G100/><N who="0" m="62615" /><D107/><U82/><E73/><V30/><F122/><W45/><G91/><T87/><D87/><U64/><E64/><V14/><F18/><W66/><G66/><T115/><D115/><U40/><E12/><V9/><F30/><W78/><G78/><T1/><D1/><U101/><E101/><V85/><F28/><W3/><G3/><T35/><D35/><U89/><E89/><V68/><F32/><W34/><G34/><T123/><D123/><U23/><E23/><V60/><F68/><W52/><AGARI ba="0,0" hai="13,19,21,41,43,45,49,52,84,88,95" m="50795" machi="52" ten="30,4000,0" yaku="20,1,54,2" doraHai="108" who="3" fromWho="3" sc="299,-20,180,-10,279,-10,242,40" /><INIT seed="5,0,0,1,3,9" ten="279,170,269,282" oya="1" hai0="119,110,108,88,46,76,20,99,53,38,70,32,14" hai1="74,10,90,33,127,87,121,2,31,44,78,42,66" hai2="11,73,52,56,65,118,93,41,22,15,95,37,103" hai3="36,24,12,84,109,120,123,97,113,96,0,18,16"/><U6/><E121/><V81/><F118/><W34/><G0/><T101/><D32/><U132/><E132/><V107/><F107/><W19/><G109/><T1/><D70/><U57/><E127/><V29/><F41/><W63/><G36/><T8/><D119/><U114/><E114/><V28/><F37/><W71/><G113/><T82/><D20/><U30/><E33/><V104/><F65/><W116/><G116/><T86/><D1/><U21/><E78/><V39/><F39/><W17/><G84/><T126/><D126/><U83/><E74/><V94/><F81/><W133/><G133/><T23/><D23/><U4/><E4/><N who="2" m="3559" /><F104/><W13/><G97/><T111/><D76/><U47/><E21/><V48/><F73/><W98/><G96/><T51/><D38/><U35/><E35/><V134/><F134/><W45/><G45/><T85/><D85/><U68/><E68/><V58/><F103/><W115/><G115/><T27/><D27/><U62/><REACH who="1" step="1"/><E47/><REACH who="1" ten="279,160,269,282" step="2"/><N who="2" m="27679" /><F22/><W130/><G120/><T80/><D108/><U102/><E102/><V26/><F26/><W3/><G123/><T106/><D80/><U50/><AGARI ba="0,1" hai="2,6,10,30,31,42,44,50,57,62,66,83,87,90" machi="50" ten="20,3900,0" yaku="1,1,0,1,7,1,53,0" doraHai="9" doraHaiUra="122" who="1" fromWho="1" sc="279,-13,160,49,269,-13,282,-13" /><INIT seed="5,1,0,2,0,76" ten="266,209,256,269" oya="1" hai0="86,94,17,1,43,36,53,134,117,48,124,68,39" hai1="32,95,100,52,24,3,37,109,46,101,25,96,15" hai2="133,135,97,71,41,5,122,7,31,77,70,69,61" hai3="63,4,120,130,126,33,64,6,47,85,103,81,113"/><U40/><E3/><V58/><F122/><W30/><G120/><T79/><D68/><U105/><E109/><V59/><F77/><W20/><G33/><T23/><D1/><U27/><E32/><V11/><F41/><W2/><G2/><T112/><D117/><U115/><E115/><V114/><F31/><W0/><G0/><T65/><D65/><U16/><E52/><N who="2" m="33991" /><F11/><W73/><G73/><T132/><D43/><U34/><E34/><V9/><F9/><W83/><G113/><T91/><D79/><U125/><E125/><V8/><F8/><W10/><G103/><T55/><D55/><U99/><REACH who="1" step="1"/><E15/><REACH who="1" ten="266,199,256,269" step="2"/><V72/><F114/><W98/><G64/><T110/><D110/><U14/><E14/><V13/><F13/><W21/><G126/><T54/><D54/><U26/><E26/><V51/><F5/><W67/><G67/><T78/><D124/><U102/><E102/><V66/><F7/><W108/><G108/><T92/><D112/><U131/><E131/><V128/><F128/><W29/><G130/><T62/><D53/><U129/><E129/><V111/><F111/><W127/><G127/><T12/><D12/><U119/><E119/><V80/><F66/><W88/><G6/><T50/><D62/><U104/><E104/><V49/><F59/><W82/><G4/><T28/><D23/><AGARI ba="1,1" hai="16,23,24,25,27,37,40,46,95,96,99,100,101,105" machi="23" ten="40,7700,0" yaku="1,1,54,1,53,1" doraHai="76" doraHaiUra="38" who="1" fromWho="0" sc="266,-80,199,90,256,0,269,0" /><INIT seed="5,2,0,5,0,85" ten="186,289,256,269" oya="1" hai0="133,22,117,73,18,135,70,120,78,10,86,49,92" hai1="15,66,110,129,108,5,89,95,79,109,132,104,122" hai2="26,12,44,1,59,64,62,99,124,94,37,77,130" hai3="52,93,126,35,25,7,87,16,68,113,100,97,131"/><U51/><E122/><V90/><F1/><W65/><G7/><T119/><D70/><U46/><E104/><V0/><F0/><W40/><G40/><T115/><D120/><U98/><E66/><V118/><F118/><W116/><G116/><T42/><D10/><N who="1" m="4559" /><E79/><V102/><F130/><W34/><G131/><T13/><D115/><U30/><E30/><V50/><F124/><W105/><G113/><T9/><D9/><U36/><E129/><V28/><F37/><W63/><G126/><T81/><D119/><U123/><E123/><V32/><F77/><W127/><G127/><T67/><D67/><U33/><E33/><V19/><F12/><W91/><REACH who="3" step="1"/><G52/><REACH who="3" ten="186,289,256,259" step="2"/><T27/><D117/><U58/><E110/><V84/><F19/><W54/><G54/><T76/><D42/><U39/><E109/><V74/><F74/><W8/><G8/><T103/><D49/><U121/><E51/><V106/><F50/><W53/><G53/><T88/><D135/><U83/><E132/><V17/><F17/><W57/><G57/><T134/><D73/><U72/><E72/><V48/><F48/><W3/><G3/><T2/><D2/><U41/><E41/><V20/><F44/><W11/><G11/><N who="0" m="6463" /><D134/><U4/><E108/><V69/><F59/><W55/><G55/><T14/><D133/><U60/><E121/><V71/><F71/><W61/><G61/><T31/><D14/><U111/><E111/><V75/><F75/><W45/><G45/><T112/><D112/><U107/><E46/><V6/><F6/><W24/><G24/><T96/><AGARI ba="2,1" hai="22,27,31,76,78,81,86,88,92,96,103" m="6463" machi="96" ten="30,7900,0" yaku="5,1,8,1,52,1,54,1" doraHai="85" who="0" fromWho="0" sc="186,95,289,-41,256,-22,259,-22" /><INIT seed="6,0,0,2,3,76" ten="281,248,234,237" oya="2" hai0="23,110,34,8,120,67,27,93,99,46,101,64,33" hai1="58,113,48,69,121,22,98,32,133,15,97,89,52" hai2="100,54,9,63,107,65,79,83,132,91,17,41,80" hai3="26,7,60,109,59,10,128,4,125,45,127,24,135"/><V118/><F118/><W37/><G109/><T102/><D110/><U28/><E113/><V66/><F132/><W70/><G70/><T122/><D8/><U68/><E133/><V88/><F100/><W94/><G135/><T31/><D101/><U20/><E121/><V55/><F107/><W130/><G94/><T50/><D34/><U14/><E32/><V61/><F41/><W82/><G82/><N who="2" m="31273" /><F79/><W11/><G45/><T13/><D33/><U78/><E78/><V114/><F114/><W35/><G37/><T131/><D102/><U19/><E89/><N who="2" m="34379" /><F55/><N who="3" m="33919" /><G35/><T5/><D120/><U6/><E52/><V126/><F126/><N who="3" m="48139" /><G11/><T95/><D122/><U119/><E119/><V18/><F54/><W1/><G7/><T16/><D5/><U86/><E6/><V36/><F36/><W71/><G71/><T29/><D95/><U56/><E69/><V103/><F103/><W62/><G62/><N who="2" m="23561" /><F9/><W3/><G3/><T38/><D93/><U77/><E77/><V73/><F73/><W85/><G85/><T49/><D38/><U134/><E86/><V40/><F40/><W112/><G112/><T25/><D99/><U39/><E98/><V2/><F2/><W47/><G47/><T44/><D44/><U106/><E97/><V115/><F115/><W117/><G117/><T43/><D46/><U81/><E134/><V129/><F129/><AGARI ba="0,0" hai="1,4,10,24,26,128,129,130" m="48139,33919" machi="129" ten="30,2000,0" yaku="19,1,18,1" doraHai="76" who="3" fromWho="2" sc="281,0,248,0,234,-20,237,20" /><INIT seed="7,0,0,4,5,75" ten="281,248,214,257" oya="3" hai0="83,71,120,94,122,92,19,123,16,116,103,55,39" hai1="86,121,110,90,32,0,8,28,56,25,5,117,36" hai2="125,81,131,2,45,20,115,6,97,95,111,52,112" hai3="42,99,124,46,47,49,18,132,50,40,23,109,101"/><W134/><G124/><T31/><D71/><U34/><E110/><V17/><F111/><W13/><REACH who="3" step="1"/><G109/><REACH who="3" ten="281,248,214,247" step="2"/><T21/><D120/><U65/><E121/><V4/><F125/><W67/><G67/><T38/><D122/><U96/><E65/><V24/><F131/><W84/><G84/><T127/><D127/><U74/><E86/><V91/><F2/><W79/><G79/><T26/><D123/><U118/><E0/><V130/><F130/><W85/><G85/><T100/><D116/><U70/><E117/><V69/><F81/><W29/><G29/><T22/><D31/><U73/><E28/><V11/><F69/><W108/><G108/><T33/><D83/><U126/><E70/><V30/><F115/><W77/><G77/><T105/><D105/><AGARI ba="0,1" hai="13,18,23,40,42,46,47,49,50,99,101,105,132,134" machi="105" ten="40,3900,0" yaku="1,1,9,1,53,0" doraHai="75" doraHaiUra="1" who="3" fromWho="0" sc="281,-39,248,0,214,0,247,49" /><INIT seed="7,1,0,1,4,69" ten="242,248,214,296" oya="3" hai0="115,8,134,4,111,128,107,24,29,55,70,129,108" hai1="17,15,125,89,64,121,46,67,91,120,95,31,124" hai2="20,11,75,93,86,38,30,40,98,47,12,26,88" hai3="72,103,2,6,13,123,68,57,0,80,45,56,132"/><W43/><G68/><T65/><D107/><U83/><E31/><V106/><F75/><W66/><G123/><T79/><D65/><N who="1" m="25163" /><E46/><V63/><F63/><W1/><G103/><T50/><D70/><U49/><E49/><V127/><F106/><W78/><G132/><T25/><D79/><U113/><E113/><V99/><REACH who="2" step="1"/><F127/><REACH who="2" ten="242,248,204,296" step="2"/><W3/><G66/><T73/><D73/><U61/><E61/><V87/><F87/><W81/><G81/><T71/><D111/><U36/><E83/><V104/><F104/><W94/><G94/><T92/><D92/><U48/><E95/><V37/><F37/><W51/><G0/><T39/><D108/><U135/><E125/><V41/><F41/><W74/><G72/><T21/><D39/><U82/><E36/><V54/><F54/><W22/><G74/><T10/><D55/><U109/><E109/><V60/><F60/><W42/><G80/><T53/><D53/><U18/><E82/><V7/><AGARI ba="1,1" hai="7,11,12,20,26,30,38,40,47,86,88,93,98,99" machi="7" ten="20,8000,1" yaku="1,1,0,1,7,1,52,1,54,1,53,0" doraHai="69" doraHaiUra="100" who="2" fromWho="2" sc="242,-21,248,-21,204,93,296,-41" /><INIT seed="8,0,0,5,1,67" ten="221,227,297,255" oya="0" hai0="103,102,122,135,87,71,45,80,4,111,106,13,88" hai1="53,97,59,2,19,25,44,133,84,120,38,43,49" hai2="34,94,32,12,35,93,21,83,70,3,127,110,6" hai3="124,33,76,42,20,5,65,114,79,18,107,121,131"/><T56/><D122/><U82/><E2/><V16/><F70/><W128/><G33/><T46/><D71/><U24/><E120/><V117/><F110/><W91/><G121/><T75/><D75/><U125/><E125/><V99/><F127/><W100/><G124/><T8/><D111/><U64/><E133/><V15/><F3/><W118/><G118/><T7/><D135/><U101/><E64/><V86/><F117/><W39/><G5/><T95/><D106/><U31/><E19/><V57/><F57/><W85/><G114/><T77/><D7/><U134/><E134/><V126/><F126/><W109/><G65/><T62/><D77/><U108/><E31/><V27/><F6/><W90/><G109/><T36/><D36/><U68/><E68/><V54/><F54/><W0/><G0/><T50/><D95/><U81/><E108/><V105/><F94/><W11/><G11/><T41/><D46/><U129/><E129/><N who="3" m="49738" /><G90/><T60/><D60/><U72/><E72/><V115/><F105/><W66/><G66/><AGARI ba="0,0" hai="4,8,13,41,45,50,56,62,66,80,87,88,102,103" machi="66" ten="30,5800,0" yaku="7,1,8,1,54,1" doraHai="67" who="0" fromWho="3" sc="221,58,227,0,297,0,255,-58" /><INIT seed="8,1,0,3,1,13" ten="279,227,297,197" oya="0" hai0="56,125,58,55,50,79,66,45,92,35,74,75,129" hai1="48,133,19,53,81,122,14,54,127,109,64,97,28" hai2="111,72,41,16,87,12,96,90,98,40,30,2,131" hai3="101,17,85,100,114,57,135,107,47,51,103,73,105"/><T76/><D35/><U68/><E109/><V27/><F131/><W102/><N who="3" m="25600" /><DORA hai="15" /><W63/><G73/><T21/><D125/><U49/><E97/><V6/><F6/><W7/><G114/><T94/><D129/><U89/><E127/><V67/><F2/><W112/><G112/><T34/><D34/><U4/><E28/><V52/><F67/><W69/><G69/><T43/><D66/><U106/><E106/><V23/><F72/><W11/><G135/><T46/><D21/><U32/><E32/><V86/><F86/><W80/><G7/><T120/><D120/><U113/><E4/><V95/><F111/><W36/><G36/><T108/><D108/><U37/><E37/><V124/><F124/><W132/><G132/><T93/><D75/><U10/><E133/><V44/><F52/><N who="1" m="20073" /><E68/><V83/><F44/><W116/><G116/><T18/><D46/><U60/><E113/><V78/><F98/><W77/><G57/><T33/><D58/><N who="1" m="36887" /><E122/><V31/><F31/><W115/><G63/><T119/><D33/><AGARI ba="1,0" hai="12,16,23,27,30,33,40,41,78,83,87,90,95,96" machi="33" ten="30,7700,0" yaku="7,1,52,2,54,1" doraHai="13,15" who="2" fromWho="0" sc="279,-80,227,0,297,80,197,0" owari="199,-20.0,227,3.0,377,47.0,197,-30.0" /></mjloggm>