<mjloggm ver="2.3"><GO type="225" lobby="0"/><UN n0="%6D%61%74%69%67%75%73%61" n1="%45%53%54%69" n2="%E5%B0%B1%E6%B4%BB%E7%94%9F%40%E5%B7%9D%E6%9D%91%E8%BB%8D%E5%9B%A3" n3="%E3%81%AA%E3%81%A3%E3%81%8D%E3%82%8A" dan="16,16,16,16" rate="2117.19,2125.58,2058.49,2092.63" sx="M,M,M,M"/><TAIKYOKU oya="0"/><INIT seed="0,0,0,0,1,114" ten="250,250,250,250" oya="0" hai0="130,80,104,69,103,134,109,44,92,47,77,127,3" hai1="36,115,79,111,65,87,19,4,108,37,70,6,66" hai2="17,51,102,97,13,41,5,84,0,95,85,11,20" hai3="63,29,14,26,39,128,131,135,75,118,82,91,23"/><T30/><D92/><U22/><E115/><V123/><REACH who="2" step="1"/><F123/><REACH who="2" ten="250,250,240,250" step="2"/><W99/><G131/><T8/><D130/><U107/><E111/><V18/><F18/><W100/><G128/><T35/><D109/><U76/><E108/><V72/><F72/><W113/><G75/><T62/><D134/><U60/><E19/><V133/><F133/><W94/><G135/><T121/><D121/><U57/><E4/><V56/><F56/><W81/><G113/><T28/><D69/><U71/><E6/><V68/><F68/><W101/><G101/><T98/><D103/><U40/><E57/><V132/><F132/><W48/><G100/><T117/><D127/><U89/><E71/><V31/><F31/><W33/><G29/><T7/><D30/><U53/><E70/><V58/><F58/><W59/><G59/><T90/><D28/><U45/><E45/><AGARI ba="0,1" hai="0,5,11,13,17,20,41,45,51,84,85,95,97,102" machi="45" ten="40,2600,0" yaku="21,2,53,0" doraHai="114" doraHaiUra="126" who="2" fromWho="1" sc="250,0,250,-26,240,36,250,0" /><INIT seed="1,0,0,2,5,24" ten="250,224,276,250" oya="1" hai0="105,58,84,81,50,6,110,9,95,125,56,94,90" hai1="129,106,3,83,77,112,75,101,120,2,124,102,69" hai2="8,61,4,32,76,65,111,43,55,67,122,57,70" hai3="128,92,33,19,16,109,86,119,123,21,54,36,35"/><U113/><E120/><V87/><F122/><W41/><G123/><T47/><D105/><U42/><E101/><V115/><F32/><W100/><G109/><T63/><D110/><U34/><E129/><V22/><F115/><N who="1" m="44105" /><E42/><V26/><F111/><W60/><G128/><T14/><D125/><U96/><E124/><V68/><F43/><W79/><G119/><T114/><D114/><U30/><E69/><V7/><F68/><W27/><G36/><T104/><D104/><U39/><E39/><V15/><F4/><W66/><G41/><N who="0" m="24943" /><D56/><U23/><E23/><V1/><F1/><W40/><G40/><T52/><AGARI ba="0,0" hai="6,9,14,52,58,63,81,84,90,94,95" m="24943" machi="52" ten="30,2000,0" yaku="8,1,54,1" doraHai="24" who="0" fromWho="0" sc="250,20,224,-10,276,-5,250,-5" /><INIT seed="2,0,0,3,2,17" ten="270,214,271,245" oya="2" hai0="88,22,75,43,125,29,16,77,57,12,128,35,124" hai1="45,28,3,108,106,92,13,86,48,25,122,133,52" hai2="93,74,120,73,37,33,94,51,135,129,131,104,112" hai3="103,118,97,63,85,21,18,27,36,39,65,4,117"/><V59/><F33/><W47/><G4/><T72/><D128/><N who="2" m="49226" /><F37/><W53/><G36/><T55/><D43/><U101/><E3/><V14/><F120/><W67/><G85/><T113/><D113/><U69/><E69/><V7/><F104/><W115/><G115/><T56/><D77/><U23/><E122/><V40/><F135/><W79/><G79/><T95/><D29/><U78/><E133/><V11/><F112/><W102/><G102/><T5/><D5/><U50/><E108/><V6/><F6/><W105/><G67/><T10/><D35/><U19/><E106/><V15/><F15/><W41/><REACH who="3" step="1"/><G53/><REACH who="3" ten="270,214,271,235" step="2"/><T46/><D55/><N who="1" m="30095" /><E78/><V0/><F0/><W44/><G44/><T38/><D46/><N who="1" m="27735" /><E86/><V90/><F74/><W89/><G89/><T34/><D38/><U2/><E2/><V130/><F73/><W71/><AGARI ba="0,1" hai="18,21,27,39,41,47,63,65,71,97,103,105,117,118" machi="71" ten="20,5200,0" yaku="1,1,0,1,7,1,52,1,53,0" doraHai="17" doraHaiUra="134" who="3" fromWho="3" sc="270,-13,214,-13,271,-26,235,62" /><INIT seed="3,0,0,2,3,87" ten="257,201,245,297" oya="3" hai0="124,34,21,42,115,32,51,71,31,97,88,78,23" hai1="109,120,58,100,108,48,111,121,96,18,95,26,22" hai2="17,128,69,5,64,52,92,6,118,33,29,46,122" hai3="63,116,104,131,98,72,134,77,113,2,47,125,54"/><W66/><G116/><T106/><D71/><U93/><REACH who="1" step="1"/><E93/><REACH who="1" ten="257,191,245,297" step="2"/><V19/><F118/><W30/><G104/><T76/><D106/><U70/><E70/><V13/><F122/><W10/><G125/><T94/><D124/><U107/><E107/><V20/><F128/><W74/><G131/><T102/><D115/><U60/><E60/><V114/><F114/><W110/><G63/><T73/><D94/><U14/><E14/><N who="2" m="9271" /><F69/><W15/><G113/><T112/><D112/><U67/><E67/><V12/><F64/><W50/><G66/><T132/><D132/><U81/><E81/><V7/><F33/><W85/><G134/><T99/><D34/><U36/><E36/><V129/><F129/><W130/><G130/><T53/><D32/><U75/><E75/><V49/><F29/><W119/><G72/><T59/><D31/><U90/><E90/><V103/><F19/><W101/><G74/><T9/><D88/><U89/><E89/><V86/><F86/><W82/><G30/><T37/><D73/><U80/><E80/><V24/><F24/><W133/><G119/><T38/><D38/><U3/><E3/><V25/><F25/><W57/><G133/><T126/><D37/><U91/><E91/><V68/><F68/><W35/><G2/><T27/><D126/><U135/><E135/><V79/><F79/><W84/><G35/><T55/><D27/><U123/><E123/><V1/><F1/><W44/><G84/><T83/><D83/><U39/><E39/><V65/><F65/><W45/><G82/><T16/><D16/><U8/><E8/><RYUUKYOKU ba="0,1" sc="257,-15,191,15,245,15,297,-15" hai1="18,22,26,48,58,95,96,100,108,109,111,120,121" hai2="5,6,7,12,13,46,49,52,92,103" /><INIT seed="4,1,1,3,1,110" ten="242,206,260,282" oya="0" hai0="106,2,31,109,58,76,93,72,10,63,133,85,39" hai1="54,129,88,51,113,24,124,127,115,46,107,41,22" hai2="125,59,94,117,90,122,20,7,134,120,55,29,80" hai3="14,8,103,135,74,47,16,57,19,33,108,0,97"/><T35/><D106/><U101/><E129/><V118/><F7/><N who="3" m="3359" /><G33/><T17/><D39/><U66/><E66/><V126/><F134/><W71/><G74/><T37/><D37/><U131/><E131/><V82/><F20/><W70/><G70/><T34/><D72/><U40/><E101/><V21/><F21/><W91/><G71/><T25/><D34/><U104/><E104/><V53/><F29/><W28/><G0/><T114/><D133/><U38/><E107/><V43/><F43/><N who="1" m="16457" /><E38/><V32/><F59/><W86/><G28/><T98/><D109/><U11/><E11/><V123/><F32/><W81/><G47/><T13/><D2/><U36/><E36/><V65/><F65/><W27/><G27/><T45/><D45/><U42/><N who="1" m="16465" /><U4/><DORA hai="112" /><E4/><V60/><F60/><W89/><G103/><T87/><D76/><U116/><E88/><V26/><F26/><W52/><G108/><T56/><D56/><U5/><E5/><V75/><F55/><W61/><G135/><T92/><D92/><AGARI ba="1,1" hai="16,19,52,57,61,81,86,89,91,92,97" m="3359" machi="92" ten="30,3900,0" yaku="8,1,54,2" doraHai="110,112" who="3" fromWho="0" sc="242,-42,206,0,260,0,282,52" owari="200,-30.0,206,-19.0,260,6.0,334,43.0" /></mjloggm>