<mjloggm ver="2.3"><GO type="97" lobby="0"/><UN n0="%6D%69%79%61%6B%69" n1="%4F%72%66%65%76%72%65" n2="%E3%83%88%E3%83%88%E3%83%AA%E5%85%88%E7%94%9F%31%39%E6%AD%B3" n3="%43%56%EF%BC%9A%E9%98%BF%E6%BE%84%E4%BD%B3%E5%A5%88" dan="14,13,15,13" rate="1942.86,1939.81,2084.22,1882.68" sx="M,M,F,F"/><TAIKYOKU oya="0"/><INIT seed="0,0,0,0,3,88" ten="250,250,250,250" oya="0" hai0="4,79,12,115,101,110,129,37,51,22,96,94,92" hai1="65,47,32,14,124,13,41,62,40,135,107,19,89" hai2="104,63,53,112,9,126,85,5,56,130,120,52,133" hai3="76,95,24,81,78,108,26,113,38,21,102,75,44"/><T27/><D115/><U122/><E107/><V127/><F112/><W84/><G108/><T68/><D68/><U66/><E32/><V55/><F104/><W18/><G113/><T10/><D37/><U33/><E122/><V69/><F120/><W82/><G38/><T103/><D129/><U11/><E33/><V86/><F130/><W57/><G44/><T131/><D110/><U93/><E135/><V16/><F69/><W45/><G45/><T58/><D131/><U20/><E124/><N who="2" m="47659" /><F133/><W123/><G57/><T25/><D79/><U7/><E41/><V83/><F16/><W111/><G111/><T121/><D121/><U132/><E62/><V119/><F119/><W105/><G105/><T109/><D109/><U106/><E106/><V87/><F83/><W117/><G117/><T39/><D39/><U99/><REACH who="1" step="1"/><E132/><REACH who="1" ten="250,240,250,250" step="2"/><V60/><F60/><W49/><G123/><T90/><D22/><U64/><E64/><V54/><F55/><W134/><G134/><T72/><D72/><U73/><E73/><V36/><F36/><AGARI ba="0,1" hai="7,11,13,14,19,20,36,40,47,65,66,89,93,99" machi="36" ten="30,3900,0" yaku="1,1,7,1,52,1,53,0" doraHai="88" doraHaiUra="35" who="1" fromWho="2" sc="250,0,240,49,250,-39,250,0" /><INIT seed="1,0,0,5,2,134" ten="250,289,211,250" oya="1" hai0="83,34,105,113,97,95,8,2,48,120,20,81,52" hai1="25,86,60,6,116,3,40,104,112,109,84,21,59" hai2="29,22,100,12,5,33,30,42,47,110,15,101,64" hai3="18,122,36,38,58,118,91,51,66,71,63,57,13"/><U11/><E104/><V130/><F110/><W9/><G122/><T14/><D34/><U54/><E116/><V119/><F119/><W41/><G118/><T45/><D113/><U53/><E109/><V72/><F72/><W37/><REACH who="3" step="1"/><G91/><REACH who="3" ten="250,289,211,240" step="2"/><N who="0" m="55551" /><D120/><U56/><E112/><V26/><F130/><W87/><G87/><T128/><D128/><U69/><E69/><V78/><F101/><W65/><G65/><T49/><D105/><U35/><E35/><V129/><F129/><W43/><G43/><N who="0" m="24639" /><D2/><U24/><E40/><V74/><F100/><W61/><G61/><T123/><D123/><U75/><E75/><V114/><F114/><W73/><G73/><T28/><D28/><U46/><E86/><V31/><F64/><W50/><G50/><T121/><D121/><U32/><E84/><V115/><F115/><W125/><G125/><T4/><D20/><U77/><E32/><V7/><F33/><W135/><G135/><T94/><D94/><U98/><E21/><V99/><F31/><W16/><G16/><T82/><D82/><U103/><E77/><V127/><F30/><W1/><G1/><T131/><D131/><U17/><E17/><V23/><F23/><W96/><G96/><T132/><D132/><U10/><E60/><V117/><F99/><W68/><G68/><T111/><D111/><U126/><E98/><V85/><F74/><W92/><G92/><T79/><D79/><U67/><E126/><V93/><F127/><W80/><G80/><T106/><D106/><U133/><E133/><V90/><F78/><W76/><G76/><T44/><AGARI ba="0,1" hai="4,8,14,44,49,52,81,83" m="24639,55551" machi="44" ten="30,4000,0" yaku="5,1,8,1,54,1" doraHai="134" who="0" fromWho="0" sc="250,50,289,-20,211,-10,240,-10" /><INIT seed="2,0,0,2,5,28" ten="300,269,201,230" oya="2" hai0="8,62,120,117,80,27,79,116,92,123,57,55,96" hai1="100,40,4,125,52,6,48,37,23,76,84,17,68" hai2="2,66,45,67,112,101,18,41,11,39,7,121,46" hai3="107,89,74,0,126,131,130,87,5,1,129,118,50"/><V133/><F112/><W36/><G74/><T73/><D8/><U31/><E68/><V91/><F121/><W64/><G36/><T113/><D113/><U49/><E31/><V12/><F133/><W94/><G107/><T119/><REACH who="0" step="1"/><D27/><REACH who="0" ten="290,269,201,230" step="2"/><N who="1" m="14831" /><E37/><V65/><F101/><AGARI ba="0,1" hai="55,57,62,73,79,80,92,96,101,116,117,119,120,123" machi="101" ten="40,2600,0" yaku="1,1,12,1,53,0" doraHai="28" doraHaiUra="29" who="0" fromWho="2" sc="290,36,269,0,201,-26,230,0" /><INIT seed="3,0,0,2,3,19" ten="326,269,175,230" oya="3" hai0="63,70,131,51,124,12,116,21,57,27,8,48,86" hai1="6,115,33,7,98,29,45,30,76,42,28,126,109" hai2="85,118,75,50,20,4,96,91,73,34,90,60,134" hai3="49,44,99,77,80,107,117,94,97,61,53,95,108"/><W114/><G117/><T121/><D70/><U89/><E33/><V128/><F118/><W62/><G114/><T5/><D121/><U1/><E115/><V130/><F34/><W100/><G107/><T13/><D131/><U81/><E126/><V41/><F4/><W18/><G108/><T59/><D12/><U36/><E1/><V119/><F60/><W93/><G18/><N who="0" m="12727" /><D124/><U10/><E10/><V26/><F119/><W67/><G67/><N who="0" m="39407" /><D116/><U22/><E109/><V82/><F134/><W58/><G44/><T55/><D86/><U106/><E22/><V2/><F2/><W79/><G79/><T68/><D68/><U110/><E110/><V56/><F96/><W65/><G65/><T102/><D102/><U120/><E120/><V104/><F104/><W15/><G15/><T78/><D78/><U0/><E0/><V72/><F91/><W32/><G32/><T16/><D5/><U111/><E111/><V87/><F87/><N who="3" m="48527" /><G95/><T125/><D125/><U83/><E83/><V101/><F101/><AGARI ba="0,0" hai="49,53,58,61,62,93,94,97,99,100,101" m="48527" machi="101" ten="30,1500,0" yaku="8,1" doraHai="19" who="3" fromWho="2" sc="326,0,269,0,175,-15,230,15" /><INIT seed="3,1,0,0,4,38" ten="326,269,160,245" oya="3" hai0="102,115,123,81,110,53,77,31,55,91,0,27,30" hai1="9,23,74,70,13,135,90,45,26,60,42,108,133" hai2="5,12,50,63,51,37,105,24,73,118,116,114,79" hai3="121,127,71,49,64,93,75,109,57,17,47,125,82"/><W124/><G121/><T7/><D110/><U61/><E74/><V16/><F114/><W39/><G109/><T92/><D123/><U119/><E108/><V29/><F105/><W99/><G39/><T100/><D0/><U101/><E101/><N who="0" m="39017" /><D7/><U28/><E119/><V44/><F5/><W126/><N who="3" m="31744" /><DORA hai="48" /><W84/><G75/><T103/><N who="0" m="39025" /><T69/><DORA hai="54" /><D69/><U4/><E90/><V59/><F37/><W134/><G134/><T32/><D32/><U56/><E70/><V65/><F79/><N who="3" m="46175" /><G71/><T3/><D3/><U86/><E86/><V62/><F62/><N who="3" m="37967" /><G17/><T66/><D66/><U2/><E2/><V122/><F122/><W22/><G22/><N who="0" m="15735" /><D81/><U76/><E76/><V46/><F73/><W72/><G72/><T40/><D77/><U98/><E98/><V129/><F129/><W8/><G8/><T36/><D31/><U104/><E104/><V34/><F50/><W120/><G120/><T111/><D111/><U68/><E68/><V80/><F80/><W10/><G10/><T96/><D36/><U89/><E61/><V6/><F6/><W83/><G83/><T20/><D20/><U87/><E135/><V112/><F112/><W94/><G99/><T11/><D11/><U113/><E133/><V41/><F46/><W21/><G21/><AGARI ba="1,0" hai="12,16,21,24,29,34,41,44,51,59,63,65,116,118" machi="21" ten="30,7700,0" yaku="7,1,52,2,54,1" doraHai="38,48,54" who="2" fromWho="3" sc="326,0,269,0,160,80,245,-80" owari="326,42.0,269,7.0,240,-16.0,165,-33.0" /></mjloggm>