<mjloggm ver="2.3"><GO type="41" lobby="0"/><UN n0="%E5%B0%B1%E6%B4%BB%E7%94%9F%40%E5%B7%9D%E6%9D%91%E8%BB%8D%E5%9B%A3" n1="%68%74%63%66" n2="%67%75%70%69%70%69%70%69" n3="%E7%B4%AB%E6%9A%9D" dan="14,16,14,13" rate="1974.59,2075.87,1941.74,1953.05" sx="M,M,M,F"/><TAIKYOKU oya="0"/><INIT seed="0,0,0,3,3,126" ten="250,250,250,250" oya="0" hai0="85,131,25,117,97,108,31,130,72,75,107,13,50" hai1="63,36,77,76,104,116,125,120,103,92,118,19,45" hai2="132,7,42,84,93,94,17,11,113,121,2,6,99" hai3="83,16,48,4,82,70,62,41,22,8,9,86,40"/><T61/><D117/><U20/><E125/><V112/><F113/><W127/><G127/><T26/><D108/><U64/><E120/><V14/><F112/><W106/><G106/><T133/><D133/><U128/><E104/><V58/><F121/><W24/><G70/><T52/><D61/><U10/><E10/><V34/><F34/><W73/><G62/><T129/><D85/><U54/><E77/><V29/><F29/><W47/><G40/><T56/><D13/><U35/><E35/><V37/><F132/><W111/><G111/><T89/><D26/><U21/><E21/><V105/><F6/><W109/><G109/><T28/><D28/><U78/><E76/><V38/><F105/><W80/><G73/><T59/><D59/><U23/><E20/><V32/><F32/><W81/><REACH who="3" step="1"/><G4/><REACH who="3" ten="250,250,250,240" step="2"/><T68/><D68/><U12/><E63/><V123/><F123/><W124/><G124/><T55/><D55/><U98/><E118/><V15/><F42/><W65/><G65/><T102/><D89/><AGARI ba="0,1" hai="8,9,16,22,24,41,47,48,80,81,82,83,86,89" machi="89" ten="40,5200,0" yaku="1,1,8,1,54,1,53,0" doraHai="126" doraHaiUra="122" who="3" fromWho="0" sc="250,-52,250,0,250,0,240,62" /><INIT seed="1,0,0,2,3,130" ten="198,250,250,302" oya="1" hai0="109,42,56,53,134,14,128,103,61,135,27,24,113" hai1="82,101,16,44,28,118,87,4,64,23,67,43,2" hai2="104,55,110,96,85,120,40,73,10,50,90,78,132" hai3="5,125,74,84,76,37,25,3,57,34,36,19,59"/><U8/><E118/><V58/><F120/><W38/><G74/><T32/><D128/><U0/><E0/><V119/><F119/><W49/><G125/><T94/><D113/><U13/><E101/><V22/><F110/><W65/><G3/><T75/><D75/><U68/><E68/><V117/><F117/><W86/><G5/><T26/><D109/><U108/><E108/><V71/><F71/><W124/><G124/><T51/><D32/><U20/><E20/><V9/><F132/><N who="0" m="50730" /><D14/><U11/><E11/><V116/><F116/><W41/><G34/><T39/><D39/><U69/><E28/><V114/><F114/><W106/><G106/><T126/><D126/><U131/><E69/><V35/><F35/><W97/><G97/><N who="0" m="59831" /><D42/><U95/><E95/><V62/><F73/><W107/><G107/><T33/><D33/><U81/><E131/><V115/><F115/><W100/><G100/><T72/><D72/><U89/><E82/><V112/><F112/><W63/><G76/><T105/><D105/><U133/><E133/><V83/><F78/><W102/><G102/><T66/><D27/><U12/><E2/><V47/><F104/><W127/><G127/><T80/><D80/><U15/><E12/><V18/><F96/><W17/><G25/><AGARI ba="0,0" hai="9,10,18,22,25,40,47,50,55,58,62,83,85,90" machi="25" ten="30,2000,0" yaku="7,1,8,1" doraHai="130" who="2" fromWho="3" sc="198,0,250,0,250,20,302,-20" /><INIT seed="2,0,0,3,1,15" ten="198,250,270,282" oya="2" hai0="82,104,135,85,91,34,63,117,100,51,42,98,12" hai1="37,127,77,58,84,126,95,32,28,13,6,68,27" hai2="4,132,97,18,118,92,80,89,62,71,78,14,2" hai3="66,16,129,50,134,64,19,114,54,24,116,30,40"/><V3/><F118/><W124/><G116/><T41/><D135/><U121/><E68/><V88/><F132/><W115/><G134/><T123/><D123/><U93/><E37/><V55/><F89/><W122/><G122/><T67/><D34/><U107/><E107/><V7/><F3/><W109/><G109/><T49/><D117/><U69/><E69/><V75/><F2/><W113/><G124/><T76/><D51/><U9/><E58/><V65/><REACH who="2" step="1"/><F55/><REACH who="2" ten="198,250,260,282" step="2"/><W17/><G40/><T22/><D91/><U57/><E121/><V120/><F120/><W90/><G90/><T81/><D81/><U47/><E127/><V130/><F130/><W112/><G129/><T103/><D103/><U110/><E126/><V94/><F94/><W83/><G83/><T79/><D79/><U8/><E93/><V74/><F74/><W46/><G112/><T11/><D82/><U20/><E95/><V102/><F102/><W86/><REACH who="3" step="1"/><G86/><REACH who="3" ten="198,250,260,272" step="2"/><T36/><D85/><U38/><E84/><V29/><F29/><W101/><G101/><T56/><D76/><U72/><E28/><V131/><F131/><W45/><G45/><T70/><D100/><U10/><E47/><V26/><F26/><W73/><G73/><T60/><D104/><U53/><E27/><V119/><F119/><W48/><G48/><T96/><D49/><U108/><E72/><V5/><F5/><W25/><G25/><T1/><D36/><U43/><E6/><V31/><F31/><W87/><G87/><T99/><D60/><U23/><E38/><V125/><F125/><W35/><AGARI ba="0,2" hai="16,17,19,24,30,35,46,50,54,64,66,113,114,115" machi="35" ten="40,16000,3" yaku="1,1,5,1,0,1,11,1,52,3,54,1,53,0" doraHai="15" doraHaiUra="128" who="3" fromWho="3" sc="198,-40,250,-40,260,-80,272,180" /><INIT seed="3,0,0,0,3,29" ten="158,210,180,452" oya="3" hai0="88,97,56,92,57,37,7,48,11,25,42,27,64" hai1="76,120,36,135,55,16,21,75,83,54,32,134,82" hai2="4,77,73,113,45,122,104,65,101,112,105,50,85" hai3="41,129,12,71,86,110,119,124,35,109,121,81,52"/><W87/><G119/><T15/><D37/><U24/><E36/><V84/><F4/><W5/><G121/><T51/><D51/><U10/><E120/><V80/><F65/><W107/><G107/><T72/><D72/><U74/><E10/><V66/><F66/><W1/><G71/><T38/><D38/><U128/><E128/><V127/><F122/><W23/><G129/><T118/><D118/><U44/><E44/><V60/><F60/><W106/><G106/><N who="2" m="41065" /><F50/><W9/><G41/><T114/><D114/><N who="2" m="44138" /><F45/><W53/><G124/><T2/><D2/><U40/><E32/><V69/><F69/><W18/><G35/><T91/><D91/><U94/><E40/><V3/><F3/><W123/><G123/><T133/><D133/><U79/><REACH who="1" step="1"/><E94/><REACH who="1" ten="158,200,180,452" step="2"/><V47/><F47/><W34/><G34/><T96/><D42/><U116/><E116/><V43/><F43/><W99/><G1/><T49/><D57/><U67/><E67/><V13/><F127/><W126/><G126/><T31/><D56/><U93/><E93/><V102/><F13/><W108/><G81/><T130/><D64/><U89/><E89/><V62/><F62/><W58/><G108/><T46/><D130/><U8/><E8/><V117/><F117/><W6/><G109/><T14/><D14/><U22/><E22/><V132/><F132/><AGARI ba="0,1" hai="16,21,24,54,55,74,75,76,79,82,83,132,134,135" machi="132" ten="40,8000,1" yaku="1,1,9,1,20,1,54,1,53,0" doraHai="29" doraHaiUra="115" who="1" fromWho="2" sc="158,0,200,90,180,-80,452,0" /><INIT seed="4,0,0,3,3,112" ten="158,290,100,452" oya="0" hai0="82,71,8,132,134,86,104,23,133,53,90,110,98" hai1="16,79,58,65,111,77,99,108,120,55,33,80,68" hai2="15,51,106,78,22,24,92,6,60,75,44,115,31" hai3="2,48,41,88,19,42,114,26,49,61,84,54,39"/><T109/><D71/><U10/><E33/><V131/><F106/><W116/><G2/><T87/><D8/><U45/><E120/><V20/><F131/><W85/><G114/><T96/><D23/><U59/><E68/><V27/><F115/><W38/><G19/><T40/><D40/><U36/><E65/><V117/><F117/><W34/><G34/><T29/><D29/><U118/><E118/><V11/><F60/><W62/><G26/><T56/><D87/><U76/><E80/><V66/><F66/><W119/><G54/><T17/><D17/><U126/><E99/><V35/><F75/><W81/><G81/><T135/><N who="0" m="34304" /><DORA hai="73" /><T97/><REACH who="0" step="1"/><D104/><REACH who="0" ten="148,290,100,452" step="2"/><U121/><E16/><V100/><F78/><W30/><G30/><T122/><D122/><U32/><E10/><V102/><F35/><W64/><G41/><T125/><D125/><U1/><E32/><V7/><F7/><W130/><G42/><T94/><D94/><U69/><E69/><V83/><F83/><W9/><G9/><T57/><D57/><U72/><E121/><V124/><F124/><W4/><G84/><T50/><AGARI ba="0,1" hai="50,53,56,82,86,90,96,97,98,109,110" m="34304" machi="50" ten="60,18000,2" yaku="1,1,0,1,20,1,53,3" doraHai="112,73" doraHaiUra="107,95" who="0" fromWho="0" sc="148,190,290,-60,100,-60,452,-60" /><INIT seed="4,1,0,5,0,71" ten="338,230,40,392" oya="0" hai0="46,50,58,87,19,73,130,52,65,64,54,134,77" hai1="85,56,112,37,76,66,128,121,25,41,44,78,11" hai2="124,116,62,129,10,38,132,22,133,27,26,17,16" hai3="1,70,63,135,86,20,9,69,4,114,91,49,51"/><T123/><D73/><U43/><E121/><V94/><F124/><W99/><G114/><T60/><D123/><U31/><E128/><V83/><F129/><W28/><G99/><T88/><D77/><U96/><E96/><V102/><F116/><W61/><G135/><T111/><D134/><N who="2" m="51818" /><F83/><W95/><G70/><T5/><D5/><U92/><E11/><V39/><F62/><W45/><G69/><T98/><D98/><U68/><E68/><V67/><F67/><W74/><G74/><T79/><D79/><U109/><E43/><V42/><F42/><W72/><G72/><T106/><D106/><U97/><E109/><V0/><F102/><W29/><G51/><T107/><D107/><U8/><E8/><V81/><F81/><W125/><G125/><T47/><D130/><U55/><E85/><V104/><F104/><W118/><G29/><T84/><D111/><U6/><E6/><N who="2" m="1351" /><F94/><W30/><G30/><T21/><D47/><U100/><E112/><V15/><F27/><W131/><G118/><T108/><D108/><U82/><E82/><V101/><F101/><W35/><G131/><T80/><D87/><U40/><E40/><V18/><F18/><W59/><G45/><T110/><D110/><U113/><E113/><V93/><F93/><W115/><G115/><T23/><D23/><AGARI ba="1,0" hai="15,16,17,22,23,26,38,39" m="1351,51818" machi="23" ten="30,7700,0" yaku="20,1,52,2,54,1" doraHai="71" who="2" fromWho="0" sc="338,-80,230,0,40,80,392,0" /><INIT seed="5,0,0,0,4,36" ten="258,230,120,392" oya="1" hai0="28,115,53,87,77,47,11,9,0,30,38,114,97" hai1="46,81,39,125,67,27,92,22,18,64,76,83,74" hai2="55,57,120,128,52,51,71,61,35,89,106,23,56" hai3="127,8,119,3,42,20,82,85,26,24,123,135,134"/><U13/><E125/><V15/><F35/><W75/><G75/><T69/><D69/><U2/><E2/><V62/><F106/><W72/><G72/><T133/><D133/><N who="3" m="50697" /><G123/><T44/><D97/><U93/><E83/><V6/><F120/><W108/><G108/><T73/><D47/><U49/><E39/><V113/><F128/><W31/><G127/><T94/><D73/><U126/><E126/><V101/><F101/><W17/><G119/><T37/><D37/><U45/><E45/><V100/><F100/><W14/><G42/><N who="0" m="22615" /><D53/><U43/><REACH who="1" step="1"/><E27/><REACH who="1" ten="258,220,120,392" step="2"/><V60/><F71/><W88/><G26/><T107/><D0/><AGARI ba="0,1" hai="0,3,8,14,17,20,24,31,82,85,88" m="50697" machi="0" ten="30,2000,0" yaku="20,1,54,1" doraHai="36" who="3" fromWho="0" sc="258,-20,220,0,120,0,392,30" /><INIT seed="6,0,0,0,2,21" ten="238,220,120,422" oya="2" hai0="133,111,57,11,92,78,112,17,68,9,58,129,103" hai1="1,26,83,108,66,120,33,39,104,32,115,125,94" hai2="100,40,91,54,13,77,12,63,116,118,123,52,10" hai3="72,76,19,73,16,41,132,28,6,97,122,65,23"/><V49/><F123/><W89/><G122/><T101/><D68/><U131/><RYUUKYOKU type="yao9" ba="0,0" sc="238,0,220,0,120,0,422,0" hai1="1,26,32,33,39,66,83,94,104,108,115,120,125,131" /><INIT seed="6,1,0,2,5,57" ten="238,220,120,422" oya="2" hai0="89,111,46,80,39,54,51,49,121,42,18,10,95" hai1="50,21,100,70,59,128,123,63,55,131,17,103,62" hai2="13,78,112,20,119,81,22,102,38,8,116,125,34" hai3="94,71,14,133,96,122,104,53,64,129,134,85,40"/><V4/><F34/><W41/><G122/><T56/><D121/><U26/><E123/><V61/><F112/><W76/><G104/><T60/><D111/><U23/><E23/><V44/><F125/><W36/><G129/><T93/><D80/><U73/><E73/><V117/><F102/><W105/><G105/><T118/><D118/><U16/><E17/><V110/><F110/><W28/><G28/><T90/><D10/><U91/><E91/><V98/><F98/><W115/><G115/><T24/><D18/><U52/><E55/><V88/><F61/><N who="3" m="40335" /><G14/><T1/><D24/><U5/><E5/><V132/><F132/><N who="3" m="50795" /><G36/><T92/><D1/><U65/><REACH who="1" step="1"/><E50/><REACH who="1" ten="238,210,120,422" step="2"/><V30/><F30/><W3/><G53/><N who="0" m="33807" /><D39/><U12/><E12/><V109/><F109/><W43/><G3/><T2/><D2/><U75/><E75/><V82/><F88/><N who="0" m="33898" /><D51/><U9/><E9/><V27/><F78/><W69/><G76/><T15/><D15/><U74/><E74/><V124/><F124/><W35/><G35/><T77/><D77/><U37/><E37/><V67/><F67/><W87/><G69/><T97/><D54/><U66/><E66/><V0/><F0/><W79/><G79/><T106/><D49/><U33/><E33/><V86/><F86/><W58/><G85/><T48/><D97/><U32/><E32/><V45/><F38/><W108/><G87/><T84/><D84/><U127/><E127/><V135/><F135/><W83/><G108/><T126/><D126/><U7/><E7/><V101/><F101/><AGARI ba="1,1" hai="16,21,26,52,59,62,63,65,70,100,101,103,128,131" machi="101" ten="40,8000,1" yaku="1,1,52,2,54,2,53,0" doraHai="57" doraHaiUra="25" who="1" fromWho="2" sc="238,0,210,93,120,-83,422,0" /><INIT seed="7,0,0,3,5,84" ten="238,303,37,422" oya="3" hai0="59,30,106,10,4,79,27,71,118,63,62,67,11" hai1="124,65,119,56,8,19,111,92,43,109,40,31,128" hai2="104,32,85,46,25,26,127,115,45,78,81,6,105" hai3="76,57,86,5,22,49,73,120,42,16,103,107,13"/><W88/><G120/><T96/><D118/><U99/><E119/><V55/><F115/><W100/><G107/><T89/><D79/><U113/><E113/><V133/><F133/><W101/><G5/><T108/><D108/><U110/><E31/><V114/><F114/><W20/><G73/><T64/><D4/><U50/><E128/><V23/><F127/><W2/><G76/><T37/><D37/><U97/><E97/><V66/><F6/><W14/><G2/><T75/><D75/><U61/><E124/><V72/><F66/><W35/><G35/><T33/><REACH who="0" step="1"/><D89/><REACH who="0" ten="228,303,37,422" step="2"/><U28/><E110/><V98/><F26/><N who="3" m="14599" /><G103/><AGARI ba="0,1" hai="10,11,27,30,33,59,62,63,64,67,71,96,103,106" machi="103" ten="40,5200,0" yaku="1,1,25,2,53,0" doraHai="84" doraHaiUra="44" who="0" fromWho="3" sc="228,62,303,0,37,0,422,-52" owari="290,-11.0,303,10.0,37,-46.0,370,47.0" /></mjloggm>