<mjloggm ver="2.3"><GO type="169" lobby="0"/><UN n0="%E7%86%8A%E7%8C%AB%E5%8C%96%E9%9B%AA" n1="%E3%82%A6%E3%83%AB%E3%83%88%E3%83%A9%E7%AB%8B%E7%9B%B4" n2="%E3%83%AA%E3%83%BC%E3%83%81%EF%BC%91" n3="%E3%83%A9%E3%82%BB%E3%83%83%E3%83%88" dan="16,16,16,16" rate="2094.29,2150.45,2116.55,2063.70" sx="M,M,M,M"/><TAIKYOKU oya="0"/><INIT seed="0,0,0,5,0,14" ten="250,250,250,250" oya="0" hai0="24,51,27,91,68,87,1,71,131,75,92,23,109" hai1="93,127,60,21,121,117,126,78,130,61,29,125,96" hai2="73,41,133,22,102,57,105,106,20,83,129,124,13" hai3="88,65,95,66,40,7,36,70,103,72,3,77,76"/><T85/><D75/><U82/><E121/><V116/><F116/><W38/><G103/><T52/><D1/><U49/><E117/><V62/><F124/><W100/><G100/><T28/><D131/><U31/><E130/><V10/><F129/><W9/><G70/><T32/><D87/><U69/><E49/><V119/><F41/><W17/><G77/><T39/><D39/><U115/><E115/><V98/><F106/><W112/><G38/><T114/><D114/><U74/><E69/><V48/><F48/><W122/><G122/><T104/><D104/><U11/><E11/><V135/><F119/><W33/><G33/><T97/><D97/><U54/><E54/><V123/><F123/><W101/><G101/><T42/><D42/><U35/><E35/><V56/><F83/><W6/><G6/><T111/><D68/><U132/><E132/><N who="2" m="50763" /><F73/><W108/><G112/><T4/><D71/><U84/><E74/><V64/><F57/><W89/><G40/><T94/><D92/><U18/><E61/><V90/><F90/><W43/><G89/><T30/><REACH who="0" step="1"/><D4/><AGARI ba="0,0" hai="4,10,13,20,22,56,62,64,98,102,105" m="50763" machi="4" ten="30,1000,0" yaku="20,1" doraHai="14" who="2" fromWho="0" sc="250,-10,250,0,250,10,250,0" /><INIT seed="1,0,0,4,0,101" ten="240,250,260,250" oya="1" hai0="91,85,52,109,120,122,126,121,114,123,35,6,16" hai1="105,9,95,49,70,84,33,15,58,89,94,34,2" hai2="104,75,44,76,40,48,102,32,45,60,124,99,134" hai3="22,74,55,113,65,90,56,68,100,111,132,67,86"/><U73/><E70/><V39/><F124/><W66/><G113/><T18/><D114/><U54/><E73/><V21/><F134/><W81/><G111/><T23/><D109/><U10/><E10/><V31/><F32/><W24/><G132/><T119/><D119/><U51/><E2/><V46/><F75/><W62/><G74/><T128/><D35/><U37/><E37/><V103/><F76/><W11/><G11/><T25/><D126/><U26/><E105/><V79/><F79/><W93/><G68/><T106/><D106/><U97/><E26/><V78/><F78/><W13/><G13/><T12/><D128/><U130/><E130/><V92/><F103/><W135/><G135/><T41/><D41/><U59/><E59/><V108/><F108/><W27/><G27/><T112/><D112/><U115/><E115/><V19/><F31/><W42/><G42/><T69/><D69/><U127/><E127/><V116/><F116/><W88/><G100/><T28/><D52/><U83/><E49/><V50/><F60/><W0/><G0/><T14/><N who="0" m="30720" /><DORA hai="64" /><T118/><D118/><U110/><E95/><V36/><F92/><W80/><REACH who="3" step="1"/><G90/><REACH who="3" ten="240,250,260,240" step="2"/><T29/><D6/><N who="1" m="3511" /><E110/><V71/><F71/><W72/><G72/><T131/><D131/><U117/><E117/><V5/><F5/><W57/><G57/><T87/><D91/><N who="1" m="55519" /><E34/><V3/><F3/><W1/><G1/><T133/><D133/><U43/><E33/><V107/><F40/><AGARI ba="0,1" hai="40,43,51,54,58,83,84,89" m="55519,3511" machi="40" ten="30,1500,0" yaku="8,1" doraHai="101,64" who="1" fromWho="2" sc="240,0,250,25,260,-15,240,0" /><INIT seed="1,1,0,4,2,58" ten="240,275,245,240" oya="1" hai0="5,92,76,69,36,63,72,74,64,107,100,115,132" hai1="103,93,13,45,122,98,106,73,80,41,51,81,131" hai2="23,111,49,50,128,94,104,134,18,24,35,7,119" hai3="89,53,57,33,118,54,71,124,116,52,12,56,133"/><U37/><BYE who="0" /><E122/><UN n0="%E7%86%8A%E7%8C%AB%E5%8C%96%E9%9B%AA" /><V75/><F104/><W48/><G33/><T22/><D115/><U84/><E131/><V123/><F128/><W120/><G120/><T16/><D107/><U97/><E13/><V8/><F119/><N who="3" m="45611" /><G89/><T129/><D129/><U3/><E3/><V68/><F75/><W60/><G12/><T6/><D36/><U34/><E34/><V9/><F134/><W27/><G27/><T39/><D39/><U113/><E113/><V11/><F111/><W26/><G26/><T117/><D132/><U78/><E37/><V121/><F68/><W25/><G25/><T112/><D112/><U66/><E66/><V99/><F35/><W67/><G133/><T135/><D135/><U28/><E28/><V0/><F123/><W61/><G124/><T40/><D117/><U59/><E59/><N who="3" m="22602" /><G60/><T77/><D74/><U125/><E125/><V79/><F121/><W4/><G4/><T130/><D72/><U42/><E97/><V85/><F7/><W21/><G21/><T29/><D130/><U14/><E14/><V70/><F0/><W102/><G102/><T90/><D100/><U19/><E19/><V108/><F108/><W91/><G91/><T86/><D29/><U101/><E101/><V88/><REACH who="2" step="1"/><F70/><REACH who="2" ten="240,275,235,240" step="2"/><W20/><G20/><T44/><D5/><U32/><E32/><V110/><F110/><W87/><G87/><T83/><D6/><U38/><E106/><V62/><F62/><W96/><G96/><T126/><D126/><U10/><E73/><V2/><F2/><W55/><N who="3" m="13312" /><DORA hai="17" /><W109/><G109/><T105/><D105/><RYUUKYOKU ba="1,1" sc="240,-15,275,-15,235,15,240,15" hai2="8,9,11,18,23,24,49,50,79,85,88,94,99" hai3="48,61,67,71" /><INIT seed="2,2,1,2,2,102" ten="225,260,250,255" oya="2" hai0="74,64,33,107,62,92,61,134,59,108,80,82,132" hai1="51,88,60,85,10,48,24,86,70,84,116,39,117" hai2="26,110,73,23,40,11,126,4,68,49,35,6,20" hai3="99,118,47,76,53,135,2,90,42,105,94,124,36"/><V8/><F68/><W77/><G118/><T45/><D33/><U56/><E39/><V58/><F73/><W55/><G2/><T66/><D107/><U75/><E75/><V29/><F40/><W93/><G105/><T81/><D108/><U13/><E70/><V79/><F79/><W19/><G124/><T87/><D45/><U54/><E24/><V65/><F65/><W71/><G71/><T109/><D109/><U38/><E38/><V119/><F119/><W123/><G123/><T30/><D30/><U97/><E117/><V98/><F98/><W17/><G77/><T104/><D104/><U32/><E32/><V0/><F110/><W34/><G34/><T1/><D1/><U16/><REACH who="1" step="1"/><E116/><REACH who="1" ten="225,250,250,255" step="2"/><V27/><F126/><W21/><G36/><T5/><D74/><U78/><E78/><V22/><F49/><W43/><G76/><T128/><D134/><U52/><E52/><V57/><REACH who="2" step="1"/><F27/><REACH who="2" ten="225,250,240,255" step="2"/><W50/><G135/><T127/><D127/><U25/><E25/><V100/><F100/><W18/><G43/><T72/><D132/><U41/><E41/><V96/><F96/><N who="3" m="57399" /><G21/><T46/><D72/><U7/><E7/><V89/><F89/><AGARI ba="2,3" hai="17,18,19,42,47,50,53,55,89,94,99" m="57399" machi="89" ten="30,1000,0" yaku="8,1" doraHai="102" who="3" fromWho="2" sc="225,0,250,0,240,-16,255,46" /><INIT seed="3,0,0,1,4,30" ten="225,250,224,301" oya="3" hai0="78,123,111,132,50,86,131,58,7,71,127,14,52" hai1="126,87,23,76,38,10,68,133,0,34,128,117,61" hai2="135,105,62,112,41,21,120,67,130,25,9,51,96" hai3="88,73,108,124,110,129,81,60,3,84,2,94,113"/><W97/><G113/><T53/><D123/><U95/><E38/><V116/><F112/><W85/><G124/><T22/><D71/><U109/><E126/><V119/><F120/><W16/><G129/><T115/><D115/><U43/><E43/><V59/><F130/><W36/><G36/><T63/><D131/><U93/><E23/><V65/><F135/><W12/><G73/><T103/><D127/><U90/><E76/><V79/><F79/><W125/><G60/><T4/><D103/><U56/><E68/><V77/><F77/><N who="3" m="46127" /><G85/><T83/><D111/><N who="3" m="42537" /><G125/><T24/><D14/><U42/><E87/><V39/><F39/><W13/><G13/><T118/><D118/><U17/><E61/><V20/><F67/><W27/><G27/><T54/><D132/><U44/><E133/><V37/><F37/><W92/><G94/><T89/><D78/><U104/><E95/><V18/><F105/><W31/><G31/><N who="0" m="17815" /><D54/><U6/><E104/><V106/><F106/><W72/><G72/><T35/><D4/><U134/><E6/><V5/><F96/><W15/><G15/><T1/><D7/><U48/><E109/><V11/><F11/><AGARI ba="0,0" hai="2,3,11,12,16,88,92,97" m="42537,46127" machi="11" ten="30,11600,0" yaku="14,1,10,1,54,2" doraHai="30" who="3" fromWho="2" sc="225,0,250,0,224,-116,301,116" /><INIT seed="3,1,0,1,5,75" ten="225,250,108,417" oya="3" hai0="51,115,70,78,118,134,28,110,83,29,120,73,52" hai1="108,3,76,86,133,128,18,58,113,33,96,99,0" hai2="32,24,41,65,11,80,77,26,61,68,125,16,106" hai3="31,124,82,56,69,94,90,7,116,91,8,121,36"/><W93/><G69/><T13/><D120/><U43/><E113/><V95/><F106/><W88/><G36/><T63/><D118/><U71/><E33/><V123/><F123/><W114/><G116/><T129/><D115/><U66/><E71/><V27/><F125/><W74/><G114/><T126/><D126/><U81/><E128/><V20/><F41/><W25/><G121/><T34/><D129/><U119/><E119/><V85/><F11/><W49/><G124/><T12/><D12/><U48/><BYE who="0" /><E108/><V112/><F112/><W117/><G117/><T54/><D54/><U19/><E133/><V62/><F32/><UN n0="%E7%86%8A%E7%8C%AB%E5%8C%96%E9%9B%AA" /><W1/><G56/><T135/><D110/><U92/><E96/><V35/><F35/><W39/><G49/><T130/><D130/><U127/><BYE who="0" /><E127/><V59/><REACH who="2" step="1"/><F95/><REACH who="2" ten="225,250,98,417" step="2"/><W47/><G93/><T79/><D79/><U44/><E3/><V42/><F42/><N who="3" m="23007" /><G94/><T100/><D100/><N who="1" m="60519" /><E0/><UN n0="%E7%86%8A%E7%8C%AB%E5%8C%96%E9%9B%AA" /><V98/><F98/><W84/><G91/><T89/><D89/><U132/><E132/><V46/><F46/><W72/><G90/><T2/><D34/><U23/><E23/><V57/><F57/><W22/><G88/><T60/><D2/><U104/><E104/><V122/><F122/><W17/><G1/><T55/><D135/><U15/><E58/><V4/><F4/><W101/><G7/><T50/><D134/><U53/><E43/><V111/><F111/><W9/><G22/><T87/><D70/><U38/><E44/><V37/><F37/><W6/><G6/><T97/><D97/><U45/><E45/><V21/><F21/><RYUUKYOKU ba="1,1" sc="225,-10,250,-10,98,30,417,-10" hai2="16,20,24,26,27,59,61,62,65,68,77,80,85" /><INIT seed="4,2,1,1,1,29" ten="215,240,128,407" oya="0" hai0="16,15,53,128,72,85,43,104,98,89,77,97,0" hai1="111,61,96,49,32,115,56,54,120,26,92,10,42" hai2="129,55,130,108,3,35,41,117,118,46,25,13,63" hai3="94,70,100,74,68,39,116,40,114,66,76,1,58"/><T113/><D0/><U5/><E120/><V82/><F3/><W99/><G1/><T30/><D113/><U87/><E111/><V38/><F82/><W90/><G116/><N who="2" m="44649" /><F13/><W37/><G114/><T73/><D128/><N who="2" m="49258" /><F108/><W83/><G58/><T22/><D43/><U95/><E115/><V45/><F25/><W21/><G21/><T18/><D30/><U31/><E87/><V33/><F63/><W57/><G40/><T102/><D77/><U7/><E95/><V19/><F19/><W62/><REACH who="3" step="1"/><G100/><REACH who="3" ten="215,240,128,397" step="2"/><T126/><D102/><U59/><E10/><V80/><F80/><W131/><G131/><T106/><D22/><U14/><E14/><V107/><F107/><W75/><G75/><T119/><D15/><U44/><E26/><V17/><F17/><W125/><G125/><T78/><D126/><U36/><E31/><V50/><AGARI ba="2,2" hai="33,35,38,41,45,46,50,55" m="49258,44649" machi="50" ten="40,8000,1" yaku="12,1,19,1,52,2" doraHai="29" who="2" fromWho="2" sc="215,-42,240,-22,128,106,397,-22" /><INIT seed="5,0,0,2,2,118" ten="173,218,234,375" oya="1" hai0="70,73,19,133,99,103,78,24,108,62,28,93,2" hai1="52,38,33,102,63,25,125,42,72,75,49,20,7" hai2="100,35,90,21,18,124,98,123,5,97,40,27,80" hai3="1,30,56,66,86,47,36,9,83,101,127,69,17"/><U23/><E125/><V77/><F124/><W135/><G30/><T110/><D2/><U26/><E33/><V39/><F35/><W10/><G69/><T15/><D133/><U54/><E7/><V105/><F5/><W48/><G36/><T50/><D50/><U37/><E102/><V96/><F123/><W116/><G101/><T6/><D6/><U81/><E63/><V106/><F90/><W46/><G135/><T119/><D119/><U31/><E42/><V45/><REACH who="2" step="1"/><F106/><REACH who="2" ten="173,218,224,375" step="2"/><W14/><G127/><T13/><D110/><U16/><E81/><V4/><F4/><W79/><G116/><T132/><D108/><U134/><E134/><V58/><F58/><W11/><G1/><T107/><D132/><U89/><E89/><V82/><F82/><W91/><G91/><T117/><D117/><U76/><E76/><V84/><AGARI ba="0,1" hai="18,21,27,39,40,45,77,80,84,96,97,98,100,105" machi="84" ten="20,2700,0" yaku="1,1,0,1,7,1,53,0" doraHai="118" doraHaiUra="29" who="2" fromWho="2" sc="173,-7,218,-13,224,37,375,-7" /><INIT seed="6,0,0,2,3,130" ten="166,205,261,368" oya="2" hai0="4,35,56,131,41,10,11,91,53,26,66,116,49" hai1="89,63,102,6,33,95,68,133,105,50,36,48,15" hai2="44,81,75,0,93,124,129,1,82,132,24,16,52" hai3="7,18,46,92,58,85,30,19,71,3,79,47,111"/><V83/><F129/><W40/><G71/><T21/><D131/><U94/><E33/><V25/><F75/><W74/><G30/><T72/><D35/><U112/><E36/><V57/><F124/><W32/><G32/><T34/><D34/><U59/><E68/><V107/><F107/><W31/><G31/><T39/><D72/><U78/><E112/><V117/><F117/><W86/><G58/><T90/><D116/><U135/><E78/><V120/><F120/><W97/><G47/><T110/><D110/><U37/><E37/><V62/><F132/><N who="1" m="50761" /><E105/><V98/><F44/><W45/><G46/><T29/><D41/><U54/><E102/><V17/><F1/><W88/><G111/><T51/><D39/><U9/><E95/><V70/><F0/><W38/><G86/><AGARI ba="0,0" hai="6,9,15,48,50,54,59,63,86,89,94" m="50761" machi="86" ten="30,7700,0" yaku="20,1,52,3" doraHai="130" who="1" fromWho="3" sc="166,0,205,77,261,0,368,-77" /><INIT seed="7,0,0,1,1,63" ten="166,282,261,291" oya="3" hai0="88,34,54,1,26,22,116,80,107,79,43,127,28" hai1="61,9,52,85,93,10,75,129,4,38,131,98,59" hai2="55,8,87,119,103,32,120,15,49,122,7,69,62" hai3="83,56,45,72,70,91,25,102,106,123,99,130,101"/><W94/><G70/><T30/><D116/><U78/><E38/><V6/><F32/><W44/><G123/><N who="2" m="47145" /><F119/><W19/><G130/><N who="1" m="49674" /><E75/><V27/><F103/><N who="3" m="39435" /><G106/><T11/><D107/><U46/><E46/><N who="2" m="28087" /><F27/><W90/><G72/><T86/><D127/><U50/><E50/><V39/><F39/><W128/><G56/><T42/><D34/><U33/><E33/><V104/><F104/><W67/><G67/><T37/><D37/><U40/><E40/><V105/><F105/><W13/><G25/><T35/><D35/><U135/><E135/><V41/><F41/><W31/><G31/><T84/><D30/><U113/><E113/><V134/><F134/><W95/><G83/><T12/><D54/><U21/><E21/><V71/><F87/><N who="3" m="52575" /><G128/><T64/><D64/><U111/><E111/><V133/><F133/><W92/><G92/><N who="0" m="54279" /><D1/><U2/><E2/><V110/><F110/><W77/><G77/><T5/><AGARI ba="0,0" hai="5,11,12,22,26,28,42,43,79,80,86" m="54279" machi="5" ten="30,2000,0" yaku="8,1,54,1" doraHai="63" who="0" fromWho="0" sc="166,20,282,-5,261,-5,291,-10" /><INIT seed="8,0,0,5,0,55" ten="186,277,256,281" oya="0" hai0="119,111,3,51,27,74,22,132,91,19,101,61,2" hai1="108,76,35,128,13,127,82,80,124,95,112,37,0" hai2="87,123,58,99,5,73,102,39,94,129,60,64,36" hai3="54,134,65,89,44,116,120,45,23,38,56,1,49"/><T57/><D119/><U115/><E0/><V135/><F73/><W131/><G1/><T67/><D132/><U53/><E108/><V86/><F123/><W41/><G134/><T15/><D111/><U93/><E35/><V30/><F135/><W97/><G120/><T70/><D74/><U122/><E37/><V79/><F129/><W6/><G131/><T46/><D101/><U113/><E128/><V7/><F39/><W107/><G107/><T18/><D91/><U20/><E122/><V16/><F36/><W25/><G6/><T43/><REACH who="0" step="1"/><D70/><REACH who="0" ten="176,277,256,281" step="2"/><U10/><E76/><V11/><F79/><W85/><G116/><T12/><D12/><U110/><E110/><V21/><F30/><W42/><G97/><T34/><D34/><U68/><E68/><V125/><F125/><W4/><G38/><T118/><D118/><U130/><E127/><V59/><F86/><W9/><G85/><T77/><D77/><U62/><E124/><V109/><F87/><W92/><G89/><T114/><D114/><U31/><E130/><V105/><F109/><W90/><G90/><T71/><D71/><U88/><E88/><V47/><F105/><W121/><G92/><T78/><D78/><U8/><E93/><V33/><F33/><W100/><G100/><T66/><D66/><U29/><E95/><V24/><F94/><W32/><G65/><T52/><D52/><U17/><E31/><V26/><F102/><W104/><G104/><T40/><D40/><N who="3" m="15465" /><G32/><T81/><D81/><N who="1" m="31339" /><E29/><V75/><F75/><W14/><G121/><T48/><D48/><U69/><E69/><RYUUKYOKU ba="0,1" sc="176,10,277,10,256,-30,281,10" hai0="2,3,15,18,19,22,27,43,46,51,57,61,67" hai1="8,10,13,17,20,53,62,112,113,115" hai3="4,9,14,23,25,44,45,49,54,56" /><INIT seed="8,1,1,5,4,115" ten="186,287,226,291" oya="0" hai0="87,6,81,86,24,114,54,67,78,42,51,70,36" hai1="84,19,56,124,16,27,28,103,43,76,118,120,5" hai2="73,17,121,95,88,113,23,18,64,41,34,111,126" hai3="37,79,96,134,15,98,65,107,131,9,75,123,32"/><T127/><D114/><U22/><E120/><V1/><F121/><W4/><G37/><T97/><D127/><U130/><E124/><V21/><F126/><W125/><G125/><T100/><D6/><U40/><E130/><V135/><F34/><W59/><G32/><T55/><D24/><U46/><E118/><V11/><F73/><W102/><G123/><T104/><D36/><U83/><E103/><V106/><F106/><W20/><G20/><T30/><D30/><U122/><E122/><V53/><F113/><W90/><G131/><T133/><D133/><U101/><E101/><V117/><F135/><W71/><G71/><T58/><D54/><U91/><E5/><V129/><F111/><W89/><G98/><T45/><D70/><U39/><E43/><V0/><F129/><W10/><G134/><T12/><D67/><U35/><E56/><V29/><F64/><W13/><G59/><T68/><D68/><U62/><E62/><V82/><F41/><W94/><G65/><T26/><D26/><U132/><E132/><V92/><F29/><W50/><G50/><T109/><D109/><U72/><E35/><V116/><F53/><W112/><G107/><T33/><D33/><U48/><E39/><V66/><F66/><W8/><G112/><T47/><D42/><U60/><E60/><V25/><F11/><N who="3" m="4171" /><G15/><T119/><D119/><N who="2" m="45642" /><F1/><W63/><G63/><T44/><REACH who="0" step="1"/><D12/><REACH who="0" ten="176,287,226,291" step="2"/><U105/><E28/><V74/><F0/><W108/><G108/><T93/><D93/><N who="1" m="54503" /><E105/><V2/><F2/><W99/><G99/><T110/><D110/><U3/><E3/><RYUUKYOKU ba="1,2" sc="176,10,287,10,226,-30,291,10" hai0="44,45,47,51,55,58,78,81,86,87,97,100,104" hai1="16,19,22,27,40,46,48,72,76,83" hai3="4,10,13,75,79,89,90,94,96,102" /><INIT seed="8,2,2,3,0,116" ten="186,297,196,301" oya="0" hai0="90,9,51,46,13,108,22,96,127,32,47,88,19" hai1="109,29,30,118,20,55,38,10,79,82,113,57,72" hai2="101,54,84,66,91,114,74,18,62,102,122,64,111" hai3="53,134,95,5,31,83,123,63,89,133,42,24,107"/><T103/><D32/><U132/><E109/><V61/><F111/><W0/><G42/><T36/><D108/><U43/><E118/><V27/><F74/><W131/><G83/><T100/><D127/><U8/><E132/><N who="3" m="50794" /><G107/><T33/><D33/><U17/><E113/><V76/><F114/><W58/><G131/><T23/><D36/><U104/><E104/><V69/><F76/><W115/><G115/><T121/><D121/><U106/><E106/><V48/><F122/><W49/><G123/><T110/><D110/><U85/><E72/><V119/><F119/><W44/><G5/><T124/><D124/><U35/><E43/><V67/><F18/><W56/><G0/><T77/><D77/><U86/><E86/><V14/><F14/><W40/><G63/><N who="2" m="24073" /><F27/><W125/><G40/><N who="0" m="25031" /><D47/><U128/><E38/><V112/><F69/><W11/><G11/><N who="1" m="4138" /><E128/><V6/><F6/><W2/><G2/><T71/><D71/><U28/><E35/><V130/><F130/><W92/><G125/><T1/><D1/><U117/><E117/><V60/><N who="2" m="24081" /><V21/><DORA hai="120" /><F21/><N who="0" m="7690" /><D96/><U93/><E28/><V45/><F112/><W70/><G70/><T87/><D87/><U97/><E29/><V65/><N who="2" m="16384" /><DORA hai="12" /><V80/><AGARI ba="2,2" hai="45,48,54,80,84,91,101,102" m="16384,24081" machi="80" ten="50,3200,0" yaku="4,1,8,1" doraHai="116,120,12" who="2" fromWho="2" sc="186,-18,297,-10,196,58,301,-10" /><INIT seed="9,0,0,0,5,116" ten="168,287,254,291" oya="1" hai0="120,64,2,122,105,36,53,57,28,71,94,23,104" hai1="69,42,117,19,97,26,51,65,83,62,35,20,98" hai2="52,46,44,55,79,81,8,9,88,113,11,10,58" hai3="38,43,37,5,31,100,119,14,39,73,67,123,41"/><U110/><E117/><V56/><F113/><W91/><G123/><N who="0" m="47147" /><D2/><U102/><E110/><V118/><F118/><W40/><G73/><T74/><D36/><U131/><E131/><V124/><F124/><W84/><G100/><T21/><D74/><U121/><E121/><V54/><N who="2" m="2048" /><DORA hai="99" /><V25/><F25/><W134/><G119/><T48/><D94/><U133/><E133/><V80/><F79/><W7/><G14/><T13/><D28/><U130/><E130/><V16/><F16/><W6/><G31/><T24/><D24/><U63/><E35/><V66/><F66/><W17/><G17/><N who="0" m="10415" /><D23/><U85/><E98/><V92/><F81/><N who="3" m="49551" /><G67/><T108/><D108/><U129/><E129/><V90/><F80/><W96/><G96/><T50/><D48/><U45/><E97/><V47/><F92/><W27/><G27/><T115/><D115/><U101/><E101/><V15/><F15/><W29/><G29/><T89/><D89/><AGARI ba="0,0" hai="44,46,47,52,54,55,56,58,88,89,90" m="2048" machi="89" ten="60,12000,2" yaku="29,2,28,2,8,1,54,2" doraHai="116,99" who="2" fromWho="0" sc="168,-120,287,0,254,120,291,0" owari="48,-45.0,287,-11.0,374,47.0,291,9.0" /></mjloggm>