<mjloggm ver="2.3"><GO type="33" lobby="0"/><UN n0="%E9%BB%92%E6%9C%8D%EF%BC%A0%E5%B7%9D%E6%9D%91%E8%BB%8D%E5%9B%A3" n1="%E3%81%82%E3%82%82%E3%81%86%E3%82%82%E3%82%93" n2="%E5%B0%B1%E6%B4%BB%E7%94%9F%40%E5%B7%9D%E6%9D%91%E8%BB%8D%E5%9B%A3" n3="%E3%82%A2%E3%82%AB%E3%82%AE%40%E5%B7%9D%E6%9D%91%E8%BB%8D%E5%9B%A3" dan="15,13,15,15" rate="2004.58,1926.06,2132.03,1963.30" sx="M,F,M,M"/><TAIKYOKU oya="0"/><INIT seed="0,0,0,1,2,62" ten="250,250,250,250" oya="0" hai0="97,65,25,70,105,75,80,91,59,103,63,124,1" hai1="5,68,115,82,126,86,43,40,102,94,2,66,112" hai2="64,26,111,57,51,11,47,129,58,37,96,21,117" hai3="19,46,3,4,119,48,56,27,55,13,50,84,113"/><T123/><D123/><U0/><E126/><V9/><F37/><W15/><G119/><T6/><D124/><U12/><E12/><V85/><F111/><W16/><G113/><N who="1" m="43594" /><E102/><V98/><F129/><W93/><G3/><N who="1" m="1066" /><E94/><V42/><F85/><W8/><G27/><T79/><D25/><U33/><E5/><V83/><F83/><W28/><G28/><T17/><D17/><U116/><E33/><V104/><F58/><W101/><G15/><T106/><D6/><U36/><E36/><V130/><F130/><W88/><G101/><T20/><D1/><U110/><E116/><V108/><F108/><W90/><G90/><T23/><D105/><U77/><E110/><V122/><F122/><W120/><G120/><T99/><REACH who="0" step="1"/><D70/><REACH who="0" ten="240,250,250,250" step="2"/><U114/><E114/><V118/><F104/><W135/><REACH who="3" step="1"/><G135/><REACH who="3" ten="240,250,250,240" step="2"/><T7/><D7/><U109/><E109/><V72/><F26/><W121/><G121/><T73/><D73/><U53/><E68/><V29/><F72/><W10/><G10/><T45/><D45/><U41/><E41/><AGARI ba="0,2" hai="4,8,13,16,19,41,46,48,50,55,56,84,88,93" machi="41" ten="30,12000,2" yaku="1,1,7,1,8,1,54,2,53,1" doraHai="62" doraHaiUra="39" who="3" fromWho="1" sc="240,0,250,-120,250,0,240,140" /><INIT seed="1,0,0,4,0,104" ten="240,130,250,380" oya="1" hai0="40,115,42,20,97,15,128,25,102,48,51,101,80" hai1="19,52,44,123,62,100,125,13,135,28,90,88,34" hai2="124,18,133,129,112,10,64,132,57,56,12,50,106" hai3="67,32,65,91,103,93,43,85,73,63,70,38,58"/><U83/><E123/><V72/><F106/><W82/><G32/><T126/><D115/><U17/><E135/><N who="2" m="51787" /><F124/><W114/><G114/><T108/><D126/><U22/><E125/><V120/><F120/><W54/><G70/><T5/><D80/><U4/><E100/><N who="0" m="38505" /><D97/><U59/><E34/><V68/><F129/><W8/><G8/><N who="0" m="4495" /><D108/><U60/><E4/><V87/><F72/><W29/><G29/><N who="0" m="17575" /><D128/><U76/><E19/><V45/><F87/><W81/><G81/><T66/><D66/><U77/><E28/><V53/><F112/><W96/><G73/><T86/><D86/><N who="1" m="48487" /><E77/><V119/><F119/><W35/><G35/><T37/><D37/><U107/><E107/><V23/><F10/><W3/><G3/><T134/><D134/><U6/><E6/><V71/><F71/><W31/><G31/><T47/><D48/><N who="1" m="28679" /><E60/><AGARI ba="0,0" hai="12,18,23,45,50,53,56,57,60,64,68" m="51787" machi="60" ten="30,1000,0" yaku="20,1" doraHai="104" who="2" fromWho="1" sc="240,0,130,-10,250,10,380,0" /><INIT seed="2,0,0,1,5,34" ten="240,120,260,380" oya="2" hai0="7,41,42,104,134,66,82,58,77,115,43,135,27" hai1="85,50,2,57,119,114,110,128,71,59,47,37,99" hai2="120,13,113,87,109,121,30,21,3,123,19,16,133" hai3="76,80,35,126,106,61,96,129,117,39,0,107,127"/><V24/><F3/><W18/><G39/><T36/><D104/><U46/><E85/><V14/><F87/><W118/><G35/><T4/><D115/><U23/><E114/><V125/><F113/><W64/><G0/><T73/><D36/><U53/><E99/><V28/><F125/><N who="3" m="47627" /><G18/><N who="2" m="6697" /><F133/><N who="0" m="50698" /><D27/><U89/><E89/><V93/><F93/><W29/><G29/><N who="2" m="11369" /><F109/><W111/><G111/><T32/><D32/><U98/><E98/><V5/><F5/><W6/><G96/><T26/><D26/><U72/><E72/><V84/><F84/><W91/><G80/><T124/><D124/><U38/><E2/><V83/><F83/><W88/><G91/><T20/><D20/><U1/><E1/><V130/><F130/><W68/><G129/><T55/><D66/><U33/><E23/><V22/><F24/><W45/><G6/><T112/><D112/><U62/><E33/><V63/><F63/><AGARI ba="0,0" hai="4,7,41,42,43,55,58,63,73,77,82" m="50698" machi="63" ten="30,1000,0" yaku="20,1" doraHai="34" who="0" fromWho="2" sc="240,10,120,0,260,-10,380,0" /><INIT seed="3,0,0,5,3,47" ten="250,120,250,380" oya="3" hai0="92,87,110,62,111,52,116,135,133,117,81,48,8" hai1="80,91,119,73,27,13,2,64,7,68,89,90,65" hai2="93,112,83,41,125,84,85,75,131,30,122,61,127" hai3="10,26,53,113,71,134,94,15,101,96,106,6,126"/><W18/><G113/><T25/><D92/><U16/><E119/><N who="0" m="45641" /><D62/><U50/><E2/><V86/><F131/><W46/><G26/><T79/><D8/><U123/><E123/><V67/><F112/><W1/><G126/><N who="2" m="48137" /><F122/><W114/><G134/><N who="0" m="51211" /><D25/><U120/><E120/><V66/><F41/><W36/><G10/><T88/><D79/><U77/><E7/><V39/><F39/><W34/><G94/><T55/><D55/><U17/><E27/><V51/><F30/><W69/><G36/><T29/><D29/><U76/><E76/><N who="2" m="44447" /><F61/><W21/><G114/><T82/><D82/><U70/><E70/><V130/><F130/><W57/><G71/><T59/><AGARI ba="0,0" hai="48,52,59,81,87,88,110,111" m="51211,45641" machi="59" ten="40,8000,1" yaku="20,1,52,1,54,2" doraHai="47" who="0" fromWho="0" sc="250,80,120,-20,250,-20,380,-40" owari="330,13.0,100,-40.0,230,-17.0,340,44.0" /></mjloggm>