<mjloggm ver="2.3"><GO type="169" lobby="0"/><UN n0="%70%70%67%75%6E" n1="%E3%82%82%E3%81%86%E3%82%8A%E3%81%83%E2%98%86" n2="%E9%BB%92%E7%8A%AC%40%E3%81%A6%E3%82%93%E3%81%BB%E3%83%BC" n3="%E3%82%A6%E3%83%AB%E3%83%88%E3%83%A9%E7%AB%8B%E7%9B%B4" dan="16,16,16,17" rate="2094.99,2101.35,2074.32,2153.70" sx="M,M,F,M"/><TAIKYOKU oya="0"/><INIT seed="0,0,0,0,5,7" ten="250,250,250,250" oya="0" hai0="27,77,113,90,31,73,112,28,52,94,24,127,38" hai1="132,76,118,51,92,60,89,53,10,19,129,13,120" hai2="99,57,79,98,44,100,17,46,16,15,65,71,107" hai3="80,101,123,103,50,54,93,130,20,96,59,58,115"/><T86/><D38/><U110/><E118/><V126/><F71/><W56/><G115/><T26/><D127/><U109/><E120/><V67/><F126/><W63/><G130/><T4/><D77/><U62/><E129/><V121/><F121/><W23/><G123/><T108/><D73/><U81/><E132/><V12/><F79/><W22/><G80/><T1/><D108/><N who="1" m="41579" /><E92/><V124/><F124/><W37/><G37/><T135/><D135/><U87/><E76/><V106/><F57/><AGARI ba="0,0" hai="10,13,19,51,53,57,60,62,81,87,89" m="41579" machi="57" ten="30,2000,0" yaku="14,1,52,1" doraHai="7" who="1" fromWho="2" sc="250,0,250,20,250,-20,250,0" /><INIT seed="1,0,0,5,3,2" ten="250,270,230,250" oya="1" hai0="82,83,98,23,116,77,81,16,66,35,1,76,91" hai1="53,72,79,8,6,10,113,54,80,27,109,114,101" hai2="71,86,22,73,43,13,118,97,75,68,121,85,56" hai3="133,135,123,62,19,64,112,57,117,124,128,58,132"/><U14/><E109/><V52/><F43/><W55/><G112/><T108/><D116/><U41/><E101/><V20/><F121/><W88/><G123/><T130/><D35/><U115/><E41/><V93/><F118/><W38/><G117/><T31/><D31/><U60/><E60/><V36/><F36/><W30/><G30/><T78/><D108/><U11/><E11/><V24/><F73/><W122/><G122/><T89/><D130/><U107/><E107/><V45/><F75/><W106/><G106/><T96/><D1/><U74/><E74/><V119/><F45/><W87/><G38/><T63/><D96/><U69/><E69/><V44/><F44/><W3/><G3/><T29/><D98/><U102/><E102/><V99/><F99/><W40/><G40/><T33/><D29/><U0/><REACH who="1" step="1"/><E27/><REACH who="1" ten="250,260,230,250" step="2"/><V95/><F71/><W17/><G128/><T61/><D33/><U34/><E34/><V21/><F68/><W18/><G132/><T65/><D61/><U94/><E94/><N who="2" m="35851" /><F24/><W37/><G133/><T125/><D63/><U48/><E48/><N who="2" m="30727" /><F119/><W129/><G135/><T134/><D134/><U67/><E67/><V9/><F97/><W25/><G129/><T127/><D65/><U4/><AGARI ba="0,1" hai="0,4,6,8,10,14,53,54,72,79,80,113,114,115" machi="4" ten="40,18000,2" yaku="1,1,0,1,52,2,53,2" doraHai="2" doraHaiUra="51" who="1" fromWho="1" sc="250,-60,260,190,230,-60,250,-60" /><INIT seed="1,1,0,5,4,0" ten="190,450,170,190" oya="1" hai0="59,131,109,5,50,63,57,44,2,58,20,100,3" hai1="27,106,107,118,25,112,51,71,104,13,37,42,17" hai2="120,45,67,98,36,86,31,83,65,81,85,53,24" hai3="66,76,135,34,121,130,6,16,72,115,75,60,69"/><U92/><E112/><V32/><F120/><W124/><G121/><T15/><D109/><U77/><E118/><V54/><F98/><W79/><G34/><T14/><D131/><U55/><E71/><V18/><F18/><W21/><G130/><T9/><D100/><U113/><E113/><V64/><F36/><W30/><G30/><T73/><D73/><U87/><E42/><V111/><F111/><W97/><G124/><T74/><D74/><U43/><E43/><V114/><F114/><W80/><G135/><T116/><D63/><U126/><E37/><V23/><F32/><W48/><G48/><T49/><D116/><U28/><E126/><V70/><F70/><W105/><G6/><T22/><D49/><U12/><E12/><V133/><F133/><W94/><G105/><T132/><D132/><U39/><E39/><V46/><F46/><W95/><G97/><T35/><D35/><U26/><E77/><N who="2" m="46255" /><F45/><W78/><G115/><T1/><REACH who="0" step="1"/><D14/><REACH who="0" ten="180,450,170,190" step="2"/><U102/><E13/><V134/><F134/><W110/><G110/><T8/><D8/><U117/><E117/><V101/><F101/><W29/><G75/><T33/><D33/><U56/><E102/><V108/><F108/><W89/><G72/><T52/><AGARI ba="1,1" hai="1,2,3,5,9,15,20,22,44,50,52,57,58,59" machi="52" ten="40,8000,1" yaku="1,1,0,1,52,1,54,1,53,1" doraHai="0" doraHaiUra="41" who="0" fromWho="0" sc="180,93,450,-41,170,-21,190,-21" /><INIT seed="2,0,0,1,0,127" ten="273,409,149,169" oya="2" hai0="68,5,14,50,64,79,128,23,84,70,126,85,81" hai1="88,1,103,36,51,69,40,38,96,6,9,54,98" hai2="116,16,31,77,46,105,135,2,110,11,99,86,102" hai3="132,25,57,130,53,3,120,106,134,119,60,123,20"/><V87/><F116/><W19/><G106/><T32/><D32/><U78/><E69/><V22/><F31/><W66/><G3/><T24/><D126/><U8/><E78/><V59/><F135/><N who="3" m="51755" /><G119/><T97/><D128/><U115/><E115/><V47/><F110/><W39/><G39/><T61/><D97/><U29/><E29/><V27/><F59/><W92/><G92/><T63/><D50/><U17/><E40/><V74/><F74/><W129/><G53/><T43/><D43/><U67/><E67/><V107/><F107/><W37/><G37/><T113/><D113/><U58/><E88/><V75/><F75/><W28/><G28/><T124/><D124/><U104/><E98/><V109/><F109/><W80/><G80/><T114/><D114/><U118/><E118/><V72/><F72/><W73/><G73/><T26/><D84/><U83/><E83/><V82/><REACH who="2" step="1"/><F87/><REACH who="2" ten="273,409,139,169" step="2"/><W0/><G0/><T45/><D85/><U33/><E33/><V100/><F100/><W55/><G66/><T7/><D64/><U93/><E104/><V89/><F89/><W52/><G55/><T90/><D90/><U101/><E101/><V121/><F121/><AGARI ba="0,1" hai="19,20,25,52,57,60,120,121,123,129,130" m="51755" machi="121" ten="30,7700,0" yaku="20,1,52,2,54,1" doraHai="127" who="3" fromWho="2" sc="273,0,409,0,139,-77,169,87" /><INIT seed="3,0,0,0,4,51" ten="273,409,62,256" oya="3" hai0="77,125,62,92,71,82,9,118,5,30,54,56,103" hai1="46,57,0,86,26,31,28,131,3,4,66,85,89" hai2="105,59,36,44,60,114,22,35,38,115,132,130,64" hai3="128,65,126,109,108,74,93,90,67,95,123,88,76"/><W42/><G123/><T12/><D118/><U19/><E131/><V104/><F35/><W94/><G128/><T13/><D125/><U45/><E19/><V49/><F130/><W113/><G113/><T2/><D71/><U21/><E4/><V124/><F104/><W73/><G42/><T127/><D127/><U43/><E3/><V68/><F105/><W70/><G70/><T7/><D5/><U16/><E0/><V53/><F124/><W122/><G76/><T134/><D134/><U119/><E119/><V61/><F22/><W20/><G20/><T40/><D30/><U87/><E89/><N who="3" m="34410" /><G122/><T25/><D25/><U79/><E79/><V32/><F32/><W15/><G15/><T72/><D40/><U58/><E45/><V112/><F132/><W121/><G121/><T52/><REACH who="0" step="1"/><D54/><AGARI ba="0,0" hai="36,38,44,49,53,54,59,60,61,64,68,112,114,115" machi="54" ten="40,8000,1" yaku="34,3,52,2" doraHai="51" who="2" fromWho="0" sc="273,-80,409,0,62,80,256,0" /><INIT seed="4,0,0,1,2,116" ten="193,409,142,256" oya="0" hai0="74,90,71,85,40,101,68,76,83,8,109,94,81" hai1="49,20,106,38,7,63,95,5,89,25,124,78,30" hai2="10,2,131,39,14,84,80,130,102,111,31,117,86" hai3="120,47,21,23,108,79,119,27,15,112,34,128,125"/><T64/><D109/><U0/><E106/><V65/><F39/><W60/><G119/><T104/><D40/><U33/><E38/><V52/><F31/><W61/><G34/><T46/><D46/><U93/><E124/><V11/><F117/><W24/><G15/><T57/><D8/><U96/><E78/><V122/><F65/><W121/><G125/><T37/><D37/><U35/><E35/><V9/><F102/><W75/><G108/><T114/><D114/><U53/><E63/><V16/><F111/><W87/><G75/><T115/><D115/><U48/><E48/><V1/><F122/><N who="3" m="47211" /><G128/><N who="2" m="49193" /><F84/><W54/><G112/><T92/><D57/><U134/><E33/><V43/><F43/><W42/><G87/><N who="0" m="50543" /><D64/><U126/><E0/><N who="2" m="107" /><F52/><W66/><G54/><T107/><D68/><U17/><E53/><V88/><AGARI ba="0,0" hai="9,10,11,14,16,80,86,88" m="107,49193" machi="88" ten="30,4000,0" yaku="19,1,54,2" doraHai="116" who="2" fromWho="2" sc="193,-20,409,-10,142,40,256,-10" /><INIT seed="5,0,0,3,3,99" ten="173,399,182,246" oya="1" hai0="87,69,86,16,4,114,1,14,2,120,106,10,71" hai1="9,101,83,78,25,12,52,65,57,56,67,70,89" hai2="54,128,40,49,30,118,68,133,117,44,15,48,63" hai3="90,37,100,98,127,21,96,18,77,91,42,111,75"/><U79/><E70/><V85/><F30/><W121/><G111/><T50/><D114/><U38/><E38/><V20/><F128/><W88/><G121/><T134/><D134/><U26/><E101/><V0/><F0/><W74/><G127/><T27/><D120/><U11/><E89/><V17/><F133/><W73/><G77/><N who="1" m="29194" /><E83/><V116/><F85/><W22/><G96/><T24/><D106/><U64/><E57/><V124/><F124/><W132/><G132/><T58/><D58/><U125/><E125/><V29/><F29/><W84/><G84/><T81/><D50/><N who="1" m="30743" /><E11/><V32/><F32/><W105/><REACH who="3" step="1"/><G18/><AGARI ba="0,0" hai="9,12,18,25,26,64,65,67" m="30743,29194" machi="18" ten="30,2900,0" yaku="8,1,54,1" doraHai="99" who="1" fromWho="3" sc="173,0,399,29,182,0,246,-29" /><INIT seed="5,1,0,5,0,20" ten="173,428,182,217" oya="1" hai0="134,97,8,120,60,28,65,129,5,37,9,102,89" hai1="48,34,17,21,133,58,121,64,81,103,84,93,11" hai2="54,96,41,108,1,40,74,33,32,104,90,124,107" hai3="75,22,26,95,77,46,25,0,116,30,23,2,31"/><U39/><E121/><V69/><F74/><W14/><G116/><T85/><D120/><U72/><E39/><V63/><F1/><W70/><G70/><T79/><D37/><U56/><E34/><V82/><F108/><W49/><G95/><T112/><D112/><U53/><E133/><V131/><F131/><W100/><G100/><T105/><D134/><U19/><E72/><V29/><F69/><W27/><G27/><T113/><D113/><U61/><E11/><V109/><F109/><W91/><G91/><T6/><D129/><U87/><E21/><V115/><F115/><W78/><G78/><T62/><D79/><U106/><E106/><V66/><F33/><W10/><G77/><T16/><D28/><U71/><E71/><V127/><F32/><W94/><G94/><T101/><D102/><U7/><E7/><V47/><F107/><W42/><G75/><T50/><D50/><U3/><E3/><V4/><F104/><W51/><G51/><T122/><D122/><U35/><E35/><V59/><F127/><W117/><G117/><T43/><D43/><U130/><E130/><V114/><F114/><W92/><G92/><T126/><D126/><U123/><E123/><V18/><F124/><W24/><G24/><T111/><D111/><U67/><E67/><V80/><F66/><W98/><G98/><T13/><D8/><U52/><E64/><V118/><F96/><W86/><G86/><N who="1" m="32810" /><E81/><V76/><F82/><W125/><G125/><T44/><D44/><U88/><E103/><V135/><F118/><W68/><G68/><N who="0" m="42023" /><D62/><U132/><E132/><RYUUKYOKU ba="1,0" sc="173,10,428,10,182,-30,217,10" hai0="5,6,9,13,16,85,89,97,101,105" hai1="17,19,48,52,53,56,58,61,88,93" hai3="0,2,10,14,22,23,25,26,30,31,42,46,49" /><INIT seed="5,2,0,4,3,41" ten="183,438,152,227" oya="1" hai0="113,20,64,4,78,79,23,89,30,52,127,68,110" hai1="51,60,122,75,1,71,15,105,26,25,0,42,94" hai2="37,103,66,128,67,95,130,106,47,87,63,74,24" hai3="9,16,109,6,81,13,11,126,32,14,114,93,111"/><U34/><E122/><V38/><F74/><W84/><G114/><T18/><D110/><U90/><E105/><V82/><F106/><W43/><G126/><T33/><D127/><U45/><E75/><V125/><F125/><W99/><G32/><T2/><D113/><U104/><E104/><V129/><F24/><W3/><G3/><T22/><D68/><U19/><E1/><V35/><F35/><W121/><G121/><T119/><D64/><U115/><E0/><V108/><F108/><W65/><G65/><T131/><D131/><U39/><E115/><V46/><F66/><W17/><G43/><T58/><D119/><U55/><E71/><V44/><F95/><W21/><G21/><T107/><D107/><U88/><E60/><V56/><F103/><W118/><G6/><T48/><D33/><U57/><E34/><V91/><AGARI ba="2,0" hai="37,38,44,46,47,56,63,67,82,87,91,128,129,130" machi="91" ten="40,8000,1" yaku="0,1,19,1,52,3" doraHai="41" who="2" fromWho="2" sc="183,-22,438,-42,152,86,227,-22" /><INIT seed="6,0,0,1,5,85" ten="161,396,238,205" oya="2" hai0="9,110,40,48,134,93,18,44,36,78,106,28,25" hai1="29,69,61,6,0,118,101,11,79,95,82,81,113" hai2="126,119,50,14,109,97,131,56,38,73,49,80,84" hai3="21,33,52,72,59,76,34,90,8,122,57,13,62"/><V102/><F38/><W91/><G122/><T22/><D110/><U103/><E118/><V23/><F73/><W116/><G116/><T65/><D106/><U63/><E113/><V55/><F119/><W107/><G107/><T45/><D134/><U96/><E29/><V70/><F70/><W124/><G124/><T4/><D65/><U26/><E26/><V86/><F109/><W27/><G76/><T32/><D78/><U47/><E103/><V39/><F39/><W31/><G72/><T135/><D135/><U16/><E82/><V71/><F71/><W115/><G115/><T112/><D112/><U114/><E114/><V125/><F131/><W67/><G33/><T100/><D100/><U54/><E16/><N who="2" m="10647" /><F50/><N who="3" m="30871" /><G34/><T7/><D93/><U2/><E2/><V19/><F19/><AGARI ba="0,0" hai="8,13,19,21,27,31,59,62,67,90,91" m="30871" machi="19" ten="30,7700,0" yaku="8,1,52,2,54,1" doraHai="85" who="3" fromWho="2" sc="161,0,396,0,238,-77,205,77" /><INIT seed="7,0,0,0,4,111" ten="161,396,161,282" oya="3" hai0="11,86,31,50,26,52,35,126,121,106,38,64,43" hai1="18,102,23,129,124,20,97,78,54,15,49,100,45" hai2="62,69,13,96,57,71,12,98,65,53,6,28,39" hai3="132,110,55,120,3,70,125,90,123,17,24,4,5"/><W41/><G70/><T36/><D121/><U107/><E129/><V60/><F39/><W94/><G41/><T29/><D106/><U91/><E124/><V37/><F37/><W89/><G125/><T21/><D126/><U27/><E78/><V127/><F127/><W84/><G132/><T131/><D131/><U47/><E47/><V115/><F115/><W0/><G55/><T51/><D29/><N who="1" m="17639" /><E107/><V77/><F77/><W72/><G72/><T33/><D11/><U32/><E32/><V73/><F73/><W128/><G128/><T88/><D64/><U58/><E45/><V130/><F130/><W80/><G110/><T103/><D103/><U135/><E135/><V61/><F28/><W42/><G42/><T119/><D119/><U1/><E1/><V104/><F6/><W48/><G48/><T46/><D36/><U82/><E82/><V8/><F8/><W9/><G4/><T118/><D50/><U25/><E25/><V117/><F117/><W122/><G0/><T79/><D79/><U116/><E116/><V112/><F112/><W113/><G113/><T95/><D118/><U114/><E114/><V10/><F10/><W108/><G108/><T68/><D68/><U67/><E67/><V93/><F104/><W133/><G133/><T109/><D109/><U19/><E19/><V7/><F7/><W30/><G17/><T66/><D66/><U87/><E97/><N who="2" m="37483" /><F93/><W92/><REACH who="3" step="1"/><G89/><REACH who="3" ten="161,396,161,272" step="2"/><T76/><D76/><U16/><E18/><V75/><F75/><W14/><G14/><N who="2" m="5737" /><F69/><W59/><G59/><AGARI ba="0,1" hai="21,26,31,33,35,38,43,46,51,52,59,86,88,95" machi="59" ten="30,3900,0" yaku="7,1,54,2" doraHai="111" who="0" fromWho="3" sc="161,49,396,0,161,0,272,-39" owari="210,-19.0,396,50.0,161,-34.0,233,3.0" /></mjloggm>