<mjloggm ver="2.3"><GO type="169" lobby="0"/><UN n0="%E6%9A%97%E3%81%84%E7%AC%A6" n1="%E3%82%A6%E3%83%AB%E3%83%88%E3%83%A9%E7%AB%8B%E7%9B%B4" n2="%E5%82%B7%E3%81%AF%E6%B5%85%E3%81%84%E3%81%86%E3%81%A1%E3%81%AB" n3="%E4%BF%BA%54%55%45%45%45%45%45" dan="16,17,16,16" rate="2063.94,2213.25,2075.98,2100.89" sx="M,M,M,F"/><TAIKYOKU oya="0"/><INIT seed="0,0,0,2,5,131" ten="250,250,250,250" oya="0" hai0="120,57,33,10,21,56,134,81,82,53,122,71,118" hai1="65,130,43,100,51,9,59,64,67,69,23,96,39" hai2="54,125,12,44,37,38,87,109,24,7,107,50,14" hai3="63,113,66,80,75,106,68,124,121,133,101,108,49"/><T13/><D71/><U4/><E130/><V5/><F109/><W19/><G113/><T73/><D33/><U60/><E39/><V41/><F107/><W35/><G108/><T89/><D118/><U55/><E23/><V6/><F125/><W25/><G124/><T16/><D73/><U103/><E43/><V47/><F38/><W110/><G110/><T126/><D126/><U28/><E28/><V70/><F70/><W83/><G121/><T119/><D119/><U77/><E77/><V79/><REACH who="2" step="1"/><F24/><REACH who="2" ten="250,250,240,250" step="2"/><W30/><G106/><T91/><D122/><U112/><E112/><V95/><F95/><W105/><G105/><T135/><D120/><U61/><E69/><V90/><F90/><W129/><G25/><N who="0" m="14503" /><D91/><U40/><E103/><V11/><F11/><W97/><G101/><T20/><D89/><U48/><E100/><V2/><F2/><W117/><G68/><T116/><D116/><U29/><E9/><V46/><F46/><W8/><G8/><T127/><D127/><U104/><E104/><V86/><F86/><W128/><G117/><T115/><D115/><U42/><E96/><V52/><F52/><W34/><G97/><T36/><D36/><U32/><E55/><V94/><F94/><W17/><G128/><T27/><D10/><U114/><E114/><V15/><F15/><W111/><G111/><T3/><D3/><U85/><E85/><V62/><F62/><W93/><G63/><N who="0" m="36239" /><D13/><U26/><E26/><V76/><F76/><N who="3" m="44063" /><G129/><T58/><D57/><N who="1" m="36911" /><E60/><V18/><F18/><N who="3" m="6667" /><G93/><T31/><D58/><U88/><E59/><V78/><F78/><RYUUKYOKU ba="0,1" sc="250,15,250,-15,240,15,250,-15" hai0="20,27,31,81,82,134,135" hai2="5,6,7,12,14,37,41,44,47,50,54,79,87" /><INIT seed="0,1,1,2,1,113" ten="265,235,255,235" oya="0" hai0="6,106,24,20,92,99,28,51,81,39,108,13,56" hai1="18,15,119,53,44,63,11,70,74,88,34,49,101" hai2="127,21,58,46,10,116,96,85,112,32,22,50,118" hai3="97,83,65,29,27,52,82,42,66,129,76,131,114"/><T91/><D39/><U93/><E74/><V103/><F32/><W107/><G42/><T86/><D106/><U111/><E34/><V71/><F71/><W17/><G114/><T72/><D72/><U0/><E0/><V4/><F58/><W3/><G3/><T120/><D120/><U133/><E111/><V48/><F85/><W123/><G17/><T62/><D108/><U1/><E1/><N who="2" m="271" /><F112/><W89/><G123/><T135/><D135/><U121/><E133/><V69/><F69/><W126/><G126/><T45/><D6/><U79/><E79/><V8/><F8/><W73/><G83/><T90/><D13/><U125/><E125/><V59/><F59/><W7/><G7/><T130/><D130/><U23/><E121/><V26/><F46/><W104/><G104/><T16/><D45/><U78/><E78/><V77/><F77/><W2/><G2/><T54/><D51/><N who="2" m="19498" /><F26/><W134/><G134/><T94/><D94/><U68/><E11/><V33/><F33/><W115/><G115/><T75/><D75/><U84/><E68/><V30/><F30/><AGARI ba="1,1" hai="16,20,24,28,30,54,56,62,81,86,90,91,92,99" machi="30" ten="40,12000,1" yaku="25,2,8,1,54,1" doraHai="113" who="0" fromWho="2" sc="265,133,235,0,255,-123,235,0" /><INIT seed="0,2,0,1,1,134" ten="398,235,132,235" oya="0" hai0="32,6,7,55,23,1,27,4,76,132,22,77,87" hai1="84,50,115,97,122,81,44,64,0,101,8,45,128" hai2="83,26,10,75,129,111,89,37,53,82,30,92,24" hai3="88,61,34,58,131,51,21,15,2,106,46,42,56"/><T19/><D132/><U25/><E122/><V31/><F37/><W20/><G2/><T52/><D32/><U49/><E128/><V16/><F75/><W102/><G34/><T100/><D100/><U112/><E64/><V40/><F40/><W98/><G131/><T96/><D96/><U135/><E135/><V74/><F129/><W94/><G15/><N who="0" m="9599" /><D1/><U38/><E25/><N who="2" m="9835" /><F74/><W95/><G106/><T65/><D65/><U78/><E8/><V117/><F117/><W66/><REACH who="3" step="1"/><G58/><REACH who="3" ten="398,235,132,225" step="2"/><T57/><D57/><U93/><E0/><V62/><F111/><W104/><G104/><T108/><D108/><U116/><E116/><V123/><F123/><W47/><G47/><T70/><D70/><U39/><E115/><V68/><F68/><W14/><G14/><T48/><D7/><U109/><E112/><V133/><F133/><W43/><G43/><T105/><D105/><U125/><E109/><V67/><F31/><W72/><G72/><T9/><D6/><U5/><E5/><V118/><F30/><W119/><G119/><T28/><D4/><U120/><E120/><V41/><F41/><W91/><G91/><T36/><D28/><U63/><E45/><V11/><F118/><W99/><AGARI ba="2,1" hai="20,21,42,46,51,56,61,66,88,94,95,98,99,102" machi="99" ten="20,12000,2" yaku="1,1,0,1,7,1,8,1,54,1,53,1" doraHai="134" doraHaiUra="59" who="3" fromWho="3" sc="398,-62,235,-32,132,-32,225,136" /><INIT seed="1,0,0,0,1,27" ten="336,203,100,361" oya="1" hai0="12,102,94,34,81,106,85,19,101,8,109,15,35" hai1="84,24,72,126,129,3,120,36,97,55,107,10,62" hai2="113,18,63,76,4,40,23,16,87,21,114,88,29" hai3="46,132,71,14,92,50,48,125,0,104,25,39,70"/><U22/><E72/><V61/><F4/><W65/><G0/><T38/><D38/><U43/><E120/><V123/><F76/><W135/><G104/><T20/><D106/><U122/><E122/><V49/><F123/><W117/><G14/><T41/><D109/><U67/><E126/><V111/><F111/><W57/><G125/><T68/><D68/><N who="3" m="26153" /><G92/><T105/><D105/><U2/><E129/><V74/><F74/><W53/><G25/><T130/><D130/><U32/><E32/><V17/><F40/><N who="3" m="22815" /><G117/><T91/><D41/><U60/><E84/><V133/><F49/><N who="3" m="30895" /><G65/><T69/><D69/><N who="1" m="42215" /><E10/><V9/><F133/><AGARI ba="0,0" hai="48,50,132,133,135" m="30895,22815,26153" machi="133" ten="30,3900,0" yaku="20,1,34,2" doraHai="27" who="3" fromWho="2" sc="336,0,203,0,100,-39,361,39" /><INIT seed="2,0,0,4,1,31" ten="336,203,61,400" oya="2" hai0="70,128,74,84,72,68,46,45,13,4,9,47,41" hai1="129,119,3,18,109,35,14,39,1,77,17,53,58" hai2="103,65,29,90,92,93,22,111,107,10,98,118,89" hai3="21,11,130,15,55,64,131,16,85,33,114,110,38"/><V104/><F65/><W127/><G33/><T124/><D124/><U12/><E39/><V91/><F22/><W24/><G127/><T73/><D41/><U66/><E66/><V122/><F10/><W126/><G126/><T59/><D84/><U83/><E35/><V80/><F29/><W88/><G38/><T36/><D36/><U94/><E119/><V120/><F118/><W113/><G64/><T0/><D59/><U133/><E53/><V25/><F25/><W30/><G55/><T32/><D0/><U100/><E14/><V62/><F62/><W60/><G60/><T108/><D32/><U86/><E12/><V26/><F26/><W40/><G40/><T87/><D87/><U135/><E18/><V75/><F111/><W5/><G5/><T23/><D23/><U123/><E17/><V95/><F107/><W82/><REACH who="3" step="1"/><G110/><REACH who="3" ten="336,203,61,390" step="2"/><T63/><D108/><U117/><E109/><V132/><REACH who="2" step="1"/><F132/><REACH who="2" ten="336,203,51,390" step="2"/><W96/><G96/><T50/><D63/><U121/><E135/><V49/><F49/><W57/><G57/><T6/><D50/><U56/><E58/><V42/><F42/><W76/><G76/><AGARI ba="0,2" hai="75,76,80,89,90,91,92,93,95,98,103,104,120,122" machi="76" ten="40,12000,1" yaku="1,1,34,3,53,1" doraHai="31" doraHaiUra="101" who="2" fromWho="3" sc="336,0,203,0,51,140,390,-120" /><INIT seed="2,1,0,1,4,25" ten="336,203,191,270" oya="2" hai0="86,9,22,105,32,10,67,107,2,54,122,27,41" hai1="100,37,31,17,70,98,33,102,131,78,15,95,111" hai2="83,130,55,56,57,36,134,39,28,115,34,91,0" hai3="114,12,117,84,5,45,68,3,104,124,73,11,1"/><V58/><F115/><W75/><G117/><T43/><D67/><U24/><E111/><V42/><F0/><W13/><G68/><T80/><D32/><U62/><E131/><V64/><F130/><W101/><G114/><T69/><D69/><U21/><E37/><V87/><F42/><W59/><G104/><T108/><D108/><U113/><E113/><V60/><F134/><W96/><G45/><T35/><D35/><U126/><E126/><V89/><F89/><W106/><G124/><T85/><D2/><U110/><E110/><V6/><F6/><W26/><G3/><T19/><D122/><U38/><E38/><V8/><F8/><N who="0" m="3178" /><D86/><U99/><E78/><V93/><F83/><W7/><G7/><T72/><D107/><U81/><E81/><V29/><F29/><W4/><G84/><T77/><D105/><U118/><E118/><V97/><F87/><W88/><G106/><T16/><D72/><U76/><E76/><V135/><F135/><W90/><G73/><T116/><D116/><U20/><E99/><V94/><F94/><W63/><G96/><T123/><D123/><U120/><E120/><V14/><F14/><W71/><G12/><T82/><D80/><U92/><E92/><V40/><F40/><W112/><G13/><T44/><D19/><U132/><E132/><V47/><F47/><W18/><G18/><T48/><AGARI ba="1,0" hai="16,22,27,41,43,44,48,54,77,82,85" m="3178" machi="48" ten="30,2000,0" yaku="8,1,54,1" doraHai="25" who="0" fromWho="0" sc="336,23,203,-6,191,-11,270,-6" /><INIT seed="3,0,0,4,2,3" ten="359,197,180,264" oya="3" hai0="115,132,84,61,101,5,63,40,65,52,118,58,1" hai1="112,127,48,79,92,9,94,131,133,78,71,23,17" hai2="33,32,21,55,88,107,126,83,102,68,56,98,122" hai3="29,123,39,135,108,91,57,134,10,14,125,109,4"/><W6/><G39/><T62/><D118/><U20/><E71/><V121/><F68/><W50/><G123/><N who="2" m="47113" /><F21/><W15/><G125/><T86/><D101/><U24/><E112/><V64/><F64/><W113/><G113/><T119/><D119/><U104/><E104/><V16/><F16/><W11/><G91/><T43/><D115/><U19/><E127/><V35/><F126/><W49/><G57/><T111/><D132/><U46/><E133/><V90/><F83/><W18/><G29/><T12/><D1/><U44/><E131/><V38/><F38/><W81/><G18/><T47/><D65/><U2/><E2/><V75/><F75/><W53/><G53/><T45/><D43/><U66/><E66/><V95/><F107/><W34/><REACH who="3" step="1"/><G81/><REACH who="3" ten="359,197,180,254" step="2"/><T85/><D52/><U128/><E19/><V76/><F76/><W129/><G129/><T7/><D58/><U93/><E128/><V77/><F77/><W106/><G106/><T59/><D59/><U82/><E79/><V97/><F97/><W0/><G0/><T67/><D67/><U70/><E82/><V87/><F87/><W89/><G89/><T37/><D85/><U8/><E78/><V28/><F28/><W73/><G73/><T30/><D86/><U117/><E117/><V96/><F96/><W69/><G69/><T31/><D84/><U110/><E70/><V41/><F41/><W114/><G114/><T116/><D40/><U74/><E74/><V99/><F99/><W130/><G130/><T100/><D116/><U103/><E17/><V26/><F26/><W105/><G105/><RYUUKYOKU ba="0,1" sc="359,-15,197,-15,180,15,254,15" hai2="32,33,35,55,56,88,90,95,98,102" hai3="4,6,10,11,14,15,34,49,50,108,109,134,135" /><INIT seed="3,1,1,3,2,69" ten="344,182,195,269" oya="3" hai0="64,26,92,113,101,57,126,66,125,3,0,114,90" hai1="133,59,99,93,76,120,118,127,4,96,85,82,73" hai2="35,51,23,98,14,52,39,68,72,41,65,112,97" hai3="100,122,25,129,13,107,110,12,1,78,44,121,48"/><W36/><G1/><N who="0" m="587" /><D101/><N who="1" m="60559" /><E59/><N who="2" m="33183" /><F35/><W86/><G129/><T50/><D26/><U16/><E16/><N who="2" m="10647" /><F112/><N who="0" m="43114" /><D50/><U27/><E27/><V40/><F40/><W8/><G48/><T28/><D28/><U43/><E43/><V135/><F72/><W115/><G25/><T47/><D47/><U55/><E4/><V63/><F135/><W34/><G34/><T111/><D111/><U61/><E133/><V20/><F20/><W33/><G110/><T19/><D19/><U22/><E22/><V75/><F75/><W117/><G33/><T56/><D56/><U29/><E73/><V81/><F81/><W17/><G115/><T71/><D57/><U31/><E82/><V46/><AGARI ba="1,1" hai="39,41,46,63,65,68,97,98" m="10647,33183" machi="46" ten="30,7900,0" yaku="24,1,52,1,54,2" doraHai="69" who="2" fromWho="2" sc="344,-21,182,-21,195,92,269,-40" /><INIT seed="4,0,0,3,4,23" ten="323,161,287,229" oya="0" hai0="11,95,89,107,93,59,1,10,15,128,96,121,45" hai1="57,94,14,49,40,72,6,46,87,75,134,82,118" hai2="111,5,74,12,117,97,80,77,101,71,29,0,106" hai3="100,127,66,33,65,50,68,34,109,91,86,122,30"/><T58/><D107/><U51/><E134/><V39/><F12/><W133/><G109/><T130/><D121/><U16/><E118/><V4/><F4/><W38/><G38/><T123/><D123/><U83/><E6/><V90/><F111/><W73/><G73/><T42/><D1/><U27/><E75/><V119/><F29/><W135/><G122/><T13/><D45/><U99/><E72/><V105/><F71/><W92/><G127/><T113/><D42/><U8/><E27/><V103/><F39/><W115/><G100/><N who="2" m="38473" /><F5/><W2/><G2/><T17/><D113/><U47/><E57/><V102/><F0/><W41/><G115/><T55/><D95/><U22/><E22/><V19/><F19/><W124/><G124/><T20/><D58/><U125/><E125/><V98/><F106/><W69/><G68/><T56/><D59/><U53/><REACH who="1" step="1"/><E87/><REACH who="1" ten="323,151,287,229" step="2"/><V84/><F98/><W60/><G135/><T85/><D85/><U129/><E129/><N who="0" m="49769" /><D15/><U78/><E78/><V67/><F67/><W70/><G66/><T18/><D18/><U32/><E32/><V36/><F119/><W3/><G65/><T44/><D44/><U63/><E63/><AGARI ba="0,1" hai="10,11,13,17,20,55,56,63,89,93,96" m="49769" machi="63" ten="30,1500,0" yaku="19,1" doraHai="23" who="0" fromWho="1" sc="323,25,151,-15,287,0,229,0" /><INIT seed="4,1,0,2,1,55" ten="348,136,287,229" oya="0" hai0="17,59,97,78,95,77,23,60,65,39,134,84,80" hai1="74,131,135,121,89,35,87,105,66,120,114,109,117" hai2="125,6,16,100,24,30,14,15,54,38,107,29,68" hai3="71,9,8,75,126,7,27,132,110,88,1,98,28"/><T76/><D39/><U106/><E66/><V58/><F38/><W123/><G110/><T52/><D65/><U73/><E87/><V19/><F68/><W21/><G75/><T25/><D134/><U42/><E42/><V61/><F125/><W2/><G132/><T96/><D96/><U118/><E35/><V63/><F107/><N who="1" m="40969" /><E135/><V67/><F100/><AGARI ba="1,0" hai="17,23,25,52,59,60,76,77,78,80,84,95,97,100" machi="100" ten="30,11600,0" yaku="7,1,8,1,52,1,54,1" doraHai="55" who="0" fromWho="2" sc="348,119,136,0,287,-119,229,0" /><INIT seed="4,2,0,5,4,128" ten="467,136,168,229" oya="0" hai0="7,112,61,25,83,121,65,131,20,23,58,76,107" hai1="79,14,43,45,30,129,35,60,126,40,49,125,113" hai2="27,98,119,64,124,81,85,118,87,31,86,97,73" hai3="123,80,69,46,18,42,95,28,53,111,84,93,48"/><T88/><D107/><U106/><E106/><V109/><F64/><W72/><G111/><T5/><D121/><U71/><E30/><V11/><F11/><W130/><G123/><T75/><D112/><U37/><E35/><V33/><F109/><W10/><G69/><T0/><D0/><U8/><E79/><N who="2" m="44271" /><F124/><N who="1" m="47721" /><E14/><V13/><F13/><N who="3" m="7479" /><G72/><T66/><D131/><U62/><E8/><V51/><F51/><N who="3" m="27095" /><G28/><T132/><D66/><N who="1" m="41415" /><E129/><V135/><F135/><W44/><G130/><T108/><D132/><U115/><E62/><V24/><F24/><W116/><G116/><AGARI ba="2,0" hai="27,31,33,85,86,87,97,98,116,118,119" m="44271" machi="116" ten="30,1000,0" yaku="12,1" doraHai="128" who="2" fromWho="3" sc="467,0,136,0,168,16,229,-16" /><INIT seed="5,0,0,4,2,121" ten="467,136,184,213" oya="1" hai0="24,4,88,110,105,7,101,128,83,119,86,96,106" hai1="82,3,73,112,51,40,98,103,61,30,63,38,14" hai2="29,54,33,84,60,123,49,43,12,8,94,5,72" hai3="77,100,16,48,115,134,79,122,78,27,37,131,99"/><U104/><E112/><V125/><F72/><W66/><G122/><T23/><D106/><U68/><E3/><V18/><F123/><W36/><G115/><T116/><D128/><U15/><E38/><V71/><F33/><W56/><G131/><T107/><D107/><U133/><E133/><V57/><F29/><W80/><G134/><T85/><D110/><U76/><E30/><V28/><F28/><W69/><G69/><T59/><D4/><U90/><E90/><N who="2" m="53575" /><F71/><W55/><G66/><T31/><D7/><U75/><E75/><V53/><F125/><W91/><G91/><T39/><D39/><U114/><E114/><V111/><F111/><W13/><G27/><T130/><D130/><U46/><REACH who="1" step="1"/><E68/><REACH who="1" ten="467,126,184,213" step="2"/><V97/><F97/><W1/><G1/><T0/><D0/><U87/><E87/><V108/><F108/><W44/><G36/><T2/><D2/><U34/><E34/><V70/><F70/><W118/><G37/><T89/><D116/><U58/><E58/><N who="2" m="33103" /><F43/><W6/><G118/><T129/><D119/><U62/><AGARI ba="0,1" hai="14,15,40,46,51,61,62,63,73,76,82,98,103,104" machi="62" ten="30,6000,0" yaku="1,1,0,1,53,1" doraHai="121" doraHaiUra="102" who="1" fromWho="1" sc="467,-20,126,70,184,-20,213,-20" /><INIT seed="5,1,0,0,2,12" ten="447,196,164,193" oya="1" hai0="118,59,2,39,60,49,10,21,134,0,13,40,55" hai1="28,31,25,87,128,99,101,115,26,34,29,100,72" hai2="79,7,9,24,61,102,127,33,27,122,125,96,47" hai3="93,35,44,62,15,22,53,36,17,69,74,80,97"/><U65/><E72/><V67/><F122/><W41/><G35/><T46/><D134/><U58/><E115/><V124/><F47/><W92/><G97/><T103/><D103/><N who="1" m="39499" /><E99/><V23/><F79/><W57/><REACH who="3" step="1"/><G69/><REACH who="3" ten="447,196,164,183" step="2"/><T4/><D118/><U81/><E34/><V11/><F33/><W19/><G19/><T123/><D123/><U30/><E128/><V129/><F129/><W14/><G14/><T63/><D0/><U135/><E31/><N who="2" m="17823" /><F7/><W51/><G51/><T94/><D2/><U64/><E135/><V78/><F27/><N who="1" m="10249" /><E58/><N who="2" m="37303" /><F78/><AGARI ba="1,1" hai="15,17,22,36,41,44,53,57,62,74,78,80,92,93" machi="78" ten="40,2600,0" yaku="1,1,52,1,53,0" doraHai="12" doraHaiUra="131" who="3" fromWho="2" sc="447,0,196,0,164,-29,183,39" /><AGARI ba="1,0" hai="28,29,30,64,65,78,81,87" m="10249,39499" machi="78" ten="30,1500,0" yaku="8,1" doraHai="12" who="1" fromWho="2" sc="447,0,196,15,135,-15,222,0" /><INIT seed="5,2,0,5,5,111" ten="447,211,120,222" oya="1" hai0="22,31,101,44,37,102,99,11,41,16,67,115,35" hai1="105,3,134,1,34,128,89,48,82,64,94,10,95" hai2="46,62,77,25,121,119,38,32,93,132,5,49,98" hai3="43,65,17,42,85,56,118,70,66,40,122,107,45"/><U68/><E105/><V131/><F119/><W63/><G107/><T30/><D35/><U8/><E34/><V126/><F121/><W57/><G85/><T21/><D67/><N who="3" m="25609" /><G17/><T74/><D74/><U90/><E64/><V18/><F62/><W81/><G81/><T86/><D101/><U117/><E48/><V108/><F108/><W76/><G76/><T19/><D86/><U87/><E87/><V53/><F38/><N who="3" m="21655" /><G122/><T80/><D80/><U9/><E82/><V116/><F116/><W24/><G24/><T125/><D11/><U100/><E9/><V54/><F126/><W75/><G75/><T58/><D125/><U114/><E117/><V29/><F54/><N who="3" m="34199" /><G70/><T7/><D7/><U130/><E100/><V104/><F77/><W69/><G69/><T52/><D99/><U96/><E96/><V127/><F5/><W13/><G13/><T51/><D102/><U135/><REACH who="1" step="1"/><E68/><REACH who="1" ten="447,201,120,222" step="2"/><V28/><F98/><W112/><G118/><T47/><D51/><U4/><E4/><V109/><F104/><W91/><G91/><T92/><D92/><U72/><E72/><V2/><F93/><W26/><G57/><T36/><D58/><U133/><E133/><V129/><F132/><W113/><G26/><T83/><D83/><U39/><E39/><V59/><F25/><W84/><G84/><T33/><D37/><U88/><E88/><V103/><F59/><W60/><G60/><T78/><D36/><U124/><E124/><V14/><F127/><W0/><G0/><T123/><D33/><U15/><E15/><V97/><F14/><W110/><G110/><RYUUKYOKU ba="2,1" sc="447,-15,201,15,120,-15,222,15" hai1="1,3,8,10,89,90,94,95,114,128,130,134,135" hai3="42,43,112,113" /><INIT seed="5,3,1,0,2,135" ten="432,216,105,237" oya="1" hai0="106,64,94,22,84,109,127,47,43,99,39,4,61" hai1="90,66,42,14,53,26,51,38,114,79,5,104,7" hai2="130,78,6,50,17,113,67,30,111,98,97,129,126" hai3="112,54,34,80,134,86,44,133,110,57,16,69,89"/><U101/><E114/><V76/><F111/><W68/><G34/><T45/><D106/><U59/><E79/><N who="2" m="30251" /><F30/><W48/><G110/><T105/><D105/><U128/><E128/><N who="2" m="49259" /><F6/><W77/><G112/><T36/><D84/><U25/><E104/><V15/><F113/><W31/><G31/><T116/><D4/><N who="1" m="1611" /><E38/><V41/><F67/><W55/><G16/><T2/><D39/><U3/><E3/><V117/><F117/><W103/><G103/><T46/><D2/><U72/><E72/><V132/><F132/><N who="3" m="50795" /><G77/><T81/><D109/><U33/><E33/><V107/><F107/><W87/><G86/><T10/><D36/><U18/><E101/><V19/><F126/><W96/><G96/><N who="2" m="36969" /><F15/><W91/><G91/><T60/><D127/><U125/><E125/><V11/><F11/><W95/><G95/><T65/><D94/><U49/><E90/><V37/><F37/><W24/><G24/><T23/><D10/><N who="1" m="6487" /><E66/><V32/><F32/><W9/><G9/><T83/><D65/><U73/><E73/><V62/><F62/><AGARI ba="3,1" hai="44,48,54,55,57,62,68,69,80,87,89" m="50795" machi="62" ten="30,1000,0" yaku="20,1" doraHai="135" who="3" fromWho="2" sc="432,0,216,0,105,-19,237,29" /><INIT seed="6,0,0,5,1,84" ten="432,216,86,266" oya="2" hai0="109,21,97,71,5,41,82,26,83,63,0,31,15" hai1="62,69,53,90,103,105,117,34,7,23,28,66,49" hai2="104,58,47,112,50,110,27,22,131,65,134,107,113" hai3="2,116,101,94,108,121,99,87,43,120,93,10,25"/><V77/><F131/><W95/><G108/><T52/><D41/><U68/><E23/><V35/><F35/><W102/><G43/><T57/><D71/><U14/><E14/><V86/><F134/><W119/><G25/><T127/><D127/><U19/><E19/><V9/><F9/><W70/><G70/><T75/><D75/><U3/><E68/><V88/><F77/><W85/><G2/><T17/><D109/><U48/><E117/><N who="3" m="45130" /><G10/><T115/><D97/><N who="1" m="61679" /><E7/><V126/><F126/><W56/><G56/><T33/><D115/><N who="2" m="44106" /><F110/><W13/><G13/><T132/><D132/><U80/><E3/><V100/><F100/><N who="3" m="38507" /><G99/><T38/><D38/><U16/><E16/><N who="2" m="12743" /><F58/><W59/><G59/><T29/><D29/><U61/><E28/><V89/><F65/><W118/><G118/><T55/><D55/><U40/><E34/><V46/><F89/><W98/><G98/><T81/><D0/><U30/><E90/><V54/><F47/><W60/><G60/><T36/><D36/><U79/><E62/><V64/><F64/><W73/><G73/><T8/><D33/><U51/><E61/><V12/><F12/><W32/><G32/><T74/><D74/><U11/><E66/><V114/><N who="2" m="44114" /><V4/><DORA hai="125" /><F4/><W78/><G78/><T20/><D20/><U37/><E79/><V76/><F76/><W135/><G135/><T129/><D5/><U42/><E69/><V133/><F133/><W91/><G91/><T130/><AGARI ba="0,0" hai="8,15,17,21,26,31,52,57,63,81,82,83,129,130" machi="130" ten="30,7900,0" yaku="0,1,52,2,54,1" doraHai="84,125" who="0" fromWho="0" sc="432,79,216,-20,86,-39,266,-20" /><INIT seed="7,0,0,2,0,102" ten="511,196,47,246" oya="3" hai0="83,32,49,25,80,6,104,111,57,101,48,118,63" hai1="17,10,45,87,34,76,16,121,59,82,128,131,56" hai2="81,54,69,55,71,122,97,99,126,2,105,107,134" hai3="65,92,38,93,35,12,106,127,3,114,0,103,95"/><W132/><G38/><T84/><D6/><U24/><E121/><V74/><F122/><W77/><G35/><T133/><D83/><U7/><E45/><V43/><F81/><W79/><G65/><T8/><D8/><U31/><E59/><V123/><F123/><W46/><G46/><T64/><D111/><U33/><E56/><V85/><F85/><W61/><G61/><T116/><D133/><U135/><E34/><V41/><F134/><W70/><G70/><T27/><D27/><U21/><E135/><V96/><F96/><N who="3" m="61799" /><G12/><T90/><D48/><U75/><E75/><V39/><F74/><W91/><G0/><T20/><D49/><U68/><E68/><V44/><F44/><W108/><G3/><T129/><D32/><U67/><E67/><V78/><F2/><W26/><G26/><T50/><D50/><U124/><E33/><V119/><F78/><W14/><G14/><T4/><D4/><U100/><E7/><V94/><F94/><W117/><G95/><T42/><D42/><U52/><E10/><V15/><F15/><W36/><G36/><T1/><D1/><U18/><E52/><V22/><F126/><W89/><G127/><T13/><D13/><U53/><E53/><V47/><F47/><W11/><G11/><T58/><D58/><U29/><E124/><V110/><F110/><W62/><G132/><T60/><D60/><U37/><E37/><V23/><REACH who="2" step="1"/><F39/><REACH who="2" ten="511,196,37,246" step="2"/><W72/><G108/><T51/><D63/><U88/><E76/><V5/><F5/><W73/><G79/><T30/><D64/><U130/><E82/><RYUUKYOKU ba="0,1" sc="511,-10,196,-10,37,30,246,-10" hai2="22,23,41,43,54,55,69,71,97,99,105,107,119" owari="511,60.0,186,-21.0,67,-43.0,236,4.0" /></mjloggm>