<mjloggm ver="2.3"><GO type="225" lobby="0"/><UN n0="%6D%61%67%61%72%69" n1="%E5%B0%B1%E6%B4%BB%E7%94%9F%40%E5%B7%9D%E6%9D%91%E8%BB%8D%E5%9B%A3" n2="%74%74%6F%68%6F%6B%75" n3="%E9%AC%BC%E5%8F%A3%E3%81%BE%E3%81%93%E3%81%A8" dan="16,17,16,16" rate="2110.19,2093.05,2076.54,2226.76" sx="M,M,M,M"/><TAIKYOKU oya="0"/><INIT seed="0,0,0,0,4,51" ten="250,250,250,250" oya="0" hai0="21,71,44,20,9,25,74,59,86,93,75,16,123" hai1="46,17,12,115,15,33,127,10,56,54,85,77,101" hai2="119,68,58,106,100,36,64,78,92,129,91,53,131" hai3="98,72,5,14,111,65,47,18,1,3,31,28,24"/><T87/><D71/><U23/><E33/><V126/><F36/><W37/><G72/><T124/><D123/><U113/><E127/><V103/><F78/><W107/><G65/><T132/><D124/><U96/><E46/><V90/><F126/><W97/><G111/><T2/><D132/><U120/><E120/><V4/><F119/><W52/><G37/><T118/><D118/><U83/><E113/><V45/><F106/><W88/><G107/><T116/><D116/><U84/><E115/><V69/><F45/><W99/><G3/><T43/><D21/><U22/><E85/><V70/><F68/><W34/><G31/><T104/><D104/><U62/><REACH who="1" step="1"/><E12/><REACH who="1" ten="250,240,250,250" step="2"/><V11/><F129/><W50/><G1/><T80/><D86/><U76/><E76/><V73/><F131/><W117/><G117/><T122/><D122/><U102/><E102/><V110/><F73/><W109/><G109/><T108/><D108/><U55/><E55/><V35/><F53/><W26/><G26/><T79/><D74/><U133/><E133/><V0/><F35/><W27/><G27/><T30/><D75/><U125/><E125/><V134/><F134/><W67/><G67/><T42/><D44/><U19/><E19/><V95/><F100/><W81/><G81/><T89/><D79/><U94/><AGARI ba="0,1" hai="10,15,17,22,23,54,56,62,77,83,84,94,96,101" machi="94" ten="20,12000,2" yaku="1,1,0,1,7,1,8,1,52,1,53,1" doraHai="51" doraHaiUra="82" who="1" fromWho="1" sc="250,-60,240,130,250,-30,250,-30" /><INIT seed="1,0,0,5,3,19" ten="190,370,220,220" oya="1" hai0="92,53,49,47,22,5,24,104,23,7,120,52,117" hai1="86,95,82,76,135,26,114,132,83,42,51,102,8" hai2="25,79,122,16,129,103,121,78,131,65,31,13,48" hai3="38,72,10,107,54,100,111,39,0,61,60,70,12"/><U67/><E114/><V85/><F103/><W90/><G0/><T41/><D104/><U77/><E67/><V4/><F4/><W62/><G72/><T106/><D106/><U69/><E69/><V91/><F65/><W27/><G70/><T37/><D120/><U15/><E26/><V80/><F48/><W74/><G74/><T89/><D117/><U73/><E102/><V94/><F121/><W66/><G66/><T130/><D130/><N who="2" m="49674" /><F122/><W112/><G112/><T40/><D40/><U115/><E95/><V21/><F94/><W58/><G100/><T101/><D101/><U110/><E110/><V59/><F59/><W87/><G111/><T18/><D23/><AGARI ba="0,0" hai="13,16,21,23,25,31,78,79,80,85,91" m="49674" machi="23" ten="30,7700,0" yaku="19,1,52,2,54,1" doraHai="19" who="2" fromWho="0" sc="190,-77,370,0,220,77,220,0" /><INIT seed="2,0,0,5,1,53" ten="113,370,297,220" oya="2" hai0="109,61,116,58,48,33,17,39,87,41,20,83,71" hai1="31,38,63,66,2,103,0,57,36,119,68,72,78" hai2="81,19,67,99,30,133,5,107,45,86,4,3,135" hai3="35,12,131,70,18,8,42,14,74,75,46,88,92"/><V127/><F30/><W126/><G126/><T85/><D33/><U97/><E119/><V25/><F67/><W73/><G131/><T24/><D116/><U105/><E31/><V52/><F3/><N who="1" m="1065" /><E57/><V44/><F127/><W6/><G70/><T95/><D109/><U22/><E22/><V54/><F99/><W32/><G14/><T43/><D71/><U27/><E27/><V111/><F107/><W123/><G123/><T128/><D128/><U90/><E90/><V60/><F111/><W91/><G6/><N who="2" m="2665" /><F133/><W47/><G91/><N who="0" m="53759" /><D39/><U77/><E77/><N who="2" m="46383" /><F135/><W104/><G104/><T82/><D48/><U96/><E96/><V134/><F134/><W125/><G125/><T51/><D51/><U21/><E21/><N who="2" m="13503" /><F54/><W89/><G89/><N who="0" m="51391" /><D82/><AGARI ba="0,0" hai="36,38,63,66,68,72,78,82,97,103,105" m="1065" machi="82" ten="30,2000,0" yaku="33,2" doraHai="53" who="1" fromWho="0" sc="113,-20,370,20,297,0,220,0" /><INIT seed="3,0,0,4,1,59" ten="93,390,297,220" oya="3" hai0="0,102,7,86,64,91,27,112,119,38,101,121,106" hai1="90,117,79,115,58,9,4,133,82,85,45,83,47" hai2="69,66,16,67,78,77,19,6,5,61,92,55,35" hai3="110,17,57,36,74,108,39,10,37,127,48,65,29"/><W131/><G74/><T114/><D38/><U44/><E115/><V124/><F35/><W99/><G29/><T88/><D64/><U113/><E117/><V130/><F124/><W95/><G127/><T107/><D27/><U54/><E113/><N who="0" m="43625" /><D7/><U104/><E104/><N who="0" m="39977" /><D0/><U75/><E133/><V34/><F34/><W3/><G3/><T26/><D26/><U41/><E41/><V103/><F130/><W40/><G131/><T30/><D30/><U33/><E33/><V126/><F126/><W71/><G17/><T73/><D119/><U21/><E21/><V32/><F32/><W20/><G20/><T70/><D70/><U132/><E132/><V53/><F69/><W43/><G10/><T24/><D24/><U60/><E45/><V42/><F42/><W8/><G8/><T11/><D11/><U120/><E120/><V96/><F103/><N who="0" m="39434" /><D121/><U116/><E116/><V62/><F92/><W80/><G71/><T14/><D14/><AGARI ba="0,0" hai="4,9,14,44,47,54,58,60,75,79,82,83,85,90" machi="14" ten="30,2000,0" yaku="7,1,52,1" doraHai="59" who="1" fromWho="0" sc="93,-20,390,20,297,0,220,0" owari="73,-43.0,410,51.0,297,10.0,220,-18.0" /></mjloggm>