<mjloggm ver="2.3"><GO type="169" lobby="0"/><UN n0="%79%6F%6A%6F" n1="%E3%81%BB%E3%81%97%E3%81%AE%E3%81%99%E3%81%9A%E3%81%BF" n2="%E3%83%98%E3%82%AF%E3%82%B5%E3%83%BC" n3="%E5%B0%B1%E6%B4%BB%E7%94%9F%40%E5%B7%9D%E6%9D%91%E8%BB%8D%E5%9B%A3" dan="16,16,17,16" rate="2163.73,2061.46,2144.56,2080.62" sx="F,F,M,M"/><TAIKYOKU oya="0"/><INIT seed="0,0,0,5,1,16" ten="250,250,250,250" oya="0" hai0="5,115,77,117,10,28,78,110,70,123,120,67,12" hai1="93,84,105,135,34,59,3,126,86,119,43,85,22" hai2="57,11,109,38,53,30,68,130,103,114,71,51,116" hai3="25,88,128,74,17,14,23,46,66,104,4,81,9"/><T69/><D117/><U62/><E119/><V55/><F116/><W118/><G104/><T108/><D115/><U45/><E105/><V101/><F114/><W8/><G128/><T64/><D28/><U39/><E34/><V19/><F130/><W63/><G118/><T50/><D50/><U7/><E126/><V82/><F38/><W32/><G46/><T96/><D96/><U40/><E40/><V0/><F109/><N who="0" m="42090" /><D64/><U6/><E135/><V1/><F30/><W107/><G107/><T37/><D37/><U26/><E3/><V60/><F0/><W44/><G44/><T90/><D90/><U132/><E93/><V61/><F1/><W21/><G32/><T49/><D49/><N who="1" m="26815" /><E132/><V48/><F51/><W15/><G25/><T41/><D41/><U56/><E39/><V36/><F36/><W95/><G74/><T18/><D5/><N who="1" m="1547" /><E62/><V97/><F60/><W54/><G81/><T92/><D92/><U35/><E35/><V122/><F82/><W125/><G125/><T87/><D87/><N who="1" m="22275" /><U20/><DORA hai="124" /><E26/><V79/><F61/><W100/><G66/><T65/><D65/><U52/><E52/><V80/><F53/><W27/><G27/><T102/><D67/><U75/><E75/><N who="2" m="43135" /><F122/><N who="0" m="46634" /><D102/><U94/><E94/><N who="2" m="58551" /><F103/><W106/><G100/><T31/><D31/><U133/><E133/><V72/><F72/><W33/><G33/><T112/><D112/><U127/><E127/><V76/><F55/><W2/><G54/><T47/><D47/><U29/><E29/><V131/><F48/><W91/><G63/><T113/><D113/><U83/><E83/><RYUUKYOKU ba="0,0" sc="250,15,250,15,250,-15,250,-15" hai0="10,12,18,69,70,77,78" hai1="20,22,56,59" /><INIT seed="0,1,0,5,1,23" ten="265,265,235,235" oya="0" hai0="125,10,123,48,117,53,2,109,85,32,108,56,67" hai1="96,51,111,93,110,115,77,102,62,94,73,75,112" hai2="64,105,49,72,8,87,120,27,101,134,26,69,17" hai3="128,74,71,92,24,81,88,76,42,13,20,118,124"/><T6/><D123/><U89/><E51/><V19/><F120/><W33/><G118/><T106/><D117/><U25/><E77/><V90/><F72/><W70/><G124/><T130/><D106/><U86/><E25/><V22/><F134/><W18/><G128/><T113/><D113/><N who="1" m="43595" /><E62/><V35/><F69/><W68/><G42/><T1/><D125/><U0/><E0/><V12/><F64/><W82/><G82/><T11/><D130/><U97/><E86/><V21/><F49/><W28/><REACH who="3" step="1"/><G71/><REACH who="3" ten="265,265,235,225" step="2"/><T116/><D116/><U135/><E135/><V66/><F35/><W58/><G58/><T131/><D32/><U30/><E30/><V60/><F60/><W99/><AGARI ba="1,1" hai="13,18,20,24,28,33,68,70,74,76,81,88,92,99" machi="99" ten="20,12000,2" yaku="1,1,0,1,7,1,52,1,54,1,53,1" doraHai="23" doraHaiUra="14" who="3" fromWho="3" sc="265,-61,265,-31,235,-31,225,133" /><INIT seed="1,0,0,4,3,59" ten="204,234,204,358" oya="1" hai0="7,5,42,70,4,43,123,134,18,96,111,51,73" hai1="57,133,6,103,115,8,109,124,120,41,20,69,114" hai2="34,130,104,36,90,32,125,112,19,50,61,118,132" hai3="24,46,66,64,71,129,54,83,94,38,30,77,28"/><U60/><E120/><V121/><RYUUKYOKU type="yao9" ba="0,0" sc="204,0,234,0,204,0,358,0" hai2="19,32,34,36,50,61,90,104,112,118,121,125,130,132" /><INIT seed="1,1,0,4,1,87" ten="204,234,204,358" oya="1" hai0="31,47,48,80,66,74,120,99,40,36,15,63,103" hai1="133,78,77,29,38,35,32,62,105,43,73,6,123" hai2="83,5,11,94,135,104,112,34,52,8,85,129,100" hai3="0,114,111,49,102,41,67,54,75,23,30,13,126"/><U50/><E105/><V58/><F129/><W101/><G0/><T117/><D117/><U128/><E123/><V4/><F135/><W9/><G75/><T57/><D120/><U28/><E38/><V134/><F134/><W12/><G114/><T98/><D31/><U81/><E133/><V91/><F34/><W86/><G126/><T97/><D15/><U7/><E62/><N who="2" m="36167" /><F104/><W88/><G41/><T59/><D36/><U22/><E128/><V107/><F107/><W51/><G67/><T60/><D74/><U39/><E39/><V84/><F112/><W45/><G111/><T71/><D80/><U55/><E43/><V65/><F65/><W92/><G49/><T131/><D131/><U26/><E78/><N who="2" m="46199" /><F100/><W76/><G76/><T46/><D46/><U93/><E35/><V61/><F61/><W56/><G45/><T130/><D130/><U70/><E70/><V95/><F94/><W79/><G79/><T44/><D44/><U121/><E121/><V89/><F89/><W108/><G108/><T14/><D71/><U82/><E32/><V42/><F42/><W33/><G33/><T110/><D110/><U96/><E81/><V3/><F3/><W115/><G115/><T17/><D63/><U119/><E119/><V132/><F132/><W69/><G69/><T19/><D59/><U127/><E127/><V25/><F25/><N who="3" m="16703" /><G13/><T72/><D72/><U106/><E106/><V24/><F24/><W125/><G125/><T113/><D113/><U124/><E124/><V18/><F8/><W1/><G1/><T109/><D109/><U90/><E29/><RYUUKYOKU ba="1,0" sc="204,-30,234,10,204,10,358,10" hai1="6,7,22,26,28,50,55,73,77,82,90,93,96" hai2="4,5,11,18,85,91,95" hai3="9,12,51,54,56,86,88,92,101,102" /><INIT seed="1,2,0,1,2,39" ten="174,244,214,368" oya="1" hai0="13,23,11,78,6,29,35,126,130,24,129,99,69" hai1="87,59,104,95,15,128,30,100,115,121,83,58,86" hai2="125,84,132,18,67,50,22,45,48,72,101,51,131" hai3="40,1,113,96,71,68,33,85,75,8,55,93,61"/><U82/><E115/><V116/><F72/><W41/><G75/><T64/><D78/><U77/><E121/><V2/><F116/><W56/><G33/><T124/><D69/><U65/><E104/><V98/><F131/><N who="0" m="50186" /><D64/><U134/><E128/><V49/><F132/><W42/><G113/><T19/><D99/><N who="1" m="59519" /><E134/><V70/><F125/><W52/><G55/><T110/><D110/><U53/><E65/><V112/><F112/><W27/><G85/><T3/><AGARI ba="2,0" hai="3,6,11,13,19,23,24,29,35,124,126" m="50186" machi="3" ten="30,7900,0" yaku="24,1,19,1,34,2" doraHai="39" who="0" fromWho="0" sc="174,85,244,-41,214,-22,368,-22" /><INIT seed="2,0,0,4,1,78" ten="259,203,192,346" oya="2" hai0="127,43,75,83,46,71,77,55,123,60,106,115,8" hai1="125,112,39,37,13,38,12,88,110,45,51,104,64" hai2="114,81,89,40,111,98,96,53,99,122,48,91,34" hai3="128,94,74,69,59,113,66,108,61,35,87,84,109"/><V1/><F122/><W32/><G74/><T54/><D123/><U79/><E112/><V30/><F114/><W33/><G113/><T17/><D106/><U73/><E104/><V63/><F1/><W0/><G0/><T80/><D115/><U29/><E110/><N who="3" m="42602" /><G128/><T4/><D127/><U27/><E64/><V16/><F111/><W28/><G28/><T6/><D17/><U24/><E125/><V82/><F34/><W101/><G69/><T10/><D71/><U102/><E102/><V31/><F63/><W118/><G118/><T20/><D20/><U95/><E27/><V44/><F40/><W47/><G47/><T3/><D60/><U22/><E79/><V68/><F68/><W85/><G101/><T131/><D83/><N who="2" m="31754" /><F16/><W135/><G135/><T41/><D43/><U49/><E73/><V11/><F11/><W100/><G100/><T7/><D7/><U62/><E62/><V36/><F36/><W5/><G5/><T86/><D6/><U18/><E45/><V129/><F129/><W103/><G103/><T14/><D131/><U117/><E117/><V120/><F120/><W58/><G58/><T92/><D8/><U2/><E2/><V76/><F76/><W72/><G72/><T25/><D75/><U116/><E116/><V93/><F91/><AGARI ba="0,0" hai="32,33,35,59,61,66,84,85,87,91,94" m="42602" machi="91" ten="40,1300,0" yaku="14,1" doraHai="78" who="3" fromWho="2" sc="259,0,203,0,192,-13,346,13" /><INIT seed="3,0,0,2,4,94" ten="259,203,179,359" oya="3" hai0="12,20,74,78,73,117,8,90,57,63,84,70,116" hai1="93,102,54,22,77,103,95,26,130,56,48,86,61" hai2="55,114,1,96,128,29,46,14,123,125,110,118,33" hai3="41,76,126,120,135,36,13,45,39,111,106,40,80"/><W19/><G106/><T7/><D70/><U115/><E115/><V60/><F114/><W10/><G120/><T9/><D20/><U121/><E121/><V119/><F123/><W85/><G126/><T31/><D31/><U107/><E107/><V0/><F125/><W82/><G111/><T112/><D112/><U58/><E77/><V124/><F124/><W24/><G135/><T35/><D35/><U101/><E130/><V104/><F128/><W64/><G64/><T129/><D129/><U3/><E86/><V83/><F110/><W97/><G24/><T131/><D131/><U25/><E3/><V133/><F133/><W37/><G80/><T16/><D74/><U34/><E34/><V134/><F0/><W69/><G69/><T43/><D43/><U88/><E22/><V15/><F1/><W71/><G71/><T5/><D78/><U109/><E95/><V132/><F104/><W52/><REACH who="3" step="1"/><G97/><REACH who="3" ten="259,203,179,349" step="2"/><T23/><D117/><U59/><E109/><V28/><F132/><W87/><G87/><T49/><D73/><U53/><E59/><V81/><F119/><W113/><G113/><T68/><D68/><U32/><E32/><V108/><F33/><W98/><G98/><T17/><D116/><U65/><E65/><V50/><F118/><W105/><G105/><T62/><D57/><U91/><E93/><V127/><F108/><W89/><G89/><AGARI ba="0,1" hai="25,26,48,53,54,56,58,61,88,89,91,101,102,103" machi="89" ten="40,2600,0" yaku="8,1,54,1" doraHai="94" who="1" fromWho="3" sc="259,0,203,36,179,0,349,-26" /><INIT seed="4,0,0,5,2,107" ten="259,239,179,323" oya="0" hai0="128,77,80,0,118,27,20,67,8,120,54,40,11" hai1="83,117,133,94,35,89,52,14,127,45,75,34,101" hai2="60,31,110,9,116,78,93,115,104,71,113,114,38" hai3="132,58,59,10,37,108,100,105,17,70,50,30,7"/><T112/><D120/><U12/><E117/><V124/><F104/><W90/><G70/><T39/><D118/><U131/><E101/><V69/><F116/><W15/><G15/><T42/><D67/><U13/><E131/><V62/><F110/><W3/><G37/><T84/><D128/><U135/><E127/><V43/><F124/><W103/><G105/><T111/><D111/><U33/><E94/><V22/><F9/><W79/><G17/><T87/><D54/><U95/><E95/><V119/><F119/><W32/><G90/><T72/><D40/><U26/><E26/><N who="2" m="16855" /><F93/><W57/><G132/><N who="1" m="50762" /><E89/><V25/><F25/><W73/><G50/><T29/><D8/><U74/><E83/><V46/><F78/><W85/><G85/><T76/><D77/><U23/><E23/><V88/><F88/><W48/><G30/><T122/><D122/><U64/><E64/><V91/><F91/><W102/><G32/><T55/><D55/><U53/><E53/><V19/><F43/><W4/><G10/><T24/><D27/><U1/><E1/><V16/><F113/><W49/><G3/><T106/><D112/><U36/><E36/><V96/><F115/><W97/><G79/><T63/><D106/><U65/><E65/><N who="2" m="41127" /><F114/><W66/><G66/><T82/><D80/><U5/><E5/><N who="3" m="2122" /><G108/><T28/><D29/><U134/><N who="1" m="50770" /><U123/><DORA hai="121" /><E123/><V92/><F38/><W109/><G109/><T41/><D39/><U61/><E61/><V44/><F92/><W21/><G97/><T129/><D129/><U130/><E130/><V99/><F96/><RYUUKYOKU ba="0,0" sc="259,-10,239,30,179,-10,323,-10" hai1="12,13,14,33,34,35,45,52,74,75" /><INIT seed="5,1,0,2,2,126" ten="249,269,169,313" oya="1" hai0="41,24,10,11,66,97,132,111,105,74,77,31,6" hai1="117,2,86,59,109,35,1,47,21,71,72,113,32" hai2="48,99,85,70,106,135,82,55,134,23,123,22,39" hai3="119,84,133,38,96,13,26,17,103,49,118,116,25"/><U89/><E117/><V20/><F123/><W44/><G133/><N who="2" m="50697" /><F39/><W110/><G38/><T46/><D111/><U65/><E72/><V54/><F70/><W90/><G110/><T112/><D132/><U107/><E107/><V51/><F99/><W125/><G125/><T68/><D112/><U4/><E109/><V108/><F106/><N who="3" m="63847" /><G13/><T76/><D11/><U40/><E21/><V120/><F120/><W128/><G128/><T114/><D114/><U42/><E71/><V12/><F108/><W79/><G17/><T62/><D74/><U73/><E73/><V95/><F95/><N who="3" m="54727" /><G79/><T87/><D87/><U124/><E124/><V5/><F12/><W57/><G57/><T60/><D62/><U78/><E78/><N who="2" m="46295" /><F5/><W29/><G29/><T8/><D77/><U28/><E4/><V98/><F98/><W16/><G16/><T91/><D76/><U63/><E113/><V18/><F18/><W100/><G100/><N who="0" m="62607" /><D91/><U64/><E89/><V83/><F83/><W129/><G129/><T53/><D53/><AGARI ba="1,0" hai="20,22,23,48,51,53,54,55" m="46295,50697" machi="53" ten="30,1000,0" yaku="20,1" doraHai="126" who="2" fromWho="0" sc="249,-13,269,0,169,13,313,0" /><AGARI ba="1,0" hai="25,26,44,49,53,116,118,119" m="54727,63847" machi="53" ten="30,1000,0" yaku="12,1" doraHai="126" who="3" fromWho="0" sc="236,-10,269,0,182,0,313,10" /><INIT seed="6,0,0,4,5,85" ten="226,269,182,323" oya="2" hai0="100,82,89,65,134,42,115,34,7,57,92,88,130" hai1="128,81,27,107,111,124,103,77,39,4,9,87,20" hai2="86,117,75,104,63,23,96,46,129,109,36,47,30" hai3="59,114,123,78,14,52,72,24,15,12,133,112,55"/><V95/><F117/><W35/><G133/><T121/><D121/><U56/><E39/><V51/><F75/><W21/><G123/><T25/><D42/><U17/><E111/><V26/><F109/><W80/><G35/><T126/><D134/><U28/><E128/><V67/><F129/><W98/><G98/><T61/><D7/><U48/><E124/><V116/><F116/><W8/><G8/><T0/><D130/><U101/><E107/><V110/><F110/><W29/><REACH who="3" step="1"/><G55/><REACH who="3" ten="226,269,182,313" step="2"/><T64/><D34/><U102/><E9/><V19/><F104/><W105/><G105/><T106/><D106/><U99/><E99/><V13/><F96/><W131/><G131/><T58/><D126/><U83/><E4/><V60/><F67/><W66/><G66/><T120/><D65/><U79/><E28/><V53/><F30/><W132/><G132/><T32/><D64/><U40/><E40/><V62/><F53/><W73/><G73/><T90/><D32/><U10/><E10/><V2/><F19/><W68/><G68/><T93/><D120/><U50/><E56/><V122/><F122/><W113/><G113/><T22/><D115/><U135/><REACH who="1" step="1"/><E135/><REACH who="1" ten="226,259,182,313" step="2"/><V76/><F47/><W37/><G37/><T11/><D58/><U71/><E71/><V54/><F36/><W127/><G127/><T108/><D11/><U125/><E125/><V41/><F41/><W118/><G118/><T69/><D69/><U33/><E33/><V91/><F46/><W38/><G38/><T119/><D119/><U31/><E31/><N who="2" m="17887" /><F54/><W45/><G45/><T70/><D108/><RYUUKYOKU ba="0,2" sc="226,-15,259,15,182,-15,313,15" hai1="17,20,27,48,50,77,79,81,83,87,101,102,103" hai3="12,14,15,21,24,29,52,59,72,78,80,112,114" /><INIT seed="7,1,2,0,2,49" ten="211,274,167,328" oya="3" hai0="43,92,64,0,5,123,81,85,98,66,41,72,88" hai1="13,116,87,14,56,109,134,16,60,19,110,80,77" hai2="62,4,24,29,133,73,26,78,61,44,95,83,65" hai3="63,45,135,34,90,55,33,42,125,130,67,89,12"/><W54/><G125/><T112/><D123/><U93/><E93/><V111/><F111/><W48/><G130/><T46/><D72/><U124/><E124/><V76/><F133/><W75/><G75/><T47/><D112/><U103/><E103/><V96/><F76/><W36/><G135/><T79/><D0/><U25/><E25/><V31/><F4/><W115/><G115/><T118/><D5/><U11/><E134/><V30/><F44/><N who="0" m="16938" /><D118/><U117/><E117/><V10/><F10/><W35/><G12/><T97/><D97/><U51/><E51/><V129/><F129/><W21/><G21/><T32/><D32/><U100/><E100/><V8/><F8/><W127/><G127/><T108/><D108/><U38/><E38/><V91/><REACH who="2" step="1"/><F62/><REACH who="2" ten="211,274,157,328" step="2"/><W40/><G63/><T102/><D79/><U57/><E116/><V69/><AGARI ba="1,3" hai="24,26,29,30,31,61,65,69,73,78,83,91,95,96" machi="69" ten="30,7900,0" yaku="1,1,2,1,0,1,53,1" doraHai="49" doraHaiUra="107" who="2" fromWho="2" sc="211,-21,274,-21,157,112,328,-40" /><INIT seed="8,0,0,2,0,103" ten="190,253,269,288" oya="0" hai0="21,95,51,83,31,129,121,73,56,54,18,30,97" hai1="123,41,102,2,92,66,124,80,78,135,99,107,105" hai2="39,114,52,64,122,47,77,45,116,70,48,65,104" hai3="127,85,100,69,111,20,8,26,4,33,79,11,46"/><T24/><D121/><U50/><E2/><V119/><F122/><W113/><G33/><T131/><D83/><U108/><E66/><N who="2" m="25707" /><F77/><W61/><G113/><T134/><D134/><U117/><E123/><V58/><F114/><W82/><G69/><T38/><D38/><U27/><E108/><V12/><F104/><W98/><G61/><T53/><D73/><U1/><E1/><V87/><F70/><W9/><G127/><T93/><D95/><U89/><E117/><N who="2" m="45131" /><F39/><W59/><G59/><T16/><D53/><U118/><E118/><V23/><F87/><W125/><G125/><T57/><D57/><U3/><E124/><V13/><F23/><W34/><G46/><AGARI ba="0,0" hai="12,13,45,46,47,48,52,58" m="45131,25707" machi="46" ten="30,3900,0" yaku="16,1,12,1,54,1" doraHai="103" who="2" fromWho="3" sc="190,0,253,0,269,39,288,-39" owari="190,-31.0,253,5.0,308,41.0,249,-15.0" /></mjloggm>