<mjloggm ver="2.3"><GO type="169" lobby="0"/><UN n0="%6D%75%6B%69%74%74%69" n1="%E5%B0%B1%E6%B4%BB%E7%94%9F%40%E5%B7%9D%E6%9D%91%E8%BB%8D%E5%9B%A3" n2="%E3%83%9D%E3%82%B3%E3%83%94%E3%83%B3" n3="%E4%BC%8F%E8%99%8E" dan="16,16,16,16" rate="2047.87,2041.83,2106.42,2093.04" sx="M,M,M,M"/><TAIKYOKU oya="0"/><INIT seed="0,0,0,1,3,80" ten="250,250,250,250" oya="0" hai0="37,108,119,114,58,18,134,127,83,91,41,104,38" hai1="1,74,45,105,71,124,54,70,34,28,35,131,22" hai2="77,96,29,20,98,121,60,31,76,57,61,99,64" hai3="87,47,106,44,85,100,117,128,75,135,79,30,102"/><T94/><D114/><U78/><E54/><V66/><F121/><W72/><G30/><T109/><D119/><U36/><E22/><V112/><F112/><W52/><G117/><T129/><D104/><U125/><E131/><V43/><F43/><W68/><G68/><T120/><D120/><U42/><E105/><V95/><F95/><W8/><G8/><T88/><D129/><U39/><E39/><V97/><F97/><W82/><G128/><T4/><D4/><U9/><E124/><V15/><F15/><W21/><G135/><T59/><D134/><U2/><E125/><V55/><F55/><W3/><G3/><T14/><D127/><U10/><E10/><V69/><F20/><W24/><G75/><T63/><D83/><U16/><E16/><V113/><F113/><W7/><G7/><T49/><D49/><U116/><E116/><V93/><F93/><W130/><G130/><T26/><D26/><U6/><E1/><V122/><F122/><W103/><G106/><T56/><D63/><N who="2" m="24138" /><F57/><W32/><G32/><N who="1" m="12330" /><E28/><N who="2" m="10827" /><F69/><W81/><G72/><T0/><D0/><U110/><E110/><N who="0" m="42601" /><D41/><U90/><E42/><V33/><F33/><W50/><G24/><T19/><D91/><U101/><E74/><V89/><F89/><N who="3" m="51375" /><G21/><N who="0" m="11479" /><D19/><U40/><E90/><V65/><AGARI ba="0,0" hai="64,65,66,76,77,96,98,99" m="10827,24138" machi="65" ten="40,5200,0" yaku="28,2,8,1" doraHai="80" who="2" fromWho="2" sc="250,-26,250,-13,250,52,250,-13" /><INIT seed="1,0,0,5,1,15" ten="224,237,302,237" oya="1" hai0="69,73,20,89,67,35,115,31,48,85,58,132,46" hai1="0,7,95,103,54,51,90,122,42,88,106,59,114" hai2="65,101,40,80,18,100,50,30,83,108,32,75,121" hai3="38,127,74,41,117,133,45,118,57,6,96,47,94"/><U52/><E122/><V19/><F108/><W8/><G74/><T120/><D115/><U130/><E106/><V102/><F121/><W36/><G127/><T81/><D120/><U49/><E114/><V2/><F2/><W123/><G123/><T10/><D69/><U105/><E105/><V56/><F32/><W22/><G133/><T66/><D35/><U119/><E119/><N who="3" m="45578" /><G57/><T63/><D132/><U24/><E130/><V98/><F98/><W60/><G60/><T23/><D73/><U21/><E42/><V77/><F30/><W104/><G104/><T72/><D72/><U34/><E34/><V1/><F1/><N who="3" m="79" /><G22/><N who="0" m="8235" /><D10/><U129/><E129/><V12/><F75/><W91/><G45/><T86/><D31/><N who="1" m="17807" /><E7/><V78/><F40/><W112/><G112/><T9/><D9/><U44/><E0/><V128/><F128/><W14/><G14/><T93/><D67/><U25/><E25/><V16/><F12/><W134/><G134/><T55/><D86/><U37/><E37/><AGARI ba="0,0" hai="36,37,38,41,47,91,94,96" m="79,45578" machi="37" ten="30,1000,0" yaku="12,1" doraHai="15" who="3" fromWho="1" sc="224,0,237,-10,302,0,237,10" /><INIT seed="2,0,0,4,0,43" ten="224,227,302,247" oya="2" hai0="65,77,122,46,94,97,11,53,16,78,81,102,134" hai1="12,133,131,129,126,57,73,38,13,116,110,123,87" hai2="105,80,24,10,85,72,33,64,50,71,35,104,22" hai3="100,18,30,113,56,19,109,41,9,55,20,127,121"/><V60/><F72/><W44/><G121/><T68/><D122/><U130/><E38/><V42/><F10/><W124/><G113/><T61/><D134/><U79/><E73/><V95/><F95/><W128/><G128/><T7/><D81/><N who="1" m="47551" /><E116/><V83/><F83/><W39/><G100/><T96/><D96/><U6/><E123/><V45/><F33/><W40/><G40/><T111/><D111/><U69/><E69/><V101/><F101/><W92/><G92/><T1/><REACH who="0" step="1"/><D16/><REACH who="0" ten="214,227,302,247" step="2"/><U106/><E110/><V26/><F35/><W86/><G109/><T90/><D90/><U47/><E6/><V132/><F132/><W5/><G19/><T51/><AGARI ba="0,1" hai="1,7,11,46,51,53,61,65,68,77,78,94,97,102" machi="51" ten="30,7900,0" yaku="1,1,0,1,52,1,53,1" doraHai="43" doraHaiUra="3" who="0" fromWho="0" sc="214,89,227,-20,302,-39,247,-20" /><INIT seed="3,0,0,5,0,127" ten="303,207,263,227" oya="3" hai0="81,102,115,31,11,69,36,107,21,65,38,41,23" hai1="10,71,50,70,95,106,91,58,13,120,15,26,73" hai2="103,100,62,114,6,96,84,87,30,66,72,110,83" hai3="88,93,28,61,43,86,101,123,121,12,55,132,59"/><W4/><G132/><T19/><D115/><U3/><E106/><V17/><F110/><W122/><G28/><T80/><D31/><U57/><E120/><V82/><F72/><W48/><G101/><T2/><D65/><U37/><E73/><V104/><F114/><W8/><G43/><T22/><D69/><U94/><E37/><V117/><F117/><W134/><REACH who="3" step="1"/><G134/><REACH who="3" ten="303,207,263,217" step="2"/><T44/><D102/><U24/><E10/><V51/><F103/><W40/><G40/><T39/><D41/><U32/><E32/><V25/><F30/><W42/><G42/><T112/><D11/><U128/><E91/><V56/><F100/><W54/><G54/><T85/><D39/><U78/><E78/><V97/><F104/><W118/><G118/><T89/><D107/><U20/><E20/><V27/><F66/><W49/><AGARI ba="0,1" hai="4,8,12,48,49,55,59,61,86,88,93,121,122,123" machi="49" ten="40,7800,0" yaku="1,1,0,1,54,1,53,0" doraHai="127" doraHaiUra="105" who="3" fromWho="3" sc="303,-26,207,-26,263,-26,217,88" /><INIT seed="3,1,0,5,5,121" ten="277,181,237,305" oya="3" hai0="49,28,76,44,104,10,33,78,70,74,0,59,3" hai1="85,16,135,95,42,52,108,93,94,43,39,116,54" hai2="46,82,80,18,17,117,40,11,31,68,123,24,9" hai3="8,23,5,22,110,79,21,134,36,106,127,86,38"/><W26/><G106/><T35/><D70/><U67/><E135/><V61/><F117/><W60/><G134/><T120/><D120/><U114/><E114/><V65/><F123/><W51/><G26/><T90/><D104/><U125/><E116/><V25/><F82/><W129/><G129/><T122/><D122/><U69/><E125/><V6/><F80/><W115/><G115/><T27/><D35/><U109/><E85/><V131/><F24/><W30/><G30/><T13/><D74/><U105/><E105/><V63/><F63/><W47/><G60/><T81/><D59/><U99/><E99/><V62/><F62/><W98/><G98/><T34/><D34/><U72/><E72/><V50/><F11/><W112/><G112/><T103/><D103/><U101/><E101/><V132/><F131/><W75/><G75/><T88/><D3/><U91/><E91/><V1/><F132/><W4/><G79/><T58/><D58/><U102/><E102/><V89/><F89/><W29/><G29/><T97/><D0/><U2/><E2/><V45/><F46/><W41/><G86/><N who="0" m="48423" /><D78/><U7/><E7/><V53/><F40/><N who="1" m="15401" /><E39/><V128/><F128/><W32/><G32/><AGARI ba="1,0" hai="1,6,9,17,18,25,31,32,45,50,53,61,65,68" machi="32" ten="30,1000,0" yaku="7,1" doraHai="121" who="2" fromWho="3" sc="277,0,181,0,237,13,305,-13" /><INIT seed="4,0,0,1,1,15" ten="277,181,250,292" oya="0" hai0="119,126,127,6,9,32,49,125,108,98,28,129,24" hai1="91,27,102,29,107,67,55,77,85,12,75,81,8" hai2="48,20,13,78,59,99,61,65,26,134,95,103,123" hai3="52,11,34,94,16,72,69,84,116,54,5,46,62"/><T90/><D119/><U39/><E39/><V115/><F134/><W56/><G72/><T23/><D129/><U106/><E67/><V114/><F123/><W57/><G69/><T128/><D128/><U18/><E102/><V38/><F38/><W132/><G132/><T70/><D70/><U44/><E77/><V66/><F78/><W124/><G34/><T40/><D108/><U17/><E75/><V83/><F83/><W120/><G120/><T43/><D49/><N who="1" m="29095" /><E29/><N who="2" m="17607" /><F48/><W30/><G30/><T97/><D32/><U89/><E89/><V47/><F47/><W4/><G46/><T3/><REACH who="0" step="1"/><D90/><REACH who="0" ten="267,181,250,292" step="2"/><U101/><E101/><V118/><F118/><W53/><G116/><T105/><D105/><U36/><E36/><V111/><F111/><W21/><G124/><T76/><D76/><U112/><E112/><V122/><F122/><W50/><G11/><T41/><AGARI ba="0,1" hai="3,6,9,23,24,28,40,41,43,97,98,125,126,127" machi="41" ten="40,7800,0" yaku="1,1,0,1,18,1,53,0" doraHai="15" doraHaiUra="58" who="0" fromWho="0" sc="267,88,181,-26,250,-26,292,-26" /><INIT seed="4,1,0,3,3,109" ten="355,155,224,266" oya="0" hai0="59,98,113,99,8,78,38,74,75,126,64,28,32" hai1="120,4,3,69,85,114,80,16,91,12,9,34,125" hai2="86,108,84,26,96,73,83,49,33,119,103,13,36" hai3="133,67,102,124,42,92,43,90,112,118,14,27,72"/><T79/><D38/><U11/><E120/><V21/><F36/><W57/><G72/><T19/><D126/><U71/><E125/><V105/><F119/><W111/><G124/><T76/><D32/><U117/><E117/><V127/><F108/><W116/><G111/><T104/><D28/><U5/><E34/><V31/><F127/><W88/><G133/><T41/><D41/><U44/><E114/><V40/><F73/><W70/><G70/><T2/><D113/><U128/><E128/><V47/><REACH who="2" step="1"/><F83/><REACH who="2" ten="355,155,214,266" step="2"/><W50/><G112/><T82/><D75/><U23/><REACH who="1" step="1"/><E44/><REACH who="1" ten="355,145,214,266" step="2"/><V24/><F24/><AGARI ba="1,2" hai="3,4,5,9,11,12,16,23,24,69,71,80,85,91" machi="24" ten="30,8000,1" yaku="1,1,2,1,7,1,54,1,53,1" doraHai="109" doraHaiUra="87" who="1" fromWho="2" sc="355,0,145,103,214,-83,266,0" /><INIT seed="5,0,0,5,1,53" ten="355,248,131,266" oya="1" hai0="64,4,111,126,119,88,51,19,42,81,31,61,117" hai1="25,50,78,93,62,101,37,52,55,54,124,44,21" hai2="48,58,10,63,11,30,27,115,47,99,128,89,120" hai3="5,110,121,107,8,87,108,2,12,23,74,28,76"/><U59/><E124/><V39/><F128/><W118/><G121/><T112/><D111/><U46/><E78/><V134/><F39/><W6/><G107/><T103/><D126/><U97/><E37/><V102/><F89/><W133/><G74/><T45/><D103/><U3/><E3/><V116/><F116/><W67/><G76/><T43/><D31/><N who="1" m="17839" /><E44/><V1/><F1/><W71/><G87/><T104/><D104/><U24/><E24/><V131/><F131/><W26/><G71/><T66/><D4/><U41/><AGARI ba="0,0" hai="41,46,50,52,54,55,59,62,93,97,101" m="17839" machi="41" ten="30,6000,0" yaku="8,1,52,1,54,1" doraHai="53" who="1" fromWho="1" sc="355,-20,248,60,131,-20,266,-20" /><INIT seed="5,1,0,3,5,71" ten="335,308,111,246" oya="1" hai0="12,127,45,129,72,28,117,15,19,97,86,120,85" hai1="69,66,90,125,30,54,25,128,92,36,68,17,6" hai2="119,55,34,7,2,80,63,31,35,16,56,79,135" hai3="123,98,24,112,101,41,82,95,49,110,23,21,40"/><U70/><E66/><V111/><F135/><W50/><G123/><T62/><D72/><U114/><E6/><V115/><F111/><W53/><G110/><T106/><D117/><U58/><E114/><V1/><F119/><W64/><G112/><T122/><D127/><U83/><E83/><V52/><F115/><W9/><G64/><T126/><D126/><U99/><E125/><V51/><F31/><W29/><G23/><T133/><D129/><U37/><E17/><V81/><F7/><W108/><G108/><T121/><D133/><U104/><E104/><V102/><F102/><W116/><G116/><T107/><D28/><U74/><E74/><V10/><F81/><W57/><G9/><N who="0" m="6543" /><D15/><U14/><E14/><V48/><F63/><W100/><G100/><N who="0" m="62735" /><D107/><U32/><REACH who="1" step="1"/><E128/><REACH who="1" ten="335,298,111,246" step="2"/><V5/><F16/><W20/><G82/><T134/><D134/><U88/><E88/><V105/><F1/><W75/><G75/><T93/><D93/><U118/><E118/><V96/><F105/><W130/><G130/><T103/><D103/><U42/><E42/><V132/><F132/><W22/><G40/><T113/><D113/><U60/><AGARI ba="1,1" hai="25,30,32,36,37,54,58,60,68,69,70,90,92,99" machi="60" ten="30,12000,1" yaku="1,1,0,1,52,2,53,1" doraHai="71" doraHaiUra="89" who="1" fromWho="1" sc="335,-41,298,133,111,-41,246,-41" /><INIT seed="5,2,0,3,0,48" ten="294,431,70,205" oya="1" hai0="108,5,8,32,132,55,113,24,44,23,111,94,120" hai1="69,0,101,115,12,87,117,21,93,59,75,34,3" hai2="65,6,66,125,135,81,103,45,14,38,100,67,49" hai3="74,107,91,43,84,126,20,13,102,57,106,88,72"/><U105/><E34/><V11/><F38/><W116/><G116/><T99/><D32/><U15/><E69/><V123/><F123/><W54/><G43/><T41/><D120/><U18/><E105/><V37/><F37/><W82/><G126/><T7/><D113/><U28/><E75/><V80/><F125/><W96/><G106/><T26/><D132/><U29/><E115/><V4/><F4/><W64/><G64/><T39/><D111/><U129/><E129/><V17/><F6/><W70/><G70/><T97/><D108/><U35/><E117/><V119/><F135/><W42/><G42/><T62/><D23/><U47/><E35/><V89/><F119/><W71/><G71/><T122/><D122/><U31/><E47/><V90/><F81/><W46/><G46/><T109/><D109/><U40/><E40/><V68/><F68/><W9/><G91/><T110/><D110/><U83/><E59/><V16/><F17/><W1/><G1/><T128/><D128/><U121/><E121/><V2/><F2/><W133/><G20/><T112/><D112/><U79/><E3/><V98/><F98/><N who="0" m="37386" /><D94/><U86/><E0/><V53/><F90/><W124/><G124/><T22/><D22/><U95/><E101/><V73/><F73/><W85/><G133/><T52/><D7/><U76/><E15/><V60/><F60/><W92/><G13/><N who="0" m="5263" /><D62/><U114/><E114/><V36/><F36/><W10/><G72/><T61/><D61/><U78/><E83/><V50/><F49/><N who="3" m="30927" /><G74/><T134/><D134/><U51/><E21/><V56/><F45/><RYUUKYOKU ba="2,0" sc="294,10,431,-30,70,10,205,10" hai0="24,26,39,41,44,52,55" hai2="11,14,16,50,53,56,65,66,67,80,89,100,103" hai3="9,10,82,84,85,88,92,96,102,107" /><INIT seed="6,3,0,2,4,88" ten="304,401,80,215" oya="2" hai0="85,10,38,127,22,108,34,81,103,92,98,105,122" hai1="113,39,13,96,28,66,84,33,14,76,11,86,123" hai2="43,91,130,109,53,1,115,106,56,120,112,17,67" hai3="32,102,8,133,75,95,70,94,101,37,54,73,9"/><V23/><F120/><W26/><G37/><T44/><D122/><U41/><E123/><V51/><F1/><W24/><G70/><T50/><D108/><U20/><E113/><V99/><F109/><W131/><G32/><T55/><D34/><U111/><E33/><V49/><F130/><W135/><REACH who="3" step="1"/><G54/><REACH who="3" ten="304,401,80,205" step="2"/><T124/><D38/><U64/><E111/><V6/><F67/><W58/><G58/><T104/><D127/><U74/><E39/><V61/><F6/><W42/><G42/><T30/><D124/><U71/><E41/><V31/><F43/><W114/><G114/><N who="2" m="43561" /><F31/><W0/><G0/><T72/><D30/><U7/><E71/><V110/><F110/><W59/><G59/><T89/><D72/><U4/><E66/><V93/><F106/><W134/><G134/><T119/><D119/><U117/><E64/><V118/><F118/><W16/><G16/><T47/><D47/><U128/><E128/><AGARI ba="3,1" hai="8,9,24,26,73,75,94,95,101,102,128,131,133,135" machi="128" ten="25,8000,1" yaku="1,1,22,2,52,2,53,0" doraHai="88" doraHaiUra="19" who="3" fromWho="1" sc="304,0,401,-89,80,0,205,99" /><INIT seed="7,0,0,2,5,67" ten="304,312,80,304" oya="3" hai0="81,6,69,96,63,50,40,16,80,72,97,132,110" hai1="27,103,87,5,68,36,2,23,84,133,26,30,75" hai2="31,62,0,33,88,1,99,91,17,117,4,34,58" hai3="100,57,59,51,3,122,114,10,47,61,129,9,64"/><W32/><G122/><T94/><D110/><U12/><E68/><V42/><F42/><W74/><G32/><T25/><D69/><U121/><E36/><V60/><F58/><W126/><G74/><T37/><D37/><U124/><E75/><V83/><F83/><N who="0" m="31818" /><D72/><U85/><E2/><V35/><F99/><W106/><G106/><T52/><D132/><U45/><E133/><V49/><F33/><W105/><G105/><T14/><D40/><U19/><E124/><V29/><F49/><W44/><G100/><T104/><D104/><U79/><E121/><V73/><F73/><W24/><G126/><T48/><D6/><U54/><E103/><V109/><F4/><W82/><G129/><T93/><D25/><N who="1" m="16703" /><E5/><V56/><F56/><W20/><G3/><T77/><D77/><U70/><E70/><V22/><F22/><W108/><G108/><T65/><D65/><U7/><E7/><V13/><F13/><W53/><G82/><T18/><D63/><U86/><E79/><V76/><F76/><W115/><G115/><T118/><D118/><U101/><E101/><V112/><F112/><W28/><G114/><T78/><D78/><U43/><N who="1" m="22016" /><DORA hai="8" /><U15/><E43/><V90/><F90/><W38/><G38/><T11/><D18/><U95/><E95/><N who="0" m="36361" /><D50/><N who="1" m="29007" /><E26/><V89/><F89/><W134/><G134/><T123/><D123/><U113/><E113/><V102/><F102/><W120/><G120/><T41/><D41/><U135/><E135/><V21/><F117/><W92/><G92/><T130/><D130/><U66/><E66/><V55/><F109/><RYUUKYOKU ba="0,0" sc="304,10,312,10,80,-30,304,10" hai0="11,14,16,48,52,96,97" hai1="12,15,19,27" hai3="9,10,20,24,28,44,47,51,53,57,59,61,64" /><INIT seed="7,1,0,1,4,119" ten="314,322,50,314" oya="3" hai0="72,35,116,89,54,76,115,44,90,108,25,9,65" hai1="122,98,73,103,131,117,128,27,74,36,83,49,71" hai2="101,127,118,114,39,17,16,14,24,97,0,81,57" hai3="77,70,85,34,23,5,66,109,32,94,30,45,110"/><W60/><G5/><T96/><D108/><N who="3" m="41577" /><G45/><T125/><D116/><U69/><E122/><V55/><F39/><W133/><G133/><T93/><D72/><N who="1" m="27755" /><E36/><V1/><F118/><W105/><G105/><T106/><D106/><N who="1" m="63863" /><E117/><V61/><F1/><W100/><G100/><T6/><D35/><U86/><E49/><V15/><F0/><W21/><G77/><T10/><D115/><U11/><E27/><V102/><F114/><W28/><G85/><T53/><D125/><U129/><E11/><N who="0" m="4105" /><D6/><U50/><E50/><V104/><F127/><W38/><G94/><N who="0" m="56399" /><D76/><AGARI ba="1,0" hai="69,71,76,83,86,128,129,131" m="63863,27755" machi="76" ten="40,1300,0" yaku="19,1" doraHai="119" who="1" fromWho="0" sc="314,-16,322,16,50,0,314,0" owari="298,-10.0,338,44.0,50,-45.0,314,11.0" /></mjloggm>