<mjloggm ver="2.3"><GO type="41" lobby="0"/><UN n0="%6B%75%66%75" n1="%40%6B%6B%6B%6B" n2="%74%61%6B%65%75" n3="%E5%B0%B1%E6%B4%BB%E7%94%9F%40%E5%B7%9D%E6%9D%91%E8%BB%8D%E5%9B%A3" dan="13,14,13,14" rate="1825.40,1979.32,1893.06,1980.52" sx="M,M,M,M"/><TAIKYOKU oya="0"/><INIT seed="0,0,0,4,1,43" ten="250,250,250,250" oya="0" hai0="135,26,65,10,45,76,88,69,2,39,12,72,34" hai1="128,130,49,9,67,80,18,90,98,0,91,113,4" hai2="68,84,56,133,103,27,70,36,89,51,94,21,109" hai3="112,111,92,107,55,81,25,71,106,99,63,66,127"/><T47/><D135/><U23/><E113/><V87/><F133/><W29/><G112/><T52/><D2/><U120/><E67/><V124/><F124/><W134/><G127/><T64/><D72/><U123/><E91/><V40/><F109/><W77/><G134/><T119/><D76/><U61/><E61/><V62/><F36/><W97/><G55/><T13/><D119/><U85/><E98/><V122/><F122/><W31/><G111/><T75/><D75/><U121/><REACH who="1" step="1"/><E49/><REACH who="1" ten="250,240,250,250" step="2"/><V16/><F68/><W48/><G48/><T7/><D69/><U126/><E126/><V54/><F70/><W132/><G99/><T57/><D39/><U11/><E11/><V101/><F87/><W125/><G132/><T83/><D34/><U20/><E20/><V22/><F22/><W114/><G114/><T35/><D65/><U93/><E93/><V8/><F8/><W104/><G125/><T1/><D64/><U19/><E19/><V110/><F110/><W116/><G116/><T24/><D35/><U15/><AGARI ba="0,1" hai="0,4,9,15,18,23,80,85,90,120,121,123,128,130" machi="15" ten="40,2700,0" yaku="1,1,0,1,53,0" doraHai="43" doraHaiUra="60" who="1" fromWho="1" sc="250,-13,240,37,250,-7,250,-7" /><INIT seed="1,0,0,3,0,107" ten="237,277,243,243" oya="1" hai0="102,9,126,85,26,27,66,20,82,110,83,55,86" hai1="24,6,117,130,129,114,36,0,90,31,56,13,89" hai2="73,40,74,2,72,71,34,69,58,128,46,97,80" hai3="42,84,32,25,22,91,23,62,98,78,133,57,124"/><U108/><E36/><V70/><F58/><W15/><G124/><T96/><D126/><U64/><E117/><V49/><F128/><W92/><G133/><T41/><D110/><U7/><E0/><V16/><F34/><W88/><G78/><T116/><D116/><U122/><E122/><V39/><F97/><W76/><G76/><T52/><D66/><U4/><E114/><V38/><F80/><W106/><G42/><T113/><D113/><U115/><E13/><V60/><F2/><W135/><G135/><T112/><D112/><U21/><E115/><V93/><F93/><W59/><G106/><T14/><D41/><U54/><E64/><V10/><F60/><W134/><G134/><T132/><D132/><U1/><E1/><V105/><F105/><W33/><G15/><T17/><D96/><U5/><N who="1" m="1536" /><DORA hai="47" /><U123/><E123/><V11/><REACH who="2" step="1"/><F16/><REACH who="2" ten="237,277,233,243" step="2"/><N who="3" m="12487" /><G23/><T111/><D111/><U103/><E108/><V100/><F100/><W44/><G59/><T109/><D102/><U63/><REACH who="1" step="1"/><E103/><REACH who="1" ten="237,267,233,243" step="2"/><V104/><F104/><W87/><G33/><T68/><D109/><U101/><E101/><V120/><F120/><W94/><G32/><T81/><D68/><U37/><E37/><AGARI ba="0,2" hai="10,11,37,38,39,40,46,49,69,70,71,72,73,74" machi="37" ten="50,8000,1" yaku="1,1,52,4,53,0" doraHai="107,47" doraHaiUra="118,35" who="2" fromWho="1" sc="237,0,267,-80,233,100,243,0" /><INIT seed="2,0,0,1,4,3" ten="237,187,333,243" oya="2" hai0="92,49,2,127,68,122,106,117,130,121,34,5,28" hai1="118,35,63,111,50,36,18,0,40,119,97,33,25" hai2="4,46,22,83,8,64,45,69,17,44,71,129,105" hai3="101,84,86,48,112,91,108,65,9,38,104,76,78"/><V6/><F105/><W96/><G38/><T110/><D92/><U61/><E36/><V132/><F132/><W37/><G37/><T114/><D49/><U24/><E0/><V103/><F129/><W82/><G65/><T10/><D68/><U115/><E115/><V26/><F103/><W55/><G112/><T100/><D114/><U59/><E18/><V30/><F83/><W54/><G108/><T11/><D130/><U23/><E23/><V135/><F135/><W74/><G9/><T93/><D110/><U123/><E50/><V62/><REACH who="2" step="1"/><F71/><REACH who="2" ten="237,187,323,243" step="2"/><W79/><G74/><T31/><D117/><U87/><E118/><V128/><F128/><W47/><REACH who="3" step="1"/><G55/><REACH who="3" ten="237,187,323,233" step="2"/><T134/><D134/><U88/><E111/><V42/><F42/><W73/><G73/><T102/><D106/><U107/><E40/><V126/><F126/><W21/><G21/><T95/><D127/><U32/><E107/><V58/><F58/><W29/><G29/><T90/><D34/><U12/><E59/><V94/><F94/><AGARI ba="0,2" hai="47,48,54,76,78,79,82,84,86,91,94,96,101,104" machi="94" ten="30,2000,0" yaku="1,1,7,1,53,0" doraHai="3" doraHaiUra="67" who="3" fromWho="2" sc="237,0,187,0,323,-20,233,40" /><INIT seed="3,0,0,3,4,38" ten="237,187,303,273" oya="3" hai0="41,58,80,44,56,43,98,25,12,77,18,79,6" hai1="31,117,115,71,114,51,76,23,64,122,92,1,7" hai2="5,118,112,132,95,9,24,85,100,90,39,81,116" hai3="27,134,28,13,108,75,30,130,82,53,67,54,133"/><W4/><G67/><T68/><D68/><U55/><E122/><V2/><F112/><W74/><G130/><T0/><D0/><U125/><E117/><V20/><F132/><N who="3" m="50795" /><G108/><T29/><D6/><U131/><E131/><V36/><F36/><W22/><G30/><T127/><D127/><U94/><E76/><V62/><F39/><W48/><G82/><T109/><D109/><U129/><E125/><V84/><F100/><W128/><G128/><T3/><D3/><U123/><E123/><V10/><F10/><N who="3" m="4295" /><G53/><T34/><D44/><AGARI ba="0,0" hai="22,27,28,44,48,54,74,75" m="4295,50795" machi="44" ten="30,1500,0" yaku="20,1" doraHai="38" who="3" fromWho="0" sc="237,-15,187,0,303,0,273,15" /><INIT seed="3,1,0,5,0,0" ten="222,187,303,288" oya="3" hai0="8,121,99,135,105,79,23,21,19,7,6,42,38" hai1="130,70,112,58,12,90,63,83,73,110,85,100,125" hai2="84,120,81,44,109,96,77,40,108,95,28,131,61" hai3="128,60,29,34,82,67,127,50,123,39,86,43,116"/><W32/><G123/><T56/><D121/><U72/><E70/><V53/><F120/><W30/><G116/><T2/><D135/><U119/><E112/><V35/><F131/><W76/><G128/><T55/><D79/><U74/><E130/><V66/><F108/><W89/><G127/><T3/><D42/><U16/><E100/><V10/><F109/><W48/><G39/><T5/><D38/><U97/><E110/><V113/><F113/><W91/><G34/><T104/><D99/><U129/><E129/><V37/><F53/><W64/><G64/><T124/><D124/><U27/><E97/><V17/><F35/><W94/><G32/><T87/><D87/><U75/><E27/><V14/><F28/><W33/><G33/><T118/><D118/><U93/><E125/><V92/><REACH who="2" step="1"/><F96/><REACH who="2" ten="222,187,293,288" step="2"/><W68/><G30/><T132/><D132/><U114/><E114/><V133/><F133/><W31/><G31/><T26/><D23/><U111/><E111/><V11/><F11/><W106/><G29/><T88/><D2/><U18/><E119/><V80/><F80/><W36/><G43/><T98/><D3/><U41/><E41/><V22/><F22/><W45/><G45/><T25/><D8/><U117/><E117/><V9/><F9/><W24/><G67/><T59/><D26/><U115/><E115/><V49/><F49/><W107/><G48/><T52/><D105/><U103/><E12/><V54/><F54/><N who="0" m="20522" /><D104/><U134/><E134/><V13/><F13/><W20/><G107/><T126/><D126/><U57/><N who="1" m="18944" /><DORA hai="51" /><U78/><E83/><RYUUKYOKU ba="1,1" sc="222,15,187,-15,293,15,288,-15" hai0="5,6,7,19,21,25,56,59,88,98" hai2="10,14,17,37,40,44,61,66,77,81,84,92,95" /><INIT seed="4,2,1,5,2,74" ten="237,172,308,273" oya="0" hai0="92,75,80,3,11,15,101,26,109,99,91,44,29" hai1="18,32,27,62,118,28,59,19,58,33,40,50,42" hai2="127,110,116,96,123,12,78,31,47,64,14,114,46" hai3="69,56,120,102,55,104,22,63,43,57,83,94,108"/><T107/><D109/><U52/><E33/><V88/><F110/><W9/><G69/><T2/><D44/><U10/><E118/><V122/><F116/><W45/><G104/><T53/><D53/><U24/><E24/><V103/><F114/><W117/><G117/><T51/><D51/><U89/><E89/><V134/><F127/><W71/><G71/><T87/><D26/><U23/><E32/><V39/><F134/><W121/><G108/><T41/><D41/><N who="1" m="15979" /><E10/><V34/><F39/><W37/><G9/><T105/><D29/><U35/><E35/><V132/><F132/><W84/><G22/><T98/><D107/><U70/><E70/><V129/><F129/><W115/><G115/><T90/><REACH who="0" step="1"/><D75/><REACH who="0" ten="227,172,308,273" step="2"/><U21/><E28/><V106/><F31/><W77/><G37/><T124/><D124/><U76/><E27/><V111/><F47/><W126/><G43/><T66/><D66/><U20/><E50/><V112/><F46/><W1/><G45/><T125/><D125/><U4/><E52/><V85/><F64/><W61/><G126/><T36/><D36/><U95/><E62/><V72/><F112/><W48/><G61/><T113/><D113/><U131/><E131/><V67/><F67/><W130/><G130/><T81/><D81/><U60/><E60/><V97/><F111/><W49/><G63/><T7/><AGARI ba="2,2" hai="2,3,7,11,15,80,87,90,91,92,98,99,101,105" machi="7" ten="20,3900,0" yaku="1,1,0,1,7,1,53,0" doraHai="74" doraHaiUra="17" who="0" fromWho="0" sc="227,65,172,-15,308,-15,273,-15" /><INIT seed="4,3,0,3,2,1" ten="292,157,293,258" oya="0" hai0="78,102,47,98,4,101,83,125,97,61,45,116,73" hai1="11,35,12,36,2,133,15,24,33,80,105,106,119" hai2="18,54,88,117,9,103,126,6,71,91,8,53,25" hai3="41,111,50,76,17,94,0,31,100,86,96,70,131"/><T124/><D116/><U66/><E119/><V89/><F117/><W134/><G70/><T56/><D125/><U57/><E36/><V46/><F126/><W67/><G0/><T82/><D124/><U108/><E2/><V77/><F71/><W130/><G111/><T129/><D129/><N who="3" m="49161" /><G134/><T81/><D47/><U127/><E80/><V113/><F113/><W40/><G31/><T44/><D44/><U39/><E39/><V90/><F103/><W132/><G132/><T14/><D45/><U95/><E95/><V110/><F110/><W32/><G32/><T121/><D121/><U23/><E108/><V19/><F77/><W69/><G50/><T5/><D78/><U26/><E127/><V107/><F107/><W29/><G29/><T93/><D14/><U74/><E15/><N who="2" m="5527" /><F9/><W60/><G17/><N who="2" m="6153" /><F25/><W21/><G21/><T122/><D73/><U120/><E23/><V20/><F20/><W34/><G34/><T84/><D84/><U51/><E74/><V28/><F28/><W112/><G112/><T65/><REACH who="0" step="1"/><D122/><REACH who="0" ten="282,157,293,258" step="2"/><U118/><E12/><V38/><F38/><W49/><G86/><T13/><D13/><U22/><E120/><V72/><F72/><W109/><G76/><T68/><D68/><U87/><E133/><V27/><F27/><W114/><G109/><T43/><D43/><N who="3" m="16457" /><G114/><T128/><D128/><U58/><E118/><V104/><F46/><W3/><G3/><T30/><D30/><U92/><E24/><V135/><F135/><W48/><AGARI ba="3,1" hai="48,49,60,67,69,94,96,100" m="16457,49161" machi="48" ten="30,1100,0" yaku="19,1" doraHai="1" who="3" fromWho="3" sc="282,-8,157,-6,293,-6,258,30" /><INIT seed="5,0,0,4,1,108" ten="274,151,287,288" oya="1" hai0="72,63,109,69,103,49,66,133,61,100,51,101,131" hai1="16,27,54,6,38,55,23,127,52,48,42,41,83" hai2="32,91,90,134,3,0,58,88,28,33,9,111,123" hai3="117,39,76,102,37,93,26,78,53,96,95,125,1"/><U62/><E127/><V24/><F111/><W40/><G1/><T87/><D109/><U56/><E6/><V70/><F134/><W105/><G117/><T17/><D72/><U50/><E38/><V13/><F123/><W18/><G125/><T64/><D133/><U99/><E83/><V126/><F126/><W71/><G71/><T20/><D131/><U47/><E99/><V74/><F74/><W44/><G39/><T104/><D104/><U11/><E11/><V75/><F75/><W116/><G116/><T45/><D87/><U60/><E60/><V35/><F70/><W43/><G43/><T5/><D5/><U77/><E77/><V118/><F118/><W92/><G53/><T22/><D45/><AGARI ba="0,0" hai="16,23,27,41,42,45,47,48,50,52,54,55,56,62" machi="45" ten="30,12000,1" yaku="7,1,9,1,8,1,54,2" doraHai="108" who="1" fromWho="0" sc="274,-120,151,120,287,0,288,0" /><INIT seed="5,1,0,0,1,8" ten="154,271,287,288" oya="1" hai0="21,27,42,60,117,126,133,69,7,120,123,38,108" hai1="29,1,57,94,48,118,2,44,81,18,45,31,97" hai2="63,22,130,72,132,100,103,114,62,70,79,88,95" hai3="115,24,127,64,3,83,89,28,124,11,52,112,75"/><U109/><E118/><V134/><F114/><N who="3" m="43563" /><G64/><T12/><D117/><U105/><E105/><V40/><F40/><W101/><G101/><N who="2" m="38985" /><F130/><W128/><G128/><T43/><D108/><U49/><E109/><V131/><F131/><W104/><G104/><T78/><D78/><U19/><E94/><V47/><F47/><W46/><G3/><T56/><D69/><U5/><E5/><V32/><F32/><N who="3" m="20487" /><G11/><N who="0" m="4223" /><D38/><U30/><E81/><N who="2" m="45287" /><F22/><W23/><G23/><T111/><D111/><U61/><E57/><V98/><F70/><W73/><G89/><T6/><D6/><U58/><E58/><V25/><F25/><W87/><G87/><T91/><D91/><U13/><E1/><V35/><F35/><W129/><G129/><T125/><D133/><AGARI ba="1,0" hai="62,63,88,95,98,132,133,134" m="45287,38985" machi="133" ten="30,2000,0" yaku="20,1,54,1" doraHai="8" who="2" fromWho="0" sc="154,-23,271,0,287,23,288,0" /><INIT seed="6,0,0,3,2,75" ten="131,271,310,288" oya="2" hai0="97,76,59,39,62,23,106,41,120,48,49,113,117" hai1="102,96,68,25,78,40,133,12,47,3,104,43,74" hai2="44,2,86,18,130,108,134,61,28,88,81,55,93" hai3="77,98,16,4,66,35,73,79,53,31,125,46,63"/><V119/><F119/><W135/><G73/><T52/><D120/><U111/><E111/><V27/><F108/><W51/><G135/><T17/><D113/><U95/><E68/><V67/><F134/><W20/><G125/><T126/><D126/><U45/><E3/><V33/><F130/><W87/><G4/><T131/><D131/><U10/><E133/><V114/><F114/><W22/><G35/><T122/><D122/><U82/><E25/><V42/><F2/><W121/><G121/><T13/><D117/><U38/><E104/><V14/><F55/><W30/><G98/><T129/><D129/><U36/><E12/><V124/><F124/><W94/><G94/><T83/><D106/><U54/><E54/><V50/><F93/><W15/><G87/><T34/><D34/><U9/><AGARI ba="0,0" hai="9,10,36,38,40,43,45,47,74,78,82,95,96,102" machi="9" ten="30,4000,0" yaku="0,1,9,1,52,1" doraHai="75" who="1" fromWho="1" sc="131,-10,271,40,310,-20,288,-10" /><INIT seed="7,0,0,5,0,1" ten="121,311,290,278" oya="3" hai0="47,120,94,43,114,81,112,45,130,11,16,123,25" hai1="91,67,49,42,53,88,93,37,126,7,110,85,132" hai2="128,32,100,86,64,59,135,46,29,23,108,51,31" hai3="129,50,12,95,75,96,66,133,9,21,39,62,6"/><W104/><G39/><T34/><D81/><N who="1" m="49199" /><E110/><V97/><F108/><W72/><G104/><T13/><D130/><U4/><E37/><V115/><F128/><W10/><G129/><T83/><D83/><U74/><E74/><V0/><F0/><W103/><G133/><T28/><D94/><U125/><E67/><V24/><F135/><W77/><G77/><T127/><D47/><N who="1" m="25847" /><E132/><V82/><F115/><N who="0" m="44074" /><D45/><U61/><E126/><V92/><F32/><W26/><G10/><T80/><D80/><U118/><E118/><V78/><F31/><N who="3" m="17871" /><G50/><T38/><D43/><U33/><E33/><V131/><F131/><W113/><G113/><T35/><D38/><U134/><E125/><V87/><F87/><W54/><G54/><T27/><D127/><U76/><E76/><V73/><F73/><W117/><G117/><T68/><D68/><U2/><E2/><V58/><REACH who="2" step="1"/><F64/><REACH who="2" ten="121,311,280,278" step="2"/><W17/><G75/><T89/><D89/><U57/><E134/><V18/><F18/><W71/><G72/><T3/><D3/><U19/><E19/><V79/><F79/><W84/><G84/><AGARI ba="0,1" hai="4,7,53,57,61,84,91,93" m="25847,49199" machi="84" ten="30,7700,0" yaku="8,1,52,2,54,1" doraHai="1" who="1" fromWho="3" sc="121,0,311,87,280,0,278,-77" owari="121,-38.0,398,50.0,280,8.0,201,-20.0" /></mjloggm>