<mjloggm ver="2.3"><GO type="169" lobby="0"/><UN n0="%E3%83%9D%E3%82%B3%E3%83%94%E3%83%B3" n1="%E3%83%A4%E3%82%B3%E3%83%96%E3%82%B3%E3%83%BC%E3%82%A8%E3%83%B3" n2="%E5%B0%B1%E6%B4%BB%E7%94%9F%40%E5%B7%9D%E6%9D%91%E8%BB%8D%E5%9B%A3" n3="%46%75%6E%54%69%6D%65" dan="16,18,16,16" rate="2097.14,2274.99,2109.95,2064.05" sx="M,M,M,M"/><TAIKYOKU oya="0"/><INIT seed="0,0,0,5,4,27" ten="250,250,250,250" oya="0" hai0="68,19,58,47,95,91,92,44,41,108,57,93,135" hai1="102,43,71,75,104,37,14,97,34,134,65,5,79" hai2="63,40,84,1,10,9,35,99,94,38,114,60,8" hai3="28,49,80,77,33,83,133,67,50,24,45,23,64"/><T48/><D68/><U81/><E14/><V116/><F114/><W29/><G133/><T89/><D135/><U56/><E56/><V124/><F35/><W30/><G33/><T17/><D108/><U113/><E134/><V87/><F1/><W111/><G111/><T15/><D44/><U72/><E72/><V112/><F112/><W21/><G77/><T119/><D119/><U118/><E118/><V18/><F116/><W6/><G6/><T100/><D100/><U128/><E128/><V73/><F73/><W66/><G24/><T70/><D70/><U110/><E110/><V46/><F18/><W129/><G129/><T25/><D25/><U90/><E90/><N who="0" m="34313" /><D17/><U103/><E103/><V55/><F124/><W105/><G105/><T121/><D121/><U115/><E5/><V53/><F99/><W26/><G26/><T36/><D36/><U42/><E42/><V117/><F117/><W76/><G76/><T120/><D120/><U51/><E51/><N who="3" m="19466" /><G45/><T2/><D2/><U101/><E101/><V39/><F94/><W82/><AGARI ba="0,0" hai="21,23,28,29,30,64,66,67,80,82,83" m="19466" machi="82" ten="40,16000,3" yaku="29,2,28,2,8,1,52,3" doraHai="27" who="3" fromWho="3" sc="250,-80,250,-40,250,-40,250,160" /><INIT seed="1,0,0,1,5,2" ten="170,210,210,410" oya="1" hai0="63,93,76,56,69,13,50,99,126,66,8,100,54" hai1="12,15,109,23,60,6,123,42,47,134,52,90,107" hai2="16,55,27,114,73,101,116,31,72,68,77,32,105" hai3="34,106,80,98,9,95,78,97,71,0,36,20,74"/><U94/><E107/><V83/><F116/><W37/><G34/><T121/><D126/><U70/><E123/><V79/><F114/><W30/><G71/><T17/><D76/><U7/><E134/><V49/><F68/><W75/><G106/><T39/><D39/><U96/><E109/><V25/><F101/><W11/><G30/><T130/><D130/><U53/><E70/><V135/><F135/><W64/><G64/><T35/><D35/><U89/><E89/><V129/><F129/><W113/><G20/><T128/><D128/><U41/><E23/><V14/><F27/><W120/><G95/><T131/><D131/><U122/><E122/><V24/><F24/><W133/><G133/><T108/><D108/><U82/><E82/><V85/><F77/><W38/><G120/><T29/><D29/><U61/><E47/><V117/><F105/><W81/><G113/><T127/><D127/><U45/><E45/><V1/><F1/><W84/><G0/><T3/><D3/><U21/><E21/><V62/><F62/><N who="1" m="24169" /><E15/><V28/><F117/><W91/><G75/><T67/><D121/><U119/><E12/><V111/><F111/><W43/><G74/><T10/><D67/><U58/><E119/><V103/><F31/><W18/><G78/><T86/><D86/><U46/><E46/><N who="2" m="28087" /><F103/><W44/><G38/><T5/><REACH who="0" step="1"/><D10/><REACH who="0" ten="160,210,210,410" step="2"/><U112/><E112/><V92/><F73/><W40/><G37/><T118/><D118/><U4/><E53/><V88/><F72/><W125/><G36/><T110/><D110/><U124/><E124/><V59/><F79/><RYUUKYOKU ba="0,1" sc="160,15,210,15,210,-15,410,-15" hai0="5,8,13,17,50,54,56,63,66,69,93,99,100" hai1="4,6,7,41,42,52,58,90,94,96" /><INIT seed="1,1,1,2,5,112" ten="175,225,195,395" oya="1" hai0="98,106,38,23,1,35,111,53,5,20,102,122,68" hai1="107,52,135,67,132,76,70,120,64,118,126,26,40" hai2="44,113,82,50,115,73,11,14,105,6,97,54,62" hai3="33,63,128,28,34,15,16,75,74,117,116,61,85"/><U30/><E107/><V41/><F105/><W17/><G85/><T90/><D122/><U99/><E120/><V79/><F97/><W55/><G128/><T32/><D38/><U124/><E40/><V96/><F96/><W59/><G28/><T131/><D131/><U7/><E7/><V104/><F104/><W109/><G109/><T110/><D68/><U123/><E123/><V81/><F81/><W10/><G17/><T21/><D53/><U42/><E42/><V66/><REACH who="2" step="1"/><F41/><REACH who="2" ten="175,225,185,395" step="2"/><W127/><G127/><N who="1" m="48682" /><E99/><V4/><F4/><W9/><G9/><T83/><D111/><U89/><E76/><V69/><AGARI ba="1,2" hai="6,11,14,44,50,54,62,66,69,73,79,82,113,115" machi="69" ten="30,4000,0" yaku="1,1,0,1,53,1" doraHai="112" doraHaiUra="58" who="2" fromWho="2" sc="175,-11,225,-21,185,63,395,-11" /><INIT seed="2,0,0,3,2,95" ten="164,204,248,384" oya="2" hai0="92,24,34,67,36,117,15,113,1,75,112,45,71" hai1="51,4,27,40,126,74,91,107,133,87,121,79,119" hai2="17,49,72,77,44,55,62,50,94,12,76,90,99" hai3="16,29,106,22,116,109,47,53,41,85,78,54,11"/><V103/><F72/><W125/><G106/><T48/><D36/><U68/><E68/><V19/><F62/><W56/><G109/><T64/><D1/><U9/><E107/><V30/><F30/><W134/><G116/><T0/><D0/><U132/><E119/><V100/><F19/><W65/><G125/><T128/><D75/><U7/><E126/><V97/><F50/><N who="3" m="26991" /><G134/><T127/><D127/><U88/><E121/><V18/><F18/><W105/><G105/><T66/><D71/><U111/><E111/><V8/><F90/><W35/><G35/><T96/><D117/><U118/><E118/><V3/><F3/><W31/><G11/><T20/><D15/><N who="1" m="5543" /><E7/><V82/><F82/><N who="3" m="47319" /><G65/><T114/><D34/><U59/><E27/><V33/><F33/><W129/><G129/><T61/><D128/><U25/><E25/><V104/><AGARI ba="0,0" hai="8,12,17,44,49,55,76,77,94,97,99,100,103,104" machi="104" ten="20,7800,0" yaku="0,1,7,1,52,2" doraHai="95" who="2" fromWho="2" sc="164,-26,204,-26,248,78,384,-26" /><INIT seed="2,1,0,5,3,124" ten="138,178,326,358" oya="2" hai0="36,13,16,103,67,93,96,14,55,130,88,57,113" hai1="68,19,29,115,11,95,28,87,52,4,65,45,108" hai2="51,116,80,100,44,75,59,117,48,18,56,53,25" hai3="112,71,49,9,3,81,50,66,43,101,85,41,38"/><V6/><F6/><W30/><G101/><T77/><D113/><U123/><E115/><V70/><F70/><W135/><G30/><T42/><D77/><U97/><E65/><V84/><F75/><W40/><G38/><T0/><D0/><U94/><E68/><V2/><F2/><W127/><G112/><T134/><D67/><U8/><E123/><V109/><F100/><W111/><G3/><T90/><D134/><U72/><E72/><V63/><F109/><W24/><G24/><T27/><D42/><U132/><E108/><V105/><F105/><W122/><G9/><T114/><D36/><U33/><E33/><V46/><F25/><W62/><G111/><T110/><D110/><U128/><E128/><V12/><F116/><W31/><G31/><T23/><D130/><U91/><E19/><V82/><F117/><W106/><G106/><T83/><D114/><U129/><E129/><V69/><F82/><W74/><G74/><T47/><D47/><U98/><E87/><V104/><F104/><W73/><G73/><T54/><D54/><U89/><E132/><V118/><F69/><W78/><G135/><T21/><D83/><U119/><E119/><V131/><F131/><W61/><G122/><T79/><D79/><U5/><E45/><N who="2" m="17515" /><F59/><W60/><G127/><T37/><D37/><U92/><E92/><V125/><F125/><W22/><G22/><T34/><D34/><U20/><E20/><N who="2" m="11335" /><F118/><W35/><G35/><T1/><D21/><U133/><E133/><V107/><F107/><W58/><G71/><T26/><D23/><U64/><E64/><RYUUKYOKU ba="1,0" sc="138,-30,178,10,326,10,358,10" hai1="4,5,8,11,28,29,52,89,91,94,95,97,98" hai2="48,51,53,56,63,80,84" hai3="40,41,43,49,50,58,60,61,62,66,78,81,85" /><INIT seed="2,2,0,5,3,67" ten="108,188,336,368" oya="2" hai0="58,82,80,22,64,132,5,26,52,10,37,45,73" hai1="94,39,61,92,50,42,38,70,0,29,89,76,51" hai2="126,14,81,66,71,108,46,28,35,24,4,16,32" hai3="128,88,116,115,2,98,135,72,110,99,131,1,53"/><V97/><F35/><W134/><G116/><T122/><D132/><N who="3" m="50729" /><G110/><T20/><D122/><U54/><E0/><N who="3" m="106" /><G72/><T129/><D129/><N who="3" m="49737" /><G115/><T13/><D73/><U17/><E76/><V25/><F108/><W56/><G88/><T18/><D22/><U75/><E75/><V112/><F112/><W118/><G118/><T133/><D133/><U23/><E29/><V114/><F114/><W123/><G123/><T74/><D74/><U41/><E89/><V106/><F106/><W9/><G9/><T95/><D95/><U87/><E92/><V43/><F81/><W85/><G85/><T91/><D91/><U111/><E94/><V68/><F97/><W44/><G44/><T30/><D37/><U7/><E87/><V60/><F4/><W59/><G53/><T40/><D5/><U127/><E7/><V8/><F25/><W102/><G99/><T15/><D45/><U3/><E54/><V100/><F100/><W93/><AGARI ba="2,0" hai="56,59,93,98,102" m="49737,106,50729" machi="93" ten="40,2700,0" yaku="20,1,19,1" doraHai="67" who="3" fromWho="3" sc="108,-9,188,-9,336,-15,368,33" /><INIT seed="3,0,0,3,0,62" ten="99,179,321,401" oya="3" hai0="1,53,74,75,78,130,100,19,44,4,124,82,64" hai1="57,0,48,79,16,70,134,77,52,66,35,107,93" hai2="102,116,56,89,110,30,91,73,41,49,6,122,103" hai3="95,21,123,23,45,97,9,104,55,80,111,63,128"/><W105/><G123/><T121/><D124/><U88/><E107/><V40/><F73/><W43/><G128/><T113/><D113/><U99/><E35/><V25/><F6/><W96/><G111/><T86/><D130/><U15/><E0/><V90/><F110/><W129/><G129/><T126/><D126/><U120/><E134/><V106/><F116/><W20/><G80/><T42/><D100/><N who="2" m="38442" /><F106/><W118/><G118/><T18/><D53/><U117/><E117/><V59/><F122/><W127/><G127/><T94/><D121/><U54/><E54/><N who="2" m="31823" /><F59/><W112/><G112/><T14/><D1/><U84/><E99/><V46/><F46/><W28/><G45/><T3/><D3/><U29/><E29/><V67/><F67/><W109/><G97/><T12/><D94/><U17/><E17/><V37/><F37/><W101/><G28/><T133/><D64/><U114/><E114/><V76/><F76/><W27/><G95/><T58/><D58/><U119/><E119/><V8/><F8/><W51/><G9/><T115/><D4/><U68/><E68/><V31/><F25/><W26/><G105/><T5/><D5/><U7/><E7/><V83/><F83/><W72/><G109/><T2/><D2/><U60/><E120/><V38/><F38/><W10/><G10/><AGARI ba="0,0" hai="10,15,16,48,52,57,60,66,70,77,79,84,88,93" machi="10" ten="30,8000,1" yaku="7,1,52,1,54,3" doraHai="62" who="1" fromWho="3" sc="99,0,179,80,321,0,401,-80" /><INIT seed="4,0,0,0,5,1" ten="99,259,321,321" oya="0" hai0="115,27,30,78,89,93,73,77,50,114,32,21,99" hai1="23,48,34,98,37,22,35,3,53,5,79,130,66" hai2="95,101,126,82,41,6,92,64,70,110,42,121,18" hai3="118,33,29,63,20,52,90,129,97,54,124,31,133"/><T119/><D119/><U16/><E37/><V13/><F110/><W28/><G33/><T49/><D32/><U40/><E40/><V81/><F121/><W117/><G124/><T65/><D65/><U55/><E66/><V75/><F126/><W122/><G122/><T96/><D96/><U36/><E36/><V56/><F70/><W71/><G129/><T38/><D38/><U46/><E130/><V26/><F26/><W127/><G127/><T11/><D11/><U8/><E23/><V85/><F6/><W112/><G112/><T68/><D68/><U87/><E55/><V60/><F75/><W94/><G133/><T14/><D14/><U9/><E9/><N who="2" m="6447" /><F81/><W86/><G71/><T100/><D100/><U103/><E87/><V125/><F125/><W57/><G118/><T12/><D12/><U69/><E79/><N who="0" m="30217" /><D73/><U51/><E51/><N who="0" m="19465" /><D115/><U47/><E47/><V76/><F95/><N who="3" m="54743" /><G117/><T15/><D114/><U19/><E69/><V102/><F102/><N who="3" m="60727" /><G54/><T104/><D104/><U91/><E35/><V120/><F120/><W59/><G57/><T74/><D74/><U44/><E46/><V108/><F108/><W88/><G88/><N who="0" m="55719" /><D15/><U24/><E34/><V128/><F128/><W61/><G61/><T39/><D39/><U131/><E131/><V116/><F116/><W72/><G72/><T132/><D132/><U45/><E45/><V25/><F25/><AGARI ba="0,0" hai="20,25,28,29,31,52,59,63" m="60727,54743" machi="25" ten="30,2000,0" yaku="8,1,54,1" doraHai="1" who="3" fromWho="2" sc="99,0,259,0,321,-20,321,20" /><INIT seed="5,0,0,3,3,36" ten="99,259,301,341" oya="1" hai0="78,81,105,74,129,69,106,125,94,1,53,47,93" hai1="76,2,84,0,120,121,109,90,48,113,73,35,33" hai2="91,37,57,117,89,38,101,97,46,13,50,102,34" hai3="107,23,3,77,132,64,98,116,85,124,114,14,41"/><U67/><E109/><V24/><F117/><W70/><G3/><T62/><D1/><U19/><E113/><V92/><F38/><W5/><G114/><T103/><D69/><U45/><E67/><V83/><F37/><W118/><G41/><T133/><D62/><U43/><E2/><V110/><F110/><W122/><G122/><T51/><D133/><U52/><E0/><V131/><F131/><W42/><G132/><T135/><D129/><U15/><E76/><V100/><F57/><W126/><G42/><T127/><D135/><U44/><E73/><V29/><F13/><W21/><G107/><T130/><D130/><U16/><E33/><V80/><REACH who="2" step="1"/><F89/><REACH who="2" ten="99,259,291,341" step="2"/><W58/><G58/><T72/><D47/><U32/><E121/><V95/><F95/><W20/><G14/><T12/><D12/><U60/><E120/><V87/><F87/><W71/><G85/><T40/><D94/><U49/><E15/><V68/><F68/><W4/><G77/><T88/><D78/><U39/><E39/><V7/><F7/><W17/><G5/><T54/><D93/><N who="1" m="54471" /><E35/><V65/><F65/><W123/><G64/><T82/><D103/><U6/><E32/><V25/><F25/><W30/><G123/><T10/><D51/><U119/><E6/><V111/><F111/><W134/><G4/><T27/><D27/><U22/><E119/><V86/><F86/><W104/><G118/><T28/><D88/><U18/><E22/><V66/><F66/><W56/><G116/><T8/><D106/><U59/><E60/><V63/><F63/><W112/><G134/><RYUUKYOKU ba="0,1" sc="99,-15,259,15,291,15,341,-15" hai1="16,18,19,43,44,45,48,49,52,59" hai2="24,29,34,46,50,80,83,91,92,97,100,101,102" /><INIT seed="5,1,1,2,2,19" ten="84,274,306,326" oya="1" hai0="17,8,120,43,47,13,31,114,57,82,119,95,110" hai1="90,129,116,9,68,81,103,65,29,100,11,113,125" hai2="118,59,49,121,15,51,111,3,21,28,40,91,132" hai3="98,124,38,27,106,25,1,62,7,108,88,89,6"/><U39/><E39/><V128/><F3/><W23/><G108/><T123/><D119/><U64/><E116/><V20/><F111/><W14/><G1/><T72/><D110/><U60/><E125/><V127/><F118/><W80/><G38/><T87/><D72/><U105/><E129/><V112/><F121/><W52/><G124/><T73/><D73/><U4/><E113/><V75/><F75/><W56/><G106/><T42/><D114/><U12/><E29/><V79/><F79/><W37/><G37/><T131/><D131/><U122/><E122/><V0/><F0/><W10/><G7/><T133/><D123/><U107/><E11/><V115/><F127/><W78/><G98/><T92/><D120/><U76/><E90/><N who="3" m="34922" /><G23/><N who="2" m="8777" /><F132/><W34/><G34/><T101/><D133/><U135/><E135/><V53/><F128/><W109/><G109/><T85/><D31/><U102/><REACH who="1" step="1"/><E65/><REACH who="1" ten="84,264,306,326" step="2"/><V48/><F115/><W71/><G71/><T55/><D8/><U32/><E32/><V30/><F112/><W117/><G117/><T35/><D35/><U67/><E67/><V24/><F24/><W66/><G66/><T16/><D101/><U5/><E5/><V93/><F15/><W69/><G69/><T2/><D13/><U94/><E94/><V45/><F30/><W99/><G99/><T41/><D2/><U130/><E130/><V63/><F28/><W84/><AGARI ba="1,2" hai="6,10,14,25,27,52,56,62,78,80,84" m="34922" machi="84" ten="30,4000,0" yaku="8,1,54,2" doraHai="19" who="3" fromWho="3" sc="84,-11,264,-21,306,-11,326,63" /><INIT seed="6,0,0,0,5,50" ten="73,243,295,389" oya="2" hai0="100,46,135,106,54,15,119,63,129,108,103,24,27" hai1="66,76,81,5,49,20,30,0,97,13,121,32,39" hai2="34,1,110,134,126,99,43,93,2,77,82,8,64" hai3="59,19,96,90,60,115,40,86,33,127,28,84,120"/><V58/><F34/><W94/><G120/><T9/><D108/><U14/><E39/><V125/><F110/><W71/><G71/><T52/><D119/><U112/><E0/><V22/><F43/><W47/><G127/><N who="2" m="48649" /><F22/><W48/><G115/><T104/><D129/><U29/><E32/><V89/><F8/><W11/><G28/><T68/><D135/><U83/><E112/><V74/><F134/><W67/><G33/><T4/><D104/><U130/><E130/><V31/><F31/><W78/><G78/><T18/><D106/><U45/><E66/><V56/><F56/><W51/><G51/><N who="0" m="28791" /><D68/><U101/><E121/><V55/><F64/><W107/><G107/><T25/><D4/><U65/><E65/><V72/><F74/><W91/><G90/><T117/><D117/><U75/><E5/><V88/><F89/><W85/><G96/><T3/><D3/><U131/><E131/><V57/><F57/><AGARI ba="0,0" hai="9,15,18,24,25,27,54,57,63,100,103" m="28791" machi="57" ten="30,7700,0" yaku="8,1,52,2,54,1" doraHai="50" who="0" fromWho="2" sc="73,77,243,0,295,-77,389,0" /><INIT seed="7,0,0,1,3,41" ten="150,243,218,389" oya="3" hai0="36,42,72,56,100,134,91,119,117,1,74,45,16" hai1="130,86,112,123,0,114,129,59,115,37,101,103,124" hai2="15,128,52,109,24,58,102,63,8,14,127,133,107" hai3="105,40,87,44,79,111,11,126,69,31,62,43,68"/><W46/><G105/><T90/><D134/><U9/><E37/><V51/><F109/><W92/><G111/><T113/><D1/><U3/><E123/><V10/><F133/><W54/><G31/><T25/><D100/><N who="1" m="38475" /><E124/><V12/><F128/><N who="1" m="49257" /><E9/><N who="2" m="3691" /><F107/><W18/><G126/><T67/><D113/><U70/><E70/><V73/><F73/><W106/><G106/><T2/><D2/><N who="1" m="555" /><E86/><V49/><F102/><W50/><G69/><T81/><D74/><U22/><E22/><V34/><F34/><W121/><G68/><T20/><D72/><U23/><E23/><V82/><F127/><W7/><G7/><T78/><D78/><U48/><E48/><N who="2" m="18507" /><F24/><W80/><G121/><T131/><D131/><U33/><E59/><V116/><F116/><W38/><G38/><T21/><D21/><U13/><E13/><V60/><F82/><W35/><G35/><AGARI ba="0,0" hai="33,35,112,114,115" m="555,49257,38475" machi="35" ten="40,8000,1" yaku="28,2,15,1,19,1" doraHai="41" who="1" fromWho="3" sc="150,0,243,80,218,0,389,-80" owari="150,-35.0,323,42.0,218,-18.0,309,11.0" /></mjloggm>