<mjloggm ver="2.3"><GO type="97" lobby="0"/><UN n0="%4B%2D%59%41%53" n1="%E5%B0%B1%E6%B4%BB%E7%94%9F%40%E5%B7%9D%E6%9D%91%E8%BB%8D%E5%9B%A3" n2="%69%74%74%75%64%65%6D%69" n3="%6F%72%61%6D%69%64%6F" dan="14,15,14,14" rate="1892.10,2068.51,1939.95,1882.80" sx="M,M,M,M"/><TAIKYOKU oya="0"/><INIT seed="0,0,0,0,3,74" ten="250,250,250,250" oya="0" hai0="32,121,103,125,68,10,82,11,113,108,33,71,53" hai1="80,135,69,6,115,29,39,49,72,83,23,15,4" hai2="93,109,84,126,45,101,116,104,56,75,76,59,112" hai3="110,81,106,114,89,58,118,16,66,88,9,95,27"/><T92/><D113/><U65/><E39/><V44/><F112/><W96/><G114/><T34/><D121/><U64/><E115/><V87/><F116/><W86/><G118/><T50/><D125/><U21/><E135/><V43/><F126/><W22/><G110/><T17/><D108/><U41/><E72/><V79/><F109/><W127/><G106/><T99/><D82/><N who="1" m="31275" /><E69/><V35/><F35/><W5/><G127/><T42/><D42/><U123/><E123/><V52/><F75/><W77/><G66/><N who="1" m="25706" /><E29/><V70/><F70/><W91/><G58/><N who="2" m="22057" /><F104/><W132/><G132/><T57/><D11/><N who="1" m="4583" /><E6/><V47/><F43/><W63/><G63/><T102/><REACH who="0" step="1"/><D102/><REACH who="0" ten="240,250,250,250" step="2"/><U54/><E41/><V107/><F107/><W130/><G130/><T128/><D128/><U48/><E48/><V78/><F52/><W133/><G133/><T105/><D105/><U30/><E30/><V67/><F67/><W13/><AGARI ba="0,1" hai="5,9,13,16,22,27,77,81,86,88,89,91,95,96" machi="13" ten="20,12000,2" yaku="0,1,7,1,8,1,52,1,54,2" doraHai="74" who="3" fromWho="3" sc="240,-60,250,-30,250,-30,250,130" /><INIT seed="1,0,0,2,4,58" ten="180,220,220,380" oya="1" hai0="17,132,61,116,120,102,25,45,53,105,89,122,112" hai1="118,18,60,50,72,12,9,76,71,113,129,40,14" hai2="52,48,97,29,121,108,54,124,126,79,84,98,36" hai3="104,107,22,130,94,27,125,70,123,7,128,37,86"/><U16/><E113/><V32/><F36/><W49/><G37/><T47/><D112/><U78/><E118/><V115/><F121/><N who="0" m="46698" /><D116/><U24/><E129/><N who="3" m="49770" /><G123/><T23/><D132/><U114/><E114/><V93/><F115/><W80/><G70/><T51/><D89/><U77/><E24/><V106/><F32/><W73/><G73/><T44/><D61/><U87/><E72/><V33/><F33/><W10/><G94/><T56/><D102/><U111/><E111/><V83/><F29/><N who="3" m="17655" /><G49/><T2/><D2/><U68/><E87/><V55/><F108/><W85/><G125/><T8/><D8/><U74/><E74/><V103/><REACH who="2" step="1"/><F48/><REACH who="2" ten="180,220,210,380" step="2"/><W95/><G95/><T100/><D100/><AGARI ba="0,1" hai="52,54,55,79,83,84,93,97,98,100,103,106,124,126" machi="100" ten="40,5200,0" yaku="1,1,2,1,54,1,53,0" doraHai="58" doraHaiUra="21" who="2" fromWho="0" sc="180,-52,220,0,210,62,380,0" /><INIT seed="2,0,0,1,0,48" ten="128,220,272,380" oya="2" hai0="2,6,68,47,87,133,22,111,93,37,75,88,110" hai1="63,33,107,115,119,73,53,106,90,125,56,123,11" hai2="102,85,39,12,79,52,113,46,3,69,7,80,105" hai3="124,24,10,121,65,57,17,43,44,31,41,83,78"/><V82/><F69/><W34/><G121/><T74/><D68/><U64/><E73/><V72/><F113/><W112/><G112/><T32/><D32/><U25/><E115/><V35/><F35/><W66/><G124/><T95/><D133/><U98/><E119/><V81/><F3/><W126/><G41/><N who="0" m="22959" /><D22/><U67/><E125/><V76/><F105/><W38/><G126/><T134/><D134/><U60/><E123/><V50/><F39/><W61/><G10/><N who="0" m="2391" /><D95/><U77/><E77/><V120/><F120/><W26/><G26/><T29/><D29/><U131/><E131/><V91/><F102/><W1/><G1/><T49/><D49/><U70/><E11/><N who="2" m="4223" /><F72/><W118/><G118/><T20/><D20/><U101/><E90/><V23/><F23/><W54/><G17/><T16/><D16/><U100/><E100/><V9/><F9/><W114/><G114/><T99/><D99/><U19/><E19/><V128/><F128/><W109/><G109/><AGARI ba="0,0" hai="74,75,87,88,93,109,110,111" m="2391,22959" machi="109" ten="30,2000,0" yaku="14,1,54,1" doraHai="48" who="0" fromWho="3" sc="128,20,220,0,272,0,380,-20" /><INIT seed="3,0,0,5,2,18" ten="148,220,272,360" oya="3" hai0="29,7,111,27,76,38,133,44,0,91,45,81,84" hai1="41,61,8,59,108,31,116,109,9,96,26,65,24" hai2="28,73,115,42,129,17,122,126,89,2,110,88,118" hai3="106,74,51,131,95,80,130,123,3,86,53,102,121"/><W52/><G3/><T92/><D111/><N who="1" m="42571" /><E116/><V105/><F42/><W114/><G74/><T113/><D133/><U79/><E41/><V58/><F28/><W1/><G1/><T55/><D113/><U15/><E79/><V132/><F58/><W62/><G114/><T93/><D38/><U19/><E96/><V87/><F17/><W25/><G106/><T125/><D125/><U99/><E99/><V43/><F43/><W107/><G107/><T50/><D0/><U104/><E104/><V70/><F87/><W127/><G127/><T71/><D71/><U120/><E120/><V124/><F88/><N who="3" m="51271" /><G25/><N who="1" m="9834" /><E31/><V16/><F16/><W40/><G102/><T66/><D66/><U100/><E100/><V22/><F22/><AGARI ba="0,0" hai="8,9,15,19,22,59,61,65" m="9834,42571" machi="22" ten="30,2000,0" yaku="14,1,52,1" doraHai="18" who="1" fromWho="2" sc="148,0,220,20,272,-20,360,0" owari="148,-35.0,240,-16.0,252,5.0,360,46.0" /></mjloggm>