<mjloggm ver="2.3"><GO type="41" lobby="0"/><UN n0="%E7%88%86%E5%BC%BE%E5%85%88%E7%94%9F" n1="%E7%88%86%E5%BC%BE%E4%BA%94%E9%83%8E%EF%BC%92" n2="%E7%84%A1%E7%9F%A5%E3%81%A8%E3%81%AE%E9%81%AD%E9%81%87" n3="%E5%B0%B1%E6%B4%BB%E7%94%9F%40%E5%B7%9D%E6%9D%91%E8%BB%8D%E5%9B%A3" dan="14,15,13,17" rate="1931.78,1998.99,1833.09,2151.67" sx="M,M,M,M"/><TAIKYOKU oya="0"/><INIT seed="0,0,0,2,3,69" ten="250,250,250,250" oya="0" hai0="51,41,118,107,126,31,112,23,73,9,113,5,48" hai1="131,26,50,34,46,128,22,54,125,30,0,47,79" hai2="55,85,127,8,7,93,88,11,119,98,86,96,82" hai3="123,80,43,115,130,121,87,12,102,29,71,17,122"/><T64/><BYE who="2" /><D118/><UN n2="%E7%84%A1%E7%9F%A5%E3%81%A8%E3%81%AE%E9%81%AD%E9%81%87" /><U13/><E0/><V53/><F127/><W92/><G71/><T91/><D73/><U28/><E125/><V95/><F119/><W105/><G115/><T89/><D107/><U108/><E108/><V106/><F106/><W75/><G130/><N who="1" m="49706" /><E79/><V110/><F110/><W81/><G29/><T61/><D126/><U62/><E62/><V58/><F55/><W111/><G75/><T15/><D112/><U20/><E28/><V39/><F39/><W94/><G43/><T68/><D113/><U27/><E27/><V78/><F85/><W52/><G111/><T4/><D4/><U3/><E3/><V1/><F1/><W97/><G52/><T124/><D124/><U16/><E47/><V116/><F7/><W59/><G59/><T44/><REACH who="0" step="1"/><D51/><REACH who="0" ten="240,250,250,250" step="2"/><U2/><E2/><V45/><F116/><W67/><G105/><T109/><D109/><U35/><AGARI ba="0,1" hai="13,16,20,22,26,30,34,35,46,50,54" m="49706" machi="35" ten="30,2000,0" yaku="19,1,54,1" doraHai="69" who="1" fromWho="1" sc="240,-10,250,30,250,-5,250,-5" /><INIT seed="1,0,0,2,5,47" ten="230,280,245,245" oya="1" hai0="52,37,60,85,84,83,4,46,32,130,5,70,26" hai1="119,15,10,63,129,29,76,79,80,7,88,35,110" hai2="68,3,14,62,128,74,53,38,132,42,121,117,17" hai3="18,97,54,61,58,43,44,106,81,65,73,86,126"/><U94/><E119/><V56/><F121/><W64/><G73/><T20/><D32/><U108/><E129/><V78/><F117/><W82/><G126/><T114/><D114/><U134/><E134/><V1/><F132/><W41/><G82/><T98/><D130/><U91/><E91/><V107/><F128/><W28/><G28/><T25/><D25/><U21/><E35/><V116/><F107/><W101/><G18/><T13/><D37/><U92/><E92/><V12/><F116/><W57/><G57/><T109/><D109/><N who="1" m="42091" /><E80/><V113/><F68/><W48/><REACH who="3" step="1"/><G41/><REACH who="3" ten="230,280,245,235" step="2"/><T34/><D70/><U89/><E29/><V120/><F42/><W2/><G2/><T102/><D34/><U125/><E125/><V124/><F120/><W127/><G127/><T72/><D72/><U100/><E76/><AGARI ba="0,1" hai="43,44,48,54,58,61,64,65,76,81,86,97,101,106" machi="76" ten="30,3900,0" yaku="1,1,7,1,52,1,53,0" doraHai="47" doraHaiUra="31" who="3" fromWho="1" sc="230,0,280,-39,245,0,235,49" /><INIT seed="2,0,0,2,3,64" ten="230,241,245,284" oya="2" hai0="11,5,114,34,49,12,87,83,88,120,79,31,4" hai1="119,127,50,60,90,21,73,45,63,109,43,85,37" hai2="42,61,39,126,105,0,19,69,26,56,112,131,40" hai3="17,38,80,96,47,94,99,23,117,59,67,108,66"/><V9/><F105/><W22/><G117/><T91/><D114/><U78/><E119/><V6/><F69/><W68/><G108/><T46/><D120/><U2/><E109/><V107/><F107/><W104/><G104/><T25/><REACH who="0" step="1"/><D5/><REACH who="0" ten="220,241,245,284" step="2"/><U121/><E121/><V7/><F112/><W132/><G132/><T33/><D33/><U35/><E35/><V106/><F126/><W124/><G124/><T58/><D58/><U122/><E122/><V1/><F131/><W89/><G59/><T133/><D133/><U84/><E127/><V123/><F123/><W15/><G68/><T13/><D13/><U97/><E2/><V95/><F7/><W62/><G47/><T36/><D36/><U24/><E37/><V111/><F0/><W29/><G15/><T30/><D30/><U28/><E73/><V16/><F39/><W41/><G38/><T102/><D102/><U110/><E110/><V116/><F111/><W101/><G101/><T14/><D14/><U70/><E70/><V113/><F116/><W51/><G29/><T75/><D75/><U48/><E28/><V27/><F113/><W71/><G71/><T92/><D92/><U100/><E100/><V135/><F135/><W74/><G74/><T128/><D128/><U52/><E24/><N who="2" m="9259" /><F106/><W81/><G94/><T98/><D98/><U130/><E130/><V134/><F95/><W20/><G96/><T72/><D72/><U125/><E125/><V118/><F134/><W55/><G99/><T54/><AGARI ba="0,1" hai="4,11,12,25,31,34,46,49,54,79,83,87,88,91" machi="54" ten="20,8000,1" yaku="1,1,0,1,7,1,54,1,53,1" doraHai="64" doraHaiUra="10" who="0" fromWho="0" sc="220,90,241,-20,245,-40,284,-20" /><INIT seed="3,0,0,3,1,43" ten="310,221,205,264" oya="3" hai0="94,31,122,65,14,9,63,92,53,13,1,112,91" hai1="30,2,83,133,19,129,88,117,121,12,47,110,82" hai2="22,103,46,16,62,101,5,80,70,135,132,97,28" hai3="20,38,17,130,35,7,90,108,32,81,25,109,61"/><W18/><G38/><T114/><D1/><U64/><E2/><V27/><F5/><W124/><G61/><T56/><D31/><U93/><E121/><V45/><F103/><W86/><G7/><T40/><D122/><U73/><E64/><N who="2" m="41239" /><F80/><W131/><G18/><N who="0" m="8495" /><D14/><U75/><E30/><V111/><F28/><W26/><G124/><T10/><D10/><U79/><E129/><N who="3" m="49162" /><G26/><T11/><D11/><U95/><E95/><N who="0" m="36393" /><D91/><U74/><E133/><N who="2" m="51275" /><F111/><AGARI ba="0,0" hai="17,20,25,32,35,81,86,90,108,109,111" m="49162" machi="111" ten="30,5800,0" yaku="14,1,10,1,19,1" doraHai="43" who="3" fromWho="2" sc="310,0,221,0,205,-58,264,58" /><INIT seed="3,1,0,0,2,100" ten="310,221,147,322" oya="3" hai0="123,11,38,67,64,21,25,75,10,122,47,121,108" hai1="60,119,36,105,88,20,95,78,59,6,44,134,33" hai2="9,72,58,12,110,106,5,131,70,97,52,111,68" hai3="3,28,53,41,128,54,14,48,104,23,103,29,66"/><W76/><G3/><T16/><D75/><U30/><E105/><V125/><F72/><W1/><G1/><T120/><D108/><N who="2" m="41514" /><F125/><W114/><G114/><T86/><D123/><U84/><E33/><V96/><F131/><W63/><G128/><T89/><D38/><U115/><E115/><V102/><F97/><W0/><G0/><T93/><REACH who="0" step="1"/><D47/><REACH who="0" ten="300,221,147,322" step="2"/><U26/><E36/><V87/><F87/><W45/><G29/><T82/><D82/><U40/><E119/><V117/><F117/><W85/><G28/><T57/><D57/><U42/><E44/><V22/><F22/><W34/><G34/><T73/><D73/><U7/><E134/><V129/><F129/><W116/><G116/><T4/><D4/><N who="1" m="1579" /><E78/><V112/><F112/><W79/><G85/><T99/><D99/><U17/><E30/><V71/><F71/><W80/><G79/><T118/><D118/><U61/><E59/><V2/><F2/><W91/><G80/><T37/><D37/><U94/><E84/><V19/><F5/><W132/><G76/><T107/><D107/><U127/><E127/><V62/><AGARI ba="1,1" hai="9,12,19,52,58,62,68,70,96,102,106" m="41514" machi="62" ten="30,4000,0" yaku="14,1,52,1,54,1" doraHai="100" who="2" fromWho="2" sc="300,-11,221,-11,147,53,322,-21" /><INIT seed="4,0,0,3,3,18" ten="289,210,200,301" oya="0" hai0="46,14,29,59,102,8,35,91,31,87,9,24,76" hai1="84,41,23,4,38,2,64,70,89,82,81,114,90" hai2="92,74,50,33,48,73,32,21,97,0,112,128,49" hai3="7,56,88,130,63,16,126,106,28,37,134,85,78"/><T51/><D102/><U129/><E70/><V117/><F0/><W39/><G106/><T115/><D115/><U109/><E109/><V124/><F112/><W125/><G7/><T110/><D110/><U77/><E114/><V133/><F133/><W58/><G28/><T80/><D31/><U83/><E64/><V34/><F124/><N who="3" m="47723" /><G78/><T131/><D131/><U25/><E129/><V68/><F68/><W96/><G96/><T44/><D59/><N who="3" m="22569" /><G63/><T54/><D44/><U42/><E38/><V67/><F128/><W22/><G130/><T5/><REACH who="0" step="1"/><D9/><REACH who="0" ten="279,210,200,301" step="2"/><U3/><E90/><AGARI ba="0,1" hai="5,8,14,24,29,35,46,51,54,76,80,87,90,91" machi="90" ten="40,3900,0" yaku="1,1,2,1,53,0" doraHai="18" doraHaiUra="101" who="0" fromWho="1" sc="279,49,210,-39,200,0,301,0" /><INIT seed="4,1,0,1,4,49" ten="328,171,200,301" oya="0" hai0="13,53,98,56,66,81,19,134,131,7,64,92,120" hai1="78,8,45,44,86,55,57,43,41,42,76,2,130" hai2="47,110,63,129,82,79,33,67,133,102,84,36,96" hai3="62,1,127,93,132,119,103,29,30,22,12,15,27"/><T118/><D118/><U116/><E116/><V34/><F110/><W0/><G119/><T26/><D120/><U39/><E130/><V95/><F129/><W90/><G103/><T100/><D134/><U37/><E43/><V99/><F133/><W58/><G132/><T124/><D124/><U17/><E86/><V104/><F47/><W9/><G127/><T73/><D131/><U80/><E80/><V18/><F36/><W123/><G123/><T77/><D26/><U69/><E69/><V40/><F40/><W101/><G101/><T126/><D7/><U51/><E17/><V52/><F18/><N who="3" m="12759" /><G1/><T85/><D73/><U24/><E24/><V88/><REACH who="2" step="1"/><F52/><REACH who="2" ten="328,171,190,301" step="2"/><N who="3" m="34119" /><G0/><T113/><D126/><U21/><REACH who="1" step="1"/><E21/><REACH who="1" ten="328,161,190,301" step="2"/><V4/><F4/><AGARI ba="1,2" hai="2,4,8,37,39,41,42,44,45,51,55,57,76,78" machi="4" ten="40,8000,1" yaku="1,1,2,1,9,1,52,1,53,0" doraHai="49" doraHaiUra="87" who="1" fromWho="2" sc="328,0,161,103,190,-83,301,0" /><INIT seed="5,0,0,0,1,61" ten="328,264,107,301" oya="1" hai0="120,72,39,116,5,53,73,63,134,84,90,45,95" hai1="33,34,57,42,8,123,135,47,103,30,17,110,9" hai2="75,97,10,118,0,125,93,40,4,3,87,25,46" hai3="64,129,91,71,21,70,18,77,60,115,132,80,133"/><U43/><E123/><V89/><F118/><W37/><G37/><T94/><D116/><U27/><E110/><V14/><F125/><W24/><G129/><T130/><D130/><U101/><E34/><V98/><F75/><W86/><G115/><T109/><D109/><U102/><E135/><N who="3" m="51786" /><G71/><T117/><D134/><U7/><E43/><V92/><F98/><W67/><G70/><T127/><D117/><U23/><E57/><V12/><F25/><W32/><G60/><T13/><D127/><U82/><E82/><V15/><F0/><W49/><G49/><T107/><D107/><U100/><N who="1" m="25600" /><DORA hai="119" /><U26/><REACH who="1" step="1"/><E7/><REACH who="1" ten="328,254,107,301" step="2"/><V74/><F74/><N who="3" m="43063" /><G32/><T41/><D73/><U122/><E122/><V126/><F126/><W52/><G52/><T114/><D72/><U55/><E55/><V16/><F3/><W11/><G67/><T22/><D120/><U29/><E29/><V85/><F4/><W112/><G64/><T121/><D121/><U58/><E58/><V96/><F96/><W78/><G78/><T108/><D108/><U6/><E6/><V56/><F97/><W54/><G54/><T68/><D53/><U19/><E19/><V65/><F56/><W104/><G112/><T105/><D114/><U51/><AGARI ba="0,1" hai="8,9,17,23,26,27,30,33,42,47,51" m="25600" machi="51" ten="40,3900,0" yaku="1,1,0,1,53,0" doraHai="61,119" doraHaiUra="35,88" who="1" fromWho="1" sc="328,-13,254,49,107,-13,301,-13" /><INIT seed="5,1,0,1,1,77" ten="315,303,94,288" oya="1" hai0="134,60,132,2,91,90,35,57,51,19,133,114,36" hai1="48,112,17,22,84,53,6,15,10,117,121,12,96" hai2="130,37,63,42,75,83,61,65,124,125,126,49,120" hai3="43,128,14,99,102,5,109,28,71,129,122,127,123"/><U80/><E117/><V16/><F75/><W11/><G71/><T100/><D36/><U72/><E72/><V78/><F120/><N who="3" m="46123" /><G43/><T59/><D2/><U97/><E121/><V8/><F37/><W68/><G68/><T73/><D73/><U23/><E23/><V45/><F130/><N who="3" m="50283" /><G109/><T89/><D35/><U52/><E112/><V119/><F119/><W79/><G79/><T21/><D114/><U70/><E70/><N who="2" m="42287" /><F63/><W18/><G127/><N who="2" m="32513" /><V7/><DORA hai="64" /><F7/><W108/><G108/><T115/><D115/><U58/><E53/><V101/><F101/><W81/><G81/><T26/><D100/><U27/><E27/><V47/><F47/><W86/><G86/><T118/><D118/><U24/><E24/><V55/><F42/><W94/><G28/><T104/><D104/><U106/><E106/><V25/><F78/><AGARI ba="1,0" hai="6,10,12,15,17,22,48,52,58,78,80,84,96,97" machi="78" ten="30,11600,0" yaku="7,1,8,1,52,1,54,1" doraHai="77,64" who="1" fromWho="2" sc="315,0,303,119,94,-119,288,0" owari="315,12.0,422,52.0,-25,-53.0,288,-11.0" /></mjloggm>