<mjloggm ver="2.3"><GO type="41" lobby="0"/><UN n0="%E5%B0%B1%E6%B4%BB%E7%94%9F%40%E5%B7%9D%E6%9D%91%E8%BB%8D%E5%9B%A3" n1="%E7%B4%AB%E3%82%BF%E3%83%A9%E3%82%B3" n2="%4E%49%4B%55%2D%37" n3="%63%6C%6F%6F%77%64%6F" dan="15,13,13,15" rate="2013.10,1818.57,1859.59,2018.30" sx="M,M,F,M"/><TAIKYOKU oya="0"/><INIT seed="0,0,0,4,0,28" ten="250,250,250,250" oya="0" hai0="11,61,22,79,129,31,110,134,19,1,89,77,12" hai1="126,122,112,32,113,42,71,99,18,128,120,121,64" hai2="117,27,81,107,14,48,127,26,50,52,78,21,96" hai3="54,94,7,114,109,17,80,91,49,60,125,63,20"/><T9/><D129/><U82/><E82/><V103/><F127/><W30/><G114/><N who="1" m="44138" /><E99/><V41/><F117/><W46/><G109/><T29/><D110/><U74/><E74/><V135/><F135/><W44/><G30/><N who="0" m="11275" /><D134/><U39/><E18/><V118/><F118/><W55/><G7/><T47/><D1/><U34/><E126/><V116/><F116/><W105/><G105/><T36/><D36/><U5/><E5/><V6/><F41/><W76/><G125/><T98/><D47/><N who="1" m="24031" /><E128/><V57/><F50/><N who="3" m="29015" /><G76/><N who="0" m="29259" /><D61/><AGARI ba="0,0" hai="32,34,61,64,71,120,121,122" m="24031,44138" machi="61" ten="40,8000,1" yaku="11,1,23,1,52,2" doraHai="28" who="1" fromWho="0" sc="250,-80,250,80,250,0,250,0" /><INIT seed="1,0,0,5,0,119" ten="170,330,250,250" oya="1" hai0="30,38,127,5,75,12,61,115,76,45,27,104,65" hai1="32,55,117,90,96,20,2,0,79,3,114,35,135" hai2="10,112,130,66,62,109,41,1,49,43,54,22,48" hai3="50,51,110,24,85,53,69,8,78,113,63,58,108"/><U91/><E117/><V52/><F112/><W11/><G113/><T21/><D115/><U120/><E114/><V99/><F109/><N who="3" m="42091" /><G24/><T23/><D127/><U56/><E79/><V36/><F99/><W6/><G69/><T134/><D104/><U92/><E135/><V106/><F106/><W87/><G8/><T81/><D134/><U29/><E91/><V86/><F86/><N who="3" m="32779" /><G78/><T95/><D95/><U84/><E84/><V46/><F22/><W33/><G33/><T39/><D45/><U7/><E7/><V40/><F10/><W118/><G118/><T123/><D123/><U121/><E32/><V34/><F1/><AGARI ba="0,0" hai="1,6,11,50,51,53,58,63" m="32779,42091" machi="1" ten="30,1000,0" yaku="14,1" doraHai="119" who="3" fromWho="2" sc="170,0,330,0,250,-10,250,10" /><INIT seed="2,0,0,5,3,41" ten="170,330,240,260" oya="2" hai0="30,48,29,133,54,113,57,38,33,128,109,36,126" hai1="60,31,37,10,72,103,84,99,28,86,124,64,3" hai2="78,125,12,27,69,98,85,82,14,70,35,100,39" hai3="79,87,46,43,83,110,25,120,105,22,52,58,34"/><V8/><F125/><W11/><G120/><T77/><D126/><U95/><E124/><V123/><F123/><W68/><G68/><T63/><D113/><U96/><E72/><V102/><F39/><W118/><G118/><T18/><D77/><U90/><E37/><V15/><F8/><W6/><G110/><T117/><D38/><U13/><E3/><V127/><F127/><W44/><G43/><T116/><D109/><U62/><E62/><V111/><F111/><W92/><G105/><T9/><D36/><U55/><E55/><V74/><F74/><W115/><G115/><T106/><D106/><U47/><E47/><N who="3" m="17962" /><G34/><T101/><D33/><U80/><E96/><V112/><F112/><W23/><G92/><T119/><D101/><U1/><E1/><V135/><F100/><W56/><G25/><T32/><D32/><U130/><E84/><V67/><F35/><W19/><G19/><T2/><D2/><U16/><E130/><V89/><F27/><W65/><G65/><T24/><D128/><U26/><E26/><V20/><F67/><W53/><G53/><T61/><D24/><U0/><E0/><V121/><F121/><W51/><G56/><AGARI ba="0,0" hai="10,13,16,28,31,56,60,64,80,86,90,95,99,103" machi="56" ten="30,3900,0" yaku="7,1,8,1,54,1" doraHai="41" who="1" fromWho="3" sc="170,0,330,39,240,0,260,-39" /><INIT seed="3,0,0,3,1,110" ten="170,369,240,221" oya="3" hai0="88,84,0,112,41,4,35,92,54,19,52,89,134" hai1="66,123,18,47,108,86,98,90,114,69,29,76,109" hai2="65,67,131,2,31,77,56,122,73,120,118,61,14" hai3="71,42,48,113,130,132,103,55,100,124,26,59,79"/><W106/><G79/><T11/><D35/><U87/><E123/><N who="2" m="47147" /><F2/><W22/><G71/><T10/><D41/><U99/><E29/><V25/><F118/><W1/><G1/><T13/><D134/><U111/><E47/><V121/><F131/><W135/><G130/><T78/><D78/><U7/><E7/><V119/><F119/><W23/><G124/><T51/><D112/><U115/><E18/><V33/><F14/><W91/><G113/><N who="1" m="43018" /><E76/><V63/><F121/><W64/><G64/><N who="2" m="24649" /><F56/><W17/><G42/><T53/><REACH who="0" step="1"/><D89/><REACH who="0" ten="160,369,240,221" step="2"/><U30/><E90/><V20/><F33/><W40/><G91/><T95/><D95/><U60/><E30/><V105/><F105/><W36/><G106/><T97/><D97/><AGARI ba="0,1" hai="60,66,69,86,87,97,98,99,108,109,111" m="43018" machi="97" ten="40,8000,1" yaku="14,1,52,3" doraHai="110" who="1" fromWho="0" sc="160,-80,369,90,240,0,221,0" /><INIT seed="4,0,0,5,0,68" ten="80,459,240,221" oya="0" hai0="18,129,76,43,128,80,114,106,77,102,19,71,134" hai1="9,67,24,119,105,82,84,95,57,15,121,33,27" hai2="135,40,132,61,100,7,116,10,54,125,45,110,74" hai3="107,64,23,96,81,53,48,20,92,89,112,1,26"/><T29/><D71/><U118/><E105/><V46/><F110/><W11/><G64/><T32/><D114/><U127/><E121/><V3/><F74/><W104/><G112/><T8/><D43/><U122/><E122/><V55/><F125/><W44/><G81/><T14/><D134/><N who="2" m="51242" /><F116/><W79/><G79/><T28/><D77/><U47/><E127/><V124/><F124/><W38/><G38/><T6/><D102/><U65/><E95/><V12/><F100/><W93/><G23/><T94/><D106/><U56/><E47/><N who="2" m="17931" /><F40/><W108/><G108/><T99/><D99/><U75/><E75/><V50/><F50/><W73/><G73/><T130/><D94/><U126/><E126/><V41/><F41/><W97/><G93/><T117/><D117/><U4/><E33/><V123/><F123/><W58/><G97/><T78/><D78/><U62/><E82/><V69/><F3/><W34/><G34/><T59/><D59/><U5/><E84/><V113/><F113/><W90/><G58/><T22/><D80/><U120/><E120/><V17/><F7/><N who="3" m="1519" /><G90/><T91/><D91/><U36/><E36/><V42/><F42/><W103/><G89/><T52/><D76/><U37/><E37/><V63/><F69/><W70/><G70/><T88/><D88/><U101/><E9/><V72/><F72/><W31/><G103/><T87/><D87/><U51/><E51/><V131/><F63/><W30/><G107/><T111/><D111/><U109/><E101/><V49/><F61/><W2/><G104/><T16/><D52/><N who="2" m="20010" /><F49/><W35/><G48/><RYUUKYOKU ba="0,0" sc="80,-10,459,-10,240,30,221,-10" hai2="10,12,17,131" /><INIT seed="5,1,0,0,5,54" ten="70,449,270,211" oya="1" hai0="103,51,118,11,31,115,9,95,8,23,46,20,126" hai1="40,6,72,26,113,114,120,13,59,28,110,55,56" hai2="4,123,87,3,125,134,90,105,57,30,107,130,49" hai3="83,92,67,108,25,85,86,45,104,19,66,5,0"/><U101/><E72/><V77/><F123/><W109/><G104/><T24/><D118/><U12/><E120/><V15/><F125/><W122/><G45/><T135/><D135/><U7/><E40/><V89/><F130/><W79/><G122/><T102/><D115/><N who="1" m="44043" /><E101/><V42/><F3/><W71/><G0/><T84/><D126/><U29/><E55/><V124/><F124/><W65/><G5/><N who="1" m="1546" /><E110/><V41/><F41/><W131/><G71/><T80/><D95/><U76/><E76/><V127/><F77/><W47/><G47/><T78/><REACH who="0" step="1"/><D20/><REACH who="0" ten="60,449,270,211" step="2"/><N who="1" m="15431" /><E29/><V52/><F30/><W53/><G108/><T34/><D34/><U38/><E38/><V64/><F127/><W44/><G109/><T21/><D21/><U43/><E43/><AGARI ba="1,1" hai="8,9,11,23,24,31,43,46,51,78,80,84,102,103" machi="43" ten="40,2600,0" yaku="1,1,8,1,53,0" doraHai="54" doraHaiUra="88" who="0" fromWho="1" sc="60,39,449,-29,270,0,211,0" /><INIT seed="6,0,0,5,2,27" ten="99,420,270,211" oya="2" hai0="113,92,101,39,90,53,73,78,106,15,87,22,11" hai1="40,74,107,71,21,48,31,95,33,45,75,36,20" hai2="42,10,105,26,126,68,17,37,43,135,23,132,91" hai3="25,98,54,128,65,30,110,12,123,49,80,51,122"/><V94/><F105/><W66/><G110/><T60/><D39/><U59/><E107/><V81/><F68/><W118/><G118/><T134/><D134/><N who="2" m="51242" /><F81/><W119/><G128/><T44/><D113/><U89/><E71/><V85/><F126/><W50/><G54/><T131/><D131/><U34/><E34/><V121/><F121/><W79/><G119/><T52/><D73/><U29/><E33/><V56/><F37/><W108/><G108/><T96/><D78/><U8/><E8/><V88/><F56/><W70/><G98/><T57/><D22/><U41/><E41/><N who="2" m="15371" /><F91/><W112/><G112/><T18/><D44/><U19/><E74/><V86/><F10/><W24/><G70/><T130/><REACH who="0" step="1"/><D130/><REACH who="0" ten="89,420,270,211" step="2"/><U61/><E75/><V77/><F77/><W2/><G79/><T125/><D125/><U4/><E21/><V93/><F93/><W104/><G104/><T14/><D14/><U38/><E36/><V83/><F83/><W111/><G12/><T55/><AGARI ba="0,1" hai="11,15,18,52,53,55,57,60,87,90,92,96,101,106" machi="55" ten="20,8000,1" yaku="1,1,0,1,7,1,54,1,53,1" doraHai="27" doraHaiUra="103" who="0" fromWho="0" sc="89,90,420,-20,270,-40,211,-20" /><INIT seed="7,0,0,4,5,95" ten="179,400,230,191" oya="3" hai0="88,76,120,81,116,77,106,65,134,14,123,0,36" hai1="108,56,27,1,124,117,3,74,20,93,90,57,102" hai2="94,10,48,92,109,11,60,130,8,19,135,129,79" hai3="91,35,26,47,73,100,23,7,121,107,70,83,16"/><W55/><G121/><N who="0" m="46667" /><D36/><U42/><E74/><V37/><F135/><W38/><G70/><T49/><D0/><U45/><E108/><V128/><F109/><W87/><G7/><T28/><D28/><U33/><E33/><V17/><F37/><W46/><G38/><T103/><D65/><U32/><E32/><V80/><F60/><W44/><G35/><T61/><D61/><U104/><E124/><V131/><F48/><W69/><G69/><T25/><D25/><U72/><E72/><N who="2" m="43111" /><F131/><W96/><REACH who="3" step="1"/><G73/><REACH who="3" ten="179,400,230,181" step="2"/><N who="0" m="43151" /><D49/><AGARI ba="0,1" hai="16,23,26,44,46,47,49,55,83,87,91,96,100,107" machi="49" ten="40,7700,0" yaku="1,1,52,1,54,1,53,0" doraHai="95" doraHaiUra="89" who="3" fromWho="0" sc="179,-77,400,0,230,0,181,87" /><INIT seed="7,1,0,0,5,73" ten="102,400,230,268" oya="3" hai0="78,6,111,84,67,104,50,27,4,1,57,26,80" hai1="40,42,89,110,47,55,118,124,16,108,86,109,81" hai2="120,97,117,41,46,99,30,133,114,71,37,38,20" hai3="94,9,35,87,54,90,19,127,85,52,59,112,48"/><W103/><G35/><T15/><D111/><U28/><E118/><V39/><F71/><W121/><G121/><T128/><D104/><U5/><E5/><V21/><F117/><W45/><G112/><T43/><D128/><U92/><E124/><V75/><F75/><W107/><G127/><T126/><D1/><U95/><E28/><V64/><F64/><W68/><G68/><T3/><D3/><U125/><E125/><V102/><F120/><W76/><G107/><T22/><D126/><U135/><E135/><V93/><F133/><W70/><G70/><T24/><D67/><U134/><E134/><V36/><F30/><W58/><G103/><T13/><D13/><U18/><E55/><V29/><F29/><W53/><G9/><T77/><D6/><U32/><E32/><V62/><F114/><W83/><REACH who="3" step="1"/><G19/><REACH who="3" ten="102,400,230,258" step="2"/><T33/><D33/><U74/><E16/><V12/><F102/><W72/><G72/><T25/><N who="0" m="6656" /><DORA hai="69" /><T105/><D105/><U44/><E18/><V116/><F116/><W34/><G34/><T96/><D22/><U129/><E129/><V82/><F20/><W11/><G11/><N who="0" m="4583" /><D96/><U131/><E74/><V66/><F21/><W56/><AGARI ba="1,1" hai="45,48,52,53,54,56,58,59,76,83,85,87,90,94" machi="56" ten="30,18000,2" yaku="1,1,0,1,8,1,52,1,54,1,53,1" doraHai="73,69" doraHaiUra="63,91" who="3" fromWho="3" sc="102,-61,400,-61,230,-61,258,193" owari="41,-46.0,339,14.0,169,-23.0,451,55.0" /></mjloggm>