<mjloggm ver="2.3"><GO type="193" lobby="0"/><UN n0="%E6%86%82%E6%A2%A6" n1="%E3%83%88%E3%83%88%E3%83%AA%E5%85%88%E7%94%9F%31%39%E6%AD%B3" n2="%5B%E3%81%88%E3%81%A8%E3%81%BA%E3%82%93%5D" n3="%E3%81%B0%E3%81%86" dan="13,11,12,11" rate="1778.56,1812.44,1865.14,1634.69" sx="M,F,F,M"/><TAIKYOKU oya="0"/><INIT seed="0,0,0,1,2,50" ten="250,250,250,250" oya="0" hai0="103,126,15,12,57,4,129,92,79,21,20,11,45" hai1="71,130,128,13,32,134,36,105,0,38,108,132,23" hai2="85,90,84,6,63,95,110,94,67,46,69,104,66" hai3="88,10,37,135,113,102,1,30,80,70,116,100,39"/><T77/><D126/><U99/><E71/><V91/><F104/><W7/><G113/><T76/><D129/><N who="1" m="49771" /><E32/><V51/><F110/><W54/><G116/><T41/><D57/><U111/><E0/><V97/><F6/><W16/><G70/><T60/><D60/><U125/><E13/><V52/><F67/><W68/><G68/><T31/><D31/><U61/><E23/><V74/><F74/><W3/><G3/><T27/><D15/><U127/><E61/><V122/><REACH who="2" step="1"/><F122/><REACH who="2" ten="250,250,240,250" step="2"/><W47/><G135/><N who="1" m="51754" /><E111/><V123/><F123/><W42/><G30/><T35/><D35/><U33/><E108/><V73/><F73/><W75/><G39/><N who="1" m="14890" /><E33/><V101/><F101/><AGARI ba="0,1" hai="99,101,105,125,127" m="14890,51754,49771" machi="101" ten="40,8000,1" yaku="30,2,19,1,20,1,23,1" doraHai="50" who="1" fromWho="2" sc="250,0,250,90,240,-80,250,0" /><INIT seed="1,0,0,3,2,133" ten="250,340,160,250" oya="1" hai0="81,105,49,68,92,40,104,122,120,132,62,56,108" hai1="4,31,34,95,134,124,101,50,123,55,58,64,112" hai2="70,91,42,65,111,18,59,2,14,20,115,51,39" hai3="17,114,54,116,5,27,9,19,93,78,121,74,98"/><U89/><E112/><V32/><F115/><W8/><G114/><T24/><D132/><U29/><E134/><V129/><F111/><W16/><G121/><T117/><D117/><U53/><E123/><N who="0" m="47145" /><D108/><U96/><E124/><V118/><F118/><W13/><G116/><T15/><D68/><U131/><E131/><V84/><F129/><W67/><G67/><T46/><D81/><U88/><E64/><V99/><F32/><W103/><G54/><N who="0" m="34071" /><D24/><U7/><E34/><V90/><F2/><W110/><G110/><T76/><D76/><U10/><E55/><V25/><F99/><W57/><G57/><T6/><D92/><U38/><E38/><V72/><F72/><W80/><G27/><T125/><D125/><U128/><E128/><V1/><F1/><AGARI ba="0,0" hai="1,5,8,9,13,16,17,19,74,78,80,93,98,103" machi="1" ten="30,2000,0" yaku="7,1,54,1" doraHai="133" who="3" fromWho="2" sc="250,0,340,0,160,-20,250,20" /><INIT seed="2,0,0,1,1,79" ten="250,340,140,270" oya="2" hai0="110,133,123,46,73,7,71,1,96,24,108,22,114" hai1="13,38,129,69,57,116,21,63,26,135,4,74,54" hai2="134,103,42,35,102,6,89,122,106,84,90,39,41" hai3="80,59,70,11,14,121,2,118,100,104,19,31,43"/><V107/><F122/><W130/><G70/><T3/><D123/><U9/><E116/><V82/><F35/><W109/><G121/><T83/><D114/><U50/><E38/><V64/><F6/><W34/><G118/><T25/><D133/><U20/><E135/><V52/><F134/><W72/><G130/><T8/><D71/><U85/><E74/><V33/><F64/><W44/><G109/><N who="0" m="42091" /><D46/><U15/><E129/><V47/><F33/><W119/><G119/><T67/><D67/><U127/><E127/><V17/><F17/><W40/><G2/><N who="0" m="119" /><D25/><U65/><E15/><V86/><F41/><W76/><G59/><T131/><D131/><U48/><E48/><V105/><REACH who="2" step="1"/><F52/><REACH who="2" ten="250,340,130,270" step="2"/><W87/><G72/><T10/><D3/><U88/><E26/><V37/><F37/><W30/><G34/><T98/><D1/><U18/><E4/><V58/><F58/><W120/><G43/><T49/><D24/><U5/><E5/><V27/><F27/><W75/><G120/><T97/><D10/><U78/><E9/><V93/><AGARI ba="0,1" hai="39,42,47,82,84,86,89,90,93,102,103,105,106,107" machi="93" ten="30,6000,0" yaku="1,1,0,1,52,1,53,0" doraHai="79" doraHaiUra="28" who="2" fromWho="2" sc="250,-20,340,-20,130,70,270,-20" /><INIT seed="2,1,0,5,1,84" ten="230,320,200,250" oya="2" hai0="134,48,90,6,18,12,28,15,87,68,30,34,54" hai1="98,61,23,3,49,19,131,1,108,20,37,129,13" hai2="43,8,124,132,71,128,0,60,97,5,111,107,83" hai3="39,32,45,80,102,17,89,46,56,4,77,114,41"/><V133/><F43/><W65/><G114/><T67/><D134/><N who="2" m="51818" /><F111/><W126/><G45/><T52/><D68/><U2/><E37/><V72/><F124/><W79/><G126/><T62/><D67/><U99/><E108/><V69/><F128/><N who="1" m="49225" /><E49/><V125/><F125/><W106/><G106/><T76/><BYE who="3" /><D76/><U9/><E61/><V104/><F60/><W115/><G115/><T101/><D101/><U35/><E35/><V10/><F10/><W25/><G25/><T26/><D30/><U117/><E117/><V119/><F119/><W92/><G92/><T120/><D120/><U110/><E110/><V29/><F29/><W7/><G7/><T123/><D123/><U58/><E58/><V103/><F107/><W11/><G11/><T36/><D36/><U113/><E113/><V88/><F72/><W116/><G116/><T81/><D6/><N who="1" m="3255" /><E20/><V96/><F83/><UN n3="%E3%81%B0%E3%81%86" /><W105/><G105/><T31/><D31/><U14/><AGARI ba="1,0" hai="1,2,3,14,19,23,98,99" m="3255,49225" machi="14" ten="40,1500,0" yaku="19,1" doraHai="84" who="1" fromWho="1" sc="230,-5,320,18,200,-8,250,-5" /><INIT seed="3,0,0,4,5,49" ten="225,338,192,245" oya="3" hai0="73,26,93,132,94,101,12,95,92,38,135,125,19" hai1="77,124,55,126,100,127,33,23,131,24,104,89,70" hai2="8,25,105,59,27,106,17,116,4,46,120,130,99" hai3="86,64,36,65,29,54,115,3,79,96,118,74,18"/><W62/><G118/><T28/><N who="0" m="23552" /><DORA hai="134" /><T72/><D38/><U102/><E131/><V110/><F130/><W34/><G115/><T67/><D67/><U51/><E89/><V133/><F120/><W121/><G74/><T52/><D101/><N who="1" m="39019" /><E77/><V60/><F116/><W84/><G121/><T42/><D42/><U32/><E70/><V66/><F133/><N who="0" m="51274" /><D125/><U128/><E104/><V57/><F110/><W80/><G96/><T31/><D31/><N who="1" m="17823" /><E128/><V61/><F99/><W50/><G3/><T44/><D19/><U22/><E22/><V129/><F129/><W45/><G36/><T21/><D12/><U0/><E0/><V82/><F82/><W107/><G107/><T98/><D98/><U97/><E97/><V13/><F46/><AGARI ba="0,0" hai="32,33,46,51,55,124,126,127" m="17823,39019" machi="46" ten="30,8000,1" yaku="18,1,52,4" doraHai="49,134" who="1" fromWho="2" sc="225,0,338,80,192,-80,245,0" owari="225,-17.0,418,51.0,112,-39.0,245,5.0" /></mjloggm>