<mjloggm ver="2.3"><GO type="41" lobby="0"/><UN n0="%E3%81%91%E3%82%93%E3%81%A1%E3%82%83%E3%82%80" n1="%E3%81%BE%E3%81%95%E3%82%8B%E3%81%95%E3%82%93%E3%80%82%E3%80%82" n2="%E3%83%A1%E3%83%AB%E3%82%AF" n3="%E5%B0%B1%E6%B4%BB%E7%94%9F%40%E5%B7%9D%E6%9D%91%E8%BB%8D%E5%9B%A3" dan="15,15,15,15" rate="1975.27,1939.78,1933.47,2001.74" sx="M,M,M,M"/><TAIKYOKU oya="0"/><INIT seed="0,0,0,4,2,74" ten="250,250,250,250" oya="0" hai0="104,42,35,79,115,110,111,64,68,26,134,121,117" hai1="84,43,97,3,124,63,24,51,99,41,89,113,15" hai2="81,135,47,88,101,98,118,112,95,87,133,36,109" hai3="93,18,44,119,38,62,75,61,46,53,85,82,7"/><T60/><D104/><U32/><E3/><V22/><F22/><W13/><G119/><T65/><D117/><U19/><E124/><V91/><F47/><W49/><G75/><T11/><D121/><U58/><E113/><V80/><F36/><W23/><G7/><T90/><D115/><U14/><E24/><V50/><F50/><W25/><G38/><T4/><D65/><N who="1" m="39159" /><E32/><V132/><F112/><W130/><G130/><T77/><D42/><N who="1" m="15883" /><E51/><V12/><F12/><N who="1" m="4649" /><E19/><V126/><F126/><W33/><G46/><T123/><D123/><U37/><E37/><V39/><F39/><W9/><G33/><T108/><D90/><U114/><E114/><V70/><F70/><W27/><G93/><AGARI ba="0,0" hai="84,89,93,97,99" m="4649,15883,39159" machi="93" ten="30,1000,0" yaku="8,1" doraHai="74" who="1" fromWho="3" sc="250,0,250,10,250,0,250,-10" /><INIT seed="1,0,0,0,2,97" ten="250,260,250,240" oya="1" hai0="106,46,103,109,117,70,116,67,57,105,6,92,2" hai1="129,77,133,49,35,69,72,55,53,4,41,12,45" hai2="104,14,135,16,17,131,111,8,127,122,44,7,11" hai3="78,113,90,50,126,51,28,107,112,58,59,87,33"/><U91/><E129/><V132/><F104/><W128/><G128/><T56/><D116/><U5/><E133/><N who="2" m="51275" /><F44/><W115/><G126/><T85/><D117/><U27/><E69/><V29/><F127/><W68/><G107/><T54/><D109/><U18/><E72/><V121/><F111/><W88/><G68/><T31/><D31/><U10/><E77/><V125/><F125/><W19/><G33/><T52/><D70/><U30/><E91/><V94/><F94/><W75/><G28/><T118/><D118/><U82/><E82/><V73/><F73/><W15/><G75/><T79/><D106/><U26/><E26/><V20/><F131/><W63/><G78/><T108/><D105/><U98/><E98/><V62/><F62/><W48/><G87/><T80/><D108/><U110/><E110/><V13/><F29/><W89/><REACH who="3" step="1"/><G63/><REACH who="3" ten="250,260,250,230" step="2"/><T40/><D79/><U101/><E30/><V21/><F11/><AGARI ba="0,1" hai="11,15,19,48,50,51,58,59,88,89,90,112,113,115" machi="11" ten="50,8000,1" yaku="1,1,2,1,29,2,54,1,53,0" doraHai="97" doraHaiUra="71" who="3" fromWho="2" sc="250,0,260,0,250,-80,230,90" /><INIT seed="2,0,0,2,5,16" ten="250,260,170,320" oya="2" hai0="105,6,47,20,71,119,93,63,114,132,109,50,60" hai1="27,84,41,74,45,97,24,37,67,7,28,29,32" hai2="44,135,89,43,54,49,3,116,102,65,90,57,56" hai3="33,13,9,36,51,11,5,73,19,115,39,113,2"/><V12/><F3/><W38/><G73/><T106/><D119/><U108/><E108/><V14/><F116/><W104/><G104/><T17/><D114/><N who="3" m="43529" /><G33/><T76/><D109/><U121/><E121/><V81/><F135/><W129/><G51/><T117/><D117/><U91/><E74/><V120/><F120/><W21/><G129/><T25/><D6/><U70/><E7/><V78/><F102/><W82/><G82/><T96/><D76/><U55/><E55/><V52/><F65/><W4/><G39/><T34/><D34/><U126/><E126/><V18/><F12/><AGARI ba="0,0" hai="2,4,5,9,11,12,13,19,21,36,38" m="43529" machi="12" ten="30,2000,0" yaku="11,1,52,1" doraHai="16" who="3" fromWho="2" sc="250,0,260,0,170,-20,320,20" /><INIT seed="3,0,0,5,4,6" ten="250,260,150,340" oya="3" hai0="80,118,108,83,72,43,124,5,64,129,97,38,11" hai1="96,25,91,63,29,39,70,99,100,50,125,93,53" hai2="26,3,52,131,128,61,101,122,126,66,75,68,127" hai3="65,22,133,102,28,77,33,90,19,45,134,130,56"/><W20/><G130/><N who="2" m="49705" /><F101/><W117/><G117/><T34/><D118/><U8/><E125/><N who="2" m="47627" /><F75/><W87/><G33/><T71/><D124/><U46/><E8/><V44/><F3/><W82/><G102/><T36/><D129/><U13/><E13/><V49/><F26/><W120/><G120/><AGARI ba="0,0" hai="44,49,52,61,66,68,120,122" m="47627,49705" machi="120" ten="40,8000,1" yaku="19,1,18,1,34,2,54,1" doraHai="6" who="2" fromWho="3" sc="250,0,260,0,150,80,340,-80" /><INIT seed="4,0,0,4,3,32" ten="250,260,230,260" oya="0" hai0="125,41,80,68,123,76,39,106,133,54,43,48,86" hai1="10,47,124,70,114,46,15,12,42,116,73,59,97" hai2="135,60,100,17,40,134,31,93,28,132,50,82,85" hai3="6,90,79,26,95,30,33,24,120,66,44,51,78"/><T110/><D123/><U13/><E70/><V52/><F17/><W96/><G120/><T91/><D106/><U129/><E116/><V115/><F115/><W119/><G119/><T58/><D68/><U117/><E117/><V35/><F35/><W20/><G6/><T37/><D133/><U112/><E124/><V121/><F121/><W11/><G66/><T56/><D125/><U104/><E129/><V7/><F7/><W94/><G11/><T25/><D39/><U108/><E73/><V3/><F3/><W49/><G49/><T105/><D105/><U8/><E108/><V65/><F40/><W22/><G94/><T62/><D37/><U81/><E59/><N who="2" m="37023" /><F93/><W27/><G33/><T67/><D110/><U75/><E8/><V77/><F100/><W4/><G4/><T64/><D64/><U61/><E10/><V113/><F113/><N who="1" m="43625" /><E61/><V38/><F38/><W5/><G5/><T74/><D25/><N who="3" m="9833" /><G22/><T89/><D74/><U118/><E118/><V84/><F84/><W122/><G122/><T107/><D107/><U18/><E18/><V126/><F126/><W34/><G34/><T87/><D76/><N who="1" m="44191" /><E42/><AGARI ba="0,0" hai="20,27,30,42,44,51,78,79,90,95,96" m="9833" machi="42" ten="30,1000,0" yaku="8,1" doraHai="32" who="3" fromWho="1" sc="250,0,260,-10,230,0,260,10" /><INIT seed="5,0,0,2,5,4" ten="250,250,230,270" oya="1" hai0="8,55,80,115,121,108,87,15,84,113,64,95,91" hai1="99,103,46,2,34,12,117,131,132,9,62,48,67" hai2="134,23,72,133,29,45,73,3,10,30,97,33,88" hai3="22,59,56,83,90,129,53,85,74,94,17,65,122"/><U119/><E2/><V68/><F68/><W35/><G122/><T111/><D64/><U26/><E131/><V77/><F33/><W41/><G35/><T100/><D121/><U135/><E26/><V105/><F45/><W7/><G129/><T86/><D55/><U28/><E28/><V38/><F38/><W39/><G39/><T66/><D66/><U0/><E0/><V79/><F105/><W43/><G7/><N who="0" m="3487" /><D87/><U120/><E34/><V106/><F106/><W116/><G116/><T49/><D49/><U21/><E21/><V69/><F69/><W18/><G18/><T40/><D40/><U47/><E62/><V16/><F73/><W112/><G112/><N who="0" m="43083" /><D100/><U110/><E67/><V61/><F61/><N who="3" m="38055" /><G74/><T98/><D98/><U75/><E75/><V130/><F130/><W81/><G41/><T92/><D92/><N who="1" m="58855" /><E110/><V11/><F3/><W96/><G43/><T13/><D13/><U14/><E14/><N who="2" m="9623" /><F72/><W20/><G17/><T109/><D109/><U78/><E120/><V107/><F107/><W5/><G5/><T32/><D32/><U27/><E48/><V1/><F1/><W24/><G24/><T37/><D37/><U36/><E27/><V70/><F70/><W128/><G128/><T114/><D114/><U57/><E36/><V124/><F77/><AGARI ba="0,0" hai="77,80,84,86,91,95,108,111" m="43083,3487" machi="77" ten="30,2000,0" yaku="15,1,52,1" doraHai="4" who="0" fromWho="2" sc="250,20,250,0,230,-20,270,0" /><INIT seed="6,0,0,5,5,75" ten="270,250,210,270" oya="2" hai0="83,117,59,61,36,133,15,55,93,85,31,102,129" hai1="112,103,27,120,77,90,106,125,67,35,105,49,134" hai2="71,119,29,135,44,37,82,26,118,21,72,58,97" hai3="1,101,124,84,109,110,30,70,47,60,53,16,23"/><V45/><F71/><W68/><G124/><T91/><D36/><U4/><E90/><V104/><F135/><W87/><G1/><T32/><D117/><U42/><E125/><V3/><F3/><W115/><G30/><T19/><D133/><U94/><E4/><V41/><F44/><W95/><G115/><T33/><D31/><U69/><E94/><V40/><F40/><W56/><G47/><T8/><D129/><U80/><E49/><V57/><F57/><W108/><G87/><T6/><D6/><U20/><E42/><V99/><F58/><W131/><G131/><T65/><D65/><U34/><E134/><V0/><F99/><W128/><G128/><T73/><D73/><U132/><E112/><V79/><REACH who="2" step="1"/><F0/><REACH who="2" ten="270,250,200,270" step="2"/><W121/><G121/><T9/><D59/><U52/><E69/><V86/><F86/><W111/><G111/><T63/><D85/><U113/><E113/><V107/><F107/><W5/><G70/><T114/><D114/><U81/><E105/><V89/><F89/><W39/><G68/><T98/><D91/><U14/><E106/><V48/><F48/><W38/><G108/><T11/><D98/><U54/><E132/><V64/><F64/><W122/><G110/><T62/><D63/><U7/><E67/><V88/><F88/><W123/><G109/><T116/><D62/><U28/><E54/><V17/><F17/><W50/><G123/><T76/><D61/><U127/><E120/><V74/><F74/><W46/><G122/><T130/><D19/><U43/><E52/><V25/><F25/><W10/><G16/><RYUUKYOKU ba="0,1" sc="270,-10,250,-10,200,30,270,-10" hai2="21,26,29,37,41,45,72,79,82,97,104,118,119" /><INIT seed="6,1,1,4,1,123" ten="260,240,230,260" oya="2" hai0="63,20,43,17,117,33,124,122,21,88,78,113,65" hai1="119,1,96,25,55,95,13,24,51,75,59,50,132" hai2="67,62,107,98,83,106,52,118,94,81,48,133,26" hai3="16,85,39,130,97,61,47,23,11,44,3,12,54"/><V38/><F38/><W37/><G130/><T71/><D122/><U74/><E119/><V40/><F118/><W90/><G39/><T86/><D33/><U134/><E1/><V14/><F133/><N who="1" m="51305" /><E13/><V101/><F40/><W126/><G126/><T77/><D117/><U121/><E121/><V10/><F26/><N who="1" m="10345" /><E50/><V108/><F108/><W92/><G37/><T42/><D124/><U111/><E111/><V58/><F107/><W115/><G115/><T135/><D135/><U28/><E28/><V19/><REACH who="2" step="1"/><F106/><REACH who="2" ten="260,240,220,260" step="2"/><W60/><G3/><T5/><D43/><U100/><AGARI ba="1,2" hai="51,55,59,74,75,95,96,100" m="10345,51305" machi="100" ten="30,1100,0" yaku="20,1" doraHai="123" who="1" fromWho="1" sc="260,-4,240,34,220,-6,260,-4" /><INIT seed="7,0,0,3,0,83" ten="256,274,214,256" oya="3" hai0="76,64,73,32,45,88,127,5,91,3,2,0,53" hai1="11,8,62,79,15,81,49,114,111,120,51,87,85" hai2="96,18,65,108,103,31,125,86,118,74,59,105,24" hai3="4,48,102,117,38,10,30,1,89,99,27,126,16"/><W90/><G117/><T66/><D32/><U57/><E111/><V129/><F74/><W97/><G38/><T75/><D5/><N who="1" m="3471" /><E120/><V122/><F118/><W80/><G126/><T43/><D127/><U121/><E114/><V20/><F122/><W9/><G48/><T19/><D43/><U12/><E87/><V84/><F108/><W33/><G80/><T95/><D75/><U134/><E134/><V101/><F101/><W69/><G69/><T107/><D107/><U56/><E56/><V131/><F125/><W77/><G77/><T13/><D73/><U92/><E92/><V39/><F39/><W54/><G54/><T113/><D113/><U98/><E98/><V109/><F109/><W67/><G67/><T78/><D91/><U132/><E132/><V47/><F47/><W61/><G61/><T7/><D7/><N who="1" m="3199" /><E121/><V119/><F119/><W100/><G97/><T93/><D93/><U60/><E60/><N who="2" m="38047" /><F31/><W21/><G9/><T68/><D68/><U124/><E124/><V123/><F123/><W36/><G36/><T72/><D72/><U28/><E28/><V82/><F82/><W133/><G133/><T94/><D94/><U70/><E70/><V25/><F25/><W14/><G100/><T46/><D46/><U104/><E104/><AGARI ba="0,0" hai="1,4,10,14,16,21,27,30,33,89,90,99,102,104" machi="104" ten="30,11600,0" yaku="7,1,24,2,54,1" doraHai="83" who="3" fromWho="1" sc="256,0,274,-116,214,0,256,116" owari="256,6.0,158,-34.0,214,-19.0,372,47.0" /></mjloggm>