<mjloggm ver="2.3"><GO type="225" lobby="0"/><UN n0="%E3%83%88%E3%83%88%E3%83%AA%E5%85%88%E7%94%9F%31%39%E6%AD%B3" n1="%E6%84%9B%E5%AE%95%E3%83%8D%E3%82%AD%E3%80%82" n2="%E3%82%B7%E3%83%AB%E3%83%90%E3%83%BC%2F%E9%8A%80" n3="%E5%A4%A9%E7%A9%BA%73%61%79%61" dan="16,16,16,16" rate="2144.14,2083.32,2113.96,2060.06" sx="F,M,M,M"/><TAIKYOKU oya="0"/><INIT seed="0,0,0,5,4,62" ten="250,250,250,250" oya="0" hai0="24,76,109,60,52,63,104,102,99,59,92,36,45" hai1="34,27,74,123,46,112,17,70,26,71,134,83,37" hai2="12,82,13,25,129,100,55,115,86,49,54,8,124" hai3="75,40,88,122,43,29,80,6,91,87,9,97,22"/><T39/><D109/><U98/><E123/><V121/><F115/><W119/><G119/><T81/><D45/><U101/><E112/><V11/><F129/><W16/><G122/><T51/><D51/><U7/><E17/><V117/><F124/><W61/><G75/><T48/><D48/><U106/><E27/><V110/><F25/><N who="3" m="16567" /><G6/><T32/><D63/><U58/><E58/><V57/><F100/><W90/><G61/><T125/><D125/><U72/><E7/><V67/><F110/><W89/><G97/><T135/><D135/><U113/><E134/><V132/><F117/><W111/><G111/><T116/><D116/><U2/><E2/><V69/><F54/><W20/><G9/><T68/><D68/><U41/><E113/><V118/><F118/><W21/><G21/><T79/><D104/><U0/><E0/><V44/><F69/><N who="1" m="26121" /><E83/><V30/><F30/><AGARI ba="0,0" hai="26,30,34,37,41,46,72,74,98,101,106" m="26121" machi="30" ten="30,2000,0" yaku="33,2" doraHai="62" who="1" fromWho="2" sc="250,0,250,20,250,-20,250,0" /><INIT seed="1,0,0,2,3,58" ten="250,270,230,250" oya="1" hai0="109,107,106,41,133,16,113,26,4,3,61,91,96" hai1="121,68,131,69,9,52,105,15,28,35,23,6,36" hai2="5,43,54,90,111,2,56,76,84,59,127,94,24" hai3="48,89,75,51,57,30,39,40,64,116,115,130,22"/><U73/><E105/><V0/><F111/><W104/><G115/><T134/><D113/><U71/><E36/><V100/><F127/><W47/><G104/><T32/><D109/><U33/><E73/><V101/><F43/><W108/><G75/><T85/><D41/><U95/><E121/><V37/><F76/><W114/><G114/><T20/><D32/><U19/><E131/><V45/><F56/><W60/><G108/><T74/><D74/><U17/><E95/><V129/><F129/><W72/><G72/><T25/><D25/><U117/><E117/><V77/><F77/><W50/><G130/><T13/><D3/><U81/><E81/><V97/><F45/><W49/><G116/><T103/><D106/><U120/><E120/><V135/><F135/><N who="0" m="51722" /><D4/><U44/><E28/><V67/><F67/><W53/><G89/><T55/><D13/><U119/><E119/><V132/><F132/><W123/><G123/><T8/><D8/><U99/><E99/><V92/><F101/><W88/><G88/><T34/><D34/><U31/><E31/><V66/><F66/><W126/><G126/><T112/><D112/><U14/><E19/><V38/><F24/><N who="3" m="16663" /><G39/><N who="2" m="14857" /><F5/><W87/><G87/><T27/><D27/><U42/><E42/><AGARI ba="0,0" hai="40,42,47,48,49,50,51,53,57,60,64" m="16663" machi="42" ten="30,2000,0" yaku="8,1,52,1" doraHai="58" who="3" fromWho="1" sc="250,0,270,-20,230,0,250,20" /><INIT seed="2,0,0,2,3,75" ten="250,250,230,270" oya="2" hai0="77,54,53,102,13,66,95,134,116,48,71,115,41" hai1="68,88,34,84,132,56,92,49,29,89,15,36,19" hai2="26,74,76,111,4,79,129,98,87,37,60,27,62" hai3="133,21,126,5,131,123,12,14,35,33,31,20,58"/><V57/><F37/><W81/><G81/><T93/><D115/><U25/><E68/><V38/><F38/><W8/><G58/><T125/><D134/><U40/><E36/><V100/><F74/><W112/><G123/><T63/><D125/><U94/><E132/><V55/><F4/><W91/><G91/><T101/><D116/><U90/><E40/><V114/><F114/><W28/><G133/><T110/><D110/><U99/><E49/><N who="2" m="30959" /><F129/><W47/><G47/><T6/><D41/><U82/><E56/><V24/><F111/><W59/><G59/><N who="0" m="37247" /><D48/><U108/><E108/><V22/><F22/><N who="3" m="8811" /><G112/><T51/><D71/><U18/><REACH who="1" step="1"/><E15/><REACH who="1" ten="250,240,230,270" step="2"/><V106/><F60/><W23/><G131/><T120/><D13/><U44/><E44/><V104/><F62/><W2/><G126/><T73/><D51/><U135/><E135/><V16/><F106/><W3/><G14/><T1/><D54/><U109/><E109/><V86/><F104/><W69/><G69/><T83/><D53/><U103/><E103/><V124/><F100/><W9/><G3/><T52/><D52/><U119/><E119/><V122/><F124/><W96/><G2/><T30/><D102/><U97/><AGARI ba="0,1" hai="18,19,25,29,34,82,84,88,89,90,92,94,97,99" machi="97" ten="20,8000,1" yaku="1,1,0,1,7,1,9,1,54,1,53,0" doraHai="75" doraHaiUra="32" who="1" fromWho="1" sc="250,-20,240,90,230,-40,270,-20" /><INIT seed="3,0,0,1,0,77" ten="230,330,190,250" oya="3" hai0="71,74,108,11,45,48,126,51,78,36,27,43,82" hai1="83,44,86,24,60,56,64,26,10,14,96,131,119" hai2="73,21,90,75,32,93,94,132,113,91,134,114,29" hai3="70,3,35,59,28,102,65,23,8,68,84,47,81"/><W128/><G128/><T116/><D116/><U16/><E119/><V110/><F21/><W34/><G102/><T38/><D71/><U63/><E131/><V125/><F29/><W53/><G35/><T79/><D108/><U5/><E63/><V99/><F32/><W97/><G34/><T18/><D126/><U127/><E127/><V15/><F15/><W118/><G118/><T7/><D38/><U12/><E96/><V69/><F69/><W124/><G124/><T98/><D79/><N who="1" m="46463" /><E44/><V85/><F125/><W80/><G65/><T13/><D98/><U101/><E101/><V88/><F110/><W112/><G97/><T19/><D27/><U6/><E6/><V37/><F37/><W66/><G112/><N who="2" m="43113" /><F90/><W31/><G70/><T115/><D115/><U40/><E40/><V89/><F89/><W17/><G68/><T109/><D109/><U62/><E62/><V20/><F20/><AGARI ba="0,0" hai="5,10,12,14,16,20,24,26,56,60,64" m="46463" machi="20" ten="30,3900,0" yaku="8,1,52,1,54,1" doraHai="77" who="1" fromWho="2" sc="230,0,330,39,190,-39,250,0" owari="230,-17.0,369,47.0,151,-35.0,250,5.0" /></mjloggm>