<mjloggm ver="2.3"><GO type="169" lobby="0"/><UN n0="%E3%83%92%E3%83%AB%E3%83%99%E3%83%AB%E3%83%88" n1="%6D%69%78%79" n2="%72%6F%61%73%73%6F%32%38" n3="%E3%82%A6%E3%83%AB%E3%83%88%E3%83%A9%E7%AB%8B%E7%9B%B4" dan="16,16,16,16" rate="2142.34,2118.34,2053.89,2087.57" sx="M,M,M,M"/><TAIKYOKU oya="0"/><INIT seed="0,0,0,3,5,63" ten="250,250,250,250" oya="0" hai0="9,108,20,73,14,38,41,133,98,92,23,48,22" hai1="59,126,123,13,102,58,69,91,114,107,25,61,50" hai2="80,8,120,36,56,97,11,94,10,1,60,28,82" hai3="119,12,116,62,124,19,29,30,131,34,33,135,64"/><T74/><D38/><U86/><E123/><V31/><F120/><W121/><G121/><T77/><D133/><U79/><E79/><V42/><F1/><W132/><G124/><T37/><D37/><U18/><E126/><V52/><F36/><W122/><G122/><T71/><D108/><U40/><E114/><V118/><F42/><W125/><G125/><T5/><D77/><U113/><E113/><V3/><F3/><W17/><G62/><T128/><D128/><U53/><E25/><V96/><F118/><W0/><G64/><T134/><D134/><U39/><E39/><V49/><F97/><W76/><G76/><T46/><REACH who="0" step="1"/><D71/><REACH who="0" ten="240,250,250,250" step="2"/><U109/><E109/><V57/><F80/><W44/><G131/><T7/><D7/><U112/><E112/><V6/><F82/><W87/><G132/><T106/><D106/><U15/><E69/><V26/><F6/><W54/><G135/><T117/><D117/><U65/><E40/><V129/><F129/><W24/><G119/><T45/><D45/><U115/><E115/><V4/><F4/><W21/><G44/><T85/><D85/><U127/><E127/><V111/><F111/><W81/><G87/><T95/><D95/><U103/><E107/><V88/><REACH who="2" step="1"/><F26/><REACH who="2" ten="240,250,240,250" step="2"/><W32/><G116/><T35/><D35/><U66/><E15/><V99/><F99/><W83/><G0/><T2/><D2/><U93/><REACH who="1" step="1"/><E66/><AGARI ba="0,2" hai="8,10,11,28,31,49,52,56,57,60,66,88,94,96" machi="66" ten="40,12000,2" yaku="1,1,8,1,52,1,54,2,53,2" doraHai="63" doraHaiUra="27" who="2" fromWho="1" sc="240,0,250,-120,240,140,250,0" /><INIT seed="1,0,0,4,3,64" ten="240,130,380,250" oya="1" hai0="7,105,124,66,121,68,13,42,133,129,93,49,97" hai1="74,80,123,114,43,10,84,85,28,40,63,103,48" hai2="57,122,116,34,82,88,120,4,101,89,2,96,14" hai3="92,112,23,24,26,62,51,11,46,39,73,98,125"/><U127/><E123/><V55/><F116/><W77/><G39/><T12/><D105/><U30/><E114/><V70/><F34/><W90/><G112/><T58/><D121/><U119/><E119/><V60/><F2/><W78/><G125/><T128/><D124/><U17/><E127/><V6/><F120/><W27/><G73/><T118/><D118/><U69/><E74/><V22/><F122/><W41/><G11/><T71/><D133/><U86/><E103/><V109/><F70/><N who="0" m="26666" /><D7/><N who="2" m="2602" /><F82/><W131/><G131/><N who="0" m="50251" /><D42/><N who="1" m="15915" /><E69/><V9/><F109/><W25/><REACH who="3" step="1"/><G62/><REACH who="3" ten="240,130,380,240" step="2"/><N who="0" m="38231" /><D49/><U113/><E113/><V134/><F134/><W104/><G104/><T44/><D44/><U37/><E37/><V75/><F9/><W56/><G56/><T132/><D132/><U83/><E48/><V87/><F57/><W47/><G47/><T110/><D110/><U107/><E107/><V117/><F117/><W5/><G5/><T65/><D65/><U8/><E8/><V31/><F75/><W91/><G91/><AGARI ba="0,1" hai="12,13,91,93,97" m="38231,50251,26666" machi="91" ten="30,7700,0" yaku="19,1,52,3" doraHai="64" who="0" fromWho="3" sc="240,87,130,0,380,0,240,-77" /><INIT seed="2,0,0,1,0,44" ten="327,130,380,163" oya="2" hai0="135,84,16,43,22,53,69,121,45,38,112,30,101" hai1="49,36,104,37,14,81,79,94,115,95,29,78,122" hai2="128,20,65,39,15,66,55,10,96,68,2,110,27" hai3="60,33,24,50,100,88,11,64,98,90,61,1,106"/><V82/><F39/><W111/><G111/><T92/><D121/><U71/><E71/><V56/><F2/><W108/><G108/><T124/><D69/><U21/><E115/><V83/><F110/><W118/><G118/><T105/><D105/><U42/><E104/><V134/><F68/><W114/><G114/><T103/><D112/><U3/><E3/><V32/><F32/><W67/><G11/><T12/><D135/><U132/><E132/><V113/><F134/><W35/><G1/><T19/><D124/><U41/><E29/><N who="2" m="17639" /><F128/><W34/><G24/><T97/><D30/><U76/><E81/><N who="2" m="30731" /><F96/><W123/><G123/><T74/><D74/><U58/><E122/><V52/><F113/><W99/><G99/><T89/><D53/><N who="2" m="20554" /><F56/><W80/><G80/><T109/><D109/><U133/><E133/><V117/><F117/><W102/><G102/><T4/><D4/><AGARI ba="0,0" hai="4,10,15,65,66" m="20554,30731,17639" machi="4" ten="30,2900,0" yaku="8,1,54,1" doraHai="44" who="2" fromWho="0" sc="327,-29,130,0,380,29,163,0" /><INIT seed="2,1,0,0,1,8" ten="298,130,409,163" oya="2" hai0="80,71,131,25,89,76,104,130,93,0,110,31,86" hai1="37,27,18,42,127,66,35,97,3,59,96,15,43" hai2="50,81,112,6,100,78,129,128,20,69,56,68,116" hai3="98,33,45,111,24,79,122,99,54,13,73,30,132"/><V12/><F116/><W114/><G122/><T123/><D123/><U102/><E3/><V51/><F112/><W133/><G114/><T92/><D0/><U83/><E127/><V36/><F36/><W47/><G111/><T49/><D71/><U121/><E121/><V91/><F100/><W119/><G119/><T41/><D104/><U26/><E83/><V1/><F51/><W22/><G79/><T58/><D110/><U28/><E26/><V85/><F1/><W125/><G73/><T88/><D41/><U34/><E34/><V7/><F78/><W120/><G120/><T70/><D70/><U64/><E96/><V44/><F56/><W117/><G125/><T5/><D5/><U48/><E37/><V62/><F68/><W46/><G54/><N who="0" m="32079" /><D93/><U134/><E134/><N who="3" m="51818" /><G117/><T23/><D92/><U84/><E84/><V105/><F105/><W67/><G67/><T61/><D61/><U14/><E66/><V101/><F62/><W82/><G82/><T109/><D109/><U11/><E64/><V103/><F69/><W95/><G95/><T16/><D31/><U21/><E59/><V53/><F101/><W87/><G87/><T63/><D63/><U55/><E102/><V107/><F103/><W40/><G40/><T115/><D115/><U32/><E32/><V9/><F107/><W75/><G75/><T60/><D60/><U108/><E108/><V19/><REACH who="2" step="1"/><F6/><REACH who="2" ten="298,130,399,163" step="2"/><W90/><G90/><T65/><D65/><U94/><E48/><V135/><F135/><W77/><G77/><T29/><D29/><U126/><E28/><V72/><F72/><RYUUKYOKU ba="1,1" sc="298,10,130,-30,399,10,163,10" hai0="16,23,25,76,80,86,88,89,130,131" hai2="7,9,12,19,20,44,50,53,81,85,91,128,129" hai3="13,22,24,30,33,45,46,47,98,99" /><INIT seed="2,2,1,3,1,118" ten="308,100,409,173" oya="2" hai0="43,97,107,23,79,119,129,13,71,134,75,28,102" hai1="105,56,48,6,14,109,7,113,95,11,5,12,53" hai2="35,88,103,68,62,20,63,120,66,87,24,46,104" hai3="94,112,114,98,36,78,51,29,42,4,82,45,3"/><V121/><F62/><W131/><G29/><T2/><D2/><U83/><E105/><V16/><F46/><W31/><G31/><T10/><D119/><U69/><E109/><V0/><F0/><W133/><G131/><T132/><D71/><U8/><E113/><N who="3" m="43626" /><G133/><N who="0" m="51307" /><D129/><U37/><E37/><V67/><F67/><W19/><G19/><T116/><D116/><U127/><E127/><V57/><F35/><W125/><G125/><T135/><D43/><U84/><E95/><V32/><F32/><W9/><G51/><T65/><D65/><U85/><E69/><V76/><F68/><W64/><G64/><T124/><D124/><U80/><REACH who="1" step="1"/><E7/><REACH who="1" ten="308,90,409,173" step="2"/><V44/><F104/><W115/><G115/><T40/><D107/><U77/><E77/><V100/><F76/><W96/><G94/><T25/><D79/><U30/><E30/><V18/><F18/><W92/><G92/><T99/><D135/><U26/><E26/><V108/><F108/><W22/><G78/><T38/><D38/><U90/><E90/><V86/><F86/><AGARI ba="2,2" hai="5,6,8,11,12,14,48,53,56,80,83,84,85,86" machi="86" ten="40,5200,0" yaku="1,1,9,1,8,1,53,0" doraHai="118" doraHaiUra="117" who="1" fromWho="2" sc="308,0,90,78,409,-58,173,0" /><INIT seed="3,0,0,4,4,108" ten="308,168,351,173" oya="3" hai0="107,135,69,99,98,2,66,29,134,15,123,88,80" hai1="42,35,112,51,111,55,14,109,62,33,50,57,87" hai2="86,81,5,36,58,61,11,27,31,20,83,56,48" hai3="1,23,95,67,7,70,128,75,39,85,120,60,59"/><W92/><G75/><T125/><D2/><U106/><E106/><V126/><F36/><W21/><G120/><T54/><D123/><U110/><E87/><V78/><F126/><W9/><G39/><T17/><D29/><U46/><E14/><N who="2" m="5487" /><F48/><W129/><G70/><T130/><D130/><N who="3" m="50281" /><G92/><T74/><D125/><U18/><E18/><V37/><F37/><W77/><G95/><T6/><D6/><U16/><E16/><V89/><F61/><W97/><G97/><T34/><D34/><U93/><E93/><V22/><F20/><W65/><G65/><T32/><D32/><U40/><REACH who="1" step="1"/><E112/><REACH who="1" ten="308,158,351,173" step="2"/><V12/><F12/><W100/><G100/><N who="0" m="62871" /><D15/><U113/><E113/><V121/><F121/><W49/><G85/><AGARI ba="0,1" hai="22,27,31,56,58,78,81,83,85,86,89" m="5487" machi="85" ten="30,1000,0" yaku="8,1" doraHai="108" who="2" fromWho="3" sc="308,0,158,0,351,20,173,-10" /><INIT seed="4,0,0,2,5,28" ten="308,158,371,163" oya="0" hai0="102,4,121,86,103,46,43,122,77,105,5,80,123" hai1="79,78,0,49,16,15,57,3,68,89,50,124,129" hai2="120,45,117,134,22,9,19,42,64,8,11,34,95" hai3="125,107,47,36,26,74,111,92,18,72,63,25,61"/><T99/><REACH who="0" step="1"/><D103/><REACH who="0" ten="298,158,371,163" step="2"/><U106/><E106/><V119/><F117/><W98/><G107/><T65/><D65/><U39/><E39/><AGARI ba="0,1" hai="4,5,39,43,46,77,80,86,99,102,105,121,122,123" machi="39" ten="40,3900,0" yaku="21,2,53,0" doraHai="28" doraHaiUra="52" who="0" fromWho="1" sc="298,49,158,-39,371,0,163,0" /><INIT seed="4,1,0,1,0,126" ten="347,119,371,163" oya="0" hai0="118,75,20,1,47,63,14,88,131,123,128,24,81" hai1="33,65,13,44,9,30,135,52,34,87,89,115,49" hai2="67,7,99,0,132,106,108,21,8,61,71,96,74" hai3="91,55,98,107,116,5,104,66,105,6,27,28,119"/><T56/><D1/><U109/><E109/><V85/><F108/><W26/><G66/><T48/><D118/><U50/><E135/><V62/><F132/><W113/><G55/><T84/><D75/><U102/><E115/><V101/><F62/><W86/><G98/><T11/><D123/><U70/><E102/><V53/><F53/><W60/><G60/><T103/><D103/><U114/><E114/><V124/><F124/><W54/><G54/><N who="0" m="29983" /><D63/><N who="1" m="40255" /><E30/><V38/><F96/><W117/><G113/><T23/><D56/><U82/><E50/><V46/><F21/><N who="0" m="8266" /><D24/><U18/><AGARI ba="1,0" hai="9,13,18,33,34,44,49,52,82,87,89" m="40255" machi="18" ten="30,2000,0" yaku="25,1,54,1" doraHai="126" who="1" fromWho="1" sc="347,-11,119,23,371,-6,163,-6" /><INIT seed="5,0,0,3,0,47" ten="336,142,365,157" oya="1" hai0="125,17,127,64,100,55,132,112,104,42,126,5,9" hai1="130,99,80,129,25,95,108,97,45,90,85,92,54" hai2="49,56,89,66,61,57,18,20,111,110,40,77,8" hai3="37,22,114,98,113,24,63,15,124,36,26,71,28"/><U88/><E25/><V43/><F110/><W39/><G124/><T38/><D112/><N who="3" m="43113" /><G98/><N who="0" m="61463" /><D132/><U23/><E23/><V93/><F111/><W101/><G101/><T131/><D131/><U4/><E4/><V135/><F77/><W123/><G123/><T115/><D115/><U107/><E108/><V70/><F8/><W128/><G128/><N who="1" m="49258" /><E107/><V31/><F135/><W3/><G3/><N who="0" m="191" /><D17/><U65/><E65/><V33/><F70/><W10/><G26/><T109/><D109/><U19/><E19/><V76/><F76/><W16/><G63/><T82/><D64/><U74/><E74/><V7/><F33/><W68/><AGARI ba="0,0" hai="10,15,16,22,24,28,36,37,39,68,71" m="43113" machi="68" ten="40,2700,0" yaku="15,1,54,1" doraHai="47" who="3" fromWho="3" sc="336,-7,142,-13,365,-7,157,27" /><INIT seed="6,0,0,2,0,107" ten="329,129,358,184" oya="2" hai0="10,29,38,120,92,121,41,114,40,35,94,81,27" hai1="42,79,19,33,18,68,58,0,31,131,123,67,115" hai2="65,96,48,62,70,49,122,15,112,22,93,46,117" hai3="105,71,24,133,25,4,83,7,135,88,64,32,54"/><V36/><F122/><W82/><G105/><T113/><D81/><U128/><E79/><V87/><F117/><W3/><G64/><T69/><D69/><U9/><E68/><V77/><F36/><W134/><G71/><T61/><D61/><U104/><E104/><V55/><F112/><N who="0" m="43114" /><D10/><U80/><E80/><N who="3" m="30762" /><G3/><T89/><D94/><U17/><E42/><N who="0" m="16489" /><D38/><U95/><E95/><V59/><F77/><W74/><G54/><T101/><D101/><U44/><E44/><V37/><F87/><AGARI ba="0,0" hai="27,29,35,87,89,92,120,121" m="16489,43114" machi="87" ten="30,1000,0" yaku="15,1" doraHai="107" who="0" fromWho="2" sc="329,10,129,0,358,-10,184,0" /><INIT seed="7,0,0,1,0,6" ten="339,129,348,184" oya="3" hai0="45,108,7,87,1,94,56,8,5,112,41,99,40" hai1="105,111,73,32,104,113,17,72,133,110,84,60,82" hai2="62,120,46,95,44,38,66,124,89,23,33,16,106" hai3="91,97,122,25,119,78,54,11,88,34,103,12,53"/><W102/><G122/><T71/><D71/><U114/><E17/><V128/><F33/><W20/><G119/><T117/><D108/><N who="1" m="41515" /><E60/><V126/><F106/><N who="1" m="41065" /><E32/><V27/><F128/><W18/><G78/><T9/><D117/><U61/><E61/><V3/><F120/><W29/><G34/><T69/><D69/><U31/><E31/><V86/><F3/><W107/><G103/><T4/><D112/><N who="1" m="43115" /><E133/><V85/><F38/><W49/><REACH who="3" step="1"/><G54/><REACH who="3" ten="339,129,348,174" step="2"/><T52/><D1/><U55/><E55/><V68/><REACH who="2" step="1"/><F86/><REACH who="2" ten="339,129,338,174" step="2"/><W75/><G75/><T0/><D87/><U83/><E83/><V67/><F67/><W132/><G132/><T14/><D0/><U130/><E130/><V115/><F115/><W101/><G101/><N who="0" m="60663" /><D45/><AGARI ba="0,2" hai="16,23,27,44,45,46,62,66,68,85,89,95,124,126" machi="45" ten="40,5200,0" yaku="1,1,54,1,53,1" doraHai="6" doraHaiUra="21" who="2" fromWho="0" sc="339,-52,129,0,338,72,174,0" /><AGARI ba="0,0" hai="11,12,18,20,25,29,45,49,53,88,91,97,102,107" machi="45" ten="30,12000,1" yaku="1,1,7,1,52,1,54,1,53,1" doraHai="6" doraHaiUra="21" who="3" fromWho="0" sc="287,-120,129,0,410,0,174,120" /><INIT seed="7,1,0,2,1,91" ten="167,129,410,294" oya="3" hai0="53,15,34,72,113,96,52,18,27,93,26,78,107" hai1="131,6,84,59,25,69,123,46,10,66,135,5,13" hai2="127,21,23,104,50,48,60,37,45,94,90,74,24" hai3="68,11,116,65,89,20,38,118,49,110,121,0,80"/><W55/><G121/><T97/><D113/><U105/><E123/><V120/><F120/><W31/><G38/><T43/><D34/><U77/><E105/><V128/><F74/><W71/><G110/><T44/><D107/><U33/><E135/><V92/><F45/><W85/><G65/><T67/><D67/><U129/><E69/><V62/><F90/><W132/><G132/><T9/><D78/><U114/><E114/><V3/><F24/><N who="0" m="9258" /><D72/><U124/><E124/><V76/><F76/><W126/><G126/><T86/><D86/><U64/><E5/><V4/><F104/><W1/><G118/><T39/><D39/><U54/><E129/><V19/><F19/><W83/><G116/><T40/><D53/><U115/><E115/><V101/><F101/><W122/><G122/><T61/><D96/><U63/><E131/><V36/><F4/><N who="3" m="1415" /><G1/><T22/><D9/><U17/><E33/><V58/><F3/><W35/><G35/><T103/><D44/><U29/><E46/><V2/><F2/><W112/><G112/><T117/><D117/><U125/><E125/><V30/><F127/><W106/><G106/><T70/><D70/><U109/><E109/><V82/><F128/><W100/><G71/><T16/><D18/><U41/><E41/><V95/><F37/><W7/><G7/><T81/><D81/><N who="1" m="47151" /><E6/><V56/><F36/><W87/><G68/><T102/><D102/><U134/><E134/><V8/><F30/><W32/><G100/><T75/><D75/><U42/><E42/><V119/><F119/><W51/><G32/><T79/><D79/><RYUUKYOKU ba="1,0" sc="167,15,129,15,410,-15,294,-15" hai0="15,16,22,40,43,52,61,93,97,103" hai1="10,13,17,25,29,54,59,63,64,66" owari="182,-22.0,144,-36.0,395,50.0,279,8.0" /></mjloggm>