<mjloggm ver="2.3"><GO type="193" lobby="0"/><UN n0="%E3%83%88%E3%83%88%E3%83%AA%E5%85%88%E7%94%9F%31%39%E6%AD%B3" n1="%73%68%69%69%6D%61%73%61" n2="%E7%B4%90%E3%82%8A%E3%82%93%EF%BC%A0%E5%B7%9D%E6%9D%91%E8%BB%8D%E5%9B%A3" n3="%50%45%41%43%45" dan="12,11,10,12" rate="1870.33,1536.00,1644.70,1707.92" sx="F,M,F,F"/><TAIKYOKU oya="0"/><INIT seed="0,0,0,0,5,3" ten="250,250,250,250" oya="0" hai0="73,96,109,126,30,11,65,122,34,21,98,32,93" hai1="104,90,110,123,78,40,1,45,75,125,117,37,8" hai2="7,51,10,47,105,12,59,55,119,9,23,76,102" hai3="60,127,4,56,36,62,77,94,89,29,95,2,128"/><T33/><D122/><U72/><E104/><V22/><F105/><W20/><G36/><T52/><D73/><U54/><E117/><V19/><F119/><W86/><G127/><T27/><D126/><U79/><E125/><V64/><F102/><W114/><G114/><T24/><D109/><U13/><E123/><V38/><F38/><W80/><G128/><T84/><D65/><U0/><E54/><V5/><F76/><W130/><G130/><T121/><D121/><U91/><E110/><V132/><F132/><W50/><G94/><T15/><D27/><U39/><E13/><V108/><F108/><W131/><G131/><T48/><D84/><U41/><REACH who="1" step="1"/><E8/><REACH who="1" ten="250,240,250,250" step="2"/><V14/><F64/><W97/><G29/><T118/><D118/><U69/><E69/><V70/><F70/><W26/><G26/><T120/><D120/><U106/><E106/><V74/><F74/><W115/><G115/><T35/><D93/><U92/><E92/><V87/><F87/><W111/><G111/><T25/><D25/><U99/><E99/><V124/><F124/><W83/><G97/><T133/><D133/><U44/><AGARI ba="0,1" hai="0,1,37,39,40,41,44,45,72,75,78,79,90,91" machi="44" ten="25,6400,0" yaku="1,1,0,1,22,2,53,0" doraHai="3" doraHaiUra="16" who="1" fromWho="1" sc="250,-32,240,74,250,-16,250,-16" /><INIT seed="1,0,0,2,1,106" ten="218,314,234,234" oya="1" hai0="31,42,11,55,62,50,76,5,32,63,107,119,73" hai1="102,9,81,120,24,38,59,95,72,117,115,10,40" hai2="34,20,68,94,124,49,105,13,110,133,47,128,122" hai3="46,87,7,99,77,69,4,56,108,19,29,113,64"/><U91/><E117/><V92/><F49/><W123/><G123/><T3/><D119/><U85/><E120/><V75/><F47/><W89/><G113/><T18/><D107/><U43/><E115/><V96/><F13/><W14/><G29/><T28/><D42/><U16/><E10/><V74/><F20/><W71/><G71/><T101/><D101/><U84/><E72/><V17/><F17/><W54/><G69/><T58/><D18/><U116/><E116/><V112/><F96/><W79/><G79/><T2/><D2/><U25/><E102/><V30/><F30/><W86/><G99/><T88/><D88/><N who="1" m="51215" /><E38/><V82/><F82/><W131/><G131/><T36/><D36/><U114/><E59/><V104/><F94/><W48/><G108/><T130/><D130/><U51/><E51/><V8/><F92/><W35/><G35/><T129/><D129/><U126/><E114/><V60/><F8/><N who="3" m="6599" /><G86/><T41/><D32/><U90/><E126/><V111/><F60/><N who="3" m="37895" /><G77/><T12/><D3/><U65/><E91/><V80/><F80/><AGARI ba="0,0" hai="4,7,46,48,54,80,87,89" m="37895,6599" machi="80" ten="30,2000,0" yaku="25,1,8,1" doraHai="106" who="3" fromWho="2" sc="218,0,314,0,234,-20,234,20" /><INIT seed="2,0,0,4,0,92" ten="218,314,214,254" oya="2" hai0="13,3,58,96,81,109,93,94,40,82,59,49,133" hai1="34,76,124,67,97,51,108,14,16,123,26,11,35" hai2="105,118,44,62,6,114,52,23,1,86,55,28,127" hai3="48,22,60,25,53,12,2,77,72,99,41,101,69"/><V33/><F118/><W95/><G2/><T27/><D3/><U134/><E134/><V5/><F105/><W91/><G12/><T7/><D133/><U131/><E76/><V10/><F114/><W66/><G41/><T119/><D119/><U116/><E116/><V38/><F127/><W135/><G135/><T83/><D109/><U37/><E124/><V29/><F33/><W65/><G77/><T107/><D107/><U113/><E37/><V70/><F5/><W115/><G72/><T79/><D93/><U24/><E113/><V31/><F23/><W4/><G4/><T117/><D117/><U50/><E67/><V8/><F8/><W129/><G129/><T19/><D27/><U47/><E51/><V106/><F106/><W85/><G115/><T42/><D7/><U89/><E108/><V75/><F75/><W9/><G9/><N who="0" m="6575" /><D79/><U111/><E111/><V73/><F73/><W54/><G66/><T78/><D78/><U80/><E131/><V125/><F125/><W32/><G32/><T74/><D74/><U120/><E35/><V90/><F70/><W17/><REACH who="3" step="1"/><G48/><REACH who="3" ten="218,314,214,244" step="2"/><T100/><D49/><U57/><E34/><V103/><F103/><W68/><G68/><T63/><D63/><U0/><E0/><V21/><F62/><W87/><G87/><T30/><D42/><U121/><E80/><AGARI ba="0,1" hai="17,22,25,53,54,60,65,69,80,85,91,95,99,101" machi="80" ten="30,7700,0" yaku="1,1,7,1,52,1,53,1" doraHai="92" doraHaiUra="61" who="3" fromWho="1" sc="218,0,314,-77,214,0,244,87" /><INIT seed="3,0,0,1,5,31" ten="218,237,214,331" oya="3" hai0="91,128,94,30,35,7,114,40,42,49,41,26,19" hai1="89,88,17,14,68,97,5,95,124,59,29,66,58" hai2="47,38,106,8,123,116,82,32,133,121,93,115,2" hai3="102,9,13,113,21,92,98,127,43,15,119,135,0"/><W69/><G69/><T118/><D118/><U99/><E29/><V28/><F93/><W53/><G119/><T105/><D105/><U122/><E68/><V108/><F116/><W62/><G113/><T65/><D114/><U76/><E5/><N who="2" m="1079" /><F115/><W77/><G43/><T3/><D128/><U25/><E122/><N who="2" m="46603" /><F82/><W80/><G0/><T112/><D112/><U129/><E25/><N who="2" m="18447" /><F108/><W55/><G135/><T20/><D65/><U110/><E124/><V103/><F133/><W18/><G127/><T4/><D49/><U11/><E110/><V22/><F22/><W60/><G60/><T50/><D50/><U24/><E129/><V33/><F33/><W63/><G63/><T45/><D45/><U71/><E24/><V86/><F86/><N who="3" m="48399" /><G62/><T83/><D83/><U67/><E71/><V52/><F52/><W84/><G84/><T72/><D72/><U64/><REACH who="1" step="1"/><E76/><REACH who="1" ten="218,227,214,331" step="2"/><V70/><F70/><W57/><G57/><T134/><D134/><U34/><E34/><V23/><F23/><W107/><G107/><T96/><REACH who="0" step="1"/><D3/><REACH who="0" ten="208,227,214,331" step="2"/><U130/><E130/><V1/><F1/><W90/><G21/><T39/><D39/><U132/><E132/><V131/><F131/><W125/><G125/><T117/><D117/><U81/><E81/><V74/><F74/><W109/><G109/><T75/><D75/><U79/><E79/><V78/><F78/><W37/><G37/><T61/><D61/><U51/><E51/><V27/><F106/><W120/><G120/><T44/><D44/><U87/><E87/><V6/><F47/><W85/><G85/><T36/><D36/><RYUUKYOKU ba="0,2" sc="208,15,227,15,214,-15,331,-15" hai0="4,7,19,20,26,30,35,40,41,42,91,94,96" hai1="11,14,17,58,59,64,66,67,88,89,95,97,99" owari="223,-18.0,242,4.0,199,-30.0,336,44.0" /></mjloggm>