<mjloggm ver="2.3"><GO type="169" lobby="0"/><UN n0="%E3%82%A6%E3%83%AB%E3%83%88%E3%83%A9%E7%AB%8B%E7%9B%B4" n1="%E3%81%8A%E7%9F%A5%E3%82%89%E3%81%9B" n2="%E3%81%AF%E3%82%93%E3%82%80%E3%82%89%E3%81%B3" n3="%E4%B8%96%E3%82%92%E7%9B%B4%E3%81%99%E8%80%85" dan="17,16,16,16" rate="2205.83,2113.02,2027.93,2062.19" sx="M,M,M,M"/><TAIKYOKU oya="0"/><INIT seed="0,0,0,2,5,90" ten="250,250,250,250" oya="0" hai0="31,42,65,133,63,7,2,121,21,3,123,12,57" hai1="124,35,17,128,4,112,55,18,130,19,67,64,104" hai2="107,120,23,48,117,76,58,89,46,71,43,86,75" hai3="82,122,95,118,30,52,110,70,24,16,6,93,66"/><T109/><D133/><U59/><E104/><V88/><F120/><W105/><G118/><T73/><D73/><U27/><E4/><V98/><F71/><W100/><G122/><T11/><D109/><U114/><E35/><V102/><F117/><W22/><G110/><T32/><D42/><U72/><E27/><V85/><F58/><W61/><G6/><T44/><D44/><U9/><E9/><V106/><F106/><W80/><G52/><T94/><D94/><U0/><E0/><V47/><F75/><W5/><G5/><T87/><D87/><U111/><E72/><V45/><F76/><W20/><G82/><T115/><D115/><N who="1" m="44075" /><E111/><V49/><F23/><W15/><REACH who="3" step="1"/><G80/><REACH who="3" ten="250,250,250,240" step="2"/><T74/><D2/><U68/><E124/><V8/><F43/><W116/><G116/><T38/><D74/><U51/><E68/><V79/><F79/><W54/><G54/><T134/><D123/><U81/><E81/><V1/><F48/><W103/><G103/><T25/><D121/><U56/><E67/><V33/><F49/><W108/><G108/><T50/><D50/><U127/><E127/><V78/><F78/><W96/><AGARI ba="0,1" hai="15,16,20,22,24,30,61,66,70,93,95,96,100,105" machi="96" ten="30,12000,2" yaku="1,1,0,1,52,2,54,1,53,1" doraHai="90" doraHaiUra="10" who="3" fromWho="3" sc="250,-60,250,-30,250,-30,240,130" /><INIT seed="1,0,0,0,0,52" ten="190,220,220,370" oya="1" hai0="45,6,42,59,71,43,107,83,40,62,29,122,76" hai1="128,64,17,11,117,98,134,30,4,80,7,60,24" hai2="9,5,81,69,46,96,115,0,73,85,102,99,54" hai3="41,119,66,3,100,47,19,103,33,84,77,70,118"/><U110/><E117/><N who="3" m="44554" /><G3/><T72/><D107/><U130/><E98/><V63/><F115/><W90/><G33/><T2/><D122/><U133/><E80/><V26/><F73/><W129/><G77/><T49/><D71/><U116/><E116/><V131/><F131/><N who="1" m="50217" /><E60/><V111/><F111/><W20/><G129/><T87/><D72/><U74/><E64/><V14/><F0/><W78/><G78/><T108/><D108/><U38/><E38/><V101/><F26/><N who="3" m="14623" /><G66/><T32/><D32/><N who="1" m="20551" /><E110/><V94/><F69/><W36/><G70/><T82/><D82/><AGARI ba="0,0" hai="36,41,47,82,84,90,100,103" m="14623,44554" machi="82" ten="30,1000,0" yaku="12,1" doraHai="52" who="3" fromWho="0" sc="190,-10,220,0,220,0,370,10" /><INIT seed="2,0,0,0,2,75" ten="180,220,220,380" oya="2" hai0="77,20,127,50,11,84,59,101,42,52,87,44,131" hai1="94,33,82,18,38,25,98,22,70,32,3,74,97" hai2="102,0,68,76,40,51,13,78,83,45,120,2,86" hai3="96,41,15,24,5,89,104,114,106,115,108,53,113"/><V19/><F120/><W39/><G108/><T30/><D127/><U119/><E3/><V116/><F116/><W21/><G53/><T85/><D131/><U103/><E119/><V46/><F68/><W125/><G125/><T10/><D101/><U34/><E38/><V17/><F102/><W58/><G58/><T16/><D30/><U126/><E70/><V23/><F45/><N who="3" m="23743" /><G89/><T28/><D28/><U121/><E126/><V93/><F93/><W112/><G96/><T6/><D6/><U8/><E8/><V122/><F122/><W67/><G67/><T60/><REACH who="0" step="1"/><D77/><REACH who="0" ten="170,220,220,380" step="2"/><U133/><E121/><V128/><F128/><W105/><G112/><T107/><D107/><U63/><E103/><V100/><F100/><W81/><G106/><T47/><D47/><U14/><E33/><V43/><F43/><W90/><G105/><T49/><D49/><U130/><E32/><V31/><F31/><N who="3" m="17807" /><G104/><T71/><D71/><U12/><E34/><V73/><REACH who="2" step="1"/><F19/><REACH who="2" ten="170,220,210,380" step="2"/><W66/><G115/><T7/><D7/><U29/><E130/><V9/><F9/><W99/><G114/><T72/><D72/><U64/><E74/><V92/><F92/><W36/><G113/><T1/><D1/><U123/><E94/><V132/><F132/><W55/><G5/><T57/><D57/><U48/><E133/><V54/><F54/><W118/><G55/><T134/><D134/><U35/><E18/><V135/><F135/><W124/><G124/><T109/><D109/><U79/><E123/><V111/><F111/><W4/><G118/><T65/><D65/><U88/><E64/><RYUUKYOKU ba="0,2" sc="170,15,220,-15,210,15,380,-15" hai0="10,11,16,20,42,44,50,52,59,60,84,85,87" hai2="0,2,13,17,23,40,46,51,73,76,78,83,86" /><INIT seed="2,1,2,3,1,113" ten="185,205,225,365" oya="2" hai0="69,51,99,93,36,68,21,117,122,64,116,30,45" hai1="2,33,82,57,76,71,95,78,46,85,4,53,108" hai2="89,35,126,119,79,86,114,19,129,101,39,41,55" hai3="102,9,27,18,111,74,120,22,75,3,97,103,28"/><V110/><F119/><N who="0" m="45642" /><D36/><U60/><E33/><V131/><F114/><W25/><G120/><T0/><D0/><U59/><E108/><V17/><F110/><W14/><G111/><T128/><D122/><U62/><E71/><V66/><F126/><W34/><G103/><T107/><D107/><U32/><E32/><V105/><F66/><W65/><G65/><T109/><D109/><U61/><E4/><V6/><F6/><N who="3" m="1247" /><G27/><N who="0" m="16751" /><D64/><U77/><E2/><V8/><F35/><W26/><G25/><T43/><D128/><N who="2" m="49226" /><F79/><W92/><AGARI ba="1,2" hai="14,18,22,26,28,34,74,75,92,97,102" m="1247" machi="92" ten="30,1100,0" yaku="24,1" doraHai="113" who="3" fromWho="3" sc="185,-4,205,-4,225,-6,365,34" /><INIT seed="3,0,0,5,1,14" ten="181,201,219,399" oya="3" hai0="122,7,27,65,101,53,127,19,109,23,36,22,31" hai1="128,104,18,6,35,135,97,84,50,0,54,45,117" hai2="72,51,40,102,81,60,93,130,89,108,71,43,98" hai3="112,52,103,75,74,126,105,94,59,85,17,13,70"/><W86/><G70/><T99/><D122/><U96/><E35/><V11/><F108/><W125/><G112/><T37/><D109/><U1/><E6/><V62/><F130/><W79/><G105/><T38/><D127/><N who="3" m="48649" /><G79/><T90/><D65/><U30/><E30/><V2/><F2/><W115/><G115/><T124/><D124/><U133/><E104/><V46/><F43/><W10/><G103/><T116/><D116/><U28/><E28/><V131/><F131/><W123/><G123/><T119/><D119/><U69/><E69/><V41/><F41/><W80/><G94/><T26/><D7/><U48/><E128/><V39/><F39/><W21/><G21/><T9/><D9/><U88/><E117/><V8/><F71/><W114/><G114/><T55/><REACH who="0" step="1"/><D90/><REACH who="0" ten="171,201,219,399" step="2"/><U113/><E88/><V32/><F11/><W16/><G10/><T78/><D78/><U63/><E113/><V95/><F8/><W73/><G75/><T107/><AGARI ba="0,1" hai="19,22,23,26,27,31,36,37,38,53,55,99,101,107" machi="107" ten="30,4000,0" yaku="1,1,0,1,52,1,53,0" doraHai="14" doraHaiUra="34" who="0" fromWho="0" sc="171,50,201,-10,219,-10,399,-20" /><INIT seed="4,0,0,4,3,62" ten="221,191,209,379" oya="0" hai0="122,75,87,11,0,109,52,57,47,61,7,78,111" hai1="39,73,17,85,112,19,67,74,120,126,43,77,121" hai2="30,94,29,40,9,25,76,1,105,70,34,66,23" hai3="42,128,99,26,102,46,45,84,93,31,88,89,90"/><T3/><D122/><U104/><E104/><V33/><F105/><W15/><G128/><T12/><D87/><U27/><E43/><V124/><F40/><W22/><G15/><T41/><D78/><U32/><E39/><V131/><F76/><W20/><G22/><T101/><D75/><U49/><E49/><V63/><F124/><W133/><G133/><T44/><D101/><U55/><E55/><V21/><F131/><W68/><G68/><T79/><D79/><U71/><E85/><V80/><F80/><W53/><G53/><T97/><D97/><U64/><E71/><V18/><F94/><W51/><REACH who="3" step="1"/><G46/><REACH who="3" ten="221,191,209,369" step="2"/><T81/><D47/><U117/><E73/><V10/><F10/><W2/><G2/><T8/><D81/><AGARI ba="0,1" hai="20,26,31,42,45,51,81,84,88,89,90,93,99,102" machi="81" ten="30,7700,0" yaku="1,1,7,1,8,1,54,1,53,0" doraHai="62" doraHaiUra="115" who="3" fromWho="0" sc="221,-77,191,0,209,0,369,87" /><INIT seed="5,0,0,4,4,112" ten="144,191,209,456" oya="1" hai0="99,95,47,38,50,68,89,59,42,46,57,104,61" hai1="113,45,102,40,51,62,28,108,129,127,9,90,123" hai2="2,11,15,92,54,48,130,132,65,73,121,98,31" hai3="52,44,81,53,24,77,83,21,109,85,71,82,20"/><U34/><E123/><V26/><F121/><W72/><G71/><T23/><D104/><U70/><E102/><V80/><F2/><W63/><G109/><T66/><REACH who="0" step="1"/><D23/><REACH who="0" ten="134,191,209,456" step="2"/><U58/><E108/><V3/><F132/><W79/><G21/><T1/><D1/><U17/><E34/><V110/><F3/><W18/><G82/><T101/><D101/><U111/><E111/><V69/><F110/><W84/><G72/><T119/><D119/><U91/><E113/><V35/><F80/><W5/><G5/><T114/><D114/><U74/><E74/><V94/><F73/><W86/><G85/><T30/><D30/><U124/><E28/><V122/><F122/><W27/><G24/><T134/><D134/><U60/><E127/><V32/><F32/><W37/><G63/><T7/><D7/><U117/><E124/><V126/><F126/><W88/><G79/><T118/><D118/><U6/><E117/><V67/><F26/><W43/><AGARI ba="0,1" hai="18,20,27,37,43,44,52,53,77,81,83,84,86,88" machi="43" ten="30,4000,0" yaku="0,1,54,2" doraHai="112" who="3" fromWho="3" sc="134,-10,191,-20,209,-10,456,50" /><INIT seed="6,0,0,1,3,28" ten="124,171,199,506" oya="2" hai0="128,65,18,51,135,78,68,125,67,12,63,37,5" hai1="133,71,60,35,113,103,61,74,102,30,105,134,46" hai2="88,92,36,7,73,49,1,6,13,127,40,59,47" hai3="32,119,2,23,48,69,43,110,56,94,55,83,99"/><V115/><F73/><W114/><G32/><T85/><D37/><U66/><E74/><V130/><F1/><W111/><G119/><T10/><D125/><U8/><E105/><V22/><F127/><W41/><G69/><T90/><D128/><U86/><E113/><V122/><F122/><W33/><G33/><T93/><D135/><N who="1" m="51723" /><E61/><V58/><F130/><W14/><G2/><T54/><D78/><U132/><N who="1" m="51731" /><U97/><DORA hai="38" /><E8/><V70/><F70/><W52/><G114/><T96/><D67/><U95/><E86/><V50/><F115/><W21/><G83/><T20/><D85/><U118/><E118/><V17/><F36/><W16/><G23/><T81/><D81/><U112/><E112/><V72/><F72/><W77/><G77/><T24/><D51/><U42/><E95/><V124/><F124/><W75/><G75/><T107/><D107/><U80/><E80/><V82/><F82/><W109/><REACH who="3" step="1"/><G55/><REACH who="3" ten="124,171,199,496" step="2"/><T26/><REACH who="0" step="1"/><D54/><REACH who="0" ten="114,171,199,496" step="2"/><U64/><E64/><V31/><F92/><W89/><AGARI ba="0,2" hai="14,16,21,41,43,48,52,56,89,94,99,109,110,111" machi="89" ten="30,12000,2" yaku="1,1,2,1,0,1,52,2,54,2,53,0" doraHai="28,38" doraHaiUra="108,101" who="3" fromWho="3" sc="114,-30,171,-30,199,-60,496,140" /><INIT seed="7,0,0,4,4,57" ten="84,141,139,636" oya="3" hai0="96,39,100,106,13,46,8,132,1,14,38,27,118" hai1="73,59,44,47,70,10,119,28,83,89,128,51,129" hai2="32,122,64,112,21,16,50,78,79,5,107,114,67" hai3="43,88,61,55,26,82,49,40,52,29,41,56,4"/><W22/><G4/><T94/><D118/><U62/><E70/><V58/><F122/><W81/><G88/><T6/><D132/><U86/><E73/><V54/><F32/><W113/><G113/><N who="2" m="43625" /><F107/><W30/><G29/><T127/><D127/><U12/><E28/><V77/><F5/><W65/><REACH who="3" step="1"/><G55/><REACH who="3" ten="84,141,139,626" step="2"/><T63/><D27/><AGARI ba="0,1" hai="16,21,27,50,54,58,64,67,77,78,79" m="43625" machi="27" ten="30,2000,0" yaku="15,1,54,1" doraHai="57" who="2" fromWho="0" sc="84,-20,141,0,139,30,626,0" owari="64,-44.0,141,-26.0,169,-3.0,626,73.0" /></mjloggm>