<mjloggm ver="2.3"><GO type="97" lobby="0"/><UN n0="%E5%B0%B1%E6%B4%BB%E7%94%9F%40%E5%B7%9D%E6%9D%91%E8%BB%8D%E5%9B%A3" n1="%E3%82%AD%E3%83%B3%E3%82%B1%E3%83%89%E3%82%A5%E3%83%BB%E3%83%8A%E3%82%A6" n2="%73%69%6F%6B%6F%73%68%6F" n3="%61%61%61%69%73%62" dan="15,15,14,14" rate="2070.19,2031.04,1862.74,1936.07" sx="M,M,F,F"/><TAIKYOKU oya="0"/><INIT seed="0,0,0,5,4,46" ten="250,250,250,250" oya="0" hai0="109,51,120,76,40,100,97,101,45,21,1,28,91" hai1="55,96,68,48,53,93,116,36,38,125,99,88,135" hai2="89,67,22,72,4,66,130,13,73,131,65,108,78" hai3="71,127,102,61,105,106,43,122,49,123,11,10,103"/><T126/><D120/><N who="3" m="46121" /><G127/><T8/><D126/><U16/><E125/><V121/><F121/><W12/><G71/><T54/><D76/><U34/><E116/><V0/><F0/><W26/><G61/><T77/><D77/><U7/><E34/><V107/><F107/><N who="3" m="40971" /><G26/><N who="0" m="16463" /><D1/><U27/><E68/><V52/><F78/><W133/><G133/><T47/><D8/><N who="3" m="3113" /><G12/><T33/><D33/><U32/><E135/><V98/><F108/><W75/><G75/><T58/><D109/><U6/><E32/><V119/><F119/><W20/><G20/><T95/><D40/><U74/><E74/><V84/><F98/><W70/><G70/><T30/><D30/><U50/><E36/><V37/><F37/><W25/><G25/><T18/><D18/><U110/><E38/><V69/><F69/><W117/><G117/><T14/><D14/><U63/><E110/><V83/><F22/><W90/><G90/><T2/><D2/><U104/><E104/><V19/><F4/><N who="1" m="1577" /><E99/><V29/><F29/><W35/><G35/><T124/><D124/><U81/><E81/><V82/><F82/><W23/><G23/><T118/><D118/><U128/><E128/><N who="2" m="49195" /><F13/><W60/><G60/><T31/><D31/><U64/><E63/><V85/><F19/><W9/><G9/><T15/><D15/><U94/><E64/><V87/><F73/><W80/><G80/><T57/><D57/><U42/><E94/><V114/><F72/><W112/><G112/><T86/><D97/><U132/><E132/><V44/><F114/><W129/><G129/><T56/><D56/><U5/><E5/><RYUUKYOKU ba="0,0" sc="250,10,250,-30,250,10,250,10" hai0="45,47,51,54,58,86,91,95,100,101" hai2="44,52,65,66,67,83,84,85,87,89" hai3="43,49,102,103" /><INIT seed="0,1,0,2,2,60" ten="260,220,260,260" oya="0" hai0="93,24,45,78,121,70,52,76,25,71,133,96,77" hai1="117,28,21,16,29,41,15,9,111,5,75,79,22" hai2="119,110,57,47,63,134,27,108,99,64,2,20,32" hai3="40,86,61,0,103,1,14,114,7,23,30,88,91"/><T43/><D121/><U62/><E75/><V10/><F32/><W55/><G114/><T122/><D122/><U73/><E73/><V94/><F119/><W26/><G40/><T129/><D133/><U81/><E117/><V132/><F47/><W128/><G128/><T18/><D129/><U84/><E111/><N who="2" m="42539" /><F10/><W89/><G103/><T35/><D35/><U48/><E62/><V102/><F2/><W50/><G61/><T11/><D70/><U36/><E36/><V69/><F69/><W13/><G0/><T33/><D71/><U118/><E118/><V3/><F3/><W49/><G1/><T124/><D43/><U125/><E125/><V112/><F112/><W105/><G105/><T101/><D33/><U130/><E130/><V135/><F20/><N who="1" m="7785" /><E5/><V85/><F85/><W65/><G65/><T131/><D131/><U74/><E74/><V44/><F44/><AGARI ba="1,0" hai="9,15,16,28,29,41,44,48,79,81,84" m="7785" machi="44" ten="30,2000,0" yaku="8,1,54,1" doraHai="60" who="1" fromWho="2" sc="260,0,220,23,260,-23,260,0" /><INIT seed="1,0,0,0,1,108" ten="260,243,237,260" oya="1" hai0="37,77,107,71,28,106,27,76,7,2,22,20,32" hai1="117,104,128,9,26,83,40,124,4,63,105,29,50" hai2="70,116,48,49,111,90,19,98,11,60,135,16,85" hai3="38,93,115,131,23,126,34,113,69,12,6,66,132"/><U56/><E117/><V121/><F121/><W119/><G34/><T92/><D71/><U129/><E83/><V91/><F116/><W82/><G119/><T122/><D37/><U96/><E96/><V17/><F135/><W65/><G132/><T89/><D122/><U99/><E124/><V44/><F111/><W39/><G126/><T14/><D107/><U68/><E68/><V59/><F70/><W88/><G82/><T78/><D106/><U41/><E50/><V55/><F11/><W35/><G35/><T79/><D2/><N who="1" m="151" /><E40/><V94/><REACH who="2" step="1"/><F44/><REACH who="2" ten="260,243,227,260" step="2"/><W95/><G69/><T57/><N who="0" m="19968" /><DORA hai="133" /><T43/><D57/><U97/><E56/><V46/><F46/><W100/><G23/><T54/><D22/><U5/><E128/><V10/><F10/><W123/><G131/><T52/><D32/><U18/><E129/><V25/><F25/><W114/><G123/><T81/><D20/><U127/><E26/><V80/><AGARI ba="0,1" hai="16,17,19,48,49,55,59,60,80,85,90,91,94,98" machi="80" ten="30,7900,0" yaku="1,1,0,1,8,1,54,1,53,0" doraHai="108,133" doraHaiUra="61,130" who="2" fromWho="2" sc="260,-20,243,-39,227,89,260,-20" /><INIT seed="2,0,0,1,1,32" ten="240,204,316,240" oya="2" hai0="82,112,56,11,19,67,49,43,39,98,8,123,69" hai1="94,81,89,60,68,126,54,35,33,80,102,118,71" hai2="45,116,97,50,0,52,131,47,12,78,23,99,3" hai3="1,28,75,29,74,109,38,107,95,111,31,5,57"/><V14/><F116/><W119/><G119/><T72/><D123/><U77/><E118/><V90/><F78/><W65/><G38/><T127/><D112/><U46/><E126/><V59/><F131/><W124/><G124/><T20/><D127/><U53/><E102/><V4/><F14/><W73/><G107/><T48/><D39/><U86/><E46/><V42/><F47/><W6/><G95/><T106/><D69/><U114/><E114/><V30/><F97/><W10/><G6/><T66/><D106/><U13/><E13/><V96/><F96/><W2/><G65/><N who="0" m="24587" /><D72/><U134/><E134/><V122/><F122/><W87/><G87/><T15/><D82/><U85/><E60/><V128/><F128/><W36/><G36/><T37/><D37/><U110/><E94/><V79/><F79/><W93/><G93/><T34/><D34/><U58/><E58/><V103/><F90/><W100/><G100/><T21/><D98/><U121/><E89/><V135/><F135/><W130/><G130/><T84/><D84/><U115/><E115/><V61/><F4/><W40/><G57/><T44/><D11/><U62/><E62/><V7/><F7/><W41/><REACH who="3" step="1"/><G1/><REACH who="3" ten="240,204,316,230" step="2"/><T117/><D117/><U120/><E77/><V113/><F113/><W55/><G55/><AGARI ba="0,1" hai="8,15,19,20,21,43,44,48,49,55,56" m="24587" machi="55" ten="30,1000,0" yaku="8,1" doraHai="32" who="0" fromWho="3" sc="240,20,204,0,316,0,230,-10" /><INIT seed="3,0,0,4,3,14" ten="260,204,316,220" oya="3" hai0="67,111,45,116,130,79,119,50,39,5,118,74,41" hai1="42,51,15,87,53,124,132,104,126,0,62,122,70" hai2="40,16,98,55,4,2,73,24,105,17,131,83,81" hai3="93,19,63,38,13,125,64,46,101,120,114,36,8"/><W71/><G120/><T33/><D33/><U75/><E75/><V78/><F83/><W44/><G114/><T69/><D5/><U107/><E122/><V129/><F40/><W26/><G125/><N who="1" m="48234" /><E0/><V47/><F24/><W1/><G1/><T29/><D29/><U68/><E87/><V117/><F117/><W106/><G106/><T88/><D79/><U72/><E72/><V109/><F109/><W100/><G26/><T31/><D31/><U123/><E123/><V135/><F135/><W91/><G36/><T58/><D111/><U112/><E112/><V52/><F4/><W97/><REACH who="3" step="1"/><G38/><REACH who="3" ten="260,204,316,210" step="2"/><T96/><D39/><U92/><E132/><V76/><F2/><W3/><G3/><T56/><D116/><U80/><E80/><V102/><F78/><W65/><G65/><T108/><D67/><N who="1" m="41079" /><E70/><V82/><F82/><W12/><G12/><T23/><D69/><U10/><E42/><V48/><F55/><W34/><G34/><T127/><D108/><U85/><E92/><V90/><F90/><W28/><G28/><T27/><D127/><U43/><E43/><V134/><F134/><W113/><G113/><T84/><D119/><U57/><E85/><V30/><F30/><W21/><G21/><T133/><D118/><U60/><E51/><V61/><F61/><W49/><G49/><T99/><D133/><U86/><E86/><V89/><F89/><W20/><G20/><T77/><D74/><U110/><E110/><V95/><F105/><W9/><G9/><T7/><D50/><U25/><E25/><V66/><F66/><W128/><G128/><AGARI ba="0,1" hai="16,17,47,48,52,73,76,81,95,98,102,128,129,131" machi="128" ten="40,12000,2" yaku="6,1,19,1,52,2,54,2" doraHai="14" who="2" fromWho="3" sc="260,0,204,0,316,130,210,-120" owari="260,6.0,204,-20.0,446,55.0,90,-41.0" /></mjloggm>