<mjloggm ver="2.3"><GO type="169" lobby="0"/><UN n0="%E5%8C%97%E3%81%AE%E5%AF%BE%E5%AD%90%E8%90%BD%E3%81%A8%E3%81%97" n1="%E3%82%A6%E3%83%AB%E3%83%88%E3%83%A9%E7%AB%8B%E7%9B%B4" n2="%E3%83%AD%E3%83%83%E3%83%86%E9%9B%80%E7%90%83" n3="%E3%81%BF%E3%81%8B%E3%82%93%E3%82%B5%E3%83%A0%E3%83%A9%E3%82%A4" dan="16,17,17,16" rate="2025.85,2155.44,2155.52,2099.52" sx="M,M,M,M"/><TAIKYOKU oya="0"/><INIT seed="0,0,0,1,1,89" ten="250,250,250,250" oya="0" hai0="83,42,85,122,45,75,87,84,13,10,27,54,72" hai1="95,60,4,6,69,37,14,127,99,15,86,70,90" hai2="43,108,66,109,34,98,53,79,82,39,64,11,81" hai3="106,107,35,5,101,119,23,131,78,125,68,118,77"/><T96/><D122/><U25/><E37/><V28/><F11/><W21/><G5/><T94/><D54/><U132/><E132/><V61/><F53/><W52/><G35/><T134/><D27/><U67/><E127/><V93/><F28/><W57/><G125/><T123/><D134/><U50/><E69/><V40/><F34/><W59/><G68/><T0/><D0/><U65/><E65/><N who="2" m="25195" /><F61/><W76/><G52/><T47/><D123/><U129/><E129/><V55/><F55/><W102/><REACH who="3" step="1"/><G78/><REACH who="3" ten="250,250,250,240" step="2"/><T117/><D117/><U32/><E6/><V113/><F79/><W12/><G12/><T1/><D1/><U126/><E4/><V19/><F43/><W38/><G38/><T130/><D130/><AGARI ba="0,1" hai="21,23,57,59,76,77,101,102,106,107,118,119,130,131" machi="130" ten="25,3200,0" yaku="1,1,22,2,53,0" doraHai="89" doraHaiUra="105" who="3" fromWho="0" sc="250,-32,250,0,250,0,240,42" /><INIT seed="1,0,0,1,2,14" ten="218,250,250,282" oya="1" hai0="134,68,8,114,90,112,13,94,132,82,30,104,45" hai1="9,7,10,107,109,101,93,49,125,84,6,44,106" hai2="55,37,76,25,12,81,115,5,19,47,73,57,122" hai3="105,56,38,123,34,36,119,63,78,99,113,71,100"/><U54/><E125/><V120/><F115/><W24/><G113/><T42/><D104/><U61/><E109/><V32/><F5/><W92/><G123/><T4/><D30/><U69/><E69/><V3/><F3/><W33/><G119/><T74/><D68/><U46/><E61/><V97/><F32/><W127/><G127/><T121/><D121/><U59/><E106/><V53/><F25/><W135/><G78/><T17/><D4/><U41/><E107/><V79/><F79/><W91/><G135/><N who="0" m="51755" /><D82/><U40/><E101/><V2/><F2/><W111/><G111/><T66/><D66/><U27/><E27/><V58/><F97/><N who="3" m="57503" /><G56/><T39/><D74/><U86/><E93/><V130/><F130/><W20/><G20/><T70/><D70/><U51/><E59/><V43/><F58/><W50/><G50/><T77/><D77/><U116/><REACH who="1" step="1"/><E54/><REACH who="1" ten="218,240,250,282" step="2"/><V60/><REACH who="2" step="1"/><F53/><REACH who="2" ten="218,240,240,282" step="2"/><W31/><G34/><T83/><D112/><U72/><E72/><V96/><F96/><W18/><G99/><T23/><D114/><U133/><E133/><V67/><F67/><W1/><G24/><T95/><D45/><U29/><E29/><V87/><F87/><W22/><G31/><T126/><D126/><U110/><E110/><V80/><F80/><W11/><G71/><T35/><D83/><U52/><E52/><V15/><F15/><W108/><G108/><T102/><D13/><U48/><E48/><V62/><F62/><W129/><G63/><T124/><D124/><U128/><E128/><V131/><F131/><W103/><G129/><T117/><D35/><RYUUKYOKU ba="0,2" sc="218,-15,240,15,240,15,282,-15" hai1="6,7,9,10,40,41,44,46,49,51,84,86,116" hai2="12,19,37,43,47,55,57,60,73,76,81,120,122" /><INIT seed="1,1,2,5,5,107" ten="203,255,255,267" oya="1" hai0="10,67,71,127,114,7,18,28,129,94,9,131,111" hai1="104,110,4,11,6,128,132,56,13,57,40,135,95" hai2="86,122,79,27,21,25,51,74,99,89,108,12,41" hai3="39,15,47,84,23,48,2,119,59,55,72,115,45"/><U75/><E104/><V14/><F108/><W96/><G115/><T112/><D111/><U117/><E110/><V81/><F122/><W46/><G2/><T73/><D127/><U63/><E117/><V82/><F99/><W98/><G39/><T33/><D73/><U80/><E40/><V8/><F21/><W26/><G72/><T49/><D94/><U116/><E116/><V102/><F102/><W113/><G113/><T103/><D103/><U69/><E128/><N who="0" m="49225" /><D49/><U1/><E95/><V65/><F65/><W32/><G119/><T97/><D97/><N who="3" m="37481" /><G32/><T100/><D100/><U52/><E69/><V29/><F29/><N who="3" m="17631" /><G15/><N who="0" m="7543" /><D67/><U133/><E57/><V54/><F41/><N who="3" m="24623" /><G84/><T121/><D71/><U123/><E123/><V36/><F36/><W30/><G30/><T17/><D121/><U88/><E1/><V16/><REACH who="2" step="1"/><F14/><REACH who="2" ten="203,255,245,267" step="2"/><W19/><G19/><T70/><D17/><U53/><E4/><V0/><F0/><W22/><G22/><T134/><D7/><U3/><E3/><V93/><F93/><W105/><G105/><T44/><D33/><U58/><E135/><V24/><F24/><W77/><G77/><T60/><D134/><U126/><E133/><V62/><F62/><AGARI ba="1,3" hai="46,47,55,59,62" m="24623,17631,37481" machi="62" ten="30,1000,0" yaku="8,1" doraHai="107" who="3" fromWho="2" sc="203,0,255,0,245,-13,267,43" /><INIT seed="2,0,0,3,3,1" ten="203,255,232,310" oya="2" hai0="65,26,105,67,78,124,11,59,114,3,56,83,132" hai1="85,127,90,87,32,100,21,125,57,42,50,24,51" hai2="10,38,75,95,41,55,80,34,77,62,107,66,121" hai3="104,115,119,20,28,30,109,44,123,58,2,13,84"/><V81/><F121/><W9/><G123/><T63/><D124/><N who="1" m="47691" /><E100/><V118/><F118/><W18/><G119/><T46/><D132/><U99/><E32/><V72/><F107/><W22/><G104/><T128/><D128/><U134/><E134/><V113/><F113/><W98/><G115/><T6/><D105/><U106/><E106/><V39/><F34/><W64/><G109/><T0/><D114/><U23/><E23/><N who="3" m="8746" /><G2/><T45/><D26/><U103/><E103/><V112/><F112/><W101/><G98/><T108/><D108/><U5/><E99/><V48/><F95/><W88/><G101/><T126/><D0/><U111/><E111/><V120/><F120/><W91/><G44/><T8/><D8/><U47/><E90/><N who="3" m="34346" /><G84/><T73/><D126/><U69/><E69/><V76/><F10/><W27/><G27/><T97/><D97/><U89/><E89/><V35/><F35/><W54/><G64/><T29/><D29/><U86/><E21/><V93/><F93/><W102/><G102/><T60/><AGARI ba="0,0" hai="3,6,11,45,46,56,59,60,63,65,67,73,78,83" machi="60" ten="30,4000,0" yaku="0,1,9,1,52,1" doraHai="1" who="0" fromWho="0" sc="203,40,255,-10,232,-20,310,-10" /><INIT seed="3,0,0,5,4,84" ten="243,245,212,300" oya="3" hai0="72,38,37,75,67,59,73,2,122,31,53,91,83" hai1="99,70,6,116,118,120,130,28,87,45,29,71,119" hai2="10,21,132,103,112,134,47,25,5,115,27,58,52" hai3="107,34,104,98,81,26,61,22,11,96,49,128,32"/><W54/><G61/><T109/><D109/><U51/><E120/><V97/><F47/><W60/><G60/><T7/><D122/><U123/><E123/><V65/><F65/><W133/><G98/><T126/><D126/><U48/><E130/><V1/><F115/><W106/><G128/><T9/><D67/><U69/><E6/><V23/><F112/><W64/><G64/><T124/><D124/><U13/><E13/><V85/><F85/><W135/><G11/><T127/><D31/><U35/><E99/><V105/><F23/><W36/><G36/><T80/><D127/><U76/><E35/><V41/><F41/><W117/><G117/><T101/><D101/><U125/><E125/><V121/><F121/><W43/><G43/><T30/><D30/><N who="1" m="11883" /><E45/><V18/><REACH who="2" step="1"/><F27/><REACH who="2" ten="243,245,202,300" step="2"/><W86/><G22/><T90/><D37/><U74/><E74/><V24/><F24/><W92/><G26/><T4/><D38/><U14/><E87/><V17/><F17/><W42/><G42/><T56/><D72/><U94/><E116/><V46/><F46/><W63/><G86/><T131/><D131/><U82/><E119/><V88/><F88/><W50/><G96/><T20/><D20/><U68/><E118/><V93/><F93/><W79/><G107/><T89/><D89/><U55/><E94/><V33/><F33/><W102/><G34/><T78/><D78/><U108/><E76/><V110/><F110/><W114/><G32/><T77/><D77/><U8/><E108/><V3/><F3/><W113/><G114/><T40/><D2/><U39/><E39/><RYUUKYOKU ba="0,1" sc="243,-10,245,-10,202,30,300,-10" hai2="1,5,10,18,21,25,52,58,97,103,105,132,134" /><INIT seed="4,1,1,2,0,58" ten="233,235,232,290" oya="0" hai0="20,129,91,101,74,26,22,25,4,52,130,66,95" hai1="75,114,76,100,6,65,127,23,34,40,135,17,70" hai2="89,132,54,67,38,110,8,99,79,87,120,93,131" hai3="113,35,134,85,21,10,50,59,126,83,51,30,98"/><T47/><D74/><U97/><E34/><V7/><F110/><W94/><G35/><T116/><D101/><U31/><E31/><V119/><F120/><W2/><G2/><T37/><D116/><U49/><E127/><V32/><F32/><W81/><G126/><T60/><D4/><U45/><E135/><V18/><F119/><W3/><G3/><T96/><D37/><U90/><E114/><V5/><F38/><W68/><G68/><T80/><D80/><U56/><E6/><V15/><F131/><N who="0" m="50186" /><D47/><U82/><E90/><V72/><F67/><W16/><G113/><T125/><D125/><U124/><E124/><V62/><F132/><W109/><G109/><T63/><D66/><U117/><E117/><V13/><F72/><W106/><G106/><T44/><D44/><U53/><E65/><V88/><F79/><W84/><G134/><T9/><D9/><U33/><E33/><V103/><F15/><N who="3" m="7287" /><G83/><T69/><D69/><U41/><E70/><V64/><F64/><W24/><G59/><N who="0" m="34919" /><D63/><U118/><E118/><V43/><F103/><N who="3" m="60887" /><G81/><T78/><D78/><U92/><E45/><V57/><F43/><W36/><G36/><T112/><D112/><U121/><E121/><V104/><F104/><W123/><G123/><T102/><D102/><U14/><AGARI ba="1,1" hai="14,17,23,40,41,49,53,56,75,76,82,92,97,100" machi="14" ten="20,1500,0" yaku="0,1,7,1" doraHai="58" who="1" fromWho="1" sc="233,-8,235,28,232,-5,290,-5" /><INIT seed="5,0,0,3,5,84" ten="225,263,227,285" oya="1" hai0="45,39,19,2,37,26,132,135,1,15,3,110,119" hai1="129,20,62,18,69,34,133,127,92,47,108,107,99" hai2="130,30,10,100,50,86,103,118,57,97,82,40,101" hai3="85,63,41,71,73,22,8,80,75,7,91,126,120"/><U55/><E34/><V114/><F118/><W35/><G35/><T48/><D110/><U58/><E108/><V111/><F111/><W21/><G120/><T128/><D26/><U14/><E127/><V95/><F130/><W44/><G126/><T16/><D128/><U109/><E109/><V93/><F114/><W17/><G22/><N who="0" m="11551" /><D19/><U72/><E72/><V23/><F10/><W89/><G63/><T87/><D87/><U117/><E117/><V13/><F95/><W88/><G71/><T76/><D76/><U96/><E133/><N who="0" m="51273" /><D119/><U68/><E129/><V124/><F124/><W123/><G123/><T25/><D25/><U74/><E74/><V12/><F30/><W104/><G104/><T131/><D131/><U9/><E107/><V65/><F23/><W28/><G28/><T116/><D116/><U78/><E78/><V11/><F11/><W31/><G31/><T102/><D102/><U49/><E99/><V42/><F103/><W113/><G113/><T81/><D81/><U98/><E98/><V5/><F101/><W54/><G75/><T32/><D32/><U52/><REACH who="1" step="1"/><E9/><REACH who="1" ten="225,253,227,285" step="2"/><V0/><F97/><W4/><G73/><T60/><D60/><U64/><E64/><V43/><F65/><W105/><G105/><T29/><D29/><U77/><E77/><V66/><F66/><W115/><G115/><T27/><D27/><U67/><E67/><V112/><F112/><W38/><G8/><T106/><D106/><U134/><E134/><V90/><F86/><W59/><G85/><T83/><D83/><U79/><E79/><V56/><F82/><RYUUKYOKU ba="0,1" sc="225,15,253,15,227,-15,285,-15" hai0="1,2,3,37,39,45,48" hai1="14,18,20,47,49,52,55,58,62,68,69,92,96" /><INIT seed="5,1,1,0,2,126" ten="240,268,212,270" oya="1" hai0="55,68,70,130,20,35,53,38,14,124,94,120,79" hai1="7,41,66,0,60,88,86,58,29,22,87,47,28" hai2="59,64,91,5,23,17,115,67,26,54,13,50,110" hai3="100,44,33,39,131,104,97,122,76,105,49,37,109"/><U12/><E0/><V108/><F115/><W40/><G122/><T98/><D130/><U78/><E78/><V65/><F5/><W52/><G109/><T8/><D35/><U125/><E125/><V46/><F91/><W90/><G76/><T51/><D38/><U106/><E106/><V119/><F119/><W62/><G105/><T48/><D120/><U31/><E88/><V132/><F132/><W84/><G33/><T9/><D79/><U96/><E96/><V6/><REACH who="2" step="1"/><F46/><REACH who="2" ten="240,268,202,270" step="2"/><W11/><G90/><T113/><D113/><U61/><E7/><V107/><F107/><W21/><G44/><T111/><D124/><U1/><E47/><V3/><F3/><W133/><G104/><T36/><D111/><U85/><E1/><V117/><F117/><W72/><G133/><T73/><D73/><U4/><E4/><V63/><F63/><W25/><G62/><T102/><D102/><U123/><E61/><V77/><F77/><W56/><G100/><T27/><D94/><U74/><E74/><V71/><F71/><W89/><G89/><T83/><D68/><U114/><E114/><V129/><F129/><W80/><G131/><T34/><D70/><U57/><E123/><V69/><F69/><W95/><G72/><T42/><D98/><U134/><E134/><V19/><F19/><N who="3" m="12479" /><G97/><T2/><D2/><U118/><E118/><V15/><F15/><W16/><G95/><T10/><D14/><U128/><E128/><V116/><F116/><W101/><G101/><T43/><D83/><U103/><E103/><V127/><F127/><W24/><G80/><RYUUKYOKU ba="1,2" sc="240,-10,268,-10,202,30,270,-10" hai2="6,13,17,23,26,50,54,59,64,65,67,108,110" /><INIT seed="6,2,2,2,4,18" ten="230,258,232,260" oya="2" hai0="57,71,25,22,86,72,115,46,39,114,52,88,80" hai1="134,60,50,92,55,133,123,122,96,21,41,44,131" hai2="112,47,116,2,6,68,63,124,102,43,99,105,54" hai3="48,45,35,74,83,82,40,129,76,10,101,132,56"/><V78/><F116/><W113/><G35/><T64/><D72/><U125/><E125/><V70/><F124/><W42/><G101/><T59/><D71/><U17/><E131/><V121/><F121/><N who="1" m="46089" /><E60/><V28/><F112/><N who="0" m="43050" /><D64/><U93/><E55/><V12/><F12/><W67/><G113/><T84/><D84/><U111/><E111/><V75/><F28/><W9/><G42/><N who="0" m="22879" /><D52/><U49/><E49/><V36/><F54/><W97/><G129/><T108/><D108/><U91/><E93/><V16/><F16/><AGARI ba="2,2" hai="16,22,25,57,59,80,86,88" m="22879,43050" machi="16" ten="30,7700,0" yaku="15,1,52,1,54,2" doraHai="18" who="0" fromWho="2" sc="230,103,258,0,232,-83,260,0" /><INIT seed="7,0,0,3,3,24" ten="333,258,149,260" oya="3" hai0="106,75,25,66,26,57,126,17,53,56,39,129,132" hai1="50,128,14,122,8,21,29,52,98,15,118,5,12" hai2="37,91,117,105,99,127,85,115,107,68,108,54,96" hai3="40,64,34,0,74,81,19,77,131,123,111,22,124"/><W28/><G123/><T47/><D75/><U59/><E122/><V35/><F35/><W45/><G0/><T61/><D106/><N who="2" m="40458" /><F54/><W79/><G64/><T49/><D129/><U135/><E135/><V84/><F68/><W11/><G34/><T70/><D126/><U76/><E128/><V60/><F60/><W110/><G131/><T23/><D132/><U94/><E76/><V65/><F65/><W86/><G124/><T120/><D120/><U116/><E116/><V121/><F37/><W36/><G11/><T38/><D26/><N who="1" m="16591" /><E118/><V43/><F43/><W7/><G7/><T78/><D78/><U83/><E83/><N who="2" m="49567" /><F121/><W88/><G28/><T20/><D20/><U93/><E93/><V104/><F117/><W92/><REACH who="3" step="1"/><G79/><REACH who="3" ten="333,258,149,250" step="2"/><T72/><D66/><U48/><E5/><V134/><F127/><W87/><G87/><T55/><D72/><U33/><E33/><V13/><F134/><W16/><G16/><T100/><D17/><U89/><E8/><V4/><F108/><W44/><G44/><T63/><D47/><U82/><E82/><V101/><F115/><W97/><G97/><N who="2" m="37449" /><F4/><W112/><G112/><T80/><D80/><U69/><E69/><V18/><F18/><W42/><G42/><T41/><D41/><U113/><E113/><V9/><F9/><W125/><G125/><T6/><D6/><U103/><E59/><V32/><F32/><W90/><G90/><T109/><D70/><U119/><E119/><V130/><F130/><W2/><G2/><T31/><D109/><U10/><E89/><V3/><F3/><W114/><G114/><RYUUKYOKU ba="0,1" sc="333,-10,258,-10,149,-10,250,30" hai3="19,22,36,40,45,74,77,81,86,88,92,110,111" /><INIT seed="7,1,1,3,2,29" ten="323,248,139,280" oya="3" hai0="32,44,64,130,80,102,95,87,25,116,127,98,92" hai1="86,70,134,8,73,119,50,45,74,19,14,59,60" hai2="41,21,113,132,22,77,28,34,52,68,85,104,36" hai3="58,78,48,110,103,42,35,40,106,53,118,10,66"/><W83/><G118/><T56/><D130/><U91/><E70/><V101/><F113/><W55/><G66/><T24/><D127/><U96/><E96/><V26/><F132/><W121/><G121/><T81/><D116/><U3/><E3/><V47/><F68/><W112/><G112/><T99/><D32/><U16/><E134/><V43/><F43/><W89/><G110/><T62/><D44/><U111/><E111/><V117/><F117/><W124/><G124/><T37/><D37/><U126/><E126/><V5/><F5/><W75/><G103/><N who="0" m="60871" /><D80/><U105/><E105/><V2/><F2/><W120/><G106/><T72/><D72/><U6/><E74/><V84/><F104/><W76/><G120/><T129/><D129/><U109/><E73/><V90/><F101/><W33/><G76/><AGARI ba="1,1" hai="24,25,56,62,64,76,81,87,95,99,102" m="60871" machi="76" ten="30,1000,0" yaku="8,1" doraHai="29" who="0" fromWho="3" sc="323,23,248,0,139,0,280,-13" owari="346,44.0,248,-15.0,139,-36.0,267,7.0" /></mjloggm>