<mjloggm ver="2.3"><GO type="97" lobby="0"/><UN n0="%E5%9B%BD%E5%BA%83%E4%B8%80%EF%BC%A0%E5%92%B2" n1="%E3%83%9F%E3%83%83%E3%83%88" n2="%E7%B3%B8%E8%89%B2%E6%9C%9B" n3="%E3%83%88%E3%83%88%E3%83%AA%E5%85%88%E7%94%9F%31%39%E6%AD%B3" dan="15,13,15,15" rate="1990.63,1917.88,2002.39,2013.96" sx="M,M,M,F"/><TAIKYOKU oya="0"/><INIT seed="0,0,0,4,1,99" ten="250,250,250,250" oya="0" hai0="134,8,84,50,65,46,90,22,129,21,15,37,17" hai1="70,122,69,58,45,23,6,64,83,81,36,105,55" hai2="87,123,89,43,48,5,71,11,24,96,19,131,61" hai3="14,18,125,67,25,91,116,82,40,38,110,68,54"/><T42/><D129/><U130/><E122/><V0/><F131/><W52/><G116/><T114/><D114/><U132/><E132/><V9/><F123/><W41/><G110/><T106/><D106/><U39/><E105/><V16/><F96/><W119/><G119/><T3/><D3/><U121/><E121/><V112/><F112/><W2/><G2/><T135/><D65/><U66/><E130/><V79/><F79/><W10/><G125/><T53/><D135/><U32/><E32/><V59/><F71/><W74/><G67/><T57/><D134/><U103/><E6/><V107/><F107/><W126/><G126/><T51/><REACH who="0" step="1"/><D37/><REACH who="0" ten="240,250,250,250" step="2"/><U124/><E124/><V117/><F117/><W73/><G38/><T94/><AGARI ba="0,1" hai="8,15,17,21,22,42,46,50,51,53,57,84,90,94" machi="94" ten="20,18000,2" yaku="1,1,2,1,0,1,7,1,8,1,53,1" doraHai="99" doraHaiUra="80" who="0" fromWho="0" sc="240,190,250,-60,250,-60,250,-60" /><INIT seed="0,1,0,0,2,60" ten="430,190,190,190" oya="0" hai0="0,13,77,5,76,38,39,122,111,134,42,125,32" hai1="86,129,31,97,73,68,33,92,55,2,96,7,123" hai2="25,19,112,93,30,127,71,109,91,120,104,4,45" hai3="12,74,43,52,63,89,64,132,24,126,135,121,75"/><T105/><D105/><U95/><E123/><V41/><F120/><W16/><G121/><T15/><D32/><U80/><E129/><V58/><F112/><W85/><G126/><T57/><D122/><U54/><E68/><V27/><F127/><W1/><G1/><T50/><D125/><U81/><E73/><V18/><F71/><N who="3" m="42399" /><G43/><T124/><D124/><U26/><E2/><V128/><F104/><W56/><G24/><T17/><D0/><U110/><E7/><V44/><F128/><W78/><G78/><T90/><D134/><N who="3" m="51241" /><G89/><T87/><D38/><U48/><E110/><V103/><F41/><W98/><G98/><T36/><D36/><U21/><E33/><V101/><F91/><W72/><G85/><T119/><D39/><U28/><E28/><V84/><F84/><W114/><G114/><T22/><D111/><U40/><E40/><V116/><F109/><W11/><G72/><T102/><D102/><U9/><E9/><V107/><F30/><W113/><G113/><T118/><D42/><U23/><E23/><BYE who="1" /><V65/><F103/><W106/><G106/><T62/><D77/><U133/><E133/><V108/><F101/><W14/><G14/><T88/><D76/><U6/><E6/><V61/><F107/><W59/><G59/><T79/><D79/><U8/><E8/><V51/><F4/><W99/><G99/><T34/><D90/><U82/><E82/><V115/><F115/><W20/><G11/><T100/><D88/><U83/><E83/><V3/><F3/><W117/><G117/><T35/><D119/><U66/><E66/><RYUUKYOKU ba="1,0" sc="430,-10,190,-10,190,-10,190,30" hai3="12,16,20,52,56,74,75" /><INIT seed="1,2,0,0,0,71" ten="420,180,180,220" oya="1" hai0="43,11,101,48,46,105,66,114,94,49,45,26,79" hai1="77,58,53,56,116,98,50,1,112,125,134,35,126" hai2="132,40,96,59,122,111,95,102,69,12,9,113,115" hai3="62,70,67,104,76,27,127,100,52,63,39,107,5"/><U37/><E37/><V2/><F122/><W117/><G127/><T129/><D105/><U13/><E13/><V8/><F69/><W21/><G117/><T78/><D114/><N who="2" m="43530" /><F111/><W4/><G39/><T38/><D38/><U72/><E72/><V42/><F132/><W22/><G76/><T97/><D129/><U65/><E65/><V32/><F32/><W0/><G22/><T93/><D66/><U84/><E84/><V28/><F28/><W19/><G100/><T83/><D26/><U34/><E34/><V60/><F2/><W131/><G131/><T41/><D11/><N who="2" m="4170" /><F12/><W92/><G0/><T25/><D25/><U87/><E87/><V10/><N who="2" m="4178" /><V90/><DORA hai="36" /><F90/><W57/><REACH who="3" step="1"/><G92/><REACH who="3" ten="420,180,180,210" step="2"/><T15/><D93/><U135/><E135/><V17/><F17/><W123/><G123/><T86/><D79/><U33/><E33/><V18/><F18/><W16/><G16/><T124/><D124/><U55/><E55/><AGARI ba="2,1" hai="40,42,55,59,60,95,96,102" m="4178,43530" machi="55" ten="40,5200,0" yaku="11,1,52,2" doraHai="71,36" who="2" fromWho="1" sc="420,0,180,-58,180,68,210,0" /><INIT seed="2,0,0,3,5,113" ten="420,122,248,210" oya="2" hai0="125,6,74,35,52,64,26,12,63,48,43,32,81" hai1="65,112,123,117,34,83,79,58,62,122,50,16,7" hai2="132,101,128,80,110,109,21,45,61,10,107,100,103" hai3="59,90,67,129,127,78,18,17,86,124,5,77,75"/><V25/><F107/><W49/><G75/><T0/><D43/><U13/><E13/><V91/><F132/><W102/><G129/><T68/><D0/><U28/><E28/><V93/><F128/><W97/><G5/><T30/><D125/><N who="3" m="48201" /><G77/><T33/><D74/><U88/><E88/><V111/><F10/><W71/><G78/><T95/><D95/><U2/><E2/><V56/><F45/><W135/><G71/><T38/><D38/><U131/><E131/><V82/><F21/><W9/><G9/><T98/><D98/><U41/><E41/><V14/><F14/><W104/><G135/><T22/><D81/><U47/><E47/><V3/><F25/><W57/><G49/><T76/><D76/><U115/><E115/><V92/><F3/><W85/><G86/><T24/><D12/><U134/><E134/><V55/><REACH who="2" step="1"/><F92/><REACH who="2" ten="420,122,238,210" step="2"/><W121/><G104/><T1/><D1/><U72/><E72/><V39/><F39/><W36/><G36/><T106/><D106/><U60/><E60/><V11/><F11/><W73/><G18/><T133/><D133/><U126/><E126/><V105/><F105/><W87/><G17/><T130/><D130/><U31/><E31/><V27/><F27/><W40/><G121/><T29/><D6/><U46/><E46/><AGARI ba="0,1" hai="22,24,26,29,30,32,33,35,46,48,52,63,64,68" machi="46" ten="30,2000,0" yaku="7,1,54,1" doraHai="113" who="0" fromWho="1" sc="420,30,122,-20,238,0,210,0" /><INIT seed="3,0,0,5,1,99" ten="450,102,238,210" oya="3" hai0="49,16,76,14,127,87,114,62,102,61,9,123,79" hai1="35,25,10,121,70,65,39,28,118,82,15,4,130" hai2="96,55,7,56,80,0,86,50,93,120,92,83,11" hai3="132,124,43,128,91,108,122,52,94,46,26,38,90"/><W85/><G122/><T54/><D123/><U41/><E41/><V67/><F120/><W31/><G128/><T73/><D73/><U72/><E72/><V98/><F86/><W19/><G132/><T17/><D127/><U1/><E1/><V88/><F67/><W100/><G124/><T133/><D133/><U103/><E103/><AGARI ba="0,0" hai="0,7,11,50,55,56,80,83,88,92,93,96,98,103" machi="103" ten="30,3900,0" yaku="7,1,52,1,54,1" doraHai="99" who="2" fromWho="1" sc="450,0,102,-39,238,39,210,0" owari="450,55.0,63,-44.0,277,8.0,210,-19.0" /></mjloggm>