<mjloggm ver="2.3"><GO type="41" lobby="0"/><UN n0="%52%65%78%65%6E%61" n1="%E6%8C%87%E5%8D%97%E8%82%96%E5%AD%90" n2="%6D%61%72%75%66%75%6B%75" n3="%E5%B0%B1%E6%B4%BB%E7%94%9F%40%E5%B7%9D%E6%9D%91%E8%BB%8D%E5%9B%A3" dan="13,15,14,16" rate="1876.06,1996.48,1947.90,2084.47" sx="M,F,M,M"/><TAIKYOKU oya="0"/><INIT seed="0,0,0,2,0,23" ten="250,250,250,250" oya="0" hai0="101,95,131,105,57,111,17,80,127,112,135,19,129" hai1="68,30,46,5,133,16,28,6,8,120,11,86,26" hai2="20,109,119,32,73,55,52,0,96,93,132,63,10" hai3="97,125,53,107,50,89,79,14,113,84,75,33,104"/><T126/><D112/><U43/><E68/><V67/><F73/><W69/><G113/><T108/><D105/><U128/><E120/><V70/><F32/><W34/><G69/><T49/><D80/><U122/><E122/><V42/><F42/><W15/><G125/><N who="0" m="47627" /><D95/><U124/><E124/><V74/><F74/><W92/><G34/><T36/><D101/><U3/><E133/><V9/><F109/><N who="0" m="42058" /><D36/><U39/><E128/><N who="0" m="49225" /><D57/><U4/><E86/><V121/><F121/><W100/><G33/><T115/><D115/><U35/><E30/><V98/><F93/><W118/><G118/><T90/><D90/><U56/><E56/><V2/><F119/><W102/><G102/><T61/><D61/><U29/><E29/><V134/><F63/><W1/><G1/><T62/><D62/><U94/><E94/><V45/><F70/><W64/><G107/><T117/><D49/><U76/><E76/><V54/><F2/><W65/><G65/><T114/><D114/><U99/><E99/><V130/><F67/><W22/><G64/><T58/><D58/><U110/><E110/><V59/><F130/><W81/><G50/><T71/><D71/><U123/><E123/><V24/><F59/><W38/><G38/><T66/><D66/><U60/><E60/><V27/><F98/><W83/><G83/><T31/><D117/><U87/><E87/><V51/><F96/><W40/><G104/><T91/><D91/><U116/><E116/><V85/><F51/><W21/><G89/><T78/><D78/><U13/><AGARI ba="0,0" hai="3,4,5,6,8,11,13,16,26,28,35,39,43,46" machi="13" ten="30,4000,0" yaku="0,1,52,1,54,1" doraHai="23" who="1" fromWho="1" sc="250,-20,250,40,250,-10,250,-10" /><INIT seed="1,0,0,3,2,39" ten="230,290,240,240" oya="1" hai0="73,68,37,91,28,94,84,31,85,33,128,44,124" hai1="45,52,61,122,43,5,86,48,131,60,22,90,103" hai2="6,77,59,51,104,20,13,96,2,29,57,111,126" hai3="66,53,17,110,107,127,134,112,16,65,72,130,132"/><U9/><E131/><V3/><F111/><W95/><G107/><T120/><D128/><U49/><E122/><V123/><F123/><W83/><G112/><T97/><D120/><U8/><E103/><V36/><F36/><W47/><G130/><T21/><D124/><U62/><E22/><V121/><F121/><W30/><G30/><T102/><D68/><U99/><E99/><V133/><F96/><W70/><G127/><T41/><D33/><U87/><E87/><V34/><F104/><W100/><G110/><T93/><D73/><U55/><E55/><V11/><F77/><W40/><G53/><T89/><REACH who="0" step="1"/><D21/><REACH who="0" ten="220,290,240,240" step="2"/><U26/><E26/><V38/><F133/><W116/><G70/><T7/><D7/><U24/><E24/><V50/><F20/><W67/><G116/><T23/><D23/><U1/><E1/><V113/><F6/><W27/><G27/><T56/><D56/><N who="1" m="32775" /><E5/><V4/><F3/><W135/><G72/><T19/><D19/><U58/><E58/><V105/><F2/><W119/><G119/><T76/><D76/><U88/><E90/><V129/><F59/><W101/><G101/><T106/><AGARI ba="0,1" hai="28,31,37,41,44,84,85,89,91,93,94,97,102,106" machi="106" ten="20,8000,1" yaku="1,1,0,1,7,1,9,1,52,1,53,0" doraHai="39" doraHaiUra="18" who="0" fromWho="0" sc="220,90,290,-40,240,-20,240,-20" /><INIT seed="2,0,0,3,5,94" ten="310,250,220,220" oya="2" hai0="60,115,77,67,31,134,62,58,72,90,57,15,70" hai1="133,130,55,73,3,6,122,106,21,98,111,79,85" hai2="117,66,65,44,40,5,7,113,93,100,126,105,83" hai3="41,96,16,88,49,33,76,71,89,61,24,18,46"/><V68/><F117/><W28/><G76/><T43/><D115/><U104/><E3/><V13/><F105/><W84/><G71/><T2/><D134/><U38/><E6/><V110/><F110/><W75/><G75/><T116/><D116/><U102/><E21/><V37/><F113/><W63/><G89/><T8/><D2/><U32/><E38/><V54/><F83/><W34/><G34/><T14/><D70/><U36/><E32/><V11/><F126/><W82/><G96/><T107/><D43/><U92/><E55/><V118/><F118/><W119/><G119/><T23/><D107/><N who="1" m="41003" /><E36/><V86/><F68/><W135/><G135/><T91/><D77/><U121/><E133/><V39/><F39/><W50/><REACH who="3" step="1"/><G49/><REACH who="3" ten="310,250,220,210" step="2"/><T64/><D72/><U0/><E111/><V99/><F7/><W30/><G30/><T27/><REACH who="0" step="1"/><D14/><REACH who="0" ten="300,250,220,210" step="2"/><U51/><E79/><V10/><F13/><W132/><G132/><T127/><D127/><U1/><E73/><V108/><F108/><W112/><G112/><T124/><D124/><U45/><E1/><V29/><F29/><W22/><G22/><T9/><D9/><U20/><E0/><V95/><F10/><W74/><G74/><T53/><D53/><U56/><E20/><V35/><F54/><W17/><AGARI ba="0,2" hai="16,17,18,24,28,33,41,46,50,61,63,82,84,88" machi="17" ten="30,7900,0" yaku="1,1,0,1,54,2,53,0" doraHai="94" doraHaiUra="52" who="3" fromWho="3" sc="300,-20,250,-20,220,-39,210,99" /><INIT seed="3,0,0,5,5,110" ten="280,230,181,309" oya="3" hai0="17,45,36,85,5,117,50,52,126,65,54,47,80" hai1="79,58,81,40,127,129,95,105,82,48,13,53,112" hai2="63,31,98,6,72,88,114,64,111,86,51,118,22" hai3="94,32,41,73,83,132,109,68,56,76,21,59,74"/><W8/><G68/><T60/><D117/><U89/><E129/><V91/><F118/><W116/><G74/><T57/><D36/><U103/><E127/><V133/><F72/><W108/><G32/><T43/><D5/><U26/><E26/><V38/><F38/><W23/><G116/><T12/><D126/><U3/><E3/><V121/><F121/><W119/><G119/><T93/><D47/><U71/><E71/><V67/><F111/><N who="3" m="42571" /><G132/><T134/><D93/><U30/><E30/><V78/><F78/><W20/><G41/><T18/><D18/><U4/><E40/><V14/><F31/><W42/><G42/><T61/><D61/><U44/><E58/><N who="3" m="22058" /><G8/><N who="0" m="6279" /><D134/><U39/><E39/><V33/><F33/><W16/><G94/><T28/><D28/><U2/><E95/><V128/><F67/><W1/><G1/><T106/><D106/><U24/><E2/><V99/><F64/><W104/><G104/><T62/><D60/><U122/><E105/><V70/><F70/><W90/><G90/><AGARI ba="0,0" hai="43,45,50,52,54,57,62,65,80,85,90" m="6279" machi="90" ten="30,2000,0" yaku="8,1,54,1" doraHai="110" who="0" fromWho="3" sc="280,20,230,0,181,0,309,-20" /><INIT seed="4,0,0,0,4,65" ten="300,230,181,289" oya="0" hai0="78,33,98,41,70,31,12,29,83,93,7,127,84" hai1="17,37,99,89,54,95,120,124,104,128,88,107,97" hai2="85,122,102,106,74,73,2,119,25,134,90,26,112" hai3="14,76,27,126,135,45,36,46,11,32,91,108,28"/><T69/><D127/><U20/><E37/><V59/><F112/><W79/><G108/><T50/><D31/><U4/><E124/><V117/><F2/><W42/><G126/><T13/><D13/><U55/><E120/><V92/><F122/><W132/><G46/><N who="0" m="25935" /><D29/><U86/><E128/><V103/><F59/><W23/><G32/><T6/><D6/><U0/><E0/><V3/><F3/><W64/><G64/><T87/><D87/><U66/><E66/><V63/><F63/><W110/><G110/><T133/><D33/><U51/><E4/><V68/><F68/><W129/><G91/><N who="0" m="55615" /><D133/><N who="3" m="51273" /><G129/><T9/><AGARI ba="0,0" hai="7,9,12,69,70,78,83,84" m="55615,25935" machi="9" ten="30,6000,0" yaku="25,1,52,2" doraHai="65" who="0" fromWho="0" sc="300,60,230,-20,181,-20,289,-20" /><INIT seed="4,1,0,1,3,91" ten="360,210,161,269" oya="0" hai0="76,135,10,31,127,16,67,63,19,80,93,28,44" hai1="48,99,47,130,32,13,66,111,8,81,100,22,21" hai2="0,11,133,37,95,77,90,109,53,94,12,75,122" hai3="102,34,121,64,79,27,43,61,30,134,68,117,128"/><T51/><D127/><U20/><E32/><V26/><F122/><W25/><G117/><T97/><D135/><U35/><E35/><V104/><F104/><W96/><G121/><T39/><D39/><U71/><E130/><V120/><F120/><W108/><G108/><T82/><D10/><U42/><E111/><V129/><F0/><W103/><G134/><T2/><D2/><U17/><E81/><V5/><F109/><W24/><G128/><T107/><D107/><U23/><E71/><V4/><F37/><W88/><G43/><T36/><D80/><U3/><E66/><V131/><F129/><W62/><G79/><T85/><D36/><U9/><REACH who="1" step="1"/><E3/><REACH who="1" ten="360,200,161,269" step="2"/><V84/><F133/><W46/><G64/><T57/><D67/><U38/><E38/><V87/><F131/><W118/><G68/><T114/><D114/><U59/><E59/><V14/><F75/><W70/><G118/><T50/><D57/><U6/><E6/><V78/><F4/><W45/><G70/><T74/><D44/><N who="3" m="17001" /><G34/><T60/><D74/><U69/><E69/><V92/><F12/><W89/><G30/><T41/><D31/><U106/><AGARI ba="1,1" hai="8,9,13,17,20,21,22,23,42,47,48,99,100,106" machi="106" ten="30,2000,0" yaku="1,1,0,1,53,0" doraHai="91" doraHaiUra="58" who="1" fromWho="1" sc="360,-11,200,33,161,-6,269,-6" /><INIT seed="5,0,0,5,3,73" ten="349,233,155,263" oya="1" hai0="74,63,69,58,107,8,52,38,82,134,108,24,111" hai1="11,93,53,78,55,34,95,118,104,132,101,77,9" hai2="56,98,94,22,57,119,79,103,51,5,49,92,21" hai3="102,124,113,106,120,110,48,112,71,30,61,60,6"/><U72/><E118/><V125/><F119/><W64/><G110/><T116/><D116/><U26/><E72/><V2/><F2/><W81/><G120/><T59/><D134/><U66/><E132/><V7/><F125/><W87/><G124/><T42/><D107/><U50/><E104/><V45/><F45/><W19/><G30/><T32/><D8/><U97/><E66/><V33/><F33/><W123/><G123/><T117/><D117/><U76/><E93/><V70/><F70/><W47/><G6/><T18/><D69/><U54/><E34/><V85/><F85/><W35/><G35/><T105/><D105/><U128/><E128/><V122/><F103/><W44/><G61/><T23/><D32/><U12/><E26/><V28/><F122/><W40/><G47/><T83/><D83/><U135/><E135/><V121/><F121/><W130/><G130/><T41/><D41/><U25/><E25/><V75/><F75/><W37/><G19/><T1/><D1/><U3/><E3/><V84/><F84/><W27/><G27/><T43/><D43/><U10/><E12/><V109/><F109/><W91/><G37/><T29/><D42/><U88/><E101/><V17/><F17/><W80/><G80/><T68/><D38/><U114/><E114/><N who="3" m="44138" /><G106/><T13/><D108/><U67/><E67/><V36/><F36/><W100/><AGARI ba="0,0" hai="40,44,48,60,64,71,81,87,91,100,102" m="44138" machi="100" ten="30,1100,0" yaku="15,1" doraHai="73" who="3" fromWho="3" sc="349,-3,233,-5,155,-3,263,11" /><INIT seed="6,0,0,4,1,111" ten="346,228,152,274" oya="2" hai0="11,52,33,109,35,34,62,99,27,5,61,127,19" hai1="87,76,29,63,75,94,56,38,115,30,10,101,51" hai2="110,108,72,44,131,107,133,6,22,12,77,128,24" hai3="86,125,89,124,28,54,64,8,2,134,120,90,39"/><V100/><F107/><W41/><G120/><T83/><D109/><N who="2" m="42090" /><F100/><W95/><G134/><T102/><D127/><N who="3" m="48713" /><G64/><T81/><D27/><U85/><E38/><V82/><F44/><N who="3" m="23615" /><G28/><T122/><D19/><U57/><E115/><V18/><F133/><W74/><G74/><T92/><D122/><U37/><E37/><V15/><F6/><N who="3" m="1111" /><G89/><T69/><D69/><U116/><E116/><V96/><F96/><W49/><G49/><T14/><REACH who="0" step="1"/><D62/><REACH who="0" ten="336,228,152,274" step="2"/><U67/><E75/><V23/><F15/><W121/><G121/><T91/><D91/><U93/><E76/><V129/><F129/><W103/><G103/><T50/><D50/><U70/><E101/><V88/><F88/><W119/><G119/><T130/><D130/><U71/><E70/><V60/><F60/><W31/><G31/><AGARI ba="0,1" hai="12,18,22,23,24,31,72,77,82,128,131" m="42090" machi="31" ten="30,1500,0" yaku="10,1" doraHai="111" who="2" fromWho="3" sc="336,0,228,0,152,25,274,-15" /><INIT seed="6,1,0,0,2,51" ten="336,228,177,259" oya="2" hai0="38,120,89,114,11,127,5,94,96,85,68,90,134" hai1="36,33,17,9,107,27,7,41,115,75,113,123,87" hai2="105,129,108,80,37,133,10,28,119,101,92,88,77" hai3="45,49,79,34,39,26,21,44,132,104,42,66,116"/><V56/><F119/><W46/><G116/><T84/><D120/><U15/><E107/><V81/><F37/><W112/><G104/><T30/><D68/><U58/><E75/><N who="2" m="43071" /><F28/><W48/><G132/><T109/><D38/><U67/><E36/><V35/><F35/><W82/><G34/><T71/><D71/><U59/><E41/><V124/><F10/><W99/><G112/><N who="1" m="43082" /><E67/><V12/><F12/><W100/><G66/><T16/><D114/><U73/><E73/><V23/><F23/><W61/><G61/><T83/><D134/><U54/><E59/><V110/><F133/><W32/><G32/><T4/><D109/><N who="2" m="42090" /><F81/><W64/><G64/><T50/><D127/><U14/><E87/><N who="2" m="52255" /><F56/><W3/><G3/><T57/><D85/><U93/><E123/><V55/><F55/><W43/><G39/><T130/><D30/><N who="1" m="19679" /><E93/><V47/><F47/><W63/><G45/><T102/><D50/><N who="1" m="31063" /><E17/><V6/><F6/><W135/><G135/><T97/><D4/><U121/><E121/><V29/><F29/><W103/><G63/><T25/><D5/><U53/><E53/><V98/><F124/><W69/><G69/><T62/><D16/><U22/><E22/><V128/><AGARI ba="1,0" hai="98,101,105,128,129" m="52255,42090,43071" machi="128" ten="30,12000,1" yaku="24,1,10,1,34,2,54,1" doraHai="51" who="2" fromWho="2" sc="336,-41,228,-41,177,123,259,-41" /><INIT seed="6,2,0,5,0,78" ten="295,187,300,218" oya="2" hai0="59,73,105,60,113,62,70,9,119,101,57,107,1" hai1="83,91,0,100,122,94,127,115,21,32,71,98,121" hai2="23,125,67,33,93,88,81,90,92,2,55,31,44" hai3="6,74,99,16,109,102,129,134,52,123,49,85,126"/><V65/><F33/><W4/><G74/><T75/><D113/><U53/><E32/><V25/><F2/><W19/><G109/><T13/><D70/><U87/><E71/><V28/><F28/><W24/><G123/><T117/><D13/><U58/><E0/><V46/><F125/><W132/><G129/><T111/><D101/><U89/><E21/><V39/><F39/><W8/><G85/><T47/><D47/><N who="2" m="17962" /><F55/><W95/><G126/><T77/><D77/><U42/><E42/><V130/><F130/><W48/><G48/><T18/><D18/><N who="3" m="6697" /><G24/><T61/><D62/><U36/><E36/><V20/><F20/><W5/><G8/><T22/><D22/><U56/><E56/><V104/><F104/><W17/><N who="3" m="6705" /><W103/><DORA hai="133" /><G134/><T97/><D1/><U76/><E58/><V118/><F90/><N who="1" m="34313" /><E53/><V45/><F45/><N who="3" m="27695" /><G132/><T10/><REACH who="0" step="1"/><D97/><REACH who="0" ten="285,187,300,218" step="2"/><U64/><E64/><N who="2" m="24651" /><F118/><W124/><G124/><T69/><D69/><U11/><E11/><V15/><F15/><W50/><G50/><T40/><D40/><U135/><E127/><V110/><F110/><AGARI ba="2,1" hai="9,10,57,59,60,61,73,75,105,107,110,111,117,119" machi="110" ten="25,8000,1" yaku="1,1,22,2,53,2" doraHai="78,133" doraHaiUra="96,120" who="0" fromWho="2" sc="285,96,187,0,300,-86,218,0" /><INIT seed="7,0,0,5,3,108" ten="381,187,214,218" oya="3" hai0="128,123,53,130,35,97,78,111,33,18,24,8,71" hai1="7,79,99,87,49,56,32,124,64,67,58,17,121" hai2="62,2,42,45,102,38,86,120,66,63,105,44,22" hai3="109,43,83,94,115,88,48,10,60,116,127,72,59"/><W135/><G109/><T55/><D123/><U90/><E121/><V131/><F2/><W89/><G116/><T5/><D111/><U118/><E124/><V96/><F120/><W12/><G127/><T6/><D71/><U119/><E32/><V52/><F131/><N who="0" m="50218" /><D78/><U100/><E7/><N who="0" m="2569" /><D97/><U68/><E68/><V51/><F22/><W41/><G83/><T14/><D35/><U30/><E30/><AGARI ba="0,0" hai="8,14,18,24,30,33,53,55" m="2569,50218" machi="30" ten="30,1000,0" yaku="19,1" doraHai="108" who="0" fromWho="1" sc="381,10,187,-10,214,0,218,0" owari="391,49.0,177,-32.0,214,-19.0,218,2.0" /></mjloggm>