<mjloggm ver="2.3"><GO type="41" lobby="0"/><UN n0="%39%64%61%72%74%73" n1="%4B%75%72%6F%73%69%72%6F" n2="%E5%B0%B1%E6%B4%BB%E7%94%9F%40%E5%B7%9D%E6%9D%91%E8%BB%8D%E5%9B%A3" n3="%54%69%46%6F%53%45" dan="13,15,15,13" rate="1914.20,1966.52,2001.51,1862.77" sx="M,M,M,M"/><TAIKYOKU oya="0"/><INIT seed="0,0,0,3,2,54" ten="250,250,250,250" oya="0" hai0="127,42,38,4,88,64,45,1,93,69,63,26,115" hai1="120,123,25,133,52,47,112,20,117,58,19,129,33" hai2="126,8,96,24,56,113,79,60,103,76,102,90,61" hai3="2,75,53,71,23,128,32,67,91,95,87,134,65"/><T116/><D116/><U101/><E117/><V22/><F113/><W40/><G32/><T124/><D115/><U37/><E112/><V72/><F126/><W3/><G128/><T36/><D4/><U86/><E129/><V130/><F130/><W18/><G134/><T98/><D1/><U55/><E133/><V62/><F8/><W78/><G40/><T6/><D6/><U66/><E101/><N who="2" m="38411" /><F72/><W7/><G3/><T99/><D26/><U106/><E106/><V135/><F135/><W74/><G2/><T11/><D11/><U81/><E33/><V57/><F90/><W83/><G7/><T29/><D29/><U39/><E66/><V105/><F96/><W5/><G5/><T121/><D121/><U28/><E28/><N who="2" m="17431" /><F105/><W108/><G71/><T97/><REACH who="0" step="1"/><D36/><REACH who="0" ten="240,250,250,250" step="2"/><U50/><E39/><V49/><F49/><W35/><G35/><T125/><AGARI ba="0,1" hai="38,42,45,63,64,69,88,93,97,98,99,124,125,127" machi="125" ten="30,12000,1" yaku="1,1,2,1,0,1,18,1,54,1,53,0" doraHai="54" doraHaiUra="46" who="0" fromWho="0" sc="240,130,250,-40,250,-40,250,-40" /><INIT seed="0,1,0,4,3,15" ten="370,210,210,210" oya="0" hai0="87,120,24,101,29,72,124,122,43,17,123,6,88" hai1="84,110,92,73,56,69,89,91,114,32,52,40,70" hai2="27,38,96,111,0,98,20,116,9,4,127,119,3" hai3="76,135,82,63,55,31,18,103,128,102,104,94,28"/><T121/><D72/><U68/><E73/><V133/><F38/><W22/><G128/><T36/><D6/><U67/><E32/><V79/><F79/><W106/><G135/><T1/><D1/><U115/><E110/><V59/><F127/><W93/><G106/><T60/><D101/><U78/><E78/><V53/><F133/><W71/><G104/><T80/><D124/><U2/><E40/><V90/><F111/><W132/><G132/><T86/><D60/><U50/><E2/><V54/><F54/><W33/><G33/><T8/><D43/><U117/><E117/><V81/><F3/><W125/><G125/><T13/><D36/><U100/><E100/><N who="3" m="38442" /><G71/><T61/><D61/><N who="1" m="40047" /><E91/><V25/><F25/><W108/><G108/><T57/><D57/><U35/><E35/><V134/><F134/><W7/><G7/><T65/><D65/><U109/><E109/><V44/><F44/><W45/><G82/><T131/><D131/><U75/><E75/><V85/><F116/><W113/><G76/><T107/><D107/><U30/><E30/><N who="3" m="11306" /><G113/><AGARI ba="1,0" hai="50,52,56,69,70,84,89,92,113,114,115" m="40047" machi="113" ten="30,2000,0" yaku="11,1,54,1" doraHai="15" who="1" fromWho="3" sc="370,0,210,23,210,0,210,-23" /><INIT seed="1,0,0,0,0,94" ten="370,233,210,187" oya="1" hai0="103,55,27,41,39,86,65,23,17,135,91,44,113" hai1="92,60,62,30,90,4,47,45,26,107,51,19,81" hai2="73,57,75,20,2,116,28,72,111,6,120,69,99" hai3="74,68,87,97,49,22,8,15,96,85,80,34,18"/><U106/><E4/><V66/><F116/><W95/><G34/><T89/><D113/><U82/><E19/><V128/><F120/><W131/><G68/><T105/><D135/><U13/><E13/><V134/><F111/><W112/><G112/><T16/><D65/><U118/><E118/><V25/><F134/><W33/><G33/><T58/><D103/><U101/><E101/><V50/><F128/><W122/><G122/><T36/><D105/><U115/><E115/><V43/><F69/><W125/><G131/><T14/><D39/><U63/><E106/><V21/><F21/><W12/><G74/><T88/><D17/><U5/><E5/><V133/><F133/><W130/><G130/><T71/><D71/><U79/><E107/><V78/><F78/><W70/><G70/><T42/><D42/><U83/><E79/><V129/><F129/><W1/><G1/><T127/><D127/><U7/><E7/><V76/><F76/><N who="3" m="46215" /><G49/><T54/><D54/><U104/><E104/><V3/><F6/><N who="3" m="3095" /><G125/><T24/><REACH who="0" step="1"/><D86/><REACH who="0" ten="360,233,210,187" step="2"/><U38/><E38/><V77/><F66/><W84/><G97/><T98/><D98/><U40/><E40/><V59/><F99/><W121/><G121/><T123/><D123/><U110/><E110/><V108/><F108/><W35/><G35/><T56/><D56/><U132/><E132/><V29/><F72/><W64/><G64/><T93/><D93/><U67/><E67/><V31/><F73/><W0/><G0/><T119/><D119/><U46/><E92/><V114/><F75/><W9/><G9/><T117/><D117/><RYUUKYOKU ba="0,1" sc="360,15,233,-15,210,-15,187,15" hai0="14,16,23,24,27,36,41,44,55,58,88,89,91" hai3="15,18,22,84,87,95,96" /><INIT seed="2,1,1,4,2,96" ten="375,218,195,202" oya="2" hai0="92,22,2,27,77,43,113,47,58,28,70,56,125" hai1="112,25,65,105,83,123,108,15,87,107,44,10,66" hai2="0,81,97,6,53,117,42,126,127,82,8,120,100" hai3="4,38,30,85,135,76,31,64,23,80,89,32,39"/><V5/><F117/><W94/><G135/><T118/><D70/><U101/><E123/><V18/><F120/><W90/><G32/><T16/><D113/><U9/><E112/><V54/><F42/><W67/><G4/><T93/><D2/><U86/><E105/><V35/><F35/><W95/><G23/><T40/><D118/><U132/><E132/><V63/><F6/><W12/><G12/><T106/><D106/><U116/><E44/><V7/><F7/><W62/><G76/><T131/><D125/><N who="2" m="47626" /><F18/><W91/><G80/><N who="2" m="30825" /><F63/><W60/><G91/><T102/><D77/><U72/><E25/><V129/><F129/><W36/><REACH who="3" step="1"/><G39/><REACH who="3" ten="375,218,195,192" step="2"/><T11/><D131/><U59/><E15/><V73/><F73/><W133/><G133/><T41/><D11/><U78/><E72/><V99/><F99/><W134/><G134/><T98/><D28/><U21/><E21/><V71/><F71/><W128/><G128/><T48/><D27/><U74/><E74/><V1/><F1/><W115/><G115/><T24/><D24/><U121/><E10/><V69/><F69/><W110/><G110/><T34/><D34/><U68/><E108/><V17/><F17/><W109/><G109/><T104/><D16/><U46/><E9/><V13/><F0/><W45/><G45/><T122/><D22/><U37/><E46/><V111/><F111/><W33/><G33/><T124/><D124/><U49/><E68/><V75/><F75/><W130/><G130/><T55/><D122/><U29/><E121/><V14/><F14/><W52/><G52/><T88/><D55/><RYUUKYOKU ba="1,2" sc="375,-15,218,-15,195,15,192,15" hai2="5,8,13,53,54,97,100" hai3="30,31,36,38,60,62,64,67,85,89,90,94,95" /><INIT seed="2,2,2,1,1,0" ten="360,203,210,207" oya="2" hai0="23,27,95,112,15,97,132,66,78,62,42,82,135" hai1="37,35,123,102,6,81,127,80,13,9,55,48,89" hai2="54,10,134,32,68,49,99,122,65,18,117,106,31" hai3="40,133,20,52,111,87,45,101,73,60,36,124,125"/><V19/><F117/><W83/><G73/><T105/><D112/><U119/><E119/><V115/><F122/><W61/><G111/><T26/><D105/><U69/><E37/><V3/><F115/><W91/><G133/><N who="0" m="51275" /><D42/><U16/><E127/><N who="3" m="48714" /><G101/><N who="0" m="60607" /><D15/><U116/><E116/><V77/><F77/><W53/><G20/><T8/><D8/><U64/><E35/><V113/><F113/><W85/><G87/><N who="0" m="48599" /><D23/><U56/><E102/><N who="2" m="62815" /><F10/><W58/><G61/><T79/><D79/><U47/><E89/><V30/><F3/><W7/><G7/><T93/><D93/><U24/><E69/><AGARI ba="2,2" hai="26,27,62,66,69" m="48599,60607,51275" machi="69" ten="30,1000,0" yaku="20,1" doraHai="0" who="0" fromWho="1" sc="360,36,203,-16,210,0,207,0" /><INIT seed="3,0,0,0,2,94" ten="396,187,210,207" oya="3" hai0="24,118,29,133,3,128,31,20,119,82,134,27,30" hai1="57,79,78,87,16,54,13,104,56,125,67,77,95" hai2="33,74,132,116,113,7,48,26,51,109,60,40,90" hai3="129,19,126,80,127,92,110,65,2,70,103,39,124"/><W84/><G39/><T58/><D82/><U108/><E104/><V63/><F74/><W0/><G65/><T83/><D83/><U97/><E125/><V75/><F75/><W15/><G70/><T131/><D58/><U34/><E34/><V21/><F33/><W106/><G129/><N who="0" m="49739" /><D3/><U23/><E108/><V105/><F105/><W18/><G106/><T6/><D6/><U62/><E87/><V107/><F107/><W9/><G110/><T91/><D91/><N who="1" m="55551" /><E79/><V135/><F113/><W111/><G111/><T86/><D86/><U100/><E100/><V38/><F7/><W115/><G115/><T53/><D53/><U61/><AGARI ba="0,0" hai="13,16,23,54,56,57,61,62,67,77,78" m="55551" machi="61" ten="30,4000,0" yaku="8,1,52,1,54,1" doraHai="94" who="1" fromWho="1" sc="396,-10,187,40,210,-10,207,-20" /><INIT seed="4,0,0,4,1,37" ten="386,227,200,187" oya="0" hai0="91,106,131,132,27,22,54,59,115,129,107,28,56" hai1="6,38,29,90,105,34,119,74,121,104,20,51,97" hai2="44,41,79,75,9,109,21,19,8,83,3,110,69" hai3="12,117,62,111,88,49,122,1,15,55,85,112,82"/><T70/><D70/><U32/><E38/><V40/><F69/><W116/><G111/><T67/><D115/><U58/><E119/><V5/><F9/><W89/><G112/><T92/><D67/><U10/><E74/><V78/><F78/><W61/><G122/><T94/><D132/><U26/><E105/><V65/><F65/><W126/><G1/><T93/><D91/><U135/><E135/><V11/><F11/><W47/><G126/><T113/><D113/><U87/><E97/><V68/><F68/><W7/><G117/><T103/><D103/><U124/><E104/><V118/><F118/><W101/><G116/><T39/><D39/><U123/><E124/><V66/><F66/><W64/><G101/><T46/><D46/><U18/><E34/><V35/><F35/><W108/><G108/><T36/><D36/><U30/><E30/><V84/><F75/><W102/><G102/><T17/><D17/><U86/><E86/><V125/><F125/><W13/><G7/><T81/><D81/><U99/><E99/><V71/><F71/><W48/><G64/><T24/><D24/><U133/><E133/><V130/><F130/><N who="0" m="49674" /><D59/><U60/><E90/><V100/><F100/><W23/><G89/><T52/><D54/><U72/><E121/><V114/><F114/><W57/><REACH who="3" step="1"/><G23/><REACH who="3" ten="386,227,200,177" step="2"/><T134/><D134/><U95/><E20/><V128/><F128/><W2/><G2/><T25/><D107/><U42/><E123/><V63/><F109/><W14/><N who="3" m="3584" /><DORA hai="43" /><W96/><G96/><T73/><D106/><U76/><E76/><V31/><F110/><RYUUKYOKU ba="0,1" sc="386,-10,227,-10,200,-10,177,30" hai3="47,48,49,55,57,61,62,82,85,88" /><INIT seed="5,1,1,1,0,43" ten="376,217,190,207" oya="1" hai0="29,70,112,110,109,128,111,11,134,119,35,115,82" hai1="37,101,71,27,36,107,30,91,8,75,40,21,78" hai2="94,51,58,15,69,105,22,103,26,126,96,38,135" hai3="85,106,84,120,64,108,92,93,32,104,23,116,42"/><U18/><E91/><V7/><F69/><W39/><G32/><T133/><D82/><N who="1" m="45407" /><E18/><V83/><F38/><W9/><G64/><T86/><D86/><N who="3" m="33385" /><G42/><T99/><D99/><N who="1" m="61887" /><E21/><V122/><F122/><W56/><G56/><T5/><D70/><U55/><E55/><V20/><F105/><N who="3" m="40555" /><G23/><T79/><D79/><U49/><E49/><V52/><F126/><W62/><G9/><T10/><D119/><U63/><E8/><N who="0" m="3113" /><D5/><U31/><E31/><V48/><F135/><N who="0" m="51722" /><D128/><U73/><E73/><V77/><F7/><W76/><G39/><T65/><D65/><N who="1" m="41407" /><E40/><V81/><F77/><W113/><G62/><T125/><D125/><U24/><E24/><AGARI ba="1,1" hai="24,29,35,109,110,111,112,115" m="51722,3113" machi="24" ten="40,5200,0" yaku="20,1,34,2" doraHai="43" who="0" fromWho="1" sc="376,65,217,-55,190,0,207,0" /><INIT seed="6,0,0,5,5,27" ten="441,162,190,207" oya="2" hai0="67,98,46,7,87,4,35,105,88,57,79,40,115" hai1="36,2,83,20,29,68,14,11,62,94,113,63,73" hai2="25,93,72,129,31,90,61,121,44,17,89,55,104" hai3="28,126,81,22,6,69,1,76,15,127,77,38,54"/><V92/><F104/><W33/><G69/><T9/><D35/><U3/><E113/><V118/><F72/><W100/><G38/><T16/><D115/><U13/><E36/><V52/><F121/><W59/><G100/><T101/><D79/><U45/><E45/><V108/><F118/><W19/><G1/><T84/><D84/><U85/><E73/><V135/><F108/><W12/><G6/><T116/><D116/><U96/><E14/><V109/><F109/><W106/><G106/><T130/><D130/><U103/><E68/><V56/><F129/><W18/><G33/><T86/><D86/><U34/><E34/><V128/><F128/><W131/><G131/><T24/><D67/><U112/><E112/><V48/><F135/><W41/><G41/><T8/><D57/><U111/><E111/><V97/><F17/><W123/><G123/><T125/><D125/><U0/><E11/><V117/><F117/><W78/><G81/><T53/><D53/><U80/><E80/><V91/><REACH who="2" step="1"/><F93/><REACH who="2" ten="441,162,180,207" step="2"/><W49/><G126/><T82/><D24/><U50/><E94/><V114/><F114/><W134/><G127/><T47/><D16/><N who="3" m="6185" /><G134/><T58/><D7/><U42/><E3/><V5/><F5/><W21/><G28/><T122/><D4/><U95/><E29/><V132/><F132/><W71/><G71/><T32/><D122/><U74/><E2/><V99/><F99/><W107/><G107/><T64/><D105/><U75/><E96/><V37/><F37/><W102/><G102/><T70/><D101/><U110/><E103/><V60/><F60/><RYUUKYOKU ba="0,1" sc="441,-15,162,-15,180,15,207,15" hai2="25,31,44,48,52,55,56,61,89,90,91,92,97" hai3="12,15,21,22,49,54,59,76,77,78" /><INIT seed="6,1,1,5,0,60" ten="426,147,195,222" oya="2" hai0="131,38,99,6,71,56,50,32,57,92,119,43,125" hai1="121,103,97,76,17,59,26,86,104,53,135,132,1" hai2="72,54,93,14,68,117,106,134,115,37,116,62,111" hai3="58,12,10,67,123,29,130,36,101,30,126,84,3"/><V75/><F106/><W110/><G110/><T5/><D38/><U52/><E1/><V4/><F37/><W46/><G3/><T122/><D71/><U78/><E121/><V23/><F115/><W55/><G123/><T118/><D122/><U13/><E26/><V102/><F111/><W96/><G130/><T51/><D32/><U18/><E86/><V95/><F134/><W49/><G126/><T94/><D43/><U69/><E69/><V35/><F35/><W63/><G84/><T0/><D0/><U91/><E91/><V41/><F41/><W87/><G87/><T100/><D100/><U11/><E18/><V77/><F77/><W25/><G25/><T47/><D47/><U44/><E44/><V120/><F120/><W98/><G36/><T64/><D64/><U133/><REACH who="1" step="1"/><E59/><REACH who="1" ten="426,137,195,222" step="2"/><V108/><F68/><W89/><G89/><T34/><D34/><U28/><E28/><N who="3" m="10858" /><G101/><T21/><D99/><U127/><E127/><V80/><F108/><W90/><G90/><T81/><D125/><U113/><E113/><V27/><F75/><W105/><G105/><T48/><D57/><U9/><E9/><V82/><F72/><W19/><AGARI ba="1,2" hai="10,12,19,46,49,55,58,63,67,96,98" m="10858" machi="19" ten="30,2000,0" yaku="8,1,52,1" doraHai="60" who="3" fromWho="3" sc="426,-6,137,-6,195,-11,222,43" /><INIT seed="7,0,0,5,0,101" ten="420,131,184,265" oya="3" hai0="83,60,77,20,15,73,135,70,132,12,61,107,92" hai1="25,133,0,32,99,48,51,13,71,129,113,127,122" hai2="16,111,43,108,78,5,98,76,35,81,49,109,34" hai3="21,52,57,117,80,1,33,28,14,124,47,63,41"/><W23/><G117/><T40/><D107/><U86/><E122/><V112/><F112/><W26/><G1/><T9/><D40/><U31/><E113/><V37/><F37/><W84/><G124/><T8/><D20/><U3/><E127/><V42/><F5/><W110/><G110/><T120/><D120/><U90/><E71/><V10/><F98/><W87/><G14/><T72/><D92/><U131/><E99/><V66/><F66/><W106/><G106/><T45/><D45/><U123/><E123/><V11/><F49/><W65/><G65/><T36/><D36/><U4/><E51/><V53/><F53/><W58/><G58/><T79/><D83/><U91/><E48/><V22/><F22/><W96/><G96/><T94/><D94/><U2/><E133/><V46/><F46/><W93/><G93/><T68/><AGARI ba="0,0" hai="8,9,12,15,60,61,68,70,72,73,77,79,132,135" machi="68" ten="25,3200,0" yaku="0,1,22,2" doraHai="101" who="0" fromWho="0" sc="420,32,131,-8,184,-8,265,-16" owari="452,55.0,123,-38.0,176,-22.0,249,5.0" /></mjloggm>