<mjloggm ver="2.3"><GO type="225" lobby="0"/><UN n0="%E3%82%AD%E3%83%B3%E3%82%B0%E3%81%B9%E3%83%92%E3%82%93%E3%82%82%E3%82%B9" n1="%E3%81%AA%E3%81%A3%E3%81%8D%E3%82%8A" n2="%E4%B8%96%E3%82%92%E7%9B%B4%E3%81%99%E8%80%85" n3="%E3%83%88%E3%83%88%E3%83%AA%E5%85%88%E7%94%9F%31%39%E6%AD%B3" dan="16,16,17,18" rate="2146.36,2075.37,2162.67,2267.62" sx="M,M,M,F"/><TAIKYOKU oya="0"/><INIT seed="0,0,0,3,4,10" ten="250,250,250,250" oya="0" hai0="104,30,102,39,8,27,78,83,108,18,116,36,29" hai1="98,109,84,58,56,42,72,62,22,121,57,90,134" hai2="118,48,21,13,44,71,80,60,131,11,112,37,114" hai3="33,87,110,15,7,77,59,75,20,86,70,69,81"/><T92/><D116/><U1/><E72/><V43/><F118/><W91/><G33/><T127/><D127/><U135/><E1/><V55/><F131/><W76/><G110/><T68/><D68/><U17/><E121/><V51/><F21/><W96/><G96/><T106/><D29/><U63/><E98/><V2/><F2/><W38/><G38/><T97/><D92/><N who="1" m="54343" /><E42/><V113/><F80/><W103/><G103/><T129/><D106/><U79/><E79/><V34/><F34/><W117/><G117/><T54/><D129/><U101/><E101/><V123/><F123/><W14/><G75/><T122/><D54/><U94/><E94/><V5/><REACH who="2" step="1"/><F55/><REACH who="2" ten="250,250,240,250" step="2"/><W107/><G20/><T25/><D122/><U49/><E109/><V133/><F133/><N who="1" m="50697" /><E49/><V132/><F132/><W0/><G81/><T66/><D108/><U9/><E9/><V99/><F99/><W4/><G0/><T12/><D39/><U24/><AGARI ba="0,1" hai="17,22,24,56,57,58,62,63" m="50697,54343" machi="24" ten="30,1100,0" yaku="20,1" doraHai="10" who="1" fromWho="1" sc="250,-5,250,21,240,-3,250,-3" /><INIT seed="1,0,0,4,0,15" ten="245,271,237,247" oya="1" hai0="65,38,1,39,4,25,53,63,52,127,20,133,76" hai1="130,129,22,30,114,126,110,67,68,36,104,74,37" hai2="45,132,17,93,58,116,106,56,121,117,131,115,99" hai3="123,135,84,60,7,40,101,55,107,124,119,42,71"/><U3/><RYUUKYOKU type="yao9" ba="0,0" sc="245,0,271,0,237,0,247,0" hai1="3,22,30,36,37,67,68,74,104,110,114,126,129,130" /><INIT seed="1,1,0,3,5,104" ten="245,271,237,247" oya="1" hai0="116,4,123,100,94,134,39,18,97,128,121,43,84" hai1="113,112,61,117,83,81,36,15,125,133,26,40,27" hai2="45,129,57,95,65,14,106,87,91,67,85,92,8" hai3="47,118,11,35,71,3,9,41,31,114,111,78,23"/><U54/><E117/><V42/><F106/><W126/><G114/><T72/><D116/><U53/><E15/><V105/><F105/><W49/><G118/><T115/><D115/><U63/><E40/><V30/><F30/><W135/><G71/><T101/><D4/><U109/><E109/><V17/><F129/><W132/><G35/><T66/><D128/><U32/><E32/><V122/><F122/><N who="0" m="46602" /><D134/><N who="3" m="51241" /><G3/><T50/><D39/><U99/><E133/><V0/><F0/><W127/><G111/><T130/><D66/><U10/><E99/><V119/><F119/><W38/><G78/><T16/><D130/><U64/><E64/><V77/><F57/><W69/><G69/><T96/><D84/><U34/><E34/><V74/><F74/><W48/><G23/><T37/><D37/><U7/><E36/><V82/><REACH who="2" step="1"/><F92/><REACH who="2" ten="245,271,227,247" step="2"/><W33/><G31/><T88/><D72/><U6/><E113/><V80/><F80/><W102/><G33/><T86/><D101/><U2/><E112/><V62/><F62/><W58/><G102/><T19/><D100/><U13/><E2/><V46/><F46/><AGARI ba="1,1" hai="16,18,19,43,46,50,86,88,94,96,97" m="46602" machi="46" ten="30,3900,0" yaku="13,1,54,2" doraHai="104" who="0" fromWho="2" sc="245,52,271,0,227,-42,247,0" /><INIT seed="2,0,0,3,5,37" ten="297,271,185,247" oya="2" hai0="110,16,81,0,49,115,77,19,104,52,21,84,59" hai1="38,60,22,103,31,40,10,119,114,78,11,29,66" hai2="18,6,91,15,65,63,62,95,128,86,113,124,90" hai3="64,48,61,94,105,25,83,99,112,47,135,111,79"/><V92/><F113/><W51/><G105/><T7/><D115/><U8/><E119/><V109/><F124/><W129/><G112/><T45/><D104/><U89/><E114/><V122/><F122/><W26/><G111/><T53/><D110/><U133/><E133/><V46/><F109/><W73/><G129/><T102/><D102/><U130/><E130/><V4/><F128/><W2/><G2/><T3/><D7/><N who="2" m="2602" /><F65/><W30/><G135/><T67/><D67/><U74/><E103/><V55/><F55/><W123/><G123/><T93/><D93/><U20/><E89/><V13/><F46/><W70/><G48/><T69/><D19/><U58/><E78/><V87/><F15/><W120/><G120/><T132/><D69/><U88/><E74/><V131/><F131/><W117/><G117/><T116/><D132/><U56/><E56/><V35/><F35/><W80/><G80/><T97/><D97/><U17/><E38/><V108/><F108/><W33/><G26/><T9/><D9/><AGARI ba="0,0" hai="9,13,18,62,63,86,87,90,91,92,95" m="2602" machi="9" ten="30,1500,0" yaku="8,1" doraHai="37" who="2" fromWho="0" sc="297,-15,271,0,185,15,247,0" /><INIT seed="2,1,0,5,0,34" ten="282,271,200,247" oya="2" hai0="87,46,113,131,48,37,64,9,80,7,111,126,83" hai1="125,23,76,41,106,121,15,18,93,62,118,72,133" hai2="134,112,61,22,100,92,58,40,54,6,19,67,11" hai3="122,94,5,60,79,35,63,71,132,10,120,105,20"/><V128/><F112/><W89/><G35/><T109/><D113/><U130/><E118/><V30/><F128/><W104/><G132/><T52/><D131/><U28/><E130/><V39/><F134/><W29/><G79/><T77/><D126/><U123/><E106/><V74/><F74/><W26/><G104/><T8/><D64/><U3/><E133/><V135/><F135/><W85/><G105/><T24/><D37/><U78/><E125/><V81/><F30/><W101/><G101/><T116/><D116/><U27/><E41/><V32/><F32/><W44/><G44/><T107/><D107/><U86/><E72/><V96/><F81/><W95/><G95/><T102/><D102/><U108/><E108/><N who="0" m="41545" /><D24/><U33/><E62/><V1/><F39/><W13/><REACH who="3" step="1"/><G63/><REACH who="3" ten="282,271,200,237" step="2"/><T99/><D99/><U59/><E78/><V21/><F96/><W82/><G82/><T31/><D80/><N who="1" m="47367" /><E93/><V69/><F92/><W55/><G55/><T75/><D75/><U16/><E123/><V0/><F100/><W49/><G49/><T42/><D42/><U66/><E121/><V17/><F40/><W56/><G56/><T50/><D50/><U97/><E97/><V70/><F69/><W124/><G124/><T114/><D114/><U43/><E43/><V98/><F98/><W2/><G2/><N who="2" m="1129" /><F70/><W65/><AGARI ba="1,1" hai="5,10,13,20,26,29,60,65,71,85,89,94,120,122" machi="65" ten="30,2000,0" yaku="1,1,0,1,53,0" doraHai="34" doraHaiUra="53" who="3" fromWho="3" sc="282,-6,271,-6,200,-11,237,33" /><INIT seed="3,0,0,4,2,92" ten="276,265,189,270" oya="3" hai0="91,66,132,109,1,76,53,10,29,112,17,106,115" hai1="134,117,83,42,101,79,113,2,131,4,95,20,54" hai2="11,25,87,85,55,7,35,74,36,47,108,62,121" hai3="68,45,119,44,5,6,16,69,34,61,93,120,80"/><W24/><G119/><T56/><D106/><U130/><E117/><V104/><F74/><W0/><G120/><T57/><D109/><U48/><E113/><V37/><F108/><W126/><G126/><T73/><D132/><U27/><E42/><V38/><F121/><W52/><G0/><T75/><D29/><U86/><E134/><V78/><F104/><W129/><G129/><N who="1" m="49162" /><E4/><N who="3" m="1642" /><G69/><T99/><D1/><U65/><E65/><V39/><N who="2" m="9728" /><DORA hai="72" /><V41/><F41/><W124/><G68/><T118/><D118/><U49/><E2/><V58/><F47/><W63/><G34/><T64/><D56/><U14/><E14/><V12/><REACH who="2" step="1"/><F78/><REACH who="2" ten="276,265,179,270" step="2"/><W40/><G40/><T33/><D75/><U18/><E54/><V71/><F71/><W43/><G43/><T125/><D76/><U90/><E101/><V111/><F111/><W102/><G45/><T67/><D73/><AGARI ba="0,1" hai="18,20,27,48,49,73,79,83,86,90,95" m="49162" machi="73" ten="30,2000,0" yaku="19,1,52,1" doraHai="92,72" who="1" fromWho="0" sc="276,-20,265,30,179,0,270,0" /><INIT seed="4,0,0,4,3,103" ten="256,295,179,270" oya="0" hai0="77,63,79,100,118,106,17,28,134,135,130,53,20" hai1="76,90,52,111,129,114,121,45,73,94,83,98,109" hai2="68,22,55,110,93,35,10,8,39,60,82,108,58" hai3="4,31,5,65,132,33,32,19,101,87,7,102,74"/><T78/><D118/><U122/><E52/><V61/><F35/><W131/><G74/><T92/><D130/><U81/><E45/><V26/><F39/><W40/><G131/><T117/><D117/><U24/><E24/><V50/><F110/><N who="1" m="41993" /><E129/><V25/><F108/><W69/><G132/><N who="0" m="50731" /><D28/><U64/><E64/><V42/><F68/><W51/><G31/><T6/><D6/><U13/><E13/><V15/><F10/><W75/><G75/><T27/><D92/><U12/><E12/><V80/><F93/><W127/><G127/><T43/><D43/><U11/><E11/><V84/><F82/><W66/><G19/><T105/><D100/><N who="1" m="60503" /><E114/><V3/><F3/><W72/><G33/><T70/><D53/><U59/><E59/><V29/><F42/><W37/><G5/><T1/><D1/><U88/><E83/><V96/><F96/><W23/><G7/><T34/><D34/><U67/><E67/><AGARI ba="0,0" hai="17,20,27,63,67,70,77,78,79,105,106" m="50731" machi="67" ten="30,5800,0" yaku="20,1,52,2" doraHai="103" who="0" fromWho="1" sc="256,58,295,-58,179,0,270,0" owari="314,41.0,237,-16.0,179,-32.0,270,7.0" /></mjloggm>