<mjloggm ver="2.3"><GO type="97" lobby="0"/><UN n0="%E3%83%9F%E3%83%83%E3%82%B7%E3%82%A3" n1="%E5%B0%B1%E6%B4%BB%E7%94%9F%40%E5%B7%9D%E6%9D%91%E8%BB%8D%E5%9B%A3" n2="%E3%83%99%E3%83%AB%E3%83%88%E3%83%AD" n3="%E7%BE%BD%E7%94%9F%E5%85%AB%E5%86%A0" dan="14,16,14,14" rate="1951.01,2105.23,1958.68,1947.58" sx="M,M,F,M"/><TAIKYOKU oya="0"/><INIT seed="0,0,0,5,2,27" ten="250,250,250,250" oya="0" hai0="106,124,120,22,45,48,78,88,64,74,41,97,5" hai1="34,95,73,39,96,62,61,28,114,126,129,38,37" hai2="46,11,85,87,91,113,116,31,58,29,84,51,33" hai3="30,0,57,14,2,90,76,107,43,25,10,53,42"/><T21/><D120/><U127/><E73/><V99/><F33/><W135/><G135/><T13/><D124/><N who="1" m="47659" /><E129/><V19/><F113/><W60/><G76/><T79/><D64/><U16/><E114/><V130/><F130/><W118/><G118/><T6/><D74/><U122/><E122/><V18/><F58/><W72/><G72/><T104/><D106/><U117/><E117/><V50/><F116/><W133/><G133/><T52/><D104/><U119/><E119/><V8/><F99/><W111/><G111/><T1/><D1/><U81/><E81/><V20/><F91/><W123/><G123/><T56/><D6/><U125/><E125/><V67/><F67/><W55/><G107/><T115/><D21/><U101/><E16/><N who="2" m="6187" /><F20/><N who="3" m="15655" /><G2/><T40/><D40/><N who="3" m="15401" /><G0/><T36/><D115/><U131/><E131/><V3/><F3/><W82/><G82/><T110/><D110/><U49/><E49/><N who="2" m="18443" /><F46/><W44/><G90/><T32/><D32/><U24/><AGARI ba="0,0" hai="24,28,34,37,38,39,61,62,95,96,101" m="47659" machi="24" ten="40,2700,0" yaku="18,1,52,1" doraHai="27" who="1" fromWho="1" sc="250,-13,250,27,250,-7,250,-7" /><INIT seed="1,0,0,0,3,25" ten="237,277,243,243" oya="1" hai0="6,40,30,93,71,45,124,99,106,26,130,28,85" hai1="32,38,82,29,59,58,134,53,41,1,78,35,88" hai2="91,64,44,107,102,9,113,70,118,115,72,120,14" hai3="65,54,122,42,69,86,8,131,13,92,97,110,22"/><U12/><E1/><V46/><F72/><W31/><G122/><T34/><D124/><U3/><E3/><V109/><F120/><W48/><G131/><T2/><D130/><U37/><E134/><V57/><F118/><W135/><G110/><T55/><D55/><U121/><E121/><V74/><F74/><W17/><G135/><T33/><D85/><U73/><E58/><V76/><F76/><W16/><G69/><T112/><D93/><U89/><E12/><V62/><F109/><W27/><G65/><T4/><D112/><U105/><E105/><V84/><F102/><N who="3" m="60711" /><G86/><T133/><D133/><U79/><E79/><V23/><F107/><W67/><G67/><T61/><D2/><U90/><E41/><V83/><F23/><W10/><G42/><T100/><D45/><U47/><E47/><V24/><F24/><W108/><G108/><T66/><D40/><U43/><E43/><V0/><F0/><W104/><G104/><T19/><D19/><N who="3" m="7241" /><G13/><T101/><D101/><U56/><E56/><AGARI ba="0,0" hai="8,10,22,27,31,48,54,56" m="7241,60711" machi="56" ten="30,3900,0" yaku="8,1,52,1,54,1" doraHai="25" who="3" fromWho="1" sc="237,0,277,-39,243,0,243,39" /><INIT seed="2,0,0,5,1,114" ten="237,238,243,282" oya="2" hai0="26,74,58,48,101,124,60,63,31,80,108,43,93" hai1="118,5,52,51,126,28,47,96,67,21,120,62,10" hai2="70,75,82,119,90,72,37,59,68,23,7,44,98" hai3="2,36,79,76,32,116,66,16,132,81,111,57,99"/><V46/><F7/><W30/><G36/><T92/><D108/><U125/><E120/><V105/><F105/><W77/><G111/><T14/><D124/><N who="1" m="47723" /><E96/><V89/><F23/><W53/><G2/><T128/><D128/><U131/><E131/><V25/><F25/><W3/><G132/><T134/><D134/><U97/><E97/><V12/><F12/><W29/><G3/><T45/><D74/><U61/><E118/><V112/><F98/><W33/><G116/><T104/><D104/><U113/><E113/><V88/><F112/><W38/><G38/><T102/><D80/><U78/><E78/><N who="3" m="19970" /><W11/><DORA hai="6" /><G33/><T56/><D14/><N who="1" m="5455" /><E67/><V8/><F90/><W83/><G66/><N who="0" m="39175" /><D26/><AGARI ba="0,0" hai="21,26,28,47,51,52,61,62" m="5455,47723" machi="26" ten="30,3900,0" yaku="18,1,52,1,54,1" doraHai="114,6" who="1" fromWho="0" sc="237,-39,238,39,243,0,282,0" /><INIT seed="3,0,0,3,2,124" ten="198,277,243,282" oya="3" hai0="132,82,8,134,131,128,117,63,69,83,71,109,89" hai1="0,49,96,81,53,113,28,5,77,54,3,39,23" hai2="105,12,101,16,78,50,79,121,66,102,61,70,91" hai3="45,135,133,17,99,24,31,26,72,93,125,107,29"/><W51/><G107/><T97/><D8/><U42/><E113/><V38/><F38/><W62/><G125/><T112/><D63/><U84/><E39/><V92/><F121/><W32/><G72/><T95/><D112/><U57/><E42/><V129/><F105/><W103/><G17/><T6/><D6/><U22/><E96/><V115/><F115/><W108/><G108/><T122/><D109/><U85/><E5/><V114/><F114/><W126/><G126/><T120/><D117/><U67/><E67/><V52/><F79/><W75/><G75/><T15/><D15/><U118/><E118/><V94/><F78/><W48/><G62/><T98/><D89/><U27/><E23/><V21/><F94/><AGARI ba="0,0" hai="69,71,82,83,94,95,97,98,120,122,128,131,132,134" machi="94" ten="25,6400,0" yaku="22,2,52,2" doraHai="124" who="0" fromWho="2" sc="198,64,277,0,243,-64,282,0" /><INIT seed="4,0,0,2,2,60" ten="262,277,179,282" oya="0" hai0="120,18,58,130,12,66,35,44,123,97,107,25,37" hai1="53,59,67,109,43,122,100,3,27,45,24,99,30" hai2="1,106,7,91,71,62,68,132,79,88,80,22,92" hai3="13,64,73,133,76,112,82,65,26,15,6,111,110"/><T4/><D130/><U21/><E109/><V8/><F106/><W116/><G116/><T36/><D4/><U105/><E122/><V11/><F11/><W40/><G40/><T47/><D25/><U54/><E3/><V10/><F10/><W49/><G112/><T127/><D35/><U41/><E27/><V46/><F46/><W34/><G133/><T121/><D127/><U104/><E104/><V101/><F101/><W38/><G38/><T2/><D2/><U0/><E0/><V131/><F131/><W81/><G49/><T57/><D37/><U33/><E33/><V87/><F91/><W114/><G114/><T23/><D36/><U31/><E31/><V56/><F22/><W63/><G6/><T70/><D70/><U5/><E5/><V108/><F108/><W124/><G124/><T118/><D118/><U96/><E96/><V19/><F19/><W74/><G34/><T85/><D85/><U126/><E126/><V28/><F28/><W135/><G26/><T29/><D29/><U16/><E30/><V51/><F51/><W125/><G125/><T39/><D39/><U98/><E98/><V20/><F20/><W89/><G135/><T75/><D75/><U69/><E69/><V17/><F17/><W83/><G83/><T128/><D128/><U94/><E105/><V9/><F9/><W103/><G103/><N who="0" m="62959" /><D57/><U55/><E45/><V52/><REACH who="2" step="1"/><F132/><REACH who="2" ten="262,277,169,282" step="2"/><W14/><G111/><T90/><D90/><U78/><E78/><V86/><AGARI ba="0,1" hai="1,7,8,52,56,62,68,71,79,80,86,87,88,92" machi="86" ten="20,12000,2" yaku="1,1,2,1,0,1,7,1,54,2,53,0" doraHai="60" doraHaiUra="117" who="2" fromWho="2" sc="262,-60,277,-30,169,130,282,-30" /><INIT seed="5,0,0,1,0,79" ten="202,247,299,252" oya="1" hai0="75,104,102,3,65,62,40,33,77,36,20,66,0" hai1="22,112,117,81,45,121,135,49,134,69,106,25,1" hai2="115,21,74,131,60,35,127,78,91,92,95,38,15" hai3="12,98,87,54,43,59,99,80,93,18,37,29,96"/><U110/><E117/><V94/><F38/><W51/><G29/><T114/><D20/><U57/><E121/><V10/><F35/><W90/><G37/><T48/><D48/><U42/><E69/><V13/><F131/><W64/><G43/><T34/><D66/><U107/><E1/><N who="0" m="585" /><D114/><U125/><E112/><V9/><F115/><W19/><G64/><T26/><D26/><U100/><E110/><V113/><F113/><W67/><G67/><T126/><D126/><U111/><E111/><V24/><F60/><W103/><REACH who="3" step="1"/><G19/><REACH who="3" ten="202,247,299,242" step="2"/><T124/><D124/><U122/><E125/><V71/><F127/><W133/><G133/><N who="1" m="50698" /><E122/><V119/><F119/><W84/><G84/><T32/><D65/><U130/><E130/><V16/><F71/><W14/><G14/><T39/><D62/><U41/><E41/><V23/><F24/><W105/><G105/><T47/><D39/><U6/><E107/><V7/><REACH who="2" step="1"/><F91/><REACH who="2" ten="202,247,289,242" step="2"/><W109/><G109/><T128/><D128/><U4/><E100/><V27/><F27/><W116/><G116/><T89/><D89/><U120/><E120/><V86/><F86/><W73/><G73/><T55/><D55/><U72/><E72/><V76/><F76/><W88/><G88/><T108/><D108/><U132/><E132/><V52/><F52/><W70/><G70/><T11/><D11/><AGARI ba="0,2" hai="11,12,18,51,54,59,80,87,90,93,96,98,99,103" machi="11" ten="30,8000,1" yaku="1,1,7,1,8,1,52,1,53,1" doraHai="79" doraHaiUra="97" who="3" fromWho="0" sc="202,-80,247,0,289,0,242,100" owari="122,-38.0,247,-15.0,289,9.0,342,44.0" /></mjloggm>