<mjloggm ver="2.3"><GO type="97" lobby="0"/><UN n0="%E3%83%B4%E3%82%A3%E3%83%B4%E3%82%A3%E3%82%A2%E3%83%B3" n1="%E5%B0%B1%E6%B4%BB%E7%94%9F%40%E5%B7%9D%E6%9D%91%E8%BB%8D%E5%9B%A3" n2="%E3%81%84%E3%81%A3%E3%81%9F%E3%82%93" n3="%E3%81%AE%E3%81%82%E3%81%B1%E3%81%B1" dan="14,14,13,13" rate="1963.82,1934.72,1891.10,1914.22" sx="M,M,M,M"/><TAIKYOKU oya="0"/><INIT seed="0,0,0,4,3,33" ten="250,250,250,250" oya="0" hai0="23,79,45,111,3,19,25,104,115,127,32,42,57" hai1="134,39,101,18,59,94,125,47,81,34,6,85,49" hai2="69,129,29,66,110,90,133,92,98,76,123,64,113" hai3="10,78,48,131,30,55,84,107,77,56,13,43,68"/><T112/><D104/><U60/><E34/><V65/><F113/><W121/><G68/><T130/><D79/><U89/><E39/><V28/><F123/><W117/><G117/><T16/><D32/><U102/><E125/><V38/><F110/><W67/><G121/><T108/><D127/><U2/><E134/><V105/><F129/><W50/><G107/><T4/><D57/><U70/><E70/><V109/><F109/><N who="0" m="42058" /><D130/><U82/><E6/><V46/><F133/><W54/><G30/><T17/><D45/><U103/><E18/><N who="0" m="7273" /><D42/><N who="1" m="24823" /><E2/><V122/><F122/><W120/><G131/><T1/><D4/><U87/><E87/><V100/><F69/><W118/><G118/><T80/><D80/><U75/><E75/><V73/><F73/><W11/><G120/><T106/><D106/><U132/><E132/><V93/><F76/><W41/><G67/><AGARI ba="0,0" hai="59,60,67,81,82,85,89,94,101,102,103" m="24823" machi="67" ten="30,1000,0" yaku="8,1" doraHai="33" who="1" fromWho="3" sc="250,0,250,10,250,0,250,-10" /><INIT seed="1,0,0,5,4,64" ten="250,260,250,240" oya="1" hai0="0,45,65,103,82,55,83,108,11,135,5,61,79" hai1="123,72,130,67,80,35,49,15,70,90,31,43,77" hai2="8,116,25,102,84,121,52,71,40,101,9,127,111" hai3="112,42,69,88,20,119,98,109,91,23,34,63,33"/><U22/><E123/><V47/><F121/><W75/><G75/><T92/><D108/><U110/><E110/><V66/><F111/><W4/><G109/><T86/><D135/><U54/><E130/><V50/><F116/><W58/><G119/><T73/><D103/><N who="2" m="39434" /><F71/><W76/><G76/><T126/><D126/><U29/><E35/><V26/><F66/><W48/><G112/><T68/><D92/><U2/><E2/><V14/><F127/><W36/><G4/><T39/><D55/><U18/><E43/><V6/><F9/><W10/><G10/><T87/><REACH who="0" step="1"/><D83/><REACH who="0" ten="240,260,250,240" step="2"/><U56/><REACH who="1" step="1"/><E90/><REACH who="1" ten="240,250,250,240" step="2"/><V51/><F40/><AGARI ba="0,2" hai="0,5,11,39,40,45,61,65,68,73,79,82,86,87" machi="40" ten="40,8000,1" yaku="1,1,2,1,25,2,52,1,53,0" doraHai="64" doraHaiUra="93" who="0" fromWho="2" sc="240,100,250,0,250,-80,240,0" /><INIT seed="2,0,0,1,2,108" ten="340,250,170,240" oya="2" hai0="30,126,48,59,72,50,78,19,34,85,109,102,117" hai1="62,46,8,58,22,82,99,98,35,133,4,20,29" hai2="81,95,128,127,101,125,51,47,21,17,124,90,105" hai3="76,113,28,107,10,2,14,37,84,52,86,68,16"/><V1/><F1/><W91/><G68/><T103/><D72/><U93/><E133/><V96/><F128/><W65/><G37/><T79/><D109/><U11/><E35/><V83/><F105/><W24/><G107/><T26/><D126/><U73/><E73/><V92/><F92/><W134/><G134/><T116/><D19/><U27/><E82/><V0/><F101/><N who="0" m="38410" /><D85/><U87/><E46/><V36/><F36/><W77/><G65/><T115/><D115/><U55/><E22/><V39/><F39/><W66/><G66/><T12/><D12/><N who="1" m="5127" /><E11/><V69/><F0/><W123/><G123/><T42/><D42/><U32/><E32/><V56/><F56/><W114/><G2/><T41/><D41/><U121/><E121/><V94/><F94/><N who="3" m="54631" /><G86/><T53/><D50/><U40/><E40/><N who="2" m="25063" /><F69/><W18/><G18/><T67/><D67/><U44/><E44/><V70/><F70/><W112/><G52/><T57/><D57/><U49/><E62/><V118/><F118/><AGARI ba="0,0" hai="26,30,34,48,53,59,78,79,116,117,118" m="38410" machi="118" ten="30,1000,0" yaku="12,1" doraHai="108" who="0" fromWho="2" sc="340,10,250,0,170,-10,240,0" /><INIT seed="3,0,0,5,4,68" ten="350,250,160,240" oya="3" hai0="17,48,50,6,118,95,20,10,113,21,19,86,108" hai1="79,126,109,29,1,36,80,100,24,119,75,124,8" hai2="87,112,41,55,16,59,92,46,77,88,37,101,0" hai3="90,71,93,43,39,129,52,23,76,107,33,64,102"/><W83/><G33/><T99/><D118/><U66/><E119/><V104/><F112/><W111/><G129/><T47/><D108/><U98/><E109/><V25/><F0/><W28/><G39/><T7/><D113/><U115/><E115/><V110/><F110/><W132/><G111/><T106/><D86/><U61/><E36/><V82/><F104/><W9/><G43/><T42/><D106/><U38/><E38/><V121/><F101/><W134/><G9/><T81/><D81/><U44/><E44/><V14/><F25/><W128/><G128/><T96/><D50/><U127/><E8/><V54/><F59/><W89/><G71/><T27/><D10/><U116/><E116/><V105/><F105/><W63/><G64/><T62/><D62/><U60/><E1/><V103/><F103/><W57/><G90/><N who="0" m="55415" /><D99/><U94/><E66/><V78/><F121/><W11/><G11/><T22/><D22/><AGARI ba="0,0" hai="22,24,29,60,61,75,79,80,94,98,100,124,126,127" machi="22" ten="40,1300,0" yaku="18,1" doraHai="68" who="1" fromWho="0" sc="350,-13,250,13,160,0,240,0" owari="337,44.0,263,6.0,160,-34.0,240,-16.0" /></mjloggm>