<mjloggm ver="2.3"><GO type="169" lobby="0"/><UN n0="%E3%83%90%E3%82%A4%E3%82%A2%E3%83%A9%E3%83%B3" n1="%63%69%73%63%69%73" n2="%E3%81%BE%E3%83%BC%E3%81%95%EF%BC%A0%EF%BC%92%EF%BC%91" n3="%E3%82%A6%E3%83%AB%E3%83%88%E3%83%A9%E7%AB%8B%E7%9B%B4" dan="18,16,17,17" rate="2185.24,2144.88,2155.88,2131.67" sx="M,M,M,M"/><TAIKYOKU oya="0"/><INIT seed="0,0,0,2,1,0" ten="250,250,250,250" oya="0" hai0="2,14,128,29,21,16,44,110,101,41,58,99,80" hai1="106,25,95,8,42,96,12,88,125,63,117,70,1" hai2="60,36,134,32,64,45,20,67,83,68,111,24,35" hai3="18,3,57,113,54,79,28,15,121,51,69,133,116"/><T19/><D128/><U72/><E117/><V100/><F111/><W26/><G116/><T59/><D2/><U71/><E125/><V89/><F134/><W135/><G113/><T85/><D29/><U81/><E1/><V119/><F119/><W114/><G114/><T38/><D19/><U109/><E109/><V78/><F100/><W115/><G115/><T92/><REACH who="0" step="1"/><D110/><REACH who="0" ten="240,250,250,250" step="2"/><U102/><E42/><V61/><F35/><N who="3" m="20887" /><G3/><T9/><D9/><U66/><E70/><V87/><F32/><W30/><G30/><T56/><D56/><U48/><E71/><V62/><F68/><W53/><G57/><T130/><D130/><U97/><E8/><V39/><F45/><W31/><G18/><T105/><D105/><U98/><E106/><V73/><F64/><W93/><G31/><T77/><AGARI ba="0,1" hai="14,16,21,38,41,44,58,59,77,80,85,92,99,101" machi="77" ten="20,7800,0" yaku="1,1,0,1,7,1,54,1,53,0" doraHai="0" doraHaiUra="124" who="0" fromWho="0" sc="240,88,250,-26,250,-26,250,-26" /><INIT seed="0,1,0,3,1,128" ten="328,224,224,224" oya="0" hai0="22,123,55,118,53,19,50,93,134,38,101,52,48" hai1="116,115,71,37,11,15,88,64,85,125,45,61,49" hai2="107,83,114,5,110,98,7,135,82,23,28,18,112" hai3="14,29,44,57,126,1,12,41,103,63,59,47,0"/><T129/><D129/><U91/><E116/><V121/><F121/><W40/><G29/><T124/><D118/><U131/><E131/><V92/><F107/><W113/><G103/><T4/><D38/><U119/><E119/><V46/><F110/><W86/><G86/><T122/><D134/><U130/><E130/><V81/><F28/><W36/><G126/><T69/><D69/><U109/><E109/><V79/><F79/><W35/><G35/><T104/><D104/><U3/><E3/><V75/><F75/><W32/><G32/><T87/><D124/><U84/><E125/><V2/><F2/><W39/><REACH who="3" step="1"/><G63/><REACH who="3" ten="328,224,224,214" step="2"/><T66/><D101/><U67/><E115/><AGARI ba="1,1" hai="0,1,12,14,36,39,40,41,44,47,57,59,113,115" machi="115" ten="25,6400,0" yaku="1,1,2,1,22,2,53,0" doraHai="128" doraHaiUra="62" who="3" fromWho="1" sc="328,0,224,-67,224,0,214,77" /><INIT seed="1,0,0,3,4,2" ten="328,157,224,291" oya="1" hai0="21,130,31,16,37,38,52,35,32,70,3,29,59" hai1="108,122,73,53,113,56,90,126,110,84,80,98,40" hai2="132,41,129,28,44,61,45,57,20,17,103,121,102" hai3="85,77,120,62,13,25,128,79,66,78,67,76,69"/><U12/><E122/><V47/><F132/><W123/><G128/><T14/><D70/><U125/><E113/><V19/><F129/><W71/><G25/><T112/><D112/><U75/><E40/><V15/><F121/><W134/><G134/><T87/><D3/><U94/><E12/><V7/><F41/><W100/><G100/><T72/><D72/><N who="1" m="27723" /><E56/><V10/><F28/><W93/><G13/><T135/><D31/><U104/><E53/><V63/><F63/><W127/><G67/><T9/><D130/><U58/><E58/><V54/><REACH who="2" step="1"/><F19/><REACH who="2" ten="328,157,214,291" step="2"/><W68/><G62/><T51/><D29/><U65/><E65/><V30/><F30/><W74/><G66/><T111/><D135/><U95/><E104/><V55/><F55/><W1/><G123/><T26/><D52/><U89/><E95/><V60/><F60/><W124/><G120/><T8/><D16/><U34/><E34/><V106/><F106/><W50/><G50/><T131/><D51/><U83/><E83/><V81/><F81/><W116/><G69/><T115/><D32/><U105/><E105/><V117/><F117/><W64/><G116/><T49/><D35/><U18/><E18/><V96/><F96/><W4/><G64/><T27/><D131/><U119/><E119/><V91/><F91/><N who="3" m="53487" /><G68/><T33/><D33/><U39/><E39/><V36/><F36/><W22/><G71/><T86/><D37/><U0/><E0/><AGARI ba="0,1" hai="0,7,10,15,17,20,44,45,47,54,57,61,102,103" machi="0" ten="40,2600,0" yaku="1,1,52,1,53,0" doraHai="2" doraHaiUra="101" who="2" fromWho="1" sc="328,0,157,-26,214,36,291,0" /><INIT seed="2,0,0,4,3,101" ten="328,131,250,291" oya="2" hai0="102,56,98,6,67,117,91,31,121,90,28,87,81" hai1="7,76,63,89,95,118,83,37,4,49,22,60,19" hai2="66,65,2,51,105,44,86,30,104,27,85,130,69" hai3="107,122,53,112,119,14,21,38,52,42,39,1,126"/><V110/><F2/><W12/><G1/><T16/><D121/><U9/><E37/><V92/><F130/><W8/><G119/><T32/><D6/><U70/><E118/><V73/><F73/><W15/><G122/><T84/><D32/><U20/><E49/><V24/><F110/><W96/><G21/><T120/><D120/><U79/><E70/><V93/><F69/><W59/><G42/><T74/><D74/><U35/><E35/><V46/><F51/><W125/><G8/><T17/><D67/><U26/><E22/><V11/><F11/><W10/><G10/><T29/><D56/><U77/><E83/><V41/><F41/><W75/><G75/><T78/><D117/><U13/><REACH who="1" step="1"/><E4/><REACH who="1" ten="328,121,250,291" step="2"/><V127/><REACH who="2" step="1"/><F30/><REACH who="2" ten="328,121,240,291" step="2"/><W82/><G39/><T135/><D31/><U23/><E23/><V116/><F116/><W133/><G38/><T97/><D28/><U36/><E36/><V57/><F57/><W0/><G59/><T114/><D29/><U132/><E132/><V43/><F43/><W34/><G133/><T111/><D135/><U54/><E54/><V61/><F61/><W80/><G52/><T3/><D111/><U5/><E5/><V113/><F113/><W71/><G53/><T128/><D114/><U45/><E45/><V99/><F99/><AGARI ba="0,2" hai="7,9,13,19,20,26,60,63,76,77,79,89,95,99" machi="99" ten="40,2600,0" yaku="1,1,8,1,53,0" doraHai="101" doraHaiUra="47" who="1" fromWho="2" sc="328,0,121,46,240,-26,291,0" /><INIT seed="3,0,0,4,3,15" ten="328,167,214,291" oya="3" hai0="107,76,121,126,132,91,130,42,38,19,4,21,63" hai1="11,104,96,93,119,57,31,54,36,13,97,44,77" hai2="78,34,20,105,112,22,99,79,12,59,100,3,40" hai3="49,5,1,81,48,35,37,60,70,128,69,113,52"/><W103/><G37/><T43/><D132/><U9/><E119/><V23/><F112/><W6/><G35/><T127/><D130/><U67/><E31/><V28/><F3/><W108/><G113/><T46/><D107/><U50/><E77/><V115/><F115/><W122/><G122/><T131/><D131/><U25/><E25/><V83/><F40/><W10/><G128/><T73/><D42/><U24/><E24/><V116/><F116/><W74/><G6/><T102/><D102/><U117/><E117/><V62/><F79/><W29/><G29/><T106/><D106/><U135/><E135/><V56/><F56/><W125/><G49/><T39/><D4/><U134/><E134/><V85/><F34/><W51/><G48/><N who="0" m="26719" /><D91/><U0/><E0/><V101/><F101/><W71/><G103/><T80/><D63/><U84/><E9/><V72/><F28/><W55/><G108/><T53/><D53/><U124/><E104/><V8/><F72/><W2/><G2/><T7/><D7/><U16/><E124/><N who="0" m="47657" /><D121/><U90/><E36/><V120/><F120/><W26/><G60/><AGARI ba="0,0" hai="11,13,16,44,50,54,57,60,67,84,90,93,96,97" machi="60" ten="40,5200,0" yaku="8,1,52,1,54,1" doraHai="15" who="1" fromWho="3" sc="328,0,167,52,214,0,291,-52" /><INIT seed="4,0,0,1,2,130" ten="328,219,214,239" oya="0" hai0="117,76,100,79,21,50,60,1,35,131,41,118,67" hai1="39,14,38,135,111,16,108,46,10,62,126,106,54" hai2="75,92,32,132,125,81,78,91,57,122,97,4,11" hai3="113,27,77,73,31,114,0,61,101,33,98,120,124"/><T71/><D131/><U109/><E106/><V86/><F125/><W7/><G124/><T96/><D1/><U34/><E126/><V43/><F122/><W94/><G120/><T2/><D2/><U68/><E34/><V22/><F32/><W51/><G51/><T24/><D41/><U115/><E115/><N who="3" m="44042" /><G61/><T99/><D99/><U3/><E3/><V40/><F22/><W133/><G7/><T87/><D50/><U52/><E135/><V63/><F132/><W70/><G70/><T42/><D42/><U102/><E102/><V6/><F75/><W116/><G0/><T12/><D12/><U123/><E123/><V121/><F121/><W53/><G53/><T9/><D9/><U5/><E5/><N who="2" m="2155" /><F11/><W47/><G47/><T23/><D23/><U95/><E95/><V112/><F112/><W44/><G44/><T65/><D65/><AGARI ba="0,0" hai="40,43,57,63,65,78,81,86,91,92,97" m="2155" machi="65" ten="30,1000,0" yaku="8,1" doraHai="130" who="2" fromWho="0" sc="328,-10,219,0,214,10,239,0" /><INIT seed="5,0,0,0,2,72" ten="318,219,224,239" oya="1" hai0="133,104,126,62,32,22,129,36,45,90,1,17,19" hai1="35,29,130,118,135,102,33,108,125,58,56,74,52" hai2="71,117,28,80,34,109,3,66,51,54,81,9,37" hai3="59,24,53,124,131,94,42,16,70,116,96,18,89"/><U122/><E118/><V6/><F117/><W87/><G70/><T92/><D32/><U21/><E122/><V39/><F109/><W100/><G116/><T67/><D126/><U132/><E108/><V49/><F49/><W26/><G124/><T97/><D129/><U48/><E125/><V13/><F3/><W119/><G42/><T82/><D1/><U10/><E130/><V47/><F28/><W83/><G131/><T106/><D17/><N who="3" m="6761" /><G119/><T77/><D45/><U95/><E74/><V4/><F4/><W64/><G64/><T25/><D133/><N who="1" m="51275" /><E10/><V2/><F34/><N who="1" m="12809" /><E58/><V111/><F2/><W61/><AGARI ba="0,0" hai="24,26,53,59,61,83,87,89,94,96,100" m="6761" machi="61" ten="30,2000,0" yaku="8,1,54,1" doraHai="72" who="3" fromWho="3" sc="318,-5,219,-10,224,-5,239,20" /><INIT seed="6,0,0,1,5,44" ten="313,209,219,259" oya="2" hai0="123,88,69,52,2,120,104,111,87,9,57,56,26" hai1="27,0,101,10,118,91,131,63,68,40,51,75,70" hai2="115,117,29,41,30,105,77,38,67,127,96,125,73" hai3="71,121,84,76,128,50,31,34,42,109,83,116,46"/><V55/><F117/><W64/><G109/><T20/><D104/><U93/><E118/><V130/><F115/><W108/><G108/><T122/><D69/><N who="1" m="26731" /><E75/><V85/><F67/><W92/><G121/><T62/><D111/><U114/><E27/><V65/><F65/><W45/><G128/><T4/><D57/><U126/><E114/><V95/><F130/><W37/><G116/><T17/><D122/><U35/><E35/><V100/><F55/><W33/><G31/><T54/><D54/><U43/><E101/><V66/><F66/><W132/><G132/><T15/><D26/><U1/><E63/><V23/><F23/><W47/><G47/><T79/><D79/><U106/><E106/><V22/><F41/><W61/><REACH who="3" step="1"/><G92/><AGARI ba="0,0" hai="2,4,9,15,17,20,52,56,62,87,88,92,120,123" machi="92" ten="30,3900,0" yaku="7,1,54,2" doraHai="44" who="0" fromWho="3" sc="313,39,209,0,219,0,259,-39" /><INIT seed="7,0,0,2,5,105" ten="352,209,219,220" oya="3" hai0="21,49,27,62,74,94,125,2,54,20,30,71,55" hai1="67,47,106,85,86,123,132,115,70,110,77,24,10" hai2="73,124,66,14,65,131,114,38,16,39,0,37,96" hai3="11,100,19,1,48,75,69,6,92,57,15,80,22"/><W88/><G69/><T42/><D74/><U113/><E110/><V89/><F73/><W63/><G100/><T32/><D2/><U43/><E123/><V64/><F0/><W3/><G48/><T34/><D55/><U83/><E132/><V130/><F114/><N who="1" m="43529" /><E106/><V117/><F117/><W97/><G80/><T76/><D94/><U118/><E118/><V13/><F124/><W46/><G46/><T29/><D20/><U121/><E121/><V59/><F59/><W99/><G99/><T45/><D76/><U112/><N who="1" m="43537" /><U90/><DORA hai="40" /><E10/><V135/><F135/><W58/><G58/><T41/><D45/><U133/><E133/><V103/><F89/><W107/><G75/><T93/><D49/><N who="1" m="26879" /><E24/><V98/><F14/><W12/><G107/><T127/><D27/><U72/><E90/><V25/><F25/><W134/><G134/><T128/><D30/><U28/><E28/><V18/><F103/><W53/><AGARI ba="0,0" hai="1,3,6,11,12,15,19,22,53,57,63,88,92,97" machi="53" ten="20,3900,0" yaku="0,1,7,1,54,1" doraHai="105,40" who="3" fromWho="3" sc="352,-13,209,-13,219,-13,220,39" /><INIT seed="7,1,0,1,4,12" ten="339,196,206,259" oya="3" hai0="79,80,101,95,71,3,58,122,72,56,23,129,9" hai1="4,1,22,93,124,66,134,105,102,126,98,94,15" hai2="89,21,115,97,36,38,112,113,20,37,26,100,67" hai3="2,77,92,59,28,110,63,11,90,50,74,85,51"/><W6/><G110/><T43/><D71/><U130/><E134/><V48/><F67/><W114/><G114/><T106/><D23/><U84/><E130/><V45/><F89/><W83/><REACH who="3" step="1"/><G28/><REACH who="3" ten="339,196,206,249" step="2"/><T131/><D131/><U99/><E1/><V16/><F115/><W13/><G13/><T24/><D3/><U60/><E84/><V86/><F86/><W73/><G73/><T31/><D72/><U46/><E46/><V42/><F113/><W81/><G81/><T125/><D80/><U128/><E128/><V47/><F112/><W5/><G5/><T41/><D129/><U75/><E75/><V120/><F47/><W78/><G78/><T0/><D31/><U119/><E119/><V29/><F120/><W135/><G135/><T7/><D79/><U108/><E108/><V96/><REACH who="2" step="1"/><F100/><REACH who="2" ten="339,196,196,249" step="2"/><W34/><G34/><T19/><D101/><U14/><E102/><V25/><AGARI ba="1,2" hai="16,20,21,25,26,29,36,37,38,42,45,48,96,97" machi="25" ten="40,8000,1" yaku="1,1,2,1,0,1,52,1,54,1,53,0" doraHai="12" doraHaiUra="35" who="2" fromWho="2" sc="339,-21,196,-21,196,103,249,-41" owari="318,41.0,175,-32.0,299,10.0,208,-19.0" /></mjloggm>