<mjloggm ver="2.3"><GO type="169" lobby="0"/><UN n0="%36%31%2E%38%EF%BC%85" n1="%35%79%61" n2="%E3%82%A6%E3%83%AB%E3%83%88%E3%83%A9%E7%AB%8B%E7%9B%B4" n3="%E8%B3%A2%E8%80%85%E3%81%AC%E3%81%93" dan="17,16,17,16" rate="2190.34,2126.33,2142.57,2048.67" sx="M,M,M,F"/><TAIKYOKU oya="0"/><INIT seed="0,0,0,2,4,46" ten="250,250,250,250" oya="0" hai0="15,34,131,102,88,51,122,72,47,80,105,68,20" hai1="120,4,7,99,118,74,123,42,73,36,50,18,89" hai2="17,58,30,97,62,111,31,91,37,96,1,29,33" hai3="100,86,85,107,128,125,78,32,38,115,87,0,135"/><T106/><D122/><U13/><E118/><V95/><F37/><W104/><G38/><T75/><D34/><U109/><E109/><V93/><F1/><W57/><G0/><T2/><D2/><U130/><E130/><V76/><F76/><W26/><G115/><T55/><D68/><U35/><E35/><V126/><F111/><W82/><G128/><T5/><D131/><U92/><E36/><V69/><F69/><W117/><G117/><T124/><D124/><U10/><E123/><V90/><F126/><W63/><G125/><T49/><D105/><U19/><E120/><V121/><F121/><W3/><G3/><T6/><D6/><N who="1" m="2091" /><E73/><V16/><REACH who="2" step="1"/><F33/><REACH who="2" ten="250,250,240,250" step="2"/><W56/><G78/><T41/><D75/><U108/><E74/><V84/><F84/><W25/><G86/><N who="0" m="50247" /><D72/><U114/><E108/><V43/><F43/><W101/><G32/><T103/><D106/><U67/><E114/><V8/><F8/><W54/><G104/><T66/><D66/><AGARI ba="0,1" hai="16,17,29,30,31,58,62,66,90,91,93,95,96,97" machi="66" ten="40,8000,1" yaku="1,1,9,1,8,1,54,1,53,0" doraHai="46" doraHaiUra="45" who="2" fromWho="0" sc="250,-80,250,0,240,90,250,0" /><INIT seed="1,0,0,0,3,4" ten="170,250,330,250" oya="1" hai0="97,85,126,104,17,98,72,130,73,96,71,133,61" hai1="31,90,91,42,66,82,95,12,115,81,128,16,47" hai2="74,44,43,125,51,22,14,48,127,34,113,105,103" hai3="134,79,20,65,131,118,101,129,114,11,112,54,55"/><U10/><E115/><V93/><F34/><W13/><G118/><T83/><D71/><U124/><E128/><N who="3" m="49226" /><G134/><T116/><D61/><U56/><E124/><V102/><F74/><N who="0" m="28778" /><D17/><U49/><E31/><V7/><F105/><W108/><G65/><T8/><D8/><U78/><E78/><V30/><F113/><W60/><G20/><T76/><D130/><U41/><E41/><V100/><F93/><W15/><G79/><N who="0" m="46335" /><D116/><U52/><E66/><V19/><F30/><W33/><G33/><T77/><D133/><U58/><E58/><V3/><F48/><W0/><G60/><T132/><D132/><U123/><E123/><V119/><F119/><W63/><G63/><T67/><D67/><U45/><E45/><V64/><F64/><W32/><G32/><T122/><D126/><U92/><E92/><V86/><F125/><W89/><G55/><T111/><D111/><U26/><E26/><V21/><F127/><W9/><G54/><T69/><D69/><U40/><E40/><V46/><F46/><W121/><G121/><T24/><D24/><U57/><E57/><V110/><F110/><W75/><G108/><T2/><D2/><U25/><E25/><V6/><F3/><W62/><G0/><T28/><D28/><U1/><E1/><V109/><F109/><W39/><G39/><T117/><D117/><U5/><E5/><V37/><F6/><N who="3" m="3255" /><G114/><T29/><D122/><U53/><E95/><V35/><F37/><W94/><G112/><T135/><D135/><U88/><E56/><V106/><F43/><W18/><G62/><T59/><D59/><RYUUKYOKU ba="0,0" sc="170,-10,250,30,330,-10,250,-10" hai1="10,12,16,42,47,49,52,53,81,82,88,90,91" /><INIT seed="1,1,0,0,4,132" ten="160,280,320,240" oya="1" hai0="131,60,48,108,81,133,82,121,56,78,119,73,15" hai1="12,8,19,106,43,53,112,94,113,117,41,111,37" hai2="72,68,101,59,124,4,45,54,46,69,20,105,51" hai3="1,98,130,34,5,116,7,91,58,123,24,64,107"/><U92/><E117/><V83/><F101/><W67/><G123/><T99/><D119/><U25/><E106/><V77/><F105/><W47/><G116/><T14/><D121/><U96/><E111/><V86/><F72/><W22/><G34/><T2/><D2/><U66/><E66/><V30/><F4/><W109/><G109/><T42/><D108/><U120/><E120/><V55/><F124/><W87/><G130/><T90/><D131/><U63/><E25/><V110/><F110/><W0/><G47/><T76/><D133/><U80/><E80/><V128/><F128/><W52/><G5/><T70/><D70/><U135/><E135/><V95/><F95/><W35/><G35/><T57/><D99/><U126/><E126/><V125/><F125/><W115/><G115/><T61/><D90/><U27/><E27/><N who="2" m="16743" /><F69/><W39/><G39/><T32/><D32/><U33/><E33/><V18/><F68/><W9/><G0/><T100/><D73/><U114/><E37/><V127/><F127/><W26/><G98/><T134/><D134/><U38/><E38/><V89/><F18/><N who="3" m="12375" /><G26/><T93/><D93/><U62/><E92/><V75/><F75/><W6/><G6/><T104/><D104/><U49/><E43/><V122/><F122/><W97/><G107/><T65/><D42/><U31/><E31/><V36/><F36/><W16/><G97/><T3/><D3/><U10/><E10/><V102/><F55/><W88/><G16/><T74/><D74/><U118/><E118/><V29/><F29/><W50/><G87/><T28/><D28/><RYUUKYOKU ba="1,0" sc="160,-10,280,-10,320,-10,240,30" hai3="1,7,9,50,52,58,64,67,88,91" /><INIT seed="2,2,0,0,0,10" ten="150,270,310,270" oya="2" hai0="94,49,118,59,22,15,61,92,1,64,13,57,75" hai1="89,17,25,131,4,67,65,85,130,51,56,47,72" hai2="2,9,19,48,26,97,73,21,0,62,23,82,117" hai3="90,30,129,29,122,114,78,76,105,132,41,106,103"/><V88/><F117/><W46/><G122/><T44/><D1/><U38/><E72/><V123/><F123/><W6/><G129/><N who="1" m="49162" /><E38/><V120/><F120/><W43/><G132/><T135/><D75/><U112/><E112/><V121/><F121/><W110/><G114/><T5/><D135/><U35/><E4/><V71/><F73/><W102/><G6/><T77/><D77/><U14/><E56/><V74/><F74/><W109/><G90/><T31/><D59/><U96/><E96/><V32/><F32/><W39/><G39/><T93/><D5/><U104/><E104/><V34/><F34/><W70/><REACH who="3" step="1"/><G46/><REACH who="3" ten="150,270,310,260" step="2"/><T28/><D118/><U134/><E134/><V18/><F88/><W24/><G24/><N who="0" m="16407" /><D31/><U66/><E25/><V7/><F26/><W99/><G99/><T42/><AGARI ba="2,1" hai="13,15,42,44,49,57,61,64,92,93,94" m="16407" machi="42" ten="30,4000,0" yaku="8,1,52,2" doraHai="10" who="0" fromWho="0" sc="150,56,270,-12,310,-22,260,-12" /><INIT seed="3,0,0,5,5,46" ten="206,258,288,248" oya="3" hai0="10,125,1,79,47,132,3,73,18,5,55,119,27" hai1="98,50,71,62,115,96,0,67,75,59,78,12,38" hai2="23,4,25,74,43,68,54,100,121,97,113,32,2" hai3="48,107,124,51,64,135,19,112,20,128,31,130,114"/><W7/><G124/><T87/><D119/><U92/><E0/><V105/><F74/><W102/><G135/><T53/><D1/><U110/><E115/><V26/><F113/><N who="3" m="43627" /><G31/><T30/><D132/><U95/><E110/><V52/><F121/><W40/><G7/><T80/><D125/><U14/><E38/><V85/><F4/><W90/><G40/><T39/><D87/><U65/><E75/><V88/><F68/><W86/><G64/><T103/><D103/><N who="1" m="60807" /><E78/><V127/><F2/><W11/><G11/><T126/><D18/><U118/><E118/><V109/><F109/><W22/><G102/><T94/><D94/><U42/><E71/><V36/><F32/><W15/><G22/><T69/><D69/><U116/><E67/><V45/><F127/><W83/><G107/><T8/><D8/><U66/><E66/><V76/><F76/><W34/><G34/><T104/><D104/><U70/><E70/><V61/><F61/><W13/><G13/><T6/><D6/><U72/><E72/><V17/><REACH who="2" step="1"/><F25/><REACH who="2" ten="206,258,278,248" step="2"/><W106/><G106/><T111/><D126/><U41/><E116/><V82/><AGARI ba="0,1" hai="17,23,26,36,43,45,52,54,82,85,88,97,100,105" machi="82" ten="20,12000,2" yaku="1,1,2,1,0,1,7,1,54,2,53,0" doraHai="46" doraHaiUra="117" who="2" fromWho="2" sc="206,-30,258,-30,278,130,248,-60" /><INIT seed="4,0,0,3,4,20" ten="176,228,408,188" oya="0" hai0="58,6,119,99,105,26,29,51,101,62,86,114,8" hai1="89,17,83,87,28,44,11,68,43,132,131,1,52" hai2="100,50,36,66,34,70,80,22,38,118,69,45,67" hai3="109,5,7,121,111,33,94,10,42,3,21,71,30"/><T13/><D119/><U18/><E131/><V23/><F100/><W113/><G71/><T95/><D114/><U53/><E132/><V74/><F80/><W2/><G42/><T12/><D51/><U85/><E68/><V41/><F34/><W48/><G48/><T97/><D86/><U96/><E28/><V61/><F74/><W84/><G94/><T75/><D75/><U55/><E96/><V124/><F124/><W115/><G84/><T93/><D13/><U4/><REACH who="1" step="1"/><E87/><REACH who="1" ten="176,218,408,188" step="2"/><V81/><F69/><W92/><G121/><T130/><D130/><U135/><E135/><V39/><F70/><W110/><G33/><T31/><D31/><U106/><E106/><V73/><F118/><W78/><G30/><T98/><D99/><U19/><E19/><V104/><F104/><W56/><G110/><T40/><D98/><U14/><E14/><V122/><F73/><W79/><G111/><T16/><D6/><U49/><AGARI ba="0,1" hai="1,4,11,17,18,43,44,49,52,53,55,83,85,89" machi="49" ten="30,7900,0" yaku="1,1,0,1,54,1,53,1" doraHai="20" doraHaiUra="35" who="1" fromWho="1" sc="176,-39,218,89,408,-20,188,-20" /><INIT seed="5,0,0,5,1,76" ten="137,307,388,168" oya="1" hai0="66,133,112,6,90,45,75,67,32,98,64,120,4" hai1="109,15,34,8,114,39,28,115,71,126,10,61,124" hai2="53,52,7,108,50,121,25,20,74,118,42,110,82" hai3="30,69,84,16,91,68,117,130,122,47,13,96,132"/><U135/><E39/><V86/><F74/><W24/><G122/><T101/><D32/><U105/><E105/><V102/><F121/><W100/><G130/><T78/><D120/><U107/><E107/><V95/><F118/><W62/><G47/><T9/><D112/><N who="1" m="43051" /><E109/><V38/><F38/><W81/><G62/><T46/><D133/><U103/><E103/><V65/><F7/><W2/><G2/><T73/><D90/><U23/><E71/><V44/><F65/><W27/><G132/><T49/><D4/><U72/><E61/><V12/><F12/><W123/><G117/><T80/><D49/><U99/><E99/><N who="2" m="59775" /><F110/><W129/><G129/><T43/><D43/><U104/><E104/><V111/><F108/><W41/><G41/><T1/><REACH who="0" step="1"/><D75/><REACH who="0" ten="127,307,388,168" step="2"/><U77/><E72/><V134/><F134/><W79/><G123/><T127/><D127/><N who="1" m="48683" /><E77/><N who="2" m="46415" /><F111/><W33/><G79/><T36/><D36/><U70/><E135/><V55/><F42/><W18/><G91/><T119/><D119/><U88/><E88/><V128/><F128/><W83/><G100/><T19/><D19/><AGARI ba="0,1" hai="19,20,25,44,50,52,53,55" m="46415,59775" machi="19" ten="30,3900,0" yaku="8,1,52,1,54,1" doraHai="76" who="2" fromWho="0" sc="127,-39,307,0,388,49,168,0" /><INIT seed="6,0,0,0,0,49" ten="88,307,437,168" oya="2" hai0="84,68,9,73,100,83,114,95,79,128,110,92,50" hai1="1,91,102,121,71,21,42,118,47,16,35,116,124" hai2="99,65,96,56,8,45,111,119,29,20,80,122,101" hai3="10,103,25,5,97,70,77,88,87,54,93,48,81"/><V94/><F122/><W26/><G70/><T24/><D110/><U32/><E121/><V30/><F45/><W40/><G40/><T90/><D68/><U46/><E71/><V135/><F8/><W66/><G66/><T74/><D128/><U133/><E1/><V67/><F80/><W130/><G130/><T3/><D114/><U108/><E108/><V98/><F135/><W15/><G77/><T78/><D24/><U11/><E133/><V113/><F113/><W34/><G34/><T63/><D63/><U125/><E102/><V82/><F82/><W33/><G33/><T6/><D100/><U89/><E11/><V131/><F67/><W126/><G126/><N who="1" m="48746" /><E42/><V132/><F132/><W38/><G38/><T69/><D69/><U27/><E47/><AGARI ba="0,0" hai="5,10,15,25,26,47,48,54,81,87,88,93,97,103" machi="47" ten="30,7700,0" yaku="7,1,8,1,52,1,54,1" doraHai="49" who="3" fromWho="1" sc="88,0,307,-77,437,0,168,77" /><INIT seed="7,0,0,0,5,76" ten="88,230,437,245" oya="3" hai0="118,84,55,59,66,17,74,92,88,87,85,61,77" hai1="134,54,53,3,5,116,20,111,68,117,108,103,50" hai2="120,106,96,9,47,35,30,12,95,133,79,107,21" hai3="105,67,8,41,34,27,23,82,123,115,38,83,125"/><W19/><G123/><T45/><D118/><N who="1" m="45675" /><E68/><V126/><F35/><W13/><G34/><T69/><D74/><U100/><E20/><V109/><F107/><W25/><G105/><T6/><D6/><U93/><E93/><V63/><F106/><W44/><G115/><T28/><D28/><U18/><E18/><V110/><F120/><W29/><G125/><T99/><D69/><U121/><E121/><V112/><F126/><W113/><G113/><T80/><D45/><U91/><E91/><V114/><F133/><W57/><G27/><T119/><D119/><U10/><E134/><V32/><F32/><W46/><G46/><T101/><D66/><U40/><E40/><V94/><F47/><W11/><G11/><T39/><D39/><U73/><E73/><V37/><F9/><W104/><G104/><T132/><D132/><U97/><E97/><V64/><F114/><W43/><G43/><T4/><D4/><U70/><E70/><V102/><F37/><W52/><G67/><T128/><D128/><U7/><E7/><V49/><F64/><W135/><G135/><T56/><D101/><N who="1" m="38987" /><E50/><AGARI ba="0,0" hai="8,13,19,23,25,29,38,41,44,50,52,57,82,83" machi="50" ten="30,11600,0" yaku="7,1,52,2,54,1" doraHai="76" who="3" fromWho="1" sc="88,0,230,-116,437,0,245,116" /><INIT seed="7,1,0,4,4,98" ten="88,114,437,361" oya="3" hai0="67,46,133,19,62,126,42,89,22,85,63,10,87" hai1="131,23,99,73,127,56,81,60,96,35,20,102,24" hai2="36,134,94,0,76,69,13,109,74,51,117,14,3" hai3="71,86,21,107,9,91,104,16,33,47,45,121,90"/><W105/><G121/><T119/><D119/><U82/><E131/><V39/><F69/><W44/><G33/><T64/><D133/><U111/><E111/><V116/><F94/><W53/><G71/><T2/><D126/><U84/><E127/><V32/><F51/><W29/><G29/><T54/><D10/><U88/><E35/><V120/><F32/><W66/><G66/><T130/><D2/><U18/><E73/><V100/><F74/><W41/><G9/><T112/><D130/><U37/><E37/><V93/><F93/><W58/><G86/><T40/><D112/><U124/><E124/><V95/><F95/><W68/><G41/><N who="0" m="15979" /><D46/><U80/><E23/><V5/><F5/><W30/><G30/><T59/><D63/><U49/><E49/><V78/><F134/><W108/><G68/><T118/><D118/><U115/><E115/><V128/><F128/><W61/><REACH who="3" step="1"/><G108/><REACH who="3" ten="88,114,437,351" step="2"/><T50/><D87/><U6/><E6/><V129/><F129/><W103/><G103/><T114/><D114/><U12/><E102/><V27/><F100/><W28/><G28/><T123/><D123/><U113/><E113/><V135/><F120/><W79/><G79/><T125/><D125/><U15/><E84/><V11/><F109/><W25/><AGARI ba="1,1" hai="16,21,25,44,45,47,53,58,61,90,91,104,105,107" machi="25" ten="40,12000,1" yaku="1,1,0,1,54,1,53,1" doraHai="98" doraHaiUra="57" who="3" fromWho="3" sc="88,-41,114,-41,437,-41,351,133" owari="47,-45.0,73,-33.0,396,20.0,484,58.0" /></mjloggm>