<mjloggm ver="2.3"><GO type="169" lobby="0"/><UN n0="%E3%82%A6%E3%83%AB%E3%83%88%E3%83%A9%E7%AB%8B%E7%9B%B4" n1="%E9%9B%80%CE%B2%CE%BF%D1%83" n2="%41%79%65%73%68%61" n3="%33%E7%95%AA%44%48%E4%BA%95%E7%AB%AF" dan="17,16,16,17" rate="2120.55,2078.84,2117.40,2091.21" sx="M,M,M,M"/><TAIKYOKU oya="0"/><INIT seed="0,0,0,0,5,93" ten="250,250,250,250" oya="0" hai0="97,107,45,0,133,28,48,135,68,112,55,60,121" hai1="71,85,44,59,73,74,120,40,70,82,99,117,39" hai2="128,103,30,104,106,38,7,8,127,113,18,25,65" hai3="91,42,6,32,101,10,27,76,9,96,100,124,125"/><T92/><D0/><U118/><E120/><V111/><F113/><W37/><G76/><T5/><D5/><U84/><E59/><V123/><F123/><W67/><G67/><T57/><D121/><U50/><E50/><V66/><F38/><W16/><G91/><T115/><D107/><U21/><E21/><V87/><F111/><W78/><G78/><T63/><D28/><U72/><E82/><V29/><F87/><W22/><G32/><T34/><D34/><U61/><E61/><V95/><F127/><N who="3" m="48715" /><G101/><T24/><D24/><U41/><E41/><V116/><F116/><W64/><G64/><N who="0" m="40991" /><D92/><U19/><E19/><V51/><F51/><W17/><G6/><T43/><D97/><U1/><E1/><V47/><F104/><N who="3" m="63495" /><G17/><T23/><D23/><U108/><E108/><V69/><F18/><W54/><G54/><T75/><D75/><U131/><E84/><V98/><F66/><W132/><G132/><AGARI ba="0,0" hai="43,45,48,55,57,60,112,115,132,133,135" m="40991" machi="132" ten="30,5800,0" yaku="20,1,34,2" doraHai="93" who="0" fromWho="3" sc="250,58,250,0,250,0,250,-58" /><INIT seed="0,1,0,5,3,71" ten="308,250,250,192" oya="0" hai0="21,98,60,123,64,1,69,5,42,62,37,58,48" hai1="94,57,135,19,126,31,113,36,99,23,39,125,132" hai2="101,77,104,85,89,114,50,106,103,22,9,55,40" hai3="6,117,102,65,33,44,91,13,108,88,30,59,90"/><T130/><D1/><U8/><E31/><V16/><F114/><W81/><G108/><T75/><D75/><U46/><E8/><V54/><F9/><W11/><G117/><T51/><D5/><U2/><E2/><V47/><F77/><W100/><G81/><T86/><D123/><U87/><E46/><V118/><F118/><W133/><G133/><N who="1" m="51274" /><E113/><V79/><F79/><W34/><G44/><N who="0" m="23631" /><D21/><U49/><E87/><V128/><F128/><W95/><G30/><T61/><D86/><U70/><E57/><V63/><F63/><N who="0" m="24138" /><D98/><U82/><E49/><N who="0" m="19017" /><D130/><U76/><E70/><AGARI ba="1,0" hai="58,62,64,69,70" m="19017,24138,23631" machi="70" ten="30,18000,2" yaku="35,5,52,1" doraHai="71" who="0" fromWho="1" sc="308,183,250,-183,250,0,192,0" /><INIT seed="0,2,0,3,1,124" ten="491,67,250,192" oya="0" hai0="123,44,80,33,68,62,132,67,115,69,81,24,98" hai1="30,21,27,38,52,60,32,12,65,106,70,109,110" hai2="74,96,58,135,7,0,128,46,66,71,83,103,63" hai3="22,85,56,40,42,59,129,64,101,3,116,6,13"/><T118/><D118/><U61/><E38/><V1/><F135/><W2/><G116/><T134/><D115/><U19/><REACH who="1" step="1"/><E106/><REACH who="1" ten="491,57,250,192" step="2"/><V105/><F128/><W122/><G129/><T93/><D134/><U8/><E8/><V120/><F120/><W45/><G122/><T48/><D132/><U25/><E25/><V37/><F37/><W17/><G3/><T23/><D123/><U107/><E107/><V89/><F1/><W31/><G2/><T121/><D121/><U18/><E18/><V88/><F0/><W15/><G17/><T47/><D24/><U91/><E91/><V117/><F7/><W50/><G6/><T10/><D10/><U43/><E43/><V14/><F117/><W125/><G42/><T133/><D133/><U72/><E72/><V53/><F14/><W119/><G40/><T5/><D5/><U82/><E82/><V100/><F100/><W94/><G101/><T113/><D81/><U131/><E131/><V87/><F74/><W77/><G15/><T111/><D80/><U127/><E127/><V36/><F36/><W78/><G13/><T108/><D113/><U95/><E95/><V79/><F46/><W29/><G45/><T84/><D47/><U102/><E102/><V104/><REACH who="2" step="1"/><F105/><REACH who="2" ten="491,57,240,192" step="2"/><W97/><G125/><T73/><D44/><U51/><E51/><AGARI ba="2,2" hai="51,53,58,63,66,71,79,83,87,88,89,96,103,104" machi="51" ten="30,8000,1" yaku="1,1,2,1,7,1,54,1,53,1" doraHai="124" doraHaiUra="76" who="2" fromWho="1" sc="491,0,57,-86,240,106,192,0" owari="491,59.0,-29,-53.0,346,15.0,192,-21.0" /></mjloggm>