<mjloggm ver="2.3"><GO type="169" lobby="0"/><UN n0="%E3%82%A6%E3%83%AB%E3%83%88%E3%83%A9%E7%AB%8B%E7%9B%B4" n1="%30%30%73%61%69" n2="%E7%AB%B9%E7%94%B0%E8%AA%A0%E5%BF%97" n3="%46%75%6E%54%69%6D%65" dan="17,17,17,16" rate="2193.87,2145.20,2176.39,2024.94" sx="M,F,M,M"/><TAIKYOKU oya="0"/><INIT seed="0,0,0,5,1,112" ten="250,250,250,250" oya="0" hai0="62,40,131,73,53,3,119,108,116,109,41,7,74" hai1="70,134,97,94,57,2,13,4,85,105,17,81,89" hai2="80,82,9,84,111,42,92,58,0,68,39,63,123" hai3="29,93,90,52,120,43,34,44,75,61,96,127,38"/><T26/><D3/><U48/><E70/><V71/><F123/><W104/><G75/><T129/><D7/><U55/><E134/><V22/><F111/><N who="0" m="42570" /><D26/><U25/><E105/><V110/><F110/><W88/><G104/><T16/><D16/><U99/><E2/><V24/><F42/><N who="0" m="16490" /><D74/><U77/><E25/><V98/><F39/><W32/><G120/><T91/><D91/><U72/><E4/><V46/><F9/><AGARI ba="0,0" hai="9,13,17,48,55,57,72,77,81,85,89,94,97,99" machi="9" ten="30,1000,0" yaku="7,1" doraHai="112" who="1" fromWho="2" sc="250,0,250,10,250,-10,250,0" /><INIT seed="1,0,0,5,0,34" ten="250,260,240,250" oya="1" hai0="5,90,74,36,16,93,65,122,130,110,53,134,22" hai1="127,104,83,17,68,132,115,26,105,37,66,20,95" hai2="42,119,123,6,38,29,117,25,102,106,21,79,49" hai3="116,99,135,98,67,111,10,59,18,100,73,120,41"/><U124/><E115/><V35/><F123/><W8/><G120/><T44/><D74/><U58/><E68/><V56/><F79/><W23/><G73/><T2/><D122/><U61/><E37/><V45/><F21/><W54/><G116/><T91/><D110/><U12/><E132/><V131/><F131/><W11/><G41/><T14/><D134/><U64/><E83/><V27/><F27/><W103/><G111/><T69/><D130/><U86/><E66/><V63/><F49/><W40/><G40/><T47/><D36/><U15/><E95/><V72/><F72/><W85/><G67/><T112/><D112/><U32/><E86/><V101/><F6/><W1/><G1/><T3/><D90/><U31/><REACH who="1" step="1"/><E15/><REACH who="1" ten="250,250,240,250" step="2"/><V7/><F117/><W118/><G85/><T19/><D65/><U108/><E108/><V50/><F119/><W9/><G135/><T60/><D69/><U80/><E80/><V87/><F87/><W133/><G133/><T70/><D70/><U129/><E129/><V96/><F106/><AGARI ba="0,1" hai="12,17,20,26,31,32,58,61,64,104,105,106,124,127" machi="106" ten="40,2000,0" yaku="1,1,53,0" doraHai="34" doraHaiUra="126" who="1" fromWho="2" sc="250,0,250,30,240,-20,250,0" /><INIT seed="1,1,0,4,1,107" ten="250,280,220,250" oya="1" hai0="47,128,58,104,94,57,3,16,83,121,46,135,114" hai1="32,66,8,100,24,35,55,17,22,10,49,19,95" hai2="78,50,132,9,68,2,29,13,102,81,113,51,74" hai3="41,133,27,103,77,56,12,93,71,63,91,72,105"/><U11/><E66/><V108/><F68/><W4/><G71/><T53/><D104/><U67/><E67/><V79/><F2/><W80/><G133/><T73/><D3/><U14/><E35/><V111/><F132/><W119/><G41/><T122/><D135/><U125/><E125/><V92/><F113/><W60/><G119/><T20/><D94/><U97/><REACH who="1" step="1"/><E32/><REACH who="1" ten="250,270,220,250" step="2"/><V21/><F111/><W1/><G1/><T28/><D114/><U126/><E126/><V89/><F108/><W118/><G118/><T45/><D122/><U18/><E18/><V99/><F102/><W84/><G27/><T70/><D121/><U109/><E109/><V69/><F69/><W117/><G117/><T112/><D70/><U129/><E129/><V40/><F29/><W76/><G76/><T101/><D28/><U62/><E62/><V64/><F64/><W52/><G4/><T82/><D101/><U127/><E127/><V98/><F79/><W48/><REACH who="3" step="1"/><G12/><REACH who="3" ten="250,270,220,240" step="2"/><T116/><D116/><U39/><E39/><V120/><F13/><W43/><G43/><T5/><D5/><U88/><E88/><V124/><F40/><W44/><G44/><AGARI ba="1,2" hai="8,10,11,14,17,19,22,24,44,49,55,95,97,100" machi="44" ten="30,5800,0" yaku="1,1,7,1,8,1,53,0" doraHai="107" doraHaiUra="26" who="1" fromWho="3" sc="250,0,270,81,220,0,240,-61" /><INIT seed="1,2,0,3,1,45" ten="250,351,220,179" oya="1" hai0="101,130,96,63,35,39,37,73,7,16,61,3,135" hai1="21,72,2,12,111,71,134,30,48,112,54,69,104" hai2="58,99,56,53,28,18,14,108,0,116,4,1,41" hai3="122,70,82,85,87,32,52,5,24,19,22,115,43"/><U133/><E112/><V102/><F116/><W40/><G122/><T92/><D35/><U90/><E2/><V79/><F108/><W94/><G115/><T26/><D73/><U131/><E104/><V36/><F28/><W15/><G70/><T29/><D29/><U49/><E72/><V84/><F4/><W50/><G32/><T77/><D77/><U97/><E131/><V66/><F66/><W83/><G94/><T121/><D130/><U93/><E111/><V44/><F84/><N who="3" m="32331" /><G5/><T118/><D118/><U91/><E54/><V51/><F58/><N who="3" m="33047" /><G24/><T42/><D7/><U80/><E71/><V95/><REACH who="2" step="1"/><F79/><REACH who="2" ten="250,351,210,179" step="2"/><W68/><G68/><T65/><D65/><U107/><E69/><V98/><F98/><W119/><G119/><T8/><D96/><U126/><E97/><V128/><F128/><W64/><G64/><T114/><D114/><U103/><E133/><V86/><F86/><W60/><G60/><T124/><D63/><U13/><E134/><V11/><AGARI ba="2,1" hai="0,1,11,14,18,36,41,44,51,53,56,95,99,102" machi="11" ten="20,5200,0" yaku="1,1,0,1,7,1,52,1,53,0" doraHai="45" doraHaiUra="132" who="2" fromWho="2" sc="250,-15,351,-28,210,68,179,-15" /><INIT seed="2,0,0,1,4,117" ten="235,323,278,164" oya="2" hai0="45,17,85,135,22,116,77,58,33,101,120,87,93" hai1="130,73,51,62,34,30,124,126,65,111,7,20,107" hai2="49,10,75,43,19,61,84,110,89,67,27,21,1" hai3="83,60,76,5,72,16,13,32,103,125,29,74,40"/><V63/><F75/><W18/><G103/><T14/><D33/><U26/><E107/><V36/><F36/><W25/><G125/><T105/><D135/><U64/><E111/><V23/><F110/><W15/><G40/><T35/><D35/><U42/><E7/><V128/><F128/><W80/><G60/><T92/><D105/><U114/><E114/><V123/><F123/><W94/><G94/><T37/><D120/><U38/><E38/><V52/><F43/><W99/><G99/><T28/><D37/><U66/><E73/><V127/><F127/><N who="1" m="48681" /><E20/><V9/><F23/><W86/><G5/><T8/><D45/><N who="1" m="26039" /><E130/><V44/><F1/><W88/><REACH who="3" step="1"/><G74/><REACH who="3" ten="235,323,278,154" step="2"/><T109/><D92/><U70/><AGARI ba="0,1" hai="26,30,34,62,64,65,66,70" m="26039,48681" machi="70" ten="30,1100,0" yaku="18,1" doraHai="117" who="1" fromWho="1" sc="235,-3,323,21,278,-5,154,-3" /><INIT seed="3,0,0,3,3,57" ten="232,344,273,151" oya="3" hai0="131,92,128,121,39,122,45,115,31,88,41,68,52" hai1="78,111,12,73,124,130,20,106,16,118,46,48,7" hai2="18,3,100,112,126,36,95,133,60,62,125,79,27" hai3="56,69,11,8,132,42,14,58,134,38,40,54,84"/><W85/><G69/><T94/><D31/><U35/><E106/><V71/><F112/><W109/><G38/><T63/><D94/><U33/><E73/><V49/><F36/><W65/><G65/><N who="0" m="41023" /><D115/><U47/><E47/><V1/><F133/><N who="3" m="51307" /><G109/><T50/><D88/><U32/><E118/><V2/><F71/><W123/><G123/><N who="0" m="47115" /><D92/><U97/><E124/><N who="2" m="47723" /><F79/><W91/><G58/><AGARI ba="0,0" hai="39,41,45,50,52,58,128,131" m="47115,41023" machi="58" ten="30,8000,1" yaku="24,1,34,2,52,1,54,1" doraHai="57" who="0" fromWho="3" sc="232,80,344,0,273,0,151,-80" /><INIT seed="4,0,0,5,5,126" ten="312,344,273,71" oya="0" hai0="24,46,34,8,29,95,85,117,41,50,58,11,109" hai1="84,127,56,9,27,37,99,16,125,1,42,73,68" hai2="94,74,135,118,70,5,66,0,21,61,55,62,63" hai3="13,10,15,3,120,103,102,124,113,35,129,71,97"/><T30/><D117/><U88/><E73/><V77/><F118/><W105/><G124/><N who="1" m="47690" /><E99/><V81/><F135/><W134/><G134/><T17/><D109/><U112/><E68/><V38/><F55/><W2/><G71/><T93/><D30/><U116/><E116/><V25/><F38/><W130/><G35/><T64/><D17/><U131/><E112/><V133/><F133/><W57/><G113/><T23/><D34/><U65/><E42/><V91/><F0/><W14/><G120/><T36/><D36/><U28/><E37/><V40/><F40/><W100/><G97/><T59/><D59/><U76/><E76/><V20/><F20/><W89/><G89/><N who="0" m="53423" /><D95/><U72/><E72/><V49/><F5/><W33/><G33/><T101/><D101/><U6/><E16/><V67/><F67/><W90/><G90/><T111/><D111/><U44/><E44/><V53/><F94/><W18/><G57/><T51/><D51/><U122/><E122/><V4/><F91/><W114/><G114/><T87/><D87/><U47/><E47/><V83/><F4/><W121/><G121/><T106/><D106/><U22/><E65/><V7/><F7/><W115/><G115/><T26/><D26/><U12/><E1/><N who="3" m="10" /><G105/><T108/><D108/><U98/><E56/><N who="2" m="32815" /><F83/><W39/><G39/><T48/><D48/><U82/><E98/><V78/><F78/><W75/><G75/><T69/><D69/><U110/><E110/><V107/><F107/><W86/><G86/><T43/><D43/><U45/><E45/><V123/><F123/><W79/><G79/><RYUUKYOKU ba="0,0" sc="312,0,344,0,273,0,71,0" hai0="8,11,23,24,29,41,46,50,58,64" hai1="6,9,12,22,27,28,82,84,88,131" hai2="21,25,61,62,63,66,70,74,77,81" hai3="10,13,14,15,18,100,102,103,129,130" /><INIT seed="4,1,0,5,0,123" ten="312,344,273,71" oya="0" hai0="107,89,12,85,57,9,71,104,47,24,14,58,122" hai1="7,74,99,3,66,50,56,59,117,105,129,0,94" hai2="84,45,126,133,1,25,77,6,114,30,68,70,128" hai3="67,36,95,79,65,112,29,92,121,83,81,96,18"/><T82/><D71/><U116/><E105/><V53/><F114/><W39/><G29/><T101/><D122/><U124/><E74/><V19/><F19/><W69/><G121/><T5/><D104/><U90/><E124/><V13/><F1/><W23/><G69/><T115/><D115/><U87/><E129/><V54/><F54/><W108/><G112/><T62/><D24/><U32/><E32/><V42/><F53/><W15/><G79/><T100/><D107/><U88/><E7/><V118/><F133/><W63/><G63/><T38/><D14/><U41/><E41/><V26/><F26/><W72/><G72/><T33/><D33/><U11/><E11/><N who="2" m="4343" /><F118/><W8/><G8/><T2/><D2/><U49/><E94/><V60/><F126/><W75/><G75/><T86/><D86/><U28/><E87/><V16/><F60/><W64/><G96/><T10/><D10/><U80/><E99/><V120/><F128/><W34/><G34/><T17/><D5/><U73/><E73/><V44/><F30/><W93/><REACH who="3" step="1"/><G108/><REACH who="3" ten="312,344,273,61" step="2"/><T135/><D62/><U4/><E28/><V31/><F31/><W48/><G48/><T61/><D61/><U51/><E51/><V131/><F120/><W119/><G119/><T125/><D125/><U130/><E116/><V102/><F70/><W127/><G127/><T113/><D113/><U40/><E117/><V132/><F68/><W43/><G43/><N who="0" m="23031" /><D135/><U21/><E50/><V97/><F42/><W98/><G98/><T52/><D52/><U55/><E55/><V20/><F97/><W46/><G46/><RYUUKYOKU ba="1,1" sc="312,15,344,-15,273,-15,61,15" hai0="9,12,17,57,58,82,85,89,100,101" hai3="15,18,23,36,39,64,65,67,81,83,92,93,95" /><INIT seed="4,2,1,2,5,132" ten="327,329,258,76" oya="0" hai0="80,82,57,34,94,131,79,64,87,67,2,112,129" hai1="95,98,15,71,61,75,11,27,53,49,22,8,26" hai2="108,103,17,38,42,33,121,134,88,16,89,110,13" hai3="68,14,74,125,122,10,119,28,50,6,115,123,127"/><T21/><D34/><U30/><E75/><V39/><F121/><N who="3" m="46091" /><G74/><T92/><D2/><U85/><E85/><V29/><F134/><W45/><G68/><T117/><D117/><U55/><E71/><V107/><F107/><W78/><G78/><T51/><D21/><U69/><E69/><V113/><F103/><W84/><G84/><T104/><D104/><U12/><E61/><V83/><F83/><W86/><G86/><T63/><D67/><U24/><E15/><V135/><F135/><W73/><G73/><T111/><D111/><U77/><E77/><V47/><F47/><W40/><G119/><T1/><D1/><U116/><E55/><V18/><F42/><W43/><G115/><T70/><D82/><U96/><E96/><V4/><F113/><W128/><G128/><N who="0" m="49227" /><D112/><U31/><E116/><V37/><F110/><W90/><G90/><T23/><D23/><N who="1" m="15647" /><E12/><V52/><F108/><W56/><G56/><T5/><D5/><U124/><E95/><V36/><F89/><W126/><G28/><T109/><D109/><U105/><E105/><V101/><F88/><W133/><G133/><T120/><D120/><U0/><E31/><V32/><F29/><W106/><G106/><T35/><D35/><U81/><E81/><V62/><F101/><W54/><AGARI ba="2,1" hai="6,10,14,40,43,45,50,54,125,126,127" m="46091" machi="54" ten="40,8000,1" yaku="18,1,13,1,52,3" doraHai="132" who="3" fromWho="3" sc="327,-42,329,-22,258,-22,76,96" /><INIT seed="5,0,0,5,3,32" ten="285,307,236,172" oya="1" hai0="91,114,43,104,34,41,38,76,36,96,58,92,25" hai1="84,97,102,48,108,88,67,40,124,131,14,66,65" hai2="57,8,120,47,79,44,59,81,113,6,55,31,90" hai3="23,22,82,64,5,127,132,110,100,24,75,107,50"/><U68/><E68/><V98/><F120/><W105/><G110/><T11/><D104/><U21/><E124/><V71/><F71/><W83/><G127/><T63/><D114/><U56/><E131/><V115/><F31/><W69/><G132/><T78/><D34/><U35/><E35/><V118/><F118/><W87/><G75/><T33/><D33/><U130/><E130/><V60/><F59/><W70/><G5/><T129/><D129/><U61/><E108/><V74/><F90/><W18/><G50/><T99/><D25/><U123/><E14/><V106/><F98/><W54/><G54/><T126/><D126/><U49/><E21/><V1/><REACH who="2" step="1"/><F106/><REACH who="2" ten="285,307,226,172" step="2"/><W26/><G100/><T13/><D99/><U128/><E97/><V121/><F121/><W39/><G107/><T80/><D58/><U85/><E102/><V9/><F9/><W2/><G105/><T16/><D63/><U28/><E28/><V103/><F103/><W73/><G70/><T111/><D111/><U19/><E123/><V112/><AGARI ba="0,1" hai="1,6,8,44,47,55,57,60,74,79,81,112,113,115" machi="112" ten="30,12000,2" yaku="1,1,0,1,15,1,11,1,52,1,53,2" doraHai="32" doraHaiUra="42" who="2" fromWho="2" sc="285,-30,307,-60,226,130,172,-30" /><INIT seed="6,0,0,3,4,75" ten="255,247,356,142" oya="2" hai0="57,19,62,8,26,12,86,106,74,135,21,22,52" hai1="119,59,80,130,51,36,85,4,25,78,38,30,108" hai2="20,94,7,18,91,104,23,90,82,34,96,29,129" hai3="123,1,134,61,49,131,105,124,93,113,133,87,117"/><V55/><F129/><W69/><RYUUKYOKU type="yao9" ba="0,0" sc="255,0,247,0,356,0,142,0" hai3="1,49,61,69,87,93,105,113,117,123,124,131,133,134" /><INIT seed="6,1,0,1,5,72" ten="255,247,356,142" oya="2" hai0="10,37,93,13,9,40,100,99,26,120,56,19,41" hai1="87,55,73,17,11,47,14,70,86,49,48,60,51" hai2="105,53,101,91,18,68,110,103,90,83,134,80,29" hai3="7,121,112,104,81,96,109,64,67,92,36,129,12"/><V39/><F68/><W44/><G121/><T59/><D120/><U57/><E73/><V30/><F39/><W35/><G35/><T127/><D127/><U111/><E70/><V116/><F116/><W74/><G109/><T58/><D37/><U21/><E111/><V123/><F123/><W34/><G34/><T124/><D124/><U31/><E31/><V125/><F125/><W2/><G104/><T128/><D128/><U43/><E43/><V122/><F122/><W131/><G12/><T24/><D10/><U38/><E38/><V3/><F134/><W88/><G112/><T102/><D102/><U126/><E126/><V76/><F3/><W95/><G95/><T0/><D0/><U32/><E32/><V98/><F103/><W89/><G89/><T63/><D63/><U8/><E47/><V85/><F91/><W84/><G84/><AGARI ba="1,0" hai="8,11,14,17,21,48,49,51,55,57,60,84,86,87" machi="84" ten="40,1300,0" yaku="8,1" doraHai="72" who="1" fromWho="3" sc="255,0,247,16,356,0,142,-16" /><INIT seed="7,0,0,3,2,52" ten="255,263,356,126" oya="3" hai0="100,85,51,7,62,11,34,114,135,92,83,105,134" hai1="80,55,104,98,47,93,18,60,97,5,111,15,110" hai2="71,43,132,90,41,6,91,123,101,3,65,66,86" hai3="38,87,68,27,49,2,124,13,63,23,26,21,54"/><W128/><G38/><T122/><D34/><U37/><E104/><V107/><F3/><W75/><G75/><T77/><D122/><U33/><E33/><V29/><F6/><W36/><G36/><T109/><D109/><U50/><E37/><V22/><F29/><N who="3" m="17615" /><G2/><N who="0" m="503" /><D51/><U31/><E31/><V1/><F132/><N who="0" m="50730" /><D62/><U14/><E60/><V102/><F71/><W129/><G124/><T113/><D105/><U82/><E97/><AGARI ba="0,0" hai="77,83,85,92,97,100,113,114" m="50730,503" machi="97" ten="30,1000,0" yaku="20,1" doraHai="52" who="0" fromWho="1" sc="255,10,263,-10,356,0,126,0" owari="265,7.0,253,-15.0,356,45.0,126,-37.0" /></mjloggm>