<mjloggm ver="2.3"><GO type="97" lobby="0"/><UN n0="%E5%91%B3%E3%82%8F%E3%81%84%E3%82%AB%E3%83%AA%E3%83%B3" n1="%E3%83%88%E3%83%88%E3%83%AA%E5%85%88%E7%94%9F%31%39%E6%AD%B3" n2="%E4%B8%AD%E6%9D%91" n3="%E3%82%A8%E3%83%AD%E3%82%A4%E3%82%AB" dan="15,15,16,14" rate="1952.01,2024.12,2079.18,1940.46" sx="F,F,M,M"/><TAIKYOKU oya="0"/><INIT seed="0,0,0,4,4,17" ten="250,250,250,250" oya="0" hai0="111,23,63,58,97,65,80,35,114,99,32,3,19" hai1="126,27,90,57,49,29,135,109,18,67,133,73,28" hai2="131,96,130,10,95,84,14,91,0,38,132,56,115" hai3="93,61,120,4,33,104,108,82,20,42,51,81,134"/><T125/><D3/><U75/><E109/><V98/><F0/><W11/><G33/><T36/><D36/><U24/><E126/><V76/><F38/><W52/><G104/><T129/><D114/><U15/><E90/><V37/><F37/><W53/><G108/><T117/><D111/><U7/><E67/><V85/><F132/><N who="1" m="50761" /><E57/><V94/><F115/><W68/><G68/><T34/><D117/><U87/><E87/><V62/><F76/><W110/><G110/><T46/><D125/><U107/><E49/><V26/><F131/><W118/><G118/><T64/><D64/><U88/><E88/><V8/><F8/><W2/><G120/><T70/><D129/><U102/><E102/><V47/><F47/><W123/><G123/><T71/><D46/><U92/><E92/><V22/><F95/><W74/><G93/><T101/><D80/><U116/><E107/><V50/><F50/><W40/><G82/><T78/><D78/><U121/><E7/><V128/><F98/><W48/><G81/><T1/><D101/><U43/><E43/><V54/><F130/><W44/><G74/><T77/><D77/><U59/><E59/><V105/><F105/><W122/><G122/><T30/><D99/><U41/><E41/><N who="3" m="15978" /><G134/><T6/><D97/><U86/><E121/><V72/><F72/><N who="1" m="27721" /><E86/><V69/><F69/><W16/><G61/><T55/><D71/><U5/><E116/><V79/><F79/><W103/><G103/><T25/><D70/><U9/><E5/><N who="2" m="3407" /><F128/><W106/><G106/><T89/><D63/><U39/><E39/><V60/><F60/><RYUUKYOKU ba="0,0" sc="250,-15,250,15,250,15,250,-15" hai1="9,15,18,24,27,28,29" hai2="22,26,54,56,62,84,85,91,94,96" /><INIT seed="1,1,0,3,5,94" ten="235,265,265,235" oya="1" hai0="12,46,125,70,109,134,50,1,59,126,28,14,7" hai1="62,43,67,107,65,75,51,13,19,102,110,5,103" hai2="86,10,32,2,130,81,118,55,4,23,61,131,56" hai3="45,17,114,91,129,74,88,15,117,83,127,6,37"/><U27/><E75/><V115/><F32/><W132/><G114/><T71/><D1/><U68/><E110/><V84/><F118/><W80/><G117/><T104/><D104/><U85/><E67/><V21/><F86/><W33/><G33/><T116/><D116/><U121/><E121/><V93/><F23/><W58/><G6/><T42/><D28/><U76/><E5/><V57/><F115/><W101/><G101/><T52/><D109/><U31/><E107/><V112/><F93/><W8/><G127/><N who="0" m="48651" /><D134/><U95/><E43/><V41/><F41/><W87/><G129/><T30/><D30/><U35/><E51/><V54/><F21/><W11/><G132/><T48/><D14/><U97/><E85/><V113/><F131/><W99/><G74/><T78/><D78/><U98/><E76/><V18/><F18/><W53/><G80/><T73/><D73/><U120/><E120/><V111/><F111/><W119/><G119/><T49/><D49/><U64/><E64/><V135/><F135/><W92/><G37/><T105/><D105/><N who="1" m="63695" /><E13/><V60/><REACH who="2" step="1"/><F130/><REACH who="2" ten="235,265,255,235" step="2"/><W0/><G0/><T47/><D7/><U96/><E19/><V9/><F9/><N who="3" m="6383" /><G45/><N who="0" m="25655" /><D12/><U128/><E128/><V79/><AGARI ba="1,1" hai="2,4,10,54,55,56,57,60,61,79,81,84,112,113" machi="79" ten="30,4000,0" yaku="1,1,0,1,9,1,53,0" doraHai="94" doraHaiUra="124" who="2" fromWho="2" sc="235,-11,265,-21,255,53,235,-11" /><INIT seed="2,0,0,3,2,22" ten="224,244,308,224" oya="2" hai0="58,91,39,134,50,123,127,27,8,47,32,19,96" hai1="89,30,48,80,108,72,31,100,51,11,102,104,112" hai2="129,34,64,128,90,121,49,81,86,10,122,75,116" hai3="7,1,0,17,68,117,26,92,77,24,46,14,133"/><V71/><F75/><W94/><G68/><T6/><D39/><U79/><E112/><V114/><F116/><W101/><G117/><T54/><D123/><U76/><E108/><V113/><F49/><W110/><G110/><T82/><D127/><U95/><E79/><N who="2" m="46399" /><F10/><W65/><G65/><T4/><D134/><U84/><E51/><V29/><F29/><W15/><G77/><T78/><D32/><U56/><E11/><V88/><F34/><W99/><G133/><T74/><D47/><U97/><REACH who="1" step="1"/><E102/><REACH who="1" ten="224,234,308,224" step="2"/><V25/><F114/><W33/><G46/><T120/><D8/><U118/><E118/><V43/><F113/><W28/><G0/><T98/><D50/><U40/><E40/><V37/><F43/><W42/><G42/><T69/><D78/><U131/><E131/><V45/><F45/><W105/><G1/><T21/><D120/><U59/><E59/><V20/><F37/><W3/><G3/><T60/><D58/><U124/><E124/><V93/><F122/><W135/><G135/><T16/><D74/><U115/><E115/><V55/><F121/><W125/><G125/><T83/><D4/><U106/><E106/><V2/><F2/><W63/><G63/><T52/><D6/><U73/><E73/><V13/><F71/><W62/><G62/><T85/><D60/><U70/><E70/><V67/><F129/><W57/><G57/><T109/><D69/><U9/><E9/><V130/><F130/><W23/><REACH who="3" step="1"/><G7/><REACH who="3" ten="224,234,308,214" step="2"/><T53/><D109/><U41/><E41/><V36/><F128/><W132/><G132/><T87/><D19/><RYUUKYOKU ba="0,2" sc="224,10,234,10,308,-30,214,10" hai0="16,21,27,52,53,54,82,83,85,87,91,96,98" hai1="30,31,48,56,72,76,80,84,89,95,97,100,104" hai3="14,15,17,23,24,26,28,33,92,94,99,101,105" /><INIT seed="3,1,2,0,0,25" ten="234,244,278,224" oya="3" hai0="115,109,68,44,27,71,34,93,91,105,75,88,90" hai1="106,132,65,82,23,96,59,45,97,60,41,56,129" hai2="9,70,86,37,73,24,29,13,111,32,8,127,76" hai3="116,72,28,47,21,18,126,124,66,84,12,46,122"/><W117/><G72/><T62/><D105/><U51/><E129/><V26/><F37/><W3/><G3/><T50/><D75/><U2/><E2/><V135/><F70/><W20/><G122/><T78/><D78/><U131/><E131/><V40/><F40/><W52/><G66/><T53/><D109/><U79/><E132/><V89/><F127/><N who="3" m="48683" /><G84/><T99/><D115/><U61/><E106/><V98/><F73/><W100/><G100/><T81/><D62/><U54/><REACH who="1" step="1"/><E23/><REACH who="1" ten="234,234,278,224" step="2"/><V15/><F135/><W103/><G103/><T0/><D0/><U58/><E58/><V128/><F128/><W118/><G52/><T110/><D110/><U22/><E22/><V5/><F111/><W112/><G112/><T114/><D114/><U85/><AGARI ba="1,3" hai="41,45,51,54,56,59,60,61,65,79,82,85,96,97" machi="85" ten="20,5200,0" yaku="1,1,0,1,7,1,8,1,53,0" doraHai="25" doraHaiUra="87" who="1" fromWho="1" sc="234,-14,234,85,278,-14,224,-27" owari="220,-18.0,319,42.0,264,6.0,197,-30.0" /></mjloggm>