<mjloggm ver="2.3"><GO type="225" lobby="0"/><UN n0="%E3%81%BD%E3%83%BC%E3%82%93%64%65%E3%83%AA%E3%83%B3%E3%82%B0" n1="%E7%B6%BE%E7%80%AC%E5%A5%88%E9%83%BD%E5%B8%8C" n2="%E3%81%94%E3%82%93%E3%81%96%E3%81%B6%E3%82%8D%E3%83%BC" n3="%E5%B0%B1%E6%B4%BB%E7%94%9F%40%E5%B7%9D%E6%9D%91%E8%BB%8D%E5%9B%A3" dan="16,16,16,16" rate="2077.15,2130.08,2130.18,2052.34" sx="M,F,M,M"/><TAIKYOKU oya="0"/><INIT seed="0,0,0,4,0,100" ten="250,250,250,250" oya="0" hai0="125,86,91,112,57,119,54,0,55,31,61,25,34" hai1="111,94,134,19,46,12,48,15,93,110,135,75,39" hai2="5,83,21,95,102,13,11,78,109,98,71,116,16" hai3="108,23,53,127,8,90,81,89,79,113,72,36,18"/><T41/><D112/><U24/><E39/><V17/><F109/><N who="1" m="41481" /><E75/><V128/><F128/><W97/><G113/><T105/><D119/><U42/><E24/><V104/><F116/><W52/><G108/><T132/><D0/><U117/><E117/><V30/><F71/><W28/><G36/><T92/><D132/><N who="1" m="50731" /><E15/><V84/><REACH who="2" step="1"/><F104/><REACH who="2" ten="250,250,240,250" step="2"/><W20/><G127/><T37/><D105/><U51/><E51/><V80/><F80/><W82/><G81/><T47/><REACH who="0" step="1"/><D125/><REACH who="0" ten="240,250,240,250" step="2"/><U38/><E38/><V126/><F126/><W67/><G72/><T118/><D118/><U121/><E121/><V120/><F120/><W106/><G106/><T56/><D56/><U60/><E60/><V88/><F88/><W58/><G89/><T114/><D114/><U9/><AGARI ba="0,2" hai="9,12,19,42,46,48,93,94" m="50731,41481" machi="9" ten="30,2000,0" yaku="14,1,20,1" doraHai="100" who="1" fromWho="1" sc="240,-10,250,40,240,-5,250,-5" /><INIT seed="1,0,0,2,2,27" ten="230,290,235,245" oya="1" hai0="133,78,8,101,4,92,68,51,106,104,13,58,29" hai1="77,72,9,120,107,32,135,70,10,6,23,33,3" hai2="124,97,31,36,15,21,63,84,14,134,102,16,125" hai3="19,30,128,98,50,103,25,60,49,83,109,95,86"/><U55/><E70/><V119/><F36/><W5/><G109/><T62/><D133/><U71/><E71/><V40/><F40/><W61/><G128/><T110/><D110/><U96/><E120/><V17/><F134/><W113/><G5/><T130/><D130/><U35/><E135/><V24/><F63/><W20/><G113/><T7/><D78/><U79/><E55/><V26/><F84/><W90/><G50/><T94/><D68/><U85/><E85/><V18/><F97/><W59/><G19/><N who="2" m="7241" /><F102/><W12/><G12/><N who="2" m="4649" /><F119/><W132/><G132/><T91/><D7/><N who="1" m="1279" /><E23/><AGARI ba="0,0" hai="18,21,23,24,26,31,124,125" m="4649,7241" machi="23" ten="30,7700,0" yaku="34,2,52,1,54,1" doraHai="27" who="2" fromWho="1" sc="230,0,290,-77,235,77,245,0" /><INIT seed="2,0,0,2,0,26" ten="230,213,312,245" oya="2" hai0="63,48,101,68,80,81,34,134,122,29,116,66,131" hai1="86,129,51,75,43,112,11,17,84,118,124,4,96" hai2="89,36,130,37,0,85,79,31,55,73,53,65,21" hai3="132,20,109,76,3,92,62,15,27,106,70,78,125"/><V102/><F0/><W41/><G106/><T105/><D122/><U25/><E75/><V104/><F130/><W120/><G3/><T47/><D131/><U88/><E112/><V33/><F33/><W23/><G120/><T93/><D116/><U18/><E129/><V72/><F65/><W94/><G41/><T32/><D93/><N who="1" m="56359" /><E118/><V97/><F73/><W49/><G109/><T108/><D108/><U13/><E124/><V64/><F64/><W52/><G132/><T10/><D10/><U28/><E28/><V2/><F2/><W7/><G62/><T113/><D113/><U135/><E135/><V127/><F127/><W126/><G70/><T87/><D134/><U111/><E111/><V60/><F60/><W128/><G128/><T91/><D81/><U77/><E25/><N who="2" m="16815" /><F36/><W117/><G117/><T12/><D34/><U90/><E77/><N who="3" m="29802" /><G126/><T35/><D35/><U107/><E107/><V54/><F37/><W119/><G119/><T38/><D38/><U30/><E30/><V42/><F72/><W8/><G125/><T71/><D71/><U67/><E67/><V22/><F79/><W40/><G40/><N who="0" m="24679" /><D32/><U95/><E86/><V82/><F104/><W19/><G23/><T100/><D29/><U133/><E133/><V45/><F22/><W59/><AGARI ba="0,0" hai="7,8,15,19,20,27,49,52,59,92,94" m="29802" machi="59" ten="30,2000,0" yaku="8,1,54,1" doraHai="26" who="3" fromWho="3" sc="230,-5,213,-5,312,-10,245,20" /><INIT seed="3,0,0,1,3,35" ten="225,208,302,265" oya="3" hai0="88,31,9,127,27,44,112,118,55,58,8,116,89" hai1="110,49,75,14,11,32,78,91,122,96,97,22,53" hai2="43,51,29,98,12,133,128,130,99,61,134,6,86" hai3="7,39,125,13,34,38,94,111,80,66,106,57,102"/><W129/><G106/><T105/><D105/><U101/><E122/><V72/><F72/><W60/><G34/><T16/><D127/><U104/><E32/><V68/><F29/><W109/><G125/><T108/><D108/><N who="3" m="41545" /><G129/><N who="2" m="49769" /><F86/><W19/><G80/><T41/><D112/><U20/><E110/><V69/><F51/><W62/><G62/><T50/><D116/><U42/><E42/><V2/><F43/><W26/><G26/><T107/><D107/><U120/><E120/><V48/><F48/><W124/><G124/><T5/><D118/><U47/><E78/><V30/><F61/><W123/><G123/><T126/><D126/><U52/><E75/><V76/><F76/><W114/><G114/><T45/><D45/><U92/><REACH who="1" step="1"/><E53/><REACH who="1" ten="225,198,302,265" step="2"/><V117/><F117/><W67/><G66/><T21/><D89/><U33/><E33/><V37/><F37/><W84/><G38/><T135/><D88/><U70/><E70/><V74/><F74/><W56/><G39/><T15/><D135/><U71/><E71/><V25/><F68/><W46/><G67/><T87/><D41/><U113/><E113/><V4/><F69/><W100/><G102/><T81/><D44/><U10/><E10/><N who="2" m="2327" /><F134/><W73/><G46/><T59/><D59/><U18/><AGARI ba="0,1" hai="11,14,18,20,22,47,49,52,91,92,96,97,101,104" machi="18" ten="20,5200,0" yaku="1,1,0,1,7,1,54,1,53,0" doraHai="35" doraHaiUra="65" who="1" fromWho="1" sc="225,-13,198,62,302,-13,265,-26" /><INIT seed="4,0,0,5,0,118" ten="212,260,289,239" oya="0" hai0="117,18,69,83,64,38,101,78,62,42,135,45,68" hai1="50,31,79,100,111,115,22,36,7,4,26,1,92" hai2="119,32,40,51,19,85,54,75,66,39,112,87,8" hai3="24,30,60,65,123,128,99,46,5,43,97,76,129"/><T114/><D117/><U59/><E36/><V127/><F32/><W48/><G76/><T102/><D114/><U124/><E111/><V72/><F119/><W104/><G5/><T133/><D68/><U16/><E1/><V121/><F121/><W12/><G12/><T134/><REACH who="0" step="1"/><D18/><REACH who="0" ten="202,260,289,239" step="2"/><U105/><E115/><V14/><F112/><W95/><G123/><T47/><D47/><U131/><E16/><V71/><F19/><W21/><G104/><T81/><D81/><U35/><E105/><V96/><F71/><W77/><G77/><T91/><D91/><U125/><E79/><V25/><F127/><W120/><G120/><T9/><D9/><U107/><E107/><V113/><F8/><W33/><G33/><T132/><N who="0" m="33792" /><DORA hai="88" /><T109/><D109/><U55/><E35/><V74/><F113/><W52/><G43/><T6/><D6/><U70/><E70/><V84/><F40/><W108/><G108/><T49/><D49/><U130/><E7/><V13/><F51/><W3/><G3/><T56/><D56/><U82/><E82/><V23/><F39/><W53/><G53/><T57/><D57/><U73/><E4/><V89/><F54/><W93/><G60/><T86/><AGARI ba="0,1" hai="38,42,45,62,64,69,78,83,86,101,102" m="33792" machi="86" ten="60,11700,0" yaku="1,1,0,1,20,1,53,0" doraHai="118,88" doraHaiUra="27,34" who="0" fromWho="0" sc="202,127,260,-39,289,-39,239,-39" owari="329,43.0,221,-18.0,250,5.0,200,-30.0" /></mjloggm>