<mjloggm ver="2.3"><GO type="169" lobby="0"/><UN n0="%4B%52%4A" n1="%6E%61%69%74%61" n2="%67%61%72%75%63%69%61" n3="%E3%82%A6%E3%83%AB%E3%83%88%E3%83%A9%E7%AB%8B%E7%9B%B4" dan="16,16,17,17" rate="2085.55,2108.61,2155.51,2212.24" sx="M,M,M,M"/><TAIKYOKU oya="0"/><INIT seed="0,0,0,4,5,131" ten="250,250,250,250" oya="0" hai0="27,122,93,72,120,95,124,74,51,24,60,129,128" hai1="36,94,3,21,123,30,88,114,38,43,41,97,85" hai2="10,109,33,67,18,50,26,12,23,35,46,106,98" hai3="71,37,103,116,48,125,102,83,69,134,77,73,39"/><T16/><D124/><U13/><E123/><V28/><F109/><W9/><G116/><T59/><D51/><U113/><E3/><V130/><F130/><N who="0" m="50282" /><D122/><U117/><E117/><V49/><F49/><W47/><G125/><T2/><D2/><U0/><E0/><V79/><F79/><W19/><G39/><N who="1" m="14890" /><E97/><V42/><REACH who="2" step="1"/><F67/><REACH who="2" ten="250,250,240,250" step="2"/><W55/><G37/><T87/><D120/><U66/><E66/><V58/><F58/><W104/><G69/><T112/><D59/><U22/><E113/><V105/><F105/><W14/><G71/><T64/><D64/><U29/><E114/><V86/><F86/><W52/><G104/><T62/><D87/><U34/><E85/><V121/><F121/><W68/><G68/><T7/><D72/><U111/><E111/><V91/><F91/><W84/><G73/><T53/><D74/><U61/><E88/><V90/><F90/><W101/><REACH who="3" step="1"/><G134/><REACH who="3" ten="250,250,240,240" step="2"/><T108/><D112/><U118/><E118/><V127/><F127/><W96/><G96/><T17/><D108/><U8/><E61/><V119/><F119/><W56/><G56/><T65/><D62/><U54/><E43/><AGARI ba="0,2" hai="9,14,19,43,47,48,52,55,77,83,84,101,102,103" machi="43" ten="40,8000,1" yaku="1,1,8,1,54,1,53,1" doraHai="131" doraHaiUra="80" who="3" fromWho="1" sc="250,0,250,-80,240,0,240,100" /><INIT seed="1,0,0,3,4,121" ten="250,170,240,340" oya="1" hai0="74,113,91,93,15,83,3,28,53,103,88,128,56" hai1="0,22,51,115,82,98,60,50,81,102,71,55,89" hai2="84,104,32,120,66,24,90,135,95,72,65,132,42" hai3="114,77,96,29,45,21,30,6,119,44,100,122,39"/><U130/><E115/><V117/><F120/><W75/><G122/><T101/><D113/><U86/><E0/><V41/><F117/><W62/><G114/><T9/><D3/><U25/><E130/><V76/><F104/><W38/><G119/><T4/><D128/><U134/><E134/><N who="2" m="51243" /><F72/><W94/><G6/><T48/><D28/><U106/><E81/><N who="2" m="47143" /><F66/><W27/><G77/><T7/><D7/><U36/><E36/><V61/><F24/><W123/><G75/><T111/><D74/><U13/><E13/><V112/><F32/><W133/><G133/><T37/><D37/><U105/><E105/><V18/><F18/><W99/><G123/><T33/><D33/><U2/><E2/><V78/><F78/><W116/><G116/><T92/><D4/><U35/><E35/><V17/><F17/><W23/><G39/><T67/><D67/><U108/><E108/><V34/><F34/><W97/><G38/><T52/><D111/><U19/><REACH who="1" step="1"/><E71/><REACH who="1" ten="250,160,240,340" step="2"/><N who="2" m="42415" /><F112/><W63/><G27/><T58/><D83/><U59/><AGARI ba="0,1" hai="19,22,25,50,51,55,59,60,82,86,89,98,102,106" machi="59" ten="30,3000,0" yaku="1,1,0,1,53,0" doraHai="121" doraHaiUra="68" who="1" fromWho="1" sc="250,-10,160,40,240,-10,340,-10" /><INIT seed="1,1,0,2,4,108" ten="240,200,230,330" oya="1" hai0="125,3,91,11,23,24,79,73,112,86,87,124,95" hai1="39,58,96,131,38,50,85,84,134,29,45,126,116" hai2="48,35,113,41,16,8,30,25,120,105,129,117,121" hai3="13,72,115,122,92,2,127,27,28,111,90,98,34"/><U110/><E116/><V54/><F105/><W55/><G2/><T62/><D73/><U77/><E110/><V135/><F117/><W43/><G122/><T14/><D3/><U70/><E70/><V128/><F135/><W75/><G111/><T109/><D109/><U52/><E134/><V4/><F41/><W26/><G115/><T42/><D42/><U15/><E131/><N who="2" m="50251" /><F113/><W53/><G127/><N who="0" m="48715" /><D62/><U10/><E126/><V66/><F66/><W64/><G26/><T33/><D33/><U103/><E29/><V51/><F51/><W17/><G64/><T107/><D107/><U69/><E69/><V102/><F102/><W40/><G40/><T32/><D32/><U0/><E0/><N who="2" m="7" /><F16/><W119/><G43/><T93/><D79/><U65/><E38/><V89/><F89/><W36/><G36/><T80/><D86/><N who="1" m="33387" /><E39/><V6/><F6/><W18/><G18/><N who="0" m="8543" /><D112/><U60/><E77/><V47/><AGARI ba="1,0" hai="25,30,35,47,48,54,120,121" m="7,50251" machi="47" ten="30,1100,0" yaku="19,1" doraHai="108" who="2" fromWho="2" sc="240,-4,200,-6,230,14,330,-4" /><INIT seed="2,0,0,4,2,108" ten="236,194,244,326" oya="2" hai0="45,80,21,90,123,65,87,100,57,12,59,134,132" hai1="98,109,127,101,36,97,131,0,47,41,116,76,91" hai2="39,92,4,70,35,102,96,133,27,18,130,53,114" hai3="72,61,19,52,33,81,117,31,73,86,2,95,37"/><V106/><F114/><W105/><G105/><T88/><D123/><U3/><E109/><V64/><F130/><W24/><G37/><T79/><D100/><U113/><E116/><V20/><F39/><W68/><G2/><T25/><D12/><U122/><E122/><V115/><F4/><W26/><G95/><T43/><D134/><U55/><E131/><V32/><F133/><W120/><G117/><T126/><D126/><U82/><E127/><V84/><F115/><W118/><G118/><T71/><D71/><U8/><E113/><V60/><F106/><W58/><G68/><T119/><D119/><U48/><E91/><N who="0" m="34857" /><D65/><U16/><E16/><V112/><F112/><W1/><G1/><T34/><D34/><U15/><E15/><V13/><F84/><W85/><G85/><T44/><D132/><U29/><E29/><V110/><F110/><W128/><G128/><T7/><D7/><U103/><E103/><V77/><F77/><W124/><G124/><T10/><D10/><U67/><E67/><V14/><F14/><W93/><G93/><T30/><D43/><U28/><E28/><V22/><REACH who="2" step="1"/><F53/><REACH who="2" ten="236,194,234,326" step="2"/><W51/><G120/><T6/><D6/><U42/><E36/><V63/><F63/><W23/><G61/><T5/><D5/><U83/><E76/><AGARI ba="0,1" hai="19,23,24,26,31,33,51,52,58,72,73,76,81,86" machi="76" ten="30,2000,0" yaku="7,1,54,1" doraHai="108" who="3" fromWho="1" sc="236,0,194,-20,234,0,326,30" /><INIT seed="3,0,0,4,0,135" ten="236,174,234,356" oya="3" hai0="88,45,23,69,74,113,9,24,111,37,127,22,39" hai1="109,99,10,64,125,25,49,44,114,116,76,61,83" hai2="46,110,17,52,55,5,93,106,14,107,91,66,108" hai3="77,94,3,34,18,63,129,1,119,28,92,62,7"/><W2/><G119/><T118/><D118/><U72/><E114/><V86/><F66/><W47/><G129/><T60/><D74/><U38/><E116/><V67/><F67/><W57/><G7/><T89/><D69/><U78/><E109/><N who="2" m="42091" /><F5/><W42/><G77/><T36/><D111/><U79/><E38/><V33/><F33/><W27/><G18/><T81/><D113/><U121/><E121/><V50/><F55/><W84/><G84/><T58/><D45/><U30/><E10/><AGARI ba="0,0" hai="10,14,17,46,50,52,86,91,93,106,107" m="42091" machi="10" ten="30,2000,0" yaku="14,1,54,1" doraHai="135" who="2" fromWho="1" sc="236,0,174,-20,234,20,356,0" /><INIT seed="4,0,0,3,4,40" ten="236,154,254,356" oya="0" hai0="94,131,130,70,65,121,87,90,110,60,105,114,41" hai1="72,19,1,25,98,30,84,96,108,71,55,2,101" hai2="62,135,48,3,22,32,21,97,28,23,128,49,54" hai3="56,6,4,51,68,18,112,75,118,63,93,44,79"/><T50/><D121/><U122/><E122/><V16/><F128/><N who="0" m="49194" /><D105/><U38/><E38/><V31/><F135/><W15/><G118/><T33/><D33/><U64/><E72/><V9/><F32/><W47/><G112/><T116/><D116/><U126/><E126/><V29/><F62/><W35/><G35/><T27/><D27/><U85/><E108/><V10/><F97/><W76/><G68/><T17/><D17/><U26/><E19/><V89/><F3/><W103/><G75/><T125/><D125/><U88/><E55/><V109/><F109/><W36/><G36/><T43/><D110/><U82/><E84/><V73/><F73/><W52/><G4/><T12/><D12/><U104/><E96/><V45/><F89/><W8/><G6/><T102/><D102/><U133/><E133/><V124/><F124/><W57/><G103/><T117/><D117/><U0/><REACH who="1" step="1"/><E30/><REACH who="1" ten="236,144,254,356" step="2"/><V83/><F16/><W111/><G111/><T11/><D114/><U120/><E120/><V39/><F39/><W34/><G18/><T66/><D87/><U91/><E91/><V13/><F13/><W86/><G15/><T129/><D90/><U81/><E81/><V100/><F100/><W134/><G134/><T69/><D129/><U127/><E127/><V24/><F83/><W5/><G86/><T46/><D94/><U119/><E119/><V99/><F99/><W58/><G93/><T115/><D115/><U92/><E92/><V20/><F49/><W123/><G123/><T37/><D50/><U106/><E106/><V80/><F80/><W132/><G132/><RYUUKYOKU ba="0,1" sc="236,-15,144,15,254,15,356,-15" hai1="0,1,2,25,26,64,71,82,85,88,98,101,104" hai2="9,10,20,21,22,23,24,28,29,31,45,48,54" /><INIT seed="5,1,1,4,3,40" ten="221,159,269,341" oya="1" hai0="75,8,111,32,24,22,71,74,10,52,54,67,93" hai1="5,41,1,135,57,133,18,26,16,39,86,61,58" hai2="127,132,119,120,89,47,84,130,109,49,66,17,85" hai3="110,50,83,131,115,112,9,44,79,30,20,27,0"/><U4/><E86/><V3/><F120/><W33/><G110/><T76/><D32/><U65/><E57/><V23/><F119/><W124/><G124/><T118/><D118/><U34/><E34/><V134/><F109/><W128/><G20/><T7/><D74/><U6/><E1/><V51/><F3/><W28/><G28/><T12/><D8/><U91/><E91/><V80/><F127/><W46/><G9/><T101/><D76/><U36/><E26/><V95/><F130/><N who="3" m="49707" /><G0/><T113/><D75/><U92/><E92/><V87/><F51/><W70/><G70/><T94/><D111/><U104/><E104/><V60/><F80/><W108/><G108/><T102/><D93/><U25/><E25/><V114/><F114/><N who="3" m="43563" /><G50/><T68/><D94/><U69/><E69/><V19/><F19/><N who="1" m="7209" /><E41/><N who="2" m="24815" /><F60/><W37/><G37/><T73/><D73/><AGARI ba="1,1" hai="27,30,33,44,46,73,79,83" m="43563,49707" machi="73" ten="30,7700,0" yaku="19,1,15,1,52,2" doraHai="40" who="3" fromWho="0" sc="221,-80,159,0,269,0,341,90" /><INIT seed="6,0,0,2,0,52" ten="141,159,269,431" oya="2" hai0="97,35,28,80,57,5,94,38,29,100,92,103,90" hai1="27,134,61,116,33,104,46,96,31,82,10,50,122" hai2="84,26,2,6,55,47,130,62,127,24,0,108,135" hai3="88,98,44,58,34,111,76,81,13,14,71,70,59"/><V30/><F127/><W132/><G34/><T79/><D38/><U117/><E134/><V45/><F135/><W39/><G39/><T74/><D5/><U40/><E122/><V102/><F130/><W95/><G111/><T124/><D124/><U66/><E82/><V91/><F108/><W114/><G71/><T89/><D35/><U11/><E11/><V19/><F102/><W121/><G70/><T110/><D110/><U15/><E15/><N who="3" m="5642" /><G114/><T78/><D57/><U4/><E4/><V72/><F72/><W53/><G121/><T16/><D16/><U9/><E9/><V41/><F6/><W56/><G132/><T25/><D29/><U48/><E48/><V51/><F19/><W21/><G21/><T99/><REACH who="0" step="1"/><D79/><REACH who="0" ten="131,159,269,431" step="2"/><U107/><E10/><V12/><F26/><W115/><G44/><T36/><D36/><U65/><E65/><V105/><F12/><W43/><G43/><T17/><D17/><U3/><E3/><V119/><F2/><W126/><G126/><T67/><D67/><U7/><E7/><V112/><F0/><W54/><G115/><T75/><D75/><U20/><E33/><N who="2" m="20679" /><F112/><W1/><G1/><T101/><D101/><U120/><E120/><V49/><F47/><W8/><G8/><T42/><D42/><U106/><REACH who="1" step="1"/><E96/><REACH who="1" ten="131,149,269,431" step="2"/><V133/><F133/><W83/><G76/><T60/><D60/><U128/><E128/><V23/><F62/><W18/><G18/><T123/><D123/><U63/><E63/><V22/><F41/><W125/><G125/><T86/><D86/><U32/><E32/><V85/><F84/><RYUUKYOKU ba="0,2" sc="131,10,149,10,269,-30,431,10" hai0="25,28,74,78,80,89,90,92,94,97,99,100,103" hai1="20,27,31,40,46,50,61,66,104,106,107,116,117" hai3="53,54,56,58,59,81,83,88,95,98" /><INIT seed="7,1,2,4,4,66" ten="141,159,239,441" oya="3" hai0="22,23,71,45,21,39,91,80,19,53,46,10,77" hai1="13,135,47,48,29,112,40,114,11,6,15,123,119" hai2="97,96,9,92,118,84,58,88,8,25,79,42,38" hai3="99,94,101,110,69,133,70,4,116,93,100,75,68"/><W127/><G116/><T73/><D71/><U128/><E123/><V85/><F118/><W124/><G75/><T67/><D67/><U83/><E119/><V56/><F38/><W60/><G4/><T122/><D122/><U57/><E135/><V121/><F121/><W113/><G113/><N who="1" m="43626" /><E128/><V59/><F42/><W34/><G34/><T27/><D39/><N who="1" m="21919" /><E29/><V43/><F43/><W107/><G133/><T20/><D10/><N who="2" m="4202" /><F25/><W95/><G110/><T126/><D126/><N who="3" m="48169" /><G60/><T54/><D91/><U0/><E83/><AGARI ba="1,2" hai="56,58,59,79,83,84,85,88,92,96,97" m="4202" machi="83" ten="30,2000,0" yaku="8,1,54,1" doraHai="66" who="2" fromWho="1" sc="141,0,159,-23,239,43,441,0" owari="141,-26.0,136,-36.0,282,8.0,441,54.0" /></mjloggm>