<mjloggm ver="2.3"><GO type="97" lobby="0"/><UN n0="%E5%B0%B1%E6%B4%BB%E7%94%9F%40%E5%B7%9D%E6%9D%91%E8%BB%8D%E5%9B%A3" n1="%65%76%61%63%61%6E%69%61" n2="%6B%61%6C%75" n3="%E3%83%87%E3%82%B9%E3%83%86%E3%83%8B%E3%83%BC%E3%83%84%E3%83%A2" dan="15,15,13,13" rate="2018.44,2044.17,1927.33,1940.69" sx="M,M,M,M"/><TAIKYOKU oya="0"/><INIT seed="0,0,0,1,0,66" ten="250,250,250,250" oya="0" hai0="80,55,113,108,25,42,50,19,35,97,116,126,26" hai1="99,9,63,129,61,93,83,133,33,104,69,105,52" hai2="68,45,78,114,115,48,84,85,95,47,101,49,14" hai3="76,3,27,11,82,38,135,60,18,44,132,81,43"/><T29/><D116/><U13/><E33/><V53/><F14/><N who="3" m="7519" /><G27/><T51/><D113/><U54/><E129/><V34/><F34/><W62/><G3/><T130/><D130/><U110/><E110/><V98/><F78/><W88/><G88/><T123/><D123/><U23/><E133/><N who="3" m="51274" /><G82/><T2/><D2/><U22/><E83/><V72/><F72/><AGARI ba="0,0" hai="38,43,44,60,62,72,76,81" m="51274,7519" machi="72" ten="30,1000,0" yaku="20,1" doraHai="66" who="3" fromWho="2" sc="250,0,250,0,250,-10,250,10" /><INIT seed="1,0,0,3,0,19" ten="250,250,240,260" oya="1" hai0="13,47,25,23,134,45,42,124,50,44,30,1,87" hai1="32,110,66,72,53,11,34,65,104,9,10,70,5" hai2="113,82,35,61,27,68,114,85,120,14,57,21,39" hai3="79,59,12,92,49,112,26,105,29,48,76,119,63"/><U37/><E104/><V78/><F120/><W6/><G105/><T95/><D1/><U60/><E72/><V55/><F39/><W90/><G112/><N who="2" m="43113" /><F68/><W111/><G111/><T133/><D124/><U77/><E77/><V67/><F14/><W56/><G119/><T8/><D133/><U0/><E37/><V52/><F35/><W46/><G6/><T96/><D87/><U86/><E110/><V16/><AGARI ba="0,0" hai="16,21,27,52,55,57,61,67,78,82,85" m="43113" machi="16" ten="30,7900,0" yaku="11,1,52,1,54,2" doraHai="19" who="2" fromWho="2" sc="250,-20,250,-39,240,79,260,-20" /><INIT seed="2,0,0,4,5,30" ten="230,211,319,240" oya="2" hai0="39,83,96,100,46,133,15,18,53,64,74,5,95" hai1="131,1,35,36,134,132,10,3,31,55,14,89,57" hai2="117,84,29,17,94,43,24,9,11,72,67,23,44" hai3="49,27,66,98,126,34,114,87,90,130,78,115,13"/><V65/><F72/><W128/><G66/><T121/><D121/><U28/><E36/><V52/><F117/><W37/><G37/><T58/><D133/><N who="1" m="51307" /><E89/><N who="2" m="53543" /><F43/><W80/><G49/><T118/><D5/><N who="1" m="3407" /><E131/><N who="3" m="50218" /><G126/><T99/><D64/><N who="2" m="24650" /><F17/><W69/><G13/><T60/><D118/><U6/><E6/><V113/><F113/><N who="3" m="43019" /><G69/><T25/><D74/><U108/><E108/><V2/><F2/><N who="1" m="521" /><E35/><V19/><F19/><W86/><G98/><T73/><D96/><U104/><E104/><V21/><F21/><W41/><G41/><T91/><D39/><U81/><E81/><V102/><F102/><W40/><G40/><T63/><D100/><U124/><E124/><V38/><F38/><W20/><G20/><T47/><D83/><U54/><E54/><V122/><F122/><W71/><G71/><T12/><D73/><U79/><E79/><V7/><F7/><W77/><G87/><T82/><D25/><U125/><E125/><V62/><F24/><W97/><G97/><T42/><D42/><U70/><E70/><V0/><F0/><W22/><G22/><T127/><D127/><U68/><E68/><V105/><F23/><W111/><G111/><T45/><D18/><U106/><E106/><V61/><F105/><W112/><N who="3" m="43027" /><W92/><DORA hai="33" /><G80/><T85/><D63/><AGARI ba="0,0" hai="28,31,55,57,63" m="521,3407,51307" machi="63" ten="30,7700,0" yaku="20,1,52,3" doraHai="30,33" who="1" fromWho="0" sc="230,-77,211,77,319,0,240,0" /><INIT seed="3,0,0,3,3,63" ten="153,288,319,240" oya="3" hai0="69,27,110,80,97,73,51,125,94,109,56,108,54" hai1="18,102,118,127,22,77,75,40,37,53,48,99,36" hai2="5,113,70,92,14,1,88,114,59,9,120,15,74" hai3="26,85,52,32,101,4,105,124,47,79,43,44,50"/><W98/><G124/><T25/><D69/><U2/><E127/><V117/><F70/><W128/><G128/><T38/><D125/><U57/><E2/><V46/><F117/><W39/><G4/><T16/><D38/><U81/><E40/><V66/><F74/><W91/><G79/><T122/><D122/><U7/><E7/><V64/><F1/><W33/><REACH who="3" step="1"/><G26/><REACH who="3" ten="153,288,319,230" step="2"/><T107/><D107/><U123/><E123/><V115/><F120/><W71/><G71/><T90/><D73/><U31/><E118/><V3/><F3/><W49/><G49/><T8/><REACH who="0" step="1"/><D80/><AGARI ba="0,1" hai="32,33,39,43,44,47,50,52,80,85,91,98,101,105" machi="80" ten="30,5800,0" yaku="1,1,7,1,54,1,53,0" doraHai="63" doraHaiUra="132" who="3" fromWho="0" sc="153,-58,288,0,319,0,230,68" /><INIT seed="3,1,0,3,5,113" ten="95,288,319,298" oya="3" hai0="7,62,20,70,78,55,15,27,108,71,47,99,85" hai1="125,69,39,107,53,100,6,91,110,59,33,63,32" hai2="103,90,105,128,18,21,82,1,60,35,123,116,3" hai3="9,56,75,58,95,117,106,83,61,118,87,65,34"/><W48/><G34/><T8/><D108/><U41/><E110/><V88/><F35/><W74/><G106/><T109/><D109/><U12/><E125/><V23/><F116/><W89/><G75/><T29/><D71/><U72/><E72/><V129/><F60/><W112/><G112/><T126/><D70/><U114/><E114/><V37/><F37/><W76/><G9/><T104/><D126/><U36/><E91/><V16/><F82/><W4/><G4/><T50/><D104/><U77/><E77/><V52/><F105/><W73/><G73/><T121/><D121/><U96/><E36/><V66/><F103/><W115/><G115/><T17/><D99/><U13/><E13/><V30/><F52/><W64/><REACH who="3" step="1"/><G48/><REACH who="3" ten="95,288,319,288" step="2"/><T133/><D133/><U93/><E107/><V130/><F130/><W102/><G102/><T19/><D62/><AGARI ba="1,1" hai="56,58,61,62,64,65,74,76,83,87,89,95,117,118" machi="62" ten="40,12000,1" yaku="1,1,9,1,52,2,53,0" doraHai="113" doraHaiUra="97" who="3" fromWho="0" sc="95,-123,288,0,319,0,288,133" owari="-28,-53.0,288,-11.0,319,12.0,421,52.0" /></mjloggm>