<mjloggm ver="2.3"><GO type="97" lobby="0"/><UN n0="%E3%83%88%E3%83%88%E3%83%AA%E5%85%88%E7%94%9F%31%39%E6%AD%B3" n1="%E3%82%86%E3%81%BF" n2="%54%41%44" n3="%E5%B7%9D%E6%9D%91%E5%B0%8F%E9%9A%8A%E4%B8%89%E7%AD%89%E5%85%B5" dan="14,14,14,14" rate="2041.54,1945.48,1939.54,1985.44" sx="F,F,M,M"/><TAIKYOKU oya="0"/><INIT seed="0,0,0,2,4,97" ten="250,250,250,250" oya="0" hai0="61,39,76,67,120,58,109,18,32,54,126,53,10" hai1="64,33,59,65,86,74,26,50,124,14,51,116,99" hai2="28,16,24,123,130,75,0,72,35,81,87,93,89" hai3="108,37,71,90,96,94,49,129,42,125,44,131,78"/><T3/><D120/><U114/><E116/><V43/><F0/><W23/><G108/><T4/><D39/><U110/><E74/><V15/><F123/><W101/><G78/><T103/><D109/><U98/><E110/><V55/><F130/><N who="3" m="49675" /><G71/><T113/><D113/><U79/><E114/><V60/><F43/><W27/><G125/><T20/><D32/><U9/><E33/><V6/><F6/><W56/><G56/><T88/><D126/><U106/><E26/><V84/><F60/><W63/><G63/><T52/><D76/><U132/><E106/><V25/><F25/><W13/><G13/><T47/><D88/><U73/><E73/><V133/><F55/><W92/><G37/><T2/><D2/><U135/><E124/><V5/><F5/><W82/><G82/><T41/><D41/><U46/><E79/><V122/><F122/><W31/><G90/><T95/><D95/><AGARI ba="0,0" hai="23,27,31,42,44,49,92,94,95,96,101" m="49675" machi="95" ten="30,2000,0" yaku="19,1,52,1" doraHai="97" who="3" fromWho="0" sc="250,-20,250,0,250,0,250,20" /><INIT seed="1,0,0,5,3,15" ten="230,250,250,270" oya="1" hai0="111,126,32,112,79,8,52,30,66,21,38,96,75" hai1="102,132,109,114,61,77,115,50,26,20,127,4,5" hai2="17,119,94,2,135,51,121,12,11,47,85,117,59" hai3="68,124,80,33,118,40,76,28,103,99,1,58,134"/><U100/><E132/><V43/><F121/><W131/><G58/><T55/><D112/><U7/><E127/><V82/><F135/><W48/><G48/><T19/><D38/><U97/><E77/><V45/><F2/><W133/><G40/><T98/><D126/><U25/><E109/><V14/><F94/><W36/><G36/><T74/><D111/><U41/><E61/><V73/><F73/><N who="3" m="43023" /><G1/><T130/><D130/><U91/><E115/><V60/><F47/><W108/><G108/><T84/><D74/><U113/><E26/><V105/><F105/><W65/><G124/><T18/><D75/><U34/><E34/><V35/><F35/><W71/><G131/><T101/><D32/><U24/><E24/><V10/><F60/><N who="3" m="39975" /><G71/><T3/><D66/><U64/><E64/><V37/><F59/><W13/><G13/><N who="0" m="7591" /><D30/><U9/><E9/><V22/><F37/><W89/><G89/><T62/><D3/><U92/><E114/><V67/><F67/><W125/><G125/><T69/><D69/><U29/><E113/><V104/><F104/><N who="3" m="63615" /><G118/><T42/><D42/><U46/><AGARI ba="0,0" hai="4,5,7,20,25,29,41,46,50,91,92,97,100,102" machi="46" ten="30,3000,0" yaku="0,1,8,1" doraHai="15" who="1" fromWho="1" sc="230,-10,250,30,250,-10,270,-10" /><INIT seed="1,1,0,2,3,106" ten="220,280,240,260" oya="1" hai0="125,27,49,18,111,43,103,82,31,48,83,61,32" hai1="116,45,67,26,99,122,39,44,2,76,28,118,85" hai2="129,70,19,88,50,68,87,9,59,46,15,35,52" hai3="1,132,47,65,29,90,63,6,60,77,57,74,117"/><U75/><E122/><V11/><F35/><W20/><G6/><T38/><D111/><U113/><E45/><V121/><F121/><W108/><G1/><T84/><D125/><U128/><E113/><V105/><F105/><W81/><G108/><T41/><D103/><U107/><E85/><V21/><F129/><W104/><G104/><T110/><D110/><U30/><E30/><V133/><F133/><W3/><G3/><T34/><D34/><N who="1" m="20759" /><E67/><V22/><F70/><W17/><G29/><T78/><D18/><U14/><E14/><V109/><F68/><W71/><G47/><T134/><D134/><U92/><E92/><N who="2" m="54303" /><F109/><W16/><G132/><T23/><D32/><U0/><E128/><V64/><F64/><W89/><G117/><N who="1" m="45162" /><E99/><V101/><F101/><W123/><G123/><T56/><D82/><N who="1" m="45343" /><E107/><V79/><F79/><W80/><G80/><T135/><D135/><U73/><E73/><V33/><F33/><W86/><G86/><T12/><D12/><U58/><E58/><V53/><F21/><W25/><REACH who="3" step="1"/><G17/><REACH who="3" ten="220,280,240,250" step="2"/><T8/><D38/><U36/><E39/><V37/><F37/><W93/><G93/><T7/><D41/><AGARI ba="1,1" hai="0,2,36,41,44" m="45343,45162,20759" machi="41" ten="30,2900,0" yaku="23,1,52,1" doraHai="106" who="1" fromWho="0" sc="220,-32,280,42,240,0,250,0" /><INIT seed="1,2,0,1,2,22" ten="188,322,240,250" oya="1" hai0="28,48,99,111,96,30,73,74,122,127,62,93,75" hai1="39,69,76,114,95,60,46,31,1,40,121,70,5" hai2="103,51,2,83,89,87,71,8,115,34,86,94,116" hai3="109,4,78,14,97,123,120,134,112,42,35,126,98"/><U110/><E121/><V101/><F71/><W54/><G112/><T79/><D122/><U55/><E114/><V29/><F116/><W106/><G42/><T26/><D111/><U52/><E110/><V102/><F115/><W131/><G109/><T21/><D127/><U104/><E104/><V32/><F2/><W68/><G68/><T72/><N who="0" m="18432" /><DORA hai="0" /><T57/><D79/><U23/><E76/><V129/><F129/><W53/><G78/><T37/><D37/><U100/><E100/><V128/><F128/><W44/><G131/><T132/><D132/><U113/><E95/><V77/><F8/><W12/><G134/><T81/><D81/><U63/><E113/><V49/><REACH who="2" step="1"/><F34/><REACH who="2" ten="188,322,230,250" step="2"/><W124/><G35/><T56/><D30/><U80/><E70/><V27/><AGARI ba="2,1" hai="27,29,32,49,51,77,83,86,87,89,94,101,102,103" machi="27" ten="30,12000,2" yaku="1,1,2,1,0,1,52,1,53,2" doraHai="22,0" doraHaiUra="17,47" who="2" fromWho="2" sc="188,-32,322,-62,230,136,250,-32" /><INIT seed="2,0,0,1,4,60" ten="156,260,366,218" oya="2" hai0="92,106,119,25,17,113,79,45,128,26,103,85,121" hai1="28,14,84,105,9,4,62,125,127,74,42,68,59" hai2="132,82,104,15,69,99,116,16,71,90,89,24,43" hai3="35,40,110,21,78,134,13,47,56,63,58,53,6"/><V87/><F116/><W112/><G35/><T30/><D121/><U102/><E74/><V57/><F132/><W23/><G134/><T114/><D119/><U7/><E68/><V88/><F43/><W117/><G117/><T12/><D106/><U51/><E28/><V64/><F71/><W107/><G107/><T20/><D128/><U95/><E105/><V96/><F69/><W55/><G110/><T8/><D26/><U41/><E7/><V18/><F104/><W135/><G135/><T81/><D113/><U122/><E51/><V133/><F133/><W32/><G32/><T0/><D114/><U126/><E122/><V52/><F64/><W73/><G73/><T29/><D0/><U48/><E48/><N who="2" m="30855" /><F24/><W27/><G78/><T61/><D45/><U66/><REACH who="1" step="1"/><E84/><REACH who="1" ten="156,250,366,218" step="2"/><V98/><F18/><W124/><G112/><T86/><D61/><U91/><E91/><V37/><F37/><W11/><G63/><T5/><REACH who="0" step="1"/><D86/><REACH who="0" ten="146,250,366,218" step="2"/><U77/><E77/><V33/><F33/><W3/><G3/><T129/><D129/><U76/><E76/><V38/><F38/><W22/><G27/><T2/><D2/><U67/><E67/><V115/><F115/><W97/><G13/><T10/><D10/><AGARI ba="0,2" hai="10,15,16,82,87,88,89,90,96,98,99" m="30855" machi="10" ten="30,11600,0" yaku="8,1,54,3" doraHai="60" who="2" fromWho="0" sc="146,-116,250,0,366,136,218,0" /><INIT seed="2,1,0,5,2,82" ten="30,250,502,218" oya="2" hai0="116,88,43,103,66,91,11,1,57,47,4,17,46" hai1="3,73,44,95,70,39,79,124,71,0,2,85,13" hai2="127,134,108,26,40,36,114,97,69,131,75,96,107" hai3="129,83,94,89,28,48,56,42,86,7,21,93,135"/><V87/><F87/><W29/><G129/><T50/><D116/><U63/><E73/><V84/><F84/><W14/><G135/><T10/><D103/><U98/><E124/><V16/><F16/><N who="3" m="10391" /><G7/><T125/><D125/><U27/><E13/><V126/><F26/><W62/><G48/><T110/><D110/><U54/><E27/><V76/><F96/><N who="3" m="57391" /><G42/><T81/><D1/><U117/><E117/><V8/><F97/><W67/><G94/><T19/><D81/><U22/><E22/><V6/><F76/><AGARI ba="1,0" hai="28,29,56,62,67,76,83,86" m="57391,10391" machi="76" ten="30,3900,0" yaku="8,1,52,1,54,1" doraHai="82" who="3" fromWho="2" sc="30,0,250,0,502,-42,218,42" /><INIT seed="3,0,0,2,4,19" ten="30,250,460,260" oya="3" hai0="115,68,40,122,83,0,13,48,111,77,99,59,55" hai1="78,52,64,125,112,34,62,66,127,7,76,31,85" hai2="75,5,101,65,107,133,92,96,32,114,14,113,94" hai3="9,38,25,39,129,46,128,43,108,42,15,11,79"/><W90/><G79/><T54/><D59/><N who="1" m="35175" /><E7/><V10/><F75/><W20/><G108/><T104/><D13/><U134/><E112/><V95/><F32/><W82/><G82/><T87/><D99/><U8/><E134/><V116/><F116/><W29/><G90/><T109/><D87/><U120/><E120/><V61/><REACH who="2" step="1"/><F133/><REACH who="2" ten="30,250,450,260" step="2"/><W28/><G46/><T22/><D55/><U74/><E74/><V67/><F67/><W4/><G4/><T51/><D83/><U93/><E66/><V47/><F47/><W91/><G91/><T21/><D51/><U70/><E64/><V12/><F12/><W6/><G6/><T3/><D104/><U50/><E50/><V89/><F89/><W37/><G15/><T53/><D48/><U119/><E119/><V130/><F130/><W18/><G129/><T45/><D45/><U81/><E78/><V71/><AGARI ba="0,1" hai="5,10,14,61,65,71,92,94,95,96,101,107,113,114" machi="71" ten="30,4000,0" yaku="1,1,0,1,53,1" doraHai="19" doraHaiUra="58" who="2" fromWho="2" sc="30,-10,250,-10,450,50,260,-20" owari="20,-48.0,240,4.0,500,60.0,240,-16.0" /></mjloggm>