<mjloggm ver="2.3"><GO type="97" lobby="0"/><UN n0="%E9%BA%A6%E3%81%A8%E3%83%9B%E3%83%83%E3%83%97" n1="%E5%B0%B1%E6%B4%BB%E7%94%9F%40%E5%B7%9D%E6%9D%91%E8%BB%8D%E5%9B%A3" n2="%6E%61%67%61%30%33" n3="%E3%81%B9%E3%81%91%E3%82%93" dan="13,15,14,15" rate="1933.89,1994.78,1952.26,2046.27" sx="M,M,M,M"/><TAIKYOKU oya="0"/><INIT seed="0,0,0,0,1,123" ten="250,250,250,250" oya="0" hai0="56,98,66,115,42,76,2,104,6,33,9,86,38" hai1="14,7,72,135,59,67,93,39,5,103,36,120,106" hai2="99,97,111,13,78,40,46,32,109,134,47,30,58" hai3="77,34,85,3,102,74,129,15,16,122,24,91,21"/><T113/><D33/><U119/><E106/><V4/><F47/><W81/><G122/><T11/><D11/><U128/><E119/><V127/><F78/><W10/><G129/><T101/><D56/><U44/><E120/><V51/><F32/><W20/><G102/><T17/><D17/><U105/><E105/><V48/><F30/><W54/><G3/><T12/><D12/><U26/><E72/><V55/><F134/><W73/><G34/><T100/><D66/><U60/><E135/><V50/><F127/><W25/><G54/><T8/><D8/><U117/><E117/><V63/><F13/><W35/><G35/><T31/><D31/><U116/><E128/><V29/><F4/><W89/><G89/><T52/><D52/><U124/><E124/><V68/><F29/><W0/><G0/><T79/><D101/><U71/><E116/><V22/><F22/><W65/><G65/><T49/><D38/><U130/><E130/><V45/><F68/><W84/><G74/><T57/><D76/><U95/><E71/><V83/><F83/><N who="3" m="49567" /><G73/><T114/><D113/><U88/><E39/><N who="2" m="21663" /><F46/><W62/><G62/><T70/><D2/><U108/><E44/><V28/><F28/><N who="3" m="17415" /><G25/><T69/><D70/><U125/><E26/><V132/><F132/><W23/><AGARI ba="0,0" hai="10,15,16,21,23,77,81,85" m="17415,49567" machi="23" ten="30,2000,0" yaku="8,1,54,1" doraHai="123" who="3" fromWho="3" sc="250,-10,250,-5,250,-5,250,20" /><INIT seed="1,0,0,3,0,103" ten="240,245,245,270" oya="1" hai0="129,96,132,13,49,115,57,111,33,82,36,50,134" hai1="65,114,23,70,5,60,37,89,106,117,3,118,99" hai2="86,77,93,32,72,75,22,127,100,91,90,43,29" hai3="64,41,122,131,10,95,62,67,9,16,76,18,44"/><U7/><E114/><V85/><F32/><W73/><G122/><T87/><D111/><U40/><E23/><V31/><F100/><W108/><G108/><T8/><D129/><U130/><E130/><V6/><F6/><W52/><G131/><T4/><D115/><U84/><E5/><V126/><F43/><W113/><G113/><T53/><D36/><U81/><E7/><V47/><F47/><W17/><G73/><T92/><D33/><U97/><E3/><V128/><F128/><W30/><G76/><T2/><D2/><U61/><E61/><V119/><F77/><W48/><G30/><T46/><D46/><U102/><REACH who="1" step="1"/><E97/><REACH who="1" ten="240,235,245,270" step="2"/><V1/><F1/><W55/><G10/><T25/><D132/><U28/><E28/><V69/><F22/><W38/><G9/><T19/><D4/><U51/><E51/><V58/><F31/><W15/><G38/><T78/><D50/><U83/><E83/><V124/><F29/><W133/><G133/><T112/><D112/><U121/><E121/><V109/><F109/><W45/><G62/><T110/><D110/><U20/><E20/><V54/><F126/><W14/><G48/><T39/><D39/><U135/><E135/><V24/><F127/><W26/><G18/><T66/><D134/><U21/><E21/><V11/><F124/><W59/><G17/><T42/><D82/><U0/><E0/><V79/><F11/><W68/><G16/><T34/><D19/><U105/><E105/><V27/><F24/><W88/><G26/><T104/><D8/><U35/><E35/><V123/><F27/><RYUUKYOKU ba="0,1" sc="240,-10,235,30,245,-10,270,-10" hai1="37,40,60,65,70,81,84,89,99,102,106,117,118" /><INIT seed="1,1,1,4,3,89" ten="230,265,235,260" oya="1" hai0="38,32,49,11,54,66,5,135,0,99,37,55,46" hai1="63,50,83,41,122,79,33,105,115,118,65,114,3" hai2="111,43,8,101,123,127,51,15,102,106,29,107,88" hai3="39,40,68,71,56,24,94,26,73,72,84,60,21"/><U112/><E33/><V78/><F88/><W67/><G26/><T82/><D135/><U42/><E3/><V52/><F78/><W28/><G39/><T6/><D32/><U93/><E105/><V9/><F43/><W126/><G40/><T108/><D108/><U10/><E122/><V17/><F29/><W76/><G126/><T4/><D4/><U103/><E118/><V25/><F25/><W57/><G57/><T53/><D6/><U74/><E10/><V133/><F123/><W90/><REACH who="3" step="1"/><G76/><REACH who="3" ten="230,265,235,250" step="2"/><T75/><D38/><U13/><E42/><V128/><F127/><W98/><G98/><T18/><D99/><U117/><E117/><V124/><F124/><W58/><G58/><T119/><D37/><U47/><E112/><V70/><F70/><AGARI ba="1,2" hai="21,24,28,56,60,67,68,70,71,72,73,84,90,94" machi="70" ten="40,5200,0" yaku="1,1,52,1,53,1" doraHai="89" doraHaiUra="27" who="3" fromWho="2" sc="230,0,265,0,235,-55,250,75" /><INIT seed="2,0,0,4,0,24" ten="230,265,180,325" oya="2" hai0="63,4,40,32,18,2,67,26,118,1,8,74,21" hai1="94,115,91,100,83,7,54,113,108,60,82,130,99" hai2="81,34,70,47,45,101,38,17,131,109,64,126,30" hai3="84,117,78,61,65,119,133,85,62,72,124,77,14"/><V112/><F17/><W73/><G14/><T36/><D74/><U96/><E7/><V51/><F47/><W15/><G15/><T97/><D118/><U20/><E20/><V128/><F51/><W76/><G124/><T75/><D75/><U6/><E6/><V110/><F101/><W79/><G77/><T35/><D2/><U33/><E33/><V16/><F112/><N who="1" m="43081" /><E60/><N who="2" m="40199" /><F126/><W121/><G78/><T71/><REACH who="0" step="1"/><D97/><REACH who="0" ten="220,265,180,325" step="2"/><U46/><E96/><V23/><F81/><W9/><G73/><T80/><D80/><U93/><E83/><V58/><F45/><AGARI ba="0,1" hai="1,4,8,18,21,26,32,35,36,40,45,63,67,71" machi="45" ten="40,2600,0" yaku="1,1,53,1" doraHai="24" doraHaiUra="57" who="0" fromWho="2" sc="220,36,265,0,180,-26,325,0" /><INIT seed="3,0,0,3,4,33" ten="256,265,154,325" oya="3" hai0="129,98,108,106,100,70,110,105,93,48,127,114,45" hai1="102,125,134,7,67,56,60,34,14,103,124,16,82" hai2="11,30,47,8,119,120,88,121,3,73,118,20,126" hai3="92,44,2,28,69,29,101,122,43,74,76,115,27"/><W25/><G69/><T83/><D70/><U19/><E34/><V37/><F47/><W17/><G17/><N who="1" m="6730" /><E134/><V38/><F88/><W9/><G9/><N who="2" m="3657" /><F20/><W94/><G28/><T18/><D114/><U55/><E14/><V66/><F30/><W40/><G92/><T79/><D127/><N who="1" m="48715" /><E7/><V50/><F126/><W59/><G43/><N who="0" m="24639" /><D129/><U65/><E82/><V112/><F50/><W72/><G72/><N who="0" m="43495" /><D18/><U111/><E111/><AGARI ba="0,0" hai="93,98,100,105,106,108,110,111" m="43495,24639" machi="111" ten="30,1000,0" yaku="14,1" doraHai="33" who="0" fromWho="1" sc="256,10,265,-10,154,0,325,0" owari="266,7.0,255,-14.0,154,-35.0,325,42.0" /></mjloggm>