<mjloggm ver="2.3"><GO type="97" lobby="0"/><UN n0="%6D%69%79%61%6D%61%73%75" n1="%E5%A4%A9%E6%8E%A9%E6%B5%81%E5%85%8D%E8%A8%B1%E7%9A%86%E4%BC%9D" n2="%41%63%63%75%72%61%79" n3="%E3%83%88%E3%83%88%E3%83%AA%E5%85%88%E7%94%9F%31%39%E6%AD%B3" dan="13,14,14,14" rate="1911.83,1981.71,1887.34,2028.07" sx="M,M,M,F"/><TAIKYOKU oya="0"/><INIT seed="0,0,0,3,1,78" ten="250,250,250,250" oya="0" hai0="59,30,33,22,119,5,2,97,112,123,6,50,86" hai1="111,17,94,20,129,76,124,43,91,18,134,109,105" hai2="125,110,12,51,38,56,82,36,101,81,102,16,1" hai3="41,107,114,29,66,75,67,32,108,57,92,99,25"/><T79/><D112/><U7/><E124/><V126/><F1/><W98/><G114/><T103/><D119/><U65/><E129/><V70/><F70/><W48/><G75/><T135/><D123/><U49/><E134/><V27/><F27/><W131/><G131/><T44/><D33/><U45/><E105/><V73/><F73/><W64/><G108/><N who="1" m="41546" /><E7/><N who="0" m="2569" /><D2/><U52/><E65/><V62/><F110/><W54/><G107/><T106/><D106/><U37/><E76/><V53/><F38/><W115/><G115/><T14/><D135/><U0/><E20/><N who="2" m="11271" /><F36/><W83/><G41/><N who="0" m="24847" /><D59/><N who="1" m="33167" /><E0/><V3/><F3/><W19/><G32/><T8/><D103/><N who="2" m="39434" /><F126/><W13/><G64/><T35/><D97/><AGARI ba="0,0" hai="17,18,37,43,45,91,94,97" m="33167,41546" machi="97" ten="30,2000,0" yaku="14,1,54,1" doraHai="78" who="1" fromWho="0" sc="250,-20,250,20,250,0,250,0" /><INIT seed="1,0,0,1,2,105" ten="230,270,250,250" oya="1" hai0="14,13,51,107,21,63,5,4,115,134,110,81,48" hai1="22,97,38,60,30,92,87,55,12,121,15,130,39" hai2="93,109,73,49,82,52,113,75,135,104,1,6,29" hai3="133,35,41,25,125,83,28,57,103,69,26,112,76"/><U18/><E121/><V96/><F104/><W33/><G112/><T106/><D115/><U58/><E130/><V2/><F113/><W11/><G133/><T127/><D134/><U132/><E132/><V95/><F135/><W111/><G111/><T3/><D110/><U34/><E87/><V102/><F109/><W85/><G125/><T131/><D127/><U91/><REACH who="1" step="1"/><E15/><REACH who="1" ten="230,260,250,250" step="2"/><V19/><F1/><W37/><G85/><T10/><D14/><U114/><E114/><V36/><F2/><W101/><G25/><AGARI ba="0,1" hai="12,18,22,25,30,34,38,39,55,58,60,91,92,97" machi="25" ten="40,2000,0" yaku="1,1,53,0" doraHai="105" doraHaiUra="79" who="1" fromWho="3" sc="230,0,260,30,250,0,250,-20" /><INIT seed="1,1,0,2,4,20" ten="230,290,250,230" oya="1" hai0="65,96,45,129,73,36,35,9,48,132,123,102,89" hai1="61,41,110,80,59,64,98,28,130,33,52,90,29" hai2="51,49,32,50,126,124,121,30,92,17,72,99,37" hai3="55,70,47,113,42,114,25,5,101,38,95,14,16"/><U19/><E130/><V88/><F121/><W62/><G5/><T60/><D35/><U133/><E133/><V46/><F72/><W103/><G25/><T3/><D36/><U131/><E131/><V100/><F17/><W39/><G39/><T83/><D129/><U34/><E41/><V4/><F46/><W18/><G18/><T53/><D132/><U22/><E110/><V8/><F37/><W108/><G108/><T119/><D123/><U23/><E33/><V122/><F122/><W77/><G77/><T128/><D128/><U76/><E34/><V58/><F58/><W67/><G55/><T120/><D120/><U74/><E23/><V118/><F118/><W127/><G127/><N who="2" m="48681" /><F100/><W87/><G101/><T97/><D119/><U94/><E64/><V78/><F78/><W63/><G63/><T107/><D3/><U7/><E7/><V69/><F69/><W2/><G2/><T13/><D96/><U44/><REACH who="1" step="1"/><E44/><REACH who="1" ten="230,280,250,230" step="2"/><V125/><F125/><W6/><G6/><T112/><D45/><U84/><E84/><V86/><F86/><W105/><G87/><N who="0" m="50431" /><D65/><U26/><AGARI ba="1,1" hai="19,22,26,28,29,52,59,61,74,76,80,90,94,98" machi="26" ten="20,18000,2" yaku="1,1,0,1,7,1,25,2,52,1,54,1,53,0" doraHai="20" doraHaiUra="71" who="1" fromWho="1" sc="230,-61,280,193,250,-61,230,-61" /><INIT seed="1,2,0,1,4,17" ten="169,473,189,169" oya="1" hai0="27,118,101,11,77,70,83,109,65,126,18,97,34" hai1="8,42,46,43,16,116,85,72,21,3,63,62,26" hai2="4,12,59,122,57,35,24,33,93,134,49,0,30" hai3="108,67,99,105,19,25,6,58,50,87,37,98,41"/><U128/><E72/><V39/><F39/><W104/><G37/><T133/><D118/><U76/><E116/><V75/><F122/><W2/><G108/><T56/><D56/><U124/><E124/><V113/><F113/><W107/><G87/><T91/><D91/><U71/><E128/><V96/><F134/><W66/><G6/><T69/><D133/><U129/><E129/><V1/><F75/><W23/><G2/><T81/><D109/><U22/><E8/><V123/><F123/><W89/><G89/><T88/><D88/><U102/><E3/><V79/><F79/><W127/><G127/><T106/><D126/><U61/><E102/><N who="2" m="60687" /><F33/><W73/><G73/><T80/><D77/><U32/><E32/><V52/><F35/><W84/><G84/><T45/><D45/><U74/><E46/><N who="2" m="27703" /><F1/><W31/><G99/><T121/><D121/><U47/><E47/><V48/><F48/><W51/><G98/><T53/><D34/><U5/><E74/><V90/><F90/><W95/><G95/><T112/><D97/><U64/><E76/><V132/><F0/><W131/><G131/><T100/><D112/><U103/><E103/><V110/><F110/><W13/><G41/><T115/><D115/><U7/><E42/><V68/><F132/><W130/><G130/><T114/><D114/><U29/><E43/><V10/><F68/><W55/><REACH who="3" step="1"/><G51/><REACH who="3" ten="169,473,189,159" step="2"/><T135/><D135/><U120/><E120/><V14/><F14/><W78/><G78/><T20/><D101/><U44/><E85/><V117/><F117/><W15/><G15/><T28/><D100/><RYUUKYOKU ba="2,1" sc="169,-15,473,-15,189,15,159,15" hai2="4,10,12,24,30,57,59" hai3="13,19,23,25,31,50,55,58,66,67,104,105,107" /><INIT seed="2,3,1,0,1,52" ten="154,458,204,174" oya="2" hai0="70,89,55,50,13,49,22,71,119,9,15,131,27" hai1="76,98,4,5,112,109,35,111,1,120,74,26,84" hai2="132,75,107,25,116,108,81,14,118,99,0,122,12" hai3="41,58,21,63,16,43,77,88,28,133,59,123,19"/><V128/><F0/><W94/><G123/><T97/><D131/><U104/><E112/><V3/><F3/><W95/><G133/><T18/><D119/><U66/><E120/><V106/><F122/><W57/><G77/><T121/><D121/><U45/><E66/><V60/><F132/><W68/><G94/><T91/><D15/><U115/><E115/><V72/><F128/><W20/><G68/><T42/><D42/><N who="3" m="15881" /><G63/><T54/><D50/><U24/><E45/><V17/><F25/><N who="3" m="16431" /><G20/><T38/><D38/><U125/><E74/><V31/><F31/><W48/><G48/><T44/><D55/><U47/><E35/><V129/><F129/><W113/><G113/><T61/><D97/><AGARI ba="3,1" hai="16,19,57,58,59,88,95,97" m="16431,15881" machi="97" ten="30,12000,2" yaku="8,1,52,3,54,2" doraHai="52" who="3" fromWho="0" sc="154,-129,458,0,204,0,174,139" /><INIT seed="3,0,0,3,4,14" ten="25,458,204,313" oya="3" hai0="120,51,77,60,75,130,44,90,35,3,7,67,2" hai1="84,64,55,76,127,91,94,125,46,126,21,108,5" hai2="117,63,32,41,103,61,26,111,23,96,72,112,88" hai3="15,133,80,10,78,124,34,18,20,85,45,119,43"/><W39/><G119/><T128/><D120/><U110/><E64/><V37/><F117/><W98/><G34/><T52/><D35/><U4/><E76/><V92/><F112/><W129/><G129/><T115/><D115/><U16/><E55/><V82/><F111/><N who="1" m="42537" /><E46/><V33/><F37/><W17/><G133/><T47/><D90/><U122/><E122/><V28/><F41/><W65/><G124/><T107/><D107/><U8/><E8/><V49/><F49/><W25/><G98/><T1/><D7/><U19/><E19/><V69/><F72/><W114/><G114/><T102/><D102/><U62/><E62/><V118/><F118/><W54/><G54/><T132/><D132/><U68/><E68/><V58/><F69/><W79/><G65/><T71/><D75/><U86/><E84/><V31/><F31/><W11/><G11/><T74/><D74/><U56/><E56/><V38/><F58/><W30/><REACH who="3" step="1"/><G78/><REACH who="3" ten="25,458,204,303" step="2"/><T6/><D77/><U83/><E83/><V104/><F33/><W13/><G13/><AGARI ba="0,1" hai="4,5,13,16,21,86,91,94,125,126,127" m="42537" machi="13" ten="40,8000,1" yaku="18,1,14,1,52,1,54,1" doraHai="14" who="1" fromWho="3" sc="25,0,458,90,204,0,303,-80" owari="25,-47.0,548,65.0,204,-20.0,223,2.0" /></mjloggm>