<mjloggm ver="2.3"><GO type="169" lobby="0"/><UN n0="%E3%82%AB%E3%83%96%E3%83%88" n1="%E3%82%A6%E3%83%AB%E3%83%88%E3%83%A9%E7%AB%8B%E7%9B%B4" n2="%E3%81%A6%E3%82%93%E3%81%BD%E3%81%84%E3%82%93%E3%81%A8" n3="%74%75%75%6B%61%69%33" dan="16,17,16,16" rate="2154.01,2207.12,2105.02,2119.71" sx="M,M,F,M"/><TAIKYOKU oya="0"/><INIT seed="0,0,0,5,2,111" ten="250,250,250,250" oya="0" hai0="2,5,126,128,61,28,8,69,76,120,105,37,92" hai1="112,39,75,65,130,40,0,89,77,83,41,87,23" hai2="73,125,31,109,32,117,119,86,85,115,104,133,44" hai3="54,55,101,132,57,29,49,114,51,53,135,19,68"/><T25/><D120/><U134/><E65/><V50/><F31/><W24/><G19/><T74/><D92/><U100/><E23/><V26/><F26/><W95/><G68/><T47/><D128/><U13/><E13/><V15/><F15/><W72/><G72/><T64/><D126/><U78/><E0/><V45/><F50/><N who="3" m="18955" /><G101/><T108/><D108/><U96/><E39/><V107/><F109/><W58/><G95/><T22/><D105/><N who="1" m="63623" /><E41/><V27/><F27/><W79/><G79/><T123/><D123/><U34/><E40/><V17/><F17/><W59/><G24/><T56/><D56/><N who="3" m="21609" /><G29/><T116/><D116/><U106/><E34/><V6/><F32/><W88/><G88/><T90/><D90/><U118/><E106/><V71/><F104/><W12/><G12/><T127/><D127/><U124/><E118/><V98/><F125/><W82/><G82/><T81/><D22/><U131/><E124/><V9/><F107/><W1/><G1/><T121/><D121/><U62/><E78/><V14/><F117/><W43/><G43/><N who="0" m="23023" /><D25/><U21/><E21/><V36/><F119/><W84/><G84/><T20/><D20/><U3/><E3/><V110/><F85/><W52/><G114/><T35/><D28/><U70/><E131/><V122/><F110/><W94/><G94/><T18/><D18/><U33/><E130/><V93/><F122/><W102/><G102/><T91/><D91/><U67/><E112/><V11/><F115/><W129/><G129/><T4/><D4/><U48/><E89/><N who="2" m="55599" /><F6/><W63/><AGARI ba="0,0" hai="52,53,54,55,59,63,132,135" m="21609,18955" machi="63" ten="40,5200,0" yaku="34,2,54,1" doraHai="111" who="3" fromWho="3" sc="250,-26,250,-13,250,-13,250,52" /><INIT seed="1,0,0,4,1,101" ten="224,237,237,302" oya="1" hai0="70,16,110,124,29,102,68,128,80,75,123,132,109" hai1="84,98,33,48,27,63,79,122,38,77,37,19,39" hai2="67,62,112,5,44,11,69,118,96,81,43,71,134" hai3="64,25,126,133,4,1,55,115,113,28,14,121,10"/><U117/><E117/><V85/><F118/><W103/><G64/><T0/><D0/><U86/><E122/><V130/><F130/><W97/><G121/><T87/><D75/><U12/><E48/><V21/><F134/><W15/><G126/><T46/><D29/><U95/><E63/><V59/><F21/><W54/><G133/><T105/><D123/><U78/><E27/><V65/><F65/><W47/><G115/><T111/><D132/><U58/><E58/><V36/><F96/><W120/><G120/><T66/><D128/><U94/><E33/><V116/><F112/><W24/><G113/><T40/><D66/><U31/><E31/><V18/><F18/><W3/><G3/><T45/><D124/><U20/><REACH who="1" step="1"/><E98/><REACH who="1" ten="224,227,237,302" step="2"/><V89/><REACH who="2" step="1"/><F116/><REACH who="2" ten="224,227,227,302" step="2"/><W125/><G125/><T90/><D111/><U93/><AGARI ba="0,2" hai="12,19,20,37,38,39,77,78,79,84,86,93,94,95" machi="93" ten="40,12000,1" yaku="1,1,2,1,0,1,29,2,53,0" doraHai="101" doraHaiUra="32" who="1" fromWho="1" sc="224,-40,227,140,227,-40,302,-40" /><INIT seed="1,1,0,3,5,53" ten="184,367,187,262" oya="1" hai0="81,125,77,114,40,105,58,134,9,21,122,117,50" hai1="62,36,96,91,49,24,92,83,35,118,10,84,60" hai2="54,87,130,1,39,38,70,46,20,109,93,37,68" hai3="28,11,128,31,76,26,103,14,99,4,94,101,33"/><U88/><E36/><V66/><F1/><W74/><G128/><T59/><D114/><U65/><E118/><V78/><F20/><W110/><G110/><T80/><D117/><U42/><E10/><V112/><F93/><W63/><G31/><T133/><D105/><U3/><E3/><V95/><F95/><W135/><G135/><N who="0" m="51723" /><D125/><U119/><E119/><V124/><F87/><W98/><G74/><T22/><D122/><U111/><E111/><V67/><F78/><W47/><G76/><T15/><D40/><U29/><REACH who="1" step="1"/><E65/><REACH who="1" ten="184,357,187,262" step="2"/><N who="2" m="24587" /><F109/><W72/><G11/><T30/><D30/><U41/><E41/><V120/><F37/><W13/><G28/><T56/><D50/><U113/><E113/><V90/><F38/><W48/><G48/><T18/><D81/><U73/><E73/><AGARI ba="1,1" hai="9,15,18,21,22,56,58,59,73,77,80" m="51723" machi="73" ten="30,7700,0" yaku="20,1,52,3" doraHai="53" who="0" fromWho="1" sc="184,90,357,-80,187,0,262,0" /><INIT seed="2,0,0,1,3,84" ten="274,277,187,262" oya="2" hai0="123,48,50,87,110,44,98,121,124,126,3,7,51" hai1="129,9,46,81,11,106,116,114,60,108,2,86,12" hai2="118,90,13,102,119,41,14,76,83,115,66,0,6" hai3="89,55,128,39,131,79,103,58,111,32,17,67,113"/><V127/><F115/><W34/><G67/><T64/><D98/><U88/><E106/><V5/><F102/><W134/><G39/><T18/><D18/><U61/><E116/><V71/><F41/><W42/><G42/><T33/><D33/><U40/><E114/><V52/><F0/><W104/><G79/><T43/><D3/><U57/><E108/><V78/><F66/><W37/><G37/><N who="0" m="21615" /><D7/><U56/><E129/><V72/><F71/><W31/><G31/><T38/><D87/><U73/><E73/><V91/><F127/><N who="0" m="48682" /><D38/><U45/><E2/><V93/><F93/><W23/><G34/><T8/><D8/><U63/><E11/><V85/><F85/><W29/><G32/><T30/><D30/><U19/><E40/><V120/><F83/><W92/><G29/><T27/><D27/><U82/><E82/><V36/><F36/><W100/><G113/><T49/><D64/><U122/><E122/><N who="0" m="46601" /><D110/><U95/><E81/><V75/><F120/><W21/><G111/><T77/><D77/><U59/><AGARI ba="0,0" hai="9,12,19,45,46,56,57,59,60,61,63,86,88,95" machi="59" ten="30,7900,0" yaku="0,1,8,1,52,1,54,1" doraHai="84" who="1" fromWho="1" sc="274,-20,277,79,187,-39,262,-20" /><INIT seed="3,0,0,3,2,115" ten="254,356,148,242" oya="3" hai0="94,92,124,108,123,106,41,65,80,44,109,12,86" hai1="1,70,54,118,4,120,8,95,125,74,5,17,23" hai2="73,38,46,132,31,93,2,99,76,116,29,83,16" hai3="82,96,11,55,20,127,47,58,39,26,19,14,101"/><W129/><G129/><T32/><D32/><U22/><E70/><V25/><F132/><W40/><G127/><T113/><D123/><U42/><E42/><V68/><F68/><W62/><G82/><T84/><D65/><U66/><E66/><V117/><F2/><W91/><G91/><T114/><D124/><U45/><E45/><V85/><F73/><W9/><REACH who="3" step="1"/><G26/><REACH who="3" ten="254,356,148,232" step="2"/><T89/><D114/><U59/><E125/><V133/><F25/><W37/><G37/><T90/><D113/><U103/><E120/><V7/><F38/><W50/><G50/><T78/><D109/><U126/><E126/><V134/><F134/><W34/><G34/><T35/><D35/><U131/><E131/><V33/><F133/><W87/><G87/><T63/><D108/><U107/><E74/><V121/><F33/><W81/><G81/><T52/><D86/><U61/><E23/><V30/><F121/><W69/><G69/><T88/><D89/><U6/><E22/><V112/><F112/><W100/><G100/><T130/><D130/><U111/><E103/><V119/><F85/><W122/><G122/><T67/><D90/><U51/><E111/><V48/><F83/><W102/><G102/><T53/><D80/><U110/><E51/><V60/><F48/><W57/><G57/><T0/><D88/><U72/><E59/><V49/><F49/><W71/><G71/><T21/><D84/><U10/><E72/><V128/><F128/><W36/><G36/><T28/><D63/><U56/><E110/><V75/><F60/><W43/><G43/><T18/><D41/><RYUUKYOKU ba="0,1" sc="254,-10,356,-10,148,-10,232,30" hai3="9,11,14,19,20,39,40,47,55,58,62,96,101" /><INIT seed="3,1,1,4,3,43" ten="244,346,138,262" oya="3" hai0="96,15,128,130,49,25,94,52,111,62,40,132,44" hai1="11,38,59,110,9,90,76,39,37,79,84,70,63" hai2="5,32,27,102,87,35,22,123,31,21,124,53,10" hai3="134,33,118,30,117,77,0,28,26,34,95,36,17"/><W41/><G0/><T2/><D2/><U6/><E70/><V7/><F102/><W125/><G134/><T45/><D111/><U13/><E11/><V67/><F67/><W108/><G125/><T57/><D132/><U74/><E74/><V78/><F78/><W12/><G77/><T85/><D85/><U69/><E69/><V19/><F87/><W48/><G36/><T72/><D72/><U3/><E3/><N who="2" m="319" /><F53/><W1/><G1/><T60/><D15/><U86/><E86/><V129/><F124/><W4/><G4/><T112/><D112/><U42/><E42/><V92/><F92/><W133/><G133/><T122/><D122/><U65/><REACH who="1" step="1"/><E110/><REACH who="1" ten="244,336,138,262" step="2"/><V75/><F75/><W80/><G108/><T135/><D135/><U23/><E23/><N who="2" m="15871" /><F123/><W66/><G34/><N who="2" m="12841" /><F129/><W89/><G41/><T50/><D130/><U73/><E73/><V120/><F120/><W115/><G115/><T58/><D128/><U121/><E121/><V81/><F81/><AGARI ba="1,2" hai="6,9,13,37,38,39,59,63,65,76,79,81,84,90" machi="81" ten="40,1300,0" yaku="1,1,53,0" doraHai="43" doraHaiUra="29" who="1" fromWho="2" sc="244,0,336,36,138,-16,262,0" /><INIT seed="4,0,0,5,1,71" ten="244,372,122,262" oya="0" hai0="46,21,14,36,135,123,66,40,3,77,65,58,15" hai1="25,83,85,90,91,93,50,51,86,92,32,31,121" hai2="19,38,75,112,59,22,76,128,23,114,62,96,26" hai3="63,78,54,107,126,124,61,29,47,10,9,82,49"/><T57/><D123/><U89/><REACH who="1" step="1"/><E121/><REACH who="1" ten="244,362,122,262" step="2"/><V116/><F116/><W12/><G124/><T43/><D3/><U117/><E117/><V16/><F128/><W7/><G126/><T18/><D135/><U4/><E4/><V37/><F96/><AGARI ba="0,1" hai="25,31,32,50,51,83,85,86,89,90,91,92,93,96" machi="96" ten="30,12000,2" yaku="21,2,7,1,53,3" doraHai="71" doraHaiUra="87" who="1" fromWho="2" sc="244,0,362,130,122,-120,262,0" /><INIT seed="5,0,0,3,1,132" ten="244,492,2,262" oya="1" hai0="44,54,130,37,16,52,26,114,120,61,48,50,106" hai1="112,43,66,39,15,82,29,45,64,3,98,97,31" hai2="60,133,49,131,104,90,83,116,86,108,47,121,13" hai3="41,115,9,2,1,122,94,73,5,88,76,124,30"/><U107/><E3/><V12/><F108/><W127/><G122/><T58/><D106/><U105/><E15/><N who="2" m="5707" /><F104/><W113/><G30/><T36/><D114/><N who="3" m="43529" /><G41/><T59/><D130/><U0/><E0/><V53/><F116/><W23/><G23/><T25/><D120/><U126/><E82/><N who="2" m="49495" /><F121/><W93/><G1/><T24/><REACH who="0" step="1"/><D16/><REACH who="0" ten="234,492,2,262" step="2"/><U99/><E107/><V57/><F131/><W68/><G68/><T6/><D6/><U71/><E105/><V18/><F133/><W78/><G94/><T34/><D34/><U69/><E71/><V46/><F18/><W62/><G62/><T118/><D118/><U135/><E69/><V102/><F102/><W119/><G119/><T42/><AGARI ba="0,1" hai="24,25,26,36,37,42,44,48,50,52,54,58,59,61" machi="42" ten="30,12000,2" yaku="1,1,0,1,54,1,53,3" doraHai="132" doraHaiUra="20" who="0" fromWho="0" sc="234,130,492,-60,2,-30,262,-30" owari="364,16.0,432,54.0,-28,-53.0,232,-17.0" /></mjloggm>