<mjloggm ver="2.3"><GO type="41" lobby="0"/><UN n0="%E3%83%84%E3%82%A4%E3%82%B9%E3%83%88" n1="%E5%B0%B1%E6%B4%BB%E7%94%9F%40%E5%B7%9D%E6%9D%91%E8%BB%8D%E5%9B%A3" n2="%44%4B%2D%39%35" n3="%69%7A%69%7A%79%75%79%75" dan="14,15,14,15" rate="1880.38,1967.86,1932.09,1973.01" sx="M,M,F,M"/><TAIKYOKU oya="0"/><INIT seed="0,0,0,0,0,114" ten="250,250,250,250" oya="0" hai0="127,39,55,48,81,50,122,66,87,112,80,16,45" hai1="135,93,69,2,113,90,11,77,32,40,25,120,23" hai2="70,10,95,102,89,1,108,44,130,121,83,28,103" hai3="134,91,7,41,115,132,74,128,59,14,30,116,118"/><T6/><D112/><U106/><E106/><V42/><F121/><W15/><G115/><T62/><D122/><U78/><E32/><V88/><F70/><W117/><G74/><T123/><D123/><U56/><E69/><V58/><F28/><W36/><G30/><T47/><D127/><U82/><E135/><N who="3" m="51754" /><G128/><T92/><D39/><U64/><E40/><V94/><F130/><W125/><G125/><T75/><D75/><U3/><E113/><V38/><F108/><W31/><G31/><T26/><D6/><U84/><E11/><V43/><F83/><W105/><G105/><T9/><D92/><U8/><E8/><V57/><F10/><W133/><N who="3" m="51762" /><W24/><DORA hai="52" /><G24/><T73/><D73/><U124/><E77/><V22/><F22/><W107/><G107/><T19/><D26/><U46/><E124/><V54/><F1/><W104/><G104/><T109/><D109/><U86/><E120/><V98/><F54/><W129/><G129/><T51/><D81/><U33/><E33/><V131/><F131/><W99/><G7/><T37/><D37/><U111/><E111/><V72/><F72/><W85/><G99/><T29/><D29/><U65/><E2/><V96/><F43/><W35/><G35/><T0/><D0/><U60/><E3/><V34/><F34/><W67/><G41/><T49/><D9/><U71/><E25/><V63/><F63/><N who="3" m="38399" /><G36/><T101/><D101/><AGARI ba="0,0" hai="38,42,44,57,58,88,89,94,95,96,98,101,102,103" machi="101" ten="40,8000,1" yaku="9,1,52,2,54,1" doraHai="114,52" who="2" fromWho="0" sc="250,-80,250,0,250,80,250,0" /><INIT seed="1,0,0,1,0,74" ten="170,250,330,250" oya="1" hai0="95,59,75,97,32,24,98,128,11,18,1,40,49" hai1="25,126,114,125,62,29,28,127,2,73,123,36,101" hai2="0,55,48,5,117,93,58,121,4,135,132,90,131" hai3="51,124,107,104,46,38,31,10,109,78,39,23,65"/><U120/><E36/><V118/><F121/><N who="1" m="46665" /><E73/><V86/><F131/><W45/><G10/><T30/><D128/><U80/><E101/><V102/><F102/><W37/><G31/><N who="1" m="11850" /><E62/><V54/><F4/><W116/><G23/><T20/><D75/><U129/><E80/><V106/><F106/><W110/><G78/><T72/><D72/><U91/><E91/><V42/><F42/><N who="3" m="22751" /><G107/><T52/><D40/><U67/><E129/><V70/><F70/><W119/><G104/><T111/><D111/><N who="3" m="42505" /><G65/><T108/><D108/><U81/><E67/><V7/><F7/><W79/><G79/><T64/><D64/><U47/><E47/><V122/><F5/><W100/><G100/><T12/><D95/><U89/><E89/><V60/><F0/><W96/><G96/><T16/><D1/><U19/><E81/><V113/><F122/><W82/><G82/><T14/><AGARI ba="0,0" hai="11,12,14,16,18,20,24,30,32,49,52,59,97,98" machi="14" ten="20,5200,0" yaku="0,1,7,1,54,2" doraHai="74" who="0" fromWho="0" sc="170,52,250,-26,330,-13,250,-13" /><INIT seed="2,0,0,4,4,15" ten="222,224,317,237" oya="2" hai0="124,27,49,7,53,48,79,47,46,34,8,135,17" hai1="54,76,11,97,2,0,10,13,14,5,112,107,25" hai2="68,18,77,81,69,45,26,64,84,57,6,71,118" hai3="23,36,98,52,42,94,86,125,96,121,95,21,73"/><V62/><F118/><W75/><G121/><T55/><D124/><U1/><E112/><V39/><F6/><W123/><G123/><T100/><D135/><U3/><E76/><V29/><F39/><W12/><G125/><T60/><D79/><U65/><E65/><V88/><F45/><W61/><G42/><T28/><D100/><U51/><N who="1" m="0" /><DORA hai="80" /><U119/><E119/><V4/><F4/><W56/><G36/><T106/><D106/><U74/><E74/><V72/><F18/><W58/><G58/><T127/><D127/><U24/><E97/><V92/><REACH who="2" step="1"/><F71/><REACH who="2" ten="222,224,307,237" step="2"/><W70/><G70/><T105/><D7/><U111/><E111/><V102/><F102/><W130/><G130/><T99/><D17/><U37/><E37/><V83/><F83/><W103/><G103/><T19/><D19/><U35/><E5/><V30/><F30/><W33/><G56/><T120/><D120/><U31/><E31/><V44/><F44/><W85/><G12/><T40/><D28/><U38/><E38/><V133/><F133/><W66/><G33/><AGARI ba="0,1" hai="26,29,33,57,62,64,68,69,72,77,81,84,88,92" machi="33" ten="30,11600,0" yaku="1,1,7,1,52,1,54,1,53,0" doraHai="15,80" doraHaiUra="9,132" who="2" fromWho="3" sc="222,0,224,0,307,126,237,-116" /><INIT seed="2,1,0,0,3,16" ten="222,224,433,121" oya="2" hai0="17,75,112,64,127,122,49,18,65,118,85,87,25" hai1="103,80,124,104,72,52,53,69,90,115,129,89,119" hai2="94,130,6,1,11,34,82,10,114,48,21,47,79" hai3="36,5,50,84,19,117,109,120,60,9,128,68,71"/><V121/><F121/><W111/><G36/><T35/><D122/><U14/><E69/><V76/><F34/><W86/><G120/><T78/><D112/><U59/><E119/><V27/><F114/><W63/><G117/><T83/><D118/><U67/><E115/><V100/><F130/><W39/><G128/><T42/><D127/><U4/><E124/><V98/><F11/><W32/><G39/><T13/><D75/><U37/><E37/><V99/><F99/><W102/><G102/><T24/><D87/><U113/><E129/><V106/><F106/><W116/><G116/><T125/><D125/><U23/><E113/><V54/><REACH who="2" step="1"/><F82/><REACH who="2" ten="222,224,423,121" step="2"/><W92/><G9/><T45/><D35/><U123/><E104/><V91/><F91/><W0/><G32/><T15/><D83/><U7/><E89/><V126/><F126/><W56/><G92/><T107/><D107/><U31/><E90/><V110/><F110/><W33/><G33/><T95/><D95/><U101/><E80/><V12/><F12/><W96/><G96/><T132/><D13/><U3/><E123/><V26/><F26/><W131/><G131/><T66/><D15/><U61/><E14/><V58/><F58/><W62/><G56/><T105/><D105/><U81/><E81/><V135/><F135/><W57/><G57/><T41/><D132/><U108/><E108/><V20/><F20/><W28/><G111/><T43/><D25/><U30/><E59/><V40/><F40/><N who="0" m="15466" /><D24/><U93/><E23/><V46/><F46/><W51/><G109/><T8/><D8/><U77/><E72/><RYUUKYOKU ba="1,1" sc="222,15,224,-15,423,15,121,-15" hai0="17,18,43,45,49,64,65,66,78,85" hai2="1,6,10,21,27,47,48,54,76,79,94,98,100" /><INIT seed="2,2,1,2,2,82" ten="237,209,438,106" oya="2" hai0="19,83,105,59,125,86,129,1,16,40,57,123,67" hai1="37,128,33,56,95,60,126,133,7,91,34,39,26" hai2="76,81,118,69,87,103,66,5,17,14,111,44,58" hai3="6,46,99,28,73,64,43,92,113,109,35,4,107"/><V51/><F118/><W20/><G73/><T2/><D123/><U114/><E114/><V122/><F122/><W49/><G35/><T32/><D125/><U36/><E128/><V75/><F103/><W11/><G107/><T31/><D129/><U55/><E126/><V3/><F69/><W21/><G113/><T93/><D105/><U47/><E133/><V54/><F111/><W84/><G64/><T25/><D93/><U96/><E7/><V8/><F3/><W89/><G28/><T130/><D130/><U106/><E106/><V48/><F66/><W9/><G109/><T121/><D121/><U29/><REACH who="1" step="1"/><E34/><REACH who="1" ten="237,199,438,106" step="2"/><V68/><F5/><W27/><G6/><T10/><D32/><U120/><E120/><V42/><F68/><W24/><G4/><T72/><D1/><U80/><E80/><V65/><F65/><W18/><REACH who="3" step="1"/><G99/><REACH who="3" ten="237,199,438,96" step="2"/><T85/><D67/><U79/><E79/><V131/><REACH who="2" step="1"/><F131/><REACH who="2" ten="237,199,428,96" step="2"/><W70/><G70/><T132/><D2/><U38/><E38/><V135/><F135/><W117/><G117/><T71/><D71/><U61/><E61/><V15/><F15/><W124/><G124/><T97/><D132/><U45/><AGARI ba="2,4" hai="26,29,33,36,37,39,45,47,55,56,60,91,95,96" machi="45" ten="40,2700,0" yaku="1,1,0,1,53,0" doraHai="82" doraHaiUra="104" who="1" fromWho="1" sc="237,-9,199,73,428,-15,96,-9" /><INIT seed="3,0,0,2,2,2" ten="228,272,413,87" oya="3" hai0="53,68,49,22,126,18,56,1,74,8,133,16,91" hai1="118,19,101,64,134,97,24,55,47,121,41,85,115" hai2="36,42,23,11,114,39,130,113,100,26,27,21,31" hai3="20,111,7,61,0,79,124,81,76,94,112,80,98"/><W40/><G112/><T51/><D126/><U89/><E115/><V93/><F42/><W57/><G124/><T25/><D133/><U107/><E121/><V109/><F39/><W32/><G32/><T52/><D68/><U34/><E134/><V30/><F100/><W35/><G35/><T67/><D67/><U117/><E55/><V92/><F36/><W44/><G20/><T77/><D91/><U88/><E64/><V120/><F92/><W54/><G111/><T75/><D77/><U73/><E73/><V128/><F93/><W14/><G0/><T110/><D110/><U96/><E96/><V46/><F46/><W71/><G71/><T9/><D1/><U60/><E60/><V90/><F90/><N who="3" m="55639" /><G79/><T28/><D75/><U102/><E102/><V17/><F109/><W15/><G76/><T78/><D78/><U3/><E3/><V38/><F38/><W135/><G135/><T70/><D70/><U116/><E85/><V84/><F84/><W72/><G72/><T29/><D74/><U13/><E24/><V119/><F120/><W99/><G99/><T82/><D82/><N who="3" m="31849" /><G7/><T65/><D65/><U66/><E66/><V122/><F122/><W86/><G86/><T63/><D63/><U59/><E34/><V33/><F119/><W48/><AGARI ba="0,0" hai="14,15,40,44,48,54,57,61" m="31849,55639" machi="48" ten="30,1500,0" yaku="8,1" doraHai="2" who="3" fromWho="3" sc="228,-5,272,-5,413,-5,87,15" /><INIT seed="3,1,0,1,0,115" ten="223,267,408,102" oya="3" hai0="5,44,80,19,40,118,64,58,61,121,88,128,122" hai1="23,29,34,51,107,72,47,9,18,32,54,106,6" hai2="130,127,46,91,48,132,93,86,2,70,24,59,101" hai3="119,42,20,131,27,8,73,85,4,105,63,25,129"/><W94/><G105/><T92/><D128/><N who="3" m="49225" /><G73/><T82/><D5/><U99/><E72/><V95/><F130/><W65/><G42/><T60/><D118/><U41/><E34/><V78/><F78/><W134/><G134/><T26/><D61/><U89/><E29/><V97/><F132/><W68/><G20/><T74/><D82/><U15/><E32/><V114/><F70/><W28/><G28/><T17/><D17/><U56/><E89/><V125/><F2/><N who="3" m="23" /><G119/><T7/><D7/><U120/><E99/><V52/><F114/><W76/><G76/><T116/><D116/><U77/><E77/><V14/><F24/><W43/><G43/><T79/><D19/><U69/><E69/><V35/><F35/><W57/><G68/><T3/><D26/><U37/><REACH who="1" step="1"/><E120/><REACH who="1" ten="223,257,408,102" step="2"/><V71/><F71/><W126/><G126/><T33/><D33/><U16/><E16/><V21/><F125/><W83/><G83/><T67/><D122/><U49/><E49/><V45/><F127/><W50/><G50/><T62/><D121/><U87/><E87/><V55/><F48/><W108/><G108/><T133/><D133/><U117/><E117/><V81/><F86/><W124/><G124/><T36/><D74/><U11/><E11/><V110/><F110/><W90/><AGARI ba="1,1" hai="25,27,57,63,65,85,90,94" m="23,49225" machi="90" ten="30,1500,0" yaku="19,1" doraHai="115" who="3" fromWho="3" sc="223,-6,257,-6,408,-6,102,28" /><INIT seed="3,2,0,4,0,123" ten="217,251,402,130" oya="3" hai0="75,82,78,67,27,38,49,56,73,14,104,52,131" hai1="28,44,117,106,118,3,51,98,62,116,36,50,61" hai2="57,71,48,4,64,40,42,91,32,122,97,133,53" hai3="6,68,103,79,121,83,17,119,130,120,100,34,60"/><W112/><G119/><T7/><D131/><U24/><E3/><V25/><F122/><W19/><G112/><T76/><D38/><U47/><E106/><V99/><F4/><W54/><G34/><T85/><D104/><U59/><E98/><V102/><F133/><W96/><G130/><T65/><D85/><U15/><E15/><V108/><F64/><W16/><G6/><T26/><D67/><U128/><E128/><V58/><F71/><W88/><G68/><T55/><D65/><U77/><E77/><V87/><F58/><N who="3" m="34903" /><G121/><T90/><D90/><U70/><E70/><V127/><F97/><W39/><G39/><T63/><D7/><U1/><E1/><V13/><F127/><W113/><G113/><T111/><D111/><U93/><E93/><V8/><F108/><W115/><G115/><T81/><REACH who="0" step="1"/><D14/><REACH who="0" ten="207,251,402,130" step="2"/><U94/><E36/><V5/><F91/><W41/><G120/><T46/><AGARI ba="2,1" hai="26,27,46,49,52,55,56,63,73,75,76,78,81,82" machi="46" ten="20,12000,2" yaku="1,1,2,1,0,1,7,1,9,1,54,1,53,0" doraHai="123" doraHaiUra="66" who="0" fromWho="0" sc="207,136,251,-32,402,-32,130,-62" /><INIT seed="4,0,0,0,1,24" ten="343,219,370,68" oya="0" hai0="21,70,92,122,18,121,74,113,25,60,104,38,22" hai1="29,95,101,39,63,130,9,34,131,52,76,43,59" hai2="17,103,79,129,8,16,85,83,41,3,37,47,133" hai3="91,89,96,69,12,57,126,27,51,111,115,20,98"/><T10/><D104/><U26/><E76/><V1/><F129/><N who="1" m="49161" /><E9/><V102/><F133/><W40/><G69/><T94/><D113/><U14/><E14/><V120/><F120/><W110/><G115/><T112/><D112/><U32/><E43/><V50/><F1/><W84/><G126/><T49/><D38/><U44/><E44/><V65/><F65/><W99/><G12/><T66/><D74/><U68/><E68/><V4/><F102/><W132/><G132/><T11/><D22/><N who="1" m="15575" /><E39/><V53/><REACH who="2" step="1"/><F103/><REACH who="2" ten="343,219,360,68" step="2"/><W33/><G111/><T123/><REACH who="0" step="1"/><D49/><REACH who="0" ten="333,219,360,68" step="2"/><U117/><E117/><V30/><F30/><W2/><G51/><T118/><D118/><U71/><E71/><V127/><F127/><W78/><G110/><T125/><D125/><U135/><E135/><V19/><F19/><W116/><G116/><T109/><D109/><U86/><E101/><V0/><F0/><W88/><G2/><T100/><D100/><U107/><E107/><V62/><F62/><W28/><G33/><T108/><D108/><U56/><E34/><V23/><F23/><W7/><G20/><T45/><D45/><AGARI ba="0,2" hai="3,4,8,16,17,37,41,45,47,50,53,79,83,85" machi="45" ten="30,3900,0" yaku="1,1,7,1,54,1,53,0" doraHai="24" doraHaiUra="134" who="2" fromWho="0" sc="333,-39,219,0,360,59,68,0" /><INIT seed="5,0,0,5,1,32" ten="294,219,419,68" oya="1" hai0="64,52,93,94,88,50,117,121,133,45,31,103,11" hai1="48,9,125,80,43,95,119,115,35,87,12,36,2" hai2="70,127,68,29,67,85,81,97,59,107,56,120,58" hai3="84,57,37,25,63,110,5,7,47,106,13,130,49"/><U101/><E119/><V77/><F120/><W74/><G74/><T10/><D121/><U102/><E35/><V129/><F29/><W89/><G106/><T44/><D117/><U79/><E36/><V86/><F67/><W92/><G110/><T90/><D133/><U42/><E115/><V28/><F28/><W40/><G130/><T111/><D111/><U109/><E109/><V128/><F127/><W69/><G25/><T27/><D103/><U17/><E125/><V60/><F60/><W76/><G76/><T134/><D134/><U83/><E2/><V65/><F65/><W105/><G105/><T124/><D124/><U122/><E122/><V66/><F66/><W0/><G69/><T55/><D64/><U104/><E104/><V82/><F97/><W123/><G37/><T4/><D55/><U108/><E108/><V38/><F38/><W46/><G46/><T118/><D45/><U126/><E126/><V113/><F107/><W61/><G123/><T22/><D118/><U98/><E101/><V26/><F26/><W3/><G13/><N who="0" m="5319" /><D11/><U75/><REACH who="1" step="1"/><E48/><REACH who="1" ten="294,209,419,68" step="2"/><V16/><F113/><W62/><REACH who="3" step="1"/><G57/><REACH who="3" ten="294,209,419,58" step="2"/><N who="2" m="22121" /><F128/><W73/><G73/><T78/><D78/><AGARI ba="0,2" hai="9,12,17,42,43,75,78,79,80,83,87,95,98,102" machi="78" ten="30,2900,0" yaku="1,1,7,1,53,0" doraHai="32" doraHaiUra="30" who="1" fromWho="0" sc="294,-29,209,49,419,0,58,0" /><INIT seed="5,1,0,3,5,24" ten="265,258,419,58" oya="1" hai0="130,77,11,44,66,19,94,86,85,117,92,119,95" hai1="83,22,65,51,91,40,68,5,78,132,38,101,39" hai2="99,104,2,10,75,31,20,114,109,67,17,64,97" hai3="106,57,59,15,63,0,88,1,105,47,30,35,18"/><U56/><E68/><V52/><F109/><W4/><G47/><T108/><D108/><U118/><E118/><V34/><F75/><W135/><G135/><T7/><D130/><U103/><E132/><V69/><F114/><W6/><G35/><T96/><D19/><U81/><E39/><V46/><F69/><W125/><G125/><T62/><D96/><U50/><E38/><V21/><F34/><W45/><G45/><T113/><D113/><U133/><E133/><V42/><F42/><W8/><G88/><T58/><D44/><N who="1" m="25863" /><E78/><V74/><F74/><W32/><G32/><T13/><REACH who="0" step="1"/><D77/><REACH who="0" ten="255,258,419,58" step="2"/><U122/><E122/><V80/><F97/><W72/><G18/><T87/><AGARI ba="1,1" hai="7,11,13,58,62,66,85,86,87,92,94,95,117,119" machi="87" ten="30,4000,0" yaku="1,1,2,1,0,1,53,0" doraHai="24" doraHaiUra="36" who="0" fromWho="0" sc="255,53,258,-21,419,-11,58,-11" /><INIT seed="6,0,0,3,5,12" ten="308,237,408,47" oya="2" hai0="60,25,20,48,91,47,32,68,70,34,29,123,69" hai1="18,108,1,59,44,102,129,133,121,4,111,40,107" hai2="71,15,37,28,49,122,46,0,99,51,55,67,96" hai3="131,120,57,53,72,41,87,81,16,2,22,110,8"/><V112/><F0/><W9/><G110/><T43/><D123/><U14/><E121/><V23/><F122/><W124/><G120/><T73/><D73/><U10/><E129/><V27/><F37/><W7/><G131/><T54/><D91/><U84/><E133/><V109/><F109/><W106/><G106/><T83/><D83/><U130/><E130/><V75/><F75/><W52/><G72/><T100/><D100/><U101/><E59/><V63/><F112/><W119/><G119/><T80/><D80/><U61/><E61/><V31/><F31/><W85/><G41/><T103/><D103/><U97/><E102/><V89/><F89/><W98/><G98/><T104/><D104/><U134/><E84/><V90/><F90/><N who="3" m="51503" /><G2/><T113/><D113/><U76/><E76/><V128/><F128/><W95/><G7/><T78/><D78/><U116/><E116/><V64/><F64/><W117/><G117/><T125/><D125/><U56/><E56/><V6/><F49/><N who="3" m="30863" /><G124/><T115/><D115/><U66/><E134/><V92/><F92/><W11/><G87/><T94/><D94/><U36/><REACH who="1" step="1"/><E66/><REACH who="1" ten="308,227,408,47" step="2"/><V58/><F71/><W127/><G127/><T135/><D135/><U114/><E114/><V33/><F96/><W65/><G65/><T5/><D60/><U21/><AGARI ba="0,1" hai="1,4,10,14,18,21,36,40,44,97,101,107,108,111" machi="21" ten="20,5200,0" yaku="1,1,0,1,7,1,52,1,53,0" doraHai="12" doraHaiUra="30" who="1" fromWho="1" sc="308,-13,227,62,408,-26,47,-13" /><INIT seed="7,0,0,4,1,59" ten="295,289,382,34" oya="3" hai0="119,29,110,3,133,129,62,71,127,100,72,102,4" hai1="109,44,84,37,24,128,123,47,31,48,92,38,96" hai2="6,22,113,28,134,116,21,97,105,68,120,70,16" hai3="117,26,66,27,35,80,95,78,63,115,60,83,49"/><W56/><G117/><T79/><D119/><U43/><E109/><V1/><F116/><W36/><G36/><T108/><D127/><U76/><E123/><V33/><F120/><W34/><G115/><T19/><D129/><U121/><E121/><V130/><F113/><W64/><G95/><T8/><D133/><U30/><E128/><V103/><F130/><W77/><G56/><T112/><D112/><U5/><E5/><V12/><F22/><W18/><G18/><T39/><D39/><U81/><E44/><V88/><F134/><W94/><G94/><T67/><D29/><U87/><E87/><V50/><F50/><AGARI ba="0,0" hai="26,27,34,35,49,50,60,63,64,66,77,78,80,83" machi="50" ten="25,9600,0" yaku="22,2,52,2" doraHai="59" who="3" fromWho="2" sc="295,0,289,0,382,-96,34,96" /><INIT seed="7,1,0,2,4,73" ten="295,289,286,130" oya="3" hai0="84,1,15,125,26,77,109,86,31,37,106,38,51" hai1="89,70,6,124,130,32,129,123,0,10,28,79,53" hai2="20,102,41,40,66,69,18,45,98,55,118,110,7" hai3="85,54,82,120,12,59,111,81,115,48,49,5,91"/><W90/><G120/><T44/><D109/><U3/><E123/><V63/><F110/><W27/><G111/><T76/><D1/><U113/><E113/><V101/><F118/><W34/><G115/><T133/><D125/><U71/><E124/><V14/><F7/><W46/><G34/><T50/><D133/><U105/><E3/><V122/><F122/><W94/><G27/><T112/><D112/><U4/><E4/><V99/><F55/><W58/><G58/><T93/><D106/><U62/><E105/><V87/><F87/><W74/><G74/><T24/><D15/><U92/><E79/><V22/><F22/><W103/><G103/><T83/><D93/><U96/><E28/><V67/><F66/><W131/><G90/><T11/><D11/><U2/><E2/><V95/><F45/><W39/><G39/><T100/><D100/><U134/><E134/><V9/><REACH who="2" step="1"/><F20/><REACH who="2" ten="295,289,276,130" step="2"/><W35/><G35/><T78/><D78/><U128/><E32/><V16/><F16/><W52/><REACH who="3" step="1"/><G131/><REACH who="3" ten="295,289,276,120" step="2"/><T17/><D38/><U43/><E43/><V97/><F97/><W21/><G21/><T117/><D37/><U42/><E42/><V135/><F135/><W121/><G121/><T61/><D117/><U116/><E116/><V60/><F60/><W75/><G75/><T119/><D119/><U88/><E89/><V30/><F30/><W23/><G23/><T126/><D126/><U107/><E107/><AGARI ba="1,2" hai="9,14,18,40,41,63,67,69,95,98,99,101,102,107" machi="107" ten="30,3900,0" yaku="1,1,7,1,53,1" doraHai="73" doraHaiUra="64" who="2" fromWho="1" sc="295,0,289,-42,276,62,120,0" owari="295,10.0,247,-15.0,338,43.0,120,-38.0" /></mjloggm>