<mjloggm ver="2.3"><GO type="169" lobby="0"/><UN n0="%E3%83%89%E3%83%A9%EF%BC%91%EF%BC%92%EF%BC%90%EF%BC%85" n1="%E3%82%B7%E3%83%B3%E3%83%87%E3%83%AB%E3%83%A9" n2="%E3%83%88%E3%83%88%E3%83%AA%E5%85%88%E7%94%9F%31%39%E6%AD%B3" n3="%74%61%6E%61%4B%61" dan="16,16,18,17" rate="2090.73,2189.31,2228.81,2160.43" sx="M,M,F,M"/><TAIKYOKU oya="0"/><INIT seed="0,0,0,3,1,128" ten="250,250,250,250" oya="0" hai0="38,62,84,92,90,125,110,77,54,68,118,103,72" hai1="134,116,135,4,5,117,127,63,71,41,15,70,44" hai2="97,11,104,101,61,55,28,121,95,66,50,2,75" hai3="21,67,39,69,17,89,100,14,40,109,132,81,111"/><T34/><D38/><N who="1" m="21559" /><E127/><V25/><F121/><W119/><G119/><N who="1" m="45642" /><E15/><V0/><F75/><W88/><G100/><T57/><D34/><U108/><E108/><N who="3" m="41546" /><G132/><N who="1" m="50730" /><E63/><V59/><F11/><W8/><G8/><T114/><D62/><U130/><E130/><V107/><F0/><W94/><G39/><T42/><D125/><U86/><E86/><V115/><F2/><W123/><G40/><T43/><D43/><U58/><E58/><V24/><F115/><W10/><G123/><T129/><D42/><U105/><E105/><V102/><F107/><W112/><G112/><T46/><D57/><U37/><E37/><V99/><F104/><W31/><G14/><T74/><D84/><U16/><E16/><V9/><F9/><W85/><G17/><T53/><D74/><U133/><N who="1" m="50738" /><U33/><DORA hai="113" /><E33/><V87/><F87/><N who="3" m="52543" /><G10/><T32/><D32/><U6/><AGARI ba="0,0" hai="4,5,6,70,71" m="50738,45642,21559" machi="6" ten="50,16000,3" yaku="20,1,52,7" doraHai="128,113" who="1" fromWho="1" sc="250,-80,250,160,250,-40,250,-40" /><INIT seed="1,0,0,1,3,1" ten="170,410,210,210" oya="1" hai0="31,46,60,75,33,64,15,5,14,92,25,96,61" hai1="82,8,86,104,72,124,13,35,84,3,113,49,9" hai2="77,79,120,28,103,111,81,121,36,27,0,85,100" hai3="71,44,97,126,42,83,105,48,37,59,114,76,106"/><U109/><E113/><V32/><F36/><W78/><G114/><T43/><D75/><U66/><E35/><V6/><F111/><W34/><G34/><T123/><D123/><U127/><E104/><V56/><F79/><W98/><G71/><T125/><D125/><N who="1" m="48203" /><E109/><V93/><F120/><W50/><G126/><T62/><D64/><U63/><E49/><V135/><F135/><W26/><G26/><T23/><D33/><U45/><E45/><V58/><F121/><W94/><G37/><T54/><D54/><U112/><E112/><V52/><F56/><W74/><G78/><T130/><D130/><U30/><E30/><V16/><F93/><W11/><G98/><T89/><REACH who="0" step="1"/><D5/><REACH who="0" ten="160,410,210,210" step="2"/><N who="1" m="1087" /><E72/><V19/><F6/><W80/><G74/><T70/><D70/><N who="1" m="42335" /><E82/><V12/><F32/><W116/><G80/><T128/><D128/><U101/><E101/><V55/><F103/><W131/><G83/><T40/><D40/><U20/><E20/><V7/><F100/><W47/><G131/><T129/><D129/><U90/><E90/><V87/><F7/><AGARI ba="0,1" hai="7,9,13,84,86" m="42335,1087,48203" machi="7" ten="30,5800,0" yaku="18,1,52,2" doraHai="1" who="1" fromWho="2" sc="160,0,410,68,210,-58,210,0" /><INIT seed="1,1,0,2,5,66" ten="160,478,152,210" oya="1" hai0="45,5,99,118,35,9,19,12,64,68,28,86,101" hai1="100,13,3,26,77,56,20,48,51,135,132,44,133" hai2="50,71,110,131,111,23,1,47,106,104,59,126,128" hai3="63,10,73,72,98,41,97,74,92,75,88,67,22"/><U83/><E3/><V105/><F1/><W53/><G41/><T7/><D118/><U121/><E121/><V0/><F0/><W40/><G40/><T123/><D123/><U65/><E100/><V79/><F79/><W70/><N who="3" m="18432" /><DORA hai="17" /><W134/><G134/><T11/><D45/><U95/><E95/><V21/><F126/><W82/><G82/><T30/><D86/><N who="1" m="48495" /><E13/><V91/><F59/><W8/><G98/><T113/><D113/><U18/><E44/><V129/><F71/><W57/><REACH who="3" step="1"/><G22/><REACH who="3" ten="160,478,152,200" step="2"/><N who="2" m="8201" /><F91/><W112/><G112/><T90/><D90/><U52/><E65/><V31/><F31/><W122/><G122/><T29/><D29/><U4/><E4/><V15/><F15/><W43/><G43/><AGARI ba="1,1" hai="43,47,50,104,105,106,110,111,128,129,131" m="8201" machi="43" ten="40,8000,1" yaku="19,1,52,3" doraHai="66,17" who="2" fromWho="3" sc="160,0,478,0,152,93,200,-83" /><INIT seed="2,0,0,1,2,80" ten="160,478,245,117" oya="2" hai0="116,104,22,18,101,98,90,23,41,24,29,10,61" hai1="63,128,88,135,110,106,65,31,96,3,30,2,76" hai2="118,95,86,87,105,46,68,114,91,42,107,25,121" hai3="126,56,36,52,62,99,38,35,26,32,119,69,129"/><V51/><F114/><W28/><G119/><T84/><D116/><U74/><E110/><V131/><F118/><W54/><G126/><T97/><D41/><U19/><E19/><V108/><F121/><W57/><G129/><T59/><D10/><U0/><E128/><V66/><F131/><W79/><G69/><T9/><D9/><U17/><E17/><V6/><F108/><W100/><G79/><T115/><D115/><U78/><E78/><V70/><F6/><W122/><G32/><T1/><D1/><U85/><E135/><V123/><F123/><W49/><REACH who="3" step="1"/><G122/><REACH who="3" ten="160,478,245,107" step="2"/><T82/><D104/><AGARI ba="0,1" hai="26,28,35,36,38,49,52,54,56,57,62,99,100,104" machi="104" ten="30,8000,1" yaku="1,1,2,1,7,1,54,1,53,1" doraHai="80" doraHaiUra="44" who="3" fromWho="0" sc="160,-80,478,0,245,0,107,90" /><INIT seed="3,0,0,2,4,13" ten="80,478,245,197" oya="3" hai0="81,50,17,18,35,34,70,102,65,126,97,135,37" hai1="108,55,32,120,104,90,66,84,117,129,113,119,62" hai2="27,24,9,38,105,49,71,12,77,132,115,11,21" hai3="30,121,56,116,19,92,93,124,16,96,85,36,7"/><W87/><G121/><T48/><D37/><U86/><E120/><V47/><F38/><W28/><G36/><T76/><D135/><U89/><E108/><V45/><F115/><W52/><G116/><N who="1" m="44618" /><E32/><V127/><F71/><W58/><G7/><T4/><D4/><U41/><E41/><V103/><F105/><W112/><G112/><T94/><D126/><U131/><E113/><V128/><F12/><W26/><G124/><T79/><D70/><U53/><E104/><V44/><F49/><N who="0" m="19050" /><D65/><U29/><E29/><V33/><F33/><W111/><G96/><T118/><D118/><U91/><E66/><V114/><F132/><W106/><G106/><T72/><D72/><U64/><E64/><V78/><F127/><W82/><G111/><T74/><D74/><U1/><E1/><V5/><F47/><W42/><G42/><T23/><D35/><U10/><E10/><V130/><F114/><W88/><G82/><T54/><D34/><U6/><E6/><V46/><F46/><W75/><G75/><T80/><D54/><N who="1" m="20491" /><E62/><V69/><F69/><W123/><G52/><T3/><D3/><U61/><E61/><V25/><F5/><W43/><G43/><T95/><D95/><U101/><E101/><V14/><F103/><W100/><G100/><T125/><D125/><U59/><E59/><V122/><F122/><W99/><G123/><T20/><D79/><N who="2" m="30218" /><F45/><W31/><G99/><T60/><D60/><U73/><E73/><V8/><F44/><W63/><G63/><T40/><D40/><U0/><E0/><V134/><F134/><W110/><G110/><RYUUKYOKU ba="0,0" sc="80,-15,478,15,245,15,197,-15" hai1="84,86,89,90,91,129,131" hai2="8,9,11,14,21,24,25,27,128,130" /><INIT seed="4,1,0,5,5,62" ten="65,493,260,182" oya="0" hai0="45,128,38,83,85,110,79,13,65,10,68,43,17" hai1="105,16,5,108,130,37,9,124,35,70,56,46,25" hai2="57,103,12,119,40,73,21,50,32,53,61,91,100" hai3="90,102,26,82,28,113,31,132,60,77,41,34,80"/><T133/><D133/><U106/><E108/><V96/><F73/><W27/><G132/><T19/><D110/><U101/><E124/><V76/><F76/><W99/><G113/><T84/><D128/><U29/><E130/><V11/><F32/><W107/><G41/><T49/><D38/><U78/><E78/><V117/><F21/><W87/><G60/><T81/><D68/><U71/><E56/><V66/><F40/><W55/><G55/><T123/><D123/><U3/><E16/><N who="2" m="8223" /><F91/><W109/><G109/><T36/><D36/><U72/><E72/><V24/><F24/><W129/><G129/><T88/><D65/><U7/><E7/><AGARI ba="1,0" hai="7,10,13,17,19,43,45,49,79,81,83,84,85,88" machi="7" ten="30,12000,1" yaku="7,1,25,2,8,1,54,1" doraHai="62" who="0" fromWho="1" sc="65,123,493,-123,260,0,182,0" /><INIT seed="4,2,0,0,3,14" ten="188,370,260,182" oya="0" hai0="130,122,42,12,62,56,105,80,69,28,50,48,57" hai1="91,108,44,102,99,87,16,83,6,72,95,81,110" hai2="71,88,5,96,43,109,89,123,134,103,23,79,63" hai3="90,30,98,78,27,19,32,66,26,106,45,73,52"/><T40/><D122/><U51/><E6/><V64/><F123/><W7/><G7/><T67/><D105/><U131/><E131/><V46/><F109/><W133/><G133/><T68/><D130/><U119/><E119/><V125/><F134/><W11/><G66/><T76/><D28/><U101/><E72/><V1/><F125/><W61/><G78/><T37/><D12/><U65/><E65/><V135/><F135/><W82/><G73/><T84/><D57/><U60/><E60/><V21/><F79/><W124/><G124/><T2/><D2/><U126/><E126/><V29/><F5/><W97/><G106/><T25/><D25/><U94/><E83/><V9/><F9/><W77/><G77/><T33/><D33/><U22/><E81/><V47/><F47/><W24/><BYE who="2" /><G32/><T70/><REACH who="0" step="1"/><D37/><REACH who="0" ten="178,370,260,182" step="2"/><U128/><E128/><V74/><F74/><W49/><G30/><T129/><D129/><U58/><E58/><V115/><F115/><W20/><G11/><UN n2="%E3%83%88%E3%83%88%E3%83%AA%E5%85%88%E7%94%9F%31%39%E6%AD%B3" /><T17/><D17/><U100/><E110/><V41/><F1/><W39/><G39/><T38/><D38/><U121/><E108/><V86/><F29/><W15/><REACH who="3" step="1"/><G61/><REACH who="3" ten="178,370,260,172" step="2"/><T10/><D10/><U114/><E121/><V54/><F63/><W75/><G75/><T93/><D93/><U53/><E114/><V112/><F112/><W120/><G120/><T34/><D34/><U117/><E117/><V18/><F64/><W132/><G132/><T85/><D85/><AGARI ba="2,2" hai="15,19,20,24,26,27,45,49,52,82,85,90,97,98" machi="85" ten="40,8000,1" yaku="1,1,8,1,52,1,54,1,53,0" doraHai="14" doraHaiUra="111" who="3" fromWho="0" sc="178,-86,370,0,260,0,172,106" /><INIT seed="5,0,0,4,5,96" ten="92,370,260,278" oya="1" hai0="39,66,109,130,5,56,43,44,22,73,38,55,127" hai1="53,54,90,129,104,111,69,47,23,82,87,42,63" hai2="77,112,13,99,10,98,94,1,46,51,100,75,28" hai3="0,12,59,88,133,119,70,8,89,48,17,52,86"/><U124/><E124/><V116/><F116/><W35/><G70/><T67/><D73/><U9/><E129/><V117/><F117/><W25/><G119/><T11/><D127/><U126/><E126/><V19/><F1/><W121/><G121/><T115/><D130/><U2/><E111/><V106/><F112/><W122/><G122/><T21/><D109/><U15/><E104/><V26/><F77/><W120/><G120/><T20/><D115/><U24/><E2/><V76/><F76/><W33/><G133/><T79/><D79/><U68/><E68/><V29/><F26/><W4/><G25/><T74/><D74/><U132/><E132/><V41/><REACH who="2" step="1"/><F75/><REACH who="2" ten="92,370,250,278" step="2"/><W84/><G0/><T57/><D39/><U107/><E24/><V30/><F30/><W83/><REACH who="3" step="1"/><G4/><REACH who="3" ten="92,370,250,268" step="2"/><T128/><D128/><U37/><E15/><V31/><F31/><W131/><G131/><T93/><D5/><U6/><E6/><V7/><F7/><W14/><G14/><T108/><D108/><U80/><E37/><V50/><F50/><W92/><AGARI ba="0,2" hai="8,12,17,33,35,48,52,59,83,84,86,88,89,92" machi="92" ten="20,8000,1" yaku="1,1,0,1,7,1,54,2,53,0" doraHai="96" doraHaiUra="97" who="3" fromWho="3" sc="92,-20,370,-40,250,-20,268,100" /><INIT seed="6,0,0,1,1,59" ten="72,330,230,368" oya="2" hai0="126,46,134,73,38,57,42,19,74,56,81,91,44" hai1="115,85,45,30,120,111,61,90,43,58,125,16,34" hai2="48,89,105,53,71,92,95,14,27,23,107,96,116" hai3="131,2,87,101,0,84,20,132,117,98,122,13,37"/><V15/><F116/><W17/><G122/><T39/><D126/><U54/><E111/><V68/><F68/><W9/><G117/><T108/><D134/><U31/><E125/><V51/><F71/><W112/><G132/><T67/><D108/><U123/><E115/><V63/><F107/><W32/><G37/><T70/><D70/><U94/><E34/><V66/><F105/><W3/><G32/><T6/><D6/><U77/><E77/><V41/><F95/><W104/><G131/><T118/><D118/><U72/><E72/><V28/><F66/><W99/><G112/><T33/><D33/><U22/><E123/><V25/><F25/><W69/><G69/><T130/><D130/><U35/><E35/><V12/><F41/><W124/><G124/><T106/><D106/><U1/><E1/><V24/><F24/><W65/><G65/><T119/><D119/><U47/><E120/><V121/><F121/><W11/><G99/><T80/><D67/><U5/><E5/><V50/><REACH who="2" step="1"/><F63/><REACH who="2" ten="72,330,220,368" step="2"/><W79/><G104/><T76/><D42/><U64/><E64/><V129/><F129/><W29/><G29/><N who="1" m="10762" /><E43/><V110/><F110/><W55/><G55/><AGARI ba="0,1" hai="12,14,15,23,27,28,48,50,51,53,55,89,92,96" machi="55" ten="40,3900,0" yaku="1,1,8,1,53,0" doraHai="59" doraHaiUra="82" who="2" fromWho="3" sc="72,0,330,0,220,49,368,-39" /><INIT seed="6,1,0,0,2,61" ten="72,330,269,329" oya="2" hai0="100,6,105,93,31,75,5,40,102,22,111,91,28" hai1="119,77,56,113,131,11,2,92,45,68,98,7,112" hai2="39,114,79,86,10,125,123,46,12,70,73,0,60" hai3="120,74,57,62,18,126,37,63,23,116,122,64,83"/><V104/><F123/><W52/><G116/><T115/><D75/><U50/><E119/><V127/><F104/><W49/><G126/><N who="2" m="48137" /><F114/><N who="1" m="44137" /><E131/><V4/><F86/><W26/><G37/><T110/><D115/><U71/><E56/><V9/><F79/><W88/><G62/><T36/><D36/><U135/><E77/><V134/><F73/><W69/><REACH who="3" step="1"/><G74/><REACH who="3" ten="72,330,269,319" step="2"/><T89/><D105/><U41/><E135/><V19/><F134/><W66/><G66/><T27/><D27/><U54/><E41/><N who="2" m="22847" /><F60/><W128/><G128/><T124/><D40/><U85/><E85/><AGARI ba="1,1" hai="18,23,26,49,52,57,63,64,69,83,85,88,120,122" machi="85" ten="40,8000,1" yaku="1,1,52,1,54,2,53,1" doraHai="61" doraHaiUra="44" who="3" fromWho="1" sc="72,0,330,-83,269,0,319,93" /><INIT seed="7,0,0,0,1,135" ten="72,247,269,412" oya="3" hai0="100,96,127,131,78,36,85,97,79,14,88,49,44" hai1="108,84,11,23,94,21,45,42,39,26,62,31,9" hai2="99,115,87,57,66,98,48,18,63,28,17,33,134" hai3="77,129,25,95,75,68,16,30,7,41,6,121,32"/><W106/><G106/><T119/><D36/><U74/><E108/><V8/><F134/><W24/><G68/><T130/><D14/><U2/><E74/><V111/><F111/><W123/><G41/><T89/><D49/><N who="1" m="26807" /><E2/><V67/><F115/><W53/><G95/><T43/><D43/><U46/><E39/><V22/><F33/><W5/><G53/><T101/><D44/><U12/><E46/><V50/><F66/><W59/><G59/><T19/><D19/><N who="2" m="7178" /><F8/><N who="1" m="3145" /><E62/><V27/><F87/><W83/><G129/><T64/><D64/><U132/><E132/><V82/><F82/><W90/><G90/><T52/><D52/><U58/><E58/><V38/><F38/><W47/><G47/><T61/><D61/><U13/><E23/><V51/><AGARI ba="0,0" hai="22,27,28,48,50,51,57,63,67,98,99" m="7178" machi="51" ten="30,1100,0" yaku="8,1" doraHai="135" who="2" fromWho="2" sc="72,-3,247,-3,269,11,412,-5" owari="69,-43.0,244,-16.0,280,8.0,407,51.0" /></mjloggm>