<mjloggm ver="2.3"><GO type="41" lobby="0"/><UN n0="%E5%B0%B1%E6%B4%BB%E7%94%9F%40%E5%B7%9D%E6%9D%91%E8%BB%8D%E5%9B%A3" n1="%54%4B%5A" n2="%E3%81%82%E3%81%B2%E3%82%8B%E3%81%95%E3%82%93" n3="%63%68%61%6F%73%61%67%65" dan="16,15,16,14" rate="2084.50,1953.18,2090.81,2070.75" sx="M,M,M,M"/><TAIKYOKU oya="0"/><INIT seed="0,0,0,2,4,38" ten="250,250,250,250" oya="0" hai0="9,67,103,96,1,4,128,36,43,84,14,107,6" hai1="25,69,48,111,18,39,97,63,78,134,82,109,112" hai2="74,51,3,75,88,21,12,66,58,37,115,15,33" hai3="129,94,53,126,27,85,123,24,20,91,5,41,116"/><T64/><D128/><U31/><E39/><V122/><F122/><W23/><G116/><T2/><D84/><U30/><E134/><V73/><F115/><W125/><G123/><T70/><D70/><U101/><E18/><V127/><F33/><W49/><G5/><T119/><D119/><U34/><E30/><V108/><F37/><W98/><G129/><T71/><D71/><U62/><E48/><V40/><F3/><W105/><G105/><T135/><D135/><U35/><E35/><V76/><F108/><N who="1" m="41545" /><E112/><V100/><F127/><W61/><G61/><T130/><D130/><U32/><E32/><V29/><F76/><W57/><G23/><T45/><REACH who="0" step="1"/><D14/><REACH who="0" ten="240,250,250,250" step="2"/><U22/><E69/><V133/><F133/><W50/><G85/><T110/><D110/><U81/><E34/><V114/><F12/><W65/><G126/><T79/><D79/><U77/><E77/><V89/><F114/><W28/><G125/><T68/><D68/><U104/><E82/><V60/><F15/><W120/><G120/><T17/><D17/><U131/><E131/><V11/><F74/><AGARI ba="0,1" hai="22,25,31,62,63,74,78,81,97,101,104" m="41545" machi="74" ten="30,1000,0" yaku="14,1" doraHai="38" who="1" fromWho="2" sc="240,0,250,20,250,-10,250,0" /><INIT seed="1,0,0,1,3,111" ten="240,270,240,250" oya="1" hai0="44,40,45,57,79,116,67,95,103,128,6,3,17" hai1="93,63,70,59,81,0,9,22,122,5,107,123,56" hai2="92,121,132,99,11,118,8,66,97,71,100,91,101" hai3="65,78,104,24,76,74,130,82,35,125,27,21,119"/><U102/><E107/><V14/><F118/><W112/><G35/><T90/><D116/><U16/><E81/><V113/><F121/><W131/><G104/><T68/><D128/><U114/><E114/><V50/><F132/><W47/><G119/><T84/><D68/><U20/><E20/><V10/><F91/><W15/><G65/><T31/><D31/><U87/><E70/><V29/><F29/><W60/><G15/><T89/><D3/><U110/><E110/><V37/><F37/><W32/><G32/><T105/><D6/><U4/><E4/><V64/><F71/><W38/><G60/><T53/><D67/><U49/><E49/><V73/><F73/><W129/><G76/><T98/><D40/><U51/><E51/><V33/><F33/><W39/><G125/><T25/><D79/><U88/><E102/><V19/><F113/><W124/><G124/><T77/><D77/><U108/><E108/><V61/><F50/><W42/><G112/><T26/><D90/><U54/><REACH who="1" step="1"/><E59/><REACH who="1" ten="240,260,240,250" step="2"/><V69/><F69/><W117/><G117/><T12/><D45/><U127/><E127/><V85/><F101/><W36/><G21/><N who="0" m="11431" /><D44/><U80/><E80/><V23/><F100/><W72/><G74/><T41/><D41/><U2/><E2/><V43/><F43/><W115/><G115/><T109/><D109/><U62/><E62/><V28/><F61/><W75/><G72/><T83/><D105/><U96/><E96/><V48/><F99/><W34/><G34/><T18/><D18/><U30/><E30/><V133/><F28/><W120/><G120/><RYUUKYOKU ba="0,1" sc="240,10,260,10,240,-30,250,10" hai0="25,26,53,57,83,84,89,95,98,103" hai1="0,5,9,16,22,54,56,63,87,88,93,122,123" hai3="24,27,36,38,39,42,47,75,78,82,129,130,131" /><INIT seed="1,1,1,4,3,52" ten="250,270,210,260" oya="1" hai0="102,116,79,7,73,11,115,56,98,39,10,72,71" hai1="12,96,32,5,38,86,6,14,103,85,29,67,51" hai2="95,111,76,94,3,55,84,53,91,68,24,70,0" hai3="33,22,106,75,99,45,41,47,124,114,40,1,59"/><U131/><E38/><V132/><F111/><W122/><G33/><T128/><D71/><U69/><E131/><V83/><F132/><W112/><G75/><T130/><D39/><U21/><E51/><V20/><F70/><W133/><G1/><T100/><D115/><U9/><E21/><V49/><F68/><W50/><G122/><T37/><D37/><U120/><E120/><V80/><F55/><W43/><G133/><T129/><D116/><U127/><E12/><V28/><F95/><W88/><G124/><T126/><D126/><U18/><E85/><V46/><F83/><W97/><G106/><T105/><D102/><U108/><E86/><AGARI ba="1,1" hai="0,3,20,24,28,46,49,53,76,80,84,86,91,94" machi="86" ten="30,1000,0" yaku="7,1" doraHai="52" who="2" fromWho="1" sc="250,0,270,-13,210,23,260,0" /><INIT seed="2,0,0,0,1,99" ten="250,257,233,260" oya="2" hai0="67,45,53,90,56,121,47,19,21,51,70,12,9" hai1="52,0,31,1,134,91,32,41,132,24,33,111,78" hai2="39,36,15,8,40,3,72,18,43,46,10,65,89" hai3="2,125,117,49,13,107,80,38,17,133,75,124,101"/><V7/><F72/><W42/><G2/><T76/><D121/><U58/><E33/><V28/><F65/><W105/><G38/><T11/><D70/><U66/><E78/><V27/><F89/><W81/><G117/><T62/><D76/><U37/><E66/><V88/><F88/><W120/><G42/><T57/><D90/><U119/><E119/><V85/><F85/><W131/><G49/><T29/><D29/><U55/><E91/><V50/><F40/><W93/><G13/><T26/><D26/><U6/><E111/><V116/><F116/><W4/><G4/><T95/><D95/><U114/><E114/><V135/><F135/><N who="1" m="51753" /><E55/><V98/><F98/><W109/><G75/><T69/><D69/><U106/><E106/><V16/><REACH who="2" step="1"/><F18/><REACH who="2" ten="250,257,223,260" step="2"/><W48/><G17/><T63/><D47/><N who="1" m="23983" /><E6/><V74/><F74/><W60/><G133/><T96/><D96/><U127/><E127/><V104/><F104/><W87/><G105/><T59/><D59/><U83/><E83/><V71/><F71/><W102/><G81/><T23/><D45/><U118/><E118/><V79/><F79/><W112/><G80/><T100/><D67/><U34/><E34/><AGARI ba="0,1" hai="3,7,8,10,15,16,27,28,34,36,39,43,46,50" machi="34" ten="30,5800,0" yaku="1,1,7,1,54,1,53,0" doraHai="99" doraHaiUra="84" who="2" fromWho="1" sc="250,0,257,-58,223,68,260,0" /><INIT seed="2,1,0,4,0,44" ten="250,199,291,260" oya="2" hai0="76,71,119,19,33,7,5,54,73,99,21,115,26" hai1="53,64,106,47,14,52,129,131,0,107,95,55,60" hai2="23,39,102,132,122,27,128,31,72,62,118,69,68" hai3="92,117,51,41,87,8,88,20,30,58,126,65,94"/><V32/><F102/><W29/><G126/><T67/><D115/><U13/><E0/><V90/><F90/><N who="3" m="53343" /><G117/><T78/><D119/><U42/><E95/><V9/><F23/><W109/><G109/><T34/><D99/><U100/><E13/><V125/><F9/><W18/><G8/><T103/><D103/><U17/><E14/><V15/><F15/><N who="3" m="9311" /><G65/><T6/><D67/><U83/><E83/><V56/><F27/><W101/><G101/><T66/><D66/><U84/><E84/><V2/><F31/><W89/><G89/><T127/><D71/><N who="1" m="42375" /><E17/><V110/><F56/><W113/><G113/><T104/><D104/><U16/><E16/><V133/><F62/><W108/><G108/><T86/><D127/><U38/><E100/><V91/><F91/><W22/><G22/><T50/><D73/><U45/><E106/><V4/><F4/><W40/><G40/><T135/><D135/><U77/><E77/><V81/><F81/><W36/><G36/><T112/><D112/><U98/><E98/><V63/><F63/><W111/><G111/><T123/><D123/><U120/><E107/><V75/><F69/><W3/><G3/><T79/><REACH who="0" step="1"/><D86/><REACH who="0" ten="240,199,291,260" step="2"/><U96/><E96/><V10/><F75/><W80/><G80/><T24/><D24/><U105/><E105/><V11/><F133/><W121/><G121/><T130/><D130/><N who="1" m="49675" /><E120/><V93/><F122/><W28/><G94/><T116/><D116/><U46/><AGARI ba="1,1" hai="38,42,45,46,47,52,53,55" m="49675,42375" machi="46" ten="40,8000,1" yaku="19,1,34,2,54,1" doraHai="44" who="1" fromWho="1" sc="240,-21,199,93,291,-41,260,-21" /><INIT seed="3,0,0,0,5,91" ten="219,292,250,239" oya="3" hai0="5,134,89,34,20,80,57,40,52,133,41,9,74" hai1="63,54,56,26,103,27,46,47,130,104,71,101,73" hai2="92,64,111,28,97,107,67,106,35,98,32,15,125" hai3="70,123,17,110,108,31,55,11,113,51,102,39,81"/><W23/><G113/><T121/><D34/><U59/><E73/><V30/><F15/><W53/><G123/><T58/><D121/><U75/><E75/><V93/><REACH who="2" step="1"/><F111/><REACH who="2" ten="219,292,240,239" step="2"/><W88/><G108/><T77/><D133/><U118/><E26/><V87/><F87/><N who="3" m="50287" /><G110/><T116/><D134/><U124/><E27/><V33/><F33/><W13/><G70/><T131/><D116/><U3/><E71/><V129/><F129/><W0/><G39/><T72/><D131/><U42/><E130/><V60/><F60/><W100/><G0/><T122/><D74/><U78/><E3/><V86/><F86/><W4/><G31/><T62/><D122/><U37/><E37/><V7/><F7/><W45/><G4/><T105/><D105/><U18/><E104/><V114/><F114/><W36/><G36/><T82/><D20/><U49/><E118/><V79/><F79/><W85/><G23/><T65/><D80/><U90/><E49/><V84/><F84/><W99/><G85/><T16/><D16/><U95/><E18/><V115/><F115/><W44/><G99/><T69/><D69/><U6/><E63/><V135/><F135/><W14/><G14/><T43/><D72/><U21/><E21/><V12/><F12/><W109/><G109/><T25/><D77/><U48/><E48/><AGARI ba="0,1" hai="11,13,17,44,45,48,51,53,55,100,102" m="50287" machi="48" ten="30,5800,0" yaku="25,1,8,1,54,1" doraHai="91" who="3" fromWho="1" sc="219,0,292,-58,240,0,239,68" /><INIT seed="3,1,0,3,0,4" ten="219,234,240,307" oya="3" hai0="103,5,82,116,37,53,75,89,80,56,16,10,73" hai1="63,31,92,54,77,130,60,108,85,76,28,68,20" hai2="106,69,3,61,1,0,11,119,99,48,40,112,44" hai3="2,58,133,70,22,123,84,52,86,78,95,34,19"/><W71/><G123/><T96/><D37/><U100/><E108/><V122/><F112/><W33/><G71/><T81/><D116/><U110/><E110/><V17/><F119/><W128/><G70/><T132/><D132/><U27/><E130/><V24/><F122/><W39/><G39/><T50/><D89/><U35/><E60/><V88/><F106/><W26/><G128/><T90/><D90/><U109/><E109/><V104/><F104/><W98/><G2/><T7/><D7/><U8/><E31/><V57/><F69/><W9/><G34/><T129/><D129/><U65/><E85/><V131/><F131/><W117/><G33/><T126/><D126/><U55/><E35/><V6/><F24/><W32/><G32/><T12/><REACH who="0" step="1"/><D5/><REACH who="0" ten="209,234,240,307" step="2"/><U114/><E114/><V42/><F0/><W43/><G133/><T59/><D59/><U124/><E124/><V13/><F1/><W105/><G58/><T127/><D127/><U14/><E77/><V97/><F88/><W21/><G78/><T46/><D46/><U72/><E76/><V91/><F91/><W113/><G113/><T74/><D74/><U115/><E72/><V41/><F3/><W67/><G86/><T120/><D120/><U30/><E115/><V64/><F6/><W18/><G84/><T118/><D118/><U38/><E38/><V62/><F61/><W47/><G117/><T83/><N who="0" m="20480" /><DORA hai="102" /><T93/><AGARI ba="1,1" hai="10,12,16,50,53,56,73,75,93,96,103" m="20480" machi="93" ten="40,12000,2" yaku="1,1,4,1,0,1,52,1,54,1,53,1" doraHai="4,102" doraHaiUra="51,23" who="0" fromWho="0" sc="209,133,234,-31,240,-31,307,-61" /><INIT seed="4,0,0,5,3,100" ten="342,203,209,246" oya="0" hai0="106,24,75,130,32,68,18,59,67,111,97,42,84" hai1="73,13,63,48,29,81,98,23,122,132,12,34,117" hai2="9,93,50,54,120,76,14,53,35,64,83,58,89" hai3="22,10,126,46,88,135,62,105,129,115,8,4,108"/><T99/><D75/><U1/><E1/><V6/><F120/><W28/><G108/><T41/><D111/><U112/><E117/><V66/><F35/><W87/><G115/><T47/><D130/><U90/><E122/><V110/><F110/><W125/><G135/><T101/><D59/><U36/><E36/><V121/><F121/><W19/><G28/><N who="0" m="19463" /><D97/><U56/><E132/><V49/><F76/><W71/><G46/><T2/><D2/><U39/><E39/><V44/><REACH who="2" step="1"/><F83/><REACH who="2" ten="342,203,199,246" step="2"/><W5/><G129/><T69/><D69/><U51/><E34/><V37/><F37/><W26/><G71/><T65/><D68/><U80/><E80/><V17/><F17/><W96/><G19/><T102/><D18/><U134/><E134/><V57/><F57/><W86/><G4/><T40/><D47/><U127/><E81/><V82/><F82/><W79/><G5/><T109/><D109/><U118/><E118/><V21/><F21/><W92/><G22/><T119/><D119/><U33/><E33/><V0/><F0/><W114/><G79/><T103/><D67/><N who="1" m="39399" /><E73/><V95/><F95/><W45/><G92/><T55/><D65/><U131/><E131/><V104/><F104/><W43/><G105/><T107/><D106/><U3/><E3/><V15/><F15/><N who="1" m="5705" /><E112/><V30/><F30/><W25/><G114/><T113/><D107/><U38/><E38/><V60/><F60/><W61/><G62/><T116/><D113/><U11/><E23/><V128/><F128/><W7/><G61/><T20/><D116/><U78/><E29/><V124/><F124/><RYUUKYOKU ba="0,1" sc="342,-10,203,-10,199,30,246,-10" hai2="6,9,14,44,49,50,53,54,58,64,66,89,93" /><INIT seed="5,1,1,0,0,50" ten="332,193,229,236" oya="1" hai0="91,127,49,101,24,81,16,25,130,125,99,6,3" hai1="121,86,21,4,116,37,90,38,87,62,113,88,47" hai2="135,104,44,75,77,0,94,36,131,51,126,34,134" hai3="52,114,79,43,22,118,15,117,57,55,123,61,31"/><U105/><E116/><N who="3" m="44650" /><G114/><T129/><D3/><U39/><E121/><V19/><F104/><W76/><G123/><T97/><D6/><U73/><E73/><V78/><F34/><W8/><G43/><T42/><D81/><U72/><E72/><V102/><F0/><W132/><G132/><T96/><D91/><U45/><E105/><V13/><F36/><W41/><G41/><T2/><D101/><U60/><E38/><V58/><F75/><W110/><G110/><T74/><D2/><U70/><E70/><V122/><F122/><W98/><G98/><T54/><D42/><U85/><E85/><V48/><F126/><N who="0" m="48138" /><D74/><U7/><REACH who="1" step="1"/><E21/><REACH who="1" ten="332,183,229,236" step="2"/><V69/><F69/><W17/><G79/><T40/><D130/><U107/><E107/><V14/><F131/><W103/><G76/><T64/><D129/><U10/><E10/><V119/><F119/><W111/><G22/><T28/><D99/><U65/><E65/><V26/><F78/><W29/><G111/><T56/><D64/><U53/><E53/><N who="3" m="20554" /><G103/><T5/><D40/><U115/><AGARI ba="1,2" hai="4,7,37,39,45,47,60,62,86,87,88,90,113,115" machi="115" ten="25,12000,1" yaku="1,1,0,1,22,2,54,1,53,0" doraHai="50" doraHaiUra="92" who="1" fromWho="1" sc="332,-41,183,143,229,-41,236,-41" /><INIT seed="5,2,0,5,5,28" ten="291,326,188,195" oya="1" hai0="27,131,14,101,90,77,86,30,119,60,84,16,88" hai1="129,61,72,50,71,116,73,109,78,80,36,106,65" hai2="58,122,45,29,66,93,130,13,5,34,118,114,104" hai3="59,49,105,91,57,135,111,99,64,97,15,17,125"/><U53/><E116/><V25/><F122/><W92/><G125/><T7/><D131/><U19/><E106/><V76/><F118/><W132/><G111/><T63/><D119/><U102/><E129/><V54/><F130/><W103/><G64/><T127/><D7/><U2/><E2/><V37/><F104/><W124/><G124/><T79/><D101/><U83/><E36/><V120/><F120/><W82/><G82/><N who="0" m="49239" /><D27/><U22/><E102/><V113/><F76/><N who="0" m="29258" /><D30/><U47/><E83/><V33/><F66/><W1/><G1/><T74/><D74/><U18/><E109/><V94/><F5/><W67/><G67/><T108/><D108/><U10/><E10/><V21/><F13/><W96/><G96/><T11/><D127/><U24/><REACH who="1" step="1"/><E19/><REACH who="1" ten="291,316,188,195" step="2"/><V32/><F94/><AGARI ba="2,1" hai="11,14,16,60,63,84,90,94" m="29258,49239" machi="94" ten="30,3900,0" yaku="8,1,54,2" doraHai="28" who="0" fromWho="2" sc="291,55,316,0,188,-45,195,0" /><INIT seed="6,0,0,1,2,84" ten="346,316,143,195" oya="2" hai0="32,33,65,116,19,92,49,54,1,75,124,58,48" hai1="106,85,73,42,35,131,63,120,62,13,41,87,113" hai2="4,115,72,16,17,59,0,27,129,57,112,10,39" hai3="110,34,46,53,52,68,105,123,31,96,109,61,30"/><V93/><F72/><W101/><G123/><T122/><D75/><U95/><E73/><V64/><F39/><W132/><G30/><T21/><D1/><U103/><E113/><N who="2" m="43595" /><F129/><W60/><G132/><T25/><D116/><U128/><E35/><V8/><F64/><N who="3" m="40967" /><G61/><N who="0" m="38071" /><D124/><U98/><E13/><N who="2" m="7207" /><F93/><W44/><G44/><N who="0" m="27911" /><D33/><U100/><E120/><V51/><F51/><N who="3" m="28791" /><G53/><T78/><D32/><U18/><E18/><V14/><F27/><AGARI ba="0,0" hai="27,31,34,96,101,105,109,110" m="28791,40967" machi="27" ten="30,2000,0" yaku="25,1,54,1" doraHai="84" who="3" fromWho="2" sc="346,0,316,0,143,-20,195,20" /><INIT seed="7,0,0,0,3,129" ten="346,316,123,215" oya="3" hai0="112,117,10,131,23,115,101,2,52,106,93,46,32" hai1="22,89,80,107,15,36,75,62,130,102,97,113,123" hai2="57,83,43,119,37,35,125,104,133,13,114,31,48" hai3="90,78,42,111,63,27,135,38,87,124,77,58,100"/><W68/><G68/><T79/><D32/><U71/><E130/><V54/><F119/><W70/><G70/><T33/><D33/><U14/><E113/><N who="0" m="43593" /><D106/><U118/><E118/><V41/><F114/><W82/><G100/><T103/><D117/><U64/><E123/><V73/><F104/><W26/><G27/><T29/><D79/><U8/><E36/><V21/><F35/><W74/><G42/><T127/><D127/><U56/><E71/><V65/><F125/><W17/><G38/><T3/><D93/><U95/><E22/><V25/><F65/><W19/><G19/><T121/><D121/><U18/><E14/><V98/><F98/><W134/><G111/><T61/><D131/><U81/><REACH who="1" step="1"/><E75/><REACH who="1" ten="346,306,123,215" step="2"/><V85/><F73/><W96/><G124/><T16/><D29/><U20/><E20/><V126/><F126/><W50/><G50/><N who="0" m="28759" /><D61/><U44/><E44/><V53/><F37/><W1/><G1/><N who="0" m="11" /><D10/><U105/><E105/><V7/><F43/><W99/><G77/><T92/><D92/><U9/><E9/><V132/><F41/><W45/><G45/><T84/><D84/><AGARI ba="0,1" hai="8,15,18,56,62,64,80,81,84,89,95,97,102,107" machi="84" ten="30,2000,0" yaku="1,1,7,1,53,0" doraHai="129" doraHaiUra="128" who="1" fromWho="0" sc="346,-20,306,30,123,0,215,0" owari="326,13.0,336,43.0,123,-38.0,215,-18.0" /></mjloggm>