<mjloggm ver="2.3"><GO type="41" lobby="0"/><UN n0="%E3%81%95%E3%81%A8%E3%81%91" n1="%E5%B0%B1%E6%B4%BB%E7%94%9F%40%E5%B7%9D%E6%9D%91%E8%BB%8D%E5%9B%A3" n2="%62%62%70%70%66%61" n3="%68%61%74%75%5F" dan="13,14,15,16" rate="1830.44,1976.14,1962.68,2085.12" sx="M,M,M,M"/><TAIKYOKU oya="0"/><INIT seed="0,0,0,3,2,33" ten="250,250,250,250" oya="0" hai0="18,82,86,81,107,19,8,131,15,120,31,69,45" hai1="14,78,102,108,118,64,87,1,72,101,7,21,59" hai2="52,65,20,35,76,80,62,12,133,83,91,11,135" hai3="105,126,110,34,61,22,115,46,119,127,13,5,55"/><T29/><D69/><U100/><E118/><V130/><F35/><W79/><G34/><T111/><D107/><U30/><E108/><V113/><F130/><W103/><G119/><T27/><D120/><U51/><E72/><V6/><F113/><W39/><G115/><T47/><D131/><U90/><E78/><V128/><F128/><W16/><G110/><T74/><D74/><U60/><E1/><V24/><F91/><W106/><G79/><T73/><D73/><U54/><E30/><V95/><F95/><W134/><G134/><N who="2" m="51209" /><F76/><W42/><G5/><T88/><D111/><U117/><E117/><V125/><F125/><N who="3" m="47627" /><G103/><T26/><D81/><U104/><E104/><V98/><F98/><W50/><G61/><T23/><D19/><U116/><E116/><V28/><F52/><W75/><G75/><T84/><D86/><U3/><E3/><V40/><F40/><W57/><AGARI ba="0,0" hai="13,16,22,39,42,46,50,55,57,105,106" m="47627" machi="57" ten="30,2000,0" yaku="18,1,54,1" doraHai="33" who="3" fromWho="3" sc="250,-10,250,-5,250,-5,250,20" /><INIT seed="1,0,0,1,5,42" ten="240,245,245,270" oya="1" hai0="5,81,46,8,101,96,48,124,33,87,18,52,123" hai1="83,89,84,115,108,133,118,13,129,73,100,75,90" hai2="78,122,109,132,61,128,25,106,60,34,117,31,70" hai3="1,44,127,120,77,9,35,94,97,29,49,16,111"/><U72/><E13/><V66/><F109/><W126/><G120/><T38/><D33/><U53/><E108/><V58/><F122/><W14/><G111/><T55/><D123/><U4/><E118/><V93/><F117/><W121/><G121/><T91/><D124/><N who="3" m="47657" /><G77/><T43/><D38/><U110/><E110/><V103/><F128/><W62/><G62/><T30/><D18/><U69/><E69/><V17/><F132/><W36/><G36/><T79/><D30/><U3/><E115/><V47/><F78/><W20/><G35/><T24/><D91/><U102/><E133/><V63/><F17/><W107/><G107/><T85/><D24/><U59/><E129/><V65/><F47/><W64/><G64/><T7/><D87/><U0/><E89/><V98/><REACH who="2" step="1"/><F93/><REACH who="2" ten="240,245,235,270" step="2"/><W112/><G112/><T6/><D8/><U74/><E4/><V105/><F105/><W68/><G29/><T45/><REACH who="0" step="1"/><D46/><REACH who="0" ten="230,245,235,270" step="2"/><U82/><E83/><V92/><F92/><AGARI ba="0,2" hai="5,6,7,43,45,48,52,55,79,81,85,92,96,101" machi="92" ten="40,12000,2" yaku="1,1,2,1,8,1,52,1,54,1,53,1" doraHai="42" doraHaiUra="88" who="0" fromWho="2" sc="230,140,245,0,235,-120,270,0" /><INIT seed="2,0,0,3,1,76" ten="370,245,115,270" oya="2" hai0="61,105,23,122,41,96,47,90,63,118,89,100,114" hai1="62,3,7,86,134,130,14,2,115,88,93,33,40" hai2="5,133,107,66,45,84,135,46,131,91,42,85,64" hai3="74,59,65,10,37,12,51,119,67,29,19,25,129"/><V117/><F131/><W104/><G37/><T16/><D122/><U116/><E33/><V106/><F117/><W20/><G119/><T102/><D114/><U110/><E116/><V111/><F5/><W4/><G129/><T71/><D118/><U56/><E130/><V43/><REACH who="2" step="1"/><F91/><REACH who="2" ten="370,245,105,270" step="2"/><W36/><G4/><T87/><D90/><U72/><E115/><V112/><F112/><W52/><G74/><T80/><D71/><U21/><E72/><V17/><F17/><W98/><G36/><T9/><D102/><U1/><E7/><V128/><F128/><W34/><G34/><T83/><D61/><U18/><E134/><V94/><F94/><W103/><AGARI ba="0,1" hai="10,12,19,20,25,29,51,52,59,65,67,98,103,104" machi="103" ten="30,2000,0" yaku="0,1,54,1" doraHai="76" who="3" fromWho="3" sc="370,-5,245,-5,105,-10,270,30" /><INIT seed="3,0,0,0,5,5" ten="365,240,95,300" oya="3" hai0="0,88,125,63,20,102,41,67,54,116,59,122,75" hai1="104,1,30,61,70,89,23,92,65,121,120,34,62" hai2="101,57,31,133,13,98,12,126,19,52,33,106,56" hai3="21,28,108,85,129,109,99,66,8,90,132,47,74"/><W46/><G74/><T82/><D75/><U38/><E104/><V87/><F133/><W43/><G132/><T3/><D0/><U105/><E105/><V35/><F126/><W25/><G66/><T71/><D125/><U131/><E131/><V27/><F35/><W86/><G129/><T100/><D122/><U16/><E38/><V135/><F135/><W51/><G99/><T93/><D116/><U72/><E72/><V78/><F57/><W103/><G103/><T44/><D82/><U53/><E1/><V69/><F69/><W24/><G8/><T128/><D3/><U123/><E34/><V117/><F117/><W49/><G25/><T39/><D128/><U113/><E113/><V42/><F42/><W7/><G7/><T37/><D20/><U17/><E30/><V2/><F2/><W9/><G9/><T60/><D39/><U22/><E22/><V76/><F87/><AGARI ba="0,0" hai="37,41,44,54,59,60,63,67,71,87,88,93,100,102" machi="87" ten="30,2000,0" yaku="7,1,54,1" doraHai="5" who="0" fromWho="2" sc="365,20,240,0,95,-20,300,0" /><INIT seed="4,0,0,5,3,27" ten="385,240,75,300" oya="0" hai0="127,22,94,105,110,108,39,95,48,19,35,82,34" hai1="8,98,133,100,70,31,65,120,3,103,84,13,93" hai2="107,25,61,67,134,53,14,125,126,117,59,132,17" hai3="99,41,79,92,47,56,111,91,51,86,87,73,24"/><T29/><D39/><U104/><E120/><V60/><F107/><W128/><G128/><T46/><D105/><U76/><E133/><N who="2" m="51307" /><F25/><W43/><G111/><N who="0" m="42539" /><D82/><U38/><E38/><V102/><F102/><W9/><G73/><T89/><D127/><N who="2" m="48650" /><F14/><W131/><G131/><T63/><D63/><U5/><E100/><V52/><F17/><W75/><G43/><T40/><D89/><U30/><E3/><V10/><F10/><W80/><G9/><T0/><D0/><U64/><E70/><N who="2" m="42343" /><F117/><W114/><G114/><T113/><D113/><U72/><E72/><V16/><F16/><W26/><G75/><T123/><D123/><U33/><E33/><N who="0" m="12297" /><D19/><U118/><E118/><V116/><F116/><W101/><REACH who="3" step="1"/><G56/><REACH who="3" ten="385,240,75,290" step="2"/><T1/><D1/><U21/><E104/><AGARI ba="0,1" hai="24,26,41,47,51,79,80,86,87,91,92,99,101,104" machi="104" ten="30,8000,1" yaku="1,1,2,1,7,1,53,2" doraHai="27" doraHaiUra="23" who="3" fromWho="1" sc="385,0,240,-80,75,0,290,90" /><INIT seed="5,0,0,0,3,53" ten="385,160,75,380" oya="1" hai0="37,23,70,97,14,82,106,71,80,76,25,55,22" hai1="109,104,64,2,4,56,61,34,127,88,52,113,46" hai2="78,13,24,12,30,94,38,134,63,89,90,103,60" hai3="62,35,54,87,39,27,131,44,108,86,16,21,85"/><U122/><E104/><V66/><F134/><W77/><G108/><T47/><D37/><U42/><E34/><V0/><F0/><W107/><G107/><T115/><D106/><U120/><E113/><V68/><F38/><W98/><G131/><T59/><D115/><U50/><E109/><V18/><F78/><W15/><G98/><T91/><D97/><U84/><E127/><V3/><F3/><W121/><G121/><T28/><D47/><U123/><E4/><V111/><F111/><W5/><G39/><T33/><D33/><U29/><E2/><V128/><F128/><W110/><G110/><T75/><D91/><U99/><E29/><V125/><F125/><W119/><G119/><T116/><D116/><U31/><E31/><V74/><F74/><W40/><G40/><T102/><D102/><U6/><E6/><V10/><F103/><W132/><G132/><T51/><D82/><U130/><E99/><V81/><F63/><W32/><G77/><T36/><D36/><U118/><E118/><V11/><F81/><W9/><REACH who="3" step="1"/><G44/><REACH who="3" ten="385,160,75,370" step="2"/><T69/><D71/><U96/><E96/><V41/><F41/><W73/><G73/><T8/><D23/><U67/><REACH who="1" step="1"/><E130/><REACH who="1" ten="385,150,75,370" step="2"/><V100/><F100/><W133/><G133/><T19/><AGARI ba="0,2" hai="8,14,19,22,25,28,51,55,59,69,70,75,76,80" machi="19" ten="20,2700,0" yaku="0,1,7,1,52,1" doraHai="53" who="0" fromWho="0" sc="385,47,150,-13,75,-7,370,-7" /><INIT seed="6,0,0,3,3,65" ten="432,137,68,363" oya="2" hai0="70,126,105,25,31,104,68,19,102,12,1,30,54" hai1="125,106,41,57,26,131,81,39,132,35,76,66,16" hai2="23,99,116,17,95,117,113,24,40,14,122,37,86" hai3="0,48,100,46,13,98,42,22,60,52,130,53,75"/><V61/><F122/><W5/><G75/><T9/><D1/><U91/><E106/><V50/><F113/><W135/><G130/><T49/><D31/><U51/><E131/><V83/><F37/><W128/><G128/><T119/><D119/><U71/><E132/><V8/><F61/><W88/><G135/><T58/><D126/><U129/><E129/><V27/><F40/><W94/><G0/><T69/><REACH who="0" step="1"/><D102/><REACH who="0" ten="422,137,68,363" step="2"/><U77/><E125/><V118/><F50/><W90/><G60/><T36/><D36/><U56/><E51/><V10/><F10/><N who="3" m="4303" /><G22/><AGARI ba="0,1" hai="9,12,19,22,25,30,49,54,58,68,69,70,104,105" machi="22" ten="40,8000,1" yaku="1,1,52,3,53,0" doraHai="65" doraHaiUra="78" who="0" fromWho="3" sc="422,90,137,0,68,0,363,-80" /><INIT seed="7,0,0,3,0,92" ten="512,137,68,283" oya="3" hai0="121,66,87,102,34,59,69,10,64,107,90,47,132" hai1="100,78,95,38,50,124,104,110,108,28,125,84,83" hai2="77,101,105,23,57,86,25,112,15,74,20,85,98" hai3="111,37,99,94,120,127,49,22,123,117,63,32,7"/><W54/><G32/><T56/><D121/><U5/><E38/><V60/><F112/><W29/><G37/><T3/><D34/><U16/><E28/><V30/><F74/><W48/><G117/><T24/><D69/><U58/><E5/><V88/><F77/><W106/><G106/><T46/><D24/><U128/><E128/><V26/><F15/><W68/><G7/><T72/><D72/><U103/><E16/><V73/><F88/><W27/><G127/><N who="1" m="48714" /><E104/><V41/><F41/><W109/><G120/><T126/><D102/><N who="1" m="38955" /><E95/><V133/><F133/><W53/><G123/><T79/><D126/><U43/><E43/><V31/><REACH who="2" step="1"/><F73/><REACH who="2" ten="512,137,58,283" step="2"/><W12/><G12/><T21/><D79/><U122/><E122/><V61/><F61/><W40/><G40/><T118/><D118/><U18/><E108/><N who="3" m="41546" /><G68/><T91/><D3/><U130/><E110/><V8/><F8/><W13/><G13/><T70/><D10/><U71/><E78/><V52/><AGARI ba="0,1" hai="20,23,25,26,30,31,52,57,60,85,86,98,101,105" machi="52" ten="20,16000,3" yaku="1,1,0,1,7,1,9,1,52,1,54,1,53,2" doraHai="92" doraHaiUra="81" who="2" fromWho="2" sc="512,-40,137,-40,58,170,283,-80" owari="472,57.0,97,-40.0,228,3.0,203,-20.0" /></mjloggm>