<mjloggm ver="2.3"><GO type="41" lobby="0"/><UN n0="%E5%A1%B5" n1="%59%75%69%41%73%75%6E%61" n2="%E5%B0%B1%E6%B4%BB%E7%94%9F%40%E5%B7%9D%E6%9D%91%E8%BB%8D%E5%9B%A3" n3="%EF%BC%92%E4%BB%A3%E7%9B%AE%E3%83%9E%E3%83%84%E3%83%8A%E3%82%B2" dan="13,13,17,13" rate="1870.56,1870.91,2113.07,1810.62" sx="M,F,M,M"/><TAIKYOKU oya="0"/><INIT seed="0,0,0,5,5,89" ten="250,250,250,250" oya="0" hai0="100,99,26,3,38,75,79,80,87,55,114,51,124" hai1="39,46,73,104,69,119,128,44,74,110,7,76,4" hai2="113,134,97,77,22,23,65,96,28,135,106,102,15" hai3="30,93,13,37,108,61,98,131,41,45,32,40,11"/><T123/><D114/><U53/><E110/><V21/><F113/><W64/><G131/><T109/><D38/><U58/><E119/><V126/><F126/><W118/><G108/><T83/><D109/><U120/><E120/><V42/><F42/><W129/><G118/><T82/><D3/><U59/><E104/><V43/><F43/><W86/><G129/><T103/><D123/><U33/><E33/><V57/><F77/><W34/><G41/><T49/><D103/><U35/><E35/><V115/><F115/><W84/><G32/><T12/><D51/><U14/><E14/><V20/><F96/><W19/><G34/><T60/><D60/><U107/><E107/><V1/><F1/><W70/><G30/><T132/><D124/><U101/><E101/><AGARI ba="0,0" hai="11,13,19,37,40,45,61,64,70,84,86,93,98,101" machi="101" ten="30,2000,0" yaku="7,1,52,1" doraHai="89" who="3" fromWho="1" sc="250,0,250,-20,250,0,250,20" /><INIT seed="1,0,0,5,3,114" ten="250,230,250,270" oya="1" hai0="47,131,117,132,116,109,48,125,61,96,119,18,17" hai1="100,121,115,87,111,104,91,42,129,4,64,58,81" hai2="0,90,79,113,39,33,6,40,130,89,76,78,118" hai3="27,44,106,126,56,22,25,134,55,51,28,38,98"/><U60/><E115/><V74/><F113/><W3/><G134/><T102/><D132/><U37/><E121/><V46/><F130/><W71/><G126/><T9/><D131/><U53/><E129/><V21/><F33/><W99/><G71/><T50/><D125/><U45/><E4/><V5/><F21/><W84/><G22/><T63/><D50/><U88/><E111/><V110/><F110/><W108/><G3/><T24/><D109/><U15/><E15/><V59/><F118/><W67/><G108/><T16/><D24/><U83/><E100/><V94/><F59/><W107/><G28/><T112/><D9/><U62/><E104/><V69/><F69/><W92/><G107/><T19/><N who="0" m="4608" /><DORA hai="11" /><T8/><D8/><U43/><E42/><V54/><F54/><W36/><G106/><T135/><D135/><U30/><E30/><V26/><F26/><W97/><G25/><T103/><D112/><U75/><E75/><V7/><F0/><W82/><G27/><T66/><D96/><U93/><REACH who="1" step="1"/><E91/><REACH who="1" ten="250,220,250,270" step="2"/><V29/><F29/><W86/><G92/><T73/><D73/><U128/><E128/><V124/><F124/><W70/><G82/><T105/><D105/><U133/><E133/><V32/><F74/><W80/><G80/><T65/><D103/><U85/><E85/><V95/><F89/><W34/><G34/><T68/><D102/><U35/><E35/><V13/><F32/><W2/><G2/><T14/><D14/><U52/><E52/><V57/><F90/><W20/><G84/><T120/><D120/><U123/><E123/><RYUUKYOKU ba="0,1" sc="250,-10,220,30,250,-10,270,-10" hai1="37,43,45,53,58,60,62,64,81,83,87,88,93" /><INIT seed="1,1,1,1,3,23" ten="240,250,240,260" oya="1" hai0="34,127,38,0,91,83,72,31,49,22,40,13,21" hai1="97,79,110,14,121,65,115,61,48,130,99,24,26" hai2="36,71,87,112,82,5,95,60,32,74,15,1,114" hai3="86,45,54,44,42,39,75,73,98,30,58,35,64"/><U29/><E115/><N who="2" m="44075" /><F36/><W109/><G109/><T135/><D0/><U57/><E121/><V66/><F32/><W124/><G124/><T100/><D38/><U128/><E110/><V50/><F1/><W69/><G45/><T85/><D127/><U92/><E79/><N who="2" m="46559" /><F74/><W17/><G73/><T89/><D72/><U116/><E116/><V19/><F50/><W107/><G75/><T59/><D100/><N who="1" m="60455" /><E99/><V70/><F95/><W118/><G118/><T88/><D34/><U47/><E14/><V33/><F5/><W123/><G123/><T125/><D125/><U103/><E103/><V2/><F2/><W62/><G107/><T7/><D40/><N who="1" m="24679" /><E29/><V6/><F6/><W113/><G98/><T8/><D31/><U56/><E56/><N who="2" m="37127" /><F33/><W4/><G113/><T126/><D126/><U131/><AGARI ba="1,1" hai="24,26,57,61,65,128,130,131" m="24679,60455" machi="131" ten="30,6000,0" yaku="19,1,52,2" doraHai="23" who="1" fromWho="1" sc="240,-21,250,73,240,-21,260,-21" /><INIT seed="1,2,0,2,1,102" ten="219,323,219,239" oya="1" hai0="59,34,127,16,94,61,48,121,106,129,21,45,36" hai1="128,77,19,79,33,70,41,44,51,123,49,47,24" hai2="50,58,72,99,86,84,80,5,53,122,75,62,104" hai3="82,131,89,83,74,37,95,27,9,120,52,69,3"/><U97/><E128/><V92/><F122/><W91/><G120/><T13/><D106/><U114/><E114/><V85/><F5/><W54/><G131/><T26/><D129/><U101/><E70/><V12/><F12/><W38/><G69/><T46/><D121/><U96/><E97/><V43/><F80/><W112/><G112/><T78/><D127/><U73/><E73/><V29/><F29/><W15/><G74/><T125/><D125/><U76/><E33/><V90/><F104/><W63/><G3/><T1/><D1/><U119/><E119/><V66/><REACH who="2" step="1"/><F43/><REACH who="2" ten="219,323,209,239" step="2"/><W39/><G27/><T17/><D94/><N who="1" m="58519" /><E24/><V103/><F103/><W35/><G82/><T88/><D78/><U100/><E123/><V113/><F113/><W22/><G83/><T108/><D88/><U81/><E100/><V116/><F116/><W40/><G89/><T32/><D32/><U134/><E81/><V20/><F20/><W57/><G40/><T71/><D34/><U64/><E41/><V107/><F107/><W8/><G35/><T110/><D17/><U87/><E19/><V98/><F98/><W126/><G126/><T11/><D26/><U23/><E23/><V56/><AGARI ba="2,1" hai="50,53,56,58,62,66,72,75,84,85,86,90,92,99" machi="56" ten="30,2000,0" yaku="1,1,0,1,53,0" doraHai="102" doraHaiUra="118" who="2" fromWho="2" sc="219,-7,323,-12,209,36,239,-7" /><INIT seed="2,0,0,0,4,110" ten="212,311,245,232" oya="2" hai0="133,74,87,71,112,50,101,92,52,64,32,6,28" hai1="37,73,86,39,95,13,75,58,77,17,99,134,78" hai2="11,109,57,46,105,48,116,63,1,124,111,27,98" hai3="0,23,49,108,103,90,8,122,65,51,19,35,102"/><V129/><F116/><W21/><G122/><T117/><D74/><U12/><E134/><V118/><F118/><W62/><G108/><N who="2" m="41545" /><F129/><W106/><G35/><T81/><D32/><U36/><E58/><V70/><F124/><W16/><G106/><T56/><D133/><U94/><E86/><V59/><F27/><W15/><G0/><T89/><D28/><U22/><E99/><V91/><F1/><W131/><G131/><T66/><D71/><U53/><E53/><N who="2" m="29847" /><F11/><W41/><G8/><T83/><D117/><U38/><E38/><V97/><F97/><W2/><G2/><T68/><D68/><U61/><E61/><V54/><F105/><W18/><G41/><T76/><D6/><U43/><E43/><V45/><F91/><W130/><G90/><T42/><D42/><U115/><E37/><V119/><F98/><W67/><G130/><T128/><D128/><U31/><E31/><V24/><F24/><W33/><G33/><T107/><D107/><U29/><E29/><V120/><F120/><W93/><G93/><T44/><D89/><U82/><E39/><V126/><F126/><W26/><G19/><T10/><D92/><U125/><E17/><V79/><F79/><W113/><G113/><T135/><D10/><U132/><E115/><V14/><F14/><W96/><G96/><T100/><D112/><U127/><E36/><V60/><F119/><W30/><G30/><T5/><D135/><U20/><E132/><V47/><F70/><W9/><G9/><T104/><D104/><U123/><E123/><V88/><F88/><W34/><G34/><RYUUKYOKU ba="0,0" sc="212,-15,311,15,245,15,232,-15" hai1="12,13,20,22,73,75,77,78,82,94,95,125,127" hai2="45,47,54,57,59,60,63" /><INIT seed="2,1,0,4,3,115" ten="197,326,260,217" oya="2" hai0="67,96,84,26,12,110,87,126,108,105,23,35,68" hai1="50,55,48,25,44,123,92,114,134,6,58,19,102" hai2="51,103,30,117,59,53,133,13,49,27,32,81,80" hai3="111,118,107,3,70,75,9,79,90,129,1,95,60"/><V4/><F133/><W7/><G111/><N who="0" m="42539" /><D126/><U71/><E71/><V54/><F117/><W109/><G109/><T56/><D12/><U132/><E114/><V38/><F38/><W10/><G107/><T76/><D76/><U57/><E6/><V14/><F103/><W72/><G118/><T16/><D35/><U20/><E123/><V11/><REACH who="2" step="1"/><F14/><REACH who="2" ten="197,326,250,217" step="2"/><W63/><G129/><T100/><D68/><U97/><E134/><V5/><F5/><W131/><G70/><T125/><D125/><U37/><E37/><V31/><F31/><W40/><G131/><T52/><D67/><U77/><E132/><V93/><F93/><W62/><G40/><T112/><D112/><U28/><E28/><V43/><F43/><W24/><G24/><T128/><D128/><U41/><E77/><V101/><F101/><W82/><G72/><T74/><D74/><U130/><E130/><V120/><F120/><W86/><G9/><T42/><D42/><U66/><E66/><V22/><F22/><W119/><REACH who="3" step="1"/><G119/><REACH who="3" ten="197,326,250,207" step="2"/><T0/><D0/><AGARI ba="1,2" hai="0,1,3,7,10,60,62,63,75,79,82,86,90,95" machi="0" ten="40,2600,0" yaku="1,1,2,1,53,0" doraHai="115" doraHaiUra="17" who="3" fromWho="0" sc="197,-29,326,0,250,0,207,49" /><INIT seed="3,0,0,0,1,8" ten="168,326,250,256" oya="3" hai0="60,62,72,107,31,105,7,111,27,15,78,55,126" hai1="97,100,25,54,2,87,82,91,43,52,23,104,101" hai2="110,113,5,114,16,106,102,1,88,86,29,133,19" hai3="94,41,38,50,40,70,24,117,64,75,37,30,83"/><W9/><G117/><T4/><D126/><U93/><E2/><V76/><F29/><W51/><G70/><T122/><D122/><U28/><E43/><V49/><F76/><W81/><G64/><T58/><D111/><U10/><E10/><V20/><F133/><W89/><G9/><T17/><D72/><U71/><E71/><V33/><F110/><W61/><G61/><T56/><D78/><N who="1" m="46551" /><E104/><V108/><F33/><W44/><G75/><T132/><D132/><U109/><E109/><V85/><F108/><W0/><G0/><T74/><D74/><U47/><E47/><V90/><F5/><W35/><G37/><T99/><D107/><U134/><E134/><V18/><F1/><W112/><G112/><T42/><D42/><U12/><E12/><V34/><F34/><W39/><G39/><T57/><D105/><U32/><E32/><V21/><F49/><W26/><G26/><T131/><D131/><U135/><E135/><V68/><F106/><W63/><G63/><N who="0" m="24107" /><D99/><U73/><E73/><V95/><F102/><AGARI ba="0,0" hai="23,25,28,52,54,91,93,97,100,101,102" m="46551" machi="102" ten="30,2000,0" yaku="8,1,54,1" doraHai="8" who="1" fromWho="2" sc="168,0,326,20,250,-20,256,0" /><INIT seed="4,0,0,3,3,32" ten="168,346,230,256" oya="0" hai0="66,72,25,89,44,65,26,48,5,111,28,64,52" hai1="8,20,108,80,92,41,78,31,81,112,79,122,59" hai2="10,27,62,2,84,34,129,55,35,67,13,101,103" hai3="116,21,86,132,68,50,56,3,82,119,1,95,43"/><T74/><D111/><U24/><E108/><V0/><F129/><W107/><G68/><T115/><D115/><U135/><E135/><V22/><F35/><W127/><G107/><T134/><D134/><U46/><E122/><V42/><F42/><W69/><G132/><T49/><D26/><U39/><E92/><V99/><F84/><W18/><G69/><T98/><D5/><U57/><E8/><V45/><F45/><W100/><G127/><T96/><D49/><U4/><E4/><V113/><F55/><W85/><G116/><T133/><D133/><U104/><E104/><V110/><F34/><W40/><G119/><T105/><D89/><U70/><E70/><V15/><F15/><W33/><G33/><T71/><D71/><U118/><E112/><V14/><F14/><W121/><G121/><T76/><D76/><U23/><E23/><V123/><F103/><W38/><G38/><T77/><D77/><U83/><E118/><V63/><F63/><W58/><G100/><T93/><D105/><U29/><E29/><N who="2" m="17655" /><F110/><W60/><G95/><T102/><REACH who="0" step="1"/><D98/><REACH who="0" ten="158,346,230,256" step="2"/><U91/><E91/><V54/><F123/><W11/><G50/><T9/><D9/><U12/><E79/><V16/><F113/><W126/><G11/><T87/><D87/><U128/><E78/><V125/><F125/><W109/><G126/><T37/><D37/><U97/><E97/><V73/><F73/><W30/><G109/><T130/><D130/><U120/><E128/><V7/><F7/><W131/><G86/><T36/><D36/><U90/><E120/><V94/><F99/><RYUUKYOKU ba="0,1" sc="158,30,346,-10,230,-10,256,-10" hai0="25,28,44,48,52,64,65,66,72,74,93,96,102" /><INIT seed="4,1,1,4,3,63" ten="188,336,220,246" oya="0" hai0="6,72,62,34,133,24,97,44,86,77,134,105,22" hai1="57,122,3,79,23,13,52,130,95,60,14,46,38" hai2="12,127,40,32,104,0,37,10,121,20,93,47,131" hai3="111,75,99,50,4,41,30,65,55,15,43,106,113"/><T109/><D34/><U49/><E3/><V29/><F104/><W114/><G111/><T118/><D118/><U11/><E122/><V53/><F121/><W124/><G75/><T17/><D72/><U45/><E130/><V103/><F131/><W64/><G30/><T66/><D6/><U76/><E38/><V19/><F127/><W112/><G124/><T89/><D44/><U16/><E95/><V90/><F103/><N who="3" m="62847" /><G15/><T7/><D7/><N who="1" m="3327" /><E45/><V135/><F135/><N who="0" m="51722" /><D77/><U21/><E21/><V61/><F32/><W25/><G4/><T115/><D115/><N who="3" m="29441" /><W56/><DORA hai="48" /><G25/><T54/><D109/><U81/><E81/><V35/><F35/><W28/><G28/><T18/><D18/><U119/><E119/><V116/><F116/><W74/><G74/><T26/><D26/><U123/><E123/><V39/><F0/><W8/><G8/><T69/><D105/><U91/><E91/><V87/><F29/><W98/><G98/><T128/><D97/><U102/><E102/><V73/><F73/><W80/><G80/><N who="0" m="49351" /><D128/><U107/><E107/><V125/><F125/><W31/><G31/><T9/><D9/><U82/><E82/><V83/><F83/><W129/><G129/><T101/><D101/><U51/><E46/><V110/><F110/><W33/><G33/><T78/><D78/><AGARI ba="1,1" hai="14,16,23,49,51,52,57,60,76,78,79" m="3327" machi="78" ten="30,7700,0" yaku="8,1,52,1,54,2" doraHai="63,48" who="1" fromWho="0" sc="188,-80,336,90,220,0,246,0" /><INIT seed="5,0,0,2,5,99" ten="108,426,220,246" oya="1" hai0="133,60,119,37,114,69,67,82,33,122,100,92,53" hai1="79,120,12,94,75,90,128,46,88,105,123,115,93" hai2="31,135,23,38,42,74,35,43,36,86,18,41,64" hai3="5,58,83,78,126,14,61,66,80,45,109,19,113"/><U71/><E71/><V72/><F135/><W95/><G109/><T49/><D119/><U118/><E46/><V134/><F134/><W65/><G126/><T30/><D133/><U2/><E2/><V20/><F35/><W3/><G113/><T9/><D37/><U68/><E68/><V29/><F64/><W57/><G45/><T7/><D122/><U125/><E12/><V117/><F86/><W121/><G121/><T39/><D39/><N who="2" m="14890" /><F18/><W15/><G95/><T98/><D114/><U54/><E54/><V124/><F124/><W47/><G47/><T0/><D82/><U22/><E22/><N who="2" m="8235" /><F117/><W89/><G3/><T62/><D62/><U27/><E27/><V103/><F103/><W102/><G102/><T96/><D96/><U34/><E34/><V1/><F1/><W50/><G5/><T127/><D127/><U104/><E125/><V116/><F116/><W40/><G40/><T55/><REACH who="0" step="1"/><D49/><REACH who="0" ten="98,426,220,246" step="2"/><U48/><E48/><V97/><F97/><W26/><G50/><T73/><D73/><AGARI ba="0,1" hai="29,31,41,42,43,72,73,74" m="8235,14890" machi="73" ten="40,2600,0" yaku="28,2" doraHai="99" who="2" fromWho="0" sc="98,-26,426,0,220,36,246,0" /><INIT seed="6,0,0,5,5,108" ten="72,426,256,246" oya="2" hai0="16,118,25,135,4,74,115,87,86,113,60,51,90" hai1="37,46,104,95,9,121,40,23,43,96,84,38,110" hai2="26,7,48,123,130,12,49,47,119,55,2,17,91" hai3="134,32,73,65,29,57,72,112,39,11,36,18,52"/><V42/><F119/><W82/><G65/><T27/><D74/><U81/><E104/><V28/><F123/><W102/><G102/><T132/><D118/><U30/><E110/><V70/><F70/><W85/><G73/><T93/><D4/><U106/><E106/><V61/><F130/><W88/><G72/><T21/><D60/><U13/><E30/><V50/><F7/><W24/><G134/><N who="0" m="51243" /><D51/><U101/><E23/><V58/><F2/><W68/><G68/><T116/><D116/><U0/><E0/><V35/><REACH who="2" step="1"/><F91/><REACH who="2" ten="72,426,246,246" step="2"/><W6/><G112/><N who="0" m="43083" /><D27/><U131/><E131/><V15/><F15/><W66/><G6/><T41/><D41/><U111/><E121/><V99/><F99/><AGARI ba="0,1" hai="16,21,25,86,87,90,93,99" m="43083,51243" machi="99" ten="30,12000,2" yaku="20,1,15,1,52,3,54,1" doraHai="108" who="0" fromWho="2" sc="72,130,426,0,246,-120,246,0" /><INIT seed="7,0,0,1,4,45" ten="202,426,126,246" oya="3" hai0="112,34,62,6,0,121,59,25,100,28,1,80,106" hai1="11,17,94,74,61,135,131,64,93,52,84,116,43" hai2="20,65,76,2,87,118,75,110,111,67,35,115,78" hai3="8,44,105,3,60,49,38,48,108,126,114,81,53"/><W120/><G120/><T134/><D121/><U13/><E74/><V33/><F87/><W14/><G3/><T95/><D106/><U103/><E131/><V41/><F41/><W42/><G114/><T132/><D6/><U86/><E135/><V82/><F2/><W10/><G108/><T54/><D80/><U21/><E116/><V22/><F82/><W122/><G126/><T29/><D29/><U57/><E43/><V5/><F5/><W127/><G122/><T79/><D79/><U128/><E128/><V119/><REACH who="2" step="1"/><F115/><REACH who="2" ten="202,426,116,246" step="2"/><W16/><G127/><T72/><D112/><U99/><E94/><V125/><F125/><W123/><G123/><T36/><D72/><AGARI ba="0,1" hai="20,22,33,35,65,67,72,75,76,78,110,111,118,119" machi="72" ten="25,8000,1" yaku="1,1,22,2,53,2" doraHai="45" doraHaiUra="73" who="2" fromWho="0" sc="202,-80,426,0,116,90,246,0" owari="122,-38.0,426,52.0,206,-19.0,246,5.0" /></mjloggm>