<mjloggm ver="2.3"><GO type="233" lobby="0"/><UN n0="%E6%AE%8B%E5%B0%BF%E6%84%9F%E3%81%AA%E3%81%84%EF%BC%9F" n1="%E3%82%A6%E3%83%AB%E3%83%88%E3%83%A9%E7%AB%8B%E7%9B%B4" n2="%E8%B6%85%E7%8D%A3%EF%BC%A7%EF%BC%A9%EF%BC%A7%EF%BC%A1" n3="%E3%81%AA%E3%81%BE%E3%81%AF%E3%81%92%E3%83%AA%E3%83%BC%E3%83%81%E2%98%86" dan="17,17,17,18" rate="2206.23,2210.21,2123.77,2221.66" sx="F,M,M,M"/><TAIKYOKU oya="0"/><INIT seed="0,0,0,3,0,100" ten="250,250,250,250" oya="0" hai0="54,72,65,1,90,86,19,4,11,133,28,104,36" hai1="123,17,120,53,112,113,109,83,69,108,49,14,80" hai2="124,42,78,81,115,117,93,39,110,31,126,85,88" hai3="121,24,68,128,46,70,48,33,27,122,75,64,71"/><T66/><D36/><U51/><E14/><V2/><F2/><W13/><G75/><T5/><D72/><U59/><E17/><V35/><F115/><N who="1" m="44105" /><E80/><V103/><F110/><N who="1" m="42601" /><E83/><V101/><F117/><W129/><G64/><T63/><D104/><U76/><E76/><V60/><F60/><W127/><G127/><N who="2" m="48681" /><F42/><N who="3" m="24663" /><G13/><N who="0" m="7615" /><D133/><U16/><E16/><V0/><F39/><W58/><G58/><N who="0" m="35287" /><D28/><U40/><E69/><V105/><F0/><W79/><G79/><T87/><D1/><U92/><E92/><V57/><F57/><W10/><G10/><T99/><D99/><U34/><E34/><V56/><F56/><W23/><G33/><T61/><D87/><U77/><E77/><V132/><F132/><W94/><G94/><T30/><D30/><U111/><E111/><V106/><F31/><N who="3" m="17823" /><G27/><T74/><D74/><U7/><E7/><V47/><F35/><W52/><G68/><T55/><D5/><U32/><E32/><V22/><F22/><W12/><G70/><T8/><D4/><U9/><E9/><V67/><F67/><W73/><G71/><T82/><D8/><U135/><E135/><V107/><F47/><AGARI ba="0,0" hai="40,47,49,51,53,59,120,123" m="42601,44105" machi="47" ten="30,7700,0" yaku="11,1,14,1,34,2" doraHai="100" who="1" fromWho="2" sc="250,0,250,77,250,-77,250,0" /><INIT seed="1,0,0,1,1,125" ten="250,327,173,250" oya="1" hai0="46,87,112,70,90,128,47,21,7,1,43,105,103" hai1="6,83,116,89,55,3,53,126,118,111,57,0,19" hai2="132,4,62,84,72,60,59,120,66,58,29,77,30" hai3="11,5,113,123,88,73,134,107,8,41,39,28,121"/><U56/><E126/><V50/><F120/><W35/><G113/><T78/><D70/><U49/><E111/><V96/><F72/><W109/><G107/><T32/><D32/><U61/><E19/><V13/><F132/><W93/><G73/><T27/><D112/><U101/><E101/><V131/><F131/><W34/><G134/><T71/><D71/><U54/><E54/><V76/><F96/><W97/><G109/><T99/><D78/><N who="2" m="30314" /><F50/><W20/><G20/><T115/><D115/><U22/><E22/><V15/><F84/><W102/><G102/><T48/><D128/><U26/><E26/><V117/><F117/><W65/><G65/><T82/><D1/><U108/><E108/><V2/><F2/><W51/><G39/><T122/><D7/><U100/><E100/><V12/><F4/><W67/><G67/><AGARI ba="0,0" hai="12,13,15,29,30,58,59,60,62,66,67" m="30314" machi="67" ten="30,1000,0" yaku="8,1" doraHai="125" who="2" fromWho="3" sc="250,0,327,0,173,10,250,-10" /><INIT seed="2,0,0,5,0,54" ten="250,327,183,240" oya="2" hai0="48,112,66,114,134,87,65,89,34,15,82,120,135" hai1="61,118,32,44,127,43,85,86,116,88,119,92,5" hai2="42,45,69,18,79,108,109,21,102,0,80,105,122" hai3="77,76,64,132,60,31,51,6,121,49,23,95,50"/><V110/><F0/><W78/><G121/><T129/><D34/><U130/><E32/><V14/><F69/><W81/><G132/><T26/><D26/><U104/><E104/><V22/><F122/><W113/><G113/><T13/><D120/><U123/><E123/><V83/><F22/><W38/><G38/><T20/><D48/><U94/><E127/><V98/><REACH who="2" step="1"/><F79/><REACH who="2" ten="250,327,173,240" step="2"/><W2/><G2/><T103/><D20/><U17/><E119/><V125/><F125/><W47/><G76/><T131/><D114/><U36/><E118/><V75/><F75/><W41/><G78/><T84/><D112/><U97/><E116/><V93/><F93/><W63/><G95/><T9/><D135/><U72/><E72/><V3/><F3/><W106/><G77/><T128/><D134/><U117/><E94/><V33/><F33/><W19/><G23/><T16/><D131/><U12/><E130/><V124/><F124/><W74/><G74/><T53/><D129/><U73/><E73/><V55/><F55/><W8/><G81/><T126/><D128/><U133/><E133/><V39/><AGARI ba="0,1" hai="14,18,21,39,42,45,80,83,98,102,105,108,109,110" machi="39" ten="30,11700,0" yaku="1,1,0,1,14,1,10,1,53,0" doraHai="54" doraHaiUra="67" who="2" fromWho="2" sc="250,-39,327,-39,173,127,240,-39" /><INIT seed="2,1,0,0,4,4" ten="211,288,300,201" oya="2" hai0="111,81,37,3,109,64,60,117,75,127,124,122,10" hai1="105,40,128,42,39,5,63,131,77,31,49,93,15" hai2="113,30,45,0,79,23,76,43,62,99,65,2,67" hai3="18,8,38,71,94,84,59,52,114,134,135,92,44"/><V90/><F113/><W24/><G71/><N who="0" m="42375" /><D37/><U108/><E105/><V22/><F67/><W20/><G114/><T53/><D122/><U21/><E39/><V101/><F90/><W72/><G72/><T119/><D53/><U70/><E77/><V133/><F133/><N who="3" m="50699" /><G84/><T58/><D58/><U41/><E49/><N who="2" m="26815" /><F2/><W83/><G83/><T97/><D97/><U54/><E70/><V89/><F89/><W35/><G35/><T27/><D27/><U73/><E73/><V125/><F0/><W26/><G26/><T112/><D112/><U74/><E74/><V87/><F125/><N who="0" m="48202" /><D81/><U100/><E100/><V66/><F66/><W61/><G38/><T123/><D75/><U50/><E41/><V98/><F87/><W28/><G44/><T132/><D123/><U13/><E42/><V9/><F99/><W78/><G78/><N who="2" m="29737" /><F30/><W11/><G28/><T121/><D121/><U96/><E40/><V116/><F116/><N who="0" m="44618" /><D132/><U82/><E82/><V48/><F98/><W115/><G115/><T107/><D107/><U12/><E96/><V130/><F101/><W55/><G55/><T91/><D91/><U57/><E54/><V7/><F65/><W56/><G56/><T25/><D25/><U46/><E57/><V129/><F62/><W29/><G29/><T110/><D110/><U106/><E31/><V14/><F48/><W36/><G36/><T126/><N who="0" m="48210" /><T102/><DORA hai="120" /><D102/><U17/><E50/><V118/><F118/><W34/><G34/><T69/><D69/><U68/><E63/><V6/><F6/><AGARI ba="1,0" hai="3,6,10,109,111" m="44618,48210,42375" machi="6" ten="50,12000,2" yaku="18,1,12,1,23,1,52,3" doraHai="4,120" who="0" fromWho="2" sc="211,123,288,0,300,-123,201,0" /><INIT seed="3,0,0,4,2,71" ten="334,288,177,201" oya="3" hai0="47,46,130,17,36,91,122,60,112,85,2,9,121" hai1="7,89,97,106,1,65,24,55,64,93,59,95,126" hai2="20,53,82,135,22,102,12,28,107,96,90,73,13" hai3="117,38,115,105,88,66,39,61,70,33,49,26,75"/><W103/><G117/><T120/><D112/><U5/><E106/><V76/><F135/><W72/><G49/><T101/><D101/><U11/><E126/><V69/><F69/><W87/><G115/><T31/><D31/><U77/><E77/><V30/><F22/><W94/><G75/><T108/><D108/><U84/><E7/><V48/><F90/><W63/><G63/><T81/><D36/><U109/><E109/><V133/><F133/><W43/><G43/><T25/><D130/><U23/><E93/><V80/><F82/><W32/><G72/><T41/><D41/><U118/><E84/><V114/><F114/><W4/><G4/><T6/><D60/><U83/><E83/><V127/><F127/><W134/><G134/><T125/><D125/><U3/><E3/><V100/><F102/><W132/><G132/><T116/><D116/><U54/><E54/><V99/><F99/><N who="3" m="61695" /><G33/><T62/><D62/><N who="1" m="36223" /><E118/><V111/><F111/><W129/><G129/><T123/><D123/><U18/><AGARI ba="0,0" hai="1,5,11,18,23,24,64,65,89,95,97" m="36223" machi="18" ten="30,1100,0" yaku="25,1" doraHai="71" who="1" fromWho="1" sc="334,-3,288,11,177,-3,201,-5" /><INIT seed="4,0,0,0,3,37" ten="331,299,174,196" oya="0" hai0="122,84,113,38,36,82,53,78,54,91,52,58,80" hai1="98,76,10,93,134,16,46,21,13,67,34,99,104" hai2="24,63,17,40,106,107,92,118,50,120,6,69,126" hai3="62,47,48,20,83,59,1,2,79,100,56,28,44"/><T3/><D122/><U77/><E34/><V31/><F120/><W124/><G124/><T29/><D3/><U19/><E134/><V101/><F126/><W25/><G100/><T72/><D113/><U111/><E111/><V110/><F110/><W109/><G47/><T22/><REACH who="0" step="1"/><D58/><REACH who="0" ten="321,299,174,196" step="2"/><U96/><E104/><V117/><F107/><W42/><G109/><T18/><D18/><U7/><E19/><V81/><F106/><W89/><G59/><T61/><D61/><U55/><E16/><V112/><F17/><W121/><G121/><T39/><D39/><U85/><E13/><V114/><F114/><W26/><G26/><AGARI ba="0,1" hai="22,26,29,36,38,52,53,54,72,78,80,82,84,91" machi="26" ten="40,7700,0" yaku="1,1,54,1,53,1" doraHai="37" doraHaiUra="23" who="0" fromWho="3" sc="321,87,299,0,174,0,196,-77" /><INIT seed="4,1,0,0,0,31" ten="408,299,174,119" oya="0" hai0="105,101,86,126,129,13,16,104,32,43,48,55,102" hai1="109,64,0,127,119,47,8,24,91,122,61,121,11" hai2="100,52,44,115,135,103,54,37,84,98,56,90,18" hai3="117,67,111,74,97,96,27,73,128,95,29,108,59"/><T15/><D43/><U40/><E119/><V36/><F115/><W132/><G117/><T10/><D32/><U80/><E109/><V94/><F135/><W57/><G132/><T33/><D33/><U110/><E110/><V133/><F133/><W26/><G95/><T131/><D126/><U38/><E127/><V19/><F100/><W87/><G29/><T112/><D112/><U75/><E24/><V62/><F36/><W66/><REACH who="3" step="1"/><G87/><REACH who="3" ten="408,299,174,109" step="2"/><T7/><D105/><U60/><E75/><V20/><F37/><W69/><G69/><T35/><D104/><U72/><E72/><V81/><F20/><W92/><G92/><T114/><D114/><U113/><E113/><V4/><F4/><W23/><G23/><T42/><D86/><U85/><E85/><V99/><F98/><W106/><G106/><T123/><D131/><AGARI ba="1,1" hai="26,27,57,59,66,67,73,74,96,97,108,111,128,131" machi="131" ten="25,3200,0" yaku="1,1,22,2,53,0" doraHai="31" doraHaiUra="1" who="3" fromWho="0" sc="408,-35,299,0,174,0,109,45" /><INIT seed="5,0,0,2,2,125" ten="373,299,174,154" oya="1" hai0="67,117,34,5,118,110,1,113,90,83,75,30,124" hai1="133,95,7,87,85,40,103,48,84,59,89,79,0" hai2="35,3,66,127,36,53,81,80,11,88,116,63,115" hai3="8,91,32,77,61,72,56,51,121,94,105,54,93"/><U10/><E133/><V128/><F35/><W102/><G121/><T22/><D67/><U74/><E103/><V21/><F36/><W131/><G32/><T104/><D104/><U41/><E74/><V29/><F116/><W108/><G108/><T45/><D22/><U122/><E122/><V134/><F127/><W44/><G105/><T2/><D90/><U98/><E79/><V13/><F53/><W82/><G102/><T31/><D45/><U16/><E59/><V12/><F3/><W42/><G131/><T73/><D34/><U129/><E48/><V119/><F119/><W19/><G91/><T52/><D83/><U58/><E58/><V78/><F128/><W57/><G19/><T68/><D68/><U15/><REACH who="1" step="1"/><E129/><REACH who="1" ten="373,289,174,154" step="2"/><V101/><F101/><W99/><G57/><T92/><D124/><U130/><E130/><V46/><F78/><W43/><G72/><T120/><D120/><U100/><E100/><V86/><F134/><W71/><G77/><T111/><D75/><U25/><E25/><V23/><F115/><W70/><G70/><T4/><D73/><U39/><E39/><V126/><F126/><W33/><G71/><T107/><D113/><U14/><E14/><V24/><F13/><W17/><G51/><T64/><D107/><U26/><E26/><V132/><F132/><W50/><G50/><T9/><D118/><U38/><E38/><V27/><F12/><W18/><G56/><T37/><D37/><U47/><E47/><V49/><F49/><W62/><G44/><T114/><D117/><U28/><E28/><N who="2" m="17423" /><F46/><W123/><G123/><RYUUKYOKU ba="0,1" sc="373,-10,289,30,174,-10,154,-10" hai1="0,7,10,15,16,40,41,84,85,87,89,95,98" /><INIT seed="5,1,1,1,5,61" ten="363,319,164,144" oya="1" hai0="83,44,56,133,55,11,57,88,32,4,7,8,65" hai1="105,20,15,107,90,125,13,84,123,68,52,66,9" hai2="74,22,87,126,19,39,98,59,129,117,62,114,102" hai3="82,109,106,89,134,10,0,130,100,85,95,28,58"/><U72/><E72/><V64/><F117/><W112/><G109/><T45/><D32/><U92/><E123/><V31/><F74/><W110/><G110/><T48/><D133/><U121/><E121/><V135/><F135/><W76/><G134/><T5/><D56/><U99/><E125/><V97/><F126/><W60/><G112/><T131/><D131/><U96/><E107/><V108/><F108/><W127/><G127/><T33/><D33/><U41/><E41/><V47/><F129/><W104/><G130/><T2/><D2/><U119/><E119/><V25/><F114/><W3/><G28/><T77/><D77/><U49/><E105/><V81/><F19/><W14/><G104/><T93/><D83/><U27/><E66/><V38/><F47/><N who="0" m="17994" /><D65/><U79/><E68/><V46/><F46/><W111/><G111/><T42/><D42/><U122/><E122/><V69/><F98/><AGARI ba="1,1" hai="4,5,7,8,11,48,55,57,88,93,98" m="17994" machi="98" ten="30,2000,0" yaku="8,1,54,1" doraHai="61" who="0" fromWho="2" sc="363,33,319,0,164,-23,144,0" /><INIT seed="6,0,0,3,2,68" ten="396,319,141,144" oya="2" hai0="91,90,4,28,48,76,64,105,124,112,77,102,94" hai1="43,130,49,82,117,114,8,51,131,78,32,74,133" hai2="59,15,126,19,127,98,110,132,31,20,22,118,99" hai3="107,12,45,70,34,27,97,134,81,135,85,113,73"/><V11/><F118/><W7/><G70/><T75/><D48/><U83/><E32/><V21/><F132/><N who="3" m="50731" /><G73/><T60/><D28/><U1/><E114/><V69/><F69/><W44/><G113/><T95/><D4/><N who="1" m="1039" /><E117/><V119/><F119/><W79/><G7/><T106/><D60/><U37/><E83/><V96/><F110/><W46/><G12/><T14/><D14/><U56/><E133/><V9/><F11/><W18/><G18/><T47/><D47/><N who="1" m="24047" /><E49/><V123/><F123/><W115/><G115/><T50/><D50/><U26/><E26/><V80/><F31/><N who="3" m="19839" /><G97/><T42/><D112/><U93/><E93/><V84/><REACH who="2" step="1"/><F59/><REACH who="2" ten="396,319,131,144" step="2"/><W66/><G107/><T67/><D106/><U128/><E128/><V116/><F116/><W30/><G30/><T87/><D105/><U40/><E40/><V125/><F125/><W23/><G23/><T101/><D42/><U103/><E131/><V0/><F0/><W57/><G57/><T17/><D124/><U35/><E130/><V86/><F86/><N who="3" m="48447" /><G66/><T29/><D87/><AGARI ba="0,1" hai="44,45,46,85,87" m="48447,19839,50731" machi="87" ten="30,1000,0" yaku="20,1" doraHai="68" who="3" fromWho="0" sc="396,-10,319,0,131,0,144,20" /><INIT seed="7,0,0,2,3,101" ten="386,319,131,164" oya="3" hai0="27,79,108,28,45,87,21,60,118,115,104,61,14" hai1="110,90,105,7,9,51,125,22,73,12,100,43,47" hai2="85,80,11,77,13,119,130,24,97,76,96,40,8" hai3="106,74,36,66,23,128,123,10,65,62,42,59,46"/><W70/><G74/><T91/><D104/><U122/><E110/><V93/><F119/><W78/><G123/><T57/><D108/><U53/><E122/><V5/><F130/><W117/><G117/><T109/><D109/><U94/><E73/><V112/><F112/><W25/><G128/><T83/><D118/><U39/><E125/><V95/><F77/><W64/><G78/><T54/><D115/><U34/><E34/><V26/><F40/><W72/><G72/><T98/><D45/><U1/><E100/><V92/><REACH who="2" step="1"/><F11/><REACH who="2" ten="386,319,121,164" step="2"/><W18/><G106/><T37/><D79/><U116/><E116/><V68/><F68/><W4/><G70/><T16/><D37/><U32/><E32/><V75/><F75/><W56/><G56/><T113/><D113/><U67/><E105/><V41/><F41/><W124/><G124/><T48/><D98/><AGARI ba="0,1" hai="5,8,13,24,26,76,80,85,92,93,95,96,97,98" machi="98" ten="40,2600,0" yaku="1,1,8,1,53,0" doraHai="101" doraHaiUra="133" who="2" fromWho="0" sc="386,-26,319,0,121,36,164,0" owari="360,46.0,319,12.0,157,-34.0,164,-24.0" /></mjloggm>