<mjloggm ver="2.3"><GO type="41" lobby="0"/><UN n0="%5A%65%6E%6A%75%2D%49" n1="%E5%A4%A9%E3%80%85%E5%92%8C" n2="%E5%B0%B1%E6%B4%BB%E7%94%9F%40%E5%B7%9D%E6%9D%91%E8%BB%8D%E5%9B%A3" n3="%6E%65%6E%65%31%38%36%38" dan="15,14,16,15" rate="1943.82,1876.59,2119.30,1974.45" sx="M,M,M,M"/><TAIKYOKU oya="0"/><INIT seed="0,0,0,1,4,130" ten="250,250,250,250" oya="0" hai0="131,109,92,27,2,68,87,76,64,14,4,62,93" hai1="18,69,89,107,60,61,42,73,124,123,39,33,128" hai2="6,79,77,118,38,81,32,71,48,12,98,91,110" hai3="16,36,17,47,111,105,113,52,132,95,50,22,125"/><T94/><D2/><U15/><E33/><V66/><F38/><W44/><G113/><T37/><D37/><U25/><E123/><V85/><F118/><W106/><G111/><T133/><D109/><U116/><E116/><V83/><F110/><W115/><G115/><T43/><D43/><U74/><E128/><V3/><F3/><W121/><G125/><T23/><D131/><U9/><E89/><V54/><F32/><W53/><G121/><T126/><D76/><U86/><E86/><V34/><F34/><W11/><G132/><T102/><D133/><U72/><E107/><V112/><F112/><W40/><G53/><T8/><D126/><U13/><E25/><V114/><F114/><W31/><G31/><T88/><REACH who="0" step="1"/><D102/><REACH who="0" ten="240,250,250,250" step="2"/><U119/><E119/><V30/><F79/><W26/><G40/><T100/><D100/><U28/><E42/><V7/><F77/><W103/><G36/><T82/><D82/><U49/><E39/><V58/><F83/><W70/><G103/><T10/><D10/><U57/><E124/><V80/><F80/><W120/><G120/><T20/><D20/><U29/><E74/><V78/><F78/><W90/><G11/><T117/><D117/><U5/><E73/><V134/><F134/><W129/><G129/><T96/><D96/><U135/><E72/><V55/><F98/><W56/><G22/><T46/><D46/><U104/><E135/><V1/><F1/><W108/><G47/><T24/><D24/><U51/><E9/><V59/><F81/><W45/><G108/><T101/><D101/><U99/><E99/><RYUUKYOKU ba="0,1" sc="240,30,250,-10,250,-10,250,-10" hai0="4,8,14,23,27,62,64,68,87,88,92,93,94" /><INIT seed="0,1,1,1,2,88" ten="270,240,240,240" oya="0" hai0="18,33,32,6,121,75,113,48,20,46,109,1,22" hai1="66,44,79,59,95,23,76,133,49,14,101,135,78" hai2="93,119,28,47,127,94,29,77,8,97,122,53,96" hai3="35,102,10,110,92,43,124,131,126,118,4,54,130"/><T82/><D1/><U106/><E106/><V57/><F119/><W21/><G35/><T37/><D37/><U34/><E34/><V90/><F122/><W112/><G118/><T128/><D6/><U104/><E104/><V70/><F70/><W116/><G116/><T115/><D121/><U19/><E66/><V108/><F127/><N who="3" m="48683" /><G112/><T81/><D128/><N who="3" m="49193" /><G43/><T99/><D109/><U24/><E59/><V73/><F108/><W61/><G21/><T89/><D22/><U5/><E5/><V74/><F47/><W17/><G17/><T52/><D33/><U31/><E49/><V11/><F74/><W80/><G80/><T68/><D32/><U60/><E60/><N who="2" m="35887" /><F73/><W125/><N who="3" m="48691" /><W114/><DORA hai="111" /><G110/><T134/><D113/><U9/><E44/><V103/><F77/><W56/><G114/><T64/><D115/><U50/><REACH who="1" step="1"/><E50/><REACH who="1" ten="270,230,240,240" step="2"/><V98/><F29/><W123/><G123/><T58/><D48/><U51/><E51/><V120/><F28/><W41/><G4/><T30/><D46/><U40/><E40/><V67/><F67/><W86/><G41/><T45/><D64/><U83/><E83/><V25/><F120/><W62/><G56/><T69/><D82/><U63/><E63/><V15/><F25/><W55/><G62/><T3/><D81/><U65/><E65/><V38/><F38/><W12/><G61/><T26/><D58/><U129/><E129/><V85/><F15/><W72/><G12/><T2/><D30/><U0/><E0/><V84/><F103/><W117/><G117/><T39/><D3/><U13/><E13/><RYUUKYOKU ba="1,2" sc="270,-15,230,15,240,15,240,-15" hai1="9,14,19,23,24,31,76,78,79,95,101,133,135" hai2="8,11,84,85,90,93,94,96,97,98" /><INIT seed="1,2,2,4,2,31" ten="255,245,255,225" oya="1" hai0="53,111,123,118,124,63,13,98,37,39,110,52,26" hai1="6,81,115,11,7,69,23,133,74,135,119,97,95" hai2="20,125,91,89,35,1,129,76,18,64,94,56,67" hai3="112,49,93,82,46,116,16,28,96,72,51,9,61"/><U105/><E69/><V45/><F1/><W22/><G112/><T128/><D118/><U70/><E70/><V108/><F35/><W57/><G116/><T62/><D13/><U102/><E119/><V83/><F108/><W109/><G109/><N who="0" m="41483" /><D98/><U134/><E115/><V120/><F120/><W48/><G72/><T104/><D104/><U78/><E23/><V19/><F125/><W8/><G82/><T85/><D85/><U77/><E11/><V10/><F129/><W54/><G28/><T114/><D114/><U68/><E68/><V3/><F45/><W88/><G46/><T30/><D124/><U12/><E12/><AGARI ba="2,2" hai="8,9,12,16,22,48,49,51,54,57,61,88,93,96" machi="12" ten="40,5200,0" yaku="8,1,54,2" doraHai="31" who="3" fromWho="1" sc="255,0,245,-58,255,0,225,78" /><INIT seed="2,0,0,2,2,57" ten="255,187,255,303" oya="2" hai0="68,84,98,56,96,78,58,75,94,113,74,67,65" hai1="120,64,111,28,97,50,79,127,121,14,93,21,132" hai2="134,26,112,47,76,36,29,61,24,25,33,123,131" hai3="1,104,133,40,107,66,105,2,3,17,55,80,129"/><V106/><F106/><W30/><G129/><T32/><D32/><U108/><E79/><V44/><F123/><N who="1" m="47177" /><E50/><V126/><F112/><W53/><G133/><T77/><D84/><U41/><E41/><V87/><F134/><W92/><G40/><T54/><D68/><U39/><E39/><V102/><F131/><W37/><G37/><T18/><D18/><N who="1" m="10455" /><E132/><V124/><F102/><W51/><G30/><T16/><D94/><U8/><E8/><V117/><F117/><W72/><G92/><T116/><D54/><U48/><E48/><V27/><F61/><W23/><G66/><T119/><REACH who="0" step="1"/><D16/><REACH who="0" ten="245,187,255,303" step="2"/><U81/><E64/><V0/><F87/><W15/><G55/><T103/><D103/><N who="1" m="60847" /><E28/><V82/><F29/><W62/><G53/><T43/><D43/><U34/><E34/><V19/><F33/><W135/><G17/><T45/><D45/><U83/><E127/><V11/><F36/><W114/><G114/><AGARI ba="0,1" hai="56,58,65,67,74,75,77,78,96,98,113,114,116,119" machi="114" ten="25,3200,0" yaku="1,1,22,2,53,0" doraHai="57" doraHaiUra="100" who="0" fromWho="3" sc="245,42,187,0,255,0,303,-32" /><INIT seed="3,0,0,5,2,98" ten="287,187,255,271" oya="3" hai0="51,12,36,100,119,133,8,96,49,9,66,34,5" hai1="60,20,81,13,1,31,92,91,130,64,77,58,107" hai2="97,0,76,32,88,71,124,59,27,115,56,52,111" hai3="22,47,79,117,21,108,84,53,38,25,85,43,80"/><W78/><G117/><T83/><D36/><U134/><E107/><V102/><F71/><W72/><G108/><T67/><D34/><U4/><E130/><V110/><F0/><W75/><G53/><T14/><D83/><U95/><E134/><V48/><F115/><W120/><G120/><T93/><D133/><U61/><E1/><V11/><F76/><W2/><G2/><T45/><D119/><U112/><E112/><V125/><F11/><W46/><G25/><T73/><D73/><U62/><E77/><V122/><F122/><W18/><G18/><N who="0" m="8455" /><D51/><U44/><E44/><N who="2" m="27655" /><F27/><W105/><G105/><T65/><D65/><U28/><E20/><V10/><F10/><W123/><G80/><T42/><AGARI ba="0,0" hai="5,9,14,42,45,49,66,67,93,96,100" m="8455" machi="42" ten="30,2000,0" yaku="8,1,52,1" doraHai="98" who="0" fromWho="0" sc="287,20,187,-5,255,-5,271,-10" /><INIT seed="4,0,0,0,1,129" ten="307,182,250,261" oya="0" hai0="89,48,46,16,36,134,85,73,86,107,75,4,40" hai1="6,1,2,20,38,39,91,22,126,49,74,121,9" hai2="42,106,135,116,82,21,43,25,37,99,18,33,27" hai3="12,10,32,41,105,119,68,24,88,71,83,70,94"/><T28/><D107/><U101/><E121/><V80/><F116/><W14/><G119/><T131/><D28/><U114/><E101/><V78/><F135/><W60/><G105/><T17/><D134/><U31/><E91/><V29/><F37/><W5/><G83/><T125/><D4/><U62/><E74/><V76/><F99/><W132/><G132/><T44/><D86/><U115/><E62/><V98/><F98/><W65/><G41/><T92/><D131/><U110/><E49/><V26/><F106/><W69/><G32/><T112/><D125/><U95/><E95/><V11/><F11/><W13/><REACH who="3" step="1"/><G24/><REACH who="3" ten="307,182,250,251" step="2"/><T3/><D3/><N who="1" m="223" /><E39/><V93/><F93/><W100/><G100/><T111/><D111/><U124/><E38/><V0/><F0/><N who="1" m="105" /><E110/><V64/><F80/><W8/><G8/><T45/><D36/><U81/><E81/><V66/><F82/><W56/><G56/><T7/><D46/><U15/><E31/><V84/><F43/><W133/><G133/><T61/><D45/><U57/><E57/><V23/><F42/><W50/><G50/><T63/><D48/><U109/><E109/><V47/><F47/><W58/><G58/><T34/><D44/><U77/><E77/><V53/><F76/><W127/><G127/><N who="1" m="48682" /><E15/><V128/><F78/><W130/><G130/><T117/><D40/><U30/><E30/><V55/><F128/><W59/><G59/><T87/><D75/><U54/><E54/><N who="2" m="20491" /><F27/><W103/><G103/><T113/><D73/><U104/><E104/><V51/><F51/><W19/><G19/><T96/><D16/><RYUUKYOKU ba="0,1" sc="307,-15,182,15,250,-15,251,15" hai1="20,22,114,115" hai3="5,10,12,13,14,60,65,68,69,70,71,88,94" /><INIT seed="5,1,1,5,1,55" ten="292,197,235,266" oya="1" hai0="110,41,58,112,67,124,122,17,19,24,117,38,59" hai1="89,126,20,68,40,129,86,81,50,3,62,102,105" hai2="108,25,76,120,8,118,132,22,61,92,80,95,107" hai3="70,106,99,87,48,33,37,113,47,52,88,35,130"/><U104/><E3/><V73/><F107/><W14/><G70/><T94/><D110/><U36/><E129/><V69/><F118/><W84/><G130/><T93/><D117/><U116/><E116/><V131/><F120/><W103/><G113/><T34/><D38/><U123/><E123/><V23/><F131/><W74/><G74/><T10/><D41/><U5/><E126/><V53/><F108/><W63/><G37/><T42/><D42/><U46/><E5/><V91/><F132/><W4/><G63/><T32/><D112/><U98/><E104/><V115/><F115/><W83/><G87/><T72/><D67/><U21/><REACH who="1" step="1"/><E36/><REACH who="1" ten="292,187,235,266" step="2"/><V15/><F92/><W97/><G4/><T39/><D94/><U2/><E2/><V96/><F25/><W85/><G35/><T79/><D39/><U31/><E31/><V54/><F54/><W65/><G33/><T90/><D24/><U29/><E29/><V133/><F133/><W6/><G6/><T100/><D122/><U111/><E111/><V30/><F30/><W44/><G52/><T16/><D34/><U75/><E75/><V43/><F43/><W7/><G106/><T127/><D32/><U128/><E128/><V134/><F134/><W57/><G7/><T26/><D127/><U125/><E125/><V11/><F53/><W12/><G65/><AGARI ba="1,2" hai="20,21,40,46,50,62,65,68,81,86,89,98,102,105" machi="65" ten="40,2000,0" yaku="1,1,53,0" doraHai="55" doraHaiUra="49" who="1" fromWho="3" sc="292,0,187,43,235,0,266,-23" /><INIT seed="5,2,0,1,0,40" ten="292,230,235,243" oya="1" hai0="76,116,25,117,135,74,15,57,106,37,18,44,78" hai1="126,82,28,124,60,17,43,90,16,86,21,120,107" hai2="4,51,69,54,89,22,114,101,23,102,10,47,100" hai3="48,12,99,87,113,20,63,13,9,125,11,93,103"/><U52/><E107/><V45/><F69/><W62/><G113/><T30/><D106/><U72/><E72/><V68/><F68/><W130/><G125/><N who="1" m="48234" /><E43/><V70/><F70/><W115/><G130/><T61/><D135/><U128/><E128/><V6/><F114/><W97/><G115/><T32/><D78/><U98/><E98/><V59/><F89/><W64/><G20/><N who="2" m="7721" /><F10/><W42/><G99/><T129/><D76/><U96/><E96/><V35/><F35/><W131/><G131/><T112/><D74/><U91/><E120/><V3/><F3/><W73/><G73/><T56/><D56/><N who="1" m="34823" /><E90/><V29/><F29/><W49/><G87/><T0/><D0/><U85/><E85/><V36/><F36/><W109/><G42/><T105/><D105/><U94/><E94/><V92/><F92/><W84/><G84/><T123/><D129/><U65/><E65/><V58/><F58/><W8/><G64/><T1/><D1/><U104/><E104/><V33/><F33/><W34/><G34/><T24/><D123/><U88/><E91/><V75/><F75/><W133/><G133/><T95/><D95/><U83/><E82/><V50/><F59/><W119/><G93/><T31/><D57/><U110/><E110/><V111/><F111/><W81/><G109/><T122/><D122/><U108/><E108/><V134/><F134/><W118/><G81/><T127/><D127/><U38/><E38/><V77/><F77/><W121/><G121/><T41/><D112/><U7/><E7/><V46/><F54/><W66/><G66/><T53/><D53/><RYUUKYOKU ba="2,0" sc="292,-15,230,15,235,15,243,-15" hai1="16,17,21,28,83,86,88" hai2="4,6,45,46,47,50,51,100,101,102" /><INIT seed="5,3,0,1,1,74" ten="277,245,250,228" oya="1" hai0="0,70,66,47,63,123,119,14,81,56,23,99,118" hai1="117,54,55,24,49,108,106,76,64,80,68,39,41" hai2="60,45,28,90,93,65,9,6,34,127,101,131,44" hai3="20,84,10,25,85,46,5,22,26,51,67,7,4"/><U87/><E106/><V107/><F127/><W19/><G67/><T2/><D123/><U13/><E117/><V37/><F131/><W3/><G3/><T77/><D2/><U15/><E108/><V132/><F132/><W48/><G10/><T8/><D0/><U73/><E24/><V30/><F107/><W89/><G89/><T128/><D23/><U103/><E103/><V53/><F101/><W96/><G96/><T17/><D47/><U86/><E39/><V110/><F110/><W61/><G61/><T40/><D40/><U79/><E68/><V83/><F83/><W1/><G1/><T75/><D128/><U88/><E64/><V109/><F109/><W130/><G130/><T121/><D121/><U71/><E71/><V129/><F129/><W113/><G113/><T52/><D99/><U104/><E104/><V100/><F100/><W32/><G32/><T111/><D111/><U114/><E114/><V124/><F124/><W102/><G102/><T105/><D105/><U42/><E73/><V98/><F53/><N who="1" m="19977" /><E49/><AGARI ba="3,0" hai="8,14,17,49,52,56,63,66,70,75,77,81,118,119" machi="49" ten="30,3900,0" yaku="7,1,52,1,54,1" doraHai="74" who="0" fromWho="1" sc="277,48,245,-48,250,0,228,0" /><INIT seed="6,0,0,0,4,56" ten="325,197,250,228" oya="2" hai0="6,91,7,88,119,79,113,53,116,121,2,42,96" hai1="93,48,124,135,110,127,22,34,11,120,12,86,20" hai2="15,40,98,114,50,115,101,71,73,27,8,83,31" hai3="129,68,19,126,94,16,108,69,81,47,72,58,33"/><V85/><F71/><W3/><G3/><T1/><D42/><U61/><E120/><V41/><F73/><W122/><G108/><T28/><D79/><U43/><E34/><V36/><F36/><W54/><G122/><T24/><D53/><U38/><E38/><V97/><F27/><W109/><G33/><N who="0" m="20615" /><D113/><N who="2" m="43018" /><F31/><W117/><G109/><T100/><D2/><U92/><E110/><V84/><F84/><W106/><G117/><N who="0" m="45131" /><D121/><U111/><E111/><V17/><F50/><W74/><G106/><N who="0" m="63751" /><D1/><U99/><E135/><V23/><F8/><W105/><G105/><T87/><D88/><N who="1" m="53271" /><E48/><V130/><F130/><W128/><G94/><AGARI ba="0,0" hai="6,7,87,91,94" m="63751,45131,20615" machi="94" ten="30,1000,0" yaku="12,1" doraHai="56" who="0" fromWho="3" sc="325,10,197,0,250,0,228,-10" /><INIT seed="7,0,0,5,0,72" ten="335,197,250,218" oya="3" hai0="112,123,124,99,47,92,98,83,29,110,35,70,7" hai1="102,86,64,37,114,9,3,120,48,93,8,91,15" hai2="62,94,13,134,80,129,43,38,118,82,128,97,96" hai3="76,108,53,32,25,88,28,60,79,103,39,106,111"/><W27/><G39/><T44/><D70/><U41/><E120/><V58/><F118/><W122/><G122/><T90/><D123/><U26/><E114/><V21/><F134/><W11/><G25/><T30/><D110/><N who="3" m="42025" /><G11/><T113/><D7/><U89/><E3/><V126/><F126/><W132/><G132/><T4/><D4/><U65/><E37/><V78/><F43/><W49/><G60/><T127/><D83/><U121/><E102/><V73/><F38/><W14/><G14/><T75/><D75/><U100/><E100/><V67/><F80/><W20/><G32/><T125/><D99/><U116/><E116/><V34/><F34/><W135/><G135/><T133/><D133/><U131/><E131/><N who="2" m="50251" /><F94/><W56/><G88/><T2/><D2/><U0/><E121/><V84/><F73/><W71/><G71/><T61/><D61/><U24/><E0/><V46/><F46/><N who="0" m="17450" /><D35/><U23/><E41/><V66/><F66/><W59/><G59/><T85/><D98/><AGARI ba="0,0" hai="20,27,28,49,53,56,76,79,98,103,106" m="42025" machi="98" ten="30,5800,0" yaku="10,1,52,2" doraHai="72" who="3" fromWho="0" sc="335,-58,197,0,250,0,218,58" /><INIT seed="7,1,0,4,4,14" ten="277,197,250,276" oya="3" hai0="102,12,72,108,54,133,87,33,89,38,118,45,27" hai1="91,44,61,135,58,70,1,71,92,109,47,28,107" hai2="112,106,127,21,129,84,19,114,5,83,81,67,64" hai3="101,10,96,130,24,59,0,53,6,60,29,56,121"/><W34/><G121/><T99/><D118/><U134/><E109/><V68/><F106/><W42/><G130/><T119/><D119/><U15/><E107/><V41/><F41/><W90/><G90/><T103/><D54/><U17/><E28/><V8/><F127/><W13/><G42/><T62/><D72/><U94/><E1/><V40/><F129/><W22/><G59/><T122/><D122/><U132/><E92/><V110/><F40/><W104/><REACH who="3" step="1"/><G0/><REACH who="3" ten="277,197,250,266" step="2"/><T125/><D125/><U26/><E71/><V124/><F124/><W30/><G30/><T80/><D108/><U76/><E70/><V52/><F68/><W97/><G97/><T74/><D99/><N who="1" m="57823" /><E76/><V120/><F110/><W93/><G93/><T31/><D31/><U123/><E123/><V128/><F120/><W25/><G25/><T20/><D27/><U75/><E26/><V116/><F128/><W86/><G86/><T49/><D87/><U55/><E75/><V46/><F84/><W50/><G50/><T23/><D49/><U16/><E15/><N who="2" m="5519" /><F83/><W18/><G18/><AGARI ba="1,1" hai="16,17,18,44,47,55,58,61,132,134,135" m="57823" machi="18" ten="30,8000,1" yaku="20,1,52,3,54,1" doraHai="14" who="1" fromWho="3" sc="277,0,197,93,250,0,266,-83" /><INIT seed="8,0,0,1,5,79" ten="277,290,250,183" oya="0" hai0="50,99,42,71,49,88,24,80,77,21,15,103,123" hai1="106,47,65,125,34,22,72,116,6,105,17,78,75" hai2="43,133,102,58,85,48,30,1,41,40,129,63,12" hai3="107,8,14,104,57,62,66,28,26,60,69,56,100"/><T87/><D71/><U64/><E47/><V20/><F1/><W112/><G112/><T2/><D2/><U115/><E115/><V39/><F39/><W33/><G62/><T91/><D123/><U59/><E6/><V120/><F120/><W84/><G107/><N who="1" m="40970" /><E78/><V98/><F129/><W19/><REACH who="3" step="1"/><G84/><REACH who="3" ten="277,290,250,173" step="2"/><T18/><D24/><N who="1" m="14415" /><E116/><V83/><F133/><W45/><G45/><N who="0" m="25783" /><D50/><U29/><E75/><V101/><F48/><W128/><G128/><T53/><D53/><U119/><E72/><V122/><F122/><W73/><G73/><T130/><D130/><U32/><E119/><V25/><F12/><W96/><AGARI ba="0,1" hai="8,14,19,26,28,33,56,57,60,66,69,96,100,104" machi="96" ten="30,7900,0" yaku="1,1,0,1,25,2,53,0" doraHai="79" doraHaiUra="109" who="3" fromWho="3" sc="277,-39,290,-20,250,-20,173,89" /><INIT seed="9,0,0,2,4,79" ten="238,270,230,262" oya="1" hai0="33,53,96,25,8,64,58,129,14,40,101,69,28" hai1="18,80,120,39,51,114,30,7,119,22,37,44,15" hai2="122,112,105,20,130,0,83,126,42,50,97,78,54" hai3="49,111,63,108,82,32,102,5,57,9,91,52,19"/><U60/><E120/><V98/><F0/><W11/><G32/><T71/><D129/><U95/><E119/><V128/><F122/><W100/><G108/><T135/><D135/><U107/><E107/><V34/><F34/><W24/><G111/><T103/><D40/><U56/><E114/><V6/><F6/><W35/><G35/><T10/><D103/><N who="3" m="39465" /><G5/><T110/><D110/><U115/><E95/><V43/><F105/><W76/><G76/><T1/><D1/><U62/><E115/><V77/><F126/><W45/><G24/><T117/><D117/><U59/><E39/><V61/><F112/><W55/><G19/><T116/><D116/><U31/><E37/><V75/><F77/><W113/><G113/><T84/><D84/><AGARI ba="0,0" hai="9,11,45,49,52,55,57,63,82,84,91" m="39465" machi="84" ten="30,3900,0" yaku="8,1,52,1,54,1" doraHai="79" who="3" fromWho="0" sc="238,-39,270,0,230,0,262,39" owari="199,-30.0,270,7.0,230,-17.0,301,40.0" /></mjloggm>