<mjloggm ver="2.3"><GO type="169" lobby="0"/><UN n0="%E3%82%A6%E3%83%AB%E3%83%88%E3%83%A9%E7%AB%8B%E7%9B%B4" n1="%E6%A1%9C%E7%AB%9C%E2%80%A0%E3%82%BF%E3%83%9E" n2="%E3%83%86%E3%83%AA%E3%82%84%E3%81%8D%E3%83%90%E3%83%BC%E3%82%AC%E3%83%BC" n3="%56%4F%4E%41%50%41%4C%54" dan="17,16,16,17" rate="2164.42,2104.06,2099.55,2162.84" sx="M,F,M,M"/><TAIKYOKU oya="0"/><INIT seed="0,0,0,4,5,70" ten="250,250,250,250" oya="0" hai0="92,55,16,20,118,41,18,130,56,34,59,17,25" hai1="4,104,19,76,115,24,61,113,83,103,8,128,6" hai2="73,35,74,27,97,116,132,9,60,114,86,110,39" hai3="43,1,53,50,95,90,10,82,28,14,75,120,46"/><T37/><D130/><U49/><E128/><V131/><F131/><W133/><G133/><T32/><D118/><U2/><E4/><V44/><F132/><W117/><G117/><T38/><D92/><U30/><E61/><V51/><F116/><W94/><G1/><T105/><D105/><U67/><E67/><V12/><F114/><W5/><G28/><T111/><D111/><U68/><E68/><V81/><F97/><W88/><G120/><T80/><D80/><U98/><E49/><V134/><F134/><W135/><G135/><T109/><D109/><U125/><E125/><V87/><F110/><W72/><G53/><T62/><D56/><U85/><E19/><V21/><F60/><W52/><G43/><T13/><D41/><U107/><REACH who="1" step="1"/><E104/><REACH who="1" ten="250,240,250,250" step="2"/><V63/><F63/><W93/><REACH who="3" step="1"/><G82/><REACH who="3" ten="250,240,250,240" step="2"/><T65/><D55/><U89/><E89/><AGARI ba="0,2" hai="5,10,14,46,50,52,72,75,88,89,90,93,94,95" machi="89" ten="40,8000,1" yaku="1,1,2,1,54,2,53,0" doraHai="70" doraHaiUra="22" who="3" fromWho="1" sc="250,0,240,-80,250,0,240,100" /><INIT seed="1,0,0,2,5,37" ten="250,160,250,340" oya="1" hai0="131,88,29,90,60,12,109,74,28,56,43,94,70" hai1="44,54,15,122,75,47,53,57,34,80,99,27,116" hai2="104,105,14,1,16,61,113,8,132,135,108,119,77" hai3="111,69,5,17,103,67,31,130,24,2,6,106,85"/><U3/><E116/><V134/><F119/><W86/><G130/><T9/><D74/><U92/><E3/><V21/><F113/><W19/><G69/><T83/><D70/><U33/><E122/><V55/><F77/><W63/><G106/><T65/><D109/><U7/><E53/><V35/><F108/><W10/><G103/><T66/><D66/><U125/><E125/><V98/><F35/><W72/><G72/><T51/><D131/><U123/><E123/><V18/><F98/><W115/><G111/><T84/><D51/><U48/><E27/><V73/><F73/><W121/><G121/><T42/><D29/><U59/><E59/><N who="2" m="35071" /><F1/><W62/><G5/><N who="0" m="3119" /><D28/><U107/><E107/><V127/><F127/><W40/><G6/><T97/><AGARI ba="0,0" hai="42,43,56,60,65,83,84,88,90,94,97" m="3119" machi="97" ten="30,7900,0" yaku="8,1,52,2,54,1" doraHai="37" who="0" fromWho="0" sc="250,79,160,-39,250,-20,340,-20" /><INIT seed="2,0,0,4,5,60" ten="329,121,230,320" oya="2" hai0="75,48,18,17,119,98,44,34,80,73,84,132,88" hai1="9,122,64,50,58,120,134,24,21,30,52,106,40" hai2="79,2,133,105,26,1,14,62,25,15,112,131,99" hai3="0,108,103,76,39,91,83,27,77,71,123,41,95"/><V92/><F105/><W118/><G118/><T94/><D119/><U101/><E134/><V38/><F133/><W32/><G123/><T121/><D121/><N who="1" m="46699" /><E9/><V97/><F38/><W23/><G32/><T87/><D132/><U126/><E126/><V117/><F117/><W55/><G0/><T35/><D75/><U93/><E106/><V124/><F79/><W102/><G71/><T47/><D34/><U65/><E40/><V8/><F62/><W104/><G41/><T85/><D35/><U67/><E93/><V78/><F78/><W42/><G42/><T125/><D125/><U3/><E3/><V113/><F124/><W70/><G70/><T89/><D73/><U86/><E86/><N who="0" m="33385" /><D47/><N who="1" m="27743" /><E101/><V81/><F92/><W66/><G39/><T59/><D59/><AGARI ba="0,0" hai="21,24,30,58,59,64,65,67" m="27743,46699" machi="59" ten="30,8000,1" yaku="13,1,52,3,54,1" doraHai="60" who="1" fromWho="0" sc="329,-80,121,80,230,0,320,0" /><INIT seed="3,0,0,5,4,45" ten="249,201,230,320" oya="3" hai0="5,91,120,85,110,72,28,47,127,42,96,89,116" hai1="22,29,95,3,73,30,109,70,133,90,82,123,31" hai2="32,2,102,62,106,98,40,63,99,129,37,46,50" hai3="128,132,4,122,67,81,74,69,87,134,16,48,86"/><W83/><G122/><T39/><D120/><U135/><E123/><V38/><F32/><W36/><G36/><T68/><D116/><U92/><E3/><V17/><F2/><W19/><G4/><T52/><D72/><U114/><E114/><V126/><F129/><W15/><G128/><T97/><D127/><U34/><E70/><V103/><F126/><W18/><G69/><T78/><D110/><U88/><E34/><V66/><F17/><N who="3" m="6763" /><G67/><T84/><D68/><U44/><E44/><V6/><F6/><W121/><G121/><T118/><D118/><U12/><E12/><V59/><REACH who="2" step="1"/><F63/><REACH who="2" ten="249,201,220,320" step="2"/><W61/><G61/><T27/><D5/><U41/><E109/><V117/><F117/><W80/><G74/><T13/><D13/><U124/><E124/><V64/><F64/><W93/><G132/><N who="1" m="50762" /><E22/><V55/><F55/><W107/><G134/><T9/><D52/><U77/><E41/><V65/><F65/><W53/><G107/><AGARI ba="0,1" hai="37,38,40,46,50,59,62,66,98,99,102,103,106,107" machi="107" ten="30,7700,0" yaku="1,1,7,1,9,1,52,1,53,0" doraHai="45" doraHaiUra="25" who="2" fromWho="3" sc="249,0,201,0,220,87,320,-77" /><INIT seed="4,0,0,2,1,1" ten="249,201,307,243" oya="0" hai0="117,77,62,105,38,17,72,25,57,56,59,37,100" hai1="55,14,58,70,40,87,82,66,67,104,114,134,60" hai2="68,130,113,36,119,83,135,8,125,101,22,52,115" hai3="9,18,84,121,79,89,0,49,111,123,10,88,74"/><T124/><D117/><U61/><E134/><V46/><F119/><W65/><G111/><T91/><D124/><U42/><E104/><V133/><F68/><W15/><G74/><T41/><D91/><U50/><E114/><N who="2" m="43531" /><F101/><W132/><G132/><N who="2" m="50761" /><F83/><N who="3" m="47231" /><G65/><T76/><D62/><U34/><E34/><V63/><F22/><W5/><G49/><T127/><D127/><U16/><E87/><V6/><F125/><W64/><G64/><T29/><D17/><U110/><E82/><V81/><F81/><W71/><G71/><T128/><D128/><U99/><E99/><V4/><F130/><W103/><G103/><T120/><D120/><AGARI ba="0,0" hai="0,5,9,10,15,18,88,89,120,121,123" m="47231" machi="120" ten="30,3900,0" yaku="13,1,52,1,54,1" doraHai="1" who="3" fromWho="0" sc="249,-39,201,0,307,0,243,39" /><INIT seed="5,0,0,4,2,26" ten="210,201,307,282" oya="1" hai0="29,99,52,41,27,37,130,18,87,71,17,33,32" hai1="68,114,91,92,48,63,4,14,21,42,113,110,10" hai2="47,135,55,70,115,58,127,72,38,51,73,74,15" hai3="124,76,54,23,100,78,81,36,112,103,11,44,95"/><U105/><E105/><V116/><F116/><W64/><G64/><T43/><D71/><U24/><E110/><V56/><F70/><W106/><G106/><T45/><D130/><U90/><E68/><V60/><F135/><W46/><G11/><T5/><D43/><U50/><E63/><V6/><F127/><W20/><G112/><N who="1" m="43114" /><E42/><V19/><F6/><W59/><G36/><T49/><D33/><U86/><E91/><V125/><F125/><W109/><G109/><T117/><D117/><U25/><E25/><V94/><F115/><W133/><G133/><T2/><D99/><U101/><E101/><V80/><F38/><W28/><G100/><T97/><D97/><U65/><E65/><V22/><F94/><W122/><G95/><T39/><D39/><U8/><E8/><V16/><F80/><W121/><G103/><T34/><D34/><U53/><E53/><V134/><F134/><W132/><G132/><T31/><D27/><U79/><E79/><V3/><F3/><W82/><G124/><T30/><D32/><U111/><E111/><V98/><F98/><W93/><G93/><T107/><D107/><U131/><E131/><V85/><F60/><W35/><G35/><T120/><D120/><U123/><E123/><V1/><F1/><W119/><G119/><T128/><D128/><U13/><E13/><V77/><F19/><AGARI ba="0,0" hai="4,10,14,19,21,24,48,50,86,90,92" m="43114" machi="19" ten="30,1500,0" yaku="15,1" doraHai="26" who="1" fromWho="2" sc="210,0,201,15,307,-15,282,0" /><INIT seed="5,1,0,2,1,133" ten="210,216,292,282" oya="1" hai0="78,128,39,15,54,68,113,93,20,130,77,80,94" hai1="28,56,42,17,46,27,84,30,26,62,73,53,120" hai2="134,106,35,123,85,49,24,2,63,90,119,5,25" hai3="11,59,8,65,75,47,55,132,99,116,1,100,48"/><U86/><E73/><V10/><F119/><W114/><G75/><T104/><D68/><U57/><E120/><V14/><F123/><W96/><G116/><T31/><D39/><U41/><E17/><V102/><F134/><W97/><G132/><T124/><D104/><U127/><E127/><V3/><F3/><W74/><G74/><N who="0" m="43063" /><D78/><U71/><E71/><V7/><F7/><W67/><G100/><T19/><D31/><U22/><E56/><V60/><F102/><W118/><G118/><T107/><D107/><U121/><E121/><V103/><F2/><W34/><G34/><T111/><D111/><U64/><E53/><V0/><F0/><W131/><G131/><N who="0" m="50219" /><D113/><U91/><E91/><V9/><F35/><W92/><G1/><T115/><D115/><U105/><E105/><V135/><F103/><W72/><G72/><T13/><D54/><U88/><E84/><V29/><F106/><W43/><G114/><T81/><D81/><U110/><E46/><V109/><F109/><W122/><G92/><N who="0" m="35435" /><D15/><U36/><E36/><V23/><F135/><W45/><G122/><T66/><D66/><N who="3" m="25097" /><G45/><T82/><D82/><N who="1" m="49239" /><E110/><V98/><F14/><W87/><G87/><T126/><AGARI ba="1,0" hai="13,19,20,124,126" m="35435,50219,43063" machi="126" ten="40,5200,0" yaku="19,1,52,2" doraHai="133" who="0" fromWho="0" sc="210,55,216,-27,292,-14,282,-14" /><INIT seed="6,0,0,4,3,68" ten="265,189,278,268" oya="2" hai0="45,22,8,21,47,62,9,35,53,76,87,33,67" hai1="98,64,86,3,118,79,36,95,17,59,66,126,1" hai2="7,50,57,11,31,37,122,131,105,102,94,90,113" hai3="80,28,60,81,32,97,24,38,44,75,2,19,39"/><V116/><F122/><W120/><G120/><T92/><D35/><U71/><E118/><V106/><F116/><W133/><G2/><T70/><D33/><U121/><E121/><V107/><F113/><W0/><G0/><T77/><D92/><U128/><E128/><V101/><F31/><W18/><G60/><T63/><D87/><U69/><E126/><V54/><F131/><W5/><G5/><T15/><D53/><U27/><E59/><V73/><F73/><W30/><G97/><T114/><D114/><U34/><E86/><V93/><F37/><W55/><G28/><T103/><D103/><U10/><E79/><V65/><F65/><W83/><G75/><T124/><D15/><U41/><E64/><V125/><F125/><W58/><G133/><T134/><D67/><U100/><E34/><V130/><F130/><W132/><G132/><T48/><D70/><U84/><E84/><V26/><F26/><W111/><G111/><T43/><D48/><U4/><E1/><V82/><F82/><W115/><G115/><T108/><D134/><U96/><E66/><V127/><F127/><W104/><G104/><T23/><D124/><U109/><E109/><V112/><F112/><W78/><G78/><N who="0" m="30315" /><D108/><U49/><E49/><V117/><F117/><W91/><G91/><T29/><D29/><U12/><E96/><V25/><F25/><W72/><G72/><T85/><D85/><U129/><E27/><V42/><F90/><W56/><G56/><T14/><D14/><U123/><E123/><V99/><F107/><W13/><G58/><T46/><D43/><RYUUKYOKU ba="0,0" sc="265,30,189,-10,278,-10,268,-10" hai0="8,9,21,22,23,45,46,47,62,63" /><INIT seed="7,1,0,0,4,33" ten="295,179,268,258" oya="3" hai0="35,126,63,122,121,67,53,128,39,68,36,64,66" hai1="73,105,48,74,3,106,59,65,79,124,80,75,119" hai2="19,115,113,62,52,96,118,84,93,17,83,11,24" hai3="107,26,131,13,32,16,8,12,97,110,10,129,132"/><W54/><G110/><T40/><D35/><U22/><E119/><V85/><F118/><W42/><G42/><T101/><D101/><U60/><E124/><V23/><F84/><W7/><G132/><T72/><D72/><U50/><E22/><V21/><F11/><W2/><G54/><T71/><D126/><U14/><E14/><V15/><F85/><W18/><G97/><T28/><D28/><U78/><E3/><V114/><F83/><W56/><G56/><N who="0" m="35215" /><D128/><N who="3" m="49225" /><G107/><T61/><D40/><U51/><REACH who="1" step="1"/><E80/><REACH who="1" ten="295,169,268,258" step="2"/><V120/><F120/><W111/><G111/><T5/><D122/><U95/><E95/><V43/><F43/><W44/><G44/><T123/><D121/><U109/><E109/><V69/><F93/><W1/><G7/><T30/><D5/><U89/><E89/><V116/><F116/><W98/><G98/><T92/><D92/><U127/><E127/><V55/><F96/><W57/><G57/><T9/><D123/><U46/><E46/><V20/><F21/><N who="3" m="13623" /><G32/><T125/><D125/><U135/><E135/><V45/><F45/><W0/><G13/><T112/><D71/><U49/><N who="1" m="12288" /><DORA hai="47" /><U133/><E133/><V117/><F117/><W100/><G100/><T31/><D68/><U94/><E94/><V58/><F69/><W130/><N who="3" m="49233" /><W77/><DORA hai="4" /><G77/><AGARI ba="1,1" hai="59,60,65,73,74,75,77,78,79,105,106" m="12288" machi="77" ten="60,8000,1" yaku="1,1,52,4,53,0" doraHai="33,47,4" doraHaiUra="82,76,87" who="1" fromWho="3" sc="295,0,169,93,268,0,258,-83" /><INIT seed="8,0,0,5,5,93" ten="295,262,268,175" oya="0" hai0="113,71,50,37,5,36,2,47,131,84,97,54,53" hai1="98,128,67,75,119,87,27,130,107,135,18,4,9" hai2="102,64,32,58,10,85,7,116,115,63,40,12,21" hai3="70,129,39,124,43,112,69,44,91,92,59,49,73"/><T8/><D113/><U99/><E119/><V35/><F115/><W34/><G112/><T114/><D114/><U57/><E75/><V127/><F116/><W3/><G3/><T13/><D131/><N who="1" m="50219" /><E107/><V60/><F127/><W24/><G124/><T61/><D97/><N who="1" m="36875" /><E87/><V30/><F102/><W80/><G129/><T123/><D123/><U28/><E18/><V20/><F85/><W126/><G126/><T33/><D33/><N who="1" m="20639" /><E135/><V79/><F79/><W90/><G24/><T109/><D109/><U19/><E19/><V66/><F35/><W133/><G34/><T17/><D84/><U62/><E9/><V96/><F96/><W15/><G133/><T41/><D37/><U106/><E106/><V52/><F32/><W6/><G92/><T100/><D36/><U83/><E4/><V108/><F108/><W16/><G6/><T76/><D100/><U22/><E22/><N who="2" m="8811" /><F30/><W74/><G39/><T132/><D132/><U77/><E77/><V111/><F111/><W11/><G59/><N who="0" m="35063" /><D76/><U105/><E105/><V94/><F94/><W46/><G46/><T55/><D71/><U38/><E38/><V134/><F134/><W120/><G120/><T51/><D51/><U81/><AGARI ba="0,0" hai="57,62,67,81,83" m="20639,36875,50219" machi="81" ten="30,7900,0" yaku="19,1,52,3" doraHai="93" who="1" fromWho="1" sc="295,-39,262,79,268,-20,175,-20" owari="256,6.0,341,43.0,248,-15.0,155,-34.0" /></mjloggm>