<mjloggm ver="2.3"><GO type="41" lobby="0"/><UN n0="%E4%BD%B3%E6%9E%97%E6%AA%8E" n1="%E5%85%AB%E5%AF%BE%E5%AD%90" n2="%E5%B0%B1%E6%B4%BB%E7%94%9F%40%E5%B7%9D%E6%9D%91%E8%BB%8D%E5%9B%A3" n3="%E9%96%83%E5%85%89%E3%81%AE%E6%8C%87%E5%9C%A7%E5%B8%AB" dan="13,13,15,15" rate="1880.85,1873.71,1950.61,2055.25" sx="F,M,M,F"/><TAIKYOKU oya="0"/><INIT seed="0,0,0,2,5,100" ten="250,250,250,250" oya="0" hai0="133,33,118,20,126,123,4,54,17,99,72,129,66" hai1="130,23,106,51,122,9,125,86,26,134,98,77,108" hai2="128,88,32,117,28,58,55,60,131,94,22,80,124" hai3="73,57,89,62,104,76,1,95,35,114,43,75,79"/><T78/><D66/><U113/><E122/><V53/><F32/><W82/><G114/><T21/><D123/><U93/><E108/><V7/><F7/><W59/><G1/><T69/><D69/><U74/><E134/><V14/><F117/><W29/><G43/><T112/><D112/><U39/><E113/><V83/><F124/><W91/><G35/><T96/><D118/><U12/><E39/><V0/><F0/><W121/><G121/><T135/><D33/><U49/><E130/><N who="2" m="49707" /><F55/><W81/><G29/><T41/><D126/><U42/><E125/><V24/><F14/><W45/><G45/><T47/><D54/><U48/><E106/><V40/><F40/><W10/><G10/><T90/><D4/><N who="1" m="3111" /><E74/><V109/><F109/><W44/><G44/><T15/><D21/><U25/><E42/><V65/><F65/><W27/><G27/><T67/><D67/><U115/><E115/><V87/><AGARI ba="0,0" hai="22,24,28,53,58,60,80,83,87,88,94" m="49707" machi="87" ten="30,2000,0" yaku="19,1,54,1" doraHai="100" who="2" fromWho="2" sc="250,-10,250,-5,250,20,250,-5" /><INIT seed="1,0,0,1,2,129" ten="240,245,270,245" oya="1" hai0="77,121,125,76,5,81,82,87,69,30,95,46,29" hai1="32,1,115,7,59,86,73,38,15,126,45,41,35" hai2="63,14,94,80,43,111,103,92,12,123,49,6,128" hai3="22,39,52,64,37,71,16,19,23,107,31,119,20"/><U34/><E115/><V33/><F128/><W102/><G119/><T120/><D69/><U28/><E73/><V2/><F33/><W135/><G31/><T99/><D5/><U85/><E126/><V42/><F123/><N who="0" m="47178" /><D46/><U62/><E1/><V79/><F111/><W97/><G135/><T108/><D29/><U84/><E28/><V116/><F116/><W105/><G105/><T104/><D30/><U132/><E7/><V50/><F2/><W47/><G64/><T130/><D130/><U11/><E132/><V122/><F122/><W21/><G71/><T61/><D61/><U110/><E110/><V96/><F92/><W117/><G117/><T100/><D125/><U114/><E114/><V25/><F25/><W56/><G47/><T88/><D108/><U74/><E74/><V101/><F101/><W54/><G54/><T133/><D133/><U8/><REACH who="1" step="1"/><E15/><REACH who="1" ten="240,235,270,245" step="2"/><V89/><F14/><W51/><REACH who="3" step="1"/><G19/><REACH who="3" ten="240,235,270,235" step="2"/><T3/><D3/><U109/><E109/><V10/><F6/><W93/><G93/><T18/><D18/><U70/><E70/><V40/><F94/><W98/><G98/><T13/><D13/><AGARI ba="0,2" hai="13,16,20,21,22,23,37,39,51,52,56,97,102,107" machi="13" ten="40,8000,1" yaku="1,1,54,2,53,1" doraHai="129" doraHaiUra="53" who="3" fromWho="0" sc="240,-80,235,0,270,0,235,100" /><INIT seed="2,0,0,5,0,86" ten="160,235,270,335" oya="2" hai0="119,14,116,19,114,67,69,58,25,36,62,45,133" hai1="82,124,44,78,99,59,48,56,97,5,127,91,2" hai2="0,30,106,132,3,85,51,23,60,70,24,16,121" hai3="113,35,27,33,83,31,42,38,37,98,13,4,87"/><V134/><F121/><W29/><G113/><T21/><D114/><U7/><E2/><V49/><F106/><W39/><G98/><T123/><D123/><U103/><E127/><V96/><F96/><W65/><G65/><T84/><D133/><N who="2" m="51306" /><F85/><W41/><G31/><T115/><D115/><U6/><E124/><V12/><F60/><W20/><G35/><T118/><D84/><U93/><E59/><V54/><F70/><W32/><G32/><T80/><D80/><U109/><E109/><V75/><F75/><W88/><REACH who="3" step="1"/><G4/><REACH who="3" ten="160,235,270,325" step="2"/><T102/><D102/><U61/><E7/><V11/><F51/><W40/><G40/><T64/><D64/><U90/><E99/><V128/><F128/><W66/><G66/><T89/><D119/><U79/><E103/><V57/><AGARI ba="0,1" hai="0,3,11,12,16,23,24,30,49,54,57" m="51306" machi="57" ten="30,3000,0" yaku="20,1,54,1" doraHai="86" who="2" fromWho="2" sc="160,-10,235,-10,270,40,325,-10" /><INIT seed="2,1,0,3,2,45" ten="150,225,310,315" oya="2" hai0="125,122,36,4,120,103,17,47,19,14,28,2,113" hai1="27,33,101,127,88,100,89,63,126,69,1,87,110" hai2="20,90,79,24,91,59,104,83,114,115,93,124,66" hai3="135,99,51,54,43,96,25,58,48,31,121,70,18"/><V7/><F104/><W6/><G121/><T35/><D113/><U23/><E33/><V98/><F124/><N who="1" m="47657" /><E1/><V38/><F38/><W39/><G70/><T73/><D125/><U97/><E110/><V132/><F132/><W56/><G135/><T72/><D103/><U64/><E97/><V46/><F7/><W41/><G6/><T34/><D4/><U57/><E69/><V119/><F119/><W134/><G134/><T0/><D47/><U53/><E64/><V108/><F108/><W29/><G39/><T71/><D71/><U55/><E55/><V5/><F5/><W21/><G31/><T129/><D36/><U106/><E106/><V60/><F90/><N who="1" m="34921" /><E87/><V44/><F115/><W8/><G8/><T92/><D92/><U13/><E13/><V82/><F114/><W65/><G65/><T74/><D28/><AGARI ba="1,0" hai="23,27,28,53,57,63,100,101" m="34921,47657" machi="28" ten="30,2000,0" yaku="18,1,54,1" doraHai="45" who="1" fromWho="0" sc="150,-23,225,23,310,0,315,0" /><INIT seed="3,0,0,4,3,134" ten="127,248,310,315" oya="3" hai0="4,27,5,63,30,43,20,80,6,17,25,120,61" hai1="56,83,101,1,93,75,68,72,26,58,19,126,22" hai2="94,135,123,103,77,125,118,104,111,62,88,47,110" hai3="23,18,96,129,100,21,44,46,34,91,3,38,105"/><W76/><G129/><T122/><D43/><U52/><E68/><V84/><F135/><W32/><G3/><T70/><D80/><U85/><E1/><V87/><F118/><W131/><G131/><T89/><D89/><U102/><E126/><V66/><F125/><W15/><G76/><T24/><D70/><U121/><E121/><V79/><F47/><W10/><G91/><T51/><D51/><U0/><E0/><V130/><F130/><W48/><G38/><T53/><D53/><U11/><E11/><V132/><F132/><W116/><G116/><T115/><D115/><U124/><E124/><V108/><F123/><W127/><G127/><T97/><D97/><U2/><E2/><V35/><F35/><W114/><G114/><T60/><REACH who="0" step="1"/><D25/><REACH who="0" ten="117,248,310,315" step="2"/><U28/><E102/><V12/><F88/><W29/><G46/><T49/><D49/><U39/><E39/><V33/><F87/><W31/><G48/><T45/><D45/><U57/><E101/><V81/><F84/><W16/><G44/><T8/><D8/><U99/><E52/><V98/><F81/><W9/><G96/><T65/><D65/><U128/><E128/><V106/><F98/><W36/><G36/><T7/><N who="0" m="1024" /><DORA hai="50" /><T64/><D64/><U55/><E55/><V67/><F103/><W37/><G100/><T117/><D117/><U107/><E99/><V74/><F67/><W42/><G42/><T41/><D41/><U133/><E83/><V92/><F66/><W119/><G37/><T59/><D59/><U14/><E14/><V90/><F12/><W54/><G119/><RYUUKYOKU ba="0,1" sc="117,30,248,-10,310,-10,315,-10" hai0="17,20,24,27,30,60,61,63,120,122" /><INIT seed="4,1,1,5,5,50" ten="147,238,300,305" oya="0" hai0="57,42,73,26,69,40,120,124,97,135,9,53,2" hai1="105,100,46,20,62,91,11,130,8,110,131,101,74" hai2="106,121,63,116,65,75,123,80,39,17,71,34,36" hai3="96,134,86,67,79,52,23,111,115,107,103,4,70"/><T13/><D120/><U41/><E74/><V43/><F17/><W68/><G111/><T47/><D69/><U102/><E110/><V82/><F116/><W56/><G115/><T95/><D73/><U38/><E105/><V127/><F127/><W85/><G134/><T49/><D124/><U18/><E91/><V33/><F82/><W117/><G117/><T61/><D135/><U77/><E77/><N who="2" m="44095" /><F106/><W132/><G132/><T118/><D2/><U81/><E81/><V112/><F112/><W32/><G32/><N who="2" m="12393" /><F43/><W89/><G4/><N who="0" m="3239" /><D26/><U92/><E92/><V16/><F16/><W125/><G67/><N who="0" m="39343" /><D118/><U6/><E62/><V76/><F76/><W21/><G125/><T108/><D108/><U119/><E119/><V126/><F126/><W84/><G79/><T88/><AGARI ba="1,1" hai="40,42,47,49,53,88,95,97" m="39343,3239" machi="88" ten="30,6000,0" yaku="8,1,52,1,54,1" doraHai="50" who="0" fromWho="0" sc="147,73,238,-21,300,-21,305,-21" /><INIT seed="4,2,0,3,1,127" ten="220,217,279,284" oya="0" hai0="111,112,54,66,129,17,132,77,78,30,12,98,82" hai1="55,37,128,27,95,122,2,100,49,11,113,13,109" hai2="91,117,3,38,86,1,125,87,41,120,96,126,44" hai3="16,130,10,93,134,123,48,0,79,8,104,15,57"/><T25/><D132/><U64/><E122/><V76/><F120/><W23/><G123/><T50/><D112/><U18/><E109/><V121/><F121/><W88/><G104/><T34/><D111/><U40/><E128/><V29/><F117/><W46/><G130/><T53/><D66/><U74/><E74/><V80/><F29/><W26/><G134/><T35/><D129/><U115/><E64/><V5/><F96/><W94/><G79/><T58/><D98/><N who="1" m="59487" /><E37/><V59/><F59/><W72/><G72/><T101/><D101/><U106/><E40/><V61/><F61/><W103/><G0/><T89/><D35/><U14/><E106/><V107/><F107/><W47/><G103/><T68/><D68/><U65/><E65/><V52/><F52/><N who="3" m="31879" /><G94/><T92/><D54/><U97/><E97/><V60/><F60/><W75/><G75/><T7/><D7/><N who="1" m="3327" /><E27/><V28/><F5/><N who="3" m="3471" /><G10/><T81/><D81/><U124/><E2/><V45/><F3/><W114/><G114/><N who="1" m="43530" /><E124/><V69/><F1/><W90/><G90/><T21/><REACH who="0" step="1"/><D92/><REACH who="0" ten="210,217,279,284" step="2"/><U4/><E55/><V84/><F69/><W6/><G6/><T36/><D36/><U20/><E4/><V22/><F38/><W31/><G31/><T24/><D24/><U83/><E83/><V119/><F28/><W70/><G70/><T63/><D63/><U42/><E42/><V56/><F41/><W19/><G19/><T135/><D135/><U62/><E62/><V51/><F125/><W110/><G110/><T73/><D73/><U32/><E32/><V71/><F126/><W131/><G131/><RYUUKYOKU ba="2,1" sc="210,10,217,10,279,-30,284,10" hai0="12,17,21,25,30,34,50,53,58,77,78,82,89" hai1="14,18,20,49" hai3="16,23,26,46,47,88,93" /><INIT seed="4,3,1,4,0,47" ten="220,227,249,294" oya="0" hai0="81,84,41,63,106,39,88,45,2,105,111,62,122" hai1="103,58,120,48,13,27,66,29,123,22,115,76,98" hai2="49,33,28,56,0,38,91,40,16,126,69,21,125" hai3="73,94,109,59,112,51,130,68,55,57,6,95,20"/><T110/><D122/><U42/><E76/><V37/><F69/><W46/><G109/><N who="0" m="41483" /><D2/><U30/><E115/><V104/><F0/><W131/><G68/><T83/><D83/><U15/><E66/><V1/><F1/><W85/><G73/><T65/><D63/><U14/><E30/><V132/><F104/><W5/><G112/><T24/><D24/><U52/><REACH who="1" step="1"/><E42/><REACH who="1" ten="220,217,249,294" step="2"/><V127/><F28/><W80/><G131/><T82/><D82/><U119/><E119/><V64/><F64/><W121/><G130/><T10/><D10/><U92/><AGARI ba="3,2" hai="13,14,15,22,27,29,48,52,58,92,98,103,120,123" machi="92" ten="30,7900,0" yaku="1,1,0,1,52,1,54,1,53,0" doraHai="47" doraHaiUra="67" who="1" fromWho="1" sc="220,-42,217,108,249,-23,294,-23" /><INIT seed="5,0,0,4,0,61" ten="178,325,226,271" oya="1" hai0="28,132,55,111,116,93,65,6,18,115,34,56,78" hai1="59,68,117,104,21,106,43,45,82,94,8,49,29" hai2="0,91,52,38,26,103,100,131,44,101,86,85,10" hai3="74,110,64,41,113,14,126,16,37,134,98,90,88"/><U57/><E117/><V75/><F75/><W108/><G113/><T30/><D116/><U62/><E68/><V83/><F131/><W96/><G74/><T58/><D111/><U84/><E94/><V2/><F26/><W72/><G72/><T7/><D78/><U120/><E120/><V66/><F66/><W70/><G134/><T67/><D115/><U127/><E127/><V11/><F85/><W53/><G126/><T124/><D124/><U51/><E8/><V50/><REACH who="2" step="1"/><F38/><REACH who="2" ten="178,325,216,271" step="2"/><W32/><G37/><T5/><D132/><U63/><E104/><V33/><F33/><W46/><G32/><T54/><D34/><U17/><E106/><V112/><F112/><W9/><G110/><T36/><D36/><U119/><E119/><V42/><F42/><W122/><G41/><T102/><D18/><U4/><E4/><V130/><F130/><W23/><G108/><T99/><D28/><U20/><E29/><V129/><F129/><W60/><G122/><T89/><D30/><U35/><E35/><V3/><AGARI ba="0,1" hai="0,2,3,10,11,44,50,52,83,86,91,100,101,103" machi="3" ten="40,5200,0" yaku="1,1,0,1,54,1,53,0" doraHai="61" doraHaiUra="31" who="2" fromWho="2" sc="178,-13,325,-26,216,62,271,-13" /><INIT seed="6,0,0,3,0,70" ten="165,299,278,258" oya="2" hai0="132,6,78,94,111,64,91,96,10,135,0,80,46" hai1="36,100,121,25,120,82,109,44,81,115,127,54,61" hai2="52,105,71,39,24,43,5,1,41,95,13,34,117" hai3="93,110,15,56,58,98,124,79,30,59,35,84,89"/><V12/><F105/><W18/><G110/><T104/><D111/><U38/><E109/><V22/><F117/><W19/><G124/><T114/><D64/><U48/><E127/><V134/><F71/><W131/><G131/><T17/><D114/><U4/><E115/><V83/><F34/><W102/><G79/><T74/><D17/><U101/><E4/><V31/><F134/><W122/><G122/><N who="1" m="47210" /><E25/><V123/><F123/><W16/><G35/><T26/><D26/><U51/><E61/><V23/><F1/><W103/><G30/><T20/><D20/><U126/><E126/><V49/><F39/><N who="1" m="14889" /><E51/><V50/><F50/><W69/><G69/><T37/><REACH who="0" step="1"/><D104/><REACH who="0" ten="155,299,278,258" step="2"/><U65/><E65/><V112/><F112/><W60/><G19/><T97/><D97/><U88/><E81/><V125/><F125/><W57/><G18/><T107/><D107/><U108/><E108/><V90/><F5/><W73/><G98/><T128/><D128/><U76/><E76/><V42/><F13/><W33/><G33/><T7/><D7/><U47/><E47/><V130/><F12/><W67/><G73/><T8/><D8/><AGARI ba="0,1" hai="8,15,16,56,57,58,59,60,67,84,89,93,102,103" machi="8" ten="40,2600,0" yaku="8,1,54,1" doraHai="70" who="3" fromWho="0" sc="155,-26,299,0,278,0,258,36" /><INIT seed="7,0,0,1,2,23" ten="129,299,278,294" oya="3" hai0="121,73,133,123,67,86,90,124,66,39,102,77,48" hai1="74,46,72,68,116,62,44,75,35,127,60,117,130" hai2="38,63,14,41,129,19,83,45,105,106,89,5,11" hai3="78,76,51,22,1,25,49,42,34,110,32,3,108"/><W27/><G22/><T87/><D39/><U29/><E130/><V80/><F129/><W53/><G53/><T96/><D48/><U79/><E79/><V12/><F63/><N who="1" m="24105" /><E127/><V135/><F135/><W119/><G42/><T128/><D66/><U43/><E43/><V81/><REACH who="2" step="1"/><F89/><REACH who="2" ten="129,299,268,294" step="2"/><W100/><G100/><T16/><D67/><U99/><E68/><V82/><N who="2" m="20992" /><DORA hai="71" /><V85/><F85/><W112/><G112/><T120/><D128/><U0/><E99/><V56/><F56/><W126/><G126/><T92/><D124/><U10/><E0/><V54/><F54/><W84/><G84/><T40/><D133/><U30/><E10/><AGARI ba="0,1" hai="5,10,11,12,14,19,38,41,45,105,106" m="20992" machi="10" ten="50,6400,0" yaku="1,1,52,1,53,1" doraHai="23,71" doraHaiUra="37,111" who="2" fromWho="1" sc="129,0,299,-64,268,74,294,0" owari="129,-37.0,235,-16.0,342,44.0,294,9.0" /></mjloggm>