<mjloggm ver="2.3"><GO type="97" lobby="0"/><UN n0="%6D%61%73%61%32%34" n1="%E3%83%9A%E3%82%B3" n2="%E3%81%82%2E%E3%81%BB%E3%83%BC%E3%81%99%2E" n3="%E5%B0%B1%E6%B4%BB%E7%94%9F%40%E5%B7%9D%E6%9D%91%E8%BB%8D%E5%9B%A3" dan="14,15,14,14" rate="1836.53,2044.26,1967.47,2002.95" sx="M,M,M,M"/><TAIKYOKU oya="0"/><INIT seed="0,0,0,4,3,107" ten="250,250,250,250" oya="0" hai0="9,60,114,11,99,36,95,47,83,37,10,105,46" hai1="38,85,14,27,69,31,20,28,16,103,45,70,73" hai2="49,126,120,111,106,42,63,135,87,25,22,29,90" hai3="104,48,17,88,89,123,1,84,128,113,117,61,75"/><T59/><D105/><U62/><E73/><V5/><F106/><W65/><G117/><T96/><D114/><U121/><E121/><V3/><F120/><W79/><G104/><T13/><D83/><U32/><E103/><V102/><F102/><W53/><G113/><T56/><D13/><U130/><E130/><V133/><F63/><W2/><G123/><T132/><D132/><U74/><E74/><V119/><F119/><W131/><G17/><T23/><D23/><U40/><E31/><V43/><F5/><W0/><G75/><T35/><D35/><U82/><REACH who="1" step="1"/><E62/><REACH who="1" ten="250,240,250,250" step="2"/><V109/><F135/><W92/><G131/><T91/><D60/><U30/><E30/><V71/><F29/><W124/><G128/><T24/><D24/><U116/><E116/><V108/><F25/><W57/><G124/><T18/><D18/><U77/><AGARI ba="0,1" hai="14,16,20,27,28,32,38,40,45,69,70,77,82,85" machi="77" ten="20,5200,0" yaku="1,1,0,1,7,1,54,1,53,0" doraHai="107" doraHaiUra="52" who="1" fromWho="1" sc="250,-26,240,62,250,-13,250,-13" /><INIT seed="1,0,0,1,2,21" ten="224,302,237,237" oya="1" hai0="115,43,109,133,54,12,88,124,101,120,40,1,69" hai1="45,22,28,4,2,93,111,50,32,15,130,74,72" hai2="42,8,17,18,13,61,78,127,31,55,3,63,112" hai3="65,16,56,113,79,9,36,23,103,131,70,37,66"/><U30/><E130/><V6/><F78/><W27/><G113/><T82/><D1/><U39/><E39/><V84/><F42/><W107/><G131/><T87/><D115/><U92/><E111/><V118/><F118/><W110/><G110/><T75/><D109/><U44/><E32/><V97/><F112/><W38/><G70/><T59/><D69/><U86/><E2/><V10/><F84/><W105/><G79/><T104/><D75/><U46/><E50/><V123/><F123/><W128/><G128/><T135/><D120/><U71/><E71/><V77/><F77/><W96/><G105/><T48/><D124/><U52/><E52/><V106/><F31/><W60/><REACH who="3" step="1"/><G9/><REACH who="3" ten="224,302,237,227" step="2"/><T83/><D104/><U80/><E74/><V81/><F10/><W49/><G49/><T62/><D48/><U95/><E72/><V132/><F106/><W98/><G98/><T125/><D125/><U29/><E4/><V100/><F127/><W121/><G121/><T0/><D133/><U134/><E134/><V108/><F6/><W126/><G126/><T117/><D135/><U35/><E35/><V34/><F132/><W14/><G14/><T119/><D119/><U19/><E86/><V129/><F129/><W68/><G68/><T41/><D117/><U94/><N who="1" m="24064" /><DORA hai="47" /><U26/><E15/><V114/><F13/><W25/><G25/><T58/><D0/><U122/><E122/><V102/><F3/><W24/><G24/><T99/><D12/><U67/><E67/><AGARI ba="0,1" hai="16,23,27,36,37,38,56,60,65,66,67,96,103,107" machi="67" ten="40,5200,0" yaku="1,1,52,1,54,1,53,0" doraHai="21,47" doraHaiUra="5,73" who="3" fromWho="1" sc="224,0,302,-52,237,0,227,62" /><INIT seed="2,0,0,3,5,126" ten="224,250,237,289" oya="2" hai0="25,62,28,53,16,113,123,8,59,76,7,87,2" hai1="67,6,36,125,20,134,116,132,117,46,112,0,103" hai2="13,102,75,43,12,121,15,49,100,31,85,24,115" hai3="118,42,130,63,74,19,88,98,39,94,96,45,1"/><V128/><F75/><W70/><G74/><T3/><D113/><U38/><E112/><V4/><F115/><W61/><G1/><T84/><D123/><U91/><E125/><V17/><F121/><W122/><G118/><N who="1" m="45674" /><E103/><V30/><F4/><W93/><G122/><T111/><D111/><U99/><E67/><V34/><F31/><W33/><G33/><T92/><D2/><U107/><E20/><V81/><F102/><W27/><G70/><T95/><D84/><U68/><E68/><V55/><F43/><W66/><G130/><T52/><D53/><U50/><E107/><V35/><F35/><W37/><G37/><T82/><REACH who="0" step="1"/><D16/><REACH who="0" ten="214,250,237,289" step="2"/><U14/><E0/><V44/><F100/><W135/><G19/><T60/><D60/><U26/><E6/><V127/><F127/><W108/><G108/><T56/><D56/><U77/><E14/><V78/><F128/><W11/><G66/><T72/><D72/><U106/><E99/><V48/><F48/><W57/><G57/><T119/><D119/><U114/><E50/><V41/><F55/><W40/><G40/><T51/><D51/><U101/><E38/><V73/><F73/><W109/><G109/><T10/><D10/><AGARI ba="0,1" hai="10,12,13,15,17,24,30,34,41,44,49,78,81,85" machi="10" ten="30,1500,0" yaku="7,1" doraHai="126" who="2" fromWho="0" sc="214,-15,250,0,237,25,289,0" /><INIT seed="2,1,0,5,4,129" ten="199,250,262,289" oya="2" hai0="108,96,92,133,103,80,12,17,67,100,58,36,87" hai1="83,102,127,91,49,126,121,48,70,128,132,55,119" hai2="117,75,60,72,51,123,39,64,24,124,78,57,4" hai3="76,61,74,97,85,134,120,114,73,21,20,50,29"/><V23/><F123/><W5/><G120/><T115/><D36/><U86/><E121/><V101/><F39/><W118/><G118/><T53/><D115/><U42/><E119/><V68/><F117/><W31/><G114/><T66/><D108/><U63/><E128/><V62/><F4/><W6/><G97/><T99/><D133/><U11/><E132/><V131/><F131/><W107/><G134/><T130/><D130/><U98/><E11/><V113/><F113/><W33/><G107/><T59/><D59/><N who="1" m="35327" /><E42/><V34/><F34/><W82/><G61/><T15/><D15/><U106/><E70/><V104/><F51/><W16/><G33/><T8/><D58/><U65/><E65/><V116/><F116/><W0/><G0/><T46/><D53/><U28/><E28/><N who="3" m="10826" /><G73/><T7/><D46/><U89/><E89/><V43/><F75/><W27/><G74/><T40/><D40/><U69/><E69/><V35/><F60/><W44/><G21/><T45/><D45/><U3/><E3/><V105/><F57/><W14/><G27/><T54/><D54/><AGARI ba="1,0" hai="5,6,14,16,20,44,50,54,76,82,85" m="10826" machi="54" ten="30,2000,0" yaku="8,1,54,1" doraHai="129" who="3" fromWho="0" sc="199,-23,250,0,262,0,289,23" /><INIT seed="3,0,0,5,1,127" ten="176,250,262,312" oya="3" hai0="54,25,68,74,60,86,8,44,118,132,120,103,57" hai1="19,105,32,37,28,12,59,17,48,49,20,33,34" hai2="75,94,121,111,71,85,2,79,104,87,112,122,134" hai3="96,97,123,6,107,76,15,46,5,91,129,81,109"/><W100/><G129/><T31/><D74/><U38/><E105/><V45/><F71/><W119/><G123/><N who="2" m="47113" /><F45/><W21/><G119/><T64/><D118/><U110/><E110/><V43/><F43/><W92/><G109/><T16/><D120/><U113/><E113/><V27/><F27/><W133/><G133/><T36/><D132/><U69/><E69/><V99/><F134/><W52/><G21/><T80/><D103/><U89/><E28/><V116/><F2/><W3/><G3/><T11/><D36/><U65/><E65/><V90/><F116/><W102/><G15/><T61/><D44/><U47/><E59/><V56/><F56/><W77/><G91/><T82/><D82/><U124/><E124/><V135/><F135/><W26/><G26/><T30/><D8/><U83/><E19/><V41/><F41/><W101/><G101/><T126/><D126/><U22/><E22/><V51/><F51/><N who="3" m="28791" /><G107/><T108/><D108/><U13/><E13/><V62/><F62/><W53/><G53/><T72/><D72/><U0/><E0/><V35/><F35/><W88/><G97/><T42/><D42/><U73/><E33/><V63/><F63/><W40/><G102/><T50/><D61/><U70/><E32/><V106/><F111/><W125/><G125/><T84/><D84/><N who="2" m="32330" /><F112/><W131/><G131/><T58/><D68/><U117/><E70/><V1/><F1/><W7/><G40/><T23/><REACH who="0" step="1"/><D11/><REACH who="0" ten="166,250,262,312" step="2"/><N who="1" m="6303" /><E117/><V24/><F75/><W95/><G81/><T66/><D66/><U67/><E67/><V9/><F9/><W14/><G100/><RYUUKYOKU ba="0,1" sc="166,30,250,-10,262,-10,312,-10" hai0="16,23,25,30,31,50,54,57,58,60,64,80,86" owari="196,-30.0,240,-16.0,252,5.0,312,41.0" /></mjloggm>