<mjloggm ver="2.3"><GO type="169" lobby="0"/><UN n0="%E2%98%85%E9%9B%80%E9%AC%BC%E7%99%BE%E7%80%AC%E2%98%85" n1="%E3%82%BF%E3%82%B1%E3%82%BF%E3%82%B1%E3%82%BF%E3%82%B1" n2="%E5%B0%B1%E6%B4%BB%E7%94%9F%40%E5%B7%9D%E6%9D%91%E8%BB%8D%E5%9B%A3" n3="%E4%B8%8D%E8%A8%B1%E5%8F%AF" dan="18,16,16,16" rate="2193.35,2120.61,2022.34,2089.92" sx="M,M,M,M"/><TAIKYOKU oya="0"/><INIT seed="0,0,0,2,2,74" ten="250,250,250,250" oya="0" hai0="41,96,75,53,118,133,37,32,27,65,4,97,58" hai1="14,12,64,92,5,57,6,89,115,113,134,40,45" hai2="51,29,3,47,28,116,63,107,15,111,56,102,34" hai3="117,19,13,72,24,7,91,2,127,68,109,79,103"/><T38/><D118/><U77/><E134/><V62/><F3/><W35/><G117/><T70/><D133/><U124/><E124/><V52/><F116/><W59/><G127/><T128/><D4/><N who="1" m="1643" /><E57/><V135/><F135/><W76/><G68/><T39/><D75/><U48/><E64/><V23/><F34/><W129/><G72/><T95/><D128/><U10/><E10/><V17/><F63/><W84/><G129/><T87/><D65/><U125/><E77/><V99/><REACH who="2" step="1"/><F111/><REACH who="2" ten="250,250,240,250" step="2"/><W8/><G109/><T73/><D32/><U130/><E125/><V121/><F121/><W114/><G35/><T94/><D37/><U131/><E130/><V55/><AGARI ba="0,1" hai="15,17,23,28,29,47,51,52,55,56,62,99,102,107" machi="55" ten="20,5200,0" yaku="1,1,0,1,7,1,54,1,53,0" doraHai="74" doraHaiUra="33" who="2" fromWho="2" sc="250,-26,250,-13,240,62,250,-13" /><INIT seed="1,0,0,4,1,26" ten="224,237,302,237" oya="1" hai0="35,3,57,51,46,50,66,42,18,108,53,30,11" hai1="95,15,109,73,116,115,59,114,77,88,47,113,102" hai2="2,32,23,86,78,16,91,36,6,104,9,28,74" hai3="134,12,89,8,68,107,105,122,80,82,55,4,132"/><U130/><E116/><V10/><F104/><W94/><G122/><T45/><D108/><U106/><E109/><V127/><F36/><W72/><G68/><T19/><D66/><U133/><E47/><V44/><F127/><W101/><G55/><T69/><D69/><U135/><E59/><V20/><F74/><W85/><G101/><T27/><REACH who="0" step="1"/><D45/><REACH who="0" ten="214,237,302,237" step="2"/><U14/><E130/><V83/><F44/><W70/><G70/><T63/><D63/><U22/><E114/><V24/><REACH who="2" step="1"/><F78/><REACH who="2" ten="214,237,292,237" step="2"/><W54/><G134/><N who="1" m="51210" /><E77/><V124/><F124/><W129/><G132/><T40/><D40/><U13/><E115/><V71/><F71/><W128/><G129/><T93/><D93/><U25/><E113/><V98/><F98/><W96/><G128/><T100/><D100/><U31/><E102/><V76/><F76/><W62/><G105/><T49/><D49/><U41/><E106/><V61/><F61/><W64/><G107/><T38/><D38/><U60/><E60/><V126/><F126/><W65/><G62/><T34/><D34/><U29/><E41/><V67/><F67/><W90/><G64/><T17/><D17/><N who="1" m="12495" /><E73/><V7/><F7/><AGARI ba="0,2" hai="3,7,11,18,19,27,30,35,42,46,50,51,53,57" machi="7" ten="40,5200,0" yaku="1,1,52,1,53,1" doraHai="26" doraHaiUra="52" who="0" fromWho="2" sc="214,72,237,0,292,-52,237,0" /><INIT seed="2,0,0,0,2,115" ten="286,237,240,237" oya="2" hai0="79,50,35,5,134,110,80,91,105,94,26,40,103" hai1="31,112,127,58,130,9,108,129,8,93,132,7,120" hai2="21,60,3,43,104,12,126,68,13,39,0,122,57" hai3="16,17,88,38,15,44,46,73,66,69,85,100,97"/><V65/><F122/><W56/><G69/><T64/><D5/><U18/><E112/><V32/><F104/><W78/><G38/><T6/><D6/><U37/><E37/><V25/><F32/><W49/><G78/><T123/><D64/><U34/><E93/><V89/><F126/><W24/><G73/><T28/><D103/><U63/><E58/><V98/><F3/><W77/><G77/><T90/><D91/><U101/><E63/><V82/><F0/><W121/><G121/><T84/><D105/><U42/><E42/><V74/><F74/><W45/><G24/><T96/><D134/><U70/><E101/><V125/><F68/><W19/><G15/><T33/><D110/><U23/><E70/><V71/><F71/><W131/><G131/><T47/><D123/><U29/><E132/><V81/><F43/><W27/><G27/><T30/><D30/><U48/><E31/><V55/><F39/><W61/><G49/><T59/><D59/><U128/><E29/><N who="2" m="17583" /><F65/><W113/><G113/><T14/><D14/><N who="2" m="5738" /><F125/><W67/><G67/><T62/><D35/><U36/><E34/><V11/><F11/><W1/><G1/><T124/><D124/><U92/><E36/><V20/><F20/><W41/><G41/><T87/><REACH who="0" step="1"/><D62/><REACH who="0" ten="276,237,240,237" step="2"/><U53/><E120/><V106/><F106/><W86/><G100/><T119/><D119/><U111/><E127/><V114/><F114/><W76/><G76/><T109/><D109/><U99/><E111/><V118/><F118/><W51/><G51/><T54/><D54/><U135/><E108/><V72/><F72/><AGARI ba="0,1" hai="26,28,33,40,47,50,72,79,80,84,87,90,94,96" machi="72" ten="30,7700,0" yaku="1,1,6,1,7,1,53,1" doraHai="115" doraHaiUra="95" who="0" fromWho="2" sc="276,87,237,0,240,-77,237,0" /><INIT seed="3,0,0,4,5,127" ten="363,237,163,237" oya="3" hai0="101,9,50,62,54,126,95,90,96,71,60,23,42" hai1="5,43,46,34,129,86,1,47,79,116,12,103,19" hai2="21,85,119,59,22,56,100,10,14,24,98,94,20" hai3="8,41,99,37,133,63,132,64,102,35,74,106,88"/><W105/><G74/><T125/><D42/><U87/><E34/><V134/><F119/><W76/><G76/><T91/><D9/><U15/><E1/><V28/><F134/><N who="3" m="51819" /><G35/><T33/><D33/><U83/><E116/><V36/><F36/><W18/><G88/><N who="0" m="33835" /><D71/><U38/><E103/><V110/><F110/><W84/><G84/><T3/><D3/><U81/><E46/><V118/><F118/><W13/><G41/><T51/><D51/><U130/><E5/><V77/><F28/><W58/><G37/><T68/><D68/><U97/><E97/><V53/><F24/><W120/><G120/><T17/><D125/><U72/><E83/><V115/><F115/><W16/><G106/><T114/><D114/><U135/><E135/><V108/><F108/><W11/><G11/><T39/><D39/><U66/><E66/><V131/><F131/><N who="1" m="50185" /><E12/><V123/><F123/><W2/><G2/><T78/><D126/><U29/><E29/><V117/><F117/><W52/><G64/><T75/><D96/><U61/><E61/><V57/><F77/><W27/><G27/><N who="0" m="14831" /><D60/><U82/><E82/><V44/><F85/><W93/><G105/><T32/><D62/><U67/><E67/><V107/><F107/><W25/><G25/><T6/><D78/><U7/><E7/><AGARI ba="0,0" hai="7,8,13,16,18,52,58,63,93,99,102" m="51819" machi="7" ten="30,5800,0" yaku="20,1,54,2" doraHai="127" who="3" fromWho="1" sc="363,0,237,-58,163,0,237,58" /><INIT seed="3,1,0,0,1,60" ten="363,179,163,295" oya="3" hai0="95,56,49,8,85,0,48,68,25,10,70,72,37" hai1="38,22,53,87,17,55,86,84,73,119,26,104,18" hai2="106,122,108,109,69,65,6,90,61,51,128,102,41" hai3="118,130,13,111,46,39,11,50,16,47,114,7,125"/><W75/><G114/><T134/><D37/><U81/><E104/><V82/><F128/><W23/><G118/><T94/><D72/><U12/><E38/><V120/><F6/><W14/><G130/><T110/><D68/><U88/><E119/><V32/><F32/><W101/><G75/><T92/><D70/><U20/><E73/><V112/><F112/><W121/><G121/><N who="2" m="46697" /><F106/><W63/><G125/><T100/><D134/><U45/><E45/><N who="2" m="26031" /><F102/><W97/><G111/><N who="2" m="42569" /><F90/><W133/><G133/><T62/><D0/><U54/><AGARI ba="1,0" hai="12,17,18,20,22,26,53,54,55,81,84,86,87,88" machi="54" ten="30,4000,0" yaku="0,1,8,1,54,1" doraHai="60" who="1" fromWho="1" sc="363,-11,179,43,163,-11,295,-21" /><INIT seed="4,0,0,2,0,111" ten="352,222,152,274" oya="0" hai0="110,108,19,21,0,132,79,22,94,43,129,87,102" hai1="123,101,48,83,11,30,124,35,134,115,24,61,82" hai2="106,103,50,64,41,125,80,120,36,117,18,49,52" hai3="77,14,126,2,4,27,1,81,25,74,114,12,122"/><T60/><D0/><U33/><E123/><V97/><F120/><W29/><G122/><T28/><D43/><U46/><E124/><V68/><F117/><W45/><G126/><T91/><D132/><U20/><E134/><V54/><F125/><W127/><G127/><T42/><D42/><U23/><E101/><V15/><F36/><W75/><G114/><T40/><D40/><U44/><E11/><V56/><F41/><W90/><G45/><T38/><D38/><U55/><E61/><V95/><F106/><W5/><G90/><T72/><D129/><U59/><E59/><V73/><F73/><W67/><G67/><T6/><D6/><U78/><E115/><V62/><F80/><W109/><G29/><T85/><D72/><U66/><E66/><V116/><F116/><W9/><G81/><N who="0" m="47295" /><D102/><U31/><E46/><V53/><REACH who="2" step="1"/><F68/><REACH who="2" ten="352,222,142,274" step="2"/><W70/><G70/><T86/><D108/><U98/><E83/><V7/><F7/><W133/><G109/><T84/><D110/><U32/><E82/><V113/><F113/><W8/><G133/><T135/><D135/><U92/><E78/><AGARI ba="0,1" hai="1,2,4,5,8,9,12,14,25,27,74,75,77,78" machi="78" ten="25,1600,0" yaku="22,2" doraHai="111" who="3" fromWho="1" sc="352,0,222,-16,142,0,274,26" /><INIT seed="5,0,0,1,0,84" ten="352,206,142,300" oya="1" hai0="103,2,135,54,80,63,37,30,69,24,51,3,88" hai1="89,25,44,90,47,75,107,29,106,20,76,19,114" hai2="6,82,77,61,36,113,1,110,117,123,83,15,111" hai3="99,93,52,119,33,74,57,124,0,122,22,85,105"/><U58/><E114/><V13/><F36/><W17/><G33/><T68/><D37/><U60/><E76/><V42/><F42/><W23/><G122/><T133/><D103/><U67/><E75/><V127/><F61/><W31/><G0/><T92/><D80/><U41/><E107/><V9/><F82/><W38/><G38/><T48/><D2/><U8/><E106/><V50/><F50/><N who="0" m="18986" /><D54/><U98/><E98/><V94/><F123/><W71/><G71/><T100/><D100/><U95/><E95/><V87/><F117/><W66/><G74/><T112/><D63/><U39/><REACH who="1" step="1"/><E47/><REACH who="1" ten="352,196,142,300" step="2"/><V134/><F134/><W18/><G105/><T62/><D112/><U108/><E108/><V21/><F113/><W12/><G99/><T130/><D92/><U55/><E55/><V96/><F127/><W97/><G97/><T120/><D133/><U65/><E65/><V73/><F73/><W64/><G124/><T70/><D135/><U45/><E45/><V40/><F40/><W91/><G119/><T128/><D120/><U27/><E27/><V7/><F110/><W4/><G66/><T32/><D24/><U126/><E126/><V28/><F111/><W26/><G64/><T129/><D129/><U121/><E121/><V59/><F59/><W102/><G57/><T49/><D130/><U53/><E53/><V101/><F6/><W43/><G4/><T56/><D128/><U104/><E104/><V10/><F10/><W5/><G5/><T46/><D68/><U109/><E109/><V11/><F11/><W79/><G26/><T118/><D69/><RYUUKYOKU ba="0,1" sc="352,-15,196,15,142,15,300,-15" hai1="8,19,20,25,29,39,41,44,58,60,67,89,90" hai2="1,7,9,13,15,21,28,77,83,87,94,96,101" /><INIT seed="5,1,1,0,1,92" ten="337,211,157,285" oya="1" hai0="52,54,56,79,46,82,20,100,4,68,16,109,96" hai1="44,73,104,23,127,130,53,93,80,77,121,55,89" hai2="17,59,78,131,133,24,126,2,41,22,39,36,70" hai3="10,0,108,83,98,129,110,3,75,122,19,27,25"/><U58/><E121/><V18/><F70/><W99/><G122/><T74/><D68/><U87/><E127/><V123/><F2/><W62/><G129/><T21/><D4/><U33/><E33/><V91/><F126/><W135/><G135/><T47/><D20/><U118/><E118/><V66/><F131/><W111/><G62/><T60/><D54/><U32/><E32/><V120/><F133/><W85/><G75/><T49/><D49/><U67/><E130/><V30/><F120/><W113/><G113/><T40/><D40/><U88/><E104/><V63/><F123/><W119/><G119/><T64/><D64/><U116/><E116/><V125/><F125/><W6/><G3/><T84/><D74/><U28/><E44/><V48/><F78/><W38/><G38/><T124/><D109/><U31/><E89/><V65/><F65/><W29/><G19/><T102/><D102/><U105/><E105/><V7/><F7/><W9/><G9/><T1/><D1/><U72/><E72/><V134/><F134/><W97/><REACH who="3" step="1"/><G29/><REACH who="3" ten="337,211,157,275" step="2"/><T107/><D124/><U45/><E31/><V69/><F39/><W103/><G103/><T35/><D35/><U51/><E28/><V43/><F36/><W12/><G12/><AGARI ba="1,2" hai="12,16,21,46,47,52,56,60,79,82,84,96,100,107" machi="12" ten="30,7700,0" yaku="7,1,52,1,54,2" doraHai="92" who="0" fromWho="3" sc="337,100,211,0,157,0,275,-80" /><INIT seed="6,0,0,1,2,70" ten="437,211,157,195" oya="2" hai0="7,109,113,81,59,44,11,17,71,94,132,135,9" hai1="95,49,115,60,99,61,21,82,69,18,12,117,73" hai2="129,102,107,19,34,46,80,65,52,103,45,111,85" hai3="40,1,27,112,48,41,100,58,42,63,88,54,53"/><V125/><F34/><W31/><G1/><T47/><D71/><U29/><E115/><V26/><F107/><W57/><G112/><T134/><D94/><U39/><E39/><V122/><F122/><W56/><G100/><N who="2" m="38441" /><F111/><W96/><G57/><T72/><D113/><U128/><E128/><V62/><F129/><W78/><G78/><N who="0" m="44231" /><D109/><U118/><E69/><V93/><F125/><W6/><G6/><T101/><D101/><U77/><E29/><V84/><F65/><W33/><REACH who="3" step="1"/><G42/><REACH who="3" ten="437,211,157,185" step="2"/><T120/><D7/><U91/><E118/><V20/><F93/><AGARI ba="0,1" hai="27,31,33,40,41,48,53,54,56,58,63,88,93,96" machi="93" ten="40,5200,0" yaku="1,1,2,1,54,1,53,0" doraHai="70" doraHaiUra="83" who="3" fromWho="2" sc="437,0,211,0,157,-52,185,62" /><INIT seed="7,0,0,0,4,9" ten="437,211,105,247" oya="3" hai0="73,53,50,129,81,131,51,48,5,88,99,85,109" hai1="107,66,93,119,122,28,135,63,130,116,90,64,76" hai2="19,102,120,45,25,3,127,108,56,22,78,103,86" hai3="101,2,133,69,72,132,94,38,128,113,124,21,112"/><W31/><G69/><T83/><D109/><U54/><E107/><V1/><F108/><W18/><G38/><T80/><D5/><U17/><E122/><V96/><F120/><W37/><G37/><T61/><D73/><U49/><E130/><N who="0" m="49673" /><D99/><U26/><E135/><V44/><F127/><W89/><G94/><N who="0" m="54543" /><D61/><U10/><E76/><V71/><F71/><W121/><G18/><T23/><D23/><U42/><E42/><V57/><F96/><W35/><G89/><T12/><D12/><U33/><E17/><V117/><F117/><W92/><G92/><T29/><D29/><U70/><E10/><V59/><F86/><W87/><G87/><T67/><D67/><U55/><E64/><V20/><F78/><W4/><G101/><T84/><D84/><U95/><E90/><V74/><F74/><W41/><G41/><T11/><D11/><U30/><E30/><V68/><F68/><W15/><G2/><T60/><D60/><U32/><E32/><V46/><F19/><W110/><G110/><T52/><AGARI ba="0,0" hai="48,50,51,52,53,80,81,83" m="54543,49673" machi="52" ten="40,5200,0" yaku="19,1,54,2" doraHai="9" who="0" fromWho="0" sc="437,52,211,-13,105,-13,247,-26" owari="489,59.0,198,-20.0,92,-41.0,221,2.0" /></mjloggm>