<mjloggm ver="2.3"><GO type="97" lobby="0"/><UN n0="%73%69%67%6E%73" n1="%6D%75%6B%65%6D%69%6E%67" n2="%E8%90%8C%E7%8B%BC%40%E6%9D%8F%E6%9D%8F%E8%BB%8D%E5%9C%98" n3="%E5%B0%B1%E6%B4%BB%E7%94%9F%40%E5%B7%9D%E6%9D%91%E8%BB%8D%E5%9B%A3" dan="14,13,13,14" rate="1860.55,1883.43,1980.97,2000.35" sx="M,M,F,M"/><TAIKYOKU oya="0"/><INIT seed="0,0,0,4,1,21" ten="250,250,250,250" oya="0" hai0="36,96,71,19,105,31,111,127,62,46,98,13,126" hai1="4,75,118,128,125,135,72,27,12,129,17,133,122" hai2="73,74,55,114,37,95,131,6,123,103,47,97,117" hai3="102,92,15,2,93,91,23,35,33,109,101,43,11"/><T104/><D105/><U115/><E122/><V94/><F114/><W28/><G109/><T86/><D86/><U112/><E118/><V88/><F123/><W24/><G43/><T34/><D111/><U70/><E70/><V18/><F131/><N who="1" m="50249" /><E4/><V76/><F6/><N who="3" m="1495" /><G33/><T40/><D104/><U59/><E59/><V80/><F18/><N who="3" m="10719" /><G92/><T38/><D38/><U52/><E72/><V7/><F7/><W119/><G119/><T84/><D84/><AGARI ba="0,0" hai="24,28,35,84,91,93,101,102" m="10719,1495" machi="84" ten="30,2000,0" yaku="24,1,52,1" doraHai="21" who="3" fromWho="0" sc="250,-20,250,0,250,0,250,20" /><INIT seed="1,0,0,4,5,132" ten="230,250,250,270" oya="1" hai0="101,35,78,61,8,82,74,42,108,21,76,41,106" hai1="36,102,43,33,19,83,92,125,53,27,40,84,48" hai2="97,25,56,38,54,129,24,111,26,32,134,11,12" hai3="17,63,28,131,115,95,14,16,70,99,44,15,47"/><U59/><E36/><V39/><F134/><W58/><G115/><T87/><D35/><U107/><E125/><V67/><F67/><N who="3" m="39415" /><G70/><T75/><D108/><U30/><E107/><V110/><F129/><W68/><G28/><T88/><D75/><U64/><E64/><V98/><F32/><W109/><G68/><T5/><D78/><U119/><E119/><V94/><F94/><W127/><G127/><T9/><D61/><U133/><E133/><V135/><F135/><W31/><G31/><T122/><D122/><U4/><E4/><N who="2" m="3175" /><F38/><W57/><G57/><T23/><D42/><U96/><REACH who="1" step="1"/><E19/><REACH who="1" ten="230,240,250,270" step="2"/><N who="3" m="7242" /><G131/><T20/><D106/><U79/><AGARI ba="0,1" hai="27,30,33,40,43,48,53,59,79,83,84,92,96,102" machi="79" ten="20,3900,0" yaku="1,1,0,1,7,1,53,0" doraHai="132" doraHaiUra="85" who="1" fromWho="1" sc="230,-13,240,49,250,-13,270,-13" /><INIT seed="1,1,0,2,3,37" ten="217,289,237,257" oya="1" hai0="121,96,111,10,103,134,131,59,93,58,12,30,25" hai1="5,85,71,65,133,9,26,68,43,56,124,32,94" hai2="82,73,127,90,107,14,40,38,130,74,48,67,49" hai3="95,27,100,2,24,135,110,106,114,84,105,78,6"/><U128/><E133/><V69/><F107/><W22/><G114/><T29/><D134/><U28/><E124/><V123/><F123/><W72/><G135/><T86/><D121/><U108/><E128/><V122/><F122/><W11/><G110/><T88/><D131/><U89/><E108/><V55/><F127/><W17/><G72/><T20/><D30/><U76/><E76/><V132/><F132/><W119/><G119/><T63/><D63/><U120/><E120/><V15/><F130/><W51/><G78/><T0/><D0/><U79/><E79/><V53/><F74/><W97/><G84/><T41/><D41/><U45/><E56/><N who="2" m="32807" /><F73/><W31/><REACH who="3" step="1"/><G51/><REACH who="3" ten="217,289,237,247" step="2"/><T34/><D111/><U52/><E71/><V70/><F70/><W8/><G8/><T42/><D34/><AGARI ba="1,1" hai="2,6,11,17,22,24,27,31,34,95,97,100,105,106" machi="34" ten="30,3900,0" yaku="1,1,7,1,53,1" doraHai="37" doraHaiUra="91" who="3" fromWho="0" sc="217,-42,289,0,237,0,247,52" /><INIT seed="2,0,0,2,5,28" ten="175,289,237,299" oya="2" hai0="129,124,96,89,45,24,92,108,37,94,38,19,44" hai1="118,52,47,93,62,104,85,18,48,73,83,26,117" hai2="82,103,53,27,9,66,111,87,63,67,109,56,123" hai3="0,126,69,11,125,78,130,2,74,34,6,25,14"/><V95/><F123/><W127/><G69/><T100/><D129/><U98/><E104/><V128/><F128/><W116/><G116/><T88/><D124/><U20/><E73/><V75/><F75/><W31/><G130/><T91/><D108/><N who="2" m="41546" /><F9/><W59/><G59/><T46/><D94/><U121/><E62/><V5/><F5/><W114/><G114/><T101/><D100/><U71/><E71/><V10/><F10/><W113/><G113/><T115/><D115/><U76/><REACH who="1" step="1"/><E121/><REACH who="1" ten="175,279,237,299" step="2"/><V80/><F103/><AGARI ba="0,1" hai="18,20,26,47,48,52,76,83,85,93,98,103,117,118" machi="103" ten="30,7700,0" yaku="1,1,2,1,7,1,54,1,53,0" doraHai="28" doraHaiUra="33" who="1" fromWho="2" sc="175,0,279,87,237,-77,299,0" /><INIT seed="3,0,0,0,4,2" ten="175,366,160,299" oya="3" hai0="119,97,41,23,5,50,87,131,65,61,53,128,29" hai1="96,56,127,26,37,99,80,18,114,125,16,54,27" hai2="33,76,34,9,45,115,74,110,24,101,11,122,69" hai3="4,84,71,108,63,44,52,94,78,10,107,109,118"/><W6/><G107/><T102/><D119/><U1/><E37/><V105/><F115/><W43/><G118/><T133/><D41/><U62/><E1/><V92/><F110/><N who="3" m="42603" /><G71/><T7/><D87/><U121/><E121/><V3/><F122/><W116/><G116/><T70/><D133/><U81/><E114/><V100/><F100/><W31/><G31/><T67/><D65/><U135/><E135/><V38/><F92/><W86/><G94/><N who="0" m="58679" /><D23/><N who="1" m="13671" /><E127/><V111/><F111/><W68/><G68/><T75/><D29/><U83/><E125/><V22/><F69/><W59/><G78/><T0/><D0/><U85/><E85/><N who="3" m="32874" /><G10/><T106/><D106/><U130/><E130/><N who="0" m="49705" /><D75/><U19/><E27/><V36/><F11/><W15/><G15/><T13/><D13/><U93/><E99/><N who="2" m="61631" /><F22/><W57/><G57/><AGARI ba="0,0" hai="5,7,50,53,57,61,67,70" m="49705,58679" machi="57" ten="30,3900,0" yaku="19,1,52,2" doraHai="2" who="0" fromWho="3" sc="175,39,366,0,160,0,299,-39" owari="214,-19.0,366,47.0,160,-34.0,260,6.0" /></mjloggm>