<mjloggm ver="2.3"><GO type="169" lobby="0"/><UN n0="%6D%75%67%65%6E%40" n1="%74%75%6B%69%74%61%6E%31" n2="%E3%82%A6%E3%83%AB%E3%83%88%E3%83%A9%E7%AB%8B%E7%9B%B4" n3="%E3%81%8B%E3%81%98%E3%81%9D" dan="16,16,17,16" rate="2000.82,2054.48,2159.62,2104.79" sx="M,M,M,M"/><TAIKYOKU oya="0"/><INIT seed="0,0,0,1,0,125" ten="250,250,250,250" oya="0" hai0="55,89,121,96,36,101,92,123,13,105,97,44,110" hai1="127,5,45,25,57,79,85,111,37,128,95,112,3" hai2="51,34,10,113,98,133,90,12,135,43,39,63,83" hai3="78,32,11,27,104,2,53,56,61,19,28,71,42"/><T40/><D110/><U109/><E127/><V33/><F39/><W108/><G108/><T70/><D70/><U81/><E112/><V77/><F113/><W47/><G104/><T68/><D68/><U49/><E37/><V52/><F63/><W93/><G71/><T116/><D116/><U88/><E57/><V46/><F43/><W35/><G78/><T17/><REACH who="0" step="1"/><D55/><REACH who="0" ten="240,250,250,250" step="2"/><U60/><E109/><V122/><F52/><W8/><G53/><T21/><AGARI ba="0,1" hai="13,17,21,36,40,44,89,92,96,97,101,105,121,123" machi="21" ten="20,12000,1" yaku="1,1,2,1,0,1,7,1,53,1" doraHai="125" doraHaiUra="91" who="0" fromWho="0" sc="240,130,250,-40,250,-40,250,-40" /><INIT seed="0,1,0,1,1,20" ten="370,210,210,210" oya="0" hai0="110,11,44,47,95,27,40,105,109,102,68,4,52" hai1="42,71,127,98,62,99,77,30,58,10,87,131,107" hai2="132,29,130,100,57,111,7,119,115,2,50,46,5" hai3="81,24,38,82,31,106,12,122,85,54,112,74,28"/><T55/><D105/><U89/><E71/><V108/><F115/><W101/><G38/><T69/><D102/><U66/><E77/><V134/><F100/><W19/><G112/><T63/><D95/><U90/><E131/><V86/><F130/><W8/><G122/><T41/><D27/><U114/><E127/><V61/><F86/><W103/><G106/><T123/><D123/><U16/><E107/><V56/><F29/><W67/><G31/><T65/><D11/><U22/><E30/><V97/><F97/><W14/><G67/><T78/><D4/><U70/><E10/><V96/><F96/><W125/><G14/><T129/><D78/><U13/><E114/><V75/><F75/><W120/><G120/><T53/><D129/><U23/><E42/><N who="0" m="16489" /><D68/><U15/><E70/><V45/><F7/><W49/><G74/><T116/><D116/><U91/><E87/><V0/><F5/><W121/><G121/><T92/><D92/><U80/><E80/><V43/><F2/><W18/><G82/><T59/><D69/><U51/><E51/><V17/><F50/><W6/><G125/><T118/><D118/><U104/><E104/><V79/><F0/><W60/><G103/><T126/><D126/><U48/><E48/><V35/><F79/><W133/><G101/><T34/><D34/><U9/><E9/><V26/><F119/><W113/><G113/><T73/><D73/><U64/><E64/><V88/><F35/><W21/><G49/><T124/><D124/><U32/><E32/><V1/><F1/><W76/><G133/><T84/><D84/><RYUUKYOKU ba="1,0" sc="370,10,210,10,210,-30,210,10" hai0="44,47,52,53,55,59,63,65,109,110" hai1="13,15,16,22,23,58,62,66,89,90,91,98,99" hai3="6,8,12,18,19,21,24,28,54,60,76,81,85" /><INIT seed="0,2,0,3,3,102" ten="380,220,180,220" oya="0" hai0="61,112,75,120,35,12,80,109,49,98,113,114,86" hai1="39,8,68,87,16,30,41,58,101,53,90,91,40" hai2="55,69,106,51,123,88,82,36,13,121,93,11,43" hai3="19,27,37,108,34,99,92,59,126,72,23,42,22"/><T38/><D120/><U131/><E68/><V95/><F69/><W128/><G72/><T63/><D38/><U7/><E131/><V132/><F132/><W115/><G115/><T62/><D75/><U135/><E39/><V5/><F106/><W116/><G116/><T54/><D35/><U21/><E30/><V104/><F104/><W0/><G128/><T94/><D109/><U71/><E71/><V111/><F111/><W127/><G108/><T4/><D4/><U33/><E33/><V1/><F82/><W50/><G0/><T119/><D12/><U57/><E101/><V83/><F83/><W31/><G37/><T97/><D94/><U77/><E77/><V56/><F95/><W125/><G19/><T20/><D20/><U3/><E135/><V44/><REACH who="2" step="1"/><F1/><REACH who="2" ten="380,220,170,220" step="2"/><W105/><G105/><T122/><D122/><U66/><E3/><V81/><F81/><W100/><G59/><T96/><D119/><U103/><E57/><V129/><F129/><W48/><G42/><T32/><D80/><U6/><E58/><V85/><AGARI ba="2,1" hai="5,11,13,36,43,44,51,55,56,85,88,93,121,123" machi="85" ten="20,8000,1" yaku="1,1,0,1,7,1,54,1,53,1" doraHai="102" doraHaiUra="45" who="2" fromWho="2" sc="380,-42,220,-22,170,96,220,-22" /><INIT seed="1,0,0,3,4,110" ten="338,198,266,198" oya="1" hai0="80,124,4,133,108,19,128,119,71,3,113,53,28" hai1="17,78,118,13,1,116,96,129,39,89,122,16,33" hai2="60,88,49,44,9,93,114,68,12,32,77,131,43" hai3="94,21,62,103,97,2,69,10,104,11,132,84,117"/><U15/><E122/><V42/><F32/><W115/><G115/><T18/><D80/><U67/><E1/><V95/><F114/><W99/><G132/><T87/><D87/><U26/><E39/><V63/><F131/><W20/><G117/><T106/><D28/><U52/><E129/><V48/><F77/><W83/><G10/><T90/><D90/><U130/><E130/><V35/><F35/><W59/><G69/><T61/><D53/><U98/><E78/><V47/><F68/><W66/><G11/><T112/><D61/><U7/><E7/><V107/><F107/><W0/><G0/><T111/><D4/><U27/><E67/><V30/><F30/><W85/><G2/><T56/><D56/><U46/><E33/><V45/><F45/><W65/><G65/><T29/><D29/><U102/><E46/><V50/><F50/><W101/><G84/><T105/><D3/><U73/><E73/><V92/><REACH who="2" step="1"/><F88/><AGARI ba="0,0" hai="20,21,59,62,66,83,85,88,94,97,99,101,103,104" machi="88" ten="30,2000,0" yaku="7,1,54,1" doraHai="110" who="3" fromWho="2" sc="338,0,198,0,266,-20,198,20" /><INIT seed="2,0,0,0,0,107" ten="338,198,246,218" oya="2" hai0="12,132,15,133,91,109,19,119,69,25,0,27,113" hai1="39,41,18,1,83,134,94,60,122,11,63,29,93" hai2="5,68,100,67,28,24,111,7,10,95,110,75,26" hai3="87,53,89,65,14,48,42,127,78,34,120,135,123"/><V85/><F68/><W4/><G34/><T103/><D69/><U92/><E134/><N who="0" m="51817" /><D103/><U77/><E122/><V31/><F67/><W62/><G135/><T126/><D0/><U70/><E29/><N who="2" m="11339" /><F85/><W130/><G78/><T44/><D113/><U30/><E30/><V118/><F75/><W16/><G4/><N who="2" m="1609" /><F95/><W47/><G42/><T22/><D119/><U81/><E70/><V98/><F98/><W37/><G37/><T13/><D44/><U106/><E106/><V3/><F100/><W117/><G117/><T97/><D109/><N who="2" m="41482" /><F118/><W38/><G38/><T59/><D59/><U64/><E64/><V116/><F116/><W21/><G65/><T66/><D66/><U56/><E93/><V104/><F104/><W58/><G62/><T6/><D97/><U9/><E56/><V76/><F76/><W32/><G47/><T82/><D82/><U79/><E39/><V90/><F90/><W71/><G71/><T88/><D91/><U55/><E41/><V128/><F128/><W124/><G130/><T86/><D88/><U45/><E45/><V33/><F33/><W74/><G32/><T73/><D86/><U99/><E99/><V105/><F105/><W40/><G74/><T80/><D73/><U115/><E81/><V2/><F10/><W35/><G35/><T52/><D80/><U50/><E83/><V54/><F54/><W84/><G40/><T61/><D52/><U72/><E55/><V20/><F20/><W108/><G108/><T57/><D22/><U121/><E72/><V46/><F46/><W112/><G87/><T125/><D57/><RYUUKYOKU ba="0,0" sc="338,-10,198,-10,246,30,218,-10" hai2="2,3,24,26" /><INIT seed="2,1,0,1,3,57" ten="328,188,276,208" oya="2" hai0="121,56,62,15,13,16,26,19,107,82,21,111,83" hai1="72,114,120,25,133,70,12,118,29,52,7,65,58" hai2="85,32,67,55,95,93,28,33,134,124,10,103,113" hai3="44,31,127,96,119,53,66,59,71,69,130,78,41"/><V51/><F113/><W109/><G78/><T30/><D121/><U24/><E118/><V42/><F124/><W49/><G31/><T92/><D107/><U100/><E114/><V106/><F134/><W116/><G96/><T74/><D111/><U76/><E133/><V6/><F42/><W84/><G84/><T86/><D74/><U8/><E120/><V68/><F85/><W89/><G89/><N who="0" m="53303" /><D30/><U115/><E115/><V101/><F33/><W1/><G1/><T27/><D27/><U112/><E112/><V102/><F106/><W91/><G91/><T20/><D26/><U2/><E100/><V47/><F28/><W135/><G135/><T97/><D97/><U108/><E108/><V64/><F32/><W4/><G4/><T117/><D117/><N who="3" m="45129" /><G109/><T126/><D126/><U94/><E2/><V39/><F95/><W40/><G127/><T38/><D38/><U14/><E94/><V63/><F39/><N who="3" m="21535" /><G130/><T3/><D3/><U37/><E29/><V36/><F93/><W23/><G23/><T43/><D43/><U88/><E72/><V122/><F36/><W0/><G0/><T61/><D56/><U18/><E37/><V125/><F125/><W60/><G41/><T77/><D77/><U123/><E76/><V45/><F103/><W9/><G9/><T81/><AGARI ba="1,0" hai="13,15,16,19,20,21,61,62,81,82,83" m="53303" machi="81" ten="30,7900,0" yaku="8,1,52,2,54,1" doraHai="57" who="0" fromWho="0" sc="328,82,188,-21,276,-40,208,-21" /><INIT seed="3,0,0,5,4,1" ten="410,167,236,187" oya="3" hai0="135,42,6,59,11,121,7,128,80,92,77,98,102" hai1="25,41,114,96,85,51,39,87,62,44,30,106,104" hai2="99,113,124,129,68,130,3,64,90,26,119,21,50" hai3="101,55,115,15,108,24,23,133,49,78,82,54,110"/><W9/><G115/><T48/><D121/><U118/><E114/><V72/><F3/><W53/><G101/><T89/><D128/><N who="2" m="49258" /><F113/><W27/><G133/><T111/><D111/><N who="3" m="42537" /><G23/><T33/><D33/><U20/><E118/><V69/><F119/><W71/><G49/><T120/><D135/><U125/><E125/><V10/><F124/><W57/><G57/><T105/><D11/><U17/><E62/><V46/><F72/><N who="3" m="43335" /><G71/><T38/><D120/><U56/><E30/><N who="2" m="17743" /><F64/><W40/><G40/><T0/><D38/><U35/><E35/><V131/><F131/><W31/><G31/><T52/><D42/><U36/><E36/><V43/><F10/><W79/><G79/><T18/><D0/><U132/><E132/><V109/><F109/><W65/><G65/><T88/><D89/><U61/><E39/><V32/><F32/><W122/><G122/><T86/><REACH who="0" step="1"/><D18/><AGARI ba="0,0" hai="9,15,18,24,27,53,54,55" m="43335,42537" machi="18" ten="30,2900,0" yaku="14,1,10,1" doraHai="1" who="3" fromWho="0" sc="410,-29,167,0,236,0,187,29" /><INIT seed="3,1,0,1,1,120" ten="381,167,236,216" oya="3" hai0="3,121,9,18,29,123,131,25,69,135,71,100,13" hai1="91,2,26,59,45,105,55,73,79,31,58,68,106" hai2="49,46,88,17,110,19,16,15,133,76,129,8,98" hai3="74,115,127,95,117,61,119,116,70,101,12,125,63"/><W38/><G74/><T109/><D100/><U43/><E68/><V7/><F129/><W122/><G38/><T14/><D131/><U90/><E2/><V22/><F133/><W97/><G122/><T5/><D135/><U126/><E126/><N who="3" m="48138" /><G115/><T103/><D103/><U128/><E128/><V80/><F110/><W82/><G70/><T44/><D44/><U1/><E1/><V112/><F112/><W107/><G82/><T11/><D109/><U34/><E79/><V10/><F10/><W47/><G47/><T42/><D42/><U20/><E73/><V132/><F132/><W81/><G81/><T28/><D69/><U84/><E34/><V134/><F134/><W108/><G108/><T96/><D71/><U0/><E0/><V35/><F35/><W56/><G12/><N who="0" m="7455" /><D96/><U41/><E41/><V4/><F76/><W118/><N who="3" m="29696" /><DORA hai="124" /><W83/><G83/><T94/><D121/><U53/><E43/><V51/><F46/><W113/><G113/><T52/><D123/><U39/><E45/><V48/><F98/><N who="3" m="61879" /><G56/><T50/><D3/><U30/><E39/><V85/><REACH who="2" step="1"/><F7/><REACH who="2" ten="381,167,226,216" step="2"/><W40/><G40/><T87/><D5/><U36/><E36/><V75/><F75/><W86/><G86/><T57/><D9/><U66/><E84/><V102/><F102/><AGARI ba="1,1" hai="61,63,95,97,102" m="61879,29696,48138" machi="102" ten="60,2900,0" yaku="18,1" doraHai="120,124" who="3" fromWho="2" sc="381,0,167,0,226,-32,216,42" /><INIT seed="3,2,0,4,0,132" ten="381,167,194,258" oya="3" hai0="109,131,116,68,29,125,133,28,110,50,120,98,118" hai1="6,33,92,12,84,81,32,100,76,80,36,11,47" hai2="91,72,104,96,51,15,26,0,88,8,135,2,78" hai3="119,95,59,35,48,40,117,18,103,65,114,27,13"/><W46/><G114/><T21/><D68/><U123/><E123/><V42/><F135/><W10/><G35/><T30/><D133/><U107/><E107/><V121/><F121/><W41/><G41/><T99/><D120/><U16/><E36/><V112/><F112/><W73/><G73/><T126/><D50/><U24/><E47/><V63/><F63/><W124/><G124/><N who="0" m="47723" /><D131/><U1/><E24/><V67/><F26/><W106/><G27/><T56/><D56/><U94/><E100/><V134/><F42/><W79/><G106/><T7/><D7/><U34/><REACH who="1" step="1"/><E81/><REACH who="1" ten="381,157,194,258" step="2"/><V49/><F104/><W102/><G102/><T20/><D99/><U64/><E64/><V113/><F67/><W17/><G65/><T70/><D98/><U87/><E87/><V97/><F96/><W89/><G103/><T4/><D70/><U127/><E127/><V52/><F97/><W9/><G46/><T130/><D130/><U55/><E55/><V90/><F52/><W128/><G128/><T115/><D115/><U45/><E45/><V105/><F134/><W57/><G119/><N who="0" m="45611" /><D4/><U69/><E69/><V3/><F113/><W122/><G117/><T14/><D14/><U75/><E75/><V44/><F44/><W83/><G13/><T43/><D43/><U129/><E129/><V62/><F15/><W31/><G122/><T85/><D85/><U19/><E19/><V82/><F105/><W74/><G74/><T5/><D5/><U39/><E39/><V22/><F72/><W53/><G40/><T61/><D30/><U23/><AGARI ba="2,1" hai="1,6,11,12,16,23,32,33,34,76,80,84,92,94" machi="23" ten="30,4000,0" yaku="1,1,0,1,54,1,53,0" doraHai="132" doraHaiUra="93" who="1" fromWho="1" sc="381,-12,157,56,194,-12,258,-22" /><INIT seed="4,0,0,3,1,54" ten="369,213,182,236" oya="0" hai0="116,61,62,40,58,43,75,63,7,108,1,94,117" hai1="20,4,118,65,99,88,113,128,129,104,8,83,114" hai2="10,68,93,103,38,18,14,71,76,121,48,86,26" hai3="89,77,57,135,16,25,98,134,127,13,85,6,69"/><T107/><D107/><U95/><E118/><V123/><F38/><W17/><G69/><T73/><D1/><U106/><E65/><V132/><F132/><N who="3" m="50731" /><G127/><T66/><D7/><U28/><E28/><V47/><F68/><W79/><G98/><T12/><D12/><N who="1" m="5127" /><E20/><V70/><F71/><W131/><G131/><N who="1" m="50250" /><E83/><V102/><F70/><W80/><G6/><T82/><D116/><U72/><E72/><V112/><F112/><AGARI ba="0,0" hai="88,95,99,104,106,112,113,114" m="50250,5127" machi="112" ten="30,7700,0" yaku="15,1,11,1,19,1,54,1" doraHai="54" who="1" fromWho="2" sc="369,0,213,77,182,-77,236,0" /><INIT seed="5,0,0,0,4,82" ten="369,290,105,236" oya="1" hai0="73,98,18,29,104,13,92,47,103,79,113,62,69" hai1="58,3,95,108,43,51,84,102,8,101,80,10,57" hai2="59,87,12,119,105,64,7,68,85,20,65,6,33" hai3="116,40,120,91,48,117,35,26,24,124,130,39,34"/><U55/><E108/><V89/><F105/><W17/><G39/><T118/><D113/><U97/><E43/><V16/><F33/><N who="3" m="12299" /><G120/><T67/><D118/><N who="3" m="45673" /><G130/><T70/><D29/><U37/><E37/><V63/><F119/><W23/><G91/><T78/><D69/><U86/><E3/><V114/><F114/><W112/><G112/><T90/><D47/><U129/><E129/><V127/><F127/><W60/><G60/><T15/><D15/><U42/><E42/><V128/><F128/><W41/><G124/><T109/><D109/><U19/><E102/><V11/><F68/><W100/><G100/><T49/><D49/><U72/><E72/><V44/><F89/><W75/><G75/><T31/><D73/><U122/><E122/><V53/><F6/><W135/><G135/><T52/><D31/><U56/><E80/><V30/><F30/><W99/><G99/><T115/><D115/><U45/><E8/><V66/><REACH who="2" step="1"/><F44/><REACH who="2" ten="369,290,95,236" step="2"/><W36/><G36/><T61/><D70/><U74/><E74/><V133/><F133/><W94/><G41/><T126/><D104/><U131/><E131/><V14/><AGARI ba="0,1" hai="7,11,12,14,16,20,53,59,63,64,65,66,85,87" machi="14" ten="30,12000,2" yaku="1,1,0,1,8,1,52,2,54,1,53,1" doraHai="82" doraHaiUra="54" who="2" fromWho="2" sc="369,-30,290,-60,95,130,236,-30" /><INIT seed="6,0,0,5,5,111" ten="339,230,225,206" oya="2" hai0="63,84,130,67,57,103,58,56,96,124,95,68,75" hai1="109,86,113,90,21,72,25,31,121,27,101,50,51" hai2="98,133,132,13,106,8,104,76,52,49,127,0,3" hai3="83,123,74,32,108,30,60,5,20,102,47,81,100"/><V99/><F76/><W79/><G32/><T122/><D122/><U128/><E109/><V4/><F127/><W70/><G108/><T73/><D124/><U110/><E110/><V41/><F41/><W78/><G123/><T120/><D120/><U71/><E72/><V91/><F91/><W45/><G5/><T28/><D130/><U34/><E71/><V38/><F38/><W19/><G30/><T2/><D2/><U77/><E121/><V40/><F40/><W93/><G60/><T87/><D28/><U116/><E116/><V29/><F29/><W39/><G70/><T134/><D134/><N who="2" m="51818" /><F99/><W9/><G9/><T85/><AGARI ba="0,0" hai="56,57,58,63,67,68,73,75,84,85,87,95,96,103" machi="85" ten="30,1100,0" yaku="0,1" doraHai="111" who="0" fromWho="0" sc="339,11,230,-3,225,-5,206,-3" /><INIT seed="7,0,0,0,4,132" ten="350,227,220,203" oya="3" hai0="59,84,54,86,89,135,104,77,75,124,53,13,18" hai1="94,66,52,130,92,96,11,37,101,3,82,90,35" hai2="62,93,21,64,9,49,81,74,45,128,28,99,57" hai3="87,47,107,41,114,12,27,70,17,105,48,103,76"/><W78/><G70/><T79/><D124/><U123/><E37/><V85/><F9/><W34/><G114/><T36/><D36/><U112/><E35/><V111/><F74/><W20/><G105/><T80/><D104/><U56/><E123/><V7/><F7/><W97/><G34/><T102/><D102/><U58/><E112/><V16/><F28/><W30/><REACH who="3" step="1"/><G87/><REACH who="3" ten="350,227,220,193" step="2"/><N who="0" m="50407" /><D135/><U131/><E131/><V2/><F128/><W25/><G25/><T44/><D75/><U42/><E130/><V4/><F111/><W125/><G125/><T98/><D84/><U29/><E96/><V73/><F73/><W120/><G120/><T71/><D71/><U10/><E3/><V108/><F108/><W110/><G110/><T6/><D98/><U106/><E106/><V39/><F2/><W50/><G50/><N who="0" m="28871" /><D86/><U119/><E119/><V116/><F116/><W19/><G19/><T61/><D6/><U1/><E1/><V24/><F4/><W33/><AGARI ba="0,1" hai="12,17,20,27,30,33,41,47,48,76,78,97,103,107" machi="33" ten="20,3900,0" yaku="1,1,0,1,7,1,53,0" doraHai="132" doraHaiUra="121" who="3" fromWho="3" sc="350,-13,227,-13,220,-13,193,49" /><INIT seed="7,1,0,3,0,59" ten="337,214,207,242" oya="3" hai0="106,37,101,120,66,98,41,62,28,23,45,61,9" hai1="76,114,92,1,51,48,24,35,4,82,110,65,122" hai2="118,99,54,127,18,63,83,129,96,112,88,133,128" hai3="5,30,81,134,36,33,93,89,79,42,85,19,8"/><W71/><G71/><T16/><D120/><U80/><E110/><V117/><F112/><W107/><G107/><T22/><D66/><U56/><E122/><V47/><F127/><W55/><G33/><T126/><D126/><U32/><E114/><V87/><F18/><W2/><G30/><T49/><D37/><U113/><E113/><V94/><F133/><W69/><G69/><T70/><D70/><U125/><E125/><V86/><F47/><N who="3" m="24007" /><G19/><T7/><D28/><U58/><E92/><V77/><F54/><W6/><G6/><T13/><D23/><U115/><E115/><V72/><F63/><W64/><G55/><T132/><D132/><U84/><E65/><V3/><F3/><AGARI ba="1,0" hai="3,7,9,13,16,22,41,45,49,61,62,98,101,106" machi="3" ten="30,7700,0" yaku="7,1,52,2,54,1" doraHai="59" who="0" fromWho="2" sc="337,80,214,0,207,-80,242,0" owari="417,52.0,214,-19.0,127,-37.0,242,4.0" /></mjloggm>