<mjloggm ver="2.3"><GO type="169" lobby="0"/><UN n0="%E4%BA%BA%E9%B3%A5%E4%BE%8D%E6%A5%B5" n1="%E8%88%AC%E5%8D%93%E6%B0%91%E3%81%AE%E6%9C%9D%E3%81%AF%E6%97%A9%E3%81%84" n2="%E3%82%A6%E3%83%AB%E3%83%88%E3%83%A9%E7%AB%8B%E7%9B%B4" n3="%E3%81%82%E3%81%B2%E3%82%8B%E3%81%95%E3%82%93" dan="17,16,17,16" rate="2174.86,2029.18,2123.89,2065.84" sx="M,M,M,M"/><TAIKYOKU oya="0"/><INIT seed="0,0,0,2,1,71" ten="250,250,250,250" oya="0" hai0="110,124,39,81,60,14,55,131,86,25,107,125,35" hai1="106,121,72,96,8,126,100,114,49,59,112,5,7" hai2="89,58,36,13,120,0,17,118,80,57,108,90,63" hai3="101,26,24,70,12,51,46,130,85,88,41,52,64"/><T2/><D107/><U6/><E121/><V3/><F120/><W29/><G130/><T27/><D2/><U103/><E126/><N who="0" m="48745" /><D131/><U22/><E72/><V74/><F108/><W77/><G101/><T105/><D105/><U37/><E37/><V15/><F36/><W82/><G70/><T119/><D119/><U111/><E100/><V132/><F74/><W56/><G64/><T68/><D110/><U67/><E111/><V11/><F132/><W44/><G44/><T65/><D35/><U28/><E8/><V102/><F118/><W104/><G104/><T133/><D133/><U79/><E79/><V113/><F113/><W33/><G24/><N who="0" m="9291" /><D55/><U23/><E28/><V50/><F102/><W91/><REACH who="3" step="1"/><G12/><REACH who="3" ten="250,250,250,240" step="2"/><T128/><D14/><U53/><E67/><V62/><F15/><W30/><G30/><T18/><D128/><U4/><N who="1" m="1536" /><DORA hai="34" /><U40/><REACH who="1" step="1"/><E40/><REACH who="1" ten="250,240,250,240" step="2"/><V48/><F3/><W117/><G117/><T92/><D65/><U42/><E42/><V47/><F0/><W109/><G109/><T61/><D68/><U16/><E16/><V93/><F17/><W116/><G116/><T135/><D18/><U122/><E122/><V21/><F11/><W75/><G75/><T20/><D135/><U134/><E134/><V123/><F123/><W94/><G94/><T54/><D92/><U95/><E95/><V38/><F93/><W99/><G99/><T84/><D81/><U66/><E66/><V87/><F80/><W98/><G98/><T69/><D69/><U78/><E78/><V83/><F83/><W19/><G19/><T73/><D73/><RYUUKYOKU ba="0,2" sc="250,-15,240,15,250,-15,240,15" hai1="22,23,49,53,59,96,103,106,112,114" hai3="26,29,33,41,46,51,52,56,77,82,85,88,91" /><INIT seed="1,1,2,2,2,92" ten="235,255,235,255" oya="1" hai0="10,115,68,127,93,78,109,63,24,5,21,45,130" hai1="128,104,97,74,9,73,126,28,129,119,77,60,72" hai2="94,98,103,83,2,90,84,30,132,16,1,87,36" hai3="80,40,112,33,131,7,86,91,47,37,11,71,39"/><U121/><E119/><V110/><F110/><W43/><G33/><T58/><D115/><U95/><E121/><V67/><F132/><W81/><G71/><T134/><D109/><U123/><E123/><V55/><F36/><W35/><G35/><T135/><D68/><U29/><E126/><V66/><F30/><N who="1" m="11881" /><E104/><V26/><F55/><W42/><G112/><T114/><D114/><U52/><E9/><V0/><REACH who="2" step="1"/><F84/><REACH who="2" ten="235,255,225,255" step="2"/><W15/><G39/><T46/><D135/><U105/><E52/><V96/><F96/><W20/><G37/><T18/><D134/><U25/><E72/><V59/><F59/><W79/><G86/><T76/><D127/><U27/><E73/><V62/><F62/><W85/><G85/><T41/><D63/><U111/><E111/><V48/><F48/><W31/><G31/><T117/><D58/><U50/><E50/><V70/><F70/><W13/><G42/><T12/><D41/><U3/><E60/><V99/><F99/><W49/><G43/><T56/><D56/><U65/><E74/><V64/><F64/><W108/><G108/><T57/><D57/><U82/><E65/><V88/><F88/><W69/><G69/><T120/><D120/><U101/><E97/><V89/><F89/><W32/><G91/><T6/><D117/><U53/><E53/><V34/><F34/><W8/><G32/><T125/><D125/><U14/><E101/><V22/><AGARI ba="1,3" hai="0,1,2,16,22,26,66,67,83,87,90,94,98,103" machi="22" ten="40,8000,1" yaku="1,1,0,1,52,1,54,1,53,0" doraHai="92" doraHaiUra="133" who="2" fromWho="2" sc="235,-21,255,-41,225,113,255,-21" /><INIT seed="2,0,0,1,3,18" ten="214,214,338,234" oya="2" hai0="41,29,5,30,78,27,129,94,79,38,89,96,45" hai1="17,63,97,132,42,16,60,121,73,67,88,66,62" hai2="26,7,133,46,135,21,59,120,111,80,64,122,82" hai3="115,51,126,9,77,12,58,65,34,117,108,52,36"/><V123/><F7/><W102/><G117/><T61/><D129/><U31/><E132/><N who="2" m="50763" /><F46/><W2/><G36/><T116/><D116/><U56/><E73/><V43/><F43/><W81/><G34/><T24/><D5/><U11/><E121/><V53/><F64/><N who="1" m="24617" /><E42/><V92/><F92/><W134/><G108/><T6/><D6/><U15/><E31/><N who="2" m="17871" /><F111/><W72/><G126/><T112/><D112/><U85/><E97/><V1/><F1/><W131/><G131/><T101/><D61/><AGARI ba="0,0" hai="53,59,61,80,82,120,122,123" m="17871,50763" machi="61" ten="40,3900,0" yaku="20,1,52,1" doraHai="18" who="2" fromWho="0" sc="214,-39,214,0,338,39,234,0" /><INIT seed="2,1,0,1,4,112" ten="175,214,377,234" oya="2" hai0="132,89,87,36,57,82,133,102,103,94,67,37,134" hai1="91,83,6,124,43,66,22,69,4,33,29,104,61" hai2="16,3,85,54,27,95,80,17,24,98,12,123,116" hai3="59,8,42,128,14,84,106,73,18,30,45,110,44"/><V108/><F3/><W117/><G73/><T109/><D109/><U121/><E124/><V20/><F123/><W131/><G106/><T78/><D67/><U9/><E104/><V65/><F108/><W92/><G30/><T122/><D57/><U62/><E121/><V56/><F116/><W40/><G110/><T88/><D36/><U11/><E33/><V118/><F118/><W101/><G117/><T7/><D7/><U28/><E43/><V47/><F47/><W1/><G1/><T46/><D46/><U10/><E69/><V75/><F75/><W19/><G59/><T60/><D60/><N who="1" m="23147" /><E66/><V26/><F65/><W130/><G44/><T100/><D37/><U74/><E74/><V119/><F119/><W72/><G72/><T76/><D122/><U81/><E22/><V64/><F64/><W127/><G127/><T13/><D13/><U25/><E25/><V115/><F115/><W97/><G45/><T55/><D55/><U50/><E50/><V31/><F54/><W39/><G39/><T52/><D52/><U77/><E77/><N who="2" m="46223" /><F31/><N who="1" m="11849" /><E91/><N who="2" m="55679" /><F56/><W21/><REACH who="3" step="1"/><G84/><AGARI ba="1,0" hai="76,78,82,84,87,88,89,94,100,102,103,132,133,134" machi="84" ten="50,8000,1" yaku="20,1,34,3,54,1" doraHai="112" who="0" fromWho="3" sc="175,83,214,0,377,0,234,-83" /><INIT seed="3,0,0,0,5,38" ten="258,214,377,151" oya="3" hai0="126,125,108,3,22,34,42,88,114,43,54,39,11" hai1="31,117,78,102,60,50,104,95,128,2,83,90,4" hai2="49,118,74,76,65,57,35,1,81,109,20,120,12" hai3="68,44,99,45,47,25,37,46,70,84,103,15,115"/><W28/><G115/><T17/><D34/><U67/><E128/><V48/><F118/><W77/><G15/><N who="0" m="7423" /><D39/><U6/><E117/><V52/><F1/><W86/><G70/><T132/><D114/><U130/><E130/><V62/><F35/><W27/><G68/><T133/><D3/><U58/><E104/><V100/><F109/><W106/><G25/><T23/><D108/><U122/><E102/><V64/><F120/><W24/><G27/><T131/><D54/><U16/><E31/><V71/><F100/><W5/><G5/><T73/><D73/><U87/><E122/><V119/><F119/><W53/><G77/><T105/><D105/><U124/><E124/><N who="0" m="47721" /><D131/><U135/><E135/><N who="0" m="51785" /><D88/><U110/><E110/><V56/><F76/><W97/><G99/><T111/><D111/><U36/><E36/><V96/><F96/><W82/><G82/><T123/><D123/><U66/><E2/><V107/><F81/><W98/><G97/><T92/><D92/><U41/><E95/><V75/><F74/><W21/><REACH who="3" step="1"/><G53/><REACH who="3" ten="258,214,377,141" step="2"/><T0/><D0/><U33/><E78/><V9/><F71/><W26/><G26/><T13/><D13/><U94/><E83/><V80/><F52/><W93/><G93/><T14/><D14/><U89/><E4/><V8/><F80/><W134/><G134/><T113/><D113/><U121/><E6/><V29/><F12/><W59/><G59/><T116/><D116/><U18/><E58/><V69/><F57/><W51/><G51/><T40/><AGARI ba="0,1" hai="22,23,40,42,43" m="51785,47721,7423" machi="40" ten="40,8000,1" yaku="18,1,20,1,52,3" doraHai="38" who="0" fromWho="0" sc="258,90,214,-20,377,-20,141,-40" /><INIT seed="4,0,0,4,5,17" ten="348,194,357,101" oya="0" hai0="58,40,102,50,38,128,5,108,42,96,112,55,86" hai1="104,119,111,106,30,126,28,37,117,79,99,60,2" hai2="116,77,52,24,125,76,51,33,82,103,26,74,54" hai3="44,133,25,31,16,78,83,72,66,47,69,48,65"/><T120/><D120/><U70/><E111/><V130/><F125/><W84/><G133/><T68/><D108/><U19/><E126/><V75/><F130/><W45/><G72/><T62/><D128/><U32/><E79/><V15/><F116/><W95/><G95/><T11/><D86/><U80/><E80/><V129/><F129/><W71/><G31/><T39/><D112/><U107/><E19/><V94/><F15/><W57/><G71/><T46/><D42/><U109/><E109/><V13/><F13/><W49/><G69/><T122/><D122/><U43/><E28/><V88/><F103/><W21/><G48/><T85/><D85/><U23/><E2/><V124/><F33/><W12/><REACH who="3" step="1"/><G25/><REACH who="3" ten="348,194,357,91" step="2"/><T105/><REACH who="0" step="1"/><D68/><REACH who="0" ten="338,194,357,91" step="2"/><U73/><E70/><V4/><F124/><W97/><G97/><T93/><D93/><U14/><E99/><V123/><F94/><W81/><G81/><T114/><D114/><U110/><E110/><V1/><F82/><W113/><G113/><T90/><D90/><U127/><E127/><V101/><F88/><W29/><G29/><T67/><D67/><U98/><E98/><V92/><F92/><W115/><G115/><T9/><D9/><U59/><E30/><V134/><F75/><W63/><G63/><T36/><D36/><U41/><E37/><V20/><F74/><W121/><G121/><T64/><D64/><N who="1" m="38943" /><E73/><V10/><F10/><W132/><G132/><T56/><D56/><U53/><E107/><V118/><F134/><W6/><G6/><T34/><D34/><U100/><E32/><V8/><F123/><RYUUKYOKU ba="0,2" sc="338,15,194,-15,357,-15,91,15" hai0="5,11,38,39,40,46,50,55,58,62,96,102,105" hai3="12,16,21,44,45,47,49,57,65,66,78,83,84" /><INIT seed="4,1,2,0,3,96" ten="353,179,342,106" oya="0" hai0="41,104,52,113,48,110,112,129,91,47,55,46,92" hai1="79,37,109,26,108,69,8,7,64,84,15,71,66" hai2="63,36,103,124,111,44,90,65,74,35,128,115,1" hai3="57,70,51,131,130,42,97,0,133,24,88,34,86"/><T101/><D110/><U27/><E37/><V114/><F111/><W120/><G70/><T106/><D129/><U2/><E69/><V11/><F35/><W50/><G0/><T29/><D29/><U6/><E6/><N who="2" m="1487" /><F90/><W125/><G133/><T134/><D134/><U82/><E2/><V38/><F74/><W22/><G34/><T19/><D19/><U30/><E66/><V95/><F44/><W127/><G120/><T13/><D13/><U77/><E27/><V121/><F121/><W75/><G75/><T3/><D3/><U17/><E7/><V93/><F124/><N who="3" m="47691" /><G42/><T122/><D122/><U102/><E79/><V4/><F4/><W20/><G20/><T12/><D12/><U81/><E81/><V118/><F128/><N who="3" m="49195" /><G57/><T116/><D116/><U73/><E73/><V21/><F21/><W39/><G39/><T54/><D47/><U33/><E108/><V68/><F38/><W80/><G97/><T58/><D58/><U67/><E109/><V105/><F36/><W56/><G56/><T23/><D23/><U100/><E71/><V76/><F118/><W9/><G9/><T119/><D119/><U135/><E135/><V89/><F68/><W62/><G62/><T60/><D60/><U53/><E67/><V85/><F63/><W87/><G86/><N who="0" m="52343" /><D41/><U28/><E64/><V31/><F65/><W99/><G99/><N who="0" m="61503" /><D46/><U78/><E33/><V32/><F32/><W98/><G98/><T45/><D45/><U25/><E30/><AGARI ba="1,2" hai="22,24,30,50,51,80,87,88" m="49195,47691" machi="30" ten="30,3900,0" yaku="18,1,19,1,54,1" doraHai="96" who="3" fromWho="1" sc="353,0,179,-42,342,0,106,62" /><INIT seed="5,0,0,1,4,122" ten="353,137,342,168" oya="1" hai0="98,64,21,103,6,55,76,59,30,129,41,57,92" hai1="49,51,44,19,96,100,85,102,32,105,99,135,74" hai2="22,95,84,23,81,52,128,130,132,47,2,24,68" hai3="134,79,131,106,70,36,10,61,50,75,101,35,43"/><U72/><E135/><V121/><F68/><W88/><G35/><T65/><D129/><N who="2" m="49770" /><F2/><W62/><G36/><T119/><D119/><U25/><E85/><V3/><F3/><W118/><G131/><T112/><D41/><U45/><E32/><V107/><F107/><W83/><G134/><T33/><D33/><U126/><E126/><V18/><F121/><W16/><G118/><T40/><D40/><U91/><E91/><V117/><F117/><W97/><G70/><T37/><D76/><U93/><E25/><V71/><F71/><W111/><G111/><T42/><D6/><U29/><E29/><V127/><F127/><W104/><G106/><T48/><D59/><U125/><E19/><V8/><F95/><W38/><G38/><T120/><D120/><U73/><E125/><V46/><F8/><W77/><G79/><T9/><D9/><U133/><E133/><V80/><F23/><W31/><G31/><T90/><D21/><U94/><REACH who="1" step="1"/><E105/><REACH who="1" ten="353,127,342,168" step="2"/><V34/><F84/><W5/><G88/><T17/><D30/><U113/><E113/><V67/><F18/><W123/><G16/><T39/><D112/><U110/><E110/><V60/><F24/><W63/><G123/><T114/><D114/><U14/><E14/><V26/><F26/><W115/><G115/><T116/><D17/><U109/><E109/><V56/><F34/><W86/><G86/><T66/><D116/><U15/><E15/><V7/><F132/><W124/><G124/><T27/><D90/><U87/><E87/><V11/><F22/><W54/><G10/><T1/><D27/><RYUUKYOKU ba="0,1" sc="353,-10,127,30,342,-10,168,-10" hai1="44,45,49,51,72,73,74,93,94,96,99,100,102" /><INIT seed="5,1,1,2,5,67" ten="343,157,332,158" oya="1" hai0="97,70,79,112,65,55,11,53,122,115,60,21,6" hai1="16,71,26,94,129,130,98,120,83,75,57,125,69" hai2="48,41,3,96,40,7,121,92,117,44,30,22,101" hai3="61,27,133,36,28,35,9,5,15,103,128,33,42"/><U116/><E116/><V56/><F121/><W102/><G35/><T66/><D122/><U24/><E120/><V10/><F117/><W104/><G133/><T38/><D38/><U4/><E4/><V114/><F114/><N who="0" m="43562" /><D66/><U74/><E125/><V105/><F56/><W82/><G128/><N who="1" m="49258" /><E57/><V25/><F105/><W49/><G36/><T39/><D39/><U29/><E16/><V14/><F3/><W45/><G104/><T46/><D46/><U68/><E83/><V2/><F2/><W1/><G61/><T37/><D37/><U124/><E124/><V106/><F106/><W100/><G100/><T87/><D21/><N who="1" m="15503" /><E26/><V78/><F78/><W95/><G1/><N who="0" m="463" /><D97/><U63/><E63/><V58/><F58/><W81/><G95/><T54/><D54/><AGARI ba="1,1" hai="7,10,14,22,25,30,40,41,44,48,54,92,96,101" machi="54" ten="30,2000,0" yaku="7,1,8,1" doraHai="67" who="2" fromWho="0" sc="343,-23,157,0,332,33,158,0" /><INIT seed="6,0,0,5,2,71" ten="320,157,365,158" oya="2" hai0="106,6,86,56,14,48,47,110,87,78,12,69,21" hai1="24,26,101,90,16,4,93,20,23,67,133,77,11" hai2="25,30,10,62,32,31,45,2,70,119,42,9,125" hai3="66,38,112,118,122,15,1,54,22,114,91,52,95"/><V79/><F119/><W103/><G122/><T131/><D69/><U123/><E123/><V61/><F125/><W96/><G1/><T68/><D68/><U88/><E133/><V99/><F31/><W130/><G66/><T97/><D110/><U109/><E109/><V108/><F108/><W57/><G130/><T44/><D131/><U102/><E77/><V40/><F40/><W36/><G118/><T94/><D106/><U43/><E43/><V128/><F128/><W92/><G54/><N who="0" m="31815" /><D6/><U135/><E135/><V120/><F120/><W115/><G15/><N who="0" m="5675" /><D21/><U100/><E67/><V134/><F10/><W7/><G7/><T35/><D35/><U113/><E113/><V58/><F9/><W83/><G22/><T75/><D75/><U46/><E46/><N who="0" m="17449" /><D78/><U121/><E121/><V18/><F2/><W132/><G132/><T49/><D49/><U82/><E4/><V74/><F70/><W19/><G19/><T80/><D80/><U111/><E111/><V28/><F18/><W65/><G83/><T124/><D124/><U116/><E116/><V17/><F17/><W129/><G129/><T98/><D98/><N who="1" m="57639" /><E11/><V55/><F99/><N who="3" m="57759" /><G65/><T33/><D33/><U39/><E39/><N who="2" m="21727" /><F134/><W63/><AGARI ba="0,0" hai="36,38,52,57,63,95,96,103,112,114,115" m="57759" machi="63" ten="30,8000,1" yaku="15,1,11,1,52,2,54,1" doraHai="71" who="3" fromWho="3" sc="320,-20,157,-20,365,-40,158,80" /><INIT seed="7,0,0,4,2,39" ten="300,137,325,238" oya="3" hai0="79,94,28,82,22,85,54,84,51,30,131,3,126" hai1="91,83,42,135,59,4,124,77,121,38,92,18,123" hai2="49,65,111,10,113,110,45,17,117,16,78,31,60" hai3="32,81,58,120,46,114,80,61,21,99,6,76,26"/><W93/><G32/><T103/><D3/><U130/><E130/><V62/><F117/><W125/><G120/><T95/><D131/><U96/><E124/><V107/><F107/><W48/><G114/><T64/><D64/><U55/><E135/><V101/><F101/><W25/><G6/><T90/><D126/><U7/><E121/><V36/><F36/><W98/><G26/><T1/><D1/><U43/><E123/><V5/><F31/><W13/><G13/><T40/><D22/><U56/><E38/><V106/><F106/><W50/><G50/><T57/><D40/><N who="1" m="15403" /><E18/><V72/><F17/><W102/><G99/><AGARI ba="0,0" hai="28,30,51,54,57,79,82,84,85,90,94,95,99,103" machi="99" ten="40,1300,0" yaku="8,1" doraHai="39" who="0" fromWho="3" sc="300,13,137,0,325,0,238,-13" owari="313,11.0,137,-36.0,325,42.0,225,-17.0" /></mjloggm>