<mjloggm ver="2.3"><GO type="41" lobby="0"/><UN n0="%E5%B0%B1%E6%B4%BB%E7%94%9F%40%E5%B7%9D%E6%9D%91%E8%BB%8D%E5%9B%A3" n1="%69%73%61%6D%31%39%34%35" n2="%E3%82%AD%E3%83%83%E3%83%9D" n3="%4E%59%2D%54%69%6D%65%73" dan="14,15,14,13" rate="1935.33,1988.66,2001.18,1866.07" sx="M,M,M,M"/><TAIKYOKU oya="0"/><INIT seed="0,0,0,2,1,70" ten="250,250,250,250" oya="0" hai0="35,110,51,109,95,86,80,37,116,83,107,71,46" hai1="61,124,67,64,72,49,47,127,105,100,12,24,13" hai2="18,84,40,77,98,131,122,115,14,62,57,33,30" hai3="56,73,31,3,93,27,89,135,45,34,2,120,81"/><T54/><D107/><U108/><E72/><V6/><F115/><W25/><G120/><T29/><D71/><U118/><E100/><V91/><F122/><W90/><G135/><T96/><D116/><U97/><E97/><V65/><F131/><W76/><G56/><T94/><D35/><U38/><E105/><V132/><F132/><W74/><G74/><T104/><D29/><U50/><E24/><V20/><F6/><W53/><G27/><T5/><D5/><U125/><E118/><V28/><F33/><W130/><G130/><T48/><D104/><U26/><E26/><V42/><F77/><W60/><G89/><N who="0" m="53559" /><D48/><N who="1" m="18539" /><E108/><N who="0" m="41577" /><D37/><U79/><E79/><V7/><F7/><W99/><G45/><T119/><D119/><U87/><E87/><V36/><F36/><W82/><G82/><T128/><D128/><U111/><E111/><V4/><F4/><W32/><G32/><T114/><D114/><U134/><E134/><V133/><F133/><W103/><G90/><AGARI ba="0,0" hai="46,51,54,80,83,90,95,96" m="41577,53559" machi="90" ten="30,2900,0" yaku="14,1,10,1" doraHai="70" who="0" fromWho="3" sc="250,29,250,0,250,0,250,-29" /><INIT seed="0,1,0,1,3,106" ten="279,250,250,221" oya="0" hai0="97,39,74,22,11,38,2,135,133,35,121,66,15" hai1="73,87,65,54,45,83,79,40,8,43,36,77,82" hai2="115,93,108,13,111,64,76,30,126,104,116,86,25" hai3="84,118,128,48,88,127,112,42,62,53,59,113,5"/><T114/><D35/><U101/><E43/><V37/><F37/><W10/><G118/><T130/><D121/><U46/><E65/><V34/><F115/><W1/><G128/><T132/><D114/><U17/><E101/><V100/><F116/><W67/><G42/><T80/><D130/><U50/><E17/><V120/><F120/><W99/><G99/><T16/><D66/><U23/><E23/><V51/><F126/><W124/><G127/><T7/><D97/><U94/><E94/><V122/><F122/><W24/><G24/><T33/><D33/><U58/><REACH who="1" step="1"/><E46/><REACH who="1" ten="279,240,250,221" step="2"/><V75/><F64/><W96/><G124/><T60/><D60/><U9/><AGARI ba="1,1" hai="8,9,36,40,45,50,54,58,73,77,79,82,83,87" machi="9" ten="30,7900,0" yaku="1,1,2,1,0,1,52,1,53,0" doraHai="106" doraHaiUra="117" who="1" fromWho="1" sc="279,-40,240,92,250,-21,221,-21" /><INIT seed="1,0,0,1,2,45" ten="239,332,229,200" oya="1" hai0="132,82,25,91,103,58,129,105,33,41,97,43,99" hai1="51,95,14,78,39,67,112,75,135,36,17,60,32" hai2="50,81,22,106,24,93,13,104,62,59,77,76,47" hai3="57,12,4,133,0,37,34,11,71,2,53,30,66"/><U23/><E32/><V16/><F106/><W72/><G72/><T96/><D129/><U56/><E112/><V7/><F104/><W19/><G37/><T127/><D127/><U109/><E135/><V92/><F7/><W74/><G74/><T86/><D132/><U48/><E109/><V31/><F77/><W122/><G122/><T90/><D58/><U98/><E39/><V68/><F68/><W63/><G133/><T107/><D33/><U128/><E36/><V101/><F101/><W55/><G55/><T35/><D35/><U28/><E28/><V85/><F31/><W134/><G134/><T42/><D103/><N who="1" m="60895" /><E75/><V83/><F83/><W20/><G30/><T87/><REACH who="0" step="1"/><D25/><REACH who="0" ten="229,332,229,200" step="2"/><U18/><E128/><V54/><REACH who="2" step="1"/><F24/><REACH who="2" ten="229,332,219,200" step="2"/><W121/><G121/><T123/><D123/><U70/><E70/><V94/><F94/><AGARI ba="0,2" hai="41,42,43,82,86,87,90,91,94,96,97,99,105,107" machi="94" ten="40,5200,0" yaku="1,1,53,2" doraHai="45" doraHaiUra="102" who="0" fromWho="2" sc="229,72,332,0,219,-52,200,0" /><INIT seed="2,0,0,1,5,68" ten="301,332,167,200" oya="2" hai0="70,116,129,82,88,21,36,56,120,8,48,25,101" hai1="47,2,103,92,54,37,73,80,60,95,46,51,30" hai2="74,24,13,78,131,124,126,97,93,26,76,35,125" hai3="94,9,32,113,123,118,81,110,31,66,102,19,77"/><V20/><F131/><W50/><G118/><T115/><D70/><U27/><E2/><V18/><F74/><W33/><G123/><T106/><D115/><U72/><E60/><V130/><F130/><W1/><G113/><T79/><D120/><U132/><E132/><V40/><F40/><W75/><G66/><T5/><D129/><U105/><E105/><V89/><REACH who="2" step="1"/><F35/><REACH who="2" ten="301,332,157,200" step="2"/><W117/><G117/><T90/><D116/><U39/><E72/><V133/><F133/><W104/><G32/><T58/><D106/><U84/><E73/><V29/><F29/><W44/><G104/><T22/><D101/><U111/><E103/><V57/><F57/><W43/><G31/><T121/><D121/><U64/><E46/><V100/><F100/><W71/><G33/><T112/><D58/><U55/><E30/><V6/><F6/><W122/><G122/><T17/><D56/><U12/><E47/><V98/><F98/><W86/><G71/><T63/><D5/><U42/><E42/><V16/><F16/><W67/><G19/><T23/><D17/><U38/><E84/><V109/><F109/><W15/><G110/><T11/><D112/><U91/><E111/><V49/><F49/><W134/><G134/><T3/><D48/><U108/><E51/><V114/><F114/><W65/><G75/><T28/><D28/><U59/><E59/><V52/><F52/><W61/><G61/><T96/><D96/><U34/><E54/><V127/><N who="2" m="32256" /><DORA hai="119" /><V10/><F10/><W0/><G102/><T14/><D11/><U99/><E108/><V107/><F107/><RYUUKYOKU ba="0,1" sc="301,-10,332,-10,157,30,200,-10" hai2="13,18,20,24,26,76,78,89,93,97" /><INIT seed="2,1,1,0,1,94" ten="291,322,187,190" oya="2" hai0="101,64,122,49,105,95,80,60,72,108,82,87,63" hai1="1,71,76,132,120,67,20,12,130,36,39,91,44" hai2="55,109,118,133,27,30,51,38,73,78,70,29,22" hai3="43,21,45,135,83,61,62,129,116,121,92,89,53"/><V56/><F118/><W48/><G116/><T32/><D32/><U25/><E1/><V103/><F38/><W37/><G121/><T107/><D122/><U4/><E120/><V54/><F70/><W5/><G135/><T110/><D49/><U81/><E132/><V115/><F115/><W104/><G104/><N who="0" m="40011" /><D64/><U77/><E130/><V124/><F133/><W68/><G129/><T65/><D65/><U102/><E102/><V24/><F124/><W31/><G5/><T86/><D63/><U26/><E71/><V119/><F119/><W16/><G31/><T7/><D7/><U8/><E67/><V114/><F114/><W123/><G83/><N who="0" m="31787" /><D60/><U75/><E76/><V74/><F109/><N who="0" m="42090" /><D72/><U69/><E69/><V2/><F2/><W19/><G123/><T52/><D52/><U59/><E59/><V3/><F3/><W134/><G19/><T0/><D0/><U96/><E26/><V93/><F78/><W40/><G134/><T125/><D125/><U50/><E50/><V9/><F9/><W111/><G111/><T58/><D58/><U46/><E39/><V35/><REACH who="2" step="1"/><F55/><REACH who="2" ten="291,322,177,190" step="2"/><W17/><G68/><T13/><D13/><U98/><E36/><V126/><F126/><W47/><G53/><T15/><D15/><U23/><E25/><V18/><F18/><W41/><G17/><T14/><D14/><U57/><E12/><V106/><F106/><W66/><G66/><T131/><D131/><U90/><E8/><V34/><F34/><W6/><G41/><T79/><D79/><U88/><E77/><V100/><F100/><W127/><G127/><RYUUKYOKU ba="1,2" sc="291,15,322,-15,177,15,190,-15" hai0="86,87,95,101" hai2="22,24,27,29,30,35,51,54,56,73,74,93,103" /><INIT seed="2,2,2,2,4,67" ten="306,307,192,175" oya="2" hai0="23,133,77,51,70,47,76,29,32,82,112,101,66" hai1="64,53,103,24,10,16,88,0,83,4,98,129,52" hai2="110,81,116,75,15,65,6,69,135,26,61,43,80" hai3="45,58,105,94,28,85,100,57,18,113,14,13,121"/><V49/><F116/><W34/><G121/><T123/><D123/><U35/><E129/><V44/><F135/><W96/><G113/><T11/><D112/><U20/><E35/><V27/><F110/><W55/><G28/><T46/><D133/><U19/><E64/><V25/><REACH who="2" step="1"/><F75/><REACH who="2" ten="306,307,182,175" step="2"/><W5/><G34/><T87/><D32/><U2/><E2/><V39/><F39/><W118/><G118/><T30/><D30/><U73/><E19/><V115/><F115/><W86/><G105/><T63/><D29/><U127/><E127/><V60/><F60/><W120/><G120/><T117/><D117/><U134/><E134/><V119/><F119/><W31/><G31/><T79/><D23/><U54/><E73/><V106/><F106/><W126/><G126/><T104/><D11/><AGARI ba="2,3" hai="6,11,15,25,26,27,43,44,49,61,65,69,80,81" machi="11" ten="40,7700,0" yaku="1,1,52,1,53,1" doraHai="67" doraHaiUra="7" who="2" fromWho="0" sc="306,-83,307,0,182,113,175,0" /><INIT seed="2,3,0,3,3,12" ten="223,307,295,175" oya="2" hai0="23,93,120,25,57,95,44,112,50,90,81,34,85" hai1="19,97,108,9,124,117,58,35,30,7,53,14,100" hai2="83,130,6,105,61,73,51,41,135,115,24,16,65" hai3="123,21,133,5,92,84,55,46,2,64,82,75,39"/><V36/><F115/><W29/><G123/><T49/><D120/><U113/><E113/><V129/><F105/><W106/><G106/><T11/><D34/><U101/><E117/><V127/><F127/><W122/><G122/><T116/><D112/><U77/><E124/><V17/><F135/><W59/><G133/><T52/><D116/><U15/><E108/><V72/><F6/><W110/><G110/><T13/><D23/><U114/><E114/><V38/><F36/><W128/><G128/><N who="2" m="49257" /><F38/><W119/><G119/><T86/><D25/><U111/><E111/><V54/><F41/><W78/><G64/><T94/><D86/><U125/><E125/><V69/><F24/><W27/><G92/><T103/><D103/><U70/><E70/><V74/><F83/><W66/><G66/><T109/><D109/><U56/><E30/><V20/><F20/><W63/><G5/><T71/><D71/><U48/><E35/><V121/><F121/><W45/><G2/><T67/><D67/><U0/><E77/><V10/><F10/><W107/><G107/><T126/><D126/><U98/><E58/><AGARI ba="3,0" hai="16,17,51,54,58,61,65,69,72,73,74" m="49257" machi="58" ten="40,12000,1" yaku="19,1,52,2,54,1" doraHai="12" who="2" fromWho="1" sc="223,0,307,-129,295,129,175,0" /><INIT seed="2,4,0,3,5,51" ten="223,178,424,175" oya="2" hai0="44,41,126,72,4,6,64,87,115,55,12,1,47" hai1="132,24,70,3,14,122,111,110,127,101,114,105,33" hai2="45,82,74,77,118,120,73,78,116,90,102,108,65" hai3="106,66,22,61,112,97,48,52,26,130,23,50,128"/><V9/><F120/><W95/><G106/><T18/><D72/><U75/><RYUUKYOKU type="yao9" ba="4,0" sc="223,0,178,0,424,0,175,0" hai1="3,14,24,33,70,75,101,105,110,111,114,122,127,132" /><INIT seed="2,5,0,3,0,113" ten="223,178,424,175" oya="2" hai0="14,93,45,56,135,20,58,132,90,122,77,32,47" hai1="130,134,17,99,66,73,89,60,104,119,65,52,3" hai2="106,78,120,38,44,23,71,110,98,85,48,82,40" hai3="88,68,57,131,116,41,76,63,43,19,94,26,39"/><V81/><F120/><W24/><G68/><T109/><D32/><U46/><E3/><V51/><F71/><W15/><G131/><T123/><D77/><U128/><E73/><V9/><F110/><W16/><G76/><T67/><D20/><U62/><E134/><N who="0" m="51241" /><D14/><U129/><E104/><V28/><F9/><N who="3" m="6255" /><G116/><T105/><D105/><U1/><E1/><V87/><F106/><W84/><G39/><T7/><D7/><U95/><E119/><V114/><F98/><W2/><G2/><T5/><D5/><U96/><E96/><V25/><REACH who="2" step="1"/><F114/><REACH who="2" ten="223,178,414,175" step="2"/><W126/><G126/><T97/><D109/><U37/><E37/><V64/><F64/><N who="1" m="24681" /><E17/><V49/><F49/><AGARI ba="5,1" hai="46,49,52,60,62,89,95,99,128,129,130" m="24681" machi="49" ten="40,2600,0" yaku="19,1,54,1" doraHai="113" who="1" fromWho="2" sc="223,0,178,51,414,-41,175,0" /><INIT seed="3,0,0,2,5,121" ten="223,229,373,175" oya="3" hai0="96,61,26,109,38,126,135,9,50,130,76,77,131" hai1="30,122,60,93,4,81,108,22,84,111,17,23,133" hai2="119,75,43,0,18,34,31,33,42,107,54,72,63" hai3="64,66,87,59,39,120,134,56,46,112,53,12,90"/><W25/><G112/><T36/><D109/><N who="1" m="42059" /><E122/><V62/><F119/><W70/><G120/><T86/><D9/><U79/><E4/><V68/><F18/><W74/><G74/><T106/><D126/><U100/><E30/><V103/><F0/><W3/><G3/><T37/><D135/><U99/><E60/><V2/><F2/><W6/><G70/><T73/><D73/><U82/><E82/><V104/><F54/><W10/><G25/><T32/><D50/><U102/><E133/><V115/><F115/><W15/><G15/><T5/><D5/><U125/><E125/><V97/><F97/><W92/><G39/><T91/><D61/><U55/><E55/><V51/><F51/><N who="3" m="28919" /><G134/><T67/><D67/><AGARI ba="0,0" hai="6,10,12,56,59,64,66,67,87,90,92" m="28919" machi="67" ten="30,1500,0" yaku="8,1" doraHai="121" who="3" fromWho="0" sc="223,-15,229,0,373,0,175,15" /><INIT seed="3,1,0,3,3,36" ten="208,229,373,190" oya="3" hai0="73,128,107,8,91,84,92,43,20,10,87,121,100" hai1="16,11,109,111,39,41,97,93,83,85,134,114,50" hai2="131,7,35,5,23,29,72,75,45,56,126,37,68" hai3="89,118,2,77,80,74,117,61,38,76,3,120,51"/><W14/><G120/><T31/><D121/><U52/><E114/><V57/><F68/><W1/><G38/><T47/><D73/><U15/><E134/><V13/><F35/><W122/><G122/><T32/><D32/><U125/><E125/><V90/><F126/><W19/><G77/><T4/><D128/><U88/><E39/><V94/><F131/><W71/><G89/><T24/><D84/><U44/><E41/><V21/><F45/><W110/><G110/><T55/><D55/><U42/><E42/><V49/><F49/><W135/><G135/><T124/><D124/><U79/><AGARI ba="1,0" hai="11,15,16,44,50,52,79,83,85,88,93,97,109,111" machi="79" ten="30,7900,0" yaku="0,1,54,3" doraHai="36" who="1" fromWho="1" sc="208,-21,229,82,373,-21,190,-40" /><INIT seed="4,0,0,0,3,72" ten="187,311,352,150" oya="0" hai0="65,59,12,67,3,31,36,56,126,55,64,133,11" hai1="52,122,87,100,97,57,106,70,103,34,60,20,77" hai2="17,80,48,29,109,10,32,101,39,85,71,0,135" hai3="38,110,9,102,50,53,30,108,51,127,6,121,91"/><T24/><D3/><U134/><E122/><V90/><F39/><W117/><G117/><T23/><D36/><U105/><E34/><V63/><F109/><W73/><G38/><T41/><D126/><U89/><E70/><V18/><F135/><W88/><G102/><T37/><D133/><U54/><E134/><V1/><F101/><W84/><G73/><T33/><D33/><U46/><E105/><V5/><F1/><W114/><G30/><T112/><D112/><U79/><E103/><V107/><F107/><W21/><G114/><T15/><D15/><U25/><E46/><V98/><F98/><W123/><G21/><T69/><D69/><U74/><E54/><V7/><F7/><W4/><G84/><T81/><D56/><U93/><E74/><V8/><F8/><W2/><G53/><T113/><D113/><U131/><E131/><V94/><F94/><W49/><G9/><T66/><D37/><U62/><E62/><V92/><F92/><W45/><G2/><T128/><D41/><U130/><E130/><V116/><F116/><W83/><G83/><T99/><D128/><U120/><E120/><N who="3" m="46154" /><G45/><T16/><D81/><U124/><E124/><V28/><F28/><AGARI ba="0,0" hai="20,25,28,52,57,60,77,79,87,89,93,97,100,106" machi="28" ten="30,7700,0" yaku="7,1,52,2,54,1" doraHai="72" who="1" fromWho="2" sc="187,0,311,77,352,-77,150,0" /><INIT seed="5,0,0,4,0,81" ten="187,388,275,150" oya="1" hai0="97,131,90,93,101,98,38,52,87,55,134,111,61" hai1="66,71,40,6,2,99,3,79,60,67,127,5,126" hai2="128,32,80,92,112,13,50,39,64,29,70,75,14" hai3="91,63,0,19,53,26,12,116,22,16,31,122,11"/><U73/><E40/><V54/><F39/><W36/><G36/><T25/><D38/><U130/><E99/><V44/><F128/><W115/><G122/><T124/><D111/><U88/><E79/><V34/><F112/><W82/><G115/><T76/><D131/><U132/><E73/><V109/><F109/><W95/><G0/><N who="1" m="42" /><E130/><V9/><F29/><W10/><G82/><N who="0" m="47559" /><D124/><N who="1" m="47659" /><E132/><V37/><F92/><W77/><G77/><T133/><D61/><U33/><E33/><V89/><F89/><W68/><G116/><T56/><D56/><U135/><E135/><N who="0" m="51721" /><D25/><U103/><E103/><V21/><F34/><W8/><G68/><T4/><D4/><U42/><E42/><N who="2" m="22607" /><F32/><W105/><G105/><AGARI ba="0,0" hai="52,55,90,93,97,98,101,105" m="51721,47559" machi="105" ten="30,3900,0" yaku="20,1,52,1,54,1" doraHai="81" who="0" fromWho="3" sc="187,39,388,0,275,0,150,-39" /><INIT seed="6,0,0,4,2,68" ten="226,388,275,111" oya="2" hai0="41,102,31,21,29,59,130,57,5,70,55,56,53" hai1="43,128,115,69,101,47,44,60,86,116,40,7,75" hai2="108,114,19,132,82,20,72,81,32,16,65,58,23" hai3="1,10,107,77,126,73,64,133,80,4,110,15,119"/><V33/><F114/><W0/><G119/><T74/><D74/><U28/><E75/><V98/><F132/><W63/><G133/><T90/><D70/><U18/><E116/><V85/><F108/><W124/><G107/><T34/><D130/><U46/><E115/><V127/><F127/><W121/><G110/><T94/><D34/><U13/><E28/><V45/><F98/><W100/><G100/><T123/><D123/><U24/><E24/><V14/><F45/><W109/><G109/><T92/><D41/><U99/><E7/><V78/><F58/><W12/><G12/><T3/><D3/><U37/><E86/><V122/><F65/><W50/><G121/><T71/><D71/><U36/><E47/><V49/><F49/><W129/><G50/><T61/><D5/><U97/><E101/><V113/><F113/><W134/><G134/><T52/><D61/><U95/><E95/><N who="0" m="36393" /><D102/><U30/><E30/><N who="0" m="11273" /><D21/><U26/><E26/><V83/><F122/><W104/><G104/><T54/><N who="0" m="13824" /><DORA hai="11" /><T96/><D90/><U76/><E128/><V9/><F9/><W6/><G129/><T111/><D111/><U8/><E76/><V67/><F67/><AGARI ba="0,0" hai="8,13,18,36,37,40,43,44,46,60,67,69,97,99" machi="67" ten="40,8000,1" yaku="9,1,52,3" doraHai="68,11" who="1" fromWho="2" sc="226,0,388,80,275,-80,111,0" /><INIT seed="7,0,0,4,2,31" ten="226,468,195,111" oya="3" hai0="12,33,102,87,25,119,110,75,14,60,55,109,59" hai1="117,39,94,38,35,107,78,112,115,51,133,20,106" hai2="93,57,90,123,122,4,118,22,114,26,50,132,105" hai3="103,69,23,2,83,44,63,108,18,42,32,43,66"/><W36/><G2/><T45/><D75/><U79/><E20/><V98/><F118/><W1/><G1/><T134/><D119/><U53/><E117/><V104/><F132/><W28/><G108/><T10/><D134/><U111/><E133/><V24/><F114/><N who="1" m="43561" /><E35/><V34/><F4/><W41/><G103/><T81/><D102/><U100/><E111/><V5/><F5/><W19/><G83/><T130/><D14/><U0/><E94/><V125/><F125/><W127/><G127/><T76/><D45/><N who="1" m="27887" /><E0/><V88/><F90/><W72/><G72/><T84/><D84/><U62/><E62/><V68/><F68/><W121/><G121/><N who="2" m="46089" /><F57/><W30/><G18/><T7/><D130/><U82/><E100/><V27/><F50/><W11/><G11/><T58/><D58/><U77/><E82/><V124/><F124/><W8/><G8/><T47/><D47/><U49/><E49/><V48/><F48/><W89/><G89/><T54/><D54/><U56/><E56/><V67/><F67/><W80/><G80/><T46/><D46/><U129/><E129/><V6/><F6/><W101/><G101/><T65/><D65/><U17/><E17/><N who="2" m="12367" /><F26/><W99/><G99/><T86/><D86/><U9/><E9/><V91/><F91/><W131/><G131/><T70/><D70/><U21/><E21/><V15/><F15/><N who="3" m="9727" /><G36/><AGARI ba="0,0" hai="36,38,39,77,78,79,106,107" m="27887,43561" machi="36" ten="40,1300,0" yaku="15,1" doraHai="31" who="1" fromWho="3" sc="226,0,468,13,195,0,111,-13" owari="226,3.0,481,57.0,195,-20.0,98,-40.0" /></mjloggm>