<mjloggm ver="2.3"><GO type="41" lobby="0"/><UN n0="%E5%B0%B1%E6%B4%BB%E7%94%9F%40%E5%B7%9D%E6%9D%91%E8%BB%8D%E5%9B%A3" n1="%E8%8D%92%E5%9F%8E" n2="%6B%69%62%62%6C%65%39%39" n3="%E6%B8%A9%E5%86%B7%E4%B8%A1%E7%94%A8" dan="15,14,15,14" rate="1982.29,1906.26,1960.72,1997.56" sx="M,M,M,M"/><TAIKYOKU oya="0"/><INIT seed="0,0,0,0,1,41" ten="250,250,250,250" oya="0" hai0="6,18,35,127,75,15,68,55,73,23,43,56,86" hai1="10,46,62,102,14,48,67,93,105,28,101,45,27" hai2="31,7,33,132,65,17,108,51,124,50,9,126,22" hai3="63,114,110,40,42,5,87,115,29,1,99,21,4"/><T30/><D68/><U117/><E117/><V85/><F65/><W100/><G87/><T36/><D127/><U94/><E105/><V13/><F85/><W116/><G116/><T53/><D6/><U8/><E28/><V2/><F132/><W16/><G29/><T38/><D53/><U130/><E130/><V83/><F83/><W76/><G76/><T107/><D107/><U64/><E27/><N who="2" m="18687" /><F108/><W79/><G79/><T109/><D109/><U84/><E84/><V57/><F57/><W95/><G63/><T106/><D106/><U54/><E54/><V70/><F70/><W19/><G19/><T131/><D131/><U77/><E77/><V58/><F58/><W123/><G123/><T98/><D98/><U135/><E135/><V52/><F52/><W0/><G110/><T103/><D103/><N who="1" m="39435" /><E48/><AGARI ba="0,0" hai="2,7,9,13,17,22,48,50,51,124,126" m="18687" machi="48" ten="30,1000,0" yaku="24,1" doraHai="41" who="2" fromWho="1" sc="250,0,250,-10,250,10,250,0" /><INIT seed="1,0,0,0,1,17" ten="250,240,260,250" oya="1" hai0="57,123,121,87,72,27,2,32,80,115,79,111,132" hai1="90,42,39,71,26,54,19,105,70,53,52,45,88" hai2="60,127,77,69,107,37,6,43,34,117,29,63,109" hai3="110,56,119,23,98,41,9,4,20,66,50,12,59"/><U46/><E105/><V83/><F63/><W8/><G110/><T35/><D2/><U128/><E128/><V25/><F6/><W67/><G119/><T108/><D57/><N who="3" m="22089" /><G98/><T47/><D47/><U18/><E26/><V55/><F117/><W134/><G134/><T130/><D115/><U30/><E30/><V104/><F109/><N who="0" m="42058" /><D132/><U113/><E113/><V81/><F81/><W73/><G73/><T118/><D118/><U122/><E122/><N who="0" m="46601" /><D130/><U102/><E102/><V82/><F82/><W0/><G0/><T100/><D100/><U112/><E112/><V13/><F13/><W7/><G7/><T133/><D133/><U3/><E3/><V95/><F95/><W129/><G129/><T38/><D38/><U75/><E75/><V58/><F127/><W106/><G9/><T44/><D44/><N who="1" m="17003" /><E42/><V11/><F11/><W103/><G103/><T86/><D27/><U31/><E31/><V126/><F126/><W65/><G106/><T94/><D35/><U74/><E74/><V120/><F120/><W40/><G50/><T97/><D32/><U36/><E36/><V21/><F34/><W61/><G61/><T14/><D14/><U131/><E131/><V101/><F101/><W5/><G5/><T85/><D97/><U93/><E93/><AGARI ba="0,0" hai="72,79,80,85,86,87,93,94" m="46601,42058" machi="93" ten="40,8000,1" yaku="14,1,13,1,34,2" doraHai="17" who="0" fromWho="1" sc="250,80,240,-80,260,0,250,0" /><INIT seed="2,0,0,2,1,103" ten="330,160,260,250" oya="2" hai0="12,79,16,99,44,67,9,90,6,72,2,57,105" hai1="47,86,133,110,0,22,128,52,33,41,104,82,34" hai2="119,114,132,24,53,107,124,100,29,121,78,84,64" hai3="115,116,13,32,102,59,4,56,76,93,15,55,36"/><V109/><F119/><W39/><G32/><T50/><D72/><U66/><E110/><V75/><F121/><W94/><G116/><T108/><D79/><U42/><E0/><V19/><F114/><W81/><G115/><T83/><D108/><U65/><E104/><V74/><F109/><W25/><G25/><T58/><D67/><U17/><E133/><V1/><F1/><W14/><G4/><T96/><D83/><U21/><E128/><V68/><F132/><W122/><G122/><T5/><D99/><U134/><E134/><V91/><F53/><W126/><G126/><T70/><D70/><U129/><E129/><V49/><F19/><W120/><G120/><T28/><D28/><U85/><E17/><V87/><F87/><W23/><G23/><T10/><D5/><U61/><E82/><V26/><F49/><W51/><G59/><T27/><D27/><U127/><E127/><V7/><F7/><W73/><G102/><T88/><D105/><U98/><E98/><N who="2" m="61847" /><F26/><W40/><REACH who="3" step="1"/><G40/><REACH who="3" ten="330,160,260,240" step="2"/><T97/><D57/><N who="1" m="34983" /><E34/><V130/><F124/><W54/><G54/><T113/><D58/><U106/><E33/><V77/><F130/><W111/><G111/><T131/><D131/><U43/><E47/><V37/><F24/><W30/><G30/><T38/><D113/><U48/><E106/><V101/><F29/><W125/><G125/><T60/><D44/><U35/><E35/><V63/><F101/><W135/><G135/><T20/><D6/><U62/><E62/><V80/><F37/><AGARI ba="0,1" hai="13,14,15,36,37,39,51,55,56,73,76,81,93,94" machi="37" ten="40,1300,0" yaku="1,1,53,0" doraHai="103" doraHaiUra="123" who="3" fromWho="2" sc="330,0,160,0,260,-13,240,23" /><INIT seed="3,0,0,3,2,37" ten="330,160,247,263" oya="3" hai0="116,36,128,46,122,114,65,94,91,5,107,131,18" hai1="108,73,55,14,50,104,35,75,49,20,28,1,32" hai2="11,23,78,125,43,61,103,52,74,106,19,21,109" hai3="38,8,31,29,119,97,58,93,44,26,102,76,53"/><W22/><G76/><T47/><D107/><U100/><E108/><V124/><F109/><W99/><G119/><T4/><D116/><U113/><E113/><V54/><F11/><W0/><G0/><T77/><D77/><U72/><E1/><V132/><F132/><W42/><G8/><T40/><D122/><U89/><E89/><V39/><F78/><W45/><G99/><T10/><D65/><U96/><E49/><V126/><F74/><W56/><G31/><T41/><D114/><U110/><E110/><V79/><F79/><W83/><G83/><T90/><D18/><U6/><E6/><V81/><F81/><W71/><G71/><T88/><D94/><U105/><E105/><V120/><F120/><W84/><G84/><T82/><D82/><U30/><E30/><V17/><F103/><W57/><REACH who="3" step="1"/><G45/><REACH who="3" ten="330,160,247,253" step="2"/><T70/><D70/><U27/><REACH who="1" step="1"/><E14/><REACH who="1" ten="330,150,247,253" step="2"/><V129/><F126/><W48/><AGARI ba="0,2" hai="22,26,29,38,42,44,48,53,56,57,58,93,97,102" machi="48" ten="20,12000,1" yaku="1,1,2,1,0,1,7,1,52,1,53,0" doraHai="37" doraHaiUra="7" who="3" fromWho="3" sc="330,-40,150,-40,247,-40,253,140" /><INIT seed="3,1,0,3,4,101" ten="290,110,207,393" oya="3" hai0="50,9,61,8,31,115,117,98,20,1,6,93,80" hai1="26,99,57,17,13,67,109,65,38,118,114,96,132" hai2="21,79,29,119,47,82,112,106,27,32,104,126,111" hai3="55,113,39,78,45,16,11,42,68,123,133,30,102"/><W64/><G123/><T105/><D115/><U44/><E118/><V54/><F119/><W66/><G113/><T74/><D117/><U14/><E114/><V60/><F112/><W97/><G30/><T131/><D8/><U127/><E109/><V5/><F111/><W69/><G78/><T23/><D50/><U116/><E116/><V90/><F126/><W24/><G133/><T87/><D74/><U43/><E132/><V62/><F5/><W89/><G89/><T7/><D7/><U71/><E127/><V59/><F90/><W130/><G55/><T70/><D31/><U94/><E99/><V95/><F95/><W81/><G81/><T12/><D1/><U128/><E128/><V35/><F62/><W41/><G41/><T52/><D105/><U36/><E36/><V22/><F47/><W25/><G25/><T91/><D131/><U4/><E71/><V73/><REACH who="2" step="1"/><F21/><REACH who="2" ten="290,110,197,393" step="2"/><W2/><G130/><T120/><D120/><U76/><E76/><V107/><AGARI ba="1,1" hai="22,27,29,32,35,54,59,60,73,79,82,104,106,107" machi="107" ten="30,12000,2" yaku="1,1,2,1,0,1,52,3,53,0" doraHai="101" doraHaiUra="108" who="2" fromWho="2" sc="290,-31,110,-31,197,133,393,-61" /><INIT seed="4,0,0,3,3,90" ten="259,79,330,332" oya="0" hai0="79,69,75,101,21,76,45,35,108,82,87,5,19" hai1="130,7,18,120,28,112,13,81,109,103,33,128,70" hai2="122,104,88,4,27,50,125,135,100,42,85,83,36" hai3="30,47,32,25,92,94,6,119,114,43,62,97,80"/><T52/><D35/><U129/><E70/><V107/><F122/><W40/><G119/><T134/><D69/><U56/><E103/><V23/><F36/><W26/><G6/><T11/><D134/><U20/><E81/><V95/><F135/><W61/><G80/><T116/><D116/><U39/><E56/><V66/><F4/><W67/><G26/><T15/><D108/><U49/><E49/><V17/><F66/><W91/><G114/><T16/><D101/><U1/><E39/><V113/><F113/><W58/><G62/><T46/><D75/><U54/><E54/><V133/><F133/><W48/><REACH who="3" step="1"/><G94/><REACH who="3" ten="259,79,330,322" step="2"/><T41/><D79/><U8/><E112/><V22/><F83/><W65/><G65/><T117/><D117/><U96/><E120/><V64/><F64/><W105/><G105/><T37/><REACH who="0" step="1"/><D21/><REACH who="0" ten="249,79,330,322" step="2"/><U106/><E106/><V29/><F104/><W55/><AGARI ba="0,2" hai="25,30,32,40,43,47,48,55,58,61,67,91,92,97" machi="55" ten="20,5200,0" yaku="1,1,0,1,7,1,52,1,53,0" doraHai="90" doraHaiUra="99" who="3" fromWho="3" sc="249,-26,79,-13,330,-13,322,72" /><INIT seed="5,0,0,1,3,132" ten="223,66,317,394" oya="1" hai0="30,98,19,36,66,5,120,43,48,63,81,76,37" hai1="73,35,77,49,31,32,59,126,11,75,71,108,0" hai2="123,34,92,91,22,102,39,46,20,24,4,67,69" hai3="3,12,134,14,113,105,99,51,41,61,40,133,94"/><U26/><E108/><V115/><F123/><W68/><G3/><T96/><D30/><U90/><E71/><V9/><F102/><W129/><G105/><T110/><D110/><U60/><E49/><V95/><F92/><W93/><G68/><T17/><D5/><U86/><E77/><V103/><F103/><W70/><G70/><T8/><D19/><U116/><E116/><V117/><F117/><W72/><G72/><T100/><D96/><U122/><E122/><V124/><F34/><W78/><G78/><T89/><D89/><U54/><E35/><V62/><F22/><W80/><G80/><T2/><D48/><U112/><E112/><V42/><F115/><W16/><G51/><T127/><D17/><U87/><E87/><V58/><F69/><W29/><G29/><T53/><D53/><U88/><E90/><V64/><F20/><W125/><G61/><T10/><D76/><U107/><E107/><V45/><F46/><W82/><G82/><T114/><D81/><U85/><E85/><V65/><F24/><W119/><G113/><T55/><D37/><U121/><E121/><V56/><F56/><W130/><G119/><T128/><D36/><U27/><E27/><V7/><F7/><W135/><G99/><T106/><D106/><U104/><E104/><V33/><F33/><W15/><G16/><T74/><D74/><U28/><E28/><V57/><F57/><W131/><G125/><T79/><D98/><U83/><E126/><V23/><F124/><W109/><G109/><T13/><D127/><U21/><E32/><V18/><F39/><RYUUKYOKU ba="0,0" sc="223,-15,66,15,317,-15,394,15" hai1="0,11,21,26,31,54,59,60,73,75,83,86,88" hai3="12,14,15,40,41,93,94,129,130,131,133,134,135" /><INIT seed="5,1,0,2,2,69" ten="208,81,302,409" oya="1" hai0="3,114,21,20,32,129,123,77,16,7,31,78,119" hai1="86,61,53,85,1,44,8,62,35,117,128,46,112" hai2="23,40,100,54,120,74,34,6,121,133,79,58,17" hai3="70,132,87,59,45,125,95,134,106,75,28,130,92"/><U108/><E35/><V41/><F100/><W37/><G70/><T83/><D119/><U25/><E117/><V66/><F66/><W2/><G2/><T50/><D32/><U72/><E72/><V94/><F34/><W0/><G0/><T10/><D123/><U71/><E71/><V127/><F94/><W124/><G75/><T24/><D114/><U101/><E25/><V103/><F103/><W52/><G106/><T51/><D129/><U76/><E112/><V43/><F6/><W42/><G28/><T4/><D4/><U48/><E108/><V96/><F96/><W122/><G122/><T68/><D68/><U22/><E128/><V82/><F133/><N who="3" m="51307" /><G130/><T89/><D89/><U11/><E1/><V29/><F29/><W67/><G67/><T5/><D5/><U131/><E131/><V116/><F116/><W81/><G81/><T93/><D93/><N who="3" m="35913" /><G87/><T60/><D78/><U80/><E101/><V27/><REACH who="2" step="1"/><F127/><REACH who="2" ten="208,81,292,409" step="2"/><W99/><G99/><T47/><D31/><U14/><E86/><V56/><F56/><W12/><G125/><T65/><D65/><U64/><E22/><V88/><F88/><W30/><G30/><T26/><D21/><U55/><E64/><V113/><F113/><W36/><G124/><T13/><D77/><U135/><E135/><V33/><F33/><W109/><G109/><T104/><D104/><U102/><E102/><V91/><F91/><W111/><G111/><T63/><D83/><U57/><E57/><V97/><F97/><W15/><G59/><T49/><D3/><U73/><E73/><V110/><F110/><RYUUKYOKU ba="1,1" sc="208,-10,81,-10,292,30,409,-10" hai2="17,23,27,40,41,43,54,58,74,79,82,120,121" /><INIT seed="6,2,1,3,2,63" ten="198,71,322,399" oya="2" hai0="104,7,45,52,64,3,98,51,61,41,34,22,128" hai1="99,40,79,90,84,67,111,114,14,1,60,48,42" hai2="2,81,30,106,91,17,10,55,89,125,33,100,32" hai3="131,87,97,122,46,4,9,50,71,96,21,54,19"/><V95/><F125/><W26/><G122/><T78/><D34/><U119/><E1/><V85/><F30/><W53/><G131/><T47/><D78/><U129/><E119/><V43/><F43/><W28/><G71/><T110/><D110/><U112/><E129/><V94/><F55/><W16/><G54/><T123/><D123/><U105/><E111/><V77/><F17/><W107/><G87/><T69/><D128/><U6/><E105/><V121/><F121/><W59/><G46/><T86/><D86/><U92/><E79/><V8/><F8/><W124/><G124/><T25/><D7/><U58/><E48/><V93/><F106/><W101/><G97/><T74/><D3/><AGARI ba="2,1" hai="3,4,9,16,19,21,26,28,50,53,59,96,101,107" machi="3" ten="30,2000,0" yaku="7,1,54,1" doraHai="63" who="3" fromWho="0" sc="198,-26,71,0,322,0,399,36" /><INIT seed="7,0,0,4,0,7" ten="172,71,322,435" oya="3" hai0="0,120,23,127,31,29,32,63,48,94,75,81,13" hai1="2,101,16,62,129,37,42,61,51,105,90,39,128" hai2="53,76,9,22,3,98,109,60,93,41,99,135,28" hai3="74,20,110,59,116,6,70,72,124,83,17,102,125"/><W87/><G70/><T56/><D0/><U89/><E2/><V47/><F109/><W95/><G6/><T73/><D32/><U54/><E105/><V8/><F3/><W58/><G102/><T78/><D75/><U24/><E101/><V26/><F76/><W45/><G45/><T126/><D48/><U57/><E39/><V112/><F112/><W96/><G96/><T15/><D94/><U11/><E37/><V71/><F135/><W92/><G87/><T50/><D50/><U111/><E111/><V44/><F71/><W106/><G106/><T119/><D119/><U91/><E42/><V77/><F77/><W104/><G104/><T82/><D82/><U118/><E118/><V10/><F41/><W19/><G116/><T115/><D115/><U33/><E33/><V108/><F108/><W40/><G40/><T38/><D38/><U65/><E65/><V84/><F84/><W52/><G83/><T130/><D130/><N who="1" m="50283" /><E24/><V85/><F85/><W133/><G110/><T122/><D73/><U36/><E36/><V49/><F60/><W97/><G97/><N who="2" m="36873" /><F93/><W12/><G74/><T103/><D81/><U134/><E134/><V100/><F100/><W30/><G30/><T35/><D103/><U64/><E64/><V123/><F123/><W69/><G69/><T80/><D122/><U34/><E34/><V21/><F21/><W117/><G72/><T113/><D35/><U86/><E86/><V18/><F28/><W25/><G117/><T46/><D120/><U67/><E67/><V131/><F131/><W114/><G114/><T43/><D31/><RYUUKYOKU ba="0,0" sc="172,-15,71,15,322,15,435,-15" hai1="11,16,51,54,57,61,62,89,90,91" hai2="8,9,10,18,22,26,44,47,49,53" owari="157,-24.0,86,-41.0,337,14.0,420,51.0" /></mjloggm>