<mjloggm ver="2.3"><GO type="97" lobby="0"/><UN n0="%E4%BB%B2%E6%9D%91%E3%82%86%E3%82%8A" n1="%E9%81%8A%E4%BD%90%E5%8F%B8%E7%8B%BC" n2="%E7%A9%8F%E4%B9%83%E3%81%A1%E3%82%83%E3%82%93%E5%8F%AF%E6%84%9B%E3%81%84" n3="%E5%B0%B1%E6%B4%BB%E7%94%9F%40%E5%B7%9D%E6%9D%91%E8%BB%8D%E5%9B%A3" dan="13,13,13,14" rate="1848.21,1951.66,1913.97,1952.99" sx="F,M,M,M"/><TAIKYOKU oya="0"/><INIT seed="0,0,0,0,5,87" ten="250,250,250,250" oya="0" hai0="13,66,98,12,111,134,50,80,43,68,41,116,89" hai1="53,101,14,63,61,124,106,19,62,84,114,31,8" hai2="133,113,99,100,51,46,45,52,39,34,15,117,24" hai3="115,10,37,105,85,129,131,109,118,92,56,128,67"/><T86/><D134/><U119/><E119/><V25/><F113/><W30/><G105/><T35/><D116/><U42/><E114/><V29/><F133/><W17/><G118/><T18/><D35/><U121/><E121/><V23/><F117/><W77/><G115/><T65/><D111/><U73/><E73/><V91/><F15/><N who="3" m="7415" /><G37/><T70/><D98/><U102/><E124/><V27/><F34/><W75/><G109/><T32/><D32/><U58/><E42/><V104/><REACH who="2" step="1"/><F91/><REACH who="2" ten="250,250,240,250" step="2"/><N who="3" m="53359" /><G77/><T97/><D12/><U57/><E14/><V21/><F21/><W110/><G110/><T83/><D41/><AGARI ba="0,1" hai="23,24,25,27,29,39,41,45,46,51,52,99,100,104" machi="41" ten="40,2600,0" yaku="1,1,54,1,53,0" doraHai="87" doraHaiUra="81" who="2" fromWho="0" sc="250,-26,250,0,240,36,250,0" /><INIT seed="1,0,0,1,4,101" ten="224,250,276,250" oya="1" hai0="78,82,50,46,106,52,107,111,119,44,2,45,114" hai1="49,79,15,83,8,116,94,18,62,57,33,95,108" hai2="125,55,11,14,1,42,92,69,122,100,67,98,25" hai3="59,28,97,77,110,34,27,10,60,127,26,120,51"/><U19/><E116/><V124/><F122/><W30/><G120/><T7/><D119/><U80/><E33/><V53/><F1/><W117/><G117/><T93/><D114/><U91/><E108/><V5/><F42/><W121/><G121/><T58/><D93/><U3/><E3/><V22/><F69/><W63/><G110/><T9/><REACH who="0" step="1"/><D111/><REACH who="0" ten="214,250,276,250" step="2"/><U134/><E95/><V74/><F125/><W65/><G127/><T131/><D131/><U75/><E94/><V31/><F124/><W32/><G97/><T129/><D129/><U132/><E83/><V40/><F74/><AGARI ba="0,1" hai="2,7,9,44,45,46,50,52,58,74,78,82,106,107" machi="74" ten="40,8000,1" yaku="1,1,52,2,54,1,53,0" doraHai="101" doraHaiUra="112" who="0" fromWho="2" sc="214,90,250,0,276,-80,250,0" /><INIT seed="2,0,0,2,3,1" ten="304,250,196,250" oya="2" hai0="135,48,73,52,37,4,102,106,123,14,97,54,88" hai1="81,121,118,29,43,65,82,93,9,122,125,99,64" hai2="59,91,47,2,130,55,21,74,109,40,24,42,110" hai3="34,85,13,35,98,18,90,6,23,77,71,129,117"/><V61/><F2/><W134/><G71/><T62/><D135/><U95/><E118/><V83/><F130/><W86/><G117/><T107/><D73/><U119/><E119/><V89/><F47/><W16/><G129/><T44/><D123/><N who="1" m="47115" /><E125/><V124/><F124/><W70/><G70/><T0/><D0/><U68/><E29/><V103/><F103/><W19/><G134/><T49/><D37/><U113/><E113/><V45/><F45/><W96/><G35/><T30/><D30/><U26/><E26/><V87/><F74/><W127/><G34/><T10/><D62/><N who="1" m="39959" /><E65/><V53/><F53/><W3/><G3/><T94/><D102/><N who="1" m="60783" /><E43/><V132/><F132/><W126/><G126/><T46/><AGARI ba="0,0" hai="4,10,14,44,46,48,49,52,54,88,94,97,106,107" machi="46" ten="20,12000,2" yaku="0,1,7,1,9,1,52,1,54,2" doraHai="1" who="0" fromWho="0" sc="304,120,250,-30,196,-60,250,-30" /><INIT seed="3,0,0,0,4,134" ten="424,220,136,220" oya="3" hai0="91,54,75,1,67,18,118,102,12,80,2,111,34" hai1="66,76,69,21,27,89,33,84,37,16,105,10,99" hai2="88,48,70,94,4,38,63,9,22,95,124,113,53" hai3="41,62,119,31,14,26,116,114,122,32,8,133,129"/><W130/><G41/><T79/><D118/><N who="3" m="45097" /><G62/><T60/><D34/><U64/><E37/><V112/><F38/><W42/><G42/><T49/><D91/><U35/><E76/><V45/><F124/><W5/><G122/><T56/><D102/><U59/><E69/><V97/><F22/><W126/><G133/><T123/><D123/><U52/><E10/><V77/><F77/><W15/><G114/><T55/><D111/><U17/><E17/><V7/><F7/><W73/><G73/><T90/><D90/><U109/><E109/><V44/><F44/><W6/><G126/><T87/><D75/><U127/><E127/><V72/><F72/><W96/><G96/><T13/><D13/><U98/><E33/><V68/><F68/><W25/><G25/><T100/><D100/><U46/><E35/><V74/><F74/><W82/><G82/><T29/><D29/><U40/><E105/><V23/><F23/><W71/><G71/><T43/><D43/><U3/><E46/><V125/><F125/><W107/><G107/><T51/><D1/><U120/><E3/><V36/><F36/><W85/><G85/><T132/><D2/><U92/><E40/><V104/><F104/><W83/><G83/><T0/><D0/><U11/><E120/><V78/><F78/><W20/><G32/><T115/><D115/><U106/><E106/><V108/><F108/><W121/><G121/><T50/><D132/><U110/><E110/><V86/><F63/><W19/><G14/><T28/><D28/><U47/><E47/><V58/><F70/><W117/><G117/><RYUUKYOKU ba="0,0" sc="424,15,220,-15,136,-15,220,15" hai0="12,18,49,50,51,54,55,56,60,67,79,80,87" hai3="5,6,8,15,19,20,26,31,129,130" /><INIT seed="3,1,0,1,4,59" ten="439,205,121,235" oya="3" hai0="12,46,71,108,56,57,106,22,6,117,8,52,33" hai1="16,101,3,118,98,86,88,20,129,36,96,48,130" hai2="81,90,26,64,44,93,45,50,121,7,11,51,70" hai3="42,18,135,35,99,14,2,62,37,124,92,77,110"/><W53/><G2/><T116/><D71/><U79/><E36/><V54/><F121/><W31/><G135/><T60/><D106/><U66/><E3/><V102/><F26/><W39/><G124/><T73/><D73/><U91/><E118/><V87/><F102/><W113/><G113/><T133/><D133/><U82/><E66/><V63/><F11/><W95/><G77/><T5/><D108/><U122/><E48/><V13/><F7/><W67/><G110/><T15/><D33/><U27/><E122/><V32/><F13/><W89/><G53/><T134/><D134/><U72/><E91/><V78/><F32/><W125/><G125/><T105/><D105/><U24/><E24/><V41/><REACH who="2" step="1"/><F93/><REACH who="2" ten="439,205,111,235" step="2"/><W58/><G35/><T120/><D120/><U76/><E101/><V10/><F10/><W107/><G95/><T85/><D52/><U112/><E112/><V30/><F30/><W69/><G92/><T97/><D60/><U1/><E1/><V119/><F119/><W17/><G62/><T131/><D12/><U61/><E61/><V28/><F28/><W19/><G31/><T21/><D15/><U104/><E104/><V75/><F75/><W132/><G14/><T111/><D8/><U115/><E115/><V114/><F114/><W55/><G107/><T0/><D5/><U65/><E72/><V9/><F9/><W40/><G18/><T128/><D6/><U126/><E126/><V49/><F49/><W29/><G19/><T23/><D116/><U38/><E16/><V127/><F127/><W80/><G17/><T83/><D117/><RYUUKYOKU ba="1,1" sc="439,-10,205,-10,111,30,235,-10" hai2="41,44,45,50,51,54,63,64,70,78,81,87,90" owari="439,53.0,195,-20.0,141,-36.0,225,3.0" /></mjloggm>