<mjloggm ver="2.3"><GO type="225" lobby="0"/><UN n0="%E3%83%AF%E3%82%A4%E3%83%AB%E3%83%89" n1="%E3%82%B9%E3%83%9E" n2="%E3%83%94%E3%82%AB%E5%90%BE%E9%83%8E" n3="%E3%83%88%E3%83%88%E3%83%AA%E5%85%88%E7%94%9F%31%39%E6%AD%B3" dan="16,16,16,16" rate="2143.14,2085.00,2121.97,2158.09" sx="M,M,M,F"/><TAIKYOKU oya="0"/><INIT seed="0,0,0,3,0,115" ten="250,250,250,250" oya="0" hai0="102,71,56,15,74,106,134,107,120,77,86,35,26" hai1="94,97,110,32,80,59,88,39,95,99,25,117,55" hai2="44,50,47,89,67,52,14,45,70,76,36,91,82" hai3="1,109,81,119,75,131,19,96,12,65,58,129,125"/><T90/><D120/><U79/><E117/><V10/><F67/><W133/><G1/><T2/><D2/><U130/><E110/><V101/><F101/><W111/><G125/><T11/><D71/><U27/><E39/><V18/><F70/><W78/><G133/><T0/><D0/><U46/><E46/><V63/><F63/><N who="3" m="38135" /><G96/><T60/><D134/><U51/><E130/><N who="3" m="49674" /><G119/><T8/><D8/><AGARI ba="0,0" hai="8,12,19,75,78,81,109,111" m="49674,38135" machi="8" ten="30,1000,0" yaku="19,1" doraHai="115" who="3" fromWho="0" sc="250,-10,250,0,250,0,250,10" /><INIT seed="1,0,0,4,3,34" ten="240,250,250,260" oya="1" hai0="3,117,127,42,77,68,16,63,88,21,40,20,89" hai1="122,62,81,116,83,65,130,115,97,37,39,72,135" hai2="59,82,101,74,52,61,55,43,57,10,58,54,28" hai3="79,4,22,60,32,14,106,13,132,8,131,118,128"/><U78/><E122/><V109/><F28/><W7/><G106/><T36/><D117/><U6/><E116/><V133/><F101/><W85/><G118/><T27/><D127/><U121/><E121/><V100/><F100/><W114/><G32/><T26/><D77/><U35/><E35/><V47/><F10/><W71/><G114/><T31/><D3/><U73/><E115/><V25/><F25/><W24/><G132/><T90/><REACH who="0" step="1"/><D36/><REACH who="0" ten="230,250,250,260" step="2"/><U56/><E135/><V105/><F133/><W103/><G79/><T50/><D50/><U23/><E130/><V51/><F105/><W113/><G113/><T18/><D18/><U123/><E123/><V93/><F74/><W5/><G5/><T0/><D0/><U41/><E6/><V111/><F93/><W1/><G7/><T67/><AGARI ba="0,1" hai="16,20,21,26,27,31,40,42,63,67,68,88,89,90" machi="67" ten="30,12000,2" yaku="1,1,0,1,54,2,53,2" doraHai="34" doraHaiUra="17" who="0" fromWho="0" sc="230,130,250,-60,250,-30,260,-30" /><INIT seed="2,0,0,4,2,27" ten="360,190,220,230" oya="2" hai0="128,61,109,9,94,130,52,78,101,123,70,54,65" hai1="10,81,129,4,127,110,88,7,77,117,34,103,15" hai2="75,106,121,46,43,55,104,107,133,56,86,29,20" hai3="23,44,95,26,21,69,84,82,6,17,1,50,24"/><V79/><F75/><W116/><G69/><T111/><D78/><U66/><E117/><V8/><F121/><W30/><G116/><T92/><D9/><U131/><E110/><N who="0" m="41993" /><D123/><U87/><E103/><V31/><F8/><W124/><G124/><T132/><D132/><U68/><E127/><V22/><F133/><W25/><G1/><T73/><D73/><U85/><E34/><V102/><F102/><W59/><G59/><T2/><D2/><U13/><E66/><V37/><F79/><N who="3" m="46175" /><G95/><N who="0" m="36395" /><D101/><U76/><E68/><V19/><F86/><W97/><G97/><T113/><D113/><U48/><E48/><V83/><F83/><W99/><G99/><T11/><D11/><N who="1" m="4351" /><E85/><V90/><F90/><W41/><G6/><T80/><D80/><U18/><E4/><V53/><F53/><AGARI ba="0,0" hai="52,53,54,61,65,70,128,130" m="36395,41993" machi="53" ten="30,2000,0" yaku="14,1,54,1" doraHai="27" who="0" fromWho="2" sc="360,20,190,0,220,-20,230,0" /><INIT seed="3,0,0,1,1,51" ten="380,190,200,230" oya="3" hai0="125,71,11,33,73,93,37,130,4,63,122,126,112" hai1="39,106,115,85,92,74,131,12,127,94,16,1,36" hai2="34,88,15,3,111,90,10,50,56,29,55,61,64" hai3="13,9,21,75,2,31,133,20,97,84,114,110,82"/><W32/><G114/><T27/><D122/><U67/><E115/><V79/><F3/><W17/><G75/><T103/><D73/><U123/><E123/><V76/><F29/><W66/><G133/><T134/><D37/><U78/><E106/><V99/><F34/><W101/><G110/><T98/><D134/><U53/><E1/><V91/><F99/><W5/><G21/><T124/><D112/><U14/><E131/><V62/><F111/><W25/><G66/><N who="0" m="41439" /><D130/><U54/><E74/><V49/><F49/><W119/><G119/><T107/><D93/><U132/><E132/><V22/><F22/><W135/><G135/><T113/><D113/><U95/><E67/><V58/><F50/><W46/><G46/><T40/><D40/><U69/><E69/><V121/><F121/><W81/><G84/><T128/><D128/><U48/><E85/><V57/><F58/><W42/><REACH who="3" step="1"/><G42/><REACH who="3" ten="380,190,200,220" step="2"/><T65/><D65/><U70/><E70/><V43/><F43/><W45/><G45/><T68/><D68/><U35/><E35/><V8/><F8/><W72/><G72/><T26/><D33/><U77/><E127/><V104/><F104/><AGARI ba="0,1" hai="2,5,9,13,17,20,25,31,32,81,82,97,101,104" machi="104" ten="30,12000,1" yaku="1,1,7,1,24,2,53,1" doraHai="51" doraHaiUra="19" who="3" fromWho="2" sc="380,0,190,0,200,-120,220,130" /><INIT seed="3,1,0,2,3,135" ten="380,190,80,350" oya="3" hai0="64,79,34,54,73,123,9,42,11,4,134,105,20" hai1="44,128,30,70,125,99,113,131,104,127,56,14,92" hai2="90,74,27,102,80,52,15,96,39,93,13,86,69" hai3="18,55,1,111,43,62,85,67,71,26,36,32,2"/><W101/><G111/><T21/><D34/><U29/><E70/><V23/><F39/><W124/><G124/><N who="1" m="47690" /><E104/><V8/><F69/><W58/><G85/><T46/><D105/><U91/><E113/><V63/><F74/><W94/><G94/><T106/><D106/><U110/><E110/><V78/><F8/><W84/><G84/><T100/><D100/><U75/><E75/><V51/><F63/><W115/><G101/><T107/><D134/><U38/><E56/><V95/><F95/><W82/><G82/><T117/><D123/><U112/><E14/><V7/><F7/><W129/><G129/><N who="1" m="49738" /><E112/><V49/><F49/><N who="3" m="31087" /><G115/><T6/><D4/><U81/><E81/><V45/><REACH who="2" step="1"/><F102/><REACH who="2" ten="380,190,70,350" step="2"/><W109/><G109/><T120/><D6/><U103/><E103/><V53/><F53/><W61/><G61/><T24/><D54/><U119/><E119/><V65/><F65/><W25/><G62/><T122/><D64/><U59/><E59/><V50/><F50/><W3/><G67/><T10/><D117/><U31/><E38/><V114/><F114/><W89/><G71/><T121/><D120/><U57/><E57/><V72/><F72/><W132/><G132/><T28/><D121/><U98/><E44/><V108/><F108/><W37/><G37/><T19/><D46/><U35/><E35/><V60/><F60/><W48/><G36/><T17/><D73/><U130/><E130/><V97/><F97/><AGARI ba="1,1" hai="29,30,31,91,92,97,98,99" m="49738,47690" machi="97" ten="40,8000,1" yaku="18,1,19,1,52,3" doraHai="135" who="1" fromWho="2" sc="380,0,190,93,70,-83,350,0" owari="380,48.0,283,-12.0,-13,-51.0,350,15.0" /></mjloggm>