<mjloggm ver="2.3"><GO type="97" lobby="0"/><UN n0="%70%61%70%61%73%33%33%33" n1="%71%6F%6F%6F%6F%71" n2="%E5%B0%B1%E6%B4%BB%E7%94%9F%40%E5%B7%9D%E6%9D%91%E8%BB%8D%E5%9B%A3" n3="%4B%49%54%4F" dan="13,13,15,13" rate="1813.01,2017.20,1978.12,1865.63" sx="M,M,M,M"/><TAIKYOKU oya="0"/><INIT seed="0,0,0,5,2,23" ten="250,250,250,250" oya="0" hai0="50,129,122,36,49,125,2,88,7,51,99,114,34" hai1="119,87,73,6,70,91,77,95,59,130,110,68,10" hai2="76,54,109,65,20,108,118,90,17,43,128,101,21" hai3="111,74,120,26,30,11,92,33,24,113,31,41,131"/><T53/><D114/><U93/><E119/><V3/><F3/><W72/><G113/><T35/><D122/><U133/><E110/><N who="2" m="42603" /><F118/><W97/><G111/><T132/><D36/><U28/><E133/><V38/><F128/><W63/><G120/><T100/><D132/><U89/><E130/><V19/><F101/><W27/><G131/><T37/><D37/><U39/><E39/><V135/><F135/><W134/><G134/><T127/><D129/><U18/><E18/><N who="2" m="6667" /><F76/><W44/><G11/><N who="0" m="2551" /><D53/><U48/><E28/><V84/><F65/><W25/><G63/><T1/><D1/><U117/><E117/><V32/><F32/><W102/><REACH who="3" step="1"/><G31/><REACH who="3" ten="250,250,250,240" step="2"/><T69/><D69/><U58/><E68/><V107/><F107/><W40/><G40/><T61/><D61/><U94/><E70/><V104/><F104/><W126/><G126/><N who="0" m="48139" /><D100/><U115/><E115/><V81/><F43/><W14/><G14/><T105/><D105/><U82/><E48/><AGARI ba="0,1" hai="24,25,26,27,30,33,41,44,48,72,74,92,97,102" machi="48" ten="40,12000,2" yaku="1,1,52,4,53,1" doraHai="23" doraHaiUra="47" who="3" fromWho="1" sc="250,0,250,-120,250,0,240,130" /><INIT seed="1,0,0,4,2,84" ten="250,130,250,370" oya="1" hai0="103,31,116,56,131,104,21,9,128,126,34,0,78" hai1="52,50,8,82,109,55,23,66,7,37,60,16,71" hai2="132,36,43,95,108,134,81,89,91,115,61,27,59" hai3="40,118,122,112,111,11,92,124,6,113,73,107,117"/><U20/><E37/><V97/><F115/><W51/><G107/><T10/><D116/><N who="3" m="44649" /><G73/><T14/><D78/><U38/><E38/><V17/><F108/><W65/><G124/><T32/><D56/><U12/><E109/><V87/><F43/><W39/><G39/><T5/><D103/><U46/><E82/><V2/><F36/><W94/><G65/><T41/><D41/><U85/><E85/><V100/><F2/><N who="3" m="471" /><G111/><T76/><D76/><U69/><E69/><V101/><F132/><W67/><G67/><T98/><D98/><U130/><E130/><N who="0" m="49705" /><D104/><U120/><E120/><V110/><F110/><W26/><G26/><N who="0" m="16847" /><D126/><U28/><E28/><V47/><F47/><N who="3" m="26087" /><G122/><T42/><D42/><U45/><REACH who="1" step="1"/><E7/><AGARI ba="0,0" hai="0,5,7,9,10,14,32,34" m="16847,49705" machi="7" ten="30,3900,0" yaku="19,1,34,2" doraHai="84" who="0" fromWho="1" sc="250,39,130,-39,250,0,370,0" /><INIT seed="2,0,0,1,2,15" ten="289,91,250,370" oya="2" hai0="21,101,43,41,49,117,62,122,65,89,32,114,18" hai1="13,51,67,25,9,63,38,79,46,91,115,23,68" hai2="36,76,134,126,94,50,124,28,60,111,26,40,129" hai3="113,14,10,90,30,11,98,83,71,133,12,85,53"/><V109/><F36/><W106/><G71/><T6/><D32/><U95/><E38/><V112/><F112/><W44/><G113/><T31/><D114/><U20/><E115/><V22/><F76/><W87/><G133/><T64/><D122/><U86/><E25/><V37/><F37/><W110/><G110/><N who="2" m="41993" /><F134/><W125/><G30/><T3/><D31/><U81/><E51/><V1/><F1/><W107/><G98/><T29/><D29/><U34/><E46/><N who="2" m="25927" /><F129/><W84/><G107/><T2/><D101/><U82/><E34/><V93/><F60/><W48/><G106/><T66/><D117/><U52/><E81/><V42/><F42/><W77/><G77/><T54/><D6/><U80/><E80/><V47/><F47/><W39/><G39/><T100/><D100/><U56/><E67/><V45/><F45/><W128/><G128/><T59/><D3/><U99/><REACH who="1" step="1"/><E68/><REACH who="1" ten="289,81,250,370" step="2"/><V73/><F73/><W88/><G125/><AGARI ba="0,1" hai="22,26,28,93,94,124,125,126" m="25927,41993" machi="125" ten="30,5800,0" yaku="18,1,14,1,10,1" doraHai="15" who="2" fromWho="3" sc="289,0,81,0,250,68,370,-58" /><INIT seed="2,1,0,5,5,75" ten="289,81,318,312" oya="2" hai0="27,80,20,30,121,81,126,89,33,125,48,117,70" hai1="76,25,21,93,92,68,84,101,41,78,63,14,122" hai2="12,103,56,32,85,120,94,26,7,69,2,132,46" hai3="51,6,130,40,13,38,111,23,87,0,106,55,31"/><V22/><F69/><W135/><G111/><T1/><D70/><U42/><E122/><V118/><F120/><W97/><G0/><T16/><D121/><U95/><E68/><V60/><F118/><W133/><G130/><T100/><D117/><U104/><E63/><V107/><F107/><W119/><G119/><T54/><D1/><U10/><E104/><V114/><F32/><W124/><G124/><N who="0" m="47723" /><D100/><U74/><E74/><V77/><F114/><W96/><G38/><T129/><D89/><U66/><E66/><N who="2" m="39175" /><F2/><W116/><G40/><T17/><D129/><U112/><E84/><V9/><F132/><W110/><G87/><T5/><D5/><N who="1" m="3407" /><E101/><V3/><F3/><W128/><G110/><T108/><D108/><U35/><E35/><V62/><F62/><W105/><G128/><T15/><D17/><N who="1" m="12463" /><E112/><V61/><F61/><W52/><G116/><T29/><D29/><U98/><E98/><N who="2" m="59863" /><F46/><AGARI ba="1,0" hai="15,16,20,27,30,33,46,48,54,80,81" m="47723" machi="46" ten="30,2000,0" yaku="18,1,54,1" doraHai="75" who="0" fromWho="2" sc="289,23,81,0,318,-23,312,0" /><INIT seed="3,0,0,4,0,1" ten="312,81,295,312" oya="3" hai0="132,124,109,36,80,128,37,112,121,111,89,83,3" hai1="99,13,52,102,97,14,122,15,11,5,27,120,131" hai2="130,70,115,65,9,53,129,25,107,20,81,77,29" hai3="6,7,117,88,66,98,75,69,35,123,8,21,96"/><W16/><G123/><T95/><D121/><U113/><E113/><V72/><F115/><W84/><G75/><T92/><D112/><U12/><E131/><N who="2" m="50187" /><F107/><W64/><G35/><T90/><D128/><U30/><E120/><V104/><F104/><W26/><G117/><T17/><D17/><U56/><E122/><V33/><F53/><W41/><G41/><T59/><D59/><U39/><E39/><V68/><F20/><W57/><G69/><N who="2" m="26729" /><F9/><W23/><G23/><T43/><D43/><U93/><E99/><N who="3" m="37930" /><G8/><T54/><D54/><U19/><E30/><V67/><AGARI ba="0,0" hai="25,29,33,65,67,72,77,81" m="26729,50187" machi="67" ten="40,1500,0" yaku="19,1" doraHai="1" who="2" fromWho="2" sc="312,-4,81,-4,295,15,312,-7" owari="308,11.0,77,-42.0,310,40.0,305,-9.0" /></mjloggm>