<mjloggm ver="2.3"><GO type="97" lobby="0"/><UN n0="%E5%B0%B1%E6%B4%BB%E7%94%9F%40%E5%B7%9D%E6%9D%91%E8%BB%8D%E5%9B%A3" n1="%63%6F%61" n2="%E4%BC%8A%E5%8E%9F%E6%91%A9%E8%80%B6%E8%8A%B1" n3="%44%69%6D%65%62%61%67" dan="15,15,15,15" rate="2016.73,1965.92,2011.16,2018.18" sx="M,M,F,M"/><TAIKYOKU oya="0"/><INIT seed="0,0,0,1,4,12" ten="250,250,250,250" oya="0" hai0="2,62,0,83,120,130,80,3,4,25,46,99,49" hai1="19,70,44,93,90,28,74,48,36,38,104,65,125" hai2="47,129,1,89,56,27,32,21,63,79,58,7,101" hai3="66,132,68,11,33,59,128,122,50,52,107,102,85"/><T35/><D120/><U69/><E104/><V115/><F115/><W95/><G33/><T54/><D130/><U134/><E74/><V15/><F129/><W20/><G128/><T126/><D126/><U135/><E125/><V82/><F1/><W23/><G107/><T55/><D4/><U121/><E121/><V13/><F32/><W6/><G132/><N who="1" m="50730" /><E28/><V118/><F118/><W64/><G122/><T73/><D73/><U42/><E19/><V77/><F101/><W24/><G23/><T9/><D9/><U105/><E105/><V14/><F7/><W17/><G68/><N who="1" m="26218" /><E65/><V131/><F131/><W10/><G10/><T18/><D99/><AGARI ba="0,0" hai="36,38,42,44,48,90,93,99" m="26218,50730" machi="99" ten="30,1000,0" yaku="20,1" doraHai="12" who="1" fromWho="0" sc="250,-10,250,10,250,0,250,0" /><INIT seed="1,0,0,5,2,3" ten="240,260,250,250" oya="1" hai0="80,37,131,52,135,121,133,59,65,46,19,55,129" hai1="98,15,132,7,67,27,29,28,97,62,30,79,45" hai2="128,24,40,47,89,84,39,14,56,26,83,93,71" hai3="69,102,17,9,22,114,23,0,95,18,111,106,61"/><U70/><E132/><N who="0" m="50761" /><D80/><U33/><E79/><V12/><F71/><W108/><G114/><T53/><D19/><U116/><E116/><V57/><F128/><N who="0" m="49226" /><D121/><U112/><E112/><V105/><F105/><W103/><G106/><T92/><D92/><U94/><E45/><V73/><F14/><W85/><G61/><N who="0" m="38079" /><D37/><U54/><E54/><V58/><F12/><W36/><G69/><T81/><D81/><U100/><E98/><V115/><F115/><W119/><G36/><T104/><D104/><U4/><E30/><V130/><F130/><W124/><G119/><T8/><D8/><U11/><E29/><V64/><F83/><W120/><G102/><T90/><D90/><U117/><E117/><V50/><F39/><W99/><G85/><T6/><D6/><AGARI ba="0,0" hai="4,6,7,11,15,27,28,33,62,67,70,94,97,100" machi="6" ten="30,11600,0" yaku="7,1,52,3" doraHai="3" who="1" fromWho="0" sc="240,-116,260,116,250,0,250,0" /><INIT seed="1,1,0,3,5,95" ten="124,376,250,250" oya="1" hai0="79,97,135,76,57,9,7,38,51,39,111,71,117" hai1="102,133,128,59,119,44,34,36,32,31,19,120,130" hai2="125,77,54,82,10,18,112,81,0,69,96,116,105" hai3="6,106,74,134,89,23,40,67,85,58,108,65,109"/><U132/><E119/><V43/><F116/><W86/><G106/><T1/><D71/><U27/><E120/><V93/><F69/><W28/><G74/><T12/><D117/><U26/><E102/><V80/><F105/><W63/><G6/><T17/><D135/><N who="1" m="51787" /><E59/><V98/><F125/><W129/><G129/><N who="1" m="49770" /><E44/><V100/><F112/><W104/><G104/><T84/><D111/><N who="3" m="42569" /><G40/><T87/><D38/><U21/><E36/><V52/><F43/><W14/><G134/><T113/><D39/><U107/><E107/><V5/><F77/><W25/><G14/><T11/><D113/><U24/><E24/><V29/><F29/><W121/><G121/><T72/><D72/><U64/><E64/><V127/><F127/><W92/><G85/><T122/><D122/><U35/><AGARI ba="1,0" hai="19,21,26,27,31,32,34,35" m="49770,51787" machi="35" ten="40,12000,1" yaku="20,1,19,1,34,2" doraHai="95" who="1" fromWho="1" sc="124,-41,376,123,250,-41,250,-41" /><INIT seed="1,2,0,2,3,63" ten="83,499,209,209" oya="1" hai0="65,20,55,121,81,10,112,74,21,125,87,102,57" hai1="52,134,126,51,53,95,120,48,9,114,94,117,83" hai2="122,104,25,70,31,93,75,39,19,35,27,131,67" hai3="49,69,61,68,15,110,66,60,30,3,119,29,86"/><U33/><E33/><V109/><F122/><W85/><G3/><T118/><D112/><U46/><E120/><V98/><F75/><W14/><G49/><T107/><D118/><U115/><E117/><V82/><F39/><W28/><G119/><T24/><D121/><U7/><E126/><V50/><F109/><W5/><G5/><T41/><D125/><U123/><E123/><V47/><F131/><W92/><G92/><T99/><D74/><U17/><E17/><V72/><F104/><W22/><G22/><T113/><D113/><U79/><E134/><V4/><F4/><W132/><G132/><T13/><D41/><U80/><E114/><V32/><F82/><W38/><G38/><T103/><D103/><U64/><E64/><V2/><F2/><W8/><G8/><T100/><D100/><U26/><E26/><V58/><F72/><W133/><G133/><T16/><D65/><U84/><E83/><V44/><F70/><W77/><G77/><T76/><REACH who="0" step="1"/><D24/><REACH who="0" ten="73,499,209,209" step="2"/><U97/><E115/><V111/><F67/><W43/><G43/><T128/><D128/><U18/><E97/><V135/><F135/><W40/><G40/><T54/><D54/><U36/><E36/><V124/><F124/><W37/><G66/><T116/><D116/><U88/><E52/><V91/><F27/><W71/><G37/><T90/><D90/><U78/><E53/><V105/><F25/><W11/><G110/><T45/><D45/><U62/><E46/><V23/><F111/><W108/><G108/><T0/><D0/><U127/><E127/><V42/><F42/><RYUUKYOKU ba="2,1" sc="73,30,499,-10,209,-10,209,-10" hai0="10,13,16,20,21,55,57,76,81,87,99,102,107" /><INIT seed="2,3,1,5,1,35" ten="103,489,199,199" oya="2" hai0="52,105,111,119,2,114,135,81,126,11,66,50,9" hai1="131,40,62,89,116,54,27,42,128,102,61,56,78" hai2="38,112,39,125,6,47,14,85,49,12,63,22,5" hai3="101,65,120,53,33,59,129,88,98,93,17,84,13"/><V69/><F112/><W60/><G33/><T28/><D114/><U80/><E116/><V44/><F125/><W91/><G120/><T29/><D105/><U92/><E102/><V4/><F69/><W108/><G108/><T70/><D111/><U94/><E27/><V3/><F63/><W8/><G129/><N who="1" m="49738" /><E61/><V104/><F104/><W124/><G124/><T95/><D119/><U73/><E94/><V43/><F3/><W115/><G115/><T76/><D126/><U99/><AGARI ba="3,1" hai="40,42,54,56,62,73,78,80,89,92,99" m="49738" machi="99" ten="30,1100,0" yaku="19,1" doraHai="35" who="1" fromWho="1" sc="103,-6,489,30,199,-8,199,-6" /><INIT seed="3,0,0,2,0,30" ten="97,519,191,193" oya="3" hai0="121,120,112,89,134,53,18,94,23,108,34,123,27" hai1="49,124,39,99,109,104,59,128,133,131,4,79,98" hai2="26,111,1,13,50,51,11,65,66,47,101,54,57" hai3="22,43,61,90,58,44,117,71,116,16,12,21,105"/><W77/><G105/><T48/><D108/><U29/><E109/><V73/><F73/><W5/><G5/><T119/><D112/><U135/><E39/><V93/><F1/><W103/><G103/><T84/><D134/><N who="1" m="51211" /><E124/><V0/><F0/><W110/><G71/><T25/><D119/><U100/><E4/><N who="2" m="3303" /><F26/><W87/><G77/><T69/><D69/><U41/><E29/><V36/><F36/><W74/><G22/><T82/><D82/><U127/><E127/><V20/><F20/><W38/><G74/><T97/><D97/><U3/><E3/><V63/><F111/><W130/><G130/><T45/><REACH who="0" step="1"/><D27/><REACH who="0" ten="87,519,191,193" step="2"/><U7/><E7/><V126/><F126/><W86/><G110/><T88/><D88/><U102/><E79/><V31/><F101/><W55/><G86/><T62/><D62/><U35/><E35/><V60/><F60/><W80/><AGARI ba="0,1" hai="12,16,21,38,43,44,55,58,61,80,87,90,116,117" machi="80" ten="20,3900,0" yaku="0,1,7,1,54,1" doraHai="30" who="3" fromWho="3" sc="87,-13,519,-13,191,-13,193,49" /><INIT seed="3,1,0,1,1,84" ten="74,506,178,242" oya="3" hai0="90,58,122,4,94,124,48,120,12,11,69,106,114" hai1="116,38,97,109,19,91,133,37,24,125,83,95,119" hai2="7,107,21,85,52,56,100,92,126,82,129,43,98" hai3="135,86,89,22,57,113,51,33,36,39,61,54,71"/><W49/><G113/><T59/><D106/><U2/><E2/><V131/><F126/><W18/><G33/><T25/><D69/><U75/><E125/><V66/><F66/><W13/><G135/><T65/><D114/><U87/><E75/><V23/><F43/><W20/><G51/><T68/><D124/><U9/><E133/><V93/><F7/><W102/><G102/><T1/><D122/><U3/><E109/><V46/><F46/><W63/><G71/><T27/><D120/><U96/><E96/><V118/><F118/><N who="1" m="45097" /><E3/><V31/><F93/><N who="3" m="54455" /><G39/><T15/><D68/><U76/><E9/><V62/><F107/><W6/><G36/><T53/><D1/><U34/><E19/><V67/><F67/><W8/><G20/><T127/><D127/><U115/><E115/><V128/><REACH who="2" step="1"/><F31/><AGARI ba="1,0" hai="24,31,34,37,38,76,83,87,91,95,97" m="45097" machi="31" ten="30,2000,0" yaku="12,1,52,1" doraHai="84" who="1" fromWho="2" sc="74,0,506,23,178,-23,242,0" owari="74,-43.0,529,63.0,155,-24.0,242,4.0" /></mjloggm>