<mjloggm ver="2.3"><GO type="41" lobby="0"/><UN n0="%E3%83%A2%E3%83%8B%E3%83%BC" n1="%E5%B0%B1%E6%B4%BB%E7%94%9F%40%E5%B7%9D%E6%9D%91%E8%BB%8D%E5%9B%A3" n2="%74%70%39" n3="%E3%81%8A%E3%81%98%E3%81%8A" dan="14,16,14,17" rate="2035.01,2170.40,1967.60,2107.43" sx="M,M,M,M"/><TAIKYOKU oya="0"/><INIT seed="0,0,0,4,0,17" ten="250,250,250,250" oya="0" hai0="93,50,64,129,53,108,66,58,89,68,60,113,38" hai1="22,111,94,44,36,81,85,7,8,112,19,40,1" hai2="106,86,105,114,65,5,72,56,125,55,124,48,47" hai3="33,91,41,23,39,102,87,14,96,132,46,74,73"/><T130/><D113/><U127/><E111/><V15/><F72/><W104/><G33/><T42/><D108/><U76/><E127/><V32/><F32/><W57/><G132/><T117/><D117/><U69/><E112/><V95/><F114/><W83/><REACH who="3" step="1"/><G57/><REACH who="3" ten="250,250,250,240" step="2"/><T16/><D129/><U134/><E134/><V43/><F56/><W37/><G37/><T80/><D130/><U98/><E69/><V24/><F125/><W67/><G67/><T126/><D126/><U59/><E59/><V21/><F65/><W34/><G34/><T90/><D38/><U3/><E3/><V29/><F124/><W10/><G10/><T131/><D131/><U26/><E36/><V110/><F110/><W25/><G25/><T13/><D68/><U71/><E71/><V123/><F123/><W12/><G12/><T103/><D64/><U119/><E119/><V109/><F109/><W52/><G52/><T115/><D115/><U77/><E40/><V35/><F35/><W49/><G49/><T135/><D135/><U120/><E120/><V99/><F43/><W6/><G6/><T118/><D118/><U133/><E133/><V116/><F116/><W0/><G0/><T54/><D42/><U4/><E4/><V27/><F24/><W97/><G97/><N who="0" m="59823" /><D66/><U121/><E121/><V20/><F99/><W75/><G75/><T128/><D128/><U70/><E70/><V122/><F122/><W107/><G107/><N who="2" m="40969" /><F5/><W9/><G9/><N who="0" m="6191" /><D53/><U62/><E1/><V92/><F86/><W30/><G30/><T18/><D50/><U79/><E8/><V61/><F61/><RYUUKYOKU ba="0,1" sc="250,-15,250,-15,250,15,240,15" hai2="15,20,21,27,29,47,48,55,92,95" hai3="14,23,39,41,46,73,74,83,87,91,96,102,104" /><INIT seed="1,1,1,3,0,79" ten="235,235,265,255" oya="1" hai0="126,80,134,73,118,113,0,46,65,129,34,38,95" hai1="89,77,116,42,84,92,25,74,135,33,96,97,107" hai2="45,61,24,52,40,109,28,125,90,114,130,119,22" hai3="6,70,127,103,31,12,110,9,53,57,16,44,18"/><U88/><E116/><V58/><F119/><W117/><G70/><T111/><D95/><N who="1" m="54663" /><E42/><V106/><F106/><W78/><G110/><T32/><D80/><N who="1" m="45111" /><E33/><V86/><F109/><W54/><G127/><T4/><D46/><U23/><E23/><V108/><F108/><W5/><G31/><T69/><D65/><U43/><E43/><V7/><F125/><W62/><G117/><T67/><D67/><U11/><E11/><V29/><F114/><W122/><G122/><T47/><D47/><U121/><E25/><V94/><F130/><W93/><G78/><T105/><D4/><N who="3" m="1641" /><G18/><T85/><D85/><N who="1" m="52271" /><E121/><AGARI ba="1,1" hai="0,32,34,38,69,73,105,111,113,118,121,126,129,134" machi="121" ten="0,32000,5" yakuman="47" doraHai="79" who="0" fromWho="1" sc="235,333,235,-323,265,0,255,0" owari="568,66.0,-88,-59.0,265,7.0,255,-14.0" /></mjloggm>