<mjloggm ver="2.3"><GO type="97" lobby="0"/><UN n0="%E5%B0%B1%E6%B4%BB%E7%94%9F%40%E5%B7%9D%E6%9D%91%E8%BB%8D%E5%9B%A3" n1="%E8%B6%B3%E3%81%AE%E8%B8%8F%E3%81%BF%E5%A0%B4%E3%82%82%E3%81%AA%E3%81%84" n2="%28%E3%81%A8%E3%83%BB%E3%81%A6%EF%BE%89%29" n3="%E5%B0%8F%E8%B1%86%E6%A2%93%E2%99%AA" dan="15,15,14,14" rate="1989.23,2011.35,1946.87,1924.25" sx="M,M,M,F"/><TAIKYOKU oya="0"/><INIT seed="0,0,0,5,1,0" ten="250,250,250,250" oya="0" hai0="19,129,21,32,118,119,8,114,135,94,60,50,4" hai1="62,44,26,55,34,70,59,123,122,131,1,72,116" hai2="104,108,74,17,106,99,113,12,120,37,87,31,2" hai3="101,121,23,124,46,42,84,6,3,35,39,71,76"/><T117/><D32/><U125/><E26/><V58/><F120/><W92/><G71/><T54/><D114/><U61/><E72/><V127/><F113/><W36/><G35/><T95/><D129/><U81/><E81/><V66/><F37/><W85/><G121/><T48/><D135/><U88/><E1/><V67/><F74/><W82/><G124/><T102/><D60/><U22/><E22/><V107/><F2/><W86/><G39/><T73/><D73/><U111/><E34/><V10/><F108/><W14/><G3/><T43/><D43/><U83/><E83/><V98/><F127/><W40/><G40/><T11/><D11/><U68/><E88/><V80/><F31/><W64/><G64/><T134/><D134/><U63/><E125/><V93/><F58/><W57/><G57/><T89/><D102/><U28/><E28/><V56/><F56/><W69/><G69/><N who="1" m="26730" /><E111/><V29/><F29/><W90/><G101/><T33/><D33/><U47/><E131/><V5/><F17/><W79/><G79/><T130/><D130/><U27/><E27/><V51/><F51/><W16/><G6/><T77/><D77/><U65/><E116/><V52/><F52/><W7/><G7/><T13/><D54/><U126/><E126/><V20/><F20/><W30/><G30/><T75/><D75/><AGARI ba="0,0" hai="14,16,23,36,42,46,75,76,82,84,85,86,90,92" machi="75" ten="30,2000,0" yaku="7,1,54,1" doraHai="0" who="3" fromWho="0" sc="250,-20,250,0,250,0,250,20" /><INIT seed="1,0,0,3,0,27" ten="230,250,250,270" oya="1" hai0="99,118,104,101,20,39,117,57,51,4,133,64,23" hai1="97,19,74,126,24,119,69,95,63,70,43,60,83" hai2="85,65,87,94,66,6,47,3,98,135,58,56,127" hai3="48,107,109,1,21,84,108,92,86,12,30,35,44"/><U33/><E119/><V55/><F135/><W105/><G1/><T110/><D39/><U120/><E120/><V116/><F127/><W25/><G12/><T112/><D112/><U52/><E43/><V31/><F116/><W8/><G8/><T32/><D32/><U50/><E126/><V41/><F3/><W115/><G115/><T26/><D133/><U13/><E70/><V67/><F6/><W132/><G132/><T129/><D129/><U121/><E121/><V37/><F31/><W106/><G35/><T81/><D110/><N who="3" m="42601" /><G92/><T96/><D4/><U7/><E7/><V90/><REACH who="2" step="1"/><F58/><REACH who="2" ten="230,250,240,270" step="2"/><W29/><G29/><T89/><D57/><U34/><E69/><V18/><F18/><W61/><G61/><AGARI ba="0,1" hai="37,41,47,55,56,61,65,66,67,85,87,90,94,98" machi="61" ten="40,2600,0" yaku="1,1,53,1" doraHai="27" doraHaiUra="68" who="2" fromWho="3" sc="230,0,250,0,240,36,270,-26" /><INIT seed="2,0,0,1,1,63" ten="230,250,276,244" oya="2" hai0="62,105,38,52,5,21,73,114,76,37,54,119,86" hai1="111,90,0,20,19,1,36,25,57,81,131,85,79" hai2="89,17,109,26,98,35,3,4,64,69,41,28,108" hai3="53,135,9,101,82,39,128,113,70,120,55,102,95"/><V2/><F41/><W110/><G120/><T23/><D105/><U133/><E36/><V45/><F45/><W65/><G39/><T130/><D73/><U59/><E111/><N who="2" m="42571" /><F4/><W99/><G110/><T68/><D119/><U31/><E133/><V93/><F17/><W30/><G135/><T48/><D114/><U123/><E131/><V77/><F77/><W22/><G128/><T84/><D130/><U134/><E134/><V33/><F33/><W80/><G113/><T32/><D32/><U91/><E123/><V15/><F15/><W12/><G101/><T42/><D5/><U125/><E1/><V115/><F115/><W6/><G70/><T16/><D23/><U104/><E0/><V106/><F106/><W100/><G100/><T67/><D54/><U56/><E104/><V78/><F78/><W129/><G129/><T13/><D76/><U122/><E122/><V66/><F69/><W112/><G112/><T14/><D14/><U50/><E19/><V88/><F89/><W83/><G30/><T132/><D132/><U7/><E7/><V118/><F118/><W27/><G27/><T8/><D8/><U87/><E79/><V58/><F66/><W124/><G22/><T43/><D38/><U92/><E50/><V121/><F121/><W18/><G6/><T44/><D42/><U24/><E24/><V47/><F47/><AGARI ba="0,0" hai="13,16,21,37,43,44,47,48,52,62,67,68,84,86" machi="47" ten="30,7700,0" yaku="7,1,52,1,54,2" doraHai="63" who="0" fromWho="2" sc="230,77,250,0,276,-77,244,0" /><INIT seed="3,0,0,5,5,133" ten="307,250,199,244" oya="3" hai0="108,124,9,64,60,10,128,57,86,126,48,125,38" hai1="119,87,78,4,75,3,88,61,36,76,70,65,73" hai2="58,89,131,29,90,92,66,28,21,43,53,121,13" hai3="59,130,102,120,35,19,6,111,96,103,117,132,54"/><W5/><G117/><T74/><D108/><U56/><E119/><V104/><F104/><W69/><G69/><T52/><D128/><U72/><E36/><V79/><F131/><W44/><G35/><T122/><D122/><U123/><E123/><V22/><F121/><W39/><G130/><T118/><D74/><U40/><E40/><V51/><F79/><W101/><G120/><T27/><D38/><U127/><E127/><V110/><F110/><W67/><G111/><T15/><D118/><U11/><REACH who="1" step="1"/><E70/><REACH who="1" ten="307,240,199,244" step="2"/><V85/><F43/><W17/><G39/><T114/><D114/><U97/><E97/><V55/><F66/><W33/><G96/><T80/><D27/><U71/><E71/><V42/><F42/><W14/><G67/><T105/><D15/><U30/><E30/><V62/><F89/><W1/><G14/><T134/><D134/><U26/><E26/><V107/><F107/><W83/><G132/><T68/><D105/><U46/><E46/><V37/><F37/><W8/><G44/><T84/><D84/><U109/><E109/><V129/><F129/><W34/><G1/><T2/><D2/><U41/><E41/><V106/><F106/><W115/><G115/><T77/><AGARI ba="0,1" hai="9,10,48,52,57,60,64,68,77,80,86,124,125,126" machi="77" ten="30,12000,2" yaku="0,1,18,1,52,3,54,1" doraHai="133" who="0" fromWho="0" sc="307,130,240,-30,199,-30,244,-60" owari="437,54.0,210,1.0,169,-33.0,184,-22.0" /></mjloggm>