<mjloggm ver="2.3"><GO type="97" lobby="0"/><UN n0="%E5%B0%B1%E6%B4%BB%E7%94%9F%40%E5%B7%9D%E6%9D%91%E8%BB%8D%E5%9B%A3" n1="%6D%74%73%74" n2="%E3%81%8B%E3%82%93%E3%81%BF%E3%81%AD" n3="%2D%6B%6F%6B%6F%2D" dan="14,13,15,14" rate="1993.51,1957.63,2028.01,1902.15" sx="M,M,M,M"/><TAIKYOKU oya="0"/><INIT seed="0,0,0,0,0,17" ten="250,250,250,250" oya="0" hai0="90,5,1,111,60,134,128,108,0,55,25,118,45" hai1="51,82,115,123,13,53,48,75,69,21,121,74,91" hai2="126,112,116,103,28,56,102,33,125,135,63,86,119" hai3="83,44,42,87,43,14,95,110,41,22,66,101,62"/><T97/><D118/><N who="2" m="45098" /><F112/><W73/><G73/><T92/><D128/><U131/><E131/><V85/><F135/><W114/><G110/><N who="0" m="42027" /><D134/><U49/><E69/><V98/><F28/><W26/><G14/><T130/><D130/><U77/><E115/><V113/><F33/><W94/><G44/><T88/><D5/><U109/><E109/><V39/><F39/><W6/><G6/><T38/><D90/><U52/><E91/><V10/><F10/><W36/><G101/><N who="2" m="38409" /><F98/><W64/><G36/><T132/><D132/><U72/><E21/><V23/><F23/><W50/><G114/><T107/><D107/><U11/><E11/><V59/><F113/><W127/><G43/><N who="0" m="22775" /><D25/><U4/><E4/><V7/><F7/><W76/><G42/><T32/><D32/><U12/><E82/><V29/><F29/><W100/><G41/><T104/><D104/><U35/><E35/><V20/><F20/><W105/><G26/><T34/><D34/><U99/><E99/><V120/><F120/><N who="1" m="46153" /><E77/><V31/><F31/><W71/><G22/><T133/><D133/><U80/><E80/><V65/><F59/><AGARI ba="0,0" hai="0,1,55,59,60,88,92,97" m="22775,42027" machi="59" ten="30,5800,0" yaku="14,1,10,1,54,1" doraHai="17" who="0" fromWho="2" sc="250,58,250,0,250,-58,250,0" /><INIT seed="0,1,0,0,3,100" ten="308,250,192,250" oya="0" hai0="1,13,69,28,76,130,14,52,25,120,111,114,97" hai1="85,16,24,44,103,125,67,105,31,55,72,48,104" hai2="40,37,89,61,12,101,42,108,2,131,60,88,0" hai3="38,115,59,95,134,116,128,79,123,35,117,73,118"/><T34/><D114/><U75/><E125/><V46/><F108/><W23/><G35/><T5/><D120/><U66/><E103/><V18/><F131/><W94/><G38/><T92/><D76/><U81/><E31/><V124/><F124/><W21/><G115/><T86/><D69/><U54/><E24/><V96/><F42/><W71/><G71/><T11/><D111/><U30/><E30/><V50/><F37/><W87/><G73/><T36/><D36/><U3/><E3/><V121/><F121/><W98/><G123/><T110/><D110/><U15/><E55/><V49/><F49/><W102/><G134/><T53/><D86/><U84/><E85/><V83/><F2/><W80/><G128/><T112/><D112/><U29/><E29/><V26/><F26/><W58/><G58/><T17/><D130/><U133/><E133/><V20/><F0/><W91/><REACH who="3" step="1"/><G59/><REACH who="3" ten="308,250,192,240" step="2"/><T62/><D62/><U32/><E75/><V19/><F61/><W68/><G68/><T82/><D82/><U51/><E72/><V132/><F60/><W107/><G107/><T99/><D99/><U22/><E32/><V122/><F83/><W90/><G90/><T127/><D127/><U93/><E51/><V129/><F122/><W119/><N who="3" m="29696" /><DORA hai="56" /><W70/><G70/><T63/><D63/><U43/><E93/><N who="2" m="58511" /><F129/><W106/><G106/><T109/><D109/><U57/><E67/><V10/><F132/><W135/><G135/><T45/><D92/><U64/><E64/><V77/><F77/><W7/><G7/><T126/><D5/><U113/><E113/><RYUUKYOKU ba="1,1" sc="308,-15,250,-15,192,15,240,15" hai2="10,12,18,19,20,40,46,50,88,89" hai3="21,23,79,80,87,91,94,95,98,102" /><INIT seed="1,2,1,1,3,94" ten="293,235,207,255" oya="1" hai0="36,101,71,117,111,21,113,61,33,88,114,60,45" hai1="84,63,40,16,18,4,20,68,125,132,55,92,119" hai2="95,123,129,78,23,96,81,99,102,80,32,131,134" hai3="115,128,38,43,15,133,24,67,79,26,91,98,28"/><U85/><E125/><V44/><F32/><W122/><G122/><T19/><D33/><U56/><E132/><V5/><F123/><W72/><G115/><T42/><D117/><U103/><E119/><V22/><F134/><W59/><G128/><N who="2" m="49225" /><F5/><W73/><G79/><T110/><D101/><U17/><E68/><V51/><F99/><W107/><G15/><T93/><D113/><U8/><E40/><N who="2" m="24967" /><F81/><W3/><G98/><N who="0" m="57639" /><D71/><U57/><E56/><V10/><F10/><W12/><G59/><T75/><D75/><AGARI ba="2,1" hai="22,23,75,78,80,95,96,102" m="24967,49225" machi="75" ten="30,2000,0" yaku="19,1,52,1" doraHai="94" who="2" fromWho="0" sc="293,-26,235,0,207,36,255,0" /><INIT seed="2,0,0,4,4,33" ten="267,235,243,255" oya="2" hai0="62,55,127,81,10,125,126,88,17,123,71,54,18" hai1="104,129,69,135,48,114,66,101,118,120,49,103,46" hai2="95,26,60,3,31,41,80,131,29,93,86,40,92" hai3="20,22,6,34,58,28,1,4,57,98,109,134,72"/><V70/><F131/><W113/><G72/><T11/><D123/><U79/><E129/><V78/><F3/><W16/><G98/><T15/><D71/><U67/><E120/><V112/><F112/><W100/><G100/><T59/><D54/><U124/><E135/><V96/><F96/><W7/><G58/><T5/><D11/><U121/><E124/><V56/><F70/><W53/><G53/><T74/><D74/><U119/><E121/><V52/><REACH who="2" step="1"/><F31/><REACH who="2" ten="267,235,233,255" step="2"/><W63/><G28/><T23/><D23/><AGARI ba="0,1" hai="23,26,29,40,41,52,56,60,78,80,86,92,93,95" machi="23" ten="40,12000,1" yaku="1,1,2,1,8,1,54,1,53,1" doraHai="33" doraHaiUra="82" who="2" fromWho="0" sc="267,-120,235,0,233,130,255,0" /><INIT seed="2,1,0,3,4,86" ten="147,235,363,255" oya="2" hai0="55,50,80,104,63,82,105,3,103,131,93,54,87" hai1="92,94,47,27,99,89,64,66,44,97,4,18,88" hai2="61,124,121,83,48,122,90,0,28,29,21,5,10" hai3="35,114,120,1,46,36,135,100,115,127,51,14,58"/><V123/><F124/><W126/><G1/><T56/><D3/><U108/><E108/><V117/><F117/><W37/><G120/><T98/><D131/><U45/><E4/><V134/><F134/><W34/><G58/><T133/><D133/><U13/><E27/><V19/><F48/><W8/><G100/><T39/><D39/><N who="3" m="14921" /><G135/><T33/><D33/><N who="3" m="12297" /><G51/><T59/><REACH who="0" step="1"/><D82/><REACH who="0" ten="137,235,363,255" step="2"/><U95/><REACH who="1" step="1"/><E94/><REACH who="1" ten="137,225,363,255" step="2"/><V102/><F123/><W75/><G126/><T7/><D7/><U62/><E62/><V85/><F61/><W2/><G127/><T65/><D65/><U9/><AGARI ba="1,2" hai="9,13,18,44,45,47,64,66,88,89,92,95,97,99" machi="9" ten="30,12000,2" yaku="1,1,0,1,9,1,8,1,52,2,54,1,53,0" doraHai="86" doraHaiUra="119" who="1" fromWho="1" sc="137,-31,225,143,363,-61,255,-31" /><INIT seed="3,0,0,5,3,53" ten="106,368,302,224" oya="3" hai0="83,75,58,28,77,93,35,78,123,41,55,60,127" hai1="105,59,63,90,72,37,50,121,97,31,32,8,89" hai2="85,10,44,64,34,23,117,61,124,112,19,87,38" hai3="11,135,30,33,88,101,56,43,120,9,79,40,108"/><W81/><G120/><T134/><D123/><U126/><E121/><V54/><F34/><W80/><G101/><T103/><D127/><U73/><E126/><V128/><F124/><W74/><G33/><T22/><D134/><U84/><E37/><V118/><F112/><W42/><G30/><T116/><D116/><U16/><E105/><V36/><F128/><W68/><G68/><T119/><D119/><U26/><E50/><V91/><F87/><N who="3" m="48543" /><G135/><T65/><D35/><U48/><E48/><V4/><F38/><W17/><G74/><T18/><D41/><U66/><E97/><V12/><F36/><W86/><G108/><T67/><D78/><U130/><E130/><V6/><F118/><W3/><G3/><T7/><D7/><U27/><E27/><V52/><F117/><W125/><G125/><T21/><D28/><U82/><REACH who="1" step="1"/><E90/><REACH who="1" ten="106,358,302,224" step="2"/><V15/><F44/><W122/><G122/><T107/><D107/><U132/><E132/><V133/><F133/><W71/><G71/><T96/><REACH who="0" step="1"/><D22/><REACH who="0" ten="96,358,302,224" step="2"/><U94/><E94/><N who="2" m="54639" /><F6/><W92/><G92/><T13/><AGARI ba="0,2" hai="13,18,21,55,58,60,65,67,75,77,83,93,96,103" machi="13" ten="20,8000,1" yaku="1,1,0,1,7,1,52,1,53,1" doraHai="53" doraHaiUra="49" who="0" fromWho="0" sc="96,100,358,-20,302,-20,224,-40" owari="196,-20.0,338,44.0,282,8.0,184,-32.0" /></mjloggm>