<mjloggm ver="2.3"><GO type="169" lobby="0"/><UN n0="%50%61%65%6C%6C%61" n1="%E6%96%B0%E9%96%8B%E5%96%84%E6%96%87" n2="%74%75%75%6B%61%69%33" n3="%E3%82%A6%E3%83%AB%E3%83%88%E3%83%A9%E7%AB%8B%E7%9B%B4" dan="16,17,17,17" rate="2045.34,2158.95,2230.04,2141.57" sx="M,F,M,M"/><TAIKYOKU oya="0"/><INIT seed="0,0,0,0,5,26" ten="250,250,250,250" oya="0" hai0="43,111,95,92,7,35,131,85,34,65,79,48,28" hai1="58,82,8,15,24,18,88,108,59,89,3,6,49" hai2="54,118,72,76,110,25,13,129,74,10,41,104,105" hai3="19,120,115,109,90,103,67,61,84,16,30,4,9"/><T69/><D131/><U96/><E108/><V99/><F41/><W125/><G115/><T66/><D7/><U119/><E119/><V64/><F64/><W51/><G109/><T5/><D5/><U122/><E122/><V121/><F54/><W33/><G125/><T23/><D111/><U73/><E73/><N who="2" m="28267" /><F25/><W113/><G113/><T47/><D23/><U100/><E82/><V94/><F13/><N who="3" m="5287" /><G33/><T11/><D11/><U97/><E97/><V36/><F10/><W132/><G132/><T63/><D66/><U0/><E0/><V102/><F36/><W134/><G103/><T106/><D106/><N who="2" m="41066" /><F110/><W101/><G19/><T71/><D71/><U107/><E24/><V53/><F53/><W114/><G16/><T42/><D42/><U21/><REACH who="1" step="1"/><E49/><REACH who="1" ten="250,240,250,250" step="2"/><V135/><F121/><W46/><G51/><T78/><D48/><U55/><E55/><V126/><F118/><W37/><G120/><T91/><D43/><U70/><E70/><V17/><F126/><W93/><G114/><T20/><D69/><U56/><AGARI ba="0,1" hai="3,6,8,15,18,21,56,58,59,88,89,96,100,107" machi="56" ten="30,4000,0" yaku="1,1,0,1,54,1,53,0" doraHai="26" doraHaiUra="75" who="1" fromWho="1" sc="250,-20,240,50,250,-10,250,-10" /><INIT seed="1,0,0,1,3,132" ten="230,290,240,240" oya="1" hai0="38,119,86,98,72,65,131,110,16,106,91,0,24" hai1="59,57,45,10,61,121,85,134,104,71,47,6,49" hai2="123,112,89,95,92,117,4,22,53,36,116,52,114" hai3="133,126,125,100,60,1,62,51,69,58,81,103,40"/><U83/><E121/><V18/><F36/><W30/><G1/><T5/><D110/><U111/><E104/><V48/><F4/><W11/><G133/><T77/><D119/><U39/><E39/><V44/><F53/><N who="3" m="32063" /><G30/><T21/><D38/><U88/><E134/><V128/><F123/><W67/><G11/><T96/><D131/><U124/><E111/><V101/><F101/><W50/><G81/><T73/><D65/><U37/><E37/><V27/><F128/><W135/><G135/><T127/><D127/><N who="3" m="48649" /><G62/><T118/><D118/><N who="2" m="45674" /><F89/><W80/><G80/><T25/><D91/><U84/><E124/><V97/><F97/><W66/><G66/><T70/><D98/><U107/><E83/><V34/><F34/><W113/><G113/><AGARI ba="0,0" hai="18,22,27,44,48,52,92,95,112,113,114" m="45674" machi="113" ten="30,2000,0" yaku="11,1,54,1" doraHai="132" who="2" fromWho="3" sc="230,0,290,0,240,20,240,-20" /><INIT seed="2,0,0,1,1,41" ten="230,290,260,220" oya="2" hai0="50,46,65,9,89,39,15,57,111,75,81,117,28" hai1="37,11,48,61,105,29,47,116,110,112,68,31,30" hai2="22,95,44,43,96,122,56,80,69,62,101,38,10" hai3="113,59,1,12,135,132,94,128,100,88,24,73,76"/><V19/><F122/><W102/><G1/><T104/><D111/><U86/><E112/><V83/><F69/><W13/><G113/><T121/><D104/><U97/><E37/><V16/><F10/><W106/><G128/><T92/><D121/><U124/><E110/><V82/><REACH who="2" step="1"/><F22/><REACH who="2" ten="230,290,250,220" step="2"/><W129/><G129/><T33/><D33/><U2/><E11/><V58/><F58/><W118/><G59/><T125/><D57/><U45/><E68/><V108/><F108/><W0/><G118/><T120/><D117/><U71/><E71/><V18/><F18/><W109/><G109/><T74/><D120/><U32/><E116/><V107/><F107/><W25/><G106/><T85/><D28/><U119/><E32/><V130/><F130/><W53/><G135/><T3/><D9/><U93/><E119/><V66/><AGARI ba="0,1" hai="16,19,38,43,44,56,62,66,80,82,83,95,96,101" machi="66" ten="30,11700,0" yaku="1,1,0,1,52,1,54,1,53,0" doraHai="41" doraHaiUra="72" who="2" fromWho="2" sc="230,-39,290,-39,250,127,220,-39" /><INIT seed="2,1,0,5,2,127" ten="191,251,377,181" oya="2" hai0="111,43,78,45,119,134,15,105,25,112,99,53,124" hai1="46,7,68,44,59,19,3,2,114,8,27,86,16" hai2="91,76,18,41,130,113,95,135,56,14,47,84,129" hai3="89,73,100,20,121,93,9,118,102,80,104,69,126"/><V11/><F113/><W55/><G69/><T40/><D111/><U97/><E68/><V106/><F106/><W116/><G9/><T21/><D112/><U65/><E2/><V110/><F135/><W64/><G64/><T103/><D124/><U108/><E108/><V38/><F110/><W87/><G55/><T98/><D134/><U37/><E114/><V12/><F76/><N who="3" m="44047" /><G20/><T96/><D119/><N who="3" m="45609" /><G121/><T57/><D78/><U39/><E97/><V81/><F81/><W42/><G42/><T74/><D74/><U92/><E39/><V31/><F31/><W71/><G71/><T77/><D77/><U1/><E1/><V62/><REACH who="2" step="1"/><F14/><REACH who="2" ten="191,251,367,181" step="2"/><W61/><G126/><T128/><D15/><U6/><E3/><V83/><F83/><W13/><G13/><T4/><D105/><U122/><E122/><V49/><F49/><W54/><G104/><T67/><D103/><U32/><E37/><V79/><F79/><W75/><G102/><T85/><D25/><U125/><E27/><V24/><F24/><W123/><G100/><T5/><D40/><U35/><E125/><V10/><F10/><W50/><G75/><T90/><D43/><U70/><E8/><V34/><F34/><W72/><G72/><T48/><D21/><U82/><E32/><V132/><F132/><W36/><G36/><T88/><D48/><U117/><E117/><V22/><F22/><W63/><G123/><T109/><D109/><U52/><E82/><V66/><AGARI ba="1,1" hai="11,12,18,38,41,47,56,62,66,84,91,95,129,130" machi="66" ten="30,12000,1" yaku="1,1,0,1,52,2,53,1" doraHai="127" doraHaiUra="58" who="2" fromWho="2" sc="191,-41,251,-41,367,133,181,-41" /><INIT seed="2,2,0,4,1,72" ten="150,210,500,140" oya="2" hai0="79,46,2,3,27,128,88,95,38,100,1,48,29" hai1="133,55,119,112,18,77,124,81,84,125,35,73,87" hai2="23,90,21,50,41,78,68,6,16,116,104,132,32" hai3="94,51,25,102,17,60,114,92,129,63,80,105,71"/><V52/><F32/><W117/><G129/><T14/><D128/><U131/><E35/><V45/><F104/><W20/><G117/><T58/><D100/><U97/><E131/><V109/><F116/><W91/><G114/><T121/><D121/><U120/><E119/><V64/><F6/><W8/><G71/><T127/><D127/><U96/><E112/><V26/><F132/><W59/><G105/><T5/><D38/><U49/><E133/><V65/><F109/><W30/><G80/><T122/><D58/><U101/><E18/><N who="2" m="12599" /><F68/><W22/><G8/><T15/><D122/><U12/><E12/><N who="2" m="9607" /><F90/><W75/><G75/><T106/><D106/><U37/><E37/><V44/><F78/><W62/><G102/><T10/><D79/><N who="1" m="44271" /><E120/><V28/><F28/><W4/><G4/><T98/><D14/><U39/><E39/><V7/><F7/><W19/><G91/><T53/><REACH who="0" step="1"/><D15/><REACH who="0" ten="140,210,500,140" step="2"/><U13/><E13/><V108/><F108/><W33/><G19/><T56/><D56/><U54/><E124/><V40/><F45/><W93/><G17/><T86/><D86/><U57/><E125/><V113/><F113/><W66/><G66/><AGARI ba="2,1" hai="40,41,44,50,52,64,65,66" m="9607,12599" machi="66" ten="30,5800,0" yaku="8,1,54,2" doraHai="72" who="2" fromWho="3" sc="140,0,210,0,500,74,140,-64" /><INIT seed="2,3,0,1,5,5" ten="140,210,574,76" oya="2" hai0="120,65,36,4,21,135,67,104,35,118,78,70,62" hai1="131,53,103,77,93,76,83,85,23,0,41,117,114" hai2="48,71,13,30,80,90,100,34,128,79,126,26,31" hai3="24,84,56,105,122,17,38,94,1,28,6,91,46"/><V25/><F71/><W99/><G122/><T64/><D120/><U81/><E117/><V52/><F100/><W98/><G17/><T58/><D135/><U69/><E69/><V72/><F128/><W22/><G105/><T107/><D35/><U11/><E114/><V89/><F13/><W54/><G38/><T133/><D133/><U132/><E132/><V32/><REACH who="2" step="1"/><F126/><REACH who="2" ten="140,210,564,76" step="2"/><W124/><G124/><T121/><D70/><U125/><E125/><V61/><F61/><N who="3" m="35991" /><G1/><T57/><D62/><U115/><E131/><V113/><F113/><W112/><G112/><T51/><D118/><U60/><E0/><V44/><AGARI ba="3,1" hai="25,26,30,31,32,34,44,48,52,72,79,80,89,90" machi="44" ten="20,18000,2" yaku="1,1,0,1,7,1,9,1,54,1,53,1" doraHai="5" doraHaiUra="43" who="2" fromWho="2" sc="140,-63,210,-63,564,199,76,-63" /><INIT seed="2,4,0,5,0,115" ten="77,147,763,13" oya="2" hai0="35,53,24,72,134,61,71,83,67,129,120,25,14" hai1="79,0,133,19,96,69,116,22,32,84,23,64,87" hai2="135,131,50,33,8,98,7,111,86,40,58,118,48" hai3="59,49,15,65,12,103,132,4,109,94,90,47,1"/><V43/><F33/><W39/><G39/><T82/><D120/><U75/><E32/><V37/><F37/><W66/><G1/><T30/><D134/><U57/><E69/><V20/><F98/><N who="3" m="59863" /><G132/><T70/><D129/><U29/><E0/><V52/><F135/><W107/><G107/><T88/><D14/><N who="3" m="5161" /><G109/><T81/><D70/><U108/><E75/><V105/><F105/><W100/><G100/><T91/><D72/><U54/><E108/><V44/><F111/><W26/><G4/><T124/><D124/><U31/><E64/><V123/><F123/><W102/><G102/><T45/><D24/><U130/><E130/><V21/><F131/><W2/><G2/><T114/><D114/><U78/><E133/><V93/><F43/><N who="3" m="24831" /><G26/><T42/><REACH who="0" step="1"/><D53/><REACH who="0" ten="67,147,763,13" step="2"/><U89/><E54/><V74/><F74/><W6/><G6/><T5/><D5/><U41/><E41/><V55/><F40/><W62/><G90/><T106/><D106/><U28/><E89/><V104/><F104/><W97/><G97/><T76/><D76/><U112/><E96/><V119/><F7/><W95/><G95/><T9/><D9/><U17/><E112/><V3/><F8/><W38/><G38/><AGARI ba="4,1" hai="25,30,35,38,42,45,61,67,71,81,82,83,88,91" machi="38" ten="40,2600,0" yaku="1,1,54,1,53,0" doraHai="115" doraHaiUra="121" who="0" fromWho="3" sc="67,48,147,0,763,0,13,-38" owari="115,-28.0,147,-5.0,763,86.0,-25,-53.0" /></mjloggm>