<mjloggm ver="2.3"><GO type="97" lobby="0"/><UN n0="%E3%81%8D%E3%81%9F%E3%81%9C%E3%81%AC%E3%82%8B%E3%82%8A%E3%81%A8" n1="%E3%81%8B%E3%81%BC%E3%81%A1%E3%82%83%E3%81%BC" n2="%E5%B0%B1%E6%B4%BB%E7%94%9F%40%E5%B7%9D%E6%9D%91%E8%BB%8D%E5%9B%A3" n3="%70%75%63%68%61%67%6F%6E" dan="13,14,16,14" rate="1898.79,1872.04,2076.32,1933.60" sx="M,M,M,M"/><TAIKYOKU oya="0"/><INIT seed="0,0,0,2,5,133" ten="250,250,250,250" oya="0" hai0="29,122,47,38,9,90,113,12,51,3,10,73,25" hai1="7,105,23,119,92,120,64,44,83,88,52,40,107" hai2="115,8,15,49,37,81,17,76,28,132,123,20,125" hai3="97,58,100,104,31,135,102,41,34,21,87,129,14"/><T77/><D113/><U84/><E119/><V59/><F37/><W13/><G135/><T127/><D122/><U48/><E120/><V54/><F132/><W109/><G109/><T124/><D3/><U118/><E118/><V116/><F123/><W134/><G134/><T33/><D38/><U70/><E7/><V130/><F116/><W18/><G129/><T72/><D90/><U74/><E70/><V121/><F130/><W11/><G41/><N who="0" m="25071" /><D77/><U117/><E117/><V4/><F121/><W71/><G71/><T128/><D128/><U2/><E2/><V45/><F28/><W131/><G131/><T57/><D57/><U36/><E64/><V60/><F115/><W85/><G102/><T75/><D12/><U27/><E74/><V111/><F111/><W26/><REACH who="3" step="1"/><G58/><REACH who="3" ten="250,250,250,240" step="2"/><T101/><D101/><U22/><E83/><V43/><F81/><W30/><G30/><T112/><D112/><U0/><E0/><V99/><F43/><W96/><G96/><T5/><D5/><AGARI ba="0,1" hai="5,11,13,14,18,21,26,31,34,85,87,97,100,104" machi="5" ten="30,7700,0" yaku="1,1,7,1,53,2" doraHai="133" doraHaiUra="82" who="3" fromWho="0" sc="250,-77,250,0,250,0,240,87" /><INIT seed="1,0,0,2,5,67" ten="173,250,250,327" oya="1" hai0="96,69,121,2,82,14,40,109,127,119,84,93,131" hai1="81,24,20,72,99,26,33,31,21,86,62,132,102" hai2="73,41,91,0,74,116,101,57,125,92,11,126,70" hai3="111,43,56,95,120,78,114,6,133,7,35,32,27"/><U124/><E124/><N who="2" m="47723" /><F116/><W61/><G120/><T112/><D127/><U66/><E132/><V107/><F41/><W52/><G133/><T53/><D112/><U39/><E39/><V117/><F117/><W4/><G114/><T64/><D119/><U123/><E123/><V49/><F70/><W37/><G111/><T97/><D121/><U94/><E72/><V10/><F107/><W65/><G78/><T54/><D2/><U135/><E135/><V68/><F101/><W42/><G27/><T38/><D109/><U118/><E118/><V47/><F68/><W130/><G130/><T80/><D131/><U63/><E33/><V30/><F57/><W28/><G95/><T50/><D14/><U34/><E34/><V29/><F29/><W103/><G103/><T89/><D82/><U15/><E15/><V88/><F30/><W75/><G75/><N who="2" m="28681" /><F0/><W48/><G28/><T5/><D5/><U129/><E129/><V17/><F17/><W18/><G18/><T85/><D38/><U90/><REACH who="1" step="1"/><E66/><REACH who="1" ten="173,240,250,327" step="2"/><V87/><F91/><W55/><G37/><T77/><D64/><U113/><E113/><V134/><F134/><W60/><G65/><T71/><D40/><N who="3" m="15401" /><G35/><T22/><D54/><N who="3" m="20521" /><G32/><T51/><D53/><AGARI ba="0,1" hai="4,6,7,48,53,56,60,61" m="20521,15401" machi="53" ten="30,2000,0" yaku="8,1,54,1" doraHai="67" who="3" fromWho="0" sc="173,-20,240,0,250,0,327,30" /><INIT seed="2,0,0,0,4,48" ten="153,240,250,357" oya="2" hai0="25,110,90,121,24,47,8,12,56,116,42,4,65" hai1="115,33,46,71,41,132,117,27,29,112,54,57,78" hai2="28,44,83,129,80,111,59,30,126,125,76,130,34" hai3="66,128,96,77,87,70,118,86,20,36,79,123,19"/><V0/><F0/><W16/><G123/><T133/><D121/><U55/><E117/><V73/><F44/><W49/><G118/><T120/><D120/><U94/><E71/><V82/><F59/><W37/><G128/><N who="2" m="49257" /><F111/><W69/><G49/><T103/><D116/><U32/><E32/><V7/><F7/><W11/><G11/><T13/><D110/><U81/><E132/><V62/><F62/><W108/><G108/><T106/><D133/><U101/><E101/><V22/><F34/><W52/><G96/><T72/><D72/><U104/><E104/><V102/><F102/><W50/><G50/><T51/><D12/><U95/><E112/><V21/><F76/><W105/><G105/><T127/><D127/><N who="2" m="48650" /><F73/><W92/><G92/><T38/><D90/><U60/><E115/><V23/><AGARI ba="0,0" hai="21,22,23,28,30,80,82,83" m="48650,49257" machi="23" ten="40,12000,1" yaku="28,2,19,1,18,1" doraHai="48" who="2" fromWho="2" sc="153,-40,240,-40,250,120,357,-40" /><INIT seed="2,1,0,3,3,106" ten="113,200,370,317" oya="2" hai0="72,60,29,61,37,83,63,30,92,116,17,39,75" hai1="31,35,23,121,110,66,74,135,133,32,4,1,9" hai2="53,36,127,86,131,90,124,7,98,24,41,27,130" hai3="45,78,49,2,108,70,12,44,112,5,20,15,77"/><V118/><F118/><W105/><G112/><T81/><D17/><U94/><E66/><V132/><F7/><W19/><G108/><T79/><D92/><U125/><E94/><V46/><F53/><W97/><G70/><T26/><D116/><U47/><E47/><V52/><F98/><W21/><G2/><T28/><D26/><N who="2" m="9770" /><F132/><N who="1" m="50761" /><E110/><V96/><F96/><W134/><G134/><T33/><D33/><N who="1" m="12875" /><E121/><V58/><F86/><W51/><G105/><T73/><REACH who="0" step="1"/><D79/><REACH who="0" ten="103,200,370,317" step="2"/><U71/><E125/><N who="2" m="48203" /><F90/><W56/><G78/><T54/><D54/><U88/><E31/><V120/><F120/><W117/><G77/><T103/><D103/><U59/><E88/><V104/><F104/><W87/><G117/><T11/><D11/><U95/><E95/><V84/><F84/><W99/><G87/><T101/><D101/><U115/><E23/><V91/><F91/><W119/><G119/><T85/><D85/><U40/><E115/><V55/><F55/><W38/><G97/><T102/><D102/><U0/><E9/><V48/><AGARI ba="1,1" hai="36,41,46,48,52,58,130,131" m="48203,9770" machi="48" ten="30,3000,0" yaku="18,1,54,1" doraHai="106" who="2" fromWho="2" sc="103,-11,200,-11,370,43,317,-11" /><INIT seed="2,2,0,0,0,83" ten="92,189,413,306" oya="2" hai0="60,97,128,71,19,3,23,57,22,5,50,38,88" hai1="99,1,24,62,130,123,21,134,31,92,108,106,84" hai2="73,15,56,98,68,20,8,28,116,67,9,53,25" hai3="51,52,111,87,16,41,34,13,61,27,93,74,107"/><V37/><F37/><W101/><G74/><T69/><D38/><U29/><E1/><V45/><F116/><W49/><G111/><T43/><D128/><U78/><E108/><V4/><F73/><W33/><G61/><T103/><D43/><U55/><E106/><V81/><F68/><W66/><G66/><T70/><D50/><U121/><E130/><V14/><F67/><W54/><G41/><T48/><D48/><U26/><E134/><V118/><F118/><W6/><G107/><T105/><D88/><N who="1" m="55687" /><E62/><V133/><F133/><W112/><G112/><T10/><REACH who="0" step="1"/><D19/><REACH who="0" ten="82,189,413,306" step="2"/><N who="1" m="12351" /><E55/><AGARI ba="2,1" hai="3,5,10,22,23,55,57,60,69,70,71,97,103,105" machi="55" ten="40,1300,0" yaku="1,1,53,0" doraHai="83" doraHaiUra="125" who="0" fromWho="1" sc="82,29,189,-19,413,0,306,0" /><INIT seed="3,0,0,4,0,81" ten="111,170,413,306" oya="3" hai0="51,73,16,46,119,13,116,88,92,21,66,71,110" hai1="132,7,93,84,31,43,55,72,129,25,30,135,68" hai2="99,120,65,74,87,91,124,45,128,61,34,9,2" hai3="83,20,112,35,95,56,131,40,80,23,52,36,59"/><W127/><G112/><T85/><D110/><U111/><E129/><V101/><F74/><W90/><G131/><T0/><D73/><U10/><E43/><V38/><F34/><W37/><G35/><T1/><D1/><U115/><E55/><V105/><F120/><W134/><G134/><T6/><D6/><U53/><E93/><V100/><F100/><W77/><G127/><T15/><D15/><U19/><E84/><V54/><F124/><W78/><G40/><T113/><D113/><U106/><E19/><V133/><F133/><W12/><G37/><T108/><D108/><U75/><E30/><V5/><F128/><W63/><G36/><T17/><D0/><U70/><E53/><V32/><F32/><W67/><G12/><T22/><D66/><U49/><E25/><V107/><F107/><W11/><G11/><T3/><D3/><U102/><E49/><V8/><F8/><W41/><G41/><T64/><D64/><U97/><E10/><V18/><F18/><W50/><G83/><T47/><D71/><U4/><E4/><V118/><F118/><W94/><G94/><T24/><D47/><U98/><E7/><V122/><F122/><W79/><REACH who="3" step="1"/><G80/><REACH who="3" ten="111,170,413,296" step="2"/><T44/><D44/><U26/><E115/><V109/><F109/><W27/><G27/><T76/><D76/><U62/><E111/><V48/><F38/><W130/><G130/><T42/><AGARI ba="0,1" hai="13,16,17,21,22,24,42,46,51,85,88,92,116,119" machi="42" ten="20,8000,1" yaku="0,1,7,1,52,1,54,2" doraHai="81" who="0" fromWho="0" sc="111,90,170,-20,413,-20,296,-40" owari="201,-20.0,150,-35.0,393,49.0,256,6.0" /></mjloggm>