<mjloggm ver="2.3"><GO type="169" lobby="0"/><UN n0="%72%63%70%62" n1="%E3%81%94%E3%82%93%E3%81%96%E3%81%B6%E3%82%8D%E3%83%BC" n2="%61%6D%65%64%69%6F" n3="%E3%83%88%E3%83%88%E3%83%AA%E5%85%88%E7%94%9F%31%39%E6%AD%B3" dan="16,16,17,18" rate="2034.56,2163.61,2131.25,2277.45" sx="M,M,M,F"/><TAIKYOKU oya="0"/><INIT seed="0,0,0,3,0,84" ten="250,250,250,250" oya="0" hai0="113,16,56,4,10,54,37,14,107,2,128,83,48" hai1="1,97,15,116,68,9,67,28,42,23,46,49,38" hai2="26,69,8,24,40,103,75,57,70,125,121,108,72" hai3="25,27,110,81,80,77,87,111,112,66,63,51,33"/><T127/><D107/><U3/><E116/><V18/><F121/><W135/><G112/><T55/><D37/><U41/><E41/><V20/><F125/><W94/><G135/><T62/><D113/><U88/><E38/><V13/><F108/><N who="3" m="41515" /><G33/><T22/><D128/><U124/><E124/><V0/><F103/><W6/><G6/><T78/><D127/><U64/><E1/><V109/><F0/><W65/><G65/><T43/><D43/><U60/><E3/><V101/><F101/><W29/><G29/><T79/><REACH who="0" step="1"/><D83/><REACH who="0" ten="240,250,250,250" step="2"/><U61/><E67/><V71/><F40/><W21/><G81/><T119/><D119/><U90/><E64/><V74/><F109/><W104/><G104/><T117/><D117/><U102/><E68/><V118/><F118/><W129/><G129/><T11/><D11/><U131/><E131/><V133/><F133/><W93/><G80/><T105/><D105/><U35/><E9/><V44/><F8/><W85/><G66/><T106/><D106/><U95/><E42/><V31/><F69/><W89/><G51/><T122/><D122/><U82/><E82/><V12/><F70/><W19/><G63/><T59/><AGARI ba="0,1" hai="2,4,10,14,16,22,48,54,55,56,59,62,78,79" machi="59" ten="20,12000,1" yaku="1,1,0,1,7,1,54,1,53,1" doraHai="84" doraHaiUra="5" who="0" fromWho="0" sc="240,130,250,-40,250,-40,250,-40" /><INIT seed="0,1,0,0,3,60" ten="370,210,210,210" oya="0" hai0="124,106,23,134,55,127,63,95,12,14,73,87,79" hai1="135,115,10,128,76,132,8,93,82,77,68,116,109" hai2="59,97,126,45,98,33,74,57,125,50,80,3,86" hai3="13,61,56,133,94,66,112,41,6,92,43,51,130"/><T121/><D106/><U65/><E116/><V90/><F33/><W15/><G112/><T70/><D121/><U122/><E122/><V108/><F3/><W111/><G111/><T22/><D73/><U34/><E34/><V9/><F74/><W49/><G130/><T129/><D134/><N who="1" m="51243" /><E115/><V123/><F9/><N who="1" m="3689" /><E128/><V46/><F123/><W101/><G133/><T64/><D129/><U131/><E131/><V17/><F108/><W16/><G6/><T19/><D55/><U85/><E109/><V48/><F17/><W37/><G15/><T99/><D14/><U25/><E25/><V1/><F1/><W114/><G114/><T31/><D79/><N who="1" m="46303" /><E93/><V11/><F11/><N who="3" m="6207" /><G37/><T40/><D87/><U29/><E29/><V67/><F86/><W118/><G94/><T32/><D32/><U103/><E103/><V75/><F75/><W36/><G36/><T53/><D40/><N who="3" m="15433" /><G118/><T20/><D53/><U28/><E28/><V102/><F102/><W89/><G101/><N who="0" m="60671" /><D31/><U119/><E119/><V47/><F80/><W72/><G72/><T107/><D107/><U30/><E30/><V54/><F54/><W2/><G2/><T69/><D69/><U21/><E21/><V18/><F18/><W4/><G4/><T27/><D27/><U44/><E44/><V91/><F47/><W39/><G39/><T110/><D110/><U7/><E7/><V58/><F59/><W35/><G35/><T78/><D78/><U105/><E105/><V42/><F42/><W83/><G83/><T71/><D70/><U0/><E0/><V96/><F96/><AGARI ba="1,0" hai="49,51,56,61,66,89,92,96" m="15433,6207" machi="96" ten="30,3900,0" yaku="8,1,52,1,54,1" doraHai="60" who="3" fromWho="2" sc="370,0,210,0,210,-42,210,42" /><INIT seed="1,0,0,1,0,122" ten="370,210,168,252" oya="1" hai0="56,21,102,123,105,127,17,22,2,28,74,76,48" hai1="39,65,130,71,101,81,61,53,69,128,133,97,30" hai2="25,68,35,116,89,16,27,58,118,90,8,59,82" hai3="54,108,107,112,87,83,6,23,80,36,96,129,98"/><U106/><E133/><V109/><F68/><W104/><G36/><T50/><D2/><U92/><E69/><V95/><F35/><W33/><G33/><T42/><D127/><U62/><E39/><V63/><F116/><W114/><G23/><T79/><D123/><U134/><E134/><V52/><F118/><W14/><G14/><T47/><D105/><U100/><E100/><V29/><F29/><W94/><G54/><N who="0" m="31831" /><D74/><U7/><E7/><V3/><F109/><W131/><G6/><T10/><D102/><U32/><E81/><V19/><F3/><W78/><G94/><T20/><D28/><U51/><E61/><V37/><F37/><W40/><G40/><T124/><D124/><U119/><E92/><V60/><F82/><W44/><G44/><T110/><D110/><U120/><E120/><V88/><F95/><W38/><G38/><T13/><AGARI ba="0,0" hai="10,13,17,20,21,22,42,47,48,76,79" m="31831" machi="13" ten="30,1100,0" yaku="8,1" doraHai="122" who="0" fromWho="0" sc="370,11,210,-5,168,-3,252,-3" /><INIT seed="2,0,0,1,5,124" ten="381,205,165,249" oya="2" hai0="73,72,4,118,31,2,13,132,80,62,27,46,93" hai1="121,114,44,122,125,22,104,20,21,88,7,107,69" hai2="14,16,61,119,37,18,52,82,94,102,58,110,111" hai3="75,85,6,96,42,92,106,9,126,28,32,133,78"/><V108/><F37/><W40/><G75/><T65/><D2/><U77/><E77/><V135/><F135/><W76/><G106/><T56/><D132/><U115/><E69/><V33/><F33/><W116/><G116/><T97/><D118/><U49/><E7/><V11/><F119/><W41/><G133/><T59/><D59/><U83/><E125/><V101/><F82/><W38/><G126/><T117/><D46/><U89/><E44/><V30/><F30/><W45/><G28/><T86/><D13/><U112/><E49/><V81/><F81/><W23/><G23/><N who="0" m="15871" /><D4/><U1/><E1/><V109/><N who="2" m="27648" /><DORA hai="57" /><V48/><F94/><W123/><G123/><N who="1" m="47114" /><E83/><V43/><F18/><W24/><G78/><N who="0" m="46359" /><D117/><U36/><E36/><V64/><REACH who="2" step="1"/><F43/><REACH who="2" ten="381,205,155,249" step="2"/><N who="3" m="22775" /><G32/><T25/><D93/><U103/><E103/><V35/><F35/><W8/><G76/><T67/><D72/><U47/><E47/><AGARI ba="0,1" hai="11,14,16,47,48,52,58,61,64,101,102" m="27648" machi="47" ten="70,18000,2" yaku="1,1,14,1,10,1,52,1,54,2,53,0" doraHai="124,57" doraHaiUra="134,100" who="2" fromWho="1" sc="381,0,205,-180,155,190,249,0" /><INIT seed="2,1,0,5,5,72" ten="381,25,345,249" oya="2" hai0="93,5,57,8,87,86,41,129,46,11,37,44,42" hai1="13,53,108,43,130,113,70,134,119,29,90,17,19" hai2="1,18,123,83,16,7,4,94,9,25,76,27,69" hai3="0,98,110,79,132,89,24,77,88,99,95,127,12"/><V111/><F69/><W21/><G0/><T23/><D129/><U112/><E70/><V96/><F123/><W51/><G110/><T48/><D23/><U64/><E64/><V10/><F111/><W38/><G38/><T65/><D11/><U33/><E43/><V109/><F109/><W73/><G73/><T35/><D35/><U67/><E67/><V97/><F94/><N who="3" m="56647" /><G132/><T22/><D22/><U6/><E108/><V68/><F68/><W92/><G127/><T126/><D126/><U31/><E53/><V45/><F45/><W114/><G114/><T131/><D131/><U26/><E90/><V84/><F96/><N who="3" m="57359" /><G12/><T105/><D105/><U32/><E130/><V78/><F97/><W60/><G60/><T59/><D93/><U30/><E134/><V85/><F83/><W100/><G51/><T55/><D65/><U49/><E49/><V62/><F62/><W117/><G117/><T47/><D47/><U106/><E106/><V34/><F34/><W54/><G54/><T14/><REACH who="0" step="1"/><D59/><REACH who="0" ten="371,25,345,249" step="2"/><U15/><E119/><V52/><F52/><W116/><G116/><T74/><D74/><U63/><E63/><AGARI ba="1,1" hai="5,8,14,37,41,42,44,46,48,55,57,63,86,87" machi="63" ten="30,2000,0" yaku="1,1,7,1,53,0" doraHai="72" doraHaiUra="20" who="0" fromWho="1" sc="371,33,25,-23,345,0,249,0" /><INIT seed="3,0,0,4,5,122" ten="404,2,345,249" oya="3" hai0="83,72,94,96,108,42,36,79,111,19,46,93,92" hai1="89,87,129,81,75,84,14,32,57,6,55,38,45" hai2="114,28,68,127,58,67,98,30,9,74,106,10,7" hai3="65,95,112,22,125,1,124,101,80,8,53,103,33"/><W41/><G33/><T47/><D47/><U21/><E32/><V44/><F74/><W105/><G112/><T134/><D134/><U5/><E129/><V64/><F114/><W115/><G115/><T133/><D133/><U17/><E75/><V63/><F127/><W24/><G105/><T23/><REACH who="0" step="1"/><D96/><REACH who="0" ten="394,2,345,249" step="2"/><U0/><E0/><V48/><F68/><W4/><G41/><T118/><D118/><U34/><E34/><V51/><F98/><W59/><G65/><T39/><D39/><U35/><E35/><V73/><F73/><W52/><G80/><T107/><D107/><U109/><E109/><V78/><F106/><W131/><G131/><T110/><D110/><U104/><E104/><V43/><F44/><W11/><G11/><T69/><D69/><U113/><E113/><V88/><F43/><W97/><G101/><T61/><D61/><U66/><E38/><V132/><F63/><W62/><REACH who="3" step="1"/><G53/><REACH who="3" ten="394,2,345,239" step="2"/><T119/><D119/><U49/><E66/><V31/><F132/><W37/><G37/><T26/><AGARI ba="0,2" hai="19,23,26,36,42,46,72,79,83,92,93,94,108,111" machi="26" ten="30,8000,1" yaku="1,1,0,1,52,2,53,1" doraHai="122" doraHaiUra="18" who="0" fromWho="0" sc="394,100,2,-20,345,-20,239,-40" owari="494,59.0,-18,-52.0,325,13.0,199,-20.0" /></mjloggm>