<mjloggm ver="2.3"><GO type="169" lobby="0"/><UN n0="%64%61%72%74%65%72" n1="%6B%6A%30%38%32%36" n2="%E5%B0%B1%E6%B4%BB%E7%94%9F%40%E5%B7%9D%E6%9D%91%E8%BB%8D%E5%9B%A3" n3="%6D%61%74%69%6F%73%61%6E" dan="18,16,16,16" rate="2184.51,2095.55,2184.13,2069.60" sx="M,M,M,M"/><TAIKYOKU oya="0"/><INIT seed="0,0,0,4,5,99" ten="250,250,250,250" oya="0" hai0="125,64,0,33,122,36,114,42,109,130,17,59,128" hai1="19,57,16,82,34,27,96,100,110,74,81,54,108" hai2="116,39,123,47,62,85,29,112,72,113,70,101,121" hai3="56,126,135,2,65,87,106,58,84,105,43,38,93"/><T24/><D122/><N who="2" m="46602" /><F29/><W120/><G2/><T86/><D114/><N who="2" m="44138" /><F85/><W118/><G118/><T88/><D0/><U131/><E131/><V77/><F101/><W61/><G135/><T18/><D42/><U13/><E34/><V31/><F31/><W7/><G126/><T133/><D36/><U26/><E26/><V78/><F78/><W3/><G120/><T102/><D133/><U71/><E71/><V119/><F77/><W49/><G38/><T75/><D75/><U14/><E27/><V40/><F72/><W52/><G43/><T129/><D125/><U32/><E32/><V92/><F92/><W10/><REACH who="3" step="1"/><G93/><REACH who="3" ten="250,250,250,240" step="2"/><N who="0" m="54423" /><D128/><U41/><E41/><V30/><F30/><W67/><G67/><AGARI ba="0,1" hai="39,40,47,62,67,70,116,119" m="44138,46602" machi="67" ten="40,5200,0" yaku="23,1,34,2" doraHai="99" who="2" fromWho="3" sc="250,0,250,0,250,62,240,-52" /><INIT seed="1,0,0,3,4,128" ten="250,250,312,188" oya="1" hai0="113,75,31,80,73,40,99,2,23,57,6,118,16" hai1="66,27,8,129,122,41,55,61,25,77,50,109,115" hai2="18,54,79,4,92,86,7,95,43,59,3,64,101" hai3="104,124,24,107,19,51,17,36,63,117,120,14,82"/><U131/><E122/><V71/><F71/><W130/><G120/><T65/><D113/><U89/><E77/><V94/><F64/><W87/><G36/><T116/><D31/><U30/><E41/><V35/><F35/><W108/><G130/><N who="1" m="49674" /><E115/><V39/><F3/><W44/><G108/><T53/><D40/><U119/><E119/><V96/><F43/><W46/><G46/><T83/><D65/><U74/><E74/><V62/><F39/><W103/><G103/><T38/><D38/><U60/><E109/><V126/><F126/><W22/><G124/><T10/><D75/><U21/><E8/><V90/><F79/><W135/><G63/><T12/><D99/><U0/><E0/><V58/><F94/><W67/><G67/><T68/><D68/><U48/><E89/><V5/><F18/><W100/><G117/><T69/><D69/><N who="1" m="42183" /><E27/><V105/><F105/><W85/><G100/><T110/><D110/><U127/><E127/><V72/><F72/><W26/><G26/><T45/><D73/><U34/><E34/><V1/><F1/><W13/><G24/><T52/><D118/><U33/><E33/><V93/><F93/><W20/><G85/><T97/><D97/><U88/><E88/><V125/><F125/><W37/><G37/><T132/><D116/><U76/><E76/><V91/><F90/><W123/><G123/><T29/><D2/><U56/><AGARI ba="0,0" hai="21,25,30,48,50,55,56,61" m="42183,49674" machi="56" ten="30,1500,0" yaku="19,1" doraHai="128" who="1" fromWho="1" sc="250,-5,250,15,312,-5,188,-5" /><INIT seed="1,1,0,1,2,94" ten="245,265,307,183" oya="1" hai0="44,8,104,61,115,68,14,120,13,50,54,38,128" hai1="48,81,131,90,43,89,113,23,86,27,22,62,91" hai2="96,11,41,9,80,35,105,37,42,101,29,119,53" hai3="17,36,46,125,121,97,114,66,130,45,39,124,72"/><U73/><E73/><V82/><F119/><W92/><G121/><T58/><D115/><U59/><E113/><V34/><F53/><W109/><G72/><T24/><D104/><U52/><E131/><V103/><F29/><W135/><G114/><T26/><D128/><U2/><E2/><V93/><F93/><W18/><G130/><T116/><D116/><U10/><E10/><V31/><F31/><W47/><G109/><T123/><D68/><U67/><E43/><V84/><F84/><W63/><G135/><T106/><D38/><U69/><REACH who="1" step="1"/><E23/><REACH who="1" ten="245,255,307,183" step="2"/><V76/><F42/><W4/><G39/><T75/><D75/><U33/><E33/><V32/><F41/><W1/><G36/><T0/><D0/><U108/><E108/><V5/><F37/><W78/><G1/><T12/><D8/><U95/><E95/><V49/><F11/><W98/><G92/><T87/><D106/><U30/><AGARI ba="1,1" hai="22,27,30,48,52,59,62,67,69,81,86,89,90,91" machi="30" ten="20,7800,0" yaku="1,1,0,1,7,1,54,1,53,0" doraHai="94" doraHaiUra="134" who="1" fromWho="1" sc="245,-27,255,91,307,-27,183,-27" /><INIT seed="1,2,0,5,2,106" ten="218,346,280,156" oya="1" hai0="51,79,55,57,60,109,0,93,48,118,9,131,38" hai1="101,4,108,27,53,25,33,2,34,43,12,75,39" hai2="64,73,83,61,44,31,52,11,92,126,58,135,35" hai3="123,96,89,132,97,63,134,3,128,7,119,112,16"/><U76/><E53/><V130/><F135/><N who="3" m="51755" /><G123/><T59/><D38/><U56/><E56/><V18/><F130/><W116/><G112/><T102/><D131/><U107/><E12/><N who="2" m="7455" /><F73/><W47/><G128/><T103/><D118/><N who="3" m="45097" /><G3/><T45/><D109/><U129/><E108/><V78/><F35/><W74/><G7/><T23/><D79/><U111/><E111/><V121/><F126/><W29/><G29/><T6/><D23/><U98/><E25/><V10/><F31/><W46/><G63/><T117/><D93/><U124/><E27/><V90/><F10/><W20/><G74/><T30/><D30/><U94/><E94/><V115/><F115/><W81/><G97/><T120/><D120/><U71/><E71/><V88/><F121/><W85/><G96/><T8/><D8/><N who="1" m="2071" /><E124/><V37/><F37/><W68/><G68/><T21/><D21/><U105/><E105/><V15/><F15/><AGARI ba="2,0" hai="15,16,20,46,47,81,85,89" m="45097,51755" machi="15" ten="30,3900,0" yaku="20,1,12,1,54,1" doraHai="106" who="3" fromWho="2" sc="218,0,346,0,280,-45,156,45" /><INIT seed="2,0,0,3,0,59" ten="218,346,235,201" oya="2" hai0="5,92,24,56,134,17,9,76,74,81,51,66,94" hai1="100,95,90,115,36,68,67,25,16,52,45,44,99" hai2="54,23,39,70,97,80,4,107,75,89,55,102,35" hai3="87,118,111,85,121,50,91,117,33,86,61,101,132"/><V34/><F70/><W10/><G33/><T72/><D72/><U15/><E115/><V135/><F135/><W113/><G121/><T103/><D134/><U123/><E123/><V84/><F39/><W46/><G132/><T48/><D17/><U58/><E25/><V7/><F75/><W77/><G101/><T114/><D24/><U128/><E128/><V38/><F38/><W133/><G133/><T6/><D6/><U29/><E29/><V11/><F7/><W78/><G111/><T40/><D114/><U116/><E116/><V105/><F105/><W83/><G113/><T129/><D129/><U13/><E13/><V126/><F126/><W98/><G10/><T63/><D40/><U71/><E67/><V42/><F42/><W60/><G78/><T82/><D82/><U26/><E26/><V49/><F23/><W21/><G21/><T64/><D64/><U22/><E36/><V124/><F55/><N who="3" m="30167" /><G118/><T69/><D69/><U27/><E27/><V125/><F124/><W32/><G32/><T110/><D110/><U47/><REACH who="1" step="1"/><E100/><REACH who="1" ten="218,336,235,201" step="2"/><V131/><F131/><W37/><G37/><T104/><D103/><U1/><E1/><V57/><F125/><W88/><G117/><T108/><D108/><U65/><E65/><V73/><F73/><W130/><G130/><T93/><REACH who="0" step="1"/><D104/><REACH who="0" ten="208,336,235,201" step="2"/><U18/><E18/><V31/><REACH who="2" step="1"/><F31/><REACH who="2" ten="208,336,225,201" step="2"/><W62/><G77/><T53/><D53/><U12/><E12/><AGARI ba="0,3" hai="4,11,12,34,35,49,54,57,80,84,89,97,102,107" machi="12" ten="30,11600,0" yaku="1,1,2,1,7,1,53,1" doraHai="59" doraHaiUra="0" who="2" fromWho="1" sc="208,0,336,-116,225,146,201,0" /><AGARI ba="0,0" hai="5,9,12,48,51,56,63,66,74,76,81,92,93,94" machi="12" ten="40,5200,0" yaku="1,1,52,1,53,1" doraHai="59" doraHaiUra="0" who="0" fromWho="1" sc="208,52,220,-52,371,0,201,0" /><INIT seed="2,1,0,4,5,35" ten="260,168,371,201" oya="2" hai0="98,19,111,131,48,92,38,61,26,58,91,65,120" hai1="41,113,51,52,74,79,49,6,4,105,29,103,67" hai2="3,39,40,24,71,72,115,121,59,119,10,55,132" hai3="97,129,54,84,36,18,99,128,76,25,13,64,30"/><V110/><RYUUKYOKU type="yao9" ba="1,0" sc="260,0,168,0,371,0,201,0" hai2="3,10,24,39,40,55,59,71,72,110,115,119,121,132" /><INIT seed="2,2,0,1,2,120" ten="260,168,371,201" oya="2" hai0="91,73,26,71,128,87,75,70,0,50,27,3,16" hai1="66,132,72,116,117,40,1,23,39,121,49,42,8" hai2="85,58,61,35,109,10,6,99,133,60,126,57,65" hai3="107,19,93,74,76,101,56,134,33,32,68,67,129"/><V55/><F35/><W37/><G93/><T100/><D100/><U44/><E72/><V115/><F115/><W88/><G88/><T82/><D128/><U102/><E102/><V96/><F126/><W119/><G56/><T118/><D118/><U12/><E132/><V14/><F133/><W106/><G19/><T15/><D0/><U97/><E97/><V30/><F109/><W22/><G67/><T63/><D3/><U84/><E121/><V24/><F30/><W51/><G22/><T64/><D71/><U123/><E123/><V48/><F24/><W41/><G51/><T9/><D27/><U62/><E1/><V7/><F7/><W18/><G18/><T79/><D79/><U38/><E23/><V110/><F110/><W36/><G76/><T124/><D124/><U17/><E84/><V94/><F61/><W108/><G41/><T52/><REACH who="0" step="1"/><D26/><REACH who="0" ten="250,168,371,201" step="2"/><U31/><E31/><V81/><F94/><W5/><G129/><T86/><D86/><U130/><E130/><V90/><AGARI ba="2,1" hai="6,10,14,48,55,57,58,60,65,81,85,90,96,99" machi="90" ten="20,3900,0" yaku="0,1,7,1,8,1" doraHai="120" who="2" fromWho="2" sc="250,-15,168,-15,371,55,201,-15" /><INIT seed="2,3,0,5,1,124" ten="235,153,426,186" oya="2" hai0="49,26,62,121,24,90,134,20,135,89,30,94,122" hai1="17,15,23,98,118,83,42,96,70,103,73,86,75" hai2="44,3,35,57,80,1,108,115,27,59,65,31,32" hai3="50,91,129,74,55,37,64,99,95,119,11,82,81"/><V76/><F115/><W25/><G37/><T19/><D49/><U54/><E70/><V88/><F35/><W10/><G119/><T100/><D62/><U123/><E118/><V111/><F44/><W131/><G64/><T68/><D100/><U40/><E123/><V102/><F102/><W79/><G82/><T5/><D68/><U13/><E75/><V117/><F117/><W46/><G25/><T101/><D101/><U39/><E73/><V18/><F18/><W110/><G110/><N who="2" m="42025" /><F76/><W2/><G2/><N who="2" m="521" /><F65/><W72/><G74/><T4/><D90/><U7/><E54/><V133/><F133/><N who="0" m="50698" /><D5/><U9/><E39/><V113/><F113/><W43/><G43/><N who="1" m="16426" /><E103/><V58/><F58/><W16/><G16/><T132/><D4/><U48/><E48/><V125/><F125/><W104/><G104/><T127/><D127/><U8/><E9/><V126/><F126/><W29/><REACH who="3" step="1"/><G29/><REACH who="3" ten="235,153,426,176" step="2"/><T12/><D26/><U21/><E21/><V69/><F69/><W85/><G85/><AGARI ba="3,1" hai="27,31,32,57,59,80,85,88" m="521,42025" machi="85" ten="30,5800,0" yaku="14,1,10,1,54,1" doraHai="124" who="2" fromWho="3" sc="235,0,153,0,426,77,176,-67" /><INIT seed="2,4,0,2,5,67" ten="235,153,503,109" oya="2" hai0="121,85,105,71,77,0,31,90,68,89,40,65,14" hai1="58,87,21,98,101,66,73,47,76,36,12,6,33" hai2="116,122,16,15,119,118,134,108,64,48,13,11,126" hai3="102,41,95,78,92,125,96,51,81,20,133,2,99"/><V82/><F122/><W117/><G2/><T38/><D0/><U131/><E33/><V4/><F134/><W127/><G117/><T23/><D105/><U28/><E73/><V109/><F64/><W135/><G20/><T93/><D77/><U74/><E74/><V106/><F106/><W35/><G51/><T53/><D65/><U103/><E131/><V55/><F82/><W112/><G35/><T30/><D30/><U130/><E130/><V54/><F126/><N who="3" m="48139" /><G41/><T17/><D31/><U79/><E28/><V113/><F113/><W19/><G19/><T57/><D121/><U111/><E111/><N who="2" m="42571" /><F48/><W70/><G70/><T124/><D124/><U24/><E36/><V110/><F110/><W39/><G39/><T25/><D25/><U45/><E66/><V100/><F100/><N who="3" m="60423" /><G112/><T94/><D40/><U128/><E128/><V72/><F72/><AGARI ba="4,0" hai="72,78,81,95,99,102,133,135" m="60423,48139" machi="72" ten="30,3900,0" yaku="18,1,34,2" doraHai="67" who="3" fromWho="2" sc="235,0,153,0,503,-51,109,51" /><INIT seed="3,0,0,2,3,85" ten="235,153,452,160" oya="3" hai0="120,130,39,25,103,5,53,111,32,31,48,29,98" hai1="16,102,4,116,64,117,45,0,92,101,55,71,21" hai2="76,135,51,74,14,72,112,126,99,33,68,44,88" hai3="77,105,62,15,41,27,34,94,49,96,110,93,35"/><W113/><G113/><T12/><D39/><U57/><E45/><V24/><F68/><W86/><G110/><T2/><D2/><U114/><E114/><V78/><F112/><W50/><G105/><T43/><D43/><U132/><E132/><V131/><F131/><W128/><G128/><T123/><D31/><U26/><E64/><V37/><F37/><W127/><G127/><T19/><D5/><U13/><E71/><V40/><F135/><W56/><G93/><T90/><D90/><U95/><E0/><V28/><F126/><W134/><G134/><T65/><D65/><U108/><E108/><V6/><F76/><W36/><G36/><T9/><D130/><U84/><E4/><V67/><F78/><W18/><G27/><T58/><REACH who="0" step="1"/><D111/><REACH who="0" ten="225,153,452,160" step="2"/><U83/><E116/><V22/><F67/><N who="3" m="39367" /><G35/><T3/><D3/><U23/><E117/><V118/><F118/><W10/><G34/><T59/><D59/><U42/><E42/><V133/><F133/><W79/><G41/><T81/><D81/><U97/><E102/><V63/><F40/><W30/><G30/><T107/><AGARI ba="0,1" hai="9,12,19,25,29,32,48,53,58,98,103,107,120,123" machi="107" ten="20,2700,0" yaku="1,1,0,1,7,1,53,0" doraHai="85" doraHaiUra="89" who="0" fromWho="0" sc="225,37,153,-7,452,-7,160,-13" /><INIT seed="4,0,0,1,5,9" ten="262,146,445,147" oya="0" hai0="86,85,90,116,36,98,10,17,6,100,14,133,0" hai1="32,120,67,129,82,27,58,15,131,47,81,28,101" hai2="33,91,45,92,83,21,111,29,40,125,68,60,117" hai3="20,63,72,69,126,61,64,107,2,39,12,130,75"/><T97/><D36/><U124/><E120/><V103/><F111/><W134/><G12/><T110/><D116/><U84/><E101/><V88/><F33/><W113/><G20/><T55/><D133/><U1/><E1/><V119/><F125/><W94/><G94/><T42/><D110/><U70/><E70/><V79/><F68/><W66/><G66/><T4/><D42/><U95/><E124/><V102/><F60/><W108/><G64/><T87/><D55/><U99/><E47/><V118/><F21/><W35/><G63/><T106/><D98/><U41/><E41/><V7/><F29/><W19/><G61/><T96/><D96/><U132/><E132/><V50/><F7/><W89/><G19/><T37/><D37/><U51/><E99/><N who="2" m="57735" /><F91/><W128/><G89/><T78/><D78/><N who="1" m="46135" /><E95/><V46/><F46/><W38/><G38/><T121/><D121/><U127/><E127/><V73/><AGARI ba="0,0" hai="40,45,50,73,79,83,102,103,117,118,119" m="57735" machi="73" ten="30,2000,0" yaku="12,1,54,1" doraHai="9" who="2" fromWho="2" sc="262,-10,146,-5,445,20,147,-5" /><INIT seed="5,0,0,0,4,87" ten="252,141,465,142" oya="1" hai0="8,61,54,46,65,126,7,33,101,45,106,52,111" hai1="70,82,20,92,89,22,24,120,10,95,88,42,104" hai2="0,55,12,119,56,122,32,49,68,131,35,114,99" hai3="85,28,83,77,66,31,98,97,17,72,79,94,3"/><U124/><E104/><V11/><F68/><W29/><G3/><T41/><D33/><U16/><E70/><V113/><F0/><W86/><G66/><T38/><D111/><U121/><E42/><V110/><F110/><W132/><G132/><T81/><D126/><U6/><E124/><V93/><F122/><W135/><G135/><T39/><D101/><U19/><E82/><V1/><F1/><W43/><G43/><N who="0" m="22775" /><D8/><U133/><E133/><V115/><F131/><W80/><G72/><T15/><D15/><N who="1" m="5591" /><E121/><V14/><F119/><W57/><G57/><T30/><D7/><U134/><E134/><V71/><F71/><W129/><G129/><T47/><D81/><U63/><E63/><V18/><F14/><W62/><G62/><T125/><D106/><U58/><E58/><V84/><F84/><W26/><G94/><N who="1" m="35882" /><E120/><V48/><F49/><W90/><G79/><T50/><D30/><U105/><E105/><V69/><F69/><W2/><G2/><T21/><D125/><U9/><E9/><V34/><F34/><W37/><G37/><T96/><D21/><AGARI ba="0,0" hai="17,21,26,28,29,31,77,80,83,85,86,90,97,98" machi="21" ten="40,2600,0" yaku="8,1,52,1" doraHai="87" who="3" fromWho="0" sc="252,-26,141,0,465,0,142,26" /><INIT seed="6,0,0,4,0,66" ten="226,141,465,168" oya="2" hai0="17,123,83,35,113,80,112,10,102,34,43,42,51" hai1="124,133,74,121,50,63,37,24,72,21,95,104,64" hai2="19,39,89,60,93,70,15,1,88,120,4,131,90" hai3="29,78,103,20,107,55,45,3,116,41,105,7,14"/><V56/><F39/><W25/><G116/><T135/><D102/><U98/><E37/><V79/><F120/><W54/><G78/><T57/><D123/><U22/><E104/><V23/><F131/><W118/><G118/><T0/><D135/><U11/><E121/><V26/><F1/><W97/><G107/><T115/><D57/><U114/><E133/><V100/><F70/><W81/><G81/><N who="0" m="31307" /><D17/><U58/><E124/><V96/><F79/><W73/><G73/><T122/><D122/><U5/><E114/><V117/><F117/><W68/><G68/><T2/><D51/><U67/><E67/><V76/><F76/><W36/><G3/><N who="0" m="1067" /><D10/><U71/><E11/><V106/><F106/><W47/><G45/><T31/><D31/><U61/><E5/><V8/><REACH who="2" step="1"/><F100/><REACH who="2" ten="226,141,455,168" step="2"/><W101/><G103/><T44/><D115/><U128/><E128/><V87/><F87/><W33/><G105/><T16/><D113/><U75/><E75/><V134/><F134/><W92/><G101/><T126/><D112/><U12/><E74/><V69/><F69/><W9/><G36/><T52/><D126/><U86/><E86/><V108/><F108/><W85/><G85/><T109/><D109/><U46/><E72/><V53/><AGARI ba="0,1" hai="4,8,15,19,23,26,53,56,60,88,89,90,93,96" machi="53" ten="20,18000,2" yaku="1,1,0,1,7,1,25,2,8,1,54,1,53,0" doraHai="66" doraHaiUra="77" who="2" fromWho="2" sc="226,-60,141,-60,455,190,168,-60" /><INIT seed="6,1,0,4,4,62" ten="166,81,645,108" oya="2" hai0="61,30,70,19,106,75,135,76,108,121,134,68,41" hai1="101,43,88,86,65,44,52,25,66,31,102,107,15" hai2="89,94,48,98,132,72,39,42,80,9,36,34,91" hai3="95,8,24,5,114,81,55,115,104,28,83,103,22"/><V33/><F132/><W14/><G95/><T21/><D106/><U40/><E15/><V100/><F9/><W10/><G55/><T85/><D75/><U47/><E107/><V56/><F39/><W20/><G20/><T37/><D30/><U109/><E109/><V45/><F72/><W3/><G103/><N who="1" m="39434" /><E25/><V38/><F38/><W127/><G104/><T46/><D121/><U87/><E31/><V118/><F118/><W35/><G127/><T96/><D96/><U120/><E120/><V130/><F130/><W7/><REACH who="3" step="1"/><G35/><REACH who="3" ten="166,81,645,98" step="2"/><T71/><D21/><U13/><E13/><V84/><F100/><W26/><G26/><T57/><D134/><U49/><E87/><V116/><F116/><W51/><G51/><T119/><D135/><U82/><E47/><V105/><F105/><W97/><G97/><T92/><D85/><U2/><E2/><V23/><F23/><W32/><G32/><T110/><D46/><U63/><E63/><V18/><F18/><W112/><AGARI ba="1,1" hai="3,5,7,8,10,14,22,24,28,81,83,112,114,115" machi="112" ten="30,8000,1" yaku="1,1,0,1,15,1,11,1,53,1" doraHai="62" doraHaiUra="16" who="3" fromWho="3" sc="166,-21,81,-21,645,-41,98,93" /><INIT seed="7,0,0,3,0,13" ten="145,60,604,191" oya="3" hai0="111,90,116,121,57,30,134,98,10,115,47,28,7" hai1="39,19,109,86,27,5,132,67,103,87,80,91,23" hai2="96,40,36,1,42,50,118,25,124,84,12,120,119" hai3="2,8,62,6,48,92,29,64,53,95,44,15,97"/><W102/><G29/><T38/><D116/><U131/><E39/><V35/><F1/><W77/><G77/><T14/><D121/><U18/><E109/><V9/><F36/><W94/><REACH who="3" step="1"/><G2/><REACH who="3" ten="145,60,604,181" step="2"/><T83/><D30/><N who="1" m="17791" /><E131/><V32/><F118/><W126/><G126/><T82/><D28/><U26/><E132/><V71/><F124/><W21/><G21/><T117/><D134/><U63/><E26/><V69/><F25/><W133/><G133/><T75/><D117/><U88/><E103/><V4/><F32/><W78/><G78/><T45/><D111/><U54/><E5/><V31/><F31/><W55/><G55/><T33/><D7/><U34/><E34/><V81/><F35/><W24/><G24/><T85/><D33/><U107/><E107/><V104/><F104/><W49/><G49/><T112/><D38/><U68/><E68/><AGARI ba="0,1" hai="6,8,15,44,48,53,62,64,68,92,94,95,97,102" machi="68" ten="30,5800,0" yaku="1,1,7,1,53,1" doraHai="13" doraHaiUra="65" who="3" fromWho="1" sc="145,0,60,-58,604,0,181,68" /><INIT seed="7,1,0,3,3,39" ten="145,2,604,249" oya="3" hai0="88,134,20,44,73,7,74,34,79,28,108,31,62" hai1="77,8,90,56,123,127,126,67,78,60,50,106,110" hai2="11,53,116,58,80,15,89,131,71,94,121,81,45" hai3="13,100,54,101,118,85,76,124,120,22,128,61,52"/><W48/><G120/><T12/><D34/><U66/><E106/><V6/><F71/><W17/><G118/><T117/><D117/><U87/><E123/><V65/><F116/><W122/><G122/><T2/><D134/><U63/><E110/><V16/><F131/><W27/><G128/><T23/><D108/><U133/><E8/><V91/><F121/><W1/><G1/><T5/><D79/><U49/><E87/><N who="2" m="52543" /><F65/><W43/><G124/><T86/><D74/><U21/><E21/><V18/><F45/><N who="3" m="25663" /><G27/><T115/><D73/><U25/><E25/><V114/><F114/><W129/><G129/><T125/><D125/><U3/><E3/><V10/><F91/><W95/><G61/><T103/><D115/><U41/><E90/><V40/><F40/><W107/><G107/><T98/><D2/><U19/><E19/><N who="2" m="7211" /><F11/><W59/><G59/><T14/><D62/><AGARI ba="1,0" hai="6,10,15,53,58,62,80,81" m="7211,52543" machi="62" ten="30,2000,0" yaku="8,1,54,1" doraHai="39" who="2" fromWho="0" sc="145,-23,2,0,604,23,249,0" owari="122,-28.0,2,-50.0,627,73.0,249,5.0" /></mjloggm>