<mjloggm ver="2.3"><GO type="41" lobby="0"/><UN n0="%41%63%68%69%67%61" n1="%E3%82%AB%E3%83%B3%E3%83%80%E3%82%BF" n2="%E3%83%88%E3%83%88%E3%83%AA%E5%85%88%E7%94%9F%31%39%E6%AD%B3" n3="%D0%B7%D1%80%D0%B9%D1%82%D0%B5%D0%BB%D1%8C" dan="14,15,14,14" rate="1932.15,2016.82,2030.78,1962.39" sx="F,M,F,M"/><TAIKYOKU oya="0"/><INIT seed="0,0,0,2,1,101" ten="250,250,250,250" oya="0" hai0="87,16,92,76,46,113,23,127,24,129,66,112,63" hai1="36,5,17,54,13,65,100,84,70,125,6,78,51" hai2="42,108,69,106,135,33,90,57,64,35,130,105,82" hai3="103,26,119,132,18,93,134,96,118,60,56,27,50"/><T114/><D129/><U99/><E36/><V25/><F57/><W43/><G43/><T107/><D127/><U1/><E1/><V41/><F130/><W58/><G50/><T95/><D46/><U29/><E29/><V30/><F35/><W85/><G85/><T3/><D3/><U55/><E125/><V40/><F108/><W21/><G26/><T98/><D76/><U32/><E32/><V86/><REACH who="2" step="1"/><F135/><REACH who="2" ten="250,250,240,250" step="2"/><W79/><G58/><T14/><D87/><U7/><E84/><V44/><F44/><W81/><G134/><T53/><D53/><U111/><E55/><V131/><F131/><W19/><G132/><T116/><D116/><U37/><E54/><V122/><F122/><W75/><G119/><T61/><D66/><U120/><E65/><V71/><F71/><W67/><G118/><T20/><D61/><AGARI ba="0,1" hai="25,30,33,40,41,42,61,64,69,82,86,90,105,106" machi="61" ten="40,5200,0" yaku="1,1,52,2,53,0" doraHai="101" doraHaiUra="109" who="2" fromWho="0" sc="250,-52,250,0,240,62,250,0" /><INIT seed="1,0,0,3,5,126" ten="198,250,302,250" oya="1" hai0="43,16,63,67,90,85,15,48,31,122,24,80,17" hai1="106,84,98,99,4,66,83,101,71,10,13,14,104" hai2="135,0,130,51,78,117,57,69,41,120,105,115,45" hai3="95,134,53,25,93,58,7,76,52,33,42,32,100"/><U8/><E71/><V111/><RYUUKYOKU type="yao9" ba="0,0" sc="198,0,250,0,302,0,250,0" hai2="0,41,45,51,57,69,78,105,111,115,117,120,130,135" /><INIT seed="1,1,0,4,1,31" ten="198,250,302,250" oya="1" hai0="60,21,14,33,36,113,25,83,94,134,81,133,135" hai1="16,73,123,102,110,6,132,126,56,99,30,11,54" hai2="22,69,72,4,10,106,17,19,89,129,120,62,61" hai3="82,75,76,111,7,35,114,77,119,91,122,117,92"/><U124/><E73/><V63/><F120/><W70/><G70/><T108/><D108/><U5/><E123/><V88/><F69/><W65/><G65/><T58/><D113/><U67/><E110/><V97/><F72/><W45/><G45/><T80/><D36/><U44/><E132/><V52/><F129/><W48/><G48/><T130/><D130/><U40/><E67/><V3/><F19/><W43/><G43/><T100/><D100/><U131/><E30/><V49/><F106/><W79/><G7/><T26/><D94/><U87/><E131/><V59/><REACH who="2" step="1"/><F97/><REACH who="2" ten="198,250,292,250" step="2"/><W74/><G111/><T27/><D14/><AGARI ba="1,1" hai="3,4,10,14,17,22,49,52,59,61,62,63,88,89" machi="14" ten="40,8000,1" yaku="1,1,2,1,54,2,53,1" doraHai="31" doraHaiUra="2" who="2" fromWho="0" sc="198,-83,250,0,292,93,250,0" /><INIT seed="2,0,0,1,0,11" ten="115,250,385,250" oya="2" hai0="28,45,100,36,19,88,66,83,54,62,31,92,56" hai1="130,55,129,77,14,3,4,41,126,103,50,27,61" hai2="6,105,89,109,96,118,123,125,7,112,80,9,84" hai3="120,121,82,71,104,135,131,113,40,20,43,1,74"/><V127/><F112/><W117/><RYUUKYOKU type="yao9" ba="0,0" sc="115,0,250,0,385,0,250,0" hai3="1,20,40,43,71,74,82,104,113,117,120,121,131,135" /><INIT seed="2,1,0,5,4,102" ten="115,250,385,250" oya="2" hai0="75,1,41,108,100,68,97,92,123,44,42,87,28" hai1="54,23,74,80,81,111,30,131,105,113,73,62,29" hai2="82,7,119,51,19,106,124,47,25,21,133,77,33" hai3="110,32,78,71,83,84,94,34,2,12,117,128,90"/><V0/><F119/><W72/><G117/><T91/><D108/><U89/><E62/><V24/><F133/><W88/><G71/><T22/><D123/><U127/><E54/><V114/><F114/><W60/><G2/><T17/><D68/><U112/><E23/><V55/><F124/><W132/><G132/><T118/><D118/><U18/><E18/><V64/><F64/><W35/><G128/><T79/><D1/><U67/><E89/><V134/><F134/><W20/><G110/><T86/><D28/><U45/><E45/><V109/><F109/><W5/><G60/><T59/><D59/><U115/><E111/><V126/><F126/><W31/><G90/><T4/><D4/><U14/><E14/><V16/><F106/><W56/><G56/><T36/><D42/><U48/><E48/><V57/><F0/><W96/><G5/><T104/><D79/><U101/><E127/><V93/><F93/><W46/><G46/><T135/><D135/><U85/><E115/><V49/><F7/><W10/><G10/><T53/><D53/><U120/><E120/><V50/><F47/><W27/><REACH who="3" step="1"/><G12/><REACH who="3" ten="115,250,385,240" step="2"/><T11/><D11/><U3/><E3/><V95/><F57/><W98/><AGARI ba="1,1" hai="20,27,31,32,34,35,72,78,83,84,88,94,96,98" machi="98" ten="40,8000,1" yaku="1,1,2,1,0,1,54,1,53,0" doraHai="102" doraHaiUra="9" who="3" fromWho="3" sc="115,-21,250,-21,385,-41,240,93" /><INIT seed="3,0,0,0,3,67" ten="94,229,344,333" oya="3" hai0="42,38,116,37,49,60,35,86,98,20,107,34,75" hai1="27,58,8,89,14,109,29,32,23,85,115,56,82" hai2="134,69,113,2,16,12,125,79,114,52,95,51,83" hai3="92,66,129,41,18,57,68,22,128,55,93,135,72"/><W73/><G41/><T91/><D116/><U124/><E115/><V80/><F2/><W19/><G135/><T63/><D75/><N who="3" m="28745" /><G66/><T59/><D20/><U117/><E117/><V94/><F69/><W81/><G81/><T64/><D63/><U96/><E124/><V5/><F5/><W43/><G43/><T121/><D121/><U44/><E109/><V130/><F130/><N who="3" m="50283" /><G68/><T11/><D11/><U50/><E96/><V106/><F125/><W61/><G19/><T123/><D123/><U120/><E32/><V103/><F134/><W10/><G10/><T13/><D13/><AGARI ba="0,0" hai="13,18,22,55,57,61,92,93" m="50283,28745" machi="13" ten="30,1500,0" yaku="19,1" doraHai="67" who="3" fromWho="0" sc="94,-15,229,0,344,0,333,15" /><INIT seed="3,1,0,4,4,39" ten="79,229,344,348" oya="3" hai0="66,99,59,74,71,95,25,33,122,49,29,6,40" hai1="24,30,78,18,108,0,28,75,51,57,4,64,7" hai2="123,50,129,17,68,79,111,69,130,9,37,118,19" hai3="72,62,117,43,131,11,3,60,45,133,47,55,116"/><W61/><G72/><T20/><D122/><U42/><E75/><V126/><F37/><N who="3" m="21743" /><G3/><T73/><D33/><U31/><E108/><V121/><F118/><N who="3" m="45675" /><G11/><T85/><D85/><U52/><E0/><V101/><F111/><W35/><G35/><T103/><D6/><U104/><E104/><V128/><F126/><W107/><G107/><T65/><D71/><N who="2" m="27210" /><F101/><W44/><G131/><T102/><D102/><U96/><E96/><V56/><F79/><W94/><G94/><T97/><D97/><U21/><E78/><V81/><F81/><W125/><G125/><T124/><D124/><U5/><E64/><N who="0" m="24681" /><D74/><U36/><E36/><V98/><F98/><W53/><G133/><T26/><D73/><U105/><E105/><V14/><F19/><W13/><G13/><T92/><D26/><U114/><E114/><V89/><F89/><W80/><G80/><T77/><D92/><U100/><E100/><V134/><F134/><W110/><G110/><T22/><D22/><U115/><E115/><V70/><F70/><W86/><G86/><T112/><D112/><U63/><E7/><V38/><F38/><W93/><G93/><T76/><D59/><U83/><E83/><V10/><F10/><W34/><G34/><T16/><D16/><U82/><E82/><V91/><F91/><W54/><AGARI ba="1,0" hai="44,47,53,54,55,60,61,62" m="45675,21743" machi="54" ten="40,7800,0" yaku="34,2,52,1" doraHai="39" who="3" fromWho="3" sc="79,-27,229,-27,344,-27,348,81" /><INIT seed="3,2,0,3,5,34" ten="52,202,317,429" oya="3" hai0="121,130,59,57,87,16,11,43,77,32,31,105,86" hai1="15,21,41,0,37,95,67,24,107,29,129,6,47" hai2="14,38,70,42,2,93,100,101,19,9,109,10,116" hai3="76,60,115,55,106,111,5,97,64,40,69,49,52"/><W33/><G115/><T39/><D130/><U122/><E107/><V124/><F116/><W103/><G111/><T71/><D121/><U61/><E122/><V81/><F70/><W54/><G40/><T17/><D105/><U99/><E129/><V102/><F109/><W62/><G62/><T78/><D71/><U117/><E117/><V27/><F124/><W4/><G76/><T88/><D32/><U118/><E118/><V26/><F93/><W18/><G33/><T3/><D31/><U98/><E15/><V74/><F74/><W68/><G68/><T50/><D39/><U58/><E98/><V94/><F81/><W91/><G91/><T1/><D43/><U53/><E6/><V8/><F2/><W7/><REACH who="3" step="1"/><G18/><REACH who="3" ten="52,202,317,419" step="2"/><T108/><D108/><U113/><E113/><V45/><REACH who="2" step="1"/><F94/><REACH who="2" ten="52,202,307,419" step="2"/><W44/><AGARI ba="2,2" hai="4,5,7,44,49,52,54,55,60,64,69,97,103,106" machi="44" ten="30,11700,0" yaku="1,1,2,1,0,1,54,1,53,0" doraHai="34" doraHaiUra="72" who="3" fromWho="3" sc="52,-41,202,-41,307,-41,419,143" /><INIT seed="3,3,0,4,4,11" ten="11,161,266,562" oya="3" hai0="51,116,17,87,50,120,86,111,2,135,98,62,102" hai1="117,41,75,63,69,119,32,64,124,36,35,7,4" hai2="78,105,128,79,110,123,73,60,72,33,12,47,40" hai3="82,108,24,55,56,25,125,49,85,65,104,129,16"/><W6/><G104/><T57/><D111/><U10/><E75/><V107/><F33/><W115/><G115/><T76/><D135/><U77/><E124/><V83/><F110/><W131/><G108/><T114/><D120/><U121/><E77/><V90/><F123/><W48/><G125/><T38/><D116/><N who="1" m="44619" /><E121/><V130/><F90/><N who="3" m="51511" /><G65/><T43/><D114/><U101/><E101/><V96/><F60/><W92/><G6/><T23/><D2/><N who="1" m="279" /><E7/><V93/><F93/><W99/><G49/><N who="0" m="18443" /><D76/><U31/><E31/><V74/><F78/><W66/><G66/><N who="0" m="39247" /><D38/><U54/><E54/><V118/><F118/><W42/><G42/><T44/><D43/><U1/><E1/><V20/><F107/><W30/><G30/><T94/><D44/><AGARI ba="3,0" hai="32,35,36,41,44,63,64,69" m="279,44619" machi="44" ten="30,2000,0" yaku="12,1,23,1" doraHai="11" who="1" fromWho="0" sc="11,-29,161,29,266,0,562,0" owari="-18,-52.0,190,-21.0,266,7.0,562,66.0" /></mjloggm>