<mjloggm ver="2.3"><GO type="169" lobby="0"/><UN n0="%E3%81%8D%E3%81%8F%E3%81%A6%E3%81%83%E3%81%99%E2%98%86" n1="%E3%83%89%E3%83%A9%E3%82%B4%E3%83%B3%E3%83%96%E3%83%AA%E3%83%BC%E3%83%89" n2="%E3%81%8A%E3%81%A7%E3%82%93%E3%81%A4%E3%81%8F%E3%82%8D%EF%BC%81" n3="%E5%B0%B1%E6%B4%BB%E7%94%9F%40%E5%B7%9D%E6%9D%91%E8%BB%8D%E5%9B%A3" dan="17,17,16,16" rate="2177.12,2133.79,2007.03,2118.48" sx="M,M,M,M"/><TAIKYOKU oya="0"/><INIT seed="0,0,0,0,2,31" ten="250,250,250,250" oya="0" hai0="79,106,117,57,123,76,35,7,101,60,63,119,55" hai1="73,114,27,75,115,69,103,112,32,107,54,34,14" hai2="104,30,125,100,120,64,93,9,80,70,65,111,45" hai3="4,0,33,87,66,15,121,74,59,135,99,122,26"/><T95/><D123/><N who="3" m="47113" /><G74/><N who="1" m="28170" /><E69/><V51/><F104/><W71/><G71/><T42/><D106/><U46/><E27/><V130/><F120/><W67/><G135/><T110/><D35/><N who="1" m="13355" /><E14/><V85/><F70/><W52/><G0/><T89/><D101/><U84/><E84/><V102/><F102/><W20/><G99/><T96/><D119/><U118/><E118/><V11/><F100/><W97/><G97/><T29/><D117/><U39/><E103/><V50/><F30/><N who="3" m="19671" /><G87/><T105/><D29/><U1/><E1/><V49/><F85/><W6/><G20/><T36/><D105/><U37/><E107/><V116/><F116/><W86/><G86/><T88/><D89/><U28/><E28/><V90/><F90/><W5/><G15/><T8/><D79/><U18/><E18/><V126/><F80/><W72/><G72/><T81/><D76/><U113/><N who="1" m="28672" /><DORA hai="92" /><U58/><E46/><V61/><F45/><W128/><G128/><T47/><D81/><U132/><E132/><V134/><F134/><W48/><AGARI ba="0,0" hai="4,5,6,48,52,59,66,67" m="19671,47113" machi="48" ten="30,4000,0" yaku="13,1,52,1,54,1" doraHai="31,92" who="3" fromWho="3" sc="250,-20,250,-10,250,-10,250,40" /><INIT seed="1,0,0,4,1,96" ten="230,240,240,290" oya="1" hai0="27,123,99,7,93,101,62,60,9,51,124,126,0" hai1="26,125,53,100,25,75,135,87,48,10,92,35,118" hai2="120,58,103,32,121,111,119,52,88,131,77,46,49" hai3="79,105,129,107,14,73,76,61,38,74,64,18,85"/><U20/><E118/><V70/><F119/><W134/><G38/><T68/><D123/><U113/><E75/><V132/><F70/><W71/><G134/><T31/><D51/><U90/><E113/><V72/><F132/><W86/><G129/><T36/><D36/><U94/><E35/><V4/><F131/><W11/><G74/><T82/><D82/><U69/><E69/><V8/><F32/><W16/><G73/><T66/><REACH who="0" step="1"/><D62/><REACH who="0" ten="220,240,240,290" step="2"/><U128/><E48/><V122/><F122/><W109/><G109/><T6/><D6/><U44/><E128/><V40/><F120/><W127/><G127/><T3/><D3/><U13/><E125/><V19/><F121/><W98/><G79/><T130/><D130/><U59/><E135/><V15/><F77/><W65/><G76/><T54/><D54/><U23/><E53/><V34/><F4/><W91/><G65/><T30/><D30/><U5/><E5/><V63/><F63/><W80/><G18/><T45/><D45/><U78/><E44/><V47/><F46/><W21/><G64/><T57/><D57/><U42/><E59/><V102/><F58/><W17/><G61/><T67/><D67/><U84/><E78/><V41/><F52/><W29/><G71/><T115/><D115/><U133/><E133/><V104/><F49/><W28/><G29/><T117/><D117/><U106/><E42/><V56/><F41/><W37/><G28/><T83/><D83/><U116/><E116/><V108/><F40/><W1/><G37/><T89/><D89/><U97/><E90/><V55/><F88/><RYUUKYOKU ba="0,1" sc="220,30,240,-10,240,-10,290,-10" hai0="0,7,9,27,31,60,66,68,93,99,101,124,126" /><INIT seed="2,1,1,1,3,18" ten="250,230,230,280" oya="2" hai0="102,22,118,87,125,41,44,28,57,93,119,29,50" hai1="10,73,112,37,34,132,107,16,67,111,0,101,65" hai2="69,96,127,85,36,94,71,133,84,135,42,60,47" hai3="114,3,131,129,20,92,9,56,126,49,108,11,17"/><V19/><F127/><W24/><G126/><T48/><D125/><U90/><E37/><V98/><F98/><W104/><G104/><T128/><D128/><N who="3" m="49225" /><G3/><T76/><D76/><U105/><E73/><V14/><F85/><W134/><G134/><N who="2" m="51209" /><F84/><W62/><G108/><T88/><D102/><U99/><E34/><V25/><F25/><W89/><G49/><T100/><D100/><U122/><E99/><V59/><F59/><W70/><G70/><T72/><D72/><U35/><E101/><N who="2" m="60567" /><F60/><W115/><G92/><T91/><D91/><U33/><E90/><V75/><F75/><W27/><G89/><T109/><D109/><U83/><E107/><V52/><F52/><N who="3" m="34055" /><G27/><T61/><D50/><U46/><E105/><V4/><F4/><W40/><G40/><T95/><D95/><U78/><E78/><V79/><F79/><W13/><G24/><T1/><D1/><U63/><E0/><V39/><F39/><W43/><G43/><T117/><REACH who="0" step="1"/><D22/><AGARI ba="1,1" hai="14,19,22,36,42,47,69,71" m="60567,51209" machi="22" ten="30,2900,0" yaku="20,1,52,1" doraHai="18" who="2" fromWho="0" sc="250,-32,230,0,230,42,280,0" /><INIT seed="2,2,0,0,2,67" ten="218,230,272,280" oya="2" hai0="108,87,11,52,68,56,119,72,126,61,81,114,1" hai1="26,60,55,74,2,9,7,23,92,62,27,70,51" hai2="0,14,64,16,49,73,17,33,6,46,86,99,124" hai3="59,104,20,84,123,58,41,98,133,127,96,112,10"/><V25/><F73/><W31/><G123/><T109/><D114/><U3/><E74/><V91/><F64/><W5/><G127/><T15/><D126/><U129/><E129/><V117/><F117/><W135/><G41/><T94/><D119/><U77/><E77/><V30/><F99/><W134/><G112/><T54/><D1/><U118/><E118/><V29/><F29/><W80/><G20/><T35/><D35/><U125/><E125/><V75/><F75/><W85/><G31/><T32/><D32/><U95/><E3/><V116/><F116/><W107/><G10/><T63/><D72/><U21/><E70/><V39/><F39/><W106/><G5/><T22/><D22/><U13/><E2/><V38/><F38/><W120/><G120/><T122/><D122/><U36/><E36/><V93/><F124/><W88/><G59/><T132/><D132/><U50/><E50/><V113/><F113/><W90/><G58/><T76/><D94/><AGARI ba="2,0" hai="80,84,85,88,90,94,96,98,104,106,107,133,134,135" machi="94" ten="50,8000,1" yaku="20,1,34,3,54,1" doraHai="67" who="3" fromWho="0" sc="218,-86,230,0,272,0,280,86" /><INIT seed="3,0,0,5,3,109" ten="132,230,272,366" oya="3" hai0="74,105,87,39,25,108,59,50,83,2,37,31,19" hai1="23,118,65,13,68,76,73,116,135,124,29,33,126" hai2="16,53,4,66,123,48,85,24,88,36,52,18,133" hai3="104,69,55,5,101,72,3,78,62,128,98,125,57"/><W131/><G125/><N who="1" m="48234" /><E135/><V70/><F36/><W115/><G69/><T134/><D108/><U81/><E13/><V96/><F4/><W49/><G62/><T21/><D134/><U130/><E130/><N who="3" m="49706" /><G78/><T95/><D105/><U30/><E23/><V54/><F96/><W75/><G115/><T129/><D2/><U93/><E93/><V82/><F133/><W110/><G110/><T71/><D71/><U100/><E100/><V121/><F48/><W12/><G3/><T9/><D129/><U103/><E103/><V27/><F66/><W119/><G119/><N who="1" m="45610" /><E33/><V6/><F6/><W11/><AGARI ba="0,0" hai="5,11,12,49,55,57,72,75,98,101,104" m="49706" machi="11" ten="30,1500,0" yaku="19,1" doraHai="109" who="3" fromWho="3" sc="132,-5,230,-5,272,-5,366,15" /><INIT seed="3,1,0,4,0,127" ten="127,225,267,381" oya="3" hai0="97,93,79,52,82,14,43,83,58,42,6,103,75" hai1="49,32,121,98,95,102,61,101,87,114,20,108,70" hai2="91,124,67,17,119,115,10,135,129,81,126,36,71" hai3="100,50,11,113,88,74,16,89,99,77,64,92,122"/><W5/><G113/><T9/><REACH who="0" step="1"/><D83/><REACH who="0" ten="117,225,267,381" step="2"/><U48/><E114/><V13/><F115/><W128/><G122/><T21/><D21/><U29/><E20/><V86/><F124/><W22/><G74/><T96/><D96/><U125/><E98/><V41/><F126/><W106/><G77/><T73/><D73/><U54/><E125/><V76/><F81/><W35/><G35/><T3/><D3/><U134/><E32/><V107/><F76/><W26/><G64/><T120/><D120/><U68/><E121/><V55/><F67/><W57/><G57/><T116/><D116/><U53/><E70/><V38/><F71/><W65/><G65/><T12/><D12/><U4/><E68/><V44/><F13/><W46/><G106/><T2/><D2/><U110/><E110/><V130/><F107/><W78/><G78/><T27/><D27/><U31/><E108/><V72/><F72/><W8/><G8/><T85/><D85/><U63/><E87/><V66/><F86/><W30/><G11/><T25/><D25/><U60/><E134/><V34/><F135/><W133/><G26/><T51/><AGARI ba="1,1" hai="6,9,14,42,43,51,52,58,75,79,82,93,97,103" machi="51" ten="20,8000,1" yaku="21,2,0,1,7,1,54,1,53,0" doraHai="127" doraHaiUra="69" who="0" fromWho="0" sc="117,93,225,-21,267,-21,381,-41" /><INIT seed="4,0,0,1,1,97" ten="210,204,246,340" oya="0" hai0="2,37,68,79,94,31,93,41,114,13,7,99,66" hai1="16,28,84,56,36,128,131,0,54,62,52,77,34" hai2="98,49,10,53,122,65,104,22,46,51,116,81,76" hai3="63,38,50,125,44,35,126,4,107,78,3,90,47"/><T27/><D114/><U55/><E0/><V14/><F122/><W8/><G35/><T113/><D113/><U110/><E110/><V135/><F116/><W87/><G107/><T5/><D2/><U12/><E36/><V119/><F119/><W45/><G78/><T23/><D79/><U60/><E28/><V106/><F65/><W17/><G17/><T120/><D120/><U57/><E34/><V91/><F22/><W61/><G50/><T59/><D68/><U19/><E55/><V121/><F135/><W83/><REACH who="3" step="1"/><G38/><REACH who="3" ten="210,204,246,330" step="2"/><T85/><D37/><U1/><E19/><V33/><F33/><W9/><G9/><T123/><D123/><U109/><E109/><V112/><F112/><W86/><G86/><T89/><D5/><U92/><E77/><V134/><F121/><W75/><G75/><T43/><D7/><U26/><E84/><V25/><F10/><W15/><G15/><T105/><D13/><U82/><E12/><V88/><F14/><W70/><G70/><T58/><D105/><U115/><E115/><V64/><F106/><W42/><G42/><T133/><D133/><U71/><E71/><V6/><F104/><W127/><AGARI ba="0,1" hai="3,4,8,44,45,47,61,63,83,87,90,125,126,127" machi="127" ten="40,5200,0" yaku="1,1,0,1,18,1,53,0" doraHai="97" doraHaiUra="101" who="3" fromWho="3" sc="210,-26,204,-13,246,-13,330,62" /><INIT seed="5,0,0,2,3,110" ten="184,191,233,392" oya="1" hai0="12,109,4,11,85,57,31,53,23,94,64,13,32" hai1="75,93,124,63,95,14,44,52,46,115,127,76,132" hai2="69,33,122,108,5,74,88,102,27,65,72,123,8" hai3="67,129,3,79,19,99,20,54,62,125,42,104,103"/><U80/><E132/><V91/><F108/><W43/><G3/><T98/><D109/><U77/><E14/><V58/><F69/><W36/><G36/><T18/><D64/><U82/><E63/><V101/><F33/><W96/><G79/><T107/><D107/><U126/><E115/><V90/><F27/><W89/><G125/><T128/><D128/><U49/><REACH who="1" step="1"/><E46/><REACH who="1" ten="184,181,233,392" step="2"/><V106/><F123/><W41/><G129/><T50/><D12/><U55/><E55/><V87/><F122/><W59/><G54/><T100/><D13/><U86/><AGARI ba="0,1" hai="44,49,52,75,76,77,80,82,86,93,95,124,126,127" machi="86" ten="30,11700,0" yaku="1,1,0,1,18,1,54,1,53,0" doraHai="110" doraHaiUra="35" who="1" fromWho="1" sc="184,-39,181,127,233,-39,392,-39" /><INIT seed="5,1,0,0,4,13" ten="145,308,194,353" oya="1" hai0="70,131,108,37,19,128,7,31,52,30,66,78,82" hai1="40,92,46,124,65,43,125,122,56,126,121,12,38" hai2="116,64,14,34,88,39,89,75,120,53,73,133,11" hai3="95,9,115,114,8,27,0,132,113,1,83,22,74"/><U44/><E12/><V71/><F34/><W24/><G95/><T102/><D108/><U106/><E92/><V93/><F116/><W51/><G51/><T50/><D37/><N who="1" m="21519" /><E106/><V62/><F39/><W72/><G83/><T81/><D7/><U97/><E97/><V32/><F32/><W16/><G132/><T86/><D102/><U134/><E134/><V100/><F120/><W59/><G59/><N who="0" m="33175" /><D82/><U3/><E3/><N who="3" m="1098" /><G27/><T35/><D35/><U110/><E110/><V48/><F100/><W55/><G55/><T33/><D33/><U68/><E56/><V47/><F89/><W49/><G49/><T20/><D70/><U63/><AGARI ba="1,0" hai="38,43,46,63,65,68,121,122,124,125,126" m="21519" machi="63" ten="40,12000,1" yaku="18,1,23,1,34,2" doraHai="13" who="1" fromWho="1" sc="145,-41,308,123,194,-41,353,-41" /><INIT seed="5,2,0,3,3,49" ten="104,431,153,312" oya="1" hai0="77,7,29,31,93,9,97,22,85,51,123,92,67" hai1="33,130,126,25,122,30,41,104,44,53,68,21,28" hai2="120,79,1,124,99,106,86,75,109,96,90,112,6" hai3="107,101,62,15,55,119,108,114,103,42,76,17,0"/><U18/><E122/><V59/><F120/><W58/><G0/><T72/><D123/><U12/><E68/><V32/><F32/><W80/><G108/><T111/><D111/><U56/><E104/><V78/><F59/><W116/><G42/><T63/><D72/><U100/><E100/><N who="2" m="62727" /><F6/><W11/><G114/><T70/><D22/><U4/><E30/><V81/><F1/><W26/><G26/><T84/><D84/><U16/><E130/><V118/><F118/><N who="3" m="45099" /><G107/><T105/><D105/><U71/><E126/><V57/><F57/><W64/><G64/><T83/><D51/><U10/><E71/><V102/><F124/><W46/><G46/><T125/><D125/><U115/><E33/><V19/><F19/><W39/><G39/><T128/><D128/><U98/><E98/><V37/><F37/><W69/><G69/><T43/><D43/><U3/><E3/><V8/><F8/><W65/><G65/><T134/><D134/><U36/><REACH who="1" step="1"/><E115/><REACH who="1" ten="104,421,153,312" step="2"/><V117/><F112/><W110/><G110/><T52/><D31/><U74/><E74/><AGARI ba="2,1" hai="11,15,17,55,58,62,74,76,80,101,103" m="45099" machi="74" ten="30,2000,0" yaku="12,1,52,1" doraHai="49" who="3" fromWho="1" sc="104,0,421,-26,153,0,312,36" /><INIT seed="6,0,0,1,1,81" ten="104,395,153,348" oya="2" hai0="75,109,18,73,85,25,104,12,123,77,65,10,42" hai1="105,72,64,40,134,82,124,110,16,86,28,41,106" hai2="3,39,132,36,34,111,14,31,130,127,32,43,76" hai3="120,59,92,96,133,118,23,83,35,126,45,0,87"/><V5/><F3/><W68/><G35/><T112/><D109/><U55/><E110/><V95/><F111/><W89/><G68/><T63/><D123/><U114/><E72/><V125/><F76/><W98/><G0/><T24/><D112/><U46/><E64/><V49/><F49/><W53/><G120/><T9/><D104/><U122/><E28/><V2/><F2/><W17/><G118/><T8/><D42/><U135/><E124/><N who="2" m="47691" /><F43/><W26/><G133/><T71/><D75/><U62/><E114/><V100/><F130/><W90/><G126/><T7/><D73/><U44/><E122/><V47/><F47/><W60/><G45/><T33/><D33/><N who="2" m="12906" /><F31/><W1/><G1/><T102/><D102/><U121/><E44/><V97/><F132/><W48/><G48/><T79/><D79/><U20/><E46/><V37/><F14/><W4/><REACH who="3" step="1"/><G4/><AGARI ba="0,0" hai="4,5,36,37,39,95,97,100" m="12906,47691" machi="4" ten="40,2000,0" yaku="18,1" doraHai="81" who="2" fromWho="3" sc="104,0,395,0,153,20,348,-20" /><INIT seed="6,1,0,2,5,109" ten="104,395,173,328" oya="2" hai0="42,55,130,117,113,92,118,111,45,30,20,83,33" hai1="77,57,107,69,126,103,11,40,81,35,53,110,1" hai2="76,63,70,38,96,68,19,36,52,86,120,98,125" hai3="29,72,87,44,88,131,121,3,115,135,134,132,5"/><V112/><F120/><W114/><G72/><T82/><D33/><U71/><E35/><V108/><F108/><W62/><G121/><T50/><D111/><U99/><E40/><V128/><F19/><W31/><G131/><T60/><D130/><U10/><E126/><V14/><F14/><W47/><G62/><T94/><D30/><N who="3" m="11273" /><G5/><T54/><D20/><U90/><E90/><V85/><F76/><W4/><G4/><T56/><D42/><U46/><E46/><N who="3" m="17450" /><G3/><T41/><D41/><U79/><E1/><V123/><F123/><W28/><G28/><T91/><D94/><AGARI ba="1,0" hai="87,88,94,114,115,132,134,135" m="17450,11273" machi="94" ten="40,8000,1" yaku="20,1,52,2,54,1" doraHai="109" who="3" fromWho="0" sc="104,-83,395,0,173,0,328,83" /><INIT seed="7,0,0,3,2,24" ten="21,395,173,411" oya="3" hai0="106,23,61,71,1,20,116,131,73,12,10,105,9" hai1="11,119,114,86,125,37,19,45,115,72,126,29,88" hai2="8,78,132,94,64,76,129,100,48,80,33,5,68" hai3="70,118,47,32,79,21,22,110,113,42,99,123,62"/><W109/><G123/><T111/><D61/><U31/><E72/><V63/><F33/><W43/><G32/><T96/><D96/><U14/><E119/><V83/><F48/><W124/><G113/><N who="1" m="43018" /><E45/><V0/><F129/><W108/><G124/><N who="1" m="47722" /><E37/><V87/><F132/><W75/><G118/><T77/><D77/><U2/><E2/><V120/><F120/><W50/><G99/><T91/><D91/><U134/><E134/><V53/><F53/><W15/><G15/><T93/><D93/><AGARI ba="0,0" hai="11,14,19,29,31,86,88,93" m="47722,43018" machi="93" ten="30,8000,1" yaku="15,1,18,1,52,2,54,1" doraHai="24" who="1" fromWho="0" sc="21,-80,395,80,173,0,411,0" owari="-59,-56.0,475,58.0,173,-23.0,411,21.0" /></mjloggm>