<mjloggm ver="2.3"><GO type="97" lobby="0"/><UN n0="%E3%82%B9%E3%83%97%E3%83%A9%E3%82%A4%E3%83%88" n1="%E3%83%88%E3%83%88%E3%83%AA%E5%85%88%E7%94%9F%31%39%E6%AD%B3" n2="%E7%94%B2%E6%96%90%E3%81%AE%E8%99%8E" n3="%E3%82%AB%E3%83%A9%E3%82%B9%E3%81%AE%E5%AD%90" dan="15,15,13,14" rate="2019.13,2055.62,1871.21,1936.88" sx="M,F,M,M"/><TAIKYOKU oya="0"/><INIT seed="0,0,0,2,1,106" ten="250,250,250,250" oya="0" hai0="65,6,10,133,18,98,23,28,80,83,100,0,32" hai1="33,92,127,116,42,41,44,27,118,7,73,30,22" hai2="17,57,67,53,130,62,93,16,125,102,76,15,1" hai3="123,114,105,120,64,79,131,78,122,115,12,50,119"/><T97/><D133/><U81/><E127/><V82/><F1/><W110/><G64/><T26/><D65/><U52/><E7/><V35/><F35/><W25/><G50/><T58/><D58/><U49/><E33/><V135/><F125/><W8/><G25/><T61/><D61/><U77/><REACH who="1" step="1"/><E92/><REACH who="1" ten="250,240,250,250" step="2"/><V104/><F135/><W20/><G105/><N who="0" m="63631" /><D98/><U88/><E88/><V5/><F104/><W108/><G123/><T66/><D66/><U40/><AGARI ba="0,1" hai="22,27,30,40,41,42,44,49,52,73,77,81,116,118" machi="40" ten="30,7900,0" yaku="1,1,0,1,52,1,54,1,53,0" doraHai="106" doraHaiUra="99" who="1" fromWho="1" sc="250,-39,240,89,250,-20,250,-20" /><INIT seed="1,0,0,4,1,47" ten="211,329,230,230" oya="1" hai0="61,129,49,35,83,89,45,28,114,7,134,71,99" hai1="130,43,135,91,39,102,9,53,105,30,92,14,80" hai2="108,70,51,100,121,122,6,88,13,19,126,23,40" hai3="103,68,41,123,124,94,15,56,107,128,77,34,75"/><U96/><E130/><V117/><F70/><W115/><G123/><T26/><D114/><U36/><E135/><V37/><F37/><W42/><G115/><T62/><D134/><U1/><E1/><V21/><F117/><W50/><G128/><T67/><D129/><U32/><E43/><V33/><F100/><W76/><G68/><T73/><D7/><U20/><E32/><V82/><F33/><W81/><G107/><T64/><D73/><U63/><E80/><V46/><F126/><W17/><G77/><T93/><D83/><U125/><E125/><V55/><F108/><W127/><G34/><T5/><D5/><U112/><E112/><V110/><F40/><W12/><G127/><T133/><D133/><U66/><E53/><V69/><F69/><W95/><G124/><T18/><D18/><N who="1" m="8527" /><E91/><V111/><F6/><W104/><G104/><T118/><D118/><U3/><E105/><V44/><F44/><W65/><G12/><T120/><D120/><U25/><E3/><V38/><F38/><W31/><G65/><T79/><D79/><U119/><E119/><V27/><F111/><W58/><G41/><T4/><D4/><U72/><E72/><V98/><F110/><W60/><G103/><T84/><D84/><U48/><E63/><N who="0" m="24073" /><D71/><U16/><E66/><V59/><F59/><N who="3" m="22571" /><G60/><T132/><D132/><U52/><E39/><V11/><F23/><N who="3" m="11711" /><G31/><T97/><D97/><U106/><E36/><V57/><F57/><W86/><G75/><T10/><D10/><U113/><E113/><V8/><F8/><W101/><G101/><T109/><D109/><RYUUKYOKU ba="0,0" sc="211,15,329,-15,230,-15,230,15" hai0="26,28,35,45,49,64,67,89,93,99" hai3="42,50,76,81,86,94,95" /><INIT seed="2,1,0,1,2,83" ten="226,314,215,245" oya="2" hai0="10,3,109,26,51,65,133,18,41,58,130,80,70" hai1="124,21,79,121,7,54,74,73,55,98,113,20,78" hai2="91,127,89,39,69,50,131,107,84,8,129,61,57" hai3="134,24,86,115,97,43,16,33,92,63,64,112,12"/><V17/><F39/><W32/><G43/><T45/><D109/><U49/><E98/><V96/><F107/><W116/><G116/><T118/><D118/><U60/><E49/><V132/><F69/><W29/><G33/><T46/><D133/><U81/><E81/><V126/><F50/><W94/><G134/><T99/><D130/><N who="2" m="49674" /><F96/><W111/><G111/><T95/><D70/><U128/><E128/><V103/><F103/><W114/><G97/><T38/><D80/><U59/><E59/><V87/><F132/><W117/><G117/><T75/><D75/><U53/><E60/><V42/><F42/><W76/><G76/><T27/><D46/><U13/><E78/><V85/><F17/><W122/><G86/><T108/><D108/><U62/><E79/><V44/><F44/><W35/><G122/><T6/><D18/><U30/><E62/><V88/><F8/><N who="3" m="6151" /><G35/><T34/><D34/><U40/><E40/><V47/><F47/><W101/><G101/><T56/><D65/><AGARI ba="1,0" hai="57,61,65,84,85,87,88,89,91,126,127" m="49674" machi="65" ten="40,12000,1" yaku="19,1,52,3,54,1" doraHai="83" who="2" fromWho="0" sc="226,-123,314,0,215,123,245,0" /><INIT seed="2,2,0,3,0,131" ten="103,314,338,245" oya="2" hai0="9,25,130,10,36,53,132,73,31,126,22,111,33" hai1="8,35,87,0,76,62,45,7,122,95,135,30,102" hai2="105,17,124,32,70,125,83,55,67,110,75,98,84" hai3="88,96,133,85,86,19,12,121,44,119,94,6,29"/><V71/><F75/><W41/><G121/><T18/><D36/><U108/><E122/><V24/><F55/><W5/><G119/><T48/><D73/><U21/><E108/><V40/><F40/><W72/><G72/><T89/><D111/><U2/><E35/><V99/><F110/><W23/><G133/><T109/><D109/><U16/><E135/><V39/><F39/><W26/><G85/><T68/><D68/><U58/><E30/><V93/><F105/><W28/><G96/><T82/><D130/><U14/><E45/><V80/><F67/><W1/><G1/><T15/><D126/><N who="2" m="48746" /><F17/><W112/><G29/><T57/><D132/><U3/><E102/><N who="2" m="60751" /><F99/><W77/><G112/><T106/><D106/><U52/><REACH who="1" step="1"/><E95/><REACH who="1" ten="103,304,338,245" step="2"/><V49/><F49/><W113/><G113/><T79/><D79/><U116/><E116/><V118/><F118/><W47/><G77/><T61/><D33/><U27/><E27/><V69/><F84/><W81/><G94/><T59/><D31/><AGARI ba="2,1" hai="24,31,32,69,70,71,80,83" m="60751,48746" machi="31" ten="40,2000,0" yaku="18,1" doraHai="131" who="2" fromWho="0" sc="103,-26,304,0,338,36,245,0" /><INIT seed="2,3,0,2,4,44" ten="77,304,374,245" oya="2" hai0="25,42,101,4,123,38,68,88,83,82,119,124,70" hai1="13,135,7,0,28,47,55,115,76,122,27,43,50" hai2="77,105,108,9,89,102,74,26,10,2,29,86,67" hai3="96,129,120,56,72,36,35,111,97,53,41,45,17"/><V73/><F67/><W91/><G120/><T16/><D123/><U114/><E0/><V103/><F108/><W118/><G118/><T61/><D119/><U95/><E122/><V104/><F2/><W66/><G72/><T128/><D128/><U100/><E135/><V75/><F77/><W39/><G39/><T127/><D101/><U92/><E76/><V62/><F62/><W112/><G112/><T15/><D4/><U60/><E114/><V1/><F1/><W49/><G129/><T8/><D25/><U90/><E115/><V58/><F58/><W93/><G111/><T40/><D83/><U32/><E100/><V85/><F75/><W24/><G66/><T12/><D12/><U54/><E92/><V69/><F29/><W80/><G80/><T78/><D78/><U6/><E60/><V33/><F26/><W51/><G36/><T65/><D70/><U98/><REACH who="1" step="1"/><E7/><REACH who="1" ten="77,294,374,245" step="2"/><V34/><F89/><W110/><G110/><T46/><REACH who="0" step="1"/><D42/><REACH who="0" ten="67,294,374,245" step="2"/><U131/><E131/><V37/><F37/><W23/><G35/><T30/><D30/><U106/><E106/><V117/><F117/><W125/><G125/><T63/><D63/><U5/><E5/><V130/><F130/><W107/><G107/><T132/><D132/><U31/><E31/><V59/><F69/><W19/><G19/><T133/><D133/><U64/><E64/><V3/><F3/><W48/><G48/><T71/><D71/><U94/><E94/><V84/><F105/><W20/><G51/><T52/><D52/><U14/><E14/><V18/><F104/><W81/><G53/><RYUUKYOKU ba="3,2" sc="67,15,294,15,374,-15,245,-15" hai0="8,15,16,38,40,46,61,65,68,82,88,124,127" hai1="6,13,27,28,32,43,47,50,54,55,90,95,98" /><INIT seed="3,4,2,3,3,74" ten="82,309,359,230" oya="3" hai0="75,122,15,4,39,109,54,32,118,49,65,88,96" hai1="64,81,21,37,113,77,30,93,17,5,104,134,94" hai2="71,111,67,135,41,3,101,70,117,85,130,103,90" hai3="128,8,16,72,45,33,46,13,55,51,34,42,102"/><W20/><G128/><T127/><D118/><U56/><E113/><V62/><F3/><W10/><G72/><T22/><D122/><U53/><E104/><V29/><F117/><W43/><G102/><T12/><D32/><U110/><E37/><V107/><F71/><W78/><G78/><T0/><D75/><U9/><E110/><V63/><F63/><W86/><G86/><T89/><D109/><U100/><E134/><V7/><F111/><W131/><G131/><T24/><D127/><U14/><E64/><V95/><F130/><W126/><G126/><T124/><D39/><U119/><E119/><V123/><F123/><W48/><G55/><T61/><D124/><U115/><E30/><V6/><F29/><W38/><G38/><T58/><D0/><U47/><E47/><V133/><F41/><W87/><G87/><T18/><D4/><N who="2" m="1578" /><F107/><W2/><G2/><T52/><D54/><U35/><E35/><AGARI ba="4,2" hai="8,10,13,16,20,33,34,35,42,43,45,46,48,51" machi="35" ten="40,3900,0" yaku="9,1,54,1" doraHai="74" who="3" fromWho="1" sc="82,0,309,-51,359,0,230,71" /><INIT seed="3,5,0,5,0,64" ten="82,258,359,301" oya="3" hai0="118,7,95,16,90,82,9,117,51,87,92,52,80" hai1="65,1,34,31,55,26,128,11,57,6,49,120,20" hai2="35,114,122,13,61,24,8,78,38,2,10,58,98" hai3="135,93,14,91,77,85,76,130,131,45,113,99,44"/><W123/><G14/><T75/><D118/><U33/><E128/><N who="3" m="49194" /><G45/><T21/><D117/><U108/><E108/><V96/><F38/><W15/><G44/><T101/><D75/><U115/><E115/><V17/><F114/><W105/><G15/><T97/><D7/><U67/><E120/><V36/><F36/><W25/><G25/><T133/><D133/><U4/><E4/><V70/><F70/><W50/><G50/><T28/><D28/><U109/><E109/><V22/><F122/><W41/><G41/><T29/><D29/><U126/><E126/><V62/><F35/><W60/><G60/><N who="2" m="23145" /><F78/><N who="3" m="30315" /><G113/><T124/><D9/><N who="2" m="3690" /><F58/><W107/><G135/><T0/><D0/><U32/><E65/><V89/><F2/><W53/><G53/><T111/><D111/><U110/><E110/><V42/><F42/><W3/><G3/><T83/><D124/><U66/><E66/><V129/><F129/><W71/><G71/><T18/><D21/><U37/><E67/><V102/><F13/><W19/><G19/><T54/><D54/><U46/><E37/><V104/><F17/><W86/><G123/><T40/><D40/><U68/><REACH who="1" step="1"/><E57/><REACH who="1" ten="82,248,359,301" step="2"/><V12/><F22/><W121/><G121/><T74/><REACH who="0" step="1"/><D74/><REACH who="0" ten="72,248,359,301" step="2"/><U5/><E5/><V48/><F48/><W119/><G119/><T94/><D94/><U30/><E30/><V72/><F72/><W116/><G116/><T100/><D100/><U132/><E132/><V81/><F102/><W84/><AGARI ba="5,2" hai="84,85,86,91,93,99,105,107" m="30315,49194" machi="84" ten="40,7800,0" yaku="19,1,34,2" doraHai="64" who="3" fromWho="3" sc="72,-31,248,-31,359,-31,301,113" owari="41,-46.0,217,-18.0,328,13.0,414,51.0" /></mjloggm>