<mjloggm ver="2.3"><GO type="97" lobby="0"/><UN n0="%2D%E3%83%AC%E3%82%A4%E3%83%B3%2D" n1="%E3%82%86%E3%81%BF" n2="%E5%B0%B1%E6%B4%BB%E7%94%9F%40%E5%B7%9D%E6%9D%91%E8%BB%8D%E5%9B%A3" n3="%E3%83%8E%E3%83%BC%E3%83%9E%E3%83%AB%EF%BC%A5%EF%BC%A4" dan="14,14,15,13" rate="1913.56,1963.06,2052.48,1895.95" sx="M,F,M,M"/><TAIKYOKU oya="0"/><INIT seed="0,0,0,4,3,25" ten="250,250,250,250" oya="0" hai0="123,83,86,91,34,121,51,58,38,20,35,41,67" hai1="49,12,73,3,102,69,122,79,63,1,7,107,21" hai2="93,10,50,130,14,94,98,31,81,28,59,19,101" hai3="128,117,44,30,75,68,124,77,80,95,89,56,90"/><T4/><D38/><U62/><E122/><V125/><F130/><W37/><G117/><T8/><D67/><U111/><E111/><V36/><F36/><W134/><G68/><T48/><D48/><U42/><E21/><V52/><F125/><W109/><G109/><T24/><D121/><U45/><E12/><V129/><F129/><W13/><G128/><T85/><D85/><U70/><E63/><V92/><REACH who="2" step="1"/><F81/><REACH who="2" ten="250,250,240,250" step="2"/><N who="3" m="45247" /><G124/><T114/><D123/><U66/><E70/><V126/><F126/><W11/><G37/><T18/><D114/><U132/><E132/><V105/><AGARI ba="0,1" hai="10,14,19,28,31,50,52,59,92,93,94,98,101,105" machi="105" ten="30,12000,2" yaku="1,1,0,1,52,2,54,1,53,1" doraHai="25" doraHaiUra="99" who="2" fromWho="2" sc="250,-60,250,-30,240,130,250,-30" /><INIT seed="1,0,0,5,5,27" ten="190,220,370,220" oya="1" hai0="15,53,50,101,64,85,133,118,70,75,105,14,30" hai1="69,91,100,73,45,7,83,54,116,56,115,112,42" hai2="102,25,92,120,21,40,121,77,79,26,78,127,3" hai3="63,119,11,107,72,90,82,33,71,47,76,52,98"/><U43/><E116/><V17/><F3/><W19/><G119/><T132/><D118/><U12/><E43/><V9/><F127/><W61/><G33/><T46/><D75/><U31/><E69/><V5/><F40/><W123/><G123/><T117/><D117/><U18/><E7/><V0/><F25/><W110/><G110/><T122/><D122/><U84/><E73/><V103/><F103/><W97/><G107/><T80/><D101/><U81/><E100/><V51/><F51/><W108/><G108/><T111/><D105/><U13/><E13/><N who="0" m="4617" /><D64/><U114/><E42/><V124/><F124/><W128/><G11/><T32/><D32/><U106/><E106/><V109/><F109/><W29/><G19/><T96/><D96/><U39/><E39/><V4/><F4/><W8/><G8/><T89/><D70/><U87/><E12/><V104/><F104/><W66/><G97/><T125/><D125/><U36/><E18/><V99/><AGARI ba="0,0" hai="0,5,9,17,21,26,77,78,79,92,99,102,120,121" machi="99" ten="30,1100,0" yaku="0,1" doraHai="27" who="2" fromWho="2" sc="190,-3,220,-5,370,11,220,-3" /><INIT seed="2,0,0,1,2,93" ten="187,215,381,217" oya="2" hai0="128,52,107,39,54,0,121,3,114,77,9,83,66" hai1="31,8,32,76,125,119,118,29,79,55,101,22,106" hai2="131,132,20,42,109,37,16,40,96,129,90,43,95" hai3="60,134,13,123,19,44,97,47,46,45,84,10,127"/><V113/><F113/><W62/><G123/><T98/><D114/><U89/><E32/><V38/><F109/><W36/><G134/><T116/><D121/><U67/><E125/><V108/><F108/><W72/><G72/><T14/><D39/><U27/><E89/><V24/><REACH who="2" step="1"/><F132/><REACH who="2" ten="187,215,371,217" step="2"/><W117/><G127/><T21/><D116/><U51/><E119/><V75/><F75/><W78/><G117/><T122/><D122/><U99/><E118/><V110/><F110/><W103/><G36/><AGARI ba="0,1" hai="16,20,24,36,37,38,40,42,43,90,95,96,129,131" machi="36" ten="40,18000,2" yaku="1,1,52,1,54,1,53,3" doraHai="93" doraHaiUra="71" who="2" fromWho="3" sc="187,0,215,0,371,190,217,-180" /><INIT seed="2,1,0,1,4,58" ten="187,215,561,37" oya="2" hai0="19,30,67,80,8,42,4,23,72,120,118,7,105" hai1="134,5,55,66,112,61,93,14,60,74,10,52,107" hai2="99,6,85,25,40,111,130,56,79,71,29,84,115" hai3="125,128,90,45,127,131,22,3,95,20,123,27,86"/><V114/><F71/><W122/><G3/><T13/><D105/><U11/><E107/><V1/><F130/><N who="3" m="49707" /><G45/><T18/><D42/><U43/><E74/><V135/><F135/><W33/><G33/><T39/><D39/><U83/><E134/><V31/><F111/><W48/><G48/><T32/><D67/><U0/><E112/><V97/><F40/><W126/><G27/><N who="0" m="18527" /><D80/><U9/><E43/><V15/><F1/><W50/><G50/><T35/><D72/><U53/><E66/><V2/><F2/><W78/><G22/><T88/><D88/><U129/><E129/><V75/><F75/><W24/><G24/><N who="0" m="14463" /><D120/><N who="3" m="46121" /><G20/><N who="0" m="11343" /><D118/><U104/><E104/><V103/><F56/><W108/><G78/><T96/><D96/><U76/><E93/><V89/><F79/><W124/><N who="3" m="31744" /><DORA hai="41" /><W28/><G28/><T92/><D35/><U116/><E116/><V87/><F31/><W91/><G91/><T94/><D92/><U100/><E100/><V59/><F89/><W51/><G51/><T69/><D94/><U38/><E38/><V54/><F103/><W16/><G16/><T98/><D8/><N who="1" m="3179" /><E0/><V110/><F29/><W34/><G34/><T121/><D121/><U106/><E106/><V77/><F77/><W133/><G108/><T113/><D4/><U44/><E44/><V82/><F110/><W132/><AGARI ba="1,0" hai="86,90,95,132,133" m="31744,46121,49707" machi="132" ten="70,12000,2" yaku="30,2,19,1,18,1,34,2" doraHai="58,41" who="3" fromWho="3" sc="187,-31,215,-31,561,-61,37,123" /><INIT seed="3,0,0,0,1,48" ten="156,184,500,160" oya="3" hai0="53,33,98,44,56,1,104,79,72,27,126,35,31" hai1="108,124,42,135,88,77,131,13,123,0,86,68,29" hai2="127,132,32,92,96,54,95,90,5,121,129,17,55" hai3="75,7,4,60,52,38,100,115,106,16,62,117,107"/><W23/><G117/><T128/><D1/><U133/><E68/><V91/><F32/><W6/><G115/><T28/><D44/><U51/><E123/><V80/><F121/><W24/><G38/><T76/><D72/><U36/><E36/><V19/><F127/><W97/><G75/><T2/><D2/><U46/><E124/><V122/><F122/><W49/><REACH who="3" step="1"/><G106/><REACH who="3" ten="156,184,500,150" step="2"/><T102/><D126/><U45/><E0/><V11/><F129/><W87/><G87/><T125/><D125/><U82/><E131/><V99/><F132/><N who="1" m="50761" /><E108/><V116/><F116/><W58/><AGARI ba="0,1" hai="4,6,7,16,23,24,49,52,58,60,62,97,100,107" machi="58" ten="30,12000,1" yaku="1,1,0,1,52,1,54,2,53,0" doraHai="48" doraHaiUra="37" who="3" fromWho="3" sc="156,-40,184,-40,500,-40,150,130" /><INIT seed="3,1,0,4,5,14" ten="116,144,460,280" oya="3" hai0="81,70,38,18,11,94,47,23,119,125,22,10,36" hai1="58,20,75,93,134,46,42,78,85,34,39,13,44" hai2="79,15,77,133,82,27,62,96,33,111,63,26,98" hai3="7,115,76,25,123,64,12,129,128,4,113,132,86"/><W65/><G123/><T88/><D119/><U40/><E34/><V2/><F2/><W24/><G76/><N who="2" m="29257" /><F33/><W57/><G86/><T130/><D81/><U3/><E3/><V131/><F111/><W126/><G57/><T71/><D23/><U5/><E75/><V50/><F133/><W55/><G55/><T29/><D29/><U69/><E69/><V43/><F15/><W51/><G51/><T90/><D90/><U41/><E134/><V72/><F72/><W6/><G132/><T91/><D91/><N who="1" m="53487" /><E78/><V53/><F82/><W59/><G59/><T9/><D130/><N who="3" m="50281" /><G126/><T80/><D80/><U105/><E105/><V112/><F112/><N who="3" m="43083" /><G12/><T56/><D56/><U114/><E114/><V101/><F131/><W95/><G95/><T135/><D135/><U54/><E39/><V52/><F43/><W49/><G49/><T106/><D106/><U104/><E104/><V60/><F53/><W31/><G31/><T68/><D47/><U48/><E5/><N who="3" m="1282" /><W19/><DORA hai="87" /><G19/><AGARI ba="1,0" hai="13,19,20,40,41,42,44,46,48,54,58" m="53487" machi="19" ten="30,7700,0" yaku="25,1,8,1,52,2" doraHai="14,87" who="1" fromWho="3" sc="116,0,144,80,460,0,280,-80" owari="116,-38.0,224,2.0,460,56.0,200,-20.0" /></mjloggm>