<mjloggm ver="2.3"><GO type="169" lobby="0"/><UN n0="%E7%A9%B6%E6%A5%B5%41%49" n1="%E3%81%A8%E3%82%82%E3%81%8D%E3%82%85%E3%82%93%E2%99%AA" n2="%E5%B0%B1%E6%B4%BB%E7%94%9F%40%E5%B7%9D%E6%9D%91%E8%BB%8D%E5%9B%A3" n3="%E3%83%87%E3%83%AB%E3%83%90%E3%83%A9%E3%83%89" dan="16,16,16,16" rate="2076.05,2140.63,2181.70,2071.28" sx="M,F,M,M"/><TAIKYOKU oya="0"/><INIT seed="0,0,0,4,4,45" ten="250,250,250,250" oya="0" hai0="7,29,50,102,27,57,111,89,54,56,93,99,63" hai1="121,52,2,112,105,55,110,35,31,115,87,12,44" hai2="118,116,58,61,23,129,53,13,88,37,15,134,75" hai3="131,26,130,9,96,114,79,120,94,108,65,43,38"/><T125/><D125/><U82/><E2/><V135/><F37/><W0/><G65/><T77/><D111/><U76/><E121/><V133/><F75/><W104/><G26/><T66/><D77/><U127/><E127/><V62/><F129/><W119/><G94/><T109/><D109/><U32/><E110/><V123/><F123/><W36/><G9/><T1/><D1/><U41/><E105/><V83/><F62/><W34/><G96/><T16/><D7/><U113/><E12/><V95/><F83/><W59/><G59/><T80/><D80/><U98/><E98/><V126/><F126/><W67/><G43/><T17/><REACH who="0" step="1"/><D89/><REACH who="0" ten="240,250,250,250" step="2"/><U106/><E106/><V122/><F122/><W19/><G79/><T68/><D68/><U72/><E72/><V25/><F116/><W73/><G131/><T47/><D47/><U20/><E112/><V33/><F118/><W100/><G100/><T28/><D28/><U51/><E113/><V128/><F128/><W92/><G130/><T103/><D103/><U84/><E115/><V78/><F78/><W90/><G114/><T60/><D60/><U64/><E76/><V70/><F70/><W91/><G91/><T6/><D6/><U107/><E82/><V86/><REACH who="2" step="1"/><F33/><AGARI ba="0,1" hai="16,17,27,29,33,50,54,56,57,63,66,93,99,102" machi="33" ten="30,11600,0" yaku="1,1,7,1,52,1,54,1,53,0" doraHai="45" doraHaiUra="42" who="0" fromWho="2" sc="240,126,250,0,250,-116,250,0" /><INIT seed="0,1,0,2,0,20" ten="366,250,134,250" oya="0" hai0="55,105,77,22,110,52,121,131,118,88,115,108,125" hai1="126,92,53,44,68,7,60,17,67,48,113,91,39" hai2="9,93,114,135,19,87,102,21,133,12,122,37,99" hai3="27,129,74,78,32,4,11,119,71,123,111,90,64"/><T117/><D105/><U128/><E126/><V34/><F34/><W130/><G90/><T65/><D77/><U54/><E128/><V79/><F37/><W61/><G119/><N who="0" m="45579" /><D121/><U23/><E113/><V42/><F122/><W70/><G123/><T97/><D115/><U6/><E54/><V59/><F114/><W89/><G89/><T46/><D125/><U13/><E39/><V96/><F42/><W18/><G78/><T80/><D131/><N who="3" m="50185" /><G74/><T85/><D97/><AGARI ba="1,0" hai="6,7,13,17,23,44,48,53,60,67,68,91,92,97" machi="97" ten="30,1000,0" yaku="7,1" doraHai="20" who="1" fromWho="0" sc="366,-13,250,13,134,0,250,0" /><INIT seed="1,0,0,2,1,62" ten="353,263,134,250" oya="1" hai0="130,68,16,23,59,94,103,1,102,85,124,34,81" hai1="91,42,52,111,60,121,135,125,134,71,54,113,107" hai2="31,74,99,93,123,19,114,51,47,28,27,101,78" hai3="116,30,73,6,118,69,75,57,8,0,100,26,117"/><U88/><E107/><V17/><F123/><W66/><G57/><T12/><D68/><U96/><E121/><V37/><F37/><W76/><G100/><T25/><D1/><U32/><E113/><V13/><F114/><W2/><G2/><T3/><D3/><U24/><E125/><V77/><F74/><W39/><G39/><T65/><D124/><U127/><E42/><V110/><F110/><W72/><G76/><T133/><D133/><N who="1" m="50699" /><E127/><V82/><F82/><W53/><G53/><N who="1" m="20586" /><E111/><V120/><F120/><W5/><G5/><T41/><D41/><U119/><E96/><V46/><F46/><W129/><G129/><T98/><D130/><U79/><E79/><V58/><F58/><W15/><G15/><T64/><D103/><U33/><E119/><V92/><F78/><W115/><G115/><T67/><D34/><N who="1" m="13419" /><E24/><V126/><F77/><W9/><G9/><T14/><D59/><U43/><E43/><V112/><F126/><W45/><G45/><T86/><D85/><U80/><E80/><V21/><F112/><W20/><G75/><T50/><D50/><U95/><E95/><V104/><F104/><W55/><G55/><T122/><D122/><U18/><E18/><V109/><F109/><W38/><G38/><T36/><D36/><U132/><N who="1" m="50707" /><U10/><DORA hai="83" /><E10/><N who="2" m="6327" /><F92/><W89/><G89/><AGARI ba="0,0" hai="12,14,16,23,25,64,65,67,81,86,89,94,98,102" machi="89" ten="40,12000,2" yaku="8,1,52,4,54,1" doraHai="62,83" who="0" fromWho="3" sc="353,120,263,0,134,0,250,-120" /><INIT seed="2,0,0,4,3,29" ten="473,263,134,130" oya="2" hai0="12,4,79,83,113,56,64,131,117,19,14,77,124" hai1="97,72,80,18,65,32,22,91,28,30,99,125,111" hai2="105,38,90,68,67,10,102,55,118,128,135,109,107" hai3="11,6,98,81,48,33,24,96,25,75,44,103,126"/><V49/><F38/><W0/><G126/><T86/><D113/><U27/><E125/><V42/><F118/><W13/><G0/><T87/><D124/><U66/><E111/><V50/><F128/><W132/><G132/><T61/><D117/><U8/><E30/><V41/><F135/><W85/><G75/><T100/><D131/><U70/><E72/><V9/><F109/><W15/><G15/><T116/><D116/><U82/><E8/><V3/><F3/><W54/><G33/><T47/><D100/><U53/><E53/><V119/><F119/><W134/><G134/><T40/><D4/><U78/><E78/><V76/><F76/><W63/><G63/><T108/><D108/><U60/><E66/><V20/><F67/><W37/><G37/><T110/><D110/><U89/><E89/><V7/><F7/><W84/><G84/><T5/><D5/><U133/><E133/><V35/><F90/><N who="3" m="51503" /><G103/><T39/><REACH who="0" step="1"/><D19/><REACH who="0" ten="463,263,134,130" step="2"/><U62/><E18/><V123/><F102/><W36/><G6/><T58/><D58/><U95/><E70/><V52/><F123/><W21/><G44/><T112/><D112/><U43/><E91/><V16/><F16/><W69/><G69/><T93/><D93/><U23/><E95/><V106/><F106/><W74/><G74/><T122/><D122/><U115/><E115/><V130/><F68/><W45/><G45/><T2/><D2/><U104/><E104/><V71/><F71/><W1/><G1/><T34/><D34/><U127/><E32/><V101/><F130/><W59/><G59/><T94/><D94/><RYUUKYOKU ba="0,1" sc="463,30,263,-10,134,-10,130,-10" hai0="12,14,39,40,47,56,61,64,77,79,83,86,87" /><INIT seed="3,1,1,1,0,68" ten="493,253,124,120" oya="3" hai0="122,57,9,107,8,132,89,30,98,76,74,64,125" hai1="40,37,42,86,124,34,47,99,49,11,65,88,128" hai2="133,87,67,43,102,26,39,70,106,119,108,18,36" hai3="120,48,135,109,32,59,54,116,126,5,35,131,129"/><W112/><G5/><T21/><D122/><U60/><E124/><V72/><F72/><W4/><G120/><T0/><D125/><U83/><E128/><N who="3" m="49226" /><G126/><T123/><D123/><U69/><E34/><V77/><F119/><W45/><G116/><T55/><D132/><U71/><E71/><V118/><F133/><W56/><G135/><T23/><D64/><U3/><E99/><V20/><F118/><W115/><G4/><T25/><D23/><U53/><E3/><V73/><F73/><W104/><G104/><T66/><D66/><U24/><E24/><V41/><F108/><W85/><G85/><T80/><D0/><U127/><E127/><V16/><F106/><W51/><G35/><T12/><D12/><U63/><E63/><V113/><F113/><N who="3" m="43595" /><G32/><T1/><D1/><U81/><E11/><V46/><F102/><W75/><G75/><T61/><REACH who="0" step="1"/><D89/><REACH who="0" ten="483,253,124,120" step="2"/><U134/><E134/><V97/><F67/><W95/><G109/><T10/><D10/><U44/><REACH who="1" step="1"/><E53/><REACH who="1" ten="483,243,124,120" step="2"/><V110/><F110/><W94/><G59/><T103/><AGARI ba="1,3" hai="8,9,21,25,30,55,57,61,74,76,80,98,103,107" machi="103" ten="30,2000,0" yaku="1,1,0,1,53,0" doraHai="68" doraHaiUra="121" who="0" fromWho="0" sc="483,53,243,-6,124,-6,120,-11" /><INIT seed="4,0,0,4,3,4" ten="536,237,118,109" oya="0" hai0="18,21,66,5,44,90,77,57,107,100,33,84,63" hai1="41,56,94,86,134,82,62,95,3,72,81,127,38" hai2="130,80,87,58,78,13,17,46,23,6,118,0,91" hai3="104,123,14,117,93,88,68,47,73,32,11,101,113"/><T99/><D33/><U49/><E38/><V79/><F130/><W124/><G101/><T131/><D131/><U22/><E127/><V29/><F118/><W39/><G93/><T89/><D5/><U120/><E120/><V48/><F29/><W60/><G88/><T126/><D126/><U69/><E69/><V34/><F34/><W110/><G11/><T103/><D103/><U7/><E134/><V70/><F70/><W116/><G14/><T27/><REACH who="0" step="1"/><D44/><REACH who="0" ten="526,237,118,109" step="2"/><U67/><E7/><V128/><F128/><W133/><G47/><T1/><D1/><U105/><E3/><V37/><F6/><W97/><G60/><T98/><D98/><U52/><E62/><V96/><F96/><W109/><G97/><T54/><D54/><U53/><E53/><V83/><F0/><W125/><G124/><T36/><D36/><U61/><E52/><V111/><F37/><W43/><G117/><T2/><D2/><U28/><E61/><V114/><F46/><W20/><G39/><T30/><D30/><U45/><E28/><V50/><F17/><W92/><G116/><T102/><D102/><U19/><E45/><V121/><F121/><W40/><G123/><T35/><D35/><U25/><E19/><V71/><F71/><W26/><G68/><T31/><D31/><U122/><E122/><V112/><F58/><W10/><G125/><T85/><D85/><U74/><E56/><V12/><F87/><W65/><G32/><T16/><D16/><U129/><E86/><V15/><F114/><W42/><G113/><T75/><D75/><N who="1" m="28715" /><E129/><V132/><F112/><RYUUKYOKU ba="0,1" sc="526,30,237,-10,118,-10,109,-10" hai0="18,21,27,57,63,66,77,84,89,90,99,100,107" /><INIT seed="4,1,1,3,3,135" ten="556,227,108,99" oya="0" hai0="19,104,20,75,79,94,118,14,41,107,8,72,64" hai1="13,12,132,77,102,99,66,23,29,9,128,63,92" hai2="65,70,101,82,93,43,27,60,51,130,83,68,78" hai3="86,113,133,120,0,28,15,11,134,74,103,73,129"/><T59/><D118/><U100/><E132/><N who="3" m="50794" /><G0/><T39/><D94/><U33/><E33/><V122/><F122/><W105/><G113/><T1/><D64/><U44/><E128/><V37/><F130/><W112/><G129/><T110/><D59/><N who="1" m="37247" /><E77/><V34/><F68/><W84/><G28/><T88/><D88/><N who="1" m="55687" /><E44/><V125/><F37/><W52/><G112/><T32/><D32/><U119/><E119/><V48/><F34/><W121/><G103/><T131/><D131/><U54/><E54/><V25/><F101/><W97/><G97/><T80/><D75/><N who="3" m="28681" /><G105/><T126/><D110/><U38/><E38/><V61/><F43/><W98/><G98/><T4/><D126/><U81/><E81/><V91/><F91/><W31/><G31/><T109/><D109/><U106/><E106/><V85/><F78/><W87/><G52/><T108/><D108/><U114/><E114/><V123/><F123/><W53/><G53/><T58/><D58/><U42/><E42/><V45/><F65/><W90/><G90/><T16/><D19/><AGARI ba="1,1" hai="11,15,19,84,86,87,120,121" m="28681,50794" machi="19" ten="40,1300,0" yaku="20,1" doraHai="135" who="3" fromWho="0" sc="556,-16,227,0,108,0,99,26" /><INIT seed="5,0,0,2,3,31" ten="540,227,108,125" oya="1" hai0="73,15,66,121,74,90,79,42,126,9,60,39,95" hai1="86,53,82,38,124,98,30,36,10,118,94,29,104" hai2="51,28,58,89,13,93,125,80,96,75,5,24,123" hai3="122,81,35,16,41,54,100,99,71,59,105,103,83"/><U32/><E104/><V11/><F123/><W8/><G122/><T135/><D121/><U116/><E124/><V3/><F125/><W12/><G71/><T129/><D126/><U110/><E110/><V114/><F114/><W117/><G117/><T130/><D135/><U50/><E30/><V101/><F3/><W61/><G103/><T107/><D107/><U113/><E113/><V119/><F119/><W85/><G41/><T97/><D42/><U109/><E109/><V26/><F75/><W128/><G128/><N who="0" m="49259" /><D79/><U91/><E116/><V55/><F80/><W106/><G83/><T49/><D49/><U2/><E118/><V72/><F72/><W77/><REACH who="3" step="1"/><G106/><REACH who="3" ten="540,227,108,115" step="2"/><T68/><D39/><U0/><E38/><V115/><F115/><W102/><G102/><T23/><D95/><U65/><E36/><V67/><F101/><W14/><G14/><T57/><D15/><U52/><E2/><V111/><F111/><W34/><AGARI ba="0,1" hai="8,12,16,34,35,54,59,61,77,81,85,99,100,105" machi="34" ten="30,8000,1" yaku="1,1,0,1,52,2,54,1,53,0" doraHai="31" doraHaiUra="20" who="3" fromWho="3" sc="540,-20,227,-40,108,-20,115,90" /><INIT seed="6,0,0,4,4,122" ten="520,187,88,205" oya="2" hai0="78,66,10,57,72,44,15,129,60,83,82,35,98" hai1="26,96,130,31,94,118,1,111,109,76,112,33,9" hai2="126,59,23,80,13,5,39,81,115,49,71,11,64" hai3="18,79,53,41,119,88,28,69,48,86,19,95,24"/><V6/><F39/><W104/><G119/><T50/><D35/><U40/><E118/><V70/><F115/><W43/><G69/><T45/><D129/><U34/><E112/><V56/><F126/><W47/><G104/><T107/><D83/><U124/><E124/><V16/><F70/><W51/><G79/><T20/><D20/><U29/><E130/><V68/><F68/><W133/><G133/><T22/><D22/><U102/><E40/><V101/><F101/><W106/><G106/><T84/><D72/><U30/><E76/><V134/><F134/><W121/><G121/><T93/><D107/><U61/><E61/><N who="2" m="37927" /><F71/><W36/><G36/><T135/><D50/><U55/><E55/><N who="2" m="32239" /><F6/><W85/><G85/><T73/><D73/><U128/><E128/><V17/><F5/><W110/><G43/><T46/><D135/><U131/><E131/><V90/><F90/><W125/><G125/><T52/><D66/><U108/><REACH who="1" step="1"/><E34/><REACH who="1" ten="520,177,88,205" step="2"/><V103/><F103/><W92/><G41/><T3/><D3/><U74/><E74/><V54/><F54/><W127/><G127/><T89/><D46/><U32/><E32/><V8/><F8/><W116/><G116/><T12/><D12/><AGARI ba="0,1" hai="11,12,13,16,17,23,80,81" m="32239,37927" machi="12" ten="30,2900,0" yaku="8,1,54,1" doraHai="122" who="2" fromWho="0" sc="520,-29,177,0,88,39,205,0" /><INIT seed="6,1,0,2,0,17" ten="491,177,127,205" oya="2" hai0="21,12,76,128,5,67,30,11,105,32,13,46,59" hai1="110,80,8,36,26,127,52,43,92,120,124,0,94" hai2="114,89,54,48,31,90,132,70,15,34,47,82,60" hai3="18,130,119,125,19,113,45,121,6,73,75,97,61"/><V107/><F107/><W79/><G121/><T7/><D105/><U87/><E110/><V16/><F114/><W38/><G119/><T50/><D32/><U101/><E120/><V37/><F37/><W42/><G113/><T95/><D128/><U40/><E26/><V126/><F132/><W96/><G130/><T91/><D76/><U102/><E0/><V111/><F126/><N who="1" m="48169" /><E8/><V25/><F111/><W9/><G125/><T71/><D71/><U112/><E112/><V2/><F2/><N who="3" m="215" /><G61/><N who="0" m="38335" /><D30/><U109/><E109/><V99/><F99/><N who="3" m="37963" /><G75/><T1/><D1/><U3/><E3/><V68/><F82/><AGARI ba="1,0" hai="18,19,38,42,45,73,79,82" m="37963,215" machi="82" ten="30,1000,0" yaku="25,1" doraHai="17" who="3" fromWho="2" sc="491,0,177,0,127,-13,205,13" /><INIT seed="7,0,0,0,1,55" ten="491,177,114,218" oya="3" hai0="6,84,45,65,43,96,14,134,8,34,79,27,21" hai1="135,11,58,26,87,1,60,107,64,126,77,106,130" hai2="16,125,42,115,44,15,61,41,95,56,35,54,66" hai3="13,59,113,85,82,29,101,47,5,102,46,131,103"/><W24/><G113/><T123/><D123/><U129/><E126/><V83/><F115/><W108/><G131/><N who="1" m="50186" /><E135/><V39/><F125/><W37/><G37/><T74/><D74/><U91/><E77/><V110/><F35/><W119/><G119/><T100/><D34/><U36/><E36/><V133/><F133/><W63/><G108/><T94/><D134/><U73/><E73/><V78/><F110/><W67/><G13/><T19/><D65/><U121/><E26/><V38/><F95/><W81/><G5/><T62/><D62/><U52/><E64/><V22/><F39/><W48/><G48/><T76/><D84/><U57/><E57/><V49/><REACH who="2" step="1"/><F38/><AGARI ba="0,0" hai="6,8,14,19,21,27,38,43,45,76,79,94,96,100" machi="38" ten="30,1000,0" yaku="7,1" doraHai="55" who="0" fromWho="2" sc="491,10,177,0,114,-10,218,0" owari="501,60.0,177,-22.0,104,-40.0,218,2.0" /></mjloggm>