<mjloggm ver="2.3"><GO type="169" lobby="0"/><UN n0="%E3%82%A6%E3%83%AB%E3%83%88%E3%83%A9%E7%AB%8B%E7%9B%B4" n1="%E8%B5%A4%E6%9C%A8%E3%81%97%E3%81%92%E3%82%8C" n2="%6D%6F%74%69%37%32%2E%2E" n3="%E3%81%A6%E3%82%8B" dan="16,16,16,16" rate="2132.42,2138.65,2067.59,2097.16" sx="M,M,M,M"/><TAIKYOKU oya="0"/><INIT seed="0,0,0,3,0,15" ten="250,250,250,250" oya="0" hai0="78,11,29,71,22,31,92,42,87,30,46,4,73" hai1="68,6,124,54,111,10,70,13,128,32,114,51,48" hai2="102,104,64,38,83,9,25,130,95,63,127,40,27" hai3="74,5,129,96,50,131,0,44,23,72,105,119,117"/><T53/><D71/><U132/><E32/><V135/><F104/><W12/><G0/><T14/><D73/><N who="3" m="28265" /><G105/><T66/><D66/><U120/><E120/><V115/><F115/><W36/><G36/><T100/><D53/><U58/><E114/><V85/><F130/><N who="3" m="49675" /><G96/><T16/><D100/><U1/><E128/><V28/><F9/><N who="3" m="4143" /><G23/><T134/><D134/><U45/><E132/><V49/><F38/><W122/><G122/><T82/><D92/><U108/><E124/><V110/><F127/><W79/><G79/><T65/><D65/><U69/><REACH who="1" step="1"/><E1/><REACH who="1" ten="250,240,250,250" step="2"/><V88/><F135/><W8/><G119/><T133/><D133/><U20/><E20/><V52/><F110/><W90/><G117/><T3/><REACH who="0" step="1"/><D30/><REACH who="0" ten="240,240,250,250" step="2"/><U39/><E39/><AGARI ba="0,2" hai="3,4,11,14,16,22,29,31,39,42,46,78,82,87" machi="39" ten="30,18000,2" yaku="1,1,2,1,7,1,52,1,54,1,53,1" doraHai="15" doraHaiUra="34" who="0" fromWho="1" sc="240,200,240,-180,250,0,250,0" /><INIT seed="0,1,0,1,5,77" ten="440,60,250,250" oya="0" hai0="121,108,93,73,98,43,84,33,103,83,131,133,122" hai1="35,57,128,29,67,23,0,38,6,134,75,101,90" hai2="28,99,91,119,123,13,68,60,11,65,105,118,25" hai3="112,96,8,21,22,129,34,36,115,86,62,16,32"/><T58/><D33/><N who="3" m="12905" /><G36/><T52/><D131/><U64/><E128/><V46/><F46/><W132/><G129/><T127/><D127/><U82/><E38/><V4/><F123/><W125/><G96/><T49/><D133/><U55/><E134/><V37/><F37/><W94/><G132/><T63/><D73/><U124/><E124/><V10/><F10/><W111/><G125/><T130/><D130/><U74/><E35/><N who="2" m="20879" /><F91/><W107/><G107/><T106/><D106/><U27/><E101/><AGARI ba="1,0" hai="4,11,13,60,65,68,99,101,105,118,119" m="20879" machi="101" ten="30,1000,0" yaku="25,1" doraHai="77" who="2" fromWho="1" sc="440,0,60,-13,250,13,250,0" /><INIT seed="1,0,0,2,2,7" ten="440,47,263,250" oya="1" hai0="95,76,68,47,18,109,90,124,80,111,32,13,75" hai1="1,93,49,104,4,34,91,3,113,42,35,8,59" hai2="70,99,62,33,55,97,2,112,9,96,122,73,40" hai3="37,57,61,14,98,41,89,133,60,102,29,121,30"/><U86/><E113/><V5/><F73/><W25/><G121/><T51/><D68/><U83/><E104/><V66/><F122/><W63/><G133/><T48/><D32/><U65/><E1/><V50/><F33/><W45/><G89/><T81/><D81/><U44/><REACH who="1" step="1"/><E83/><REACH who="1" ten="440,37,263,250" step="2"/><V103/><F112/><W71/><G71/><T88/><D95/><U107/><E107/><V64/><F64/><W54/><G14/><T77/><D80/><U100/><E100/><V67/><F67/><W11/><G102/><T105/><D105/><U125/><E125/><V82/><F82/><W19/><G98/><T84/><D124/><U110/><E110/><V23/><F103/><W27/><G37/><T120/><D120/><U117/><E117/><V131/><F96/><W24/><G30/><T123/><D123/><U115/><E115/><V108/><F108/><W52/><G29/><T28/><D28/><U135/><E135/><V56/><F97/><W58/><G27/><T21/><D111/><U79/><E79/><V119/><F99/><W126/><G25/><T87/><D109/><U15/><E15/><V38/><F119/><W0/><G0/><T43/><D77/><U17/><E17/><V6/><F2/><W106/><G106/><T132/><D132/><U85/><E85/><V127/><F127/><W10/><G126/><T114/><D114/><U134/><E134/><V129/><F38/><N who="3" m="21687" /><G24/><T53/><D87/><U72/><E72/><V39/><F39/><W128/><G19/><T78/><D84/><U118/><E118/><V12/><F12/><W46/><G54/><RYUUKYOKU ba="0,1" sc="440,-10,37,30,263,-10,250,-10" hai1="3,4,8,34,35,42,44,49,59,65,86,91,93" /><INIT seed="1,1,1,5,2,104" ten="430,67,253,240" oya="1" hai0="97,119,41,32,118,29,71,3,62,77,52,121,89" hai1="84,15,17,129,47,7,66,4,103,112,79,123,105" hai2="25,49,106,58,131,93,108,116,42,16,114,94,128" hai3="21,74,56,126,87,125,48,50,51,14,37,134,26"/><U70/><E112/><V11/><F106/><W92/><G37/><T68/><D3/><U100/><E123/><V88/><F108/><W81/><G134/><T98/><D41/><U86/><E129/><N who="2" m="49739" /><F116/><W65/><G14/><T22/><D32/><U13/><E47/><N who="2" m="25847" /><F114/><W132/><G132/><T24/><D97/><U78/><E105/><V135/><F135/><W23/><G92/><T12/><D12/><U33/><E33/><V102/><F102/><W31/><G23/><T127/><D98/><U117/><E66/><V91/><F58/><W67/><G56/><N who="0" m="35079" /><D89/><N who="2" m="34378" /><F11/><W45/><G45/><T2/><D71/><U113/><E113/><V109/><F109/><W27/><G67/><T10/><D68/><U60/><E70/><V59/><F59/><W130/><G65/><T99/><D10/><U63/><REACH who="1" step="1"/><E117/><REACH who="1" ten="430,57,253,240" step="2"/><V82/><F82/><W85/><G130/><T115/><D115/><U90/><E90/><V120/><F120/><W19/><G81/><T9/><D121/><U36/><E36/><V54/><F54/><W73/><G87/><T96/><D119/><U8/><E8/><V111/><F111/><W34/><REACH who="3" step="1"/><G85/><REACH who="3" ten="430,57,253,230" step="2"/><T133/><D118/><U44/><E44/><V46/><F46/><W39/><G39/><T72/><D133/><U1/><E1/><V61/><F94/><W6/><G6/><T30/><D9/><U20/><E20/><N who="2" m="13447" /><F93/><W101/><G101/><T55/><D2/><U122/><E122/><V69/><F69/><W40/><G40/><T53/><D22/><U124/><E124/><AGARI ba="1,3" hai="19,21,26,27,31,34,48,50,51,73,74,124,125,126" machi="124" ten="40,8000,1" yaku="1,1,18,1,52,2,53,0" doraHai="104" doraHaiUra="57" who="3" fromWho="1" sc="430,0,57,-83,253,0,230,113" owari="430,54.0,-26,-53.0,253,-15.0,343,14.0" /></mjloggm>