<mjloggm ver="2.3"><GO type="169" lobby="0"/><UN n0="%E3%82%A6%E3%83%AB%E3%83%88%E3%83%A9%E7%AB%8B%E7%9B%B4" n1="%62%65%6B%65%6E%36%39" n2="%E3%81%BE%E3%81%93%E3%81%95%E3%81%A8%76%65%72%32" n3="%E3%83%AA%E3%83%BC%E3%83%81%EF%BC%91" dan="17,16,16,18" rate="2148.14,2064.24,2115.87,2197.20" sx="M,M,M,M"/><TAIKYOKU oya="0"/><INIT seed="0,0,0,2,4,31" ten="250,250,250,250" oya="0" hai0="86,92,71,90,97,34,74,133,21,64,17,85,70" hai1="105,13,50,29,113,53,8,117,129,96,131,104,81" hai2="27,72,23,134,126,122,132,99,58,30,68,14,47" hai3="127,41,28,57,16,88,130,25,6,15,63,26,49"/><T24/><D133/><N who="2" m="51306" /><F68/><W95/><G127/><T2/><D2/><U115/><E117/><V9/><F72/><W11/><G130/><N who="1" m="49674" /><E81/><V45/><F126/><W54/><G6/><T7/><D7/><N who="1" m="3231" /><E29/><V5/><F122/><W56/><G28/><T37/><D37/><U103/><E104/><V65/><F99/><N who="3" m="57831" /><G41/><T79/><D34/><U110/><E110/><V59/><F65/><AGARI ba="0,0" hai="11,15,16,25,26,49,54,56,57,63,65" m="57831" machi="65" ten="30,3900,0" yaku="8,1,54,2" doraHai="31" who="3" fromWho="2" sc="250,0,250,0,250,-39,250,39" /><INIT seed="1,0,0,1,1,132" ten="250,250,211,289" oya="1" hai0="34,71,59,134,62,42,104,109,58,66,53,80,107" hai1="76,55,78,99,114,5,3,95,88,23,124,39,87" hai2="93,63,31,83,112,2,54,123,133,127,96,81,4" hai3="56,35,106,1,33,79,40,68,8,108,118,120,17"/><U41/><E114/><V100/><F123/><W22/><G68/><T73/><D34/><U113/><E113/><V65/><F112/><W10/><G120/><T131/><D134/><U98/><E124/><V30/><F133/><W115/><G115/><T46/><D59/><U6/><E23/><V18/><F4/><W89/><G106/><T77/><D109/><U84/><E39/><V14/><F2/><W16/><G1/><T70/><D131/><U7/><E41/><V48/><F127/><W97/><G108/><T26/><D26/><U72/><E3/><V110/><F110/><W61/><G79/><N who="1" m="30250" /><E72/><V121/><F121/><W92/><G40/><T25/><D25/><U44/><E98/><V50/><F50/><AGARI ba="0,0" hai="5,6,7,44,50,55,84,87,88,95,99" m="30250" machi="50" ten="30,2900,0" yaku="8,1,54,1" doraHai="132" who="1" fromWho="2" sc="250,0,250,29,211,-29,289,0" /><INIT seed="1,1,0,3,0,62" ten="250,279,182,289" oya="1" hai0="129,85,7,58,37,56,6,73,32,41,114,38,81" hai1="132,3,109,130,123,74,119,10,20,46,134,45,17" hai2="80,30,51,61,54,120,50,89,70,60,100,65,133" hai3="29,13,9,44,55,16,47,76,79,93,72,90,84"/><U57/><E119/><V28/><F120/><W112/><G112/><T12/><D114/><U18/><E123/><V4/><F133/><W125/><G125/><T0/><D129/><U124/><E74/><V49/><F100/><W52/><G29/><T108/><D108/><U111/><E130/><V98/><F4/><W42/><G72/><T35/><D0/><U87/><E124/><V23/><F23/><W116/><G116/><T15/><D73/><U68/><E68/><V64/><F54/><N who="3" m="20523" /><G42/><T122/><D122/><U113/><E113/><V75/><F98/><W105/><G105/><T39/><D41/><U40/><E57/><V48/><N who="2" m="12288" /><DORA hai="126" /><V121/><F121/><W69/><G69/><T36/><D36/><N who="1" m="21639" /><E46/><AGARI ba="1,0" hai="9,13,16,44,46,47,76,79,84,90,93" m="20523" machi="46" ten="30,3900,0" yaku="8,1,54,2" doraHai="62,126" who="3" fromWho="1" sc="250,0,279,-42,182,0,289,42" /><INIT seed="2,0,0,1,5,37" ten="250,237,182,331" oya="2" hai0="91,65,128,99,11,135,49,10,43,92,115,81,110" hai1="56,60,16,111,87,97,73,57,112,131,127,108,15" hai2="52,132,33,47,13,40,83,2,66,94,71,31,68" hai3="23,51,34,17,93,38,77,45,123,58,79,75,80"/><V25/><F2/><W96/><G34/><T109/><D115/><U39/><E112/><V74/><F132/><W32/><G32/><T42/><D135/><U120/><E73/><V22/><F66/><W102/><G79/><T48/><D128/><U46/><E131/><V21/><F33/><W100/><G123/><T98/><D65/><U35/><E35/><V5/><F74/><W119/><G38/><T63/><D63/><U122/><E127/><V27/><F83/><W62/><G119/><T118/><D81/><U61/><E97/><V90/><F13/><W70/><G70/><T84/><D84/><U124/><E87/><V69/><F5/><W7/><G7/><T4/><D4/><U72/><E72/><V89/><F94/><W133/><G133/><T59/><D59/><N who="1" m="22603" /><E124/><V88/><F52/><W67/><G100/><T113/><D113/><U125/><E125/><V78/><F78/><W126/><G126/><T26/><D92/><U19/><E46/><V9/><F9/><W104/><G93/><T50/><D50/><U116/><E39/><V82/><F82/><W18/><G23/><T134/><D134/><U6/><E116/><V130/><F130/><W107/><G104/><T121/><D118/><U105/><E105/><V106/><F106/><W8/><G8/><T30/><D121/><N who="1" m="46699" /><E6/><V29/><F71/><W129/><G129/><T85/><D85/><U12/><E12/><V36/><AGARI ba="0,0" hai="21,22,25,27,29,31,36,40,47,68,69,88,89,90" machi="36" ten="30,11700,0" yaku="0,1,9,1,52,1,54,1" doraHai="37" who="2" fromWho="2" sc="250,-39,237,-39,182,117,331,-39" /><INIT seed="2,1,0,2,2,87" ten="211,198,299,292" oya="2" hai0="43,72,32,98,101,39,76,117,78,96,0,81,37" hai1="5,47,105,110,95,66,91,113,63,64,124,93,54" hai2="1,82,34,107,61,69,15,53,89,7,132,111,114" hai3="19,62,28,115,4,25,52,24,99,103,77,50,125"/><V60/><F107/><W3/><G77/><T8/><D117/><U14/><E105/><V67/><F1/><W44/><G125/><T22/><D78/><U10/><E113/><V55/><F34/><W58/><G115/><T97/><D22/><U29/><E110/><V68/><F114/><W83/><G83/><T51/><D51/><U23/><E124/><V135/><F7/><W126/><G126/><T120/><D120/><U106/><E106/><V118/><F15/><W13/><G28/><T133/><D133/><N who="2" m="51274" /><F118/><W79/><G79/><T102/><D32/><U100/><E100/><V26/><F26/><W108/><G4/><N who="0" m="1031" /><D37/><U94/><E23/><V74/><F74/><W20/><G108/><T84/><D84/><U90/><E29/><V41/><F111/><W131/><G3/><T49/><D49/><N who="1" m="28991" /><E63/><V65/><F82/><W31/><G31/><T71/><D71/><N who="2" m="27210" /><F89/><AGARI ba="1,0" hai="5,10,14,64,66,89,90,91,93,94,95" m="28991" machi="89" ten="30,7700,0" yaku="8,1,52,3" doraHai="87" who="1" fromWho="2" sc="211,0,198,80,299,-80,292,0" /><INIT seed="3,0,0,3,4,100" ten="211,278,219,292" oya="3" hai0="31,78,60,83,89,51,129,0,15,64,111,1,70" hai1="17,36,130,92,97,124,104,75,30,94,61,50,55" hai2="22,101,115,19,93,49,29,27,113,2,73,38,32" hai3="76,87,110,39,58,109,28,72,7,11,90,135,46"/><W14/><G72/><T13/><D111/><N who="3" m="42505" /><G76/><T134/><D129/><U82/><E36/><V56/><F38/><W118/><G28/><T74/><D134/><U10/><E130/><V21/><F73/><W133/><G118/><T20/><D51/><U125/><E30/><V37/><F37/><W57/><G46/><T96/><D15/><N who="1" m="7415" /><E61/><V131/><F131/><W18/><G39/><T23/><D20/><U66/><E66/><V59/><F2/><W112/><G112/><T8/><D89/><U3/><E3/><V122/><F32/><W53/><G18/><T25/><REACH who="0" step="1"/><D96/><REACH who="0" ten="201,278,219,292" step="2"/><U80/><E97/><V116/><F116/><W47/><G135/><T24/><D24/><U33/><E50/><V43/><F122/><W71/><G133/><T48/><D48/><U81/><E33/><V12/><F115/><W103/><G90/><T85/><D85/><U105/><E75/><V99/><F113/><W123/><G87/><T9/><D9/><U5/><E5/><AGARI ba="0,1" hai="0,1,5,8,13,23,25,31,60,64,70,74,78,83" machi="5" ten="30,3900,0" yaku="1,1,7,1,53,1" doraHai="100" doraHaiUra="107" who="0" fromWho="1" sc="201,49,278,-39,219,0,292,0" /><INIT seed="4,0,0,4,1,2" ten="250,239,219,292" oya="0" hai0="27,17,133,8,19,28,54,75,60,110,62,41,79" hai1="131,9,36,4,26,73,132,57,3,90,120,67,126" hai2="22,115,76,103,81,125,93,18,48,47,123,51,129" hai3="70,29,24,99,65,102,53,63,13,30,42,12,87"/><T124/><D124/><U135/><E120/><V108/><F115/><W122/><G122/><T96/><D133/><N who="1" m="51275" /><E126/><V89/><F125/><W45/><G53/><T69/><D110/><U85/><E73/><V104/><F108/><W52/><G87/><T50/><D41/><U107/><E131/><V112/><F112/><W7/><G52/><T59/><D75/><U94/><E107/><V71/><F71/><W118/><G118/><T10/><D79/><U106/><E106/><V44/><F129/><W98/><G30/><T37/><D37/><U88/><E36/><V64/><F64/><W1/><G1/><T130/><D130/><U95/><E26/><V39/><F39/><W127/><G127/><T55/><D96/><N who="1" m="57415" /><E57/><V116/><F103/><W23/><G102/><T109/><D109/><U74/><E74/><V72/><F104/><W56/><G70/><T68/><D27/><U16/><E67/><V66/><F66/><W91/><G91/><T20/><D50/><U80/><E16/><V128/><F128/><W97/><G7/><T77/><D59/><U33/><E33/><V117/><F123/><W92/><G92/><AGARI ba="0,0" hai="3,4,9,80,85,90,92,95" m="57415,51275" machi="92" ten="30,3900,0" yaku="20,1,52,1,54,1" doraHai="2" who="1" fromWho="3" sc="250,0,239,39,219,0,292,-39" /><INIT seed="5,0,0,4,4,5" ten="250,278,219,253" oya="1" hai0="17,51,4,72,11,120,74,110,128,34,39,58,93" hai1="36,42,44,84,59,79,49,1,65,60,99,12,57" hai2="90,6,130,78,76,126,116,87,108,132,52,95,48" hai3="21,14,118,54,7,20,106,121,26,28,9,105,81"/><U61/><E1/><V37/><F108/><W119/><G121/><T101/><D39/><U0/><E0/><V115/><F37/><W47/><G81/><T66/><D110/><U23/><E99/><V29/><F116/><N who="3" m="44587" /><G21/><T33/><D128/><U45/><E84/><V103/><F126/><W46/><G54/><T67/><D120/><U77/><E12/><V24/><F132/><W123/><G123/><T82/><D17/><U86/><E23/><V117/><F117/><W127/><G127/><T100/><D74/><U83/><E79/><V68/><F68/><W112/><G112/><T53/><D82/><U10/><E10/><V19/><F19/><W64/><G64/><T8/><D72/><U55/><REACH who="1" step="1"/><E45/><AGARI ba="0,0" hai="7,9,14,20,26,28,45,46,47,105,106" m="44587" machi="45" ten="30,2000,0" yaku="12,1,52,1" doraHai="5" who="3" fromWho="1" sc="250,0,278,-20,219,0,253,20" /><INIT seed="6,0,0,0,3,65" ten="250,258,219,273" oya="2" hai0="32,38,12,80,66,27,86,119,13,43,94,42,9" hai1="62,6,49,52,128,21,40,14,0,113,67,68,16" hai2="133,101,126,76,51,50,104,110,20,44,1,100,35" hai3="97,88,121,130,70,78,15,79,36,112,48,4,34"/><V8/><F35/><W10/><G121/><T39/><D119/><U81/><E40/><N who="0" m="15401" /><D32/><U114/><E128/><V56/><F76/><W25/><G36/><T82/><D66/><U18/><E81/><N who="0" m="31337" /><D38/><U118/><E118/><V129/><F129/><W7/><G70/><T89/><D39/><U95/><E95/><V41/><F104/><W72/><G72/><T58/><D27/><U105/><E105/><V98/><F133/><W123/><G123/><T106/><D106/><U46/><REACH who="1" step="1"/><E18/><REACH who="1" ten="250,248,219,273" step="2"/><V83/><F110/><W30/><G130/><T103/><D94/><U99/><E99/><V59/><F98/><W69/><G97/><T57/><D103/><U92/><E92/><V87/><F101/><W17/><G17/><T84/><D89/><U135/><E135/><V5/><F100/><W37/><G88/><T111/><D111/><U91/><E91/><V117/><F117/><W47/><G79/><T54/><D84/><U122/><E122/><V120/><F120/><W28/><G78/><T74/><D86/><U19/><E19/><V77/><F126/><W2/><G30/><T33/><D74/><U90/><E90/><V102/><F102/><W125/><G28/><T115/><D115/><U93/><E93/><V124/><F124/><W71/><G112/><T29/><D29/><U24/><E24/><V131/><F131/><W3/><G25/><T96/><D96/><U31/><E31/><V109/><F109/><W11/><G125/><T45/><D33/><U60/><E60/><V26/><F51/><W116/><G34/><T64/><D13/><U134/><E134/><RYUUKYOKU ba="0,1" sc="250,-15,248,15,219,15,273,-15" hai1="0,6,14,16,21,46,49,52,62,67,68,113,114" hai2="1,5,8,20,26,41,44,50,56,59,77,83,87" /><INIT seed="6,1,1,4,3,83" ten="235,263,234,258" oya="2" hai0="19,15,114,109,51,73,106,76,113,59,25,46,10" hai1="120,61,78,93,56,4,43,75,7,81,68,50,26" hai2="126,47,122,2,90,123,99,49,3,20,63,95,30" hai3="69,44,102,17,132,125,77,29,89,38,48,96,103"/><V66/><F126/><W12/><G125/><T121/><D121/><U34/><E68/><V135/><F135/><W23/><G132/><T37/><D109/><U118/><E118/><V11/><F3/><W54/><G69/><T133/><D133/><U0/><E120/><V41/><F30/><W108/><G38/><T127/><D106/><U32/><E93/><V65/><F65/><W105/><G108/><T84/><D127/><U60/><E60/><V87/><F20/><W92/><G77/><T129/><D129/><U18/><E18/><V36/><F36/><W1/><G1/><T45/><D73/><U112/><E112/><N who="0" m="43113" /><D25/><U28/><E32/><V27/><F27/><N who="3" m="16639" /><G105/><T115/><D37/><U98/><E98/><V80/><F11/><AGARI ba="1,1" hai="11,12,17,44,48,54,89,92,96,102,103" m="16639" machi="11" ten="30,1000,0" yaku="8,1" doraHai="83" who="3" fromWho="2" sc="235,0,263,0,234,-13,258,23" /><INIT seed="7,0,0,2,0,29" ten="235,263,221,281" oya="3" hai0="86,99,1,0,94,52,40,28,58,18,67,30,54" hai1="97,135,11,115,100,93,7,56,89,111,38,122,65" hai2="129,105,13,101,60,91,39,72,95,16,124,46,125" hai3="117,55,50,108,81,106,131,112,104,114,110,59,75"/><W77/><G117/><T69/><D69/><U62/><E111/><N who="3" m="42538" /><G131/><T78/><D40/><U90/><E122/><V25/><F72/><W9/><G9/><T51/><D67/><U134/><E115/><AGARI ba="0,0" hai="50,55,59,75,77,81,104,106,112,114,115" m="42538" machi="115" ten="30,2900,0" yaku="15,1,10,1" doraHai="29" who="3" fromWho="1" sc="235,0,263,-29,221,0,281,29" owari="235,4.0,234,-17.0,221,-28.0,310,41.0" /></mjloggm>