<mjloggm ver="2.3"><GO type="169" lobby="0"/><UN n0="%47%45%59%55" n1="%E2%99%AA%E3%83%A2%E3%83%8E%E3%82%AF%E3%83%AD" n2="%E3%81%82%E3%81%B2%E3%82%8B%E3%81%95%E3%82%93" n3="%E3%82%A6%E3%83%AB%E3%83%88%E3%83%A9%E7%AB%8B%E7%9B%B4" dan="16,17,16,17" rate="2078.22,2119.36,2102.08,2121.13" sx="M,M,M,M"/><TAIKYOKU oya="0"/><INIT seed="0,0,0,1,5,123" ten="250,250,250,250" oya="0" hai0="32,68,54,79,113,0,14,119,101,43,63,38,121" hai1="64,82,105,11,58,98,103,112,27,31,67,124,74" hai2="39,12,23,28,87,53,17,100,21,46,118,44,9" hai3="72,77,16,8,22,97,107,57,40,90,132,127,114"/><T78/><D0/><U109/><E124/><V80/><F118/><W35/><G35/><T36/><D113/><U84/><E112/><V37/><F100/><W47/><G114/><T71/><D32/><U131/><E131/><V13/><F39/><W56/><G127/><T65/><D101/><U116/><E116/><V45/><F37/><N who="0" m="14442" /><D14/><U70/><E74/><V61/><F28/><W110/><G8/><T3/><D3/><U34/><E58/><N who="2" m="35023" /><F13/><W94/><G107/><T19/><D19/><U99/><E99/><V48/><F48/><W102/><G102/><T51/><D79/><AGARI ba="0,0" hai="9,12,17,21,23,44,45,46,79,80,87" m="35023" machi="79" ten="30,1000,0" yaku="8,1" doraHai="123" who="2" fromWho="0" sc="250,-10,250,0,250,10,250,0" /><INIT seed="1,0,0,2,5,3" ten="240,250,260,250" oya="1" hai0="47,34,113,49,43,26,6,116,36,31,112,88,33" hai1="89,79,5,62,102,27,133,132,65,55,101,90,7" hai2="72,78,130,86,9,1,20,21,24,44,95,67,68" hai3="91,52,61,115,17,80,71,40,42,83,74,41,25"/><U51/><E79/><V45/><F72/><W60/><G71/><T96/><D116/><U8/><E27/><V104/><F104/><W99/><G74/><T12/><D34/><U110/><E110/><V22/><F130/><W16/><G61/><T81/><D36/><U59/><E101/><V19/><F67/><W105/><G105/><T135/><D135/><N who="1" m="51787" /><E102/><V134/><F68/><W120/><G120/><T23/><D33/><U0/><E7/><V111/><F134/><W32/><G32/><T118/><D118/><U94/><E94/><V53/><F111/><W30/><G30/><T126/><D126/><U57/><AGARI ba="0,0" hai="0,5,8,51,55,57,59,62,65,89,90" m="51787" machi="57" ten="30,3000,0" yaku="20,1,52,1" doraHai="3" who="1" fromWho="1" sc="240,-10,250,30,260,-10,250,-10" /><INIT seed="1,1,0,0,0,9" ten="230,280,250,240" oya="1" hai0="24,55,47,116,49,15,115,14,124,135,84,103,87" hai1="46,16,1,35,62,101,109,108,78,32,132,71,118" hai2="4,80,121,119,134,19,6,130,99,42,81,50,68" hai3="104,76,113,110,67,13,37,40,30,11,59,41,127"/><U90/><E118/><V79/><F121/><W117/><G113/><T65/><D115/><U5/><E132/><V18/><F68/><W58/><G104/><T114/><D114/><U125/><E125/><V28/><F119/><W34/><G117/><T92/><D116/><U69/><E78/><V74/><F130/><W52/><G37/><T26/><D135/><U131/><E131/><V57/><F134/><W27/><G110/><N who="1" m="42602" /><E101/><V53/><F28/><W85/><G67/><T94/><D65/><N who="1" m="41143" /><E71/><V36/><F79/><W126/><G59/><T82/><D124/><N who="3" m="47657" /><G85/><N who="0" m="32843" /><D82/><U25/><E46/><V102/><F80/><W43/><G76/><T29/><D29/><U0/><E90/><V51/><F102/><W54/><G58/><T91/><D103/><U31/><E32/><V111/><F111/><W93/><G93/><N who="0" m="35947" /><D91/><U66/><E66/><V45/><F81/><W89/><G89/><T21/><D21/><N who="1" m="13479" /><E5/><AGARI ba="1,0" hai="5,11,13,27,30,34,40,41,43,52,54" m="47657" machi="5" ten="30,3900,0" yaku="18,1,52,1,54,1" doraHai="9" who="3" fromWho="1" sc="230,0,280,-42,250,0,240,42" /><INIT seed="2,0,0,4,3,30" ten="230,238,250,282" oya="2" hai0="105,24,132,54,80,93,120,128,37,101,41,119,110" hai1="85,17,58,15,47,65,68,84,102,99,1,88,75" hai2="82,130,118,21,83,100,46,67,57,18,2,63,25" hai3="53,6,26,71,13,50,95,86,32,3,59,97,135"/><V112/><F112/><W98/><G71/><T28/><D54/><U35/><E1/><V42/><F118/><W121/><G3/><T44/><D119/><U12/><E75/><V11/><F130/><W34/><G121/><T22/><D120/><U69/><E35/><V76/><F100/><W55/><G97/><T133/><D110/><U106/><E84/><V81/><F2/><W117/><G135/><N who="0" m="51787" /><D80/><U125/><E125/><V9/><REACH who="2" step="1"/><F76/><REACH who="2" ten="230,238,240,282" step="2"/><W45/><G117/><T40/><D128/><U39/><E102/><V4/><F4/><W124/><G6/><T48/><D101/><U107/><E106/><V27/><F27/><W116/><G26/><T104/><D105/><U115/><E107/><V43/><F43/><W8/><G116/><T72/><D104/><U108/><E115/><V5/><F5/><W94/><G13/><T73/><D41/><U113/><E113/><V92/><F92/><W49/><G94/><T70/><D93/><U64/><E12/><V131/><F131/><W77/><G77/><T126/><D126/><U127/><E127/><V96/><F96/><W36/><G98/><T87/><D40/><N who="1" m="22943" /><E99/><V91/><F91/><W111/><G95/><T29/><D24/><U33/><E15/><V129/><F129/><W61/><G124/><T74/><D87/><U56/><E85/><V109/><F109/><W103/><G86/><T114/><D114/><U52/><E108/><V62/><F62/><W0/><G111/><T10/><D74/><U134/><E88/><V14/><F14/><W90/><G103/><T51/><D73/><U60/><E134/><RYUUKYOKU ba="0,1" sc="230,-10,238,-10,240,30,282,-10" hai2="9,11,18,21,25,42,46,57,63,67,81,82,83" /><INIT seed="2,1,1,2,4,10" ten="220,228,270,272" oya="2" hai0="98,76,97,116,8,50,58,71,23,128,41,13,38" hai1="37,82,14,127,21,94,43,86,79,122,34,60,119" hai2="95,129,39,56,9,117,53,19,54,26,70,126,1" hai3="101,45,125,93,40,100,135,103,89,91,55,134,17"/><V87/><F117/><W47/><G125/><T11/><D71/><U96/><E34/><V7/><F39/><W42/><G17/><N who="0" m="10671" /><D38/><U64/><E119/><V99/><F70/><W109/><G55/><N who="0" m="32119" /><D128/><U25/><E127/><V80/><F126/><W102/><G102/><T52/><D41/><N who="3" m="15977" /><G109/><T61/><D76/><U123/><E43/><V131/><F131/><W3/><G3/><T29/><D29/><U68/><E37/><V83/><F129/><W120/><G120/><T121/><D121/><U2/><E2/><V88/><F83/><W33/><G33/><T66/><D66/><U114/><E114/><V104/><F104/><W18/><G18/><T32/><D32/><U110/><E110/><V69/><F69/><W36/><G36/><T73/><D73/><U74/><E74/><V31/><F19/><W16/><G16/><T65/><D65/><U27/><E27/><V72/><F72/><W20/><G20/><T59/><D116/><U81/><E25/><V118/><F118/><W124/><G124/><T132/><D132/><N who="3" m="50729" /><G93/><T78/><D78/><N who="1" m="46391" /><E21/><V67/><F26/><W115/><G115/><T49/><D49/><U48/><E48/><V105/><F31/><W30/><G30/><T44/><D44/><AGARI ba="1,1" hai="44,45,47,89,91,100,101,103" m="50729,15977" machi="44" ten="40,5200,0" yaku="28,2,20,1" doraHai="10" who="3" fromWho="0" sc="220,-55,228,0,270,0,272,65" /><INIT seed="3,0,0,2,5,12" ten="165,228,270,337" oya="3" hai0="26,52,0,84,30,54,57,124,82,120,67,119,13" hai1="20,56,32,79,88,36,75,7,5,97,17,76,11" hai2="37,28,51,94,122,9,130,74,95,61,108,3,65" hai3="115,126,112,83,8,10,72,14,22,49,132,89,39"/><W90/><G39/><T48/><D0/><U135/><E32/><V58/><F37/><W109/><G72/><T63/><D124/><U6/><E36/><V91/><F74/><W34/><G83/><T116/><D120/><U118/><E135/><V44/><F108/><W19/><G49/><T16/><D30/><U107/><E118/><V38/><F38/><W55/><G55/><T29/><D29/><U60/><E75/><V21/><F130/><W31/><G90/><T68/><D26/><N who="1" m="14607" /><E107/><V96/><F122/><W27/><G89/><T129/><D54/><N who="1" m="33815" /><E11/><N who="3" m="4138" /><G126/><T50/><D50/><U62/><E62/><V25/><F3/><W98/><G98/><T66/><D66/><U35/><E35/><V80/><F9/><N who="3" m="6607" /><G132/><T24/><D129/><U133/><E133/><V46/><F51/><W86/><G86/><T92/><D92/><AGARI ba="0,0" hai="5,6,7,76,79,88,92,97" m="33815,14607" machi="92" ten="30,7700,0" yaku="25,1,8,1,52,1,54,1" doraHai="12" who="1" fromWho="0" sc="165,-77,228,77,270,0,337,0" /><INIT seed="4,0,0,1,5,86" ten="88,305,270,337" oya="0" hai0="56,55,100,47,112,108,40,41,11,48,68,52,101" hai1="91,0,54,85,13,33,44,27,50,77,32,107,18" hai2="129,67,121,8,26,14,10,87,81,60,124,30,76" hai3="123,72,22,135,24,130,62,74,114,46,80,35,132"/><T71/><D11/><U12/><E0/><V106/><F129/><W31/><G114/><T133/><D112/><U37/><E107/><V75/><F124/><W95/><G130/><T51/><D101/><U118/><E118/><V66/><F106/><W29/><G123/><T58/><D100/><U134/><E134/><V102/><F102/><W15/><G80/><T116/><D133/><U57/><E77/><V6/><F121/><W103/><G62/><N who="0" m="36103" /><D108/><U61/><E37/><V122/><F122/><W3/><G103/><T73/><D73/><U126/><E126/><V117/><F117/><W109/><G3/><T97/><D97/><U64/><E27/><V1/><F75/><W9/><G35/><T120/><D116/><U110/><E110/><V90/><F76/><W39/><G9/><T131/><D131/><U19/><E12/><V23/><REACH who="2" step="1"/><F60/><REACH who="2" ten="88,305,260,337" step="2"/><W111/><G74/><T127/><D127/><U88/><E91/><V83/><F83/><W4/><G72/><T94/><D94/><U99/><E99/><V119/><F119/><W38/><G132/><T5/><D120/><U93/><REACH who="1" step="1"/><E19/><AGARI ba="0,1" hai="1,6,8,10,14,19,23,26,30,66,67,81,87,90" machi="19" ten="30,7700,0" yaku="1,1,7,1,52,1,53,1" doraHai="86" doraHaiUra="16" who="2" fromWho="1" sc="88,0,305,-77,260,87,337,0" /><INIT seed="5,0,0,2,4,106" ten="88,228,347,337" oya="1" hai0="40,83,93,128,124,73,70,72,98,62,30,95,8" hai1="88,89,10,133,92,117,34,71,127,25,84,56,97" hai2="31,111,68,5,42,130,18,134,37,22,99,44,4" hai3="87,82,54,14,79,129,60,0,67,9,126,114,50"/><U90/><E117/><V80/><F111/><W20/><G0/><T101/><D128/><U28/><E71/><V118/><F118/><W103/><G103/><T23/><D124/><U96/><E127/><V86/><F134/><W53/><G129/><T113/><D113/><U131/><E131/><V21/><F130/><W49/><G20/><T11/><D40/><U61/><E133/><V91/><F68/><W102/><G102/><T108/><D108/><U17/><E97/><V119/><F119/><W36/><G36/><T104/><D30/><U1/><E84/><V109/><F109/><W125/><G114/><T7/><D23/><U120/><E120/><V52/><F52/><N who="3" m="20075" /><G126/><T45/><D45/><U65/><REACH who="1" step="1"/><E17/><REACH who="1" ten="88,218,347,337" step="2"/><V32/><F99/><W59/><G125/><T116/><D116/><U19/><E19/><AGARI ba="0,1" hai="9,14,19,49,50,59,60,67,79,82,87" m="20075" machi="19" ten="30,2000,0" yaku="8,1,54,1" doraHai="106" who="3" fromWho="1" sc="88,0,218,-20,347,0,337,30" /><INIT seed="6,0,0,3,5,40" ten="88,198,347,367" oya="2" hai0="122,55,34,2,73,125,18,29,75,35,51,54,66" hai1="44,11,78,52,126,127,39,80,106,21,85,31,121" hai2="46,20,49,99,22,113,42,61,102,69,88,12,117" hai3="50,104,130,133,67,32,101,116,36,4,64,56,45"/><V27/><F117/><W100/><G32/><T118/><D118/><U92/><E106/><V17/><F113/><W72/><G72/><T96/><D2/><U41/><E121/><V38/><F69/><W48/><G36/><T97/><D51/><U23/><E11/><V25/><F61/><W112/><G116/><T105/><D105/><U70/><E70/><V129/><F129/><W9/><G130/><T103/><D18/><U111/><E111/><V7/><F102/><W28/><G28/><T5/><D103/><U123/><E123/><V3/><F3/><W132/><G112/><T84/><D122/><U33/><E92/><V79/><F79/><W63/><G64/><T24/><D24/><U90/><E78/><V74/><F74/><W65/><G50/><T16/><D16/><U76/><E76/><V77/><F77/><W37/><G37/><T94/><D94/><U134/><E134/><N who="3" m="51818" /><G67/><T108/><D66/><U47/><E33/><V83/><F38/><W0/><G104/><T114/><D114/><U58/><E31/><V62/><F62/><W1/><G1/><T30/><D84/><U91/><E91/><V109/><F109/><W115/><G115/><T14/><D108/><U107/><E107/><V119/><F119/><W131/><G131/><T43/><D14/><U95/><E39/><V124/><F27/><W60/><G60/><T10/><D10/><U128/><E128/><V68/><F68/><W57/><G57/><T19/><D35/><U89/><E58/><V15/><F22/><W13/><G0/><T6/><D34/><U59/><E23/><RYUUKYOKU ba="0,0" sc="88,-10,198,-10,347,-10,367,30" hai3="4,9,13,45,48,56,63,65,100,101" /><INIT seed="7,1,0,5,3,104" ten="78,188,337,397" oya="3" hai0="127,54,101,29,26,129,2,52,46,3,67,33,23" hai1="18,76,14,115,88,87,28,106,99,80,11,96,108" hai2="37,74,38,61,134,105,97,8,31,128,20,83,93" hai3="30,65,43,122,78,119,51,24,57,126,63,44,79"/><W66/><G126/><T0/><D127/><U82/><E108/><V121/><F105/><W21/><G122/><T107/><D129/><U50/><E115/><V27/><F134/><W109/><G119/><T116/><D116/><U133/><E133/><V89/><F128/><W41/><G109/><T68/><D46/><U64/><E106/><V131/><F131/><W100/><G100/><T62/><REACH who="0" step="1"/><D23/><REACH who="0" ten="68,188,337,397" step="2"/><U135/><E135/><V132/><F132/><W72/><G44/><T7/><D7/><U48/><E11/><V120/><F8/><W13/><G21/><T69/><D69/><U111/><E111/><V40/><F40/><W25/><G41/><T60/><D60/><U39/><E39/><V95/><F61/><W77/><G63/><T5/><D5/><U53/><E50/><V84/><F37/><W42/><G51/><T117/><D117/><U75/><E48/><V113/><F38/><W124/><G124/><T130/><D130/><U123/><E123/><V6/><F6/><W16/><G43/><T32/><D32/><U85/><E53/><V98/><F113/><W34/><G42/><T90/><D90/><U91/><E91/><V47/><F47/><W103/><G34/><T22/><D22/><U71/><E88/><V49/><F49/><W94/><G57/><T12/><D12/><U70/><E14/><V56/><F56/><W19/><G13/><T10/><D10/><U73/><E71/><V59/><F59/><W102/><G25/><T36/><D36/><U110/><E70/><V92/><F121/><W118/><G24/><T55/><D55/><RYUUKYOKU ba="1,1" sc="68,30,188,-10,337,-10,397,-10" hai0="0,2,3,26,29,33,52,54,62,67,68,101,107" owari="98,-40.0,178,-22.0,327,13.0,397,49.0" /></mjloggm>