<mjloggm ver="2.3"><GO type="169" lobby="0"/><UN n0="%7A%65%72%6F%52%58" n1="%6E%61%63%6F%6D%61%69%69" n2="%79%6F%74%31%32%33" n3="%E5%B0%B1%E6%B4%BB%E7%94%9F%40%E5%B7%9D%E6%9D%91%E8%BB%8D%E5%9B%A3" dan="16,16,16,17" rate="2139.27,2081.47,2071.20,2214.37" sx="M,F,M,M"/><TAIKYOKU oya="0"/><INIT seed="0,0,0,1,3,128" ten="250,250,250,250" oya="0" hai0="126,87,101,4,104,94,116,70,103,135,26,100,28" hai1="96,68,121,61,10,5,25,51,92,3,118,98,34" hai2="125,16,119,85,131,53,11,1,88,66,7,107,21" hai3="62,39,67,31,90,15,54,65,80,17,56,83,45"/><T79/><D116/><U29/><E121/><V40/><F107/><W81/><G31/><T24/><D70/><U19/><E118/><V111/><F119/><W0/><G0/><T114/><D114/><U60/><E68/><V41/><F111/><W44/><G90/><T48/><D104/><U106/><E98/><V127/><F131/><W112/><G112/><T123/><D123/><U47/><E106/><V46/><F66/><N who="3" m="25099" /><G39/><T12/><D126/><N who="2" m="48138" /><F53/><W22/><AGARI ba="0,0" hai="15,17,22,44,45,54,56,62,80,81,83" m="25099" machi="22" ten="30,1100,0" yaku="8,1" doraHai="128" who="3" fromWho="3" sc="250,-5,250,-3,250,-3,250,11" /><INIT seed="1,0,0,5,2,59" ten="245,247,247,261" oya="1" hai0="86,63,46,108,23,16,131,112,74,20,14,88,27" hai1="110,48,134,94,68,22,125,103,64,35,25,1,77" hai2="89,49,44,33,43,15,55,80,120,114,19,18,132" hai3="135,51,106,40,38,83,70,32,85,84,52,30,58"/><U102/><E1/><V82/><F120/><W124/><G106/><T50/><D112/><U36/><E36/><V111/><F33/><W39/><G70/><T115/><D115/><U104/><E35/><V66/><F111/><W69/><G69/><T34/><D108/><U97/><E110/><V99/><F132/><W79/><G124/><T117/><D74/><U60/><E125/><V81/><F66/><W121/><G121/><T127/><D127/><U53/><E77/><V122/><F122/><W0/><G0/><T133/><D133/><U31/><E134/><V87/><F114/><W2/><G2/><T90/><D131/><U10/><E10/><V65/><F65/><W4/><G4/><T24/><D34/><U21/><E21/><N who="2" m="11487" /><F99/><W118/><G118/><T54/><D117/><U119/><E119/><V45/><F19/><W6/><G6/><T71/><D14/><U67/><E64/><V9/><F9/><W100/><G100/><T26/><D26/><U116/><E116/><V5/><F5/><W29/><G135/><T78/><D71/><U37/><E37/><V3/><F3/><W75/><G38/><T17/><D63/><U93/><REACH who="1" step="1"/><E103/><REACH who="1" ten="245,237,247,261" step="2"/><V62/><F55/><W109/><G109/><T126/><D126/><U12/><E12/><V129/><F129/><W61/><G39/><T96/><D78/><U56/><AGARI ba="0,1" hai="22,25,31,48,53,56,60,67,68,93,94,97,102,104" machi="56" ten="20,7800,0" yaku="1,1,0,1,7,1,52,1,53,0" doraHai="59" doraHaiUra="42" who="1" fromWho="1" sc="245,-26,237,88,247,-26,261,-26" /><INIT seed="1,1,0,0,5,98" ten="219,325,221,235" oya="1" hai0="7,118,131,60,104,25,11,72,103,8,106,19,27" hai1="28,38,53,81,111,128,112,126,80,13,71,97,66" hai2="47,74,58,0,41,21,110,36,52,76,26,114,99" hai3="54,123,92,45,109,6,62,91,107,96,44,1,88"/><U132/><E112/><V39/><F39/><W101/><G123/><T94/><D118/><U116/><E38/><V61/><F110/><W70/><G109/><T133/><D72/><U122/><E116/><V68/><F0/><W10/><G91/><T75/><D75/><U130/><E122/><V86/><F74/><W30/><G30/><T9/><D133/><U117/><E117/><V51/><F114/><W43/><G43/><T15/><D94/><U22/><E132/><V55/><F99/><W77/><G77/><T79/><D79/><U35/><E35/><V59/><F68/><W56/><REACH who="3" step="1"/><G70/><REACH who="3" ten="219,325,221,225" step="2"/><T34/><D131/><U95/><E111/><V20/><REACH who="2" step="1"/><F26/><REACH who="2" ten="219,325,211,225" step="2"/><W129/><G129/><T17/><D27/><N who="1" m="16503" /><E71/><V100/><F100/><W50/><G50/><T63/><D25/><U87/><E130/><V84/><F84/><AGARI ba="1,2" hai="1,6,10,44,45,54,56,62,84,88,92,96,101,107" machi="84" ten="30,7700,0" yaku="1,1,7,1,52,1,54,1,53,0" doraHai="98" doraHaiUra="64" who="3" fromWho="2" sc="219,0,325,0,211,-80,225,100" /><INIT seed="2,0,0,1,3,54" ten="219,325,131,325" oya="2" hai0="84,33,90,60,37,4,9,133,104,52,112,101,63" hai1="38,16,51,45,91,111,103,49,20,27,93,68,39" hai2="15,62,50,88,106,64,121,48,129,134,29,11,18" hai3="22,21,71,118,14,123,96,24,5,89,124,44,107"/><V97/><F121/><W43/><G71/><T23/><D112/><U56/><E68/><V87/><F129/><W35/><G123/><T73/><D33/><U1/><E1/><V13/><F29/><W131/><G131/><T61/><D73/><U80/><E111/><V58/><F134/><W10/><G124/><T7/><D37/><U125/><E103/><V46/><F46/><W81/><G118/><T12/><D133/><U76/><E125/><V94/><F106/><W32/><G107/><T2/><D101/><U53/><E80/><V130/><F130/><W25/><G81/><T122/><D104/><U17/><E17/><V75/><F75/><W59/><G89/><T127/><D127/><U3/><E3/><V41/><F41/><W92/><G92/><T42/><D42/><U114/><E76/><V19/><F97/><W34/><G96/><T6/><D2/><U102/><E102/><V65/><F65/><W26/><REACH who="3" step="1"/><G59/><REACH who="3" ten="219,325,131,315" step="2"/><N who="0" m="34919" /><D122/><U40/><E114/><V55/><REACH who="2" step="1"/><F64/><REACH who="2" ten="219,325,121,315" step="2"/><W86/><G86/><AGARI ba="0,2" hai="16,20,27,38,39,40,45,49,51,53,56,86,91,93" machi="86" ten="30,3900,0" yaku="7,1,52,1,54,1" doraHai="54" who="1" fromWho="3" sc="219,0,325,59,121,0,315,-39" /><INIT seed="3,0,0,5,5,35" ten="219,384,121,276" oya="3" hai0="119,112,53,18,64,69,80,48,96,7,105,121,24" hai1="58,113,111,86,125,36,22,98,57,60,15,47,13" hai2="87,123,133,110,65,115,73,130,67,12,56,83,0" hai3="76,33,27,109,43,21,51,134,44,132,11,118,8"/><W49/><G33/><T38/><D121/><U94/><E111/><V37/><F115/><W106/><G106/><T97/><D119/><U102/><E113/><V85/><F37/><W82/><G118/><T54/><D38/><U71/><E125/><V3/><F73/><W127/><G51/><T88/><D54/><U68/><E58/><V116/><F116/><W23/><G109/><T29/><D18/><U39/><E86/><V114/><F114/><W99/><G99/><T41/><D41/><U61/><E61/><V89/><F110/><W95/><G95/><T19/><D19/><U46/><E71/><V72/><F72/><W124/><G82/><T131/><D131/><U128/><E68/><V6/><F133/><N who="3" m="51307" /><G76/><T84/><D7/><U79/><E128/><V62/><F123/><W75/><G75/><T108/><D108/><U122/><E79/><V135/><F130/><W26/><G49/><T126/><D126/><N who="3" m="48169" /><G44/><T103/><D97/><U20/><E122/><V101/><F135/><W42/><G42/><T117/><D117/><U92/><E94/><V10/><F101/><W55/><G55/><T100/><D112/><U74/><E74/><V31/><F67/><W52/><G52/><T16/><D100/><U50/><E39/><V9/><F87/><W77/><G43/><T78/><D64/><N who="1" m="38927" /><E50/><V1/><REACH who="2" step="1"/><F31/><REACH who="2" ten="219,384,111,276" step="2"/><N who="3" m="17871" /><G77/><T45/><D78/><U59/><E36/><V66/><F66/><W129/><G129/><T81/><D103/><U63/><E102/><V32/><F32/><W28/><AGARI ba="0,1" hai="8,11,23,27,28" m="17871,48169,51307" machi="28" ten="30,11700,0" yaku="20,1,18,1,34,2" doraHai="35" who="3" fromWho="3" sc="219,-39,384,-39,111,-39,276,127" /><INIT seed="3,1,0,3,3,29" ten="180,345,72,403" oya="3" hai0="63,119,108,92,91,11,102,126,5,46,62,38,36" hai1="116,28,131,21,70,81,39,100,89,74,23,3,120" hai2="122,95,85,125,13,129,130,45,80,52,133,31,67" hai3="42,127,90,77,104,35,2,97,75,22,49,18,78"/><W54/><G2/><T123/><D119/><U68/><E39/><V1/><F1/><W69/><G127/><T87/><D123/><U135/><E120/><V115/><F115/><W109/><G69/><T98/><D126/><U94/><E131/><N who="2" m="50187" /><F125/><W118/><G118/><T12/><D108/><U37/><E37/><V76/><F133/><W93/><G104/><T50/><D38/><U57/><E100/><V72/><F67/><W15/><G35/><T4/><D4/><U83/><E74/><V10/><F31/><W27/><G109/><T113/><D36/><U55/><E135/><V43/><F122/><W47/><G75/><T16/><D5/><U96/><E3/><V33/><F43/><W110/><G110/><T128/><D128/><U0/><E0/><V53/><F45/><W134/><G134/><T58/><D58/><U82/><E28/><V32/><F95/><W107/><G107/><T86/><D113/><U121/><E121/><V64/><F64/><W112/><G112/><T6/><D6/><U65/><E65/><V61/><F72/><W99/><G99/><T26/><D26/><U79/><E116/><V7/><F61/><N who="0" m="23050" /><D102/><U40/><E40/><AGARI ba="1,0" hai="11,12,16,40,46,50,86,87,91,92,98" m="23050" machi="40" ten="30,2000,0" yaku="8,1,54,1" doraHai="29" who="0" fromWho="1" sc="180,23,345,-23,72,0,403,0" /><INIT seed="4,0,0,1,0,131" ten="203,322,72,403" oya="0" hai0="24,91,27,9,107,104,123,61,13,77,65,22,16" hai1="117,95,6,52,118,70,14,64,89,56,34,39,4" hai2="109,112,84,1,114,125,37,33,15,32,28,17,10" hai3="31,47,86,120,110,87,94,19,90,2,55,23,78"/><T85/><D123/><U134/><E39/><V76/><F37/><W113/><G2/><T83/><D77/><U122/><E34/><V41/><F41/><W101/><G110/><T74/><D74/><U80/><E122/><V5/><F76/><W11/><G120/><T129/><D129/><U97/><E64/><V127/><F109/><W54/><G113/><N who="2" m="43625" /><F84/><W49/><G101/><T29/><REACH who="0" step="1"/><D27/><REACH who="0" ten="193,322,72,403" step="2"/><U103/><E118/><V18/><F28/><W135/><G78/><T62/><D62/><U0/><E117/><V81/><F81/><W100/><G31/><T25/><D25/><U43/><E80/><V73/><F73/><W128/><G128/><T3/><D3/><U68/><E0/><V79/><F79/><W88/><G90/><T96/><D96/><U116/><E97/><V102/><F102/><W42/><G100/><T106/><D106/><U38/><E89/><V40/><F40/><W105/><G105/><T63/><D63/><U111/><E43/><V7/><F1/><W71/><G87/><T69/><AGARI ba="0,1" hai="9,13,16,22,24,29,61,65,69,83,85,91,104,107" machi="69" ten="20,7800,0" yaku="1,1,0,1,7,1,54,1,53,0" doraHai="131" doraHaiUra="132" who="0" fromWho="0" sc="193,88,322,-26,72,-26,403,-26" /><INIT seed="4,1,0,4,0,49" ten="281,296,46,377" oya="0" hai0="131,94,4,125,72,30,118,135,77,12,29,96,76" hai1="63,21,93,129,74,108,112,3,92,46,103,110,95" hai2="48,88,70,41,100,24,31,120,16,75,45,32,73" hai3="6,53,47,126,66,132,109,128,57,102,111,121,59"/><T51/><D118/><U22/><E74/><V133/><F133/><W36/><G102/><T127/><D135/><U0/><E103/><V1/><F120/><W124/><G6/><T40/><D131/><U8/><E129/><V123/><F123/><W114/><G132/><T11/><D40/><U83/><E83/><V115/><F115/><W17/><G17/><T56/><D30/><U97/><E97/><V39/><F70/><W86/><G86/><T107/><D29/><U52/><E112/><V37/><F1/><W80/><G80/><T38/><D38/><U58/><E46/><V84/><F100/><W105/><G105/><T13/><D107/><U25/><E21/><V28/><F28/><W15/><G15/><T55/><D13/><U116/><E116/><V9/><F75/><W69/><G128/><T134/><D134/><U91/><E8/><V113/><F73/><W119/><G119/><T81/><REACH who="0" step="1"/><D77/><REACH who="0" ten="271,296,46,377" step="2"/><U101/><E0/><V20/><F113/><W23/><G114/><T67/><D67/><U65/><E65/><V26/><REACH who="2" step="1"/><F9/><REACH who="2" ten="271,296,36,377" step="2"/><W87/><G121/><T42/><D42/><U7/><E3/><V34/><F34/><W90/><G111/><T64/><D64/><U50/><E110/><V82/><AGARI ba="1,2" hai="16,20,24,26,31,32,37,39,41,45,48,82,84,88" machi="82" ten="20,12000,2" yaku="1,1,0,1,7,1,54,2,53,1" doraHai="49" doraHaiUra="78" who="2" fromWho="2" sc="271,-61,296,-31,36,143,377,-31" /><INIT seed="5,0,0,2,2,22" ten="210,265,179,346" oya="1" hai0="92,50,34,124,117,66,7,41,105,38,119,107,113" hai1="75,114,81,47,4,111,9,1,82,64,128,30,31" hai2="76,49,40,83,118,6,46,116,78,99,96,35,91" hai3="65,20,103,44,97,58,0,67,63,89,23,51,24"/><U28/><E114/><V70/><F70/><W62/><G0/><T110/><D34/><U61/><E128/><V55/><F35/><W43/><G89/><T84/><D110/><U129/><E129/><V134/><F134/><W79/><G79/><T36/><D66/><U25/><E111/><V53/><F118/><W12/><G12/><T123/><D7/><U86/><E75/><V104/><F104/><W3/><G3/><T11/><D11/><U15/><E1/><V101/><F101/><W59/><G24/><T16/><D124/><U56/><E47/><V130/><F6/><W125/><G125/><T14/><D113/><U71/><E71/><V72/><F116/><W74/><G74/><T17/><D14/><U102/><E102/><V126/><F130/><W133/><G133/><T109/><D109/><U60/><E60/><V5/><F5/><W45/><G45/><T135/><D135/><U10/><E82/><V90/><F126/><W88/><G88/><N who="2" m="33833" /><F72/><W27/><G27/><T42/><D123/><U39/><E39/><V8/><F8/><W68/><G68/><T112/><D112/><U21/><REACH who="1" step="1"/><E10/><REACH who="1" ten="210,255,179,346" step="2"/><V108/><F83/><W115/><G115/><T26/><D36/><U85/><E85/><V37/><F108/><W120/><G120/><T77/><D84/><U100/><E100/><V80/><F80/><W122/><G122/><T98/><D38/><U73/><E73/><V95/><F37/><W32/><G103/><T52/><D119/><U13/><E13/><V18/><F46/><W93/><G44/><N who="0" m="27719" /><D117/><U87/><E87/><V106/><F106/><RYUUKYOKU ba="0,1" sc="210,-10,255,30,179,-10,346,-10" hai1="4,9,15,21,25,28,30,31,56,61,64,81,86" /><INIT seed="5,1,1,2,0,49" ten="200,285,169,336" oya="1" hai0="0,84,9,104,65,100,32,64,50,81,75,62,98" hai1="92,109,63,76,113,114,29,5,99,18,42,119,34" hai2="3,78,132,82,39,24,12,115,101,10,31,121,106" hai3="41,59,79,72,80,90,116,40,87,71,47,22,8"/><U110/><E76/><V127/><F121/><W105/><G71/><T16/><D32/><U44/><E5/><N who="2" m="1343" /><F132/><W1/><G105/><T94/><D75/><U131/><E119/><V133/><F133/><W11/><G116/><T30/><D30/><U68/><E18/><V93/><F93/><W107/><G107/><T6/><D104/><U48/><E29/><V85/><F12/><W35/><G35/><T117/><D117/><U45/><E34/><V33/><F39/><W83/><G40/><T123/><D123/><U134/><E134/><V73/><F85/><W17/><G59/><T20/><D50/><N who="1" m="26903" /><E99/><N who="2" m="61759" /><F115/><N who="1" m="44041" /><E92/><V128/><F128/><W124/><G1/><T118/><D62/><U36/><E36/><V56/><F31/><W120/><G120/><T96/><D96/><U37/><E37/><V13/><F82/><W91/><G83/><T54/><D118/><U53/><E131/><V77/><F77/><W102/><G124/><T51/><D81/><U14/><E14/><V58/><F13/><W60/><G17/><T67/><D84/><U2/><E2/><V57/><F127/><W112/><G87/><T69/><D69/><U61/><E68/><V108/><F78/><W4/><G80/><T129/><D129/><U95/><E95/><V43/><F73/><W23/><G72/><T103/><D103/><U25/><E25/><V19/><F19/><W70/><G79/><T130/><D130/><U52/><E63/><V122/><F24/><W7/><G112/><T88/><D100/><U66/><E66/><V46/><F33/><W97/><G70/><T89/><D65/><RYUUKYOKU ba="1,1" sc="200,-10,285,30,169,-10,336,-10" hai1="45,48,52,53,61,109,110" /><INIT seed="5,2,1,4,0,22" ten="190,315,159,326" oya="1" hai0="42,106,108,103,126,24,52,33,104,133,83,48,7" hai1="129,80,118,15,8,123,36,132,0,57,124,37,97" hai2="91,6,120,84,39,35,125,105,20,61,93,54,53" hai3="66,128,110,26,90,65,17,88,19,46,73,13,107"/><U47/><E123/><V82/><F35/><W122/><G107/><T86/><D108/><U109/><E118/><V5/><F105/><W113/><G110/><T45/><D133/><U34/><E34/><V117/><F117/><W115/><G73/><T55/><D126/><U85/><E124/><V134/><F39/><W16/><G122/><T28/><D7/><U100/><E0/><V59/><F134/><W96/><G128/><T49/><D103/><U72/><E72/><V127/><F120/><W58/><G58/><T51/><D42/><U70/><E70/><V111/><F111/><W69/><G69/><T63/><D63/><U43/><E37/><V44/><F125/><W89/><G46/><T21/><D33/><U60/><E129/><V130/><F130/><W81/><G81/><T12/><D12/><U92/><E132/><V10/><F10/><W9/><G96/><T87/><D87/><U79/><E109/><V71/><F71/><W3/><G3/><T50/><REACH who="0" step="1"/><D55/><REACH who="0" ten="180,315,159,326" step="2"/><N who="1" m="33855" /><E15/><V32/><F32/><W112/><G26/><T2/><D2/><U119/><E119/><V74/><F127/><W4/><AGARI ba="2,2" hai="4,9,13,16,17,19,65,66,88,89,90,112,113,115" machi="4" ten="40,12000,2" yaku="0,1,29,2,15,1,54,2" doraHai="22" who="3" fromWho="3" sc="180,-32,315,-62,159,-32,326,146" /><INIT seed="6,0,0,4,3,112" ten="148,253,127,472" oya="2" hai0="38,33,42,103,109,3,100,64,78,91,23,16,56" hai1="57,90,12,130,24,132,97,116,96,5,99,121,69" hai2="50,93,36,43,27,75,84,135,126,124,131,46,72" hai3="113,59,28,41,118,61,95,37,13,49,17,1,31"/><V68/><F68/><W6/><G118/><T60/><D109/><U45/><E69/><V29/><F131/><W77/><G113/><T128/><D33/><U39/><E39/><V115/><F115/><W101/><G37/><T40/><D3/><U76/><E76/><V54/><F135/><W66/><G1/><T119/><D128/><U102/><E130/><V123/><F123/><W122/><G6/><T44/><D119/><U0/><E45/><V67/><F67/><W105/><G105/><T133/><D133/><U87/><E24/><V89/><F43/><W19/><G77/><T47/><D91/><U129/><E0/><V94/><F94/><W51/><G122/><T117/><D78/><U74/><E74/><V11/><F11/><N who="3" m="6335" /><G19/><T120/><D117/><U25/><E25/><V34/><REACH who="2" step="1"/><F36/><REACH who="2" ten="148,253,117,472" step="2"/><W111/><G111/><T88/><D120/><U127/><E116/><V32/><F32/><W22/><G41/><T30/><D42/><U9/><E132/><V98/><F98/><N who="3" m="59615" /><G22/><T58/><D38/><U55/><E129/><V14/><F14/><W114/><G114/><T86/><D40/><U10/><E10/><V26/><F26/><W52/><G66/><T79/><D64/><U8/><E8/><V82/><F82/><W15/><G15/><T53/><D53/><U62/><E121/><V35/><F35/><W83/><G83/><T81/><D81/><U80/><E102/><V106/><F106/><W65/><G65/><T7/><D103/><U104/><E104/><V108/><F108/><W134/><G134/><T92/><D100/><U125/><AGARI ba="0,1" hai="5,9,12,55,57,62,80,87,90,96,97,99,125,127" machi="125" ten="30,2000,0" yaku="5,1,0,1" doraHai="112" who="1" fromWho="1" sc="148,-5,253,30,117,-10,472,-5" /><INIT seed="7,0,0,3,2,0" ten="143,283,107,467" oya="3" hai0="108,73,97,23,17,75,4,113,26,106,21,114,88" hai1="25,84,112,115,101,51,93,104,55,134,30,91,119" hai2="43,45,1,16,42,10,95,117,131,70,127,31,123" hai3="67,36,109,129,33,18,35,9,126,48,8,80,96"/><W2/><G36/><T107/><D108/><U49/><E134/><V111/><F117/><W102/><G109/><T63/><D4/><U77/><E77/><V54/><F111/><W62/><G126/><T20/><D63/><U38/><E38/><V118/><F118/><W44/><G129/><T64/><D64/><U5/><E5/><V99/><F70/><W92/><G8/><T66/><D66/><U22/><E119/><V83/><F131/><W3/><G80/><T128/><D128/><U60/><E104/><N who="0" m="39977" /><D97/><U116/><E101/><V52/><F127/><W34/><G18/><T29/><D88/><U68/><E116/><V87/><F31/><W135/><G135/><T121/><D121/><U6/><E6/><V32/><F32/><W7/><G2/><T125/><D125/><U76/><E68/><V89/><F123/><W19/><G19/><T132/><D132/><U15/><E15/><N who="2" m="7287" /><F1/><W11/><G11/><T56/><D56/><N who="1" m="34847" /><E76/><N who="2" m="46567" /><F45/><W65/><REACH who="3" step="1"/><G62/><REACH who="3" ten="143,283,107,457" step="2"/><T40/><D17/><U71/><E30/><V79/><F79/><W133/><G133/><T12/><D29/><U47/><E25/><V120/><F120/><W58/><G58/><T86/><D26/><U13/><E13/><V103/><F103/><W124/><G124/><T100/><D12/><U61/><E61/><V94/><F94/><W90/><G90/><T130/><D100/><U82/><E91/><V74/><F74/><W57/><G57/><T69/><D130/><U81/><E93/><V41/><AGARI ba="0,1" hai="41,42,43,52,54,89,95,99" m="46567,7287" machi="41" ten="30,4000,0" yaku="8,1,54,2" doraHai="0" who="2" fromWho="2" sc="143,-10,283,-10,107,50,457,-20" owari="133,-37.0,273,7.0,157,-24.0,437,54.0" /></mjloggm>