<mjloggm ver="2.3"><GO type="41" lobby="0"/><UN n0="%E3%81%8F%E3%81%88%E3%82%93%E3%81%A1%E3%82%83%E3%82%93" n1="%73%68%61%58%6D%75" n2="%E5%B0%B1%E6%B4%BB%E7%94%9F%40%E5%B7%9D%E6%9D%91%E8%BB%8D%E5%9B%A3" n3="%E3%81%82%E3%81%96%E3%82%80%E3%81%8F%E3%82%93" dan="14,14,15,15" rate="1909.66,1860.50,2007.55,1986.93" sx="M,M,M,M"/><TAIKYOKU oya="0"/><INIT seed="0,0,0,5,0,115" ten="250,250,250,250" oya="0" hai0="5,125,135,92,45,35,10,28,97,43,42,25,63" hai1="129,61,116,22,82,124,12,62,95,88,29,60,18" hai2="17,58,130,0,1,68,106,109,93,40,53,114,67" hai3="75,59,72,86,48,41,99,3,79,108,27,98,20"/><T120/><D120/><U57/><E129/><V128/><F106/><W90/><G3/><T7/><D125/><U65/><E124/><V101/><F114/><W4/><G4/><T113/><D113/><U56/><E116/><V51/><F109/><W84/><G108/><T11/><D135/><U47/><E47/><V46/><F68/><W13/><G75/><T33/><D33/><U70/><E29/><V38/><F67/><W2/><G2/><T39/><D43/><U66/><E70/><V89/><F101/><W78/><G72/><T87/><D87/><U96/><REACH who="1" step="1"/><E82/><REACH who="1" ten="250,240,250,250" step="2"/><V127/><F127/><W91/><G79/><T55/><D45/><U76/><E76/><V9/><F128/><W119/><G78/><T30/><D35/><U14/><E14/><V133/><F130/><W112/><G13/><T103/><D28/><U122/><E122/><V110/><F133/><W32/><G119/><T100/><D30/><U23/><E23/><V131/><F131/><W31/><G20/><T16/><D11/><U132/><E132/><V50/><F110/><W85/><G112/><T126/><D10/><U107/><E107/><V74/><F0/><W80/><G80/><T81/><D81/><U69/><E69/><V77/><F77/><W44/><REACH who="3" step="1"/><G59/><AGARI ba="0,1" hai="12,18,22,56,57,59,60,61,62,65,66,88,95,96" machi="59" ten="40,5200,0" yaku="1,1,8,1,54,1,53,0" doraHai="115" doraHaiUra="6" who="1" fromWho="3" sc="250,0,240,62,250,0,250,-52" /><INIT seed="1,0,0,1,2,118" ten="250,302,250,198" oya="1" hai0="111,18,27,122,120,53,40,103,2,68,129,134,16" hai1="130,31,112,99,70,101,35,126,49,90,5,59,0" hai2="57,107,83,115,7,127,1,100,62,47,76,97,45" hai3="114,94,28,56,6,32,82,72,125,117,108,29,96"/><U102/><E112/><V86/><F115/><W124/><G114/><T14/><D2/><U39/><E39/><V25/><F127/><N who="3" m="48715" /><G117/><T110/><D134/><U30/><E70/><V65/><F1/><W8/><G108/><N who="0" m="41515" /><D68/><U26/><E126/><V33/><F7/><W52/><G32/><T58/><D40/><U79/><E79/><V4/><F4/><W81/><G72/><T60/><D129/><U85/><E130/><V105/><F105/><W41/><G41/><T43/><D43/><U37/><E37/><V10/><F10/><W69/><G69/><T12/><D103/><U71/><E71/><V87/><F87/><W132/><G132/><T38/><D38/><U15/><E99/><V109/><F109/><W73/><G73/><T113/><D113/><U36/><E0/><V104/><F104/><W78/><G78/><T133/><D27/><U123/><E36/><V9/><F9/><W24/><G29/><T119/><D119/><U17/><E31/><V20/><F33/><N who="3" m="20615" /><G94/><T55/><D133/><U80/><E5/><V23/><F23/><W42/><G96/><T95/><D95/><U121/><E101/><V46/><F46/><W3/><G42/><T93/><D93/><U64/><E102/><V44/><F44/><W74/><G74/><T61/><D14/><U77/><E77/><V91/><F76/><W51/><AGARI ba="0,0" hai="3,6,8,51,52,56,81,82" m="20615,48715" machi="51" ten="30,2000,0" yaku="18,1,54,1" doraHai="118" who="3" fromWho="3" sc="250,-5,302,-10,250,-5,198,20" /><INIT seed="2,0,0,0,3,30" ten="245,292,245,218" oya="2" hai0="82,54,110,102,135,40,5,7,3,36,109,9,17" hai1="96,32,131,130,113,93,60,23,15,45,48,34,98" hai2="4,53,105,11,52,108,123,87,91,63,62,78,50" hai3="101,49,8,86,111,114,121,80,81,28,16,72,41"/><V70/><F123/><W0/><G121/><T37/><D7/><U104/><E113/><V51/><F105/><W24/><G114/><T25/><D135/><U95/><E60/><V90/><F108/><N who="0" m="41578" /><D40/><N who="1" m="24615" /><E104/><V97/><F70/><W134/><G111/><T47/><D102/><N who="1" m="60687" /><E23/><V75/><F75/><W69/><G69/><T92/><D92/><U38/><E15/><N who="2" m="5607" /><F78/><W6/><G101/><T44/><D82/><U43/><E43/><V21/><F21/><W84/><G72/><T55/><D47/><U1/><E1/><V127/><F97/><W83/><G134/><T129/><D129/><N who="1" m="49163" /><E38/><N who="0" m="14953" /><D44/><U115/><E115/><V77/><F127/><W76/><G76/><T14/><D25/><U71/><E71/><V132/><F132/><W18/><G41/><T88/><D88/><AGARI ba="0,0" hai="32,34,88,95,98" m="49163,60687,24615" machi="88" ten="30,7700,0" yaku="19,1,52,2,54,1" doraHai="30" who="1" fromWho="0" sc="245,-77,292,77,245,0,218,0" /><INIT seed="3,0,0,5,3,60" ten="168,369,245,218" oya="3" hai0="49,122,80,8,26,29,50,28,81,30,85,53,62" hai1="92,93,7,9,21,2,64,90,88,94,117,98,112" hai2="119,35,115,67,107,127,55,37,118,101,58,41,75" hai3="61,59,76,39,82,31,4,78,79,91,105,123,14"/><W114/><G123/><T5/><D122/><U108/><E112/><V15/><F35/><W83/><G39/><T70/><D26/><U10/><E108/><V102/><F75/><W125/><G114/><T100/><D100/><U87/><E117/><V13/><F115/><W132/><G105/><T84/><D70/><U128/><E128/><V25/><F127/><W43/><G43/><T77/><D62/><U56/><E21/><V20/><F37/><W34/><G125/><T33/><D33/><U130/><E10/><V48/><F118/><W71/><G71/><T54/><D8/><U133/><E130/><V3/><F3/><W63/><G132/><T1/><D1/><U96/><E133/><V97/><F119/><W44/><G44/><T134/><D5/><U135/><E135/><V103/><F41/><W106/><G106/><T109/><D109/><U65/><E56/><V69/><F97/><W73/><G34/><T36/><D36/><U17/><E17/><V52/><F55/><N who="0" m="21002" /><D134/><U124/><E124/><V121/><F107/><W0/><G0/><T126/><D126/><U110/><E110/><V89/><F121/><W131/><G131/><T66/><D66/><U6/><E6/><V86/><F67/><N who="3" m="39359" /><G63/><T47/><D47/><U23/><E23/><V24/><F69/><W116/><G116/><T72/><D72/><U32/><E32/><V11/><F11/><N who="3" m="4455" /><G73/><T12/><D12/><N who="2" m="4682" /><F20/><W19/><G31/><T18/><D18/><U27/><E27/><V45/><F45/><W16/><G91/><AGARI ba="0,0" hai="28,29,30,49,50,77,80,81,84,85,91" m="21002" machi="91" ten="30,1000,0" yaku="8,1" doraHai="60" who="0" fromWho="3" sc="168,10,369,0,245,0,218,-10" /><AGARI ba="0,0" hai="2,7,9,64,65,87,88,90,91,92,93,94,96,98" machi="91" ten="30,8000,1" yaku="7,1,9,1,52,2,54,1" doraHai="60" who="1" fromWho="3" sc="178,0,369,80,245,0,208,-80" /><INIT seed="4,0,0,1,4,17" ten="178,449,245,128" oya="0" hai0="63,37,1,115,34,48,55,74,107,52,10,58,20" hai1="68,61,106,22,82,60,89,124,102,120,5,125,103" hai2="8,33,12,128,105,135,126,21,42,62,93,11,31" hai3="101,91,2,64,9,28,54,46,3,116,108,97,0"/><T40/><D115/><U67/><E120/><V27/><F105/><W113/><G108/><T49/><D34/><U65/><E5/><V111/><F111/><W23/><G116/><T13/><D1/><U76/><E106/><V87/><F128/><W88/><G113/><T90/><D107/><U19/><E89/><V129/><F135/><W134/><G134/><T80/><D37/><U6/><E6/><V98/><F129/><W71/><G9/><T85/><D74/><N who="1" m="43287" /><E61/><V114/><F114/><W123/><G123/><T57/><D40/><U78/><E67/><V7/><F126/><N who="1" m="48745" /><E78/><V53/><F42/><W127/><G127/><T86/><D86/><U72/><E72/><V16/><F87/><W47/><G64/><T35/><D35/><U15/><AGARI ba="0,0" hai="15,19,22,60,65,68,102,103" m="48745,43287" machi="15" ten="30,2000,0" yaku="18,1,52,1" doraHai="17" who="1" fromWho="1" sc="178,-10,449,20,245,-5,128,-5" /><INIT seed="5,0,0,0,0,107" ten="168,469,240,123" oya="1" hai0="109,46,102,54,133,67,53,23,62,66,94,52,11" hai1="32,89,80,70,74,24,118,31,51,135,68,98,61" hai2="3,114,106,56,78,76,13,77,100,19,128,103,63" hai3="64,29,17,48,60,125,115,113,85,111,44,129,122"/><U82/><E118/><V119/><F3/><W2/><G2/><T110/><D109/><U8/><E135/><V27/><F119/><W92/><G111/><T101/><D133/><U21/><E32/><V120/><F120/><W20/><G122/><T83/><D110/><U124/><E124/><V28/><F128/><W5/><G129/><T86/><D46/><U33/><E33/><V127/><F114/><W75/><G125/><T0/><D23/><U71/><E51/><V18/><F127/><W15/><G29/><T95/><D0/><U79/><E8/><V37/><F37/><W40/><G5/><T47/><D11/><U132/><E132/><V14/><F106/><W7/><G7/><T117/><D47/><U36/><E36/><V35/><F14/><W59/><G85/><T130/><D130/><U112/><E112/><N who="3" m="43082" /><G92/><N who="0" m="35371" /><D117/><U108/><E108/><V55/><REACH who="2" step="1"/><F18/><REACH who="2" ten="168,469,230,123" step="2"/><W6/><G6/><T90/><D62/><U88/><E98/><V43/><F43/><W16/><G17/><T81/><D102/><U1/><E1/><V126/><F126/><W39/><G39/><T65/><D101/><U72/><E61/><V96/><F96/><W123/><G123/><T97/><D97/><U87/><E87/><V41/><F41/><W26/><G26/><T34/><D86/><U99/><E99/><V25/><F25/><W4/><G4/><T50/><D50/><U73/><E79/><V121/><F121/><W105/><G105/><T9/><D34/><U45/><E45/><V49/><F49/><W131/><G131/><T84/><D83/><U116/><E116/><RYUUKYOKU ba="0,1" sc="168,0,469,0,230,0,123,0" hai0="9,52,53,54,65,66,67,81,84,90" hai1="21,24,31,68,70,71,72,73,74,80,82,88,89" hai2="13,19,27,28,35,55,56,63,76,77,78,100,103" hai3="15,16,20,40,44,48,59,60,64,75" /><INIT seed="5,1,1,3,4,55" ten="168,469,230,123" oya="1" hai0="52,48,125,45,73,20,47,30,111,27,76,123,135" hai1="66,34,124,92,120,101,104,95,133,4,21,130,57" hai2="40,99,64,18,17,131,41,7,86,53,119,60,114" hai3="37,58,83,46,112,50,13,8,51,126,24,117,82"/><U62/><E120/><V87/><F119/><W12/><G117/><T121/><D111/><U93/><E34/><V16/><F131/><W11/><G37/><T106/><D106/><U115/><E130/><V128/><F128/><W116/><G116/><T38/><D123/><U19/><E115/><V2/><F114/><W98/><G112/><T49/><D121/><U56/><E124/><V108/><F108/><W85/><G126/><T103/><D38/><U71/><E133/><V74/><F74/><W107/><G24/><T65/><D65/><U122/><E122/><V88/><F2/><W72/><G72/><T54/><D135/><U10/><E104/><V61/><F7/><W102/><G83/><T29/><D125/><U63/><E101/><V9/><F9/><W78/><G50/><T32/><D103/><U69/><E10/><V100/><F53/><W6/><G11/><T132/><D132/><U81/><E81/><V35/><F35/><W110/><G110/><T42/><D76/><U14/><E4/><V5/><F5/><W59/><G13/><T39/><D73/><U109/><E109/><V127/><F127/><W23/><G23/><T90/><D90/><U80/><E80/><V91/><F100/><W79/><G79/><T89/><D89/><N who="2" m="34378" /><F99/><W129/><G129/><T96/><D96/><U67/><AGARI ba="1,1" hai="14,19,21,56,57,62,63,66,67,69,71,92,93,95" machi="67" ten="30,11700,0" yaku="0,1,9,1,52,2" doraHai="55" who="1" fromWho="1" sc="168,-40,469,130,230,-40,123,-40" /><INIT seed="5,2,0,3,4,18" ten="128,599,190,83" oya="1" hai0="35,114,11,116,85,77,31,72,46,21,25,53,62" hai1="90,79,63,50,134,74,69,64,8,82,71,131,19" hai2="128,76,28,70,108,102,93,40,133,20,2,24,30" hai3="129,104,60,17,109,48,80,86,6,115,4,54,124"/><U107/><E131/><V92/><F70/><W7/><G109/><T56/><D116/><U34/><E34/><V120/><F2/><W33/><G104/><T26/><D72/><U127/><E127/><V58/><F120/><W83/><G33/><T44/><D11/><U75/><E134/><V67/><F128/><W135/><G135/><T3/><D3/><U130/><E130/><V0/><F108/><W68/><G129/><T98/><D114/><U22/><E107/><V126/><F0/><W87/><G115/><T32/><D32/><U95/><E8/><V101/><F126/><W41/><G124/><T51/><D98/><U117/><E50/><V10/><F40/><W89/><G41/><T112/><D112/><U73/><E71/><V13/><F76/><W122/><G122/><T78/><D85/><U84/><E117/><V103/><F30/><W121/><G121/><T15/><D15/><AGARI ba="2,0" hai="15,19,22,63,64,69,73,74,75,79,82,84,90,95" machi="15" ten="30,2900,0" yaku="7,1,52,1" doraHai="18" who="1" fromWho="0" sc="128,-35,599,35,190,0,83,0" /><INIT seed="5,3,0,2,5,133" ten="93,634,190,83" oya="1" hai0="124,80,37,46,86,88,102,89,7,45,40,78,131" hai1="61,119,3,93,31,38,4,92,63,44,12,5,100" hai2="54,81,49,96,56,112,10,113,9,11,121,101,116" hai3="48,107,22,75,30,120,69,72,84,52,109,8,2"/><U118/><E31/><V126/><F116/><W132/><G109/><T51/><D131/><U27/><E27/><V74/><F121/><W127/><G120/><T0/><D102/><U76/><E3/><V106/><F74/><W97/><G69/><T94/><D124/><U110/><E110/><V73/><F73/><W13/><G132/><T50/><D89/><U125/><E125/><V108/><F108/><W135/><G135/><T35/><D35/><U85/><E100/><V115/><F81/><W17/><G127/><AGARI ba="3,0" hai="9,10,11,49,54,56,96,101,106,112,113,115,126,127" machi="127" ten="50,8000,1" yaku="15,1,11,1,52,2" doraHai="133" who="2" fromWho="3" sc="93,0,634,0,190,89,83,-89" owari="93,-31.0,634,74.0,279,8.0,-6,-51.0" /></mjloggm>