<mjloggm ver="2.3"><GO type="41" lobby="0"/><UN n0="%E5%92%B2%EF%BC%A0%E7%9B%A3%E7%9D%A3" n1="%E5%B0%B1%E6%B4%BB%E7%94%9F%40%E5%B7%9D%E6%9D%91%E8%BB%8D%E5%9B%A3" n2="%78%78%78%78%78%78" n3="%E3%81%B7%E3%81%A1%E3%81%8B%E3%82%8F%E3%81%84%E3%81%9D%E3%81%99" dan="13,17,14,14" rate="1864.02,2132.76,1909.58,1954.79" sx="M,M,M,M"/><TAIKYOKU oya="0"/><INIT seed="0,0,0,5,2,38" ten="250,250,250,250" oya="0" hai0="7,52,102,77,4,107,31,45,85,125,28,50,51" hai1="103,94,10,116,124,99,13,48,55,131,100,20,46" hai2="127,97,112,80,121,91,23,122,115,24,104,101,14" hai3="111,43,62,118,84,72,57,9,3,130,83,134,44"/><T129/><D129/><U26/><E124/><V82/><F14/><W110/><G130/><T65/><D65/><U6/><E131/><V16/><F127/><W59/><G118/><T120/><D120/><U132/><E132/><V60/><F122/><W70/><G134/><T53/><D125/><U86/><E116/><V113/><F121/><W34/><G34/><T63/><D107/><U123/><E123/><V1/><F1/><W105/><G105/><T66/><D102/><U32/><E32/><V79/><F91/><W49/><G70/><T81/><D4/><U73/><E73/><V96/><F96/><W39/><G49/><T108/><D7/><U35/><E35/><V128/><F128/><W90/><G72/><T106/><D106/><U69/><E69/><V56/><F79/><W0/><G9/><T37/><D37/><U119/><E119/><V93/><REACH who="2" step="1"/><F104/><REACH who="2" ten="250,250,240,250" step="2"/><W12/><G12/><T78/><D108/><U11/><E11/><V25/><F25/><W61/><G3/><T74/><D78/><U47/><E103/><V8/><F8/><W95/><G0/><T135/><D135/><U2/><E2/><V76/><F76/><W67/><G111/><T117/><D117/><U58/><REACH who="1" step="1"/><E86/><REACH who="1" ten="250,240,240,250" step="2"/><V114/><N who="2" m="29184" /><DORA hai="75" /><V126/><F126/><W33/><G84/><T40/><D74/><U71/><E71/><V109/><F109/><W89/><G110/><T17/><D85/><U5/><E5/><V92/><F92/><W36/><G95/><T22/><D81/><U29/><AGARI ba="0,2" hai="6,10,13,20,26,29,46,47,48,55,58,94,99,100" machi="29" ten="20,12000,2" yaku="1,1,0,1,7,1,8,1,53,2" doraHai="38,75" doraHaiUra="64,42" who="1" fromWho="1" sc="250,-60,240,140,240,-30,250,-30" /><INIT seed="1,0,0,4,3,109" ten="190,380,210,220" oya="1" hai0="23,21,45,77,118,69,0,7,90,122,67,8,64" hai1="100,76,72,68,70,18,113,20,101,51,41,29,54" hai2="92,130,125,53,111,105,1,116,60,37,88,107,95" hai3="32,97,15,17,57,129,87,83,38,126,134,25,102"/><U78/><E29/><V34/><F1/><W43/><G38/><T24/><D122/><U3/><E3/><V26/><F116/><W84/><G43/><T39/><D118/><U27/><E41/><V19/><F37/><W56/><G32/><T99/><D77/><U132/><E132/><V86/><F34/><W108/><G25/><T104/><D21/><U46/><E113/><V52/><F95/><W131/><G84/><T127/><D127/><U115/><E115/><V61/><F107/><W49/><G49/><T48/><D39/><U89/><E70/><V11/><F105/><W93/><G126/><T133/><D133/><U63/><E89/><V42/><F42/><W30/><G30/><T5/><D5/><U65/><REACH who="1" step="1"/><E72/><REACH who="1" ten="190,370,210,220" step="2"/><V66/><F125/><W121/><G134/><T98/><D69/><U120/><E120/><V16/><F111/><W79/><G108/><T13/><D0/><U36/><E36/><V114/><F114/><W2/><G2/><T4/><D90/><U59/><E59/><V75/><F75/><W81/><G121/><T12/><D104/><U47/><E47/><V119/><F119/><W35/><G57/><T9/><D45/><U80/><E80/><V14/><F130/><N who="3" m="49675" /><G56/><T74/><D74/><U58/><E58/><V112/><F112/><W91/><G91/><T50/><D24/><U40/><E40/><V124/><F124/><W31/><G31/><T82/><D82/><U117/><E117/><V55/><F66/><W71/><G71/><T106/><D106/><U103/><AGARI ba="0,1" hai="18,20,27,46,51,54,63,65,68,76,78,100,101,103" machi="103" ten="30,3000,0" yaku="1,1,0,1,53,0" doraHai="109" doraHaiUra="10" who="1" fromWho="1" sc="190,-10,370,40,210,-10,220,-10" /><INIT seed="1,1,0,4,4,19" ten="180,410,200,210" oya="1" hai0="47,85,113,116,80,108,101,36,76,51,48,58,41" hai1="38,133,88,55,69,79,111,123,64,46,4,54,56" hai2="95,12,35,126,119,59,67,114,40,26,23,1,70" hai3="107,37,75,82,73,57,15,134,43,29,52,87,83"/><U17/><E123/><V27/><F119/><W72/><G107/><T13/><D116/><U22/><E69/><V0/><F70/><W124/><G29/><T14/><D113/><U34/><E34/><V60/><F40/><W3/><G3/><T121/><D121/><U39/><E39/><V63/><F35/><W130/><G43/><T18/><D108/><U50/><E79/><V93/><F12/><W89/><G37/><T110/><D110/><U6/><E111/><V94/><F126/><W49/><G124/><T115/><D115/><U31/><E31/><V74/><F74/><W106/><G106/><T91/><D101/><U135/><E64/><V109/><F109/><W28/><G130/><T103/><D103/><U44/><E38/><V7/><F114/><W77/><G134/><N who="1" m="51210" /><E88/><V5/><F93/><W30/><G30/><T62/><D13/><N who="1" m="9519" /><E44/><V120/><F120/><W16/><G28/><T8/><D76/><U20/><E20/><AGARI ba="1,0" hai="15,16,20,49,52,57,72,73,75,77,82,83,87,89" machi="20" ten="30,7700,0" yaku="7,1,52,1,54,2" doraHai="19" who="3" fromWho="1" sc="180,0,410,-80,200,0,210,80" /><INIT seed="2,0,0,0,2,45" ten="180,330,200,290" oya="2" hai0="124,85,77,36,7,61,32,62,15,87,92,74,5" hai1="112,69,125,51,132,130,14,31,42,30,127,110,63" hai2="60,25,17,90,134,114,80,54,71,44,16,65,102" hai3="23,91,119,28,8,88,89,105,4,1,29,113,46"/><V70/><F134/><W108/><G105/><T97/><D36/><U6/><E112/><V72/><F71/><W11/><G119/><T3/><D32/><U22/><E130/><V126/><F114/><W19/><G11/><T40/><D40/><U135/><E110/><V128/><F102/><W118/><G108/><T9/><D124/><N who="1" m="47691" /><E69/><V107/><F107/><W98/><G118/><T94/><D74/><U18/><E63/><V41/><F126/><W49/><G98/><T27/><D27/><U115/><E6/><V37/><F128/><W123/><G123/><T53/><D3/><U68/><E68/><V43/><F43/><W67/><G67/><T121/><D121/><U55/><E42/><V131/><F131/><W20/><G4/><T52/><D5/><U76/><E76/><V117/><F117/><W86/><G86/><N who="0" m="32779" /><D77/><U73/><E73/><V64/><F64/><W47/><G1/><T35/><D35/><U34/><E115/><V116/><F116/><W13/><G113/><T101/><D92/><U78/><E78/><V122/><F122/><W66/><G66/><T75/><D75/><U79/><E79/><V58/><F72/><W33/><G33/><T59/><D53/><U109/><E109/><V26/><F80/><W129/><G129/><T48/><AGARI ba="0,0" hai="7,9,15,48,52,59,61,62,94,97,101" m="32779" machi="48" ten="30,4000,0" yaku="8,1,52,1,54,1" doraHai="45" who="0" fromWho="0" sc="180,40,330,-10,200,-20,290,-10" /><INIT seed="3,0,0,4,1,107" ten="220,320,180,280" oya="3" hai0="66,1,29,15,9,127,67,84,13,0,11,51,32" hai1="82,128,135,88,60,124,68,75,47,16,18,113,3" hai2="26,4,108,92,36,78,79,54,27,56,21,109,125" hai3="81,83,94,61,41,95,63,104,86,80,133,55,116"/><W57/><G104/><T6/><D127/><U40/><E3/><N who="0" m="1097" /><D51/><U44/><E113/><V31/><F4/><W77/><G116/><T130/><D84/><U134/><E124/><V53/><F36/><W59/><G41/><T49/><D49/><U5/><E5/><V121/><F125/><W89/><G133/><N who="1" m="50698" /><E128/><V58/><F121/><W106/><G106/><T129/><D66/><N who="1" m="41031" /><E47/><V2/><F92/><N who="3" m="35371" /><G77/><N who="2" m="29193" /><F2/><W45/><G45/><T120/><D67/><AGARI ba="0,0" hai="55,57,59,61,63,67,80,81,83,86,89" m="35371" machi="67" ten="30,1500,0" yaku="8,1" doraHai="107" who="3" fromWho="0" sc="220,-15,320,0,180,0,280,15" /><INIT seed="3,1,0,1,0,74" ten="205,320,180,295" oya="3" hai0="129,4,96,102,127,2,120,133,16,43,0,71,40" hai1="106,76,48,59,36,87,104,80,57,3,20,93,34" hai2="51,132,95,89,124,82,8,88,38,33,22,6,32" hai3="73,123,61,81,45,79,116,98,26,42,135,18,69"/><W130/><G130/><T17/><D120/><U111/><E34/><V101/><F38/><W56/><G69/><T105/><D129/><U30/><E36/><V90/><F22/><W84/><G123/><T131/><D131/><U94/><E3/><V1/><F132/><W52/><G135/><T91/><D71/><U97/><E111/><V92/><F124/><W72/><G116/><T31/><D133/><U65/><E106/><V78/><F51/><W122/><G122/><T99/><D127/><U49/><E104/><V15/><F95/><N who="1" m="36361" /><E97/><V37/><F37/><W39/><G98/><T112/><D112/><U108/><E108/><V75/><REACH who="2" step="1"/><F1/><REACH who="2" ten="205,320,170,295" step="2"/><W47/><G47/><T23/><D0/><U29/><E20/><V67/><F67/><W110/><G110/><T118/><D118/><U62/><E49/><V114/><F114/><W28/><G18/><T12/><D2/><U11/><E11/><V66/><F66/><W100/><G100/><T46/><D17/><U103/><E103/><V55/><F55/><AGARI ba="1,1" hai="29,30,48,55,57,59,62,65,76,80,87" m="36361" machi="55" ten="30,2000,0" yaku="8,1,52,1" doraHai="74" who="1" fromWho="2" sc="205,0,320,33,170,-23,295,0" /><INIT seed="4,0,0,3,2,129" ten="205,353,147,295" oya="0" hai0="132,101,63,10,58,76,90,77,25,42,33,72,82" hai1="34,130,68,32,36,8,7,20,124,2,60,117,120" hai2="70,104,127,50,97,55,15,114,122,44,112,99,125" hai3="27,111,78,26,23,100,47,56,135,43,121,5,119"/><T64/><D42/><U69/><E130/><V95/><F122/><W6/><G78/><T13/><D76/><U89/><E36/><V41/><F70/><W106/><G56/><T67/><D67/><U62/><E117/><V11/><F104/><W18/><G100/><T113/><D113/><N who="2" m="43626" /><F55/><W93/><G93/><T71/><D71/><U96/><E120/><V88/><F99/><W4/><G106/><T40/><D40/><U74/><E74/><V14/><F14/><W105/><G105/><T28/><D101/><U85/><E124/><V110/><F110/><W3/><G111/><T29/><D29/><U46/><E20/><V53/><F53/><W103/><G103/><T52/><D90/><U66/><E46/><V83/><F83/><W22/><G47/><T31/><D31/><U134/><E96/><V54/><F41/><W30/><G43/><T57/><D57/><U35/><E62/><V109/><F109/><W87/><G87/><T92/><D92/><U59/><E69/><V118/><F118/><W126/><G126/><T133/><REACH who="0" step="1"/><D64/><REACH who="0" ten="195,353,147,295" step="2"/><U75/><E68/><V79/><F79/><W94/><G121/><T128/><D128/><U51/><E59/><V80/><F80/><W0/><G94/><T107/><D107/><U108/><E66/><V65/><F65/><W45/><G119/><T48/><D48/><U115/><E108/><V17/><AGARI ba="0,1" hai="11,15,17,44,50,54,88,95,97,125,127" m="43626" machi="17" ten="30,2000,0" yaku="15,1,54,1" doraHai="129" who="2" fromWho="2" sc="195,-10,353,-5,147,30,295,-5" /><INIT seed="5,0,0,0,3,72" ten="185,348,177,290" oya="1" hai0="110,123,68,7,134,26,30,35,127,22,63,115,13" hai1="15,97,116,114,60,48,4,70,16,81,3,38,2" hai2="59,6,99,132,131,121,77,37,42,17,34,73,101" hai3="133,80,64,19,104,129,90,92,29,125,28,69,55"/><U31/><E38/><V107/><F34/><W61/><G104/><T8/><D110/><U103/><E116/><V85/><F59/><W75/><G129/><T86/><D68/><U41/><E114/><V122/><F17/><W49/><G133/><T112/><D86/><U120/><E120/><V21/><F21/><W33/><G33/><T53/><D53/><U108/><E31/><V52/><F6/><W78/><G19/><N who="0" m="10607" /><D63/><U18/><E108/><V62/><F132/><W84/><G125/><T98/><D98/><U119/><E119/><V23/><F23/><W83/><G92/><T128/><D134/><U100/><E81/><V67/><F131/><W12/><G12/><N who="0" m="5151" /><D127/><U124/><E4/><V9/><F9/><W54/><G54/><T44/><D44/><AGARI ba="0,0" hai="28,29,44,49,55,61,64,69,75,78,80,83,84,90" machi="44" ten="30,2000,0" yaku="7,1,52,1" doraHai="72" who="3" fromWho="0" sc="185,-20,348,0,177,0,290,20" /><INIT seed="6,0,0,1,4,36" ten="165,348,177,310" oya="2" hai0="54,71,49,122,7,95,90,80,74,113,33,59,94" hai1="116,114,72,66,109,20,88,97,107,31,135,45,60" hai2="92,35,78,48,99,110,104,108,127,130,93,37,132" hai3="75,13,131,102,40,76,112,43,18,9,87,96,28"/><V21/><F35/><W46/><G75/><T55/><D122/><U82/><E109/><N who="2" m="42091" /><F37/><W53/><G28/><T1/><D33/><U120/><E116/><V134/><F21/><W118/><G118/><T32/><D32/><U111/><E111/><V106/><F48/><N who="3" m="28823" /><G112/><T50/><D71/><U41/><E120/><V15/><F15/><W12/><G131/><T3/><D113/><U24/><E114/><V86/><F130/><W61/><G102/><T79/><D7/><U117/><E117/><V89/><F127/><W124/><G96/><T56/><D95/><U125/><E135/><N who="2" m="51755" /><F78/><W6/><G124/><T14/><D14/><U39/><E125/><V115/><F115/><W91/><G76/><T73/><REACH who="0" step="1"/><D74/><REACH who="0" ten="155,348,177,310" step="2"/><U51/><E72/><V10/><F10/><N who="3" m="6455" /><G61/><T27/><D27/><U98/><E60/><V58/><F58/><W26/><G26/><T42/><D42/><U17/><E41/><V126/><F126/><W70/><G70/><T84/><AGARI ba="0,1" hai="1,3,49,50,54,55,56,59,73,79,80,84,90,94" machi="84" ten="20,5200,0" yaku="1,1,0,1,7,1,9,1,53,0" doraHai="36" doraHaiUra="65" who="0" fromWho="0" sc="155,62,348,-13,177,-26,310,-13" /><INIT seed="7,0,0,1,2,92" ten="217,335,151,297" oya="3" hai0="94,124,5,77,115,21,8,51,6,25,27,96,15" hai1="90,87,7,125,123,26,39,83,58,49,85,17,76" hai2="32,95,116,19,107,3,120,29,102,121,22,84,132" hai3="99,111,37,117,79,91,114,68,100,50,54,12,57"/><W41/><G68/><T62/><D124/><U11/><E39/><V34/><F107/><W43/><G117/><T42/><D77/><U80/><E125/><V13/><F84/><W133/><G79/><T20/><D115/><U70/><E123/><V67/><F116/><W131/><G37/><T0/><D0/><U59/><E70/><V104/><F104/><W31/><G114/><T9/><D62/><U106/><E106/><V47/><F47/><W24/><G111/><T23/><D42/><U101/><E101/><V35/><F67/><W135/><G91/><T33/><D51/><U28/><E17/><V14/><F95/><N who="3" m="58495" /><G12/><T113/><D113/><U105/><E49/><V2/><F102/><W38/><G38/><T10/><D94/><U75/><E105/><V66/><F29/><W72/><G72/><T112/><D112/><U1/><E75/><V98/><F66/><W128/><G135/><T130/><D130/><N who="3" m="49705" /><G133/><T60/><D60/><U18/><E18/><N who="2" m="10575" /><F98/><W129/><G129/><T4/><D96/><U55/><E55/><V93/><F93/><W36/><G36/><T86/><D86/><U119/><E119/><V108/><F132/><W45/><G45/><T64/><D64/><U110/><E110/><V126/><F108/><W71/><G71/><T81/><D81/><U122/><E122/><N who="2" m="47211" /><F126/><W74/><G74/><T118/><D118/><U56/><E56/><V53/><F53/><W82/><G82/><T89/><D89/><U40/><E40/><V46/><F46/><W16/><G31/><N who="0" m="19711" /><D15/><U65/><E65/><V73/><F73/><W109/><G109/><RYUUKYOKU ba="0,0" sc="217,0,335,0,151,0,297,0" hai0="4,5,6,8,9,10,20,21,23,25" hai1="1,7,11,26,28,58,59,76,80,83,85,87,90" hai2="2,3,14,19,32,34,35" hai3="16,24,41,43,50,54,57" /><INIT seed="7,1,0,3,1,48" ten="217,335,151,297" oya="3" hai0="68,122,100,129,62,97,6,11,108,2,89,30,10" hai1="28,29,61,67,4,73,76,55,71,22,88,58,15" hai2="54,94,93,113,70,39,59,121,135,64,74,13,132" hai3="126,109,27,103,20,101,5,47,78,85,1,19,49"/><W3/><G109/><T107/><D108/><U52/><E73/><V81/><F39/><W105/><G105/><T63/><D122/><U8/><E76/><V115/><F64/><W25/><G126/><T35/><D129/><U84/><E22/><V83/><F70/><W104/><G104/><T43/><D43/><U57/><E71/><V79/><F13/><W7/><G1/><T90/><D11/><U131/><E131/><V72/><F59/><W125/><G125/><T24/><D62/><N who="1" m="36135" /><E67/><V31/><F31/><W86/><G78/><T127/><REACH who="0" step="1"/><D127/><REACH who="0" ten="207,335,151,297" step="2"/><U66/><E66/><AGARI ba="1,1" hai="2,6,10,24,30,35,63,66,68,89,90,97,100,107" machi="66" ten="40,8000,1" yaku="1,1,2,1,25,2,53,0" doraHai="48" doraHaiUra="37" who="0" fromWho="1" sc="207,93,335,-83,151,0,297,0" owari="300,40.0,252,-15.0,151,-35.0,297,10.0" /></mjloggm>