<mjloggm ver="2.3"><GO type="169" lobby="0"/><UN n0="%7A%65%6C%64%69%6E%61" n1="%E3%83%90%E3%83%90%E3%82%A2%E3%81%AE%E6%97%A5%E5%82%98" n2="%E3%82%A6%E3%83%AB%E3%83%88%E3%83%A9%E7%AB%8B%E7%9B%B4" n3="%E3%81%82%E3%81%B2%E3%82%8B%E3%81%95%E3%82%93" dan="17,17,17,16" rate="2226.84,2149.81,2144.07,2085.03" sx="M,F,M,M"/><TAIKYOKU oya="0"/><INIT seed="0,0,0,1,0,32" ten="250,250,250,250" oya="0" hai0="111,28,34,50,31,96,10,57,47,121,85,74,69" hai1="87,49,76,118,56,127,55,54,90,88,0,21,132" hai2="97,89,134,20,48,19,100,70,66,107,94,73,27" hai3="1,78,13,71,37,25,104,117,26,2,123,105,36"/><T82/><D69/><U7/><E118/><V23/><F134/><W14/><G78/><T108/><D74/><U61/><E127/><V103/><F73/><W59/><G59/><T44/><D121/><U62/><E132/><V6/><F6/><W46/><G46/><T40/><D96/><U30/><E76/><V80/><F80/><W18/><G18/><T4/><D57/><U112/><E112/><V86/><F100/><W120/><REACH who="3" step="1"/><G71/><REACH who="3" ten="250,250,250,240" step="2"/><T128/><D47/><U75/><E56/><V63/><F48/><W65/><G65/><T91/><D128/><U29/><E49/><V52/><F52/><W106/><G106/><T92/><D92/><U60/><E75/><V3/><F19/><W72/><G72/><T22/><D22/><U114/><E21/><V41/><F41/><W45/><G45/><T24/><REACH who="0" step="1"/><D31/><REACH who="0" ten="240,250,250,240" step="2"/><U110/><E29/><V15/><F23/><W122/><G122/><T58/><D58/><U125/><E30/><V133/><F20/><W113/><G113/><T42/><D42/><U11/><E114/><V131/><F131/><W5/><G5/><T126/><D126/><U124/><E125/><V102/><F94/><W35/><G35/><T119/><D119/><AGARI ba="0,2" hai="1,2,13,14,25,26,36,37,104,105,117,119,120,123" machi="119" ten="25,8000,1" yaku="1,1,22,2,52,2,53,0" doraHai="32" doraHaiUra="109" who="3" fromWho="0" sc="240,-80,250,0,250,0,240,100" /><INIT seed="1,0,0,2,4,21" ten="160,250,250,340" oya="1" hai0="135,18,28,133,54,4,14,80,121,77,84,97,25" hai1="79,127,89,122,9,56,114,116,95,6,58,86,13" hai2="23,0,39,55,12,132,27,45,17,42,110,78,107" hai3="62,66,34,24,73,112,103,48,101,19,71,91,129"/><U102/><E114/><V44/><F107/><W33/><G73/><T123/><D4/><U124/><E122/><N who="0" m="46601" /><D54/><U31/><E116/><V90/><F0/><W113/><G129/><T43/><D43/><U22/><E79/><V69/><F132/><N who="0" m="50762" /><D97/><U87/><E87/><V7/><F110/><W99/><G99/><T105/><D105/><U38/><E38/><V126/><F55/><W2/><G2/><T85/><D85/><U63/><E102/><V67/><F42/><W57/><G103/><T51/><D51/><U72/><E72/><V59/><F7/><W81/><G48/><T134/><N who="0" m="50770" /><T26/><DORA hai="93" /><D28/><U8/><E63/><V36/><F45/><W128/><G62/><T106/><D106/><U41/><E41/><V82/><F44/><W3/><G112/><T35/><D35/><U61/><E61/><V70/><F39/><W47/><G34/><T111/><D111/><U16/><E31/><V130/><F36/><W52/><G33/><T20/><AGARI ba="0,0" hai="14,18,20,25,26,77,80,84" m="50770,46601" machi="20" ten="50,8000,1" yaku="13,1,20,1,52,2" doraHai="21,93" who="0" fromWho="0" sc="160,80,250,-40,250,-20,340,-20" /><INIT seed="2,0,0,5,0,81" ten="240,210,230,320" oya="2" hai0="41,111,40,68,78,45,58,128,24,134,110,135,38" hai1="20,66,91,90,7,1,69,132,70,63,65,6,129" hai2="88,52,105,10,48,101,37,50,57,43,71,107,3" hai3="80,86,39,18,95,74,42,8,123,120,72,119,15"/><V106/><F71/><W75/><G119/><T64/><D78/><U115/><E115/><V67/><F67/><W19/><G95/><T117/><D24/><U102/><E132/><N who="0" m="50729" /><D128/><U127/><E129/><V89/><F37/><W9/><G42/><N who="0" m="22743" /><D68/><U76/><E102/><V4/><REACH who="2" step="1"/><F101/><REACH who="2" ten="240,210,220,320" step="2"/><W118/><G39/><T32/><D117/><U116/><E116/><V83/><F83/><W47/><G118/><T126/><D126/><U113/><E127/><V31/><F31/><W96/><G80/><T11/><D32/><U33/><E33/><V87/><F87/><W55/><G86/><T53/><D64/><U130/><E66/><V21/><F21/><W103/><G103/><T26/><D11/><U23/><E70/><V100/><F100/><W133/><G8/><T73/><D73/><U14/><E23/><V49/><F49/><W62/><G9/><T61/><D26/><U44/><E20/><V122/><F122/><W84/><G123/><T94/><D94/><U30/><E30/><V13/><F13/><W85/><G15/><T0/><D0/><U104/><E14/><V108/><F108/><AGARI ba="0,1" hai="40,41,53,58,61,108,110,111" m="22743,50729" machi="108" ten="30,7700,0" yaku="14,1,20,1,34,2" doraHai="81" who="0" fromWho="2" sc="240,87,210,0,220,-77,320,0" /><INIT seed="3,0,0,5,4,76" ten="327,210,143,320" oya="3" hai0="111,107,66,120,97,12,48,113,10,30,85,83,103" hai1="70,79,43,72,17,71,51,38,23,88,93,49,89" hai2="82,81,74,91,84,87,105,65,123,99,27,109,130" hai3="25,106,35,135,5,13,0,61,80,127,96,77,132"/><W44/><G0/><T50/><D111/><U69/><E38/><V102/><F65/><W121/><G121/><T29/><D120/><U31/><E31/><V19/><F123/><W118/><G118/><T67/><D113/><U46/><E51/><V64/><F64/><W128/><G127/><T11/><D67/><U110/><E110/><V95/><F109/><W108/><G108/><T28/><D66/><U21/><E93/><V15/><F27/><W62/><G128/><T18/><REACH who="0" step="1"/><D10/><REACH who="0" ten="317,210,143,320" step="2"/><U122/><E122/><V90/><F130/><W134/><G134/><T7/><D7/><U52/><E43/><V58/><F58/><W63/><G135/><T131/><D131/><U98/><E71/><V114/><F114/><W125/><G132/><T37/><D37/><U116/><E70/><V129/><F129/><W1/><G5/><T32/><D32/><U57/><E69/><V59/><F59/><W112/><G35/><T104/><D104/><U78/><E57/><V34/><F34/><W42/><G106/><T3/><D3/><U94/><E116/><V14/><F19/><W20/><G1/><T36/><D36/><U101/><E23/><V124/><F124/><W33/><G125/><T56/><D56/><U16/><E17/><V55/><F55/><W100/><G33/><T2/><D2/><U119/><E119/><V68/><F68/><W60/><G112/><T133/><D133/><U8/><E8/><V45/><F45/><W86/><G63/><T22/><D22/><U41/><E21/><V73/><F105/><N who="3" m="63623" /><G20/><T9/><D9/><U47/><E46/><RYUUKYOKU ba="0,1" sc="317,15,210,-15,143,15,320,-15" hai0="11,12,18,28,29,30,48,50,83,85,97,103,107" hai2="14,15,73,74,81,82,84,87,90,91,95,99,102" /><INIT seed="4,1,1,5,4,57" ten="332,195,158,305" oya="0" hai0="106,103,126,64,80,51,59,77,69,127,117,7,55" hai1="16,109,86,115,87,116,96,79,114,14,67,134,50" hai2="132,81,70,0,3,34,24,27,36,125,82,98,99" hai3="53,49,94,90,19,58,133,76,65,131,13,2,35"/><T10/><D117/><U20/><E109/><V32/><F70/><W48/><G2/><T91/><D91/><U61/><E116/><V31/><F31/><W119/><G119/><T12/><D103/><U105/><E50/><V6/><F6/><W89/><G35/><T63/><REACH who="0" step="1"/><D106/><REACH who="0" ten="322,195,158,305" step="2"/><U22/><E134/><V118/><F118/><W47/><G133/><T102/><D102/><U30/><E105/><V111/><F132/><W41/><G90/><T110/><D110/><U39/><E96/><V45/><F111/><W124/><G89/><T8/><D8/><U135/><E135/><V44/><F125/><W23/><G124/><T93/><D93/><U52/><E79/><V112/><F112/><N who="1" m="43049" /><E39/><AGARI ba="1,2" hai="0,3,24,27,32,34,36,39,44,45,81,82,98,99" machi="39" ten="25,1600,0" yaku="22,2" doraHai="57" who="2" fromWho="1" sc="322,0,195,-19,158,39,305,0" /><INIT seed="5,0,0,1,1,89" ten="322,176,197,305" oya="1" hai0="4,45,79,70,118,56,50,83,75,74,15,99,100" hai1="130,71,35,133,61,39,0,96,30,52,117,29,55" hai2="116,90,114,6,68,62,42,131,108,65,132,103,44" hai3="11,67,5,124,106,73,46,40,18,81,38,48,10"/><U63/><E0/><V119/><F103/><W134/><G106/><T2/><D70/><U113/><E117/><V93/><F108/><W85/><G134/><T82/><D2/><U126/><E39/><V20/><F132/><W129/><G124/><T135/><D135/><U111/><E133/><V104/><F104/><W105/><G105/><T25/><D25/><U64/><E126/><V102/><F102/><W58/><G73/><T47/><D56/><U97/><E113/><V54/><F131/><W33/><G33/><T1/><D1/><U88/><E130/><V26/><F6/><W31/><G31/><N who="1" m="11786" /><E71/><V27/><F54/><N who="1" m="20521" /><E35/><V49/><F114/><W24/><G129/><T91/><D118/><U13/><E111/><V21/><F27/><W101/><G24/><T72/><D15/><U95/><E64/><V60/><F21/><W92/><G67/><T84/><D45/><U3/><E3/><V23/><F23/><W98/><G46/><T41/><D4/><U121/><E121/><V8/><F62/><N who="1" m="23561" /><E13/><V94/><F119/><W77/><G38/><T28/><D28/><U86/><AGARI ba="0,0" hai="86,88,95,96,97" m="23561,20521,11786" machi="86" ten="30,11700,0" yaku="8,1,52,1,54,2" doraHai="89" who="1" fromWho="1" sc="322,-39,176,117,197,-39,305,-39" /><INIT seed="5,1,0,2,1,3" ten="283,293,158,266" oya="1" hai0="118,74,8,131,56,69,16,70,1,113,93,129,116" hai1="33,14,55,83,13,48,109,49,112,107,18,45,6" hai2="133,35,65,19,120,63,58,43,22,46,0,110,21" hai3="135,27,82,122,97,34,84,26,50,101,57,81,15"/><U114/><E33/><V17/><F35/><W7/><G122/><T96/><D74/><U12/><E107/><V95/><F120/><W42/><G135/><T128/><D56/><U47/><E109/><V90/><F110/><W130/><G130/><T66/><D113/><N who="1" m="43627" /><E83/><V78/><F78/><W36/><G36/><T20/><D8/><N who="1" m="4119" /><E18/><V77/><F77/><W54/><G34/><T52/><D1/><U75/><E75/><V132/><F0/><W64/><G82/><T94/><D93/><U103/><E103/><V115/><F115/><W24/><G101/><N who="0" m="60567" /><D66/><U5/><E5/><V99/><F21/><W68/><G7/><T51/><D116/><U71/><E71/><V108/><F108/><W72/><G64/><T11/><D118/><U39/><E39/><V86/><F132/><W119/><G68/><T76/><D76/><U28/><E28/><V67/><F133/><W31/><G31/><T23/><D70/><U98/><E98/><V126/><F67/><W25/><G97/><T32/><D69/><U4/><E4/><V123/><F99/><W127/><G72/><T102/><D102/><U100/><E100/><V125/><F123/><W85/><G81/><T60/><D32/><U53/><AGARI ba="1,0" hai="13,14,45,47,48,49,53,55" m="4119,43627" machi="53" ten="30,3000,0" yaku="15,1,52,1" doraHai="3" who="1" fromWho="1" sc="283,-11,293,33,158,-11,266,-11" /><INIT seed="5,2,0,4,3,63" ten="272,326,147,255" oya="1" hai0="52,17,135,75,8,103,114,59,42,74,95,123,86" hai1="112,102,51,23,38,31,61,60,13,119,126,39,45" hai2="104,43,110,6,77,83,130,105,10,96,122,18,129" hai3="16,124,21,79,106,37,70,85,99,41,133,128,73"/><U88/><E119/><V27/><F122/><W44/><G73/><T115/><D123/><U116/><E116/><V32/><F110/><W120/><G120/><T56/><D42/><U109/><E112/><V9/><F43/><W58/><G70/><T66/><D135/><U127/><E102/><V71/><F71/><W57/><G124/><N who="1" m="47658" /><E61/><V54/><F54/><W49/><G128/><T7/><D17/><N who="1" m="10671" /><E31/><V0/><F10/><W30/><G30/><T121/><D121/><U47/><E47/><V50/><F50/><W22/><G49/><N who="0" m="30735" /><D103/><U69/><E88/><V108/><F108/><W93/><G44/><T2/><D95/><U48/><E109/><V125/><F125/><W113/><G93/><T94/><D94/><U20/><E20/><V26/><F96/><W117/><G99/><T72/><D86/><U82/><E82/><V33/><F129/><W29/><G85/><T92/><D92/><U98/><E98/><V78/><F130/><W67/><G22/><T107/><D107/><U5/><E5/><V34/><F104/><W118/><G21/><T53/><D115/><U132/><E132/><V80/><F105/><W87/><G106/><T101/><D101/><U35/><E35/><V11/><F11/><W4/><G133/><T15/><D114/><U3/><E3/><V62/><F62/><W36/><G113/><T46/><D2/><U91/><E91/><V65/><F80/><W1/><G118/><T14/><D46/><U40/><E38/><V111/><F111/><W84/><G117/><T97/><D97/><U55/><E69/><V131/><F131/><RYUUKYOKU ba="2,0" sc="272,-10,326,30,147,-10,255,-10" hai1="39,40,45,48,51,55,60" /><INIT seed="5,3,0,0,3,123" ten="262,356,137,245" oya="1" hai0="100,95,122,88,25,3,29,116,128,63,23,87,17" hai1="8,76,99,96,6,33,43,131,77,93,45,72,13" hai2="59,48,89,18,37,68,30,5,22,120,19,94,12" hai3="119,74,20,50,0,78,113,15,73,102,2,98,84"/><U57/><E33/><V10/><F68/><W112/><G50/><T71/><D3/><U130/><E57/><V27/><F37/><W127/><G0/><T107/><D128/><N who="1" m="49195" /><E72/><N who="3" m="27754" /><G2/><T55/><D116/><U125/><E125/><V124/><F124/><W14/><G127/><T35/><D122/><U38/><E99/><V104/><F104/><N who="3" m="63575" /><G20/><T40/><D40/><U109/><E109/><V114/><F114/><N who="3" m="44139" /><G119/><T4/><D4/><U36/><E38/><V21/><F120/><W1/><G1/><T11/><D11/><U75/><E75/><V111/><F22/><W117/><G117/><T134/><D71/><U34/><E34/><V97/><F111/><W42/><G42/><T80/><D23/><U47/><E47/><V39/><F39/><W91/><G78/><T62/><D25/><U79/><E76/><V7/><F30/><W67/><G67/><T64/><D64/><U129/><E129/><V53/><AGARI ba="3,0" hai="5,7,10,12,18,19,21,27,48,53,59,89,94,97" machi="53" ten="30,2000,0" yaku="0,1,8,1" doraHai="123" who="2" fromWho="2" sc="262,-8,356,-13,137,29,245,-8" /><INIT seed="6,0,0,2,2,123" ten="254,343,166,237" oya="2" hai0="106,3,132,21,134,129,33,64,109,41,17,39,23" hai1="61,20,13,86,103,52,63,0,19,36,4,105,117" hai2="124,38,95,12,78,115,25,59,6,51,113,98,90" hai3="69,54,71,15,10,122,99,101,73,118,67,34,80"/><V114/><F38/><W130/><G34/><T96/><D109/><U110/><E110/><V87/><F124/><W1/><G122/><T127/><D64/><U66/><E36/><V111/><F111/><W116/><G1/><T135/><D33/><U50/><E105/><V55/><F25/><W27/><G130/><T5/><D129/><U74/><E74/><V30/><F30/><W125/><G125/><T133/><D127/><U56/><E103/><V18/><F6/><W42/><G42/><T58/><D58/><U100/><E100/><V26/><F26/><W28/><G71/><T102/><D135/><U60/><E117/><V7/><F7/><W8/><G8/><N who="0" m="2111" /><D17/><U126/><E126/><V89/><F78/><W40/><G40/><T94/><D106/><U108/><E108/><V121/><F121/><W85/><G73/><T79/><D79/><U104/><E104/><V43/><F43/><W49/><G69/><T92/><D92/><U16/><E0/><V120/><F120/><W72/><G72/><T37/><D37/><U88/><E19/><V82/><REACH who="2" step="1"/><F18/><REACH who="2" ten="254,343,156,237" step="2"/><W65/><G28/><T76/><D76/><U70/><E4/><V68/><F68/><W107/><G27/><T45/><AGARI ba="0,1" hai="21,23,39,41,45,94,96,102,132,133,134" m="2111" machi="45" ten="40,1500,0" yaku="20,1" doraHai="123" who="0" fromWho="0" sc="254,25,343,-4,156,-7,237,-4" /><INIT seed="7,0,0,4,1,123" ten="279,339,149,233" oya="3" hai0="2,69,106,54,8,15,132,6,57,103,4,50,34" hai1="21,49,24,84,91,17,88,125,129,58,1,82,44" hai2="46,22,75,109,135,70,7,23,96,93,94,36,28" hai3="66,20,41,13,128,105,126,74,78,76,5,122,98"/><W104/><G122/><T111/><D34/><U87/><E1/><V71/><F75/><W18/><G128/><T92/><D111/><U130/><E58/><V110/><F96/><W72/><G126/><T83/><D106/><U113/><E125/><V85/><F85/><N who="1" m="32841" /><E82/><V14/><F14/><W43/><G66/><T80/><D69/><U10/><E10/><V100/><F100/><W26/><G13/><N who="0" m="5255" /><D132/><U97/><E97/><V59/><F59/><W40/><G5/><T51/><D51/><U127/><E127/><V124/><F7/><W99/><G99/><N who="0" m="59879" /><D2/><U64/><E64/><V90/><F124/><W11/><G11/><AGARI ba="0,0" hai="6,11,15,50,54,57,80,83" m="59879,5255" machi="11" ten="30,1000,0" yaku="8,1" doraHai="123" who="0" fromWho="3" sc="279,10,339,0,149,0,233,-10" owari="289,9.0,339,44.0,149,-35.0,223,-18.0" /></mjloggm>