<mjloggm ver="2.3"><GO type="41" lobby="0"/><UN n0="%6E%65%73%32%33%33" n1="%E5%B0%B1%E6%B4%BB%E7%94%9F%40%E5%B7%9D%E6%9D%91%E8%BB%8D%E5%9B%A3" n2="%E7%8E%84%E7%B1%B3" n3="%E3%82%88%E3%82%8B%E3%81%8C%E3%81%9F" dan="14,14,15,14" rate="1953.32,1966.59,1996.46,1971.36" sx="M,M,M,M"/><TAIKYOKU oya="0"/><INIT seed="0,0,0,0,3,37" ten="250,250,250,250" oya="0" hai0="16,91,31,79,55,125,90,94,134,24,118,88,51" hai1="11,80,50,33,110,117,0,119,98,27,58,8,127" hai2="102,76,128,5,95,56,23,123,30,96,14,122,47" hai3="20,69,36,38,71,116,65,12,109,84,66,57,15"/><T99/><D118/><U135/><E110/><V67/><F128/><W73/><G109/><T82/><D125/><U111/><E111/><V124/><F124/><W103/><G116/><T132/><D16/><U17/><E127/><V87/><F47/><W41/><G103/><T10/><D10/><U60/><E135/><N who="0" m="51753" /><D24/><U44/><E98/><V18/><F5/><W59/><G84/><N who="0" m="48223" /><D31/><U114/><E114/><V2/><F2/><W70/><G20/><T49/><D51/><U26/><E80/><V22/><F87/><W35/><G73/><T101/><D101/><U115/><E115/><V75/><F76/><W100/><G100/><T48/><D48/><U121/><E121/><V104/><F75/><W62/><G35/><T7/><D7/><U45/><E33/><V25/><REACH who="2" step="1"/><F104/><REACH who="2" ten="250,250,240,250" step="2"/><W4/><G4/><T113/><D113/><U129/><E0/><V86/><F86/><W130/><G130/><T108/><D108/><U97/><E129/><V120/><F120/><W74/><G74/><T1/><D1/><U63/><E117/><V107/><F107/><W131/><G131/><T83/><D83/><U43/><E119/><V61/><AGARI ba="0,1" hai="14,18,22,23,25,30,56,61,67,95,96,102,122,123" machi="61" ten="30,7900,0" yaku="1,1,0,1,25,2,53,0" doraHai="37" doraHaiUra="29" who="2" fromWho="2" sc="250,-39,250,-20,240,89,250,-20" /><INIT seed="1,0,0,4,0,15" ten="211,230,329,230" oya="1" hai0="7,117,23,11,97,85,30,128,77,26,79,70,101" hai1="4,106,34,36,45,53,109,51,1,72,28,42,25" hai2="56,113,31,96,115,108,27,64,48,92,125,6,16" hai3="99,60,14,37,20,39,100,46,29,55,126,124,73"/><U133/><E106/><V58/><F125/><N who="3" m="48235" /><G73/><T120/><D117/><U82/><E133/><V47/><F108/><W118/><G118/><T12/><D70/><U67/><E67/><V104/><F104/><N who="3" m="63519" /><G14/><T110/><D110/><U62/><E109/><V43/><F6/><W69/><G69/><T131/><D120/><U17/><E62/><V2/><F2/><W132/><G132/><T123/><D123/><U84/><E17/><V57/><F64/><W13/><G13/><T114/><D114/><U74/><E4/><V54/><F43/><W8/><G8/><T5/><D5/><U19/><E19/><V127/><F127/><W40/><G60/><T61/><D61/><U122/><E1/><V35/><REACH who="2" step="1"/><F16/><REACH who="2" ten="211,230,319,230" step="2"/><W22/><G55/><T98/><D7/><U41/><E122/><V10/><F10/><W38/><G29/><T94/><D11/><U91/><REACH who="1" step="1"/><E42/><REACH who="1" ten="211,220,319,230" step="2"/><V130/><F130/><W65/><G65/><T119/><D131/><U49/><E49/><AGARI ba="0,2" hai="20,22,37,38,39,40,46,49" m="63519,48235" machi="49" ten="40,1300,0" yaku="18,1" doraHai="15" who="3" fromWho="1" sc="211,0,220,-13,319,0,230,33" /><INIT seed="2,0,0,3,3,11" ten="211,207,319,263" oya="2" hai0="2,62,116,70,48,15,108,85,89,12,129,22,30" hai1="53,46,52,118,61,115,122,84,124,27,96,63,6" hai2="19,127,114,83,132,60,10,1,8,55,126,33,93" hai3="26,77,66,37,25,44,13,128,3,123,64,41,78"/><V40/><F114/><W23/><G123/><T133/><D2/><U74/><E74/><V90/><F132/><W20/><G128/><T57/><D129/><U76/><E115/><V98/><F33/><W131/><G3/><T103/><D133/><U0/><E122/><V91/><F40/><W80/><G13/><N who="0" m="5195" /><D70/><U5/><E118/><V58/><F1/><W86/><G131/><T72/><D72/><U45/><E0/><V88/><F83/><W9/><G78/><T101/><D116/><U73/><E73/><V51/><F51/><W119/><G9/><N who="2" m="3689" /><F19/><W34/><G34/><T69/><D69/><U92/><E27/><V106/><F106/><W97/><G97/><T17/><D108/><U36/><E36/><V29/><F29/><W42/><G119/><T102/><D48/><U117/><E117/><V38/><F38/><W39/><G37/><T112/><D112/><U7/><E124/><AGARI ba="0,0" hai="55,58,60,88,90,91,93,98,124,126,127" m="3689" machi="124" ten="30,2900,0" yaku="18,1,54,1" doraHai="11" who="2" fromWho="1" sc="211,0,207,-29,319,29,263,0" /><INIT seed="2,1,0,1,4,4" ten="211,178,348,263" oya="2" hai0="112,82,97,84,106,52,128,121,8,26,39,67,45" hai1="69,105,126,32,102,1,88,29,66,90,132,122,93" hai2="64,130,76,47,74,94,14,70,100,46,113,61,38" hai3="95,16,129,73,55,3,10,131,41,104,123,77,6"/><V118/><F118/><W120/><G104/><T68/><D121/><U116/><E116/><V34/><F34/><W92/><G41/><T30/><D112/><U28/><E122/><N who="3" m="46634" /><G73/><T42/><D128/><N who="3" m="49225" /><G77/><T58/><D67/><U21/><E105/><V31/><F130/><W83/><G55/><T43/><D68/><U19/><E32/><V59/><F113/><W96/><G83/><T71/><D71/><U134/><E1/><V115/><F115/><W85/><G85/><T54/><D43/><U49/><E49/><V2/><F2/><W101/><G95/><T87/><D84/><U62/><E102/><V12/><F70/><W13/><G3/><T110/><D54/><U15/><E90/><V22/><F74/><W60/><G60/><T133/><D106/><U37/><E37/><V86/><F76/><W117/><G117/><T111/><D97/><U0/><E0/><V119/><F119/><W5/><AGARI ba="1,0" hai="5,6,10,13,16,92,96,101" m="49225,46634" machi="5" ten="40,5200,0" yaku="19,1,52,1,54,1" doraHai="4" who="3" fromWho="3" sc="211,-14,178,-14,348,-27,263,55" /><INIT seed="3,0,0,3,3,102" ten="197,164,321,318" oya="3" hai0="86,81,135,20,75,120,51,9,98,74,53,68,77" hai1="49,32,82,33,113,107,117,114,104,95,112,42,101" hai2="93,30,26,88,65,111,48,18,71,105,44,100,90" hai3="64,25,67,1,89,134,126,11,10,124,52,8,109"/><W116/><G116/><T21/><D120/><U87/><E117/><V127/><F111/><W85/><G109/><T119/><D119/><U45/><E95/><V62/><F127/><N who="3" m="48683" /><G1/><T132/><D68/><U130/><E130/><V69/><F18/><W4/><G25/><T39/><D9/><N who="3" m="3689" /><G4/><T83/><D39/><U50/><E50/><V125/><F125/><W122/><G122/><T54/><D98/><U66/><E66/><V29/><F71/><W17/><G134/><N who="0" m="51243" /><D74/><U43/><E43/><V133/><F133/><W97/><G97/><T24/><D51/><U12/><E12/><V14/><F14/><N who="3" m="7391" /><G52/><N who="0" m="20075" /><D24/><U103/><E103/><V99/><F93/><AGARI ba="0,0" hai="64,67,85,89,93" m="7391,3689,48683" machi="93" ten="30,1500,0" yaku="18,1" doraHai="102" who="3" fromWho="2" sc="197,0,164,0,321,-15,318,15" /><INIT seed="3,1,0,3,3,117" ten="197,164,306,333" oya="3" hai0="28,37,91,83,109,61,6,16,125,40,19,97,122" hai1="112,14,56,62,119,123,53,98,17,88,133,2,50" hai2="46,7,107,66,31,22,34,67,68,111,43,81,120" hai3="74,79,30,132,11,126,8,72,75,18,102,10,52"/><W116/><G116/><T110/><D28/><U42/><E2/><V106/><F22/><W80/><G126/><T94/><D125/><U47/><E119/><V24/><F67/><W49/><G132/><T58/><D6/><U92/><E112/><V70/><F7/><W76/><G102/><T131/><D131/><U20/><REACH who="1" step="1"/><E133/><REACH who="1" ten="197,154,306,333" step="2"/><V93/><F111/><W100/><G30/><T135/><D135/><U99/><E99/><V130/><F31/><W33/><G33/><T3/><D3/><U115/><E115/><V96/><F34/><W134/><G134/><T15/><D97/><U114/><E114/><V87/><F96/><W38/><G100/><T57/><D110/><U85/><E85/><V65/><F87/><W59/><G38/><T45/><D109/><U101/><E101/><V55/><F130/><W84/><REACH who="3" step="1"/><G79/><REACH who="3" ten="197,154,306,323" step="2"/><T41/><D37/><U108/><E108/><V128/><F128/><W1/><G1/><T36/><D36/><U63/><E63/><V35/><F35/><W86/><G86/><T69/><D61/><U127/><E127/><V5/><F106/><W60/><G60/><T4/><D94/><U13/><E13/><AGARI ba="1,2" hai="8,10,11,13,18,49,52,59,72,74,75,76,80,84" machi="13" ten="40,7700,0" yaku="1,1,54,1,53,1" doraHai="117" doraHaiUra="73" who="3" fromWho="1" sc="197,0,154,-80,306,0,323,100" /><INIT seed="3,2,0,5,0,12" ten="197,74,306,423" oya="3" hai0="68,48,122,78,14,134,109,84,77,135,46,100,50" hai1="18,92,67,2,133,80,26,5,64,104,98,58,93" hai2="94,79,111,36,127,82,10,23,106,86,55,114,35" hai3="56,91,97,22,95,132,59,90,70,102,125,47,21"/><W0/><G70/><T15/><D68/><U3/><E133/><V99/><F114/><W27/><G0/><T119/><D100/><U96/><E104/><V28/><F35/><W9/><G132/><T83/><D122/><U51/><E80/><V38/><F106/><W34/><G125/><T37/><D37/><U107/><E107/><V115/><F115/><W57/><G47/><T7/><D83/><U120/><E120/><V52/><F127/><W61/><G9/><T105/><D105/><U32/><E5/><V54/><F111/><W42/><G42/><T1/><D7/><U24/><E32/><V131/><F131/><W121/><G121/><T31/><D31/><U73/><E73/><V20/><F10/><W8/><G8/><T30/><D30/><U81/><E81/><V117/><F117/><W124/><G124/><T6/><D6/><U123/><E123/><V110/><F110/><W29/><G22/><T33/><D33/><U128/><E128/><V74/><F74/><W19/><REACH who="3" step="1"/><G61/><REACH who="3" ten="197,74,306,413" step="2"/><T126/><D126/><U4/><E4/><V88/><REACH who="2" step="1"/><F20/><REACH who="2" ten="197,74,296,413" step="2"/><W39/><G39/><T17/><D135/><U66/><E3/><V72/><F72/><W75/><G75/><T60/><D1/><U63/><E2/><V53/><N who="2" m="13824" /><DORA hai="116" /><V85/><F85/><W112/><G112/><T41/><D84/><U45/><E98/><V103/><F103/><W130/><G130/><T69/><D134/><U16/><E96/><V62/><F62/><W43/><G43/><T71/><D60/><U129/><E129/><V101/><F101/><W49/><G49/><RYUUKYOKU ba="2,2" sc="197,-15,74,-15,296,15,413,15" hai2="23,28,36,38,79,82,86,88,94,99" hai3="19,21,27,29,34,56,57,59,90,91,95,97,102" /><BYE who="0" /><UN n0="%6E%65%73%32%33%33" /><INIT seed="3,3,2,1,2,37" ten="182,59,311,428" oya="3" hai0="106,135,18,66,80,5,24,126,75,89,84,15,17" hai1="98,81,19,72,39,111,68,10,102,47,41,107,38" hai2="103,131,26,9,27,101,82,43,70,59,55,94,51" hai3="12,49,85,11,36,2,40,4,65,117,13,95,78"/><W125/><G117/><T100/><D75/><U92/><E111/><V129/><F70/><W109/><G125/><T7/><D126/><U53/><E68/><V52/><F82/><W62/><G109/><T45/><D66/><U99/><E39/><V96/><F103/><W33/><G33/><T76/><D76/><U79/><E53/><V119/><F119/><W57/><G36/><T60/><D60/><U77/><E77/><V73/><F73/><W110/><G110/><T50/><D135/><U30/><E30/><V64/><F64/><W44/><REACH who="3" step="1"/><G95/><REACH who="3" ten="182,59,311,418" step="2"/><T83/><D106/><U122/><E122/><V61/><F94/><W105/><G105/><T124/><D124/><U74/><E74/><V3/><F131/><W71/><G71/><T130/><D130/><U67/><E67/><V6/><F129/><W22/><G22/><T32/><D32/><U86/><E72/><V88/><F9/><W35/><G35/><T25/><D83/><AGARI ba="3,3" hai="2,4,11,12,13,40,44,49,57,62,65,78,83,85" machi="83" ten="40,3900,0" yaku="1,1,52,1,53,0" doraHai="37" doraHaiUra="114" who="3" fromWho="0" sc="182,-48,59,0,311,0,418,78" /><INIT seed="3,4,0,4,4,13" ten="134,59,311,496" oya="3" hai0="79,39,91,27,42,33,68,24,124,19,7,82,51" hai1="100,105,44,103,76,106,45,125,48,43,37,116,29" hai2="30,102,16,25,40,14,23,55,38,21,80,18,90" hai3="135,31,122,5,11,77,71,12,47,99,86,72,132"/><W54/><G71/><T97/><D68/><U32/><E116/><V36/><F102/><W22/><G72/><T0/><D39/><U109/><E125/><V26/><F55/><W101/><G122/><T83/><D33/><U57/><E109/><V84/><REACH who="2" step="1"/><F40/><REACH who="2" ten="134,59,301,496" step="2"/><W4/><G54/><T115/><D42/><U126/><E126/><V52/><F52/><W1/><G47/><T129/><D124/><U17/><E43/><V6/><F6/><W128/><G4/><T59/><D7/><U10/><E100/><V8/><AGARI ba="4,1" hai="8,14,16,18,21,23,25,26,30,36,38,80,84,90" machi="8" ten="20,16000,3" yaku="1,1,0,1,7,1,52,2,54,1,53,2" doraHai="13" doraHaiUra="70" who="2" fromWho="2" sc="134,-44,59,-44,301,182,496,-84" /><INIT seed="4,0,0,4,5,20" ten="90,15,483,412" oya="0" hai0="49,67,129,76,99,103,133,81,124,33,56,66,104" hai1="115,69,118,82,59,34,80,16,27,4,72,131,110" hai2="29,126,38,98,91,93,21,32,9,123,77,6,23" hai3="52,78,11,73,109,51,120,79,83,70,92,102,88"/><T95/><D33/><U39/><E69/><V22/><F123/><W75/><G120/><T90/><D124/><U48/><E110/><V31/><F126/><W10/><G70/><T53/><D133/><U107/><E118/><V3/><F38/><W84/><G102/><T24/><D129/><U89/><E39/><V30/><REACH who="2" step="1"/><F77/><REACH who="2" ten="90,15,473,412" step="2"/><N who="3" m="29195" /><G109/><T68/><D76/><U87/><E131/><V86/><F86/><N who="3" m="52247" /><G75/><T113/><D113/><U17/><E72/><V28/><F28/><W55/><G73/><T25/><D104/><U62/><E115/><V54/><F54/><N who="3" m="20523" /><G51/><T108/><D108/><U36/><E48/><V8/><F8/><W132/><G132/><T50/><D50/><U96/><E36/><V85/><F85/><W5/><G5/><T119/><D49/><U37/><E37/><V47/><F47/><W26/><G26/><AGARI ba="0,1" hai="3,6,9,21,22,23,26,29,30,31,32,91,93,98" machi="26" ten="40,2600,0" yaku="1,1,52,1,53,0" doraHai="20" doraHaiUra="128" who="2" fromWho="3" sc="90,0,15,0,473,36,412,-26" /><INIT seed="5,0,0,2,3,29" ten="90,15,509,386" oya="1" hai0="25,37,34,90,131,92,31,132,109,79,103,4,113" hai1="54,53,107,104,91,121,129,128,28,44,16,38,98" hai2="114,36,12,51,75,65,19,43,27,5,3,6,135" hai3="63,118,120,13,10,33,35,93,73,45,7,46,127"/><U2/><E121/><V106/><F36/><W21/><G73/><T123/><D109/><U76/><E2/><V99/><F75/><W22/><G120/><T49/><D37/><U67/><E76/><V94/><F106/><N who="1" m="40489" /><E28/><V77/><F77/><W84/><G118/><T89/><D123/><U55/><E67/><V30/><F135/><W134/><G134/><T1/><D132/><U86/><E98/><V78/><F78/><W52/><G127/><T69/><D79/><U110/><E110/><V88/><F3/><W66/><G93/><T85/><D103/><U111/><E111/><V50/><F65/><W82/><G46/><T70/><D90/><U24/><E38/><V125/><F125/><W9/><G84/><T72/><D72/><U42/><E42/><V20/><F43/><W60/><G82/><T39/><D39/><U126/><E126/><V101/><F101/><W17/><G63/><T97/><D97/><U116/><E44/><V115/><F51/><W14/><G52/><N who="1" m="13314" /><U105/><N who="1" m="40497" /><DORA hai="81" /><U47/><DORA hai="41" /><E47/><V56/><F99/><W74/><G45/><T87/><D49/><U68/><E68/><V59/><F50/><W8/><G74/><T124/><D124/><U18/><E116/><V95/><F30/><W108/><G108/><T62/><D70/><U61/><E61/><V122/><F122/><W119/><G119/><T102/><D62/><U40/><E40/><V64/><F64/><W130/><G66/><T80/><D69/><U11/><E11/><N who="3" m="4170" /><G60/><T117/><D117/><U83/><E24/><V57/><F27/><N who="3" m="14767" /><G130/><AGARI ba="0,0" hai="16,18,83,86,91,128,129,130" m="13314,40497" machi="130" ten="50,12000,1" yaku="19,1,52,1,54,2" doraHai="29,81,41" who="1" fromWho="3" sc="90,0,15,120,509,0,386,-120" /><INIT seed="5,1,0,5,0,123" ten="90,135,509,266" oya="1" hai0="116,93,109,49,79,78,69,22,26,31,132,124,42" hai1="112,45,118,19,34,17,77,81,85,7,65,16,67" hai2="71,88,59,105,15,2,86,21,47,53,52,74,10" hai3="114,128,44,6,115,91,27,92,9,127,72,102,95"/><U73/><E118/><V103/><F74/><W57/><G72/><T97/><D116/><U50/><E112/><N who="3" m="43050" /><G128/><T8/><D69/><U20/><E34/><V4/><F71/><W125/><G102/><T51/><D124/><N who="3" m="47689" /><G57/><T113/><D113/><U11/><E73/><V104/><F47/><W35/><G44/><T23/><D132/><U66/><E20/><V39/><F39/><W58/><G58/><T14/><D23/><U37/><E37/><V129/><F129/><W18/><G91/><T111/><D78/><U0/><REACH who="1" step="1"/><E19/><REACH who="1" ten="90,125,509,266" step="2"/><V117/><F117/><W61/><G18/><T121/><D121/><U43/><AGARI ba="1,1" hai="0,7,11,16,17,43,45,50,65,66,67,77,81,85" machi="43" ten="30,12000,1" yaku="1,1,2,1,0,1,54,1,53,1" doraHai="123" doraHaiUra="38" who="1" fromWho="1" sc="90,-41,125,133,509,-41,266,-41" /><INIT seed="5,2,0,5,2,56" ten="49,258,468,225" oya="1" hai0="38,105,18,35,9,68,2,16,62,49,48,97,77" hai1="99,73,121,44,110,92,94,75,91,135,120,12,32" hai2="53,24,50,14,21,132,86,20,25,119,88,122,69" hai3="76,90,45,125,13,64,65,103,85,74,84,41,15"/><U130/><E32/><V117/><F122/><N who="1" m="47209" /><E44/><V7/><F69/><W118/><G125/><T43/><D35/><U124/><E12/><V87/><F132/><W109/><G118/><T10/><D38/><U29/><E29/><V63/><F63/><W112/><G109/><T98/><D77/><U4/><E4/><V59/><F119/><W30/><G74/><N who="1" m="28170" /><E110/><V104/><F117/><W37/><G112/><T31/><D31/><U81/><E124/><V60/><F50/><N who="3" m="26927" /><G103/><T116/><D116/><U66/><E66/><N who="3" m="25706" /><G37/><T33/><D68/><U5/><E5/><V113/><F20/><W46/><G46/><T96/><D33/><U89/><E89/><V102/><F24/><W100/><G100/><T93/><D43/><U128/><E135/><V51/><F7/><W11/><G30/><T39/><D39/><U0/><E0/><V27/><F14/><W8/><G90/><T52/><D49/><U57/><E57/><V34/><F59/><W70/><G70/><T95/><D48/><U54/><E54/><V58/><F51/><W82/><G85/><T107/><D18/><U83/><E94/><N who="0" m="35849" /><D2/><U3/><E3/><V133/><F34/><W1/><G1/><T114/><D16/><U26/><E26/><V123/><F133/><W108/><G108/><T126/><D126/><U47/><E47/><V127/><F127/><W101/><G101/><T131/><D52/><U61/><E61/><V42/><F60/><W80/><G82/><AGARI ba="2,0" hai="81,82,83,91,92,99,128,130" m="28170,47209" machi="82" ten="40,3900,0" yaku="34,2" doraHai="56" who="1" fromWho="3" sc="49,0,258,45,468,0,225,-45" /><INIT seed="5,3,0,1,2,63" ten="49,303,468,180" oya="1" hai0="135,127,20,129,118,117,120,74,14,38,80,11,131" hai1="28,88,65,48,53,113,109,21,66,42,43,71,54" hai2="93,12,17,8,96,19,36,51,45,86,114,47,94" hai3="69,16,0,108,115,64,29,124,44,122,3,106,15"/><U24/><E109/><V33/><F33/><W30/><G106/><T31/><D80/><U126/><E113/><V50/><F36/><W61/><G122/><T134/><D74/><U52/><E126/><V46/><F114/><W87/><G115/><T22/><D38/><U103/><E103/><V79/><F17/><W7/><G124/><T95/><D95/><N who="2" m="36362" /><F96/><W130/><G108/><T72/><D72/><U110/><E110/><V41/><F41/><N who="1" m="15369" /><E71/><V92/><F92/><W107/><G107/><T85/><D85/><U104/><E104/><V18/><F18/><W1/><G7/><N who="0" m="3455" /><D127/><U81/><E48/><V91/><F91/><W23/><G44/><T40/><D40/><U67/><E81/><AGARI ba="3,0" hai="8,12,19,45,46,47,50,51,79,81,86" m="36362" machi="81" ten="30,1000,0" yaku="8,1" doraHai="63" who="2" fromWho="1" sc="49,0,303,-19,468,19,180,0" /><INIT seed="6,0,0,1,4,49" ten="49,284,487,180" oya="2" hai0="75,29,22,79,1,2,12,48,86,118,43,129,134" hai1="100,44,88,87,61,120,15,59,14,53,38,110,23" hai2="62,97,122,85,132,0,7,18,71,17,16,60,34" hai3="21,13,35,106,102,32,107,116,4,66,112,123,46"/><V108/><F122/><W93/><G116/><T30/><D75/><U98/><E110/><V128/><F34/><W84/><G123/><T39/><D39/><U109/><E120/><V45/><F108/><W131/><G131/><T20/><D43/><U5/><E109/><V77/><F128/><W69/><G46/><T64/><D64/><U127/><E127/><V113/><F113/><W3/><G112/><T80/><D48/><U105/><E5/><V41/><F132/><W25/><G84/><T90/><D79/><U9/><E9/><V126/><F126/><W28/><G93/><T31/><D80/><U115/><E115/><V121/><F121/><W70/><G102/><T99/><D99/><U33/><E33/><N who="3" m="12874" /><G66/><T82/><D129/><U55/><E23/><V50/><F97/><W19/><G4/><T8/><D118/><U135/><E135/><V57/><F71/><N who="3" m="27147" /><G3/><T54/><D134/><U83/><E38/><V94/><F57/><W92/><G92/><T130/><D1/><U27/><E27/><V6/><F0/><W65/><G65/><T76/><D2/><U51/><AGARI ba="0,0" hai="14,15,44,51,53,55,59,61,83,87,88,98,100,105" machi="51" ten="30,7900,0" yaku="0,1,52,2,54,1" doraHai="49" who="1" fromWho="1" sc="49,-20,284,79,487,-39,180,-20" /><INIT seed="7,0,0,4,4,93" ten="29,363,448,160" oya="3" hai0="55,73,131,22,84,129,128,109,102,97,10,6,116" hai1="99,121,103,62,71,14,32,53,92,118,114,127,101" hai2="74,87,9,0,66,5,40,125,45,78,16,4,1" hai3="76,51,34,37,17,83,30,86,72,88,49,15,85"/><W50/><G37/><T60/><D73/><U117/><E32/><V68/><F87/><W90/><G30/><T124/><D109/><U63/><E121/><V25/><F125/><W61/><G34/><T43/><D116/><N who="1" m="44651" /><E127/><V67/><F68/><W104/><G104/><T11/><D124/><U133/><E133/><V39/><F25/><W81/><G72/><T132/><D132/><U79/><E79/><V48/><F16/><W89/><REACH who="3" step="1"/><G61/><REACH who="3" ten="29,363,448,150" step="2"/><T100/><D60/><U23/><E63/><V69/><F39/><W12/><G12/><T3/><D3/><U13/><E13/><V134/><F134/><W95/><G95/><T28/><D28/><U36/><E92/><V91/><F74/><W2/><G2/><T58/><D6/><U110/><E14/><V70/><F4/><W19/><G19/><T27/><D131/><U21/><E62/><V105/><F0/><W119/><G119/><T80/><D129/><U52/><E36/><V38/><F38/><W8/><AGARI ba="0,1" hai="8,15,17,49,50,51,76,81,83,85,86,88,89,90" machi="8" ten="30,11700,0" yaku="1,1,0,1,8,1,54,1,53,0" doraHai="93" doraHaiUra="115" who="3" fromWho="3" sc="29,-39,363,-39,448,-39,150,127" owari="-10,-51.0,324,12.0,409,51.0,277,-12.0" /></mjloggm>