<mjloggm ver="2.3"><GO type="97" lobby="0"/><UN n0="%31%33%36%30" n1="%E4%B8%8D%E6%A9%9F%E5%AB%8C%E4%B8%AD%E9%A3%9B%E8%BB%8A" n2="%E5%B0%B1%E6%B4%BB%E7%94%9F%40%E5%B7%9D%E6%9D%91%E8%BB%8D%E5%9B%A3" n3="%E3%81%82%E3%81%97%E3%82%85%E3%81%8B" dan="15,14,14,14" rate="2021.10,1986.30,1998.27,1915.89" sx="M,M,M,M"/><TAIKYOKU oya="0"/><INIT seed="0,0,0,1,1,15" ten="250,250,250,250" oya="0" hai0="34,127,86,14,91,57,20,116,95,36,123,39,40" hai1="73,89,49,62,108,94,31,84,134,28,85,128,7" hai2="70,3,88,30,18,52,69,109,122,12,58,29,60" hai3="92,16,135,63,44,65,48,99,59,90,71,98,124"/><T67/><D116/><U2/><E108/><V83/><F3/><W26/><G135/><T66/><D123/><U22/><E134/><V11/><F122/><W55/><G124/><T5/><D34/><U9/><E128/><V112/><F112/><W79/><G79/><T80/><D127/><U126/><E126/><V132/><F132/><W54/><G54/><T17/><D36/><U97/><E73/><V77/><F109/><W120/><G120/><T32/><D32/><U74/><E74/><V96/><F70/><W4/><G4/><T6/><D40/><U103/><E62/><V8/><F8/><W101/><G101/><T113/><D39/><U38/><E38/><V45/><F69/><W114/><G114/><T53/><D80/><U102/><E84/><N who="2" m="48239" /><F45/><W130/><G130/><T104/><D104/><U50/><E103/><V24/><F24/><W125/><G125/><T13/><D113/><U75/><E75/><V107/><F107/><W33/><G71/><T110/><D110/><U78/><E78/><V1/><F1/><W56/><G56/><T68/><D68/><U81/><E31/><V121/><F121/><W21/><G33/><T64/><D13/><U119/><E119/><V47/><F47/><W106/><G106/><T0/><REACH who="0" step="1"/><D0/><REACH who="0" ten="240,250,250,250" step="2"/><U87/><E2/><V76/><F76/><W131/><REACH who="3" step="1"/><G131/><REACH who="3" ten="240,250,250,240" step="2"/><T35/><D35/><U25/><E81/><V105/><F105/><W100/><G100/><T129/><D129/><U37/><E102/><V72/><F72/><W93/><G93/><AGARI ba="0,2" hai="11,12,18,29,30,52,58,60,88,93,96" m="48239" machi="93" ten="30,7700,0" yaku="8,1,52,1,54,2" doraHai="15" who="2" fromWho="3" sc="240,0,250,0,250,97,240,-77" /><INIT seed="1,0,0,5,2,113" ten="240,250,347,163" oya="1" hai0="23,135,82,67,108,47,102,69,46,128,13,111,5" hai1="116,107,123,91,14,21,38,78,134,15,75,16,7" hai2="110,44,45,122,83,87,121,43,72,3,89,27,112" hai3="80,22,24,39,114,34,90,126,8,25,26,33,41"/><U19/><E123/><V76/><F3/><W49/><G39/><T115/><D115/><U105/><E134/><V127/><F112/><W40/><G114/><T132/><D102/><U125/><E38/><V93/><F127/><W10/><G126/><T99/><D99/><U28/><E125/><V54/><F110/><N who="0" m="42026" /><D82/><U48/><E7/><V101/><F101/><W4/><G49/><T97/><D97/><U98/><E28/><V84/><F72/><W50/><G50/><T1/><D1/><U92/><E116/><V35/><F35/><N who="3" m="13323" /><G90/><T66/><D128/><U95/><E92/><V60/><F27/><W64/><G80/><T109/><N who="0" m="42034" /><T118/><DORA hai="100" /><D118/><U6/><E6/><V32/><F32/><W130/><G64/><N who="0" m="24619" /><D69/><U62/><E62/><V120/><F43/><N who="3" m="16459" /><G22/><T86/><D86/><U17/><E78/><V70/><F70/><W36/><G36/><T77/><D77/><U68/><E75/><V65/><F65/><W0/><G0/><T74/><D74/><U57/><E68/><V131/><F131/><W30/><G130/><T81/><D81/><U53/><E17/><V104/><F104/><W133/><G30/><T88/><D88/><U117/><E117/><V124/><F124/><W59/><G59/><T85/><D85/><U63/><E63/><V9/><F60/><W20/><G20/><AGARI ba="0,0" hai="14,15,16,19,20,21,48,53,57,91,95,98,105,107" machi="20" ten="30,12000,1" yaku="7,1,9,1,52,2,54,1" doraHai="113,100" who="1" fromWho="3" sc="240,0,250,120,347,0,163,-120" /><INIT seed="1,1,0,5,3,55" ten="240,370,347,43" oya="1" hai0="68,96,86,46,79,71,73,53,72,105,1,106,117" hai1="92,64,33,133,122,102,126,25,111,23,35,43,13" hai2="88,130,124,84,74,14,8,26,103,118,135,66,27" hai3="128,89,121,120,20,7,70,50,38,75,2,58,4"/><U59/><E122/><V108/><F74/><W48/><G70/><T56/><D1/><U10/><E111/><V65/><F118/><W12/><G38/><T114/><D114/><U34/><E133/><V39/><F39/><W40/><G75/><T21/><D117/><U19/><E126/><V67/><F124/><W77/><G2/><T93/><D46/><U22/><E43/><V76/><F108/><W80/><G128/><T29/><D21/><U31/><E102/><V110/><F110/><W81/><G121/><T45/><D45/><U116/><E116/><V24/><F130/><W99/><G120/><T100/><D29/><U5/><E92/><V98/><F135/><W87/><G99/><T113/><D106/><U42/><E42/><V6/><F76/><W49/><G58/><T63/><D113/><U16/><E59/><V15/><F98/><W57/><G57/><T95/><D93/><U131/><E64/><V62/><F103/><W41/><G7/><T85/><D86/><U78/><E78/><V91/><F91/><W90/><G90/><N who="0" m="53711" /><D73/><U3/><E131/><V94/><REACH who="2" step="1"/><F15/><AGARI ba="1,0" hai="3,5,10,13,15,16,19,22,23,25,31,33,34,35" machi="15" ten="30,36000,4" yaku="7,1,9,1,24,2,35,6,54,1" doraHai="55" who="1" fromWho="2" sc="240,0,370,363,347,-363,43,0" owari="240,4.0,733,84.0,-16,-52.0,43,-36.0" /></mjloggm>