<mjloggm ver="2.3"><GO type="169" lobby="0"/><UN n0="%38%39%25" n1="%E3%82%A2%E3%82%B9%E3%82%BF%E3%83%8A" n2="%E3%82%A6%E3%83%AB%E3%83%88%E3%83%A9%E7%AB%8B%E7%9B%B4" n3="%E9%AC%BC%E5%8F%A3%E3%81%BE%E3%81%93%E3%81%A8" dan="16,17,18,16" rate="2079.31,2171.85,2227.84,2123.36" sx="M,M,M,M"/><TAIKYOKU oya="0"/><INIT seed="0,0,0,4,0,64" ten="250,250,250,250" oya="0" hai0="133,9,96,65,125,54,93,66,29,92,35,121,123" hai1="111,78,122,85,88,60,61,73,104,71,69,127,80" hai2="68,63,5,103,52,38,83,89,6,48,13,79,87" hai3="50,109,97,23,76,107,90,28,43,115,77,81,8"/><T67/><D9/><U24/><E122/><V47/><F103/><W3/><G115/><T19/><D133/><U14/><E104/><V11/><F38/><W44/><G109/><T16/><D125/><U36/><E36/><V117/><F117/><W15/><G3/><T116/><D54/><U42/><E42/><V1/><F1/><W101/><G23/><T12/><D116/><U74/><E111/><V20/><F20/><W32/><G32/><T126/><D126/><U112/><E127/><V30/><F30/><W128/><G28/><T99/><D66/><U135/><E135/><V84/><F68/><W110/><G110/><T2/><D29/><U75/><E112/><V46/><F63/><W56/><G128/><T37/><D2/><U17/><E24/><V91/><F79/><W105/><G56/><T57/><D57/><U25/><E25/><V27/><F27/><W18/><G105/><T98/><D98/><U119/><E119/><V114/><F114/><W41/><G41/><T134/><D37/><U55/><E78/><V70/><F70/><W58/><G58/><T130/><D134/><U49/><E61/><V4/><REACH who="2" step="1"/><F47/><REACH who="2" ten="250,250,240,250" step="2"/><W124/><G124/><T132/><D132/><U39/><E60/><V7/><F7/><W106/><G106/><T33/><D12/><U72/><E39/><V108/><F108/><W21/><G21/><T34/><REACH who="0" step="1"/><D33/><REACH who="0" ten="240,250,240,250" step="2"/><U94/><E14/><V31/><F31/><W0/><G0/><T59/><D59/><N who="1" m="33263" /><E17/><V51/><F51/><W62/><G62/><T10/><D10/><U118/><E118/><V53/><F53/><RYUUKYOKU ba="0,2" sc="240,0,250,0,240,0,250,0" hai0="16,19,34,35,65,67,92,93,96,99,121,123,130" hai1="69,71,72,73,74,75,80,85,88,94" hai2="4,5,6,11,13,46,48,52,83,84,87,89,91" hai3="8,15,18,43,44,50,76,77,81,90,97,101,107" /><INIT seed="0,1,2,1,2,38" ten="240,250,240,250" oya="0" hai0="98,11,29,119,40,58,10,124,45,19,63,59,17" hai1="48,57,20,116,94,30,62,68,101,104,102,3,108" hai2="105,118,28,85,1,61,92,60,115,95,12,66,0" hai3="5,126,16,6,7,65,34,86,72,84,2,110,14"/><T33/><D119/><U135/><E116/><V32/><F118/><W49/><G72/><T93/><D124/><U67/><E3/><V15/><F105/><W37/><G37/><T81/><D33/><U9/><E104/><V131/><F32/><W24/><G126/><T106/><D29/><U44/><E108/><V120/><F28/><W112/><G112/><T41/><D81/><U73/><E73/><V8/><F115/><W51/><G65/><T129/><D45/><U132/><E68/><V50/><F50/><N who="3" m="18955" /><G2/><T42/><D129/><U74/><E74/><V82/><F131/><W77/><G34/><T111/><D106/><U69/><E69/><V109/><F109/><W56/><G110/><T103/><D111/><U87/><E9/><N who="0" m="3081" /><D59/><U76/><E132/><V64/><F8/><N who="3" m="6215" /><G24/><T47/><D47/><U130/><E135/><V114/><F114/><W91/><G77/><T27/><D27/><N who="1" m="16743" /><E130/><V22/><F120/><W35/><G35/><T107/><D107/><U100/><E76/><V39/><F39/><W89/><G56/><T21/><D21/><U53/><E87/><AGARI ba="1,2" hai="5,6,7,84,86,87,89,91" m="6215,18955" machi="87" ten="30,2000,0" yaku="8,1,54,1" doraHai="38" who="3" fromWho="1" sc="240,0,250,-23,240,0,250,43" /><INIT seed="1,0,0,0,4,63" ten="240,227,240,293" oya="1" hai0="126,73,24,33,120,19,7,15,27,113,0,71,91" hai1="84,3,122,31,93,58,100,44,116,21,49,92,133" hai2="95,35,39,51,108,43,119,117,118,112,38,109,86" hai3="90,79,25,59,28,67,37,129,54,22,101,17,104"/><U8/><E122/><V111/><F35/><W16/><G37/><N who="2" m="13833" /><F86/><W81/><G129/><T47/><D73/><U64/><E116/><V132/><F95/><W114/><G114/><T80/><D113/><U14/><E3/><V12/><F12/><W135/><G135/><T102/><D120/><U55/><E133/><V121/><F132/><W50/><G90/><T130/><D102/><U18/><E100/><V97/><F97/><W53/><G67/><T103/><D33/><U20/><E31/><V66/><F121/><W74/><G101/><T107/><D107/><U52/><E84/><V124/><F112/><W60/><REACH who="3" step="1"/><G104/><REACH who="3" ten="240,227,240,283" step="2"/><T115/><D103/><U36/><E64/><V76/><F76/><W26/><G26/><T98/><D27/><U32/><E36/><V30/><F66/><W34/><G34/><T96/><D115/><U94/><REACH who="1" step="1"/><E32/><REACH who="1" ten="240,217,240,283" step="2"/><V128/><F30/><W48/><G48/><AGARI ba="0,2" hai="8,14,18,20,21,44,48,49,52,55,58,92,93,94" machi="48" ten="40,18000,2" yaku="1,1,2,1,8,1,54,1,53,3" doraHai="63" doraHaiUra="88" who="1" fromWho="3" sc="240,0,217,200,240,0,283,-180" /><INIT seed="1,1,0,0,4,37" ten="240,417,240,103" oya="1" hai0="82,91,12,132,124,54,51,33,56,118,88,101,135" hai1="1,27,16,116,26,6,76,134,95,84,94,65,7" hai2="127,108,131,52,60,9,77,112,129,97,67,80,85" hai3="98,87,57,19,38,130,125,24,100,53,90,44,15"/><U48/><E116/><V14/><F127/><W93/><G130/><N who="2" m="49673" /><F108/><W3/><G125/><T70/><D124/><U58/><E134/><N who="0" m="51241" /><D70/><U28/><E1/><V115/><F97/><W133/><G133/><T73/><D33/><U59/><E59/><N who="2" m="34919" /><F67/><W109/><G109/><T111/><D111/><U2/><E2/><V64/><F64/><W25/><G3/><T10/><D101/><U123/><E123/><V41/><F41/><W122/><G122/><T62/><D118/><U29/><E65/><V128/><N who="2" m="49681" /><V4/><AGARI ba="1,0" hai="4,9,14,77,80,85,112,115" m="34919,49681" machi="4" ten="40,5200,0" yaku="4,1,19,1,54,1" doraHai="37" who="2" fromWho="2" sc="240,-14,417,-27,240,55,103,-14" /><INIT seed="2,0,0,0,3,56" ten="226,390,295,89" oya="2" hai0="46,115,80,94,128,4,110,132,44,40,111,13,92" hai1="105,96,102,125,53,29,90,22,64,63,81,50,98" hai2="54,12,67,129,24,49,107,100,61,121,123,19,60" hai3="36,43,3,72,59,9,77,48,78,88,5,62,133"/><V68/><F129/><W30/><G133/><T16/><D128/><U32/><E125/><V79/><F79/><W135/><G135/><T66/><D132/><U15/><E32/><V34/><F61/><W109/><G109/><T82/><D4/><U86/><E98/><V28/><F100/><W130/><G130/><T71/><D115/><U120/><E120/><V2/><F107/><W85/><G30/><T89/><D46/><U87/><E87/><V31/><F31/><W26/><G26/><T103/><D92/><U104/><E104/><V20/><REACH who="2" step="1"/><F2/><REACH who="2" ten="226,390,285,89" step="2"/><W119/><G119/><T117/><D103/><U18/><E29/><V33/><F33/><W47/><G72/><T65/><D117/><U108/><E108/><N who="0" m="41513" /><D71/><U124/><E124/><V75/><F75/><W17/><G77/><T51/><D82/><U1/><E1/><V21/><F21/><W113/><G78/><T55/><D80/><U41/><E105/><V74/><F74/><W73/><G73/><T131/><D131/><U91/><E102/><V23/><F23/><W99/><G113/><T134/><D134/><U27/><E22/><V118/><F118/><W25/><G3/><T122/><D122/><U114/><E114/><V101/><F101/><W95/><G62/><T106/><D106/><U7/><E63/><V116/><F116/><W6/><G9/><N who="0" m="6191" /><D40/><U35/><E41/><V52/><F52/><W76/><G43/><T10/><D10/><U8/><E53/><V127/><F127/><W84/><G76/><T38/><D38/><U42/><E8/><V112/><F112/><W126/><G36/><RYUUKYOKU ba="0,1" sc="226,15,390,-15,285,15,89,-15" hai0="44,51,55,65,66,89,94" hai2="12,19,20,24,28,34,49,54,60,67,68,121,123" /><INIT seed="2,1,1,5,4,6" ten="241,375,300,74" oya="2" hai0="133,83,132,128,53,127,81,79,113,77,35,103,118" hai1="28,134,102,44,21,116,131,104,108,91,30,26,109" hai2="124,29,61,10,94,5,49,105,41,86,64,70,98" hai3="40,18,93,119,37,107,7,14,8,47,101,45,114"/><V60/><F124/><W22/><G114/><T82/><D35/><U55/><E116/><V129/><F129/><W9/><G119/><T66/><D113/><U59/><E131/><V62/><F29/><W117/><G117/><T16/><D66/><U15/><E134/><N who="0" m="51817" /><D128/><U75/><E75/><V34/><F34/><W57/><G107/><T87/><D103/><U23/><E44/><V121/><F121/><W110/><G110/><N who="1" m="42602" /><E91/><V97/><F86/><W32/><G32/><T96/><D127/><U48/><E102/><V67/><F105/><W76/><G76/><T72/><D96/><U69/><E69/><V68/><F62/><W46/><G57/><T73/><D53/><U0/><E0/><V74/><F74/><N who="0" m="28778" /><D118/><U112/><E104/><V27/><F27/><W36/><G36/><T122/><D122/><U56/><E112/><V100/><F98/><N who="3" m="59599" /><G37/><T43/><D43/><U80/><E59/><V99/><F99/><W20/><G40/><T63/><D63/><U125/><E125/><V33/><F33/><W89/><G89/><N who="0" m="51439" /><D16/><N who="1" m="10399" /><E30/><V17/><F17/><N who="3" m="10295" /><G7/><T38/><D38/><U126/><E126/><V1/><F41/><W51/><G51/><AGARI ba="1,1" hai="1,5,10,49,51,60,61,64,67,68,70,94,97,100" machi="51" ten="40,3900,0" yaku="9,1,52,1" doraHai="6" who="2" fromWho="3" sc="241,0,375,0,300,52,74,-42" /><INIT seed="2,2,0,4,4,40" ten="241,375,352,32" oya="2" hai0="134,39,95,41,121,51,120,52,20,83,87,2,27" hai1="88,105,86,125,21,43,12,59,33,22,57,112,46" hai2="26,47,97,119,124,84,35,30,103,127,55,79,29" hai3="104,122,114,54,108,44,126,0,49,58,123,93,75"/><V53/><F119/><W36/><G93/><T90/><D2/><U3/><E33/><V131/><F30/><W76/><G76/><T92/><D134/><U62/><E3/><V91/><F79/><W10/><G10/><T9/><D41/><U77/><E105/><V85/><F131/><W8/><G8/><T28/><D39/><U15/><E112/><V78/><F78/><W24/><G24/><T31/><D31/><U113/><E113/><V38/><F91/><W66/><G0/><T5/><D121/><N who="3" m="46089" /><G75/><T68/><D120/><U129/><E77/><V72/><F72/><W42/><G104/><T106/><D68/><U69/><E69/><V61/><F61/><N who="3" m="38199" /><G114/><T94/><D106/><U6/><E129/><V60/><F85/><W13/><G13/><N who="1" m="5194" /><E6/><V7/><F7/><W48/><G126/><N who="2" m="48169" /><F84/><W64/><G64/><T32/><D9/><U56/><E125/><V107/><F60/><W89/><G89/><T71/><D5/><U101/><E62/><V25/><F25/><W128/><G128/><T132/><D71/><U70/><E70/><V1/><F1/><W11/><G11/><T98/><D32/><U117/><E117/><V37/><F26/><W63/><G108/><T118/><D118/><U81/><E101/><V111/><F111/><W14/><G14/><T99/><REACH who="0" step="1"/><D132/><REACH who="0" ten="231,375,352,32" step="2"/><U18/><E18/><V23/><F35/><W135/><G135/><T16/><D16/><U133/><E133/><V45/><F29/><W100/><G100/><T74/><D74/><U110/><E110/><V4/><F4/><W130/><G130/><T73/><D73/><RYUUKYOKU ba="2,1" sc="231,10,375,10,352,-30,32,10" hai0="20,27,28,51,52,83,87,90,92,94,95,98,99" hai1="21,22,43,46,56,57,59,81,86,88" hai3="36,42,44,48,49,54,63" /><INIT seed="3,3,1,2,2,113" ten="241,385,322,42" oya="3" hai0="52,11,108,75,43,19,2,115,109,41,98,124,35" hai1="123,133,54,99,17,6,114,20,74,32,85,134,36" hai2="56,89,116,90,38,110,30,46,15,34,4,120,101" hai3="59,61,76,9,93,100,117,27,70,72,111,107,21"/><W5/><G107/><T55/><D75/><U112/><E74/><V48/><F110/><N who="0" m="42602" /><D35/><U105/><E32/><V33/><F101/><W12/><G70/><T67/><D67/><U82/><E123/><V92/><F89/><W44/><G44/><T118/><D115/><N who="1" m="44075" /><E36/><V65/><F116/><W102/><G117/><T84/><D118/><U60/><E6/><V1/><F30/><W127/><G127/><T81/><D98/><U63/><E99/><V49/><F1/><W40/><G40/><N who="0" m="15435" /><D124/><U3/><E3/><V79/><F38/><W86/><G111/><T16/><D2/><U132/><E54/><N who="0" m="20521" /><D11/><U95/><E95/><V7/><F92/><W39/><G39/><T94/><D94/><U83/><E105/><V42/><F34/><W51/><G72/><T14/><D14/><N who="1" m="9271" /><E83/><V135/><F33/><W62/><G51/><T129/><D129/><U37/><E37/><V66/><F15/><W25/><G25/><T69/><D69/><U119/><E119/><V73/><F73/><W126/><G126/><T23/><D23/><U50/><E50/><V31/><F49/><W87/><G102/><T10/><D10/><U125/><E125/><V28/><F48/><W0/><G0/><T80/><D81/><U22/><E22/><V26/><F26/><W78/><G100/><T45/><D45/><U47/><E47/><V8/><F46/><W58/><G93/><T128/><D128/><U130/><E130/><V71/><F8/><W57/><G21/><T53/><D53/><U121/><E121/><V97/><F120/><W103/><G103/><T77/><AGARI ba="3,1" hai="16,19,77,80,84" m="20521,15435,42602" machi="77" ten="30,7900,0" yaku="5,1,14,1,54,2" doraHai="113" who="0" fromWho="0" sc="241,98,385,-23,322,-23,42,-42" /><INIT seed="4,0,0,3,2,117" ten="339,362,299,0" oya="0" hai0="13,102,42,26,51,28,41,53,68,46,38,111,69" hai1="49,29,16,116,9,7,20,112,134,123,77,62,17" hai2="119,124,76,98,114,3,5,56,130,85,70,11,58" hai3="90,105,99,79,133,18,1,86,83,19,31,66,37"/><T97/><D111/><U24/><E116/><V47/><F119/><W127/><G37/><T128/><D13/><U103/><E112/><V125/><F114/><W21/><G1/><T2/><D2/><U81/><E134/><V93/><F70/><W39/><G39/><T22/><D128/><U59/><E49/><V34/><F34/><W118/><G118/><T110/><D110/><U32/><E103/><V50/><F130/><W89/><G133/><T45/><REACH who="0" step="1"/><D42/><REACH who="0" ten="329,362,299,0" step="2"/><U91/><E24/><V60/><F124/><W80/><G127/><T94/><AGARI ba="0,1" hai="22,26,28,38,41,45,46,51,53,68,69,94,97,102" machi="94" ten="20,7800,0" yaku="1,1,2,1,0,1,7,1,53,0" doraHai="117" doraHaiUra="108" who="0" fromWho="0" sc="329,88,362,-26,299,-26,0,-26" owari="417,52.0,336,14.0,273,-13.0,-26,-53.0" /></mjloggm>