<mjloggm ver="2.3"><GO type="97" lobby="0"/><UN n0="%E5%A4%A7%E9%AD%94%E7%8E%8B%EF%BC%A0%E5%B7%9D%E6%9D%91%E8%BB%8D%E5%9B%A3" n1="%72%6F%6F%6B%69%65%61%6E" n2="%E3%83%88%E3%83%88%E3%83%AA%E5%85%88%E7%94%9F%31%39%E6%AD%B3" n3="%E3%81%B5%E3%81%A8%E3%82%93" dan="15,13,15,15" rate="1974.53,1871.41,2090.61,2032.45" sx="F,F,F,F"/><TAIKYOKU oya="0"/><INIT seed="0,0,0,0,0,95" ten="250,250,250,250" oya="0" hai0="65,28,14,27,86,134,20,100,43,84,126,4,92" hai1="79,107,110,58,53,127,131,96,2,85,44,37,117" hai2="21,52,109,104,102,18,78,8,54,45,10,125,50" hai3="3,22,6,64,116,67,121,11,7,25,70,49,97"/><T128/><D134/><U120/><E117/><V31/><F109/><W83/><G116/><T23/><D128/><U105/><E2/><V74/><F125/><W46/><G121/><T118/><D118/><U0/><E0/><V12/><F74/><W72/><G7/><T42/><D126/><U106/><E127/><V13/><F78/><W114/><G114/><T62/><D86/><U93/><E120/><V115/><F115/><W101/><G70/><T87/><D87/><U17/><E131/><V57/><F31/><W36/><G36/><T111/><D111/><U98/><E110/><V122/><F122/><W80/><G67/><T132/><D132/><U135/><E135/><V81/><F81/><W112/><G64/><T82/><D4/><U34/><E34/><V133/><F133/><W35/><G35/><T69/><D20/><U75/><E75/><V19/><F104/><W30/><G72/><T47/><D14/><U119/><E119/><V9/><REACH who="2" step="1"/><F102/><REACH who="2" ten="250,250,240,250" step="2"/><W77/><G77/><T89/><D100/><U76/><E76/><V48/><AGARI ba="0,1" hai="8,9,10,12,13,18,19,21,45,48,50,52,54,57" machi="48" ten="20,12000,2" yaku="1,1,2,1,0,1,7,1,8,1,54,1,53,0" doraHai="95" doraHaiUra="90" who="2" fromWho="2" sc="250,-60,250,-30,240,130,250,-30" /><INIT seed="1,0,0,3,2,102" ten="190,220,370,220" oya="1" hai0="125,75,82,113,128,54,27,21,104,72,74,60,114" hai1="22,88,32,8,103,15,89,19,10,62,100,36,61" hai2="23,133,120,68,14,51,84,55,34,97,91,9,107" hai3="105,111,119,50,6,28,131,108,41,94,116,130,121"/><U45/><E32/><V115/><F120/><W81/><G28/><T40/><D128/><N who="3" m="49193" /><G6/><T7/><D125/><U16/><E36/><V70/><F34/><W69/><G121/><T93/><D104/><U64/><E45/><V127/><F127/><W33/><G33/><T53/><D40/><U42/><E42/><V25/><F133/><W43/><G105/><T52/><D7/><U132/><E132/><V71/><F115/><W18/><G69/><T12/><D12/><U126/><E126/><V101/><F9/><W29/><G29/><T63/><D93/><U1/><E1/><V48/><F14/><W90/><G18/><T78/><D21/><U66/><E15/><V0/><F0/><W65/><G65/><T73/><REACH who="0" step="1"/><D27/><REACH who="0" ten="180,220,370,220" step="2"/><U38/><E38/><V117/><F23/><AGARI ba="0,1" hai="8,10,16,19,22,23,61,62,64,66,88,89,100,103" machi="23" ten="25,12000,1" yaku="22,2,8,1,54,2" doraHai="102" who="1" fromWho="2" sc="180,0,220,130,370,-120,220,0" /><INIT seed="1,1,0,5,4,7" ten="180,350,250,220" oya="1" hai0="125,45,49,84,24,67,133,86,94,98,120,55,58" hai1="126,75,9,25,102,100,103,123,118,101,2,61,38" hai2="30,57,74,46,65,128,70,105,34,72,16,62,66" hai3="11,82,50,95,3,60,134,81,20,29,39,64,113"/><U44/><E123/><V106/><F128/><W47/><G39/><T63/><D120/><U48/><E118/><V32/><F46/><W110/><G113/><T43/><D133/><U130/><N who="1" m="26112" /><DORA hai="21" /><U80/><E126/><V56/><F16/><W122/><G134/><T13/><D125/><U37/><E130/><V68/><REACH who="2" step="1"/><F62/><REACH who="2" ten="180,350,240,220" step="2"/><W116/><G116/><T41/><D24/><U27/><E61/><V76/><F76/><W18/><G110/><T85/><REACH who="0" step="1"/><D13/><REACH who="0" ten="170,350,240,220" step="2"/><U26/><E37/><V111/><F111/><W104/><G122/><T10/><D10/><U115/><E38/><V23/><F23/><W114/><G20/><T78/><D78/><U59/><E9/><V91/><F91/><AGARI ba="1,2" hai="41,43,45,49,55,58,63,67,84,85,86,91,94,98" machi="91" ten="40,2600,0" yaku="1,1,8,1,53,0" doraHai="7,21" doraHaiUra="35,73" who="0" fromWho="2" sc="170,49,350,0,240,-29,220,0" /><INIT seed="2,0,0,2,1,75" ten="219,350,211,220" oya="2" hai0="120,61,28,48,115,94,49,35,10,121,67,97,44" hai1="29,43,127,108,62,84,106,21,42,32,19,22,55" hai2="102,58,57,30,128,117,113,124,130,73,104,23,47" hai3="88,56,3,95,13,80,99,114,39,52,26,65,79"/><V4/><F113/><W78/><G39/><T83/><D115/><U100/><E32/><V63/><F117/><W5/><G3/><T81/><D35/><U86/><E108/><V132/><F73/><W85/><G114/><T69/><D28/><U17/><E106/><V45/><F124/><W33/><G65/><T133/><D133/><U12/><E29/><V112/><F112/><W109/><G109/><T107/><D107/><U72/><E72/><V18/><F30/><W24/><G33/><T70/><D70/><U105/><E127/><V126/><F126/><W77/><G13/><T38/><D38/><U40/><E100/><V87/><F132/><W53/><G5/><T7/><D120/><U27/><E105/><V96/><F4/><W68/><G68/><T41/><D49/><U54/><E62/><V123/><F87/><AGARI ba="0,0" hai="12,17,19,21,22,27,40,42,43,54,55,84,86,87" machi="87" ten="40,1300,0" yaku="8,1" doraHai="75" who="1" fromWho="2" sc="219,0,350,13,211,-13,220,0" /><INIT seed="3,0,0,3,0,78" ten="219,363,198,220" oya="3" hai0="60,36,33,92,87,9,13,72,97,115,103,58,74" hai1="93,129,63,67,49,43,51,47,61,133,82,32,131" hai2="127,83,73,126,112,130,54,84,109,39,135,104,121" hai3="2,132,75,55,96,28,40,53,89,16,102,23,37"/><W31/><G2/><T110/><D36/><U86/><E32/><V41/><F112/><W29/><G75/><T8/><D8/><U66/><E93/><V80/><F104/><W123/><G123/><T44/><D33/><U114/><E114/><V122/><F109/><W56/><G132/><T50/><D87/><U65/><E133/><V90/><F135/><W77/><G77/><T19/><D110/><U98/><E98/><V20/><F130/><N who="1" m="49673" /><E51/><V4/><F4/><W14/><G89/><AGARI ba="0,0" hai="43,47,49,61,63,65,66,67,82,86,89" m="49673" machi="89" ten="30,2000,0" yaku="19,1,52,1" doraHai="78" who="1" fromWho="3" sc="219,0,363,20,198,0,220,-20" owari="219,2.0,383,48.0,198,-30.0,200,-20.0" /></mjloggm>