<mjloggm ver="2.3"><GO type="169" lobby="0"/><UN n0="%64%6F%6E%63%68%61%6E%33" n1="%E3%82%A6%E3%83%AB%E3%83%88%E3%83%A9%E7%AB%8B%E7%9B%B4" n2="%E3%82%89%E3%81%84%E3%81%A1%E3%82%87%E3%81%86" n3="%63%68%61%72%68%69%6D%65" dan="17,17,17,16" rate="2144.24,2171.79,2193.80,2035.89" sx="M,M,M,F"/><TAIKYOKU oya="0"/><INIT seed="0,0,0,2,0,51" ten="250,250,250,250" oya="0" hai0="124,111,128,59,14,0,23,91,65,63,13,3,32" hai1="114,57,112,97,73,45,16,90,71,54,84,50,24" hai2="9,78,119,126,46,8,42,83,61,38,108,30,135" hai3="25,95,22,47,21,100,67,39,121,20,29,6,85"/><T28/><D128/><U15/><E73/><V92/><F108/><W27/><G121/><T117/><D117/><U109/><E71/><V101/><F119/><W110/><G6/><T74/><D74/><U11/><E109/><V106/><F106/><W123/><G123/><T68/><D111/><U55/><E97/><V116/><F116/><W76/><G110/><T105/><D105/><U133/><E24/><V131/><F131/><W2/><G2/><T53/><D32/><U72/><E72/><V118/><F118/><W93/><G67/><T115/><D115/><N who="1" m="44075" /><E133/><V12/><F135/><W66/><G66/><T69/><D124/><U104/><E104/><V129/><F129/><W125/><G125/><T33/><D33/><U82/><E57/><V64/><F30/><W36/><G22/><T130/><D130/><U62/><E62/><V26/><F26/><W134/><G134/><T48/><D69/><U96/><E96/><V103/><F126/><W5/><G5/><T122/><D122/><U88/><E90/><V4/><F9/><W80/><G100/><T56/><D68/><U18/><E18/><V43/><F103/><W70/><G70/><T41/><D41/><AGARI ba="0,0" hai="11,15,16,41,45,50,54,55,82,84,88" m="44075" machi="41" ten="30,8000,1" yaku="11,1,52,2,54,2" doraHai="51" who="1" fromWho="0" sc="250,-80,250,80,250,0,250,0" /><INIT seed="1,0,0,5,0,124" ten="170,330,250,250" oya="1" hai0="39,93,106,123,4,119,81,10,112,61,115,8,46" hai1="95,35,83,90,54,69,92,15,85,104,49,12,26" hai2="97,41,9,25,32,131,44,114,55,14,100,108,88" hai3="62,91,63,128,60,31,1,19,76,82,96,13,2"/><U78/><E104/><V126/><F126/><W37/><G37/><T52/><D106/><U117/><E69/><V120/><F120/><W36/><G36/><T59/><D119/><U18/><E117/><V68/><F68/><W27/><G128/><T53/><D123/><U127/><E127/><V113/><F131/><W34/><G91/><T57/><D81/><U132/><E132/><V98/><F108/><W17/><G96/><T116/><D116/><U11/><E15/><V129/><F129/><W80/><G80/><T125/><D125/><U67/><E67/><V48/><F41/><W64/><G19/><T23/><D93/><U28/><REACH who="1" step="1"/><E78/><REACH who="1" ten="170,320,250,250" step="2"/><V130/><F130/><W74/><REACH who="3" step="1"/><G64/><REACH who="3" ten="170,320,250,240" step="2"/><T103/><D115/><U77/><E77/><V58/><F114/><W3/><G3/><T134/><D112/><U20/><E20/><AGARI ba="0,2" hai="1,2,13,17,20,27,31,34,60,62,63,74,76,82" machi="20" ten="40,2600,0" yaku="1,1,53,1" doraHai="124" doraHaiUra="105" who="3" fromWho="1" sc="170,0,320,-26,250,0,240,46" /><INIT seed="2,0,0,5,4,40" ten="170,294,250,286" oya="2" hai0="2,24,131,74,94,104,89,8,114,132,18,97,123" hai1="23,83,16,60,67,79,71,10,59,122,91,5,96" hai2="116,69,46,115,21,86,41,39,75,1,65,0,47" hai3="52,87,76,54,15,63,30,107,12,101,121,53,13"/><V124/><F115/><W58/><G121/><T100/><D123/><U78/><E122/><V48/><F116/><W109/><G30/><T51/><D114/><U49/><E71/><V134/><F75/><W11/><G109/><T19/><D131/><U84/><E96/><V129/><F129/><W125/><G125/><T99/><D132/><U6/><E49/><V77/><F124/><W36/><G36/><T126/><D126/><U133/><E133/><V128/><F128/><W27/><G27/><T29/><D74/><U127/><E127/><V56/><F134/><W81/><G107/><T110/><D110/><U118/><E118/><V44/><F69/><W7/><REACH who="3" step="1"/><G101/><REACH who="3" ten="170,294,250,276" step="2"/><T3/><D104/><U17/><E6/><V32/><F39/><W38/><G38/><T25/><D100/><U80/><E17/><V85/><F32/><W73/><G73/><T70/><D19/><U112/><E112/><V50/><F0/><AGARI ba="0,1" hai="0,7,11,12,13,15,52,53,54,58,63,76,81,87" machi="0" ten="40,2600,0" yaku="1,1,54,1,53,0" doraHai="40" doraHaiUra="90" who="3" fromWho="2" sc="170,0,294,0,250,-26,276,36" /><INIT seed="3,0,0,4,0,132" ten="170,294,224,312" oya="3" hai0="135,125,96,17,127,13,85,4,86,47,6,48,110" hai1="60,130,87,9,63,134,62,29,82,45,71,40,25" hai2="93,1,108,121,117,51,30,116,15,109,2,76,78" hai3="20,18,42,79,105,56,81,14,114,84,70,43,34"/><W59/><G114/><T91/><D135/><U122/><E122/><V64/><F121/><W0/><G70/><T133/><D133/><U107/><E134/><V37/><F37/><W57/><G105/><T75/><D75/><U52/><E107/><V123/><F123/><W103/><G103/><T112/><D112/><U69/><E130/><V68/><F30/><W73/><G34/><T92/><D110/><N who="2" m="42602" /><F51/><W66/><G0/><N who="2" m="105" /><F15/><W94/><G66/><T46/><D4/><U7/><E7/><V36/><F36/><W3/><G3/><T131/><D6/><U118/><E9/><V98/><F64/><W11/><G73/><T58/><D58/><U67/><E71/><V104/><F104/><W8/><G94/><T33/><D33/><U80/><E69/><V23/><F23/><W39/><G39/><T113/><D113/><U27/><E67/><V5/><F5/><W35/><G35/><T65/><D65/><U28/><E28/><V24/><F24/><W100/><G100/><T128/><D85/><U126/><E87/><V12/><F12/><W95/><G95/><T21/><D86/><U50/><E29/><V99/><F68/><W77/><G77/><N who="2" m="29801" /><F93/><W31/><G31/><T115/><D115/><U44/><E25/><V54/><F54/><W61/><G61/><T26/><D26/><U97/><E27/><V55/><F55/><W88/><G79/><T10/><D21/><U32/><E62/><V129/><F129/><N who="0" m="49738" /><D46/><U38/><E45/><V49/><F49/><W19/><G8/><T53/><AGARI ba="0,0" hai="10,13,17,47,48,53,91,92,96,125,127" m="49738" machi="53" ten="30,4000,0" yaku="19,1,52,2" doraHai="132" who="0" fromWho="0" sc="170,40,294,-10,224,-10,312,-20" /><INIT seed="4,0,0,2,3,41" ten="210,284,214,292" oya="0" hai0="8,126,83,99,72,127,70,63,101,3,56,108,67" hai1="55,52,131,91,60,39,44,82,85,120,34,6,103" hai2="59,42,90,112,68,97,134,7,35,66,27,102,86" hai3="25,24,30,51,110,10,117,79,74,93,76,135,125"/><T12/><D108/><U87/><E120/><V78/><F112/><W107/><G117/><T17/><D3/><U123/><E123/><V109/><F109/><W88/><G107/><T28/><D28/><U21/><E34/><V133/><F78/><W121/><G110/><T22/><D8/><U62/><E131/><V114/><F59/><W47/><G121/><T84/><D72/><U105/><E6/><V95/><F42/><N who="3" m="25079" /><G135/><T75/><D75/><U29/><E105/><N who="2" m="63695" /><F7/><W106/><G106/><T0/><D0/><U104/><E104/><V81/><F95/><W113/><G74/><T89/><REACH who="0" step="1"/><D70/><REACH who="0" ten="200,284,214,292" step="2"/><U61/><E29/><N who="2" m="19903" /><F114/><W98/><G113/><T11/><D11/><U43/><E21/><V50/><F134/><W132/><G132/><T20/><D20/><U115/><E115/><V71/><F71/><W57/><G10/><T49/><D49/><N who="1" m="26783" /><E103/><V58/><F133/><W100/><G100/><T53/><D53/><N who="1" m="20555" /><E39/><V111/><F111/><W23/><G30/><T2/><D2/><U18/><E18/><V38/><F38/><W9/><G9/><T54/><D54/><U129/><E129/><V94/><F50/><W1/><G1/><T32/><D32/><U14/><E60/><N who="2" m="40007" /><F58/><W80/><G57/><T119/><D119/><U33/><E33/><V36/><F36/><W46/><G23/><T16/><D16/><U130/><E130/><V124/><F124/><W5/><G125/><T40/><D40/><U73/><E73/><V118/><F118/><W116/><G116/><T15/><D15/><U65/><E14/><V64/><F64/><W92/><G25/><RYUUKYOKU ba="0,1" sc="200,15,284,-15,214,15,292,-15" hai0="12,17,22,56,63,67,83,84,89,99,101,126,127" hai2="81,86,90,94" /><INIT seed="4,1,1,1,3,40" ten="215,269,229,277" oya="0" hai0="38,71,89,50,81,49,9,78,124,69,44,70,22" hai1="95,41,102,10,63,83,64,97,68,132,8,53,131" hai2="75,24,37,48,118,4,87,82,98,110,101,58,52" hai3="86,35,93,12,5,104,74,122,21,126,134,127,29"/><T76/><D124/><N who="3" m="47657" /><G74/><T20/><D38/><U112/><E131/><V34/><F110/><W66/><G104/><T1/><D89/><U7/><E132/><V36/><F118/><W90/><G134/><T56/><D56/><U47/><E112/><V135/><F75/><W32/><G122/><T99/><D99/><U57/><E83/><V120/><F120/><W54/><G66/><T105/><D105/><U121/><E7/><V129/><F4/><W106/><G106/><T31/><D49/><N who="1" m="30895" /><E121/><V28/><F129/><W128/><G128/><T14/><D1/><U107/><E107/><V65/><F65/><W23/><G29/><T79/><D81/><U67/><E67/><V18/><F18/><N who="3" m="10439" /><G5/><T0/><D0/><U92/><E92/><V96/><F135/><W77/><G77/><T43/><REACH who="0" step="1"/><D31/><REACH who="0" ten="205,269,229,277" step="2"/><U26/><E26/><V84/><F24/><W61/><G23/><T51/><D51/><U114/><E114/><V88/><F28/><W117/><G117/><T111/><D111/><U3/><E3/><V103/><F48/><W59/><AGARI ba="1,2" hai="32,35,54,59,61,86,90,93" m="10439,47657" machi="59" ten="30,1100,0" yaku="18,1" doraHai="40" who="3" fromWho="3" sc="205,-6,269,-4,229,-4,277,34" /><INIT seed="5,0,0,0,5,92" ten="199,265,225,311" oya="1" hai0="66,21,74,127,99,26,28,95,11,4,10,111,18" hai1="9,86,88,0,40,113,36,23,19,34,107,81,80" hai2="71,67,46,96,133,83,15,48,24,27,61,101,72" hai3="12,13,120,122,53,8,63,100,55,5,30,58,69"/><U29/><E113/><V129/><F129/><W97/><G69/><T7/><D111/><U54/><E107/><V130/><F130/><W84/><G84/><T118/><D74/><U42/><E36/><V103/><F133/><W105/><G30/><T43/><D118/><U82/><E54/><V41/><F103/><W70/><G70/><T104/><D104/><U89/><E34/><V65/><F65/><W128/><G128/><T57/><D127/><U62/><E62/><V116/><F116/><W85/><G85/><T112/><D112/><U132/><E132/><V56/><F71/><W134/><G134/><T49/><D43/><N who="1" m="16427" /><E0/><V47/><F47/><W17/><G55/><N who="0" m="31983" /><D66/><U25/><E89/><V22/><F83/><N who="1" m="21249" /><U124/><DORA hai="32" /><E124/><V35/><F35/><W16/><G5/><N who="0" m="2123" /><D28/><U131/><E131/><V117/><F72/><W108/><REACH who="3" step="1"/><G108/><REACH who="3" ten="199,265,225,301" step="2"/><T37/><D37/><U73/><E73/><V60/><F117/><W77/><G77/><T135/><D135/><U125/><E125/><V1/><F67/><W64/><G64/><T78/><D78/><U102/><E29/><V90/><F41/><W123/><G123/><T119/><D119/><U93/><E9/><AGARI ba="0,1" hai="8,9,12,13,16,17,53,58,63,97,100,105,120,122" machi="9" ten="30,16000,3" yaku="1,1,7,1,9,1,52,1,54,1,53,3" doraHai="92,32" doraHaiUra="14,59" who="3" fromWho="1" sc="199,0,265,-160,225,0,301,170" /><INIT seed="6,0,0,4,2,65" ten="199,105,225,471" oya="2" hai0="133,21,85,60,105,13,82,32,1,83,29,0,4" hai1="121,93,49,115,66,17,95,47,8,36,38,62,16" hai2="86,48,88,19,12,42,124,25,58,5,125,112,33" hai3="59,43,79,22,40,91,57,97,132,73,84,107,30"/><V41/><F112/><W14/><G132/><T100/><D105/><U94/><E115/><V80/><F5/><W118/><G73/><T130/><D100/><U127/><E127/><N who="2" m="48715" /><F58/><W87/><G97/><T102/><D102/><U134/><E134/><V6/><F48/><W108/><G107/><T90/><D133/><U45/><E121/><V72/><F6/><W55/><G84/><T111/><D130/><U126/><E126/><V63/><F63/><W10/><G79/><T92/><D111/><U2/><E2/><V116/><F72/><W114/><G59/><T69/><D4/><U67/><E8/><N who="2" m="6535" /><F116/><W15/><G108/><T71/><D0/><U99/><E99/><V106/><F106/><W39/><G39/><T18/><D60/><U128/><E128/><V119/><F119/><W34/><G118/><T89/><D1/><U135/><E135/><V74/><F74/><W7/><G43/><T77/><D29/><AGARI ba="0,0" hai="25,29,33,41,42,80,86,88" m="6535,48715" machi="29" ten="30,2900,0" yaku="18,1,54,1" doraHai="65" who="2" fromWho="0" sc="199,-29,105,0,225,29,471,0" /><INIT seed="6,1,0,4,5,111" ten="170,105,254,471" oya="2" hai0="48,26,53,31,15,59,114,62,0,4,135,102,51" hai1="56,96,97,7,89,130,68,120,39,92,121,60,126" hai2="79,100,36,58,73,30,115,132,95,109,86,25,40" hai3="23,28,55,38,84,67,91,18,42,69,113,78,50"/><V41/><F109/><W46/><G78/><T117/><D0/><U75/><E39/><V131/><F73/><W77/><G77/><T35/><D135/><U34/><E34/><V134/><F131/><W107/><G28/><T123/><D123/><N who="1" m="47179" /><E68/><V27/><F58/><W110/><G107/><T64/><D117/><U45/><E75/><V76/><F86/><W94/><G110/><T127/><D102/><U87/><E130/><V52/><F95/><W57/><G69/><T104/><D48/><U9/><E45/><V29/><F100/><W13/><G67/><T21/><D104/><U99/><E126/><V11/><F11/><W61/><G61/><T122/><D127/><U74/><E74/><V105/><F105/><W6/><G6/><T70/><D35/><U8/><E7/><V108/><F108/><W85/><G85/><T37/><D37/><U14/><E14/><V119/><F36/><W90/><G90/><T3/><D15/><U103/><E103/><V116/><F52/><AGARI ba="1,0" hai="8,9,52,56,60,87,89,92,96,97,99" m="47179" machi="52" ten="30,2000,0" yaku="13,1,54,1" doraHai="111" who="1" fromWho="2" sc="170,0,105,23,254,-23,471,0" /><INIT seed="7,0,0,2,0,32" ten="170,128,231,471" oya="3" hai0="24,77,72,95,45,11,93,56,1,98,124,2,38" hai1="16,6,0,120,108,69,82,55,17,20,123,96,52" hai2="102,21,51,23,28,105,35,73,71,127,67,106,34" hai3="3,116,101,59,113,131,29,111,7,87,54,94,26"/><W90/><G116/><T132/><D95/><U117/><E69/><V99/><F106/><W110/><G113/><T50/><D38/><U80/><E96/><V62/><F127/><W65/><G65/><T60/><D124/><U57/><E108/><V97/><F73/><W4/><G3/><T133/><D24/><U18/><E20/><V130/><F130/><W119/><G101/><N who="0" m="60623" /><D11/><U84/><E117/><V61/><F99/><W13/><G13/><T27/><D27/><U14/><E14/><V74/><F74/><W22/><G131/><T112/><D77/><U37/><E37/><V39/><F39/><W122/><G122/><N who="1" m="46634" /><E84/><V89/><F35/><W64/><G64/><N who="0" m="38919" /><D72/><U42/><E42/><V47/><F71/><W49/><G119/><T135/><D112/><U33/><E33/><V8/><F34/><W121/><G121/><T58/><D58/><U41/><E57/><V9/><F97/><W103/><G103/><T118/><D118/><U44/><E44/><V107/><F47/><W109/><AGARI ba="0,0" hai="4,7,22,26,29,49,54,59,87,90,94,109,110,111" machi="109" ten="30,3000,0" yaku="0,1,10,1" doraHai="32" who="3" fromWho="3" sc="170,-10,128,-10,231,-10,471,30" owari="160,-24.0,118,-38.0,221,2.0,501,60.0" /></mjloggm>