<mjloggm ver="2.3"><GO type="169" lobby="0"/><UN n0="%E5%A4%A9%E7%A9%BA%73%61%79%61" n1="%61%6B%69%21%21%21" n2="%EF%BC%9D%E9%AB%98%E6%A9%8B%E3%83%91%E3%83%B3%E3%83%80%EF%BC%9D" n3="%E3%82%A6%E3%83%AB%E3%83%88%E3%83%A9%E7%AB%8B%E7%9B%B4" dan="16,17,16,17" rate="2137.94,2155.48,2047.53,2169.85" sx="M,M,M,M"/><TAIKYOKU oya="0"/><INIT seed="0,0,0,1,2,46" ten="250,250,250,250" oya="0" hai0="131,2,62,113,117,90,89,96,97,16,68,15,81" hai1="58,7,87,73,59,91,86,108,133,39,34,116,23" hai2="18,38,31,25,0,30,27,41,128,8,20,101,26" hai3="47,76,12,51,122,94,75,119,134,49,48,102,70"/><T11/><D117/><U111/><E73/><V121/><F101/><W35/><G119/><T43/><D113/><U65/><E34/><N who="2" m="20831" /><F38/><W92/><G35/><T93/><D131/><U40/><E116/><V42/><F41/><W83/><G134/><T50/><D2/><U55/><E133/><V37/><F42/><W109/><G109/><T44/><D68/><U114/><E114/><V57/><F57/><W118/><G118/><T29/><D29/><U69/><E59/><V82/><F82/><W95/><G122/><T45/><D62/><U104/><E104/><V103/><F103/><W36/><G70/><T10/><D45/><N who="1" m="23711" /><E65/><V132/><F37/><W85/><G75/><T22/><D81/><U110/><E69/><V78/><F78/><W88/><G36/><T19/><D19/><U77/><E77/><V54/><F54/><N who="3" m="29983" /><G76/><T129/><D129/><U79/><E79/><V84/><F84/><W120/><G120/><T24/><D24/><U9/><E23/><N who="2" m="15839" /><F121/><W13/><G102/><T125/><D125/><U67/><E67/><V33/><F33/><W127/><G127/><T99/><REACH who="0" step="1"/><D90/><REACH who="0" ten="240,250,250,250" step="2"/><U74/><E91/><V56/><F132/><W3/><G83/><T107/><D107/><U115/><E115/><V1/><F128/><W21/><G88/><T112/><D112/><U126/><E126/><V61/><F61/><W130/><G130/><T66/><D66/><U52/><E74/><V100/><F56/><W72/><G72/><T14/><D14/><N who="1" m="5439" /><E58/><V53/><F1/><W64/><G3/><T60/><D60/><U124/><E124/><V4/><F100/><RYUUKYOKU ba="0,1" sc="240,10,250,10,250,10,250,-30" hai0="10,11,15,16,22,43,44,50,89,93,96,97,99" hai1="52,55,86,87,108,110,111" hai2="0,4,8,18,20,25,53" /><INIT seed="0,1,1,2,5,83" ten="250,260,260,220" oya="0" hai0="92,86,1,26,101,115,51,89,70,77,106,75,64" hai1="48,88,35,30,81,37,95,116,27,0,82,56,57" hai2="124,120,54,128,15,34,45,25,113,130,90,28,105" hai3="47,132,44,67,91,8,110,71,31,36,122,12,18"/><T32/><D115/><U41/><E0/><V22/><F113/><W13/><G122/><T84/><D1/><U117/><E117/><V79/><F120/><W68/><G132/><T108/><D108/><U33/><E33/><V121/><F121/><W96/><G110/><T80/><D51/><U10/><E116/><V55/><F105/><W129/><G129/><N who="2" m="49769" /><F124/><W21/><G96/><N who="0" m="61735" /><D86/><N who="1" m="52631" /><E35/><V38/><F79/><W65/><G36/><T93/><D93/><U2/><E2/><V39/><F90/><W11/><G91/><T7/><D7/><U14/><E37/><V103/><F103/><W125/><G125/><T74/><D74/><U87/><E27/><V16/><F38/><W134/><G71/><T112/><D112/><U131/><E30/><V73/><F73/><W49/><G68/><T43/><D43/><AGARI ba="1,1" hai="15,16,22,25,28,34,39,43,45,54,55" m="49769" machi="43" ten="30,2000,0" yaku="19,1,54,1" doraHai="83" who="2" fromWho="0" sc="250,-23,260,0,260,33,220,0" /><INIT seed="1,0,0,3,1,64" ten="227,260,293,220" oya="1" hai0="28,77,14,32,58,71,103,135,111,79,21,49,1" hai1="36,31,55,115,0,87,57,47,18,56,67,73,46" hai2="126,120,105,63,78,23,39,20,27,29,34,131,109" hai3="8,52,116,99,13,102,50,37,84,132,12,22,5"/><U15/><E73/><V24/><F105/><W114/><G114/><T100/><D1/><U80/><E0/><V60/><F39/><W129/><G37/><T83/><D32/><U40/><E115/><V35/><F120/><W92/><G129/><T3/><D3/><U9/><E67/><V48/><F109/><W82/><G132/><T25/><D111/><U61/><E57/><V7/><F131/><W41/><G116/><T30/><D30/><U128/><E128/><V38/><F38/><W89/><G41/><T59/><D135/><U68/><E47/><V98/><F7/><W93/><G22/><T122/><D122/><U70/><REACH who="1" step="1"/><E31/><REACH who="1" ten="227,250,293,220" step="2"/><V43/><F29/><W112/><G112/><T96/><D58/><U127/><E127/><V74/><F126/><W130/><G130/><T107/><D59/><U19/><E19/><V44/><F74/><W10/><G50/><T97/><D49/><U2/><E2/><V85/><F48/><W119/><G119/><T53/><D53/><U45/><E45/><V16/><F44/><W51/><G51/><T17/><D17/><U125/><E125/><V88/><F16/><N who="3" m="8199" /><G52/><T95/><D28/><U76/><AGARI ba="0,1" hai="9,15,18,36,40,46,55,56,61,68,70,76,80,87" machi="76" ten="20,12000,1" yaku="1,1,0,1,7,1,52,2,53,0" doraHai="64" doraHaiUra="134" who="1" fromWho="1" sc="227,-40,250,130,293,-40,220,-40" /><INIT seed="1,1,0,4,0,8" ten="187,380,253,180" oya="1" hai0="54,16,130,105,64,47,60,123,35,135,125,31,73" hai1="29,89,112,90,34,49,5,65,118,69,46,25,117" hai2="48,71,103,20,81,11,23,92,13,128,26,77,42" hai3="94,83,95,122,67,84,96,93,28,38,100,116,87"/><U2/><E112/><V85/><F71/><W3/><G38/><T56/><D105/><U133/><E133/><V7/><F128/><W110/><G3/><T101/><D101/><U50/><E49/><V113/><F113/><W120/><G67/><T102/><D102/><U36/><E36/><V37/><F37/><W108/><G28/><T109/><D73/><U131/><E131/><V70/><F70/><W91/><G116/><T98/><D98/><U75/><E75/><V106/><F106/><W4/><G4/><T121/><D109/><N who="3" m="42089" /><G87/><T24/><D130/><U58/><E69/><V62/><F62/><W74/><G74/><T0/><D0/><U1/><E1/><V40/><F40/><W86/><G86/><T18/><D125/><U45/><E5/><V104/><F104/><AGARI ba="1,0" hai="83,84,91,93,94,95,96,100,104,120,122" m="42089" machi="104" ten="30,3900,0" yaku="14,1,34,2" doraHai="8" who="3" fromWho="2" sc="187,0,380,0,253,-42,180,42" /><INIT seed="2,0,0,2,0,52" ten="187,380,211,222" oya="2" hai0="119,103,31,5,107,39,128,23,91,90,25,56,43" hai1="21,86,16,113,53,132,65,112,134,105,93,35,32" hai2="83,77,95,127,27,9,99,81,29,47,1,33,59" hai3="54,2,130,104,12,85,97,122,44,101,135,68,89"/><V40/><F127/><W69/><G2/><T124/><D124/><U14/><E105/><V49/><F77/><W96/><G122/><T133/><D128/><U46/><E65/><V8/><F8/><W20/><G130/><T19/><D133/><N who="1" m="51307" /><E86/><V80/><F59/><W118/><G135/><T76/><D119/><U123/><E93/><V94/><REACH who="2" step="1"/><F99/><REACH who="2" ten="187,380,201,222" step="2"/><W79/><G97/><T38/><D76/><U18/><E123/><V48/><F48/><W67/><G79/><T42/><D56/><U84/><E84/><V7/><AGARI ba="0,1" hai="1,7,9,27,29,33,40,47,49,80,81,83,94,95" machi="7" ten="30,6000,0" yaku="1,1,0,1,53,1" doraHai="52" doraHaiUra="0" who="2" fromWho="2" sc="187,-20,380,-20,201,70,222,-20" /><INIT seed="2,1,0,1,0,131" ten="167,360,271,202" oya="2" hai0="97,8,41,59,47,54,122,89,4,71,18,103,105" hai1="32,100,112,99,85,77,78,115,33,88,53,73,49" hai2="129,34,55,74,94,60,68,23,135,17,14,0,117" hai3="43,56,98,63,80,75,36,28,22,95,38,87,104"/><V5/><F117/><W48/><G104/><T76/><D122/><U114/><E32/><V93/><F74/><W72/><G38/><T15/><D71/><U31/><E31/><V120/><F120/><W113/><G36/><T45/><D76/><U13/><E33/><V116/><F116/><W57/><G113/><T83/><D83/><U121/><E13/><V64/><F129/><W119/><G119/><T65/><D65/><U82/><E121/><V92/><F34/><W9/><G9/><T16/><D89/><U70/><E70/><V101/><F135/><W133/><G133/><T44/><REACH who="0" step="1"/><D41/><REACH who="0" ten="157,360,271,202" step="2"/><U7/><E78/><V106/><F64/><W6/><G43/><T3/><D3/><U50/><E88/><V30/><F68/><W19/><G80/><T10/><D10/><U102/><E77/><V62/><F0/><W128/><G128/><T90/><D90/><U46/><E82/><V96/><F101/><W91/><G91/><T130/><D130/><U109/><E102/><V51/><F106/><W11/><G87/><T84/><D84/><U58/><E85/><V86/><F86/><W132/><G75/><T20/><D20/><U127/><E73/><V81/><F81/><W118/><G22/><T37/><D37/><U39/><E39/><V123/><F123/><W1/><G72/><T25/><D25/><U52/><E100/><V107/><F107/><W108/><G1/><T12/><D12/><U66/><E114/><V69/><F14/><W111/><G118/><T42/><D42/><U29/><E115/><V21/><F69/><W35/><G35/><RYUUKYOKU ba="1,1" sc="157,30,360,-10,271,-10,202,-10" hai0="4,8,15,16,18,44,45,47,54,59,97,103,105" /><INIT seed="3,2,1,5,4,35" ten="187,350,261,192" oya="3" hai0="62,81,27,80,60,71,117,116,131,132,125,79,45" hai1="61,19,24,97,65,134,82,64,23,26,92,13,70" hai2="58,34,89,112,99,94,36,83,72,119,91,29,16" hai3="40,6,77,55,69,53,46,3,100,9,8,22,44"/><W101/><G69/><T2/><D2/><U76/><E134/><V121/><F112/><W52/><G9/><T54/><D132/><U74/><REACH who="1" step="1"/><E64/><REACH who="1" ten="187,340,261,192" step="2"/><V21/><F121/><W128/><G128/><T86/><D131/><U67/><E67/><V84/><F119/><W96/><G46/><T28/><D45/><U33/><E33/><V113/><F34/><W93/><G77/><T51/><D117/><U41/><E41/><V120/><F120/><W105/><G22/><T7/><D116/><U56/><E56/><V31/><F58/><W4/><G4/><T18/><D79/><U127/><E127/><V1/><F21/><W17/><G17/><T49/><D18/><U109/><E109/><V133/><F16/><W108/><G108/><T57/><D7/><U135/><E135/><V5/><F5/><W68/><G68/><T124/><D71/><U114/><E114/><V90/><F133/><W59/><G59/><T73/><D57/><U15/><E15/><V103/><F113/><W107/><REACH who="3" step="1"/><G101/><AGARI ba="2,2" hai="13,19,23,24,26,61,65,70,74,76,82,92,97,101" machi="101" ten="30,3900,0" yaku="1,1,7,1,53,1" doraHai="35" doraHaiUra="98" who="1" fromWho="3" sc="187,0,340,65,261,0,192,-45" /><INIT seed="4,0,0,0,0,91" ten="187,405,261,147" oya="0" hai0="116,22,115,15,7,92,77,99,33,85,101,100,8" hai1="34,14,13,36,47,46,87,56,74,69,50,82,135" hai2="79,84,81,37,109,113,3,59,65,0,70,52,89" hai3="1,83,68,42,21,57,123,120,39,60,134,2,114"/><T117/><D33/><U111/><E69/><V27/><F109/><W6/><G68/><T5/><D115/><U30/><E74/><V122/><F37/><W93/><G114/><T80/><D5/><U18/><E36/><V20/><F122/><N who="3" m="46635" /><G134/><T95/><D22/><U131/><E111/><V76/><F113/><W119/><G119/><T62/><D62/><U106/><E106/><V104/><F104/><W90/><G83/><T71/><D71/><U94/><E131/><V35/><F35/><W67/><G6/><T128/><D128/><U25/><E56/><V66/><F3/><W29/><G42/><T32/><D32/><U110/><E110/><V130/><F0/><W108/><G39/><T126/><D126/><U103/><E135/><V61/><F130/><W17/><G29/><T44/><D44/><U127/><E127/><V23/><F23/><W132/><G132/><T133/><D133/><U16/><E14/><V24/><F24/><N who="3" m="14383" /><G108/><T26/><D26/><U63/><E18/><N who="2" m="12695" /><F70/><W124/><G124/><T45/><D45/><U129/><E129/><V58/><F66/><W112/><G112/><T48/><D48/><AGARI ba="0,0" hai="48,52,58,59,61,65,76,79,81,84,89" m="12695" machi="48" ten="30,2000,0" yaku="8,1,54,1" doraHai="91" who="2" fromWho="0" sc="187,-20,405,0,261,20,147,0" /><INIT seed="5,0,0,3,2,102" ten="167,405,281,147" oya="1" hai0="68,56,77,89,105,135,79,100,99,126,75,124,15" hai1="130,120,123,91,93,94,87,115,60,7,82,57,45" hai2="21,20,119,25,113,48,65,6,118,129,134,97,46" hai3="29,24,39,22,109,31,106,64,104,128,23,101,95"/><U51/><E115/><V80/><F113/><W50/><G39/><T114/><D68/><U0/><E130/><V62/><F129/><W98/><G109/><T96/><D114/><U83/><E0/><V54/><F134/><W86/><G128/><T76/><D135/><U70/><E70/><V73/><F6/><W92/><G64/><T58/><D15/><U72/><E7/><V14/><F97/><W28/><G50/><T84/><D99/><U67/><E72/><V52/><F54/><W66/><G66/><T12/><D12/><U9/><E9/><V11/><F80/><W121/><G121/><T33/><D33/><U125/><E125/><N who="0" m="48233" /><D75/><U61/><E60/><V81/><F81/><AGARI ba="0,0" hai="56,58,76,77,79,81,84,89,96,100,105" m="48233" machi="81" ten="30,2000,0" yaku="18,1,52,1" doraHai="102" who="0" fromWho="2" sc="167,20,405,0,281,-20,147,0" /><INIT seed="6,0,0,5,2,56" ten="187,405,261,147" oya="2" hai0="75,110,37,127,61,23,42,123,80,124,38,108,70" hai1="60,89,24,135,39,8,50,131,52,28,44,53,40" hai2="62,133,59,6,85,3,58,111,98,86,25,27,57" hai3="11,113,35,17,122,10,48,1,14,66,88,81,51"/><V12/><F3/><W121/><G35/><T91/><D123/><U31/><E8/><N who="2" m="4119" /><F133/><W102/><G102/><T83/><D23/><U128/><E135/><V129/><F129/><W134/><G134/><T130/><D130/><U90/><E31/><V67/><F98/><W19/><G113/><T114/><D114/><U104/><E104/><V107/><F107/><W79/><G79/><N who="0" m="44159" /><D83/><U77/><E77/><V55/><F111/><N who="0" m="42538" /><D91/><U64/><E131/><V45/><F45/><W103/><G103/><T93/><D93/><U46/><E128/><V76/><F58/><W72/><G72/><T54/><D54/><U92/><E53/><V73/><F73/><W94/><G81/><T95/><D95/><U87/><E87/><N who="2" m="33291" /><F76/><W115/><G115/><T41/><D42/><U9/><E92/><V47/><F47/><W26/><G94/><T13/><D41/><U63/><E90/><V69/><F69/><W5/><G88/><T65/><D13/><U0/><E89/><V78/><F78/><W32/><G122/><T15/><D15/><U16/><E64/><V22/><F22/><N who="3" m="13663" /><G121/><T96/><D96/><U105/><E105/><V30/><F30/><W132/><G132/><T109/><D109/><U20/><E0/><V68/><F68/><W33/><G66/><T36/><AGARI ba="0,0" hai="36,37,38,61,65,70,124,127" m="42538,44159" machi="36" ten="40,2700,0" yaku="23,1,52,1" doraHai="56" who="0" fromWho="0" sc="187,27,405,-7,261,-13,147,-7" /><INIT seed="7,0,0,4,5,43" ten="214,398,248,140" oya="3" hai0="26,6,76,20,83,1,102,0,63,7,75,45,70" hai1="22,99,29,92,126,3,48,11,68,46,105,28,93" hai2="89,104,58,74,12,38,125,59,32,2,91,54,47" hai3="16,30,40,87,122,18,14,135,124,82,4,107,62"/><W132/><G122/><T120/><D120/><U56/><E68/><V79/><F2/><W27/><G107/><T129/><D102/><U77/><E105/><V103/><F32/><W33/><G124/><T113/><D129/><U9/><E3/><V134/><F125/><W100/><G100/><T50/><D6/><U53/><E77/><V13/><F104/><W127/><G127/><T65/><D7/><U72/><E72/><V118/><F103/><W49/><G62/><T121/><D113/><U5/><E92/><V42/><F118/><W51/><G4/><T90/><D90/><N who="1" m="55735" /><E22/><V21/><F134/><W85/><G85/><T109/><D109/><U116/><E116/><V60/><F79/><W67/><G67/><T55/><D121/><U37/><E37/><V96/><F74/><W71/><G71/><T31/><AGARI ba="0,0" hai="0,1,20,26,31,45,50,55,63,65,70,75,76,83" machi="31" ten="20,2700,0" yaku="0,1,7,1,52,1" doraHai="43" who="0" fromWho="0" sc="214,27,398,-7,248,-7,140,-13" owari="241,4.0,391,49.0,241,-16.0,127,-37.0" /></mjloggm>