<mjloggm ver="2.3"><GO type="225" lobby="0"/><UN n0="%E5%B0%B1%E6%B4%BB%E7%94%9F%40%E5%B7%9D%E6%9D%91%E8%BB%8D%E5%9B%A3" n1="%6B%79%6F%6E%6B%6F%31%31" n2="%E6%A1%9C%E7%AB%9C%E2%80%A0%E3%82%BF%E3%83%9E" n3="%E3%82%81%E3%81%8C%EF%BC%93" dan="17,17,16,16" rate="2105.25,2097.55,2104.54,2123.16" sx="M,M,F,M"/><TAIKYOKU oya="0"/><INIT seed="0,0,0,4,2,17" ten="250,250,250,250" oya="0" hai0="79,95,31,6,74,78,1,73,135,30,123,67,48" hai1="10,86,5,126,61,52,69,92,125,107,120,54,109" hai2="71,18,134,47,110,23,34,46,99,7,81,76,56" hai3="114,115,2,33,122,39,104,113,101,44,111,89,117"/><T9/><D123/><U97/><E107/><V29/><F71/><W132/><RYUUKYOKU type="yao9" ba="0,0" sc="250,0,250,0,250,0,250,0" hai3="2,33,39,44,89,101,104,111,113,114,115,117,122,132" /><INIT seed="0,1,0,1,2,13" ten="250,250,250,250" oya="0" hai0="131,98,36,127,126,21,57,50,71,128,87,29,10" hai1="89,122,37,27,54,56,101,77,82,78,8,43,62" hai2="106,75,83,108,70,133,91,52,41,66,5,3,38" hai3="40,76,42,51,86,117,49,109,113,134,112,99,24"/><T103/><D36/><U39/><E122/><V59/><F108/><W17/><G117/><T60/><D71/><U135/><E135/><V119/><F119/><W9/><G109/><T84/><D10/><U26/><E101/><V80/><F106/><W97/><G134/><T111/><D50/><U123/><E123/><V63/><F133/><W67/><G67/><N who="0" m="39311" /><D111/><U64/><E89/><V72/><F5/><W20/><G9/><T65/><D21/><U18/><E78/><V58/><F3/><W1/><G1/><T107/><D29/><U14/><E43/><N who="3" m="16426" /><G113/><T81/><D65/><U124/><E124/><N who="0" m="47657" /><D81/><N who="2" m="31306" /><F59/><W102/><G112/><T132/><D132/><U121/><E121/><V45/><F91/><W30/><G49/><AGARI ba="1,0" hai="38,41,45,49,52,58,63,66,70,72,75" m="31306" machi="49" ten="30,2000,0" yaku="24,1,54,1" doraHai="13" who="2" fromWho="3" sc="250,0,250,0,250,23,250,-23" /><INIT seed="1,0,0,0,5,73" ten="250,250,273,227" oya="1" hai0="89,32,78,105,121,60,81,129,93,37,107,111,132" hai1="19,122,22,75,33,1,74,36,126,127,130,16,10" hai2="5,120,18,14,106,101,65,80,6,23,4,103,7" hai3="69,41,97,12,29,86,31,72,128,71,63,91,54"/><U114/><E36/><V42/><F120/><W68/><G72/><T48/><D37/><U27/><E75/><V123/><F123/><W45/><G128/><T109/><D32/><U116/><E74/><V96/><N who="2" m="1024" /><DORA hai="34" /><V50/><F65/><W0/><G97/><N who="0" m="57519" /><D121/><U131/><E122/><V85/><F96/><W90/><G12/><T112/><D60/><U30/><E114/><V56/><F106/><N who="0" m="40458" /><D48/><U100/><E100/><V76/><REACH who="2" step="1"/><F56/><REACH who="2" ten="250,250,263,227" step="2"/><W104/><G69/><T64/><D64/><U77/><E116/><V49/><F49/><W133/><G68/><T55/><D112/><U92/><E130/><V119/><F119/><W51/><G104/><T35/><D129/><U88/><E131/><V87/><F87/><W47/><G71/><T53/><D132/><U134/><E134/><V44/><AGARI ba="0,1" hai="14,18,23,42,44,50,76,80,85,101,103" m="1024" machi="44" ten="40,8000,1" yaku="1,1,0,1,8,1,52,1,53,1" doraHai="73,34" doraHaiUra="113,40" who="2" fromWho="2" sc="250,-20,250,-40,263,90,227,-20" /><INIT seed="2,0,0,0,3,96" ten="230,210,353,207" oya="2" hai0="36,28,68,11,129,43,112,110,120,58,89,45,81" hai1="13,49,18,67,12,108,53,29,97,74,90,44,104" hai2="42,85,113,98,25,109,135,71,55,119,26,92,94" hai3="118,50,114,4,87,47,126,38,32,16,76,125,101"/><V132/><F119/><W82/><G118/><T86/><D68/><U51/><E74/><V115/><F71/><W34/><G114/><N who="2" m="43529" /><F42/><N who="3" m="24951" /><G38/><T35/><D112/><U20/><E108/><V27/><F55/><W61/><G61/><T70/><D70/><U83/><E67/><V134/><F109/><W46/><G46/><T41/><D41/><U75/><E29/><V63/><F63/><W124/><G4/><T127/><D110/><U79/><E51/><V48/><F48/><W102/><G16/><T3/><D58/><U78/><E78/><V69/><F69/><W66/><G66/><T123/><D129/><U37/><E37/><V121/><F121/><W31/><G31/><T128/><D128/><U1/><E1/><V122/><F122/><W24/><G24/><T117/><D117/><U39/><E39/><V59/><F59/><W133/><G133/><T95/><D28/><U0/><E0/><V40/><F40/><W62/><G62/><T93/><D35/><AGARI ba="0,0" hai="32,34,35,76,82,87,101,102,124,125,126" m="24951" machi="35" ten="40,5200,0" yaku="18,1,52,2" doraHai="96" who="3" fromWho="0" sc="230,-52,210,0,353,0,207,52" /><INIT seed="3,0,0,1,0,83" ten="178,210,353,259" oya="3" hai0="70,43,40,95,52,22,13,61,110,114,46,134,98" hai1="48,96,12,29,68,47,16,0,84,78,82,123,38" hai2="113,118,24,58,36,135,10,19,119,57,73,30,33" hai3="23,67,87,26,34,55,44,94,15,97,32,65,125"/><W18/><G125/><T27/><D114/><U89/><E68/><V120/><F113/><W56/><G44/><T92/><D134/><U105/><E0/><V124/><F124/><W76/><G97/><T66/><D110/><U20/><E38/><V39/><F135/><W112/><G112/><T80/><D13/><U4/><E123/><V115/><F115/><W103/><G103/><T71/><D71/><U5/><E29/><V100/><F73/><W51/><G76/><T75/><D75/><U2/><E2/><V25/><F120/><W133/><G133/><T90/><D80/><U60/><E60/><V122/><F122/><W45/><G45/><T31/><REACH who="0" step="1"/><D95/><REACH who="0" ten="168,210,353,259" step="2"/><N who="1" m="56431" /><E105/><V35/><F119/><W85/><G94/><T50/><AGARI ba="0,1" hai="22,27,31,40,43,46,50,52,61,66,70,90,92,98" machi="50" ten="30,7900,0" yaku="1,1,0,1,54,1,53,1" doraHai="83" doraHaiUra="49" who="0" fromWho="0" sc="168,89,210,-20,353,-20,259,-39" owari="257,6.0,190,-31.0,333,43.0,220,-18.0" /></mjloggm>