<mjloggm ver="2.3"><GO type="97" lobby="0"/><UN n0="%E3%83%88%E3%83%88%E3%83%AA%E5%85%88%E7%94%9F%31%39%E6%AD%B3" n1="%E3%82%8D%E3%81%8F%E3%81%94%E3%82%8D%E3%81%86" n2="%E6%9C%88%E3%83%9F%E7%85%A7%E2%98%86" n3="%6E%6F%72%69%2E%68" dan="15,15,15,13" rate="2042.90,2044.00,1977.20,1885.29" sx="F,M,M,M"/><TAIKYOKU oya="0"/><INIT seed="0,0,0,4,3,34" ten="250,250,250,250" oya="0" hai0="83,132,86,65,37,87,99,61,93,51,81,106,130" hai1="109,98,58,70,121,41,24,26,59,94,85,5,19" hai2="134,91,11,90,31,107,110,124,117,57,104,32,1" hai3="48,30,25,95,3,39,74,128,20,115,97,42,47"/><T15/><D37/><U49/><E121/><V68/><F68/><W113/><G74/><T33/><D33/><U62/><E109/><V126/><F110/><W17/><G128/><T114/><D114/><U29/><E70/><V119/><F134/><W46/><G30/><T75/><D132/><U105/><E105/><N who="2" m="40523" /><F31/><W63/><G63/><T22/><D130/><U108/><E108/><V100/><F32/><W8/><G8/><T135/><D135/><U69/><E69/><V53/><F100/><W6/><G3/><T54/><D75/><U36/><E36/><V27/><F27/><W116/><G6/><T4/><D106/><U10/><E19/><V40/><F40/><W13/><G13/><T14/><D4/><U89/><E29/><V18/><F18/><W35/><G35/><T21/><D61/><U7/><E7/><N who="2" m="1519" /><F91/><W72/><G72/><T66/><D66/><U102/><E41/><V92/><F90/><W71/><G71/><T101/><D65/><U131/><E49/><N who="2" m="30895" /><F92/><W120/><G120/><T77/><D21/><U56/><E62/><V2/><F2/><W38/><G115/><T28/><D22/><U82/><REACH who="1" step="1"/><E131/><REACH who="1" ten="250,240,250,250" step="2"/><V73/><F73/><W84/><G113/><T80/><D28/><U67/><E67/><V52/><F52/><W64/><G42/><T129/><D129/><U60/><E60/><V122/><F122/><W123/><G123/><T44/><REACH who="0" step="1"/><D81/><REACH who="0" ten="240,240,250,250" step="2"/><U55/><E55/><V45/><F117/><W9/><G116/><T103/><D103/><U112/><E112/><V79/><F119/><W0/><G38/><T76/><AGARI ba="0,2" hai="14,15,44,51,54,76,77,80,83,86,87,93,99,101" machi="76" ten="20,18000,2" yaku="1,1,5,1,0,1,7,1,9,1,8,1,53,1" doraHai="34" doraHaiUra="43" who="0" fromWho="0" sc="240,200,240,-60,250,-60,250,-60" /><INIT seed="0,1,0,4,2,55" ten="440,180,190,190" oya="0" hai0="1,113,33,29,17,5,43,134,47,127,63,125,27" hai1="58,116,59,34,46,123,35,36,45,102,91,89,66" hai2="110,135,61,94,50,25,111,9,19,22,72,93,128" hai3="100,114,79,52,84,53,23,44,121,42,31,101,107"/><T6/><D113/><U56/><E123/><V130/><F72/><W122/><G107/><T124/><D134/><U51/><E116/><V49/><F135/><W71/><G71/><T129/><D129/><N who="2" m="49770" /><F9/><W105/><G105/><T81/><D1/><U28/><E66/><V32/><F32/><W10/><G10/><T119/><D119/><U87/><E102/><N who="3" m="39530" /><G114/><T13/><D81/><U104/><E104/><V92/><F61/><W86/><G31/><T120/><D120/><N who="3" m="46185" /><G23/><N who="0" m="11695" /><D63/><U3/><E3/><V88/><F88/><N who="1" m="33865" /><E87/><N who="3" m="33322" /><G79/><T60/><D60/><U24/><E51/><RYUUKYOKU type="ron3" ba="1,0" sc="440,0,180,0,190,0,190,0" hai0="5,6,27,29,33,43,47,124,125,127" hai2="19,22,25,49,50,92,93,94,110,111" hai3="42,44,52,53" /><INIT seed="0,2,0,5,5,88" ten="440,180,190,190" oya="0" hai0="21,49,7,26,42,24,46,34,103,23,90,76,94" hai1="40,36,73,80,3,92,5,114,11,64,117,14,4" hai2="2,91,65,1,129,130,131,50,33,111,39,134,27" hai3="95,57,37,6,30,16,85,44,56,77,93,12,25"/><T9/><D103/><U28/><E117/><V125/><F39/><W53/><G6/><T100/><D100/><U66/><E114/><V119/><F119/><W120/><G120/><T32/><D76/><N who="1" m="44047" /><E28/><N who="2" m="19615" /><F111/><W98/><G37/><T101/><D101/><U20/><E20/><V31/><F65/><W48/><G98/><T55/><D24/><U126/><E126/><V15/><F125/><W13/><G13/><T63/><D23/><U116/><E116/><V29/><F50/><N who="3" m="30775" /><G25/><T132/><D132/><U89/><E14/><V35/><F134/><W99/><G57/><T54/><D63/><U102/><E102/><V51/><F51/><W19/><G30/><N who="2" m="11273" /><F35/><W10/><G19/><N who="0" m="12607" /><D32/><U82/><E5/><V113/><F113/><W110/><G110/><T118/><D34/><U69/><E82/><V62/><F62/><W127/><G127/><T68/><D118/><U61/><E61/><V124/><F124/><W59/><G59/><T106/><D68/><U52/><E69/><V122/><F122/><W60/><G60/><T58/><D106/><U133/><E133/><V96/><F15/><W17/><G17/><T121/><D121/><U123/><E123/><V81/><F81/><N who="3" m="47279" /><G99/><N who="0" m="57815" /><D58/><U70/><E70/><V74/><F74/><W78/><G78/><T104/><D104/><U83/><E83/><V47/><F47/><W71/><G71/><T79/><D79/><U75/><E75/><V112/><F112/><W67/><G67/><T128/><D49/><U109/><E109/><V38/><F38/><W105/><G105/><T43/><D46/><U45/><E36/><V97/><F97/><RYUUKYOKU ba="2,0" sc="440,-15,180,-15,190,15,190,15" hai2="1,2,91,96,129,130,131" hai3="10,12,16,44,48,93,95" /><INIT seed="1,3,0,5,4,65" ten="425,165,205,205" oya="1" hai0="133,60,94,2,16,8,92,51,131,78,108,113,132" hai1="104,71,89,57,118,61,26,30,47,42,109,67,72" hai2="11,18,15,120,6,9,98,76,66,114,107,130,117" hai3="28,88,123,68,79,44,50,31,33,63,119,90,84"/><U74/><E118/><V116/><F120/><W122/><G119/><T54/><D113/><U13/><E109/><V129/><F76/><W1/><G1/><T128/><D108/><U21/><E104/><V34/><F114/><W49/><G79/><T77/><D60/><U83/><E13/><N who="2" m="5303" /><F66/><W19/><G49/><T110/><D110/><U5/><E5/><V23/><F34/><W24/><G31/><T124/><D124/><U91/><E57/><V40/><F40/><W59/><G19/><T126/><D126/><U105/><E105/><V112/><F112/><W35/><G35/><T93/><D78/><U37/><REACH who="1" step="1"/><E83/><REACH who="1" ten="425,155,205,205" step="2"/><V62/><F107/><W87/><G68/><T101/><D2/><U103/><E103/><V115/><F115/><W111/><G111/><T52/><D101/><U29/><E29/><V17/><F117/><W95/><G59/><T53/><D131/><U70/><E70/><V75/><F116/><W14/><G63/><T55/><D128/><N who="2" m="49258" /><F62/><W20/><G14/><N who="0" m="7239" /><D133/><U135/><E135/><V102/><F102/><W25/><G24/><T100/><D132/><U127/><E127/><V121/><F121/><W12/><G12/><T45/><D100/><U38/><E38/><V85/><F15/><W81/><REACH who="3" step="1"/><G33/><REACH who="3" ten="425,155,205,195" step="2"/><T41/><D51/><U58/><E58/><V4/><F18/><W56/><G56/><T64/><D45/><U46/><E46/><V73/><F17/><W125/><G125/><T36/><D36/><U3/><E3/><V22/><F4/><W96/><G96/><T32/><D32/><U10/><E10/><V7/><F98/><RYUUKYOKU ba="3,2" sc="425,-15,155,15,205,-15,195,15" hai1="21,26,30,37,42,47,61,67,71,72,74,89,91" hai3="20,25,28,44,50,81,84,87,88,90,95,122,123" /><INIT seed="1,4,2,4,4,57" ten="410,170,190,210" oya="1" hai0="85,88,125,37,63,47,107,24,102,17,99,56,70" hai1="114,10,122,86,113,78,61,112,36,38,64,48,52" hai2="91,96,98,95,39,1,0,69,6,27,92,83,55" hai3="9,32,42,23,29,79,35,110,15,111,127,101,84"/><U26/><E122/><V80/><F39/><W75/><G75/><T105/><D70/><U109/><E10/><V87/><F69/><W90/><G79/><T40/><D125/><U14/><E14/><V134/><F134/><W8/><G101/><T133/><D133/><U71/><E26/><V81/><F6/><W119/><G42/><T43/><D43/><U33/><E33/><V82/><F55/><W74/><G74/><T131/><D131/><U3/><E3/><V30/><N who="2" m="20992" /><DORA hai="128" /><V94/><F98/><W68/><G68/><T132/><D85/><U46/><E86/><V16/><F16/><N who="3" m="10655" /><G84/><T108/><D102/><U121/><E78/><V73/><F73/><W7/><G90/><T34/><D132/><U100/><E100/><V53/><F53/><W115/><G119/><T21/><D34/><N who="3" m="12841" /><G115/><T65/><D88/><U126/><E121/><V4/><F4/><W58/><G58/><T97/><D97/><U28/><E28/><V118/><F118/><W66/><G66/><T89/><D89/><U130/><E126/><V129/><F129/><W72/><G72/><T13/><D99/><U19/><E130/><V12/><F12/><N who="3" m="5151" /><G29/><N who="0" m="17551" /><D107/><U106/><E106/><V117/><F117/><W76/><G76/><T54/><D65/><U5/><E5/><V124/><F124/><W59/><G127/><T11/><D105/><U67/><E67/><V51/><F94/><W50/><G9/><T20/><D11/><U60/><E19/><V2/><F95/><W135/><G135/><T104/><D104/><U93/><E93/><V77/><F77/><W62/><G50/><RYUUKYOKU ba="4,2" sc="410,15,170,-15,190,-15,210,15" hai0="13,17,20,37,40,47,54,56,63,108" hai3="59,62,110,111" /><INIT seed="2,5,2,2,0,40" ten="425,155,175,225" oya="2" hai0="106,3,112,133,48,47,131,77,65,129,44,39,113" hai1="66,64,68,45,79,14,72,134,9,99,33,30,8" hai2="11,63,96,35,86,122,20,46,1,91,90,107,29" hai3="4,32,56,70,71,15,25,69,130,111,93,52,89"/><V98/><F122/><W26/><G111/><T108/><D108/><U114/><E114/><V109/><F109/><W110/><G130/><N who="0" m="49675" /><D106/><U87/><E134/><V74/><F74/><W60/><G110/><T94/><D3/><U22/><E33/><V37/><F35/><W117/><G32/><T104/><D104/><U23/><E72/><V7/><F63/><W28/><G117/><T100/><D133/><U76/><E99/><V43/><F107/><W2/><G2/><T31/><D77/><U85/><E68/><V81/><REACH who="2" step="1"/><F91/><REACH who="2" ten="425,155,165,225" step="2"/><W82/><G82/><T95/><D112/><U24/><E79/><V105/><F105/><W13/><G4/><T123/><D113/><U125/><E76/><V17/><F17/><W97/><REACH who="3" step="1"/><G28/><REACH who="3" ten="425,155,165,215" step="2"/><T55/><D31/><U21/><E30/><V119/><F119/><W88/><G88/><T53/><D123/><U78/><E78/><V135/><F135/><W41/><G41/><N who="0" m="22591" /><D100/><U5/><E5/><V121/><F121/><W120/><G120/><T128/><D128/><U84/><E125/><V57/><F57/><W118/><G118/><T18/><D18/><U36/><E24/><AGARI ba="5,4" hai="1,7,11,20,24,29,37,43,46,81,86,90,96,98" machi="24" ten="40,3900,0" yaku="1,1,52,1,53,0" doraHai="40" doraHaiUra="54" who="2" fromWho="1" sc="425,0,155,-54,165,94,215,0" /><AGARI ba="5,0" hai="13,15,24,25,26,52,56,60,69,70,71,89,93,97" machi="24" ten="40,5200,0" yaku="1,1,54,1,53,1" doraHai="40" doraHaiUra="54" who="3" fromWho="1" sc="425,0,101,-52,259,0,215,52" /><INIT seed="2,6,0,1,5,125" ten="425,49,259,267" oya="2" hai0="56,121,8,48,64,51,55,105,34,90,57,38,5" hai1="119,77,95,17,118,63,6,44,85,132,43,52,15" hai2="135,21,98,69,37,131,93,22,0,120,72,18,97" hai3="71,26,19,84,49,24,123,40,62,3,9,78,12"/><V7/><F120/><W108/><G3/><T11/><D121/><U113/><E113/><V87/><F72/><W130/><G123/><T117/><D34/><U101/><E132/><V124/><F37/><W41/><G108/><T68/><D38/><U114/><E114/><V47/><F124/><W116/><G71/><T83/><D105/><U13/><E6/><V88/><F69/><W76/><G116/><T74/><D117/><U20/><E15/><V100/><F135/><W75/><G75/><T133/><D133/><U31/><E31/><V67/><F67/><W66/><G130/><T1/><D11/><U70/><E70/><V122/><F122/><W32/><G32/><T35/><D35/><U106/><E106/><V60/><F60/><W127/><G127/><T54/><D68/><U79/><E118/><V126/><F131/><W82/><G78/><T50/><D64/><U28/><E28/><V112/><F112/><W107/><G107/><T80/><D74/><U59/><E119/><V16/><F47/><N who="3" m="25831" /><G41/><T36/><D36/><U89/><REACH who="1" step="1"/><E101/><REACH who="1" ten="425,39,259,267" step="2"/><V86/><F126/><W111/><G111/><T45/><D1/><U115/><E115/><V94/><F7/><W25/><G66/><T110/><D110/><U53/><E53/><V29/><F0/><W99/><G62/><T23/><D54/><U39/><AGARI ba="6,1" hai="13,17,20,39,43,44,52,59,63,77,79,85,89,95" machi="39" ten="20,8000,1" yaku="1,1,0,1,7,1,54,1,53,1" doraHai="125" doraHaiUra="58" who="1" fromWho="1" sc="425,-26,39,108,259,-46,267,-26" /><INIT seed="3,0,0,3,1,62" ten="399,147,213,241" oya="3" hai0="85,66,32,67,11,1,102,124,15,27,73,99,19" hai1="10,9,121,31,86,0,104,105,79,116,48,33,88" hai2="70,76,59,127,14,49,90,98,54,55,7,96,109" hai3="106,8,43,71,97,20,103,24,118,30,4,60,21"/><W107/><G118/><T22/><D73/><U72/><E116/><V84/><F109/><W130/><G43/><T52/><D124/><U91/><E121/><V5/><F70/><W81/><G130/><T108/><D108/><U25/><E72/><V45/><F76/><W111/><G111/><T53/><D1/><U78/><E104/><V125/><F125/><W132/><G132/><T41/><D32/><U100/><E100/><V115/><F115/><W120/><G120/><T56/><D85/><U17/><E105/><V57/><F127/><W119/><G119/><T135/><D41/><U77/><E0/><V113/><F113/><W61/><G107/><T80/><D80/><U95/><E17/><V2/><F2/><W110/><G110/><T128/><D128/><U18/><E18/><V16/><F98/><W87/><G21/><T38/><D38/><U35/><E35/><V40/><F96/><W82/><G82/><T50/><D53/><N who="2" m="19978" /><F5/><W28/><G28/><N who="0" m="17527" /><D135/><U123/><E123/><V42/><F42/><W83/><G83/><T74/><D74/><U129/><E129/><V39/><F39/><W6/><G71/><T131/><D131/><U112/><E112/><V65/><F65/><W64/><G64/><T23/><D23/><U46/><REACH who="1" step="1"/><E91/><REACH who="1" ten="399,137,213,241" step="2"/><V117/><F117/><W29/><G29/><T134/><D134/><U26/><E26/><V37/><F7/><N who="3" m="2603" /><G8/><T47/><D47/><U126/><E126/><V3/><F3/><W63/><G81/><T58/><D58/><U122/><E122/><V133/><F133/><W89/><G89/><T75/><D75/><RYUUKYOKU ba="0,1" sc="399,10,137,10,213,-30,241,10" hai0="11,15,19,50,52,56,66,67,99,102" hai1="9,10,25,31,33,46,48,77,78,79,86,88,95" hai3="20,24,30,60,61,63,87,97,103,106" /><INIT seed="3,1,1,3,3,89" ten="409,147,183,251" oya="3" hai0="78,53,85,42,108,45,7,8,62,95,5,68,120" hai1="131,94,71,87,61,105,56,132,16,0,64,51,13" hai2="110,128,41,18,14,46,66,30,48,25,79,38,107" hai3="114,116,100,80,33,74,23,133,57,82,135,54,3"/><W103/><G33/><T26/><D120/><U32/><E105/><V97/><F110/><W31/><G3/><T49/><D108/><U21/><E32/><V59/><F128/><W93/><G116/><T63/><D68/><U12/><E0/><V109/><F109/><W77/><G82/><N who="0" m="47319" /><D26/><U27/><E131/><V113/><F113/><W117/><G114/><T67/><D67/><U101/><E132/><N who="3" m="50762" /><G117/><T134/><D134/><U91/><E101/><V73/><F79/><W115/><G115/><T39/><D39/><U36/><E36/><V98/><F107/><W15/><G93/><T119/><D119/><U92/><E71/><V111/><F73/><W55/><G55/><T10/><D95/><N who="1" m="54783" /><E51/><V99/><F111/><W72/><G72/><T35/><D35/><U70/><E70/><V86/><F38/><W52/><G54/><T58/><D63/><U28/><E28/><V81/><F66/><W83/><G83/><T34/><D34/><U60/><E60/><V123/><F123/><W11/><G23/><T122/><D122/><U50/><E50/><V9/><F59/><W118/><G31/><T88/><D88/><U19/><E27/><V69/><F69/><W40/><G40/><T96/><D96/><U20/><AGARI ba="1,1" hai="12,13,16,19,20,21,56,61,64,92,94" m="54783" machi="20" ten="30,8000,1" yaku="8,1,52,3,54,1" doraHai="89" who="1" fromWho="1" sc="409,-21,147,93,183,-21,251,-41" owari="388,49.0,240,4.0,162,-34.0,210,-19.0" /></mjloggm>