<mjloggm ver="2.3"><GO type="169" lobby="0"/><UN n0="%E3%82%A6%E3%83%AB%E3%83%88%E3%83%A9%E7%AB%8B%E7%9B%B4" n1="%E3%83%A9%E3%83%A0%E3%83%80%E3%81%95%E3%82%93" n2="%E4%BB%8A%E5%A4%9C%E3%81%AF%E5%BD%B9%E7%89%8C%E3%83%90%E3%83%83%E3%82%AF" n3="%E3%81%8D%E3%81%97%E3%82%8A%E3%81%A3%E3%81%97%E3%82%85" dan="16,17,16,16" rate="2106.90,2095.12,2072.15,2052.18" sx="M,M,M,F"/><TAIKYOKU oya="0"/><INIT seed="0,0,0,4,2,48" ten="250,250,250,250" oya="0" hai0="33,115,82,62,9,53,24,74,106,19,76,108,127" hai1="95,89,57,52,65,39,78,135,18,92,102,13,21" hai2="118,17,6,42,37,23,103,109,132,93,101,34,105" hai3="22,66,49,134,91,8,40,100,26,70,55,99,119"/><T67/><D115/><U128/><E39/><V2/><F34/><W5/><G119/><T104/><D108/><U68/><E128/><V133/><F109/><W97/><G134/><N who="2" m="51817" /><F105/><W3/><G40/><T63/><D127/><U36/><E36/><V28/><F28/><W116/><G116/><T126/><D126/><U60/><E135/><V120/><F120/><W86/><G66/><T32/><D32/><U123/><E123/><V81/><F81/><W129/><G70/><T88/><D62/><U77/><E102/><V43/><F37/><W12/><G3/><T72/><D72/><U96/><REACH who="1" step="1"/><E95/><REACH who="1" ten="250,240,250,250" step="2"/><V84/><F103/><W50/><G100/><T73/><D104/><U69/><E69/><V41/><F101/><W131/><G129/><T46/><D106/><U15/><E15/><V61/><F93/><W111/><G131/><T117/><D117/><U59/><E59/><V87/><F118/><W122/><G111/><T1/><D1/><U10/><E10/><N who="2" m="2391" /><F61/><AGARI ba="0,1" hai="13,18,21,52,57,60,61,65,68,77,78,89,92,96" machi="61" ten="30,8000,1" yaku="1,1,7,1,52,1,54,1,53,1" doraHai="48" doraHaiUra="90" who="1" fromWho="2" sc="250,0,240,90,250,-80,250,0" /><INIT seed="1,0,0,3,0,48" ten="250,330,170,250" oya="1" hai0="26,118,97,24,115,89,113,31,129,75,62,68,8" hai1="6,41,85,96,33,21,84,130,0,11,14,74,91" hai2="123,73,1,2,106,3,13,19,67,22,99,90,47" hai3="110,59,55,56,92,117,86,49,5,134,4,132,103"/><U107/><E74/><V9/><F123/><W72/><G72/><T23/><D118/><U63/><E33/><V87/><F73/><W76/><G117/><T104/><D75/><U125/><E130/><V133/><F133/><N who="3" m="51307" /><G110/><T7/><D129/><U36/><E125/><V116/><F116/><W120/><G120/><T58/><D68/><U70/><E41/><V20/><F67/><W83/><G59/><T65/><D26/><U121/><E36/><V50/><F99/><AGARI ba="0,0" hai="4,5,49,55,56,76,83,86,92,99,103" m="51307" machi="99" ten="30,2000,0" yaku="20,1,52,1" doraHai="48" who="3" fromWho="2" sc="250,0,330,0,170,-20,250,20" /><INIT seed="2,0,0,4,5,121" ten="250,330,150,270" oya="2" hai0="60,93,61,132,2,125,9,18,109,120,103,4,102" hai1="25,92,73,69,29,88,127,70,89,134,91,58,95" hai2="33,97,90,15,46,66,108,104,14,128,54,87,98" hai3="71,59,118,111,99,20,116,13,80,107,55,10,52"/><V133/><F33/><W26/><G111/><T112/><D109/><U35/><E73/><V101/><F108/><W65/><G71/><T16/><D120/><U135/><E127/><V100/><F133/><N who="1" m="50697" /><E58/><V51/><F66/><W27/><G65/><T0/><D132/><U117/><E117/><V114/><F128/><W85/><G55/><T1/><D125/><U37/><E37/><V49/><F49/><W21/><G99/><T68/><D112/><U83/><E83/><V72/><F72/><W94/><G94/><AGARI ba="0,0" hai="25,29,35,69,70,88,89,91,92,94,95" m="50697" machi="94" ten="30,2000,0" yaku="20,1,54,1" doraHai="121" who="1" fromWho="3" sc="250,0,330,20,150,0,270,-20" /><INIT seed="3,0,0,0,1,89" ten="250,350,150,250" oya="3" hai0="52,23,20,51,55,127,47,88,69,6,122,99,24" hai1="134,33,79,128,44,25,84,67,115,32,36,135,64" hai2="34,30,91,96,105,102,129,109,76,56,90,73,54" hai3="74,29,70,68,61,46,110,77,75,82,83,57,94"/><W28/><G110/><T118/><D69/><U71/><E115/><V11/><F109/><W37/><G68/><T5/><D122/><U131/><E79/><V123/><F129/><N who="1" m="49737" /><E84/><V116/><F116/><W49/><G37/><T12/><D127/><U114/><E114/><V117/><F117/><W62/><G70/><T125/><D125/><U103/><E103/><V40/><F40/><W7/><G7/><T38/><D38/><U18/><E18/><V50/><F76/><W2/><G2/><T113/><D113/><U63/><E67/><V81/><F73/><W22/><G75/><T104/><D104/><U53/><E53/><V78/><F78/><W111/><G111/><T0/><D0/><U80/><E80/><V43/><F81/><W133/><G82/><T58/><D118/><U120/><E120/><V130/><F123/><W4/><G4/><T8/><D6/><U60/><E60/><V14/><F43/><N who="3" m="24799" /><G61/><N who="0" m="36039" /><D24/><U132/><E25/><N who="2" m="18767" /><F130/><W26/><G74/><T59/><D59/><U101/><E101/><V1/><F1/><W121/><G77/><T48/><D48/><U106/><E106/><V65/><F65/><N who="3" m="39119" /><G121/><T86/><D99/><U107/><E107/><V3/><F3/><W17/><G83/><AGARI ba="0,0" hai="5,8,12,20,23,47,51,55,83,86,88" m="36039" machi="83" ten="30,3900,0" yaku="8,1,54,2" doraHai="89" who="0" fromWho="3" sc="250,39,350,0,150,0,250,-39" /><INIT seed="4,0,0,2,4,0" ten="289,350,150,211" oya="0" hai0="135,95,81,13,57,104,33,39,44,110,111,107,103" hai1="117,100,38,76,102,41,62,73,11,113,2,124,91" hai2="43,21,99,112,125,121,128,18,118,93,86,66,25" hai3="134,122,46,40,71,63,106,70,53,19,79,90,22"/><T85/><D33/><U31/><E117/><V55/><F121/><W131/><G106/><T61/><D135/><U15/><E124/><V32/><F125/><W23/><G23/><T108/><D13/><U56/><E2/><V83/><F118/><W126/><G126/><T96/><D44/><U87/><E113/><V6/><F112/><W14/><G134/><T80/><D39/><U84/><E31/><V94/><F128/><W30/><G131/><T58/><D58/><U9/><E73/><V34/><F66/><W133/><G79/><N who="0" m="46239" /><D57/><U59/><E38/><V1/><F43/><W49/><G71/><T132/><D61/><U130/><E130/><V4/><F55/><W119/><G70/><T37/><D37/><U75/><E75/><V88/><F93/><W27/><G119/><T109/><D132/><U114/><E114/><V10/><REACH who="2" step="1"/><F6/><REACH who="2" ten="289,350,140,211" step="2"/><W98/><G53/><T42/><D42/><U48/><E41/><V35/><F35/><W26/><G133/><T47/><D111/><U65/><E65/><V77/><AGARI ba="0,1" hai="1,4,10,18,21,25,32,34,77,83,86,88,94,99" machi="77" ten="20,8000,1" yaku="1,1,0,1,7,1,52,1,54,1,53,0" doraHai="0" doraHaiUra="67" who="2" fromWho="2" sc="289,-40,350,-20,140,90,211,-20" /><INIT seed="5,0,0,5,5,114" ten="249,330,230,191" oya="1" hai0="65,3,93,115,4,135,100,63,70,67,106,77,94" hai1="25,58,47,62,17,18,37,102,52,60,92,28,5" hai2="26,109,90,61,119,95,116,30,88,87,132,79,23" hai3="54,59,2,97,39,122,45,42,15,123,46,121,71"/><U78/><E5/><V32/><F109/><W31/><G2/><T0/><D94/><U68/><E78/><V51/><F79/><W85/><G31/><T36/><D93/><U105/><E105/><V118/><F132/><W111/><G97/><N who="0" m="61711" /><D67/><U27/><E27/><V16/><F90/><W103/><G103/><T112/><D77/><U24/><E24/><V108/><F108/><W104/><G104/><T120/><D120/><U12/><E12/><V131/><F131/><W57/><G85/><T74/><D74/><U64/><E102/><V13/><REACH who="2" step="1"/><F51/><REACH who="2" ten="249,330,220,191" step="2"/><N who="3" m="29039" /><G111/><T34/><D135/><U113/><E37/><V14/><F14/><W86/><G15/><T49/><D49/><U22/><E113/><V20/><F20/><W41/><G39/><T89/><D89/><U6/><E22/><V126/><F126/><W117/><G123/><T7/><D36/><U124/><E124/><V72/><F72/><W83/><G122/><T129/><D129/><U96/><E25/><V8/><F8/><W66/><G121/><T53/><D115/><U110/><E110/><V29/><F29/><W11/><G11/><N who="0" m="2439" /><D112/><U35/><E28/><V9/><F9/><W84/><G84/><T73/><D73/><U10/><E10/><V75/><F75/><W133/><G86/><T80/><D3/><U50/><E50/><V99/><F99/><W134/><G133/><T91/><D7/><U127/><E96/><V44/><F44/><W130/><G134/><T33/><D91/><U48/><E127/><V38/><F38/><W40/><G130/><T128/><D128/><U43/><E48/><RYUUKYOKU ba="0,1" sc="249,-10,330,-10,220,30,191,-10" hai2="13,16,23,26,30,32,61,87,88,95,116,118,119" /><INIT seed="6,1,1,1,2,70" ten="239,320,250,181" oya="2" hai0="68,124,10,35,69,78,41,129,32,4,17,85,116" hai1="87,86,23,56,128,88,97,130,94,29,132,135,91" hai2="71,28,77,89,92,64,73,99,105,7,93,104,112" hai3="106,117,76,59,55,19,118,121,95,60,63,8,127"/><V3/><F112/><W134/><G106/><T44/><D124/><U31/><E56/><V46/><F28/><N who="1" m="10825" /><E23/><V125/><F125/><W72/><G127/><T61/><D17/><U39/><E39/><V27/><F27/><W90/><G121/><T123/><D123/><U98/><E86/><V126/><F126/><W0/><G134/><N who="1" m="51242" /><E97/><V66/><F7/><W52/><G19/><T50/><D129/><U96/><E96/><V2/><F104/><W37/><G37/><T48/><D48/><U16/><E16/><V9/><F105/><W30/><G63/><T119/><D85/><U109/><E109/><V113/><F71/><N who="0" m="27210" /><D61/><U15/><E15/><V14/><F14/><W81/><G30/><T13/><D78/><U24/><E24/><V114/><F77/><W80/><G76/><T20/><D20/><U36/><E36/><V79/><F79/><W34/><G60/><T42/><D42/><U47/><E47/><V111/><F46/><W43/><G59/><T82/><D82/><AGARI ba="1,1" hai="82,87,88,91,94,98,128,130" m="51242,10825" machi="82" ten="30,2000,0" yaku="20,1,54,1" doraHai="70" who="1" fromWho="0" sc="239,-23,320,33,250,0,181,0" /><INIT seed="7,0,0,3,2,64" ten="216,353,250,181" oya="3" hai0="107,125,131,93,91,44,42,134,25,119,117,72,92" hai1="101,6,0,9,63,10,39,62,82,78,50,68,84" hai2="128,65,100,129,52,35,77,12,130,15,90,79,80" hai3="70,24,75,95,104,73,98,1,85,121,45,59,71"/><W40/><G59/><T76/><D107/><U22/><E39/><V28/><F100/><N who="3" m="62487" /><G95/><T11/><D93/><U49/><E101/><V127/><F127/><W8/><G85/><T18/><D91/><U37/><E37/><V53/><F65/><W124/><G124/><T27/><D18/><U114/><E114/><V60/><F90/><W30/><G121/><T109/><D25/><U61/><E68/><N who="3" m="26154" /><G45/><T105/><D44/><U7/><REACH who="1" step="1"/><E22/><REACH who="1" ten="216,343,250,181" step="2"/><V106/><F128/><W5/><G40/><T19/><D42/><U31/><E31/><V29/><F129/><W23/><G23/><T133/><D125/><U46/><E46/><V116/><F130/><W16/><G16/><T112/><D19/><U97/><E97/><V43/><F43/><W3/><G3/><AGARI ba="0,1" hai="0,3,6,7,9,10,49,50,61,62,63,78,82,84" machi="3" ten="40,2600,0" yaku="1,1,9,1,53,0" doraHai="64" doraHaiUra="66" who="1" fromWho="3" sc="216,0,343,36,250,0,181,-26" owari="216,-18.0,379,47.0,250,5.0,155,-34.0" /></mjloggm>