<mjloggm ver="2.3"><GO type="97" lobby="0"/><UN n0="%E3%81%8A%E3%80%81%EF%BC%AA%E3%81%8B%EF%BC%9F" n1="%E5%B0%B1%E6%B4%BB%E7%94%9F%40%E5%B7%9D%E6%9D%91%E8%BB%8D%E5%9B%A3" n2="%E9%89%84%E5%B9%B3" n3="%E7%A3%81%E6%B0%97%E5%B5%90" dan="14,15,14,14" rate="1946.05,1997.55,2023.74,1867.07" sx="M,M,M,M"/><TAIKYOKU oya="0"/><INIT seed="0,0,0,1,5,60" ten="250,250,250,250" oya="0" hai0="108,132,118,69,99,71,39,30,73,87,109,47,100" hai1="85,66,56,97,38,102,4,5,35,64,55,91,13" hai2="131,53,31,103,106,110,1,33,12,80,29,23,82" hai3="124,50,117,101,43,107,9,128,125,45,58,113,94"/><T20/><D73/><U62/><E35/><V63/><F1/><W104/><G117/><T90/><D118/><U52/><E38/><V130/><F110/><N who="0" m="42602" /><D132/><U34/><E34/><V121/><F121/><W17/><G113/><T120/><D120/><U40/><E40/><V8/><F33/><W48/><G128/><N who="2" m="49193" /><F103/><W54/><G94/><N who="0" m="54623" /><D39/><U51/><E97/><V68/><F106/><W98/><G104/><N who="0" m="63519" /><D47/><N who="1" m="27775" /><E102/><V24/><F31/><W78/><G9/><T42/><D42/><U41/><E41/><V28/><F28/><W75/><G17/><T111/><N who="0" m="42610" /><T112/><DORA hai="86" /><D112/><U83/><E5/><V88/><F53/><W3/><G3/><T44/><D44/><U16/><E4/><V134/><F134/><W126/><G75/><T57/><D57/><U96/><E96/><V32/><F32/><W21/><G21/><AGARI ba="0,0" hai="13,16,21,55,56,62,64,66,83,85,91" m="27775" machi="21" ten="30,12000,2" yaku="8,1,52,3,54,2" doraHai="60,86" who="1" fromWho="3" sc="250,0,250,120,250,0,250,-120" /><INIT seed="1,0,0,5,3,0" ten="250,370,250,130" oya="1" hai0="73,70,108,65,135,13,17,95,60,52,35,133,109" hai1="99,134,123,93,96,84,26,104,2,80,78,79,103" hai2="16,18,24,75,115,107,42,63,11,14,37,81,43" hai3="38,94,6,12,57,44,56,72,15,40,19,5,67"/><U59/><E2/><V21/><F107/><W112/><G72/><T90/><D73/><U48/><E123/><V45/><F115/><W3/><G112/><T61/><D35/><U87/><E134/><N who="0" m="51209" /><D61/><U7/><E7/><V102/><F42/><W83/><G3/><T39/><D39/><U31/><E59/><N who="3" m="22602" /><G38/><T97/><D52/><U128/><E48/><V33/><F102/><W111/><G67/><T91/><D91/><U113/><E113/><V116/><F116/><W27/><G83/><T34/><D34/><U121/><E121/><V85/><F33/><W49/><G94/><T101/><D101/><U106/><E26/><V131/><F75/><W124/><G124/><T86/><D97/><U88/><E31/><V25/><F131/><W71/><G71/><T105/><D105/><N who="1" m="63719" /><E128/><V8/><F63/><W46/><G46/><T10/><AGARI ba="0,0" hai="10,13,17,60,65,70,86,90,95,108,109" m="51209" machi="10" ten="30,1100,0" yaku="20,1" doraHai="0" who="0" fromWho="0" sc="250,11,370,-5,250,-3,130,-3" /><INIT seed="2,0,0,0,5,90" ten="261,365,247,127" oya="2" hai0="135,84,18,1,95,26,93,13,118,67,46,57,61" hai1="97,34,122,109,75,74,130,12,17,112,60,38,40" hai2="101,47,105,132,4,128,82,77,99,44,134,131,89" hai3="24,87,9,98,3,29,28,15,125,108,113,133,92"/><V63/><F4/><W30/><G113/><T64/><D1/><U119/><E34/><V41/><F63/><W49/><G108/><T79/><D135/><N who="2" m="51754" /><F44/><W114/><G114/><T48/><D118/><U51/><E38/><V106/><F47/><W68/><G133/><T11/><D67/><U8/><E60/><V88/><F106/><W45/><G68/><T81/><D26/><U22/><E51/><V0/><F41/><AGARI ba="0,0" hai="11,13,18,41,46,48,57,61,64,79,81,84,93,95" machi="41" ten="30,7700,0" yaku="7,1,8,1,52,2" doraHai="90" who="0" fromWho="2" sc="261,77,365,0,247,-77,127,0" /><INIT seed="3,0,0,2,0,59" ten="338,365,170,127" oya="3" hai0="120,40,42,135,18,78,57,44,23,12,74,83,108" hai1="122,55,62,19,134,114,7,33,2,103,35,14,48" hai2="102,90,61,81,34,107,124,77,5,96,132,113,115" hai3="27,73,29,111,45,17,49,58,109,50,54,25,46"/><W47/><G73/><T71/><D71/><U39/><E39/><V75/><F34/><W121/><G121/><T80/><D120/><U10/><E122/><V82/><F5/><W16/><G49/><T0/><D108/><N who="3" m="41545" /><G27/><T37/><D135/><U89/><E114/><N who="2" m="43531" /><F61/><W112/><G112/><T56/><D42/><U60/><E103/><V63/><F63/><W92/><G92/><T100/><D100/><U38/><E38/><V125/><F132/><W53/><G53/><T85/><REACH who="0" step="1"/><D0/><REACH who="0" ten="328,365,170,127" step="2"/><U101/><E134/><V118/><F118/><W4/><G4/><T15/><D15/><N who="1" m="5599" /><E35/><AGARI ba="0,1" hai="16,17,25,29,35,45,46,47,50,54,58" m="41545" machi="35" ten="30,5800,0" yaku="14,1,10,1,54,1" doraHai="59" who="3" fromWho="1" sc="328,0,365,-58,170,0,127,68" /><INIT seed="3,1,0,5,5,61" ten="328,307,170,195" oya="3" hai0="67,5,78,92,83,18,133,127,10,108,118,93,42" hai1="104,106,25,29,46,82,126,113,32,24,3,52,28" hai2="53,13,26,79,7,11,114,73,128,99,2,6,38" hai3="134,81,91,72,36,116,95,43,96,119,30,107,112"/><W50/><G30/><T70/><D118/><U60/><E3/><V37/><F114/><W47/><G112/><T27/><D127/><U54/><E113/><V63/><F128/><W31/><G31/><T122/><D122/><U66/><E126/><V125/><F125/><W34/><G34/><T121/><D121/><U89/><E106/><V71/><F99/><W15/><G15/><T101/><D108/><U39/><E104/><V1/><F13/><W102/><G134/><T117/><D117/><U98/><E39/><V87/><F87/><N who="3" m="52735" /><G36/><T131/><D42/><U14/><E14/><V88/><F26/><N who="1" m="10345" /><E32/><V20/><F20/><W103/><G103/><T132/><D101/><U16/><E16/><V33/><F33/><W120/><G120/><T124/><D124/><U58/><E54/><V41/><F88/><W100/><G100/><T85/><D131/><U51/><E82/><N who="2" m="45423" /><F53/><W80/><G80/><T45/><D83/><U35/><E35/><V130/><F130/><W123/><G123/><T21/><D78/><AGARI ba="1,0" hai="43,47,50,72,78,81,96,102,107,116,119" m="52735" machi="78" ten="30,1500,0" yaku="24,1" doraHai="61" who="3" fromWho="0" sc="328,-18,307,0,170,0,195,18" /><INIT seed="3,2,0,4,4,43" ten="310,307,170,213" oya="3" hai0="111,83,53,110,118,73,115,14,67,68,13,3,133" hai1="107,123,112,74,52,41,11,18,48,99,32,24,16" hai2="101,17,26,84,60,119,57,34,33,106,30,65,78" hai3="15,121,40,25,85,100,82,91,116,90,104,66,79"/><W76/><G116/><T132/><D115/><U45/><E74/><V5/><F119/><W42/><G121/><T55/><D118/><U54/><E123/><V49/><F5/><W9/><G66/><T58/><D3/><U71/><E112/><V113/><F113/><W129/><G129/><T39/><D39/><U47/><E71/><V12/><F49/><W135/><G135/><N who="0" m="51787" /><D68/><U77/><E77/><V122/><F122/><W29/><G104/><T108/><D67/><U130/><E130/><V70/><F57/><W23/><G100/><T75/><D53/><U80/><E80/><V131/><F131/><W93/><G79/><N who="0" m="44527" /><D75/><U38/><E54/><V22/><F34/><W87/><REACH who="3" step="1"/><G76/><REACH who="3" ten="310,307,170,203" step="2"/><T1/><D1/><U0/><E0/><V62/><F78/><W127/><G127/><T50/><AGARI ba="2,1" hai="13,14,50,55,58,108,110,111" m="44527,51787" machi="50" ten="40,2700,0" yaku="14,1,20,1" doraHai="43" who="0" fromWho="0" sc="310,43,307,-9,170,-9,203,-15" owari="353,45.0,298,10.0,161,-34.0,188,-21.0" /></mjloggm>