<mjloggm ver="2.3"><GO type="97" lobby="0"/><UN n0="%E5%B0%B1%E6%B4%BB%E7%94%9F%40%E5%B7%9D%E6%9D%91%E8%BB%8D%E5%9B%A3" n1="%28%EF%BC%BE%CF%89%EF%BC%BE%29%E3%81%8A%E3%81%89%E3%82%93" n2="%E3%82%AB%E3%83%A9%E3%82%B9%E3%81%AE%E5%AD%90" n3="%41%63%63%75%72%61%79" dan="15,14,15,14" rate="2026.79,1955.56,2019.32,1922.05" sx="M,F,M,M"/><TAIKYOKU oya="0"/><INIT seed="0,0,0,2,4,52" ten="250,250,250,250" oya="0" hai0="39,122,22,117,76,129,64,3,86,56,19,15,97" hai1="34,16,29,11,7,69,125,28,132,126,119,134,51" hai2="46,102,121,112,83,74,59,49,135,31,98,26,61" hai3="118,36,107,106,20,18,87,0,85,57,17,100,47"/><T93/><D122/><U38/><E38/><V37/><F121/><W63/><G118/><T9/><D117/><U53/><E69/><V21/><F112/><W33/><G33/><T95/><D39/><U14/><E119/><V88/><F135/><N who="1" m="51753" /><E51/><V13/><F37/><W23/><G0/><T96/><D129/><U130/><E53/><V65/><F74/><W70/><G70/><T77/><D3/><N who="1" m="511" /><E130/><V24/><F24/><W115/><G115/><T110/><D110/><U105/><E105/><V104/><F13/><W114/><G114/><T101/><D9/><N who="1" m="6223" /><E34/><V99/><F102/><W89/><G106/><T54/><D64/><U67/><E67/><V45/><F104/><W6/><G36/><T42/><D42/><U44/><E44/><N who="2" m="17003" /><F49/><W92/><G47/><T78/><D86/><AGARI ba="0,0" hai="21,26,31,59,61,65,83,86,88,98,99" m="17003" machi="86" ten="30,3900,0" yaku="8,1,52,1,54,1" doraHai="52" who="2" fromWho="0" sc="250,-39,250,0,250,39,250,0" /><INIT seed="1,0,0,5,3,109" ten="211,250,289,250" oya="1" hai0="123,37,25,6,121,113,131,30,120,9,13,100,82" hai1="110,60,26,127,88,114,73,49,45,116,80,5,17" hai2="32,68,3,18,10,99,134,43,89,40,51,71,76" hai3="47,2,57,81,63,8,107,35,106,69,15,90,64"/><U97/><E116/><V78/><F32/><W38/><G35/><T83/><D37/><U86/><E110/><V129/><F129/><W96/><G2/><T62/><D131/><U20/><E114/><V59/><F134/><W119/><G119/><T92/><D113/><U95/><E127/><V4/><F71/><W1/><G1/><T56/><D92/><U33/><E33/><V61/><F68/><W126/><G126/><T79/><D100/><U39/><E39/><V29/><F29/><W48/><G38/><T125/><D125/><U124/><E124/><V108/><F108/><W74/><G69/><T115/><D115/><U118/><E73/><V98/><F18/><W85/><G74/><T53/><REACH who="0" step="1"/><D79/><REACH who="0" ten="201,250,289,250" step="2"/><U111/><E118/><V52/><F78/><W70/><G107/><T132/><D132/><U42/><E111/><V105/><F76/><W65/><G106/><T55/><D55/><U41/><E41/><V135/><F135/><W16/><G96/><T101/><D101/><U27/><E60/><V77/><F77/><W14/><G65/><T130/><D130/><U133/><E133/><V87/><F105/><W28/><G64/><T84/><D84/><U128/><E128/><V102/><F102/><W103/><G103/><T7/><D7/><U58/><E5/><V112/><F112/><W50/><G85/><T24/><D24/><N who="1" m="14351" /><E58/><V93/><F43/><W72/><G57/><T104/><D104/><U122/><E122/><V11/><F40/><W67/><G70/><T31/><D31/><U0/><E0/><N who="2" m="263" /><F61/><W54/><G63/><T34/><AGARI ba="0,1" hai="6,9,13,25,30,34,53,56,62,82,83,120,121,123" machi="34" ten="30,7900,0" yaku="1,1,5,1,0,1,13,1,53,0" doraHai="109" doraHaiUra="66" who="0" fromWho="0" sc="201,89,250,-39,289,-20,250,-20" /><INIT seed="2,0,0,5,1,93" ten="290,211,269,230" oya="2" hai0="124,114,38,67,77,112,115,39,76,63,135,46,105" hai1="90,45,107,28,117,106,133,71,113,42,127,13,15" hai2="60,25,32,72,44,109,0,52,89,48,50,41,78" hai3="59,125,34,134,122,123,7,69,1,43,84,129,5"/><V116/><F116/><W111/><G69/><T11/><D105/><U4/><E117/><V66/><F0/><W24/><G111/><T104/><D104/><U101/><E71/><V80/><F109/><W10/><G7/><T81/><D124/><U85/><E127/><V40/><F89/><W130/><G125/><T98/><D135/><U22/><E113/><V20/><F32/><W53/><G134/><T65/><D98/><U92/><E107/><V26/><F50/><W54/><G43/><T73/><D77/><U61/><E133/><V16/><REACH who="2" step="1"/><F25/><REACH who="2" ten="290,211,259,230" step="2"/><W27/><G34/><T102/><D39/><U47/><E90/><V19/><F19/><W12/><G1/><T126/><D126/><U23/><E4/><V74/><F74/><W75/><G75/><T36/><D38/><U91/><E91/><V94/><F94/><W37/><G37/><T2/><D36/><U86/><E92/><V87/><F87/><W62/><G84/><T108/><D108/><U57/><E106/><V131/><F131/><W29/><G129/><T8/><D73/><U35/><E35/><V9/><F9/><W95/><G130/><T68/><D11/><U103/><E28/><V121/><F121/><W70/><G95/><T132/><D8/><U18/><E18/><V100/><F100/><W110/><G110/><T55/><D2/><U49/><E101/><V119/><F119/><W3/><G3/><T79/><D102/><U97/><E86/><V33/><F33/><N who="3" m="20647" /><G27/><T51/><D132/><U64/><E85/><V17/><F17/><W6/><G122/><T120/><D120/><RYUUKYOKU ba="0,1" sc="290,-10,211,-10,259,30,230,-10" hai2="16,20,26,40,41,44,48,52,60,66,72,78,80" /><INIT seed="2,1,1,1,5,133" ten="280,201,289,220" oya="2" hai0="18,96,109,95,86,87,17,116,53,61,111,113,36" hai1="63,6,70,121,79,46,105,81,119,29,97,91,65" hai2="44,3,76,68,54,20,32,40,126,49,31,67,92" hai3="66,22,23,107,38,1,130,129,4,64,99,26,124"/><V25/><F3/><W112/><G38/><T115/><D36/><U73/><E119/><V100/><F76/><W55/><G112/><N who="0" m="43083" /><D61/><U39/><E121/><V85/><F68/><W15/><G1/><T72/><D53/><U59/><E59/><V16/><F67/><W50/><G107/><T69/><D69/><U82/><E29/><V114/><F114/><W62/><G62/><T42/><D42/><U56/><E6/><V7/><F7/><W123/><G123/><T60/><D60/><U108/><E108/><N who="0" m="41545" /><D72/><U84/><E56/><V47/><F47/><W12/><G55/><T10/><D116/><U131/><E131/><V9/><F54/><W102/><G50/><T127/><D127/><U21/><E21/><V106/><F126/><W122/><G124/><T128/><D128/><U8/><E8/><V90/><F9/><W74/><G74/><T132/><D132/><U43/><E105/><V88/><F106/><W34/><G66/><T11/><D11/><U135/><REACH who="1" step="1"/><E97/><REACH who="1" ten="280,191,289,220" step="2"/><V77/><F31/><W45/><G99/><T28/><D28/><U134/><AGARI ba="1,2" hai="39,43,46,63,65,70,73,79,81,82,84,91,134,135" machi="134" ten="30,7900,0" yaku="1,1,2,1,0,1,53,1" doraHai="133" doraHaiUra="83" who="1" fromWho="1" sc="280,-21,191,102,289,-40,220,-21" /><INIT seed="3,0,0,1,1,125" ten="259,293,249,199" oya="3" hai0="34,98,28,19,62,65,93,89,88,133,117,69,10" hai1="53,70,24,132,61,120,13,72,128,80,121,36,5" hai2="42,115,30,38,9,11,95,79,0,63,43,127,44" hai3="12,8,107,20,52,45,4,16,60,33,114,26,84"/><W22/><G114/><T23/><D117/><U58/><E36/><V97/><F115/><W51/><G107/><T105/><D133/><U32/><E132/><V66/><F127/><W81/><G33/><T29/><D34/><U39/><E39/><V3/><F42/><W86/><G60/><T109/><D109/><U104/><E104/><V55/><F30/><W1/><REACH who="3" step="1"/><G81/><REACH who="3" ten="259,293,249,189" step="2"/><T67/><D105/><U129/><E80/><V15/><F63/><W41/><G41/><T75/><D65/><U74/><E61/><V49/><F43/><W111/><G111/><T122/><D122/><U131/><E32/><V102/><F66/><W14/><G14/><T50/><D62/><U130/><E13/><V92/><F15/><W134/><G134/><T2/><D67/><U91/><E130/><V71/><F3/><W57/><G57/><T47/><D2/><U101/><E58/><V77/><F0/><W25/><G25/><T110/><D110/><U82/><E128/><V87/><F71/><W116/><G116/><T119/><D69/><U54/><E70/><V126/><F126/><W40/><G40/><T123/><D123/><U135/><E82/><V83/><F38/><W76/><G76/><T106/><D106/><U21/><E129/><V113/><F113/><W31/><AGARI ba="0,1" hai="1,4,8,12,16,20,22,26,31,45,51,52,84,86" machi="31" ten="20,12000,1" yaku="1,1,0,1,7,1,54,2,53,0" doraHai="125" doraHaiUra="64" who="3" fromWho="3" sc="259,-40,293,-40,249,-40,189,130" owari="219,-18.0,253,5.0,209,-29.0,319,42.0" /></mjloggm>