<mjloggm ver="2.3"><GO type="225" lobby="0"/><UN n0="%E3%83%9A%E3%82%B3" n1="%73%73%74%61%72%6F" n2="%46%4C%41%4D%45" n3="%E3%83%88%E3%83%88%E3%83%AA%E5%85%88%E7%94%9F%31%39%E6%AD%B3" dan="16,18,17,17" rate="2115.30,2119.50,2122.96,2189.47" sx="M,M,M,F"/><TAIKYOKU oya="0"/><INIT seed="0,0,0,0,3,101" ten="250,250,250,250" oya="0" hai0="35,100,126,87,30,50,61,121,90,110,105,51,28" hai1="129,86,102,46,65,7,45,47,20,103,8,6,14" hai2="72,112,38,109,74,9,3,79,118,43,119,95,97" hai3="2,33,62,77,23,116,64,13,120,19,16,15,134"/><T70/><D121/><U12/><E129/><V10/><F112/><W123/><G116/><N who="2" m="44585" /><F109/><W18/><G33/><T34/><D110/><U31/><E65/><V41/><F79/><W44/><G2/><T98/><D126/><U60/><E60/><V80/><F80/><W53/><G134/><T54/><D30/><U49/><E49/><V27/><F27/><W94/><G77/><T42/><D42/><N who="2" m="15882" /><F38/><W128/><G128/><T78/><D78/><U88/><E31/><V1/><F1/><W133/><G133/><T40/><D40/><U76/><E76/><V66/><F66/><W22/><G19/><T117/><D117/><U125/><E125/><V96/><F3/><W57/><G94/><T130/><D130/><U85/><E85/><V0/><F0/><W84/><G84/><T75/><D75/><N who="2" m="28714" /><F95/><W17/><G17/><T69/><D28/><U99/><E99/><AGARI ba="0,0" hai="9,10,96,97,99" m="28714,15882,44585" machi="99" ten="40,5200,0" yaku="28,2,12,1" doraHai="101" who="2" fromWho="1" sc="250,0,250,-52,250,52,250,0" /><INIT seed="1,0,0,4,5,72" ten="250,198,302,250" oya="1" hai0="77,120,127,124,62,32,119,59,3,67,27,96,90" hai1="80,112,58,0,135,84,10,130,117,102,75,63,47" hai2="126,128,28,123,61,98,79,132,95,71,48,104,60" hai3="18,22,12,25,30,41,101,42,50,1,17,131,35"/><U69/><E75/><V4/><F104/><W121/><G121/><T20/><D32/><U78/><E112/><V34/><F4/><W14/><G131/><T133/><D3/><U64/><E117/><V86/><F48/><W99/><G50/><T113/><D113/><U45/><E130/><V13/><F13/><W31/><G1/><T29/><D119/><U103/><E135/><V81/><F132/><W108/><G31/><T118/><D118/><U116/><E116/><V115/><F123/><W97/><G108/><T37/><D37/><U39/><E69/><V92/><F92/><W125/><G125/><N who="0" m="48203" /><D133/><U19/><E0/><V94/><F94/><W107/><REACH who="3" step="1"/><G97/><REACH who="3" ten="250,198,302,240" step="2"/><T36/><D96/><U15/><REACH who="1" step="1"/><E39/><REACH who="1" ten="250,188,302,240" step="2"/><V85/><F126/><W91/><G91/><T52/><D90/><U56/><E56/><V89/><F128/><W87/><G87/><T6/><D36/><U16/><E16/><V66/><F115/><W54/><G54/><T70/><D52/><U110/><E110/><V73/><F86/><W100/><G100/><AGARI ba="0,2" hai="10,15,19,45,47,58,63,64,78,80,84,100,102,103" machi="100" ten="40,7700,0" yaku="1,1,8,1,52,1,53,0" doraHai="72" doraHaiUra="65" who="1" fromWho="3" sc="250,0,188,97,302,0,240,-77" /><INIT seed="1,1,0,4,3,129" ten="250,285,302,163" oya="1" hai0="76,3,16,121,86,23,119,93,101,4,26,80,24" hai1="67,104,36,90,111,112,105,61,106,107,103,81,135" hai2="125,22,130,52,124,68,2,89,98,18,37,95,109" hai3="83,1,120,123,55,13,27,73,59,46,25,70,39"/><U11/><E112/><V35/><F35/><W33/><G70/><T43/><D119/><U30/><E106/><V69/><F2/><W7/><G13/><N who="0" m="9615" /><D3/><U126/><E103/><V78/><F109/><W133/><G133/><T60/><D4/><U84/><E135/><V17/><F130/><W54/><G33/><T108/><D108/><U14/><E111/><V115/><F115/><W77/><G120/><T64/><D43/><U58/><E36/><V45/><F78/><W44/><G123/><T49/><D49/><U0/><E0/><V82/><F82/><W100/><G100/><T9/><D9/><U88/><E126/><N who="2" m="48747" /><F17/><W12/><G12/><T66/><D121/><U91/><REACH who="1" step="1"/><E30/><REACH who="1" ten="250,275,302,163" step="2"/><V116/><F116/><W96/><G39/><T28/><D28/><U131/><E131/><V122/><F122/><W113/><G1/><T57/><D101/><U5/><AGARI ba="1,1" hai="5,11,14,58,61,67,81,84,88,90,91,104,105,107" machi="5" ten="30,6000,0" yaku="1,1,0,1,54,1,53,0" doraHai="129" doraHaiUra="19" who="1" fromWho="1" sc="250,-21,275,73,302,-21,163,-21" /><INIT seed="1,2,0,3,1,33" ten="229,348,281,142" oya="1" hai0="133,134,129,14,60,29,125,103,21,94,63,80,109" hai1="45,19,6,135,96,132,47,72,56,35,115,76,97" hai2="127,101,130,46,40,38,122,55,114,131,51,112,2" hai3="75,58,92,90,32,18,106,117,42,100,27,126,57"/><U4/><E35/><V59/><F101/><W34/><G75/><T74/><D109/><U65/><E115/><N who="2" m="44075" /><F2/><W98/><G126/><T12/><D125/><U99/><E19/><V89/><F89/><W73/><G117/><T1/><D1/><U48/><E72/><V71/><F127/><W120/><G120/><T111/><D111/><U5/><E76/><V83/><F83/><W104/><G73/><T22/><D129/><N who="2" m="49162" /><F71/><W77/><G77/><T43/><D103/><U113/><E113/><V87/><F87/><W116/><G116/><T54/><D80/><U25/><E25/><V79/><F79/><W81/><G81/><T121/><D94/><U9/><E9/><V61/><F122/><W108/><G108/><T69/><D69/><U110/><E110/><V11/><F11/><W39/><G106/><T26/><D121/><U102/><E102/><V15/><F15/><W28/><G34/><T107/><D12/><U88/><E88/><V70/><F70/><W7/><G7/><T31/><D14/><U68/><E68/><V84/><F84/><W91/><G91/><T10/><D107/><U86/><E86/><V53/><F53/><W119/><G119/><T0/><D54/><N who="1" m="31815" /><E65/><V123/><F123/><W124/><G124/><T16/><D74/><U50/><E6/><V85/><F85/><N who="3" m="52303" /><G18/><T30/><D16/><U78/><E78/><V52/><F55/><W95/><G104/><T62/><D0/><U105/><E105/><V36/><AGARI ba="2,0" hai="36,38,40,46,51,52,59,61" m="49162,44075" machi="36" ten="40,8000,1" yaku="11,1,19,1,34,2,54,1" doraHai="33" who="2" fromWho="2" sc="229,-22,348,-42,281,86,142,-22" /><INIT seed="2,0,0,2,5,18" ten="207,306,367,120" oya="2" hai0="11,132,92,32,69,88,134,30,85,112,102,121,89" hai1="77,9,83,38,35,42,15,82,76,46,39,105,81" hai2="133,58,48,29,40,17,65,23,52,43,127,16,126" hai3="10,94,130,13,7,63,110,4,108,21,120,61,78"/><V129/><F129/><W6/><G78/><T99/><D121/><U84/><E35/><V79/><F79/><W119/><G94/><T104/><D112/><U20/><E105/><V73/><F73/><W128/><G63/><T118/><D69/><U12/><E39/><V56/><F133/><N who="0" m="51306" /><D118/><U117/><E117/><V34/><F34/><W124/><G61/><T131/><D131/><N who="3" m="50217" /><G119/><T67/><D67/><U98/><E98/><V53/><F65/><W45/><G45/><T93/><D11/><U80/><E20/><V5/><F5/><N who="3" m="2155" /><G120/><T44/><D44/><U115/><E115/><V100/><F100/><W55/><G55/><T64/><D64/><U86/><E15/><V113/><F113/><W72/><G72/><T101/><D32/><U1/><E1/><V51/><F29/><W31/><G124/><T75/><D30/><U96/><E96/><V111/><F111/><W3/><G3/><T123/><D75/><U87/><E87/><V95/><F95/><W57/><G57/><T103/><D123/><U60/><E60/><V90/><F90/><W22/><G31/><T50/><D50/><U28/><E28/><V8/><F127/><W114/><G114/><T106/><AGARI ba="0,0" hai="85,88,89,92,93,99,101,102,103,104,106" m="51306" machi="106" ten="40,8000,1" yaku="20,1,34,2,54,1" doraHai="18" who="0" fromWho="0" sc="207,80,306,-20,367,-40,120,-20" /><INIT seed="3,0,0,5,3,45" ten="287,286,327,100" oya="3" hai0="38,130,4,79,83,30,75,8,128,100,34,118,70" hai1="114,111,35,108,92,22,72,85,132,43,97,117,86" hai2="94,16,125,53,101,14,61,10,5,24,68,36,31" hai3="0,58,40,17,90,56,106,28,135,7,15,80,1"/><W25/><G106/><T57/><D70/><U76/><E35/><V50/><F36/><W134/><G40/><T60/><D118/><U42/><E114/><V69/><F125/><W74/><G58/><T67/><D38/><U124/><E124/><V26/><F61/><W105/><G105/><T98/><D30/><U93/><E117/><V23/><F101/><W133/><G7/><T123/><D34/><U87/><E132/><V18/><F94/><N who="1" m="36457" /><E97/><V59/><F5/><W88/><G56/><T32/><D32/><AGARI ba="0,0" hai="10,14,16,18,23,24,26,31,32,50,53,59,68,69" machi="32" ten="30,3900,0" yaku="7,1,52,1,54,1" doraHai="45" who="2" fromWho="0" sc="287,-39,286,0,327,39,100,0" owari="248,-15.0,286,9.0,366,46.0,100,-40.0" /></mjloggm>