<mjloggm ver="2.3"><GO type="169" lobby="0"/><UN n0="%74%61%72%6F%33%39%30%30" n1="%E6%96%B0%E4%B8%96%E7%95%8C%E3%81%AE%E7%B4%99" n2="%E8%A5%BF%E6%9D%91%E9%9B%84%E4%B8%80%E9%83%8E" n3="%E3%82%A6%E3%83%AB%E3%83%88%E3%83%A9%E7%AB%8B%E7%9B%B4" dan="17,18,16,16" rate="2156.81,2253.46,2112.13,2140.89" sx="M,M,M,M"/><TAIKYOKU oya="0"/><INIT seed="0,0,0,4,4,82" ten="250,250,250,250" oya="0" hai0="119,110,67,62,40,93,126,86,37,112,109,83,132" hai1="13,91,21,10,19,9,98,1,18,121,12,99,11" hai2="36,101,92,100,115,25,117,31,106,61,39,75,94" hai3="129,111,66,125,63,123,95,76,103,29,128,79,2"/><T102/><D112/><U85/><E121/><V51/><F75/><W59/><G123/><T81/><D119/><U78/><E78/><V77/><F77/><W35/><G2/><T6/><D6/><U48/><E48/><V24/><F51/><W22/><G35/><T49/><D37/><U87/><E1/><V3/><F3/><W90/><G103/><T124/><D132/><U70/><E70/><V54/><F106/><W84/><G111/><N who="0" m="42507" /><D49/><U57/><E57/><V15/><F15/><W42/><G125/><N who="0" m="48235" /><D40/><U113/><E113/><V107/><F39/><W41/><G42/><T96/><D86/><N who="1" m="32779" /><E91/><V16/><F36/><W74/><G41/><T72/><D72/><U45/><E45/><V32/><F117/><W64/><G74/><T88/><D102/><U27/><E27/><V118/><F25/><N who="3" m="16567" /><G79/><T23/><D23/><AGARI ba="0,0" hai="9,10,11,12,13,18,19,21,23,98,99" m="32779" machi="23" ten="30,7700,0" yaku="8,1,52,3" doraHai="82" who="1" fromWho="0" sc="250,-77,250,77,250,0,250,0" /><INIT seed="1,0,0,2,0,90" ten="173,327,250,250" oya="1" hai0="124,76,48,1,125,4,10,93,54,83,120,63,103" hai1="27,59,126,20,15,57,52,87,134,95,50,66,7" hai2="11,69,19,111,37,9,107,14,112,42,75,117,77" hai3="44,40,23,26,55,8,35,119,127,85,56,71,109"/><U92/><E126/><N who="0" m="48745" /><D63/><N who="1" m="38271" /><E134/><V39/><F107/><W114/><G114/><T45/><D120/><U53/><E87/><V78/><F69/><W43/><G109/><T74/><D103/><U94/><E53/><V32/><F32/><W30/><G71/><T96/><D96/><U122/><E122/><V41/><F117/><W21/><G127/><T130/><D93/><U121/><E121/><V51/><F75/><W62/><G119/><T80/><D80/><U98/><E7/><V113/><F51/><W36/><G43/><T29/><D29/><N who="1" m="17639" /><E15/><V82/><F82/><W128/><G128/><AGARI ba="0,0" hai="1,4,10,45,48,54,74,76,83,128,130" m="48745" machi="128" ten="30,1000,0" yaku="18,1" doraHai="90" who="0" fromWho="3" sc="173,10,327,0,250,0,250,-10" /><INIT seed="2,0,0,2,0,27" ten="183,327,250,240" oya="2" hai0="45,25,71,23,92,101,120,85,98,129,126,119,77" hai1="123,52,48,11,40,2,43,87,74,132,90,79,22" hai2="54,14,44,135,64,113,9,15,84,8,133,72,5" hai3="102,83,130,99,88,81,56,17,42,63,58,112,109"/><V16/><F72/><W33/><G130/><T6/><D120/><U4/><E123/><V82/><F113/><W3/><G109/><T0/><D71/><U59/><E132/><V60/><F44/><W93/><G112/><T118/><D129/><U10/><E10/><V117/><F54/><W18/><G3/><T46/><D126/><U111/><E111/><V125/><F117/><N who="0" m="44554" /><D6/><U73/><E22/><V65/><F125/><W19/><G33/><T95/><D0/><U127/><E127/><V89/><REACH who="2" step="1"/><F65/><REACH who="2" ten="183,327,240,240" step="2"/><W12/><G42/><T49/><D46/><U50/><E74/><V134/><F134/><W1/><G1/><T61/><D45/><U13/><E2/><V34/><F34/><W55/><G12/><T100/><D61/><U30/><E73/><V69/><AGARI ba="0,1" hai="5,8,9,14,15,16,60,64,69,82,84,89,133,135" machi="69" ten="30,6000,0" yaku="1,1,0,1,54,1,53,0" doraHai="27" doraHaiUra="105" who="2" fromWho="2" sc="183,-20,327,-20,240,70,240,-20" /><INIT seed="2,1,0,5,5,88" ten="163,307,310,220" oya="2" hai0="59,76,17,32,45,34,72,23,20,103,53,35,125" hai1="21,48,84,56,90,22,98,13,102,51,11,105,83" hai2="85,27,29,5,50,115,24,6,64,89,47,52,135" hai3="128,79,106,2,126,44,75,26,120,39,129,116,93"/><V0/><F115/><W68/><RYUUKYOKU type="yao9" ba="1,0" sc="163,0,307,0,310,0,220,0" hai3="2,26,39,44,68,75,79,93,106,116,120,126,128,129" /><INIT seed="2,2,0,3,1,110" ten="163,307,310,220" oya="2" hai0="8,124,129,11,78,43,74,15,24,39,63,18,26" hai1="95,30,29,42,69,105,88,60,77,3,48,23,44" hai2="36,33,6,99,120,75,96,71,82,20,108,67,17" hai3="58,127,54,97,121,45,83,4,91,31,32,0,41"/><V68/><F33/><W37/><G121/><T94/><D129/><U104/><E3/><V89/><F120/><W9/><G127/><T123/><D123/><U76/><E104/><V112/><F112/><W118/><G118/><T98/><D124/><U49/><E105/><V35/><F35/><W62/><G32/><T86/><D74/><U106/><E106/><V14/><F36/><W114/><G31/><T10/><D43/><U28/><E23/><V93/><F108/><W102/><G102/><T111/><D39/><U61/><E49/><V134/><F134/><W5/><G4/><T1/><D111/><U65/><REACH who="1" step="1"/><E61/><REACH who="1" ten="163,297,310,220" step="2"/><V122/><F20/><W133/><G133/><T52/><D1/><U72/><E72/><V56/><F75/><W135/><G135/><T57/><D8/><U132/><E132/><V109/><F109/><W16/><G62/><T7/><D10/><U64/><E64/><V131/><F67/><W92/><G9/><T22/><D11/><U115/><E115/><V53/><F122/><W70/><G114/><T79/><D7/><U101/><E101/><V55/><F6/><W130/><G5/><T85/><D24/><U66/><E66/><V21/><F21/><W103/><G0/><T50/><D63/><U125/><E125/><V117/><F14/><W12/><G103/><N who="0" m="60887" /><D26/><U47/><E47/><V25/><F25/><W128/><G45/><T38/><D38/><U119/><E119/><V19/><F117/><W126/><G37/><T13/><D13/><U34/><E34/><V27/><F27/><W116/><G126/><T81/><D15/><RYUUKYOKU ba="2,1" sc="163,-10,297,30,310,-10,220,-10" hai1="28,29,30,42,44,48,60,65,69,76,77,88,95" /><INIT seed="3,3,1,0,2,41" ten="153,327,300,210" oya="3" hai0="133,107,104,33,39,59,78,116,40,42,70,7,122" hai1="92,88,106,54,89,114,72,20,99,26,93,75,135" hai2="128,115,90,25,12,84,43,51,101,80,65,109,22" hai3="67,77,38,113,21,49,36,60,6,127,14,9,124"/><W81/><G113/><T131/><D59/><U24/><E106/><V102/><F115/><W29/><G49/><T46/><D46/><U95/><E114/><V32/><F32/><W68/><G29/><T69/><D7/><U73/><E135/><V35/><F35/><W16/><G38/><T134/><D78/><U87/><E54/><V31/><F109/><W4/><G36/><T71/><D39/><U10/><E10/><V132/><F128/><W34/><G34/><T44/><D33/><U79/><E79/><V18/><F65/><W47/><G47/><T13/><D44/><U63/><E63/><V110/><F110/><W85/><REACH who="3" step="1"/><G6/><REACH who="3" ten="153,327,300,200" step="2"/><T97/><D134/><U100/><REACH who="1" step="1"/><E20/><REACH who="1" ten="153,317,300,200" step="2"/><V64/><F22/><W108/><G108/><T3/><D133/><U91/><E91/><V130/><F90/><W27/><AGARI ba="3,3" hai="4,9,14,16,21,27,60,67,68,77,81,85,124,127" machi="27" ten="30,6000,0" yaku="1,1,0,1,54,1,53,0" doraHai="41" doraHaiUra="112" who="3" fromWho="3" sc="153,-23,317,-23,300,-23,200,99" /><INIT seed="3,4,0,2,0,71" ten="130,294,277,299" oya="3" hai0="51,135,95,129,1,76,82,75,16,133,78,54,38" hai1="2,124,120,57,27,99,72,106,44,134,8,55,69" hai2="22,114,50,68,28,107,35,77,81,13,70,42,58" hai3="65,86,85,23,37,122,15,12,33,49,46,109,112"/><W18/><G122/><T36/><D1/><U60/><E120/><V24/><F107/><W32/><G112/><T61/><D61/><U52/><E124/><V56/><F114/><W43/><G109/><T6/><D6/><U117/><E134/><N who="0" m="51209" /><D129/><U79/><E117/><V29/><F58/><W87/><G65/><T101/><D78/><U113/><E113/><V19/><F29/><W4/><REACH who="3" step="1"/><G49/><REACH who="3" ten="130,294,277,289" step="2"/><T91/><D51/><U26/><E69/><V0/><F50/><W102/><G102/><T66/><D66/><U98/><E60/><V123/><F123/><W31/><G31/><T45/><D101/><U80/><E55/><V104/><F28/><W94/><G94/><T62/><D62/><U10/><E52/><V40/><F70/><W47/><G47/><T63/><D63/><U105/><E105/><V73/><F104/><W128/><G128/><T111/><D111/><U125/><E106/><V21/><F68/><W97/><G97/><N who="0" m="57599" /><D54/><U20/><E99/><V88/><F56/><W89/><G89/><T83/><D45/><U84/><E44/><V53/><F88/><W11/><AGARI ba="4,1" hai="4,11,12,15,18,23,32,33,37,43,46,85,86,87" machi="11" ten="30,6000,0" yaku="1,1,0,1,52,1,53,0" doraHai="71" doraHaiUra="121" who="3" fromWho="3" sc="130,-24,294,-24,277,-24,289,82" /><INIT seed="3,5,0,0,1,48" ten="106,270,253,371" oya="3" hai0="28,85,89,19,56,31,67,87,30,83,120,121,4" hai1="135,66,79,22,111,13,43,21,11,93,103,49,94" hai2="74,96,129,100,17,16,32,130,52,20,55,73,127" hai3="116,37,112,75,23,113,12,128,10,42,9,124,44"/><W3/><G116/><T46/><D4/><U77/><E111/><V91/><F32/><W126/><G75/><N who="2" m="28681" /><F91/><W76/><G76/><N who="1" m="29258" /><E66/><V2/><F2/><W88/><G128/><N who="2" m="49257" /><F127/><N who="3" m="48683" /><G23/><N who="1" m="8714" /><E135/><V97/><F97/><W78/><G78/><T102/><D102/><U109/><E109/><V81/><F81/><W26/><G26/><T117/><D117/><U7/><E103/><V125/><F125/><W59/><G88/><T64/><D87/><U57/><E43/><V72/><N who="2" m="28689" /><V6/><DORA hai="38" /><F6/><N who="3" m="1247" /><G59/><T86/><D56/><U133/><E133/><V50/><F50/><W106/><G106/><T82/><D82/><U58/><E57/><V122/><F122/><W108/><G108/><T36/><D121/><U39/><E39/><V134/><F134/><W101/><G101/><T110/><D120/><U68/><E68/><V71/><F71/><W95/><G95/><T118/><D110/><U70/><E70/><V24/><F17/><AGARI ba="5,0" hai="10,12,17,37,42,44,112,113" m="1247,48683" machi="17" ten="30,2900,0" yaku="18,1,52,1" doraHai="48,38" who="3" fromWho="2" sc="106,0,270,0,253,-44,371,44" /><INIT seed="3,6,0,0,4,67" ten="106,270,209,415" oya="3" hai0="60,47,75,80,36,134,114,119,4,53,8,108,37" hai1="15,89,106,85,26,120,115,20,86,50,9,90,83" hai2="63,32,128,129,126,122,131,109,130,102,125,6,29" hai3="72,95,92,22,116,78,65,100,121,42,48,101,2"/><W124/><G121/><T27/><D119/><U70/><E120/><V135/><F122/><W84/><G116/><T13/><D108/><U12/><E115/><V5/><F130/><W19/><G2/><T51/><D134/><U117/><E117/><V34/><F102/><W0/><G0/><T87/><D114/><U59/><E106/><V33/><F63/><W23/><G124/><N who="2" m="47721" /><F109/><W18/><G72/><T11/><D75/><U112/><E70/><V62/><F62/><W111/><G111/><T17/><D60/><U46/><E59/><V1/><F1/><W38/><G38/><T82/><D82/><U91/><E112/><V43/><F43/><W94/><G65/><T93/><D93/><U40/><E86/><V79/><F79/><W24/><G84/><T39/><D27/><U44/><E44/><V97/><F97/><W133/><G78/><T107/><D107/><U25/><E25/><N who="2" m="18479" /><F135/><W132/><G132/><T98/><D98/><U66/><E66/><V10/><F10/><W103/><G133/><T71/><D71/><U104/><E104/><V113/><F113/><W105/><G105/><T16/><REACH who="0" step="1"/><D8/><REACH who="0" ten="96,270,209,415" step="2"/><U49/><E9/><V69/><F69/><W73/><G73/><T45/><D45/><U28/><REACH who="1" step="1"/><E50/><REACH who="1" ten="96,260,209,415" step="2"/><V76/><F131/><W58/><G48/><T74/><D74/><U96/><E96/><V68/><F68/><W35/><G58/><T21/><D21/><U110/><E110/><V55/><F129/><W81/><G23/><T61/><D61/><U30/><E30/><V77/><F128/><W41/><G22/><T54/><D54/><RYUUKYOKU ba="6,2" sc="96,15,260,15,209,-15,415,-15" hai0="4,11,13,16,17,36,37,39,47,51,53,80,87" hai1="12,15,20,26,28,40,46,49,83,85,89,90,91" /><INIT seed="4,7,2,4,4,70" ten="111,275,194,400" oya="0" hai0="123,87,125,106,69,90,2,26,66,127,104,112,81" hai1="12,135,65,58,4,62,133,18,33,68,71,35,88" hai2="50,84,89,34,96,63,42,75,118,20,23,1,121" hai3="28,101,48,110,14,21,22,97,47,44,16,107,52"/><T73/><D123/><U85/><E4/><V41/><F34/><W83/><G110/><T56/><D69/><U116/><E116/><V39/><F75/><W57/><G83/><T54/><D66/><U113/><E113/><V124/><F1/><W30/><G22/><T25/><D2/><U38/><E33/><V17/><F63/><W93/><G107/><N who="0" m="41003" /><D73/><U0/><E35/><V105/><F121/><W36/><G36/><T108/><D112/><U49/><E0/><V128/><F39/><W27/><G14/><T99/><D99/><U76/><E76/><V59/><F23/><W74/><G74/><T8/><D8/><U134/><E38/><V64/><F96/><W103/><G103/><T37/><D37/><U10/><REACH who="1" step="1"/><E49/><REACH who="1" ten="111,265,194,400" step="2"/><V98/><F50/><W120/><G120/><T55/><D108/><U19/><E19/><V86/><F17/><W29/><AGARI ba="7,3" hai="16,21,27,28,29,30,44,47,48,52,57,93,97,101" machi="29" ten="30,7900,0" yaku="0,1,8,1,54,2" doraHai="70" who="3" fromWho="3" sc="111,-46,265,-27,194,-27,400,130" /><INIT seed="5,0,0,2,0,10" ten="65,238,167,530" oya="1" hai0="110,81,60,89,75,105,3,117,59,32,115,16,20" hai1="1,53,68,56,43,6,52,69,118,13,67,35,8" hai2="72,17,63,106,64,38,33,124,76,23,93,26,11" hai3="127,121,120,29,83,90,126,133,9,14,131,125,135"/><U104/><E118/><V54/><F106/><W78/><G90/><T74/><D110/><U12/><E104/><V96/><F38/><W111/><G29/><T31/><D117/><U100/><E35/><V57/><F124/><W128/><G111/><T87/><D3/><U134/><E100/><V86/><F72/><W94/><G94/><T65/><D105/><U92/><E43/><V84/><F33/><W85/><G14/><T95/><D115/><U18/><E134/><N who="3" m="51210" /><G9/><T39/><D39/><U70/><E92/><V103/><F76/><W82/><G82/><T42/><D42/><U113/><E113/><V37/><F37/><W25/><G25/><T119/><D119/><U91/><E91/><V77/><F77/><W58/><G58/><T61/><D31/><U114/><E114/><V15/><REACH who="2" step="1"/><F54/><REACH who="2" ten="65,238,157,530" step="2"/><W0/><G0/><T40/><D32/><U116/><E116/><V19/><AGARI ba="0,1" hai="11,15,17,19,23,26,57,63,64,84,86,93,96,103" machi="19" ten="20,12000,2" yaku="1,1,2,1,0,1,7,1,8,1,52,1,53,0" doraHai="10" doraHaiUra="109" who="2" fromWho="2" sc="65,-30,238,-60,157,130,530,-30" /><INIT seed="6,0,0,2,0,15" ten="35,178,287,500" oya="2" hai0="31,13,49,86,95,106,61,12,70,92,26,128,135" hai1="104,35,125,56,132,100,78,32,133,27,69,102,3" hai2="37,43,79,44,110,22,131,99,59,66,8,17,122" hai3="94,39,29,25,108,9,18,0,2,10,68,5,73"/><V7/><F131/><W14/><G73/><T71/><D106/><U54/><E69/><V77/><F122/><W47/><G68/><T90/><D128/><U88/><E3/><V87/><F110/><W45/><G108/><T30/><D135/><N who="1" m="51787" /><E125/><V103/><F87/><W114/><G114/><T6/><D71/><U74/><E104/><V42/><F42/><W50/><G0/><T126/><D126/><U76/><E27/><V75/><F75/><W65/><G65/><T21/><D31/><U63/><E74/><V38/><F38/><W115/><G115/><T93/><D70/><U89/><E100/><V24/><F66/><W23/><G39/><T124/><D124/><U34/><E102/><V109/><F59/><W16/><G94/><T1/><D61/><U60/><E60/><V101/><F101/><W11/><G50/><T58/><D1/><U41/><E41/><V36/><F36/><W97/><G97/><T80/><REACH who="0" step="1"/><D6/><REACH who="0" ten="25,178,287,500" step="2"/><U112/><E112/><V40/><F109/><W119/><G119/><T111/><D111/><U20/><E20/><V83/><F7/><W105/><G105/><T19/><D19/><N who="3" m="7209" /><G2/><T52/><AGARI ba="0,1" hai="12,13,21,26,30,49,52,58,80,86,90,92,93,95" machi="52" ten="30,8000,1" yaku="1,1,0,1,8,1,54,1,53,1" doraHai="15" doraHaiUra="81" who="0" fromWho="0" sc="25,90,178,-20,287,-40,500,-20" /><INIT seed="7,0,0,2,2,67" ten="115,158,247,480" oya="3" hai0="89,66,71,72,111,7,106,1,134,101,54,78,122" hai1="8,4,76,102,69,60,61,9,53,44,40,121,47" hai2="27,52,16,33,29,63,120,6,109,10,86,59,0" hai3="58,135,94,65,45,79,90,22,23,131,43,80,125"/><W28/><G58/><T14/><D111/><U112/><E112/><V73/><F73/><W84/><G65/><T11/><D122/><U98/><E121/><V48/><F120/><W38/><G28/><T116/><D116/><U32/><E32/><V132/><F132/><W17/><G17/><T19/><D134/><U2/><E76/><V92/><F109/><W103/><G103/><T75/><D54/><U15/><E69/><V100/><F16/><W88/><G90/><T133/><D133/><U20/><E20/><V126/><F126/><W110/><G125/><T70/><D66/><U123/><E123/><V91/><F100/><W127/><G127/><T96/><D89/><U115/><E115/><V74/><F74/><W50/><G38/><T85/><D72/><U42/><E53/><V34/><F63/><N who="1" m="24137" /><E9/><V49/><F49/><W12/><G12/><T64/><D64/><U39/><E2/><V114/><F114/><W113/><G135/><T107/><D107/><U24/><E24/><V68/><F68/><W21/><G131/><T25/><D25/><U5/><E5/><V56/><F34/><W35/><G35/><T37/><D37/><U128/><E39/><V41/><F41/><N who="1" m="15977" /><E128/><V82/><F82/><W13/><G113/><T30/><D75/><U104/><E104/><V119/><F119/><W99/><G110/><T18/><D30/><U83/><E102/><V117/><F117/><W26/><G26/><T77/><D19/><U46/><E46/><AGARI ba="0,0" hai="0,6,10,27,29,33,46,48,52,56,59,86,91,92" machi="46" ten="30,2000,0" yaku="7,1,54,1" doraHai="67" who="2" fromWho="1" sc="115,0,158,-20,247,20,480,0" owari="115,-38.0,138,-26.0,267,7.0,480,57.0" /></mjloggm>