<mjloggm ver="2.3"><GO type="169" lobby="0"/><UN n0="%E3%82%A6%E3%83%AB%E3%83%88%E3%83%A9%E7%AB%8B%E7%9B%B4" n1="%E6%97%85%E3%81%AB%E5%87%BA%E3%81%9F%E3%83%AA%E3%83%BC%E6%A3%92" n2="%E3%82%B7%E3%83%AB%E3%83%93%E3%82%A3" n3="%E3%81%8A%E7%9F%A5%E3%82%89%E3%81%9B" dan="16,16,18,16" rate="2122.68,2062.76,2259.39,2092.66" sx="M,M,F,M"/><TAIKYOKU oya="0"/><INIT seed="0,0,0,3,4,57" ten="250,250,250,250" oya="0" hai0="6,32,129,74,24,76,132,75,4,80,9,101,62" hai1="130,5,78,124,19,10,0,11,86,109,47,35,96" hai2="36,71,81,97,98,18,67,45,38,83,72,82,20" hai3="16,43,51,28,127,12,84,111,89,117,133,131,40"/><T126/><D126/><U88/><E109/><V119/><F72/><W39/><G117/><T116/><D116/><U63/><E124/><V59/><F119/><W48/><G127/><T17/><D129/><U123/><E123/><V118/><F118/><W107/><G107/><T128/><D128/><U33/><E130/><V3/><F3/><W110/><G131/><T31/><D132/><U79/><E96/><V115/><F71/><W106/><G106/><T92/><D75/><U135/><E135/><V15/><F115/><W125/><G125/><T8/><D62/><U70/><E47/><V55/><F67/><W112/><G112/><T108/><D108/><N who="3" m="41513" /><G28/><T87/><D17/><U22/><E11/><V7/><F7/><W52/><G39/><T100/><D74/><U58/><E79/><V27/><F38/><W61/><G133/><T68/><D68/><U13/><E78/><V69/><F69/><W25/><G25/><T85/><D85/><U122/><E122/><V54/><F27/><W37/><G37/><T42/><D42/><N who="3" m="15913" /><G89/><T50/><D100/><U23/><E70/><V2/><F2/><W60/><G84/><T49/><D6/><U21/><E35/><V120/><F120/><W41/><N who="3" m="15921" /><W65/><DORA hai="30" /><G65/><T34/><D34/><U121/><E33/><V29/><F29/><W46/><G48/><T53/><D4/><U66/><E121/><V90/><F36/><W103/><G103/><T44/><REACH who="0" step="1"/><D49/><REACH who="0" ten="240,250,250,250" step="2"/><U56/><E86/><V113/><F113/><W91/><G91/><T94/><D94/><U99/><E88/><V134/><F90/><RYUUKYOKU ba="0,1" sc="240,15,250,-15,250,-15,250,15" hai0="8,9,24,31,32,44,50,53,76,80,87,92,101" hai3="12,16,46,51,52,60,61" /><INIT seed="0,1,1,3,4,89" ten="255,235,235,265" oya="0" hai0="54,55,134,83,46,107,5,7,120,33,2,121,47" hai1="21,131,84,98,39,42,69,76,29,19,27,48,50" hai2="126,110,65,130,57,24,86,68,135,95,49,62,133" hai3="124,102,16,105,67,92,44,116,103,91,132,15,63"/><T59/><D107/><U88/><E69/><V114/><F114/><W108/><G116/><T34/><D83/><U25/><E131/><V72/><F72/><W85/><G108/><T22/><D22/><U119/><E119/><V32/><F110/><W60/><G132/><N who="2" m="50761" /><F130/><W100/><G124/><T109/><D134/><U31/><E76/><V23/><F126/><W28/><G28/><T1/><D59/><U128/><E128/><V11/><F11/><W97/><G44/><T104/><D104/><U71/><E71/><V70/><F32/><W101/><REACH who="3" step="1"/><G67/><REACH who="3" ten="255,235,235,255" step="2"/><T87/><D109/><U115/><E31/><N who="2" m="17823" /><F49/><W90/><G90/><AGARI ba="1,2" hai="57,62,65,68,70,86,90,95" m="17823,50761" machi="90" ten="30,2000,0" yaku="20,1,52,1" doraHai="89" who="2" fromWho="3" sc="255,0,235,0,235,43,255,-23" /><INIT seed="1,0,0,5,2,101" ten="255,235,278,232" oya="1" hai0="39,103,78,130,69,128,60,122,16,77,40,50,15" hai1="17,33,42,21,11,124,66,108,31,119,133,123,120" hai2="117,0,126,81,35,10,134,93,61,25,115,91,121" hai3="70,3,135,20,94,112,23,53,9,105,8,51,12"/><U86/><E119/><V73/><F117/><W64/><G105/><T14/><D39/><U116/><E116/><V100/><F121/><W90/><G112/><T98/><D14/><N who="1" m="7391" /><E42/><V113/><F100/><W57/><G135/><T34/><D34/><U111/><E66/><V29/><F134/><W2/><G70/><T129/><D122/><N who="1" m="46635" /><E86/><V118/><F118/><W63/><G2/><T24/><D24/><N who="1" m="18663" /><E133/><V45/><F61/><W37/><G37/><T96/><D96/><U27/><E124/><V82/><F126/><W85/><G3/><T26/><D26/><U95/><E95/><V65/><F65/><W71/><REACH who="3" step="1"/><G23/><REACH who="3" ten="255,235,278,222" step="2"/><N who="0" m="11679" /><D69/><U47/><E47/><V44/><F45/><W59/><G59/><T75/><D128/><U41/><E41/><V36/><F44/><W49/><G49/><T6/><D50/><U89/><E89/><V68/><F36/><W58/><G58/><T84/><D40/><U132/><E132/><V32/><F68/><W38/><G38/><T28/><D130/><U127/><E127/><V19/><F35/><W107/><G107/><T106/><D129/><U76/><E76/><V74/><F91/><W4/><G4/><T87/><D6/><U131/><E131/><V43/><F32/><W52/><G52/><T104/><D104/><U48/><E48/><V125/><F125/><W88/><G88/><T7/><D7/><U67/><E67/><V18/><F43/><W97/><G97/><T114/><D78/><U22/><E22/><V62/><F62/><W46/><G46/><T72/><D60/><U79/><E79/><V80/><F113/><RYUUKYOKU ba="0,1" sc="255,-15,235,15,278,-15,222,15" hai1="21,27,108,111" hai3="8,9,12,20,51,53,57,63,64,71,85,90,94" /><INIT seed="1,1,1,2,2,64" ten="240,250,263,237" oya="1" hai0="36,46,120,97,130,34,84,77,60,5,129,42,113" hai1="75,37,66,88,91,99,78,14,1,125,50,118,15" hai2="90,111,18,121,69,65,2,126,31,23,39,43,70" hai3="17,7,22,123,87,74,0,29,38,107,67,80,49"/><U6/><E118/><V56/><F121/><W82/><G38/><T135/><D113/><U86/><E37/><V19/><F2/><W48/><G107/><T51/><D34/><U11/><E125/><V41/><F126/><W61/><G123/><T33/><D33/><U20/><E75/><V13/><F111/><W52/><G29/><T71/><D120/><U105/><E66/><V85/><F31/><W95/><G0/><T133/><D5/><U101/><E50/><V4/><F4/><W112/><G7/><T57/><D97/><U110/><E110/><V127/><F127/><W53/><G112/><T109/><D84/><U103/><E103/><V44/><F43/><W119/><G119/><T83/><D83/><U68/><E68/><V94/><REACH who="2" step="1"/><F19/><REACH who="2" ten="240,250,253,237" step="2"/><W131/><G17/><T25/><D109/><U24/><E1/><V8/><F8/><W108/><G108/><T55/><D77/><U26/><E78/><V10/><F10/><W35/><G35/><T124/><D124/><U16/><REACH who="1" step="1"/><E91/><REACH who="1" ten="240,240,253,237" step="2"/><V89/><F89/><W132/><G67/><N who="0" m="41447" /><D25/><U114/><E114/><V28/><F28/><W63/><G63/><AGARI ba="1,3" hai="13,18,23,39,41,44,56,63,65,69,70,85,90,94" machi="63" ten="40,5200,0" yaku="1,1,52,2,53,0" doraHai="64" doraHaiUra="134" who="2" fromWho="3" sc="240,0,240,0,253,85,237,-55" /><INIT seed="2,0,0,3,5,31" ten="240,240,338,182" oya="2" hai0="112,53,2,51,41,6,99,72,123,61,65,103,85" hai1="50,87,68,16,94,38,76,3,132,60,59,82,79" hai2="113,54,0,84,107,114,55,88,28,64,86,100,104" hai3="92,13,129,8,46,106,74,19,11,98,56,10,101"/><V26/><F0/><W135/><G74/><T67/><D72/><U110/><E38/><V63/><F86/><W95/><G135/><T37/><D112/><U29/><E132/><V102/><F114/><W71/><G71/><T117/><D123/><U108/><E3/><V122/><F122/><W9/><G129/><T27/><D117/><U128/><E128/><V115/><F115/><W111/><G111/><N who="1" m="42538" /><E29/><V131/><F131/><W126/><G126/><T22/><D85/><U81/><E68/><V69/><F113/><W20/><G46/><T39/><D6/><U97/><E50/><V33/><F102/><W49/><N who="3" m="2048" /><DORA hai="48" /><W119/><REACH who="3" step="1"/><G119/><REACH who="3" ten="240,240,338,172" step="2"/><T124/><D124/><U134/><E134/><V83/><REACH who="2" step="1"/><F100/><REACH who="2" ten="240,240,328,172" step="2"/><W77/><G77/><T43/><D2/><U125/><E79/><V91/><F91/><W47/><G47/><T44/><D103/><U12/><E76/><V5/><F5/><W57/><G57/><T96/><D44/><U130/><E130/><V25/><F25/><W70/><G70/><T36/><D27/><U17/><E59/><V80/><F80/><W40/><G40/><T35/><D43/><U78/><E82/><V127/><F127/><W23/><G23/><T75/><D22/><N who="1" m="11527" /><E125/><V4/><F4/><W45/><G45/><T21/><D41/><U30/><E78/><V14/><F14/><W73/><G73/><T66/><D75/><U32/><E81/><V133/><F133/><W15/><G15/><T90/><D21/><U121/><E121/><V118/><F118/><W120/><G120/><T105/><D90/><U1/><E1/><RYUUKYOKU ba="0,2" sc="240,-15,240,-15,328,15,172,15" hai2="26,28,33,54,55,63,64,69,83,84,88,104,107" hai3="13,19,20,49,56,92,95,98,101,106" /><INIT seed="2,1,2,3,0,101" ten="225,225,343,187" oya="2" hai0="106,116,13,44,55,43,7,20,15,49,125,99,75" hai1="29,61,130,135,67,53,84,59,74,30,54,109,26" hai2="114,6,107,58,18,73,4,47,22,71,68,118,104" hai3="17,89,5,94,69,38,41,34,21,66,24,81,25"/><V76/><F114/><W37/><G5/><T134/><D125/><U102/><E74/><V122/><F118/><W98/><G41/><T108/><D108/><U57/><E109/><V96/><F122/><W10/><G10/><T40/><D134/><U48/><E135/><V70/><F47/><W52/><G81/><T120/><D120/><U115/><E115/><V119/><F119/><W16/><G52/><T28/><D75/><U0/><E130/><V124/><F58/><W82/><G82/><T14/><D116/><U92/><E0/><V72/><F124/><W80/><G80/><T121/><D121/><U129/><E129/><V31/><F31/><W86/><G86/><T127/><D127/><U60/><E26/><V46/><F46/><W19/><G34/><T83/><D83/><U117/><E117/><V8/><F76/><W1/><G1/><T77/><D77/><U93/><E93/><V123/><F123/><W2/><G2/><T110/><D110/><U95/><E92/><V100/><F104/><W132/><G132/><T51/><D7/><U27/><E27/><V112/><F112/><W3/><G3/><T128/><D128/><U85/><E85/><V35/><F35/><W131/><G131/><T64/><D64/><U50/><E67/><V87/><F87/><W79/><G79/><T45/><D99/><N who="1" m="59775" /><E84/><V111/><F111/><W56/><G69/><T103/><D103/><U9/><E9/><V65/><F65/><W36/><REACH who="3" step="1"/><G24/><REACH who="3" ten="225,225,343,177" step="2"/><N who="0" m="16391" /><D43/><U126/><E126/><V23/><F8/><W113/><G113/><T63/><D63/><AGARI ba="1,3" hai="29,30,48,50,53,54,57,59,60,61,63" m="59775" machi="63" ten="30,1000,0" yaku="8,1" doraHai="101" who="1" fromWho="0" sc="225,-13,225,43,343,0,177,0" /><AGARI ba="1,0" hai="16,17,19,21,25,36,37,38,56,63,66,89,94,98" machi="63" ten="40,2600,0" yaku="1,1,54,1,53,0" doraHai="101" doraHaiUra="11" who="3" fromWho="0" sc="212,-26,268,0,343,0,177,26" /><INIT seed="3,0,0,1,0,23" ten="186,268,343,203" oya="3" hai0="58,7,20,5,40,69,128,21,6,57,92,64,80" hai1="115,118,81,108,51,17,14,76,30,135,121,25,68" hai2="36,4,87,34,78,66,48,60,117,11,129,46,86" hai3="10,124,27,133,94,43,35,16,8,32,123,52,125"/><W83/><G123/><T70/><D128/><U112/><E118/><V90/><F117/><W75/><G133/><T132/><D132/><U82/><E121/><V122/><F36/><W59/><G43/><T111/><D111/><U93/><E108/><V55/><F34/><N who="3" m="12843" /><G94/><T22/><D40/><U18/><E135/><V102/><F122/><W107/><G107/><T0/><D0/><U84/><E68/><V127/><F129/><W101/><G101/><T110/><D110/><U126/><E82/><V97/><F78/><W119/><G83/><T109/><D109/><U103/><E51/><V47/><F47/><W39/><G39/><T54/><D80/><U24/><E126/><N who="3" m="48746" /><G75/><T71/><D92/><U45/><E45/><V85/><F127/><W74/><G74/><T72/><D72/><U130/><E130/><V9/><F90/><W26/><G119/><T131/><D131/><U15/><E103/><V120/><F120/><W2/><G2/><T95/><D95/><U79/><E93/><N who="2" m="58671" /><F4/><W67/><G67/><T77/><D77/><U96/><E96/><V53/><F66/><W100/><G100/><T38/><D64/><U49/><E81/><V91/><F91/><W44/><G44/><T31/><D38/><U89/><E89/><V28/><F55/><W114/><G114/><T62/><REACH who="0" step="1"/><D58/><REACH who="0" ten="176,268,343,203" step="2"/><U116/><E116/><V134/><F134/><W50/><G8/><T104/><D104/><U113/><E113/><V42/><F9/><W56/><G56/><T63/><D63/><U19/><E112/><V13/><F11/><W33/><G33/><T99/><D99/><RYUUKYOKU ba="0,1" sc="176,15,268,-15,343,-15,203,15" hai0="5,6,7,20,21,22,31,54,57,62,69,70,71" hai3="10,16,26,27,50,52,59" /><INIT seed="3,1,1,3,3,61" ten="191,253,328,218" oya="3" hai0="7,16,66,56,97,115,35,15,128,73,46,120,12" hai1="50,133,105,123,116,43,114,74,0,122,22,129,69" hai2="103,2,94,1,3,84,14,29,9,83,95,110,77" hai3="106,45,68,31,20,125,91,18,48,107,87,44,111"/><W57/><G68/><T21/><D35/><U55/><RYUUKYOKU type="yao9" ba="1,1" sc="191,0,253,0,328,0,218,0" hai1="0,22,43,50,55,69,74,105,114,116,122,123,129,133" /><INIT seed="3,2,1,0,3,130" ten="191,253,328,218" oya="3" hai0="123,101,113,40,62,12,50,117,70,65,107,15,135" hai1="60,119,21,104,88,131,98,1,53,118,52,18,67" hai2="120,55,30,7,128,66,51,46,87,37,0,111,42" hai3="54,86,109,48,75,28,127,64,134,22,74,27,124"/><W23/><G109/><T39/><D123/><U71/><E1/><V121/><F111/><W129/><G129/><T92/><D107/><U89/><E131/><V100/><F128/><W57/><G134/><T125/><D117/><N who="1" m="44555" /><E104/><V8/><F100/><W72/><G64/><T25/><D113/><U126/><E126/><N who="3" m="48170" /><G86/><T9/><D125/><U112/><E112/><V24/><F87/><W43/><G43/><T97/><D135/><U19/><E98/><V84/><F84/><W82/><G82/><T56/><D25/><N who="1" m="14519" /><E19/><V6/><F66/><W26/><G26/><T78/><D78/><U58/><E53/><V13/><F7/><W122/><G122/><N who="2" m="47209" /><F0/><W3/><G3/><T59/><D15/><U132/><E132/><V79/><F79/><W94/><G94/><T73/><D73/><N who="3" m="18689" /><W44/><DORA hai="133" /><G44/><T36/><D59/><U4/><E4/><V90/><F90/><W14/><G14/><T16/><REACH who="0" step="1"/><D56/><REACH who="0" ten="181,253,328,218" step="2"/><U110/><E110/><V10/><F13/><W81/><G81/><T41/><D41/><U47/><E47/><AGARI ba="2,2" hai="9,12,16,36,39,40,47,50,62,65,70,92,97,101" machi="47" ten="40,5200,0" yaku="1,1,54,1,53,1" doraHai="130,133" doraHaiUra="17,96" who="0" fromWho="1" sc="181,78,253,-58,328,0,218,0" /><INIT seed="4,0,0,1,5,11" ten="259,195,328,218" oya="0" hai0="104,86,59,113,49,29,74,26,83,34,2,90,91" hai1="19,121,68,40,134,43,7,131,35,50,78,58,135" hai2="1,36,129,6,100,92,99,110,79,12,66,75,102" hai3="125,97,130,87,39,103,14,24,95,101,52,60,20"/><T69/><D113/><U112/><E121/><V13/><F110/><W107/><G39/><T71/><D2/><U0/><E68/><V44/><F100/><W62/><G130/><T127/><D127/><U109/><E109/><V116/><F66/><W42/><G125/><T126/><D126/><U57/><E35/><V63/><F63/><W76/><G42/><N who="1" m="15914" /><E7/><V80/><F129/><W124/><G124/><T82/><D104/><U15/><E0/><V33/><F33/><W106/><G106/><T23/><D34/><U27/><E27/><V30/><F30/><W51/><G103/><T46/><D59/><U85/><E50/><V119/><F44/><W108/><G108/><T105/><D105/><U67/><E67/><V17/><F36/><W118/><G118/><N who="2" m="45097" /><F17/><N who="3" m="10295" /><G24/><T4/><D4/><U122/><E122/><V56/><F56/><N who="3" m="32799" /><G107/><T8/><D71/><U48/><E131/><V3/><F3/><W98/><G98/><T123/><D69/><U132/><E48/><V117/><F117/><W10/><G10/><AGARI ba="0,0" hai="1,6,10,12,13,75,79,80,92,99,102" m="45097" machi="10" ten="30,3900,0" yaku="12,1,52,2" doraHai="11" who="2" fromWho="3" sc="259,0,195,0,328,39,218,-39" /><INIT seed="5,0,0,0,2,123" ten="259,195,367,179" oya="1" hai0="91,110,134,44,47,128,48,59,131,30,100,102,83" hai1="113,112,19,125,53,31,61,3,38,11,15,28,6" hai2="77,56,76,97,72,25,66,80,101,104,0,12,52" hai3="49,63,65,22,10,7,108,94,124,133,43,79,130"/><U85/><E38/><V75/><F0/><W120/><G120/><T35/><D134/><U23/><E125/><V8/><F25/><W135/><G124/><T45/><D30/><U50/><E61/><V78/><F66/><W13/><G130/><N who="0" m="49707" /><D35/><U16/><E85/><V90/><F90/><W93/><G79/><T119/><D119/><U58/><REACH who="1" step="1"/><E19/><REACH who="1" ten="259,185,367,179" step="2"/><V29/><F72/><W103/><G135/><T121/><D121/><U81/><E81/><V39/><F39/><W42/><G133/><T109/><D83/><U87/><E87/><V117/><F117/><W114/><G63/><T40/><D40/><U68/><E68/><V18/><F29/><AGARI ba="0,1" hai="3,6,11,15,16,23,28,29,31,50,53,58,112,113" machi="29" ten="40,3900,0" yaku="1,1,54,1,53,0" doraHai="123" doraHaiUra="132" who="1" fromWho="2" sc="259,0,185,49,367,-39,179,0" /><INIT seed="5,1,0,4,2,2" ten="259,234,328,179" oya="1" hai0="131,15,24,88,103,108,118,113,104,56,13,66,54" hai1="121,33,12,60,119,82,18,7,76,10,50,74,22" hai2="127,63,55,43,31,95,93,87,114,45,61,130,99" hai3="17,0,78,96,4,128,3,134,39,23,105,102,89"/><U34/><E121/><V52/><F127/><W16/><G134/><T69/><D108/><U67/><E119/><V72/><F72/><W106/><G128/><T92/><D118/><U8/><E50/><V84/><F31/><W21/><G39/><T46/><D131/><U123/><E8/><V125/><F130/><W49/><G78/><T40/><D113/><U77/><E77/><V41/><F125/><W115/><G115/><T116/><D116/><U6/><E123/><V9/><F114/><W29/><G29/><T117/><D103/><U122/><E122/><V51/><F9/><W36/><G36/><T85/><D104/><U58/><REACH who="1" step="1"/><E6/><REACH who="1" ten="259,224,328,179" step="2"/><V42/><F51/><W68/><G4/><T81/><D117/><U98/><E98/><V47/><F43/><W71/><G49/><T35/><D40/><U11/><E11/><V110/><F110/><W1/><G96/><AGARI ba="1,1" hai="41,42,45,47,52,55,61,63,84,87,93,95,96,99" machi="96" ten="25,6400,0" yaku="22,2,8,1,54,1" doraHai="2" who="2" fromWho="3" sc="259,0,224,0,328,77,179,-67" /><INIT seed="6,0,0,1,5,32" ten="259,224,405,112" oya="2" hai0="11,19,72,2,8,83,67,116,69,93,63,100,94" hai1="112,121,97,123,31,1,133,34,99,7,62,44,135" hai2="128,16,13,117,0,134,64,79,54,15,82,78,126" hai3="132,115,9,130,42,41,12,55,84,29,88,101,75"/><V104/><F117/><W46/><G75/><T10/><D116/><U66/><E112/><V87/><F104/><W110/><G110/><T96/><D93/><U26/><E44/><V92/><F0/><W61/><G132/><N who="1" m="50762" /><E99/><V102/><F134/><W106/><G130/><T53/><D53/><U33/><E97/><N who="2" m="59687" /><F128/><W37/><G29/><T24/><D83/><U43/><E43/><V56/><F126/><W80/><G115/><T6/><D72/><U48/><E48/><N who="2" m="30791" /><F64/><W58/><G42/><T109/><D109/><U25/><E25/><V22/><F13/><W73/><G73/><T28/><D19/><U50/><E50/><V113/><F113/><W21/><G21/><AGARI ba="0,0" hai="2,6,8,10,11,21,24,28,63,67,69,94,96,100" machi="21" ten="30,2000,0" yaku="7,1,52,1" doraHai="32" who="0" fromWho="3" sc="259,20,224,0,405,0,112,-20" /><INIT seed="7,0,0,0,2,78" ten="279,224,405,92" oya="3" hai0="75,74,123,97,119,36,92,7,131,34,9,88,0" hai1="64,51,70,2,13,26,105,73,112,99,107,69,57" hai2="127,52,110,4,12,18,67,126,132,96,25,14,89" hai3="72,114,76,59,33,85,42,94,80,115,23,103,28"/><W87/><G33/><T117/><D123/><U53/><E13/><V15/><F110/><W40/><G59/><T71/><D71/><U5/><E99/><V81/><F132/><W134/><G134/><T44/><D34/><U116/><E116/><V84/><F67/><W35/><G35/><T30/><D30/><U135/><E112/><N who="3" m="43050" /><G40/><T102/><D131/><U16/><E16/><V22/><F4/><W46/><G28/><T122/><D122/><U91/><E26/><V95/><REACH who="2" step="1"/><F52/><REACH who="2" ten="279,224,395,92" step="2"/><W21/><G21/><T54/><D117/><U77/><E51/><V61/><F61/><W63/><G63/><T31/><D119/><U19/><E19/><V10/><F10/><W121/><G23/><T100/><D31/><U113/><E57/><V3/><F3/><W58/><G58/><T11/><D11/><U6/><E2/><V24/><F24/><W56/><G56/><T83/><D54/><U86/><E70/><V60/><F60/><W66/><G66/><T37/><D37/><U49/><E64/><V1/><F1/><W111/><G111/><T90/><D36/><U8/><E69/><V17/><F17/><W45/><G121/><T133/><D133/><U120/><E135/><V39/><F39/><N who="3" m="21727" /><G46/><T62/><D44/><U125/><E53/><V106/><F106/><W65/><G65/><T128/><D62/><U108/><E113/><V43/><F43/><W109/><G109/><T20/><D20/><U98/><E108/><V104/><F104/><W32/><G32/><T124/><D9/><U50/><E107/><V47/><F47/><W29/><G29/><RYUUKYOKU ba="0,1" sc="279,-15,224,-15,395,15,92,15" hai2="12,14,15,18,22,25,81,84,89,95,96,126,127" hai3="72,76,80,85,87,94,103" /><INIT seed="7,1,1,0,3,123" ten="264,209,410,107" oya="3" hai0="39,58,21,96,107,81,132,40,79,59,18,43,65" hai1="133,62,23,19,7,112,38,103,31,22,122,75,54" hai2="128,120,34,60,24,0,72,10,50,134,102,28,13" hai3="51,4,56,78,100,126,49,36,131,35,90,94,41"/><W129/><G35/><T88/><D132/><U109/><E103/><V46/><F72/><W9/><G126/><T26/><D39/><U105/><E62/><V42/><F134/><W87/><G100/><T61/><D59/><U55/><E55/><V113/><F113/><W91/><G78/><T66/><D66/><U52/><E52/><V29/><F120/><W37/><G90/><T121/><D121/><U14/><E31/><V116/><F116/><W5/><G5/><T80/><D107/><U86/><E23/><V119/><F119/><W70/><G70/><T82/><D79/><U12/><E12/><V2/><F128/><N who="3" m="49227" /><G56/><T30/><D30/><U27/><E86/><V104/><F28/><W64/><G64/><T1/><D1/><U130/><E7/><V108/><F104/><W6/><G6/><T76/><D76/><U127/><E130/><V83/><F102/><W98/><G98/><T47/><D47/><U114/><E127/><V33/><F33/><W97/><G97/><T74/><D74/><U125/><E125/><V135/><F135/><W53/><G41/><T15/><D15/><U63/><E14/><V32/><F32/><W93/><G93/><AGARI ba="1,1" hai="18,21,26,40,43,58,61,65,80,81,82,88,93,96" machi="93" ten="40,2600,0" yaku="8,1,54,1" doraHai="123" who="0" fromWho="3" sc="264,39,209,0,410,0,107,-29" owari="303,10.0,209,-19.0,410,51.0,78,-42.0" /></mjloggm>