<mjloggm ver="2.3"><GO type="225" lobby="0"/><UN n0="%E5%B0%B1%E6%B4%BB%E7%94%9F%40%E5%B7%9D%E6%9D%91%E8%BB%8D%E5%9B%A3" n1="%46%4C%41%4D%45" n2="%4D%61%6D%65%2D%79%61" n3="%E3%81%AA%E3%81%A3%E3%81%8D%E3%82%8A" dan="16,17,16,16" rate="2091.69,2199.93,2134.41,2110.79" sx="M,M,M,M"/><TAIKYOKU oya="0"/><INIT seed="0,0,0,3,4,133" ten="250,250,250,250" oya="0" hai0="48,18,58,24,30,36,19,53,46,100,94,20,102" hai1="114,3,29,9,77,12,17,61,7,107,15,73,135" hai2="40,71,43,25,39,64,82,6,110,11,51,85,116" hai3="88,113,62,76,120,95,84,108,59,13,106,79,98"/><T22/><D36/><U52/><E107/><V69/><F39/><W132/><G113/><T8/><D94/><U105/><E105/><V16/><F110/><W99/><G108/><T55/><D8/><U92/><E135/><V101/><F116/><W10/><G132/><T130/><D130/><U122/><E122/><V47/><F101/><W87/><G120/><T50/><REACH who="0" step="1"/><D30/><REACH who="0" ten="240,250,250,250" step="2"/><U44/><E29/><V31/><F31/><W90/><G106/><T91/><D91/><U34/><E92/><V103/><F103/><W128/><G128/><T97/><D97/><U60/><E9/><V81/><F11/><W42/><G99/><T83/><D83/><U112/><E112/><V96/><F96/><W21/><G98/><T127/><D127/><U117/><E114/><V1/><F81/><W67/><G10/><T129/><D129/><U49/><E117/><V115/><F82/><N who="3" m="49271" /><G79/><T2/><D2/><U80/><E3/><V23/><F1/><W63/><G76/><T37/><D37/><U28/><E77/><V72/><F115/><W68/><G95/><T131/><D131/><U74/><E80/><V75/><F75/><W119/><G119/><T125/><D125/><U111/><E74/><V65/><F72/><W124/><G124/><T66/><D66/><N who="2" m="25706" /><F85/><W86/><G84/><T14/><AGARI ba="0,1" hai="14,18,19,20,22,24,46,48,50,53,55,58,100,102" machi="14" ten="20,7800,0" yaku="1,1,0,1,7,1,8,1,53,0" doraHai="133" doraHaiUra="70" who="0" fromWho="0" sc="240,88,250,-26,250,-26,250,-26" /><INIT seed="0,1,0,0,0,99" ten="328,224,224,224" oya="0" hai0="5,62,48,107,29,19,118,133,75,54,70,36,71" hai1="116,25,78,37,91,27,97,12,50,95,101,106,96" hai2="117,121,61,105,85,31,135,32,79,1,114,129,108" hai3="34,89,43,76,28,103,100,74,93,102,33,130,8"/><T60/><D75/><U115/><E116/><V69/><F85/><W39/><G130/><T124/><D29/><U10/><E37/><V44/><F79/><W3/><G28/><T47/><D5/><U127/><E127/><V104/><F44/><N who="3" m="23679" /><G89/><T40/><D19/><U120/><E120/><V128/><F61/><N who="0" m="23658" /><D107/><U57/><E115/><V58/><F58/><W122/><G93/><T24/><D24/><U53/><REACH who="1" step="1"/><E78/><REACH who="1" ten="328,214,224,224" step="2"/><V42/><F128/><W119/><G119/><T83/><D118/><U20/><E20/><V2/><F129/><W30/><G122/><T18/><D124/><U132/><E132/><V72/><F121/><W110/><G110/><T64/><D133/><U46/><E46/><V125/><F108/><W51/><G34/><T68/><D36/><U15/><E15/><V65/><F125/><W9/><G3/><T52/><D68/><U84/><E84/><V131/><F1/><W6/><G76/><T92/><D71/><U56/><E56/><V66/><F2/><W23/><G33/><T55/><D70/><U16/><AGARI ba="1,1" hai="10,12,16,25,27,50,53,57,91,95,96,97,101,106" machi="16" ten="20,12000,2" yaku="1,1,0,1,7,1,52,1,54,1,53,2" doraHai="99" doraHaiUra="94" who="1" fromWho="1" sc="328,-61,214,133,224,-31,224,-31" /><INIT seed="1,0,0,4,3,62" ten="267,347,193,193" oya="1" hai0="67,72,110,133,32,42,83,23,88,4,40,17,21" hai1="15,35,102,89,27,107,69,12,112,9,0,70,10" hai2="54,24,75,53,94,91,86,113,82,77,124,45,22" hai3="123,43,39,120,126,8,66,92,11,135,118,98,106"/><U13/><E112/><V18/><F124/><W73/><G126/><T128/><D32/><U5/><E10/><V1/><F1/><W93/><G73/><T85/><D110/><U132/><E132/><V104/><F113/><W31/><G135/><T28/><D72/><U60/><E89/><V131/><F131/><W25/><G118/><T20/><D4/><U127/><E127/><V125/><F125/><W14/><G11/><T2/><D2/><U49/><E49/><V119/><F119/><W61/><G43/><N who="0" m="16427" /><D28/><U100/><E107/><V87/><F45/><W114/><G39/><T6/><D6/><U122/><E122/><V51/><F51/><W33/><G114/><T37/><D37/><U59/><E35/><V97/><REACH who="2" step="1"/><F86/><REACH who="2" ten="267,347,183,193" step="2"/><W57/><G123/><T121/><D128/><U105/><E0/><V58/><F58/><W68/><G120/><T38/><D38/><U130/><E59/><V56/><F56/><W65/><G57/><T84/><D133/><U79/><E130/><V29/><F29/><W109/><G109/><T78/><D121/><U36/><E36/><V48/><F48/><W64/><G61/><T16/><D67/><U3/><E60/><V7/><F7/><W96/><G68/><T47/><D47/><U46/><E46/><V90/><F90/><W101/><REACH who="3" step="1"/><G98/><REACH who="3" ten="267,347,183,183" step="2"/><T74/><D74/><U76/><E70/><V63/><F63/><W81/><G81/><AGARI ba="0,2" hai="16,17,20,21,23,78,81,83,84,85,88" m="16427" machi="81" ten="30,3900,0" yaku="8,1,54,2" doraHai="62" who="0" fromWho="3" sc="267,59,347,0,183,0,183,-39" /><INIT seed="2,0,0,4,5,36" ten="326,347,183,144" oya="2" hai0="126,81,3,0,5,61,22,121,58,123,69,2,59" hai1="15,63,90,120,21,79,99,98,9,11,119,49,70" hai2="30,86,95,60,35,20,55,16,13,33,110,14,135" hai3="54,46,47,29,88,100,96,52,4,26,93,91,31"/><V28/><F135/><W6/><G26/><T109/><D69/><U124/><E119/><V113/><F113/><W66/><G66/><T32/><D32/><U114/><E114/><V85/><F110/><W75/><G75/><T107/><D107/><U104/><E104/><V133/><F133/><W74/><G74/><T34/><D34/><U117/><E117/><V108/><F108/><W24/><G24/><T65/><D109/><U43/><E79/><V73/><F73/><W51/><G100/><T131/><D131/><U92/><E124/><V17/><F60/><W127/><G127/><T116/><D116/><U97/><E120/><V48/><F35/><W8/><G91/><T76/><D5/><N who="3" m="2153" /><G8/><N who="1" m="3146" /><E63/><V37/><F33/><W62/><G47/><T45/><D45/><N who="1" m="25791" /><E70/><V102/><F37/><W77/><G77/><T111/><D111/><U18/><AGARI ba="0,0" hai="15,18,21,90,92,97,98,99" m="25791,3146" machi="18" ten="30,2000,0" yaku="8,1,52,1" doraHai="36" who="1" fromWho="1" sc="326,-5,347,20,183,-10,144,-5" /><INIT seed="3,0,0,0,5,74" ten="321,367,173,139" oya="3" hai0="96,6,37,40,95,114,65,123,46,94,112,102,127" hai1="121,68,79,57,133,92,124,67,130,4,131,20,38" hai2="118,7,1,41,99,82,61,98,30,89,103,3,17" hai3="111,49,109,25,126,116,55,106,81,47,59,13,78"/><W122/><G116/><T58/><D127/><U53/><E121/><V107/><F118/><W50/><G122/><T113/><D123/><U66/><E38/><V22/><F30/><W86/><G126/><T80/><D6/><U119/><E119/><V43/><F61/><W64/><G106/><N who="0" m="63815" /><D80/><U100/><E68/><V77/><F89/><W14/><G25/><T132/><D132/><U105/><E133/><V91/><F91/><W134/><G134/><T104/><D104/><U15/><E105/><V56/><F56/><W9/><G64/><T12/><D12/><U63/><E4/><V52/><F52/><N who="3" m="32151" /><G9/><T44/><D44/><U42/><E67/><V83/><F1/><W88/><G78/><T69/><D69/><U39/><E79/><V28/><F3/><W8/><G14/><T110/><D110/><U34/><E15/><V108/><F108/><N who="3" m="41547" /><G13/><T128/><D128/><U117/><E117/><V31/><F107/><W32/><G8/><T5/><D5/><U16/><E130/><V90/><F90/><W97/><G97/><T45/><D45/><U0/><E131/><V29/><F77/><W27/><G27/><T62/><AGARI ba="0,0" hai="37,40,46,58,62,65,94,95,112,113,114" m="63815" machi="62" ten="40,1500,0" yaku="11,1" doraHai="74" who="0" fromWho="0" sc="321,15,367,-4,173,-4,139,-7" owari="336,14.0,363,46.0,169,-23.0,132,-37.0" /></mjloggm>