<mjloggm ver="2.3"><GO type="97" lobby="0"/><UN n0="%74%65%72%72%79%31%33%36" n1="%6A%75%6E%2D%4B" n2="%E5%B0%B1%E6%B4%BB%E7%94%9F%40%E5%B7%9D%E6%9D%91%E8%BB%8D%E5%9B%A3" n3="%74%6F%6D%73%61%6E%35%35" dan="15,13,14,13" rate="2037.97,1824.52,1978.27,1841.14" sx="M,M,M,M"/><TAIKYOKU oya="0"/><INIT seed="0,0,0,0,0,59" ten="250,250,250,250" oya="0" hai0="28,6,47,34,36,133,23,58,26,76,30,83,63" hai1="132,85,75,127,21,131,35,93,18,44,25,100,62" hai2="77,81,17,42,118,90,31,49,73,121,50,105,22" hai3="9,104,3,91,64,56,20,110,135,108,71,19,29"/><T112/><D112/><U52/><E75/><V74/><F121/><W111/><G104/><T15/><D133/><U41/><E127/><V87/><F118/><W115/><G71/><T10/><D36/><U72/><E72/><V102/><F31/><W94/><G135/><T51/><D34/><U120/><E132/><V57/><F42/><W1/><G29/><T60/><D58/><U70/><E120/><V65/><F102/><W84/><G115/><T126/><D30/><U86/><E35/><V106/><F50/><W5/><G3/><T129/><D129/><U134/><E134/><V89/><F89/><W13/><G56/><T116/><D116/><U54/><E70/><V61/><F49/><W33/><G33/><T53/><REACH who="0" step="1"/><D126/><REACH who="0" ten="240,250,250,250" step="2"/><U123/><E123/><V16/><F17/><W95/><REACH who="3" step="1"/><G64/><REACH who="3" ten="240,250,250,240" step="2"/><T96/><D96/><U69/><E131/><V109/><F65/><W98/><G98/><T78/><D78/><U48/><E69/><V92/><F77/><W45/><G45/><T55/><D55/><N who="1" m="21035" /><E62/><V24/><F57/><W14/><G14/><T66/><D66/><U38/><E38/><V125/><F61/><W119/><G119/><T67/><D67/><U103/><E103/><V99/><F125/><W122/><G122/><T11/><D11/><U101/><E101/><N who="2" m="60647" /><F106/><W114/><G114/><T39/><D39/><U27/><E100/><V124/><F105/><W12/><G12/><T82/><D82/><AGARI ba="0,2" hai="1,5,9,13,19,20,82,84,91,94,95,108,110,111" machi="82" ten="40,2600,0" yaku="1,1,14,1,53,0" doraHai="59" doraHaiUra="113" who="3" fromWho="0" sc="240,-26,250,0,250,0,240,46" /><INIT seed="1,0,0,1,3,41" ten="214,250,250,286" oya="1" hai0="100,4,108,2,18,24,49,13,118,0,87,67,82" hai1="11,50,132,101,35,86,79,27,61,128,97,125,17" hai2="47,10,93,96,89,54,102,53,7,112,30,68,9" hai3="22,103,81,56,71,120,38,107,121,116,3,92,37"/><U77/><E128/><V29/><F68/><W65/><G3/><T124/><D118/><U109/><E109/><V20/><F112/><W111/><G107/><T90/><D108/><U33/><E132/><V26/><F30/><W25/><G111/><T110/><D110/><U74/><E74/><V34/><F34/><W91/><G103/><T130/><D130/><U45/><E61/><V16/><F29/><W46/><G71/><T39/><D39/><U98/><E125/><V32/><F32/><W40/><G38/><T134/><D124/><U6/><E35/><V78/><F78/><W21/><G81/><T5/><D134/><U64/><E64/><V83/><F47/><W88/><G91/><T73/><D100/><U19/><E33/><V84/><REACH who="2" step="1"/><F10/><REACH who="2" ten="214,250,240,286" step="2"/><W113/><G113/><T14/><D73/><U36/><E77/><V42/><F42/><W55/><G21/><T126/><D126/><U44/><E79/><V28/><F28/><W12/><G116/><T8/><D8/><U15/><E45/><V131/><F131/><W123/><G120/><T58/><D58/><U1/><E27/><V76/><F76/><W105/><G123/><T80/><D24/><U133/><E133/><V95/><F95/><W48/><G25/><T62/><D80/><U59/><E44/><V70/><F70/><W52/><G105/><T85/><D82/><U115/><E115/><V127/><F127/><W51/><G121/><T31/><D31/><U122/><E122/><V94/><F94/><W69/><G69/><T117/><D117/><U66/><E11/><V72/><F72/><RYUUKYOKU ba="0,1" sc="214,-10,250,-10,240,30,286,-10" hai2="7,9,16,20,26,53,54,83,84,89,93,96,102" /><INIT seed="2,1,1,4,3,70" ten="204,240,270,276" oya="2" hai0="53,75,20,47,61,98,107,128,28,133,30,109,1" hai1="91,84,67,124,27,17,79,57,94,118,58,5,10" hai2="103,40,108,93,9,22,37,122,120,104,110,95,115" hai3="31,71,50,100,83,123,114,14,134,52,97,127,135"/><V48/><F104/><N who="3" m="63503" /><G71/><T59/><D109/><N who="2" m="42090" /><F115/><W45/><G114/><T92/><D75/><U33/><E118/><V96/><F9/><W66/><G123/><N who="2" m="47145" /><F22/><W131/><G66/><T125/><D1/><U119/><E119/><V76/><F76/><W62/><G31/><T89/><D128/><U25/><E124/><V102/><F48/><W87/><G131/><T60/><D125/><U77/><E33/><V43/><F37/><W74/><G74/><T130/><D130/><U106/><E106/><V16/><F16/><W90/><G127/><T6/><D6/><U21/><E25/><V49/><F49/><W29/><G29/><T24/><D107/><U65/><E77/><V2/><F2/><W82/><G14/><T26/><D47/><U56/><REACH who="1" step="1"/><E79/><REACH who="1" ten="204,230,270,276" step="2"/><V69/><F69/><W85/><G134/><T32/><D133/><U39/><E39/><V63/><F63/><AGARI ba="1,2" hai="20,24,26,28,30,32,53,59,60,61,63,89,92,98" machi="63" ten="30,1000,0" yaku="7,1" doraHai="70" who="0" fromWho="2" sc="204,33,230,0,270,-13,276,0" /><INIT seed="3,0,0,5,5,100" ten="237,230,257,276" oya="3" hai0="9,60,74,72,69,19,64,121,56,13,67,10,116" hai1="95,39,125,58,123,87,16,114,77,98,115,11,18" hai2="90,133,76,120,46,134,81,42,53,104,103,44,41" hai3="37,111,85,30,34,82,66,62,71,29,91,109,97"/><W129/><G37/><T119/><D121/><U38/><E123/><V107/><F120/><W26/><G129/><T110/><D110/><N who="3" m="41993" /><G29/><T55/><D67/><U126/><E87/><V94/><F53/><W59/><G97/><T86/><D86/><U112/><E77/><V93/><F103/><W31/><G31/><T48/><REACH who="0" step="1"/><D9/><REACH who="0" ten="227,230,257,276" step="2"/><U108/><E11/><V45/><F134/><W127/><G127/><N who="1" m="48650" /><E108/><V32/><F133/><W43/><G43/><T15/><D15/><U65/><E65/><V35/><F42/><W0/><G0/><T14/><D14/><U73/><E73/><AGARI ba="0,1" hai="10,13,19,48,55,56,60,64,69,72,73,74,116,119" machi="73" ten="40,2600,0" yaku="1,1,53,1" doraHai="100" doraHaiUra="57" who="0" fromWho="1" sc="227,36,230,-26,257,0,276,0" /><INIT seed="4,0,0,5,1,90" ten="263,204,257,276" oya="0" hai0="58,39,22,10,62,89,77,13,87,53,6,25,36" hai1="95,91,82,83,107,21,29,81,34,59,44,55,69" hai2="38,61,135,130,98,43,56,99,109,102,20,64,2" hai3="128,28,97,100,125,17,73,11,3,66,108,1,129"/><T79/><D39/><U9/><E107/><V103/><F2/><W75/><G28/><T85/><D36/><U0/><E69/><V24/><F130/><N who="3" m="50283" /><G108/><T49/><D49/><N who="1" m="31215" /><E44/><V33/><F109/><W71/><G125/><T117/><D117/><U115/><E34/><V112/><F135/><W127/><G127/><T133/><D133/><U126/><E115/><V124/><F33/><W14/><G66/><T7/><D7/><U84/><E126/><V93/><F124/><W60/><G60/><T120/><D120/><U104/><E0/><N who="3" m="74" /><G71/><T92/><D87/><U67/><E104/><AGARI ba="0,0" hai="11,14,17,73,75,97,100,104" m="74,50283" machi="104" ten="30,1000,0" yaku="19,1" doraHai="90" who="3" fromWho="1" sc="263,0,204,-10,257,0,276,10" /><INIT seed="5,0,0,5,2,88" ten="263,194,257,286" oya="1" hai0="51,22,65,102,25,29,97,95,101,118,59,79,66" hai1="19,113,16,3,2,50,12,119,35,104,99,30,67" hai2="11,114,83,55,116,115,32,106,85,98,86,69,38" hai3="135,26,133,124,131,31,24,75,56,91,58,68,125"/><U42/><E113/><N who="2" m="43019" /><F116/><W82/><G68/><T80/><D118/><U93/><E119/><V60/><F32/><W23/><G24/><T57/><D102/><U73/><E104/><V122/><F38/><W107/><G107/><T70/><D70/><U4/><E73/><V74/><F122/><W96/><G96/><T90/><D90/><U63/><E42/><V41/><F41/><W87/><G75/><T9/><D9/><U110/><E35/><V45/><F69/><W7/><G7/><T18/><D18/><U121/><E50/><V17/><F74/><W5/><G5/><T100/><D100/><U130/><E121/><V109/><F109/><W0/><G0/><T54/><REACH who="0" step="1"/><D59/><REACH who="0" ten="253,194,257,286" step="2"/><N who="3" m="22569" /><G131/><T37/><D37/><U132/><E130/><V61/><F106/><W123/><G123/><T44/><D44/><U128/><E110/><V13/><F45/><W33/><G33/><T20/><D20/><U21/><E128/><V103/><F103/><W117/><G117/><T111/><D111/><U62/><E132/><AGARI ba="0,1" hai="23,26,31,82,87,91,124,125,132,133,135" m="22569" machi="132" ten="30,1000,0" yaku="20,1" doraHai="88" who="3" fromWho="1" sc="253,0,194,-10,257,0,286,20" owari="253,-15.0,184,-32.0,257,6.0,306,41.0" /></mjloggm>