<mjloggm ver="2.3"><GO type="225" lobby="0"/><UN n0="%E3%83%86%E3%82%A3%E3%82%AB%2D%CE%B3" n1="%E3%82%A6%E3%83%AB%E3%83%88%E3%83%A9%E7%AB%8B%E7%9B%B4" n2="%E5%B7%9D%E6%9D%91%E6%99%83%E8%A3%95%EF%BC%88%E4%B8%A1%E6%96%B9%EF%BC%89" n3="%E7%A8%B2%E4%BD%9C%E3%83%B4%E3%82%A9%E3%83%AB%E3%82%B1%E3%82%A4%E3%83%8E" dan="17,17,16,16" rate="2158.68,2123.41,2074.76,2115.26" sx="M,M,M,F"/><TAIKYOKU oya="0"/><INIT seed="0,0,0,3,4,1" ten="250,250,250,250" oya="0" hai0="103,119,88,124,130,123,84,33,113,98,60,21,57" hai1="41,29,49,93,74,97,69,34,0,129,5,24,12" hai2="54,10,79,19,25,114,13,20,61,87,4,43,131" hai3="101,126,100,17,35,51,112,106,120,53,81,66,108"/><T47/><D113/><U102/><E69/><V71/><F114/><W22/><G112/><T28/><D33/><U23/><E74/><V132/><F131/><W46/><G35/><T30/><D119/><U8/><E129/><V86/><F132/><W56/><G108/><T77/><D123/><U107/><E41/><V125/><F125/><W6/><G126/><T65/><D77/><U42/><E42/><V14/><F43/><W31/><G120/><T70/><D124/><U110/><E49/><V7/><F79/><W15/><G106/><T134/><D134/><U128/><E110/><V3/><F3/><W55/><G66/><T109/><D109/><U83/><E83/><V39/><F39/><W94/><G31/><T67/><D47/><U50/><E50/><V68/><F71/><W26/><G81/><T115/><D115/><U36/><E36/><V80/><F80/><W76/><G76/><T122/><D122/><U78/><E78/><V89/><F89/><W62/><REACH who="3" step="1"/><G94/><REACH who="3" ten="250,250,250,240" step="2"/><T72/><D67/><U104/><E128/><V116/><F116/><W37/><G37/><T59/><D28/><U58/><E58/><N who="2" m="35031" /><F68/><W99/><G99/><T73/><D59/><U52/><E52/><V92/><F92/><W40/><G40/><T95/><D70/><U48/><E48/><V121/><F121/><W75/><G75/><T118/><D118/><U85/><E85/><V11/><AGARI ba="0,1" hai="4,7,10,11,13,14,19,20,25,86,87" m="35031" machi="11" ten="30,4000,0" yaku="8,1,52,2" doraHai="1" who="2" fromWho="2" sc="250,-20,250,-10,250,50,240,-10" /><INIT seed="1,0,0,4,0,31" ten="230,240,300,230" oya="1" hai0="87,114,74,24,37,72,35,63,5,54,82,117,122" hai1="62,26,92,48,125,34,69,88,50,73,55,51,107" hai2="108,128,43,28,127,84,110,11,89,30,111,3,86" hai3="80,53,14,76,47,2,94,10,96,124,38,115,17"/><U119/><E73/><V12/><F127/><W39/><G115/><T29/><D37/><U49/><E107/><V0/><F43/><W112/><G112/><T81/><D117/><U19/><E119/><V45/><F45/><W64/><G124/><T36/><D36/><U60/><E125/><V7/><F128/><W97/><G64/><T79/><D114/><U16/><E69/><V44/><F44/><W67/><G67/><T135/><D5/><U116/><E116/><V118/><F118/><W9/><G96/><T77/><D135/><U105/><E105/><V98/><F98/><W130/><G130/><T23/><D122/><U1/><E1/><N who="2" m="587" /><F86/><W95/><G94/><AGARI ba="0,0" hai="7,11,12,28,30,84,89,94,108,110,111" m="587" machi="94" ten="40,1300,0" yaku="14,1" doraHai="31" who="2" fromWho="3" sc="230,0,240,0,300,13,230,-13" /><INIT seed="2,0,0,5,2,120" ten="230,240,313,217" oya="2" hai0="89,105,69,66,56,104,1,36,44,135,116,42,46" hai1="98,51,26,28,92,90,48,12,100,5,14,102,55" hai2="15,17,82,70,61,58,109,9,25,128,2,18,8" hai3="114,32,110,72,108,53,107,129,127,64,43,83,93"/><V85/><F70/><W30/><G107/><T10/><D69/><U126/><E126/><V23/><F109/><N who="3" m="42091" /><G127/><T47/><D42/><U52/><E5/><V57/><F128/><W22/><G129/><T50/><D36/><U131/><E131/><V115/><F115/><W124/><G124/><T49/><D89/><U7/><E7/><V29/><F2/><W60/><G114/><T123/><D123/><U20/><E51/><V103/><F103/><N who="1" m="39465" /><E55/><V4/><F8/><W0/><G0/><T91/><D135/><U118/><E118/><V27/><F27/><N who="3" m="18527" /><G43/><T94/><D104/><U125/><E125/><V34/><F34/><W13/><G53/><T74/><D105/><U106/><E106/><V65/><REACH who="2" step="1"/><F57/><AGARI ba="0,0" hai="12,14,20,26,28,48,52,57,90,92,98" m="39465" machi="57" ten="30,2000,0" yaku="8,1,54,1" doraHai="120" who="1" fromWho="2" sc="230,0,240,20,313,-20,217,0" /><INIT seed="3,0,0,4,4,101" ten="230,260,293,217" oya="3" hai0="45,135,68,116,99,69,131,59,73,23,133,0,20" hai1="100,40,63,28,91,110,96,65,22,79,50,37,38" hai2="39,27,85,49,67,43,121,6,108,78,134,71,98" hai3="25,61,80,104,3,32,51,2,90,24,76,86,95"/><W115/><G115/><T114/><D73/><U113/><E113/><V4/><F39/><W17/><G104/><T117/><D0/><U93/><E79/><V123/><F108/><W14/><G51/><T21/><D114/><U81/><E91/><V74/><F74/><W120/><G120/><N who="2" m="46153" /><F134/><W42/><G42/><T106/><D45/><U72/><E81/><N who="2" m="47287" /><F27/><W11/><G61/><T105/><D131/><U58/><E72/><V83/><F83/><W10/><G11/><T75/><D75/><U44/><E110/><V34/><F34/><W88/><G90/><T26/><D26/><AGARI ba="0,0" hai="22,26,28,37,38,40,44,50,58,63,65,93,96,100" machi="26" ten="40,2600,0" yaku="25,2" doraHai="101" who="1" fromWho="0" sc="230,-26,260,26,293,0,217,0" /><INIT seed="4,0,0,5,4,7" ten="204,286,293,217" oya="0" hai0="101,110,32,9,73,124,104,130,59,111,69,113,2" hai1="11,19,71,121,58,123,43,20,94,37,72,53,17" hai2="95,10,91,63,16,99,132,75,133,125,15,46,50" hai3="66,109,29,56,106,31,97,12,77,52,105,122,57"/><T8/><RYUUKYOKU type="yao9" ba="0,0" sc="204,0,286,0,293,0,217,0" hai0="2,8,9,32,59,69,73,101,104,110,111,113,124,130" /><INIT seed="4,1,0,5,0,115" ten="204,286,293,217" oya="0" hai0="57,69,117,86,65,39,53,131,73,18,36,43,85" hai1="19,12,46,41,66,15,83,31,47,118,90,112,3" hai2="4,102,100,67,68,71,37,52,78,130,133,119,61" hai3="55,24,74,107,32,38,33,110,64,122,29,94,42"/><T116/><D73/><U121/><E118/><N who="0" m="45673" /><D18/><U104/><E121/><V92/><F52/><W49/><G107/><T108/><D85/><N who="1" m="50495" /><E112/><V40/><F92/><W95/><G74/><T50/><D86/><U17/><E104/><V99/><F68/><W77/><G77/><T70/><D131/><U9/><E66/><V87/><F87/><W114/><G114/><T5/><D5/><U56/><E3/><V58/><F4/><W48/><G122/><T125/><D108/><U135/><E135/><V26/><F133/><W132/><G110/><T96/><D96/><U113/><E113/><V105/><F100/><W8/><G132/><T34/><D34/><U93/><E31/><V76/><F26/><W13/><G32/><T84/><D84/><U20/><E93/><V128/><F119/><W89/><G95/><T22/><D22/><U10/><E41/><V28/><F28/><W0/><G0/><T54/><D125/><U79/><E79/><V103/><F103/><W127/><G127/><T82/><D82/><U124/><E124/><V7/><F7/><N who="3" m="3231" /><G64/><T16/><D16/><N who="1" m="8215" /><E56/><V2/><F58/><W30/><G29/><T98/><D98/><U59/><E59/><V23/><F2/><W62/><G42/><T1/><D1/><U120/><E120/><V109/><F109/><W11/><G11/><T81/><D81/><U51/><E51/><V134/><F23/><W35/><G33/><T129/><D129/><N who="2" m="49770" /><F134/><W27/><G38/><N who="0" m="14379" /><D43/><U97/><E97/><V106/><F106/><W75/><G75/><T101/><D101/><U111/><E111/><V14/><F14/><AGARI ba="1,0" hai="9,14,15,17,19,20,46,47" m="8215,50495" machi="14" ten="30,3900,0" yaku="6,1,8,1,54,1" doraHai="115" who="1" fromWho="2" sc="204,0,286,42,293,-42,217,0" owari="204,-30.0,328,43.0,251,5.0,217,-18.0" /></mjloggm>