<mjloggm ver="2.3"><GO type="97" lobby="0"/><UN n0="%E3%83%AD%E3%83%9C%E3%82%B3%E3%83%97" n1="%E5%B0%B1%E6%B4%BB%E7%94%9F%40%E5%B7%9D%E6%9D%91%E8%BB%8D%E5%9B%A3" n2="%63%79%63%6C%6F%70%65" n3="%E3%83%92%E3%83%87%E3%82%B3" dan="14,15,15,13" rate="1907.56,1954.55,2016.67,1882.05" sx="M,M,M,M"/><TAIKYOKU oya="0"/><INIT seed="0,0,0,2,1,54" ten="250,250,250,250" oya="0" hai0="26,2,9,129,68,106,21,107,78,93,61,19,85" hai1="110,42,79,124,41,18,60,105,16,92,49,101,66" hai2="122,131,119,58,46,53,86,39,13,14,48,128,75" hai3="117,77,63,31,23,27,65,90,81,10,73,57,67"/><T72/><D72/><U17/><E105/><V84/><F122/><W134/><G134/><T123/><D123/><U99/><E124/><V35/><F75/><W135/><G135/><T51/><D129/><N who="2" m="49738" /><F119/><W104/><G117/><T50/><D50/><U115/><E115/><V114/><F114/><W56/><G104/><T62/><D51/><U100/><E110/><V7/><F35/><W52/><G10/><T34/><D34/><U12/><E79/><V130/><N who="2" m="49746" /><V47/><DORA hai="25" /><F7/><W45/><G45/><N who="2" m="16905" /><F39/><W98/><REACH who="3" step="1"/><G57/><REACH who="3" ten="250,250,250,240" step="2"/><T126/><D107/><U87/><E41/><V29/><F29/><W59/><G59/><T83/><D106/><U116/><E42/><V76/><F76/><W15/><G15/><AGARI ba="0,1" hai="13,14,15,48,53,58,84,86" m="16905,49746" machi="15" ten="40,2600,0" yaku="19,1,52,1" doraHai="54,25" who="2" fromWho="3" sc="250,0,250,0,250,36,240,-26" /><INIT seed="1,0,0,3,5,7" ten="250,250,286,214" oya="1" hai0="116,103,126,27,91,44,75,13,72,26,125,82,100" hai1="46,55,10,112,64,20,104,85,66,94,97,113,22" hai2="40,61,45,47,2,6,28,49,81,115,65,123,34" hai3="32,42,15,33,132,101,83,96,74,89,56,4,135"/><U99/><E104/><V63/><F123/><W117/><G117/><T87/><D116/><U79/><E46/><V93/><F115/><W102/><G42/><T38/><D13/><U122/><E122/><V8/><F81/><W14/><G74/><N who="0" m="28203" /><D38/><U12/><E55/><V31/><F93/><W108/><G83/><T134/><D44/><U88/><E112/><V121/><F121/><W18/><G89/><T68/><D68/><U21/><E113/><V23/><F34/><W17/><G4/><T92/><D134/><U1/><E1/><V105/><F105/><W70/><G56/><T95/><D95/><U19/><E79/><V0/><F0/><W69/><G108/><T9/><D9/><U129/><REACH who="1" step="1"/><E129/><REACH who="1" ten="250,240,286,214" step="2"/><V62/><F45/><W111/><G111/><T106/><D106/><U11/><E11/><V54/><F54/><W80/><G80/><T5/><D82/><U30/><E30/><V124/><F28/><W86/><REACH who="3" step="1"/><G86/><REACH who="3" ten="250,240,286,204" step="2"/><T37/><D87/><U73/><E73/><V51/><F40/><W90/><G90/><T29/><D91/><U71/><E71/><V119/><F119/><W57/><G57/><T98/><D126/><U50/><E50/><V77/><F124/><W16/><G16/><T24/><D125/><U52/><E52/><V114/><F49/><W59/><G59/><T41/><D41/><U128/><E128/><V130/><F130/><W110/><G110/><T58/><D58/><U25/><E25/><N who="2" m="16831" /><F114/><W43/><G43/><T3/><D26/><U84/><E84/><V118/><F118/><W48/><G48/><T53/><D27/><RYUUKYOKU ba="0,2" sc="250,-15,240,15,286,-15,204,15" hai1="10,12,19,20,21,22,64,66,85,88,94,97,99" hai3="14,15,17,18,32,33,69,70,96,101,102,132,135" /><INIT seed="1,1,2,3,2,89" ten="235,255,271,219" oya="1" hai0="121,14,108,53,75,117,78,135,125,19,111,69,20" hai1="16,41,99,0,4,77,93,42,119,50,39,48,59" hai2="84,55,114,24,28,13,18,129,71,29,74,81,54" hai3="22,105,103,113,8,32,49,37,126,31,21,118,45"/><U80/><E119/><V95/><F74/><W83/><G37/><T5/><D117/><U123/><E123/><V6/><F71/><W33/><G113/><T73/><D121/><U92/><E0/><V122/><F122/><W58/><G118/><T130/><D69/><U91/><E4/><V65/><F114/><W112/><G112/><T127/><D130/><U57/><E39/><V106/><F106/><W46/><G126/><N who="0" m="48139" /><D135/><U35/><E35/><V72/><F72/><N who="0" m="27722" /><D78/><U15/><E92/><V102/><F129/><W64/><G83/><T101/><D101/><U88/><E91/><N who="2" m="51599" /><F65/><W23/><G103/><T98/><D98/><U12/><E12/><V66/><F66/><W2/><G105/><T25/><D53/><N who="2" m="19978" /><F6/><W82/><G82/><T1/><D1/><U67/><E67/><V26/><F26/><W36/><G36/><T116/><D116/><U62/><E80/><V132/><F132/><W63/><G31/><N who="0" m="17831" /><D5/><U100/><E77/><V27/><F24/><W85/><G85/><T51/><D51/><N who="1" m="19499" /><E100/><V52/><F27/><W128/><G128/><T124/><D124/><U107/><E107/><V40/><F40/><N who="1" m="15465" /><E62/><V61/><F102/><W70/><G2/><T109/><D111/><U110/><E110/><V11/><F95/><W30/><G8/><AGARI ba="1,2" hai="8,14,19,108,109" m="17831,27722,48139" machi="8" ten="30,1000,0" yaku="18,1" doraHai="89" who="0" fromWho="3" sc="235,33,255,0,271,0,219,-13" /><AGARI ba="1,0" hai="8,15,16,57,59,88,93,99" m="15465,19499" machi="8" ten="30,11600,0" yaku="8,1,52,1,54,2" doraHai="89" who="1" fromWho="3" sc="268,0,255,116,271,0,206,-116" /><INIT seed="1,2,0,4,3,126" ten="268,371,271,90" oya="1" hai0="0,66,15,93,27,91,76,96,19,58,90,132,40" hai1="14,38,55,133,107,25,11,121,80,48,28,105,134" hai2="32,111,13,89,69,24,34,122,131,67,65,3,10" hai3="56,123,113,119,84,49,21,100,41,109,79,125,77"/><U52/><E38/><V39/><F122/><W50/><G123/><T33/><D0/><U18/><E121/><V78/><F39/><W124/><G113/><T104/><D76/><N who="3" m="29257" /><G100/><T47/><D132/><N who="1" m="50795" /><E80/><V85/><F3/><W108/><G41/><T64/><D104/><N who="1" m="40011" /><E48/><N who="3" m="18538" /><G21/><AGARI ba="2,0" hai="11,14,18,21,25,28,52,55" m="40011,50795" machi="21" ten="30,2900,0" yaku="20,1,54,1" doraHai="126" who="1" fromWho="3" sc="268,0,371,35,271,0,90,-35" /><INIT seed="1,3,0,2,3,80" ten="268,406,271,55" oya="1" hai0="36,3,115,29,41,48,104,52,105,116,109,69,66" hai1="90,17,4,22,118,131,98,95,2,135,40,24,25" hai2="106,88,50,79,31,82,55,121,67,42,128,47,122" hai3="87,7,18,91,117,59,65,32,6,75,54,101,51"/><U119/><E131/><V108/><F106/><W72/><G117/><T5/><D116/><U125/><E135/><V94/><F128/><W14/><G32/><T130/><D115/><U71/><E125/><V11/><F108/><W49/><G101/><T99/><D130/><U92/><E71/><V15/><F67/><W102/><G102/><T9/><D29/><U64/><E64/><V134/><F134/><W1/><G65/><T107/><D109/><U21/><E40/><V132/><F132/><W43/><G7/><T78/><D78/><U0/><E4/><N who="2" m="3559" /><F31/><W127/><G127/><T81/><D81/><U58/><E58/><V46/><F46/><W30/><G30/><T96/><D36/><U12/><E12/><V126/><F126/><W84/><G84/><T35/><D41/><U20/><E20/><V129/><F129/><W74/><G6/><T37/><D37/><U34/><E34/><V39/><F39/><W111/><G111/><T57/><REACH who="0" step="1"/><D35/><REACH who="0" ten="258,406,271,55" step="2"/><U76/><E76/><V113/><F113/><W110/><G110/><T28/><D28/><U114/><E114/><V68/><F42/><W86/><G43/><T27/><D27/><U120/><E120/><V53/><F122/><W61/><G91/><T85/><D85/><N who="3" m="32265" /><G1/><T63/><AGARI ba="3,1" hai="3,5,9,48,52,57,63,66,69,96,99,104,105,107" machi="63" ten="40,5200,0" yaku="1,1,0,1,54,1,53,0" doraHai="80" doraHaiUra="97" who="0" fromWho="0" sc="258,71,406,-29,271,-16,55,-16" /><INIT seed="2,0,0,1,3,43" ten="329,377,255,39" oya="2" hai0="78,69,31,2,77,34,117,124,135,16,46,108,9" hai1="93,75,113,111,107,105,45,109,110,61,55,76,58" hai2="112,115,92,79,53,81,21,57,10,20,126,47,40" hai3="104,13,65,72,33,24,66,128,94,15,133,27,131"/><V80/><F126/><W39/><G133/><T44/><D69/><U68/><E113/><V11/><F92/><W129/><G104/><T64/><D64/><N who="3" m="24681" /><G33/><T99/><D34/><U123/><E123/><V130/><F130/><W86/><G72/><T6/><D31/><U120/><E120/><V116/><F116/><W83/><G39/><T73/><D108/><U71/><E93/><V134/><F134/><W63/><G63/><T121/><D121/><U8/><E8/><V1/><F1/><W91/><G83/><T35/><D135/><U26/><E26/><AGARI ba="0,0" hai="13,15,24,26,27,86,91,94,128,129,131" m="24681" machi="26" ten="40,1300,0" yaku="19,1" doraHai="43" who="3" fromWho="1" sc="329,0,377,-13,255,0,39,13" /><INIT seed="3,0,0,5,3,108" ten="329,364,255,52" oya="3" hai0="97,46,105,23,13,19,118,58,12,84,26,80,6" hai1="117,66,10,107,110,24,62,56,60,54,59,74,87" hai2="85,53,39,100,32,31,132,77,76,75,36,86,106" hai3="99,93,134,103,25,2,130,52,3,101,68,45,22"/><W91/><G134/><T69/><D118/><U120/><E74/><V41/><F132/><W121/><G121/><T5/><D69/><U104/><E110/><V28/><F53/><W102/><G130/><T129/><D129/><U30/><E120/><V95/><F41/><W48/><REACH who="3" step="1"/><G68/><REACH who="3" ten="329,364,255,42" step="2"/><T81/><D26/><U96/><E117/><V133/><F133/><W47/><G47/><T98/><D46/><U114/><E114/><V90/><F36/><W40/><G40/><T65/><D58/><U21/><E87/><V8/><F39/><W89/><G89/><T7/><D84/><U124/><E124/><V128/><F85/><W109/><G109/><T127/><D127/><U42/><E96/><V83/><F128/><W37/><G37/><T71/><D97/><U113/><E113/><V49/><F86/><W0/><G0/><T38/><D98/><U34/><E42/><V44/><F90/><W78/><G78/><T27/><D38/><U57/><E57/><V119/><F76/><W92/><G92/><T122/><D122/><U1/><E104/><V18/><F106/><W33/><G33/><T4/><D105/><U11/><E107/><V82/><F119/><W131/><G131/><T126/><D126/><U123/><E123/><V94/><F94/><W64/><G64/><T79/><D79/><U9/><E34/><V63/><F32/><W112/><G112/><T17/><D71/><U125/><E125/><V14/><F95/><W111/><G111/><T43/><D65/><U73/><E1/><V115/><F115/><W61/><G61/><T70/><D43/><RYUUKYOKU ba="0,1" sc="329,-15,364,15,255,-15,42,15" hai1="9,10,11,21,24,30,54,56,59,60,62,66,73" hai3="2,3,22,25,45,48,52,91,93,99,101,102,103" /><INIT seed="3,1,1,5,1,117" ten="314,379,240,57" oya="3" hai0="60,95,104,6,67,38,33,115,48,50,23,41,102" hai1="99,66,129,21,92,122,16,84,31,101,93,18,77" hai2="24,79,25,81,131,89,123,0,135,37,42,76,17" hai3="61,109,85,26,35,110,40,68,91,108,134,8,90"/><W51/><G134/><T4/><D33/><U49/><E122/><V3/><F135/><W69/><G8/><T127/><D104/><U47/><E129/><V112/><F131/><W44/><G35/><T54/><D115/><U39/><E39/><V126/><F112/><W62/><G26/><T83/><D127/><U57/><E31/><V27/><F126/><W28/><G28/><T7/><D38/><U32/><E32/><V120/><F17/><W80/><REACH who="3" step="1"/><G91/><REACH who="3" ten="314,379,240,47" step="2"/><T20/><D23/><U71/><E21/><V82/><F89/><W103/><G103/><T125/><D20/><U22/><E22/><V70/><F24/><W45/><G45/><T10/><D102/><U130/><E130/><V97/><F27/><W19/><G19/><T29/><D10/><U11/><E18/><V106/><F25/><W98/><G98/><T65/><D29/><U53/><E16/><V133/><F97/><W9/><G9/><T36/><D125/><U116/><E11/><V75/><F133/><W94/><G94/><T107/><D95/><U14/><E116/><V56/><F106/><W88/><G88/><T2/><D107/><U118/><E118/><V73/><F120/><W55/><G55/><T12/><D54/><U114/><E114/><V59/><F123/><W13/><G13/><T121/><D12/><U46/><E14/><V74/><F0/><W124/><G124/><T5/><D2/><U15/><E15/><V113/><F3/><W100/><G100/><T30/><D121/><U78/><E92/><V64/><F113/><W1/><G1/><T63/><D30/><RYUUKYOKU ba="1,2" sc="314,-10,379,-10,240,-10,47,30" hai3="40,44,51,61,62,68,69,80,85,90,108,109,110" /><INIT seed="3,2,2,1,1,118" ten="304,369,230,77" oya="3" hai0="84,101,70,90,91,12,117,72,7,29,19,71,23" hai1="134,68,5,36,41,47,18,53,129,107,119,98,108" hai2="127,125,30,66,27,132,76,32,89,135,85,123,15" hai3="86,63,24,131,9,14,44,67,73,121,20,105,0"/><W115/><G115/><T130/><D117/><U75/><E119/><V65/><F76/><W35/><G131/><T31/><D72/><U116/><E116/><V26/><F123/><W34/><G105/><T10/><D130/><U92/><E107/><V100/><F100/><W4/><G73/><T16/><D101/><U38/><E75/><V21/><F85/><W82/><G44/><T93/><D19/><U102/><E68/><V69/><F89/><W40/><G40/><T22/><D22/><U81/><E129/><V77/><F77/><W52/><G121/><T46/><D46/><U95/><E108/><V104/><F104/><W103/><G103/><T94/><D70/><U61/><E134/><N who="2" m="51243" /><F15/><W79/><G0/><T42/><D71/><U17/><E5/><V55/><F55/><W6/><G6/><T48/><D42/><U59/><E38/><V111/><F111/><W112/><G112/><T128/><D48/><U109/><E109/><V133/><F133/><W33/><G67/><N who="2" m="25609" /><F69/><W74/><G74/><T45/><D45/><U28/><E28/><AGARI ba="2,2" hai="21,26,27,28,30,32,125,127" m="25609,51243" machi="28" ten="30,1000,0" yaku="20,1" doraHai="118" who="2" fromWho="1" sc="304,0,369,-16,230,36,77,0" owari="304,10.0,353,45.0,266,-13.0,77,-42.0" /></mjloggm>