<mjloggm ver="2.3"><GO type="97" lobby="0"/><UN n0="%65%78%E6%B3%B0%E7%84%B6%E5%9E%8B" n1="%E5%B0%B1%E6%B4%BB%E7%94%9F%40%E5%B7%9D%E6%9D%91%E8%BB%8D%E5%9B%A3" n2="%6B%6B%74%6B" n3="%E7%A5%9E%E3%81%AE%E9%8E%AE%E9%AD%82%E6%AD%8C" dan="16,15,14,14" rate="2008.08,1963.01,1895.34,1854.06" sx="F,M,M,M"/><TAIKYOKU oya="0"/><INIT seed="0,0,0,1,1,124" ten="250,250,250,250" oya="0" hai0="96,74,20,4,132,92,80,54,23,114,111,89,88" hai1="28,135,49,133,131,72,22,94,6,100,55,13,18" hai2="81,129,93,69,53,134,47,11,82,46,130,63,123" hai3="125,102,104,2,56,30,118,31,98,17,64,76,0"/><T61/><D114/><U121/><E72/><V34/><F34/><W127/><G118/><T108/><D132/><N who="1" m="50763" /><E6/><V27/><F123/><W109/><G76/><N who="0" m="44055" /><D4/><U58/><E28/><V21/><F11/><W103/><G109/><N who="0" m="42059" /><D89/><U122/><E131/><N who="2" m="50187" /><F134/><W48/><G103/><T117/><D117/><U37/><E37/><V45/><F93/><W97/><G97/><AGARI ba="0,0" hai="13,18,22,49,55,58,94,97,100,121,122" m="50763" machi="97" ten="30,1000,0" yaku="20,1" doraHai="124" who="1" fromWho="3" sc="250,0,250,10,250,0,250,-10" /><INIT seed="1,0,0,4,0,56" ten="250,260,250,240" oya="1" hai0="49,5,41,35,12,92,68,83,133,45,11,42,101" hai1="62,26,73,117,108,20,127,98,34,106,87,30,85" hai2="48,96,80,123,86,6,10,119,54,121,18,89,15" hai3="37,93,3,70,58,91,24,19,36,8,130,14,53"/><U50/><E117/><V44/><F119/><W16/><G70/><T134/><D35/><U104/><E73/><V107/><F107/><W72/><G72/><T111/><D111/><U47/><E127/><V39/><F39/><W46/><G3/><T63/><D83/><U124/><E124/><V69/><F69/><W64/><G64/><T115/><D115/><U110/><E34/><V23/><REACH who="2" step="1"/><F96/><REACH who="2" ten="250,260,240,240" step="2"/><W76/><G37/><T9/><D68/><U61/><E98/><V17/><F17/><W88/><G36/><T90/><D134/><U66/><E106/><V113/><F113/><W27/><G19/><T40/><D133/><U29/><E104/><V131/><F131/><W135/><G130/><T0/><D5/><U102/><E30/><V77/><F77/><W31/><G135/><T32/><D32/><U60/><E66/><V79/><F79/><W4/><G4/><T129/><D129/><U84/><REACH who="1" step="1"/><E102/><REACH who="1" ten="250,250,240,240" step="2"/><V7/><F7/><W126/><G126/><T128/><D101/><U94/><E94/><V74/><F74/><W120/><G31/><T75/><D92/><U125/><E125/><V112/><F112/><W116/><G116/><T1/><D75/><U99/><E99/><V118/><F118/><W122/><G122/><T2/><D128/><U103/><E103/><V65/><F65/><W97/><G120/><T51/><D90/><U59/><E59/><V57/><F57/><W81/><G58/><T52/><D45/><U82/><E82/><V55/><F55/><AGARI ba="0,2" hai="20,26,29,47,50,55,60,61,62,84,85,87,108,110" machi="55" ten="50,12000,1" yaku="1,1,52,3,53,0" doraHai="56" doraHaiUra="114" who="1" fromWho="2" sc="250,0,250,140,240,-120,240,0" /><INIT seed="1,1,0,0,5,70" ten="250,390,120,240" oya="1" hai0="82,3,63,26,102,51,101,69,45,131,113,39,24" hai1="109,121,29,12,132,36,123,134,84,74,90,60,65" hai2="89,111,85,30,130,61,71,104,11,8,80,126,96" hai3="118,133,14,41,53,25,117,79,16,86,77,128,56"/><U44/><E74/><V23/><F111/><W105/><G105/><T125/><D3/><U2/><E2/><V72/><F130/><W42/><G128/><T13/><D113/><U124/><E29/><V33/><F23/><W66/><G66/><T67/><D131/><U91/><E109/><V58/><F126/><W35/><G133/><N who="1" m="51306" /><E124/><V47/><F47/><W98/><G98/><T88/><D125/><U81/><E12/><V18/><F18/><W114/><G114/><T6/><D26/><U57/><E91/><V94/><F71/><W68/><G68/><T37/><D24/><U119/><E119/><N who="3" m="45578" /><G25/><T59/><D69/><U20/><E20/><V10/><F30/><W38/><G35/><T27/><D27/><U129/><E129/><V108/><F108/><W92/><G92/><T62/><D62/><U115/><E115/><V93/><F33/><W34/><G34/><T73/><D73/><U75/><E75/><V112/><F112/><W135/><G135/><T55/><D102/><U54/><E65/><V31/><F31/><W95/><G95/><T9/><REACH who="0" step="1"/><D101/><REACH who="0" ten="240,390,120,240" step="2"/><U78/><E123/><V5/><F72/><W40/><G38/><T87/><AGARI ba="1,1" hai="6,9,13,37,39,45,51,55,59,63,67,82,87,88" machi="87" ten="30,12000,2" yaku="1,1,2,1,0,1,52,2,54,1,53,0" doraHai="70" doraHaiUra="122" who="0" fromWho="0" sc="240,133,390,-61,120,-31,240,-31" /><INIT seed="2,0,0,3,4,4" ten="373,329,89,209" oya="2" hai0="90,130,28,128,55,109,21,26,59,117,0,108,116" hai1="3,12,13,54,105,17,33,115,35,119,102,124,52" hai2="131,31,81,71,65,66,79,122,84,99,43,73,95" hai3="8,96,39,22,70,61,87,11,69,56,58,100,101"/><V126/><F122/><W123/><G123/><T50/><D90/><U77/><E119/><N who="0" m="45641" /><D0/><U82/><E115/><V106/><F131/><AGARI ba="0,0" hai="21,26,28,50,55,59,108,109,128,130,131" m="45641" machi="131" ten="30,2000,0" yaku="19,1,12,1" doraHai="4" who="0" fromWho="2" sc="373,20,329,0,89,-20,209,0" /><INIT seed="3,0,0,2,4,102" ten="393,329,69,209" oya="3" hai0="35,75,66,62,10,12,51,17,1,32,52,76,8" hai1="21,34,106,82,68,121,131,15,84,97,128,87,50" hai2="78,130,125,44,3,59,132,0,113,96,73,28,6" hai3="109,31,135,29,80,89,81,101,72,30,5,124,105"/><W114/><G114/><T36/><D36/><U90/><E34/><V37/><F113/><W116/><G116/><T40/><D40/><U92/><E68/><V85/><F85/><W86/><G5/><T13/><D1/><U108/><E50/><V19/><F96/><W33/><G33/><T91/><D76/><N who="1" m="46151" /><E15/><V39/><F28/><W64/><G64/><T104/><D104/><U56/><E21/><V94/><F19/><W65/><G65/><T55/><D91/><N who="1" m="55455" /><E56/><V58/><F44/><W25/><G25/><T77/><D13/><U118/><E118/><V41/><F41/><W63/><G63/><T24/><D24/><U42/><E42/><V120/><F6/><W111/><G124/><T71/><D8/><U11/><E11/><V67/><F125/><W2/><G2/><T18/><D18/><U43/><E43/><V61/><F120/><W112/><G112/><T22/><D10/><U119/><E119/><V79/><F130/><N who="1" m="49705" /><E108/><N who="3" m="41546" /><G135/><T117/><D117/><U26/><E26/><V88/><F73/><W103/><G105/><T100/><D71/><U93/><E121/><V115/><F115/><W98/><G98/><T14/><D66/><U47/><E47/><V60/><F132/><W127/><G127/><T133/><D62/><U46/><E46/><V20/><F20/><W74/><G74/><T134/><D133/><U38/><E38/><V70/><F70/><W123/><G123/><T45/><D134/><U53/><E53/><N who="2" m="33871" /><F37/><W129/><G129/><T69/><D69/><U49/><E49/><V57/><F39/><W7/><G7/><T110/><D110/><RYUUKYOKU ba="0,0" sc="393,-15,329,15,69,-15,209,15" hai1="87,90,93,106" hai3="29,30,31,72,80,81,86,89,101,103" /><INIT seed="3,1,0,4,1,21" ten="378,344,54,224" oya="3" hai0="86,45,55,16,64,62,68,72,70,20,3,104,100" hai1="28,79,2,51,11,17,50,54,46,93,35,1,78" hai2="91,77,49,12,37,135,106,125,22,96,89,112,19" hai3="128,10,94,80,60,99,97,27,6,124,38,87,57"/><W8/><G38/><T63/><D72/><U114/><E114/><V59/><F37/><W95/><G124/><T34/><D3/><U102/><E2/><V31/><F31/><W116/><G116/><T129/><D34/><U122/><E122/><V0/><F0/><W130/><G80/><T7/><D7/><U83/><E35/><V133/><F112/><W103/><G87/><T4/><D4/><U36/><E28/><V15/><F106/><W88/><G27/><T107/><D129/><U115/><E115/><V73/><F73/><W101/><G88/><T47/><D86/><U84/><E36/><V32/><F32/><W90/><G90/><T123/><D123/><U18/><E78/><V110/><F77/><W39/><G39/><T74/><D74/><U109/><E109/><V52/><F110/><W48/><G48/><T13/><D107/><U41/><E1/><V23/><F125/><W69/><G69/><T113/><D113/><U127/><E11/><V82/><F133/><W44/><G44/><T25/><D13/><U9/><E9/><V65/><F65/><W132/><G132/><T33/><D33/><U105/><E105/><V98/><F135/><W92/><G92/><T58/><D70/><U120/><E120/><V81/><F91/><W126/><G126/><T53/><D53/><U108/><E108/><V5/><F5/><W30/><G30/><T111/><D111/><U71/><E71/><V29/><F29/><W42/><G42/><T67/><D67/><U14/><E127/><V66/><F66/><N who="3" m="39183" /><G6/><T118/><D118/><U119/><E119/><RYUUKYOKU ba="1,0" sc="378,15,344,-15,54,-15,224,15" hai0="16,20,25,45,47,55,58,62,63,64,68,100,104" hai3="8,10,94,95,97,99,101,103,128,130" /><INIT seed="3,2,0,4,0,81" ten="393,329,39,239" oya="3" hai0="129,116,61,11,78,55,75,112,106,91,17,20,68" hai1="15,113,85,71,123,94,102,16,45,54,53,126,26" hai2="109,44,69,30,9,64,19,36,104,63,22,27,60" hai3="38,74,12,3,114,24,122,135,110,37,86,23,89"/><W0/><G122/><T133/><D106/><U96/><E71/><V4/><F104/><W58/><G74/><T97/><D116/><U93/><E123/><V10/><F109/><W46/><G12/><T32/><D32/><U132/><E113/><V41/><F4/><W124/><G110/><T105/><D105/><U108/><E108/><V72/><F72/><W34/><G34/><T43/><D112/><U33/><E126/><V65/><F9/><W73/><G73/><T5/><D43/><U29/><E132/><V51/><F10/><W59/><G124/><T47/><D133/><U127/><E127/><V35/><F19/><W7/><G135/><T118/><D118/><U25/><E25/><V100/><F100/><W66/><G114/><T82/><D68/><U107/><E45/><V111/><F22/><W119/><G119/><T80/><D47/><U62/><E62/><V48/><F27/><W14/><G14/><N who="0" m="5487" /><D78/><U70/><E70/><V42/><F30/><W130/><G130/><T131/><D75/><U90/><REACH who="1" step="1"/><E107/><REACH who="1" ten="393,319,39,239" step="2"/><V52/><F35/><W2/><G46/><T6/><D131/><U88/><E88/><V128/><F111/><W84/><G66/><T77/><D129/><U98/><E98/><V92/><F92/><W50/><G50/><T95/><D61/><U28/><E28/><V101/><F101/><W83/><G38/><T39/><D39/><U56/><E56/><N who="3" m="21546" /><G37/><T117/><D117/><U31/><E31/><V21/><F128/><W13/><G13/><T57/><D57/><U125/><E125/><V8/><F44/><W67/><G67/><RYUUKYOKU ba="2,1" sc="393,-10,319,30,39,-10,239,-10" hai1="15,16,26,29,33,53,54,85,90,93,94,96,102" owari="393,49.0,349,15.0,29,-47.0,229,-17.0" /></mjloggm>