<mjloggm ver="2.3"><GO type="169" lobby="0"/><UN n0="%E3%83%8F%E3%82%A4%E3%83%86%E3%83%B3%E3%83%9C%E3%83%BC" n1="%E3%82%A2%E3%82%B9%E3%82%BF%E3%83%8A" n2="%E3%82%A6%E3%83%AB%E3%83%88%E3%83%A9%E7%AB%8B%E7%9B%B4" n3="%E6%96%B0%E6%BD%9F%E3%83%89%E3%83%A9%E3%82%B4%E3%83%B3" dan="16,17,17,16" rate="2122.54,2125.25,2127.75,2143.21" sx="M,M,M,F"/><TAIKYOKU oya="0"/><INIT seed="0,0,0,5,2,75" ten="250,250,250,250" oya="0" hai0="104,31,114,123,35,55,17,93,117,14,51,79,39" hai1="29,19,121,61,54,135,112,44,108,22,132,127,76" hai2="97,4,18,129,11,126,41,69,42,21,110,13,32" hai3="45,37,33,131,72,23,70,92,103,106,98,5,85"/><T87/><D104/><U125/><E121/><V83/><F69/><W9/><G33/><T109/><D39/><U1/><E1/><V119/><F119/><W116/><G70/><T24/><D123/><U58/><E29/><V25/><F110/><W50/><G116/><T111/><D117/><U43/><E108/><N who="0" m="41545" /><D114/><U86/><E112/><V16/><F126/><N who="1" m="48137" /><E22/><V8/><F129/><W68/><G68/><T122/><D122/><U57/><E19/><V113/><F113/><W36/><G72/><T66/><D66/><U30/><E30/><V73/><F32/><W27/><G131/><T71/><D71/><U47/><E86/><V48/><F97/><W78/><G106/><T96/><D96/><U26/><E76/><V56/><F83/><N who="3" m="47351" /><G23/><N who="0" m="11703" /><D93/><U81/><E81/><V15/><F73/><W91/><G103/><T10/><D10/><U124/><N who="1" m="48145" /><U105/><DORA hai="65" /><E105/><V7/><F18/><W20/><G20/><T115/><D115/><U133/><E26/><V82/><F82/><W99/><G27/><T102/><D102/><U80/><E80/><V62/><REACH who="2" step="1"/><F48/><REACH who="2" ten="250,250,240,250" step="2"/><W100/><G99/><T12/><D87/><U130/><E130/><V53/><AGARI ba="0,1" hai="4,7,8,11,13,15,16,21,25,41,42,53,56,62" machi="53" ten="20,16000,3" yaku="1,1,2,1,0,1,7,1,9,1,8,1,54,1,53,2" doraHai="75,65" doraHaiUra="0,89" who="2" fromWho="2" sc="250,-80,250,-40,240,170,250,-40" /><INIT seed="1,0,0,3,3,17" ten="170,210,410,210" oya="1" hai0="110,12,121,3,49,69,32,135,25,96,124,22,128" hai1="47,43,89,104,105,118,50,127,80,123,129,62,76" hai2="71,6,14,100,92,23,24,67,52,48,53,2,8" hai3="70,112,85,93,106,115,88,84,16,102,26,125,39"/><U116/><E123/><V56/><F71/><W18/><G70/><T10/><D69/><U28/><E127/><V54/><F67/><W72/><G72/><T57/><D124/><U119/><E129/><V20/><F2/><W79/><G125/><T55/><D128/><U90/><E62/><V83/><F83/><W44/><G106/><T38/><D38/><U0/><E0/><V113/><F113/><W33/><G102/><T130/><D130/><U29/><E105/><V107/><F107/><W7/><G7/><T34/><D3/><U4/><E104/><V82/><F82/><W132/><G132/><T101/><D135/><U40/><E40/><V120/><F120/><W131/><G131/><T126/><D126/><U31/><REACH who="1" step="1"/><E4/><REACH who="1" ten="170,200,410,210" step="2"/><V13/><F6/><W75/><G115/><T81/><D121/><U5/><E5/><V21/><F54/><W134/><G112/><T114/><D114/><U41/><E41/><V66/><F52/><W98/><G134/><T68/><D55/><U46/><E46/><V117/><F53/><W108/><G44/><T1/><D1/><U35/><E35/><V61/><F61/><W37/><G33/><T15/><D34/><U73/><AGARI ba="0,1" hai="28,29,31,43,47,50,73,76,80,89,90,116,118,119" machi="73" ten="40,3900,0" yaku="1,1,0,1,53,0" doraHai="17" doraHaiUra="58" who="1" fromWho="1" sc="170,-13,200,49,410,-13,210,-13" /><INIT seed="1,1,0,3,2,127" ten="157,249,397,197" oya="1" hai0="20,134,28,58,71,42,86,88,34,108,125,8,47" hai1="106,75,74,6,73,83,96,133,85,87,53,111,99" hai2="66,14,120,115,72,35,27,121,32,132,129,21,98" hai3="10,124,38,36,18,23,76,77,59,69,131,114,41"/><U9/><E53/><V54/><F72/><W123/><G69/><T113/><D71/><U80/><E133/><V102/><F66/><W62/><G123/><T2/><D34/><U11/><E111/><V70/><F70/><W100/><G114/><T24/><D113/><U94/><E6/><V90/><F90/><W52/><G124/><T25/><D108/><U45/><E45/><V135/><F54/><W55/><G100/><T84/><D134/><N who="2" m="51242" /><F14/><W33/><G33/><N who="2" m="12873" /><F115/><W82/><G10/><T105/><D105/><U51/><E51/><V22/><F129/><W95/><G131/><T29/><D58/><U50/><E50/><V37/><F37/><W109/><G95/><T19/><D84/><N who="1" m="32331" /><E9/><V128/><F128/><W92/><G92/><T39/><D2/><U46/><E11/><V118/><F118/><W119/><G38/><T130/><D125/><U60/><E46/><V122/><F27/><N who="3" m="14839" /><G77/><T15/><D25/><U79/><E60/><V116/><F116/><W30/><G36/><T4/><REACH who="0" step="1"/><D130/><REACH who="0" ten="147,249,397,197" step="2"/><U56/><E56/><V110/><F110/><W93/><G59/><T64/><D64/><U91/><E79/><V0/><F0/><W7/><G109/><T65/><D65/><U103/><AGARI ba="1,1" hai="73,74,75,80,83,91,94,96,99,103,106" m="32331" machi="103" ten="40,12000,1" yaku="35,5" doraHai="127" who="1" fromWho="1" sc="147,-41,249,133,397,-41,197,-41" /><INIT seed="1,2,0,1,3,84" ten="106,382,356,156" oya="1" hai0="75,26,27,36,92,65,97,100,21,85,68,28,53" hai1="71,2,83,51,40,120,96,6,34,23,18,24,102" hai2="78,11,133,9,94,106,126,29,69,112,74,31,22" hai3="98,130,105,8,88,33,64,104,61,87,19,14,122"/><U45/><E120/><V91/><F106/><W76/><G122/><T135/><D75/><U42/><E71/><V12/><F69/><W107/><G130/><T48/><D36/><U114/><E114/><V86/><F74/><W127/><G33/><T15/><D135/><U81/><E34/><V46/><F133/><W62/><G127/><T95/><D65/><U129/><E129/><V99/><F126/><W54/><G76/><T63/><D63/><U116/><E116/><V119/><F119/><W110/><G110/><T101/><D68/><U103/><E42/><V131/><F131/><W41/><G41/><T0/><D0/><U109/><E109/><V66/><F66/><W38/><G38/><T57/><D28/><N who="2" m="10826" /><F46/><W43/><G43/><T13/><D13/><U121/><E121/><V39/><F39/><W56/><G98/><N who="0" m="59463" /><D85/><U113/><E113/><V72/><F72/><W52/><REACH who="3" step="1"/><G62/><REACH who="3" ten="106,382,356,146" step="2"/><T132/><D132/><U25/><E96/><V134/><F134/><W111/><G111/><T4/><D21/><U47/><E23/><V59/><F112/><W73/><G73/><T93/><D93/><AGARI ba="2,1" hai="8,14,19,52,54,56,61,64,87,88,93,104,105,107" machi="93" ten="40,8000,1" yaku="1,1,52,1,54,2,53,0" doraHai="84" doraHaiUra="16" who="3" fromWho="0" sc="106,-86,382,0,356,0,146,96" /><INIT seed="2,0,0,3,5,90" ten="20,382,356,242" oya="2" hai0="2,130,56,30,37,84,89,68,95,46,45,132,61" hai1="25,7,48,34,119,94,8,16,22,70,24,71,127" hai2="131,87,97,59,123,85,36,64,55,52,26,98,12" hai3="53,35,76,62,27,79,135,129,78,126,43,101,21"/><V128/><F36/><W0/><G0/><T80/><D2/><U105/><E105/><V88/><F123/><W4/><G4/><T66/><D130/><U92/><E119/><V10/><F26/><W115/><G129/><N who="2" m="49737" /><F64/><W121/><G121/><T116/><D132/><U69/><E127/><V18/><F85/><W32/><G126/><T108/><D116/><U1/><REACH who="1" step="1"/><E48/><REACH who="1" ten="20,372,356,242" step="2"/><N who="2" m="31111" /><F55/><W58/><G135/><T3/><D37/><U23/><E23/><V117/><F117/><W107/><G107/><T33/><D3/><U42/><E42/><V133/><F133/><W6/><G43/><T54/><D108/><U112/><E112/><V134/><F134/><W93/><G115/><T63/><D33/><U120/><E120/><V72/><F72/><W31/><REACH who="3" step="1"/><G6/><REACH who="3" ten="20,372,356,232" step="2"/><T77/><REACH who="0" step="1"/><D30/><AGARI ba="0,2" hai="1,7,8,16,22,24,25,30,34,69,70,71,92,94" machi="30" ten="40,8000,1" yaku="1,1,52,2,54,1,53,0" doraHai="90" doraHaiUra="11" who="1" fromWho="0" sc="20,-80,372,100,356,0,232,0" owari="-60,-56.0,472,57.0,356,16.0,232,-17.0" /></mjloggm>