<mjloggm ver="2.3"><GO type="97" lobby="0"/><UN n0="%EF%BD%8B%EF%BD%93%EF%BD%87" n1="%E4%B8%AD%E6%9D%91%E8%B1%AA" n2="%E6%9F%B4%E5%85%AC" n3="%E5%B0%B1%E6%B4%BB%E7%94%9F%40%E5%B7%9D%E6%9D%91%E8%BB%8D%E5%9B%A3" dan="13,17,14,15" rate="1884.27,2119.44,1911.10,2025.59" sx="M,M,M,M"/><TAIKYOKU oya="0"/><INIT seed="0,0,0,4,2,86" ten="250,250,250,250" oya="0" hai0="93,48,133,99,46,7,55,132,9,62,67,83,63" hai1="108,106,13,41,126,120,49,94,36,84,116,119,70" hai2="125,65,57,4,28,12,1,66,76,47,73,22,85" hai3="31,131,24,34,26,81,56,103,6,19,43,96,25"/><T107/><D107/><U98/><E120/><V23/><F125/><W74/><G131/><T82/><D132/><U14/><E36/><V113/><F113/><W89/><G43/><T77/><D63/><U124/><E70/><V51/><F73/><W50/><G6/><T29/><D29/><U121/><E121/><V37/><F37/><W109/><G109/><T75/><D82/><U104/><E108/><V11/><F57/><W92/><G19/><T134/><D67/><N who="2" m="25610" /><F28/><W35/><G35/><T10/><D62/><U8/><E84/><V16/><F1/><W88/><G74/><T87/><D75/><U40/><E49/><V30/><F30/><W5/><G5/><T91/><REACH who="0" step="1"/><D10/><REACH who="0" ten="240,250,250,250" step="2"/><U42/><E104/><V100/><F11/><W53/><G34/><T44/><D44/><U38/><E106/><V21/><F47/><W101/><G31/><T45/><D45/><U52/><E38/><V122/><F122/><W127/><G127/><T123/><D123/><U64/><E126/><V59/><F51/><W2/><G2/><AGARI ba="0,1" hai="2,7,9,46,48,55,77,83,87,91,93,99,133,134" machi="2" ten="40,3900,0" yaku="1,1,52,1,53,0" doraHai="86" doraHaiUra="39" who="0" fromWho="3" sc="240,49,250,0,250,0,250,-39" /><INIT seed="0,1,0,2,0,23" ten="289,250,250,211" oya="0" hai0="5,105,93,60,29,45,49,47,15,115,31,65,94" hai1="89,103,28,82,18,126,123,84,4,87,17,95,124" hai2="120,86,36,125,0,11,51,10,22,52,110,132,98" hai3="55,121,30,59,128,24,41,90,91,21,50,37,3"/><T97/><D115/><U19/><E123/><V8/><F120/><W106/><G3/><T70/><D47/><U33/><E4/><V122/><F122/><W134/><G106/><T104/><D31/><U74/><E74/><V63/><F0/><W80/><G121/><T81/><D81/><U61/><E61/><V56/><F36/><W12/><G128/><T42/><D29/><U53/><E53/><V73/><F73/><W43/><G134/><T102/><D104/><U25/><REACH who="1" step="1"/><E103/><REACH who="1" ten="289,240,250,211" step="2"/><V107/><F63/><W88/><G80/><T2/><D2/><U129/><E129/><V40/><F40/><W101/><G101/><T34/><D34/><U9/><E9/><V78/><F10/><W16/><REACH who="3" step="1"/><G37/><REACH who="3" ten="289,240,250,201" step="2"/><T48/><D5/><U13/><E13/><V92/><F107/><W20/><AGARI ba="1,2" hai="12,16,20,21,24,30,41,43,50,55,59,88,90,91" machi="20" ten="30,12000,2" yaku="1,1,2,1,0,1,8,1,52,1,54,2,53,0" doraHai="23" doraHaiUra="112" who="3" fromWho="3" sc="289,-61,240,-31,250,-31,201,143" /><INIT seed="1,0,0,2,0,17" ten="228,209,219,344" oya="1" hai0="15,113,58,37,84,82,79,39,94,54,24,30,48" hai1="60,85,112,83,76,21,78,115,121,27,7,110,117" hai2="130,126,6,62,14,93,135,56,53,59,38,57,11" hai3="44,66,64,51,35,132,96,1,131,73,114,3,43"/><U74/><E117/><V32/><F135/><W2/><G35/><T67/><D113/><U29/><E121/><V98/><F130/><W88/><G73/><T41/><D15/><U127/><E127/><V13/><F38/><W45/><G114/><T97/><D41/><U86/><E110/><V9/><F32/><W49/><G131/><T99/><D97/><U46/><E7/><V87/><F87/><W102/><G132/><T22/><REACH who="0" step="1"/><D67/><REACH who="0" ten="218,209,219,344" step="2"/><U128/><E128/><V70/><F126/><W75/><G66/><T50/><D50/><U33/><E112/><V47/><F47/><W107/><G64/><T61/><D61/><U103/><E115/><V124/><F124/><W106/><G106/><T111/><D111/><U104/><E60/><V109/><F109/><W118/><G118/><T34/><D34/><U5/><E33/><V108/><F108/><W119/><G119/><T101/><AGARI ba="0,1" hai="22,24,30,37,39,48,54,58,79,82,84,94,99,101" machi="101" ten="20,12000,2" yaku="1,1,0,1,7,1,52,1,53,2" doraHai="17" doraHaiUra="71" who="0" fromWho="0" sc="218,130,209,-60,219,-30,344,-30" /><INIT seed="2,0,0,0,2,32" ten="348,149,189,314" oya="2" hai0="53,106,105,85,107,97,90,3,38,2,74,39,112" hai1="45,52,1,5,60,49,65,116,79,123,35,91,14" hai2="81,29,26,57,56,70,59,41,114,44,126,73,128" hai3="17,127,13,100,42,47,34,82,23,98,21,4,84"/><V15/><F114/><W131/><G34/><T16/><D112/><U8/><E116/><V129/><F70/><W108/><G108/><T99/><D53/><U113/><E113/><V66/><F66/><W10/><G127/><T77/><D16/><U36/><E35/><V31/><F126/><W119/><G131/><N who="2" m="50249" /><F15/><W125/><G125/><T92/><D39/><U28/><E28/><V54/><F54/><W69/><G69/><T94/><D38/><U115/><E115/><V101/><F101/><W55/><G55/><T22/><D22/><U24/><E123/><V37/><F26/><W89/><G119/><T9/><D9/><U12/><E24/><V88/><F73/><W102/><G98/><T78/><D74/><U33/><E33/><V51/><F51/><N who="3" m="27127" /><G23/><T117/><D117/><U30/><E30/><V122/><F122/><W80/><G80/><T64/><D64/><U40/><E91/><V19/><F19/><W58/><G58/><T104/><N who="0" m="27136" /><DORA hai="46" /><T27/><D27/><AGARI ba="0,0" hai="4,10,13,17,21,27,82,84,89,100,102" m="27127" machi="27" ten="30,2000,0" yaku="8,1,52,1" doraHai="32,46" who="3" fromWho="0" sc="348,-20,149,0,189,0,314,20" /><INIT seed="3,0,0,4,3,112" ten="328,149,189,334" oya="3" hai0="8,123,19,124,35,58,94,101,40,22,105,120,13" hai1="92,86,1,24,53,10,90,0,46,106,82,119,26" hai2="99,96,108,7,41,37,103,48,130,29,27,64,11" hai3="128,63,115,122,129,76,23,20,65,57,68,25,69"/><W118/><G118/><T73/><D35/><U111/><E106/><V121/><F108/><W132/><G132/><T56/><D73/><U67/><E111/><V3/><F130/><N who="3" m="50283" /><G115/><T42/><D105/><U134/><E134/><V59/><F121/><W127/><G127/><T84/><D124/><U15/><E67/><V55/><F64/><W66/><G122/><T33/><D33/><U5/><E1/><V28/><F28/><N who="3" m="17447" /><G76/><T83/><D120/><U38/><E0/><V18/><F18/><W4/><G4/><N who="0" m="3207" /><D123/><U109/><E109/><V117/><F117/><W36/><G36/><T104/><D104/><U80/><E119/><V16/><F16/><W126/><G126/><T88/><D56/><U116/><E116/><V102/><F37/><W45/><G66/><T133/><D58/><U100/><E38/><V34/><F41/><W60/><G60/><T79/><D133/><U135/><E135/><V12/><F3/><W125/><G125/><T72/><D72/><U54/><E54/><V95/><F99/><W21/><G45/><T91/><D79/><U32/><E32/><V114/><F114/><W14/><G14/><N who="0" m="9591" /><D101/><AGARI ba="0,0" hai="7,11,12,27,29,34,48,55,59,95,96,101,102,103" machi="101" ten="30,1000,0" yaku="7,1" doraHai="112" who="2" fromWho="0" sc="328,-10,149,0,189,10,334,0" owari="318,12.0,149,-35.0,199,-20.0,334,43.0" /></mjloggm>