<mjloggm ver="2.3"><GO type="169" lobby="0"/><UN n0="%E5%B0%B1%E6%B4%BB%E7%94%9F%40%E5%B7%9D%E6%9D%91%E8%BB%8D%E5%9B%A3" n1="%62%75%74%69%74%61%6D%61" n2="%68%6F%6C%6D%65%73" n3="%E3%82%A4%E3%83%8B%E3%82%A8%E3%82%B9%E3%82%BF" dan="16,18,16,18" rate="2117.00,2170.22,2061.09,2224.57" sx="M,M,M,M"/><TAIKYOKU oya="0"/><INIT seed="0,0,0,1,4,75" ten="250,250,250,250" oya="0" hai0="5,133,101,116,9,120,21,3,80,36,29,19,57" hai1="79,14,48,119,69,71,81,122,84,52,100,103,26" hai2="98,77,135,87,61,124,23,13,20,30,118,105,4" hai3="96,73,104,112,78,115,31,86,24,60,93,33,46"/><T25/><D116/><U1/><E122/><V99/><F124/><W62/><G46/><T72/><D120/><U27/><E1/><V16/><F135/><W10/><G10/><T123/><D123/><U59/><E119/><V126/><F126/><W43/><G43/><T45/><D133/><U114/><E114/><V64/><F4/><W88/><G60/><T34/><D101/><N who="1" m="38987" /><E71/><V28/><F105/><W70/><G73/><T127/><D127/><U0/><E69/><V40/><F40/><W44/><G44/><T37/><D57/><N who="1" m="32903" /><E0/><V8/><F118/><W89/><G104/><T125/><D125/><U38/><E38/><V56/><F23/><W109/><G109/><T50/><D72/><U110/><E110/><V130/><F130/><W106/><G106/><T102/><D102/><U83/><E83/><N who="2" m="47599" /><F8/><W111/><G111/><T68/><D80/><U74/><E74/><V17/><F17/><W22/><G33/><T134/><D68/><U42/><E42/><V67/><F67/><N who="3" m="41335" /><G115/><T58/><D58/><U65/><E14/><V35/><F35/><W51/><G112/><T91/><D134/><U12/><E12/><V92/><F92/><N who="3" m="54295" /><G51/><T108/><D108/><U132/><E132/><V76/><F76/><W11/><G78/><T66/><D66/><U95/><E95/><V54/><F64/><W85/><G11/><T121/><D121/><U6/><E6/><V63/><F63/><AGARI ba="0,0" hai="26,27,59,63,65,79,81,84" m="32903,38987" machi="63" ten="30,3900,0" yaku="8,1,52,1,54,1" doraHai="75" who="1" fromWho="2" sc="250,0,250,39,250,-39,250,0" /><INIT seed="1,0,0,1,1,52" ten="250,289,211,250" oya="1" hai0="94,133,80,45,35,117,86,106,127,116,126,34,16" hai1="41,96,33,15,122,20,4,10,79,8,118,38,36" hai2="74,102,31,9,54,104,108,125,23,128,67,29,19" hai3="81,119,47,0,129,109,66,123,6,115,82,48,134"/><U73/><E33/><V63/><F74/><W124/><G6/><T43/><D106/><U3/><E122/><V56/><F125/><N who="0" m="47626" /><D94/><U18/><E118/><N who="0" m="45673" /><D16/><U77/><E41/><V11/><F102/><W100/><G81/><T131/><D131/><U75/><E96/><V84/><F104/><W28/><G82/><T121/><D133/><U2/><E20/><V30/><F128/><W14/><G28/><T93/><D93/><U46/><E46/><V22/><F22/><W120/><G100/><T25/><D25/><U51/><E18/><V135/><F135/><W113/><G14/><T87/><D121/><U89/><E15/><V5/><F108/><W17/><G17/><T105/><D105/><U88/><REACH who="1" step="1"/><E51/><REACH who="1" ten="250,279,211,250" step="2"/><V132/><F132/><W27/><G48/><N who="0" m="26687" /><D87/><U32/><E32/><V90/><F5/><AGARI ba="0,1" hai="2,3,4,5,8,10,36,38,73,75,77,79,88,89" machi="5" ten="25,9600,0" yaku="1,1,22,2,54,1,53,0" doraHai="52" doraHaiUra="65" who="1" fromWho="2" sc="250,0,279,106,211,-96,250,0" /><INIT seed="1,1,0,1,4,40" ten="250,385,115,250" oya="1" hai0="1,95,16,18,118,101,56,10,3,32,27,103,104" hai1="48,135,126,83,35,39,5,45,75,15,127,68,12" hai2="26,98,41,43,58,24,37,88,123,19,62,89,36" hai3="34,14,17,47,20,81,100,120,52,71,99,92,50"/><U134/><E39/><V7/><F123/><W28/><G120/><T72/><D104/><U69/><E35/><V54/><F7/><W131/><G131/><T116/><D72/><U61/><E75/><V111/><F37/><W30/><G34/><T53/><D32/><U96/><E83/><V29/><F111/><W22/><G71/><N who="1" m="27210" /><E96/><V42/><F36/><W108/><G108/><T76/><D76/><U129/><E61/><V55/><F19/><N who="3" m="10359" /><G81/><T4/><D1/><U106/><E106/><V65/><F26/><AGARI ba="1,0" hai="17,22,26,28,30,47,50,52,92,99,100" m="10359" machi="26" ten="30,3900,0" yaku="8,1,52,1,54,1" doraHai="40" who="3" fromWho="2" sc="250,0,385,0,115,-42,250,42" /><INIT seed="2,0,0,2,2,121" ten="250,385,73,292" oya="2" hai0="82,127,22,14,59,75,128,115,132,108,126,38,40" hai1="64,111,106,74,11,37,23,27,81,21,16,73,114" hai2="43,30,51,35,45,55,25,7,129,1,4,71,63" hai3="131,13,50,72,20,2,89,56,62,65,123,52,86"/><V44/><F129/><W76/><G2/><T122/><D59/><U96/><E37/><V68/><F1/><W15/><G123/><T91/><D40/><U98/><E111/><V118/><F118/><W18/><G131/><T70/><D91/><U34/><E34/><V48/><REACH who="2" step="1"/><F63/><REACH who="2" ten="250,385,63,292" step="2"/><W77/><G72/><T107/><D75/><U85/><E74/><V58/><F58/><N who="3" m="33047" /><G15/><T46/><D14/><U3/><E73/><V130/><F130/><W87/><G87/><T97/><D128/><U10/><E3/><V117/><F117/><W88/><G89/><T6/><D122/><U105/><E85/><V39/><F39/><W60/><G60/><T57/><D38/><U100/><E114/><V92/><F92/><AGARI ba="0,1" hai="13,18,20,56,62,65,76,77,86,88,92" m="33047" machi="92" ten="30,7700,0" yaku="25,1,8,1,54,2" doraHai="121" who="3" fromWho="2" sc="250,0,385,0,63,-77,292,87" owari="250,-15.0,385,48.0,-14,-51.0,379,18.0" /></mjloggm>