<mjloggm ver="2.3"><GO type="97" lobby="0"/><UN n0="%65%78%69%73%74%3A" n1="%E7%A7%98%E6%9B%B8%E4%BF%82" n2="%E3%81%A1%E3%81%AA%E3%81%A4%E7%84%A1%E5%8F%8C%EF%BC%81" n3="%E3%83%88%E3%83%88%E3%83%AA%E5%85%88%E7%94%9F%31%39%E6%AD%B3" dan="14,13,14,13" rate="1957.76,1943.92,1938.15,2042.31" sx="M,M,M,F"/><TAIKYOKU oya="0"/><INIT seed="0,0,0,1,5,36" ten="250,250,250,250" oya="0" hai0="106,41,62,48,130,108,113,59,112,94,68,21,117" hai1="65,124,43,80,12,1,92,23,91,34,19,5,77" hai2="101,64,90,25,50,98,74,49,82,60,99,84,47" hai3="17,135,73,32,24,26,89,27,121,122,125,4,133"/><T97/><D106/><U103/><E34/><V39/><F25/><N who="3" m="9835" /><G73/><T83/><D117/><U3/><E124/><V8/><F8/><W7/><G89/><T120/><D83/><U20/><E103/><V126/><F126/><W116/><G116/><T14/><D120/><N who="3" m="46185" /><G125/><T102/><D130/><U127/><E127/><V88/><F74/><W29/><G17/><N who="0" m="10423" /><D108/><U57/><E43/><V6/><F6/><AGARI ba="0,0" hai="4,6,7,27,29,32,133,135" m="46185,9835" machi="6" ten="30,3900,0" yaku="13,1,34,2" doraHai="36" who="3" fromWho="2" sc="250,0,250,0,250,-39,250,39" /><INIT seed="1,0,0,1,2,59" ten="250,250,211,289" oya="1" hai0="56,135,105,87,13,122,128,129,34,9,29,93,55" hai1="74,14,41,38,73,132,81,52,92,133,16,85,116" hai2="101,76,2,111,15,110,31,8,69,27,63,88,127" hai3="53,5,10,39,35,57,60,108,65,134,25,19,97"/><U1/><E1/><V96/><F2/><W77/><G39/><T80/><D105/><U6/><E116/><V104/><F127/><W46/><G108/><N who="2" m="41513" /><F76/><W4/><G134/><N who="1" m="51818" /><E92/><N who="2" m="56327" /><F104/><W109/><G109/><T125/><D93/><U3/><E6/><N who="2" m="3479" /><F101/><W33/><G77/><T22/><D125/><U102/><E3/><V26/><F31/><W99/><G99/><T20/><D135/><U21/><E102/><V62/><F69/><W11/><G97/><T120/><D87/><U84/><E38/><V89/><F89/><W37/><G37/><T124/><D124/><U47/><E41/><V48/><F48/><W42/><G42/><T61/><D80/><U100/><E100/><V45/><F45/><W114/><G46/><T17/><D34/><U121/><E121/><N who="0" m="46697" /><D29/><U106/><E106/><V32/><F32/><W117/><G35/><T91/><D91/><N who="1" m="51599" /><E85/><V90/><F90/><W86/><G86/><T44/><D44/><U95/><E95/><V103/><F103/><W98/><G98/><T30/><D30/><U118/><E118/><V82/><F82/><W24/><G117/><T71/><D20/><U123/><E123/><V7/><F7/><W28/><G5/><T78/><D78/><U40/><E40/><V64/><F64/><W43/><G43/><T23/><D22/><U115/><E115/><V126/><F126/><W119/><G114/><T94/><D23/><U70/><E70/><V49/><F49/><AGARI ba="0,0" hai="14,16,21,47,49,52,73,74" m="51599,51818" machi="49" ten="30,5800,0" yaku="20,1,54,2" doraHai="59" who="1" fromWho="2" sc="250,0,250,58,211,-58,289,0" /><INIT seed="1,1,0,1,0,135" ten="250,308,153,289" oya="1" hai0="38,130,9,129,67,79,94,8,109,1,27,20,101" hai1="108,92,24,39,114,121,77,64,30,81,110,126,35" hai2="90,43,61,19,95,104,78,13,82,74,69,88,97" hai3="12,23,60,2,83,132,65,47,73,134,85,4,36"/><U123/><E39/><V133/><F43/><N who="3" m="23015" /><G23/><T40/><D79/><U63/><E114/><V91/><F133/><N who="3" m="51307" /><G12/><T119/><D1/><U102/><E92/><V107/><F61/><W115/><G73/><T56/><D119/><U116/><E102/><V22/><REACH who="2" step="1"/><F69/><REACH who="2" ten="250,308,143,289" step="2"/><W51/><G60/><N who="0" m="38279" /><D40/><U84/><E116/><V17/><F17/><W6/><G6/><T50/><D109/><N who="1" m="42091" /><E126/><V89/><AGARI ba="1,1" hai="13,19,22,74,78,82,88,89,90,91,95,97,104,107" machi="89" ten="30,7900,0" yaku="1,1,0,1,54,1,53,1" doraHai="135" doraHaiUra="14" who="2" fromWho="2" sc="250,-21,308,-40,143,92,289,-21" /><INIT seed="2,0,0,0,0,78" ten="229,268,235,268" oya="2" hai0="109,117,50,133,20,130,70,110,67,30,51,36,98" hai1="2,135,42,73,53,89,95,4,93,101,34,57,104" hai2="74,80,76,85,121,65,69,75,58,22,5,124,33" hai3="9,61,49,48,64,114,123,127,113,1,16,99,118"/><V71/><F121/><W25/><G123/><T84/><D117/><U96/><E73/><V106/><F33/><W15/><G118/><T103/><D36/><U87/><E34/><V116/><F116/><W111/><G111/><N who="0" m="42507" /><D130/><U90/><E42/><V105/><F5/><W83/><G127/><T10/><D133/><U0/><E4/><V38/><F38/><W6/><G99/><T128/><D128/><U11/><E11/><V86/><F22/><N who="3" m="13511" /><G1/><T13/><D84/><U40/><E135/><V129/><F129/><W3/><G83/><T54/><D54/><U17/><E40/><V97/><F97/><W82/><G82/><T32/><D32/><U35/><E17/><V79/><F58/><N who="3" m="36919" /><G3/><T27/><D67/><U24/><E24/><V131/><F131/><W125/><G125/><T28/><D70/><U52/><E35/><V100/><F124/><W91/><G91/><T132/><D132/><U102/><E102/><V68/><F68/><W7/><G7/><N who="0" m="3295" /><D28/><U66/><E66/><V77/><F65/><W81/><G81/><T112/><D112/><AGARI ba="0,0" hai="6,9,15,48,49,112,113,114" m="36919,13511" machi="112" ten="30,2000,0" yaku="11,1,54,1" doraHai="78" who="3" fromWho="0" sc="229,-20,268,0,235,0,268,20" /><INIT seed="3,0,0,5,3,103" ten="209,268,235,288" oya="3" hai0="54,61,47,88,99,38,29,119,63,28,108,20,52" hai1="69,124,134,120,32,131,123,35,82,96,79,78,10" hai2="7,41,74,23,19,130,126,3,97,27,107,48,85" hai3="1,90,114,76,86,94,44,112,118,0,106,104,11"/><W26/><G118/><T98/><D119/><U125/><E69/><V43/><F74/><W127/><G127/><N who="1" m="48714" /><E10/><V64/><F126/><W40/><G26/><N who="0" m="16455" /><D38/><U95/><E32/><V71/><F48/><W117/><G117/><T49/><D29/><U62/><E35/><V50/><F50/><W21/><G21/><T133/><D133/><U16/><E134/><V67/><F85/><W80/><G114/><T34/><D34/><U31/><E31/><V12/><F3/><W65/><G65/><T128/><D128/><U66/><E66/><V115/><F115/><W37/><G112/><T14/><D108/><U33/><E33/><V83/><F71/><W91/><G91/><T56/><D14/><U113/><E62/><V53/><F12/><W100/><G100/><T5/><D5/><U59/><E59/><V6/><F6/><N who="3" m="1479" /><G1/><T30/><D30/><U73/><E113/><V132/><F7/><W24/><G24/><T129/><D129/><U77/><E131/><V2/><F130/><W55/><G55/><T51/><D88/><N who="1" m="55399" /><E16/><V75/><F19/><W46/><G46/><T87/><D87/><U110/><E110/><V22/><F132/><W92/><G92/><T135/><D135/><U4/><E4/><V84/><F84/><W121/><G121/><AGARI ba="0,0" hai="73,77,78,79,82,120,121,123" m="55399,48714" machi="121" ten="30,7700,0" yaku="18,1,34,2,54,1" doraHai="103" who="1" fromWho="3" sc="209,0,268,77,235,0,288,-77" owari="209,-29.0,345,44.0,235,4.0,211,-19.0" /></mjloggm>