<mjloggm ver="2.3"><GO type="225" lobby="0"/><UN n0="%74%74%6F%68%6F%6B%75" n1="%E4%B8%A6%E3%81%BF%E3%81%AE%E7%AB%9C" n2="%E5%B0%B1%E6%B4%BB%E7%94%9F%40%E5%B7%9D%E6%9D%91%E8%BB%8D%E5%9B%A3" n3="%E5%A4%A9%E7%A9%BA%73%61%79%61" dan="16,16,17,16" rate="2068.58,2048.79,2092.03,2127.03" sx="M,M,M,M"/><TAIKYOKU oya="0"/><INIT seed="0,0,0,5,4,82" ten="250,250,250,250" oya="0" hai0="18,74,86,121,77,129,126,119,128,109,2,114,123" hai1="32,84,125,26,110,45,13,48,104,47,101,33,91" hai2="66,7,88,41,37,133,99,6,93,56,117,68,76" hai3="83,98,9,55,5,79,61,130,96,132,111,118,8"/><T36/><D36/><U97/><E110/><V51/><F68/><W54/><G118/><T21/><D2/><U12/><E47/><N who="2" m="26095" /><F37/><W53/><G111/><T112/><D109/><U131/><E125/><V116/><F133/><W67/><G132/><T58/><D119/><N who="2" m="45642" /><F76/><W34/><G34/><T113/><D126/><U3/><E3/><V17/><F17/><W63/><G130/><N who="0" m="50283" /><D58/><U70/><E70/><V25/><F25/><W92/><G67/><T57/><D57/><U11/><E26/><V59/><F59/><W31/><G31/><T65/><D65/><U38/><E38/><V16/><F16/><W15/><G8/><T52/><D52/><U39/><E39/><V127/><F127/><W19/><G19/><T115/><D74/><U103/><E131/><V30/><F30/><W72/><REACH who="3" step="1"/><G98/><REACH who="3" ten="250,250,250,240" step="2"/><T106/><D114/><U50/><E33/><V46/><F46/><W35/><G35/><T89/><D18/><U134/><E32/><V1/><F1/><W49/><G49/><T78/><D21/><U27/><E11/><V135/><F135/><W102/><AGARI ba="0,1" hai="5,9,15,53,54,55,61,63,72,79,83,92,96,102" machi="102" ten="30,2000,0" yaku="1,1,0,1,53,0" doraHai="82" doraHaiUra="62" who="3" fromWho="3" sc="250,-10,250,-5,250,-5,240,30" /><INIT seed="1,0,0,2,2,13" ten="240,245,245,270" oya="1" hai0="16,22,93,119,63,85,113,15,82,84,41,38,39" hai1="87,51,114,90,14,127,125,88,42,71,46,59,110" hai2="126,7,47,53,91,81,4,11,73,68,75,133,118" hai3="109,30,50,56,86,26,3,129,123,57,60,92,76"/><U89/><E114/><V74/><F118/><W124/><G3/><T61/><D119/><U78/><E71/><V12/><F126/><N who="1" m="48137" /><E110/><V1/><F68/><W37/><G37/><T17/><D113/><U121/><E121/><V0/><F133/><W35/><G123/><T120/><D120/><U28/><E28/><V116/><F116/><W9/><G124/><T72/><D72/><U97/><E97/><V25/><F25/><W40/><G129/><T43/><D39/><U55/><E14/><V117/><F117/><W112/><G112/><T44/><D41/><U65/><E65/><V23/><F23/><W101/><G35/><T33/><D33/><U66/><E66/><V24/><F24/><W48/><G26/><T104/><D104/><U79/><E87/><N who="2" m="50671" /><F1/><W83/><G30/><T96/><D17/><U29/><E29/><V107/><F107/><W69/><G69/><T77/><REACH who="0" step="1"/><D85/><REACH who="0" ten="230,245,245,270" step="2"/><U8/><E8/><V20/><F73/><W18/><G9/><T52/><D52/><U99/><E99/><V10/><F53/><W105/><G86/><T132/><D132/><U95/><E95/><V122/><F75/><W31/><G92/><T62/><D62/><AGARI ba="0,1" hai="42,46,51,55,59,62,78,79,88,89,90" m="48137" machi="62" ten="30,2900,0" yaku="18,1,54,1" doraHai="13" who="1" fromWho="0" sc="230,-29,245,39,245,0,270,0" /><INIT seed="1,1,0,0,3,115" ten="201,284,245,270" oya="1" hai0="7,14,50,55,93,94,104,32,3,84,70,22,77" hai1="71,124,73,38,105,112,47,46,116,80,63,34,44" hai2="108,129,90,107,121,21,76,88,101,20,102,0,79" hai3="36,85,87,37,51,28,74,39,110,127,109,113,15"/><U58/><E112/><V60/><F0/><W125/><G113/><T68/><D104/><U31/><E124/><N who="3" m="47690" /><G74/><T30/><D68/><U91/><E38/><V100/><F121/><W29/><G15/><T4/><D70/><U59/><E105/><V69/><F107/><W98/><G98/><T8/><D7/><U64/><E116/><V81/><F129/><W135/><G51/><T78/><D32/><U75/><E91/><N who="2" m="34859" /><F108/><W57/><G57/><T66/><D66/><U24/><REACH who="1" step="1"/><E73/><REACH who="1" ten="201,274,245,270" step="2"/><V95/><F95/><W103/><G103/><T99/><D78/><AGARI ba="1,1" hai="24,31,34,44,46,47,58,59,63,64,71,75,78,80" machi="78" ten="40,3900,0" yaku="1,1,2,1,53,0" doraHai="115" doraHaiUra="134" who="1" fromWho="0" sc="201,-42,274,52,245,0,270,0" /><INIT seed="1,2,0,0,2,31" ten="159,326,245,270" oya="1" hai0="12,78,18,13,17,22,39,99,69,28,21,120,86" hai1="66,29,92,3,19,87,26,126,48,116,96,67,107" hai2="34,108,91,103,16,85,80,76,89,127,23,133,122" hai3="111,90,47,88,95,79,123,117,83,112,125,58,10"/><U43/><E116/><V93/><F122/><W51/><G112/><T20/><D39/><U105/><E3/><V97/><F108/><W44/><G123/><T8/><D69/><U109/><E126/><V119/><F127/><W124/><G111/><T132/><D99/><U75/><E75/><V4/><F119/><W106/><G106/><T82/><D132/><U63/><E109/><V14/><F133/><W50/><G117/><T74/><D74/><U11/><E87/><V56/><F34/><W134/><G134/><T54/><D120/><U84/><E84/><V5/><F56/><W6/><G58/><T59/><REACH who="0" step="1"/><D28/><REACH who="0" ten="149,326,245,270" step="2"/><U9/><E29/><V60/><F60/><AGARI ba="2,1" hai="8,12,13,17,18,20,21,22,54,59,60,78,82,86" machi="60" ten="30,7700,0" yaku="1,1,2,1,7,1,8,1,53,0" doraHai="31" doraHaiUra="64" who="0" fromWho="2" sc="149,93,326,0,245,-83,270,0" /><INIT seed="2,0,0,1,3,28" ten="242,326,162,270" oya="2" hai0="39,87,35,107,4,36,124,75,46,110,62,94,98" hai1="57,41,66,125,18,104,116,92,118,93,34,100,37" hai2="80,9,68,10,95,45,81,123,2,51,73,111,14" hai3="44,127,40,0,38,132,88,117,16,53,61,58,23"/><V7/><F123/><W97/><G117/><T5/><D75/><U11/><E104/><V122/><F122/><W133/><G127/><T103/><D35/><U82/><E125/><V89/><F68/><W54/><G0/><T6/><D110/><U101/><E34/><V130/><F73/><W63/><G63/><T8/><D124/><U71/><E71/><V65/><F65/><W20/><G54/><T56/><D8/><U79/><E37/><V76/><F130/><W131/><G131/><T21/><D21/><U64/><E41/><V77/><F111/><W102/><G102/><T108/><D108/><U106/><E106/><V50/><F9/><W78/><G78/><N who="2" m="30313" /><F2/><W119/><G119/><T120/><D46/><U59/><E79/><V42/><F51/><W19/><G23/><T113/><D113/><U96/><E11/><V13/><F13/><W91/><G19/><T67/><REACH who="0" step="1"/><D120/><REACH who="0" ten="232,326,162,270" step="2"/><U30/><E116/><V47/><F47/><W114/><G114/><T84/><D84/><AGARI ba="0,1" hai="7,10,14,42,45,50,80,81,84,89,95" m="30313" machi="84" ten="30,1500,0" yaku="8,1" doraHai="28" who="2" fromWho="0" sc="232,-15,326,0,162,25,270,0" /><INIT seed="2,1,0,0,2,1" ten="217,326,187,270" oya="2" hai0="53,112,8,129,134,7,88,31,106,24,18,76,117" hai1="84,67,80,15,91,58,94,56,37,77,13,128,85" hai2="69,59,5,82,102,71,110,45,81,51,132,2,47" hai3="46,66,20,99,25,119,95,72,114,49,75,17,27"/><V33/><F33/><W93/><G119/><T6/><D106/><U92/><E37/><V35/><F35/><W30/><G114/><T105/><D105/><U44/><E128/><V118/><F118/><W57/><G66/><T109/><D112/><U124/><E124/><V125/><F125/><W29/><G57/><N who="1" m="22122" /><E67/><V101/><F132/><W52/><G95/><T103/><D76/><U133/><E133/><V28/><F28/><W131/><G131/><T16/><D103/><U113/><E113/><V34/><F34/><W4/><G4/><T115/><D115/><U22/><E44/><V68/><F110/><W107/><G107/><T62/><D109/><U90/><E22/><V9/><F59/><W39/><G39/><T55/><D62/><U97/><AGARI ba="1,0" hai="13,15,77,80,84,85,90,91,92,94,97" m="22122" machi="97" ten="30,1100,0" yaku="8,1" doraHai="1" who="1" fromWho="1" sc="217,-4,326,14,187,-6,270,-4" /><INIT seed="3,0,0,3,0,14" ten="213,340,181,266" oya="3" hai0="106,119,45,59,43,3,56,70,48,50,67,38,46" hai1="1,5,28,39,32,126,55,19,74,0,73,82,65" hai2="76,129,88,7,30,29,96,58,128,69,101,132,131" hai3="90,130,34,108,37,135,109,116,102,110,124,83,78"/><W15/><G116/><T51/><D3/><U53/><E39/><V72/><F69/><W127/><G37/><T99/><D99/><U64/><E32/><V85/><F7/><W20/><G34/><T57/><D106/><U9/><E28/><V87/><F58/><W8/><G135/><T91/><D91/><U52/><E126/><N who="3" m="48170" /><G130/><N who="2" m="33281" /><V44/><DORA hai="25" /><F132/><W71/><G71/><T31/><D31/><N who="2" m="11786" /><F44/><W134/><G134/><T100/><D100/><U79/><E65/><V13/><F13/><W111/><G109/><T93/><D93/><U107/><E64/><V103/><F72/><W105/><G110/><T115/><D119/><U35/><E73/><V36/><F36/><W17/><G108/><T86/><D86/><N who="2" m="32778" /><F76/><W6/><G78/><T121/><D115/><U94/><E74/><V63/><F63/><W122/><G15/><T21/><D21/><U84/><E79/><V18/><F18/><W23/><G20/><T123/><D46/><U62/><E19/><V10/><F10/><W61/><G23/><T75/><REACH who="0" step="1"/><D75/><REACH who="0" ten="203,340,181,266" step="2"/><U12/><E107/><V11/><F11/><W98/><G105/><T81/><D81/><U40/><E82/><V66/><F66/><W4/><G111/><T120/><D120/><U117/><E117/><V26/><F26/><W42/><G122/><T68/><D68/><U113/><E113/><V33/><F33/><W97/><G8/><T77/><D77/><U60/><E0/><V95/><AGARI ba="0,1" hai="88,95,96,101,103" m="32778,11786,33281" machi="95" ten="50,8000,1" yaku="19,1,52,3,54,1" doraHai="14,25" who="2" fromWho="2" sc="203,-20,340,-20,181,90,266,-40" owari="183,-32.0,320,42.0,271,7.0,226,-17.0" /></mjloggm>