<mjloggm ver="2.3"><GO type="41" lobby="0"/><UN n0="%E7%94%9F%E3%81%8D%E3%81%A6%E3%81%A6%E3%82%88%E3%81%8B%E3%81%A3%E3%81%9F" n1="%E3%83%97%E3%83%A9%E3%83%81%E3%83%8A%E3%82%80%E3%81%8B%E3%81%A4%E3%81%8F" n2="%48%E3%81%AA%E4%BF%AE%E9%81%93%E5%A3%AB" n3="%E5%B0%B1%E6%B4%BB%E7%94%9F%40%E5%B7%9D%E6%9D%91%E8%BB%8D%E5%9B%A3" dan="15,14,14,15" rate="2028.40,1922.65,1847.47,2004.07" sx="M,M,F,M"/><TAIKYOKU oya="0"/><INIT seed="0,0,0,1,0,25" ten="250,250,250,250" oya="0" hai0="95,4,134,26,45,74,27,43,11,98,32,16,41" hai1="8,58,124,115,126,77,62,52,7,20,24,17,111" hai2="122,13,120,84,3,89,23,105,34,81,15,68,90" hai3="108,87,118,76,44,116,6,107,60,33,21,0,66"/><T86/><D74/><U61/><E111/><V123/><F34/><W73/><G33/><T55/><D134/><U93/><E115/><V96/><F68/><W5/><G107/><T14/><D86/><U51/><E77/><V63/><F3/><W53/><G108/><T121/><D121/><U82/><E82/><V102/><F63/><W48/><G73/><T2/><D55/><U22/><E22/><V10/><F23/><W101/><G101/><T75/><D75/><U67/><E93/><V50/><F50/><W83/><G21/><T28/><D26/><U133/><E133/><V131/><F131/><W128/><G128/><T112/><D112/><U92/><E92/><V129/><F129/><W9/><REACH who="3" step="1"/><G5/><REACH who="3" ten="250,250,250,240" step="2"/><T99/><D99/><U109/><E109/><V46/><F123/><W1/><G1/><T135/><D135/><U94/><E126/><V132/><F122/><W80/><G80/><T38/><D41/><U71/><E124/><V59/><F120/><W78/><G78/><T40/><D40/><U106/><E106/><V69/><F105/><W125/><G125/><T104/><D104/><U42/><E94/><V100/><F102/><W49/><G49/><T47/><D43/><U65/><E42/><V37/><F100/><W70/><AGARI ba="0,1" hai="0,6,9,44,48,53,60,66,70,76,83,87,116,118" machi="70" ten="20,2700,0" yaku="1,1,0,1,7,1,53,0" doraHai="25" doraHaiUra="31" who="3" fromWho="3" sc="250,-13,250,-7,250,-7,240,37" /><INIT seed="1,0,0,0,3,50" ten="237,243,243,277" oya="1" hai0="24,84,40,44,52,35,11,16,23,46,105,68,101" hai1="29,34,8,14,102,132,45,131,48,122,92,57,120" hai2="47,128,49,96,90,87,124,95,112,56,13,79,7" hai3="41,5,78,20,60,100,126,81,65,74,116,64,17"/><U59/><E131/><V72/><F128/><W121/><G121/><T80/><D68/><U10/><E132/><V108/><F124/><W130/><G126/><T69/><D69/><U37/><E37/><V104/><F108/><W33/><G33/><T67/><D67/><U3/><E3/><V31/><F112/><W70/><G65/><T107/><D35/><U2/><E2/><V85/><F72/><W113/><G113/><T99/><D11/><U119/><E119/><V0/><F0/><W83/><G130/><T43/><D107/><U103/><E34/><V4/><F31/><W18/><G100/><T39/><D44/><U77/><E77/><V63/><F104/><W127/><G127/><T12/><D24/><U109/><E29/><V54/><F13/><W15/><G41/><T76/><REACH who="0" step="1"/><D39/><REACH who="0" ten="227,243,243,277" step="2"/><U1/><E10/><V134/><F134/><W36/><G36/><T110/><D110/><U86/><E8/><V30/><F30/><W62/><G116/><T25/><D25/><U21/><E109/><V53/><REACH who="2" step="1"/><F87/><REACH who="2" ten="227,243,233,277" step="2"/><W135/><G135/><T55/><D55/><U114/><E86/><V75/><F75/><W98/><G74/><T93/><D93/><U71/><E92/><V94/><F94/><W89/><G15/><T123/><D123/><U82/><E120/><V129/><F129/><W88/><G64/><T91/><D91/><U117/><E122/><V9/><F9/><W118/><G88/><T66/><D66/><U28/><E114/><V26/><F26/><W61/><G89/><T115/><D115/><U97/><E117/><V38/><F38/><RYUUKYOKU ba="0,2" sc="227,15,243,-15,233,15,277,-15" hai0="12,16,23,40,43,46,52,76,80,84,99,101,105" hai2="4,7,47,49,53,54,56,63,79,85,90,95,96" /><INIT seed="2,1,2,2,4,94" ten="242,228,248,262" oya="2" hai0="54,13,74,46,25,91,102,71,99,32,133,121,33" hai1="108,131,120,123,68,127,7,5,9,116,15,134,3" hai2="27,130,12,90,6,93,35,20,55,83,87,4,37" hai3="61,1,2,88,104,113,77,105,23,129,36,65,135"/><V53/><F37/><W64/><G36/><T72/><D71/><U18/><E68/><V73/><F130/><W98/><G129/><T34/><D121/><N who="1" m="46667" /><E131/><V50/><F35/><W111/><G77/><T67/><D67/><U125/><E116/><V79/><F12/><W42/><G42/><T95/><D133/><U11/><E134/><V70/><F70/><W10/><G135/><T52/><D25/><U26/><E108/><V92/><F92/><W118/><G111/><T128/><D128/><U56/><E56/><V117/><F117/><W28/><G65/><T112/><D112/><U126/><E26/><V124/><F124/><W106/><G10/><T31/><D31/><U103/><E103/><V43/><F43/><W17/><G28/><T109/><D109/><U100/><E100/><V63/><F63/><W119/><G113/><T14/><D102/><U40/><E40/><V69/><F69/><W19/><G19/><AGARI ba="1,2" hai="3,5,7,9,11,15,18,19,125,126,127" m="46667" machi="19" ten="40,8000,1" yaku="18,1,13,1,34,2" doraHai="94" who="1" fromWho="3" sc="242,0,228,103,248,0,262,-83" /><INIT seed="3,0,0,4,0,28" ten="242,331,248,179" oya="3" hai0="80,95,2,66,83,33,76,24,131,101,40,120,126" hai1="135,129,68,15,134,96,32,23,29,50,59,4,118" hai2="78,51,127,58,11,73,25,108,7,115,21,110,91" hai3="13,12,67,61,125,44,111,84,70,34,122,37,53"/><W121/><G125/><T130/><D2/><U6/><E68/><V45/><F115/><W9/><G12/><T113/><D40/><U128/><E96/><V63/><F127/><W77/><G34/><T117/><D66/><U97/><E97/><V46/><F73/><W133/><G133/><N who="1" m="50698" /><E59/><V64/><F78/><W71/><G71/><T81/><D126/><U90/><E90/><V103/><F91/><W14/><G14/><T47/><D47/><U87/><E87/><V31/><F103/><W65/><G65/><T39/><D39/><U20/><E50/><V0/><REACH who="2" step="1"/><F46/><REACH who="2" ten="242,331,238,179" step="2"/><W132/><G132/><T36/><D113/><U104/><E118/><V75/><F75/><W56/><G111/><T48/><D76/><U26/><E104/><V69/><F69/><W89/><G77/><T124/><D101/><U72/><E72/><V102/><F102/><W88/><G89/><T99/><D124/><U19/><E32/><V123/><F123/><W107/><G107/><T116/><D120/><U109/><E109/><V18/><F18/><N who="3" m="8495" /><G70/><T79/><D33/><U62/><E4/><V94/><F94/><N who="3" m="54535" /><G122/><T119/><D79/><U100/><E100/><V105/><F105/><W8/><G121/><T106/><D106/><U86/><E6/><V41/><AGARI ba="0,1" hai="0,7,11,21,25,31,41,45,51,58,63,64,108,110" machi="41" ten="30,4000,0" yaku="1,1,0,1,53,1" doraHai="28" doraHaiUra="27" who="2" fromWho="2" sc="242,-10,331,-10,238,50,179,-20" /><INIT seed="4,0,0,4,2,61" ten="232,321,288,159" oya="0" hai0="111,28,32,66,76,30,91,117,79,80,108,59,72" hai1="23,37,69,60,10,0,18,6,124,103,3,110,7" hai2="15,49,36,35,19,25,113,129,105,55,46,121,114" hai3="97,9,5,47,130,16,84,14,134,132,34,70,13"/><T81/><D91/><U102/><E37/><V88/><F129/><W115/><G97/><T106/><D106/><U122/><E110/><N who="0" m="42025" /><D32/><U92/><E122/><V8/><F121/><W1/><G70/><T31/><D117/><U43/><E124/><V90/><F105/><W48/><G130/><T33/><D33/><U83/><E43/><V131/><F131/><W107/><G107/><T12/><D12/><U65/><E83/><N who="0" m="31817" /><D72/><U24/><REACH who="1" step="1"/><E92/><REACH who="1" ten="232,311,288,159" step="2"/><V41/><F35/><W123/><G123/><T128/><D128/><U77/><E77/><V93/><F93/><W67/><G34/><T4/><D4/><U125/><E125/><V89/><REACH who="2" step="1"/><F25/><REACH who="2" ten="232,311,278,159" step="2"/><W17/><G132/><T54/><D79/><U119/><E119/><V74/><F74/><W20/><G134/><T22/><D76/><U58/><E58/><AGARI ba="0,2" hai="8,15,19,36,41,46,49,55,58,88,89,90,113,114" machi="58" ten="40,2600,0" yaku="1,1,54,1,53,0" doraHai="61" doraHaiUra="112" who="2" fromWho="1" sc="232,0,311,-26,278,46,159,0" /><INIT seed="5,0,0,3,2,94" ten="232,285,324,159" oya="1" hai0="37,86,43,67,66,1,89,16,107,72,75,61,128" hai1="57,15,63,30,103,0,91,110,14,3,102,90,108" hai2="85,28,125,22,135,134,130,120,82,29,40,49,118" hai3="45,9,132,99,104,79,2,18,119,105,48,27,54"/><U78/><E78/><N who="2" m="46295" /><F118/><W127/><G119/><T23/><D1/><U133/><E30/><N who="2" m="11883" /><F22/><W73/><G132/><N who="2" m="50729" /><F120/><W88/><G127/><T11/><D128/><U106/><E133/><V101/><F101/><W8/><G73/><T98/><D11/><U60/><REACH who="1" step="1"/><E57/><REACH who="1" ten="232,275,324,159" step="2"/><V41/><F130/><W76/><G2/><T33/><D33/><U77/><E77/><N who="3" m="29770" /><G105/><AGARI ba="0,1" hai="0,3,14,15,60,63,90,91,102,103,105,106,108,110" machi="105" ten="25,4800,0" yaku="1,1,22,2,53,0" doraHai="94" doraHaiUra="71" who="1" fromWho="3" sc="232,0,275,58,324,0,159,-48" /><INIT seed="5,1,0,1,2,109" ten="232,333,324,111" oya="1" hai0="34,89,60,65,72,105,42,28,12,6,116,135,30" hai1="98,78,0,54,73,44,75,71,82,101,120,80,59" hai2="86,68,96,9,90,122,130,132,124,111,39,76,24" hai3="128,88,11,43,126,47,70,125,17,115,38,104,114"/><U61/><E120/><V118/><F111/><W64/><G104/><T23/><D72/><U18/><E0/><V16/><F122/><W102/><G102/><T107/><D42/><U131/><E131/><V123/><F118/><W58/><G128/><T21/><D89/><U26/><E71/><V57/><F123/><W20/><G11/><T106/><D116/><U40/><E80/><V134/><F68/><W22/><G70/><T5/><D135/><N who="2" m="51754" /><F39/><W25/><G22/><T31/><D34/><U69/><E69/><V1/><F130/><W99/><G58/><T92/><D92/><U113/><E75/><V87/><F76/><W3/><G64/><T79/><D79/><U2/><E2/><V37/><F37/><W14/><G3/><T81/><D81/><U77/><E77/><V110/><F110/><W67/><G67/><T19/><D65/><U119/><E119/><V46/><F46/><W93/><REACH who="3" step="1"/><G25/><REACH who="3" ten="232,333,324,101" step="2"/><T117/><D117/><U4/><E26/><V10/><F57/><W103/><G103/><T13/><D60/><U41/><E101/><V108/><F108/><W133/><G133/><T127/><D127/><AGARI ba="1,1" hai="14,17,20,38,43,47,88,93,99,114,115,125,126,127" machi="127" ten="40,8000,1" yaku="1,1,18,1,52,2,54,1,53,0" doraHai="109" doraHaiUra="66" who="3" fromWho="0" sc="232,-83,333,0,324,0,101,93" /><INIT seed="6,0,0,1,1,115" ten="149,333,324,194" oya="2" hai0="71,29,130,44,118,65,11,57,90,38,20,28,69" hai1="107,79,133,39,117,21,98,18,16,25,113,108,8" hai2="1,32,116,70,83,15,135,27,101,9,31,80,19" hai3="26,72,88,55,68,86,30,102,96,85,51,53,114"/><V104/><F135/><W50/><G72/><T103/><D103/><U36/><E108/><V76/><F70/><W122/><G122/><T95/><D130/><U60/><E113/><V110/><F110/><W121/><G121/><T111/><D111/><U40/><E133/><V37/><F37/><W4/><G68/><T92/><D11/><U46/><E117/><V48/><F116/><W129/><G129/><T124/><D124/><U6/><E79/><V63/><F104/><W2/><G114/><T87/><D118/><U41/><E60/><V61/><F101/><W105/><G4/><T99/><D57/><U47/><E98/><V94/><F94/><W23/><G2/><T109/><D109/><U119/><E119/><V3/><F83/><W17/><G30/><T0/><D0/><U75/><E75/><V128/><F128/><W74/><G74/><T89/><D65/><U84/><E84/><V100/><F100/><W132/><G132/><T49/><D38/><U52/><E107/><V126/><F126/><W106/><G106/><T82/><D82/><U13/><E52/><V24/><F48/><W22/><G22/><T77/><D77/><U12/><E12/><V112/><F112/><W33/><G33/><T91/><D91/><U67/><E67/><V97/><F97/><W123/><G123/><T42/><D28/><AGARI ba="0,0" hai="6,8,13,16,18,21,25,28,36,39,40,41,46,47" machi="28" ten="30,3900,0" yaku="7,1,9,1,54,1" doraHai="115" who="1" fromWho="0" sc="149,-39,333,39,324,0,194,0" /><INIT seed="7,0,0,1,5,9" ten="110,372,324,194" oya="3" hai0="89,50,81,135,102,6,120,66,29,18,74,94,132" hai1="40,106,104,79,0,119,8,23,110,19,77,83,34" hai2="53,44,20,15,22,97,46,84,36,48,45,70,91" hai3="125,17,75,28,21,88,95,113,131,85,87,30,80"/><W61/><G75/><T7/><D50/><U52/><E34/><V92/><F70/><W51/><G113/><T133/><D66/><U5/><E110/><V134/><F134/><W112/><G112/><T69/><D69/><U63/><E40/><V49/><F36/><W93/><G131/><T38/><D38/><U62/><E79/><V127/><F127/><W73/><G73/><T27/><D102/><U100/><E119/><V56/><F49/><W118/><G118/><T39/><D39/><U128/><E128/><V123/><F123/><W11/><G11/><T12/><D120/><U76/><E76/><V109/><F109/><W105/><G105/><T111/><D111/><U98/><E52/><V78/><F78/><W130/><G130/><T35/><D81/><U108/><E106/><V99/><REACH who="2" step="1"/><F22/><REACH who="2" ten="110,372,314,194" step="2"/><W64/><G125/><T117/><D117/><U60/><E108/><V129/><F129/><W10/><G51/><T41/><D74/><U68/><E68/><V54/><F54/><W72/><G72/><T103/><D41/><U124/><E124/><V90/><F90/><W14/><G21/><T43/><D43/><U42/><E42/><V114/><F114/><W24/><G24/><T55/><D55/><U116/><E116/><V115/><F115/><W59/><REACH who="3" step="1"/><G95/><REACH who="3" ten="110,372,314,184" step="2"/><T122/><D122/><U16/><E23/><V57/><F57/><W25/><G25/><T37/><D37/><U67/><E67/><V47/><N who="2" m="11776" /><DORA hai="126" /><V33/><F33/><W107/><G107/><T71/><D27/><U96/><E104/><V101/><F101/><W1/><G1/><RYUUKYOKU ba="0,2" sc="110,-15,372,-15,314,15,184,15" hai2="15,20,48,53,56,84,91,92,97,99" hai3="10,14,17,28,30,59,61,64,80,85,87,88,93" /><INIT seed="7,1,2,0,5,38" ten="95,357,329,199" oya="3" hai0="121,69,79,67,57,68,30,81,31,23,6,115,88" hai1="112,130,129,100,71,119,123,111,5,3,18,95,106" hai2="76,103,133,54,101,12,47,91,62,49,116,26,73" hai3="122,120,134,110,11,13,2,117,113,8,59,53,50"/><W19/><G117/><T125/><D121/><U48/><E71/><V44/><F133/><W64/><G110/><T74/><D125/><U9/><E123/><V90/><F116/><W25/><G113/><T24/><D31/><U97/><E119/><V75/><F62/><W86/><G134/><T42/><D115/><U127/><E112/><V21/><F12/><W70/><G25/><T126/><D126/><U27/><E127/><V124/><F124/><W85/><G70/><T45/><D6/><U34/><E111/><V131/><F131/><N who="1" m="50185" /><E48/><V128/><F128/><W16/><G64/><T35/><D23/><N who="1" m="13815" /><E34/><V114/><F114/><W78/><G86/><T65/><D65/><U98/><E98/><V96/><F76/><W135/><G135/><T61/><REACH who="0" step="1"/><D88/><REACH who="0" ten="85,357,329,199" step="2"/><U89/><E89/><V84/><F91/><W104/><G122/><T10/><D10/><U109/><E109/><V37/><F90/><W39/><G120/><T1/><D1/><U20/><E20/><V83/><F101/><W41/><G2/><T94/><D94/><AGARI ba="1,3" hai="3,5,9,94,95,97,100,106" m="13815,50185" machi="94" ten="30,1000,0" yaku="19,1" doraHai="38" who="1" fromWho="0" sc="85,-13,357,43,329,0,199,0" owari="72,-43.0,400,50.0,329,13.0,199,-20.0" /></mjloggm>