<mjloggm ver="2.3"><GO type="169" lobby="0"/><UN n0="%E3%82%A6%E3%83%AB%E3%83%88%E3%83%A9%E7%AB%8B%E7%9B%B4" n1="%74%79%64%79" n2="%28%C2%B4%E3%83%BB%D1%81%5F%E3%83%BB%EF%BD%80%29" n3="%E5%A4%A9%E7%A9%BA%73%61%79%61" dan="18,16,16,16" rate="2235.03,2154.48,2108.35,2125.49" sx="M,M,M,M"/><TAIKYOKU oya="0"/><INIT seed="0,0,0,2,5,61" ten="250,250,250,250" oya="0" hai0="19,88,32,25,20,39,5,112,109,2,115,35,70" hai1="135,101,6,90,26,36,85,47,122,124,126,40,58" hai2="81,111,106,119,75,18,123,4,82,41,134,120,73" hai3="118,108,30,12,97,34,1,83,89,127,48,45,16"/><T84/><D39/><U69/><E122/><V53/><F106/><W98/><G118/><T0/><D70/><U55/><E69/><V54/><F4/><W74/><G1/><T71/><D71/><U116/><E116/><V49/><F119/><W38/><G38/><T129/><D84/><U67/><E6/><V102/><F102/><W68/><G68/><T117/><D88/><U133/><E26/><V76/><F41/><W77/><G108/><T3/><D117/><U92/><E101/><V113/><F111/><W78/><G78/><T107/><D107/><U24/><E24/><V57/><F113/><N who="0" m="43594" /><D109/><U8/><E8/><V66/><F49/><W42/><G127/><N who="1" m="48682" /><E67/><V125/><F125/><W50/><G30/><T95/><D95/><U56/><E56/><V7/><F57/><W28/><G28/><T29/><D5/><U94/><E94/><V44/><F7/><W130/><G34/><N who="0" m="12843" /><D129/><U10/><E58/><V37/><F37/><W15/><G130/><T13/><D13/><U80/><E92/><V62/><F44/><W79/><G79/><T63/><D63/><U22/><E36/><V65/><F62/><W17/><G89/><T103/><D103/><U43/><E47/><V96/><F76/><W23/><G50/><T21/><D21/><AGARI ba="0,0" hai="12,15,16,17,21,23,42,45,48,74,77,83,97,98" machi="21" ten="30,3900,0" yaku="7,1,9,1,54,1" doraHai="61" who="3" fromWho="0" sc="250,-39,250,0,250,0,250,39" /><INIT seed="1,0,0,0,5,44" ten="211,250,250,289" oya="1" hai0="68,70,119,116,65,57,122,62,92,25,102,12,34" hai1="98,24,19,135,54,105,8,69,6,72,111,35,74" hai2="87,2,27,20,60,31,107,86,132,46,129,29,95" hai3="103,120,80,52,71,30,114,79,45,90,43,18,47"/><U99/><E69/><V63/><F107/><W61/><G114/><T115/><D115/><U133/><E99/><V75/><F75/><W93/><G120/><T21/><D122/><U127/><E127/><V56/><F2/><W125/><G125/><T51/><D34/><U81/><E81/><V109/><F109/><W64/><G103/><T66/><D12/><U15/><E111/><V14/><F132/><N who="1" m="50761" /><E54/><V9/><F129/><W48/><G30/><T106/><D106/><U108/><E108/><V67/><F31/><W124/><G18/><T128/><D128/><U112/><E112/><V23/><F23/><W17/><G17/><T0/><D92/><U16/><E35/><V97/><F60/><W110/><G124/><T49/><D102/><N who="1" m="62679" /><E19/><V73/><F73/><W28/><G110/><T89/><D89/><U96/><E96/><V4/><REACH who="2" step="1"/><F46/><REACH who="2" ten="211,250,240,289" step="2"/><W10/><G45/><T121/><D121/><U3/><E3/><V91/><AGARI ba="0,1" hai="4,9,14,20,27,29,56,63,67,86,87,91,95,97" machi="91" ten="20,8000,1" yaku="1,1,2,1,0,1,7,1,8,1,53,0" doraHai="44" doraHaiUra="117" who="2" fromWho="2" sc="211,-20,250,-40,240,90,289,-20" /><INIT seed="2,0,0,3,4,73" ten="191,210,330,269" oya="2" hai0="6,77,66,80,109,83,20,133,7,44,85,122,125" hai1="40,76,97,14,124,118,61,88,49,98,11,71,38" hai2="27,93,50,69,119,113,132,101,108,89,33,114,23" hai3="91,60,123,53,67,92,25,41,135,115,37,59,16"/><V39/><F39/><W87/><G123/><T13/><D122/><U126/><E118/><V45/><F69/><W8/><G135/><T54/><D133/><U65/><E38/><V43/><F132/><W31/><G115/><T129/><D109/><U34/><E34/><V62/><F33/><W52/><G37/><T100/><D125/><U81/><E40/><V94/><F119/><W104/><G104/><T84/><D129/><U120/><E49/><V70/><F108/><W106/><G106/><T9/><D66/><U68/><E68/><V18/><F101/><W134/><G41/><T96/><D20/><U5/><E120/><V48/><F50/><W131/><G131/><T110/><D110/><U3/><E3/><V28/><F28/><W117/><G117/><T75/><D7/><U63/><E63/><V10/><F10/><W46/><G46/><T78/><D75/><U51/><E51/><V24/><F24/><W127/><G127/><N who="1" m="48682" /><E88/><V21/><F89/><W112/><G112/><T121/><D121/><U107/><E107/><V57/><F70/><W128/><G128/><T29/><D29/><U99/><E99/><V15/><F114/><W30/><G134/><T22/><D22/><U1/><E1/><V4/><F113/><W64/><G64/><T26/><D26/><U47/><E47/><V32/><F32/><N who="3" m="20559" /><G31/><T55/><D44/><U72/><AGARI ba="0,0" hai="5,11,14,61,65,71,72,76,81,97,98" m="48682" machi="72" ten="30,2000,0" yaku="18,1,52,1" doraHai="73" who="1" fromWho="1" sc="191,-5,210,20,330,-10,269,-5" /><INIT seed="3,0,0,2,1,14" ten="186,230,320,264" oya="3" hai0="38,94,119,50,11,82,28,42,62,20,64,133,102" hai1="23,129,115,40,67,35,75,76,95,131,33,47,108" hai2="81,5,114,109,6,101,8,17,87,96,103,122,107" hai3="118,121,92,99,128,16,56,49,39,110,83,132,27"/><W69/><G69/><T54/><D119/><U111/><E115/><V22/><F114/><W52/><G39/><T48/><D133/><U59/><E75/><V4/><F122/><W80/><G118/><T104/><D104/><U58/><E76/><V3/><F103/><W19/><G121/><T89/><D11/><U72/><E95/><V116/><F109/><N who="1" m="42057" /><E23/><V30/><F30/><W105/><G105/><T77/><D102/><U74/><E59/><V88/><REACH who="2" step="1"/><F116/><REACH who="2" ten="186,230,310,264" step="2"/><W55/><G110/><T63/><D28/><U60/><E131/><V1/><F1/><W85/><G128/><T36/><D77/><U26/><E129/><V15/><AGARI ba="0,1" hai="3,4,5,6,8,15,17,22,81,87,88,96,101,107" machi="15" ten="20,8000,1" yaku="1,1,0,1,7,1,52,1,54,1,53,0" doraHai="14" doraHaiUra="43" who="2" fromWho="2" sc="186,-20,230,-20,310,90,264,-40" /><INIT seed="4,0,0,4,4,39" ten="166,210,400,224" oya="0" hai0="125,33,19,96,67,80,34,95,9,41,25,116,28" hai1="94,55,88,23,35,44,68,119,16,18,57,72,86" hai2="60,3,121,37,114,13,74,128,46,42,76,10,8" hai3="6,62,54,124,31,53,17,4,108,122,63,66,81"/><T73/><D116/><U61/><E119/><V52/><F121/><W64/><G108/><T112/><D125/><U99/><E35/><V84/><F128/><W117/><G117/><T120/><D120/><U75/><E68/><V130/><F130/><W65/><G122/><T102/><D112/><U103/><E44/><V11/><F84/><W56/><G31/><T70/><D34/><U40/><E40/><V100/><F100/><W29/><G29/><T36/><D19/><U105/><REACH who="1" step="1"/><E18/><REACH who="1" ten="166,200,400,224" step="2"/><V48/><F114/><W97/><G17/><T20/><D33/><U0/><E0/><V91/><F3/><W2/><G2/><T127/><D127/><U27/><AGARI ba="0,1" hai="16,23,27,55,57,61,72,75,86,88,94,99,103,105" machi="27" ten="20,8000,1" yaku="1,1,0,1,7,1,54,2,53,0" doraHai="39" doraHaiUra="118" who="1" fromWho="1" sc="166,-40,200,90,400,-20,224,-20" /><INIT seed="5,0,0,2,0,110" ten="126,290,380,204" oya="1" hai0="0,68,92,71,17,40,117,81,112,21,76,135,75" hai1="72,58,13,108,51,1,44,120,99,53,88,49,102" hai2="131,35,87,27,83,39,77,122,20,63,32,100,8" hai3="105,45,128,107,89,121,28,106,59,23,5,109,126"/><U125/><E120/><V11/><F122/><W96/><G121/><T119/><D0/><U60/><E1/><V50/><F39/><W123/><G123/><T78/><D135/><U29/><E72/><V70/><F131/><W118/><G109/><T52/><D40/><U9/><E108/><V129/><F129/><W79/><G128/><T95/><D52/><U115/><E29/><V33/><F100/><W84/><G5/><T104/><D104/><U42/><E125/><V37/><F37/><W132/><G132/><T90/><D90/><U54/><E115/><V14/><F50/><W2/><G2/><T65/><D65/><U7/><E88/><V67/><F14/><W31/><G79/><T91/><D91/><U85/><E85/><V64/><F64/><W19/><G118/><T124/><D124/><U15/><E13/><V101/><F101/><W82/><G45/><T10/><D21/><U16/><E54/><V57/><F70/><W61/><G96/><T116/><D78/><U43/><E43/><V94/><F94/><N who="0" m="35882" /><D112/><U86/><E86/><V98/><REACH who="2" step="1"/><F98/><REACH who="2" ten="126,290,370,204" step="2"/><W47/><G126/><T48/><D48/><U74/><E51/><V93/><F93/><W3/><G3/><T113/><D113/><U6/><E99/><V66/><F66/><W56/><G107/><T134/><D134/><U103/><E103/><V38/><F38/><W111/><G105/><T4/><D4/><N who="1" m="1579" /><E102/><V22/><F22/><W41/><G111/><T46/><D46/><U130/><E130/><V12/><F12/><N who="3" m="9703" /><G106/><T36/><D36/><U25/><E25/><V73/><F73/><RYUUKYOKU ba="0,1" sc="126,10,290,10,370,10,204,-30" hai0="10,17,68,71,75,76,81,116,117,119" hai1="9,15,16,42,44,49,53,58,60,74" hai2="8,11,20,27,32,33,35,57,63,67,77,83,87" /><INIT seed="5,1,1,2,4,74" ten="136,300,380,174" oya="1" hai0="42,119,70,106,101,60,95,44,69,96,53,65,22" hai1="12,134,31,57,17,67,61,32,8,107,62,109,72" hai2="112,38,29,100,89,82,10,110,18,79,120,123,133" hai3="30,3,122,37,40,84,113,58,5,135,111,0,68"/><U54/><E107/><V39/><F110/><W93/><G68/><T52/><D119/><U25/><E109/><V1/><F29/><W15/><G111/><T45/><D70/><U132/><REACH who="1" step="1"/><E72/><REACH who="1" ten="136,290,380,174" step="2"/><V78/><F123/><W131/><G122/><T24/><D106/><U56/><AGARI ba="1,2" hai="8,12,17,25,31,32,54,56,57,61,62,67,132,134" machi="56" ten="30,11700,0" yaku="1,1,2,1,0,1,53,1" doraHai="74" doraHaiUra="21" who="1" fromWho="1" sc="136,-40,290,140,380,-40,174,-40" /><INIT seed="5,2,0,1,1,79" ten="96,430,340,134" oya="1" hai0="34,14,100,50,131,93,87,90,63,127,117,66,71" hai1="58,26,104,132,110,15,31,70,21,103,77,36,85" hai2="78,107,40,2,106,24,120,41,121,1,62,84,51" hai3="60,128,86,20,44,76,114,13,122,43,135,25,91"/><U29/><E70/><V123/><F62/><W48/><G122/><T6/><D117/><U35/><E36/><V42/><F24/><W12/><G114/><T16/><D127/><U53/><E132/><V3/><F51/><W23/><G135/><T17/><D131/><U126/><E126/><V98/><F98/><W129/><G76/><T45/><D34/><U56/><E35/><V19/><F19/><N who="3" m="12543" /><G20/><T8/><REACH who="0" step="1"/><D100/><REACH who="0" ten="86,430,340,134" step="2"/><U119/><E103/><V118/><F118/><W116/><G116/><T112/><D112/><U92/><E119/><V54/><F123/><W27/><G128/><T101/><D101/><U5/><E110/><V73/><F121/><W59/><G129/><T39/><D39/><U89/><E104/><V94/><F120/><W28/><G28/><T38/><D38/><U55/><E31/><V105/><F105/><W72/><G27/><T96/><D96/><U124/><E124/><V109/><F107/><W111/><G111/><T47/><D47/><U134/><E134/><V130/><F106/><W108/><G108/><T33/><D33/><U9/><E29/><V83/><F109/><W95/><G72/><T115/><D115/><U18/><E26/><V57/><F130/><W97/><G97/><T133/><D133/><U4/><E21/><V67/><F73/><W46/><G44/><T49/><D49/><U80/><E9/><V68/><F1/><W74/><G74/><T61/><D61/><U69/><E15/><V11/><F2/><W102/><G102/><T0/><D0/><U125/><E125/><V64/><F3/><W99/><G99/><RYUUKYOKU ba="2,1" sc="86,15,430,-15,340,-15,134,15" hai0="6,8,14,16,17,45,50,63,66,71,87,90,93" hai3="12,13,43,46,48,59,60,86,91,95" /><INIT seed="6,3,1,0,4,39" ten="101,415,325,149" oya="2" hai0="125,120,10,60,135,58,71,111,92,0,54,63,116" hai1="46,66,128,78,83,45,126,73,17,76,79,23,97" hai2="14,129,27,32,4,75,95,105,87,47,68,72,106" hai3="74,34,64,99,107,93,55,41,69,119,133,59,61"/><V127/><F68/><W22/><G119/><T112/><D111/><U85/><E73/><V77/><F129/><W82/><G34/><T50/><D120/><U13/><E128/><V130/><F130/><W70/><G107/><T44/><D116/><U51/><E66/><V100/><F127/><W121/><G121/><T48/><D125/><U88/><E97/><V3/><F3/><W21/><G133/><T101/><D135/><U65/><E65/><V110/><F110/><W20/><G70/><T102/><D112/><U62/><E62/><N who="0" m="23593" /><D71/><U35/><E35/><V80/><F32/><W37/><G74/><T38/><D38/><U98/><E126/><V33/><F33/><W5/><G82/><T115/><D115/><U8/><E98/><V86/><F106/><W12/><G5/><T109/><D109/><U26/><E51/><V6/><F105/><W113/><G113/><T81/><D81/><U132/><E132/><V9/><F6/><AGARI ba="3,1" hai="6,8,13,17,23,26,45,46,76,78,79,83,85,88" machi="6" ten="40,2600,0" yaku="8,1,54,1" doraHai="39" who="1" fromWho="2" sc="101,0,415,45,325,-35,149,0" /><INIT seed="7,0,0,1,2,119" ten="101,460,290,149" oya="3" hai0="46,107,115,20,93,2,13,65,6,34,50,80,104" hai1="125,45,5,14,55,103,58,59,9,8,83,96,122" hai2="114,73,7,52,47,40,92,16,32,17,85,134,124" hai3="118,54,94,36,29,56,28,102,90,25,37,130,38"/><W132/><G118/><T10/><D115/><U39/><E39/><V57/><F73/><W53/><G132/><T26/><D65/><U120/><E83/><V98/><F32/><W76/><G130/><T4/><D4/><U1/><E45/><V74/><F74/><W64/><G76/><T69/><D69/><U19/><E59/><V105/><F105/><W133/><G133/><T97/><D80/><U41/><E41/><V113/><F134/><W33/><G102/><T31/><D93/><U60/><E125/><V95/><F7/><W116/><G116/><T15/><D97/><U0/><E0/><V121/><F124/><W77/><G29/><T21/><D15/><U75/><E75/><V117/><F117/><W11/><G11/><T48/><D48/><U61/><E61/><V72/><F72/><W100/><G77/><T18/><D21/><U43/><E43/><V12/><F98/><W99/><G100/><T66/><D66/><U123/><E123/><V91/><F95/><AGARI ba="0,0" hai="1,5,8,9,14,19,55,58,60,95,96,103,120,122" machi="95" ten="30,3900,0" yaku="7,1,52,2" doraHai="119" who="1" fromWho="2" sc="101,0,460,39,290,-39,149,0" owari="101,-40.0,499,60.0,251,5.0,149,-25.0" /></mjloggm>