<mjloggm ver="2.3"><GO type="169" lobby="0"/><UN n0="%E3%81%86%E3%81%83%E3%83%BC%E3%81%A1%E3%82%83%E3%82%93" n1="%E2%80%A0%58%54%45%4E%44%E2%80%A0" n2="%E3%82%A6%E3%83%AB%E3%83%88%E3%83%A9%E7%AB%8B%E7%9B%B4" n3="%E3%83%8D%E3%83%BC%E3%83%A0%E3%83%AC%E3%82%B9%EF%BC%97" dan="16,16,17,17" rate="2067.92,2070.98,2118.88,2137.83" sx="M,F,M,M"/><TAIKYOKU oya="0"/><INIT seed="0,0,0,4,0,120" ten="250,250,250,250" oya="0" hai0="97,103,3,70,129,87,85,24,108,58,106,50,51" hai1="32,16,35,112,135,117,107,99,60,64,65,116,40" hai2="91,102,69,104,88,127,128,96,80,22,130,66,105" hai3="115,15,61,56,89,121,43,62,98,45,118,57,34"/><T72/><D3/><U27/><E40/><V86/><F66/><W119/><G34/><T74/><D70/><U20/><E135/><V59/><F69/><W29/><G29/><T17/><D129/><N who="2" m="49770" /><F59/><W23/><G115/><T126/><D126/><U111/><E112/><V122/><F22/><W73/><G73/><T92/><D17/><U14/><E64/><V26/><F26/><W25/><G15/><T9/><D9/><U71/><E111/><V110/><F122/><W6/><G6/><T4/><D24/><U101/><E35/><V44/><F44/><W28/><G121/><T95/><D4/><U18/><REACH who="1" step="1"/><E18/><REACH who="1" ten="250,240,250,250" step="2"/><V12/><F110/><W33/><G33/><T133/><D108/><U0/><E0/><V78/><F12/><W19/><G19/><T5/><D5/><U131/><E131/><V93/><F127/><W68/><G119/><T90/><D133/><U132/><E132/><V94/><F91/><W113/><G118/><T21/><D90/><U67/><E67/><V79/><F79/><W48/><G113/><T84/><D58/><N who="3" m="22633" /><G68/><T82/><D51/><U7/><E7/><V38/><F38/><W81/><G61/><T63/><D63/><U55/><E55/><V100/><F100/><W76/><G62/><T46/><D50/><U47/><E47/><V83/><F83/><W75/><G76/><N who="0" m="44311" /><D46/><U53/><E53/><V10/><F10/><W30/><G81/><T77/><D21/><U42/><E42/><V36/><F36/><W109/><G23/><T124/><D124/><U39/><E39/><V31/><F31/><AGARI ba="0,1" hai="14,16,20,27,31,32,60,65,71,99,101,107,116,117" machi="31" ten="40,8000,1" yaku="1,1,25,2,54,1,53,0" doraHai="120" doraHaiUra="37" who="1" fromWho="2" sc="250,0,240,90,250,-80,250,0" /><INIT seed="1,0,0,2,5,94" ten="250,330,170,250" oya="1" hai0="61,121,101,53,131,18,63,17,118,115,72,83,27" hai1="111,29,79,119,42,5,35,41,95,46,4,64,120" hai2="58,9,81,48,0,102,103,23,31,7,22,82,110" hai3="66,49,55,21,112,89,108,67,6,80,2,109,40"/><U123/><E119/><V51/><F110/><N who="3" m="42603" /><G112/><T20/><D118/><U43/><E111/><V60/><F51/><W16/><G40/><T113/><D131/><U30/><E46/><V54/><F82/><W135/><G6/><N who="1" m="2666" /><E35/><V105/><F81/><W104/><G2/><T15/><D121/><N who="1" m="46667" /><E95/><V37/><F37/><W70/><G70/><T33/><D101/><U114/><E114/><V28/><F23/><W129/><G104/><T87/><D72/><U68/><E79/><V96/><F103/><W34/><G34/><T86/><D33/><U117/><E117/><V3/><F3/><W128/><G89/><T50/><D115/><U75/><E75/><V71/><REACH who="2" step="1"/><F22/><REACH who="2" ten="250,330,160,250" step="2"/><W47/><G80/><T44/><D113/><U26/><E42/><V74/><F74/><W69/><G129/><T127/><D83/><U39/><E43/><V125/><F125/><W122/><G128/><T99/><D127/><U130/><E41/><V1/><F1/><W97/><G122/><T126/><D126/><U133/><E39/><V59/><F59/><W52/><G69/><T91/><D61/><U25/><E130/><V62/><F62/><W116/><G116/><T134/><D63/><U100/><E100/><V90/><F90/><W85/><G49/><T76/><D50/><U56/><E68/><V38/><F38/><W106/><G21/><T8/><D20/><U65/><E56/><V11/><F11/><W92/><G47/><T84/><D8/><U77/><E77/><V107/><F107/><W98/><G106/><T124/><D76/><U36/><E36/><V14/><F14/><RYUUKYOKU ba="0,1" sc="250,-10,330,-10,160,30,250,-10" hai2="0,7,9,28,31,48,54,58,60,71,96,102,105" /><INIT seed="2,1,1,1,4,0" ten="240,320,190,240" oya="2" hai0="135,9,60,91,12,109,19,69,83,28,76,17,119" hai1="134,44,126,30,2,110,21,15,78,10,25,72,47" hai2="74,131,98,4,121,53,107,45,40,128,65,120,70" hai3="104,22,84,7,59,113,67,132,97,29,23,31,89"/><V101/><F74/><W63/><G132/><T66/><D135/><U122/><E134/><V80/><F80/><W50/><G113/><T85/><D109/><U32/><E110/><V79/><F79/><W88/><G7/><T13/><D119/><U130/><E130/><N who="2" m="49707" /><F53/><W124/><G124/><T6/><D28/><N who="3" m="10825" /><G104/><T3/><D3/><U112/><E112/><V14/><F65/><W127/><G127/><T58/><D69/><U133/><E133/><V24/><F70/><W86/><G97/><T95/><REACH who="0" step="1"/><D13/><REACH who="0" ten="230,320,190,240" step="2"/><U103/><E126/><V94/><F107/><W108/><G108/><T5/><D5/><U114/><E114/><V115/><F115/><W55/><G89/><T49/><D49/><U62/><E2/><V116/><F116/><W8/><G88/><T41/><D41/><U57/><E15/><V34/><F34/><W38/><G50/><T81/><D81/><U52/><E32/><V18/><F24/><W33/><G33/><T20/><D20/><U39/><E21/><N who="2" m="11479" /><F4/><W46/><G23/><T111/><D111/><U61/><E25/><V11/><F11/><W1/><G22/><T96/><AGARI ba="1,2" hai="6,9,12,17,19,58,60,66,76,83,85,91,95,96" machi="96" ten="20,8000,1" yaku="1,1,0,1,7,1,8,1,52,1,53,0" doraHai="0" doraHaiUra="42" who="0" fromWho="0" sc="230,103,320,-21,190,-41,240,-21" /><INIT seed="3,0,0,3,3,104" ten="333,299,149,219" oya="3" hai0="66,6,15,79,72,117,63,96,92,126,56,23,35" hai1="17,70,47,129,74,34,1,116,114,21,93,91,98" hai2="3,37,69,43,30,102,124,78,2,52,50,33,55" hai3="82,128,36,59,22,28,132,100,8,54,113,51,18"/><W44/><G113/><T118/><D126/><U73/><E34/><V4/><F124/><W108/><G132/><T45/><D35/><U42/><E114/><V48/><F69/><W112/><G112/><T86/><D86/><U46/><E70/><V64/><F64/><W11/><G128/><T101/><D45/><U107/><E1/><V71/><F71/><W89/><G108/><T135/><D135/><U134/><E134/><V20/><F33/><W14/><G100/><T77/><D117/><U123/><E123/><V65/><F65/><W87/><G36/><T83/><D118/><U26/><E116/><V32/><F32/><W10/><REACH who="3" step="1"/><G59/><REACH who="3" ten="333,299,149,209" step="2"/><T76/><D101/><U41/><E129/><V58/><F102/><W85/><G85/><T84/><D84/><U7/><E107/><V16/><F37/><W130/><G130/><T115/><D115/><U110/><E110/><V97/><F97/><W40/><G40/><T68/><D96/><U49/><E7/><V95/><F43/><W67/><G67/><T60/><D66/><U106/><E106/><V120/><F4/><W29/><AGARI ba="0,1" hai="8,10,11,14,18,22,28,29,44,51,54,82,87,89" machi="29" ten="30,6000,0" yaku="1,1,0,1,8,1,53,0" doraHai="104" doraHaiUra="133" who="3" fromWho="3" sc="333,-20,299,-20,149,-20,209,70" /><INIT seed="3,1,0,1,0,12" ten="313,279,129,279" oya="3" hai0="28,103,85,78,132,40,128,69,13,39,120,121,94" hai1="9,75,21,15,83,18,50,24,96,95,108,112,119" hai2="109,114,82,134,135,58,67,55,6,89,86,2,129" hai3="99,49,93,45,72,130,29,25,57,73,91,1,19"/><W26/><G1/><T37/><D69/><U36/><E112/><V38/><F38/><W8/><G130/><T87/><D28/><U98/><E36/><V124/><F6/><W11/><G73/><T53/><D53/><U10/><E108/><V123/><F2/><W76/><G72/><T4/><D4/><U90/><E119/><V115/><F67/><W52/><G76/><T100/><D13/><U125/><E125/><V51/><F124/><W77/><G77/><T126/><D78/><U71/><E71/><V48/><F129/><W92/><G29/><T118/><D94/><N who="1" m="56407" /><E83/><V65/><F65/><W23/><G26/><T59/><D126/><U31/><E50/><V106/><F106/><W62/><G93/><T33/><D118/><U133/><E133/><N who="2" m="50699" /><F109/><W32/><G32/><T110/><D132/><U0/><E0/><V60/><F123/><W97/><G97/><T64/><D110/><U107/><E75/><V104/><F104/><W5/><G5/><T101/><D128/><U88/><E107/><V66/><F51/><W14/><G14/><T20/><D37/><U35/><E35/><V43/><F43/><AGARI ba="1,0" hai="8,11,19,23,25,43,45,49,52,57,62,91,92,99" machi="43" ten="30,18000,2" yaku="7,1,25,2,8,1,52,1,54,1" doraHai="12" who="3" fromWho="2" sc="313,0,279,0,129,-183,279,183" owari="313,11.0,279,-12.0,-54,-55.0,462,56.0" /></mjloggm>