<mjloggm ver="2.3"><GO type="41" lobby="0"/><UN n0="%79%75%74%61%6B%61%77%61" n1="%E5%B0%B1%E6%B4%BB%E7%94%9F%40%E5%B7%9D%E6%9D%91%E8%BB%8D%E5%9B%A3" n2="%E3%81%9F%E3%83%BC%E3%81%AB%E3%82%83" n3="%E3%81%B5%E3%82%8C%E3%81%84" dan="13,16,14,15" rate="1857.21,2048.21,1919.78,2062.24" sx="M,M,M,M"/><TAIKYOKU oya="0"/><INIT seed="0,0,0,0,3,83" ten="250,250,250,250" oya="0" hai0="113,33,14,8,27,40,96,0,129,66,2,89,133" hai1="55,44,121,38,95,20,50,74,124,135,32,100,67" hai2="126,109,69,134,97,18,43,52,53,5,119,61,31" hai3="110,75,56,81,3,12,77,21,127,54,47,78,132"/><T76/><D113/><U57/><E32/><V29/><F18/><W111/><G3/><T104/><D76/><U60/><E74/><V101/><F61/><W88/><G47/><T65/><D40/><U102/><E121/><V131/><F97/><W45/><G45/><T103/><D129/><U92/><E124/><V114/><F5/><W23/><G127/><T59/><D133/><U36/><E135/><V58/><F58/><W130/><G132/><T62/><D65/><U17/><E38/><V64/><F64/><W48/><G130/><T28/><REACH who="0" step="1"/><D89/><REACH who="0" ten="240,250,250,250" step="2"/><U128/><E128/><V91/><F91/><W105/><G77/><T35/><D35/><U49/><E36/><V13/><F43/><W9/><G88/><T118/><D118/><U41/><E100/><V68/><F119/><W112/><G112/><T11/><D11/><U84/><E102/><V99/><F134/><W4/><REACH who="3" step="1"/><G105/><REACH who="3" ten="240,250,250,240" step="2"/><T90/><D90/><U15/><E41/><V94/><F114/><W70/><G70/><T122/><D122/><U85/><E92/><N who="2" m="58599" /><F68/><W79/><G79/><T24/><D24/><U30/><E95/><V115/><F69/><W39/><G39/><T80/><D80/><U106/><E106/><V22/><F94/><W46/><G46/><T10/><D10/><U7/><E44/><V51/><F115/><W117/><G117/><T107/><D107/><U125/><E125/><V123/><F126/><W108/><AGARI ba="0,2" hai="4,9,12,21,23,48,54,56,75,78,81,108,110,111" machi="108" ten="30,12000,2" yaku="1,1,0,1,14,1,53,3" doraHai="83" doraHaiUra="120" who="3" fromWho="3" sc="240,-60,250,-30,250,-30,240,140" /><INIT seed="1,0,0,4,1,26" ten="180,220,220,380" oya="1" hai0="55,90,15,6,10,35,94,67,0,43,111,69,36" hai1="114,48,32,56,42,115,18,122,110,80,66,34,74" hai2="93,133,30,17,70,5,124,60,25,127,1,33,4" hai3="98,118,109,87,106,20,108,85,126,39,7,78,29"/><U21/><E122/><V8/><F4/><W14/><G39/><T68/><D35/><U105/><E105/><V53/><F133/><W11/><G126/><N who="2" m="48169" /><F93/><W52/><G118/><T3/><D111/><N who="3" m="42569" /><G78/><T45/><D55/><U96/><E110/><V61/><F70/><W107/><G107/><T79/><D69/><U47/><E34/><V100/><F100/><N who="3" m="62743" /><G52/><T37/><D37/><U113/><E32/><V99/><F99/><W89/><G89/><T41/><D41/><U101/><E80/><V71/><F71/><W125/><G125/><T38/><D36/><U92/><E74/><V76/><F76/><W50/><G50/><T9/><D79/><U13/><E56/><N who="2" m="34831" /><F17/><W22/><G22/><T134/><D9/><U59/><E59/><V130/><F130/><W123/><G123/><T19/><D19/><U63/><E63/><AGARI ba="0,0" hai="1,5,8,25,30,33,61,63" m="34831,48169" machi="63" ten="30,2000,0" yaku="18,1,52,1" doraHai="26" who="2" fromWho="1" sc="180,0,220,-20,220,20,380,0" /><INIT seed="2,0,0,2,4,88" ten="180,200,240,380" oya="2" hai0="103,58,21,81,17,65,19,28,27,74,6,7,14" hai1="39,30,122,37,9,60,59,90,109,38,45,22,67" hai2="2,128,42,87,0,114,66,76,11,26,43,52,129" hai3="1,99,50,23,119,51,126,63,116,68,47,15,56"/><V117/><F114/><W8/><G1/><N who="2" m="617" /><F66/><W12/><G126/><T92/><D81/><U105/><E105/><V54/><F117/><W85/><G68/><T29/><D74/><U77/><E122/><V36/><F11/><W125/><G125/><T91/><D103/><U104/><E104/><V134/><F26/><W31/><G119/><T111/><D111/><U93/><E109/><V94/><F36/><W5/><G85/><T57/><D29/><U133/><E77/><V10/><F10/><W64/><G116/><T115/><D115/><U78/><E78/><V70/><F70/><W79/><G79/><T61/><D57/><U44/><E9/><V80/><F94/><W33/><G33/><T35/><REACH who="0" step="1"/><D19/><REACH who="0" ten="170,200,240,380" step="2"/><U73/><E73/><V25/><F134/><W69/><G69/><T32/><D32/><U89/><E133/><V127/><F127/><W113/><G113/><T102/><D102/><U121/><E121/><V100/><F100/><W16/><G31/><T112/><D112/><U48/><E89/><V131/><F25/><W62/><G47/><T95/><D95/><U13/><E90/><V83/><F80/><W49/><G63/><T20/><D20/><U110/><E93/><V84/><F87/><AGARI ba="0,1" hai="6,7,14,17,21,27,28,35,58,61,65,87,91,92" machi="87" ten="30,3900,0" yaku="1,1,7,1,52,1,53,0" doraHai="88" doraHaiUra="107" who="0" fromWho="2" sc="170,49,200,0,240,-39,380,0" /><INIT seed="3,0,0,2,1,94" ten="219,200,201,380" oya="3" hai0="43,110,0,40,85,71,97,41,84,26,10,13,70" hai1="123,17,65,125,129,87,69,56,22,79,116,109,66" hai2="74,124,16,133,115,117,58,2,19,18,4,63,99" hai3="95,112,130,76,120,83,91,114,113,29,122,46,33"/><W101/><G33/><T54/><D110/><U25/><E69/><V52/><F117/><W9/><G29/><T1/><D26/><U134/><E116/><V80/><F115/><W119/><G9/><T90/><D54/><U48/><E123/><N who="3" m="47146" /><G46/><T50/><D50/><U132/><E109/><V11/><F124/><W62/><G62/><T121/><D121/><U78/><E125/><V15/><F133/><N who="1" m="51305" /><E129/><V28/><F28/><W73/><G119/><T128/><D128/><U108/><E108/><V89/><F2/><W30/><G30/><T75/><D75/><U36/><E36/><V77/><F89/><W3/><G3/><T127/><D127/><U21/><E21/><V60/><REACH who="2" step="1"/><F63/><REACH who="2" ten="219,200,191,380" step="2"/><W7/><G130/><T96/><D90/><U100/><E79/><V49/><F49/><W93/><G7/><T104/><D41/><U103/><E48/><V42/><F42/><W105/><G91/><T88/><D88/><U118/><E118/><V68/><F68/><W82/><G82/><T44/><D43/><U47/><E47/><V39/><F39/><W24/><G24/><T57/><D40/><U37/><E37/><V67/><F67/><N who="1" m="25609" /><E56/><V8/><F8/><W31/><G31/><T6/><D57/><U34/><E34/><V92/><F92/><W64/><G64/><T38/><D38/><U51/><E51/><V98/><AGARI ba="0,1" hai="4,11,15,16,18,19,52,58,60,74,77,80,98,99" machi="98" ten="30,12000,2" yaku="1,1,0,1,52,2,54,2,53,0" doraHai="94" doraHaiUra="61" who="2" fromWho="2" sc="219,-30,200,-30,191,130,380,-60" /><INIT seed="4,0,0,5,5,14" ten="189,170,321,320" oya="0" hai0="28,104,19,0,25,39,102,129,70,57,91,27,18" hai1="17,12,116,111,53,51,7,46,5,133,87,45,44" hai2="36,63,95,11,50,4,6,61,93,8,76,128,47" hai3="32,52,94,1,41,123,42,9,97,122,124,109,125"/><T54/><D129/><U119/><E111/><V37/><F47/><W71/><G71/><T135/><D135/><U83/><E133/><V105/><F76/><W34/><G109/><T24/><D28/><U89/><E119/><V40/><F50/><W121/><G9/><T79/><D0/><U2/><E116/><V90/><F90/><W103/><G1/><T48/><D39/><U134/><E134/><V118/><F118/><W74/><G74/><T20/><D70/><U126/><E126/><N who="3" m="48746" /><G52/><T75/><D20/><U62/><E62/><V114/><F105/><W23/><G23/><T30/><D30/><U110/><E110/><V101/><F101/><W29/><G29/><T35/><D35/><AGARI ba="0,0" hai="32,34,35,41,42,94,97,103,121,122,123" m="48746" machi="35" ten="40,2600,0" yaku="13,1,18,1" doraHai="14" who="3" fromWho="0" sc="189,-26,170,0,321,0,320,26" /><INIT seed="5,0,0,5,3,125" ten="163,170,321,346" oya="1" hai0="45,27,50,42,5,39,105,44,51,13,72,92,103" hai1="126,24,69,93,58,22,43,28,64,30,37,108,91" hai2="59,102,36,29,116,131,85,6,70,12,130,129,95" hai3="107,119,81,57,124,46,52,83,84,128,88,133,79"/><U122/><E122/><V53/><F70/><W109/><G124/><T32/><D72/><U0/><E126/><V38/><F116/><W56/><G109/><T55/><D105/><U111/><E0/><V63/><F29/><W61/><G107/><T115/><D115/><U90/><E69/><V112/><F112/><W121/><G121/><T14/><D39/><U75/><E75/><V68/><F68/><W76/><G119/><T118/><D118/><U67/><E30/><V71/><F71/><W60/><G46/><T96/><D5/><U26/><E26/><V98/><F85/><W41/><G41/><T77/><D77/><U23/><E23/><V78/><F78/><W34/><G34/><T11/><D11/><AGARI ba="0,0" hai="6,11,12,36,38,53,59,63,95,98,102,129,130,131" machi="11" ten="40,8000,1" yaku="19,1,52,3" doraHai="125" who="2" fromWho="0" sc="163,-80,170,0,321,80,346,0" /><INIT seed="6,0,0,2,0,64" ten="83,170,401,346" oya="2" hai0="128,23,55,90,59,41,129,38,130,83,79,0,105" hai1="60,78,82,72,50,76,35,27,13,10,81,11,107" hai2="110,53,47,101,111,119,134,31,22,133,66,25,24" hai3="44,63,45,58,19,115,93,127,15,67,117,57,80"/><V56/><F66/><W16/><G117/><T85/><D0/><U1/><E107/><V28/><F47/><N who="3" m="17995" /><G127/><T20/><D105/><U65/><E1/><V125/><F101/><W61/><G115/><T7/><D7/><U26/><E35/><N who="2" m="20871" /><F119/><W6/><G80/><T4/><D4/><U71/><E50/><N who="2" m="30775" /><F125/><W52/><G93/><T49/><D38/><U113/><E113/><V43/><F43/><W42/><G42/><T33/><D41/><U69/><E69/><V77/><F77/><W18/><G6/><T94/><REACH who="0" step="1"/><D33/><REACH who="0" ten="73,170,401,346" step="2"/><U62/><E72/><AGARI ba="0,1" hai="20,23,49,55,59,72,79,83,85,90,94,128,129,130" machi="72" ten="40,5200,0" yaku="1,1,2,1,19,1,53,0" doraHai="64" doraHaiUra="108" who="0" fromWho="1" sc="73,62,170,-52,401,0,346,0" /><INIT seed="7,0,0,5,5,21" ten="135,118,401,346" oya="3" hai0="94,93,74,9,86,32,114,107,73,128,99,6,7" hai1="67,42,35,117,25,95,135,12,49,97,38,120,65" hai2="96,56,131,22,68,83,28,112,106,30,36,133,14" hai3="70,85,43,20,26,60,72,64,104,89,13,48,24"/><W84/><G72/><T59/><D32/><U52/><E120/><V19/><F68/><W81/><G104/><T124/><D114/><U2/><E2/><V8/><F36/><W90/><G13/><T23/><D128/><U10/><E38/><V101/><F131/><W122/><G122/><T76/><D124/><U119/><E42/><V17/><F112/><W130/><G130/><T115/><D115/><U55/><E135/><V18/><F133/><W129/><G129/><T109/><D109/><U79/><E79/><V69/><F69/><W46/><G20/><T44/><D44/><N who="1" m="27687" /><E25/><N who="2" m="14543" /><F106/><W78/><G78/><T31/><D59/><U61/><E35/><V1/><F1/><W34/><G34/><T57/><D57/><N who="1" m="35007" /><E119/><V126/><F56/><W105/><G105/><T37/><D37/><U0/><E0/><V98/><F126/><W111/><G111/><T3/><D6/><N who="1" m="3159" /><E117/><V58/><F58/><W127/><G127/><T63/><D76/><U80/><E80/><AGARI ba="0,0" hai="24,26,43,46,48,60,64,70,80,81,84,85,89,90" machi="80" ten="30,11600,0" yaku="7,1,9,1,52,2" doraHai="21" who="3" fromWho="1" sc="135,0,118,-116,401,0,346,116" owari="135,-26.0,2,-50.0,401,20.0,462,56.0" /></mjloggm>