<mjloggm ver="2.3"><GO type="41" lobby="0"/><UN n0="%6D%61%65%6A%69%6D%6D%79" n1="%73%61%63%68%69%6F" n2="%E5%87%BA%E9%99%A3%E3%83%A9%E3%83%83%E3%82%B7%E3%83%A5" n3="%E5%B0%B1%E6%B4%BB%E7%94%9F%40%E5%B7%9D%E6%9D%91%E8%BB%8D%E5%9B%A3" dan="13,15,13,15" rate="1848.62,2042.96,1879.08,2000.69" sx="M,M,M,M"/><TAIKYOKU oya="0"/><INIT seed="0,0,0,4,0,26" ten="250,250,250,250" oya="0" hai0="76,84,111,44,43,74,67,22,134,54,49,34,28" hai1="36,30,89,58,9,27,2,66,73,72,23,109,47" hai2="7,105,88,19,65,121,6,107,29,0,24,15,75" hai3="52,32,37,115,78,50,123,14,1,87,118,5,99"/><T116/><D116/><U91/><E109/><V90/><F121/><W31/><G37/><T86/><D134/><U120/><E120/><V11/><F75/><W4/><G115/><T95/><D34/><U130/><E130/><V55/><F65/><W133/><G133/><T108/><D67/><U122/><E122/><V62/><F7/><W46/><G1/><T114/><D114/><U79/><E58/><V63/><F107/><W102/><G118/><T13/><D74/><U3/><E66/><V41/><F41/><W100/><G123/><T94/><D54/><U38/><E73/><V125/><F105/><W132/><G132/><T64/><D64/><U60/><E60/><V110/><F125/><W57/><G100/><T112/><D112/><U126/><E126/><V117/><F117/><W93/><G14/><T85/><D76/><U39/><E47/><V127/><F110/><N who="0" m="42026" /><D13/><U18/><E18/><V59/><F63/><W16/><G16/><T70/><D70/><U69/><E69/><V35/><F127/><W20/><G32/><T96/><D96/><U33/><E33/><V71/><F71/><W101/><G5/><T97/><D97/><U68/><E68/><V56/><F59/><W25/><G4/><T83/><D83/><U128/><E128/><V77/><F77/><W119/><G119/><T8/><D8/><AGARI ba="0,0" hai="0,6,8,11,15,19,24,29,35,55,56,62,88,90" machi="8" ten="30,3900,0" yaku="7,1,52,1,54,1" doraHai="26" who="2" fromWho="0" sc="250,-39,250,0,250,39,250,0" /><INIT seed="1,0,0,4,2,114" ten="211,250,289,250" oya="1" hai0="49,71,101,66,65,56,58,43,10,19,103,29,64" hai1="9,51,6,13,117,14,109,112,131,97,87,60,125" hai2="124,98,126,26,3,73,132,50,0,89,76,69,104" hai3="70,102,54,108,93,116,84,107,40,1,90,18,42"/><U134/><E112/><V36/><F36/><W115/><G108/><T5/><D71/><U16/><E134/><V74/><F69/><W130/><G115/><T88/><D29/><U39/><E39/><V79/><F50/><W68/><G130/><T48/><D19/><U61/><E131/><V111/><F26/><W24/><G1/><T47/><D49/><U80/><E125/><N who="2" m="48235" /><F132/><W38/><G70/><T127/><D127/><U62/><E109/><V82/><F111/><W23/><G68/><T94/><D56/><U8/><E117/><V17/><F17/><W7/><G7/><T110/><D58/><U83/><E97/><V133/><F133/><W37/><G37/><T129/><D129/><U96/><E96/><V72/><F3/><W41/><G38/><T85/><REACH who="0" step="1"/><D110/><REACH who="0" ten="201,250,289,250" step="2"/><U63/><N who="1" m="15360" /><DORA hai="52" /><U78/><E51/><V55/><F0/><AGARI ba="0,1" hai="0,5,10,43,47,48,64,65,66,85,88,94,101,103" machi="0" ten="40,5200,0" yaku="1,1,54,1,53,1" doraHai="114,52" doraHaiUra="86,119" who="0" fromWho="2" sc="201,62,250,0,289,-52,250,0" /><INIT seed="2,0,0,4,0,58" ten="263,250,237,250" oya="2" hai0="103,81,60,91,122,110,107,125,129,25,12,26,76" hai1="50,84,85,47,115,20,15,100,120,41,134,33,46" hai2="56,1,35,31,97,48,3,101,63,9,66,80,43" hai3="126,39,71,79,127,52,65,57,77,62,5,38,72"/><V82/><F35/><W49/><G5/><T11/><D122/><U102/><E115/><V119/><F119/><W6/><G6/><T69/><D129/><U23/><E33/><V135/><F31/><W108/><G108/><T67/><D125/><N who="3" m="47625" /><G72/><T94/><D110/><U86/><E120/><V2/><F9/><W19/><G19/><T24/><D103/><U27/><E134/><V93/><REACH who="2" step="1"/><F135/><REACH who="2" ten="263,250,227,250" step="2"/><W131/><G131/><T104/><D104/><U117/><E117/><V89/><F89/><W17/><G17/><T98/><D107/><U34/><E34/><V88/><F88/><W95/><G95/><T16/><REACH who="0" step="1"/><D25/><REACH who="0" ten="253,250,227,250" step="2"/><U28/><E102/><V0/><N who="2" m="512" /><DORA hai="59" /><V92/><F92/><W128/><G128/><T132/><D132/><U124/><E100/><V114/><F114/><W99/><G99/><T133/><D133/><U45/><E124/><V112/><F112/><W21/><G21/><T30/><D30/><U74/><E74/><AGARI ba="0,2" hai="11,12,16,24,26,60,67,69,74,76,81,91,94,98" machi="74" ten="30,8000,1" yaku="1,1,7,1,52,2,54,1,53,0" doraHai="58,59" doraHaiUra="51,116" who="0" fromWho="1" sc="253,100,250,-80,227,0,250,0" /><INIT seed="3,0,0,2,0,85" ten="353,170,227,250" oya="3" hai0="55,70,131,65,78,120,33,39,14,1,50,82,116" hai1="32,80,117,122,89,96,99,62,95,29,111,109,7" hai2="54,108,44,36,77,18,134,124,104,125,23,86,132" hai3="3,106,135,5,66,37,119,73,21,51,75,46,74"/><W35/><G35/><T93/><D33/><U88/><E122/><V26/><F104/><W94/><G106/><T64/><D1/><U43/><E7/><V42/><F108/><N who="1" m="41545" /><E117/><V129/><F54/><W76/><G119/><T16/><D39/><U71/><E43/><V31/><F31/><W72/><G37/><T56/><D70/><U49/><E49/><V69/><F69/><W6/><G135/><N who="2" m="51753" /><F129/><W13/><G66/><T4/><D4/><U53/><E71/><V68/><F68/><W2/><G76/><T126/><D120/><U87/><E99/><V27/><F27/><W107/><G107/><T98/><D131/><U58/><E29/><V52/><F52/><W115/><G115/><T114/><D126/><U20/><E20/><V60/><F60/><W15/><G3/><T57/><D57/><U110/><E110/><V17/><F17/><W45/><G2/><T30/><D30/><U61/><E61/><V34/><F34/><AGARI ba="0,0" hai="32,34,53,58,62,80,87,88,89,95,96" m="41545" machi="34" ten="30,7700,0" yaku="14,1,52,2,54,1" doraHai="85" who="1" fromWho="2" sc="353,0,170,77,227,-77,250,0" /><INIT seed="4,0,0,2,1,40" ten="353,247,150,250" oya="0" hai0="112,107,46,97,59,9,19,33,86,129,121,77,49" hai1="2,128,5,64,63,37,15,71,23,57,96,103,62" hai2="101,11,27,80,75,47,106,115,135,26,119,4,41" hai3="18,43,8,125,133,85,60,6,10,29,105,111,25"/><T17/><D121/><U82/><E2/><V65/><F115/><W54/><G105/><T0/><D112/><U74/><E128/><V13/><F119/><W28/><G111/><T72/><D33/><U122/><E122/><V90/><F135/><W110/><G110/><T99/><D72/><U126/><E126/><V22/><F65/><W131/><G125/><T7/><D129/><U12/><E37/><V24/><F101/><W68/><G131/><T120/><D107/><U52/><E5/><V114/><F106/><W127/><G127/><T95/><D59/><U69/><E69/><V55/><F55/><W108/><G133/><T94/><D99/><U78/><REACH who="1" step="1"/><E23/><REACH who="1" ten="353,237,150,250" step="2"/><V31/><F114/><W16/><G68/><T50/><D120/><U51/><E51/><N who="2" m="27119" /><F75/><W81/><G108/><T83/><D49/><U132/><E132/><V42/><F42/><W21/><G6/><T91/><D95/><AGARI ba="0,1" hai="12,15,52,57,62,63,64,71,74,78,82,95,96,103" machi="95" ten="30,7700,0" yaku="1,1,7,1,54,1,53,1" doraHai="40" doraHaiUra="48" who="1" fromWho="0" sc="353,-77,237,87,150,0,250,0" /><INIT seed="5,0,0,0,0,43" ten="276,324,150,250" oya="1" hai0="32,128,40,10,73,61,50,19,49,104,0,34,11" hai1="94,75,133,126,30,113,119,15,111,91,106,20,110" hai2="6,25,27,35,118,89,120,127,64,62,105,46,101" hai3="13,54,79,92,16,98,99,37,59,124,31,122,97"/><U95/><E119/><V69/><F120/><W36/><G122/><T7/><D73/><U4/><E106/><V14/><F118/><W2/><G2/><T28/><D104/><U81/><E113/><V24/><F127/><W80/><G124/><T51/><D128/><U56/><E126/><V44/><F89/><W60/><G31/><T29/><D40/><U70/><E70/><V57/><F69/><W3/><G3/><T47/><D61/><U100/><E100/><V103/><F105/><W5/><G5/><T41/><D19/><U45/><E56/><V48/><F35/><W65/><G65/><T12/><D32/><U107/><E107/><V114/><F114/><W52/><G54/><T109/><D34/><U130/><E133/><V26/><N who="2" m="6656" /><DORA hai="108" /><V22/><F6/><W72/><REACH who="3" step="1"/><G92/><REACH who="3" ten="276,324,150,240" step="2"/><T134/><D109/><N who="1" m="41483" /><E30/><V23/><F14/><W21/><AGARI ba="0,1" hai="13,16,21,36,37,52,59,60,72,79,80,97,98,99" machi="21" ten="30,8000,1" yaku="1,1,0,1,54,2,53,1" doraHai="43,108" doraHaiUra="39,76" who="3" fromWho="3" sc="276,-20,324,-40,150,-20,240,90" /><INIT seed="6,0,0,1,1,82" ten="256,284,130,330" oya="2" hai0="120,103,5,56,7,105,84,62,95,116,18,129,66" hai1="52,29,20,60,31,44,109,124,10,11,113,54,100" hai2="23,125,70,81,39,42,76,40,90,94,97,133,4" hai3="36,132,102,86,88,46,34,72,85,101,58,68,6"/><V2/><F70/><W16/><G68/><T49/><D120/><U117/><E109/><V32/><F32/><W128/><G72/><T19/><D129/><U63/><E117/><V50/><F39/><W71/><G71/><T59/><D116/><U110/><E110/><V75/><F133/><W14/><G34/><T1/><D105/><U134/><E113/><V107/><F125/><W83/><G6/><N who="0" m="2059" /><D1/><U99/><E124/><V27/><F2/><W106/><G106/><T30/><D30/><U64/><E134/><V17/><F4/><W55/><G128/><T48/><D103/><U114/><E114/><V41/><F107/><W15/><G15/><T80/><D95/><N who="1" m="58495" /><E63/><V0/><F0/><W69/><G69/><T3/><D3/><U9/><E44/><V77/><F76/><N who="3" m="46311" /><G46/><T43/><D56/><N who="1" m="36871" /><E31/><V13/><REACH who="2" step="1"/><F27/><AGARI ba="0,0" hai="9,10,11,20,27,29,52,54" m="36871,58495" machi="27" ten="30,3900,0" yaku="25,1,8,1,54,1" doraHai="82" who="1" fromWho="2" sc="256,0,284,39,130,-39,330,0" /><INIT seed="7,0,0,5,1,61" ten="256,323,91,330" oya="3" hai0="15,46,47,10,1,22,132,84,2,75,107,54,103" hai1="134,9,118,99,20,34,45,120,0,52,117,76,126" hai2="8,92,129,29,123,28,71,108,111,49,88,130,112" hai3="100,121,87,82,68,43,102,131,21,110,101,50,113"/><W59/><G121/><T125/><D75/><U81/><E34/><V3/><F112/><W30/><G68/><T66/><D107/><U127/><E120/><V67/><F123/><W95/><G110/><N who="2" m="42025" /><F49/><W135/><G135/><T39/><D103/><U13/><E20/><V26/><F8/><W51/><G131/><N who="2" m="50185" /><F3/><W40/><G113/><T69/><D22/><U72/><E99/><N who="2" m="57735" /><F26/><N who="3" m="16719" /><G95/><T6/><D54/><U17/><E134/><V4/><F4/><W5/><G5/><T65/><D132/><U63/><E0/><V44/><F44/><N who="0" m="16938" /><D69/><U115/><E115/><V116/><F116/><N who="1" m="44649" /><E45/><V86/><F86/><W83/><G83/><T36/><D1/><U64/><E52/><V73/><F73/><W119/><G119/><T114/><D2/><U14/><E13/><V104/><F104/><W11/><G11/><T109/><D114/><U41/><E41/><N who="3" m="15946" /><G59/><AGARI ba="0,0" hai="9,14,17,59,63,64,72,76,81,126,127" m="44649" machi="59" ten="30,2000,0" yaku="12,1,52,1" doraHai="61" who="1" fromWho="3" sc="256,0,323,20,91,0,330,-20" owari="256,-14.0,343,44.0,91,-41.0,310,11.0" /></mjloggm>