<mjloggm ver="2.3"><GO type="169" lobby="0"/><UN n0="%E3%82%A2%E3%82%AB%E3%82%AE%EF%BC%A0%E5%B7%9D%E6%9D%91%E8%BB%8D%E5%9B%A3" n1="%E3%83%88%E3%83%88%E3%83%AA%E5%85%88%E7%94%9F%31%39%E6%AD%B3" n2="%E3%81%87%E3%82%8B%E3%81%87%E3%82%8B" n3="%70%69%2D%70%6F" dan="17,18,16,18" rate="2177.28,2280.16,2130.64,2229.12" sx="M,F,M,M"/><TAIKYOKU oya="0"/><INIT seed="0,0,0,5,1,97" ten="250,250,250,250" oya="0" hai0="5,21,95,66,98,76,41,44,125,109,72,83,26" hai1="100,123,27,81,104,71,42,43,77,103,78,24,30" hai2="58,31,70,36,20,15,82,18,67,130,93,86,51" hai3="14,90,108,10,0,2,9,50,127,54,57,12,8"/><T132/><D125/><U11/><E123/><V55/><F130/><W114/><G114/><T23/><D132/><U47/><E71/><V19/><F36/><W87/><G108/><T105/><D109/><U129/><E129/><V102/><F70/><W52/><G127/><T124/><D124/><U60/><E104/><V33/><F67/><W120/><G120/><T69/><D105/><U59/><E11/><V73/><F73/><W96/><G96/><T37/><D26/><N who="1" m="9771" /><E30/><V32/><F31/><W29/><G29/><T128/><D128/><U3/><E3/><V84/><F19/><W101/><G101/><N who="1" m="38986" /><E47/><V119/><F119/><W64/><G64/><T45/><D45/><U16/><E16/><V38/><F38/><W13/><G2/><T79/><D5/><U46/><E46/><V122/><F122/><W111/><G111/><T1/><D1/><U113/><E113/><V7/><F7/><W118/><G118/><T80/><D66/><N who="1" m="39199" /><E81/><V107/><F107/><W131/><G131/><T121/><D69/><U61/><E61/><V49/><F102/><W85/><G0/><T6/><D6/><U133/><E133/><V92/><F33/><W116/><G116/><T135/><D135/><U117/><E117/><V75/><F32/><W62/><G9/><T56/><D121/><U112/><E112/><V134/><F134/><W91/><G8/><T40/><D56/><U28/><E28/><V106/><F106/><W89/><G10/><T53/><D41/><AGARI ba="0,0" hai="41,42,43,77,78" m="39199,38986,9771" machi="41" ten="30,7700,0" yaku="8,1,52,3" doraHai="97" who="1" fromWho="0" sc="250,-77,250,77,250,0,250,0" /><INIT seed="1,0,0,3,4,66" ten="173,327,250,250" oya="1" hai0="42,89,72,134,121,131,102,103,63,85,39,99,92" hai1="49,120,98,40,35,28,58,100,75,86,47,33,96" hai2="5,24,115,76,19,20,127,54,74,80,25,9,46" hai3="2,93,52,57,82,1,79,0,101,32,69,88,113"/><U56/><E120/><V73/><F127/><W94/><G32/><T29/><D121/><U15/><E75/><V104/><F104/><W83/><G113/><T112/><D112/><U11/><E96/><V81/><F115/><W132/><G132/><T31/><D134/><U12/><E12/><V109/><F109/><W36/><G36/><T108/><D108/><U90/><E33/><V84/><F25/><W105/><G69/><T16/><D131/><U91/><E28/><V133/><F133/><W48/><G105/><T117/><D117/><U106/><E35/><V44/><F54/><W22/><G22/><T135/><D135/><U67/><E67/><V50/><F50/><W110/><G110/><T68/><D72/><U37/><E37/><V53/><F53/><W78/><G101/><T30/><D103/><U10/><E10/><V21/><F21/><W8/><G8/><T70/><D63/><U13/><E13/><V26/><F26/><W87/><REACH who="3" step="1"/><G94/><REACH who="3" ten="173,327,250,240" step="2"/><T114/><D114/><U126/><E126/><V118/><F118/><W130/><G130/><T125/><D125/><U95/><REACH who="1" step="1"/><E91/><REACH who="1" ten="173,317,250,240" step="2"/><V77/><REACH who="2" step="1"/><F84/><REACH who="2" ten="173,317,240,240" step="2"/><W18/><G18/><AGARI ba="0,3" hai="11,15,18,40,47,49,56,58,86,90,95,98,100,106" machi="18" ten="30,5800,0" yaku="1,1,2,1,7,1,53,0" doraHai="66" doraHaiUra="128" who="1" fromWho="3" sc="173,0,317,88,240,0,240,-58" /><INIT seed="1,1,0,1,3,84" ten="173,405,240,182" oya="1" hai0="6,98,121,131,42,62,112,111,81,39,67,4,31" hai1="85,94,119,10,34,47,123,109,14,97,120,48,88" hai2="44,124,101,60,114,26,99,58,82,106,132,35,28" hai3="71,19,59,74,96,86,75,63,128,79,102,18,53"/><U87/><E119/><V0/><F124/><W11/><G128/><T54/><D112/><U38/><E34/><V61/><F0/><W36/><G36/><T13/><D131/><U77/><E38/><V9/><F114/><W66/><G86/><T1/><D1/><U33/><E33/><V64/><F132/><W41/><G41/><T30/><D111/><U29/><E29/><V51/><F9/><W76/><G76/><T90/><D121/><U52/><E109/><V95/><F82/><W107/><G79/><T122/><D122/><U37/><E85/><V72/><F72/><W134/><G134/><T17/><D54/><U108/><E108/><V135/><F135/><W21/><G11/><T104/><D81/><U118/><E118/><V93/><REACH who="2" step="1"/><F61/><REACH who="2" ten="173,405,230,182" step="2"/><W103/><G74/><T68/><D62/><U129/><E129/><V40/><AGARI ba="1,1" hai="26,28,35,40,44,51,58,60,64,93,95,99,101,106" machi="40" ten="20,5200,0" yaku="1,1,2,1,0,1,7,1,53,0" doraHai="84" doraHaiUra="16" who="2" fromWho="2" sc="173,-14,405,-27,230,65,182,-14" /><INIT seed="2,0,0,0,2,13" ten="159,378,295,168" oya="2" hai0="22,60,11,64,111,46,44,96,130,19,75,129,89" hai1="105,25,16,114,131,54,119,3,33,91,39,90,15" hai2="94,134,17,12,82,108,31,37,86,107,36,26,104" hai3="8,128,80,99,18,85,40,42,7,103,83,69,38"/><V32/><F134/><W93/><G128/><N who="0" m="49259" /><D75/><U58/><E114/><V124/><F124/><W84/><G69/><N who="0" m="42119" /><D111/><U61/><E39/><V4/><F108/><W79/><G38/><T122/><D122/><U115/><E119/><V47/><F94/><W59/><G59/><T88/><D11/><U24/><E3/><V65/><F65/><W27/><G7/><T121/><D121/><U62/><E105/><V29/><F4/><W92/><G92/><N who="0" m="56327" /><D89/><N who="1" m="33803" /><E33/><V52/><F31/><W102/><G102/><T10/><D10/><N who="1" m="6263" /><E115/><V101/><F101/><W41/><G8/><T45/><D45/><U116/><E116/><V23/><F107/><W67/><G67/><T53/><D53/><N who="1" m="33999" /><E131/><V120/><F104/><W35/><G79/><T6/><D6/><U9/><E9/><V118/><F120/><W50/><G83/><T106/><D106/><U87/><E87/><V95/><F118/><W110/><G80/><T100/><D100/><U66/><E66/><V14/><F95/><W127/><G110/><T78/><D78/><U51/><E62/><V72/><F72/><W68/><G84/><T77/><D77/><U70/><E70/><V34/><F86/><W55/><G68/><T49/><D49/><U126/><E126/><V109/><F109/><W76/><G127/><T57/><D57/><AGARI ba="0,0" hai="24,25,51,54,57" m="33999,6263,33803" machi="57" ten="30,3900,0" yaku="8,1,52,1,54,1" doraHai="13" who="1" fromWho="0" sc="159,-39,378,39,295,0,168,0" /><INIT seed="3,0,0,0,4,106" ten="120,417,295,168" oya="3" hai0="65,15,12,42,88,1,92,37,96,90,83,6,44" hai1="52,85,10,25,107,29,114,93,57,54,24,56,27" hai2="23,64,116,127,121,61,69,7,67,62,119,58,8" hai3="111,78,105,47,31,46,108,33,3,51,43,55,30"/><W131/><G105/><T38/><D38/><U101/><E114/><V11/><F127/><W123/><G123/><T97/><D65/><U86/><E107/><V4/><F121/><W74/><G3/><T133/><D133/><U35/><E10/><V68/><F23/><W80/><G131/><T16/><D1/><U22/><E35/><V115/><REACH who="2" step="1"/><F58/><REACH who="2" ten="120,417,285,168" step="2"/><W95/><G33/><T39/><D39/><U77/><E22/><V49/><F49/><N who="3" m="29119" /><G95/><T21/><D83/><N who="1" m="47343" /><E57/><V17/><F17/><W59/><G59/><T79/><D79/><U132/><E29/><V84/><F84/><W26/><G26/><T110/><D110/><AGARI ba="0,1" hai="30,31,43,46,51,74,78,80,108,110,111" m="29119" machi="110" ten="30,5800,0" yaku="14,1,10,1,52,1" doraHai="106" who="3" fromWho="0" sc="120,-58,417,0,285,0,168,68" /><INIT seed="3,1,0,3,4,9" ten="62,417,285,236" oya="3" hai0="7,84,92,26,98,40,124,4,73,107,105,33,135" hai1="123,25,74,15,42,60,113,134,127,86,37,109,69" hai2="14,97,58,53,117,78,90,44,61,110,11,48,83" hai3="59,35,38,19,80,62,64,56,72,130,102,54,63"/><W114/><G114/><T116/><D116/><U34/><RYUUKYOKU type="yao9" ba="1,0" sc="62,0,417,0,285,0,236,0" hai1="15,25,34,37,42,60,69,74,86,109,113,123,127,134" /><INIT seed="3,2,0,0,3,50" ten="62,417,285,236" oya="3" hai0="92,75,28,38,81,117,86,134,31,23,132,98,17" hai1="42,135,67,41,107,70,4,84,34,58,0,96,74" hai2="62,95,103,77,122,7,11,100,110,39,29,66,26" hai3="61,69,10,59,124,116,91,105,120,32,40,33,16"/><W20/><G116/><T73/><D117/><U101/><E74/><V123/><F39/><W126/><G120/><N who="2" m="46121" /><F77/><W87/><G69/><T78/><D38/><U115/><E115/><V46/><F95/><W99/><G40/><T5/><D5/><U13/><E34/><N who="2" m="20791" /><F46/><W3/><G10/><T44/><D44/><U51/><E135/><V125/><F110/><W127/><G3/><T83/><D31/><U19/><E0/><N who="2" m="487" /><F125/><W25/><G105/><T112/><D28/><U55/><E84/><V48/><F48/><W104/><G104/><T128/><D112/><U63/><E4/><V56/><AGARI ba="2,0" hai="56,62,66,100,103" m="487,20791,46121" machi="56" ten="30,1100,0" yaku="13,1" doraHai="50" who="2" fromWho="2" sc="62,-5,417,-5,285,17,236,-7" /><INIT seed="4,0,0,2,5,93" ten="57,412,302,229" oya="0" hai0="5,8,28,123,76,41,109,72,53,39,15,30,19" hai1="120,75,24,38,127,56,82,16,70,96,128,61,91" hai2="65,44,106,85,33,132,86,114,103,60,12,11,40" hai3="1,50,110,0,22,131,122,48,23,62,25,55,59"/><T74/><D123/><U111/><E111/><V83/><F33/><W43/><G110/><T121/><D121/><U49/><E38/><V97/><F114/><W105/><G122/><T88/><D109/><U58/><E120/><V125/><F132/><W9/><G105/><T102/><D102/><U17/><E128/><V3/><F3/><W84/><G23/><T90/><D53/><N who="1" m="31791" /><E75/><V92/><F106/><W29/><G131/><T95/><D72/><U35/><E70/><V7/><F125/><W107/><G107/><T104/><D104/><U64/><E35/><V73/><F73/><W130/><G48/><T36/><D90/><U32/><E32/><V27/><F27/><W115/><G115/><T101/><D101/><U117/><E117/><V118/><F118/><W6/><G130/><T46/><D39/><U37/><E37/><V20/><F20/><W133/><G84/><T26/><D76/><U134/><E24/><V124/><F124/><W68/><G133/><T52/><D74/><U67/><E67/><V42/><F44/><W77/><G77/><T99/><REACH who="0" step="1"/><D52/><REACH who="0" ten="47,412,302,229" step="2"/><U81/><E127/><V79/><F86/><W63/><G55/><T13/><D13/><U54/><E54/><V57/><AGARI ba="0,1" hai="7,11,12,40,42,57,60,65,79,83,85,92,97,103" machi="57" ten="20,5200,0" yaku="0,1,7,1,8,1,52,1" doraHai="93" who="2" fromWho="2" sc="47,-26,412,-13,302,62,229,-13" /><INIT seed="5,0,0,2,3,102" ten="21,399,364,216" oya="1" hai0="10,119,64,106,13,56,73,24,118,0,72,114,120" hai1="133,58,111,39,43,122,42,29,94,40,85,47,20" hai2="126,45,27,66,130,88,16,89,57,36,50,3,95" hai3="107,12,96,105,121,63,9,28,17,131,61,104,38"/><U75/><E122/><V77/><F3/><W101/><G121/><T117/><D120/><U84/><E75/><V79/><F36/><W53/><G131/><T92/><D114/><U100/><E133/><V55/><F130/><W22/><G38/><T74/><D0/><U132/><E132/><V135/><F135/><W26/><REACH who="3" step="1"/><G53/><REACH who="3" ten="21,399,364,206" step="2"/><T19/><D92/><AGARI ba="0,1" hai="9,12,17,22,26,28,61,63,92,96,101,104,105,107" machi="92" ten="40,8000,1" yaku="1,1,2,1,52,3,53,0" doraHai="102" doraHaiUra="52" who="3" fromWho="0" sc="21,-80,399,0,364,0,206,90" owari="-59,-56.0,399,50.0,364,16.0,296,-10.0" /></mjloggm>