<mjloggm ver="2.3"><GO type="97" lobby="0"/><UN n0="%E8%B5%A4%E8%9B%99" n1="%E3%81%B3%E3%81%B3%E3%82%8A%E3%83%8D%E3%82%B3" n2="%E5%B0%B1%E6%B4%BB%E7%94%9F%40%E5%B7%9D%E6%9D%91%E8%BB%8D%E5%9B%A3" n3="%E6%B9%98%E5%8C%97%E2%91%AD%E4%B8%89%E4%BA%95%E5%AF%BF" dan="13,14,15,14" rate="1955.67,1956.18,2026.05,1981.08" sx="M,M,M,M"/><TAIKYOKU oya="0"/><INIT seed="0,0,0,1,3,109" ten="250,250,250,250" oya="0" hai0="10,50,68,49,33,132,130,79,35,78,7,133,69" hai1="62,126,115,28,102,0,53,51,18,24,55,54,42" hai2="59,61,84,101,85,120,77,16,96,44,20,41,74" hai3="30,37,14,111,81,11,128,122,67,127,39,98,60"/><T100/><D100/><U64/><E0/><V94/><F120/><W116/><G122/><T113/><D10/><U36/><E126/><V93/><F74/><W72/><G127/><T118/><D7/><U97/><E18/><V83/><F85/><W124/><G111/><T56/><D56/><U5/><E5/><V25/><F94/><W12/><G124/><T95/><D95/><U6/><E6/><V17/><F44/><W99/><G30/><T13/><D13/><U80/><E80/><V87/><F87/><W104/><G116/><T105/><D130/><U32/><E42/><V70/><F41/><W135/><G128/><T125/><D125/><U43/><E43/><V31/><F70/><W1/><G135/><T121/><D121/><U129/><E36/><V86/><F86/><W75/><G81/><T114/><D105/><U9/><E9/><V27/><F27/><W21/><G11/><T52/><D52/><AGARI ba="0,0" hai="16,17,20,25,31,52,59,61,77,83,84,93,96,101" machi="52" ten="30,7700,0" yaku="7,1,8,1,54,2" doraHai="109" who="2" fromWho="0" sc="250,-77,250,0,250,77,250,0" /><INIT seed="1,0,0,3,1,2" ten="173,250,327,250" oya="1" hai0="7,69,132,88,91,19,61,123,103,11,95,78,43" hai1="37,18,29,84,27,96,122,93,107,129,50,124,130" hai2="99,98,46,67,35,83,127,9,1,58,34,57,73" hai3="17,63,77,59,26,31,60,133,42,116,68,115,6"/><U100/><E122/><V62/><F127/><W121/><G115/><T94/><D123/><U38/><E124/><V56/><F35/><W104/><G121/><T54/><D43/><U75/><E75/><V51/><F34/><W3/><G104/><T134/><D78/><U126/><E126/><V32/><F32/><W114/><G114/><T86/><D19/><U82/><E18/><V101/><F73/><W4/><G3/><T125/><D125/><U76/><E27/><V102/><F83/><W45/><G68/><T80/><D103/><N who="2" m="39434" /><F9/><W28/><G116/><T135/><D135/><U90/><E29/><N who="3" m="11338" /><G133/><N who="0" m="51307" /><D91/><U10/><E10/><V131/><F1/><W72/><G72/><T44/><D69/><U92/><E50/><V48/><F48/><N who="3" m="26679" /><G77/><T24/><D24/><U16/><E16/><V39/><F39/><W66/><G63/><T0/><D44/><U52/><E52/><N who="2" m="29815" /><F131/><N who="1" m="50185" /><E38/><V128/><F128/><W30/><N who="3" m="11346" /><W85/><DORA hai="13" /><G85/><T65/><D65/><U111/><E37/><V8/><F8/><W74/><G74/><T15/><D0/><U33/><E33/><V70/><F70/><W109/><G109/><T47/><D47/><U36/><E36/><V79/><F79/><W112/><G112/><T113/><D113/><U5/><E111/><V110/><F110/><W55/><G66/><T23/><D23/><AGARI ba="0,0" hai="4,6,17,23,26,55,59,60" m="26679,11346" machi="23" ten="30,7700,0" yaku="8,1,52,3" doraHai="2,13" who="3" fromWho="0" sc="173,-77,250,0,327,0,250,77" /><INIT seed="2,0,0,3,4,23" ten="96,250,327,327" oya="2" hai0="99,123,16,38,46,83,125,81,97,54,127,29,8" hai1="58,37,115,3,20,131,31,43,49,19,101,98,96" hai2="53,12,70,1,25,51,90,4,52,116,17,41,73" hai3="103,14,92,80,88,85,6,72,61,105,120,21,117"/><V68/><F116/><W118/><G120/><T89/><D123/><U10/><E115/><V9/><F73/><W126/><G126/><T122/><D122/><U75/><E131/><V110/><F110/><W135/><G135/><T22/><D29/><U84/><E37/><V94/><F41/><W91/><G61/><T40/><D8/><U32/><E75/><V129/><F129/><W56/><G56/><T62/><D62/><U134/><E134/><V124/><F124/><N who="0" m="47690" /><D54/><U64/><E84/><V113/><F113/><W128/><G128/><T95/><D99/><U5/><E43/><V87/><F53/><W109/><G6/><T15/><AGARI ba="0,0" hai="15,16,22,38,40,46,81,83,89,95,97" m="47690" machi="15" ten="30,2000,0" yaku="18,1,54,1" doraHai="23" who="0" fromWho="0" sc="96,20,250,-5,327,-10,327,-5" /><INIT seed="3,0,0,5,4,106" ten="116,245,317,322" oya="3" hai0="55,71,68,5,100,66,67,4,88,127,83,95,110" hai1="70,85,116,28,115,104,118,91,77,65,57,44,92" hai2="24,9,81,21,93,48,73,109,113,78,125,45,117" hai3="99,87,111,46,32,61,120,135,101,36,16,72,96"/><W132/><G72/><T74/><D110/><U7/><E115/><V105/><F117/><W34/><G111/><T126/><D100/><U3/><E28/><V89/><F109/><W6/><G6/><T33/><D33/><N who="3" m="12905" /><G120/><T63/><D55/><U0/><E104/><V22/><F113/><W80/><G61/><T130/><D130/><U56/><E44/><V40/><F105/><W23/><G46/><T31/><D31/><U108/><E108/><V129/><F129/><W53/><G53/><T42/><D42/><U114/><E114/><V128/><F128/><W107/><G36/><T10/><D10/><U69/><E7/><V86/><F125/><W54/><G54/><T76/><D127/><U122/><E122/><V134/><F134/><N who="3" m="51243" /><G99/><T27/><D27/><U39/><E39/><V103/><F103/><W43/><G43/><T12/><D12/><U14/><E65/><V8/><F22/><W38/><G38/><T133/><D126/><U131/><E14/><V17/><AGARI ba="0,0" hai="8,9,17,21,24,40,45,48,73,78,81,86,89,93" machi="17" ten="20,2700,0" yaku="0,1,7,1,52,1" doraHai="106" who="2" fromWho="2" sc="116,-7,245,-7,317,27,322,-13" owari="109,-39.0,238,-16.0,344,44.0,309,11.0" /></mjloggm>