<mjloggm ver="2.3"><GO type="97" lobby="0"/><UN n0="%6E%61%72%61%6E%61%72%61" n1="%E5%B0%B1%E6%B4%BB%E7%94%9F%40%E5%B7%9D%E6%9D%91%E8%BB%8D%E5%9B%A3" n2="%E3%83%80%E3%83%80%E3%83%80%E3%83%80%E3%83%83%E3%83%81" n3="%64%61%69%74%61%6B%75%31" dan="15,15,13,14" rate="1979.01,2000.02,1822.47,1956.78" sx="M,M,M,M"/><TAIKYOKU oya="0"/><INIT seed="0,0,0,3,2,71" ten="250,250,250,250" oya="0" hai0="27,74,131,73,55,9,3,115,90,92,57,123,23" hai1="98,7,87,19,30,24,18,47,15,48,6,26,105" hai2="58,59,67,53,28,89,80,132,127,54,16,106,108" hai3="84,118,70,101,21,126,61,22,52,93,114,68,107"/><T95/><D95/><U119/><E119/><V102/><F106/><W64/><G114/><T129/><D115/><U66/><E66/><V88/><F108/><W17/><G118/><T116/><D116/><U79/><E105/><V135/><F127/><W35/><G35/><T100/><D100/><U111/><E111/><V113/><F102/><W78/><G68/><T125/><D125/><U46/><E98/><V50/><F67/><W117/><G117/><T76/><D76/><U85/><E79/><V65/><F65/><W29/><G29/><T34/><D34/><U38/><E15/><V75/><F28/><W5/><G5/><T83/><D83/><U97/><E30/><V56/><F80/><W81/><G107/><T12/><D3/><U44/><E97/><V103/><F103/><W120/><G120/><T1/><D1/><U110/><E46/><V99/><F75/><W32/><G32/><T72/><D123/><U104/><E104/><V96/><F58/><W33/><G33/><T40/><D40/><U94/><E110/><V4/><F4/><W41/><G41/><T62/><D9/><U69/><E69/><V51/><F113/><W2/><G2/><T42/><D42/><U124/><E124/><V128/><F128/><W37/><G101/><T36/><D36/><U14/><E14/><V63/><F63/><W112/><G37/><T77/><D12/><U8/><E38/><V45/><F45/><W39/><G126/><T91/><D77/><U121/><E121/><V0/><F0/><W11/><G78/><T109/><D109/><U60/><E94/><RYUUKYOKU ba="0,0" sc="250,-10,250,-10,250,30,250,-10" hai2="16,50,51,53,54,56,59,88,89,96,99,132,135" /><INIT seed="1,1,0,4,0,10" ten="240,240,280,240" oya="1" hai0="75,97,126,30,96,86,83,88,67,3,36,23,39" hai1="103,102,111,51,74,48,14,69,94,66,55,20,1" hai2="52,128,82,0,101,19,113,2,89,108,32,134,84" hai3="43,15,62,100,91,24,105,133,115,87,92,28,130"/><U45/><E1/><V42/><F32/><W61/><G130/><T90/><D3/><U7/><E74/><V85/><F89/><W79/><G43/><T26/><D75/><U63/><E111/><V4/><F82/><W13/><G79/><T44/><D67/><U107/><E107/><V120/><F101/><W57/><G115/><T49/><D39/><U131/><E131/><V70/><F70/><W65/><G133/><T41/><D126/><U25/><E94/><V114/><F128/><W58/><G105/><T68/><D68/><U5/><E51/><V80/><F80/><W11/><G11/><T37/><D37/><U99/><E99/><V93/><F93/><W129/><G100/><T104/><D104/><U18/><REACH who="1" step="1"/><E25/><REACH who="1" ten="240,230,280,240" step="2"/><V6/><F108/><W35/><REACH who="3" step="1"/><G129/><REACH who="3" ten="240,230,280,230" step="2"/><T76/><D36/><U40/><E40/><V47/><F42/><W64/><AGARI ba="1,2" hai="13,15,24,28,35,57,58,61,62,64,65,87,91,92" machi="64" ten="20,16000,3" yaku="1,1,2,1,0,1,7,1,9,1,52,2,53,1" doraHai="10" doraHaiUra="29" who="3" fromWho="3" sc="240,-41,230,-81,280,-41,230,183" /><INIT seed="2,0,0,3,4,66" ten="199,149,239,413" oya="2" hai0="54,106,132,82,100,107,91,29,116,26,28,19,17" hai1="45,3,131,122,101,85,89,1,32,30,71,5,70" hai2="99,124,90,27,103,14,93,87,120,119,102,117,10" hai3="109,92,76,128,42,21,15,0,108,56,84,75,40"/><V11/><F120/><W126/><G0/><T51/><D100/><U49/><E122/><V96/><F27/><W133/><G75/><T127/><D116/><U31/><E131/><V44/><F124/><W111/><G126/><T47/><D127/><U79/><E101/><V73/><F44/><W69/><G69/><T105/><D132/><U16/><E79/><V130/><F11/><W36/><G36/><T58/><D19/><U63/><E63/><V62/><F62/><W34/><G34/><T13/><D26/><U115/><E115/><V60/><F60/><W24/><G133/><T78/><D58/><U35/><E16/><V74/><F14/><W113/><G113/><T123/><D123/><U110/><E110/><V129/><F10/><W52/><G128/><T81/><D78/><U4/><E45/><V8/><F8/><W98/><G15/><T65/><D65/><U97/><E97/><V94/><F90/><N who="3" m="55575" /><G84/><AGARI ba="0,0" hai="73,74,84,87,93,94,96,99,102,103,117,119,129,130" machi="84" ten="25,12000,1" yaku="22,2,34,3" doraHai="66" who="2" fromWho="3" sc="199,0,149,0,239,120,413,-120" /><INIT seed="2,1,0,3,1,42" ten="199,149,359,293" oya="2" hai0="102,27,65,52,78,123,29,24,23,112,77,25,101" hai1="26,31,59,8,111,119,53,41,130,120,37,81,71" hai2="116,67,5,18,85,106,126,131,4,121,129,20,110" hai3="108,93,51,84,134,105,38,46,70,6,33,17,32"/><V122/><F106/><W103/><G70/><T113/><D65/><U14/><E119/><V2/><F67/><W58/><G6/><N who="2" m="2665" /><F2/><W56/><G105/><T66/><D66/><U86/><E120/><N who="2" m="46187" /><F116/><W75/><G38/><T45/><D123/><U47/><E130/><N who="2" m="49675" /><F85/><W74/><G75/><T16/><D113/><U82/><E111/><V125/><F110/><W21/><G74/><T57/><D112/><U48/><E71/><V95/><F95/><W104/><G104/><T64/><D64/><U92/><E92/><V55/><F55/><W115/><G115/><T124/><D124/><U72/><E72/><V68/><F68/><W87/><G108/><T89/><D57/><U127/><E127/><V132/><F132/><W40/><G134/><T79/><D89/><U97/><E97/><V73/><F73/><W100/><G93/><T117/><D117/><U19/><REACH who="1" step="1"/><E86/><REACH who="1" ten="199,139,359,293" step="2"/><V118/><F118/><W50/><G84/><T88/><D29/><U9/><E9/><V133/><F133/><W0/><G87/><T22/><D101/><U61/><E61/><V44/><F44/><W128/><G46/><T114/><D102/><U11/><E11/><V135/><F135/><W49/><G103/><T30/><D114/><U7/><E7/><V62/><F62/><W15/><G100/><T91/><REACH who="0" step="1"/><D27/><AGARI ba="1,1" hai="18,20,27,125,126" m="49675,46187,2665" machi="27" ten="40,7700,0" yaku="19,1,34,2" doraHai="42" who="2" fromWho="0" sc="199,-80,139,0,359,90,293,0" /><INIT seed="2,2,0,4,5,56" ten="119,139,449,293" oya="2" hai0="133,101,55,39,78,63,107,64,23,4,113,5,29" hai1="25,97,94,111,34,88,130,54,48,77,80,124,119" hai2="87,117,61,121,104,115,3,51,16,1,68,11,89" hai3="105,45,127,47,35,24,132,99,91,7,62,129,108"/><V75/><F104/><W93/><G105/><T69/><D39/><U83/><E119/><V0/><F117/><W30/><G129/><T6/><D78/><U106/><E124/><V42/><F75/><W134/><G127/><T95/><D113/><U14/><E130/><V41/><F51/><W52/><G7/><T70/><D107/><U18/><E111/><V65/><F115/><W10/><G10/><T8/><D8/><U17/><E106/><V33/><F33/><W112/><G108/><T102/><D133/><N who="3" m="51305" /><G112/><T9/><D9/><N who="1" m="6351" /><E34/><V135/><F135/><W123/><G123/><T57/><D102/><U15/><E77/><V40/><F121/><W36/><G36/><T67/><D67/><U44/><E25/><V81/><REACH who="2" step="1"/><F16/><REACH who="2" ten="119,139,439,293" step="2"/><W85/><G99/><N who="0" m="59647" /><D55/><U98/><E97/><V90/><F90/><W122/><G122/><T110/><D110/><U31/><E31/><V43/><N who="2" m="10752" /><DORA hai="19" /><V74/><F74/><W21/><G35/><T13/><D13/><U96/><E96/><V22/><F22/><AGARI ba="2,1" hai="15,18,22,44,48,54,80,83,88,94,98" m="6351" machi="22" ten="30,3900,0" yaku="8,1,52,1,54,1" doraHai="56,19" who="1" fromWho="2" sc="119,0,139,55,439,-45,293,0" /><INIT seed="3,0,0,4,3,125" ten="119,194,394,293" oya="3" hai0="115,33,82,122,60,73,105,27,44,15,37,89,109" hai1="5,86,102,112,64,66,128,2,13,42,7,92,24" hai2="119,67,76,21,51,110,114,78,135,96,83,72,111" hai3="81,107,9,54,17,88,50,77,48,87,121,49,84"/><W57/><G107/><T35/><D15/><U62/><E2/><V22/><F119/><W134/><G121/><T30/><D89/><U93/><E42/><V91/><F78/><W59/><G134/><T123/><D115/><U47/><E47/><V45/><F67/><W11/><G17/><T39/><D109/><N who="2" m="41482" /><F135/><W58/><REACH who="3" step="1"/><G54/><REACH who="3" ten="119,194,394,283" step="2"/><T124/><D124/><U80/><E112/><V41/><F114/><W99/><G99/><T120/><D120/><U79/><E7/><V8/><F8/><W25/><G25/><T53/><D123/><U97/><E24/><V12/><F12/><W113/><G113/><T129/><D53/><U108/><E13/><V65/><F65/><W40/><G40/><T18/><D122/><U36/><E5/><V117/><F117/><W116/><G116/><T6/><D18/><U23/><E66/><V70/><F70/><W38/><G38/><T29/><D6/><U104/><E36/><V19/><F19/><W61/><G61/><T101/><BYE who="3" /><D60/><U130/><E108/><V1/><F1/><W94/><G94/><AGARI ba="0,1" hai="21,22,41,45,51,72,76,83,91,94,96" m="41482" machi="94" ten="30,1000,0" yaku="14,1" doraHai="125" who="2" fromWho="3" sc="119,0,194,0,394,20,283,-10" owari="119,-38.0,194,-21.0,414,52.0,273,7.0" /></mjloggm>