<mjloggm ver="2.3"><GO type="97" lobby="0"/><UN n0="%E3%81%82%E3%81%A4%E3%81%93%31%30%31%30" n1="%68%69%72%61%72%69%6E" n2="%E2%98%86%EF%BC%88%E3%83%BB%CF%89%EF%BC%9C%EF%BC%89" n3="%E5%B0%B1%E6%B4%BB%E7%94%9F%40%E5%B7%9D%E6%9D%91%E8%BB%8D%E5%9B%A3" dan="13,14,13,14" rate="1848.80,1889.57,1832.17,1989.45" sx="F,M,F,M"/><TAIKYOKU oya="0"/><INIT seed="0,0,0,5,1,46" ten="250,250,250,250" oya="0" hai0="49,2,120,77,101,68,14,73,74,84,33,64,110" hai1="8,28,60,7,10,51,9,127,94,131,25,54,99" hai2="27,57,69,30,92,42,107,65,47,55,6,109,88" hai3="38,91,89,59,75,95,67,45,61,96,83,90,125"/><T126/><D64/><U62/><E127/><V105/><F109/><W118/><G118/><T80/><D2/><U78/><E131/><V117/><F117/><W128/><G125/><T113/><D33/><U85/><E7/><V130/><F6/><W76/><G128/><T119/><D68/><U122/><E122/><V81/><F81/><W114/><G114/><T93/><D119/><U50/><E25/><V20/><F65/><W121/><G121/><T134/><D126/><U70/><E70/><V29/><F29/><W115/><G115/><T3/><D3/><U104/><E104/><V41/><F69/><W31/><G31/><T15/><D120/><U71/><E71/><V18/><F30/><W108/><G108/><T35/><D35/><U0/><E0/><V16/><F18/><W48/><REACH who="3" step="1"/><G38/><REACH who="3" ten="250,250,250,240" step="2"/><T135/><D113/><U26/><E28/><V53/><F130/><W106/><G106/><T100/><D110/><U58/><E26/><V4/><F4/><W12/><G12/><T86/><D14/><U97/><E62/><N who="2" m="36143" /><F107/><W52/><AGARI ba="0,1" hai="45,48,52,59,61,67,75,76,83,89,90,91,95,96" machi="52" ten="20,8000,1" yaku="1,1,0,1,7,1,52,1,54,1,53,0" doraHai="46" doraHaiUra="34" who="3" fromWho="3" sc="250,-40,250,-20,250,-20,240,90" /><INIT seed="1,0,0,4,4,90" ten="210,230,230,330" oya="1" hai0="76,129,125,20,6,4,33,109,43,21,115,5,35" hai1="28,23,104,7,71,117,127,133,1,112,36,8,60" hai2="124,12,38,25,45,52,63,103,11,135,79,100,123" hai3="44,31,24,113,0,18,96,56,19,2,13,27,57"/><U58/><E117/><V32/><F123/><W46/><G113/><T47/><D76/><U64/><E112/><V16/><F124/><W66/><G66/><T73/><D73/><U30/><E127/><V14/><F135/><W98/><G13/><T22/><D115/><U91/><E133/><V53/><F32/><N who="0" m="12362" /><D47/><U77/><E104/><V39/><F38/><W92/><G92/><T9/><D43/><U126/><E126/><V82/><F39/><W119/><REACH who="3" step="1"/><G31/><REACH who="3" ten="210,230,230,320" step="2"/><T65/><D125/><U107/><E107/><V42/><F25/><W83/><G83/><T106/><D65/><U85/><E36/><V102/><F12/><W105/><G105/><T118/><D106/><U116/><E116/><AGARI ba="0,1" hai="0,2,18,19,24,27,44,46,56,57,96,98,116,119" machi="116" ten="25,8000,1" yaku="1,1,22,2,53,2" doraHai="90" doraHaiUra="41" who="3" fromWho="1" sc="210,0,230,-80,230,0,320,90" /><INIT seed="2,0,0,1,4,132" ten="210,150,230,410" oya="2" hai0="51,82,115,67,91,31,32,119,81,22,41,129,120" hai1="68,66,21,94,42,63,55,99,112,44,4,43,57" hai2="75,122,70,28,72,45,0,110,95,36,2,128,13" hai3="38,131,46,17,74,56,77,106,127,37,124,80,33"/><V48/><F122/><W90/><G106/><T109/><D32/><U102/><E112/><V116/><F116/><W3/><G3/><T126/><D67/><U60/><E4/><V6/><F36/><W101/><G101/><T121/><D41/><U130/><E130/><V79/><F70/><W11/><G131/><T23/><D51/><U108/><E108/><V134/><F28/><W92/><G33/><T12/><D119/><U96/><E44/><V123/><F123/><W50/><G17/><T52/><D115/><U8/><E8/><V58/><F128/><W29/><G29/><T24/><D129/><U78/><E78/><V113/><F113/><W53/><G11/><T73/><D73/><U30/><E96/><V62/><F134/><W16/><G16/><N who="0" m="10503" /><D109/><U107/><E107/><V10/><F95/><W97/><G46/><T69/><D69/><U89/><E102/><V59/><F110/><W15/><G15/><T35/><D35/><U7/><E7/><V14/><F0/><W76/><G76/><T111/><D111/><U83/><E83/><N who="0" m="31753" /><D121/><U54/><E54/><V5/><F79/><W26/><G26/><T87/><D120/><U114/><REACH who="1" step="1"/><E114/><REACH who="1" ten="210,140,230,410" step="2"/><V118/><F118/><W27/><G97/><T49/><D52/><U39/><E39/><V103/><F103/><W1/><G38/><T18/><D49/><U125/><E125/><V86/><F6/><W71/><G37/><T65/><D126/><U34/><E34/><V117/><F117/><W25/><G124/><T104/><D104/><U93/><E93/><V84/><F5/><W64/><G127/><RYUUKYOKU ba="0,1" sc="210,-10,140,30,230,-10,410,-10" hai1="21,30,42,43,55,57,60,63,66,68,89,94,99" /><INIT seed="3,1,1,4,0,45" ten="200,170,220,400" oya="3" hai0="0,103,20,116,82,32,104,72,100,65,6,18,14" hai1="129,50,133,122,117,43,95,127,12,61,1,99,70" hai2="134,59,81,114,109,62,30,94,132,125,21,89,4" hai3="5,36,66,80,23,11,13,106,124,113,9,34,87"/><W37/><G34/><T63/><D104/><U126/><E122/><V75/><F114/><W46/><G106/><T86/><D116/><U88/><E1/><V52/><F4/><W130/><G113/><T24/><D72/><U35/><E35/><V54/><F109/><W93/><G130/><T56/><D6/><U71/><E133/><N who="2" m="51307" /><F125/><N who="1" m="47625" /><E129/><V2/><F2/><W120/><G124/><T51/><D0/><U26/><E26/><N who="2" m="16719" /><F75/><W8/><G120/><T107/><D107/><U17/><E117/><V53/><F81/><W112/><G112/><T31/><REACH who="0" step="1"/><D51/><REACH who="0" ten="190,170,220,400" step="2"/><U47/><E61/><V69/><F69/><W84/><G37/><T97/><D97/><AGARI ba="1,2" hai="52,53,54,59,62,89,94,97" m="16719,51307" machi="97" ten="30,2000,0" yaku="20,1,54,1" doraHai="45" who="2" fromWho="0" sc="190,-23,170,0,220,43,400,0" owari="167,-33.0,170,-23.0,263,6.0,400,50.0" /></mjloggm>