<mjloggm ver="2.3"><GO type="225" lobby="0"/><UN n0="%E3%83%88%E3%83%88%E3%83%AA%E5%85%88%E7%94%9F%31%39%E6%AD%B3" n1="%E9%88%B4%E4%BE%8D" n2="%E6%B4%BE%E9%81%A3%E3%81%AE%E3%82%B8%E3%83%A3%E3%83%83%E3%82%AF" n3="%E3%81%BF%E3%81%A3%E3%81%A4%E3%81%83%EF%BD%9E" dan="17,17,17,18" rate="2189.51,2193.75,2171.18,2202.94" sx="F,M,M,F"/><TAIKYOKU oya="0"/><INIT seed="0,0,0,3,4,12" ten="250,250,250,250" oya="0" hai0="131,107,36,125,31,110,122,109,76,13,88,34,73" hai1="49,128,27,19,117,51,50,53,72,65,113,38,47" hai2="64,97,4,39,35,0,81,123,62,134,46,71,87" hai3="70,23,20,103,61,127,29,6,5,77,118,82,135"/><T111/><D122/><U40/><E72/><V60/><F123/><W78/><G118/><T75/><D107/><U121/><E117/><V63/><F134/><W30/><G135/><T10/><D36/><U105/><E121/><V92/><F35/><W129/><G70/><T32/><D131/><U101/><E128/><V15/><F0/><W99/><G61/><T116/><D116/><U126/><E126/><V85/><F85/><W68/><G68/><T79/><D125/><U56/><E113/><V43/><F4/><W45/><G127/><T2/><D2/><U133/><E133/><V102/><REACH who="2" step="1"/><F15/><REACH who="2" ten="250,250,240,250" step="2"/><W119/><G5/><N who="0" m="3279" /><D75/><U86/><E86/><V26/><F26/><W48/><G6/><T90/><D34/><U44/><E40/><V94/><F94/><W24/><G129/><T22/><D32/><U112/><E112/><V17/><F17/><W67/><G24/><N who="0" m="16791" /><D73/><U93/><E105/><V89/><AGARI ba="0,1" hai="39,43,46,60,62,63,64,71,81,87,89,92,97,102" machi="89" ten="20,12000,2" yaku="1,1,0,1,7,1,53,3" doraHai="12" doraHaiUra="57" who="2" fromWho="2" sc="250,-60,250,-30,240,130,250,-30" /><INIT seed="1,0,0,5,1,2" ten="190,220,370,220" oya="1" hai0="131,32,20,107,44,50,26,88,5,14,63,134,98" hai1="33,102,110,11,126,58,70,22,83,34,115,74,18" hai2="24,67,31,101,95,81,37,66,60,86,112,77,71" hai3="132,117,79,6,113,43,48,114,84,108,125,127,59"/><U36/><E115/><N who="3" m="44042" /><G79/><T9/><D131/><U17/><E70/><V38/><F67/><W16/><G84/><T103/><D134/><U0/><E102/><V23/><F112/><W27/><G132/><T75/><D75/><U61/><E36/><V39/><F95/><W29/><G43/><T106/><D63/><U42/><E42/><V72/><F101/><W93/><G93/><T130/><D130/><U57/><E126/><N who="3" m="48138" /><G108/><T62/><D32/><U69/><E110/><V56/><F86/><W10/><G48/><T105/><D62/><U30/><E83/><V65/><F65/><W73/><G59/><T51/><D88/><U121/><E74/><V45/><F45/><W99/><G99/><T25/><D25/><U94/><E57/><V124/><F124/><W41/><G41/><T111/><D111/><U133/><E133/><V55/><F39/><W35/><G73/><T76/><D76/><U96/><E69/><V128/><F128/><W85/><G85/><T68/><D68/><U90/><E34/><V119/><F38/><W28/><G117/><T13/><D13/><N who="1" m="7359" /><E0/><V97/><F37/><W49/><G49/><T4/><D51/><U100/><E61/><V47/><F119/><W82/><G82/><T78/><D78/><U87/><E58/><V15/><F47/><W52/><G52/><N who="0" m="29767" /><D107/><U64/><E64/><V7/><F55/><W135/><G135/><T54/><D106/><U104/><E96/><V120/><F97/><W122/><G122/><T109/><D54/><U53/><E104/><V118/><F118/><W80/><G35/><T21/><D109/><RYUUKYOKU ba="0,0" sc="190,0,220,0,370,0,220,0" /><INIT seed="2,1,0,4,4,32" ten="190,220,370,220" oya="2" hai0="15,127,96,105,130,76,114,98,134,86,125,84,107" hai1="60,91,57,66,48,36,44,80,40,37,18,75,120" hai2="20,17,119,0,87,11,121,110,42,13,35,111,90" hai3="97,95,135,12,19,124,65,5,100,23,132,68,129"/><V58/><F119/><W16/><G129/><T77/><D15/><U1/><E120/><V21/><F42/><W34/><G124/><T47/><D47/><U33/><E33/><V69/><F69/><W41/><G34/><T52/><D52/><N who="1" m="31879" /><E36/><V73/><F73/><W123/><G123/><T72/><D130/><U89/><E18/><V24/><F58/><W29/><G29/><T104/><D134/><N who="3" m="51241" /><G41/><T122/><D122/><U113/><E113/><V59/><F59/><W133/><G65/><T74/><D104/><U78/><E1/><V106/><F106/><W88/><G68/><AGARI ba="1,0" hai="37,40,44,60,66,68,75,78,80,89,91" m="31879" machi="68" ten="30,2000,0" yaku="24,1,54,1" doraHai="32" who="1" fromWho="3" sc="190,0,220,23,370,0,220,-23" /><INIT seed="3,0,0,1,5,51" ten="190,243,370,197" oya="3" hai0="69,75,29,64,112,114,85,81,43,123,78,7,3" hai1="32,30,4,37,135,98,19,18,9,35,115,25,46" hai2="74,84,97,50,53,63,65,34,24,55,131,70,36" hai3="119,116,103,0,132,93,100,68,91,12,108,10,125"/><W17/><G132/><T126/><D123/><U39/><E115/><N who="0" m="44073" /><D126/><U48/><E35/><V8/><F74/><W62/><G125/><T109/><D109/><U49/><E49/><V77/><F8/><W80/><G108/><T113/><N who="0" m="44081" /><T104/><DORA hai="96" /><D104/><U90/><E135/><V134/><F134/><W33/><G33/><T117/><D117/><U73/><E73/><V67/><F67/><W130/><G0/><T1/><D29/><U128/><E128/><V47/><F131/><W52/><G130/><T13/><D43/><U106/><E18/><V22/><F97/><N who="3" m="57535" /><G68/><T20/><D75/><U82/><E19/><V95/><F70/><W61/><G119/><T122/><D122/><U11/><E11/><V86/><F36/><W38/><G38/><T92/><D92/><U14/><E106/><V66/><F34/><W118/><G118/><T45/><D45/><U72/><E72/><V110/><F110/><W129/><G129/><T101/><D101/><N who="3" m="38985" /><G116/><T87/><D87/><N who="1" m="50551" /><E98/><V105/><F105/><W56/><G80/><T121/><D121/><U89/><E37/><V99/><F95/><W26/><G26/><T88/><D88/><U124/><E124/><V15/><F24/><W94/><G94/><T28/><D69/><U41/><E89/><V6/><F77/><W44/><G44/><T102/><D102/><U54/><E39/><V5/><F47/><W60/><AGARI ba="0,0" hai="10,12,17,52,56,60,61,62" m="38985,57535" machi="60" ten="30,18000,2" yaku="8,1,52,4,54,1" doraHai="51,96" who="3" fromWho="3" sc="190,-60,243,-60,370,-60,197,180" owari="130,-37.0,183,-22.0,310,11.0,377,48.0" /></mjloggm>