<mjloggm ver="2.3"><GO type="169" lobby="0"/><UN n0="%E3%81%B5%E3%81%98%E3%81%8A" n1="%E3%82%A6%E3%83%AB%E3%83%88%E3%83%A9%E7%AB%8B%E7%9B%B4" n2="%70%69%2D%70%6F" n3="%E3%81%97%E3%81%8A%E3%81%BE%E3%81%AD%E3%81%8D" dan="19,17,16,17" rate="2305.21,2164.48,2133.76,2122.41" sx="M,M,M,M"/><TAIKYOKU oya="0"/><INIT seed="0,0,0,1,2,76" ten="250,250,250,250" oya="0" hai0="92,105,50,93,24,64,18,56,128,34,73,28,63" hai1="47,67,16,98,65,60,10,1,107,116,100,48,103" hai2="126,96,62,83,66,91,57,30,90,27,89,0,123" hai3="119,36,129,15,134,33,68,5,58,95,133,26,132"/><T53/><D105/><U6/><E116/><V78/><F123/><W46/><G68/><T9/><D128/><U77/><E100/><V112/><F112/><W55/><G95/><T80/><D9/><U121/><E121/><V11/><F126/><W44/><G119/><T99/><D18/><U85/><E60/><V52/><F0/><W19/><G129/><T131/><D131/><U7/><E7/><V42/><F42/><W41/><G46/><T8/><D8/><U29/><E29/><V22/><F11/><W97/><G97/><T40/><D40/><U13/><E77/><V102/><F66/><W115/><G115/><T86/><D73/><U117/><E85/><V17/><F30/><W31/><G5/><T94/><D99/><U35/><E35/><V70/><F70/><W14/><REACH who="3" step="1"/><G19/><REACH who="3" ten="250,250,250,240" step="2"/><T104/><D104/><U108/><E117/><V32/><F32/><W74/><G74/><T81/><REACH who="0" step="1"/><D86/><REACH who="0" ten="240,250,250,240" step="2"/><U23/><REACH who="1" step="1"/><E108/><REACH who="1" ten="240,240,250,240" step="2"/><V84/><F96/><W61/><AGARI ba="0,3" hai="14,15,26,31,33,36,41,44,55,58,61,132,133,134" machi="61" ten="30,7900,0" yaku="1,1,0,1,20,1,53,1" doraHai="76" doraHaiUra="59" who="3" fromWho="3" sc="240,-39,240,-20,250,-20,240,109" /><INIT seed="1,0,0,2,3,69" ten="201,220,230,349" oya="1" hai0="16,28,77,2,123,117,94,59,40,115,72,44,76" hai1="71,110,25,41,10,45,54,131,62,11,26,85,32" hai2="57,121,51,122,24,63,107,27,64,0,33,97,116" hai3="89,91,75,12,96,67,19,99,124,87,61,90,111"/><U73/><E73/><V88/><F116/><W50/><G111/><T134/><D117/><U104/><E110/><V132/><F0/><W109/><G109/><T93/><D115/><U20/><E131/><V4/><F132/><W60/><G75/><T127/><D2/><U118/><E104/><V133/><F133/><W53/><G124/><T36/><D134/><U112/><E112/><V52/><F4/><W102/><G87/><T114/><D114/><U34/><E118/><V23/><F33/><W17/><G102/><T103/><D28/><U8/><E85/><V3/><F3/><W92/><G67/><T15/><D127/><U95/><E95/><V79/><F79/><W128/><G128/><T80/><D77/><U43/><E43/><V83/><F107/><W68/><G68/><T105/><D123/><U55/><E71/><V120/><F23/><W30/><G30/><T18/><D59/><U113/><E113/><V86/><REACH who="2" step="1"/><F97/><REACH who="2" ten="201,220,220,349" step="2"/><W49/><G99/><T65/><D105/><U126/><E34/><V39/><F39/><W130/><G96/><T31/><D36/><N who="1" m="21671" /><E126/><V5/><F5/><W125/><G125/><T37/><D37/><U129/><E129/><V13/><F13/><W108/><G130/><T74/><D15/><U29/><E32/><V58/><AGARI ba="0,1" hai="24,27,51,52,57,58,63,64,83,86,88,120,121,122" machi="58" ten="30,7900,0" yaku="1,1,0,1,54,2,53,0" doraHai="69" doraHaiUra="42" who="2" fromWho="2" sc="201,-20,220,-39,220,89,349,-20" /><INIT seed="2,0,0,4,5,18" ten="181,181,309,329" oya="2" hai0="61,125,90,28,36,129,57,128,96,92,32,17,52" hai1="82,83,34,37,80,49,16,12,86,67,98,35,99" hai2="134,46,121,126,39,10,26,11,1,7,30,3,55" hai3="21,74,68,50,62,70,47,64,60,95,4,58,44"/><V5/><F126/><W93/><G74/><T59/><D125/><U27/><E37/><V66/><F66/><N who="3" m="39191" /><G21/><T118/><D118/><U127/><E127/><V120/><F134/><W31/><G4/><T117/><D117/><U114/><E114/><V109/><F109/><W124/><G31/><T104/><D36/><U48/><E67/><V113/><F113/><W116/><G95/><T69/><D69/><N who="3" m="26729" /><G93/><T102/><D59/><U25/><E86/><V29/><F29/><W135/><G116/><T54/><D17/><U106/><E106/><V79/><F79/><W94/><G94/><T41/><D28/><U91/><E91/><V132/><F132/><W111/><G135/><T0/><D0/><U112/><E112/><V51/><REACH who="2" step="1"/><F39/><REACH who="2" ten="181,181,299,329" step="2"/><W8/><G111/><T33/><D96/><U122/><E99/><V100/><F100/><W15/><G124/><T24/><D102/><U108/><E98/><V56/><F56/><W89/><G62/><T85/><D61/><U20/><E108/><V110/><F110/><W6/><G64/><T87/><D129/><U84/><E122/><V119/><F119/><W107/><G107/><T123/><D128/><U14/><E84/><V72/><F72/><W88/><G47/><T13/><D87/><U97/><E97/><V115/><F115/><W43/><G89/><T45/><D90/><U63/><E63/><V130/><F130/><W133/><G88/><T65/><D85/><U19/><E82/><V40/><F40/><W75/><G133/><T2/><D104/><U73/><E73/><V53/><F53/><W71/><G75/><RYUUKYOKU ba="0,1" sc="181,-30,181,10,299,10,329,10" hai1="12,14,16,19,20,25,27,34,35,48,49,80,83" hai2="1,3,5,7,10,11,26,30,46,51,55,120,121" hai3="6,8,15,43,44,50,71" /><INIT seed="2,1,1,3,5,76" ten="151,191,309,339" oya="2" hai0="78,117,67,29,33,41,106,26,116,6,112,37,109" hai1="107,105,122,24,65,71,47,80,110,38,119,59,15" hai2="118,22,46,88,73,120,75,63,49,32,25,52,94" hai3="104,79,36,70,123,39,16,43,54,56,130,126,30"/><V55/><F118/><N who="0" m="45674" /><D112/><U42/><E119/><V35/><F120/><W34/><G70/><T12/><D106/><U60/><E122/><V98/><F73/><W68/><G68/><T115/><D115/><U135/><E110/><V74/><F74/><W19/><G104/><T45/><D109/><U51/><E135/><V17/><F75/><W40/><G130/><T108/><D108/><U53/><E15/><V131/><F131/><W81/><G126/><T132/><D78/><U57/><E57/><AGARI ba="1,1" hai="17,22,25,32,35,46,49,52,55,57,63,88,94,98" machi="57" ten="40,12000,1" yaku="25,2,54,2" doraHai="76" who="2" fromWho="1" sc="151,0,191,-123,309,133,339,0" /><INIT seed="2,2,0,3,1,9" ten="151,68,442,339" oya="2" hai0="54,66,35,88,117,55,24,36,51,63,104,56,68" hai1="30,26,131,33,7,105,1,61,40,128,99,6,38" hai2="65,127,83,100,112,75,91,129,25,69,119,10,80" hai3="77,34,87,2,39,43,37,134,50,27,29,52,15"/><V74/><F112/><W62/><G134/><T21/><D104/><U23/><E23/><V86/><F119/><W111/><G2/><T28/><D117/><U3/><E61/><V116/><F116/><W118/><G118/><T79/><D79/><U92/><E92/><V42/><F42/><W126/><G126/><T57/><D36/><U110/><E110/><V5/><F100/><W16/><G111/><T78/><D78/><U14/><E14/><V8/><F8/><W53/><G43/><T4/><D4/><U113/><E113/><V102/><F102/><W103/><G103/><T130/><D130/><U12/><E12/><V95/><F129/><N who="1" m="49737" /><E99/><V106/><F95/><W48/><G62/><T89/><REACH who="0" step="1"/><D21/><REACH who="0" ten="141,68,442,339" step="2"/><U44/><E105/><V81/><F106/><W71/><G37/><T76/><D76/><U123/><E123/><V13/><F75/><W121/><G39/><T31/><D31/><U58/><E6/><V20/><F74/><W98/><G121/><T94/><D94/><U115/><E7/><V17/><F127/><W73/><G73/><T59/><D59/><U41/><E115/><V82/><F69/><W101/><G71/><T32/><D32/><U125/><E125/><V45/><F45/><W85/><G77/><T72/><D72/><U90/><E58/><V18/><F5/><W67/><G34/><T114/><D114/><U124/><E124/><V46/><F46/><W96/><G101/><T11/><D11/><U132/><E44/><V19/><F19/><W0/><G16/><T49/><AGARI ba="2,1" hai="24,28,35,49,51,54,55,56,57,63,66,68,88,89" machi="49" ten="20,8000,1" yaku="1,1,0,1,7,1,9,1,54,1,53,0" doraHai="9" doraHaiUra="97" who="0" fromWho="0" sc="141,96,68,-22,442,-42,339,-22" /><INIT seed="3,0,0,0,2,44" ten="237,46,400,317" oya="3" hai0="71,43,10,106,87,86,114,5,104,118,79,93,26" hai1="37,120,123,81,55,20,49,98,63,108,130,72,41" hai2="132,88,64,15,0,95,131,17,133,24,45,34,59" hai3="94,40,84,23,126,60,125,9,19,16,110,33,13"/><W83/><G33/><T90/><D71/><U75/><E75/><V135/><F0/><W69/><G94/><T52/><D43/><U53/><E72/><V77/><F131/><W91/><G40/><T22/><D118/><U6/><E81/><V70/><F77/><W38/><G38/><T122/><D122/><N who="1" m="46635" /><E98/><N who="2" m="57703" /><F70/><W127/><G110/><T82/><D114/><U54/><E20/><N who="2" m="11327" /><F45/><W25/><G69/><T7/><D7/><U1/><E6/><V50/><F64/><W56/><REACH who="3" step="1"/><G127/><REACH who="3" ten="237,46,400,307" step="2"/><T31/><D104/><U18/><E37/><V128/><F34/><W65/><AGARI ba="0,1" hai="9,13,16,19,23,25,56,60,65,83,84,91,125,126" machi="65" ten="30,12000,1" yaku="1,1,2,1,0,1,54,1,53,1" doraHai="44" doraHaiUra="21" who="3" fromWho="3" sc="237,-40,46,-40,400,-40,307,130" /><INIT seed="3,1,0,3,0,40" ten="197,6,360,437" oya="3" hai0="62,135,107,35,84,6,129,101,86,43,7,78,93" hai1="46,52,61,58,11,123,133,126,42,134,60,73,122" hai2="55,48,19,81,59,76,34,33,109,115,118,71,23" hai3="8,102,26,54,92,130,37,5,41,125,114,3,74"/><W36/><G74/><T105/><D35/><U12/><E73/><V45/><F115/><W77/><G114/><T96/><D135/><N who="1" m="51723" /><E126/><V63/><F118/><W90/><G77/><T97/><D129/><U128/><E128/><V89/><F109/><W10/><G130/><T75/><D62/><N who="1" m="36167" /><E12/><V0/><F71/><W98/><G125/><T120/><D120/><N who="1" m="46123" /><E11/><V113/><F0/><W103/><G10/><T117/><D117/><U124/><E124/><V32/><F113/><W4/><G4/><T94/><D6/><U127/><E127/><V22/><F19/><W65/><G26/><T44/><D7/><U57/><E57/><V47/><F89/><W132/><G132/><T82/><D44/><U13/><E13/><V38/><F47/><W79/><G8/><T88/><D43/><U18/><E18/><V110/><F45/><W99/><G5/><T39/><D39/><AGARI ba="1,0" hai="39,42,46,60,61" m="46123,36167,51723" machi="39" ten="30,8000,1" yaku="20,1,34,2,52,1,54,1" doraHai="40" who="1" fromWho="0" sc="197,-83,6,83,360,0,437,0" /><INIT seed="4,0,0,4,1,24" ten="114,89,360,437" oya="0" hai0="95,9,114,33,52,30,132,134,104,131,89,45,126" hai1="84,29,118,94,99,8,120,28,72,32,87,38,14" hai2="47,110,91,76,125,21,119,6,116,62,109,53,10" hai3="135,90,17,67,19,74,34,88,56,44,71,130,31"/><T0/><D104/><U107/><E38/><V93/><F76/><W111/><G74/><T129/><D114/><U124/><E32/><V27/><F125/><W5/><G71/><T48/><D126/><U36/><E36/><V102/><F102/><W3/><G44/><T65/><D65/><U51/><E72/><V96/><F47/><W16/><G111/><N who="2" m="42505" /><F53/><W58/><G5/><N who="0" m="1191" /><D33/><U1/><E1/><V112/><F62/><W39/><G3/><T81/><D81/><U41/><E107/><V64/><F64/><W92/><G39/><T43/><D30/><N who="1" m="11883" /><E120/><V86/><F112/><W26/><G90/><T23/><D23/><U115/><E115/><V11/><F6/><W63/><G58/><T69/><D69/><U54/><E124/><V113/><F113/><W128/><REACH who="3" step="1"/><G135/><REACH who="3" ten="114,89,360,427" step="2"/><N who="0" m="51755" /><D43/><U40/><E40/><V122/><F122/><W121/><G121/><T18/><D18/><N who="1" m="8519" /><E41/><V66/><F116/><W105/><G105/><T77/><D77/><U79/><E79/><V59/><F119/><W101/><G101/><T42/><D42/><U12/><E118/><V22/><F91/><W82/><G82/><T7/><D7/><U98/><E94/><V55/><F93/><W20/><G20/><T73/><D73/><U100/><E100/><V123/><F21/><W49/><G49/><T2/><D2/><U85/><E12/><V83/><F123/><W60/><G60/><T35/><D35/><U70/><E70/><V80/><F83/><W133/><G133/><T46/><D46/><AGARI ba="0,1" hai="46,51,54,84,85,87,98,99" m="8519,11883" machi="46" ten="30,7700,0" yaku="8,1,52,3" doraHai="24" who="1" fromWho="0" sc="114,-77,89,87,360,0,427,0" /><INIT seed="5,0,0,4,2,62" ten="37,176,360,427" oya="1" hai0="30,52,67,51,26,76,66,81,125,37,115,82,129" hai1="121,84,110,109,83,126,99,111,91,135,98,58,49" hai2="79,70,130,44,10,31,20,50,55,32,117,133,65" hai3="53,29,89,14,47,25,127,0,24,19,124,128,80"/><U77/><E121/><V63/><F117/><W107/><G107/><T3/><D37/><U18/><E18/><V105/><F130/><W116/><G0/><T35/><D3/><U57/><E126/><N who="3" m="48170" /><G116/><T2/><D2/><U38/><E38/><V108/><F108/><W28/><G128/><T78/><D125/><U120/><E120/><V48/><F48/><BYE who="2" /><N who="3" m="28831" /><G89/><UN n2="%70%69%2D%70%6F" /><T60/><D115/><U102/><E135/><V45/><F133/><W6/><G80/><T106/><D106/><U5/><E5/><V69/><F69/><W118/><G6/><T94/><D129/><U90/><E98/><V74/><F105/><W73/><G73/><T86/><D60/><U134/><E134/><V13/><F32/><W59/><G59/><N who="1" m="22538" /><E49/><V40/><F74/><W61/><G61/><T75/><D94/><AGARI ba="0,0" hai="77,83,84,90,91,94,99,102,109,110,111" m="22538" machi="94" ten="30,1500,0" yaku="10,1" doraHai="62" who="1" fromWho="0" sc="37,-15,176,15,360,0,427,0" /><INIT seed="5,1,0,5,5,36" ten="22,191,360,427" oya="1" hai0="75,126,93,105,60,92,108,68,62,31,40,11,107" hai1="78,79,6,55,76,0,80,43,23,1,50,129,128" hai2="103,5,4,39,71,84,26,13,127,90,15,125,101" hai3="109,29,118,96,81,34,22,58,32,47,12,119,131"/><U114/><E80/><V52/><F71/><W61/><G109/><T59/><D75/><U20/><E55/><V63/><F39/><W9/><G131/><N who="1" m="50250" /><E114/><V98/><F26/><W87/><G96/><T14/><D108/><U48/><E6/><N who="2" m="2667" /><F52/><W37/><G22/><N who="1" m="8234" /><E43/><V104/><F63/><W25/><G34/><T91/><D126/><N who="2" m="48138" /><F103/><W65/><G119/><T10/><D31/><U100/><E100/><V66/><F66/><W122/><G118/><T132/><D68/><U24/><E24/><V113/><F113/><W56/><G65/><T44/><D105/><U2/><AGARI ba="1,0" hai="0,1,2,48,50,76,78,79" m="8234,50250" machi="2" ten="40,7800,0" yaku="28,2,19,1" doraHai="36" who="1" fromWho="1" sc="22,-27,191,81,360,-27,427,-27" owari="-5,-51.0,272,-13.0,333,13.0,400,51.0" /></mjloggm>