<mjloggm ver="2.3"><GO type="97" lobby="0"/><UN n0="%E3%83%88%E3%83%88%E3%83%AA%E5%85%88%E7%94%9F%31%39%E6%AD%B3" n1="%E5%B7%9D%E6%9D%91%E8%BB%8D%E5%9B%A3%E8%BB%8D%E6%9D%91%E5%B7%9D" n2="%5A%55%41%4C%30%31%32%32" n3="%E6%AD%A6%E5%BC%8F" dan="15,15,15,15" rate="2057.36,2022.00,1987.92,1969.31" sx="F,F,M,M"/><TAIKYOKU oya="0"/><INIT seed="0,0,0,4,3,75" ten="250,250,250,250" oya="0" hai0="100,62,45,113,107,84,49,71,78,36,115,17,72" hai1="106,127,92,50,131,101,2,43,66,82,7,119,1" hai2="93,120,124,51,5,87,31,98,55,110,74,64,81" hai3="121,108,44,58,15,35,39,133,79,29,114,54,67"/><T134/><D36/><U77/><E119/><V65/><F120/><W37/><G108/><T28/><D72/><U40/><E131/><V48/><F110/><W57/><G79/><T8/><D134/><U91/><E127/><V13/><F74/><W132/><G15/><T56/><D71/><U60/><E7/><V53/><F31/><W24/><G114/><T68/><D68/><U129/><E129/><V10/><F124/><W96/><G96/><T111/><D111/><U89/><E106/><V88/><F51/><N who="3" m="29031" /><G24/><T34/><D100/><U109/><E109/><V32/><F32/><W90/><G29/><T95/><D107/><U20/><E20/><V18/><F5/><W63/><G90/><N who="0" m="53703" /><D28/><U27/><E27/><V6/><F6/><W4/><G35/><T14/><D34/><U135/><E135/><N who="3" m="51786" /><G4/><T118/><D118/><U80/><E2/><V3/><F3/><W41/><G121/><T9/><D115/><U42/><E1/><V76/><F55/><N who="3" m="34239" /><G41/><N who="0" m="24751" /><D113/><U70/><E101/><V73/><F73/><W21/><G21/><N who="0" m="11447" /><D78/><U19/><E42/><V46/><AGARI ba="0,0" hai="10,13,18,46,48,53,64,65,76,81,87,88,93,98" machi="46" ten="20,8000,1" yaku="0,1,7,1,8,1,52,1,54,1" doraHai="75" who="2" fromWho="2" sc="250,-40,250,-20,250,80,250,-20" /><INIT seed="1,0,0,0,4,128" ten="210,230,330,230" oya="1" hai0="98,135,70,68,130,65,19,100,60,97,123,7,40" hai1="32,73,79,3,105,26,119,85,107,66,84,9,71" hai2="48,56,50,13,64,28,116,6,25,81,15,42,34" hai3="51,12,77,53,120,23,8,134,14,72,17,112,131"/><U102/><E119/><V16/><F116/><W0/><G134/><T114/><D114/><U21/><E21/><V121/><F121/><W117/><G117/><T129/><D123/><U5/><E85/><V59/><F81/><W89/><G112/><T54/><D40/><U91/><E84/><V76/><F76/><W2/><G131/><N who="0" m="50187" /><D7/><U86/><E86/><V41/><F6/><W132/><G132/><T44/><D70/><U95/><E95/><V61/><F13/><W67/><G67/><T108/><D108/><U37/><E91/><V99/><F99/><N who="0" m="37898" /><D100/><U30/><E37/><V20/><F50/><W104/><G89/><T55/><D44/><U31/><E102/><V27/><F27/><W49/><G2/><T18/><D135/><U29/><E31/><V109/><F109/><W110/><G110/><T111/><D111/><U133/><E133/><V45/><REACH who="2" step="1"/><F41/><REACH who="2" ten="210,230,320,230" step="2"/><W106/><G120/><T124/><D124/><U38/><E26/><V74/><F74/><W90/><G72/><T101/><D101/><U10/><E79/><V4/><F4/><W80/><G77/><T36/><D36/><U57/><E73/><V75/><F75/><W122/><G122/><T88/><D88/><U24/><E38/><V43/><F43/><W115/><G90/><T87/><D87/><U94/><E24/><V78/><F78/><W39/><G115/><T92/><D92/><U69/><E5/><V62/><F62/><W35/><G39/><T125/><D125/><U58/><E3/><V47/><F47/><W52/><G0/><T46/><D46/><U93/><E32/><RYUUKYOKU ba="0,1" sc="210,10,230,10,320,10,230,-30" hai0="18,19,54,55,60,65,68" hai1="9,10,29,30,57,58,66,69,71,93,94,105,107" hai2="15,16,20,25,28,34,42,45,48,56,59,61,64" /><INIT seed="1,1,1,5,2,111" ten="220,240,330,200" oya="1" hai0="35,36,28,119,76,96,106,102,7,105,64,81,0" hai1="65,51,39,23,129,110,37,24,131,47,88,50,57" hai2="113,25,44,9,8,27,92,67,48,17,72,89,59" hai3="100,135,16,90,56,26,78,60,61,58,68,55,73"/><U99/><E110/><V20/><F72/><W87/><G68/><T97/><D119/><U122/><E122/><V49/><F113/><W42/><G135/><T21/><D21/><U91/><E99/><V114/><F114/><W19/><G100/><N who="0" m="62599" /><D64/><U53/><E65/><V107/><F107/><W43/><G78/><T18/><D18/><N who="3" m="6697" /><G73/><N who="0" m="43151" /><D7/><U77/><E77/><V46/><F27/><W128/><G128/><N who="1" m="49226" /><E24/><V95/><F95/><N who="3" m="54751" /><G26/><N who="0" m="18839" /><D36/><N who="1" m="13899" /><E23/><V85/><F48/><W6/><G6/><T11/><D11/><N who="2" m="4170" /><F49/><W108/><G108/><T3/><AGARI ba="1,1" hai="0,3,97,102,106" m="18839,43151,62599" machi="3" ten="30,2000,0" yaku="33,2" doraHai="111" who="0" fromWho="0" sc="220,33,240,-11,330,-6,200,-6" /><INIT seed="2,0,0,2,0,118" ten="253,229,324,194" oya="2" hai0="57,89,116,88,42,15,127,80,70,128,35,10,121" hai1="134,94,103,93,63,91,37,5,68,61,28,97,11" hai2="55,50,73,72,3,46,14,23,122,20,133,75,107" hai3="22,25,96,51,132,74,62,119,33,47,27,114,99"/><V117/><F117/><W38/><G119/><T44/><D116/><U48/><E134/><V112/><F112/><W123/><G123/><T18/><D70/><U39/><E68/><V81/><F3/><W78/><G132/><T101/><D121/><U105/><E28/><V76/><F122/><W13/><G38/><T7/><D35/><U2/><E48/><V40/><F107/><W26/><G33/><T85/><D128/><U98/><REACH who="1" step="1"/><E105/><REACH who="1" ten="253,219,324,194" step="2"/><V131/><F131/><W41/><G114/><T16/><D127/><U45/><E45/><V95/><F133/><W1/><G62/><AGARI ba="0,1" hai="2,5,11,37,39,61,62,63,91,93,94,97,98,103" machi="62" ten="40,1300,0" yaku="1,1,53,0" doraHai="118" doraHaiUra="120" who="1" fromWho="3" sc="253,0,219,23,324,0,194,-13" /><INIT seed="3,0,0,4,2,6" ten="253,242,324,181" oya="3" hai0="111,129,134,82,94,121,60,50,102,113,132,23,21" hai1="1,70,3,110,127,26,45,16,11,81,55,30,67" hai2="42,72,54,46,89,9,62,64,18,101,56,128,109" hai3="17,120,77,104,49,34,51,69,88,35,8,83,33"/><W66/><G120/><T117/><D121/><U106/><E106/><V79/><F128/><W98/><G104/><T122/><D122/><U119/><E119/><V40/><F101/><W10/><G66/><T19/><D117/><U114/><E114/><V71/><F109/><W107/><G69/><T41/><D111/><U5/><E127/><V47/><F79/><W97/><G107/><T68/><D129/><U37/><E110/><V126/><F72/><W123/><G123/><T61/><D113/><U53/><E81/><V36/><F89/><W38/><G38/><T73/><D23/><U93/><E93/><V43/><F126/><W80/><G34/><T133/><D68/><U12/><E37/><V0/><F47/><W135/><G135/><T15/><D50/><N who="3" m="18953" /><G35/><T13/><D41/><U85/><E85/><V25/><F0/><W112/><G33/><T116/><D13/><U39/><E1/><V90/><F40/><W28/><G28/><T65/><D65/><U20/><E67/><V4/><F43/><W105/><G105/><T118/><D118/><U87/><E87/><V86/><F71/><W115/><G115/><T58/><D58/><U124/><E124/><V52/><F64/><W95/><G112/><T91/><D116/><U100/><E100/><V48/><F56/><W130/><G130/><T27/><D102/><U96/><E96/><N who="3" m="36970" /><G77/><T29/><D73/><U74/><E74/><V125/><F125/><W7/><G7/><T103/><D103/><U2/><E2/><V44/><F4/><W75/><G75/><T22/><D94/><U131/><E70/><RYUUKYOKU ba="0,0" sc="253,30,242,-10,324,-10,181,-10" hai0="15,19,21,22,27,29,60,61,82,91,132,133,134" owari="283,8.0,232,-17.0,314,42.0,171,-33.0" /></mjloggm>