<mjloggm ver="2.3"><GO type="169" lobby="0"/><UN n0="%E5%B0%B1%E6%B4%BB%E7%94%9F%40%E5%B7%9D%E6%9D%91%E8%BB%8D%E5%9B%A3" n1="%E3%82%AD%E3%83%A9%E3%83%BC%E3%83%9E%E3%82%B8%E3%83%B3%E3%82%AC%E6%A7%98" n2="%E3%83%81%E3%83%81%E3%82%AB%E3%82%AB%E6%B9%96" n3="%79%6F%6A%6F" dan="16,16,16,17" rate="2105.16,2075.61,2140.65,2171.16" sx="M,M,M,F"/><TAIKYOKU oya="0"/><INIT seed="0,0,0,4,3,128" ten="250,250,250,250" oya="0" hai0="81,72,7,30,109,98,95,44,130,13,34,12,101" hai1="94,90,92,59,26,104,28,25,132,133,125,135,106" hai2="69,8,80,27,83,18,91,134,1,96,76,118,45" hai3="65,131,43,17,129,24,75,111,21,61,102,74,124"/><T117/><D117/><U57/><E125/><V32/><F69/><W77/><G124/><T23/><D130/><N who="3" m="49673" /><G43/><T120/><D34/><N who="1" m="20751" /><E26/><V115/><F115/><W71/><G111/><T60/><D120/><U40/><E40/><V116/><F45/><W16/><G102/><T107/><D109/><U62/><E94/><V93/><F83/><N who="3" m="45495" /><G75/><T48/><D107/><N who="1" m="41003" /><E62/><V88/><F93/><W110/><G110/><T66/><D72/><U78/><E78/><V4/><F76/><W35/><G35/><T55/><D81/><U122/><E122/><V89/><F80/><W29/><AGARI ba="0,0" hai="16,17,21,24,29,61,65,71" m="45495,49673" machi="29" ten="30,2000,0" yaku="19,1,54,1" doraHai="128" who="3" fromWho="3" sc="250,-10,250,-5,250,-5,250,20" /><INIT seed="1,0,0,5,4,47" ten="240,245,245,270" oya="1" hai0="70,80,65,129,14,119,21,75,121,72,6,89,125" hai1="110,71,114,53,97,90,38,12,102,135,77,50,98" hai2="66,54,11,69,32,111,57,7,2,118,34,83,81" hai3="74,23,27,84,25,44,78,61,62,33,16,15,91"/><U116/><E114/><V79/><F118/><W68/><G74/><T95/><D119/><U123/><E116/><V130/><F111/><W124/><G78/><T5/><D121/><U82/><E123/><V36/><F36/><W99/><G99/><T94/><D94/><U104/><E38/><V52/><F130/><W9/><G124/><T24/><D125/><U58/><E71/><V31/><F31/><W35/><G35/><T45/><D65/><U87/><E135/><V122/><F122/><W43/><G33/><T49/><D70/><U30/><E110/><V76/><F69/><W13/><G68/><T64/><D64/><U93/><E30/><V107/><F107/><W10/><G10/><T133/><D133/><U73/><REACH who="1" step="1"/><E12/><REACH who="1" ten="240,235,245,270" step="2"/><V46/><F2/><W100/><G13/><T19/><D129/><U55/><E55/><V127/><F54/><W109/><G109/><T0/><D0/><U56/><E56/><V59/><F52/><W29/><G25/><T132/><D132/><U112/><E112/><V96/><F59/><W26/><G27/><T115/><D115/><U105/><E105/><V120/><F57/><W85/><G29/><T126/><D126/><U88/><E88/><V41/><F120/><W4/><G91/><T48/><D14/><U37/><E37/><V17/><F127/><W40/><G26/><T108/><D108/><U1/><E1/><V28/><F34/><W86/><G15/><T106/><D106/><U42/><E42/><V101/><F28/><W128/><G43/><T3/><D3/><U113/><E113/><V63/><F32/><RYUUKYOKU ba="0,1" sc="240,-10,235,30,245,-10,270,-10" hai1="50,53,58,73,77,82,87,90,93,97,98,102,104" /><INIT seed="1,1,1,3,4,104" ten="230,265,235,260" oya="1" hai0="134,49,130,9,18,47,20,95,7,110,69,38,71" hai1="39,127,37,31,121,33,120,73,27,88,28,133,112" hai2="128,53,74,55,65,101,85,19,87,17,5,15,80" hai3="22,111,72,82,78,57,52,97,54,56,86,61,70"/><U116/><E112/><V60/><F5/><W51/><G111/><T77/><D38/><U50/><E116/><V66/><F101/><W123/><G123/><T92/><D110/><U0/><E0/><V32/><F32/><W91/><G70/><T94/><D77/><U135/><E127/><V115/><F128/><W109/><G109/><T83/><D83/><U117/><E117/><V103/><F103/><W13/><G97/><T81/><D81/><U118/><E118/><V67/><F115/><W99/><G99/><T46/><D130/><U122/><E50/><V98/><F98/><W124/><G124/><T41/><D47/><U10/><E10/><V25/><F74/><W90/><G72/><T14/><REACH who="0" step="1"/><D134/><REACH who="0" ten="220,265,235,260" step="2"/><U96/><E135/><V125/><F80/><W79/><G78/><T84/><D84/><U12/><E133/><V68/><F87/><W30/><REACH who="3" step="1"/><G13/><AGARI ba="1,2" hai="7,9,13,14,18,20,41,46,49,69,71,92,94,95" machi="13" ten="40,2600,0" yaku="1,1,53,1" doraHai="104" doraHaiUra="45" who="0" fromWho="3" sc="220,49,265,0,235,0,260,-29" /><INIT seed="2,0,0,1,0,102" ten="269,265,235,231" oya="2" hai0="52,15,33,23,79,29,54,105,111,77,11,132,74" hai1="68,55,51,75,66,24,97,71,1,93,81,67,92" hai2="108,63,18,19,125,109,39,134,6,26,96,56,119" hai3="118,20,130,128,32,41,129,121,123,5,84,53,13"/><V65/><F119/><W69/><G69/><T42/><D33/><U88/><E1/><V98/><F39/><W8/><G41/><T87/><D74/><U25/><E71/><V76/><F125/><W107/><G118/><T120/><D120/><N who="3" m="46153" /><G32/><T36/><D111/><N who="2" m="42570" /><F134/><W10/><G84/><T9/><D105/><U64/><E68/><V116/><F116/><W3/><G107/><T35/><D35/><U49/><E49/><V57/><F6/><N who="3" m="1119" /><G53/><N who="0" m="20587" /><D36/><U44/><REACH who="1" step="1"/><E93/><REACH who="1" ten="269,255,235,231" step="2"/><V115/><F115/><W22/><AGARI ba="0,1" hai="5,10,13,20,22,128,129,130" m="1119,46153" machi="22" ten="40,5200,0" yaku="19,1,34,2" doraHai="102" who="3" fromWho="3" sc="269,-13,255,-13,235,-26,231,62" /><INIT seed="3,0,0,2,4,54" ten="256,242,209,293" oya="3" hai0="76,100,60,115,13,86,32,134,20,108,51,68,110" hai1="135,65,4,120,128,10,64,52,89,90,78,63,116" hai2="11,44,122,18,77,95,28,87,22,83,96,97,107" hai3="127,31,43,15,121,129,59,94,6,47,7,46,56"/><W16/><G121/><T82/><D32/><U73/><E120/><V45/><F122/><W103/><G129/><T30/><D115/><U38/><E38/><V25/><F107/><W37/><G31/><T36/><D36/><U91/><E128/><V40/><F97/><W14/><G127/><T69/><D134/><U2/><E135/><V99/><F99/><W130/><G130/><T106/><D51/><U42/><E42/><V104/><F104/><W19/><G37/><T74/><D74/><U124/><E124/><V34/><F40/><W12/><G43/><T88/><D76/><U48/><E116/><V80/><F80/><W21/><G94/><T72/><D72/><U101/><E101/><V119/><F119/><W26/><G103/><T85/><D85/><U98/><E98/><V71/><F71/><W118/><G118/><T113/><D100/><U102/><E63/><V33/><F11/><W61/><G19/><N who="0" m="10351" /><D106/><U62/><E62/><V53/><F34/><W49/><G61/><T9/><D30/><U79/><E102/><N who="2" m="60703" /><F33/><W133/><G133/><T111/><D113/><U58/><REACH who="1" step="1"/><E73/><REACH who="1" ten="256,232,209,293" step="2"/><V117/><F117/><W92/><G49/><T131/><D131/><U93/><E93/><V126/><F126/><W24/><G92/><T23/><D69/><U39/><E39/><V75/><F75/><W3/><G3/><T35/><D68/><U5/><E5/><N who="3" m="1546" /><G24/><T41/><D41/><U132/><E132/><V55/><F25/><W0/><G0/><T81/><D108/><U67/><AGARI ba="0,1" hai="2,4,10,48,52,58,64,65,67,78,79,89,90,91" machi="67" ten="30,7900,0" yaku="1,1,0,1,52,1,54,1,53,0" doraHai="54" doraHaiUra="123" who="1" fromWho="1" sc="256,-20,232,89,209,-20,293,-39" /><INIT seed="4,0,0,4,1,53" ten="236,321,189,254" oya="0" hai0="104,110,45,92,115,9,71,89,64,132,24,101,43" hai1="14,78,129,5,16,39,94,117,35,134,58,84,75" hai2="99,23,120,12,17,100,66,50,18,55,40,33,118" hai3="126,28,82,51,65,74,123,70,98,79,90,77,68"/><T76/><D115/><U34/><E117/><V116/><F120/><W49/><G28/><T122/><D122/><U61/><E39/><V113/><F113/><W42/><G123/><T22/><D132/><U69/><E69/><V93/><F40/><W25/><G25/><T60/><D76/><U52/><E134/><V37/><F37/><W97/><G126/><T36/><D110/><U106/><E106/><V112/><F112/><W102/><G90/><T105/><D9/><N who="1" m="4399" /><E34/><V10/><F66/><W130/><G130/><T80/><D80/><N who="1" m="47127" /><E75/><V29/><F33/><W73/><G102/><T19/><REACH who="0" step="1"/><D101/><REACH who="0" ten="226,321,189,254" step="2"/><U31/><E129/><V81/><F118/><W48/><G82/><T27/><D27/><U20/><E35/><V125/><F116/><W0/><G77/><T133/><D133/><U128/><E128/><V15/><F81/><W54/><G79/><T41/><D41/><U21/><E31/><V57/><F125/><W72/><G42/><T32/><D32/><U62/><E94/><V59/><REACH who="2" step="1"/><F29/><REACH who="2" ten="226,321,179,254" step="2"/><W91/><G74/><T1/><D1/><U86/><E21/><V67/><F67/><W46/><G65/><T103/><D103/><U4/><E20/><V30/><F30/><W47/><G0/><T127/><D127/><U135/><E135/><V56/><AGARI ba="0,2" hai="10,12,15,17,18,23,50,55,56,57,59,93,99,100" machi="56" ten="20,12000,2" yaku="1,1,0,1,7,1,8,1,52,3,53,0" doraHai="53" doraHaiUra="107" who="2" fromWho="2" sc="226,-60,321,-30,179,140,254,-30" /><INIT seed="5,0,0,4,0,77" ten="166,291,319,224" oya="1" hai0="128,113,60,123,55,21,30,82,97,46,13,93,107" hai1="26,47,101,133,106,61,105,28,4,57,48,79,69" hai2="72,87,94,95,78,53,6,24,62,40,117,111,120" hai3="23,39,2,132,45,109,122,34,102,10,44,11,118"/><U130/><E69/><V14/><F72/><W91/><G122/><T59/><D123/><U104/><E133/><V22/><F40/><W110/><G102/><T81/><D107/><U18/><E4/><V83/><F111/><W85/><G34/><T70/><D70/><U67/><E18/><V7/><F117/><W32/><G32/><T16/><D113/><U100/><E79/><V103/><F120/><W74/><G74/><T92/><D128/><U76/><E76/><V25/><F25/><W29/><G132/><T50/><D30/><U15/><E15/><V80/><F80/><N who="0" m="30826" /><D97/><U31/><E130/><V68/><F68/><W12/><G39/><T58/><D58/><U9/><E9/><V127/><F22/><W64/><G29/><T125/><D125/><U112/><E31/><V54/><F127/><W75/><G75/><T108/><D108/><U99/><E112/><V42/><F78/><W5/><G118/><T134/><D134/><U49/><E99/><V84/><F87/><W131/><G131/><T63/><D63/><U0/><E0/><V43/><F62/><W20/><G110/><T56/><D56/><U114/><E114/><V71/><F84/><W135/><G135/><T51/><D51/><U52/><E49/><V66/><F71/><W17/><G109/><T35/><D35/><U115/><E115/><V38/><F38/><W65/><G44/><T73/><D73/><U119/><E119/><V88/><F95/><N who="3" m="54767" /><G45/><T27/><D27/><U36/><E36/><V86/><F24/><W33/><G33/><T121/><D121/><U8/><E26/><RYUUKYOKU ba="0,0" sc="166,15,291,-15,319,-15,224,15" hai0="13,16,21,46,50,55,59,60,92,93" hai3="2,5,10,11,12,17,20,23,64,65" /><INIT seed="6,1,0,5,4,99" ten="181,276,304,239" oya="2" hai0="68,126,130,79,100,6,102,113,5,7,32,59,133" hai1="83,119,82,71,123,75,94,41,40,23,31,49,12" hai2="74,125,16,96,72,114,78,127,106,18,92,17,10" hai3="112,85,64,128,121,55,120,52,1,56,108,87,95"/><V98/><F114/><W89/><G1/><T42/><D68/><U103/><E71/><V67/><F67/><W2/><G2/><T46/><D32/><U47/><E119/><V21/><F10/><W54/><G108/><T91/><D113/><U20/><E75/><V3/><F3/><W39/><G39/><T58/><D126/><N who="2" m="48138" /><F21/><W104/><G104/><T44/><D79/><U45/><E123/><V30/><F30/><W0/><G0/><T81/><D130/><U107/><E107/><V26/><F26/><W109/><G109/><T90/><D81/><U66/><E66/><V88/><F78/><W48/><G112/><T4/><D133/><U9/><E20/><V131/><F131/><W37/><G37/><T61/><D5/><U36/><E23/><V70/><F70/><W124/><G128/><T84/><D84/><U50/><E36/><V53/><F53/><N who="3" m="31783" /><G124/><T11/><D11/><U29/><E29/><V22/><F22/><W115/><G115/><T135/><D135/><U122/><E31/><V129/><F129/><W14/><G121/><T69/><D69/><U80/><E122/><V25/><F25/><W77/><G120/><T97/><D7/><U62/><E9/><V73/><F73/><W76/><G64/><T33/><D33/><U101/><E12/><V38/><F38/><W65/><G65/><T8/><D8/><U28/><E28/><V63/><F63/><W60/><G14/><T51/><D61/><U134/><E134/><V132/><F132/><W34/><G34/><T35/><D35/><U86/><E62/><V116/><F116/><RYUUKYOKU ba="1,0" sc="181,-15,276,15,304,15,239,-15" hai1="40,41,45,47,49,50,80,82,83,86,94,101,103" hai2="16,17,18,72,74,88,92,96,98,106" /><INIT seed="6,2,0,1,1,9" ten="166,291,319,224" oya="2" hai0="129,90,21,88,48,50,0,101,45,37,112,30,125" hai1="116,72,61,47,62,35,115,130,11,42,78,51,55" hai2="44,95,120,56,7,124,128,4,2,14,3,87,33" hai3="66,63,86,94,117,18,40,106,132,119,123,65,98"/><V34/><F120/><W127/><G123/><T89/><D0/><N who="2" m="42" /><F56/><W83/><G106/><T25/><D112/><U84/><E116/><V121/><F44/><W32/><G32/><T13/><D129/><U131/><E35/><V71/><F71/><W31/><G31/><T75/><D125/><U15/><E72/><V102/><F87/><W16/><G127/><T100/><D75/><U64/><E55/><V43/><F95/><W68/><G65/><T103/><D37/><U81/><E115/><V60/><F60/><W85/><G40/><T77/><D77/><U93/><E93/><V5/><F102/><W107/><G107/><T19/><REACH who="0" step="1"/><D45/><REACH who="0" ten="156,291,319,224" step="2"/><U49/><E47/><V67/><F128/><W23/><G119/><T52/><D52/><U17/><E130/><V74/><F74/><W114/><G117/><T113/><D113/><U133/><E131/><V110/><F124/><W12/><G114/><T39/><D39/><U126/><E126/><V1/><F1/><W73/><G73/><T104/><D104/><U82/><E78/><V24/><F121/><W91/><G132/><T20/><AGARI ba="2,1" hai="13,19,20,21,25,30,48,50,88,89,90,100,101,103" machi="20" ten="30,8000,1" yaku="1,1,0,1,8,1,52,1,54,1,53,0" doraHai="9" doraHaiUra="57" who="0" fromWho="0" sc="156,96,291,-22,319,-42,224,-22" /><INIT seed="7,0,0,1,2,127" ten="252,269,277,202" oya="3" hai0="123,80,32,120,16,53,10,129,109,107,130,110,121" hai1="62,103,22,29,23,4,81,114,99,43,31,111,54" hai2="5,52,34,67,63,74,64,46,68,69,20,26,40" hai3="119,56,0,75,97,2,79,57,104,25,100,8,65"/><W15/><G119/><T86/><D107/><U96/><E111/><N who="0" m="42505" /><D32/><U66/><E43/><V39/><F5/><W35/><G2/><T115/><D53/><U44/><E4/><V101/><F101/><W45/><G0/><T13/><D115/><U60/><E81/><V105/><F105/><W134/><G134/><T6/><D86/><U50/><E114/><V135/><F74/><W78/><G45/><T49/><D49/><U84/><E84/><V92/><F135/><W94/><G104/><T133/><D80/><U77/><E77/><N who="3" m="29194" /><G75/><T36/><D36/><U116/><E116/><V95/><F34/><W108/><G108/><T128/><D133/><U112/><E112/><V59/><F69/><W102/><G102/><T55/><D55/><U83/><E83/><V24/><F67/><W42/><G42/><T9/><D6/><U58/><E103/><V14/><F64/><W38/><G38/><T118/><D118/><U90/><E66/><V126/><F68/><W51/><G51/><T72/><D72/><U76/><E50/><V122/><F39/><W125/><G65/><T88/><D88/><U89/><E90/><V91/><F91/><W7/><G125/><T1/><D1/><U106/><E89/><V113/><F126/><W70/><G70/><T82/><D82/><U28/><E106/><V12/><F113/><W131/><G35/><T98/><D98/><N who="1" m="37419" /><E76/><V17/><F40/><W11/><G100/><T19/><D19/><U87/><E44/><V124/><F46/><W85/><G97/><T47/><D47/><U93/><E62/><V27/><F124/><RYUUKYOKU ba="0,0" sc="252,15,269,15,277,-15,202,-15" hai0="9,10,13,16,120,121,123,128,129,130" hai1="22,23,28,29,31,54,58,60,87,93" /><INIT seed="8,1,0,1,5,18" ten="267,284,262,187" oya="0" hai0="88,55,21,95,99,13,135,117,123,106,111,64,20" hai1="82,28,118,86,2,11,84,0,37,93,73,47,67" hai2="59,23,104,39,57,30,8,85,119,19,51,12,29" hai3="131,134,87,60,40,7,34,114,53,133,105,127,96"/><T66/><D117/><U72/><E67/><N who="0" m="25641" /><D106/><U71/><E71/><V78/><F39/><W74/><G34/><T31/><D123/><U113/><E118/><V109/><F104/><W10/><G74/><T103/><D135/><U14/><E28/><N who="2" m="10859" /><F109/><W77/><G114/><T38/><D38/><U63/><E63/><V9/><F119/><W122/><G122/><T17/><D111/><U126/><E126/><V124/><F124/><W25/><G127/><T3/><D3/><U22/><E113/><V42/><F42/><W35/><G35/><T41/><D41/><U129/><E129/><V92/><F78/><W80/><G131/><T121/><D121/><U32/><E32/><V33/><F33/><W52/><G40/><T89/><D55/><U112/><E0/><V110/><F110/><W26/><G105/><T58/><D58/><N who="2" m="22026" /><F51/><W81/><G60/><T101/><D101/><U107/><E2/><V128/><F128/><W108/><G108/><T43/><D43/><U49/><E37/><V5/><F5/><W68/><G68/><T24/><AGARI ba="1,0" hai="13,17,20,21,24,31,88,89,95,99,103" m="25641" machi="24" ten="30,11700,0" yaku="8,1,52,2,54,1" doraHai="18" who="0" fromWho="0" sc="267,120,284,-40,262,-40,187,-40" owari="387,49.0,244,4.0,222,-18.0,147,-35.0" /></mjloggm>