<mjloggm ver="2.3"><GO type="97" lobby="0"/><UN n0="%56%61%6E%64%79" n1="%E3%81%82%E3%82%8F%E3%81%82%E3%82%8F%E2%98%86" n2="%E9%8B%BC%E5%85%B5" n3="%E5%B0%B1%E6%B4%BB%E7%94%9F%40%E5%B7%9D%E6%9D%91%E8%BB%8D%E5%9B%A3" dan="15,14,14,15" rate="1995.91,1920.04,1878.80,2041.25" sx="M,F,M,M"/><TAIKYOKU oya="0"/><INIT seed="0,0,0,2,2,49" ten="250,250,250,250" oya="0" hai0="44,67,31,130,129,47,48,78,133,40,97,25,43" hai1="135,8,61,104,128,111,29,18,76,33,108,120,22" hai2="2,55,112,70,131,74,81,94,115,110,98,16,36" hai3="56,10,21,7,5,123,118,62,99,114,52,19,20"/><T57/><D133/><U66/><E120/><V109/><F2/><W91/><G118/><T84/><D97/><U59/><E135/><V4/><F4/><N who="3" m="1611" /><G114/><T119/><D78/><U58/><E128/><N who="0" m="49257" /><D84/><U68/><E104/><V100/><F70/><W54/><G123/><T121/><D121/><U28/><E8/><V72/><F36/><W51/><G10/><T41/><D119/><U32/><E76/><V27/><F131/><W122/><G122/><T71/><D25/><N who="1" m="14551" /><E59/><V102/><F102/><W46/><G19/><T86/><D31/><N who="1" m="11851" /><E68/><V105/><F105/><W15/><G15/><T6/><D6/><U50/><E50/><V77/><F74/><W80/><G80/><T14/><D14/><U73/><E73/><V45/><F115/><W92/><AGARI ba="0,0" hai="20,21,46,51,52,54,56,62,91,92,99" m="1611" machi="92" ten="30,7900,0" yaku="8,1,52,2,54,1" doraHai="49" who="3" fromWho="3" sc="250,-39,250,-20,250,-20,250,79" /><INIT seed="1,0,0,3,1,128" ten="211,230,230,329" oya="1" hai0="57,127,27,22,79,68,113,92,75,3,49,134,94" hai1="71,102,70,107,29,33,67,48,88,80,0,101,108" hai2="118,6,51,19,85,25,117,98,112,26,72,64,42" hai3="58,84,129,13,55,38,131,50,32,4,125,91,122"/><U93/><E108/><V130/><F130/><N who="3" m="49675" /><G38/><T115/><D68/><U30/><E0/><V56/><F72/><W110/><G110/><T81/><D3/><U65/><E71/><V34/><F34/><W124/><G122/><T61/><D127/><N who="3" m="48713" /><G32/><T103/><D49/><U20/><E33/><V36/><F51/><W105/><G105/><T41/><D41/><U52/><E107/><V60/><F42/><W97/><G97/><T31/><D113/><U109/><E109/><V121/><F98/><W120/><G120/><T45/><D45/><N who="1" m="27663" /><E70/><V100/><F121/><W89/><G84/><T59/><D115/><U7/><E7/><V106/><F106/><W15/><G15/><T53/><D75/><U63/><E80/><V54/><F36/><W69/><G69/><T23/><D81/><U47/><E47/><V39/><F85/><W111/><G111/><T104/><D104/><U74/><E74/><V1/><F39/><W14/><G14/><T35/><D35/><U40/><E40/><V2/><F1/><W99/><G99/><T135/><D92/><U46/><E46/><V78/><F2/><W126/><G126/><T90/><D94/><U62/><E93/><V96/><F112/><W73/><G73/><T132/><D103/><U86/><E102/><V82/><F100/><W123/><G123/><T83/><D83/><N who="1" m="49247" /><E101/><V12/><F96/><W10/><AGARI ba="0,0" hai="4,10,13,50,55,58,89,91" m="48713,49675" machi="10" ten="40,2700,0" yaku="19,1,18,1" doraHai="128" who="3" fromWho="3" sc="211,-7,230,-13,230,-7,329,27" /><INIT seed="2,0,0,2,2,63" ten="204,217,223,356" oya="2" hai0="56,51,55,62,87,2,88,29,21,35,40,17,83" hai1="125,37,95,121,117,46,101,27,59,77,97,47,13" hai2="68,90,22,70,124,135,93,34,23,128,129,103,118" hai3="84,20,107,73,41,86,3,92,127,132,24,78,48"/><V112/><F103/><W122/><G107/><T105/><D2/><U66/><E117/><V8/><F34/><W30/><G3/><T76/><D105/><U12/><E125/><V64/><F118/><W57/><G127/><T109/><D109/><U7/><E121/><V102/><F124/><W71/><G122/><T0/><D0/><U69/><E69/><V131/><F102/><W99/><G71/><T26/><D40/><U113/><E113/><V72/><F72/><W52/><G132/><T16/><D35/><U80/><E27/><V42/><F42/><W44/><G73/><T89/><D89/><U45/><E7/><V123/><F123/><W28/><G28/><T1/><D1/><U6/><E6/><V116/><F116/><W96/><G78/><T126/><D126/><U111/><E37/><V106/><F106/><W31/><G31/><T33/><D33/><U100/><E101/><V115/><F135/><W58/><G58/><N who="0" m="33151" /><D76/><U39/><E39/><V74/><F74/><W54/><G54/><AGARI ba="0,0" hai="16,17,21,26,29,54,56,62,83,87,88" m="33151" machi="54" ten="30,3900,0" yaku="8,1,54,2" doraHai="63" who="0" fromWho="3" sc="204,39,217,0,223,0,356,-39" /><INIT seed="3,0,0,4,5,12" ten="243,217,223,317" oya="3" hai0="92,55,56,47,129,60,68,122,94,9,21,119,120" hai1="41,89,44,99,2,24,86,32,46,6,113,5,128" hai2="59,57,110,10,53,100,65,78,31,3,15,81,33" hai3="76,67,69,0,27,104,64,114,85,34,39,23,42"/><W106/><G114/><T61/><D119/><U115/><E113/><V133/><F3/><W131/><G34/><T132/><D9/><U102/><E115/><V52/><F110/><W13/><G0/><T105/><D105/><U80/><E128/><V26/><F133/><W134/><G131/><T58/><D21/><U97/><E2/><V93/><F100/><W8/><G134/><T118/><D132/><U75/><E99/><V135/><F93/><W88/><G76/><T37/><D129/><U35/><E75/><V82/><F135/><W72/><G72/><T84/><D84/><U111/><E111/><V19/><F65/><W4/><G39/><T107/><D107/><U1/><E46/><V48/><F78/><W70/><G42/><T66/><D92/><U63/><E63/><AGARI ba="0,0" hai="10,15,19,26,31,33,48,52,53,57,59,63,81,82" machi="63" ten="30,3900,0" yaku="7,1,52,1,54,1" doraHai="12" who="2" fromWho="1" sc="243,0,217,-39,223,39,317,0" owari="243,-16.0,178,-32.0,262,6.0,317,42.0" /></mjloggm>