<mjloggm ver="2.3"><GO type="225" lobby="0"/><UN n0="%E3%83%88%E3%83%88%E3%83%AA%E5%85%88%E7%94%9F%31%39%E6%AD%B3" n1="%E5%A4%A7%E6%AD%A3%E7%BE%A9%E9%87%8E%E7%90%83%E5%A8%98" n2="%6D%69%79%61%79%61" n3="%E3%82%AC%E3%83%9F%E3%82%B4%E3%83%B3" dan="17,16,16,16" rate="2204.34,2089.77,2058.50,2195.31" sx="F,F,F,M"/><TAIKYOKU oya="0"/><INIT seed="0,0,0,4,2,39" ten="250,250,250,250" oya="0" hai0="120,130,6,11,117,4,135,92,125,13,89,34,81" hai1="86,33,50,72,127,69,97,82,118,71,112,0,93" hai2="2,115,55,47,96,25,104,15,36,64,110,8,98" hai3="22,52,94,132,38,66,74,67,5,65,3,105,87"/><T57/><D117/><U12/><E0/><V85/><F110/><W24/><G105/><T20/><D120/><U78/><E33/><V7/><F115/><W27/><G74/><T90/><D34/><U73/><E118/><V10/><F104/><W95/><G132/><T131/><D135/><U99/><E99/><V29/><F64/><W30/><G38/><T84/><D125/><U31/><E31/><V35/><F85/><W108/><G108/><T75/><D20/><U88/><E127/><V129/><F129/><N who="0" m="49162" /><D57/><U14/><E112/><V121/><F121/><W43/><G43/><T16/><D75/><U116/><E116/><V124/><F124/><W62/><G87/><AGARI ba="0,0" hai="4,6,11,13,16,81,84,87,89,90,92" m="49162" machi="87" ten="30,2900,0" yaku="19,1,54,1" doraHai="39" who="0" fromWho="3" sc="250,29,250,0,250,0,250,-29" /><INIT seed="0,1,0,1,2,8" ten="279,250,250,221" oya="0" hai0="120,110,123,34,30,104,82,48,52,116,15,117,71" hai1="42,124,20,35,78,75,66,14,84,45,65,96,36" hai2="18,101,53,49,4,32,51,39,23,111,95,127,76" hai3="43,81,98,129,54,90,1,102,6,0,21,12,85"/><T92/><D104/><U113/><E35/><V97/><F111/><W68/><G129/><T25/><D71/><U80/><E124/><V103/><F39/><W115/><G115/><T44/><D110/><U50/><E113/><V125/><F32/><W107/><G68/><T41/><D82/><U87/><E96/><V121/><F121/><W47/><G54/><T64/><D64/><U38/><E38/><V74/><F4/><W108/><G108/><T61/><D92/><U91/><E36/><V40/><F40/><W11/><REACH who="3" step="1"/><G21/><REACH who="3" ten="279,250,250,211" step="2"/><T56/><D123/><U22/><E22/><V69/><F69/><W105/><G105/><T72/><D120/><U99/><E65/><V70/><F70/><W29/><G29/><T63/><D63/><U106/><E66/><V128/><F53/><W126/><G126/><T9/><REACH who="0" step="1"/><D72/><REACH who="0" ten="269,250,250,211" step="2"/><U109/><E109/><V5/><F74/><W27/><G27/><T93/><D93/><N who="1" m="56767" /><E106/><V62/><F95/><W17/><G17/><AGARI ba="1,2" hai="9,15,17,25,30,34,41,44,48,52,56,61,116,117" machi="17" ten="30,12000,1" yaku="1,1,7,1,52,1,54,1,53,1" doraHai="8" doraHaiUra="26" who="0" fromWho="3" sc="269,143,250,0,250,0,211,-123" /><INIT seed="0,2,0,3,5,92" ten="412,250,250,88" oya="0" hai0="63,39,111,7,64,61,69,3,114,116,15,88,100" hai1="20,99,66,119,121,98,56,104,23,107,21,6,38" hai2="41,26,85,70,71,35,128,123,55,62,16,36,133" hai3="82,25,120,83,102,17,113,76,43,30,44,65,112"/><T4/><D114/><U108/><E119/><V109/><F123/><W48/><G120/><T97/><D116/><U122/><E38/><V52/><F109/><W89/><G65/><T40/><D3/><U131/><E6/><V118/><F118/><W110/><G110/><T13/><D111/><U68/><E108/><V87/><F133/><W130/><G130/><T96/><D39/><U81/><E68/><V22/><F128/><W37/><G17/><T10/><D40/><U50/><E131/><V11/><F35/><W12/><G12/><T60/><D100/><U95/><E95/><V54/><F11/><W5/><G5/><T86/><D64/><U74/><E20/><V79/><F62/><W124/><G124/><T90/><D69/><U0/><E66/><V59/><F59/><W33/><G37/><T103/><D103/><U125/><E56/><V53/><N who="2" m="13312" /><DORA hai="14" /><V91/><F79/><W1/><G1/><T49/><D49/><U129/><E50/><V9/><F85/><W42/><G42/><T101/><D101/><U78/><E129/><V46/><REACH who="2" step="1"/><F9/><REACH who="2" ten="412,250,240,88" step="2"/><W45/><G45/><T57/><D57/><U134/><E134/><V31/><F31/><W2/><G44/><T126/><D86/><U77/><E122/><V127/><F127/><W67/><G76/><T135/><D135/><U18/><E121/><V29/><F29/><W34/><G30/><T51/><D126/><U75/><E125/><V72/><F72/><W94/><G34/><T80/><D61/><U73/><E73/><V93/><AGARI ba="2,1" hai="16,22,26,36,41,46,70,71,87,91,93" m="13312" machi="93" ten="40,12000,2" yaku="1,1,0,1,52,1,54,2,53,1" doraHai="92,14" doraHaiUra="27,84" who="2" fromWho="2" sc="412,-62,250,-32,240,136,88,-32" /><INIT seed="1,0,0,3,3,71" ten="350,218,376,56" oya="1" hai0="67,45,27,108,121,34,56,30,20,93,12,46,8" hai1="1,116,126,31,73,95,98,90,26,66,75,40,6" hai2="5,135,112,85,19,51,9,47,59,99,42,15,69" hai3="120,96,28,7,44,111,33,78,107,91,14,29,125"/><U17/><E116/><V43/><F69/><W84/><G120/><T74/><D74/><U92/><E126/><V100/><F135/><W83/><G125/><T119/><D119/><U36/><E17/><V25/><F112/><W55/><G111/><T63/><D108/><U89/><E66/><V133/><F133/><W104/><G104/><T122/><D34/><U88/><E6/><V123/><F123/><N who="0" m="47114" /><D93/><U58/><E1/><V68/><F68/><W102/><G33/><T117/><D117/><U80/><E58/><V77/><F59/><W3/><G3/><T0/><D0/><U61/><E61/><V132/><F132/><W23/><G7/><AGARI ba="0,0" hai="7,8,12,20,27,30,45,46,56,63,67" m="47114" machi="7" ten="30,1000,0" yaku="13,1" doraHai="71" who="0" fromWho="3" sc="350,10,218,0,376,0,56,-10" /><INIT seed="2,0,0,4,2,119" ten="360,218,376,46" oya="2" hai0="103,1,92,129,29,18,64,74,22,50,28,49,105" hai1="95,9,85,45,91,93,77,135,131,4,86,6,53" hai2="99,127,104,62,123,25,39,68,81,128,94,114,72" hai3="80,79,27,42,40,108,67,122,70,57,2,41,109"/><V0/><RYUUKYOKU type="yao9" ba="0,0" sc="360,0,218,0,376,0,46,0" hai2="0,25,39,62,68,72,81,94,99,104,114,123,127,128" /><INIT seed="2,1,0,1,3,30" ten="360,218,376,46" oya="2" hai0="11,81,14,79,2,69,131,0,89,111,63,18,87" hai1="65,70,101,39,93,5,13,41,129,61,120,48,4" hai2="46,22,92,118,53,126,100,107,132,36,83,116,78" hai3="56,72,85,80,91,32,128,54,60,123,74,105,3"/><V113/><F113/><W23/><G123/><T31/><D111/><U86/><E129/><V51/><F107/><W106/><G128/><T135/><D131/><U66/><E120/><V43/><F132/><W117/><G117/><T119/><D135/><U96/><E39/><V110/><F110/><W25/><G3/><T37/><D37/><U134/><E134/><V28/><F126/><W104/><REACH who="3" step="1"/><G23/><REACH who="3" ten="360,218,376,36" step="2"/><T24/><D119/><U12/><E4/><V45/><F22/><W47/><G47/><T73/><D0/><U1/><E5/><V67/><F46/><W98/><G98/><T88/><D2/><U99/><E1/><V121/><F45/><W108/><G108/><T95/><D69/><U84/><E99/><V109/><F109/><W130/><G130/><T16/><D63/><U15/><E61/><V21/><F121/><W76/><G76/><T34/><D89/><U103/><E70/><V115/><F21/><W97/><G97/><T40/><D40/><U114/><E114/><V58/><F43/><W42/><G42/><T127/><D127/><U38/><E38/><V27/><F36/><W75/><G75/><T49/><D49/><U94/><E48/><V33/><F51/><W44/><G44/><T102/><D102/><U19/><E41/><V29/><F100/><W57/><G57/><T17/><AGARI ba="1,1" hai="11,14,16,17,18,24,31,34,73,79,81,87,88,95" machi="17" ten="20,8000,1" yaku="0,1,7,1,52,1,54,2" doraHai="30" who="0" fromWho="0" sc="360,93,218,-21,376,-41,36,-21" /><INIT seed="3,0,0,5,3,14" ten="453,197,335,15" oya="3" hai0="79,122,36,110,123,44,31,48,62,25,45,59,63" hai1="12,118,24,69,76,37,2,18,35,75,60,94,129" hai2="8,121,61,87,68,78,47,80,42,21,85,91,16" hai3="70,53,107,1,102,96,49,114,54,27,86,132,90"/><W46/><G114/><T128/><D110/><U120/><E60/><V38/><F121/><W93/><G132/><T97/><D128/><U73/><E94/><V50/><F8/><W28/><G1/><T115/><D115/><U41/><E76/><V100/><F100/><W55/><REACH who="3" step="1"/><G70/><REACH who="3" ten="453,197,335,5" step="2"/><T19/><D122/><U10/><E69/><V4/><F68/><W13/><G13/><T66/><D123/><U101/><E12/><V6/><F6/><W23/><AGARI ba="0,1" hai="23,27,28,46,49,53,54,55,86,90,93,96,102,107" machi="23" ten="20,3900,0" yaku="1,1,0,1,7,1,53,0" doraHai="14" doraHaiUra="77" who="3" fromWho="3" sc="453,-13,197,-13,335,-13,5,49" /><INIT seed="3,1,0,5,1,91" ten="440,184,322,54" oya="3" hai0="79,1,107,39,98,128,117,132,14,70,41,23,135" hai1="50,47,76,6,88,32,49,15,66,119,82,125,74" hai2="16,108,118,131,127,84,78,38,73,53,68,106,43" hai3="37,110,124,12,121,33,26,52,111,100,62,133,17"/><W34/><G37/><T8/><D117/><U64/><E32/><V95/><F118/><W57/><G121/><T94/><D70/><U42/><E119/><V44/><F106/><W93/><G124/><T13/><D107/><U105/><E105/><V77/><F68/><W123/><G123/><T11/><D128/><U24/><E24/><V3/><F3/><W63/><G63/><T30/><D1/><U90/><E125/><V97/><F73/><W31/><G133/><T18/><D79/><U87/><E49/><N who="2" m="26783" /><F127/><W55/><G55/><T96/><D96/><U45/><E45/><V7/><F38/><W116/><G116/><T69/><D69/><U103/><E103/><V102/><F7/><W122/><G122/><T85/><D85/><U4/><E4/><V134/><F131/><W20/><REACH who="3" step="1"/><G34/><REACH who="3" ten="440,184,322,44" step="2"/><T46/><D132/><U19/><E66/><V89/><F53/><W81/><G81/><T112/><D135/><U60/><E60/><V27/><F134/><W113/><G113/><T56/><D112/><U48/><E64/><V65/><F65/><W115/><G115/><T21/><D39/><U40/><E48/><V9/><F78/><W114/><G114/><T71/><D41/><U129/><E42/><V130/><F77/><W75/><G75/><T120/><D120/><U36/><E129/><V2/><F130/><W126/><G126/><T0/><D71/><U35/><E35/><V104/><F2/><W10/><G10/><T22/><D8/><N who="1" m="4503" /><E74/><V83/><F9/><W61/><G61/><T72/><D11/><U92/><E36/><V25/><F83/><RYUUKYOKU ba="1,1" sc="440,-10,184,-10,322,-10,44,30" hai3="12,17,20,26,31,33,52,57,62,93,100,110,111" /><INIT seed="3,2,1,5,2,18" ten="430,174,312,74" oya="3" hai0="132,70,4,117,52,21,16,113,65,114,97,67,56" hai1="30,74,63,36,3,5,24,22,41,33,39,20,38" hai2="53,111,81,122,44,71,112,124,46,28,121,129,51" hai3="26,118,25,66,14,13,89,119,131,130,50,83,120"/><W82/><G50/><T37/><D117/><N who="3" m="44553" /><G66/><T88/><D132/><U86/><E74/><V92/><F71/><W10/><G10/><T77/><D37/><U76/><E41/><V2/><F28/><W11/><G11/><T57/><D77/><U55/><E3/><V60/><F2/><W133/><G89/><T9/><D70/><U47/><E5/><V128/><F60/><W100/><G100/><T95/><D9/><U99/><E99/><V80/><F44/><W107/><G107/><T127/><D4/><U35/><E35/><V134/><F92/><W101/><G101/><T62/><D65/><U85/><E47/><V58/><F46/><W42/><G42/><T90/><D90/><U23/><REACH who="1" step="1"/><E76/><REACH who="1" ten="430,164,312,74" step="2"/><V123/><F123/><W27/><G120/><T6/><D6/><U98/><E98/><V59/><F122/><W61/><G133/><T69/><D97/><U125/><E125/><V45/><F124/><W116/><N who="3" m="44561" /><W135/><DORA hai="102" /><G135/><T19/><D127/><U31/><E31/><V109/><F134/><W104/><G104/><T15/><D69/><U64/><E64/><V12/><F121/><W115/><G115/><T91/><D113/><U48/><E48/><V8/><F112/><W40/><G40/><T108/><D114/><U94/><E94/><V75/><F45/><W84/><G61/><T103/><D62/><U34/><E34/><V32/><F32/><W105/><G105/><T17/><D67/><U96/><E96/><V43/><F43/><W126/><G126/><T54/><D95/><U1/><E1/><V7/><F75/><RYUUKYOKU ba="2,2" sc="430,-10,164,30,312,-10,74,-10" hai1="20,22,23,24,30,33,36,38,39,55,63,85,86" owari="440,55.0,194,-21.0,302,10.0,64,-44.0" /></mjloggm>