<mjloggm ver="2.3"><GO type="97" lobby="0"/><UN n0="%E3%81%93%E3%82%8C%E3%81%AF%E3%82%BC%E3%83%B3%E3%83%84%E3%81%A0%E3%82%8F" n1="%E3%81%AA%E3%81%8E%E3%81%AA%E3%81%9F%E6%88%A6%E5%A3%AB" n2="%E3%82%A8%E3%83%AA%E3%82%A2%E3%83%AB%E3%81%9F%E3%82%93" n3="%E5%B0%B1%E6%B4%BB%E7%94%9F%40%E5%B7%9D%E6%9D%91%E8%BB%8D%E5%9B%A3" dan="15,15,14,15" rate="1984.85,1977.35,1909.66,1997.60" sx="M,F,M,M"/><TAIKYOKU oya="0"/><INIT seed="0,0,0,4,0,31" ten="250,250,250,250" oya="0" hai0="50,110,131,47,4,84,106,87,124,78,36,83,108" hai1="3,81,1,86,121,48,93,49,54,72,129,89,11" hai2="21,85,57,104,33,63,133,37,24,76,23,44,62" hai3="116,79,61,125,99,45,97,95,27,70,128,109,134"/><T120/><D120/><U13/><E121/><V92/><F104/><W115/><G116/><T28/><D131/><U20/><E129/><V0/><F0/><W91/><G115/><T59/><D124/><U65/><E65/><V43/><F133/><W130/><G125/><T105/><D36/><U126/><E126/><V119/><F119/><W55/><G134/><T40/><D4/><U53/><E20/><V80/><F92/><W2/><G109/><N who="0" m="42091" /><D28/><U22/><E22/><V39/><F39/><W112/><G2/><T117/><D117/><U77/><E49/><V107/><F107/><N who="0" m="40970" /><D59/><U58/><E54/><V90/><F57/><W111/><G70/><T114/><D114/><U64/><E64/><V32/><F23/><W15/><G112/><T113/><D113/><U25/><E25/><V127/><F127/><W46/><G111/><T98/><D98/><U42/><E42/><V10/><F10/><W100/><G27/><T35/><D35/><U103/><E103/><V69/><F69/><W118/><G118/><T75/><AGARI ba="0,0" hai="40,47,50,75,78,83,84,87" m="40970,42091" machi="75" ten="30,3000,0" yaku="14,1,10,1" doraHai="31" who="0" fromWho="0" sc="250,30,250,-10,250,-10,250,-10" /><INIT seed="0,1,0,3,1,130" ten="280,240,240,240" oya="0" hai0="21,58,76,107,28,36,126,112,64,84,55,62,9" hai1="125,82,128,3,37,69,108,135,6,120,105,75,85" hai2="16,61,30,41,40,46,71,47,101,94,42,97,131" hai3="12,1,15,86,26,134,92,70,50,44,93,29,99"/><T59/><D112/><U129/><E6/><V74/><F131/><W39/><G1/><T8/><D126/><U7/><E7/><V24/><F74/><W78/><G70/><T109/><D36/><U81/><E85/><V52/><F71/><W48/><G39/><T106/><D109/><U73/><E81/><V89/><F101/><W4/><G4/><T23/><D107/><U10/><E10/><N who="0" m="4201" /><D28/><U49/><E49/><V0/><F0/><W96/><G134/><T31/><D31/><U51/><E51/><V103/><F103/><W117/><G117/><T133/><D106/><U83/><E83/><V13/><F30/><W18/><G50/><N who="0" m="31095" /><D133/><U88/><E73/><V66/><F66/><W79/><G86/><T57/><D57/><U65/><E65/><V22/><REACH who="2" step="1"/><F13/><REACH who="2" ten="280,240,230,240" step="2"/><W43/><G15/><T80/><AGARI ba="1,1" hai="21,23,59,62,64,76,80,84" m="31095,4201" machi="80" ten="30,1500,0" yaku="8,1" doraHai="130" who="0" fromWho="0" sc="280,28,240,-6,230,-6,240,-6" /><INIT seed="0,2,0,2,3,15" ten="308,234,224,234" oya="0" hai0="108,120,44,54,77,125,86,124,68,9,101,90,119" hai1="62,43,91,51,83,4,53,67,60,82,40,33,50" hai2="111,20,117,56,16,65,28,129,11,94,12,24,98" hai3="131,71,76,7,87,89,26,37,126,34,47,72,39"/><T121/><D68/><U105/><E33/><V100/><F111/><W96/><G71/><T97/><D108/><U8/><E105/><V10/><F129/><W63/><G126/><N who="0" m="48747" /><D9/><U81/><E91/><V99/><F117/><W109/><G109/><T78/><D119/><U55/><E67/><V46/><F46/><W31/><G131/><T122/><D54/><N who="1" m="20491" /><E8/><N who="2" m="6151" /><F98/><W80/><G63/><AGARI ba="2,0" hai="10,11,20,24,28,56,63,65,94,99,100" m="6151" machi="63" ten="30,7700,0" yaku="25,1,8,1,52,1,54,1" doraHai="15" who="2" fromWho="3" sc="308,0,234,0,224,83,234,-83" /><INIT seed="1,0,0,0,0,30" ten="308,234,307,151" oya="1" hai0="116,87,66,10,101,92,45,11,115,71,76,89,41" hai1="67,79,61,27,88,69,24,128,84,50,96,34,135" hai2="80,98,17,56,134,82,22,19,39,31,38,129,99" hai3="53,47,46,33,21,13,4,68,114,72,49,12,25"/><U60/><E135/><V106/><F56/><W44/><G114/><T104/><D115/><U119/><E119/><V90/><F31/><W70/><G72/><T28/><D116/><U26/><E128/><V120/><F134/><W18/><G33/><T36/><D76/><U0/><E0/><V3/><F3/><W1/><G1/><T117/><D117/><U122/><E122/><V15/><F129/><W100/><G100/><T65/><D65/><U121/><E121/><V43/><F120/><W32/><G32/><T63/><D104/><U14/><E79/><V35/><F35/><W52/><G4/><T83/><D101/><U108/><E96/><V123/><F123/><W8/><G53/><T132/><D132/><U95/><E108/><V78/><F78/><W91/><G91/><T59/><D83/><U73/><E73/><V40/><F90/><W54/><G54/><T37/><D37/><U48/><E34/><V111/><F111/><W112/><G112/><T107/><D107/><U58/><REACH who="1" step="1"/><E14/><REACH who="1" ten="308,224,307,151" step="2"/><V110/><F110/><W23/><G70/><T109/><D71/><U42/><E42/><V133/><F15/><W131/><G68/><T102/><D109/><U105/><E105/><V2/><F106/><W77/><G131/><T9/><D41/><U124/><E124/><V130/><F133/><W103/><G77/><T86/><D86/><U75/><E75/><V113/><F130/><W7/><REACH who="3" step="1"/><G103/><REACH who="3" ten="308,224,307,141" step="2"/><T29/><D102/><U97/><E97/><V20/><F113/><W118/><G118/><T51/><D89/><U126/><E126/><V62/><F2/><RYUUKYOKU ba="0,2" sc="308,-30,224,10,307,10,141,10" hai1="24,26,27,48,50,58,60,61,67,69,84,88,95" hai2="17,19,20,22,38,39,40,43,62,80,82,98,99" hai3="7,8,12,13,18,21,23,25,44,46,47,49,52" /><INIT seed="1,1,2,2,0,19" ten="278,234,317,151" oya="1" hai0="124,91,121,37,53,24,64,127,48,129,114,85,105" hai1="54,50,14,126,55,46,35,22,47,9,42,51,18" hai2="7,107,28,38,109,27,30,101,82,68,34,120,58" hai3="56,90,71,83,57,21,77,134,25,1,40,123,84"/><U135/><E35/><V132/><F109/><W10/><G123/><T125/><D121/><U6/><E135/><V43/><F58/><W106/><G71/><T133/><D133/><U67/><E126/><V52/><F52/><W16/><G106/><T104/><D114/><U94/><E94/><V20/><F132/><W108/><G134/><T112/><D112/><U33/><E33/><V92/><F68/><W12/><G108/><T76/><D37/><U62/><E42/><V59/><F59/><W0/><G40/><T70/><D129/><U31/><E31/><V88/><F7/><W119/><G119/><T44/><D76/><U103/><E103/><V95/><F107/><W41/><G41/><T113/><D113/><U78/><E78/><V79/><F101/><W89/><G1/><T130/><D130/><U96/><E96/><V93/><F88/><N who="3" m="33899" /><G0/><T81/><D24/><U15/><E62/><AGARI ba="1,2" hai="44,48,53,62,64,70,81,85,91,104,105,124,125,127" machi="62" ten="40,1300,0" yaku="18,1" doraHai="19" who="0" fromWho="1" sc="278,36,234,-16,317,0,151,0" /><INIT seed="2,0,0,4,5,37" ten="314,218,317,151" oya="2" hai0="46,61,48,31,18,34,33,116,115,7,47,111,92" hai1="128,112,113,82,53,58,63,126,90,103,99,78,29" hai2="69,93,101,127,119,6,97,73,54,108,16,40,94" hai3="57,8,10,36,22,135,131,66,43,107,125,35,67"/><V28/><F69/><W100/><G35/><T132/><D115/><U27/><E128/><V74/><F6/><W60/><G131/><T30/><D7/><U89/><E126/><V32/><F119/><W26/><G125/><T86/><D116/><U23/><E113/><V45/><F54/><W81/><G135/><T71/><D132/><U124/><E124/><V0/><F0/><W134/><G134/><T130/><D130/><U77/><E112/><V72/><F108/><W114/><G114/><T19/><D111/><U4/><E4/><V24/><F16/><W84/><G67/><T129/><D129/><U75/><E78/><V64/><F64/><W70/><G70/><T12/><D71/><U38/><E38/><V49/><REACH who="2" step="1"/><F127/><REACH who="2" ten="314,218,307,151" step="2"/><W39/><G39/><T121/><D19/><U80/><E53/><V120/><F120/><W87/><G36/><T123/><D18/><U3/><E3/><V52/><F52/><W11/><G43/><T59/><D121/><U133/><E133/><V110/><F110/><W118/><G118/><T104/><D123/><U42/><E42/><V1/><F1/><W83/><G22/><T9/><D9/><U105/><E29/><V41/><F41/><W25/><G25/><T51/><D31/><U56/><E27/><V98/><F98/><W96/><G26/><T106/><D30/><U2/><E2/><V65/><F65/><W13/><G13/><T68/><D68/><U55/><E23/><V17/><F17/><W85/><AGARI ba="0,1" hai="8,10,11,57,60,66,81,83,84,85,87,96,100,107" machi="85" ten="30,1100,0" yaku="0,1" doraHai="37" who="3" fromWho="3" sc="314,-3,218,-3,307,-5,151,21" /><INIT seed="3,0,0,3,2,48" ten="311,215,302,172" oya="3" hai0="128,63,93,130,44,84,34,125,56,79,25,95,10" hai1="112,28,1,129,78,16,103,26,124,120,85,24,46" hai2="82,81,33,9,43,106,51,67,13,118,76,41,101" hai3="134,132,97,35,131,71,100,8,113,6,62,20,12"/><W32/><G113/><T0/><D125/><U91/><E112/><V107/><F33/><W111/><G131/><N who="0" m="50219" /><D44/><U127/><E120/><V73/><F118/><W57/><G71/><T80/><D0/><U109/><E1/><V50/><F67/><W83/><G83/><T77/><D77/><U2/><E2/><V3/><F3/><W53/><G111/><T7/><D7/><U31/><E103/><V17/><F101/><W49/><G62/><T123/><D10/><U122/><E122/><V5/><F82/><W58/><G58/><T30/><D123/><U18/><E78/><V135/><F135/><N who="3" m="51755" /><G20/><T96/><D96/><U94/><E109/><V68/><F68/><W47/><G47/><T115/><D115/><U114/><E114/><V14/><F106/><AGARI ba="0,0" hai="6,8,12,32,35,49,53,57,97,100,106" m="51755" machi="106" ten="30,2900,0" yaku="20,1,52,1" doraHai="48" who="3" fromWho="2" sc="311,0,215,0,302,-29,172,29" /><INIT seed="3,1,0,1,1,127" ten="311,215,273,201" oya="3" hai0="87,39,134,14,66,105,62,40,45,44,103,51,104" hai1="58,83,118,73,53,26,125,112,5,47,4,95,128" hai2="19,91,13,43,7,85,8,75,108,12,24,32,33" hai3="16,69,96,48,117,121,23,70,54,18,28,15,46"/><W88/><G117/><T27/><D103/><U90/><E112/><V77/><F108/><W135/><G121/><T11/><D134/><U111/><E118/><V68/><F68/><W92/><G135/><T130/><D130/><U131/><E111/><V133/><F133/><W0/><G0/><T94/><D27/><U109/><E109/><V124/><F124/><W106/><G28/><T37/><D37/><U113/><E113/><V67/><F67/><W79/><G79/><T76/><D76/><N who="1" m="44431" /><E47/><V97/><F24/><W116/><G116/><T3/><D3/><U9/><E26/><V31/><F31/><W89/><G106/><T38/><D38/><U20/><E9/><V64/><F64/><W126/><G126/><T50/><D39/><U41/><E20/><V129/><F43/><W35/><G35/><T10/><D87/><N who="1" m="52703" /><E41/><V114/><F8/><W100/><REACH who="3" step="1"/><G18/><REACH who="3" ten="311,215,273,191" step="2"/><T123/><D105/><U65/><E125/><V36/><F19/><W22/><G22/><T84/><D104/><U80/><E5/><V17/><F7/><W120/><G120/><T34/><D123/><U52/><E4/><V29/><F17/><W74/><G74/><T56/><D34/><U72/><E131/><V102/><F129/><W61/><G61/><T49/><D62/><N who="1" m="38103" /><E128/><V63/><F32/><W122/><G122/><T60/><D60/><U78/><E72/><V2/><F63/><W6/><G6/><T99/><D50/><U21/><E21/><V81/><F33/><W107/><G107/><T86/><D51/><U110/><E110/><V119/><F75/><W82/><G82/><RYUUKYOKU ba="1,1" sc="311,-15,215,15,273,-15,191,15" hai1="52,53,78,80" hai3="15,16,23,46,48,54,69,70,88,89,92,96,100" /><INIT seed="3,2,1,5,5,43" ten="296,230,258,206" oya="3" hai0="16,48,132,99,32,67,126,35,31,124,121,86,42" hai1="49,134,37,14,91,19,84,72,125,6,15,112,5" hai2="107,79,20,36,90,7,40,23,27,97,78,69,75" hai3="117,100,102,3,96,17,64,123,54,47,98,88,41"/><W34/><G123/><T21/><D132/><U26/><E72/><V8/><F69/><W38/><G117/><T93/><D121/><U11/><E112/><V92/><F107/><W122/><G122/><T63/><D86/><U1/><E37/><V127/><F127/><N who="0" m="48682" /><D48/><U56/><E125/><V61/><F61/><W101/><G34/><T95/><D42/><U29/><E134/><V28/><F23/><W105/><G3/><T130/><D130/><U115/><E115/><V18/><F75/><W71/><G54/><T83/><D83/><U120/><E120/><V51/><F36/><W81/><G17/><T50/><D50/><U52/><E6/><V109/><F109/><W58/><G71/><N who="0" m="42495" /><D31/><U59/><E19/><V39/><F39/><W70/><G70/><T22/><D22/><U77/><E59/><V135/><F135/><W87/><REACH who="3" step="1"/><G105/><REACH who="3" ten="296,230,258,196" step="2"/><T33/><D35/><U89/><E29/><V116/><F116/><W103/><N who="3" m="26112" /><DORA hai="128" /><W46/><G46/><T76/><D33/><U94/><E26/><V25/><F27/><W57/><G57/><T45/><D32/><U104/><E104/><V10/><F28/><W113/><G113/><T80/><D45/><U129/><E129/><V44/><F7/><W65/><G65/><T111/><D16/><U108/><E108/><V73/><F18/><W2/><G2/><T118/><D111/><U55/><E55/><V133/><F44/><W74/><G74/><T62/><D118/><U30/><E30/><V9/><F73/><W114/><G114/><T12/><D12/><U131/><E15/><V110/><F110/><RYUUKYOKU ba="2,2" sc="296,-10,230,-10,258,-10,196,30" hai3="38,41,47,58,64,81,87,88,96,98" /><INIT seed="3,3,2,0,0,95" ten="286,220,248,226" oya="3" hai0="33,123,83,71,97,44,51,121,49,91,20,79,65" hai1="22,111,112,4,54,99,118,94,110,62,11,129,101" hai2="119,35,108,61,92,37,8,116,10,70,5,135,85" hai3="19,87,6,34,60,58,18,27,46,23,24,84,48"/><W15/><G34/><T125/><D33/><U67/><E112/><V12/><F35/><W89/><G6/><T77/><D125/><U40/><E40/><V103/><F37/><W126/><G126/><T105/><D51/><U69/><E129/><V56/><F70/><W107/><G107/><T0/><D0/><U31/><E118/><V115/><F115/><W25/><G18/><T82/><D71/><U47/><E47/><V28/><F28/><W78/><G78/><T14/><D65/><U109/><E54/><V42/><F42/><N who="3" m="24663" /><G89/><T59/><D59/><U76/><E76/><N who="0" m="29257" /><D105/><U127/><E127/><V39/><F39/><W131/><G131/><T57/><D57/><U100/><E100/><V36/><F36/><W86/><G86/><T93/><D123/><U55/><E55/><AGARI ba="3,2" hai="15,19,23,24,25,27,55,58,60,84,87" m="24663" machi="55" ten="30,1500,0" yaku="8,1" doraHai="95" who="3" fromWho="1" sc="286,0,220,-24,248,0,226,44" /><INIT seed="3,4,0,0,1,45" ten="286,196,248,270" oya="3" hai0="66,14,54,25,4,99,83,131,46,34,129,104,114" hai1="130,80,117,87,12,106,48,41,90,6,3,88,50" hai2="134,125,112,135,97,68,71,70,122,65,101,62,124" hai3="84,37,121,52,28,43,115,42,57,76,1,29,98"/><W31/><G121/><T13/><D114/><U79/><E106/><N who="2" m="63791" /><F112/><W17/><G1/><T39/><D66/><U82/><E130/><N who="0" m="49673" /><D83/><U36/><E117/><V55/><F55/><W75/><G75/><T60/><D4/><U85/><E3/><V132/><F122/><W26/><G37/><T102/><D60/><U93/><E41/><N who="3" m="15370" /><G115/><T2/><D2/><U16/><E6/><V91/><F91/><W64/><G64/><T8/><D8/><N who="1" m="6151" /><E36/><V133/><N who="2" m="34304" /><DORA hai="20" /><V109/><F109/><W63/><G98/><AGARI ba="4,0" hai="48,50,79,80,82,85,87,88,90,93,98" m="6151" machi="98" ten="30,8000,1" yaku="8,1,52,2,54,2" doraHai="45,20" who="1" fromWho="3" sc="286,0,196,92,248,0,270,-92" /><INIT seed="4,0,0,0,3,68" ten="286,288,248,178" oya="0" hai0="5,112,106,6,92,120,21,1,54,9,13,19,59" hai1="91,55,117,48,89,16,40,115,30,122,7,72,65" hai2="50,12,82,107,43,10,102,114,132,97,131,88,34" hai3="90,83,29,96,58,77,108,35,71,47,64,109,119"/><T74/><D120/><U32/><E117/><V111/><F111/><W31/><G119/><T2/><D106/><U125/><E122/><V44/><F34/><W25/><G31/><T45/><D74/><U118/><E118/><V52/><F131/><W129/><G129/><T37/><D112/><U46/><E72/><V87/><F114/><W78/><G71/><T66/><D66/><U121/><E121/><V0/><F132/><W28/><G28/><T103/><D37/><U15/><E115/><V94/><F0/><W80/><G47/><T126/><D126/><U134/><E7/><V3/><F3/><W11/><G11/><T70/><D70/><U24/><E125/><V53/><F107/><W99/><G90/><T128/><D128/><U76/><E76/><V57/><F57/><W38/><G38/><T67/><D67/><U100/><E100/><V8/><F8/><W123/><G123/><T62/><D45/><U39/><E65/><V85/><F87/><W4/><G4/><AGARI ba="0,0" hai="4,10,12,43,44,50,52,53,82,85,88,94,97,102" machi="4" ten="30,7700,0" yaku="7,1,8,1,54,2" doraHai="68" who="2" fromWho="3" sc="286,0,288,0,248,77,178,-77" owari="286,-11.0,288,9.0,325,42.0,101,-40.0" /></mjloggm>