<mjloggm ver="2.3"><GO type="97" lobby="0"/><UN n0="%E8%84%82%E8%82%AA%E3%81%A7%E3%82%B5%E3%83%B3%E3%83%90" n1="%E3%83%88%E3%83%88%E3%83%AA%E5%85%88%E7%94%9F%31%39%E6%AD%B3" n2="%4F%6C%64%38%38" n3="%E5%85%A8%E3%83%84%E5%85%A8%E9%B3%B4%E3%81%8D%E3%81%AE%E7%A5%9E" dan="14,15,15,15" rate="1942.40,2051.48,2050.38,1989.53" sx="M,F,M,M"/><TAIKYOKU oya="0"/><INIT seed="0,0,0,2,0,65" ten="250,250,250,250" oya="0" hai0="2,35,63,110,22,54,76,75,32,114,56,88,98" hai1="53,77,4,58,129,37,96,57,17,118,131,69,27" hai2="66,130,43,20,12,41,62,15,34,29,26,109,38" hai3="71,119,111,79,102,64,86,59,91,135,124,42,13"/><T101/><D114/><U9/><E118/><V48/><F130/><N who="1" m="49673" /><E37/><V83/><F109/><W60/><G111/><T36/><D110/><U97/><E58/><V6/><F38/><W84/><G119/><T55/><D2/><N who="1" m="151" /><E77/><V68/><F83/><W10/><G135/><T8/><D36/><U113/><E113/><V49/><F34/><W45/><G124/><T31/><D8/><U133/><E69/><V19/><F6/><W0/><G0/><T44/><D75/><U21/><E133/><V107/><F107/><W115/><G115/><T78/><D35/><U28/><E17/><V24/><F24/><W61/><G102/><T103/><D32/><U25/><E27/><V117/><F117/><W99/><G99/><T134/><D134/><U123/><E123/><V40/><F29/><W132/><G79/><T72/><D72/><U127/><E127/><V16/><F26/><W11/><G132/><T87/><D31/><U47/><E47/><V116/><REACH who="2" step="1"/><F116/><REACH who="2" ten="250,250,240,250" step="2"/><W125/><G125/><T50/><D78/><U121/><E121/><V120/><F120/><W3/><G3/><T74/><D76/><U94/><E94/><V5/><F5/><W18/><G91/><T73/><D73/><U90/><E90/><V39/><F39/><W7/><G7/><T23/><D74/><U67/><E28/><V104/><F104/><W51/><G10/><AGARI ba="0,1" hai="10,12,15,16,19,20,40,41,43,48,49,62,66,68" machi="10" ten="40,8000,1" yaku="1,1,52,1,54,1,53,2" doraHai="65" doraHaiUra="46" who="2" fromWho="3" sc="250,0,250,0,240,90,250,-80" /><INIT seed="1,0,0,2,4,63" ten="250,250,330,170" oya="1" hai0="93,65,25,120,33,6,20,71,130,41,98,21,105" hai1="92,2,68,58,48,19,125,135,118,115,70,69,95" hai2="102,36,104,15,11,81,99,34,62,56,5,133,50" hai3="89,77,13,37,83,24,49,103,96,90,84,1,66"/><U38/><E2/><V60/><F36/><W59/><G37/><T61/><D130/><U44/><E115/><V101/><F34/><W39/><G39/><T131/><D131/><U17/><E38/><V23/><F133/><W27/><G1/><T12/><D120/><U0/><E0/><V127/><F127/><W3/><G3/><T85/><D41/><U42/><E125/><V129/><F129/><W74/><G13/><T79/><D105/><U14/><E118/><V7/><F7/><W78/><G78/><T107/><D107/><U97/><E135/><V124/><F124/><W40/><G40/><T108/><D108/><U18/><E95/><V8/><F8/><W119/><G119/><T45/><D45/><U87/><E87/><V64/><F102/><W16/><G74/><T9/><D33/><U72/><E58/><V55/><F81/><W54/><G66/><T30/><D85/><U106/><E106/><V10/><F10/><W75/><G75/><T31/><D79/><U35/><E35/><V57/><F23/><N who="3" m="13415" /><G27/><T28/><REACH who="0" step="1"/><D21/><REACH who="0" ten="240,250,330,170" step="2"/><U91/><REACH who="1" step="1"/><E72/><REACH who="1" ten="240,240,330,170" step="2"/><V121/><REACH who="2" step="1"/><F121/><REACH who="2" ten="240,240,320,170" step="2"/><W122/><G122/><T51/><D51/><AGARI ba="0,3" hai="5,11,15,50,51,55,56,57,60,62,64,99,101,104" machi="51" ten="40,5200,0" yaku="1,1,2,1,52,1,53,0" doraHai="63" doraHaiUra="134" who="2" fromWho="0" sc="240,-52,240,0,320,82,170,0" /><INIT seed="2,0,0,5,2,92" ten="188,240,402,170" oya="2" hai0="112,134,3,0,124,119,9,54,100,39,67,130,135" hai1="107,85,66,81,108,25,26,70,128,49,34,58,106" hai2="37,110,89,16,60,35,71,91,121,44,96,93,42" hai3="28,52,125,65,40,8,47,113,7,126,88,104,4"/><V46/><F121/><W116/><G104/><T41/><D67/><U117/><E117/><V102/><F35/><W131/><G116/><T129/><D100/><U133/><E108/><V109/><F46/><W23/><G113/><T105/><D54/><U87/><E87/><V19/><F71/><W77/><G77/><T5/><D119/><U115/><E115/><V63/><F89/><W21/><G131/><N who="0" m="50187" /><D105/><U78/><E128/><V56/><F91/><W57/><G65/><T61/><D61/><U18/><E70/><V74/><F74/><W97/><G28/><T11/><D112/><U27/><E34/><V20/><F56/><W51/><G7/><N who="0" m="1255" /><D41/><U99/><E107/><V10/><F10/><W24/><G24/><T29/><D39/><U123/><E123/><V32/><F19/><W2/><G97/><T12/><D29/><U83/><E66/><V73/><F73/><W69/><G88/><T79/><D79/><U122/><E106/><V94/><F94/><W62/><REACH who="3" step="1"/><G69/><REACH who="3" ten="188,240,402,160" step="2"/><T38/><D38/><U36/><E36/><V68/><F68/><W15/><G15/><T120/><D120/><U111/><E78/><V118/><F118/><W82/><G82/><T72/><D72/><U132/><E83/><V101/><F101/><W114/><G114/><T43/><D12/><U31/><E81/><V22/><F32/><W50/><G50/><T103/><D103/><U75/><E49/><V76/><F76/><W45/><G45/><T33/><D33/><U55/><E75/><V127/><F37/><W6/><G6/><T48/><D48/><U98/><E122/><RYUUKYOKU ba="0,1" sc="188,-10,240,-10,402,-10,160,30" hai3="2,4,8,21,23,40,47,51,52,57,62,125,126" /><INIT seed="3,1,1,5,4,92" ten="178,230,392,190" oya="3" hai0="109,67,134,0,110,15,129,41,31,60,62,36,64" hai1="6,16,13,5,73,97,121,54,78,26,53,100,45" hai2="88,103,30,42,68,52,38,23,59,107,14,108,89" hai3="20,33,12,86,101,72,10,82,81,48,76,96,127"/><W9/><G33/><T98/><D129/><U47/><E121/><V123/><F68/><W2/><G127/><T11/><D0/><U118/><E118/><V57/><F123/><W43/><G2/><T19/><D134/><U70/><E70/><V122/><F122/><W44/><G20/><T39/><D31/><U75/><E26/><V83/><F108/><N who="0" m="41578" /><D41/><U106/><E47/><V1/><F1/><W46/><G46/><T28/><D28/><U102/><E102/><V8/><F59/><W27/><G27/><T24/><D24/><U63/><E54/><V58/><F58/><W32/><G32/><T91/><D91/><U21/><E78/><V117/><F117/><W131/><G131/><T50/><D50/><U18/><E63/><N who="0" m="24105" /><D98/><U130/><E130/><V128/><F128/><W55/><G43/><T94/><D94/><U93/><E45/><V104/><F42/><W49/><G49/><T120/><D120/><U84/><E53/><V71/><F71/><W135/><G135/><T61/><N who="0" m="24113" /><T87/><DORA hai="22" /><D87/><U115/><E84/><V80/><F38/><AGARI ba="1,1" hai="11,15,19,36,38,39,64,67" m="24113,41578" machi="38" ten="40,1300,0" yaku="14,1" doraHai="92,22" who="0" fromWho="2" sc="178,26,230,0,392,-16,190,0" owari="204,-20.0,230,3.0,376,48.0,190,-31.0" /></mjloggm>