<mjloggm ver="2.3"><GO type="97" lobby="0"/><UN n0="%E5%B0%B1%E6%B4%BB%E7%94%9F%40%E5%B7%9D%E6%9D%91%E8%BB%8D%E5%9B%A3" n1="%36%4E%39" n2="%E6%9D%BE%E5%B3%B6" n3="%E7%B4%A0%E6%9C%B4%E3%81%AA%E5%91%B3%E3%82%8F%E3%81%84" dan="15,13,15,15" rate="2003.61,1805.57,2033.89,1982.63" sx="M,M,F,M"/><TAIKYOKU oya="0"/><INIT seed="0,0,0,0,2,12" ten="250,250,250,250" oya="0" hai0="128,33,111,135,8,34,55,46,71,89,49,75,121" hai1="72,130,129,25,93,22,24,9,26,82,100,131,47" hai2="97,106,65,103,99,0,118,88,124,79,77,39,57" hai3="10,116,115,23,42,125,41,113,45,37,98,86,19"/><T59/><D75/><U96/><E9/><V48/><F39/><W7/><G116/><T30/><D71/><U52/><E72/><V66/><F118/><W122/><G125/><T11/><D121/><U16/><REACH who="1" step="1"/><E82/><REACH who="1" ten="250,240,250,250" step="2"/><V104/><F124/><W132/><G10/><T43/><D8/><U36/><E36/><V54/><F0/><W53/><G37/><T29/><D11/><U44/><E44/><V134/><F134/><W90/><G45/><T85/><D111/><U101/><E101/><V58/><F106/><W15/><G132/><T112/><D112/><U123/><E123/><V64/><REACH who="2" step="1"/><F58/><REACH who="2" ten="250,240,240,250" step="2"/><W31/><G115/><T120/><D59/><U73/><E73/><V87/><F87/><W35/><G86/><T28/><D85/><U107/><E107/><V63/><F63/><W126/><G113/><T62/><D135/><U61/><E61/><V78/><F78/><W133/><G133/><T74/><D62/><U76/><E76/><V109/><F109/><W127/><G126/><T114/><D74/><U6/><E6/><V14/><F14/><W2/><G7/><T119/><D114/><U68/><E68/><V92/><AGARI ba="0,2" hai="48,54,57,64,65,66,77,79,88,92,97,99,103,104" machi="92" ten="30,4000,0" yaku="1,1,0,1,54,1,53,0" doraHai="12" doraHaiUra="117" who="2" fromWho="2" sc="250,-20,240,-10,240,60,250,-10" /><INIT seed="1,0,0,1,3,6" ten="230,230,300,240" oya="1" hai0="68,115,121,39,25,36,57,19,106,97,88,99,78" hai1="10,43,34,45,53,67,118,9,113,23,100,123,117" hai2="21,33,20,2,48,80,18,107,126,0,134,28,108" hai3="11,116,41,26,65,96,38,8,131,27,58,128,71"/><U110/><E34/><V111/><F107/><W24/><G116/><N who="1" m="44650" /><E67/><V56/><F80/><W109/><G71/><T64/><D68/><U79/><E53/><V122/><F48/><W5/><G109/><N who="2" m="42057" /><F56/><W82/><G96/><T46/><D115/><U31/><E100/><V90/><F90/><W66/><G82/><T52/><D121/><U3/><E79/><V129/><F122/><W13/><G8/><N who="1" m="3178" /><E45/><V91/><F91/><W87/><G87/><T4/><D78/><U125/><E43/><V83/><F83/><W7/><G7/><T55/><D106/><U40/><E40/><V72/><F72/><W120/><G120/><T54/><D4/><U49/><E49/><V47/><F47/><N who="3" m="23991" /><G58/><T1/><D1/><U14/><E110/><V17/><F28/><W73/><G73/><T135/><D135/><U42/><E42/><V119/><F134/><W132/><G132/><T76/><D76/><U61/><E61/><V103/><F103/><W30/><G30/><T62/><D39/><U29/><E123/><V104/><F104/><W32/><G32/><T22/><D36/><U16/><E113/><V102/><F102/><W98/><G98/><N who="0" m="37387" /><D46/><U86/><E86/><V92/><F33/><W70/><G70/><T130/><D130/><AGARI ba="0,0" hai="5,11,13,24,26,27,65,66,128,130,131" m="23991" machi="130" ten="30,2000,0" yaku="19,1,52,1" doraHai="6" who="3" fromWho="0" sc="230,-20,230,0,300,0,240,20" /><INIT seed="2,0,0,5,4,49" ten="210,230,300,260" oya="2" hai0="133,106,22,16,55,95,102,1,98,120,65,75,34" hai1="110,68,127,114,130,23,79,83,91,33,97,41,26" hai2="19,126,69,92,134,56,63,27,4,116,80,94,58" hai3="77,81,132,50,135,30,51,18,112,105,71,12,25"/><V84/><F69/><W10/><G71/><T74/><D34/><U20/><E110/><V7/><F126/><W36/><G105/><T47/><D120/><U48/><E130/><V76/><F134/><N who="3" m="51243" /><G36/><T82/><D133/><U103/><E114/><V29/><F116/><W96/><G96/><T122/><D122/><U85/><E68/><V40/><F40/><W24/><G112/><T3/><D65/><U17/><E33/><V52/><F58/><W62/><G62/><T131/><D131/><U128/><E128/><V60/><F60/><W113/><G113/><T35/><D35/><U70/><E70/><V39/><F39/><W72/><G25/><T86/><D106/><U6/><E6/><N who="2" m="2091" /><F29/><W118/><G118/><T107/><D107/><U14/><E127/><V38/><F38/><W87/><G72/><T115/><D115/><U123/><E123/><V5/><F5/><W100/><G100/><T109/><D109/><U67/><E103/><V2/><F2/><W13/><G13/><N who="0" m="9487" /><D3/><U45/><E67/><V46/><F46/><W11/><G11/><T42/><D1/><U64/><E64/><V37/><F37/><W93/><G93/><T89/><D75/><U101/><E101/><V15/><F27/><W57/><G57/><T61/><D74/><U99/><E79/><V125/><F125/><W8/><G8/><AGARI ba="0,0" hai="8,15,19,52,56,63,76,80,84,92,94" m="2091" machi="8" ten="30,5800,0" yaku="8,1,52,1,54,1" doraHai="49" who="2" fromWho="3" sc="210,0,230,0,300,58,260,-58" /><INIT seed="2,1,0,0,5,29" ten="210,230,358,202" oya="2" hai0="110,57,37,36,53,89,24,88,112,15,92,68,58" hai1="59,43,73,55,70,95,19,84,94,108,40,54,41" hai2="127,93,67,25,60,85,104,12,106,49,100,80,48" hai3="113,35,66,115,117,32,38,105,23,114,111,82,14"/><V61/><F127/><W20/><G38/><T79/><D68/><U62/><E108/><V11/><F25/><W42/><G105/><T81/><D110/><U134/><E134/><V47/><F106/><W33/><G111/><T118/><D112/><U107/><E73/><V34/><F34/><W109/><G109/><T120/><D118/><U76/><E70/><V8/><F104/><W26/><G42/><T2/><D2/><U39/><E39/><V131/><F131/><W97/><G66/><T99/><D120/><U128/><E107/><V123/><F123/><W96/><G117/><T51/><D89/><U129/><E19/><V102/><F67/><W17/><REACH who="3" step="1"/><G82/><REACH who="3" ten="210,230,358,192" step="2"/><T16/><D24/><U7/><E128/><V91/><F80/><W63/><G63/><T64/><D37/><U77/><E129/><V27/><F60/><W31/><AGARI ba="1,1" hai="14,17,20,23,26,31,32,33,35,96,97,113,114,115" machi="31" ten="40,12000,2" yaku="1,1,0,1,11,1,52,3,53,0" doraHai="29" doraHaiUra="116" who="3" fromWho="3" sc="210,-31,230,-31,358,-61,192,133" /><INIT seed="3,0,0,1,3,34" ten="179,199,297,325" oya="3" hai0="70,129,87,77,88,5,125,83,65,57,80,37,61" hai1="118,74,2,28,84,45,101,124,38,55,98,113,33" hai2="79,3,117,82,104,122,135,52,108,69,134,4,81" hai3="112,18,27,123,119,86,76,32,9,89,85,131,31"/><W114/><G119/><T121/><D125/><U20/><E20/><V13/><F69/><W22/><G123/><T49/><D121/><U39/><E55/><V73/><F104/><W1/><G131/><T100/><D129/><U26/><E113/><V14/><F117/><W10/><G76/><T29/><D37/><N who="1" m="13835" /><E84/><V42/><F42/><W6/><G10/><T17/><D100/><U56/><E56/><V23/><F122/><W35/><G35/><T90/><D29/><U102/><E45/><V91/><F91/><W19/><G19/><T115/><D115/><N who="3" m="44073" /><G89/><T67/><D5/><U54/><E54/><V63/><F81/><W8/><G8/><T0/><D0/><U97/><E102/><V58/><F108/><W68/><G68/><T46/><D17/><U51/><E98/><V59/><F59/><W94/><G94/><T75/><D67/><U111/><E111/><V66/><F66/><W132/><G132/><N who="2" m="50729" /><F23/><W50/><G50/><T109/><D109/><U71/><E74/><V7/><F4/><W48/><G48/><T116/><D116/><U11/><E118/><V21/><F21/><W78/><G78/><T92/><D70/><U60/><E51/><V96/><F96/><W95/><G95/><T93/><REACH who="0" step="1"/><D90/><REACH who="0" ten="169,199,297,325" step="2"/><U44/><E124/><V133/><F133/><W53/><G31/><T16/><D16/><U64/><E2/><V130/><F130/><W110/><G1/><T12/><D12/><U126/><E126/><V62/><F13/><W103/><G18/><T40/><AGARI ba="0,1" hai="40,46,49,57,61,65,75,77,80,83,87,88,92,93" machi="40" ten="20,5200,0" yaku="1,1,0,1,7,1,54,1,53,0" doraHai="34" doraHaiUra="128" who="0" fromWho="0" sc="169,62,199,-13,297,-13,325,-26" /><INIT seed="4,0,0,3,1,71" ten="231,186,284,299" oya="0" hai0="54,24,55,123,75,21,126,5,48,43,84,57,122" hai1="19,120,86,98,44,115,132,35,106,39,101,134,90" hai2="79,12,59,95,26,111,9,31,18,135,6,51,49" hai3="53,37,52,74,1,3,131,78,77,130,72,113,69"/><T17/><D75/><N who="3" m="28713" /><G37/><T25/><D126/><U27/><E120/><V92/><F135/><N who="1" m="51753" /><E19/><V129/><F111/><W16/><G16/><T7/><D43/><N who="1" m="22655" /><E27/><V119/><F129/><N who="3" m="49163" /><G69/><T2/><D2/><N who="3" m="521" /><G113/><T85/><D122/><U99/><E115/><V80/><F119/><W82/><G82/><T63/><D123/><U96/><E35/><V11/><F80/><AGARI ba="0,0" hai="80,86,90,96,98,99,101,106" m="22655,51753" machi="80" ten="30,2000,0" yaku="20,1,52,1" doraHai="71" who="1" fromWho="2" sc="231,0,186,20,284,-20,299,0" /><INIT seed="5,0,0,1,5,132" ten="231,206,264,299" oya="1" hai0="36,11,60,32,100,17,77,131,16,57,8,91,50" hai1="89,121,33,125,80,52,46,48,122,28,66,113,119" hai2="69,127,44,14,114,82,104,51,26,130,94,27,63" hai3="67,128,98,38,45,23,34,6,25,19,10,115,111"/><U105/><E119/><V107/><F82/><W90/><G111/><T108/><D32/><U96/><E113/><V47/><F94/><W56/><G115/><T74/><D36/><U58/><E121/><V72/><F72/><W133/><G133/><T88/><D74/><U22/><E122/><V76/><F76/><W12/><G128/><T109/><D77/><U15/><E33/><V92/><F92/><W55/><G67/><N who="0" m="39311" /><D109/><U71/><E125/><V30/><F14/><W79/><G79/><T73/><D73/><U31/><E71/><V35/><F27/><W43/><G34/><T78/><D78/><U124/><E124/><V75/><F75/><W106/><G106/><T61/><D100/><U70/><E70/><V20/><F127/><W41/><G41/><T42/><D61/><N who="1" m="38199" /><E105/><V2/><F2/><W5/><G90/><N who="0" m="34347" /><D131/><U129/><E129/><V102/><F35/><W135/><G135/><T83/><D83/><U117/><E117/><V86/><F130/><W103/><G5/><T97/><D97/><U64/><E64/><N who="2" m="41119" /><F114/><W65/><G98/><T123/><D123/><U3/><E3/><V110/><F110/><W99/><G99/><T68/><D68/><U84/><E96/><N who="2" m="61511" /><F107/><W87/><G103/><T118/><D118/><U9/><E22/><V29/><F86/><W81/><G87/><T62/><D62/><U53/><E53/><N who="2" m="29927" /><F30/><W93/><G93/><T49/><D108/><U134/><E134/><V40/><F40/><W1/><G81/><T112/><D112/><U116/><E116/><V18/><F29/><W120/><G120/><T85/><D85/><RYUUKYOKU ba="0,0" sc="231,-15,206,15,264,15,299,-15" hai1="9,15,28,31,46,48,52,80,84,89" hai2="18,20,26,47" /><INIT seed="5,1,0,1,4,64" ten="216,221,279,284" oya="1" hai0="55,26,118,24,70,83,131,112,123,68,99,2,60" hai1="89,20,93,59,75,42,109,79,65,62,135,133,81" hai2="86,128,125,85,17,53,50,12,95,38,122,107,47" hai3="102,34,37,106,115,19,28,134,21,15,121,66,8"/><U10/><E109/><V77/><F122/><W6/><G121/><T127/><D2/><U5/><E42/><V35/><F128/><W84/><G37/><T56/><D123/><U88/><E20/><V103/><F125/><W25/><G115/><T11/><D118/><U105/><E105/><V33/><F38/><W22/><G134/><N who="1" m="51210" /><E93/><V0/><F0/><AGARI ba="1,0" hai="0,5,10,59,62,65,75,79,81,88,89" m="51210" machi="0" ten="30,2900,0" yaku="20,1,54,1" doraHai="64" who="1" fromWho="2" sc="216,0,221,32,279,-32,284,0" /><INIT seed="5,2,0,2,0,78" ten="216,253,247,284" oya="1" hai0="74,56,87,107,3,76,75,106,135,8,52,38,60" hai1="133,94,28,31,40,111,127,101,39,100,22,23,77" hai2="103,33,6,37,110,2,47,34,82,26,59,99,16" hai3="73,15,11,4,123,115,109,67,42,7,91,116,71"/><U51/><E39/><V119/><F119/><W62/><G109/><T132/><D38/><U96/><E111/><V86/><F110/><W118/><G123/><T54/><D54/><U125/><E133/><N who="0" m="51273" /><D87/><U108/><E108/><V1/><F6/><W120/><G120/><T18/><D3/><U84/><E77/><N who="2" m="46415" /><F34/><W129/><G129/><T134/><N who="0" m="51281" /><T66/><DORA hai="46" /><D66/><U89/><E100/><V98/><F33/><W25/><G115/><T97/><D97/><N who="2" m="36874" /><F2/><W58/><G73/><N who="0" m="27659" /><D76/><U36/><E36/><V0/><F0/><W55/><G42/><T130/><D130/><U105/><E31/><V32/><F32/><W124/><G124/><N who="1" m="47690" /><E28/><V122/><F1/><W131/><G131/><T14/><AGARI ba="2,0" hai="8,14,18,52,56,60,106,107" m="27659,51281" machi="14" ten="50,3200,0" yaku="20,1,54,1" doraHai="78,46" who="0" fromWho="0" sc="216,38,253,-18,247,-10,284,-10" /><INIT seed="6,0,0,3,3,109" ten="254,235,237,274" oya="2" hai0="102,60,79,47,133,59,22,51,52,114,86,124,7" hai1="104,64,69,48,100,130,31,8,92,94,10,72,83" hai2="1,75,74,62,44,122,111,77,132,123,27,54,50" hai3="43,127,24,87,63,90,29,11,70,116,98,20,76"/><V134/><F1/><W73/><G116/><T68/><D124/><U16/><E104/><V121/><F27/><W25/><G127/><T30/><D133/><N who="2" m="51306" /><F77/><W45/><G73/><N who="2" m="27657" /><F62/><W18/><G76/><T91/><D68/><U34/><E34/><V26/><F26/><W12/><G98/><T56/><D79/><U39/><E31/><V32/><F32/><W2/><G2/><T82/><D102/><U28/><E28/><V131/><F131/><W6/><G70/><T38/><D38/><U110/><E39/><V128/><F128/><W49/><G63/><T135/><D135/><U67/><E69/><V99/><F99/><W15/><G29/><T42/><D7/><U80/><E72/><V46/><F46/><W105/><G105/><T41/><D59/><U19/><E130/><V126/><F126/><W85/><REACH who="3" step="1"/><G87/><REACH who="3" ten="254,235,237,264" step="2"/><T96/><D86/><U71/><E71/><V57/><F111/><W37/><G37/><T23/><D96/><U78/><E110/><V107/><F107/><W97/><G97/><T81/><D60/><U4/><E78/><V117/><F117/><W101/><G101/><T55/><D30/><U36/><E36/><V125/><F125/><W17/><G17/><T58/><D82/><AGARI ba="0,1" hai="6,11,12,15,18,20,24,25,43,45,49,82,85,90" machi="82" ten="30,3900,0" yaku="1,1,7,1,8,1,53,0" doraHai="109" doraHaiUra="65" who="3" fromWho="0" sc="254,-39,235,0,237,0,264,49" owari="215,-28.0,235,-16.0,237,4.0,313,40.0" /></mjloggm>