<mjloggm ver="2.3"><GO type="169" lobby="0"/><UN n0="%4D%E5%B8%9D%E2%85%A2" n1="%E3%82%AF%E3%83%AD%E3%83%8E%E3%82%B9%40" n2="%E5%B0%B1%E6%B4%BB%E7%94%9F%40%E5%B7%9D%E6%9D%91%E8%BB%8D%E5%9B%A3" n3="%E5%9B%BD%E8%A6%8B%E6%AF%94%E5%91%82" dan="17,16,17,17" rate="2107.88,2126.40,2212.87,2143.13" sx="M,M,M,M"/><TAIKYOKU oya="0"/><INIT seed="0,0,0,1,1,36" ten="250,250,250,250" oya="0" hai0="25,123,97,50,41,90,95,29,91,65,120,101,35" hai1="110,21,62,64,111,48,93,107,28,0,134,126,85" hai2="45,112,100,17,8,7,56,46,82,119,13,57,108" hai3="106,84,16,61,74,114,117,53,73,122,128,78,105"/><T14/><D65/><U124/><E107/><V118/><F112/><W51/><G114/><T133/><D133/><U116/><E0/><V94/><F108/><N who="1" m="41513" /><E116/><N who="2" m="44587" /><F82/><W63/><G117/><T98/><D14/><U135/><E28/><V4/><F57/><W77/><G84/><T96/><D96/><U55/><E21/><V75/><F56/><W1/><G1/><T49/><D49/><U83/><E93/><V31/><F75/><W76/><G128/><T9/><D9/><U59/><E85/><V42/><F31/><W32/><G122/><T69/><D69/><N who="1" m="42135" /><E83/><V44/><F42/><W60/><G32/><T127/><D127/><AGARI ba="0,0" hai="48,55,59,124,126,127,134,135" m="42135,41513" machi="127" ten="30,7700,0" yaku="18,1,14,1,34,2" doraHai="36" who="1" fromWho="0" sc="250,-77,250,77,250,0,250,0" /><INIT seed="1,0,0,4,2,10" ten="173,327,250,250" oya="1" hai0="125,135,14,80,116,119,79,17,82,117,68,46,37" hai1="2,93,70,106,20,108,95,30,97,67,34,123,115" hai2="1,56,24,126,12,72,13,134,42,48,4,60,25" hai3="6,64,11,94,131,40,78,65,8,77,69,105,36"/><U111/><E115/><V121/><F72/><W5/><G105/><T127/><D68/><U88/><E123/><V27/><F121/><W71/><G40/><N who="0" m="22799" /><D135/><U75/><E75/><V130/><F134/><W54/><G54/><T53/><D53/><U44/><E2/><V107/><F107/><W28/><G94/><T49/><D49/><U129/><E129/><V18/><F130/><W133/><G133/><T104/><D79/><U63/><E44/><N who="2" m="25623" /><F1/><W52/><G52/><T58/><D58/><U45/><E45/><V47/><F47/><W26/><G26/><N who="2" m="10345" /><F4/><W74/><G74/><T124/><D104/><U113/><E113/><V90/><F90/><W101/><G131/><T29/><D29/><U81/><E34/><V55/><F126/><W7/><G28/><T9/><AGARI ba="0,0" hai="9,14,17,80,82,116,117,119,124,125,127" m="22799" machi="9" ten="40,2700,0" yaku="18,1,52,1" doraHai="10" who="0" fromWho="0" sc="173,27,327,-13,250,-7,250,-7" /><INIT seed="2,0,0,4,0,78" ten="200,314,243,243" oya="2" hai0="41,69,100,45,95,85,131,35,67,40,44,74,50" hai1="18,116,15,55,92,112,4,9,125,124,22,66,53" hai2="38,114,2,119,19,42,97,48,56,47,7,91,102" hai3="37,96,130,105,46,86,39,104,8,132,21,109,89"/><V128/><F119/><W58/><G109/><T59/><D74/><U106/><E106/><V70/><F114/><W79/><G130/><T76/><D35/><U98/><E112/><V61/><F128/><W51/><G132/><T113/><D69/><U34/><E66/><V123/><F123/><W43/><G79/><T87/><D131/><U117/><E34/><V36/><F19/><W90/><G8/><T115/><D67/><U54/><E98/><V72/><F72/><W11/><G11/><T16/><D59/><U30/><E30/><V31/><F31/><W93/><G21/><T60/><D60/><U64/><E92/><V3/><F91/><W135/><G135/><T33/><D33/><U13/><REACH who="1" step="1"/><E64/><REACH who="1" ten="200,304,243,243" step="2"/><V52/><F7/><W133/><G133/><T0/><D115/><U127/><AGARI ba="0,1" hai="4,9,13,15,18,22,53,54,55,116,117,124,125,127" machi="127" ten="40,8000,1" yaku="1,1,2,1,0,1,18,1,53,0" doraHai="78" doraHaiUra="68" who="1" fromWho="1" sc="200,-20,304,90,243,-40,243,-20" /><INIT seed="3,0,0,2,3,38" ten="180,394,203,223" oya="3" hai0="123,129,124,36,23,12,102,104,70,43,96,85,25" hai1="62,117,132,33,32,59,134,24,30,121,90,53,28" hai2="11,67,126,98,61,81,5,127,42,109,106,56,82" hai3="110,7,74,76,1,91,94,3,46,112,26,122,40"/><W15/><G112/><T66/><D123/><U135/><E121/><V68/><F109/><W55/><G122/><T93/><D129/><U92/><E117/><V131/><F131/><W87/><G110/><T8/><D124/><N who="2" m="47658" /><F68/><W77/><G55/><T72/><D72/><U108/><E108/><V10/><F42/><W84/><G74/><T95/><D70/><U116/><E116/><V2/><F11/><N who="3" m="4607" /><G76/><T57/><D85/><N who="1" m="52303" /><E28/><V58/><F58/><W39/><G39/><T44/><D57/><U45/><E45/><V63/><F63/><W29/><G29/><T125/><D66/><U51/><E62/><V69/><F69/><W41/><G3/><T48/><D36/><U79/><E79/><V19/><F19/><W101/><G1/><T86/><D86/><U111/><E111/><V20/><F20/><AGARI ba="0,0" hai="20,24,30,32,33,51,53,59,132,134,135" m="52303" machi="20" ten="30,1000,0" yaku="20,1" doraHai="38" who="1" fromWho="2" sc="180,0,394,10,203,-10,223,0" /><INIT seed="4,0,0,2,4,32" ten="180,404,193,223" oya="0" hai0="83,100,123,108,7,114,82,39,120,29,93,58,128" hai1="43,1,11,22,44,80,119,135,127,66,14,57,15" hai2="103,33,3,37,90,84,105,30,40,6,109,129,36" hai3="47,115,101,38,49,126,50,125,23,8,75,55,35"/><T86/><D39/><U48/><E119/><V65/><F109/><W69/><G35/><T59/><D128/><U25/><E135/><V132/><F129/><W104/><G75/><T73/><D108/><U52/><E127/><V41/><F132/><W134/><G134/><T2/><D114/><U68/><E80/><V5/><F65/><W95/><G104/><T9/><D29/><U118/><E118/><V113/><F113/><W63/><G23/><T4/><D73/><U34/><E34/><V130/><F130/><W12/><G115/><T56/><D4/><U107/><E107/><V26/><F103/><W92/><G38/><T53/><D53/><U16/><E1/><V96/><F96/><W71/><G50/><T72/><D72/><U17/><E68/><V60/><F60/><W28/><G28/><T61/><D61/><N who="1" m="36007" /><E66/><V45/><F105/><W20/><G20/><T78/><REACH who="0" step="1"/><D83/><REACH who="0" ten="170,404,193,223" step="2"/><U79/><E79/><V131/><F131/><W54/><G126/><T124/><D124/><U13/><AGARI ba="0,1" hai="11,13,14,15,16,17,22,25,43,44,48" m="36007" machi="13" ten="30,4000,0" yaku="8,1,54,2" doraHai="32" who="1" fromWho="1" sc="170,-20,404,50,193,-10,223,-10" /><INIT seed="5,0,0,5,1,72" ten="150,454,183,213" oya="1" hai0="78,81,84,52,106,112,18,69,94,32,30,48,122" hai1="22,90,39,49,42,15,113,70,89,91,114,110,51" hai2="129,100,117,105,2,96,80,6,60,23,108,56,101" hai3="98,73,130,132,54,61,135,77,28,68,85,66,62"/><U16/><E70/><V34/><F117/><W44/><G73/><T76/><D69/><U126/><E126/><V26/><F108/><W37/><G28/><T86/><D106/><U116/><E116/><V53/><F129/><W63/><G98/><T95/><D122/><U119/><E119/><V14/><F100/><W83/><G130/><T25/><D112/><N who="1" m="43115" /><E110/><V35/><F2/><W104/><G104/><T65/><D65/><U121/><E121/><V134/><F134/><N who="3" m="51243" /><G54/><T19/><D95/><U36/><E42/><AGARI ba="0,0" hai="37,42,44,61,62,63,66,68,77,83,85" m="51243" machi="42" ten="30,2000,0" yaku="20,1,52,1" doraHai="72" who="3" fromWho="1" sc="150,0,454,-20,183,0,213,20" /><INIT seed="6,0,0,4,1,104" ten="150,434,183,233" oya="2" hai0="29,60,26,66,50,129,27,25,84,133,77,132,108" hai1="3,10,36,110,85,130,105,125,58,11,40,75,113" hai2="103,56,22,92,82,111,91,34,64,14,69,24,131" hai3="59,100,135,117,51,116,73,119,43,118,21,55,35"/><V39/><F131/><W106/><G35/><T89/><D108/><U95/><E105/><V63/><F111/><W127/><G116/><T62/><D129/><U101/><E75/><V15/><F39/><W71/><G71/><T23/><D62/><U134/><E113/><V2/><F2/><W0/><G0/><T86/><D86/><U70/><E70/><V37/><F37/><W20/><G73/><T13/><D77/><U42/><E134/><V107/><F34/><W72/><G72/><T9/><D50/><U53/><E125/><V80/><F107/><W30/><G43/><T81/><D133/><U52/><E53/><V8/><F69/><W44/><G135/><T17/><REACH who="0" step="1"/><D132/><REACH who="0" ten="140,434,183,233" step="2"/><U33/><E85/><V65/><F65/><W61/><G127/><T87/><D87/><U6/><E110/><V68/><F68/><AGARI ba="0,1" hai="9,13,17,23,25,26,27,29,60,66,68,81,84,89" machi="68" ten="30,2000,0" yaku="1,1,7,1,53,0" doraHai="104" doraHaiUra="88" who="0" fromWho="2" sc="140,30,434,0,183,-20,233,0" /><INIT seed="7,0,0,3,4,29" ten="170,434,163,233" oya="3" hai0="41,23,59,5,129,28,7,18,37,34,10,30,119" hai1="92,71,64,63,83,74,75,97,125,22,67,93,11" hai2="89,44,132,1,55,86,76,69,45,38,104,82,109" hai3="122,85,87,16,13,15,78,81,46,99,39,68,62"/><W66/><G122/><T12/><D119/><U70/><E125/><V65/><F109/><W128/><G128/><T124/><D129/><U134/><E134/><V113/><F104/><W51/><G13/><T26/><D124/><U47/><E47/><V123/><F1/><W103/><G39/><T53/><D41/><U52/><E52/><V3/><F3/><W19/><G85/><T33/><D37/><U54/><E54/><V27/><F123/><W107/><REACH who="3" step="1"/><G15/><REACH who="3" ten="170,434,163,223" step="2"/><T90/><D7/><U6/><E97/><V49/><F38/><W58/><G58/><T133/><D133/><U0/><E6/><V91/><F132/><W110/><G110/><T79/><D5/><U60/><E0/><V84/><F69/><W42/><AGARI ba="0,1" hai="16,19,42,46,51,62,66,68,78,81,87,99,103,107" machi="42" ten="20,12000,1" yaku="1,1,0,1,7,1,54,1,53,1" doraHai="29" doraHaiUra="56" who="3" fromWho="3" sc="170,-40,434,-40,163,-40,223,130" /><INIT seed="7,1,0,3,5,47" ten="130,394,123,353" oya="3" hai0="42,4,73,114,120,68,1,12,87,65,48,37,28" hai1="75,69,14,10,126,58,21,70,88,123,125,20,51" hai2="66,72,15,23,57,94,104,17,30,2,86,106,99" hai3="49,91,118,22,26,129,67,39,54,97,89,8,105"/><W59/><G118/><T19/><D73/><U78/><E123/><V3/><F72/><W41/><G129/><T50/><D120/><U93/><E78/><V45/><F104/><W18/><G67/><T76/><D114/><U16/><E75/><V34/><F106/><W84/><G8/><N who="0" m="4103" /><D1/><U0/><E51/><V25/><F86/><W33/><G33/><T38/><D50/><U134/><E58/><V11/><F45/><N who="3" m="25775" /><G105/><T116/><D28/><U108/><E108/><V107/><F107/><W111/><G39/><T9/><D9/><U36/><E134/><V101/><F34/><W6/><G111/><T117/><D19/><N who="1" m="8663" /><E36/><V46/><F46/><W96/><G6/><T90/><D76/><U80/><E80/><V100/><F100/><W133/><G133/><T7/><D7/><U113/><E113/><V13/><F13/><W131/><G131/><T103/><D37/><U56/><E56/><V81/><F81/><N who="3" m="49295" /><G91/><T35/><D35/><U98/><E0/><V24/><F24/><W27/><G27/><T62/><D38/><U61/><E21/><V127/><F127/><N who="1" m="48649" /><E61/><AGARI ba="1,0" hai="2,3,11,15,17,23,25,30,57,61,66,94,99,101" machi="61" ten="40,2600,0" yaku="25,2" doraHai="47" who="2" fromWho="1" sc="130,0,394,-29,123,29,353,0" /><AGARI ba="1,0" hai="18,22,26,54,59,61,96,97" m="49295,25775" machi="61" ten="30,2900,0" yaku="8,1,52,1" doraHai="47" who="3" fromWho="1" sc="130,0,365,-29,152,0,353,29" owari="130,-37.0,336,14.0,152,-25.0,382,48.0" /></mjloggm>