<mjloggm ver="2.3"><GO type="97" lobby="0"/><UN n0="%E3%83%88%E3%83%88%E3%83%AA%E5%85%88%E7%94%9F%31%39%E6%AD%B3" n1="%42%74%57" n2="%E8%84%B3%E3%83%9F%E3%82%BD%E3%81%A4%E3%82%8B%E3%81%A4%E3%82%8B" n3="%E2%97%86%E3%82%82%E3%81%86%E3%82%89%E2%97%86" dan="15,14,14,14" rate="2049.81,1976.69,1897.11,1884.34" sx="F,M,M,M"/><TAIKYOKU oya="0"/><INIT seed="0,0,0,1,0,113" ten="250,250,250,250" oya="0" hai0="72,111,15,128,104,32,119,101,48,53,96,39,51" hai1="14,41,30,42,27,112,52,100,133,67,44,69,40" hai2="120,84,105,106,93,116,92,31,103,0,74,17,25" hai3="35,135,46,11,75,114,94,76,36,45,125,59,3"/><T4/><D119/><U123/><E112/><V90/><F0/><W24/><G114/><T54/><D32/><U95/><E123/><V117/><F17/><W79/><G135/><T126/><D72/><U49/><E133/><V2/><F2/><W16/><G125/><T131/><D39/><U13/><E67/><V68/><F68/><W85/><G35/><T20/><D126/><U63/><E63/><V38/><F38/><W33/><G33/><T109/><D48/><U78/><E78/><N who="3" m="29738" /><G75/><T127/><D127/><U87/><E69/><V62/><F74/><W70/><G36/><T50/><D50/><U57/><E57/><V91/><F62/><W115/><G70/><T19/><D4/><U82/><E95/><V28/><F120/><W121/><G3/><T7/><D7/><U65/><E100/><V88/><F103/><W134/><G134/><T130/><REACH who="0" step="1"/><D54/><REACH who="0" ten="240,250,250,250" step="2"/><U80/><E65/><V98/><F91/><N who="3" m="53615" /><G115/><T81/><D81/><U124/><E82/><V122/><F122/><W97/><G121/><T99/><D99/><U61/><E124/><V29/><REACH who="2" step="1"/><F25/><REACH who="2" ten="240,250,240,250" step="2"/><W12/><G24/><T6/><D6/><U55/><E61/><V86/><F86/><W34/><G34/><T22/><D22/><U83/><E80/><V56/><F56/><AGARI ba="0,2" hai="15,19,20,51,53,56,96,101,104,109,111,128,130,131" machi="56" ten="50,4800,0" yaku="1,1,19,1,53,0" doraHai="113" doraHaiUra="108" who="0" fromWho="2" sc="240,68,250,0,240,-48,250,0" /><INIT seed="0,1,0,2,3,43" ten="308,250,192,250" oya="0" hai0="24,130,135,39,13,7,118,10,68,53,102,128,32" hai1="36,20,18,45,41,66,31,94,38,70,123,33,90" hai2="87,2,72,6,14,125,51,99,119,1,37,27,98" hai3="132,120,105,8,69,63,79,4,115,47,35,61,3"/><T116/><D68/><U56/><E123/><V88/><F72/><W100/><G120/><T113/><D39/><U11/><E33/><V65/><F37/><W75/><G115/><T71/><D71/><U12/><E38/><V97/><F119/><N who="0" m="45610" /><D53/><U62/><E31/><V49/><F125/><W82/><G132/><T30/><D102/><U131/><E131/><N who="0" m="50217" /><D113/><U21/><REACH who="1" step="1"/><E70/><REACH who="1" ten="308,240,192,250" step="2"/><V52/><F65/><W109/><G35/><T60/><D60/><U5/><E5/><V134/><F134/><AGARI ba="1,1" hai="7,10,13,24,30,32,134,135" m="50217,45610" machi="134" ten="40,7700,0" yaku="19,1,34,2" doraHai="43" who="0" fromWho="2" sc="308,90,240,0,192,-80,250,0" /><INIT seed="0,2,0,2,2,130" ten="398,240,112,250" oya="0" hai0="119,125,124,69,4,127,135,91,56,18,44,126,39" hai1="35,108,20,29,67,113,22,24,58,33,8,115,40" hai2="65,23,21,62,71,53,118,132,27,104,59,28,122" hai3="86,31,128,76,72,87,80,45,83,19,11,5,85"/><T97/><D119/><U41/><E108/><V84/><F122/><W107/><G128/><T95/><D69/><U43/><E8/><V93/><F118/><W63/><G107/><T1/><D135/><U114/><E58/><V111/><F111/><W94/><G31/><T133/><D133/><U92/><E92/><V106/><F132/><W16/><G94/><T2/><D4/><U102/><E102/><V101/><F23/><W81/><G63/><T89/><D39/><U112/><N who="1" m="29184" /><DORA hai="37" /><U123/><E67/><V7/><F7/><W10/><G45/><T9/><D89/><U47/><E123/><V13/><F13/><W79/><G72/><T0/><D44/><U3/><E3/><V70/><F70/><W134/><G134/><T49/><D18/><N who="3" m="6697" /><G5/><N who="0" m="1207" /><D124/><U99/><E99/><V100/><F100/><W96/><G96/><T30/><D30/><U129/><E129/><V42/><F42/><N who="1" m="16489" /><E22/><V77/><F77/><AGARI ba="2,0" hai="10,11,76,77,79,80,81,83,85,86,87" m="6697" machi="77" ten="40,8000,1" yaku="28,2,8,1,54,1" doraHai="130,37" who="3" fromWho="2" sc="398,0,240,0,112,-86,250,86" /><INIT seed="1,0,0,3,1,85" ten="398,240,26,336" oya="1" hai0="35,108,84,29,62,21,128,25,94,101,113,104,44" hai1="69,28,103,37,46,20,9,79,65,91,105,124,87" hai2="115,114,64,90,49,27,71,50,17,43,15,82,111" hai3="2,131,76,73,88,42,54,6,72,122,61,53,60"/><U10/><E124/><V98/><F111/><W47/><G122/><T132/><D113/><U41/><E79/><V99/><F27/><W130/><G6/><T30/><D108/><U83/><E103/><V120/><F120/><W134/><G2/><T7/><D128/><N who="3" m="49193" /><G134/><T1/><D132/><U5/><E105/><V135/><F135/><W68/><G76/><T3/><D7/><U38/><E38/><V123/><F123/><W109/><G109/><T89/><D44/><U97/><E97/><V22/><F71/><W18/><G18/><T96/><D29/><U106/><E106/><V59/><F64/><N who="3" m="40967" /><G61/><T31/><D31/><U100/><E100/><V126/><F126/><W58/><G58/><T77/><D21/><U125/><E125/><V102/><F50/><N who="3" m="26999" /><G88/><T4/><D4/><U80/><E65/><V51/><F51/><W11/><G11/><T33/><D33/><U121/><E69/><V36/><F36/><W23/><G23/><T129/><D129/><U63/><E63/><V70/><F70/><W127/><G127/><T67/><D77/><U16/><E121/><V75/><F102/><W0/><G0/><T110/><D110/><U118/><E28/><V26/><F26/><W117/><G117/><T112/><D112/><N who="2" m="43050" /><F75/><AGARI ba="0,0" hai="53,54,72,73,75" m="26999,40967,49193" machi="75" ten="30,1000,0" yaku="19,1" doraHai="85" who="3" fromWho="2" sc="398,0,240,0,26,-10,336,10" /><INIT seed="2,0,0,3,0,97" ten="398,240,16,346" oya="2" hai0="3,73,115,96,103,74,77,30,4,124,111,47,62" hai1="16,36,108,26,122,60,110,63,76,39,84,46,54" hai2="69,25,90,9,14,131,15,0,114,134,42,40,92" hai3="55,56,10,118,72,33,102,52,129,57,70,101,22"/><V58/><F69/><W71/><G118/><T28/><D115/><U6/><E122/><V93/><F114/><W109/><G33/><T18/><D111/><U43/><E6/><V8/><F134/><W123/><G123/><T88/><D124/><U31/><E39/><V11/><F0/><W132/><G132/><T105/><D18/><U99/><E99/><V128/><F25/><W81/><G109/><T119/><D119/><U20/><E108/><V44/><F58/><W17/><G10/><T34/><D4/><U87/><E110/><V94/><F90/><W113/><G113/><T37/><D3/><U38/><E38/><V12/><REACH who="2" step="1"/><F44/><REACH who="2" ten="398,240,6,346" step="2"/><W35/><G71/><T66/><D88/><U32/><E76/><V80/><F80/><W98/><G70/><T45/><D77/><U125/><E125/><V104/><F104/><W24/><G81/><T95/><D105/><U78/><E78/><V133/><F133/><W29/><G24/><T127/><D127/><U100/><E46/><V48/><F48/><W83/><G83/><T65/><D45/><U75/><E36/><V51/><F51/><W41/><G57/><T85/><D47/><U53/><E26/><V86/><F86/><W107/><G56/><T112/><D85/><U23/><E84/><V2/><F2/><W13/><G107/><T19/><D112/><U27/><E87/><V117/><F117/><W50/><G50/><T49/><D37/><U126/><E27/><V121/><F121/><W130/><G72/><T79/><D73/><U7/><E75/><V5/><F5/><W21/><G98/><RYUUKYOKU ba="0,1" sc="398,-10,240,-10,6,30,346,-10" hai2="8,9,11,12,14,15,40,42,92,93,94,128,131" /><INIT seed="2,1,1,3,5,61" ten="388,230,36,336" oya="2" hai0="58,43,25,54,111,122,93,44,4,118,21,28,131" hai1="16,72,66,9,90,51,86,50,104,5,29,83,123" hai2="17,12,24,70,76,11,60,19,82,40,108,63,97" hai3="73,0,91,48,22,134,79,20,47,62,115,114,39"/><V103/><F108/><W55/><G134/><T41/><D122/><U81/><E123/><V18/><F40/><W120/><G120/><T45/><D111/><U127/><E127/><V42/><F42/><N who="0" m="15882" /><D131/><U13/><E104/><V7/><F24/><W106/><G39/><T23/><D4/><U94/><E29/><V31/><F31/><W71/><G0/><T1/><D1/><U88/><E5/><V2/><F2/><W130/><G130/><T27/><D118/><U32/><E32/><V132/><F132/><W99/><G79/><T135/><D135/><U126/><E126/><V133/><F133/><W128/><G73/><T38/><D38/><U52/><E72/><V68/><F68/><W10/><G10/><T69/><D69/><U80/><E90/><V30/><F30/><W87/><G128/><T98/><D23/><U15/><E15/><V78/><F70/><W6/><G6/><T36/><D27/><U96/><E51/><V65/><F65/><N who="3" m="41399" /><G99/><T89/><D36/><U92/><E66/><V35/><F35/><W77/><G77/><N who="2" m="29801" /><F82/><N who="1" m="31849" /><E96/><V102/><F102/><W116/><G116/><T34/><D34/><U124/><E124/><V129/><F129/><W125/><G125/><T101/><D101/><U107/><E107/><V74/><F74/><W37/><G106/><T3/><D3/><U121/><E121/><V33/><F33/><W105/><G105/><T95/><D95/><U57/><AGARI ba="1,1" hai="9,13,16,50,52,57,83,86,88,92,94" m="31849" machi="57" ten="30,7900,0" yaku="8,1,54,3" doraHai="61" who="1" fromWho="1" sc="388,-21,230,92,36,-40,336,-21" owari="367,46.0,322,12.0,-4,-50.0,315,-8.0" /></mjloggm>