<mjloggm ver="2.3"><GO type="97" lobby="0"/><UN n0="%E5%B0%B1%E6%B4%BB%E7%94%9F%40%E5%B7%9D%E6%9D%91%E8%BB%8D%E5%9B%A3" n1="%75%73%77" n2="%72%6F%6F%6B%69%65%61%6E" n3="%E3%82%BB%E3%83%89%E3%83%8A" dan="15,15,14,15" rate="2056.09,2003.60,1901.04,2006.38" sx="M,M,M,F"/><TAIKYOKU oya="0"/><INIT seed="0,0,0,2,3,82" ten="250,250,250,250" oya="0" hai0="70,102,23,77,86,117,48,25,98,108,4,68,17" hai1="71,52,11,100,63,59,61,27,125,114,51,13,56" hai2="103,6,43,28,67,129,32,80,131,33,0,14,55" hai3="130,38,95,50,34,135,16,83,66,115,74,72,123"/><T109/><D117/><U57/><E125/><V64/><F43/><W89/><G38/><T76/><D4/><N who="1" m="3303" /><E71/><V30/><F103/><W106/><G34/><T18/><D48/><U93/><E114/><V21/><F55/><W96/><G66/><T10/><D10/><U1/><E1/><V132/><F80/><W53/><G115/><T62/><D18/><U12/><E12/><V3/><F67/><W99/><G130/><N who="2" m="49673" /><F132/><W31/><G135/><T91/><D62/><N who="1" m="23563" /><E27/><N who="2" m="18463" /><F64/><W112/><G112/><T45/><D45/><U113/><E113/><V133/><F133/><W92/><G106/><N who="0" m="63831" /><D70/><U75/><E75/><V105/><F105/><W41/><G41/><T107/><D68/><U116/><E116/><V119/><F119/><W60/><G60/><T19/><D19/><U54/><E54/><V20/><F33/><W58/><G31/><T134/><D134/><U87/><E100/><V81/><F81/><W85/><G16/><T47/><D47/><U24/><E24/><N who="2" m="16647" /><F6/><W90/><REACH who="3" step="1"/><G123/><REACH who="3" ten="250,250,250,240" step="2"/><T88/><D107/><U35/><E35/><V122/><F122/><W7/><G7/><T5/><D5/><U94/><E94/><V49/><F49/><W8/><G8/><T110/><D91/><AGARI ba="0,1" hai="51,52,56,57,59,87,91,93" m="23563,3303" machi="91" ten="30,3900,0" yaku="8,1,52,1,54,1" doraHai="82" who="1" fromWho="0" sc="250,-39,250,49,250,0,240,0" /><AGARI ba="0,0" hai="50,53,58,72,74,83,85,89,90,91,92,95,96,99" machi="91" ten="30,7700,0" yaku="1,1,7,1,9,1,52,1,53,0" doraHai="82" doraHaiUra="2" who="3" fromWho="0" sc="211,-77,299,0,250,0,240,77" /><INIT seed="1,0,0,4,4,44" ten="134,299,250,317" oya="1" hai0="111,1,57,96,43,31,7,108,82,18,16,15,34" hai1="24,132,120,115,100,88,118,124,23,50,27,80,95" hai2="49,20,35,129,72,77,52,47,92,4,53,99,33" hai3="42,68,79,46,106,64,86,5,84,97,0,133,59"/><U105/><E115/><V83/><F129/><W116/><G59/><T131/><D43/><U40/><E118/><V39/><F20/><W103/><G116/><T101/><D131/><U90/><E120/><V58/><F39/><N who="3" m="21855" /><G84/><T135/><D82/><U30/><E132/><V56/><F47/><W2/><G86/><T41/><D41/><U76/><E124/><V107/><F4/><W36/><G36/><T8/><D57/><U13/><E13/><V21/><F21/><W3/><G79/><T128/><D128/><U93/><E50/><V91/><F107/><W112/><G112/><T45/><D45/><U19/><E40/><V48/><AGARI ba="0,0" hai="33,35,48,49,52,53,56,58,72,77,83,91,92,99" machi="48" ten="20,12000,2" yaku="0,1,7,1,9,1,52,2,54,1" doraHai="44" who="2" fromWho="2" sc="134,-30,299,-60,250,120,317,-30" /><INIT seed="2,0,0,4,1,66" ten="104,239,370,287" oya="2" hai0="73,112,47,86,89,88,115,87,17,132,133,59,46" hai1="54,15,99,56,69,63,39,106,64,31,44,51,68" hai2="35,57,101,42,76,45,85,55,71,119,18,81,93" hai3="120,78,10,105,114,125,19,50,52,28,16,121,58"/><V65/><F119/><W92/><G105/><T40/><D59/><U90/><E15/><V6/><F35/><W82/><G125/><T126/><D17/><U30/><E69/><V37/><F18/><W49/><G28/><T77/><D40/><N who="1" m="22559" /><E90/><N who="0" m="34921" /><D126/><U116/><E116/><V25/><F25/><W134/><G134/><N who="0" m="51819" /><D47/><U129/><E129/><V130/><F130/><W48/><G114/><N who="0" m="43563" /><D46/><U0/><E0/><V2/><F2/><W14/><G120/><T33/><D33/><U110/><E110/><V24/><F24/><W91/><G121/><T12/><D12/><U100/><AGARI ba="0,0" hai="30,31,51,54,56,63,64,68,99,100,106" m="22559" machi="100" ten="30,2000,0" yaku="24,1,52,1" doraHai="66" who="1" fromWho="1" sc="104,-5,239,20,370,-10,287,-5" /><INIT seed="3,0,0,1,3,111" ten="99,259,360,282" oya="3" hai0="117,46,2,18,31,67,20,84,96,68,83,40,6" hai1="123,109,35,133,104,45,16,29,66,11,71,32,50" hai2="15,12,41,28,92,33,116,103,65,130,125,8,97" hai3="62,54,61,0,105,75,89,73,5,101,22,3,4"/><W63/><G89/><T64/><D117/><U14/><E109/><V135/><F116/><W79/><G22/><T13/><D68/><U128/><E104/><V100/><F41/><W7/><G54/><T120/><D120/><U114/><E123/><V37/><F37/><W38/><G38/><T88/><D2/><U94/><E94/><V76/><F76/><W110/><G110/><T60/><D60/><U113/><E66/><V127/><F65/><W44/><G44/><T121/><D121/><U27/><E71/><V91/><F135/><W78/><G101/><N who="2" m="38985" /><F130/><W43/><G43/><T115/><D6/><U72/><E72/><N who="3" m="27722" /><G105/><T47/><D31/><U57/><E133/><V10/><F28/><W25/><G25/><T119/><D119/><U129/><E57/><V56/><F56/><W52/><G52/><T124/><D124/><N who="2" m="47690" /><F33/><W23/><G23/><T69/><D96/><U1/><E35/><V134/><F134/><W55/><G55/><T90/><D90/><U24/><E24/><V9/><AGARI ba="0,0" hai="8,9,10,12,15,91,92,97" m="47690,38985" machi="9" ten="40,1500,0" yaku="18,1" doraHai="111" who="2" fromWho="2" sc="99,-4,259,-4,360,15,282,-7" owari="95,-40.0,255,-14.0,375,46.0,275,8.0" /></mjloggm>