<mjloggm ver="2.3"><GO type="169" lobby="0"/><UN n0="%28%EF%BC%BE%CF%89%EF%BC%BE%29%E3%81%8A%E3%81%89%E3%82%93" n1="%E5%B0%B1%E6%B4%BB%E7%94%9F%40%E5%B7%9D%E6%9D%91%E8%BB%8D%E5%9B%A3" n2="%E2%98%85%E2%98%85%E5%8E%9F%E6%9D%91%E5%92%8C%E2%98%85%E2%98%85" n3="%64%61%6E%6E%63%68%69" dan="16,17,16,16" rate="2147.69,2240.55,2114.61,2101.72" sx="F,M,M,M"/><TAIKYOKU oya="0"/><INIT seed="0,0,0,3,2,110" ten="250,250,250,250" oya="0" hai0="91,52,50,33,53,11,133,94,78,72,135,84,10" hai1="40,37,26,113,61,98,30,15,125,90,127,1,21" hai2="126,47,93,31,103,35,8,87,6,56,23,43,68" hai3="46,44,29,96,66,112,101,34,5,55,117,60,62"/><T124/><D33/><U74/><E74/><V63/><F68/><W105/><G117/><T69/><D69/><U32/><E1/><V123/><F126/><N who="1" m="48137" /><E61/><V75/><F75/><W38/><G5/><T4/><D124/><U54/><E54/><V116/><F123/><W48/><G38/><T18/><D18/><N who="1" m="10463" /><E40/><V25/><F35/><W88/><G62/><T0/><D11/><U13/><E37/><V81/><F116/><W132/><G46/><T109/><D109/><U106/><E13/><V95/><F103/><W73/><G73/><T28/><D28/><U130/><E130/><V24/><F24/><W86/><G60/><T67/><D67/><U92/><E106/><V42/><F42/><W19/><G66/><T121/><D121/><U80/><E80/><V104/><F104/><W128/><G128/><T41/><D41/><U17/><E17/><V36/><F8/><W134/><G19/><T122/><D122/><U2/><E2/><V12/><F12/><W102/><G55/><T65/><D65/><U108/><E108/><V51/><F36/><W97/><G44/><T77/><D53/><U71/><E71/><V14/><F14/><W58/><G48/><T16/><D16/><U79/><E79/><N who="0" m="30217" /><D72/><U115/><AGARI ba="0,0" hai="26,30,32,90,92,98,113,115" m="10463,48137" machi="115" ten="30,4000,0" yaku="18,1,52,2" doraHai="110" who="1" fromWho="1" sc="250,-20,250,40,250,-10,250,-10" /><INIT seed="1,0,0,3,1,48" ten="230,290,240,240" oya="1" hai0="58,16,90,20,84,118,25,109,107,61,75,125,35" hai1="99,106,6,74,73,63,76,131,83,41,40,36,80" hai2="124,33,135,9,21,17,108,112,15,89,94,127,114" hai3="121,60,104,56,24,77,105,68,45,70,72,97,49"/><U85/><E131/><V7/><F94/><W128/><G121/><T51/><D118/><U123/><E123/><V130/><F130/><W4/><G128/><T110/><D75/><U88/><E36/><V2/><F89/><W119/><G119/><T38/><D38/><U62/><E6/><V11/><F33/><W32/><G4/><T78/><D107/><U86/><E41/><V91/><F91/><W113/><G113/><N who="2" m="43625" /><F108/><N who="0" m="41578" /><D78/><N who="1" m="44111" /><E40/><V22/><F135/><W19/><G77/><T102/><D102/><N who="1" m="62815" /><E63/><V69/><F69/><W81/><G81/><N who="0" m="49423" /><D51/><U53/><E53/><V87/><F87/><N who="1" m="33289" /><E62/><V120/><F120/><W100/><G72/><T64/><D35/><U66/><E66/><V93/><F93/><W67/><G104/><T92/><D92/><U71/><E71/><V43/><F43/><W95/><G105/><T115/><D115/><U42/><E42/><V34/><F34/><W122/><G122/><T8/><D8/><U57/><E57/><V27/><F21/><N who="3" m="13375" /><G32/><T0/><D0/><U30/><E30/><AGARI ba="0,0" hai="2,7,9,11,15,17,22,27,30,124,127" m="43625" machi="30" ten="30,3900,0" yaku="11,1,34,2" doraHai="48" who="2" fromWho="1" sc="230,0,290,-39,240,39,240,0" /><INIT seed="2,0,0,4,1,65" ten="230,251,279,240" oya="2" hai0="43,60,44,85,71,104,101,90,14,56,19,67,51" hai1="76,114,26,9,74,2,68,79,119,13,63,66,72" hai2="83,94,62,121,102,57,98,134,16,113,61,52,49" hai3="47,30,88,0,24,130,1,22,86,20,34,41,55"/><V95/><F113/><W126/><G126/><T78/><D78/><U39/><E114/><V42/><F121/><W100/><G100/><T129/><D129/><U36/><E119/><V10/><F134/><W131/><G55/><T115/><D115/><U37/><E26/><V8/><F83/><N who="3" m="49247" /><G1/><T59/><D101/><U105/><E13/><N who="2" m="7207" /><F42/><W127/><G0/><T96/><D96/><U48/><E48/><V110/><F110/><W75/><G75/><N who="1" m="28714" /><E79/><V15/><F94/><W133/><G127/><T108/><D104/><U112/><E76/><V18/><AGARI ba="0,0" hai="10,15,18,49,52,57,61,62,95,98,102" m="7207" machi="18" ten="30,6000,0" yaku="8,1,54,2" doraHai="65" who="2" fromWho="2" sc="230,-20,251,-20,279,60,240,-20" /><INIT seed="2,1,0,0,4,48" ten="210,231,339,220" oya="2" hai0="103,15,91,124,74,78,16,108,3,29,83,17,133" hai1="25,60,68,123,28,43,50,56,11,49,118,32,72" hai2="38,57,26,85,19,80,47,107,53,96,62,4,112" hai3="45,71,77,88,24,39,27,121,54,131,55,9,114"/><V21/><F112/><W58/><G121/><T8/><D124/><U79/><E118/><V0/><F0/><W73/><G71/><T89/><D133/><U36/><E68/><V76/><F4/><W115/><G131/><T127/><D127/><U106/><E106/><V109/><F109/><W98/><G77/><T116/><D116/><U111/><E111/><V125/><F125/><W2/><G73/><T46/><D108/><U64/><E123/><V63/><F63/><W100/><G2/><T135/><D135/><U51/><E11/><V61/><F61/><N who="3" m="36055" /><G9/><T102/><D29/><U12/><E12/><V95/><F107/><W6/><G6/><T52/><D3/><U94/><E94/><V22/><F22/><W75/><G75/><T93/><D17/><U87/><E72/><V70/><F70/><W122/><G100/><T42/><D42/><U105/><E105/><V128/><F128/><W104/><G104/><T34/><D34/><U7/><E7/><V1/><F1/><W33/><G33/><T132/><D132/><U90/><E79/><V10/><F10/><W110/><G39/><T97/><D103/><U117/><E36/><V23/><F23/><W130/><G130/><T31/><D31/><U99/><E117/><V59/><F38/><W69/><G69/><T14/><D14/><U126/><E126/><V35/><F35/><W119/><G119/><T37/><D37/><U41/><E41/><V18/><F18/><W67/><G122/><T40/><D40/><U66/><E43/><V13/><F19/><W129/><G110/><T82/><D82/><RYUUKYOKU ba="1,0" sc="210,30,231,-10,339,-10,220,-10" hai0="8,15,16,46,52,74,78,83,89,91,93,97,102" /><INIT seed="3,2,0,3,2,87" ten="240,221,329,210" oya="3" hai0="34,94,31,131,107,90,62,11,24,109,7,102,116" hai1="101,92,91,28,133,82,45,40,89,80,113,65,66" hai2="23,46,127,0,72,41,126,32,134,123,56,53,4" hai3="25,83,88,117,20,35,115,58,67,118,81,2,49"/><W105/><G2/><T55/><D116/><U17/><E113/><V108/><F32/><W38/><G38/><T39/><D39/><U27/><E133/><V120/><F72/><W104/><G35/><T30/><D131/><U78/><E101/><V112/><F4/><W110/><G115/><T19/><D109/><U97/><E17/><V26/><F0/><W129/><G129/><T103/><D107/><U37/><E89/><V98/><F98/><W47/><G110/><T61/><D19/><U22/><REACH who="1" step="1"/><E82/><REACH who="1" ten="240,211,329,210" step="2"/><V14/><F112/><W86/><G83/><T6/><D103/><U114/><E114/><V130/><F134/><W29/><G117/><T59/><D102/><U33/><E33/><V15/><F108/><W1/><G118/><T57/><D30/><U70/><E70/><V21/><F123/><W50/><G1/><T52/><D11/><U119/><E119/><V128/><F120/><W5/><G5/><T125/><D125/><U64/><E64/><V42/><F128/><W3/><G3/><T12/><D12/><U71/><E71/><V122/><F122/><W93/><G81/><T77/><D77/><U121/><E121/><V135/><F14/><W106/><REACH who="3" step="1"/><G47/><REACH who="3" ten="240,211,329,200" step="2"/><T79/><D79/><U36/><E36/><N who="2" m="21799" /><F130/><W68/><G68/><T51/><D6/><U132/><E132/><V10/><F135/><W16/><G16/><T84/><D7/><U99/><E99/><V73/><F127/><W43/><G43/><T63/><AGARI ba="2,2" hai="24,31,34,51,52,55,57,59,61,62,63,84,90,94" machi="63" ten="20,5200,0" yaku="0,1,7,1,52,1,54,1" doraHai="87" who="0" fromWho="0" sc="240,78,211,-15,329,-15,200,-28" /><INIT seed="4,0,0,4,0,111" ten="318,196,314,172" oya="0" hai0="69,88,106,58,41,81,66,48,22,82,102,18,123" hai1="35,126,114,120,56,76,79,27,12,53,24,10,49" hai2="130,97,51,134,115,124,31,33,16,68,117,133,103" hai3="75,113,105,11,127,100,30,36,89,43,42,65,63"/><T55/><D123/><U34/><E120/><V3/><F3/><W131/><G75/><T70/><D41/><U44/><E126/><V91/><F68/><W50/><G127/><T61/><D70/><U62/><E34/><V86/><F124/><W4/><G36/><T118/><D118/><U99/><E99/><V73/><F73/><W15/><G131/><T135/><D135/><U125/><E125/><V77/><F77/><W96/><G89/><T8/><D8/><U57/><E114/><V32/><F130/><W93/><G105/><T40/><D40/><U84/><E57/><V132/><F117/><W121/><G121/><T1/><D1/><U71/><E71/><V6/><F6/><W2/><G113/><T92/><D102/><U112/><E112/><V98/><F115/><W5/><G50/><T46/><D106/><U60/><E35/><V19/><F33/><W64/><G64/><T78/><D78/><U107/><E62/><V67/><F67/><W0/><G30/><T129/><D69/><U83/><E79/><V9/><F51/><W38/><G4/><T13/><D129/><U23/><E23/><V116/><F116/><W101/><G101/><T110/><D110/><U14/><E14/><N who="2" m="7247" /><F103/><W104/><G104/><T37/><D37/><U7/><REACH who="1" step="1"/><E107/><REACH who="1" ten="318,186,314,172" step="2"/><V72/><F32/><W39/><G15/><T87/><AGARI ba="0,1" hai="13,18,22,46,48,55,58,61,66,81,82,87,88,92" machi="87" ten="20,7800,0" yaku="0,1,7,1,8,1,54,1" doraHai="111" who="0" fromWho="0" sc="318,88,186,-26,314,-26,172,-26" /><INIT seed="4,1,0,4,2,15" ten="406,160,288,146" oya="0" hai0="65,49,26,84,125,55,1,40,61,112,37,111,130" hai1="20,16,46,27,67,90,48,3,95,25,82,72,122" hai2="5,31,113,126,83,132,12,76,78,121,124,7,66" hai3="88,71,100,13,52,0,18,35,114,80,57,28,120"/><T128/><D1/><U117/><E122/><V30/><F121/><W41/><G71/><T77/><D112/><U32/><E3/><V89/><F66/><W96/><G0/><T73/><D73/><U58/><E117/><V19/><F89/><W53/><G114/><T102/><D102/><U105/><E105/><V110/><F113/><W8/><G120/><T134/><D26/><N who="1" m="14599" /><E82/><V68/><F68/><W85/><G41/><T24/><D24/><U14/><E14/><V17/><F12/><W64/><G28/><T21/><D21/><U39/><E39/><V62/><F62/><N who="3" m="37967" /><G35/><T135/><D77/><U93/><E72/><V51/><F51/><W42/><G42/><T81/><D81/><U63/><E93/><AGARI ba="1,0" hai="8,13,18,52,53,80,85,88,93,96,100" m="37967" machi="93" ten="30,7700,0" yaku="8,1,52,1,54,2" doraHai="15" who="3" fromWho="1" sc="406,0,160,-80,288,0,146,80" /><INIT seed="5,0,0,1,1,123" ten="406,80,288,226" oya="1" hai0="66,74,4,90,120,96,132,106,52,118,0,5,32" hai1="126,97,82,20,128,103,129,35,23,42,113,17,85" hai2="13,46,115,31,91,33,11,88,92,57,65,69,93" hai3="75,114,30,53,81,102,39,24,135,108,50,7,27"/><U116/><E35/><V99/><F69/><W15/><G39/><T62/><D118/><U16/><E116/><V54/><F115/><W76/><G108/><T127/><D74/><U101/><E42/><V26/><F46/><W111/><G111/><T98/><D132/><U94/><E113/><V59/><F65/><W10/><G135/><T64/><D127/><U37/><E37/><V77/><F77/><W29/><G102/><T55/><D32/><U48/><E126/><V28/><F28/><W6/><G6/><T2/><D90/><U133/><E133/><V72/><F72/><W134/><G134/><T67/><D67/><U110/><E48/><V63/><F57/><W89/><G89/><T43/><D43/><U25/><E110/><V34/><F34/><W22/><G114/><T14/><D14/><U21/><E103/><V80/><F80/><W100/><G100/><T19/><D62/><U112/><E112/><V105/><F105/><W79/><G79/><T122/><D106/><U109/><E109/><V12/><REACH who="2" step="1"/><F11/><REACH who="2" ten="406,80,278,226" step="2"/><W44/><G30/><T1/><D66/><U86/><E82/><V36/><F36/><W49/><G29/><T9/><D64/><U73/><E73/><V3/><F3/><W104/><G104/><T83/><D9/><U68/><E68/><V40/><F40/><W45/><G22/><T51/><D83/><U60/><E60/><V121/><F121/><W131/><G131/><N who="1" m="50250" /><E21/><V56/><F56/><W130/><G130/><T107/><D122/><U58/><E58/><V47/><F47/><W41/><AGARI ba="0,1" hai="7,10,15,24,27,41,44,45,49,50,53,75,76,81" machi="41" ten="20,1500,0" yaku="0,1,7,1" doraHai="123" who="3" fromWho="3" sc="406,-4,80,-7,278,-4,226,25" /><INIT seed="6,0,0,1,5,75" ten="402,73,274,251" oya="2" hai0="80,19,106,50,104,39,132,26,42,88,25,100,6" hai1="52,40,119,122,110,65,126,18,11,108,97,95,113" hai2="79,4,71,1,57,120,27,103,91,32,70,45,43" hai3="61,49,84,14,17,16,123,73,63,41,5,118,112"/><V130/><F120/><W54/><G73/><T92/><D6/><U99/><E40/><V116/><F116/><W10/><G123/><T46/><D132/><U127/><E65/><V105/><F91/><W20/><G118/><T59/><D80/><U94/><E11/><N who="2" m="2447" /><F57/><W107/><G107/><T44/><D59/><U60/><E60/><N who="3" m="23114" /><G41/><T58/><D58/><U121/><E18/><V13/><F13/><N who="3" m="9231" /><G112/><T36/><D100/><U87/><E52/><V12/><F12/><W15/><G84/><T37/><D44/><U67/><E67/><V72/><F130/><W22/><G54/><T135/><D135/><U24/><E24/><V125/><F125/><W78/><G49/><T111/><D25/><U131/><E119/><V35/><F43/><W86/><G86/><T114/><D114/><U62/><E62/><V109/><F109/><W83/><G83/><T31/><D111/><U30/><E30/><V129/><F129/><W101/><G101/><T56/><D104/><U51/><E51/><V38/><F38/><W8/><G78/><T128/><D106/><U117/><E117/><V69/><F45/><W90/><G90/><T76/><D128/><U33/><E33/><V47/><F47/><W48/><G48/><T85/><D50/><U115/><E131/><V64/><F64/><W7/><G7/><T34/><D37/><U81/><E87/><V124/><F124/><W66/><G66/><T55/><D39/><U28/><E28/><V74/><F74/><W89/><G10/><T21/><D36/><U9/><E9/><V96/><F27/><W29/><G29/><RYUUKYOKU ba="0,0" sc="402,-30,73,10,274,10,251,10" hai1="81,94,95,97,99,108,110,113,115,121,122,126,127" hai2="32,35,69,70,71,72,79,96,103,105" hai3="5,8,14,15,17,22,89" /><INIT seed="6,1,0,5,0,124" ten="372,83,284,261" oya="2" hai0="56,112,50,117,108,78,35,57,24,36,125,76,43" hai1="99,74,68,119,18,120,82,113,66,89,121,16,63" hai2="45,79,102,21,37,83,39,38,28,33,15,110,96" hai3="31,93,81,72,58,105,64,100,11,49,51,61,129"/><V95/><F110/><W8/><G105/><T26/><D108/><U132/><E119/><V115/><F115/><W86/><G72/><T40/><D125/><U6/><E113/><V127/><F127/><W92/><G31/><T23/><D112/><U29/><E6/><V131/><F33/><W91/><G129/><T71/><D35/><U59/><E29/><V126/><F126/><W32/><G32/><T13/><D71/><U97/><E132/><V106/><F106/><W9/><G100/><T118/><D50/><AGARI ba="1,0" hai="8,9,11,49,50,51,58,61,64,81,86,91,92,93" machi="50" ten="40,1300,0" yaku="8,1" doraHai="124" who="3" fromWho="0" sc="372,-16,83,0,284,0,261,16" /><INIT seed="7,0,0,1,0,58" ten="356,83,284,277" oya="3" hai0="46,117,94,49,44,9,134,30,83,59,113,132,86" hai1="72,118,66,52,57,93,130,128,36,0,123,73,23" hai2="35,53,37,69,124,77,89,115,18,10,71,29,42" hai3="25,31,135,67,15,119,14,8,99,114,43,24,63"/><W21/><G119/><T62/><D117/><U120/><E0/><V16/><F115/><W102/><G114/><T41/><D113/><U45/><E73/><V38/><F77/><W98/><G43/><T109/><D109/><U87/><E72/><V60/><F124/><W106/><G135/><T97/><D30/><U22/><E93/><V74/><F74/><W88/><G8/><T55/><D9/><U2/><E87/><V104/><F104/><W79/><G79/><T3/><D3/><U127/><E23/><V125/><F125/><W108/><G108/><T68/><D46/><U100/><E22/><V40/><F10/><W17/><G98/><T19/><D19/><U5/><E5/><V39/><F89/><W92/><G106/><T76/><REACH who="0" step="1"/><D68/><REACH who="0" ten="346,83,284,277" step="2"/><U65/><E100/><AGARI ba="0,1" hai="41,44,49,55,59,62,76,83,86,94,97,100,132,134" machi="100" ten="40,8000,1" yaku="1,1,2,1,52,1,53,1" doraHai="58" doraHaiUra="56" who="0" fromWho="1" sc="346,90,83,-80,284,0,277,0" owari="436,54.0,3,-50.0,284,8.0,277,-12.0" /></mjloggm>