<mjloggm ver="2.3"><GO type="225" lobby="0"/><UN n0="%E8%B6%B3%E3%81%AE%E8%B8%8F%E3%81%BF%E5%A0%B4%E3%82%82%E3%81%AA%E3%81%84" n1="%E3%81%B3%E3%82%8A%E3%81%B3%E3%82%8A%E2%98%86%E3%83%93%E3%83%AA%E3%83%BC" n2="%E2%80%A0%41%71%75%61%E2%80%A0" n3="%E3%83%88%E3%83%88%E3%83%AA%E5%85%88%E7%94%9F%31%39%E6%AD%B3" dan="16,18,16,18" rate="2036.00,2197.91,2063.75,2286.24" sx="M,M,M,F"/><TAIKYOKU oya="0"/><INIT seed="0,0,0,3,2,124" ten="250,250,250,250" oya="0" hai0="43,44,120,72,30,85,116,133,19,15,8,64,2" hai1="58,102,114,34,28,71,101,5,55,75,61,54,10" hai2="88,132,107,27,117,91,90,20,84,23,104,108,111" hai3="95,73,12,3,48,42,63,74,18,87,134,59,126"/><T9/><D116/><U40/><E75/><V98/><F132/><W0/><G134/><T66/><D120/><U109/><E109/><N who="2" m="42059" /><F117/><W130/><G126/><T103/><D133/><U76/><E114/><V45/><F45/><W49/><G130/><T97/><D72/><U83/><E40/><V94/><F20/><W24/><G24/><T14/><D30/><U60/><E28/><N who="2" m="17535" /><F84/><W121/><G121/><T106/><D85/><U1/><E34/><V26/><F26/><W125/><G125/><T79/><D79/><U51/><E71/><V29/><F29/><W110/><G110/><T113/><D2/><U32/><E32/><V13/><F13/><W82/><G73/><T122/><D122/><U78/><E78/><V96/><F96/><W105/><G42/><T65/><D113/><U50/><E76/><V25/><F25/><W89/><G3/><T7/><REACH who="0" step="1"/><D65/><REACH who="0" ten="240,250,250,250" step="2"/><U16/><E1/><V123/><F123/><W68/><G0/><T92/><D92/><U31/><E31/><V100/><AGARI ba="0,1" hai="88,90,91,94,98,100,104,107" m="17535,42059" machi="100" ten="30,2000,0" yaku="14,1,54,1" doraHai="124" who="2" fromWho="2" sc="240,-10,250,-5,250,30,250,-5" /><INIT seed="1,0,0,0,0,116" ten="230,245,280,245" oya="1" hai0="52,95,59,132,34,10,123,21,37,61,85,102,36" hai1="73,69,128,122,50,18,40,121,113,91,83,46,43" hai2="49,81,22,115,65,38,99,124,19,72,62,68,114" hai3="28,29,88,42,12,44,93,2,5,117,82,63,23"/><U131/><E113/><N who="2" m="43019" /><F38/><W60/><G117/><T98/><D34/><U27/><E69/><V64/><F64/><W32/><G2/><T39/><D132/><U8/><E43/><V58/><F99/><W33/><G82/><T0/><D21/><N who="1" m="13751" /><E8/><V127/><F72/><W84/><G32/><T25/><D25/><U48/><E48/><V118/><F81/><W80/><G33/><T110/><D110/><U106/><E106/><V45/><F118/><W105/><G105/><T125/><D125/><N who="2" m="48202" /><F19/><N who="3" m="10727" /><G5/><T89/><D0/><U111/><E111/><V16/><F16/><W15/><G15/><T51/><D10/><U3/><E73/><V6/><F22/><W112/><G112/><T24/><D24/><U14/><E83/><V87/><F87/><N who="3" m="52383" /><G42/><T133/><D133/><U66/><E40/><N who="2" m="24743" /><F6/><W57/><G44/><T30/><D30/><N who="3" m="11881" /><G57/><AGARI ba="0,0" hai="57,58,62,65,68" m="24743,48202,43019" machi="57" ten="30,7700,0" yaku="11,1,18,1,34,2" doraHai="116" who="2" fromWho="3" sc="230,0,245,0,280,77,245,-77" /><INIT seed="2,0,0,5,4,72" ten="230,245,357,168" oya="2" hai0="11,110,46,132,52,91,54,7,94,116,68,64,84" hai1="21,0,118,67,60,121,27,113,9,43,66,77,22" hai2="80,4,119,75,19,96,117,78,61,101,58,12,69" hai3="63,49,16,3,122,115,53,29,82,124,59,128,70"/><V14/><F69/><W111/><G122/><T33/><D33/><U41/><E113/><V55/><F4/><W126/><G3/><T76/><D110/><U38/><E118/><V74/><F74/><W23/><G111/><T87/><D116/><U89/><E121/><V134/><F134/><W103/><G115/><T56/><D132/><U57/><E67/><V83/><F83/><W127/><G128/><T102/><D102/><U73/><E89/><V100/><F100/><W2/><G2/><T25/><D25/><U37/><E37/><V45/><F45/><W62/><G70/><T51/><D68/><U114/><E114/><V20/><REACH who="2" step="1"/><F14/><REACH who="2" ten="230,245,347,168" step="2"/><W120/><G120/><T13/><D46/><U34/><E73/><V97/><F97/><W17/><G103/><T28/><D87/><U81/><E81/><V90/><F90/><W108/><G108/><T135/><D135/><U98/><E98/><V47/><F47/><W123/><G123/><T65/><D84/><U32/><E0/><V40/><F40/><W1/><G1/><T5/><D5/><U26/><E43/><V6/><F6/><W79/><G82/><T50/><D91/><U42/><E41/><V131/><F131/><W95/><G95/><AGARI ba="0,1" hai="12,19,20,55,58,61,75,78,80,95,96,101,117,119" machi="95" ten="30,5800,0" yaku="1,1,7,1,52,1,53,0" doraHai="72" doraHaiUra="86" who="2" fromWho="3" sc="230,0,245,0,347,68,168,-58" /><INIT seed="2,1,0,5,5,133" ten="230,245,415,110" oya="2" hai0="61,120,86,126,38,59,104,23,116,4,103,125,97" hai1="72,27,119,82,76,21,66,7,78,5,92,88,33" hai2="17,19,111,79,118,81,24,53,51,3,109,65,100" hai3="18,36,25,50,56,130,112,14,48,69,44,31,71"/><V12/><F3/><W99/><G130/><T85/><D120/><U89/><E119/><V122/><F65/><W20/><G112/><T131/><D116/><U68/><E33/><V54/><F100/><W8/><G36/><T107/><D131/><U75/><E89/><V95/><F118/><W102/><G56/><T22/><D38/><U91/><E91/><V16/><F122/><W73/><G73/><T43/><D43/><U49/><E49/><V93/><F12/><W121/><G121/><T37/><D37/><U80/><E66/><V132/><F24/><W127/><G50/><T6/><D59/><U0/><E68/><V105/><F105/><W40/><REACH who="3" step="1"/><G127/><REACH who="3" ten="230,245,415,100" step="2"/><N who="0" m="48651" /><D61/><U106/><E75/><V55/><F51/><W115/><G115/><T74/><D74/><U35/><E72/><V135/><F135/><W26/><G26/><T110/><D110/><U87/><E27/><V29/><F132/><W113/><G113/><T10/><D107/><AGARI ba="1,1" hai="8,14,18,20,25,31,40,44,48,69,71,99,102,107" machi="107" ten="30,3900,0" yaku="1,1,7,1,53,1" doraHai="133" doraHaiUra="45" who="3" fromWho="0" sc="230,-42,245,0,415,0,100,52" /><INIT seed="3,0,0,2,0,4" ten="188,245,415,152" oya="3" hai0="86,20,65,118,54,133,66,30,45,43,114,41,5" hai1="31,99,62,98,48,107,56,69,14,121,77,8,108" hai2="9,46,111,81,76,106,92,40,35,0,63,34,100" hai3="119,23,94,32,36,131,125,49,102,26,116,71,25"/><W74/><G36/><T55/><D118/><U53/><E121/><V15/><F106/><W105/><G74/><T70/><D5/><U124/><E108/><V113/><F63/><W44/><G71/><T110/><D110/><U7/><E124/><V73/><F113/><W132/><G105/><T37/><D114/><U67/><E107/><V134/><F134/><W88/><G102/><T122/><D122/><U123/><E123/><V33/><F111/><W75/><G75/><T24/><D133/><U104/><E104/><V96/><F0/><W97/><G132/><T58/><D54/><U127/><E127/><V16/><F35/><W52/><G125/><T42/><D86/><U82/><E31/><V60/><F60/><W22/><G32/><T80/><D80/><U6/><E6/><V11/><F11/><W84/><G131/><T87/><D87/><AGARI ba="0,0" hai="7,8,14,48,53,56,62,67,69,77,82,87,98,99" machi="87" ten="30,2000,0" yaku="7,1,52,1" doraHai="4" who="1" fromWho="0" sc="188,-20,245,20,415,0,152,0" owari="168,-23.0,265,7.0,415,51.0,152,-35.0" /></mjloggm>