<mjloggm ver="2.3"><GO type="41" lobby="0"/><UN n0="%73%68%65%76%61%30%37" n1="%E7%B4%85%E8%8C%B6%30%37" n2="%E5%B0%B1%E6%B4%BB%E7%94%9F%40%E5%B7%9D%E6%9D%91%E8%BB%8D%E5%9B%A3" n3="%E3%82%AE%E3%82%BF%E3%83%AA%E3%82%B9%E3%83%88" dan="13,15,15,14" rate="1910.36,1953.74,1938.15,1977.80" sx="M,F,M,M"/><TAIKYOKU oya="0"/><INIT seed="0,0,0,3,5,77" ten="250,250,250,250" oya="0" hai0="87,62,117,31,95,121,33,13,18,131,51,85,78" hai1="93,55,118,20,104,113,127,6,7,52,40,27,3" hai2="19,92,68,17,133,83,34,122,35,101,57,63,125" hai3="130,89,38,132,39,22,9,106,58,1,61,15,126"/><T26/><D121/><U107/><E118/><V96/><F68/><W43/><G106/><T99/><D117/><U54/><E127/><V94/><F122/><W49/><G126/><T59/><D131/><U108/><E108/><V76/><F125/><W110/><G110/><T98/><D51/><U69/><E69/><V4/><F133/><W24/><G132/><T5/><D5/><U100/><E40/><V64/><F4/><W71/><G1/><T109/><D109/><U112/><E6/><V91/><F35/><W82/><G71/><T135/><D135/><U48/><E48/><V50/><F34/><W111/><G111/><T128/><D128/><U70/><E70/><V123/><F123/><W0/><G0/><T28/><D28/><N who="1" m="17511" /><E93/><V90/><F50/><W11/><G130/><T66/><D99/><U86/><E86/><V29/><F29/><W32/><G32/><T30/><D30/><U103/><E104/><V25/><F25/><W44/><G39/><T80/><D87/><U116/><E107/><V102/><F102/><W115/><G38/><T120/><D120/><U23/><E23/><V53/><F64/><W124/><G124/><T12/><D18/><U81/><E116/><V134/><F134/><W8/><G115/><N who="1" m="44106" /><E81/><V45/><F45/><W75/><G75/><T67/><D67/><U41/><E41/><V46/><F46/><W129/><G129/><T88/><AGARI ba="0,0" hai="12,13,26,31,33,59,62,66,78,80,85,88,95,98" machi="88" ten="20,7800,0" yaku="0,1,7,1,52,1,54,1" doraHai="77" who="0" fromWho="0" sc="250,78,250,-26,250,-26,250,-26" /><INIT seed="0,1,0,0,0,27" ten="328,224,224,224" oya="0" hai0="57,40,114,39,46,30,55,62,5,67,17,109,16" hai1="11,68,115,82,31,32,22,72,86,92,59,12,101" hai2="6,131,118,48,127,20,2,14,1,119,71,76,70" hai3="135,117,49,24,121,53,56,108,36,15,63,122,91"/><T111/><D114/><U132/><E68/><N who="2" m="26155" /><F76/><W26/><G36/><T77/><D77/><U43/><E132/><V19/><F6/><W120/><G117/><N who="2" m="44553" /><F131/><W41/><G135/><T130/><D130/><U128/><E128/><V74/><F74/><W106/><G106/><T84/><D84/><U107/><E115/><V3/><F48/><W73/><G73/><T50/><D5/><U125/><E107/><V35/><F35/><W79/><G79/><T102/><D102/><U124/><E72/><V85/><F85/><W60/><G108/><N who="0" m="41547" /><D30/><U7/><E32/><V112/><F112/><W44/><G91/><T9/><D9/><U83/><E101/><V105/><F105/><W133/><G133/><T113/><D113/><U42/><E86/><V100/><F100/><W95/><G95/><T126/><D126/><AGARI ba="1,0" hai="1,2,3,14,19,20,126,127" m="44553,26155" machi="126" ten="40,1300,0" yaku="12,1" doraHai="27" who="2" fromWho="0" sc="328,-16,224,0,224,16,224,0" /><INIT seed="1,0,0,1,4,26" ten="312,224,240,224" oya="1" hai0="46,28,94,47,27,122,14,17,31,127,85,77,73" hai1="29,66,119,104,96,91,30,0,4,60,89,87,35" hai2="97,68,78,62,59,111,83,101,39,3,13,116,48" hai3="102,6,25,32,74,123,23,72,7,131,2,124,81"/><U36/><E119/><V86/><F3/><W118/><G123/><T107/><D107/><U76/><E36/><V19/><F39/><W52/><G32/><T21/><D122/><U18/><E35/><V88/><F116/><W67/><G124/><T125/><D73/><U113/><E113/><V64/><F111/><W38/><G118/><T41/><D47/><U71/><E18/><V98/><F78/><W8/><G38/><N who="0" m="21815" /><D14/><U69/><E69/><V16/><F19/><W57/><G67/><T40/><D40/><U10/><E76/><V63/><F101/><W84/><G102/><T100/><D100/><U34/><E34/><V105/><F105/><W99/><G99/><T129/><D129/><U37/><E37/><V133/><F133/><W45/><G45/><T82/><D94/><U108/><E108/><V115/><F115/><W120/><G7/><T1/><D1/><U5/><E5/><V109/><F109/><W128/><G120/><T11/><D11/><U61/><E61/><V103/><F103/><W65/><G65/><T58/><D58/><U79/><E104/><V43/><F62/><W90/><G131/><T49/><D49/><U121/><E121/><V51/><F68/><W135/><G135/><T110/><D110/><U50/><E50/><N who="2" m="18987" /><F43/><W15/><G2/><T132/><D132/><U53/><E53/><V75/><F75/><W56/><G128/><T42/><D42/><U92/><E79/><V117/><F117/><W112/><G112/><T55/><D55/><U130/><E130/><V134/><F134/><W106/><G106/><T20/><D20/><AGARI ba="0,0" hai="13,16,20,59,63,64,83,86,88,97,98" m="18987" machi="20" ten="30,7700,0" yaku="6,1,8,1,54,2" doraHai="26" who="2" fromWho="0" sc="312,-77,224,0,240,77,224,0" /><INIT seed="2,0,0,2,1,107" ten="235,224,317,224" oya="2" hai0="79,75,122,19,93,109,0,96,132,51,11,125,5" hai1="61,110,117,118,81,6,50,82,32,91,66,95,120" hai2="34,35,46,100,45,18,54,27,40,134,73,64,29" hai3="57,14,108,17,102,69,48,47,12,133,53,52,1"/><V124/><F134/><W114/><G1/><T39/><D122/><U25/><E120/><V74/><F35/><W128/><G69/><T10/><D132/><U2/><E110/><V72/><F64/><W58/><G133/><T83/><D109/><U88/><E50/><V76/><F124/><W68/><G108/><T44/><D39/><U38/><E38/><V3/><F3/><W20/><G68/><T33/><D125/><U65/><E2/><V87/><F100/><W123/><G123/><T106/><D106/><U36/><E36/><V55/><F18/><W92/><G114/><T121/><D121/><U111/><E111/><V135/><F135/><W7/><G128/><T78/><D33/><U113/><E6/><V103/><F103/><W112/><G112/><T130/><D130/><U77/><E113/><V56/><F40/><W43/><G7/><T104/><D104/><U63/><E32/><V126/><F126/><W129/><G129/><T13/><D79/><U86/><E77/><V42/><F42/><W21/><G43/><T15/><D0/><U119/><E25/><V97/><F97/><N who="3" m="59687" /><G53/><T60/><D60/><U37/><E37/><V98/><F98/><W90/><G90/><T8/><D8/><U67/><REACH who="1" step="1"/><E81/><REACH who="1" ten="235,214,317,224" step="2"/><N who="2" m="47527" /><F45/><W105/><G12/><T23/><D44/><U22/><E22/><V99/><F46/><W9/><G21/><T80/><D23/><U127/><E127/><V49/><F49/><W30/><G105/><T115/><D115/><U28/><E28/><V131/><F34/><W84/><G30/><T70/><D51/><U4/><E4/><RYUUKYOKU ba="0,1" sc="235,-10,214,30,317,-10,224,-10" hai1="61,63,65,66,67,82,86,88,91,95,117,118,119" /><INIT seed="3,1,1,2,5,15" ten="225,244,307,214" oya="3" hai0="6,38,93,26,89,19,57,43,131,118,91,75,1" hai1="65,2,116,135,5,22,133,87,114,72,107,52,127" hai2="122,128,44,23,8,29,20,27,106,92,74,73,102" hai3="90,123,40,129,62,54,49,7,34,37,45,68,63"/><W47/><G34/><T125/><D75/><U78/><E114/><V86/><F106/><W59/><G7/><T81/><D118/><U58/><E72/><V12/><F122/><W0/><G0/><T97/><D125/><U66/><E107/><V56/><F128/><W101/><G101/><T76/><D131/><U120/><E120/><V82/><F23/><W51/><G90/><T99/><D57/><U55/><E127/><V41/><F56/><W28/><G28/><T61/><D61/><N who="3" m="23049" /><G123/><T69/><D69/><U130/><E130/><V46/><F74/><W50/><G129/><T103/><D103/><U77/><E116/><V48/><F73/><W119/><G119/><T24/><D1/><U113/><E5/><V132/><F132/><N who="1" m="50761" /><E2/><V121/><F121/><W134/><G134/><T17/><D6/><U21/><E113/><V105/><F105/><W124/><G124/><T70/><D70/><U10/><E10/><V71/><F71/><W64/><G68/><T3/><D3/><U85/><E21/><V98/><F46/><W4/><G4/><T18/><D43/><U30/><E22/><V88/><F12/><W108/><G108/><T13/><D38/><U33/><E33/><V53/><F8/><W32/><G32/><T104/><D13/><U115/><E30/><V83/><F83/><W14/><G14/><T60/><D104/><U110/><E110/><V100/><F100/><W94/><G94/><N who="0" m="56527" /><D60/><AGARI ba="1,1" hai="37,40,45,47,49,50,51,54,59,60,64" m="23049" machi="60" ten="30,12000,1" yaku="35,5" doraHai="15" who="3" fromWho="0" sc="225,-123,244,0,307,0,214,133" /><INIT seed="3,2,0,4,3,84" ten="102,244,307,347" oya="3" hai0="91,115,28,20,121,98,65,130,82,85,0,73,2" hai1="58,53,27,17,41,8,106,32,107,19,112,66,80" hai2="128,133,105,109,24,113,12,111,62,86,57,14,42" hai3="67,3,122,56,102,120,134,55,74,59,77,30,33"/><W44/><G3/><T50/><D121/><U87/><E112/><V81/><F105/><W117/><G117/><T96/><D130/><U40/><E66/><V132/><F113/><W95/><G44/><T23/><D73/><U92/><E92/><V46/><F24/><W16/><G134/><N who="2" m="51817" /><F128/><W123/><G74/><T47/><D115/><U70/><E70/><V45/><F14/><W54/><G67/><T78/><D65/><U97/><E32/><V135/><F12/><W125/><G77/><T25/><D23/><U110/><E110/><N who="2" m="41995" /><F42/><W31/><G33/><T36/><D36/><U124/><E41/><V64/><N who="2" m="51825" /><V118/><DORA hai="103" /><F118/><W9/><G125/><T49/><D49/><U119/><E40/><V72/><F72/><W108/><G108/><T5/><D78/><AGARI ba="2,0" hai="45,46,57,62,64,78,81,86" m="41995,51825" machi="78" ten="40,2600,0" yaku="20,1,14,1" doraHai="84,103" who="2" fromWho="0" sc="102,-32,244,0,307,32,347,0" /><INIT seed="4,0,0,3,5,120" ten="70,244,339,347" oya="0" hai0="106,59,18,27,51,70,116,34,132,89,35,133,128" hai1="37,99,81,42,86,40,4,9,129,72,90,74,98" hai2="101,131,93,17,100,13,22,3,119,11,29,77,61" hai3="45,47,43,91,75,127,58,111,68,134,124,39,33"/><T125/><D116/><U103/><E129/><V108/><F119/><W118/><G118/><T10/><D70/><U55/><E55/><V102/><F131/><W60/><G33/><N who="0" m="12299" /><D128/><U7/><E7/><V78/><F108/><W113/><G75/><T54/><D106/><U25/><E25/><V50/><F61/><W36/><G134/><N who="0" m="51819" /><D125/><N who="3" m="48201" /><G91/><T28/><D89/><U2/><E98/><V97/><F50/><W63/><G113/><T65/><D65/><U31/><E31/><V87/><F87/><W115/><G115/><T95/><D95/><U30/><E30/><V8/><F3/><W76/><G76/><N who="2" m="29289" /><F29/><W79/><G79/><T46/><D10/><AGARI ba="0,0" hai="8,10,11,13,17,22,93,97,100,101,102" m="29289" machi="10" ten="30,1000,0" yaku="8,1" doraHai="120" who="2" fromWho="0" sc="70,-10,244,0,339,10,347,0" /><INIT seed="5,0,0,4,4,87" ten="60,244,349,347" oya="1" hai0="119,45,56,49,74,28,71,73,75,17,110,27,47" hai1="23,10,125,104,84,1,22,35,53,42,86,115,69" hai2="100,68,57,33,65,43,12,62,40,83,99,103,82" hai3="116,96,101,129,21,52,108,44,39,121,6,41,77"/><U8/><E69/><V66/><F33/><W26/><G121/><T24/><D119/><U3/><E104/><V30/><F30/><W111/><G116/><T106/><D106/><U93/><E42/><V48/><F12/><W55/><G6/><T11/><D71/><U0/><E35/><V36/><F36/><W19/><G77/><T78/><D110/><U72/><E72/><V31/><F31/><W135/><G135/><T118/><D118/><U70/><E70/><V88/><F66/><W117/><G117/><T127/><D127/><U18/><E115/><V9/><F9/><W107/><REACH who="3" step="1"/><G129/><REACH who="3" ten="60,244,349,337" step="2"/><T60/><D78/><U54/><E125/><V58/><F68/><W63/><G63/><T91/><D75/><U38/><E0/><V64/><F62/><W61/><G61/><T80/><D74/><U122/><E122/><V124/><F124/><W34/><G34/><T46/><D73/><U126/><E126/><V79/><F79/><W14/><G14/><T112/><D60/><U131/><E131/><V81/><F64/><W2/><G2/><T92/><D27/><U59/><E1/><V13/><F65/><W102/><G102/><T89/><D24/><U4/><E3/><V7/><F13/><W5/><G5/><T128/><D128/><U114/><E4/><V97/><F7/><W51/><G51/><T120/><D120/><U32/><E114/><V15/><F15/><W94/><G94/><T76/><D92/><U25/><E32/><V16/><F103/><W133/><G133/><T109/><D112/><U20/><E93/><V37/><F100/><RYUUKYOKU ba="0,1" sc="60,-10,244,-10,349,-10,337,30" hai3="19,21,26,39,41,44,52,55,96,101,107,108,111" /><INIT seed="6,1,1,5,2,14" ten="50,234,339,367" oya="2" hai0="113,7,42,86,102,104,46,77,89,55,100,52,83" hai1="79,53,21,129,125,103,24,9,93,107,26,108,36" hai2="87,48,126,91,30,57,74,110,90,112,29,44,10" hai3="92,66,98,27,33,56,67,116,69,109,13,32,81"/><V23/><F74/><W54/><G116/><T122/><D122/><U49/><E36/><V128/><F110/><W96/><G109/><T70/><D113/><U16/><E108/><V65/><F112/><W73/><G69/><T60/><D7/><U111/><E111/><V59/><F126/><W78/><G33/><T18/><D104/><U119/><E107/><V88/><F128/><W135/><G98/><T11/><D70/><U115/><E115/><V31/><F10/><W133/><G13/><N who="0" m="7487" /><D77/><U38/><E38/><V120/><F120/><W51/><G32/><T2/><D2/><U99/><E119/><V101/><F101/><N who="0" m="39018" /><D60/><U43/><E125/><V68/><F23/><W76/><G78/><T84/><D84/><U132/><E129/><V28/><N who="2" m="7168" /><DORA hai="19" /><V1/><F1/><W72/><G27/><T34/><D34/><U45/><E79/><V40/><F68/><W17/><G72/><T85/><D85/><U37/><E9/><V4/><F4/><W47/><G96/><T25/><D25/><U62/><E37/><V134/><F134/><W71/><G71/><T123/><D123/><U63/><E132/><V8/><F8/><W15/><G133/><T80/><D80/><U0/><E0/><V131/><F131/><W118/><G118/><T12/><D12/><N who="1" m="9351" /><E63/><N who="2" m="38127" /><F87/><W106/><G135/><T121/><D121/><U61/><E61/><V6/><F6/><W124/><G124/><T114/><D114/><U39/><E39/><V5/><F5/><W94/><G106/><T105/><D105/><U58/><AGARI ba="1,1" hai="24,26,43,45,49,53,58,62,93,99,103" m="9351" machi="58" ten="30,7900,0" yaku="8,1,52,2,54,1" doraHai="14,19" who="1" fromWho="1" sc="50,-21,234,92,339,-40,367,-21" /><INIT seed="7,0,0,0,4,24" ten="29,326,299,346" oya="3" hai0="25,135,41,126,14,82,27,101,35,37,120,55,134" hai1="5,54,70,57,89,85,61,118,15,93,111,125,56" hai2="108,110,59,20,19,106,64,48,8,124,86,60,36" hai3="22,0,18,29,81,122,109,50,96,107,132,65,76"/><W10/><G122/><T51/><D120/><U72/><E111/><V130/><F36/><W74/><G29/><N who="0" m="19887" /><D27/><U78/><E125/><V67/><F106/><W38/><G109/><T123/><D123/><U21/><E118/><V53/><F124/><W43/><G65/><T71/><D126/><U1/><E1/><V128/><F8/><W129/><G50/><T94/><D71/><U45/><E70/><V119/><F119/><W77/><G76/><T121/><D121/><U28/><E72/><V34/><F34/><W116/><G116/><T100/><D82/><U115/><E115/><V95/><F108/><W52/><G132/><N who="0" m="50731" /><D14/><U98/><E45/><V68/><F110/><W127/><G127/><T90/><D37/><U66/><E15/><V73/><F73/><W2/><G2/><T104/><D41/><U92/><E78/><V58/><F64/><W39/><G39/><T79/><D79/><U75/><E75/><V6/><F6/><W80/><G80/><T3/><D3/><U42/><E42/><V33/><F33/><W133/><G133/><T4/><D4/><U16/><E5/><V62/><F62/><W84/><G38/><T31/><D31/><U44/><E28/><V12/><REACH who="2" step="1"/><F68/><REACH who="2" ten="29,326,289,346" step="2"/><W91/><G10/><T26/><D104/><U97/><E66/><V117/><F117/><W32/><G32/><T40/><D26/><N who="1" m="14631" /><E61/><V88/><AGARI ba="0,1" hai="12,19,20,48,53,58,59,60,67,86,88,95,128,130" machi="88" ten="30,8000,1" yaku="1,1,0,1,25,2,54,1,53,0" doraHai="24" doraHaiUra="113" who="2" fromWho="2" sc="29,-20,326,-20,289,90,346,-40" owari="9,-49.0,306,11.0,379,47.0,306,-9.0" /></mjloggm>