<mjloggm ver="2.3"><GO type="97" lobby="0"/><UN n0="%55%53%48%49%21%21" n1="%E3%82%A2%E3%82%AF%E3%82%B9%E3%82%B1" n2="%2D%70%6F%6E%70%6F%6E%2D" n3="%E5%B0%B1%E6%B4%BB%E7%94%9F%40%E5%B7%9D%E6%9D%91%E8%BB%8D%E5%9B%A3" dan="14,14,13,15" rate="1955.43,1884.78,1861.91,2060.87" sx="M,M,M,M"/><TAIKYOKU oya="0"/><INIT seed="0,0,0,5,1,1" ten="250,250,250,250" oya="0" hai0="62,117,107,39,83,2,31,47,19,92,40,103,8" hai1="69,54,37,96,56,67,42,130,23,82,97,87,76" hai2="22,90,55,109,13,105,125,133,32,122,80,81,7" hai3="108,12,93,119,104,20,29,38,114,48,111,18,28"/><T3/><D117/><U34/><E34/><V135/><F105/><W53/><G104/><T9/><D31/><U60/><E130/><V77/><F32/><W64/><G38/><T113/><D113/><U21/><E97/><V65/><F122/><W112/><G64/><T52/><D107/><U110/><E110/><N who="3" m="42026" /><G93/><T46/><D46/><N who="1" m="23887" /><E96/><V116/><F109/><W36/><G36/><T26/><D83/><U121/><E121/><V89/><F65/><W17/><G119/><T134/><D134/><N who="2" m="51210" /><F116/><W129/><G129/><T27/><D3/><U16/><E16/><N who="3" m="6250" /><G53/><T41/><D41/><U44/><E44/><V115/><F115/><N who="3" m="44075" /><G48/><AGARI ba="0,0" hai="21,23,48,54,56,60,67,69,76,82,87" m="23887" machi="48" ten="30,1000,0" yaku="24,1" doraHai="1" who="1" fromWho="3" sc="250,0,250,10,250,0,250,-10" /><INIT seed="1,0,0,4,3,61" ten="250,260,250,240" oya="1" hai0="135,31,79,54,122,112,5,91,132,34,53,20,100" hai1="56,39,59,78,67,106,80,70,30,37,111,40,10" hai2="129,81,110,16,89,101,108,75,45,103,43,25,118" hai3="116,115,128,24,41,124,126,117,99,23,69,55,47"/><U44/><E106/><V93/><F118/><N who="3" m="45675" /><G99/><T88/><D122/><U134/><E134/><N who="0" m="51241" /><D34/><U38/><E30/><V73/><F129/><W17/><G115/><T102/><D79/><U62/><E111/><N who="2" m="42539" /><F81/><W2/><G2/><T84/><D5/><U27/><E27/><V83/><F83/><W90/><G69/><T72/><D72/><N who="2" m="27722" /><F89/><N who="0" m="34378" /><D84/><U42/><E10/><V105/><F93/><W95/><G128/><T35/><D35/><U97/><E97/><V50/><F105/><W113/><G113/><T60/><D112/><U15/><E15/><V52/><F43/><W33/><G33/><T46/><D46/><U49/><REACH who="1" step="1"/><E40/><REACH who="1" ten="250,250,250,240" step="2"/><V48/><F48/><N who="3" m="29087" /><G41/><T85/><D60/><U94/><E94/><V82/><F82/><W123/><G123/><T104/><D104/><U109/><E109/><V127/><F127/><W64/><G95/><T120/><D120/><U7/><E7/><V0/><F0/><W58/><G124/><T12/><D12/><U133/><E133/><V98/><F98/><W130/><G126/><T4/><D4/><U125/><E125/><V68/><F68/><W6/><G6/><T77/><D31/><U86/><AGARI ba="0,1" hai="37,38,39,42,44,49,56,59,62,67,70,78,80,86" machi="86" ten="30,6000,0" yaku="1,1,0,1,52,1,53,0" doraHai="61" doraHaiUra="28" who="1" fromWho="1" sc="250,-20,250,70,250,-20,240,-20" /><INIT seed="1,1,0,5,1,78" ten="230,320,230,220" oya="1" hai0="60,82,101,33,87,2,47,116,15,123,30,88,35" hai1="135,58,130,53,97,63,107,5,20,134,3,98,8" hai2="45,75,28,44,37,81,54,21,69,57,19,18,72" hai3="89,83,121,79,114,68,112,77,91,100,38,56,132"/><U66/><E130/><V102/><F69/><W76/><G68/><T29/><D123/><U65/><E20/><V42/><F102/><W16/><G38/><T51/><D116/><U84/><E84/><V34/><F45/><W74/><G121/><T71/><D2/><U1/><E1/><V0/><F0/><W105/><G132/><T115/><D115/><U52/><E66/><V131/><F131/><W117/><G56/><T85/><D101/><U46/><E46/><V119/><F119/><W99/><G117/><T9/><D35/><U104/><E98/><V122/><F122/><W62/><G62/><T128/><D33/><U11/><E11/><V113/><F113/><N who="3" m="43627" /><G16/><N who="0" m="8303" /><D128/><U110/><E110/><V96/><F96/><W12/><G12/><T109/><D109/><U93/><E107/><V24/><F34/><W124/><G124/><T27/><D27/><U61/><E104/><V125/><F75/><W126/><G126/><T73/><D73/><U80/><E80/><V32/><F32/><W111/><G111/><T14/><D14/><U17/><E17/><V25/><F25/><W13/><G13/><T10/><D10/><U86/><E86/><V129/><F129/><W39/><G39/><T55/><D87/><U50/><E53/><V23/><F125/><W26/><G26/><T118/><D118/><U70/><REACH who="1" step="1"/><E63/><REACH who="1" ten="230,310,230,220" step="2"/><V95/><F23/><W103/><G103/><AGARI ba="1,1" hai="3,5,8,50,52,58,61,65,70,93,97,103,134,135" machi="103" ten="40,7700,0" yaku="1,1,2,1,54,1,53,0" doraHai="78" doraHaiUra="41" who="1" fromWho="3" sc="230,0,310,90,230,0,220,-80" /><INIT seed="1,2,0,3,0,95" ten="230,400,230,140" oya="1" hai0="101,77,54,127,62,92,130,74,65,89,46,119,35" hai1="104,114,110,123,21,135,61,18,58,0,85,57,109" hai2="32,90,68,7,72,117,5,31,16,96,17,126,112" hai3="113,29,14,131,132,48,39,15,100,23,116,59,20"/><U83/><E123/><V88/><F68/><W67/><G39/><T118/><D35/><U111/><E114/><V1/><F72/><W45/><G113/><T56/><D130/><U25/><E104/><V55/><F112/><W122/><G122/><T66/><D127/><U13/><E135/><V63/><F117/><W12/><G116/><T49/><D101/><U86/><E0/><V81/><F126/><W115/><G115/><T53/><D77/><U52/><E58/><N who="2" m="35295" /><F32/><W34/><G131/><T103/><D74/><U24/><E86/><N who="2" m="50255" /><F31/><W30/><G132/><T41/><D103/><U60/><E60/><V134/><F1/><W78/><G78/><AGARI ba="2,0" hai="13,18,21,24,25,52,57,61,78,83,85,109,110,111" machi="78" ten="40,7700,0" yaku="14,1,10,1,54,1" doraHai="95" who="1" fromWho="3" sc="230,0,400,83,230,0,140,-83" /><INIT seed="1,3,0,2,2,53" ten="230,483,230,57" oya="1" hai0="47,122,108,42,101,105,65,52,33,15,96,135,21" hai1="34,103,134,55,22,85,20,132,48,57,125,74,23" hai2="81,16,76,45,109,56,29,67,9,71,4,69,111" hai3="38,126,54,130,25,3,75,27,1,19,58,91,61"/><U66/><E74/><V12/><F45/><W78/><G38/><T110/><D122/><U80/><E34/><V28/><F4/><W79/><G126/><T131/><D65/><U8/><E125/><V6/><F6/><W95/><G130/><T46/><D33/><U30/><E8/><V119/><F119/><W37/><G37/><T26/><D131/><U7/><E7/><V114/><F114/><W89/><G75/><T73/><D73/><U106/><E106/><V133/><F133/><N who="1" m="51305" /><E103/><V113/><F113/><W35/><G35/><T68/><D68/><N who="2" m="26186" /><F81/><W59/><G19/><T39/><D15/><U116/><E116/><V88/><F76/><W102/><G102/><T32/><D32/><U64/><E30/><V104/><F104/><W92/><G54/><T2/><D2/><U11/><E11/><V49/><F88/><AGARI ba="3,0" hai="20,22,23,48,55,57,64,66,80,85,88" m="51305" machi="88" ten="30,5800,0" yaku="20,1,52,1,54,1" doraHai="53" who="1" fromWho="2" sc="230,0,483,67,230,-67,57,0" /><INIT seed="1,4,0,5,5,21" ten="230,550,163,57" oya="1" hai0="119,134,81,135,78,70,86,7,63,29,116,115,51" hai1="104,16,105,56,20,126,60,110,113,102,84,79,90" hai2="24,41,129,27,82,76,50,124,2,58,45,3,34" hai3="93,125,118,38,5,128,61,26,53,46,9,40,42"/><U15/><E113/><V94/><F34/><W52/><G118/><T62/><D115/><U74/><E126/><V121/><F121/><W69/><G125/><T31/><D7/><U8/><E110/><V103/><F124/><W67/><G128/><T127/><D127/><U64/><E74/><V80/><F129/><W11/><G11/><T107/><D107/><U97/><E79/><V75/><F82/><W28/><G42/><T91/><D78/><U25/><E97/><V23/><F23/><W77/><G77/><T83/><D83/><U36/><E36/><V87/><F58/><W65/><G65/><T89/><D51/><U19/><E102/><V131/><F131/><W117/><G93/><AGARI ba="4,0" hai="8,15,16,19,20,25,56,60,64,84,90,93,104,105" machi="93" ten="30,5800,0" yaku="7,1,52,1,54,1" doraHai="21" who="1" fromWho="3" sc="230,0,550,70,163,0,57,-70" owari="230,3.0,620,72.0,163,-24.0,-13,-51.0" /></mjloggm>