<mjloggm ver="2.3"><GO type="97" lobby="0"/><UN n0="%E3%83%96%E3%83%AA%E3%83%BC%E3%83%95%E5%A4%AA" n1="%E4%B8%8A%E5%AE%B6%E9%B3%B4%E3%81%8B%E3%81%9B%E3%82%8D" n2="%E5%B0%91%E5%B9%B4%E3%82%88%E6%88%91%E3%81%AB%E5%B8%B0%E3%82%8C" n3="%E5%B0%B1%E6%B4%BB%E7%94%9F%40%E5%B7%9D%E6%9D%91%E8%BB%8D%E5%9B%A3" dan="13,15,15,14" rate="1921.02,1998.19,1960.57,1994.32" sx="M,M,F,M"/><TAIKYOKU oya="0"/><INIT seed="0,0,0,5,2,88" ten="250,250,250,250" oya="0" hai0="81,31,70,46,45,109,75,3,131,52,56,106,18" hai1="44,35,94,105,114,62,8,104,68,16,87,38,122" hai2="84,5,111,27,91,121,119,113,99,37,0,7,21" hai3="64,43,117,22,77,128,134,66,24,133,42,54,20"/><T74/><D106/><U58/><E35/><V47/><F121/><W123/><G117/><T59/><D70/><U116/><E68/><V23/><F119/><W65/><G123/><T6/><D31/><U127/><E114/><V72/><F72/><W78/><G128/><T85/><D131/><U120/><E116/><V107/><F113/><W71/><G54/><T61/><D3/><U55/><E127/><V102/><F0/><W17/><G71/><T25/><D6/><U4/><E105/><V103/><F111/><W83/><G22/><N who="0" m="13527" /><D75/><U126/><E104/><V130/><F103/><W125/><G125/><T110/><D74/><U11/><E126/><V41/><F130/><W92/><G92/><T2/><D2/><U50/><E38/><V57/><F57/><W14/><G24/><T101/><D101/><U73/><E73/><V13/><F13/><W93/><G93/><T19/><D19/><U95/><E120/><V98/><F98/><W67/><N who="3" m="16896" /><DORA hai="132" /><W34/><G34/><T80/><D56/><U135/><E87/><V49/><F37/><W48/><G78/><N who="0" m="46231" /><D81/><U36/><E36/><V129/><F129/><W86/><REACH who="3" step="1"/><G48/><REACH who="3" ten="250,250,250,240" step="2"/><T124/><D124/><U63/><E122/><V69/><F69/><W60/><G60/><T118/><D118/><U89/><E63/><V76/><F76/><W39/><G39/><T10/><D10/><U40/><E11/><V96/><F23/><W115/><G115/><T12/><D12/><U1/><E62/><V100/><F21/><W112/><G112/><T28/><D28/><U51/><E51/><V32/><F32/><RYUUKYOKU ba="0,1" sc="250,15,250,-15,250,-15,240,15" hai0="45,46,52,59,61,109,110" hai3="14,17,20,42,43,77,83,86,133,134" /><INIT seed="0,1,1,5,5,77" ten="265,235,235,255" oya="0" hai0="37,103,36,78,47,87,10,13,5,3,65,134,56" hai1="34,23,29,91,8,85,66,46,100,98,102,40,44" hai2="124,38,73,55,60,121,115,45,59,27,75,95,14" hai3="113,116,97,80,122,20,119,49,22,11,28,123,108"/><T41/><D103/><U32/><E32/><V133/><F115/><W6/><G97/><T64/><D134/><U51/><E34/><V19/><F121/><N who="3" m="46091" /><G49/><T54/><D36/><U82/><E66/><V57/><F133/><W79/><G113/><T89/><D78/><U112/><E112/><V83/><F124/><W106/><G106/><T86/><D3/><U120/><E120/><V71/><F71/><W43/><G43/><T90/><D86/><U62/><E62/><V30/><F95/><W9/><G108/><T7/><D7/><U114/><E114/><V96/><F96/><W81/><G9/><T72/><D72/><U12/><E98/><V107/><F107/><W84/><G80/><T2/><D2/><U33/><E33/><V42/><F59/><W76/><G76/><T17/><D5/><N who="1" m="3087" /><E46/><V68/><F68/><W16/><G28/><T25/><D25/><AGARI ba="1,1" hai="23,25,29,40,44,51,82,85,91,100,102" m="3087" machi="25" ten="30,2000,0" yaku="8,1,52,1" doraHai="77" who="1" fromWho="0" sc="265,-23,235,33,235,0,255,0" /><INIT seed="1,0,0,1,5,34" ten="242,268,235,255" oya="1" hai0="109,61,114,56,133,16,112,6,25,123,113,116,88" hai1="96,1,27,122,47,50,124,45,17,40,77,31,86" hai2="0,54,21,60,43,82,7,134,8,80,53,9,117" hai3="90,115,131,95,91,41,104,62,85,118,81,78,107"/><U18/><E122/><V51/><F117/><W63/><G41/><T59/><D116/><U29/><E124/><V126/><F126/><W3/><G118/><T30/><D123/><U68/><E68/><V15/><F134/><W42/><G42/><T119/><D119/><U37/><E1/><V19/><F9/><W79/><G3/><T35/><D133/><U105/><E105/><N who="3" m="40522" /><G62/><T2/><D109/><U52/><E96/><V128/><F128/><W74/><G63/><T120/><D120/><U135/><E135/><V14/><F0/><W4/><G4/><T121/><D121/><U64/><E64/><V5/><F5/><W132/><G132/><T28/><D28/><U83/><REACH who="1" step="1"/><E31/><REACH who="1" ten="242,258,235,255" step="2"/><V130/><F130/><W108/><G115/><T69/><D69/><U22/><AGARI ba="0,1" hai="17,18,22,27,29,37,40,45,47,50,52,77,83,86" machi="22" ten="20,12000,1" yaku="1,1,2,1,0,1,7,1,54,1,53,0" doraHai="34" doraHaiUra="10" who="1" fromWho="1" sc="242,-40,258,130,235,-40,255,-40" /><INIT seed="1,1,0,1,4,63" ten="202,388,195,215" oya="1" hai0="61,113,119,4,121,83,24,88,111,91,127,46,79" hai1="22,20,40,59,117,124,77,72,70,34,33,107,16" hai2="31,17,53,108,32,3,125,10,12,85,36,42,13" hai3="5,52,35,37,71,131,1,87,18,58,128,62,110"/><U73/><E70/><V43/><F108/><W94/><G35/><T15/><D113/><U8/><E107/><V38/><F125/><W86/><G110/><T69/><D119/><U26/><E124/><V104/><F104/><W118/><G37/><T100/><D111/><U82/><E117/><V66/><F66/><N who="3" m="41431" /><G118/><T51/><D100/><U99/><E73/><V132/><F132/><W102/><G18/><T11/><D127/><U21/><E21/><V122/><F122/><W135/><G5/><T116/><D24/><U54/><E40/><V67/><F67/><W133/><G1/><T98/><D98/><U76/><E76/><V49/><F3/><W65/><G65/><N who="0" m="41135" /><D121/><U30/><E99/><V25/><F85/><N who="3" m="32267" /><G94/><T120/><D120/><U44/><E44/><V103/><F103/><W39/><G102/><T80/><D80/><U106/><E106/><V50/><F36/><W97/><G97/><T109/><D116/><U47/><E47/><V89/><F38/><W57/><G57/><T0/><D109/><U129/><E8/><V55/><F89/><W90/><G90/><T7/><D7/><U14/><REACH who="1" step="1"/><E129/><REACH who="1" ten="202,378,195,215" step="2"/><N who="3" m="49738" /><G39/><T134/><D79/><U130/><E130/><V60/><F32/><W6/><G6/><T27/><D4/><U112/><E112/><V64/><F10/><W115/><G115/><T75/><D0/><U28/><E28/><V95/><F31/><W78/><G78/><T92/><D46/><U101/><E101/><V29/><F29/><W105/><G105/><T68/><D68/><U19/><E19/><V114/><F17/><W84/><G84/><RYUUKYOKU ba="1,1" sc="202,-15,378,15,195,-15,215,15" hai1="14,16,20,22,26,30,33,34,54,59,72,77,82" hai3="52,58,133,135" /><INIT seed="1,2,1,3,0,83" ten="187,393,180,230" oya="1" hai0="30,70,129,36,112,58,20,82,87,39,53,118,44" hai1="10,56,5,2,128,57,48,75,98,15,115,96,125" hai2="78,23,89,123,72,37,34,4,71,110,108,6,19" hai3="114,26,135,27,95,51,77,131,68,45,105,101,117"/><U14/><E75/><V97/><F34/><W62/><G105/><T113/><D70/><U76/><E115/><V130/><F71/><W80/><G114/><T88/><D118/><U126/><E128/><V124/><F123/><W84/><G117/><T67/><D67/><U100/><E76/><V64/><F64/><W49/><G131/><T104/><D104/><U116/><E116/><V24/><F130/><W119/><G119/><T31/><D129/><U60/><E48/><V66/><F66/><W134/><G68/><T41/><D39/><U43/><E43/><V127/><F78/><W132/><G62/><T8/><D8/><U21/><E98/><V46/><F46/><W47/><G47/><T86/><D30/><U11/><E21/><V94/><F72/><W61/><G61/><T32/><D32/><U16/><E2/><V74/><F37/><W69/><G69/><T13/><D13/><U85/><E85/><V52/><F52/><N who="3" m="29743" /><G51/><T17/><D17/><U59/><REACH who="1" step="1"/><E60/><REACH who="1" ten="187,383,180,230" step="2"/><V22/><F22/><W99/><AGARI ba="2,2" hai="26,27,77,80,84,95,99,101,132,134,135" m="29743" machi="99" ten="40,5200,0" yaku="20,1,52,1,54,1" doraHai="83" who="3" fromWho="3" sc="187,-15,383,-28,180,-15,230,78" /><INIT seed="2,0,0,3,0,106" ten="172,355,165,308" oya="2" hai0="118,32,56,51,16,43,79,122,15,39,31,37,107" hai1="92,125,67,135,49,59,11,85,18,19,29,108,128" hai2="55,25,68,58,104,52,28,0,78,34,26,126,83" hai3="81,102,38,57,65,109,84,116,8,27,2,73,98"/><V7/><F104/><W88/><G38/><T131/><D107/><U41/><E108/><V94/><F68/><W17/><G116/><T110/><D122/><U62/><E125/><V21/><F126/><W64/><G109/><T48/><D110/><U69/><E69/><V77/><F77/><W82/><G2/><T93/><D118/><U117/><E117/><V46/><F94/><W120/><G120/><T127/><D79/><U5/><E128/><V20/><F46/><W129/><G129/><T86/><D131/><U132/><E29/><V4/><F0/><W115/><G115/><T72/><D127/><U113/><E113/><V80/><F80/><W50/><G73/><T9/><D72/><U123/><E123/><V105/><F105/><W89/><G102/><T121/><D121/><U44/><E92/><V133/><F133/><N who="1" m="51273" /><E85/><N who="2" m="48375" /><F34/><W45/><G57/><T36/><D56/><U70/><E70/><V76/><F76/><W97/><G97/><T33/><D43/><U3/><AGARI ba="0,0" hai="3,5,11,18,19,41,44,49,59,62,67" m="51273" machi="3" ten="30,1100,0" yaku="20,1" doraHai="106" who="1" fromWho="1" sc="172,-3,355,11,165,-5,308,-3" /><INIT seed="3,0,0,0,5,12" ten="169,366,160,305" oya="3" hai0="54,44,86,78,120,82,111,90,69,46,52,98,36" hai1="104,73,26,5,133,99,83,92,97,24,77,114,14" hai2="112,134,122,55,102,58,113,94,42,65,75,48,118" hai3="101,29,135,74,124,117,129,49,64,89,110,23,57"/><W68/><G68/><T39/><D69/><U105/><E114/><V80/><F118/><W40/><G74/><T106/><D120/><U126/><E126/><V9/><F122/><W37/><G117/><T115/><D115/><U76/><E133/><V88/><F113/><W56/><G124/><T131/><D131/><U71/><E71/><V53/><F112/><W13/><G129/><T50/><D111/><U79/><E83/><V3/><F75/><W84/><G135/><T127/><D127/><U31/><E26/><V66/><F134/><W33/><G33/><T67/><D67/><N who="2" m="25610" /><F3/><W125/><G125/><T41/><D41/><U62/><E62/><N who="2" m="36175" /><F42/><W35/><G35/><T70/><D70/><U25/><E25/><V61/><F61/><N who="3" m="37927" /><G37/><T132/><D132/><U4/><E14/><V60/><F60/><W28/><G110/><T107/><D107/><U91/><E73/><V45/><F9/><W63/><G101/><T18/><D106/><U121/><E121/><V19/><F19/><N who="3" m="10735" /><G40/><T34/><D34/><U32/><E105/><V38/><F38/><W1/><G49/><N who="0" m="28711" /><D39/><U119/><E119/><V47/><F102/><W20/><G1/><T81/><D36/><U2/><E2/><V116/><F116/><W7/><G7/><T128/><D128/><U22/><E32/><V130/><F130/><W96/><G96/><N who="1" m="36938" /><E104/><V27/><F27/><W103/><G103/><T108/><D108/><U21/><E21/><V87/><F45/><W51/><G51/><T0/><D0/><U11/><E11/><V6/><F6/><W10/><G29/><T93/><D18/><RYUUKYOKU ba="0,0" sc="169,10,366,10,160,10,305,-30" hai0="46,50,54,78,81,82,86,90,93,98" hai1="4,5,22,24,31,76,77,79,91,92" hai2="47,48,55,80,87,88,94" owari="179,-22.0,376,47.0,170,-33.0,275,8.0" /></mjloggm>