<mjloggm ver="2.3"><GO type="193" lobby="0"/><UN n0="%E7%A8%B2%E4%BD%9C%E3%83%B4%E3%82%A9%E3%83%AB%E3%82%B1%E3%82%A4%E3%83%8E" n1="%53%32%30%33" n2="%E3%83%88%E3%83%88%E3%83%AA%E5%85%88%E7%94%9F%31%39%E6%AD%B3" n3="%E7%89%8C%E3%81%98%E3%82%83%E3%81%AA%E3%81%84%E3%81%8C" dan="11,12,8,13" rate="1910.37,1773.91,1863.40,1734.70" sx="M,M,F,M"/><TAIKYOKU oya="0"/><INIT seed="0,0,0,2,5,61" ten="250,250,250,250" oya="0" hai0="124,114,67,95,59,28,94,81,83,11,13,55,120" hai1="14,3,105,121,104,47,53,29,69,126,88,24,6" hai2="111,130,98,52,135,46,38,102,9,50,100,80,93" hai3="48,112,89,99,31,27,76,8,65,106,44,62,34"/><T122/><D114/><U110/><E110/><V51/><F111/><W85/><G76/><T0/><D0/><U2/><E126/><V4/><F130/><W82/><G112/><T33/><D124/><U20/><E69/><V68/><F135/><W107/><G8/><T70/><D70/><U16/><E121/><V37/><F68/><W128/><G128/><T108/><D108/><U132/><E132/><V63/><F100/><W36/><G36/><T90/><D120/><U77/><E77/><V18/><F63/><W117/><G117/><T32/><D122/><U43/><E53/><V5/><F80/><W133/><G133/><T91/><D28/><U96/><E2/><V115/><F115/><W10/><G10/><T17/><D67/><U92/><E6/><V71/><F71/><W21/><G34/><T66/><D66/><U75/><E75/><V15/><F38/><W123/><G123/><T40/><D40/><U49/><REACH who="1" step="1"/><E3/><REACH who="1" ten="250,240,250,250" step="2"/><V60/><F5/><W57/><REACH who="3" step="1"/><G99/><REACH who="3" ten="250,240,250,240" step="2"/><T118/><D118/><U35/><AGARI ba="0,2" hai="14,16,20,24,29,35,43,47,49,88,92,96,104,105" machi="35" ten="20,12000,2" yaku="1,1,2,1,0,1,7,1,54,2,53,0" doraHai="61" doraHaiUra="129" who="1" fromWho="1" sc="250,-60,240,140,250,-30,240,-30" /><INIT seed="1,0,0,0,0,117" ten="190,380,220,210" oya="1" hai0="18,96,78,80,12,41,107,134,17,110,10,64,124" hai1="84,92,47,121,103,87,14,98,93,77,38,130,70" hai2="97,114,61,122,100,101,72,34,109,105,22,132,74" hai3="112,94,60,95,133,27,31,51,119,24,71,65,116"/><U53/><E70/><V2/><F34/><W128/><G112/><T111/><D134/><U66/><E66/><V123/><F2/><W135/><G128/><T115/><D115/><U102/><E130/><V91/><F61/><W50/><G31/><T37/><D124/><U15/><E121/><N who="2" m="46091" /><F22/><W28/><G28/><T108/><D64/><U125/><E125/><V63/><F63/><W35/><G35/><T99/><D107/><U86/><E38/><V25/><F25/><N who="3" m="9803" /><G71/><T59/><D59/><U26/><E26/><V5/><F5/><W67/><G60/><T89/><D89/><U104/><E77/><V85/><F114/><W11/><G67/><T40/><D18/><U81/><E104/><N who="2" m="63503" /><F109/><W90/><G65/><T33/><D33/><U57/><E47/><V69/><F69/><W39/><G39/><T73/><REACH who="0" step="1"/><D40/><REACH who="0" ten="180,380,220,210" step="2"/><U83/><E57/><V46/><F132/><W127/><G127/><T8/><D8/><U0/><E0/><V62/><F46/><AGARI ba="0,1" hai="10,12,17,37,41,46,73,78,80,96,99,108,110,111" machi="46" ten="40,5200,0" yaku="1,1,14,1,53,1" doraHai="117" doraHaiUra="79" who="0" fromWho="2" sc="180,62,380,0,220,-52,210,0" /><INIT seed="2,0,0,4,0,87" ten="242,380,168,210" oya="2" hai0="107,57,97,61,96,53,37,101,99,0,135,65,75" hai1="60,108,11,42,8,91,118,115,38,109,21,134,26" hai2="36,34,98,13,70,1,55,132,24,72,6,76,119" hai3="111,86,88,20,93,48,129,113,59,114,27,62,28"/><V121/><F119/><W33/><G129/><T64/><D0/><U3/><E115/><N who="3" m="44042" /><G111/><N who="1" m="42570" /><E134/><V100/><F121/><W120/><G120/><T103/><D135/><U5/><E60/><V77/><F132/><W90/><G48/><T25/><D37/><U14/><E91/><V104/><F13/><W49/><G49/><T40/><D40/><U116/><E42/><V117/><F117/><W30/><G30/><T78/><D25/><U110/><E38/><V125/><F125/><W15/><G15/><T133/><D133/><U41/><E41/><V71/><F36/><W2/><G2/><T31/><D31/><N who="1" m="17871" /><E110/><V69/><F55/><N who="3" m="34175" /><G90/><T122/><D122/><U50/><E50/><V23/><F34/><AGARI ba="0,0" hai="20,27,28,33,34,86,88,93" m="34175,44042" machi="34" ten="30,3900,0" yaku="11,1,52,1,54,1" doraHai="87" who="3" fromWho="2" sc="242,0,380,0,168,-39,210,39" /><INIT seed="3,0,0,3,4,28" ten="242,380,129,249" oya="3" hai0="101,14,8,134,130,103,72,108,9,119,127,29,89" hai1="113,114,84,61,100,60,64,2,87,120,131,79,17" hai2="13,93,124,80,32,96,37,46,106,23,26,125,34" hai3="57,95,50,22,56,52,15,53,25,90,62,122,6"/><W47/><G122/><T35/><D119/><U112/><E2/><V132/><F80/><W55/><G6/><T105/><D72/><U40/><E40/><V85/><F85/><N who="3" m="52687" /><G15/><T135/><D108/><U75/><E75/><V58/><F106/><W49/><G62/><T129/><D89/><U121/><E100/><N who="0" m="38473" /><D105/><U24/><E131/><N who="0" m="50185" /><D127/><N who="2" m="48714" /><F93/><W74/><G74/><T123/><D123/><U39/><E39/><V5/><F96/><W107/><G107/><T54/><D54/><N who="3" m="21097" /><G49/><T67/><D67/><U111/><E111/><V4/><F58/><W63/><G63/><T27/><D9/><U30/><E61/><V12/><F132/><W88/><G88/><T21/><D21/><U133/><E133/><V81/><F81/><W104/><G104/><T33/><D35/><N who="2" m="13354" /><F46/><W97/><G97/><T78/><D78/><U41/><E79/><V43/><F43/><W31/><AGARI ba="0,0" hai="22,25,31,47,50,55,56,57" m="21097,52687" machi="31" ten="30,3000,0" yaku="8,1,54,1" doraHai="28" who="3" fromWho="3" sc="242,-10,380,-10,129,-10,249,30" /><INIT seed="3,1,0,2,1,82" ten="232,370,119,279" oya="3" hai0="123,71,97,4,60,18,63,68,74,35,44,65,90" hai1="53,92,9,80,87,105,37,29,57,51,22,86,73" hai2="117,69,103,31,17,21,108,15,28,111,41,25,72" hai3="133,8,109,79,99,56,89,34,102,118,5,52,75"/><W50/><G118/><T95/><D123/><U48/><E37/><V30/><F69/><W88/><G34/><T114/><D114/><U38/><E38/><V27/><F72/><W46/><G133/><T96/><D74/><U26/><E105/><V128/><F103/><W55/><G109/><T107/><D4/><U112/><E9/><V132/><F41/><W124/><G124/><T94/><D107/><U24/><E73/><V49/><F49/><W135/><G135/><T3/><D3/><U0/><E0/><V119/><F132/><W93/><G79/><T61/><D35/><U32/><E51/><V91/><F91/><W12/><G75/><T131/><D131/><U43/><E43/><V122/><F128/><W45/><G46/><T116/><D116/><U6/><E6/><V11/><F122/><W40/><G55/><T129/><D129/><U127/><E127/><V42/><F42/><W10/><G10/><T121/><D121/><U115/><E92/><V77/><F77/><W19/><REACH who="3" step="1"/><G5/><REACH who="3" ten="232,370,119,269" step="2"/><T81/><D44/><U106/><E115/><V110/><REACH who="2" step="1"/><F31/><REACH who="2" ten="232,370,109,269" step="2"/><W7/><G7/><T39/><D39/><AGARI ba="1,2" hai="8,12,19,39,40,45,50,52,56,88,89,93,99,102" machi="39" ten="30,12000,1" yaku="1,1,7,1,54,2,53,1" doraHai="82" doraHaiUra="54" who="3" fromWho="0" sc="232,-123,370,0,109,0,269,143" owari="109,-29.0,370,17.0,109,-39.0,412,51.0" /></mjloggm>