<mjloggm ver="2.3"><GO type="233" lobby="0"/><UN n0="%E3%81%AE%E3%81%A1%E3%82%86%E3%82%93" n1="%54%61%6E%70%61%61%63%68" n2="%72%79%6F%E2%80%A6%31%35" n3="%E3%82%A6%E3%83%AB%E3%83%88%E3%83%A9%E7%AB%8B%E7%9B%B4" dan="16,16,17,17" rate="2182.45,2078.35,2126.36,2172.86" sx="F,M,M,M"/><TAIKYOKU oya="0"/><INIT seed="0,0,0,1,4,17" ten="250,250,250,250" oya="0" hai0="59,28,99,96,21,105,2,44,122,27,134,120,24" hai1="0,86,18,121,73,48,94,78,117,119,61,63,30" hai2="118,33,115,106,77,14,71,110,1,53,100,87,111" hai3="107,41,34,36,7,54,130,104,102,32,98,66,37"/><T67/><D2/><U126/><E0/><V43/><F1/><W40/><G54/><T64/><D134/><U51/><E30/><V75/><F71/><W108/><G66/><T127/><D127/><U109/><E121/><V49/><F33/><W81/><G81/><T6/><D6/><U35/><E35/><V133/><F43/><W74/><G74/><T11/><D11/><U52/><E109/><V5/><F115/><W68/><G68/><T4/><D4/><U93/><E73/><V16/><F5/><W76/><G76/><T26/><D44/><U70/><E70/><V3/><F3/><W45/><G7/><T55/><D105/><U116/><E126/><V125/><F75/><W89/><G89/><T31/><D120/><U128/><E18/><V39/><F39/><W20/><G108/><N who="2" m="41513" /><F125/><W113/><G113/><T60/><D122/><U129/><E48/><V84/><F77/><W80/><G130/><N who="1" m="50282" /><E78/><V23/><F118/><W29/><G104/><T132/><D132/><U114/><E114/><V82/><F82/><W88/><G41/><T15/><D15/><U25/><E25/><N who="0" m="9833" /><D28/><U92/><E86/><V123/><F123/><W42/><G42/><T62/><D62/><U38/><E38/><V90/><F133/><W56/><G37/><T22/><D31/><U69/><E69/><V101/><F106/><W13/><G34/><T97/><N who="0" m="9841" /><T58/><DORA hai="135" /><D58/><AGARI ba="0,0" hai="51,52,58,61,63,92,93,94,116,117,119" m="50282" machi="58" ten="40,2600,0" yaku="19,1,54,1" doraHai="17,135" who="1" fromWho="0" sc="250,-26,250,26,250,0,250,0" /><INIT seed="1,0,0,3,4,12" ten="224,276,250,250" oya="1" hai0="106,55,130,66,132,90,116,13,99,109,113,87,0" hai1="104,31,3,85,103,73,58,124,96,33,94,77,9" hai2="92,75,50,42,40,4,88,11,25,18,17,57,10" hai3="93,6,14,63,1,65,61,76,83,97,70,15,37"/><U29/><E124/><V47/><F75/><W36/><G1/><T20/><D0/><U131/><E131/><V111/><F111/><W67/><G6/><T45/><D116/><U7/><E33/><V16/><F40/><W122/><G122/><T56/><D113/><U23/><E23/><V72/><F72/><W100/><G15/><T101/><D130/><U80/><E58/><V74/><F74/><W121/><G121/><T135/><D109/><U71/><REACH who="1" step="1"/><E71/><REACH who="1" ten="224,266,250,250" step="2"/><V120/><F120/><W43/><G70/><T2/><D56/><U79/><E79/><V48/><F25/><W68/><G68/><T86/><D20/><U64/><E64/><V51/><F57/><W34/><G76/><T123/><D66/><U127/><E127/><V112/><F112/><W46/><G34/><T21/><D123/><U89/><AGARI ba="0,1" hai="3,7,9,29,31,73,77,80,85,89,94,96,103,104" machi="89" ten="30,12000,1" yaku="1,1,0,1,24,2,53,1" doraHai="12" doraHaiUra="35" who="1" fromWho="1" sc="224,-40,266,130,250,-40,250,-40" /><INIT seed="1,1,0,5,0,125" ten="184,396,210,210" oya="1" hai0="53,35,92,109,121,75,99,39,19,56,30,119,102" hai1="9,68,5,100,46,3,103,134,78,2,129,113,77" hai2="107,86,132,89,96,114,97,45,70,48,10,60,0" hai3="112,108,52,49,51,14,1,123,94,40,8,12,18"/><U42/><E113/><V28/><F114/><W115/><G123/><T67/><D39/><U81/><E68/><V85/><F28/><W55/><G1/><T110/><D75/><N who="1" m="43199" /><E78/><V37/><F37/><W88/><G40/><T54/><D119/><U44/><E44/><V130/><F130/><W133/><G108/><N who="0" m="41579" /><D121/><U82/><E129/><V41/><F132/><W106/><G133/><T43/><D43/><U25/><E82/><V34/><F34/><W76/><G106/><T32/><D19/><U135/><E25/><V80/><F107/><W91/><G76/><T84/><D84/><U16/><E16/><V71/><F71/><W61/><G61/><N who="0" m="38311" /><D30/><U20/><E20/><V87/><F87/><W50/><G12/><T90/><D102/><N who="1" m="38955" /><E2/><V93/><F70/><W74/><G74/><T21/><D21/><U131/><E131/><V83/><F60/><W101/><G115/><T111/><N who="0" m="41587" /><T36/><DORA hai="58" /><D36/><AGARI ba="1,0" hai="3,5,9,36,42,46,134,135" m="38955,43199" machi="36" ten="30,1500,0" yaku="25,1" doraHai="125,58" who="1" fromWho="0" sc="184,-18,396,18,210,0,210,0" /><INIT seed="1,2,0,2,3,54" ten="166,414,210,210" oya="1" hai0="79,134,10,2,13,5,40,70,34,114,72,102,35" hai1="32,58,76,33,46,91,0,105,62,28,38,45,22" hai2="135,23,132,17,101,125,67,80,122,84,111,42,44" hai3="116,120,66,30,59,63,117,31,19,89,49,52,81"/><U4/><E105/><V68/><F111/><W50/><G120/><T128/><D114/><U83/><E91/><V110/><F110/><W9/><G50/><T121/><D121/><U82/><E0/><V48/><F101/><W20/><G9/><T86/><D134/><U36/><E4/><V106/><F106/><W94/><G81/><T71/><D128/><U18/><E28/><V11/><F11/><W26/><G117/><T119/><D119/><U127/><E127/><V78/><F125/><W75/><G75/><T53/><D102/><U131/><E76/><V73/><F122/><W108/><G108/><T103/><D103/><U25/><E18/><V104/><F104/><W92/><G92/><T29/><D13/><U99/><E99/><V64/><F73/><W43/><G43/><T107/><D107/><U21/><E25/><V69/><F69/><N who="0" m="26122" /><D29/><U27/><E62/><V88/><F78/><W90/><G90/><T7/><D53/><U65/><E27/><N who="2" m="14831" /><F68/><W109/><G116/><T123/><D86/><U51/><E131/><V85/><F85/><N who="3" m="52527" /><G109/><T97/><D97/><U6/><E6/><V112/><F112/><W55/><G55/><T100/><D100/><U95/><E95/><V61/><F61/><W115/><G115/><T77/><D123/><U3/><E3/><V133/><AGARI ba="2,0" hai="42,44,48,64,67,80,84,88,132,133,135" m="14831" machi="133" ten="30,2000,0" yaku="20,1,54,1" doraHai="54" who="2" fromWho="2" sc="166,-7,414,-12,210,26,210,-7" /><INIT seed="2,0,0,1,5,30" ten="159,402,236,203" oya="2" hai0="44,108,127,79,23,93,74,94,66,47,90,24,105" hai1="33,55,9,62,67,8,123,97,39,83,85,31,16" hai2="41,103,49,14,84,88,95,112,37,35,19,40,72" hai3="131,121,102,81,135,51,98,122,15,59,46,6,43"/><V132/><F37/><W34/><G131/><T18/><D105/><U101/><E39/><V64/><F72/><W63/><G135/><T21/><D127/><U48/><E33/><V75/><F75/><W27/><G81/><T71/><D108/><U17/><E31/><V89/><F112/><W82/><G82/><T53/><D79/><U32/><E32/><V56/><F35/><W99/><G99/><T52/><D74/><U54/><E67/><V86/><F103/><W58/><G58/><T45/><D66/><U120/><E62/><N who="2" m="37959" /><F49/><W3/><G3/><T130/><D71/><U134/><E134/><V60/><F60/><W10/><G27/><N who="0" m="14775" /><D130/><U115/><E115/><V106/><F106/><W65/><REACH who="3" step="1"/><G34/><REACH who="3" ten="159,402,236,193" step="2"/><T116/><D116/><U20/><E97/><V69/><F69/><W87/><G87/><N who="0" m="52447" /><D94/><AGARI ba="0,1" hai="6,10,15,43,46,51,59,63,65,94,98,102,121,122" machi="94" ten="30,3900,0" yaku="1,1,7,1,53,1" doraHai="30" doraHaiUra="4" who="3" fromWho="0" sc="159,-39,402,0,236,0,193,49" /><INIT seed="3,0,0,1,2,80" ten="120,402,236,242" oya="3" hai0="120,24,96,107,70,66,124,71,19,93,132,95,2" hai1="38,133,39,76,130,85,119,126,61,104,89,83,117" hai2="101,99,97,92,25,29,23,27,35,13,55,105,34" hai3="88,69,127,32,128,129,65,20,7,6,40,121,74"/><W79/><G32/><T42/><D120/><U58/><E104/><V30/><F13/><W100/><G121/><T103/><D2/><U31/><E126/><V102/><F55/><W8/><G100/><T86/><D124/><U131/><E133/><V10/><REACH who="2" step="1"/><F23/><REACH who="2" ten="120,402,226,242" step="2"/><W50/><G127/><T54/><D132/><U68/><E119/><V87/><F87/><W17/><G74/><T48/><D42/><U59/><E117/><V9/><AGARI ba="0,1" hai="9,10,25,27,29,30,34,35,92,97,99,101,102,105" machi="9" ten="30,4000,0" yaku="1,1,0,1,9,1,53,0" doraHai="80" doraHaiUra="78" who="2" fromWho="2" sc="120,-10,402,-10,226,50,242,-20" /><INIT seed="4,0,0,1,4,131" ten="110,392,276,222" oya="0" hai0="12,84,89,83,81,35,118,29,111,87,5,73,2" hai1="33,72,113,124,49,114,100,14,128,64,7,3,38" hai2="36,45,74,55,0,70,103,69,60,75,85,95,125" hai3="101,90,20,63,109,34,57,94,123,86,97,77,59"/><T9/><D118/><U133/><E133/><V76/><F0/><W39/><G34/><T32/><D73/><U135/><E135/><V48/><F125/><W28/><G39/><T116/><D116/><U105/><E72/><V132/><F132/><W4/><G109/><T115/><D111/><U40/><E38/><V66/><F36/><W119/><G119/><T41/><D115/><N who="1" m="44043" /><E3/><V99/><F70/><W53/><G4/><T62/><D41/><U122/><E33/><V127/><F127/><W130/><G130/><T117/><D117/><U65/><E128/><V51/><F76/><W18/><G28/><T93/><D29/><U91/><E91/><V17/><F85/><W27/><G123/><T23/><D2/><U25/><E25/><V106/><F106/><W58/><REACH who="3" step="1"/><G77/><REACH who="3" ten="110,392,276,212" step="2"/><T52/><D23/><U98/><E122/><V112/><F112/><W107/><AGARI ba="0,1" hai="18,20,27,53,57,58,59,63,86,90,94,97,101,107" machi="107" ten="20,5200,0" yaku="1,1,2,1,0,1,7,1,53,0" doraHai="131" doraHaiUra="6" who="3" fromWho="3" sc="110,-26,392,-13,276,-13,212,62" /><INIT seed="5,0,0,5,4,134" ten="84,379,263,274" oya="1" hai0="38,105,114,120,65,74,35,14,63,25,86,54,29" hai1="108,2,96,23,87,64,113,55,100,24,57,82,7" hai2="75,89,9,71,119,128,122,41,1,61,59,111,94" hai3="121,69,49,21,44,31,79,26,81,37,17,80,88"/><U58/><E113/><V52/><F111/><W3/><G121/><T77/><D38/><U133/><E133/><V27/><F119/><W84/><G69/><T36/><D36/><U99/><E7/><V106/><F75/><W103/><G3/><T126/><D105/><U110/><E2/><V66/><F122/><W13/><G103/><T124/><D120/><U4/><E4/><V72/><F72/><W19/><G37/><T123/><D123/><U68/><E68/><V62/><F106/><W117/><G117/><T46/><D114/><U125/><E125/><N who="0" m="48233" /><D74/><U109/><E58/><V39/><F27/><W73/><G13/><T5/><D5/><U15/><E100/><V22/><F1/><W50/><G50/><N who="0" m="29015" /><D14/><U93/><E15/><V0/><F0/><W92/><G81/><N who="0" m="47407" /><D63/><U101/><E110/><V129/><F39/><W78/><G78/><T56/><D56/><U107/><E57/><V18/><F61/><W51/><G51/><T45/><D45/><U12/><E109/><V43/><F71/><W132/><G132/><T95/><D95/><U11/><E93/><V32/><F94/><W48/><G48/><T116/><D65/><U30/><E64/><V131/><F66/><W34/><G49/><T16/><D16/><U90/><E107/><V33/><F18/><W98/><G44/><T28/><D28/><U70/><E30/><V10/><F129/><W42/><G17/><T8/><D8/><U118/><E11/><V76/><F131/><W53/><G19/><T102/><D102/><U130/><E130/><V112/><F128/><W85/><G73/><RYUUKYOKU ba="0,0" sc="84,30,379,-10,263,-10,274,-10" hai0="25,29,35,116" /><INIT seed="6,1,0,5,2,112" ten="114,369,253,264" oya="2" hai0="16,38,34,57,98,48,116,91,129,72,59,66,24" hai1="96,62,125,64,60,85,7,133,31,75,84,13,120" hai2="73,88,90,102,45,83,33,56,93,81,32,121,77" hai3="128,124,69,107,79,130,35,41,12,126,134,92,49"/><V9/><F121/><W80/><G107/><T25/><D38/><U18/><E75/><V21/><F102/><W50/><G69/><T4/><D72/><U39/><E39/><V109/><F109/><W10/><G35/><T71/><D129/><N who="3" m="49769" /><G92/><T95/><D4/><U110/><E110/><V11/><F21/><W104/><G104/><T82/><D82/><U22/><E31/><V55/><F45/><W53/><G41/><T30/><D71/><U99/><E7/><V123/><F123/><W2/><G2/><T20/><D48/><U6/><E125/><N who="3" m="48234" /><G53/><T44/><D44/><U1/><E64/><V51/><F33/><W135/><G50/><T46/><D46/><U97/><E62/><V23/><F32/><W119/><G49/><T36/><D36/><U63/><E60/><V122/><F122/><W127/><G119/><T17/><D66/><U28/><E63/><V27/><F83/><W105/><G105/><T114/><D114/><U61/><E61/><V113/><F113/><W115/><G115/><T106/><D106/><U37/><E37/><V103/><F103/><W89/><G89/><T68/><D68/><U26/><E1/><V14/><F93/><W29/><G29/><T70/><D70/><U8/><E28/><N who="2" m="17535" /><F9/><W86/><N who="3" m="48242" /><W100/><DORA hai="0" /><G100/><T3/><D3/><U67/><E67/><V54/><F54/><W52/><G52/><T40/><D40/><U78/><E78/><V111/><F111/><W58/><G58/><N who="0" m="22027" /><D116/><U131/><E131/><V118/><F118/><W76/><G76/><T132/><D17/><AGARI ba="1,0" hai="10,12,17,79,80,86,134,135" m="48242,49769" machi="17" ten="50,8000,1" yaku="30,2,19,1,18,1" doraHai="112,0" who="3" fromWho="0" sc="114,-83,369,0,253,0,264,83" /><INIT seed="7,0,0,3,4,99" ten="31,369,253,347" oya="3" hai0="108,19,72,101,68,110,102,38,51,45,60,113,65" hai1="57,132,29,50,98,100,87,1,107,22,89,54,67" hai2="63,69,70,61,133,115,46,116,43,32,66,120,105" hai3="112,122,82,55,91,39,56,25,78,44,135,0,59"/><W26/><G122/><T13/><D72/><U75/><E1/><V111/><F32/><W12/><G0/><T42/><D113/><U36/><E36/><V24/><F105/><W27/><G112/><T117/><D117/><U11/><E11/><V4/><F4/><W53/><G135/><T62/><D38/><U96/><E75/><V18/><F115/><W10/><G91/><T3/><D3/><U121/><E121/><V14/><F24/><W134/><G134/><T93/><D60/><U71/><E71/><V76/><F133/><W5/><G39/><T9/><REACH who="0" step="1"/><D93/><REACH who="0" ten="21,369,253,347" step="2"/><U94/><E94/><V21/><F116/><W119/><G119/><T17/><D17/><U123/><E123/><V37/><F120/><W90/><G90/><T80/><D80/><U16/><E16/><V124/><F61/><W48/><REACH who="3" step="1"/><G55/><REACH who="3" ten="21,369,253,337" step="2"/><T64/><D64/><U28/><E67/><V6/><F66/><W41/><G41/><T31/><D31/><U52/><E28/><V92/><F37/><W77/><G77/><T81/><D81/><U79/><E79/><V131/><F76/><W129/><G129/><T30/><D30/><U103/><E29/><V127/><F131/><W7/><G7/><T130/><D130/><U23/><E54/><V126/><F6/><W2/><G2/><T109/><AGARI ba="0,2" hai="9,13,19,42,45,51,62,65,68,101,102,108,109,110" machi="109" ten="30,7900,0" yaku="1,1,0,1,52,2,53,0" doraHai="99" doraHaiUra="125" who="0" fromWho="0" sc="21,99,369,-20,253,-20,337,-39" owari="120,-38.0,349,45.0,233,-17.0,298,10.0" /></mjloggm>