<mjloggm ver="2.3"><GO type="169" lobby="0"/><UN n0="%E3%83%88%E3%83%88%E3%83%AA%E5%85%88%E7%94%9F%31%39%E6%AD%B3" n1="%E5%A4%A7%E6%AD%A3%E7%BE%A9%E9%87%8E%E7%90%83%E5%A8%98" n2="%E3%82%86%E3%83%BC%E3%81%9B%E3%83%BC" n3="%E3%81%AE%E3%81%A1%E3%82%86%E3%82%93" dan="18,17,17,16" rate="2273.86,2168.60,2180.31,2138.91" sx="F,F,M,F"/><TAIKYOKU oya="0"/><INIT seed="0,0,0,3,2,29" ten="250,250,250,250" oya="0" hai0="90,13,102,92,89,106,100,133,95,44,96,107,22" hai1="84,117,47,9,129,19,105,63,74,73,51,124,118" hai2="66,67,24,135,40,75,32,88,99,62,76,131,132" hai3="103,115,20,23,127,85,72,15,55,57,87,83,86"/><T60/><BYE who="1" /><D133/><N who="2" m="51274" /><F131/><W16/><G115/><T52/><D106/><U1/><E1/><V78/><F40/><W97/><G127/><T109/><D109/><U27/><E27/><V10/><F10/><W35/><G35/><T43/><D107/><U125/><E125/><V25/><F75/><W130/><G130/><T108/><D108/><U11/><E11/><V45/><F45/><W28/><G72/><T42/><D42/><U134/><E134/><V56/><F67/><W8/><G83/><T21/><D43/><U80/><E80/><V50/><F50/><W69/><G69/><T6/><D6/><U61/><E61/><V113/><F113/><W31/><G31/><T116/><D116/><U39/><E39/><V46/><F46/><W94/><REACH who="3" step="1"/><G28/><REACH who="3" ten="250,250,250,240" step="2"/><T7/><D7/><U58/><E58/><V123/><F123/><W14/><G14/><T81/><D81/><U119/><E119/><V37/><F32/><W128/><G128/><T120/><D120/><U2/><E2/><V33/><F33/><W4/><G4/><T82/><D82/><U111/><E111/><V18/><F25/><W53/><G53/><T3/><D3/><U5/><E5/><V36/><F24/><W79/><G79/><N who="2" m="30249" /><F18/><W110/><G110/><T41/><D41/><U93/><E93/><AGARI ba="0,1" hai="36,37,56,62,66,88,93,99" m="30249,51274" machi="93" ten="30,2000,0" yaku="20,1,54,1" doraHai="29" who="2" fromWho="1" sc="250,0,250,-20,250,30,240,0" /><INIT seed="1,0,0,3,5,53" ten="250,230,280,240" oya="1" hai0="85,17,114,64,115,35,68,60,135,30,82,80,81" hai1="57,62,8,104,7,92,28,49,69,46,44,2,122" hai2="0,40,71,93,123,43,75,5,83,50,89,79,129" hai3="23,88,52,90,103,87,116,120,74,105,3,13,14"/><U101/><E101/><V16/><F123/><W12/><G3/><T19/><D135/><U4/><E4/><V1/><F129/><W56/><G120/><T121/><D121/><U130/><E130/><V118/><F71/><W47/><G74/><T36/><D36/><U125/><E125/><V42/><F118/><W25/><G116/><T11/><D85/><U22/><E22/><V133/><F133/><W54/><G103/><T15/><D35/><U27/><E27/><V76/><F76/><W128/><G105/><T84/><D30/><U26/><E26/><V102/><F102/><W18/><G128/><T59/><D68/><U73/><E73/><V112/><F112/><W48/><G87/><T10/><REACH who="0" step="1"/><D84/><REACH who="0" ten="240,230,280,240" step="2"/><U32/><E32/><V86/><F5/><W108/><REACH who="3" step="1"/><G108/><REACH who="3" ten="240,230,280,230" step="2"/><T34/><D34/><U67/><E67/><V94/><F75/><W107/><G107/><T72/><D72/><U24/><E24/><V20/><F86/><W39/><G39/><T99/><D99/><U33/><E33/><V132/><F132/><W38/><G38/><T58/><D58/><U61/><E61/><AGARI ba="0,2" hai="12,13,14,18,23,25,47,48,52,54,56,61,88,90" machi="61" ten="40,16000,3" yaku="1,1,8,1,52,1,54,2,53,3" doraHai="53" doraHaiUra="9" who="3" fromWho="1" sc="240,0,230,-160,280,0,230,180" /><INIT seed="2,0,0,4,1,114" ten="240,70,280,410" oya="2" hai0="102,27,76,71,17,70,84,31,42,2,9,61,127" hai1="3,126,112,1,51,54,34,115,117,53,24,36,67" hai2="41,58,26,94,5,46,23,74,69,118,95,87,62" hai3="123,16,109,119,128,105,78,59,106,97,133,135,66"/><V83/><F74/><W49/><G123/><T19/><D127/><U47/><E47/><V64/><F118/><W89/><G119/><T121/><D121/><U14/><E14/><V50/><F5/><W120/><G120/><T45/><D102/><U6/><E6/><V99/><F69/><W33/><G33/><T75/><D84/><U0/><E0/><V122/><F122/><UN n1="%E5%A4%A7%E6%AD%A3%E7%BE%A9%E9%87%8E%E7%90%83%E5%A8%98" /><W96/><G109/><T68/><D61/><U38/><E126/><V28/><REACH who="2" step="1"/><F99/><REACH who="2" ten="240,70,270,410" step="2"/><W77/><G97/><T88/><D75/><U40/><E117/><V39/><F39/><W35/><G96/><T90/><D70/><U10/><E38/><V79/><AGARI ba="0,1" hai="23,26,28,41,46,50,58,62,64,79,83,87,94,95" machi="79" ten="20,7800,0" yaku="1,1,0,1,7,1,8,1,53,0" doraHai="114" doraHaiUra="124" who="2" fromWho="2" sc="240,-26,70,-26,270,88,410,-26" /><INIT seed="2,1,0,0,0,125" ten="214,44,358,384" oya="2" hai0="106,113,103,89,70,94,129,85,58,12,112,55,96" hai1="92,74,21,126,97,69,42,102,51,8,88,5,95" hai2="52,134,64,1,46,43,82,110,32,24,130,81,66" hai3="31,72,20,53,105,23,18,26,47,99,135,73,33"/><V80/><F134/><W120/><G120/><T9/><D70/><U78/><E126/><V15/><F1/><W2/><G2/><T84/><D129/><U27/><E69/><V123/><F123/><W117/><G117/><T11/><D85/><U119/><E119/><V19/><F130/><W57/><G135/><T41/><D41/><U131/><E131/><V25/><F110/><W93/><G105/><T34/><D34/><U40/><E51/><N who="2" m="28791" /><F32/><W36/><G47/><T111/><D11/><U124/><E124/><V17/><F43/><W127/><G36/><T62/><REACH who="0" step="1"/><D111/><REACH who="0" ten="204,44,358,384" step="2"/><U14/><E74/><V39/><F39/><W22/><G127/><T132/><D132/><U68/><E68/><V3/><F3/><W100/><G72/><T61/><D61/><U114/><E114/><V98/><F98/><W71/><G73/><T65/><D65/><N who="2" m="25194" /><F19/><AGARI ba="1,1" hai="9,12,19,55,58,62,84,89,94,96,103,106,112,113" machi="19" ten="30,2000,0" yaku="1,1,7,1,53,0" doraHai="125" doraHaiUra="79" who="0" fromWho="2" sc="204,33,44,0,358,-23,384,0" /><INIT seed="3,0,0,0,1,8" ten="237,44,335,384" oya="3" hai0="39,135,65,125,90,55,4,83,18,41,43,74,101" hai1="109,45,103,91,49,9,87,14,56,110,102,11,40" hai2="54,117,2,81,126,123,70,16,33,111,50,61,27" hai3="77,122,31,69,53,7,100,94,30,89,75,57,84"/><W118/><G69/><T130/><D39/><U5/><E56/><V34/><F2/><W38/><G122/><T96/><D125/><U119/><E119/><V104/><F117/><W63/><G118/><T0/><D130/><U92/><REACH who="1" step="1"/><E11/><REACH who="1" ten="237,34,335,384" step="2"/><V59/><F123/><W88/><G57/><T121/><D121/><U86/><E86/><V44/><F126/><W66/><G84/><T105/><D74/><U47/><E47/><V62/><F111/><AGARI ba="0,1" hai="5,9,14,40,45,49,87,91,92,102,103,109,110,111" machi="111" ten="40,5200,0" yaku="1,1,14,1,52,1,53,0" doraHai="8" doraHaiUra="93" who="1" fromWho="2" sc="237,0,34,62,335,-52,384,0" /><INIT seed="4,0,0,2,1,85" ten="237,96,283,384" oya="0" hai0="79,13,31,58,70,116,115,102,99,86,80,113,18" hai1="53,19,26,41,34,130,108,36,122,5,71,33,16" hai2="40,121,132,29,24,76,78,7,92,133,30,81,103" hai3="112,120,4,15,49,73,119,91,72,6,109,62,0"/><T10/><D116/><U89/><E108/><V97/><F121/><W129/><G119/><T44/><D70/><U124/><E122/><V3/><F40/><W87/><G109/><T96/><D31/><U46/><E71/><V8/><F81/><W126/><G120/><T45/><D58/><U125/><E5/><V123/><F123/><W77/><G126/><N who="1" m="48746" /><E130/><V64/><F64/><W2/><G129/><T28/><D28/><N who="1" m="19607" /><E34/><V74/><F30/><W54/><G112/><N who="0" m="43083" /><D99/><U101/><E101/><V82/><REACH who="2" step="1"/><F78/><REACH who="2" ten="237,96,273,384" step="2"/><W131/><G77/><T20/><D79/><U69/><E69/><V48/><F48/><W105/><G49/><T110/><D110/><U43/><E43/><V117/><F117/><W17/><G131/><T83/><D83/><U55/><E55/><V107/><F107/><W22/><G54/><T63/><D80/><U106/><E106/><V52/><F52/><W60/><G105/><T12/><D63/><U61/><E61/><V38/><F38/><W35/><G62/><T75/><D45/><U90/><E53/><V100/><F100/><W95/><G60/><T118/><D44/><U14/><E19/><V50/><F50/><W68/><G68/><T134/><D118/><U9/><AGARI ba="0,1" hai="9,14,16,36,41,46,89,90" m="19607,48746" machi="9" ten="30,7900,0" yaku="18,1,52,2,54,1" doraHai="85" who="1" fromWho="1" sc="237,-39,96,89,273,-20,384,-20" /><INIT seed="5,0,0,0,4,122" ten="198,185,253,364" oya="1" hai0="66,19,27,25,4,75,125,116,29,77,103,43,49" hai1="71,47,18,14,113,110,33,21,56,3,83,90,13" hai2="41,108,30,22,35,134,38,31,62,96,40,79,107" hai3="42,52,102,65,10,124,82,7,44,64,46,45,61"/><U121/><E121/><V32/><F134/><W70/><G124/><T91/><D116/><U111/><E71/><V88/><F79/><W98/><G82/><T34/><D125/><U105/><E3/><V130/><F62/><W57/><G42/><T78/><D75/><U9/><E33/><V72/><F22/><W11/><G70/><T106/><D4/><U74/><E105/><V120/><F72/><W129/><G129/><T58/><D103/><U127/><E127/><V100/><F120/><W59/><G7/><T117/><D106/><U54/><E47/><V73/><F73/><W80/><G80/><T1/><D1/><U67/><E67/><V6/><F6/><W99/><G65/><T17/><D117/><U76/><E90/><V101/><F107/><W0/><G0/><T132/><D132/><U63/><REACH who="1" step="1"/><E113/><REACH who="1" ten="198,175,253,364" step="2"/><V114/><F88/><W94/><G99/><T20/><D91/><U95/><E95/><V12/><F96/><W8/><G64/><T36/><D66/><U97/><E97/><V26/><F114/><W15/><G59/><T86/><D58/><U53/><E53/><V126/><F126/><W118/><G118/><T123/><D123/><U131/><E131/><V135/><F130/><W37/><G37/><T68/><D68/><U112/><E112/><V39/><F135/><W84/><G98/><T85/><D36/><U81/><E81/><V2/><F2/><W87/><G94/><T115/><D115/><U50/><E50/><V28/><F35/><W23/><G102/><T119/><D119/><U104/><E104/><V5/><F32/><RYUUKYOKU ba="0,1" sc="198,-15,175,15,253,-15,364,15" hai1="9,13,14,18,21,54,56,63,74,76,83,110,111" hai3="8,10,11,15,23,44,45,46,52,57,61,84,87" /><INIT seed="5,1,1,2,1,52" ten="183,190,238,379" oya="1" hai0="1,91,5,72,37,95,14,133,64,58,48,18,83" hai1="43,28,42,114,56,21,0,94,44,85,111,35,135" hai2="67,99,57,61,63,119,15,49,11,22,118,16,47" hai3="46,117,32,39,107,24,89,59,40,82,100,131,25"/><U68/><E68/><V97/><F63/><W105/><G32/><T92/><D37/><U60/><E0/><V27/><F119/><W9/><G131/><T88/><D133/><U123/><E35/><V53/><REACH who="2" step="1"/><F118/><REACH who="2" ten="183,190,228,379" step="2"/><W50/><G117/><T127/><D127/><U33/><E135/><V3/><F3/><W120/><G120/><T87/><D1/><U109/><E123/><V41/><F41/><W76/><G40/><T26/><D64/><U116/><E116/><V130/><F130/><W66/><G66/><T54/><D72/><U126/><E126/><V34/><F34/><W55/><G55/><T51/><D51/><N who="1" m="27031" /><E33/><V17/><AGARI ba="1,2" hai="11,15,16,17,22,27,47,49,53,57,61,67,97,99" machi="17" ten="20,12000,2" yaku="1,1,0,1,7,1,8,1,52,1,54,1,53,0" doraHai="52" doraHaiUra="80" who="2" fromWho="2" sc="183,-31,190,-61,228,143,379,-31" /><INIT seed="6,0,0,1,1,71" ten="152,129,371,348" oya="2" hai0="46,97,20,56,23,90,7,78,8,43,51,59,27" hai1="17,52,61,123,104,125,74,38,108,49,30,32,96" hai2="47,63,44,1,40,58,73,34,116,31,127,79,54" hai3="19,119,106,2,33,15,93,55,121,66,84,64,48"/><V70/><F116/><W11/><G106/><T105/><D78/><U9/><E74/><V6/><F127/><W135/><G121/><T91/><D23/><U126/><E108/><V118/><F118/><W25/><G119/><T129/><D129/><U68/><E123/><V24/><F70/><W115/><G135/><T29/><D105/><U122/><E122/><V124/><F124/><N who="1" m="47721" /><E38/><V80/><F47/><W92/><G2/><T86/><D97/><U128/><E128/><V81/><F81/><W131/><G131/><T4/><D91/><U132/><E132/><V107/><F107/><W53/><G115/><T98/><D98/><U69/><E61/><V75/><F6/><N who="0" m="2090" /><D8/><U13/><E30/><V37/><REACH who="2" step="1"/><F1/><REACH who="2" ten="152,129,361,348" step="2"/><W120/><G120/><T95/><AGARI ba="0,1" hai="20,27,29,43,46,51,56,59,86,90,95" m="2090" machi="95" ten="30,1100,0" yaku="8,1" doraHai="71" who="0" fromWho="0" sc="152,21,129,-3,361,-5,348,-3" /><INIT seed="7,0,0,1,1,19" ten="173,126,356,345" oya="3" hai0="30,39,93,79,74,70,88,33,45,31,130,105,108" hai1="99,50,56,11,107,67,23,86,16,131,5,96,127" hai2="128,89,9,115,91,73,13,25,92,41,133,54,84" hai3="113,42,109,44,95,76,126,125,123,17,102,78,121"/><W112/><G109/><T124/><D108/><U114/><E107/><V51/><F73/><W101/><G17/><T27/><D70/><U134/><E134/><V15/><F128/><W72/><G44/><T37/><D105/><U6/><E131/><V118/><F115/><N who="3" m="44107" /><G42/><T46/><D124/><N who="3" m="47721" /><G72/><T24/><D130/><U69/><E127/><V58/><F133/><W4/><G4/><N who="1" m="1642" /><E69/><V63/><F118/><W106/><G106/><T64/><D39/><U104/><E104/><V60/><F25/><W12/><G12/><N who="2" m="4681" /><F9/><W53/><G53/><T48/><D37/><U75/><E75/><V83/><F41/><W18/><G18/><T68/><D74/><U43/><E114/><V120/><F120/><N who="3" m="46155" /><G95/><T7/><D7/><U62/><E11/><V71/><F71/><W85/><G85/><AGARI ba="0,0" hai="51,54,58,60,63,83,84,85,89,91,92" m="4681" machi="85" ten="30,1000,0" yaku="8,1" doraHai="19" who="2" fromWho="3" sc="173,0,126,0,356,10,345,-10" owari="173,-23.0,126,-37.0,366,46.0,335,14.0" /></mjloggm>