<mjloggm ver="2.3"><GO type="169" lobby="0"/><UN n0="%E3%83%88%E3%83%88%E3%83%AA%E5%85%88%E7%94%9F%31%39%E6%AD%B3" n1="%6C%69%6C%6C%61%6D%6D%6D" n2="%E3%81%8B%E3%82%8A%E3%82%93%E3%81%A1%E3%82%83%E3%82%93" n3="%E3%81%9F%E3%81%BE%E3%81%93%E3%82%8D" dan="17,16,16,16" rate="2239.02,2059.02,2117.44,2113.47" sx="F,M,F,M"/><TAIKYOKU oya="0"/><INIT seed="0,0,0,5,3,19" ten="250,250,250,250" oya="0" hai0="54,64,129,82,59,3,93,74,106,47,114,63,122" hai1="83,75,13,31,17,104,5,1,77,40,72,94,130" hai2="53,80,15,11,52,111,84,18,51,16,98,60,100" hai3="121,65,38,10,133,0,135,33,37,61,23,88,131"/><T110/><D114/><U45/><E104/><V26/><F111/><W39/><G33/><T99/><D122/><U28/><E130/><V132/><F132/><N who="3" m="50763" /><G131/><T102/><D129/><U134/><E72/><V70/><F70/><N who="3" m="42287" /><G121/><T30/><D3/><U119/><E119/><V125/><F125/><W117/><G117/><T7/><D7/><U92/><E134/><V76/><F60/><W66/><G66/><T44/><D110/><U41/><E41/><V103/><F98/><W113/><G113/><T8/><D8/><N who="1" m="2095" /><E28/><V48/><F18/><W86/><G10/><T25/><D54/><N who="2" m="21098" /><F26/><W68/><G0/><T34/><REACH who="0" step="1"/><D106/><REACH who="0" ten="240,250,250,250" step="2"/><U9/><E31/><V126/><F126/><W36/><G68/><T81/><D81/><U21/><E9/><V46/><F46/><W105/><G105/><T2/><D2/><U35/><E45/><V116/><F116/><W127/><G127/><T20/><D20/><U128/><E128/><V24/><F24/><W89/><G23/><T32/><D32/><U96/><E35/><V62/><F11/><W91/><N who="3" m="9216" /><DORA hai="43" /><W120/><G120/><T123/><D123/><U71/><E71/><V27/><F27/><W12/><G12/><T115/><D115/><U90/><E13/><V50/><F15/><W97/><G97/><T108/><D108/><U29/><E96/><V85/><F80/><AGARI ba="0,1" hai="80,86,88,89,91" m="9216,42287,50763" machi="80" ten="60,3900,0" yaku="20,1,54,1" doraHai="19,43" who="3" fromWho="2" sc="240,0,250,0,250,-39,250,49" /><INIT seed="1,0,0,1,2,26" ten="240,250,211,299" oya="1" hai0="85,102,88,64,34,53,9,134,117,2,110,116,113" hai1="100,38,59,48,107,8,47,128,30,74,114,11,19" hai2="49,0,55,89,90,86,21,111,6,93,119,122,123" hai3="51,10,24,97,25,118,12,14,52,75,73,98,68"/><U120/><E120/><V57/><F119/><W124/><G68/><T61/><D113/><U41/><E114/><V31/><F111/><W115/><G115/><T44/><D34/><U91/><E74/><V58/><F0/><W39/><G39/><T129/><D110/><U16/><E128/><V112/><F6/><N who="3" m="3159" /><G118/><T43/><D129/><U130/><E130/><V121/><F112/><W18/><G75/><T76/><D76/><U45/><E59/><V69/><F69/><W126/><G73/><T62/><D134/><U67/><E67/><V135/><F135/><W65/><G65/><T105/><D53/><U54/><E30/><V92/><F21/><N who="3" m="11479" /><G97/><T46/><D46/><U32/><E32/><V17/><F17/><W108/><G98/><T60/><D64/><U40/><E54/><V106/><F106/><W87/><G87/><T70/><D70/><U13/><E107/><V1/><F1/><W96/><G96/><T42/><D102/><U94/><E100/><V80/><F80/><W127/><G108/><T82/><D105/><U78/><E78/><V29/><REACH who="2" step="1"/><F58/><AGARI ba="0,0" hai="24,25,51,52,58,124,126,127" m="11479,3159" machi="58" ten="30,2000,0" yaku="18,1,54,1" doraHai="26" who="3" fromWho="2" sc="240,0,250,0,211,-20,299,20" /><INIT seed="2,0,0,1,5,122" ten="240,250,191,319" oya="2" hai0="57,85,76,10,24,6,103,9,36,15,64,0,20" hai1="19,37,93,61,16,129,46,108,105,95,51,72,79" hai2="28,40,3,26,63,126,53,89,56,106,66,7,25" hai3="69,29,71,97,82,102,124,12,92,4,39,52,87"/><V27/><F106/><W110/><G39/><T11/><D36/><U113/><E105/><V32/><F40/><W90/><G29/><T67/><D103/><U35/><E113/><V49/><F126/><W8/><G110/><T127/><D127/><U30/><E37/><V101/><F101/><W133/><G133/><T121/><D121/><U132/><E132/><V83/><F3/><W44/><G124/><T41/><D41/><U118/><E118/><V115/><F7/><W111/><G111/><T54/><D76/><U81/><E108/><V18/><F18/><W48/><AGARI ba="0,0" hai="4,8,12,44,48,52,69,71,82,87,90,92,97,102" machi="48" ten="30,2000,0" yaku="0,1,54,1" doraHai="122" who="3" fromWho="3" sc="240,-5,250,-5,191,-10,319,20" /><INIT seed="3,0,0,5,1,75" ten="235,245,181,339" oya="3" hai0="107,129,60,44,132,97,117,39,58,96,52,13,36" hai1="130,24,37,32,123,115,94,30,88,95,51,89,99" hai2="25,21,28,110,17,53,0,8,111,45,7,62,54" hai3="108,125,20,109,116,26,19,69,15,119,40,10,68"/><W61/><G40/><T134/><D117/><U76/><E123/><V127/><F127/><W121/><G121/><T118/><D118/><N who="3" m="45097" /><G61/><T49/><D129/><U34/><E37/><N who="0" m="14409" /><D13/><U22/><E130/><V18/><F62/><W71/><G125/><T104/><D97/><U46/><E115/><V42/><F53/><W122/><G122/><T112/><D96/><U14/><E76/><V3/><F54/><W133/><G133/><N who="0" m="51307" /><D112/><U57/><E57/><V100/><F100/><W85/><G85/><T12/><D12/><U48/><E14/><N who="2" m="5407" /><F45/><W91/><G91/><T16/><D16/><N who="2" m="6250" /><F42/><AGARI ba="0,0" hai="42,44,49,52,58,60,104,107" m="51307,14409" machi="42" ten="30,2000,0" yaku="20,1,54,1" doraHai="75" who="0" fromWho="2" sc="235,20,245,0,181,-20,339,0" /><INIT seed="4,0,0,2,5,18" ten="255,245,161,339" oya="0" hai0="133,99,122,38,17,93,121,73,83,21,105,57,74" hai1="123,6,104,127,45,4,72,76,52,69,82,128,31" hai2="120,22,26,60,103,68,101,80,11,55,94,12,28" hai3="35,7,2,86,14,58,25,70,51,125,124,113,16"/><T130/><D38/><U53/><E123/><V115/><F120/><W102/><G70/><T134/><D105/><U110/><E110/><V32/><F115/><W0/><G102/><T5/><D5/><U27/><E69/><V97/><F80/><W10/><G86/><T30/><D30/><U15/><E104/><V49/><F32/><W13/><G58/><T34/><D57/><U50/><E127/><N who="3" m="48714" /><G51/><T54/><D54/><U106/><E106/><V29/><F29/><N who="3" m="19887" /><G113/><T112/><D130/><U36/><E36/><V78/><F78/><W64/><G64/><T65/><D34/><U44/><E15/><V9/><F68/><W8/><AGARI ba="0,0" hai="0,2,7,8,10,13,14,16" m="19887,48714" machi="8" ten="30,7900,0" yaku="18,1,34,2,54,1" doraHai="18" who="3" fromWho="3" sc="255,-39,245,-20,161,-20,339,79" /><INIT seed="5,0,0,3,1,91" ten="216,225,141,418" oya="1" hai0="100,90,4,86,20,59,64,63,19,88,37,106,50" hai1="12,99,66,13,115,41,30,33,53,40,71,9,126" hai2="21,85,128,112,56,119,70,105,74,49,118,117,60" hai3="10,104,73,31,135,127,109,96,69,129,107,29,111"/><U134/><E115/><V82/><F112/><W0/><G69/><T58/><D37/><U39/><E126/><V57/><F74/><W110/><G73/><T23/><D106/><U67/><E134/><V108/><F105/><W5/><G127/><T94/><D4/><U22/><E33/><V81/><F108/><W54/><G107/><T65/><D100/><U16/><E39/><V113/><F113/><W130/><G54/><N who="0" m="32087" /><D19/><N who="1" m="8591" /><E71/><V68/><F128/><N who="3" m="49259" /><G104/><T25/><D25/><N who="1" m="16695" /><E53/><V72/><F72/><W80/><G135/><T116/><D116/><U95/><E67/><V28/><F49/><W102/><G109/><T75/><D65/><U76/><E76/><V98/><F98/><W124/><G111/><T8/><D8/><N who="1" m="6183" /><E66/><V35/><F35/><W52/><G110/><T89/><D75/><U92/><E92/><V79/><F82/><W51/><G80/><T114/><D114/><U6/><E6/><V103/><F103/><AGARI ba="0,0" hai="40,41,95,99,103" m="6183,16695,8591" machi="103" ten="30,5800,0" yaku="8,1,52,1,54,1" doraHai="91" who="1" fromWho="2" sc="216,0,225,58,141,-58,418,0" /><INIT seed="5,1,0,4,0,115" ten="216,283,83,418" oya="1" hai0="71,4,53,70,48,52,92,45,40,5,11,111,60" hai1="86,97,69,16,26,17,30,68,61,94,44,63,57" hai2="119,90,87,131,28,105,50,110,23,133,135,130,27" hai3="39,120,21,76,83,34,134,129,124,42,22,93,32"/><U66/><E86/><V116/><F110/><W95/><G120/><T19/><D111/><U79/><E79/><V99/><F50/><W47/><G124/><T89/><D19/><U114/><E44/><V117/><F105/><W14/><G129/><N who="2" m="49161" /><F99/><W37/><G134/><T127/><D127/><U41/><E41/><V43/><F43/><W80/><G14/><T38/><D5/><U59/><E114/><V7/><F7/><W113/><G42/><T56/><D53/><U96/><E69/><V103/><F103/><W74/><G47/><T1/><REACH who="0" step="1"/><D38/><REACH who="0" ten="206,283,83,418" step="2"/><U109/><E17/><V81/><AGARI ba="1,1" hai="23,27,28,81,87,90,116,117,119,133,135" m="49161" machi="81" ten="40,8000,1" yaku="19,1,52,3" doraHai="115" who="2" fromWho="2" sc="206,-21,283,-41,83,93,418,-21" /><INIT seed="6,0,0,5,1,50" ten="185,242,176,397" oya="2" hai0="129,48,77,134,47,104,15,44,64,32,111,36,62" hai1="10,6,23,5,8,40,73,4,133,123,57,67,54" hai2="39,30,88,120,66,96,27,2,130,28,55,121,113" hai3="70,102,20,43,1,99,110,58,37,11,49,86,118"/><V107/><F39/><W127/><G110/><T19/><D111/><U25/><E73/><V125/><F2/><W92/><G118/><T31/><D104/><U21/><E133/><V14/><F66/><W3/><G70/><T68/><D134/><U84/><E123/><V34/><F30/><W38/><G127/><T101/><D101/><U12/><E67/><V124/><F113/><W59/><G20/><T53/><D129/><U108/><E108/><V42/><F42/><W76/><G38/><T24/><D77/><U117/><E117/><V71/><F71/><W87/><G37/><T33/><D33/><U131/><E40/><V60/><F14/><W93/><G76/><T7/><D7/><U52/><E131/><V126/><F130/><W78/><G78/><T97/><D97/><U41/><E41/><V51/><F60/><W56/><G43/><T16/><D36/><U103/><E23/><V26/><F26/><W75/><G75/><T115/><D115/><U81/><E103/><N who="2" m="62951" /><F88/><W98/><G49/><T91/><D91/><N who="1" m="51599" /><E57/><AGARI ba="0,0" hai="27,28,34,51,55,57,120,121,124,125,126" m="62951" machi="57" ten="30,2900,0" yaku="18,1,52,1" doraHai="50" who="2" fromWho="1" sc="185,0,242,-29,176,29,397,0" /><INIT seed="6,1,0,3,4,44" ten="185,213,205,397" oya="2" hai0="42,24,104,65,30,38,85,3,16,82,62,66,88" hai1="45,127,70,120,89,37,96,46,74,100,117,106,5" hai2="35,58,95,73,22,12,76,108,112,25,131,129,116" hai3="31,18,17,47,90,53,132,36,14,4,111,123,91"/><V109/><F116/><W107/><G123/><T64/><D104/><U7/><E117/><V115/><F95/><W130/><G107/><T9/><D38/><U23/><E70/><V55/><F35/><W103/><G103/><T110/><D110/><N who="2" m="42602" /><F12/><W124/><G111/><T118/><D42/><U43/><E120/><V128/><F76/><W20/><G36/><T40/><D40/><U15/><E74/><V97/><F97/><W49/><G124/><T39/><D39/><U77/><E127/><V68/><F68/><W27/><G130/><T67/><D118/><U34/><E77/><V21/><F73/><W119/><G132/><T29/><D3/><U28/><E89/><N who="3" m="33802" /><G119/><T99/><D99/><U11/><E34/><V80/><F80/><W71/><G71/><T72/><D72/><U0/><E0/><V87/><F87/><W98/><G98/><T13/><REACH who="0" step="1"/><D24/><REACH who="0" ten="175,213,205,397" step="2"/><N who="1" m="16415" /><E96/><V10/><F25/><W105/><G105/><T125/><D125/><U8/><E106/><V61/><F10/><AGARI ba="1,1" hai="4,10,14,17,18,20,27,31,47,49,53" m="33802" machi="10" ten="30,2000,0" yaku="8,1,52,1" doraHai="44" who="3" fromWho="2" sc="175,0,213,0,205,-23,397,33" /><INIT seed="7,0,0,1,0,84" ten="175,213,182,430" oya="3" hai0="12,129,27,50,73,43,106,52,104,81,0,55,105" hai1="119,17,35,124,88,49,66,90,102,96,14,93,85" hai2="78,130,65,2,132,28,83,114,41,22,63,61,118" hai3="56,8,23,1,121,13,74,111,126,51,25,45,6"/><W72/><G121/><T134/><D0/><U135/><E35/><V57/><F2/><W3/><G126/><T54/><D129/><U79/><E124/><V33/><F33/><W92/><G3/><T120/><D120/><U20/><E135/><V97/><F118/><W87/><G13/><T128/><D128/><U19/><E119/><V44/><F114/><W30/><G56/><T47/><D134/><U53/><E66/><V59/><F97/><W37/><G37/><T131/><D131/><U67/><E67/><N who="2" m="39343" /><F132/><W70/><G70/><T36/><D27/><N who="1" m="14751" /><E85/><N who="2" m="48375" /><F130/><W40/><G111/><T10/><D81/><U69/><E79/><V110/><F110/><W26/><G26/><T24/><D24/><U32/><E32/><V86/><F86/><W29/><G29/><T9/><D73/><U103/><E69/><V75/><F75/><W77/><G77/><T15/><D15/><U107/><E107/><V99/><F99/><W112/><G112/><T18/><REACH who="0" step="1"/><D9/><REACH who="0" ten="165,213,182,430" step="2"/><U82/><E82/><V46/><F41/><W60/><G72/><T108/><D108/><U94/><E14/><V38/><F38/><AGARI ba="0,1" hai="10,12,18,36,38,43,47,50,52,54,55,104,105,106" machi="38" ten="50,3200,0" yaku="1,1,54,1,53,0" doraHai="84" doraHaiUra="113" who="0" fromWho="2" sc="165,42,213,0,182,-32,430,0" owari="207,-19.0,213,1.0,150,-35.0,430,53.0" /></mjloggm>