<mjloggm ver="2.3"><GO type="169" lobby="0"/><UN n0="%70%69%2D%70%6F" n1="%E5%87%9B%E5%AE%99" n2="%E3%82%A6%E3%83%AB%E3%83%88%E3%83%A9%E7%AB%8B%E7%9B%B4" n3="%E3%81%84%E3%81%8F%E3%82%84%E3%81%BE%E2%98%86%E3%81%95%E3%82%80%E3%81%8A" dan="17,16,17,16" rate="2202.49,2103.74,2211.02,2075.50" sx="M,M,M,M"/><TAIKYOKU oya="0"/><INIT seed="0,0,0,4,0,95" ten="250,250,250,250" oya="0" hai0="77,39,4,114,41,115,80,13,120,28,49,22,87" hai1="123,37,51,24,12,3,85,62,8,106,88,2,121" hai2="126,57,127,112,32,92,14,107,101,10,15,104,31" hai3="135,17,81,61,0,111,76,73,58,99,67,70,25"/><T71/><D120/><U33/><E37/><V118/><F112/><W84/><G111/><T6/><D39/><U74/><E74/><V86/><F118/><W20/><G135/><T7/><D71/><U43/><E106/><V91/><F32/><W1/><G73/><T117/><D117/><U125/><E125/><N who="2" m="47627" /><F31/><W9/><G9/><T100/><D100/><U42/><E62/><V113/><F113/><W11/><G11/><T119/><D119/><U48/><E123/><V27/><F27/><W54/><REACH who="3" step="1"/><G99/><REACH who="3" ten="250,250,250,240" step="2"/><T82/><D114/><U133/><E133/><V72/><F72/><W75/><G75/><T110/><D115/><U40/><E121/><V128/><F10/><W69/><G69/><T124/><D110/><U63/><E8/><V97/><F128/><W16/><G16/><N who="0" m="10511" /><D124/><U59/><E2/><V47/><F107/><W66/><G66/><T38/><D28/><U64/><E3/><V21/><F104/><W79/><G79/><T34/><D7/><U129/><E129/><V65/><F97/><W109/><G109/><T44/><D4/><U96/><E64/><V94/><F65/><W35/><G35/><T122/><D6/><U45/><E33/><V108/><F108/><W105/><G105/><T23/><D122/><U52/><E96/><V134/><F134/><W19/><G19/><T102/><D34/><U68/><E68/><V30/><F30/><W46/><G46/><T132/><D132/><U56/><E45/><V26/><F47/><W50/><AGARI ba="0,1" hai="0,1,17,20,25,50,54,58,61,67,70,76,81,84" machi="50" ten="20,2700,0" yaku="1,1,0,1,7,1,53,0" doraHai="95" doraHaiUra="90" who="3" fromWho="3" sc="250,-13,250,-7,250,-7,240,37" /><INIT seed="1,0,0,2,1,124" ten="237,243,243,277" oya="1" hai0="64,113,9,43,104,29,16,106,19,130,95,47,98" hai1="120,21,87,121,114,66,126,33,53,5,48,59,77" hai2="52,76,22,125,86,133,61,24,68,31,62,122,115" hai3="93,57,40,38,56,70,12,107,135,65,119,4,132"/><U79/><E114/><V116/><F122/><W30/><G107/><T2/><D113/><U90/><E33/><V108/><F116/><W54/><G30/><T67/><D29/><U103/><E126/><V50/><F125/><W1/><G1/><T101/><D130/><U39/><E39/><V8/><F115/><W3/><G3/><T27/><D104/><U105/><E5/><V49/><F108/><W83/><G83/><T25/><D106/><U36/><E36/><V97/><F97/><W123/><G93/><T15/><D2/><U69/><E21/><V91/><F76/><W17/><G4/><T20/><REACH who="0" step="1"/><D27/><REACH who="0" ten="227,243,243,277" step="2"/><U13/><E120/><V45/><F31/><W41/><G123/><T37/><AGARI ba="0,1" hai="9,15,16,19,20,25,37,43,47,64,67,95,98,101" machi="37" ten="20,8000,1" yaku="1,1,2,1,0,1,7,1,54,1,53,0" doraHai="124" doraHaiUra="112" who="0" fromWho="0" sc="227,90,243,-40,243,-20,277,-20" /><INIT seed="2,0,0,0,4,80" ten="317,203,223,257" oya="2" hai0="71,110,75,52,16,7,84,77,4,39,55,5,114" hai1="81,130,45,70,89,132,37,0,36,85,113,62,116" hai2="43,64,112,95,28,30,123,101,87,74,119,13,33" hai3="99,108,83,18,49,2,26,17,102,11,92,128,73"/><V60/><F74/><W40/><G108/><T21/><D114/><U124/><E113/><V57/><F112/><W1/><G128/><T88/><D110/><U94/><E0/><V9/><F123/><W125/><G125/><T47/><D71/><U115/><E115/><V3/><F119/><W48/><G40/><T63/><D75/><U134/><E116/><V82/><F3/><W103/><G103/><T111/><D111/><U109/><E109/><V66/><F43/><W56/><G1/><T54/><D77/><U126/><E130/><V76/><F66/><W105/><G105/><T35/><D35/><U133/><E81/><V118/><F118/><W29/><G73/><T106/><D106/><U22/><E22/><V20/><F20/><W25/><G83/><N who="0" m="49183" /><D39/><N who="1" m="14923" /><E45/><V27/><F30/><W61/><G2/><T23/><D23/><U122/><E122/><V129/><F129/><W38/><G38/><T135/><D135/><U14/><E14/><V90/><F101/><W127/><G11/><T65/><D65/><AGARI ba="0,0" hai="62,65,70,85,89,94,124,126,132,133,134" m="14923" machi="65" ten="40,2600,0" yaku="20,1,52,1" doraHai="80" who="1" fromWho="0" sc="317,-26,203,26,223,0,257,0" /><INIT seed="3,0,0,5,4,29" ten="291,229,223,257" oya="3" hai0="13,35,113,127,81,6,88,126,73,59,19,16,38" hai1="109,121,106,79,61,37,48,132,122,42,115,108,128" hai2="54,111,60,89,102,97,92,39,30,87,24,80,123" hai3="114,68,77,71,129,22,26,83,100,49,4,1,91"/><W104/><G114/><T46/><D113/><U51/><E79/><V117/><F117/><W15/><G1/><T134/><D134/><U105/><E105/><V110/><F39/><W99/><G129/><T21/><D6/><U40/><E106/><V47/><F123/><N who="1" m="47113" /><E115/><V112/><F112/><W125/><G125/><N who="0" m="47627" /><D59/><U32/><E32/><V33/><REACH who="2" step="1"/><F60/><REACH who="2" ten="291,229,213,257" step="2"/><W18/><G68/><T82/><D38/><U96/><E128/><V103/><F103/><W124/><G71/><T135/><D135/><U11/><E132/><V69/><F69/><W101/><G101/><T56/><D73/><U120/><E120/><V63/><F63/><W98/><G124/><T25/><D81/><U50/><E61/><V119/><F119/><W57/><G100/><T44/><D82/><U34/><E37/><V118/><F118/><W36/><G36/><T131/><D131/><U64/><E109/><V7/><F7/><W41/><G4/><T2/><D2/><U85/><E108/><V53/><F53/><W76/><G83/><T86/><D19/><U9/><E40/><V17/><F17/><W14/><G41/><T62/><D62/><U72/><E42/><V8/><F8/><W75/><G18/><T23/><D16/><U43/><E43/><V84/><F84/><W58/><G75/><T90/><D86/><U74/><E85/><V78/><F78/><W20/><G76/><T28/><D90/><U95/><E72/><V133/><F133/><W27/><G77/><T45/><D88/><U107/><E74/><V65/><F65/><W31/><G91/><T5/><D5/><RYUUKYOKU ba="0,1" sc="291,-10,229,-10,213,30,257,-10" hai2="24,30,33,47,54,80,87,89,92,97,102,110,111" /><INIT seed="4,1,1,0,0,12" ten="281,219,243,247" oya="0" hai0="47,125,43,97,18,5,95,14,71,53,85,0,130" hai1="63,75,44,98,113,86,3,103,25,40,57,17,91" hai2="119,78,100,33,131,26,79,106,76,13,49,45,28" hai3="121,102,107,88,19,81,23,24,46,30,108,54,68"/><T66/><D125/><U111/><E111/><V59/><F131/><W101/><G108/><T80/><D130/><U124/><E3/><V129/><F129/><W15/><G121/><T123/><D53/><U65/><E75/><V48/><F119/><W39/><G68/><T96/><D123/><U38/><E124/><V31/><F31/><W41/><G107/><T114/><D114/><U90/><E86/><V58/><F49/><N who="3" m="28983" /><G39/><T73/><D73/><U127/><E127/><V51/><F51/><W72/><G72/><T69/><D5/><U116/><E116/><V20/><F106/><W117/><G41/><T16/><D0/><U9/><E113/><V122/><F122/><W92/><G81/><T135/><D135/><U27/><E27/><V10/><F100/><N who="3" m="38507" /><G117/><T105/><D105/><U67/><E67/><V62/><F62/><W89/><G92/><T1/><D1/><U8/><E8/><AGARI ba="1,1" hai="8,15,19,23,24,30,88,89" m="38507,28983" machi="8" ten="30,3900,0" yaku="8,1,52,1,54,1" doraHai="12" who="3" fromWho="1" sc="281,0,219,-42,243,0,247,52" /><INIT seed="5,0,0,1,3,114" ten="281,177,243,299" oya="1" hai0="39,66,65,25,37,32,26,123,45,64,112,33,121" hai1="108,80,18,97,119,87,54,63,96,130,53,124,10" hai2="103,43,36,42,105,91,131,5,109,118,135,102,41" hai3="67,104,84,8,1,51,0,69,23,34,93,106,98"/><U59/><E119/><V132/><F109/><W81/><G34/><N who="0" m="13419" /><D112/><U11/><E108/><V75/><F75/><W74/><G74/><T7/><D7/><U24/><E124/><V115/><F105/><W44/><G23/><T88/><D88/><N who="1" m="51303" /><E130/><V107/><F107/><W17/><G67/><T20/><D45/><U3/><E3/><V29/><F36/><N who="0" m="13898" /><D20/><N who="1" m="13335" /><E54/><V110/><F110/><W48/><G104/><T82/><D82/><U100/><E100/><V49/><F132/><W73/><G106/><T62/><D62/><U55/><E55/><V90/><F131/><W38/><G38/><T31/><D31/><U89/><E89/><V21/><F115/><W2/><G73/><T40/><D40/><U126/><E126/><V19/><F135/><W58/><G44/><T134/><D134/><U116/><E116/><V86/><F118/><W16/><G0/><T101/><D101/><N who="2" m="38410" /><F29/><W77/><G1/><T94/><D94/><U76/><E76/><V52/><F91/><W71/><G2/><T83/><D83/><U35/><E35/><V56/><F90/><W117/><G117/><T57/><D57/><U9/><AGARI ba="0,0" hai="9,10,11,53,59,63,96,97" m="13335,51303" machi="9" ten="30,3000,0" yaku="8,1,54,1" doraHai="114" who="1" fromWho="1" sc="281,-10,177,30,243,-10,299,-10" /><INIT seed="5,1,0,2,0,71" ten="271,207,233,289" oya="1" hai0="2,19,95,78,79,55,72,115,32,77,58,57,11" hai1="74,39,110,80,27,131,82,36,22,96,9,105,20" hai2="69,133,40,109,75,4,62,59,13,15,124,94,53" hai3="128,42,60,52,1,37,3,65,104,6,122,103,14"/><U83/><E74/><V38/><F75/><W76/><G122/><T0/><D115/><U93/><E105/><V63/><F109/><W99/><G76/><T34/><D72/><U64/><E110/><V44/><F124/><W125/><G128/><T8/><D95/><U116/><E116/><V134/><F94/><W28/><G125/><T35/><D19/><U114/><E114/><V16/><F4/><W86/><G28/><T85/><D85/><U46/><E131/><V90/><F90/><W81/><G14/><T5/><D55/><U50/><E64/><V18/><F69/><W91/><G6/><AGARI ba="1,0" hai="0,2,5,6,8,11,32,34,35,57,58,77,78,79" machi="6" ten="50,1600,0" yaku="9,1" doraHai="71" who="0" fromWho="3" sc="271,19,207,0,233,0,289,-19" /><INIT seed="6,0,0,4,3,104" ten="290,207,233,270" oya="2" hai0="106,41,69,9,102,68,126,49,97,70,129,121,59" hai1="79,15,28,34,5,23,48,84,54,55,101,109,115" hai2="130,81,91,19,52,118,132,51,90,8,99,85,14" hai3="18,7,21,75,107,120,108,103,56,60,78,27,76"/><V11/><F130/><W36/><G108/><T66/><D121/><U44/><E109/><V113/><F113/><W80/><G120/><T26/><D129/><U43/><E34/><V95/><F132/><W131/><G131/><T61/><D126/><U4/><E101/><V82/><F118/><W58/><G36/><T33/><D9/><N who="1" m="4519" /><E5/><V96/><F8/><W112/><G112/><T94/><D94/><U88/><E79/><V105/><F105/><W124/><G124/><T116/><D116/><U128/><E128/><V17/><F17/><W98/><G7/><T37/><D37/><U100/><E100/><V35/><F35/><W20/><G78/><T32/><D26/><N who="1" m="16479" /><E115/><V93/><F85/><W40/><G40/><T77/><D77/><U72/><E72/><V110/><F110/><W53/><G21/><T117/><D117/><U6/><E6/><V3/><F3/><W74/><G58/><AGARI ba="0,0" hai="11,14,19,51,52,58,81,82,90,91,93,95,96,99" machi="58" ten="30,11600,0" yaku="7,1,9,1,8,1,54,1" doraHai="104" who="2" fromWho="3" sc="290,0,207,0,233,116,270,-116" /><INIT seed="6,1,0,2,2,78" ten="290,207,349,154" oya="2" hai0="77,42,28,1,123,48,62,113,20,0,30,26,22" hai1="60,82,103,67,88,52,44,100,9,41,131,3,125" hai2="86,37,33,70,71,25,99,101,126,118,76,10,45" hai3="87,34,104,119,79,19,21,107,83,124,129,110,130"/><V134/><F118/><W13/><G34/><T81/><D123/><U105/><E105/><N who="3" m="40522" /><G119/><T43/><D113/><U64/><E125/><V121/><F121/><W50/><G110/><T80/><D62/><U29/><E131/><N who="3" m="50186" /><G50/><T11/><D48/><N who="1" m="28679" /><E3/><V98/><F33/><W59/><G59/><T47/><D47/><U132/><E132/><V24/><F134/><W40/><G40/><T95/><D95/><U96/><E41/><V85/><F126/><AGARI ba="1,0" hai="13,19,21,79,83,87,124,126" m="50186,40522" machi="126" ten="40,2600,0" yaku="19,1,52,1" doraHai="78" who="3" fromWho="2" sc="290,0,207,0,349,-29,154,29" /><INIT seed="7,0,0,3,1,3" ten="290,207,320,183" oya="3" hai0="110,122,59,109,84,22,104,73,58,128,125,83,96" hai1="133,24,77,51,67,99,121,111,132,119,15,29,108" hai2="116,23,1,42,60,47,69,38,97,21,91,40,20" hai3="0,12,118,56,112,89,95,30,7,2,93,117,81"/><W31/><G112/><T98/><D122/><U120/><E67/><V65/><F1/><W130/><G130/><T45/><D45/><U54/><E77/><V75/><F75/><W62/><G81/><T135/><D22/><N who="1" m="15511" /><E99/><N who="0" m="37929" /><D58/><U113/><E51/><V55/><F42/><W114/><G114/><T126/><D59/><U5/><E54/><V92/><REACH who="2" step="1"/><F55/><REACH who="2" ten="290,207,310,183" step="2"/><N who="3" m="34079" /><G0/><T101/><D73/><U26/><E113/><V25/><F25/><W27/><G2/><T6/><D6/><U39/><E26/><V100/><F100/><W53/><G118/><AGARI ba="0,1" hai="20,21,23,38,40,47,60,65,69,91,92,97,116,118" machi="118" ten="40,2600,0" yaku="1,1,53,1" doraHai="3" doraHaiUra="41" who="2" fromWho="3" sc="290,0,207,0,310,36,183,-26" owari="290,9.0,207,-19.0,346,44.0,157,-34.0" /></mjloggm>