<mjloggm ver="2.3"><GO type="225" lobby="0"/><UN n0="%E3%82%B4%E3%83%BC%E3%83%AB%E3%83%87%E3%83%B3%E3%81%B2%E3%82%88%E3%81%93" n1="%E3%83%89%E3%83%BC%E3%83%A0%E3%81%AE%E8%81%B7%E4%BA%BA" n2="%E3%83%88%E3%83%88%E3%83%AA%E5%85%88%E7%94%9F%31%39%E6%AD%B3" n3="%E3%81%BF%E3%81%A3%E3%81%A4%E3%81%83%EF%BD%9E" dan="16,18,17,18" rate="2139.60,2302.23,2141.51,2218.75" sx="M,M,F,F"/><TAIKYOKU oya="0"/><INIT seed="0,0,0,3,3,48" ten="250,250,250,250" oya="0" hai0="71,43,33,119,59,80,47,122,87,17,32,134,92" hai1="97,13,98,34,68,89,75,16,130,64,132,107,94" hai2="84,120,46,76,73,81,11,20,63,108,4,121,27" hai3="3,93,41,35,44,28,62,70,104,88,54,58,40"/><T86/><D119/><U9/><E75/><V36/><F108/><W14/><G3/><T24/><D122/><U42/><E130/><V125/><F125/><W67/><G104/><T91/><D71/><U0/><E132/><V51/><F63/><W115/><G115/><T12/><D134/><U26/><E42/><V113/><F113/><W135/><G135/><T78/><D24/><U66/><E0/><V29/><F36/><W38/><G41/><T30/><D30/><U7/><E68/><V53/><REACH who="2" step="1"/><F73/><REACH who="2" ten="250,250,240,250" step="2"/><W74/><G74/><T83/><D80/><U50/><E50/><V103/><F103/><W124/><G124/><T52/><D43/><U49/><E49/><V106/><F106/><W127/><G127/><T57/><D47/><U95/><E107/><V111/><F111/><W117/><G117/><T72/><D72/><U6/><E64/><V77/><F77/><W31/><G67/><T129/><D129/><U85/><E66/><V39/><F39/><W56/><G62/><T22/><D59/><U45/><E45/><V5/><F5/><W131/><G44/><T18/><D18/><U37/><E37/><V8/><F8/><W23/><G131/><T96/><D96/><N who="1" m="36971" /><E6/><V109/><F109/><W55/><G38/><T100/><D100/><U99/><E7/><V128/><F128/><W112/><G112/><T123/><D123/><U10/><E10/><V19/><F19/><W1/><G70/><T114/><D114/><U126/><E126/><V116/><F116/><W118/><G118/><T102/><D102/><U21/><N who="1" m="36979" /><U69/><DORA hai="79" /><E69/><RYUUKYOKU ba="0,1" sc="250,15,250,-15,240,15,250,-15" hai0="12,17,22,32,33,52,57,78,83,86,87,91,92" hai2="4,11,20,27,29,46,51,53,76,81,84,120,121" /><INIT seed="0,1,1,4,3,133" ten="265,235,255,235" oya="0" hai0="2,49,120,71,22,23,84,21,29,132,24,10,123" hai1="82,74,69,8,46,110,63,16,118,3,131,60,19" hai2="9,35,116,127,38,97,50,18,58,121,66,4,33" hai3="80,48,130,56,20,51,36,53,101,12,34,87,81"/><T37/><D37/><U89/><E118/><V26/><F121/><N who="0" m="46666" /><D71/><U72/><E110/><V5/><F38/><W13/><G36/><T7/><D49/><U11/><E131/><V45/><F116/><W68/><G68/><T0/><D84/><U109/><E109/><V107/><F4/><W57/><G34/><N who="0" m="20775" /><D132/><U98/><E46/><V94/><F107/><W28/><G130/><T15/><AGARI ba="1,1" hai="0,2,7,10,15,21,22,23" m="20775,46666" machi="15" ten="30,3000,0" yaku="34,2" doraHai="133" who="0" fromWho="0" sc="265,43,235,-11,255,-11,235,-11" /><INIT seed="0,2,0,5,5,114" ten="308,224,244,224" oya="0" hai0="54,64,31,121,79,75,0,135,101,67,120,100,29" hai1="97,91,66,133,55,98,30,17,2,65,119,20,69" hai2="52,8,84,106,45,82,107,38,32,70,105,116,39" hai3="33,56,48,19,125,115,124,61,102,37,92,59,58"/><T57/><D0/><U24/><E119/><V72/><F32/><W16/><G115/><T96/><D135/><U11/><E133/><V7/><F70/><W51/><G33/><T53/><D79/><U88/><E69/><V6/><F72/><W126/><G37/><T112/><D112/><U113/><E113/><V117/><F52/><N who="0" m="20074" /><D57/><U73/><E73/><V78/><F7/><W74/><G74/><T22/><D75/><U23/><E55/><V77/><F78/><W36/><G36/><T28/><D22/><U1/><E11/><V123/><F123/><N who="0" m="47178" /><D96/><N who="1" m="36971" /><E1/><V60/><F60/><W93/><G102/><AGARI ba="2,0" hai="28,29,31,64,67,100,101,102" m="47178,20074" machi="102" ten="40,7700,0" yaku="28,2,54,1" doraHai="114" who="0" fromWho="3" sc="308,83,224,0,244,0,224,-83" /><INIT seed="0,3,0,4,4,70" ten="391,224,244,141" oya="0" hai0="97,36,106,26,40,4,76,81,69,65,100,118,17" hai1="129,62,108,130,13,22,37,92,110,19,31,135,9" hai2="72,7,88,104,29,1,52,59,94,12,0,74,30" hai3="39,5,111,25,96,21,45,132,123,44,121,10,28"/><T43/><D118/><U131/><E135/><V77/><F104/><W64/><G132/><T125/><D125/><U102/><E62/><V41/><F41/><W6/><G111/><N who="1" m="42538" /><E37/><V60/><F12/><W95/><G64/><T134/><D134/><U68/><E68/><V35/><F7/><W86/><G86/><T3/><D17/><U15/><E31/><V115/><F115/><W75/><G75/><N who="0" m="43167" /><D43/><U8/><E13/><V119/><F119/><W109/><G109/><T113/><D26/><U67/><E67/><V48/><F72/><W50/><G39/><T98/><D98/><AGARI ba="3,0" hai="8,9,15,19,22,92,98,102,129,130,131" m="42538" machi="98" ten="40,2600,0" yaku="19,1,14,1" doraHai="70" who="1" fromWho="0" sc="391,-35,224,35,244,0,141,0" /><INIT seed="1,0,0,2,1,36" ten="356,259,244,141" oya="1" hai0="27,92,98,2,53,112,47,40,12,135,20,13,32" hai1="132,81,91,60,108,100,85,102,117,37,79,83,23" hai2="55,42,113,14,84,94,62,34,45,1,101,41,122" hai3="88,126,57,68,25,115,70,64,78,110,38,106,10"/><U87/><E117/><V80/><F122/><W99/><G115/><T58/><D112/><U104/><E37/><V120/><F1/><W31/><G110/><T6/><D2/><U131/><E108/><V7/><F120/><W3/><G126/><T49/><D32/><U63/><E131/><V21/><F34/><W116/><G116/><T97/><D135/><U130/><E130/><V17/><F7/><W0/><G78/><T11/><D13/><U71/><E132/><V28/><F28/><W50/><G38/><T4/><D4/><U8/><E8/><V93/><F113/><W29/><G106/><T123/><D123/><U127/><E127/><V75/><F75/><W114/><G114/><T56/><D56/><U111/><E111/><V39/><F101/><N who="1" m="39017" /><E71/><V46/><F55/><W133/><G133/><T129/><D92/><N who="2" m="35434" /><F62/><N who="1" m="23593" /><E104/><V67/><F67/><W18/><G70/><T82/><D129/><U121/><E121/><V9/><F39/><W86/><G68/><T77/><D58/><U44/><E23/><V74/><F74/><W43/><G3/><T15/><D53/><U54/><E54/><V124/><F9/><W26/><G0/><T52/><D52/><U35/><E35/><V96/><F96/><W73/><G99/><T16/><D15/><U5/><E5/><V128/><F128/><W66/><G73/><AGARI ba="0,0" hai="6,11,12,16,20,27,40,47,49,73,77,82,97,98" machi="73" ten="30,3900,0" yaku="7,1,52,1,54,1" doraHai="36" who="0" fromWho="3" sc="356,39,259,0,244,0,141,-39" /><INIT seed="2,0,0,2,4,58" ten="395,259,244,102" oya="2" hai0="43,25,28,118,31,95,74,7,56,14,90,76,29" hai1="70,131,99,53,35,12,135,3,68,132,33,49,16" hai2="134,26,123,32,133,11,91,69,18,98,116,110,57" hai3="6,102,19,23,80,82,1,78,128,87,85,48,21"/><V71/><F116/><W65/><G128/><T105/><D105/><U103/><E3/><V8/><F123/><W124/><G124/><T88/><D118/><U130/><E49/><V41/><F110/><W86/><G1/><T100/><D43/><U73/><E53/><V104/><F41/><W107/><G6/><T17/><D74/><U120/><E73/><V67/><F57/><W4/><G107/><T51/><D76/><U126/><E120/><V54/><F54/><W66/><G4/><T22/><D100/><U9/><E126/><V119/><F119/><W46/><G102/><T55/><D95/><N who="1" m="58879" /><E68/><V114/><F114/><W109/><G109/><T129/><D129/><N who="1" m="49163" /><E70/><V62/><F69/><W2/><G2/><T93/><D93/><U44/><E44/><V15/><F8/><AGARI ba="0,0" hai="7,8,14,17,22,25,28,29,31,51,55,56,88,90" machi="8" ten="40,2600,0" yaku="8,1,54,1" doraHai="58" who="0" fromWho="2" sc="395,26,259,0,244,-26,102,0" /><INIT seed="3,0,0,0,1,87" ten="421,259,218,102" oya="3" hai0="47,91,27,124,51,74,103,130,11,83,75,54,2" hai1="112,104,122,16,7,3,5,32,119,10,20,117,9" hai2="100,115,94,42,125,57,45,58,62,111,132,38,1" hai3="116,26,6,24,120,37,123,13,134,126,108,76,88"/><W29/><G37/><T73/><D103/><U17/><E104/><V61/><F115/><W121/><G76/><T81/><D27/><N who="1" m="14727" /><E112/><V25/><F1/><W4/><G116/><N who="1" m="44618" /><E122/><V70/><F111/><W78/><G78/><T79/><D124/><U53/><E53/><V66/><F125/><W82/><G126/><T89/><D130/><U52/><E32/><V113/><F113/><W14/><G108/><T127/><D83/><U59/><E17/><V118/><F118/><W64/><G134/><T49/><D127/><U23/><E23/><V30/><F132/><W128/><G128/><T36/><D2/><N who="1" m="183" /><E52/><V96/><REACH who="2" step="1"/><F61/><REACH who="2" ten="421,259,208,102" step="2"/><W19/><G64/><T34/><D54/><U80/><E59/><V97/><F97/><W92/><G82/><AGARI ba="0,1" hai="3,7,10,80,82" m="183,44618,14727" machi="82" ten="30,2000,0" yaku="12,1,54,1" doraHai="87" who="1" fromWho="3" sc="421,0,259,30,208,0,102,-20" owari="421,52.0,289,9.0,208,-19.0,82,-42.0" /></mjloggm>