<mjloggm ver="2.3"><GO type="169" lobby="0"/><UN n0="%E3%83%8F%E3%82%B4%E2%98%85%E6%B2%B3%E7%AB%A5" n1="%41%6B%61%2D%75%72%61" n2="%E3%82%A6%E3%83%AB%E3%83%88%E3%83%A9%E7%AB%8B%E7%9B%B4" n3="%68%61%79%61%74%6F%E2%98%86" dan="16,17,17,18" rate="2080.28,2180.97,2154.12,2225.15" sx="M,M,M,M"/><TAIKYOKU oya="0"/><INIT seed="0,0,0,0,0,13" ten="250,250,250,250" oya="0" hai0="122,96,46,83,7,87,131,121,88,85,52,125,11" hai1="80,100,109,73,78,47,30,29,89,69,135,102,64" hai2="77,54,132,84,113,129,4,75,28,107,72,8,133" hai3="66,99,116,115,0,18,39,14,10,68,37,60,53"/><T79/><D131/><U126/><E109/><V76/><F107/><W82/><G116/><T74/><D125/><U81/><E126/><V123/><F123/><W43/><G115/><T25/><D96/><U61/><E135/><V48/><F28/><W45/><G0/><T62/><D74/><U22/><E47/><V105/><F105/><W23/><G99/><T93/><D25/><U130/><E130/><V70/><F70/><W65/><G65/><T114/><D114/><U128/><E128/><V91/><F129/><W108/><G108/><T55/><D62/><U111/><E111/><V59/><F113/><W19/><G82/><T9/><D9/><U6/><E6/><V117/><F117/><W98/><G98/><T110/><D110/><U27/><E30/><V112/><F112/><W32/><G32/><T71/><D71/><U104/><E104/><V120/><F120/><W44/><G53/><T118/><D55/><U86/><AGARI ba="0,0" hai="22,27,29,61,64,69,73,78,80,81,86,89,100,102" machi="86" ten="30,1100,0" yaku="0,1" doraHai="13" who="1" fromWho="1" sc="250,-5,250,11,250,-3,250,-3" /><INIT seed="1,0,0,3,1,86" ten="245,261,247,247" oya="1" hai0="126,83,125,84,79,75,65,93,110,22,45,5,24" hai1="48,7,28,54,12,94,108,40,2,130,122,70,72" hai2="134,35,43,123,60,17,50,87,100,74,3,128,16" hai3="99,115,98,0,34,29,38,105,109,21,41,112,133"/><U44/><E122/><V53/><F74/><W90/><G0/><T6/><D65/><U78/><E130/><V10/><F35/><W33/><G41/><T81/><D93/><U47/><E28/><V59/><F123/><W77/><G77/><T37/><D110/><U89/><E70/><V49/><F128/><W11/><G38/><T116/><D116/><U23/><E108/><V20/><F134/><W107/><G11/><T58/><D58/><U113/><E113/><V63/><F100/><W27/><G109/><T9/><D45/><U14/><E23/><V39/><F39/><W71/><G71/><T8/><D37/><U80/><E44/><V120/><F120/><W118/><G133/><T135/><D135/><U104/><E104/><V97/><F97/><W124/><G124/><N who="0" m="47723" /><D8/><U66/><E66/><V92/><F49/><W73/><G73/><T101/><D101/><U85/><REACH who="1" step="1"/><E40/><REACH who="1" ten="245,251,247,247" step="2"/><V18/><F43/><W114/><G118/><T96/><D9/><AGARI ba="0,1" hai="2,7,9,12,14,47,48,54,72,78,80,85,89,94" machi="9" ten="40,7700,0" yaku="1,1,2,1,52,1,53,0" doraHai="86" doraHaiUra="57" who="1" fromWho="0" sc="245,-77,251,87,247,0,247,0" /><INIT seed="1,1,0,4,4,120" ten="168,338,247,247" oya="1" hai0="44,90,41,126,118,109,76,135,88,48,12,98,83" hai1="54,70,65,71,19,106,92,113,39,93,66,32,79" hai2="62,67,100,50,121,96,7,91,81,110,24,45,124" hai3="127,85,99,129,86,42,34,14,59,35,82,102,55"/><U107/><E32/><V134/><F121/><W61/><G127/><T20/><D118/><U63/><E39/><V22/><F124/><W18/><G129/><T49/><D126/><U77/><E19/><V33/><F33/><W57/><G42/><T3/><D3/><U74/><E63/><V43/><F134/><W87/><G59/><T104/><D135/><U25/><E25/><V133/><F133/><W23/><REACH who="3" step="1"/><G82/><REACH who="3" ten="168,338,247,237" step="2"/><T112/><D83/><U80/><E80/><V78/><F81/><W28/><G28/><T58/><D41/><U31/><E31/><V114/><F114/><W111/><G111/><T122/><D58/><U131/><E131/><V0/><F110/><W72/><G72/><T130/><D109/><U37/><E74/><V73/><F73/><W30/><G30/><T5/><D130/><U2/><E113/><V123/><F123/><W6/><G6/><T4/><D122/><U94/><E71/><V105/><F78/><W36/><G36/><T10/><D76/><U8/><E37/><V15/><F7/><W38/><G38/><T101/><D112/><U68/><E77/><V40/><F40/><W46/><G46/><T27/><D4/><N who="1" m="1047" /><E79/><V132/><F132/><W119/><G119/><T69/><D69/><U117/><E117/><V17/><F43/><W75/><G75/><T89/><REACH who="0" step="1"/><D44/><REACH who="0" ten="158,338,247,237" step="2"/><U13/><E68/><V47/><F47/><W64/><G64/><T11/><D11/><U51/><E70/><V116/><F45/><W60/><G60/><T128/><D128/><U52/><E66/><V53/><F67/><W95/><AGARI ba="1,2" hai="14,18,23,34,35,55,57,61,85,86,87,95,99,102" machi="95" ten="30,7900,0" yaku="1,1,5,1,0,1,53,1" doraHai="120" doraHaiUra="9" who="3" fromWho="3" sc="158,-21,338,-40,247,-21,237,102" /><INIT seed="2,0,0,3,4,38" ten="137,298,226,339" oya="2" hai0="115,120,21,11,132,28,129,126,46,55,96,7,3" hai1="114,57,73,36,118,5,65,62,98,70,94,124,12" hai2="60,95,52,121,63,133,8,42,78,25,122,41,10" hai3="131,37,50,31,113,85,83,103,29,116,82,86,87"/><V44/><F78/><W16/><G37/><T23/><D120/><U39/><E114/><V67/><F133/><W100/><G116/><T77/><D115/><U84/><E73/><V20/><F95/><W1/><G1/><T111/><D111/><U33/><E33/><V43/><F122/><W88/><G113/><T79/><D132/><U90/><E118/><V59/><F121/><W110/><G86/><T108/><D108/><U81/><E124/><V47/><F47/><W72/><G72/><T93/><D126/><U99/><E99/><V56/><REACH who="2" step="1"/><F44/><REACH who="2" ten="137,298,216,339" step="2"/><W54/><G131/><T134/><D134/><U105/><E105/><V35/><F35/><W15/><G110/><T104/><D104/><U74/><E74/><V26/><F26/><W22/><G100/><T107/><D107/><U30/><E39/><V2/><F2/><W13/><G103/><T112/><D112/><U51/><E36/><V119/><F119/><W32/><G32/><T19/><D77/><U48/><E94/><V34/><F34/><W109/><G109/><T58/><D79/><U91/><E91/><V128/><F128/><W53/><G13/><T76/><D129/><U68/><E12/><V75/><F75/><W17/><G15/><T135/><D135/><U6/><E90/><V130/><F130/><W123/><G123/><T18/><D76/><U49/><E81/><V101/><F101/><W24/><G88/><N who="0" m="55335" /><D46/><U71/><E98/><V97/><F97/><W4/><G24/><N who="0" m="16415" /><D21/><U69/><E84/><V0/><F0/><W27/><G22/><T64/><D64/><U92/><E65/><RYUUKYOKU ba="0,1" sc="137,15,298,-15,216,15,339,-15" hai0="3,7,11,18,19,55,58" hai2="8,10,20,25,41,42,43,52,56,59,60,63,67" /><INIT seed="2,1,1,4,5,133" ten="152,283,231,324" oya="2" hai0="49,75,84,43,101,82,108,119,107,122,26,83,13" hai1="72,34,58,120,96,39,90,11,109,125,77,54,115" hai2="121,98,94,104,33,14,66,28,29,97,131,60,30" hai3="100,5,52,57,102,35,53,47,38,37,110,76,61"/><V3/><F3/><W50/><G35/><T128/><D122/><U4/><E115/><V40/><F121/><W85/><G5/><T25/><D75/><U10/><E34/><V124/><F131/><W106/><G110/><T134/><D107/><U116/><E116/><V73/><F73/><W44/><G106/><T24/><D108/><U88/><E120/><V64/><F40/><W32/><G32/><T67/><D134/><U113/><E39/><V12/><F33/><W69/><G69/><T51/><D101/><N who="3" m="39017" /><G37/><T56/><D128/><U127/><E113/><V78/><F104/><W59/><G38/><T0/><D0/><U22/><E22/><V15/><F78/><W7/><G7/><T132/><D132/><U2/><E11/><V31/><N who="2" m="7168" /><DORA hai="92" /><V62/><F124/><N who="1" m="47689" /><E96/><N who="2" m="36971" /><F94/><W118/><G118/><T70/><D70/><U79/><E109/><V16/><F16/><W95/><G95/><T86/><D119/><U17/><E17/><V46/><F46/><W20/><G20/><T9/><D43/><U55/><E55/><V48/><F48/><W126/><G126/><T18/><D51/><N who="1" m="31071" /><E79/><V65/><AGARI ba="1,1" hai="12,14,15,60,62,64,65,66" m="36971,7168" machi="65" ten="50,24000,3" yaku="29,2,28,2,8,1,52,3" doraHai="133,92" who="2" fromWho="2" sc="152,-81,283,-81,231,253,324,-81" /><INIT seed="2,2,0,2,4,101" ten="71,202,484,243" oya="2" hai0="111,114,53,120,4,97,122,89,86,103,129,100,10" hai1="119,23,37,39,47,16,83,115,18,91,61,51,99" hai2="102,32,126,54,11,2,34,106,131,14,57,30,49" hai3="71,21,44,22,80,40,70,3,62,87,125,116,123"/><V24/><F131/><W25/><G3/><T73/><D114/><U1/><E1/><V6/><F126/><W0/><G0/><T29/><D73/><U133/><E115/><V109/><F109/><W65/><G123/><T15/><D111/><U69/><E119/><V94/><F94/><W66/><G125/><T74/><D74/><U26/><E133/><V28/><F102/><W117/><G65/><T45/><D129/><U58/><E69/><V7/><F106/><W56/><G21/><T95/><D100/><U132/><E132/><V36/><F36/><W72/><G72/><T19/><D29/><U50/><E18/><V82/><F82/><W67/><G67/><T59/><D4/><U63/><E63/><V81/><F81/><W96/><G96/><T13/><D13/><U12/><E12/><V130/><F130/><W48/><G71/><T20/><D45/><U76/><E76/><V41/><F41/><W77/><G70/><T35/><D35/><U118/><E50/><V60/><F49/><W17/><AGARI ba="2,0" hai="17,22,25,40,44,48,56,62,66,77,80,87,116,117" machi="17" ten="20,1500,0" yaku="0,1,7,1" doraHai="101" who="3" fromWho="3" sc="71,-6,202,-6,484,-9,243,21" /><INIT seed="3,0,0,3,0,119" ten="65,196,475,264" oya="3" hai0="46,16,101,40,92,124,35,69,32,85,52,108,12" hai1="41,95,61,5,2,62,28,67,25,36,112,91,60" hai2="84,31,42,27,73,96,23,70,128,77,130,131,102" hai3="88,129,86,135,38,14,121,49,4,56,89,50,51"/><W74/><G121/><T6/><D69/><U116/><E112/><V21/><F70/><W75/><G38/><T126/><D6/><U45/><E116/><V110/><F110/><W81/><G129/><T11/><D108/><U59/><E2/><V82/><F42/><W44/><G135/><T3/><D3/><U13/><E5/><V104/><F21/><W127/><G127/><N who="0" m="48683" /><D40/><U94/><E13/><V58/><F58/><W66/><G74/><AGARI ba="0,0" hai="23,27,31,73,74,77,82,84,96,102,104,128,130,131" machi="74" ten="40,1300,0" yaku="19,1" doraHai="119" who="2" fromWho="3" sc="65,0,196,0,475,13,264,-13" /><INIT seed="4,0,0,4,4,17" ten="65,196,488,251" oya="0" hai0="4,3,44,120,82,133,125,96,98,63,77,70,45" hai1="113,81,130,72,80,128,129,71,73,83,59,135,90" hai2="19,126,78,94,69,29,76,102,88,108,34,8,57" hai3="15,119,99,131,56,87,123,2,30,107,53,5,118"/><T16/><D120/><U68/><E135/><V36/><F36/><W12/><G2/><T46/><D133/><U11/><E113/><V24/><F69/><N who="1" m="26697" /><E59/><V100/><F108/><W60/><G30/><T42/><D125/><U86/><E11/><V75/><F75/><AGARI ba="0,0" hai="72,73,75,80,81,83,86,90,128,129,130" m="26697" machi="75" ten="40,1300,0" yaku="19,1" doraHai="17" who="1" fromWho="2" sc="65,0,196,13,488,-13,251,0" /><INIT seed="5,0,0,1,1,125" ten="65,209,475,251" oya="1" hai0="83,73,128,51,2,53,103,79,45,15,1,75,98" hai1="33,80,61,93,105,88,74,38,108,71,84,81,14" hai2="77,56,114,50,132,111,102,116,34,113,122,19,26" hai3="18,20,82,115,91,104,39,100,10,59,11,32,66"/><U35/><E38/><V6/><F111/><W7/><G32/><T68/><D68/><U124/><E124/><V64/><F6/><W27/><G39/><T67/><D67/><U96/><E108/><V129/><F116/><W120/><G115/><N who="2" m="44041" /><F102/><W44/><G44/><T46/><D73/><U21/><E71/><V47/><F77/><W135/><G135/><T92/><D128/><U4/><E61/><V119/><F119/><W54/><G66/><T131/><D131/><U23/><E105/><V118/><F129/><W48/><G100/><T109/><D109/><U70/><E70/><V78/><F78/><W94/><G82/><T63/><D63/><U107/><E107/><V133/><F122/><W24/><G104/><T16/><REACH who="0" step="1"/><D45/><REACH who="0" ten="55,209,475,251" step="2"/><U127/><E74/><V86/><F64/><W69/><G69/><T62/><D62/><U3/><E127/><V12/><F47/><W42/><G120/><T29/><D29/><U8/><E35/><V106/><F118/><W36/><G59/><T121/><D121/><U134/><E33/><V5/><F56/><W87/><G36/><T130/><D130/><U97/><E134/><V72/><F72/><W90/><G48/><T112/><D112/><U123/><E123/><V95/><F50/><W110/><G110/><T43/><D43/><U101/><E80/><V126/><F34/><W99/><G42/><T17/><D17/><U60/><E60/><V65/><F132/><W85/><G18/><T55/><D55/><U40/><E40/><V41/><F133/><W76/><G54/><T89/><D89/><U13/><E88/><RYUUKYOKU ba="0,1" sc="55,30,209,-10,475,-10,251,-10" hai0="1,2,15,16,46,51,53,75,79,83,92,98,103" /><INIT seed="6,1,1,4,2,21" ten="85,199,465,241" oya="2" hai0="123,49,23,78,91,61,120,73,87,39,106,32,105" hai1="67,59,92,71,82,112,65,9,34,76,53,3,63" hai2="10,18,54,99,133,135,44,4,110,121,57,43,103" hai3="131,89,42,12,95,108,7,126,1,55,16,13,83"/><V109/><F18/><W90/><G126/><T94/><D32/><U5/><E112/><V97/><F121/><W62/><G42/><T104/><D39/><U46/><E34/><V11/><F54/><W40/><G40/><T68/><D49/><U50/><E92/><V81/><F81/><W19/><G1/><T79/><D23/><U102/><E102/><V128/><F57/><W74/><G74/><T69/><D61/><U0/><E67/><V72/><F72/><W58/><G131/><T101/><D101/><U129/><E129/><V116/><F116/><W38/><G38/><T98/><D73/><U118/><E118/><V6/><F128/><W41/><G41/><T122/><REACH who="0" step="1"/><D98/><REACH who="0" ten="75,199,465,241" step="2"/><U51/><E50/><V20/><F20/><W60/><G62/><T28/><D28/><U88/><E51/><V48/><F99/><W52/><G60/><T115/><D115/><U93/><E63/><V130/><F130/><W70/><G70/><AGARI ba="1,2" hai="68,69,70,78,79,87,91,94,104,105,106,120,122,123" machi="70" ten="50,8000,1" yaku="1,1,53,3" doraHai="21" doraHaiUra="100" who="0" fromWho="3" sc="75,103,199,0,465,0,241,-83" /><INIT seed="7,0,0,2,3,8" ten="178,199,465,158" oya="3" hai0="131,42,55,33,115,88,135,41,107,15,90,74,13" hai1="60,80,97,103,21,85,92,18,57,117,44,64,25" hai2="130,38,56,108,6,79,111,118,4,14,99,128,35" hai3="36,30,82,46,122,68,37,110,16,19,105,94,22"/><W67/><G105/><T5/><D33/><U3/><E3/><V54/><F35/><W27/><G122/><T12/><D74/><U116/><E44/><V28/><F28/><W123/><G123/><T119/><D107/><U125/><E125/><V34/><F34/><W26/><G110/><T48/><D119/><N who="1" m="45643" /><E85/><V70/><F70/><W20/><G30/><T84/><D131/><U83/><AGARI ba="0,0" hai="18,21,25,57,60,64,80,83,92,97,103" m="45643" machi="83" ten="30,1100,0" yaku="12,1" doraHai="8" who="1" fromWho="1" sc="178,-3,199,11,465,-3,158,-5" owari="175,-22.0,210,1.0,462,56.0,153,-35.0" /></mjloggm>