<mjloggm ver="2.3"><GO type="169" lobby="0"/><UN n0="%E9%9D%92%E3%83%99%E3%82%AC" n1="%69%73%63%6F%70%65" n2="%E5%81%A5%E5%85%A8%E7%90%86%E7%B3%BB%E7%94%B7%E5%85%90" n3="%E3%82%A6%E3%83%AB%E3%83%88%E3%83%A9%E7%AB%8B%E7%9B%B4" dan="16,17,16,16" rate="2029.71,2130.07,2116.43,2099.46" sx="F,M,M,M"/><TAIKYOKU oya="0"/><INIT seed="0,0,0,2,0,4" ten="250,250,250,250" oya="0" hai0="78,16,29,85,37,27,67,127,33,31,114,117,13" hai1="73,91,134,40,66,88,80,120,110,82,54,70,55" hai2="17,49,92,20,126,116,102,7,57,10,0,122,28" hai3="18,62,112,133,63,132,42,11,9,89,36,8,26"/><T34/><D114/><U81/><E120/><V60/><F122/><W94/><G112/><T5/><D117/><U107/><E107/><V14/><F116/><W53/><G42/><T3/><D37/><U71/><E40/><V129/><F126/><W74/><G74/><T84/><D67/><U115/><E115/><V109/><F109/><W95/><G36/><T56/><D78/><U124/><E73/><V128/><F49/><W113/><G113/><T93/><D56/><U108/><E66/><V2/><F2/><W30/><G94/><T86/><D127/><U25/><E25/><V1/><F1/><W69/><G69/><N who="1" m="26122" /><E124/><V104/><F104/><W83/><G83/><T41/><D41/><U119/><E119/><V135/><F135/><N who="3" m="51787" /><G18/><T47/><D47/><U52/><E134/><V59/><F28/><W87/><G53/><T118/><D118/><U45/><E45/><V51/><F51/><W105/><G105/><T50/><D50/><U97/><E97/><N who="2" m="59687" /><F60/><W19/><G19/><T76/><D31/><U123/><E123/><V75/><F75/><W6/><G6/><T35/><D76/><U64/><E64/><V61/><F61/><W98/><G98/><T23/><D93/><U103/><E103/><V79/><F79/><W130/><G130/><AGARI ba="0,0" hai="0,7,10,14,17,20,57,59,128,129,130" m="59687" machi="130" ten="30,2000,0" yaku="19,1,52,1" doraHai="4" who="2" fromWho="3" sc="250,0,250,0,250,20,250,-20" /><INIT seed="1,0,0,0,3,77" ten="250,250,270,230" oya="1" hai0="63,59,71,34,1,125,85,82,123,94,111,133,56" hai1="47,120,132,57,73,78,65,102,33,76,128,62,100" hai2="101,41,50,42,79,130,69,97,13,7,17,14,75" hai3="108,91,46,24,129,103,16,74,64,121,45,12,3"/><U90/><E120/><V66/><F130/><W0/><G121/><T55/><D123/><U53/><E33/><V60/><F7/><W36/><G108/><T68/><D34/><U52/><E128/><V18/><F14/><W61/><G129/><T43/><D1/><U31/><E31/><V81/><F50/><W135/><G135/><T92/><D111/><U83/><E132/><V10/><REACH who="2" step="1"/><F18/><REACH who="2" ten="250,250,260,230" step="2"/><W25/><G0/><T110/><D133/><U35/><E73/><V96/><F96/><W117/><G3/><T49/><D110/><U51/><E35/><V95/><AGARI ba="0,1" hai="10,13,17,41,42,60,66,69,75,79,81,95,97,101" machi="95" ten="20,8000,1" yaku="1,1,0,1,7,1,52,1,53,1" doraHai="77" doraHaiUra="93" who="2" fromWho="2" sc="250,-20,250,-40,260,90,230,-20" /><INIT seed="2,0,0,4,3,42" ten="230,210,350,210" oya="2" hai0="40,89,38,105,80,107,0,23,18,30,116,51,88" hai1="22,99,135,115,100,108,131,117,29,95,94,53,61" hai2="83,84,19,96,13,36,112,59,85,123,62,121,24" hai3="14,82,132,71,119,26,122,133,2,6,93,43,17"/><V92/><F36/><W65/><G122/><T66/><D116/><U49/><E115/><V75/><F75/><W44/><G119/><T111/><D0/><U102/><E117/><V15/><F112/><W27/><G6/><T8/><D38/><U21/><E108/><V90/><F84/><W16/><G2/><T20/><D111/><U114/><E114/><V58/><F58/><W106/><G106/><T81/><D66/><U56/><E135/><N who="3" m="51786" /><G82/><T10/><D40/><U34/><E131/><V72/><F72/><W98/><G65/><T67/><D67/><U63/><E34/><V78/><F24/><N who="3" m="9259" /><G14/><T113/><D113/><U45/><E29/><V5/><F5/><W76/><G76/><T127/><D51/><U60/><E56/><V12/><F121/><W91/><G71/><T50/><D50/><AGARI ba="0,0" hai="16,17,43,44,50,91,93,98" m="9259,51786" machi="50" ten="30,3900,0" yaku="20,1,52,1,54,1" doraHai="42" who="3" fromWho="0" sc="230,-39,210,0,350,0,210,39" /><INIT seed="3,0,0,3,0,87" ten="191,210,350,249" oya="3" hai0="21,118,85,28,51,19,133,92,17,78,120,54,22" hai1="98,31,20,132,89,45,36,41,10,25,53,84,15" hai2="126,74,44,69,129,59,76,63,8,135,127,49,39" hai3="50,108,46,112,86,57,134,64,43,16,131,125,80"/><W33/><G112/><T56/><D120/><U88/><E132/><V72/><F135/><W4/><G134/><T122/><D133/><U119/><E119/><V128/><F69/><W12/><G33/><T117/><D122/><U1/><E1/><V30/><F39/><W115/><G115/><T3/><D3/><U81/><E53/><N who="2" m="34287" /><F30/><W0/><G131/><N who="2" m="50249" /><F8/><W40/><G125/><N who="2" m="47625" /><F76/><W83/><G0/><T93/><D28/><U95/><E10/><V52/><AGARI ba="0,0" hai="44,49,52,72,74" m="47625,50249,34287" machi="52" ten="30,4000,0" yaku="19,1,18,1,54,1" doraHai="87" who="2" fromWho="2" sc="191,-10,210,-10,350,40,249,-20" /><INIT seed="4,0,0,1,3,58" ten="181,200,390,229" oya="0" hai0="67,128,107,86,90,48,68,28,3,83,88,121,109" hai1="20,101,113,100,119,8,89,52,57,30,64,1,23" hai2="25,11,85,40,63,45,132,0,110,99,66,56,10" hai3="135,21,133,33,12,29,62,74,103,95,49,26,71"/><T73/><D121/><U18/><E119/><V115/><F110/><W97/><G74/><T44/><D107/><U13/><E113/><V92/><F115/><W106/><G49/><T59/><D3/><U2/><E2/><V55/><F132/><W37/><G37/><T15/><D68/><U47/><E1/><V79/><F66/><N who="3" m="41431" /><G95/><T129/><D109/><U75/><E75/><V94/><F25/><W5/><G21/><T38/><D38/><U32/><E32/><V70/><F70/><W34/><G34/><T54/><D73/><U130/><E130/><N who="0" m="50281" /><D28/><U60/><E89/><N who="2" m="53295" /><F79/><W22/><G22/><N who="1" m="8234" /><E30/><V127/><F127/><W76/><G76/><N who="0" m="46439" /><D15/><U108/><E108/><V134/><F134/><W53/><G12/><T14/><D14/><U50/><AGARI ba="0,0" hai="8,13,18,47,50,52,57,60,64,100,101" m="8234" machi="50" ten="30,4000,0" yaku="8,1,52,1,54,1" doraHai="58" who="1" fromWho="1" sc="181,-20,200,40,390,-10,229,-10" /><INIT seed="5,0,0,4,5,29" ten="161,240,380,219" oya="1" hai0="66,50,100,7,131,80,96,19,41,69,90,104,51" hai1="17,56,98,44,133,93,109,118,74,0,61,113,79" hai2="37,117,47,92,84,95,107,91,11,39,81,108,111" hai3="54,57,9,20,129,2,120,49,72,110,23,38,78"/><U73/><E118/><V31/><F117/><W112/><G110/><T127/><D7/><U77/><E109/><V76/><F107/><W14/><G120/><T94/><D131/><U130/><E0/><V55/><F39/><W45/><G112/><T21/><D127/><U15/><E113/><V43/><F92/><W1/><G129/><T25/><D41/><U126/><E126/><V30/><F11/><W53/><G38/><T42/><D42/><U125/><E125/><V82/><F82/><W63/><G72/><T64/><D80/><U46/><E73/><V40/><F40/><W59/><G78/><N who="1" m="29706" /><E74/><V106/><F106/><W132/><G132/><T6/><D6/><U70/><E70/><V87/><F55/><W135/><G135/><T18/><D18/><U89/><E133/><V10/><F10/><W86/><G2/><T101/><D101/><U103/><E103/><V134/><F134/><W26/><G1/><T48/><REACH who="0" step="1"/><D69/><REACH who="0" ten="151,240,380,219" step="2"/><U105/><E130/><V52/><F108/><W35/><G9/><T12/><D12/><U67/><E105/><V99/><F111/><W115/><G14/><T60/><D60/><U116/><E116/><V97/><F43/><W83/><G115/><T34/><D34/><U122/><E122/><V124/><F124/><W114/><G114/><T28/><D28/><U62/><E61/><V5/><F37/><W36/><G35/><T65/><D65/><U121/><E121/><V102/><F5/><W33/><G33/><T16/><D16/><U71/><E71/><V75/><F102/><W123/><G36/><T3/><D3/><RYUUKYOKU ba="0,1" sc="151,15,240,15,380,-15,219,-15" hai0="19,21,25,48,50,51,64,66,90,94,96,100,104" hai1="15,17,44,46,56,62,67,89,93,98" /><INIT seed="5,1,1,1,4,135" ten="166,255,365,204" oya="1" hai0="118,16,133,17,6,21,122,73,67,95,46,22,64" hai1="86,45,42,79,125,53,127,25,108,78,120,48,100" hai2="111,91,33,94,101,37,34,7,123,29,4,3,62" hai3="126,121,49,31,131,44,68,24,28,65,38,8,128"/><U43/><E120/><V10/><F111/><W20/><G121/><T90/><D73/><U84/><E108/><V69/><F37/><W88/><G38/><T2/><D122/><U80/><E100/><V40/><F40/><N who="3" m="24711" /><G8/><T9/><D133/><U83/><E25/><V60/><F62/><N who="3" m="39991" /><G88/><T61/><D118/><U130/><E130/><N who="3" m="49706" /><G31/><T132/><D132/><U57/><E42/><V32/><F29/><W15/><G15/><T85/><D22/><U87/><E86/><V59/><F69/><W109/><G109/><T134/><D134/><U107/><E107/><V5/><F101/><W58/><G58/><T103/><D103/><U19/><E19/><V70/><F70/><W39/><G39/><AGARI ba="1,1" hai="39,43,45,48,53,57,78,79,80,83,84,87,125,127" machi="39" ten="40,7700,0" yaku="9,1,52,2" doraHai="135" who="1" fromWho="3" sc="166,0,255,90,365,0,204,-80" /><INIT seed="5,2,0,0,1,133" ten="166,345,365,124" oya="1" hai0="31,39,7,105,37,70,128,10,116,23,118,54,82" hai1="107,40,25,83,22,58,27,28,34,111,21,121,32" hai2="45,135,115,11,30,85,80,126,79,127,102,123,122" hai3="9,117,97,64,62,109,59,134,100,35,120,26,52"/><U131/><E107/><V104/><F135/><W89/><G134/><T0/><D105/><U18/><E121/><N who="2" m="46091" /><F30/><W36/><G120/><T24/><D128/><U42/><E131/><V74/><F11/><W73/><G73/><T113/><D70/><U90/><E111/><V19/><F19/><W94/><G109/><T56/><D113/><U91/><E32/><V8/><F8/><W69/><G36/><T5/><D5/><U65/><E34/><V38/><F38/><W51/><G117/><T114/><D114/><U103/><E103/><V46/><F46/><W125/><G9/><T41/><D39/><U15/><E25/><V43/><F43/><N who="1" m="16425" /><E83/><N who="2" m="45559" /><F45/><W106/><G125/><N who="2" m="47625" /><F115/><W92/><G35/><T61/><D41/><U57/><E57/><V50/><F50/><W2/><G2/><T33/><D37/><U14/><E14/><V95/><F104/><W17/><G17/><T44/><D44/><U81/><E58/><V60/><F60/><W3/><G3/><T1/><D1/><U112/><E112/><V96/><F85/><W87/><REACH who="3" step="1"/><G26/><REACH who="3" ten="166,345,365,114" step="2"/><T78/><D33/><U71/><E27/><V98/><F98/><W55/><G55/><T20/><D23/><U13/><E21/><V75/><F75/><AGARI ba="2,1" hai="0,7,10,20,24,31,54,56,61,75,78,82,116,118" machi="75" ten="30,1000,0" yaku="7,1" doraHai="133" who="0" fromWho="2" sc="166,26,345,0,365,-16,114,0" /><INIT seed="6,0,0,2,2,17" ten="192,345,349,114" oya="2" hai0="107,76,112,88,5,43,115,46,134,114,81,127,103" hai1="74,10,21,85,9,45,41,25,23,78,50,40,47" hai2="59,113,7,102,66,44,72,2,117,36,57,97,123" hai3="75,34,39,28,22,110,80,4,77,106,104,105,13"/><V1/><F117/><W129/><G110/><T56/><D134/><U20/><E74/><V132/><F123/><W120/><G120/><T109/><D109/><U63/><E63/><V38/><F72/><W37/><G129/><T30/><D127/><U64/><E64/><V24/><F132/><W100/><G100/><T31/><D5/><U29/><E78/><V14/><F1/><W70/><G70/><T0/><D0/><U126/><E126/><V55/><F2/><W128/><G128/><T54/><D88/><U26/><E85/><V61/><F44/><W71/><G71/><T94/><D107/><U122/><E122/><V35/><F113/><W98/><G98/><N who="0" m="59863" /><D56/><U118/><E118/><V133/><F133/><W131/><G131/><T79/><D54/><U108/><E108/><V130/><F130/><W96/><G96/><T52/><D52/><U27/><REACH who="1" step="1"/><E29/><REACH who="1" ten="192,335,349,114" step="2"/><V12/><F66/><W19/><REACH who="3" step="1"/><G4/><REACH who="3" ten="192,335,349,104" step="2"/><T124/><D124/><U101/><E101/><V67/><F7/><W93/><G93/><T65/><D115/><U95/><E95/><V82/><F102/><W73/><G73/><T90/><D114/><U49/><AGARI ba="0,2" hai="9,10,20,21,23,25,26,27,40,41,45,47,49,50" machi="49" ten="30,12000,2" yaku="1,1,0,1,9,1,8,1,52,3,53,0" doraHai="17" doraHaiUra="69" who="1" fromWho="1" sc="192,-30,335,140,349,-60,104,-30" /><INIT seed="7,0,0,5,2,107" ten="162,475,289,74" oya="3" hai0="93,67,94,46,62,39,17,5,9,41,129,50,35" hai1="58,18,96,44,45,85,118,30,109,127,100,131,54" hai2="66,57,89,21,47,125,74,19,40,29,133,15,16" hai3="111,43,110,69,97,79,128,53,12,1,31,51,117"/><W56/><G1/><T135/><D35/><U104/><E109/><N who="3" m="41482" /><G117/><T86/><D135/><U70/><E70/><V61/><F74/><W77/><G69/><T6/><D129/><U24/><E131/><V2/><F2/><W26/><G128/><T14/><D39/><U98/><E98/><V95/><F133/><W90/><G43/><T134/><D134/><U114/><E114/><V124/><F29/><W37/><G37/><T126/><D126/><N who="2" m="48746" /><F15/><W22/><G12/><T105/><D105/><U91/><E18/><V71/><F21/><W121/><G121/><T73/><D73/><U68/><E68/><V7/><F7/><N who="0" m="2570" /><D86/><U120/><E120/><V28/><F28/><W20/><G20/><T123/><D123/><U83/><E127/><V49/><F71/><W92/><AGARI ba="0,0" hai="22,26,31,51,53,56,77,79,90,92,97" m="41482" machi="92" ten="30,1500,0" yaku="10,1" doraHai="107" who="3" fromWho="3" sc="162,-5,475,-5,289,-5,74,15" /><INIT seed="7,1,0,5,5,89" ten="157,470,284,89" oya="3" hai0="122,88,30,81,86,26,10,118,77,7,127,62,135" hai1="15,130,44,35,128,104,72,70,124,11,16,105,112" hai2="43,74,1,92,103,42,119,5,54,4,126,6,94" hai3="133,9,41,100,121,61,3,50,23,117,63,80,101"/><W125/><G121/><T52/><D118/><U29/><E70/><V67/><F1/><W114/><G117/><T95/><D122/><U28/><E72/><V53/><F74/><W108/><G3/><T87/><D135/><U39/><E112/><V76/><F119/><W134/><G114/><T97/><D127/><U13/><E124/><V83/><F67/><W48/><G125/><T68/><D68/><U40/><E15/><V24/><F24/><W36/><G36/><T31/><D87/><U82/><E82/><V111/><F111/><W123/><G123/><T93/><D93/><U96/><E104/><V132/><F132/><N who="3" m="50795" /><G108/><T129/><D129/><N who="1" m="49771" /><E35/><V102/><F76/><W27/><G9/><T116/><D116/><U75/><E75/><V78/><F78/><W57/><G80/><T98/><D98/><U21/><E11/><V47/><F83/><W18/><G41/><N who="2" m="15369" /><F126/><W25/><G25/><T51/><D62/><N who="3" m="23561" /><G57/><N who="0" m="32927" /><D26/><U109/><E109/><V19/><F19/><W85/><G85/><T107/><D107/><U37/><E37/><V17/><F17/><W46/><G46/><T8/><D8/><U106/><E106/><V60/><F60/><W59/><G59/><T66/><D66/><U99/><E105/><V58/><F58/><W90/><G90/><T91/><D91/><U113/><E113/><V38/><F38/><W120/><G120/><T79/><D79/><U0/><E0/><V2/><F2/><W32/><G32/><T20/><D20/><U65/><E65/><V73/><F73/><W56/><G56/><T110/><D110/><U49/><E39/><RYUUKYOKU ba="1,0" sc="157,10,470,10,284,-30,89,10" hai0="7,10,30,31,77,81,86,88,95,97" hai1="13,16,21,28,29,40,44,49,96,99" hai3="18,23,27,48,50,100,101" /><INIT seed="7,2,0,1,0,51" ten="167,480,254,99" oya="3" hai0="8,72,80,45,15,107,113,56,114,103,84,89,110" hai1="27,29,125,88,21,126,96,11,52,61,104,98,4" hai2="32,129,33,65,78,58,116,74,91,76,102,133,28" hai3="92,30,53,106,87,81,5,85,100,46,2,70,59"/><W67/><G106/><T22/><D110/><U16/><E29/><V109/><F109/><W39/><G30/><T43/><D72/><U121/><E121/><V20/><F116/><W128/><G128/><T73/><D73/><U118/><E118/><V50/><F33/><W63/><G2/><T14/><D56/><N who="1" m="34951" /><E104/><V54/><F32/><W111/><G111/><T38/><D8/><U36/><E36/><V48/><F102/><W40/><G5/><T57/><D57/><U94/><E96/><V19/><F65/><W132/><G132/><T69/><D69/><U37/><E37/><V49/><F74/><W105/><G105/><T34/><D34/><U123/><E123/><V82/><F129/><W6/><G6/><T60/><D60/><U71/><E71/><V24/><F133/><W18/><G18/><T127/><D127/><U17/><E17/><V119/><F119/><W47/><G47/><T124/><D124/><U13/><AGARI ba="2,0" hai="4,11,13,16,21,27,88,94,98,125,126" m="34951" machi="13" ten="30,8000,1" yaku="25,1,52,1,54,3" doraHai="51" who="1" fromWho="1" sc="167,-22,480,86,254,-22,99,-42" owari="145,-25.0,566,66.0,232,3.0,57,-44.0" /></mjloggm>