<mjloggm ver="2.3"><GO type="41" lobby="0"/><UN n0="%E3%81%BE%E3%81%82%E3%81%BC%E3%81%86%E5%A4%A7%E4%BD%90" n1="%E5%B0%B1%E6%B4%BB%E7%94%9F%40%E5%B7%9D%E6%9D%91%E8%BB%8D%E5%9B%A3" n2="%E3%82%AB%E3%82%AF%E3%82%A8%E3%83%BC" n3="%75%73%68%69%6B%6F" dan="13,14,14,14" rate="1898.58,1915.54,1943.36,1944.59" sx="F,M,M,M"/><TAIKYOKU oya="0"/><INIT seed="0,0,0,4,4,25" ten="250,250,250,250" oya="0" hai0="40,90,93,76,18,97,116,131,126,55,123,27,56" hai1="89,34,80,21,98,30,118,84,121,91,87,46,122" hai2="75,73,16,127,5,38,133,68,67,1,45,22,36" hai3="54,24,42,62,65,83,94,26,33,71,112,82,132"/><T47/><D123/><U0/><E118/><V124/><F1/><W8/><G112/><T114/><D116/><U52/><E34/><V17/><F5/><W63/><G132/><T130/><D114/><U70/><E0/><V35/><F35/><W29/><G42/><T58/><D76/><U44/><E70/><V31/><F45/><W4/><G26/><T74/><D126/><U19/><E121/><V13/><F133/><W88/><G54/><T81/><D81/><U61/><E98/><V43/><F43/><W129/><G63/><T108/><D108/><U9/><E9/><V85/><F85/><W104/><G129/><N who="0" m="49163" /><D74/><U77/><E77/><V102/><F102/><W113/><G104/><T134/><D134/><U60/><E30/><V95/><F95/><W32/><G32/><T23/><D55/><U39/><E39/><AGARI ba="0,0" hai="18,23,27,39,40,47,56,58,90,93,97" m="49163" machi="39" ten="30,1500,0" yaku="19,1" doraHai="25" who="0" fromWho="1" sc="250,15,250,-15,250,0,250,0" /><INIT seed="0,1,0,0,1,44" ten="265,235,250,250" oya="0" hai0="46,90,101,67,13,103,2,18,122,45,113,107,120" hai1="102,38,116,70,59,95,78,93,129,109,76,66,19" hai2="98,82,81,22,74,3,118,119,7,111,79,53,68" hai3="47,127,75,115,94,88,24,36,49,91,135,114,48"/><T16/><D113/><U0/><E0/><V112/><F68/><W12/><G75/><T131/><D2/><U117/><E38/><V54/><F112/><W77/><G77/><T108/><D67/><U83/><E70/><V25/><F111/><W31/><G127/><T34/><D34/><U80/><E66/><V21/><F98/><W97/><G135/><T20/><D108/><U64/><E64/><V1/><F74/><W29/><G29/><T43/><D131/><U86/><E19/><V60/><F60/><W73/><G73/><T40/><D90/><U62/><E62/><V51/><F7/><W84/><G114/><T37/><D18/><U85/><E59/><V56/><F79/><W33/><G115/><T9/><D9/><U130/><E109/><V92/><F56/><W106/><G106/><T124/><D124/><U125/><E125/><V65/><F92/><W57/><G57/><T28/><D28/><U105/><E105/><V32/><F65/><W63/><G63/><T41/><D41/><U71/><E71/><V17/><F17/><W58/><G58/><T89/><D89/><U27/><E27/><V121/><F121/><W30/><G30/><T14/><D14/><U52/><E52/><V61/><F61/><W42/><G12/><T87/><D87/><U39/><E39/><V104/><F104/><W72/><G72/><T55/><D55/><U100/><AGARI ba="1,0" hai="76,78,80,83,85,86,93,95,100,102,116,117,129,130" machi="100" ten="25,12000,2" yaku="0,1,22,2,34,3" doraHai="44" who="1" fromWho="1" sc="265,-61,235,123,250,-31,250,-31" /><INIT seed="1,0,0,4,2,111" ten="204,358,219,219" oya="1" hai0="84,100,43,99,112,7,5,29,15,4,6,122,26" hai1="25,33,90,123,128,130,75,52,133,3,79,28,45" hai2="108,46,96,91,105,67,47,64,113,109,42,127,94" hai3="73,78,126,68,124,13,63,54,89,131,12,51,101"/><U58/><E123/><V97/><F113/><W14/><G131/><T103/><D43/><U27/><E133/><V125/><F105/><W74/><G89/><T0/><D122/><U8/><E45/><V116/><F116/><W65/><G101/><T44/><D44/><U48/><E90/><V16/><F91/><W129/><G78/><T49/><D49/><U106/><E106/><V10/><F10/><W80/><G80/><T92/><D84/><U87/><E75/><V70/><F94/><W17/><G129/><N who="1" m="49770" /><E27/><V102/><F102/><W22/><G74/><T76/><D76/><U69/><E69/><V23/><F23/><W2/><G2/><T93/><D0/><U55/><E55/><V40/><REACH who="2" step="1"/><F70/><REACH who="2" ten="204,358,209,219" step="2"/><W9/><G73/><T50/><D103/><U61/><E8/><V36/><F36/><W21/><G9/><N who="0" m="4519" /><D93/><U134/><E134/><V119/><F119/><W31/><G31/><T41/><D92/><U20/><E20/><V66/><F66/><W83/><G83/><T135/><D100/><U30/><E30/><V114/><F114/><W38/><G38/><T118/><D112/><U81/><E3/><V117/><F117/><W104/><G104/><T120/><D118/><U72/><E72/><V56/><F56/><W77/><G77/><T85/><D135/><U60/><AGARI ba="0,1" hai="25,28,33,48,52,58,60,61,79,81,87" m="49770" machi="60" ten="30,3000,0" yaku="19,1,54,1" doraHai="111" who="1" fromWho="1" sc="204,-10,358,40,209,-10,219,-10" /><INIT seed="1,1,0,2,1,106" ten="194,398,199,209" oya="1" hai0="33,24,116,57,63,42,1,74,80,115,25,110,134" hai1="45,100,78,21,123,14,105,5,98,75,72,61,56" hai2="51,41,79,86,2,37,58,70,55,0,7,44,101" hai3="26,3,129,118,59,17,30,81,83,13,28,67,125"/><U120/><E45/><V87/><F101/><W88/><G129/><T66/><D116/><U108/><E108/><V97/><F97/><W52/><G67/><T89/><D110/><U119/><E119/><V68/><F7/><W111/><G111/><T15/><D1/><U95/><E105/><V27/><F27/><W112/><G3/><T6/><D115/><U69/><E69/><V90/><F70/><W32/><G112/><T47/><D33/><U103/><E103/><V130/><F130/><W122/><G122/><T107/><D134/><U102/><E102/><V93/><F86/><W76/><G118/><T60/><D60/><U22/><E22/><V77/><F0/><W113/><G113/><T34/><D34/><U133/><E133/><V10/><F2/><W96/><G125/><T71/><D71/><U16/><E5/><V121/><F10/><W85/><G26/><T53/><D66/><U29/><E29/><V54/><F121/><W38/><G38/><T46/><D107/><U135/><E135/><V64/><F55/><W127/><G127/><T126/><D126/><U132/><E132/><V20/><F20/><N who="3" m="11311" /><G32/><T104/><D104/><U94/><E94/><V62/><AGARI ba="1,0" hai="37,41,44,51,54,58,62,64,68,77,79,87,90,93" machi="62" ten="30,4000,0" yaku="0,1,24,2" doraHai="106" who="2" fromWho="2" sc="194,-11,398,-21,199,43,209,-11" /><INIT seed="2,0,0,1,1,51" ten="183,377,242,198" oya="2" hai0="72,14,130,41,82,75,64,62,30,102,43,49,120" hai1="122,25,105,83,86,127,15,44,36,16,39,129,71" hai2="6,17,123,107,23,2,78,134,29,128,52,47,99" hai3="33,65,110,68,63,112,79,58,133,115,53,38,50"/><V93/><F123/><W27/><G110/><T45/><D120/><U3/><E3/><V59/><F134/><W56/><G79/><T124/><D124/><U69/><E105/><V67/><F128/><W26/><G133/><T131/><D30/><U77/><E122/><V119/><F107/><W22/><G33/><T84/><D102/><U97/><E127/><V9/><F119/><W132/><G132/><T80/><D41/><U87/><E129/><N who="0" m="49161" /><D14/><U76/><E25/><V10/><F78/><W34/><G34/><T118/><D118/><U111/><E97/><V32/><F47/><W88/><G38/><T42/><D42/><U4/><E4/><V61/><F10/><W116/><G116/><T18/><D18/><U117/><E111/><V135/><F135/><W5/><G5/><T55/><D43/><U70/><E117/><V100/><F32/><W95/><G68/><N who="0" m="42007" /><D84/><U103/><E103/><V8/><F8/><W19/><REACH who="3" step="1"/><G27/><REACH who="3" ten="183,377,242,188" step="2"/><T114/><D114/><U104/><E39/><V48/><F29/><W108/><G108/><T21/><D21/><U109/><E36/><V7/><F2/><W11/><G11/><T96/><D75/><U126/><E109/><V121/><F121/><W74/><G74/><T125/><D72/><U113/><E126/><V1/><F9/><W13/><G13/><T89/><D125/><U101/><E15/><N who="2" m="9663" /><F1/><W85/><AGARI ba="0,1" hai="19,22,26,50,53,56,58,63,65,85,88,95,112,115" machi="85" ten="30,7900,0" yaku="1,1,0,1,52,1,54,1,53,0" doraHai="51" doraHaiUra="35" who="3" fromWho="3" sc="183,-20,377,-20,242,-39,188,89" /><INIT seed="3,0,0,3,2,21" ten="163,357,203,277" oya="3" hai0="115,0,90,73,102,1,57,104,70,42,72,77,66" hai1="92,65,18,24,116,107,36,32,69,7,31,96,125" hai2="109,64,46,101,127,128,98,79,118,62,45,134,71" hai3="11,95,82,112,39,29,123,16,6,68,130,20,83"/><W28/><G39/><T89/><D57/><U58/><E116/><V129/><F109/><W5/><G68/><T27/><D77/><U22/><E125/><V19/><F118/><W2/><G95/><T9/><D42/><U113/><E113/><V86/><F127/><W91/><G91/><T40/><D40/><U99/><E36/><V15/><F134/><W14/><G83/><T56/><D56/><U88/><E7/><V59/><F79/><W135/><G82/><T60/><D90/><U74/><E74/><V75/><F75/><W110/><G112/><T33/><D89/><U120/><E120/><V10/><F86/><W87/><G87/><T108/><D108/><U54/><E69/><V97/><F59/><W106/><G106/><T30/><D115/><U93/><E65/><V12/><F12/><N who="3" m="9223" /><G110/><T26/><D26/><U78/><E78/><V94/><REACH who="2" step="1"/><F98/><REACH who="2" ten="163,357,193,277" step="2"/><W61/><G135/><T111/><D111/><U53/><E58/><V41/><F41/><W105/><G105/><T76/><D76/><U117/><E107/><V35/><F35/><W49/><G123/><T84/><D84/><U124/><E124/><V50/><F50/><W48/><G61/><T114/><D114/><U44/><E117/><V51/><F51/><N who="3" m="19531" /><G130/><AGARI ba="0,1" hai="10,15,19,45,46,62,64,71,94,97,101,128,129,130" machi="130" ten="40,5200,0" yaku="1,1,19,1,53,1" doraHai="21" doraHaiUra="13" who="2" fromWho="3" sc="163,0,357,0,193,62,277,-52" /><INIT seed="4,0,0,3,2,127" ten="163,357,255,225" oya="0" hai0="26,125,38,69,77,104,94,54,29,66,11,42,6" hai1="41,102,4,99,89,78,111,56,107,51,21,93,120" hai2="60,124,53,10,55,130,32,83,72,65,76,117,12" hai3="103,113,46,16,70,3,17,33,18,85,59,57,22"/><T98/><D54/><U30/><E111/><V84/><F124/><W81/><G70/><T5/><D125/><U75/><E120/><V2/><F117/><W24/><G3/><T86/><D94/><U118/><E118/><V121/><F121/><W87/><G33/><N who="0" m="20663" /><D86/><U45/><E4/><V123/><F123/><W135/><G113/><T36/><D77/><U25/><E75/><V73/><F2/><W61/><G135/><T13/><D42/><U133/><E133/><V92/><F32/><W8/><G103/><N who="0" m="62583" /><D5/><U49/><E78/><V14/><F130/><W97/><G97/><T96/><D96/><U63/><E51/><V132/><F132/><W88/><G85/><T110/><D110/><U28/><E28/><V67/><F92/><W19/><G46/><T101/><D101/><U119/><E119/><V47/><F84/><W129/><G129/><T40/><D40/><U44/><E44/><V126/><F126/><W90/><G90/><T80/><D80/><U91/><E107/><V27/><F76/><W131/><G131/><T68/><D68/><U122/><E122/><V48/><F83/><W0/><REACH who="3" step="1"/><G61/><AGARI ba="0,0" hai="6,11,13,36,38,61,66,69" m="62583,20663" machi="61" ten="30,1500,0" yaku="25,1" doraHai="127" who="0" fromWho="3" sc="163,15,357,0,255,0,225,-15" /><INIT seed="4,1,0,5,4,112" ten="178,357,255,210" oya="0" hai0="55,114,47,87,1,132,42,39,8,24,75,34,135" hai1="52,20,121,94,97,105,6,53,82,99,92,10,131" hai2="96,46,29,110,109,86,127,116,128,32,18,51,115" hai3="100,89,93,79,118,85,90,15,108,16,27,117,111"/><T104/><D114/><U2/><E121/><V98/><F115/><W13/><G27/><T11/><D104/><U101/><E131/><V14/><F32/><W54/><G54/><T21/><D34/><U84/><E20/><V38/><F38/><W71/><G71/><T40/><D40/><U36/><E36/><V72/><F72/><W77/><G100/><T58/><D75/><U66/><E66/><V59/><F29/><W68/><G68/><T67/><D87/><U7/><E7/><V133/><F59/><W35/><G35/><T57/><D57/><U103/><E105/><V49/><F86/><N who="3" m="52407" /><G16/><N who="0" m="12327" /><D67/><U64/><E64/><V106/><F18/><W125/><G13/><T65/><D65/><U17/><E17/><V31/><F14/><W45/><G15/><T62/><D1/><U26/><E26/><V22/><F22/><W25/><G25/><T123/><D123/><U120/><E120/><V5/><F46/><W30/><G45/><T119/><D119/><N who="3" m="45577" /><G30/><T81/><D81/><U56/><E56/><V33/><F31/><W124/><G77/><AGARI ba="1,0" hai="2,6,10,52,53,77,82,84,92,94,97,99,101,103" machi="77" ten="30,3900,0" yaku="7,1,9,1,54,1" doraHai="112" who="1" fromWho="3" sc="178,0,357,42,255,0,210,-42" /><INIT seed="5,0,0,1,4,13" ten="178,399,255,168" oya="1" hai0="116,31,71,107,10,106,120,110,127,63,73,45,72" hai1="65,40,20,4,37,39,135,122,32,128,81,115,112" hai2="25,44,91,18,60,24,103,75,5,125,59,90,6" hai3="1,53,70,7,117,79,3,118,87,93,21,68,113"/><U55/><E122/><V58/><F75/><W77/><G113/><T104/><D120/><U17/><E32/><V98/><F125/><W2/><G7/><T51/><D127/><U123/><E123/><V131/><F131/><W126/><G126/><T133/><D110/><U95/><E128/><V97/><F103/><W57/><G21/><T12/><D133/><U132/><E4/><V80/><F80/><W85/><G93/><T19/><D31/><U86/><E65/><V134/><F134/><N who="1" m="51241" /><E95/><V119/><F119/><W34/><G34/><T33/><D33/><U78/><E55/><V43/><F43/><W101/><G101/><T61/><D116/><N who="3" m="44649" /><G53/><T22/><D22/><U38/><E40/><V96/><F44/><W27/><G27/><AGARI ba="0,0" hai="17,20,27,37,38,39,78,81,86,112,115" m="51241" machi="27" ten="40,3900,0" yaku="20,1,52,1" doraHai="13" who="1" fromWho="3" sc="178,0,399,39,255,0,168,-39" /><INIT seed="5,1,0,1,2,97" ten="178,438,255,129" oya="1" hai0="62,25,31,16,18,8,6,15,50,72,104,63,0" hai1="127,114,4,128,103,116,21,61,78,131,132,101,121" hai2="44,45,24,30,80,119,71,98,83,53,22,5,100" hai3="76,107,29,38,74,115,92,120,48,13,52,75,69"/><U28/><E121/><V54/><F71/><W47/><G115/><T34/><D72/><U118/><E78/><V79/><F119/><W33/><G120/><T70/><D70/><U123/><E123/><V11/><F80/><W9/><G69/><T133/><D104/><U68/><E4/><V110/><F110/><W81/><G107/><T89/><D133/><U41/><E41/><V20/><F20/><W12/><G38/><T7/><D7/><U59/><E68/><V39/><F39/><W95/><G75/><T124/><D124/><U73/><E73/><V49/><F83/><W109/><G109/><T129/><D129/><N who="1" m="49739" /><E114/><V126/><F79/><W42/><G42/><T56/><D89/><U26/><E127/><V55/><F126/><W65/><G65/><T117/><D117/><N who="1" m="45163" /><E132/><V130/><F45/><W57/><G57/><T91/><D91/><U36/><E36/><V88/><F130/><W112/><G112/><T87/><D87/><U10/><E10/><V99/><F100/><W14/><REACH who="3" step="1"/><G9/><REACH who="3" ten="178,438,255,119" step="2"/><T17/><D50/><U105/><E105/><V84/><F11/><W60/><G60/><T85/><D63/><U32/><E32/><V96/><REACH who="2" step="1"/><F5/><REACH who="2" ten="178,438,245,119" step="2"/><W66/><G66/><AGARI ba="1,2" hai="21,26,28,59,61,66,101,103" m="45163,49739" machi="66" ten="30,5800,0" yaku="19,1,52,2" doraHai="97" who="1" fromWho="3" sc="178,0,438,81,245,0,119,-61" /><INIT seed="5,2,0,0,2,28" ten="178,519,245,58" oya="1" hai0="18,56,80,85,132,59,121,110,119,129,133,90,5" hai1="118,50,87,9,65,54,49,111,17,101,68,94,134" hai2="69,53,46,128,14,95,78,6,73,83,41,40,1" hai3="20,22,12,77,39,74,108,32,31,51,2,36,43"/><U127/><E118/><V104/><F69/><W102/><G108/><T13/><D110/><U7/><E127/><V29/><F53/><W21/><G102/><T120/><D119/><U66/><E134/><N who="0" m="51817" /><D129/><U57/><E111/><V93/><F14/><W64/><G64/><T91/><D5/><U100/><E68/><V16/><F16/><N who="3" m="10247" /><G51/><T89/><D59/><U33/><E33/><V47/><F29/><W113/><G43/><T63/><D121/><U117/><E117/><V34/><F95/><W8/><G113/><T115/><D115/><U130/><E130/><V10/><F93/><W60/><G60/><T48/><D48/><U67/><E17/><V105/><F128/><W99/><G99/><T82/><D120/><U125/><E125/><V38/><REACH who="2" step="1"/><F34/><REACH who="2" ten="178,519,235,58" step="2"/><W109/><G109/><T35/><D35/><U88/><E101/><V70/><F70/><W55/><G55/><N who="0" m="34207" /><D18/><U3/><E100/><V112/><F112/><W19/><G19/><T124/><D124/><U76/><E54/><V98/><F98/><W27/><G22/><T45/><D13/><U107/><E107/><V61/><F61/><W24/><G21/><T135/><D135/><U114/><E7/><V4/><F4/><N who="3" m="1047" /><G24/><T81/><D45/><U42/><E114/><V122/><F122/><W106/><G106/><T131/><D131/><U26/><E26/><V0/><F0/><W71/><G71/><T126/><D126/><U52/><E52/><V86/><F86/><AGARI ba="2,1" hai="80,81,82,85,86,89,90,91" m="34207,51817" machi="86" ten="40,1300,0" yaku="20,1" doraHai="28" who="0" fromWho="2" sc="178,29,519,0,235,-19,58,0" /><INIT seed="6,0,0,5,4,66" ten="207,519,216,58" oya="2" hai0="33,92,24,86,48,79,25,12,95,61,14,6,2" hai1="23,56,54,104,1,75,123,0,34,117,65,122,130" hai2="49,31,103,74,44,53,47,63,5,118,87,26,85" hai3="124,73,52,69,97,77,36,7,115,82,38,3,133"/><V67/><F74/><W39/><G124/><T110/><D110/><U62/><E34/><V35/><F118/><W84/><G133/><T81/><D33/><U9/><E117/><V64/><F64/><W41/><G84/><N who="0" m="48191" /><D2/><U99/><E75/><V121/><F121/><N who="1" m="46089" /><E130/><V4/><F103/><W102/><G115/><T88/><D95/><U10/><E23/><V78/><F47/><N who="3" m="23975" /><G52/><T32/><D32/><U134/><E134/><V59/><F78/><W80/><G80/><T119/><D119/><U113/><E113/><V15/><REACH who="2" step="1"/><F5/><REACH who="2" ten="207,519,206,58" step="2"/><W50/><G50/><T90/><D6/><N who="1" m="1223" /><E65/><V127/><F127/><W129/><G129/><T125/><D125/><U37/><E104/><V94/><F94/><W93/><G69/><T111/><D48/><U8/><E37/><V71/><F71/><W58/><G58/><T55/><D61/><U114/><E114/><V98/><F98/><W21/><G21/><T108/><D108/><U45/><E99/><V83/><F83/><W135/><G135/><T112/><D111/><U20/><E45/><V100/><F100/><W57/><G57/><T43/><D112/><U17/><E1/><V105/><F105/><W22/><G22/><T72/><D72/><U101/><E101/><V68/><F68/><W18/><G18/><T76/><D76/><U109/><E109/><V46/><F46/><W19/><G19/><T29/><D92/><U96/><E96/><V131/><F131/><W126/><G126/><T40/><D86/><U132/><E132/><V13/><F13/><AGARI ba="0,1" hai="8,10,13,17,20,54,56,62" m="1223,46089" machi="13" ten="30,1000,0" yaku="13,1" doraHai="66" who="1" fromWho="2" sc="207,0,519,20,206,-10,58,0" /><INIT seed="7,0,0,5,3,58" ten="207,539,196,58" oya="3" hai0="23,62,123,59,65,90,95,61,46,116,115,99,38" hai1="64,91,129,110,118,44,68,56,109,82,112,25,76" hai2="119,84,41,8,79,67,85,52,0,21,43,128,18" hai3="86,113,29,28,7,17,1,6,16,60,48,33,97"/><W13/><G60/><N who="0" m="38047" /><D123/><U100/><E68/><V39/><F119/><W36/><G48/><T87/><D116/><U19/><E112/><V40/><F39/><W75/><G97/><T69/><D69/><U27/><E118/><V134/><F134/><W131/><G86/><N who="2" m="33385" /><F128/><W5/><G36/><T74/><D115/><U103/><E129/><V37/><F37/><W104/><G75/><T117/><D74/><U3/><E56/><V107/><F107/><W45/><G45/><T77/><D38/><U98/><E27/><N who="2" m="14775" /><F0/><W93/><G93/><N who="0" m="54495" /><D77/><U2/><E98/><V42/><N who="2" m="10752" /><DORA hai="31" /><V88/><F79/><W133/><G104/><T120/><D117/><U51/><E82/><V49/><F67/><W24/><G131/><T130/><D130/><U4/><E51/><V10/><F88/><W73/><G73/><T101/><D120/><U47/><E100/><V34/><F34/><N who="3" m="20743" /><G113/><T132/><D132/><U122/><E103/><V53/><F53/><W26/><G133/><T106/><D106/><U54/><E54/><V14/><F14/><W124/><G124/><T121/><D121/><U9/><E64/><V114/><F114/><W55/><G55/><T135/><D135/><U63/><E122/><V11/><F11/><N who="3" m="2479" /><G17/><T35/><D101/><U89/><E110/><V105/><F105/><W57/><G57/><AGARI ba="0,0" hai="8,10,49,52,57" m="10752,14775,33385" machi="57" ten="40,2600,0" yaku="8,1,54,1" doraHai="58,31" who="2" fromWho="3" sc="207,0,539,0,196,26,58,-26" owari="207,-19.0,539,64.0,222,2.0,32,-47.0" /></mjloggm>