<mjloggm ver="2.3"><GO type="169" lobby="0"/><UN n0="%62%75%74%69%74%61%6D%61" n1="%E3%81%A1%E3%81%B3%E3%81%B2%E3%82%88" n2="%E7%B4%A0%E6%9C%B4%E3%81%AA%E5%91%B3%E3%82%8F%E3%81%84" n3="%E3%82%A6%E3%83%AB%E3%83%88%E3%83%A9%E7%AB%8B%E7%9B%B4" dan="18,16,16,17" rate="2187.09,2094.97,2111.54,2208.33" sx="M,M,M,M"/><TAIKYOKU oya="0"/><INIT seed="0,0,0,1,1,100" ten="250,250,250,250" oya="0" hai0="32,91,127,47,102,2,135,94,66,82,23,63,5" hai1="26,35,80,41,107,59,18,9,108,45,34,88,101" hai2="70,112,20,17,75,0,44,19,90,77,36,74,123" hai3="40,111,71,51,86,6,10,42,117,129,46,78,115"/><T92/><D32/><U104/><E108/><V133/><F70/><W114/><G71/><T7/><D135/><U106/><E101/><V87/><F123/><W50/><G111/><T12/><D2/><U132/><E132/><V97/><F112/><W33/><G33/><T131/><D131/><U13/><E59/><V110/><F110/><W73/><G73/><T38/><D127/><U60/><E60/><V124/><F0/><W68/><G68/><T72/><D102/><U126/><E126/><V58/><F97/><W109/><G129/><T122/><D122/><U64/><E64/><V49/><F36/><W93/><G93/><T103/><D103/><U1/><E1/><V62/><F77/><W69/><G69/><T55/><D94/><U85/><REACH who="1" step="1"/><E26/><REACH who="1" ten="250,240,250,250" step="2"/><N who="2" m="14607" /><F58/><W53/><G109/><T81/><D66/><U43/><E43/><V37/><F62/><W89/><G42/><T4/><D63/><U54/><E54/><V39/><F124/><W120/><G53/><T52/><D55/><U95/><E95/><V25/><F25/><W61/><G61/><T16/><D72/><U134/><E134/><V121/><F75/><W105/><G120/><T14/><D14/><U15/><E15/><V67/><F74/><W128/><G128/><T57/><D57/><U96/><E96/><V22/><F67/><W84/><G115/><T28/><D52/><U98/><E98/><V113/><F133/><W99/><G99/><N who="0" m="57759" /><D47/><U3/><E3/><V79/><F113/><W8/><G46/><T65/><D65/><U31/><E31/><V27/><F121/><W24/><G114/><RYUUKYOKU ba="0,1" sc="250,-10,240,30,250,-10,250,-10" hai1="9,13,18,34,35,41,45,80,85,88,104,106,107" /><INIT seed="1,1,1,5,0,66" ten="240,270,240,240" oya="1" hai0="28,52,114,102,127,12,34,80,9,78,64,14,56" hai1="50,63,25,79,109,32,122,87,1,2,29,59,117" hai2="99,123,74,105,67,46,124,0,19,33,24,95,86" hai3="84,119,21,94,36,48,129,98,39,134,133,132,23"/><U100/><E117/><V128/><F74/><W6/><G119/><T30/><D114/><U53/><E122/><V35/><F123/><W101/><G129/><T112/><D112/><U62/><E109/><V45/><F0/><W44/><G6/><T69/><D127/><U135/><E135/><V76/><F105/><W18/><G84/><T27/><D30/><U10/><E100/><V20/><F124/><W88/><G101/><T49/><D102/><U57/><E50/><V42/><F67/><W131/><G131/><T22/><D34/><U70/><E10/><V130/><F130/><W118/><G118/><T107/><D107/><U91/><E79/><V96/><F45/><W115/><G115/><T17/><D14/><U41/><E41/><V113/><F113/><W54/><REACH who="3" step="1"/><G23/><REACH who="3" ten="240,270,240,230" step="2"/><T110/><D110/><U125/><E125/><V83/><F128/><W108/><G108/><T92/><D92/><U65/><REACH who="1" step="1"/><E59/><REACH who="1" ten="240,260,240,230" step="2"/><V121/><F121/><W55/><G55/><T51/><D78/><U72/><E72/><V103/><REACH who="2" step="1"/><F99/><REACH who="2" ten="240,260,230,230" step="2"/><W11/><G11/><T81/><D9/><U93/><AGARI ba="1,4" hai="1,2,25,29,32,53,57,62,63,65,70,87,91,93" machi="93" ten="20,7800,0" yaku="1,1,0,1,7,1,52,1,53,0" doraHai="66" doraHaiUra="104" who="1" fromWho="1" sc="240,-27,260,121,230,-27,230,-27" /><INIT seed="1,2,0,0,5,127" ten="213,381,203,203" oya="1" hai0="89,51,7,93,13,86,27,120,8,29,45,116,77" hai1="122,119,39,55,42,63,3,57,126,48,33,90,20" hai2="112,15,78,26,6,95,105,4,64,72,35,38,135" hai3="0,121,82,123,30,25,54,114,102,110,43,53,79"/><U94/><E33/><V65/><F105/><W9/><G114/><T96/><D120/><U76/><E3/><V106/><F106/><W10/><G102/><T5/><D116/><U83/><E119/><V109/><F38/><W62/><G43/><T44/><D7/><U31/><E122/><V124/><F124/><W101/><G101/><T50/><D44/><U100/><E100/><V97/><F109/><W128/><G110/><T134/><D134/><U108/><E108/><V117/><F117/><W58/><G54/><T34/><D77/><U11/><E11/><V18/><F135/><W12/><G0/><T107/><D107/><U74/><E39/><V60/><F78/><W22/><G10/><T61/><D61/><U71/><E71/><V14/><F72/><W130/><G123/><T129/><D129/><N who="3" m="49769" /><G121/><T125/><D125/><U104/><E42/><V118/><F118/><W16/><G82/><T131/><D131/><U32/><E83/><V52/><F52/><W19/><G79/><T111/><D111/><U21/><E55/><V41/><F41/><W113/><G113/><T81/><D45/><U56/><E76/><V88/><F112/><W68/><G68/><T133/><D133/><U37/><E126/><V67/><F60/><W92/><G92/><T59/><D59/><U87/><E63/><V75/><F75/><W80/><G80/><T73/><D73/><U103/><E74/><V28/><REACH who="2" step="1"/><F15/><REACH who="2" ten="213,381,193,203" step="2"/><W91/><G91/><T70/><D13/><U40/><E90/><V49/><F49/><W98/><G62/><T132/><D89/><U115/><E48/><RYUUKYOKU ba="2,1" sc="213,-10,381,-10,193,30,203,-10" hai2="4,6,14,18,26,28,35,64,65,67,88,95,97" /><INIT seed="2,3,1,2,2,90" ten="203,371,223,193" oya="2" hai0="9,3,114,19,0,69,116,58,98,129,104,37,108" hai1="105,60,112,109,41,135,36,131,30,42,13,81,91" hai2="33,84,125,35,1,11,63,15,40,62,24,43,48" hai3="18,95,16,88,115,27,100,97,72,54,120,124,87"/><V50/><F1/><W55/><G120/><T46/><D114/><U20/><E105/><V96/><F125/><W93/><G124/><T49/><D69/><U86/><E112/><V56/><F84/><W59/><G72/><T39/><D108/><U92/><E109/><V66/><F62/><N who="3" m="36215" /><G115/><T34/><D34/><U118/><E118/><V132/><F132/><W99/><G27/><T103/><D116/><U123/><E135/><V127/><F127/><W25/><G55/><T126/><D126/><U5/><E123/><V32/><F24/><W102/><G25/><T53/><D129/><U22/><E36/><V89/><F40/><W85/><G99/><T75/><D75/><U101/><E42/><V7/><REACH who="2" step="1"/><F43/><REACH who="2" ten="203,371,213,193" step="2"/><W117/><G117/><T65/><D39/><U29/><E41/><V134/><F134/><W113/><G113/><T68/><D37/><U133/><E133/><V21/><F21/><W51/><G51/><T23/><D3/><U52/><E22/><V17/><F17/><N who="3" m="6763" /><G87/><T128/><D0/><U71/><E86/><V6/><F6/><W67/><G67/><T106/><D65/><U82/><E5/><V31/><F31/><W111/><G111/><T2/><D2/><U70/><E30/><V83/><F83/><W57/><G57/><T38/><D58/><U77/><E29/><V80/><F80/><W78/><G78/><T130/><D38/><U14/><E77/><V121/><F121/><W76/><G76/><T110/><D110/><U107/><E81/><V12/><F12/><W10/><G10/><T73/><D9/><U119/><E82/><RYUUKYOKU ba="3,2" sc="203,-15,371,-15,213,15,193,15" hai2="7,11,15,32,33,35,48,50,56,63,66,89,96" hai3="85,88,93,95,97,100,102" /><INIT seed="2,4,2,2,2,30" ten="188,356,228,208" oya="2" hai0="134,122,130,105,20,41,92,69,79,19,121,120,98" hai1="90,49,100,27,95,18,23,91,115,108,59,38,67" hai2="111,72,83,78,103,45,123,73,63,86,128,110,2" hai3="76,37,94,112,119,104,93,12,84,46,102,40,54"/><V36/><F2/><W106/><G119/><T124/><D69/><U133/><E38/><V11/><F123/><W88/><G76/><T4/><D105/><U80/><E108/><N who="2" m="41515" /><F128/><W8/><G112/><T3/><D130/><U65/><E115/><V85/><F11/><W55/><G94/><T50/><D134/><U75/><E133/><V70/><F103/><W10/><G10/><T99/><D124/><U132/><E132/><V32/><F32/><W68/><G68/><T0/><D79/><U125/><E125/><V58/><F70/><W51/><G102/><T61/><D4/><U31/><E100/><V5/><F5/><W71/><G71/><T48/><D3/><U117/><E117/><V131/><F73/><W24/><G24/><T52/><D0/><U15/><E75/><V107/><F107/><W21/><G21/><T101/><D99/><U9/><E80/><V96/><F96/><W6/><G55/><T81/><D41/><U135/><E135/><V7/><F7/><W87/><REACH who="3" step="1"/><G87/><REACH who="3" ten="188,356,228,198" step="2"/><T62/><D81/><U26/><E27/><V47/><F131/><W16/><G16/><T97/><D97/><U35/><E9/><V14/><F86/><W116/><G116/><T33/><D19/><U1/><E18/><V114/><F114/><W74/><G74/><T89/><D20/><U126/><E23/><V44/><F72/><W17/><G17/><T13/><D101/><U82/><E126/><V60/><F85/><W53/><G53/><T34/><D121/><U56/><E26/><V39/><F83/><W43/><G43/><T127/><D120/><RYUUKYOKU ba="4,3" sc="188,-10,356,-10,228,-10,198,30" hai3="6,8,12,37,40,46,51,54,84,88,93,104,106" /><INIT seed="3,5,3,4,0,22" ten="178,346,218,228" oya="3" hai0="110,7,99,13,73,84,95,11,62,135,54,58,63" hai1="116,10,93,8,70,82,1,60,133,19,27,32,103" hai2="47,106,53,117,55,119,97,101,14,81,38,68,75" hai3="20,80,108,113,123,87,41,67,21,74,85,88,28"/><W96/><G74/><T126/><D73/><U49/><E82/><V125/><F125/><W40/><G123/><T37/><D110/><U132/><E116/><V122/><F122/><W45/><G113/><T65/><D126/><U2/><E49/><V3/><F68/><W102/><G108/><T124/><D124/><U23/><E32/><V12/><F3/><N who="1" m="1033" /><E103/><V105/><F105/><W120/><G120/><T112/><D135/><N who="1" m="51787" /><E93/><V104/><F104/><W4/><G4/><T90/><D112/><U115/><E115/><V42/><F75/><W43/><G87/><T24/><D37/><U127/><E127/><V79/><F81/><W56/><G45/><T129/><D129/><U44/><E44/><V98/><F79/><W30/><G30/><T72/><D72/><U9/><E9/><V29/><F119/><W114/><G28/><T15/><D84/><U69/><E69/><V121/><F29/><W77/><G77/><T130/><D130/><U89/><E89/><V33/><F33/><W94/><G114/><T39/><D39/><U71/><E71/><V66/><F117/><W100/><G100/><T18/><D11/><U61/><E61/><AGARI ba="5,3" hai="20,21,40,41,43,56,61,67,80,85,88,94,96,102" machi="61" ten="40,3900,0" yaku="8,1,54,1" doraHai="22" who="3" fromWho="1" sc="178,0,346,-54,218,0,228,84" /><INIT seed="3,6,0,2,5,77" ten="178,292,218,312" oya="3" hai0="92,131,29,68,85,50,115,79,10,124,54,27,134" hai1="57,49,81,88,12,19,104,43,62,26,40,11,123" hai2="15,52,63,60,55,133,122,64,16,120,98,23,20" hai3="130,116,4,44,58,18,119,56,118,106,109,78,67"/><W82/><G106/><T72/><D68/><U114/><E104/><V5/><F133/><W66/><G4/><T1/><D134/><U37/><E114/><V127/><F127/><W69/><G130/><T51/><D124/><U89/><E37/><V73/><F73/><W105/><G105/><T13/><D1/><U95/><E123/><N who="2" m="47147" /><F5/><W48/><G18/><T102/><D131/><U91/><E95/><V46/><F98/><W45/><G78/><T61/><D115/><U3/><E3/><V80/><F20/><W7/><G7/><T32/><D72/><U75/><E49/><N who="2" m="28727" /><F55/><W86/><G86/><T135/><D135/><U17/><E75/><V121/><N who="2" m="47155" /><V117/><DORA hai="100" /><F117/><W70/><G118/><T103/><D61/><N who="2" m="23626" /><F80/><W111/><G48/><T84/><D51/><U21/><REACH who="1" step="1"/><E81/><AGARI ba="6,0" hai="44,45,56,58,66,67,69,70,81,82,109,111,116,119" machi="81" ten="25,9600,0" yaku="22,2,52,2" doraHai="77,100" who="3" fromWho="1" sc="178,0,292,-114,218,0,312,114" /><INIT seed="3,7,0,0,0,63" ten="178,178,218,426" oya="3" hai0="18,72,54,76,115,3,101,128,73,60,120,21,46" hai1="74,113,53,28,1,112,47,59,68,67,90,66,92" hai2="133,7,106,25,39,122,78,123,117,57,87,135,43" hai3="23,105,30,17,32,98,50,41,132,77,103,126,88"/><W71/><G71/><T84/><D120/><N who="2" m="46122" /><F106/><W11/><G77/><T26/><D3/><U48/><E74/><V20/><F117/><W95/><G126/><T102/><D128/><U35/><E1/><V61/><F7/><W83/><G83/><T19/><D115/><U134/><E134/><V44/><F87/><W70/><G70/><T86/><D73/><U75/><E75/><V9/><F9/><W14/><G132/><T38/><D72/><U45/><E35/><V131/><F78/><W119/><G119/><T124/><D124/><U12/><E28/><N who="2" m="17447" /><F131/><W100/><G32/><T33/><D33/><U80/><E80/><V109/><F109/><W51/><G105/><T97/><D38/><U99/><E12/><V37/><F37/><W107/><G107/><T40/><D19/><U118/><E118/><V10/><F10/><W6/><G30/><T16/><D18/><U4/><E4/><V52/><AGARI ba="7,0" hai="39,43,44,52,57,61,133,135" m="17447,46122" machi="52" ten="30,2000,0" yaku="13,1,54,1" doraHai="63" who="2" fromWho="2" sc="178,-12,178,-12,218,41,426,-17" /><INIT seed="4,0,0,5,1,43" ten="166,166,259,409" oya="0" hai0="18,115,48,36,130,121,9,102,93,10,11,44,25" hai1="80,6,100,112,33,126,68,28,4,46,42,16,76" hai2="61,70,123,116,124,12,83,50,99,67,38,128,49" hai3="94,24,73,52,95,89,110,60,106,57,96,55,131"/><T3/><D36/><U84/><E68/><V109/><F123/><W15/><G73/><T125/><D121/><U79/><E126/><V35/><F35/><W120/><G106/><T77/><D125/><U69/><E69/><V134/><F124/><W39/><G39/><T8/><D115/><U5/><E112/><V75/><F109/><W127/><G131/><T40/><D130/><U113/><E113/><V119/><F99/><W32/><G110/><T78/><D3/><U2/><E2/><V47/><F12/><W97/><G15/><T29/><N who="0" m="2048" /><DORA hai="51" /><T132/><D18/><U14/><E100/><V0/><F0/><W88/><G120/><T111/><D132/><U66/><E66/><V92/><F92/><W19/><G127/><T21/><REACH who="0" step="1"/><D111/><REACH who="0" ten="156,166,259,409" step="2"/><U23/><E28/><V13/><F134/><W7/><G7/><T17/><D17/><U34/><REACH who="1" step="1"/><E79/><REACH who="1" ten="156,156,259,409" step="2"/><N who="2" m="44543" /><F128/><W64/><G19/><T53/><D53/><U63/><E63/><V82/><F61/><W71/><G55/><T108/><D108/><U31/><E31/><V90/><F67/><W54/><G54/><T30/><D30/><U58/><E58/><V45/><F70/><W85/><G71/><T135/><D135/><U72/><E72/><V122/><F122/><W56/><G56/><T91/><D91/><U107/><E107/><V26/><F90/><W114/><G114/><T37/><D37/><AGARI ba="0,2" hai="4,5,6,14,16,23,33,34,37,42,46,76,80,84" machi="37" ten="40,5200,0" yaku="1,1,52,1,54,1,53,0" doraHai="43,51" doraHaiUra="133,118" who="1" fromWho="0" sc="156,-52,156,72,259,0,409,0" /><INIT seed="5,0,0,4,4,58" ten="104,228,259,409" oya="1" hai0="52,36,1,79,105,35,4,119,0,95,101,120,44" hai1="33,135,28,115,98,134,64,45,108,71,55,25,87" hai2="125,92,81,89,77,99,78,31,34,91,3,14,127" hai3="65,117,7,26,21,11,113,131,23,13,107,130,109"/><U40/><E115/><V24/><F3/><W88/><G107/><T62/><D35/><U39/><E108/><V6/><F91/><W128/><G109/><T74/><D105/><U41/><E41/><V68/><F68/><W133/><G133/><N who="1" m="50698" /><E87/><V38/><F38/><W43/><G117/><T56/><D119/><U75/><E75/><V100/><F100/><W124/><G124/><N who="2" m="47689" /><F81/><W97/><G113/><T42/><D120/><U132/><N who="1" m="50706" /><U103/><DORA hai="59" /><E55/><V53/><F53/><W9/><G43/><T80/><REACH who="0" step="1"/><D4/><REACH who="0" ten="94,228,259,409" step="2"/><U116/><E116/><V12/><F6/><W94/><G7/><T46/><D46/><U126/><E126/><V57/><F57/><W122/><G122/><T54/><D54/><U15/><E71/><V70/><F70/><W32/><G131/><T110/><D110/><U20/><E64/><V2/><F2/><W102/><G65/><T63/><D63/><U51/><E33/><V37/><F37/><W5/><G32/><T18/><D18/><U50/><E39/><V96/><F34/><W8/><G130/><T72/><D72/><U90/><E45/><V60/><F60/><W69/><G69/><T16/><D16/><U84/><E40/><V47/><F47/><W73/><G73/><T66/><D66/><U104/><E50/><V112/><F112/><W118/><G128/><T19/><D19/><U49/><E51/><V76/><F31/><N who="3" m="17871" /><G118/><T10/><D10/><U22/><E49/><V29/><F29/><W111/><G111/><T106/><D106/><U67/><E67/><V85/><F24/><W48/><G5/><RYUUKYOKU ba="0,1" sc="94,15,228,-15,259,15,409,-15" hai0="0,1,36,42,44,52,56,62,74,79,80,95,101" hai2="12,14,76,77,78,85,89,92,96,99" /><INIT seed="6,1,1,0,1,103" ten="109,213,274,394" oya="2" hai0="131,31,12,113,94,89,123,34,119,106,85,9,43" hai1="58,23,86,96,95,45,33,101,124,121,82,132,100" hai2="6,2,39,81,90,84,25,38,49,114,71,79,21" hai3="74,116,98,75,32,126,53,20,28,0,14,104,1"/><V22/><F71/><W66/><G53/><T133/><D123/><U26/><E33/><V118/><F118/><W105/><G14/><T63/><D119/><U128/><E121/><V52/><F114/><W41/><G20/><T68/><D113/><U8/><E124/><V56/><F22/><W42/><G98/><T18/><D133/><U91/><E132/><V51/><F51/><W76/><G76/><T125/><D125/><U110/><E110/><V87/><F6/><W115/><G66/><T13/><D131/><U127/><E128/><V55/><F55/><W15/><G15/><T88/><D43/><U54/><E127/><V50/><F50/><W120/><G126/><T92/><D106/><U122/><E45/><V65/><F65/><W57/><G57/><T83/><D68/><U107/><E8/><V46/><F46/><W69/><G69/><T73/><D63/><N who="1" m="36311" /><E107/><V11/><F11/><W60/><G60/><T7/><D73/><U4/><E4/><V40/><F40/><W135/><G32/><T17/><D7/><U16/><E122/><V36/><F2/><W67/><G67/><T44/><D44/><U3/><E3/><V30/><F36/><W134/><G116/><T62/><D62/><U112/><E112/><V27/><F27/><W99/><G115/><T129/><D129/><U117/><E117/><V97/><F97/><W48/><G120/><T93/><D34/><U70/><E70/><V64/><F64/><W108/><G99/><N who="0" m="57735" /><D31/><U29/><E29/><V78/><F78/><AGARI ba="1,1" hai="16,23,26,78,82,86,91,95,96,100,101" m="36311" machi="78" ten="30,3900,0" yaku="25,1,8,1,54,1" doraHai="103" who="1" fromWho="2" sc="109,0,213,52,274,-42,394,0" /><INIT seed="7,0,0,5,5,43" ten="109,265,232,394" oya="3" hai0="51,85,6,33,16,9,2,105,45,102,84,112,107" hai1="123,98,53,116,91,79,22,132,18,74,34,31,59" hai2="119,1,12,83,52,67,8,124,99,75,48,4,25" hai3="66,114,111,104,27,82,72,63,81,60,88,73,77"/><W127/><G63/><T55/><D33/><U7/><E123/><V103/><F119/><W29/><G88/><T58/><D112/><U128/><E7/><V39/><F39/><W131/><G82/><T92/><D85/><U47/><E34/><V57/><F124/><W78/><G78/><T130/><D130/><U50/><E31/><V15/><F67/><W10/><G10/><T94/><D94/><U42/><E132/><V118/><F118/><W23/><G104/><T36/><D36/><U38/><E128/><V106/><F75/><W113/><G111/><T89/><D102/><U110/><E110/><V86/><REACH who="2" step="1"/><F25/><REACH who="2" ten="109,265,222,394" step="2"/><N who="3" m="16575" /><G73/><T101/><D101/><U24/><E116/><V129/><F129/><W3/><G27/><T90/><D90/><AGARI ba="0,1" hai="1,4,8,12,15,48,52,57,83,86,90,99,103,106" machi="90" ten="30,7700,0" yaku="1,1,7,1,54,1,53,1" doraHai="43" doraHaiUra="5" who="2" fromWho="0" sc="109,-77,265,0,222,87,394,0" owari="32,-47.0,265,-13.0,309,11.0,394,49.0" /></mjloggm>