<mjloggm ver="2.3"><GO type="169" lobby="0"/><UN n0="%E5%B0%B1%E6%B4%BB%E7%94%9F%40%E5%B7%9D%E6%9D%91%E8%BB%8D%E5%9B%A3" n1="%5A%5A%5A%5A%5A" n2="%E3%81%9E%E3%82%8B%E3%83%BC%E3%81%9F" n3="%E6%A3%AE%E5%AE%AE%E8%92%BC%E4%B9%83" dan="17,16,16,16" rate="2199.48,2054.44,2054.71,2124.05" sx="M,M,M,M"/><TAIKYOKU oya="0"/><INIT seed="0,0,0,1,3,55" ten="250,250,250,250" oya="0" hai0="124,122,41,33,109,2,121,132,103,36,4,47,62" hai1="123,100,89,11,92,95,117,3,54,59,77,114,23" hai2="60,67,130,86,76,110,57,27,42,29,73,69,133" hai3="81,134,125,45,12,17,37,105,8,14,68,52,63"/><T19/><D124/><U82/><E123/><V119/><F110/><W13/><G105/><T93/><D109/><U87/><E117/><V101/><F119/><W31/><G134/><T85/><D132/><U83/><E114/><V64/><F133/><W30/><G125/><T128/><D128/><U0/><E100/><V26/><F26/><W51/><G37/><T39/><D39/><U78/><E23/><V44/><F73/><W111/><G111/><T112/><D33/><U25/><E25/><V131/><F101/><W6/><G81/><T106/><D106/><U15/><E3/><V61/><F86/><W1/><REACH who="3" step="1"/><G17/><REACH who="3" ten="250,250,250,240" step="2"/><T72/><D19/><U75/><E0/><V88/><F131/><W34/><G34/><T22/><D72/><U79/><E75/><V126/><F130/><W58/><G58/><T56/><D112/><U70/><E70/><V98/><F57/><W97/><G97/><T38/><D36/><U102/><E102/><V118/><F69/><W49/><G49/><T16/><D121/><U10/><E83/><V80/><F80/><W35/><G35/><T90/><D122/><U84/><E84/><V50/><F126/><W32/><G32/><T135/><D135/><U91/><E91/><V115/><F88/><W20/><G20/><T21/><D103/><U99/><E99/><V96/><F96/><W24/><G24/><T43/><D22/><U127/><E127/><V94/><F98/><W9/><G9/><N who="0" m="2199" /><D21/><U74/><E74/><V108/><F108/><W7/><G7/><T65/><D16/><N who="1" m="8311" /><E11/><V28/><F118/><W48/><G48/><AGARI ba="0,1" hai="48,54,59,77,78,79,82,87,89,92,95" m="8311" machi="48" ten="30,7700,0" yaku="6,1,8,1,52,1,54,1" doraHai="55" who="1" fromWho="3" sc="250,0,250,87,250,0,240,-77" /><INIT seed="1,0,0,4,5,122" ten="250,337,250,163" oya="1" hai0="107,59,44,25,70,135,28,11,82,43,116,73,49" hai1="22,126,17,131,117,10,94,23,65,74,127,123,40" hai2="58,64,99,57,52,1,12,31,71,109,91,106,61" hai3="125,105,48,46,115,78,42,14,80,37,32,87,86"/><U102/><E123/><V121/><F1/><W55/><G115/><T16/><D70/><U34/><E74/><V124/><F121/><W101/><G125/><N who="1" m="47626" /><E40/><V54/><F124/><W90/><G32/><T104/><D116/><U128/><E65/><V97/><F31/><W30/><G30/><T100/><D135/><U81/><E81/><V47/><F47/><W110/><G14/><T120/><D120/><U38/><E38/><V108/><F12/><W83/><G101/><T133/><D133/><U113/><E117/><V36/><F36/><W7/><G7/><T119/><D119/><U9/><E94/><N who="2" m="56543" /><F99/><W21/><G105/><T62/><D82/><U72/><E72/><V89/><F89/><W50/><G37/><T5/><D100/><U67/><E67/><V98/><F98/><W19/><G55/><N who="2" m="21033" /><F106/><W88/><G78/><T24/><D73/><U35/><E102/><V129/><F129/><N who="1" m="49737" /><E113/><V114/><F114/><W41/><G41/><T134/><D134/><U63/><E63/><V95/><F95/><W26/><G50/><T68/><D68/><U13/><E10/><V15/><F15/><W130/><G130/><T103/><D103/><U77/><E77/><V20/><F20/><AGARI ba="0,0" hai="9,13,17,20,22,23,34,35" m="49737,47626" machi="20" ten="30,11600,0" yaku="18,1,19,1,34,2" doraHai="122" who="1" fromWho="2" sc="250,0,337,116,250,-116,163,0" /><INIT seed="1,1,0,5,0,66" ten="250,453,134,163" oya="1" hai0="38,21,64,47,29,63,3,13,108,134,88,92,31" hai1="97,117,53,83,16,102,42,86,104,99,122,30,11" hai2="85,126,120,73,48,2,27,12,70,76,61,55,35" hai3="23,95,32,123,44,115,111,9,94,62,4,80,17"/><U60/><E122/><V128/><F120/><W15/><G123/><T52/><D3/><U50/><E117/><V131/><F2/><W96/><G32/><T109/><D134/><U39/><E30/><N who="2" m="19935" /><F73/><W59/><G115/><T69/><D13/><U14/><E99/><V75/><F75/><W82/><G111/><N who="0" m="42571" /><D21/><U68/><E39/><V77/><F126/><W112/><G112/><T20/><D20/><U49/><E42/><V133/><F133/><W72/><G44/><T41/><D52/><U54/><E54/><V114/><F114/><W119/><G119/><T26/><D26/><U46/><E50/><V18/><F85/><AGARI ba="1,0" hai="29,31,38,41,47,63,64,69,85,88,92" m="42571" machi="85" ten="30,3900,0" yaku="14,1,52,1,54,1" doraHai="66" who="0" fromWho="2" sc="250,42,453,0,134,-42,163,0" /><INIT seed="2,0,0,3,5,127" ten="292,453,92,163" oya="2" hai0="65,18,22,108,97,35,128,73,129,113,111,14,75" hai1="78,117,40,52,95,100,17,123,77,132,120,41,68" hai2="49,23,11,84,89,56,102,39,43,63,9,7,50" hai3="5,88,134,64,118,59,6,135,13,74,0,3,115"/><V33/><F33/><W25/><G118/><T44/><D35/><U93/><E68/><V103/><F39/><W109/><G74/><N who="0" m="28171" /><D113/><U32/><E117/><V66/><F23/><W119/><G119/><T96/><D65/><U131/><E32/><V124/><F124/><W29/><G115/><T20/><D44/><U94/><E17/><V51/><F43/><N who="1" m="16457" /><E100/><N who="2" m="38443" /><F7/><N who="3" m="2571" /><G109/><N who="0" m="42059" /><D22/><U85/><E85/><V12/><F12/><W37/><G37/><T101/><D101/><U114/><E114/><V21/><F21/><N who="3" m="15535" /><G13/><T80/><D80/><AGARI ba="0,0" hai="9,11,49,50,51,56,63,66,80,84,89" m="38443" machi="80" ten="30,1500,0" yaku="8,1" doraHai="127" who="2" fromWho="0" sc="292,-15,453,0,92,15,163,0" /><INIT seed="2,1,0,0,1,100" ten="277,453,107,163" oya="2" hai0="18,51,22,112,125,120,23,62,15,74,52,95,0" hai1="33,119,17,40,19,5,129,89,76,68,21,102,132" hai2="104,43,134,70,96,109,49,10,54,37,56,87,31" hai3="46,135,57,91,105,63,126,42,121,84,44,107,38"/><V110/><F70/><W12/><G121/><T48/><D112/><U27/><E119/><V124/><F124/><W60/><G126/><T73/><D0/><U11/><E68/><V16/><F134/><W113/><G113/><T14/><D120/><U9/><E76/><V45/><F31/><W79/><G79/><T131/><D125/><U85/><E102/><N who="2" m="62535" /><F87/><W29/><G135/><T65/><D131/><U122/><E122/><V128/><F10/><W94/><G60/><T55/><D95/><U25/><E129/><V41/><F41/><W36/><G29/><T80/><D80/><U123/><E123/><V90/><F128/><W83/><G44/><T114/><D62/><U78/><E78/><V35/><F35/><W115/><G115/><T133/><D114/><U13/><E132/><V47/><F47/><W92/><G38/><T59/><D65/><U30/><E40/><V50/><F90/><W117/><G117/><T86/><D86/><U20/><E85/><V4/><F4/><W77/><G12/><T71/><D71/><U58/><E58/><V32/><F32/><W34/><G34/><T61/><D61/><U127/><E127/><V39/><F16/><N who="1" m="6217" /><E89/><V1/><F1/><W116/><G116/><T93/><D133/><U2/><E27/><V6/><F6/><AGARI ba="1,0" hai="2,5,6,9,11,13,20,21,25,30,33" m="6217" machi="6" ten="30,12000,2" yaku="35,5,54,1" doraHai="100" who="1" fromWho="2" sc="277,0,453,123,107,-123,163,0" owari="277,8.0,576,68.0,-16,-52.0,163,-24.0" /></mjloggm>