<mjloggm ver="2.3"><GO type="169" lobby="0"/><UN n0="%E9%A7%84%E5%A6%B9" n1="%E3%81%8B%E3%81%AE%E3%82%93%E2%99%AA" n2="%E3%82%A6%E3%83%AB%E3%83%88%E3%83%A9%E7%AB%8B%E7%9B%B4" n3="%E3%80%90%E7%BD%AA%E6%AD%8C%E3%80%91" dan="16,16,17,18" rate="2145.26,2070.64,2194.70,2225.56" sx="F,M,M,F"/><TAIKYOKU oya="0"/><INIT seed="0,0,0,4,3,114" ten="250,250,250,250" oya="0" hai0="88,76,96,54,95,101,31,60,99,115,37,93,105" hai1="120,69,112,3,28,106,94,2,126,39,70,121,67" hai2="48,26,77,119,103,78,53,104,64,52,41,25,16" hai3="130,10,84,132,57,29,128,113,87,82,71,47,1"/><T30/><D37/><U92/><E39/><V98/><F64/><W80/><G71/><T14/><D115/><U42/><E112/><V23/><F119/><W21/><G113/><T34/><D34/><U129/><E126/><V13/><F41/><W46/><G57/><N who="0" m="34871" /><D105/><U15/><E42/><V12/><F53/><W50/><G10/><T58/><D76/><U5/><E28/><V81/><F26/><W134/><G21/><T100/><D100/><U9/><E106/><V131/><F131/><N who="3" m="50219" /><G29/><N who="0" m="10763" /><D58/><U56/><E129/><V74/><REACH who="2" step="1"/><F77/><REACH who="2" ten="250,250,240,250" step="2"/><N who="3" m="46095" /><G46/><AGARI ba="0,1" hai="12,13,16,23,25,46,48,52,74,78,81,98,103,104" machi="46" ten="30,8000,1" yaku="1,1,7,1,54,2,53,1" doraHai="114" doraHaiUra="44" who="2" fromWho="3" sc="250,0,250,0,240,90,250,-80" /><INIT seed="1,0,0,1,2,108" ten="250,250,330,170" oya="1" hai0="86,61,68,75,4,109,69,32,115,38,20,21,76" hai1="65,117,100,6,40,98,118,48,124,46,13,132,50" hai2="47,122,107,19,92,91,55,88,130,73,29,93,82" hai3="51,3,59,36,67,63,114,23,53,96,110,1,121"/><U123/><E123/><V5/><F29/><W31/><G121/><T14/><D32/><U24/><E124/><V33/><F33/><W105/><G36/><T134/><D38/><U42/><E132/><V125/><F5/><W83/><G83/><T54/><D75/><U80/><E65/><V2/><F2/><W66/><G66/><T15/><D134/><U79/><E24/><V35/><F35/><W9/><G110/><T60/><D115/><U90/><E90/><V12/><F122/><W71/><G9/><T43/><D43/><U26/><E26/><V94/><F107/><W16/><G31/><T52/><D4/><U34/><E34/><V133/><F133/><W37/><G114/><T116/><D109/><U0/><E0/><V62/><F125/><W129/><G129/><T97/><D97/><U17/><E48/><V112/><F130/><W81/><G81/><T85/><REACH who="0" step="1"/><D76/><REACH who="0" ten="240,250,330,170" step="2"/><U128/><E40/><V87/><F112/><W120/><G120/><T111/><D111/><U30/><E6/><V102/><F73/><W101/><REACH who="3" step="1"/><G37/><REACH who="3" ten="240,250,330,160" step="2"/><T39/><D39/><N who="1" m="21855" /><E128/><V27/><F82/><W41/><G41/><T22/><D22/><U127/><E80/><V95/><F102/><W74/><G74/><T99/><D99/><U77/><E98/><V84/><F87/><W103/><G103/><T44/><D44/><U57/><E100/><V25/><F47/><W49/><G49/><T72/><D72/><U113/><E127/><V64/><F84/><W104/><G104/><T135/><D135/><U10/><E50/><V7/><F91/><W11/><G11/><RYUUKYOKU ba="0,2" sc="240,15,250,-15,330,-15,160,15" hai0="14,15,20,21,52,54,60,61,68,69,85,86,116" hai3="1,3,16,23,51,53,59,63,67,71,96,101,105" /><INIT seed="2,1,2,5,1,66" ten="255,235,315,175" oya="2" hai0="74,106,30,9,131,104,50,60,102,36,63,14,40" hai1="113,123,38,105,47,93,4,49,13,81,107,77,29" hai2="91,124,99,127,94,23,51,86,110,5,20,121,122" hai3="42,108,67,6,59,90,70,118,16,119,41,57,32"/><V15/><F5/><W44/><G32/><T54/><D74/><U64/><E113/><V111/><F51/><N who="3" m="27023" /><G6/><T1/><D1/><U65/><E38/><V3/><F3/><W25/><G90/><T61/><D131/><U85/><E29/><V10/><F10/><W96/><G16/><T8/><D30/><U31/><E31/><V88/><F15/><W129/><G96/><T22/><D102/><U82/><E82/><N who="2" m="49239" /><F20/><W11/><G11/><T83/><D40/><N who="1" m="24807" /><E93/><V101/><F23/><W100/><G100/><T84/><D36/><U126/><E123/><N who="2" m="47115" /><F101/><W19/><G19/><N who="0" m="10615" /><D106/><U73/><E107/><V26/><F26/><W28/><G28/><T116/><D104/><U75/><E105/><V52/><F52/><W135/><G25/><T55/><D55/><U12/><E65/><V128/><F128/><W58/><G129/><T39/><D54/><U43/><E64/><V79/><F79/><W133/><G42/><T89/><D8/><U112/><E43/><V33/><F33/><W71/><G67/><T80/><D9/><U98/><E77/><V48/><F48/><W21/><G21/><T45/><D50/><U76/><E76/><V125/><AGARI ba="1,2" hai="91,94,99,110,111,124,125,127" m="47115,49239" machi="125" ten="40,12000,1" yaku="18,1,34,2,54,1" doraHai="66" who="2" fromWho="2" sc="255,-41,235,-41,315,143,175,-41" /><INIT seed="2,2,0,1,1,33" ten="214,194,458,134" oya="2" hai0="126,55,84,96,23,83,67,63,9,118,30,41,129" hai1="43,91,101,57,1,3,103,120,66,123,45,56,119" hai2="130,95,5,105,115,31,65,69,13,90,46,11,87" hai3="37,114,107,110,51,77,17,111,71,97,14,93,124"/><V50/><F105/><W82/><G37/><T59/><D118/><U106/><E119/><V72/><F72/><W133/><G71/><T19/><D126/><U113/><E113/><V74/><F74/><W121/><G121/><N who="1" m="46666" /><E91/><V2/><F115/><W58/><G107/><T25/><D129/><U132/><E132/><V15/><F130/><W75/><G133/><T18/><D41/><U26/><E26/><V116/><F116/><W79/><G79/><T36/><D36/><N who="1" m="21735" /><E106/><V27/><F65/><W4/><G4/><T70/><D96/><U60/><E57/><V34/><F69/><W98/><G58/><T117/><D117/><U112/><E112/><V16/><F16/><W89/><G114/><T0/><D0/><AGARI ba="2,0" hai="0,1,3,56,60,66,101,103" m="21735,46666" machi="0" ten="30,7700,0" yaku="13,1,52,3" doraHai="33" who="1" fromWho="0" sc="214,-83,194,83,458,0,134,0" /><INIT seed="3,0,0,4,4,70" ten="131,277,458,134" oya="3" hai0="67,10,124,4,6,29,64,61,51,33,110,74,98" hai1="76,5,42,7,30,47,86,97,122,56,0,39,78" hai2="96,1,127,116,23,60,52,2,95,48,104,80,11" hai3="13,120,113,126,66,111,58,133,65,24,92,94,22"/><W109/><G113/><T129/><D74/><U37/><E122/><V123/><F104/><W115/><G115/><T44/><D110/><N who="3" m="41993" /><G120/><T15/><D124/><U69/><E69/><V118/><F123/><W130/><G126/><T100/><D129/><U35/><E37/><V63/><F127/><W20/><G133/><T81/><D4/><U26/><E56/><V50/><F11/><W43/><G130/><T59/><D33/><U71/><E71/><V46/><F1/><W128/><G128/><T117/><D117/><U131/><E131/><V82/><F2/><W19/><G43/><T134/><D134/><U17/><E97/><V31/><F116/><W54/><G54/><N who="0" m="34039" /><D81/><U106/><E106/><V114/><F118/><W121/><G121/><T38/><D38/><U87/><E0/><V12/><F52/><W91/><G58/><T102/><D29/><U89/><E17/><V112/><F114/><W53/><G53/><N who="0" m="29927" /><D98/><U21/><E35/><V93/><F112/><W125/><G125/><T75/><D75/><U3/><E3/><V14/><F46/><W90/><G94/><T32/><D32/><U108/><E108/><V9/><F93/><W34/><G92/><T99/><D99/><U79/><E86/><V57/><F95/><W103/><G34/><T36/><D36/><U88/><E87/><V41/><F96/><W55/><G55/><T62/><D62/><U101/><E101/><AGARI ba="0,0" hai="6,10,15,64,67,100,101,102" m="29927,34039" machi="101" ten="30,1000,0" yaku="8,1" doraHai="70" who="0" fromWho="1" sc="131,10,277,-10,458,0,134,0" /><INIT seed="4,0,0,1,2,133" ten="141,267,458,134" oya="0" hai0="101,41,61,95,28,93,33,22,10,57,56,92,4" hai1="27,55,2,116,19,81,109,90,121,78,128,24,52" hai2="0,42,114,53,20,40,108,30,25,100,59,97,119" hai3="26,115,60,69,112,73,110,58,124,131,104,29,11"/><T132/><D33/><U84/><E116/><V21/><F0/><W89/><G73/><T122/><D122/><U43/><E121/><V123/><F123/><W32/><G104/><T105/><D132/><U37/><E109/><V134/><F108/><W99/><G110/><T107/><D41/><U44/><E128/><V64/><F134/><W80/><G69/><T127/><D101/><U130/><E130/><V31/><F64/><W71/><G71/><T8/><D8/><U103/><E103/><V125/><F114/><N who="3" m="43563" /><G131/><T96/><D96/><U87/><E2/><V1/><F1/><W66/><G11/><T23/><D57/><U45/><E45/><V91/><F91/><W65/><G65/><T48/><D48/><U76/><E76/><V79/><F79/><W38/><G38/><T70/><D70/><U129/><E129/><V77/><F77/><W54/><G66/><T7/><D105/><U12/><E27/><V46/><F42/><W50/><G50/><T82/><D107/><U35/><E24/><N who="2" m="16647" /><F46/><W5/><G5/><T94/><N who="0" m="24064" /><DORA hai="86" /><T18/><D7/><U126/><E35/><V17/><F40/><W75/><G99/><T88/><D4/><U6/><E6/><V117/><F97/><W118/><G118/><N who="2" m="45065" /><F100/><W68/><G68/><T13/><D56/><U16/><E43/><V72/><F72/><W62/><G75/><T34/><D61/><U135/><E135/><V67/><F59/><W120/><G120/><T36/><D36/><U3/><E37/><V15/><F67/><W51/><G124/><T98/><D127/><U83/><E126/><RYUUKYOKU ba="0,0" sc="141,-10,267,-10,458,-10,134,30" hai3="26,29,32,51,54,58,60,62,80,89" /><INIT seed="5,1,0,0,4,116" ten="131,257,448,164" oya="1" hai0="63,133,61,22,83,119,14,39,89,58,66,97,48" hai1="7,94,102,76,37,32,10,73,11,113,123,129,51" hai2="78,122,127,135,0,13,128,59,132,4,90,81,64" hai3="117,46,91,82,62,99,112,41,45,17,27,72,69"/><U87/><E123/><V104/><F122/><W101/><G112/><T110/><D39/><U57/><E32/><V131/><F0/><W106/><G117/><T25/><D110/><U36/><E113/><V44/><F104/><W16/><G46/><T15/><D119/><U120/><E120/><V50/><F90/><W9/><G9/><T98/><D133/><N who="2" m="51274" /><F127/><W126/><G126/><T31/><D48/><U105/><E129/><V92/><F92/><W109/><G109/><T124/><D124/><U96/><E11/><N who="2" m="4327" /><F59/><W20/><G91/><T79/><D89/><U108/><E108/><V30/><F64/><W8/><G72/><T84/><REACH who="0" step="1"/><D61/><REACH who="0" ten="121,257,448,164" step="2"/><U3/><E51/><V47/><F50/><W75/><G62/><T34/><D34/><U67/><E37/><V68/><F131/><W6/><G41/><T118/><D118/><U114/><E36/><V26/><F128/><W24/><G45/><T100/><D100/><U121/><E114/><V55/><F44/><W65/><G101/><T111/><D111/><U29/><E102/><V70/><F47/><W115/><G115/><T86/><D86/><U52/><E87/><V21/><F55/><W40/><G40/><T93/><D93/><U130/><E52/><V35/><F35/><W80/><G75/><AGARI ba="1,1" hai="21,26,30,68,70,75,78,81" m="4327,51274" machi="75" ten="30,1000,0" yaku="20,1" doraHai="116" who="2" fromWho="3" sc="121,0,257,0,448,23,164,-13" /><INIT seed="6,0,0,2,3,19" ten="121,257,471,151" oya="2" hai0="103,6,118,23,134,10,51,112,80,92,123,90,110" hai1="89,68,12,40,44,1,54,95,43,79,74,21,67" hai2="115,73,105,59,81,34,94,37,28,125,3,22,93" hai3="133,99,108,75,60,135,39,71,66,8,119,45,57"/><V35/><F81/><W32/><G119/><T128/><D110/><U47/><E1/><V33/><F73/><W124/><G108/><T121/><D118/><U27/><E79/><V82/><F82/><W15/><G32/><T117/><D117/><U126/><E74/><V62/><F37/><W85/><G85/><T9/><D112/><U69/><E126/><V42/><F105/><W91/><G75/><T7/><D103/><U97/><E12/><V5/><F42/><W70/><G124/><T29/><D80/><U4/><E4/><V102/><F102/><W76/><G76/><T2/><D51/><U55/><E68/><V64/><F115/><W107/><G91/><T56/><D56/><U101/><E67/><V106/><F106/><W77/><G77/><T132/><D128/><U114/><E69/><V48/><F48/><W116/><G99/><T87/><D121/><U88/><E89/><V16/><F28/><W131/><G107/><T17/><D123/><U78/><E78/><V113/><F125/><W109/><G131/><T0/><REACH who="0" step="1"/><D29/><REACH who="0" ten="111,257,471,151" step="2"/><N who="1" m="17647" /><E101/><V41/><F113/><W130/><G130/><T84/><D84/><U98/><E114/><V63/><F59/><W122/><G122/><T18/><D18/><U72/><E72/><V30/><F16/><N who="3" m="8295" /><G116/><T52/><D52/><N who="1" m="20011" /><E98/><V83/><F35/><W49/><G109/><T11/><D11/><U120/><E120/><V13/><F34/><W25/><G49/><T31/><D31/><U46/><AGARI ba="0,1" hai="40,43,44,46,47,88,95,97" m="20011,17647" machi="46" ten="30,7900,0" yaku="8,1,52,1,54,2" doraHai="19" who="1" fromWho="1" sc="111,-20,257,89,471,-39,151,-20" /><INIT seed="7,0,0,3,1,114" ten="91,346,432,131" oya="3" hai0="13,100,76,49,108,24,43,96,117,78,30,132,131" hai1="12,62,95,89,79,4,130,66,88,22,70,47,60" hai2="112,106,74,6,120,59,75,35,7,119,41,94,77" hai3="64,101,134,73,48,68,128,81,19,83,87,115,122"/><W63/><G122/><T54/><D108/><U27/><E130/><V123/><F106/><W91/><G128/><T18/><D131/><U86/><E79/><V37/><F35/><W135/><G115/><T121/><D43/><U118/><E118/><V65/><F119/><W111/><G101/><T133/><D121/><N who="2" m="46666" /><F77/><W72/><G111/><T129/><D129/><U42/><E60/><N who="2" m="38047" /><F112/><W38/><G38/><T32/><D117/><U53/><E53/><V23/><F23/><W5/><G5/><N who="2" m="1545" /><F94/><W20/><G48/><T97/><D132/><N who="3" m="50729" /><G83/><T45/><D133/><U98/><E4/><V113/><F113/><W102/><G102/><T105/><REACH who="0" step="1"/><D96/><REACH who="0" ten="81,346,432,131" step="2"/><U124/><E98/><V67/><F67/><W99/><G99/><T82/><D82/><U125/><E66/><V103/><F103/><W33/><G33/><T21/><AGARI ba="0,1" hai="13,18,21,24,30,32,45,49,54,76,78,97,100,105" machi="21" ten="20,2700,0" yaku="1,1,0,1,7,1,53,0" doraHai="114" doraHaiUra="2" who="0" fromWho="0" sc="81,37,346,-7,432,-7,131,-13" owari="118,-28.0,339,14.0,425,52.0,118,-38.0" /></mjloggm>