<mjloggm ver="2.3"><GO type="169" lobby="0"/><UN n0="%E3%82%A6%E3%83%AB%E3%83%88%E3%83%A9%E7%AB%8B%E7%9B%B4" n1="%E8%B1%86%E7%89%B9%EF%BC%A0%E6%B2%B3%E6%9D%91%E8%BB%8D%E5%9B%A3" n2="%E5%8F%8A%E5%B7%9D%E5%86%B0%E9%BA%97" n3="%E3%81%A6%E3%81%83%E3%81%BF%E3%82%93" dan="17,17,16,17" rate="2198.91,2228.03,2113.57,2127.40" sx="M,M,M,M"/><TAIKYOKU oya="0"/><INIT seed="0,0,0,2,1,77" ten="250,250,250,250" oya="0" hai0="31,15,33,105,82,107,130,67,21,0,10,20,71" hai1="79,17,91,74,84,8,101,127,36,69,83,72,11" hai2="42,110,73,30,116,113,58,50,43,75,57,87,119" hai3="25,124,56,128,115,44,100,63,108,60,112,45,22"/><T81/><D71/><U132/><E69/><V9/><F113/><W5/><G128/><T39/><D39/><U68/><E68/><V7/><F30/><W41/><G108/><T99/><D130/><U93/><E36/><V122/><F122/><W106/><G124/><T80/><D67/><U65/><E65/><V16/><F110/><W26/><G5/><T6/><D99/><U88/><E127/><V28/><F28/><W96/><G60/><T59/><D59/><U89/><E132/><V104/><F7/><W126/><G126/><T92/><D92/><U121/><E121/><V133/><F133/><W40/><G40/><T131/><D131/><U29/><E29/><V97/><F97/><W114/><G22/><T76/><D76/><U49/><E49/><V35/><F50/><W27/><REACH who="3" step="1"/><G41/><REACH who="3" ten="250,250,250,240" step="2"/><T78/><D21/><U95/><E11/><V23/><F23/><W134/><G134/><T13/><D78/><U53/><E8/><V117/><F9/><W61/><G61/><T86/><D15/><U111/><E111/><V24/><F117/><W1/><G1/><T32/><D32/><U4/><E4/><V18/><F35/><W52/><AGARI ba="0,1" hai="25,26,27,44,45,52,56,63,96,100,106,112,114,115" machi="52" ten="40,5200,0" yaku="1,1,0,1,54,1,53,0" doraHai="77" doraHaiUra="3" who="3" fromWho="3" sc="250,-26,250,-13,250,-13,240,62" /><INIT seed="1,0,0,5,4,80" ten="224,237,237,302" oya="1" hai0="23,12,46,73,52,8,79,35,7,129,51,44,64" hai1="55,110,53,122,104,95,28,94,124,25,119,132,67" hai2="43,72,45,117,0,13,115,92,114,126,82,19,24" hai3="18,62,123,48,99,50,130,16,33,127,3,105,91"/><U131/><E122/><V36/><F117/><W66/><G3/><T70/><D35/><U84/><E119/><V1/><F24/><W61/><G33/><T42/><D129/><U49/><E104/><V120/><F120/><W47/><G123/><T85/><D73/><U63/><E131/><V40/><F40/><W30/><G130/><T56/><D70/><U6/><E6/><V75/><F92/><N who="3" m="56735" /><G105/><T133/><D133/><U107/><E107/><V108/><F108/><W103/><G127/><T65/><D23/><N who="1" m="15423" /><E132/><V128/><F128/><W9/><G30/><T125/><D125/><U135/><E135/><V118/><F118/><W116/><G116/><T88/><D79/><U27/><E27/><V41/><F41/><W58/><G103/><T57/><D46/><N who="1" m="27831" /><E67/><N who="0" m="25673" /><D42/><U22/><E124/><V34/><F34/><W98/><G61/><T17/><D7/><U121/><E22/><V26/><F126/><W89/><G9/><T29/><D29/><U77/><E110/><V15/><F75/><W86/><G98/><T68/><D68/><U83/><E121/><V78/><F0/><W59/><G59/><AGARI ba="0,0" hai="55,59,63,77,83,84,94,95" m="27831,15423" machi="59" ten="30,2900,0" yaku="8,1,52,1" doraHai="80" who="1" fromWho="3" sc="224,0,237,29,237,0,302,-29" /><INIT seed="1,1,0,3,5,1" ten="224,266,237,273" oya="1" hai0="15,119,49,60,87,132,77,27,0,93,67,36,42" hai1="76,103,129,47,52,127,10,104,120,26,43,63,61" hai2="64,71,33,58,90,57,85,55,130,16,102,23,3" hai3="20,117,37,95,62,51,74,11,88,40,29,35,122"/><U105/><E120/><V81/><F3/><W17/><G74/><T116/><D0/><U18/><E76/><V46/><F33/><W4/><G122/><T56/><D132/><U115/><E115/><V65/><F130/><W14/><G117/><T106/><D106/><U6/><E129/><V54/><F102/><W22/><G37/><T68/><D27/><U123/><E123/><V53/><F46/><N who="3" m="26055" /><G35/><T113/><D113/><U50/><E127/><V126/><F126/><W83/><G29/><T66/><D15/><N who="1" m="5591" /><E103/><V28/><F28/><W124/><G124/><T98/><D67/><N who="2" m="25674" /><F71/><W80/><G62/><N who="1" m="23562" /><E104/><V92/><F81/><N who="3" m="31307" /><G17/><T121/><D68/><U114/><E114/><V99/><F99/><AGARI ba="1,0" hai="4,11,14,20,22,88,95,99" m="31307,26055" machi="99" ten="30,3900,0" yaku="8,1,52,1,54,1" doraHai="1" who="3" fromWho="2" sc="224,0,266,0,237,-42,273,42" /><INIT seed="2,0,0,3,0,108" ten="224,266,195,315" oya="2" hai0="68,121,85,98,134,35,123,93,25,55,53,24,50" hai1="84,106,38,120,18,17,67,74,90,5,6,119,4" hai2="13,41,96,76,94,40,29,125,3,104,11,97,117" hai3="52,126,118,28,101,110,79,57,105,8,64,109,30"/><V71/><F117/><W62/><G118/><T54/><D68/><U102/><E119/><V0/><F71/><W32/><G79/><T42/><D35/><U99/><E38/><V56/><F125/><W80/><G126/><T114/><D123/><U124/><E120/><V100/><F29/><W39/><G39/><T21/><D114/><U31/><E124/><V103/><F76/><W107/><G80/><T127/><D134/><U128/><E128/><V45/><F56/><W92/><G8/><T2/><D2/><U44/><E44/><V15/><F15/><W47/><G105/><T48/><D42/><U63/><E74/><V23/><F23/><W36/><G107/><T1/><D1/><U73/><E31/><V51/><REACH who="2" step="1"/><F41/><REACH who="2" ten="224,266,185,315" step="2"/><W27/><G30/><T43/><D43/><U69/><E73/><V135/><F135/><W60/><G110/><T129/><D127/><U12/><E12/><V59/><F59/><W22/><G109/><T49/><D121/><U111/><E111/><V132/><F132/><W77/><G77/><T19/><D129/><U86/><E69/><V112/><F112/><W46/><G32/><T115/><D115/><U65/><E18/><AGARI ba="0,1" hai="0,3,11,13,18,40,45,51,94,96,97,100,103,104" machi="18" ten="30,2900,0" yaku="1,1,7,1,53,0" doraHai="108" doraHaiUra="122" who="2" fromWho="1" sc="224,0,266,-29,185,39,315,0" /><INIT seed="2,1,0,0,3,21" ten="224,237,224,315" oya="2" hai0="112,53,101,126,68,75,60,80,9,39,45,86,114" hai1="83,51,109,132,67,97,42,40,73,89,82,58,31" hai2="54,117,61,81,110,64,43,66,99,123,116,63,134" hai3="133,93,115,22,100,46,103,77,41,1,11,71,128"/><V124/><F123/><W95/><G71/><T57/><D75/><U56/><E109/><V6/><F6/><W106/><G115/><T47/><D126/><U90/><E132/><V36/><F99/><W44/><G128/><T2/><D101/><U79/><E73/><V94/><F94/><W29/><G77/><T48/><D9/><U91/><E97/><V25/><F81/><N who="1" m="30729" /><E79/><V32/><F124/><W84/><G106/><T96/><D96/><U34/><E34/><V125/><F125/><W113/><G103/><T130/><D2/><U104/><E104/><V30/><F134/><W102/><G102/><T72/><D72/><U59/><E31/><V49/><F110/><W5/><G100/><T8/><D8/><U127/><E127/><V120/><F120/><W121/><G121/><T14/><D130/><U17/><E17/><V98/><F98/><W105/><G105/><T131/><D131/><U12/><E12/><V122/><F122/><W38/><G1/><T76/><D14/><U27/><E27/><V33/><F33/><W87/><G11/><T55/><D68/><U7/><E7/><V4/><F4/><W35/><G5/><T70/><D70/><U111/><E111/><V18/><F18/><W16/><G133/><T50/><REACH who="0" step="1"/><D39/><REACH who="0" ten="214,237,224,315" step="2"/><U15/><E15/><V92/><F36/><W135/><G38/><T19/><D19/><U85/><E85/><V20/><F117/><W3/><G16/><T65/><AGARI ba="1,1" hai="45,47,48,50,53,55,57,60,65,76,80,86,112,114" machi="65" ten="20,5200,0" yaku="1,1,0,1,7,1,9,1,53,0" doraHai="21" doraHaiUra="0" who="0" fromWho="0" sc="214,65,237,-14,224,-27,315,-14" /><INIT seed="3,0,0,3,2,121" ten="279,223,197,301" oya="3" hai0="94,93,132,52,1,83,100,63,13,22,21,98,30" hai1="32,84,91,4,48,111,59,133,125,2,7,102,36" hai2="46,41,127,117,42,85,24,113,10,68,66,14,88" hai3="51,0,105,101,128,81,26,86,35,87,96,31,57"/><W129/><G0/><T126/><D1/><U75/><E75/><V61/><F117/><W62/><G51/><T118/><D118/><U16/><E36/><V72/><F72/><W76/><REACH who="3" step="1"/><G86/><REACH who="3" ten="279,223,197,291" step="2"/><T104/><D126/><U23/><E125/><V15/><F127/><W38/><G38/><T54/><D132/><U109/><E133/><V55/><F113/><W65/><AGARI ba="0,1" hai="26,31,35,57,62,65,76,81,87,96,101,105,128,129" machi="65" ten="30,3000,0" yaku="1,1,0,1,53,0" doraHai="121" doraHaiUra="110" who="3" fromWho="3" sc="279,-10,223,-10,197,-10,291,40" /><INIT seed="3,1,0,2,0,91" ten="269,213,187,331" oya="3" hai0="114,83,22,80,29,69,84,66,115,49,99,109,42" hai1="131,31,95,17,79,73,47,41,70,120,43,106,32" hai2="13,110,71,127,38,46,56,37,98,116,97,68,72" hai3="33,92,111,44,128,8,25,130,16,51,96,65,119"/><W14/><G119/><T129/><D129/><N who="3" m="49769" /><G65/><T133/><D109/><U1/><E95/><V7/><F116/><W86/><G86/><T52/><D133/><U26/><E43/><V113/><F110/><W61/><G61/><T121/><D121/><U55/><E55/><V53/><F72/><W112/><G112/><N who="0" m="43051" /><D42/><U4/><E17/><V54/><F113/><W67/><G67/><T28/><D66/><U78/><E78/><V60/><F127/><W40/><G111/><T45/><D69/><U39/><E131/><V62/><F7/><W64/><G64/><T123/><D123/><U35/><E120/><V85/><F85/><W126/><G126/><T36/><D36/><U76/><E76/><V9/><F46/><W24/><G33/><T27/><D99/><U108/><E108/><V90/><F38/><W30/><G30/><N who="0" m="17783" /><D83/><N who="1" m="45551" /><E32/><V87/><F37/><W12/><G12/><T58/><D45/><U2/><E70/><V75/><F71/><W10/><G10/><T15/><D15/><U132/><E132/><V50/><F68/><W88/><AGARI ba="1,0" hai="8,14,16,24,25,40,44,51,88,92,96" m="49769" machi="88" ten="30,11700,0" yaku="19,1,52,1,54,2" doraHai="91" who="3" fromWho="3" sc="269,-40,213,-40,187,-40,331,120" /><INIT seed="3,2,0,1,2,42" ten="229,173,147,451" oya="3" hai0="54,130,82,111,73,79,39,107,30,133,114,84,50" hai1="119,112,94,32,96,67,126,64,9,117,38,88,72" hai2="16,78,13,29,70,3,48,0,33,95,80,75,4" hai3="11,8,121,127,6,34,49,86,53,115,7,132,77"/><W56/><G121/><T41/><D111/><U58/><E32/><V26/><F70/><W63/><G115/><T109/><D109/><U51/><E38/><V89/><F4/><N who="3" m="1579" /><G34/><T90/><D130/><U60/><E72/><V68/><F68/><W65/><G132/><T128/><D133/><U81/><E112/><V52/><F95/><W20/><G127/><T108/><D128/><U113/><E113/><V135/><F89/><W93/><G20/><T92/><D108/><U91/><E9/><V2/><F135/><W12/><G12/><T35/><D114/><U74/><E126/><V23/><REACH who="2" step="1"/><F2/><REACH who="2" ten="229,173,137,451" step="2"/><W57/><G93/><T37/><D92/><U25/><E94/><V19/><F19/><W17/><G17/><T5/><D90/><U62/><E88/><V66/><F66/><W21/><G65/><T69/><D5/><U102/><E91/><V87/><F87/><W55/><G86/><T31/><D84/><U46/><E67/><V104/><F104/><W101/><G101/><T134/><D107/><U45/><E64/><V120/><F120/><W100/><G100/><T85/><D85/><U122/><E102/><V83/><F83/><W59/><G77/><T125/><D134/><U28/><E122/><V1/><F1/><W36/><G63/><T116/><D125/><U18/><E62/><V110/><F110/><W103/><G103/><T123/><D123/><U47/><E60/><V118/><F118/><W124/><G124/><T40/><D116/><U14/><E117/><V15/><F15/><W99/><G99/><T24/><D69/><U98/><E119/><RYUUKYOKU ba="2,1" sc="229,-10,173,-10,137,30,451,-10" hai2="0,3,13,16,23,26,29,33,48,52,75,78,80" /><INIT seed="4,3,1,5,3,22" ten="219,163,167,441" oya="0" hai0="29,100,126,114,131,130,39,31,44,64,113,32,119" hai1="125,84,105,1,25,80,112,40,122,107,89,132,47" hai2="9,92,121,37,77,33,17,11,134,27,52,46,60" hai3="48,86,87,81,61,18,117,24,91,109,23,49,30"/><T12/><D100/><U8/><E122/><V58/><F121/><W38/><G38/><T15/><D64/><U127/><E132/><V72/><F134/><W123/><G109/><T19/><D39/><U13/><E1/><V45/><F92/><W53/><G117/><T10/><D44/><U67/><E67/><V0/><F0/><W35/><G123/><T94/><D94/><U6/><E112/><N who="0" m="43113" /><D119/><U57/><E57/><V41/><F45/><W99/><G99/><T85/><D85/><U95/><E95/><V26/><F33/><W111/><G111/><T28/><D126/><N who="1" m="48139" /><E25/><V135/><F135/><W14/><G61/><T16/><D32/><U133/><E133/><V79/><F79/><W108/><G108/><T76/><D76/><U106/><E106/><V21/><REACH who="2" step="1"/><F27/><REACH who="2" ten="219,163,157,441" step="2"/><W51/><G87/><T55/><D55/><U115/><E115/><V42/><F42/><W83/><G81/><AGARI ba="3,2" hai="9,11,17,21,26,37,41,46,52,58,60,72,77,81" machi="81" ten="40,5200,0" yaku="1,1,52,1,54,1,53,0" doraHai="22" doraHaiUra="118" who="2" fromWho="3" sc="219,0,163,0,157,81,441,-61" /><INIT seed="5,0,0,2,4,77" ten="219,163,238,380" oya="1" hai0="31,68,33,98,96,39,111,90,87,10,104,20,88" hai1="76,29,128,79,113,133,6,82,34,91,16,9,52" hai2="132,27,49,26,3,25,14,130,134,131,73,123,17" hai3="44,135,118,46,75,74,11,72,50,94,120,100,71"/><U58/><E113/><V107/><F73/><W48/><G120/><T81/><D33/><U56/><E56/><V24/><F107/><W54/><G71/><T7/><D39/><U92/><E133/><N who="2" m="51307" /><F3/><W38/><G135/><T67/><D104/><U108/><E128/><N who="2" m="49195" /><F49/><W122/><G122/><T21/><D111/><U110/><E34/><V15/><F123/><W36/><G118/><T42/><D42/><U1/><E29/><V59/><F59/><W35/><G35/><T4/><D68/><U61/><E16/><V5/><F5/><W99/><G11/><T119/><D119/><U32/><E32/><V85/><F85/><W124/><G124/><T115/><D31/><U70/><E70/><V105/><F105/><W62/><G62/><T60/><D10/><U28/><E28/><V78/><F78/><W8/><G8/><T116/><D116/><U0/><E0/><V106/><F106/><W109/><G109/><T117/><D117/><U55/><E55/><AGARI ba="0,0" hai="36,38,44,46,48,50,54,55,72,74,75,94,99,100" machi="55" ten="40,1300,0" yaku="9,1" doraHai="77" who="3" fromWho="1" sc="219,0,163,-13,238,0,380,13" /><INIT seed="6,0,0,4,4,120" ten="219,150,238,393" oya="2" hai0="49,3,119,95,9,108,107,21,63,32,43,50,1" hai1="114,101,33,57,130,26,72,6,12,76,39,83,96" hai2="92,34,104,125,79,87,0,5,56,64,128,90,55" hai3="14,53,25,66,82,93,7,109,106,129,62,112,59"/><V27/><F104/><W22/><G106/><T70/><D95/><U45/><E114/><V78/><F128/><W134/><G134/><T65/><D21/><U84/><E130/><V8/><F125/><W98/><G129/><T17/><D17/><U69/><E69/><V94/><F64/><W47/><G112/><T116/><D107/><U121/><E121/><V4/><F4/><W85/><G7/><T41/><D32/><U60/><E72/><V118/><F118/><N who="0" m="45098" /><D9/><U28/><E6/><V135/><F135/><W102/><G47/><N who="0" m="25839" /><D108/><U88/><E12/><V113/><F113/><W24/><G109/><T18/><D18/><U133/><E133/><V19/><F94/><W52/><G14/><T97/><D97/><U122/><E122/><V36/><F36/><W124/><G124/><T11/><D11/><U110/><E110/><V31/><REACH who="2" step="1"/><F19/><REACH who="2" ten="219,150,228,393" step="2"/><N who="3" m="12383" /><G25/><T44/><AGARI ba="0,1" hai="1,3,43,44,50,63,65,70" m="25839,45098" machi="44" ten="30,1100,0" yaku="12,1" doraHai="120" who="0" fromWho="0" sc="219,21,150,-3,228,-5,393,-3" /><INIT seed="7,0,0,3,0,134" ten="240,147,223,390" oya="3" hai0="38,52,119,35,101,22,31,98,96,123,130,51,103" hai1="82,81,56,45,21,109,85,27,112,14,8,61,9" hai2="84,23,99,16,131,18,102,63,26,93,121,89,1" hai3="39,108,13,97,24,2,111,40,72,125,60,55,73"/><W115/><G2/><T0/><D35/><U90/><E109/><N who="3" m="42058" /><G24/><T71/><D71/><U28/><E112/><V58/><F121/><W37/><G115/><T10/><D38/><U120/><E120/><V70/><F1/><W12/><G97/><T92/><D130/><U53/><E82/><N who="2" m="49303" /><F70/><W46/><G37/><T4/><D119/><U83/><E83/><V80/><F80/><W86/><G86/><T133/><D133/><U118/><E118/><V116/><F131/><W129/><G129/><T15/><D0/><U43/><REACH who="1" step="1"/><E14/><REACH who="1" ten="240,137,223,390" step="2"/><V67/><F116/><W20/><G12/><T100/><D123/><U34/><E34/><V117/><F117/><W79/><G13/><T106/><D15/><U44/><E44/><V107/><F107/><W74/><G46/><T3/><D106/><U68/><E68/><V47/><F47/><W76/><G73/><T59/><D3/><U7/><E7/><V6/><F6/><W104/><G74/><T19/><D4/><U33/><E33/><V135/><F135/><W95/><G72/><T41/><D10/><U49/><AGARI ba="0,1" hai="8,9,21,27,28,43,45,49,53,56,61,81,85,90" machi="49" ten="20,8000,1" yaku="1,1,0,1,7,1,8,1,53,1" doraHai="134" doraHaiUra="77" who="1" fromWho="1" sc="240,-20,137,90,223,-20,390,-40" owari="220,-18.0,227,3.0,203,-30.0,350,45.0" /></mjloggm>