<mjloggm ver="2.3"><GO type="169" lobby="0"/><UN n0="%E3%82%A6%E3%83%AB%E3%83%88%E3%83%A9%E7%AB%8B%E7%9B%B4" n1="%74%61%72%6F%33%39%30%30" n2="%E3%82%BC%E3%83%B3%E3%83%84%E3%83%83%E3%83%91" n3="%E3%82%B9%E3%82%B1%E3%83%BC%E3%82%BF%E3%83%BC" dan="16,17,17,17" rate="2157.48,2119.54,2148.73,2213.61" sx="M,M,M,M"/><TAIKYOKU oya="0"/><INIT seed="0,0,0,3,2,41" ten="250,250,250,250" oya="0" hai0="52,108,54,75,14,63,19,100,73,49,109,67,104" hai1="64,111,89,92,118,44,29,81,26,40,57,11,66" hai2="95,48,25,32,56,55,101,76,86,38,39,121,69" hai3="0,83,34,45,4,126,122,117,7,36,16,135,58"/><T93/><D104/><U132/><E111/><N who="0" m="42569" /><D100/><U1/><E132/><V5/><F121/><W120/><G34/><T65/><D93/><U84/><E118/><V78/><F69/><W74/><G117/><T124/><D124/><U119/><E119/><V35/><F5/><W102/><G135/><T6/><D6/><U127/><E127/><V12/><F12/><W129/><G102/><T30/><D30/><U2/><E11/><V23/><F35/><W105/><G105/><T97/><D97/><U46/><E40/><V17/><F32/><W27/><G7/><T8/><D54/><U33/><E1/><V61/><F101/><W77/><G126/><T70/><D65/><U59/><E2/><V110/><F110/><W62/><G4/><T85/><D85/><U123/><E123/><V130/><F95/><W134/><G0/><T90/><D90/><U107/><E107/><V79/><F86/><W116/><G116/><T42/><D42/><U22/><E33/><V31/><F31/><W88/><G88/><T80/><D80/><U125/><E125/><V94/><F94/><W9/><G120/><T47/><AGARI ba="0,0" hai="8,14,19,47,49,52,63,67,70,73,75" m="42569" machi="47" ten="30,11700,0" yaku="14,1,10,1,52,1,54,1" doraHai="41" who="0" fromWho="0" sc="250,117,250,-39,250,-39,250,-39" /><INIT seed="0,1,0,4,4,84" ten="367,211,211,211" oya="0" hai0="92,97,15,6,36,60,96,8,21,77,109,62,79" hai1="135,45,42,46,34,16,27,43,106,98,58,83,12" hai2="133,53,11,14,115,25,94,88,76,95,50,63,56" hai3="7,0,74,3,87,103,17,69,81,51,23,35,73"/><T82/><D36/><U117/><E117/><V131/><F115/><W123/><G35/><T65/><D109/><U48/><E135/><V124/><F133/><W129/><G69/><T89/><D21/><U90/><E106/><V127/><F131/><W59/><G123/><T100/><D62/><U32/><E27/><V128/><F128/><W80/><G103/><T9/><D8/><U40/><E34/><V102/><F76/><W10/><G3/><T125/><D125/><U24/><E24/><V47/><F25/><W28/><G81/><T107/><REACH who="0" step="1"/><D82/><REACH who="0" ten="357,211,211,211" step="2"/><U120/><E32/><V72/><F127/><W2/><G129/><T134/><D134/><U130/><E130/><V119/><F124/><W126/><G126/><T132/><D132/><U110/><E110/><V64/><F119/><W91/><G23/><T5/><D5/><U33/><E33/><V108/><F108/><W38/><G7/><T78/><D78/><U20/><E120/><V93/><F102/><W19/><G38/><T22/><D22/><U13/><E83/><V86/><F72/><W26/><G74/><T66/><D66/><U57/><E20/><V39/><F39/><W122/><G73/><T85/><D85/><U1/><E16/><AGARI ba="1,1" hai="11,14,16,47,50,53,56,63,64,86,88,93,94,95" machi="16" ten="30,8000,1" yaku="7,1,8,1,52,1,54,2" doraHai="84" who="2" fromWho="1" sc="357,0,211,-83,211,93,211,0" /><INIT seed="1,0,0,4,0,68" ten="357,128,304,211" oya="1" hai0="12,53,19,62,78,114,47,96,105,123,118,31,22" hai1="70,11,37,29,112,134,75,67,36,121,14,26,129" hai2="49,39,106,116,127,87,110,52,3,57,103,20,83" hai3="117,92,107,113,54,85,84,100,79,55,124,28,120"/><U6/><E112/><V86/><F110/><W7/><G120/><T63/><D118/><U2/><E121/><V119/><F3/><W38/><G113/><T59/><D114/><U99/><E129/><V42/><F127/><W0/><G28/><T94/><D105/><U21/><E134/><V34/><F34/><W33/><G33/><T5/><D123/><U43/><E43/><V82/><F106/><W45/><G107/><T51/><D78/><U126/><E75/><V90/><F103/><W61/><G124/><T125/><D125/><U10/><E126/><V27/><F42/><W74/><G100/><T89/><D31/><U4/><REACH who="1" step="1"/><E99/><REACH who="1" ten="357,118,304,211" step="2"/><V111/><F119/><W66/><G74/><T98/><D96/><U64/><E64/><V108/><F116/><W58/><G117/><T95/><D98/><U115/><E115/><V91/><REACH who="2" step="1"/><F39/><REACH who="2" ten="357,118,294,211" step="2"/><W1/><G38/><T104/><D53/><U65/><E65/><V131/><F131/><W97/><G66/><T76/><D104/><U93/><E93/><V122/><F122/><W101/><G55/><T9/><D95/><U81/><E81/><V135/><F135/><W23/><G54/><T80/><D94/><U24/><E24/><V44/><F44/><W71/><G92/><T130/><D47/><U48/><E48/><V69/><F69/><W16/><G45/><T15/><D130/><U41/><E41/><V60/><F60/><AGARI ba="0,2" hai="2,4,6,10,11,14,21,26,29,36,37,60,67,70" machi="60" ten="40,7700,0" yaku="1,1,52,2,53,0" doraHai="68" doraHaiUra="40" who="1" fromWho="2" sc="357,0,118,97,294,-77,211,0" /><INIT seed="1,1,0,4,5,134" ten="357,215,217,211" oya="1" hai0="98,20,110,32,111,108,67,92,36,59,15,101,118" hai1="89,9,70,87,105,48,42,100,71,133,126,27,102" hai2="78,68,75,125,29,6,10,121,82,99,50,64,90" hai3="52,91,109,81,66,43,123,63,7,80,104,69,93"/><U107/><E133/><V12/><F121/><W113/><G104/><T38/><D32/><U58/><E9/><V61/><F29/><W44/><G113/><T77/><D77/><U129/><E129/><V30/><F30/><W97/><G123/><T79/><D79/><U45/><E27/><V46/><F99/><W31/><G109/><T55/><D67/><U132/><E132/><V122/><F122/><W57/><G7/><T18/><REACH who="0" step="1"/><D118/><REACH who="0" ten="347,215,217,211" step="2"/><U23/><E105/><V37/><F37/><W56/><G31/><T60/><AGARI ba="1,1" hai="15,18,20,36,38,55,59,60,92,98,101,108,110,111" machi="60" ten="30,8000,1" yaku="1,1,2,1,0,1,14,1,53,1" doraHai="134" doraHaiUra="8" who="0" fromWho="0" sc="347,93,215,-41,217,-21,211,-21" /><INIT seed="2,0,0,0,3,102" ten="440,174,196,190" oya="2" hai0="97,6,104,134,31,1,133,32,116,61,11,30,121" hai1="33,22,49,100,72,63,135,52,45,10,108,112,4" hai2="13,95,118,20,25,107,94,15,39,67,34,85,26" hai3="119,53,130,88,86,82,57,55,40,113,111,27,114"/><V37/><F118/><W106/><G119/><T0/><D121/><U44/><E33/><V7/><F67/><W50/><G111/><T93/><D116/><U81/><E112/><N who="3" m="43114" /><G130/><T120/><D120/><U105/><E108/><V35/><F20/><W103/><G27/><N who="0" m="18527" /><D61/><U21/><E135/><N who="0" m="51721" /><D31/><U96/><E45/><V66/><F66/><W69/><G69/><T2/><D104/><U89/><E63/><V17/><F85/><W23/><G23/><T62/><D62/><U73/><E73/><V117/><F117/><W56/><G40/><T46/><D46/><U78/><REACH who="1" step="1"/><E89/><AGARI ba="0,0" hai="0,1,2,6,11,89,93,97" m="51721,18527" machi="89" ten="30,1000,0" yaku="20,1" doraHai="102" who="0" fromWho="1" sc="440,10,174,-10,196,0,190,0" /><INIT seed="3,0,0,1,3,134" ten="450,164,196,190" oya="3" hai0="121,69,32,81,61,78,95,27,54,49,58,40,53" hai1="20,36,102,114,93,120,91,1,100,63,67,133,104" hai2="45,105,110,109,51,41,101,94,113,18,112,74,59" hai3="87,130,60,131,21,135,62,35,25,8,5,88,14"/><W126/><G135/><T29/><D121/><U12/><E1/><V96/><F74/><W10/><G35/><T124/><D124/><U17/><E133/><V15/><F105/><W43/><G43/><T7/><D7/><U70/><E120/><V24/><F24/><W50/><G10/><T22/><D32/><U28/><E114/><V2/><F2/><W73/><G50/><T13/><D95/><U55/><E104/><V44/><F59/><W111/><G73/><T31/><D13/><U48/><E28/><V117/><F44/><W98/><G98/><T76/><D69/><U3/><E36/><V56/><F56/><W34/><G34/><T82/><D40/><U9/><E9/><N who="2" m="6511" /><F117/><W107/><G107/><T64/><D31/><U84/><REACH who="1" step="1"/><E3/><REACH who="1" ten="450,154,196,190" step="2"/><V115/><F113/><W116/><G116/><T46/><D64/><U127/><E127/><V57/><F115/><W80/><G126/><T37/><D37/><U132/><E132/><V68/><F112/><W97/><G111/><N who="2" m="42505" /><F57/><AGARI ba="0,1" hai="12,17,20,48,55,57,63,67,70,84,91,93,100,102" machi="57" ten="30,7700,0" yaku="1,1,7,1,25,2,53,0" doraHai="134" doraHaiUra="119" who="1" fromWho="2" sc="450,0,154,87,196,-77,190,0" /><INIT seed="4,0,0,5,1,15" ten="450,241,119,190" oya="0" hai0="16,49,22,14,90,68,74,117,46,58,84,53,59" hai1="118,1,95,29,5,40,94,126,61,110,119,38,7" hai2="99,63,33,105,70,91,24,122,10,101,34,55,116" hai3="57,65,62,6,21,114,111,13,2,109,60,37,41"/><T83/><D68/><U8/><E110/><V80/><F122/><W67/><G114/><T121/><D121/><U127/><E7/><V48/><F116/><W132/><G132/><T52/><D117/><U103/><E118/><V123/><F123/><W25/><G2/><T19/><D74/><U107/><E119/><V36/><F36/><W115/><G115/><T43/><D19/><U26/><E61/><V30/><F10/><W28/><G41/><T72/><D72/><U124/><E107/><V0/><F0/><W11/><REACH who="3" step="1"/><G37/><REACH who="3" ten="450,241,119,180" step="2"/><T106/><D106/><U75/><E40/><V23/><F70/><AGARI ba="0,1" hai="6,11,13,21,25,28,57,60,62,65,67,70,109,111" machi="70" ten="30,3900,0" yaku="1,1,2,1,7,1,53,0" doraHai="15" doraHaiUra="44" who="3" fromWho="2" sc="450,0,241,0,119,-39,180,49" /><INIT seed="5,0,0,1,0,23" ten="450,241,80,229" oya="1" hai0="85,45,82,116,12,2,47,1,48,113,122,77,53" hai1="102,49,66,78,15,13,5,135,27,20,36,101,18" hai2="17,126,124,56,89,76,32,90,103,61,127,75,51" hai3="33,105,80,40,95,62,69,100,79,107,94,4,52"/><U58/><E36/><V83/><F32/><W25/><G4/><T88/><D116/><U43/><E135/><V117/><F117/><W73/><G40/><T74/><D113/><U24/><E78/><V68/><F68/><W3/><G3/><T64/><D122/><U37/><E37/><V35/><F35/><W125/><G125/><T112/><D112/><U14/><E66/><V59/><F103/><N who="1" m="39433" /><E5/><V38/><F38/><W111/><G111/><T50/><D64/><U110/><E110/><V31/><F31/><W6/><G6/><T132/><D132/><U71/><E71/><V129/><F129/><W119/><G119/><T19/><D77/><U30/><E43/><V104/><F104/><W118/><G107/><T26/><D74/><U7/><E7/><V21/><F51/><W8/><G69/><T99/><D1/><U120/><E120/><V109/><F109/><W84/><G73/><T96/><D2/><U115/><E115/><V65/><REACH who="2" step="1"/><F56/><REACH who="2" ten="450,241,70,229" step="2"/><N who="3" m="35079" /><G118/><T114/><D114/><U134/><E134/><V60/><F60/><W0/><G105/><T28/><D48/><U34/><E34/><V81/><F81/><W91/><G100/><T86/><D47/><U67/><E49/><V44/><F44/><W130/><G130/><T55/><D50/><U131/><E131/><V63/><F63/><W92/><G0/><T11/><D45/><U121/><E121/><V39/><F39/><W57/><G57/><T128/><D128/><U16/><E30/><V108/><F108/><W133/><G133/><T29/><D29/><U106/><E106/><V72/><F72/><RYUUKYOKU ba="0,1" sc="450,-10,241,-10,70,30,229,-10" hai2="17,21,59,61,65,75,76,83,89,90,124,126,127" /><INIT seed="6,1,1,0,5,41" ten="440,231,100,219" oya="2" hai0="114,21,14,51,68,116,77,7,13,11,48,119,101" hai1="133,15,40,24,47,66,103,130,53,132,1,43,71" hai2="99,92,2,12,122,115,16,78,57,55,83,8,123" hai3="34,22,96,131,19,126,93,90,52,39,30,91,32"/><V3/><F115/><W95/><G39/><T38/><D114/><U107/><E1/><V9/><F3/><W106/><G106/><T42/><D68/><U45/><E130/><V70/><F70/><W31/><G131/><T108/><D108/><U121/><E121/><V25/><F25/><N who="3" m="14559" /><G126/><T87/><D101/><U5/><E24/><V20/><F2/><W129/><G34/><T64/><D64/><U109/><E109/><V124/><F124/><W89/><G32/><T62/><D62/><N who="1" m="40407" /><E53/><V63/><F123/><W29/><G129/><T49/><D38/><U61/><E61/><V134/><F134/><N who="1" m="51817" /><E40/><V35/><F35/><W4/><G4/><T80/><D42/><U100/><E43/><V105/><F105/><W65/><G65/><T98/><D98/><N who="1" m="61847" /><E103/><V76/><F122/><W27/><G27/><T94/><D94/><N who="3" m="35849" /><G52/><T86/><D87/><U75/><E75/><V88/><F78/><W26/><G26/><T117/><D14/><U46/><E5/><V33/><F33/><W118/><G118/><T113/><D21/><U85/><E85/><AGARI ba="1,1" hai="8,9,12,16,20,55,57,63,76,83,85,88,92,99" machi="85" ten="30,11600,0" yaku="7,1,8,1,54,2" doraHai="41" who="2" fromWho="1" sc="440,0,231,-119,100,129,219,0" /><INIT seed="6,2,0,4,0,54" ten="440,112,229,219" oya="2" hai0="45,23,26,113,84,47,100,37,94,25,20,38,115" hai1="66,8,18,127,70,34,85,13,120,5,3,7,67" hai2="91,33,16,50,82,108,97,93,103,15,77,129,55" hai3="121,130,42,104,43,87,98,134,41,71,116,72,53"/><V135/><F135/><W36/><G72/><T99/><D84/><U12/><E34/><V59/><F129/><W117/><G121/><T11/><D11/><U21/><E127/><V111/><F33/><W9/><G71/><T83/><D83/><U74/><E74/><V69/><F69/><W31/><G36/><T119/><D119/><U28/><E120/><V32/><F32/><W29/><G134/><T58/><D58/><U78/><E28/><V14/><F14/><W52/><G9/><T126/><D126/><U124/><E124/><V40/><F40/><W92/><G87/><T81/><D81/><U51/><E70/><V131/><F131/><W63/><G104/><T112/><D38/><U44/><E5/><V125/><F125/><W35/><G35/><T4/><D4/><U57/><E3/><V122/><F122/><W17/><G130/><T76/><D76/><U73/><E73/><V106/><F82/><W95/><G41/><N who="0" m="22703" /><D47/><U65/><E85/><N who="2" m="52463" /><F77/><W123/><G123/><T49/><D49/><U48/><E78/><V133/><F133/><W114/><G43/><T79/><D79/><U2/><E44/><V107/><F107/><W27/><G116/><T56/><D56/><U96/><E2/><V88/><F88/><W24/><G117/><T22/><AGARI ba="2,0" hai="20,22,23,25,26,94,99,100,112,113,115" m="22703" machi="22" ten="40,1500,0" yaku="15,1" doraHai="54" who="0" fromWho="0" sc="440,21,112,-6,229,-9,219,-6" /><INIT seed="7,0,0,3,2,35" ten="461,106,220,213" oya="3" hai0="13,61,128,62,12,91,47,126,88,53,3,43,117" hai1="70,77,75,26,23,20,57,82,39,5,16,1,120" hai2="72,108,121,109,51,21,69,44,38,65,99,48,131" hai3="129,68,105,74,6,96,110,113,40,64,7,73,59"/><W52/><G113/><T100/><D3/><U37/><E70/><V63/><F72/><W66/><G40/><T11/><D117/><U98/><E120/><V4/><F4/><W118/><G118/><T2/><D2/><U89/><E23/><V30/><F99/><W25/><G110/><T135/><D126/><U115/><E115/><V9/><F9/><W92/><G105/><T28/><D128/><U97/><E97/><V50/><F131/><W71/><G129/><T46/><D135/><U134/><E134/><V103/><F103/><W0/><G74/><T33/><D100/><U123/><E123/><V10/><F10/><W124/><G73/><T84/><D28/><U125/><E125/><V58/><F121/><W32/><G124/><T107/><D33/><U112/><E112/><V87/><F87/><W18/><G0/><T78/><D78/><U101/><E89/><V111/><F21/><N who="3" m="13495" /><G32/><T15/><D107/><U29/><E57/><V31/><F69/><W90/><G68/><T67/><D11/><U86/><E75/><V83/><F83/><W56/><G56/><N who="0" m="37319" /><D43/><U60/><E60/><V104/><F104/><W19/><G71/><T42/><D42/><U122/><E122/><V76/><F76/><W94/><G94/><N who="0" m="54535" /><D91/><U119/><E119/><V54/><F38/><W114/><G114/><T85/><D85/><U132/><E132/><V8/><F8/><W116/><G116/><T93/><D93/><N who="1" m="58575" /><E29/><V106/><F106/><W14/><G66/><T17/><D17/><U130/><E130/><V133/><F133/><W95/><G64/><T41/><D41/><RYUUKYOKU ba="0,0" sc="461,10,106,10,220,10,213,-30" hai0="12,13,15,46,47,53,61" hai1="1,5,16,20,26,37,39,77,82,86" hai2="30,31,44,48,50,51,54,58,63,65,108,109,111" owari="471,57.0,116,-38.0,230,3.0,183,-22.0" /></mjloggm>