<mjloggm ver="2.3"><GO type="169" lobby="0"/><UN n0="%44%53%43" n1="%E3%83%AD%E3%83%83%E3%83%86%E9%9B%80%E7%90%83" n2="%E3%82%A6%E3%83%AB%E3%83%88%E3%83%A9%E7%AB%8B%E7%9B%B4" n3="%79%6F%6A%6F" dan="16,16,17,16" rate="2110.17,2130.34,2175.35,2155.83" sx="F,M,M,F"/><TAIKYOKU oya="0"/><INIT seed="0,0,0,3,4,25" ten="250,250,250,250" oya="0" hai0="31,61,62,59,97,3,74,19,67,60,38,131,109" hai1="13,26,124,90,132,96,18,73,1,29,49,125,39" hai2="95,106,15,114,37,2,129,86,79,57,4,56,133" hai3="14,8,35,119,70,64,135,46,76,94,28,77,110"/><T72/><D3/><U130/><E39/><V103/><F2/><W48/><G119/><T21/><D38/><U0/><E73/><V17/><F37/><W88/><G135/><T91/><D131/><U44/><E96/><N who="2" m="59807" /><F106/><W43/><G110/><T126/><D126/><N who="1" m="48747" /><E90/><V32/><F32/><W107/><G107/><T117/><D117/><U120/><E130/><V69/><F69/><W81/><G81/><T27/><D109/><U55/><E132/><V128/><F114/><W12/><G12/><T99/><D99/><U116/><E120/><V42/><F4/><W92/><G92/><N who="0" m="56479" /><D74/><U47/><E47/><V51/><F133/><W101/><G70/><T113/><D72/><U105/><E105/><V108/><F108/><W127/><G127/><T22/><D113/><U41/><E41/><V40/><F40/><W115/><G115/><T121/><D121/><U9/><E116/><V52/><F42/><W82/><G101/><T122/><D122/><U123/><E123/><V98/><F98/><W10/><G43/><T45/><D45/><U100/><E100/><V111/><F111/><W78/><G46/><T24/><AGARI ba="0,0" hai="19,21,22,24,27,31,59,60,61,62,67" m="56479" machi="24" ten="30,3000,0" yaku="8,1,52,1" doraHai="25" who="0" fromWho="0" sc="250,30,250,-10,250,-10,250,-10" /><INIT seed="0,1,0,2,0,114" ten="280,240,240,240" oya="0" hai0="45,116,106,118,99,77,9,69,70,122,101,105,58" hai1="23,124,78,83,98,90,30,34,135,36,35,109,1" hai2="111,84,80,11,119,130,29,74,28,48,24,125,31" hai3="73,39,86,120,103,42,85,117,134,15,133,18,57"/><T102/><D122/><U64/><E109/><V21/><F74/><W95/><G73/><T60/><D77/><U19/><E1/><V63/><F111/><W113/><G120/><T47/><D9/><U89/><E36/><V115/><F115/><W50/><G113/><T88/><D88/><U96/><E135/><N who="3" m="51722" /><G39/><T104/><D70/><U44/><E124/><V66/><F125/><W108/><G108/><T38/><D69/><U12/><E44/><V20/><F130/><W2/><G2/><T37/><D104/><U91/><E64/><V49/><F119/><W121/><G117/><T0/><D0/><U32/><REACH who="1" step="1"/><E30/><REACH who="1" ten="280,230,240,240" step="2"/><V51/><F29/><W82/><G121/><T3/><D3/><U71/><E71/><V4/><F31/><W107/><G57/><T68/><D68/><U41/><E41/><V46/><F46/><W52/><G42/><T59/><D60/><U128/><E128/><V7/><F66/><W127/><G127/><T40/><D40/><U129/><E129/><V62/><F63/><W67/><G67/><T10/><D10/><U16/><E16/><N who="2" m="12327" /><F11/><W65/><G65/><T72/><D72/><AGARI ba="1,1" hai="12,19,23,32,34,35,72,78,83,89,90,91,96,98" machi="72" ten="50,1600,0" yaku="1,1,53,0" doraHai="114" doraHaiUra="100" who="1" fromWho="0" sc="280,-19,230,29,240,0,240,0" /><INIT seed="1,0,0,0,1,128" ten="261,259,240,240" oya="1" hai0="98,5,126,51,97,130,127,94,37,47,17,42,48" hai1="35,45,89,91,111,84,101,57,121,31,23,25,20" hai2="74,65,8,52,112,75,59,69,15,63,36,86,0" hai3="33,85,90,64,82,134,87,93,13,92,61,118,30"/><U3/><E121/><V38/><F0/><W103/><G118/><T53/><D130/><U54/><E3/><V46/><F112/><W108/><G108/><T2/><D97/><U1/><E1/><V110/><F110/><W28/><G134/><T14/><D2/><U43/><E111/><V50/><F86/><W102/><G13/><T70/><D5/><U119/><E101/><V32/><F32/><W27/><G30/><T67/><D67/><U80/><E91/><V105/><F105/><W39/><G39/><T129/><D70/><U7/><E7/><V124/><F124/><N who="0" m="47658" /><D129/><U55/><E119/><V21/><F21/><W26/><G26/><T77/><D77/><U104/><E104/><V9/><F38/><W56/><REACH who="3" step="1"/><G93/><REACH who="3" ten="261,259,240,230" step="2"/><T22/><D53/><U40/><E55/><V16/><F8/><W76/><AGARI ba="0,1" hai="27,28,33,56,61,64,76,82,85,87,90,92,102,103" machi="76" ten="20,5200,0" yaku="1,1,2,1,0,1,7,1,53,0" doraHai="128" doraHaiUra="71" who="3" fromWho="3" sc="261,-13,259,-26,240,-13,230,62" /><INIT seed="2,0,0,2,2,4" ten="248,233,227,292" oya="2" hai0="89,19,76,99,7,102,35,126,80,14,107,34,111" hai1="36,81,8,74,54,110,121,68,53,85,69,129,106" hai2="43,5,31,13,116,63,10,23,57,118,112,88,50" hai3="120,9,97,51,130,18,87,94,122,33,16,45,30"/><V25/><F112/><W61/><G130/><T66/><D111/><U28/><E110/><V109/><F109/><W134/><G134/><T40/><D66/><U56/><E129/><V20/><F20/><W58/><G87/><T123/><D123/><U70/><E121/><V59/><F59/><W24/><G122/><T12/><D126/><U133/><E133/><V52/><REACH who="2" step="1"/><F88/><REACH who="2" ten="248,233,217,292" step="2"/><W90/><G120/><T38/><D89/><U41/><E56/><V95/><F95/><W64/><REACH who="3" step="1"/><G9/><REACH who="3" ten="248,233,217,282" step="2"/><T125/><D125/><U46/><E8/><V72/><F72/><W29/><G29/><T101/><D35/><U104/><E74/><V132/><F132/><W91/><G91/><T114/><D34/><U15/><E28/><V0/><F0/><W48/><G48/><T62/><D38/><U108/><E108/><V128/><F128/><W93/><G93/><T42/><D107/><U103/><E106/><V3/><F3/><W83/><G83/><T49/><D80/><U73/><E73/><V67/><F67/><W60/><G60/><T105/><D62/><U71/><E104/><V131/><F131/><W127/><G127/><T135/><D49/><U78/><E36/><V96/><F96/><W47/><G47/><AGARI ba="0,2" hai="5,10,13,23,25,31,43,47,50,52,57,63,116,118" machi="47" ten="40,7700,0" yaku="1,1,52,1,54,1,53,0" doraHai="4" doraHaiUra="84" who="2" fromWho="3" sc="248,0,233,0,217,97,282,-77" /><INIT seed="2,1,0,2,5,11" ten="248,233,314,205" oya="2" hai0="121,29,61,23,123,135,122,103,90,48,3,67,105" hai1="131,64,15,27,115,134,73,28,59,86,65,66,31" hai2="110,116,96,2,33,106,111,36,12,79,78,88,56" hai3="40,7,6,87,72,26,58,60,0,68,55,34,91"/><V118/><F2/><W77/><G68/><T47/><D3/><U49/><E115/><V102/><F33/><W16/><G0/><T45/><D135/><U17/><E134/><V89/><F36/><W109/><G109/><N who="2" m="41481" /><F56/><W84/><G72/><T99/><D90/><N who="2" m="34922" /><F12/><W129/><G129/><T127/><D127/><U53/><E73/><V125/><F125/><W9/><G40/><T98/><D98/><U14/><E131/><V71/><F71/><W124/><G124/><T51/><D47/><U37/><E37/><V93/><F93/><N who="3" m="54503" /><G34/><T76/><D76/><AGARI ba="1,0" hai="76,78,79,96,102,106,116,118" m="34922,41481" machi="76" ten="30,12000,1" yaku="14,1,10,1,34,2,54,1" doraHai="11" who="2" fromWho="0" sc="248,-123,233,0,314,123,205,0" /><INIT seed="2,2,0,0,2,47" ten="125,233,437,205" oya="2" hai0="18,71,24,28,89,108,128,93,48,67,134,54,86" hai1="46,61,78,117,38,39,63,22,59,107,121,20,90" hai2="43,34,77,12,91,105,65,33,6,45,25,80,16" hai3="1,96,49,135,68,69,94,15,44,79,110,70,129"/><V112/><F105/><W101/><G1/><T60/><D108/><U127/><E117/><V125/><F112/><W8/><G110/><T103/><D134/><U42/><E127/><V109/><F109/><W29/><G135/><T85/><D128/><U100/><E121/><V83/><F125/><W37/><G29/><T98/><D18/><U132/><E132/><V104/><F104/><W30/><G30/><T106/><D89/><U81/><E39/><V99/><F65/><W4/><G79/><T66/><D66/><U122/><E122/><V115/><F115/><W17/><G129/><T51/><D93/><U3/><E3/><V57/><F57/><W19/><REACH who="3" step="1"/><G37/><REACH who="3" ten="125,233,437,195" step="2"/><T2/><D2/><U10/><E38/><V88/><F77/><W74/><G74/><T120/><D120/><U131/><E78/><V7/><F34/><W35/><G35/><N who="0" m="20871" /><D54/><AGARI ba="2,1" hai="4,8,15,17,19,44,49,54,68,69,70,94,96,101" machi="54" ten="40,5200,0" yaku="1,1,52,1,53,1" doraHai="47" doraHaiUra="9" who="3" fromWho="0" sc="125,-58,233,0,437,0,195,68" /><INIT seed="3,0,0,5,3,59" ten="67,233,437,263" oya="3" hai0="129,81,68,118,108,21,25,48,26,134,19,98,0" hai1="36,76,65,40,102,90,72,17,50,106,123,96,56" hai2="130,12,53,30,119,20,125,8,116,135,82,49,124" hai3="69,31,9,37,5,100,80,45,11,85,115,105,73"/><W62/><G115/><T91/><D108/><U95/><E123/><V92/><F92/><W104/><G9/><T77/><D118/><U109/><E109/><V89/><F130/><W127/><G127/><N who="2" m="48713" /><F135/><W18/><G18/><T23/><D129/><U33/><E33/><V14/><F89/><W60/><G31/><T112/><D0/><U29/><E29/><V10/><F82/><W43/><G73/><T110/><D110/><U1/><E1/><V107/><F107/><W103/><G104/><T35/><D35/><U6/><E6/><N who="2" m="3095" /><F49/><W87/><G87/><T83/><D134/><U57/><E76/><V16/><F53/><W131/><G131/><T27/><D68/><U120/><E72/><V126/><F126/><W7/><G69/><T2/><D112/><U117/><E117/><V114/><F114/><W64/><G64/><T41/><D41/><U128/><E128/><V101/><F101/><W44/><G44/><T4/><D48/><U67/><E50/><V84/><F84/><W133/><G133/><T58/><D58/><U66/><E120/><V51/><F51/><N who="3" m="27071" /><G105/><T75/><D83/><U32/><E106/><V93/><F93/><W97/><G37/><T13/><D91/><U39/><E90/><V79/><F79/><N who="3" m="46239" /><G97/><T74/><D98/><U24/><E39/><V94/><F94/><W34/><G103/><T3/><D75/><U55/><E36/><V63/><F63/><N who="3" m="24107" /><G100/><T86/><D74/><U42/><E102/><V15/><F30/><W52/><G52/><T122/><D86/><U78/><E96/><V99/><F99/><W38/><G38/><RYUUKYOKU ba="0,0" sc="67,-10,233,-10,437,30,263,-10" hai2="10,14,15,16,20,116,119" /><INIT seed="4,1,0,0,4,130" ten="57,223,467,253" oya="0" hai0="22,95,23,54,6,115,25,15,48,37,20,76,1" hai1="30,125,44,92,0,3,70,41,123,81,4,101,133" hai2="8,12,71,11,90,77,13,134,132,131,79,135,88" hai3="85,7,36,2,75,110,55,39,26,65,97,114,52"/><T107/><D107/><U60/><E123/><V111/><F71/><W87/><G110/><T67/><D37/><U10/><E125/><V66/><F66/><W78/><G65/><T96/><D115/><U34/><E0/><V120/><F131/><W104/><G7/><T5/><D76/><U56/><E70/><V17/><F111/><W102/><G2/><T58/><D1/><U64/><E81/><V47/><F47/><W61/><G75/><T28/><D67/><U109/><E109/><V59/><F59/><W69/><G69/><T32/><REACH who="0" step="1"/><D15/><REACH who="0" ten="47,223,467,253" step="2"/><U116/><E64/><V46/><F79/><W24/><G78/><T51/><D51/><U40/><E3/><V57/><F77/><W74/><G104/><T38/><D38/><U112/><E112/><V119/><F13/><W42/><G36/><T21/><N who="0" m="5632" /><DORA hai="124" /><T31/><D31/><U73/><E30/><V99/><F12/><W16/><G39/><T98/><D98/><U118/><E118/><V27/><F99/><W121/><G97/><T83/><D83/><U80/><E80/><V43/><F119/><W127/><G114/><T62/><D62/><U35/><E60/><V84/><F120/><W14/><G61/><T122/><D122/><U68/><E116/><V9/><F27/><W105/><G26/><T108/><D108/><U29/><E29/><V50/><F50/><W94/><G24/><T86/><D86/><U63/><E63/><V18/><F84/><W126/><G87/><T117/><D117/><U100/><E68/><V82/><F82/><W91/><G85/><T19/><D19/><RYUUKYOKU ba="1,1" sc="47,30,223,-10,467,-10,253,-10" hai0="5,6,25,28,32,48,54,58,95,96" /><INIT seed="4,2,1,2,2,78" ten="77,213,457,243" oya="0" hai0="106,67,135,33,5,60,110,129,48,90,22,123,112" hai1="52,42,111,19,86,32,74,62,63,108,61,93,43" hai2="73,114,75,40,99,95,128,107,34,6,91,2,36" hai3="26,9,1,89,18,16,125,27,84,98,94,53,20"/><T24/><D123/><U55/><E74/><V87/><F34/><W51/><G125/><T10/><D106/><U11/><E32/><V122/><F122/><W25/><G1/><T15/><D112/><U13/><E111/><V7/><F75/><W31/><G9/><T66/><D110/><U0/><E0/><V79/><F128/><W50/><G50/><T102/><D129/><U37/><E108/><V23/><F2/><W69/><G69/><T56/><D135/><U130/><E130/><V119/><F119/><W120/><G120/><T14/><D33/><U12/><E12/><V64/><F64/><W47/><G31/><T8/><D102/><U83/><E93/><V133/><F23/><N who="3" m="13543" /><G27/><T85/><D48/><U35/><E35/><V80/><F133/><W131/><G131/><T97/><D97/><AGARI ba="2,1" hai="18,20,26,47,51,53,84,89,94,97,98" m="13543" machi="97" ten="30,2000,0" yaku="8,1,54,1" doraHai="78" who="3" fromWho="0" sc="77,-26,213,0,457,0,243,36" /><INIT seed="5,0,0,5,1,45" ten="51,213,457,279" oya="1" hai0="129,124,132,92,35,29,3,81,95,36,41,91,51" hai1="28,67,109,104,52,12,83,113,68,74,1,90,46" hai2="22,18,8,33,107,59,24,80,25,39,13,94,79" hai3="14,78,76,75,118,108,114,97,56,32,64,30,69"/><U100/><E1/><V58/><F107/><W101/><G108/><T40/><D3/><U15/><E109/><V131/><F39/><W9/><G56/><T71/><D71/><U2/><E2/><V133/><F133/><W66/><G66/><T57/><D132/><U19/><E113/><V54/><F131/><W98/><G98/><T93/><D129/><U5/><E28/><V21/><F94/><W123/><G123/><T34/><D124/><U87/><E74/><V0/><F0/><W125/><G114/><T17/><D36/><U38/><E5/><V6/><F33/><W82/><G78/><T70/><D70/><U112/><E112/><V23/><F59/><W50/><G50/><T105/><D105/><U130/><E130/><V99/><F99/><W48/><G48/><T11/><D35/><U47/><E100/><V7/><F7/><W102/><G118/><T122/><D122/><U89/><E104/><V53/><F53/><W128/><G125/><T116/><D116/><U96/><E38/><V62/><F25/><W49/><G30/><T73/><D34/><U55/><E67/><V106/><F106/><W72/><G72/><AGARI ba="0,0" hai="6,8,13,18,21,22,23,24,54,58,62,72,79,80" machi="72" ten="30,1000,0" yaku="7,1" doraHai="45" who="2" fromWho="3" sc="51,0,213,0,457,10,279,-10" /><INIT seed="6,0,0,3,3,73" ten="51,213,467,269" oya="2" hai0="38,107,40,94,46,10,58,34,81,42,48,96,68" hai1="3,128,23,5,57,101,41,15,61,52,102,115,51" hai2="95,66,18,8,12,129,27,134,112,11,29,35,1" hai3="98,85,93,75,114,122,76,32,39,133,131,124,24"/><V53/><F66/><W50/><G50/><T4/><D34/><U108/><E108/><V119/><F119/><W100/><G24/><T99/><D68/><U111/><E111/><V20/><F129/><W37/><G37/><T7/><D7/><U123/><E115/><V84/><F112/><W36/><G36/><T109/><D109/><U121/><E128/><V86/><F134/><W16/><G39/><T45/><D107/><U43/><E3/><V33/><F33/><W92/><G16/><T79/><D58/><U125/><E125/><V91/><F53/><W87/><G32/><T135/><D94/><U80/><E80/><V77/><F1/><W78/><G114/><T28/><D28/><U65/><E123/><V97/><F35/><W44/><G44/><T13/><D135/><U71/><E121/><V17/><F11/><W126/><G131/><T56/><D56/><N who="1" m="32799" /><E71/><V70/><F70/><W2/><G2/><T30/><D30/><U49/><E49/><V47/><F47/><W22/><G22/><T72/><REACH who="0" step="1"/><D72/><REACH who="0" ten="41,213,467,269" step="2"/><U14/><E5/><V132/><F132/><W25/><G75/><T19/><D19/><U127/><E57/><V89/><F18/><W63/><G133/><T60/><D60/><U74/><E61/><V6/><F17/><W120/><G63/><T88/><D88/><U59/><E59/><V0/><F29/><W83/><G25/><T21/><D21/><U82/><E23/><V116/><F20/><W64/><G92/><T31/><D31/><U54/><E74/><V90/><F95/><W9/><G93/><T69/><D69/><RYUUKYOKU ba="0,1" sc="41,30,213,-10,467,-10,269,-10" hai0="4,10,13,38,40,42,45,46,48,79,81,96,99" /><INIT seed="7,1,1,5,4,131" ten="71,203,457,259" oya="3" hai0="93,112,18,62,10,132,13,12,43,122,42,54,91" hai1="0,97,3,23,55,101,51,124,2,113,71,53,29" hai2="40,9,4,105,116,135,56,121,37,110,64,90,45" hai3="92,125,85,35,94,100,49,129,36,44,82,114,87"/><W134/><G35/><T75/><D75/><U38/><E113/><V68/><F135/><W109/><G134/><T118/><D122/><U32/><E38/><V41/><F105/><W33/><G33/><T50/><D118/><U95/><E71/><V89/><F110/><W70/><G70/><T127/><D112/><U17/><E124/><V119/><F121/><W67/><G67/><T77/><D77/><U86/><E86/><V21/><F68/><W58/><G58/><T106/><D106/><U76/><E76/><V88/><F41/><W104/><G49/><T30/><D30/><U65/><E65/><V117/><F21/><W11/><G11/><T46/><D127/><U31/><E32/><V16/><F56/><W80/><G44/><T25/><D132/><U1/><E1/><V48/><F64/><W99/><G36/><T73/><D73/><U133/><E133/><V47/><F47/><W19/><G19/><T103/><D103/><U22/><E22/><V39/><REACH who="2" step="1"/><F16/><REACH who="2" ten="71,203,447,259" step="2"/><W96/><G109/><T120/><D120/><U20/><E20/><V61/><F61/><W84/><G114/><T7/><D62/><U27/><REACH who="1" step="1"/><E55/><REACH who="1" ten="71,193,447,259" step="2"/><V5/><F5/><W81/><G125/><T15/><D25/><U72/><E72/><V59/><F59/><AGARI ba="1,3" hai="0,2,3,17,23,27,29,31,51,53,59,95,97,101" machi="59" ten="40,1300,0" yaku="1,1,53,0" doraHai="131" doraHaiUra="115" who="1" fromWho="2" sc="71,0,193,46,447,-16,259,0" owari="71,-43.0,239,-16.0,431,53.0,259,6.0" /></mjloggm>