<mjloggm ver="2.3"><GO type="97" lobby="0"/><UN n0="%E5%B0%B1%E6%B4%BB%E7%94%9F%40%E5%B7%9D%E6%9D%91%E8%BB%8D%E5%9B%A3" n1="%E4%BA%8C%E9%9A%8E%E5%A0%82%E6%AF%94%E9%9C%B2" n2="%34%3A%31%35" n3="%E5%8F%8C%E6%B5%B7%E4%BA%9C%E7%BE%8E" dan="15,15,13,14" rate="2055.11,1942.78,1832.33,2137.88" sx="M,M,M,F"/><TAIKYOKU oya="0"/><INIT seed="0,0,0,4,4,78" ten="250,250,250,250" oya="0" hai0="31,40,17,99,102,70,97,124,12,135,118,47,41" hai1="30,133,96,129,49,63,51,108,79,23,61,58,3" hai2="103,13,16,59,6,76,7,113,20,126,44,9,4" hai3="1,67,55,71,106,10,64,77,38,134,104,62,110"/><T65/><D118/><U100/><E3/><V8/><F113/><W119/><G119/><T93/><D135/><U42/><E108/><V60/><F126/><W0/><G55/><T94/><D31/><U32/><E32/><V11/><F103/><W84/><G84/><T117/><D117/><U33/><E33/><V87/><F44/><W39/><G110/><T34/><D34/><U130/><E133/><V68/><F68/><N who="3" m="42007" /><G134/><T86/><D86/><U81/><E30/><V36/><F36/><N who="3" m="13867" /><G77/><T26/><D26/><U14/><E14/><V132/><F132/><W21/><G21/><T43/><D124/><U69/><E23/><V120/><F120/><W101/><G101/><T25/><D25/><U28/><E28/><V98/><F98/><W75/><G75/><T15/><D47/><U80/><E79/><V18/><F18/><W105/><G10/><T88/><REACH who="0" step="1"/><D17/><REACH who="0" ten="240,250,250,250" step="2"/><U127/><E127/><V114/><F114/><W115/><G115/><T66/><D66/><U131/><E131/><V72/><F72/><W74/><G74/><T22/><D22/><U125/><E125/><V53/><F76/><W90/><G67/><T107/><D107/><U56/><E130/><V37/><F87/><W123/><G105/><T27/><D27/><U112/><E112/><V48/><F37/><W89/><G104/><T121/><D121/><U82/><E129/><V95/><F95/><W57/><G106/><T111/><D111/><U2/><E69/><V5/><N who="2" m="1536" /><DORA hai="91" /><V46/><REACH who="2" step="1"/><F9/><REACH who="2" ten="240,250,240,250" step="2"/><W116/><G71/><T85/><D85/><U128/><E128/><V109/><F109/><RYUUKYOKU ba="0,2" sc="240,15,250,-15,240,15,250,-15" hai0="12,15,40,41,43,65,70,88,93,94,97,99,102" hai2="8,11,13,16,20,46,48,53,59,60" /><INIT seed="0,1,2,3,5,133" ten="255,235,255,235" oya="0" hai0="52,114,46,34,54,64,66,113,14,1,125,31,23" hai1="111,50,79,73,75,131,86,90,102,95,57,58,20" hai2="115,101,9,62,28,110,11,61,59,22,30,48,53" hai3="27,72,85,10,38,0,107,119,132,65,106,82,103"/><T69/><D1/><U78/><E111/><V63/><F115/><W68/><G119/><T105/><D34/><U84/><E20/><V21/><F110/><W40/><G85/><N who="1" m="32874" /><E50/><V67/><F101/><W33/><G132/><T122/><D105/><U109/><E109/><V104/><F104/><W37/><G103/><T49/><D122/><U26/><E26/><N who="2" m="16463" /><F67/><W124/><G124/><T112/><D125/><U3/><E3/><V47/><F47/><N who="3" m="23951" /><G38/><T83/><D69/><U76/><E58/><V32/><F32/><W120/><G120/><T98/><D83/><U121/><E57/><V55/><F55/><W123/><G123/><T128/><D128/><U17/><E131/><V5/><F5/><N who="3" m="1319" /><G65/><T87/><D87/><N who="1" m="52703" /><E17/><V43/><F43/><W118/><G68/><T97/><D54/><U77/><E121/><V24/><AGARI ba="1,2" hai="9,11,22,24,30,48,53,59,61,62,63" m="16463" machi="24" ten="30,1100,0" yaku="8,1" doraHai="133" who="2" fromWho="2" sc="255,-6,235,-4,255,34,235,-4" /><INIT seed="1,0,0,4,5,59" ten="249,231,289,231" oya="1" hai0="64,47,121,88,62,35,24,6,57,85,103,65,63" hai1="56,48,26,66,33,122,125,43,38,118,111,25,94" hai2="90,60,120,131,117,52,98,42,40,39,21,100,50" hai3="69,84,36,4,17,127,12,14,15,20,75,134,18"/><U105/><E122/><V91/><F120/><W0/><G36/><T115/><D115/><U31/><E125/><V107/><F117/><W61/><G75/><T67/><D121/><U135/><E135/><V99/><F131/><W22/><G69/><T19/><D6/><U116/><E105/><V2/><F2/><W51/><G51/><T74/><D74/><U104/><E104/><V108/><F108/><W55/><G127/><T1/><D1/><U113/><E113/><V106/><F39/><W124/><G124/><T58/><D103/><U23/><E38/><V129/><F129/><W32/><G32/><T79/><D79/><U132/><E132/><V86/><F106/><W89/><G134/><T109/><D47/><U101/><E111/><V76/><F76/><W30/><G30/><T71/><D71/><U92/><E118/><V102/><F21/><N who="3" m="8299" /><G4/><T5/><D5/><U41/><E116/><V28/><F28/><W119/><G0/><T130/><D130/><U13/><E13/><V82/><F91/><W83/><G119/><T10/><D35/><U72/><E72/><V73/><F73/><W68/><G68/><T54/><D24/><U7/><E7/><V27/><F27/><W93/><G83/><N who="0" m="49215" /><D109/><U77/><E77/><V44/><F107/><W123/><G123/><T70/><D70/><U96/><E94/><V126/><F126/><W80/><G80/><T81/><D81/><U97/><E97/><N who="2" m="36875" /><F42/><W16/><G14/><AGARI ba="0,0" hai="10,14,19,54,57,58,62,63,64,65,67" m="49215" machi="14" ten="30,7700,0" yaku="8,1,52,2,54,1" doraHai="59" who="0" fromWho="3" sc="249,77,231,0,289,0,231,-77" /><INIT seed="2,0,0,1,0,27" ten="326,231,289,154" oya="2" hai0="46,56,43,13,50,135,69,16,66,97,15,106,85" hai1="88,60,28,47,34,8,73,57,61,72,74,45,75" hai2="20,4,42,49,125,2,108,29,114,10,70,77,67" hai3="76,12,6,82,41,115,37,53,0,39,7,35,5"/><V25/><F114/><W32/><G0/><T54/><D135/><U48/><E72/><V93/><F125/><W92/><G115/><T51/><D15/><U21/><E34/><V62/><F77/><W86/><G12/><T1/><D1/><U119/><E119/><V19/><F108/><W102/><G53/><T110/><D110/><U96/><E8/><V22/><F93/><W132/><G132/><T120/><D120/><U63/><E57/><V79/><F79/><W80/><G41/><T113/><D113/><U36/><E36/><V9/><F9/><W122/><G122/><T112/><D85/><U71/><E71/><V91/><F91/><W127/><G80/><T24/><D24/><U30/><E21/><V26/><F42/><W133/><G133/><T105/><D97/><U98/><E88/><V100/><REACH who="2" step="1"/><F49/><REACH who="2" ten="326,231,279,154" step="2"/><W81/><G81/><T52/><D112/><U18/><E48/><V87/><F87/><N who="3" m="48583" /><G127/><T134/><D134/><U130/><E130/><V58/><F58/><W3/><G3/><T40/><D106/><U126/><E126/><V107/><F107/><W89/><G102/><AGARI ba="0,1" hai="2,4,10,19,20,22,25,26,29,62,67,70,100,102" machi="102" ten="40,12000,1" yaku="1,1,52,1,53,2" doraHai="27" doraHaiUra="99" who="2" fromWho="3" sc="326,0,231,0,279,130,154,-120" /><INIT seed="2,1,0,0,1,41" ten="326,231,409,34" oya="2" hai0="99,102,43,40,100,49,19,65,58,94,38,10,17" hai1="53,27,84,77,82,95,107,12,122,1,80,34,118" hai2="73,4,101,97,60,89,111,123,133,104,68,46,117" hai3="33,83,134,76,87,121,69,108,52,3,35,81,55"/><V116/><F123/><W0/><G121/><T42/><D38/><U92/><E118/><V26/><F73/><W74/><G108/><T21/><D102/><U132/><E107/><V71/><F111/><W98/><G134/><T59/><D10/><U130/><E132/><V91/><F133/><W79/><G98/><T125/><D125/><U85/><E1/><V7/><F26/><W29/><G69/><T131/><D131/><U45/><E130/><V57/><F71/><W103/><G103/><T114/><D114/><U70/><E70/><V51/><F68/><W129/><G129/><T47/><D19/><U126/><E126/><V13/><F116/><W93/><G93/><T50/><D65/><U5/><E34/><V61/><F61/><W20/><G20/><T31/><D31/><U18/><E27/><V6/><F13/><W72/><REACH who="3" step="1"/><G87/><REACH who="3" ten="326,231,409,24" step="2"/><T62/><D21/><U39/><E122/><V56/><F117/><W88/><G88/><T2/><D94/><U135/><E135/><V25/><F91/><W15/><G15/><T128/><D100/><U9/><E92/><N who="2" m="56463" /><F104/><W113/><G113/><T115/><D99/><U119/><E95/><V124/><F101/><W11/><G11/><T63/><D2/><U8/><E119/><V66/><F124/><W44/><G44/><N who="0" m="25735" /><D128/><U64/><E85/><V90/><F90/><W127/><G127/><T96/><D96/><U54/><E84/><V37/><F25/><W24/><G24/><T32/><D115/><U30/><E8/><V16/><F4/><W67/><G67/><T106/><D106/><U110/><E64/><RYUUKYOKU ba="1,1" sc="326,-10,231,-10,409,-10,24,30" hai3="0,3,29,33,35,52,55,72,74,76,79,81,83" /><INIT seed="3,2,1,2,5,42" ten="316,221,399,54" oya="3" hai0="19,34,97,28,108,118,0,9,72,90,106,36,70" hai1="101,41,14,32,5,55,33,50,86,105,74,8,80" hai2="120,96,126,47,109,115,124,48,62,4,123,71,93" hai3="54,57,25,39,22,31,82,7,26,59,30,51,53"/><W83/><G39/><T103/><D72/><U110/><E110/><V65/><F109/><W77/><G7/><T2/><D108/><U134/><E134/><V44/><F4/><W43/><G43/><T46/><D118/><U107/><E74/><V15/><F15/><W38/><G38/><T89/><D70/><U60/><E60/><V114/><F93/><W13/><G13/><T104/><D104/><U117/><E117/><V64/><F96/><W37/><G37/><T95/><D89/><U88/><E41/><N who="2" m="24591" /><F64/><W98/><G98/><T111/><D111/><U112/><E112/><N who="2" m="43051" /><F47/><W116/><G116/><T91/><D91/><U56/><E107/><V130/><F130/><W73/><G82/><T127/><D127/><AGARI ba="2,1" hai="62,65,71,120,123,124,126,127" m="43051,24591" machi="127" ten="30,7700,0" yaku="18,1,34,2,52,1" doraHai="42" who="2" fromWho="0" sc="316,-83,221,0,399,93,54,0" owari="233,3.0,221,-18.0,492,60.0,54,-45.0" /></mjloggm>