<mjloggm ver="2.3"><GO type="169" lobby="0"/><UN n0="%E5%BC%B7%E6%AC%B2%E7%8B%82%E6%88%A6%E5%A3%AB" n1="%E9%9D%92%E3%83%99%E3%82%AC" n2="%E3%82%A6%E3%83%AB%E3%83%88%E3%83%A9%E7%AB%8B%E7%9B%B4" n3="%E9%9B%80%E6%97%A5%E9%80%A3%E7%99%BD%E6%B3%A2%E7%80%AC" dan="16,16,16,16" rate="2090.18,2036.39,2105.17,2083.37" sx="M,F,M,M"/><TAIKYOKU oya="0"/><INIT seed="0,0,0,0,2,53" ten="250,250,250,250" oya="0" hai0="9,21,36,2,77,46,96,16,88,119,44,81,58" hai1="126,92,27,101,97,65,100,85,104,48,20,78,114" hai2="6,33,4,99,52,60,23,109,30,37,41,132,110" hai3="26,45,22,42,34,89,57,83,14,80,127,38,0"/><T11/><D119/><U32/><E32/><V90/><F33/><W82/><G0/><T17/><D36/><U125/><E65/><V117/><F132/><W134/><G134/><T63/><D2/><U62/><E62/><V75/><F75/><W29/><G127/><N who="1" m="48650" /><E48/><V108/><F117/><W86/><G34/><T50/><D17/><N who="1" m="12687" /><E104/><V123/><F123/><W74/><G74/><T98/><D98/><U73/><E73/><V66/><F66/><W76/><G76/><T116/><D116/><U24/><E24/><N who="2" m="16671" /><F41/><W5/><G5/><T12/><D77/><U54/><E54/><V84/><F99/><W106/><G14/><T103/><D103/><N who="1" m="60839" /><E114/><V35/><F37/><W130/><G106/><T19/><D19/><U68/><E68/><V118/><F35/><W112/><G112/><T49/><D49/><U43/><E43/><V13/><F118/><W93/><REACH who="3" step="1"/><G130/><REACH who="3" ten="250,250,250,240" step="2"/><T124/><D124/><U47/><E78/><V122/><F122/><W135/><G135/><T64/><D96/><U91/><E47/><N who="0" m="17961" /><D50/><U55/><E85/><AGARI ba="0,1" hai="9,11,12,16,21,58,63,64,81,85,88" m="17961" machi="85" ten="30,11600,0" yaku="8,1,52,1,54,2" doraHai="53" who="0" fromWho="1" sc="250,126,250,-116,250,0,240,0" /><INIT seed="0,1,0,0,4,103" ten="376,134,250,240" oya="0" hai0="115,79,48,51,85,36,135,15,63,53,131,94,71" hai1="7,75,31,93,122,57,9,99,62,5,27,98,106" hai2="19,116,2,14,133,32,33,68,100,130,86,49,13" hai3="59,81,108,54,76,1,56,97,47,101,37,112,90"/><T65/><D115/><U117/><E75/><V91/><F68/><W41/><G112/><T84/><D36/><U22/><E122/><V12/><F2/><W25/><G108/><T104/><D104/><U46/><E117/><V35/><F116/><W58/><G90/><T42/><D135/><U23/><E46/><V67/><F133/><W111/><G111/><T16/><D131/><U128/><E128/><V72/><F72/><W24/><G1/><T38/><D38/><U55/><E23/><V20/><F67/><W109/><G109/><T87/><D42/><U118/><E118/><V127/><F127/><W17/><G17/><T52/><D79/><U45/><E9/><V0/><F0/><W95/><REACH who="3" step="1"/><G54/><REACH who="3" ten="376,134,250,230" step="2"/><T21/><D53/><U96/><E55/><V11/><F130/><W66/><G66/><T89/><REACH who="0" step="1"/><D48/><REACH who="0" ten="366,134,250,230" step="2"/><U44/><E5/><V114/><F49/><W77/><G77/><T64/><D64/><U82/><E7/><V78/><F78/><W120/><G120/><T3/><D3/><U30/><E30/><V129/><F129/><W26/><G26/><T121/><D121/><U29/><E31/><V18/><F114/><W134/><G134/><T125/><D125/><U70/><E29/><V10/><F14/><W126/><G126/><T50/><D50/><U107/><E27/><V132/><F132/><W39/><G39/><T119/><D119/><U123/><E123/><V61/><F13/><W8/><G8/><T40/><D40/><U92/><E70/><V88/><F11/><W69/><G69/><T74/><D74/><AGARI ba="1,2" hai="24,25,37,41,47,56,58,59,74,76,81,95,97,101" machi="74" ten="40,2600,0" yaku="1,1,53,1" doraHai="103" doraHaiUra="105" who="3" fromWho="0" sc="366,-29,134,0,250,0,230,49" /><INIT seed="1,0,0,2,5,109" ten="337,134,250,279" oya="1" hai0="64,106,122,126,85,83,74,23,10,27,1,75,77" hai1="97,102,20,8,37,62,22,40,26,93,33,134,57" hai2="7,39,21,88,108,50,24,81,14,96,43,90,78" hai3="133,17,99,92,52,68,125,112,65,32,49,72,3"/><U103/><E134/><V44/><F39/><W118/><G133/><T61/><D106/><U5/><E103/><V128/><F128/><W100/><G3/><T45/><D126/><U42/><E37/><V59/><F108/><W79/><G125/><T2/><D122/><U56/><E33/><V84/><F59/><W80/><G118/><T47/><D75/><U69/><E69/><V51/><F51/><W12/><G32/><T130/><D130/><U13/><E57/><V19/><F96/><W70/><G65/><T60/><D74/><U71/><E71/><V9/><AGARI ba="0,0" hai="7,9,14,19,21,24,43,44,50,78,81,84,88,90" machi="9" ten="30,8000,1" yaku="0,1,25,2,8,1,54,1" doraHai="109" who="2" fromWho="2" sc="337,-20,134,-40,250,80,279,-20" /><INIT seed="2,0,0,1,3,98" ten="317,94,330,259" oya="2" hai0="86,108,107,35,66,69,1,37,7,13,67,72,116" hai1="51,93,18,56,100,57,132,17,5,110,15,29,91" hai2="125,89,61,92,85,64,42,16,103,128,62,28,127" hai3="82,135,112,99,76,53,111,8,90,121,25,96,21"/><V94/><F28/><W10/><G121/><T0/><D13/><U87/><E132/><V73/><F73/><W74/><G135/><T123/><D86/><U38/><E38/><V102/><F42/><W80/><G111/><T77/><D77/><U45/><E110/><V31/><F31/><W126/><G126/><N who="2" m="48137" /><F128/><W133/><G133/><T27/><D66/><U6/><E29/><V117/><F117/><W36/><G112/><T101/><D123/><U19/><E15/><V97/><F16/><W130/><G36/><T70/><D72/><U63/><E100/><N who="2" m="60455" /><F61/><W71/><G130/><T9/><D0/><U54/><REACH who="1" step="1"/><E57/><AGARI ba="0,0" hai="57,62,64,85,89,94,102,103" m="60455,48137" machi="57" ten="30,11600,0" yaku="18,1,52,3" doraHai="98" who="2" fromWho="1" sc="317,0,94,-116,330,116,259,0" owari="317,12.0,-22,-52.0,446,54.0,259,-14.0" /></mjloggm>