<mjloggm ver="2.3"><GO type="169" lobby="0"/><UN n0="%30%30%73%61%69" n1="%E5%B0%B1%E6%B4%BB%E7%94%9F%40%E5%B7%9D%E6%9D%91%E8%BB%8D%E5%9B%A3" n2="%E8%A1%80%E7%85%99" n3="%E3%82%AF%E3%83%AD%E3%83%8E%E3%82%B9%40" dan="18,16,16,18" rate="2165.32,2121.77,2044.77,2199.87" sx="M,M,M,M"/><TAIKYOKU oya="0"/><INIT seed="0,0,0,2,2,8" ten="250,250,250,250" oya="0" hai0="70,7,109,125,74,35,67,49,112,119,113,128,25" hai1="131,1,78,15,20,95,90,83,2,19,65,33,41" hai2="43,9,60,64,72,117,105,29,38,129,6,82,135" hai3="81,106,46,57,21,22,68,86,99,59,26,30,23"/><T110/><D74/><U55/><E33/><V104/><F117/><W40/><G68/><T0/><D119/><U32/><E32/><V96/><F135/><W80/><G106/><T103/><D103/><U44/><E65/><V61/><F29/><W107/><G107/><T85/><D85/><U75/><E55/><V84/><F61/><W54/><G99/><T53/><D7/><U39/><REACH who="1" step="1"/><E131/><REACH who="1" ten="250,240,250,250" step="2"/><V79/><F64/><W133/><G133/><T76/><D128/><U37/><E37/><V130/><F38/><W118/><G118/><T50/><D53/><U94/><E94/><V124/><F129/><W45/><G81/><T89/><D67/><U101/><E101/><V42/><F82/><W11/><G40/><T77/><D70/><U97/><AGARI ba="0,1" hai="1,2,15,19,20,39,41,44,75,78,83,90,95,97" machi="97" ten="20,5200,0" yaku="1,1,0,1,7,1,52,1,53,0" doraHai="8" doraHaiUra="5" who="1" fromWho="1" sc="250,-26,240,62,250,-13,250,-13" /><INIT seed="1,0,0,5,2,35" ten="224,302,237,237" oya="1" hai0="16,2,23,37,5,90,22,116,47,19,48,43,30" hai1="69,40,75,13,72,60,134,50,34,87,52,130,124" hai2="45,77,107,9,81,100,127,83,33,26,74,99,65" hai3="28,39,63,41,10,20,15,31,118,55,73,112,95"/><U0/><E34/><V97/><F127/><W92/><G112/><T12/><D116/><U78/><E40/><V82/><F97/><W103/><G118/><T120/><D120/><U59/><E130/><V128/><F128/><W121/><G73/><T62/><D30/><U80/><E134/><V133/><F133/><W51/><G121/><T132/><D132/><U44/><E124/><V7/><F65/><W119/><G63/><T114/><D114/><U89/><E69/><V86/><F45/><W96/><G119/><T68/><D37/><U131/><E131/><V111/><F111/><W76/><G76/><T14/><D90/><U21/><E0/><V84/><F86/><W67/><G67/><T125/><D125/><U108/><E108/><V98/><F99/><W36/><G95/><T42/><D42/><U1/><E1/><V115/><F115/><W85/><G85/><T27/><D27/><U46/><E60/><V109/><F109/><W54/><G41/><T66/><D5/><U88/><E75/><V58/><F74/><W94/><G94/><T4/><D4/><U53/><E53/><N who="3" m="19978" /><G51/><T70/><REACH who="0" step="1"/><D2/><REACH who="0" ten="214,302,237,237" step="2"/><U106/><E89/><V110/><F7/><N who="3" m="3551" /><G31/><T122/><D122/><U8/><E78/><V29/><F77/><W17/><G28/><T6/><D6/><U64/><E88/><V135/><F110/><W102/><G102/><T113/><D113/><U71/><E80/><V57/><F82/><W32/><G32/><T18/><D18/><U91/><E91/><V25/><F83/><W79/><G79/><T56/><AGARI ba="0,1" hai="12,14,16,19,22,23,43,47,48,56,62,66,68,70" machi="56" ten="20,8000,1" yaku="1,1,0,1,7,1,9,1,54,1,53,0" doraHai="35" doraHaiUra="3" who="0" fromWho="0" sc="214,90,302,-40,237,-20,237,-20" /><INIT seed="2,0,0,3,5,13" ten="304,262,217,217" oya="2" hai0="6,9,86,72,126,109,66,100,99,135,50,22,95" hai1="97,24,0,53,41,18,46,27,16,68,82,23,34" hai2="36,91,114,56,25,127,96,49,57,107,42,65,105" hai3="77,121,76,67,134,4,1,74,129,29,12,55,115"/><V40/><F114/><W5/><G115/><T111/><D72/><U39/><E0/><V2/><F2/><W128/><G121/><T80/><D66/><U64/><E68/><V118/><F118/><W11/><G134/><T19/><D135/><U123/><E64/><V58/><F36/><W59/><G67/><T103/><D50/><U132/><E132/><V60/><F127/><W28/><G28/><T98/><D126/><U94/><E123/><V20/><F105/><W108/><G29/><T70/><D70/><U21/><E82/><V44/><F42/><W15/><G108/><T61/><D61/><U48/><E34/><V8/><F8/><N who="3" m="4103" /><G1/><T119/><D119/><U116/><E116/><V120/><F120/><W92/><G92/><T133/><D133/><U122/><E122/><V51/><F51/><N who="3" m="31231" /><G74/><T7/><D111/><U90/><E39/><V75/><F75/><W62/><G62/><T110/><D110/><U130/><E130/><AGARI ba="0,0" hai="5,11,15,76,77,128,129,130" m="31231,4103" machi="130" ten="30,1000,0" yaku="19,1" doraHai="13" who="3" fromWho="1" sc="304,0,262,-10,217,0,217,10" /><INIT seed="3,0,0,5,4,114" ten="304,252,217,227" oya="3" hai0="69,135,92,111,38,4,102,133,64,53,131,42,40" hai1="3,79,103,9,48,45,52,87,10,6,123,51,30" hai2="96,20,117,24,128,124,98,95,81,44,49,33,97" hai3="86,112,89,59,71,70,21,127,90,58,63,54,119"/><W43/><G112/><T8/><D38/><U101/><E30/><V121/><F33/><W50/><G127/><T25/><D111/><U88/><E79/><V57/><F121/><W118/><G89/><T109/><D109/><U1/><E123/><V66/><F124/><W47/><G21/><T72/><D72/><U41/><E3/><V12/><F12/><W14/><G14/><T91/><D102/><U5/><E5/><V56/><F128/><W68/><REACH who="3" step="1"/><G58/><REACH who="3" ten="304,252,217,217" step="2"/><T28/><D91/><U99/><E9/><V122/><F57/><W65/><G65/><T27/><D64/><U116/><E116/><V78/><F56/><W73/><G73/><T126/><D8/><U62/><E101/><V67/><F117/><W0/><G0/><T80/><D126/><U32/><E32/><V76/><F20/><W22/><G22/><T37/><D27/><U34/><E34/><V108/><F24/><W26/><G26/><T113/><D25/><U129/><E103/><V36/><F67/><W84/><G84/><T15/><D15/><U74/><E74/><V55/><F66/><W7/><G7/><T39/><D4/><U104/><E87/><V106/><F108/><W61/><G61/><T94/><D113/><U93/><E62/><V83/><F122/><W100/><G100/><T19/><D28/><U23/><E23/><V35/><F35/><W132/><G132/><T75/><D133/><U85/><E129/><V31/><F31/><W115/><G115/><T29/><D131/><U18/><E85/><V16/><F16/><W82/><AGARI ba="0,1" hai="43,47,50,54,59,63,68,70,71,82,86,90,118,119" machi="82" ten="30,11700,0" yaku="1,1,0,1,52,2,53,0" doraHai="114" doraHaiUra="125" who="3" fromWho="3" sc="304,-39,252,-39,217,-39,217,127" /><INIT seed="3,1,0,1,5,78" ten="265,213,178,344" oya="3" hai0="98,124,41,71,133,117,132,52,46,11,37,27,6" hai1="88,8,72,89,87,114,121,75,65,32,54,127,28" hai2="120,112,15,9,42,12,99,18,0,38,51,90,53" hai3="23,76,107,62,83,49,135,80,3,82,128,81,40"/><W70/><G107/><T5/><D117/><U134/><E114/><V123/><F112/><W102/><G3/><T26/><D71/><U95/><E65/><V73/><F73/><W34/><G34/><T13/><D124/><U55/><E134/><N who="0" m="51817" /><D98/><U111/><E111/><V125/><F0/><W101/><G135/><T25/><D52/><U56/><E127/><V94/><F125/><W45/><G128/><T108/><D108/><U77/><E77/><V69/><F69/><W50/><G70/><T21/><D5/><U66/><E66/><V122/><F42/><W61/><G50/><T103/><D103/><N who="3" m="39433" /><G23/><AGARI ba="1,0" hai="6,11,13,21,23,25,26,27,37,41,46" m="51817" machi="23" ten="30,1000,0" yaku="20,1" doraHai="78" who="0" fromWho="3" sc="265,13,213,0,178,0,344,-13" /><INIT seed="4,0,0,4,5,2" ten="278,213,178,331" oya="0" hai0="76,113,99,55,120,22,31,34,65,35,68,43,5" hai1="10,103,54,49,52,40,117,93,27,15,14,50,20" hai2="60,13,129,71,122,88,81,23,78,115,133,11,64" hai3="73,51,7,114,89,118,108,96,45,63,9,101,85"/><T42/><D120/><U112/><E117/><V111/><F111/><W61/><G73/><T17/><D34/><U38/><E38/><V116/><F115/><W44/><G108/><T131/><D113/><U18/><E112/><V26/><F116/><W84/><G118/><T72/><D35/><U66/><E66/><V39/><F39/><W8/><G114/><T126/><D31/><U79/><E79/><V91/><F129/><W119/><G119/><T67/><D72/><U57/><E40/><N who="0" m="15401" /><D68/><U102/><E93/><V87/><F133/><W98/><G89/><T59/><D76/><U86/><E86/><V53/><F53/><W46/><G51/><N who="0" m="31231" /><D126/><U80/><E80/><V56/><F71/><W135/><G135/><T74/><D74/><U95/><E95/><V47/><F47/><W32/><G32/><T1/><D1/><U37/><E37/><V69/><F69/><W16/><G45/><T33/><D33/><U25/><E103/><V12/><F12/><W97/><G97/><T28/><D28/><U3/><E102/><V58/><F58/><W21/><G98/><T0/><D99/><U130/><E3/><V109/><F109/><W83/><G96/><T92/><D92/><U106/><E106/><V41/><F41/><W36/><G101/><T132/><D132/><U90/><E90/><V121/><F121/><W110/><G110/><T29/><D29/><U70/><E70/><V4/><F122/><W134/><G134/><T62/><D131/><U123/><E130/><V100/><F100/><W30/><G30/><AGARI ba="0,0" hai="4,11,13,23,26,30,56,60,64,78,81,87,88,91" machi="30" ten="30,7700,0" yaku="7,1,8,1,52,1,54,1" doraHai="2" who="2" fromWho="3" sc="278,0,213,0,178,77,331,-77" /><INIT seed="5,0,0,5,0,46" ten="278,213,255,254" oya="1" hai0="119,130,124,114,51,17,21,134,97,103,65,72,28" hai1="38,12,109,7,69,105,15,20,23,13,80,125,94" hai2="78,48,22,110,90,2,30,81,77,10,132,4,63" hai3="84,104,9,123,120,100,83,70,33,126,96,50,29"/><U54/><E105/><V116/><F110/><W14/><G70/><T74/><D119/><U99/><E69/><V62/><F132/><W11/><G126/><T45/><D28/><U129/><E38/><V101/><F101/><W82/><G82/><T19/><D65/><U98/><E109/><V3/><F3/><W107/><G107/><T58/><D58/><U79/><E7/><V57/><F116/><W40/><G11/><T39/><D39/><U64/><E64/><V61/><F30/><W34/><G34/><T25/><D114/><U66/><E66/><V131/><F22/><N who="1" m="8233" /><E129/><V41/><F131/><W118/><G118/><T106/><D130/><U42/><E42/><V32/><F32/><W117/><G117/><T52/><D134/><U71/><E71/><V60/><F90/><W135/><G135/><T1/><D124/><U53/><E125/><V88/><F63/><W115/><G115/><T89/><D19/><U87/><E98/><V73/><F73/><W47/><G29/><T93/><D1/><U91/><AGARI ba="0,0" hai="12,13,15,53,54,79,80,87,91,94,99" m="8233" machi="91" ten="30,1500,0" yaku="8,1" doraHai="46" who="1" fromWho="1" sc="278,-5,213,15,255,-5,254,-5" /><INIT seed="5,1,0,0,2,23" ten="273,228,250,249" oya="1" hai0="44,50,27,69,93,123,72,24,105,83,122,67,135" hai1="0,34,57,4,87,119,12,112,79,118,120,108,103" hai2="66,99,80,90,111,52,98,115,9,15,2,75,59" hai3="64,100,127,28,42,110,117,68,22,125,114,86,62"/><U45/><E0/><V77/><F111/><W41/><G110/><T116/><D105/><U8/><E108/><V133/><F2/><W5/><G114/><T63/><D135/><U74/><E74/><V60/><F133/><W39/><G39/><T81/><D93/><U91/><E120/><N who="0" m="46121" /><D116/><U131/><E131/><V102/><F115/><W71/><G117/><T107/><D107/><U30/><E112/><V19/><F90/><W1/><G71/><T129/><D129/><U95/><E79/><V70/><REACH who="2" step="1"/><F102/><REACH who="2" ten="273,228,240,249" step="2"/><W78/><G100/><T11/><D83/><U76/><E103/><V55/><F55/><W106/><G1/><T7/><D81/><U61/><E76/><V49/><AGARI ba="1,1" hai="9,15,19,49,52,59,60,66,70,75,77,80,98,99" machi="49" ten="20,5200,0" yaku="1,1,0,1,7,1,54,1,53,0" doraHai="23" doraHaiUra="29" who="2" fromWho="2" sc="273,-14,228,-27,240,65,249,-14" /><INIT seed="6,0,0,2,2,21" ten="259,201,305,235" oya="2" hai0="92,123,130,24,90,38,132,44,115,126,125,103,12" hai1="113,95,94,64,67,11,4,6,28,27,29,104,69" hai2="22,87,53,71,41,105,77,43,116,51,25,59,108" hai3="3,54,23,62,26,97,101,57,10,66,65,114,9"/><V34/><F105/><W102/><G114/><T56/><D123/><U84/><E104/><V15/><F116/><W120/><G120/><T45/><D103/><U52/><E69/><V111/><F71/><W36/><G36/><T55/><D115/><U76/><E113/><V46/><F34/><W61/><G3/><T112/><D112/><U47/><E67/><V83/><F15/><W14/><G14/><T33/><D130/><U75/><E64/><V96/><F96/><W99/><G54/><T131/><D131/><U106/><E75/><V60/><REACH who="2" step="1"/><F41/><REACH who="2" ten="259,201,295,235" step="2"/><W133/><G133/><T5/><D12/><U117/><E117/><V79/><F79/><W107/><G99/><T74/><D33/><U39/><E76/><V80/><F80/><W98/><G98/><T78/><D78/><U19/><E106/><V2/><F2/><W13/><G13/><T30/><D132/><U17/><E95/><V134/><F134/><W122/><G122/><T0/><D0/><U89/><E6/><V16/><AGARI ba="0,1" hai="16,22,25,43,46,51,53,59,60,77,83,87,108,111" machi="16" ten="30,12000,1" yaku="1,1,0,1,52,1,54,1,53,1" doraHai="21" doraHaiUra="20" who="2" fromWho="2" sc="259,-40,201,-40,295,130,235,-40" /><INIT seed="6,1,0,3,1,71" ten="219,161,425,195" oya="2" hai0="28,39,83,114,57,72,65,129,46,73,1,135,132" hai1="82,127,80,113,125,43,22,52,133,111,42,134,18" hai2="24,7,93,130,123,67,104,97,122,64,47,68,50" hai3="59,37,0,95,40,25,29,21,109,131,38,16,27"/><V51/><F104/><W126/><G109/><T12/><D1/><U32/><E111/><V107/><F107/><W69/><G69/><T117/><D114/><U106/><E113/><V86/><F68/><W31/><G0/><T6/><D129/><U14/><E106/><V58/><F7/><W66/><G131/><T102/><D102/><U108/><E32/><V115/><F86/><W118/><G118/><T56/><D28/><U4/><E4/><V9/><F9/><W61/><G126/><N who="1" m="48138" /><E108/><V91/><F115/><W101/><G40/><N who="0" m="22815" /><D117/><U124/><N who="1" m="48146" /><U44/><DORA hai="88" /><E43/><V63/><F67/><W34/><G16/><T92/><D65/><U53/><E82/><V48/><F130/><W45/><G45/><T112/><D83/><U11/><E11/><V20/><REACH who="2" step="1"/><F47/><REACH who="2" ten="219,161,415,195" step="2"/><W78/><G78/><T89/><D6/><U76/><E76/><V41/><F41/><W94/><REACH who="3" step="1"/><G101/><REACH who="3" ten="219,161,415,185" step="2"/><T33/><D112/><U19/><E44/><V100/><F100/><W26/><G26/><T54/><D57/><U36/><E42/><V49/><N who="2" m="12288" /><DORA hai="81" /><V8/><F8/><W98/><G98/><T10/><D56/><U85/><E85/><V110/><F110/><W121/><G121/><T119/><D10/><U5/><E5/><V116/><F116/><W74/><G74/><T60/><D119/><U70/><E70/><V87/><F87/><W90/><G90/><T13/><D73/><U84/><E84/><V128/><F128/><W62/><G62/><T17/><D72/><U35/><E80/><V99/><F99/><W2/><G2/><T105/><D60/><RYUUKYOKU ba="1,2" sc="219,-15,161,-15,415,15,185,15" hai2="20,24,58,63,64,91,93,97,122,123" hai3="21,25,27,29,31,34,37,38,59,61,66,94,95" /><INIT seed="6,2,2,1,4,135" ten="204,146,430,200" oya="2" hai0="103,51,38,15,73,111,46,80,116,93,64,48,99" hai1="63,4,127,132,95,124,108,131,27,107,97,92,122" hai2="49,65,6,85,59,70,40,104,24,32,7,90,13" hai3="129,102,71,114,33,89,125,72,39,31,11,119,36"/><V134/><F134/><W18/><G119/><T118/><D111/><U41/><E108/><V117/><F104/><W126/><G72/><T79/><D64/><U91/><E132/><V35/><F117/><N who="0" m="45162" /><D15/><U56/><E131/><V113/><F35/><W26/><G71/><T115/><D115/><U58/><E107/><V47/><F70/><W0/><G129/><T133/><D133/><U77/><E77/><V57/><F113/><W106/><G114/><T29/><D29/><U42/><E4/><V16/><F24/><W61/><G61/><T22/><D22/><U12/><E122/><V68/><F32/><W84/><G102/><T19/><D19/><U67/><E12/><V82/><F68/><W1/><G106/><T14/><D14/><U60/><E27/><V112/><F112/><W76/><G76/><T44/><D44/><U20/><E20/><N who="2" m="11279" /><F65/><W94/><G18/><T55/><D51/><U62/><E62/><V87/><F87/><W101/><G101/><T123/><D38/><N who="3" m="14377" /><G11/><T109/><D109/><U53/><REACH who="1" step="1"/><E92/><REACH who="1" ten="204,136,430,200" step="2"/><V120/><F120/><AGARI ba="2,3" hai="46,48,55,73,79,80,93,99,103,120,123" m="45162" machi="120" ten="30,1000,0" yaku="12,1" doraHai="135" who="0" fromWho="2" sc="204,46,136,0,430,-16,200,0" /><INIT seed="7,0,0,3,5,43" ten="250,136,414,200" oya="3" hai0="129,135,54,109,10,13,89,33,39,31,44,5,56" hai1="42,120,68,27,127,38,58,18,111,110,128,102,73" hai2="74,113,84,78,82,53,107,121,49,71,83,9,28" hai3="132,123,26,59,103,62,77,130,34,125,51,0,20"/><W75/><G123/><T117/><D117/><U12/><E73/><V65/><F28/><W61/><G0/><T80/><D109/><U19/><E68/><V63/><F107/><W114/><G34/><T30/><D31/><U133/><E120/><V8/><F113/><W25/><G114/><T104/><D30/><U35/><E127/><V22/><F22/><W1/><G1/><T17/><D104/><U112/><E112/><V24/><F24/><W48/><G125/><T29/><D29/><U60/><E128/><V67/><F65/><W40/><G132/><T90/><D80/><U36/><E133/><V14/><F14/><W119/><G119/><T97/><D97/><U11/><E102/><V124/><F121/><W72/><G130/><T88/><D33/><U105/><E105/><V52/><F53/><W81/><G103/><T96/><D54/><U21/><E35/><V3/><F3/><W118/><G118/><T134/><D135/><U116/><E116/><V7/><F7/><W57/><G20/><T85/><D5/><U2/><E2/><V41/><F9/><W47/><G51/><T91/><D10/><U106/><E106/><V46/><F8/><W16/><G16/><T115/><D17/><U37/><REACH who="1" step="1"/><E42/><REACH who="1" ten="250,126,414,200" step="2"/><V101/><F41/><N who="3" m="24687" /><G72/><T32/><D115/><U95/><E95/><V55/><F74/><W4/><G40/><T76/><D129/><U108/><E108/><V50/><F124/><W6/><G75/><T126/><D134/><U15/><E15/><V98/><F101/><W79/><G26/><T87/><N who="0" m="22528" /><DORA hai="131" /><T99/><D126/><RYUUKYOKU ba="0,1" sc="250,-10,126,30,414,-10,200,-10" hai1="11,12,18,19,21,27,36,37,38,58,60,110,111" owari="240,4.0,156,-34.0,414,51.0,190,-21.0" /></mjloggm>