<mjloggm ver="2.3"><GO type="97" lobby="0"/><UN n0="%E4%BF%AE%E6%A5%AD%E4%B8%AD" n1="%4D%2D%53%41%49%4B%41" n2="%E5%B0%B1%E6%B4%BB%E7%94%9F%40%E5%B7%9D%E6%9D%91%E8%BB%8D%E5%9B%A3" n3="%E4%BC%9D%E3%82%8F%E3%82%89%E3%81%AA%E3%81%84%E8%A8%80%E8%91%89" dan="15,14,14,13" rate="2006.18,1882.81,1953.32,1905.59" sx="M,F,M,M"/><TAIKYOKU oya="0"/><INIT seed="0,0,0,1,5,112" ten="250,250,250,250" oya="0" hai0="22,108,57,88,23,134,65,11,118,127,123,68,4" hai1="77,15,38,91,60,6,90,63,95,47,42,72,126" hai2="27,87,25,26,40,5,103,81,20,117,0,49,96" hai3="14,54,78,39,70,55,129,16,75,69,66,13,51"/><T73/><D123/><U34/><E34/><V2/><F5/><W84/><G75/><T41/><D73/><U9/><E126/><V53/><F40/><W130/><G39/><T110/><D68/><U101/><E101/><V124/><F124/><W122/><G13/><N who="0" m="5351" /><D127/><U50/><E91/><V21/><F117/><W132/><G122/><T119/><D41/><U105/><E105/><V114/><F114/><W58/><G132/><T76/><D76/><U33/><E33/><V82/><F2/><W106/><G106/><T115/><D115/><U45/><E45/><V59/><F0/><W64/><G84/><T120/><D120/><U121/><E121/><V102/><F82/><W46/><G78/><T93/><D134/><U31/><E31/><V85/><F85/><W48/><G14/><T98/><D57/><U111/><E111/><N who="0" m="42537" /><D65/><N who="3" m="25193" /><G16/><T18/><D23/><N who="2" m="8778" /><F96/><W100/><G100/><T29/><D29/><U35/><E38/><V1/><F1/><W71/><AGARI ba="0,0" hai="46,48,51,54,55,58,69,70,71,129,130" m="25193" machi="71" ten="40,2700,0" yaku="34,2" doraHai="112" who="3" fromWho="3" sc="250,-13,250,-7,250,-7,250,27" /><INIT seed="1,0,0,4,5,65" ten="237,243,243,277" oya="1" hai0="134,122,107,79,32,4,62,135,2,30,108,31,101" hai1="117,60,28,35,113,17,29,105,97,6,102,103,77" hai2="131,92,46,27,93,22,23,47,8,126,11,64,9" hai3="124,71,66,24,69,120,94,133,118,82,20,1,70"/><U45/><E113/><V56/><F131/><W52/><G120/><T5/><D79/><U100/><E117/><V10/><F126/><W16/><G124/><T21/><D107/><U130/><E130/><V36/><N who="2" m="2560" /><DORA hai="67" /><V51/><F36/><W37/><G37/><T53/><D101/><U89/><E6/><N who="0" m="2665" /><D53/><U68/><E45/><N who="2" m="16907" /><F23/><W14/><G1/><T12/><D62/><U127/><E127/><V50/><F64/><W34/><G133/><N who="0" m="50699" /><D122/><U90/><E77/><V61/><F61/><W78/><G66/><T74/><D74/><U99/><E17/><N who="2" m="12751" /><F56/><W49/><G118/><T83/><D83/><U19/><E102/><V58/><F58/><W95/><G34/><T7/><N who="0" m="2673" /><T48/><DORA hai="76" /><D2/><U38/><E38/><V0/><F0/><W85/><REACH who="3" step="1"/><G14/><REACH who="3" ten="237,243,243,267" step="2"/><T84/><D12/><U3/><E3/><V57/><F51/><W75/><G75/><T91/><D48/><U132/><E132/><V80/><F50/><W33/><G33/><T41/><D32/><U98/><E35/><V43/><F43/><W96/><G96/><T44/><D41/><U109/><E99/><V86/><F57/><AGARI ba="0,1" hai="16,20,24,49,52,57,69,70,71,78,82,85,94,95" machi="57" ten="40,24000,4" yaku="1,1,52,7,54,2,53,2" doraHai="65,67,76" doraHaiUra="81,129,18" who="3" fromWho="2" sc="237,0,243,0,243,-240,267,250" /><INIT seed="2,0,0,5,5,2" ten="237,243,3,517" oya="2" hai0="112,84,54,116,122,50,117,80,29,1,4,134,56" hai1="15,131,79,110,37,104,118,99,39,66,86,9,6" hai2="62,106,88,100,87,72,32,12,68,31,129,98,60" hai3="34,43,26,71,96,132,45,133,52,67,51,64,7"/><V124/><F72/><W8/><G96/><T107/><D107/><U35/><E118/><N who="0" m="45673" /><D122/><U92/><E35/><V28/><F124/><W65/><G34/><T41/><D112/><U55/><E104/><V10/><F129/><W36/><G26/><T93/><D134/><N who="3" m="51817" /><G8/><N who="0" m="2063" /><D29/><U78/><E131/><V42/><F42/><W135/><G7/><T76/><D93/><U115/><E66/><V22/><F31/><W3/><G3/><T0/><D0/><U47/><E115/><V17/><F32/><W74/><G74/><T81/><D81/><N who="1" m="47415" /><E39/><V119/><F68/><W21/><G21/><T75/><D41/><U130/><E37/><V91/><F119/><W127/><G127/><T101/><D101/><U125/><E125/><V111/><F111/><W108/><G108/><T77/><D75/><U95/><E130/><V120/><F120/><W16/><G16/><T73/><D73/><U83/><E110/><V70/><F70/><W61/><G135/><T13/><D13/><U24/><E24/><V63/><F87/><W40/><G40/><T46/><D76/><U109/><E109/><V126/><F126/><W20/><G20/><T27/><D27/><U89/><E95/><V128/><F128/><W113/><G113/><T90/><D77/><U69/><E69/><V114/><F114/><W58/><AGARI ba="0,0" hai="36,43,45,51,52,58,61,64,65,67,71" m="51817" machi="58" ten="30,8000,1" yaku="24,1,20,1,34,2,54,1" doraHai="2" who="3" fromWho="3" sc="237,-20,243,-20,3,-40,517,80" owari="217,-18.0,223,2.0,-37,-54.0,597,70.0" /></mjloggm>